<mjloggm ver="2.3"><GO type="97" lobby="0"/><UN n0="%E5%B0%B1%E6%B4%BB%E7%94%9F%40%E5%B7%9D%E6%9D%91%E8%BB%8D%E5%9B%A3" n1="%E3%83%80%E3%83%96%E3%83%AB%EF%BC%A7%E3%83%AA%E3%83%BC%E3%83%80%E3%83%BC" n2="%5A%61%67%61%74%6F" n3="%E3%82%89%E3%82%80%E3%81%A0%E6%9D%91" dan="15,14,15,15" rate="2049.84,1931.10,1959.85,1949.94" sx="M,M,M,M"/><TAIKYOKU oya="0"/><INIT seed="0,0,0,1,3,55" ten="250,250,250,250" oya="0" hai0="53,91,70,2,97,86,108,29,59,75,5,45,15" hai1="131,32,19,51,31,109,21,94,7,11,0,126,78" hai2="67,129,69,120,76,30,87,85,80,13,23,41,22" hai3="92,44,46,119,58,71,74,33,24,43,39,96,35"/><T68/><D2/><U93/><E109/><V99/><F41/><W101/><G119/><T4/><D75/><U83/><E126/><V79/><F120/><W61/><G74/><T57/><D108/><U123/><E123/><V106/><F129/><W89/><G71/><T54/><D29/><U60/><E131/><V8/><F99/><W124/><G124/><T118/><D118/><U81/><E81/><V135/><F106/><W105/><G44/><T122/><D122/><U62/><E51/><V111/><F135/><W134/><G134/><T121/><D97/><U66/><E62/><V95/><F111/><W90/><G24/><T115/><D45/><U114/><E114/><V103/><F69/><W20/><G20/><T82/><D115/><U52/><E31/><V113/><F113/><W48/><G39/><T98/><D98/><U100/><E32/><V40/><F67/><W133/><G133/><T25/><D25/><U77/><E77/><V72/><F103/><W125/><G125/><T88/><D121/><U17/><E17/><V18/><F72/><W116/><G116/><T112/><D112/><U26/><E100/><V1/><F1/><W127/><G127/><T65/><D15/><U38/><E38/><V56/><F30/><W12/><G12/><T6/><D65/><U117/><E117/><V50/><F76/><W102/><G102/><T107/><D107/><U73/><E52/><N who="0" m="20073" /><D91/><N who="3" m="34825" /><G105/><T3/><D3/><U64/><E64/><V14/><F14/><W47/><G47/><T110/><D110/><U49/><E49/><V42/><F79/><W27/><G27/><RYUUKYOKU ba="0,0" sc="250,10,250,10,250,-30,250,10" hai0="4,5,6,57,59,68,70,82,86,88" hai1="0,7,11,19,21,26,60,66,73,78,83,93,94" hai3="33,35,43,46,48,58,61,92,96,101" /><INIT seed="0,1,0,0,3,97" ten="260,260,220,260" oya="0" hai0="106,10,2,38,98,73,14,79,88,75,92,5,44" hai1="116,64,66,61,29,48,50,120,125,20,3,62,55" hai2="91,90,18,113,39,65,112,68,135,45,16,13,105" hai3="132,82,1,96,123,83,32,85,103,119,87,118,72"/><T41/><D106/><U53/><E3/><V42/><F105/><N who="3" m="63719" /><G1/><T86/><D2/><U67/><E20/><V51/><F135/><W126/><G32/><T17/><REACH who="0" step="1"/><D5/><REACH who="0" ten="250,260,220,260" step="2"/><U94/><E116/><V27/><F113/><W109/><G132/><T121/><D121/><U122/><E125/><V110/><F112/><W24/><G126/><T34/><D34/><U23/><E23/><V12/><F110/><W47/><G109/><T28/><D28/><U43/><E29/><V33/><F33/><W74/><G123/><T81/><AGARI ba="1,1" hai="10,14,17,38,41,44,73,75,79,81,86,88,92,98" machi="81" ten="30,11700,0" yaku="1,1,0,1,54,1,53,1" doraHai="97" doraHaiUra="36" who="0" fromWho="0" sc="250,130,260,-40,220,-40,260,-40" /><INIT seed="0,2,0,5,5,91" ten="380,220,180,220" oya="0" hai0="77,36,133,105,100,74,10,76,31,125,134,112,25" hai1="12,83,53,39,40,132,87,86,26,110,135,72,33" hai2="8,18,1,126,13,27,65,9,11,69,88,121,5" hai3="73,56,7,23,101,50,92,78,41,99,104,127,24"/><T0/><D112/><U35/><E39/><V128/><F69/><W21/><G127/><T19/><D36/><U117/><E40/><V107/><F107/><W70/><G70/><T124/><D105/><U93/><E117/><V45/><F45/><W79/><G73/><T32/><D100/><U115/><E110/><V75/><F75/><W85/><G7/><N who="0" m="1383" /><D74/><U122/><E122/><V49/><F128/><W59/><G23/><N who="0" m="13567" /><D77/><U22/><E115/><V123/><F65/><W66/><G104/><T118/><D76/><U81/><E72/><V15/><F49/><W3/><G85/><T38/><D38/><U14/><E53/><V116/><F88/><W37/><G37/><T67/><D67/><U129/><E129/><V68/><F68/><W16/><G3/><T57/><D57/><N who="3" m="22089" /><G66/><T34/><D118/><U42/><E42/><V55/><F55/><W20/><G20/><T96/><D96/><U47/><E47/><AGARI ba="2,0" hai="16,21,24,41,47,50,78,79,92,99,101" m="22089" machi="47" ten="30,3900,0" yaku="8,1,52,1,54,1" doraHai="91" who="3" fromWho="1" sc="380,0,220,-45,180,0,220,45" /><INIT seed="1,0,0,3,2,46" ten="380,175,180,265" oya="1" hai0="58,27,51,16,36,68,100,30,96,9,122,78,54" hai1="40,94,91,79,72,52,50,114,61,132,73,110,59" hai2="109,98,45,95,117,37,108,116,124,85,101,35,48" hai3="34,33,23,26,119,133,1,74,99,3,17,29,83"/><U75/><E132/><V105/><F35/><W93/><G119/><N who="2" m="45641" /><F95/><W25/><G133/><T104/><D36/><U81/><E114/><V115/><F85/><W38/><G38/><T121/><D68/><U49/><E110/><N who="2" m="42603" /><F124/><W97/><G97/><T47/><D78/><U130/><E130/><V39/><F115/><W63/><G63/><T57/><D9/><U92/><E92/><V55/><AGARI ba="0,0" hai="37,39,45,48,55,98,101,105" m="42603,45641" machi="55" ten="30,2000,0" yaku="14,1,52,1" doraHai="46" who="2" fromWho="2" sc="380,-5,175,-10,180,20,265,-5" /><INIT seed="2,0,0,1,2,69" ten="375,165,200,260" oya="2" hai0="77,125,118,103,101,13,27,113,31,55,17,28,71" hai1="22,95,63,14,132,16,4,123,36,53,102,42,61" hai2="57,83,60,96,49,54,21,93,127,108,64,0,23" hai3="84,38,92,97,45,43,18,128,120,107,112,34,40"/><V75/><F127/><W117/><G117/><T32/><D71/><U100/><E36/><V65/><F0/><W70/><G70/><T41/><D31/><U121/><E42/><V105/><F105/><W66/><G66/><T26/><D113/><U68/><E132/><V76/><F108/><W10/><G34/><T39/><D27/><U85/><E4/><V116/><F116/><W6/><G43/><T134/><D134/><U51/><E68/><V109/><F109/><W94/><G18/><T122/><D122/><N who="1" m="46603" /><E85/><V104/><F104/><W111/><G111/><T29/><D29/><U78/><E78/><V62/><F65/><W24/><G24/><T44/><D77/><U73/><E73/><V50/><F50/><W119/><G119/><T12/><D12/><U5/><E5/><V9/><F9/><W2/><G120/><T37/><D37/><U130/><E130/><V74/><F75/><W87/><G128/><T46/><D125/><U99/><E102/><V47/><F62/><W91/><G107/><T58/><D46/><U8/><E8/><V15/><F15/><W126/><G126/><T25/><D25/><U135/><E135/><V110/><F110/><W98/><REACH who="3" step="1"/><G112/><REACH who="3" ten="375,165,200,250" step="2"/><T56/><D118/><U124/><E124/><V80/><F74/><W106/><G106/><T3/><D26/><U88/><E100/><AGARI ba="0,1" hai="2,6,10,38,40,45,84,87,91,92,94,97,98,100" machi="100" ten="30,3900,0" yaku="1,1,7,1,52,1,53,0" doraHai="69" doraHaiUra="72" who="3" fromWho="1" sc="375,0,165,-39,200,0,250,49" /><INIT seed="3,0,0,4,0,106" ten="375,126,200,299" oya="3" hai0="55,18,45,93,4,115,54,89,90,29,50,24,101" hai1="96,84,31,8,61,95,108,83,2,74,85,135,56" hai2="7,118,59,3,27,131,43,0,73,58,17,75,79" hai3="67,122,9,16,65,26,62,57,126,87,23,52,70"/><W111/><G122/><T86/><D115/><U30/><E108/><V39/><F7/><W102/><G111/><T60/><D4/><U119/><E135/><V124/><F79/><W104/><G126/><T37/><D37/><U94/><E119/><V38/><F124/><W133/><G133/><T35/><D101/><U42/><E42/><V36/><F43/><W6/><G70/><T92/><D18/><U112/><E112/><V128/><F17/><W82/><G102/><T40/><D60/><U125/><E125/><V99/><F99/><AGARI ba="0,0" hai="24,29,35,40,45,50,54,55,86,89,90,92,93,99" machi="99" ten="30,1000,0" yaku="7,1" doraHai="106" who="0" fromWho="2" sc="375,10,126,0,200,-10,299,0" owari="385,48.0,126,-37.0,190,-21.0,299,10.0" /></mjloggm>