<mjloggm ver="2.3"><GO type="41" lobby="0"/><UN n0="%E5%A4%A7%E5%B7%A5%E3%81%AE%E6%BA%90%E3%81%95%E3%82%93" n1="%E3%81%9F%E3%81%8D%E3%81%8A" n2="%E3%83%8F%E3%82%A4%E3%83%86%E3%83%B3%E3%83%9C%E3%83%BC" n3="%E3%82%A6%E3%83%AB%E3%83%88%E3%83%A9%E7%AB%8B%E7%9B%B4" dan="14,14,14,17" rate="1820.72,1897.76,2018.05,2158.95" sx="M,M,M,M"/><TAIKYOKU oya="0"/><INIT seed="0,0,0,3,5,81" ten="250,250,250,250" oya="0" hai0="117,47,120,115,42,135,83,74,67,101,13,19,88" hai1="52,118,16,8,49,11,95,41,26,84,34,87,37" hai2="121,51,29,36,56,23,35,39,111,70,133,99,33" hai3="7,96,127,98,110,132,48,28,119,113,10,3,61"/><T58/><D120/><U103/><E118/><V79/><F70/><W123/><G119/><T53/><D117/><U20/><E34/><V73/><F121/><W72/><G113/><T40/><D115/><U1/><E1/><V2/><F2/><W128/><G72/><T66/><D135/><U80/><E37/><V102/><F73/><W31/><G123/><T44/><D101/><U60/><E41/><V25/><F133/><W108/><G132/><T92/><D83/><U78/><E60/><V129/><F79/><W114/><G114/><T50/><D74/><U15/><E87/><V32/><F129/><W21/><G128/><T125/><D47/><N who="1" m="27711" /><E8/><V69/><F69/><W18/><G61/><T124/><D42/><U75/><E75/><V109/><F51/><W22/><G48/><N who="0" m="26631" /><D124/><U116/><E116/><V0/><F56/><W38/><G38/><T65/><D125/><U105/><E105/><V134/><F0/><W68/><G68/><T93/><D93/><U4/><E4/><V112/><F134/><W55/><G7/><T24/><D24/><U126/><E126/><V90/><F90/><W71/><G3/><T9/><D67/><U64/><E64/><V86/><F112/><W91/><G71/><T77/><D77/><U122/><E122/><V45/><F45/><W130/><G127/><T104/><D104/><U54/><E54/><V5/><F5/><W17/><G55/><T85/><AGARI ba="0,0" hai="9,13,19,50,53,58,65,66,85,88,92" m="26631" machi="85" ten="30,6000,0" yaku="8,1,52,1,54,1" doraHai="81" who="0" fromWho="0" sc="250,60,250,-20,250,-20,250,-20" /><INIT seed="0,1,0,2,3,107" ten="310,230,230,230" oya="0" hai0="112,37,68,38,124,96,23,103,80,43,74,66,118" hai1="56,36,1,92,24,72,79,67,9,57,52,86,77" hai2="106,125,40,134,115,114,78,94,73,65,2,46,0" hai3="70,102,87,120,105,135,126,13,122,123,121,98,61"/><T12/><D118/><U18/><E36/><V19/><F106/><W71/><G126/><T8/><D124/><U99/><E67/><V51/><F65/><W84/><N who="3" m="30720" /><DORA hai="30" /><W119/><G119/><T29/><D112/><U16/><E72/><V116/><F116/><W3/><G3/><T133/><D133/><U100/><E1/><V45/><F125/><W26/><G26/><T129/><D129/><U31/><E86/><N who="3" m="32810" /><G135/><T82/><D82/><U69/><E69/><V34/><F134/><W95/><G61/><T75/><D80/><U109/><E109/><V54/><F2/><W6/><G105/><T5/><D38/><U85/><E85/><V47/><F0/><W111/><G111/><T42/><D42/><U130/><E130/><V33/><F114/><W21/><G21/><T11/><D11/><AGARI ba="1,0" hai="6,11,13,70,71,95,98,102" m="32810,30720" machi="11" ten="60,2000,0" yaku="13,1" doraHai="107,30" who="3" fromWho="0" sc="310,-23,230,0,230,0,230,23" /><INIT seed="1,0,0,2,1,57" ten="287,230,230,253" oya="1" hai0="0,16,123,52,80,63,21,102,113,82,11,130,135" hai1="36,29,44,40,100,35,95,31,81,4,86,67,85" hai2="8,74,19,32,56,43,49,64,7,78,132,111,2" hai3="94,114,120,30,51,77,37,17,126,1,112,48,73"/><U99/><E4/><V110/><F32/><W71/><G120/><T3/><D113/><U101/><E86/><V90/><F132/><W127/><G37/><T58/><D135/><U70/><E101/><V68/><F68/><W104/><G104/><T88/><D130/><U33/><E35/><V45/><F19/><W97/><G1/><T116/><D116/><U128/><E128/><V105/><F105/><W75/><G30/><T92/><D102/><U34/><E34/><V28/><F28/><W25/><G25/><T22/><D22/><U12/><E12/><V115/><F115/><W46/><G17/><T13/><D123/><U129/><E129/><V20/><F20/><W47/><G71/><T93/><D93/><U125/><E125/><V54/><F64/><W119/><G94/><T106/><D106/><U89/><REACH who="1" step="1"/><E33/><REACH who="1" ten="287,220,230,253" step="2"/><V39/><F90/><W109/><G126/><T14/><D3/><U84/><E84/><V62/><F49/><W6/><G127/><T121/><D0/><U55/><E55/><V60/><REACH who="2" step="1"/><F60/><AGARI ba="0,1" hai="29,31,36,40,44,60,67,70,81,85,89,95,99,100" machi="60" ten="40,3900,0" yaku="1,1,52,1,53,0" doraHai="57" doraHaiUra="23" who="1" fromWho="2" sc="287,0,220,49,230,-39,253,0" /><INIT seed="1,1,0,3,2,113" ten="287,269,191,253" oya="1" hai0="21,47,56,110,27,117,32,60,8,93,34,72,17" hai1="11,16,112,97,26,105,132,46,12,33,28,90,41" hai2="122,127,85,3,62,120,0,71,129,135,91,52,57" hai3="40,63,78,79,44,133,94,22,68,24,66,53,61"/><U10/><E112/><V92/><F71/><W119/><G133/><T5/><D72/><U80/><E132/><V83/><F135/><W125/><G125/><T35/><D47/><U104/><E10/><V98/><F127/><W114/><G114/><T51/><D51/><U50/><REACH who="1" step="1"/><E97/><REACH who="1" ten="287,259,191,253" step="2"/><V25/><F129/><W1/><G1/><T30/><D110/><U99/><E99/><V76/><F3/><W7/><G7/><T29/><D8/><U48/><E48/><V23/><REACH who="2" step="1"/><F0/><REACH who="2" ten="287,259,181,253" step="2"/><W45/><G63/><T95/><D60/><U128/><E128/><V65/><F65/><W13/><G61/><T39/><D39/><U123/><E123/><V118/><F118/><W130/><G66/><T69/><D117/><U54/><E54/><V70/><F70/><W82/><G53/><T43/><D69/><U14/><E14/><V86/><F86/><AGARI ba="1,2" hai="11,12,16,26,28,33,41,46,50,80,86,90,104,105" machi="86" ten="40,7700,0" yaku="1,1,54,1,53,1" doraHai="113" doraHaiUra="6" who="1" fromWho="2" sc="287,0,259,100,181,-80,253,0" /><INIT seed="1,2,0,1,2,38" ten="287,359,101,253" oya="1" hai0="97,89,105,125,114,108,31,134,95,123,4,44,65" hai1="73,100,49,15,27,66,110,94,132,50,124,81,10" hai2="25,76,53,46,20,47,70,5,42,85,57,109,18" hai3="135,67,28,45,75,119,120,71,55,56,103,8,69"/><U33/><E124/><V78/><F70/><W2/><G75/><T40/><D114/><U122/><E122/><V22/><F5/><W90/><G103/><T87/><D108/><U102/><E132/><V62/><F109/><W99/><G28/><T54/><D123/><U88/><E73/><V68/><F68/><W29/><G29/><T98/><D125/><U63/><E81/><V129/><F129/><W130/><G130/><T21/><D65/><U77/><E77/><V43/><F22/><W133/><G120/><T104/><D134/><N who="3" m="51209" /><G67/><T36/><D54/><U61/><E110/><V34/><F34/><W80/><G45/><N who="2" m="16905" /><F85/><N who="3" m="50471" /><G99/><T91/><D4/><U113/><E113/><V83/><F83/><W84/><G84/><T111/><D111/><U115/><E115/><V82/><F82/><W121/><G121/><T9/><D9/><U60/><E33/><V128/><F128/><W12/><G2/><T117/><D98/><N who="1" m="57671" /><E27/><V16/><F18/><N who="3" m="8455" /><G119/><T11/><D117/><U1/><E1/><V58/><F58/><W6/><G6/><T74/><D11/><U39/><E39/><V37/><F37/><W86/><G86/><T13/><D74/><U59/><E102/><V0/><F0/><W41/><G71/><T93/><D13/><U118/><E100/><V17/><F17/><W64/><G69/><T96/><D87/><U107/><E107/><V26/><F26/><AGARI ba="2,0" hai="21,26,31,36,40,44,89,91,93,95,96,97,104,105" machi="26" ten="40,2600,0" yaku="9,1,52,1" doraHai="38" who="0" fromWho="2" sc="287,32,359,0,101,-32,253,0" /><INIT seed="2,0,0,3,5,92" ten="319,359,69,253" oya="2" hai0="61,105,19,60,22,90,7,80,30,67,135,124,64" hai1="71,126,11,119,37,111,77,33,8,72,95,21,81" hai2="57,100,39,69,59,89,123,63,112,62,15,103,128" hai3="106,53,110,131,50,46,86,127,26,93,38,132,31"/><V70/><F123/><W54/><G106/><T99/><D135/><U13/><E119/><V51/><F112/><W9/><G110/><T88/><D124/><U20/><E71/><V36/><F15/><W55/><G131/><T83/><D30/><U42/><E33/><V58/><F89/><W114/><G38/><N who="2" m="14377" /><F103/><W96/><G127/><T68/><D7/><U97/><E126/><V117/><F100/><W74/><G132/><T14/><D105/><U115/><E115/><V17/><F17/><W116/><G74/><T1/><D1/><U34/><E34/><V73/><F73/><W47/><G116/><T76/><D76/><U5/><E11/><V35/><F35/><W120/><G120/><T41/><D41/><U91/><REACH who="1" step="1"/><E111/><REACH who="1" ten="319,349,69,253" step="2"/><V45/><F117/><W6/><G114/><T121/><D121/><U85/><E85/><V84/><F84/><W94/><G9/><T125/><D125/><U113/><E113/><V0/><F0/><W10/><G10/><T107/><D68/><N who="2" m="26218" /><F128/><W66/><G86/><T18/><D107/><U109/><E109/><V4/><F4/><W98/><G6/><T28/><D80/><U48/><E48/><V40/><AGARI ba="0,1" hai="40,45,51,57,58,59,62,63" m="26218,14377" machi="40" ten="40,12000,1" yaku="35,5" doraHai="92" who="2" fromWho="2" sc="319,-40,349,-40,69,130,253,-40" /><INIT seed="2,1,0,2,5,109" ten="279,309,199,213" oya="2" hai0="7,124,96,22,66,30,119,59,39,40,44,80,88" hai1="49,127,5,1,130,101,34,35,123,89,47,90,13" hai2="114,10,38,91,36,0,57,45,67,86,24,133,50" hai3="79,69,74,117,52,132,63,8,126,106,21,115,53"/><V29/><F133/><W46/><G106/><T31/><D124/><U107/><E123/><V78/><F78/><W83/><G117/><T32/><D32/><U12/><E127/><V20/><F114/><W62/><G126/><T15/><D119/><U43/><E130/><V95/><F0/><W121/><G121/><T113/><D113/><U65/><E1/><V2/><F67/><W131/><G115/><T99/><D99/><U112/><E112/><V73/><F73/><W14/><G131/><T128/><D128/><U16/><E65/><V70/><F70/><W97/><G132/><T111/><D111/><U135/><E135/><V60/><F57/><W11/><G97/><T68/><D68/><U64/><E64/><V108/><F60/><W75/><G69/><T51/><D39/><U105/><E105/><V3/><F3/><W94/><G94/><T102/><D102/><U120/><E120/><V23/><F23/><W9/><G75/><T104/><D104/><U82/><E82/><V103/><F103/><W134/><G134/><T27/><D7/><U18/><E5/><V37/><F108/><W61/><G46/><T42/><D15/><U58/><E58/><V92/><F2/><W71/><G71/><T48/><D42/><U17/><E107/><V84/><F10/><W25/><REACH who="3" step="1"/><G14/><REACH who="3" ten="279,309,199,203" step="2"/><T4/><D44/><U76/><E12/><V33/><F95/><W98/><G98/><T55/><D96/><U19/><E13/><V77/><F86/><W85/><G85/><T56/><D56/><U110/><E110/><V26/><F84/><W41/><G41/><RYUUKYOKU ba="1,1" sc="279,-10,309,-10,199,-10,203,30" hai3="8,9,11,21,25,52,53,61,62,63,74,79,83" /><INIT seed="3,2,1,2,1,29" ten="269,299,189,233" oya="3" hai0="103,113,68,14,67,108,81,64,46,66,12,2,38" hai1="87,17,18,120,13,42,125,134,133,80,123,52,15" hai2="51,22,11,111,54,100,97,37,3,45,82,128,55" hai3="43,131,114,56,105,9,89,65,117,4,73,0,63"/><W5/><G117/><T129/><D2/><U21/><E42/><V90/><F37/><W35/><G114/><T44/><D113/><U33/><E125/><V76/><F128/><W88/><G131/><T40/><D129/><U98/><E98/><V49/><F22/><W70/><G105/><T16/><D108/><U74/><E74/><V69/><F69/><W10/><G73/><T91/><D14/><U6/><E120/><V34/><F111/><W99/><G35/><T112/><D112/><U41/><E123/><V62/><F62/><W85/><G43/><T121/><D103/><U93/><E41/><V50/><F90/><W119/><G119/><T30/><D30/><U109/><E109/><V83/><F51/><W122/><G122/><T27/><D27/><U7/><E93/><V77/><F11/><W110/><G110/><T59/><D46/><U104/><E104/><V72/><F3/><W31/><G31/><T79/><D91/><U23/><E52/><V26/><F26/><W47/><G47/><T71/><D59/><U78/><E33/><V86/><F34/><W24/><G24/><T19/><D19/><U92/><E92/><V60/><F60/><W107/><G70/><T53/><D53/><U20/><E20/><V126/><F126/><W61/><G61/><T130/><D130/><U39/><E39/><V106/><F50/><W75/><G75/><N who="0" m="43263" /><D121/><U8/><E8/><V116/><F116/><W102/><G85/><T101/><D101/><U124/><E124/><V58/><F58/><W36/><G36/><T84/><D84/><U115/><E115/><RYUUKYOKU ba="2,1" sc="269,0,299,0,189,0,233,0" hai0="12,16,38,40,44,64,66,67,68,71" hai1="6,7,13,15,17,18,21,23,78,80,87,133,134" hai2="45,49,54,55,72,76,77,82,83,86,97,100,106" hai3="0,4,5,9,10,56,63,65,88,89,99,102,107" /><INIT seed="3,3,1,0,3,46" ten="269,299,189,233" oya="3" hai0="90,3,116,77,29,40,80,106,42,84,18,114,25" hai1="9,100,27,91,122,55,48,89,96,82,51,103,130" hai2="62,120,125,107,64,13,53,75,4,23,11,112,60" hai3="39,132,101,43,109,58,83,126,118,133,56,128,129"/><W63/><G118/><T105/><D116/><U127/><E122/><V73/><F112/><W98/><G83/><T121/><D121/><U59/><E127/><V28/><F107/><W33/><G33/><T19/><D3/><U123/><E123/><V97/><F120/><W71/><G126/><T72/><D42/><U0/><E130/><N who="3" m="50282" /><G71/><T49/><D19/><U131/><E131/><V31/><F125/><W21/><G21/><T113/><D18/><U79/><E27/><V74/><F23/><W7/><G7/><T15/><D15/><U78/><E0/><V41/><F41/><W86/><G86/><T104/><D25/><U54/><E9/><V115/><F115/><N who="0" m="44042" /><D29/><U34/><E34/><V135/><F135/><N who="3" m="51787" /><G109/><T110/><D40/><U24/><E24/><V8/><F8/><W6/><G6/><T5/><D5/><U99/><REACH who="1" step="1"/><E82/><REACH who="1" ten="269,289,189,233" step="2"/><V92/><F31/><W2/><G2/><T47/><D110/><U134/><E134/><V52/><F28/><W124/><G124/><T117/><D117/><U30/><E30/><V111/><F111/><W17/><G17/><T26/><D26/><U14/><E14/><V57/><REACH who="2" step="1"/><F62/><REACH who="2" ten="269,289,179,233" step="2"/><W108/><G63/><T76/><D106/><U88/><E88/><AGARI ba="3,3" hai="4,11,13,52,53,57,60,64,73,74,75,88,92,97" machi="88" ten="40,8000,1" yaku="1,1,2,1,54,2,53,0" doraHai="46" doraHaiUra="22" who="2" fromWho="1" sc="269,0,289,-89,179,119,233,0" /><INIT seed="4,0,0,5,5,23" ten="269,200,298,233" oya="0" hai0="104,65,111,16,32,10,11,24,133,31,59,112,93" hai1="69,83,132,55,27,30,33,77,21,85,7,52,37" hai2="134,98,71,101,54,14,86,73,126,68,110,51,29" hai3="74,100,94,53,61,48,42,107,36,135,105,82,2"/><T84/><D104/><U43/><E69/><V76/><F73/><W102/><G2/><T63/><D133/><U117/><E117/><V56/><F110/><W113/><G36/><T64/><D111/><U78/><E132/><V123/><F123/><W72/><G42/><T109/><D109/><U28/><E7/><V106/><F134/><W103/><G61/><T89/><D112/><U13/><E13/><V18/><F29/><W12/><G12/><T97/><D65/><U1/><E1/><V47/><F126/><W34/><G53/><T120/><D120/><U22/><E77/><V79/><F79/><N who="3" m="44391" /><G48/><T130/><D130/><U5/><E5/><V75/><F75/><W99/><G34/><T6/><D6/><U39/><E33/><V114/><F114/><W35/><G35/><T90/><D16/><U9/><E9/><V92/><F47/><W67/><G67/><T80/><AGARI ba="0,0" hai="10,11,24,31,32,59,63,64,80,84,89,90,93,97" machi="80" ten="20,3900,0" yaku="0,1,7,1,52,1" doraHai="23" who="0" fromWho="0" sc="269,39,200,-13,298,-13,233,-13" /><INIT seed="4,1,0,5,1,110" ten="308,187,285,220" oya="0" hai0="135,97,33,90,89,99,134,116,120,0,18,22,10" hai1="96,108,98,121,117,112,92,67,124,12,94,13,30" hai2="59,126,80,2,127,76,14,38,43,79,36,5,62" hai3="4,64,37,103,58,1,105,53,52,32,29,81,60"/><T77/><D120/><U28/><E121/><V88/><F2/><W42/><G4/><T82/><D116/><U72/><E117/><V106/><F106/><W130/><G1/><T35/><D10/><U56/><E108/><V122/><F122/><W65/><G29/><T111/><D0/><U131/><E124/><N who="2" m="47659" /><F5/><W54/><G81/><T24/><D111/><U104/><E104/><V83/><F14/><W49/><G103/><T133/><D90/><U128/><E67/><N who="3" m="25674" /><G32/><N who="0" m="12363" /><D89/><U118/><E118/><V27/><F27/><W50/><G105/><T119/><D119/><U7/><E7/><V63/><F43/><W44/><G130/><T19/><D19/><U66/><E66/><AGARI ba="1,0" hai="37,42,44,49,50,52,53,54,58,60,66" m="25674" machi="66" ten="30,12000,2" yaku="35,5,54,1" doraHai="110" who="3" fromWho="1" sc="308,0,187,-123,285,0,220,123" /><INIT seed="5,0,0,2,2,79" ten="308,64,285,343" oya="1" hai0="124,102,108,2,8,21,130,36,70,65,72,29,87" hai1="82,133,7,131,31,115,84,85,71,77,99,97,66" hai2="43,96,128,22,93,60,49,98,83,132,69,28,63" hai3="12,11,42,111,135,68,26,80,5,19,75,30,64"/><U33/><E131/><V48/><F69/><W92/><G111/><T53/><D108/><U41/><E133/><V114/><F128/><W134/><G42/><T126/><D130/><U13/><E115/><V107/><F107/><W74/><G64/><T94/><D72/><U0/><E41/><V55/><F132/><N who="3" m="50731" /><G68/><T122/><D36/><U24/><E85/><V3/><F3/><W103/><G80/><T117/><D117/><U100/><E100/><V40/><F83/><W27/><G19/><T4/><D122/><U95/><E95/><V10/><F10/><W17/><G17/><T16/><D29/><U73/><E73/><N who="3" m="27658" /><G30/><T116/><D116/><U81/><E82/><V18/><F28/><W76/><G76/><T105/><D53/><U119/><E119/><V90/><F98/><AGARI ba="0,0" hai="5,11,12,26,27,92,98,103" m="27658,50731" machi="98" ten="30,1000,0" yaku="20,1" doraHai="79" who="3" fromWho="2" sc="308,0,64,0,285,-10,343,10" /><INIT seed="6,0,0,5,0,2" ten="308,64,275,353" oya="2" hai0="6,101,113,19,65,110,123,84,91,118,75,115,28" hai1="72,8,82,9,83,106,51,134,117,133,95,112,130" hai2="52,61,25,98,129,93,88,59,11,57,24,49,90" hai3="80,48,116,36,114,131,64,7,41,89,92,78,63"/><V13/><F90/><W21/><G116/><T121/><D65/><U40/><E106/><V35/><F35/><W42/><G36/><T34/><D101/><U81/><E72/><V70/><F70/><W50/><G114/><N who="0" m="43531" /><D75/><U132/><E112/><V119/><F129/><W5/><G80/><N who="1" m="20482" /><U126/><DORA hai="15" /><E117/><V16/><F119/><W96/><G78/><T55/><D55/><AGARI ba="0,0" hai="11,13,16,24,25,49,52,55,57,59,61,88,93,98" machi="55" ten="30,18000,2" yaku="7,1,8,1,52,1,54,3" doraHai="2,15" who="2" fromWho="0" sc="308,-180,64,0,275,180,353,0" /><INIT seed="6,1,0,0,2,45" ten="128,64,455,353" oya="2" hai0="80,1,81,106,83,123,62,126,85,56,69,36,47" hai1="98,132,125,22,128,135,40,133,112,92,104,26,66" hai2="77,44,129,57,134,78,88,117,27,108,41,119,30" hai3="58,18,102,84,99,38,95,111,72,64,76,21,12"/><V29/><F108/><W116/><G38/><T20/><D69/><U130/><E104/><V109/><F109/><W0/><G0/><T23/><D1/><U53/><E66/><V9/><F30/><W122/><G116/><T16/><D123/><U59/><E40/><V110/><F110/><W67/><G111/><T3/><D106/><U120/><E120/><V8/><F129/><N who="1" m="49769" /><E112/><V86/><F134/><N who="1" m="34305" /><U33/><DORA hai="7" /><E33/><V114/><F114/><W51/><G72/><T70/><D20/><U100/><E22/><N who="2" m="15607" /><F57/><W97/><G122/><T2/><D70/><U89/><E26/><V13/><F119/><W31/><G31/><T6/><D126/><U96/><E59/><V60/><F60/><W19/><G19/><T90/><D3/><U63/><E53/><V121/><F121/><W71/><G71/><T4/><D2/><U25/><E63/><V35/><F35/><W39/><G39/><T11/><D36/><U107/><E25/><V105/><F105/><W17/><G58/><T14/><D47/><U52/><E52/><V15/><F117/><W94/><G67/><T50/><D50/><U32/><E32/><V91/><F44/><W55/><G64/><T101/><D4/><U43/><E43/><V127/><F41/><W82/><G55/><N who="0" m="34079" /><D101/><U10/><E10/><V28/><F9/><W87/><G51/><T113/><D113/><U65/><E65/><V49/><F49/><W103/><G18/><T124/><D124/><AGARI ba="1,0" hai="89,92,96,98,100,107,124,125" m="34305,49769" machi="124" ten="50,12000,2" yaku="30,2,19,1,20,1,34,2" doraHai="45,7" who="1" fromWho="0" sc="128,-123,64,123,455,0,353,0" /><INIT seed="7,0,0,3,0,91" ten="5,187,455,353" oya="3" hai0="6,49,89,88,60,41,124,27,30,98,78,54,48" hai1="65,116,121,46,119,47,23,93,99,14,40,20,123" hai2="8,122,95,80,1,83,15,58,59,129,16,120,127" hai3="34,63,113,22,134,76,44,128,39,66,9,61,90"/><W85/><G34/><T82/><D124/><U42/><E65/><V104/><F104/><W35/><G35/><T103/><D6/><U118/><E14/><V4/><F127/><W125/><G125/><T109/><D41/><N who="1" m="15979" /><E93/><V133/><F95/><N who="3" m="54735" /><G39/><T2/><D2/><U43/><E99/><V100/><F100/><W112/><G44/><N who="1" m="16938" /><E43/><V36/><F36/><W45/><G45/><T57/><D109/><U24/><E24/><V5/><F5/><W77/><G9/><T21/><D49/><U108/><E108/><V68/><F68/><W130/><G22/><AGARI ba="0,0" hai="20,22,23,116,118,119,121,123" m="16938,15979" machi="22" ten="40,5200,0" yaku="28,2,12,1" doraHai="91" who="1" fromWho="3" sc="5,0,187,52,455,0,353,-52" owari="5,-49.0,239,-16.0,455,55.0,301,10.0" /></mjloggm>