<mjloggm ver="2.3"><GO type="169" lobby="0"/><UN n0="%E3%83%88%E3%83%88%E3%83%AA%E5%85%88%E7%94%9F%31%39%E6%AD%B3" n1="%E3%82%AF%E3%83%AD%E3%83%8E%E3%82%B9%40" n2="%61%31%33%31%38%34%38" n3="%E3%81%97%E3%82%85%E3%81%86%E3%83%BC%E3%80%82" dan="17,16,16,18" rate="2212.29,2092.55,2100.46,2200.27" sx="F,M,M,M"/><TAIKYOKU oya="0"/><INIT seed="0,0,0,1,1,57" ten="250,250,250,250" oya="0" hai0="108,36,109,125,30,81,84,65,97,105,54,101,92" hai1="103,67,111,135,69,64,38,99,102,14,119,130,122" hai2="75,100,128,24,5,35,120,86,2,13,68,116,133" hai3="6,87,77,79,115,78,29,123,117,27,94,28,3"/><T9/><D36/><U72/><E64/><V107/><RYUUKYOKU type="yao9" ba="0,0" sc="250,0,250,0,250,0,250,0" hai2="2,5,13,24,35,68,75,86,100,107,116,120,128,133" /><INIT seed="0,1,0,3,2,16" ten="250,250,250,250" oya="0" hai0="132,35,91,73,60,24,17,70,105,88,95,85,32" hai1="80,19,65,48,3,36,68,11,45,57,106,4,127" hai2="111,87,77,21,121,122,100,56,116,44,55,69,97" hai3="43,51,130,27,103,82,18,22,112,90,28,1,30"/><T49/><D105/><U115/><E106/><V66/><F111/><W23/><G112/><T9/><D73/><U63/><E115/><V84/><F116/><W102/><G1/><T8/><D132/><U15/><E127/><V47/><F69/><W41/><G130/><T119/><D119/><U89/><E36/><V135/><F66/><W5/><G5/><T71/><D49/><U34/><E34/><V104/><F135/><W0/><G0/><T79/><D79/><U110/><E110/><V6/><F6/><W7/><G7/><T76/><D76/><U117/><E117/><V37/><F122/><W101/><G51/><T96/><D35/><U98/><E68/><V20/><F121/><W128/><G128/><T114/><D114/><U53/><E98/><V46/><F37/><W39/><G39/><T92/><D71/><U118/><E118/><V99/><F97/><W31/><REACH who="3" step="1"/><G23/><REACH who="3" ten="250,250,250,240" step="2"/><N who="0" m="13423" /><D32/><U125/><E125/><V74/><F21/><W42/><G42/><T107/><D107/><U67/><E3/><V50/><F20/><W109/><G109/><T14/><D70/><U93/><E4/><V108/><F108/><W25/><G25/><T59/><D14/><U81/><E48/><V58/><F58/><W64/><G64/><AGARI ba="1,1" hai="8,9,59,60,64,85,88,91,92,95,96" m="13423" machi="64" ten="30,5800,0" yaku="8,1,52,1,54,1" doraHai="16" who="0" fromWho="3" sc="250,71,250,0,250,0,240,-61" /><INIT seed="0,2,0,1,5,114" ten="321,250,250,179" oya="0" hai0="132,93,89,3,5,68,49,111,86,26,113,96,76" hai1="10,128,115,6,106,87,25,32,81,27,57,46,52" hai2="135,70,134,44,0,4,42,40,29,41,53,84,47" hai3="17,129,77,18,30,100,69,125,131,101,91,82,116"/><T59/><D113/><U98/><E128/><N who="3" m="49226" /><G69/><T11/><D68/><U92/><E115/><V122/><F122/><W2/><G2/><T24/><D132/><N who="2" m="50730" /><F70/><W118/><G125/><T83/><REACH who="0" step="1"/><D111/><REACH who="0" ten="311,250,250,179" step="2"/><U66/><E32/><V78/><F40/><W65/><G65/><T105/><D105/><U79/><E106/><V7/><F42/><W54/><G54/><AGARI ba="2,1" hai="3,5,11,24,26,49,54,59,76,83,86,89,93,96" machi="54" ten="40,2000,0" yaku="1,1,53,0" doraHai="114" doraHaiUra="112" who="0" fromWho="3" sc="311,36,250,0,250,0,179,-26" /><INIT seed="0,3,0,4,0,6" ten="347,250,250,153" oya="0" hai0="89,59,76,16,43,135,53,64,68,62,131,101,32" hai1="96,36,114,7,12,106,25,103,117,75,78,4,123" hai2="124,55,107,72,34,3,28,49,60,41,27,109,56" hai3="82,83,126,102,5,100,77,129,80,11,133,86,93"/><T88/><D32/><U18/><E123/><V46/><F109/><W99/><G126/><T33/><D33/><U121/><E117/><V84/><F124/><W17/><G133/><T50/><D131/><U65/><E121/><V70/><F72/><W128/><G17/><T58/><D135/><U47/><E114/><V19/><F107/><W48/><G48/><T71/><D71/><U122/><E122/><V95/><F3/><W45/><G45/><N who="0" m="25919" /><D68/><U0/><E25/><V91/><F70/><W115/><G115/><T42/><D76/><U1/><E65/><V22/><REACH who="2" step="1"/><F34/><REACH who="2" ten="347,250,240,153" step="2"/><W29/><G29/><AGARI ba="3,1" hai="19,22,27,28,29,41,46,49,55,56,60,84,91,95" machi="29" ten="40,5200,0" yaku="1,1,2,1,8,1,53,0" doraHai="6" doraHaiUra="73" who="2" fromWho="3" sc="347,0,250,0,240,71,153,-61" /><INIT seed="1,0,0,4,3,7" ten="347,250,311,92" oya="1" hai0="101,10,103,109,129,42,71,28,82,130,57,75,83" hai1="40,17,66,116,55,74,3,27,58,111,72,49,20" hai2="67,24,117,96,102,118,91,114,18,98,19,45,113" hai3="30,77,70,90,6,104,21,23,115,121,54,93,4"/><U50/><E116/><V79/><F79/><W100/><G70/><T127/><D71/><U14/><E111/><V106/><F67/><W73/><G115/><N who="2" m="44041" /><F45/><W107/><G121/><T78/><D109/><U41/><E3/><V5/><F5/><W35/><G35/><T110/><D110/><U11/><E66/><V80/><F24/><W132/><G132/><T37/><D127/><U61/><E74/><V99/><F19/><W76/><G54/><T122/><D122/><U60/><E72/><V131/><F18/><W89/><G73/><T56/><D28/><U52/><E41/><V44/><F44/><W29/><REACH who="3" step="1"/><G93/><REACH who="3" ten="347,250,311,82" step="2"/><T48/><D75/><U126/><E126/><V13/><F118/><W0/><G0/><T119/><D119/><U43/><E40/><V120/><F120/><W53/><G53/><T32/><D32/><U84/><E43/><V39/><F117/><W62/><G62/><T125/><D125/><U97/><E97/><V16/><F98/><W81/><G81/><T15/><D82/><U64/><E84/><N who="2" m="50567" /><F99/><W8/><G8/><T86/><D48/><N who="1" m="18539" /><E60/><V124/><F124/><W25/><G25/><T1/><D1/><U36/><E36/><V108/><F108/><W65/><G65/><T128/><D42/><U63/><E61/><V33/><F33/><W31/><G31/><AGARI ba="0,1" hai="11,14,17,20,27,31,52,55,58,63,64" m="18539" machi="31" ten="30,5800,0" yaku="8,1,52,1,54,1" doraHai="7" who="1" fromWho="3" sc="347,0,250,68,311,0,82,-58" /><INIT seed="1,1,0,0,4,101" ten="347,318,311,24" oya="1" hai0="108,99,89,127,67,51,36,100,66,111,8,0,129" hai1="110,29,131,130,59,134,56,118,94,93,128,122,106" hai2="5,82,14,24,116,31,45,98,135,54,23,46,22" hai3="52,13,75,91,97,39,1,9,57,27,6,16,104"/><U112/><E118/><V32/><F116/><W12/><G39/><T53/><D36/><U28/><E112/><V105/><F135/><W124/><G75/><T120/><D120/><U103/><E122/><V84/><F5/><W30/><G124/><T42/><D42/><U71/><E71/><V79/><F54/><W102/><G91/><T62/><D127/><U125/><E125/><V126/><F126/><W119/><G119/><T58/><D129/><U3/><E3/><V92/><F105/><W20/><REACH who="3" step="1"/><G30/><REACH who="3" ten="347,318,311,14" step="2"/><N who="1" m="11882" /><E134/><V80/><F32/><W121/><G121/><T60/><D89/><U47/><E110/><V17/><REACH who="2" step="1"/><F82/><REACH who="2" ten="347,318,301,14" step="2"/><W114/><G114/><T18/><D111/><U95/><E47/><V72/><F72/><W88/><G88/><AGARI ba="1,2" hai="14,17,22,23,24,31,45,46,79,80,84,88,92,98" machi="88" ten="30,8000,1" yaku="1,1,7,1,8,1,54,1,53,1" doraHai="101" doraHaiUra="15" who="2" fromWho="3" sc="347,0,318,0,301,103,14,-83" owari="347,15.0,318,-8.0,404,50.0,-69,-57.0" /></mjloggm>