<mjloggm ver="2.3"><GO type="169" lobby="0"/><UN n0="%58%E7%8C%AB" n1="%79%61%6E%6F%70%61%6E" n2="%E3%82%A6%E3%83%AB%E3%83%88%E3%83%A9%E7%AB%8B%E7%9B%B4" n3="%73%69%62%69%79%61" dan="17,16,17,16" rate="2210.38,2134.06,2167.41,2051.84" sx="M,M,M,M"/><TAIKYOKU oya="0"/><INIT seed="0,0,0,3,3,92" ten="250,250,250,250" oya="0" hai0="114,80,21,35,45,44,27,76,75,125,98,28,13" hai1="118,43,48,87,95,134,52,66,59,10,91,123,47" hai2="128,97,4,135,74,51,31,60,57,90,36,50,11" hai3="84,65,110,120,9,131,119,49,58,104,109,116,79"/><T33/><D114/><U124/><E118/><V16/><F36/><W100/><G9/><T17/><D125/><U122/><E124/><V37/><F37/><W88/><G79/><T127/><D127/><U130/><E130/><V107/><F74/><W0/><G0/><T115/><D115/><U83/><E134/><V69/><F69/><W111/><G131/><T61/><D33/><U1/><E66/><V117/><F117/><W82/><G120/><T8/><D61/><U29/><E29/><V12/><F31/><W71/><G71/><T62/><D62/><U68/><E68/><V93/><F135/><W103/><G104/><T112/><D112/><U53/><E53/><V25/><F107/><W105/><G105/><T20/><D20/><U77/><E1/><V73/><F73/><W5/><G5/><T42/><D42/><U38/><REACH who="1" step="1"/><E10/><REACH who="1" ten="250,240,250,250" step="2"/><V70/><F70/><W32/><G116/><T22/><D22/><U24/><E24/><V81/><F128/><W14/><G119/><T85/><D8/><U64/><E64/><V78/><F25/><W7/><G111/><T41/><D41/><U3/><E3/><V132/><F132/><W129/><G109/><T56/><D35/><U89/><E89/><V2/><F2/><W54/><G32/><T34/><D34/><U108/><E108/><V26/><F26/><W113/><G110/><T101/><D28/><U99/><AGARI ba="0,1" hai="38,43,47,48,52,59,77,83,87,91,95,99,122,123" machi="99" ten="20,8000,1" yaku="1,1,0,1,7,1,52,1,54,1,53,0" doraHai="92" doraHaiUra="30" who="1" fromWho="1" sc="250,-40,240,90,250,-20,250,-20" /><INIT seed="1,0,0,5,2,86" ten="210,330,230,230" oya="1" hai0="98,110,91,130,11,77,124,15,8,65,17,4,93" hai1="66,128,6,43,59,61,64,37,73,50,34,52,133" hai2="75,60,46,119,123,38,105,95,49,116,82,26,54" hai3="79,19,20,103,117,67,70,108,68,12,74,94,2"/><U126/><E34/><V81/><F105/><W72/><G2/><T51/><D110/><U7/><E73/><V122/><F82/><W45/><G108/><T55/><D130/><U109/><E109/><V62/><F26/><W48/><G117/><N who="2" m="45129" /><F95/><W0/><G0/><T129/><D129/><U92/><E128/><V23/><F23/><W41/><G79/><T111/><D111/><U32/><E32/><V36/><F81/><W33/><G33/><T99/><D124/><U76/><E76/><V25/><F25/><W134/><G134/><T21/><D77/><U107/><E107/><V42/><F75/><W121/><G121/><N who="2" m="46089" /><F54/><W97/><G72/><T5/><D98/><U90/><E7/><N who="0" m="2633" /><D65/><U56/><E6/><V44/><F44/><AGARI ba="0,0" hai="8,11,15,17,21,44,51,55,91,93,99" m="2633" machi="44" ten="30,2000,0" yaku="8,1,52,1" doraHai="86" who="0" fromWho="2" sc="210,20,330,0,230,-20,230,0" /><INIT seed="2,0,0,4,3,72" ten="230,330,210,230" oya="2" hai0="82,93,58,116,76,61,109,92,99,27,32,8,34" hai1="13,7,22,65,41,4,11,45,75,130,33,105,100" hai2="126,5,16,96,111,49,124,30,26,81,23,114,15" hai3="112,52,132,60,67,44,91,31,28,42,19,97,50"/><V113/><F96/><W55/><G132/><T6/><D109/><U57/><E33/><V25/><F49/><W122/><G122/><T18/><D116/><U134/><E75/><V35/><F81/><W78/><G112/><N who="2" m="43113" /><F111/><W73/><G19/><T131/><D131/><U9/><E105/><V121/><F121/><W119/><G119/><T43/><D43/><U20/><E100/><V117/><F117/><W71/><G73/><T10/><D92/><U86/><E130/><V53/><F53/><W14/><G14/><T54/><D10/><AGARI ba="0,0" hai="5,10,15,16,23,25,26,30,35,124,126" m="43113" machi="10" ten="30,5800,0" yaku="34,2,54,1" doraHai="72" who="2" fromWho="0" sc="230,-58,330,0,210,58,230,0" /><INIT seed="2,1,0,3,1,32" ten="172,330,268,230" oya="2" hai0="111,10,68,118,85,69,80,135,134,77,6,73,38" hai1="19,12,0,62,81,89,65,60,11,129,132,91,122" hai2="3,1,40,99,15,25,97,92,34,107,46,124,50" hai3="95,114,130,102,105,18,61,126,42,115,30,94,37"/><V82/><F124/><W104/><G30/><T26/><D111/><U131/><E132/><N who="0" m="50729" /><D85/><U41/><E122/><V20/><F34/><W57/><G37/><T53/><D53/><U29/><E41/><V93/><F15/><W17/><G42/><T112/><D112/><N who="3" m="43049" /><G130/><N who="1" m="49674" /><E29/><V110/><F82/><W128/><G126/><T72/><D26/><U127/><E127/><V9/><F107/><N who="3" m="41035" /><G128/><T58/><D58/><U16/><E81/><V70/><F70/><N who="0" m="27242" /><D72/><U52/><E65/><V79/><F110/><W28/><G28/><T64/><D64/><U45/><E62/><V113/><F113/><W66/><G95/><T109/><D109/><U2/><E60/><V21/><F25/><W48/><G48/><T67/><D67/><U88/><E19/><V13/><F50/><AGARI ba="1,0" hai="0,2,11,12,16,45,50,52,88,89,91" m="49674" machi="50" ten="30,12000,2" yaku="19,1,52,2,54,3" doraHai="32" who="1" fromWho="2" sc="172,0,330,123,268,-123,230,0" /><INIT seed="3,0,0,2,3,76" ten="172,453,145,230" oya="3" hai0="22,66,37,26,20,21,82,58,8,68,73,86,79" hai1="70,47,94,100,108,17,49,15,23,126,4,74,99" hai2="9,131,40,2,3,1,55,38,67,107,25,112,123" hai3="83,52,89,103,59,130,135,88,13,61,125,72,44"/><W101/><BYE who="2" /><G130/><T56/><D37/><U133/><E108/><UN n2="%E3%82%A6%E3%83%AB%E3%83%88%E3%83%A9%E7%AB%8B%E7%9B%B4" /><V63/><F107/><W48/><G135/><T0/><D73/><U132/><E70/><V33/><F112/><W19/><G125/><T113/><D113/><U119/><E126/><V51/><F123/><W129/><G129/><T90/><D68/><U92/><E119/><V28/><F131/><W11/><G72/><T43/><D43/><U96/><E74/><V14/><F40/><W7/><G7/><T105/><D105/><U45/><E4/><V114/><F38/><W53/><G89/><T93/><D66/><U116/><E116/><V71/><F114/><W27/><G27/><T127/><D127/><U65/><E65/><V41/><F41/><W128/><G128/><T5/><REACH who="0" step="1"/><D26/><REACH who="0" ten="162,453,145,230" step="2"/><U98/><E132/><V18/><REACH who="2" step="1"/><F2/><REACH who="2" ten="162,453,135,230" step="2"/><W16/><G16/><T104/><D104/><U29/><E133/><V97/><F97/><W62/><G62/><T77/><D77/><U102/><E98/><V36/><F36/><W35/><G35/><T12/><D12/><U32/><E32/><V10/><F10/><W85/><AGARI ba="0,2" hai="11,13,19,44,48,52,53,59,61,83,85,88,101,103" machi="85" ten="30,18000,2" yaku="0,1,25,2,8,1,52,1,54,2" doraHai="76" who="3" fromWho="3" sc="162,-60,453,-60,135,-60,230,200" /><INIT seed="3,1,0,5,3,50" ten="102,393,75,430" oya="3" hai0="115,130,3,17,106,60,1,41,5,10,40,6,59" hai1="128,44,104,32,107,36,75,72,48,52,78,64,24" hai2="12,0,85,132,29,66,8,68,129,34,113,30,97" hai3="71,102,90,23,135,47,20,96,37,133,46,2,98"/><W131/><G2/><T25/><D106/><U55/><E36/><V125/><F85/><W123/><G71/><T84/><D115/><U74/><E78/><V7/><F97/><W91/><G123/><T88/><D130/><U126/><E64/><V95/><F95/><W73/><G73/><T19/><D25/><U134/><E128/><V77/><F77/><W103/><G131/><T21/><D19/><U79/><E79/><V31/><F66/><W14/><G14/><T109/><D109/><U114/><E114/><V99/><F99/><W124/><G37/><T45/><D45/><U26/><E134/><V94/><F94/><W89/><G89/><T43/><D21/><U63/><E126/><AGARI ba="1,0" hai="20,23,46,47,90,91,96,98,102,103,124,126,133,135" machi="126" ten="25,2400,0" yaku="22,2" doraHai="50" who="3" fromWho="1" sc="102,0,393,-27,75,0,430,27" /><INIT seed="3,2,0,2,2,65" ten="102,366,75,457" oya="3" hai0="42,58,122,133,87,90,27,34,95,93,51,3,96" hai1="14,12,113,21,108,52,4,120,94,39,104,76,8" hai2="29,72,57,88,41,131,107,50,28,102,81,129,55" hai3="59,40,135,79,63,26,109,74,5,7,36,82,61"/><W85/><G36/><T25/><D3/><U118/><E104/><V110/><F102/><W70/><G40/><T128/><D122/><U24/><E113/><V33/><F107/><W23/><G135/><T2/><D2/><U86/><E120/><V53/><F41/><W54/><G74/><T6/><D6/><U1/><E39/><V66/><F66/><W89/><G109/><T124/><D34/><U19/><E108/><V43/><F43/><W134/><G134/><T37/><D37/><U17/><E118/><V91/><F110/><W132/><G132/><T71/><D124/><U62/><E17/><V92/><F55/><W38/><G38/><T83/><D128/><N who="2" m="49226" /><F33/><W32/><G32/><T100/><D71/><U68/><E68/><V116/><F116/><W130/><G130/><T49/><D49/><U111/><E111/><V77/><F91/><W0/><G0/><T117/><D117/><U47/><E76/><V105/><F105/><W115/><G115/><T64/><D64/><U60/><E1/><V78/><F77/><W30/><G70/><T16/><D42/><U103/><E24/><V45/><F45/><W114/><G114/><T9/><D133/><U119/><E119/><V56/><F56/><N who="3" m="34967" /><G79/><T127/><D127/><U106/><E106/><V84/><AGARI ba="2,0" hai="28,29,50,53,57,72,78,81,84,88,92" m="49226" machi="84" ten="30,2000,0" yaku="19,1,54,1" doraHai="65" who="2" fromWho="2" sc="102,-7,366,-7,75,26,457,-12" /><INIT seed="4,0,0,2,1,82" ten="95,359,101,445" oya="0" hai0="90,51,76,111,47,107,75,94,57,68,43,18,16" hai1="40,104,46,22,2,17,63,80,101,124,123,95,132" hai2="72,36,8,117,91,64,109,5,33,54,114,1,78" hai3="113,108,20,125,42,56,55,13,14,74,118,71,93"/><T133/><D68/><U86/><E123/><V135/><F54/><W116/><G71/><T53/><D133/><U129/><E132/><V119/><F91/><W98/><G74/><T28/><D107/><U34/><E34/><V19/><F19/><W83/><G108/><T120/><D120/><U58/><E2/><V39/><F135/><W12/><G42/><T131/><D131/><U6/><E104/><V87/><F87/><W97/><G83/><T3/><D3/><U59/><E129/><V25/><F64/><W52/><G20/><T127/><D127/><U79/><E124/><V35/><F114/><W62/><G125/><T103/><D103/><U115/><E6/><V9/><F9/><W73/><G73/><T11/><D111/><U7/><E7/><V48/><F48/><W66/><G113/><T67/><D28/><U122/><E122/><V105/><F105/><W70/><G93/><T84/><D67/><U4/><E4/><V110/><F78/><W41/><G41/><T100/><D100/><U49/><E115/><V102/><F102/><W112/><G112/><T45/><D11/><U27/><REACH who="1" step="1"/><E63/><REACH who="1" ten="95,349,101,445" step="2"/><V37/><F35/><W77/><G62/><T29/><D29/><U85/><E85/><V89/><F72/><W44/><G118/><T88/><D75/><U130/><E130/><V60/><F60/><W10/><G116/><T61/><D76/><U126/><E126/><V24/><F117/><W30/><G98/><AGARI ba="0,1" hai="17,22,27,40,46,49,58,59,79,80,86,95,98,101" machi="98" ten="40,8000,1" yaku="1,1,8,1,52,1,53,1" doraHai="82" doraHaiUra="99" who="1" fromWho="3" sc="95,0,349,90,101,0,445,-80" /><INIT seed="5,0,0,2,3,68" ten="95,439,101,365" oya="1" hai0="62,16,73,39,64,123,47,105,90,29,41,97,57" hai1="69,120,21,86,129,59,106,43,0,63,5,48,32" hai2="132,108,84,36,58,25,15,100,134,56,114,109,112" hai3="44,77,96,127,3,107,98,125,42,133,115,27,8"/><U40/><E32/><V103/><F15/><W55/><G115/><N who="2" m="44073" /><F25/><W76/><G27/><T72/><D123/><U28/><E106/><V121/><F84/><W67/><G55/><T102/><D29/><U75/><E86/><V128/><F121/><W60/><G8/><T37/><D90/><U33/><E75/><V87/><F87/><W131/><G3/><T26/><REACH who="0" step="1"/><D39/><REACH who="0" ten="85,439,101,365" step="2"/><U110/><E28/><V31/><F31/><W12/><G127/><T34/><D34/><U7/><E33/><V80/><F36/><W13/><G125/><T24/><D24/><U78/><E120/><V54/><F80/><W111/><G111/><N who="2" m="42569" /><F128/><W22/><G131/><T117/><D117/><U14/><E110/><V6/><F103/><W81/><G76/><T1/><D1/><U94/><E129/><V2/><F100/><W95/><G77/><T10/><D10/><U66/><E78/><V11/><F56/><W124/><G124/><T4/><D4/><U61/><E59/><V82/><F82/><W46/><G81/><T92/><D92/><U38/><E7/><V119/><F119/><W45/><G95/><T91/><D91/><U122/><E5/><V65/><F65/><W135/><G67/><T52/><D52/><U71/><E66/><V30/><F30/><W49/><G13/><T19/><D19/><U99/><E14/><V50/><AGARI ba="0,1" hai="2,6,11,50,54,58,132,134" m="42569,44073" machi="50" ten="40,2700,0" yaku="15,1,11,1" doraHai="68" who="2" fromWho="2" sc="85,-7,439,-13,101,37,365,-7" /><INIT seed="6,0,0,1,4,135" ten="78,426,138,358" oya="2" hai0="32,113,76,116,93,9,110,123,88,97,28,133,6" hai1="94,67,49,1,57,75,63,96,95,31,19,38,103" hai2="66,50,13,99,40,87,58,30,125,20,73,111,112" hai3="45,118,53,108,109,124,26,10,39,106,104,114,74"/><V17/><F73/><W120/><G118/><T115/><D123/><U83/><E38/><V27/><F111/><W33/><G10/><T55/><D110/><U84/><E1/><V100/><F112/><N who="0" m="43082" /><D133/><U121/><E121/><V60/><F87/><W86/><G114/><T7/><D116/><U79/><E31/><V14/><F125/><W12/><G124/><T37/><D37/><U35/><E35/><V25/><F50/><W44/><G39/><T18/><D76/><U61/><E49/><V134/><F40/><W59/><G74/><T119/><D119/><U8/><E8/><V92/><REACH who="2" step="1"/><F134/><REACH who="2" ten="78,426,128,358" step="2"/><W3/><G109/><T126/><D126/><U122/><E122/><V102/><F102/><W131/><G108/><T117/><D117/><U91/><E75/><V41/><F41/><W52/><G86/><T64/><D64/><U78/><E67/><V68/><F68/><W98/><G120/><T11/><D55/><U34/><E84/><V71/><F71/><W70/><G52/><T69/><D69/><U47/><E103/><V23/><AGARI ba="0,1" hai="13,14,17,20,23,25,27,30,58,60,66,92,99,100" machi="23" ten="20,18000,2" yaku="1,1,0,1,7,1,25,2,8,1,53,1" doraHai="135" doraHaiUra="15" who="2" fromWho="2" sc="78,-60,426,-60,128,190,358,-60" /><INIT seed="6,1,0,4,3,53" ten="18,366,318,298" oya="2" hai0="123,109,102,92,105,36,33,50,55,82,131,127,70" hai1="101,54,34,26,75,111,18,31,49,30,74,63,38" hai2="25,64,65,13,41,99,91,110,104,85,45,20,59" hai3="130,10,68,35,46,133,42,93,60,23,21,116,58"/><V19/><F110/><W115/><G116/><T37/><D109/><U77/><E38/><V106/><F106/><W94/><G68/><T132/><D105/><U15/><E111/><V57/><F99/><W2/><G35/><T56/><D123/><U79/><E101/><V11/><F104/><W125/><G133/><T114/><D33/><U9/><E63/><V72/><F72/><W3/><G125/><T121/><D121/><U76/><REACH who="1" step="1"/><E31/><REACH who="1" ten="18,356,318,298" step="2"/><V51/><F65/><W98/><G60/><T108/><D132/><U80/><E80/><N who="2" m="49575" /><F64/><W32/><G130/><T118/><D108/><U97/><E97/><V1/><F1/><W71/><G3/><T126/><D131/><U129/><E129/><V40/><F40/><W113/><G2/><T14/><D118/><U120/><E120/><V119/><F119/><W83/><G42/><T95/><D36/><U117/><E117/><V96/><F96/><W88/><G98/><T5/><D37/><U67/><E67/><V134/><F134/><W6/><G83/><T47/><D126/><U29/><E29/><AGARI ba="1,1" hai="11,13,19,20,25,29,41,45,51,57,59" m="49575" machi="29" ten="30,5800,0" yaku="8,1,52,2" doraHai="53" who="2" fromWho="1" sc="18,0,356,-61,318,71,298,0" /><INIT seed="6,2,0,1,2,111" ten="18,295,389,298" oya="2" hai0="105,70,40,78,74,71,112,73,35,18,29,79,82" hai1="129,41,106,102,90,61,59,49,132,67,117,8,10" hai2="26,55,37,118,42,1,30,19,7,135,15,44,60" hai3="2,20,17,16,38,89,119,68,104,56,27,76,51"/><V28/><F135/><W21/><G68/><T36/><D18/><U33/><E117/><V123/><F123/><W124/><G38/><T134/><D134/><U63/><E132/><V94/><F1/><W103/><G2/><T43/><D43/><U121/><E33/><V109/><F7/><W81/><G119/><T39/><D105/><U88/><E121/><V13/><F13/><W130/><G104/><T14/><D14/><U99/><E129/><V96/><F118/><W11/><G11/><T3/><D3/><U92/><E63/><V97/><F97/><W48/><G103/><T50/><D50/><U32/><E32/><V93/><F93/><W114/><G76/><T128/><D128/><U53/><E41/><V87/><F87/><N who="3" m="50415" /><G130/><T5/><D5/><U95/><E106/><V110/><F110/><W0/><G0/><T108/><D108/><U101/><E101/><V34/><F109/><W127/><G56/><T62/><D62/><U65/><E65/><V91/><F34/><W113/><G48/><T125/><D125/><N who="3" m="48201" /><G51/><T83/><D112/><U122/><E122/><V4/><F60/><W9/><G9/><T100/><D100/><U22/><E22/><N who="2" m="13663" /><F55/><W75/><G75/><T52/><D52/><U12/><E95/><V86/><F37/><W45/><G45/><T23/><D23/><U131/><E131/><V54/><F54/><W126/><G126/><T77/><D77/><U98/><E10/><N who="2" m="4551" /><F44/><W25/><AGARI ba="2,0" hai="16,17,20,21,25,27,113,114" m="48201,50415" machi="25" ten="30,7900,0" yaku="18,1,52,2,54,1" doraHai="111" who="3" fromWho="3" sc="18,-22,295,-22,389,-41,298,85" owari="-4,-50.0,273,-13.0,348,15.0,383,48.0" /></mjloggm>