<mjloggm ver="2.3"><GO type="225" lobby="0"/><UN n0="%E5%B0%B1%E6%B4%BB%E7%94%9F%40%E5%B7%9D%E6%9D%91%E8%BB%8D%E5%9B%A3" n1="%E7%9C%9F%E5%86%AC%E3%81%AE%E5%90%91%E6%97%A5%E8%91%B5" n2="%E5%B7%9D%E6%9D%91%E6%99%83%E8%A3%95%EF%BC%88%E4%B8%A1%E6%96%B9%EF%BC%89" n3="%74%68%79%6D%65%2E" dan="16,16,16,16" rate="2123.82,2101.11,2052.09,2043.09" sx="M,M,M,F"/><TAIKYOKU oya="0"/><INIT seed="0,0,0,1,4,62" ten="250,250,250,250" oya="0" hai0="91,77,132,35,70,78,59,101,19,119,87,33,92" hai1="18,124,1,26,89,66,45,129,79,71,90,109,106" hai2="38,3,39,120,60,86,135,10,64,13,51,14,116" hai3="20,102,100,25,4,107,24,73,32,96,98,0,57"/><T37/><D119/><U12/><E1/><V127/><F120/><W83/><G32/><T80/><D70/><U99/><E109/><V113/><F113/><W40/><G40/><T44/><D132/><U103/><E124/><V111/><F3/><W75/><G0/><T134/><D134/><U133/><E133/><V69/><F135/><W63/><G4/><T53/><D101/><U67/><E129/><V50/><F111/><W93/><G83/><T22/><D44/><U95/><E71/><V94/><F127/><W123/><G123/><T48/><D37/><U23/><E79/><V125/><F125/><W82/><G82/><T130/><D77/><U118/><E118/><V27/><F27/><W74/><REACH who="3" step="1"/><G20/><REACH who="3" ten="250,250,250,240" step="2"/><T21/><D21/><U68/><E68/><V15/><F69/><W88/><G88/><N who="1" m="33898" /><E106/><V61/><F116/><W115/><G115/><T29/><D130/><U105/><E105/><V46/><F39/><W28/><G28/><T131/><D29/><N who="1" m="17631" /><E45/><V31/><F46/><W110/><G110/><T2/><D2/><U108/><E108/><V104/><F38/><W121/><G121/><T56/><D131/><U42/><E42/><V128/><F104/><W52/><AGARI ba="0,1" hai="24,25,52,57,63,73,74,75,93,96,98,100,102,107" machi="52" ten="30,7900,0" yaku="1,1,0,1,54,1,53,1" doraHai="62" doraHaiUra="58" who="3" fromWho="3" sc="250,-39,250,-20,250,-20,240,89" /><INIT seed="1,0,0,3,0,62" ten="211,230,230,329" oya="1" hai0="134,71,135,107,25,111,6,98,47,53,118,94,72" hai1="96,12,86,44,58,131,37,82,17,45,101,7,88" hai2="78,125,36,30,3,80,2,29,120,50,119,123,74" hai3="112,130,18,132,63,97,64,8,24,67,128,52,32"/><U27/><E131/><N who="3" m="50218" /><G132/><N who="0" m="50731" /><D111/><U91/><E37/><V114/><F36/><W15/><G112/><T121/><D118/><U84/><E27/><V129/><F119/><W103/><G52/><T1/><D71/><U42/><E7/><V127/><F129/><W38/><G38/><T23/><D107/><U77/><E58/><V56/><F114/><W48/><G48/><T59/><D72/><U100/><E42/><V102/><F102/><N who="1" m="39529" /><E96/><V79/><F50/><W20/><G63/><N who="0" m="36335" /><D121/><U61/><E61/><V51/><F51/><W22/><G32/><T115/><D115/><U81/><E77/><V34/><F34/><W39/><G39/><T99/><D47/><U19/><E19/><V117/><F56/><W85/><G85/><T113/><D113/><U75/><E75/><V33/><F33/><W68/><G68/><T76/><D76/><U9/><AGARI ba="0,0" hai="9,12,17,44,45,81,82,84,86,88,91" m="39529" machi="9" ten="30,3000,0" yaku="8,1,54,1" doraHai="62" who="1" fromWho="1" sc="211,-10,230,30,230,-10,329,-10" /><INIT seed="1,1,0,3,4,134" ten="201,260,220,319" oya="1" hai0="12,60,107,49,8,96,43,77,46,36,125,86,3" hai1="99,75,111,121,129,128,26,63,64,51,131,73,68" hai2="92,113,112,53,59,94,33,70,132,133,126,101,71" hai3="39,19,31,34,124,82,23,109,108,104,65,32,81"/><U90/><E121/><V47/><F47/><W21/><G124/><T84/><D3/><U4/><E111/><N who="3" m="42570" /><G104/><T56/><D125/><U20/><E4/><V116/><F33/><N who="3" m="12907" /><G39/><T105/><D36/><U24/><E51/><N who="2" m="31167" /><F116/><W48/><G65/><T130/><D130/><U41/><E41/><V27/><F27/><N who="1" m="10281" /><E20/><N who="3" m="7754" /><G31/><T54/><D96/><U30/><E30/><V98/><F126/><W35/><N who="3" m="12915" /><W103/><DORA hai="52" /><G19/><T117/><D117/><U1/><E1/><V6/><F6/><W114/><G114/><N who="2" m="44137" /><F133/><W127/><G127/><T119/><D119/><U102/><E90/><N who="2" m="55575" /><F132/><W44/><G103/><T120/><D120/><U72/><E72/><V85/><F101/><W97/><G97/><T15/><D15/><U25/><E25/><V62/><F70/><W37/><G37/><T122/><D122/><U11/><E11/><V58/><F71/><W87/><G87/><T79/><D105/><AGARI ba="1,0" hai="63,64,68,73,75,99,102,105,128,129,131" m="10281" machi="105" ten="30,1500,0" yaku="19,1" doraHai="134,52" who="1" fromWho="0" sc="201,-18,260,18,220,0,319,0" /><INIT seed="1,2,0,2,2,57" ten="183,278,220,319" oya="1" hai0="134,78,127,32,1,13,130,66,54,81,111,79,61" hai1="69,76,116,70,52,82,18,87,91,6,131,43,74" hai2="55,106,90,7,20,125,71,51,117,105,27,36,62" hai3="60,65,124,58,37,97,23,95,112,41,98,103,63"/><U64/><E116/><V34/><F117/><W75/><G112/><T35/><D1/><U33/><E33/><V84/><F36/><W28/><G75/><T10/><D127/><U31/><E31/><V133/><F34/><W83/><G83/><T30/><D130/><U73/><E43/><V109/><F125/><W86/><G86/><T104/><D104/><U12/><E6/><V59/><F7/><W17/><G28/><T108/><D134/><U56/><E131/><V14/><F109/><N who="0" m="42058" /><D54/><U19/><E64/><N who="2" m="41367" /><F27/><W25/><G37/><T50/><D50/><U29/><E29/><V22/><F20/><W38/><G38/><T68/><D30/><U93/><E74/><V96/><F96/><N who="3" m="59807" /><G41/><T48/><D48/><U3/><E3/><V85/><F85/><W45/><G45/><T89/><D89/><U92/><E92/><N who="2" m="54343" /><F133/><W120/><G120/><T122/><D122/><U102/><E102/><V101/><F101/><W119/><G119/><T5/><D79/><U80/><E80/><V126/><F126/><W46/><G46/><T110/><N who="0" m="42066" /><T114/><DORA hai="0" /><D114/><U121/><E121/><V8/><F106/><W72/><G72/><AGARI ba="2,0" hai="5,10,13,32,35,61,66,68,72,78,81" m="42066" machi="72" ten="40,5200,0" yaku="14,1,52,2" doraHai="57,0" who="0" fromWho="3" sc="183,58,278,0,220,0,319,-58" /><INIT seed="2,0,0,1,0,24" ten="241,278,220,261" oya="2" hai0="131,73,92,70,11,40,93,112,58,12,128,116,87" hai1="35,26,48,17,66,33,49,57,34,129,102,25,81" hai2="127,71,47,67,62,46,88,107,117,118,77,109,54" hai3="133,104,38,103,22,50,126,16,5,72,56,30,20"/><V65/><F107/><W122/><G38/><T68/><D73/><U105/><E129/><N who="0" m="49737" /><D112/><U125/><E125/><V97/><F77/><W124/><G72/><T44/><D116/><N who="2" m="44650" /><F88/><W55/><G122/><T39/><D58/><U82/><E105/><V123/><F97/><N who="3" m="61551" /><G5/><N who="0" m="3183" /><D87/><U69/><E69/><AGARI ba="0,0" hai="39,40,44,68,69,70,92,93" m="3183,49737" machi="69" ten="30,1000,0" yaku="19,1" doraHai="24" who="0" fromWho="1" sc="241,10,278,-10,220,0,261,0" /><INIT seed="3,0,0,3,1,119" ten="251,268,220,261" oya="3" hai0="109,18,78,1,105,35,74,26,135,132,22,100,68" hai1="129,3,19,61,94,37,34,89,104,75,134,27,81" hai2="7,49,71,29,128,122,123,65,79,64,102,28,101" hai3="59,117,56,116,115,4,5,127,88,69,111,73,83"/><W90/><G69/><T120/><D68/><U48/><E37/><V103/><F128/><W125/><G115/><T86/><D74/><U20/><E3/><V60/><F65/><W10/><G111/><T51/><D109/><U112/><E104/><V33/><F79/><W21/><G21/><T8/><D35/><U133/><E112/><V82/><F82/><W36/><G36/><T11/><D120/><N who="2" m="46122" /><F33/><W12/><G73/><T40/><D100/><N who="2" m="25602" /><V38/><DORA hai="124" /><F38/><W62/><G5/><T47/><D105/><U92/><E129/><V96/><F96/><W95/><G83/><N who="0" m="47479" /><D1/><U113/><E81/><V16/><F7/><W107/><G107/><T70/><D70/><U9/><E34/><V58/><F16/><N who="3" m="8215" /><G90/><T45/><D45/><U43/><E89/><V41/><F71/><W54/><G59/><T23/><D23/><U72/><E20/><V114/><F114/><W31/><G4/><T85/><D85/><U80/><E75/><V39/><F39/><W30/><G116/><T106/><D106/><U99/><E72/><V108/><F108/><W42/><G117/><T118/><D118/><U53/><E19/><V6/><F6/><W32/><G32/><T93/><D93/><U66/><E94/><V77/><F77/><W0/><G0/><T126/><D126/><N who="3" m="48137" /><G42/><T110/><D110/><U52/><E43/><V44/><AGARI ba="0,0" hai="28,29,41,44,49,58,60,64" m="25602,46122" machi="44" ten="40,8000,1" yaku="13,1,52,3" doraHai="119,124" who="2" fromWho="2" sc="251,-20,268,-20,220,80,261,-40" owari="231,-17.0,248,5.0,300,40.0,221,-28.0" /></mjloggm>