<mjloggm ver="2.3"><GO type="169" lobby="0"/><UN n0="%E3%81%99%E3%81%9A%E3%82%81%E3%82%AF%E3%83%AC%E3%82%A4%E3%82%B8%E3%83%BC" n1="%E3%81%BE%E3%81%93%E3%81%95%E3%81%A8%76%65%72%32" n2="%E3%82%A6%E3%83%AB%E3%83%88%E3%83%A9%E7%AB%8B%E7%9B%B4" n3="%E3%81%9F%E3%81%91%E3%81%AB%E3%81%8D" dan="19,16,17,16" rate="2249.73,2111.08,2141.01,2119.54" sx="M,M,M,M"/><TAIKYOKU oya="0"/><INIT seed="0,0,0,0,4,32" ten="250,250,250,250" oya="0" hai0="72,106,63,110,75,48,52,5,96,112,93,22,130" hai1="47,117,89,29,31,12,9,126,69,39,60,50,84" hai2="10,34,26,109,30,6,125,64,2,66,92,58,11" hai3="15,95,43,51,82,25,28,100,68,1,62,108,94"/><T0/><D112/><U111/><E117/><V85/><F109/><W103/><G108/><T83/><D106/><U70/><E39/><V133/><F125/><W20/><G15/><T88/><D110/><U101/><E101/><V118/><F118/><W116/><G82/><T33/><D33/><U36/><E36/><V67/><F133/><W49/><G1/><T97/><D97/><U3/><E3/><V120/><F120/><W76/><G76/><T23/><D63/><U21/><E126/><V38/><F38/><W122/><G122/><T79/><D75/><U114/><E114/><V4/><F58/><W55/><G68/><T131/><D22/><U74/><E74/><V8/><REACH who="2" step="1"/><F6/><REACH who="2" ten="250,250,240,250" step="2"/><W65/><G116/><T77/><D77/><U98/><E70/><V13/><F13/><W105/><G25/><T91/><D91/><AGARI ba="0,1" hai="2,4,8,10,11,26,30,34,64,66,67,85,91,92" machi="91" ten="40,5200,0" yaku="1,1,52,1,53,1" doraHai="32" doraHaiUra="90" who="2" fromWho="0" sc="250,-52,250,0,240,62,250,0" /><INIT seed="1,0,0,4,3,70" ten="198,250,302,250" oya="1" hai0="104,14,49,126,93,106,26,30,114,116,50,87,129" hai1="86,94,122,105,55,42,43,16,74,23,98,127,10" hai2="110,131,78,100,54,108,19,9,91,121,39,62,67" hai3="115,128,85,51,56,13,109,82,38,44,125,133,41"/><U135/><E122/><V5/><F121/><W17/><G115/><T79/><D116/><U107/><E74/><V6/><F131/><W60/><G109/><N who="2" m="42089" /><F100/><W124/><G133/><T32/><D114/><U111/><E135/><V63/><F78/><W1/><G1/><T27/><D129/><U12/><E111/><V31/><F31/><W75/><G75/><T89/><D126/><N who="3" m="48745" /><G128/><T103/><D27/><U40/><E127/><V29/><F29/><W2/><G2/><T34/><D34/><U120/><E120/><V61/><F67/><N who="3" m="39303" /><G51/><T18/><D79/><U25/><E86/><V57/><F91/><N who="3" m="51639" /><G13/><T45/><D50/><U73/><E55/><V84/><F84/><W59/><G59/><T77/><D103/><U20/><E73/><V132/><F132/><W28/><G17/><T47/><D47/><U118/><E118/><V65/><F65/><W3/><G3/><T81/><D93/><U58/><E58/><V72/><F72/><W64/><G28/><T36/><D77/><U90/><REACH who="1" step="1"/><E23/><REACH who="1" ten="198,240,302,250" step="2"/><V33/><F54/><W123/><G123/><T83/><D87/><U7/><AGARI ba="0,1" hai="7,10,12,16,20,25,40,42,43,90,94,98,105,107" machi="7" ten="30,11700,0" yaku="1,1,2,1,0,1,54,1,53,0" doraHai="70" doraHaiUra="113" who="1" fromWho="1" sc="198,-39,240,127,302,-39,250,-39" /><INIT seed="1,1,0,1,2,9" ten="159,367,263,211" oya="1" hai0="1,77,95,120,47,45,19,88,53,43,62,54,33" hai1="128,13,59,24,11,63,109,6,81,129,56,4,39" hai2="111,61,133,52,80,68,91,2,31,26,84,89,46" hai3="64,69,119,18,23,35,66,113,100,22,90,17,96"/><U101/><E39/><V57/><F2/><W98/><G35/><T114/><D33/><U76/><E101/><V135/><F111/><W75/><G75/><T12/><D1/><U15/><E109/><V51/><F68/><W122/><G122/><T74/><D114/><U106/><E24/><V86/><F26/><W60/><G113/><T16/><D74/><U40/><E40/><V110/><F31/><W105/><G119/><T36/><D77/><U107/><E59/><V49/><F110/><W8/><G8/><T7/><D120/><U29/><E29/><V58/><F51/><W38/><G38/><T20/><D7/><N who="1" m="2603" /><E11/><V67/><REACH who="2" step="1"/><F58/><REACH who="2" ten="159,367,253,211" step="2"/><W71/><G69/><T72/><D62/><U55/><E107/><V124/><F124/><W104/><G60/><T70/><D70/><U83/><E106/><V103/><F103/><W32/><G71/><T131/><D36/><U92/><E92/><AGARI ba="1,1" hai="46,49,52,57,61,67,80,84,86,89,91,92,133,135" machi="92" ten="40,2600,0" yaku="1,1,54,1,53,0" doraHai="9" doraHaiUra="25" who="2" fromWho="1" sc="159,0,367,-29,253,39,211,0" /><INIT seed="2,0,0,3,4,121" ten="159,338,292,211" oya="2" hai0="122,79,31,86,95,21,69,57,66,134,94,104,32" hai1="130,61,91,88,35,106,120,41,50,30,119,85,5" hai2="133,84,58,48,3,117,65,16,98,129,93,2,127" hai3="68,11,101,55,1,60,113,54,64,15,4,90,105"/><V80/><F117/><W123/><G123/><T34/><D104/><U6/><E106/><V40/><F127/><W20/><G113/><T24/><D122/><U56/><E120/><V42/><F129/><W52/><G90/><T25/><D69/><U36/><E36/><V67/><F133/><W87/><G87/><T114/><D114/><U76/><E119/><V53/><F3/><W22/><REACH who="3" step="1"/><G1/><REACH who="3" ten="159,338,292,201" step="2"/><T118/><D118/><U132/><E132/><V7/><F2/><W116/><G116/><T29/><D134/><U100/><E91/><V23/><F7/><W125/><G125/><T0/><D0/><U12/><E6/><V71/><F84/><W43/><G43/><N who="2" m="16425" /><F80/><W14/><G14/><T13/><D79/><U33/><E12/><N who="2" m="9607" /><F71/><W28/><G28/><T70/><D86/><U51/><E30/><V75/><F75/><W110/><G110/><T47/><D13/><U124/><E85/><V82/><F82/><W99/><AGARI ba="0,1" hai="4,11,15,20,22,52,54,55,60,64,68,99,101,105" machi="99" ten="30,4000,0" yaku="1,1,0,1,54,1,53,0" doraHai="121" doraHaiUra="135" who="3" fromWho="3" sc="159,-10,338,-10,292,-20,201,50" /><INIT seed="3,0,0,1,4,64" ten="149,328,272,251" oya="3" hai0="131,16,80,41,107,14,21,101,129,82,38,112,5" hai1="47,12,113,90,84,6,87,76,9,81,111,116,35" hai2="124,71,24,86,122,92,28,62,88,39,8,61,63" hai3="125,49,77,26,130,123,110,37,3,104,52,18,33"/><W68/><RYUUKYOKU type="yao9" ba="0,0" sc="149,0,328,0,272,0,251,0" hai3="3,18,26,33,37,49,52,68,77,104,110,123,125,130" /><INIT seed="3,1,0,2,5,109" ten="149,328,272,251" oya="3" hai0="102,53,19,105,113,132,126,80,83,39,117,131,78" hai1="98,110,60,70,22,86,82,40,36,49,31,67,100" hai2="21,111,58,24,130,71,62,106,25,65,134,108,96" hai3="91,9,120,97,51,43,6,17,64,30,23,45,26"/><W14/><G120/><T93/><D39/><U0/><E110/><N who="2" m="42027" /><F130/><W8/><G64/><T12/><D117/><U37/><E0/><V79/><F134/><W92/><REACH who="3" step="1"/><G9/><REACH who="3" ten="149,328,272,241" step="2"/><T33/><D131/><U41/><E36/><V11/><F11/><W1/><G1/><T103/><D132/><U54/><E37/><V29/><F71/><W42/><G42/><T28/><D126/><U107/><E41/><V74/><F65/><W127/><G127/><T13/><D53/><U90/><E40/><V46/><F21/><W125/><G125/><T34/><D34/><U63/><E67/><V4/><F4/><AGARI ba="1,1" hai="4,6,8,14,17,23,26,30,43,45,51,91,92,97" machi="4" ten="40,7700,0" yaku="1,1,8,1,53,1" doraHai="109" doraHaiUra="89" who="3" fromWho="2" sc="149,0,328,0,272,-80,241,90" /><INIT seed="3,2,0,0,5,54" ten="149,328,192,331" oya="3" hai0="128,53,11,89,35,5,76,24,73,84,110,56,116" hai1="83,122,106,75,120,3,74,97,58,133,2,52,25" hai2="39,118,61,107,72,87,12,131,57,65,33,15,42" hai3="86,82,30,77,7,71,99,113,20,114,60,64,55"/><W63/><G7/><T104/><D116/><U44/><E133/><V98/><F72/><W69/><G99/><T88/><D104/><U67/><E75/><V43/><F118/><W46/><G46/><T8/><D110/><U27/><E3/><V134/><F131/><W126/><G126/><T40/><D40/><U66/><E2/><V68/><F134/><W127/><G127/><T91/><D73/><U93/><E106/><V21/><F33/><W123/><G123/><T94/><D128/><U79/><E122/><V101/><F68/><W0/><G0/><T16/><D35/><U105/><E105/><V78/><F39/><W32/><G32/><T59/><D59/><U38/><E120/><V37/><F37/><W23/><G30/><T129/><D129/><U49/><E67/><V13/><REACH who="2" step="1"/><F21/><REACH who="2" ten="149,328,182,331" step="2"/><W108/><G23/><N who="0" m="13415" /><D76/><U111/><E111/><V92/><F92/><W41/><G108/><T117/><D117/><U115/><E115/><V95/><F95/><W31/><G69/><T132/><D132/><U14/><E38/><V17/><F17/><W9/><G20/><T62/><D5/><U121/><E121/><V50/><F50/><W80/><G71/><T124/><D124/><U1/><E93/><V28/><F28/><W36/><G31/><T26/><D26/><U29/><E27/><V135/><F135/><W109/><G109/><T47/><D94/><U90/><E25/><V10/><F10/><N who="0" m="3626" /><D84/><U125/><E74/><V103/><F103/><W100/><G86/><T119/><D119/><U6/><E125/><V4/><F4/><W112/><G112/><RYUUKYOKU ba="2,1" sc="149,15,328,-15,182,15,331,-15" hai0="47,53,56,62,88,89,91" hai2="12,13,15,42,43,57,61,65,78,87,98,101,107" /><INIT seed="4,3,1,4,0,64" ten="164,313,197,316" oya="0" hai0="103,119,100,29,32,14,43,60,112,102,56,96,82" hai1="25,85,67,111,117,126,93,19,74,63,73,51,31" hai2="124,90,38,4,22,78,75,80,88,0,69,35,3" hai3="46,28,104,130,81,129,134,125,20,118,116,91,53"/><T86/><D112/><U62/><E111/><V2/><F35/><W16/><G104/><T30/><D119/><U44/><E117/><V36/><F4/><W65/><G28/><T106/><D43/><U58/><E126/><V9/><F9/><W77/><G65/><T128/><D128/><N who="3" m="49257" /><G91/><T34/><D34/><U120/><E120/><V68/><F22/><W40/><G53/><N who="0" m="33807" /><D32/><U94/><E74/><V84/><F124/><W39/><G134/><T131/><D106/><U113/><E73/><V108/><F108/><W42/><G42/><T105/><D105/><U8/><E31/><N who="0" m="11785" /><D131/><U37/><E37/><V15/><F15/><N who="3" m="9247" /><G125/><T57/><D14/><N who="1" m="7623" /><E25/><V83/><REACH who="2" step="1"/><F90/><REACH who="2" ten="164,313,187,316" step="2"/><W17/><G17/><T87/><D96/><U72/><E113/><V13/><F13/><W92/><G118/><T122/><D122/><U1/><E1/><V61/><F61/><W48/><G116/><T114/><D114/><U6/><E6/><V109/><F109/><W7/><G7/><T21/><D21/><U95/><E63/><V97/><F97/><W11/><G11/><T79/><D87/><U71/><E72/><V123/><F123/><W110/><G110/><T23/><D23/><U49/><E85/><V10/><F10/><W89/><G89/><T18/><D18/><U66/><E62/><V70/><AGARI ba="3,2" hai="0,2,3,36,38,68,69,70,75,78,80,83,84,88" machi="70" ten="40,12000,2" yaku="1,1,0,1,52,3,54,1,53,0" doraHai="64" doraHaiUra="121" who="2" fromWho="2" sc="164,-63,313,-33,187,149,316,-33" /><INIT seed="5,0,0,3,2,76" ten="101,280,336,283" oya="1" hai0="58,75,114,109,48,26,101,107,8,62,88,23,0" hai1="126,52,124,30,69,46,131,134,92,82,81,25,91" hai2="28,1,115,97,84,44,12,77,57,15,128,104,89" hai3="35,79,20,11,93,119,105,100,74,45,64,59,106"/><U130/><E69/><V17/><F1/><W98/><G35/><T123/><D109/><U125/><E134/><V87/><F128/><N who="1" m="49193" /><E46/><V110/><F110/><W49/><G11/><T40/><D75/><U73/><E52/><V111/><F111/><W43/><G119/><T34/><D34/><N who="1" m="20815" /><E73/><V2/><F2/><W31/><G59/><T127/><D127/><U21/><E21/><V116/><F57/><W90/><G64/><T68/><D68/><U83/><E92/><V120/><F116/><W47/><G47/><T78/><D23/><U24/><E24/><V72/><F72/><W39/><G20/><T42/><D26/><U135/><E135/><V80/><F44/><W102/><G31/><T53/><D58/><U13/><E13/><V94/><F12/><W70/><G70/><T95/><D0/><U36/><E91/><V86/><F28/><W133/><G133/><T65/><D53/><U16/><E36/><V66/><F66/><W55/><G105/><T51/><D107/><U112/><E112/><V54/><F54/><W41/><G39/><T103/><D114/><U60/><E60/><V71/><F71/><W117/><G100/><T96/><D62/><U10/><E10/><N who="2" m="6391" /><F115/><W61/><G61/><T29/><D65/><U7/><E7/><V22/><F22/><W6/><G6/><T18/><D29/><U5/><E5/><V63/><F63/><W122/><G117/><T4/><D4/><U27/><E27/><V32/><F32/><W121/><G121/><T56/><D123/><U38/><E38/><V3/><F120/><W33/><G122/><RYUUKYOKU ba="0,0" sc="101,-10,280,30,336,-10,283,-10" hai1="16,81,82,83,124,125,126" /><INIT seed="5,1,0,2,1,82" ten="91,310,326,273" oya="1" hai0="124,114,93,115,29,17,130,100,4,97,33,66,105" hai1="49,26,2,101,15,72,53,48,43,86,83,13,3" hai2="41,84,135,64,119,25,70,46,78,28,131,38,71" hai3="62,12,55,80,73,20,42,65,52,10,31,50,61"/><U30/><E72/><V1/><F119/><W120/><G120/><T113/><D4/><U118/><E118/><V9/><F131/><W14/><G73/><T96/><D17/><U104/><E2/><V109/><F109/><W102/><G102/><T74/><D66/><U79/><E3/><V67/><F135/><W27/><G80/><T8/><D8/><U117/><E117/><V16/><F67/><W32/><G32/><T87/><D74/><U128/><E128/><V110/><F110/><W54/><G14/><T19/><D19/><U47/><E101/><V126/><F126/><W63/><G42/><T58/><D58/><U37/><E104/><V116/><F116/><W125/><G125/><T44/><D44/><U39/><E39/><V81/><F64/><W24/><G24/><T95/><D130/><U123/><E123/><V56/><F56/><N who="3" m="32855" /><G65/><T108/><D29/><U45/><REACH who="1" step="1"/><E37/><REACH who="1" ten="91,300,326,273" step="2"/><V112/><F1/><W129/><G129/><T76/><D124/><U6/><E6/><AGARI ba="1,1" hai="6,10,12,20,27,31,52,55,61,62,63" m="32855" machi="6" ten="30,2000,0" yaku="8,1,54,1" doraHai="82" who="3" fromWho="1" sc="91,0,300,-23,326,0,273,33" /><INIT seed="6,0,0,4,3,103" ten="91,277,326,306" oya="2" hai0="126,58,81,77,63,54,56,102,18,92,66,132,52" hai1="99,15,6,49,104,3,94,67,78,61,44,124,122" hai2="5,80,28,121,64,79,22,93,60,134,115,30,135" hai3="72,24,38,101,42,16,112,14,96,123,55,90,41"/><V31/><F121/><W120/><G72/><T65/><D132/><N who="2" m="50730" /><F115/><W106/><G112/><T69/><D126/><U35/><E124/><V84/><F5/><W70/><G70/><T43/><D69/><U86/><E3/><V57/><F93/><W39/><G39/><T8/><D43/><U127/><E35/><V50/><F50/><W117/><G117/><T47/><D47/><U100/><E127/><V95/><F95/><W21/><G90/><T108/><D108/><U71/><E122/><V9/><F9/><W133/><G133/><T113/><D113/><U0/><E0/><V68/><F68/><W37/><G37/><T40/><D40/><U91/><E78/><V74/><F22/><W59/><G42/><T29/><D29/><U75/><E75/><AGARI ba="0,0" hai="28,30,31,57,60,64,74,75,79,80,84" m="50730" machi="75" ten="30,1500,0" yaku="20,1" doraHai="103" who="2" fromWho="1" sc="91,0,277,-15,326,15,306,0" /><INIT seed="6,1,0,0,2,134" ten="91,262,341,306" oya="2" hai0="33,20,83,17,44,61,41,127,77,110,80,51,24" hai1="56,130,123,68,23,129,108,12,3,48,98,81,95" hai2="6,32,71,43,113,104,111,25,22,114,135,72,79" hai3="42,28,1,89,35,97,101,46,116,62,47,122,13"/><V14/><F104/><W70/><G1/><T90/><D110/><U78/><E68/><V40/><F71/><W0/><G0/><T10/><D33/><U74/><E3/><V93/><F135/><W52/><G116/><T132/><D132/><U109/><E123/><V26/><F111/><W60/><G89/><T85/><D61/><U49/><E108/><V91/><F79/><W92/><G35/><T107/><D107/><U121/><E109/><V67/><F72/><W63/><G28/><T50/><D50/><U54/><E121/><V82/><F82/><W128/><G70/><T75/><REACH who="0" step="1"/><D10/><REACH who="0" ten="81,262,341,306" step="2"/><U55/><E49/><V102/><F32/><W126/><G122/><T117/><D117/><U131/><E48/><V106/><F106/><W11/><G63/><T58/><D58/><U105/><E56/><V88/><F114/><W64/><G60/><T59/><D59/><U73/><E105/><V8/><F113/><W76/><G62/><T66/><D66/><U112/><E112/><V57/><F57/><W103/><G64/><T86/><D86/><U84/><E84/><V65/><F67/><W18/><G11/><T87/><D87/><U27/><E74/><V5/><F8/><W120/><G120/><T124/><AGARI ba="1,1" hai="17,20,24,41,44,51,75,77,80,83,85,90,124,127" machi="124" ten="30,12000,2" yaku="1,1,0,1,52,2,53,2" doraHai="134" doraHaiUra="133" who="0" fromWho="0" sc="81,133,262,-31,341,-61,306,-31" /><INIT seed="7,0,0,0,5,55" ten="214,231,280,275" oya="3" hai0="3,43,105,68,64,33,9,18,7,129,98,88,36" hai1="100,95,91,102,110,113,132,35,128,45,1,124,114" hai2="56,31,53,66,96,121,133,12,82,116,29,47,79" hai3="15,69,89,19,0,127,99,107,17,63,111,135,97"/><W126/><G0/><T104/><D129/><U109/><E1/><V23/><F116/><W48/><G135/><T78/><D18/><N who="3" m="6665" /><G15/><T93/><D33/><U37/><E35/><V42/><F66/><N who="3" m="41183" /><G107/><T103/><D78/><U28/><E28/><V75/><F133/><W30/><G30/><T20/><D20/><U115/><E132/><V38/><F121/><W73/><G73/><T13/><D3/><U106/><E128/><V74/><F74/><W11/><G11/><T58/><D68/><U65/><E65/><V67/><F67/><W49/><G111/><N who="1" m="42506" /><E106/><V118/><F118/><W52/><G49/><T71/><D71/><U94/><E124/><N who="3" m="47658" /><G89/><T41/><D36/><U123/><E123/><V57/><F12/><W22/><G22/><T112/><D112/><U34/><E34/><V72/><F23/><W108/><G108/><T92/><D105/><U59/><E91/><V131/><F72/><W85/><G85/><N who="0" m="52239" /><D104/><U81/><E37/><V77/><F131/><W8/><G8/><T50/><D50/><U46/><E81/><V119/><F119/><W122/><G122/><T27/><D27/><U90/><E90/><V16/><F16/><W40/><G40/><T6/><D6/><U86/><E86/><V54/><F79/><W24/><G24/><T134/><D134/><U80/><E80/><V125/><F125/><W117/><G117/><T130/><D130/><U10/><E115/><V76/><F76/><W120/><G120/><T14/><D14/><U70/><E114/><V39/><F39/><W62/><G62/><AGARI ba="0,0" hai="7,9,13,41,43,58,62,64,93,98,103" m="52239" machi="62" ten="30,3900,0" yaku="8,1,52,1,54,1" doraHai="55" who="0" fromWho="3" sc="214,39,231,0,280,0,275,-39" /><INIT seed="8,0,0,5,2,112" ten="253,231,280,236" oya="0" hai0="62,80,38,5,75,15,21,43,73,18,39,36,98" hai1="71,130,76,9,10,105,117,91,108,23,22,128,120" hai2="11,48,65,34,16,7,24,88,58,44,89,119,47" hai3="41,49,29,40,12,46,14,33,2,131,95,17,100"/><T27/><D43/><U103/><E71/><V57/><F119/><W84/><G2/><T28/><D5/><U79/><E108/><V114/><F114/><W122/><G33/><T81/><D98/><N who="1" m="61687" /><E120/><V77/><F77/><N who="1" m="29769" /><E91/><N who="2" m="34891" /><F34/><W37/><G29/><T59/><D75/><U115/><E115/><V64/><F7/><W54/><G122/><T90/><D90/><U135/><E135/><V125/><F125/><W129/><G84/><T101/><D101/><U67/><E67/><N who="2" m="25675" /><F47/><W35/><G35/><T118/><D118/><U116/><E23/><N who="2" m="13415" /><F11/><N who="1" m="4105" /><E22/><V13/><F13/><W97/><G12/><T132/><D132/><U52/><E52/><AGARI ba="0,0" hai="44,48,52,57,58" m="13415,25675,34891" machi="52" ten="30,7700,0" yaku="8,1,54,3" doraHai="112" who="2" fromWho="1" sc="253,0,231,-77,280,77,236,0" owari="253,5.0,154,-35.0,357,46.0,236,-16.0" /></mjloggm>