<mjloggm ver="2.3"><GO type="97" lobby="0"/><UN n0="%E2%80%BB%34%33%33%E2%80%BB" n1="%E5%B0%B1%E6%B4%BB%E7%94%9F%40%E5%B7%9D%E6%9D%91%E8%BB%8D%E5%9B%A3" n2="%E3%83%84%E3%83%8E%E3%82%AB%E3%83%8E%E2%85%A1" n3="%E2%98%86%E3%83%89%E3%83%8A%E3%83%AB%E3%83%89%E6%95%99%E5%BE%92%E2%98%86" dan="15,14,14,14" rate="1952.54,1973.30,1983.33,1920.54" sx="M,M,F,M"/><TAIKYOKU oya="0"/><INIT seed="0,0,0,3,5,52" ten="250,250,250,250" oya="0" hai0="117,135,20,129,112,127,83,82,93,107,53,86,77" hai1="3,92,124,97,118,119,79,5,131,39,28,134,62" hai2="37,30,133,89,58,114,32,88,67,121,24,50,81" hai3="63,110,16,45,40,75,80,61,91,7,33,25,8"/><T18/><D107/><U71/><E39/><V46/><F114/><W94/><G110/><T12/><D112/><U14/><E131/><V109/><F121/><W111/><G111/><T99/><D129/><U69/><E124/><V19/><F109/><W132/><G132/><T26/><D117/><U10/><E134/><V65/><F133/><W42/><G42/><T51/><D127/><U23/><E79/><V13/><F67/><W56/><G63/><T105/><D105/><U2/><E2/><V59/><F65/><W128/><G128/><T130/><D130/><U41/><E41/><V122/><F122/><W4/><G33/><T35/><D135/><U101/><E71/><V103/><F103/><W44/><G75/><T55/><D35/><U108/><E108/><V70/><F70/><W76/><G80/><N who="0" m="47375" /><D26/><U21/><E69/><V47/><F37/><W106/><G76/><T36/><D36/><U113/><E113/><V27/><F27/><W100/><G100/><N who="0" m="60527" /><D53/><U6/><E28/><V96/><F32/><W60/><G106/><T102/><D102/><U90/><E101/><V49/><F30/><W9/><G25/><T43/><D43/><U104/><E104/><V98/><F24/><W84/><G40/><T123/><D123/><U29/><E119/><V1/><F1/><W115/><G115/><T11/><D11/><N who="1" m="2495" /><E118/><V0/><F0/><W74/><G9/><T15/><D15/><U31/><E31/><V22/><F13/><W72/><G8/><T73/><D73/><U87/><E29/><V120/><F120/><W78/><G74/><T95/><D95/><RYUUKYOKU ba="0,0" sc="250,30,250,-10,250,-10,250,-10" hai0="12,18,20,51,55,82,83" /><INIT seed="0,1,0,2,1,48" ten="280,240,240,240" oya="0" hai0="71,11,109,69,113,53,60,130,72,13,99,58,73" hai1="93,41,30,83,44,54,64,17,49,42,115,62,86" hai2="39,104,129,125,32,95,102,63,87,1,36,92,88" hai3="114,119,47,28,18,91,29,15,107,120,77,8,90"/><T38/><D113/><U19/><E115/><V89/><F125/><W127/><G119/><T81/><D38/><U70/><E30/><N who="3" m="11882" /><G107/><T132/><D81/><U84/><E42/><V45/><F129/><W33/><G33/><T50/><D99/><U9/><E9/><V105/><F1/><W55/><G127/><T75/><D130/><U34/><E34/><V98/><F32/><W126/><G126/><T46/><D132/><U118/><E118/><V133/><F133/><W35/><G35/><T111/><D71/><U103/><E41/><V5/><F5/><W26/><G114/><T85/><D85/><U76/><REACH who="1" step="1"/><E86/><REACH who="1" ten="280,230,240,240" step="2"/><V94/><F87/><W52/><G120/><T110/><D72/><U3/><E3/><V59/><F105/><W82/><G47/><T6/><D69/><U27/><E27/><V116/><F116/><W80/><G26/><T0/><D0/><U134/><E134/><V123/><F123/><W31/><G31/><T57/><D75/><U128/><E128/><V20/><F45/><W37/><G37/><T79/><D46/><U22/><E22/><V24/><F39/><W25/><G25/><T117/><D117/><U66/><E66/><V131/><F36/><W43/><G43/><T122/><D122/><U96/><AGARI ba="1,1" hai="17,19,44,49,54,62,64,70,76,83,84,93,96,103" machi="96" ten="30,4000,0" yaku="1,1,0,1,52,1,53,0" doraHai="48" doraHaiUra="4" who="1" fromWho="1" sc="280,-21,230,53,240,-11,240,-11" /><INIT seed="1,0,0,2,5,132" ten="259,283,229,229" oya="1" hai0="65,99,108,16,93,121,101,106,116,33,105,117,81" hai1="43,102,107,110,111,91,115,40,34,112,28,19,89" hai2="44,56,131,86,71,84,122,6,38,0,30,119,75" hai3="97,85,73,26,2,96,27,49,120,57,125,127,29"/><U135/><E135/><V14/><F119/><W98/><G73/><T94/><D33/><U51/><E34/><V104/><F122/><W128/><G2/><T37/><D37/><U67/><E28/><V118/><F118/><W90/><G120/><T24/><D65/><U92/><E67/><V15/><F71/><W61/><G49/><T1/><D1/><U45/><E107/><V70/><F70/><W82/><G128/><T80/><D24/><U42/><E19/><V53/><F75/><W78/><G78/><T47/><D47/><U59/><E102/><V68/><F68/><W41/><G41/><N who="1" m="15978" /><E59/><V22/><F104/><W95/><G82/><T7/><D16/><U77/><E77/><V39/><F131/><W60/><G29/><T103/><D7/><U129/><E129/><V66/><F0/><W36/><G36/><T54/><D54/><U55/><E91/><V87/><F39/><W64/><REACH who="3" step="1"/><G60/><REACH who="3" ten="259,283,229,219" step="2"/><T4/><D121/><U18/><E43/><V46/><F38/><W20/><G20/><T74/><D74/><U76/><E76/><V52/><F30/><W8/><G8/><T3/><D117/><U31/><E31/><V109/><F22/><W124/><AGARI ba="0,1" hai="26,27,57,61,64,85,90,95,96,97,98,124,125,127" machi="124" ten="40,12000,2" yaku="1,1,0,1,18,1,52,3,53,1" doraHai="132" doraHaiUra="63" who="3" fromWho="3" sc="259,-30,283,-60,229,-30,219,130" /><INIT seed="2,0,0,1,4,103" ten="229,223,199,349" oya="2" hai0="31,44,77,47,34,19,11,97,85,82,37,84,76" hai1="62,119,55,68,88,117,45,129,4,63,70,23,80" hai2="87,61,67,10,41,95,69,5,18,25,111,133,64" hai3="2,51,89,75,59,113,92,132,127,38,17,98,6"/><V93/><F133/><W14/><G38/><T86/><D37/><U112/><E4/><V122/><F122/><W65/><G75/><T110/><D110/><U15/><E15/><V73/><F73/><W8/><G132/><T131/><D97/><U50/><E23/><V66/><F41/><W22/><G127/><T0/><D131/><U134/><E134/><V33/><F111/><W42/><G113/><T29/><D34/><U49/><E80/><V53/><F95/><W106/><G106/><T12/><D0/><U125/><E88/><N who="2" m="53407" /><F69/><N who="1" m="26729" /><E112/><V94/><F33/><W96/><G42/><T123/><D123/><U90/><E90/><V79/><F79/><N who="0" m="30282" /><D82/><U118/><E125/><V116/><F116/><W39/><G39/><T54/><D54/><N who="1" m="29999" /><E129/><V115/><F115/><W27/><G2/><T107/><D107/><U102/><E102/><V56/><F94/><W57/><G65/><T24/><D24/><U121/><E121/><V9/><F5/><W13/><G27/><T40/><D40/><U20/><E20/><AGARI ba="0,0" hai="9,10,18,20,25,53,56,61,64,66,67" m="53407" machi="20" ten="30,2900,0" yaku="8,1,54,1" doraHai="103" who="2" fromWho="1" sc="229,0,223,-29,199,29,349,0" /><INIT seed="2,1,0,3,5,80" ten="229,194,228,349" oya="2" hai0="73,103,65,54,29,92,83,69,27,135,116,125,98" hai1="51,58,37,107,68,26,123,8,67,21,119,82,47" hai2="132,122,14,114,86,79,38,25,32,56,81,50,1" hai3="106,104,113,96,128,60,44,134,11,5,30,3,72"/><V19/><F114/><W57/><G128/><T62/><D116/><U2/><E119/><V23/><F122/><W13/><G134/><T133/><D125/><U31/><E107/><V59/><F132/><N who="0" m="50762" /><D54/><U88/><E123/><V76/><F38/><W6/><G72/><T49/><D49/><U126/><E37/><V20/><F1/><W111/><G111/><T99/><D99/><U101/><E126/><V91/><F32/><W63/><G113/><T9/><D9/><U84/><E68/><V120/><F120/><W34/><G44/><T117/><D117/><U55/><E101/><V121/><F121/><W100/><G106/><T129/><D129/><U130/><E130/><V46/><F79/><W94/><G104/><T105/><D105/><U66/><REACH who="1" step="1"/><E47/><REACH who="1" ten="229,184,228,349" step="2"/><V85/><F46/><W74/><G100/><T93/><D103/><U77/><E77/><V0/><F0/><W109/><G3/><T118/><D118/><U28/><E28/><N who="2" m="17447" /><F50/><W39/><G39/><T12/><D29/><U35/><E35/><V102/><F102/><W124/><G34/><T16/><D69/><U131/><E131/><V41/><F41/><W24/><G30/><T17/><D17/><U36/><E36/><V22/><F22/><W48/><G124/><T61/><D16/><U87/><E87/><V18/><F18/><W110/><G11/><T33/><D33/><U10/><E10/><V15/><F15/><W53/><G13/><T52/><D12/><U45/><E45/><V43/><F43/><W7/><G24/><T95/><D27/><U108/><E108/><V64/><F64/><RYUUKYOKU ba="1,1" sc="229,-15,184,15,228,15,349,-15" hai1="2,8,21,26,31,51,55,58,66,67,82,84,88" hai2="14,19,23,56,59,76,81,85,86,91" /><INIT seed="2,2,1,2,4,111" ten="214,199,243,334" oya="2" hai0="50,82,21,73,27,83,19,13,38,91,52,125,87" hai1="79,17,107,100,47,9,104,76,110,94,0,28,122" hai2="84,115,7,66,86,32,29,36,132,1,3,61,64" hai3="93,65,98,12,101,116,102,78,49,57,15,70,77"/><V95/><F132/><W4/><G70/><T103/><D38/><U59/><E110/><V88/><F36/><W81/><G116/><T5/><D125/><U85/><E122/><V123/><F123/><W134/><G134/><T54/><D103/><N who="3" m="39433" /><G81/><N who="0" m="49647" /><D73/><U89/><E28/><V8/><F66/><W2/><G2/><T41/><D41/><U80/><E47/><V30/><F1/><W46/><G65/><T37/><D37/><U119/><E119/><V33/><F84/><W58/><G4/><T71/><D71/><U45/><E45/><V42/><F42/><N who="3" m="24791" /><G12/><T20/><D5/><U109/><E109/><V129/><F129/><W114/><G114/><T63/><D63/><U18/><E104/><V108/><F108/><W40/><G15/><T48/><D54/><U26/><E107/><V25/><F115/><W113/><G113/><T120/><D120/><U43/><E0/><V16/><F30/><W11/><G11/><T6/><D6/><U35/><E35/><V22/><REACH who="2" step="1"/><F29/><REACH who="2" ten="214,199,233,334" step="2"/><W56/><G40/><T97/><D82/><U128/><E43/><V10/><F10/><W72/><G72/><T131/><D83/><U130/><E128/><V68/><AGARI ba="2,2" hai="3,7,8,16,22,25,32,33,61,64,68,86,88,95" machi="68" ten="20,12000,1" yaku="1,1,0,1,7,1,54,2,53,0" doraHai="111" doraHaiUra="127" who="2" fromWho="2" sc="214,-42,199,-42,233,146,334,-42" /><INIT seed="2,3,0,3,4,16" ten="172,157,379,292" oya="2" hai0="131,39,109,7,35,71,34,94,81,93,38,108,85" hai1="91,70,0,111,82,128,80,3,10,119,21,133,78" hai2="13,102,42,28,48,17,37,129,26,47,75,121,4" hai3="132,87,40,14,46,36,8,43,76,96,115,104,20"/><V49/><F121/><W126/><G132/><T135/><D71/><U32/><E32/><N who="0" m="12329" /><D7/><U66/><E119/><V122/><F122/><W1/><G126/><T114/><D114/><U89/><E133/><V54/><F75/><W22/><G1/><T130/><D135/><U61/><E128/><N who="0" m="49193" /><D81/><U105/><E105/><V12/><F129/><W65/><G115/><T45/><D85/><U68/><E111/><N who="0" m="42569" /><D45/><U52/><E70/><V33/><F4/><W90/><G46/><T41/><D41/><U62/><E82/><V15/><F42/><W69/><G43/><T117/><D117/><U83/><E83/><V88/><F47/><W6/><G40/><T57/><D57/><U30/><E89/><V123/><F88/><W9/><G69/><T84/><D84/><U100/><E91/><V27/><F33/><W86/><G87/><T79/><D79/><U72/><E100/><V44/><F102/><W73/><G76/><T11/><D11/><U127/><E10/><V125/><F44/><W56/><G9/><T118/><D118/><U97/><E127/><V5/><F125/><W24/><G86/><T23/><D23/><U116/><E116/><V64/><F5/><W60/><G22/><T99/><D99/><U74/><E74/><V53/><F53/><W55/><G73/><T77/><D77/><U18/><E97/><V2/><F54/><W113/><G113/><T19/><D19/><U58/><E18/><V95/><F17/><W120/><G55/><T25/><D25/><N who="1" m="16687" /><E0/><V50/><F2/><W98/><G98/><T110/><N who="0" m="42577" /><T51/><DORA hai="103" /><D51/><RYUUKYOKU ba="3,0" sc="172,15,157,15,379,-15,292,-15" hai0="38,39,93,94" hai1="3,52,58,61,62,66,68,72,78,80" /><INIT seed="3,4,0,4,5,100" ten="187,172,364,277" oya="3" hai0="75,123,66,122,4,22,135,38,85,110,124,64,103" hai1="116,61,57,69,81,108,41,14,21,43,68,0,51" hai2="76,78,107,15,84,19,118,127,48,29,39,117,90" hai3="88,70,37,5,49,79,30,44,83,7,128,115,131"/><W102/><G37/><T58/><D75/><U12/><E0/><V101/><F39/><W40/><G70/><T52/><D38/><U36/><E116/><V80/><F29/><W87/><G115/><T105/><D124/><U112/><E112/><V106/><F127/><W35/><G102/><T104/><D4/><U91/><E36/><V89/><F48/><W130/><REACH who="3" step="1"/><G79/><REACH who="3" ten="187,172,364,267" step="2"/><T132/><D123/><U93/><E69/><V33/><F78/><W82/><G82/><T6/><D122/><U65/><E108/><V94/><F33/><W59/><G59/><T31/><D103/><U27/><E81/><V17/><F76/><W99/><G99/><T50/><D110/><U95/><E68/><V25/><F118/><W120/><G120/><T23/><D58/><U98/><E93/><V10/><F117/><W45/><G45/><T18/><D105/><U62/><E62/><V63/><F107/><W134/><G134/><T26/><D104/><U67/><E67/><V55/><F106/><W1/><G1/><T97/><D97/><U20/><E51/><V86/><F101/><W121/><G121/><T2/><D66/><U32/><E43/><V74/><F74/><W73/><G73/><T119/><D64/><U109/><E41/><V11/><F63/><W71/><G71/><T129/><D119/><U77/><E77/><V113/><F113/><W46/><G46/><N who="0" m="27735" /><D132/><U8/><E109/><V114/><F114/><W28/><G28/><T54/><D31/><N who="1" m="19583" /><E8/><V56/><F10/><W34/><G34/><T96/><D135/><U3/><E3/><V9/><F11/><RYUUKYOKU ba="4,1" sc="187,-15,172,15,364,-15,267,15" hai1="12,14,20,21,57,61,65,91,95,98" hai3="5,7,30,35,40,44,49,83,87,88,128,130,131" /><INIT seed="3,5,1,5,0,62" ten="172,187,349,282" oya="3" hai0="8,16,65,61,101,120,81,94,131,106,91,25,75" hai1="32,29,93,52,111,33,115,58,109,39,55,90,35" hai2="46,19,7,128,71,121,41,107,97,105,43,15,88" hai3="66,70,76,96,135,12,14,113,27,1,5,98,18"/><W13/><G113/><T37/><D120/><U108/><E115/><V34/><F121/><W11/><G135/><T124/><D37/><U57/><E39/><V114/><F114/><W47/><G76/><N who="0" m="44191" /><D124/><U17/><E17/><V102/><F34/><W122/><G122/><T59/><D131/><U60/><E29/><V92/><F71/><W77/><G77/><T24/><D16/><U73/><E73/><V50/><F128/><W68/><G47/><T80/><D8/><U117/><E117/><V6/><F41/><W9/><G70/><T126/><D80/><U99/><E57/><V45/><F45/><W127/><G127/><T56/><D56/><U48/><E48/><V112/><F107/><W4/><G27/><T116/><D116/><U0/><E0/><V67/><F67/><AGARI ba="5,1" hai="32,33,35,52,55,58,60,67,90,93,99,108,109,111" machi="67" ten="50,6400,0" yaku="14,1,52,1,54,1" doraHai="62" who="1" fromWho="2" sc="172,0,187,89,349,-79,282,0" /><INIT seed="4,0,0,0,2,52" ten="172,276,270,282" oya="0" hai0="20,102,109,111,28,27,6,123,62,7,83,19,72" hai1="8,125,112,78,30,49,127,89,57,69,131,67,36" hai2="117,115,79,15,103,120,73,90,128,133,43,113,26" hai3="60,55,124,58,92,12,75,21,51,85,38,35,50"/><T76/><D123/><U40/><E30/><V106/><F43/><W91/><G75/><T16/><D102/><U18/><E78/><V132/><F15/><W129/><G38/><T70/><D70/><U48/><E131/><V81/><F26/><W88/><G35/><T56/><D6/><U25/><E112/><N who="2" m="43083" /><F120/><W101/><G129/><T13/><D7/><U84/><E69/><V99/><F128/><W0/><G0/><T105/><D105/><U34/><E34/><V42/><F42/><W54/><G124/><N who="1" m="47690" /><E36/><V23/><F23/><W2/><G2/><T11/><REACH who="0" step="1"/><D28/><REACH who="0" ten="162,276,270,282" step="2"/><U80/><E40/><V126/><F126/><W9/><G101/><T53/><AGARI ba="0,1" hai="11,13,16,19,20,27,53,56,62,72,76,83,109,111" machi="53" ten="30,12000,1" yaku="1,1,2,1,0,1,52,1,54,1,53,0" doraHai="52" doraHaiUra="114" who="0" fromWho="0" sc="162,130,276,-40,270,-40,282,-40" /><INIT seed="4,1,0,1,4,50" ten="292,236,230,242" oya="0" hai0="131,115,35,19,38,57,126,88,64,14,45,4,53" hai1="22,10,54,8,25,98,48,120,71,117,79,40,36" hai2="78,112,2,96,104,39,27,68,111,3,29,49,52" hai3="82,59,93,66,11,127,73,62,47,84,31,134,114"/><T99/><D35/><U128/><E71/><V113/><F111/><W24/><G114/><N who="2" m="44137" /><F39/><W7/><G134/><T75/><D75/><U51/><E120/><V90/><F68/><W58/><G127/><T133/><D126/><U135/><E117/><V80/><F104/><W43/><G73/><T124/><D133/><U30/><E128/><V63/><F63/><W103/><G59/><T1/><D64/><U100/><E135/><V77/><F96/><W44/><G103/><T13/><D1/><N who="2" m="10" /><F90/><W116/><G116/><T41/><D131/><U122/><E122/><V130/><F130/><W105/><G105/><T17/><D124/><U0/><E79/><V109/><F109/><W65/><G65/><T6/><D88/><U67/><E67/><V60/><F60/><W102/><G102/><T23/><D99/><U76/><E76/><V87/><F87/><W132/><G132/><T16/><D115/><U26/><E36/><V125/><F80/><W5/><G93/><T121/><D121/><U110/><E0/><V9/><F9/><N who="1" m="3689" /><E110/><V94/><F94/><W21/><G11/><T85/><D85/><U86/><E86/><V32/><F125/><W55/><G66/><T108/><D108/><U12/><E98/><V92/><F92/><W106/><G106/><T123/><D123/><U89/><E89/><V91/><F91/><N who="3" m="51607" /><G43/><T33/><D41/><U119/><E100/><V20/><F32/><W34/><G34/><T61/><D33/><N who="1" m="20687" /><E119/><V95/><F95/><W46/><AGARI ba="1,0" hai="5,7,21,24,31,44,46,47,55,58,62" m="51607" machi="46" ten="30,2000,0" yaku="8,1,52,1" doraHai="50" who="3" fromWho="3" sc="292,-11,236,-6,230,-6,242,23" /><INIT seed="5,0,0,0,0,17" ten="281,230,224,265" oya="1" hai0="57,79,101,113,65,100,64,40,0,111,49,131,69" hai1="67,21,117,120,41,20,32,62,44,135,87,68,26" hai2="105,36,118,92,30,116,81,83,60,76,51,58,124" hai3="82,93,50,9,114,1,43,55,104,23,127,18,123"/><U16/><E117/><V102/><F36/><W14/><G104/><T110/><D0/><U66/><E120/><V86/><F124/><W45/><G123/><T112/><D79/><U75/><E75/><V98/><F51/><W46/><G114/><N who="0" m="44139" /><D131/><U133/><E32/><V73/><F30/><W53/><G127/><T54/><D40/><U107/><E107/><V27/><F27/><W12/><G1/><T63/><D65/><U7/><E7/><V106/><F58/><W71/><G71/><T84/><D84/><U37/><E67/><V95/><F60/><W8/><G82/><T103/><AGARI ba="0,0" hai="49,54,57,63,64,69,100,101,103,110,111" m="44139" machi="103" ten="30,1100,0" yaku="15,1" doraHai="17" who="0" fromWho="0" sc="281,11,230,-5,224,-3,265,-3" /><INIT seed="6,0,0,5,5,70" ten="292,225,221,262" oya="2" hai0="24,104,14,122,51,49,30,55,101,111,115,11,112" hai1="114,50,13,37,127,117,45,40,106,12,119,113,105" hai2="25,123,76,15,97,129,118,84,32,66,131,43,46" hai3="98,39,18,99,85,56,80,7,62,23,33,8,26"/><V91/><F118/><N who="1" m="45065" /><E127/><V64/><F123/><W83/><G33/><T90/><D122/><U93/><E93/><N who="2" m="56511" /><F15/><N who="1" m="5705" /><E50/><N who="2" m="26975" /><F32/><W96/><G39/><T102/><D90/><U124/><E124/><V41/><F41/><W54/><REACH who="3" step="1"/><G85/><REACH who="3" ten="292,225,221,252" step="2"/><T3/><D115/><AGARI ba="0,1" hai="37,40,45,105,106,113,114,115" m="5705,45065" machi="115" ten="30,2000,0" yaku="15,1,52,1" doraHai="70" who="1" fromWho="0" sc="292,-20,225,30,221,0,252,0" /><INIT seed="7,0,0,1,3,110" ten="272,255,221,252" oya="3" hai0="37,1,42,69,105,113,62,70,46,56,129,116,97" hai1="10,49,3,47,76,103,60,28,80,118,9,21,22" hai2="134,55,86,132,125,107,130,63,135,117,7,68,67" hai3="17,123,90,52,87,14,34,36,75,16,8,15,30"/><W102/><G36/><T71/><D1/><U20/><E118/><V83/><F117/><W74/><G123/><T61/><D97/><U92/><E28/><V12/><F125/><W119/><G119/><T66/><D105/><U41/><E3/><V4/><F130/><W94/><G102/><T2/><D2/><U72/><E103/><V43/><F107/><W91/><G34/><T108/><D116/><U120/><E120/><V39/><F55/><W13/><G30/><T77/><D77/><U44/><E92/><V6/><F12/><W33/><G33/><T100/><D100/><U64/><REACH who="1" step="1"/><E44/><REACH who="1" ten="272,245,221,252" step="2"/><N who="2" m="23679" /><F4/><W127/><G94/><T23/><D46/><U45/><E45/><V78/><AGARI ba="0,1" hai="6,7,63,67,68,78,83,86,132,134,135" m="23679" machi="78" ten="30,1100,0" yaku="20,1" doraHai="110" who="2" fromWho="2" sc="272,-3,245,-3,221,21,252,-5" owari="269,37.0,242,-16.0,242,-26.0,247,5.0" /></mjloggm>