<mjloggm ver="2.3"><GO type="97" lobby="0"/><UN n0="%E5%B0%B1%E6%B4%BB%E7%94%9F%40%E5%B7%9D%E6%9D%91%E8%BB%8D%E5%9B%A3" n1="%E3%81%82%E3%82%8F%E3%81%82%E3%82%8F%E2%98%86" n2="%E3%81%8F%E3%82%89%E3%81%8F%E3%82%89" n3="%E5%B0%8A%E6%95%AC%E8%80%85%E3%81%AF%E5%B7%9D%E6%9D%91" dan="15,14,14,14" rate="2002.87,1903.48,1950.52,1886.68" sx="M,F,M,M"/><TAIKYOKU oya="0"/><INIT seed="0,0,0,3,4,43" ten="250,250,250,250" oya="0" hai0="63,110,55,66,117,126,93,39,99,101,106,96,32" hai1="26,118,83,75,34,29,42,16,116,129,122,69,82" hai2="59,76,88,121,41,52,54,5,9,10,61,81,7" hai3="71,1,115,53,67,46,27,49,86,134,64,108,107"/><T120/><D32/><U30/><E122/><V47/><F121/><W58/><G115/><T119/><D120/><U33/><E69/><V37/><F54/><N who="3" m="30007" /><G1/><T127/><D39/><U48/><E129/><V57/><F57/><W123/><G71/><T14/><D55/><U62/><E62/><V45/><F41/><W18/><G107/><T133/><D133/><U103/><E103/><V98/><F37/><W77/><G123/><T12/><D110/><U2/><E2/><V25/><F25/><W94/><G134/><T105/><D117/><U100/><E100/><V89/><F76/><W70/><G70/><T56/><D119/><U22/><E33/><V35/><F35/><W91/><G77/><T17/><D14/><U60/><E30/><V38/><F38/><W112/><G108/><T40/><D40/><U65/><E118/><V68/><F68/><W13/><G27/><T87/><D87/><U135/><E75/><V4/><F89/><W104/><G104/><T128/><D128/><U79/><E116/><V95/><REACH who="2" step="1"/><F81/><REACH who="2" ten="250,250,240,250" step="2"/><W11/><G112/><T85/><D85/><U6/><E79/><V24/><F24/><W109/><G109/><T15/><D15/><U111/><E26/><V73/><F73/><W0/><G0/><T124/><REACH who="0" step="1"/><D99/><REACH who="0" ten="240,250,240,250" step="2"/><U72/><E135/><V51/><F51/><AGARI ba="0,2" hai="11,13,18,51,53,58,64,67,86,91,94" m="30007" machi="51" ten="30,2000,0" yaku="8,1,52,1" doraHai="43" who="3" fromWho="2" sc="240,0,250,0,240,-20,250,40" /><INIT seed="1,0,0,2,2,40" ten="240,250,220,290" oya="1" hai0="94,17,23,82,132,76,50,4,125,120,126,37,45" hai1="87,28,78,55,97,46,41,68,131,49,108,39,14" hai2="20,122,92,13,115,60,79,116,118,21,29,110,109" hai3="63,124,19,100,129,54,3,98,72,43,70,113,24"/><U31/><E68/><V2/><F79/><W15/><G113/><T117/><D117/><N who="2" m="45162" /><F60/><W128/><G3/><T101/><D37/><U44/><E131/><N who="3" m="50250" /><G72/><T26/><D4/><U114/><E114/><V134/><F115/><W36/><G124/><N who="0" m="47723" /><D132/><U105/><E108/><N who="2" m="41579" /><F134/><W61/><G24/><T81/><D120/><U84/><E14/><V90/><F122/><W69/><G54/><N who="0" m="30031" /><D76/><U7/><E7/><V0/><F29/><W62/><G43/><T80/><D94/><U27/><E31/><V38/><F38/><W127/><G36/><T133/><D133/><U1/><E1/><N who="2" m="619" /><F13/><W64/><G127/><T123/><D123/><U11/><E11/><V121/><F121/><W75/><G64/><T10/><D10/><U53/><E55/><V16/><F16/><W18/><G18/><T130/><D130/><U66/><E66/><V22/><F92/><N who="3" m="58439" /><G75/><T8/><D8/><AGARI ba="0,0" hai="8,15,19,61,62,63,69,70" m="58439,50250" machi="8" ten="30,1000,0" yaku="19,1" doraHai="40" who="3" fromWho="0" sc="240,-10,250,0,220,0,290,10" /><INIT seed="2,0,0,2,2,15" ten="230,250,220,300" oya="2" hai0="33,19,125,92,52,104,5,34,124,10,39,49,87" hai1="67,121,96,101,66,90,113,77,35,29,46,126,93" hai2="91,82,99,55,63,13,40,110,89,25,54,1,53" hai3="60,135,98,80,76,123,59,21,119,28,75,116,16"/><V18/><F1/><W118/><G123/><T61/><D104/><U41/><E121/><V133/><F133/><W20/><G135/><T95/><D39/><U128/><E113/><V134/><F134/><W56/><G98/><T9/><D61/><U45/><E128/><V69/><F110/><W58/><G28/><T23/><D34/><U83/><E126/><N who="0" m="48745" /><D33/><U108/><E108/><V103/><F40/><W130/><G130/><T7/><D10/><U43/><E35/><V122/><F25/><W31/><G31/><T100/><D9/><U86/><E29/><V117/><F117/><W22/><REACH who="3" step="1"/><G60/><REACH who="3" ten="230,250,220,290" step="2"/><T26/><D100/><U6/><E101/><V51/><F122/><W48/><G48/><T27/><D27/><AGARI ba="0,1" hai="16,20,21,22,27,56,58,59,75,76,80,116,118,119" machi="27" ten="50,6400,0" yaku="1,1,52,1,54,1,53,0" doraHai="15" doraHaiUra="85" who="3" fromWho="0" sc="230,-64,250,0,220,0,290,74" /><INIT seed="3,0,0,2,4,111" ten="166,250,220,364" oya="3" hai0="43,21,115,128,86,9,62,33,69,93,130,68,119" hai1="103,67,124,100,113,36,40,13,48,90,122,59,18" hai2="54,106,24,94,102,98,55,32,37,51,107,61,22" hai3="10,105,95,27,73,97,77,65,132,110,44,123,120"/><W15/><G105/><T17/><D119/><U34/><E113/><V53/><F37/><W23/><G110/><T80/><D33/><U76/><E122/><V87/><F32/><W14/><G10/><T49/><D93/><U125/><E34/><V71/><F87/><W126/><G65/><T78/><D9/><U6/><E76/><V127/><F127/><N who="1" m="48713" /><E90/><V0/><F0/><W64/><G64/><T25/><D62/><N who="1" m="38367" /><E48/><V50/><F61/><W45/><G77/><T47/><REACH who="0" step="1"/><D115/><REACH who="0" ten="156,250,220,364" step="2"/><U12/><E6/><V104/><REACH who="2" step="1"/><F71/><AGARI ba="0,1" hai="17,21,25,43,47,49,68,69,71,78,80,86,128,130" machi="71" ten="40,5200,0" yaku="1,1,2,1,53,1" doraHai="111" doraHaiUra="16" who="0" fromWho="2" sc="156,62,250,0,220,-52,364,0" owari="218,-18.0,250,5.0,168,-33.0,364,46.0" /></mjloggm>