<mjloggm ver="2.3"><GO type="97" lobby="0"/><UN n0="%E7%8C%AB%E5%8F%AF%E6%84%9B%E3%81%8C%E3%82%8A" n1="%64%6F%72%61%74%61%6D%61" n2="%E5%B0%B1%E6%B4%BB%E7%94%9F%40%E5%B7%9D%E6%9D%91%E8%BB%8D%E5%9B%A3" n3="%45%4D%43%32" dan="14,13,15,14" rate="1887.32,1873.88,2005.29,1986.42" sx="M,M,M,M"/><TAIKYOKU oya="0"/><INIT seed="0,0,0,5,5,28" ten="250,250,250,250" oya="0" hai0="3,63,66,106,42,79,67,110,47,21,36,78,57" hai1="82,23,124,105,130,10,19,118,59,132,7,4,31" hai2="131,125,74,8,56,134,6,13,30,5,15,58,104" hai3="87,44,83,128,14,112,50,40,69,39,121,65,37"/><T25/><D106/><U70/><E70/><V29/><F104/><W38/><G112/><T55/><D110/><U11/><E105/><V62/><F74/><W117/><G117/><T120/><D120/><U52/><E118/><V93/><F131/><W123/><G128/><T101/><D3/><U127/><E82/><V85/><F125/><N who="1" m="48201" /><E130/><V60/><F134/><W89/><G14/><T133/><D133/><U45/><E45/><V81/><F93/><W86/><G65/><T113/><D113/><U109/><E132/><V91/><F13/><W73/><G73/><T68/><D101/><U111/><E52/><N who="2" m="33799" /><F5/><N who="1" m="2121" /><E59/><V48/><F48/><W114/><G114/><T61/><REACH who="0" step="1"/><D67/><AGARI ba="0,0" hai="6,8,15,29,30,58,62,67,81,85,91" m="33799" machi="67" ten="30,2000,0" yaku="8,1,54,1" doraHai="28" who="2" fromWho="0" sc="250,-20,250,0,250,20,250,0" /><INIT seed="1,0,0,2,0,13" ten="230,250,270,250" oya="1" hai0="46,78,96,1,82,80,117,104,75,15,0,89,73" hai1="4,83,39,128,7,116,45,87,43,27,72,3,97" hai2="57,25,66,29,76,65,71,115,99,36,51,100,31" hai3="112,26,47,6,68,114,20,103,44,98,113,79,124"/><U119/><E7/><V30/><F36/><W132/><G68/><T133/><D117/><U88/><E27/><V63/><F115/><W61/><G61/><T90/><D133/><U16/><E128/><V14/><F76/><W38/><G38/><T129/><D129/><U69/><E69/><V92/><F14/><W22/><G132/><T53/><D15/><U127/><E97/><V56/><F51/><W28/><G124/><T111/><D111/><U10/><E127/><V94/><F94/><W42/><G42/><T23/><D23/><U32/><E32/><V102/><F102/><W54/><G79/><T59/><D46/><U9/><REACH who="1" step="1"/><E72/><REACH who="1" ten="230,240,270,250" step="2"/><V93/><F71/><W21/><G6/><T8/><D73/><U126/><E126/><V130/><F130/><W122/><G26/><T118/><D96/><U81/><E81/><V18/><F25/><W86/><G98/><T60/><D82/><U105/><E105/><V58/><F63/><W91/><G112/><T70/><D104/><U84/><E84/><V108/><F92/><W109/><G86/><T64/><D70/><U101/><E101/><V120/><F120/><W24/><G103/><T62/><D75/><U52/><E52/><V134/><F134/><W48/><G54/><T131/><D53/><U12/><AGARI ba="0,1" hai="3,4,9,10,12,16,39,43,45,83,87,88,116,119" machi="12" ten="30,12000,1" yaku="1,1,0,1,52,1,54,2,53,0" doraHai="13" doraHaiUra="95" who="1" fromWho="1" sc="230,-40,240,130,270,-40,250,-40" /><INIT seed="1,1,0,2,3,84" ten="190,370,230,210" oya="1" hai0="73,100,15,106,77,43,55,134,95,104,59,105,46" hai1="16,75,67,120,99,78,3,4,17,85,40,48,27" hai2="51,18,62,117,35,20,113,72,122,66,133,69,86" hai3="38,30,13,116,81,24,54,129,98,39,119,8,57"/><U61/><E120/><V33/><F72/><W12/><G129/><T132/><D73/><U92/><E75/><V71/><F117/><N who="3" m="45131" /><G98/><N who="0" m="59487" /><D77/><U89/><E4/><V49/><F122/><W103/><G103/><T68/><D68/><U126/><E3/><V93/><F71/><W32/><G81/><T34/><D34/><U6/><E6/><V26/><F133/><N who="0" m="51306" /><D15/><N who="3" m="5705" /><G8/><T22/><D22/><N who="1" m="13767" /><E126/><V90/><F113/><W130/><G130/><T1/><D1/><U25/><E61/><AGARI ba="1,0" hai="24,30,32,38,39,54,57,61" m="5705,45131" machi="61" ten="30,1000,0" yaku="12,1" doraHai="84" who="3" fromWho="1" sc="190,0,370,-13,230,0,210,13" /><INIT seed="2,0,0,3,5,89" ten="190,357,230,223" oya="2" hai0="113,98,29,119,10,35,122,30,6,25,116,75,37" hai1="42,56,40,106,1,64,26,45,20,105,123,50,14" hai2="54,59,94,107,92,65,78,101,66,34,16,128,83" hai3="109,132,70,90,103,97,88,81,102,21,18,33,27"/><V3/><F34/><W87/><G70/><T44/><D75/><U93/><E1/><V32/><F32/><W124/><G109/><T108/><D108/><U63/><E123/><V86/><F3/><W53/><G132/><T67/><D67/><N who="2" m="25610" /><F107/><W12/><G124/><T43/><D122/><U68/><E106/><V31/><F31/><W19/><G33/><T130/><D113/><U11/><E105/><V69/><F69/><W76/><G90/><T57/><D57/><U0/><E0/><V60/><F101/><W49/><G97/><T125/><D30/><U52/><E68/><V58/><F58/><W9/><G76/><T4/><D98/><U111/><E111/><V2/><F2/><W112/><G112/><T38/><D125/><U118/><E118/><N who="0" m="45097" /><D130/><U85/><E85/><V91/><F128/><W84/><G84/><T41/><D10/><U47/><E47/><AGARI ba="0,0" hai="9,12,18,19,21,27,47,49,53,81,87,88,102,103" machi="47" ten="30,8000,1" yaku="7,1,25,2,8,1,54,1" doraHai="89" who="3" fromWho="1" sc="190,0,357,-80,230,0,223,80" /><AGARI ba="0,0" hai="4,6,25,29,35,37,38,41,43,44,47" m="45097" machi="47" ten="30,1000,0" yaku="12,1" doraHai="89" who="0" fromWho="1" sc="190,10,277,-10,230,0,303,0" /><INIT seed="3,0,0,4,2,105" ten="200,267,230,303" oya="3" hai0="100,63,73,32,2,84,113,13,3,117,114,131,99" hai1="42,64,0,125,108,88,85,37,17,11,107,74,129" hai2="10,61,26,106,54,134,97,78,29,60,59,55,7" hai3="130,1,62,19,22,91,46,56,87,36,104,33,118"/><W92/><G104/><T124/><D117/><U119/><E119/><V57/><F134/><W95/><G118/><T135/><D135/><U81/><E107/><V102/><F78/><W103/><G33/><T47/><D32/><U6/><E108/><V25/><REACH who="2" step="1"/><F29/><REACH who="2" ten="200,267,220,303" step="2"/><W15/><G130/><T109/><D131/><U116/><E116/><V76/><F76/><W80/><G1/><AGARI ba="0,1" hai="1,7,10,25,26,54,55,57,59,60,61,97,102,106" machi="1" ten="30,8000,1" yaku="1,1,7,1,9,1,53,2" doraHai="105" doraHaiUra="51" who="2" fromWho="3" sc="200,0,267,0,220,90,303,-80" owari="200,-30.0,267,7.0,310,41.0,223,-18.0" /></mjloggm>