<mjloggm ver="2.3"><GO type="225" lobby="0"/><UN n0="%E5%B7%B7%E3%81%AE%E6%89%93%E3%81%A1%E6%89%8B" n1="%E3%83%88%E3%83%88%E3%83%AA%E5%85%88%E7%94%9F%31%39%E6%AD%B3" n2="%73%61%72%61%68%31%32%33" n3="%E3%81%86%E3%81%A9%E3%82%93%E5%B1%8B" dan="16,17,16,16" rate="2095.69,2183.51,2059.44,2140.35" sx="M,F,M,M"/><TAIKYOKU oya="0"/><INIT seed="0,0,0,5,1,1" ten="250,250,250,250" oya="0" hai0="34,4,103,43,27,108,16,125,135,81,86,68,24" hai1="57,32,102,17,48,20,114,130,111,37,52,110,50" hai2="77,127,76,89,134,13,3,90,122,53,45,9,23" hai3="75,120,117,58,98,91,42,22,87,97,79,41,56"/><T29/><D68/><U30/><E37/><V21/><F122/><W61/><G117/><T119/><D119/><U55/><E130/><V11/><F127/><W49/><G75/><T6/><D103/><U121/><E121/><V60/><F3/><W26/><G120/><T101/><D101/><U59/><E114/><V106/><F106/><W63/><G79/><T35/><D43/><N who="3" m="16393" /><G49/><T124/><D135/><U116/><E116/><V33/><F33/><W39/><G39/><T80/><D108/><U14/><E102/><V2/><F2/><W7/><G7/><T10/><D81/><U5/><E5/><N who="0" m="2153" /><D80/><U123/><E123/><V112/><F112/><W25/><G61/><T38/><D38/><U69/><E69/><V131/><F60/><W36/><G36/><T126/><D86/><U15/><E15/><V99/><F13/><W40/><G40/><T88/><D88/><U94/><E94/><V19/><F89/><W129/><G129/><T115/><D115/><U132/><E132/><V100/><F90/><W62/><G62/><T67/><D67/><U65/><E65/><V78/><F134/><W83/><G63/><T93/><D93/><U12/><E12/><V47/><F131/><W82/><G82/><T113/><D113/><U133/><E133/><V46/><F100/><W104/><G104/><T109/><D109/><U66/><E66/><V31/><F77/><W84/><G84/><T74/><D74/><U64/><E64/><V28/><F76/><W107/><G107/><T8/><D35/><U71/><E71/><V105/><F105/><W118/><G118/><RYUUKYOKU ba="0,0" sc="250,15,250,15,250,-15,250,-15" hai0="8,10,16,24,27,29,34,124,125,126" hai1="14,17,20,30,32,48,50,52,55,57,59,110,111" /><INIT seed="0,1,0,4,4,40" ten="265,265,235,235" oya="0" hai0="130,25,119,9,6,60,82,90,51,74,12,123,98" hai1="30,18,41,92,120,13,131,50,86,29,1,37,76" hai2="8,38,48,57,105,100,85,63,52,33,109,94,113" hai3="58,84,55,78,79,54,122,17,110,24,71,80,133"/><T14/><D119/><U20/><E120/><V121/><F121/><W16/><G122/><T5/><D123/><U118/><E118/><V64/><F113/><W108/><G133/><T35/><D130/><U65/><E1/><V62/><F33/><W23/><G71/><T104/><D60/><U43/><E37/><V59/><F109/><N who="3" m="42091" /><G78/><T102/><D51/><U31/><E131/><V135/><F135/><W39/><G39/><T44/><D44/><N who="1" m="25871" /><E43/><V116/><F116/><W117/><G117/><T47/><D47/><U72/><E72/><V124/><F38/><W95/><G95/><T103/><D103/><U67/><E92/><V134/><F134/><W21/><G58/><T125/><D125/><U46/><E46/><N who="2" m="27671" /><F105/><W112/><G112/><T70/><D70/><U68/><E68/><V115/><F115/><W42/><G42/><T111/><D111/><U11/><E20/><V114/><F114/><W10/><G10/><N who="0" m="4175" /><D25/><AGARI ba="1,0" hai="16,17,21,23,24,25,54,55,79,80,84" m="42091" machi="25" ten="30,2000,0" yaku="14,1,54,1" doraHai="40" who="3" fromWho="0" sc="265,-23,265,0,235,0,235,23" /><INIT seed="1,0,0,4,2,45" ten="242,265,235,258" oya="1" hai0="33,97,98,82,17,53,37,127,75,113,6,56,101" hai1="61,122,40,12,96,42,83,63,95,64,4,93,74" hai2="8,31,59,131,103,133,80,47,14,110,94,3,108" hai3="9,62,5,7,69,129,27,118,25,99,105,104,2"/><U117/><E117/><V19/><F131/><W22/><G129/><T68/><D113/><U58/><E122/><V79/><F133/><W26/><G118/><T85/><D68/><U114/><E114/><V34/><F31/><W46/><G7/><T70/><D70/><U20/><E74/><V24/><F34/><W10/><G10/><T121/><D121/><U54/><E83/><V38/><F24/><W115/><G115/><T16/><D33/><U132/><E132/><V76/><F3/><W106/><G46/><T91/><D37/><U44/><E93/><V52/><F47/><W23/><REACH who="3" step="1"/><G99/><REACH who="3" ten="242,265,235,248" step="2"/><T78/><D6/><U21/><E4/><V73/><F108/><W123/><G123/><T87/><D127/><U48/><E40/><V81/><F110/><W102/><G102/><T125/><D125/><U43/><E42/><V57/><F103/><W1/><G1/><T111/><D111/><U124/><E124/><V30/><F8/><W130/><G130/><T119/><D119/><U49/><E12/><V89/><F14/><W128/><G128/><T36/><D36/><U15/><E15/><V92/><F38/><W65/><AGARI ba="0,1" hai="2,5,9,22,23,25,26,27,62,65,69,104,105,106" machi="65" ten="40,2700,0" yaku="1,1,0,1,53,0" doraHai="45" doraHaiUra="116" who="3" fromWho="3" sc="242,-7,265,-13,235,-7,248,37" /><INIT seed="2,0,0,1,0,89" ten="235,252,228,285" oya="2" hai0="57,21,104,46,42,114,112,82,108,9,93,77,53" hai1="98,10,135,90,2,24,122,68,123,35,78,4,23" hai2="124,13,52,95,33,86,128,17,69,102,20,99,18" hai3="103,85,105,106,3,29,110,117,67,1,131,34,119"/><V66/><F33/><W107/><G103/><T16/><D104/><U63/><E135/><V118/><F118/><W70/><G85/><T56/><D9/><U12/><E35/><V38/><F38/><W125/><G110/><T14/><D108/><U8/><E78/><V132/><F132/><W62/><G125/><T43/><D57/><U92/><E63/><V39/><F39/><W60/><G60/><T28/><D28/><U51/><E51/><V45/><F124/><W27/><G131/><T72/><D93/><U120/><E68/><V19/><F128/><W127/><G127/><T11/><D21/><U88/><E90/><V129/><F129/><W100/><G100/><T109/><D109/><U101/><E101/><V32/><F32/><W79/><G79/><T49/><REACH who="0" step="1"/><D43/><REACH who="0" ten="225,252,228,285" step="2"/><U133/><E133/><V94/><F69/><W97/><G107/><T25/><D25/><U40/><E40/><V121/><F121/><W111/><G111/><T31/><D31/><N who="1" m="17823" /><E8/><V37/><F66/><W80/><G106/><T81/><D81/><U36/><E36/><AGARI ba="0,1" hai="11,14,16,36,42,46,49,53,56,72,77,82,112,114" machi="36" ten="30,3900,0" yaku="1,1,7,1,54,1,53,0" doraHai="89" doraHaiUra="113" who="0" fromWho="1" sc="225,49,252,-39,228,0,285,0" /><INIT seed="3,0,0,1,0,14" ten="274,213,228,285" oya="3" hai0="109,67,85,24,48,6,63,20,79,10,126,45,60" hai1="7,130,29,26,114,54,131,86,35,0,43,5,25" hai2="69,124,42,73,119,64,89,9,121,78,22,37,106" hai3="8,122,95,71,1,13,80,51,12,98,91,53,111"/><W19/><G122/><T90/><D109/><U103/><E114/><V83/><F119/><W77/><G71/><T39/><D126/><U30/><E43/><V38/><F89/><W101/><G111/><T93/><D39/><N who="2" m="14858" /><F42/><W123/><G123/><T68/><D79/><U3/><E86/><V46/><F46/><N who="3" m="27895" /><G1/><N who="1" m="586" /><E54/><V31/><F9/><N who="3" m="6543" /><G77/><T112/><D112/><U81/><E103/><V23/><F31/><W74/><G74/><T117/><D117/><U70/><E81/><V49/><F83/><W92/><G80/><T105/><D105/><U116/><E70/><V94/><F78/><W32/><G32/><T97/><D85/><U132/><E132/><V115/><F69/><W82/><G82/><T99/><D99/><U128/><E116/><V36/><F36/><W72/><G72/><T50/><D68/><U34/><AGARI ba="0,0" hai="5,7,25,26,29,30,34,35,128,130,131" m="586" machi="34" ten="40,5200,0" yaku="19,1,34,2" doraHai="14" who="1" fromWho="1" sc="274,-13,213,52,228,-13,285,-26" /><INIT seed="4,0,0,2,3,126" ten="261,265,215,259" oya="0" hai0="33,70,9,17,115,5,41,63,42,128,113,118,96" hai1="88,108,55,59,94,31,53,130,13,60,46,114,11" hai2="83,54,98,56,34,121,38,82,91,109,15,19,131" hai3="44,37,12,22,66,85,62,3,69,110,106,75,4"/><T117/><D33/><U50/><E130/><V76/><F121/><W10/><G110/><T132/><D128/><U105/><E105/><V99/><F131/><W30/><G75/><T107/><D17/><U129/><E129/><V7/><F109/><W61/><G106/><T57/><D132/><U87/><E108/><V120/><F38/><W52/><G85/><T39/><D70/><U48/><E114/><N who="0" m="43529" /><D107/><U25/><E53/><V104/><F34/><W92/><G92/><T77/><D96/><U2/><E46/><V58/><F7/><W35/><G37/><T79/><D79/><U134/><E2/><V125/><F125/><W21/><G3/><N who="0" m="191" /><D77/><U20/><E134/><V29/><F104/><W78/><G78/><T111/><D111/><U102/><E102/><V135/><F135/><W116/><G35/><T127/><D127/><U95/><E95/><N who="2" m="56703" /><F120/><W101/><G101/><T80/><D80/><N who="2" m="30762" /><F99/><W26/><G69/><T0/><D0/><U84/><E84/><V103/><F76/><W93/><G4/><AGARI ba="0,0" hai="4,11,13,20,25,31,48,50,55,59,60,87,88,94" machi="4" ten="30,3900,0" yaku="7,1,8,1,54,1" doraHai="126" who="1" fromWho="3" sc="261,0,265,39,215,0,259,-39" owari="261,6.0,304,40.0,215,-28.0,220,-18.0" /></mjloggm>