<mjloggm ver="2.3"><GO type="97" lobby="0"/><UN n0="%E5%B0%B1%E6%B4%BB%E7%94%9F%40%E5%B7%9D%E6%9D%91%E8%BB%8D%E5%9B%A3" n1="%E3%81%BB%E3%82%8A%E3%81%84" n2="%E6%B0%97%E3%83%AC%E3%83%B3%E3%82%B8%E3%83%A3%E3%83%BC" n3="%67%65%6D" dan="14,14,15,13" rate="2019.68,1939.57,2040.74,1935.77" sx="M,M,M,F"/><TAIKYOKU oya="0"/><INIT seed="0,0,0,4,3,60" ten="250,250,250,250" oya="0" hai0="85,102,68,39,42,80,111,135,32,34,57,43,109" hai1="113,106,58,114,93,35,14,61,120,40,119,12,25" hai2="132,59,127,88,86,20,83,84,117,36,1,55,116" hai3="26,72,56,126,70,125,90,5,37,0,110,92,54"/><T44/><D68/><U9/><E106/><V96/><F36/><W108/><G37/><T51/><D135/><U17/><E40/><V74/><F74/><W115/><G72/><T2/><D2/><U53/><E119/><N who="2" m="45643" /><F132/><W77/><G70/><T64/><D102/><U21/><E120/><V89/><F1/><W94/><G115/><N who="1" m="44042" /><E93/><N who="2" m="54407" /><F127/><N who="3" m="48651" /><G77/><N who="0" m="46223" /><D43/><U130/><E130/><V22/><F96/><W133/><G133/><T18/><D18/><N who="1" m="8463" /><E35/><V48/><AGARI ba="0,0" hai="20,22,48,55,59,83,86,89" m="54407,45643" machi="48" ten="30,2000,0" yaku="12,1,54,1" doraHai="60" who="2" fromWho="2" sc="250,-10,250,-5,250,20,250,-5" /><INIT seed="1,0,0,0,0,9" ten="240,245,270,245" oya="1" hai0="57,40,13,61,44,53,84,51,132,4,89,86,38" hai1="20,114,109,47,16,96,113,18,68,116,125,108,103" hai2="29,65,14,15,50,92,59,56,128,22,76,129,104" hai3="30,121,80,46,112,131,63,54,2,124,36,106,99"/><U100/><E68/><V21/><F104/><W73/><G121/><T77/><D132/><U28/><E116/><V58/><F76/><W88/><G2/><T6/><D77/><U52/><E28/><V3/><F3/><W64/><G112/><T90/><D38/><U110/><E125/><V33/><F65/><W127/><G30/><T119/><D119/><U37/><E18/><V17/><F50/><W23/><G23/><T62/><D62/><U34/><E34/><V70/><F70/><W19/><G131/><N who="2" m="50249" /><F92/><W120/><G120/><T118/><D118/><U39/><E103/><V42/><F42/><W32/><G32/><T12/><D4/><U7/><E7/><V115/><F115/><N who="1" m="44041" /><E47/><V85/><F85/><N who="0" m="32874" /><D6/><U130/><E52/><V97/><F97/><W0/><G0/><T105/><D105/><N who="1" m="63623" /><E130/><V55/><F33/><W71/><G19/><T126/><D126/><N who="3" m="48169" /><G36/><T35/><D35/><U1/><E1/><V111/><F29/><W91/><G46/><T79/><D79/><U24/><AGARI ba="0,0" hai="16,20,24,37,39,108,109,110" m="63623,44041" machi="24" ten="40,7800,0" yaku="14,1,10,1,54,1" doraHai="9" who="1" fromWho="1" sc="240,-26,245,78,270,-26,245,-26" /><INIT seed="1,1,0,3,2,83" ten="214,323,244,219" oya="1" hai0="25,29,62,85,129,115,41,69,59,0,47,11,111" hai1="125,46,14,1,87,97,9,26,104,95,113,134,110" hai2="24,66,130,39,23,112,67,13,123,109,21,60,5" hai3="127,56,79,17,135,91,51,118,102,107,65,27,68"/><U121/><E104/><V19/><F123/><W16/><G118/><T128/><D115/><U132/><E1/><V52/><F39/><W86/><G79/><T28/><D69/><U75/><E75/><V6/><F112/><W43/><G135/><T76/><D0/><U89/><E113/><V58/><F109/><W33/><G127/><T88/><D76/><U105/><E121/><V61/><F130/><N who="0" m="50282" /><D11/><U18/><E125/><V82/><F82/><N who="3" m="49623" /><G56/><T15/><D15/><U72/><E72/><V108/><F108/><W122/><G51/><N who="0" m="27119" /><D25/><U93/><E105/><V73/><F73/><W22/><G43/><T57/><D111/><U101/><E110/><V90/><F90/><W84/><G84/><T70/><D70/><U35/><REACH who="1" step="1"/><E46/><REACH who="1" ten="214,313,244,219" step="2"/><V20/><F20/><W53/><G22/><T80/><D59/><U4/><E4/><V78/><F6/><W2/><G122/><T120/><D120/><U12/><E12/><V94/><F5/><W40/><G2/><T133/><D133/><U77/><E77/><V55/><F21/><W8/><G107/><T119/><D119/><U49/><E49/><V98/><F78/><W100/><G27/><T45/><D45/><U103/><E103/><N who="2" m="60887" /><F13/><W74/><G102/><T99/><D99/><U117/><E117/><V96/><F96/><W48/><G100/><T42/><D42/><U81/><E81/><V3/><F3/><W50/><G74/><T63/><D57/><AGARI ba="1,1" hai="19,23,24,52,55,57,58,60,61,66,67" m="60887" machi="57" ten="30,2000,0" yaku="8,1,54,1" doraHai="83" who="2" fromWho="0" sc="214,-23,313,0,244,33,219,0" /><INIT seed="2,0,0,2,0,31" ten="191,313,277,219" oya="2" hai0="4,15,126,24,50,93,84,95,7,69,57,12,59" hai1="101,42,78,127,71,61,107,92,80,26,85,54,21" hai2="55,90,11,0,123,58,35,13,48,135,132,125,1" hai3="79,43,8,82,37,83,16,51,40,45,5,133,73"/><V63/><F123/><W96/><G133/><N who="2" m="51273" /><F125/><W113/><G113/><T17/><D69/><U118/><E118/><V19/><F35/><W34/><G96/><T25/><D126/><U60/><E42/><V129/><F129/><W70/><G70/><T100/><D84/><U128/><E107/><V10/><F90/><W53/><G83/><T2/><D2/><N who="2" m="1130" /><F11/><W56/><G43/><T41/><D41/><U98/><E127/><V22/><F10/><W94/><G94/><T102/><REACH who="0" step="1"/><D50/><AGARI ba="0,0" hai="13,19,22,48,50,55,58,63" m="1130,51273" machi="50" ten="30,1500,0" yaku="20,1" doraHai="31" who="2" fromWho="0" sc="191,-15,313,0,277,15,219,0" /><INIT seed="2,1,0,1,4,135" ten="176,313,292,219" oya="2" hai0="102,78,25,127,20,91,37,106,75,73,72,29,49" hai1="28,13,130,90,93,126,76,88,112,116,77,104,61" hai2="108,134,14,27,12,31,18,68,55,92,67,115,21" hai3="38,114,109,79,39,34,122,80,2,103,64,58,101"/><V8/><F115/><W66/><G114/><T128/><D37/><U35/><E104/><V94/><F134/><W119/><G119/><T63/><D128/><U111/><E130/><V125/><F108/><W105/><G122/><T121/><D121/><U133/><E133/><V89/><F125/><W60/><G109/><T23/><D78/><U11/><E116/><V85/><F55/><W81/><G2/><T4/><D4/><U9/><E61/><V82/><F68/><W32/><G79/><T46/><D63/><U45/><E13/><V30/><F67/><W132/><G132/><T0/><D0/><U123/><E93/><N who="2" m="35947" /><F14/><W41/><G60/><T65/><D65/><U97/><E35/><V26/><F26/><W51/><G58/><T50/><D91/><U36/><E36/><V129/><F129/><W22/><G22/><T86/><D86/><U16/><E123/><V69/><F69/><W47/><G51/><T62/><D62/><U131/><E112/><V100/><F100/><W7/><G7/><AGARI ba="1,0" hai="7,8,12,18,21,27,30,31,82,85,89" m="35947" machi="7" ten="30,1500,0" yaku="8,1" doraHai="135" who="2" fromWho="3" sc="176,0,313,0,292,18,219,-18" /><INIT seed="2,2,0,0,3,76" ten="176,313,310,201" oya="2" hai0="61,47,82,35,67,70,104,2,24,63,18,33,116" hai1="95,127,131,57,34,8,51,64,119,89,40,93,81" hai2="130,135,75,7,103,46,102,96,106,87,28,85,108" hai3="1,49,21,83,29,15,123,122,88,55,22,84,42"/><V73/><F28/><W124/><G1/><T118/><D2/><U115/><E34/><V54/><F7/><W90/><G124/><T11/><D104/><U19/><E131/><V78/><F130/><W129/><G129/><T52/><D24/><U99/><E127/><V125/><F125/><W9/><G42/><T0/><D0/><U27/><E119/><N who="0" m="45609" /><D61/><N who="1" m="37935" /><E115/><V38/><F38/><W58/><G123/><T5/><D5/><U68/><E68/><V25/><F25/><N who="3" m="16559" /><G122/><T23/><D11/><U109/><E109/><V13/><F13/><W12/><G22/><T120/><D120/><U50/><E40/><V92/><F54/><W114/><G114/><T77/><D23/><N who="1" m="13823" /><E8/><V66/><F66/><W6/><G15/><T62/><D18/><U121/><E121/><V71/><F71/><W37/><G37/><T117/><N who="0" m="45617" /><T134/><DORA hai="59" /><D134/><U86/><E95/><V30/><F135/><W126/><G126/><T20/><D20/><U74/><E74/><N who="2" m="28171" /><F30/><W43/><G43/><T105/><D105/><U97/><E97/><N who="2" m="59687" /><F108/><W80/><G90/><AGARI ba="2,0" hai="50,51,81,86,89,90,93,99" m="13823,37935" machi="90" ten="30,3900,0" yaku="8,1,52,2" doraHai="76,59" who="1" fromWho="3" sc="176,0,313,45,310,0,201,-45" /><INIT seed="3,0,0,3,0,118" ten="176,358,310,156" oya="3" hai0="49,120,93,28,68,41,70,117,65,29,90,32,5" hai1="78,4,110,54,79,101,55,75,24,48,84,46,119" hai2="36,11,50,125,116,135,74,45,92,15,104,95,85" hai3="112,38,3,121,97,20,99,123,100,53,35,2,61"/><W106/><G38/><T113/><D120/><N who="3" m="46153" /><G53/><T102/><D117/><U122/><E119/><V107/><F116/><W98/><G20/><T77/><D32/><U18/><E4/><V83/><F36/><W0/><G61/><T88/><D70/><U58/><E75/><V67/><F74/><W37/><G37/><T22/><D68/><U26/><E110/><V59/><F125/><W63/><G63/><T57/><D77/><N who="1" m="29195" /><E122/><V1/><F135/><W73/><G73/><T111/><D90/><U76/><E101/><V96/><F1/><W33/><G112/><T115/><D102/><U87/><E18/><V23/><F23/><W51/><G51/><T43/><D111/><U130/><E87/><V131/><F85/><W105/><G100/><T52/><D65/><U64/><E64/><V72/><F72/><W109/><G109/><T80/><D5/><U34/><E34/><AGARI ba="0,0" hai="0,2,3,33,34,35,97,98,99,105,106" m="46153" machi="34" ten="40,12000,1" yaku="28,2,52,3" doraHai="118" who="3" fromWho="1" sc="176,0,358,-120,310,0,156,120" /><INIT seed="3,1,0,1,2,39" ten="176,238,310,276" oya="3" hai0="5,66,70,63,131,80,33,11,126,79,36,74,61" hai1="10,62,134,27,99,101,46,133,106,51,115,117,110" hai2="91,109,127,25,21,30,64,60,43,0,8,7,38" hai3="32,15,35,81,44,130,102,88,1,111,23,100,77"/><W20/><G1/><T52/><D126/><U54/><E115/><V114/><F114/><W55/><G130/><T103/><D131/><U73/><E117/><V49/><F127/><W122/><G122/><T118/><D33/><U72/><E110/><V58/><F109/><W16/><G111/><T86/><D118/><U92/><E10/><V2/><F38/><W65/><G65/><T17/><D103/><N who="3" m="39465" /><G35/><T78/><D36/><U42/><E27/><V48/><F43/><W112/><G112/><T125/><D125/><U120/><E120/><V41/><F41/><W28/><G32/><T124/><D124/><U19/><E19/><V129/><F129/><W40/><G77/><T93/><D17/><U96/><E96/><V26/><F2/><W87/><G40/><T95/><D78/><U83/><E106/><V108/><F108/><W57/><G44/><T98/><D74/><U37/><E62/><V3/><F3/><W123/><G123/><T97/><D97/><U71/><E71/><V9/><F9/><N who="3" m="6255" /><G28/><T12/><REACH who="0" step="1"/><D98/><REACH who="0" ten="166,238,310,276" step="2"/><U76/><REACH who="1" step="1"/><E73/><REACH who="1" ten="166,228,310,276" step="2"/><V29/><F30/><W31/><G31/><T128/><D128/><U107/><E107/><V89/><F29/><W59/><G59/><AGARI ba="1,2" hai="5,11,12,52,59,61,63,66,70,79,80,86,93,95" machi="59" ten="40,2600,0" yaku="1,1,54,1,53,0" doraHai="39" doraHaiUra="22" who="0" fromWho="3" sc="166,49,228,0,310,0,276,-29" /><AGARI ba="1,0" hai="37,42,46,51,54,59,72,76,83,92,99,101,133,134" machi="59" ten="40,2600,0" yaku="1,1,52,1,53,0" doraHai="39" doraHaiUra="22" who="1" fromWho="3" sc="215,0,228,26,310,0,247,-26" owari="215,-28.0,254,5.0,310,41.0,221,-18.0" /></mjloggm>