<mjloggm ver="2.3"><GO type="169" lobby="0"/><UN n0="%E7%84%A1%E7%A5%9E%E8%AB%96%E8%80%85" n1="%E3%82%86%E3%81%84%E3%81%A1%E3%82%83%E3%82%93%E3%81%AE%E3%83%91%E3%83%91" n2="%E3%83%88%E3%83%88%E3%83%AA%E5%85%88%E7%94%9F%31%39%E6%AD%B3" n3="%E6%A1%9C%E4%BA%95%E3%81%95%E3%82%93" dan="17,18,18,16" rate="2130.06,2210.38,2176.10,2184.63" sx="M,M,F,M"/><TAIKYOKU oya="0"/><INIT seed="0,0,0,1,4,107" ten="250,250,250,250" oya="0" hai0="76,69,34,98,33,108,77,18,41,14,6,113,44" hai1="5,27,135,74,62,52,124,36,11,134,60,19,53" hai2="72,9,8,47,12,129,48,25,106,80,57,127,0" hai3="71,56,1,65,125,133,87,115,94,54,51,118,93"/><T84/><D113/><U49/><E36/><V79/><F106/><W111/><G118/><T81/><D69/><U75/><E124/><V15/><F127/><W119/><G1/><T66/><D66/><U78/><E78/><V131/><F57/><W45/><G119/><T128/><D128/><N who="2" m="49226" /><F25/><W38/><G115/><T110/><D77/><U70/><E70/><V21/><F21/><W92/><G111/><N who="0" m="42539" /><D98/><U105/><E105/><V112/><F112/><W120/><G133/><N who="1" m="50698" /><E27/><V39/><F39/><W67/><G67/><T85/><D85/><U35/><E35/><V2/><F12/><W32/><G32/><T43/><D6/><U55/><E19/><N who="2" m="8679" /><F9/><W13/><G65/><T7/><D7/><U126/><E49/><V130/><N who="2" m="49234" /><V89/><DORA hai="116" /><F89/><W99/><G71/><T95/><D44/><U83/><E126/><V90/><F90/><W17/><G45/><T109/><D109/><U86/><E62/><V68/><F68/><W24/><G38/><T16/><D34/><U26/><E60/><V46/><F46/><W102/><G125/><T63/><D33/><U88/><E26/><V97/><F97/><W58/><G58/><T64/><D18/><U96/><E96/><V132/><F132/><W42/><G17/><T28/><D28/><U59/><E59/><V104/><F104/><W10/><G56/><N who="0" m="36967" /><D95/><U3/><AGARI ba="0,0" hai="3,5,11,52,53,55,74,75,83,86,88" m="50698" machi="3" ten="30,8000,1" yaku="20,1,52,2,54,2" doraHai="107,116" who="1" fromWho="1" sc="250,-40,250,80,250,-20,250,-20" /><INIT seed="1,0,0,3,1,71" ten="210,330,230,230" oya="1" hai0="10,97,23,6,42,15,68,32,12,131,80,20,124" hai1="95,16,19,34,79,135,54,3,121,58,96,26,51" hai2="107,62,111,93,52,130,105,55,41,46,63,109,61" hai3="76,85,83,74,28,67,33,45,37,13,60,82,2"/><U94/><E121/><V72/><F72/><W81/><G2/><T125/><D68/><U91/><E3/><V8/><F8/><W115/><G115/><T40/><D80/><U126/><E135/><V1/><F1/><W48/><G74/><T35/><D97/><U89/><E79/><V113/><F93/><W47/><G13/><T98/><D98/><U9/><E126/><N who="0" m="48745" /><D42/><U73/><E73/><V77/><F77/><W57/><G33/><N who="0" m="12875" /><D40/><U114/><E114/><V65/><F65/><W120/><G120/><T25/><D131/><U132/><E132/><V117/><F117/><W59/><G28/><N who="0" m="17447" /><D23/><U100/><E34/><V134/><F113/><W4/><G83/><T70/><D70/><U129/><E129/><V127/><F127/><W30/><G82/><T123/><D15/><N who="1" m="7279" /><E95/><V21/><F21/><AGARI ba="0,0" hai="19,21,26,51,54,58,89,91,94,96,100" m="7279" machi="21" ten="30,2900,0" yaku="8,1,54,1" doraHai="71" who="1" fromWho="2" sc="210,0,330,29,230,-29,230,0" /><INIT seed="1,1,0,2,1,92" ten="210,359,201,230" oya="1" hai0="68,88,54,133,83,31,131,76,42,53,120,9,23" hai1="63,125,58,116,115,4,55,81,16,79,129,103,105" hai2="41,17,24,98,60,70,117,51,108,40,72,78,25" hai3="128,111,59,119,66,35,101,84,14,26,99,47,12"/><U122/><E122/><V110/><F117/><W118/><G111/><N who="2" m="42537" /><F78/><W6/><G128/><T38/><D68/><U97/><E116/><N who="3" m="44586" /><G6/><T104/><D133/><U107/><E129/><V64/><F72/><W22/><G35/><T130/><D104/><U8/><E115/><V29/><F51/><W37/><G84/><T109/><D109/><U1/><E125/><V65/><F65/><W45/><G66/><T7/><D120/><U90/><E90/><V32/><F98/><W39/><G59/><T3/><D88/><U27/><E105/><V43/><F24/><W106/><G47/><N who="0" m="24023" /><D131/><U62/><E62/><V113/><F17/><N who="3" m="12623" /><G37/><T28/><D130/><U48/><E63/><V67/><F67/><W86/><G86/><T61/><D61/><U5/><E5/><V52/><F113/><W21/><G21/><T20/><D20/><U49/><E49/><V134/><F134/><W100/><G101/><T126/><D126/><U19/><REACH who="1" step="1"/><E27/><REACH who="1" ten="210,349,201,230" step="2"/><V71/><F64/><W94/><G106/><T57/><D7/><U56/><E56/><AGARI ba="1,1" hai="25,29,32,40,41,43,52,56,60,70,71" m="42537" machi="56" ten="30,2000,0" yaku="14,1,54,1" doraHai="92" who="2" fromWho="1" sc="210,0,349,-23,201,33,230,0" /><INIT seed="2,0,0,1,1,13" ten="210,326,234,230" oya="2" hai0="96,88,106,81,57,35,65,28,64,18,85,26,69" hai1="100,130,104,55,87,3,107,73,132,38,62,23,76" hai2="50,102,1,111,58,40,49,2,86,63,78,114,21" hai3="117,90,83,6,128,72,91,48,71,45,74,34,103"/><V43/><F114/><W33/><G117/><T16/><D57/><U56/><E3/><V110/><F102/><W60/><G103/><N who="0" m="62823" /><D65/><U127/><E73/><V44/><F78/><W12/><G128/><T129/><D129/><U77/><E38/><V66/><F86/><W17/><G6/><T4/><D4/><U5/><E5/><V27/><F49/><W99/><G72/><T131/><D131/><U42/><E42/><V133/><F40/><W24/><G74/><T61/><AGARI ba="0,0" hai="16,18,26,28,35,61,64,69,81,85,88" m="62823" machi="61" ten="30,8000,1" yaku="25,1,52,2,54,2" doraHai="13" who="0" fromWho="0" sc="210,80,326,-20,234,-40,230,-20" /><INIT seed="3,0,0,5,5,69" ten="290,306,194,210" oya="3" hai0="63,87,60,54,116,66,99,46,104,18,65,50,7" hai1="114,77,32,26,39,73,110,27,52,71,101,2,36" hai2="31,130,133,113,118,58,16,107,9,95,35,80,89" hai3="37,42,24,45,82,67,25,126,57,33,10,131,120"/><W93/><G120/><T21/><D116/><U62/><E114/><V1/><F118/><W105/><G105/><T55/><D104/><U121/><E121/><V122/><F107/><W132/><G131/><T20/><D7/><U8/><E27/><V70/><F70/><W59/><G132/><T78/><D99/><U128/><E101/><V17/><F122/><W134/><G134/><T86/><D78/><U64/><E128/><V127/><F133/><W48/><G126/><T22/><D18/><U28/><E52/><N who="0" m="20009" /><D50/><U41/><E41/><V115/><F113/><W124/><G124/><T51/><D51/><U119/><E110/><V49/><F1/><W68/><G48/><T94/><D46/><U34/><E34/><V38/><F38/><W102/><G10/><T88/><D87/><U91/><E91/><V53/><F115/><W109/><G109/><T6/><D6/><N who="1" m="1111" /><E119/><V0/><F130/><W4/><G4/><T11/><D11/><U103/><E103/><V72/><F72/><W76/><G24/><T47/><D47/><U3/><E3/><V61/><F35/><W23/><G33/><T75/><D75/><U79/><E79/><V90/><F0/><W98/><G68/><T97/><D86/><U44/><E44/><V74/><F74/><W13/><G67/><AGARI ba="0,0" hai="20,21,22,60,63,65,66,67,88,94,97" m="20009" machi="67" ten="30,3900,0" yaku="8,1,54,2" doraHai="69" who="0" fromWho="3" sc="290,39,306,0,194,0,210,-39" /><INIT seed="4,0,0,4,5,101" ten="329,306,194,171" oya="0" hai0="37,105,130,117,55,54,108,20,0,128,62,69,68" hai1="33,84,86,80,27,8,100,64,51,96,32,22,14" hai2="85,104,48,123,30,94,90,78,44,125,114,50,95" hai3="124,87,83,91,82,39,10,89,115,112,35,74,110"/><T43/><D0/><U41/><E64/><V75/><F123/><W119/><G35/><T129/><D105/><U122/><E122/><V66/><F114/><N who="3" m="43563" /><G39/><T65/><D20/><U77/><E84/><V15/><F125/><W3/><G3/><T67/><D117/><U118/><E118/><V47/><F104/><W13/><G119/><T19/><D19/><U52/><E41/><V34/><F66/><N who="0" m="25098" /><D108/><U5/><E22/><V1/><F1/><W18/><G124/><T6/><D6/><U120/><E27/><V79/><F75/><W103/><G103/><T12/><D12/><U2/><E2/><V73/><F73/><W88/><G74/><T26/><D26/><U29/><E29/><V72/><F72/><W31/><G31/><T21/><D21/><U38/><E38/><V92/><F15/><W24/><G24/><T70/><D62/><U17/><E5/><V111/><F111/><W28/><G28/><T45/><AGARI ba="0,0" hai="37,43,45,54,55,68,69,70,128,129,130" m="25098" machi="45" ten="50,9600,0" yaku="19,1,34,2" doraHai="101" who="0" fromWho="0" sc="329,96,306,-32,194,-32,171,-32" /><INIT seed="4,1,0,5,0,101" ten="425,274,162,139" oya="0" hai0="107,31,49,105,98,7,75,108,115,91,131,103,37" hai1="26,81,53,24,123,22,2,130,43,23,128,57,71" hai2="125,8,46,122,94,6,9,10,42,132,69,92,93" hai3="19,51,82,90,0,67,117,127,5,97,62,109,44"/><T116/><D116/><U86/><E71/><V41/><F122/><W79/><G109/><T110/><D37/><U89/><E2/><V83/><F69/><W52/><G117/><T58/><D7/><U119/><E119/><V25/><F132/><W40/><G127/><T27/><D75/><U48/><E123/><V45/><F125/><W73/><G19/><T113/><D91/><U104/><E43/><V84/><F25/><N who="1" m="9833" /><E104/><V72/><F72/><W15/><G0/><T32/><D131/><AGARI ba="1,0" hai="22,23,48,53,57,81,86,89,128,130,131" m="9833" machi="131" ten="30,1000,0" yaku="19,1" doraHai="101" who="1" fromWho="0" sc="425,-13,274,13,162,0,139,0" /><INIT seed="5,0,0,2,3,21" ten="412,287,162,139" oya="1" hai0="98,43,64,47,38,48,116,50,92,34,69,77,133" hai1="60,100,109,99,134,10,58,120,25,51,103,14,101" hai2="0,97,26,80,42,63,84,106,112,82,110,73,127" hai3="130,87,94,44,78,90,27,2,121,123,68,15,86"/><U31/><E120/><V1/><F110/><W23/><G2/><T12/><D116/><U5/><E109/><V104/><F127/><W96/><G68/><T132/><D34/><U79/><E79/><V61/><F112/><W88/><G130/><T37/><D77/><U45/><E134/><N who="0" m="51817" /><D48/><U11/><E11/><V17/><F42/><W128/><G128/><T41/><D41/><U81/><E81/><V111/><F111/><W108/><G108/><T32/><D32/><U62/><E99/><V55/><F73/><W28/><G78/><T35/><D35/><U71/><E71/><V76/><F82/><W18/><G44/><T9/><D64/><U66/><E60/><V20/><F61/><W24/><G96/><T93/><D69/><U59/><E59/><V126/><F126/><W74/><G74/><T70/><D70/><U33/><REACH who="1" step="1"/><E103/><REACH who="1" ten="412,277,162,139" step="2"/><V53/><F63/><W89/><G89/><N who="0" m="55567" /><D93/><U72/><E72/><V4/><F97/><W85/><G85/><T95/><D95/><U122/><E122/><V7/><F106/><W102/><G102/><T131/><D131/><U125/><E125/><V56/><F104/><W113/><G113/><T30/><D30/><U29/><E29/><V52/><F56/><W16/><G28/><T36/><D9/><U119/><E119/><V118/><F118/><W49/><G123/><T117/><D117/><U129/><E129/><V83/><F83/><N who="3" m="49247" /><G121/><T107/><D107/><U91/><E91/><V46/><F46/><W75/><G75/><T40/><D40/><AGARI ba="0,1" hai="5,10,14,25,31,33,40,45,51,58,62,66,100,101" machi="40" ten="30,11600,0" yaku="1,1,7,1,52,1,53,1" doraHai="21" doraHaiUra="6" who="1" fromWho="0" sc="412,-116,277,126,162,0,139,0" /><INIT seed="5,1,0,5,0,118" ten="296,403,162,139" oya="1" hai0="45,54,4,102,93,51,9,123,99,73,101,1,27" hai1="60,134,78,85,39,92,131,19,129,128,135,2,84" hai2="18,79,28,5,8,88,36,68,115,86,40,97,23" hai3="71,121,87,59,47,89,38,63,132,80,133,42,105"/><U108/><E39/><V64/><F28/><W130/><G105/><T32/><D73/><U56/><E2/><V62/><F115/><W25/><G25/><T77/><D77/><U119/><E119/><V110/><F110/><W66/><G130/><T61/><D61/><U21/><E108/><V53/><F79/><W55/><REACH who="3" step="1"/><G121/><REACH who="3" ten="296,403,162,129" step="2"/><T14/><D123/><U15/><E134/><V10/><F5/><W17/><G17/><T107/><D27/><U120/><E135/><V24/><F97/><W67/><G67/><T126/><D32/><U3/><E120/><V103/><F103/><W122/><G122/><T95/><D102/><U0/><E85/><V30/><F18/><W98/><G98/><T109/><D109/><U44/><E128/><V96/><F96/><W125/><G125/><T74/><D126/><U72/><E129/><V124/><F124/><W117/><G117/><T46/><D74/><U112/><E131/><V48/><F36/><W111/><G111/><T11/><D107/><U116/><E72/><V49/><F24/><W65/><G65/><T69/><D99/><U100/><E116/><V22/><F30/><W52/><G52/><T106/><D101/><U43/><E100/><V91/><F86/><W20/><G20/><N who="2" m="7721" /><F53/><W29/><G29/><T41/><D106/><U82/><E84/><V12/><F40/><W50/><AGARI ba="1,1" hai="38,42,47,50,55,59,63,66,71,80,87,89,132,133" machi="50" ten="30,7900,0" yaku="1,1,0,1,24,2,53,0" doraHai="118" doraHaiUra="35" who="3" fromWho="3" sc="296,-21,403,-40,162,-21,129,92" /><INIT seed="6,0,0,5,5,46" ten="275,363,141,221" oya="2" hai0="15,98,54,93,32,91,81,50,48,124,100,118,115" hai1="10,105,88,38,62,55,77,19,82,121,94,85,12" hai2="57,92,23,53,70,80,22,112,99,135,21,29,134" hai3="1,120,68,44,41,90,2,7,11,113,67,111,109"/><V72/><F70/><W116/><G116/><T110/><D110/><U5/><E38/><V26/><F112/><W96/><G120/><T128/><D115/><U60/><E105/><V61/><F80/><W30/><G1/><T59/><D32/><U52/><E121/><V71/><F71/><W103/><G90/><T132/><D132/><N who="2" m="50730" /><F72/><W87/><G87/><N who="0" m="50671" /><D124/><U84/><E5/><V45/><F45/><W104/><G30/><T130/><D15/><U101/><E101/><AGARI ba="0,0" hai="21,22,23,26,29,53,57,61,92,99,101" m="50730" machi="101" ten="30,1500,0" yaku="20,1" doraHai="46" who="2" fromWho="1" sc="275,0,363,-15,141,15,221,0" /><INIT seed="6,1,0,2,4,114" ten="275,348,156,221" oya="2" hai0="62,102,118,100,0,83,57,33,126,17,54,67,45" hai1="72,20,21,10,37,135,50,78,108,95,106,52,98" hai2="36,53,4,8,44,29,120,125,117,49,68,23,42" hai3="13,89,92,63,56,69,101,12,25,87,91,109,26"/><V31/><F120/><W88/><G69/><T111/><D111/><U18/><E37/><V119/><F68/><W2/><G2/><T134/><D0/><U39/><E39/><V103/><F125/><W90/><G109/><T81/><D33/><U65/><E106/><V84/><F103/><W116/><G116/><T59/><D134/><U6/><E65/><V60/><F60/><W96/><G25/><T16/><D45/><U131/><E131/><V107/><F107/><W86/><G26/><T24/><D118/><U71/><E71/><V28/><F23/><W75/><G75/><T47/><D47/><U85/><E72/><V133/><F133/><W79/><G79/><T9/><D9/><U70/><E70/><V51/><F36/><W40/><G40/><T19/><D24/><U80/><E108/><V14/><REACH who="2" step="1"/><F84/><REACH who="2" ten="275,348,146,221" step="2"/><W38/><G38/><T127/><D127/><U128/><E135/><V74/><F74/><W113/><G113/><T76/><D126/><U55/><E20/><V121/><F121/><W82/><REACH who="3" step="1"/><G87/><REACH who="3" ten="275,348,146,211" step="2"/><N who="0" m="48551" /><D83/><U15/><E128/><V94/><F94/><W115/><G115/><T5/><D102/><N who="1" m="60767" /><E50/><V122/><F122/><W97/><G97/><T7/><D100/><U130/><E130/><V64/><F64/><AGARI ba="1,2" hai="12,13,56,63,64,82,86,88,89,90,91,92,96,101" machi="64" ten="40,5200,0" yaku="1,1,8,1,54,1,53,0" doraHai="114" doraHaiUra="73" who="3" fromWho="2" sc="275,0,348,0,146,-55,211,75" /><INIT seed="7,0,0,4,2,15" ten="275,348,91,286" oya="3" hai0="133,58,49,101,4,1,115,75,33,104,41,3,123" hai1="45,98,26,64,112,67,110,118,87,72,124,24,63" hai2="34,18,109,14,94,82,93,127,111,114,5,48,107" hai3="86,0,81,57,135,130,65,95,68,12,69,21,38"/><W11/><G38/><T84/><D75/><U99/><E72/><V23/><F107/><W37/><G37/><T32/><D123/><U42/><E110/><V73/><F73/><W30/><G130/><T50/><D101/><U80/><E112/><V88/><F34/><W116/><G116/><T134/><D104/><U92/><E118/><V17/><F114/><W6/><G135/><N who="0" m="51723" /><D4/><U7/><E7/><V77/><F127/><W59/><G95/><T36/><D115/><U102/><E99/><V90/><F5/><W129/><G129/><T55/><D36/><U61/><E124/><V20/><F82/><W66/><G69/><T27/><D84/><U52/><E42/><V56/><F77/><N who="3" m="46383" /><G68/><T85/><D85/><U122/><E122/><V91/><F109/><W44/><G0/><N who="0" m="75" /><D27/><U53/><E24/><V39/><F39/><W25/><G44/><AGARI ba="0,0" hai="32,33,41,44,49,50,55,58" m="75,51723" machi="44" ten="30,1000,0" yaku="20,1" doraHai="15" who="0" fromWho="3" sc="275,10,348,0,91,0,286,-10" owari="285,9.0,348,44.0,91,-41.0,276,-12.0" /></mjloggm>