<mjloggm ver="2.3"><GO type="97" lobby="0"/><UN n0="%E3%81%8A%E3%81%A3%E3%81%B1%E3%81%84%E5%85%88%E7%94%9F" n1="%E6%89%8B%E5%BD%B9%E3%82%A2%E3%83%BC%E3%83%86%E3%82%A3%E3%82%B9%E3%83%88" n2="%72%79%6F%74%61%31%31" n3="%E3%83%88%E3%83%88%E3%83%AA%E5%85%88%E7%94%9F%31%39%E6%AD%B3" dan="16,15,13,14" rate="2112.27,1977.33,1861.32,2025.00" sx="F,M,M,F"/><TAIKYOKU oya="0"/><INIT seed="0,0,0,3,1,13" ten="250,250,250,250" oya="0" hai0="10,92,90,52,33,80,123,24,34,103,126,79,94" hai1="35,89,113,42,110,28,48,36,72,98,78,84,134" hai2="128,47,41,56,45,88,19,127,53,3,96,76,69" hai3="132,73,95,31,64,109,39,55,49,74,59,16,87"/><T58/><D123/><U119/><E36/><V120/><F3/><W97/><G39/><T25/><D126/><U130/><E110/><V11/><F76/><W135/><G109/><T0/><D33/><U23/><E35/><V6/><F120/><W32/><G64/><T101/><D0/><U131/><E119/><V91/><F127/><W107/><G107/><T133/><D10/><U15/><E98/><V116/><F116/><W5/><G5/><T60/><D133/><N who="3" m="51273" /><G87/><T7/><D7/><U105/><E105/><V125/><F125/><W108/><G31/><T37/><D37/><U30/><E72/><V122/><F122/><W104/><G32/><T117/><D117/><U83/><E134/><V102/><F6/><W54/><G54/><T67/><D67/><U21/><E78/><V57/><F69/><W112/><G104/><T22/><D34/><U4/><E4/><V115/><F115/><W82/><G82/><T51/><D51/><U65/><E65/><V118/><F118/><W61/><G49/><T2/><D2/><U50/><E50/><V40/><F128/><N who="1" m="49193" /><E113/><V44/><F102/><N who="3" m="60735" /><G112/><T17/><D25/><U93/><E83/><V43/><F96/><W111/><G74/><N who="0" m="43127" /><D92/><U70/><E70/><V86/><F86/><W99/><G73/><T63/><D63/><U66/><E66/><V75/><F75/><W114/><G114/><T100/><D100/><U12/><E48/><N who="2" m="30759" /><F57/><W9/><G99/><AGARI ba="0,0" hai="17,22,24,52,58,60,90,94,99,101,103" m="43127" machi="99" ten="30,5800,0" yaku="25,1,52,1,54,1" doraHai="13" who="0" fromWho="3" sc="250,58,250,0,250,0,250,-58" /><INIT seed="0,1,0,4,3,2" ten="308,250,250,192" oya="0" hai0="78,104,70,103,117,33,55,52,44,110,77,28,75" hai1="93,31,60,59,96,17,73,133,53,91,68,35,111" hai2="4,3,34,37,25,105,38,92,29,10,1,130,72" hai3="98,99,86,42,128,124,76,7,47,51,125,26,109"/><T66/><D117/><U14/><E111/><V84/><F130/><W134/><G109/><T106/><D110/><U80/><E68/><V64/><F64/><W32/><G128/><T126/><D126/><U23/><E133/><V58/><F58/><W49/><G134/><T79/><D75/><U18/><E18/><V63/><F63/><W95/><G49/><T89/><D89/><U108/><E108/><V19/><F105/><W41/><G41/><T24/><D104/><U50/><E35/><V56/><F56/><W16/><G7/><T116/><D44/><U119/><E31/><V121/><F121/><W5/><G5/><T97/><D116/><U9/><E119/><V114/><F114/><W85/><G32/><T54/><D78/><U15/><E73/><V46/><F1/><W65/><G65/><T132/><D132/><U8/><E80/><V120/><F120/><W83/><G86/><T90/><D90/><U61/><REACH who="1" step="1"/><E23/><REACH who="1" ten="308,240,250,192" step="2"/><V123/><F123/><W13/><G26/><T20/><D20/><U69/><E69/><V6/><F72/><W118/><G118/><T113/><D113/><U43/><E43/><V45/><F34/><W107/><G107/><T102/><REACH who="0" step="1"/><D103/><REACH who="0" ten="298,240,250,192" step="2"/><U30/><E30/><V74/><F29/><W135/><G135/><T82/><D82/><U112/><E112/><V101/><F101/><W127/><REACH who="3" step="1"/><G95/><REACH who="3" ten="298,240,250,182" step="2"/><T21/><D21/><AGARI ba="1,3" hai="13,16,21,42,47,51,76,83,85,98,99,124,125,127" machi="21" ten="40,8000,1" yaku="1,1,2,1,18,1,54,1,53,0" doraHai="2" doraHaiUra="48" who="3" fromWho="0" sc="298,-83,240,0,250,0,182,113" /><INIT seed="1,0,0,1,1,58" ten="215,240,250,295" oya="1" hai0="91,41,28,55,89,120,17,10,32,73,102,9,62" hai1="8,135,42,121,26,98,131,3,0,47,113,114,95" hai2="38,85,54,16,18,43,27,40,11,71,39,81,31" hai3="6,107,34,14,94,119,60,118,92,15,103,61,48"/><U86/><E121/><V12/><F71/><W21/><G34/><T35/><D73/><U133/><E131/><V80/><F31/><W66/><G107/><T70/><D120/><U51/><E86/><V56/><F39/><W124/><G124/><T45/><D102/><U68/><E68/><V97/><F38/><W52/><G6/><T106/><D106/><U50/><E50/><V75/><F75/><W29/><G29/><T122/><D122/><U65/><E26/><V77/><F80/><W110/><G110/><T105/><D105/><U24/><E24/><V64/><F64/><W36/><G36/><T74/><D74/><U72/><E65/><V57/><F57/><N who="3" m="34855" /><G48/><N who="0" m="26671" /><D70/><U125/><E72/><V53/><F53/><W93/><G103/><T88/><D28/><U37/><E37/><V83/><F83/><W123/><G21/><T101/><D101/><N who="1" m="60639" /><E125/><V117/><F117/><N who="3" m="44555" /><G123/><T130/><D130/><U128/><E128/><V112/><F112/><N who="1" m="43113" /><E8/><N who="0" m="3177" /><D32/><U99/><E99/><V108/><F97/><W44/><G44/><T69/><D35/><U67/><E67/><V23/><REACH who="2" step="1"/><F108/><REACH who="2" ten="215,240,240,295" step="2"/><W115/><G115/><T100/><D69/><AGARI ba="0,1" hai="14,15,61,66,69,92,93,94" m="44555,34855" machi="69" ten="30,7700,0" yaku="12,1,52,2,54,1" doraHai="58" who="3" fromWho="0" sc="215,-77,240,0,240,0,295,87" /><INIT seed="2,0,0,5,3,54" ten="138,240,240,382" oya="2" hai0="48,73,87,25,42,111,61,133,18,19,123,74,70" hai1="67,7,97,103,125,63,37,118,92,96,95,134,0" hai2="6,30,71,45,8,105,127,108,113,93,59,3,72" hai3="62,32,128,49,106,57,98,10,34,86,130,101,50"/><V40/><F113/><W1/><G86/><T112/><D112/><U24/><E37/><V56/><F72/><W53/><G10/><T79/><D123/><U21/><E118/><V4/><F105/><W109/><G1/><T38/><D38/><U75/><E75/><V78/><F71/><W31/><G109/><T20/><D111/><U44/><E44/><V14/><F30/><W33/><G31/><T124/><D73/><U64/><E125/><V60/><F108/><W90/><G90/><T94/><D74/><U100/><E134/><V91/><F127/><W88/><G88/><T132/><D124/><U129/><E129/><AGARI ba="0,0" hai="32,33,34,49,50,53,57,62,98,101,106,128,129,130" machi="129" ten="50,3200,0" yaku="19,1,52,1" doraHai="54" who="3" fromWho="1" sc="138,0,240,-32,240,0,382,32" /><INIT seed="3,0,0,2,5,104" ten="138,208,240,414" oya="3" hai0="39,60,85,28,78,122,7,71,32,118,1,90,84" hai1="120,33,8,17,65,5,98,86,43,14,63,91,92" hai2="72,38,126,24,70,58,105,52,10,15,44,76,59" hai3="83,45,89,0,46,2,115,54,13,132,49,51,125"/><W82/><G115/><T6/><D118/><U35/><E43/><V74/><F105/><W123/><G123/><T19/><D122/><U25/><E120/><V67/><F76/><W116/><G116/><T124/><D39/><U23/><E86/><V97/><F24/><W73/><G132/><T93/><D1/><U135/><E135/><V31/><F31/><W9/><G125/><T121/><D124/><U30/><E65/><V62/><F126/><W119/><G119/><T107/><D121/><U56/><REACH who="1" step="1"/><E30/><REACH who="1" ten="138,198,240,414" step="2"/><V110/><F97/><W50/><G54/><T57/><D107/><U48/><E48/><V111/><F38/><W20/><G49/><T127/><D127/><U103/><E103/><V66/><F44/><W94/><G50/><T41/><D41/><U55/><AGARI ba="0,1" hai="5,8,14,17,23,25,33,35,55,56,63,91,92,98" machi="55" ten="20,8000,1" yaku="1,1,0,1,7,1,25,2,53,0" doraHai="104" doraHaiUra="77" who="1" fromWho="1" sc="138,-20,198,90,240,-20,414,-40" owari="118,-38.0,288,9.0,220,-18.0,374,47.0" /></mjloggm>