<mjloggm ver="2.3"><GO type="97" lobby="0"/><UN n0="%79%75%6B%6B%6F%32%32" n1="%6D%61%6E%5F%6B%6F" n2="%E5%B0%B1%E6%B4%BB%E7%94%9F%40%E5%B7%9D%E6%9D%91%E8%BB%8D%E5%9B%A3" n3="%E3%82%B8%E3%83%A7%E3%83%BC%E3%82%BF%E3%82%AF%E3%83%8F%E3%82%A4" dan="13,14,16,13" rate="1949.81,1909.67,2076.32,1929.91" sx="M,M,M,F"/><TAIKYOKU oya="0"/><INIT seed="0,0,0,3,5,1" ten="250,250,250,250" oya="0" hai0="66,25,33,8,21,99,124,46,101,103,127,61,5" hai1="67,26,44,53,113,130,9,19,34,74,17,71,106" hai2="82,58,125,88,92,57,132,126,32,85,23,62,79" hai3="86,111,29,11,13,3,81,16,91,84,56,116,24"/><T96/><D46/><U105/><E74/><V128/><F32/><W80/><G111/><T22/><D33/><U115/><E130/><V27/><F128/><W2/><G116/><T112/><D112/><N who="1" m="43083" /><E53/><V72/><F132/><W63/><G29/><N who="0" m="17583" /><D22/><N who="1" m="13647" /><E44/><V4/><F4/><W12/><G24/><T77/><D77/><U95/><E95/><V97/><F72/><W28/><G12/><N who="0" m="5135" /><D103/><U121/><E121/><V109/><F109/><W131/><G28/><T129/><D129/><U59/><E59/><V114/><F114/><W60/><G131/><T6/><D6/><U83/><E34/><V117/><F117/><W42/><G42/><T43/><D43/><U100/><E100/><V135/><F135/><W123/><G123/><T110/><D110/><U35/><E35/><V36/><F36/><W31/><G31/><T38/><D38/><U102/><E102/><V87/><F87/><W18/><G18/><T69/><D101/><U49/><E19/><V45/><F45/><W41/><G41/><T73/><D73/><U10/><E106/><V94/><F94/><W55/><REACH who="3" step="1"/><G63/><REACH who="3" ten="250,250,250,240" step="2"/><T54/><D54/><U76/><E9/><V0/><F62/><W47/><G47/><T65/><D65/><U30/><E10/><V75/><F27/><W7/><G7/><T52/><D52/><U118/><E30/><V39/><F39/><W93/><G93/><T133/><D133/><U78/><E118/><V14/><F92/><W107/><G107/><T51/><D51/><U122/><E105/><V37/><F37/><W98/><G98/><T89/><D99/><U15/><E49/><RYUUKYOKU ba="0,1" sc="250,15,250,-15,250,-15,240,15" hai0="61,66,69,89,96,124,127" hai3="2,3,11,13,16,55,56,60,80,81,84,86,91" /><INIT seed="0,1,1,4,2,134" ten="265,235,235,255" oya="0" hai0="135,59,127,46,14,64,40,88,91,93,102,131,15" hai1="118,108,24,111,71,79,44,33,42,126,8,82,37" hai2="53,30,72,29,92,99,43,41,16,58,5,125,9" hai3="34,75,121,84,20,130,45,67,1,119,38,128,73"/><T113/><D113/><U114/><E118/><V17/><F72/><W78/><G34/><T95/><D135/><U22/><E33/><V4/><F125/><W62/><G1/><T55/><D131/><N who="3" m="50217" /><G119/><T94/><D102/><U19/><E114/><V18/><F43/><N who="3" m="22775" /><G20/><T110/><D127/><U105/><E105/><V89/><F41/><W49/><G49/><N who="0" m="26823" /><D110/><N who="1" m="42027" /><E126/><V7/><REACH who="2" step="1"/><F9/><REACH who="2" ten="265,235,225,255" step="2"/><W133/><G133/><T85/><D64/><U117/><E8/><V6/><N who="2" m="1536" /><DORA hai="39" /><V103/><F103/><W86/><G75/><T51/><D91/><U69/><E117/><V80/><F80/><AGARI ba="1,2" hai="14,15,51,55,59,80,85,88,93,94,95" m="26823" machi="80" ten="30,5800,0" yaku="8,1,52,1,54,1" doraHai="134,39" who="0" fromWho="2" sc="265,81,235,0,225,-61,255,0" /><INIT seed="0,2,0,0,2,14" ten="346,235,164,255" oya="0" hai0="131,9,77,82,59,30,103,58,129,71,66,32,28" hai1="5,38,93,50,3,87,105,73,17,2,34,10,68" hai2="91,22,64,67,31,52,46,116,75,48,60,7,109" hai3="104,108,112,114,12,95,39,70,26,57,19,42,11"/><T127/><D71/><U44/><E73/><V123/><F123/><W54/><G104/><T81/><D103/><U102/><E68/><V43/><F116/><W84/><G70/><T115/><D115/><U89/><E34/><V100/><F75/><W36/><G108/><T134/><D32/><U20/><E38/><V96/><F109/><W35/><G36/><T135/><D9/><U41/><E2/><V132/><F132/><W24/><G39/><T130/><D77/><U107/><REACH who="1" step="1"/><E102/><REACH who="1" ten="346,225,164,255" step="2"/><V61/><F7/><W55/><G35/><T80/><D127/><U121/><E121/><V0/><F0/><W117/><G114/><T88/><D135/><U56/><E56/><N who="0" m="21545" /><D134/><U94/><E94/><N who="2" m="56415" /><F100/><W119/><G95/><T90/><D66/><N who="2" m="25130" /><F43/><W111/><G42/><T23/><D23/><U40/><E40/><V110/><F110/><W122/><G111/><T133/><D133/><U101/><E101/><V4/><F4/><W69/><G69/><T27/><D27/><AGARI ba="2,1" hai="3,5,10,17,20,27,41,44,50,87,89,93,105,107" machi="27" ten="30,3900,0" yaku="1,1,7,1,52,1,53,0" doraHai="14" doraHaiUra="124" who="1" fromWho="0" sc="346,-45,225,55,164,0,255,0" /><AGARI ba="2,0" hai="22,27,31,46,48,52,60,61" m="25130,56415" machi="27" ten="30,2000,0" yaku="8,1,54,1" doraHai="14" who="2" fromWho="0" sc="301,-20,280,0,164,20,255,0" /><INIT seed="1,0,0,2,4,90" ten="281,280,184,255" oya="1" hai0="40,88,120,29,15,119,39,43,18,2,35,62,32" hai1="77,0,87,74,4,122,68,99,44,47,26,132,75" hai2="93,134,19,1,28,3,22,33,17,24,111,41,76" hai3="114,126,12,64,54,31,129,86,71,52,95,73,34"/><U83/><E122/><V49/><F134/><W92/><G114/><T135/><D119/><U78/><E132/><V51/><F111/><W72/><G73/><T121/><D135/><U53/><E68/><V46/><F76/><W59/><G72/><T14/><D2/><U9/><E99/><V42/><F19/><W70/><G129/><T6/><D62/><U60/><E26/><V21/><F33/><W117/><G117/><T96/><D35/><U67/><E78/><V109/><F109/><W124/><G12/><T23/><D32/><U58/><REACH who="1" step="1"/><E44/><REACH who="1" ten="281,270,184,255" step="2"/><V89/><F41/><W80/><G71/><T112/><D40/><U94/><E94/><N who="3" m="35882" /><G70/><T84/><D43/><U79/><E79/><V103/><F103/><W30/><G34/><T81/><D112/><U25/><E25/><V38/><F3/><W48/><G126/><T91/><D120/><U13/><E13/><V101/><F1/><W97/><G97/><T55/><D121/><U37/><E37/><V123/><F101/><W82/><G124/><T20/><D96/><U57/><E57/><V85/><REACH who="2" step="1"/><F123/><REACH who="2" ten="281,270,174,255" step="2"/><W11/><G31/><T130/><D29/><U118/><E118/><V56/><F56/><W36/><G30/><T107/><D14/><AGARI ba="0,2" hai="14,17,21,22,24,28,38,42,46,49,51,85,89,93" machi="14" ten="30,3900,0" yaku="1,1,7,1,52,1,53,0" doraHai="90" doraHaiUra="105" who="2" fromWho="0" sc="281,-39,270,0,174,59,255,0" /><INIT seed="2,0,0,1,0,97" ten="242,270,233,255" oya="2" hai0="40,39,57,112,60,9,85,23,44,6,46,8,94" hai1="110,84,33,53,43,32,108,25,16,81,13,48,18" hai2="96,5,125,73,50,20,28,78,70,130,67,123,2" hai3="116,74,86,17,1,4,107,119,42,24,62,127,115"/><V124/><F123/><W27/><G74/><T11/><D112/><U63/><E63/><N who="2" m="40319" /><F50/><W98/><G115/><T15/><D44/><N who="1" m="27783" /><E43/><V76/><F73/><W111/><G42/><T120/><D23/><N who="1" m="11663" /><E18/><V49/><F49/><W45/><G17/><T103/><D120/><U118/><E118/><V91/><F5/><W14/><G4/><T89/><REACH who="0" step="1"/><D103/><REACH who="0" ten="232,270,233,255" step="2"/><U38/><E38/><V134/><F134/><W92/><G116/><T82/><D82/><U54/><E81/><V95/><F2/><W83/><G1/><T21/><D21/><U7/><E32/><V87/><F20/><W109/><G119/><T65/><AGARI ba="0,1" hai="6,8,9,11,15,39,40,46,57,60,65,85,89,94" machi="65" ten="20,5200,0" yaku="1,1,0,1,7,1,53,1" doraHai="97" doraHaiUra="69" who="0" fromWho="0" sc="232,62,270,-13,233,-26,255,-13" /><INIT seed="3,0,0,2,0,69" ten="294,257,207,242" oya="3" hai0="18,87,62,89,107,61,125,30,100,120,116,33,123" hai1="59,68,24,44,21,26,35,58,104,74,53,19,11" hai2="114,20,94,49,95,128,122,99,0,76,15,45,82" hai3="2,96,36,65,118,28,110,135,22,129,81,84,8"/><W133/><G118/><T132/><D116/><U131/><E68/><V109/><F0/><W103/><G129/><T42/><D42/><U3/><E131/><V56/><F109/><W57/><G110/><T32/><D107/><U14/><E104/><V16/><F114/><W50/><G2/><T1/><D1/><U29/><E74/><V6/><F122/><W12/><G28/><T66/><D100/><U85/><E85/><V108/><F108/><W124/><G22/><T88/><D18/><U64/><E64/><V101/><F128/><W48/><G124/><T5/><D87/><U77/><E77/><V7/><F56/><W46/><G36/><T51/><D51/><N who="1" m="28903" /><E24/><V119/><F94/><N who="3" m="58775" /><G65/><T117/><D66/><U73/><E73/><V52/><REACH who="2" step="1"/><F119/><REACH who="2" ten="294,257,197,242" step="2"/><W92/><G57/><T55/><D117/><U34/><E34/><V102/><F102/><W67/><G92/><T25/><D123/><U54/><E54/><V112/><F112/><W17/><G67/><T111/><D55/><U75/><E59/><V126/><F126/><W93/><G93/><T121/><D120/><U37/><E58/><V80/><F80/><W113/><G113/><T97/><D121/><U86/><E35/><V72/><AGARI ba="0,1" hai="6,7,15,16,20,45,49,52,72,76,82,95,99,101" machi="72" ten="20,12000,2" yaku="1,1,0,1,7,1,54,2,53,1" doraHai="69" doraHaiUra="79" who="2" fromWho="2" sc="294,-30,257,-30,197,130,242,-60" owari="264,6.0,227,-17.0,327,43.0,182,-32.0" /></mjloggm>