<mjloggm ver="2.3"><GO type="169" lobby="0"/><UN n0="%E3%83%88%E3%83%88%E3%83%AA%E5%85%88%E7%94%9F%31%39%E6%AD%B3" n1="%E5%A4%A9%E7%A9%BA%73%61%79%61" n2="%E2%98%86%EF%BC%B2%EF%BC%8E%EF%BC%A4%EF%BC%8E%E2%98%85" n3="%E8%80%B3%E3%81%8B%E3%82%8A%E3%81%8B%E3%82%8A" dan="18,17,16,16" rate="2266.29,2187.70,2127.02,2073.19" sx="F,M,M,M"/><TAIKYOKU oya="0"/><INIT seed="0,0,0,1,4,5" ten="250,250,250,250" oya="0" hai0="99,72,73,63,2,62,8,35,22,106,17,109,48" hai1="89,75,98,64,59,114,37,39,134,21,118,127,13" hai2="26,9,88,38,20,84,125,83,14,24,55,16,135" hai3="1,113,12,128,30,68,90,108,77,119,131,65,105"/><T33/><D109/><U122/><E122/><V76/><F38/><W104/><G68/><T86/><D106/><U3/><E118/><V49/><F125/><W103/><G65/><T60/><D99/><U52/><E3/><V58/><F135/><W67/><G67/><T79/><D86/><U47/><E75/><V91/><F24/><W18/><G1/><T53/><D79/><U126/><E134/><V115/><F115/><W23/><G113/><T87/><D87/><U92/><E64/><V112/><F112/><W10/><G119/><T82/><D82/><U132/><E132/><V50/><F50/><W56/><G77/><T42/><D42/><U85/><E98/><V66/><F66/><W124/><G108/><T25/><D72/><U15/><E15/><V70/><F70/><W32/><G124/><N who="1" m="47658" /><E47/><V78/><F78/><W74/><G74/><T69/><D73/><U45/><E45/><V94/><F94/><W111/><G105/><T107/><D107/><U101/><E101/><V27/><F27/><W36/><G103/><T123/><D123/><U81/><E81/><V28/><AGARI ba="0,0" hai="9,14,16,20,26,28,49,55,58,76,83,84,88,91" machi="28" ten="20,12000,2" yaku="0,1,7,1,8,1,52,1,54,2" doraHai="5" who="2" fromWho="2" sc="250,-60,250,-30,250,120,250,-30" /><INIT seed="1,0,0,0,1,122" ten="190,220,370,220" oya="1" hai0="116,101,90,14,7,70,45,56,38,24,57,81,78" hai1="12,95,13,129,65,39,29,86,134,10,66,51,48" hai2="20,133,126,111,31,19,84,52,25,58,23,68,2" hai3="4,121,60,105,112,71,33,5,125,47,28,108,40"/><U114/><E39/><V46/><F111/><W63/><G121/><T131/><D116/><U88/><E114/><V11/><F68/><W103/><G112/><T85/><D70/><U127/><E127/><V107/><F126/><W130/><G125/><T0/><D0/><U8/><E134/><V104/><F133/><W123/><G130/><T43/><D131/><U72/><E72/><V50/><F84/><W94/><G108/><T96/><D24/><U64/><E129/><V59/><F59/><W42/><G123/><T41/><D41/><U120/><E29/><V77/><F77/><W106/><G71/><T89/><D89/><U6/><REACH who="1" step="1"/><E120/><REACH who="1" ten="190,210,370,220" step="2"/><V97/><F31/><W113/><G28/><T21/><D38/><U34/><E34/><V16/><F107/><W91/><G33/><T3/><D3/><U83/><E83/><V135/><F104/><W17/><G106/><T119/><D119/><U74/><E74/><V32/><F32/><W67/><G105/><T100/><D81/><U75/><E75/><V117/><F135/><W15/><G113/><T76/><D76/><U92/><E92/><V1/><F117/><W53/><G94/><T128/><D78/><U132/><E132/><V80/><F80/><W37/><G37/><T118/><D128/><U99/><E99/><V27/><F97/><W49/><G91/><T82/><D96/><U22/><E22/><V98/><F98/><W115/><G115/><T44/><D21/><U62/><E62/><N who="2" m="36167" /><F11/><W61/><G61/><T87/><D118/><U93/><E93/><V73/><F73/><W30/><G63/><RYUUKYOKU ba="0,1" sc="190,-15,210,15,370,15,220,-15" hai1="6,8,10,12,13,48,51,64,65,66,86,88,95" hai2="1,2,16,19,20,23,25,27,46,50" /><INIT seed="1,1,1,0,2,2" ten="175,225,385,205" oya="1" hai0="5,68,50,96,35,49,30,20,116,102,33,85,29" hai1="103,109,56,122,99,72,108,67,66,132,57,54,63" hai2="60,4,121,13,84,71,125,52,81,43,7,111,82" hai3="48,15,37,127,73,44,24,114,128,78,131,42,95"/><U69/><E72/><V74/><F121/><W39/><G114/><T110/><D116/><U75/><E75/><V23/><F74/><W113/><G113/><T91/><D68/><U59/><E122/><V51/><F111/><N who="1" m="42569" /><E132/><V0/><F0/><W101/><G127/><T38/><D38/><U135/><E135/><V1/><F1/><W105/><G105/><T92/><D110/><U97/><E67/><V104/><F104/><W32/><G39/><T40/><D5/><N who="2" m="2122" /><F71/><W118/><G37/><T22/><D35/><U45/><E103/><V88/><F82/><W106/><G118/><T70/><D33/><U19/><E19/><N who="2" m="10735" /><F125/><W55/><G32/><T12/><D70/><U6/><E6/><V123/><F123/><W87/><G73/><T8/><D30/><U89/><E89/><V47/><F60/><W10/><G106/><T53/><D29/><U100/><E100/><V98/><F98/><N who="1" m="37385" /><E45/><V28/><F28/><W11/><G101/><T120/><D120/><U14/><E14/><V64/><F64/><W76/><G15/><T31/><D31/><U94/><E94/><V25/><F25/><W134/><G24/><T79/><D102/><U62/><AGARI ba="1,1" hai="54,56,57,59,62,63,66,69" m="37385,42569" machi="62" ten="30,3000,0" yaku="14,1,10,1" doraHai="2" who="1" fromWho="1" sc="175,-11,225,43,385,-11,205,-11" /><INIT seed="1,2,0,0,5,77" ten="164,268,374,194" oya="1" hai0="67,125,89,99,17,5,124,82,47,68,100,122,110" hai1="48,111,132,55,95,85,4,101,126,22,52,93,29" hai2="71,131,9,87,84,79,18,13,36,102,10,28,2" hai3="23,78,119,7,134,108,116,53,117,6,129,21,118"/><U51/><E132/><V61/><F36/><W15/><N who="3" m="29696" /><DORA hai="3" /><W25/><G78/><T94/><D110/><U80/><E111/><V133/><F131/><W8/><G53/><N who="1" m="20554" /><E126/><N who="0" m="48745" /><D122/><U114/><E4/><N who="3" m="1578" /><G108/><T50/><D17/><U14/><E14/><V107/><F18/><N who="3" m="8551" /><G129/><T130/><D130/><U39/><E39/><V30/><F71/><W45/><G45/><T57/><D68/><U104/><E51/><V120/><F61/><W73/><G73/><T109/><D5/><U121/><E48/><V75/><F75/><W66/><G66/><T98/><D109/><U112/><E121/><V96/><F79/><W37/><G37/><T81/><D50/><U123/><E123/><V63/><F63/><W83/><G83/><N who="0" m="31755" /><D47/><U76/><E76/><V62/><F120/><W38/><G38/><T127/><D127/><U31/><E112/><V91/><F62/><W11/><G11/><T135/><D67/><U103/><E114/><V88/><F9/><W65/><G65/><T44/><D44/><U86/><E80/><V12/><F10/><W27/><G134/><T49/><D49/><U35/><E29/><V20/><F28/><W72/><G72/><T43/><D135/><U19/><E31/><V113/><F30/><W56/><G56/><T24/><D57/><U41/><E19/><V64/><F64/><W128/><G128/><T46/><D46/><U33/><E33/><V34/><F34/><W58/><G58/><T59/><D59/><U90/><E35/><V40/><F133/><W16/><G16/><T32/><D32/><U74/><E74/><V105/><F113/><RYUUKYOKU ba="2,0" sc="164,-10,268,-10,374,-10,194,30" hai3="21,23,25,27" /><INIT seed="2,3,0,3,0,22" ten="154,258,364,224" oya="2" hai0="89,31,119,58,104,101,33,130,100,125,91,123,77" hai1="60,75,65,84,95,57,0,67,3,20,50,34,92" hai2="103,29,117,2,127,102,40,63,4,13,70,42,82" hai3="12,109,1,26,107,6,93,48,74,47,135,90,25"/><V53/><F2/><W23/><G107/><T121/><D130/><U19/><E34/><V32/><F117/><W128/><G74/><T17/><D125/><U62/><E75/><V37/><F127/><W110/><G128/><T28/><D119/><U38/><E38/><V52/><F82/><W21/><G1/><T118/><D118/><U59/><E95/><V115/><F115/><W68/><G68/><T39/><D39/><U120/><E120/><V54/><F37/><W7/><G135/><T18/><D58/><U16/><E19/><V69/><F29/><W76/><G76/><T133/><D77/><U41/><E92/><V86/><F86/><W124/><G124/><T78/><D78/><U71/><E84/><V27/><F32/><W80/><G80/><T111/><D33/><U94/><E94/><V87/><F87/><W132/><G132/><T46/><D46/><U116/><E116/><V126/><F126/><W108/><G6/><T88/><D91/><U99/><E99/><V61/><F54/><N who="3" m="29983" /><G7/><T72/><D72/><U51/><E71/><V97/><F4/><W56/><G56/><T55/><D133/><U24/><E51/><V73/><F73/><W44/><G44/><AGARI ba="3,0" hai="0,3,16,20,24,41,44,50,57,59,60,62,65,67" machi="44" ten="40,5200,0" yaku="9,1,52,1,54,1" doraHai="22" who="1" fromWho="3" sc="154,0,258,61,364,0,224,-61" /><INIT seed="3,0,0,3,1,114" ten="154,319,364,163" oya="3" hai0="87,74,103,64,31,53,57,80,24,84,106,92,38" hai1="77,123,0,81,91,32,50,86,23,66,26,37,16" hai2="15,99,88,55,11,1,65,76,51,60,59,105,117" hai3="124,39,93,54,102,2,121,8,82,27,134,115,25"/><W97/><G121/><T30/><D38/><U116/><E123/><V47/><F117/><W4/><G115/><T85/><D106/><U35/><E37/><V13/><F76/><W98/><G39/><T62/><D74/><U75/><E0/><V5/><REACH who="2" step="1"/><F105/><REACH who="2" ten="154,319,354,163" step="2"/><W73/><G134/><T7/><D80/><U112/><E116/><V127/><F127/><W22/><G124/><T17/><D92/><AGARI ba="0,1" hai="1,5,11,13,15,47,51,55,59,60,65,88,92,99" machi="92" ten="40,5200,0" yaku="1,1,54,1,53,1" doraHai="114" doraHaiUra="95" who="2" fromWho="0" sc="154,-52,319,0,354,62,163,0" /><INIT seed="4,0,0,2,4,83" ten="102,319,416,163" oya="0" hai0="45,115,40,97,11,56,85,1,67,51,134,38,24" hai1="95,60,99,131,8,108,27,120,90,3,69,2,49" hai2="124,66,19,44,39,82,28,35,4,122,63,32,5" hai3="93,13,61,128,117,29,88,43,89,77,10,104,92"/><T22/><D115/><U126/><E108/><V26/><F122/><W62/><G117/><T74/><D74/><U50/><E120/><V76/><F32/><W72/><G104/><T79/><D134/><U75/><E75/><V34/><F34/><W135/><G135/><T102/><D1/><U133/><E133/><V46/><F19/><W105/><G105/><T125/><D125/><U23/><E131/><V25/><F25/><W16/><G128/><T15/><D38/><U123/><E126/><V84/><F124/><W52/><G43/><T17/><D56/><U130/><E130/><V100/><F100/><W36/><G36/><T119/><D119/><U33/><E33/><V37/><F37/><W113/><G29/><T129/><D129/><U64/><E123/><V112/><F112/><W118/><G118/><T80/><D67/><U42/><E42/><V132/><F132/><W109/><G109/><T121/><D121/><U86/><E99/><V110/><F110/><W9/><G113/><T96/><REACH who="0" step="1"/><D102/><REACH who="0" ten="92,319,416,163" step="2"/><U41/><E3/><V0/><F0/><W57/><G72/><T12/><D12/><U106/><E2/><V7/><F39/><W127/><G127/><T30/><AGARI ba="0,1" hai="11,15,17,22,24,30,40,45,51,79,80,85,96,97" machi="30" ten="20,18000,2" yaku="1,1,0,1,7,1,8,1,52,1,53,1" doraHai="83" doraHaiUra="81" who="0" fromWho="0" sc="92,190,319,-60,416,-60,163,-60" /><INIT seed="4,1,0,5,5,122" ten="282,259,356,103" oya="0" hai0="45,66,14,92,129,98,15,43,30,116,110,99,83" hai1="95,134,100,50,71,61,44,78,38,37,111,82,7" hai2="131,89,51,132,23,47,133,17,85,13,46,19,24" hai3="106,4,48,84,59,20,102,21,74,36,123,57,70"/><T3/><D116/><U115/><E111/><V77/><F77/><W81/><G123/><T55/><D3/><U22/><E134/><N who="2" m="51819" /><F131/><W75/><G36/><T109/><D129/><U29/><E7/><V94/><F51/><W8/><G70/><T18/><D30/><U120/><E120/><V103/><F103/><W42/><G102/><T88/><D66/><U69/><E69/><V130/><F130/><W80/><G106/><T6/><D55/><U114/><E61/><V117/><F117/><W126/><G126/><T5/><D98/><N who="1" m="59487" /><E71/><V118/><F118/><W124/><G124/><T128/><D83/><U113/><E22/><AGARI ba="1,0" hai="13,17,19,22,23,24,46,47,85,89,94" m="51819" machi="22" ten="30,1000,0" yaku="20,1" doraHai="122" who="2" fromWho="1" sc="282,0,259,-13,356,13,103,0" /><INIT seed="5,0,0,2,3,79" ten="282,246,369,103" oya="1" hai0="81,10,105,25,27,45,68,102,84,14,38,19,110" hai1="82,97,54,132,77,99,91,124,63,22,62,125,46" hai2="69,18,126,89,88,95,48,40,70,104,87,32,133" hai3="134,53,113,11,128,13,71,93,73,37,108,43,135"/><U122/><E122/><V114/><F104/><W29/><G108/><T85/><D110/><U117/><E117/><V112/><F126/><N who="1" m="48745" /><E132/><V26/><F133/><W5/><G71/><T57/><D68/><U16/><E46/><N who="2" m="25671" /><F89/><W72/><G113/><N who="2" m="43625" /><F18/><W51/><G128/><T119/><D119/><U60/><E54/><V3/><F3/><W2/><G134/><T64/><D102/><U6/><E91/><V101/><F101/><W106/><G135/><T131/><D105/><U20/><E6/><V65/><F65/><W90/><G106/><T21/><D131/><U41/><E41/><V98/><F98/><N who="1" m="37385" /><E16/><V59/><F59/><W42/><G2/><T58/><D45/><U4/><E4/><V116/><F116/><W44/><G42/><T121/><D58/><U92/><E92/><V12/><F12/><W56/><REACH who="3" step="1"/><G29/><AGARI ba="0,0" hai="26,29,32,69,70,87,88,95" m="43625,25671" machi="29" ten="30,3900,0" yaku="15,1,11,1,54,1" doraHai="79" who="2" fromWho="3" sc="282,0,246,0,369,39,103,-39" /><INIT seed="6,0,0,5,0,106" ten="282,246,408,64" oya="2" hai0="58,82,7,73,123,130,134,92,13,74,26,77,109" hai1="86,17,64,67,76,15,72,133,132,124,91,2,79" hai2="81,51,113,19,1,28,97,66,62,121,88,118,3" hai3="31,116,83,98,35,89,60,131,16,57,69,135,46"/><V114/><F118/><W50/><G116/><T55/><D109/><U23/><E2/><V54/><F121/><W27/><G69/><T52/><D123/><U115/><E115/><V24/><F19/><W4/><G135/><N who="1" m="51786" /><E124/><V53/><F53/><W95/><G131/><T8/><D134/><U122/><E122/><V128/><F128/><W127/><G127/><T34/><D130/><U11/><E11/><V36/><F36/><W21/><G4/><T103/><D55/><U0/><E0/><V41/><F41/><W25/><G83/><T126/><D126/><U20/><E20/><V117/><F117/><W100/><G100/><T84/><D103/><U96/><E96/><V43/><F43/><W102/><G102/><T107/><D92/><N who="1" m="54391" /><E79/><V6/><F97/><W9/><G9/><T30/><REACH who="0" step="1"/><D107/><REACH who="0" ten="272,246,408,64" step="2"/><U104/><E104/><V29/><F54/><W22/><G35/><T90/><D90/><U63/><E63/><AGARI ba="0,1" hai="7,8,13,26,30,34,52,58,63,73,74,77,82,84" machi="63" ten="30,12000,2" yaku="1,1,7,1,52,2,54,1,53,1" doraHai="106" doraHaiUra="5" who="0" fromWho="1" sc="272,130,246,-120,408,0,64,0" /><INIT seed="7,0,0,5,5,62" ten="402,126,408,64" oya="3" hai0="21,42,57,68,109,49,36,53,75,45,112,50,99" hai1="16,86,101,130,13,5,17,80,6,117,105,43,33" hai2="58,123,100,4,90,104,119,92,46,37,97,70,85" hai3="111,126,54,125,102,30,32,59,120,135,87,56,73"/><W7/><G120/><T23/><D75/><U82/><E33/><V113/><F119/><W77/><G73/><T128/><D109/><U64/><E117/><V22/><F123/><W65/><G111/><T61/><D112/><U116/><E116/><V1/><F70/><W24/><G135/><T35/><D35/><U69/><E130/><V55/><F113/><W89/><G102/><T44/><D128/><U52/><E43/><V15/><F1/><W66/><G7/><T11/><D68/><U76/><E17/><V38/><F46/><W20/><G77/><T14/><D99/><U2/><E2/><V51/><F4/><W88/><G32/><T71/><D71/><U84/><E64/><N who="3" m="24682" /><G89/><T103/><D103/><U79/><E69/><V106/><F106/><W19/><G30/><T129/><D36/><U47/><E101/><V63/><F63/><W131/><G131/><T110/><D110/><U25/><E105/><V96/><F96/><W95/><G54/><N who="0" m="29999" /><D129/><U118/><E118/><V40/><F40/><W34/><G34/><T74/><D74/><U18/><E52/><V31/><F31/><W12/><G24/><T114/><D114/><U132/><E132/><V91/><F90/><W94/><G94/><T72/><D72/><U107/><E107/><V3/><F3/><W134/><G134/><T115/><D115/><U48/><E25/><V83/><F104/><W127/><AGARI ba="0,0" hai="12,19,20,56,59,87,88,95,125,126,127" m="24682" machi="127" ten="40,12000,1" yaku="18,1,52,3,54,1" doraHai="62" who="3" fromWho="3" sc="402,-40,126,-40,408,-40,64,120" /><INIT seed="7,1,0,3,0,84" ten="362,86,368,184" oya="3" hai0="73,23,1,90,69,97,43,16,9,22,68,124,58" hai1="33,134,56,120,88,49,99,126,101,59,54,50,34" hai2="12,2,77,40,118,29,57,53,38,11,71,26,64" hai3="83,102,24,100,91,127,74,108,15,14,21,95,128"/><W98/><G108/><T111/><D111/><U94/><E126/><V39/><F118/><W117/><G117/><T0/><D73/><U27/><E134/><V30/><F2/><W132/><G127/><T25/><D124/><U41/><E120/><V67/><F77/><W109/><G109/><T28/><D43/><U19/><E41/><V7/><F71/><W61/><G132/><T87/><D97/><U44/><E101/><V6/><F6/><W89/><G128/><T45/><D45/><U119/><E119/><V51/><F29/><W122/><G122/><T18/><D28/><U5/><E5/><V36/><REACH who="2" step="1"/><F40/><REACH who="2" ten="362,86,358,184" step="2"/><W92/><G74/><T79/><D79/><U62/><E44/><V96/><F96/><N who="3" m="57375" /><G83/><T47/><D47/><U123/><E123/><V46/><F46/><W4/><G61/><T103/><D68/><U115/><E115/><V82/><F82/><W107/><G107/><T86/><D69/><U116/><E116/><V85/><F85/><W81/><G4/><T113/><D113/><U93/><E93/><V78/><F78/><W3/><G3/><T106/><D87/><U105/><E105/><V20/><AGARI ba="1,1" hai="7,11,12,20,26,30,36,38,39,51,53,57,64,67" machi="20" ten="30,4000,0" yaku="1,1,0,1,53,1" doraHai="84" doraHaiUra="8" who="2" fromWho="2" sc="362,-11,86,-11,358,53,184,-21" owari="351,15.0,75,-42.0,411,51.0,163,-24.0" /></mjloggm>