<mjloggm ver="2.3"><GO type="97" lobby="0"/><UN n0="%E8%AB%BE" n1="%E5%B0%B1%E6%B4%BB%E7%94%9F%40%E5%B7%9D%E6%9D%91%E8%BB%8D%E5%9B%A3" n2="%E3%83%8B%E3%82%A6%E3%83%91%E3%83%AB%52" n3="%E3%81%93%E3%82%8C%E3%81%AF%EF%BD%97%EF%BD%97%EF%BD%97" dan="14,14,15,15" rate="1923.02,1981.45,1985.73,2016.80" sx="M,M,M,F"/><TAIKYOKU oya="0"/><INIT seed="0,0,0,5,0,130" ten="250,250,250,250" oya="0" hai0="21,11,72,107,27,62,73,127,26,5,19,102,79" hai1="29,28,109,125,12,96,90,113,114,69,135,20,41" hai2="70,17,111,43,129,48,0,39,54,15,42,116,14" hai3="49,112,99,94,22,122,10,121,51,105,46,126,134"/><T64/><D127/><U59/><E69/><V25/><F0/><W53/><G112/><N who="1" m="43114" /><E125/><V76/><F70/><W85/><G126/><T108/><D79/><U57/><E109/><V119/><F129/><W92/><G10/><T63/><D63/><U88/><E41/><V97/><F111/><W9/><G9/><T52/><D108/><U37/><E37/><V124/><F124/><W83/><G105/><T24/><D107/><U98/><E135/><V81/><F39/><W36/><G36/><T8/><D102/><U106/><E12/><V93/><F25/><N who="0" m="9834" /><D73/><U6/><E20/><V103/><F119/><W44/><G22/><T71/><D72/><U30/><E6/><V3/><F3/><W58/><G134/><T120/><D120/><N who="3" m="46185" /><G99/><N who="1" m="37930" /><E106/><V89/><F116/><W60/><G46/><T87/><D71/><U18/><E18/><V2/><F2/><W115/><G115/><T16/><D5/><U133/><E133/><V128/><F128/><W34/><G34/><T68/><D68/><U4/><E4/><V91/><F103/><W1/><G1/><T33/><D33/><U118/><E118/><V82/><F91/><AGARI ba="0,0" hai="28,29,30,57,59,88,90,91" m="37930,43114" machi="91" ten="40,8000,1" yaku="28,2,11,1,54,1" doraHai="130" who="1" fromWho="2" sc="250,0,250,80,250,-80,250,0" /><INIT seed="1,0,0,4,3,109" ten="250,330,170,250" oya="1" hai0="1,32,67,112,39,65,104,61,14,79,46,90,24" hai1="47,82,116,130,11,26,85,23,41,58,56,10,87" hai2="33,8,40,128,121,97,129,6,96,118,133,108,2" hai3="7,66,70,12,27,95,101,127,114,75,86,72,120"/><U132/><E116/><V135/><F40/><W62/><G120/><T123/><D112/><U60/><E130/><N who="2" m="50283" /><F97/><W4/><G114/><T68/><D123/><U49/><E132/><N who="2" m="50763" /><F96/><W98/><G127/><T43/><D79/><N who="1" m="46303" /><E87/><V42/><F42/><W78/><G27/><T81/><D14/><U74/><E74/><V111/><F121/><W59/><G70/><T134/><D65/><N who="1" m="39047" /><E58/><V55/><F55/><W29/><G86/><T91/><D81/><U50/><E50/><V125/><F118/><W53/><G53/><T124/><D134/><U18/><AGARI ba="0,0" hai="10,11,18,23,26,41,47,49" m="39047,46303" machi="18" ten="30,1500,0" yaku="8,1" doraHai="109" who="1" fromWho="1" sc="250,-5,330,15,170,-5,250,-5" /><INIT seed="1,1,0,3,1,68" ten="245,345,165,245" oya="1" hai0="16,92,48,66,15,130,75,100,10,97,84,70,41" hai1="52,126,116,127,98,133,55,79,46,89,28,123,12" hai2="109,125,60,118,30,25,14,1,50,59,87,132,107" hai3="112,47,34,63,44,58,56,32,57,122,45,85,23"/><U33/><E116/><V120/><F118/><W131/><G112/><T95/><D75/><U27/><E123/><V124/><F120/><W73/><G122/><T114/><D114/><U83/><E133/><V62/><F1/><W18/><G73/><T96/><D130/><U108/><E12/><V8/><F107/><W105/><G105/><T91/><D70/><U42/><E108/><V35/><F109/><W7/><G131/><T40/><D66/><U5/><E5/><V9/><F132/><W49/><G7/><T22/><D48/><U3/><E89/><V65/><F87/><W119/><G119/><T4/><REACH who="0" step="1"/><D84/><REACH who="0" ten="235,345,165,245" step="2"/><U19/><E126/><V121/><F50/><W78/><G49/><T80/><D80/><U93/><E127/><V81/><F121/><W6/><G85/><T13/><AGARI ba="1,1" hai="4,10,13,15,16,22,40,41,91,92,95,96,97,100" machi="13" ten="20,12000,2" yaku="1,1,0,1,7,1,8,1,54,1,53,1" doraHai="68" doraHaiUra="99" who="0" fromWho="0" sc="235,133,345,-61,165,-31,245,-31" /><INIT seed="2,0,0,3,2,64" ten="368,284,134,214" oya="2" hai0="113,49,106,115,92,88,30,99,13,3,102,80,124" hai1="96,48,93,129,41,36,82,135,97,71,84,19,58" hai2="98,119,70,37,11,114,104,21,94,62,101,5,28" hai3="105,69,83,38,61,26,44,77,134,17,46,116,29"/><V73/><F119/><W112/><G116/><T24/><D3/><U59/><E129/><V23/><F114/><W40/><G112/><T54/><D13/><U78/><E135/><V27/><F37/><W43/><G134/><T50/><D124/><U95/><E71/><V127/><F73/><W120/><G120/><T85/><D49/><U18/><E36/><V55/><F127/><W74/><G105/><T7/><D7/><U14/><E41/><V117/><F117/><W130/><G130/><T56/><REACH who="0" step="1"/><D106/><REACH who="0" ten="358,284,134,214" step="2"/><U33/><E48/><V31/><F104/><W35/><G38/><T60/><D60/><U65/><E14/><V66/><F5/><W25/><G61/><T107/><D107/><U15/><E15/><V16/><F62/><W125/><G125/><T34/><AGARI ba="0,1" hai="24,30,34,50,54,56,80,85,88,92,99,102,113,115" machi="34" ten="20,8000,1" yaku="1,1,0,1,7,1,54,1,53,1" doraHai="64" doraHaiUra="90" who="0" fromWho="0" sc="358,90,284,-20,134,-40,214,-20" /><INIT seed="3,0,0,2,1,15" ten="448,264,94,194" oya="3" hai0="102,25,83,79,70,18,89,12,28,58,45,133,128" hai1="36,43,113,49,82,57,33,62,84,2,116,99,44" hai2="104,32,5,123,9,80,120,111,101,74,77,48,35" hai3="50,72,129,10,96,95,66,3,64,73,69,29,88"/><W124/><G129/><T86/><D70/><U56/><E113/><V126/><F48/><W7/><G124/><T103/><D128/><U107/><E116/><V47/><F47/><W105/><G105/><T110/><D110/><U41/><E33/><V24/><F111/><W31/><G50/><T134/><D45/><U131/><E2/><V38/><F38/><W114/><G114/><T135/><D58/><U63/><E131/><V98/><F126/><W65/><REACH who="3" step="1"/><G69/><REACH who="3" ten="448,264,94,184" step="2"/><T39/><D39/><U78/><E36/><V59/><F123/><W106/><G106/><T42/><D42/><U6/><E43/><V87/><F120/><W17/><G17/><T85/><D28/><AGARI ba="0,1" hai="3,7,10,28,29,31,64,65,66,72,73,88,95,96" machi="28" ten="40,3900,0" yaku="1,1,54,1,53,0" doraHai="15" doraHaiUra="52" who="3" fromWho="0" sc="448,-39,264,0,94,0,184,49" /><INIT seed="3,1,0,1,1,45" ten="409,264,94,233" oya="3" hai0="116,38,103,51,5,0,53,18,99,16,135,48,54" hai1="22,26,94,65,31,6,85,134,112,128,17,119,105" hai2="81,27,67,123,91,93,29,82,80,95,77,89,120" hai3="124,37,102,126,32,59,107,74,111,10,3,7,113"/><W71/><RYUUKYOKU type="yao9" ba="1,0" sc="409,0,264,0,94,0,233,0" hai3="3,7,10,32,37,59,71,74,102,107,111,113,124,126" /><INIT seed="3,2,0,2,4,116" ten="409,264,94,233" oya="3" hai0="1,8,129,49,20,73,93,78,63,135,82,91,79" hai1="16,19,109,39,54,10,32,119,21,44,59,88,17" hai2="70,12,37,0,61,112,46,87,83,43,36,60,9" hai3="29,15,121,26,69,31,5,55,104,75,113,127,85"/><W28/><G113/><T100/><D135/><U6/><E32/><V124/><F112/><W27/><G75/><T22/><D79/><U117/><E109/><V110/><F110/><W102/><G69/><T76/><D76/><U71/><E71/><V7/><F124/><W106/><G127/><T25/><D129/><U115/><E115/><V64/><F61/><W3/><G3/><T41/><D100/><U98/><E44/><V134/><F134/><W101/><G85/><T2/><D63/><N who="1" m="36343" /><E39/><V52/><F52/><W133/><G133/><T35/><D22/><U34/><E34/><V122/><F37/><W97/><G55/><T47/><D8/><U126/><E126/><V94/><F94/><W13/><G5/><T53/><D35/><U74/><E74/><V81/><F0/><W132/><G132/><T14/><D14/><N who="3" m="5129" /><G97/><T56/><D91/><U80/><E10/><V42/><F43/><W18/><G18/><N who="1" m="7274" /><E6/><V108/><F108/><W123/><G101/><T67/><D93/><N who="1" m="56615" /><E80/><V103/><F103/><W40/><G102/><T68/><D20/><U125/><E125/><V11/><F11/><W107/><G40/><T131/><D25/><AGARI ba="2,0" hai="19,21,25,117,119" m="56615,7274,36343" machi="25" ten="30,3900,0" yaku="25,1,54,2" doraHai="116" who="1" fromWho="0" sc="409,-45,264,45,94,0,233,0" /><AGARI ba="2,0" hai="25,26,27,28,29,31,104,106,107,121,123" m="5129" machi="25" ten="40,12000,1" yaku="28,2,52,2" doraHai="116" who="3" fromWho="0" sc="364,-120,309,0,94,0,233,120" owari="244,-16.0,309,11.0,94,-41.0,353,46.0" /></mjloggm>