<mjloggm ver="2.3"><GO type="225" lobby="0"/><UN n0="%E3%82%B7%E3%83%AD%E3%82%AF%E3%83%AD" n1="%E3%81%8B%E3%81%B6%E3%81%AE%E4%B8%80%E5%A4%9C%E6%BC%AC%E3%81%91" n2="%4D%61%6D%65%2D%79%61" n3="%E3%83%88%E3%83%88%E3%83%AA%E5%85%88%E7%94%9F%31%39%E6%AD%B3" dan="17,16,17,18" rate="2159.21,2046.80,2187.33,2261.32" sx="M,M,M,F"/><TAIKYOKU oya="0"/><INIT seed="0,0,0,5,4,17" ten="250,250,250,250" oya="0" hai0="4,78,47,2,50,102,106,77,89,99,125,12,71" hai1="62,13,86,67,128,73,0,74,90,110,46,84,38" hai2="65,92,79,108,101,11,113,43,60,26,19,88,63" hai3="31,7,22,55,82,59,27,122,51,53,124,87,15"/><T134/><D71/><U109/><E0/><V96/><F113/><W94/><G124/><T8/><D125/><U41/><E128/><V48/><F108/><N who="1" m="41577" /><E13/><V57/><F79/><W36/><G36/><T127/><D127/><U116/><E116/><V115/><F115/><W30/><G122/><T129/><D129/><U34/><E34/><V56/><F11/><N who="3" m="4607" /><G94/><T1/><D134/><U104/><E104/><V33/><F33/><W95/><G95/><T44/><D44/><U117/><E117/><V24/><F43/><W76/><G55/><T18/><D89/><U20/><E20/><V23/><F48/><W14/><G14/><T135/><D135/><U85/><E90/><V130/><F130/><W6/><G6/><T83/><D18/><AGARI ba="0,0" hai="18,22,27,30,31,51,53,59,76,82,87" m="4607" machi="18" ten="30,2000,0" yaku="8,1,52,1" doraHai="17" who="3" fromWho="0" sc="250,-20,250,0,250,0,250,20" /><INIT seed="1,0,0,5,1,75" ten="230,250,250,270" oya="1" hai0="11,45,1,127,30,20,70,89,98,54,126,115,31" hai1="51,78,52,135,17,12,117,67,9,119,99,102,6" hai2="33,3,42,66,46,5,105,38,118,109,62,28,129" hai3="125,14,63,8,101,36,57,23,22,131,59,103,10"/><U72/><E135/><V133/><F105/><W100/><G36/><T123/><D115/><U76/><E72/><V40/><F33/><W60/><G131/><T65/><D123/><U116/><E67/><V113/><F28/><W96/><G125/><N who="0" m="47627" /><D70/><U34/><E34/><V79/><F129/><W49/><G96/><T71/><D71/><U94/><REACH who="1" step="1"/><E6/><REACH who="1" ten="230,240,250,270" step="2"/><V128/><F133/><W50/><G101/><T74/><D65/><U44/><AGARI ba="0,1" hai="9,12,17,44,51,52,76,78,94,99,102,116,117,119" machi="44" ten="30,18000,2" yaku="1,1,2,1,0,1,52,2,54,1,53,1" doraHai="75" doraHaiUra="97" who="1" fromWho="1" sc="230,-60,240,190,250,-60,270,-60" /><INIT seed="1,1,0,3,0,0" ten="170,430,190,210" oya="1" hai0="123,124,113,117,101,49,134,63,111,46,121,93,90" hai1="53,96,75,104,65,6,1,18,8,128,43,66,129" hai2="10,25,34,67,81,72,103,77,58,131,70,79,106" hai3="38,114,71,39,126,57,62,107,100,37,35,54,61"/><U120/><E120/><N who="0" m="46153" /><D117/><U51/><E75/><V5/><F131/><N who="1" m="50249" /><E43/><V15/><F79/><W91/><G35/><T48/><D113/><U108/><E108/><V3/><F58/><W11/><G114/><T59/><D111/><U110/><E110/><V7/><F15/><W118/><G126/><T74/><D124/><U24/><E24/><V133/><F7/><W112/><G112/><T32/><D32/><U82/><E82/><V60/><F133/><W122/><G122/><T116/><D116/><U55/><E18/><V21/><F21/><W16/><G118/><T36/><D74/><U26/><E26/><V130/><F130/><W2/><G100/><T20/><D101/><N who="1" m="62503" /><E53/><V132/><F132/><W31/><G107/><T19/><D134/><U109/><E109/><V56/><F103/><W52/><G31/><T17/><D36/><U23/><E23/><V85/><F106/><W83/><G83/><T135/><D135/><U73/><E73/><V41/><F41/><W119/><G119/><T68/><D68/><U102/><E102/><V47/><F72/><W12/><G91/><T45/><D19/><U78/><E78/><V92/><F25/><W86/><G71/><T98/><D17/><U27/><E27/><V105/><F34/><W29/><G29/><T95/><D20/><U115/><E115/><V94/><F105/><W44/><G86/><T69/><D69/><U97/><E97/><V84/><F70/><W127/><G127/><T87/><D87/><U22/><E22/><V50/><F84/><W30/><G38/><T9/><D98/><U88/><E88/><RYUUKYOKU ba="1,0" sc="170,-15,430,15,190,15,210,-15" hai1="1,6,8,51,55,65,66" hai2="3,5,10,47,50,56,60,67,77,81,85,92,94" /><INIT seed="1,2,0,2,0,54" ten="155,445,205,195" oya="1" hai0="120,117,81,134,6,10,50,9,1,127,52,110,67" hai1="72,102,112,131,82,100,80,71,93,103,53,44,48" hai2="63,98,62,37,135,31,18,15,32,106,41,47,25" hai3="99,84,74,83,46,77,34,119,86,23,55,39,75"/><U17/><E112/><V128/><F128/><W97/><G34/><T57/><D117/><U35/><E71/><V101/><REACH who="2" step="1"/><F135/><REACH who="2" ten="155,445,195,195" step="2"/><W8/><G119/><T56/><D134/><U73/><E131/><V126/><F126/><W90/><G75/><T87/><D127/><U76/><E35/><V130/><F130/><W113/><G74/><T28/><D110/><U58/><E73/><V22/><AGARI ba="2,1" hai="15,18,22,25,31,32,37,41,47,62,63,98,101,106" machi="22" ten="20,2700,0" yaku="1,1,0,1,7,1,53,0" doraHai="54" doraHaiUra="79" who="2" fromWho="2" sc="155,-9,445,-15,195,43,195,-9" /><INIT seed="2,0,0,5,2,1" ten="146,430,238,186" oya="2" hai0="68,44,91,93,53,77,6,111,15,119,49,64,98" hai1="89,117,134,122,84,113,55,32,79,50,42,71,109" hai2="3,112,33,95,92,36,105,99,38,90,39,101,127" hai3="85,133,116,16,124,62,74,11,120,58,48,29,35"/><V121/><F112/><W5/><G116/><T96/><D111/><U130/><E89/><V10/><F121/><W17/><G120/><T9/><D119/><U0/><E55/><V46/><F127/><W37/><G37/><T69/><D64/><U118/><E84/><V87/><F33/><W21/><G74/><T14/><D77/><U34/><E50/><V106/><REACH who="2" step="1"/><F46/><REACH who="2" ten="146,430,228,186" step="2"/><W126/><G35/><T23/><REACH who="0" step="1"/><D98/><REACH who="0" ten="136,430,228,186" step="2"/><U110/><E110/><V132/><F132/><W54/><G133/><T59/><D59/><U103/><E134/><V83/><F83/><W45/><G124/><T81/><D81/><U67/><E118/><V94/><F94/><W18/><G126/><T61/><D61/><U72/><E117/><V78/><F78/><W97/><G97/><T19/><AGARI ba="0,2" hai="6,9,14,15,19,23,44,49,53,68,69,91,93,96" machi="19" ten="30,4000,0" yaku="1,1,0,1,52,1,53,0" doraHai="1" doraHaiUra="123" who="0" fromWho="0" sc="136,60,430,-10,228,-20,186,-10" /><INIT seed="3,0,0,2,1,77" ten="196,420,208,176" oya="3" hai0="0,107,19,82,1,110,58,64,43,46,133,13,94" hai1="67,95,120,70,79,135,93,118,103,12,56,76,72" hai2="31,26,44,111,88,104,5,81,112,3,32,108,30" hai3="6,66,15,69,27,84,61,42,115,17,21,106,90"/><W53/><G115/><T68/><D107/><U52/><E56/><V105/><F112/><W73/><G106/><N who="2" m="41065" /><F31/><W98/><G73/><T57/><D68/><U128/><E52/><V126/><F44/><W9/><G98/><T89/><D110/><N who="2" m="42026" /><F126/><W71/><G53/><T96/><D133/><U123/><E12/><V100/><F100/><W130/><G130/><T2/><D64/><U45/><E93/><V33/><F33/><W97/><G97/><T37/><REACH who="0" step="1"/><D82/><REACH who="0" ten="186,420,208,176" step="2"/><U134/><E67/><V39/><F81/><W38/><G69/><T22/><AGARI ba="0,1" hai="0,1,2,13,19,22,37,43,46,57,58,89,94,96" machi="22" ten="30,4000,0" yaku="1,1,2,1,0,1,53,0" doraHai="77" doraHaiUra="28" who="0" fromWho="0" sc="186,50,420,-10,208,-10,176,-20" owari="236,4.0,410,50.0,198,-20.0,156,-34.0" /></mjloggm>