<mjloggm ver="2.3"><GO type="41" lobby="0"/><UN n0="%E5%B0%B1%E6%B4%BB%E7%94%9F%40%E5%B7%9D%E6%9D%91%E8%BB%8D%E5%9B%A3" n1="%E3%82%B4%E3%83%AB%E3%82%B4%33%32" n2="%6D%6F%74%65" n3="%E9%9B%A3%E6%B3%A2%E8%8B%B1%E4%BA%BA" dan="15,14,14,15" rate="2027.86,1944.64,1828.13,1995.71" sx="M,M,M,M"/><TAIKYOKU oya="0"/><INIT seed="0,0,0,2,1,91" ten="250,250,250,250" oya="0" hai0="119,19,78,51,130,121,49,132,77,76,4,103,85" hai1="86,43,36,53,25,27,59,108,115,120,33,45,72" hai2="60,55,107,123,2,20,94,79,82,26,30,63,13" hai3="128,92,12,58,97,134,50,48,7,46,21,102,29"/><T135/><D119/><U39/><E72/><V125/><F2/><W3/><G3/><T56/><D121/><U81/><E120/><V101/><F107/><W28/><G134/><N who="0" m="51243" /><D4/><U10/><E115/><V73/><F123/><W126/><G128/><T100/><D130/><U133/><E108/><V62/><F125/><W114/><G126/><T23/><D85/><U129/><E129/><V87/><F73/><W111/><G114/><T14/><D56/><U6/><E133/><V131/><F131/><W11/><G111/><T44/><D51/><U0/><E33/><V40/><F40/><AGARI ba="0,0" hai="14,19,23,40,44,49,76,77,78,100,103" m="51243" machi="40" ten="30,1500,0" yaku="20,1" doraHai="91" who="0" fromWho="2" sc="250,15,250,0,250,-15,250,0" /><INIT seed="0,1,0,2,1,105" ten="265,250,235,250" oya="0" hai0="127,28,42,12,55,43,94,126,53,44,32,18,23" hai1="135,48,4,2,7,95,79,84,10,83,133,66,117" hai2="132,15,99,56,134,64,34,92,38,130,6,46,101" hai3="75,3,113,65,80,41,100,121,110,82,24,67,116"/><T87/><D32/><U118/><E7/><V54/><F34/><W72/><G3/><T98/><D28/><U61/><E48/><V74/><F130/><W27/><G41/><T102/><D42/><U52/><E95/><V1/><F1/><W40/><G40/><T106/><D106/><U26/><E26/><V129/><F129/><W124/><G116/><T31/><D31/><U104/><E104/><V37/><F15/><W16/><G113/><T39/><REACH who="0" step="1"/><D87/><REACH who="0" ten="255,250,235,250" step="2"/><U73/><E84/><V35/><F35/><W86/><G86/><T11/><D11/><U22/><E22/><V125/><F125/><AGARI ba="1,1" hai="12,18,23,39,43,44,53,55,94,98,102,125,126,127" machi="125" ten="40,7700,0" yaku="1,1,18,1,53,1" doraHai="105" doraHaiUra="70" who="0" fromWho="2" sc="255,90,250,0,235,-80,250,0" /><INIT seed="0,2,0,3,5,23" ten="345,250,155,250" oya="0" hai0="70,86,117,113,128,68,38,4,62,110,118,91,89" hai1="24,8,64,102,111,126,41,67,13,108,54,90,12" hai2="5,96,32,15,109,10,97,88,30,133,85,48,0" hai3="29,26,103,66,43,129,39,35,74,84,51,46,121"/><T73/><D73/><U61/><E41/><V101/><F109/><W132/><G121/><T127/><D38/><U49/><E102/><V17/><F133/><W123/><G132/><T50/><D113/><U107/><E107/><V18/><F48/><W34/><G123/><T106/><D106/><U134/><E134/><V42/><F42/><W114/><G114/><T75/><D75/><U28/><E126/><V33/><F33/><W87/><G74/><T125/><D4/><U19/><E90/><V76/><F76/><W98/><G129/><T69/><D128/><U93/><E93/><V36/><F36/><W92/><G35/><T52/><D62/><U104/><E104/><V57/><F57/><W130/><G130/><T79/><D79/><U94/><E94/><V7/><F7/><W99/><G99/><T58/><D110/><N who="1" m="42027" /><E13/><V21/><F32/><W22/><G39/><T100/><D100/><U25/><E28/><V53/><F53/><W95/><G95/><T112/><D112/><U56/><E67/><V77/><F77/><W20/><G34/><T63/><D91/><U9/><E8/><N who="2" m="6375" /><F30/><W59/><G22/><T120/><D120/><U119/><E119/><N who="0" m="45577" /><D86/><U105/><E105/><V83/><F101/><W40/><G40/><T116/><D89/><U81/><E81/><V55/><F55/><W44/><G44/><AGARI ba="2,0" hai="9,12,19,24,25,44,49,54,56,61,64" m="42027" machi="44" ten="30,3900,0" yaku="14,1,52,2" doraHai="23" who="1" fromWho="3" sc="345,0,250,45,155,0,250,-45" /><INIT seed="1,0,0,1,0,76" ten="345,295,155,205" oya="1" hai0="99,57,59,33,85,98,1,11,116,135,65,9,113" hai1="50,3,114,16,108,64,22,67,2,127,125,29,32" hai2="13,105,37,25,7,110,91,106,126,45,5,30,52" hai3="118,90,81,121,87,107,123,12,66,51,119,18,88"/><U84/><E114/><V80/><F126/><N who="1" m="48137" /><E29/><V92/><F110/><W111/><G111/><T101/><D33/><U19/><E32/><V77/><F106/><W17/><G107/><T120/><D135/><U112/><E112/><V104/><F105/><W40/><G66/><N who="1" m="25130" /><E108/><V117/><F117/><N who="3" m="44555" /><G90/><T93/><D116/><U34/><E34/><V72/><F104/><W124/><G124/><T48/><D120/><N who="3" m="46153" /><G12/><T109/><D1/><N who="1" m="11" /><E22/><V62/><F37/><W128/><G128/><T38/><D38/><U15/><E15/><V100/><F100/><W41/><G51/><T131/><D48/><U14/><E14/><V54/><F13/><W102/><G102/><T0/><D0/><U46/><E84/><V70/><F70/><W60/><G60/><T56/><D85/><U89/><E89/><V21/><F54/><AGARI ba="0,0" hai="16,19,46,50,54" m="11,25130,48137" machi="54" ten="30,2900,0" yaku="18,1,54,1" doraHai="76" who="1" fromWho="2" sc="345,0,295,29,155,-29,205,0" /><INIT seed="1,1,0,2,2,21" ten="345,324,126,205" oya="1" hai0="78,79,9,10,25,89,87,69,12,11,60,124,32" hai1="120,75,48,18,30,45,110,106,111,16,36,8,17" hai2="95,109,23,122,42,92,107,52,102,96,46,94,47" hai3="99,4,37,132,44,29,125,83,14,59,35,5,26"/><U103/><E103/><BYE who="1" /><V63/><F122/><W90/><G132/><T76/><D124/><U13/><E13/><V77/><F109/><W133/><G133/><T43/><D43/><U127/><E127/><V24/><F77/><W67/><G125/><T64/><D12/><U0/><E0/><V22/><F22/><W126/><G126/><T80/><D32/><U70/><E70/><V84/><F84/><W53/><G67/><T88/><D89/><U51/><E51/><V41/><F47/><W72/><G14/><T112/><D112/><U73/><E73/><V130/><F130/><W20/><G35/><T85/><REACH who="0" step="1"/><D25/><REACH who="0" ten="335,324,126,205" step="2"/><UN n1="%E3%82%B4%E3%83%AB%E3%82%B4%33%32" /><U116/><E116/><V121/><F121/><W135/><G135/><T86/><AGARI ba="1,1" hai="9,10,11,60,64,69,76,78,79,80,85,86,87,88" machi="86" ten="40,8000,1" yaku="1,1,2,1,0,1,54,1,53,0" doraHai="21" doraHaiUra="119" who="0" fromWho="0" sc="335,93,324,-41,126,-21,205,-21" /><INIT seed="2,0,0,0,4,59" ten="428,283,105,184" oya="2" hai0="135,98,121,16,57,18,108,85,71,126,67,77,130" hai1="55,11,61,95,44,6,0,86,133,119,91,36,25" hai2="48,33,50,34,65,103,124,22,17,101,53,29,19" hai3="47,42,28,2,5,125,9,74,13,64,81,69,37"/><V76/><F65/><W1/><G28/><T92/><D71/><U100/><E119/><V56/><F124/><W24/><G24/><T43/><D43/><U120/><E120/><V79/><F29/><W113/><G13/><T14/><D126/><U40/><E133/><V51/><F33/><W38/><G113/><T99/><D135/><U70/><E100/><V131/><F34/><W30/><G30/><T60/><D130/><U106/><E106/><V114/><F114/><W3/><G38/><T104/><D104/><U72/><E25/><V49/><F131/><W41/><G41/><T75/><D75/><U116/><E116/><V31/><F31/><W94/><G94/><T123/><D108/><U12/><E72/><V82/><F82/><W97/><G97/><T80/><D98/><U105/><E105/><V88/><F88/><W7/><G7/><T122/><REACH who="0" step="1"/><D14/><REACH who="0" ten="418,283,105,184" step="2"/><U129/><E129/><V109/><F109/><W132/><G132/><T115/><D115/><U66/><REACH who="1" step="1"/><E55/><REACH who="1" ten="418,273,105,184" step="2"/><V118/><F118/><W62/><REACH who="3" step="1"/><G125/><REACH who="3" ten="418,273,105,174" step="2"/><T54/><D54/><U58/><E58/><V52/><F56/><W84/><G84/><T111/><D111/><U73/><E73/><V112/><F112/><W39/><G39/><T128/><D128/><U8/><E8/><V27/><N who="2" m="12800" /><DORA hai="23" /><V4/><F53/><W68/><G68/><T127/><D127/><U102/><E102/><AGARI ba="0,3" hai="16,18,57,60,67,77,80,85,92,99,102,121,122,123" machi="102" ten="40,5200,0" yaku="1,1,52,1,54,1,53,0" doraHai="59,23" doraHaiUra="46,32" who="0" fromWho="1" sc="418,82,273,-52,105,0,174,0" /><INIT seed="3,0,0,4,0,37" ten="500,221,105,174" oya="3" hai0="117,88,84,110,20,73,112,95,130,38,79,61,0" hai1="8,29,6,93,120,128,47,2,50,76,133,24,64" hai2="49,59,60,98,46,111,97,14,7,1,114,62,121" hai3="71,107,96,131,85,126,5,119,54,17,109,116,43"/><W65/><G5/><T72/><D0/><U129/><E120/><V35/><F114/><W74/><G74/><T83/><D38/><U56/><E133/><V75/><F75/><W69/><G85/><T108/><D117/><U90/><E76/><V22/><F35/><W82/><G82/><T42/><D112/><U18/><E18/><V27/><F1/><W3/><G3/><T28/><D130/><U105/><E105/><V52/><F121/><W25/><G131/><T113/><D113/><U26/><E129/><V58/><F111/><W80/><G80/><T118/><D118/><U32/><E128/><V135/><F135/><W11/><G109/><T89/><D61/><U53/><E26/><V102/><F14/><W9/><G107/><T51/><D20/><U67/><REACH who="1" step="1"/><E47/><REACH who="1" ten="500,211,105,174" step="2"/><V106/><F7/><W34/><G119/><T100/><D79/><U31/><E31/><V70/><F70/><W87/><G116/><T48/><D28/><U30/><E30/><N who="2" m="17783" /><F106/><W68/><G17/><T132/><D132/><U39/><E39/><V99/><F102/><W63/><G25/><T124/><D100/><U55/><E55/><V33/><F33/><W101/><G68/><T91/><D108/><U81/><E81/><V86/><F86/><AGARI ba="0,1" hai="2,6,8,24,29,32,50,53,56,64,67,86,90,93" machi="86" ten="30,3900,0" yaku="1,1,7,1,53,1" doraHai="37" doraHaiUra="23" who="1" fromWho="2" sc="500,0,211,49,105,-39,174,0" /><INIT seed="4,0,0,4,4,118" ten="500,260,66,174" oya="0" hai0="12,85,30,31,79,116,82,20,117,14,60,57,63" hai1="51,43,56,49,33,5,92,29,135,28,108,36,128" hai2="50,26,32,13,114,115,23,107,74,77,0,59,64" hai3="69,11,96,9,17,62,113,84,91,25,34,110,55"/><T46/><D117/><U19/><E108/><V67/><F107/><W42/><G113/><T76/><D116/><U27/><E135/><V129/><F0/><W68/><G42/><T124/><D124/><U106/><E106/><V100/><F100/><W90/><G110/><T119/><D119/><U22/><E128/><V95/><F95/><W15/><G34/><T75/><D75/><U7/><E36/><V81/><F32/><W87/><G25/><T130/><D79/><U97/><E51/><V44/><F13/><W6/><G69/><T1/><D60/><U88/><E29/><V78/><F129/><W122/><G122/><T47/><D1/><U98/><E98/><V66/><F78/><W58/><G68/><T89/><D76/><U65/><E65/><V120/><F59/><W105/><G105/><T70/><D70/><U72/><E72/><V103/><F103/><W133/><G133/><T83/><D83/><U45/><REACH who="1" step="1"/><E56/><REACH who="1" ten="500,250,66,174" step="2"/><V52/><REACH who="2" step="1"/><F120/><REACH who="2" ten="500,250,56,174" step="2"/><W121/><G121/><T71/><D57/><U134/><E134/><V131/><F131/><W104/><G104/><T48/><D71/><U61/><E61/><V10/><F10/><W125/><G96/><T4/><D63/><U73/><E73/><V3/><F3/><W86/><G125/><T38/><D130/><U21/><E21/><V102/><F102/><W109/><G109/><T2/><D20/><U93/><E93/><V94/><F94/><W39/><G39/><T54/><D82/><U16/><E16/><AGARI ba="0,2" hai="16,23,26,44,50,52,64,66,67,74,77,81,114,115" machi="16" ten="40,5200,0" yaku="1,1,54,2,53,0" doraHai="118" doraHaiUra="127" who="2" fromWho="1" sc="500,0,250,-52,56,72,174,0" /><INIT seed="5,0,0,3,3,28" ten="500,198,128,174" oya="1" hai0="21,102,6,128,118,70,134,0,19,56,16,49,48" hai1="59,46,3,63,35,1,117,51,127,83,130,90,105" hai2="13,103,107,30,132,36,108,89,111,115,106,99,120" hai3="131,14,77,40,74,38,4,84,112,75,81,93,92"/><U45/><E105/><V73/><F36/><W87/><G131/><T55/><D70/><U110/><E117/><V8/><F30/><W124/><G112/><T91/><D102/><U53/><E110/><V22/><F73/><W54/><G124/><T79/><D79/><U88/><E130/><V11/><F120/><W17/><G4/><T37/><D37/><U41/><E127/><V85/><F115/><W61/><G38/><T72/><D72/><U123/><E123/><V68/><F68/><W86/><G40/><T80/><D19/><U7/><E35/><V109/><F132/><W119/><G119/><T52/><D6/><U23/><E3/><V24/><F107/><W32/><G32/><T43/><D43/><U95/><E1/><V100/><F100/><W15/><G75/><T25/><D0/><U57/><E7/><V42/><F42/><W64/><G54/><T114/><D114/><U29/><E83/><V126/><F126/><W101/><G101/><T62/><D118/><U12/><E46/><V50/><F50/><W122/><G122/><T65/><D134/><U71/><E71/><V97/><F99/><W5/><G5/><T2/><D2/><U34/><E34/><V69/><F69/><W116/><G116/><T66/><D128/><U121/><E121/><V113/><F113/><W10/><REACH who="3" step="1"/><G15/><REACH who="3" ten="500,198,128,164" step="2"/><T82/><D55/><N who="1" m="34239" /><E12/><V18/><REACH who="2" step="1"/><F13/><REACH who="2" ten="500,198,118,164" step="2"/><W135/><G135/><T67/><D91/><U44/><E90/><V33/><F33/><W26/><G26/><T27/><D27/><N who="1" m="16639" /><E41/><V47/><F47/><W133/><G133/><T125/><D125/><RYUUKYOKU ba="0,2" sc="500,0,198,0,118,0,164,0" hai0="16,21,25,48,49,52,56,62,65,66,67,80,82" hai1="44,45,51,53,59,88,95" hai2="8,11,18,22,24,85,89,97,103,106,108,109,111" hai3="10,14,17,61,64,74,77,81,84,86,87,92,93" /><INIT seed="5,1,2,0,4,130" ten="500,198,118,164" oya="1" hai0="96,1,118,51,0,19,43,61,45,20,16,35,58" hai1="80,5,13,79,71,42,124,83,110,23,81,11,15" hai2="65,85,107,98,47,25,60,54,31,97,14,77,134" hai3="113,66,78,30,21,33,52,37,12,44,34,115,9"/><U74/><E71/><V55/><F134/><W95/><G66/><T53/><D35/><U123/><E123/><V114/><F114/><N who="3" m="43531" /><G37/><T67/><D118/><U68/><E68/><V102/><F98/><W10/><G78/><T8/><D96/><U132/><E110/><V120/><F120/><W126/><G126/><T131/><D131/><U41/><E124/><V62/><F62/><W76/><G76/><T38/><D8/><N who="3" m="3177" /><G95/><T75/><D75/><U69/><E69/><V82/><F14/><W72/><G72/><T50/><D19/><U103/><E132/><V36/><F47/><W7/><G7/><T59/><D38/><U119/><E119/><V89/><F36/><W93/><G93/><T70/><D70/><U94/><E74/><V117/><F77/><W127/><G127/><T28/><D28/><U39/><E79/><V116/><F117/><W26/><G12/><AGARI ba="1,2" hai="0,1,12,16,20,43,45,50,51,53,58,59,61,67" machi="12" ten="30,2000,0" yaku="7,1,54,1" doraHai="130" who="0" fromWho="3" sc="500,43,198,0,118,0,164,-23" /><INIT seed="6,0,0,1,4,18" ten="543,198,118,141" oya="2" hai0="33,20,41,68,34,75,56,76,30,59,115,12,32" hai1="45,71,95,88,44,81,55,62,114,93,16,69,110" hai2="128,96,123,28,82,39,60,109,79,135,122,113,31" hai3="94,13,42,116,36,118,19,10,134,67,112,106,130"/><V17/><F39/><W9/><G9/><T40/><BYE who="3" /><D68/><U61/><E110/><V47/><F109/><W97/><G97/><T6/><D115/><U86/><E114/><V111/><F113/><W98/><G98/><T100/><D100/><U26/><E71/><V0/><F111/><W74/><G74/><T120/><D120/><U66/><E62/><V132/><F0/><W38/><G38/><T57/><D75/><U58/><E95/><V35/><F96/><W92/><G92/><T63/><D76/><U23/><E69/><V70/><F47/><W25/><G25/><T90/><D6/><U127/><E127/><V24/><F28/><W72/><G72/><T15/><D90/><N who="1" m="51535" /><E66/><N who="2" m="41287" /><F17/><W105/><G105/><T84/><D84/><AGARI ba="0,0" hai="16,23,26,44,45,55,58,61,84,88,93" m="51535" machi="84" ten="30,7700,0" yaku="8,1,52,1,54,2" doraHai="18" who="1" fromWho="0" sc="543,-77,198,77,118,0,141,0" /><INIT seed="7,0,0,1,2,3" ten="466,275,118,141" oya="3" hai0="45,20,100,23,92,52,74,103,94,16,105,135,24" hai1="88,61,108,34,117,106,96,66,27,21,62,17,2" hai2="98,80,89,22,42,93,60,31,53,82,58,19,75" hai3="130,5,51,57,56,126,125,95,83,90,121,99,65"/><W86/><G86/><T134/><D74/><U64/><E108/><V48/><F75/><W30/><G30/><T115/><D115/><U50/><E2/><V11/><F31/><W132/><G132/><N who="0" m="50731" /><D23/><U77/><E34/><V127/><F127/><W40/><G40/><T128/><D128/><U26/><E117/><V76/><F42/><W35/><G35/><T43/><D52/><U47/><E77/><V1/><F1/><W113/><G113/><T109/><D109/><U4/><E4/><V44/><F11/><W37/><G37/><N who="0" m="21743" /><D105/><U32/><E32/><V124/><F124/><W38/><G38/><T131/><D131/><U114/><E27/><V101/><F101/><AGARI ba="0,0" hai="16,20,24,92,94,100,101,103" m="21743,50731" machi="101" ten="30,2000,0" yaku="20,1,54,1" doraHai="3" who="0" fromWho="2" sc="466,20,275,0,118,-20,141,0" owari="486,58.0,275,8.0,98,-40.0,141,-26.0" /></mjloggm>