<mjloggm ver="2.3"><GO type="41" lobby="0"/><UN n0="%E5%B0%B1%E6%B4%BB%E7%94%9F%40%E5%B7%9D%E6%9D%91%E8%BB%8D%E5%9B%A3" n1="%68%65%74" n2="%7A%6F%75%7A%6F%75" n3="%E3%82%AD%E3%83%A9%E3%83%9C%E3%82%B7" dan="17,16,15,14" rate="2180.88,2093.97,1959.04,2080.97" sx="M,M,M,M"/><TAIKYOKU oya="0"/><INIT seed="0,0,0,0,1,125" ten="250,250,250,250" oya="0" hai0="46,78,20,95,32,28,75,105,117,68,24,67,64" hai1="110,54,58,106,73,27,44,21,131,72,98,85,77" hai2="97,82,43,33,66,86,129,119,56,52,104,128,80" hai3="83,118,18,112,127,0,113,5,65,111,107,102,26"/><T2/><D117/><U36/><E36/><V47/><F33/><W115/><G118/><T79/><D105/><U57/><E44/><V99/><F66/><W49/><G127/><T8/><D32/><U126/><E126/><V9/><F9/><W89/><G65/><T69/><D46/><U109/><E58/><V62/><F119/><W4/><G49/><T103/><D68/><U94/><E106/><V38/><F82/><W114/><G102/><T60/><D67/><U121/><E121/><V59/><F104/><W12/><G107/><T17/><D75/><U40/><E40/><V133/><F133/><W116/><G116/><T132/><D132/><U35/><E35/><V100/><F56/><W93/><G83/><T51/><D51/><N who="1" m="30943" /><E77/><N who="2" m="46351" /><F100/><W87/><G112/><T30/><D30/><N who="1" m="17775" /><E85/><V101/><F101/><W6/><G26/><T81/><D81/><U53/><E72/><V39/><F39/><W7/><G7/><T135/><D135/><U130/><E73/><V3/><F3/><W37/><G37/><T122/><D122/><U19/><E19/><V10/><F10/><W50/><G50/><T31/><D31/><U48/><E98/><V15/><F15/><W34/><G34/><T41/><D41/><U91/><E94/><V124/><F124/><W70/><G70/><T92/><D92/><U71/><E71/><V108/><F108/><N who="1" m="41577" /><E91/><V55/><F55/><W134/><G111/><T25/><D25/><U42/><E42/><V88/><F88/><W1/><G134/><T84/><D103/><U45/><AGARI ba="0,0" hai="45,48,53,130,131" m="41577,17775,30943" machi="45" ten="30,4000,0" yaku="14,1,52,2" doraHai="125" who="1" fromWho="1" sc="250,-20,250,40,250,-10,250,-10" /><INIT seed="1,0,0,0,2,46" ten="230,290,240,240" oya="1" hai0="35,77,57,92,72,69,108,83,22,58,75,120,97" hai1="53,11,109,119,124,10,60,1,37,21,91,61,81" hai2="18,100,106,132,116,99,70,94,50,25,36,86,76" hai3="45,23,63,42,0,48,74,126,134,3,54,123,118"/><U7/><E119/><V14/><F70/><W2/><G74/><T122/><D35/><U131/><E37/><V49/><F36/><W117/><G123/><N who="0" m="47147" /><D69/><U101/><E101/><V34/><F116/><N who="3" m="44651" /><G134/><T102/><D108/><U73/><E109/><V96/><F132/><W80/><G80/><T71/><D71/><U40/><E40/><V5/><F76/><W85/><G85/><T115/><D115/><U68/><E68/><V121/><F86/><W19/><G126/><T114/><D114/><U9/><E124/><V93/><F106/><W38/><G63/><T64/><D75/><U12/><E131/><V127/><F121/><W24/><G0/><T67/><D22/><U125/><E125/><V135/><F135/><W39/><G39/><T28/><D28/><U84/><E73/><V31/><F5/><W130/><G130/><T30/><D30/><U44/><E21/><V56/><F56/><AGARI ba="0,0" hai="2,3,19,23,24,38,42,45,48,54,56" m="44651" machi="56" ten="30,2000,0" yaku="12,1,52,1" doraHai="46" who="3" fromWho="2" sc="230,0,290,0,240,-20,240,20" /><AGARI ba="0,0" hai="56,57,58,64,67,72,77,83,92,97,102" m="47147" machi="56" ten="30,1000,0" yaku="13,1" doraHai="46" who="0" fromWho="2" sc="230,10,290,0,220,-10,260,0" /><INIT seed="2,0,0,2,5,85" ten="240,290,210,260" oya="2" hai0="60,7,50,12,119,46,102,26,6,44,53,29,129" hai1="72,56,83,106,33,28,38,61,13,105,84,59,65" hai2="131,41,79,36,45,42,4,75,99,23,67,122,49" hai3="89,134,19,94,74,63,64,81,120,132,18,77,66"/><V91/><F122/><W82/><G120/><T14/><D119/><U35/><E72/><V39/><F131/><W52/><G81/><T47/><D129/><U73/><E73/><V8/><F67/><W104/><G104/><T114/><D114/><U2/><E2/><V112/><F112/><W30/><G30/><T130/><D130/><U58/><E38/><V124/><F124/><W76/><G76/><T90/><D102/><U92/><E92/><V107/><F107/><W37/><G37/><T135/><D135/><N who="3" m="51753" /><G64/><T108/><D60/><U70/><E13/><N who="0" m="5225" /><D108/><U88/><REACH who="1" step="1"/><E35/><REACH who="1" ten="240,280,210,260" step="2"/><V10/><F39/><W127/><G127/><T101/><D101/><U121/><E121/><V110/><F36/><W100/><G100/><T117/><D117/><U126/><E126/><V68/><F75/><W113/><G113/><T128/><D128/><U11/><E11/><V20/><F10/><W109/><G109/><T97/><D7/><U48/><E48/><V103/><F110/><W34/><G34/><T78/><D6/><U5/><E5/><V0/><F42/><W96/><G52/><T95/><D53/><U16/><E16/><V22/><F103/><W54/><G54/><T123/><D50/><U118/><E118/><V40/><F40/><W32/><G32/><T87/><D123/><U62/><E62/><V43/><F41/><W31/><G31/><T27/><D26/><AGARI ba="0,1" hai="26,28,33,56,58,59,61,65,70,83,84,88,105,106" machi="26" ten="40,8000,1" yaku="1,1,52,1,54,1,53,1" doraHai="85" doraHaiUra="80" who="1" fromWho="0" sc="240,-80,280,90,210,0,260,0" /><INIT seed="3,0,0,3,2,39" ten="160,370,210,260" oya="3" hai0="27,7,34,11,99,112,21,120,15,26,93,42,96" hai1="118,66,89,106,122,3,103,25,135,55,83,31,33" hai2="98,126,22,8,36,13,60,92,23,52,14,75,102" hai3="40,115,0,2,58,16,53,91,77,94,37,61,73"/><W132/><G115/><T76/><D120/><U124/><E122/><V68/><F75/><W125/><G125/><T88/><D112/><U127/><E3/><V6/><F126/><N who="1" m="48169" /><E66/><V45/><F68/><W100/><G100/><T74/><D34/><U43/><E43/><V101/><F36/><W104/><G104/><T12/><D99/><N who="1" m="61823" /><E135/><V46/><F101/><W119/><G119/><T128/><D128/><U134/><E134/><V19/><REACH who="2" step="1"/><F23/><REACH who="2" ten="160,370,200,260" step="2"/><W35/><G132/><T79/><D74/><U65/><E118/><V82/><F82/><W80/><G35/><T90/><D90/><U24/><E83/><V70/><F70/><W44/><REACH who="3" step="1"/><G16/><REACH who="3" ten="160,370,200,250" step="2"/><N who="0" m="10375" /><D42/><U48/><E33/><V30/><F30/><W17/><G17/><T133/><D133/><U29/><E31/><V20/><F20/><W108/><G108/><T85/><D27/><U32/><E25/><V113/><F113/><W87/><AGARI ba="0,2" hai="0,2,37,40,44,53,58,61,73,77,80,87,91,94" machi="87" ten="20,7800,0" yaku="1,1,0,1,7,1,52,1,53,0" doraHai="39" doraHaiUra="130" who="3" fromWho="3" sc="160,-26,370,-26,200,-26,250,98" /><INIT seed="3,1,0,4,2,87" ten="134,344,174,348" oya="3" hai0="16,79,7,127,89,37,128,134,105,85,21,106,53" hai1="110,20,18,104,49,122,67,78,31,73,45,121,124" hai2="86,80,42,36,46,25,88,2,107,50,101,35,51" hai3="84,60,133,63,8,115,12,96,135,93,17,83,129"/><W24/><G115/><T82/><D37/><U59/><E104/><V98/><REACH who="2" step="1"/><F2/><REACH who="2" ten="134,344,164,348" step="2"/><W48/><G133/><T125/><D134/><U3/><E3/><V26/><F26/><W57/><G135/><T77/><D7/><U72/><E122/><V15/><F15/><W66/><G24/><N who="0" m="14375" /><D128/><U11/><E121/><V64/><F64/><W65/><G129/><T112/><D112/><U68/><E67/><V103/><F103/><W132/><G132/><T90/><D106/><U70/><E110/><V13/><F13/><W94/><G96/><T28/><D105/><U9/><E124/><N who="0" m="47689" /><D28/><AGARI ba="1,1" hai="25,28,35,36,42,46,50,51,80,86,88,98,101,107" machi="28" ten="40,8000,1" yaku="21,2,52,1,54,1,53,0" doraHai="87" doraHaiUra="111" who="2" fromWho="0" sc="134,-83,344,0,164,93,348,0" /><INIT seed="4,0,0,2,0,61" ten="51,344,257,348" oya="0" hai0="118,102,109,114,93,73,36,0,3,67,72,115,128" hai1="112,10,134,116,46,87,99,63,82,49,45,6,94" hai2="127,90,60,69,98,43,123,131,4,32,41,23,59" hai3="29,35,85,34,113,120,26,110,44,9,130,80,95"/><T1/><D118/><U13/><E116/><V83/><F69/><W129/><G110/><T106/><D109/><U27/><E112/><N who="0" m="43049" /><D93/><U105/><E105/><V97/><F32/><W42/><G113/><T70/><D128/><N who="3" m="49257" /><G95/><T103/><D36/><U50/><E134/><V16/><F127/><W31/><G120/><T58/><D58/><U14/><E27/><N who="2" m="14823" /><F4/><W64/><G9/><T40/><D40/><N who="2" m="15434" /><F123/><W122/><G122/><T54/><D54/><U37/><E37/><V77/><F77/><N who="3" m="46223" /><G64/><T48/><D48/><N who="1" m="18539" /><E63/><V107/><F107/><W86/><G86/><T25/><D25/><U100/><E14/><V89/><F131/><W28/><G26/><T81/><D81/><U65/><E65/><N who="2" m="39071" /><F83/><W119/><G119/><T12/><D12/><U78/><AGARI ba="0,0" hai="6,10,13,45,46,78,82,87,94,99,100" m="18539" machi="78" ten="30,1100,0" yaku="8,1" doraHai="61" who="1" fromWho="1" sc="51,-5,344,11,257,-3,348,-3" /><INIT seed="5,0,0,5,0,9" ten="46,355,254,345" oya="1" hai0="16,108,85,1,4,80,30,38,15,101,81,50,56" hai1="62,91,52,95,99,122,96,46,134,23,84,7,103" hai2="104,13,53,20,63,18,119,125,83,47,33,22,70" hai3="17,89,35,112,69,135,105,128,94,93,51,78,120"/><U117/><E122/><V24/><F33/><W31/><G69/><T55/><D38/><U71/><E117/><V58/><F70/><W114/><G105/><T79/><D108/><U5/><E71/><V127/><F104/><W92/><G120/><T129/><D129/><U45/><E134/><V111/><F111/><W59/><G128/><T40/><D101/><U29/><E99/><V37/><F119/><W133/><G78/><T118/><D118/><U44/><E29/><V67/><F83/><W43/><G31/><T130/><D130/><U86/><E23/><V73/><F73/><W12/><G35/><T61/><D30/><U88/><E86/><V100/><F100/><W121/><G121/><T11/><D80/><N who="1" m="49159" /><E103/><V102/><F102/><W65/><G89/><T75/><D75/><U106/><E106/><V19/><F37/><W57/><G65/><T115/><D115/><N who="3" m="44073" /><G43/><T113/><D113/><U27/><E27/><V41/><F41/><W72/><G72/><T66/><D40/><U25/><E25/><V68/><F47/><W90/><G90/><T28/><D28/><U34/><E34/><V126/><F68/><W131/><G131/><T82/><D82/><U2/><E2/><V48/><F67/><W77/><G77/><T97/><D97/><U54/><E54/><V36/><F36/><W21/><G51/><AGARI ba="0,0" hai="13,18,19,20,22,24,48,51,53,58,63,125,126,127" machi="51" ten="40,2600,0" yaku="18,1,52,1" doraHai="9" who="2" fromWho="3" sc="46,0,355,0,254,26,345,-26" /><INIT seed="6,0,0,5,2,25" ten="46,355,280,319" oya="2" hai0="121,101,127,76,18,13,65,117,79,131,96,16,5" hai1="85,124,72,81,23,64,35,51,31,125,26,20,63" hai2="114,15,87,116,100,99,128,103,8,24,66,69,56" hai3="39,73,95,97,129,43,32,132,1,4,84,7,91"/><V135/><F69/><W134/><G73/><T60/><D121/><U109/><E72/><V59/><F116/><W30/><G129/><T89/><D117/><U48/><E109/><V34/><F114/><W50/><G39/><T19/><D131/><U78/><E23/><V94/><F135/><N who="3" m="51755" /><G1/><T119/><D119/><U11/><E11/><V53/><F100/><W133/><G133/><T3/><D127/><N who="1" m="48715" /><E20/><V104/><F66/><W118/><G118/><T40/><D40/><U6/><E6/><V38/><F38/><W46/><G84/><T22/><D3/><U130/><E130/><V9/><F15/><W54/><G54/><T61/><D89/><U112/><E112/><V75/><F56/><AGARI ba="0,0" hai="26,31,35,48,51,56,63,64,78,81,85" m="48715" machi="56" ten="30,2000,0" yaku="18,1,52,1" doraHai="25" who="1" fromWho="2" sc="46,0,355,20,280,-20,319,0" /><INIT seed="7,0,0,2,3,124" ten="46,375,260,319" oya="3" hai0="33,85,92,45,100,121,73,14,54,70,107,15,63" hai1="88,109,108,75,27,43,101,47,110,31,44,48,82" hai2="99,21,90,60,96,89,8,123,42,78,0,116,83" hai3="117,23,77,76,114,79,50,65,135,28,49,3,32"/><W57/><G32/><T115/><D54/><U67/><E101/><V2/><F116/><W97/><G3/><T104/><D45/><U39/><E67/><V1/><F123/><W112/><G117/><T41/><D63/><U126/><E126/><V132/><F132/><W119/><G119/><T37/><D41/><U69/><E69/><V19/><F42/><W133/><G97/><T20/><D14/><U118/><E118/><V81/><F8/><W122/><G122/><T98/><D15/><U113/><E113/><N who="3" m="43626" /><G65/><T4/><D20/><U93/><E75/><V102/><F60/><W13/><G13/><T9/><D4/><U34/><E82/><V66/><F66/><W30/><G57/><T46/><D9/><U106/><E106/><V87/><F81/><W6/><G6/><T131/><D46/><U12/><E12/><V71/><F71/><W36/><G36/><T72/><D70/><U61/><E61/><V86/><F21/><W80/><G80/><T53/><D33/><U29/><E29/><N who="3" m="11370" /><G23/><T7/><D37/><U16/><E16/><V11/><F19/><W26/><G26/><T111/><D7/><U22/><E34/><V24/><F24/><W129/><G129/><T120/><D115/><U84/><E110/><V127/><F127/><W17/><G17/><T130/><D111/><U18/><E31/><V40/><F11/><W64/><G64/><T105/><D53/><AGARI ba="0,0" hai="18,22,27,39,43,44,47,48,53,84,88,93,108,109" machi="53" ten="30,2000,0" yaku="7,1,54,1" doraHai="124" who="1" fromWho="0" sc="46,-20,375,20,260,0,319,0" owari="26,-47.0,395,49.0,260,-14.0,319,12.0" /></mjloggm>