<mjloggm ver="2.3"><GO type="97" lobby="0"/><UN n0="%6D%61%72%75%34%34%38%38" n1="%E5%B0%B1%E6%B4%BB%E7%94%9F%40%E5%B7%9D%E6%9D%91%E8%BB%8D%E5%9B%A3" n2="%E3%83%91%E3%83%81%E3%83%A3%E3%83%94" n3="%E4%B8%AD%E6%9D%91%E3%81%8B%E3%81%AA" dan="13,14,14,14" rate="1830.65,1939.21,2000.53,1934.00" sx="M,M,M,F"/><TAIKYOKU oya="0"/><INIT seed="0,0,0,1,4,83" ten="250,250,250,250" oya="0" hai0="62,71,40,121,17,119,50,73,114,100,46,78,56" hai1="118,19,39,52,22,106,92,132,66,79,6,72,88" hai2="84,94,10,43,96,31,63,105,30,107,47,23,135" hai3="27,13,87,4,25,5,102,120,116,133,124,35,70"/><T104/><D119/><U108/><E106/><V74/><F74/><W64/><G116/><T77/><D114/><U26/><E118/><V49/><F135/><W67/><G35/><T51/><D73/><U69/><E39/><V86/><F107/><W112/><G70/><T93/><D104/><U29/><E132/><V109/><F105/><W44/><G133/><T80/><D121/><U28/><E108/><V15/><F109/><W128/><G112/><T61/><D80/><U90/><E6/><V38/><F38/><W123/><G124/><T115/><D115/><U85/><E66/><N who="3" m="25130" /><G102/><T33/><D71/><U113/><E69/><V75/><F63/><W11/><G4/><T18/><D33/><U54/><E113/><V37/><F37/><W7/><G7/><T24/><D51/><U16/><E29/><N who="2" m="10763" /><F23/><W36/><G128/><T20/><D17/><N who="1" m="6731" /><E72/><V65/><F65/><W126/><G126/><T129/><D129/><U131/><E131/><V57/><F57/><W125/><G125/><T21/><D21/><U82/><E79/><N who="0" m="30217" /><D56/><U32/><E32/><V9/><F75/><W12/><G12/><T55/><D40/><U110/><E110/><V1/><F1/><W117/><G117/><T68/><D68/><U122/><E122/><N who="3" m="46634" /><G36/><T91/><D100/><U41/><E41/><V0/><F0/><W95/><G44/><T134/><D134/><U103/><E103/><N who="2" m="60823" /><F15/><W98/><G25/><T76/><N who="0" m="30225" /><T2/><DORA hai="42" /><D2/><U58/><E58/><V89/><F89/><N who="3" m="55663" /><G27/><T97/><AGARI ba="0,0" hai="18,20,24,46,50,55,61,62,91,93,97" m="30225" machi="97" ten="30,3000,0" yaku="8,1,52,1" doraHai="83,42" who="0" fromWho="0" sc="250,30,250,-10,250,-10,250,-10" /><INIT seed="0,1,0,3,3,8" ten="280,240,240,240" oya="0" hai0="49,123,38,46,101,2,57,100,75,71,110,55,106" hai1="61,9,96,126,4,85,94,68,36,20,28,116,86" hai2="37,0,114,30,33,45,31,109,128,26,90,32,23" hai3="122,107,125,91,88,17,134,72,13,132,39,29,43"/><T6/><D75/><U66/><E116/><V124/><F37/><W48/><G39/><T18/><D123/><U58/><E36/><V129/><F45/><N who="3" m="25663" /><G107/><T10/><D71/><U40/><E40/><V95/><F114/><W111/><G122/><T21/><D110/><U133/><E133/><N who="3" m="51306" /><G125/><T52/><D106/><U99/><E68/><V69/><F69/><W82/><G29/><T53/><D38/><U97/><E126/><V83/><F0/><W84/><G72/><T103/><REACH who="0" step="1"/><D57/><REACH who="0" ten="270,240,240,240" step="2"/><U25/><REACH who="1" step="1"/><E94/><REACH who="1" ten="270,230,240,240" step="2"/><V121/><F95/><W34/><G111/><T41/><D41/><U70/><E70/><V22/><F109/><W120/><G120/><T7/><D7/><U98/><N who="1" m="25088" /><DORA hai="50" /><U3/><AGARI ba="1,2" hai="3,4,9,20,25,28,58,61,66,85,86" m="25088" machi="3" ten="40,5200,0" yaku="1,1,4,1,0,1,53,0" doraHai="8,50" doraHaiUra="78,117" who="1" fromWho="1" sc="270,-27,230,75,240,-14,240,-14" /><INIT seed="1,0,0,3,4,82" ten="243,305,226,226" oya="1" hai0="1,8,111,0,17,11,27,38,10,121,60,86,5" hai1="116,83,108,95,90,54,4,79,88,77,41,36,89" hai2="129,70,32,20,65,105,73,93,91,78,30,94,3" hai3="7,55,29,92,101,122,130,67,106,52,46,103,107"/><U18/><E116/><V104/><F3/><N who="0" m="1098" /><D38/><U9/><E108/><V47/><F32/><W19/><G122/><T28/><D60/><U24/><E36/><V74/><F65/><W133/><G7/><T100/><D100/><N who="3" m="38473" /><G29/><T23/><D86/><N who="1" m="48495" /><E41/><V35/><F35/><W71/><G19/><T112/><D111/><U76/><E95/><V69/><F78/><N who="1" m="29737" /><E54/><N who="3" m="20522" /><G92/><T132/><D132/><U68/><E68/><V125/><F30/><W87/><G133/><T63/><D63/><U57/><E57/><V135/><F47/><W64/><G71/><T85/><D85/><U45/><E45/><V37/><F37/><W59/><G87/><T113/><D121/><U62/><E62/><V75/><F75/><W96/><G59/><T58/><D58/><U123/><E123/><V48/><F135/><W84/><G46/><T51/><D51/><U49/><E49/><V44/><F48/><W12/><G84/><T134/><D134/><U114/><E114/><N who="0" m="44137" /><D5/><U31/><E4/><V33/><F44/><W39/><G39/><T102/><D102/><U61/><E61/><V98/><F74/><W56/><G56/><T131/><D131/><U13/><E90/><V119/><F129/><W118/><G67/><T40/><D40/><U72/><E72/><V16/><F73/><W117/><G64/><T81/><D81/><U26/><E89/><V6/><F70/><W53/><G130/><T22/><D22/><N who="1" m="15767" /><E88/><V50/><F91/><W110/><G110/><T128/><D128/><U43/><E43/><V34/><F69/><W115/><G115/><T99/><D99/><U80/><E80/><RYUUKYOKU ba="0,0" sc="243,15,305,15,226,-15,226,-15" hai0="8,10,11,17,23,27,28" hai1="9,13,18,26" /><INIT seed="1,1,0,0,0,60" ten="258,320,211,211" oya="1" hai0="50,106,90,21,38,102,26,11,107,66,3,2,99" hai1="87,100,73,28,105,131,75,62,88,68,95,59,14" hai2="49,120,74,123,76,8,127,119,34,132,16,30,13" hai3="70,96,42,5,51,19,89,56,54,82,61,71,22"/><U121/><E121/><V4/><F74/><W134/><G5/><T108/><D38/><U84/><E68/><V101/><F76/><W126/><G134/><T77/><D77/><U57/><E131/><V135/><F101/><W83/><G126/><T94/><D108/><U39/><E39/><V33/><F119/><W109/><G109/><T43/><D107/><U15/><E105/><V122/><F49/><W125/><G125/><T92/><D106/><U69/><E69/><V25/><F34/><W55/><G42/><T80/><D80/><U133/><E133/><N who="2" m="51275" /><F127/><W63/><G63/><T0/><D66/><U29/><E100/><V81/><F81/><W85/><G83/><T67/><D67/><N who="1" m="39375" /><E75/><V32/><F32/><W1/><G1/><T117/><D117/><U104/><E104/><V35/><F35/><W48/><G96/><T115/><D115/><U86/><E73/><V129/><F129/><W31/><G31/><N who="1" m="11850" /><E59/><V103/><F103/><W17/><G71/><T12/><D43/><U40/><E40/><V124/><F124/><W10/><G70/><T112/><D112/><U114/><E114/><V36/><F36/><W53/><G56/><T52/><D94/><U79/><E79/><V93/><F93/><W24/><G61/><T27/><D102/><U64/><E64/><V72/><F72/><W37/><G37/><T20/><D20/><U116/><E116/><V111/><F111/><W6/><G6/><AGARI ba="1,0" hai="4,6,8,13,16,25,30,33,120,122,123" m="51275" machi="6" ten="40,8000,1" yaku="20,1,34,2,54,1" doraHai="60" who="2" fromWho="3" sc="258,0,320,0,211,83,211,-83" /><INIT seed="2,0,0,5,3,61" ten="258,320,294,128" oya="2" hai0="55,115,110,99,100,112,33,49,57,118,15,41,44" hai1="89,104,14,19,108,59,40,60,30,45,130,4,42" hai2="53,102,109,117,32,125,2,111,79,35,122,105,71" hai3="29,28,65,86,36,106,63,113,7,74,20,128,131"/><V92/><F79/><W73/><G36/><T94/><D33/><U56/><E104/><V121/><F92/><W135/><G106/><T8/><D110/><U1/><E108/><V26/><F26/><W11/><G113/><T96/><D118/><U84/><E130/><N who="3" m="49706" /><G86/><T127/><D127/><U76/><E76/><V5/><F5/><W46/><G46/><T50/><REACH who="0" step="1"/><D99/><REACH who="0" ten="248,320,294,128" step="2"/><U124/><E124/><V6/><F125/><W78/><G135/><T98/><D98/><U129/><E129/><V120/><F32/><W97/><G97/><T37/><D37/><U93/><E1/><V87/><F35/><W70/><G74/><T25/><D25/><U31/><E4/><AGARI ba="0,1" hai="4,8,15,41,44,49,50,55,57,94,96,100,112,115" machi="4" ten="30,3900,0" yaku="1,1,7,1,53,1" doraHai="61" doraHaiUra="91" who="0" fromWho="1" sc="248,49,320,-39,294,0,128,0" /><INIT seed="3,0,0,0,1,89" ten="297,281,294,128" oya="3" hai0="44,95,112,134,132,62,5,38,79,75,46,122,70" hai1="80,98,47,65,108,18,118,103,119,129,82,56,130" hai2="126,27,102,16,97,43,30,107,131,19,51,15,124" hai3="21,83,0,34,128,26,84,50,69,85,115,22,49"/><W74/><G69/><T110/><D122/><U66/><E108/><V12/><F131/><N who="1" m="50185" /><E47/><N who="2" m="26111" /><F15/><W59/><G128/><T123/><D123/><U25/><E25/><V23/><F12/><W4/><G115/><T88/><D110/><U54/><E18/><V72/><F72/><W58/><G74/><T41/><D44/><U116/><E80/><V64/><F64/><W35/><G83/><T117/><D117/><U52/><E82/><V77/><F77/><W92/><G26/><T111/><D111/><U37/><E37/><V120/><F120/><W105/><G0/><T13/><D79/><U90/><E90/><V14/><F14/><W86/><G4/><T45/><D45/><U133/><E133/><N who="0" m="51305" /><D75/><U135/><E135/><V9/><F9/><W109/><G109/><T36/><D36/><U29/><E29/><V55/><F55/><N who="1" m="21033" /><E56/><N who="3" m="21546" /><G105/><AGARI ba="0,0" hai="65,66,98,103,105,116,118,119" m="21033,50185" machi="105" ten="40,5200,0" yaku="12,1,19,1,54,1" doraHai="89" who="1" fromWho="3" sc="297,0,281,52,294,0,128,-52" owari="297,10.0,333,43.0,294,-11.0,76,-42.0" /></mjloggm>