<mjloggm ver="2.3"><GO type="97" lobby="0"/><UN n0="%E3%82%88%E3%83%BC%E3%81%90%E3%82%8B%E3%81%A8" n1="%E5%B0%B1%E6%B4%BB%E7%94%9F%40%E5%B7%9D%E6%9D%91%E8%BB%8D%E5%9B%A3" n2="%E6%8B%99%E8%80%85%EF%BD%9E" n3="%E3%82%A4%E3%82%AB%E5%A8%98" dan="15,16,14,14" rate="1973.47,2068.34,1934.68,2011.82" sx="M,M,M,M"/><TAIKYOKU oya="0"/><INIT seed="0,0,0,4,4,32" ten="250,250,250,250" oya="0" hai0="53,72,30,133,19,23,51,135,119,73,120,76,38" hai1="42,61,14,52,88,7,103,118,106,65,12,128,114" hai2="95,10,20,21,100,80,27,2,48,49,62,123,45" hai3="113,90,17,4,96,5,93,91,79,63,125,129,85"/><T130/><D119/><U31/><E118/><V55/><F123/><W70/><G113/><T59/><D120/><U111/><E114/><V84/><F2/><W37/><G37/><T82/><D38/><U98/><E128/><V11/><F21/><W99/><G125/><T15/><D130/><U134/><E134/><N who="0" m="51209" /><D30/><U29/><E42/><V40/><F62/><W54/><G129/><T8/><D23/><U86/><E111/><V83/><F100/><W66/><G17/><T117/><D117/><U60/><E60/><V121/><F121/><W3/><G3/><T67/><D67/><U56/><E65/><V26/><F26/><W41/><G41/><T1/><D1/><U13/><REACH who="1" step="1"/><E7/><REACH who="1" ten="250,240,250,250" step="2"/><V101/><F40/><W94/><G54/><T92/><D92/><AGARI ba="0,1" hai="12,13,14,29,31,52,56,61,86,88,92,98,103,106" machi="92" ten="40,8000,1" yaku="1,1,2,1,54,2,53,0" doraHai="32" doraHaiUra="122" who="1" fromWho="0" sc="250,-80,240,90,250,0,250,0" /><INIT seed="1,0,0,3,0,68" ten="170,330,250,250" oya="1" hai0="54,17,65,22,112,8,38,100,57,2,108,134,13" hai1="34,3,97,91,52,33,29,70,39,95,32,44,31" hai2="42,51,69,116,49,1,124,110,35,60,76,117,106" hai3="84,120,77,119,41,4,72,122,78,23,121,132,0"/><U127/><E3/><V46/><F1/><W6/><G132/><T62/><D112/><U67/><E127/><V14/><F124/><W73/><G119/><T59/><D134/><U129/><E129/><V115/><F35/><W19/><G41/><T58/><D108/><U109/><E109/><V9/><F110/><W55/><G0/><T18/><D100/><U113/><E113/><V36/><F106/><W90/><G55/><T105/><D105/><U37/><E67/><V24/><F115/><W133/><G133/><T20/><D2/><U30/><REACH who="1" step="1"/><E70/><REACH who="1" ten="170,320,250,250" step="2"/><V101/><F116/><W96/><G120/><T128/><D128/><U126/><E126/><V87/><F117/><W25/><G121/><T86/><D86/><U12/><E12/><V125/><F125/><W89/><G84/><T21/><D65/><U71/><E71/><V15/><F15/><W66/><G66/><T16/><REACH who="0" step="1"/><D38/><REACH who="0" ten="160,320,250,250" step="2"/><U27/><E27/><V50/><F24/><N who="3" m="14463" /><G72/><T92/><D92/><U103/><E103/><V45/><F101/><W88/><G73/><T64/><D64/><U102/><E102/><V75/><F87/><W130/><G25/><T135/><D135/><U94/><E94/><V81/><F69/><W48/><G122/><T114/><D114/><U40/><E40/><N who="2" m="24743" /><F36/><W10/><G130/><T63/><D63/><U104/><E104/><V5/><F60/><W74/><G74/><T83/><D83/><U61/><E61/><V107/><F107/><W118/><G118/><T26/><D26/><U47/><E47/><V131/><F131/><W123/><G123/><T82/><D82/><RYUUKYOKU ba="0,2" sc="160,10,320,10,250,10,250,-30" hai0="8,13,16,17,18,20,21,22,54,57,58,59,62" hai1="29,30,31,32,33,34,37,39,44,52,91,95,97" hai2="5,9,14,42,46,50,51,75,76,81" /><INIT seed="1,1,2,3,2,4" ten="170,330,260,220" oya="1" hai0="6,64,91,96,58,39,132,37,123,41,77,35,88" hai1="130,133,48,90,104,114,115,13,21,89,117,22,0" hai2="84,38,81,11,18,109,36,131,19,125,28,110,73" hai3="113,17,51,108,83,75,50,95,34,78,74,107,80"/><U16/><E0/><V29/><F125/><W43/><G113/><T54/><D35/><U56/><E117/><V72/><F131/><W66/><G34/><T69/><D77/><U62/><E104/><V116/><F84/><W12/><G107/><T44/><D132/><U61/><E130/><V68/><F81/><W82/><G108/><N who="2" m="41577" /><F116/><W135/><G135/><T124/><D124/><U92/><E133/><V102/><F102/><W71/><G71/><T100/><D123/><U118/><E118/><V27/><F68/><W85/><G66/><T49/><D6/><U5/><E5/><V52/><F52/><W24/><G24/><T129/><D129/><U76/><E76/><V86/><F86/><W111/><G111/><T106/><D37/><N who="2" m="14442" /><F27/><W53/><G43/><T87/><D87/><N who="1" m="52287" /><E114/><V3/><F3/><W33/><G33/><T10/><D10/><N who="1" m="6199" /><E115/><V120/><F120/><W103/><G78/><T20/><D20/><N who="1" m="7787" /><E90/><V119/><F119/><W59/><G75/><N who="2" m="28745" /><F11/><W65/><G74/><T60/><AGARI ba="1,2" hai="39,41,44,49,54,58,60,64,69,88,91,96,100,106" machi="60" ten="30,7900,0" yaku="0,1,24,2,54,1" doraHai="4" who="0" fromWho="0" sc="170,102,330,-40,260,-21,220,-21" /><INIT seed="2,0,0,1,0,38" ten="272,290,239,199" oya="2" hai0="97,123,41,65,107,110,134,4,5,90,57,74,100" hai1="30,47,48,14,83,85,94,120,35,127,27,6,114" hai2="84,39,52,133,73,78,129,45,119,72,132,28,98" hai3="17,69,128,95,93,113,46,91,124,26,44,33,82"/><V101/><F119/><W50/><G69/><T10/><D123/><U29/><E114/><V23/><F129/><W16/><G124/><T135/><D74/><U87/><E127/><V76/><F28/><W62/><G128/><T12/><D110/><U70/><E70/><V61/><F23/><W80/><G113/><T49/><D90/><U40/><E120/><V2/><F2/><W116/><G116/><T68/><D68/><U131/><E131/><V60/><F84/><W3/><G3/><T0/><D0/><U56/><E56/><N who="2" m="34823" /><F61/><W75/><G75/><N who="2" m="28745" /><F39/><W18/><G62/><T79/><D79/><U20/><E35/><V8/><F8/><W58/><G33/><T86/><D86/><U111/><E111/><V34/><F45/><N who="3" m="17515" /><G26/><T7/><D65/><U51/><E51/><V92/><F34/><W102/><G50/><T105/><D105/><U21/><E94/><V59/><F59/><W54/><G54/><T99/><D99/><U36/><E36/><V71/><F71/><W77/><G58/><T25/><D25/><N who="1" m="16551" /><E83/><V126/><F126/><W89/><G77/><T108/><D108/><U88/><E88/><N who="3" m="33866" /><G102/><T9/><D100/><U109/><E109/><V11/><F11/><AGARI ba="0,0" hai="6,11,14,21,27,30,40,47,48,85,87" m="16551" machi="11" ten="30,2000,0" yaku="8,1,52,1" doraHai="38" who="1" fromWho="2" sc="272,0,290,20,239,-20,199,0" /><INIT seed="3,0,0,1,1,79" ten="272,310,219,199" oya="3" hai0="125,47,94,16,89,72,103,108,68,61,131,26,7" hai1="62,85,123,106,3,63,52,42,129,55,127,49,53" hai2="25,124,83,51,84,40,116,43,38,32,21,27,92" hai3="69,8,12,96,19,95,65,86,22,118,126,50,45"/><W28/><G118/><T54/><D72/><U88/><E106/><V23/><F116/><W44/><G126/><T78/><D125/><U29/><E127/><V73/><F32/><W5/><G28/><T110/><D7/><U56/><E3/><V75/><F27/><W111/><G111/><N who="0" m="42539" /><D131/><U120/><E129/><V33/><F38/><W37/><G37/><T76/><D103/><U132/><E132/><V57/><F124/><W135/><G135/><T0/><D0/><U105/><E105/><V71/><F71/><W128/><G128/><T14/><D68/><U39/><E39/><V77/><F33/><W15/><G86/><T122/><D122/><U114/><E114/><V112/><F112/><W60/><REACH who="3" step="1"/><G50/><REACH who="3" ten="272,310,219,189" step="2"/><N who="0" m="29023" /><D61/><U18/><E29/><V133/><F133/><W13/><G13/><T48/><D48/><U46/><E63/><V91/><F73/><W119/><G119/><T98/><D26/><U10/><E123/><V36/><F36/><W34/><G34/><T4/><D4/><U35/><E35/><V107/><F21/><AGARI ba="0,1" hai="14,16,21,76,78,89,94,98" m="29023,42539" machi="21" ten="30,2000,0" yaku="14,1,54,1" doraHai="79" who="0" fromWho="2" sc="272,30,310,0,219,-20,189,0" owari="302,10.0,310,41.0,199,-20.0,189,-31.0" /></mjloggm>