<mjloggm ver="2.3"><GO type="97" lobby="0"/><UN n0="%E3%82%81%E3%82%8D%E3%82%93%E3%81%B1%E3%82%93" n1="%73%68%69%6D%61%6F%6F" n2="%E9%99%A4%E8%8F%8C%E5%AE%B6%E6%9C%A8%E7%B6%BF" n3="%E5%B0%B1%E6%B4%BB%E7%94%9F%40%E5%B7%9D%E6%9D%91%E8%BB%8D%E5%9B%A3" dan="14,13,13,15" rate="1978.32,1890.80,1859.33,2057.07" sx="F,M,M,M"/><TAIKYOKU oya="0"/><INIT seed="0,0,0,1,3,88" ten="250,250,250,250" oya="0" hai0="64,134,40,62,126,36,2,118,35,79,130,94,27" hai1="117,3,7,120,21,82,33,92,104,109,115,89,129" hai2="119,4,63,42,46,6,132,37,15,75,125,95,93" hai3="91,9,65,38,96,66,31,112,124,72,100,76,103"/><T16/><D118/><U1/><E82/><V106/><F106/><W101/><G112/><T97/><D2/><U51/><E51/><V30/><F119/><W113/><G113/><T108/><D79/><U22/><E92/><V90/><F75/><W45/><G124/><T0/><D0/><U83/><E89/><V49/><F125/><W68/><G68/><T78/><D126/><U127/><E83/><V84/><F30/><W55/><G31/><T81/><D134/><U133/><E22/><V58/><F132/><W99/><G76/><T8/><D130/><U80/><E21/><V69/><F69/><W74/><G9/><T34/><D108/><U12/><E12/><V47/><F47/><W48/><G38/><T43/><D35/><U122/><E80/><N who="2" m="49415" /><F15/><W50/><G91/><T60/><D36/><U98/><E98/><N who="3" m="37418" /><G74/><T128/><D128/><U105/><E7/><N who="2" m="2603" /><F37/><W87/><G87/><N who="0" m="48567" /><D34/><U110/><E115/><V13/><F13/><W114/><G72/><T28/><D28/><U56/><E127/><V121/><F121/><N who="1" m="46697" /><E33/><V32/><F32/><W86/><G86/><T85/><D85/><U19/><E133/><V29/><F29/><W116/><G116/><T10/><D27/><U135/><E117/><V39/><F39/><W44/><G114/><T26/><D26/><U24/><E135/><V18/><F18/><W41/><AGARI ba="0,0" hai="41,44,45,48,50,55,65,66,100,101,103" m="37418" machi="41" ten="30,1100,0" yaku="8,1" doraHai="88" who="3" fromWho="3" sc="250,-5,250,-3,250,-3,250,11" /><INIT seed="1,0,0,4,4,135" ten="245,247,247,261" oya="1" hai0="39,89,74,70,60,85,52,37,30,131,80,65,59" hai1="104,108,3,57,100,55,94,128,47,124,8,14,20" hai2="2,72,125,49,134,75,41,129,102,61,22,132,63" hai3="64,6,15,56,88,46,117,95,67,21,99,109,4"/><U36/><E128/><V91/><F2/><W107/><G107/><T119/><D119/><U9/><E104/><V90/><F22/><W58/><G117/><T133/><D131/><U84/><E108/><V66/><F129/><W68/><G68/><T71/><D133/><U118/><E118/><V38/><F41/><W113/><G113/><T112/><D112/><U77/><E3/><V19/><F19/><N who="3" m="10495" /><G46/><T26/><D74/><U73/><E73/><V44/><F44/><W48/><G109/><T101/><D101/><U81/><E20/><V45/><F45/><W114/><G114/><T0/><D0/><U121/><E121/><V78/><F78/><W11/><G11/><T105/><D105/><U28/><E28/><V29/><F29/><W116/><G116/><T16/><D16/><U62/><E124/><V50/><F102/><W127/><G127/><T115/><D115/><U18/><E36/><V98/><F38/><W51/><G58/><T93/><D80/><U53/><E47/><V23/><F23/><W82/><G82/><T54/><D71/><U7/><E100/><V34/><F34/><W40/><G40/><T97/><D97/><U35/><E35/><V1/><F1/><W130/><G130/><T13/><D13/><N who="1" m="5279" /><E94/><V92/><F92/><W10/><G10/><T111/><D111/><U83/><E83/><V24/><F98/><W122/><G122/><T110/><D110/><U42/><E42/><V86/><F125/><W123/><G123/><T32/><D54/><AGARI ba="0,0" hai="9,14,18,53,54,55,57,62,77,81,84" m="5279" machi="54" ten="30,1500,0" yaku="8,1" doraHai="135" who="1" fromWho="0" sc="245,-15,247,15,247,0,261,0" /><INIT seed="1,1,0,1,5,93" ten="230,262,247,261" oya="1" hai0="2,106,122,83,70,23,99,58,30,39,100,62,42" hai1="118,77,14,7,96,123,34,102,111,84,81,59,132" hai2="20,94,37,43,135,21,3,11,68,67,13,120,41" hai3="126,110,103,52,72,15,115,116,63,50,92,121,66"/><U24/><E118/><V109/><F120/><W29/><G121/><T65/><D122/><U82/><E123/><V55/><F109/><W19/><G72/><T69/><D2/><U48/><E132/><V32/><F135/><W4/><G115/><T131/><D131/><U114/><E114/><V104/><F104/><W87/><G116/><T31/><D83/><U95/><E111/><V112/><F32/><W90/><G110/><T85/><D85/><U17/><E7/><V125/><F112/><W88/><G29/><T89/><D89/><U51/><E59/><V5/><F21/><W18/><G103/><T134/><D134/><U130/><E130/><V26/><F37/><W1/><G1/><T79/><D79/><U97/><E82/><V38/><F38/><W133/><G133/><T47/><REACH who="0" step="1"/><D23/><REACH who="0" ten="220,262,247,261" step="2"/><N who="1" m="13423" /><E34/><V129/><F129/><W113/><G90/><T57/><D57/><U108/><E108/><V117/><F3/><W25/><G113/><T22/><D22/><U64/><E102/><V76/><F117/><W10/><G25/><T36/><D36/><U54/><E77/><V101/><F76/><W44/><G126/><T107/><D107/><U45/><E81/><V71/><F125/><W6/><G6/><T49/><D49/><U28/><E51/><V46/><F20/><W124/><G124/><T56/><D56/><AGARI ba="1,1" hai="4,10,15,18,19,44,50,52,56,63,66,87,88,92" machi="56" ten="30,7700,0" yaku="7,1,8,1,54,2" doraHai="93" who="3" fromWho="0" sc="220,-80,262,0,247,0,261,90" /><INIT seed="2,0,0,1,3,90" ten="140,262,247,351" oya="2" hai0="23,48,97,122,130,127,52,105,9,15,131,110,40" hai1="5,10,112,2,77,37,11,36,41,92,44,108,50" hai2="118,78,88,39,124,87,79,93,117,73,53,114,8" hai3="135,63,29,34,28,103,33,22,26,101,14,109,134"/><V82/><F39/><W30/><G109/><T66/><D122/><U32/><E32/><N who="3" m="12394" /><G63/><T83/><D110/><U128/><E112/><V116/><F8/><W1/><G1/><T55/><D66/><U20/><E108/><V84/><F53/><W70/><G70/><T121/><D121/><U4/><E20/><V68/><F68/><W133/><G14/><T126/><D40/><U99/><E77/><V115/><F124/><N who="0" m="47658" /><D23/><U59/><E59/><V65/><F65/><W51/><G51/><T120/><D120/><U106/><E106/><V80/><AGARI ba="0,0" hai="73,78,79,80,82,84,87,88,93,114,115,116,117,118" machi="80" ten="40,18000,2" yaku="0,1,34,3,52,1,54,1" doraHai="90" who="2" fromWho="2" sc="140,-60,262,-60,247,180,351,-60" /><INIT seed="2,1,0,3,1,126" ten="80,202,427,291" oya="2" hai0="16,109,118,58,68,100,5,79,132,10,48,95,106" hai1="52,36,71,19,94,30,7,102,66,50,108,72,70" hai2="55,81,2,125,128,105,53,29,37,35,18,61,119" hai3="96,101,51,26,103,129,13,90,49,87,97,41,104"/><V8/><F105/><W98/><G129/><T86/><D68/><U60/><E36/><V99/><F37/><W80/><G26/><T28/><D109/><U92/><E72/><V133/><F119/><W113/><G113/><T73/><D118/><U111/><E7/><V33/><F128/><W115/><G115/><T57/><D28/><U6/><E6/><V0/><F29/><W24/><G24/><T44/><D132/><U82/><E30/><V39/><F39/><W123/><G123/><T107/><D73/><U67/><E82/><V93/><F81/><W1/><G1/><T134/><D134/><U62/><E19/><V54/><F61/><W78/><G41/><T15/><D106/><U135/><E135/><V69/><F69/><W64/><G64/><T76/><D107/><U84/><E84/><V121/><F2/><W42/><G42/><T85/><D5/><U12/><E12/><V91/><F0/><W9/><G78/><N who="0" m="29739" /><D100/><N who="3" m="38473" /><G104/><T77/><N who="0" m="29747" /><T38/><DORA hai="65" /><D38/><U32/><E32/><V23/><F35/><W40/><G40/><N who="0" m="24583" /><D85/><U130/><E130/><V122/><F121/><W3/><G3/><T20/><D10/><U63/><E102/><V45/><F33/><W46/><G46/><T59/><D58/><N who="1" m="33047" /><E63/><V25/><F45/><W89/><G89/><AGARI ba="1,0" hai="15,16,20,57,59,86,89,95" m="24583,29747" machi="89" ten="30,2000,0" yaku="8,1,54,1" doraHai="126,65" who="0" fromWho="3" sc="80,23,202,0,427,0,291,-23" /><INIT seed="3,0,0,4,3,75" ten="103,202,427,268" oya="3" hai0="36,118,92,72,67,98,106,109,88,65,107,61,97" hai1="69,119,83,127,66,96,39,121,24,12,124,114,70" hai2="71,30,77,26,63,76,104,64,9,131,17,1,28" hai3="50,62,58,115,27,56,6,13,43,79,74,29,7"/><W90/><G115/><T89/><D118/><U33/><E114/><V87/><F104/><W123/><G123/><T0/><D0/><U99/><E121/><V93/><F30/><W113/><G113/><T53/><D36/><U68/><E39/><V84/><F84/><W94/><G74/><T78/><D109/><U125/><E119/><V105/><F105/><W49/><G79/><T48/><D89/><U133/><E66/><V103/><F131/><W40/><G56/><T129/><D129/><U82/><E12/><V20/><F1/><W60/><G60/><T101/><D107/><U14/><E14/><V8/><F8/><W54/><G49/><T130/><D130/><U126/><E133/><V112/><F112/><W91/><G91/><T34/><D34/><U23/><E33/><V85/><F85/><W117/><G117/><T4/><D4/><U3/><E3/><V37/><F37/><W59/><G40/><T111/><D111/><U46/><E46/><V73/><F73/><W57/><G13/><T95/><D106/><U2/><E2/><V51/><F51/><W110/><G110/><T21/><D21/><U122/><E122/><V135/><F135/><W81/><G43/><T25/><D25/><U116/><E116/><V86/><F86/><W32/><G81/><N who="1" m="30730" /><E127/><V45/><F45/><W132/><G132/><T134/><D134/><U35/><E35/><V128/><F128/><W100/><G6/><T52/><D48/><U42/><E42/><V22/><F87/><W31/><G7/><T47/><D47/><U16/><AGARI ba="0,0" hai="16,23,24,68,69,70,96,99,124,125,126" m="30730" machi="16" ten="40,2700,0" yaku="18,1,54,1" doraHai="75" who="1" fromWho="1" sc="103,-7,202,27,427,-7,268,-13" owari="96,-40.0,229,-17.0,420,51.0,255,6.0" /></mjloggm>