<mjloggm ver="2.3"><GO type="41" lobby="0"/><UN n0="%E5%B0%B1%E6%B4%BB%E7%94%9F%40%E5%B7%9D%E6%9D%91%E8%BB%8D%E5%9B%A3" n1="%28%5E%2D%CF%89%2D%29%E9%BB%92%E9%BB%92" n2="%E3%82%86%E3%81%86%E3%81%BE%E2%99%AA" n3="%E3%81%A7%E3%81%93%EF%BC%A0" dan="15,14,14,15" rate="2018.41,1937.83,1881.88,1994.25" sx="M,M,M,M"/><TAIKYOKU oya="0"/><INIT seed="0,0,0,0,1,82" ten="250,250,250,250" oya="0" hai0="94,42,61,105,9,17,24,100,60,57,118,84,122" hai1="38,30,111,130,49,15,32,26,77,116,66,10,83" hai2="34,52,13,56,81,50,114,78,8,53,135,59,110" hai3="108,97,80,41,18,117,29,21,76,55,115,33,54"/><T96/><D118/><U46/><E38/><V58/><F114/><W4/><G115/><T16/><D122/><U40/><E116/><V87/><F34/><W14/><G108/><T28/><D42/><U72/><E111/><V20/><F110/><W131/><G131/><T19/><D9/><U119/><E119/><V64/><F20/><W1/><G41/><T0/><D0/><U74/><E130/><V123/><F123/><W3/><G97/><T6/><D6/><U43/><E66/><V39/><F39/><W25/><G117/><T5/><D5/><U101/><E101/><V95/><F135/><W51/><G51/><T31/><D24/><U120/><E120/><V12/><F95/><W85/><G3/><T127/><D127/><U99/><E99/><V62/><F8/><AGARI ba="0,0" hai="1,4,8,14,18,21,25,29,33,54,55,76,80,85" machi="8" ten="40,5200,0" yaku="24,2,52,1" doraHai="82" who="3" fromWho="2" sc="250,0,250,0,250,-52,250,52" /><INIT seed="1,0,0,2,0,58" ten="250,250,198,302" oya="1" hai0="50,23,25,104,7,75,32,38,89,46,6,15,84" hai1="44,113,132,117,56,78,1,102,2,52,12,121,135" hai2="60,65,86,24,100,80,19,54,22,92,97,39,30" hai3="34,73,42,64,63,88,17,27,115,110,5,95,74"/><U4/><E117/><V134/><F134/><N who="1" m="51241" /><E113/><V14/><F39/><W41/><G5/><T69/><D75/><U107/><E121/><V40/><F40/><W8/><G115/><T131/><D38/><U37/><E78/><V122/><F122/><W76/><G74/><T26/><D131/><U125/><E125/><V68/><F54/><W21/><G34/><T111/><D104/><U36/><E44/><V47/><F47/><W3/><G8/><T123/><D69/><U101/><E37/><V106/><F106/><W93/><G93/><T29/><D123/><U87/><E87/><V79/><REACH who="2" step="1"/><F14/><REACH who="2" ten="250,250,188,302" step="2"/><W105/><G42/><T67/><D15/><U13/><E36/><V16/><AGARI ba="0,1" hai="16,19,22,24,30,60,65,68,79,80,86,92,97,100" machi="16" ten="30,12000,2" yaku="1,1,2,1,0,1,52,1,54,1,53,1" doraHai="58" doraHaiUra="82" who="2" fromWho="2" sc="250,-30,250,-60,188,130,302,-30" /><INIT seed="2,0,0,0,3,64" ten="220,190,318,272" oya="2" hai0="24,126,81,118,109,0,99,32,51,54,45,4,113" hai1="28,11,2,25,61,14,100,84,119,18,76,135,68" hai2="48,7,71,37,63,133,117,83,92,34,98,44,30" hai3="29,110,108,114,46,91,79,85,130,104,19,23,17"/><V59/><F117/><W10/><G104/><T120/><D113/><U128/><E119/><V82/><F7/><W42/><G79/><T13/><D118/><U3/><E135/><V56/><F133/><W115/><G91/><T58/><D120/><U95/><E128/><V73/><F73/><W40/><G85/><T78/><D126/><U9/><E9/><V101/><F30/><W97/><G97/><T102/><D109/><N who="3" m="42089" /><G42/><T1/><D32/><U123/><E123/><V57/><F34/><W77/><G77/><T26/><D0/><U72/><E72/><V93/><F93/><W124/><G10/><T21/><D1/><U122/><E122/><V74/><F74/><W60/><G60/><T96/><D96/><U38/><E38/><V8/><F8/><W125/><G29/><T112/><D112/><N who="3" m="43049" /><G130/><T65/><D65/><U52/><E100/><V87/><F37/><N who="3" m="21775" /><G23/><T31/><D81/><U106/><E106/><V94/><F94/><W129/><G129/><T35/><D78/><U53/><E95/><V22/><F22/><W62/><G62/><T80/><D80/><N who="1" m="47111" /><E2/><V12/><F87/><W5/><G5/><T89/><D89/><U111/><E3/><V90/><F101/><W103/><G103/><T36/><D102/><U43/><E111/><V50/><F83/><W33/><G33/><T69/><D99/><U134/><E43/><V70/><F82/><W86/><G86/><T131/><D131/><U105/><E105/><V27/><F98/><W41/><G41/><N who="0" m="22695" /><D35/><N who="1" m="20879" /><E134/><V107/><F107/><W127/><AGARI ba="0,0" hai="17,19,124,125,127" m="21775,43049,42089" machi="127" ten="40,5200,0" yaku="18,1,14,1,11,1" doraHai="64" who="3" fromWho="3" sc="220,-13,190,-13,318,-26,272,52" /><INIT seed="3,0,0,1,2,26" ten="207,177,292,324" oya="3" hai0="119,94,12,101,29,84,123,130,38,74,105,83,87" hai1="28,112,116,69,19,2,37,120,27,65,3,71,109" hai2="128,82,64,46,36,21,81,132,68,24,39,97,125" hai3="50,77,9,92,118,122,11,54,134,47,108,51,17"/><W115/><G122/><T55/><D38/><U67/><E28/><V99/><F132/><W6/><G115/><T53/><D123/><U100/><E27/><V10/><F128/><W86/><G118/><T70/><D119/><U48/><E116/><V96/><F125/><W95/><G108/><T80/><D70/><U104/><E109/><V75/><F10/><W107/><G107/><T59/><D130/><U61/><E112/><V31/><F75/><W79/><G17/><T34/><D74/><U7/><E120/><V49/><F82/><N who="0" m="31274" /><D105/><U4/><E104/><V76/><F81/><N who="3" m="47407" /><G79/><T89/><D34/><U121/><E121/><V42/><REACH who="2" step="1"/><F76/><REACH who="2" ten="207,177,282,324" step="2"/><W135/><G11/><T43/><D43/><U13/><E2/><V124/><F124/><W110/><G9/><T22/><D53/><U35/><E3/><V33/><F33/><W126/><G126/><T111/><D111/><U103/><E35/><V20/><F20/><W25/><G110/><T98/><D55/><U40/><E4/><V114/><F114/><W88/><G6/><T93/><D59/><U56/><E7/><V14/><F14/><W15/><G54/><T30/><D87/><U52/><E13/><V45/><F45/><W63/><G15/><T5/><D5/><U91/><E56/><V66/><F66/><W90/><G47/><T72/><D72/><U113/><E113/><V62/><AGARI ba="0,1" hai="21,24,31,36,39,42,46,49,62,64,68,96,97,99" machi="62" ten="30,4000,0" yaku="1,1,0,1,52,1,53,0" doraHai="26" doraHaiUra="127" who="2" fromWho="2" sc="207,-10,177,-10,282,50,324,-20" /><INIT seed="4,0,0,5,5,35" ten="197,167,332,304" oya="0" hai0="38,86,34,11,23,105,131,14,12,119,89,19,108" hai1="93,30,25,130,61,18,15,88,80,124,47,132,107" hai2="101,60,104,94,81,41,90,39,114,45,83,91,6" hai3="84,95,24,3,64,28,122,97,75,121,7,4,21"/><T76/><D34/><U59/><E107/><V115/><F104/><W112/><G75/><T46/><D119/><U70/><E70/><V135/><F135/><W8/><G112/><N who="2" m="43049" /><F101/><W2/><G64/><T63/><D108/><U78/><E132/><V128/><F128/><W52/><G84/><T13/><D131/><U127/><E130/><V51/><F60/><W42/><G52/><T48/><D105/><U71/><E47/><N who="2" m="23999" /><F6/><W96/><G42/><N who="0" m="24663" /><D38/><U118/><E71/><V100/><F100/><W1/><G7/><N who="0" m="3199" /><D76/><U74/><E118/><V134/><F134/><W49/><G49/><T109/><D109/><U103/><E103/><V126/><F126/><W98/><REACH who="3" step="1"/><G95/><REACH who="3" ten="197,167,332,294" step="2"/><N who="0" m="54711" /><D63/><U26/><E127/><V99/><F91/><W29/><G29/><T57/><D57/><U22/><E124/><V44/><F44/><W0/><AGARI ba="0,1" hai="0,1,2,3,4,8,21,24,28,96,97,98,121,122" machi="0" ten="40,12000,2" yaku="1,1,0,1,52,4,53,0" doraHai="35" doraHaiUra="50" who="3" fromWho="3" sc="197,-60,167,-30,332,-30,294,130" /><INIT seed="5,0,0,3,1,45" ten="137,137,302,424" oya="1" hai0="59,101,5,119,20,79,43,123,73,75,13,53,58" hai1="125,26,83,61,99,19,100,48,33,131,7,93,54" hai2="87,71,84,41,40,111,57,42,31,39,55,52,37" hai3="121,3,120,34,38,77,16,116,69,78,126,9,117"/><U67/><E131/><V72/><F72/><W102/><G69/><T64/><D119/><N who="3" m="45641" /><G38/><N who="2" m="14345" /><F31/><W2/><G102/><T103/><D123/><N who="3" m="47177" /><G34/><T74/><D43/><U4/><E125/><V28/><F87/><W132/><G126/><T95/><D79/><N who="3" m="30217" /><G132/><T94/><D103/><U65/><E83/><V35/><F84/><W134/><G134/><T92/><D101/><U29/><E19/><V36/><F28/><W51/><G51/><T110/><D110/><U128/><E128/><V91/><F91/><W118/><G118/><T49/><D5/><U76/><E76/><V70/><F35/><W6/><G16/><N who="0" m="10255" /><D74/><U27/><E27/><V15/><F15/><AGARI ba="0,0" hai="2,3,6,9,15" m="30217,47177,45641" machi="15" ten="30,1000,0" yaku="12,1" doraHai="45" who="3" fromWho="2" sc="137,0,137,0,302,-10,424,10" /><INIT seed="6,0,0,5,4,80" ten="137,137,292,434" oya="2" hai0="31,134,5,6,33,67,92,7,79,88,35,42,15" hai1="109,61,29,24,89,32,105,111,121,49,10,97,91" hai2="73,131,128,101,45,85,106,120,129,54,48,115,104" hai3="75,77,58,69,30,133,118,117,44,21,62,78,18"/><V57/><F73/><W63/><G30/><T96/><D134/><U0/><E121/><V53/><F120/><W14/><G133/><T68/><D79/><U100/><E61/><N who="2" m="36023" /><F115/><W27/><G44/><T38/><D31/><U113/><E113/><V132/><F132/><W65/><G27/><T108/><D108/><U43/><E111/><V37/><F101/><W46/><G46/><T20/><D42/><U2/><E109/><V25/><F25/><W71/><G77/><T47/><D47/><U39/><E39/><V1/><F1/><W8/><G8/><T23/><D38/><U81/><E49/><V12/><F37/><W13/><G13/><T74/><D74/><U102/><E102/><V107/><F12/><W11/><G11/><T41/><D41/><U84/><E43/><V9/><F9/><W95/><G75/><T34/><REACH who="0" step="1"/><D15/><REACH who="0" ten="127,137,292,434" step="2"/><U94/><REACH who="1" step="1"/><E10/><REACH who="1" ten="127,127,292,434" step="2"/><V19/><F129/><W70/><G117/><T60/><AGARI ba="0,2" hai="5,6,7,20,23,33,34,35,60,67,68,88,92,96" machi="60" ten="40,8000,1" yaku="1,1,2,1,0,1,54,1,53,0" doraHai="80" doraHaiUra="26" who="0" fromWho="0" sc="127,100,127,-20,292,-40,434,-20" /><INIT seed="7,0,0,0,5,97" ten="227,107,252,414" oya="3" hai0="80,103,124,111,102,78,73,14,29,60,105,9,118" hai1="19,30,56,43,121,98,83,16,131,123,11,66,128" hai2="44,8,64,76,113,130,120,70,28,55,69,106,108" hai3="135,79,47,22,133,45,42,61,122,32,4,23,95"/><W81/><G32/><T77/><D111/><U67/><E98/><V119/><F76/><W71/><G4/><T88/><D118/><U34/><E43/><V94/><F94/><W51/><G47/><T52/><D124/><U53/><E83/><V107/><F119/><W114/><G95/><T87/><D29/><U134/><E34/><V39/><F108/><W35/><G114/><T110/><D110/><U5/><E30/><V0/><F113/><W31/><G35/><T63/><D105/><U7/><E11/><V90/><F70/><W6/><G6/><N who="1" m="2058" /><E56/><V62/><F28/><W38/><G81/><T27/><D27/><U89/><E89/><V33/><F33/><W126/><G79/><N who="0" m="30219" /><D73/><U132/><E53/><V68/><F68/><W92/><G71/><T86/><D86/><U20/><E20/><V112/><F112/><W74/><G23/><T49/><D14/><U13/><E13/><V37/><F37/><W65/><G22/><T50/><D50/><U25/><E25/><V41/><F120/><N who="1" m="46153" /><E66/><V46/><F0/><W101/><G31/><T91/><D91/><U36/><E67/><V26/><F26/><W3/><G38/><T127/><D127/><U99/><E36/><V115/><F115/><W75/><G126/><T12/><D12/><U2/><E2/><V15/><F90/><W57/><G3/><T24/><D24/><U17/><E99/><V104/><F104/><W48/><G122/><T58/><D9/><U117/><E117/><V54/><F107/><W84/><G51/><T96/><D96/><U85/><E85/><V82/><F106/><RYUUKYOKU ba="0,0" sc="227,15,107,15,252,-15,414,-15" hai0="49,52,58,60,63,80,87,88,102,103" hai1="16,17,19,128,131,132,134" owari="242,4.0,122,-38.0,237,-16.0,399,50.0" /></mjloggm>