<mjloggm ver="2.3"><GO type="169" lobby="0"/><UN n0="%70%69%65%72%72%65%5F%41" n1="%E5%A4%A9%E9%BC%93" n2="%E9%BA%BB%E7%94%9F%E9%9B%80%E5%AD%90" n3="%E3%82%A6%E3%83%AB%E3%83%88%E3%83%A9%E7%AB%8B%E7%9B%B4" dan="16,18,17,17" rate="2135.68,2135.55,2197.49,2167.08" sx="M,M,F,M"/><TAIKYOKU oya="0"/><INIT seed="0,0,0,4,3,33" ten="250,250,250,250" oya="0" hai0="39,17,52,117,18,64,3,40,111,109,71,70,45" hai1="24,15,63,121,83,114,67,132,118,99,13,68,95" hai2="75,116,61,69,37,119,23,28,7,88,103,50,108" hai3="135,127,11,77,65,6,12,46,100,55,86,84,113"/><T36/><D117/><N who="2" m="45130" /><F37/><W2/><G113/><T43/><D64/><U57/><E118/><V30/><F75/><W29/><G127/><T47/><REACH who="0" step="1"/><D52/><REACH who="0" ten="240,250,250,250" step="2"/><U96/><E67/><V92/><F61/><W16/><G65/><T134/><D134/><U72/><E63/><V122/><F69/><W107/><G135/><T5/><D5/><U25/><E68/><V110/><F7/><W131/><G55/><T21/><D21/><U120/><E132/><V41/><F23/><W14/><G46/><T10/><D10/><U9/><E9/><V89/><F122/><W76/><G6/><T112/><D112/><U42/><E114/><V123/><F123/><W0/><G11/><T101/><D101/><U97/><E120/><V129/><F103/><W49/><G100/><T32/><D32/><U31/><E121/><V105/><F105/><W125/><G107/><T38/><D38/><U56/><E56/><V22/><F22/><W60/><G49/><T90/><D90/><U79/><E57/><V81/><F89/><W128/><G60/><T53/><D53/><U20/><E25/><V124/><F88/><W54/><G54/><T78/><D78/><U106/><E106/><V4/><F4/><W19/><REACH who="3" step="1"/><G125/><REACH who="3" ten="240,250,250,240" step="2"/><T133/><D133/><U74/><E24/><V130/><F50/><W73/><G73/><T91/><D91/><U87/><E72/><V35/><F124/><W34/><G34/><T98/><D98/><U44/><E74/><V8/><F35/><W102/><G102/><T27/><D27/><N who="1" m="16871" /><E95/><V104/><F8/><W59/><G59/><T58/><D58/><RYUUKYOKU ba="0,2" sc="240,10,250,10,250,-30,240,10" hai0="3,17,18,36,39,40,43,45,47,70,71,109,111" hai1="13,15,42,44,79,83,87,96,97,99" hai3="0,2,12,14,16,19,29,76,77,84,86,128,131" /><INIT seed="0,1,2,4,1,87" ten="250,260,220,250" oya="0" hai0="127,10,118,51,116,92,125,80,126,75,39,109,56" hai1="120,83,46,18,112,63,60,30,34,5,59,86,111" hai2="22,28,61,52,37,20,9,103,35,19,69,81,96" hai3="110,105,101,3,97,71,26,47,133,23,85,4,113"/><T50/><D39/><U102/><E120/><V91/><F37/><W17/><G113/><T100/><D10/><U54/><E112/><V90/><F35/><W49/><G71/><T79/><D109/><U24/><E111/><V64/><F81/><W106/><G110/><T27/><D27/><U45/><E5/><V89/><F28/><W65/><G65/><T41/><D56/><U14/><E102/><V108/><F108/><W12/><G133/><T128/><D128/><U66/><E14/><V93/><REACH who="2" step="1"/><F52/><REACH who="2" ten="250,260,210,250" step="2"/><W16/><G49/><N who="0" m="18443" /><D41/><U13/><E54/><V31/><F31/><W1/><G47/><T70/><D70/><U117/><E45/><V11/><F11/><W119/><G119/><T55/><D55/><U124/><E46/><V2/><F2/><W40/><G40/><T123/><D123/><U134/><E117/><V29/><F29/><W131/><G1/><T8/><D8/><U15/><E30/><V38/><F38/><W58/><G3/><T44/><D44/><U68/><E34/><V132/><F132/><W36/><G36/><T7/><D7/><U21/><E134/><V76/><F76/><W94/><G4/><T95/><D100/><U122/><E122/><V67/><F67/><W72/><G58/><T53/><D53/><U88/><E68/><V121/><F121/><W114/><G114/><T135/><D135/><U99/><E60/><V73/><F73/><W32/><G72/><T6/><D6/><U62/><E62/><V43/><F43/><W82/><G32/><T42/><D42/><U107/><E124/><V25/><F25/><RYUUKYOKU ba="1,3" sc="250,10,260,10,210,10,250,-30" hai0="75,79,80,92,95,116,118,125,126,127" hai1="13,15,18,21,24,59,63,66,83,86,88,99,107" hai2="9,19,20,22,61,64,69,89,90,91,93,96,103" /><INIT seed="0,2,3,3,2,32" ten="260,270,220,220" oya="0" hai0="60,36,132,54,65,70,128,59,75,126,2,45,13" hai1="76,101,78,129,10,85,48,41,82,49,89,95,107" hai2="16,24,20,39,4,61,93,105,9,12,58,112,127" hai3="81,115,116,73,25,34,125,98,21,103,79,46,50"/><T100/><D75/><U90/><E129/><V37/><F105/><W113/><G34/><T26/><D100/><U106/><E41/><V43/><F112/><W28/><G125/><T118/><D118/><U64/><E64/><V23/><F127/><W74/><G74/><T94/><D126/><U124/><E124/><V84/><F43/><W77/><G77/><N who="1" m="29802" /><E10/><V19/><F84/><W99/><G99/><T1/><D128/><U57/><E57/><V111/><F93/><W53/><REACH who="3" step="1"/><G116/><REACH who="3" ten="260,270,220,210" step="2"/><T51/><D132/><U135/><E135/><V68/><F111/><W97/><G97/><T40/><D26/><U38/><E106/><AGARI ba="2,4" hai="21,25,28,46,50,53,73,79,81,98,103,106,113,115" machi="106" ten="30,2000,0" yaku="1,1,7,1,53,0" doraHai="32" doraHaiUra="5" who="3" fromWho="1" sc="260,0,270,-26,220,0,210,66" /><INIT seed="1,0,0,3,0,47" ten="260,244,220,276" oya="1" hai0="49,95,94,17,122,113,101,77,58,135,90,123,78" hai1="76,85,36,51,69,14,126,57,63,129,8,80,114" hai2="21,105,84,121,40,118,48,64,24,6,26,4,66" hai3="75,61,59,19,46,41,93,56,116,110,103,55,53"/><U128/><E69/><V1/><F105/><W50/><G75/><T33/><D33/><U79/><E36/><V86/><F118/><W44/><G116/><T9/><D113/><U13/><E114/><V34/><F34/><W37/><G19/><T20/><D9/><U30/><E30/><V28/><F121/><N who="0" m="46090" /><D135/><U132/><E126/><V111/><F111/><W27/><G27/><T32/><D32/><U127/><E127/><V0/><F21/><W54/><G93/><T91/><D101/><U29/><E29/><V23/><F23/><W109/><REACH who="3" step="1"/><G103/><REACH who="3" ten="260,244,220,266" step="2"/><T71/><D94/><U62/><E132/><V10/><F28/><W102/><G102/><T67/><D95/><U15/><E8/><V35/><F10/><W134/><G134/><T42/><D17/><U107/><E107/><V39/><F35/><W65/><G65/><T7/><D67/><U89/><E128/><V3/><F64/><W117/><G117/><T60/><D7/><U119/><E129/><V16/><F66/><W131/><G131/><T112/><D112/><U74/><E119/><V81/><F6/><W106/><G106/><T97/><D71/><U130/><E130/><V11/><F4/><W124/><G124/><T12/><D20/><U98/><E74/><V31/><F11/><W88/><G88/><T38/><D90/><U87/><E98/><V104/><F104/><W73/><G73/><T99/><D91/><U2/><E89/><V52/><F26/><W115/><G115/><T125/><D99/><U43/><E85/><N who="2" m="32875" /><F24/><W18/><G18/><T120/><N who="0" m="46098" /><T22/><DORA hai="5" /><D125/><RYUUKYOKU ba="0,1" sc="260,-10,244,-10,220,-10,266,30" hai3="37,41,44,46,50,53,54,55,56,59,61,109,110" /><INIT seed="2,1,1,5,4,5" ten="250,234,210,296" oya="2" hai0="15,104,119,25,66,124,114,30,14,43,41,31,87" hai1="21,63,105,116,134,103,83,3,91,64,11,35,29" hai2="38,33,68,110,85,1,128,117,6,78,131,10,113" hai3="108,16,55,130,80,100,9,90,122,126,0,82,27"/><V86/><F113/><W57/><G122/><T32/><D114/><U76/><E116/><V77/><F117/><W26/><G108/><T96/><D119/><U50/><E91/><V34/><F68/><W75/><G75/><T40/><D124/><U79/><E21/><V102/><F102/><W69/><G69/><T58/><D31/><U47/><E134/><V65/><F65/><W127/><G100/><T18/><D87/><N who="2" m="33290" /><F38/><W60/><G90/><T106/><D96/><U133/><E133/><V56/><F56/><W42/><G42/><T72/><D72/><U54/><E83/><N who="3" m="31786" /><G0/><T125/><D125/><N who="3" m="47625" /><G130/><N who="2" m="49705" /><F110/><W112/><G112/><T115/><D115/><U39/><E39/><V74/><F74/><W44/><G44/><T45/><D45/><U71/><E103/><V135/><F135/><W24/><G24/><T94/><D58/><U20/><E71/><V62/><F62/><W28/><G28/><T89/><D66/><U2/><E63/><V118/><F118/><W46/><G46/><T93/><D104/><U53/><E64/><V120/><F120/><W36/><G36/><T132/><D106/><U49/><E105/><V70/><F70/><W84/><G84/><T19/><D132/><U88/><E29/><V107/><F107/><W129/><G129/><T52/><D89/><U17/><E88/><V59/><F59/><W95/><G95/><T123/><D123/><U4/><E47/><V23/><F23/><W12/><AGARI ba="1,1" hai="9,12,16,26,27,55,57,60" m="47625,31786" machi="12" ten="30,4000,0" yaku="18,1,52,1,54,1" doraHai="5" who="3" fromWho="3" sc="250,-11,234,-11,210,-21,296,53" /><INIT seed="3,0,0,3,2,63" ten="239,223,189,349" oya="3" hai0="117,41,61,59,123,9,2,119,127,25,69,36,129" hai1="86,22,91,44,14,45,93,80,50,98,121,57,70" hai2="21,83,48,33,89,16,49,78,100,39,4,47,115" hai3="134,81,87,28,125,27,42,128,113,85,58,53,76"/><W88/><G113/><T104/><D123/><U46/><E70/><V102/><F33/><W11/><G42/><T62/><D104/><U38/><E38/><V15/><F115/><W116/><G116/><T26/><D127/><U52/><E121/><V130/><F39/><W30/><G128/><T40/><D129/><U75/><E75/><V84/><F130/><W103/><G134/><T10/><D36/><U71/><E71/><V31/><F31/><W12/><G103/><T101/><D69/><U56/><E56/><V19/><F4/><W109/><G27/><T67/><D101/><U37/><E37/><V29/><F29/><W74/><G74/><T135/><D59/><U79/><E14/><V99/><F19/><W8/><G109/><T32/><D32/><U114/><E22/><V34/><F34/><W107/><G107/><T131/><D131/><U120/><E120/><V55/><F48/><W122/><G122/><T35/><D35/><U1/><E1/><V108/><F108/><W24/><G24/><T64/><REACH who="0" step="1"/><D2/><REACH who="0" ten="229,223,189,349" step="2"/><U112/><AGARI ba="0,1" hai="44,45,46,50,52,57,79,80,86,91,93,98,112,114" machi="112" ten="30,2000,0" yaku="0,1,54,1" doraHai="63" who="1" fromWho="1" sc="229,-5,223,30,189,-5,349,-10" /><INIT seed="4,0,0,1,3,47" ten="224,253,184,339" oya="0" hai0="97,35,81,48,40,73,96,25,110,23,50,102,130" hai1="13,86,7,4,82,29,83,52,103,124,6,58,89" hai2="31,116,135,24,10,93,61,122,67,113,118,54,80" hai3="39,106,1,33,74,123,41,91,112,98,22,57,2"/><T111/><D40/><U134/><E134/><V94/><F122/><W84/><G22/><T11/><D35/><U45/><E124/><V43/><F135/><W76/><G57/><T30/><D130/><U107/><E45/><V99/><F43/><W77/><G33/><T12/><D81/><U127/><E127/><V38/><F38/><W126/><G2/><T115/><D73/><U15/><E29/><V46/><F113/><W75/><G1/><T17/><D115/><U51/><E107/><V114/><F114/><W32/><G32/><T90/><D90/><U9/><E103/><V27/><F10/><W56/><G56/><T36/><D36/><U95/><REACH who="1" step="1"/><E13/><REACH who="1" ten="224,243,184,339" step="2"/><V120/><F120/><W28/><G28/><T131/><D131/><U19/><AGARI ba="0,1" hai="4,6,7,9,15,19,51,52,58,82,83,86,89,95" machi="19" ten="30,12000,2" yaku="1,1,2,1,0,1,8,1,52,1,54,1,53,0" doraHai="47" doraHaiUra="64" who="1" fromWho="1" sc="224,-60,243,130,184,-30,339,-30" /><INIT seed="5,0,0,5,3,127" ten="164,373,154,309" oya="1" hai0="73,97,24,35,109,50,58,94,126,71,10,64,32" hai1="51,133,123,130,90,104,116,124,91,39,6,67,66" hai2="26,45,18,44,103,122,128,4,9,62,43,15,29" hai3="19,16,12,36,80,52,33,40,125,0,114,30,106"/><U89/><E39/><V70/><F122/><W8/><G106/><T135/><D109/><U77/><E123/><V72/><F72/><W55/><G114/><T84/><D73/><U14/><E116/><V101/><F4/><W60/><G125/><T3/><D126/><U38/><E38/><V76/><F76/><W37/><G0/><T129/><D71/><U74/><E104/><V85/><F45/><W98/><G30/><T23/><D84/><U112/><E124/><V53/><F85/><W134/><G33/><T115/><D115/><U5/><E51/><V99/><F53/><W59/><G134/><T118/><D118/><U75/><E75/><V21/><F99/><W57/><G98/><T131/><D135/><U132/><E6/><V81/><F81/><W17/><G80/><T93/><D10/><N who="1" m="4431" /><E112/><V86/><F86/><W111/><G111/><T108/><D3/><U113/><E113/><V2/><F2/><W48/><G37/><T119/><D119/><U110/><E110/><V20/><F9/><W1/><G1/><T22/><D108/><U120/><E120/><V34/><F34/><N who="0" m="12842" /><D24/><U96/><E96/><V54/><F70/><W102/><G36/><T95/><D97/><U56/><E56/><N who="2" m="35095" /><F43/><W28/><G40/><T88/><D88/><N who="1" m="22531" /><U25/><DORA hai="11" /><E74/><V78/><F44/><W117/><G117/><T46/><D46/><U105/><E132/><V79/><F79/><W41/><G41/><T61/><D50/><U83/><E77/><V92/><F78/><W31/><G48/><T68/><D68/><U27/><E133/><V82/><F101/><RYUUKYOKU ba="0,0" sc="164,30,373,-10,154,-10,309,-10" hai0="22,23,58,61,64,93,94,95,129,131" /><INIT seed="6,1,0,2,5,82" ten="194,363,144,299" oya="2" hai0="51,9,42,135,84,26,15,18,57,43,34,8,56" hai1="132,69,102,37,66,115,20,111,124,22,61,99,0" hai2="117,91,108,68,114,123,95,78,113,29,48,58,110" hai3="32,101,27,120,134,7,23,92,41,70,133,59,46"/><V131/><F68/><W39/><G70/><T81/><D135/><U38/><E132/><V116/><F29/><W103/><G32/><T1/><D1/><U21/><E111/><N who="2" m="42539" /><F78/><W36/><G36/><T83/><D34/><U118/><E0/><V55/><F131/><W130/><G7/><T62/><D81/><U121/><E118/><N who="2" m="45675" /><F91/><W13/><G130/><T4/><D9/><U2/><E2/><V72/><F72/><W77/><G77/><N who="0" m="46191" /><D51/><U94/><E38/><V122/><F95/><W30/><G92/><T79/><D79/><U119/><E37/><V16/><F16/><W89/><G134/><T85/><D57/><U3/><E3/><V109/><N who="2" m="42547" /><V44/><DORA hai="98" /><F58/><W17/><G59/><T63/><D56/><U10/><E119/><V112/><AGARI ba="1,0" hai="44,48,55,112,113,114,122,123" m="45675,42547" machi="112" ten="50,48000,5" yakuman="50" doraHai="82,98" who="2" fromWho="2" sc="194,-161,363,-161,144,483,299,-161" /><INIT seed="6,2,0,1,0,3" ten="33,202,627,138" oya="2" hai0="99,22,104,51,113,131,16,122,45,32,20,76,129" hai1="127,65,135,6,88,106,78,68,123,114,62,84,98" hai2="7,27,115,101,89,128,95,4,18,96,28,79,81" hai3="19,60,119,126,72,2,29,0,61,13,9,1,43"/><V54/><F115/><W125/><G72/><T75/><D113/><U85/><E114/><V107/><F128/><W25/><G43/><T56/><D122/><U15/><E123/><V124/><F18/><W91/><G91/><T34/><D56/><U49/><E135/><V112/><F112/><W12/><G119/><T90/><D76/><U35/><E35/><V46/><F124/><N who="3" m="47723" /><G13/><N who="0" m="9231" /><D75/><U86/><E78/><V37/><F79/><W121/><G121/><T77/><D77/><U94/><E49/><V67/><F67/><W64/><G64/><T23/><D34/><AGARI ba="2,0" hai="0,1,2,9,12,19,25,29,34,60,61" m="47723" machi="34" ten="40,1300,0" yaku="18,1" doraHai="3" who="3" fromWho="0" sc="33,-19,202,0,627,0,138,19" /><INIT seed="7,0,0,3,5,101" ten="14,202,627,157" oya="3" hai0="124,79,130,107,98,59,43,118,119,73,14,53,56" hai1="30,1,32,28,51,104,58,74,38,61,70,86,17" hai2="129,77,102,10,9,2,93,91,78,47,72,67,115" hai3="125,48,63,21,46,111,62,85,60,132,95,83,24"/><W81/><G125/><T42/><D124/><U4/><E74/><V64/><F102/><W52/><G132/><T105/><D14/><U5/><E38/><V92/><F115/><W108/><G95/><T128/><D98/><U127/><E86/><V37/><F129/><N who="0" m="49770" /><D53/><U20/><E5/><N who="2" m="1207" /><F78/><W6/><G6/><T100/><D100/><U133/><E133/><V31/><F92/><W90/><REACH who="3" step="1"/><G83/><REACH who="3" ten="14,202,627,147" step="2"/><T45/><D45/><U88/><E4/><V110/><F93/><W97/><G97/><T68/><D68/><U82/><E70/><V113/><F113/><W106/><G106/><N who="0" m="40459" /><D79/><U29/><E127/><V25/><F77/><W0/><G0/><T134/><D134/><U66/><E1/><V94/><F94/><W40/><G40/><N who="0" m="15403" /><D73/><U135/><E135/><V103/><F72/><W7/><G7/><T36/><D36/><U12/><E104/><V120/><F37/><W109/><G109/><T23/><D23/><U8/><E20/><V116/><F110/><W41/><G41/><T55/><D55/><U80/><E8/><V75/><F10/><W19/><AGARI ba="0,1" hai="19,21,24,46,48,52,60,62,63,81,85,90,108,111" machi="19" ten="30,6000,0" yaku="1,1,0,1,54,1,53,0" doraHai="101" doraHaiUra="26" who="3" fromWho="3" sc="14,-20,202,-20,627,-20,147,70" owari="-6,-51.0,182,-22.0,607,71.0,217,2.0" /></mjloggm>