<mjloggm ver="2.3"><GO type="97" lobby="0"/><UN n0="%E3%81%BE%E3%81%95%E3%81%8A%E3%81%95%E3%82%93" n1="%E5%B0%B1%E6%B4%BB%E7%94%9F%40%E5%B7%9D%E6%9D%91%E8%BB%8D%E5%9B%A3" n2="%E5%BE%8C%E8%97%A4%E5%88%A9%E6%A0%B9%E9%9B%84%E2%99%AA" n3="%E5%8F%8B%47%46%49" dan="15,15,13,15" rate="1940.66,2072.00,1882.59,2021.04" sx="M,M,M,M"/><TAIKYOKU oya="0"/><INIT seed="0,0,0,3,3,135" ten="250,250,250,250" oya="0" hai0="48,127,12,96,52,15,98,28,90,32,10,29,130" hai1="100,75,21,85,70,43,109,56,11,1,89,42,33" hai2="63,84,134,116,51,88,111,107,129,17,99,8,123" hai3="5,65,101,86,81,45,31,14,133,92,115,94,58"/><T46/><D130/><U93/><E70/><V19/><F134/><W131/><G133/><T36/><D36/><U0/><E33/><V119/><F123/><W49/><G115/><T35/><D35/><U112/><E112/><V7/><F111/><W6/><G131/><T124/><D15/><U23/><E75/><V79/><F79/><W22/><G58/><T44/><D44/><U57/><E109/><V26/><F63/><W110/><G65/><T13/><D13/><U106/><E106/><V16/><F26/><N who="3" m="16855" /><G110/><T126/><D32/><U132/><E132/><V59/><F129/><W62/><G62/><T118/><D118/><N who="2" m="45098" /><F59/><N who="1" m="22601" /><E1/><N who="2" m="111" /><F51/><W104/><G104/><T40/><D40/><N who="1" m="15403" /><E0/><V66/><F66/><W9/><G5/><N who="0" m="3151" /><D90/><U91/><E100/><N who="2" m="62879" /><F19/><W61/><G101/><T103/><D103/><U4/><E4/><V2/><F2/><W108/><G108/><T87/><D87/><N who="1" m="52415" /><E11/><V69/><F69/><W121/><G121/><T39/><D39/><U74/><E74/><V72/><F72/><W73/><G73/><T95/><D95/><AGARI ba="0,0" hai="21,23,85,91,95" m="52415,15403,22601" machi="95" ten="30,1000,0" yaku="8,1" doraHai="135" who="1" fromWho="0" sc="250,-10,250,10,250,0,250,0" /><AGARI ba="0,0" hai="16,17,84,88,95" m="62879,111,45098" machi="95" ten="30,3900,0" yaku="12,1,54,2" doraHai="135" who="2" fromWho="0" sc="240,-39,260,0,250,39,250,0" /><INIT seed="1,0,0,5,2,133" ten="201,260,289,250" oya="1" hai0="64,126,100,85,27,23,70,114,131,19,91,124,62" hai1="28,16,8,95,4,32,0,6,3,17,33,86,80" hai2="135,45,59,36,43,111,13,69,66,84,50,1,99" hai3="92,120,39,15,7,109,125,51,61,132,110,75,29"/><U35/><E95/><V11/><F1/><N who="1" m="585" /><E86/><V134/><F111/><N who="3" m="42507" /><G39/><T78/><D114/><U26/><E80/><V46/><F99/><W63/><G29/><T2/><D131/><U127/><E127/><N who="0" m="48681" /><D2/><N who="1" m="23" /><E6/><V57/><F84/><W47/><G75/><T21/><D21/><AGARI ba="0,0" hai="16,17,21,26,28,32,33,35" m="23,585" machi="21" ten="40,18000,2" yaku="35,5,54,1" doraHai="133" who="1" fromWho="0" sc="201,-180,260,180,289,0,250,0" /><INIT seed="1,1,0,4,2,9" ten="21,440,289,250" oya="1" hai0="61,88,91,11,127,96,90,42,80,35,107,5,62" hai1="78,30,121,71,108,84,132,4,44,48,45,123,117" hai2="64,66,2,128,75,38,27,1,98,112,23,41,97" hai3="39,24,22,13,33,6,58,83,99,67,81,10,92"/><U70/><E117/><V37/><F75/><W19/><G39/><T94/><D35/><U60/><E132/><V113/><F128/><W7/><G7/><T47/><D127/><U3/><E30/><V131/><F131/><W79/><G33/><T76/><D107/><U49/><E108/><V34/><F34/><W72/><G81/><T104/><D104/><U77/><E4/><V82/><F82/><W126/><G126/><T18/><D18/><U118/><E84/><V14/><F27/><W56/><REACH who="3" step="1"/><G67/><REACH who="3" ten="21,440,289,240" step="2"/><T114/><D114/><U29/><E3/><V122/><F1/><W130/><G130/><T103/><D80/><U16/><E118/><V95/><F2/><W124/><G124/><T119/><D119/><U36/><E36/><V57/><F38/><W25/><G25/><T86/><D76/><U109/><E78/><V115/><F64/><W125/><G125/><T8/><D86/><U17/><E77/><V120/><F37/><W100/><AGARI ba="1,1" hai="6,10,13,19,22,24,56,58,72,79,83,92,99,100" machi="100" ten="20,12000,2" yaku="1,1,0,1,7,1,52,1,53,2" doraHai="9" doraHaiUra="52" who="3" fromWho="3" sc="21,-31,440,-61,289,-31,240,133" owari="-10,-51.0,379,48.0,258,-14.0,373,17.0" /></mjloggm>