<mjloggm ver="2.3"><GO type="41" lobby="0"/><UN n0="%E5%B0%B1%E6%B4%BB%E7%94%9F%40%E5%B7%9D%E6%9D%91%E8%BB%8D%E5%9B%A3" n1="%E3%81%8F%E3%82%8A%E3%82%85%40%E3%81%97%E3%81%AB%E3%81%9F%E3%81%84" n2="%E7%8C%AB%E3%81%AE%E8%B6%B3%E8%B7%A1" n3="%E9%89%84%E5%A4%AA%E9%83%8E" dan="16,13,16,14" rate="2048.69,1891.93,2008.12,1805.89" sx="M,M,M,M"/><TAIKYOKU oya="0"/><INIT seed="0,0,0,2,2,0" ten="250,250,250,250" oya="0" hai0="112,73,115,47,56,55,109,27,101,119,126,23,96" hai1="116,37,111,135,95,78,53,87,43,46,14,110,66" hai2="67,31,84,134,118,58,3,42,83,10,59,48,5" hai3="28,64,85,62,57,44,54,63,129,88,60,18,7"/><T6/><D119/><U77/><E116/><V104/><F118/><W1/><G129/><T94/><D73/><U121/><E121/><V92/><F104/><W29/><G18/><T99/><D126/><U133/><E66/><V33/><F134/><N who="1" m="51209" /><E53/><V69/><F92/><W89/><G44/><T103/><D109/><N who="1" m="41483" /><E14/><V39/><F39/><W70/><G63/><T98/><D47/><U52/><E95/><V80/><F69/><W45/><G45/><T74/><D74/><U72/><E72/><V120/><F42/><W71/><G71/><T65/><D65/><U97/><E97/><V4/><F67/><W16/><G16/><T106/><D99/><U124/><E124/><V13/><F120/><W30/><REACH who="3" step="1"/><G85/><REACH who="3" ten="250,250,250,240" step="2"/><T12/><D112/><U9/><E87/><V79/><F84/><W68/><G68/><T100/><D115/><U2/><E43/><V127/><F127/><W32/><G32/><T114/><D114/><U75/><E37/><V24/><F58/><W123/><G123/><T21/><D106/><U49/><E75/><V132/><F132/><W82/><G82/><T11/><D98/><U22/><E22/><N who="0" m="8201" /><D27/><U86/><E86/><V40/><F40/><W61/><G61/><AGARI ba="0,1" hai="6,11,12,55,56,61,94,96,100,101,103" m="8201" machi="61" ten="30,2900,0" yaku="8,1,52,1" doraHai="0" who="0" fromWho="3" sc="250,39,250,0,250,0,240,-29" /><INIT seed="0,1,0,4,3,74" ten="289,250,250,211" oya="0" hai0="34,15,114,118,115,1,106,65,126,49,44,35,20" hai1="9,113,107,45,40,128,18,22,85,57,11,12,79" hai2="46,27,110,36,38,87,5,132,29,10,51,80,69" hai3="81,54,104,131,124,59,82,116,37,135,108,86,96"/><T23/><D106/><U133/><E107/><V13/><F69/><W73/><G116/><T89/><D118/><U17/><E128/><V102/><F110/><W98/><G108/><T88/><D1/><U33/><E33/><V19/><F102/><W50/><G37/><T127/><D65/><U26/><E133/><V94/><F94/><W129/><G124/><T109/><D15/><U43/><E113/><V76/><F19/><W67/><G67/><T72/><D109/><U103/><E103/><V84/><F84/><W66/><G66/><T6/><D72/><U3/><E3/><V60/><F60/><W61/><G61/><T70/><D6/><U71/><E71/><V32/><REACH who="2" step="1"/><F132/><REACH who="2" ten="289,250,240,211" step="2"/><W41/><G135/><T25/><D70/><U121/><E121/><V111/><F111/><W95/><G104/><T93/><D93/><U39/><E85/><V28/><F28/><W42/><G73/><T125/><D125/><U53/><E18/><V68/><F68/><W16/><G16/><T64/><D25/><U63/><E26/><V120/><F120/><W100/><G96/><T134/><D134/><U8/><E63/><V123/><F123/><W30/><G30/><T77/><D64/><U2/><E17/><V14/><F14/><W24/><G24/><T91/><D126/><U78/><E12/><V62/><F62/><W21/><G21/><N who="0" m="8267" /><D127/><U99/><E22/><V56/><F56/><W119/><G119/><T0/><D0/><U48/><E2/><V130/><F130/><N who="3" m="49675" /><G82/><T58/><D115/><U90/><E99/><V75/><F75/><W101/><G101/><RYUUKYOKU ba="1,1" sc="289,-15,250,-15,240,15,211,15" hai2="5,10,13,27,29,32,36,38,46,51,76,80,87" hai3="41,42,50,54,59,81,86,95,98,100" /><INIT seed="1,2,1,1,0,123" ten="274,235,255,226" oya="1" hai0="61,108,73,128,122,52,60,98,56,91,105,10,28" hai1="21,133,6,127,47,82,59,72,132,40,24,65,16" hai2="25,70,50,26,0,48,95,32,37,64,85,111,69" hai3="92,87,109,2,106,34,131,126,33,35,27,4,76"/><U104/><E104/><V78/><F37/><W129/><G106/><T8/><D122/><U51/><E127/><V53/><F0/><W113/><G113/><T44/><D73/><U17/><E6/><V45/><F64/><W55/><G126/><T1/><D108/><U102/><E102/><V38/><F38/><W115/><G115/><T62/><D128/><N who="3" m="49225" /><G55/><T15/><D28/><U103/><E103/><V23/><F32/><W90/><G76/><T13/><D1/><U120/><E120/><V117/><F117/><W93/><G93/><N who="0" m="56639" /><D44/><U46/><E46/><V68/><F111/><W88/><G90/><T20/><D20/><U77/><E17/><V110/><F110/><W134/><G134/><N who="1" m="51818" /><E59/><V30/><F26/><W36/><G36/><T12/><D105/><U94/><E94/><V86/><F78/><W125/><G125/><T19/><D19/><U99/><E99/><V71/><N who="2" m="17920" /><DORA hai="29" /><V107/><F107/><W18/><G109/><T130/><D130/><U135/><N who="1" m="51826" /><U118/><DORA hai="31" /><E65/><V80/><F80/><W63/><G18/><T9/><AGARI ba="2,1" hai="8,9,10,12,13,15,52,56,60,61,62" m="56639" machi="9" ten="30,2000,0" yaku="8,1,54,1" doraHai="123,29,31" who="0" fromWho="0" sc="274,36,235,-12,255,-7,226,-7" /><INIT seed="2,0,0,2,0,13" ten="310,223,248,219" oya="2" hai0="112,20,46,94,58,57,14,47,133,124,89,107,122" hai1="1,55,125,12,2,96,116,104,108,134,59,65,16" hai2="30,75,100,25,87,45,128,4,83,28,9,5,99" hai3="18,68,97,66,11,61,123,8,40,118,115,103,117"/><V39/><F128/><W127/><G127/><T32/><D107/><U54/><E108/><V19/><F75/><W37/><G123/><T71/><D32/><U42/><E134/><V121/><F121/><W131/><G131/><T29/><D71/><U26/><E26/><V10/><F39/><W119/><G115/><T132/><D112/><U31/><E31/><N who="2" m="11819" /><F45/><N who="0" m="16906" /><D124/><U17/><E42/><V81/><F99/><W78/><G40/><T67/><D67/><U34/><E34/><V92/><F100/><W69/><G37/><T102/><D102/><U36/><E125/><V15/><F25/><W73/><G69/><T49/><D49/><U114/><E116/><V24/><F24/><W6/><G73/><T43/><D43/><U48/><E36/><V113/><F113/><W95/><G78/><T109/><D109/><U35/><E35/><V64/><F64/><W33/><G33/><T56/><D122/><U79/><E65/><V120/><F120/><W130/><G130/><T74/><D74/><U44/><E79/><V27/><F27/><W53/><G53/><T105/><D105/><U51/><E12/><N who="2" m="7567" /><F5/><W80/><G6/><T41/><D29/><U70/><E70/><V52/><F52/><W23/><G119/><T101/><D101/><U77/><E77/><V88/><AGARI ba="0,0" hai="4,10,15,81,83,87,88,92" m="7567,11819" machi="88" ten="30,6000,0" yaku="8,1,52,1,54,1" doraHai="13" who="2" fromWho="2" sc="310,-20,223,-20,248,60,219,-20" /><INIT seed="2,1,0,4,1,108" ten="290,203,308,199" oya="2" hai0="51,83,38,47,66,65,124,78,19,60,44,113,131" hai1="56,127,104,33,99,49,114,71,31,90,24,85,82" hai2="133,84,76,15,86,102,80,4,25,130,30,14,120" hai3="111,3,13,68,29,118,135,55,92,110,53,129,45"/><V57/><F120/><W34/><G118/><T17/><D131/><U52/><E71/><V115/><F130/><W35/><G3/><T22/><D124/><U54/><E127/><V58/><F133/><W9/><G129/><T122/><D122/><U6/><E6/><V27/><F102/><W72/><G68/><T74/><D113/><U75/><E75/><V105/><F105/><W100/><G72/><T63/><D38/><U61/><E104/><V123/><F123/><W119/><G119/><T116/><D116/><U41/><E41/><V79/><F4/><W11/><G135/><T28/><D28/><U91/><E114/><V43/><F43/><W1/><G1/><T62/><D19/><U5/><E5/><V98/><F98/><W73/><G73/><T39/><D39/><U109/><E109/><V50/><F115/><W101/><G34/><T36/><D36/><U125/><E125/><V67/><F67/><W126/><G35/><T77/><D78/><U21/><E33/><V42/><F42/><W89/><G126/><T95/><D95/><N who="1" m="56823" /><E49/><V132/><F132/><W0/><G0/><T8/><D8/><U37/><E37/><V96/><F96/><W103/><G111/><T10/><D10/><U16/><E31/><V134/><F134/><W2/><G2/><T97/><D97/><U128/><E128/><V93/><F93/><W69/><G69/><T26/><D51/><U64/><AGARI ba="1,0" hai="16,21,24,52,54,56,61,64,82,85,91" m="56823" machi="64" ten="30,4000,0" yaku="8,1,54,2" doraHai="108" who="1" fromWho="1" sc="290,-11,203,43,308,-21,199,-11" /><INIT seed="3,0,0,5,2,30" ten="279,246,287,188" oya="3" hai0="94,86,124,123,83,61,111,5,130,51,58,106,79" hai1="55,102,109,62,134,22,93,29,9,20,99,7,12" hai2="135,82,44,23,47,119,65,98,112,60,56,57,10" hai3="110,77,113,97,85,90,54,1,16,63,128,52,27"/><W0/><G113/><T91/><D123/><U17/><E134/><V37/><F112/><W19/><G128/><T80/><D106/><U72/><E72/><V53/><F119/><W36/><G36/><T49/><D130/><U66/><E109/><V41/><F135/><W100/><G110/><T114/><D111/><U33/><E55/><V39/><F23/><W3/><G77/><T2/><D114/><U21/><E7/><V15/><F82/><W24/><G63/><T6/><D83/><U67/><E67/><V107/><F107/><W125/><G125/><T8/><D5/><U28/><E28/><V68/><F98/><W122/><G122/><T84/><REACH who="0" step="1"/><D124/><REACH who="0" ten="269,246,287,188" step="2"/><U89/><E89/><V129/><F129/><W121/><G121/><T38/><D38/><U11/><E11/><V127/><F127/><W101/><G90/><T18/><D18/><U50/><E9/><V132/><F132/><W95/><G101/><T117/><D117/><U13/><E17/><V103/><F103/><W46/><G85/><T118/><D118/><U40/><E29/><V74/><F74/><W71/><G71/><T126/><D126/><U70/><E12/><V120/><F120/><W64/><G64/><AGARI ba="0,1" hai="2,6,8,49,51,58,61,64,79,80,84,86,91,94" machi="64" ten="30,3900,0" yaku="1,1,7,1,53,1" doraHai="30" doraHaiUra="87" who="0" fromWho="3" sc="269,49,246,0,287,0,188,-39" /><INIT seed="4,0,0,3,5,54" ten="318,246,287,149" oya="0" hai0="82,97,83,21,51,0,71,13,24,61,55,63,107" hai1="8,46,43,35,7,130,59,33,79,49,94,115,81" hai2="26,25,41,60,18,85,87,31,52,132,29,108,103" hai3="34,58,15,91,44,6,77,104,117,3,1,111,75"/><T123/><D0/><U17/><E130/><V66/><F108/><W22/><G111/><T89/><D123/><U47/><E115/><V86/><F132/><W14/><G117/><T40/><D40/><U12/><E47/><V88/><F41/><W119/><G34/><T102/><D13/><U105/><E105/><V4/><F4/><W121/><G119/><T134/><D134/><U39/><E94/><N who="2" m="54543" /><F66/><W114/><G114/><T129/><D129/><U69/><E69/><V64/><F64/><W98/><G121/><T110/><D110/><U101/><E101/><V42/><F42/><W112/><G112/><T90/><D90/><U99/><E99/><V30/><F103/><W19/><G75/><T109/><D109/><U92/><E92/><V100/><F100/><W36/><G77/><T118/><D118/><U124/><E124/><V128/><F128/><W37/><G104/><T126/><D126/><U93/><E93/><V9/><F9/><W125/><G125/><T116/><D116/><U113/><E113/><V27/><F18/><W5/><G98/><T127/><D127/><U57/><E17/><V78/><F78/><W56/><G19/><T74/><D71/><U20/><E20/><V38/><F38/><W67/><G67/><T28/><D74/><U122/><E122/><V135/><F135/><W70/><G70/><T45/><D89/><U32/><E39/><V95/><F95/><W72/><G72/><T65/><D65/><U84/><AGARI ba="0,0" hai="7,8,12,32,33,35,43,46,49,57,59,79,81,84" machi="84" ten="30,8000,1" yaku="0,1,25,2,52,2" doraHai="54" who="1" fromWho="1" sc="318,-40,246,80,287,-20,149,-20" /><INIT seed="5,0,0,1,1,33" ten="278,326,267,129" oya="1" hai0="125,128,85,34,102,64,58,60,87,24,122,31,133" hai1="77,96,15,28,1,78,38,10,100,57,22,50,107" hai2="130,48,39,97,59,37,46,65,45,23,121,76,4" hai3="26,7,84,124,134,109,0,63,98,16,18,80,25"/><U43/><E38/><V8/><F121/><W21/><G109/><T82/><D122/><U11/><E11/><V49/><F130/><W75/><G134/><T20/><D128/><U74/><E74/><V73/><F23/><W56/><G124/><T99/><D125/><U44/><E57/><V12/><F97/><W36/><G75/><T61/><D133/><U90/><E90/><V6/><F6/><W54/><G36/><T104/><D82/><U32/><E32/><V92/><F92/><W117/><G117/><T72/><D72/><U93/><E107/><V101/><F101/><W132/><G132/><T42/><D42/><U19/><REACH who="1" step="1"/><E1/><REACH who="1" ten="278,316,267,129" step="2"/><V129/><F73/><W55/><G98/><T79/><D79/><U108/><E108/><V53/><F76/><W131/><G131/><T41/><D20/><U88/><E88/><V116/><F129/><W51/><G80/><T105/><D105/><U29/><E29/><V35/><F35/><W91/><G91/><T66/><D41/><U62/><E62/><V68/><F59/><AGARI ba="0,1" hai="24,31,34,58,59,60,61,64,66,85,87,99,102,104" machi="59" ten="30,2000,0" yaku="7,1,9,1" doraHai="33" who="0" fromWho="2" sc="278,30,316,0,267,-20,129,0" /><INIT seed="6,0,0,0,5,107" ten="308,316,247,129" oya="2" hai0="96,48,92,39,126,114,73,12,99,101,128,110,64" hai1="49,95,119,34,122,52,124,18,87,108,127,60,91" hai2="13,3,104,100,4,63,105,129,70,90,117,83,36" hai3="81,78,84,44,20,21,56,53,102,19,120,80,51"/><V47/><F117/><W28/><G120/><T54/><D39/><U106/><E119/><V59/><F3/><W45/><G102/><T72/><D110/><U123/><E106/><V1/><F1/><W6/><G6/><T32/><D32/><U65/><E34/><V85/><F70/><W75/><G28/><T130/><D64/><U131/><E18/><V134/><F134/><W94/><G94/><N who="0" m="58519" /><D12/><U113/><E108/><V43/><F129/><N who="0" m="49770" /><D114/><U103/><E113/><V111/><F100/><W23/><REACH who="3" step="1"/><G19/><REACH who="3" ten="308,316,247,119" step="2"/><T22/><D126/><N who="1" m="48171" /><E103/><V135/><F111/><W61/><G61/><T41/><D41/><U58/><E131/><V98/><F135/><W121/><G121/><T30/><D92/><U33/><E33/><V24/><F4/><W25/><G25/><N who="0" m="16695" /><D99/><U10/><E123/><V16/><F98/><W8/><G8/><T118/><D118/><U115/><E122/><V109/><F24/><W7/><G7/><T66/><D66/><U0/><E10/><V62/><F62/><W82/><G82/><T29/><D29/><U112/><E0/><V27/><F27/><W40/><G40/><T89/><D89/><AGARI ba="0,1" hai="20,21,23,44,45,51,53,56,75,78,80,81,84,89" machi="89" ten="40,2600,0" yaku="1,1,52,1,53,0" doraHai="107" doraHaiUra="2" who="3" fromWho="0" sc="308,-26,316,0,247,0,119,36" /><INIT seed="7,0,0,4,4,30" ten="282,316,247,155" oya="3" hai0="128,58,102,103,92,5,16,107,28,34,132,25,35" hai1="4,98,40,15,51,46,53,72,8,6,76,39,123" hai2="81,26,50,130,106,12,78,23,29,110,116,61,108" hai3="95,120,131,19,125,104,10,85,57,1,47,117,115"/><W126/><G120/><T22/><D107/><U11/><E123/><V77/><F116/><W69/><G117/><T45/><D128/><U118/><E118/><V2/><F2/><W83/><G104/><T44/><D132/><U89/><E89/><V65/><F106/><W17/><G69/><T73/><D73/><U20/><E98/><V99/><F130/><W133/><G131/><T59/><D5/><U100/><E100/><V7/><F99/><W111/><G133/><T129/><D129/><U113/><E20/><V94/><F94/><W84/><G115/><T74/><D74/><U63/><E63/><V114/><F114/><W66/><G111/><T56/><D92/><U96/><E96/><V122/><F50/><W52/><G95/><T18/><D18/><N who="3" m="6665" /><G66/><T21/><D102/><U9/><E113/><V64/><F64/><W33/><G47/><T3/><D3/><U90/><E90/><V91/><F122/><W32/><G10/><T49/><D103/><U68/><E8/><N who="2" m="4127" /><F108/><W112/><G1/><T87/><D87/><N who="3" m="33353" /><G83/><T55/><REACH who="0" step="1"/><D44/><REACH who="0" ten="272,316,247,155" step="2"/><U36/><E72/><V93/><F110/><W60/><G112/><T109/><D109/><U70/><E46/><V75/><F75/><W71/><G71/><T80/><D80/><U27/><E70/><N who="2" m="42287" /><F81/><W54/><G54/><T105/><D105/><U48/><E68/><V121/><F121/><W135/><G135/><T67/><D67/><U134/><E134/><V79/><F93/><W37/><G37/><T88/><D88/><U31/><E39/><V82/><F82/><W41/><G41/><T97/><D97/><RYUUKYOKU ba="0,1" sc="272,10,316,-30,247,10,155,10" hai0="16,21,22,25,28,34,35,45,49,55,56,58,59" hai2="23,26,29,77,78,79,91" hai3="32,33,52,57,60,125,126" /><INIT seed="7,1,1,5,0,98" ten="282,286,257,165" oya="3" hai0="134,30,103,34,12,48,120,109,133,58,36,38,110" hai1="104,26,45,57,8,29,100,3,14,77,0,33,115" hai2="102,125,79,35,116,66,96,44,10,111,94,68,72" hai3="42,15,51,46,27,63,1,49,70,43,2,47,76"/><W92/><G76/><T60/><D120/><U135/><E115/><V16/><F111/><N who="0" m="42506" /><D103/><U86/><E135/><N who="0" m="51721" /><D12/><U82/><E45/><V50/><F116/><W119/><G119/><T124/><D124/><U18/><REACH who="1" step="1"/><E57/><REACH who="1" ten="282,276,257,165" step="2"/><V53/><F125/><W118/><G118/><T23/><D34/><U74/><E74/><V67/><F35/><W71/><G15/><T6/><D6/><U65/><E65/><V78/><F72/><W9/><G9/><T128/><D128/><U17/><E17/><V121/><F121/><W69/><G27/><N who="0" m="16767" /><D48/><U62/><E62/><V24/><F68/><W93/><REACH who="3" step="1"/><G63/><REACH who="3" ten="282,276,257,155" step="2"/><T89/><D89/><U25/><E25/><V75/><F10/><W31/><G31/><T101/><D101/><U54/><E54/><AGARI ba="1,3" hai="36,38,54,58,60" m="16767,51721,42506" machi="54" ten="30,1000,0" yaku="20,1" doraHai="98" who="0" fromWho="1" sc="282,43,276,-13,257,0,155,0" owari="325,42.0,263,6.0,257,-14.0,155,-34.0" /></mjloggm>