<mjloggm ver="2.3"><GO type="169" lobby="0"/><UN n0="%66%75%6C%6C%2D%74%70%21" n1="%E3%81%86%E3%81%8D%E3%81%A7%E3%82%93" n2="%E5%B0%B1%E6%B4%BB%E7%94%9F%40%E5%B7%9D%E6%9D%91%E8%BB%8D%E5%9B%A3" n3="%E3%81%9F%E3%82%93%E3%81%9F%E3%81%8B%E3%81%9F%E3%82%93" dan="18,17,17,16" rate="2180.35,2183.81,2200.88,2068.79" sx="M,M,M,M"/><TAIKYOKU oya="0"/><INIT seed="0,0,0,4,4,135" ten="250,250,250,250" oya="0" hai0="37,51,36,88,71,95,47,113,108,52,111,104,83" hai1="12,60,34,103,27,86,9,40,99,58,92,112,29" hai2="59,133,19,109,87,25,79,55,76,2,8,126,1" hai3="121,63,20,96,38,14,7,81,65,129,123,72,73"/><T120/><D104/><U124/><E112/><V4/><F133/><W68/><G38/><T23/><D113/><U0/><E40/><V44/><F2/><W70/><G70/><T22/><D83/><U80/><E0/><V67/><F109/><N who="0" m="42058" /><D71/><U91/><E124/><V118/><F126/><W74/><G129/><T93/><D93/><U106/><E106/><V134/><F67/><W62/><G96/><N who="0" m="57447" /><D120/><U32/><E92/><V117/><F87/><W57/><G81/><T105/><D105/><U61/><E99/><V102/><F102/><W107/><G107/><T5/><D5/><U46/><E103/><V69/><F69/><W78/><G7/><T45/><D45/><U64/><E46/><V98/><F44/><W49/><G78/><T66/><D66/><U132/><E64/><V89/><F89/><W41/><G72/><T6/><D6/><U116/><E91/><V56/><F98/><W42/><G74/><T39/><AGARI ba="0,0" hai="22,23,36,37,39,47,51,52" m="57447,42058" machi="39" ten="40,12000,1" yaku="14,1,10,1,54,2" doraHai="135" who="0" fromWho="0" sc="250,120,250,-40,250,-40,250,-40" /><INIT seed="0,1,0,0,3,78" ten="370,210,210,210" oya="0" hai0="51,73,81,105,134,57,0,119,67,106,99,4,12" hai1="44,122,110,66,109,72,47,123,118,116,77,18,1" hai2="14,129,97,41,90,37,61,96,58,39,74,127,85" hai3="5,125,11,50,95,42,135,43,26,20,94,53,22"/><T25/><D134/><U79/><E1/><V91/><F74/><W121/><G125/><T120/><D119/><N who="1" m="45611" /><E66/><V48/><F129/><W33/><G33/><T92/><D120/><N who="1" m="46123" /><E18/><V62/><F127/><W13/><G135/><T10/><D25/><U32/><E32/><V131/><F131/><W126/><G22/><T115/><D115/><U130/><E130/><V108/><F108/><N who="1" m="41577" /><E72/><V40/><F14/><W8/><G126/><T132/><D132/><U75/><E75/><V76/><F48/><W27/><G11/><T3/><D3/><U117/><E117/><V36/><F58/><N who="3" m="33079" /><G27/><T82/><D73/><U101/><E101/><V98/><F61/><W103/><G103/><T17/><D51/><U128/><E128/><V89/><F62/><W38/><G38/><T102/><D57/><U83/><E83/><AGARI ba="1,0" hai="36,37,39,40,41,76,83,85,89,90,91,96,97,98" machi="83" ten="50,6400,0" yaku="29,2,52,1" doraHai="78" who="2" fromWho="1" sc="370,0,210,-67,210,67,210,0" /><INIT seed="1,0,0,5,5,30" ten="370,143,277,210" oya="1" hai0="126,10,53,60,9,27,121,17,25,108,19,75,16" hai1="20,69,42,119,71,15,18,118,55,44,32,73,103" hai2="132,129,98,102,24,78,135,89,128,57,70,12,63" hai3="0,79,133,131,101,45,127,35,99,100,88,125,3"/><U39/><E73/><V72/><F70/><W94/><G133/><N who="2" m="51273" /><F12/><W31/><G131/><N who="2" m="50249" /><F24/><N who="3" m="18919" /><G79/><T122/><D75/><U50/><E103/><N who="3" m="39498" /><G45/><T96/><D96/><U117/><REACH who="1" step="1"/><E32/><REACH who="1" ten="370,133,277,210" step="2"/><V81/><F102/><W49/><G49/><T123/><D123/><U58/><AGARI ba="0,1" hai="15,18,20,39,42,44,50,55,58,69,71,117,118,119" machi="58" ten="30,11700,0" yaku="1,1,2,1,0,1,53,1" doraHai="30" doraHaiUra="38" who="1" fromWho="1" sc="370,-39,133,127,277,-39,210,-39" /><INIT seed="1,1,0,4,5,66" ten="331,260,238,171" oya="1" hai0="86,9,105,80,67,103,26,40,130,38,126,71,62" hai1="85,53,31,11,115,128,116,58,27,94,29,127,106" hai2="72,59,96,84,16,104,118,20,93,76,28,121,78" hai3="110,74,4,125,68,48,75,23,92,107,21,24,32"/><U50/><E115/><V129/><F121/><W63/><G107/><T44/><D130/><U22/><E116/><V87/><F104/><W73/><G125/><T57/><D126/><U95/><E106/><V54/><F118/><W34/><G110/><T135/><D135/><U19/><E128/><V97/><F28/><N who="1" m="10825" /><E127/><V39/><F39/><W14/><G48/><T132/><D132/><U35/><E35/><V0/><F0/><W113/><G113/><T98/><D9/><U17/><E85/><N who="2" m="32843" /><F72/><W2/><G24/><T5/><D5/><U120/><E120/><V64/><F64/><W51/><G2/><T42/><D26/><U43/><E43/><V52/><F54/><W36/><G36/><T77/><REACH who="0" step="1"/><D42/><REACH who="0" ten="321,260,238,171" step="2"/><U15/><AGARI ba="1,1" hai="11,15,17,19,22,27,50,53,58,94,95" m="10825" machi="15" ten="30,1500,0" yaku="8,1" doraHai="66" who="1" fromWho="1" sc="321,-6,260,28,238,-6,171,-6" /><INIT seed="1,2,0,1,1,105" ten="315,288,232,165" oya="1" hai0="1,6,33,65,50,117,49,59,100,39,91,32,125" hai1="21,17,46,73,29,34,113,112,127,26,92,86,74" hai2="75,40,62,115,122,11,24,35,99,110,123,98,25" hai3="102,37,15,108,3,4,104,64,87,121,129,70,7"/><U27/><E46/><V126/><F40/><W71/><G87/><T30/><D39/><U95/><E127/><V84/><F11/><W63/><G15/><T8/><D117/><U43/><E43/><V38/><F84/><W41/><G7/><T83/><D100/><U58/><E58/><V78/><F78/><W94/><G94/><T22/><D50/><U107/><E107/><V51/><F51/><W12/><G12/><T93/><D83/><U72/><REACH who="1" step="1"/><E86/><REACH who="1" ten="315,278,232,165" step="2"/><V23/><F126/><W61/><G41/><T54/><D125/><U9/><E9/><V79/><F38/><W111/><G37/><T28/><D8/><U18/><E18/><V120/><F120/><W68/><G121/><T16/><D16/><U134/><E134/><V55/><F122/><W42/><G42/><T109/><D59/><U44/><E44/><V124/><F124/><W52/><G104/><T13/><D6/><U106/><E106/><V103/><F123/><W77/><G4/><T66/><D30/><U76/><E76/><V56/><F79/><W20/><G77/><T85/><D28/><U130/><E130/><V116/><F116/><W132/><G129/><T60/><D85/><U0/><E0/><V135/><F135/><W81/><G3/><T80/><D1/><U89/><E89/><V69/><F56/><W131/><G132/><T90/><D91/><U88/><E88/><V119/><F119/><W48/><G131/><T82/><D90/><U36/><E36/><V5/><F5/><W57/><G57/><T101/><D101/><U10/><E10/><V133/><F133/><RYUUKYOKU ba="2,1" sc="315,-10,278,30,232,-10,165,-10" hai1="17,21,26,27,29,34,72,73,74,92,95,112,113" /><INIT seed="1,3,1,2,1,102" ten="305,308,222,155" oya="1" hai0="104,1,49,84,81,43,23,52,20,101,45,5,14" hai1="77,16,56,17,39,135,2,11,37,94,55,96,38" hai2="79,59,36,125,44,42,80,93,98,61,70,69,97" hai3="21,133,9,76,111,63,28,51,74,128,8,41,109"/><U32/><E135/><V120/><F125/><W103/><G133/><T29/><D1/><U71/><E71/><V57/><F57/><W72/><G128/><T40/><D101/><U24/><E77/><V99/><F120/><W85/><G103/><T66/><D66/><U19/><E2/><V132/><F132/><W134/><G63/><T26/><D104/><U107/><E107/><V64/><REACH who="2" step="1"/><F93/><REACH who="2" ten="305,308,212,155" step="2"/><W27/><G134/><T25/><D5/><U108/><E94/><V100/><F100/><W67/><G111/><T13/><D13/><U119/><E56/><V35/><F35/><W130/><G109/><T65/><D14/><U90/><E32/><V75/><AGARI ba="3,2" hai="36,42,44,59,61,64,69,70,75,79,80,97,98,99" machi="75" ten="30,2000,0" yaku="1,1,0,1,53,0" doraHai="102" doraHaiUra="122" who="2" fromWho="2" sc="305,-8,308,-13,212,49,155,-8" /><INIT seed="2,0,0,1,4,83" ten="297,295,261,147" oya="2" hai0="49,126,58,117,81,103,57,102,3,67,124,73,101" hai1="78,44,12,27,28,134,19,125,108,112,32,31,56" hai2="33,131,41,36,16,86,118,23,92,61,130,85,129" hai3="43,98,89,94,128,75,24,39,51,34,20,6,13"/><V77/><F33/><W133/><G39/><T96/><D3/><U0/><E112/><V5/><F118/><W47/><G75/><T2/><D2/><U135/><E78/><V120/><F120/><W63/><G34/><T116/><D67/><U110/><E44/><N who="2" m="23591" /><F5/><W84/><G133/><N who="1" m="50698" /><E56/><N who="0" m="21609" /><D49/><U76/><E76/><V105/><F105/><W119/><G128/><T26/><D26/><N who="1" m="18455" /><E125/><N who="0" m="48233" /><D96/><U115/><E115/><V104/><F104/><W106/><G63/><T122/><D122/><U17/><E0/><V82/><F61/><W46/><G46/><T37/><D37/><U69/><E69/><V91/><F23/><W90/><G106/><T42/><D42/><U87/><E87/><N who="2" m="52351" /><F16/><N who="1" m="6217" /><E12/><V35/><F35/><AGARI ba="0,0" hai="27,31,35,108,110" m="6217,18455,50698" machi="35" ten="30,7700,0" yaku="20,1,34,2,54,1" doraHai="83" who="1" fromWho="2" sc="297,0,295,77,261,-77,147,0" /><INIT seed="3,0,0,1,5,98" ten="297,372,184,147" oya="3" hai0="23,81,4,58,102,126,130,25,128,92,40,99,41" hai1="32,95,35,74,64,93,2,45,6,12,47,107,39" hai2="62,36,120,76,51,43,7,21,72,48,124,44,100" hai3="34,5,114,135,71,24,49,94,117,52,82,42,19"/><W57/><G117/><T115/><D126/><U129/><E107/><V116/><F116/><W105/><G105/><T67/><D4/><U78/><E64/><V122/><F124/><W22/><G71/><T1/><D1/><U80/><E12/><V108/><F108/><W69/><G69/><T27/><D81/><U131/><E93/><V61/><F21/><W103/><G114/><T68/><D68/><U85/><E95/><V110/><F110/><W113/><G34/><N who="1" m="12842" /><E85/><V88/><F7/><W46/><G135/><T14/><D14/><U16/><E16/><V18/><F18/><W127/><G127/><T8/><D8/><N who="1" m="2135" /><E47/><V63/><F88/><W10/><G82/><T15/><D15/><U54/><E54/><V26/><F26/><W118/><G118/><T89/><D89/><U90/><E90/><V106/><F76/><W9/><G113/><T30/><D27/><U101/><E101/><V38/><F72/><W104/><G104/><T125/><D125/><U123/><E123/><N who="2" m="47147" /><F48/><N who="3" m="30855" /><G5/><T31/><D115/><U121/><E121/><V59/><F59/><W91/><G103/><T79/><D79/><U84/><E84/><AGARI ba="0,0" hai="9,10,19,22,24,42,46,49,84,91,94" m="30855" machi="84" ten="30,2900,0" yaku="8,1,54,1" doraHai="98" who="3" fromWho="1" sc="297,0,372,-29,184,0,147,29" /><INIT seed="3,1,0,1,5,118" ten="297,343,184,176" oya="3" hai0="109,92,133,68,66,14,63,105,71,31,34,103,28" hai1="76,30,38,93,45,36,98,7,23,100,8,1,89" hai2="26,33,113,59,40,94,43,3,22,131,60,61,37" hai3="20,126,135,18,39,74,119,116,51,67,0,6,46"/><W21/><G74/><T10/><D109/><U112/><E112/><V90/><F33/><W25/><G135/><T108/><D108/><U41/><E76/><V111/><F111/><W117/><G126/><T99/><D133/><U107/><E30/><V42/><F113/><W97/><G39/><T114/><D114/><U50/><REACH who="1" step="1"/><E23/><REACH who="1" ten="297,333,184,176" step="2"/><V130/><F130/><W106/><G21/><T72/><D31/><U27/><E27/><V124/><F131/><W32/><G32/><T122/><D28/><U9/><E9/><V82/><F26/><W125/><G125/><T62/><D34/><U35/><E35/><V54/><F22/><W56/><G119/><T55/><D10/><U4/><E4/><V86/><F124/><W134/><G134/><T29/><D29/><U115/><E115/><V123/><F37/><W11/><G117/><T87/><D72/><U75/><E75/><V16/><F16/><W12/><G116/><T70/><D70/><U64/><E64/><V120/><F3/><W5/><G0/><T24/><D71/><U128/><E128/><V2/><F2/><W110/><G110/><T65/><D65/><U13/><E13/><V17/><F17/><W79/><G79/><T101/><D14/><U49/><E49/><V78/><REACH who="2" step="1"/><F60/><REACH who="2" ten="297,333,174,176" step="2"/><N who="3" m="38279" /><G5/><T102/><D24/><U48/><E48/><V53/><F53/><N who="3" m="29943" /><G6/><T44/><D62/><U84/><AGARI ba="1,2" hai="1,7,8,36,38,41,45,50,84,89,93,98,100,107" machi="84" ten="20,2700,0" yaku="1,1,0,1,7,1,53,0" doraHai="118" doraHaiUra="121" who="1" fromWho="1" sc="297,-8,333,50,174,-8,176,-14" /><INIT seed="4,0,0,1,2,39" ten="289,383,166,162" oya="0" hai0="45,47,122,59,97,79,38,124,86,51,57,56,114" hai1="69,73,88,77,40,55,66,113,104,60,4,84,106" hai2="42,129,44,14,100,78,120,22,67,2,121,18,52" hai3="71,6,117,9,126,65,98,30,132,110,118,46,3"/><T72/><D72/><U50/><E113/><V83/><F2/><W112/><G110/><T37/><D79/><U87/><E4/><V26/><F129/><W64/><G112/><T29/><D86/><U41/><E73/><V130/><F130/><W82/><G132/><T43/><D97/><U61/><E61/><V15/><F67/><W1/><G1/><T135/><D29/><U108/><E108/><V19/><F100/><W21/><G98/><T24/><D24/><U16/><E16/><V85/><F52/><W0/><G0/><T93/><D93/><U94/><E104/><V95/><F95/><W101/><G126/><T89/><D89/><U58/><REACH who="1" step="1"/><E106/><REACH who="1" ten="289,373,166,162" step="2"/><V25/><F120/><W36/><G6/><T13/><D122/><U62/><E62/><V99/><F121/><W125/><G125/><T7/><D124/><U53/><E53/><V20/><REACH who="2" step="1"/><F99/><REACH who="2" ten="289,373,156,162" step="2"/><W32/><G64/><T109/><D114/><U115/><E115/><V31/><F31/><W68/><G30/><T111/><D111/><U127/><E127/><V133/><F133/><W123/><G65/><T70/><D109/><U5/><E5/><V102/><F102/><W48/><G101/><T119/><D135/><U103/><E103/><V11/><F11/><W91/><G9/><T74/><D7/><U116/><E116/><V134/><F134/><W12/><G123/><T90/><D119/><U17/><E17/><V105/><F105/><W63/><G118/><T34/><D74/><U81/><AGARI ba="0,2" hai="40,41,50,55,58,60,66,69,77,81,84,87,88,94" machi="81" ten="30,8000,1" yaku="1,1,0,1,52,2,54,1,53,0" doraHai="39" doraHaiUra="27" who="1" fromWho="1" sc="289,-40,373,100,156,-20,162,-20" /><INIT seed="5,0,0,2,2,123" ten="249,473,136,142" oya="1" hai0="6,100,54,25,49,118,128,85,83,43,45,60,102" hai1="38,99,16,76,122,63,34,98,106,115,81,10,53" hai2="52,65,75,116,94,1,29,39,21,9,112,95,66" hai3="46,132,113,59,28,84,14,19,4,31,13,131,90"/><U134/><E122/><V17/><F116/><W104/><G113/><T101/><D118/><U108/><E115/><V89/><F39/><W117/><G104/><T74/><D74/><U119/><E34/><V2/><F75/><W133/><G131/><T110/><D128/><U68/><E134/><N who="3" m="51818" /><G46/><T78/><D25/><U87/><E38/><V67/><F112/><W58/><G13/><T42/><D110/><U30/><E108/><V23/><F52/><W105/><G4/><T82/><D82/><U80/><E106/><V120/><F120/><W18/><G18/><T8/><REACH who="0" step="1"/><D60/><REACH who="0" ten="239,473,136,142" step="2"/><U96/><E81/><V0/><F29/><W50/><G117/><T114/><D114/><U77/><E30/><V62/><F62/><W69/><G28/><T111/><D111/><U32/><E119/><V11/><F17/><W129/><G31/><T41/><D41/><U71/><E80/><V130/><F130/><W126/><G129/><T56/><D56/><U93/><E63/><V3/><N who="2" m="512" /><DORA hai="79" /><V40/><F40/><W15/><G59/><T92/><D92/><N who="2" m="35370" /><F89/><W5/><G58/><T37/><D37/><U48/><E16/><V127/><F127/><W22/><G126/><T27/><D27/><U97/><E71/><V125/><F125/><W124/><G69/><T103/><N who="0" m="25600" /><DORA hai="20" /><T12/><AGARI ba="0,1" hai="6,8,12,42,43,45,49,54,78,83,85" m="25600" machi="12" ten="40,12000,2" yaku="1,1,4,1,0,1,8,1,52,1,53,1" doraHai="123,79,20" doraHaiUra="7,70,24" who="0" fromWho="0" sc="239,130,473,-60,136,-30,142,-30" /><INIT seed="6,0,0,3,5,72" ten="369,413,106,112" oya="2" hai0="0,108,126,117,104,33,131,81,21,78,51,67,111" hai1="61,9,5,105,97,110,73,37,30,85,60,59,48" hai2="39,11,95,93,36,44,45,38,46,121,109,55,27" hai3="17,68,84,64,88,92,106,83,102,94,34,70,122"/><V119/><F121/><W26/><G122/><T118/><D33/><U75/><E37/><V7/><F119/><N who="0" m="45578" /><D0/><U62/><E30/><V15/><F109/><W80/><G17/><T103/><D67/><U31/><E85/><V2/><F2/><W29/><G80/><T124/><D21/><U114/><E31/><V86/><F55/><W129/><G70/><T16/><D16/><U41/><E73/><V96/><F27/><W101/><G129/><T76/><D51/><U58/><E75/><V135/><F135/><W42/><G102/><T43/><D43/><U112/><E97/><V23/><F23/><W90/><G42/><T89/><D131/><U74/><E74/><V50/><F50/><W120/><G90/><T115/><D115/><N who="1" m="44075" /><E105/><V123/><F123/><W91/><G91/><T77/><D103/><U63/><E110/><N who="0" m="42025" /><D104/><U82/><E63/><V107/><REACH who="2" step="1"/><F86/><AGARI ba="0,0" hai="76,77,78,81,86,89,124,126" m="42025,45578" machi="86" ten="40,12000,2" yaku="12,1,34,2,52,3" doraHai="72" who="0" fromWho="2" sc="369,120,413,0,106,-120,112,0" owari="489,59.0,413,21.0,-14,-51.0,112,-29.0" /></mjloggm>