<mjloggm ver="2.3"><GO type="97" lobby="0"/><UN n0="%6B%79%79%6B%6B%79%79%6B" n1="%E5%B0%B1%E6%B4%BB%E7%94%9F%40%E5%B7%9D%E6%9D%91%E8%BB%8D%E5%9B%A3" n2="%39%73%6F%47%61%6D%65" n3="%E9%83%A1%E5%B1%B1%E7%83%88%E7%81%AB" dan="14,15,13,15" rate="2051.48,2016.45,1834.83,1971.77" sx="M,M,M,M"/><TAIKYOKU oya="0"/><INIT seed="0,0,0,1,4,108" ten="250,250,250,250" oya="0" hai0="84,119,123,17,43,76,22,2,115,24,3,120,129" hai1="130,109,28,21,32,107,1,134,100,99,75,15,92" hai2="57,98,59,133,19,40,16,91,83,79,60,56,64" hai3="54,101,110,114,35,82,69,36,89,112,0,33,106"/><T103/><D43/><U117/><E1/><N who="0" m="9" /><D103/><U63/><E117/><V12/><F133/><W18/><G0/><T29/><D84/><U4/><E75/><V44/><F98/><W61/><G36/><T128/><D76/><U93/><E134/><V20/><F19/><W6/><G6/><T126/><D119/><U113/><E109/><V51/><REACH who="2" step="1"/><F91/><REACH who="2" ten="250,250,240,250" step="2"/><W50/><G89/><T81/><D126/><U65/><E99/><V41/><F41/><W71/><G18/><T111/><D111/><U118/><E100/><V72/><AGARI ba="0,1" hai="12,16,20,40,44,51,56,57,59,60,64,72,79,83" machi="72" ten="20,5200,0" yaku="1,1,0,1,7,1,54,1,53,0" doraHai="108" doraHaiUra="122" who="2" fromWho="2" sc="250,-26,250,-13,240,62,250,-13" /><INIT seed="1,0,0,3,4,13" ten="224,237,302,237" oya="1" hai0="37,9,78,131,68,34,104,69,58,93,111,123,19" hai1="83,95,17,41,70,97,7,31,56,52,26,35,106" hai2="62,42,63,116,67,99,50,126,76,43,135,105,32" hai3="100,45,92,84,96,36,88,10,29,2,55,130,90"/><U125/><E70/><V39/><F32/><W66/><G66/><T122/><D104/><U20/><E106/><V113/><F116/><W91/><G29/><T72/><D37/><U103/><E125/><V11/><F126/><W64/><G64/><T110/><D34/><U86/><E41/><V102/><F135/><W21/><G130/><T85/><D72/><U80/><E7/><V8/><F113/><W30/><G36/><T54/><D69/><U114/><E114/><V129/><F129/><W15/><G2/><T133/><D68/><U127/><E127/><V14/><F76/><W117/><G21/><T79/><D133/><U107/><E107/><V1/><F1/><W44/><G30/><T25/><D131/><U73/><E73/><V81/><F81/><N who="3" m="49167" /><G117/><T132/><D132/><U87/><E80/><V0/><F0/><W101/><G101/><T16/><D123/><U118/><E118/><V38/><F62/><W49/><G45/><T89/><D122/><U18/><E35/><V12/><F50/><W57/><G57/><T47/><D111/><U6/><E6/><AGARI ba="0,0" hai="6,10,15,44,49,55,90,91,92,96,100" m="49167" machi="6" ten="30,2000,0" yaku="8,1,54,1" doraHai="13" who="3" fromWho="1" sc="224,0,237,-20,302,0,237,20" /><INIT seed="2,0,0,1,2,72" ten="224,217,302,257" oya="2" hai0="124,31,96,56,132,95,94,126,97,13,67,21,91" hai1="62,92,71,8,78,116,32,4,99,52,75,93,104" hai2="74,27,127,60,39,102,54,77,1,79,14,15,5" hai3="24,0,38,51,128,134,106,12,43,121,46,36,83"/><V73/><F102/><W133/><G121/><T64/><D132/><N who="3" m="50793" /><G106/><T81/><D81/><U103/><E32/><V130/><F130/><W122/><G24/><N who="0" m="16783" /><D13/><N who="2" m="4618" /><F1/><W16/><G0/><T101/><D56/><U115/><E115/><V41/><F39/><W59/><G128/><T58/><D58/><U2/><E116/><V113/><F113/><W129/><G129/><T53/><D53/><U44/><E71/><V17/><F5/><W10/><G122/><T111/><D111/><U28/><E28/><V9/><F41/><W120/><G120/><T61/><D61/><U89/><E89/><V18/><F127/><AGARI ba="0,0" hai="64,67,91,94,95,96,97,101,124,126,127" m="16783" machi="127" ten="30,1000,0" yaku="18,1" doraHai="72" who="0" fromWho="2" sc="224,10,217,0,302,-10,257,0" /><INIT seed="3,0,0,3,3,97" ten="234,217,292,257" oya="3" hai0="70,13,79,110,55,133,21,101,113,121,93,88,62" hai1="80,52,29,73,47,32,77,132,61,24,126,111,95" hai2="46,103,108,43,39,81,3,82,19,89,4,114,27" hai3="25,6,115,76,125,129,22,33,7,75,57,72,60"/><W50/><G115/><T56/><D121/><U20/><E111/><V53/><F114/><W98/><G33/><T17/><D113/><U34/><E126/><V122/><F108/><W117/><G117/><T109/><D133/><U85/><E132/><V128/><F122/><W16/><G125/><T18/><D79/><U45/><E73/><V66/><F66/><W0/><G129/><T124/><D124/><U26/><E95/><V65/><F65/><W48/><G75/><T107/><D70/><U11/><E11/><V71/><F71/><W87/><G72/><T94/><D107/><U96/><E96/><V10/><F128/><W69/><G69/><T63/><D110/><U130/><E130/><V68/><F103/><W12/><G0/><T90/><D109/><U8/><E8/><V123/><F68/><W116/><G116/><T42/><D42/><U119/><E119/><V28/><F123/><W51/><G98/><N who="0" m="59599" /><D18/><U67/><E34/><V36/><F36/><W120/><G120/><T15/><D15/><U86/><E86/><V2/><F2/><W104/><G104/><T38/><D38/><U40/><E40/><V127/><F127/><W78/><G78/><T105/><D105/><U64/><E45/><N who="2" m="23807" /><F19/><W134/><G134/><T92/><D90/><U99/><E99/><V14/><F89/><W135/><G135/><T31/><D94/><U118/><E118/><V49/><F3/><W23/><G87/><N who="0" m="52255" /><D31/><N who="1" m="17799" /><E47/><V58/><F46/><W9/><G76/><T37/><D37/><U74/><E74/><V54/><F54/><N who="3" m="33847" /><G23/><T106/><D106/><U41/><E41/><RYUUKYOKU ba="0,0" sc="234,0,217,0,292,0,257,0" hai0="13,17,21,55,56,62,63" hai1="26,29,32,52,61,64,67,77,80,85" hai2="4,10,14,27,28,49,53,58,81,82" hai3="6,7,9,12,16,22,25,48,50,51" /><INIT seed="3,1,0,5,3,118" ten="234,217,292,257" oya="3" hai0="26,117,42,22,120,100,91,87,37,67,94,90,35" hai1="19,85,109,95,51,39,77,68,3,73,112,81,17" hai2="119,11,28,93,38,104,5,55,133,33,116,45,121" hai3="43,12,53,82,9,107,27,128,101,132,129,60,79"/><W21/><G132/><T32/><D117/><N who="2" m="45130" /><F93/><W125/><G43/><T8/><D120/><U105/><E39/><V97/><F55/><W1/><G1/><T113/><D113/><U40/><E3/><N who="2" m="447" /><F133/><W2/><G2/><T18/><D67/><U30/><E105/><V122/><F28/><W103/><G125/><T76/><D100/><U54/><E112/><V126/><F33/><W69/><G69/><T31/><D76/><U41/><E109/><V84/><F84/><W44/><G107/><T115/><D90/><U86/><E68/><V59/><F59/><W88/><G79/><T131/><D115/><U108/><E108/><V10/><F10/><W134/><G134/><T66/><D66/><U71/><E71/><V114/><F114/><W50/><G60/><T75/><D75/><U92/><E30/><V98/><F126/><W110/><G110/><T14/><D35/><U46/><E73/><V63/><F63/><W15/><G15/><T74/><D74/><U65/><E65/><V34/><F34/><W130/><G21/><T4/><D42/><N who="1" m="16491" /><E85/><V52/><F52/><W127/><G27/><T16/><D37/><U61/><E61/><V47/><F38/><W80/><G127/><T0/><REACH who="0" step="1"/><D18/><AGARI ba="1,0" hai="17,18,19,46,51,54,77,81,86,92,95" m="16491" machi="18" ten="30,1000,0" yaku="8,1" doraHai="118" who="1" fromWho="0" sc="234,-13,217,13,292,0,257,0" /><INIT seed="4,0,0,3,2,101" ten="221,230,292,257" oya="0" hai0="119,123,106,64,44,105,103,24,77,7,104,94,113" hai1="99,115,92,76,133,1,97,9,100,96,52,84,120" hai2="21,134,30,55,33,74,124,93,45,86,48,117,114" hai3="73,10,16,34,31,98,131,32,107,135,132,89,109"/><T121/><D7/><U88/><E120/><N who="0" m="46153" /><D44/><U91/><E115/><V46/><F74/><W40/><G73/><T2/><D2/><U81/><E133/><N who="3" m="51274" /><G109/><T51/><D51/><U79/><E1/><V35/><F117/><W125/><G40/><T41/><D41/><U12/><E52/><V15/><F114/><W80/><G31/><T57/><D77/><N who="1" m="29771" /><E100/><V82/><F134/><W53/><G53/><T18/><D113/><U29/><E29/><V62/><F35/><W43/><G43/><T5/><D5/><AGARI ba="0,0" hai="5,9,12,81,84,88,91,92,96,97,99" m="29771" machi="5" ten="30,2000,0" yaku="8,1,54,1" doraHai="101" who="1" fromWho="0" sc="221,-20,230,20,292,0,257,0" /><INIT seed="5,0,0,2,1,62" ten="201,250,292,257" oya="1" hai0="76,0,18,16,27,134,31,89,39,118,61,11,20" hai1="68,21,58,92,97,75,112,12,83,103,80,64,96" hai2="90,36,13,59,108,121,45,23,120,38,135,73,4" hai3="66,101,34,87,116,119,48,99,41,107,109,79,123"/><U69/><E112/><V130/><F108/><W93/><G34/><T110/><D110/><U74/><E74/><V67/><F73/><W15/><G109/><T115/><D118/><N who="3" m="45097" /><G123/><T102/><D39/><U82/><E75/><V3/><F3/><W10/><G48/><T117/><D117/><U84/><E97/><V33/><F33/><W9/><G41/><T77/><D115/><U42/><E42/><V25/><F130/><W65/><G10/><T53/><D134/><U28/><E84/><V37/><F135/><W72/><G72/><T35/><D102/><U98/><E98/><V114/><F45/><W29/><G29/><T132/><D132/><U30/><E30/><V91/><F114/><W43/><G43/><T32/><D89/><U127/><E127/><V113/><F113/><W111/><G111/><T131/><D18/><U6/><E6/><V125/><F125/><W46/><G46/><T47/><D35/><U1/><E1/><V24/><F121/><W57/><G57/><N who="0" m="34991" /><D47/><U94/><E94/><V70/><F120/><W60/><G60/><T49/><D49/><U88/><E103/><V40/><F70/><W124/><G124/><T71/><D71/><U56/><E69/><V95/><F40/><W100/><G79/><T126/><D131/><U55/><E68/><V86/><F91/><N who="3" m="53503" /><G101/><T78/><D126/><U22/><E28/><V63/><F4/><AGARI ba="0,0" hai="4,9,15,65,66,99,100,107" m="53503,45097" machi="4" ten="30,3900,0" yaku="12,1,52,2" doraHai="62" who="3" fromWho="2" sc="201,0,250,0,292,-39,257,39" /><INIT seed="6,0,0,0,3,93" ten="201,250,253,296" oya="2" hai0="94,39,40,17,33,89,67,96,88,52,50,29,85" hai1="87,79,3,76,7,92,20,105,128,132,118,58,83" hai2="38,24,108,121,5,115,74,70,4,22,36,113,48" hai3="34,110,49,11,133,84,98,102,119,65,122,78,126"/><V0/><F121/><W134/><G122/><T80/><D67/><U64/><E105/><V135/><F70/><W82/><G110/><T101/><D39/><N who="2" m="14890" /><F48/><W41/><G34/><T25/><D17/><U130/><E118/><V55/><F55/><W112/><G119/><T59/><REACH who="0" step="1"/><D40/><REACH who="0" ten="191,250,253,296" step="2"/><U129/><E64/><V111/><F0/><W23/><G65/><T37/><D37/><U127/><E3/><V107/><F74/><W72/><G41/><T63/><D63/><U8/><E130/><V10/><F135/><W19/><G49/><T57/><D57/><U46/><E58/><V15/><F107/><W6/><G134/><T26/><D26/><U2/><E132/><V120/><F120/><W45/><G133/><T90/><AGARI ba="0,1" hai="25,29,33,50,52,59,80,85,88,89,90,94,96,101" machi="90" ten="20,12000,2" yaku="1,1,0,1,7,1,52,1,54,2,53,0" doraHai="93" doraHaiUra="109" who="0" fromWho="0" sc="191,130,250,-30,253,-60,296,-30" owari="321,42.0,220,-18.0,193,-31.0,266,7.0" /></mjloggm>