<mjloggm ver="2.3"><GO type="169" lobby="0"/><UN n0="%E5%8C%97%E3%81%AE%E5%AF%BE%E5%AD%90%E8%90%BD%E3%81%A8%E3%81%97" n1="%51%42%E5%8F%AF%E6%84%9B%E3%81%84" n2="%E5%B0%B1%E6%B4%BB%E7%94%9F%40%E5%B7%9D%E6%9D%91%E8%BB%8D%E5%9B%A3" n3="%E3%81%A0%E3%81%A3%E3%81%A6%E3%81%84%E3%81%86" dan="16,16,16,17" rate="2051.82,2059.60,2036.87,2189.07" sx="M,M,M,M"/><TAIKYOKU oya="0"/><INIT seed="0,0,0,4,5,119" ten="250,250,250,250" oya="0" hai0="117,84,37,120,26,91,78,116,96,108,107,97,30" hai1="87,35,79,3,121,66,17,25,128,104,22,7,19" hai2="106,39,72,74,41,43,21,44,85,118,110,57,16" hai3="23,113,70,81,94,14,109,101,100,18,32,6,82"/><T2/><D37/><U61/><E104/><V20/><F118/><W1/><G113/><T123/><D2/><U27/><E128/><V67/><F106/><W56/><G70/><T90/><D26/><U55/><E121/><N who="0" m="46665" /><D30/><U114/><E114/><V50/><F110/><W135/><G109/><T89/><D108/><U10/><E55/><V122/><F122/><W77/><G32/><T63/><D63/><U31/><E79/><V54/><F41/><W131/><G131/><T69/><D69/><U105/><E105/><V4/><F4/><W51/><G1/><T102/><D97/><U86/><E17/><V33/><F33/><W24/><G18/><T28/><D28/><U53/><E53/><V73/><F67/><W130/><G24/><T99/><D99/><U45/><E45/><V58/><F21/><W38/><G23/><T115/><D115/><U68/><AGARI ba="0,0" hai="3,7,10,19,22,25,27,31,35,61,66,68,86,87" machi="68" ten="20,1500,0" yaku="0,1,7,1" doraHai="119" who="1" fromWho="1" sc="250,-7,250,15,250,-4,250,-4" /><INIT seed="1,0,0,1,0,66" ten="243,265,246,246" oya="1" hai0="90,78,18,8,33,44,93,113,128,107,97,104,94" hai1="34,14,0,9,48,11,112,115,126,74,118,81,125" hai2="37,63,25,70,91,13,80,62,47,71,100,26,1" hai3="49,82,73,43,111,42,131,27,75,30,3,20,29"/><U28/><E118/><V84/><F1/><W105/><G105/><T92/><D33/><U58/><E0/><V45/><F100/><W67/><G3/><T38/><D38/><U53/><E28/><V106/><F106/><N who="0" m="40490" /><D44/><U10/><E34/><V99/><F99/><W5/><G111/><T88/><D18/><U129/><E129/><V86/><F13/><W15/><G131/><T85/><D8/><U35/><E35/><V52/><F91/><N who="0" m="34858" /><D128/><U102/><E102/><V32/><F32/><W23/><G15/><T2/><D2/><U64/><E14/><V117/><F37/><W6/><G27/><T83/><D113/><U19/><E19/><V12/><F12/><W101/><G6/><T98/><AGARI ba="0,0" hai="78,83,85,92,93,94,97,98" m="34858,40490" machi="98" ten="40,12000,2" yaku="35,5,54,1" doraHai="66" who="0" fromWho="0" sc="243,120,265,-60,246,-30,246,-30" /><INIT seed="2,0,0,2,4,97" ten="363,205,216,216" oya="2" hai0="48,60,46,132,23,83,34,3,36,51,129,94,91" hai1="61,2,131,109,108,115,116,86,111,106,127,37,16" hai2="18,88,117,93,107,33,53,63,54,62,95,69,72" hai3="58,56,12,17,5,25,77,105,32,90,26,78,50"/><V10/><F72/><W126/><G126/><T114/><D34/><U123/><E61/><V14/><F107/><W74/><G105/><T104/><D104/><U118/><E37/><V134/><F33/><W30/><G26/><T43/><D3/><U67/><E67/><V42/><F134/><W9/><G74/><T64/><D132/><U110/><E2/><V81/><F117/><N who="1" m="45161" /><E127/><V68/><F42/><W133/><G133/><T85/><D114/><U84/><E131/><V102/><F68/><W15/><G90/><T92/><D23/><U96/><E16/><N who="2" m="8279" /><F69/><W11/><G50/><T120/><D120/><U100/><N who="1" m="28160" /><DORA hai="70" /><U87/><E115/><V0/><F0/><W4/><G17/><T112/><D129/><U121/><AGARI ba="0,0" hai="84,86,87,96,100,106,121,123" m="28160,45161" machi="121" ten="70,8000,1" yaku="14,1,34,2,52,1" doraHai="97,70" who="1" fromWho="1" sc="363,-20,205,80,216,-40,216,-20" /><INIT seed="3,0,0,2,5,37" ten="343,285,176,196" oya="3" hai0="19,43,72,46,88,41,53,105,5,122,62,106,114" hai1="1,117,92,71,39,64,70,82,0,87,47,99,8" hai2="101,93,36,131,119,78,11,73,124,86,9,59,102" hai3="38,110,2,108,23,74,34,28,25,125,128,94,40"/><W48/><G125/><T7/><D122/><U16/><E117/><V4/><F36/><W76/><G128/><T134/><D72/><U126/><E126/><V121/><F131/><W66/><G2/><T31/><D31/><U10/><E10/><V55/><F124/><W24/><G38/><T90/><D114/><U95/><E95/><V33/><F33/><W45/><G66/><T32/><D32/><U133/><E133/><V84/><F119/><W91/><G76/><T118/><D118/><U49/><E39/><V13/><F121/><W104/><G104/><T80/><D105/><U63/><E70/><V89/><F73/><W35/><G74/><T67/><D106/><U61/><E61/><V29/><F29/><W44/><G44/><T130/><D130/><U6/><E99/><V3/><F78/><W79/><G79/><T60/><D19/><U14/><E92/><V58/><F86/><N who="3" m="52599" /><G25/><T26/><D26/><U21/><E0/><V123/><F123/><W27/><G27/><T51/><D134/><U109/><E1/><V57/><REACH who="2" step="1"/><F55/><REACH who="2" ten="343,285,166,196" step="2"/><W120/><G120/><T15/><D67/><U56/><E87/><V54/><F54/><W127/><G127/><T20/><D53/><U68/><E64/><V12/><F12/><W22/><G35/><T81/><D15/><U97/><E14/><V112/><F112/><W50/><G50/><T100/><D51/><U65/><E49/><V111/><F111/><AGARI ba="0,1" hai="22,23,24,28,34,40,45,48,108,110,111" m="52599" machi="111" ten="30,5800,0" yaku="14,1,10,1,52,1" doraHai="37" who="3" fromWho="2" sc="343,0,285,0,166,-58,196,68" /><INIT seed="3,1,0,5,5,50" ten="343,285,108,264" oya="3" hai0="58,42,106,121,83,128,17,28,10,102,127,19,112" hai1="95,52,134,59,109,93,68,69,124,22,89,43,126" hai2="101,125,12,20,30,7,64,45,13,130,73,103,115" hai3="53,40,35,100,39,116,27,131,48,84,41,99,49"/><W77/><G116/><T29/><D121/><U80/><E109/><V36/><F73/><W78/><G39/><T117/><D117/><U62/><E134/><V107/><F115/><W119/><G119/><T85/><D42/><U1/><E1/><V6/><F125/><N who="1" m="48233" /><E43/><V123/><F130/><W31/><G131/><T110/><D110/><U97/><E80/><V79/><F123/><W57/><G84/><T14/><D112/><U120/><E120/><V90/><F79/><W33/><G33/><T56/><D128/><U66/><E22/><V96/><F64/><W92/><REACH who="3" step="1"/><G41/><REACH who="3" ten="343,285,108,254" step="2"/><T11/><D85/><N who="1" m="52399" /><E66/><V24/><F36/><W51/><G51/><T91/><D127/><U129/><E129/><V15/><F101/><AGARI ba="1,1" hai="52,59,62,68,69,95,97,101" m="52399,48233" machi="101" ten="30,3900,0" yaku="18,1,52,1,54,1" doraHai="50" who="1" fromWho="2" sc="343,0,285,52,108,-42,254,0" /><INIT seed="4,0,0,4,1,115" ten="343,337,66,254" oya="0" hai0="85,74,96,14,1,60,112,134,113,116,61,36,90" hai1="63,3,40,48,128,105,15,39,41,76,108,19,89" hai2="54,26,56,111,124,18,102,27,81,75,66,64,83" hai3="28,37,9,12,7,6,25,10,98,51,126,106,107"/><T57/><D1/><U88/><E3/><V121/><F111/><W31/><G37/><T55/><D36/><U71/><E76/><V46/><F121/><W32/><G31/><T35/><D74/><U94/><E105/><V125/><F102/><W97/><G126/><T129/><D35/><U33/><E128/><V78/><F46/><W99/><REACH who="3" step="1"/><G51/><REACH who="3" ten="343,337,66,244" step="2"/><T20/><D129/><U38/><E48/><V2/><F2/><AGARI ba="0,1" hai="2,6,7,9,10,12,25,28,32,97,98,99,106,107" machi="2" ten="40,5200,0" yaku="1,1,2,1,53,1" doraHai="115" doraHaiUra="21" who="3" fromWho="2" sc="343,0,337,0,66,-52,244,62" /><INIT seed="5,0,0,1,0,36" ten="343,337,14,306" oya="1" hai0="79,5,71,118,1,69,100,86,113,11,13,117,65" hai1="25,8,90,4,135,37,10,81,21,110,127,7,16" hai2="88,114,130,73,92,39,3,87,119,77,52,33,42" hai3="55,56,70,54,51,123,53,15,49,43,6,106,34"/><U111/><E37/><V131/><F119/><W105/><G34/><T67/><D100/><U40/><E40/><V112/><F33/><W29/><G29/><T134/><D134/><U57/><E57/><V95/><F3/><W59/><G123/><T17/><D113/><N who="2" m="43626" /><F39/><W124/><G70/><T60/><D67/><U26/><E135/><V22/><F22/><W128/><G128/><N who="2" m="49193" /><F42/><W61/><G124/><T133/><D69/><U132/><E127/><V41/><F41/><W104/><G43/><T93/><D133/><U24/><E132/><V35/><F35/><W45/><G6/><N who="1" m="2090" /><E90/><N who="2" m="53343" /><F52/><W58/><G15/><T9/><D79/><U38/><E81/><N who="2" m="45231" /><F95/><W68/><G68/><T122/><D122/><U102/><E38/><V18/><F18/><W116/><G116/><T99/><D86/><U50/><E50/><V62/><F62/><W32/><G32/><T107/><D118/><U121/><E121/><V101/><F101/><W97/><G45/><T48/><D117/><U23/><E102/><AGARI ba="0,0" hai="49,51,53,54,55,56,58,59,61,97,102,104,105,106" machi="102" ten="40,1300,0" yaku="9,1" doraHai="36" who="3" fromWho="1" sc="343,0,337,-13,14,0,306,13" /><INIT seed="6,0,0,2,2,71" ten="343,324,14,319" oya="2" hai0="45,102,0,21,1,87,104,32,37,131,116,53,89" hai1="118,48,75,4,40,94,84,36,92,124,27,132,41" hai2="129,83,17,72,113,58,3,128,120,10,108,107,123" hai3="38,51,95,76,90,33,2,109,133,98,93,78,100"/><V16/><F107/><W44/><G109/><T105/><D32/><U101/><E75/><V5/><F72/><W117/><G117/><T121/><D0/><U43/><E118/><V14/><F83/><W110/><G110/><T88/><D1/><U60/><E4/><V91/><F91/><W46/><G2/><T59/><D116/><U49/><E124/><V62/><F108/><W103/><G33/><T99/><D121/><N who="2" m="46666" /><F58/><W8/><G133/><T125/><D131/><N who="2" m="50250" /><F62/><W42/><G8/><T135/><D125/><U7/><E132/><V114/><F17/><W65/><G65/><T28/><D135/><U63/><E7/><V111/><F111/><W13/><G103/><T96/><D104/><U67/><E101/><V80/><F80/><W35/><G95/><T55/><D89/><U122/><E122/><V6/><F6/><W57/><G57/><T106/><D99/><U73/><E73/><V20/><AGARI ba="0,0" hai="3,5,10,14,16,20,113,114" m="50250,46666" machi="20" ten="40,12000,1" yaku="19,1,34,2,54,1" doraHai="71" who="2" fromWho="2" sc="343,-40,324,-40,14,120,319,-40" /><INIT seed="6,1,0,0,4,1" ten="303,284,134,279" oya="2" hai0="94,83,95,38,62,119,103,30,58,52,129,109,21" hai1="40,55,49,20,28,39,47,99,34,120,65,57,123" hai2="90,115,59,69,132,45,124,70,121,75,0,133,114" hai3="104,127,35,84,37,68,17,91,8,54,25,98,81"/><V6/><F75/><W42/><G68/><N who="2" m="26217" /><F0/><W128/><G127/><T32/><D129/><U135/><E34/><V48/><F90/><W78/><G128/><T71/><D109/><U134/><E99/><V87/><F87/><W22/><G35/><T130/><D130/><U56/><E28/><V67/><F6/><W31/><G37/><T11/><D38/><U111/><E20/><V9/><F9/><W76/><G42/><T131/><D32/><U73/><E73/><V122/><F59/><W46/><G104/><T85/><D71/><U53/><E111/><V66/><F124/><W61/><G98/><T7/><D119/><U72/><E72/><V106/><F106/><W86/><G86/><T5/><D11/><U77/><E77/><V51/><F51/><N who="3" m="29047" /><G61/><T19/><D30/><U107/><E107/><V3/><F3/><W44/><G44/><T63/><D63/><N who="1" m="36239" /><E65/><N who="2" m="24587" /><F48/><W10/><G10/><T101/><D131/><U16/><E16/><V97/><F97/><W64/><G64/><T13/><D5/><U2/><E2/><V74/><F45/><W118/><G118/><T88/><D7/><U105/><E105/><V96/><F96/><W113/><G78/><T14/><D14/><U82/><E82/><V92/><F92/><AGARI ba="1,0" hai="13,19,21,52,58,62,83,85,88,92,94,95,101,103" machi="92" ten="40,5200,0" yaku="8,1,54,2" doraHai="1" who="0" fromWho="2" sc="303,55,284,0,134,-55,279,0" /><INIT seed="7,0,0,1,4,46" ten="358,284,79,279" oya="3" hai0="111,134,32,100,31,79,63,12,120,29,25,131,85" hai1="76,62,126,0,14,35,42,83,82,38,97,65,113" hai2="66,40,22,23,116,122,54,44,1,26,9,36,129" hai3="24,5,33,68,21,37,98,60,49,118,106,45,52"/><W73/><G118/><T132/><D100/><U105/><E35/><V34/><F23/><W127/><G73/><T94/><D31/><U64/><E0/><V90/><F90/><W69/><G37/><T104/><D104/><U11/><E126/><V108/><F22/><W15/><G127/><T95/><D111/><U53/><E113/><V99/><F26/><W50/><G60/><T124/><D124/><U75/><E82/><V56/><F9/><N who="3" m="4527" /><G33/><T48/><D120/><U4/><E105/><V123/><F99/><W77/><G68/><T102/><D63/><U84/><E97/><V18/><F18/><N who="3" m="12343" /><G69/><T93/><D12/><U101/><E101/><V2/><F2/><W135/><G135/><N who="0" m="51755" /><D102/><U13/><E75/><V121/><F34/><W10/><G106/><T133/><D133/><U7/><E7/><V43/><F1/><W39/><G39/><T91/><D131/><U78/><E14/><V109/><F129/><W119/><G119/><T55/><D79/><N who="1" m="46207" /><E38/><V71/><F116/><W114/><G114/><T17/><D17/><U92/><E78/><V28/><F28/><W130/><G130/><T107/><D107/><U112/><E112/><V88/><F88/><W110/><G110/><T89/><D89/><U117/><E117/><V16/><F16/><W59/><G77/><T96/><D96/><U67/><E76/><V6/><F6/><W61/><G98/><T125/><D125/><U8/><E4/><V58/><F109/><W47/><G10/><T20/><D32/><U74/><E74/><V81/><F108/><W27/><G27/><T19/><D19/><RYUUKYOKU ba="0,0" sc="358,15,284,-15,79,-15,279,15" hai0="20,25,29,48,55,85,91,93,94,95" hai3="45,47,49,50,52,59,61" /><INIT seed="7,1,0,5,4,114" ten="373,269,64,294" oya="3" hai0="79,32,44,121,53,13,51,11,45,29,33,15,103" hai1="49,84,123,21,122,90,127,89,105,7,125,62,59" hai2="119,85,112,66,74,133,81,118,124,107,27,1,37" hai3="116,117,36,40,80,78,126,101,108,55,12,16,65"/><W42/><G126/><N who="1" m="48138" /><E7/><V39/><F85/><W47/><G40/><T109/><D109/><U50/><E105/><V67/><F81/><W10/><G108/><T92/><D121/><N who="1" m="46091" /><E21/><V61/><F27/><W20/><G101/><T70/><D13/><U18/><E18/><V22/><F22/><W120/><G120/><T14/><D45/><U68/><E68/><V86/><F86/><W95/><G95/><T46/><D53/><U19/><E19/><V110/><F1/><W5/><G55/><T104/><D51/><N who="1" m="19467" /><E84/><V75/><F124/><W8/><G65/><AGARI ba="1,0" hai="59,62,65,89,90" m="19467,46091,48138" machi="65" ten="30,1000,0" yaku="18,1" doraHai="114" who="1" fromWho="3" sc="373,0,269,13,64,0,294,-13" owari="373,48.0,282,8.0,64,-44.0,281,-12.0" /></mjloggm>