<mjloggm ver="2.3"><GO type="97" lobby="0"/><UN n0="%E5%B0%B1%E6%B4%BB%E7%94%9F%40%E5%B7%9D%E6%9D%91%E8%BB%8D%E5%9B%A3" n1="%E3%81%AD%E3%81%93%E3%81%BE%E3%81%9F%E3%81%8E" n2="%45%6D%75%72%61%74%65%64" n3="%E6%84%9A%E3%81%8B%E8%80%85" dan="14,14,14,13" rate="1964.16,1938.32,1906.40,1815.45" sx="M,M,M,F"/><TAIKYOKU oya="0"/><INIT seed="0,0,0,3,5,40" ten="250,250,250,250" oya="0" hai0="81,109,20,126,106,73,63,83,46,107,26,125,88" hai1="34,19,132,79,127,2,12,91,108,15,131,66,62" hai2="124,130,69,11,33,56,94,134,95,93,84,97,78" hai3="5,59,119,49,123,13,48,100,111,96,90,39,22"/><T115/><D115/><U61/><E132/><V92/><F134/><W32/><G39/><T118/><D118/><U3/><E131/><V18/><F130/><W128/><G111/><T27/><D109/><U24/><E108/><V42/><F33/><W0/><G128/><T25/><D20/><U30/><E127/><N who="0" m="48649" /><D63/><U53/><E15/><N who="2" m="7551" /><F69/><W60/><G119/><T50/><D73/><U51/><E61/><V86/><F124/><W45/><G123/><T75/><D75/><U29/><E30/><V122/><F122/><W44/><G32/><T99/><D99/><U4/><E4/><V133/><F133/><W21/><G0/><T23/><D23/><N who="3" m="8713" /><G100/><T87/><D81/><U1/><E79/><V7/><F7/><W10/><G96/><T72/><D72/><U129/><E129/><V89/><F42/><AGARI ba="0,0" hai="25,26,27,42,46,50,83,87,88,106,107" m="48649" machi="42" ten="30,5800,0" yaku="18,1,52,1,54,1" doraHai="40" who="0" fromWho="2" sc="250,58,250,0,250,-58,250,0" /><INIT seed="0,1,0,1,2,90" ten="308,250,192,250" oya="0" hai0="78,129,18,131,2,86,82,106,130,81,19,5,103" hai1="62,45,59,101,3,51,36,89,21,113,121,24,84" hai2="65,71,25,10,40,48,11,28,8,111,30,42,118" hai3="91,112,85,88,35,105,133,75,128,119,43,44,57"/><T26/><D26/><U94/><E113/><V73/><F73/><W41/><G128/><T46/><D5/><U108/><E108/><V77/><F111/><W23/><G112/><T124/><D2/><U123/><E36/><V134/><F77/><W16/><G119/><T109/><D109/><U135/><E3/><V97/><F118/><W69/><G133/><T117/><D117/><U12/><E135/><V132/><F30/><W79/><G105/><T22/><D124/><U15/><E123/><V100/><F48/><W55/><G35/><T13/><D19/><U83/><E121/><V6/><F6/><W47/><G69/><T31/><D31/><U50/><E50/><V49/><F49/><N who="3" m="30959" /><G75/><T70/><D70/><U27/><E27/><V38/><F38/><W116/><G116/><T67/><D67/><U98/><E51/><V127/><F127/><W33/><G33/><T99/><REACH who="0" step="1"/><D82/><REACH who="0" ten="298,250,192,250" step="2"/><U114/><E114/><V53/><F134/><W95/><G79/><T58/><D58/><U34/><E45/><AGARI ba="1,1" hai="13,18,22,45,46,78,81,86,99,103,106,129,130,131" machi="45" ten="40,7700,0" yaku="1,1,19,1,53,1" doraHai="90" doraHaiUra="74" who="0" fromWho="1" sc="298,90,250,-80,192,0,250,0" /><INIT seed="0,2,0,0,0,16" ten="388,170,192,250" oya="0" hai0="101,129,108,90,112,52,104,70,7,72,119,103,92" hai1="96,83,124,64,45,68,87,6,27,32,53,42,14" hai2="127,99,120,128,67,31,41,21,82,77,93,97,114" hai3="125,132,86,85,80,4,2,37,3,130,109,25,47"/><T36/><D70/><U105/><E124/><V57/><F127/><W30/><G125/><T50/><D36/><U60/><E53/><V40/><F120/><W22/><G132/><T1/><D72/><U51/><E32/><V76/><F114/><W18/><G109/><T44/><D119/><U23/><E105/><V123/><F123/><W12/><G130/><T78/><D78/><N who="2" m="30314" /><F82/><W74/><G74/><T26/><D112/><U63/><E96/><N who="2" m="36939" /><F93/><W19/><G37/><T95/><D104/><U111/><E111/><V46/><F128/><W102/><G47/><T91/><D7/><U98/><E98/><V62/><F46/><W81/><G102/><N who="0" m="38923" /><D1/><N who="3" m="9" /><G80/><T5/><D5/><U9/><E68/><V88/><F88/><N who="0" m="33834" /><D129/><U34/><E34/><V116/><F116/><W48/><G81/><T115/><D115/><U133/><E64/><V35/><F35/><N who="3" m="20943" /><G86/><T79/><D79/><N who="1" m="46591" /><E133/><V126/><F126/><W113/><G85/><T33/><D33/><U94/><E94/><V15/><F31/><AGARI ba="2,0" hai="6,9,14,23,27,31,42,45,51,60,63" m="46591" machi="31" ten="30,3900,0" yaku="25,1,8,1,52,1" doraHai="16" who="1" fromWho="2" sc="388,0,170,45,192,-45,250,0" /><INIT seed="1,0,0,1,2,128" ten="388,215,147,250" oya="1" hai0="89,93,69,54,82,27,124,21,80,126,44,99,34" hai1="67,108,10,115,39,46,19,70,62,100,125,91,52" hai2="84,90,0,87,78,81,133,4,123,117,16,65,53" hai3="79,116,14,68,30,109,35,74,25,26,102,22,127"/><U63/><E115/><V7/><F117/><W61/><G116/><T60/><D34/><U58/><E100/><V28/><F123/><W134/><G127/><N who="0" m="48683" /><D44/><U73/><E125/><V49/><F28/><W96/><G96/><T45/><D45/><U85/><E73/><V47/><F65/><W48/><G109/><T88/><D89/><U9/><E108/><V132/><F0/><W17/><G134/><N who="2" m="51817" /><F16/><W71/><G102/><T98/><D98/><U57/><E19/><V6/><F6/><W103/><G103/><T121/><D121/><U2/><E2/><V20/><F20/><W120/><G120/><T43/><D43/><U131/><E131/><V76/><F76/><W113/><G113/><T33/><D33/><U18/><E18/><V130/><F130/><W105/><G79/><T97/><D21/><U24/><E24/><V8/><F8/><W135/><G105/><T77/><D27/><U5/><E5/><V64/><F64/><W51/><G135/><T75/><D77/><U12/><E12/><V122/><F122/><W37/><G74/><T55/><D75/><U66/><E70/><V31/><F31/><W36/><G68/><T110/><D69/><U56/><E56/><V86/><F86/><W32/><G71/><T72/><D72/><U95/><E39/><V107/><F107/><W106/><G106/><T83/><D110/><U42/><E42/><V92/><AGARI ba="0,0" hai="4,7,47,49,53,78,81,84,87,90,92" m="51817" machi="92" ten="30,7900,0" yaku="20,1,52,3" doraHai="128" who="2" fromWho="2" sc="388,-20,215,-39,147,79,250,-20" /><INIT seed="2,0,0,4,4,56" ten="368,176,226,230" oya="2" hai0="120,17,93,89,6,111,100,44,23,15,65,86,35" hai1="79,62,82,71,40,22,21,117,133,96,10,131,94" hai2="48,39,26,95,43,74,108,19,29,97,125,121,41" hai3="7,88,123,12,72,61,85,32,1,70,101,59,77"/><V134/><F121/><W46/><G123/><T31/><D111/><U132/><E117/><V38/><F74/><W124/><G124/><T36/><D120/><U50/><E131/><V11/><F125/><W81/><G32/><T122/><D122/><U4/><E133/><V84/><F134/><W135/><G135/><T112/><D112/><U28/><E132/><V107/><F107/><W30/><G30/><T98/><D65/><U55/><E40/><V80/><F108/><W20/><G70/><T64/><D64/><U16/><E28/><V69/><F69/><W103/><G46/><T119/><D6/><U130/><E130/><V52/><F39/><W60/><G1/><T42/><D119/><U24/><E22/><N who="2" m="15575" /><F38/><W37/><G37/><T113/><D113/><U104/><E104/><V129/><F129/><W2/><G2/><T109/><D109/><U128/><E128/><V68/><F68/><W115/><G115/><T73/><D73/><U18/><E71/><V25/><F25/><W91/><G72/><T45/><D35/><U9/><E18/><V27/><F27/><W99/><G59/><T51/><D31/><U54/><E4/><V118/><F118/><W76/><G99/><T14/><D14/><U63/><E55/><V105/><F105/><W87/><G7/><T78/><D78/><N who="3" m="30313" /><G12/><T126/><D126/><U106/><E106/><V33/><F33/><W83/><G20/><T66/><D66/><U92/><E82/><V13/><F80/><W75/><G75/><T102/><D98/><U90/><E96/><V47/><F97/><W67/><G67/><RYUUKYOKU ba="0,0" sc="368,10,176,-30,226,10,230,10" hai0="15,17,23,36,42,44,45,51,86,89,93,100,102" hai2="11,13,19,41,43,47,48,52,84,95" hai3="60,61,81,83,85,87,88,91,101,103" /><INIT seed="2,1,0,2,1,89" ten="378,146,236,240" oya="2" hai0="56,43,81,16,42,12,79,2,110,47,91,135,11" hai1="26,85,7,109,14,29,55,54,96,122,46,114,75" hai2="113,30,94,66,28,44,9,60,21,105,106,121,119" hai3="0,129,131,93,112,133,132,64,40,117,48,35,84"/><V1/><F119/><W87/><G0/><T63/><D110/><U72/><E114/><V95/><F113/><W103/><G35/><T98/><D135/><N who="3" m="51785" /><G64/><N who="0" m="39015" /><D2/><U68/><E109/><V126/><F121/><W57/><G117/><T101/><D101/><U27/><E68/><V124/><F106/><W104/><G104/><T5/><D47/><U69/><E69/><N who="2" m="42183" /><F44/><N who="3" m="25607" /><G112/><T61/><D61/><U80/><E122/><V33/><F105/><W39/><G57/><T77/><D5/><U10/><E75/><V15/><F1/><W74/><G74/><T127/><D127/><N who="2" m="48682" /><F21/><W25/><G25/><T17/><D17/><U32/><E72/><V24/><F30/><W90/><G39/><T4/><D4/><AGARI ba="1,0" hai="4,9,15,24,28,33,94,95" m="48682,42183" machi="4" ten="30,5800,0" yaku="18,1,52,2" doraHai="89" who="2" fromWho="0" sc="378,-61,146,0,236,61,240,0" /><INIT seed="2,2,0,4,4,87" ten="317,146,297,240" oya="2" hai0="129,68,127,77,112,63,111,55,2,126,116,82,124" hai1="1,132,43,49,98,4,106,23,74,54,76,3,115" hai2="50,19,95,35,29,40,25,6,31,45,46,84,67" hai3="131,73,56,117,62,83,89,41,53,110,100,60,24"/><V38/><F6/><W107/><G117/><T90/><D111/><U65/><E115/><V103/><F67/><W51/><G110/><T12/><D2/><U105/><E132/><V13/><F25/><W66/><G131/><T80/><D112/><U92/><E105/><V30/><F35/><W81/><G24/><T114/><D114/><U79/><E106/><V57/><F57/><W94/><G41/><T118/><D129/><U17/><E3/><V64/><F64/><W47/><G73/><N who="0" m="43055" /><D12/><U36/><E74/><V21/><F38/><W109/><G109/><T16/><D16/><U5/><E43/><V32/><F32/><W125/><G125/><T9/><D9/><U22/><E36/><V134/><F134/><W123/><G123/><T34/><D34/><U122/><E122/><V99/><F46/><W93/><G107/><T28/><D28/><U86/><E65/><V27/><REACH who="2" step="1"/><F84/><REACH who="2" ten="317,146,287,240" step="2"/><N who="3" m="52391" /><G62/><T11/><D68/><U48/><E86/><V113/><F113/><W104/><G104/><T108/><D108/><U135/><E135/><V42/><F42/><W85/><G85/><N who="0" m="50487" /><D11/><U72/><E4/><V91/><F91/><W20/><G20/><T58/><AGARI ba="2,1" hai="55,58,63,116,118,124,126,127" m="50487,43055" machi="58" ten="40,2700,0" yaku="18,1,52,1" doraHai="87" who="0" fromWho="0" sc="317,43,146,-9,287,-15,240,-9" /><INIT seed="3,0,0,4,5,31" ten="360,137,272,231" oya="3" hai0="30,75,27,98,11,26,5,59,90,32,89,9,57" hai1="95,109,42,17,47,85,3,64,130,107,126,60,104" hai2="108,39,33,53,63,82,41,23,0,88,105,114,25" hai3="87,99,12,58,123,80,92,119,84,18,106,66,91"/><W55/><G119/><T10/><D75/><U96/><E130/><V62/><F0/><W40/><G123/><T133/><D5/><U102/><E126/><V44/><F114/><W131/><G131/><T35/><D133/><U79/><E109/><V49/><F105/><W34/><G34/><N who="0" m="12843" /><D98/><U135/><E3/><V48/><F108/><W100/><G40/><T115/><D30/><U122/><E122/><V70/><F33/><W73/><G66/><T24/><D115/><U125/><E125/><V77/><F70/><W68/><G68/><T21/><D21/><U29/><E135/><V128/><F128/><W7/><G7/><T13/><D13/><U69/><E17/><N who="2" m="12527" /><F39/><W101/><G73/><T51/><D51/><U37/><E29/><V86/><F77/><W52/><G58/><AGARI ba="0,0" hai="9,10,11,24,26,27,57,58,59,89,90" m="12843" machi="58" ten="40,8000,1" yaku="28,2,52,3" doraHai="31" who="0" fromWho="3" sc="360,80,137,0,272,0,231,-80" /><AGARI ba="0,0" hai="41,44,48,49,53,58,62,63,82,86,88" m="12527" machi="58" ten="30,2000,0" yaku="8,1,54,1" doraHai="31" who="2" fromWho="3" sc="440,0,137,0,272,20,151,-20" owari="440,54.0,137,-26.0,292,9.0,131,-37.0" /></mjloggm>