<mjloggm ver="2.3"><GO type="97" lobby="0"/><UN n0="%E3%82%89%E3%82%8A%E3%81%8F%E3%81%BE" n1="%E3%81%AF%E3%81%8B%E3%81%AA%E3%81%8D%E5%A4%A2" n2="%E5%B0%B1%E6%B4%BB%E7%94%9F%40%E5%B7%9D%E6%9D%91%E8%BB%8D%E5%9B%A3" n3="%61%61%61%73" dan="15,15,15,13" rate="2002.97,1986.33,1936.17,1911.13" sx="M,M,M,M"/><TAIKYOKU oya="0"/><INIT seed="0,0,0,3,1,57" ten="250,250,250,250" oya="0" hai0="66,34,135,114,19,58,105,74,98,11,84,130,51" hai1="69,102,121,112,107,96,117,134,87,78,129,4,41" hai2="93,21,75,71,56,64,55,52,30,95,70,122,39" hai3="68,91,99,132,33,42,48,45,101,40,110,29,90"/><T82/><D34/><U26/><E121/><V119/><F75/><W25/><G110/><T97/><D114/><U94/><E117/><V20/><F122/><W32/><G68/><T3/><D74/><U35/><E4/><V17/><F119/><W63/><G132/><T23/><D105/><U120/><E120/><V37/><F17/><W2/><G2/><T43/><D130/><U54/><E129/><V111/><F111/><W53/><G32/><T36/><D36/><U60/><E41/><V108/><F108/><W47/><G63/><N who="0" m="38263" /><D3/><U118/><E118/><V9/><F56/><W104/><G53/><T133/><D11/><U6/><E6/><V61/><F64/><W7/><G7/><T0/><D0/><U113/><E134/><N who="0" m="51209" /><D51/><AGARI ba="0,0" hai="25,29,33,40,42,45,47,48,51,90,91,99,101,104" machi="51" ten="30,2000,0" yaku="7,1,9,1" doraHai="57" who="3" fromWho="0" sc="250,-20,250,0,250,0,250,20" /><INIT seed="1,0,0,3,4,15" ten="230,250,250,270" oya="1" hai0="123,127,7,135,10,52,131,42,32,25,59,56,72" hai1="77,62,100,119,57,124,45,118,99,36,86,3,74" hai2="109,11,50,48,28,51,98,2,6,129,134,73,132" hai3="104,79,26,125,60,84,39,61,47,1,17,95,97"/><U18/><E74/><V54/><F73/><W21/><G1/><T0/><D127/><U35/><E3/><V12/><F129/><W122/><G122/><T27/><D135/><N who="2" m="51754" /><F109/><W111/><G111/><T66/><D131/><U31/><E124/><V115/><F115/><W69/><G69/><T4/><D4/><U103/><E103/><V108/><F108/><W33/><G125/><T96/><D42/><U53/><E35/><V41/><F41/><W89/><G33/><T112/><D112/><U128/><E31/><V107/><F28/><W75/><G47/><T106/><D32/><U110/><E110/><V113/><F113/><W13/><G39/><T83/><D123/><U65/><E128/><V29/><F29/><W8/><G104/><T105/><D105/><U85/><E36/><V71/><F71/><W117/><G117/><T16/><D59/><U87/><E77/><V120/><F120/><W78/><G75/><T121/><D66/><U81/><E81/><V130/><F130/><W80/><REACH who="3" step="1"/><G79/><REACH who="3" ten="230,250,250,260" step="2"/><T82/><D121/><U49/><E118/><V30/><F2/><W22/><G22/><T44/><D44/><U91/><E119/><V94/><F107/><W114/><G114/><T46/><D46/><U67/><E45/><N who="2" m="27919" /><F30/><AGARI ba="0,1" hai="8,13,17,21,26,30,60,61,78,80,84,89,95,97" machi="30" ten="30,7700,0" yaku="1,1,7,1,8,1,52,1,53,0" doraHai="15" doraHaiUra="126" who="3" fromWho="2" sc="230,0,250,0,250,-77,260,87" /><INIT seed="2,0,0,3,1,30" ten="230,250,173,347" oya="2" hai0="43,95,129,49,51,42,77,59,87,65,99,104,16" hai1="89,46,36,53,24,8,21,58,3,84,57,38,60" hai2="81,18,45,32,80,1,88,5,74,64,34,39,50" hai3="61,47,126,76,119,14,128,134,25,133,56,122,110"/><V92/><F39/><W22/><G110/><T135/><D104/><U33/><E33/><V6/><F64/><W10/><G119/><T132/><D129/><U73/><E73/><V29/><F18/><W70/><G126/><T118/><D118/><U27/><E27/><V121/><F121/><W66/><G122/><T48/><D77/><U0/><E57/><V68/><F68/><W82/><G128/><T94/><D87/><U41/><E8/><V97/><F74/><W105/><G47/><T35/><D35/><U106/><E106/><V7/><F1/><W2/><G2/><T123/><D123/><U23/><E23/><V101/><F29/><W114/><G105/><T31/><D31/><U130/><E36/><V37/><F37/><W44/><G114/><T55/><D65/><U54/><E54/><V109/><F109/><W96/><G96/><T71/><D71/><U28/><REACH who="1" step="1"/><E130/><REACH who="1" ten="230,240,173,347" step="2"/><V103/><F80/><AGARI ba="0,1" hai="0,3,21,24,28,38,41,46,53,58,60,80,84,89" machi="80" ten="30,3900,0" yaku="1,1,2,1,7,1,53,0" doraHai="30" doraHaiUra="63" who="1" fromWho="2" sc="230,0,240,49,173,-39,347,0" /><INIT seed="3,0,0,1,4,23" ten="230,289,134,347" oya="3" hai0="112,128,13,29,85,107,87,46,33,71,115,92,101" hai1="5,73,70,58,28,119,108,134,35,83,123,86,109" hai2="26,132,3,122,51,1,41,135,102,21,133,78,65" hai3="56,39,64,14,32,7,30,121,93,96,19,12,61"/><W116/><G116/><T10/><D71/><U88/><E70/><V118/><F118/><W48/><G121/><T82/><D128/><U120/><E119/><V95/><F78/><W130/><G130/><T2/><D2/><U68/><E68/><V22/><F122/><W124/><G124/><T111/><D111/><U34/><E73/><V31/><F65/><W72/><G39/><T37/><D107/><U27/><E35/><V69/><F69/><W17/><G72/><T106/><D106/><U49/><E5/><V66/><F66/><W94/><G32/><T74/><D74/><U16/><E134/><V4/><F4/><W44/><G30/><T125/><D125/><U52/><REACH who="1" step="1"/><E16/><REACH who="1" ten="230,279,134,347" step="2"/><N who="3" m="6218" /><G7/><T53/><D33/><U98/><E98/><V6/><F6/><W103/><G94/><T24/><D92/><U8/><E8/><V63/><F63/><W40/><AGARI ba="0,1" hai="12,14,40,44,48,56,61,64,93,96,103" m="6218" machi="40" ten="30,3000,0" yaku="8,1,54,1" doraHai="23" who="3" fromWho="3" sc="230,-10,279,-10,134,-10,347,40" owari="220,-18.0,269,7.0,124,-38.0,387,49.0" /></mjloggm>