<mjloggm ver="2.3"><GO type="41" lobby="0"/><UN n0="%69%6B%61%79%61%6B%69%6F" n1="%74%6F%6D%75%74%6F%6D%69" n2="%E6%94%BE%E9%8A%83%E5%A4%AA%E9%83%8E" n3="%E5%B0%B1%E6%B4%BB%E7%94%9F%40%E5%B7%9D%E6%9D%91%E8%BB%8D%E5%9B%A3" dan="14,15,14,14" rate="1968.40,2034.48,1807.69,1946.97" sx="M,M,M,M"/><TAIKYOKU oya="0"/><INIT seed="0,0,0,1,1,121" ten="250,250,250,250" oya="0" hai0="8,20,37,14,85,107,35,66,40,50,26,53,129" hai1="135,23,56,71,78,133,105,131,59,90,63,18,21" hai2="92,116,111,76,113,49,106,41,81,125,9,69,16" hai3="109,82,74,24,11,93,86,12,34,102,134,108,124"/><T30/><D129/><U91/><E78/><V13/><F69/><W0/><G0/><T55/><D107/><U17/><E105/><V39/><F106/><W48/><G124/><T79/><D66/><U2/><E2/><V33/><F125/><W29/><G134/><N who="1" m="51210" /><E63/><V47/><F33/><W5/><G74/><T127/><D127/><U128/><E71/><V28/><F113/><W103/><G48/><T10/><D37/><U65/><E65/><V19/><F28/><W101/><REACH who="3" step="1"/><G93/><REACH who="3" ten="250,250,250,240" step="2"/><T42/><D50/><U38/><E38/><V46/><F92/><W51/><G51/><T118/><D118/><U132/><E132/><V75/><F116/><W115/><G115/><T1/><D1/><U62/><E62/><V54/><REACH who="2" step="1"/><F19/><REACH who="2" ten="250,250,240,240" step="2"/><W110/><G110/><AGARI ba="0,2" hai="9,13,16,39,41,46,47,49,54,75,76,81,110,111" machi="110" ten="40,12000,2" yaku="1,1,2,1,52,2,54,1,53,1" doraHai="121" doraHaiUra="70" who="2" fromWho="3" sc="250,0,250,0,240,140,240,-120" /><INIT seed="1,0,0,2,2,94" ten="250,250,380,120" oya="1" hai0="62,59,12,31,72,115,44,52,97,73,83,60,105" hai1="30,63,127,133,99,19,92,71,103,76,106,57,35" hai2="7,114,69,8,100,21,130,11,90,24,121,123,54" hai3="134,82,132,126,53,80,9,125,84,129,28,26,6"/><U113/><E113/><V49/><F69/><W91/><G53/><T87/><D115/><U68/><E127/><N who="3" m="48650" /><G82/><T64/><D31/><U109/><E133/><N who="3" m="51306" /><G9/><T104/><D105/><U14/><E76/><V50/><F114/><W61/><G61/><T78/><D12/><U120/><E120/><V101/><F54/><W41/><G41/><T15/><D15/><U51/><E51/><V22/><F24/><W17/><G17/><T131/><D44/><U119/><E119/><V13/><F13/><W3/><G3/><T20/><D20/><U45/><E45/><V122/><F123/><W70/><G6/><T111/><D111/><U25/><E109/><V48/><F50/><W128/><G70/><T32/><D32/><AGARI ba="0,0" hai="26,28,32,80,84,91,128,129" m="51306,48650" machi="32" ten="30,7700,0" yaku="30,2,18,1,20,1" doraHai="94" who="3" fromWho="0" sc="250,-77,250,0,380,0,120,77" /><INIT seed="2,0,0,1,1,106" ten="173,250,380,197" oya="2" hai0="0,63,27,79,84,61,131,51,21,65,87,95,37" hai1="5,20,98,120,119,6,77,17,25,40,135,28,121" hai2="86,113,78,50,48,19,68,116,123,22,26,81,125" hai3="99,59,53,75,43,108,83,12,10,134,45,105,60"/><V100/><F116/><W93/><G108/><T124/><D37/><U103/><E119/><V24/><F123/><W18/><G134/><T7/><D131/><U101/><E135/><V35/><F113/><W30/><G105/><T1/><D124/><U129/><E129/><V104/><F68/><W13/><G30/><T82/><D51/><U128/><E128/><V102/><F125/><W110/><G110/><T46/><D46/><U73/><E40/><V58/><F104/><W117/><G117/><T36/><D36/><U41/><E41/><V23/><F35/><W2/><G2/><T126/><D126/><U92/><E17/><N who="2" m="12367" /><F50/><W107/><G107/><T44/><D44/><U47/><E47/><V52/><AGARI ba="0,0" hai="19,23,26,48,52,58,78,81,86,100,102" m="12367" machi="52" ten="30,3000,0" yaku="8,1,54,1" doraHai="106" who="2" fromWho="2" sc="173,-10,250,-10,380,30,197,-10" /><INIT seed="2,1,0,2,3,10" ten="163,240,410,187" oya="2" hai0="74,27,83,19,135,39,54,42,5,75,63,45,134" hai1="92,58,22,110,73,67,1,79,43,33,96,20,82" hai2="101,41,6,80,64,132,129,87,15,114,104,90,98" hai3="85,36,99,118,106,13,37,100,125,127,18,26,24"/><V3/><F3/><W119/><G85/><T131/><D5/><U7/><E33/><V93/><F64/><W61/><G61/><T78/><D75/><U14/><E1/><V57/><F57/><W88/><G26/><T112/><D112/><U46/><E110/><V32/><F32/><W120/><G24/><T40/><D40/><U77/><E79/><V2/><F2/><W30/><G30/><T109/><D109/><U124/><E124/><N who="3" m="47690" /><G120/><T107/><D107/><U50/><E58/><V113/><F41/><W103/><G103/><T91/><D91/><U49/><E49/><V62/><F62/><W86/><G37/><T48/><D63/><U12/><E67/><V116/><F116/><W35/><G36/><T44/><D131/><U28/><E7/><V9/><F129/><W89/><G35/><T71/><D71/><U17/><E28/><V66/><F66/><W0/><G0/><T47/><D44/><U115/><E115/><V81/><F132/><W84/><G84/><T8/><D27/><U117/><E117/><N who="3" m="44554" /><G86/><T126/><D126/><U53/><E43/><V95/><F114/><W60/><G60/><T76/><D76/><U31/><E31/><V128/><F113/><W123/><G123/><T72/><D74/><U130/><E130/><V23/><F128/><W16/><G18/><T21/><D21/><AGARI ba="1,0" hai="13,16,21,88,89,99,100,106" m="44554,47690" machi="21" ten="30,7700,0" yaku="18,1,52,1,54,2" doraHai="10" who="3" fromWho="0" sc="163,-80,240,0,410,0,187,80" /><INIT seed="3,0,0,4,1,82" ten="83,240,410,267" oya="3" hai0="83,12,110,27,19,63,68,80,109,89,2,42,60" hai1="38,64,134,101,86,26,125,5,135,31,9,108,14" hai2="132,40,46,95,93,49,94,128,23,22,104,111,28" hai3="7,33,103,67,30,87,85,34,47,126,121,45,130"/><W58/><G121/><T120/><D2/><U24/><E38/><V123/><F123/><W113/><G113/><T129/><D120/><U131/><E101/><V81/><F104/><W114/><G114/><T21/><D129/><U96/><E96/><V6/><F128/><W97/><G130/><T3/><D3/><U8/><E64/><V44/><F6/><W37/><G126/><T102/><D102/><U56/><E56/><V20/><F132/><W11/><G30/><T57/><D42/><U32/><E131/><V112/><F111/><W77/><G77/><T36/><D36/><U116/><E108/><N who="0" m="41577" /><D68/><U66/><E66/><V69/><F69/><W75/><G75/><T98/><D12/><U52/><E125/><V122/><F122/><W65/><G34/><T54/><D63/><U15/><E116/><V91/><F112/><W1/><G33/><T115/><D115/><U127/><E127/><V133/><F133/><N who="1" m="50697" /><E24/><N who="2" m="16391" /><F46/><W18/><G45/><T106/><D106/><U39/><E39/><V41/><F41/><W4/><G47/><T70/><D70/><U72/><E72/><V117/><F117/><W90/><G37/><T55/><D55/><U92/><E52/><V78/><F78/><W62/><G65/><T99/><D99/><U17/><E92/><AGARI ba="0,0" hai="19,21,27,54,57,60,80,83,89,92,98" m="41577" machi="92" ten="30,2000,0" yaku="25,1,14,1" doraHai="82" who="0" fromWho="1" sc="83,20,240,-20,410,0,267,0" /><INIT seed="4,0,0,4,5,8" ten="103,220,410,267" oya="0" hai0="124,49,91,119,40,125,84,44,100,42,51,87,104" hai1="11,95,118,81,111,129,128,116,67,69,92,57,121" hai2="43,4,109,35,101,108,77,132,20,79,59,55,120" hai3="26,112,72,23,65,75,94,98,122,62,123,82,103"/><T126/><D119/><U97/><E69/><V61/><F35/><W110/><G112/><T53/><D104/><U134/><E67/><V29/><F120/><N who="3" m="46123" /><G82/><T114/><D100/><U25/><E25/><V38/><F132/><W96/><G96/><T46/><D46/><U45/><BYE who="0" /><E57/><V14/><F43/><UN n0="%69%6B%61%79%61%6B%69%6F" /><W33/><G33/><T78/><D78/><U58/><E58/><V6/><F38/><W32/><G32/><T117/><D117/><N who="1" m="45163" /><E11/><V13/><F101/><W15/><G15/><N who="2" m="5641" /><F108/><W36/><G36/><T21/><D114/><U7/><E111/><V60/><F109/><W1/><G1/><T107/><D107/><U31/><E134/><V47/><F61/><W86/><G86/><N who="0" m="32811" /><D91/><U28/><E121/><V37/><F47/><W66/><G110/><T24/><D51/><U130/><E45/><V89/><F37/><W63/><G63/><T73/><D73/><N who="3" m="28233" /><G62/><T115/><D115/><U135/><E135/><V71/><F71/><W99/><G99/><T131/><D131/><U83/><E97/><V88/><F77/><W52/><G52/><T41/><D53/><U3/><E3/><V76/><F79/><W133/><G133/><T54/><D54/><U127/><E83/><V2/><F76/><W12/><G12/><T48/><D44/><U74/><E81/><V70/><F2/><W16/><AGARI ba="0,0" hai="16,23,26,65,66,94,98,103" m="28233,46123" machi="16" ten="30,2000,0" yaku="13,1,54,1" doraHai="8" who="3" fromWho="3" sc="103,-10,220,-5,410,-5,267,20" /><INIT seed="5,0,0,1,4,89" ten="93,215,405,287" oya="1" hai0="81,132,15,114,31,97,88,45,105,78,82,129,127" hai1="49,123,100,124,17,69,34,13,120,26,37,63,43" hai2="56,72,14,23,92,10,118,18,75,101,109,38,91" hai3="19,79,80,108,48,58,8,115,98,9,86,94,41"/><U7/><E7/><V50/><F38/><W47/><G108/><T93/><D114/><U4/><E4/><V76/><F118/><W55/><G115/><T131/><D31/><U0/><E0/><V135/><F109/><W2/><G2/><T74/><D15/><U65/><E124/><V133/><F101/><W40/><G19/><T83/><D45/><U87/><E37/><V16/><F76/><W134/><G134/><N who="2" m="51209" /><F50/><W113/><G113/><T11/><D11/><U110/><E110/><V29/><F29/><W5/><G5/><T119/><D132/><U52/><E43/><N who="3" m="16458" /><G47/><T64/><D64/><U112/><E112/><V102/><F56/><W60/><G60/><T122/><D119/><U24/><E100/><AGARI ba="0,0" hai="8,9,48,55,58,79,80,86,94,98,100" m="16458" machi="100" ten="30,2000,0" yaku="8,1,52,1" doraHai="89" who="3" fromWho="1" sc="93,0,215,-20,405,0,287,20" /><INIT seed="6,0,0,4,2,127" ten="93,195,405,307" oya="2" hai0="64,113,30,97,19,54,18,126,6,15,120,98,51" hai1="110,100,80,123,16,52,83,93,24,36,53,114,1" hai2="35,25,34,11,88,14,10,50,55,82,112,32,42" hai3="3,49,69,77,115,74,0,39,75,92,96,101,65"/><V135/><F112/><W31/><G39/><T119/><D120/><U26/><E110/><V33/><F42/><W5/><G31/><T108/><D113/><U7/><E114/><V28/><F135/><W85/><G115/><T125/><D108/><U48/><E36/><V86/><REACH who="2" step="1"/><F14/><REACH who="2" ten="93,195,395,307" step="2"/><W107/><G3/><T41/><D119/><U134/><E1/><V71/><F71/><W29/><G0/><T70/><D41/><U68/><E134/><V57/><AGARI ba="0,1" hai="10,11,25,28,32,33,34,35,50,55,57,82,86,88" machi="57" ten="30,6000,0" yaku="1,1,0,1,54,1,53,0" doraHai="127" doraHaiUra="38" who="2" fromWho="2" sc="93,-20,195,-20,395,70,307,-20" /><INIT seed="6,1,0,1,0,75" ten="73,175,465,287" oya="2" hai0="30,59,62,82,110,40,96,50,16,107,55,6,49" hai1="84,78,104,3,2,111,80,125,135,119,68,89,126" hai2="72,18,106,48,85,38,112,12,51,98,21,24,29" hai3="76,42,92,100,71,134,94,114,79,37,91,63,61"/><V124/><F72/><W116/><G116/><T115/><D110/><U15/><E111/><V19/><F38/><W90/><G71/><T25/><D115/><U117/><E68/><V33/><F112/><W95/><G114/><T52/><D6/><U39/><E39/><V47/><F124/><N who="1" m="47721" /><E15/><V28/><F51/><W45/><G134/><T93/><D107/><U53/><E53/><V44/><F44/><W108/><G108/><T34/><D40/><U123/><E135/><V70/><F70/><W26/><G26/><T102/><D102/><U97/><E3/><V133/><F133/><W105/><G105/><T13/><D82/><U131/><E2/><V103/><F85/><W54/><G100/><T81/><D81/><U7/><E7/><V23/><REACH who="2" step="1"/><F33/><REACH who="2" ten="73,175,455,287" step="2"/><W46/><G46/><T57/><D62/><U86/><E123/><V69/><F69/><W109/><G109/><T5/><D5/><U120/><E120/><V121/><F121/><W74/><G74/><T118/><D118/><U11/><E119/><V88/><F88/><W56/><G63/><T87/><D87/><U132/><E132/><V41/><AGARI ba="1,1" hai="12,18,19,21,23,24,28,29,41,47,48,98,103,106" machi="41" ten="20,12000,1" yaku="1,1,0,1,7,1,53,2" doraHai="75" doraHaiUra="27" who="2" fromWho="2" sc="73,-41,175,-41,455,133,287,-41" /><INIT seed="6,2,0,5,2,132" ten="32,134,588,246" oya="2" hai0="56,120,87,112,31,41,1,124,60,94,121,2,53" hai1="52,38,63,6,0,35,70,119,15,22,33,25,48" hai2="93,86,20,57,3,113,127,130,18,4,117,67,134" hai3="61,64,125,46,79,62,47,126,11,108,5,19,123"/><V100/><F57/><W104/><G104/><T71/><D41/><U10/><E119/><V81/><F67/><W73/><G123/><T55/><D31/><U27/><E38/><V50/><F50/><W34/><G34/><T68/><D94/><U51/><E70/><V44/><F44/><W49/><G108/><T40/><D87/><U82/><E82/><V96/><F117/><W80/><G19/><T9/><D9/><U109/><E109/><V99/><F4/><W28/><G28/><T84/><D84/><U128/><E128/><V12/><F3/><W118/><G118/><T90/><D90/><U75/><E75/><V105/><F130/><W36/><G36/><T103/><D103/><U14/><E63/><V69/><F69/><W83/><G83/><T95/><D95/><U45/><E48/><V59/><F59/><W30/><G30/><T24/><D40/><U114/><E114/><V8/><F113/><W106/><G106/><T39/><D56/><U133/><E133/><V77/><F134/><W102/><G102/><T26/><D39/><U78/><E78/><V131/><F131/><W17/><G17/><T65/><D65/><U91/><E91/><N who="2" m="55359" /><F20/><W110/><G110/><T135/><D112/><U32/><E27/><V16/><F18/><W72/><G72/><T116/><D116/><U101/><E25/><V98/><F98/><W37/><G37/><T122/><D135/><U74/><E22/><V58/><F58/><N who="3" m="36919" /><G62/><T85/><D85/><U88/><E74/><V7/><F7/><W43/><G47/><T129/><D121/><U111/><E111/><RYUUKYOKU ba="2,0" sc="32,-15,134,-15,588,15,246,15" hai2="8,12,16,77,81,86,99,100,105,127" hai3="5,11,43,46,49,73,79,80,125,126" /><INIT seed="6,3,0,3,2,134" ten="17,119,603,261" oya="2" hai0="35,48,88,99,6,2,83,110,109,102,82,65,44" hai1="53,27,128,108,43,64,50,46,58,97,80,75,84" hai2="114,5,68,14,96,29,105,125,3,33,63,57,81" hai3="54,132,95,77,20,122,28,119,59,12,107,127,118"/><V38/><F38/><W113/><G107/><T21/><D35/><U16/><E108/><V66/><F3/><W92/><G122/><T106/><D65/><U112/><E112/><V31/><F114/><W10/><G113/><T15/><D82/><U117/><E128/><V62/><F81/><W126/><G132/><T25/><D2/><U45/><E117/><V120/><F120/><W94/><G77/><T61/><D61/><U103/><E75/><V37/><F37/><W115/><G115/><T78/><D21/><N who="1" m="13735" /><E64/><V8/><F57/><W101/><G101/><T42/><D25/><U67/><E67/><V90/><F63/><W51/><G20/><T72/><D6/><U79/><E43/><V9/><F9/><W7/><G28/><T129/><D129/><U93/><AGARI ba="3,0" hai="45,46,50,53,58,79,80,84,93,97,103" m="13735" machi="93" ten="30,2000,0" yaku="8,1,54,1" doraHai="134" who="1" fromWho="1" sc="17,-8,119,29,603,-13,261,-8" /><INIT seed="7,0,0,4,2,69" ten="9,148,590,253" oya="3" hai0="75,22,124,115,60,51,36,105,92,30,129,20,16" hai1="116,135,3,104,40,87,39,73,66,127,125,59,43" hai2="45,95,29,6,107,85,1,83,11,54,100,99,121" hai3="31,128,68,81,119,96,65,74,37,113,98,63,82"/><W9/><G119/><T34/><D36/><U46/><E87/><V84/><F121/><W94/><G37/><T112/><D105/><U93/><E93/><V5/><F5/><W52/><G128/><T47/><D75/><U64/><E3/><V91/><F29/><W13/><G31/><T109/><D60/><U89/><E89/><V49/><F85/><W18/><G113/><N who="0" m="43595" /><D92/><U62/><E104/><V111/><REACH who="2" step="1"/><F107/><REACH who="2" ten="9,148,580,253" step="2"/><W8/><G74/><T134/><D51/><U108/><E73/><V101/><F101/><W12/><G96/><T118/><D47/><N who="1" m="23967" /><E108/><AGARI ba="0,1" hai="1,6,11,45,49,54,83,84,91,95,99,100,108,111" machi="108" ten="40,2600,0" yaku="1,1,53,1" doraHai="69" doraHaiUra="0" who="2" fromWho="1" sc="9,0,148,-26,580,36,253,0" owari="9,-49.0,122,-28.0,616,72.0,253,5.0" /></mjloggm>