<mjloggm ver="2.3"><GO type="169" lobby="0"/><UN n0="%E3%83%95%E3%83%AB%E3%82%BC%E3%83%B3%E3%83%84" n1="%E3%82%B7%E3%83%B3%E3%83%87%E3%83%AB%E3%83%A9" n2="%E3%82%A6%E3%83%AB%E3%83%88%E3%83%A9%E7%AB%8B%E7%9B%B4" n3="%E3%82%AB%E3%83%96%E3%83%88" dan="16,16,17,17" rate="2109.37,2056.68,2180.49,2124.91" sx="M,M,M,M"/><TAIKYOKU oya="0"/><INIT seed="0,0,0,0,0,52" ten="250,250,250,250" oya="0" hai0="122,117,62,25,123,99,10,19,97,118,23,116,132" hai1="111,114,119,8,112,37,67,79,110,40,75,124,29" hai2="83,55,129,53,89,3,133,66,101,107,6,95,70" hai3="49,16,17,87,69,120,20,38,57,72,96,109,64"/><T58/><D132/><U43/><E29/><V22/><F133/><W74/><G38/><T59/><D10/><U0/><E119/><V127/><F127/><W56/><G109/><N who="1" m="41482" /><E124/><V78/><F129/><W91/><G120/><T90/><D99/><U125/><E125/><V134/><F134/><W105/><G105/><T46/><D46/><U61/><E79/><V128/><F128/><W48/><G96/><T42/><D42/><N who="1" m="15915" /><E75/><V45/><F45/><W86/><G69/><T39/><D39/><U73/><E73/><V2/><F2/><W108/><G108/><T30/><D30/><U106/><E106/><V135/><F135/><W92/><G64/><T54/><REACH who="0" step="1"/><D59/><REACH who="0" ten="240,250,250,250" step="2"/><N who="1" m="37311" /><E37/><V26/><F3/><W51/><G57/><T63/><D63/><U15/><E0/><V5/><F70/><W34/><G56/><T36/><D36/><U131/><E131/><V32/><F107/><W27/><G51/><T1/><D1/><U130/><E130/><V126/><F126/><W9/><G49/><T13/><D13/><U82/><E82/><V44/><F83/><W93/><G48/><T11/><D11/><U7/><AGARI ba="0,1" hai="7,8,15,112,114" m="37311,15915,41482" machi="7" ten="30,2000,0" yaku="14,1,52,1" doraHai="52" who="1" fromWho="1" sc="240,-10,250,30,250,-5,250,-5" /><INIT seed="1,0,0,5,4,87" ten="230,280,245,245" oya="1" hai0="92,61,44,51,108,67,132,125,97,17,79,85,58" hai1="19,100,64,56,130,40,0,5,8,16,37,45,66" hai2="39,86,50,46,112,62,82,72,105,133,20,24,13" hai3="12,93,28,103,109,41,52,114,32,2,60,6,48"/><U91/><E130/><V118/><F118/><W3/><G114/><T69/><D108/><U7/><E100/><V121/><F121/><W113/><G113/><T4/><D125/><U31/><E31/><V123/><F123/><W55/><G109/><T57/><D132/><U76/><E76/><V80/><F133/><W22/><G32/><T96/><D4/><U115/><E115/><V27/><F112/><W78/><G78/><T126/><D126/><U14/><E91/><V81/><F105/><W26/><G2/><T128/><D128/><U70/><E70/><V68/><F39/><W53/><G3/><T38/><D38/><U84/><E84/><V54/><F72/><W25/><G60/><T99/><D17/><U107/><E107/><V104/><F104/><W127/><G127/><T73/><D73/><U9/><REACH who="1" step="1"/><E56/><REACH who="1" ten="230,270,245,245" step="2"/><N who="2" m="35095" /><F68/><W98/><G28/><T29/><D29/><U90/><E90/><V106/><F106/><W35/><G103/><T34/><D79/><U110/><E110/><V71/><F71/><W124/><G124/><T11/><D58/><U42/><E42/><N who="2" m="24919" /><F86/><W135/><G135/><T77/><D69/><U21/><E21/><V83/><F83/><W111/><G22/><T134/><D134/><U23/><E23/><V33/><F33/><W89/><G35/><T129/><D34/><U1/><E1/><V36/><F20/><W63/><G111/><T94/><D129/><U131/><E131/><V122/><F122/><W10/><G63/><T47/><D61/><U43/><E43/><V119/><F82/><W88/><G89/><T102/><D102/><RYUUKYOKU ba="0,1" sc="230,-15,270,15,245,-15,245,15" hai1="0,5,7,8,9,14,16,19,37,40,45,64,66" hai3="6,10,12,25,26,41,48,52,53,55,88,93,98" /><INIT seed="1,1,1,2,3,19" ten="215,285,230,260" oya="1" hai0="91,124,60,121,57,114,117,131,82,70,54,81,93" hai1="16,96,83,6,134,2,109,75,115,125,86,43,110" hai2="48,0,105,28,79,90,29,18,94,10,53,56,69" hai3="65,116,118,50,12,71,46,14,34,100,103,61,111"/><U72/><E115/><V25/><F69/><W13/><G34/><T41/><D114/><U38/><E125/><V112/><F105/><W51/><G111/><N who="1" m="42506" /><E134/><V113/><F79/><W36/><G36/><T21/><D117/><N who="3" m="45161" /><G51/><T9/><D124/><U24/><E96/><V129/><F129/><W66/><G66/><T126/><D131/><U80/><E6/><V99/><F28/><W107/><G107/><T85/><D121/><U7/><E7/><V55/><F55/><AGARI ba="1,1" hai="12,13,14,46,50,55,61,65,71,100,103" m="45161" machi="55" ten="30,1000,0" yaku="12,1" doraHai="19" who="3" fromWho="2" sc="215,0,285,0,230,-13,260,23" /><INIT seed="2,0,0,1,4,128" ten="215,285,217,283" oya="2" hai0="29,41,81,102,109,118,4,105,15,131,122,74,91" hai1="27,120,45,104,93,69,94,119,92,34,123,134,103" hai2="73,106,97,82,79,37,115,5,6,124,125,57,52" hai3="111,72,88,126,33,61,127,44,75,80,56,2,31"/><V67/><F115/><W86/><G2/><T113/><D122/><N who="1" m="46635" /><E119/><V107/><F67/><W48/><G111/><T36/><D113/><U116/><E116/><V89/><F37/><W10/><G10/><T47/><D109/><U77/><E69/><V62/><F106/><W53/><G31/><T100/><D131/><U84/><E45/><V60/><F60/><W130/><G33/><T35/><D118/><U1/><E1/><V39/><F39/><W42/><REACH who="3" step="1"/><G130/><REACH who="3" ten="215,285,217,273" step="2"/><T14/><D29/><U38/><E34/><V17/><F17/><W110/><G110/><T11/><D35/><U26/><E38/><V108/><F108/><W22/><G22/><T25/><D11/><U59/><E104/><V135/><F5/><W95/><G95/><T114/><D4/><U98/><E94/><N who="2" m="56527" /><F6/><W70/><G70/><T50/><D105/><U18/><E18/><V40/><F107/><W30/><G30/><T68/><D68/><U28/><E28/><V87/><F40/><W63/><G63/><T85/><D36/><U20/><E20/><V58/><F125/><AGARI ba="0,1" hai="42,44,48,53,56,61,72,75,80,86,88,125,126,127" machi="125" ten="40,8000,1" yaku="1,1,18,1,54,1,53,1" doraHai="128" doraHaiUra="49" who="3" fromWho="2" sc="215,0,285,0,217,-80,273,90" /><INIT seed="3,0,0,3,1,71" ten="215,285,137,363" oya="3" hai0="0,85,20,117,86,105,108,24,55,120,81,14,8" hai1="35,67,12,59,19,31,80,63,92,30,62,126,22" hai2="53,43,4,77,56,121,27,128,115,45,119,88,109" hai3="98,73,112,106,50,32,52,54,9,76,39,13,58"/><W135/><G112/><T69/><D105/><U34/><E126/><V60/><F119/><W68/><G68/><T23/><D117/><U123/><E123/><V7/><F109/><W37/><G32/><T29/><D69/><U26/><E80/><V78/><F115/><W133/><G73/><T110/><D120/><U28/><E35/><V74/><F128/><W10/><G76/><T122/><D122/><U42/><E42/><V38/><F121/><W72/><G72/><T15/><D55/><U66/><REACH who="1" step="1"/><E92/><REACH who="1" ten="215,275,137,363" step="2"/><V90/><F74/><W134/><G106/><T57/><D81/><U103/><E103/><V3/><F78/><W83/><G83/><T75/><D75/><U6/><E6/><V100/><F77/><W33/><G33/><T25/><D110/><U99/><E99/><V36/><F100/><W2/><G98/><T64/><D108/><U82/><E82/><V46/><F7/><N who="3" m="1271" /><G54/><T129/><D129/><U11/><E11/><V41/><F27/><W79/><G79/><T18/><D24/><U132/><E132/><V95/><F95/><W97/><G97/><T96/><D96/><U47/><E47/><V17/><F17/><AGARI ba="0,1" hai="10,13,17,37,39,50,52,58,133,134,135" m="1271" machi="17" ten="30,11600,0" yaku="20,1,52,2,54,1" doraHai="71" who="3" fromWho="2" sc="215,0,275,0,137,-116,363,126" /><INIT seed="3,1,0,4,1,101" ten="215,275,21,489" oya="3" hai0="118,67,120,9,10,0,75,79,93,82,69,18,16" hai1="85,30,121,74,109,12,42,28,47,96,7,73,14" hai2="54,130,31,68,33,56,88,34,95,57,20,46,124" hai3="84,29,107,71,43,6,53,24,36,48,1,111,59"/><W41/><G71/><T131/><D118/><U98/><E121/><V77/><F68/><W134/><G134/><T72/><D120/><U94/><E109/><V123/><F123/><W135/><G135/><T65/><D131/><U127/><E127/><V37/><F124/><W11/><G111/><T5/><D75/><U100/><E85/><V104/><F130/><W97/><G36/><T35/><D35/><U32/><E96/><V61/><F77/><W128/><G128/><T122/><D122/><U80/><E32/><V132/><F132/><W115/><G115/><T108/><D108/><U58/><E58/><V17/><F31/><W129/><G129/><T39/><D39/><U45/><E45/><V23/><F23/><W50/><G50/><T92/><D18/><U87/><E73/><V19/><F17/><W2/><G2/><T86/><D69/><U89/><E74/><V102/><F57/><W83/><G107/><T99/><D72/><U125/><E125/><V64/><F102/><W76/><REACH who="3" step="1"/><G97/><REACH who="3" ten="215,275,21,479" step="2"/><T62/><D99/><U4/><E98/><N who="2" m="57703" /><F104/><W13/><G13/><T3/><D3/><U81/><E14/><N who="2" m="9335" /><F37/><W27/><G27/><T133/><D133/><U63/><E100/><V40/><F40/><W52/><G52/><T103/><D103/><U21/><E42/><V112/><F112/><W90/><G90/><T15/><D67/><U22/><E89/><V116/><F116/><W49/><G49/><T113/><D113/><U110/><E110/><V60/><F60/><W44/><G44/><T8/><D62/><U119/><E63/><N who="2" m="36247" /><F46/><W78/><G78/><RYUUKYOKU ba="1,1" sc="215,-15,275,-15,21,15,479,15" hai2="33,34,61,64" hai3="1,6,11,24,29,41,43,48,53,59,76,83,84" /><INIT seed="3,2,1,0,4,60" ten="200,260,36,494" oya="3" hai0="109,129,28,64,46,59,123,2,118,76,134,130,54" hai1="40,132,103,44,29,112,12,101,13,115,114,92,36" hai2="111,52,51,102,31,68,135,11,45,133,14,126,25" hai3="104,107,120,16,33,110,22,125,24,69,18,55,6"/><W119/><G119/><T30/><D2/><U10/><E132/><N who="2" m="50763" /><F126/><W57/><G120/><T15/><D134/><U26/><E92/><V83/><F111/><W80/><G69/><T77/><D118/><U100/><REACH who="1" step="1"/><E10/><REACH who="1" ten="200,250,36,494" step="2"/><V42/><F102/><W56/><G107/><T122/><D122/><U117/><E117/><V106/><F106/><W116/><G104/><T43/><D123/><U73/><E73/><V61/><F83/><W19/><G116/><T7/><D109/><U93/><E93/><V3/><F3/><W113/><G110/><T27/><D130/><U23/><AGARI ba="2,2" hai="12,13,23,26,29,36,40,44,100,101,103,112,114,115" machi="23" ten="40,2700,0" yaku="1,1,0,1,53,0" doraHai="60" doraHaiUra="78" who="1" fromWho="1" sc="200,-9,250,53,36,-9,494,-15" /><INIT seed="4,0,0,3,3,45" ten="191,303,27,479" oya="0" hai0="126,57,130,68,76,25,39,62,114,106,80,15,61" hai1="50,16,95,33,43,9,41,73,8,47,46,23,52" hai2="2,34,67,128,3,123,102,84,59,98,7,36,93" hai3="18,21,116,112,56,1,104,129,30,65,37,134,131"/><T29/><D106/><U17/><E73/><V20/><F123/><W81/><G116/><T64/><D39/><U94/><E33/><V117/><F34/><W78/><G104/><T71/><D114/><U133/><E133/><V124/><F117/><W69/><G37/><T109/><D130/><N who="3" m="49673" /><G1/><T11/><D126/><U82/><E82/><V48/><F128/><W12/><G112/><T44/><D109/><U63/><E63/><V132/><F124/><W77/><G69/><T27/><D44/><U79/><E79/><V74/><F74/><W55/><G65/><T90/><D90/><U24/><E43/><V105/><F132/><W10/><G134/><T108/><D108/><U19/><E8/><V88/><F36/><W96/><G96/><T85/><D29/><N who="1" m="17567" /><E9/><V26/><F7/><W101/><G101/><T13/><D13/><U28/><E28/><V5/><F5/><W32/><G32/><T99/><D71/><U6/><E6/><V72/><F72/><W115/><G81/><T4/><REACH who="0" step="1"/><D99/><REACH who="0" ten="181,303,27,479" step="2"/><U83/><E46/><V122/><F122/><W100/><G115/><T66/><AGARI ba="0,1" hai="4,11,15,25,27,57,61,62,64,66,68,76,80,85" machi="66" ten="20,7800,0" yaku="1,1,2,1,0,1,7,1,53,0" doraHai="45" doraHaiUra="87" who="0" fromWho="0" sc="181,88,303,-26,27,-26,479,-26" /><INIT seed="4,1,0,2,4,65" ten="269,277,1,453" oya="0" hai0="131,64,28,87,14,19,114,49,40,70,111,50,61" hai1="34,96,3,113,118,84,71,74,82,44,99,85,116" hai2="37,105,39,15,134,75,12,53,38,47,24,22,112" hai3="108,23,133,109,123,132,13,16,45,59,1,4,100"/><T30/><D114/><U21/><E34/><V86/><F86/><W79/><G123/><T66/><D131/><U97/><E3/><V9/><F53/><W52/><G45/><T98/><D111/><U56/><E71/><V7/><F47/><W57/><G79/><T128/><D128/><U106/><E21/><V94/><F94/><W26/><G100/><T36/><D64/><U127/><E56/><V73/><F24/><W63/><G1/><T83/><D36/><N who="2" m="9218" /><V17/><DORA hai="43" /><F105/><W126/><G126/><T107/><D107/><U115/><E44/><V92/><F92/><W76/><G76/><T120/><D98/><U11/><E127/><V41/><F41/><W8/><G59/><T32/><D120/><U89/><E106/><V104/><F104/><W117/><G108/><T6/><D6/><U124/><E124/><V129/><F129/><W125/><G109/><T102/><D102/><U122/><E122/><V72/><F112/><N who="1" m="43081" /><E11/><V33/><F33/><W51/><G125/><T68/><D32/><U90/><E74/><N who="2" m="18947" /><V60/><DORA hai="130" /><F60/><W55/><G63/><T31/><D40/><U46/><E46/><V0/><F0/><W10/><G55/><T110/><D110/><U88/><E89/><V54/><F54/><W103/><G52/><T18/><D18/><U101/><E101/><V93/><F93/><AGARI ba="1,0" hai="82,84,85,88,90,93,96,97,99,116,118" m="43081" machi="93" ten="30,8000,1" yaku="15,1,11,1,34,2,54,1" doraHai="65,43,130" who="1" fromWho="2" sc="269,0,277,83,1,-83,453,0" owari="269,-13.0,360,16.0,-82,-58.0,453,55.0" /></mjloggm>