<mjloggm ver="2.3"><GO type="97" lobby="0"/><UN n0="%E3%82%B0%E3%83%95%E3%83%95" n1="%E5%AE%9F%E6%8A%80%E3%81%A7%E3%81%AD%E2%98%86" n2="%E5%B0%B1%E6%B4%BB%E7%94%9F%40%E5%B7%9D%E6%9D%91%E8%BB%8D%E5%9B%A3" n3="%48%53%4E%4D%44" dan="14,14,15,14" rate="1911.13,1959.57,1993.57,1885.91" sx="M,M,M,M"/><TAIKYOKU oya="0"/><INIT seed="0,0,0,4,2,95" ten="250,250,250,250" oya="0" hai0="133,64,26,24,135,103,70,16,36,119,125,100,113" hai1="63,96,41,122,89,51,39,58,31,128,43,59,46" hai2="93,116,109,73,2,47,132,134,123,7,49,110,118" hai3="11,76,68,120,79,66,129,44,5,40,127,30,67"/><T25/><D36/><U74/><E74/><V69/><F73/><W82/><G120/><T45/><D119/><N who="2" m="45610" /><F2/><W104/><G104/><T34/><D113/><U124/><E122/><V88/><F7/><W126/><G30/><T81/><D45/><U53/><E31/><V14/><F14/><W60/><G129/><T92/><D125/><U23/><E128/><V105/><F105/><W61/><G61/><N who="0" m="40207" /><D34/><U86/><E96/><N who="2" m="57383" /><F69/><W85/><G67/><T54/><D54/><U18/><E43/><N who="2" m="24831" /><F123/><W80/><G80/><T35/><D35/><U52/><E124/><V99/><F99/><W91/><G79/><T57/><D57/><U115/><E115/><V10/><F10/><W13/><REACH who="3" step="1"/><G91/><REACH who="3" ten="250,250,250,240" step="2"/><T37/><D81/><U98/><E89/><V48/><F48/><AGARI ba="0,1" hai="5,11,13,40,44,48,60,66,68,76,82,85,126,127" machi="48" ten="40,8000,1" yaku="1,1,2,1,25,2,53,1" doraHai="95" doraHaiUra="1" who="3" fromWho="2" sc="250,0,250,0,250,-80,240,90" /><INIT seed="1,0,0,3,0,72" ten="250,250,170,330" oya="1" hai0="116,50,53,76,49,59,26,12,15,82,126,52,48" hai1="32,87,120,58,81,121,119,43,106,99,5,35,95" hai2="63,70,114,77,92,40,22,16,47,93,60,109,98" hai3="117,65,51,9,42,14,61,123,85,133,115,19,64"/><U17/><E119/><V108/><F114/><W13/><G117/><T118/><D126/><U90/><E5/><V46/><F77/><W34/><G115/><T86/><D26/><U56/><E43/><V27/><F92/><W89/><G34/><T25/><D25/><U129/><E129/><V101/><F47/><N who="3" m="26103" /><G123/><T67/><D67/><U75/><E32/><V74/><F74/><W66/><G133/><T55/><REACH who="0" step="1"/><D59/><REACH who="0" ten="240,250,170,330" step="2"/><U20/><E35/><V57/><F70/><W23/><G66/><T2/><D2/><U29/><E29/><V38/><REACH who="2" step="1"/><F60/><REACH who="2" ten="240,250,160,330" step="2"/><W6/><G61/><T21/><D21/><U104/><E121/><V122/><F122/><W41/><G65/><AGARI ba="0,2" hai="16,22,27,38,40,46,57,63,65,93,98,101,108,109" machi="65" ten="40,5200,0" yaku="1,1,54,1,53,1" doraHai="72" doraHaiUra="71" who="2" fromWho="3" sc="240,0,250,0,160,72,330,-52" /><INIT seed="2,0,0,2,3,120" ten="240,250,232,278" oya="2" hai0="45,95,64,106,85,81,88,28,126,20,87,76,47" hai1="125,3,35,59,75,116,10,14,101,92,132,57,110" hai2="22,79,114,117,131,108,44,9,105,42,1,121,55" hai3="134,67,111,41,36,6,97,119,98,43,37,38,73"/><V130/><F105/><W115/><G119/><T91/><D106/><U129/><E116/><V135/><F117/><W32/><G73/><T103/><D126/><U107/><E75/><V39/><F121/><W62/><G32/><T25/><D103/><U23/><E35/><V46/><F114/><W16/><G115/><T40/><D40/><U128/><E3/><V27/><F135/><W122/><G122/><T123/><D123/><U90/><E23/><V78/><F108/><W72/><G72/><T51/><D64/><U48/><E132/><V30/><F46/><W74/><G74/><T52/><REACH who="0" step="1"/><D91/><REACH who="0" ten="230,250,232,278" step="2"/><U26/><E101/><V112/><F55/><W29/><G134/><T7/><D7/><U70/><E107/><V24/><F112/><W49/><G41/><T127/><D127/><U71/><E125/><V50/><F39/><W84/><G43/><T69/><D69/><U66/><E66/><V68/><F68/><W56/><G38/><T82/><D82/><U2/><E71/><V0/><F79/><W11/><G6/><T80/><D80/><U8/><E70/><V33/><F78/><W83/><G37/><T133/><D133/><U17/><E90/><V54/><F42/><W89/><G36/><T118/><D118/><U100/><E100/><V99/><F99/><W31/><G111/><T5/><D5/><U4/><E110/><V109/><F109/><W65/><G98/><T34/><D34/><U104/><E104/><V18/><REACH who="2" step="1"/><F9/><REACH who="2" ten="230,250,222,278" step="2"/><W94/><G67/><T19/><D19/><U21/><E10/><V96/><F96/><W113/><G97/><RYUUKYOKU ba="0,2" sc="230,15,250,-15,222,15,278,-15" hai0="20,25,28,45,47,51,52,76,81,85,87,88,95" hai2="0,1,18,22,24,27,30,33,44,50,54,130,131" /><INIT seed="2,1,2,0,1,135" ten="245,235,237,263" oya="2" hai0="76,69,124,3,62,122,51,123,46,94,34,102,77" hai1="12,93,131,27,33,106,41,112,134,57,10,44,58" hai2="21,20,91,86,67,73,37,82,100,22,107,72,52" hai3="14,18,90,128,119,47,110,81,15,74,64,87,42"/><V2/><F37/><W70/><G119/><T8/><D34/><U23/><E134/><V56/><F2/><W1/><G1/><T126/><D102/><U114/><E106/><V32/><F32/><W54/><G128/><T49/><D94/><U39/><E131/><V113/><F113/><W11/><G110/><T30/><D30/><U116/><E116/><V120/><F120/><N who="0" m="46122" /><D69/><U63/><E33/><V99/><REACH who="2" step="1"/><F67/><REACH who="2" ten="245,235,227,263" step="2"/><W68/><G64/><T43/><D51/><AGARI ba="1,3" hai="20,21,22,51,52,56,72,73,82,86,91,99,100,107" machi="51" ten="40,12000,1" yaku="1,1,2,1,54,1,53,1" doraHai="135" doraHaiUra="95" who="2" fromWho="0" sc="245,-123,235,0,227,153,263,0" /><INIT seed="2,2,0,5,4,36" ten="122,235,380,263" oya="2" hai0="53,51,134,110,25,39,102,26,58,125,122,6,60" hai1="29,124,46,76,43,31,130,126,57,111,93,72,49" hai2="7,78,74,77,114,37,104,131,97,42,127,132,32" hai3="8,55,21,115,83,41,121,5,128,0,33,117,38"/><V10/><F114/><W62/><G115/><T99/><D110/><U3/><E111/><V73/><F32/><W15/><G121/><T85/><D122/><U14/><E3/><V82/><F127/><N who="1" m="48681" /><E93/><V48/><F131/><W63/><G128/><T123/><D123/><U12/><E130/><V103/><F132/><W79/><G117/><T59/><D125/><U133/><E133/><V19/><F19/><W105/><G105/><T120/><D120/><U64/><E64/><V56/><F37/><W98/><G98/><T45/><D134/><U84/><E84/><V94/><F104/><W95/><G95/><T40/><D6/><U66/><E66/><V24/><F24/><W54/><G33/><T22/><D85/><U92/><E92/><V47/><F56/><W100/><G100/><T112/><D112/><U17/><E57/><V129/><F129/><W61/><G0/><T1/><D1/><U113/><E113/><V135/><F135/><W107/><G107/><T109/><D109/><U13/><E17/><V35/><F35/><W89/><G89/><T65/><D22/><U106/><E106/><V2/><F77/><W50/><G38/><T88/><D102/><U96/><E96/><V68/><F68/><W71/><G21/><T101/><D101/><U118/><E118/><V70/><F70/><W108/><G108/><T18/><D18/><U44/><E44/><V23/><F23/><W9/><G9/><T81/><REACH who="0" step="1"/><D99/><REACH who="0" ten="112,235,380,263" step="2"/><U75/><E75/><AGARI ba="2,1" hai="2,7,10,42,47,48,73,74,75,78,82,94,97,103" machi="75" ten="30,2900,0" yaku="7,1,52,1" doraHai="36" who="2" fromWho="1" sc="112,0,235,-35,380,45,263,0" /><INIT seed="2,3,0,0,2,26" ten="112,200,425,263" oya="2" hai0="17,4,99,28,104,102,54,32,126,116,3,75,84" hai1="65,79,95,55,6,12,36,22,56,77,63,0,60" hai2="93,64,76,30,62,128,108,89,73,100,110,37,57" hai3="74,58,67,130,87,115,23,135,46,9,119,70,18"/><V51/><F37/><W31/><G70/><T131/><D75/><U35/><E36/><V15/><F128/><W71/><G71/><T14/><D131/><U59/><E35/><V103/><F76/><W61/><G74/><T122/><D122/><U68/><E0/><V125/><F73/><W53/><G119/><T120/><D120/><U127/><E127/><V69/><F125/><W118/><G118/><T41/><D126/><U50/><E95/><V96/><F30/><W107/><G107/><T21/><D116/><U20/><E22/><V134/><F134/><W113/><G135/><T2/><D41/><U132/><E132/><V8/><F51/><N who="3" m="28919" /><G130/><T48/><D84/><U49/><E49/><V123/><F123/><W112/><G9/><T78/><D78/><U124/><E124/><V43/><F43/><W111/><G111/><N who="2" m="42537" /><F69/><W88/><G18/><AGARI ba="3,0" hai="8,15,18,57,62,64,89,93,96,100,103" m="42537" machi="18" ten="30,2900,0" yaku="14,1,10,1" doraHai="26" who="2" fromWho="3" sc="112,0,200,0,425,38,263,-38" /><INIT seed="2,4,0,0,1,26" ten="112,200,463,225" oya="2" hai0="7,71,44,20,6,70,119,41,105,58,114,13,84" hai1="33,11,50,15,100,99,21,16,128,45,43,72,64" hai2="51,118,68,35,132,98,40,90,108,3,10,62,103" hai3="1,39,76,96,22,9,67,78,25,56,24,48,110"/><V102/><F118/><W75/><G39/><T91/><D105/><U125/><E128/><V31/><F108/><W23/><G110/><T120/><D114/><U129/><E129/><V133/><F90/><W74/><G1/><T46/><D120/><U81/><E125/><V116/><F116/><W131/><G131/><T94/><D119/><U77/><E33/><V111/><F111/><W47/><G96/><T18/><D46/><U53/><E64/><V8/><F40/><N who="3" m="24679" /><G9/><T59/><D7/><U73/><E11/><V124/><F124/><W104/><G104/><T79/><D79/><N who="3" m="30249" /><G74/><T52/><D6/><U0/><E0/><V65/><F51/><W109/><G109/><T92/><D92/><U28/><E28/><V32/><F32/><W12/><G75/><T69/><D69/><U63/><E63/><V66/><F66/><W17/><G23/><T126/><D126/><U113/><E113/><V85/><F102/><W97/><G97/><T34/><D59/><U86/><E43/><V127/><F127/><W29/><G67/><T130/><D34/><U134/><E134/><V27/><F85/><W93/><G93/><AGARI ba="4,0" hai="15,16,21,45,50,53,72,73,77,81,86,93,99,100" machi="93" ten="30,2000,0" yaku="7,1,54,1" doraHai="26" who="1" fromWho="3" sc="112,0,200,32,463,0,225,-32" /><INIT seed="3,0,0,3,4,126" ten="112,232,463,193" oya="3" hai0="17,53,129,119,33,80,29,40,48,24,73,92,39" hai1="20,41,94,99,46,34,19,89,100,88,50,15,118" hai2="128,64,134,121,111,61,7,62,132,127,36,91,117" hai3="122,82,12,114,104,56,11,93,102,108,37,133,49"/><W63/><G122/><T123/><D123/><U135/><E135/><N who="2" m="51755" /><F7/><W26/><G133/><T101/><D119/><U107/><E34/><V28/><F28/><W31/><G37/><T52/><D39/><U112/><E118/><V4/><F4/><W103/><G114/><T10/><D40/><U86/><E89/><V98/><F127/><W35/><G104/><T84/><D73/><U71/><E71/><V96/><F36/><W116/><G116/><T13/><D129/><U22/><REACH who="1" step="1"/><E20/><REACH who="1" ten="112,222,463,193" step="2"/><V43/><F117/><W81/><G108/><T70/><D70/><U68/><E68/><V110/><F128/><W47/><G103/><T45/><D53/><U32/><E32/><V65/><F121/><W23/><G102/><T18/><D17/><U95/><E95/><N who="2" m="56447" /><F98/><W42/><G35/><T75/><D75/><U5/><E5/><V97/><F97/><W90/><G90/><T16/><D18/><U113/><AGARI ba="0,1" hai="15,19,22,41,46,50,86,88,94,99,100,107,112,113" machi="113" ten="30,4000,0" yaku="1,1,0,1,54,1,53,0" doraHai="126" doraHaiUra="115" who="1" fromWho="1" sc="112,-10,222,50,463,-10,193,-20" owari="102,-40.0,272,7.0,453,56.0,173,-23.0" /></mjloggm>