<mjloggm ver="2.3"><GO type="97" lobby="0"/><UN n0="%E5%B0%B1%E6%B4%BB%E7%94%9F%40%E5%B7%9D%E6%9D%91%E8%BB%8D%E5%9B%A3" n1="%6E%75%6D%62%65%72%69%6A" n2="%E9%8C%A6%E6%97%97" n3="%E6%A8%99%E6%BA%96%E9%9B%80%E5%A3%AB" dan="15,15,13,14" rate="2061.52,2016.87,1826.17,1911.19" sx="M,M,M,M"/><TAIKYOKU oya="0"/><INIT seed="0,0,0,1,3,112" ten="250,250,250,250" oya="0" hai0="45,58,2,120,15,42,28,102,17,73,3,55,38" hai1="9,74,69,43,63,11,31,105,86,67,84,79,78" hai2="82,60,7,116,8,72,109,30,64,14,41,20,128" hai3="127,132,131,133,0,52,37,123,5,100,89,49,48"/><T4/><D120/><U68/><E68/><V26/><F128/><W56/><G123/><T113/><D113/><U85/><E105/><V88/><F72/><W16/><G37/><T81/><D28/><U87/><E74/><V104/><F82/><W25/><G131/><T103/><D4/><U6/><E31/><V70/><F109/><W36/><G36/><T29/><D29/><U107/><E107/><V98/><F41/><W121/><G121/><T12/><D12/><U93/><E43/><V62/><F62/><W18/><G100/><T13/><D13/><U90/><REACH who="1" step="1"/><E11/><REACH who="1" ten="250,240,250,250" step="2"/><V39/><F39/><W19/><G132/><T54/><D73/><U92/><E92/><V21/><F88/><W75/><G75/><T125/><D81/><U27/><E27/><V91/><F91/><W24/><G133/><T80/><D80/><U10/><E10/><V130/><F130/><W122/><G122/><T119/><D102/><U101/><E101/><N who="2" m="62519" /><F116/><W71/><G89/><T35/><D103/><U76/><E76/><V77/><F77/><W106/><G106/><T34/><D119/><U96/><E96/><V57/><F57/><W135/><G135/><T97/><D97/><U95/><E95/><V126/><F126/><W44/><G127/><T46/><D125/><U47/><E47/><V50/><F70/><W51/><G71/><T129/><D129/><U22/><E22/><V111/><F21/><W33/><G56/><T110/><D46/><U83/><E83/><V66/><F111/><W32/><G44/><T40/><D110/><U53/><E53/><V1/><F66/><RYUUKYOKU ba="0,1" sc="250,-10,240,30,250,-10,250,-10" hai1="6,9,63,67,69,78,79,84,85,86,87,90,93" /><INIT seed="1,1,1,3,3,71" ten="240,270,240,240" oya="1" hai0="134,128,15,43,16,132,68,36,48,69,85,41,29" hai1="74,129,34,13,93,18,3,102,1,114,56,119,108" hai2="51,25,9,30,17,60,75,27,89,11,90,40,117" hai3="77,98,33,70,59,92,5,35,94,39,110,125,130"/><U80/><E56/><V32/><F75/><W87/><G70/><N who="0" m="27243" /><D128/><U105/><E93/><V107/><F107/><W95/><G130/><T24/><D48/><U109/><E80/><V62/><F9/><W37/><G110/><N who="1" m="42602" /><E74/><V20/><F117/><W99/><G125/><T23/><D85/><U81/><E81/><V82/><F11/><W118/><G5/><T91/><D91/><U65/><E65/><V120/><F120/><W96/><G118/><T97/><D97/><N who="1" m="61647" /><E34/><N who="3" m="12810" /><G87/><T116/><D116/><U66/><E66/><V127/><F90/><W52/><G77/><T104/><D104/><U44/><E119/><V4/><F127/><W55/><G59/><T103/><D103/><U111/><N who="1" m="42610" /><U45/><DORA hai="115" /><E129/><V112/><F112/><W131/><G131/><T10/><D36/><AGARI ba="1,1" hai="36,37,39,52,55,92,94,95,96,98,99" m="12810" machi="36" ten="40,12000,2" yaku="28,2,52,3,54,1" doraHai="71,115" who="3" fromWho="0" sc="240,-123,270,0,240,0,240,133" /><INIT seed="2,0,0,2,2,106" ten="117,270,240,373" oya="2" hai0="48,124,4,45,1,125,13,114,85,102,118,27,109" hai1="62,74,19,64,129,96,63,104,116,69,128,117,65" hai2="105,15,43,133,47,98,122,67,135,82,11,54,61" hai3="72,20,58,90,126,103,2,89,52,107,81,28,3"/><V68/><F122/><W93/><G126/><T39/><D1/><U92/><E19/><N who="2" m="8703" /><F105/><W130/><G130/><N who="1" m="50282" /><E92/><V79/><F98/><W110/><G110/><T53/><D109/><U40/><E40/><V22/><F22/><W17/><G28/><T9/><D118/><N who="1" m="45675" /><E96/><V50/><F79/><W46/><G46/><T80/><D114/><U66/><E104/><V42/><F82/><W7/><G107/><T113/><D113/><U86/><E86/><V71/><F71/><W132/><G2/><T21/><D102/><U95/><E95/><V38/><F43/><W127/><G103/><T91/><REACH who="0" step="1"/><D39/><REACH who="0" ten="107,270,240,373" step="2"/><U51/><E74/><V29/><F29/><AGARI ba="0,1" hai="4,9,13,21,27,29,45,48,53,80,85,91,124,125" machi="29" ten="40,5200,0" yaku="1,1,2,1,53,1" doraHai="106" doraHaiUra="10" who="0" fromWho="2" sc="107,62,270,0,240,-52,373,0" /><INIT seed="3,0,0,3,1,112" ten="169,270,188,373" oya="3" hai0="65,118,17,125,1,96,82,44,135,43,50,121,88" hai1="62,74,33,35,83,31,113,115,122,21,123,114,63" hai2="119,91,8,107,29,111,2,95,39,102,0,117,93" hai3="61,78,24,126,54,120,56,58,67,127,98,47,131"/><W132/><G120/><N who="1" m="46122" /><E83/><V41/><F111/><W13/><G78/><T23/><D121/><U45/><E45/><V51/><F39/><W129/><G132/><T109/><D118/><U59/><E74/><V10/><F29/><W4/><G24/><N who="0" m="14447" /><D1/><N who="2" m="618" /><F91/><W52/><G98/><T48/><D109/><U5/><E59/><V81/><F41/><W134/><G134/><T22/><D135/><U46/><E46/><V18/><F81/><W3/><G3/><T20/><D125/><N who="3" m="47625" /><G47/><N who="0" m="25727" /><D65/><U9/><E63/><V57/><F57/><W100/><G100/><T73/><D73/><U77/><E62/><V76/><F107/><W92/><G92/><N who="2" m="35401" /><F76/><W30/><G30/><T90/><D96/><U64/><E77/><V75/><F51/><N who="3" m="30751" /><G67/><T28/><D28/><U15/><E64/><V60/><F102/><W99/><G99/><T103/><D103/><U116/><E116/><N who="2" m="44619" /><F60/><W87/><G61/><T105/><D105/><U130/><E114/><V79/><F18/><W84/><G58/><T124/><D124/><U49/><E115/><V72/><F79/><W108/><G108/><T16/><D82/><U128/><E113/><V80/><F80/><W25/><G54/><N who="0" m="30023" /><D22/><U104/><E21/><V53/><F53/><W101/><G101/><T32/><D32/><U14/><E33/><V68/><F68/><W11/><G25/><AGARI ba="0,0" hai="16,20,25,88,90" m="30023,25727,14447" machi="25" ten="30,3900,0" yaku="8,1,54,2" doraHai="112" who="0" fromWho="3" sc="169,39,270,0,188,0,373,-39" owari="208,-19.0,270,7.0,188,-31.0,334,43.0" /></mjloggm>