<mjloggm ver="2.3"><GO type="225" lobby="0"/><UN n0="%E3%82%82%E3%81%90%EF%BD%92%EF%BD%92%EF%BD%92%EF%BD%92%EF%BD%92" n1="%E5%AE%AE%E5%AD%90" n2="%E5%A4%95%E5%8F%A2%E9%9C%A7%E9%A6%99" n3="%E3%83%88%E3%83%88%E3%83%AA%E5%85%88%E7%94%9F%31%39%E6%AD%B3" dan="16,16,16,18" rate="2117.14,2095.40,2140.46,2189.62" sx="M,F,F,F"/><TAIKYOKU oya="0"/><INIT seed="0,0,0,5,1,91" ten="250,250,250,250" oya="0" hai0="78,118,26,23,48,82,53,98,54,133,70,44,77" hai1="95,128,1,87,58,46,85,81,124,27,117,93,63" hai2="96,69,47,35,86,131,12,129,68,10,134,80,38" hai3="120,49,72,64,71,8,107,0,126,123,37,61,56"/><T88/><D70/><U4/><E117/><V75/><F75/><W24/><G72/><T42/><D118/><U83/><E1/><V79/><F35/><W101/><G37/><T73/><D133/><U17/><E4/><N who="2" m="3143" /><F134/><W122/><G126/><T41/><D54/><N who="1" m="34263" /><E46/><V105/><F105/><W84/><G24/><T19/><REACH who="0" step="1"/><D78/><REACH who="0" ten="240,250,250,250" step="2"/><N who="1" m="46263" /><E124/><V102/><F68/><N who="3" m="41999" /><G123/><T115/><D115/><U99/><E128/><V66/><F79/><W9/><G71/><T7/><D7/><U59/><E59/><V55/><F69/><W125/><G125/><T60/><D60/><U16/><E99/><V111/><F96/><N who="3" m="61863" /><G122/><T39/><D39/><U103/><E103/><V15/><F102/><W13/><G120/><T5/><D5/><U89/><E27/><V22/><F38/><W110/><G56/><T6/><D6/><U106/><E106/><V109/><F131/><W135/><G135/><T97/><D97/><U34/><E34/><V57/><F129/><W119/><G119/><T43/><D43/><U21/><E21/><V33/><F22/><W40/><G8/><T14/><D14/><U51/><E51/><V32/><F15/><W67/><G13/><T130/><D130/><U50/><E50/><N who="2" m="29151" /><F33/><W116/><G116/><T2/><D2/><U65/><E89/><N who="2" m="51399" /><F32/><W52/><G9/><T29/><D29/><U112/><E112/><V100/><F100/><W18/><G0/><T113/><D113/><U94/><E17/><V20/><F20/><W31/><G18/><T3/><D3/><U25/><E16/><V30/><F30/><W92/><G31/><T90/><D90/><RYUUKYOKU ba="0,1" sc="240,15,250,-15,250,15,250,-15" hai0="19,23,26,41,42,44,48,53,73,77,82,88,98" hai2="57,66,109,111" /><INIT seed="0,1,1,4,4,69" ten="255,235,265,235" oya="0" hai0="57,63,105,99,42,107,79,12,128,87,18,89,61" hai1="131,129,26,44,10,114,37,48,86,11,85,117,38" hai2="4,22,55,60,96,101,71,13,98,14,27,93,47" hai3="103,29,133,58,72,50,2,20,53,40,33,41,102"/><T95/><D128/><N who="1" m="49227" /><E117/><V52/><F71/><W0/><G72/><T118/><D118/><U112/><E26/><V104/><F60/><W90/><G33/><T116/><D116/><U92/><E10/><V75/><F75/><W8/><G133/><T35/><D35/><U127/><E127/><V17/><F4/><W74/><G74/><T30/><D30/><U120/><E11/><V1/><F1/><W5/><G2/><T65/><D42/><N who="1" m="24599" /><E120/><V34/><F34/><W125/><G125/><T130/><D130/><U83/><E92/><V66/><F66/><W109/><G109/><T21/><REACH who="0" step="1"/><D61/><REACH who="0" ten="245,235,265,235" step="2"/><U110/><E110/><V36/><F27/><W122/><G40/><T126/><D126/><U115/><E85/><V62/><F62/><W108/><G41/><T16/><D16/><U3/><E3/><V46/><F17/><W76/><G108/><T135/><D135/><U73/><E73/><V24/><F24/><W132/><G132/><T56/><D56/><U54/><E54/><V111/><F52/><W67/><G53/><T123/><D123/><U70/><E70/><V64/><F55/><W97/><G122/><T88/><D88/><AGARI ba="1,2" hai="37,38,83,86,88,112,114,115" m="24599,49227" machi="88" ten="40,8000,1" yaku="11,1,19,1,52,2,54,1" doraHai="69" who="1" fromWho="0" sc="245,-83,235,103,265,0,235,0" /><INIT seed="1,0,0,4,2,71" ten="162,338,265,235" oya="1" hai0="55,74,103,76,14,115,44,134,56,125,80,66,4" hai1="129,114,88,37,13,83,82,120,97,30,29,77,132" hai2="25,9,51,23,33,102,87,0,127,17,119,100,40" hai3="106,73,22,91,72,81,105,15,42,86,113,133,31"/><U57/><E120/><V24/><F119/><W46/><G113/><T101/><D115/><U18/><E37/><V98/><F127/><W38/><G133/><T108/><D134/><U50/><E114/><V65/><F65/><W36/><G36/><T2/><D125/><U67/><E129/><V41/><F0/><W64/><G64/><T3/><D108/><U47/><E132/><V93/><F102/><W79/><G73/><T70/><D14/><U69/><E69/><V54/><F9/><W39/><G39/><T52/><D70/><U26/><E67/><V6/><F6/><W78/><G78/><T63/><D55/><U104/><E57/><N who="2" m="32991" /><F33/><W85/><G72/><T99/><D4/><U126/><E104/><V5/><F5/><W122/><G122/><T95/><REACH who="0" step="1"/><D103/><REACH who="0" ten="152,338,265,235" step="2"/><U116/><E126/><V90/><F25/><W124/><G124/><T19/><D19/><U117/><E18/><V58/><F24/><W28/><G15/><T123/><D123/><U53/><E13/><V16/><F16/><W10/><G10/><T27/><D27/><U94/><E26/><V45/><F100/><W92/><G22/><T107/><D107/><U62/><E117/><V32/><F17/><W20/><G20/><T75/><D75/><U12/><E12/><V68/><F23/><W48/><G105/><T110/><D110/><U109/><E116/><V84/><F68/><W128/><G106/><T121/><D121/><U130/><E109/><V60/><F32/><W11/><G11/><T35/><D35/><U43/><E53/><V111/><F111/><W135/><G135/><RYUUKYOKU ba="0,1" sc="152,30,338,-10,265,-10,235,-10" hai0="2,3,44,52,56,63,66,74,76,80,95,99,101" /><INIT seed="2,1,1,3,4,16" ten="182,328,255,225" oya="2" hai0="83,87,43,94,28,76,97,56,70,7,119,42,78" hai1="120,35,111,109,12,103,6,17,134,39,27,90,118" hai2="53,99,32,62,98,21,10,14,126,92,80,130,105" hai3="45,44,36,51,54,30,38,132,9,104,11,46,117"/><V57/><F32/><W61/><G117/><T128/><D70/><U91/><E118/><V15/><F130/><W8/><G104/><T22/><D119/><U19/><E134/><V5/><F126/><W50/><G132/><T100/><D128/><U52/><E39/><V124/><F124/><W68/><G30/><T114/><D114/><U60/><E103/><V33/><F33/><W113/><G113/><T121/><D121/><U26/><E6/><V1/><F105/><W40/><REACH who="3" step="1"/><G46/><REACH who="3" ten="182,328,255,215" step="2"/><T25/><D7/><U81/><E120/><V63/><F5/><W13/><G13/><T135/><D135/><U95/><E12/><V29/><F15/><W106/><G106/><T48/><D78/><U0/><E26/><V59/><F29/><W69/><G69/><T2/><D2/><U131/><E0/><V79/><F14/><W49/><G49/><T129/><D129/><U23/><E131/><V82/><F79/><W127/><G127/><T108/><D108/><U20/><E109/><V89/><F1/><W74/><G74/><T71/><D71/><U88/><E27/><V77/><F77/><W37/><G37/><T116/><D116/><U115/><E115/><V107/><F107/><W72/><G72/><T110/><D110/><U4/><E111/><V64/><F10/><W18/><G18/><T123/><D123/><U3/><E19/><V102/><F63/><W66/><AGARI ba="1,2" hai="8,9,11,36,38,40,44,45,50,51,54,61,66,68" machi="66" ten="30,2000,0" yaku="1,1,0,1,53,0" doraHai="16" doraHaiUra="112" who="3" fromWho="3" sc="182,-6,328,-6,255,-11,215,43" /><INIT seed="3,0,0,3,4,50" ten="176,322,244,258" oya="3" hai0="24,27,69,58,19,35,51,15,112,130,106,23,104" hai1="20,82,28,33,101,31,114,62,72,6,131,54,12" hai2="96,92,11,75,59,1,16,44,13,116,3,113,7" hai3="52,108,93,65,84,60,94,29,126,118,71,73,45"/><W40/><G118/><T46/><D130/><U129/><E33/><V97/><F116/><W41/><G73/><T74/><D69/><U68/><E101/><V95/><F113/><W55/><G126/><T76/><D112/><U122/><E122/><V56/><F75/><W22/><G108/><T109/><D109/><U5/><E114/><V39/><F1/><W0/><G0/><T77/><D58/><N who="1" m="35159" /><E68/><V135/><F135/><W32/><G32/><T86/><D74/><U53/><E53/><N who="3" m="20554" /><G71/><T81/><D104/><U21/><E82/><V36/><F95/><N who="3" m="36363" /><G45/><T30/><D106/><U107/><E107/><V61/><F44/><W87/><G60/><T48/><D46/><U125/><E72/><V133/><F133/><W18/><G29/><N who="1" m="11338" /><E125/><V100/><F61/><W99/><G99/><T110/><D110/><U43/><E129/><V117/><F96/><W80/><G65/><T119/><D119/><U57/><E131/><V47/><F117/><W66/><G66/><T38/><D38/><U105/><E105/><V67/><F67/><W8/><G8/><T26/><D35/><U10/><E57/><N who="2" m="22091" /><F47/><W85/><G80/><T2/><D2/><U128/><E10/><N who="2" m="6199" /><F36/><W111/><G111/><T42/><D42/><U88/><E43/><V64/><F64/><W102/><G102/><T37/><D37/><U63/><E63/><V9/><F9/><W78/><G78/><T124/><D124/><U121/><E128/><V132/><F132/><W70/><G70/><T25/><REACH who="0" step="1"/><D76/><REACH who="0" ten="166,322,244,258" step="2"/><U90/><E121/><V120/><F39/><W89/><G41/><T103/><D103/><RYUUKYOKU ba="0,1" sc="166,15,322,-15,244,15,258,-15" hai0="15,19,23,24,25,26,27,30,48,51,77,81,86" hai2="3,7,11,92,97,100,120" owari="181,-32.0,317,42.0,259,6.0,243,-16.0" /></mjloggm>