<mjloggm ver="2.3"><GO type="225" lobby="0"/><UN n0="%74%74%6F%68%6F%6B%75" n1="%73%65%6E%75%72%6C" n2="%E3%82%A6%E3%83%AB%E3%83%88%E3%83%A9%E7%AB%8B%E7%9B%B4" n3="%E9%A7%84%E5%A6%B9" dan="16,17,17,16" rate="2065.36,2166.65,2097.66,2081.66" sx="M,F,M,F"/><TAIKYOKU oya="0"/><INIT seed="0,0,0,0,1,100" ten="250,250,250,250" oya="0" hai0="116,57,31,102,73,70,119,16,128,69,72,77,45" hai1="47,78,36,40,26,108,121,99,94,95,114,127,21" hai2="64,19,30,83,126,41,88,35,132,129,67,61,20" hai3="23,49,65,1,104,18,131,135,82,79,52,34,63"/><T68/><D128/><U58/><E121/><V103/><F129/><W96/><G1/><T48/><D31/><U120/><E108/><V110/><F110/><W42/><G34/><T9/><D102/><U33/><E120/><V109/><F109/><W8/><G131/><T93/><D57/><U105/><E127/><V74/><F74/><W17/><G135/><T11/><D93/><U89/><E114/><V0/><F0/><W25/><G42/><T90/><D90/><U75/><E33/><V55/><F30/><W10/><G17/><T24/><D24/><U37/><E95/><V59/><F35/><W53/><G96/><T106/><D106/><U123/><E58/><V112/><F112/><W81/><G104/><T62/><D62/><U130/><E105/><V125/><F41/><W111/><G111/><T54/><D72/><U92/><E92/><V28/><F103/><W56/><G53/><T22/><D77/><U3/><E123/><V32/><F28/><W60/><G60/><T118/><REACH who="0" step="1"/><D73/><REACH who="0" ten="240,250,250,250" step="2"/><U50/><E130/><V29/><F29/><W2/><G2/><T107/><D107/><U66/><E3/><V124/><F32/><W46/><G82/><T76/><D76/><U91/><E78/><V133/><F83/><W101/><G101/><T14/><AGARI ba="0,1" hai="9,11,14,16,22,45,48,54,68,69,70,116,118,119" machi="14" ten="40,12000,1" yaku="1,1,0,1,54,1,53,1" doraHai="100" doraHaiUra="12" who="0" fromWho="0" sc="240,130,250,-40,250,-40,250,-40" /><INIT seed="0,1,0,5,5,20" ten="370,210,210,210" oya="0" hai0="3,11,42,46,110,125,14,71,48,51,38,89,81" hai1="73,9,126,104,31,78,53,111,88,13,6,0,100" hai2="98,77,24,131,7,60,91,52,57,116,72,25,32" hai3="26,124,102,74,37,50,15,10,82,94,61,23,84"/><T34/><D71/><U87/><E111/><V45/><F32/><W107/><G37/><T21/><D34/><U65/><E126/><V119/><F131/><W76/><G124/><T118/><D125/><U99/><E65/><V19/><F7/><W96/><G50/><T90/><D118/><N who="2" m="45098" /><F19/><W114/><G114/><T36/><D36/><U135/><E135/><V122/><F122/><W59/><G74/><T115/><D115/><U22/><E53/><V75/><F45/><W12/><G107/><T85/><D110/><U2/><E78/><V106/><F75/><W63/><G10/><T133/><D133/><U66/><E73/><V128/><F128/><W105/><G105/><T86/><D21/><U56/><E22/><V17/><F17/><W39/><G39/><T62/><D62/><U35/><E35/><V54/><F54/><W55/><REACH who="3" step="1"/><G63/><REACH who="3" ten="370,210,210,200" step="2"/><T49/><D38/><U5/><E104/><V134/><F134/><W121/><G121/><T95/><D3/><U93/><E2/><V127/><F127/><W18/><AGARI ba="1,1" hai="12,15,18,23,26,55,59,61,76,82,84,94,96,102" machi="18" ten="20,8000,1" yaku="1,1,0,1,7,1,8,1,52,1,53,0" doraHai="20" doraHaiUra="101" who="3" fromWho="3" sc="370,-41,210,-21,210,-21,200,93" /><INIT seed="1,0,0,3,5,71" ten="329,189,189,293" oya="1" hai0="68,4,53,48,27,18,104,95,15,119,12,108,85" hai1="57,100,90,23,62,29,106,33,135,102,3,49,5" hai2="88,38,109,78,98,124,75,122,35,117,9,116,19" hai3="44,52,77,20,94,128,25,96,50,7,131,31,134"/><U66/><E33/><V123/><F19/><W22/><G134/><T130/><D104/><U32/><E135/><V56/><F9/><W43/><G77/><T113/><D68/><U11/><E32/><V92/><F56/><W112/><G112/><T93/><D113/><U84/><E106/><V82/><F38/><W28/><G7/><T54/><D119/><N who="2" m="45642" /><F35/><W97/><G97/><T89/><D130/><N who="3" m="49705" /><G43/><T13/><D108/><U58/><E29/><N who="3" m="11338" /><G25/><T63/><D63/><U126/><E23/><V39/><F39/><W118/><G118/><T45/><D4/><U17/><E17/><V41/><F41/><W60/><G60/><T67/><D67/><U16/><E16/><V26/><F26/><W61/><G61/><T40/><D95/><U87/><E126/><V86/><F124/><W59/><G59/><T133/><D133/><U115/><E115/><V64/><F64/><W42/><G42/><T36/><D36/><U0/><E0/><V103/><F109/><W72/><G72/><T80/><D80/><AGARI ba="0,0" hai="75,78,80,82,86,88,92,98,103,122,123" m="45642" machi="80" ten="30,3900,0" yaku="34,2,54,1" doraHai="71" who="2" fromWho="0" sc="329,-39,189,0,189,39,293,0" /><INIT seed="2,0,0,2,1,60" ten="290,189,228,293" oya="2" hai0="64,50,134,128,47,15,5,11,10,116,56,21,3" hai1="93,4,81,102,126,7,112,32,41,132,121,97,96" hai2="103,17,107,30,43,53,123,74,35,33,68,58,130" hai3="77,104,0,44,124,16,23,115,108,48,61,38,86"/><V57/><F123/><W39/><G104/><T45/><D128/><U110/><E112/><V76/><F130/><W6/><G115/><T28/><D134/><U127/><E32/><V119/><F119/><W55/><G108/><T36/><D116/><U65/><E110/><V22/><F68/><W66/><G124/><N who="1" m="47658" /><E132/><V82/><F43/><W40/><G6/><N who="1" m="2090" /><E121/><V113/><F30/><W79/><G0/><T98/><D36/><U101/><E41/><V70/><F70/><N who="3" m="42319" /><G86/><T71/><D71/><U94/><E81/><V91/><F58/><N who="3" m="33127" /><G38/><T135/><D135/><U18/><E18/><V83/><F113/><W80/><G80/><T100/><D3/><U27/><E27/><AGARI ba="0,0" hai="16,23,27,39,40,44,77,79" m="33127,42319" machi="27" ten="30,3900,0" yaku="24,1,52,1,54,1" doraHai="60" who="3" fromWho="1" sc="290,0,189,-39,228,0,293,39" /><INIT seed="3,0,0,1,4,13" ten="290,150,228,332" oya="3" hai0="29,66,50,102,116,90,92,27,61,38,113,118,11" hai1="89,72,58,128,19,57,16,94,8,65,79,134,103" hai2="93,2,46,100,119,105,98,52,39,1,80,85,88" hai3="31,123,33,95,41,69,101,30,111,76,75,35,59"/><W126/><G69/><T96/><D38/><U110/><E72/><V0/><F119/><W64/><G123/><T5/><D113/><U127/><E8/><V17/><F39/><W87/><G75/><T121/><D50/><U34/><E34/><V28/><F28/><W109/><G41/><T73/><D73/><U99/><E79/><V6/><F6/><W44/><G44/><T3/><D121/><U40/><E40/><V81/><F17/><N who="1" m="6729" /><E110/><N who="3" m="41994" /><G126/><T18/><D18/><U68/><E127/><V125/><F125/><W124/><G124/><T37/><D37/><U86/><E68/><V48/><AGARI ba="0,0" hai="0,1,2,46,48,52,80,81,85,88,93,98,100,105" machi="48" ten="40,5200,0" yaku="0,1,54,2" doraHai="13" who="2" fromWho="2" sc="290,-13,150,-13,228,52,332,-26" owari="277,-12.0,137,-36.0,280,8.0,306,40.0" /></mjloggm>