<mjloggm ver="2.3"><GO type="97" lobby="0"/><UN n0="%E3%83%9E%E3%82%B5%E3%82%A4" n1="%E5%B0%B1%E6%B4%BB%E7%94%9F%40%E5%B7%9D%E6%9D%91%E8%BB%8D%E5%9B%A3" n2="%E3%82%A4%E3%82%AB%E5%A8%98" n3="%E3%81%8A%E3%81%BE%E3%81%A4%E3%82%8A" dan="15,15,14,15" rate="2006.39,2064.57,1957.20,2043.14" sx="M,M,M,M"/><TAIKYOKU oya="0"/><INIT seed="0,0,0,4,0,97" ten="250,250,250,250" oya="0" hai0="7,8,90,26,15,43,12,114,32,132,102,91,80" hai1="103,50,14,17,67,99,11,106,18,96,34,75,86" hai2="61,105,42,108,6,59,44,65,117,84,73,79,21" hai3="100,46,131,37,78,122,28,62,10,92,22,4,98"/><T41/><D114/><U16/><E75/><V135/><F108/><W69/><G122/><T1/><D132/><U5/><E34/><V126/><F126/><W74/><G131/><T72/><D72/><U54/><E96/><V71/><F84/><W55/><G74/><T116/><D102/><U25/><E86/><V123/><F21/><W95/><G78/><T36/><D36/><U56/><REACH who="1" step="1"/><E67/><REACH who="1" ten="250,240,250,250" step="2"/><V133/><F73/><W51/><G98/><T94/><D32/><U124/><E124/><V128/><F133/><W87/><G87/><T88/><D116/><U83/><E83/><V49/><F117/><W112/><G95/><T115/><D80/><U118/><E118/><V52/><F135/><W109/><G92/><T30/><D94/><U33/><E33/><V119/><F119/><W63/><G112/><T129/><D115/><U0/><E0/><V93/><F93/><W38/><G109/><T127/><D129/><U121/><E121/><V125/><F123/><W110/><G110/><T57/><D127/><U47/><E47/><V68/><F125/><W9/><G100/><T29/><D1/><U35/><E35/><V107/><F128/><W111/><G111/><T82/><D82/><U39/><E39/><N who="2" m="21599" /><F107/><W20/><G46/><T104/><D104/><U40/><E40/><V58/><F105/><W85/><G85/><T31/><D43/><U81/><E81/><V77/><F77/><W113/><G38/><T24/><D41/><U64/><E64/><V23/><F79/><W66/><G37/><T130/><D130/><U60/><E60/><V70/><F61/><RYUUKYOKU ba="0,1" sc="250,-10,240,30,250,-10,250,-10" hai1="5,11,14,16,17,18,25,50,54,56,99,103,106" /><INIT seed="1,1,1,3,4,70" ten="240,270,240,240" oya="1" hai0="31,124,27,106,69,83,26,59,21,16,121,54,56" hai1="0,52,126,131,20,64,118,129,2,132,11,101,128" hai2="72,32,94,46,6,76,93,35,109,3,134,65,19" hai3="104,43,63,34,1,75,98,37,48,28,85,5,133"/><U24/><E118/><V113/><F109/><W15/><G85/><T120/><D69/><U92/><E64/><V8/><F134/><W47/><G133/><T123/><D106/><U39/><E132/><V87/><F65/><W12/><G48/><N who="0" m="30791" /><D83/><U49/><E126/><V58/><F58/><W22/><G63/><T122/><D59/><N who="1" m="33167" /><E11/><V45/><F19/><W30/><G98/><T53/><D53/><U80/><E80/><N who="2" m="45063" /><F46/><W77/><G104/><T9/><D124/><U38/><E2/><V110/><F110/><W96/><G96/><T25/><N who="0" m="31232" /><DORA hai="114" /><T90/><D90/><U4/><E4/><V111/><F111/><W51/><G51/><T57/><D57/><U135/><E135/><V66/><F66/><W116/><G116/><T33/><D9/><U100/><E0/><V125/><F125/><W112/><G112/><T17/><D17/><N who="1" m="12303" /><E92/><V14/><F3/><W10/><G1/><T18/><D18/><U86/><E86/><V62/><F87/><W36/><G36/><AGARI ba="1,1" hai="36,38,39,100,101,128,129,131" m="12303,33167" machi="36" ten="40,12000,1" yaku="19,1,52,3,54,1" doraHai="70,114" who="1" fromWho="3" sc="240,0,270,133,240,0,240,-123" /><INIT seed="1,2,0,2,2,129" ten="240,403,240,117" oya="1" hai0="98,1,56,17,30,38,74,60,70,63,93,67,52" hai1="112,111,90,88,66,15,22,11,43,14,54,96,31" hai2="89,58,78,115,34,81,4,86,62,13,104,77,73" hai3="79,9,44,61,106,85,114,40,94,25,46,102,65"/><U128/><E112/><V8/><F104/><W133/><G114/><T12/><D1/><U5/><E128/><V95/><F34/><W23/><G106/><T113/><D113/><U0/><E111/><V18/><F115/><W119/><G119/><T91/><D74/><U19/><E66/><V107/><F107/><W53/><G9/><T116/><D38/><U127/><E127/><V64/><F73/><W69/><G53/><T131/><D30/><U87/><E43/><V50/><F81/><W51/><G46/><T68/><D116/><U72/><E72/><V122/><F122/><W76/><G133/><T125/><D125/><U120/><E120/><V32/><F32/><W36/><G36/><T82/><D82/><U124/><E124/><V99/><F99/><W109/><G109/><T55/><D131/><U49/><E31/><V100/><F100/><W92/><G92/><T117/><D117/><U35/><E35/><V135/><F135/><W126/><G126/><T33/><D33/><U45/><E96/><V41/><F4/><W132/><G132/><T48/><D48/><U6/><E6/><V83/><F83/><W10/><G10/><T80/><D80/><U42/><E90/><V2/><F2/><W16/><REACH who="3" step="1"/><G102/><REACH who="3" ten="240,403,240,107" step="2"/><T105/><D105/><U26/><E54/><V71/><F71/><W20/><G20/><N who="0" m="11303" /><D55/><U57/><E57/><N who="2" m="36943" /><F41/><W24/><G24/><T121/><D121/><U123/><E123/><V101/><F101/><W47/><G47/><T130/><D130/><U29/><E11/><V21/><F8/><W108/><G108/><T84/><D70/><RYUUKYOKU ba="2,1" sc="240,10,403,-30,240,10,107,10" hai0="52,56,60,63,67,68,84,91,93,98" hai2="13,18,21,50,58,77,78,86,89,95" hai3="16,23,25,40,44,51,61,65,69,76,79,85,94" /><INIT seed="2,3,1,3,3,81" ten="250,373,250,117" oya="2" hai0="48,102,20,33,132,112,67,26,107,125,28,41,127" hai1="60,90,30,86,98,89,1,47,119,82,91,78,49" hai2="118,70,94,83,6,21,100,3,57,116,66,101,52" hai3="12,76,117,111,31,135,55,74,68,10,16,43,42"/><V24/><F70/><W133/><G68/><T63/><D112/><U115/><E119/><V130/><F130/><W113/><G117/><T103/><D132/><N who="3" m="50761" /><G31/><T9/><D9/><U13/><E115/><V54/><F3/><W95/><G113/><T79/><D79/><U80/><E1/><V106/><F106/><W25/><G111/><T38/><D20/><U129/><E129/><V45/><F6/><W11/><G25/><T123/><D123/><U85/><E30/><N who="2" m="17679" /><F118/><W96/><G55/><T19/><D19/><U56/><E56/><V71/><F71/><W27/><G27/><T8/><D8/><U72/><E72/><V108/><F108/><W40/><G11/><T18/><D18/><U87/><E60/><N who="2" m="38159" /><F83/><N who="3" m="45463" /><G43/><T65/><D38/><U34/><E34/><V124/><F124/><N who="0" m="47690" /><D107/><U104/><E104/><V36/><F36/><W2/><G2/><T73/><D41/><N who="1" m="24815" /><E13/><V0/><F0/><W15/><G15/><T7/><D7/><U44/><E44/><V37/><F116/><W93/><G93/><T53/><D63/><U121/><E121/><V4/><F4/><W77/><G77/><T35/><D35/><U17/><E17/><V69/><F69/><W62/><G62/><T126/><D126/><U122/><E122/><V29/><F29/><W97/><G95/><T110/><D110/><U64/><E64/><V23/><F23/><W51/><G51/><T59/><D67/><U50/><E50/><N who="2" m="28751" /><F37/><W128/><G128/><T92/><D65/><U99/><E82/><V120/><F120/><W58/><G58/><T32/><D32/><U88/><E78/><RYUUKYOKU ba="3,1" sc="250,-15,373,15,250,-15,117,15" hai1="80,85,86,87,88,89,90,91,98,99" hai3="10,12,16,40,42,96,97" /><INIT seed="3,4,1,1,2,62" ten="235,388,235,132" oya="3" hai0="61,78,127,28,93,104,25,18,82,89,117,21,20" hai1="106,67,15,19,14,72,43,123,10,31,22,4,116" hai2="135,71,128,12,75,70,115,26,54,27,102,74,87" hai3="32,68,2,6,45,103,48,112,1,0,17,107,37"/><W118/><G118/><T8/><D104/><U36/><E106/><V76/><F115/><W59/><G112/><T52/><D8/><U38/><E72/><V24/><F128/><W35/><G59/><N who="0" m="35047" /><D117/><U134/><E123/><V109/><F109/><W57/><G57/><T131/><D131/><U130/><E116/><V11/><F135/><W121/><G121/><T132/><D132/><U58/><E134/><V88/><F102/><W53/><G68/><T42/><D42/><U55/><E130/><V13/><F74/><W101/><G37/><T50/><D50/><U95/><E67/><V51/><F75/><W83/><G6/><T40/><D40/><U41/><E31/><V96/><F71/><W110/><G110/><T111/><D127/><U113/><E113/><V39/><F39/><W79/><G17/><N who="0" m="12431" /><D111/><U81/><E81/><N who="2" m="47527" /><F70/><W126/><G126/><T77/><D82/><U92/><E36/><V63/><F63/><W80/><G80/><T125/><D28/><U124/><E124/><V29/><F11/><W98/><REACH who="3" step="1"/><G103/><REACH who="3" ten="235,388,235,122" step="2"/><T23/><D125/><U100/><E38/><V44/><F29/><W69/><G69/><T122/><D122/><U34/><E100/><V73/><F73/><AGARI ba="4,2" hai="0,1,2,32,35,45,48,53,73,79,83,98,101,107" machi="73" ten="40,2000,0" yaku="1,1,53,0" doraHai="62" doraHaiUra="90" who="3" fromWho="2" sc="235,0,388,0,235,-32,122,52" /><INIT seed="3,5,0,3,0,52" ten="235,388,203,174" oya="3" hai0="1,13,107,98,112,75,11,119,80,115,30,117,116" hai1="74,39,83,104,44,37,5,31,61,92,100,42,62" hai2="93,18,78,129,109,118,85,2,95,55,27,48,26" hai3="57,23,89,32,94,65,133,79,88,24,73,0,127"/><W126/><G0/><T12/><D30/><U3/><E39/><V10/><F118/><W125/><G32/><T51/><D51/><U8/><E31/><V21/><F109/><W76/><G133/><T47/><D47/><U123/><E123/><V106/><F106/><W54/><G65/><T20/><D20/><U43/><E43/><V122/><F129/><W91/><G94/><T56/><D56/><U103/><E104/><V64/><F64/><W86/><G86/><T128/><D128/><U131/><E131/><V132/><F132/><W36/><G73/><T90/><D1/><U6/><E6/><V33/><F33/><W77/><G36/><T22/><D22/><U67/><E67/><V34/><F34/><W135/><G135/><T4/><D13/><U68/><E68/><V84/><F122/><W114/><G114/><N who="0" m="43563" /><D116/><U16/><E16/><V124/><F124/><W81/><G81/><T15/><D12/><U14/><E14/><N who="2" m="7511" /><F78/><W38/><G38/><T45/><D45/><U69/><E69/><V35/><F2/><W120/><G120/><T101/><D75/><U41/><E41/><V7/><F35/><W134/><G134/><T40/><D40/><U72/><E72/><V96/><F7/><W102/><G102/><N who="1" m="38954" /><E92/><V63/><F93/><W71/><G71/><T113/><D113/><U53/><E53/><V130/><F55/><W87/><G87/><AGARI ba="5,0" hai="4,11,15,80,87,90,98,101,107,117,119" m="43563" machi="87" ten="30,1000,0" yaku="11,1" doraHai="52" who="0" fromWho="3" sc="235,25,388,0,203,0,174,-25" owari="260,6.0,388,49.0,203,-20.0,149,-35.0" /></mjloggm>