<mjloggm ver="2.3"><GO type="169" lobby="0"/><UN n0="%72%61%64%65%72" n1="%E3%82%A6%E3%83%AB%E3%83%88%E3%83%A9%E7%AB%8B%E7%9B%B4" n2="%53%69%6D%6F%6F%6E" n3="%E3%81%8A%E3%81%98%E3%81%95%E3%82%93" dan="16,17,17,18" rate="2104.67,2162.36,2154.40,2182.29" sx="M,M,M,M"/><TAIKYOKU oya="0"/><INIT seed="0,0,0,4,0,127" ten="250,250,250,250" oya="0" hai0="30,134,31,18,98,68,25,128,114,47,2,72,84" hai1="86,49,82,110,80,74,118,40,24,26,67,70,20" hai2="21,42,45,71,106,109,97,133,50,33,101,41,89" hai3="96,73,56,29,27,48,63,124,46,17,1,11,7"/><T53/><D114/><U107/><E118/><V121/><F121/><W91/><G124/><T43/><D72/><U0/><E0/><V57/><F71/><W12/><G73/><T16/><D53/><U117/><E107/><V120/><F33/><W36/><G36/><T85/><D98/><U94/><E26/><V44/><F133/><W83/><G96/><T38/><D2/><U59/><E70/><V79/><F79/><W132/><G132/><T111/><D30/><U100/><E74/><V99/><F57/><W22/><G91/><T88/><D84/><U130/><E40/><V105/><F120/><W102/><G102/><T14/><D68/><U13/><E13/><V35/><F35/><W103/><G103/><T135/><D14/><U15/><E15/><V5/><F5/><W78/><G78/><T125/><D125/><U62/><E49/><V108/><F21/><W61/><G83/><N who="1" m="31786" /><E86/><V60/><F60/><W113/><G113/><T92/><D135/><U9/><E9/><V37/><F106/><W69/><G69/><T51/><D38/><U32/><E32/><V112/><F112/><W126/><G56/><T87/><D87/><U131/><E117/><V115/><F115/><W8/><REACH who="3" step="1"/><G126/><REACH who="3" ten="250,250,250,240" step="2"/><T54/><D134/><U66/><E100/><V76/><F76/><W23/><G23/><T55/><D88/><U3/><E94/><V39/><F39/><W129/><G129/><T52/><D128/><U28/><E131/><V58/><F58/><W34/><G34/><T6/><D92/><U116/><E130/><V90/><F90/><W19/><G19/><RYUUKYOKU ba="0,1" sc="250,-15,250,-15,250,15,240,15" hai2="37,41,42,44,45,50,89,97,99,101,105,108,109" hai3="1,7,8,11,12,17,22,27,29,46,48,61,63" /><INIT seed="1,1,1,3,5,15" ten="235,235,265,255" oya="1" hai0="97,19,66,52,115,32,58,74,82,121,57,8,14" hai1="131,77,53,54,104,90,126,70,98,72,132,113,122" hai2="108,11,94,62,124,96,71,51,33,87,47,55,42" hai3="29,5,79,43,24,16,107,21,69,83,27,93,123"/><U59/><E122/><V68/><F33/><W76/><G123/><T134/><D115/><U109/><E113/><V67/><F108/><W10/><G107/><T75/><D134/><U46/><E70/><V105/><F124/><W81/><G69/><T112/><D112/><U92/><E126/><V117/><F71/><W125/><G125/><T118/><D32/><U127/><E127/><V78/><F105/><W28/><G43/><T23/><D118/><U41/><E132/><V13/><F117/><W129/><G129/><T36/><D36/><U38/><E131/><V34/><F34/><W116/><G116/><T50/><D97/><U85/><E59/><V49/><F87/><W22/><G29/><T26/><D121/><U102/><REACH who="1" step="1"/><E109/><REACH who="1" ten="235,225,265,255" step="2"/><V63/><F68/><W40/><G40/><T45/><D58/><U119/><E119/><V2/><F42/><W128/><G128/><T44/><D44/><U31/><E31/><V100/><F47/><W106/><G106/><T0/><D0/><U3/><E3/><V114/><F2/><W39/><G28/><T20/><D45/><U4/><E4/><V120/><F120/><W130/><G5/><T101/><D57/><U80/><AGARI ba="1,2" hai="38,41,46,53,54,72,77,80,85,90,92,98,102,104" machi="80" ten="30,12000,1" yaku="1,1,0,1,24,2,53,1" doraHai="15" doraHaiUra="84" who="1" fromWho="1" sc="235,-41,225,143,265,-41,255,-41" /><INIT seed="1,2,0,5,5,12" ten="194,368,224,214" oya="1" hai0="112,13,60,87,117,90,64,2,134,67,108,21,35" hai1="94,17,19,91,47,0,86,84,109,25,1,105,15" hai2="97,10,24,40,65,118,48,63,7,95,89,96,28" hai3="103,122,39,85,75,43,50,49,113,77,6,55,110"/><U119/><E105/><V9/><F118/><W120/><G113/><T29/><D2/><U30/><E119/><V32/><F97/><W107/><G110/><T18/><D112/><U11/><E109/><V115/><F115/><W133/><G133/><T73/><D73/><U68/><E68/><V51/><F40/><W114/><G85/><T131/><D131/><U82/><E47/><V57/><REACH who="2" step="1"/><F10/><REACH who="2" ten="194,368,214,214" step="2"/><W8/><G8/><T99/><D117/><U26/><E1/><AGARI ba="2,1" hai="1,7,9,24,28,32,48,51,57,63,65,89,95,96" machi="1" ten="30,3900,0" yaku="1,1,2,1,7,1,53,0" doraHai="12" doraHaiUra="66" who="2" fromWho="1" sc="194,0,368,-45,214,55,214,0" /><INIT seed="2,0,0,0,3,27" ten="194,323,269,214" oya="2" hai0="72,44,116,65,15,92,53,112,48,68,66,96,105" hai1="1,4,23,86,119,57,18,135,125,115,5,123,90" hai2="74,107,22,63,93,37,28,84,42,2,71,7,127" hai3="134,30,87,80,0,49,46,50,133,38,110,85,36"/><V98/><F127/><W83/><G0/><T122/><D72/><U75/><E75/><V108/><F74/><W64/><G46/><T24/><D112/><U131/><E1/><V99/><F107/><W3/><G3/><T100/><D68/><U51/><E115/><V40/><F84/><W47/><G47/><T103/><D105/><U59/><E119/><V31/><F22/><W76/><G64/><T26/><D122/><U78/><E78/><V16/><F37/><W52/><G110/><T67/><D103/><U13/><E131/><V124/><F124/><W121/><G76/><T69/><D69/><U11/><E135/><V77/><F77/><W79/><G79/><T95/><D95/><N who="1" m="54743" /><E125/><V73/><F73/><W34/><G34/><T111/><D116/><U126/><E123/><V102/><F71/><W94/><G121/><T43/><D111/><U55/><E126/><V101/><F2/><W62/><G94/><T21/><REACH who="0" step="1"/><D43/><REACH who="0" ten="184,323,269,214" step="2"/><U88/><E11/><V12/><F42/><W8/><G8/><T39/><D39/><U54/><E5/><V20/><F7/><W130/><G134/><T33/><D33/><U89/><E4/><V97/><F40/><W25/><G133/><T9/><D9/><U81/><E81/><V129/><F108/><W58/><G38/><T113/><D113/><U70/><E70/><V6/><F6/><W45/><G36/><T132/><D132/><U120/><E120/><V61/><F129/><W82/><G130/><T117/><D117/><U35/><E35/><V91/><F101/><W109/><G109/><T104/><D104/><RYUUKYOKU ba="0,1" sc="184,15,323,15,269,-15,214,-15" hai0="15,21,24,26,44,48,53,65,66,67,92,96,100" hai1="13,18,23,51,54,55,57,59,88,89" /><INIT seed="3,1,1,5,5,109" ten="199,338,254,199" oya="3" hai0="75,40,56,43,61,35,79,20,6,96,91,113,123" hai1="23,57,4,135,103,105,3,89,110,21,118,2,87" hai2="86,121,14,93,65,9,32,51,131,0,134,94,60" hai3="33,13,28,48,17,8,97,85,92,29,115,104,133"/><W84/><G133/><T68/><D35/><U116/><E110/><V25/><F134/><W5/><G104/><T99/><D20/><U98/><E57/><N who="2" m="37007" /><F0/><N who="1" m="41" /><E4/><N who="2" m="3367" /><F131/><W125/><G125/><T47/><D6/><U111/><E111/><V44/><F32/><W45/><G115/><T15/><D123/><U128/><E128/><V132/><F132/><W106/><G106/><T1/><D1/><U122/><E122/><V80/><F25/><W120/><G120/><T107/><D15/><U11/><E11/><V100/><F100/><N who="3" m="60455" /><G5/><T88/><D68/><U16/><E16/><V55/><F121/><W64/><G64/><T38/><D43/><U82/><E135/><V114/><F114/><W39/><G39/><T69/><D69/><U130/><E130/><V12/><F12/><W83/><G33/><T26/><D113/><U66/><E66/><V22/><F22/><W95/><G95/><T18/><D107/><U90/><E90/><AGARI ba="1,1" hai="44,51,55,80,86,90,93,94" m="3367,37007" machi="90" ten="30,1000,0" yaku="8,1" doraHai="109" who="2" fromWho="1" sc="199,0,338,-13,254,23,199,0" /><INIT seed="4,0,0,2,0,134" ten="199,325,277,199" oya="0" hai0="76,10,115,25,110,105,1,37,21,66,68,4,130" hai1="0,120,34,131,103,19,118,121,104,22,49,87,107" hai2="36,12,29,62,122,71,65,50,41,92,13,127,26" hai3="75,113,3,133,58,100,125,20,106,63,80,55,123"/><T48/><D48/><U81/><E34/><V61/><F122/><W102/><G113/><T99/><D130/><U9/><E118/><V54/><F62/><W24/><G123/><T40/><D115/><U85/><E85/><V109/><F109/><W35/><G35/><T83/><D110/><U7/><E131/><V11/><F92/><W39/><G39/><T46/><D66/><U94/><E104/><V42/><F127/><W43/><G133/><T86/><D68/><U95/><E107/><V112/><F112/><W51/><G125/><T44/><D44/><U128/><E95/><V70/><F70/><W32/><G32/><T69/><D69/><U30/><E30/><V14/><F11/><W28/><G106/><T16/><D105/><U57/><E103/><V67/><F67/><W15/><G3/><T33/><D99/><U132/><E94/><V88/><F88/><W124/><G124/><T2/><D33/><U18/><E18/><V27/><F29/><W117/><G117/><T129/><D129/><U126/><E126/><V56/><F42/><W89/><G15/><AGARI ba="0,0" hai="1,2,4,10,15,16,21,25,37,40,46,76,83,86" machi="15" ten="30,2900,0" yaku="7,1,54,1" doraHai="134" who="0" fromWho="3" sc="199,29,325,0,277,0,199,-29" /><INIT seed="4,1,0,5,2,12" ten="228,325,277,170" oya="0" hai0="39,80,109,41,122,72,112,38,89,76,16,29,119" hai1="44,58,34,81,125,19,102,99,4,56,60,87,22" hai2="1,14,130,118,7,108,15,8,65,90,32,113,123" hai3="74,23,26,13,2,45,120,101,115,51,30,95,84"/><T77/><D119/><U49/><E34/><V63/><F123/><W11/><G115/><T135/><D122/><U82/><E4/><V131/><F108/><W27/><G120/><T98/><D135/><U75/><E75/><V70/><F32/><W47/><G74/><T17/><D77/><U68/><E68/><V124/><F113/><W69/><G69/><T79/><D79/><U25/><E125/><V106/><F106/><W117/><G117/><T6/><D112/><U52/><E87/><V71/><F71/><W61/><G61/><T132/><D29/><U35/><E35/><V83/><F124/><W42/><G2/><T127/><D132/><U73/><E58/><V126/><F126/><W91/><G101/><T50/><D127/><U55/><REACH who="1" step="1"/><E73/><REACH who="1" ten="228,315,277,170" step="2"/><V133/><F133/><W107/><G107/><AGARI ba="1,1" hai="19,22,25,44,49,52,55,56,60,81,82,99,102,107" machi="107" ten="30,8000,1" yaku="1,1,2,1,7,1,52,1,54,1,53,0" doraHai="12" doraHaiUra="33" who="1" fromWho="3" sc="228,0,315,93,277,0,170,-83" /><INIT seed="5,0,0,4,5,114" ten="228,408,277,87" oya="1" hai0="28,44,79,14,86,109,81,45,19,52,26,55,111" hai1="34,123,98,39,46,87,4,106,7,5,63,68,43" hai2="1,82,13,124,122,75,113,2,16,83,72,91,54" hai3="89,118,115,9,29,112,24,116,132,23,48,117,57"/><U128/><E123/><V77/><F122/><W30/><G132/><T56/><D55/><U74/><E74/><V107/><F107/><W126/><G126/><T131/><D131/><U70/><E34/><V53/><F124/><W22/><G89/><T62/><D111/><U96/><E128/><V119/><F119/><W58/><G9/><T60/><D60/><U105/><E87/><V129/><F129/><W50/><G118/><T94/><D109/><U37/><E63/><V80/><F113/><W31/><G31/><T99/><D28/><U41/><E7/><V38/><F38/><W85/><G85/><T66/><D66/><U101/><E46/><V6/><F91/><W25/><AGARI ba="0,0" hai="22,23,24,25,29,30,48,50,57,58,112,115,116,117" machi="25" ten="25,8000,1" yaku="0,1,22,2,52,2" doraHai="114" who="3" fromWho="3" sc="228,-20,408,-40,277,-20,87,80" /><INIT seed="6,0,0,2,2,30" ten="208,368,257,167" oya="2" hai0="119,46,125,21,16,78,26,128,32,31,54,83,55" hai1="115,52,23,62,37,70,79,97,44,123,118,101,103" hai2="76,99,127,7,81,53,69,120,96,38,60,85,66" hai3="88,18,75,13,130,131,132,29,36,56,40,116,86"/><V49/><F120/><W39/><G116/><T82/><D125/><U12/><E103/><V45/><F127/><W17/><G75/><T92/><D128/><U64/><E79/><V106/><F106/><W110/><G110/><T63/><D119/><U9/><E23/><V126/><F126/><W48/><G132/><T135/><D135/><U25/><E25/><V124/><F124/><W77/><G77/><T28/><D92/><U0/><E0/><V27/><F7/><W91/><G29/><T95/><D54/><U113/><E118/><V100/><F100/><W90/><G86/><T117/><D117/><U24/><E24/><V105/><F105/><W22/><G18/><T6/><D6/><U121/><E97/><V112/><F112/><W65/><G65/><T2/><D2/><U93/><E93/><V122/><F122/><N who="1" m="46601" /><E101/><V5/><F5/><W51/><G56/><T58/><D46/><U42/><E52/><V111/><F111/><W3/><G3/><T104/><D104/><U68/><E68/><V50/><F38/><W87/><G87/><T84/><D82/><U61/><E62/><V47/><REACH who="2" step="1"/><F27/><REACH who="2" ten="208,368,247,167" step="2"/><W35/><G39/><T94/><D28/><U15/><E15/><AGARI ba="0,1" hai="15,16,21,26,31,32,55,58,63,78,83,84,94,95" machi="15" ten="30,3900,0" yaku="7,1,52,1,54,1" doraHai="30" who="0" fromWho="1" sc="208,49,368,-39,247,0,167,0" /><INIT seed="7,0,0,4,1,133" ten="257,329,247,167" oya="3" hai0="109,56,92,20,6,104,91,98,131,120,36,114,77" hai1="17,38,32,46,3,105,62,48,79,15,111,14,10" hai2="75,132,47,69,101,27,26,37,81,89,12,119,130" hai3="5,123,53,97,59,95,116,13,122,16,99,45,60"/><W121/><G116/><T86/><D120/><U31/><E105/><V24/><F69/><W41/><G5/><T25/><D36/><U57/><E3/><V71/><F71/><W118/><G118/><T113/><D56/><U73/><E31/><V55/><F132/><W22/><REACH who="3" step="1"/><G95/><REACH who="3" ten="257,329,247,157" step="2"/><T112/><D6/><U78/><E111/><V33/><F119/><W11/><G11/><T28/><D109/><U129/><E10/><V96/><F33/><W42/><G42/><T107/><D131/><U93/><E93/><V124/><F130/><W63/><G63/><T39/><D92/><U103/><E62/><V117/><F117/><W35/><G35/><T9/><D113/><U70/><E32/><V100/><F100/><W126/><G126/><T50/><D114/><U49/><E103/><V40/><F124/><W66/><G66/><T127/><D127/><U108/><E108/><V80/><F101/><W52/><G52/><T83/><D112/><U34/><E34/><V74/><F55/><W54/><G54/><T4/><D4/><U72/><E129/><V87/><F81/><W51/><AGARI ba="0,1" hai="13,16,22,41,45,51,53,59,60,97,99,121,122,123" machi="51" ten="30,6000,0" yaku="1,1,0,1,54,1,53,0" doraHai="133" doraHaiUra="65" who="3" fromWho="3" sc="257,-20,329,-20,247,-20,157,70" /><INIT seed="7,1,0,1,2,105" ten="237,309,227,227" oya="3" hai0="93,11,69,3,45,91,129,76,101,70,111,123,55" hai1="34,99,96,107,59,95,67,119,8,48,108,13,87" hai2="9,10,38,24,97,73,88,19,27,115,117,127,74" hai3="18,134,103,22,130,1,20,72,82,2,37,63,124"/><W83/><G37/><T47/><D91/><N who="1" m="53759" /><E34/><V114/><F117/><W102/><G124/><T35/><D47/><U118/><E107/><V58/><F38/><W30/><G130/><T85/><D55/><N who="1" m="32231" /><E67/><V25/><F58/><W40/><G134/><T53/><D123/><U65/><E65/><V116/><F116/><N who="1" m="44585" /><E108/><V46/><F46/><W33/><G33/><T122/><D45/><U28/><E28/><V106/><F127/><W64/><G40/><T81/><D35/><U5/><AGARI ba="1,0" hai="5,8,13,96,99" m="44585,32231,53759" machi="5" ten="30,1100,0" yaku="12,1" doraHai="105" who="1" fromWho="1" sc="237,-4,309,14,227,-4,227,-6" owari="233,3.0,323,43.0,223,-18.0,221,-28.0" /></mjloggm>