<mjloggm ver="2.3"><GO type="169" lobby="0"/><UN n0="%E3%83%94%E3%82%AB%E5%90%BE%E9%83%8E" n1="%E3%82%A6%E3%83%AB%E3%83%88%E3%83%A9%E7%AB%8B%E7%9B%B4" n2="%E3%81%90%E3%81%9C%E3%82%93%40%4C%69%42" n3="%E9%AB%98%E6%9D%89%E6%99%8B%E4%BD%9C" dan="17,17,16,16" rate="2110.64,2141.38,2066.37,2077.27" sx="M,M,M,F"/><TAIKYOKU oya="0"/><INIT seed="0,0,0,4,3,75" ten="250,250,250,250" oya="0" hai0="19,107,49,47,90,38,17,54,58,18,125,132,135" hai1="82,133,118,44,31,21,123,108,114,14,134,20,124" hai2="69,28,61,129,46,115,103,122,59,120,30,79,84" hai3="48,37,92,1,27,109,116,85,76,57,70,23,0"/><T87/><D107/><U128/><E44/><V131/><F69/><W110/><G37/><T35/><D35/><U113/><E82/><N who="2" m="47199" /><F115/><N who="1" m="44041" /><E123/><N who="2" m="47147" /><F103/><W101/><G116/><T56/><D125/><U71/><E71/><V100/><F100/><W91/><G70/><T78/><D78/><U98/><E98/><V42/><F46/><W13/><G13/><T52/><D38/><U81/><E81/><V3/><F3/><W127/><G127/><T6/><D6/><U105/><E105/><V99/><F99/><W94/><G76/><T25/><D25/><N who="1" m="16807" /><E124/><V26/><F26/><W34/><G34/><T45/><D45/><U72/><E72/><V33/><F33/><W5/><G5/><T96/><D96/><U66/><E66/><N who="2" m="39231" /><F42/><W29/><G101/><T24/><D24/><U40/><E40/><V39/><F39/><W32/><G32/><T89/><D89/><U97/><E97/><V9/><F9/><W53/><REACH who="3" step="1"/><G94/><REACH who="3" ten="250,250,250,240" step="2"/><T64/><D64/><U4/><E118/><V93/><F93/><W106/><G106/><T111/><D47/><U104/><E104/><V36/><F36/><W65/><G65/><T130/><D58/><U83/><E83/><V7/><F7/><W50/><G50/><T102/><D49/><U86/><E4/><V77/><F77/><W119/><G119/><T73/><D56/><U126/><E126/><V112/><F112/><W12/><G12/><T11/><D102/><U63/><E14/><V8/><F8/><W15/><G15/><T62/><D11/><U60/><E21/><V2/><F2/><AGARI ba="0,1" hai="0,1,2,23,27,29,48,53,57,85,91,92,109,110" machi="2" ten="40,1300,0" yaku="1,1,53,0" doraHai="75" doraHaiUra="43" who="3" fromWho="2" sc="250,0,250,0,250,-13,240,23" /><INIT seed="1,0,0,2,0,80" ten="250,250,237,263" oya="1" hai0="85,45,83,71,98,52,47,70,23,39,19,38,68" hai1="49,69,64,94,30,95,76,96,82,29,74,58,121" hai2="10,101,56,115,124,14,127,125,133,33,34,78,25" hai3="24,63,90,54,13,65,43,35,11,20,26,126,135"/><U0/><E121/><V67/><F78/><W4/><G135/><T81/><D81/><U18/><E0/><V16/><F101/><W6/><G126/><N who="2" m="32257" /><V116/><DORA hai="59" /><F116/><W119/><G119/><T84/><D98/><U72/><E72/><V8/><F133/><W111/><G111/><T50/><D47/><U99/><E18/><V104/><F104/><W130/><G130/><T2/><D2/><U93/><E69/><V41/><F41/><W44/><G54/><T129/><D129/><U66/><E66/><V110/><F110/><W117/><G117/><T87/><REACH who="0" step="1"/><D83/><REACH who="0" ten="240,250,237,263" step="2"/><U91/><E94/><V113/><F10/><W132/><G132/><T128/><D128/><U21/><E21/><V36/><F36/><W103/><G20/><T57/><D57/><U86/><E74/><V109/><F109/><W15/><G11/><T22/><D22/><U3/><E3/><V53/><F67/><W7/><G65/><T123/><D123/><U131/><E131/><V62/><F25/><AGARI ba="0,1" hai="19,23,25,38,39,45,50,52,68,70,71,84,85,87" machi="25" ten="50,8000,1" yaku="1,1,52,3,54,1,53,0" doraHai="80,59" doraHaiUra="37,134" who="0" fromWho="2" sc="240,90,250,0,237,-80,263,0" /><INIT seed="2,0,0,1,4,106" ten="330,250,157,263" oya="2" hai0="129,121,67,131,81,13,122,91,99,94,48,16,105" hai1="14,38,130,127,92,47,93,68,124,34,88,80,51" hai2="61,46,50,73,56,32,8,100,89,65,45,19,64" hai3="85,4,6,101,39,118,15,17,126,86,62,60,41"/><V120/><F120/><W53/><G118/><T71/><D105/><U28/><E68/><V9/><F32/><W83/><G126/><N who="1" m="48170" /><E38/><V54/><F100/><W30/><G30/><T58/><D71/><U110/><E130/><N who="0" m="49673" /><D81/><U20/><E110/><V49/><F64/><W87/><G101/><T27/><D27/><N who="1" m="16487" /><E14/><V107/><F107/><W95/><G39/><T63/><D48/><U76/><E88/><V24/><F89/><W115/><G41/><T69/><D69/><U26/><E26/><V108/><F108/><W55/><G95/><T10/><AGARI ba="0,0" hai="10,13,16,58,63,67,91,94,99,121,122" m="49673" machi="10" ten="30,2000,0" yaku="19,1,54,1" doraHai="106" who="0" fromWho="0" sc="330,20,250,-5,157,-10,263,-5" /><INIT seed="3,0,0,0,4,26" ten="350,245,147,258" oya="3" hai0="11,82,114,46,119,125,63,87,79,30,49,60,115" hai1="80,83,31,116,56,100,57,123,37,81,24,88,118" hai2="95,3,69,52,86,124,5,59,50,98,110,21,131" hai3="68,65,40,45,96,92,135,7,99,73,76,18,58"/><W9/><G135/><T74/><D119/><N who="1" m="45611" /><E37/><V20/><F69/><W130/><G130/><T35/><D125/><U6/><E100/><V48/><F124/><W89/><G68/><T42/><D11/><U106/><E106/><V66/><F131/><W36/><G18/><T29/><D35/><N who="1" m="20967" /><E123/><V91/><F110/><W10/><G99/><T8/><D8/><U34/><E34/><V127/><F127/><W28/><G28/><N who="0" m="10859" /><D74/><U85/><E6/><V90/><F66/><W133/><G133/><T103/><D103/><U39/><E39/><V51/><F5/><W4/><G65/><T134/><D134/><U33/><E33/><V78/><F78/><W104/><G104/><T17/><D17/><U71/><E71/><V109/><F109/><W132/><G132/><T38/><D38/><U129/><E129/><V112/><F112/><AGARI ba="0,0" hai="42,46,49,60,63,79,82,87,112,114,115" m="10859" machi="112" ten="30,7700,0" yaku="11,1,52,3" doraHai="26" who="0" fromWho="2" sc="350,77,245,0,147,-77,258,0" /><INIT seed="4,0,0,1,1,116" ten="427,245,70,258" oya="0" hai0="100,70,99,128,79,133,134,111,114,124,85,37,20" hai1="51,61,113,71,4,60,13,77,127,42,62,115,132" hai2="5,130,14,57,82,31,135,56,97,105,28,0,27" hai3="88,107,12,30,106,8,55,74,93,75,104,36,84"/><T19/><D70/><U35/><E35/><V54/><F0/><W112/><G112/><N who="1" m="43082" /><E77/><V47/><F135/><N who="0" m="51722" /><D37/><U34/><E34/><V45/><F130/><W2/><G2/><T32/><D32/><U7/><E132/><V96/><F82/><W117/><G117/><T76/><D114/><U48/><E127/><V18/><F5/><N who="1" m="2121" /><E71/><V121/><F105/><W119/><G119/><T9/><D124/><U78/><E78/><V15/><F27/><W110/><G110/><T39/><D111/><U21/><E42/><V3/><F3/><W64/><G36/><T6/><D39/><U87/><E87/><V46/><F46/><W92/><G64/><T108/><D85/><U103/><E103/><V58/><F58/><W23/><G55/><T80/><D108/><U94/><E94/><V66/><F54/><W120/><G92/><N who="0" m="58471" /><D80/><U68/><E68/><V29/><F31/><W22/><G30/><T63/><D128/><U24/><E13/><V98/><F98/><W44/><G75/><T86/><D86/><U1/><E1/><V102/><F102/><W33/><G74/><T95/><D95/><U83/><E83/><V38/><F38/><W131/><G33/><T59/><D79/><U122/><E122/><V65/><F18/><AGARI ba="0,0" hai="18,21,24,48,51,60,61,62" m="2121,43082" machi="18" ten="30,2000,0" yaku="15,1,11,1" doraHai="116" who="1" fromWho="2" sc="427,0,245,20,70,-20,258,0" /><INIT seed="5,0,0,1,3,78" ten="427,265,50,258" oya="1" hai0="112,128,96,5,46,77,14,24,59,90,54,51,115" hai1="60,120,122,9,63,53,38,95,79,64,3,75,69" hai2="76,99,42,48,80,13,8,22,27,123,33,84,44" hai3="83,18,28,85,31,135,71,61,125,62,45,52,91"/><U110/><E110/><V81/><F123/><W119/><G119/><T108/><D108/><U107/><E107/><V101/><F33/><W121/><G121/><T25/><D128/><U35/><E35/><V68/><F68/><W49/><G135/><T6/><D77/><U55/><E38/><V72/><F72/><W89/><G125/><T23/><D25/><U58/><E55/><V92/><F80/><W12/><G89/><T32/><D32/><U56/><E69/><V0/><F0/><W7/><G7/><T20/><D20/><U109/><E109/><V131/><F131/><W47/><G47/><T116/><D46/><U36/><E36/><V19/><F27/><W43/><G43/><T88/><D90/><U67/><E53/><V40/><F42/><W106/><G106/><T50/><D50/><U2/><E95/><V34/><F34/><W11/><G62/><T73/><D73/><U104/><E104/><V127/><F127/><W26/><G26/><T16/><D116/><U1/><REACH who="1" step="1"/><E9/><AGARI ba="0,0" hai="8,9,13,19,22,40,44,48,76,81,84,92,99,101" machi="9" ten="40,2600,0" yaku="8,1,52,1" doraHai="78" who="2" fromWho="1" sc="427,0,265,-26,50,26,258,0" /><INIT seed="6,0,0,0,5,116" ten="427,239,76,258" oya="2" hai0="130,105,135,28,134,50,132,121,14,35,3,73,112" hai1="106,133,114,78,0,1,127,70,89,122,25,53,84" hai2="100,23,94,36,80,39,40,118,54,34,57,69,120" hai3="96,58,131,61,92,65,88,26,119,99,123,64,8"/><V129/><F69/><W52/><G119/><T55/><D3/><U85/><E106/><V13/><F34/><W19/><G131/><T18/><D130/><U93/><E127/><V103/><F118/><W15/><G123/><T9/><D121/><U12/><E122/><V29/><F129/><W37/><G37/><T82/><D105/><U27/><E133/><V31/><F120/><W97/><G26/><T49/><D28/><U21/><E114/><V75/><F36/><W30/><G30/><T86/><D73/><U79/><E1/><V81/><F31/><W83/><G83/><T24/><D24/><N who="1" m="9291" /><E0/><V115/><F115/><W71/><G71/><T7/><D112/><U108/><E108/><V47/><F29/><W43/><G43/><T76/><D35/><U111/><E111/><V63/><F75/><W68/><G68/><T5/><D50/><U101/><E101/><V74/><F74/><W77/><G77/><N who="1" m="29194" /><E53/><V87/><F87/><AGARI ba="0,0" hai="8,15,19,52,58,61,64,65,87,88,92,96,97,99" machi="87" ten="40,5200,0" yaku="8,1,54,2" doraHai="116" who="3" fromWho="2" sc="427,0,239,0,76,-52,258,52" /><INIT seed="7,0,0,2,2,19" ten="427,239,24,310" oya="3" hai0="13,85,27,45,43,91,117,34,106,48,102,41,69" hai1="9,7,94,2,113,53,130,109,108,101,50,127,112" hai2="23,95,58,126,18,111,39,83,128,97,25,10,0" hai3="35,75,31,120,103,60,40,36,52,15,131,125,133"/><W92/><G75/><T28/><D69/><U81/><E81/><V21/><F111/><W72/><G72/><T124/><D117/><U115/><E127/><V89/><F126/><W98/><G125/><T12/><D124/><U96/><REACH who="1" step="1"/><E130/><REACH who="1" ten="427,229,24,310" step="2"/><V71/><F128/><W11/><G131/><T67/><D34/><U47/><AGARI ba="0,1" hai="2,7,9,47,50,53,94,96,101,108,109,112,113,115" machi="47" ten="30,7900,0" yaku="1,1,2,1,0,1,15,1,53,0" doraHai="19" doraHaiUra="16" who="1" fromWho="1" sc="427,-20,229,89,24,-20,310,-39" owari="407,51.0,318,12.0,4,-50.0,271,-13.0" /></mjloggm>