<mjloggm ver="2.3"><GO type="97" lobby="0"/><UN n0="%E5%B0%B1%E6%B4%BB%E7%94%9F%40%E5%B7%9D%E6%9D%91%E8%BB%8D%E5%9B%A3" n1="%53%6D%69%6C%65%34%30" n2="%67%61%63%68%61%30%30" n3="%E3%83%8F%E3%83%AA%E3%83%8D%E3%82%BA%E3%83%9F%E5%91%BD" dan="15,14,14,15" rate="2069.97,1963.06,1803.90,1948.19" sx="M,M,M,M"/><TAIKYOKU oya="0"/><INIT seed="0,0,0,0,1,118" ten="250,250,250,250" oya="0" hai0="19,3,14,51,104,102,91,97,78,42,60,35,23" hai1="4,59,55,62,43,80,58,110,13,112,129,100,109" hai2="5,108,57,11,41,69,50,34,17,33,71,116,126" hai3="52,132,68,15,25,38,111,28,48,127,82,61,75"/><T6/><D35/><U120/><E120/><V117/><F17/><W89/><G111/><N who="1" m="42506" /><E129/><V27/><F108/><W8/><G38/><T56/><D78/><U114/><E43/><V10/><F126/><W54/><G127/><T93/><D3/><U85/><E100/><V37/><F37/><W115/><G115/><T49/><D6/><U84/><E58/><V94/><F94/><W81/><G132/><T92/><D42/><U103/><E103/><V77/><F77/><W107/><G107/><T95/><REACH who="0" step="1"/><D91/><REACH who="0" ten="240,250,250,250" step="2"/><U90/><E4/><V133/><F41/><W67/><G89/><T98/><D98/><U72/><E72/><V1/><F5/><W105/><G75/><T70/><D70/><U88/><E13/><V64/><F1/><W22/><G15/><T45/><D45/><U73/><E73/><V123/><F33/><W9/><G68/><T96/><D96/><U63/><E114/><V18/><F34/><W113/><G113/><T101/><D101/><U0/><E0/><V128/><F69/><W44/><G44/><T7/><D7/><U46/><E46/><V134/><F71/><W31/><G31/><T87/><D87/><U135/><E112/><V125/><F116/><W66/><G28/><T124/><D124/><U36/><E135/><V76/><F117/><W20/><G25/><T86/><D86/><U131/><E131/><V12/><F125/><W119/><G119/><T39/><D39/><U83/><E36/><V106/><F133/><W24/><G24/><T79/><D79/><U121/><E121/><V99/><F134/><W16/><G67/><AGARI ba="0,1" hai="14,19,23,49,51,56,60,67,92,93,95,97,102,104" machi="67" ten="40,3900,0" yaku="1,1,6,1,53,0" doraHai="118" doraHaiUra="40" who="0" fromWho="3" sc="240,49,250,0,250,0,250,-39" /><INIT seed="0,1,0,2,5,108" ten="289,250,250,211" oya="0" hai0="68,105,79,42,47,5,109,21,48,34,27,43,64" hai1="10,96,28,87,74,8,103,113,15,76,116,104,2" hai2="53,72,120,134,106,70,45,59,7,49,62,1,38" hai3="127,14,69,99,36,95,93,20,89,46,88,16,55"/><T129/><D34/><U23/><E116/><V50/><F106/><W25/><G127/><T35/><D35/><U52/><E74/><V98/><F72/><W119/><G119/><T112/><D105/><U11/><E113/><V67/><F98/><W107/><G69/><T60/><D112/><U17/><E28/><V6/><F1/><W44/><G107/><T30/><D109/><U19/><E2/><V114/><F6/><W0/><G0/><T54/><D129/><U78/><E87/><V3/><F3/><W100/><G36/><T33/><D33/><U81/><E81/><V115/><F7/><W65/><G65/><T111/><D111/><U9/><REACH who="1" step="1"/><E52/><REACH who="1" ten="289,240,250,211" step="2"/><N who="2" m="32143" /><F120/><W56/><G25/><AGARI ba="1,1" hai="8,9,10,11,15,17,19,23,25,76,78,96,103,104" machi="25" ten="40,2600,0" yaku="1,1,53,1" doraHai="108" doraHaiUra="97" who="1" fromWho="3" sc="289,0,240,39,250,0,211,-29" /><INIT seed="1,0,0,0,4,110" ten="289,279,250,182" oya="1" hai0="114,134,10,41,94,15,112,107,16,0,89,103,27" hai1="97,95,105,92,50,24,43,65,133,74,39,77,62" hai2="131,111,30,12,115,130,55,123,26,29,32,57,66" hai3="44,93,3,98,124,73,121,88,67,106,47,35,82"/><U46/><E133/><V87/><F123/><W83/><G121/><T69/><D69/><U125/><E125/><V71/><F111/><W49/><G124/><T37/><D134/><U104/><E74/><V17/><F87/><W101/><G3/><T61/><D0/><U113/><E113/><V45/><F45/><W90/><G35/><T127/><D127/><U4/><E77/><V99/><F99/><W7/><G7/><T80/><D80/><U76/><E76/><V135/><F135/><W129/><G129/><N who="2" m="49161" /><F30/><W1/><G1/><T60/><D103/><U20/><E4/><V51/><F66/><W132/><G132/><T58/><D107/><U126/><E39/><V116/><F71/><W23/><G67/><T21/><D61/><U64/><E64/><V42/><F42/><W56/><G23/><T28/><D41/><U34/><E34/><V122/><F116/><W81/><G73/><T100/><D37/><U117/><E117/><V9/><F122/><W19/><G19/><T79/><D79/><U38/><E38/><V48/><F48/><W11/><G11/><T70/><D70/><U68/><E126/><V6/><F6/><W91/><REACH who="3" step="1"/><G106/><REACH who="3" ten="289,279,250,172" step="2"/><T96/><D100/><N who="1" m="62479" /><E105/><V13/><F13/><W22/><G22/><T109/><D109/><U54/><E20/><V118/><F118/><W84/><G84/><T108/><D108/><U75/><E75/><V36/><F36/><W72/><G72/><T52/><AGARI ba="0,1" hai="10,15,16,21,27,28,52,58,60,89,94,96,112,114" machi="52" ten="20,12000,2" yaku="0,1,7,1,52,2,54,2" doraHai="110" who="0" fromWho="0" sc="289,130,279,-60,250,-30,172,-30" /><INIT seed="2,0,0,3,0,95" ten="419,219,220,142" oya="2" hai0="117,38,120,4,90,127,15,47,72,27,43,100,82" hai1="108,10,111,80,41,13,103,129,6,24,84,16,89" hai2="73,21,9,101,135,134,30,67,68,35,44,78,60" hai3="93,45,26,124,52,25,94,20,31,11,62,3,113"/><V98/><F9/><W121/><G121/><T14/><D120/><U105/><E129/><V116/><F21/><W46/><G124/><T8/><D117/><U58/><E41/><V36/><F116/><W76/><G76/><T37/><D127/><U63/><E103/><V92/><F78/><W97/><G113/><T125/><D125/><U74/><E105/><N who="2" m="63671" /><F73/><W29/><G3/><T0/><D100/><U56/><E74/><V49/><F92/><W126/><G11/><T70/><D70/><U110/><E63/><V18/><F18/><W65/><G126/><T104/><D104/><U64/><E64/><V22/><F22/><AGARI ba="0,0" hai="6,10,13,16,22,24,56,58,80,84,89,108,110,111" machi="22" ten="40,2600,0" yaku="14,1,54,1" doraHai="95" who="1" fromWho="2" sc="419,0,219,26,220,-26,142,0" /><INIT seed="3,0,0,1,4,58" ten="419,245,194,142" oya="3" hai0="72,116,13,9,49,86,122,8,119,23,31,130,77" hai1="55,52,76,48,132,101,25,80,43,65,128,50,104" hai2="131,56,118,111,117,15,0,100,53,95,11,94,2" hai3="21,44,88,112,38,82,133,33,107,66,19,22,35"/><W125/><G112/><T96/><D72/><U68/><E132/><V46/><F46/><W73/><G107/><T84/><D122/><U27/><E128/><V63/><F131/><W30/><G66/><T60/><D130/><U135/><E135/><V16/><F111/><W115/><G133/><T42/><D96/><U91/><E91/><V61/><F117/><W3/><G115/><T29/><D60/><U12/><E43/><V124/><F118/><W129/><G30/><N who="0" m="11275" /><D116/><U54/><E65/><V14/><F124/><W10/><G129/><T92/><D119/><U34/><E68/><V39/><F39/><W85/><G125/><T74/><D74/><U90/><E90/><V59/><F14/><W99/><G99/><T70/><D70/><U106/><E34/><V5/><F100/><W110/><G110/><T51/><D23/><U79/><E12/><V120/><F120/><W45/><G73/><T75/><D75/><U6/><E6/><V105/><F105/><N who="1" m="40553" /><E80/><V67/><REACH who="2" step="1"/><F2/><REACH who="2" ten="419,245,184,142" step="2"/><W37/><G38/><T109/><D109/><U26/><E101/><V62/><F62/><W127/><G37/><T1/><D1/><U81/><E81/><V108/><F108/><W113/><G127/><T83/><D42/><U20/><E20/><AGARI ba="0,1" hai="0,5,11,15,16,20,53,56,59,61,63,67,94,95" machi="20" ten="30,8000,1" yaku="1,1,7,1,52,2,54,1,53,0" doraHai="58" doraHaiUra="121" who="2" fromWho="1" sc="419,0,245,-80,184,90,142,0" owari="419,52.0,165,-23.0,274,7.0,142,-36.0" /></mjloggm>