<mjloggm ver="2.3"><GO type="97" lobby="0"/><UN n0="%E5%B0%B1%E6%B4%BB%E7%94%9F%40%E5%B7%9D%E6%9D%91%E8%BB%8D%E5%9B%A3" n1="%7A%71%73%63%65" n2="%4C%4F%4C%4F%4B%55%4E" n3="%E4%B9%9D%E5%AE%98%E9%B3%A5%28%E3%82%AA%E3%82%B9%29" dan="15,16,14,15" rate="2079.27,2044.33,1921.56,1975.45" sx="M,M,M,M"/><TAIKYOKU oya="0"/><INIT seed="0,0,0,0,2,21" ten="250,250,250,250" oya="0" hai0="18,38,64,71,1,62,126,47,2,41,11,27,7" hai1="86,123,78,108,112,15,120,118,42,53,50,8,134" hai2="74,92,84,26,76,35,12,51,73,129,49,97,3" hai3="29,33,34,103,87,77,119,89,98,45,55,44,99"/><T58/><D126/><U67/><E118/><V63/><F3/><W24/><G119/><T17/><D1/><U115/><E67/><V79/><F63/><W4/><G77/><T19/><REACH who="0" step="1"/><D71/><REACH who="0" ten="240,250,250,250" step="2"/><U66/><E123/><V57/><F129/><W56/><G4/><T132/><D132/><U25/><E134/><V46/><F73/><W96/><G103/><T113/><D113/><U0/><E120/><V133/><F74/><W121/><G121/><T16/><D16/><U128/><E0/><V14/><F133/><W114/><G114/><T22/><AGARI ba="0,1" hai="2,7,11,17,18,19,22,27,38,41,47,58,62,64" machi="22" ten="30,6000,0" yaku="1,1,0,1,52,1,53,0" doraHai="21" doraHaiUra="95" who="0" fromWho="0" sc="240,70,250,-20,250,-20,250,-20" /><INIT seed="0,1,0,0,1,6" ten="310,230,230,230" oya="0" hai0="53,70,93,106,85,42,83,99,92,97,7,73,39" hai1="98,69,50,3,18,77,16,113,9,31,41,117,8" hai2="37,17,15,126,118,45,125,129,30,66,119,101,121" hai3="36,58,131,5,124,91,52,14,104,27,109,56,22"/><T64/><D73/><U108/><E69/><V102/><F66/><W25/><G104/><T61/><D106/><U47/><E117/><N who="2" m="44555" /><F30/><W24/><G36/><T103/><D7/><U46/><E3/><V75/><F75/><W105/><G105/><T35/><D35/><U90/><E31/><V107/><F121/><W63/><G109/><T29/><D29/><U112/><E108/><V133/><F133/><W96/><G124/><N who="2" m="47721" /><F107/><W49/><G131/><T86/><D53/><U57/><E57/><V26/><F26/><W54/><G96/><T123/><D123/><U94/><E77/><V23/><F129/><W110/><G91/><T34/><D34/><U79/><E79/><V10/><F23/><W28/><G110/><T78/><D42/><AGARI ba="1,0" hai="10,15,17,37,42,45,101,102" m="47721,44555" machi="42" ten="30,3900,0" yaku="12,1,18,1,52,1" doraHai="6" who="2" fromWho="0" sc="310,-42,230,0,230,42,230,0" /><INIT seed="1,0,0,1,2,49" ten="268,230,272,230" oya="1" hai0="48,134,89,43,26,51,80,4,121,11,119,85,8" hai1="123,55,1,83,9,93,124,65,129,12,70,19,31" hai2="46,40,58,0,67,36,96,115,33,39,113,81,103" hai3="41,28,126,62,57,64,90,21,25,5,131,97,82"/><U128/><E123/><V7/><F33/><W72/><G126/><T86/><D119/><U112/><E124/><V10/><F81/><W16/><G131/><N who="1" m="50250" /><E31/><V135/><F135/><W87/><G5/><T92/><D134/><U44/><E1/><V99/><F99/><W76/><G41/><T74/><D74/><U100/><E83/><V13/><F13/><W108/><G108/><T78/><D121/><U60/><E112/><V107/><F67/><W69/><G69/><T27/><D11/><U71/><E100/><V61/><F61/><W95/><G72/><T109/><D109/><U122/><E122/><V63/><F63/><W98/><G98/><T106/><D106/><U84/><E93/><V68/><F58/><W117/><G117/><T79/><D79/><U125/><E84/><V30/><F30/><AGARI ba="0,0" hai="16,21,25,28,30,57,62,64,76,82,87,90,95,97" machi="30" ten="40,2600,0" yaku="8,1,54,1" doraHai="49" who="3" fromWho="2" sc="268,0,230,0,272,-26,230,26" /><INIT seed="2,0,0,2,5,129" ten="268,230,246,256" oya="2" hai0="108,91,57,48,120,114,89,94,102,112,71,16,110" hai1="60,96,93,92,39,46,14,19,27,6,106,45,127" hai2="5,59,68,12,55,11,90,99,53,121,30,82,124" hai3="122,105,111,43,20,61,104,119,38,33,18,29,70"/><V3/><F121/><W37/><G122/><T80/><D71/><U134/><E39/><V40/><F68/><W95/><G119/><T58/><D120/><U76/><E76/><V103/><F30/><W24/><G111/><N who="0" m="42539" /><D80/><U10/><E127/><V113/><F113/><N who="0" m="43626" /><D16/><U98/><E106/><V28/><F28/><W133/><G133/><T35/><D35/><U22/><E134/><V50/><F40/><W17/><G17/><T109/><N who="0" m="42547" /><T97/><DORA hai="23" /><D48/><U41/><E41/><V75/><F3/><W128/><G128/><T125/><D125/><U49/><E49/><V116/><F116/><W100/><G95/><N who="1" m="36426" /><E60/><V83/><F124/><W4/><G4/><T131/><D131/><U65/><E65/><V77/><F90/><AGARI ba="0,0" hai="57,58,89,90,91,94,97,102" m="43626,42547" machi="90" ten="50,1600,0" yaku="14,1" doraHai="129,23" who="0" fromWho="2" sc="268,16,230,0,246,-16,256,0" /><INIT seed="3,0,0,1,3,62" ten="284,230,230,256" oya="3" hai0="93,90,81,45,18,58,11,12,33,96,2,101,8" hai1="34,25,131,124,79,73,21,64,83,75,3,134,130" hai2="85,24,7,92,121,44,113,91,19,49,95,135,67" hai3="119,31,17,57,122,102,72,55,71,61,59,109,6"/><W60/><G119/><T104/><D33/><U40/><E34/><V78/><F113/><W46/><G122/><T76/><D45/><U129/><E3/><V132/><F121/><W89/><G72/><T37/><D37/><U125/><E40/><V36/><F36/><W30/><G109/><T100/><D58/><U80/><E64/><V66/><F7/><W68/><G6/><T14/><D2/><U32/><E32/><V9/><F78/><W77/><G77/><T10/><D104/><U38/><E38/><V28/><F9/><W111/><G111/><T35/><D35/><U48/><E48/><V103/><F19/><W82/><G102/><T0/><D0/><U53/><E53/><V86/><F103/><W110/><G110/><T88/><D101/><U51/><E51/><V47/><F24/><W4/><G4/><N who="0" m="3079" /><D10/><U43/><E43/><V117/><F28/><W27/><G68/><T69/><D69/><U99/><E99/><V23/><F23/><N who="3" m="13807" /><G46/><N who="2" m="17449" /><F49/><W1/><G71/><T70/><D70/><U116/><E116/><V133/><F117/><W63/><G1/><T41/><D41/><U87/><E75/><V115/><F115/><W29/><G55/><T98/><D96/><U39/><E39/><V26/><F26/><W56/><G89/><AGARI ba="0,0" hai="66,67,85,86,89,91,92,95,132,133,135" m="17449" machi="89" ten="40,5200,0" yaku="20,1,52,2" doraHai="62" who="2" fromWho="3" sc="284,0,230,0,230,52,256,-52" /><INIT seed="4,0,0,0,4,7" ten="284,230,282,204" oya="0" hai0="28,134,50,67,87,97,89,101,132,78,26,124,71" hai1="80,52,63,18,109,5,64,16,42,51,33,116,115" hai2="122,1,123,130,77,59,105,98,102,6,12,110,85" hai3="72,53,57,117,21,69,38,113,103,15,19,74,27"/><T120/><D120/><U54/><E109/><V118/><F1/><W31/><G117/><T3/><D3/><U46/><E116/><V129/><F118/><W56/><G113/><T25/><D124/><U100/><E33/><V23/><F110/><W13/><G69/><T114/><D114/><U9/><E115/><V10/><F59/><W20/><G38/><T37/><D37/><U4/><E100/><V88/><F23/><W58/><G103/><T121/><D78/><U11/><E80/><V79/><F79/><W40/><G40/><T94/><D121/><U108/><E108/><V22/><F22/><W92/><G92/><T95/><D50/><U107/><E107/><V82/><REACH who="2" step="1"/><F77/><REACH who="2" ten="284,230,272,204" step="2"/><W47/><G72/><T68/><D68/><U62/><E62/><V0/><F0/><W106/><G74/><T104/><D71/><U8/><E63/><V66/><F66/><W36/><G36/><T49/><D67/><U96/><E64/><V2/><F2/><W35/><G106/><T128/><D104/><U48/><E42/><V84/><F84/><W112/><G112/><T135/><D128/><AGARI ba="0,1" hai="6,10,12,82,85,88,98,102,105,122,123,128,129,130" machi="128" ten="40,8000,1" yaku="1,1,19,1,52,1,54,1,53,0" doraHai="7" doraHaiUra="111" who="2" fromWho="0" sc="284,-80,230,0,272,90,204,0" owari="204,-20.0,230,3.0,362,47.0,204,-30.0" /></mjloggm>