<mjloggm ver="2.3"><GO type="225" lobby="0"/><UN n0="%E4%B8%87%E8%83%BD%E3%81%AD%E3%81%8E" n1="%E3%83%88%E3%83%88%E3%83%AA%E5%85%88%E7%94%9F%31%39%E6%AD%B3" n2="%E3%82%86%E3%81%86%E3%81%98%E3%83%BC%E3%82%8B" n3="%E3%81%88%E3%82%8B%E3%81%9F%E3%81%9D" dan="16,18,16,16" rate="2055.96,2261.71,2088.58,2107.00" sx="M,F,M,F"/><TAIKYOKU oya="0"/><INIT seed="0,0,0,5,3,88" ten="250,250,250,250" oya="0" hai0="121,96,71,112,87,68,66,31,23,56,85,64,103" hai1="49,17,126,114,25,69,133,83,122,40,14,123,75" hai2="0,67,108,104,80,28,8,9,43,81,124,58,20" hai3="53,47,30,105,95,6,101,84,61,76,82,116,109"/><T65/><D121/><U57/><E69/><V90/><F104/><W5/><G116/><T115/><D71/><U33/><E133/><V91/><F124/><W63/><G109/><T62/><D85/><U77/><E126/><V51/><F0/><W93/><G105/><T60/><D87/><U127/><E127/><V27/><F108/><W70/><G30/><T102/><D65/><U10/><E114/><V26/><F26/><W32/><G32/><T36/><D36/><U41/><E41/><V59/><F91/><W54/><G101/><T37/><D37/><U97/><E33/><V129/><F90/><W50/><G70/><T125/><D103/><U74/><E74/><V12/><F8/><W24/><G24/><N who="0" m="16799" /><D125/><U92/><E25/><V128/><F81/><W39/><G39/><T118/><D118/><U22/><E22/><V4/><F80/><W7/><G54/><T79/><D79/><U1/><E1/><V2/><F2/><W86/><G86/><T46/><D46/><U131/><E57/><V94/><F67/><W119/><G119/><T35/><D35/><U89/><REACH who="1" step="1"/><E131/><REACH who="1" ten="250,240,250,250" step="2"/><N who="2" m="50251" /><F59/><W3/><G3/><T42/><D42/><U45/><AGARI ba="0,1" hai="10,14,17,40,45,49,75,77,83,89,92,97,122,123" machi="45" ten="30,7900,0" yaku="1,1,0,1,52,1,53,1" doraHai="88" doraHaiUra="72" who="1" fromWho="1" sc="250,-39,240,89,250,-20,250,-20" /><INIT seed="1,0,0,2,1,49" ten="211,329,230,230" oya="1" hai0="92,66,102,98,8,113,51,81,104,73,32,71,18" hai1="29,115,14,129,99,119,118,117,127,48,101,41,38" hai2="25,64,135,75,53,96,106,22,11,123,31,107,50" hai3="134,17,85,65,116,80,10,63,130,88,91,15,70"/><U61/><E38/><V69/><F123/><W76/><G130/><T103/><D113/><U13/><E129/><V46/><F75/><W83/><G134/><T125/><D125/><U6/><E127/><V16/><F135/><W2/><G116/><T82/><D32/><U58/><E115/><V55/><F96/><W57/><G2/><T34/><D34/><U33/><E6/><V54/><F64/><W28/><G28/><T52/><D73/><U40/><E29/><V12/><REACH who="2" step="1"/><F69/><REACH who="2" ten="211,329,220,230" step="2"/><W30/><G70/><T9/><D66/><N who="1" m="39223" /><E99/><V74/><F74/><W128/><G128/><T43/><D71/><U112/><E112/><V59/><F59/><W56/><G57/><N who="0" m="32927" /><D104/><AGARI ba="0,1" hai="11,12,16,22,25,31,46,50,53,54,55,104,106,107" machi="104" ten="40,12000,2" yaku="1,1,52,3,54,1,53,1" doraHai="49" doraHaiUra="4" who="2" fromWho="0" sc="211,-120,329,0,220,130,230,0" /><INIT seed="2,0,0,4,3,46" ten="91,329,350,230" oya="2" hai0="126,15,74,110,83,1,96,54,8,50,68,13,60" hai1="62,103,44,31,85,71,14,129,114,58,93,106,24" hai2="76,86,65,52,90,17,33,123,16,104,92,27,115" hai3="67,42,4,61,99,100,47,102,80,88,133,11,125"/><V59/><F123/><W40/><G125/><T105/><D126/><U116/><E114/><V113/><F104/><W26/><G133/><T22/><D110/><U120/><E120/><V119/><F119/><W98/><G26/><T64/><D1/><U89/><E116/><V5/><F65/><W118/><G118/><T45/><D22/><U19/><E129/><V95/><F76/><W130/><G130/><T56/><D8/><U25/><E71/><V122/><F122/><W43/><G47/><T70/><D70/><U131/><E131/><V35/><F5/><W79/><G79/><T128/><D128/><U48/><E31/><V57/><F86/><W121/><G121/><T30/><D30/><U32/><E32/><V81/><F90/><W63/><G61/><T94/><D105/><U78/><E78/><V87/><F87/><N who="3" m="50279" /><G63/><T75/><D83/><U117/><E103/><V135/><F81/><W12/><G67/><T0/><D0/><U101/><E101/><AGARI ba="0,0" hai="4,11,12,40,42,43,98,99,100,101,102" m="50279" machi="101" ten="30,2000,0" yaku="8,1,54,1" doraHai="46" who="3" fromWho="1" sc="91,0,329,-20,350,0,230,20" /><INIT seed="3,0,0,2,3,54" ten="91,309,350,250" oya="3" hai0="112,113,7,105,35,123,81,91,134,85,10,90,121" hai1="115,56,52,9,117,131,53,100,11,116,42,82,69" hai2="65,76,6,128,18,12,58,130,67,28,63,120,3" hai3="13,99,39,51,62,5,34,48,132,57,102,43,20"/><W83/><G34/><T37/><D10/><N who="1" m="3595" /><E115/><N who="0" m="44105" /><D7/><U26/><E69/><V41/><F120/><N who="0" m="46154" /><D35/><U88/><E131/><N who="2" m="50219" /><F28/><W44/><G5/><T111/><D37/><U70/><E70/><V103/><F103/><W93/><G132/><T92/><D134/><U36/><E36/><V133/><F133/><W45/><G83/><T110/><D105/><U60/><E100/><V87/><F41/><W24/><G13/><T1/><D1/><U40/><E117/><V109/><F6/><W21/><G45/><T80/><D92/><U27/><E116/><V101/><F101/><W135/><G135/><T17/><D17/><U114/><E114/><V38/><F38/><W66/><REACH who="3" step="1"/><G20/><REACH who="3" ten="91,309,350,240" step="2"/><T125/><D125/><U2/><E2/><V126/><F126/><W73/><G73/><T79/><D81/><U77/><E77/><V50/><F76/><W30/><AGARI ba="0,1" hai="21,24,30,39,43,44,48,51,57,62,66,93,99,102" machi="30" ten="20,18000,2" yaku="1,1,0,1,7,1,25,2,52,1,53,0" doraHai="54" doraHaiUra="15" who="3" fromWho="3" sc="91,-60,309,-60,350,-60,240,190" owari="31,-47.0,249,-15.0,290,9.0,430,53.0" /></mjloggm>