<mjloggm ver="2.3"><GO type="97" lobby="0"/><UN n0="%73%75%74%6F%72%6F%6E%67" n1="%64%61%69%74%61%6B%75%31" n2="%E9%81%8A%E4%BD%90%E5%8F%B8%E7%8B%BC" n3="%E5%B0%B1%E6%B4%BB%E7%94%9F%40%E5%B7%9D%E6%9D%91%E8%BB%8D%E5%9B%A3" dan="13,14,14,14" rate="1898.94,2011.31,1999.17,1997.38" sx="M,M,M,M"/><TAIKYOKU oya="0"/><INIT seed="0,0,0,1,1,36" ten="250,250,250,250" oya="0" hai0="115,102,108,72,18,1,45,26,123,56,48,98,37" hai1="8,74,66,3,86,81,109,34,121,76,128,101,131" hai2="111,15,52,33,44,40,127,32,130,42,46,6,41" hai3="68,4,58,117,16,20,132,27,134,11,119,47,22"/><T90/><D123/><U10/><E34/><V100/><F111/><W107/><G68/><T99/><D1/><U116/><E109/><V105/><F130/><N who="1" m="49705" /><E121/><V83/><F127/><W78/><G78/><T67/><D108/><U70/><E101/><V71/><F71/><W133/><G107/><T87/><D115/><U31/><E31/><V96/><F83/><W112/><G58/><T5/><D72/><U84/><E116/><N who="3" m="44618" /><G47/><T51/><D5/><N who="1" m="1087" /><E10/><V35/><REACH who="2" step="1"/><F52/><REACH who="2" ten="250,250,240,250" step="2"/><W126/><G126/><T91/><D67/><U54/><E54/><V97/><F97/><W21/><G112/><T104/><D99/><U93/><E93/><V2/><F2/><AGARI ba="0,1" hai="2,4,11,16,20,21,22,27,132,133,134" m="44618" machi="2" ten="40,8000,1" yaku="20,1,34,2,54,1" doraHai="36" who="3" fromWho="2" sc="250,0,250,0,240,-80,250,90" /><INIT seed="1,0,0,5,4,12" ten="250,250,160,340" oya="1" hai0="118,97,62,9,45,66,48,101,125,53,10,94,111" hai1="83,56,128,46,74,0,6,27,44,130,59,105,28" hai2="123,8,135,91,114,107,52,32,104,99,30,96,68" hai3="34,133,121,134,75,5,88,93,109,61,4,65,79"/><U100/><E44/><V127/><F123/><W103/><G34/><T126/><D118/><U77/><E100/><V57/><F68/><W120/><G103/><T124/><REACH who="0" step="1"/><D111/><REACH who="0" ten="240,250,160,340" step="2"/><U20/><E105/><V78/><F107/><W13/><G109/><T113/><D113/><U80/><E80/><V86/><F104/><W11/><G120/><T64/><D64/><U23/><E23/><V95/><F114/><W21/><G121/><T51/><D51/><U37/><E128/><V90/><F32/><W60/><G60/><T63/><D63/><U1/><E130/><V112/><F112/><W73/><G61/><T122/><D122/><U19/><E28/><V82/><F30/><W69/><G65/><T81/><D81/><U55/><E55/><V31/><F31/><W71/><G71/><AGARI ba="0,1" hai="9,10,45,48,53,62,66,71,94,97,101,124,125,126" machi="71" ten="40,2600,0" yaku="1,1,18,1,53,0" doraHai="12" doraHaiUra="110" who="0" fromWho="3" sc="240,36,250,0,160,0,340,-26" /><INIT seed="2,0,0,4,5,104" ten="276,250,160,314" oya="2" hai0="28,77,94,83,7,93,19,116,102,86,99,100,66" hai1="51,40,37,97,71,98,8,87,0,114,24,59,110" hai2="26,101,68,52,131,76,46,30,95,3,50,38,121" hai3="103,35,15,42,21,125,9,45,44,72,128,123,105"/><V34/><F121/><W70/><G35/><T75/><D116/><U53/><E114/><V47/><F3/><W108/><G123/><T74/><D66/><U127/><E24/><V111/><F68/><W118/><G118/><T85/><D28/><U13/><E0/><V117/><F117/><W17/><G70/><T124/><D19/><U33/><E33/><V134/><F134/><W129/><G125/><T89/><D7/><U84/><E71/><V120/><F120/><W122/><G108/><T4/><D4/><N who="1" m="3207" /><E37/><V65/><F65/><W126/><G126/><T41/><D41/><U54/><E40/><V79/><F111/><W119/><G122/><T36/><D36/><U80/><E110/><V57/><F131/><N who="3" m="50251" /><G72/><N who="0" m="27691" /><D124/><U69/><E69/><V14/><F14/><W112/><G112/><T39/><D39/><U49/><E127/><V55/><F38/><W90/><G119/><T130/><D130/><U92/><E80/><V18/><F18/><W1/><G90/><AGARI ba="0,0" hai="77,83,85,86,89,90,93,94,99,100,102" m="27691" machi="90" ten="30,16000,3" yaku="35,5,52,3" doraHai="104" who="0" fromWho="3" sc="276,160,250,0,160,0,314,-160" /><INIT seed="3,0,0,1,5,123" ten="436,250,160,154" oya="3" hai0="89,112,26,52,8,28,130,95,66,100,71,94,85" hai1="27,73,34,47,77,11,40,122,32,21,49,24,98" hai2="87,16,103,10,124,133,17,1,96,135,110,33,104" hai3="6,42,88,84,22,70,76,78,120,20,119,99,38"/><W129/><G120/><T15/><D112/><U30/><E122/><V91/><F33/><W4/><G70/><T57/><D130/><U55/><E11/><V25/><F124/><W107/><G119/><T3/><D3/><U69/><E69/><V114/><F114/><W13/><G129/><T50/><D71/><U31/><E98/><V14/><F1/><W62/><G38/><T111/><D111/><U19/><E77/><N who="3" m="29802" /><G107/><T51/><D66/><U45/><E73/><V116/><F116/><W115/><G115/><T65/><D65/><U72/><E72/><V83/><F110/><W2/><G2/><T54/><D100/><U5/><E5/><N who="3" m="2154" /><G42/><T132/><D132/><N who="2" m="50762" /><F25/><W44/><G44/><N who="0" m="27719" /><D28/><U23/><E19/><AGARI ba="0,0" hai="10,14,16,17,19,83,87,91,96,103,104" m="50762" machi="19" ten="30,2000,0" yaku="20,1,54,1" doraHai="123" who="2" fromWho="1" sc="436,0,250,-20,160,20,154,0" owari="436,54.0,230,3.0,180,-22.0,154,-35.0" /></mjloggm>