<mjloggm ver="2.3"><GO type="97" lobby="0"/><UN n0="%E5%B0%B1%E6%B4%BB%E7%94%9F%40%E5%B7%9D%E6%9D%91%E8%BB%8D%E5%9B%A3" n1="%6D%69%70%70%6F" n2="%73%69%6E%74%65%74%75" n3="%73%63%61%6C%61%72%36%37" dan="15,14,13,13" rate="2074.05,1920.66,1975.92,1860.77" sx="M,M,M,F"/><TAIKYOKU oya="0"/><INIT seed="0,0,0,5,0,20" ten="250,250,250,250" oya="0" hai0="87,53,60,99,91,45,50,106,33,70,59,27,84" hai1="2,7,116,125,135,14,26,123,133,132,127,98,16" hai2="64,120,121,0,4,86,100,10,82,17,22,40,47" hai3="13,88,15,97,42,115,73,108,69,32,101,62,124"/><T114/><D114/><U129/><E116/><V75/><F100/><W9/><G115/><T89/><D70/><U38/><E98/><V128/><F64/><W54/><G73/><T35/><D106/><U12/><E123/><V72/><F128/><W134/><G32/><T117/><D117/><U102/><E38/><V56/><F56/><N who="3" m="35095" /><G69/><T104/><D104/><U130/><E102/><V74/><F86/><W49/><G108/><T1/><D1/><U110/><E110/><V80/><F80/><W81/><G124/><N who="1" m="47690" /><E2/><V95/><F95/><N who="3" m="58559" /><G134/><T29/><D35/><U24/><E7/><V71/><F71/><W119/><G119/><T11/><D11/><N who="1" m="6175" /><E14/><V41/><F41/><W109/><G109/><T43/><D99/><U23/><E23/><V63/><F120/><W34/><G34/><T85/><AGARI ba="0,0" hai="27,29,33,43,45,50,53,59,60,84,85,87,89,91" machi="85" ten="30,3000,0" yaku="0,1,52,1" doraHai="20" who="0" fromWho="0" sc="250,30,250,-10,250,-10,250,-10" /><INIT seed="0,1,0,5,4,112" ten="280,240,240,240" oya="0" hai0="102,134,14,101,132,99,33,86,106,62,130,81,42" hai1="15,97,74,127,35,88,9,119,51,39,71,126,105" hai2="120,38,118,135,133,37,82,47,116,52,75,79,34" hai3="109,18,2,92,27,13,28,121,114,63,17,49,8"/><T103/><D33/><U77/><E39/><V131/><F34/><W3/><G114/><T0/><D0/><N who="3" m="41" /><G92/><T44/><D62/><U73/><E35/><V113/><F113/><W50/><G49/><T65/><D65/><U7/><E71/><V4/><F4/><N who="3" m="3207" /><G50/><N who="0" m="26903" /><D14/><U87/><E119/><N who="2" m="45611" /><F120/><W21/><G63/><T91/><D130/><U90/><E51/><N who="2" m="28799" /><F131/><W107/><G107/><T60/><D60/><U1/><E1/><V56/><F56/><W117/><G117/><T29/><D29/><U45/><E45/><V78/><F78/><W72/><G72/><T110/><D110/><U32/><E32/><V70/><F70/><W41/><G41/><T125/><D125/><N who="1" m="47627" /><E77/><V100/><F100/><W58/><G58/><T57/><D57/><U94/><E105/><V22/><F22/><N who="3" m="15479" /><G121/><T19/><D103/><U76/><E76/><V122/><F122/><W5/><G109/><T104/><D102/><U26/><E26/><V24/><F24/><W66/><G66/><T67/><D67/><U59/><E59/><V129/><F129/><W85/><G21/><T40/><D106/><U10/><E10/><V6/><F6/><W46/><G46/><T53/><D104/><U83/><AGARI ba="1,0" hai="7,9,15,73,74,83,87,88,90,94,97" m="47627" machi="83" ten="30,2000,0" yaku="18,1,54,1" doraHai="112" who="1" fromWho="1" sc="280,-11,240,23,240,-6,240,-6" /><INIT seed="1,0,0,1,0,10" ten="269,263,234,234" oya="1" hai0="84,108,67,126,123,38,5,128,99,39,75,52,56" hai1="73,49,31,95,11,97,130,25,47,19,88,36,106" hai2="23,77,68,9,20,42,98,30,76,13,119,112,132" hai3="100,50,135,110,3,28,85,79,35,33,82,131,129"/><U48/><E130/><N who="3" m="49674" /><G110/><T63/><D75/><U26/><E73/><V104/><F68/><W90/><G135/><T122/><D128/><U65/><E106/><V21/><F112/><W2/><G100/><T37/><D108/><U22/><E36/><V114/><F119/><W89/><G50/><T121/><D126/><U113/><E113/><V109/><F109/><W27/><G35/><T59/><D5/><U118/><E118/><V51/><F104/><W80/><G90/><T45/><D99/><U14/><E65/><V101/><F132/><W81/><G79/><T93/><D93/><AGARI ba="0,0" hai="2,3,27,28,33,80,81,82,85,89,93" m="49674" machi="93" ten="30,1000,0" yaku="19,1" doraHai="10" who="3" fromWho="0" sc="269,-10,263,0,234,0,234,10" /><INIT seed="2,0,0,0,5,126" ten="259,263,234,244" oya="2" hai0="70,132,16,107,96,25,12,38,20,22,128,82,85" hai1="0,51,87,73,84,80,134,113,106,2,10,69,17" hai2="119,40,64,32,102,28,98,19,39,36,63,90,58" hai3="42,72,14,46,60,122,133,97,31,53,5,8,108"/><V55/><F119/><W104/><G122/><T37/><D70/><U129/><E113/><V27/><F90/><W81/><G108/><T94/><D107/><U112/><E106/><V48/><F19/><W3/><G133/><T23/><D132/><U33/><E112/><V4/><F4/><W50/><G31/><T121/><D121/><U76/><E69/><V34/><F34/><W91/><G3/><T78/><D128/><U29/><E129/><V127/><F127/><W66/><G42/><T120/><D120/><U57/><E134/><V11/><F11/><W41/><G41/><T118/><D118/><U65/><E2/><V13/><F13/><W35/><G35/><T115/><D115/><U56/><E56/><V49/><F49/><W100/><G72/><T54/><D54/><U125/><E125/><V71/><REACH who="2" step="1"/><F40/><REACH who="2" ten="259,263,224,244" step="2"/><W52/><G91/><T101/><D22/><U135/><E135/><V103/><F103/><W43/><REACH who="3" step="1"/><G81/><REACH who="3" ten="259,263,224,234" step="2"/><T117/><D117/><U61/><E0/><V93/><AGARI ba="0,2" hai="27,28,32,36,39,48,55,58,63,64,71,93,98,102" machi="93" ten="20,3900,0" yaku="1,1,0,1,7,1,53,0" doraHai="126" doraHaiUra="15" who="2" fromWho="2" sc="259,-13,263,-13,224,59,234,-13" /><INIT seed="2,1,0,3,0,18" ten="246,250,283,221" oya="2" hai0="11,45,123,12,57,5,100,31,1,126,3,63,96" hai1="65,19,50,91,118,115,73,47,134,122,20,113,17" hai2="32,77,131,2,84,56,80,53,86,112,21,82,34" hai3="48,120,8,23,14,42,103,22,121,70,9,127,107"/><V29/><F2/><W130/><G70/><T44/><D123/><U0/><E118/><V37/><F37/><W108/><G107/><T76/><D126/><U43/><E0/><V132/><F131/><W39/><G39/><T36/><D76/><U62/><E134/><V35/><F112/><W30/><G103/><T60/><D31/><U55/><E73/><V102/><F102/><W71/><G71/><T16/><D63/><U83/><E19/><V58/><F132/><W66/><G66/><T98/><D98/><U89/><E122/><V135/><F135/><W28/><G48/><T97/><D97/><U92/><E83/><V85/><F53/><W54/><G54/><T69/><D69/><U129/><E129/><V41/><F41/><W87/><G42/><T26/><D26/><U81/><E81/><N who="2" m="31339" /><F77/><W111/><G130/><T67/><D36/><U6/><E6/><V133/><F133/><W128/><G128/><T119/><D119/><U72/><E72/><V33/><F32/><W25/><G87/><T109/><D3/><U105/><E105/><V49/><F49/><W4/><G25/><T124/><D124/><U95/><E43/><V99/><F99/><W68/><G68/><T104/><REACH who="0" step="1"/><D109/><REACH who="0" ten="236,250,283,221" step="2"/><U74/><E74/><V15/><F29/><W78/><G78/><T90/><D90/><N who="1" m="34315" /><E113/><V52/><F35/><W27/><G127/><T110/><D110/><U114/><E115/><V38/><F34/><W117/><G117/><T101/><D101/><U59/><E114/><V75/><F33/><W106/><G27/><AGARI ba="1,1" hai="17,20,27,47,50,55,59,62,65,92,95" m="34315" machi="27" ten="30,2000,0" yaku="8,1,52,1" doraHai="18" who="1" fromWho="3" sc="236,0,250,33,283,0,221,-23" /><INIT seed="3,0,0,2,2,43" ten="236,283,283,198" oya="3" hai0="41,52,0,23,104,10,83,48,118,74,55,127,6" hai1="62,95,78,129,26,18,97,11,27,34,28,91,45" hai2="111,108,102,20,24,65,134,44,106,56,33,31,109" hai3="16,76,68,135,29,4,8,32,93,59,80,133,46"/><W115/><G59/><T103/><D118/><U82/><E129/><V117/><F117/><W92/><G115/><T61/><D127/><U122/><E122/><V42/><F134/><N who="3" m="51211" /><G68/><T50/><D41/><U113/><E113/><V25/><F102/><W21/><G46/><T70/><D23/><U124/><E124/><V89/><F89/><W7/><G29/><T12/><D0/><U2/><E62/><N who="2" m="38087" /><F25/><N who="3" m="14503" /><G32/><T54/><D103/><U35/><E45/><V84/><F84/><N who="3" m="48135" /><G4/><T81/><D104/><U101/><E101/><V79/><F106/><W49/><G49/><T125/><D125/><U99/><E99/><V51/><F33/><W37/><G37/><T107/><D107/><U90/><E90/><V3/><F3/><AGARI ba="0,0" hai="3,7,8,92,93" m="48135,14503,51211" machi="3" ten="30,2900,0" yaku="20,1,54,1" doraHai="43" who="3" fromWho="2" sc="236,0,283,0,283,-29,198,29" /><INIT seed="3,1,0,2,5,62" ten="236,283,254,227" oya="3" hai0="86,126,12,29,120,128,56,127,52,115,122,48,89" hai1="60,47,82,130,37,18,39,61,9,109,81,4,1" hai2="135,35,101,99,16,97,41,66,75,132,24,108,40" hai3="91,31,80,116,93,7,43,113,32,64,33,121,102"/><W58/><G113/><T65/><D115/><U104/><E109/><V76/><F108/><W118/><G121/><T96/><D29/><U8/><E104/><V98/><F35/><W59/><G43/><T134/><D96/><U131/><E47/><V129/><F101/><W124/><G7/><T90/><D134/><N who="2" m="51242" /><F129/><W42/><G42/><T125/><D128/><N who="1" m="49195" /><E18/><V79/><F75/><W69/><G124/><T114/><D114/><U100/><E100/><V28/><F28/><W74/><G102/><T73/><D73/><U44/><E9/><V106/><F106/><W30/><G74/><T49/><D12/><U94/><E94/><V21/><F40/><W17/><G17/><T10/><D10/><U133/><E133/><V26/><F41/><W23/><G80/><N who="1" m="30826" /><E44/><V103/><F26/><W6/><G6/><T68/><D120/><U92/><E92/><V63/><F103/><W78/><G78/><T70/><D122/><U112/><E112/><V123/><F123/><W14/><G116/><T72/><D72/><U25/><E25/><V15/><F24/><W67/><G118/><T54/><D86/><U55/><E55/><N who="0" m="21033" /><D89/><U71/><E61/><V20/><F20/><W50/><G91/><T53/><D90/><U107/><E107/><V13/><F15/><W87/><G14/><T27/><D27/><U117/><E117/><V110/><F110/><W88/><G93/><T95/><D95/><U34/><E34/><N who="3" m="13418" /><G31/><T85/><D85/><U77/><E77/><V119/><F119/><W57/><G87/><T51/><D53/><U19/><E19/><V45/><F45/><RYUUKYOKU ba="1,0" sc="236,10,283,10,254,10,227,-30" hai0="48,49,51,56,65,68,70,125,126,127" hai1="1,4,8,37,39,60,71" hai2="13,16,21,63,66,76,79,97,98,99" /><INIT seed="4,2,0,2,0,48" ten="246,293,264,197" oya="0" hai0="132,12,102,24,110,118,34,52,93,123,89,17,112" hai1="116,31,82,18,41,23,115,63,109,76,15,127,114" hai2="105,10,87,67,84,22,43,119,61,96,47,125,95" hai3="62,78,9,80,107,122,35,92,3,126,39,36,83"/><T56/><D118/><U75/><E109/><V120/><F120/><W19/><G122/><T73/><D123/><U58/><E116/><V28/><F105/><W11/><G126/><T111/><D73/><U30/><E127/><V72/><F72/><W124/><G124/><T37/><D37/><U134/><E41/><V1/><F1/><W50/><G107/><T69/><D69/><U0/><E0/><V85/><F10/><W106/><G106/><T26/><D112/><N who="1" m="43051" /><E134/><V40/><F119/><W57/><G35/><T53/><D102/><U70/><E70/><V94/><F47/><W79/><G92/><T104/><D104/><U4/><E4/><V32/><F32/><W121/><G121/><T97/><D132/><U27/><E15/><V71/><F95/><W74/><G50/><N who="0" m="30743" /><D34/><U86/><E86/><V129/><F129/><W101/><G101/><T59/><D111/><U135/><E135/><V65/><F125/><W77/><G11/><N who="0" m="6303" /><D110/><U8/><E8/><V14/><F71/><W108/><G108/><T131/><D131/><U91/><E91/><V60/><F96/><W6/><G19/><T55/><D55/><AGARI ba="2,0" hai="18,23,27,30,31,55,58,63,75,76,82" m="43051" machi="55" ten="30,3900,0" yaku="15,1,11,1,52,1" doraHai="48" who="1" fromWho="0" sc="246,-45,293,45,264,0,197,0" owari="201,-20.0,338,44.0,264,6.0,197,-30.0" /></mjloggm>