<mjloggm ver="2.3"><GO type="97" lobby="0"/><UN n0="%6B%61%6C%75" n1="%E5%B0%B1%E6%B4%BB%E7%94%9F%40%E5%B7%9D%E6%9D%91%E8%BB%8D%E5%9B%A3" n2="%E6%A1%83%E6%9E%9D%E7%B5%B5%E7%95%99%E3%80%85" n3="%E3%82%A8%E3%82%A2%E3%83%AD%E3%83%A0%E3%82%B9%E3%82%AF" dan="13,15,13,14" rate="1932.73,2031.83,1878.50,1882.90" sx="M,M,F,M"/><TAIKYOKU oya="0"/><INIT seed="0,0,0,2,4,120" ten="250,250,250,250" oya="0" hai0="64,62,115,77,35,57,71,47,123,25,18,87,52" hai1="28,56,45,95,128,79,17,38,131,24,70,48,3" hai2="91,104,113,69,114,41,96,58,112,59,132,42,68" hai3="80,67,75,55,126,53,83,14,54,60,130,65,31"/><T32/><D115/><U5/><E70/><N who="2" m="27243" /><F91/><W43/><G43/><N who="2" m="16393" /><F96/><W86/><G31/><T26/><D123/><U27/><E38/><V61/><F104/><W101/><G101/><T19/><D47/><U103/><E79/><V33/><F33/><W89/><G130/><N who="1" m="49706" /><E3/><V107/><F107/><W9/><G126/><T109/><D109/><U135/><E135/><V36/><F36/><W125/><G125/><T37/><D37/><U99/><E5/><V85/><F85/><W94/><G75/><T118/><D118/><U76/><E76/><V8/><F8/><W124/><G124/><T134/><D134/><U21/><E56/><N who="2" m="21547" /><F132/><W121/><G80/><T102/><D102/><U72/><E72/><V11/><F11/><W133/><G83/><T29/><D87/><U66/><E66/><N who="3" m="25098" /><G133/><T106/><D77/><U1/><E1/><V90/><F90/><W23/><G23/><T44/><D106/><U73/><E73/><V12/><F12/><W40/><G14/><T108/><D44/><U2/><E2/><V22/><F22/><W34/><G34/><T92/><D92/><U39/><E39/><V0/><F0/><W127/><G9/><T98/><D98/><U74/><E74/><V30/><F30/><W49/><G127/><T84/><D84/><U10/><E10/><V81/><F81/><W117/><G86/><T129/><D129/><U46/><E27/><N who="0" m="10249" /><D29/><U6/><E6/><V100/><F100/><W97/><G97/><T122/><D35/><U105/><E105/><V15/><F15/><W110/><G94/><T93/><D93/><U51/><E28/><RYUUKYOKU ba="0,0" sc="250,-15,250,15,250,15,250,-15" hai1="17,21,24,45,46,48,51,95,99,103" hai2="61,112,113,114" /><INIT seed="1,1,0,5,2,74" ten="235,265,265,235" oya="1" hai0="89,83,7,105,22,32,3,117,77,62,51,119,126" hai1="36,44,108,68,6,115,42,16,5,116,10,8,37" hai2="88,97,35,80,47,15,79,64,95,9,103,100,19" hai3="66,131,53,111,21,25,122,65,31,57,112,55,17"/><U135/><E115/><V27/><F64/><W4/><G112/><T91/><D126/><U113/><E113/><V29/><REACH who="2" step="1"/><F47/><REACH who="2" ten="235,265,255,235" step="2"/><W59/><G122/><T14/><D119/><U123/><E116/><V61/><F61/><W102/><G131/><T87/><D117/><U43/><E68/><V18/><F18/><W39/><G17/><T75/><D62/><U48/><E16/><V92/><F92/><W34/><G111/><T132/><D105/><U23/><E123/><V69/><F69/><W107/><G65/><T127/><D127/><U12/><E108/><V58/><F58/><W98/><G66/><T38/><D132/><U45/><E135/><V130/><F130/><W73/><G107/><T76/><D32/><U81/><E48/><V133/><F133/><W84/><G59/><T41/><D22/><U11/><E23/><V86/><AGARI ba="1,1" hai="9,15,19,27,29,35,79,80,86,88,95,97,100,103" machi="86" ten="20,8000,1" yaku="1,1,0,1,7,1,52,1,54,1,53,0" doraHai="74" doraHaiUra="106" who="2" fromWho="2" sc="235,-21,265,-41,255,93,235,-21" /><INIT seed="2,0,0,0,5,30" ten="214,224,348,214" oya="2" hai0="99,105,8,73,39,11,50,52,89,70,109,41,66" hai1="107,84,4,46,40,3,86,45,127,31,112,97,104" hai2="95,129,92,88,54,74,28,120,90,82,110,116,98" hai3="12,93,22,44,114,17,130,132,7,64,18,85,16"/><V123/><F116/><W78/><G130/><T59/><D109/><U43/><E112/><V75/><F28/><W94/><G132/><T96/><D73/><U81/><E127/><V56/><F110/><W58/><G114/><T133/><D133/><U124/><E124/><V118/><F118/><W91/><G44/><T32/><D32/><U63/><E31/><V67/><F67/><W10/><G78/><T21/><D21/><U27/><E27/><V0/><F0/><W126/><G126/><T38/><D38/><U60/><E4/><V80/><F56/><W83/><REACH who="3" step="1"/><G22/><REACH who="3" ten="214,224,348,204" step="2"/><T128/><D128/><U68/><E46/><V71/><F129/><W57/><G57/><T62/><D8/><U135/><E45/><V121/><F71/><W25/><G25/><T111/><D11/><U100/><E68/><V102/><F54/><W55/><G55/><T26/><D111/><U9/><E9/><V23/><F23/><W42/><G42/><T34/><D41/><U119/><E43/><V76/><F76/><W125/><G125/><T79/><D79/><U13/><E40/><V51/><F51/><W108/><G108/><T72/><D39/><U20/><E135/><V14/><F14/><W131/><G131/><T87/><D72/><N who="2" m="27690" /><F102/><W115/><G115/><T35/><D105/><U122/><E107/><V6/><F6/><W47/><G47/><T33/><REACH who="0" step="1"/><D26/><REACH who="0" ten="204,224,348,204" step="2"/><U117/><E119/><V24/><F24/><W113/><G113/><T69/><D69/><U29/><E117/><V134/><F134/><W103/><G103/><T15/><D15/><U77/><E13/><RYUUKYOKU ba="0,2" sc="204,10,224,-30,348,10,204,10" hai0="33,34,35,50,52,59,62,66,70,87,89,96,99" hai2="80,82,88,90,92,95,98,120,121,123" hai3="7,10,12,16,17,18,58,64,83,85,91,93,94" /><INIT seed="2,1,2,0,0,0" ten="214,194,358,214" oya="2" hai0="44,124,8,83,52,49,5,33,103,12,31,134,132" hai1="87,100,116,60,106,42,117,25,94,27,72,73,115" hai2="66,75,76,67,48,17,79,120,13,99,2,93,101" hai3="77,10,85,16,105,7,45,9,58,19,81,38,125"/><V39/><F2/><W59/><G125/><T82/><D124/><U63/><E106/><V88/><F39/><W37/><G105/><T130/><D130/><U110/><E115/><V41/><F120/><W86/><G86/><T135/><D103/><U56/><E110/><V122/><F122/><W20/><G10/><T71/><D71/><U68/><E42/><V3/><F3/><W129/><G129/><T64/><D64/><N who="2" m="24618" /><F75/><W62/><G45/><T22/><D33/><U34/><E68/><V36/><F36/><W40/><G40/><T95/><D95/><U29/><E73/><V89/><F48/><W26/><G19/><N who="0" m="10599" /><D31/><U74/><E74/><V84/><F41/><W119/><G119/><T127/><D127/><U54/><E72/><V78/><F84/><W70/><G70/><T98/><D98/><U30/><E63/><V32/><F32/><W109/><G109/><T1/><AGARI ba="1,2" hai="1,5,8,44,49,52,82,83,132,134,135" m="10599" machi="1" ten="30,4000,0" yaku="20,1,52,1,54,1" doraHai="0" who="0" fromWho="0" sc="214,63,194,-11,358,-21,214,-11" /><INIT seed="3,0,0,1,3,119" ten="277,183,337,203" oya="3" hai0="79,128,110,94,39,76,14,111,33,68,21,104,60" hai1="66,38,52,31,72,18,44,62,23,91,126,42,41" hai2="97,101,59,74,124,36,127,134,7,125,6,90,118" hai3="107,131,29,67,132,47,120,130,133,84,121,3,45"/><W123/><G3/><T49/><D104/><U1/><E72/><V8/><F118/><W56/><G107/><T117/><D39/><U43/><E1/><V70/><F70/><W71/><G71/><T114/><D33/><U12/><E126/><V75/><F134/><N who="3" m="51819" /><G29/><T0/><D0/><U135/><E135/><V81/><F36/><W82/><G67/><T48/><D60/><U113/><E113/><V105/><F59/><W93/><G93/><T80/><D94/><U2/><E2/><N who="2" m="87" /><F7/><W89/><G56/><T9/><D21/><U103/><E103/><V87/><AGARI ba="0,0" hai="74,75,81,87,90,97,101,105,124,125,127" m="87" machi="87" ten="40,1500,0" yaku="18,1" doraHai="119" who="2" fromWho="2" sc="277,-4,183,-4,337,15,203,-7" owari="273,7.0,179,-32.0,352,45.0,196,-20.0" /></mjloggm>