<mjloggm ver="2.3"><GO type="97" lobby="0"/><UN n0="%73%65%70%31%39" n1="%E5%B0%B1%E6%B4%BB%E7%94%9F%40%E5%B7%9D%E6%9D%91%E8%BB%8D%E5%9B%A3" n2="%E2%98%86%E3%82%B7%E3%83%A3%E3%83%81%E3%83%8F%E3%82%B2%CE%B2%E2%98%86" n3="%E9%9B%A8%E3%81%AE%E6%97%A5%E3%81%AF%E4%B8%83%E5%AF%BE" dan="14,15,15,15" rate="1877.93,2012.66,2031.21,2010.00" sx="M,M,M,M"/><TAIKYOKU oya="0"/><INIT seed="0,0,0,3,3,108" ten="250,250,250,250" oya="0" hai0="129,130,66,57,12,104,31,23,52,133,82,13,81" hai1="95,83,118,112,124,39,123,45,99,0,65,41,62" hai2="117,100,40,69,58,76,27,116,28,53,127,111,10" hai3="103,64,9,87,73,56,78,8,72,119,25,114,55"/><T128/><D104/><U125/><E0/><V115/><F69/><W6/><G119/><T44/><D133/><U59/><E118/><V15/><F76/><W34/><G103/><T71/><D71/><U131/><E123/><V121/><F127/><N who="1" m="48713" /><E83/><N who="0" m="31753" /><D66/><U19/><E19/><V49/><F121/><W18/><G64/><T11/><D44/><U36/><E131/><N who="0" m="33537" /><T68/><DORA hai="101" /><D68/><U96/><E39/><V29/><F117/><W16/><G87/><T61/><D11/><U46/><E46/><V33/><F116/><W86/><G86/><T107/><D107/><U89/><E99/><V70/><F70/><W26/><G6/><T94/><D94/><U93/><E95/><V20/><F10/><W47/><G47/><T135/><D135/><U97/><E96/><V51/><F100/><W3/><G3/><T35/><D35/><U88/><E89/><V126/><F33/><W110/><G56/><T48/><D61/><U85/><E97/><V134/><F58/><W60/><G60/><T106/><D106/><U90/><E90/><V84/><F134/><W92/><G92/><T63/><D63/><U32/><E32/><V4/><F126/><W102/><G102/><T1/><D1/><U5/><E5/><V30/><F84/><W14/><G34/><T17/><D31/><U54/><E65/><V38/><F29/><W21/><G21/><T98/><D98/><U75/><E75/><V122/><F30/><W43/><G73/><T50/><D50/><U77/><E77/><V2/><F51/><W120/><G72/><T7/><D7/><U24/><E24/><AGARI ba="0,0" hai="12,13,17,23,24,48,52,57" m="33537,31753" machi="24" ten="40,7700,0" yaku="6,1,19,1,54,1" doraHai="108,101" who="0" fromWho="1" sc="250,77,250,-77,250,0,250,0" /><INIT seed="0,1,0,2,0,75" ten="327,173,250,250" oya="0" hai0="82,98,22,89,71,45,53,44,93,133,96,5,114" hai1="3,62,115,95,102,14,100,21,37,26,40,122,51" hai2="79,107,66,10,77,31,72,61,117,68,120,116,43" hai3="30,127,20,125,101,38,110,106,74,104,39,49,109"/><T83/><D114/><U4/><E37/><N who="3" m="13834" /><G49/><T18/><D133/><U121/><E3/><V57/><F120/><W46/><G46/><N who="0" m="18027" /><D71/><U29/><E115/><V11/><F107/><N who="3" m="41003" /><G101/><T88/><D5/><U47/><E121/><V80/><F43/><W24/><G74/><T41/><D41/><U52/><E122/><V67/><F31/><W111/><AGARI ba="1,0" hai="20,24,30,109,110,111,125,127" m="41003,13834" machi="111" ten="40,1500,0" yaku="14,1" doraHai="75" who="3" fromWho="3" sc="327,-8,173,-5,250,-5,250,18" /><INIT seed="1,0,0,0,1,26" ten="319,168,245,268" oya="1" hai0="92,131,66,12,61,50,60,58,97,101,17,85,4" hai1="72,35,98,62,102,71,42,40,88,46,39,8,87" hai2="11,111,18,95,118,5,10,68,13,9,25,126,20" hai3="53,64,24,84,120,94,7,55,123,82,99,29,119"/><U70/><E72/><V106/><F68/><W16/><G7/><T75/><D75/><U77/><E77/><V45/><F106/><W14/><G64/><T6/><D131/><U65/><E35/><V130/><F130/><W116/><G53/><T81/><D50/><U117/><E117/><N who="3" m="45130" /><G55/><T21/><REACH who="0" step="1"/><D60/><REACH who="0" ten="309,168,245,268" step="2"/><U56/><E42/><V1/><F118/><W23/><G120/><T15/><D15/><U76/><E76/><AGARI ba="0,1" hai="4,6,12,17,21,58,61,66,76,81,85,92,97,101" machi="76" ten="30,3900,0" yaku="1,1,7,1,8,1,53,0" doraHai="26" doraHaiUra="112" who="0" fromWho="1" sc="309,49,168,-39,245,0,268,0" /><INIT seed="2,0,0,3,4,85" ten="358,129,245,268" oya="2" hai0="83,37,23,96,81,105,27,4,14,130,113,70,131" hai1="55,49,97,20,101,9,18,129,93,25,22,102,104" hai2="107,91,68,31,44,72,66,90,134,98,106,54,74" hai3="80,8,127,120,47,46,7,60,95,53,116,52,119"/><V126/><F68/><W26/><G120/><T1/><D113/><U108/><E108/><V77/><F66/><W43/><G127/><T87/><D70/><U42/><E129/><N who="0" m="49161" /><D37/><U11/><E42/><V41/><F126/><W118/><G26/><T73/><D1/><U13/><E104/><V6/><F54/><W63/><G80/><T75/><D4/><U58/><REACH who="1" step="1"/><E102/><REACH who="1" ten="358,119,245,268" step="2"/><N who="2" m="62807" /><F107/><W19/><G43/><T33/><D105/><U10/><E10/><V92/><F41/><W2/><G8/><T38/><D38/><U128/><E128/><V103/><F134/><W71/><G119/><T110/><D110/><U61/><E61/><V0/><F103/><W29/><G118/><T133/><D133/><U30/><AGARI ba="0,1" hai="9,11,13,18,20,22,25,30,49,55,58,93,97,101" machi="30" ten="20,5200,0" yaku="1,1,0,1,7,1,8,1,53,0" doraHai="85" doraHaiUra="100" who="1" fromWho="1" sc="358,-13,119,62,245,-26,268,-13" /><INIT seed="3,0,0,0,4,111" ten="345,181,219,255" oya="3" hai0="113,79,6,102,7,67,40,58,109,46,80,55,33" hai1="104,126,47,81,71,24,69,74,83,119,62,18,82" hai2="26,63,84,35,11,29,56,120,114,129,116,122,92" hai3="4,66,59,70,77,14,12,123,8,105,48,17,130"/><W43/><G70/><T1/><D102/><U76/><E104/><V68/><F116/><W131/><G123/><N who="2" m="47145" /><F114/><W110/><G110/><T0/><D67/><U96/><E119/><V19/><F129/><N who="3" m="49163" /><G105/><T15/><D33/><U36/><E126/><V51/><F68/><W61/><G77/><T101/><D15/><U107/><E71/><V128/><F128/><W64/><G43/><T28/><D101/><U54/><E69/><V127/><F127/><W39/><G39/><T13/><D28/><U30/><E36/><V134/><F134/><W93/><G93/><T65/><D13/><U125/><E125/><V10/><F51/><W135/><G48/><T60/><D65/><U100/><E18/><V50/><F50/><W5/><G135/><T16/><D46/><U91/><E47/><V85/><F19/><N who="3" m="8583" /><G64/><T78/><D40/><U90/><E74/><V89/><F85/><W27/><G27/><T121/><D109/><U3/><E3/><V87/><F87/><W103/><G103/><T42/><D42/><U41/><E41/><V108/><F108/><W99/><G99/><T72/><D78/><U23/><E76/><V133/><F133/><W45/><G45/><T25/><D121/><U112/><E112/><V86/><F86/><W57/><G59/><T94/><D113/><U21/><E21/><AGARI ba="0,0" hai="4,5,14,17,21,57,61,66" m="8583,49163" machi="21" ten="30,1500,0" yaku="19,1" doraHai="111" who="3" fromWho="1" sc="345,0,181,-15,219,0,255,15" /><INIT seed="3,1,0,3,2,49" ten="345,166,219,270" oya="3" hai0="27,65,85,21,9,19,115,2,0,108,14,132,47" hai1="4,103,57,133,46,38,43,106,26,59,134,114,96" hai2="122,6,53,18,76,1,79,69,95,62,64,23,78" hai3="58,83,121,7,12,135,68,3,126,28,25,71,82"/><W22/><G121/><T41/><D108/><U97/><E114/><V102/><F122/><W44/><G135/><T11/><D115/><U123/><E123/><V10/><F102/><W42/><G126/><T131/><D132/><U91/><E4/><V52/><REACH who="2" step="1"/><F95/><REACH who="2" ten="345,166,209,270" step="2"/><W60/><G3/><T54/><D0/><U117/><E117/><V45/><F45/><W66/><G44/><T63/><D47/><U128/><E128/><V48/><F48/><W111/><G111/><T17/><D2/><U100/><E133/><V50/><F50/><W124/><G124/><T8/><D131/><U118/><E134/><V67/><F67/><W104/><G42/><T129/><D41/><U80/><E118/><V87/><F87/><W120/><G120/><T101/><D129/><U74/><E26/><AGARI ba="1,1" hai="1,6,10,18,23,26,52,53,62,64,69,76,78,79" machi="26" ten="40,8000,1" yaku="1,1,52,2,54,1,53,0" doraHai="49" doraHaiUra="77" who="2" fromWho="1" sc="345,0,166,-83,209,93,270,0" owari="345,45.0,83,-42.0,302,10.0,270,-13.0" /></mjloggm>