<mjloggm ver="2.3"><GO type="97" lobby="0"/><UN n0="%41%4D%52%EF%BC%A0%E5%B7%9D%E6%9D%91%E8%BB%8D%E5%9B%A3" n1="%66%72%65%65%30" n2="%E9%99%B8%E5%A5%A5%E9%9B%80%E5%A3%AB%EF%BC%A1%EF%BC%A9%EF%BC%B2" n3="%E5%B0%B1%E6%B4%BB%E7%94%9F%40%E5%B7%9D%E6%9D%91%E8%BB%8D%E5%9B%A3" dan="13,14,14,14" rate="1812.86,1877.56,1948.19,1957.25" sx="M,M,M,M"/><TAIKYOKU oya="0"/><INIT seed="0,0,0,1,2,66" ten="250,250,250,250" oya="0" hai0="3,121,72,39,22,42,13,118,62,93,111,90,19" hai1="134,7,122,36,15,120,63,86,110,34,96,119,55" hai2="49,88,112,26,11,10,17,131,77,114,129,69,44" hai3="40,68,33,109,76,92,70,56,32,85,74,12,28"/><T75/><D121/><U91/><E36/><V135/><F77/><W133/><G74/><T125/><D118/><U115/><E119/><V87/><F135/><W107/><G107/><T130/><D125/><U1/><E1/><V97/><F97/><W100/><G133/><T24/><D3/><U67/><E134/><V95/><F26/><W4/><G40/><T80/><D130/><N who="2" m="49674" /><F69/><W51/><G109/><T54/><D111/><U102/><E34/><V14/><F10/><W104/><G104/><T60/><D80/><U30/><E110/><V41/><AGARI ba="0,0" hai="11,14,17,41,44,49,87,88,95,112,114" m="49674" machi="41" ten="30,2000,0" yaku="19,1,54,1" doraHai="66" who="2" fromWho="2" sc="250,-10,250,-5,250,20,250,-5" /><INIT seed="1,0,0,4,3,70" ten="240,245,270,245" oya="1" hai0="90,53,82,96,62,88,119,109,115,57,14,7,17" hai1="36,94,22,84,63,34,41,93,91,122,77,8,15" hai2="128,33,72,114,117,19,31,107,126,106,69,50,101" hai3="54,134,59,123,110,11,129,13,25,4,83,108,130"/><U26/><E34/><V49/><F19/><W20/><G83/><T74/><D119/><U55/><E122/><V95/><F31/><N who="3" m="17831" /><G59/><T42/><D115/><U78/><E41/><V135/><F49/><W39/><G39/><T73/><D109/><N who="3" m="42089" /><G54/><T2/><D42/><U66/><E36/><V81/><F50/><W1/><G123/><T51/><D90/><U24/><E55/><V46/><F46/><W89/><G89/><T5/><D74/><U127/><E93/><V10/><F95/><W121/><G121/><T92/><D2/><U43/><E43/><V28/><F81/><W132/><G1/><T99/><D99/><U30/><E127/><V120/><F101/><W6/><G6/><T111/><D111/><U116/><E116/><V67/><F117/><W125/><G125/><T64/><D73/><U12/><E63/><V37/><F72/><W45/><G45/><N who="0" m="27887" /><D82/><U40/><E40/><V79/><F126/><W87/><G87/><T97/><D96/><U61/><E66/><V86/><F67/><W100/><G100/><T27/><D27/><N who="1" m="16759" /><E61/><V113/><F120/><W32/><G32/><T56/><D56/><U103/><E103/><V38/><F33/><W3/><G3/><T65/><D65/><U98/><E98/><V68/><F69/><W21/><G21/><AGARI ba="0,0" hai="5,7,14,17,21,57,62,64,88,92,97" m="27887" machi="21" ten="30,2000,0" yaku="8,1,54,1" doraHai="70" who="0" fromWho="3" sc="240,20,245,0,270,0,245,-20" /><INIT seed="2,0,0,5,5,85" ten="260,245,270,225" oya="2" hai0="36,67,2,72,12,92,90,54,1,3,77,117,127" hai1="59,131,75,91,133,115,126,40,7,50,6,33,35" hai2="28,93,119,32,47,80,29,83,120,96,125,128,58" hai3="13,114,21,5,94,108,63,87,69,62,44,101,99"/><V130/><F120/><W57/><G114/><T97/><D127/><U46/><E115/><V111/><F125/><W106/><G108/><T109/><D109/><U17/><E126/><V122/><F111/><W89/><G69/><T15/><D36/><U66/><E75/><V110/><F110/><W14/><G44/><T121/><D121/><U81/><E133/><V124/><F122/><W98/><G5/><N who="1" m="1546" /><E33/><V9/><F124/><W134/><G134/><T135/><D135/><U22/><E35/><V116/><F9/><W4/><G4/><T60/><D117/><U70/><E70/><V61/><F47/><W102/><G21/><T104/><D104/><U123/><E123/><V65/><F83/><W49/><G49/><T88/><D54/><U34/><E34/><V105/><F80/><W56/><G56/><T31/><D31/><N who="2" m="11850" /><F32/><W43/><G43/><T79/><D79/><U51/><E131/><N who="2" m="50219" /><F105/><W100/><G62/><T132/><D132/><U118/><E118/><V30/><F30/><W48/><G48/><T76/><D72/><U19/><E51/><V26/><F26/><W78/><G78/><N who="0" m="30315" /><D3/><U18/><E81/><V20/><F20/><W41/><G41/><T37/><D37/><U10/><E10/><V24/><F24/><W45/><G45/><T52/><D2/><U55/><E66/><V39/><F39/><W23/><G23/><T71/><D1/><U112/><E22/><V84/><F119/><W0/><G0/><T73/><D73/><U38/><E112/><V42/><F116/><W25/><G25/><T27/><D27/><U82/><E82/><RYUUKYOKU ba="0,0" sc="260,-10,245,30,270,-10,225,-10" hai1="17,18,19,38,40,46,50,55,59,91" /><INIT seed="3,1,0,1,1,29" ten="250,275,260,215" oya="3" hai0="131,48,22,5,9,84,20,58,11,17,125,106,118" hai1="1,42,46,112,7,6,26,133,19,92,128,24,119" hai2="80,100,14,115,30,82,61,79,123,89,96,83,59" hai3="107,93,98,134,55,65,56,94,81,45,69,52,43"/><W60/><G134/><T25/><D118/><U35/><E112/><V120/><F115/><W67/><G107/><T85/><D106/><U63/><E63/><V108/><F108/><W87/><G67/><T4/><D131/><U2/><E92/><V97/><F30/><W15/><G15/><T0/><D125/><U68/><E68/><V122/><F14/><W111/><G111/><T74/><D74/><U16/><E46/><V18/><F18/><N who="1" m="6697" /><E42/><V73/><F89/><W34/><G34/><T99/><D99/><U109/><E109/><V105/><REACH who="2" step="1"/><F96/><REACH who="2" ten="250,275,250,215" step="2"/><W13/><G13/><T28/><D28/><U114/><E114/><V88/><F88/><N who="3" m="55591" /><G94/><T10/><D0/><U33/><E128/><V103/><F103/><W127/><G127/><T54/><D20/><U12/><E133/><V102/><F102/><W36/><G69/><T71/><D71/><U126/><E126/><V38/><F38/><W8/><G8/><T124/><D124/><U72/><E119/><V78/><F78/><N who="3" m="46519" /><G36/><T37/><D37/><U41/><E12/><V75/><F75/><W113/><G113/><T104/><D104/><U91/><E72/><V130/><F130/><W62/><G62/><T101/><D101/><U40/><E1/><V50/><F50/><W44/><G43/><T3/><D3/><U51/><E2/><V95/><F95/><W47/><AGARI ba="1,1" hai="44,45,47,52,55,56,60,65" m="46519,55591" machi="47" ten="30,6000,0" yaku="8,1,54,2" doraHai="29" who="3" fromWho="3" sc="250,-21,275,-21,250,-21,215,73" /><INIT seed="3,2,0,0,1,59" ten="229,254,229,288" oya="3" hai0="102,115,56,79,39,45,52,120,81,67,92,72,58" hai1="111,124,70,8,109,29,7,64,1,69,62,46,84" hai2="60,31,116,5,43,134,133,19,61,123,26,117,94" hai3="24,75,89,41,18,68,35,77,97,105,55,129,107"/><W132/><G129/><T36/><D120/><U28/><E124/><V21/><F123/><W13/><G132/><N who="2" m="50793" /><F5/><W14/><G68/><T131/><D131/><U83/><E70/><V54/><F43/><W128/><G128/><T74/><D115/><U47/><E47/><V135/><F135/><W113/><G113/><T86/><D36/><U101/><E46/><V82/><F82/><W71/><G71/><T17/><D67/><U106/><E101/><V3/><F3/><W66/><G66/><T44/><D58/><U6/><E6/><V85/><F31/><W114/><G114/><T99/><D44/><U32/><E106/><V63/><F54/><W40/><G105/><T104/><D17/><U53/><E53/><V30/><F30/><W73/><G55/><T27/><D27/><U65/><E65/><V95/><F85/><W78/><G73/><T98/><D45/><U33/><E28/><V100/><F100/><W25/><G75/><T34/><D34/><U122/><E29/><V51/><F51/><W48/><G48/><T38/><D72/><U10/><E122/><V93/><AGARI ba="2,0" hai="19,21,26,60,61,63,93,94,95,116,117" m="50793" machi="93" ten="40,8000,1" yaku="20,1,52,3" doraHai="59" who="2" fromWho="2" sc="229,-22,254,-22,229,86,288,-42" owari="207,-29.0,232,-17.0,315,41.0,246,5.0" /></mjloggm>