<mjloggm ver="2.3"><GO type="97" lobby="0"/><UN n0="%E6%9C%80%E5%BC%B7%E3%81%AE%E9%9B%80%E5%A3%AB%E7%8F%BE%E3%82%8B" n1="%E4%B8%96%E7%B4%80%E6%9C%AB%E8%A6%87%E8%80%85" n2="%E4%B9%9D%E6%98%9F%E6%9A%81%E9%9B%84%E9%A6%AC" n3="%E5%B0%B1%E6%B4%BB%E7%94%9F%40%E5%B7%9D%E6%9D%91%E8%BB%8D%E5%9B%A3" dan="14,14,14,15" rate="1839.10,1959.36,1901.46,1966.24" sx="M,M,M,M"/><TAIKYOKU oya="0"/><INIT seed="0,0,0,5,5,77" ten="250,250,250,250" oya="0" hai0="86,90,12,20,91,17,60,35,81,113,13,50,55" hai1="125,78,67,49,41,106,73,14,119,105,63,64,76" hai2="34,92,83,88,2,6,122,127,85,43,115,52,7" hai3="89,15,123,103,82,10,87,44,114,46,131,36,3"/><T134/><D113/><U26/><E119/><V8/><F115/><W24/><G123/><T40/><D35/><U96/><E125/><V66/><F122/><W116/><G3/><T94/><D134/><U62/><E26/><V132/><F34/><W97/><G116/><T0/><D0/><U33/><E33/><V68/><F132/><W126/><G114/><T21/><D40/><U9/><E49/><V32/><F32/><W71/><G126/><T104/><D104/><U4/><E41/><V5/><F43/><W112/><G131/><T130/><D130/><U101/><E105/><V120/><F120/><W117/><G117/><T56/><D12/><U18/><E4/><V38/><F38/><W129/><G112/><T74/><D74/><U53/><E53/><V102/><F127/><W61/><G129/><T42/><D42/><U124/><E73/><V19/><F68/><W108/><G108/><T135/><D135/><U110/><E110/><V95/><F66/><W93/><G36/><T100/><D100/><U45/><E45/><V48/><F102/><W59/><G71/><T58/><D21/><U84/><E124/><V47/><F2/><W22/><G15/><AGARI ba="0,0" hai="5,6,7,8,15,19,47,48,52,83,85,88,92,95" machi="15" ten="40,12000,2" yaku="25,2,8,1,52,1,54,2" doraHai="77" who="2" fromWho="3" sc="250,0,250,0,250,120,250,-120" /><INIT seed="1,0,0,5,2,134" ten="250,250,370,130" oya="1" hai0="23,15,22,103,115,135,89,107,81,94,93,83,118" hai1="96,6,37,91,122,9,116,58,74,2,112,61,39" hai2="30,99,21,12,20,133,78,54,84,51,17,48,88" hai3="55,106,49,5,108,56,8,114,50,68,0,76,40"/><U77/><E122/><V71/><F71/><W34/><G68/><T72/><D72/><U102/><E116/><V31/><F133/><W95/><G114/><T53/><D118/><U16/><E112/><V18/><F78/><W11/><G106/><T87/><D135/><U105/><E91/><V44/><F99/><W73/><G108/><T64/><D115/><U47/><E47/><V10/><F51/><W97/><G34/><T128/><D64/><U57/><E57/><V129/><F129/><W120/><G120/><T67/><D128/><U43/><E43/><V125/><F125/><W70/><G70/><T4/><D67/><U32/><E32/><V36/><F36/><W126/><G126/><T110/><D110/><U100/><E100/><V46/><F46/><W121/><G121/><T80/><D107/><U113/><E113/><V35/><F35/><W86/><G73/><T45/><D45/><U66/><E77/><V29/><F18/><W90/><G11/><N who="0" m="4583" /><D53/><U111/><E74/><V85/><F85/><W26/><G26/><T33/><D33/><U28/><E111/><V65/><F65/><W14/><G0/><T101/><D94/><AGARI ba="0,0" hai="10,12,17,20,21,29,30,31,44,48,54,84,88,94" machi="94" ten="40,2600,0" yaku="8,1,54,1" doraHai="134" who="2" fromWho="0" sc="250,-26,250,0,370,26,130,0" /><INIT seed="2,0,0,5,2,92" ten="224,250,396,130" oya="2" hai0="115,118,69,3,113,57,10,134,33,7,117,31,123" hai1="18,16,28,89,12,49,109,29,23,99,20,111,83" hai2="108,65,102,46,11,41,98,8,42,61,4,95,81" hai3="116,132,77,124,2,125,0,34,106,55,94,87,19"/><V22/><F108/><N who="1" m="41545" /><E49/><V24/><F81/><W1/><G106/><T104/><D57/><U75/><E75/><V101/><F101/><W64/><G116/><N who="0" m="44651" /><D104/><U67/><E67/><V112/><F112/><N who="0" m="43082" /><D69/><U63/><E63/><V35/><F35/><W72/><G72/><T114/><N who="0" m="43090" /><T73/><DORA hai="43" /><D73/><U30/><E83/><V88/><F102/><W52/><G132/><T84/><D84/><U66/><E66/><V96/><F96/><W59/><G34/><T62/><D62/><U54/><E54/><V130/><F130/><W71/><G71/><T107/><D107/><U37/><E37/><V93/><F93/><W131/><G131/><T79/><D79/><U50/><E50/><V119/><F119/><W21/><G64/><T133/><D123/><U126/><E126/><N who="3" m="48746" /><G59/><T56/><D56/><U82/><E82/><V80/><F80/><N who="3" m="47503" /><G94/><T36/><D36/><U26/><E89/><V100/><F100/><W51/><G51/><T127/><D127/><U9/><E99/><V129/><F129/><W76/><G76/><T58/><D58/><U91/><E91/><V122/><F122/><W14/><AGARI ba="0,0" hai="0,1,2,14,19,21,52,55" m="47503,48746" machi="14" ten="40,2700,0" yaku="18,1,54,1" doraHai="92,43" who="3" fromWho="3" sc="224,-7,250,-7,396,-13,130,27" /><INIT seed="3,0,0,0,1,114" ten="217,243,383,157" oya="3" hai0="35,32,54,83,23,59,33,26,110,48,117,13,131" hai1="62,36,127,99,128,87,24,76,98,10,18,107,66" hai2="58,97,4,57,34,31,85,122,90,39,84,73,77" hai3="29,121,25,102,30,15,71,95,53,12,113,49,126"/><W68/><G121/><T37/><D37/><U116/><E36/><V55/><F39/><W106/><G106/><T93/><D110/><U38/><E38/><V27/><F122/><W135/><G113/><T3/><D131/><U42/><E42/><V2/><F73/><W112/><G112/><T80/><D3/><U89/><E76/><V14/><F2/><W67/><G126/><T132/><D132/><U79/><E79/><V111/><F111/><W60/><G135/><T88/><D13/><U92/><E107/><V94/><F58/><W118/><G118/><T63/><D48/><U47/><E116/><V82/><F14/><W72/><G72/><T64/><D64/><U115/><E128/><V125/><F4/><W108/><G108/><T43/><D43/><U78/><E78/><V50/><F125/><W103/><G71/><T134/><D134/><U40/><E127/><V19/><F19/><W7/><G30/><T96/><REACH who="0" step="1"/><D117/><REACH who="0" ten="207,243,383,157" step="2"/><U61/><E40/><V1/><F1/><W8/><G95/><T120/><D120/><U105/><E92/><V52/><F55/><W28/><G28/><AGARI ba="0,1" hai="23,26,28,32,33,35,54,59,63,80,83,88,93,96" machi="28" ten="40,5200,0" yaku="1,1,54,1,53,1" doraHai="114" doraHaiUra="86" who="0" fromWho="3" sc="207,62,243,0,383,0,157,-52" owari="269,7.0,243,-16.0,383,48.0,105,-39.0" /></mjloggm>