<mjloggm ver="2.3"><GO type="97" lobby="0"/><UN n0="%E5%B0%8F%E8%B1%86%E6%A2%93%E2%99%AA" n1="%E5%B0%B1%E6%B4%BB%E7%94%9F%40%E5%B7%9D%E6%9D%91%E8%BB%8D%E5%9B%A3" n2="%74%61%61%6B%75%75" n3="%E5%BC%B7%E6%AC%B2" dan="14,15,14,15" rate="1917.11,1993.96,1942.80,2018.35" sx="F,M,M,M"/><TAIKYOKU oya="0"/><INIT seed="0,0,0,2,2,108" ten="250,250,250,250" oya="0" hai0="57,9,39,128,87,83,15,2,102,75,110,133,96" hai1="84,30,46,122,131,124,82,54,72,58,16,34,60" hai2="106,67,22,24,123,117,68,32,127,121,31,95,21" hai3="55,50,79,125,94,35,7,103,43,13,111,64,33"/><T19/><D39/><U119/><E122/><V85/><F106/><W120/><G120/><T114/><D75/><U18/><E72/><V91/><F127/><W70/><G125/><T42/><D110/><U36/><E119/><V104/><F117/><W105/><G111/><T27/><D128/><U52/><E124/><V23/><REACH who="2" step="1"/><F104/><REACH who="2" ten="250,250,240,250" step="2"/><W14/><G105/><T116/><D133/><U74/><E74/><V53/><F53/><W51/><G55/><T1/><D116/><U71/><E131/><V28/><F28/><W112/><G43/><T90/><D42/><U49/><E71/><V88/><F88/><W97/><G70/><T69/><D90/><U77/><E36/><V59/><F59/><W100/><G64/><T29/><D69/><U56/><E30/><V20/><N who="2" m="5632" /><DORA hai="44" /><V10/><F10/><W4/><G79/><T109/><D9/><U73/><E73/><V107/><F107/><W41/><G41/><T89/><D29/><U5/><E34/><V65/><F65/><W17/><G100/><T99/><D57/><U47/><E47/><V25/><F25/><W126/><G103/><T12/><D27/><U45/><E45/><V26/><F26/><W63/><G126/><T78/><D89/><U76/><E46/><V130/><F130/><W134/><G134/><T101/><D78/><U118/><E118/><V93/><F93/><W0/><G94/><T98/><D102/><U66/><E66/><V132/><F132/><W113/><G33/><T11/><D101/><U92/><E76/><V81/><F81/><W48/><G35/><T40/><D83/><RYUUKYOKU ba="0,1" sc="250,-10,250,-10,240,30,250,-10" hai2="24,31,32,67,68,85,91,95,121,123" /><INIT seed="1,1,1,0,1,57" ten="240,240,270,240" oya="1" hai0="42,36,96,76,58,47,101,18,71,133,55,22,50" hai1="135,108,68,27,88,10,40,59,25,110,102,103,66" hai2="9,1,91,63,61,81,26,129,98,69,126,11,38" hai3="125,87,64,5,94,32,114,128,34,53,2,41,39"/><U130/><E68/><V117/><F38/><W56/><G114/><T121/><D121/><U134/><E130/><V120/><F117/><W77/><G128/><T3/><D3/><U12/><E40/><V104/><F129/><W84/><G125/><T92/><D133/><N who="1" m="50699" /><E59/><V31/><F120/><W122/><G122/><T45/><D71/><U80/><E66/><V23/><F69/><W90/><G64/><T119/><D119/><U100/><E27/><V48/><F48/><W99/><G2/><T132/><D132/><U13/><E25/><V113/><F126/><W43/><G5/><T89/><D76/><U107/><E107/><V6/><F11/><W131/><G131/><T85/><D36/><U105/><E105/><V73/><F113/><W19/><G39/><T14/><REACH who="0" step="1"/><D42/><REACH who="0" ten="230,240,270,240" step="2"/><U116/><E116/><V83/><F1/><W111/><G41/><T115/><D115/><U7/><E13/><V118/><F118/><W97/><G43/><T123/><D123/><U54/><E54/><V21/><F26/><W0/><G0/><T82/><AGARI ba="1,2" hai="14,18,22,45,47,50,55,58,82,85,89,92,96,101" machi="82" ten="20,8000,1" yaku="1,1,0,1,7,1,8,1,53,1" doraHai="57" doraHaiUra="51" who="0" fromWho="0" sc="230,103,240,-41,270,-21,240,-21" /><INIT seed="2,0,0,4,0,25" ten="333,199,249,219" oya="2" hai0="114,47,6,122,135,72,131,16,105,58,101,20,94" hai1="112,133,71,56,123,74,48,22,36,81,90,76,49" hai2="11,124,93,102,34,1,127,128,61,15,121,33,109" hai3="46,44,9,69,17,21,35,31,24,32,83,88,65"/><V54/><F121/><W86/><G69/><T4/><D122/><U19/><E112/><V23/><F1/><W50/><G65/><T52/><D114/><U78/><E71/><V97/><F128/><W95/><G95/><T84/><D105/><U57/><E123/><V27/><F109/><W119/><G119/><T45/><D72/><U82/><E36/><V62/><F54/><N who="3" m="30023" /><G46/><N who="0" m="17419" /><D135/><U132/><E90/><V106/><F106/><W96/><G96/><N who="0" m="59543" /><D84/><U8/><E8/><V0/><F0/><W10/><G10/><T85/><D85/><U30/><E19/><N who="2" m="12799" /><F33/><W38/><G38/><T118/><D118/><U73/><E22/><V126/><F34/><W28/><G35/><T77/><D77/><U111/><E111/><V13/><F13/><N who="3" m="7343" /><G32/><T107/><D107/><U87/><E87/><V59/><F59/><W113/><G113/><T98/><D98/><U51/><E51/><V43/><F43/><W103/><G103/><T29/><D29/><AGARI ba="0,0" hai="29,30,48,49,56,57,73,74,76,78,81,82,132,133" machi="29" ten="25,6400,0" yaku="22,2,52,2" doraHai="25" who="1" fromWho="0" sc="333,-64,199,64,249,0,219,0" /><AGARI ba="0,0" hai="21,24,28,29,31,83,86,88" m="7343,30023" machi="29" ten="30,12000,2" yaku="25,1,8,1,52,3,54,1" doraHai="25" who="3" fromWho="0" sc="269,-120,263,0,249,0,219,120" /><INIT seed="3,0,0,2,4,21" ten="149,263,249,339" oya="3" hai0="101,3,78,55,34,89,50,28,16,0,46,26,31" hai1="60,7,128,93,116,8,120,100,63,134,56,81,37" hai2="117,67,13,1,127,57,87,33,75,4,64,66,22" hai3="12,105,9,82,54,135,52,123,129,132,24,102,107"/><W36/><G36/><T43/><D101/><U110/><E37/><V77/><F75/><W94/><G123/><T88/><D78/><U98/><E120/><V62/><F33/><W113/><G113/><T118/><D118/><U42/><E128/><V80/><F117/><W18/><G129/><T83/><D3/><U59/><E134/><N who="3" m="51242" /><G82/><T45/><D0/><U23/><E42/><V97/><F1/><W14/><G14/><T51/><D34/><U130/><E130/><V68/><F68/><W69/><G69/><T48/><D48/><U85/><E116/><V106/><F127/><W38/><G38/><T74/><D74/><U29/><E110/><V49/><F49/><W53/><G24/><T125/><D125/><U2/><E23/><V126/><F126/><W47/><G47/><T91/><D83/><U90/><E29/><V103/><REACH who="2" step="1"/><F22/><AGARI ba="0,0" hai="16,22,26,28,31,43,45,46,50,51,55,88,89,91" machi="22" ten="40,8000,1" yaku="8,1,52,1,54,2" doraHai="21" who="0" fromWho="2" sc="149,80,263,0,249,-80,339,0" owari="229,-17.0,263,6.0,169,-33.0,339,44.0" /></mjloggm>