<mjloggm ver="2.3"><GO type="169" lobby="0"/><UN n0="%E3%81%B2%E3%81%90%E3%81%A1" n1="%E3%82%A6%E3%83%AB%E3%83%88%E3%83%A9%E7%AB%8B%E7%9B%B4" n2="%70%70%67%75%6E" n3="%E6%98%9F%E3%81%AE%E3%81%8A%E3%81%98%E3%81%84%E6%A7%98" dan="18,17,17,16" rate="2186.37,2212.95,2130.15,2138.99" sx="M,M,M,F"/><TAIKYOKU oya="0"/><INIT seed="0,0,0,2,0,57" ten="250,250,250,250" oya="0" hai0="71,111,84,38,67,60,61,36,19,119,48,52,65" hai1="72,109,80,98,9,0,108,68,110,115,135,106,66" hai2="29,37,69,23,117,122,54,58,28,11,103,130,63" hai3="2,13,73,114,99,26,18,77,76,125,6,50,20"/><T89/><D119/><U53/><E53/><V1/><F122/><W95/><G114/><T74/><D74/><U75/><E135/><V128/><F117/><W88/><G125/><T126/><D126/><U105/><E115/><V116/><F116/><W100/><G73/><T85/><D111/><U42/><E42/><V94/><F37/><W51/><G2/><T132/><D132/><U93/><E93/><V107/><F107/><N who="1" m="40969" /><E98/><N who="2" m="59863" /><F69/><W112/><G112/><T41/><D41/><U124/><E80/><V133/><F133/><W123/><G123/><T97/><D97/><U16/><E124/><V7/><F23/><W118/><G118/><T5/><D5/><N who="1" m="1191" /><E16/><V3/><F1/><W17/><G100/><T24/><D38/><U33/><E33/><V22/><F22/><N who="3" m="11599" /><G6/><T82/><D36/><U86/><E86/><V10/><F11/><W30/><G17/><T15/><D24/><U96/><E96/><V127/><F127/><W46/><G50/><T31/><D31/><U120/><E120/><V121/><F121/><W131/><G131/><AGARI ba="0,0" hai="3,7,10,28,29,54,58,63,128,130,131" m="59863" machi="131" ten="30,2000,0" yaku="19,1,52,1" doraHai="57" who="2" fromWho="3" sc="250,0,250,0,250,20,250,-20" /><INIT seed="1,0,0,5,0,38" ten="250,250,270,230" oya="1" hai0="49,30,74,9,91,4,94,61,59,100,89,0,12" hai1="77,98,126,115,79,109,22,80,10,83,118,73,70" hai2="88,103,102,34,65,29,45,132,44,92,48,72,27" hai3="128,28,11,3,131,119,96,62,106,51,78,26,129"/><U125/><E70/><V95/><F132/><W37/><G37/><T124/><D74/><U6/><E118/><V54/><F72/><W8/><G119/><T112/><D112/><U123/><E123/><V56/><F65/><W130/><G3/><T53/><D124/><N who="1" m="47723" /><E115/><V50/><F92/><W117/><G117/><T20/><D0/><N who="1" m="327" /><E109/><V93/><F95/><W55/><G62/><T21/><D100/><U57/><E57/><V75/><F75/><W104/><G78/><T7/><D7/><U52/><E52/><V121/><F121/><W87/><G87/><T133/><D133/><U32/><E32/><V82/><F82/><N who="1" m="31273" /><E73/><V113/><F113/><W16/><G104/><T81/><D81/><U86/><E86/><V19/><F19/><W13/><G106/><T39/><D94/><U105/><E22/><V18/><F18/><W76/><G96/><T114/><D20/><U111/><E111/><V24/><F27/><W101/><G130/><T99/><D99/><U5/><E5/><V64/><F64/><W47/><G76/><T127/><D114/><U58/><E58/><V85/><F56/><W67/><G67/><T35/><D35/><U42/><E42/><AGARI ba="0,0" hai="24,29,34,42,44,45,48,50,54,85,88,93,102,103" machi="42" ten="30,3900,0" yaku="7,1,52,1,54,1" doraHai="38" who="2" fromWho="1" sc="250,0,250,-39,270,39,230,0" /><INIT seed="2,0,0,1,1,36" ten="250,211,309,230" oya="2" hai0="102,29,70,119,18,101,120,39,79,27,125,81,60" hai1="76,66,113,87,95,51,50,99,64,12,43,7,105" hai2="68,127,96,40,88,94,38,35,103,13,26,9,56" hai3="31,114,19,24,97,110,62,5,92,72,86,65,30"/><V46/><F127/><W83/><G72/><T15/><D120/><U54/><E105/><V48/><F68/><W0/><G110/><T107/><D125/><U17/><E7/><V130/><F130/><W132/><G132/><T21/><D39/><U10/><E113/><V61/><F38/><W98/><G98/><T100/><D119/><U53/><E87/><V14/><F35/><W71/><G5/><T111/><D111/><U104/><E76/><V133/><F133/><W85/><G0/><T84/><D107/><U49/><E104/><V93/><F26/><W90/><G114/><T37/><D37/><U28/><E28/><V23/><F23/><W89/><G97/><T44/><D44/><N who="1" m="25759" /><E50/><V128/><F9/><W47/><G47/><T55/><D70/><U115/><E115/><V109/><F128/><W126/><G126/><T20/><D55/><N who="1" m="21003" /><E51/><V77/><F77/><W117/><G117/><T122/><D122/><U67/><E67/><N who="2" m="39335" /><F109/><W135/><G135/><T2/><D2/><U69/><E69/><V123/><F123/><W33/><G31/><T129/><D129/><U121/><E121/><V59/><F59/><W3/><G3/><T82/><D82/><U42/><E42/><V34/><F34/><W108/><G108/><T118/><D118/><U112/><E112/><V41/><F40/><W134/><G134/><T73/><D73/><U78/><E78/><V131/><F131/><W1/><G1/><T63/><AGARI ba="0,0" hai="15,18,20,21,27,29,60,63,79,81,84,100,101,102" machi="63" ten="30,2000,0" yaku="0,1,8,1" doraHai="36" who="0" fromWho="0" sc="250,20,211,-5,309,-10,230,-5" /><INIT seed="3,0,0,0,2,103" ten="270,206,299,225" oya="3" hai0="4,75,134,30,88,48,127,13,51,93,80,1,52" hai1="92,31,102,70,26,76,35,61,64,11,20,97,43" hai2="95,94,126,120,72,114,119,66,83,56,117,71,9" hai3="17,90,86,55,78,0,128,84,99,130,65,112,41"/><W28/><G0/><T116/><D1/><U50/><E76/><V107/><F114/><W45/><G112/><T81/><D116/><U85/><E85/><V14/><F71/><W108/><G65/><T67/><D75/><U7/><E50/><V24/><F107/><W87/><G28/><T6/><D127/><U105/><E43/><V110/><F24/><W123/><G123/><T133/><D67/><U44/><E44/><V10/><F9/><W73/><G55/><T100/><D30/><U54/><E54/><V12/><F14/><W77/><G108/><T47/><D100/><U53/><E53/><V68/><F68/><W118/><G118/><T40/><D13/><U79/><E79/><N who="3" m="30218" /><G17/><T60/><D60/><U121/><E121/><V36/><F36/><W18/><G18/><T69/><D69/><U42/><E42/><V98/><F120/><W91/><G73/><T2/><D2/><U63/><E63/><V37/><F37/><W111/><G111/><T25/><D25/><U109/><E109/><V23/><F110/><W59/><G59/><N who="0" m="33159" /><D134/><U135/><E135/><V33/><F33/><W125/><G125/><T101/><D101/><U57/><E35/><V113/><F126/><W74/><G74/><T19/><D19/><U96/><E70/><V82/><F72/><W89/><G99/><N who="0" m="57767" /><D133/><U49/><E96/><V8/><F113/><W16/><G16/><T104/><D104/><U21/><E105/><V106/><F106/><W34/><G34/><T122/><D122/><U29/><E97/><V32/><F117/><W46/><G41/><T115/><D115/><RYUUKYOKU ba="0,0" sc="270,15,206,-15,299,-15,225,15" hai0="4,6,40,47,51,80,81" hai3="45,46,84,86,87,89,90,91,128,130" /><INIT seed="3,1,0,4,5,79" ten="285,191,284,240" oya="3" hai0="69,126,111,68,23,120,6,20,82,135,41,33,106" hai1="75,103,124,61,112,116,96,29,15,50,17,83,76" hai2="45,88,59,99,49,31,94,0,51,26,125,87,97" hai3="85,113,73,4,32,84,98,34,11,86,72,127,39"/><W81/><G39/><T38/><D6/><U37/><E37/><V2/><F125/><W118/><G118/><T115/><D41/><U12/><E124/><V110/><F110/><W47/><G127/><T18/><D18/><U5/><E112/><V53/><F0/><W1/><G113/><T42/><D42/><U25/><E116/><V28/><F2/><W66/><G66/><T36/><D106/><U129/><E129/><V63/><F49/><W104/><G47/><T131/><D33/><U19/><E50/><V134/><F134/><W130/><G130/><T46/><D46/><U7/><E61/><V77/><F77/><W48/><G48/><T44/><D44/><U122/><E122/><V71/><F71/><W133/><G133/><T13/><D13/><U121/><E121/><V92/><F26/><W101/><REACH who="3" step="1"/><G81/><REACH who="3" ten="285,191,284,230" step="2"/><T64/><D131/><U10/><E5/><V24/><F45/><W40/><G40/><T93/><D64/><U100/><E7/><V22/><F59/><W105/><G105/><T123/><D126/><U109/><E109/><V67/><F67/><W91/><G91/><T43/><D43/><U95/><E100/><V3/><F88/><W132/><G132/><T108/><D135/><U107/><E107/><V74/><F92/><W9/><G9/><T14/><D93/><U90/><E103/><V16/><F94/><W35/><AGARI ba="1,1" hai="1,4,11,32,34,35,72,73,84,85,86,98,101,104" machi="35" ten="40,3900,0" yaku="1,1,0,1,53,0" doraHai="79" doraHaiUra="65" who="3" fromWho="3" sc="285,-14,191,-14,284,-14,230,52" /><INIT seed="3,2,0,5,1,132" ten="271,177,270,282" oya="3" hai0="12,104,54,92,34,95,68,105,42,61,18,13,31" hai1="107,64,84,111,11,46,129,16,70,23,8,56,113" hai2="101,51,109,73,103,40,28,134,55,66,88,106,99" hai3="24,48,25,32,102,123,114,14,82,108,21,110,112"/><W122/><G102/><T75/><D75/><U93/><E107/><V57/><F134/><W131/><G82/><T10/><D42/><U45/><E70/><V27/><F109/><N who="3" m="42091" /><G48/><T133/><D31/><U120/><E129/><V94/><F73/><W58/><G58/><T0/><D10/><N who="1" m="3627" /><E113/><N who="3" m="43626" /><G131/><T71/><D61/><N who="1" m="37927" /><E120/><N who="3" m="46122" /><G32/><T15/><D54/><U87/><E111/><V83/><F55/><W2/><G2/><T127/><D92/><U124/><E93/><V67/><F94/><W130/><G130/><T33/><D95/><U29/><E46/><V62/><F83/><W50/><G50/><T76/><D0/><U74/><E45/><V36/><F51/><W60/><G60/><T5/><D34/><U6/><E74/><V3/><F3/><W125/><G125/><T7/><D33/><U79/><E124/><V86/><F57/><W35/><G35/><T85/><D127/><U53/><E53/><V22/><F62/><W119/><G119/><T20/><D71/><U37/><E79/><V19/><F101/><W39/><G39/><T69/><D68/><U41/><E37/><V49/><F36/><W121/><N who="3" m="46130" /><W30/><DORA hai="78" /><G30/><T63/><D69/><U135/><E29/><V72/><F28/><W9/><G21/><T98/><D63/><U96/><E23/><V52/><F40/><W80/><G80/><T116/><D116/><U115/><E115/><V4/><F72/><W77/><G77/><T44/><D76/><U47/><E41/><V97/><F103/><W89/><G89/><T65/><D20/><U118/><E118/><V59/><F22/><RYUUKYOKU ba="2,0" sc="271,-10,177,-10,270,-10,282,30" hai3="9,14,24,25" /><INIT seed="3,3,0,5,3,79" ten="261,167,260,312" oya="3" hai0="93,110,53,32,28,113,30,124,60,25,41,56,88" hai1="94,91,84,97,121,33,63,8,90,107,52,101,105" hai2="17,59,40,112,39,125,98,47,127,19,18,131,95" hai3="103,55,46,87,12,74,85,15,81,16,89,117,111"/><W45/><G117/><T114/><D110/><U48/><E33/><V61/><F112/><N who="0" m="43114" /><D41/><U108/><E108/><V129/><F95/><N who="3" m="54703" /><G74/><T1/><D1/><U35/><E35/><V10/><F98/><W67/><G111/><T96/><D28/><U6/><E63/><V21/><F21/><N who="3" m="11399" /><G67/><T9/><D9/><U82/><E91/><V99/><F99/><W36/><G36/><T66/><D124/><N who="2" m="47690" /><F10/><W42/><G103/><T58/><D53/><AGARI ba="3,0" hai="17,18,19,39,40,47,53,59,61,129,131" m="47690" machi="53" ten="30,1000,0" yaku="18,1" doraHai="79" who="2" fromWho="0" sc="261,-19,167,0,260,19,312,0" /><INIT seed="4,0,0,2,2,5" ten="242,167,279,312" oya="0" hai0="124,123,16,88,60,61,120,20,10,86,51,108,113" hai1="9,3,68,84,42,58,44,72,132,2,70,45,111" hai2="8,79,37,129,114,116,40,7,57,118,14,134,22" hai3="75,11,87,69,122,81,92,32,90,128,59,67,38"/><T46/><D113/><U85/><E58/><V27/><F114/><W41/><G32/><T12/><D124/><U89/><E89/><V76/><F129/><W91/><G69/><T99/><D108/><U103/><E103/><V23/><F134/><W0/><G128/><T4/><D99/><U105/><E105/><V50/><F37/><W102/><G102/><T18/><D120/><U82/><E82/><V26/><F57/><W34/><G34/><T6/><D123/><U98/><E98/><V110/><F110/><W63/><G122/><T95/><D4/><U83/><E83/><V104/><F104/><W119/><G119/><N who="2" m="45609" /><F23/><W48/><G38/><T73/><D73/><U115/><E111/><V55/><F26/><W74/><G41/><N who="0" m="25039" /><D6/><U130/><E115/><V112/><F112/><W121/><G121/><T66/><D66/><U77/><E132/><V25/><F27/><AGARI ba="0,0" hai="10,12,16,18,20,27,60,61,86,88,95" m="25039" machi="27" ten="30,11600,0" yaku="8,1,52,1,54,2" doraHai="5" who="0" fromWho="2" sc="242,116,167,0,279,-116,312,0" /><INIT seed="4,1,0,3,0,95" ten="358,167,163,312" oya="0" hai0="84,4,75,26,14,10,2,128,133,103,16,117,13" hai1="92,28,129,71,77,113,39,67,118,46,81,110,50" hai2="120,134,108,34,78,5,37,83,69,65,91,52,31" hai3="80,11,122,119,9,35,3,51,131,15,7,32,121"/><T1/><D75/><U64/><E118/><V111/><F120/><N who="3" m="46187" /><G51/><T63/><D103/><U48/><E110/><V25/><F134/><W96/><G80/><T45/><D133/><U135/><E135/><V106/><F37/><W40/><G40/><T115/><D117/><U93/><E129/><V55/><F106/><W112/><G119/><T41/><D115/><U61/><E113/><V17/><F5/><N who="3" m="3567" /><G112/><T58/><D128/><U74/><E39/><V68/><F91/><W70/><G70/><T62/><D26/><U124/><E124/><V85/><F17/><W47/><G47/><T88/><D1/><U42/><E48/><V114/><F114/><W130/><G96/><T59/><D2/><U19/><E67/><V101/><F101/><W104/><G104/><T116/><D116/><U56/><E71/><V6/><F6/><W100/><G100/><T23/><D45/><U49/><E49/><V60/><REACH who="2" step="1"/><F68/><REACH who="2" ten="358,167,153,312" step="2"/><W27/><G130/><T76/><D41/><U98/><E19/><V105/><F105/><W66/><G131/><T22/><D76/><U18/><E18/><V38/><F38/><W0/><G3/><T44/><D4/><U86/><E28/><V123/><F123/><W107/><G107/><T72/><D16/><U73/><E93/><V132/><F132/><W109/><G27/><T24/><D24/><U89/><AGARI ba="1,1" hai="42,46,50,56,61,64,73,74,77,81,86,89,92,98" machi="89" ten="20,2700,0" yaku="0,1,7,1,52,1" doraHai="95" who="1" fromWho="1" sc="358,-14,167,40,153,-8,312,-8" /><INIT seed="5,0,0,0,3,32" ten="344,207,145,304" oya="1" hai0="25,78,97,122,80,91,8,3,79,1,81,105,37" hai1="34,38,4,121,101,74,0,84,58,27,13,120,104" hai2="50,126,56,52,118,68,102,76,6,67,98,66,134" hai3="18,19,26,88,29,53,54,96,100,119,47,132,21"/><U35/><E74/><V113/><F118/><W109/><G109/><T41/><D25/><U48/><E38/><V71/><F76/><W125/><G132/><T22/><D22/><U61/><E0/><V129/><F6/><W111/><G111/><T103/><D91/><U55/><E104/><V108/><F98/><W33/><G125/><T89/><D89/><U45/><E101/><V62/><F102/><W20/><G119/><T12/><D122/><U86/><E34/><V73/><F73/><W43/><G33/><T112/><D112/><U116/><E116/><V72/><F72/><W40/><G29/><T99/><D99/><U82/><E27/><V110/><F126/><W60/><G100/><T85/><D41/><N who="3" m="15945" /><G47/><T128/><D128/><U23/><E35/><V69/><F129/><W7/><G60/><T17/><D37/><U46/><E46/><N who="2" m="27735" /><F134/><W77/><G7/><T131/><D131/><U117/><E117/><V64/><F113/><W87/><G77/><T24/><D24/><U124/><E124/><V135/><F135/><W15/><G96/><T44/><D44/><U51/><E86/><AGARI ba="0,0" hai="1,3,8,12,17,78,79,80,81,85,86,97,103,105" machi="86" ten="30,7700,0" yaku="7,1,9,1,52,2" doraHai="32" who="0" fromWho="1" sc="344,77,207,-77,145,0,304,0" /><INIT seed="6,0,0,1,2,39" ten="421,130,145,304" oya="2" hai0="56,25,36,102,64,58,29,59,92,128,71,79,14" hai1="66,100,27,91,115,104,113,117,121,28,86,62,135" hai2="49,83,72,84,65,82,32,132,13,114,81,34,76" hai3="26,70,30,96,129,7,9,109,35,18,50,47,2"/><V90/><F114/><N who="1" m="43529" /><E117/><V123/><F123/><W51/><G109/><T57/><D56/><N who="1" m="37191" /><E121/><V119/><F119/><W99/><G129/><T52/><D14/><U110/><E110/><V17/><F132/><W73/><G73/><T20/><D79/><U22/><E135/><V43/><F65/><W88/><G70/><T106/><D92/><N who="1" m="54391" /><E100/><V4/><F4/><W95/><G18/><T53/><D29/><U105/><AGARI ba="0,0" hai="22,27,28,104,105" m="54391,37191,43529" machi="105" ten="30,1100,0" yaku="15,1" doraHai="39" who="1" fromWho="1" sc="421,-3,130,11,145,-5,304,-3" /><INIT seed="7,0,0,5,3,114" ten="418,141,140,301" oya="3" hai0="42,109,26,123,126,106,72,27,35,98,16,88,8" hai1="15,29,117,40,68,111,23,90,112,4,52,39,79" hai2="93,9,11,103,133,43,7,77,105,10,36,37,76" hai3="48,131,74,63,132,82,0,38,33,5,100,1,135"/><W64/><G131/><T59/><D72/><U89/><E68/><V28/><F105/><W30/><G38/><T57/><D109/><U58/><E111/><V41/><F133/><N who="3" m="51275" /><G5/><T14/><D123/><U73/><E117/><V32/><F7/><W46/><G100/><T56/><D126/><U99/><E112/><V97/><F32/><W21/><G33/><T71/><D71/><U81/><E40/><N who="2" m="15435" /><F36/><W18/><G30/><T127/><D127/><U70/><E70/><V125/><F37/><W87/><G74/><T51/><D35/><U44/><E39/><V17/><F125/><W50/><G63/><T116/><D116/><U119/><E119/><V60/><F28/><W22/><G64/><T128/><D128/><U121/><E121/><V91/><F60/><W86/><G22/><T108/><D108/><U19/><E29/><V66/><F66/><W3/><G46/><N who="0" m="26071" /><D106/><U122/><E44/><V54/><F54/><W104/><G104/><T118/><D118/><U85/><E122/><V120/><F120/><W80/><G80/><T113/><D113/><U53/><E73/><V2/><F2/><W69/><G69/><T67/><D67/><U134/><E134/><V110/><F110/><W34/><G34/><T12/><D12/><N who="1" m="9703" /><E53/><V78/><F103/><W45/><G45/><T20/><D20/><U65/><E65/><V92/><F93/><AGARI ba="0,0" hai="8,14,16,26,27,56,57,59,88,93,98" m="26071" machi="93" ten="30,3900,0" yaku="8,1,54,2" doraHai="114" who="0" fromWho="2" sc="418,39,141,0,140,-39,301,0" owari="457,56.0,141,-26.0,101,-40.0,301,10.0" /></mjloggm>