<mjloggm ver="2.3"><GO type="97" lobby="0"/><UN n0="%6B%6F%2D%73%68%69%72%6F" n1="%54%4B%50" n2="%E3%83%88%E3%83%88%E3%83%AA%E5%85%88%E7%94%9F%31%39%E6%AD%B3" n3="%69%7A%61%79%6F%69" dan="14,14,15,15" rate="1990.24,1991.06,2076.79,1929.86" sx="M,M,F,M"/><TAIKYOKU oya="0"/><INIT seed="0,0,0,2,0,94" ten="250,250,250,250" oya="0" hai0="39,62,121,130,72,84,129,119,17,116,111,92,67" hai1="63,51,11,38,47,21,29,18,124,41,70,56,105" hai2="101,49,61,106,103,59,88,125,113,30,98,8,128" hai3="122,100,60,118,28,9,53,91,90,1,97,34,66"/><T0/><D0/><U2/><E105/><V85/><F113/><W36/><G118/><N who="0" m="45099" /><D17/><U50/><E124/><V82/><F125/><W25/><G122/><T71/><D92/><U107/><E107/><V87/><F128/><N who="0" m="49258" /><D84/><U79/><E79/><V45/><F101/><W132/><G53/><T3/><D72/><U131/><E131/><V44/><F30/><W24/><G36/><T95/><D95/><U27/><E70/><V52/><F85/><W78/><G132/><T40/><D3/><U80/><E80/><V33/><F33/><W99/><G24/><T69/><D121/><U12/><E2/><V108/><F108/><W73/><G78/><T112/><D112/><U77/><E77/><V86/><F86/><W74/><G90/><T102/><D102/><U89/><E89/><V10/><F45/><W135/><G91/><T126/><D126/><U109/><E109/><V43/><AGARI ba="0,0" hai="8,10,43,44,49,52,59,61,82,87,88,98,103,106" machi="43" ten="20,8000,1" yaku="0,1,7,1,52,1,54,2" doraHai="94" who="2" fromWho="2" sc="250,-40,250,-20,250,80,250,-20" /><INIT seed="1,0,0,0,3,90" ten="210,230,330,230" oya="1" hai0="27,124,121,102,47,103,93,119,65,135,48,110,40" hai1="59,130,72,111,101,58,25,30,106,24,26,73,96" hai2="28,69,70,60,57,116,105,87,67,20,83,4,66" hai3="1,11,23,84,104,113,127,79,34,85,44,61,19"/><U38/><E38/><V18/><F116/><W126/><G104/><T71/><D119/><U62/><E130/><V53/><F105/><W54/><G34/><T45/><D121/><U77/><E111/><V31/><F4/><W32/><G113/><T22/><D110/><U63/><E77/><N who="2" m="46575" /><F69/><W117/><G32/><T33/><D33/><U86/><E86/><V41/><F41/><W37/><G117/><T39/><D135/><U50/><E50/><V92/><F92/><W21/><G79/><T12/><D124/><N who="3" m="47657" /><G23/><T8/><D71/><U15/><E15/><N who="2" m="9311" /><F70/><W29/><G29/><AGARI ba="0,0" hai="28,29,31,53,57,60,66,67" m="9311,46575" machi="29" ten="30,1000,0" yaku="8,1" doraHai="90" who="2" fromWho="3" sc="210,0,230,0,330,10,230,-10" /><INIT seed="2,0,0,5,5,34" ten="210,230,340,220" oya="2" hai0="130,88,25,107,90,63,67,108,50,39,80,54,77" hai1="66,3,106,69,72,19,81,7,8,21,29,47,114" hai2="41,12,111,49,86,127,24,110,112,35,15,22,51" hai3="129,92,45,104,20,33,82,102,28,1,18,52,0"/><V103/><F112/><W84/><G129/><T58/><D108/><N who="2" m="41514" /><F35/><W134/><G134/><T132/><D130/><U117/><E114/><V96/><F86/><W87/><G28/><T13/><D132/><U113/><E113/><V95/><F127/><W76/><G33/><T85/><D107/><U93/><E106/><V37/><F37/><W44/><G104/><T57/><D39/><U14/><E117/><V38/><F38/><W94/><G45/><T40/><D40/><U91/><E29/><N who="2" m="17559" /><F41/><W118/><G118/><T43/><D43/><U101/><E101/><V16/><F15/><W2/><G87/><T5/><D25/><U75/><E47/><V98/><F98/><W100/><G102/><T23/><REACH who="0" step="1"/><D23/><AGARI ba="0,0" hai="12,16,23,49,51,95,96,103" m="17559,41514" machi="23" ten="30,5800,0" yaku="14,1,10,1,54,1" doraHai="34" who="2" fromWho="0" sc="210,-58,230,0,340,58,220,0" /><INIT seed="2,1,0,5,5,53" ten="152,230,398,220" oya="2" hai0="12,56,131,19,127,121,79,77,104,8,129,60,70" hai1="0,126,16,67,108,32,30,11,40,110,20,96,81" hai2="74,76,42,35,117,113,46,29,125,54,130,13,52" hai3="59,93,65,36,61,122,39,25,101,50,85,34,43"/><V64/><F113/><W62/><G122/><T103/><D121/><U18/><E126/><V89/><F117/><W49/><G34/><T111/><D127/><U15/><E40/><V128/><F125/><W83/><G25/><T120/><D120/><U97/><E67/><V135/><F135/><W99/><G62/><T82/><D70/><U28/><E81/><N who="2" m="45207" /><F89/><W87/><G85/><T51/><D51/><U26/><E97/><V116/><F116/><W115/><G115/><T31/><D31/><N who="1" m="19575" /><E96/><V118/><F118/><W2/><G2/><T3/><D3/><U84/><E84/><V75/><F75/><W92/><G92/><T98/><D111/><N who="1" m="42539" /><E0/><V41/><F41/><W90/><REACH who="3" step="1"/><G43/><REACH who="3" ten="152,230,398,210" step="2"/><T102/><D102/><U69/><E69/><V4/><F35/><W86/><G86/><T73/><REACH who="0" step="1"/><D77/><REACH who="0" ten="142,230,398,210" step="2"/><U112/><E112/><V100/><F100/><W55/><G55/><AGARI ba="1,2" hai="8,12,19,55,56,60,73,79,82,98,103,104,129,131" machi="55" ten="40,5200,0" yaku="1,1,2,1,52,1,53,0" doraHai="53" doraHaiUra="63" who="0" fromWho="3" sc="142,75,230,0,398,0,210,-55" /><INIT seed="3,0,0,1,4,104" ten="217,230,398,155" oya="3" hai0="84,120,52,57,107,7,1,54,23,56,61,21,9" hai1="19,91,81,47,80,48,118,105,95,6,114,39,37" hai2="15,100,62,31,58,64,8,70,69,20,115,90,14" hai3="78,82,38,92,132,121,49,65,34,123,116,113,73"/><W67/><G34/><T30/><D120/><U127/><E105/><V4/><F115/><W112/><G38/><T89/><D107/><U75/><E114/><N who="3" m="44138" /><G49/><T44/><D30/><U130/><E118/><V108/><F108/><W33/><G33/><T87/><D87/><U124/><E6/><V68/><F100/><W85/><G67/><T18/><D44/><U27/><E19/><V111/><F111/><W106/><G65/><T29/><D29/><U77/><E27/><V3/><F90/><N who="3" m="53327" /><G132/><T28/><D28/><U50/><E81/><V45/><F45/><W94/><G94/><T83/><D18/><U43/><E130/><V102/><F31/><W51/><G51/><AGARI ba="0,0" hai="1,7,9,21,23,51,52,54,56,57,61,83,84,89" machi="51" ten="30,2000,0" yaku="7,1,54,1" doraHai="104" who="0" fromWho="3" sc="217,20,230,0,398,0,155,-20" owari="237,4.0,230,-17.0,398,49.0,135,-36.0" /></mjloggm>