<mjloggm ver="2.3"><GO type="97" lobby="0"/><UN n0="%E5%B0%B1%E6%B4%BB%E7%94%9F%40%E5%B7%9D%E6%9D%91%E8%BB%8D%E5%9B%A3" n1="%6E%61%67%61%30%33" n2="%74%65%72%72%79%31%33%36" n3="%E9%83%A1%E5%B1%B1%E7%83%88%E7%81%AB" dan="15,14,14,14" rate="2056.97,1953.91,1965.91,1950.75" sx="M,M,M,M"/><TAIKYOKU oya="0"/><INIT seed="0,0,0,2,5,99" ten="250,250,250,250" oya="0" hai0="37,67,86,19,76,64,0,15,123,107,17,45,30" hai1="104,133,27,89,113,3,31,120,126,32,81,29,122" hai2="109,129,88,97,43,74,1,91,24,18,53,135,95" hai3="33,119,22,59,124,108,66,8,110,106,34,125,115"/><T130/><D0/><U23/><E133/><V78/><F1/><W40/><G40/><T55/><D123/><U68/><E126/><N who="3" m="48746" /><G106/><T39/><D107/><U47/><E113/><V38/><F38/><W36/><G36/><T127/><D39/><U57/><E68/><V103/><F43/><W75/><G75/><T62/><D30/><U90/><E104/><V49/><F135/><W87/><G8/><T60/><D37/><U96/><E3/><V94/><F109/><N who="3" m="42091" /><G119/><T118/><D130/><U83/><E57/><V2/><F2/><W85/><G22/><N who="0" m="11583" /><D19/><U92/><E47/><V132/><F132/><W116/><G116/><T98/><D98/><U42/><E42/><V6/><F6/><W131/><G131/><T100/><D118/><U102/><E31/><V11/><F129/><W13/><G13/><T93/><D127/><U80/><REACH who="1" step="1"/><E32/><REACH who="1" ten="250,240,250,250" step="2"/><V5/><F5/><W28/><G115/><T50/><D67/><U105/><E105/><V128/><F128/><W65/><G28/><T112/><D112/><U14/><E14/><V10/><F24/><W35/><G59/><T114/><D114/><U52/><E52/><V101/><F53/><W73/><G73/><T82/><D64/><AGARI ba="0,1" hai="33,34,35,64,65,66,85,87" m="42091,48746" machi="64" ten="40,8000,1" yaku="28,2,18,1,14,1" doraHai="99" who="3" fromWho="0" sc="250,-80,240,0,250,0,250,90" /><INIT seed="1,0,0,5,4,128" ten="170,240,250,340" oya="1" hai0="41,26,9,126,30,1,100,33,36,2,79,4,69" hai1="114,92,14,49,68,77,91,54,19,28,42,117,105" hai2="25,121,76,85,46,95,53,29,10,44,0,40,66" hai3="86,119,16,32,7,17,63,56,81,125,129,118,93"/><U45/><E68/><V113/><F121/><W47/><G32/><T96/><D126/><U51/><E114/><V109/><F109/><W133/><G129/><T82/><D69/><U112/><E112/><V132/><F113/><W94/><G125/><T38/><D41/><U50/><E117/><N who="3" m="44554" /><G47/><T90/><D90/><U130/><E130/><V61/><F53/><N who="3" m="34191" /><G7/><T6/><D6/><U15/><E105/><V131/><F131/><W127/><G133/><T35/><D2/><U64/><E64/><V37/><F46/><W103/><G127/><T116/><D35/><U74/><E28/><V97/><F132/><W122/><G103/><T43/><D43/><U21/><E74/><V134/><F134/><W124/><G124/><T111/><D111/><U106/><E77/><V73/><F73/><W120/><G93/><T8/><D8/><U65/><E106/><V98/><F76/><N who="3" m="46375" /><G94/><T55/><D116/><U99/><E65/><V60/><F95/><W75/><G75/><T83/><D83/><U70/><E70/><V22/><F44/><W72/><G72/><N who="0" m="43367" /><D55/><U89/><E42/><V3/><F40/><W78/><G78/><T27/><D27/><U39/><E39/><V12/><F25/><W31/><G31/><T123/><D123/><AGARI ba="0,0" hai="16,17,120,122,123" m="46375,34191,44554" machi="123" ten="30,2000,0" yaku="12,1,54,1" doraHai="128" who="3" fromWho="0" sc="170,-20,240,0,250,0,340,20" /><INIT seed="2,0,0,0,2,99" ten="150,240,250,360" oya="2" hai0="127,27,24,107,10,47,119,15,90,61,101,114,40" hai1="28,19,44,32,3,23,57,62,30,122,121,75,26" hai2="29,110,17,115,103,70,98,123,77,16,106,74,2" hai3="59,88,111,54,76,135,49,45,31,64,83,108,73"/><V43/><F115/><W6/><G31/><T84/><D114/><U95/><E75/><V11/><F123/><W58/><G6/><T93/><D119/><U0/><E44/><V85/><F70/><W128/><G135/><T104/><D127/><U14/><E95/><V78/><F110/><N who="3" m="42027" /><G64/><T80/><D61/><U35/><E57/><V105/><F29/><W33/><G33/><T71/><D71/><U63/><E62/><V7/><F106/><W22/><G22/><T120/><D120/><N who="1" m="46187" /><E63/><V102/><F102/><W86/><G128/><T66/><D66/><U87/><E87/><V126/><F126/><W5/><G5/><T100/><D107/><U133/><E133/><V130/><F130/><W34/><G34/><T125/><D104/><U134/><E134/><V132/><F132/><W118/><G118/><T129/><D129/><U82/><E82/><AGARI ba="0,0" hai="45,49,54,58,59,73,76,82,83,86,88" m="42027" machi="82" ten="30,2000,0" yaku="14,1,54,1" doraHai="99" who="3" fromWho="1" sc="150,0,240,-20,250,0,360,20" /><INIT seed="3,0,0,4,5,45" ten="150,220,250,380" oya="3" hai0="97,28,3,133,8,114,117,95,101,51,65,135,38" hai1="46,52,72,37,54,19,103,1,63,7,11,73,55" hai2="110,74,31,41,122,25,128,98,89,43,14,49,129" hai3="100,119,96,115,59,15,4,70,40,79,109,27,120"/><W108/><G119/><T77/><D38/><U26/><E103/><V20/><F110/><N who="3" m="42603" /><G120/><T121/><D117/><U130/><E130/><N who="2" m="50283" /><F122/><W12/><G70/><T53/><D121/><U93/><E93/><N who="2" m="56623" /><F74/><W9/><G79/><T0/><D114/><U82/><E63/><V88/><F88/><W58/><G40/><T87/><D65/><U30/><E19/><N who="2" m="10359" /><F49/><W123/><G27/><T131/><D131/><U6/><E6/><V68/><F68/><W35/><G35/><AGARI ba="0,0" hai="25,31,35,41,43" m="10359,56623,50283" machi="35" ten="30,1000,0" yaku="19,1" doraHai="45" who="2" fromWho="3" sc="150,0,220,0,250,10,380,-10" owari="150,-35.0,220,-18.0,260,6.0,370,47.0" /></mjloggm>