<mjloggm ver="2.3"><GO type="41" lobby="0"/><UN n0="%6B%69%6D%69%30%33%32%32" n1="%E5%B0%B1%E6%B4%BB%E7%94%9F%40%E5%B7%9D%E6%9D%91%E8%BB%8D%E5%9B%A3" n2="%E3%83%A8%E3%83%83%E3%83%81" n3="%77%61%6B%61%68%61%72%75" dan="14,14,14,13" rate="1941.39,1973.92,1991.46,1873.98" sx="M,M,M,M"/><TAIKYOKU oya="0"/><INIT seed="0,0,0,1,3,132" ten="250,250,250,250" oya="0" hai0="75,18,21,23,6,5,66,82,99,127,134,102,51" hai1="44,122,117,97,74,32,67,10,94,112,72,76,131" hai2="95,91,55,13,48,30,89,133,84,0,46,40,114" hai3="50,81,33,19,43,71,4,16,39,130,25,12,100"/><T22/><D134/><U111/><E32/><V68/><F133/><W79/><G71/><T54/><D66/><U47/><E117/><V105/><F0/><W93/><G39/><T129/><D129/><U107/><E107/><V63/><F105/><W83/><G130/><T124/><D18/><U98/><E67/><V20/><F114/><W120/><G33/><T56/><D82/><U53/><E10/><V128/><F128/><W1/><G1/><T14/><D75/><U87/><E53/><V108/><F68/><W64/><G64/><T126/><D14/><U52/><E52/><V59/><F108/><W78/><G4/><T61/><D61/><U24/><E24/><V85/><F30/><W96/><G120/><T60/><D60/><U8/><E8/><V123/><F123/><W69/><G69/><T109/><D109/><U118/><E74/><V101/><F101/><W35/><G35/><T90/><D90/><U29/><E72/><V110/><F110/><W28/><G28/><T36/><D36/><U115/><E29/><V58/><F59/><W88/><G25/><T70/><D70/><U65/><E111/><V113/><F113/><W73/><G100/><T11/><D11/><U116/><E131/><V26/><F26/><W17/><G12/><T77/><D77/><N who="3" m="29193" /><G73/><T57/><D57/><U37/><E122/><V38/><F38/><W125/><G125/><T121/><D121/><U62/><E37/><V15/><F20/><W3/><G3/><T119/><D119/><N who="1" m="45611" /><E115/><V2/><F2/><W135/><G135/><T92/><AGARI ba="0,0" hai="5,6,21,22,23,51,54,56,92,99,102,124,126,127" machi="92" ten="40,12000,1" yaku="0,1,18,1,52,3" doraHai="132" who="0" fromWho="0" sc="250,120,250,-40,250,-40,250,-40" /><INIT seed="0,1,0,1,2,84" ten="370,210,210,210" oya="0" hai0="20,80,33,60,29,118,81,106,79,47,114,40,39" hai1="13,22,117,92,124,122,99,43,10,64,130,77,5" hai2="110,83,38,37,0,102,12,133,52,15,66,16,6" hai3="21,19,32,41,42,85,108,97,119,67,128,113,129"/><T31/><D106/><U65/><E122/><V90/><F0/><W111/><G32/><T70/><D118/><U73/><E117/><V120/><F120/><W56/><G113/><T71/><D114/><U34/><E34/><V105/><F66/><W103/><G119/><T100/><D100/><U94/><E130/><N who="3" m="50282" /><G85/><T96/><D96/><U91/><E124/><V93/><F83/><W87/><G87/><T112/><D112/><U48/><E22/><V24/><F105/><W135/><G135/><T78/><D33/><U26/><E26/><V53/><F102/><W35/><G35/><T116/><D116/><U62/><E62/><V28/><F133/><W54/><G67/><T17/><D60/><U36/><E36/><V50/><F6/><W46/><G46/><T134/><D134/><U98/><E77/><V69/><F69/><W59/><G42/><T115/><D115/><U82/><E82/><V14/><F38/><W11/><G11/><T44/><D17/><U68/><E73/><V75/><F37/><W25/><G41/><T57/><D39/><U132/><E68/><V74/><F74/><W58/><G54/><N who="2" m="21097" /><F75/><W76/><G76/><T8/><D40/><U9/><E9/><N who="2" m="6159" /><F50/><W1/><G1/><T45/><D8/><U4/><E132/><V88/><F93/><AGARI ba="1,0" hai="19,21,25,56,58,59,93,97,103,108,111" m="50282" machi="93" ten="30,1000,0" yaku="19,1" doraHai="84" who="3" fromWho="2" sc="370,0,210,0,210,-13,210,13" /><INIT seed="1,0,0,4,3,76" ten="370,210,197,223" oya="1" hai0="79,131,33,2,51,44,68,73,126,28,117,130,24" hai1="10,1,115,18,80,37,3,61,9,30,23,54,12" hai2="26,84,34,11,132,32,56,87,0,39,123,118,116" hai3="31,50,66,15,89,72,86,95,106,60,97,22,70"/><U104/><E104/><V128/><F123/><W120/><G72/><T94/><D117/><U40/><E115/><V124/><F39/><W16/><G120/><T49/><D68/><U19/><E37/><V99/><F118/><W35/><G35/><T125/><D2/><U93/><E40/><V63/><F116/><W21/><G50/><T96/><D79/><U45/><E93/><V82/><F84/><W101/><G31/><T134/><D73/><U43/><E30/><V105/><F132/><W64/><REACH who="3" step="1"/><G66/><REACH who="3" ten="370,210,197,213" step="2"/><T59/><D49/><U122/><E122/><V57/><F34/><W69/><G69/><T67/><D134/><U111/><E111/><V14/><F32/><W114/><G114/><T129/><D67/><U58/><E43/><V55/><F55/><W81/><G81/><T92/><D59/><U78/><E45/><V42/><F57/><W127/><G127/><N who="0" m="48651" /><D96/><U85/><REACH who="1" step="1"/><E9/><AGARI ba="0,1" hai="9,15,16,21,22,60,64,70,86,89,95,97,101,106" machi="9" ten="30,7700,0" yaku="1,1,7,1,54,1,53,1" doraHai="76" doraHaiUra="65" who="3" fromWho="1" sc="370,0,210,-77,197,0,213,87" /><INIT seed="2,0,0,0,0,102" ten="370,133,197,300" oya="2" hai0="104,120,131,5,129,76,114,100,22,24,81,103,8" hai1="71,126,134,118,70,0,66,13,121,26,91,77,6" hai2="73,23,31,14,79,108,109,54,40,50,75,27,113" hai3="39,30,82,125,67,57,130,1,53,38,61,58,93"/><V95/><F113/><W99/><G1/><T92/><D120/><U98/><E121/><V63/><F79/><W9/><G130/><N who="0" m="49675" /><D114/><U133/><E118/><V12/><F40/><W90/><G125/><T7/><D104/><U105/><E0/><V119/><F119/><W25/><G9/><T122/><D92/><U132/><E77/><V10/><F63/><W21/><G82/><T35/><D35/><U107/><E126/><V43/><F43/><W16/><G30/><N who="0" m="17687" /><D122/><U86/><E26/><V85/><F14/><W115/><G115/><T94/><D94/><N who="1" m="54647" /><E66/><V18/><F85/><W47/><G47/><T110/><D110/><N who="2" m="42602" /><F95/><W36/><G38/><T112/><D112/><U34/><E34/><V28/><F31/><W117/><G117/><T3/><D7/><U72/><E72/><AGARI ba="0,0" hai="3,5,8,72,76,81,100,103" m="17687,49675" machi="72" ten="30,1000,0" yaku="19,1" doraHai="102" who="0" fromWho="1" sc="370,10,133,-10,197,0,300,0" /><INIT seed="3,0,0,4,3,126" ten="380,123,197,300" oya="3" hai0="110,19,116,68,11,98,72,100,131,48,73,39,123" hai1="61,77,71,80,88,96,36,121,102,115,105,15,45" hai2="93,57,22,13,75,58,14,52,106,76,69,101,87" hai3="119,59,8,55,47,82,74,25,78,130,94,65,132"/><W111/><G119/><T89/><D39/><U107/><E121/><V54/><F69/><W50/><G132/><T95/><D68/><U21/><E115/><V92/><F75/><W109/><G25/><T5/><D116/><U23/><E107/><V128/><F106/><W42/><G65/><T86/><D123/><U67/><E15/><V10/><F101/><W117/><G94/><T56/><D19/><U9/><E9/><V2/><F2/><W18/><G8/><T70/><D70/><U6/><E6/><V118/><F118/><W32/><G18/><T38/><D38/><U37/><E37/><V49/><F22/><W81/><G82/><T41/><D110/><N who="3" m="41993" /><G32/><T62/><D48/><U135/><E135/><V112/><F112/><W4/><G4/><T83/><D41/><U30/><E30/><V127/><F127/><W134/><G134/><T63/><D63/><U103/><E103/><V91/><F10/><W66/><G66/><T85/><D85/><U60/><E23/><V1/><F1/><W29/><G29/><T113/><D113/><U24/><E21/><V7/><F7/><W0/><G0/><T40/><D40/><U129/><E24/><V16/><F13/><W114/><G114/><T26/><D26/><U35/><E35/><V84/><F14/><W90/><G90/><T12/><D73/><N who="1" m="43055" /><E88/><V31/><F31/><W97/><G97/><T53/><REACH who="0" step="1"/><D72/><REACH who="0" ten="370,123,197,300" step="2"/><U27/><E27/><V133/><F16/><W43/><G117/><T122/><D122/><U108/><E71/><V51/><F133/><W33/><G42/><T125/><D125/><RYUUKYOKU ba="0,1" sc="370,30,123,-10,197,-10,300,-10" hai0="5,11,12,53,56,62,83,86,89,95,98,100,131" /><INIT seed="4,1,1,3,3,115" ten="400,113,187,290" oya="0" hai0="6,57,74,37,21,18,99,16,90,24,93,52,19" hai1="84,120,34,100,51,25,124,102,61,63,0,32,53" hai2="94,101,125,66,36,47,87,111,129,8,56,82,42" hai3="71,76,9,123,55,121,46,118,70,119,135,128,108"/><T105/><D37/><U44/><E120/><N who="3" m="46154" /><G108/><T78/><D6/><U15/><E0/><V26/><F111/><W41/><G76/><T113/><D113/><U31/><E124/><V79/><F125/><W134/><G55/><T45/><D45/><U22/><E63/><V7/><F129/><W49/><G128/><T92/><D105/><U114/><E114/><V72/><F26/><W88/><G88/><N who="0" m="55687" /><D78/><U117/><E117/><N who="3" m="44554" /><G9/><T83/><D83/><U48/><E61/><V65/><F56/><W23/><G23/><T33/><D33/><U132/><E132/><AGARI ba="1,1" hai="41,46,49,70,71,132,134,135" m="44554,46154" machi="132" ten="40,12000,2" yaku="20,1,13,1,34,2,52,3" doraHai="115" who="3" fromWho="1" sc="400,0,113,-123,187,0,290,133" owari="400,20.0,-10,-51.0,187,-21.0,423,52.0" /></mjloggm>