<mjloggm ver="2.3"><GO type="97" lobby="0"/><UN n0="%E5%B0%B1%E6%B4%BB%E7%94%9F%40%E5%B7%9D%E6%9D%91%E8%BB%8D%E5%9B%A3" n1="%64%61%73%64%77%61%64" n2="%E5%91%B3%E3%82%8F%E3%81%84%E3%82%AB%E3%83%AA%E3%83%B3" n3="%28%70%C2%B4%4F%60%71%E3%80%82%29" dan="15,13,14,13" rate="2001.23,1840.98,1965.42,1909.14" sx="M,M,F,F"/><TAIKYOKU oya="0"/><INIT seed="0,0,0,5,4,29" ten="250,250,250,250" oya="0" hai0="25,12,2,15,87,6,69,100,65,95,126,124,61" hai1="80,43,63,27,72,7,76,59,71,5,123,129,30" hai2="112,54,44,26,120,14,23,84,121,117,38,106,89" hai3="36,67,8,128,56,40,75,33,68,109,130,119,19"/><T74/><D74/><U108/><E129/><N who="3" m="49770" /><G75/><T82/><D2/><U58/><E108/><V86/><F106/><W66/><G68/><T52/><D25/><U41/><E123/><V0/><F0/><W98/><G109/><T50/><D100/><U55/><E71/><V22/><F86/><W133/><G119/><T47/><D95/><U135/><E135/><V42/><F112/><W122/><G122/><T131/><D6/><U46/><E58/><V3/><F3/><W85/><G133/><T93/><D93/><U11/><E11/><V97/><F54/><W94/><G85/><T24/><D24/><U73/><E73/><V113/><F97/><W78/><G78/><T60/><D60/><U88/><E88/><V81/><F113/><W64/><G36/><T62/><D62/><U79/><E79/><V115/><F115/><W57/><G40/><T48/><D48/><U70/><E70/><V127/><F117/><W39/><G39/><T105/><D105/><U118/><E118/><V16/><REACH who="2" step="1"/><F127/><REACH who="2" ten="250,250,240,250" step="2"/><N who="0" m="48682" /><D131/><U13/><E41/><V10/><F10/><W35/><G8/><T49/><D49/><U17/><E43/><V110/><F110/><W20/><G98/><T101/><D101/><U102/><E102/><V45/><F45/><W96/><G96/><T51/><D51/><U103/><E46/><V37/><F37/><W116/><G116/><T21/><D21/><N who="1" m="11439" /><E103/><V32/><F32/><N who="3" m="12363" /><G94/><T107/><D107/><U104/><E104/><V34/><F34/><W1/><G1/><T83/><D83/><U90/><E90/><AGARI ba="0,1" hai="12,15,47,50,52,61,65,69,82,87,90" m="48682" machi="90" ten="30,2900,0" yaku="18,1,54,1" doraHai="29" who="0" fromWho="1" sc="250,39,250,-29,240,0,250,0" /><INIT seed="0,1,0,1,0,56" ten="289,221,240,250" oya="0" hai0="34,114,104,79,33,55,37,124,87,134,94,42,50" hai1="119,7,98,19,40,8,16,35,92,13,130,99,86" hai2="39,31,109,77,129,53,15,10,61,38,24,44,70" hai3="74,73,2,46,60,23,69,131,80,113,21,90,107"/><T71/><D104/><U120/><E130/><V59/><F70/><W108/><G2/><T97/><D71/><U52/><E120/><V3/><F3/><W83/><G131/><T47/><D114/><U45/><E119/><V76/><F129/><W126/><G107/><T17/><D124/><U84/><E35/><V88/><F109/><W112/><G126/><T123/><D123/><U81/><E40/><V36/><F44/><W49/><G108/><T95/><D134/><U121/><E121/><V102/><F88/><W132/><G69/><T30/><D17/><U6/><E6/><V100/><F100/><W22/><G132/><T117/><D117/><U58/><E45/><V20/><REACH who="2" step="1"/><F102/><REACH who="2" ten="289,221,230,250" step="2"/><W28/><G46/><T118/><D118/><U5/><E5/><AGARI ba="1,1" hai="5,10,15,20,24,31,36,38,39,53,59,61,76,77" machi="5" ten="40,5200,0" yaku="1,1,2,1,52,1,53,0" doraHai="56" doraHaiUra="29" who="2" fromWho="1" sc="289,0,221,-55,230,65,250,0" /><INIT seed="1,0,0,0,1,67" ten="289,166,295,250" oya="1" hai0="30,74,58,88,133,47,95,77,94,25,101,114,84" hai1="70,116,100,53,68,75,123,131,108,42,46,83,91" hai2="19,72,128,24,38,27,6,82,59,57,41,7,16" hai3="40,90,8,96,12,0,31,48,52,2,39,109,69"/><U106/><E106/><V62/><BYE who="1" /><F38/><W78/><G109/><T55/><D114/><U60/><E60/><V110/><F72/><W122/><G78/><T113/><D113/><U13/><E13/><V11/><F41/><W124/><G122/><T63/><D133/><U4/><E4/><V34/><F34/><W32/><G124/><T64/><D74/><U117/><E117/><V111/><F62/><W43/><G32/><T10/><D77/><U54/><E54/><V134/><F82/><W3/><G31/><T125/><D125/><U61/><E61/><V85/><F11/><W112/><G39/><T1/><D1/><U127/><E127/><V130/><REACH who="2" step="1"/><F85/><REACH who="2" ten="289,166,285,250" step="2"/><W33/><G112/><T118/><D10/><U49/><E49/><V21/><F21/><W115/><G33/><T92/><D118/><U105/><E105/><V9/><F9/><W29/><G115/><T99/><D64/><U135/><E135/><AGARI ba="0,1" hai="6,7,16,19,24,27,57,59,110,111,128,130,134,135" machi="135" ten="25,6400,0" yaku="1,1,22,2,54,1,53,0" doraHai="67" doraHaiUra="86" who="2" fromWho="1" sc="289,0,166,-64,285,74,250,0" /><INIT seed="2,0,0,1,1,113" ten="289,102,359,250" oya="2" hai0="49,9,85,111,38,24,25,1,65,35,123,16,121" hai1="67,43,51,56,28,20,97,126,68,36,11,108,107" hai2="17,45,23,48,0,128,63,127,34,54,94,29,104" hai3="90,74,59,62,60,98,129,52,100,55,134,73,133"/><V70/><F104/><W21/><G129/><T40/><D38/><U12/><E12/><V119/><F0/><W64/><G90/><T109/><D65/><U27/><E27/><N who="0" m="10313" /><D85/><U57/><E57/><V50/><F34/><W10/><G10/><T30/><D40/><U77/><E77/><V116/><F29/><W75/><G21/><T2/><D49/><U46/><E46/><V72/><F72/><W44/><G44/><T130/><D35/><U15/><E15/><V135/><F135/><W31/><G31/><T101/><D101/><U13/><E13/><V106/><F127/><W89/><G89/><T4/><D30/><U81/><E81/><V18/><F106/><W5/><G5/><T96/><D96/><U58/><E58/><V8/><F8/><W103/><G103/><T86/><D86/><U71/><E71/><V69/><F23/><W122/><G122/><N who="0" m="46603" /><D130/><U115/><E115/><V32/><F32/><W118/><G118/><T53/><D53/><U26/><E26/><V7/><F54/><W88/><G55/><T95/><D95/><UN n1="%64%61%73%64%77%61%64" /><U132/><E132/><V117/><F128/><W112/><G112/><T66/><D66/><U42/><E42/><V79/><F94/><W93/><REACH who="3" step="1"/><G100/><REACH who="3" ten="289,102,359,240" step="2"/><T19/><D1/><U6/><E108/><AGARI ba="0,1" hai="2,4,9,16,19,108,109,111" m="46603,10313" machi="108" ten="30,7700,0" yaku="14,1,34,2,54,1" doraHai="113" who="0" fromWho="1" sc="289,87,102,-77,359,0,240,0" /><BYE who="1" /><INIT seed="3,0,0,3,4,124" ten="376,25,359,240" oya="3" hai0="17,33,68,38,0,10,112,40,128,31,59,52,60" hai1="87,103,57,37,21,98,92,95,132,78,45,97,80" hai2="90,9,39,28,79,44,109,3,104,69,65,94,35" hai3="133,125,62,2,54,22,5,73,16,4,72,119,86"/><W70/><G119/><T26/><D112/><U47/><E47/><V82/><F104/><W130/><G125/><T118/><D118/><U6/><E6/><V115/><F115/><W126/><G126/><T105/><D105/><U58/><E58/><V91/><F91/><W129/><G133/><T134/><D134/><U135/><E135/><V76/><F76/><W66/><G86/><T48/><D128/><N who="3" m="49257" /><G54/><T27/><D68/><U49/><E49/><V113/><F113/><W117/><G117/><T20/><D38/><U127/><E127/><V7/><F109/><W55/><G55/><T108/><D108/><U111/><E111/><V18/><F69/><W46/><G46/><T56/><D40/><U8/><E8/><V64/><F39/><W23/><G23/><T53/><D10/><U67/><E67/><V71/><F44/><W34/><G34/><T131/><D131/><U121/><E121/><V32/><F71/><W36/><G36/><T74/><D74/><N who="3" m="28777" /><G2/><T110/><D110/><U106/><E106/><V1/><F35/><W29/><G29/><T96/><D0/><U84/><E84/><N who="2" m="52551" /><F3/><W81/><G81/><T14/><D96/><U51/><E51/><V89/><F32/><W99/><G99/><T123/><D123/><U122/><E122/><V120/><F120/><W100/><G100/><T43/><D43/><U107/><E107/><V12/><F28/><W83/><G83/><T88/><D88/><U41/><E41/><V13/><F1/><W15/><AGARI ba="0,0" hai="4,5,15,16,22,62,66,70" m="28777,49257" machi="15" ten="30,12000,1" yaku="19,1,52,3,54,1" doraHai="124" who="3" fromWho="3" sc="376,-40,25,-40,359,-40,240,120" owari="336,14.0,-15,-52.0,319,-8.0,360,46.0" /></mjloggm>