<mjloggm ver="2.3"><GO type="97" lobby="0"/><UN n0="%6B%6D%6F%72%69%73%68%69" n1="%E5%B0%B1%E6%B4%BB%E7%94%9F%40%E5%B7%9D%E6%9D%91%E8%BB%8D%E5%9B%A3" n2="%E2%94%A4%C2%B4%E2%97%87%EF%BD%80%E2%94%9C" n3="%67%65%6D%73" dan="15,15,15,14" rate="1981.87,2042.16,2038.33,1989.21" sx="M,M,M,F"/><TAIKYOKU oya="0"/><INIT seed="0,0,0,5,2,51" ten="250,250,250,250" oya="0" hai0="72,114,46,37,8,121,113,109,97,104,35,15,5" hai1="20,31,34,124,28,81,84,1,41,80,7,36,49" hai2="70,63,3,128,22,26,127,103,131,74,92,32,123" hai3="42,78,125,30,11,95,67,48,108,99,29,87,6"/><T77/><D121/><U111/><E34/><V65/><F32/><W126/><G108/><T59/><D35/><U82/><E36/><V61/><F123/><W93/><G67/><T105/><D59/><U106/><E106/><N who="0" m="41065" /><D97/><U23/><E124/><V50/><F127/><W110/><G110/><T94/><D15/><U130/><E130/><N who="2" m="49707" /><F3/><W58/><G126/><T14/><D14/><U116/><E116/><V45/><F74/><W38/><G125/><T13/><D13/><U66/><E66/><V112/><F112/><W16/><G38/><T83/><D94/><U62/><E111/><V68/><F92/><N who="3" m="35403" /><G99/><T76/><D76/><U115/><E1/><V107/><F103/><W71/><G71/><N who="2" m="27177" /><F107/><W129/><G129/><T133/><D109/><U73/><E73/><V47/><F47/><W96/><G96/><T100/><D100/><U57/><E115/><V9/><F9/><W132/><G132/><T60/><D133/><U118/><E118/><V64/><F64/><W2/><G2/><N who="0" m="55" /><D60/><U19/><E84/><V90/><F65/><W54/><G42/><AGARI ba="0,0" hai="37,42,46,72,77,83,113,114" m="55,41065" machi="42" ten="30,2900,0" yaku="25,1,23,1" doraHai="51" who="0" fromWho="3" sc="250,29,250,0,250,0,250,-29" /><INIT seed="0,1,0,0,2,88" ten="279,250,250,221" oya="0" hai0="61,121,130,45,108,6,38,30,15,119,100,125,106" hai1="7,112,40,51,17,65,13,84,3,115,72,43,68" hai2="76,56,81,32,69,71,62,75,14,87,109,127,11" hai3="46,132,12,50,113,135,101,64,9,60,77,70,86"/><T55/><D119/><U83/><E3/><V39/><F32/><W126/><G113/><N who="1" m="43594" /><E72/><V99/><F39/><W94/><G126/><T2/><D121/><U57/><E7/><V29/><F29/><W104/><G104/><T37/><D30/><U90/><E68/><V33/><F127/><W44/><G50/><T122/><D125/><U89/><E89/><V1/><F1/><W118/><G118/><T10/><D122/><U67/><E57/><V110/><F33/><W74/><G74/><T34/><D34/><U105/><E105/><V124/><F87/><W21/><G21/><T80/><D106/><U26/><E26/><V131/><F131/><W59/><G70/><T28/><D100/><U4/><E4/><N who="2" m="3431" /><F99/><N who="3" m="59639" /><G77/><T95/><D6/><U22/><E51/><V58/><F58/><W16/><G86/><T133/><D130/><U0/><E0/><V107/><F107/><W73/><G73/><T128/><D2/><U92/><E83/><V25/><F25/><W116/><G116/><T18/><D80/><U78/><E78/><V82/><F82/><W117/><G117/><T114/><D128/><U47/><E47/><N who="3" m="17962" /><G135/><T31/><D133/><U123/><E123/><V48/><F48/><W27/><G132/><T111/><D114/><U19/><E19/><V41/><F124/><W35/><G35/><T98/><D38/><U63/><E63/><V49/><F49/><W79/><G79/><T23/><D37/><U54/><E54/><N who="2" m="34071" /><F41/><AGARI ba="1,0" hai="13,17,22,40,41,43,65,67,84,90,92" m="43594" machi="41" ten="30,2000,0" yaku="11,1,52,1" doraHai="88" who="1" fromWho="2" sc="279,0,250,23,250,-23,221,0" /><INIT seed="1,0,0,4,2,110" ten="279,273,227,221" oya="1" hai0="120,21,43,17,27,118,90,12,16,70,66,39,103" hai1="130,20,9,57,100,25,19,29,122,81,5,30,84" hai2="76,129,87,34,132,94,45,79,26,18,89,93,128" hai3="106,49,48,80,67,23,54,108,104,117,24,78,135"/><U131/><E122/><V83/><F132/><W99/><G108/><T75/><D118/><U53/><E100/><V115/><F45/><W1/><G1/><T13/><D103/><U33/><E33/><V40/><F40/><W42/><G117/><T0/><D0/><U32/><E32/><V77/><F34/><W15/><G135/><T105/><D105/><U114/><E114/><V3/><F3/><W35/><G35/><T11/><D75/><U116/><E116/><V121/><F121/><W126/><G126/><T88/><D120/><U123/><E123/><V61/><F61/><W112/><G67/><T125/><D125/><U51/><E131/><N who="2" m="50251" /><F26/><W46/><G112/><T62/><REACH who="0" step="1"/><D27/><REACH who="0" ten="269,273,227,221" step="2"/><U97/><E130/><V55/><F115/><W36/><G106/><T85/><D85/><U47/><E97/><V64/><F64/><W65/><G104/><T113/><D113/><U91/><E47/><AGARI ba="0,1" hai="11,12,13,16,17,21,39,43,47,62,66,70,88,90" machi="47" ten="40,8000,1" yaku="1,1,54,2,53,1" doraHai="110" doraHaiUra="41" who="0" fromWho="1" sc="269,90,273,-80,227,0,221,0" /><INIT seed="2,0,0,5,5,96" ten="359,193,227,221" oya="2" hai0="106,6,1,45,98,87,135,13,90,85,23,11,95" hai1="0,131,50,74,3,78,55,130,122,71,38,56,67" hai2="34,19,46,48,72,18,79,21,108,15,25,103,26" hai3="82,133,57,102,99,5,64,54,53,68,37,20,69"/><V51/><F108/><W101/><G133/><T121/><D121/><U33/><E33/><V112/><F112/><W123/><G123/><T124/><D124/><U113/><E113/><V44/><F34/><W105/><G37/><T115/><D115/><U73/><E122/><V127/><F127/><W61/><G5/><T76/><D135/><U49/><E38/><V84/><F72/><N who="1" m="27753" /><E78/><V22/><F15/><W118/><G118/><T40/><D106/><U110/><E110/><V107/><F107/><W114/><G114/><T111/><D111/><U39/><E39/><V17/><F17/><W104/><G82/><N who="0" m="47303" /><D1/><N who="1" m="587" /><E71/><V65/><F79/><W120/><G120/><T126/><D23/><U31/><E31/><V97/><F84/><W88/><G69/><T10/><D10/><U66/><E56/><V58/><F58/><W28/><G68/><T8/><D8/><U109/><E55/><N who="3" m="21002" /><G105/><T94/><D126/><U4/><E4/><V7/><F7/><W41/><G104/><T119/><D6/><U36/><E36/><V30/><F30/><W77/><G77/><T9/><D9/><U43/><E43/><V63/><F63/><W12/><G41/><T2/><D11/><U52/><E52/><V125/><F125/><W59/><G59/><T16/><D40/><U35/><E35/><V91/><F46/><W89/><G12/><T42/><D13/><U60/><E60/><V29/><F44/><W70/><G70/><T100/><D45/><U129/><E109/><V32/><F32/><W81/><G28/><T14/><D2/><U86/><E86/><V134/><F134/><RYUUKYOKU ba="0,0" sc="359,-10,193,30,227,-10,221,-10" hai1="49,50,66,67,129,130,131" /><INIT seed="3,1,0,1,3,26" ten="349,223,217,211" oya="3" hai0="17,100,50,123,48,117,13,131,60,112,80,122,58" hai1="114,86,31,32,72,66,104,83,103,110,49,73,53" hai2="55,68,91,30,109,116,24,42,101,56,40,19,34" hai3="88,107,44,43,128,9,98,133,94,95,96,134,120"/><W118/><G9/><T135/><D117/><U57/><E110/><V14/><F116/><W54/><G54/><T84/><D131/><U102/><E114/><V10/><F109/><W124/><G43/><T16/><D135/><N who="3" m="51721" /><G44/><T97/><D112/><U64/><E72/><V74/><F74/><W39/><G39/><T82/><D82/><U22/><E73/><V52/><F68/><W111/><G111/><T119/><D119/><U105/><E32/><V79/><F79/><W62/><G62/><T75/><D75/><U130/><E105/><V8/><F101/><N who="1" m="38409" /><E104/><V28/><F55/><W29/><G29/><N who="2" m="11369" /><F34/><W23/><G23/><T129/><D60/><U99/><E99/><N who="3" m="37930" /><G118/><T6/><D50/><U38/><E38/><V51/><F24/><W35/><G35/><T71/><D48/><U18/><E130/><V41/><F91/><W2/><G2/><T37/><D37/><U85/><E31/><V27/><F27/><W115/><G115/><T15/><D129/><U70/><E70/><V87/><F87/><N who="1" m="33289" /><E83/><V59/><F10/><W20/><G20/><T108/><D84/><U132/><E132/><V90/><F90/><W61/><G61/><T81/><D80/><U121/><E121/><V106/><F106/><W93/><G128/><T25/><D108/><U0/><E0/><V4/><F4/><W36/><G36/><T67/><D6/><U33/><E33/><V63/><F63/><W77/><G120/><T127/><D123/><U92/><E92/><N who="3" m="35434" /><G107/><T11/><D25/><AGARI ba="1,0" hai="18,22,25,49,53,57,64,66" m="33289,38409" machi="25" ten="30,1000,0" yaku="8,1" doraHai="26" who="1" fromWho="0" sc="349,-13,223,13,217,0,211,0" owari="336,43.0,236,4.0,217,-18.0,211,-29.0" /></mjloggm>