<mjloggm ver="2.3"><GO type="97" lobby="0"/><UN n0="%E3%82%89%E3%81%84%E3%81%B6" n1="%E5%B0%B1%E6%B4%BB%E7%94%9F%40%E5%B7%9D%E6%9D%91%E8%BB%8D%E5%9B%A3" n2="%E3%82%BC%E3%83%B3%E3%83%84%E5%90%9B%EF%BC%93%E5%8F%B7" n3="%4D%41%52%4C%4F%4E" dan="13,15,15,13" rate="1943.06,2073.22,1987.26,1869.89" sx="M,M,M,M"/><TAIKYOKU oya="0"/><INIT seed="0,0,0,4,1,62" ten="250,250,250,250" oya="0" hai0="33,48,53,124,55,90,128,93,86,23,10,19,5" hai1="60,16,58,112,78,8,127,49,122,111,6,103,76" hai2="29,118,52,9,13,63,11,102,14,42,67,114,110" hai3="65,69,41,83,44,28,50,57,22,12,84,99,85"/><T107/><D107/><U116/><E122/><V92/><F114/><W106/><G69/><T15/><D33/><U79/><E116/><V51/><F118/><W39/><G106/><T72/><D72/><U132/><E112/><V1/><F1/><W91/><G99/><T61/><D128/><U121/><E121/><V77/><F110/><W17/><G28/><T47/><D124/><U4/><E111/><V133/><F133/><W0/><G0/><T74/><D74/><U24/><E127/><V135/><F135/><W46/><G85/><T38/><D38/><U54/><E103/><V32/><F77/><W31/><G31/><T45/><D61/><U88/><E132/><V129/><F42/><W35/><G35/><T64/><D64/><N who="1" m="38935" /><E88/><V56/><F129/><W98/><G98/><T37/><D37/><U73/><E73/><V81/><F81/><W71/><G71/><T134/><D134/><U66/><E66/><V131/><F131/><W117/><G117/><T7/><D23/><N who="1" m="13415" /><E8/><N who="2" m="3147" /><F29/><W40/><G57/><AGARI ba="0,0" hai="4,6,49,54,57,76,78,79" m="13415,38935" machi="57" ten="30,3900,0" yaku="8,1,52,1,54,1" doraHai="62" who="1" fromWho="3" sc="250,0,250,39,250,0,250,-39" /><INIT seed="1,0,0,0,4,87" ten="250,289,250,211" oya="1" hai0="57,96,58,50,105,100,67,25,90,73,24,54,117" hai1="60,82,20,6,131,37,5,123,121,81,27,62,103" hai2="106,69,132,80,17,28,98,26,78,120,71,11,84" hai3="127,93,91,41,7,48,68,30,34,85,97,21,70"/><U115/><E37/><V64/><F120/><W79/><G34/><T110/><D117/><U114/><E103/><V19/><F132/><W92/><G7/><T134/><D134/><U44/><E44/><V65/><F71/><W89/><G127/><T95/><D110/><U33/><E33/><V61/><F65/><W53/><G41/><T107/><D73/><U36/><E36/><V111/><F111/><W104/><G104/><T77/><D77/><U38/><E38/><V32/><REACH who="2" step="1"/><F11/><REACH who="2" ten="250,289,240,211" step="2"/><W18/><G30/><T35/><D35/><U56/><E123/><V76/><F76/><W129/><G129/><T86/><REACH who="0" step="1"/><D107/><REACH who="0" ten="240,289,240,211" step="2"/><U135/><E121/><V51/><F51/><W113/><G113/><T59/><D59/><U3/><E115/><V128/><F128/><W126/><G126/><T23/><D23/><U83/><E114/><V10/><F10/><W31/><G79/><T9/><D9/><U15/><E135/><V88/><F88/><W0/><G0/><T14/><D14/><U118/><E3/><V16/><F16/><W8/><G68/><T43/><D43/><U116/><E118/><V49/><F49/><W109/><G70/><T45/><D45/><U74/><E116/><V102/><AGARI ba="0,2" hai="17,19,26,28,32,61,64,69,78,80,84,98,102,106" machi="102" ten="30,7900,0" yaku="1,1,0,1,25,2,53,0" doraHai="87" doraHaiUra="52" who="2" fromWho="2" sc="240,-20,289,-39,240,99,211,-20" /><INIT seed="2,0,0,3,5,107" ten="220,250,339,191" oya="2" hai0="115,22,60,87,35,12,57,68,105,46,114,3,38" hai1="32,82,56,73,119,4,99,47,2,27,62,15,9" hai2="63,53,33,19,100,24,29,116,112,111,16,78,129" hai3="124,70,125,58,133,88,6,13,135,65,20,41,123"/><V96/><F116/><W71/><G6/><T17/><D3/><U91/><E119/><V61/><F112/><W50/><G20/><T7/><D35/><U131/><E131/><V44/><F129/><W101/><G101/><T8/><D68/><N who="3" m="26153" /><G13/><T81/><D105/><U43/><E99/><V1/><F1/><W23/><G88/><T40/><D81/><U128/><E128/><V98/><F98/><W83/><G23/><T89/><D89/><U14/><E27/><V28/><F28/><W93/><G83/><T42/><D42/><U31/><E31/><V64/><F78/><W72/><G93/><T36/><D87/><U51/><E32/><V106/><F111/><W59/><G72/><T85/><D85/><U77/><REACH who="1" step="1"/><E91/><REACH who="1" ten="220,240,339,191" step="2"/><V30/><F30/><W109/><G123/><T95/><D115/><U110/><E110/><V121/><F121/><W84/><G109/><T86/><D114/><U49/><E49/><V18/><F33/><W127/><G84/><T74/><D74/><U80/><E80/><V26/><F29/><W21/><G21/><T52/><D86/><U0/><E0/><V108/><F108/><W92/><G92/><T37/><D95/><U97/><E97/><V34/><F34/><W126/><G125/><T132/><D132/><N who="3" m="50761" /><G65/><AGARI ba="0,1" hai="2,4,9,14,15,43,47,51,56,62,65,73,77,82" machi="65" ten="30,3900,0" yaku="1,1,7,1,52,1,53,0" doraHai="107" doraHaiUra="48" who="1" fromWho="3" sc="220,0,240,49,339,0,191,-39" /><INIT seed="3,0,0,4,4,70" ten="220,289,339,152" oya="3" hai0="9,92,16,103,120,74,126,4,60,31,108,23,3" hai1="49,45,134,67,29,56,64,13,24,37,97,84,98" hai2="27,133,69,52,18,102,111,85,87,131,110,39,19" hai3="61,76,91,71,38,43,53,77,129,35,50,54,113"/><W11/><G35/><T26/><D120/><U86/><E134/><V40/><F133/><W130/><G91/><T128/><D108/><N who="2" m="41514" /><F69/><W88/><G11/><T135/><D135/><U21/><E37/><V42/><F131/><N who="3" m="50187" /><G113/><T10/><D128/><U68/><E68/><V41/><F39/><W0/><G0/><T46/><D74/><U48/><E13/><V62/><F102/><W82/><G71/><T122/><D126/><U34/><E34/><V22/><F18/><W30/><G30/><T8/><D122/><U125/><E125/><V7/><F7/><W17/><G17/><T83/><D83/><U58/><E84/><V104/><F104/><W66/><G54/><T55/><D92/><U32/><E32/><V78/><F78/><W94/><G82/><T114/><D103/><U109/><E109/><V116/><F116/><W47/><G66/><N who="1" m="25130" /><E86/><V79/><F79/><W15/><G61/><T132/><D114/><U65/><E65/><V89/><F89/><W2/><G15/><N who="0" m="9631" /><D132/><U105/><E105/><V121/><F121/><W36/><G2/><T95/><D95/><U80/><E80/><V101/><F101/><W5/><G5/><T20/><D60/><U118/><E118/><V100/><F100/><W115/><G115/><T51/><D3/><U93/><E93/><V123/><F123/><W73/><G36/><T127/><D127/><U90/><E90/><V57/><AGARI ba="0,0" hai="19,22,27,40,41,42,52,57,62,85,87" m="41514" machi="57" ten="40,2700,0" yaku="14,1,54,1" doraHai="70" who="2" fromWho="2" sc="220,-7,289,-7,339,27,152,-13" owari="213,-19.0,282,8.0,366,47.0,139,-36.0" /></mjloggm>