<mjloggm ver="2.3"><GO type="169" lobby="0"/><UN n0="%68%61%72%75%72%75%39%31" n1="%E5%96%A7%E5%98%A9%E5%B8%AB%E2%98%86%E8%8A%B1%E5%B1%B1" n2="%E5%B0%B1%E6%B4%BB%E7%94%9F%40%E5%B7%9D%E6%9D%91%E8%BB%8D%E5%9B%A3" n3="%E3%81%84%E3%81%AA%E3%81%97%E3%82%93%E3%80%82" dan="16,16,17,16" rate="2018.33,2110.78,2214.15,2131.52" sx="M,M,M,M"/><TAIKYOKU oya="0"/><INIT seed="0,0,0,4,1,85" ten="250,250,250,250" oya="0" hai0="80,52,73,69,9,82,116,90,25,94,100,72,8" hai1="34,107,31,132,121,68,134,83,26,93,60,96,105" hai2="30,11,32,45,97,120,106,133,75,23,86,74,41" hai3="124,19,55,65,81,62,131,102,104,113,35,67,110"/><T7/><D116/><U24/><E121/><V125/><F23/><W118/><G118/><T130/><D69/><U114/><E114/><V119/><F86/><W56/><G110/><T95/><D130/><U63/><E83/><N who="0" m="31785" /><D73/><U59/><E68/><V122/><F11/><N who="0" m="4170" /><D72/><U79/><E79/><V84/><F84/><W37/><G37/><T5/><D25/><U33/><E24/><V13/><F13/><W101/><G35/><T103/><D95/><U48/><E34/><V87/><F32/><W46/><G104/><T64/><D64/><U14/><E14/><V109/><F75/><W28/><G113/><T50/><D7/><U77/><E77/><V17/><F74/><W4/><G67/><T70/><D70/><U91/><E105/><V1/><F106/><W123/><G4/><T127/><D127/><U89/><E107/><V92/><F92/><W126/><G123/><T51/><D51/><U47/><E33/><V71/><F71/><W49/><G81/><T128/><D128/><U3/><E26/><V0/><F0/><W20/><G131/><T2/><D2/><U27/><E3/><V115/><F1/><W98/><G126/><T18/><D18/><U42/><E31/><V88/><F30/><W129/><G28/><T12/><D12/><U112/><E27/><V21/><F125/><W43/><G129/><T135/><D135/><N who="1" m="51755" /><E112/><V58/><F133/><W15/><G124/><T36/><D36/><U10/><E10/><V66/><F119/><W6/><G6/><T38/><D38/><U40/><E93/><N who="2" m="54431" /><F120/><W39/><G98/><N who="0" m="57687" /><D5/><U53/><E96/><RYUUKYOKU ba="0,0" sc="250,15,250,-15,250,-15,250,15" hai0="50,52,100,103" hai3="15,19,20,39,43,46,49,55,56,62,65,101,102" /><INIT seed="0,1,0,4,5,120" ten="265,235,235,265" oya="0" hai0="125,78,110,5,95,84,26,23,4,19,105,36,123" hai1="14,44,62,27,89,61,71,39,50,33,34,46,76" hai2="119,100,21,35,51,38,90,106,1,69,114,118,130" hai3="58,25,7,40,70,127,16,45,104,80,47,135,81"/><T113/><D123/><U86/><E76/><V43/><F35/><W98/><G70/><T132/><D113/><U28/><E33/><V131/><F1/><W91/><G7/><T24/><D105/><U64/><E62/><V11/><F11/><W31/><G135/><T88/><D36/><U93/><E39/><V99/><F114/><W117/><G117/><N who="2" m="44553" /><F21/><N who="3" m="13479" /><G31/><T112/><D112/><U48/><REACH who="1" step="1"/><E14/><REACH who="1" ten="265,225,235,265" step="2"/><V85/><F38/><W74/><G74/><T128/><D128/><U107/><E107/><V126/><F69/><W60/><G104/><T75/><D75/><U9/><E9/><V59/><F126/><W54/><G127/><T32/><D32/><U10/><E10/><V111/><F130/><W12/><G12/><T115/><D125/><U96/><E96/><V109/><F131/><W0/><G0/><T77/><D115/><U66/><E66/><V72/><F72/><W15/><G15/><N who="0" m="9727" /><D132/><U6/><E6/><N who="0" m="2665" /><D110/><U68/><E68/><V97/><F97/><W94/><G45/><AGARI ba="1,1" hai="27,28,34,44,45,46,48,50,61,64,71,86,89,93" machi="45" ten="40,2600,0" yaku="1,1,53,1" doraHai="120" doraHaiUra="56" who="1" fromWho="3" sc="265,0,225,39,235,0,265,-29" /><INIT seed="1,0,0,4,1,12" ten="265,264,235,236" oya="1" hai0="17,52,8,127,131,113,122,10,5,78,31,118,102" hai1="64,48,81,43,104,40,114,51,70,130,35,16,21" hai2="103,11,57,49,116,33,71,68,73,92,0,74,105" hai3="38,6,29,56,129,117,112,76,109,27,19,24,54"/><U60/><E114/><V132/><F92/><W41/><G112/><T133/><D118/><U84/><E35/><V83/><F57/><W97/><G6/><T135/><D113/><U14/><E104/><V124/><F49/><W62/><G117/><T2/><D102/><U108/><E130/><V63/><F124/><W77/><G109/><T134/><D127/><U100/><E100/><V123/><F123/><W53/><G129/><T66/><D66/><U50/><REACH who="1" step="1"/><E108/><REACH who="1" ten="265,254,235,236" step="2"/><V20/><F103/><W93/><G76/><AGARI ba="0,1" hai="14,16,21,40,43,48,50,51,60,64,70,76,81,84" machi="76" ten="40,12000,1" yaku="1,1,2,1,52,1,54,1,53,0" doraHai="12" doraHaiUra="110" who="1" fromWho="3" sc="265,0,254,130,235,0,236,-120" /><INIT seed="1,1,0,1,1,29" ten="265,384,235,116" oya="1" hai0="13,3,61,38,85,31,65,87,27,106,58,95,73" hai1="88,43,83,115,66,107,4,72,64,25,122,134,46" hai2="32,54,116,18,14,124,109,41,97,68,8,1,51" hai3="71,118,105,39,69,45,101,113,37,91,120,7,59"/><U10/><E115/><V6/><F116/><W96/><G113/><T104/><D73/><U108/><E122/><V93/><F68/><W56/><G120/><T9/><D3/><U52/><E107/><V135/><F109/><W133/><G133/><T111/><D38/><U125/><E125/><V49/><F135/><W126/><G126/><T112/><D111/><U50/><E134/><V110/><F110/><W15/><G118/><T77/><D112/><U35/><E72/><V81/><F81/><W103/><G91/><T84/><D77/><U5/><E5/><V26/><F41/><W74/><G74/><T47/><D47/><U44/><E108/><V24/><F124/><W12/><G45/><T20/><REACH who="0" step="1"/><D95/><REACH who="0" ten="255,384,235,116" step="2"/><U57/><E44/><V11/><F93/><W89/><G105/><T67/><D67/><U82/><E64/><V92/><F54/><W128/><G37/><T70/><D70/><U121/><E66/><V19/><F92/><W63/><G39/><T79/><D79/><U75/><E75/><V36/><F36/><W129/><G69/><T33/><D33/><U17/><E35/><V127/><F32/><W23/><G71/><T2/><D2/><U21/><E121/><V100/><F1/><W80/><G59/><T62/><D62/><U114/><E114/><V98/><F127/><W40/><G56/><T117/><D117/><U48/><E57/><V55/><F55/><W123/><G63/><T130/><D130/><U16/><E52/><V131/><F131/><W90/><G129/><T22/><D22/><N who="1" m="13511" /><E46/><V53/><F53/><W94/><G128/><RYUUKYOKU ba="1,1" sc="255,30,384,-10,235,-10,116,-10" hai0="9,13,20,27,31,58,61,65,84,85,87,104,106" /><INIT seed="2,2,1,2,3,41" ten="285,374,225,106" oya="2" hai0="6,34,80,119,17,125,97,111,55,118,45,129,134" hai1="76,130,21,133,33,64,11,23,95,77,113,29,89" hai2="53,88,103,28,96,54,32,47,79,13,4,78,42" hai3="1,37,65,67,18,74,92,102,22,115,7,114,51"/><V35/><F35/><W49/><G37/><T94/><D111/><U109/><E113/><N who="3" m="43018" /><G74/><T26/><D125/><U57/><E33/><V43/><F32/><W69/><G7/><T116/><D129/><U8/><E133/><V93/><F28/><W44/><G1/><T61/><D134/><U127/><E109/><V0/><F0/><W73/><G73/><T105/><D105/><U59/><E127/><V121/><F121/><W27/><G69/><T5/><D80/><U48/><E59/><V123/><F123/><W19/><G51/><N who="0" m="29167" /><D61/><U108/><E130/><V91/><F78/><W36/><G36/><T86/><D86/><U20/><E29/><V3/><F79/><W99/><G19/><T71/><D71/><U31/><E31/><V63/><F3/><W128/><G128/><T85/><D85/><U14/><E108/><V39/><F43/><AGARI ba="2,1" hai="18,22,27,43,44,49,65,67,92,99,102" m="43018" machi="43" ten="30,2000,0" yaku="11,1,52,1" doraHai="41" who="3" fromWho="2" sc="285,0,374,0,225,-26,106,36" /><INIT seed="3,0,0,4,3,109" ten="285,374,199,142" oya="3" hai0="28,115,44,1,26,24,90,131,104,69,64,63,61" hai1="31,73,83,35,125,74,100,128,79,80,102,29,114" hai2="11,18,106,12,121,6,5,112,132,46,126,86,95" hai3="70,22,93,25,88,89,117,91,9,27,65,76,133"/><W66/><G117/><T77/><D104/><U2/><E2/><V49/><F106/><W71/><G133/><T30/><D77/><U36/><E36/><V53/><F112/><W3/><G76/><T39/><D1/><U92/><E35/><V85/><F132/><W15/><G3/><T7/><D7/><N who="2" m="2570" /><F126/><W23/><G9/><T103/><D103/><U135/><E92/><V43/><F121/><W62/><G93/><T10/><D10/><U67/><E67/><V14/><F14/><W19/><REACH who="3" step="1"/><G23/><REACH who="3" ten="285,374,199,132" step="2"/><T108/><D108/><U47/><E79/><V38/><F38/><W56/><G56/><T118/><D39/><U98/><E135/><V72/><F72/><W20/><G20/><T111/><D118/><U45/><E74/><V78/><F78/><W13/><G13/><T4/><D111/><U16/><E73/><V107/><F107/><W75/><G75/><T120/><D120/><U42/><E125/><V82/><F95/><W55/><G55/><T127/><D127/><U124/><E124/><V40/><F82/><W94/><G94/><T52/><D52/><U57/><E57/><V59/><F59/><W123/><G123/><T84/><D69/><U130/><E80/><V48/><F48/><W101/><G101/><T50/><D50/><U8/><E83/><V96/><F96/><W54/><G54/><T51/><D51/><U129/><E98/><V41/><AGARI ba="0,1" hai="11,12,18,40,41,43,46,49,53,85,86" m="2570" machi="41" ten="30,1100,0" yaku="8,1" doraHai="109" who="2" fromWho="2" sc="285,-3,374,-3,199,21,132,-5" /><INIT seed="4,0,0,4,1,108" ten="282,371,220,127" oya="0" hai0="75,65,70,82,99,45,79,119,43,126,54,81,68" hai1="29,55,52,53,46,114,7,125,50,85,56,67,130" hai2="22,39,112,16,80,83,63,27,48,1,122,76,13" hai3="94,8,102,62,6,24,37,121,93,115,95,132,127"/><T64/><D119/><U42/><E125/><V106/><F39/><W26/><G37/><T78/><D126/><U72/><E72/><V133/><F1/><W120/><G127/><T123/><D123/><N who="3" m="47177" /><G62/><T34/><D34/><U111/><E111/><V10/><F106/><W38/><G38/><T97/><D54/><U118/><E118/><V92/><F122/><W84/><G102/><T107/><D107/><U131/><E29/><V109/><F109/><W129/><G129/><N who="1" m="49162" /><E7/><V96/><F133/><W35/><G132/><T30/><D30/><U91/><E114/><V73/><F112/><W3/><G84/><T2/><D2/><U33/><E33/><V15/><F63/><W105/><G105/><T25/><D25/><N who="3" m="9833" /><G35/><T28/><D28/><U0/><E0/><V61/><F61/><W86/><G86/><T101/><D101/><U117/><E117/><V89/><F80/><W12/><G3/><T74/><D43/><U57/><E67/><V110/><F110/><W87/><G87/><T21/><D21/><U4/><E4/><V90/><F90/><W60/><G60/><T11/><D11/><U36/><E36/><V113/><F113/><AGARI ba="0,0" hai="6,8,12,93,94,95,113,115" m="9833,47177" machi="113" ten="40,5200,0" yaku="13,1,52,2" doraHai="108" who="3" fromWho="2" sc="282,0,371,0,220,-52,127,52" /><INIT seed="5,0,0,2,3,13" ten="282,371,168,179" oya="1" hai0="105,73,11,106,131,101,56,78,40,21,2,76,49" hai1="20,53,112,18,55,102,103,71,60,124,23,16,12" hai2="81,43,117,86,104,82,30,87,74,115,0,88,127" hai3="42,68,95,122,5,75,89,34,91,8,27,35,4"/><U45/><E112/><V41/><F117/><W109/><G68/><T99/><D131/><U3/><E3/><V96/><F0/><W33/><G75/><T79/><D73/><U77/><E124/><V37/><F127/><W121/><G42/><T10/><D106/><U125/><E125/><V1/><F1/><W128/><G27/><T57/><D2/><U69/><E77/><V32/><F115/><W25/><G25/><T59/><D40/><U108/><E108/><V84/><F37/><W17/><G109/><T119/><D119/><U66/><E69/><V116/><F116/><W97/><G128/><T63/><D49/><U130/><E130/><V29/><F74/><W58/><G58/><T126/><D126/><U46/><E46/><V132/><F132/><W98/><G8/><T94/><D105/><U15/><E53/><V61/><F104/><W54/><G54/><T65/><D21/><U100/><E100/><V64/><F96/><W118/><G118/><T110/><D110/><U19/><E19/><V107/><F107/><W67/><G67/><T72/><D72/><U51/><AGARI ba="0,0" hai="12,15,16,18,20,23,45,51,55,60,66,71,102,103" machi="51" ten="30,12000,1" yaku="0,1,9,1,52,2,54,1" doraHai="13" who="1" fromWho="1" sc="282,-40,371,120,168,-40,179,-40" /><INIT seed="5,1,0,1,2,115" ten="242,491,128,139" oya="1" hai0="70,119,80,92,4,87,6,112,33,117,24,55,107" hai1="73,85,110,2,10,26,62,17,101,14,121,109,8" hai2="23,89,47,27,1,36,106,108,3,94,51,19,60" hai3="79,65,104,98,52,71,123,15,41,40,29,75,72"/><U37/><E73/><V77/><F106/><W45/><G29/><T120/><D107/><U11/><E101/><V30/><F36/><W97/><G123/><T122/><D70/><U61/><E37/><V134/><F108/><W69/><G104/><T21/><D33/><U67/><E62/><V50/><F134/><W111/><G15/><T57/><D112/><U7/><E85/><V39/><F39/><W81/><G111/><N who="1" m="42506" /><E61/><V18/><F77/><W127/><G127/><T96/><D96/><U113/><E67/><V35/><F60/><W66/><G79/><N who="0" m="46495" /><D92/><U128/><E113/><V9/><F50/><W25/><G81/><T124/><D124/><U105/><E105/><V118/><F118/><W74/><G74/><T42/><D42/><U0/><E121/><N who="0" m="46697" /><D6/><N who="1" m="1111" /><E26/><V135/><F135/><W93/><G25/><T132/><D132/><U5/><E5/><V34/><F51/><W91/><G93/><T63/><D4/><U13/><E0/><N who="2" m="75" /><F47/><W83/><G83/><T20/><D24/><U49/><E49/><V95/><F89/><W56/><G45/><T99/><D99/><U130/><AGARI ba="1,0" hai="7,10,11,13,14,17,128,130" m="1111,42506" machi="130" ten="30,6000,0" yaku="10,1,34,2" doraHai="115" who="1" fromWho="1" sc="242,-21,491,63,128,-21,139,-21" /><INIT seed="5,2,0,0,4,131" ten="221,554,107,118" oya="1" hai0="130,29,64,124,33,99,102,134,104,2,41,98,97" hai1="52,95,120,23,118,87,117,56,12,18,13,96,93" hai2="8,128,100,66,80,78,86,62,24,92,77,27,58" hai3="55,109,43,94,103,114,30,71,48,5,116,84,135"/><U105/><E120/><V10/><F128/><W4/><G109/><T63/><D130/><U22/><E105/><V113/><F78/><W53/><G71/><T47/><D2/><U35/><E35/><V90/><F100/><W16/><G30/><T88/><D124/><U119/><E96/><V108/><F108/><W85/><G135/><T81/><D134/><U49/><E87/><N who="3" m="33354" /><G114/><T57/><D81/><U31/><E31/><V68/><F68/><W40/><G16/><AGARI ba="2,0" hai="12,13,16,18,22,23,49,52,56,93,95,117,118,119" machi="16" ten="40,7700,0" yaku="9,1,54,2" doraHai="131" who="1" fromWho="3" sc="221,0,554,83,107,0,118,-83" /><INIT seed="5,3,0,5,0,99" ten="221,637,107,35" oya="1" hai0="126,12,7,18,56,36,17,44,131,91,67,82,135" hai1="120,111,117,105,8,87,116,113,25,59,123,61,52" hai2="108,16,2,79,5,27,97,29,42,49,133,92,58" hai3="0,124,41,88,24,90,19,85,69,60,103,63,46"/><U110/><E105/><V30/><F108/><N who="1" m="41513" /><E87/><V77/><F2/><W51/><G0/><T6/><D126/><U74/><E74/><V112/><F5/><W14/><G124/><T75/><D75/><U102/><E102/><N who="2" m="60711" /><F133/><W134/><G134/><T107/><D107/><U26/><E8/><V62/><F112/><W28/><G69/><T55/><D135/><U53/><E26/><V86/><F49/><W4/><G4/><T76/><D76/><N who="2" m="29258" /><F42/><W33/><G103/><T31/><D31/><U9/><E9/><V84/><F29/><W66/><G66/><T94/><D7/><U65/><E25/><V114/><F30/><W98/><G98/><T132/><D6/><U34/><E34/><V48/><F48/><W130/><G130/><T13/><D132/><U40/><E40/><V39/><F39/><W15/><G90/><T73/><D131/><U127/><E127/><V89/><F89/><W78/><G78/><T10/><D36/><U95/><E113/><V22/><F114/><W106/><G106/><T21/><D10/><U121/><E95/><V50/><F50/><W80/><REACH who="3" step="1"/><G14/><REACH who="3" ten="221,637,107,25" step="2"/><T118/><D12/><U3/><E3/><V57/><F57/><W104/><G104/><T101/><D13/><U54/><AGARI ba="3,1" hai="52,53,54,59,61,65,116,117,120,121,123" m="41513" machi="54" ten="40,12000,1" yaku="10,1,34,2,54,1" doraHai="99" who="1" fromWho="1" sc="221,-43,637,139,107,-43,25,-43" owari="178,-2.0,776,88.0,64,-34.0,-18,-52.0" /></mjloggm>