<mjloggm ver="2.3"><GO type="97" lobby="0"/><UN n0="%41%6D%65%74%68%75%73" n1="%E5%B0%B1%E6%B4%BB%E7%94%9F%40%E5%B7%9D%E6%9D%91%E8%BB%8D%E5%9B%A3" n2="%E3%82%BD%E3%83%BC%E3%83%8A%E3%83%B3%E3%82%B9" n3="%41%71%61%62%61%21" dan="15,15,14,13" rate="1982.04,1980.40,1935.55,1869.95" sx="M,M,M,M"/><TAIKYOKU oya="0"/><INIT seed="0,0,0,3,0,134" ten="250,250,250,250" oya="0" hai0="82,66,69,101,107,50,92,117,23,68,54,60,129" hai1="104,76,111,102,22,85,30,73,112,135,108,121,16" hai2="41,2,56,46,72,79,36,132,17,75,83,26,25" hai3="106,88,1,80,90,113,37,124,64,109,7,24,9"/><T44/><D117/><U35/><E121/><V96/><F132/><W42/><G113/><T52/><D129/><U119/><E119/><V59/><F72/><W123/><G109/><N who="1" m="42058" /><E73/><V45/><F45/><W47/><G124/><T125/><D107/><U28/><E135/><V58/><F96/><W94/><G106/><T103/><D69/><U130/><E35/><V70/><F70/><W114/><G114/><T120/><D120/><U32/><E32/><V86/><F86/><W95/><G123/><T48/><D82/><N who="1" m="47303" /><E130/><V12/><REACH who="2" step="1"/><F2/><REACH who="2" ten="250,250,240,250" step="2"/><W122/><G122/><T49/><D125/><U131/><E131/><V5/><F5/><W81/><G64/><T97/><D103/><U19/><E112/><V77/><F77/><W99/><G24/><T8/><D8/><AGARI ba="0,1" hai="8,12,17,25,26,36,41,46,56,58,59,75,79,83" machi="8" ten="40,2600,0" yaku="1,1,53,1" doraHai="134" doraHaiUra="4" who="2" fromWho="0" sc="250,-26,250,0,240,36,250,0" /><INIT seed="1,0,0,5,2,80" ten="224,250,276,250" oya="1" hai0="134,19,47,133,64,16,12,109,56,23,94,123,78" hai1="39,31,11,14,96,50,82,49,87,113,22,119,5" hai2="131,15,17,98,110,107,115,86,99,33,62,116,85" hai3="66,35,90,124,88,92,79,30,0,25,60,70,69"/><U91/><E39/><V81/><F116/><W54/><G124/><T102/><D109/><U129/><E119/><V103/><F33/><W74/><G0/><T57/><D123/><U45/><E113/><V8/><F115/><W32/><G74/><T34/><D34/><U61/><E129/><V48/><F110/><W121/><G79/><T36/><D78/><U65/><E96/><V114/><F114/><W7/><G7/><T106/><D106/><U108/><E108/><V97/><F131/><W3/><G3/><T26/><D64/><U132/><E132/><N who="0" m="50793" /><D102/><U122/><E122/><V111/><F111/><W28/><G121/><T46/><D94/><U83/><E83/><V63/><F48/><W68/><G54/><T42/><D46/><U58/><REACH who="1" step="1"/><E45/><REACH who="1" ten="224,240,276,250" step="2"/><V38/><F38/><W100/><G100/><T37/><D37/><U105/><E105/><V24/><F107/><W51/><G51/><T89/><D89/><U95/><E95/><V101/><F101/><W120/><G120/><T20/><AGARI ba="0,1" hai="12,16,19,20,23,26,36,42,47,56,57" m="50793" machi="20" ten="30,2000,0" yaku="20,1,54,1" doraHai="80" who="0" fromWho="0" sc="224,30,240,-10,276,-5,250,-5" /><INIT seed="2,0,0,4,2,109" ten="254,230,271,245" oya="2" hai0="110,92,112,17,95,28,26,42,66,31,69,5,68" hai1="63,65,7,12,105,58,61,39,33,91,59,6,108" hai2="13,79,21,4,2,16,131,60,8,96,36,19,123" hai3="130,70,18,51,74,121,46,9,120,133,23,117,52"/><V10/><F123/><W3/><G117/><T81/><D110/><U94/><E108/><V24/><F36/><W41/><G130/><T111/><D111/><U48/><E105/><V87/><F131/><W103/><G133/><T54/><D42/><U85/><E39/><V83/><F96/><W73/><G70/><T77/><D5/><U101/><E33/><V15/><REACH who="2" step="1"/><F60/><REACH who="2" ten="254,230,261,245" step="2"/><W57/><G120/><T119/><D119/><U64/><E101/><V67/><F67/><W80/><G121/><T34/><D66/><U62/><E62/><V118/><F118/><W125/><G103/><T29/><D34/><U128/><E128/><V45/><F45/><W14/><G125/><T93/><D69/><U49/><E12/><AGARI ba="0,1" hai="2,4,8,10,12,13,15,16,19,21,24,79,83,87" machi="12" ten="40,3900,0" yaku="1,1,54,1,53,0" doraHai="109" doraHaiUra="25" who="2" fromWho="1" sc="254,0,230,-39,261,49,245,0" /><INIT seed="2,1,0,4,2,83" ten="254,191,310,245" oya="2" hai0="55,71,108,47,4,69,125,76,107,45,132,60,41" hai1="67,36,72,2,43,65,17,112,23,119,80,74,100" hai2="16,99,75,8,128,48,98,84,78,28,1,110,92" hai3="61,3,11,124,70,82,37,135,35,46,95,25,103"/><V52/><F128/><W33/><G135/><T81/><D107/><U40/><E119/><V50/><F75/><W39/><G124/><T133/><D125/><U111/><E2/><V30/><F110/><W19/><G35/><T68/><D108/><U91/><E111/><V79/><F48/><W86/><G70/><T63/><D4/><U93/><E112/><V10/><F1/><W116/><G116/><T29/><D29/><N who="2" m="11370" /><F8/><W122/><G122/><T104/><D104/><U96/><E72/><V121/><F79/><W51/><G33/><T49/><D81/><U134/><E134/><N who="0" m="51817" /><D76/><U88/><E74/><V18/><F121/><W113/><G113/><T94/><D94/><U26/><E36/><AGARI ba="1,0" hai="36,41,45,47,49,55,60,63,68,69,71" m="51817" machi="36" ten="40,5200,0" yaku="20,1,34,2" doraHai="83" who="0" fromWho="1" sc="254,55,191,-55,310,0,245,0" /><INIT seed="3,0,0,2,0,37" ten="309,136,310,245" oya="3" hai0="75,58,12,52,71,104,17,91,114,70,13,119,87" hai1="19,99,76,67,131,85,10,50,61,121,78,100,11" hai2="113,124,39,2,60,98,23,31,45,35,125,27,66" hai3="81,123,26,65,49,84,117,96,88,54,118,57,55"/><W46/><G123/><T47/><D104/><U127/><E121/><V18/><F113/><W79/><G65/><T109/><D75/><U110/><E127/><N who="2" m="48715" /><F98/><W108/><G108/><T30/><D119/><U0/><E110/><V15/><F2/><W9/><G9/><T48/><D109/><U34/><E131/><V106/><F106/><W43/><G55/><T122/><D122/><U133/><E133/><V4/><F4/><W116/><G26/><T92/><D114/><U29/><E29/><V107/><F107/><W101/><G79/><T33/><D13/><U74/><E34/><V1/><F1/><W20/><G20/><N who="0" m="11303" /><D47/><U130/><E74/><V28/><F28/><W63/><REACH who="3" step="1"/><G118/><REACH who="3" ten="309,136,310,235" step="2"/><T126/><D126/><U7/><E130/><V111/><F111/><W89/><G89/><T103/><D103/><U80/><E76/><V128/><F128/><W90/><G90/><T8/><D8/><U64/><E64/><V14/><F14/><W32/><G32/><T134/><D134/><U62/><E67/><V16/><F66/><W21/><G21/><T95/><D95/><AGARI ba="0,1" hai="43,46,49,54,57,63,81,84,88,95,96,101,116,117" machi="95" ten="30,11600,0" yaku="1,1,7,1,52,1,54,1,53,0" doraHai="37" doraHaiUra="102" who="3" fromWho="0" sc="309,-116,136,0,310,0,235,126" owari="193,-21.0,136,-36.0,310,11.0,361,46.0" /></mjloggm>