<mjloggm ver="2.3"><GO type="97" lobby="0"/><UN n0="%44%65%61%74%68" n1="%4A%57%35%35" n2="%54%4F%4B%59%4F%4B%49%44" n3="%E5%B0%B1%E6%B4%BB%E7%94%9F%40%E5%B7%9D%E6%9D%91%E8%BB%8D%E5%9B%A3" dan="15,16,15,14" rate="1963.58,2021.70,2038.00,1945.12" sx="M,M,M,M"/><TAIKYOKU oya="0"/><INIT seed="0,0,0,4,3,86" ten="250,250,250,250" oya="0" hai0="50,7,70,1,41,73,9,27,96,44,55,26,128" hai1="100,35,10,125,66,89,118,69,106,129,2,95,47" hai2="123,15,72,8,29,92,71,48,4,22,109,108,135" hai3="31,78,39,132,0,88,57,130,85,122,37,20,49"/><T17/><D128/><U64/><E118/><V99/><F71/><W98/><G0/><T23/><D73/><U104/><E35/><V21/><F123/><W112/><G130/><T42/><D70/><U58/><E69/><V60/><F72/><W16/><G112/><T127/><D127/><U3/><E125/><V134/><F60/><W11/><G132/><N who="2" m="50729" /><F48/><W113/><G122/><T77/><D77/><U53/><E47/><V30/><F92/><N who="3" m="56583" /><G39/><T25/><D96/><U6/><E3/><V5/><F99/><W46/><G37/><T33/><REACH who="0" step="1"/><D33/><REACH who="0" ten="240,250,250,250" step="2"/><U43/><E129/><V56/><F109/><W28/><G113/><T131/><D131/><U76/><E76/><V83/><F108/><W105/><G105/><T32/><D32/><U90/><E106/><V133/><F133/><W54/><G78/><T45/><D45/><U80/><E104/><V59/><F56/><W103/><G85/><T67/><D67/><U61/><E66/><V63/><F59/><W40/><G103/><T81/><D81/><U126/><E80/><V12/><F83/><W51/><G11/><T13/><AGARI ba="0,1" hai="1,7,9,13,17,23,25,26,27,41,42,44,50,55" machi="13" ten="30,3000,0" yaku="1,1,0,1,53,0" doraHai="86" doraHaiUra="117" who="0" fromWho="0" sc="240,40,250,-10,250,-10,250,-10" /><INIT seed="0,1,0,4,0,26" ten="280,240,240,240" oya="0" hai0="81,45,112,35,22,44,58,8,100,118,91,127,93" hai1="114,84,59,53,123,69,24,119,25,34,77,122,103" hai2="56,71,43,83,2,6,30,88,86,36,74,68,124" hai3="115,20,54,121,7,82,18,131,50,63,120,37,108"/><T95/><D112/><U135/><E119/><V14/><F124/><W110/><G37/><T49/><D118/><U32/><E69/><V62/><F74/><W5/><G115/><T129/><D35/><U19/><E114/><V90/><F2/><W23/><G63/><T15/><D127/><U72/><E72/><V0/><F0/><W33/><G33/><T13/><D129/><U31/><E103/><V75/><F75/><W9/><G131/><T67/><D100/><U38/><E38/><V106/><F106/><W113/><G82/><T125/><D125/><U87/><E135/><V134/><F134/><W21/><G113/><T39/><D39/><U42/><E42/><V28/><F90/><W126/><G126/><T94/><D22/><N who="3" m="8809" /><G54/><N who="0" m="32079" /><D67/><U47/><E47/><N who="0" m="17993" /><D8/><U65/><E19/><V130/><F130/><W97/><G50/><T73/><D73/><U107/><E65/><V78/><F36/><W1/><G5/><T10/><D10/><U61/><E107/><V27/><F43/><W55/><G55/><T29/><D29/><N who="2" m="11370" /><F68/><W52/><G52/><T79/><D79/><U17/><E77/><V80/><F71/><W16/><G97/><T4/><D4/><U98/><E98/><V102/><F78/><W133/><G133/><T60/><D60/><U132/><E132/><V128/><F128/><W51/><G51/><T105/><D105/><U111/><E34/><V109/><F62/><W96/><G96/><T46/><N who="0" m="18001" /><T76/><DORA hai="3" /><D76/><U101/><E32/><V116/><F6/><W104/><G104/><T64/><D64/><U12/><E61/><RYUUKYOKU ba="1,0" sc="280,30,240,-10,240,-10,240,-10" hai0="13,15,81,91,93,94,95" /><INIT seed="0,2,0,2,1,45" ten="310,230,230,230" oya="0" hai0="62,31,105,1,78,92,112,117,5,43,58,4,49" hai1="129,30,70,99,60,46,106,108,89,25,123,90,116" hai2="27,48,40,64,13,52,3,71,91,109,26,104,14" hai3="20,81,75,114,93,24,122,111,10,17,76,12,0"/><T23/><D117/><U103/><E116/><V44/><F104/><W85/><G114/><T121/><D121/><U16/><E123/><V87/><F3/><W65/><G122/><T54/><D105/><U134/><E134/><V115/><F109/><W7/><G111/><T74/><D112/><U66/><E129/><V130/><F130/><W131/><G131/><T100/><D1/><U34/><E108/><V127/><F127/><W67/><G75/><T119/><D119/><U6/><E6/><V77/><F77/><W72/><G72/><T95/><D78/><U124/><E124/><V132/><F132/><W41/><G93/><N who="0" m="35915" /><D100/><U88/><E46/><V18/><F14/><W55/><G55/><N who="0" m="34143" /><D43/><U61/><E61/><V128/><F128/><W98/><G98/><T29/><D74/><U50/><E50/><V73/><F73/><W84/><G84/><T110/><D110/><U68/><E68/><V83/><F40/><W42/><G42/><T126/><D126/><U101/><E103/><V8/><F115/><W118/><G118/><T35/><D35/><U69/><E69/><V28/><F28/><N who="0" m="10826" /><D23/><U94/><E94/><V63/><AGARI ba="2,0" hai="8,13,18,26,27,44,48,52,63,64,71,83,87,91" machi="63" ten="30,8000,1" yaku="0,1,25,2,52,1,54,1" doraHai="45" who="2" fromWho="2" sc="310,-42,230,-22,230,86,230,-22" /><INIT seed="1,0,0,0,2,68" ten="268,208,316,208" oya="1" hai0="120,33,77,69,97,35,54,110,124,117,22,34,109" hai1="65,0,106,30,116,48,9,75,13,47,29,131,53" hai2="41,132,5,56,86,36,27,44,32,63,3,50,78" hai3="118,55,66,57,99,121,94,102,133,81,64,98,58"/><U92/><E106/><V19/><F132/><W49/><G121/><T73/><D120/><U115/><E115/><V17/><F32/><N who="0" m="8194" /><T87/><DORA hai="105" /><D117/><U61/><E116/><V111/><F111/><N who="0" m="42506" /><D124/><U84/><E131/><V26/><F36/><W83/><G118/><T112/><D112/><U82/><E75/><V103/><F5/><W90/><G133/><T7/><D97/><U52/><E92/><V91/><F3/><W80/><REACH who="3" step="1"/><G58/><REACH who="3" ten="268,208,316,198" step="2"/><T10/><D69/><U114/><E114/><V16/><F56/><W62/><G62/><T21/><D54/><U125/><E53/><V12/><F63/><W20/><G20/><T45/><D45/><U6/><E125/><V43/><F44/><W74/><G74/><T46/><D46/><U15/><E61/><V42/><F43/><W96/><G96/><T104/><D73/><U39/><E47/><V67/><F42/><W95/><AGARI ba="0,1" hai="49,55,57,64,66,80,81,83,90,94,95,98,99,102" machi="95" ten="30,4000,0" yaku="1,1,0,1,8,1,53,0" doraHai="68,105" doraHaiUra="25,128" who="3" fromWho="3" sc="268,-10,208,-20,316,-10,198,50" /><INIT seed="2,0,0,1,0,113" ten="258,188,306,248" oya="2" hai0="25,111,73,67,4,75,48,71,112,107,52,26,78" hai1="27,5,135,46,134,13,16,40,69,10,92,103,6" hai2="97,68,105,41,83,1,35,127,12,22,79,126,3" hai3="109,122,21,66,38,29,116,121,90,8,70,63,18"/><V55/><F35/><W62/><G38/><T14/><D112/><U9/><E69/><V37/><F68/><W50/><G116/><T87/><D107/><U117/><E103/><N who="2" m="62703" /><F55/><W110/><G63/><T104/><D104/><U33/><E92/><V39/><F22/><W118/><G118/><T65/><D111/><N who="3" m="42505" /><G29/><T72/><D71/><U124/><E117/><V93/><F12/><N who="3" m="9415" /><G8/><N who="0" m="4359" /><D73/><U0/><E124/><N who="2" m="47659" /><F93/><W60/><G60/><T114/><D72/><U17/><E46/><N who="2" m="23855" /><F39/><W80/><G50/><T42/><D75/><AGARI ba="0,0" hai="1,3,75,79,83" m="23855,47659,62703" machi="75" ten="30,2900,0" yaku="18,1,23,1" doraHai="113" who="2" fromWho="0" sc="258,-29,188,0,306,29,248,0" /><INIT seed="2,1,0,5,1,81" ten="229,188,335,248" oya="2" hai0="82,130,62,28,47,112,53,77,71,21,14,70,117" hai1="76,41,85,54,89,51,99,83,1,87,25,126,129" hai2="94,98,10,23,26,100,103,39,118,60,63,133,37" hai3="13,0,16,35,36,93,108,84,66,11,59,119,74"/><V64/><F118/><W52/><G74/><T88/><D117/><U22/><E129/><V27/><F133/><W86/><G36/><T48/><D130/><U4/><E126/><V105/><F10/><W67/><G119/><T61/><D112/><U32/><E32/><V44/><F44/><W107/><G107/><T42/><D77/><U80/><E41/><V18/><F63/><N who="3" m="36327" /><G35/><T15/><D70/><U68/><E68/><V91/><F27/><W116/><G0/><T40/><D71/><U3/><E4/><V92/><F105/><W111/><G116/><T33/><D33/><U102/><E99/><V46/><F103/><W30/><G30/><T50/><D28/><U43/><E43/><N who="0" m="16425" /><D50/><U114/><E102/><V31/><F46/><W24/><G24/><T124/><D124/><U20/><E114/><V96/><F31/><W128/><G128/><T65/><D65/><N who="3" m="24585" /><G93/><T72/><D72/><U2/><REACH who="1" step="1"/><E25/><REACH who="1" ten="229,178,335,248" step="2"/><V131/><F131/><W55/><G55/><T58/><D53/><U134/><E134/><V95/><F100/><W106/><G106/><T127/><D127/><U97/><E97/><V115/><F115/><W5/><G5/><T135/><D135/><U104/><E104/><V57/><F98/><W8/><G111/><T12/><D21/><U75/><E75/><V73/><F73/><W125/><G108/><T132/><D132/><U7/><E7/><V34/><F34/><W121/><G121/><T6/><D6/><U19/><E19/><V78/><F96/><W90/><G125/><T9/><D9/><U110/><E110/><V101/><F101/><RYUUKYOKU ba="1,1" sc="229,-10,178,30,335,-10,248,-10" hai1="1,2,3,20,22,51,54,76,80,83,85,87,89" /><INIT seed="3,2,1,3,3,72" ten="219,208,325,238" oya="3" hai0="79,4,97,117,2,111,38,20,46,37,82,12,73" hai1="63,107,96,35,39,24,131,17,23,47,80,135,27" hai2="115,103,6,123,57,43,98,70,86,101,68,95,0" hai3="16,128,49,36,102,134,67,105,133,91,42,119,66"/><W100/><G36/><N who="0" m="13931" /><D20/><U9/><E135/><N who="3" m="51722" /><G119/><T109/><D46/><U76/><E131/><V87/><F115/><W108/><G108/><N who="0" m="41547" /><D12/><U10/><E47/><V11/><F123/><W84/><G128/><T129/><D97/><U19/><E39/><V18/><F43/><W121/><G121/><T32/><D129/><U56/><E96/><V3/><F98/><N who="3" m="61591" /><G102/><T77/><D117/><U7/><E107/><V53/><F103/><W1/><G1/><T93/><D93/><U41/><E41/><V94/><F101/><W13/><G49/><T130/><D130/><U50/><E50/><V8/><F3/><W89/><G42/><T31/><D73/><U22/><E35/><V52/><F95/><N who="3" m="54695" /><G91/><T104/><D104/><U26/><E26/><V126/><F0/><W21/><AGARI ba="2,1" hai="13,16,21,66,67" m="54695,61591,51722" machi="21" ten="30,3000,0" yaku="20,1,54,1" doraHai="72" who="3" fromWho="3" sc="219,-12,208,-12,325,-12,238,46" /><INIT seed="3,3,0,2,3,88" ten="207,196,313,284" oya="3" hai0="110,75,0,112,96,42,46,33,127,66,70,2,45" hai1="35,6,31,119,44,98,52,10,108,100,23,128,91" hai2="13,94,48,79,69,41,30,122,117,116,123,29,38" hai3="134,63,92,85,130,131,28,82,73,104,3,9,14"/><W4/><G104/><T76/><D96/><U126/><E35/><V118/><F69/><W89/><G134/><T26/><D46/><U50/><E108/><V54/><F79/><N who="3" m="44399" /><G28/><N who="0" m="19607" /><D110/><U132/><E132/><V93/><F13/><W22/><G63/><N who="0" m="40287" /><D127/><U125/><E128/><N who="3" m="49194" /><G22/><T12/><D12/><AGARI ba="3,0" hai="3,4,9,12,14,85,89,92" m="49194,44399" machi="12" ten="30,2900,0" yaku="19,1,52,1" doraHai="88" who="3" fromWho="0" sc="207,-38,196,0,313,0,284,38" owari="169,-33.0,196,-20.0,313,11.0,322,42.0" /></mjloggm>