<mjloggm ver="2.3"><GO type="225" lobby="0"/><UN n0="%E5%85%88%E2%99%80%E7%94%9F" n1="%E3%82%A6%E3%83%AB%E3%83%88%E3%83%A9%E7%AB%8B%E7%9B%B4" n2="%E7%8E%A9%E5%80%8B%4A%42" n3="%E4%BC%9D%E8%AA%AC%E3%81%AE%E3%81%B2%E3%82%88%E3%81%93" dan="16,17,16,16" rate="2097.98,2146.65,2158.78,2124.08" sx="F,M,M,F"/><TAIKYOKU oya="0"/><INIT seed="0,0,0,3,3,50" ten="250,250,250,250" oya="0" hai0="62,82,31,32,81,84,92,40,51,73,9,116,130" hai1="28,43,100,37,52,58,35,83,112,11,93,64,103" hai2="121,63,6,7,111,133,122,41,88,4,42,13,10" hai3="3,47,48,79,131,70,46,123,127,78,80,107,135"/><T125/><D116/><U0/><E112/><V29/><F111/><W75/><G131/><T55/><D125/><U119/><E119/><V96/><F133/><W49/><G70/><T61/><D130/><U12/><E0/><V17/><F29/><W5/><G135/><T26/><D40/><U97/><E64/><V53/><F122/><W76/><G127/><T117/><D117/><U23/><E35/><V132/><F132/><W54/><G123/><T16/><D92/><U134/><E134/><V128/><F128/><W25/><G107/><T124/><D124/><U15/><E83/><V69/><F69/><W60/><G60/><T45/><D73/><U34/><E34/><V24/><F24/><W109/><G109/><T120/><D120/><U36/><E43/><V95/><F121/><W59/><G59/><AGARI ba="0,0" hai="4,6,7,10,13,17,41,42,53,59,63,88,95,96" machi="59" ten="40,5200,0" yaku="8,1,52,1,54,1" doraHai="50" who="2" fromWho="3" sc="250,0,250,0,250,52,250,-52" /><INIT seed="1,0,0,5,1,22" ten="250,250,302,198" oya="1" hai0="125,95,63,12,4,127,1,54,129,126,29,94,44" hai1="102,2,48,113,96,110,57,67,91,47,77,100,0" hai2="58,114,83,99,40,71,26,92,8,81,90,123,23" hai3="20,74,37,45,65,73,13,10,42,86,121,93,36"/><U55/><E113/><V97/><F123/><W24/><G121/><T105/><D105/><U18/><E110/><V59/><F71/><W101/><G36/><T27/><D1/><U62/><E77/><V104/><F114/><W133/><G133/><T61/><D129/><U117/><E117/><V16/><F40/><W112/><G112/><T68/><D68/><U19/><E0/><V116/><F116/><W132/><G132/><T131/><D131/><U107/><E2/><V51/><F8/><W6/><G65/><T32/><D44/><U25/><E102/><V39/><F39/><W3/><G3/><T64/><D54/><U76/><E76/><V82/><F51/><W84/><G84/><T9/><D64/><U106/><E106/><V60/><F60/><AGARI ba="0,0" hai="4,9,12,27,29,32,60,61,63,94,95,125,126,127" machi="60" ten="40,2600,0" yaku="18,1,52,1" doraHai="22" who="0" fromWho="2" sc="250,26,250,0,302,-26,198,0" /><INIT seed="2,0,0,1,5,106" ten="276,250,276,198" oya="2" hai0="13,48,105,75,60,92,77,66,94,67,25,86,0" hai1="95,37,32,98,3,15,64,89,43,101,85,96,73" hai2="100,57,59,56,12,128,6,47,107,22,112,131,49" hai3="84,38,65,114,113,125,52,104,134,132,20,35,71"/><V119/><F112/><N who="3" m="43115" /><G35/><T90/><D0/><U87/><E3/><V26/><F119/><W130/><G104/><T133/><D105/><N who="1" m="63655" /><E32/><V41/><F107/><W78/><G38/><T62/><D133/><N who="3" m="51305" /><G130/><N who="2" m="49705" /><F100/><W39/><G39/><T24/><D75/><U46/><E73/><V28/><F12/><W81/><G125/><T9/><D77/><U129/><E15/><V99/><F99/><W14/><G52/><T123/><D123/><U40/><E129/><V120/><F6/><W121/><G121/><AGARI ba="0,0" hai="22,26,28,41,47,49,56,57,59,120,121" m="49705" machi="121" ten="30,1500,0" yaku="19,1" doraHai="106" who="2" fromWho="3" sc="276,0,250,0,276,15,198,-15" /><INIT seed="2,1,0,1,1,135" ten="276,250,291,183" oya="2" hai0="82,118,101,77,79,69,71,55,22,131,122,99,25" hai1="89,66,93,34,113,134,64,36,49,119,31,102,114" hai2="92,123,53,40,24,78,28,106,96,56,14,109,45" hai3="73,126,88,111,21,125,51,95,74,19,133,41,1"/><V129/><F123/><W48/><G1/><T58/><D122/><U91/><E36/><V108/><F106/><W50/><G133/><T90/><D118/><U32/><E102/><V67/><F78/><W115/><G111/><N who="2" m="42569" /><F14/><N who="3" m="9463" /><G41/><T127/><D131/><U107/><E107/><V59/><F129/><W33/><G33/><T3/><D3/><U105/><E105/><V110/><F67/><W116/><G116/><T17/><D101/><U100/><E100/><N who="2" m="60423" /><F53/><W15/><G15/><T132/><D132/><U47/><E134/><V38/><F110/><W8/><G8/><T103/><D79/><U65/><E119/><V97/><F97/><N who="3" m="57575" /><G115/><T12/><D77/><U6/><E114/><V94/><F94/><W68/><G68/><T52/><D71/><U7/><E113/><V85/><F85/><W128/><G128/><T35/><D69/><U27/><E66/><V23/><AGARI ba="1,0" hai="23,24,28,38,40,45,56,59" m="60423,42569" machi="23" ten="30,3000,0" yaku="14,1,10,1" doraHai="135" who="2" fromWho="2" sc="276,-11,250,-11,291,33,183,-11" /><INIT seed="2,2,0,5,3,51" ten="265,239,324,172" oya="2" hai0="18,39,52,7,8,134,79,2,41,55,47,112,100" hai1="37,114,125,50,43,108,4,29,45,75,25,102,20" hai2="77,42,99,13,105,12,130,62,24,46,115,1,119" hai3="118,81,117,87,54,68,15,97,48,92,64,66,49"/><V16/><F115/><W5/><G49/><T17/><D112/><U91/><E114/><V26/><F119/><W61/><G66/><T3/><D3/><U129/><E75/><V109/><F1/><W121/><G121/><T23/><D134/><U131/><E102/><V33/><F77/><W63/><G63/><T11/><D100/><U21/><E4/><V58/><F13/><W85/><G85/><T35/><D35/><U76/><E76/><V31/><F26/><W78/><G15/><T133/><D133/><U65/><E65/><V10/><F130/><N who="1" m="49673" /><E108/><V69/><F69/><W123/><G5/><T36/><D36/><U95/><E125/><V89/><F105/><W27/><G27/><T110/><D110/><U73/><E73/><V86/><F99/><W127/><G127/><T72/><D11/><U93/><E93/><V56/><F62/><W122/><G122/><T103/><D103/><U28/><E37/><V9/><F9/><W83/><G123/><T106/><D106/><U120/><E120/><V94/><F109/><W82/><G118/><T0/><D0/><U60/><E60/><V57/><F94/><W32/><G117/><T90/><D90/><U14/><E14/><V124/><F124/><W128/><G128/><T74/><D74/><U59/><E21/><V70/><F89/><N who="3" m="55439" /><G32/><T53/><D23/><U116/><E116/><V104/><F104/><W101/><G101/><T38/><D38/><U19/><E95/><V111/><F111/><W30/><G78/><T96/><D96/><U84/><E84/><V44/><F86/><W71/><G87/><RYUUKYOKU ba="2,0" sc="265,30,239,-10,324,-10,172,-10" hai0="2,7,8,17,18,39,41,47,52,53,55,72,79" /><INIT seed="3,3,0,4,3,31" ten="295,229,314,162" oya="3" hai0="30,16,55,129,113,47,38,107,44,85,83,79,4" hai1="52,25,101,94,81,117,88,49,22,72,121,100,20" hai2="15,58,9,45,92,82,63,106,102,50,73,86,74" hai3="66,61,64,33,130,99,95,67,14,114,62,41,5"/><W28/><G114/><T90/><D107/><U19/><E121/><V108/><F106/><W105/><G41/><T76/><D113/><U1/><E1/><V78/><F108/><W12/><G130/><T123/><D123/><U6/><E6/><N who="2" m="3511" /><F92/><W57/><G105/><T131/><D4/><U103/><E117/><V34/><F34/><W87/><G87/><T112/><D112/><U40/><E40/><N who="2" m="24871" /><F102/><W26/><G5/><T29/><D16/><N who="1" m="12487" /><E72/><V97/><F97/><W89/><REACH who="3" step="1"/><G66/><AGARI ba="3,0" hai="58,63,66,73,74,78,82,86" m="24871,3511" machi="66" ten="30,1000,0" yaku="25,1" doraHai="31" who="2" fromWho="3" sc="295,0,229,0,314,19,162,-19" owari="295,10.0,229,-17.0,333,43.0,143,-36.0" /></mjloggm>