<mjloggm ver="2.3"><GO type="97" lobby="0"/><UN n0="%E3%83%97%E3%83%AD%E3%81%A0%E3%82%88" n1="%6B%6F%64%6F%6F" n2="%E3%83%A8%E3%82%B7%EF%BC%8A%E3%83%A8%E3%82%B7" n3="%E5%B0%B1%E6%B4%BB%E7%94%9F%40%E5%B7%9D%E6%9D%91%E8%BB%8D%E5%9B%A3" dan="14,14,14,15" rate="1918.89,1908.98,1889.09,1999.22" sx="M,M,M,M"/><TAIKYOKU oya="0"/><INIT seed="0,0,0,2,3,37" ten="250,250,250,250" oya="0" hai0="82,2,15,74,104,1,19,75,135,89,13,108,63" hai1="49,44,61,79,92,39,85,99,72,50,73,65,90" hai2="118,42,97,133,134,81,114,31,88,14,8,129,123" hai3="24,51,25,35,66,18,6,62,3,7,120,30,20"/><T28/><D104/><U101/><E39/><V96/><F123/><W59/><G120/><T87/><D28/><U11/><E11/><V112/><F31/><W83/><G3/><T113/><D113/><N who="2" m="43626" /><F8/><W17/><G17/><T121/><D121/><U98/><E79/><V29/><F29/><W86/><REACH who="3" step="1"/><G51/><REACH who="3" ten="250,250,250,240" step="2"/><T103/><D1/><U5/><E5/><V109/><F118/><W80/><G80/><T127/><D2/><U117/><E117/><V71/><F71/><W60/><G60/><T107/><D63/><U105/><E50/><V68/><F68/><W12/><G12/><T124/><D15/><U41/><REACH who="1" step="1"/><E99/><REACH who="1" ten="250,240,250,240" step="2"/><N who="2" m="37963" /><F14/><W106/><G106/><T32/><D107/><U116/><E116/><V46/><F109/><W10/><G10/><T77/><D108/><U22/><E22/><V9/><F9/><W130/><G130/><T126/><D126/><U69/><AGARI ba="0,2" hai="41,44,49,61,65,69,72,73,85,90,92,98,101,105" machi="69" ten="20,5200,0" yaku="1,1,0,1,7,1,52,1,53,0" doraHai="37" doraHaiUra="48" who="1" fromWho="1" sc="250,-26,240,72,250,-13,240,-13" /><INIT seed="1,0,0,1,2,57" ten="224,312,237,227" oya="1" hai0="108,124,72,82,122,36,134,107,38,96,133,50,92" hai1="125,116,89,12,4,109,83,112,97,59,84,27,33" hai2="62,66,79,29,2,19,126,71,10,98,123,30,9" hai3="23,1,111,78,121,90,55,60,20,45,63,25,73"/><U68/><E68/><V46/><F123/><W13/><G121/><T41/><D122/><U7/><E116/><V119/><F119/><W8/><G1/><T58/><D124/><U17/><E112/><V42/><F126/><W118/><G118/><T106/><D108/><U44/><E109/><V37/><F98/><W129/><G111/><T130/><D58/><U128/><E128/><V15/><F79/><W117/><G117/><T99/><D50/><U110/><E110/><V69/><F69/><W94/><G73/><T48/><D48/><U74/><E74/><V127/><F127/><W132/><G132/><N who="0" m="50795" /><D41/><U47/><E125/><V5/><AGARI ba="0,0" hai="2,5,9,10,15,19,29,30,37,42,46,62,66,71" machi="5" ten="30,2000,0" yaku="0,1,52,1" doraHai="57" who="2" fromWho="2" sc="224,-5,312,-10,237,20,227,-5" /><INIT seed="2,0,0,5,5,114" ten="219,302,257,222" oya="2" hai0="53,68,109,95,12,120,125,78,81,15,37,38,19" hai1="66,28,40,124,31,82,105,110,116,27,35,52,92" hai2="4,56,29,13,23,103,22,121,2,104,58,20,91" hai3="39,65,50,9,119,131,17,75,73,21,44,118,3"/><V60/><F121/><W96/><G39/><T127/><D120/><U126/><E105/><V76/><F76/><W83/><G131/><T63/><D109/><U49/><E110/><V51/><F2/><W1/><G65/><T133/><D133/><U101/><E66/><V26/><F104/><W85/><G96/><T42/><D95/><U11/><E82/><V74/><F74/><W102/><G102/><T62/><D12/><U117/><E40/><V24/><F103/><W89/><G3/><T115/><D115/><U97/><E31/><V98/><F51/><W134/><G1/><T84/><D68/><U90/><E11/><N who="2" m="4327" /><F60/><W77/><G134/><T67/><D53/><U71/><E101/><V135/><F135/><W5/><G5/><T112/><D112/><U108/><E108/><V32/><F32/><W123/><G123/><T33/><D33/><U106/><E71/><V8/><F8/><W128/><G128/><T94/><D94/><U122/><E106/><V88/><F98/><W93/><G9/><N who="0" m="6639" /><D42/><U43/><E43/><V107/><F107/><W36/><G36/><N who="0" m="13931" /><D67/><U69/><E69/><V70/><F70/><W25/><G75/><T100/><D100/><U7/><E7/><V86/><F86/><W6/><G6/><T72/><D72/><U47/><E122/><V54/><F54/><AGARI ba="0,0" hai="17,21,25,44,50,54,73,77,83,85,89,93,118,119" machi="54" ten="30,3900,0" yaku="7,1,52,2" doraHai="114" who="3" fromWho="2" sc="219,0,302,0,257,-39,222,39" /><INIT seed="3,0,0,1,0,94" ten="219,302,218,261" oya="3" hai0="129,119,104,93,79,108,0,49,133,55,81,39,47" hai1="78,111,22,68,36,117,27,103,5,19,51,100,69" hai2="7,125,57,120,59,116,115,48,95,20,25,58,29" hai3="118,9,28,89,63,122,83,72,60,132,62,53,54"/><W85/><G122/><T130/><D119/><U114/><E114/><V8/><F116/><W123/><G123/><T33/><D33/><U102/><E36/><V64/><F115/><W77/><G118/><T131/><D0/><U21/><E117/><V45/><F125/><W128/><G128/><T6/><D6/><U109/><E5/><V4/><F120/><W46/><G132/><T74/><D133/><U52/><E78/><V124/><F124/><W12/><G28/><T44/><D104/><U40/><E40/><V41/><F64/><W56/><G46/><T35/><D35/><U135/><E135/><V97/><REACH who="2" step="1"/><F8/><REACH who="2" ten="219,302,208,261" step="2"/><W99/><G53/><T71/><D108/><N who="1" m="41547" /><E22/><V30/><F30/><W92/><G72/><T11/><D11/><U24/><E69/><V126/><F126/><W18/><AGARI ba="0,1" hai="9,12,18,54,56,60,62,63,77,83,85,89,92,99" machi="18" ten="20,7800,0" yaku="0,1,7,1,8,1,52,1" doraHai="94" who="3" fromWho="3" sc="219,-26,302,-26,208,-26,261,88" owari="193,-21.0,276,8.0,182,-32.0,349,45.0" /></mjloggm>