<mjloggm ver="2.3"><GO type="169" lobby="0"/><UN n0="%E3%83%9E%E3%83%84%E3%82%B6%E3%82%AD" n1="%E3%82%B4%E3%83%B3%E3%82%BE%E3%83%A1%E3%82%B9%E5%A4%A7%E5%86%85" n2="%E3%82%B9%E3%82%B1%E3%83%BC%E3%82%BF%E3%83%BC" n3="%E3%82%A6%E3%83%AB%E3%83%88%E3%83%A9%E7%AB%8B%E7%9B%B4" dan="17,16,17,17" rate="2169.24,2052.19,2164.58,2146.14" sx="M,M,M,M"/><TAIKYOKU oya="0"/><INIT seed="0,0,0,2,4,88" ten="250,250,250,250" oya="0" hai0="58,21,66,39,84,64,68,52,106,0,44,70,135" hai1="131,49,100,87,46,63,17,113,48,132,55,19,11" hai2="5,12,80,96,134,90,57,115,111,104,76,112,6" hai3="16,7,28,103,91,2,122,114,18,40,24,123,110"/><T74/><D74/><U54/><E132/><V127/><F134/><W38/><G103/><T82/><D135/><U33/><E33/><V14/><F127/><W108/><G40/><T72/><D72/><U65/><E131/><V94/><F111/><N who="3" m="42539" /><G38/><T105/><D0/><U45/><E113/><V61/><F104/><W47/><G47/><T20/><D105/><U101/><E87/><N who="2" m="48519" /><F112/><W37/><G91/><N who="0" m="51607" /><D106/><U126/><E126/><V130/><F130/><W59/><G59/><T69/><D69/><U60/><REACH who="1" step="1"/><E11/><REACH who="1" ten="250,240,250,250" step="2"/><V27/><F115/><W133/><G133/><T42/><D20/><U9/><E9/><V121/><F121/><W56/><G114/><T118/><D21/><U26/><E26/><V77/><F27/><W89/><G24/><T75/><D75/><U25/><E25/><V95/><F77/><W93/><G123/><T79/><D118/><U62/><E62/><V22/><F22/><W1/><G122/><T102/><D79/><U78/><E78/><V97/><F14/><W109/><G109/><T129/><D129/><U8/><E8/><V125/><F12/><W43/><G2/><T50/><D70/><U124/><E124/><V86/><F86/><N who="3" m="52407" /><G1/><T71/><D71/><U29/><E29/><V73/><F125/><W53/><G28/><T81/><D68/><U51/><E51/><V13/><F13/><W107/><G37/><T83/><D39/><U34/><E34/><V41/><F73/><W15/><G15/><T36/><D36/><U32/><E32/><V98/><F61/><N who="3" m="35983" /><G7/><T23/><D50/><U99/><E99/><V10/><F97/><RYUUKYOKU ba="0,1" sc="250,-10,240,30,250,-10,250,-10" hai1="17,19,45,46,48,49,54,55,60,63,65,100,101" /><INIT seed="1,1,1,2,1,40" ten="240,270,240,240" oya="1" hai0="27,128,58,29,41,26,14,16,10,89,94,47,87" hai1="119,55,3,57,68,34,21,129,117,132,133,108,20" hai2="32,93,46,45,112,56,103,38,4,115,131,61,67" hai3="121,76,36,65,37,84,78,116,85,35,111,104,53"/><U71/><E34/><V86/><F32/><W23/><G35/><T110/><D110/><U102/><E108/><V43/><F131/><W127/><G121/><T17/><D128/><U90/><E129/><V62/><F4/><W25/><G111/><T130/><D130/><U98/><E3/><V39/><F103/><W122/><G122/><T60/><D17/><U77/><E90/><V49/><F93/><W91/><G104/><T126/><D126/><U105/><E77/><V8/><F86/><W2/><G2/><T30/><D30/><U51/><E71/><N who="2" m="42479" /><F8/><W101/><G101/><T48/><D29/><U123/><E68/><V7/><F7/><W12/><G78/><T5/><D5/><U9/><E9/><V74/><F74/><W97/><G97/><T79/><D79/><U33/><E33/><V73/><F73/><W125/><G84/><T106/><D106/><U99/><E99/><V50/><F115/><W88/><G76/><T28/><REACH who="0" step="1"/><D28/><REACH who="0" ten="230,270,240,240" step="2"/><U134/><E123/><V92/><F112/><W124/><G127/><T19/><D19/><U0/><E0/><V44/><F92/><W120/><G125/><T96/><D96/><U59/><E98/><V70/><F70/><W114/><G124/><T31/><D31/><U72/><E105/><V113/><F113/><W11/><G114/><T95/><D95/><U52/><E72/><V66/><F43/><W100/><G120/><T63/><D63/><N who="1" m="36263" /><E102/><V75/><F75/><W80/><G100/><T83/><D83/><U1/><E1/><V107/><F107/><W42/><G80/><T18/><D18/><RYUUKYOKU ba="1,2" sc="230,10,270,10,240,10,240,-30" hai0="10,14,16,26,27,41,47,48,58,60,87,89,94" hai1="20,21,51,55,59,117,119,132,133,134" hai2="38,39,44,45,46,49,50,56,62,66" /><INIT seed="1,2,2,5,0,94" ten="240,280,250,210" oya="1" hai0="7,43,85,102,17,20,61,89,116,121,24,9,38" hai1="82,33,127,67,59,29,87,120,3,66,46,65,35" hai2="128,80,76,124,6,83,41,58,42,71,13,31,37" hai3="88,32,1,95,74,70,25,133,112,108,115,84,23"/><U26/><E120/><V103/><F71/><W129/><G70/><T79/><D116/><U92/><E3/><V22/><F83/><W50/><G32/><T72/><D121/><U135/><E92/><V27/><F128/><W106/><G1/><T101/><D79/><U47/><E127/><V122/><F124/><W2/><G2/><T134/><D72/><U54/><E35/><V118/><F118/><W36/><G36/><T16/><D134/><U57/><E135/><V51/><F103/><N who="0" m="39434" /><D38/><U14/><E14/><V111/><F37/><W119/><G106/><T49/><D61/><U15/><E15/><V105/><F105/><W96/><G74/><T45/><D7/><U131/><E131/><V123/><F123/><W0/><G0/><T53/><D43/><U52/><E57/><V91/><F122/><W93/><G133/><T39/><D39/><U28/><E28/><V55/><F76/><W62/><G62/><T97/><D97/><U30/><E30/><V68/><F68/><W64/><G64/><T125/><D125/><U117/><E117/><V110/><F6/><W100/><G119/><T4/><D4/><U60/><REACH who="1" step="1"/><E54/><REACH who="1" ten="240,270,250,210" step="2"/><V21/><F31/><N who="3" m="17855" /><G129/><T81/><D17/><U73/><E73/><V86/><F13/><W130/><G130/><T8/><AGARI ba="2,3" hai="8,9,16,20,24,45,49,53,81,85,89" m="39434" machi="8" ten="30,2000,0" yaku="8,1,54,1" doraHai="94" who="0" fromWho="0" sc="240,56,270,-12,250,-7,210,-7" /><INIT seed="2,0,0,5,0,19" ten="296,258,243,203" oya="2" hai0="87,13,94,105,73,39,75,56,30,46,78,124,108" hai1="70,93,25,51,129,127,53,128,44,119,4,49,66" hai2="67,90,86,89,115,68,135,100,50,1,111,54,116" hai3="5,40,0,85,65,118,22,43,15,113,130,20,88"/><V133/><F116/><W6/><G0/><T99/><D105/><U96/><E119/><V83/><F1/><W28/><G118/><T31/><D108/><U10/><E127/><V122/><F122/><W24/><G65/><T63/><D124/><U109/><E109/><V36/><F36/><W104/><G104/><T123/><D123/><U11/><E66/><V26/><F115/><W34/><G34/><T37/><D37/><U84/><E84/><V106/><F111/><W79/><G79/><T134/><D134/><N who="2" m="51210" /><F26/><N who="3" m="16455" /><G130/><N who="1" m="50282" /><E70/><V48/><F67/><W2/><G2/><T14/><D75/><U101/><E4/><N who="3" m="1642" /><G15/><T114/><D73/><U64/><E64/><V112/><F68/><W126/><G113/><T3/><D3/><U16/><E51/><V59/><F112/><W82/><G126/><T72/><D72/><U125/><E125/><V41/><F106/><W52/><G52/><N who="0" m="34183" /><D39/><U102/><E102/><V27/><F100/><W18/><AGARI ba="0,0" hai="18,22,24,40,43,82,85,88" m="1642,16455" machi="18" ten="30,7900,0" yaku="8,1,52,2,54,1" doraHai="19" who="3" fromWho="3" sc="296,-20,258,-20,243,-39,203,79" /><INIT seed="3,0,0,5,2,34" ten="276,238,204,282" oya="3" hai0="75,31,40,118,130,22,59,3,50,72,64,7,73" hai1="69,42,112,123,14,17,44,51,106,124,101,1,76" hai2="39,127,58,78,26,132,121,37,113,71,54,100,116" hai3="115,108,41,89,49,109,46,96,81,24,15,47,134"/><W56/><G115/><T131/><D118/><U66/><E112/><V125/><F78/><W11/><G134/><T0/><D7/><U82/><E123/><V19/><F113/><W67/><G24/><N who="0" m="16791" /><D64/><U27/><E27/><V8/><F100/><W98/><G47/><N who="0" m="25959" /><D59/><U103/><E106/><V92/><F71/><W20/><G20/><T79/><D79/><U129/><E66/><V45/><F116/><W21/><G21/><T38/><D38/><U95/><E69/><V48/><F121/><W70/><G70/><T16/><D16/><U68/><E17/><V23/><F132/><W28/><G28/><T119/><D119/><U52/><E68/><V57/><F8/><W18/><G56/><T91/><D91/><U83/><E76/><V60/><F57/><W43/><G43/><T117/><D117/><U110/><E42/><N who="2" m="24631" /><F39/><W4/><G67/><T2/><D75/><U133/><E44/><V107/><F37/><W135/><G4/><T61/><D61/><U84/><E133/><V53/><F53/><W111/><REACH who="3" step="1"/><G135/><REACH who="3" ten="276,238,204,272" step="2"/><T65/><D65/><U85/><E52/><V29/><F29/><W122/><G122/><T90/><D131/><U126/><E129/><V25/><F25/><W55/><G55/><T97/><D130/><U120/><E120/><V36/><F26/><W94/><G94/><T9/><D9/><U63/><E95/><V33/><F92/><W13/><G13/><T6/><D6/><U5/><E5/><V80/><F60/><W10/><G10/><T86/><D0/><U99/><E1/><V32/><F58/><W62/><G62/><RYUUKYOKU ba="0,1" sc="276,-10,238,-10,204,-10,272,30" hai3="11,15,18,41,46,49,81,89,96,98,108,109,111" /><INIT seed="3,1,1,3,2,16" ten="266,228,194,302" oya="3" hai0="76,72,37,128,38,22,127,0,131,107,110,12,106" hai1="46,58,109,89,126,4,24,59,93,60,134,133,78" hai2="115,125,25,117,55,113,6,81,105,92,62,83,61" hai3="18,64,120,2,69,114,23,26,86,75,20,116,17"/><W102/><G75/><T33/><D33/><U94/><E109/><V68/><F105/><N who="0" m="39946" /><D0/><U88/><E126/><V121/><F125/><W103/><G2/><T91/><D127/><U44/><E78/><V73/><F117/><W35/><G35/><T74/><D91/><U52/><E4/><V1/><F121/><W32/><G32/><T21/><D110/><U10/><E10/><V36/><F36/><N who="0" m="13930" /><D12/><U108/><E108/><V11/><F92/><W101/><G116/><T27/><D27/><U123/><E24/><V56/><F25/><N who="3" m="14479" /><G69/><T70/><D70/><U54/><REACH who="1" step="1"/><E60/><REACH who="1" ten="266,218,194,302" step="2"/><V57/><F73/><N who="0" m="28266" /><D76/><U47/><E47/><V135/><F62/><W43/><G120/><AGARI ba="1,2" hai="44,46,52,54,58,59,88,89,93,94,120,123,133,134" machi="120" ten="25,12000,2" yaku="1,1,22,2,54,2,53,2" doraHai="16" doraHaiUra="90" who="1" fromWho="3" sc="266,0,218,143,194,0,302,-123" /><INIT seed="4,0,0,2,5,73" ten="266,361,194,179" oya="0" hai0="112,124,77,91,22,126,108,39,38,9,8,72,16" hai1="65,41,89,71,101,50,59,121,115,116,102,15,107" hai2="32,84,134,92,66,63,53,52,42,76,48,82,109" hai3="97,11,78,64,7,70,95,37,44,99,46,75,21"/><T3/><D112/><U36/><E121/><V60/><F109/><W20/><G64/><T83/><D108/><U5/><E107/><V17/><F32/><W69/><G37/><N who="0" m="13835" /><D91/><U81/><E116/><V56/><F134/><W14/><G75/><T47/><D47/><N who="1" m="23975" /><E81/><V31/><F31/><W85/><G70/><T98/><D98/><N who="3" m="37385" /><G69/><T117/><D117/><U26/><E89/><V131/><F131/><W120/><G120/><T25/><D3/><U0/><E26/><V2/><F2/><W30/><G95/><T6/><D6/><U111/><E15/><V80/><F42/><W13/><G13/><T94/><D94/><U28/><E28/><V129/><F129/><W104/><G104/><T90/><D90/><U106/><E115/><V130/><F130/><W27/><G21/><T119/><D119/><U128/><E128/><V135/><F92/><W58/><G58/><T54/><D54/><N who="1" m="32215" /><E111/><V67/><F82/><AGARI ba="0,0" hai="7,11,14,20,27,30,44,46,78,82,85" m="37385" machi="82" ten="30,2000,0" yaku="8,1,52,1" doraHai="73" who="3" fromWho="2" sc="266,0,361,0,194,-20,179,20" /><INIT seed="5,0,0,4,2,39" ten="266,361,174,199" oya="1" hai0="86,64,44,78,101,27,19,115,130,113,70,47,46" hai1="99,89,100,51,13,15,129,103,54,79,17,98,94" hai2="22,26,65,20,76,81,134,33,50,35,127,12,126" hai3="5,9,92,111,68,16,55,36,83,95,29,62,91"/><U125/><E125/><N who="2" m="47627" /><F65/><W97/><G111/><T53/><D130/><U131/><E79/><V132/><F50/><W37/><G29/><T105/><D53/><U10/><E13/><V116/><F116/><W124/><G124/><T58/><D70/><U119/><E119/><V122/><F122/><W49/><G83/><N who="0" m="47479" /><D101/><U112/><E112/><N who="0" m="43081" /><D105/><U133/><E133/><N who="2" m="51307" /><F81/><W52/><G95/><T8/><D27/><U43/><E43/><V1/><F1/><W104/><G104/><T25/><D25/><U24/><E51/><V11/><F76/><W84/><G37/><T87/><D64/><U3/><E3/><V74/><F74/><W7/><G36/><T71/><D71/><U69/><E69/><V14/><F14/><N who="3" m="7247" /><G68/><T108/><D108/><U4/><E15/><V85/><F85/><W57/><G84/><T6/><D87/><U2/><E2/><V93/><F93/><W120/><G120/><T40/><D58/><AGARI ba="0,0" hai="5,7,49,52,55,57,58,62,91,92,97" m="7247" machi="58" ten="30,3900,0" yaku="8,1,54,2" doraHai="39" who="3" fromWho="0" sc="266,-39,361,0,174,0,199,39" /><INIT seed="6,0,0,1,1,116" ten="227,361,174,238" oya="2" hai0="99,102,20,135,8,132,101,19,90,92,36,13,12" hai1="61,66,95,120,56,131,129,105,75,16,88,124,57" hai2="38,49,133,41,18,78,48,82,91,7,112,76,98" hai3="30,50,52,126,27,118,10,58,125,96,25,40,29"/><V68/><F68/><W93/><G40/><T86/><D36/><U119/><E119/><V24/><F7/><W111/><G111/><T62/><D62/><U1/><E105/><V109/><F112/><W55/><G10/><T104/><REACH who="0" step="1"/><D102/><REACH who="0" ten="217,361,174,238" step="2"/><U130/><E61/><V17/><F109/><W85/><G118/><T9/><D9/><U79/><E130/><V114/><F114/><W127/><G125/><T73/><D73/><U15/><E75/><V37/><F37/><W45/><G126/><T100/><D100/><U53/><E124/><V60/><F60/><N who="3" m="35911" /><G85/><T122/><D122/><U89/><E120/><V26/><F38/><W69/><G69/><T81/><D81/><U121/><E121/><V6/><F82/><W108/><G127/><T59/><D59/><U44/><E57/><V28/><F49/><W67/><G67/><T33/><D33/><U21/><E131/><V63/><F63/><W74/><G74/><T39/><D39/><U83/><E129/><V84/><F48/><W64/><G64/><T128/><D128/><U43/><E66/><V47/><F84/><W0/><G108/><T54/><D54/><U46/><E53/><V103/><F103/><N who="3" m="60815" /><G0/><T32/><D32/><U51/><E1/><V5/><F41/><W106/><G106/><T42/><D42/><U134/><E43/><V2/><F2/><W97/><G97/><T23/><D23/><U71/><E83/><V4/><F98/><W35/><G35/><T22/><D22/><U31/><E21/><V115/><F115/><W113/><G113/><T94/><D94/><U107/><E95/><RYUUKYOKU ba="0,1" sc="217,15,361,-15,174,-15,238,15" hai0="8,12,13,19,20,86,90,92,99,101,104,132,135" hai3="25,27,29,30,45,50,55" /><INIT seed="7,1,1,0,1,112" ten="232,346,159,253" oya="3" hai0="25,20,81,69,36,35,63,40,68,130,74,28,2" hai1="98,122,24,124,92,131,47,90,77,120,7,11,134" hai2="53,26,123,0,101,10,30,29,4,94,91,37,14" hai3="13,38,89,33,110,3,27,100,102,16,117,115,58"/><W133/><G38/><T104/><D20/><U79/><E124/><V67/><F123/><W56/><G3/><T116/><D130/><U32/><E131/><V34/><F37/><W12/><G16/><T18/><D18/><U107/><E134/><V64/><F30/><W84/><G89/><T96/><D2/><U41/><E24/><V31/><F31/><W95/><G84/><T80/><D116/><U119/><E32/><V129/><F129/><W86/><G117/><T88/><D88/><U114/><E119/><V46/><F101/><W75/><G86/><T99/><D99/><U111/><E111/><V109/><F109/><W126/><G95/><T60/><D60/><U51/><E107/><V66/><F0/><W8/><G126/><T62/><D62/><U125/><E114/><V23/><F34/><W54/><G115/><T48/><D48/><U127/><E125/><V97/><REACH who="2" step="1"/><F67/><REACH who="2" ten="232,346,149,253" step="2"/><W85/><G33/><T6/><D35/><U103/><E127/><V105/><F105/><W118/><G100/><T93/><D28/><U121/><REACH who="1" step="1"/><E103/><REACH who="1" ten="232,336,149,253" step="2"/><V5/><F5/><W9/><G102/><T21/><D36/><U55/><E55/><V22/><F22/><W44/><G54/><T113/><D6/><U82/><E82/><V15/><F15/><AGARI ba="1,3" hai="7,11,15,41,47,51,77,79,90,92,98,120,121,122" machi="15" ten="40,1300,0" yaku="1,1,53,0" doraHai="112" doraHaiUra="49" who="1" fromWho="2" sc="232,0,336,46,149,-16,253,0" owari="232,-17.0,382,49.0,133,-37.0,253,5.0" /></mjloggm>