<mjloggm ver="2.3"><GO type="225" lobby="0"/><UN n0="%E3%81%82%E3%82%89%E3%81%8F%E3%82%8C" n1="%E3%81%BF%E3%81%BF%E3%81%9A" n2="%E3%83%88%E3%83%88%E3%83%AA%E5%85%88%E7%94%9F%31%39%E6%AD%B3" n3="%4D%72%2E%6E%69%6B%75%39" dan="16,16,18,17" rate="2144.37,2135.34,2272.60,2150.75" sx="F,M,F,M"/><TAIKYOKU oya="0"/><INIT seed="0,0,0,3,4,27" ten="250,250,250,250" oya="0" hai0="123,19,8,44,119,106,15,110,114,41,3,28,109" hai1="77,13,94,60,14,4,30,35,103,134,68,120,125" hai2="132,7,22,108,83,56,87,9,55,25,102,12,89" hai3="105,20,53,81,75,96,91,0,116,21,66,131,59"/><T130/><D106/><U79/><E120/><V78/><F108/><N who="0" m="41578" /><D123/><U64/><E125/><V34/><F34/><W90/><G0/><T117/><D114/><U95/><E134/><V18/><F132/><W121/><G116/><N who="0" m="44619" /><D130/><U61/><E61/><V65/><F102/><W38/><G105/><T72/><D72/><U62/><E62/><N who="2" m="36127" /><F65/><W99/><G66/><T32/><D3/><U113/><E113/><V104/><F104/><W126/><G75/><T135/><D135/><U2/><E2/><V47/><F47/><W31/><G31/><T40/><BYE who="3" /><D44/><U112/><E112/><V100/><F100/><W58/><G58/><T37/><D37/><U24/><E103/><V111/><F111/><W101/><G101/><T52/><D52/><U23/><E64/><UN n3="%4D%72%2E%6E%69%6B%75%39" /><V107/><F107/><W80/><G53/><T74/><D74/><U49/><E49/><V54/><F54/><W16/><G38/><T46/><D46/><U122/><E122/><V127/><F127/><W70/><G126/><T86/><D86/><U88/><E60/><V128/><F128/><W5/><G131/><T67/><D67/><U11/><E68/><V93/><F87/><W43/><G70/><T71/><D71/><U63/><E63/><V82/><F78/><W36/><G121/><T39/><D39/><U73/><E73/><V69/><F69/><W118/><G36/><T51/><D51/><U33/><E79/><V115/><F115/><W92/><G118/><T129/><D129/><U45/><E77/><V85/><AGARI ba="0,0" hai="7,9,12,18,22,25,82,83,85,89,93" m="36127" machi="85" ten="30,1100,0" yaku="8,1" doraHai="27" who="2" fromWho="2" sc="250,-5,250,-3,250,11,250,-3" /><INIT seed="1,0,0,3,5,101" ten="245,247,261,247" oya="1" hai0="133,78,102,29,52,90,111,48,54,65,82,34,27" hai1="116,77,86,132,55,113,124,11,60,50,1,104,83" hai2="24,88,25,56,58,17,115,131,106,59,63,122,108" hai3="26,6,80,134,28,39,94,99,112,71,7,53,19"/><U40/><E113/><V123/><F115/><W69/><G39/><T41/><D111/><U110/><E116/><V43/><F108/><W14/><G134/><T95/><D133/><U20/><E110/><V38/><F131/><W51/><G69/><T15/><D65/><U61/><E132/><V85/><F63/><W16/><G71/><T76/><D102/><U0/><E124/><V92/><F106/><W119/><G80/><T49/><D15/><U75/><E104/><V118/><F118/><W36/><G36/><T120/><D120/><U32/><E32/><V12/><F43/><W66/><G66/><T13/><D13/><U47/><E75/><V84/><F38/><W114/><G119/><T127/><D127/><U9/><E20/><V128/><F128/><W18/><G14/><T89/><D89/><U109/><E109/><V135/><F135/><W129/><G129/><T2/><D2/><U67/><E40/><V64/><F64/><W46/><G114/><T8/><D8/><U87/><E87/><N who="2" m="52255" /><F123/><W98/><G112/><T44/><D41/><U23/><E23/><N who="2" m="11687" /><F122/><W68/><G68/><T117/><D117/><U33/><E33/><V125/><F125/><W91/><REACH who="3" step="1"/><G99/><REACH who="3" ten="245,247,261,237" step="2"/><T3/><D3/><U103/><E67/><V10/><F10/><N who="1" m="3593" /><E0/><V31/><F24/><W70/><G70/><T121/><D121/><U22/><E1/><V97/><F97/><W126/><G126/><T96/><D82/><U62/><E103/><V5/><F5/><W100/><G100/><T105/><D105/><U37/><E37/><V81/><F81/><W130/><G130/><RYUUKYOKU ba="0,1" sc="245,0,247,0,261,0,237,0" hai0="27,29,34,44,48,49,52,54,76,78,90,95,96" hai1="22,47,50,55,60,61,62,77,83,86" hai2="25,31,56,58,59,84,85" hai3="6,7,16,18,19,26,28,46,51,53,91,94,98" /><INIT seed="1,1,1,0,4,21" ten="245,247,261,237" oya="1" hai0="113,29,61,37,77,58,45,42,56,84,116,69,131" hai1="62,78,44,102,99,66,33,100,1,11,101,54,86" hai2="32,130,3,132,92,117,76,53,15,93,125,83,87" hai3="71,111,59,8,98,81,22,123,110,9,90,108,46"/><U85/><E33/><V129/><F117/><W80/><G123/><T68/><D116/><U118/><E118/><V14/><F3/><W91/><G71/><T128/><D113/><U124/><E124/><V79/><F125/><W134/><G134/><T104/><D104/><U43/><E54/><V40/><F132/><W65/><G46/><T82/><D29/><U27/><E99/><V96/><F32/><W63/><G22/><T18/><D18/><U35/><E78/><N who="2" m="46583" /><F40/><W2/><G2/><T121/><D121/><U41/><E11/><N who="3" m="4170" /><G98/><T106/><D106/><U75/><E75/><V23/><F93/><W47/><G47/><T10/><D10/><U17/><E1/><V119/><F53/><W48/><G48/><T97/><D97/><U26/><E35/><V67/><F67/><W20/><G20/><T133/><D133/><U88/><E44/><V12/><F119/><W95/><G95/><T103/><D103/><U94/><E17/><V34/><F34/><W36/><G36/><T24/><D24/><N who="1" m="9259" /><E86/><V120/><F23/><W127/><G127/><T19/><D19/><U6/><E6/><V89/><F120/><W31/><G31/><T4/><D4/><U73/><E73/><V60/><F96/><W57/><G110/><T126/><D126/><U70/><E70/><V13/><F13/><W25/><G111/><T49/><D37/><U7/><E7/><V55/><F76/><W51/><G108/><T52/><D56/><N who="1" m="37191" /><E94/><V135/><F79/><W107/><G107/><T0/><D0/><U64/><E64/><V39/><F39/><W112/><G65/><RYUUKYOKU ba="1,1" sc="245,15,247,15,261,-15,237,-15" hai0="42,45,49,52,58,61,68,69,77,82,84,128,131" hai1="41,43,85,88,100,101,102" /><INIT seed="1,2,1,1,3,64" ten="260,262,246,222" oya="1" hai0="52,27,91,34,72,30,76,120,46,63,100,35,20" hai1="68,69,33,114,16,37,58,117,51,7,112,38,12" hai2="74,111,107,101,44,94,47,86,56,28,88,65,75" hai3="2,104,95,59,105,4,81,53,50,14,3,8,22"/><U131/><E33/><V96/><F111/><W118/><G118/><T115/><D115/><N who="1" m="44075" /><E7/><V36/><F28/><W116/><G116/><T80/><D120/><U32/><E32/><V10/><F10/><W40/><G81/><T99/><D91/><U73/><E12/><V6/><F6/><W70/><G70/><N who="1" m="27242" /><E16/><V129/><F129/><W5/><G40/><T48/><REACH who="0" step="1"/><D63/><REACH who="0" ten="250,262,246,222" step="2"/><U110/><E117/><V126/><F88/><W92/><G3/><T19/><D19/><U125/><E131/><V106/><F101/><W108/><G2/><T134/><D134/><U77/><E77/><V42/><F96/><W24/><G5/><T83/><D83/><U41/><E73/><V57/><F75/><W98/><G4/><T9/><D9/><U124/><E110/><V11/><F74/><W113/><G108/><T84/><D84/><U102/><E102/><V103/><F11/><W128/><G113/><T29/><D29/><U79/><E79/><V39/><F86/><W1/><G128/><T66/><D66/><U135/><E135/><V67/><F103/><W123/><G1/><T23/><D23/><U119/><E119/><V45/><F65/><W17/><G22/><T130/><D130/><U54/><E41/><V109/><F42/><W97/><G8/><T60/><D60/><U133/><E133/><V15/><F109/><W89/><G89/><T26/><D26/><U13/><E13/><V90/><F15/><W71/><G24/><T43/><D43/><U122/><E122/><V121/><F121/><W87/><G123/><T82/><D82/><U31/><E31/><RYUUKYOKU ba="2,2" sc="250,15,262,15,246,-15,222,-15" hai0="20,27,30,34,35,46,48,52,72,76,80,99,100" hai1="37,38,51,54,58,124,125" /><INIT seed="1,3,2,2,1,116" ten="265,277,231,207" oya="1" hai0="71,56,105,89,127,6,135,57,124,96,87,8,132" hai1="115,79,4,67,103,40,55,98,104,66,60,61,85" hai2="77,70,41,97,3,12,5,51,131,111,117,37,28" hai3="106,59,112,24,63,16,62,80,35,102,129,21,125"/><U33/><E115/><V82/><F117/><W48/><G112/><T78/><D71/><U46/><E33/><V42/><F70/><W64/><G125/><N who="0" m="48203" /><D78/><U19/><E4/><V10/><F111/><W107/><G129/><T109/><D109/><U65/><E19/><V31/><F131/><W123/><G123/><T108/><D108/><U27/><E27/><V53/><F3/><W22/><G35/><T26/><D26/><U74/><E74/><V101/><F37/><W90/><G102/><N who="0" m="62663" /><D87/><U94/><E55/><V52/><F53/><W72/><G48/><T39/><D89/><U110/><E110/><V91/><F91/><W30/><G63/><T134/><D39/><U34/><E34/><V15/><F15/><AGARI ba="3,2" hai="6,8,15,56,57,132,134,135" m="62663,48203" machi="15" ten="40,2600,0" yaku="20,1,18,1" doraHai="116" who="0" fromWho="2" sc="265,55,277,0,231,-35,207,0" /><INIT seed="2,0,0,0,0,42" ten="320,277,196,207" oya="2" hai0="111,6,107,32,101,59,119,21,37,86,65,133,68" hai1="66,50,114,81,71,72,18,2,64,48,78,126,33" hai2="83,105,135,132,82,3,85,58,35,17,60,127,117" hai3="7,22,103,56,95,34,24,99,128,44,122,15,12"/><V49/><F117/><W115/><G122/><T39/><D111/><U25/><E114/><V45/><F105/><W79/><G34/><T13/><D32/><U28/><E126/><V0/><F35/><W100/><G128/><T23/><D68/><U74/><E2/><V109/><F17/><W89/><G115/><T73/><D73/><U53/><E74/><V69/><F69/><W91/><G79/><T87/><D101/><N who="3" m="38985" /><G56/><T75/><D75/><U80/><E80/><N who="2" m="30763" /><F85/><W92/><G7/><T20/><D107/><U110/><E110/><V52/><F109/><W76/><G44/><T14/><D119/><U46/><E71/><V77/><F77/><W55/><G55/><T124/><D124/><U41/><E18/><V29/><F29/><N who="3" m="17559" /><G76/><T30/><D39/><U130/><E130/><V27/><F27/><W8/><G8/><T93/><D37/><U38/><E38/><V116/><F116/><W94/><G94/><T106/><D93/><U43/><REACH who="1" step="1"/><E41/><REACH who="1" ten="320,267,196,207" step="2"/><N who="2" m="24751" /><F127/><W129/><G129/><T31/><D31/><U26/><E26/><V131/><F131/><W120/><G120/><T67/><D30/><U16/><E16/><V104/><F104/><W5/><G5/><T36/><D6/><U96/><E96/><AGARI ba="0,1" hai="12,15,89,91,92,95,96,99" m="17559,38985" machi="96" ten="30,1000,0" yaku="8,1" doraHai="42" who="3" fromWho="1" sc="320,0,267,-10,196,0,207,20" /><INIT seed="3,0,0,2,5,14" ten="320,257,196,227" oya="3" hai0="71,32,62,41,69,75,15,103,65,90,59,128,134" hai1="29,50,61,127,84,37,126,119,56,107,63,109,94" hai2="91,4,46,67,83,114,40,24,9,45,1,13,112" hai3="17,95,36,73,10,122,106,130,81,44,47,115,105"/><W33/><G33/><T135/><D32/><U100/><E37/><V11/><F67/><W25/><G115/><T60/><D75/><U35/><E107/><V124/><F124/><W49/><G122/><T87/><D103/><U125/><E109/><V48/><F24/><W88/><G36/><T92/><D128/><U117/><E50/><V18/><F91/><W57/><G130/><T98/><D41/><U118/><E56/><V26/><F83/><W116/><G116/><T51/><D15/><U27/><E84/><V133/><F133/><N who="0" m="50698" /><D51/><U16/><E94/><V28/><REACH who="2" step="1"/><F46/><REACH who="2" ten="320,257,186,227" step="2"/><W53/><G25/><T43/><D90/><U77/><E77/><V55/><F55/><W102/><G47/><T78/><D65/><U110/><E110/><V123/><F123/><W104/><G44/><T31/><D78/><U64/><E64/><V93/><F93/><W85/><G81/><T121/><D92/><U3/><E119/><V34/><AGARI ba="0,1" hai="1,4,9,11,13,18,26,28,34,40,45,48,112,114" machi="34" ten="20,5200,0" yaku="1,1,0,1,7,1,52,1,53,0" doraHai="14" doraHaiUra="82" who="2" fromWho="2" sc="320,-13,257,-13,186,62,227,-26" owari="307,41.0,244,-16.0,248,5.0,201,-30.0" /></mjloggm>