<mjloggm ver="2.3"><GO type="169" lobby="0"/><UN n0="%61%73%73%65%72%74%69%76" n1="%E3%81%8D%E3%81%97%E3%82%8A%E3%81%A3%E3%81%97%E3%82%85" n2="%E3%82%A6%E3%83%AB%E3%83%88%E3%83%A9%E7%AB%8B%E7%9B%B4" n3="%53%47%59%4D%48%52%4B%31" dan="16,16,17,16" rate="2143.32,2021.14,2171.52,2096.73" sx="M,M,M,M"/><TAIKYOKU oya="0"/><INIT seed="0,0,0,5,0,13" ten="250,250,250,250" oya="0" hai0="95,53,86,8,88,112,102,117,94,19,99,80,25" hai1="23,122,34,55,12,68,125,92,49,37,91,27,71" hai2="62,65,18,124,120,42,0,40,83,22,48,133,113" hai3="61,38,47,130,30,63,97,101,128,78,127,67,64"/><T74/><D117/><U39/><E122/><V58/><F0/><W3/><G3/><T118/><D118/><U73/><E34/><V41/><F120/><W52/><G78/><T2/><D112/><U70/><E73/><V21/><F113/><W114/><G30/><T26/><D74/><U15/><E39/><V129/><F124/><W35/><G35/><T89/><D2/><U79/><E37/><V16/><F129/><N who="3" m="49771" /><G114/><T82/><D53/><U103/><E79/><V75/><F133/><W109/><G127/><T54/><D54/><U66/><E103/><V105/><F105/><N who="3" m="63663" /><G109/><T10/><D80/><U98/><E66/><N who="3" m="25130" /><G38/><T32/><D32/><U126/><E126/><V123/><F123/><W1/><G1/><T36/><D36/><U77/><E77/><V24/><F83/><W131/><G131/><T31/><D31/><U115/><E115/><V4/><F75/><W72/><G72/><T45/><D45/><U33/><E33/><V5/><REACH who="2" step="1"/><F48/><AGARI ba="0,0" hai="47,48,52,61,63" m="25130,63663,49771" machi="48" ten="30,2000,0" yaku="19,1,54,1" doraHai="13" who="3" fromWho="2" sc="250,0,250,0,250,-20,250,20" /><INIT seed="1,0,0,3,2,134" ten="250,250,230,270" oya="1" hai0="78,50,85,98,56,20,128,122,22,38,121,82,89" hai1="95,44,109,12,58,92,6,25,46,49,83,14,75" hai2="62,29,16,87,26,32,59,57,132,17,70,4,108" hai3="118,107,105,102,35,77,43,2,79,5,81,116,112"/><U30/><E109/><V64/><F132/><W125/><G35/><T11/><D38/><U33/><E58/><V28/><F108/><W18/><G18/><T31/><D128/><U23/><E33/><V69/><F29/><W67/><G67/><T47/><D11/><U126/><E126/><V73/><F73/><N who="3" m="43183" /><G43/><N who="0" m="24959" /><D56/><U10/><E46/><V36/><F36/><W103/><G5/><T61/><D61/><U115/><E115/><V68/><F4/><W53/><G53/><T19/><D31/><U34/><E34/><V94/><REACH who="2" step="1"/><F59/><REACH who="2" ten="250,250,220,270" step="2"/><W45/><G112/><T127/><D127/><U117/><E117/><N who="3" m="45162" /><G125/><T72/><D19/><U0/><E0/><V42/><F42/><W60/><G2/><T119/><D72/><U96/><E75/><V8/><F8/><W13/><G45/><T51/><D119/><U3/><E3/><V7/><F7/><W39/><G39/><T100/><D20/><U106/><E6/><V80/><F80/><W27/><G60/><T135/><D22/><U54/><E83/><V65/><F65/><W24/><G13/><T91/><D135/><U110/><E110/><V101/><F101/><W21/><G21/><T104/><D51/><U129/><E14/><V97/><F97/><W120/><G27/><T48/><D48/><U66/><E66/><V41/><F41/><W86/><G24/><T123/><AGARI ba="0,1" hai="78,82,85,89,91,98,100,104,121,122,123" m="24959" machi="123" ten="30,1100,0" yaku="13,1" doraHai="134" who="0" fromWho="0" sc="250,21,250,-5,220,-3,270,-3" /><INIT seed="2,0,0,3,2,116" ten="271,245,217,267" oya="2" hai0="57,109,88,96,77,41,107,117,80,103,28,78,126" hai1="86,10,12,66,39,9,40,24,56,87,2,44,115" hai2="21,104,37,36,65,48,101,99,34,121,106,112,94" hai3="89,69,130,3,83,98,129,22,16,120,72,110,25"/><V63/><F112/><W73/><G69/><T49/><D117/><U43/><E115/><V135/><F135/><W61/><G3/><T45/><D109/><U5/><E43/><V62/><F34/><W30/><G110/><T1/><D126/><U33/><E66/><V70/><F121/><W7/><G7/><T31/><D1/><U59/><E59/><V54/><F63/><W27/><G61/><T74/><D77/><U71/><E71/><V26/><F104/><W4/><G4/><T20/><D20/><U51/><E9/><V91/><F106/><W23/><G120/><T82/><D57/><U79/><E79/><V8/><F8/><W92/><REACH who="3" step="1"/><G83/><REACH who="3" ten="271,245,217,257" step="2"/><T35/><D35/><U95/><E2/><V119/><F119/><W134/><G134/><T114/><D114/><U0/><E0/><V118/><F118/><W53/><G53/><T42/><D42/><U52/><E95/><V6/><F6/><W113/><G113/><T55/><D41/><U13/><E5/><V85/><F62/><W60/><G60/><T68/><D68/><U18/><E40/><V81/><F70/><W124/><G124/><T133/><D133/><U11/><E39/><V127/><F65/><W97/><G97/><T17/><D80/><U29/><E10/><V102/><F127/><W46/><G46/><T84/><D96/><U90/><E44/><N who="2" m="27911" /><F37/><W64/><G64/><T58/><D107/><U32/><E11/><V111/><F36/><W76/><G76/><T50/><D78/><U47/><E47/><V108/><F102/><W38/><G38/><T93/><D103/><RYUUKYOKU ba="0,1" sc="271,-15,245,-15,217,15,257,15" hai2="21,26,81,85,91,94,99,101,108,111" hai3="16,22,23,25,27,30,72,73,89,92,98,129,130" /><INIT seed="2,1,1,0,1,4" ten="256,230,232,272" oya="2" hai0="123,112,79,38,81,63,69,82,108,40,100,62,134" hai1="94,77,127,98,85,51,103,86,6,61,13,45,56" hai2="32,16,29,28,97,59,96,73,113,39,30,133,104" hai3="23,47,132,107,118,114,12,110,25,36,99,0,31"/><V10/><F39/><W1/><G118/><T91/><D123/><U89/><E127/><V119/><F119/><W17/><G110/><T93/><D108/><U27/><E77/><V135/><F113/><W101/><G114/><T130/><D112/><U33/><E33/><V111/><F73/><W129/><G129/><T102/><D130/><U106/><E27/><V22/><F111/><W24/><G132/><N who="2" m="50761" /><F32/><W41/><REACH who="3" step="1"/><G25/><REACH who="3" ten="256,230,232,262" step="2"/><T128/><D134/><U64/><E106/><V131/><F131/><W88/><G88/><T18/><D91/><U35/><E89/><V87/><F104/><W26/><G26/><T117/><D128/><U43/><REACH who="1" step="1"/><E35/><AGARI ba="1,2" hai="0,1,12,17,23,24,31,35,36,41,47,99,101,107" machi="35" ten="30,2000,0" yaku="1,1,7,1,53,0" doraHai="4" doraHaiUra="122" who="3" fromWho="1" sc="256,0,230,-23,232,0,262,43" /><INIT seed="3,0,0,3,0,81" ten="256,207,232,305" oya="3" hai0="115,54,99,86,27,6,117,16,102,24,94,33,135" hai1="70,71,124,23,85,113,20,31,62,91,84,18,61" hai2="129,37,97,21,9,25,72,101,78,112,53,100,105" hai3="93,19,66,44,52,118,22,114,35,2,65,56,74"/><W42/><G74/><T29/><D117/><U30/><E113/><V80/><F112/><W125/><G35/><T87/><D115/><U89/><REACH who="1" step="1"/><E18/><REACH who="1" ten="256,197,232,305" step="2"/><V95/><F129/><W122/><G114/><T55/><D135/><U68/><E68/><V83/><F37/><W8/><G118/><T28/><D16/><U109/><E109/><V5/><F105/><W67/><G122/><T132/><D132/><U13/><E13/><V59/><F5/><W88/><G2/><T96/><D6/><U111/><E111/><V36/><F36/><W98/><G125/><AGARI ba="0,1" hai="20,23,30,31,61,62,70,71,84,85,89,91,124,125" machi="125" ten="25,8000,1" yaku="1,1,22,2,52,2,53,0" doraHai="81" doraHaiUra="128" who="1" fromWho="3" sc="256,0,197,90,232,0,305,-80" /><INIT seed="4,0,0,2,4,101" ten="256,287,232,225" oya="0" hai0="27,2,31,72,36,87,83,69,21,12,85,71,39" hai1="67,97,84,110,38,93,32,7,123,9,79,98,134" hai2="96,52,103,105,122,35,37,40,91,20,94,118,16" hai3="26,130,4,62,65,58,53,99,132,43,70,111,125"/><T22/><D2/><U124/><E32/><V60/><F35/><W95/><G111/><T51/><D72/><U128/><E110/><V82/><F122/><W64/><G125/><T89/><D39/><U86/><E38/><V133/><F133/><W19/><G132/><T0/><D36/><U59/><E123/><V23/><F118/><W119/><G119/><T68/><D0/><U120/><E120/><V90/><F37/><W34/><G4/><T114/><D114/><U30/><E30/><V45/><F23/><W24/><G130/><T74/><D74/><U54/><E67/><V127/><F127/><W44/><G26/><T17/><D51/><U13/><E124/><V29/><F29/><W76/><G76/><T80/><REACH who="0" step="1"/><D71/><REACH who="0" ten="246,287,232,225" step="2"/><U41/><E134/><V135/><F135/><W115/><G70/><T18/><D18/><U121/><E121/><V28/><F16/><W88/><G115/><T131/><D131/><U73/><E128/><V11/><F28/><W106/><G34/><T6/><D6/><U126/><E73/><V56/><F40/><W66/><G106/><T75/><D75/><U77/><E41/><V3/><F105/><W8/><G43/><T57/><D57/><U42/><E42/><V112/><F112/><W10/><G44/><T78/><AGARI ba="0,1" hai="12,17,21,22,27,31,68,69,78,80,83,85,87,89" machi="78" ten="20,3900,0" yaku="1,1,0,1,7,1,53,0" doraHai="101" doraHaiUra="100" who="0" fromWho="0" sc="246,49,287,-13,232,-13,225,-13" /><INIT seed="4,1,0,1,0,21" ten="295,274,219,212" oya="0" hai0="6,14,123,55,72,98,38,77,62,91,61,18,96" hai1="13,17,31,47,59,24,101,118,113,128,43,87,81" hai2="44,45,132,70,124,129,40,115,19,114,20,127,102" hai3="95,117,15,33,83,111,37,80,104,120,92,106,26"/><T97/><D123/><U85/><E118/><V93/><F70/><W135/><G37/><T94/><D38/><U89/><E128/><V63/><F129/><W126/><G117/><T100/><D6/><U107/><E113/><N who="2" m="43019" /><F63/><W130/><G130/><T35/><D35/><U36/><E59/><V4/><F4/><W119/><G119/><T122/><D122/><U8/><E87/><V16/><F132/><W50/><G120/><T29/><D29/><U56/><E56/><V109/><F109/><W79/><G111/><T22/><D55/><U71/><E71/><V9/><F9/><W0/><G0/><T3/><D3/><U48/><E36/><N who="2" m="21511" /><F45/><W125/><G135/><T66/><D66/><U90/><E107/><N who="3" m="41002" /><G50/><T103/><D77/><U65/><E65/><V46/><F46/><W49/><G49/><T82/><D72/><U53/><E43/><V112/><N who="2" m="43027" /><V84/><DORA hai="12" /><F19/><W30/><G15/><T34/><D62/><U78/><REACH who="1" step="1"/><E101/><REACH who="1" ten="295,264,219,212" step="2"/><V75/><F75/><N who="3" m="43135" /><G83/><T42/><D42/><U60/><E60/><V121/><F121/><W5/><G5/><T108/><D61/><U116/><E116/><V11/><F84/><W74/><G74/><T1/><D108/><U110/><E110/><V54/><F54/><W64/><G64/><T57/><D57/><U39/><E39/><V67/><F67/><W73/><G73/><T134/><D134/><U41/><E41/><V76/><F76/><W32/><G95/><T52/><D94/><U2/><E2/><V25/><F93/><W23/><G92/><N who="0" m="56351" /><D52/><U28/><E28/><N who="2" m="17447" /><F102/><W133/><G133/><RYUUKYOKU ba="1,1" sc="295,-30,264,10,219,10,212,10" hai1="8,13,17,24,31,47,48,53,78,81,85,89,90" hai2="11,16,124,127" hai3="23,26,30,32,33,125,126" /><INIT seed="5,2,1,0,1,125" ten="265,274,229,222" oya="1" hai0="40,3,94,106,105,12,7,30,25,131,1,42,101" hai1="78,98,5,83,100,19,26,122,108,90,65,28,8" hai2="2,79,124,10,6,0,59,86,36,102,45,70,56" hai3="17,103,107,120,61,29,71,49,119,32,44,81,63"/><U99/><E122/><V128/><F70/><W13/><G120/><T46/><D94/><U41/><E108/><V53/><F0/><W34/><G119/><T104/><D101/><U110/><E110/><V114/><F124/><W112/><G112/><T21/><D42/><U60/><E41/><V15/><F114/><W121/><G121/><T118/><D118/><U96/><E19/><V39/><F128/><W116/><G116/><T51/><REACH who="0" step="1"/><D131/><REACH who="0" ten="255,274,229,222" step="2"/><U95/><E100/><V80/><F102/><W127/><G127/><T54/><D54/><U58/><E95/><V109/><F109/><W89/><G103/><T126/><D126/><U23/><E99/><V50/><F39/><W74/><G107/><T73/><D73/><U43/><E43/><V16/><REACH who="2" step="1"/><F36/><REACH who="2" ten="255,274,219,222" step="2"/><W72/><G72/><T20/><D20/><AGARI ba="2,3" hai="2,6,10,15,16,20,45,50,53,56,59,79,80,86" machi="20" ten="30,7700,0" yaku="1,1,2,1,7,1,54,1,53,0" doraHai="125" doraHaiUra="67" who="2" fromWho="0" sc="255,-83,274,0,219,113,222,0" /><INIT seed="6,0,0,4,0,102" ten="172,274,332,222" oya="2" hai0="88,128,23,57,42,18,4,113,74,6,37,50,46" hai1="126,115,120,125,52,63,49,34,36,64,93,32,61" hai2="55,81,84,91,107,98,122,35,85,127,0,129,67" hai3="15,33,38,131,41,104,51,72,76,90,112,17,87"/><V132/><F35/><W40/><G33/><T58/><D113/><U7/><E36/><V94/><F0/><W48/><G38/><T44/><D128/><U106/><E93/><V13/><F122/><W66/><G131/><T79/><D57/><U135/><E7/><V73/><F129/><W59/><G104/><T124/><D124/><N who="1" m="47723" /><E34/><V134/><F67/><W68/><G68/><T9/><D58/><U16/><E16/><V5/><F55/><W39/><G39/><T109/><D109/><U96/><E32/><V19/><F5/><W123/><G72/><T10/><D79/><U86/><E86/><N who="2" m="52599" /><F13/><W56/><G76/><T100/><D74/><U130/><E130/><V62/><F19/><W119/><G119/><T110/><D88/><U29/><E29/><V82/><F127/><W117/><G117/><T121/><D100/><N who="1" m="62727" /><E135/><N who="2" m="51755" /><F73/><W108/><G123/><T14/><D121/><U31/><E31/><V99/><F99/><W53/><G112/><T133/><D6/><U1/><E1/><V71/><F85/><W95/><G108/><T69/><D110/><U83/><E115/><V75/><F75/><W65/><G65/><T8/><D133/><U105/><E64/><N who="2" m="41367" /><F84/><W24/><G24/><T26/><REACH who="0" step="1"/><D69/><REACH who="0" ten="162,274,332,222" step="2"/><U118/><E120/><V27/><F82/><W111/><G111/><T12/><D12/><U97/><E83/><V92/><F81/><W116/><G116/><T21/><D21/><U54/><E118/><V30/><F27/><W11/><G66/><T70/><D70/><U101/><E101/><V3/><F3/><W28/><G15/><T60/><D60/><RYUUKYOKU ba="0,1" sc="162,30,274,-10,332,-10,222,-10" hai0="4,8,9,10,14,18,23,26,37,42,44,46,50" /><INIT seed="7,1,1,5,3,47" ten="192,264,322,212" oya="3" hai0="27,119,108,110,73,28,13,53,92,97,86,48,68" hai1="128,96,113,82,124,22,88,60,35,72,43,58,126" hai2="5,37,100,10,41,56,2,76,32,20,59,104,64" hai3="42,111,52,67,7,109,4,61,121,127,71,46,135"/><W45/><G121/><T29/><D119/><U0/><E35/><V57/><F32/><W8/><G135/><T123/><D123/><U74/><E0/><V132/><F132/><W23/><G23/><T87/><D73/><U1/><E1/><V50/><F100/><W118/><G118/><T101/><D68/><U117/><E43/><V15/><F104/><W106/><G106/><T17/><D108/><N who="3" m="41545" /><G127/><T103/><D103/><U83/><E117/><V66/><F37/><N who="3" m="21711" /><G8/><N who="0" m="6311" /><D110/><U26/><E22/><V79/><F20/><W105/><G105/><T39/><D39/><U78/><E26/><V6/><F2/><W93/><G93/><T40/><D40/><U77/><E126/><V112/><F112/><W36/><G36/><T24/><D27/><U65/><E113/><V116/><F116/><W114/><G114/><T91/><D24/><U70/><E124/><V85/><F66/><W95/><G95/><N who="0" m="58559" /><D86/><U38/><E38/><V81/><F64/><W34/><G34/><T130/><D130/><U18/><E128/><V44/><F76/><W122/><G122/><T63/><D63/><N who="1" m="40255" /><E77/><V115/><F115/><W69/><G69/><T30/><D30/><U89/><E78/><V90/><F79/><W11/><G11/><T62/><D62/><U131/><E131/><V16/><AGARI ba="1,1" hai="5,6,10,15,16,41,44,50,56,57,59,81,85,90" machi="16" ten="30,7900,0" yaku="0,1,8,1,52,1,54,1" doraHai="47" who="2" fromWho="2" sc="192,-21,264,-21,322,92,212,-40" owari="171,-33.0,243,4.0,414,52.0,172,-23.0" /></mjloggm>