<mjloggm ver="2.3"><GO type="97" lobby="0"/><UN n0="%E5%B0%B1%E6%B4%BB%E7%94%9F%40%E5%B7%9D%E6%9D%91%E8%BB%8D%E5%9B%A3" n1="%68%61%72%75%6E" n2="%6C%6F%4A%61%73%6B%69%6E" n3="%E3%81%AF%E3%82%8B%E3%81%82%E3%81%8A%E3%82%8A%E3%81%84" dan="15,14,14,13" rate="2003.73,1931.84,1972.13,1957.52" sx="M,M,M,M"/><TAIKYOKU oya="0"/><INIT seed="0,0,0,0,5,109" ten="250,250,250,250" oya="0" hai0="48,82,15,22,34,112,114,98,55,118,88,28,99" hai1="39,59,12,21,14,0,79,46,134,92,1,33,129" hai2="18,80,43,7,107,75,102,119,23,49,31,9,30" hai3="69,64,90,124,67,121,125,19,5,127,58,6,135"/><T77/><D118/><U116/><E129/><V56/><F119/><W65/><G121/><T47/><D34/><U89/><E134/><V60/><F102/><W97/><G135/><T73/><D98/><U128/><E128/><V130/><F107/><W103/><G90/><T66/><D66/><U113/><E116/><V63/><F60/><W54/><G19/><T86/><D99/><U24/><E33/><V101/><F101/><W100/><G69/><T94/><REACH who="0" step="1"/><D15/><REACH who="0" ten="240,250,250,250" step="2"/><U68/><E12/><N who="2" m="5183" /><F130/><W2/><G2/><T4/><D4/><N who="3" m="1641" /><G97/><T27/><AGARI ba="0,1" hai="22,27,28,47,48,55,73,77,82,86,88,94,112,114" machi="27" ten="30,12000,1" yaku="1,1,0,1,52,2,54,1,53,0" doraHai="109" doraHaiUra="32" who="0" fromWho="0" sc="240,130,250,-40,250,-40,250,-40" /><INIT seed="0,1,0,4,2,8" ten="370,210,210,210" oya="0" hai0="49,46,38,123,108,93,16,120,48,35,117,56,65" hai1="4,7,116,122,89,76,15,23,59,11,37,28,3" hai2="14,20,18,135,6,0,95,73,109,74,55,94,102" hai3="1,30,31,75,84,114,68,62,97,132,26,5,45"/><T88/><D35/><U44/><E122/><V130/><F109/><W2/><G114/><T69/><D117/><U60/><E116/><V80/><F135/><W32/><G75/><T29/><D29/><U61/><E76/><V42/><F130/><W128/><G97/><T115/><D115/><U25/><E89/><V33/><F33/><W90/><G132/><T52/><D48/><U86/><E86/><V129/><F129/><W66/><G128/><T27/><D69/><U85/><E85/><V57/><F42/><W19/><G31/><T54/><D108/><U13/><E59/><V92/><F102/><W12/><G5/><T41/><D65/><U77/><E77/><V78/><F74/><W36/><G45/><T58/><D58/><U125/><E125/><V53/><F57/><W118/><G36/><T107/><D54/><U71/><E71/><V64/><F64/><W98/><G98/><T111/><D107/><U110/><E110/><V83/><F80/><W40/><G40/><T47/><D47/><U126/><E126/><V82/><F83/><W96/><G96/><N who="0" m="57383" /><D111/><U99/><E99/><V81/><F82/><W70/><G70/><T24/><D24/><U50/><E37/><V134/><F134/><W119/><G119/><T72/><D72/><U112/><E112/><V43/><F43/><W105/><G105/><T91/><D91/><U104/><E104/><V106/><F106/><W103/><G118/><T101/><D101/><U63/><E4/><V127/><F127/><W79/><G103/><T121/><D120/><U21/><E21/><V100/><F100/><RYUUKYOKU ba="1,0" sc="370,10,210,10,210,10,210,-30" hai0="16,27,38,41,46,49,52,56,121,123" hai1="3,7,11,13,15,23,25,28,44,50,60,61,63" hai2="0,6,14,18,20,53,55,73,78,81,92,94,95" /><INIT seed="0,2,0,3,0,9" ten="380,220,220,180" oya="0" hai0="90,92,7,29,33,26,73,36,8,45,14,38,69" hai1="113,12,115,55,95,40,60,132,27,114,103,122,88" hai2="11,49,63,70,19,111,135,101,106,129,17,116,98" hai3="44,67,35,18,3,125,102,82,61,28,79,48,76"/><T25/><D69/><U23/><E132/><V31/><F135/><W108/><G125/><T83/><D26/><U127/><E127/><V39/><F111/><W6/><G108/><T97/><REACH who="0" step="1"/><D45/><REACH who="0" ten="370,220,220,180" step="2"/><U126/><E126/><V123/><F70/><W68/><G102/><T51/><D51/><U21/><E122/><V120/><F49/><W56/><G68/><T110/><D110/><U119/><E103/><V121/><F101/><W22/><G35/><T5/><D5/><U46/><E119/><V87/><F116/><W86/><G6/><T42/><D42/><U47/><E27/><V80/><F121/><W91/><G3/><T96/><D96/><U109/><E109/><V93/><F98/><W0/><G0/><T30/><D30/><U84/><E47/><V41/><F31/><W37/><G28/><T1/><D1/><U105/><E40/><V32/><F41/><N who="3" m="24591" /><G37/><T65/><D65/><U43/><E43/><V118/><F39/><W104/><G104/><T124/><D124/><U78/><E46/><V66/><F106/><W15/><AGARI ba="2,1" hai="15,18,22,56,61,67,76,79,82,86,91" m="24591" machi="15" ten="30,2000,0" yaku="8,1,52,1" doraHai="9" who="3" fromWho="3" sc="370,-12,220,-7,220,-7,180,36" /><INIT seed="1,0,0,0,4,119" ten="358,213,213,216" oya="1" hai0="111,109,90,51,63,98,81,58,14,42,128,91,121" hai1="92,101,79,38,124,83,112,88,53,87,135,39,1" hai2="85,25,16,125,30,32,102,21,4,6,56,52,130" hai3="67,66,76,22,134,72,24,55,62,45,70,50,77"/><U133/><E124/><V61/><F125/><W89/><G134/><N who="1" m="51210" /><E112/><V54/><F130/><W94/><G67/><N who="0" m="39415" /><D128/><U122/><E101/><V118/><F118/><W93/><G72/><T9/><D121/><U114/><E114/><V20/><F102/><W84/><REACH who="3" step="1"/><G94/><REACH who="3" ten="358,213,213,206" step="2"/><N who="0" m="56663" /><D111/><U36/><E1/><V60/><F32/><W27/><G27/><T103/><D109/><U110/><E110/><V0/><F0/><W117/><G117/><T132/><D132/><U120/><E53/><V5/><F85/><AGARI ba="0,1" hai="36,38,39,79,83,85,87,88,92,120,122" m="51210" machi="85" ten="40,12000,1" yaku="20,1,52,2,54,1" doraHai="119" who="1" fromWho="2" sc="358,0,213,130,213,-120,206,0" /><INIT seed="1,1,0,4,5,118" ten="358,343,93,206" oya="1" hai0="115,21,73,15,107,51,54,92,110,35,14,125,38" hai1="57,56,19,112,128,17,81,6,46,32,79,64,106" hai2="48,68,103,67,11,9,104,135,113,119,96,116,69" hai3="78,97,0,131,33,53,93,88,100,20,23,124,86"/><U84/><E128/><V50/><F113/><W101/><G131/><T24/><D38/><U85/><E112/><V37/><F37/><W16/><G124/><T120/><D73/><U55/><E32/><V52/><F135/><W70/><G33/><T122/><D35/><U82/><E106/><V127/><F127/><W26/><G70/><T22/><D107/><U36/><E6/><V133/><F133/><W95/><G0/><T114/><D110/><U94/><E94/><V4/><F50/><W132/><G132/><T27/><D92/><U74/><E74/><V18/><F18/><N who="1" m="6665" /><E64/><V80/><F80/><W42/><G78/><T108/><D125/><U129/><E129/><V47/><F11/><W25/><G42/><T65/><D65/><U75/><E75/><V123/><F123/><N who="0" m="47146" /><D108/><U39/><E39/><V98/><F96/><W89/><G53/><T87/><D87/><U126/><E126/><V60/><REACH who="2" step="1"/><F69/><REACH who="2" ten="358,343,83,206" step="2"/><W28/><AGARI ba="1,1" hai="16,20,23,25,26,28,86,88,89,93,95,97,100,101" machi="28" ten="20,8000,1" yaku="0,1,7,1,8,1,54,2" doraHai="118" who="3" fromWho="3" sc="358,-21,343,-41,83,-21,206,93" /><INIT seed="2,0,0,4,0,42" ten="337,302,62,299" oya="2" hai0="119,16,39,28,71,110,13,21,8,1,54,118,2" hai1="19,112,114,98,63,103,107,109,92,80,64,25,83" hai2="79,70,3,115,73,10,26,124,9,18,29,102,113" hai3="40,35,95,121,74,132,20,65,43,23,100,0,11"/><V47/><F70/><W36/><G121/><T7/><D39/><U22/><E109/><V12/><F124/><W77/><G35/><T133/><D71/><U78/><E107/><V105/><F79/><W127/><G127/><T75/><D75/><U38/><E38/><V91/><F73/><W15/><G65/><T117/><D133/><U135/><E135/><V37/><F91/><W34/><G34/><T4/><D110/><U56/><REACH who="1" step="1"/><E83/><REACH who="1" ten="337,292,62,299" step="2"/><V122/><F122/><W89/><G132/><T96/><D117/><U44/><E44/><V53/><F37/><W14/><G36/><T120/><D118/><U60/><E60/><V134/><F134/><W48/><G0/><T116/><D119/><U50/><E50/><V126/><F126/><W99/><G48/><T52/><D116/><U33/><E33/><V130/><F130/><W55/><G55/><T129/><D120/><U93/><E93/><V84/><F84/><AGARI ba="0,1" hai="19,22,25,56,63,64,78,80,84,92,98,103,112,114" machi="84" ten="30,2000,0" yaku="1,1,7,1,53,0" doraHai="42" doraHaiUra="85" who="1" fromWho="2" sc="337,0,292,30,62,-20,299,0" /><INIT seed="3,0,0,5,4,115" ten="337,322,42,299" oya="3" hai0="71,38,54,109,108,25,12,77,80,50,53,97,99" hai1="39,90,87,37,6,65,124,5,34,31,52,60,133" hai2="59,110,67,93,101,127,79,3,119,113,69,55,35" hai3="112,84,56,122,121,94,36,40,45,66,120,24,81"/><W28/><G112/><T91/><D38/><U100/><E133/><V114/><F113/><W107/><G107/><T76/><D71/><U7/><E124/><V61/><F127/><W126/><G126/><T22/><D12/><U62/><E100/><V96/><F114/><W0/><G0/><T105/><D91/><U123/><E123/><V89/><F35/><W129/><G129/><T26/><D105/><U117/><E117/><V23/><F3/><W102/><G94/><T83/><D50/><U44/><E34/><V73/><F110/><W125/><G102/><T131/><REACH who="0" step="1"/><D22/><REACH who="0" ten="327,322,42,299" step="2"/><U106/><E106/><V9/><F23/><W11/><G125/><T47/><D47/><U48/><E39/><V70/><F9/><W104/><G104/><T43/><D43/><U134/><E134/><V135/><F135/><W20/><G11/><T98/><D98/><U116/><E37/><V27/><F27/><W18/><G28/><T68/><D68/><U82/><E31/><V4/><F4/><W88/><REACH who="3" step="1"/><G122/><REACH who="3" ten="327,322,42,289" step="2"/><T118/><D118/><U46/><E116/><V57/><F119/><W63/><AGARI ba="0,2" hai="18,20,24,36,40,45,56,63,66,81,84,88,120,121" machi="63" ten="30,11700,0" yaku="1,1,2,1,0,1,54,1,53,0" doraHai="115" doraHaiUra="10" who="3" fromWho="3" sc="327,-39,322,-39,42,-39,289,137" owari="288,9.0,283,-12.0,3,-50.0,426,53.0" /></mjloggm>