<mjloggm ver="2.3"><GO type="97" lobby="0"/><UN n0="%53%68%69%67%65%7A%6F" n1="%59%41%4D%41%40" n2="%E5%B0%B1%E6%B4%BB%E7%94%9F%40%E5%B7%9D%E6%9D%91%E8%BB%8D%E5%9B%A3" n3="%E3%83%8B%E3%82%A6%E3%83%91%E3%83%AB%52" dan="13,13,14,15" rate="1853.29,1958.58,1948.46,1982.39" sx="M,M,M,M"/><TAIKYOKU oya="0"/><INIT seed="0,0,0,1,3,105" ten="250,250,250,250" oya="0" hai0="16,2,126,94,106,86,112,38,131,23,32,40,122" hai1="1,61,8,21,124,117,53,5,46,108,74,54,90" hai2="96,56,60,110,87,10,6,55,83,27,135,118,45" hai3="34,91,100,121,134,68,107,42,129,35,13,25,17"/><T58/><D58/><BYE who="0" /><U63/><E117/><V7/><F118/><W125/><G68/><T33/><D33/><U92/><E124/><V79/><F110/><W102/><G125/><T123/><D123/><U29/><E108/><V41/><F135/><W28/><G134/><T49/><D49/><U81/><E53/><V84/><F96/><W78/><G78/><T47/><D47/><U114/><E114/><V95/><F27/><W73/><G73/><T70/><D70/><U130/><E130/><V43/><F43/><W76/><G76/><T14/><D14/><U36/><E29/><V18/><F18/><W127/><G127/><T62/><D62/><U109/><E21/><V101/><F101/><W75/><G75/><T59/><D59/><U26/><E26/><V104/><F104/><W72/><G72/><T77/><D77/><U39/><E109/><V88/><REACH who="2" step="1"/><F10/><REACH who="2" ten="250,250,240,250" step="2"/><W12/><G102/><T48/><D48/><AGARI ba="0,1" hai="6,7,41,45,48,55,56,60,79,83,84,87,88,95" machi="48" ten="30,12000,2" yaku="1,1,2,1,7,1,8,1,54,1,53,2" doraHai="105" doraHaiUra="82" who="2" fromWho="0" sc="250,-120,250,0,240,130,250,0" /><INIT seed="1,0,0,4,2,94" ten="130,250,370,250" oya="1" hai0="18,35,121,3,90,58,37,109,52,135,48,41,45" hai1="93,68,115,60,108,111,38,22,99,119,67,4,25" hai2="74,83,87,101,112,0,122,69,81,10,64,44,42" hai3="103,134,104,88,8,65,51,12,118,26,14,7,133"/><U28/><E119/><V49/><F122/><W30/><G118/><T75/><D75/><U82/><E82/><V5/><F112/><W21/><G65/><T130/><D130/><U100/><E38/><V53/><F101/><W50/><G104/><T55/><D55/><U59/><E4/><V43/><F74/><W102/><G14/><T73/><D73/><U46/><E46/><V27/><F81/><W120/><G120/><T77/><D77/><U85/><E85/><V128/><F128/><W129/><G129/><T32/><D32/><U56/><REACH who="1" step="1"/><E115/><REACH who="1" ten="130,240,370,250" step="2"/><V124/><F43/><W106/><G7/><T113/><D113/><U57/><AGARI ba="0,1" hai="22,25,28,56,57,59,60,67,68,93,99,100,108,111" machi="57" ten="30,11700,0" yaku="1,1,2,1,0,1,52,1,53,0" doraHai="94" doraHaiUra="33" who="1" fromWho="1" sc="130,-39,240,127,370,-39,250,-39" /><INIT seed="1,1,0,5,0,120" ten="91,367,331,211" oya="1" hai0="91,42,18,26,63,89,74,110,134,3,62,54,49" hai1="2,30,21,103,35,115,122,10,71,94,61,47,83" hai2="84,128,117,129,107,96,77,73,80,81,9,72,31" hai3="7,34,13,6,114,51,70,5,58,15,28,40,66"/><U32/><E122/><V8/><F31/><W56/><G70/><T92/><D92/><U102/><E115/><V37/><F37/><W38/><G38/><T123/><D123/><U65/><E83/><V100/><F117/><W44/><G114/><T112/><D112/><U64/><E47/><V87/><F9/><W55/><G34/><T124/><D124/><U29/><E21/><V109/><F8/><W22/><G66/><T1/><D1/><U108/><E10/><V19/><F19/><W27/><REACH who="3" step="1"/><G58/><REACH who="3" ten="91,367,331,201" step="2"/><T39/><D39/><U76/><E71/><V133/><F133/><W57/><G57/><T53/><D53/><U36/><E36/><V12/><F12/><W135/><G135/><T125/><D125/><U41/><E32/><V25/><F25/><W130/><G130/><N who="2" m="50281" /><F109/><W119/><G119/><T68/><D68/><U4/><E108/><V104/><F104/><W50/><AGARI ba="1,1" hai="5,6,7,13,15,22,27,28,40,44,50,51,55,56" machi="50" ten="30,7900,0" yaku="1,1,0,1,8,1,53,1" doraHai="120" doraHaiUra="43" who="3" fromWho="3" sc="91,-21,367,-40,331,-21,201,92" /><INIT seed="2,0,0,0,1,79" ten="70,327,310,293" oya="2" hai0="42,12,117,29,108,91,34,6,121,18,49,118,50" hai1="74,102,84,3,66,131,32,39,89,28,125,73,31" hai2="93,4,33,126,119,9,116,86,51,47,20,110,104" hai3="115,76,105,17,75,68,25,101,35,88,129,96,135"/><V69/><F104/><W103/><G68/><T61/><D61/><U81/><E39/><V37/><F69/><W124/><G103/><T22/><D22/><U71/><E3/><V1/><F33/><W97/><G135/><T5/><D5/><U111/><E102/><V87/><F37/><W65/><G129/><T19/><D19/><U59/><E131/><V63/><F126/><W98/><G124/><T53/><D53/><U30/><E125/><V41/><F110/><W56/><G115/><T21/><D21/><U15/><E32/><V94/><F20/><W36/><G36/><T62/><D62/><UN n0="%53%68%69%67%65%7A%6F" /><U38/><E38/><V132/><F132/><W133/><G133/><T23/><D121/><U123/><E123/><V57/><F87/><W83/><G65/><T45/><D108/><U109/><E71/><V90/><REACH who="2" step="1"/><F93/><REACH who="2" ten="70,327,300,293" step="2"/><W2/><G35/><T43/><D34/><U130/><E111/><V24/><F24/><W113/><G25/><T92/><D29/><U11/><E109/><V80/><F80/><W72/><G83/><T27/><D27/><U134/><E134/><V120/><F120/><W26/><G105/><T67/><D67/><AGARI ba="0,1" hai="1,4,9,41,47,51,57,63,67,86,90,94,116,119" machi="67" ten="30,5800,0" yaku="1,1,7,1,53,1" doraHai="79" doraHaiUra="58" who="2" fromWho="0" sc="70,-58,327,0,300,68,293,0" /><INIT seed="2,1,0,4,2,109" ten="12,327,368,293" oya="2" hai0="53,27,4,51,86,7,70,113,133,107,24,45,95" hai1="116,64,74,21,105,119,17,6,101,80,65,125,47" hai2="41,81,117,108,19,111,127,5,1,87,58,129,2" hai3="61,84,68,42,0,79,78,131,9,134,25,115,135"/><V50/><F117/><W49/><G131/><T69/><D107/><U60/><E6/><V54/><F129/><W99/><G79/><T90/><D133/><N who="3" m="50697" /><G99/><T132/><D132/><U57/><E125/><V76/><F127/><W98/><G98/><T67/><D67/><U88/><E65/><V31/><F31/><W110/><G110/><N who="2" m="42025" /><F5/><W118/><G118/><T72/><D72/><U28/><E28/><V55/><F41/><W14/><G0/><T35/><D113/><U3/><E3/><V126/><F126/><W124/><G124/><T56/><D69/><U12/><E47/><N who="2" m="27999" /><F19/><W63/><G115/><T130/><D70/><U73/><E73/><V122/><F122/><W83/><G68/><T97/><D130/><U102/><E74/><V26/><F26/><N who="0" m="9770" /><D35/><U106/><E106/><V94/><F94/><W46/><G25/><T85/><D45/><U93/><E105/><V15/><F15/><W82/><G82/><T112/><D112/><U66/><E80/><V34/><F34/><W37/><G37/><T48/><D48/><AGARI ba="1,0" hai="1,2,48,55,58,76,81,87" m="27999,42025" machi="48" ten="30,2900,0" yaku="14,1,10,1" doraHai="109" who="2" fromWho="0" sc="12,-32,327,0,368,32,293,0" owari="-20,-52.0,327,13.0,400,50.0,293,-11.0" /></mjloggm>