<mjloggm ver="2.3"><GO type="169" lobby="0"/><UN n0="%41%79%65%73%68%61" n1="%E3%82%A6%E3%83%AB%E3%83%88%E3%83%A9%E7%AB%8B%E7%9B%B4" n2="%E3%82%86%E3%83%BC%E3%81%9B%E3%83%BC" n3="%E3%83%96%E3%83%AB%E3%83%96%E3%83%AB%E3%83%8F%E3%83%BC%E3%83%84" dan="16,17,16,18" rate="2129.22,2126.09,2121.79,2241.58" sx="M,M,M,M"/><TAIKYOKU oya="0"/><INIT seed="0,0,0,3,4,104" ten="250,250,250,250" oya="0" hai0="5,83,62,84,11,88,42,133,33,51,60,71,0" hai1="109,12,69,18,75,113,44,61,134,36,90,122,97" hai2="63,68,98,52,58,93,29,123,43,67,19,4,38" hai3="31,85,81,34,25,35,27,74,13,118,8,126,80"/><T96/><D33/><U54/><E122/><V119/><F123/><W59/><G118/><T3/><D133/><U39/><E109/><V23/><F4/><W94/><G126/><T66/><D62/><U82/><E134/><V50/><F29/><W7/><G59/><T103/><D42/><U72/><E113/><V129/><F129/><W15/><G94/><T115/><D115/><U2/><E2/><V70/><F119/><W108/><G108/><T117/><D117/><U91/><E91/><V30/><F30/><W116/><G116/><T102/><D3/><U78/><E72/><V28/><F28/><W92/><G92/><T14/><D51/><U64/><E90/><V124/><F124/><W24/><G24/><T79/><D0/><U120/><E97/><V110/><F110/><W26/><G13/><T131/><D131/><U22/><E120/><V76/><F76/><W100/><G100/><T9/><D11/><U89/><E89/><V87/><F87/><W10/><G10/><T125/><REACH who="0" step="1"/><D125/><REACH who="0" ten="240,250,250,250" step="2"/><U49/><AGARI ba="0,1" hai="12,18,22,36,39,44,49,54,61,64,69,75,78,82" machi="49" ten="30,2000,0" yaku="0,1,52,1" doraHai="104" who="1" fromWho="1" sc="240,-10,250,30,250,-5,250,-5" /><INIT seed="1,0,0,5,2,118" ten="230,280,245,245" oya="1" hai0="88,43,97,66,106,77,76,102,50,96,78,62,133" hai1="5,33,74,104,110,128,20,61,114,52,63,54,49" hai2="25,17,131,34,24,10,14,92,81,1,84,37,26" hai3="32,7,132,125,124,90,67,79,35,105,56,39,129"/><U64/><E114/><V130/><F37/><W101/><G39/><T44/><D133/><U127/><E33/><V115/><F115/><W91/><G7/><T94/><REACH who="0" step="1"/><D77/><REACH who="0" ten="220,280,245,245" step="2"/><U80/><E127/><V21/><F34/><W83/><G35/><T46/><D46/><U60/><E128/><V86/><F131/><W16/><G32/><T59/><AGARI ba="0,1" hai="43,44,50,59,62,66,76,78,88,94,96,97,102,106" machi="59" ten="20,5200,0" yaku="1,1,0,1,7,1,54,1,53,0" doraHai="118" doraHaiUra="120" who="0" fromWho="0" sc="220,62,280,-26,245,-13,245,-13" /><INIT seed="2,0,0,5,0,112" ten="282,254,232,232" oya="2" hai0="77,21,120,106,5,52,11,37,95,49,116,119,114" hai1="47,91,4,122,13,6,65,34,45,133,88,61,67" hai2="117,64,100,90,96,46,43,1,59,54,44,15,9" hai3="50,135,115,48,71,125,26,80,66,85,19,23,69"/><V76/><F1/><W84/><G115/><T38/><D106/><U118/><E13/><V113/><F113/><W109/><G109/><T126/><D114/><U72/><E61/><V56/><F76/><W110/><G110/><T121/><D77/><U107/><E34/><V79/><F117/><N who="0" m="45130" /><D21/><U124/><E118/><V102/><F79/><W130/><G23/><T101/><D95/><U75/><E107/><V40/><F90/><W70/><G80/><T58/><D101/><N who="2" m="39018" /><F96/><W87/><G87/><T3/><D126/><U22/><E22/><V74/><F64/><W111/><G66/><T123/><AGARI ba="0,0" hai="3,5,11,37,38,49,52,58,120,121,123" m="45130" machi="123" ten="40,8000,1" yaku="12,1,52,3,54,1" doraHai="112" who="0" fromWho="0" sc="282,80,254,-20,232,-40,232,-20" /><INIT seed="3,0,0,4,4,47" ten="362,234,192,212" oya="3" hai0="126,81,100,119,0,96,78,13,51,124,106,58,64" hai1="112,66,2,101,10,133,42,130,9,99,90,131,22" hai2="36,80,33,93,11,19,75,5,16,28,134,89,24" hai3="91,50,32,107,85,61,135,67,45,79,25,68,38"/><W77/><G107/><T120/><D0/><U70/><E112/><V60/><F36/><W59/><G135/><T122/><D119/><U31/><E90/><V29/><F134/><W23/><G32/><T7/><D13/><U55/><E42/><V48/><F29/><W114/><G68/><T110/><D7/><U37/><E37/><V71/><F71/><W113/><G38/><T63/><D51/><U20/><E55/><V87/><F60/><W14/><G14/><T4/><D4/><U74/><E74/><V56/><F75/><W21/><G113/><T18/><D18/><U104/><E2/><V128/><F128/><N who="1" m="49193" /><E133/><V12/><REACH who="2" step="1"/><F80/><REACH who="2" ten="362,234,182,212" step="2"/><N who="3" m="49575" /><G114/><T17/><D120/><U26/><E70/><V27/><F27/><W41/><G21/><T54/><D122/><U1/><E22/><V73/><F73/><W53/><G67/><T116/><D64/><U72/><E66/><V57/><F57/><W115/><G115/><T111/><D116/><U52/><E72/><V132/><F132/><W76/><G23/><T40/><D81/><U98/><E20/><V102/><F102/><W105/><G105/><T125/><D106/><U88/><E101/><V69/><F69/><W46/><G25/><T49/><D100/><U94/><E26/><V3/><F3/><W82/><G82/><T34/><D124/><U65/><E1/><V43/><F43/><W129/><G129/><T30/><D125/><U117/><E65/><V109/><F109/><W95/><G95/><T86/><D126/><U83/><E94/><V39/><F39/><N who="3" m="21695" /><G61/><T127/><D127/><U108/><E108/><RYUUKYOKU ba="0,1" sc="362,-15,234,-15,182,15,212,15" hai2="5,11,12,16,19,24,28,33,48,56,87,89,93" hai3="46,50,53,59,76,77,79" /><INIT seed="3,1,1,0,2,100" ten="347,219,197,227" oya="3" hai0="61,93,75,42,41,13,58,91,43,54,3,111,31" hai1="2,59,129,102,105,134,26,81,107,17,12,1,63" hai2="35,132,23,79,56,120,71,65,25,36,110,22,51" hai3="78,10,30,104,97,83,130,122,82,133,76,14,126"/><W115/><G122/><T15/><D3/><U87/><E26/><V69/><F36/><W46/><G115/><T85/><D75/><U6/><E129/><V29/><F110/><W74/><G130/><T18/><D111/><U19/><E134/><V84/><F132/><W21/><G133/><T64/><D31/><U8/><E102/><V28/><F120/><W92/><G104/><T68/><D18/><U47/><E47/><V24/><F35/><W131/><G131/><T20/><D20/><U44/><E44/><V77/><F51/><W116/><G46/><T101/><REACH who="0" step="1"/><D101/><REACH who="0" ten="337,219,197,227" step="2"/><U106/><E2/><V95/><F95/><W33/><G21/><T90/><D90/><U53/><REACH who="1" step="1"/><E1/><REACH who="1" ten="337,209,197,227" step="2"/><V5/><F77/><AGARI ba="1,3" hai="6,8,12,17,19,53,59,63,77,81,87,105,106,107" machi="77" ten="40,12000,2" yaku="1,1,2,1,52,3,53,1" doraHai="100" doraHaiUra="0" who="1" fromWho="2" sc="337,0,209,153,197,-123,227,0" /><INIT seed="4,0,0,1,3,18" ten="337,362,74,227" oya="0" hai0="85,60,88,109,121,125,73,37,102,99,68,129,40" hai1="115,36,77,28,123,80,44,134,57,78,79,45,94" hai2="87,101,51,27,104,54,133,23,3,128,98,71,122" hai3="106,12,11,112,6,135,70,32,100,74,63,113,95"/><T105/><D121/><U13/><E123/><V76/><F122/><W47/><G74/><T119/><D119/><U16/><E134/><V21/><F3/><W43/><G106/><T59/><D68/><U66/><E115/><V19/><F71/><W82/><G32/><T9/><D73/><U86/><E28/><V1/><F1/><W0/><G135/><T91/><D125/><U84/><E94/><V52/><F133/><W55/><G0/><T2/><D129/><U14/><E14/><V26/><F128/><W61/><G82/><T118/><D118/><U89/><E36/><V25/><F25/><W64/><G61/><T75/><D75/><U67/><E86/><V42/><F42/><W33/><G55/><T83/><D109/><U127/><E127/><V17/><F51/><W69/><G69/><T107/><D37/><U34/><E34/><V96/><F96/><W31/><G31/><T5/><D40/><U124/><E57/><V46/><F46/><N who="1" m="18025" /><E124/><V97/><F98/><W41/><G33/><T126/><D126/><U4/><E4/><V103/><F101/><W114/><G47/><T72/><D72/><U120/><E120/><V81/><AGARI ba="0,0" hai="17,19,21,23,26,27,52,54,76,81,87,97,103,104" machi="81" ten="30,8000,1" yaku="0,1,9,1,52,2,54,1" doraHai="18" who="2" fromWho="2" sc="337,-40,362,-20,74,80,227,-20" /><INIT seed="5,0,0,1,5,90" ten="297,342,154,207" oya="1" hai0="107,70,27,81,11,14,45,34,96,28,73,3,8" hai1="102,25,72,76,108,112,33,97,31,118,13,53,122" hai2="92,111,99,86,113,79,20,17,0,105,39,115,88" hai3="82,43,29,56,104,5,37,133,23,128,9,74,94"/><U59/><E122/><V80/><F0/><W91/><G104/><T1/><D70/><U15/><E118/><V131/><F39/><W116/><G116/><T16/><D11/><U36/><E36/><V134/><F134/><W75/><G128/><T132/><D132/><U63/><E112/><N who="2" m="43083" /><F105/><W83/><G43/><T4/><D107/><U7/><E7/><V2/><F2/><W100/><G100/><T127/><D127/><U65/><E108/><V123/><F131/><W78/><G82/><T77/><D96/><U22/><E33/><V119/><F119/><W19/><G29/><T114/><D114/><U87/><E72/><V35/><F35/><W69/><G69/><T62/><D62/><U10/><E10/><V64/><F64/><W18/><G74/><T42/><REACH who="0" step="1"/><D4/><REACH who="0" ten="287,342,154,207" step="2"/><U117/><E63/><V130/><F130/><W61/><G5/><T21/><D21/><U103/><E22/><V110/><F123/><W106/><G106/><T129/><D129/><U124/><E124/><V44/><F44/><W85/><G23/><T24/><D24/><AGARI ba="0,1" hai="17,20,24,79,80,86,88,92,99,110,111" m="43083" machi="24" ten="30,7700,0" yaku="15,1,11,1,52,1,54,1" doraHai="90" who="2" fromWho="0" sc="287,-77,342,0,154,87,207,0" /><INIT seed="6,0,0,1,2,34" ten="210,342,241,207" oya="2" hai0="114,10,116,126,85,121,54,119,135,13,118,74,123" hai1="84,56,108,97,2,44,40,122,113,80,3,79,76" hai2="24,78,89,38,25,68,87,104,35,43,93,90,70" hai3="110,95,37,29,109,46,131,71,59,112,86,65,26"/><V94/><F104/><W124/><G124/><T27/><D74/><U5/><E108/><V23/><F78/><W102/><G131/><T130/><D130/><U115/><E122/><N who="0" m="46601" /><D126/><U132/><E132/><V69/><F35/><W62/><G71/><T107/><D107/><U55/><E97/><V91/><F23/><N who="3" m="15583" /><G86/><T111/><D135/><U72/><E84/><V125/><F125/><W66/><G66/><T19/><D85/><U63/><E76/><V30/><F30/><W106/><G106/><T83/><D83/><U12/><E12/><V134/><F134/><W33/><G33/><T98/><D98/><U32/><E32/><V100/><F100/><W7/><G7/><T51/><D111/><U67/><E67/><V14/><F14/><W64/><G64/><T48/><D114/><N who="1" m="43531" /><E5/><V22/><F87/><W21/><G21/><N who="0" m="13759" /><D54/><U1/><E1/><V133/><F133/><W128/><G128/><T61/><D61/><U0/><E0/><V6/><F6/><AGARI ba="0,0" hai="6,10,13,48,51,116,118,119" m="13759,46601" machi="6" ten="40,1300,0" yaku="12,1" doraHai="34" who="0" fromWho="2" sc="210,13,342,0,241,-13,207,0" /><INIT seed="7,0,0,5,1,46" ten="223,342,228,207" oya="3" hai0="5,15,59,27,130,61,35,110,29,49,62,4,89" hai1="66,123,100,58,28,36,81,72,31,118,12,51,121" hai2="9,10,43,22,105,42,11,56,114,94,70,96,119" hai3="45,63,125,85,128,6,74,75,34,91,127,55,80"/><W112/><G34/><T17/><D110/><U48/><E58/><V30/><F70/><W23/><G112/><T39/><D39/><U77/><E66/><V2/><F2/><W65/><G128/><T21/><D130/><U47/><E100/><V8/><F105/><W14/><G6/><T109/><D109/><U78/><E12/><V52/><F114/><W124/><G14/><T82/><D49/><U83/><E47/><V92/><F8/><W97/><G23/><N who="0" m="15615" /><D61/><U98/><E98/><V106/><F106/><W37/><G97/><T41/><D41/><N who="2" m="15370" /><F119/><W126/><N who="3" m="31744" /><DORA hai="69" /><W44/><G37/><T93/><D82/><U60/><E60/><N who="2" m="35847" /><F96/><W73/><REACH who="3" step="1"/><G55/><REACH who="3" ten="223,342,228,197" step="2"/><N who="0" m="34175" /><D35/><U57/><E36/><V13/><F13/><W71/><AGARI ba="0,1" hai="44,45,63,65,71,73,74,75,80,85,91" m="31744" machi="71" ten="70,12000,1" yaku="1,1,0,1,18,1,53,0" doraHai="46,69" doraHaiUra="53,54" who="3" fromWho="3" sc="223,-40,342,-40,228,-40,197,130" owari="183,-32.0,302,10.0,188,-21.0,327,43.0" /></mjloggm>