<mjloggm ver="2.3"><GO type="41" lobby="0"/><UN n0="%E5%B0%B1%E6%B4%BB%E7%94%9F%40%E5%B7%9D%E6%9D%91%E8%BB%8D%E5%9B%A3" n1="%E3%81%8D%E3%81%A9%E3%82%82%E9%9B%80%E9%BA%BB%E3%81%AF%E9%B3%B3%E5%A4%A9" n2="%E3%83%95%E3%82%A7%E3%82%A4%E3%83%88%E3%81%A1%E3%82%83%E3%82%93" n3="%E6%99%82%E3%82%92%E5%88%BB%E3%82%80%E5%94%84" dan="15,13,14,16" rate="1982.63,1892.89,2031.19,2083.54" sx="M,F,M,F"/><TAIKYOKU oya="0"/><INIT seed="0,0,0,0,1,112" ten="250,250,250,250" oya="0" hai0="3,66,132,0,20,64,88,47,71,87,8,12,95" hai1="53,91,38,28,117,11,121,58,49,45,37,1,86" hai2="27,74,135,56,108,116,15,9,42,63,84,96,22" hai3="122,34,114,46,100,92,101,130,67,41,119,21,77"/><T13/><D132/><U104/><E121/><V36/><F74/><W109/><G34/><T70/><D70/><U4/><E104/><V82/><F108/><W7/><G114/><T60/><D66/><U29/><E117/><V124/><F135/><W83/><G119/><T120/><D120/><U80/><REACH who="1" step="1"/><E45/><REACH who="1" ten="250,240,250,250" step="2"/><V51/><F116/><W50/><G46/><T115/><D115/><U93/><E93/><V126/><F124/><W75/><G92/><T25/><D47/><U111/><E111/><V55/><F126/><W89/><G109/><T24/><D24/><U57/><E57/><V48/><F27/><W113/><G122/><T78/><D78/><U6/><E6/><V40/><F56/><W118/><G7/><T44/><D44/><U98/><E98/><V68/><F68/><W26/><G77/><T131/><D131/><U17/><E17/><V43/><F36/><AGARI ba="0,1" hai="1,4,11,28,29,36,37,38,49,53,58,80,86,91" machi="36" ten="40,1300,0" yaku="1,1,53,0" doraHai="112" doraHaiUra="61" who="1" fromWho="2" sc="250,0,240,23,250,-13,250,0" /><INIT seed="1,0,0,0,3,54" ten="250,263,237,250" oya="1" hai0="92,29,64,49,82,134,104,56,63,133,37,5,22" hai1="74,95,98,121,32,31,80,114,113,100,7,108,34" hai2="43,58,99,48,124,105,16,129,23,76,53,93,70" hai3="15,9,120,2,1,33,81,79,69,127,45,112,60"/><U25/><E121/><V3/><F105/><W42/><G33/><T13/><D104/><U132/><E34/><V30/><F3/><W109/><G112/><T44/><D37/><U51/><E132/><V46/><F70/><W20/><G20/><T122/><D122/><U84/><E7/><V0/><F0/><W11/><G11/><T78/><D92/><U77/><E51/><V14/><F129/><W96/><G96/><T126/><D126/><U118/><E108/><V125/><F76/><W61/><G127/><N who="2" m="48713" /><F30/><W103/><G103/><T68/><D68/><U6/><E6/><V116/><F116/><W83/><G83/><T52/><D29/><U12/><E12/><V128/><F128/><W66/><G61/><T106/><D106/><U67/><E67/><V86/><F86/><W27/><G27/><T91/><D91/><N who="1" m="53735" /><E118/><V115/><F115/><W62/><G62/><T18/><REACH who="0" step="1"/><D5/><REACH who="0" ten="240,263,237,250" step="2"/><U35/><E35/><V72/><F93/><W131/><G120/><T85/><AGARI ba="0,1" hai="13,18,22,44,49,52,56,63,64,78,82,85,133,134" machi="85" ten="30,8000,1" yaku="1,1,2,1,0,1,52,1,54,1,53,0" doraHai="54" doraHaiUra="110" who="0" fromWho="0" sc="240,90,263,-40,237,-20,250,-20" /><INIT seed="2,0,0,2,0,53" ten="330,223,217,230" oya="2" hai0="31,41,129,12,99,47,59,71,48,25,30,66,37" hai1="76,29,104,43,84,67,61,95,93,112,107,82,128" hai2="16,44,119,23,108,86,7,65,60,58,121,6,63" hai3="26,109,0,57,120,114,131,1,117,56,106,85,32"/><V34/><F119/><W83/><G117/><T113/><D113/><U78/><E43/><V64/><F121/><W35/><G106/><N who="1" m="40490" /><E29/><V62/><F34/><W55/><G120/><T10/><D129/><U94/><E67/><V8/><F108/><W4/><G109/><T134/><D134/><U88/><E61/><N who="2" m="23659" /><F64/><W36/><G36/><T125/><D71/><U24/><E24/><N who="2" m="14439" /><F8/><W52/><G131/><T100/><D66/><U14/><E14/><V111/><F111/><W80/><G85/><T9/><D9/><U51/><E51/><V79/><F44/><W123/><G123/><T28/><D125/><U42/><E42/><V2/><F2/><W27/><REACH who="3" step="1"/><G4/><REACH who="3" ten="330,223,217,220" step="2"/><T19/><D37/><U115/><E128/><V38/><F38/><W110/><G110/><T116/><D116/><U92/><E115/><AGARI ba="0,1" hai="0,1,26,27,32,35,52,55,56,57,80,83,114,115" machi="115" ten="25,16000,3" yaku="1,1,22,2,52,2,54,1,53,2" doraHai="53" doraHaiUra="50" who="3" fromWho="1" sc="330,0,223,-160,217,0,220,170" /><INIT seed="3,0,0,4,1,133" ten="330,63,217,390" oya="3" hai0="22,94,107,64,8,58,30,21,63,116,74,9,100" hai1="127,113,17,20,126,90,31,131,38,89,55,103,104" hai2="81,105,35,13,7,118,67,18,65,79,32,93,29" hai3="47,108,91,120,26,33,0,57,60,48,71,51,123"/><W59/><G0/><T122/><D107/><U49/><E38/><V86/><F105/><W25/><G91/><T56/><D74/><U23/><E113/><V34/><F118/><W96/><G96/><N who="0" m="59415" /><D122/><U121/><E121/><V73/><F29/><W114/><G60/><N who="0" m="37895" /><D116/><U135/><E135/><V50/><F7/><W70/><G47/><T95/><D95/><U98/><E131/><V42/><F93/><W52/><G33/><T84/><D84/><U15/><E31/><V82/><F50/><W53/><REACH who="3" step="1"/><G108/><REACH who="3" ten="330,63,217,380" step="2"/><T44/><D44/><N who="1" m="28071" /><E23/><N who="0" m="8713" /><D30/><U62/><E62/><V24/><F34/><W43/><G43/><T130/><D130/><U77/><E77/><V106/><F42/><W11/><G11/><T97/><D97/><U66/><E66/><AGARI ba="0,1" hai="8,9,58,63,66" m="8713,37895,59415" machi="66" ten="30,1000,0" yaku="8,1" doraHai="133" who="0" fromWho="1" sc="330,20,63,-10,217,0,380,0" /><INIT seed="4,0,0,5,1,0" ten="350,53,217,380" oya="0" hai0="84,42,19,56,3,70,109,103,44,25,43,90,66" hai1="53,101,102,36,76,122,134,121,10,131,48,20,128" hai2="74,26,63,34,60,16,62,2,9,52,32,57,126" hai3="120,35,135,98,125,64,87,119,39,23,85,100,47"/><T133/><D70/><U88/><E36/><V130/><F74/><W33/><G119/><T77/><D3/><U1/><E20/><V69/><F130/><N who="1" m="49705" /><E76/><V40/><F40/><W78/><G64/><T38/><D109/><U127/><E127/><V21/><F126/><W30/><G125/><T58/><D133/><U93/><E134/><V113/><F113/><W81/><G135/><T94/><D42/><U80/><E80/><V65/><REACH who="2" step="1"/><F62/><REACH who="2" ten="350,53,207,380" step="2"/><W118/><G120/><N who="1" m="46186" /><E10/><V108/><F108/><W45/><G118/><T29/><D43/><U89/><E1/><V13/><F13/><W24/><G39/><T14/><D14/><U46/><E89/><V4/><AGARI ba="0,1" hai="2,4,9,16,21,26,32,34,52,57,60,63,65,69" machi="4" ten="30,8000,1" yaku="1,1,0,1,52,1,54,2,53,0" doraHai="0" doraHaiUra="41" who="2" fromWho="2" sc="350,-40,53,-20,207,90,380,-20" /><INIT seed="5,0,0,4,2,3" ten="310,33,297,360" oya="1" hai0="105,25,119,15,115,118,112,130,10,47,45,49,84" hai1="48,28,58,32,14,75,37,41,46,52,27,128,67" hai2="134,90,43,104,22,71,94,122,33,61,81,80,107" hai3="124,38,7,113,109,79,69,135,59,95,86,66,114"/><U18/><E128/><V68/><F33/><W125/><G38/><T54/><D105/><U1/><E1/><V31/><F122/><W123/><G123/><T100/><D100/><U93/><E93/><V16/><F31/><W117/><G109/><T56/><D130/><U53/><E75/><V29/><F29/><W51/><G135/><T89/><D25/><U108/><E108/><V2/><F2/><W78/><G69/><T83/><D47/><U97/><E97/><V6/><F6/><W64/><G7/><T74/><D56/><U98/><E98/><V77/><F43/><W24/><G24/><T50/><D50/><U127/><E127/><N who="3" m="48714" /><G117/><T13/><D13/><U55/><REACH who="1" step="1"/><E67/><REACH who="1" ten="310,23,297,360" step="2"/><V72/><F94/><W23/><G66/><T11/><D74/><U132/><E132/><V85/><F134/><W63/><G95/><T102/><D102/><U34/><E34/><V129/><F129/><W8/><G64/><T9/><D119/><U103/><E103/><V5/><F72/><W99/><G99/><T110/><D110/><U88/><E88/><V91/><F91/><W60/><G79/><T12/><D118/><U87/><E87/><V106/><F77/><W26/><G78/><T42/><D89/><U82/><E82/><V116/><F81/><W20/><G86/><T36/><D84/><U70/><E70/><V131/><F116/><W0/><G0/><T126/><D83/><U133/><E133/><V35/><F131/><W19/><G113/><N who="0" m="43595" /><D126/><U21/><AGARI ba="0,1" hai="14,18,21,27,28,32,37,41,46,48,52,53,55,58" machi="21" ten="20,7800,0" yaku="1,1,0,1,7,1,54,1,53,0" doraHai="3" doraHaiUra="57" who="1" fromWho="1" sc="310,-26,23,88,297,-26,360,-26" /><INIT seed="5,1,0,0,0,78" ten="284,111,271,334" oya="1" hai0="79,125,63,107,72,128,133,28,71,85,55,76,41" hai1="57,96,23,25,9,118,43,30,10,13,69,29,46" hai2="122,95,47,99,115,90,110,19,4,0,91,50,40" hai3="94,87,97,68,48,111,6,12,62,86,45,120,38"/><U16/><E118/><V114/><F110/><W127/><G38/><T121/><D72/><U11/><E69/><V101/><F122/><W103/><G120/><T105/><D41/><U59/><E96/><V126/><F126/><W119/><G111/><T130/><D121/><U88/><E30/><V70/><F70/><W8/><G127/><T33/><D125/><U123/><E123/><V15/><F4/><W36/><G36/><T100/><D133/><U64/><E64/><V80/><F0/><W65/><REACH who="3" step="1"/><G119/><REACH who="3" ten="284,111,271,324" step="2"/><T49/><D128/><U53/><E59/><V52/><F115/><W2/><G2/><T109/><D130/><U17/><E17/><V98/><F114/><W1/><G1/><T92/><D109/><U89/><E11/><V44/><F19/><W83/><G83/><T104/><D28/><U60/><REACH who="1" step="1"/><E10/><REACH who="1" ten="284,101,271,324" step="2"/><V42/><F44/><W51/><G51/><AGARI ba="1,2" hai="9,13,16,23,25,29,43,46,51,53,57,60,88,89" machi="51" ten="30,18000,2" yaku="1,1,2,1,7,1,8,1,54,2,53,1" doraHai="78" doraHaiUra="26" who="1" fromWho="3" sc="284,0,101,203,271,0,324,-183" /><INIT seed="5,2,0,0,3,2" ten="284,304,271,141" oya="1" hai0="117,88,69,72,50,26,105,129,56,3,61,19,0" hai1="1,59,63,130,92,118,127,87,20,33,23,5,29" hai2="126,82,31,95,133,90,25,42,15,94,100,52,93" hai3="28,97,40,75,12,53,64,77,83,101,45,38,44"/><U27/><E118/><V35/><F133/><W55/><G64/><T46/><D72/><U112/><E112/><V37/><F126/><W4/><G28/><T135/><D105/><U120/><E120/><V125/><F125/><W57/><G45/><T18/><D117/><U128/><E127/><V43/><F100/><W102/><G57/><T80/><D69/><U10/><E92/><V6/><F37/><W16/><G4/><T86/><D135/><U54/><REACH who="1" step="1"/><E87/><REACH who="1" ten="284,294,271,141" step="2"/><V96/><F94/><W41/><G41/><T99/><D129/><AGARI ba="2,1" hai="1,5,10,20,23,27,29,33,54,59,63,128,129,130" machi="129" ten="40,12000,1" yaku="1,1,2,1,19,1,52,1,53,1" doraHai="2" doraHaiUra="58" who="1" fromWho="0" sc="284,-126,294,136,271,0,141,0" /><INIT seed="5,3,0,4,5,124" ten="158,430,271,141" oya="1" hai0="7,70,103,50,26,100,57,132,37,44,38,11,47" hai1="3,54,98,129,128,134,56,34,123,120,55,45,42" hai2="64,75,48,29,15,108,89,87,117,69,58,14,23" hai3="121,2,107,49,67,39,118,135,77,82,36,35,106"/><U46/><E3/><V73/><F108/><W30/><G49/><T102/><D70/><U9/><E34/><V126/><F117/><W104/><G121/><N who="1" m="46666" /><E9/><V63/><F126/><W99/><G135/><T60/><D132/><U6/><E6/><V20/><F69/><W119/><G99/><T92/><D26/><U83/><E134/><V127/><F48/><W8/><G67/><T93/><D38/><N who="3" m="14377" /><G30/><T113/><D37/><N who="1" m="21711" /><E98/><V130/><F127/><W1/><G35/><T59/><D113/><U12/><E83/><V80/><F73/><N who="3" m="43311" /><G8/><T28/><D28/><U105/><E105/><N who="3" m="26882" /><W85/><DORA hai="94" /><G85/><T76/><D76/><U18/><E18/><V4/><F75/><W53/><G53/><N who="1" m="19978" /><E12/><V72/><F72/><W17/><G17/><T33/><D33/><U52/><E46/><N who="0" m="17449" /><D11/><U122/><E122/><V21/><F29/><W91/><G91/><T16/><D16/><U5/><E5/><V40/><F4/><W84/><G84/><T41/><D7/><U68/><E68/><V13/><F40/><W95/><G95/><T81/><D93/><U27/><E27/><V116/><F15/><W110/><G1/><T115/><D92/><U111/><E111/><V66/><F14/><W0/><G110/><T109/><D109/><U97/><E97/><V88/><F13/><W62/><G0/><T101/><D115/><U61/><AGARI ba="3,0" hai="52,56,61,128,129" m="19978,21711,46666" machi="61" ten="30,12000,1" yaku="34,2,52,2,54,1" doraHai="124,94" who="1" fromWho="1" sc="158,-43,430,129,271,-43,141,-43" /><INIT seed="5,4,0,1,3,32" ten="115,559,228,98" oya="1" hai0="121,25,14,17,73,116,79,110,64,31,122,2,123" hai1="5,56,6,26,102,84,1,3,112,76,63,43,105" hai2="33,119,70,12,113,91,58,60,133,27,87,128,98" hai3="15,54,22,89,77,30,18,13,108,36,24,95,42"/><U69/><E112/><V103/><F119/><W99/><G108/><T100/><D100/><U111/><E69/><V23/><F113/><W131/><G131/><T83/><D110/><U0/><E111/><V28/><F133/><W4/><G36/><T96/><D116/><U130/><E43/><V10/><F128/><W81/><G42/><T51/><D96/><U7/><E130/><V47/><F47/><W115/><G115/><T57/><D2/><U106/><E102/><V93/><F70/><W66/><G66/><T97/><D97/><U34/><E34/><V90/><F87/><W35/><G54/><T48/><D57/><U135/><E135/><V44/><F44/><W132/><G132/><T86/><D64/><U125/><E125/><V117/><F33/><W71/><G71/><T21/><REACH who="0" step="1"/><D73/><REACH who="0" ten="105,559,228,98" step="2"/><U78/><E84/><V52/><F117/><W62/><G62/><T80/><D80/><U126/><E126/><V11/><F103/><W20/><G81/><T49/><D49/><U39/><E39/><V74/><F74/><W19/><G77/><T37/><D37/><U94/><E76/><V67/><F67/><W9/><REACH who="3" step="1"/><G35/><AGARI ba="4,1" hai="14,17,21,25,31,35,48,51,79,83,86,121,122,123" machi="35" ten="40,2600,0" yaku="1,1,13,1,53,0" doraHai="32" doraHaiUra="124" who="0" fromWho="3" sc="105,48,559,0,228,0,98,-38" /><INIT seed="6,0,0,3,5,14" ten="153,559,228,60" oya="2" hai0="62,81,110,29,72,87,95,102,125,1,11,89,77" hai1="114,22,9,104,47,85,4,98,128,46,79,103,44" hai2="134,57,93,17,49,118,119,133,12,80,24,92,130" hai3="10,131,37,101,97,32,127,78,7,132,26,33,39"/><V48/><F24/><W15/><G131/><T99/><D110/><U34/><E128/><V31/><F31/><W74/><G132/><N who="2" m="50793" /><F80/><W2/><G127/><T70/><D125/><U67/><E34/><V115/><F130/><W86/><G86/><T109/><D109/><U6/><E67/><V40/><F115/><W50/><G50/><N who="2" m="19561" /><F57/><W82/><G15/><T69/><D29/><U90/><E114/><V111/><F40/><W21/><G33/><T126/><D62/><U112/><E112/><V38/><F38/><W68/><G68/><T122/><D122/><U73/><E73/><V105/><F105/><W8/><G10/><T45/><D45/><U100/><E100/><V71/><F71/><W13/><G13/><T116/><D116/><N who="2" m="44586" /><F111/><W64/><G64/><T51/><D51/><U28/><E104/><V36/><F36/><W23/><G32/><T123/><D123/><U55/><E28/><V63/><F63/><W91/><G26/><T135/><D135/><U20/><E44/><V41/><F41/><W117/><G117/><T43/><D43/><U75/><E46/><V65/><F65/><W16/><G39/><T108/><D108/><U96/><E47/><V18/><F12/><N who="3" m="7175" /><G37/><T60/><D60/><U35/><E35/><V106/><F106/><N who="3" m="63791" /><G91/><T83/><D126/><U25/><E90/><V107/><F107/><W88/><G88/><T66/><D66/><U61/><E25/><V84/><F84/><W124/><G124/><T129/><D129/><U94/><E85/><V121/><F121/><W0/><G0/><T19/><D1/><U113/><E113/><RYUUKYOKU ba="0,0" sc="153,10,559,-30,228,10,60,10" hai0="11,19,69,70,72,77,81,83,87,89,95,99,102" hai2="17,18,92,93" hai3="2,7,21,23,74,78,82" /><INIT seed="6,1,0,3,4,103" ten="163,529,238,70" oya="2" hai0="52,109,33,3,76,9,90,95,45,1,108,69,115" hai1="22,114,48,53,127,113,75,135,12,4,73,118,120" hai2="128,57,100,47,49,99,125,79,78,17,7,98,107" hai3="64,21,110,89,44,65,32,119,23,80,66,86,81"/><V116/><F116/><W68/><G119/><T15/><D115/><N who="1" m="44043" /><E118/><V101/><F128/><W131/><G32/><T83/><D69/><U36/><E36/><V56/><F7/><W27/><G110/><T71/><D71/><U60/><E60/><V58/><F17/><W129/><G68/><T134/><D134/><U126/><E135/><V31/><F31/><W91/><G44/><T8/><D8/><N who="1" m="4103" /><E22/><V88/><F125/><N who="1" m="47625" /><E120/><V82/><F82/><W124/><G124/><T93/><D93/><U63/><E63/><V29/><F29/><W62/><G62/><T28/><D33/><U43/><E43/><V13/><F13/><W122/><G122/><T87/><D3/><U38/><E38/><V11/><F11/><W10/><G10/><T35/><D35/><U41/><E41/><V102/><F101/><W6/><G6/><T61/><D1/><U42/><E42/><V46/><F49/><W121/><G121/><T5/><D109/><U40/><E40/><V106/><F57/><AGARI ba="1,0" hai="48,53,57,73,75" m="47625,4103,44043" machi="57" ten="30,2000,0" yaku="15,1,18,1" doraHai="103" who="1" fromWho="2" sc="163,0,529,23,238,-23,70,0" /><INIT seed="7,0,0,4,4,32" ten="163,552,215,70" oya="3" hai0="14,131,24,33,73,127,4,15,101,123,27,104,44" hai1="107,10,88,13,76,5,59,83,96,97,47,129,116" hai2="87,53,0,26,42,122,54,12,11,114,70,82,69" hai3="118,100,102,39,109,65,85,94,55,45,62,133,120"/><W81/><G118/><T28/><D73/><U22/><E129/><V35/><F0/><W78/><G120/><T90/><D123/><U121/><E121/><V126/><F122/><W128/><G128/><T115/><D131/><U25/><E116/><V41/><F114/><W106/><G133/><T2/><D127/><U36/><E107/><V21/><F35/><W56/><G109/><T52/><D101/><U134/><E134/><V34/><F34/><W7/><G106/><T58/><D104/><U75/><E59/><V72/><F72/><W19/><G7/><T9/><D115/><U84/><E47/><V17/><F69/><W95/><G39/><T105/><D105/><U98/><E36/><V130/><F70/><W48/><REACH who="3" step="1"/><G19/><REACH who="3" ten="163,552,215,60" step="2"/><T67/><D4/><U99/><E99/><V30/><F130/><W64/><G64/><T49/><D33/><U8/><E75/><V18/><F18/><W92/><AGARI ba="0,1" hai="45,48,55,56,62,65,78,81,85,92,94,95,100,102" machi="92" ten="30,6000,0" yaku="1,1,0,1,8,1,53,0" doraHai="32" doraHaiUra="66" who="3" fromWho="3" sc="163,-20,552,-20,215,-20,60,70" /><INIT seed="7,1,0,3,1,7" ten="143,532,195,130" oya="3" hai0="58,66,59,119,85,75,95,73,22,88,19,72,63" hai1="76,100,33,109,32,60,125,8,48,65,29,15,2" hai2="110,91,30,51,105,83,12,98,104,133,135,16,128" hai3="6,0,132,41,54,38,11,129,52,120,45,71,108"/><W13/><G120/><T36/><D119/><U25/><E109/><V5/><F110/><W111/><G108/><T26/><REACH who="0" step="1"/><D36/><REACH who="0" ten="133,532,195,130" step="2"/><U118/><E125/><V80/><F135/><W78/><G111/><T81/><D81/><U77/><E118/><V97/><F80/><W131/><G132/><T74/><N who="0" m="18944" /><DORA hai="70" /><T21/><D21/><U20/><E100/><V44/><F83/><W46/><G78/><T107/><D107/><U39/><E39/><V1/><F105/><W96/><G71/><AGARI ba="1,1" hai="19,22,26,58,59,63,66,71,85,88,95" m="18944" machi="71" ten="70,8000,1" yaku="1,1,54,1,53,1" doraHai="7,70" doraHaiUra="62,28" who="0" fromWho="3" sc="133,93,532,0,195,0,130,-83" owari="226,3.0,532,62.0,195,-20.0,47,-45.0" /></mjloggm>