<mjloggm ver="2.3"><GO type="193" lobby="0"/><UN n0="%E3%82%81%E3%82%93%E3%81%BE%E3%82%84%E3%82%8F%E3%82%89%E3%81%8E" n1="%E3%83%88%E3%83%88%E3%83%AA%E5%85%88%E7%94%9F%31%39%E6%AD%B3" n2="%69%70%6F%6E" n3="%E7%B6%BE%E2%98%86%E5%A5%88" dan="12,12,11,13" rate="1709.03,1954.15,1593.96,1727.97" sx="M,F,M,M"/><TAIKYOKU oya="0"/><INIT seed="0,0,0,4,5,70" ten="250,250,250,250" oya="0" hai0="73,30,23,54,0,71,46,51,74,135,69,98,48" hai1="50,34,66,27,36,90,95,39,41,60,1,128,75" hai2="2,16,100,25,85,79,118,102,63,130,33,76,3" hai3="55,17,113,110,32,122,115,82,132,83,5,77,10"/><T9/><D135/><U11/><E75/><V120/><F118/><W99/><G32/><T57/><D98/><U107/><E107/><V116/><F120/><W8/><G122/><T84/><D71/><U21/><E34/><V129/><F116/><W7/><G132/><T64/><D69/><U35/><E35/><V47/><F47/><W89/><G110/><T94/><D94/><U131/><E50/><V105/><F105/><W108/><G108/><T117/><D117/><U112/><E41/><V119/><F119/><W14/><G55/><T87/><D74/><U103/><E112/><V114/><F114/><W26/><G26/><T65/><D73/><U106/><E106/><V40/><F40/><W62/><G62/><T44/><D0/><N who="2" m="42" /><F63/><W88/><G99/><T56/><D9/><U31/><E103/><N who="2" m="39467" /><F85/><W58/><G58/><T53/><D23/><U111/><E111/><V22/><F33/><W93/><G93/><T109/><D109/><U124/><E60/><V67/><F67/><W20/><G20/><T13/><D13/><U52/><E66/><V12/><F12/><W86/><G113/><T91/><D91/><U92/><E90/><V18/><F25/><W81/><G115/><T61/><D61/><U37/><E52/><V4/><F4/><W121/><G121/><T49/><D49/><U68/><E68/><V59/><F59/><W43/><G43/><T19/><D19/><N who="2" m="7210" /><F22/><W38/><G77/><AGARI ba="0,0" hai="76,77,79,129,130" m="7210,39467,42" machi="77" ten="40,5200,0" yaku="28,2,54,1" doraHai="70" who="2" fromWho="3" sc="250,0,250,0,250,52,250,-52" /><INIT seed="1,0,0,0,3,43" ten="250,250,302,198" oya="1" hai0="23,11,89,75,64,42,29,109,104,55,81,30,85" hai1="92,12,103,31,133,124,110,98,6,106,9,105,130" hai2="48,10,121,24,44,122,61,114,17,132,34,25,26" hai3="13,69,97,125,0,120,99,117,78,80,96,35,39"/><U62/><E130/><V2/><F114/><W15/><G69/><T113/><D113/><U4/><E133/><V7/><F61/><W76/><G39/><T79/><D104/><U134/><E134/><V135/><F48/><W3/><G35/><T46/><D64/><U73/><E73/><V108/><F108/><W49/><G120/><N who="2" m="46185" /><F44/><W8/><G8/><T63/><D109/><U18/><E110/><V52/><F52/><W84/><G117/><T87/><D75/><U112/><E124/><V66/><F66/><W5/><G125/><T95/><D11/><U60/><E112/><V70/><F70/><W100/><G49/><T126/><D126/><U86/><E31/><N who="2" m="19815" /><F26/><W47/><G47/><T65/><D55/><U58/><E60/><V33/><F17/><W21/><G0/><T115/><D23/><U74/><E74/><V28/><AGARI ba="0,0" hai="2,7,10,25,28,33,132,135" m="19815,46185" machi="28" ten="30,4000,0" yaku="23,1,34,2" doraHai="43" who="2" fromWho="2" sc="250,-10,250,-20,302,40,198,-10" /><INIT seed="2,0,0,5,0,102" ten="240,230,342,188" oya="2" hai0="24,0,70,69,33,55,85,51,16,21,61,107,121" hai1="47,30,59,91,44,41,104,27,68,62,84,96,14" hai2="109,31,112,103,60,54,95,57,13,39,126,29,26" hai3="110,10,124,32,9,106,114,78,2,6,40,74,88"/><V134/><F39/><W53/><G32/><T82/><D121/><U43/><E68/><V131/><F112/><W67/><G114/><T108/><D0/><U118/><E118/><V48/><F126/><W37/><G110/><T63/><D108/><U25/><E14/><V123/><F123/><W98/><G124/><T72/><D72/><U52/><E104/><V35/><F109/><W4/><G67/><T120/><D120/><U23/><E96/><V83/><F31/><W66/><G66/><T8/><D107/><U36/><E23/><V79/><F13/><W100/><G53/><T64/><D33/><U105/><E105/><V75/><F134/><W77/><G77/><T11/><D63/><U38/><REACH who="1" step="1"/><E30/><REACH who="1" ten="240,220,342,188" step="2"/><V71/><F131/><W81/><G37/><T129/><D69/><U73/><E73/><V58/><F71/><W18/><G40/><T5/><D129/><U20/><E20/><V90/><F103/><W127/><G127/><T92/><D5/><U12/><E12/><V130/><F130/><W117/><G117/><T42/><D42/><U15/><E15/><V128/><F128/><W56/><G18/><T125/><D125/><U7/><E7/><V122/><F122/><W116/><G116/><T119/><D119/><U87/><E87/><V97/><REACH who="2" step="1"/><F60/><REACH who="2" ten="240,220,332,188" step="2"/><W101/><G101/><T49/><D61/><U94/><AGARI ba="0,2" hai="25,27,36,38,41,43,44,47,52,59,62,84,91,94" machi="94" ten="20,8000,1" yaku="1,1,0,1,7,1,9,1,54,1,53,0" doraHai="102" doraHaiUra="93" who="1" fromWho="1" sc="240,-20,220,100,332,-40,188,-20" /><INIT seed="3,0,0,2,4,77" ten="220,320,292,168" oya="3" hai0="115,17,18,6,57,93,103,79,21,3,128,27,106" hai1="46,22,32,88,94,119,5,20,82,44,41,75,134" hai2="89,52,122,78,59,23,123,118,37,135,110,87,102" hai3="48,95,121,98,76,31,72,117,42,127,39,29,90"/><W131/><G117/><T112/><D106/><U133/><E119/><V96/><F37/><W116/><G121/><N who="2" m="46089" /><F118/><W107/><G116/><T0/><D128/><U49/><E32/><V19/><F135/><N who="1" m="51721" /><E5/><V92/><F110/><W84/><G39/><T10/><D57/><U14/><E14/><N who="2" m="9719" /><F78/><W34/><G34/><T61/><D61/><U114/><E114/><N who="0" m="43561" /><D79/><N who="1" m="44415" /><E46/><V71/><F71/><W35/><G35/><T124/><D93/><U11/><E11/><V108/><F108/><W132/><G131/><T101/><D103/><U69/><E69/><V56/><F52/><W81/><G132/><T28/><D101/><U8/><E8/><V91/><F91/><W120/><G127/><T54/><D54/><U111/><E111/><V97/><F97/><AGARI ba="0,0" hai="20,22,41,44,49,88,94,97" m="44415,51721" machi="97" ten="30,3900,0" yaku="20,1,52,1,54,1" doraHai="77" who="1" fromWho="2" sc="220,0,320,39,292,-39,168,0" owari="220,-18.0,359,46.0,253,5.0,168,-33.0" /></mjloggm>