<mjloggm ver="2.3"><GO type="169" lobby="0"/><UN n0="%E3%81%91%E3%82%93%31%39%37%30" n1="%E3%82%A6%E3%83%AB%E3%83%88%E3%83%A9%E7%AB%8B%E7%9B%B4" n2="%61%73%73%65%72%74%69%76" n3="%E3%81%A1%E3%82%83%E3%81%9D%E2%98%86" dan="16,17,16,17" rate="2141.64,2197.97,2155.13,2140.54" sx="M,M,M,M"/><TAIKYOKU oya="0"/><INIT seed="0,0,0,2,5,125" ten="250,250,250,250" oya="0" hai0="16,34,76,119,13,12,45,28,107,32,62,75,87" hai1="102,58,120,5,111,77,128,24,134,15,72,47,105" hai2="113,18,25,90,79,46,93,124,81,112,106,21,59" hai3="110,51,96,118,92,101,53,43,115,7,85,127,26"/><T4/><D119/><U40/><E58/><V104/><F124/><W37/><G115/><T86/><D107/><U122/><E15/><V123/><F123/><W31/><G118/><T1/><D75/><U67/><E67/><V82/><F106/><W11/><G37/><T33/><D76/><U6/><E6/><V3/><F3/><W108/><G85/><T74/><D74/><U129/><E5/><V30/><F104/><W61/><G43/><T94/><D62/><U63/><E63/><V97/><F46/><N who="3" m="27895" /><G61/><T22/><D45/><U44/><E44/><V84/><F59/><W69/><G69/><T56/><D56/><U117/><E24/><V9/><F9/><W100/><G100/><T52/><D52/><U95/><E117/><V91/><REACH who="2" step="1"/><F18/><REACH who="2" ten="250,250,240,250" step="2"/><W78/><G11/><T83/><D1/><U73/><E105/><V23/><F23/><W99/><G127/><T49/><D4/><U2/><E2/><V39/><F39/><W65/><G7/><T54/><D28/><U71/><E122/><V41/><F41/><W121/><G121/><T36/><D36/><U70/><E120/><V10/><F10/><W60/><G31/><T135/><D34/><U109/><E71/><V55/><F55/><W42/><G42/><T126/><D126/><U20/><E70/><V0/><F0/><W133/><G65/><T132/><D33/><U57/><E47/><V35/><F35/><W48/><G110/><T103/><D32/><U38/><E40/><V116/><F116/><W27/><G108/><N who="1" m="41546" /><E38/><V80/><F80/><W14/><G92/><T64/><D94/><RYUUKYOKU ba="0,1" sc="250,-10,250,-10,240,30,250,-10" hai2="21,25,30,79,81,82,84,90,91,93,97,112,113" /><INIT seed="1,1,1,4,2,129" ten="240,240,270,240" oya="1" hai0="12,118,91,64,48,94,18,95,62,76,22,98,35" hai1="32,57,124,79,33,40,105,131,80,28,20,38,110" hai2="92,13,51,46,37,55,5,11,128,31,102,77,133" hai3="106,113,89,112,90,122,52,59,10,126,8,78,19"/><U127/><E105/><V135/><F128/><W107/><G122/><T44/><D35/><U63/><E131/><V109/><F109/><W26/><G78/><T119/><D76/><U116/><E116/><V74/><F31/><W85/><G126/><N who="1" m="48170" /><E110/><V0/><F102/><W97/><G8/><T15/><D95/><U69/><E69/><V130/><F130/><W121/><G121/><T34/><D34/><U71/><E71/><V67/><F67/><W54/><G54/><T96/><D96/><U75/><E38/><V4/><F92/><N who="3" m="56471" /><G107/><T7/><D7/><U60/><E40/><V24/><F24/><W36/><G36/><T14/><D119/><U45/><E45/><V101/><F101/><W6/><G106/><T61/><D118/><U125/><N who="1" m="48178" /><U29/><DORA hai="73" /><E63/><N who="0" m="24073" /><D64/><N who="1" m="38927" /><E29/><V53/><F53/><AGARI ba="1,1" hai="12,14,15,18,22,44,48,53,91,94,98" m="24073" machi="53" ten="30,1000,0" yaku="8,1" doraHai="129,73" who="0" fromWho="2" sc="240,23,240,0,270,-13,240,0" /><INIT seed="2,0,0,0,5,22" ten="263,240,257,240" oya="2" hai0="124,135,18,76,106,20,134,16,60,117,40,112,107" hai1="25,75,78,71,132,61,70,32,130,54,11,56,86" hai2="80,110,115,17,42,111,79,65,36,33,14,13,12" hai3="34,55,108,120,94,73,128,96,126,66,109,7,57"/><V85/><F115/><W24/><G120/><T99/><D112/><U59/><E75/><V90/><F65/><W114/><G114/><T125/><D40/><U81/><E130/><V37/><F33/><W95/><G128/><T47/><D47/><U133/><E11/><V63/><F63/><N who="3" m="38255" /><G73/><T119/><D76/><U29/><REACH who="1" step="1"/><E59/><REACH who="1" ten="263,230,257,240" step="2"/><V49/><F79/><W82/><G109/><N who="2" m="41481" /><F17/><W2/><G108/><T9/><D9/><U4/><E4/><V102/><F102/><W44/><G7/><T43/><D18/><U104/><E104/><V48/><F42/><W97/><G34/><T35/><D43/><U27/><E27/><V10/><F10/><W129/><G24/><N who="0" m="14343" /><D35/><U93/><E93/><V98/><F98/><W87/><G95/><T118/><D107/><U88/><E88/><V121/><F121/><W41/><G41/><T28/><D106/><U19/><E19/><V6/><F6/><W39/><G129/><T38/><D99/><U62/><E62/><V116/><F116/><W69/><G97/><T83/><D60/><U1/><E1/><V51/><AGARI ba="0,1" hai="12,13,14,36,37,48,49,51,80,85,90" m="41481" machi="51" ten="40,3900,0" yaku="14,1,10,1" doraHai="22" who="2" fromWho="2" sc="263,-13,230,-13,257,49,240,-13" /><INIT seed="2,1,0,0,1,68" ten="250,217,306,227" oya="2" hai0="47,71,30,13,135,91,99,111,95,101,90,77,76" hai1="79,17,72,37,124,89,21,126,123,23,49,133,83" hai2="10,46,60,122,24,2,119,66,9,54,125,48,130" hai3="52,128,127,118,115,42,0,104,6,53,63,93,40"/><V94/><F119/><W38/><G104/><T65/><D30/><U51/><E133/><V117/><F122/><W12/><G118/><T15/><D135/><U113/><E113/><V97/><F117/><W33/><G115/><T57/><D71/><U100/><E100/><V35/><F125/><W92/><G127/><T82/><D111/><U22/><E123/><V103/><F130/><W109/><G33/><T11/><D15/><U59/><E17/><V131/><F131/><W102/><G109/><T85/><D77/><U31/><E31/><V69/><F2/><W87/><G0/><T116/><D116/><U5/><E5/><V78/><F78/><W28/><G28/><T74/><D47/><U18/><E18/><V134/><F134/><W14/><G63/><N who="0" m="38127" /><D74/><U41/><E89/><V27/><REACH who="2" step="1"/><F35/><REACH who="2" ten="250,217,296,227" step="2"/><W107/><G128/><T105/><D105/><U36/><E124/><V34/><F34/><W8/><G107/><T114/><D114/><U50/><E126/><V61/><F61/><W80/><G14/><T84/><D84/><U20/><N who="1" m="5120" /><DORA hai="98" /><U64/><E41/><V32/><F32/><W132/><G42/><T106/><D106/><U55/><REACH who="1" step="1"/><E64/><REACH who="1" ten="250,207,296,227" step="2"/><V4/><F4/><AGARI ba="1,2" hai="4,11,13,76,82,85,90,91,95,99,101" m="38127" machi="4" ten="30,2000,0" yaku="8,1,52,1" doraHai="68,98" who="0" fromWho="2" sc="250,43,207,0,296,-23,227,0" /><INIT seed="3,0,0,3,0,118" ten="293,207,273,227" oya="3" hai0="55,47,96,110,14,39,82,49,106,8,45,88,72" hai1="102,41,92,37,127,24,79,36,10,86,90,100,62" hai2="129,98,50,104,0,54,34,16,125,119,78,121,128" hai3="30,116,2,81,38,33,42,71,29,105,9,32,20"/><W11/><G71/><T7/><D110/><U109/><E109/><V89/><F119/><W28/><G116/><T56/><D39/><U65/><E127/><V15/><F125/><W27/><G105/><T19/><D106/><U76/><E37/><V12/><F0/><W126/><G126/><T123/><D123/><U17/><E36/><V40/><F34/><N who="3" m="13419" /><G81/><T94/><D72/><U67/><E41/><V69/><F121/><W46/><G46/><T93/><D82/><U135/><E135/><V130/><F40/><W74/><G42/><T44/><D7/><U134/><E134/><V22/><F69/><W23/><G74/><T131/><D131/><U107/><E107/><V52/><F78/><W51/><G51/><T48/><D94/><U43/><E43/><AGARI ba="0,0" hai="8,14,19,43,44,45,47,48,49,55,56,88,93,96" machi="43" ten="30,3900,0" yaku="7,1,8,1,54,1" doraHai="118" who="0" fromWho="1" sc="293,39,207,-39,273,0,227,0" /><INIT seed="4,0,0,0,3,133" ten="332,168,273,227" oya="0" hai0="10,69,114,42,120,113,58,132,128,41,90,95,78" hai1="63,119,3,16,89,73,130,9,29,62,51,18,57" hai2="31,127,0,115,118,65,117,37,48,96,97,25,56" hai3="28,66,55,33,64,75,101,106,59,34,80,93,116"/><T88/><D69/><U6/><E119/><V72/><F115/><W19/><G116/><N who="2" m="44649" /><F37/><W5/><G5/><T94/><D120/><U91/><E73/><V84/><F72/><W98/><G19/><T36/><D132/><U121/><E121/><V79/><F0/><W53/><G53/><T74/><D128/><U39/><E39/><V76/><F127/><W108/><G108/><T8/><D74/><U85/><E130/><V50/><F65/><W134/><G134/><T45/><D58/><U52/><E29/><V49/><F56/><W122/><G122/><T110/><D78/><N who="2" m="29738" /><F84/><W61/><G106/><T105/><D105/><U112/><E112/><N who="0" m="43113" /><D110/><U123/><E123/><V124/><F124/><W111/><G111/><T38/><D38/><U43/><E89/><N who="0" m="34409" /><D42/><U99/><E99/><V103/><F103/><W100/><G100/><T77/><D77/><U60/><REACH who="1" step="1"/><E43/><REACH who="1" ten="332,158,273,227" step="2"/><V135/><F135/><W54/><G75/><T1/><D1/><U2/><E2/><V46/><F46/><W87/><G98/><T107/><D107/><U23/><E23/><AGARI ba="0,1" hai="23,25,31,48,49,50,96,97" m="29738,44649" machi="23" ten="30,1000,0" yaku="12,1" doraHai="133" who="2" fromWho="1" sc="332,0,158,-10,273,20,227,0" /><INIT seed="5,0,0,1,0,132" ten="332,148,293,227" oya="1" hai0="6,122,30,119,109,107,94,129,77,90,38,43,47" hai1="45,41,15,3,116,16,2,110,29,117,11,112,13" hai2="128,92,99,58,96,52,56,0,69,53,120,23,100" hai3="60,79,84,68,97,54,25,81,115,75,123,71,7"/><U127/><E41/><V62/><F128/><W40/><G123/><T33/><D107/><U98/><E45/><V17/><F0/><N who="1" m="41" /><E98/><V20/><F69/><W124/><G40/><T61/><D129/><U93/><E93/><V14/><F120/><W88/><G115/><T108/><D77/><U78/><E78/><V130/><F130/><W118/><G118/><N who="1" m="45674" /><E112/><V48/><F99/><W64/><G7/><T9/><D122/><U18/><E110/><V126/><F126/><W67/><G124/><T89/><D89/><U35/><E127/><V101/><REACH who="2" step="1"/><F23/><REACH who="2" ten="332,148,283,227" step="2"/><W121/><G121/><T19/><D119/><U4/><E15/><V80/><F80/><W73/><G97/><T57/><D109/><U34/><E34/><V103/><AGARI ba="0,1" hai="14,17,20,48,52,53,56,58,62,92,96,100,101,103" machi="103" ten="20,8000,1" yaku="1,1,0,1,7,1,8,1,54,1,53,0" doraHai="132" doraHaiUra="87" who="2" fromWho="2" sc="332,-20,148,-40,283,90,227,-20" /><INIT seed="6,0,0,0,5,52" ten="312,108,373,207" oya="2" hai0="64,53,6,87,3,125,10,43,122,78,86,115,47" hai1="124,119,44,35,109,106,26,63,76,38,45,20,98" hai2="4,16,40,83,21,82,133,56,126,33,90,36,129" hai3="77,14,73,134,42,111,67,65,28,50,107,13,68"/><V99/><F33/><W18/><G111/><T30/><D122/><U1/><E109/><V62/><F126/><W72/><G107/><T75/><D115/><U104/><E119/><V60/><F129/><W61/><G134/><T130/><D64/><U95/><E124/><V8/><F133/><W118/><G118/><T105/><D105/><U132/><E1/><V32/><F32/><W92/><G28/><T84/><D130/><U93/><E35/><V91/><F40/><W103/><G67/><T120/><D30/><U41/><E132/><V70/><F62/><W81/><G73/><T55/><D120/><U131/><E131/><V135/><F36/><W31/><G31/><T25/><D25/><U94/><E76/><V34/><F70/><W66/><G66/><T11/><D11/><U96/><E104/><V74/><F34/><W5/><G5/><T59/><D125/><U108/><E108/><V48/><F48/><W39/><G50/><T37/><REACH who="0" step="1"/><D59/><REACH who="0" ten="302,108,373,207" step="2"/><U128/><E128/><V19/><F8/><W69/><G65/><T22/><D22/><U121/><E106/><V102/><F21/><W27/><G69/><T114/><D114/><U117/><E121/><V12/><F56/><W7/><G27/><T9/><D9/><U29/><E117/><V101/><F135/><W57/><G57/><T116/><D116/><U54/><E63/><V71/><F60/><W49/><G61/><T79/><D79/><U23/><E23/><V51/><F71/><W17/><G68/><T113/><D113/><U88/><E98/><V127/><F99/><N who="3" m="59879" /><G77/><T2/><D2/><RYUUKYOKU ba="0,1" sc="302,15,108,15,373,-15,207,-15" hai0="3,6,10,37,43,47,53,55,75,78,84,86,87" hai1="20,26,29,38,41,44,45,54,88,93,94,95,96" /><INIT seed="7,1,1,0,2,0" ten="317,123,358,192" oya="3" hai0="34,30,78,133,122,68,40,72,128,111,25,76,7" hai1="31,130,83,79,103,99,98,96,127,3,121,10,45" hai2="28,95,87,74,86,112,65,70,12,43,61,71,63" hai3="100,55,109,14,19,41,88,85,39,36,1,52,29"/><W126/><G126/><T4/><D111/><U89/><E121/><V24/><F74/><W47/><G109/><T120/><D68/><U117/><E127/><V116/><F116/><W13/><G1/><T110/><D110/><U17/><E117/><V114/><F43/><W26/><G39/><T94/><D40/><U58/><E130/><V125/><F12/><W23/><G100/><T42/><D42/><U92/><E31/><V132/><F125/><W37/><G37/><T21/><D34/><U9/><E45/><V33/><F132/><W75/><G75/><T38/><D38/><U6/><E58/><V129/><F129/><W15/><REACH who="3" step="1"/><G29/><REACH who="3" ten="317,123,358,182" step="2"/><T50/><D128/><U53/><E103/><V60/><F70/><W113/><G113/><T2/><D2/><U73/><REACH who="1" step="1"/><E53/><REACH who="1" ten="317,113,358,182" step="2"/><V134/><F112/><W48/><G48/><T123/><D50/><U90/><E90/><V56/><F114/><W57/><G57/><T18/><D30/><U59/><E59/><V119/><F56/><W32/><G32/><T64/><D72/><U124/><E124/><V46/><F28/><W22/><G22/><T44/><D133/><U107/><E107/><V8/><F33/><W62/><G62/><T105/><D105/><U91/><E91/><V93/><F134/><W5/><G5/><T135/><D135/><U82/><E82/><AGARI ba="1,3" hai="13,14,15,19,23,26,36,41,47,52,55,82,85,88" machi="82" ten="40,7700,0" yaku="1,1,54,2,53,0" doraHai="0" doraHaiUra="106" who="3" fromWho="1" sc="317,0,113,-80,358,0,182,110" /><INIT seed="7,2,0,2,4,89" ten="317,33,358,292" oya="3" hai0="114,121,96,87,135,92,132,49,61,1,13,90,111" hai1="64,66,43,117,106,79,28,70,9,44,77,124,15" hai2="85,118,129,100,68,54,125,98,39,27,82,6,58" hai3="34,134,41,97,60,91,25,112,120,5,130,86,73"/><W105/><G120/><T46/><D1/><U133/><E15/><V108/><F68/><W81/><G112/><T35/><D111/><U107/><E9/><V75/><F39/><W56/><G130/><T51/><D121/><U115/><E44/><V36/><F36/><W29/><G134/><T83/><D35/><U95/><E28/><V18/><F108/><W37/><G5/><T52/><D114/><U93/><E43/><V23/><F75/><W104/><G73/><T84/><D61/><U3/><E115/><V94/><F118/><W65/><G37/><T19/><D51/><U30/><E30/><V32/><F129/><W38/><G38/><T72/><D72/><U127/><E133/><N who="0" m="51273" /><D83/><U57/><E57/><V12/><F125/><W126/><G126/><T88/><D90/><U48/><E48/><N who="2" m="31047" /><F32/><W4/><G4/><T45/><D45/><U33/><E33/><V103/><F103/><W116/><G41/><T53/><D53/><U62/><E62/><V110/><F110/><W69/><G116/><T78/><D78/><U20/><E117/><V80/><F85/><W22/><G34/><T40/><D40/><U10/><E10/><AGARI ba="2,0" hai="6,10,12,18,23,27,80,82,94,98,100" m="31047" machi="10" ten="30,2000,0" yaku="8,1,52,1" doraHai="89" who="2" fromWho="1" sc="317,0,33,-26,358,26,292,0" /><AGARI ba="2,0" hai="10,13,19,46,49,52,84,87,88,92,96" m="51273" machi="10" ten="30,7700,0" yaku="20,1,52,1,54,2" doraHai="89" who="0" fromWho="1" sc="317,77,7,-77,384,0,292,0" owari="394,50.0,-70,-57.0,384,18.0,292,-11.0" /></mjloggm>