<mjloggm ver="2.3"><GO type="169" lobby="0"/><UN n0="%E3%81%A1%E3%82%83%E3%81%9D%E2%98%86" n1="%E6%93%8D" n2="%E3%82%A6%E3%83%AB%E3%83%88%E3%83%A9%E7%AB%8B%E7%9B%B4" n3="%6D%6F%65%2E%6E" dan="17,17,17,16" rate="2138.54,2161.10,2198.57,2054.02" sx="M,M,M,F"/><TAIKYOKU oya="0"/><INIT seed="0,0,0,0,2,118" ten="250,250,250,250" oya="0" hai0="84,121,125,64,29,57,28,110,77,12,116,38,15" hai1="19,93,22,83,65,85,98,123,62,115,135,6,80" hai2="46,88,74,126,119,102,25,21,50,55,32,14,67" hai3="96,30,59,103,109,92,91,107,114,16,111,7,10"/><T11/><D116/><U132/><E123/><V5/><F74/><W133/><G114/><T131/><D131/><U39/><E39/><V66/><F119/><W86/><G133/><T9/><D38/><U108/><E6/><V58/><F126/><W35/><G59/><T81/><D121/><U82/><E85/><V0/><F0/><W40/><G40/><T105/><D105/><U4/><E4/><V124/><F124/><W76/><G76/><T122/><D122/><U87/><E87/><V70/><F102/><W56/><G56/><T45/><D45/><U52/><E115/><V20/><F70/><W37/><G37/><T128/><D128/><U69/><E108/><N who="3" m="41546" /><G30/><N who="0" m="11883" /><D125/><U61/><E61/><V79/><F79/><W60/><G60/><N who="0" m="37903" /><D110/><U49/><E135/><V75/><F58/><W101/><G35/><T89/><D77/><U100/><E132/><V130/><F75/><W44/><G44/><T94/><D81/><U129/><E129/><V36/><F32/><W73/><G73/><T99/><D84/><U134/><E134/><V127/><F36/><W51/><G107/><T48/><D48/><U17/><REACH who="1" step="1"/><E22/><REACH who="1" ten="250,240,250,250" step="2"/><V1/><F21/><W33/><G86/><T53/><D11/><U26/><E26/><V112/><F25/><W106/><G33/><T2/><D9/><U42/><E42/><V34/><F34/><W104/><G51/><T95/><D53/><U41/><E41/><N who="2" m="24911" /><F127/><W68/><G10/><T90/><D2/><U63/><E63/><V24/><F1/><W18/><G7/><T71/><D71/><U3/><E3/><V23/><F130/><RYUUKYOKU ba="0,1" sc="250,15,240,15,250,-15,250,-15" hai0="12,15,89,90,94,95,99" hai1="17,19,49,52,62,65,69,80,82,83,93,98,100" /><INIT seed="0,1,1,5,5,11" ten="265,255,235,235" oya="0" hai0="67,59,15,1,76,31,114,113,101,99,12,110,119" hai1="123,131,63,18,21,51,118,125,26,109,23,27,6" hai2="100,54,0,90,53,48,62,4,96,84,78,133,10" hai3="83,98,93,120,122,14,121,29,38,132,17,60,89"/><T116/><D76/><U52/><E123/><V24/><F133/><W128/><G132/><T7/><D67/><U72/><E72/><V108/><F108/><W65/><G128/><T73/><D73/><U41/><E118/><N who="0" m="45097" /><D59/><U71/><E109/><V94/><F78/><W112/><G112/><N who="0" m="43115" /><D99/><U42/><E125/><V104/><F62/><W5/><G38/><T57/><D57/><U39/><E39/><V33/><F48/><W55/><G55/><T25/><D101/><U86/><E131/><V129/><F129/><W82/><G29/><T36/><D36/><U9/><E86/><V35/><F54/><W70/><G5/><T2/><D110/><U43/><E63/><V134/><F53/><W3/><G3/><N who="0" m="1035" /><D7/><U64/><E64/><V56/><F56/><W77/><G77/><T19/><D19/><U105/><E105/><V47/><F47/><W66/><G65/><T30/><D30/><U49/><E71/><V50/><F50/><W126/><G126/><T20/><AGARI ba="1,1" hai="12,15,20,25,31" m="1035,43115,45097" machi="20" ten="40,12000,1" yaku="34,2,52,2" doraHai="11" who="0" fromWho="0" sc="265,133,255,-41,235,-41,235,-41" /><INIT seed="0,2,0,1,2,11" ten="398,214,194,194" oya="0" hai0="44,64,20,48,54,121,118,63,124,14,7,3,132" hai1="76,78,88,74,58,133,42,40,123,100,34,99,6" hai2="27,129,10,125,89,82,93,97,71,36,111,67,92" hai3="23,50,101,130,90,73,25,51,77,46,38,61,120"/><T57/><D118/><U83/><E123/><V19/><F36/><W110/><G101/><T122/><D132/><U66/><E133/><V72/><F71/><W12/><G120/><T33/><D33/><U114/><E34/><V103/><F67/><W30/><G110/><T18/><REACH who="0" step="1"/><D124/><REACH who="0" ten="388,214,194,194" step="2"/><U53/><E114/><V108/><F125/><W16/><G130/><T1/><D1/><U59/><E74/><V29/><F72/><W98/><G73/><T15/><D15/><U79/><E42/><V69/><F129/><W55/><G12/><T75/><D75/><U56/><E40/><V119/><F119/><W116/><G116/><T9/><AGARI ba="2,1" hai="3,7,9,14,18,20,44,48,54,57,63,64,121,122" machi="9" ten="30,6000,0" yaku="1,1,0,1,52,1,53,0" doraHai="11" doraHaiUra="112" who="0" fromWho="0" sc="388,76,214,-22,194,-22,194,-22" /><INIT seed="0,3,0,0,1,0" ten="464,192,172,172" oya="0" hai0="60,123,56,91,62,126,113,39,93,95,46,48,125" hai1="43,111,132,134,67,96,99,28,114,45,117,31,74" hai2="115,16,41,121,68,27,86,33,102,5,23,24,35" hai3="25,75,3,73,92,112,66,38,120,55,100,15,71"/><T122/><D39/><U11/><E74/><V79/><F68/><W70/><G3/><T59/><D93/><U84/><E117/><V119/><F102/><W32/><G112/><T17/><D17/><U129/><E67/><V29/><F41/><W128/><G38/><T1/><D91/><U9/><E84/><V69/><F69/><W49/><G128/><T94/><D1/><U6/><E45/><V47/><F47/><W127/><G127/><N who="0" m="48651" /><D94/><U78/><E43/><V12/><F86/><W83/><G83/><T19/><D19/><U110/><E78/><V21/><F79/><W106/><G106/><T116/><D95/><U53/><E53/><V54/><F54/><W44/><G92/><T98/><D98/><U57/><E57/><N who="0" m="22089" /><D116/><U50/><E50/><V34/><F119/><W61/><G49/><T88/><D88/><U85/><E85/><V18/><F115/><W52/><G73/><T37/><D37/><U97/><E114/><V63/><F63/><N who="0" m="24106" /><D113/><U58/><E58/><V131/><F131/><W107/><G71/><T2/><D2/><U89/><E89/><V82/><F82/><W65/><G70/><T135/><D135/><N who="1" m="51755" /><E129/><V87/><F87/><W80/><G107/><T22/><D48/><U64/><E64/><V109/><F121/><W30/><G66/><T7/><D46/><U77/><E77/><V118/><F118/><W124/><G124/><T10/><D123/><U101/><E101/><V40/><F40/><W81/><G100/><T105/><D122/><U4/><E31/><N who="2" m="17823" /><F109/><N who="1" m="41481" /><E28/><V20/><F20/><N who="3" m="15655" /><G120/><T51/><D22/><U103/><E103/><RYUUKYOKU ba="3,0" sc="464,-15,192,15,172,15,172,-15" hai1="4,6,9,11,96,97,99" hai2="5,12,16,18,21,27,29,33,34,35" /><INIT seed="1,4,0,3,4,94" ten="449,207,187,157" oya="1" hai0="13,65,135,31,74,33,46,118,29,62,0,134,123" hai1="102,67,98,103,12,116,105,117,127,45,40,91,55" hai2="24,72,56,115,17,11,68,5,4,82,53,90,6" hai3="86,75,51,64,15,114,30,111,38,79,25,92,77"/><U37/><E127/><V129/><F68/><W99/><G38/><T7/><D118/><U49/><E67/><V87/><F115/><W101/><G114/><T133/><D123/><U41/><E41/><V1/><F129/><W14/><G75/><T97/><D0/><U16/><E91/><V104/><F104/><W81/><G111/><T106/><D74/><U80/><E80/><V83/><F72/><W78/><G64/><T26/><D29/><U70/><E70/><V124/><F124/><W34/><REACH who="3" step="1"/><G51/><REACH who="3" ten="449,207,187,147" step="2"/><T47/><D65/><U121/><E121/><V21/><F83/><W93/><G93/><T18/><D106/><U120/><E120/><V44/><F44/><W85/><G85/><T48/><D47/><U71/><E71/><V66/><F66/><W20/><G20/><T8/><D46/><U28/><E28/><V109/><F109/><W19/><G19/><T35/><D18/><U76/><E37/><V69/><F69/><W36/><G36/><T100/><D31/><U9/><E40/><V57/><F57/><W119/><G119/><T3/><D134/><U58/><E45/><V32/><F32/><W42/><G42/><T10/><D135/><U54/><E54/><V39/><F39/><W2/><G2/><T108/><D3/><U22/><E22/><V88/><F56/><W110/><G110/><T27/><D108/><U131/><E131/><V125/><F53/><W89/><AGARI ba="4,1" hai="14,15,25,30,34,77,78,79,81,86,89,92,99,101" machi="89" ten="30,7900,0" yaku="1,1,0,1,52,1,53,1" doraHai="94" doraHaiUra="84" who="3" fromWho="3" sc="449,-24,207,-43,187,-24,147,101" /><INIT seed="2,0,0,0,1,111" ten="425,164,163,248" oya="2" hai0="55,17,53,102,70,117,13,6,94,51,62,45,112" hai1="28,47,96,75,116,12,41,113,99,90,78,23,15" hai2="30,34,43,74,101,76,11,32,54,77,20,115,130" hai3="65,105,29,46,18,5,52,42,124,103,97,67,71"/><V121/><F43/><W36/><G124/><T21/><D117/><U63/><E116/><V135/><F74/><W38/><G38/><T120/><D120/><U22/><E78/><N who="2" m="30315" /><F121/><W64/><G5/><T131/><D6/><U61/><E75/><V80/><F80/><W66/><G29/><T132/><D55/><U60/><E28/><V40/><F40/><W81/><G81/><T56/><D70/><U104/><E104/><V110/><F11/><W125/><G125/><T25/><D94/><U119/><E119/><V92/><F30/><W37/><G36/><T59/><D53/><U73/><E73/><V123/><F123/><W4/><G4/><T82/><D82/><U33/><E33/><N who="2" m="12907" /><F54/><W89/><G52/><T107/><D107/><U93/><E47/><V0/><F0/><W16/><REACH who="3" step="1"/><G89/><REACH who="3" ten="425,164,163,238" step="2"/><T84/><D45/><U91/><E41/><V24/><F110/><W44/><G44/><T134/><D17/><U118/><E118/><V9/><F130/><W126/><G126/><T26/><D131/><U31/><E31/><N who="2" m="17799" /><F135/><W129/><G129/><T83/><D134/><U98/><E91/><V58/><F101/><W86/><G86/><T87/><D102/><U1/><E1/><V48/><F92/><W2/><G2/><T128/><D132/><U14/><E90/><V127/><F127/><W3/><G3/><T95/><D128/><U8/><E93/><V27/><F48/><W35/><G35/><T49/><D95/><U106/><E106/><V88/><F88/><W57/><G57/><N who="0" m="22091" /><D83/><U122/><E122/><V69/><F58/><W100/><G100/><RYUUKYOKU ba="0,1" sc="425,-10,164,-10,163,-10,238,30" hai3="16,18,37,42,46,64,65,66,67,71,97,103,105" /><INIT seed="3,1,1,2,3,23" ten="415,154,153,268" oya="3" hai0="35,133,46,17,74,61,69,15,33,54,120,40,80" hai1="117,42,121,20,87,79,50,99,64,95,48,91,132" hai2="11,128,55,112,29,82,24,30,36,106,44,72,58" hai3="47,127,96,8,4,12,19,100,16,92,14,107,10"/><W83/><G127/><T118/><D120/><U130/><E121/><V116/><F106/><W52/><G83/><T49/><D118/><U67/><E117/><V5/><F116/><W38/><G38/><T104/><D104/><U0/><E0/><V60/><F112/><W76/><G76/><T57/><D133/><U109/><E132/><V89/><F128/><W105/><G4/><T122/><D122/><U77/><E130/><V75/><F75/><W90/><G100/><T115/><D115/><U62/><E79/><V28/><F72/><W22/><G22/><T129/><D129/><U41/><E77/><V9/><F36/><W111/><G111/><T113/><D80/><U94/><E109/><V93/><F82/><W108/><G108/><T6/><D6/><U56/><E67/><V102/><F102/><W63/><G63/><T71/><D74/><U26/><E42/><V126/><F44/><W70/><G70/><T43/><D43/><U39/><E41/><V114/><F114/><W97/><REACH who="3" step="1"/><G96/><REACH who="3" ten="415,154,153,258" step="2"/><T103/><D103/><N who="1" m="60927" /><E39/><V45/><F126/><W98/><G98/><T25/><D113/><U101/><E101/><V53/><F5/><W51/><AGARI ba="1,2" hai="8,10,12,14,16,19,47,51,52,90,92,97,105,107" machi="51" ten="30,12000,1" yaku="1,1,0,1,9,1,54,2,53,0" doraHai="23" doraHaiUra="3" who="3" fromWho="3" sc="415,-41,154,-41,153,-41,258,143" /><INIT seed="3,2,0,0,5,35" ten="374,113,112,401" oya="3" hai0="124,58,105,48,50,72,127,74,109,70,19,100,4" hai1="98,21,120,75,29,54,3,125,7,85,45,126,68" hai2="128,67,31,5,91,20,14,47,108,134,62,80,12" hai3="64,10,123,83,22,122,86,16,95,26,18,102,84"/><W36/><G36/><T97/><D70/><U99/><E75/><N who="0" m="28713" /><D4/><U117/><E68/><V78/><F108/><W43/><G43/><T2/><D109/><U96/><E120/><V33/><F128/><W51/><G64/><T119/><D119/><U1/><E7/><V107/><F134/><W66/><G66/><T59/><D19/><U82/><E117/><V8/><F107/><W27/><G51/><N who="0" m="19499" /><D2/><N who="1" m="523" /><E54/><V79/><F33/><W56/><G56/><T6/><D6/><U55/><E55/><V103/><F103/><W121/><G83/><T113/><D113/><U76/><E45/><V65/><F47/><W17/><G10/><T63/><D63/><U40/><E29/><V0/><F65/><W39/><G39/><T135/><D135/><U114/><E21/><V131/><F0/><W60/><G60/><T89/><D89/><U92/><E40/><V46/><F46/><W30/><G26/><T132/><D132/><U116/><E116/><V57/><F31/><W25/><G27/><T110/><D110/><U73/><E73/><V52/><F67/><W15/><G122/><T118/><D118/><U42/><E42/><V94/><F20/><W112/><G123/><T115/><D115/><U69/><E69/><V38/><F38/><W53/><G112/><T37/><D37/><U77/><E77/><N who="2" m="29195" /><F12/><W49/><G15/><T61/><D61/><U88/><E114/><V28/><F28/><W44/><G121/><T13/><D13/><U111/><E111/><V90/><F62/><W106/><G30/><T104/><D104/><U93/><E76/><V129/><F5/><RYUUKYOKU ba="2,0" sc="374,15,113,15,112,-15,401,-15" hai0="58,59,97,100,105,124,127" hai1="82,85,88,92,93,96,98,99,125,126" /><INIT seed="4,3,0,5,2,91" ten="389,128,97,386" oya="0" hai0="25,68,109,14,58,124,80,9,133,122,42,17,94" hai1="31,72,76,39,118,78,126,107,34,40,84,129,113" hai2="106,49,5,16,26,82,30,125,46,63,11,13,28" hai3="52,111,10,134,27,86,74,112,128,15,96,135,23"/><T75/><D68/><U98/><E118/><V102/><F106/><W92/><G74/><T119/><D122/><U21/><E34/><V70/><F125/><W57/><G111/><T18/><D119/><U105/><E40/><V47/><F102/><W99/><G112/><T101/><D124/><U41/><E41/><V24/><F70/><W62/><G128/><T50/><D109/><U1/><E129/><V44/><F63/><W127/><G127/><T56/><D133/><N who="3" m="50697" /><G86/><T114/><D114/><U64/><E39/><V0/><F82/><W61/><G61/><T7/><D75/><U79/><E1/><V37/><F37/><W85/><G85/><T97/><D80/><U71/><E126/><V93/><F49/><W116/><G116/><T45/><REACH who="0" step="1"/><D25/><REACH who="0" ten="379,128,97,386" step="2"/><U108/><E72/><V100/><F26/><W81/><G81/><T32/><D32/><U4/><E113/><V104/><F24/><W60/><G27/><T67/><D67/><U83/><E64/><V8/><F104/><W132/><G132/><T19/><AGARI ba="3,1" hai="7,9,14,17,18,19,42,45,50,56,58,94,97,101" machi="19" ten="30,11700,0" yaku="1,1,0,1,8,1,52,1,53,0" doraHai="91" doraHaiUra="22" who="0" fromWho="0" sc="379,136,128,-42,97,-42,386,-42" /><INIT seed="4,4,0,5,1,39" ten="515,86,55,344" oya="0" hai0="83,17,79,57,65,45,35,13,88,46,41,80,44" hai1="51,7,76,42,106,37,81,21,69,129,110,116,75" hai2="18,99,19,43,28,12,95,23,122,117,114,14,66" hai3="56,68,33,98,135,113,3,123,20,58,119,112,84"/><T73/><D35/><U126/><E116/><V85/><F122/><W55/><G33/><T9/><D83/><U74/><E69/><V120/><F117/><W111/><G119/><T47/><D47/><U11/><E106/><V107/><F120/><W52/><G123/><T72/><D72/><U89/><E110/><V26/><F114/><N who="3" m="44139" /><G111/><T59/><D59/><U10/><E37/><V40/><F107/><W32/><G32/><T105/><D105/><U128/><E75/><V6/><F66/><W97/><G135/><T93/><D57/><N who="3" m="22121" /><G68/><T108/><D108/><U100/><E100/><N who="2" m="60543" /><F85/><W86/><G3/><T53/><D53/><N who="3" m="20553" /><G20/><T133/><D133/><U130/><E130/><V29/><F6/><W2/><G2/><T77/><D65/><U60/><E7/><V115/><F115/><W71/><G71/><T15/><D73/><U5/><E5/><V70/><F70/><W4/><G4/><T22/><D22/><U134/><E134/><V0/><F0/><W50/><G50/><T64/><D64/><U121/><E121/><V27/><F14/><W82/><G82/><T54/><D15/><U48/><E129/><V109/><F109/><W63/><G63/><T131/><D131/><U24/><E60/><V96/><F12/><W31/><G31/><N who="2" m="11849" /><F96/><AGARI ba="4,0" hai="84,86,96,97,98" m="20553,22121,44139" machi="96" ten="30,7700,0" yaku="28,2,15,1,54,1" doraHai="39" who="3" fromWho="2" sc="515,0,86,0,55,-89,344,89" owari="515,61.0,86,-31.0,-34,-53.0,433,23.0" /></mjloggm>