<mjloggm ver="2.3"><GO type="97" lobby="0"/><UN n0="%73%61%77%61%6E%6F%66%75" n1="%33%73%61%62%61%6B%61%6E" n2="%E3%82%86%E3%82%8C%E3%81%AA%E3%81%8C%E3%82%89" n3="%E5%B0%B1%E6%B4%BB%E7%94%9F%40%E5%B7%9D%E6%9D%91%E8%BB%8D%E5%9B%A3" dan="13,13,13,15" rate="1928.49,1868.17,1842.25,1982.41" sx="M,M,M,M"/><TAIKYOKU oya="0"/><INIT seed="0,0,0,0,3,130" ten="250,250,250,250" oya="0" hai0="40,28,65,37,132,61,59,21,91,90,124,48,76" hai1="89,4,16,80,118,56,82,25,101,74,13,3,84" hai2="23,115,34,121,24,88,117,41,54,15,5,39,64" hai3="127,92,62,38,7,8,60,2,47,94,73,125,20"/><T42/><D76/><U69/><E69/><V100/><F115/><W45/><G73/><T49/><D124/><N who="3" m="47689" /><G20/><T123/><D123/><U63/><E4/><V58/><F121/><W35/><G35/><T22/><D132/><U57/><E3/><V98/><F64/><W81/><G81/><T119/><D119/><U31/><E101/><V33/><F117/><W51/><G38/><T1/><D1/><U87/><E74/><V66/><F66/><W43/><G47/><T120/><D120/><U9/><E118/><V71/><F71/><W72/><G72/><T53/><D49/><U26/><E31/><V83/><F41/><W50/><G51/><T97/><D97/><U77/><E57/><V52/><F39/><W106/><G106/><T129/><D129/><U10/><REACH who="1" step="1"/><E9/><REACH who="1" ten="250,240,250,250" step="2"/><N who="2" m="4527" /><F58/><W109/><G109/><T0/><D0/><U122/><E122/><V68/><F68/><W113/><G113/><T134/><D37/><U29/><E29/><N who="2" m="17567" /><F33/><W105/><G105/><T131/><D131/><U11/><E11/><V75/><F34/><W17/><G17/><T114/><D114/><U44/><E44/><V102/><F75/><W85/><G8/><T46/><D28/><U12/><E12/><V133/><F100/><W93/><G7/><T103/><D103/><U111/><E111/><V79/><F102/><W128/><G2/><T107/><D107/><U19/><E19/><V36/><F36/><W95/><G128/><T108/><D46/><U67/><AGARI ba="0,1" hai="10,13,16,25,26,56,63,67,77,80,82,84,87,89" machi="67" ten="20,8000,1" yaku="1,1,0,1,7,1,8,1,54,1,53,0" doraHai="130" doraHaiUra="96" who="1" fromWho="1" sc="250,-40,240,90,250,-20,250,-20" /><INIT seed="1,0,0,5,4,4" ten="210,330,230,230" oya="1" hai0="26,25,129,72,35,55,77,13,11,51,8,121,90" hai1="106,23,98,120,123,119,33,76,111,62,96,103,115" hai2="71,50,93,133,6,20,38,88,87,31,84,109,130" hai3="135,70,54,53,27,97,12,15,75,40,69,45,57"/><U99/><E33/><V105/><F38/><W91/><G75/><T17/><D77/><U34/><E34/><V86/><F71/><W41/><G135/><T52/><D72/><U9/><E119/><V79/><F105/><W124/><G124/><T65/><D65/><U37/><E37/><V95/><F133/><W36/><G27/><N who="0" m="10251" /><D35/><U29/><E115/><V18/><F31/><W113/><G113/><T100/><D100/><U73/><E111/><V56/><F109/><W80/><G69/><T117/><D117/><U1/><E1/><V108/><F108/><W83/><G70/><T21/><D129/><U81/><E123/><V66/><F130/><W32/><G32/><T82/><D121/><U3/><E120/><V48/><F6/><W122/><G122/><T16/><D51/><N who="2" m="19498" /><F79/><W131/><G131/><T128/><D128/><U101/><E106/><V47/><F93/><N who="3" m="56511" /><G36/><T61/><D61/><U67/><E23/><V89/><F47/><W94/><G94/><T24/><D90/><U112/><E29/><V0/><F95/><W30/><G30/><N who="0" m="17679" /><D82/><U14/><E3/><V107/><F107/><W10/><G45/><T22/><D17/><U43/><E103/><V118/><F118/><W44/><G44/><T110/><D110/><U68/><E101/><V19/><F0/><W125/><G83/><T126/><D126/><U39/><E112/><V46/><F46/><W92/><G80/><T63/><D63/><U64/><E62/><N who="2" m="38215" /><F20/><W60/><G125/><T5/><D5/><N who="1" m="3375" /><E68/><V85/><N who="2" m="22016" /><DORA hai="49" /><V7/><F7/><N who="3" m="3167" /><G60/><T132/><D132/><U28/><E28/><RYUUKYOKU ba="0,0" sc="210,10,330,10,230,10,230,-30" hai0="8,11,13,16,22,52,55" hai1="39,43,64,67,73,76,81,96,98,99" hai2="18,19,88,89" /><INIT seed="1,1,0,2,4,79" ten="220,340,240,200" oya="1" hai0="39,124,34,84,42,6,127,75,61,66,43,111,102" hai1="83,133,17,48,115,20,59,51,92,87,2,80,86" hai2="69,120,36,4,33,81,9,57,49,27,7,53,68" hai3="135,77,107,114,31,78,16,65,52,58,96,117,63"/><U76/><E2/><V22/><F120/><W118/><G114/><T100/><D34/><U88/><E115/><V46/><F33/><W47/><G31/><T128/><D75/><U113/><E113/><V13/><F7/><W89/><G135/><T5/><D128/><U70/><E70/><V94/><F94/><N who="3" m="56399" /><G107/><T122/><D122/><U109/><E109/><V40/><REACH who="2" step="1"/><F81/><REACH who="2" ten="220,340,230,200" step="2"/><N who="1" m="31305" /><E133/><V105/><F105/><W116/><G16/><AGARI ba="1,1" hai="4,9,13,16,22,27,36,40,46,49,53,57,68,69" machi="16" ten="30,3900,0" yaku="1,1,7,1,54,1,53,0" doraHai="79" doraHaiUra="103" who="2" fromWho="3" sc="220,0,340,0,230,52,200,-42" /><INIT seed="2,0,0,2,4,19" ten="220,340,282,158" oya="2" hai0="24,13,120,27,78,72,129,2,108,85,21,94,1" hai1="65,38,33,111,107,5,11,14,8,101,63,122,6" hai2="117,84,20,3,12,16,97,10,132,62,93,91,125" hai3="79,121,130,50,74,98,41,89,135,48,66,54,80"/><V57/><F117/><W126/><G121/><T99/><D72/><U109/><E38/><V35/><F35/><W90/><G130/><T88/><D120/><U52/><E33/><V67/><F132/><W44/><G135/><T53/><D129/><U87/><E101/><V83/><F125/><W42/><G126/><T77/><D108/><N who="1" m="41547" /><E107/><V56/><F3/><W81/><G66/><T92/><D1/><U68/><E87/><V7/><F7/><W116/><G116/><T34/><D2/><U75/><E75/><V123/><F123/><W73/><G98/><T133/><D34/><U71/><E71/><V103/><F10/><N who="1" m="3625" /><E14/><V28/><F28/><W45/><REACH who="3" step="1"/><G54/><REACH who="3" ten="220,340,282,148" step="2"/><T105/><D133/><U15/><E122/><V55/><F55/><W29/><G29/><T40/><D53/><U26/><E52/><V49/><F49/><W47/><G47/><T4/><D40/><U58/><E68/><AGARI ba="0,1" hai="12,16,20,56,57,62,67,68,83,84,91,93,97,103" machi="68" ten="30,5800,0" yaku="7,1,52,1,54,1" doraHai="19" who="2" fromWho="1" sc="220,0,340,-58,282,68,148,0" /><INIT seed="2,1,0,5,4,10" ten="220,282,350,148" oya="2" hai0="18,83,94,30,46,133,88,115,125,135,20,123,111" hai1="76,53,4,51,97,47,5,62,6,1,57,41,77" hai2="8,21,13,45,99,86,107,29,2,127,108,93,15" hai3="100,110,25,3,39,101,81,114,103,122,90,67,66"/><V70/><F70/><W58/><G39/><T129/><D123/><U63/><E1/><V91/><F127/><W69/><G3/><T74/><D115/><U22/><E63/><V72/><F72/><W118/><G69/><T79/><D30/><U124/><E124/><V102/><F108/><W116/><G110/><T40/><D111/><U105/><E105/><V54/><F2/><W0/><G0/><T59/><D59/><U132/><E132/><V130/><F130/><W48/><G114/><T95/><D95/><U38/><E97/><V16/><F29/><W14/><G122/><T84/><D129/><U61/><E61/><V36/><F36/><W42/><G25/><T78/><D125/><U131/><E131/><V12/><REACH who="2" step="1"/><F8/><REACH who="2" ten="220,282,340,148" step="2"/><W26/><G118/><T60/><D135/><U31/><E38/><V32/><F32/><W126/><G116/><T134/><D133/><U85/><E31/><V23/><F23/><W109/><G126/><T117/><D134/><U52/><E22/><V9/><F9/><W55/><G109/><T112/><D117/><U128/><E128/><V43/><F43/><W7/><G42/><T64/><D112/><U27/><E27/><V80/><F80/><W87/><G26/><N who="0" m="14615" /><D74/><U96/><E41/><V75/><F75/><W17/><G7/><T56/><D83/><U49/><E5/><V71/><F71/><W65/><G17/><T37/><D37/><U113/><E4/><V73/><F73/><W35/><G35/><T104/><D40/><N who="1" m="24807" /><E6/><V19/><F19/><W24/><G24/><T28/><D28/><U11/><E113/><RYUUKYOKU ba="1,1" sc="220,-15,282,-15,340,15,148,15" hai2="12,13,15,16,21,45,54,86,91,93,99,102,107" hai3="14,48,55,58,65,66,67,81,87,90,100,101,103" /><INIT seed="2,2,1,2,2,16" ten="205,267,355,163" oya="2" hai0="41,10,15,45,51,84,40,30,66,24,0,25,127" hai1="37,67,132,32,87,103,80,36,91,69,49,44,26" hai2="19,4,61,93,55,57,88,70,123,97,33,122,75" hai3="107,29,72,17,13,12,11,20,125,64,120,99,50"/><V104/><F75/><W58/><G72/><T82/><D127/><U101/><E32/><V9/><F33/><W60/><G120/><T133/><D66/><U6/><E6/><V39/><F39/><W8/><G125/><T35/><D0/><U63/><E26/><V96/><F70/><W98/><G107/><T52/><D25/><U56/><E132/><V74/><F74/><W102/><G102/><T48/><D48/><U43/><REACH who="1" step="1"/><E36/><REACH who="1" ten="205,257,355,163" step="2"/><V106/><F122/><W95/><G29/><T92/><D133/><U23/><E23/><V34/><F123/><W117/><G117/><T83/><D92/><U90/><E90/><V47/><F34/><W22/><G95/><T105/><D105/><U111/><E111/><V115/><F106/><W119/><G119/><T65/><D82/><U94/><E94/><V62/><F104/><W121/><G121/><T130/><D130/><U135/><E135/><V71/><F88/><W89/><G89/><T86/><D86/><U1/><E1/><V79/><F93/><W116/><G116/><T68/><D68/><U53/><AGARI ba="2,2" hai="37,43,44,49,53,56,63,67,69,80,87,91,101,103" machi="53" ten="30,7900,0" yaku="1,1,0,1,24,2,53,0" doraHai="16" doraHaiUra="109" who="1" fromWho="1" sc="205,-22,257,105,355,-41,163,-22" /><INIT seed="3,0,0,2,2,129" ten="183,362,314,141" oya="3" hai0="91,58,106,115,56,99,75,105,36,87,96,19,97" hai1="134,30,26,48,44,119,132,128,35,84,32,1,76" hai2="125,131,79,40,78,34,62,122,28,92,59,27,83" hai3="52,41,111,39,110,114,101,64,69,74,12,133,120"/><W17/><G114/><T93/><D36/><U9/><E35/><V77/><F131/><W94/><G120/><T21/><D115/><U95/><E119/><V88/><F122/><W31/><G74/><T135/><D75/><U10/><E128/><V20/><F125/><W14/><G31/><T123/><D123/><U126/><E126/><V116/><F116/><W108/><G39/><T121/><D121/><U68/><E68/><V98/><F40/><W45/><G133/><N who="1" m="51306" /><E1/><V63/><F34/><W16/><G69/><T103/><D135/><U37/><E37/><V80/><REACH who="2" step="1"/><F63/><REACH who="2" ten="183,362,304,141" step="2"/><W117/><G117/><T71/><D105/><U55/><E76/><V49/><F49/><N who="3" m="28719" /><G64/><AGARI ba="0,1" hai="20,27,28,59,62,64,77,78,79,80,83,88,92,98" machi="64" ten="40,5200,0" yaku="1,1,8,1,54,1,53,0" doraHai="129" doraHaiUra="38" who="2" fromWho="3" sc="183,0,362,0,304,62,141,-52" owari="183,-22.0,362,16.0,366,47.0,89,-41.0" /></mjloggm>