<mjloggm ver="2.3"><GO type="41" lobby="0"/><UN n0="%E3%81%B6%E3%82%8B%E3%81%A3%E3%81%A1%E3%82%87%E3%81%AA" n1="%4E%41%49%4C" n2="%E5%B0%B1%E6%B4%BB%E7%94%9F%40%E5%B7%9D%E6%9D%91%E8%BB%8D%E5%9B%A3" n3="%79%61%6D%61%73%69%6B%69" dan="13,13,15,13" rate="1860.07,1857.31,1977.02,1833.68" sx="M,M,M,M"/><TAIKYOKU oya="0"/><INIT seed="0,0,0,0,4,116" ten="250,250,250,250" oya="0" hai0="108,20,54,109,88,70,92,14,8,115,67,75,16" hai1="65,23,64,134,59,125,106,18,58,46,12,90,1" hai2="28,4,26,123,103,60,22,63,74,13,117,80,62" hai3="122,31,112,77,119,11,21,66,95,49,7,135,89"/><T85/><D115/><U76/><E106/><V61/><F117/><W27/><G119/><T121/><D121/><U47/><E1/><V44/><F123/><W25/><G112/><T94/><D75/><U39/><E125/><V50/><F103/><W114/><G114/><T132/><D132/><U131/><E134/><V102/><F102/><W71/><G77/><T126/><D126/><U107/><E107/><V86/><F74/><W120/><G135/><T29/><D54/><U15/><E131/><V51/><N who="2" m="15872" /><DORA hai="124" /><V129/><F129/><W105/><G66/><N who="1" m="25706" /><E39/><V73/><F73/><W111/><G71/><T6/><D67/><U78/><E90/><V5/><F13/><N who="1" m="5193" /><E18/><V82/><F82/><W91/><G105/><T83/><D70/><U100/><E23/><V33/><F33/><W35/><G111/><N who="0" m="42571" /><D29/><U128/><E100/><V56/><F56/><N who="1" m="21545" /><E128/><V87/><F87/><W53/><G122/><T42/><D42/><U133/><E133/><V3/><F3/><AGARI ba="0,0" hai="3,6,8,14,16,20,83,85,88,92,94" m="42571" machi="3" ten="30,11600,0" yaku="14,1,10,1,54,2" doraHai="116,124" who="0" fromWho="2" sc="250,116,250,0,250,-116,250,0" /><INIT seed="0,1,0,1,3,41" ten="366,250,134,250" oya="0" hai0="31,89,71,68,105,34,83,119,95,127,28,98,110" hai1="32,39,10,46,122,26,63,6,106,79,19,13,99" hai2="40,5,57,84,135,75,134,20,120,128,42,2,77" hai3="55,29,104,114,22,7,33,0,86,121,85,93,51"/><T124/><D119/><U108/><E122/><V131/><F75/><W8/><G104/><T54/><D110/><U109/><E79/><V66/><F2/><W60/><G114/><T91/><D105/><U3/><E63/><N who="2" m="38255" /><F5/><W12/><G121/><T53/><D34/><U36/><E106/><V82/><F20/><W59/><G33/><T11/><D11/><U107/><E107/><V48/><F120/><W67/><G93/><T101/><D83/><U21/><E99/><V62/><F62/><W14/><G0/><T44/><D101/><U30/><REACH who="1" step="1"/><E46/><REACH who="1" ten="366,240,134,250" step="2"/><N who="2" m="25671" /><F42/><W1/><G86/><T87/><D87/><U52/><E52/><V96/><F96/><W117/><G85/><T16/><D98/><U69/><E69/><V132/><AGARI ba="1,1" hai="77,82,84,128,131,132,134,135" m="25671,38255" machi="132" ten="40,2700,0" yaku="20,1,52,1" doraHai="41" who="2" fromWho="2" sc="366,-14,240,-8,134,40,250,-8" /><INIT seed="1,0,0,4,0,95" ten="352,232,174,242" oya="1" hai0="33,46,126,73,131,133,54,21,67,55,48,74,31" hai1="41,120,15,43,30,93,111,24,99,118,7,134,3" hai2="96,94,132,39,32,116,25,88,80,104,20,70,60" hai3="9,124,91,56,101,61,114,68,40,13,14,51,18"/><U109/><E118/><V59/><F116/><W122/><G114/><T16/><D126/><U78/><E120/><V2/><F2/><W29/><G122/><T10/><D33/><U5/><E3/><V92/><F70/><W113/><G124/><T79/><D131/><U38/><E134/><V121/><F39/><W119/><G113/><T105/><D67/><U50/><E78/><V26/><F104/><W45/><G119/><T103/><D133/><U36/><E50/><V81/><F121/><W86/><G68/><T6/><D31/><U17/><E38/><V53/><F132/><W71/><G71/><T123/><D55/><U129/><E36/><V83/><F32/><W125/><G29/><T84/><D84/><U72/><E72/><V64/><F64/><W65/><G125/><T128/><D79/><U69/><E69/><V19/><F94/><W8/><G101/><T23/><D128/><U52/><E52/><V117/><F117/><W115/><G115/><T49/><D49/><U42/><E129/><V63/><F63/><W110/><G110/><N who="1" m="41994" /><E24/><AGARI ba="0,0" hai="19,20,24,25,26,53,59,60,80,81,83,88,92,96" machi="24" ten="40,8000,1" yaku="25,2,8,1,52,1,54,1" doraHai="95" who="2" fromWho="1" sc="352,0,232,-80,174,80,242,0" /><INIT seed="2,0,0,0,4,55" ten="352,152,254,242" oya="2" hai0="123,83,60,48,112,115,130,54,40,20,110,88,28" hai1="70,125,81,95,42,96,50,87,5,66,99,47,7" hai2="53,29,135,51,8,39,10,23,41,36,71,31,100" hai3="62,82,92,120,72,84,102,46,111,74,113,2,56"/><V37/><F71/><W11/><G120/><T24/><D123/><U108/><E125/><V19/><F135/><W3/><G111/><T15/><D110/><U75/><E75/><V69/><F69/><W30/><G113/><T0/><D0/><U45/><E108/><V86/><F100/><W34/><G2/><T35/><D130/><U91/><E47/><V61/><F61/><W13/><G3/><T32/><D40/><U94/><E70/><V126/><F41/><W127/><G127/><T12/><D32/><U134/><E66/><V105/><F105/><W109/><G109/><T22/><D35/><U52/><E134/><V117/><F117/><W128/><G128/><T59/><D60/><U25/><E25/><V26/><F126/><W121/><G121/><T131/><D131/><U65/><E65/><V43/><F43/><W4/><G34/><T76/><D22/><U44/><E95/><V1/><F86/><W98/><G30/><T116/><D116/><U118/><E96/><V97/><F97/><W33/><G46/><T103/><D103/><U77/><REACH who="1" step="1"/><E118/><REACH who="1" ten="352,142,254,242" step="2"/><V27/><F26/><W132/><G132/><T21/><D112/><U79/><E79/><V104/><F104/><W67/><REACH who="3" step="1"/><G33/><REACH who="3" ten="352,142,254,232" step="2"/><T122/><D122/><U16/><E16/><V106/><F19/><W68/><G68/><T124/><D115/><U6/><E6/><V93/><F31/><W64/><G64/><T90/><D124/><U18/><E18/><V107/><F29/><W80/><G80/><T78/><D83/><U119/><E119/><V133/><F133/><W9/><G9/><RYUUKYOKU ba="0,2" sc="352,-15,142,15,254,-15,232,15" hai1="5,7,42,44,45,50,52,77,81,87,91,94,99" hai3="4,11,13,56,62,67,72,74,82,84,92,98,102" /><INIT seed="3,1,2,2,2,75" ten="337,157,239,247" oya="3" hai0="56,86,81,133,69,26,125,96,117,54,34,2,11" hai1="64,77,45,60,126,107,72,132,79,25,119,66,53" hai2="128,68,9,91,1,32,19,110,20,135,134,61,49" hai3="14,15,83,80,52,65,114,74,23,30,6,63,95"/><W38/><G114/><T87/><D69/><U93/><E107/><V4/><F32/><W82/><G38/><T18/><D117/><U130/><E72/><V44/><F110/><W33/><G33/><T109/><D109/><U24/><E119/><V16/><F128/><W120/><G120/><T39/><D39/><U116/><E116/><V111/><F111/><W122/><G122/><T100/><D125/><U102/><E130/><V5/><F5/><W22/><G74/><T123/><D123/><U57/><E132/><N who="2" m="50731" /><F91/><W12/><G95/><T124/><D87/><U101/><E126/><V10/><F10/><W36/><G36/><T121/><D121/><U7/><E7/><V89/><F89/><W35/><G6/><T104/><D124/><U67/><E45/><V76/><F76/><N who="1" m="29257" /><E93/><V92/><F92/><W48/><G35/><T29/><D2/><U17/><E17/><V0/><F0/><W59/><REACH who="3" step="1"/><G30/><REACH who="3" ten="337,157,239,237" step="2"/><T99/><D133/><U90/><E90/><V41/><F20/><W127/><G127/><T3/><D34/><U37/><E37/><V8/><F8/><W46/><AGARI ba="1,3" hai="12,14,15,22,23,46,48,52,59,63,65,80,82,83" machi="46" ten="30,11700,0" yaku="1,1,0,1,8,1,54,1,53,0" doraHai="75" doraHaiUra="71" who="3" fromWho="3" sc="337,-40,157,-40,239,-40,237,150" /><INIT seed="3,2,0,2,2,126" ten="297,117,199,387" oya="3" hai0="84,52,14,95,3,124,85,111,118,58,53,35,72" hai1="122,20,77,57,83,82,19,0,127,60,117,34,102" hai2="88,66,113,27,43,74,115,63,39,9,70,114,123" hai3="92,31,13,54,80,7,133,59,132,94,64,106,116"/><W128/><G116/><T42/><D3/><U12/><E122/><V109/><F74/><W24/><G106/><T104/><D118/><U28/><E117/><V36/><F123/><W44/><G64/><T103/><D104/><U129/><E127/><V100/><F109/><W50/><G80/><T17/><D72/><U51/><E129/><V41/><F100/><W1/><G1/><T6/><D35/><U56/><E102/><V67/><F27/><W32/><G128/><T48/><D111/><U91/><E0/><V69/><F9/><W21/><G44/><T105/><D42/><N who="2" m="15882" /><F88/><W37/><G37/><N who="2" m="14409" /><F63/><W79/><G79/><T30/><D105/><U61/><E91/><V8/><F8/><W107/><G107/><T89/><D103/><U65/><E77/><V90/><F90/><W78/><G78/><T121/><D121/><U97/><E97/><V98/><F98/><W38/><G38/><T29/><D124/><U120/><E120/><V134/><F134/><N who="3" m="51819" /><G7/><T15/><D6/><U45/><E34/><V112/><F112/><W76/><G76/><T93/><D89/><U71/><E28/><V4/><F4/><W40/><G40/><T2/><D2/><U16/><E19/><AGARI ba="2,0" hai="13,19,21,24,31,32,50,54,59,92,94" m="51819" machi="19" ten="30,1500,0" yaku="20,1" doraHai="126" who="3" fromWho="1" sc="297,0,117,-21,199,0,387,21" /><INIT seed="3,3,0,3,3,56" ten="297,96,199,408" oya="3" hai0="48,131,32,110,16,73,80,65,43,42,38,114,57" hai1="15,11,123,75,84,34,31,23,132,25,113,97,17" hai2="95,21,64,51,101,99,58,135,74,10,126,66,50" hai3="125,115,109,3,89,98,60,121,78,68,30,120,18"/><W124/><G3/><T133/><D131/><U72/><E84/><V86/><F74/><W5/><G5/><T128/><D128/><U14/><E113/><V118/><F118/><W92/><G115/><T85/><D32/><U91/><E123/><N who="3" m="47178" /><G30/><T13/><D73/><U117/><E117/><V4/><F135/><W12/><G78/><N who="0" m="46231" /><D133/><U52/><E132/><V76/><F126/><N who="3" m="48747" /><G68/><T106/><D106/><U102/><E91/><V111/><F111/><W35/><G35/><T130/><D130/><U79/><E79/><V127/><F127/><W9/><G109/><T54/><D38/><U55/><E72/><V62/><F66/><W22/><G22/><N who="0" m="11535" /><D110/><U104/><REACH who="1" step="1"/><E75/><REACH who="1" ten="297,86,199,408" step="2"/><V28/><F76/><W19/><G19/><AGARI ba="3,1" hai="11,14,15,17,19,23,25,31,34,52,55,97,102,104" machi="19" ten="30,7700,0" yaku="1,1,2,1,7,1,54,1,53,0" doraHai="56" doraHaiUra="36" who="1" fromWho="3" sc="297,0,86,96,199,0,408,-86" /><INIT seed="4,0,0,0,0,62" ten="297,182,199,322" oya="0" hai0="7,108,65,105,1,70,128,97,68,10,123,95,25" hai1="122,35,4,113,64,83,82,67,117,132,115,47,30" hai2="80,39,20,0,40,36,54,72,9,90,126,27,52" hai3="99,109,77,41,12,135,112,79,92,58,61,32,111"/><T22/><D123/><U59/><E117/><V125/><F0/><W71/><G32/><T75/><D105/><U2/><E122/><V57/><F9/><W24/><G71/><T76/><D128/><U3/><E132/><V46/><F36/><W45/><G135/><T110/><D75/><U42/><E35/><V33/><F33/><W16/><G24/><T29/><D76/><U96/><E96/><V26/><F54/><W74/><G112/><N who="1" m="43082" /><E30/><V107/><F107/><W53/><G111/><T116/><D116/><U34/><E34/><V5/><F5/><W86/><G74/><T43/><D43/><U50/><E59/><V127/><F20/><W11/><G86/><T63/><REACH who="0" step="1"/><D70/><REACH who="0" ten="287,182,199,322" step="2"/><U38/><E38/><V93/><F72/><W104/><G104/><T121/><D121/><U44/><E44/><V69/><F69/><W118/><G118/><T103/><AGARI ba="0,1" hai="1,7,10,22,25,29,63,65,68,95,97,103,108,110" machi="103" ten="30,11700,0" yaku="1,1,0,1,52,1,53,1" doraHai="62" doraHaiUra="89" who="0" fromWho="0" sc="287,127,182,-39,199,-39,322,-39" /><INIT seed="4,1,0,0,0,86" ten="414,143,160,283" oya="0" hai0="1,80,74,34,105,35,48,43,125,131,16,42,104" hai1="32,69,63,67,70,52,15,66,61,20,77,99,90" hai2="58,91,28,73,45,68,31,92,135,25,113,128,88" hai3="3,36,19,102,118,95,116,119,98,110,59,50,6"/><T7/><D125/><U57/><E32/><V11/><F73/><W79/><G36/><T33/><D131/><U115/><E77/><V5/><F68/><W109/><G79/><T13/><D1/><U40/><E40/><V24/><F113/><W14/><G6/><T51/><D7/><U9/><E20/><V72/><F72/><W134/><G3/><T29/><D29/><N who="2" m="11338" /><F135/><W123/><G134/><T47/><D74/><U49/><E115/><V10/><F128/><W112/><G112/><T12/><D80/><U60/><E99/><N who="2" m="57735" /><F45/><W108/><G123/><T129/><D129/><U0/><E0/><V76/><F76/><W54/><G14/><T4/><D4/><U39/><E39/><V56/><F91/><W85/><G19/><T101/><D12/><U132/><E132/><V117/><F117/><W106/><REACH who="3" step="1"/><G85/><REACH who="3" ten="414,143,160,273" step="2"/><T41/><D13/><U89/><E63/><V100/><F5/><AGARI ba="1,1" hai="5,9,15,49,52,57,60,61,66,67,69,70,89,90" machi="5" ten="30,8000,1" yaku="7,1,9,1,52,2,54,1" doraHai="86" who="1" fromWho="2" sc="414,0,143,93,160,-83,273,0" /><INIT seed="5,0,0,1,0,24" ten="414,236,77,273" oya="1" hai0="18,55,39,10,97,74,7,34,70,68,73,113,35" hai1="107,125,114,110,32,127,47,59,96,56,41,117,95" hai2="12,123,26,119,128,101,46,3,109,102,84,15,86" hai3="82,52,1,87,134,36,81,29,48,100,105,38,45"/><U66/><E117/><V79/><F109/><W61/><G134/><T69/><D39/><U92/><E114/><V93/><F3/><W90/><G1/><T124/><D113/><U23/><E32/><V22/><F123/><W78/><G105/><T80/><D124/><N who="1" m="47691" /><E110/><V106/><F106/><W98/><G61/><T133/><D133/><U30/><E66/><V53/><F119/><W131/><G131/><T75/><D35/><U99/><E107/><V57/><F128/><W72/><REACH who="3" step="1"/><G29/><REACH who="3" ten="414,236,77,263" step="2"/><T63/><D63/><U132/><E30/><V25/><F46/><W2/><G2/><T37/><D70/><U129/><E47/><V116/><F116/><W44/><G44/><T5/><D69/><U42/><E132/><V121/><F121/><W6/><G6/><T58/><D5/><U54/><E129/><V0/><F0/><W28/><G28/><T67/><D68/><U88/><E23/><V120/><F120/><W31/><G31/><T51/><D34/><U71/><E71/><V103/><F22/><W50/><G50/><T130/><D51/><N who="1" m="30815" /><E59/><V11/><F11/><W77/><G77/><T27/><D130/><U64/><E64/><V115/><F115/><W91/><G91/><AGARI ba="0,1" hai="41,42,88,91,92,95,96,99" m="30815,47691" machi="91" ten="30,2900,0" yaku="18,1,54,1" doraHai="24" who="1" fromWho="3" sc="414,0,236,39,77,0,263,-29" /><INIT seed="5,1,0,3,1,17" ten="414,275,77,234" oya="1" hai0="54,131,66,34,102,98,68,23,7,97,69,33,110" hai1="111,25,4,91,95,3,8,105,14,58,9,31,75" hai2="19,64,63,94,37,43,101,39,123,124,109,20,67" hai3="30,11,116,56,13,0,134,135,89,40,80,87,45"/><U16/><E111/><V107/><F109/><W125/><G116/><T61/><D110/><U71/><E71/><V49/><F123/><W70/><G125/><T120/><D120/><U52/><E105/><V122/><F107/><W38/><G70/><T84/><D68/><U1/><E75/><V62/><F122/><W26/><G0/><T100/><D131/><U55/><E1/><V59/><F124/><W112/><G112/><T92/><D84/><U48/><E55/><V86/><F49/><W18/><REACH who="3" step="1"/><G56/><REACH who="3" ten="414,275,77,224" step="2"/><T29/><D69/><U10/><E10/><V104/><F104/><W96/><G96/><T73/><D97/><U114/><E114/><V57/><F43/><W103/><G103/><T85/><D100/><U74/><E74/><V27/><REACH who="2" step="1"/><F101/><REACH who="2" ten="414,275,67,224" step="2"/><W90/><G90/><AGARI ba="1,2" hai="19,20,27,37,39,57,59,62,63,64,67,86,90,94" machi="90" ten="40,8000,1" yaku="1,1,2,1,9,1,52,1,53,0" doraHai="17" doraHaiUra="108" who="2" fromWho="3" sc="414,0,275,0,67,103,224,-83" /><INIT seed="6,0,0,1,0,134" ten="414,275,170,141" oya="2" hai0="100,101,28,124,104,21,1,97,120,27,19,18,65" hai1="13,125,4,50,98,90,77,62,43,75,58,14,33" hai2="31,132,54,129,40,3,94,118,130,91,115,112,52" hai3="102,81,122,70,57,36,2,59,11,10,56,105,92"/><V126/><F3/><W60/><G122/><T16/><D120/><U83/><E125/><V22/><F118/><W71/><G105/><T66/><D124/><U63/><E33/><V107/><F107/><W24/><G36/><T74/><D74/><U48/><E62/><V53/><F40/><W35/><G81/><T46/><D1/><U79/><E79/><V78/><F78/><W8/><G2/><T85/><D100/><U135/><E135/><V29/><F126/><W17/><G60/><T116/><D116/><U15/><E4/><V64/><F64/><W119/><G119/><T37/><D85/><N who="1" m="48367" /><E43/><V114/><F132/><W127/><G127/><T25/><D37/><U87/><E98/><N who="2" m="57695" /><F22/><W96/><REACH who="3" step="1"/><G17/><REACH who="3" ten="414,275,170,131" step="2"/><T32/><REACH who="0" step="1"/><D46/><REACH who="0" ten="404,275,170,131" step="2"/><U0/><E0/><V109/><F109/><W6/><G6/><T133/><D133/><U88/><E75/><V93/><F93/><W117/><G117/><T55/><D55/><N who="1" m="34271" /><E90/><V103/><F103/><W121/><G121/><T9/><D9/><U108/><E108/><V84/><F84/><W7/><G7/><T99/><D99/><U89/><E89/><V61/><F61/><W82/><G82/><AGARI ba="0,2" hai="13,14,15,48,50,82,87,88" m="34271,48367" machi="82" ten="30,2000,0" yaku="8,1,54,1" doraHai="134" who="1" fromWho="3" sc="404,0,275,40,170,0,131,-20" /><INIT seed="7,0,0,1,2,101" ten="404,315,170,111" oya="3" hai0="100,7,134,13,40,63,61,112,75,64,111,56,131" hai1="60,37,14,130,25,10,52,102,48,92,15,99,59" hai2="94,42,129,79,4,76,89,133,125,85,38,2,87" hai3="123,91,50,68,70,45,58,83,27,98,24,115,47"/><W118/><G123/><T34/><D111/><U51/><E130/><V103/><F129/><W6/><G118/><T43/><D34/><U28/><E37/><V16/><F133/><W77/><G115/><T3/><D131/><U74/><E74/><V18/><F125/><W78/><G6/><T104/><D3/><U117/><E117/><V33/><F33/><W66/><G58/><T105/><D75/><U84/><E84/><V29/><F29/><W96/><G91/><T36/><D112/><U73/><E73/><V71/><F71/><W82/><G50/><T20/><D100/><U119/><E119/><V21/><F103/><W81/><G83/><T88/><D88/><U116/><E116/><V128/><F128/><W97/><G98/><T49/><D36/><U55/><E55/><V11/><F85/><W23/><G23/><T90/><D90/><U31/><E25/><V108/><F108/><W122/><G122/><T54/><D63/><U132/><E132/><V32/><F32/><W5/><G5/><T17/><D7/><U9/><E31/><V57/><F57/><W0/><REACH who="3" step="1"/><G66/><REACH who="3" ten="404,315,170,101" step="2"/><T120/><D120/><U35/><E35/><V26/><F18/><W44/><G44/><T127/><D64/><U12/><REACH who="1" step="1"/><E28/><REACH who="1" ten="404,305,170,101" step="2"/><V22/><F38/><W107/><G107/><T30/><D104/><U65/><E65/><V126/><F26/><W106/><G106/><T110/><D105/><U8/><AGARI ba="0,2" hai="8,9,10,12,14,15,48,51,52,59,60,92,99,102" machi="8" ten="30,7900,0" yaku="1,1,0,1,8,1,54,1,53,0" doraHai="101" doraHaiUra="124" who="1" fromWho="1" sc="404,-20,305,99,170,-20,101,-39" owari="384,18.0,404,51.0,150,-25.0,62,-44.0" /></mjloggm>