<mjloggm ver="2.3"><GO type="97" lobby="0"/><UN n0="%E5%B0%B1%E6%B4%BB%E7%94%9F%40%E5%B7%9D%E6%9D%91%E8%BB%8D%E5%9B%A3" n1="%E3%83%8F%E3%83%9E%E3%82%B3%E3%83%B3%E3%82%AC" n2="%E3%82%89%E3%82%8A%E3%81%8F%E3%81%BE" n3="%72%79%75%6B%61%64%69%61" dan="14,14,15,14" rate="1925.42,1913.27,1991.23,2009.53" sx="M,M,M,M"/><TAIKYOKU oya="0"/><INIT seed="0,0,0,3,4,130" ten="250,250,250,250" oya="0" hai0="26,75,52,125,10,41,115,135,81,129,118,109,80" hai1="98,32,6,113,40,16,42,93,100,18,28,0,30" hai2="4,57,123,37,94,128,50,97,70,112,101,46,64" hai3="68,33,102,55,91,59,95,107,121,126,20,56,79"/><T2/><D115/><U82/><E113/><V34/><F128/><W71/><G33/><T104/><D129/><U3/><E32/><V134/><F34/><W110/><G79/><T17/><D104/><U36/><E36/><V11/><F123/><W21/><G121/><T114/><D118/><U132/><E132/><V124/><F134/><W131/><G131/><T27/><D135/><U14/><E0/><V22/><F124/><W83/><G126/><T133/><D133/><U69/><E69/><V77/><F77/><W51/><G83/><T44/><D125/><U12/><E3/><V49/><F22/><W89/><G110/><T45/><D109/><U19/><E82/><V116/><F70/><W85/><G107/><T8/><D114/><U23/><E6/><V87/><F87/><W103/><G95/><T53/><D2/><U76/><E76/><V39/><F116/><W1/><G1/><T84/><D17/><U72/><E72/><V105/><F105/><W7/><G7/><T120/><D120/><U9/><E19/><V48/><F46/><W13/><G13/><T127/><D127/><U108/><REACH who="1" step="1"/><E108/><REACH who="1" ten="250,240,250,250" step="2"/><V117/><F112/><W47/><G71/><T99/><D75/><U62/><E62/><N who="2" m="37967" /><F117/><W15/><G68/><T43/><REACH who="0" step="1"/><D84/><REACH who="0" ten="240,240,250,250" step="2"/><U61/><E61/><V73/><F73/><W38/><G85/><T66/><D66/><U106/><E106/><V96/><F96/><AGARI ba="0,2" hai="8,10,26,27,41,43,44,45,52,53,80,81,96,99" machi="96" ten="25,12000,1" yaku="1,1,22,2,8,1,54,1,53,0" doraHai="130" doraHaiUra="54" who="0" fromWho="2" sc="240,140,240,0,250,-120,250,0" /><INIT seed="0,1,0,0,4,86" ten="380,240,130,250" oya="0" hai0="23,43,74,78,3,102,132,79,46,15,0,68,29" hai1="134,75,38,28,101,17,50,58,83,59,53,36,123" hai2="26,95,90,97,71,127,98,67,8,100,49,129,88" hai3="103,22,85,31,76,48,57,19,45,6,66,126,62"/><T10/><D68/><U33/><E123/><V2/><F127/><W81/><G126/><T41/><D132/><U80/><E75/><V47/><F129/><W124/><G124/><T14/><D102/><U135/><E101/><V108/><F108/><W113/><G113/><T60/><D60/><U5/><E5/><V112/><F67/><W117/><G117/><T35/><D35/><U96/><E96/><V9/><F71/><W39/><G39/><T118/><D118/><U34/><E17/><V11/><F112/><W107/><G107/><T73/><D46/><U94/><E28/><V87/><F2/><W64/><G103/><T110/><D110/><U4/><E4/><V54/><F26/><W128/><G128/><T40/><D10/><U130/><E94/><V7/><F7/><W61/><G6/><T131/><D131/><U13/><E13/><V24/><F24/><N who="3" m="14431" /><G31/><T115/><D115/><U93/><E130/><V52/><F100/><W116/><G116/><T69/><D69/><U109/><E93/><N who="2" m="54431" /><F98/><W12/><G12/><T111/><D15/><U119/><E109/><V91/><F91/><W72/><G72/><T37/><D37/><U27/><E119/><V63/><F63/><N who="3" m="24075" /><G57/><T32/><D74/><U42/><E27/><V92/><F92/><W21/><G21/><T84/><D73/><U125/><E125/><V30/><F30/><W55/><AGARI ba="1,0" hai="45,48,55,64,66,76,81,85" m="24075,14431" machi="55" ten="30,1100,0" yaku="8,1" doraHai="86" who="3" fromWho="3" sc="380,-6,240,-4,130,-4,250,14" /><INIT seed="1,0,0,0,3,83" ten="374,236,126,264" oya="1" hai0="89,84,102,15,44,111,30,87,73,14,78,26,41" hai1="1,57,49,29,126,43,124,17,129,106,90,27,22" hai2="51,53,85,94,86,20,128,21,77,82,61,92,68" hai3="115,76,52,28,3,10,101,104,81,47,113,12,93"/><U120/><E120/><V116/><F116/><W79/><G3/><T13/><D73/><U100/><E1/><V99/><F128/><W131/><G104/><T110/><D102/><U74/><E74/><V71/><F71/><W35/><G131/><T56/><D56/><U109/><E129/><V98/><F68/><W70/><G70/><T32/><D78/><U96/><E90/><N who="2" m="53335" /><F61/><W88/><G113/><T11/><D11/><U42/><E109/><N who="0" m="41481" /><D89/><U108/><E108/><V103/><F99/><N who="3" m="59631" /><G115/><T54/><D54/><N who="1" m="31951" /><E29/><V95/><F95/><W8/><G28/><T97/><D97/><U38/><E38/><AGARI ba="0,0" hai="13,14,15,26,30,32,38,41,44,84,87" m="41481" machi="38" ten="30,3900,0" yaku="14,1,52,2" doraHai="83" who="0" fromWho="1" sc="374,39,236,-39,126,0,264,0" /><INIT seed="2,0,0,3,4,96" ten="413,197,126,264" oya="2" hai0="46,86,91,125,70,98,48,74,50,41,71,14,99" hai1="110,120,8,12,3,43,132,38,69,18,100,92,64" hai2="75,135,118,108,35,45,30,37,131,101,28,0,84" hai3="90,54,97,119,57,93,19,5,58,87,126,29,23"/><V81/><F118/><W49/><G119/><T53/><D74/><U62/><E120/><V133/><F0/><W83/><G126/><T51/><D125/><U124/><E132/><N who="2" m="50763" /><F75/><W129/><G129/><T106/><D106/><U89/><E124/><V94/><F131/><W63/><G5/><T13/><D71/><U104/><E110/><V47/><F108/><W25/><G29/><N who="2" m="11369" /><F35/><W88/><G58/><N who="0" m="33063" /><D70/><U73/><E73/><V10/><F10/><W32/><G32/><T82/><D51/><AGARI ba="0,0" hai="19,23,25,49,51,54,57,63,83,87,88,90,93,97" machi="51" ten="40,8000,1" yaku="25,2,8,1,54,1" doraHai="96" who="3" fromWho="0" sc="413,-80,197,0,126,0,264,80" /><INIT seed="3,0,0,3,4,27" ten="333,197,126,344" oya="3" hai0="121,8,75,110,102,4,69,115,14,61,28,62,33" hai1="11,128,120,127,18,101,126,42,65,25,103,2,76" hai2="21,43,113,107,64,59,37,114,80,10,41,44,31" hai3="67,97,72,35,36,84,50,112,88,92,23,81,111"/><W122/><G112/><T100/><D121/><U133/><E120/><V119/><F107/><W90/><G122/><T125/><D75/><U135/><E65/><V34/><F34/><W30/><G35/><T19/><D115/><U73/><E42/><V15/><F119/><W16/><G36/><T87/><D125/><N who="1" m="47627" /><E73/><V24/><F43/><W13/><G111/><T68/><D110/><U98/><E76/><V7/><F64/><W46/><G72/><T105/><D105/><U134/><E98/><V77/><REACH who="2" step="1"/><F59/><REACH who="2" ten="333,197,116,344" step="2"/><W55/><G67/><T39/><D69/><U9/><E2/><V56/><F56/><W51/><G51/><T45/><D68/><U22/><E9/><V104/><F104/><W130/><G130/><T117/><D117/><U79/><E11/><V0/><F0/><W3/><G3/><T32/><D39/><U129/><E79/><V94/><F94/><W17/><G13/><T60/><D45/><U20/><E20/><V48/><F48/><W52/><G55/><T40/><D40/><U89/><E89/><V109/><F109/><W70/><G70/><T86/><D33/><U66/><E66/><V93/><F93/><W1/><G1/><T38/><D38/><U106/><E106/><V54/><F54/><W124/><G124/><T47/><D32/><U116/><E116/><V26/><F26/><AGARI ba="0,1" hai="16,17,23,26,30,46,50,52,81,84,88,90,92,97" machi="26" ten="40,12000,1" yaku="8,1,52,1,54,3" doraHai="27" who="3" fromWho="2" sc="333,0,197,0,116,-120,344,130" owari="333,13.0,197,-20.0,-4,-50.0,474,57.0" /></mjloggm>