<mjloggm ver="2.3"><GO type="41" lobby="0"/><UN n0="%E5%90%9D%E5%97%87%E6%80%AA%E7%8D%A3" n1="%E7%B7%91%E3%83%89%E3%83%B3%31%34%30%30%30" n2="%E8%B6%85%E6%94%BB%E6%92%83%E9%9B%80%E5%A3%AB" n3="%E5%B0%B1%E6%B4%BB%E7%94%9F%40%E5%B7%9D%E6%9D%91%E8%BB%8D%E5%9B%A3" dan="13,15,14,15" rate="1923.06,2009.48,1910.18,1976.70" sx="M,M,M,M"/><TAIKYOKU oya="0"/><INIT seed="0,0,0,4,0,110" ten="250,250,250,250" oya="0" hai0="88,49,111,118,22,6,63,51,127,41,98,8,133" hai1="10,25,105,11,77,103,7,114,101,86,123,59,17" hai2="100,50,1,71,70,91,23,85,73,56,83,65,3" hai3="78,135,89,94,79,106,18,52,28,97,113,61,134"/><T69/><D118/><U55/><E123/><V16/><F73/><W29/><G106/><T112/><D111/><U30/><E105/><V96/><F3/><W90/><G18/><T62/><D133/><N who="3" m="50697" /><G89/><T121/><D127/><U26/><E114/><V31/><F1/><W109/><G109/><T125/><D121/><U128/><E128/><V124/><F31/><N who="3" m="11851" /><G113/><T104/><D125/><U99/><E99/><V81/><F81/><W130/><G130/><T82/><D69/><U32/><E25/><V76/><F76/><W44/><G44/><T116/><D116/><U35/><E35/><V38/><F38/><W13/><G13/><T4/><D22/><U14/><E77/><V2/><F2/><W131/><G131/><T120/><D120/><U46/><E46/><V57/><F124/><W68/><G68/><T12/><D104/><U92/><E10/><V37/><F83/><W66/><G66/><T108/><D108/><U126/><E126/><V80/><F70/><W72/><G72/><T67/><D67/><U19/><E19/><V42/><F71/><W102/><G102/><T48/><D112/><U47/><E47/><N who="2" m="25975" /><F65/><W53/><G53/><T84/><D41/><U34/><E34/><V43/><F43/><W15/><G15/><T27/><D27/><U129/><E7/><V58/><F37/><W74/><G74/><T60/><D98/><U54/><E129/><V64/><F64/><W33/><G33/><T115/><D115/><U20/><E32/><V5/><F5/><AGARI ba="0,0" hai="4,5,6,8,12,48,49,51,60,62,63,82,84,88" machi="5" ten="40,3900,0" yaku="8,1,54,1" doraHai="110" who="0" fromWho="2" sc="250,39,250,0,250,-39,250,0" /><INIT seed="0,1,0,4,2,67" ten="289,250,211,250" oya="0" hai0="46,89,62,42,58,24,35,28,49,71,39,111,124" hai1="123,32,54,60,103,130,135,86,33,1,80,40,34" hai2="8,105,53,121,107,127,68,21,82,66,99,91,41" hai3="132,109,73,120,88,131,92,134,78,122,36,55,69"/><T2/><D2/><U14/><E123/><N who="3" m="47146" /><G36/><T0/><D0/><U44/><E135/><N who="3" m="51754" /><G55/><N who="0" m="32111" /><D124/><U19/><E130/><V93/><F41/><W126/><G126/><T108/><D89/><U45/><E103/><V74/><F127/><W76/><G131/><T9/><D9/><U51/><E1/><V81/><F53/><W133/><N who="3" m="51762" /><W112/><DORA hai="84" /><G69/><T3/><D3/><U116/><E116/><V26/><F8/><W20/><G20/><T90/><D90/><N who="1" m="51527" /><E60/><V128/><F128/><W110/><G112/><T11/><D11/><N who="1" m="6623" /><E34/><V25/><F121/><W22/><G22/><T72/><D72/><U7/><E7/><V15/><F21/><W83/><G78/><T38/><D38/><AGARI ba="1,0" hai="32,33,38,40,44,45,51,54" m="6623,51527" machi="38" ten="30,2000,0" yaku="25,1,52,1" doraHai="67,84" who="1" fromWho="0" sc="289,-23,250,23,211,0,250,0" /><INIT seed="1,0,0,2,1,120" ten="266,273,211,250" oya="1" hai0="101,97,111,32,135,50,132,4,115,62,91,79,46" hai1="75,127,134,55,125,118,126,1,36,44,130,37,23" hai2="42,59,102,95,93,51,28,123,107,133,33,113,45" hai3="87,22,9,43,90,78,38,29,129,11,103,13,96"/><U54/><E1/><V81/><F123/><W7/><G129/><T77/><D115/><U30/><E75/><V88/><F113/><W31/><G78/><T8/><D32/><U19/><E118/><V63/><F133/><N who="0" m="51274" /><D62/><U57/><E30/><V49/><F107/><W109/><G38/><T105/><D91/><U80/><E134/><V73/><F28/><W71/><G71/><T72/><D72/><U64/><E130/><V39/><F33/><W3/><G43/><N who="0" m="24927" /><D111/><U117/><E117/><V18/><F73/><W94/><G22/><T40/><D40/><U108/><E108/><V27/><F102/><W69/><G69/><T6/><D6/><U58/><E80/><V26/><F81/><W83/><REACH who="3" step="1"/><G109/><REACH who="3" ten="266,273,211,240" step="2"/><T116/><D116/><U122/><E122/><V10/><F39/><N who="1" m="14921" /><E64/><V74/><F74/><W99/><G99/><T124/><D124/><U2/><E2/><AGARI ba="0,1" hai="2,4,8,77,79,97,101,105" m="24927,51274" machi="2" ten="30,1000,0" yaku="20,1" doraHai="120" who="0" fromWho="1" sc="266,20,273,-10,211,0,240,0" /><INIT seed="2,0,0,4,0,118" ten="286,263,211,240" oya="2" hai0="68,89,78,48,108,44,46,113,102,67,94,40,134" hai1="121,13,127,28,81,75,53,86,35,26,84,25,131" hai2="71,133,47,77,110,8,58,88,63,104,10,130,65" hai3="17,55,100,123,6,30,76,125,124,3,93,52,122"/><V4/><F104/><W111/><G111/><T83/><D113/><U62/><E131/><V106/><F106/><W27/><G76/><T69/><D108/><U9/><E127/><N who="3" m="48714" /><G17/><T54/><D102/><U56/><E25/><V7/><F77/><W51/><G6/><N who="2" m="2089" /><F71/><W42/><G3/><T24/><D24/><U34/><E34/><V41/><F130/><W116/><G42/><T120/><D67/><U112/><E112/><V132/><F110/><W101/><G116/><T114/><D114/><U49/><E75/><V115/><F115/><W72/><G72/><T92/><D134/><N who="2" m="51818" /><F88/><W38/><G38/><AGARI ba="0,0" hai="8,10,38,41,47,58,63,65" m="51818,2089" machi="38" ten="30,1500,0" yaku="20,1" doraHai="118" who="2" fromWho="3" sc="286,0,263,0,211,15,240,-15" /><INIT seed="2,1,0,0,3,51" ten="286,263,226,225" oya="2" hai0="62,60,91,105,5,7,86,6,102,103,52,66,69" hai1="29,121,85,104,36,130,55,53,118,1,82,100,81" hai2="99,3,47,16,90,49,107,111,2,129,84,131,46" hai3="97,24,34,15,32,134,115,71,68,114,76,94,78"/><V127/><F127/><W18/><G134/><T50/><D105/><U17/><E118/><V80/><F111/><W35/><G24/><T38/><D38/><U40/><E1/><V45/><F107/><W9/><G78/><T20/><D60/><U123/><E130/><N who="2" m="49675" /><F99/><W48/><G76/><T28/><D28/><U73/><E29/><V72/><F72/><W110/><G110/><T57/><REACH who="0" step="1"/><D20/><REACH who="0" ten="276,263,226,225" step="2"/><U77/><E104/><V25/><F49/><W128/><G48/><T0/><D0/><U4/><E4/><V37/><F37/><W19/><G128/><T83/><AGARI ba="1,1" hai="5,6,7,50,52,57,62,66,69,83,86,91,102,103" machi="83" ten="30,7900,0" yaku="1,1,0,1,52,1,54,1,53,0" doraHai="51" doraHaiUra="116" who="0" fromWho="0" sc="276,92,263,-21,226,-40,225,-21" /><INIT seed="3,0,0,0,0,16" ten="368,242,186,204" oya="3" hai0="23,5,105,110,81,87,18,114,125,65,61,30,31" hai1="71,73,85,28,68,44,22,100,72,50,11,43,95" hai2="122,19,9,93,36,91,77,123,112,53,115,119,76" hai3="39,25,55,8,80,103,129,108,37,131,106,6,113"/><W83/><G113/><N who="2" m="43593" /><F36/><N who="3" m="13899" /><G103/><T92/><D105/><U13/><E73/><V14/><F119/><W1/><G106/><T34/><D34/><U98/><E72/><V47/><F47/><W52/><G25/><T42/><D42/><U54/><E85/><N who="2" m="52463" /><F53/><N who="3" m="20555" /><G108/><T56/><D110/><U79/><E79/><V60/><F60/><W57/><G57/><T109/><D109/><U94/><E94/><V104/><F104/><W41/><G41/><T46/><D114/><U58/><E11/><V97/><F97/><W35/><G35/><T118/><D118/><U7/><E7/><V15/><F15/><W102/><G102/><T0/><D0/><U49/><REACH who="1" step="1"/><E13/><REACH who="1" ten="368,232,186,204" step="2"/><V128/><F128/><AGARI ba="0,1" hai="1,6,8,80,83,128,129,131" m="20555,13899" machi="128" ten="30,2900,0" yaku="19,1,54,1" doraHai="16" who="3" fromWho="2" sc="368,0,232,0,186,-29,204,39" /><INIT seed="3,1,0,4,5,31" ten="368,232,157,243" oya="3" hai0="46,90,21,44,45,120,51,50,53,104,34,99,124" hai1="109,97,36,49,114,103,115,64,2,84,118,57,54" hai2="35,7,60,110,94,78,89,0,69,101,58,11,66" hai3="67,87,48,134,128,15,86,125,92,102,98,23,70"/><W91/><G125/><T8/><D120/><U33/><E2/><V32/><F110/><W26/><G128/><T133/><D124/><U111/><E84/><V6/><F78/><W82/><G134/><T96/><D133/><U14/><E14/><V56/><F101/><W9/><G70/><T19/><D8/><U40/><E33/><V76/><F76/><W95/><G67/><T83/><D104/><U25/><E25/><V61/><F7/><W85/><G48/><T38/><D38/><U119/><E103/><V100/><F100/><W107/><G107/><T122/><D122/><U77/><E77/><V63/><F63/><W37/><BYE who="2" /><G37/><T79/><D34/><U68/><E97/><V52/><F52/><W93/><G93/><T123/><D123/><U16/><E16/><V59/><F59/><W80/><G95/><T112/><D112/><N who="1" m="43051" /><E68/><V62/><F62/><W47/><G47/><T117/><D117/><N who="1" m="44555" /><E64/><V22/><F22/><W131/><G131/><T72/><D90/><U27/><E27/><V132/><F132/><W1/><G1/><T4/><D4/><U108/><E36/><V74/><F74/><W42/><G42/><AGARI ba="1,0" hai="40,42,49,54,57,108,109,111" m="44555,43051" machi="42" ten="40,8000,1" yaku="14,1,12,1,34,2" doraHai="31" who="1" fromWho="3" sc="368,0,232,83,157,0,243,-83" /><INIT seed="4,0,0,3,4,103" ten="368,315,157,160" oya="0" hai0="36,73,66,64,106,117,15,129,128,11,67,23,9" hai1="105,84,120,111,82,63,104,60,119,114,39,126,33" hai2="135,30,96,71,102,98,58,19,65,91,93,43,48" hai3="12,1,49,35,51,17,83,59,113,57,97,68,28"/><T5/><D36/><U79/><E111/><V16/><F16/><W112/><G68/><T7/><D117/><UN n2="%E8%B6%85%E6%94%BB%E6%92%83%E9%9B%80%E5%A3%AB" /><U116/><E120/><V124/><F124/><W118/><BYE who="2" /><G1/><T14/><D73/><U86/><E39/><V42/><F42/><W80/><G118/><N who="1" m="45098" /><E33/><V3/><F3/><W81/><G28/><T45/><D45/><U18/><E18/><V127/><F127/><W78/><G35/><T55/><D55/><U89/><E63/><V101/><F101/><W107/><G78/><UN n2="%E8%B6%85%E6%94%BB%E6%92%83%E9%9B%80%E5%A3%AB" /><T122/><D122/><U90/><E60/><V27/><F19/><W24/><G24/><T125/><D125/><U94/><E126/><V26/><F26/><W87/><BYE who="2" /><G87/><T37/><D37/><U38/><E114/><N who="3" m="44138" /><G97/><T32/><D32/><U53/><E53/><V25/><F25/><W121/><G107/><N who="1" m="41034" /><E38/><V74/><F74/><W75/><G75/><T132/><D132/><U88/><AGARI ba="0,0" hai="79,82,84,86,88,89,90,94" m="41034,45098" machi="88" ten="40,12000,2" yaku="34,2,52,3,54,1" doraHai="103" who="1" fromWho="1" sc="368,-60,315,120,157,-30,160,-30" /><INIT seed="5,0,0,0,5,55" ten="308,435,127,130" oya="1" hai0="96,121,95,44,100,39,115,43,53,60,56,6,124" hai1="94,91,38,73,116,104,76,33,69,77,135,117,119" hai2="99,27,61,102,45,57,54,17,10,80,79,130,134" hai3="72,88,35,85,0,46,93,52,62,13,5,66,87"/><U75/><E69/><V68/><F68/><W26/><G72/><N who="1" m="27722" /><E38/><V123/><F123/><W125/><G0/><T82/><D121/><U25/><E25/><V34/><F34/><W89/><G125/><T129/><D124/><U4/><E4/><V90/><F90/><W126/><G126/><T109/><D109/><U18/><E18/><UN n2="%E8%B6%85%E6%94%BB%E6%92%83%E9%9B%80%E5%A3%AB" /><V51/><F130/><W113/><G113/><T30/><D129/><U103/><E33/><V70/><F134/><W78/><G78/><N who="1" m="30314" /><E135/><V8/><F70/><W118/><G118/><T50/><D115/><U41/><E41/><V74/><F74/><W47/><BYE who="2" /><G35/><T98/><D6/><U108/><E108/><V58/><F58/><N who="3" m="35143" /><G66/><T36/><D30/><U12/><E12/><V114/><F114/><W110/><G26/><T40/><D40/><U128/><E128/><V122/><F122/><W16/><G5/><T1/><D1/><U3/><E3/><V112/><F112/><W15/><G110/><T32/><D32/><U71/><E71/><V84/><F84/><W29/><G29/><T133/><D133/><U37/><E37/><V31/><F31/><W67/><G67/><T101/><D36/><U23/><E23/><V105/><F105/><W59/><G59/><T24/><D39/><U7/><E7/><V64/><F64/><W49/><G49/><T14/><D24/><U86/><E119/><V92/><F92/><N who="3" m="54287" /><G15/><T106/><D14/><U81/><E104/><V22/><F22/><AGARI ba="0,0" hai="13,16,22,46,47,87,89,93" m="54287,35143" machi="22" ten="30,8000,1" yaku="8,1,52,1,54,3" doraHai="55" who="3" fromWho="2" sc="308,0,435,0,127,-80,130,80" /><INIT seed="6,0,0,1,1,98" ten="308,435,47,210" oya="2" hai0="123,1,129,10,32,121,46,115,40,80,51,26,108" hai1="101,79,33,76,13,127,53,103,120,15,57,75,61" hai2="92,59,124,117,63,133,2,36,70,39,119,112,99" hai3="95,128,69,38,134,21,20,30,17,71,24,74,4"/><V55/><F55/><W122/><G74/><T104/><D108/><U9/><E33/><V5/><F5/><W105/><G38/><T47/><D115/><U64/><E127/><V116/><F116/><W28/><G105/><T60/><D129/><U62/><E120/><V67/><F67/><W14/><G122/><T113/><D113/><U58/><E75/><V43/><F43/><W29/><G134/><T81/><D104/><U135/><E135/><V132/><F132/><W6/><G128/><T45/><D1/><U77/><E15/><V68/><F68/><W96/><G71/><T18/><D32/><U86/><E86/><V90/><F90/><W83/><G69/><T52/><D123/><U131/><E131/><V37/><F37/><W89/><REACH who="3" step="1"/><G83/><REACH who="3" ten="308,435,47,200" step="2"/><N who="0" m="31819" /><D121/><U126/><E126/><V85/><F85/><W8/><G8/><T42/><D10/><U49/><E62/><V66/><F66/><W41/><G41/><N who="0" m="15979" /><D60/><U35/><E35/><V114/><F114/><W65/><G65/><T106/><D106/><U25/><E25/><V3/><F3/><W19/><AGARI ba="0,1" hai="4,6,14,17,19,20,21,24,28,29,30,89,95,96" machi="19" ten="30,7900,0" yaku="1,1,0,1,8,1,53,1" doraHai="98" doraHaiUra="22" who="3" fromWho="3" sc="308,-20,435,-20,47,-39,200,89" /><INIT seed="7,0,0,1,1,126" ten="288,415,8,289" oya="3" hai0="85,61,129,11,45,70,113,92,123,26,39,98,78" hai1="17,64,2,81,24,121,49,110,72,109,132,40,65" hai2="42,63,67,1,5,36,53,101,88,127,30,69,68" hai3="135,19,23,84,122,3,37,133,66,4,48,27,86"/><W116/><G37/><UN n2="%E8%B6%85%E6%94%BB%E6%92%83%E9%9B%80%E5%A3%AB" /><T128/><D123/><U93/><E121/><V46/><F127/><W22/><G122/><T106/><D106/><U105/><E132/><N who="3" m="50762" /><G116/><T120/><D120/><U82/><E2/><V119/><F119/><W8/><G66/><N who="0" m="41295" /><D26/><U16/><E105/><V56/><F101/><W43/><G22/><T111/><D111/><U91/><E72/><V83/><F30/><W99/><G99/><T34/><D34/><U114/><E114/><V118/><F118/><W96/><G96/><T58/><D11/><U12/><E110/><V130/><F69/><W74/><G74/><T124/><D78/><U41/><E109/><V95/><F83/><N who="1" m="31753" /><E49/><V6/><F6/><BYE who="2" /><W77/><G77/><T112/><D85/><N who="1" m="52463" /><E24/><V25/><F25/><W117/><G117/><T7/><D124/><U89/><E89/><V33/><F33/><W62/><G62/><T13/><D13/><U79/><E79/><V100/><F100/><W80/><G80/><T59/><D7/><U75/><E75/><V28/><F28/><W32/><G32/><T97/><D92/><U125/><E125/><V47/><F47/><AGARI ba="0,0" hai="3,4,8,19,23,27,43,47,48,84,86" m="50762" machi="47" ten="30,1500,0" yaku="20,1" doraHai="126" who="3" fromWho="2" sc="288,0,415,0,8,-15,289,15" owari="288,-11.0,415,52.0,-7,-51.0,304,10.0" /></mjloggm>