<mjloggm ver="2.3"><GO type="97" lobby="0"/><UN n0="%E6%B3%A2%E7%91%A0" n1="%50%4B%E3%83%BB%42%65%61%6D%CE%B2" n2="%6B%6F%2D%73%68%69%72%6F" n3="%E3%83%88%E3%83%88%E3%83%AA%E5%85%88%E7%94%9F%31%39%E6%AD%B3" dan="13,14,14,14" rate="1855.83,1945.56,1957.94,2035.23" sx="M,M,M,F"/><TAIKYOKU oya="0"/><INIT seed="0,0,0,1,0,62" ten="250,250,250,250" oya="0" hai0="133,55,116,119,28,117,21,110,76,47,78,99,18" hai1="84,135,35,131,127,101,2,109,120,89,87,111,20" hai2="30,114,52,123,24,23,51,130,4,128,7,108,38" hai3="81,125,29,34,57,46,100,12,37,16,8,80,77"/><T63/><D133/><U10/><E35/><V85/><F114/><W50/><G125/><T3/><D3/><U53/><E120/><V40/><F123/><W14/><G37/><T66/><D28/><U32/><E32/><V83/><F108/><N who="1" m="41545" /><E101/><V13/><F38/><W19/><G100/><T45/><D99/><U22/><E127/><V93/><F40/><W118/><G118/><T124/><D124/><U112/><E112/><V104/><F104/><W1/><G1/><T71/><D110/><U17/><E135/><V91/><F83/><W58/><G29/><T73/><D73/><U48/><E131/><N who="2" m="50219" /><F13/><W0/><G34/><T27/><REACH who="0" step="1"/><D55/><REACH who="0" ten="240,250,250,250" step="2"/><U43/><E2/><V68/><F68/><W9/><G0/><T41/><D41/><U132/><E43/><V25/><F25/><W65/><G14/><T134/><D134/><U60/><E132/><V39/><F39/><W86/><G12/><T74/><D74/><U105/><E87/><V129/><N who="2" m="50227" /><V5/><DORA hai="33" /><F5/><W61/><G86/><T113/><D113/><U59/><E84/><V115/><F115/><W95/><G19/><T94/><D94/><U44/><E105/><V122/><F122/><W90/><G16/><T88/><D88/><U26/><E89/><V97/><F85/><W75/><G95/><T126/><D126/><U11/><E26/><V96/><F96/><W70/><G90/><T72/><D72/><U69/><E17/><V98/><F98/><W42/><G81/><T6/><D6/><U103/><E53/><V121/><F121/><W64/><G75/><T56/><D56/><AGARI ba="0,1" hai="4,7,23,24,30,51,52,56,91,93,97" m="50227" machi="56" ten="40,5200,0" yaku="6,1,19,1,54,1" doraHai="62,33" who="2" fromWho="0" sc="240,-52,250,0,250,62,250,0" /><INIT seed="1,0,0,4,4,64" ten="188,250,312,250" oya="1" hai0="49,29,99,52,32,7,74,97,84,48,4,77,123" hai1="104,134,63,73,115,15,102,21,106,131,40,23,127" hai2="70,120,80,128,57,110,61,46,12,53,33,50,76" hai3="92,79,113,41,58,6,69,118,0,66,82,59,90"/><U125/><E115/><V105/><F120/><W119/><G113/><T24/><D74/><U22/><E73/><V38/><F110/><W36/><G36/><T112/><D112/><U126/><E40/><N who="2" m="22807" /><F105/><W67/><G41/><T94/><D123/><U43/><E43/><V85/><F33/><W28/><G28/><T26/><D49/><U2/><E2/><V98/><F128/><W42/><G42/><T11/><D24/><U9/><E131/><V100/><F12/><W51/><G67/><T65/><D65/><U45/><E45/><V129/><F129/><W124/><G124/><T17/><D17/><N who="1" m="8431" /><E134/><V107/><F107/><N who="1" m="41001" /><E63/><V122/><F122/><W78/><G51/><T130/><D130/><U20/><N who="1" m="5632" /><DORA hai="31" /><U18/><E18/><V91/><F100/><AGARI ba="0,0" hai="100,102,125,126,127" m="5632,41001,8431" machi="100" ten="50,2400,0" yaku="18,1" doraHai="64,31" who="1" fromWho="2" sc="188,0,250,24,312,-24,250,0" /><INIT seed="1,1,0,3,2,6" ten="188,274,288,250" oya="1" hai0="58,17,45,11,49,9,40,118,39,133,124,95,33" hai1="75,132,105,106,32,56,117,31,103,42,93,90,64" hai2="57,92,114,67,27,22,122,47,10,109,88,102,99" hai3="85,119,130,41,71,5,15,127,81,28,78,101,66"/><U69/><E117/><V7/><F122/><W35/><G130/><T111/><D118/><U134/><E75/><V4/><F114/><W76/><G119/><T86/><D111/><U129/><E129/><V3/><F109/><W44/><G127/><T19/><D124/><U72/><E72/><V121/><F121/><W23/><G35/><T43/><D133/><N who="1" m="51307" /><E69/><V18/><F47/><W112/><G112/><T104/><D104/><U77/><E77/><V126/><F126/><W74/><G101/><T52/><D33/><U2/><E2/><V73/><F73/><W123/><G123/><T125/><D125/><U46/><E103/><V63/><F7/><W68/><G66/><T37/><D37/><N who="1" m="21839" /><E56/><V38/><REACH who="2" step="1"/><F102/><REACH who="2" ten="188,274,278,250" step="2"/><W115/><G115/><T25/><D43/><U135/><E135/><V100/><F100/><W26/><G74/><T120/><D120/><U108/><E108/><V107/><F107/><W96/><G44/><T55/><D55/><U34/><E64/><V29/><F29/><W79/><G28/><T97/><D86/><N who="1" m="52439" /><E31/><V59/><F59/><W0/><G68/><T14/><D25/><U51/><E34/><V50/><F50/><W113/><G71/><T30/><D30/><U70/><E32/><V62/><F62/><W89/><G26/><T8/><REACH who="0" step="1"/><D17/><REACH who="0" ten="178,274,278,250" step="2"/><U16/><E105/><V54/><F54/><W1/><G113/><T83/><D83/><U13/><E106/><V53/><F53/><W87/><G81/><T36/><D36/><AGARI ba="1,2" hai="3,4,10,18,22,27,36,38,57,63,67,88,92,99" machi="36" ten="40,8000,1" yaku="1,1,52,1,54,1,53,1" doraHai="6" doraHaiUra="21" who="2" fromWho="0" sc="178,-83,274,0,278,103,250,0" /><INIT seed="2,0,0,0,0,111" ten="95,274,381,250" oya="2" hai0="104,50,44,49,94,109,38,117,106,10,93,31,57" hai1="80,52,60,58,43,63,25,120,92,62,47,105,21" hai2="35,6,95,71,20,129,2,78,110,29,89,68,3" hai3="61,12,86,112,114,64,27,98,128,76,90,126,65"/><V15/><F110/><W74/><G128/><T75/><D109/><U134/><E105/><V119/><F119/><W82/><G126/><T13/><D117/><U88/><E120/><V132/><F129/><W11/><G27/><T24/><D75/><U4/><E134/><V1/><F132/><W17/><G98/><T70/><D70/><U127/><E4/><V0/><F78/><W81/><REACH who="3" step="1"/><G65/><REACH who="3" ten="95,274,381,240" step="2"/><T26/><D38/><U46/><E127/><V54/><F68/><AGARI ba="0,1" hai="11,12,17,61,64,68,74,76,81,82,86,90,112,114" machi="68" ten="40,8000,1" yaku="1,1,2,1,52,2,53,0" doraHai="111" doraHaiUra="116" who="3" fromWho="2" sc="95,0,274,0,381,-80,240,90" /><INIT seed="3,0,0,4,1,39" ten="95,274,301,330" oya="3" hai0="130,36,118,14,42,115,7,25,60,100,83,120,27" hai1="63,77,65,40,35,67,94,124,51,84,129,20,26" hai2="22,91,61,28,4,46,43,10,1,131,78,111,41" hai3="82,34,79,128,11,12,70,9,132,68,105,112,133"/><W92/><G112/><T97/><D115/><U122/><E122/><V98/><F111/><W66/><G105/><T119/><D120/><U125/><E35/><V32/><F131/><W24/><G128/><T95/><D130/><U18/><E129/><V0/><F32/><W37/><G37/><T134/><D134/><N who="3" m="51817" /><G66/><T117/><D60/><U102/><E67/><V21/><F78/><W135/><G135/><T15/><D83/><U127/><E77/><V19/><F0/><W113/><G113/><T99/><D99/><U52/><E84/><V85/><F98/><W106/><G106/><T114/><D114/><U50/><E94/><V90/><F61/><W88/><G11/><T101/><D101/><U33/><E33/><V107/><F107/><W53/><G53/><T71/><D71/><U8/><E8/><V73/><F73/><N who="3" m="43375" /><G24/><T55/><D55/><U89/><E89/><V110/><F110/><W109/><G34/><T62/><D62/><U2/><E2/><V80/><F91/><W38/><G38/><T59/><D59/><N who="1" m="35303" /><E102/><V13/><REACH who="2" step="1"/><F46/><REACH who="2" ten="95,274,291,330" step="2"/><W126/><G109/><T58/><D58/><U104/><E104/><V123/><F123/><W64/><G70/><T108/><D108/><U49/><E65/><V3/><F3/><W57/><G68/><T93/><D93/><U76/><E76/><V87/><F87/><N who="3" m="52255" /><G64/><T81/><D81/><U86/><E86/><V29/><F29/><W5/><G57/><T17/><D7/><U47/><AGARI ba="0,1" hai="18,20,26,40,47,49,50,51,124,125,127" m="35303" machi="47" ten="40,5200,0" yaku="18,1,52,1,54,1" doraHai="39" who="1" fromWho="1" sc="95,-13,274,62,291,-13,330,-26" owari="82,-42.0,336,44.0,278,-12.0,304,10.0" /></mjloggm>