<mjloggm ver="2.3"><GO type="97" lobby="0"/><UN n0="%E3%83%9C%E3%83%A4%E3%83%83%E3%82%AD%E3%83%BC" n1="%E5%B0%B1%E6%B4%BB%E7%94%9F%40%E5%B7%9D%E6%9D%91%E8%BB%8D%E5%9B%A3" n2="%E5%94%AF%E4%BA%95%E3%81%B5%E3%81%9F%E3%81%BF" n3="%73%75%67%69%7A%61%6B%69" dan="14,14,15,14" rate="1995.99,1994.88,2014.06,1925.47" sx="M,M,F,M"/><TAIKYOKU oya="0"/><INIT seed="0,0,0,0,5,110" ten="250,250,250,250" oya="0" hai0="85,41,82,47,60,111,39,33,40,30,37,36,53" hai1="99,52,114,103,35,105,12,18,20,49,93,123,115" hai2="0,63,74,84,108,128,75,21,129,126,8,87,94" hai3="13,134,24,32,120,29,58,28,44,124,51,125,69"/><T54/><D111/><U97/><E123/><V9/><F108/><W76/><G69/><T106/><D106/><U7/><E7/><V90/><F126/><N who="3" m="48747" /><G120/><T107/><D107/><U42/><E42/><V116/><F116/><W78/><G134/><T130/><D130/><N who="2" m="50282" /><F21/><W19/><G58/><T57/><D54/><U77/><E77/><V22/><F22/><N who="3" m="11631" /><G28/><T10/><D10/><N who="2" m="4202" /><F0/><W11/><G11/><T96/><D96/><U5/><E5/><V45/><F45/><W127/><N who="3" m="48755" /><W25/><DORA hai="31" /><G24/><T101/><D101/><U59/><REACH who="1" step="1"/><E35/><REACH who="1" ten="250,240,250,250" step="2"/><V113/><F113/><W83/><G83/><T73/><D41/><AGARI ba="0,1" hai="25,29,32,41,44,51,76,78" m="11631,48755" machi="41" ten="40,2600,0" yaku="18,1,52,1" doraHai="110,31" who="3" fromWho="0" sc="250,-26,240,0,250,0,250,36" /><INIT seed="1,0,0,5,4,127" ten="224,240,250,286" oya="1" hai0="81,14,21,62,47,93,135,80,42,6,64,87,76" hai1="65,68,77,116,88,131,33,39,78,30,67,118,110" hai2="45,129,104,38,113,11,61,50,5,82,10,12,44" hai3="3,16,18,58,27,0,74,103,105,132,112,91,20"/><U122/><E39/><V56/><F104/><W2/><G74/><T57/><D135/><U23/><E122/><V133/><F133/><W60/><G132/><T123/><D123/><U75/><E33/><V25/><F113/><W40/><G112/><T13/><D81/><U100/><E100/><V26/><F38/><W126/><G126/><T51/><D21/><U35/><E35/><V108/><F108/><W49/><G91/><T119/><D119/><U52/><E68/><V101/><F101/><W15/><G103/><T48/><D48/><U117/><E110/><V7/><F82/><W19/><G105/><T98/><REACH who="0" step="1"/><D6/><REACH who="0" ten="214,240,250,286" step="2"/><U97/><E118/><V66/><F50/><W55/><REACH who="3" step="1"/><G15/><REACH who="3" ten="214,240,250,276" step="2"/><T106/><D106/><U34/><E117/><V59/><F12/><W128/><G128/><T89/><AGARI ba="0,2" hai="13,14,42,47,51,57,62,64,76,80,87,89,93,98" machi="89" ten="20,8000,1" yaku="1,1,0,1,7,1,8,1,53,1" doraHai="127" doraHaiUra="63" who="0" fromWho="0" sc="214,100,240,-40,250,-20,276,-20" /><INIT seed="2,0,0,2,1,97" ten="314,200,230,256" oya="2" hai0="100,15,16,130,6,94,75,90,29,119,124,61,108" hai1="21,32,39,37,42,132,87,63,19,111,80,129,40" hai2="3,31,82,65,118,58,116,122,23,123,121,35,92" hai3="117,24,133,38,78,120,95,56,72,68,131,135,62"/><V69/><F69/><W28/><G38/><T45/><D75/><U74/><E32/><V104/><F104/><W41/><G117/><T73/><D73/><U98/><E74/><V4/><F82/><N who="3" m="45383" /><G68/><T34/><D119/><U127/><E111/><V99/><F35/><W25/><G41/><T86/><D108/><U84/><E129/><V33/><F33/><W5/><G5/><T52/><D130/><U93/><E127/><V106/><F106/><W54/><G131/><T101/><D6/><U77/><E132/><N who="3" m="50762" /><G120/><T71/><D71/><U67/><E84/><V51/><F4/><W112/><G112/><T76/><D76/><U53/><E39/><V126/><F3/><W46/><G46/><T10/><D124/><U48/><E37/><V64/><F126/><W50/><G95/><T88/><D29/><U2/><E2/><V9/><F9/><W113/><G113/><T12/><D12/><U26/><E67/><V8/><F8/><W22/><G25/><T85/><D34/><U44/><REACH who="1" step="1"/><E63/><AGARI ba="0,0" hai="22,24,28,50,54,56,62,63" m="50762,45383" machi="63" ten="30,1000,0" yaku="20,1" doraHai="97" who="3" fromWho="1" sc="314,0,200,-10,230,0,256,10" /><INIT seed="3,0,0,3,2,68" ten="314,190,230,266" oya="3" hai0="15,30,27,131,40,127,99,82,115,31,98,93,117" hai1="33,12,135,90,44,77,42,24,69,116,56,45,67" hai2="66,16,87,22,89,96,57,35,103,76,43,21,20" hai3="112,51,17,14,34,75,29,114,92,3,48,88,10"/><W110/><G75/><T5/><D117/><U126/><E69/><V4/><F35/><W113/><G3/><T83/><D115/><U121/><E116/><V128/><F76/><W86/><REACH who="3" step="1"/><G110/><REACH who="3" ten="314,190,230,256" step="2"/><T61/><D131/><U119/><E119/><V134/><F128/><W100/><G100/><T55/><D127/><U8/><E121/><V118/><F118/><W104/><G104/><T125/><D125/><U1/><E126/><V91/><F103/><W32/><G32/><T105/><D105/><U52/><E1/><V111/><F111/><W7/><G7/><T81/><D31/><U25/><E135/><V122/><F4/><W84/><G84/><T54/><D30/><U102/><E33/><V49/><F134/><W38/><G38/><T58/><D98/><U70/><E102/><V13/><F122/><W36/><G36/><T64/><D99/><U124/><E124/><V72/><F72/><W23/><G23/><T120/><D5/><N who="1" m="3087" /><E70/><V85/><F96/><W107/><G107/><T41/><D120/><U130/><E130/><V39/><F39/><W19/><G19/><T62/><D27/><AGARI ba="0,1" hai="10,14,17,27,29,34,48,51,86,88,92,112,113,114" machi="27" ten="40,3900,0" yaku="1,1,54,1,53,0" doraHai="68" doraHaiUra="63" who="3" fromWho="0" sc="314,-39,190,0,230,0,256,49" owari="275,8.0,190,-31.0,230,-17.0,305,40.0" /></mjloggm>