<mjloggm ver="2.3"><GO type="97" lobby="0"/><UN n0="%6D%61%32%33" n1="%69%6B%61%75%73%74%61%6B" n2="%E5%B0%B1%E6%B4%BB%E7%94%9F%40%E5%B7%9D%E6%9D%91%E8%BB%8D%E5%9B%A3" n3="%64%68%69%6E%61%64%61%6E" dan="13,13,14,14" rate="1834.13,1914.28,1965.89,1913.26" sx="M,M,M,M"/><TAIKYOKU oya="0"/><INIT seed="0,0,0,1,5,102" ten="250,250,250,250" oya="0" hai0="109,129,13,100,86,130,113,124,26,8,46,27,114" hai1="58,121,79,135,14,73,71,89,52,132,103,77,35" hai2="119,62,47,97,83,42,16,120,5,15,106,56,32" hai3="118,4,94,50,43,37,34,19,68,105,123,115,111"/><T93/><D124/><U122/><E71/><V39/><F120/><W7/><G123/><T10/><D46/><U29/><E73/><V30/><F5/><W33/><G37/><T24/><D109/><U78/><E35/><V21/><F119/><W0/><G68/><T63/><D63/><N who="1" m="36295" /><E29/><V54/><F83/><W69/><G94/><T90/><D100/><U61/><E61/><V75/><F75/><W17/><G69/><T128/><REACH who="0" step="1"/><D13/><REACH who="0" ten="240,250,250,250" step="2"/><U65/><E103/><V38/><F38/><W51/><G111/><T70/><D70/><U107/><E14/><V108/><F108/><W85/><G118/><T23/><D23/><U64/><E121/><V60/><F60/><W53/><G34/><T98/><D98/><U12/><E12/><V66/><F97/><W2/><G33/><T57/><D57/><U44/><E122/><V96/><F96/><W91/><G0/><T87/><D87/><U131/><E44/><V127/><F127/><W81/><G2/><T40/><D40/><U67/><E135/><V6/><F32/><W45/><G115/><AGARI ba="0,1" hai="8,10,24,26,27,86,90,93,113,114,115,128,129,130" machi="115" ten="50,4800,0" yaku="1,1,19,1,53,0" doraHai="102" doraHaiUra="9" who="0" fromWho="3" sc="240,58,250,0,250,0,250,-48" /><INIT seed="0,1,0,1,4,78" ten="298,250,250,202" oya="0" hai0="98,73,76,24,50,12,113,2,3,61,87,109,49" hai1="69,135,132,26,41,47,106,9,85,38,110,117,7" hai2="58,55,44,32,10,21,31,86,30,64,43,27,79" hai3="81,11,103,53,0,5,84,130,94,54,29,90,125"/><T88/><D113/><U92/><E117/><V14/><F64/><W83/><G130/><T62/><D109/><U120/><E106/><V100/><F100/><W59/><G125/><T52/><D24/><U82/><E69/><V46/><F32/><W80/><G29/><T56/><D98/><U91/><E110/><V35/><F35/><W112/><G112/><T89/><D73/><U111/><E111/><V133/><F31/><W97/><REACH who="3" step="1"/><G59/><REACH who="3" ten="298,250,250,192" step="2"/><T57/><D57/><U127/><E127/><V126/><F126/><W65/><G65/><T134/><D56/><U28/><E120/><V72/><F133/><N who="1" m="51273" /><E28/><V108/><F108/><W104/><AGARI ba="1,1" hai="0,5,11,53,54,80,81,83,84,90,94,97,103,104" machi="104" ten="30,12000,2" yaku="1,1,0,1,52,3,53,1" doraHai="78" doraHaiUra="101" who="3" fromWho="3" sc="298,-61,250,-31,250,-31,192,133" /><INIT seed="1,0,0,4,4,48" ten="237,219,219,325" oya="1" hai0="57,106,110,34,82,126,4,85,54,100,3,67,125" hai1="72,83,86,79,68,64,108,10,65,53,18,47,92" hai2="96,31,91,114,29,107,58,73,41,28,116,32,5" hai3="78,14,90,26,20,30,101,105,13,98,132,33,56"/><U89/><E108/><V80/><F32/><W88/><G132/><T35/><D110/><U22/><E68/><V94/><F116/><W21/><G78/><T0/><D67/><U25/><E10/><V74/><F114/><W52/><G33/><T59/><D100/><U118/><E118/><V103/><F41/><W9/><G21/><T87/><D106/><U37/><E37/><V11/><F58/><W70/><G70/><T43/><D43/><U133/><E133/><V1/><REACH who="2" step="1"/><F80/><REACH who="2" ten="237,219,209,325" step="2"/><W63/><REACH who="3" step="1"/><G14/><REACH who="3" ten="237,219,209,315" step="2"/><T44/><D35/><U39/><E39/><V111/><F111/><W117/><G117/><T46/><D34/><U36/><E36/><V97/><AGARI ba="0,2" hai="1,5,11,28,29,31,73,74,91,94,96,97,103,107" machi="97" ten="30,2000,0" yaku="1,1,0,1,53,0" doraHai="48" doraHaiUra="66" who="2" fromWho="2" sc="237,-5,219,-10,209,40,315,-5" /><INIT seed="2,0,0,3,4,30" ten="232,209,249,310" oya="2" hai0="39,12,113,2,67,89,77,20,111,25,45,74,116" hai1="70,117,127,5,126,31,56,33,100,17,99,48,95" hai2="103,78,121,97,131,7,51,115,129,107,46,26,66" hai3="123,40,108,92,41,96,55,54,130,75,13,35,91"/><V61/><F121/><W58/><G123/><T24/><D2/><U44/><E70/><V52/><F115/><W110/><G130/><N who="2" m="49673" /><F78/><W8/><G75/><T63/><D113/><U82/><E117/><V76/><F76/><W132/><G35/><T15/><D111/><N who="3" m="42537" /><G132/><T73/><D116/><U60/><E5/><V37/><F7/><N who="3" m="3231" /><G54/><T34/><D89/><U11/><E82/><V102/><F102/><W27/><G27/><T23/><D77/><U32/><E31/><V118/><F118/><W125/><G125/><N who="1" m="47626" /><E17/><V57/><F26/><W29/><G29/><T6/><D6/><U14/><E14/><V85/><F85/><W112/><G112/><T87/><D87/><U90/><E11/><V10/><F10/><W83/><G83/><T105/><D12/><U4/><E4/><V69/><F37/><W62/><AGARI ba="0,0" hai="40,41,55,58,62,91,92,96" m="3231,42537" machi="62" ten="30,1100,0" yaku="14,1" doraHai="30" who="3" fromWho="3" sc="232,-3,209,-3,249,-5,310,11" /><INIT seed="3,0,0,2,4,57" ten="229,206,244,321" oya="3" hai0="124,92,99,121,11,120,0,103,71,82,19,76,51" hai1="102,104,59,119,65,44,12,29,85,97,8,75,7" hai2="35,107,81,18,94,100,112,17,123,126,93,42,45" hai3="77,105,87,4,127,25,53,98,50,9,55,113,106"/><W40/><G113/><T122/><D124/><U69/><E69/><V56/><F35/><W86/><G106/><T30/><D30/><U131/><E75/><V60/><F107/><W1/><G40/><T10/><D71/><U32/><E131/><V38/><F112/><W67/><G67/><T2/><D51/><U48/><E119/><V115/><F115/><W125/><G25/><T24/><D24/><U129/><E129/><V128/><F128/><W64/><G64/><T23/><D23/><U114/><E114/><V117/><F126/><W47/><G55/><T43/><D43/><U52/><E85/><V21/><F117/><W54/><G54/><T20/><D20/><U36/><E32/><V41/><F41/><W31/><G31/><T96/><D96/><U3/><E29/><V79/><F123/><W95/><G105/><T109/><D109/><U80/><E80/><V130/><F100/><W66/><G66/><T89/><D103/><U63/><REACH who="1" step="1"/><E36/><REACH who="1" ten="229,196,244,321" step="2"/><V22/><F130/><W16/><G87/><T111/><D111/><U84/><E84/><V70/><F70/><W37/><G86/><T110/><D110/><U132/><E132/><V72/><F81/><W46/><G37/><T15/><REACH who="0" step="1"/><D10/><REACH who="0" ten="219,196,244,321" step="2"/><U135/><E135/><V14/><F72/><AGARI ba="0,2" hai="0,2,11,15,19,72,76,82,89,92,99,120,121,122" machi="72" ten="40,2600,0" yaku="1,1,2,1,53,0" doraHai="57" doraHaiUra="27" who="0" fromWho="2" sc="219,46,196,0,244,-26,321,0" owari="265,7.0,196,-30.0,218,-18.0,321,41.0" /></mjloggm>