<mjloggm ver="2.3"><GO type="97" lobby="0"/><UN n0="%E5%B0%B1%E6%B4%BB%E7%94%9F%40%E5%B7%9D%E6%9D%91%E8%BB%8D%E5%9B%A3" n1="%E3%82%84%E3%81%BE%E3%81%8A" n2="%E9%87%8C%E4%B8%AD%E4%BA%9C%E7%9F%A2%E5%AD%90" n3="%EF%BC%A7%EF%BC%94%E9%BE%8D%E9%96%80" dan="15,13,14,14" rate="2054.55,1831.34,1910.27,1978.18" sx="M,M,F,M"/><TAIKYOKU oya="0"/><INIT seed="0,0,0,3,3,4" ten="250,250,250,250" oya="0" hai0="95,129,98,118,126,62,70,12,115,17,103,27,41" hai1="60,36,50,105,14,91,111,38,25,55,43,6,52" hai2="18,63,123,11,120,87,132,79,82,73,66,135,74" hai3="51,5,100,121,94,49,44,124,101,22,45,113,106"/><T13/><D115/><U116/><E105/><V102/><F102/><W61/><G106/><T3/><D3/><U67/><E116/><V114/><F114/><W71/><G113/><T57/><D118/><U2/><E2/><V72/><F18/><W23/><G124/><T80/><D129/><U47/><E25/><V59/><REACH who="2" step="1"/><F11/><REACH who="2" ten="250,250,240,250" step="2"/><W37/><G101/><T86/><D126/><U34/><E6/><V131/><F131/><W108/><G5/><T0/><D0/><U54/><E34/><V97/><F97/><W42/><G100/><T130/><D130/><U46/><E14/><V8/><F8/><W19/><G19/><T31/><D13/><U21/><E21/><V133/><AGARI ba="0,1" hai="59,63,66,72,73,74,79,82,87,120,123,132,133,135" machi="133" ten="40,8000,1" yaku="1,1,0,1,20,1,53,1" doraHai="4" doraHaiUra="83" who="2" fromWho="2" sc="250,-40,250,-20,240,90,250,-20" /><INIT seed="1,0,0,4,1,93" ten="210,230,330,230" oya="1" hai0="8,95,18,46,52,135,91,45,64,25,71,51,2" hai1="43,1,78,74,128,28,109,0,81,116,103,21,79" hai2="5,115,101,53,41,11,82,105,72,106,121,76,57" hai3="40,111,98,66,56,50,86,129,67,29,130,68,55"/><U26/><E116/><V75/><F121/><W127/><G111/><T22/><D135/><U61/><E109/><V133/><F133/><W132/><G132/><T19/><D71/><U36/><E128/><N who="3" m="49258" /><G127/><T84/><D64/><U113/><E113/><V32/><F32/><W6/><G86/><T60/><D60/><U99/><E78/><V49/><F72/><W90/><G68/><T35/><D35/><U118/><E118/><V114/><F41/><W62/><G6/><T70/><D70/><U112/><E112/><N who="2" m="43051" /><F101/><W58/><G29/><T80/><D95/><U44/><REACH who="1" step="1"/><E61/><REACH who="1" ten="210,220,330,230" step="2"/><V42/><F42/><W20/><G40/><T16/><D46/><U104/><AGARI ba="0,1" hai="0,1,21,26,28,36,43,44,74,79,81,99,103,104" machi="104" ten="20,18000,2" yaku="1,1,2,1,0,1,7,1,52,1,53,1" doraHai="93" doraHaiUra="23" who="1" fromWho="1" sc="210,-60,220,190,330,-60,230,-60" /><INIT seed="1,1,0,1,5,125" ten="150,410,270,170" oya="1" hai0="121,109,7,21,80,35,13,113,24,17,72,61,88" hai1="90,111,86,106,34,120,14,102,45,49,41,20,38" hai2="98,122,76,103,132,18,44,37,79,130,51,30,52" hai3="50,123,33,104,5,27,47,53,46,84,43,69,110"/><U56/><E34/><V32/><F122/><W124/><G123/><T97/><D109/><U129/><E111/><V10/><F132/><W126/><G110/><T26/><D113/><U6/><E120/><V55/><F37/><W131/><G104/><T16/><D121/><U114/><E114/><V127/><F127/><N who="3" m="48683" /><G69/><T128/><D128/><U25/><E129/><V15/><F130/><W108/><G108/><T81/><D72/><U63/><E106/><V133/><F133/><W19/><G131/><T28/><D7/><U107/><E107/><V99/><F32/><W2/><G84/><T67/><D97/><N who="2" m="36874" /><F30/><W23/><G33/><T82/><D88/><U77/><E102/><V1/><F1/><W96/><G96/><T65/><REACH who="0" step="1"/><D61/><REACH who="0" ten="140,410,270,170" step="2"/><U12/><E6/><V101/><F101/><W100/><G100/><T93/><D93/><U119/><E90/><V58/><F103/><W60/><G60/><AGARI ba="1,1" hai="10,15,18,44,51,52,55,58,60,76,79" m="36874" machi="60" ten="30,2000,0" yaku="8,1,54,1" doraHai="125" who="2" fromWho="3" sc="140,0,410,0,270,33,170,-23" /><INIT seed="2,0,0,0,1,85" ten="140,410,303,147" oya="2" hai0="131,6,22,111,116,57,33,23,17,52,109,96,104" hai1="107,48,86,1,87,90,81,114,46,74,65,21,102" hai2="7,41,123,59,130,3,76,79,30,122,53,92,49" hai3="66,103,9,50,56,5,47,126,64,133,93,118,26"/><V108/><F30/><W61/><G118/><T132/><D33/><U67/><E114/><V38/><F130/><W20/><G133/><T27/><D116/><U83/><E74/><V25/><F25/><W40/><G126/><T12/><D132/><U84/><E1/><V62/><F38/><W91/><G103/><N who="0" m="62567" /><D131/><U69/><E21/><V55/><F41/><W99/><G9/><T72/><D72/><U105/><E102/><V125/><F125/><W24/><G5/><T98/><D98/><U68/><E86/><V106/><F106/><W18/><REACH who="3" step="1"/><G26/><REACH who="3" ten="140,410,303,137" step="2"/><T13/><D6/><U63/><E107/><V60/><F7/><W15/><G15/><T42/><D42/><U135/><E105/><V28/><F3/><W45/><G45/><T113/><D113/><U119/><E135/><V19/><F123/><W73/><G73/><T54/><D13/><U112/><E119/><V101/><F122/><W80/><G80/><T10/><D10/><U43/><E112/><V124/><F124/><W129/><G129/><T70/><D70/><U97/><E69/><V120/><F120/><W115/><G115/><T37/><D37/><U58/><E68/><V134/><F134/><W51/><G51/><T110/><D57/><U29/><E29/><AGARI ba="0,1" hai="12,17,22,23,27,29,52,54,109,110,111" m="62567" machi="29" ten="30,2000,0" yaku="14,1,54,1" doraHai="85" who="0" fromWho="1" sc="140,30,410,-20,303,0,137,0" /><INIT seed="3,0,0,2,0,0" ten="170,390,303,137" oya="3" hai0="21,25,40,89,56,116,71,10,118,62,120,33,43" hai1="48,53,27,36,86,125,34,93,66,42,22,129,130" hai2="98,78,131,3,105,58,114,16,85,97,59,112,115" hai3="106,90,91,54,74,103,18,32,47,63,60,124,95"/><W108/><G32/><T29/><D71/><U133/><E34/><V5/><F131/><N who="1" m="50185" /><E66/><V35/><F35/><W45/><G74/><T39/><D120/><U104/><E104/><V122/><F122/><W94/><G106/><T123/><D10/><U37/><E42/><V109/><F109/><W82/><G103/><T96/><D89/><N who="1" m="53431" /><E133/><V9/><F16/><W111/><G82/><T87/><D21/><U79/><E79/><V51/><F105/><W2/><G2/><T50/><D50/><U15/><E15/><V101/><F101/><W69/><G69/><T117/><D56/><N who="1" m="32807" /><E125/><V17/><F17/><AGARI ba="0,0" hai="17,22,27,36,37" m="32807,53431,50185" machi="17" ten="30,1000,0" yaku="19,1" doraHai="0" who="1" fromWho="2" sc="170,0,390,10,303,-10,137,0" owari="170,-23.0,400,50.0,293,9.0,137,-36.0" /></mjloggm>