<mjloggm ver="2.3"><GO type="41" lobby="0"/><UN n0="%E5%B0%B1%E6%B4%BB%E7%94%9F%40%E5%B7%9D%E6%9D%91%E8%BB%8D%E5%9B%A3" n1="%E3%83%81%E3%83%A7%E3%83%83%E3%83%88%E5%BE%85%E3%81%A3%E3%81%9F" n2="%E3%81%8D%E3%81%AE%E3%81%93%E3%82%81%E3%82%93" n3="%4B%61%70%70%61%67%69" dan="15,13,15,14" rate="2023.48,1867.67,2151.78,1901.03" sx="M,M,M,M"/><TAIKYOKU oya="0"/><INIT seed="0,0,0,2,2,3" ten="250,250,250,250" oya="0" hai0="45,105,9,17,28,46,114,30,33,55,21,120,44" hai1="94,72,39,112,66,62,53,35,48,81,23,60,37" hai2="24,133,10,57,32,126,5,124,4,87,93,78,70" hai3="135,97,61,118,80,68,19,99,20,134,127,43,96"/><T13/><D120/><U42/><E72/><V67/><F70/><W111/><G118/><T18/><D114/><U6/><E112/><V49/><F133/><N who="3" m="50699" /><G43/><T7/><D105/><U15/><E35/><V29/><F10/><W59/><G68/><T95/><D33/><U12/><E81/><N who="2" m="47543" /><F93/><W54/><G80/><T117/><D117/><U98/><E37/><V8/><F8/><W47/><G47/><T115/><D115/><U122/><E39/><V110/><F110/><W79/><G79/><T63/><D95/><U121/><E122/><V16/><F16/><N who="0" m="6250" /><D21/><U131/><E121/><V91/><F91/><W74/><G74/><T31/><D63/><U25/><E42/><V107/><F107/><W100/><G111/><T52/><AGARI ba="0,0" hai="7,9,13,28,30,31,44,45,46,52,55" m="6250" machi="52" ten="40,12000,1" yaku="8,1,52,1,54,2" doraHai="3" who="0" fromWho="0" sc="250,120,250,-40,250,-40,250,-40" /><INIT seed="0,1,0,5,2,39" ten="370,210,210,210" oya="0" hai0="16,112,73,117,82,7,22,83,107,58,114,0,127" hai1="8,61,126,9,25,32,77,116,14,12,38,26,86" hai2="75,20,64,68,56,135,95,42,113,43,105,57,50" hai3="84,71,115,119,13,89,10,36,81,109,72,108,125"/><T129/><D117/><U59/><E116/><V92/><F105/><W34/><G34/><T85/><D107/><U63/><E38/><V11/><F75/><W118/><G71/><T110/><D73/><U55/><E126/><V133/><F11/><W111/><G36/><T19/><D127/><U44/><E32/><V51/><F20/><W48/><G48/><N who="2" m="18473" /><F113/><W27/><G27/><T106/><D106/><U46/><E63/><N who="2" m="39967" /><F92/><N who="3" m="54311" /><G10/><N who="1" m="4202" /><E86/><V104/><F95/><W23/><G23/><T96/><D0/><U70/><E70/><V103/><F103/><W88/><G13/><N who="1" m="5226" /><E77/><V134/><F104/><W99/><G125/><T120/><D7/><U69/><E69/><V128/><F128/><W98/><G115/><T47/><D129/><U54/><E54/><V132/><F132/><W28/><G72/><T24/><D85/><U40/><E46/><V53/><F53/><W91/><G28/><T35/><D47/><U100/><E100/><V65/><F65/><W62/><G81/><T37/><D35/><U49/><AGARI ba="1,0" hai="25,26,40,44,49,55,59,61" m="5226,4202" machi="49" ten="30,2000,0" yaku="8,1,52,1" doraHai="39" who="1" fromWho="1" sc="370,-11,210,23,210,-6,210,-6" /><INIT seed="1,0,0,5,3,77" ten="359,233,204,204" oya="1" hai0="130,126,121,135,88,80,33,51,78,98,20,17,74" hai1="61,83,123,110,19,76,69,7,70,68,47,94,117" hai2="36,133,100,90,16,22,108,54,45,31,62,57,39" hai3="26,14,127,134,56,122,9,4,99,13,65,132,38"/><U118/><E123/><V106/><F108/><W24/><G122/><T82/><D33/><U101/><E110/><V63/><F133/><N who="3" m="51307" /><G38/><T12/><D121/><U125/><E125/><V114/><F31/><W92/><G127/><T1/><D1/><U95/><E7/><V79/><F114/><W124/><G124/><T46/><D126/><U103/><E47/><V32/><F32/><W25/><G14/><T84/><D135/><U96/><E61/><V131/><F131/><W8/><G8/><T48/><D130/><U50/><E50/><V129/><F129/><W71/><G71/><T15/><D46/><U119/><E19/><V75/><F63/><N who="3" m="38119" /><G24/><T42/><D42/><U23/><E23/><V107/><F45/><W60/><G60/><T85/><D74/><U29/><E29/><V59/><F59/><W21/><G21/><T87/><D87/><U81/><E76/><V11/><F11/><W49/><G49/><N who="0" m="19019" /><D98/><AGARI ba="0,0" hai="68,69,70,81,83,94,95,96,98,101,103,117,118,119" machi="98" ten="50,9600,0" yaku="9,1,52,2" doraHai="77" who="1" fromWho="0" sc="359,-96,233,96,204,0,204,0" /><INIT seed="1,1,0,5,1,128" ten="263,329,204,204" oya="1" hai0="116,75,93,52,23,11,18,132,56,13,61,123,30" hai1="29,79,2,76,72,27,83,96,60,109,99,22,94" hai2="119,108,20,81,134,107,31,110,4,92,84,112,43" hai3="122,37,5,54,40,67,125,45,16,80,7,12,42"/><U65/><E2/><V8/><F119/><W62/><G122/><T129/><D116/><U82/><E109/><N who="2" m="42091" /><F107/><W133/><G125/><T46/><D123/><U114/><E114/><V103/><F43/><W28/><G28/><T95/><D129/><U32/><E32/><V71/><F71/><W115/><G115/><T105/><D105/><U85/><E94/><V131/><F131/><W6/><G80/><T53/><D75/><U14/><REACH who="1" step="1"/><E14/><REACH who="1" ten="263,319,204,204" step="2"/><V35/><F92/><W89/><G12/><T70/><D95/><U98/><E98/><V49/><F35/><W47/><G37/><T68/><D93/><U33/><E33/><V118/><F112/><W106/><G106/><T50/><D132/><U51/><E51/><V25/><F118/><W10/><G62/><T69/><REACH who="0" step="1"/><D30/><REACH who="0" ten="253,319,204,204" step="2"/><U102/><E102/><V21/><F103/><W121/><G133/><T63/><D63/><U34/><E34/><V1/><F134/><W3/><G121/><T127/><D127/><U48/><E48/><V101/><F49/><W88/><G42/><T117/><D117/><U19/><E19/><V100/><F31/><W59/><G16/><T9/><AGARI ba="1,2" hai="9,11,13,18,23,46,50,52,53,56,61,68,69,70" machi="9" ten="40,5200,0" yaku="1,1,0,1,54,1,53,0" doraHai="128" doraHaiUra="73" who="0" fromWho="0" sc="253,75,319,-27,204,-14,204,-14" /><INIT seed="2,0,0,3,0,101" ten="328,292,190,190" oya="2" hai0="62,90,89,99,22,2,33,77,95,5,21,42,64" hai1="107,12,26,32,128,63,111,44,110,126,121,108,100" hai2="70,3,23,13,68,79,96,97,91,83,40,41,48" hai3="73,20,52,69,105,82,135,98,93,6,14,113,7"/><V84/><F3/><W25/><G69/><T134/><D33/><U129/><E44/><N who="2" m="25615" /><F70/><W131/><G131/><N who="1" m="50250" /><E126/><V122/><F122/><W85/><G135/><T80/><D134/><U66/><E12/><V133/><F133/><W38/><G38/><T81/><D42/><U10/><E10/><V78/><F68/><W15/><G113/><T125/><D125/><U30/><E121/><V114/><F114/><W39/><G39/><T124/><D124/><U60/><E66/><V9/><F40/><W76/><G6/><T55/><D5/><U35/><E35/><V29/><F23/><W104/><G73/><T31/><D2/><U36/><E36/><V56/><F29/><W87/><G87/><T24/><D55/><U102/><E102/><V11/><F56/><W103/><G52/><T17/><D89/><U127/><E127/><V109/><F109/><N who="1" m="27905" /><U61/><DORA hai="45" /><E100/><V119/><F9/><W120/><G120/><T51/><D77/><N who="2" m="29194" /><F119/><W57/><G57/><T53/><D64/><U59/><E59/><V19/><AGARI ba="0,0" hai="11,13,19,83,84,91,96,97" m="29194,25615" machi="19" ten="30,3000,0" yaku="8,1,52,1" doraHai="101,45" who="2" fromWho="2" sc="328,-10,292,-10,190,30,190,-10" /><INIT seed="2,1,0,1,4,119" ten="318,282,220,180" oya="2" hai0="133,106,97,19,46,74,57,107,91,54,80,3,85" hai1="16,99,34,122,81,17,8,50,5,26,21,75,2" hai2="117,67,61,73,63,84,48,96,29,115,69,125,112" hai3="11,95,27,123,15,66,60,56,71,49,62,114,20"/><V109/><F73/><W41/><G114/><T40/><D133/><U6/><E99/><V52/><F117/><W22/><G95/><T72/><D3/><U38/><E38/><V44/><F29/><W130/><G130/><T13/><D74/><U110/><E81/><V25/><F25/><W4/><G27/><T134/><D72/><U131/><E75/><V31/><F31/><W127/><G127/><T12/><D12/><U47/><E131/><V135/><F96/><W58/><G123/><T126/><D126/><U87/><E87/><V118/><F84/><W23/><G62/><T90/><D90/><U37/><E37/><V92/><F92/><W89/><G89/><T124/><D97/><U132/><E132/><V128/><F128/><W70/><REACH who="3" step="1"/><G41/><REACH who="3" ten="318,282,220,170" step="2"/><T30/><D124/><U105/><E122/><V79/><F125/><W78/><G78/><T10/><D134/><U9/><E105/><V14/><F79/><W103/><G103/><T77/><D77/><U1/><E110/><V68/><F135/><W116/><G116/><T24/><D107/><U121/><E121/><V129/><F129/><W0/><G0/><T76/><D76/><U86/><E86/><V113/><F118/><W102/><G102/><T88/><D106/><U36/><E36/><V98/><F98/><W42/><G42/><T33/><D91/><U35/><E17/><V100/><F100/><W28/><G28/><T104/><D104/><U83/><E83/><V93/><F93/><W51/><G51/><N who="0" m="29047" /><D40/><AGARI ba="1,1" hai="1,2,5,6,8,9,16,21,26,34,35,40,47,50" machi="40" ten="30,3900,0" yaku="7,1,9,1,54,1" doraHai="119" who="1" fromWho="0" sc="318,-42,282,52,220,0,170,0" /><INIT seed="3,0,0,0,4,20" ten="276,334,220,170" oya="3" hai0="5,109,100,43,83,126,97,74,133,54,81,7,129" hai1="73,12,119,11,104,125,70,56,96,62,101,17,128" hai2="58,134,91,72,111,16,42,99,45,25,76,89,110" hai3="9,122,35,112,84,82,121,51,36,37,123,15,55"/><W102/><G102/><T115/><D115/><U46/><E125/><V23/><F134/><W107/><G107/><T113/><D113/><U131/><E73/><V77/><F58/><W0/><G35/><T67/><D67/><U31/><E70/><V22/><F22/><W60/><G60/><T63/><D43/><U118/><E46/><V21/><F99/><W2/><G37/><T94/><D109/><N who="2" m="41482" /><F23/><W106/><G106/><T65/><D126/><U47/><E47/><V116/><F116/><N who="1" m="44585" /><E31/><V95/><F72/><W10/><G36/><T33/><D33/><U90/><E90/><N who="2" m="34315" /><F95/><W105/><G105/><T27/><D74/><U108/><E108/><V120/><F120/><W49/><G112/><T19/><D65/><AGARI ba="0,0" hai="11,12,17,56,62,65,96,101,104,128,131" m="44585" machi="65" ten="30,1000,0" yaku="12,1" doraHai="20" who="1" fromWho="0" sc="276,-10,334,10,220,0,170,0" /><INIT seed="4,0,0,4,1,34" ten="266,344,220,170" oya="0" hai0="112,135,104,30,41,93,27,95,22,44,74,18,50" hai1="111,100,24,121,117,134,19,124,79,29,15,51,116" hai2="73,54,10,108,12,55,77,115,133,33,127,49,7" hai3="35,107,0,89,9,97,122,86,2,42,126,52,46"/><T103/><D74/><U120/><E111/><V21/><F108/><W32/><G35/><T40/><D112/><U16/><E100/><V82/><F115/><W58/><G32/><T81/><D135/><U106/><E106/><V76/><F133/><W6/><G122/><N who="1" m="47210" /><E79/><V62/><F33/><W129/><G129/><T91/><D104/><U60/><E60/><V85/><F127/><W25/><G25/><T13/><D103/><U80/><E80/><V1/><F73/><W67/><G67/><T83/><D41/><U87/><E51/><V92/><F92/><W75/><G75/><T5/><D95/><U70/><E87/><V123/><F123/><W84/><G126/><T118/><D5/><U96/><E70/><V11/><F76/><W71/><G71/><T4/><D4/><U64/><E64/><V31/><F62/><W132/><G132/><T28/><D118/><N who="1" m="45675" /><E96/><V98/><F98/><W17/><G107/><T37/><D37/><U47/><E47/><V23/><F31/><N who="0" m="11818" /><D27/><U8/><E134/><V38/><F38/><W45/><G97/><AGARI ba="0,0" hai="13,18,22,40,44,50,81,83,91,93,97" m="11818" machi="97" ten="30,1500,0" yaku="8,1" doraHai="34" who="0" fromWho="3" sc="266,15,344,0,220,0,170,-15" /><INIT seed="4,1,0,4,3,86" ten="281,344,220,155" oya="0" hai0="2,47,60,38,6,36,80,69,107,44,96,20,101" hai1="25,31,52,73,118,126,110,57,62,82,133,29,59" hai2="81,127,19,94,13,105,1,100,103,54,113,77,109" hai3="41,63,129,53,40,89,48,132,117,27,108,134,92"/><T66/><D47/><U72/><E118/><V14/><F109/><W84/><G117/><T90/><D20/><U83/><E110/><V123/><F123/><W98/><G108/><T42/><D80/><U23/><E126/><V46/><F127/><W61/><G27/><T50/><D6/><U95/><E133/><V115/><F105/><W49/><G129/><T91/><REACH who="0" step="1"/><D2/><REACH who="0" ten="271,344,220,155" step="2"/><U70/><E73/><V112/><F1/><W104/><G134/><T99/><D99/><U102/><E72/><V67/><F113/><W9/><G132/><T33/><D33/><U106/><E106/><V43/><F115/><W130/><G104/><T116/><D116/><U68/><E83/><V114/><F114/><W15/><G98/><T28/><D28/><U24/><E82/><V55/><F112/><W71/><G130/><T51/><D51/><U0/><E0/><V35/><F35/><W124/><G124/><T79/><D79/><U45/><E45/><V135/><F135/><W120/><G120/><T7/><D7/><U74/><E74/><V128/><F128/><W76/><G76/><T97/><D97/><U18/><E31/><V75/><F75/><W93/><G93/><T131/><D131/><U85/><E29/><V37/><F37/><AGARI ba="1,1" hai="36,37,38,42,44,50,60,66,69,90,91,96,101,107" machi="37" ten="40,7700,0" yaku="1,1,52,2,53,0" doraHai="86" doraHaiUra="26" who="0" fromWho="2" sc="271,90,344,0,220,-80,155,0" /><INIT seed="4,2,0,3,5,46" ten="361,344,140,155" oya="0" hai0="125,51,50,54,9,0,4,91,53,131,108,41,20" hai1="85,84,118,43,56,27,44,2,39,90,120,52,10" hai2="48,24,17,101,36,13,21,78,117,123,129,15,71" hai3="47,1,88,32,77,61,63,6,69,18,104,67,103"/><T65/><D41/><U70/><E118/><V81/><F36/><W7/><G77/><T12/><D108/><U86/><E120/><V23/><F123/><W95/><G1/><T60/><D125/><U119/><E70/><V38/><F38/><W82/><G32/><T106/><D106/><U115/><E115/><V14/><F117/><W122/><G104/><T45/><D131/><U107/><E107/><V94/><F129/><W42/><G122/><T134/><D134/><U127/><E119/><V89/><F71/><W72/><G61/><T3/><D91/><U135/><E127/><V11/><F101/><W97/><G18/><T55/><D20/><U87/><E135/><V92/><F48/><W76/><REACH who="3" step="1"/><G103/><REACH who="3" ten="361,344,140,145" step="2"/><T98/><D0/><U40/><E2/><V121/><F121/><W66/><G66/><T102/><D3/><U79/><E79/><V128/><F128/><W59/><G59/><N who="0" m="37023" /><D45/><U58/><E43/><V124/><F124/><W8/><G8/><T113/><D113/><U83/><E58/><V130/><F130/><W22/><G22/><T68/><D68/><U35/><E35/><V111/><F111/><W110/><G110/><T74/><D74/><U49/><REACH who="1" step="1"/><E10/><REACH who="1" ten="361,334,140,145" step="2"/><V62/><F11/><W64/><G64/><T37/><D9/><U105/><E105/><V28/><F78/><W73/><G73/><T93/><D4/><U99/><E99/><V57/><F57/><W26/><G26/><AGARI ba="2,2" hai="26,27,39,40,44,49,52,56,83,84,85,86,87,90" machi="26" ten="40,5200,0" yaku="1,1,52,1,54,1,53,0" doraHai="46" doraHaiUra="112" who="1" fromWho="3" sc="361,0,334,78,140,0,145,-58" /><INIT seed="5,0,0,0,0,35" ten="361,412,140,87" oya="1" hai0="118,111,96,84,8,57,51,48,25,20,5,115,52" hai1="122,33,15,98,36,76,126,31,44,108,87,29,104" hai2="82,4,56,66,21,14,109,107,130,99,49,54,28" hai3="39,6,63,64,72,100,134,27,103,95,24,46,101"/><U119/><E122/><V88/><F109/><W129/><G72/><T121/><D111/><U71/><E108/><V22/><F130/><W41/><G129/><T60/><D118/><U92/><E119/><V79/><F66/><W2/><G134/><T0/><D121/><U93/><E71/><V125/><F125/><W3/><G95/><T133/><D133/><U78/><E36/><V23/><F28/><W83/><G83/><T61/><D115/><U94/><E104/><V50/><F107/><W65/><G65/><T120/><D120/><U38/><E126/><V34/><F34/><W7/><G7/><T32/><D32/><U74/><E33/><V127/><F127/><W59/><REACH who="3" step="1"/><G6/><REACH who="3" ten="361,412,140,77" step="2"/><T68/><D96/><U26/><E94/><N who="2" m="56775" /><F82/><W11/><G11/><T1/><D68/><U58/><E92/><V45/><F79/><W135/><G135/><T42/><D84/><U12/><E78/><V131/><F131/><W73/><G73/><T97/><D97/><U86/><E74/><V55/><F4/><W10/><G10/><T89/><D89/><U81/><E98/><V105/><F105/><W37/><G37/><T47/><REACH who="0" step="1"/><D0/><AGARI ba="0,1" hai="0,2,3,24,27,39,41,46,59,63,64,100,101,103" machi="0" ten="40,8000,1" yaku="1,1,52,3,53,1" doraHai="35" doraHaiUra="69" who="3" fromWho="0" sc="361,-80,412,0,140,0,77,90" /><INIT seed="6,0,0,3,2,79" ten="281,412,140,167" oya="2" hai0="119,3,0,52,116,80,13,126,124,134,36,22,68" hai1="91,102,24,75,65,118,31,112,19,101,105,117,133" hai2="66,5,61,71,35,37,44,70,90,63,89,81,123" hai3="83,11,114,92,121,62,87,82,115,60,93,23,56"/><V48/><F123/><W73/><G11/><T17/><D68/><U111/><E75/><V109/><F35/><W128/><G121/><T9/><D36/><U69/><E111/><V4/><F109/><W129/><G23/><T34/><D34/><U64/><E112/><N who="3" m="43050" /><G73/><T96/><D96/><U57/><E133/><V55/><F37/><W6/><G6/><N who="0" m="1223" /><D134/><U43/><E69/><V127/><F127/><N who="0" m="48682" /><D3/><U130/><E43/><V49/><F49/><W97/><G87/><T88/><D52/><U67/><E130/><N who="3" m="50282" /><G62/><T84/><AGARI ba="0,0" hai="13,17,22,80,84,88,116,119" m="48682,1223" machi="84" ten="30,4000,0" yaku="18,1,52,1,54,1" doraHai="79" who="0" fromWho="0" sc="281,40,412,-10,140,-20,167,-10" /><INIT seed="7,0,0,5,0,11" ten="321,402,120,157" oya="3" hai0="123,93,53,115,98,60,5,76,55,41,124,101,77" hai1="107,83,14,120,43,67,78,47,95,129,4,23,40" hai2="106,84,126,116,85,58,73,112,131,90,92,74,68" hai3="119,108,69,9,63,0,94,31,30,44,70,1,19"/><W99/><G119/><T59/><D123/><U72/><E120/><V118/><F68/><W103/><G108/><T80/><D124/><U96/><E107/><V130/><F58/><W81/><G81/><T32/><D32/><U91/><E129/><N who="2" m="49163" /><F126/><W26/><G44/><T114/><D5/><U46/><E67/><V39/><F39/><W45/><G31/><T87/><D41/><U65/><E65/><V105/><F112/><N who="0" m="43050" /><D55/><U33/><E33/><V24/><F24/><W102/><G102/><T97/><D97/><U133/><E133/><V113/><F113/><W56/><G45/><T48/><D48/><U110/><E23/><V20/><F20/><W50/><G50/><T21/><D21/><U75/><E75/><N who="2" m="28683" /><F84/><W37/><G37/><T22/><D22/><U104/><E104/><AGARI ba="0,0" hai="85,90,92,104,105,106,116,118" m="28683,49163" machi="104" ten="40,5200,0" yaku="19,1,34,2" doraHai="11" who="2" fromWho="1" sc="321,0,402,-52,120,52,157,0" owari="321,12.0,350,45.0,172,-23.0,157,-34.0" /></mjloggm>