<mjloggm ver="2.3"><GO type="97" lobby="0"/><UN n0="%E3%81%AF%E3%81%90%E3%82%8C%E3%82%81%E3%81%9F%E3%82%8B" n1="%E5%B0%B1%E6%B4%BB%E7%94%9F%40%E5%B7%9D%E6%9D%91%E8%BB%8D%E5%9B%A3" n2="%E6%88%AF%E9%AA%B8" n3="%E5%A4%A7%E8%87%A3%E8%B3%9E" dan="13,15,13,14" rate="1884.86,1979.92,1829.11,1938.91" sx="M,M,M,M"/><TAIKYOKU oya="0"/><INIT seed="0,0,0,3,0,125" ten="250,250,250,250" oya="0" hai0="102,48,126,2,52,45,130,91,98,38,80,46,54" hai1="68,29,117,103,34,71,33,119,25,40,104,10,83" hai2="0,36,75,22,82,85,62,30,67,84,114,73,106" hai3="5,115,32,12,99,56,127,4,77,93,133,112,135"/><T49/><D2/><U105/><E34/><V109/><F0/><W14/><G77/><T65/><D126/><U15/><E40/><V89/><F36/><W35/><G127/><T3/><D3/><U74/><E71/><V24/><F106/><W116/><G56/><T17/><D38/><U70/><E70/><V124/><F114/><N who="3" m="43563" /><G93/><T107/><D65/><U26/><E68/><V88/><F124/><W72/><G72/><T53/><D17/><U123/><E123/><V95/><REACH who="2" step="1"/><F109/><REACH who="2" ten="250,250,240,250" step="2"/><W1/><G116/><T69/><D69/><AGARI ba="0,1" hai="22,24,30,62,67,69,73,75,82,84,85,88,89,95" machi="69" ten="30,12000,2" yaku="1,1,2,1,7,1,54,1,53,2" doraHai="125" doraHaiUra="87" who="2" fromWho="0" sc="250,-120,250,0,240,130,250,0" /><INIT seed="1,0,0,4,0,25" ten="130,250,370,250" oya="1" hai0="58,128,110,74,33,50,104,86,98,120,132,68,79" hai1="8,111,100,63,106,129,43,44,89,64,133,11,131" hai2="121,80,73,30,87,99,85,94,6,23,67,5,57" hai3="66,7,47,36,61,21,9,135,13,125,45,14,116"/><U109/><E106/><V35/><F121/><W108/><G116/><T24/><D50/><N who="1" m="26911" /><E100/><N who="2" m="60535" /><F35/><W39/><G108/><N who="1" m="41546" /><E89/><N who="2" m="51367" /><F87/><W103/><G103/><T52/><D68/><N who="1" m="42015" /><E133/><V93/><F93/><W88/><G135/><T37/><D58/><U31/><E31/><V34/><F34/><W65/><G21/><T119/><D37/><U118/><E118/><V102/><F102/><W56/><G13/><T101/><D52/><U91/><E91/><V29/><F73/><W15/><G7/><N who="2" m="2569" /><F23/><W53/><G9/><AGARI ba="0,0" hai="8,9,11,129,131" m="42015,41546,26911" machi="9" ten="30,2900,0" yaku="14,1,10,1" doraHai="25" who="1" fromWho="3" sc="130,0,250,29,370,0,250,-29" /><INIT seed="1,1,0,1,2,97" ten="130,279,370,221" oya="1" hai0="84,69,61,111,105,19,27,42,43,120,94,24,93" hai1="13,82,58,68,81,51,108,80,66,79,56,57,101" hai2="12,48,92,9,124,3,85,67,115,2,46,22,40" hai3="44,34,50,110,98,5,103,14,71,54,10,133,52"/><U107/><E108/><V134/><F124/><W37/><G110/><T49/><D105/><U0/><E0/><V114/><F134/><W78/><G133/><T18/><D111/><U87/><E68/><V131/><F67/><W55/><G71/><T17/><D69/><U122/><E122/><V20/><F131/><W53/><G37/><T90/><D120/><U16/><E66/><V121/><F121/><W116/><G116/><T132/><D132/><U11/><REACH who="1" step="1"/><E51/><REACH who="1" ten="130,269,370,221" step="2"/><V25/><F3/><W35/><REACH who="3" step="1"/><G78/><REACH who="3" ten="130,269,370,211" step="2"/><T36/><D36/><U6/><E6/><V26/><F115/><W45/><G45/><T30/><D49/><U113/><E113/><V60/><F114/><W135/><G135/><T130/><D130/><U83/><E83/><V21/><F46/><W88/><G88/><T99/><D61/><U73/><E73/><V100/><F48/><W72/><G72/><T96/><D84/><U23/><E23/><V32/><F60/><W91/><G91/><T106/><D90/><U123/><E123/><V128/><F85/><W47/><G47/><T76/><D76/><U64/><E64/><V126/><F21/><W63/><G63/><T62/><D62/><U28/><E28/><V38/><F22/><W125/><G125/><T86/><D86/><U129/><E129/><V119/><F20/><W117/><G117/><T4/><D4/><U89/><E89/><V65/><F126/><W7/><G7/><T118/><D118/><U109/><E109/><V31/><F119/><W59/><G59/><T41/><D27/><U102/><E102/><V112/><F31/><RYUUKYOKU ba="1,2" sc="130,-15,269,15,370,-15,211,15" hai1="11,13,16,56,57,58,79,80,81,82,87,101,107" hai3="5,10,14,34,35,44,50,52,53,54,55,98,103" /><INIT seed="1,2,2,5,0,12" ten="115,284,355,226" oya="1" hai0="5,38,108,20,55,87,80,96,89,76,71,134,123" hai1="31,41,120,37,104,43,85,132,11,125,21,59,19" hai2="60,51,82,32,8,53,114,78,25,45,2,50,54" hai3="67,57,106,135,101,17,28,44,126,128,116,113,118"/><U74/><E74/><V36/><F114/><W46/><G113/><T110/><D71/><U98/><E120/><V92/><F36/><W0/><G0/><T86/><D38/><U90/><E37/><V58/><F92/><W91/><G28/><T42/><D42/><U102/><E125/><V133/><F133/><W6/><G6/><T27/><D134/><U94/><E132/><V129/><F129/><W16/><G135/><T127/><D127/><U83/><E104/><V29/><F8/><W100/><G126/><T70/><D70/><U73/><E73/><V115/><F115/><W34/><G34/><T4/><D96/><U62/><E31/><V81/><F2/><W1/><G1/><T112/><D112/><U93/><E11/><V84/><F81/><W69/><G69/><T33/><D33/><U121/><E93/><V75/><F75/><W39/><G39/><T22/><D22/><U10/><E10/><V63/><AGARI ba="2,2" hai="25,29,32,45,50,51,53,54,58,60,63,78,82,84" machi="63" ten="30,1100,0" yaku="0,1" doraHai="12" who="2" fromWho="2" sc="115,-5,284,-7,355,37,226,-5" /><INIT seed="2,0,0,5,3,31" ten="110,277,392,221" oya="2" hai0="17,38,114,90,70,89,35,22,125,3,30,5,130" hai1="4,18,61,44,47,6,48,80,56,94,74,58,99" hai2="53,111,119,21,2,120,106,52,46,91,98,12,93" hai3="9,122,37,15,124,109,24,26,29,23,32,84,118"/><V57/><F120/><W60/><G37/><T71/><D38/><U11/><E74/><V95/><F2/><W121/><G84/><T50/><D114/><U86/><E18/><V42/><F119/><W63/><G63/><T28/><D28/><U127/><E127/><V49/><F106/><W96/><G96/><T134/><D134/><U41/><E47/><V82/><F111/><W129/><G60/><T65/><D130/><U126/><E126/><V133/><F133/><W88/><G88/><T68/><D65/><N who="1" m="39079" /><E58/><V39/><F53/><W73/><G73/><T45/><D125/><U112/><E11/><V25/><F12/><W110/><G124/><T83/><D5/><U100/><E112/><V75/><F75/><W13/><G118/><T81/><D3/><U19/><E19/><V14/><F14/><N who="3" m="5131" /><G9/><T16/><D22/><U76/><AGARI ba="0,0" hai="4,6,41,44,48,76,80,86,94,99,100" m="39079" machi="76" ten="30,1100,0" yaku="8,1" doraHai="31" who="1" fromWho="1" sc="110,-3,277,11,392,-5,221,-3" /><INIT seed="3,0,0,2,1,68" ten="107,288,387,218" oya="3" hai0="63,123,100,99,45,125,57,49,75,50,81,60,15" hai1="16,32,1,59,61,62,13,110,33,35,64,34,101" hai2="28,30,109,128,25,29,66,20,9,104,116,108,88" hai3="130,126,21,94,105,73,12,3,39,77,5,11,19"/><W92/><G105/><T82/><D123/><U36/><E110/><N who="2" m="42603" /><F104/><W53/><G130/><T56/><D75/><U14/><E1/><V58/><F116/><W17/><G126/><T79/><D79/><U70/><E101/><V91/><F9/><W133/><G133/><T86/><D86/><U65/><N who="1" m="8704" /><DORA hai="129" /><U22/><REACH who="1" step="1"/><E36/><REACH who="1" ten="107,278,387,218" step="2"/><V93/><F128/><W0/><G0/><T6/><D15/><AGARI ba="0,1" hai="13,14,15,16,22,59,61,62,64,65,70" m="8704" machi="15" ten="70,8000,1" yaku="1,1,2,1,54,1,53,1" doraHai="68,129" doraHaiUra="38,18" who="1" fromWho="0" sc="107,-80,278,90,387,0,218,0" owari="27,-47.0,368,17.0,387,48.0,218,-18.0" /></mjloggm>