<mjloggm ver="2.3"><GO type="169" lobby="0"/><UN n0="%E3%82%88%E3%81%A3%E3%81%A1%E3%82%83%E3%82%93%30%31" n1="%74%61%6E%61%4B%61" n2="%E3%83%92%E3%83%AB%E3%83%99%E3%83%AB%E3%83%88" n3="%E3%82%A6%E3%83%AB%E3%83%88%E3%83%A9%E7%AB%8B%E7%9B%B4" dan="16,17,17,17" rate="2116.30,2174.76,2166.87,2154.34" sx="M,M,M,M"/><TAIKYOKU oya="0"/><INIT seed="0,0,0,5,4,37" ten="250,250,250,250" oya="0" hai0="60,41,59,71,45,3,94,44,48,22,15,5,116" hai1="20,31,67,107,32,91,63,80,75,58,133,43,34" hai2="131,113,115,97,8,65,73,62,112,38,135,127,86" hai3="54,114,0,106,68,29,101,36,33,79,119,6,92"/><T77/><D116/><U84/><E107/><V66/><F73/><W103/><G54/><T108/><D3/><U82/><E133/><V120/><F120/><W57/><G57/><T129/><D129/><U125/><E125/><V87/><F127/><W89/><G101/><T23/><D77/><U19/><E31/><V76/><F131/><W16/><G89/><T53/><D108/><U40/><E32/><V72/><F135/><W96/><G92/><T55/><D71/><U105/><E34/><V28/><F28/><W1/><G79/><T11/><REACH who="0" step="1"/><D94/><REACH who="0" ten="240,250,250,250" step="2"/><N who="1" m="54631" /><E105/><V130/><F130/><W64/><G0/><T134/><D134/><U124/><E124/><V111/><F111/><W47/><G68/><T17/><D17/><U132/><E132/><V39/><F76/><W104/><G16/><T13/><D13/><N who="1" m="9327" /><E75/><V109/><F109/><W78/><G1/><T98/><D98/><U18/><E18/><V21/><F97/><W12/><G96/><T93/><D93/><U56/><E82/><V42/><F72/><W74/><G104/><T83/><D83/><U117/><E80/><V35/><F113/><W128/><G106/><T118/><D118/><U81/><E81/><V123/><F115/><W27/><G128/><T9/><D9/><U99/><E99/><V88/><F8/><N who="3" m="4119" /><G119/><T50/><AGARI ba="0,1" hai="5,11,15,22,23,41,44,45,48,50,53,55,59,60" machi="50" ten="20,12000,1" yaku="1,1,0,1,7,1,8,1,52,1,53,0" doraHai="37" doraHaiUra="24" who="0" fromWho="0" sc="240,130,250,-40,250,-40,250,-40" /><INIT seed="0,1,0,2,0,94" ten="370,210,210,210" oya="0" hai0="65,119,63,12,11,132,87,118,1,50,125,78,49" hai1="114,38,73,2,44,40,67,60,52,79,86,90,34" hai2="58,97,109,85,0,102,24,128,20,121,57,70,18" hai3="19,106,84,36,26,4,123,15,101,89,95,32,25"/><T103/><D1/><U9/><E34/><V81/><F70/><W16/><G123/><T41/><D132/><U92/><E114/><V100/><F121/><W61/><G36/><T113/><D113/><U80/><E52/><V131/><F0/><W72/><G72/><T75/><D75/><U111/><E111/><V120/><F109/><W54/><G32/><T68/><D68/><U91/><E91/><V135/><F120/><W55/><G106/><T96/><D125/><U74/><E74/><V134/><F102/><W23/><G101/><T47/><D50/><U105/><E105/><V130/><F85/><W48/><G4/><N who="0" m="3175" /><D63/><U7/><E60/><V30/><F81/><W35/><G35/><T39/><D39/><U124/><REACH who="1" step="1"/><E67/><REACH who="1" ten="370,200,210,210" step="2"/><V21/><F135/><W13/><G61/><T104/><D65/><U64/><E64/><V112/><F134/><W108/><G108/><T6/><D119/><U133/><E133/><V29/><F112/><W5/><G54/><T83/><D118/><U37/><E37/><V82/><F58/><N who="3" m="33127" /><G5/><AGARI ba="1,1" hai="5,6,41,47,49,78,83,87,96,103,104" m="3175" machi="5" ten="30,2900,0" yaku="25,1,52,1" doraHai="94" who="0" fromWho="3" sc="370,42,200,0,210,0,210,-32" /><INIT seed="0,2,0,1,2,52" ten="412,200,210,178" oya="0" hai0="105,41,84,69,89,110,37,21,13,118,106,96,3" hai1="36,12,115,55,93,63,72,15,6,32,88,103,19" hai2="45,122,39,62,0,87,14,81,83,86,124,80,20" hai3="82,125,133,121,44,42,23,71,104,94,130,79,34"/><T54/><D69/><U91/><E36/><V35/><F0/><W101/><G34/><T111/><D118/><U77/><E32/><V109/><F122/><W114/><G71/><T123/><D123/><U60/><E72/><V73/><F35/><W90/><G121/><T98/><D3/><U66/><E77/><V49/><F39/><W28/><G114/><T129/><D129/><U78/><E78/><V26/><F73/><W64/><G64/><T17/><D37/><U68/><E115/><V132/><F132/><W102/><G133/><T50/><D41/><U108/><E108/><N who="0" m="41513" /><D98/><U117/><E117/><V61/><F124/><W57/><G125/><T1/><D96/><U65/><E55/><V7/><F109/><W18/><G130/><T76/><D76/><U92/><E103/><V47/><F14/><W134/><G102/><T51/><D1/><U16/><REACH who="1" step="1"/><E68/><REACH who="1" ten="412,190,210,178" step="2"/><V59/><F87/><N who="3" m="48607" /><G101/><T120/><D120/><U85/><E85/><V43/><F86/><N who="3" m="52567" /><G134/><T38/><D38/><U40/><E40/><V100/><F100/><W127/><G127/><T67/><D67/><U46/><E46/><V58/><F47/><W2/><G44/><N who="0" m="27975" /><D51/><U135/><E135/><V116/><F116/><W25/><G104/><T30/><D106/><U22/><E22/><V113/><F113/><W27/><G42/><T4/><D21/><U107/><E107/><V112/><F112/><W95/><G2/><T56/><D105/><U99/><E99/><V126/><F126/><W31/><G23/><T8/><D84/><U70/><E70/><V119/><F119/><W97/><G97/><RYUUKYOKU ba="2,1" sc="412,-10,190,30,210,-10,178,-10" hai1="6,12,15,16,19,60,63,65,66,88,91,92,93" /><INIT seed="1,3,1,2,2,128" ten="402,220,200,168" oya="1" hai0="33,109,29,104,5,13,15,22,119,106,38,27,3" hai1="56,135,120,40,129,46,127,28,98,125,113,83,32" hai2="14,110,59,21,84,99,30,92,90,43,58,93,68" hai3="96,0,95,124,87,67,10,72,4,17,75,12,26"/><U117/><E120/><V134/><F68/><W82/><G124/><N who="1" m="47690" /><E117/><V35/><F35/><W121/><G121/><T55/><D38/><N who="1" m="21783" /><E113/><V57/><F110/><W37/><G37/><T7/><D109/><U126/><E126/><V97/><F43/><W36/><G36/><T89/><D119/><U61/><E129/><V71/><F71/><W20/><G67/><T122/><D122/><U100/><E83/><V63/><F63/><W101/><REACH who="3" step="1"/><G0/><REACH who="3" ten="402,220,200,158" step="2"/><T86/><D3/><U69/><E69/><V77/><F58/><W85/><G85/><T114/><D86/><U49/><E56/><V52/><F84/><W6/><G6/><T118/><D5/><U2/><E2/><V18/><F59/><W51/><G51/><T65/><D7/><U76/><E49/><V45/><F57/><W91/><AGARI ba="3,2" hai="4,10,12,17,20,26,72,75,82,87,91,95,96,101" machi="91" ten="20,5200,0" yaku="1,1,0,1,7,1,53,1" doraHai="128" doraHaiUra="9" who="3" fromWho="3" sc="402,-16,220,-29,200,-16,158,81" /><INIT seed="2,0,0,4,3,131" ten="386,191,184,239" oya="2" hai0="42,130,86,60,88,2,120,4,28,92,6,127,14" hai1="40,35,82,56,132,126,101,112,74,109,135,49,134" hai2="84,96,20,13,80,15,48,63,8,59,117,47,43" hai3="114,102,110,54,129,25,115,31,93,113,1,52,46"/><V103/><F117/><W78/><G1/><T7/><D120/><U61/><E112/><V58/><F20/><W119/><G119/><T27/><D130/><U11/><E109/><V75/><F75/><W91/><G129/><T94/><D127/><U9/><E126/><V45/><F47/><W73/><G110/><T17/><D2/><U77/><E35/><V104/><F63/><W39/><G102/><T68/><D42/><U0/><E101/><V50/><F50/><W53/><G78/><T107/><D107/><U122/><E122/><V3/><F3/><W32/><G73/><T70/><D60/><U18/><E0/><V12/><REACH who="2" step="1"/><F8/><REACH who="2" ten="386,191,174,239" step="2"/><W108/><G108/><T123/><D123/><U26/><E49/><V41/><F41/><N who="3" m="22847" /><G54/><T29/><D28/><U124/><E40/><V100/><F100/><W34/><G34/><T72/><D72/><U22/><E124/><V81/><F81/><W98/><AGARI ba="0,1" hai="25,31,32,52,53,91,93,98,113,114,115" m="22847" machi="98" ten="30,2000,0" yaku="11,1,54,1" doraHai="131" who="3" fromWho="3" sc="386,-5,191,-5,174,-10,239,30" /><INIT seed="3,0,0,0,0,83" ten="381,186,164,269" oya="3" hai0="47,8,63,95,32,74,54,26,109,132,65,21,0" hai1="48,40,76,114,58,25,123,110,4,67,10,69,61" hai2="117,44,19,81,101,78,128,55,100,45,89,52,105" hai3="30,3,64,18,103,77,122,70,36,13,85,133,104"/><W94/><G3/><T71/><D109/><U96/><E114/><V118/><F128/><W14/><G36/><T124/><D74/><U9/><E110/><V62/><F89/><N who="3" m="53551" /><G70/><T16/><D132/><U38/><E123/><V102/><F105/><W88/><G122/><T60/><D124/><U97/><E76/><V72/><F19/><W6/><G77/><T42/><D32/><U87/><E25/><V35/><F35/><W37/><G37/><T53/><D63/><U121/><E87/><V120/><F120/><W113/><G113/><T17/><D95/><U11/><E4/><V80/><F80/><W92/><G30/><T125/><D125/><U115/><E115/><V49/><REACH who="2" step="1"/><F62/><REACH who="2" ten="381,186,154,269" step="2"/><W91/><G104/><T7/><REACH who="0" step="1"/><D17/><REACH who="0" ten="371,186,154,269" step="2"/><U1/><E121/><V39/><F39/><AGARI ba="0,2" hai="0,7,8,16,21,26,39,42,47,53,54,60,65,71" machi="39" ten="30,8000,1" yaku="1,1,2,1,7,1,54,1,53,1" doraHai="83" doraHaiUra="2" who="0" fromWho="2" sc="371,100,186,0,154,-80,269,0" /><INIT seed="4,0,0,2,0,115" ten="471,186,74,269" oya="0" hai0="35,70,26,76,8,58,30,75,63,128,86,121,82" hai1="11,108,1,19,20,47,126,25,55,106,119,83,104" hai2="23,43,37,14,103,67,94,74,112,22,99,78,96" hai3="80,61,124,95,10,120,15,7,89,21,68,73,113"/><T24/><D121/><U107/><E108/><V102/><F112/><W28/><G113/><T105/><D105/><U98/><E126/><V36/><F67/><W59/><G120/><T91/><D128/><U13/><E1/><V77/><F14/><W127/><G68/><T135/><D135/><U41/><E55/><V33/><F94/><W16/><G28/><T9/><D70/><U92/><E83/><V6/><F43/><W2/><G73/><T52/><REACH who="0" step="1"/><D26/><REACH who="0" ten="461,186,74,269" step="2"/><U40/><E106/><V45/><F45/><W32/><G124/><T85/><D85/><U51/><E104/><V110/><F74/><W65/><G127/><T100/><D100/><N who="1" m="60487" /><E107/><V123/><F123/><W64/><G80/><AGARI ba="0,1" hai="8,9,24,30,35,52,58,63,75,76,80,82,86,91" machi="80" ten="30,5800,0" yaku="1,1,7,1,54,1,53,0" doraHai="115" doraHaiUra="60" who="0" fromWho="3" sc="461,68,186,0,74,0,269,-58" /><INIT seed="4,1,0,4,4,95" ten="529,186,74,211" oya="0" hai0="123,69,118,73,104,82,103,22,25,24,68,21,14" hai1="113,106,47,125,39,62,124,12,102,114,66,105,56" hai2="35,27,77,54,76,87,9,96,63,121,16,74,120" hai3="3,20,46,115,94,50,112,127,57,17,111,132,44"/><T78/><D118/><U28/><E28/><V31/><F74/><W81/><G3/><T90/><D123/><U135/><E135/><V19/><F121/><W26/><G111/><T67/><D14/><U58/><E12/><V15/><F120/><W37/><G132/><T8/><D8/><U117/><E117/><V23/><F87/><W43/><G127/><N who="1" m="48714" /><E56/><V134/><F134/><W4/><G4/><T88/><D104/><N who="1" m="40043" /><E102/><V2/><F19/><W60/><G81/><T89/><D103/><U85/><E85/><V29/><F29/><W45/><G94/><T128/><D128/><U72/><E72/><V101/><F54/><W6/><G6/><T109/><D109/><U59/><E59/><V122/><F63/><W92/><G92/><T71/><REACH who="0" step="1"/><D67/><REACH who="0" ten="519,186,74,211" step="2"/><U98/><E114/><N who="3" m="43562" /><G37/><T55/><D55/><AGARI ba="1,1" hai="17,20,26,43,44,45,46,50,55,57,60" m="43562" machi="55" ten="30,1000,0" yaku="15,1" doraHai="95" who="3" fromWho="0" sc="519,-13,186,0,74,0,211,23" /><INIT seed="5,0,0,1,0,111" ten="506,186,74,234" oya="1" hai0="129,22,102,95,67,90,91,8,87,34,64,76,108" hai1="61,17,105,25,56,1,58,15,100,40,119,3,98" hai2="83,117,69,28,84,19,107,14,68,134,104,72,43" hai3="50,30,29,24,35,2,94,82,73,10,86,5,0"/><U79/><E119/><V33/><F117/><W133/><G133/><T97/><D108/><U18/><E79/><V118/><F118/><W13/><G73/><T124/><D34/><U20/><E40/><V113/><F72/><W65/><G30/><T77/><D129/><U16/><E56/><V51/><F134/><W26/><G26/><T62/><D124/><U21/><REACH who="1" step="1"/><E18/><REACH who="1" ten="506,176,74,234" step="2"/><V7/><F19/><W59/><G59/><T74/><D77/><U44/><E44/><N who="2" m="26015" /><F68/><W41/><G65/><AGARI ba="0,1" hai="1,3,15,16,17,20,21,25,58,61,65,98,100,105" machi="65" ten="30,5800,0" yaku="1,1,7,1,54,1,53,0" doraHai="111" doraHaiUra="47" who="1" fromWho="3" sc="506,0,176,68,74,0,234,-58" /><INIT seed="5,1,0,2,1,60" ten="506,244,74,176" oya="1" hai0="18,9,129,76,126,40,31,21,23,104,131,30,24" hai1="48,88,5,83,106,109,53,70,57,110,99,64,118" hai2="111,94,85,103,113,36,68,56,46,82,102,117,69" hai3="95,91,119,90,124,97,58,44,120,4,11,42,62"/><U54/><E118/><V41/><F111/><N who="1" m="42505" /><E5/><V89/><F117/><W25/><G124/><T2/><D104/><U116/><E116/><V65/><F113/><W45/><G119/><T59/><D76/><U121/><E121/><V93/><F102/><W108/><G108/><T63/><D40/><U7/><E7/><V13/><F13/><N who="3" m="5351" /><G120/><T67/><D126/><U135/><E135/><V27/><F27/><W10/><G10/><T17/><D2/><U123/><E123/><V32/><F32/><W101/><G25/><T14/><REACH who="0" step="1"/><D9/><REACH who="0" ten="496,244,74,176" step="2"/><U6/><E106/><V115/><F115/><W133/><G133/><T1/><D1/><U107/><E107/><V72/><F94/><W114/><G114/><T19/><D19/><U0/><E0/><V66/><F56/><W37/><G37/><T74/><D74/><U35/><E57/><V28/><F28/><AGARI ba="1,1" hai="14,17,18,21,23,24,28,30,31,59,63,67,129,131" machi="28" ten="40,5200,0" yaku="1,1,52,1,53,1" doraHai="60" doraHaiUra="55" who="0" fromWho="2" sc="496,65,244,0,74,-55,176,0" /><INIT seed="6,0,0,1,5,62" ten="561,244,19,176" oya="2" hai0="119,95,32,50,108,69,20,8,57,134,60,129,113" hai1="58,99,102,75,51,79,54,14,12,78,120,116,29" hai2="0,130,87,127,91,67,111,94,25,133,43,112,26" hai3="63,74,80,110,122,124,104,45,121,65,125,89,28"/><V96/><F0/><W81/><G104/><T77/><D69/><U92/><E116/><V93/><F111/><W105/><G105/><T40/><D108/><U30/><E120/><V61/><F112/><W36/><G110/><T4/><D32/><U70/><E70/><V64/><F127/><N who="3" m="48715" /><G28/><N who="1" m="10858" /><E75/><V118/><F118/><W1/><G1/><T17/><D119/><U135/><E135/><V126/><F126/><W115/><G115/><T97/><D134/><U59/><E59/><V7/><F133/><W9/><G9/><T6/><D129/><U27/><E27/><N who="2" m="10251" /><F130/><W73/><G89/><T90/><D113/><U52/><E54/><V101/><F61/><W37/><G74/><T100/><D77/><AGARI ba="0,0" hai="12,14,51,52,58,77,78,79,92,99,102" m="10858" machi="77" ten="30,2000,0" yaku="8,1,54,1" doraHai="62" who="1" fromWho="0" sc="561,-20,244,20,19,0,176,0" /><INIT seed="7,0,0,5,4,68" ten="541,264,19,176" oya="3" hai0="110,13,121,1,34,96,112,93,8,43,48,61,135" hai1="85,4,84,86,67,24,129,28,102,125,80,47,95" hai2="126,79,89,77,128,20,30,106,36,57,114,133,87" hai3="132,37,78,0,122,6,82,2,109,101,56,42,73"/><W108/><G122/><T103/><D1/><U97/><E125/><V115/><F57/><W16/><G56/><T131/><D110/><N who="3" m="42601" /><G101/><T40/><D121/><U130/><E67/><V75/><F20/><W11/><G16/><N who="0" m="8231" /><D34/><N who="1" m="20743" /><E4/><V90/><F30/><W52/><G52/><T66/><D135/><U50/><E50/><V45/><F133/><W9/><G132/><T22/><D131/><N who="1" m="50187" /><E47/><V124/><F128/><W35/><G35/><T76/><D112/><U12/><E12/><V105/><F45/><N who="3" m="23759" /><G11/><T63/><D22/><U91/><AGARI ba="0,0" hai="80,84,85,86,91,95,97,102" m="50187,20743" machi="91" ten="30,1100,0" yaku="19,1" doraHai="68" who="1" fromWho="1" sc="541,-3,264,11,19,-3,176,-5" owari="538,63.0,275,8.0,16,-48.0,171,-23.0" /></mjloggm>