<mjloggm ver="2.3"><GO type="225" lobby="0"/><UN n0="%E3%83%88%E3%83%88%E3%83%AA%E5%85%88%E7%94%9F%31%39%E6%AD%B3" n1="%E3%82%AC%E3%83%9F%E3%82%B4%E3%83%B3" n2="%6D%69%79%61%79%61" n3="%E3%82%B8%E3%83%AB%E3%83%99%E3%83%AB%E3%83%88" dan="17,16,16,16" rate="2200.61,2197.52,2051.99,2164.75" sx="F,M,F,M"/><TAIKYOKU oya="0"/><INIT seed="0,0,0,0,5,115" ten="250,250,250,250" oya="0" hai0="88,25,6,72,91,5,117,23,95,107,50,92,135" hai1="27,110,21,36,103,105,19,132,18,90,70,46,2" hai2="15,31,80,131,68,121,94,26,85,16,77,83,126" hai3="64,8,113,119,55,101,33,134,63,60,124,58,114"/><T32/><D107/><U102/><E70/><V65/><F121/><W34/><G134/><T54/><D72/><U44/><E2/><V125/><F131/><W129/><G129/><T38/><D117/><U71/><E71/><V24/><F94/><N who="0" m="35882" /><D38/><U37/><E90/><N who="0" m="34345" /><D32/><U9/><E9/><N who="2" m="6255" /><F31/><W3/><G8/><T75/><D75/><U118/><E21/><V111/><F80/><W45/><G3/><T10/><D10/><U69/><E69/><V93/><F93/><W123/><G119/><T122/><D122/><U128/><E128/><V12/><F68/><W62/><G123/><T53/><D135/><U130/><E130/><V20/><F125/><W51/><G124/><T61/><D61/><U81/><E81/><V108/><F126/><W97/><G34/><T29/><D53/><U78/><E118/><V17/><F65/><W82/><G82/><T30/><D30/><U104/><E132/><V116/><F116/><W73/><G73/><T99/><D99/><U1/><E1/><V35/><F35/><W96/><G33/><T89/><N who="0" m="34353" /><T84/><DORA hai="120" /><D84/><U76/><REACH who="1" step="1"/><E27/><REACH who="1" ten="250,240,250,250" step="2"/><V109/><AGARI ba="0,1" hai="12,17,20,24,26,77,83,85,108,109,111" m="6255" machi="109" ten="30,8000,1" yaku="14,1,52,3,54,1" doraHai="115,120" who="2" fromWho="2" sc="250,-40,240,-20,250,90,250,-20" /><INIT seed="1,0,0,5,3,0" ten="210,220,340,230" oya="1" hai0="104,65,96,120,16,23,133,128,122,106,50,18,84" hai1="91,54,126,75,56,40,34,99,4,7,35,100,72" hai2="55,51,130,37,21,80,62,112,107,116,25,3,81" hai3="89,69,28,129,66,119,83,30,109,19,12,8,48"/><U41/><E35/><V85/><F37/><W49/><G109/><T88/><D128/><U67/><E34/><V95/><F107/><W11/><G129/><T111/><D111/><U118/><E118/><V2/><F130/><W74/><G119/><T42/><D133/><U68/><E68/><V1/><F116/><W93/><G69/><T86/><D86/><U13/><E75/><V114/><F62/><W46/><G66/><T121/><D65/><U77/><E72/><V15/><F15/><W79/><G11/><T127/><D127/><U131/><E131/><V97/><F97/><W135/><G135/><T31/><D31/><U57/><E77/><V59/><F95/><W125/><G125/><T113/><D113/><N who="2" m="43626" /><F85/><W90/><G48/><T70/><D70/><U36/><E36/><V9/><F9/><W101/><G101/><N who="0" m="62503" /><D106/><U29/><E100/><V45/><F45/><W102/><G102/><T73/><D73/><U61/><E126/><V78/><F78/><W38/><G38/><T47/><D23/><U6/><E13/><V53/><F55/><W64/><G64/><T132/><D132/><U5/><N who="1" m="1024" /><DORA hai="63" /><U22/><E22/><V44/><F44/><W27/><G27/><T82/><AGARI ba="0,0" hai="16,18,42,47,50,82,84,88,120,121,122" m="62503" machi="82" ten="30,4000,0" yaku="13,1,54,2" doraHai="0,63" who="0" fromWho="0" sc="210,40,220,-20,340,-10,230,-10" /><INIT seed="2,0,0,5,0,23" ten="250,200,330,220" oya="2" hai0="88,97,71,125,31,25,12,16,104,106,4,126,96" hai1="14,45,21,49,83,105,128,76,93,38,133,94,101" hai2="47,48,13,19,107,78,62,33,120,40,90,79,26" hai3="1,9,75,92,17,98,84,18,73,46,69,129,24"/><V35/><F120/><W51/><G69/><T95/><D4/><U122/><E38/><V30/><F35/><W41/><G129/><T109/><D71/><U43/><E128/><V116/><F116/><W64/><G64/><T56/><D56/><U134/><E122/><V110/><F110/><W50/><G84/><T68/><D68/><U72/><E105/><V28/><F28/><W86/><G86/><T29/><D109/><U114/><E114/><V55/><F107/><N who="0" m="41002" /><D25/><U27/><E14/><V118/><F118/><W32/><G51/><T100/><D100/><U2/><E2/><V112/><F112/><W7/><G17/><T132/><D97/><U127/><E127/><N who="0" m="48649" /><D132/><N who="1" m="50795" /><E101/><V85/><F62/><W57/><G57/><T52/><D52/><U44/><E44/><V67/><F67/><W99/><G99/><T111/><D111/><U0/><E0/><V54/><F54/><W121/><G121/><T10/><AGARI ba="0,0" hai="10,12,16,29,31,88,95,96" m="48649,41002" machi="10" ten="30,4000,0" yaku="18,1,54,2" doraHai="23" who="0" fromWho="0" sc="250,40,200,-10,330,-20,220,-10" /><INIT seed="3,0,0,1,1,13" ten="290,190,310,210" oya="3" hai0="65,130,7,129,69,98,18,106,133,112,51,60,31" hai1="97,116,118,40,62,134,104,92,74,126,109,99,107" hai2="93,30,12,105,83,5,3,48,35,72,17,19,57" hai3="86,121,11,15,80,50,47,52,67,36,44,124,27"/><W8/><G121/><T135/><D112/><U63/><E40/><V73/><F105/><N who="1" m="40521" /><E74/><V37/><F37/><W91/><G124/><T4/><D31/><U114/><E114/><V132/><F132/><N who="0" m="50762" /><D51/><U79/><E79/><V87/><F93/><W77/><G67/><T123/><D123/><U56/><E126/><V2/><F35/><W71/><G71/><T1/><D1/><U101/><E134/><V85/><F30/><W32/><G77/><T94/><D106/><U120/><E120/><V66/><F3/><W119/><G119/><N who="1" m="45610" /><E97/><V131/><F2/><W84/><G84/><T61/><D61/><N who="1" m="23051" /><E56/><V82/><F73/><W58/><G36/><T42/><D42/><U22/><E22/><V96/><F72/><W25/><G11/><T75/><D75/><U111/><AGARI ba="0,0" hai="92,99,101,109,111" m="23051,45610,40521" machi="111" ten="40,1500,0" yaku="12,1" doraHai="13" who="1" fromWho="1" sc="290,-4,190,15,310,-4,210,-7" owari="286,9.0,205,-19.0,306,40.0,203,-30.0" /></mjloggm>