<mjloggm ver="2.3"><GO type="169" lobby="0"/><UN n0="%E3%81%9F%E3%83%BC%E3%81%AC" n1="%E3%82%A6%E3%83%AB%E3%83%88%E3%83%A9%E7%AB%8B%E7%9B%B4" n2="%E5%8D%9A%E9%BA%97%E3%82%86%E3%81%8B%E3%82%8A" n3="%E3%81%BF%E3%81%8D%E3%81%BF%E3%81%8D%E2%99%AA" dan="17,17,16,17" rate="2141.88,2203.17,2172.08,2134.51" sx="M,M,M,M"/><TAIKYOKU oya="0"/><INIT seed="0,0,0,0,4,113" ten="250,250,250,250" oya="0" hai0="117,77,1,120,21,7,51,53,12,121,135,68,82" hai1="14,73,39,119,13,58,63,48,114,126,127,49,129" hai2="88,109,107,69,16,23,30,71,32,29,115,102,132" hai3="84,130,70,64,44,54,56,124,42,98,57,79,94"/><T17/><D68/><U28/><E73/><V34/><F115/><W101/><G124/><N who="1" m="47658" /><E114/><V105/><F109/><W37/><G130/><T40/><D40/><U99/><E39/><V81/><F132/><W104/><G54/><T103/><D103/><U59/><E129/><V67/><F67/><W116/><G116/><T46/><D135/><U8/><E28/><V43/><F43/><W25/><G25/><T91/><D91/><U85/><E85/><V35/><F81/><W122/><G122/><T96/><D96/><U106/><E58/><V78/><F78/><W89/><REACH who="3" step="1"/><G79/><REACH who="3" ten="250,250,250,240" step="2"/><T133/><D133/><U108/><E119/><V60/><F35/><W87/><G87/><T83/><D117/><U93/><E108/><V6/><F34/><W41/><G41/><T125/><D125/><U36/><E99/><V2/><F32/><W26/><G26/><T55/><D55/><U65/><E65/><V27/><F27/><W52/><G52/><T66/><D66/><U111/><E111/><V4/><F30/><W97/><G97/><T86/><REACH who="0" step="1"/><D83/><REACH who="0" ten="240,250,250,240" step="2"/><U11/><E63/><AGARI ba="0,2" hai="37,42,44,56,57,63,64,70,84,89,94,98,101,104" machi="63" ten="40,2600,0" yaku="1,1,53,1" doraHai="113" doraHaiUra="61" who="3" fromWho="1" sc="240,0,250,-26,250,0,240,46" /><INIT seed="1,0,0,0,5,45" ten="240,224,250,286" oya="1" hai0="106,132,67,9,15,125,48,32,129,92,101,121,120" hai1="123,83,23,33,62,102,94,122,130,26,90,109,10" hai2="35,56,60,36,104,42,14,47,63,72,105,115,53" hai3="59,20,49,7,1,28,69,57,65,54,117,71,52"/><U5/><E33/><V37/><F35/><W19/><G117/><T43/><D106/><U27/><E130/><V77/><F14/><W61/><G28/><T84/><D129/><U22/><E102/><V73/><F104/><W40/><G40/><T127/><D32/><U116/><E83/><V124/><F105/><W30/><G30/><T6/><D67/><U46/><E116/><V89/><F89/><W66/><G7/><T119/><D119/><U87/><E62/><N who="2" m="23595" /><F77/><W0/><G0/><T97/><D84/><U98/><E87/><V41/><F73/><W135/><G135/><T76/><D76/><U3/><E109/><V17/><F17/><W118/><G118/><T93/><D93/><U70/><E70/><V4/><F4/><W12/><REACH who="3" step="1"/><G1/><REACH who="3" ten="240,224,250,276" step="2"/><T133/><D133/><U75/><E122/><N who="0" m="47209" /><D132/><U78/><E123/><V18/><F41/><W38/><G38/><T55/><D43/><U134/><E134/><V128/><F42/><W95/><G95/><T114/><D114/><U34/><E3/><V126/><F115/><W88/><G88/><T51/><D55/><U29/><E5/><V24/><F128/><W112/><G112/><T82/><D82/><N who="1" m="45407" /><E10/><V64/><F37/><W21/><G21/><T25/><D25/><U16/><E34/><V2/><F36/><W13/><G13/><T31/><D31/><U131/><E131/><V74/><F2/><W81/><G81/><T44/><D125/><U50/><E26/><V79/><F24/><W58/><G58/><T110/><D127/><U100/><E23/><V103/><F124/><W68/><AGARI ba="0,1" hai="12,19,20,49,52,54,57,59,61,65,66,68,69,71" machi="68" ten="30,8000,1" yaku="1,1,5,1,0,1,52,1,54,1,53,0" doraHai="45" doraHaiUra="111" who="3" fromWho="3" sc="240,-20,224,-40,250,-20,276,90" /><INIT seed="2,0,0,0,2,36" ten="220,184,230,366" oya="2" hai0="82,70,65,75,2,126,63,9,107,135,57,115,106" hai1="12,83,127,43,94,67,76,42,40,54,16,60,112" hai2="86,55,88,120,113,8,110,129,78,97,28,14,77" hai3="30,22,4,111,62,44,20,85,89,46,7,93,114"/><V15/><F120/><W81/><G114/><T31/><D57/><U11/><E112/><V49/><F113/><W5/><G111/><T47/><D115/><U3/><E3/><V119/><F119/><W96/><G62/><T41/><D31/><U64/><E127/><V59/><F129/><W26/><REACH who="3" step="1"/><G22/><REACH who="3" ten="220,184,230,356" step="2"/><T51/><D126/><U32/><E32/><V39/><F110/><W74/><G74/><T34/><D34/><U35/><E35/><V24/><F39/><W37/><G37/><N who="0" m="21935" /><D135/><U33/><E33/><V92/><F97/><W134/><G134/><T21/><D21/><U17/><E17/><N who="2" m="8391" /><F15/><W19/><G19/><T91/><D51/><U104/><E104/><V52/><F28/><W79/><AGARI ba="0,1" hai="4,5,7,20,26,30,44,46,79,81,85,89,93,96" machi="79" ten="30,7900,0" yaku="1,1,0,1,8,1,53,1" doraHai="36" doraHaiUra="90" who="3" fromWho="3" sc="220,-20,184,-20,230,-39,356,89" /><INIT seed="3,0,0,2,0,109" ten="200,164,191,445" oya="3" hai0="74,30,9,103,1,89,22,53,41,113,5,40,24" hai1="60,107,120,0,97,81,123,6,2,27,87,135,21" hai2="116,100,119,26,108,7,44,62,83,84,23,122,10" hai3="78,63,4,102,29,35,101,51,126,68,72,133,129"/><W13/><G126/><T49/><D74/><U114/><E60/><V92/><F108/><W25/><G51/><T112/><D103/><U69/><E69/><V43/><F122/><N who="1" m="46633" /><E87/><V47/><F62/><W125/><G125/><T128/><D89/><U54/><E81/><V57/><F57/><W86/><G13/><T121/><D128/><U55/><E97/><V98/><F47/><W36/><G4/><T64/><D64/><U45/><E107/><V71/><F71/><W52/><G129/><T38/><D121/><U110/><E45/><V90/><F10/><W132/><G36/><T33/><D33/><U91/><E91/><V80/><F7/><W75/><G75/><T18/><D30/><U67/><E67/><V99/><F99/><W117/><G68/><T96/><D96/><U34/><E34/><V42/><F42/><W118/><G72/><T32/><D32/><U111/><E55/><V11/><F83/><W31/><G78/><T88/><D88/><U56/><E54/><V66/><F66/><W59/><G86/><T130/><D130/><U3/><E56/><V12/><F12/><W19/><G101/><T58/><REACH who="0" step="1"/><D38/><REACH who="0" ten="190,164,191,445" step="2"/><U37/><E37/><V20/><F98/><W115/><G102/><T61/><D61/><U39/><E39/><V28/><F100/><W77/><G63/><T70/><D70/><U134/><E111/><V127/><F90/><W104/><G35/><T124/><D124/><U82/><E110/><V94/><F127/><W8/><G31/><T65/><D65/><U17/><E82/><V73/><F80/><W15/><G29/><RYUUKYOKU ba="0,1" sc="190,30,164,-10,191,-10,445,-10" hai0="1,5,9,18,22,24,40,41,49,53,58,112,113" /><INIT seed="4,1,1,4,1,123" ten="220,154,181,435" oya="0" hai0="6,86,114,50,24,62,10,23,7,37,87,49,54" hai1="117,132,38,130,44,78,95,17,51,66,104,126,99" hai2="103,75,47,5,16,57,53,121,133,107,72,9,73" hai3="20,18,100,91,108,58,39,15,110,42,83,98,1"/><T21/><D114/><U135/><E104/><V31/><F121/><W76/><G1/><T69/><D37/><U112/><E117/><V4/><F31/><W131/><G91/><T34/><D34/><U120/><E120/><V81/><F133/><N who="1" m="51273" /><E38/><V77/><F47/><W111/><G131/><T93/><D69/><U41/><E130/><V35/><F35/><W48/><G39/><T127/><D127/><U116/><E116/><V26/><F103/><W80/><G76/><T74/><D74/><U105/><E105/><V13/><F107/><W102/><G102/><T25/><D93/><U84/><E66/><V29/><F29/><W12/><G12/><T36/><D36/><U8/><E84/><N who="0" m="32297" /><D62/><U43/><E78/><V14/><F26/><N who="0" m="10346" /><D50/><U65/><E65/><V27/><F27/><W92/><REACH who="3" step="1"/><G58/><REACH who="3" ten="220,154,181,425" step="2"/><N who="0" m="33103" /><D10/><U22/><E8/><V97/><F72/><W115/><G115/><T68/><D68/><U118/><E118/><V3/><F75/><W28/><G28/><T90/><D90/><N who="1" m="55799" /><E126/><V106/><F3/><W64/><G64/><T19/><D19/><U2/><E2/><V60/><F14/><W0/><G0/><T67/><D67/><U79/><E79/><V11/><F9/><W134/><G134/><T113/><D113/><U70/><E112/><V125/><F125/><W40/><G40/><T119/><D119/><U63/><E41/><V56/><F57/><W71/><G71/><T61/><D6/><U109/><E70/><V82/><F81/><W89/><G89/><T52/><D7/><U59/><E59/><AGARI ba="1,2" hai="21,23,52,59,61" m="33103,10346,32297" machi="59" ten="30,2900,0" yaku="8,1,54,1" doraHai="123" who="0" fromWho="1" sc="220,52,154,-32,181,0,425,0" /><INIT seed="4,2,0,5,5,113" ten="272,122,181,425" oya="0" hai0="25,3,97,11,45,34,135,8,115,2,19,71,121" hai1="30,76,28,6,14,31,48,125,42,90,41,20,26" hai2="15,65,83,102,4,87,9,134,59,117,10,88,129" hai3="33,100,86,130,69,95,101,93,22,24,84,17,103"/><T127/><D71/><U75/><E76/><V56/><F129/><W72/><G72/><T128/><D97/><U91/><E75/><V18/><F134/><W38/><G38/><T55/><D55/><U50/><E125/><V36/><F36/><W98/><G69/><T12/><D45/><U114/><E114/><V99/><F65/><W80/><G33/><T16/><D115/><U106/><E106/><V60/><F60/><W52/><G130/><T40/><D40/><N who="1" m="15467" /><E26/><V82/><F117/><W32/><G32/><T96/><D96/><U77/><E77/><V49/><F83/><W85/><G52/><T57/><D57/><U111/><E111/><V78/><F49/><N who="1" m="19049" /><E6/><V44/><F78/><N who="3" m="46103" /><G98/><T58/><D58/><U37/><E37/><V92/><F44/><W54/><G54/><T61/><D61/><U46/><E46/><V13/><AGARI ba="2,0" hai="4,9,10,13,15,18,56,59,82,87,88,92,99,102" machi="13" ten="20,5200,0" yaku="0,1,7,1,8,1,54,1" doraHai="113" who="2" fromWho="2" sc="272,-28,122,-15,181,58,425,-15" /><INIT seed="5,0,0,1,1,24" ten="244,107,239,410" oya="1" hai0="16,67,32,127,13,108,50,79,21,110,117,84,20" hai1="48,102,59,100,80,30,38,53,41,74,75,0,107" hai2="47,56,134,29,26,12,109,37,135,49,99,14,6" hai3="64,68,28,40,61,27,83,44,4,105,97,96,85"/><U52/><E0/><V15/><F109/><W22/><G4/><T95/><D117/><U90/><E38/><V23/><F37/><W115/><G115/><T70/><D32/><U125/><E41/><V78/><F78/><W111/><G105/><T132/><D127/><U118/><E118/><V63/><F99/><W1/><G1/><T128/><D128/><U72/><E125/><V120/><F120/><W46/><G111/><T57/><D70/><U112/><E112/><V81/><F81/><W36/><G46/><T129/><D129/><U34/><E107/><V5/><F134/><W17/><G17/><T131/><D131/><U60/><E80/><V133/><F135/><W103/><G103/><T88/><D132/><U35/><E90/><AGARI ba="0,0" hai="22,27,28,36,40,44,61,64,68,83,85,90,96,97" machi="90" ten="30,2000,0" yaku="7,1,52,1" doraHai="24" who="3" fromWho="1" sc="244,0,107,-20,239,0,410,20" /><INIT seed="6,0,0,1,5,85" ten="244,87,239,430" oya="2" hai0="100,135,55,76,62,56,69,39,64,21,118,5,66" hai1="96,26,78,45,32,126,30,97,18,109,77,8,99" hai2="50,36,93,19,0,12,90,43,71,112,27,94,87" hai3="86,83,1,119,133,17,70,127,89,35,29,114,14"/><V129/><F129/><W60/><G1/><T54/><D118/><U49/><E109/><V128/><F128/><W122/><G119/><T106/><D135/><U31/><E126/><V3/><F71/><W28/><G133/><T98/><D39/><U47/><E8/><V105/><F105/><W124/><G114/><T123/><D123/><U101/><E101/><V51/><F36/><W2/><G2/><T34/><D34/><U132/><E132/><V6/><F27/><W22/><G35/><T58/><D76/><U52/><E18/><V130/><F112/><W4/><G4/><T81/><D81/><U59/><E31/><V24/><F130/><W57/><G70/><T120/><D120/><U134/><E134/><V61/><F61/><W102/><G102/><T110/><D110/><U44/><E78/><V37/><F37/><W15/><G15/><T13/><D69/><U104/><E104/><V80/><F3/><W92/><G83/><T91/><D91/><U74/><E77/><V23/><F0/><W73/><G73/><T33/><D33/><U7/><E7/><V79/><F79/><W48/><G48/><N who="2" m="18473" /><F43/><W20/><G122/><T63/><REACH who="0" step="1"/><D21/><REACH who="0" ten="234,87,239,430" step="2"/><U10/><REACH who="1" step="1"/><E10/><AGARI ba="0,1" hai="6,10,12,19,23,24,80,87,90,93,94" m="18473" machi="10" ten="30,2900,0" yaku="8,1,52,1" doraHai="85" who="2" fromWho="1" sc="234,0,87,-29,239,39,430,0" /><AGARI ba="0,0" hai="5,10,13,54,55,56,58,62,63,64,66,98,100,106" machi="10" ten="40,8000,1" yaku="1,1,2,1,9,1,53,1" doraHai="85" doraHaiUra="11" who="0" fromWho="1" sc="234,80,58,-80,278,0,430,0" owari="314,11.0,-22,-52.0,278,-12.0,430,53.0" /></mjloggm>