<mjloggm ver="2.3"><GO type="97" lobby="0"/><UN n0="%E3%82%B4%E3%82%AD%E3%83%96%E3%83%AA%E3%83%BC%E3%83%81%EF%BC%81" n1="%E3%83%B4%E3%82%A3%E3%83%B4%E3%82%A3%E3%82%A2%E3%83%B3" n2="%E5%B0%B1%E6%B4%BB%E7%94%9F%40%E5%B7%9D%E6%9D%91%E8%BB%8D%E5%9B%A3" n3="%E3%81%84%E3%81%8D%E3%81%97%E3%81%A1" dan="13,15,14,14" rate="1834.87,2016.60,1978.71,1855.84" sx="M,M,M,M"/><TAIKYOKU oya="0"/><INIT seed="0,0,0,5,3,13" ten="250,250,250,250" oya="0" hai0="32,99,116,103,7,67,110,117,4,26,39,112,71" hai1="82,11,57,1,21,34,20,123,47,37,122,87,14" hai2="89,50,98,72,92,121,106,19,133,111,48,86,24" hai3="58,17,62,126,83,102,3,38,12,66,6,10,51"/><T69/><D112/><U135/><E34/><V49/><F72/><W63/><G126/><T45/><D4/><U40/><E1/><V46/><F121/><W64/><G38/><T132/><D7/><U90/><E135/><V75/><F75/><W76/><G51/><T107/><D132/><U93/><E122/><V91/><F111/><W96/><G96/><T54/><D54/><U42/><E123/><V36/><F36/><W65/><G102/><T78/><D78/><U31/><E31/><V61/><F61/><W101/><G101/><T53/><D53/><U128/><E42/><V29/><F133/><W23/><REACH who="3" step="1"/><G63/><REACH who="3" ten="250,250,250,240" step="2"/><T56/><D39/><U108/><E108/><V80/><F106/><W41/><G41/><T43/><D43/><U2/><E37/><V59/><F46/><W22/><G22/><T119/><D110/><U118/><E118/><V81/><F50/><W28/><G28/><T35/><D119/><U5/><E2/><V52/><F48/><W131/><G131/><T105/><D117/><U125/><E125/><V85/><F98/><W70/><G70/><T73/><D71/><U88/><E57/><V109/><F109/><W130/><G130/><T115/><D56/><U104/><E104/><V16/><F92/><W8/><G8/><T100/><D107/><U68/><E68/><V120/><F120/><W79/><G79/><T97/><D105/><U129/><E129/><V127/><F127/><W27/><G27/><T33/><D26/><U113/><E128/><V134/><F134/><W25/><G25/><T74/><D116/><U124/><E124/><RYUUKYOKU ba="0,1" sc="250,-15,250,-15,250,15,240,15" hai2="16,19,24,29,49,52,59,80,81,85,86,89,91" hai3="3,6,10,12,17,23,58,62,64,65,66,76,83" /><INIT seed="1,1,1,3,4,45" ten="235,235,265,255" oya="1" hai0="56,52,86,109,99,85,4,43,58,84,92,83,78" hai1="94,9,6,40,118,135,29,81,69,97,116,20,53" hai2="14,62,88,33,98,30,126,7,70,21,68,91,107" hai3="75,67,60,15,31,63,71,41,114,23,76,72,112"/><U103/><E69/><V79/><F79/><W61/><G41/><T16/><D109/><U38/><E135/><V73/><F73/><W95/><G71/><T19/><D4/><U50/><E40/><V13/><F126/><W39/><G39/><T110/><D110/><U8/><E38/><V3/><F3/><W74/><G76/><T87/><D43/><U51/><E9/><V129/><F129/><W2/><G2/><T54/><D58/><U36/><E36/><V12/><F7/><W77/><G77/><T115/><D115/><U26/><E81/><V66/><F21/><W93/><G67/><T80/><D54/><U121/><E121/><V35/><F70/><W34/><G34/><T22/><D78/><U119/><REACH who="1" step="1"/><E53/><REACH who="1" ten="235,225,265,255" step="2"/><V1/><F1/><AGARI ba="1,2" hai="1,6,8,20,26,29,50,51,94,97,103,116,118,119" machi="1" ten="40,12000,1" yaku="1,1,2,1,52,2,53,0" doraHai="45" doraHaiUra="133" who="1" fromWho="2" sc="235,0,225,143,265,-123,255,0" /><INIT seed="1,2,0,4,2,97" ten="235,368,142,255" oya="1" hai0="80,15,65,106,120,91,63,33,57,114,51,40,89" hai1="25,13,98,28,7,117,111,32,82,37,43,128,109" hai2="85,9,68,42,83,55,2,61,96,14,24,23,81" hai3="56,26,31,47,100,90,101,44,125,88,1,75,87"/><U17/><E117/><V12/><F2/><W10/><G125/><T18/><D114/><U69/><E69/><V77/><F42/><W122/><G122/><T30/><D120/><U108/><E128/><V110/><F110/><W113/><G113/><T71/><D106/><U104/><E7/><V94/><F81/><W134/><G75/><T74/><D74/><U38/><E43/><V73/><F73/><W135/><G56/><T133/><D33/><U103/><REACH who="1" step="1"/><E82/><REACH who="1" ten="235,358,142,255" step="2"/><V67/><F55/><W93/><G1/><T66/><D71/><U62/><E62/><V131/><F131/><W50/><G135/><T3/><D133/><U86/><E86/><V11/><F11/><AGARI ba="2,1" hai="11,13,17,25,28,32,37,38,98,103,104,108,109,111" machi="11" ten="40,18000,2" yaku="1,1,14,1,10,1,52,1,53,2" doraHai="97" doraHaiUra="70" who="1" fromWho="2" sc="235,0,358,196,142,-186,255,0" owari="235,-16.0,554,64.0,-44,-54.0,255,6.0" /></mjloggm>