<mjloggm ver="2.3"><GO type="97" lobby="0"/><UN n0="%E5%B0%B1%E6%B4%BB%E7%94%9F%40%E5%B7%9D%E6%9D%91%E8%BB%8D%E5%9B%A3" n1="%E8%A9%A9%E7%B9%94" n2="%E3%81%A9%E3%81%90%E3%81%95%E3%82%8C%E3%81%86%E3%81%AA%E3%81%8E" n3="%E6%84%9F%E8%AC%9D%E3%81%AE%E3%83%99%E3%82%BF%E3%82%AA%E3%83%AA" dan="16,15,15,14" rate="2076.94,1983.80,1957.31,1894.75" sx="M,M,M,M"/><TAIKYOKU oya="0"/><INIT seed="0,0,0,0,5,97" ten="250,250,250,250" oya="0" hai0="122,78,56,7,64,126,60,16,135,109,39,32,68" hai1="36,107,130,91,2,88,59,131,62,43,99,134,22" hai2="51,50,116,41,117,49,86,61,67,27,79,113,29" hai3="106,84,114,124,87,132,35,52,45,74,76,53,108"/><T112/><D122/><U26/><E2/><V54/><F113/><W14/><G114/><T0/><D39/><U123/><E134/><V81/><F41/><W96/><G35/><T120/><D32/><U42/><E123/><V17/><F17/><W129/><G132/><T10/><D120/><U70/><E70/><V73/><F73/><W18/><G108/><T66/><D135/><U12/><E12/><V46/><F116/><W34/><G34/><T98/><D112/><U9/><E9/><V37/><F37/><W48/><G53/><T25/><D109/><U75/><E75/><V33/><REACH who="2" step="1"/><F117/><REACH who="2" ten="250,250,240,250" step="2"/><W90/><G74/><T31/><D16/><N who="1" m="12615" /><E36/><V105/><F105/><W115/><G106/><T8/><D126/><U30/><E43/><V125/><F125/><W77/><G115/><T55/><D10/><U101/><E42/><V72/><F72/><W44/><G124/><T40/><D40/><U133/><E133/><V71/><AGARI ba="0,1" hai="27,29,33,46,49,50,51,54,61,67,71,79,81,86" machi="71" ten="20,2700,0" yaku="1,1,0,1,7,1,53,0" doraHai="97" doraHaiUra="110" who="2" fromWho="2" sc="250,-13,250,-7,240,37,250,-7" /><INIT seed="1,0,0,3,1,33" ten="237,243,277,243" oya="1" hai0="79,45,128,22,75,8,81,95,34,56,78,53,68" hai1="47,121,130,98,104,15,90,3,93,61,50,123,94" hai2="31,89,122,64,17,97,48,131,84,26,38,102,101" hai3="5,132,69,57,74,134,135,52,19,62,117,86,16"/><U14/><E104/><V11/><F38/><W111/><G74/><T29/><D68/><U2/><E130/><V51/><F122/><W23/><G117/><T25/><D128/><U88/><E61/><V36/><F36/><W87/><G111/><T120/><D120/><U83/><E83/><V10/><F64/><N who="3" m="41111" /><G5/><T126/><D126/><U80/><E80/><V49/><F131/><W115/><G115/><T4/><D79/><U72/><E72/><V100/><F97/><W82/><G23/><T59/><D95/><U66/><E66/><V58/><F58/><W85/><G82/><T24/><D45/><U112/><E112/><V43/><F43/><W77/><G77/><T20/><D53/><U32/><E32/><V103/><N who="2" m="25600" /><DORA hai="108" /><V0/><F0/><W118/><G118/><T119/><D119/><U13/><E123/><V70/><F70/><W76/><G76/><T60/><D60/><AGARI ba="0,0" hai="16,19,52,57,60,85,86,87,132,134,135" m="41111" machi="60" ten="40,5200,0" yaku="20,1,54,2" doraHai="33,108" who="3" fromWho="0" sc="237,-52,243,0,277,0,243,52" /><INIT seed="2,0,0,0,2,111" ten="185,243,277,295" oya="2" hai0="13,121,18,49,30,34,71,36,83,43,12,107,123" hai1="2,87,40,78,6,1,76,54,103,97,88,70,56" hai2="109,94,55,59,124,61,84,5,26,105,16,120,95" hai3="11,113,114,25,4,117,126,29,125,96,115,32,118"/><V42/><F120/><W23/><G96/><T82/><D71/><U69/><E40/><V64/><F124/><N who="3" m="47723" /><G23/><T80/><D107/><U57/><E69/><V10/><F105/><W48/><G48/><T91/><D36/><U63/><E70/><V132/><F132/><W62/><G62/><T41/><D91/><U58/><E2/><AGARI ba="0,0" hai="2,4,11,25,29,32,113,114,115,117,118" m="47723" machi="2" ten="40,16000,3" yaku="11,1,18,1,23,1,34,2,52,3" doraHai="111" who="3" fromWho="1" sc="185,0,243,-160,277,0,295,160" /><INIT seed="3,0,0,3,0,69" ten="185,83,277,455" oya="3" hai0="56,16,3,93,96,6,120,95,115,78,4,58,61" hai1="12,23,112,92,9,57,130,125,121,25,85,49,34" hai2="76,131,70,60,38,37,2,67,94,19,109,135,98" hai3="91,88,102,1,134,47,43,81,59,62,83,66,33"/><W117/><G1/><T21/><D120/><U45/><E125/><V54/><F2/><W41/><G33/><T99/><D78/><U0/><E130/><V103/><F109/><W122/><G117/><T68/><D68/><U52/><E121/><V22/><F135/><W20/><G122/><T79/><D79/><U31/><E112/><V36/><F76/><W28/><G134/><T123/><D123/><U116/><E116/><V44/><F131/><W110/><G102/><N who="0" m="60687" /><D3/><U100/><E0/><V13/><REACH who="2" step="1"/><F54/><REACH who="2" ten="185,83,267,455" step="2"/><W90/><G110/><T72/><D115/><U24/><E34/><V15/><F15/><W89/><G43/><AGARI ba="0,1" hai="13,19,22,36,37,38,43,44,60,67,70,94,98,103" machi="43" ten="40,8000,1" yaku="1,1,52,3,53,0" doraHai="69" doraHaiUra="119" who="2" fromWho="3" sc="185,0,83,0,267,90,455,-80" owari="185,-21.0,83,-42.0,357,16.0,375,47.0" /></mjloggm>