<mjloggm ver="2.3"><GO type="97" lobby="0"/><UN n0="%E6%B0%B4%E7%84%A1%E7%80%AC%E6%B5%81%E5%8D%97" n1="%E3%83%87%E3%83%8D%E3%83%9C%E3%83%A9" n2="%E8%BF%A6%E9%99%B5%E9%A0%BB%E4%BC%BD" n3="%E5%B0%B1%E6%B4%BB%E7%94%9F%40%E5%B7%9D%E6%9D%91%E8%BB%8D%E5%9B%A3" dan="13,15,15,15" rate="1894.91,1998.27,2057.96,1998.99" sx="M,M,F,M"/><TAIKYOKU oya="0"/><INIT seed="0,0,0,0,1,127" ten="250,250,250,250" oya="0" hai0="75,64,44,20,68,3,83,45,72,34,135,65,56" hai1="23,84,37,25,95,11,96,18,82,50,117,109,38" hai2="100,63,132,24,19,35,105,12,70,53,39,17,121" hai3="104,55,42,48,94,133,59,15,62,77,113,125,81"/><T76/><D3/><U99/><E117/><V49/><F121/><W28/><G104/><T92/><D34/><U31/><E109/><V101/><F39/><W22/><G113/><T21/><D135/><U103/><E96/><N who="2" m="61575" /><F101/><W110/><G125/><T40/><D72/><U32/><E11/><V98/><F98/><W67/><G110/><T4/><D4/><U116/><E116/><V5/><F5/><W111/><G111/><T36/><D45/><U74/><E74/><V46/><F12/><W33/><G33/><T10/><D10/><U97/><E97/><V129/><F132/><W14/><G42/><T128/><D128/><U131/><E131/><V66/><F129/><W126/><G94/><T58/><D68/><U43/><E43/><V115/><F115/><W8/><G126/><T73/><D73/><U102/><E102/><V69/><F69/><W16/><G133/><T112/><D112/><U130/><E50/><V29/><AGARI ba="0,0" hai="17,19,24,29,35,46,49,53,63,66,70" m="61575" machi="29" ten="30,1100,0" yaku="25,1" doraHai="127" who="2" fromWho="2" sc="250,-5,250,-3,250,11,250,-3" /><INIT seed="1,0,0,5,0,117" ten="245,247,261,247" oya="1" hai0="116,94,78,110,68,19,38,17,52,50,12,32,114" hai1="14,39,15,135,109,2,36,103,22,87,112,54,20" hai2="26,42,56,43,5,75,49,105,7,76,3,28,126" hai3="95,83,23,37,79,119,63,9,65,74,81,13,59"/><U128/><E112/><V84/><F75/><W62/><G119/><T55/><D114/><U70/><E2/><V96/><F3/><W89/><G37/><T111/><D32/><U61/><E128/><V53/><F126/><W45/><G81/><T72/><D38/><U0/><E0/><V121/><F121/><W1/><G1/><T85/><D116/><U10/><E135/><V27/><F105/><W104/><G104/><T67/><D72/><U88/><E103/><V60/><F96/><W123/><G23/><T118/><D118/><U16/><E109/><N who="0" m="41481" /><D68/><U102/><E102/><V48/><F76/><W25/><G25/><N who="2" m="9225" /><F84/><W64/><G45/><N who="0" m="27727" /><D67/><U31/><E31/><V77/><F77/><W44/><G123/><T129/><D129/><U18/><E10/><V40/><F28/><W6/><G44/><T66/><D66/><U100/><E100/><V57/><F49/><W115/><G115/><T82/><D55/><AGARI ba="0,0" hai="5,7,40,42,43,48,53,55,56,57,60" m="9225" machi="55" ten="30,1000,0" yaku="8,1" doraHai="117" who="2" fromWho="0" sc="245,-10,247,0,261,10,247,0" /><INIT seed="2,0,0,3,4,32" ten="235,247,271,247" oya="2" hai0="108,101,93,117,40,96,105,16,90,44,63,66,72" hai1="62,80,128,43,21,121,111,3,51,129,131,5,92" hai2="94,52,61,50,69,85,2,54,26,42,27,68,55" hai3="14,0,73,35,99,125,6,74,103,18,1,115,9"/><V75/><F75/><W65/><G115/><T106/><D72/><U38/><E121/><V60/><F2/><W25/><G65/><T123/><D123/><U134/><E111/><V119/><F119/><W102/><G125/><T33/><D33/><U120/><E120/><V89/><F69/><W87/><G87/><T77/><D117/><U82/><E134/><V81/><F68/><W23/><G103/><T56/><D108/><U86/><E38/><V114/><F114/><W107/><G1/><T76/><D16/><U109/><E109/><V46/><REACH who="2" step="1"/><F81/><REACH who="2" ten="235,247,261,247" step="2"/><W58/><G58/><T83/><D83/><U4/><E82/><V124/><F124/><W8/><REACH who="3" step="1"/><G35/><REACH who="3" ten="235,247,261,237" step="2"/><T97/><D106/><U112/><E3/><V37/><F37/><AGARI ba="0,2" hai="37,40,44,56,63,66,76,77,90,93,96,97,101,105" machi="37" ten="30,1000,0" yaku="7,1" doraHai="32" who="0" fromWho="2" sc="235,30,247,0,261,-10,237,0" /><INIT seed="3,0,0,1,3,91" ten="265,247,251,237" oya="3" hai0="33,75,47,105,54,125,133,14,4,37,9,22,95" hai1="93,94,51,134,26,96,114,20,5,63,28,87,102" hai2="43,131,76,85,42,23,117,83,38,118,130,30,10" hai3="58,35,121,49,100,6,48,97,44,74,106,62,50"/><W21/><G35/><T45/><D105/><U132/><E114/><V107/><F107/><W57/><G121/><T24/><D75/><U34/><E5/><V46/><F43/><W108/><G74/><T127/><D33/><U8/><E8/><V73/><F85/><W13/><G108/><T119/><D119/><U90/><E51/><V112/><F112/><W60/><G44/><T59/><D37/><U86/><E86/><V77/><F77/><W84/><G84/><T98/><D133/><U2/><E2/><V92/><F92/><W115/><G115/><T61/><D125/><U101/><E101/><V41/><F41/><W36/><G36/><T7/><D7/><U122/><E122/><V72/><F72/><W103/><G103/><T124/><D124/><U29/><REACH who="1" step="1"/><E63/><REACH who="1" ten="265,237,251,237" step="2"/><V39/><F39/><W126/><G126/><T40/><D127/><U111/><E111/><V128/><F10/><W71/><G71/><T79/><D40/><U135/><E135/><V16/><REACH who="2" step="1"/><F30/><REACH who="2" ten="265,237,241,237" step="2"/><W52/><G6/><T104/><D104/><U1/><E1/><V25/><AGARI ba="0,2" hai="16,23,25,38,42,46,73,76,83,117,118,128,130,131" machi="25" ten="30,8000,1" yaku="1,1,2,1,0,1,19,1,54,1,53,0" doraHai="91" doraHaiUra="110" who="2" fromWho="2" sc="265,-20,237,-20,241,100,237,-40" owari="245,5.0,217,-18.0,341,43.0,197,-30.0" /></mjloggm>