<mjloggm ver="2.3"><GO type="169" lobby="0"/><UN n0="%E3%82%A6%E3%83%AB%E3%83%88%E3%83%A9%E7%AB%8B%E7%9B%B4" n1="%E5%8F%8A%E5%B7%9D%E5%86%B0%E9%BA%97" n2="%31%73%E3%81%A7%E3%81%84%E3%81%84%E3%81%9D%E3%81%86" n3="%E3%81%B1%E3%83%BC%E3%81%9D%E3%82%93" dan="17,16,16,16" rate="2132.57,2121.34,2064.65,2088.07" sx="M,M,M,M"/><TAIKYOKU oya="0"/><INIT seed="0,0,0,1,2,33" ten="250,250,250,250" oya="0" hai0="103,0,132,68,127,8,19,83,1,100,75,14,107" hai1="95,64,44,27,72,113,37,104,13,119,65,128,43" hai2="108,91,34,41,98,111,52,35,93,55,61,31,112" hai3="94,122,78,29,70,92,106,16,81,74,20,121,96"/><T85/><D127/><U120/><E104/><V79/><F112/><W110/><G70/><T88/><D132/><U84/><E113/><V5/><F41/><W73/><G29/><T125/><D125/><U32/><E72/><V123/><F123/><N who="3" m="47115" /><G110/><N who="2" m="42025" /><F79/><W77/><G77/><T23/><D68/><U102/><E120/><V90/><F5/><W129/><G129/><T99/><D75/><U69/><E128/><V24/><F35/><W30/><G30/><T117/><D117/><U17/><E69/><V114/><F114/><W115/><G115/><T105/><REACH who="0" step="1"/><D23/><REACH who="0" ten="240,250,250,250" step="2"/><U45/><E119/><V134/><F134/><W28/><G74/><T76/><D76/><U38/><E32/><V54/><F61/><W51/><G78/><T56/><D56/><U26/><E45/><V11/><F11/><W133/><G73/><T82/><D82/><U86/><E44/><V39/><F39/><W15/><G81/><T9/><D9/><U118/><E118/><V25/><F25/><W40/><G133/><T109/><D109/><U4/><E26/><V135/><F135/><W87/><G20/><T126/><D126/><U62/><E27/><V66/><F66/><W131/><G131/><T46/><D46/><U89/><E64/><V53/><N who="2" m="13312" /><DORA hai="63" /><V10/><F10/><W59/><G59/><T124/><D124/><U130/><E65/><V3/><F3/><W7/><G7/><T22/><D22/><U18/><E4/><V47/><F47/><W60/><G40/><T12/><D12/><U97/><E13/><V71/><F71/><W50/><G15/><T2/><D2/><RYUUKYOKU ba="0,1" sc="240,15,250,-15,250,15,250,-15" hai0="0,1,8,14,19,83,85,88,99,100,103,105,107" hai2="24,31,34,90,91,93,98" /><INIT seed="0,1,1,0,0,115" ten="255,235,265,235" oya="0" hai0="135,1,37,60,121,16,40,110,128,66,59,130,129" hai1="122,126,34,23,68,58,96,50,11,118,53,82,76" hai2="125,65,116,75,111,55,80,79,24,132,4,85,106" hai3="102,9,48,33,71,127,84,124,133,44,7,35,45"/><T56/><D1/><U21/><E34/><V120/><F120/><W93/><G71/><T54/><D121/><U18/><E122/><V17/><F111/><W14/><G133/><T131/><N who="0" m="32768" /><DORA hai="105" /><T91/><D91/><U6/><E68/><V36/><F132/><W0/><G0/><T89/><D89/><U62/><E126/><N who="3" m="48170" /><G84/><T69/><D135/><U47/><E118/><V31/><F125/><W86/><G86/><T5/><D5/><U100/><E18/><V119/><F65/><W87/><G87/><T29/><D29/><U43/><E82/><V83/><F106/><W99/><G44/><N who="0" m="23567" /><D16/><U51/><E76/><V114/><F114/><W108/><G108/><T2/><D2/><U28/><E28/><V32/><F4/><W72/><G72/><T95/><D95/><U41/><E47/><V25/><F36/><W104/><G93/><T57/><D110/><U134/><E134/><V77/><REACH who="2" step="1"/><F55/><AGARI ba="1,1" hai="7,9,14,33,35,45,48,55,99,102,104" m="48170" machi="55" ten="30,1000,0" yaku="18,1" doraHai="115,105" who="3" fromWho="2" sc="255,0,235,0,265,-13,235,23" /><AGARI ba="1,0" hai="54,55,56,57,59,60,66,69" m="23567,32768" machi="55" ten="60,11600,0" yaku="19,1,34,2" doraHai="115,105" who="0" fromWho="2" sc="255,116,235,0,252,-116,258,0" /><INIT seed="0,2,0,0,2,134" ten="371,235,136,258" oya="0" hai0="11,13,12,92,40,61,93,87,79,71,114,39,30" hai1="4,105,53,42,1,50,9,41,78,132,3,94,22" hai2="131,89,45,91,24,90,67,106,8,123,36,55,0" hai3="121,117,115,130,54,98,111,58,118,26,63,10,128"/><T108/><D114/><U56/><E105/><V99/><F123/><W21/><G98/><T119/><D119/><U32/><E32/><V95/><F131/><W35/><G35/><T85/><D108/><U17/><E132/><V73/><F106/><W109/><G115/><T66/><D30/><U43/><E78/><V135/><F73/><W16/><G121/><T100/><D39/><U133/><E133/><V34/><F135/><W64/><G10/><T122/><D122/><U62/><E94/><V20/><F34/><W97/><G97/><T126/><D40/><U107/><E107/><V44/><F67/><W72/><G72/><T125/><D100/><U6/><E6/><V75/><F75/><W15/><G26/><T29/><D29/><U120/><E3/><V124/><F124/><N who="0" m="47722" /><D13/><U59/><E120/><V33/><F33/><W65/><G118/><T76/><D87/><U14/><E43/><V127/><F127/><W88/><G117/><T38/><D38/><U70/><E70/><V49/><F36/><W57/><G111/><T5/><D92/><U18/><E42/><V86/><F86/><W96/><G109/><T37/><D37/><U82/><E41/><V112/><F112/><W23/><G130/><T104/><D104/><U48/><E14/><V47/><F0/><W31/><G128/><T110/><D110/><U7/><E1/><V27/><F27/><W19/><G31/><T46/><D46/><U25/><E25/><V113/><F113/><W60/><G15/><T74/><D74/><U68/><E82/><V2/><F2/><W102/><G102/><RYUUKYOKU ba="2,0" sc="371,30,235,-10,136,-10,258,-10" hai0="5,11,12,61,66,71,76,79,85,93" /><INIT seed="0,3,0,3,4,68" ten="401,225,126,248" oya="0" hai0="26,16,88,41,5,32,118,45,13,117,131,86,62" hai1="75,37,12,101,15,83,0,87,59,79,63,8,82" hai2="35,103,81,108,72,99,25,33,126,78,55,100,91" hai3="44,21,66,27,31,67,124,105,6,134,29,80,48"/><T76/><D76/><U50/><E101/><V92/><F108/><W127/><G105/><T119/><D131/><U73/><E37/><V120/><F126/><N who="3" m="48171" /><G134/><T9/><D62/><U30/><E30/><V38/><F120/><W93/><G6/><T17/><D26/><U94/><E50/><V57/><F25/><N who="3" m="16559" /><G93/><T89/><D32/><U53/><E0/><V51/><F100/><W61/><G61/><T1/><D86/><U24/><E24/><V58/><F38/><W7/><G7/><T69/><D69/><U116/><E116/><V14/><F14/><W11/><G11/><T39/><REACH who="0" step="1"/><D16/><REACH who="0" ten="391,225,126,248" step="2"/><U111/><E87/><V3/><F3/><W52/><G80/><T42/><D42/><U90/><E83/><V47/><F33/><AGARI ba="3,1" hai="27,31,33,44,48,52,66,67" m="16559,48171" machi="33" ten="30,2000,0" yaku="18,1,54,1" doraHai="68" who="3" fromWho="2" sc="391,0,225,0,126,-29,248,39" /><INIT seed="1,0,0,5,3,10" ten="391,225,97,287" oya="1" hai0="9,57,27,67,85,25,66,133,129,24,77,18,52" hai1="31,105,59,90,28,11,119,86,41,124,42,21,51" hai2="94,5,128,4,73,116,20,7,54,134,112,99,83" hai3="125,69,16,76,115,12,33,3,14,101,123,44,87"/><U91/><E119/><V32/><F116/><W29/><G3/><T30/><D30/><U126/><E105/><V68/><F32/><W113/><G69/><T50/><D129/><U93/><E11/><V15/><F128/><W80/><G123/><T110/><D110/><U65/><E90/><V8/><F134/><W64/><G64/><T2/><D2/><U60/><E21/><V78/><F112/><W117/><G101/><T127/><D127/><N who="1" m="48683" /><E42/><V17/><F68/><W56/><G125/><T102/><D102/><U131/><E131/><V62/><F62/><W107/><G107/><T84/><D133/><U108/><E108/><V103/><REACH who="2" step="1"/><F54/><REACH who="2" ten="391,225,87,287" step="2"/><W111/><G117/><T122/><D122/><U49/><E41/><V114/><F114/><W36/><G113/><T100/><D52/><N who="1" m="32159" /><E49/><V82/><F82/><W61/><G115/><T37/><D50/><U71/><AGARI ba="0,1" hai="28,31,60,65,71,86,91,93" m="32159,48683" machi="71" ten="30,3000,0" yaku="18,1,54,1" doraHai="10" who="1" fromWho="1" sc="391,-10,225,40,87,-10,287,-10" /><INIT seed="1,1,0,5,2,106" ten="381,265,77,277" oya="1" hai0="58,34,132,75,66,37,24,7,61,5,50,74,89" hai1="29,79,60,4,8,130,112,117,129,83,82,28,57" hai2="87,15,102,128,39,105,0,123,120,97,59,3,104" hai3="14,86,32,42,2,119,100,16,23,46,122,54,92"/><U19/><E117/><V78/><F105/><W63/><G2/><T40/><D132/><U80/><E112/><V41/><F128/><N who="1" m="49257" /><E19/><V6/><F15/><W131/><G32/><T55/><D89/><U22/><E22/><V96/><F96/><W95/><G122/><T73/><D24/><U88/><E79/><V9/><F0/><W45/><G131/><T36/><D34/><U103/><E103/><V67/><F67/><W94/><G119/><T99/><D99/><U135/><E135/><V72/><F87/><W71/><G71/><N who="0" m="42447" /><D37/><U48/><E48/><V108/><F59/><N who="3" m="35319" /><G42/><T114/><D114/><U125/><E125/><V44/><REACH who="2" step="1"/><F108/><REACH who="2" ten="381,265,67,277" step="2"/><W51/><G86/><T38/><D38/><U47/><E57/><V35/><F35/><W121/><G121/><T27/><D27/><U107/><E47/><AGARI ba="1,1" hai="5,7,36,40,47,50,55,58,73,74,75" m="42447" machi="47" ten="30,7700,0" yaku="24,1,52,3" doraHai="106" who="0" fromWho="1" sc="381,90,265,-80,67,0,277,0" /><INIT seed="2,0,0,2,0,61" ten="471,185,67,277" oya="2" hai0="13,45,62,129,58,53,86,37,78,104,52,96,57" hai1="54,64,2,75,50,108,10,133,74,73,38,15,117" hai2="97,40,68,115,112,35,106,79,82,47,131,116,107" hai3="20,60,0,85,26,83,25,128,5,41,46,127,118"/><V6/><F116/><W93/><G118/><T44/><D37/><U121/><E117/><V130/><F35/><W33/><G128/><N who="2" m="49193" /><F6/><W126/><G93/><T119/><D129/><U28/><E108/><V111/><F68/><W19/><G0/><T122/><D122/><U9/><E121/><V65/><F111/><W27/><G5/><T42/><D42/><U88/><E133/><V34/><F34/><W110/><G60/><N who="0" m="35879" /><D104/><N who="2" m="39978" /><F97/><W36/><G110/><T16/><D96/><U21/><E2/><V80/><F65/><W132/><G132/><T102/><D102/><U81/><E64/><V134/><F134/><W99/><G99/><T69/><D69/><U12/><E38/><N who="2" m="21911" /><F82/><W1/><G33/><T103/><D103/><U72/><E81/><V59/><F59/><W63/><G63/><T101/><D101/><U87/><E50/><V66/><F66/><W98/><G98/><T8/><D119/><U43/><E43/><V90/><F90/><N who="3" m="51519" /><G1/><T24/><D24/><U71/><E88/><V30/><F30/><W70/><G70/><T113/><D113/><U3/><E71/><V114/><F114/><W120/><G120/><T22/><D8/><U18/><E9/><V76/><F76/><W17/><G20/><T89/><D78/><U56/><E10/><V77/><F77/><W51/><G36/><T123/><D123/><U31/><E21/><V7/><F7/><W55/><G41/><T84/><D89/><U39/><E3/><V32/><F32/><W100/><G100/><T92/><D92/><U94/><E94/><V49/><F49/><W95/><G95/><RYUUKYOKU ba="0,0" sc="471,10,185,-30,67,10,277,10" hai0="13,16,22,44,45,53,58,62,84,86" hai2="79,80,112,115" hai3="17,19,25,26,27,46,51,55,126,127" /><INIT seed="2,1,0,0,4,91" ten="481,155,77,287" oya="2" hai0="15,128,62,124,16,126,95,59,57,55,36,129,78" hai1="132,73,125,64,45,74,121,67,54,70,33,90,97" hai2="10,110,17,88,51,133,63,86,92,41,107,43,25" hai3="22,103,46,130,101,117,28,115,50,8,99,82,40"/><V65/><F133/><W35/><G117/><T19/><D36/><U5/><E132/><V85/><F107/><W27/><G130/><N who="0" m="50283" /><D78/><U109/><E33/><V14/><F110/><W94/><G115/><T116/><D116/><U58/><E109/><V68/><F51/><W23/><G101/><T80/><D80/><U53/><E121/><V44/><F44/><W34/><G35/><T102/><D59/><U83/><E125/><V89/><REACH who="2" step="1"/><F25/><REACH who="2" ten="481,155,67,287" step="2"/><W111/><G111/><T32/><D126/><U134/><E45/><V104/><F104/><W9/><G50/><T42/><D124/><U11/><E134/><V56/><F56/><W120/><G46/><T81/><D42/><U71/><E58/><V37/><F37/><W127/><G40/><T20/><D57/><U87/><E70/><V24/><F24/><W66/><G127/><T1/><D62/><U98/><E71/><V105/><F105/><W79/><G27/><T47/><D47/><U112/><E112/><V96/><F96/><W118/><G99/><T12/><D55/><U84/><E54/><V29/><F29/><W31/><G28/><T30/><D30/><U48/><E97/><V60/><F60/><W106/><G31/><T0/><D32/><U61/><E98/><V123/><F123/><W72/><G34/><T76/><D102/><U49/><E53/><V69/><F69/><W122/><G103/><T113/><D113/><U7/><E61/><V52/><F52/><W39/><G106/><T18/><D20/><U75/><E49/><V21/><F21/><W26/><G22/><T108/><D108/><RYUUKYOKU ba="1,1" sc="481,-10,155,-10,67,30,287,-10" hai2="10,14,17,41,43,63,65,68,85,86,88,89,92" /><INIT seed="2,2,1,3,5,102" ten="471,145,97,277" oya="2" hai0="120,69,63,42,93,11,51,133,50,97,110,54,118" hai1="112,127,27,33,61,75,55,74,85,18,99,16,4" hai2="15,130,111,129,71,22,67,134,48,126,98,37,58" hai3="56,104,2,7,76,106,73,62,128,70,91,30,44"/><V47/><F98/><W105/><G56/><T41/><D120/><U82/><E112/><V59/><F126/><W0/><G91/><T20/><D69/><U1/><E127/><V13/><F134/><W35/><G44/><T124/><D124/><U90/><E99/><V36/><F22/><W40/><G40/><T132/><D110/><U92/><E61/><N who="2" m="40431" /><F15/><W114/><G114/><T81/><D118/><U34/><E55/><N who="2" m="30111" /><F13/><W80/><G128/><N who="2" m="49257" /><F111/><W116/><G116/><T117/><D117/><U31/><E34/><V38/><AGARI ba="2,1" hai="36,37,38,58,59" m="49257,30111,40431" machi="38" ten="40,7800,0" yaku="19,1,34,2" doraHai="102" who="2" fromWho="2" sc="471,-28,145,-28,97,94,277,-28" /><INIT seed="2,3,0,4,5,101" ten="443,117,191,249" oya="2" hai0="111,87,80,48,122,25,7,88,47,86,73,27,77" hai1="107,135,34,52,55,54,67,65,22,0,78,26,58" hai2="97,98,118,70,9,44,76,75,1,109,5,40,53" hai3="36,51,3,45,103,93,28,20,108,114,15,116,128"/><V30/><F118/><W43/><G3/><T127/><D122/><U117/><E117/><V96/><F70/><W131/><G116/><T92/><D111/><U89/><E135/><V24/><F53/><W60/><G108/><T16/><D127/><U129/><E0/><V63/><F63/><W99/><G114/><T49/><D7/><U11/><E129/><V17/><F17/><W68/><G36/><T134/><D134/><U121/><E34/><V119/><F119/><W123/><G123/><T113/><D73/><U72/><E11/><V91/><F109/><W105/><G93/><T64/><D113/><U41/><E41/><V38/><F91/><W21/><G15/><T23/><D64/><U13/><E13/><V94/><F94/><W112/><G112/><T79/><D79/><U104/><E121/><V31/><REACH who="2" step="1"/><F24/><REACH who="2" ten="443,117,181,249" step="2"/><W90/><G90/><T120/><D120/><U59/><E89/><V37/><F37/><W85/><G60/><T81/><D92/><U57/><E67/><V6/><F6/><W39/><G68/><T14/><D49/><U126/><E65/><V115/><F115/><W124/><G39/><T69/><D69/><U10/><E126/><V50/><F50/><W46/><G124/><T106/><D27/><U35/><E55/><V83/><AGARI ba="3,1" hai="1,5,9,30,31,38,40,44,75,76,83,96,97,98" machi="83" ten="30,11700,0" yaku="1,1,0,1,25,2,53,0" doraHai="101" doraHaiUra="56" who="2" fromWho="2" sc="443,-42,117,-42,181,136,249,-42" /><INIT seed="2,4,0,2,3,74" ten="401,75,317,207" oya="2" hai0="57,131,58,66,103,25,90,75,16,126,87,80,19" hai1="116,53,115,85,7,86,52,21,71,61,31,114,91" hai2="96,82,9,44,43,123,111,120,135,45,84,51,23" hai3="18,1,70,26,64,76,40,102,4,36,108,54,127"/><V12/><F135/><W81/><G127/><T73/><D73/><U2/><E116/><V99/><F111/><W122/><G122/><T107/><D126/><U118/><E118/><V39/><F23/><W132/><G132/><T110/><D110/><U104/><E104/><V27/><F27/><W105/><G108/><T38/><D38/><U37/><E37/><V124/><F124/><W100/><G105/><T50/><D75/><U88/><E31/><V24/><F24/><W28/><G18/><T113/><D113/><U95/><E21/><V65/><F65/><W77/><G40/><T60/><D131/><U48/><E7/><V92/><F99/><W72/><G36/><T130/><D130/><U47/><E2/><V97/><F97/><W15/><G1/><T67/><D107/><U98/><E98/><V13/><F13/><W0/><G0/><T49/><D103/><U83/><REACH who="1" step="1"/><E71/><REACH who="1" ten="401,65,317,207" step="2"/><V117/><F117/><W56/><G70/><T6/><D6/><U93/><E93/><V101/><F9/><N who="3" m="4519" /><G72/><T32/><D32/><U89/><E89/><V78/><REACH who="2" step="1"/><F12/><REACH who="2" ten="401,65,307,207" step="2"/><W133/><G133/><T129/><D129/><U42/><E42/><AGARI ba="4,2" hai="39,42,43,44,45,51,78,82,84,92,96,101,120,123" machi="42" ten="30,11600,0" yaku="1,1,2,1,7,1,52,1,53,0" doraHai="74" doraHaiUra="30" who="2" fromWho="1" sc="401,0,65,-128,307,148,207,0" owari="401,20.0,-63,-56.0,455,55.0,207,-19.0" /></mjloggm>