<mjloggm ver="2.3"><GO type="97" lobby="0"/><UN n0="%74%74%6F%68%6F%6B%75" n1="%E3%83%88%E3%83%88%E3%83%AA%E5%85%88%E7%94%9F%31%39%E6%AD%B3" n2="%E3%81%A1%E3%82%83%E3%81%92" n3="%E3%82%A2%E3%82%BE%E3%83%AC%E3%82%B9%E8%AB%B8%E5%B3%B6" dan="15,15,14,13" rate="2017.36,2062.29,1911.22,1880.60" sx="M,F,M,M"/><TAIKYOKU oya="0"/><INIT seed="0,0,0,1,5,102" ten="250,250,250,250" oya="0" hai0="52,116,31,27,117,87,98,95,130,11,99,104,47" hai1="15,63,134,120,78,76,26,40,44,75,19,24,84" hai2="90,115,56,81,7,82,0,3,72,66,69,89,16" hai3="34,111,46,6,29,4,93,79,74,68,1,106,30"/><T51/><D130/><U8/><E120/><V64/><F69/><W33/><G93/><T5/><D87/><U135/><E75/><V124/><F72/><W80/><G111/><T60/><D60/><U21/><E63/><V53/><F115/><W62/><G6/><T103/><D95/><U38/><E26/><V114/><F114/><W18/><G18/><T126/><D98/><U45/><E44/><V14/><F124/><W10/><G30/><T55/><D55/><U109/><E109/><V17/><F7/><W9/><G9/><T41/><D41/><U12/><E12/><V28/><F28/><W32/><G46/><T122/><D122/><U71/><E71/><V127/><F127/><W42/><G42/><T43/><D43/><U39/><E39/><V23/><F3/><W94/><G94/><T113/><D126/><U50/><E38/><V128/><F0/><W107/><G29/><T70/><D70/><U83/><REACH who="1" step="1"/><E78/><REACH who="1" ten="250,240,250,250" step="2"/><V97/><F128/><W73/><REACH who="3" step="1"/><G74/><REACH who="3" ten="250,240,250,240" step="2"/><T133/><D113/><U121/><E121/><V36/><F36/><W132/><G132/><T92/><D133/><U86/><E86/><V22/><F97/><W25/><G25/><T125/><D125/><U119/><E119/><V67/><F82/><W2/><G2/><T37/><D37/><U108/><E108/><V91/><F81/><W101/><G101/><T100/><D100/><U49/><E49/><N who="2" m="30767" /><F14/><W54/><G54/><T112/><D112/><U85/><E85/><V65/><N who="2" m="16896" /><DORA hai="110" /><V58/><F58/><W129/><G129/><T88/><D117/><U96/><E96/><RYUUKYOKU ba="0,2" sc="250,-30,240,10,250,10,240,10" hai1="8,15,19,21,24,40,45,50,76,83,84,134,135" hai2="16,17,22,23,89,90,91" hai3="1,4,10,32,33,34,62,68,73,79,80,106,107" /><INIT seed="1,1,2,0,2,110" ten="220,250,260,250" oya="1" hai0="31,106,28,15,130,40,105,94,14,80,52,123,112" hai1="3,53,89,126,120,118,45,5,46,93,109,8,47" hai2="77,58,95,117,50,96,67,59,71,127,21,97,108" hai3="104,60,49,99,41,10,61,74,115,121,33,101,63"/><U42/><E120/><V23/><F108/><W25/><G121/><T92/><D123/><U37/><E118/><V124/><F71/><W79/><G10/><T125/><D40/><U26/><E126/><V9/><F77/><W6/><G6/><T91/><D130/><U1/><E109/><V39/><F39/><W18/><G79/><T119/><D119/><U83/><E83/><V11/><F50/><W34/><G74/><T72/><D72/><U2/><E26/><V20/><F117/><W66/><G115/><T13/><D112/><U133/><E133/><V55/><F55/><W27/><G49/><T17/><D125/><N who="2" m="48202" /><F67/><W69/><G41/><T100/><D80/><U111/><E111/><V57/><F95/><W76/><G76/><T129/><D129/><U22/><E22/><V64/><F64/><W84/><G84/><T78/><D78/><U128/><E128/><V98/><AGARI ba="1,2" hai="9,11,20,21,23,57,58,59,96,97,98" m="48202" machi="98" ten="40,8000,1" yaku="29,2,28,2,18,1" doraHai="110" who="2" fromWho="2" sc="220,-21,250,-41,260,103,250,-21" /><INIT seed="2,0,0,4,5,14" ten="199,209,363,229" oya="2" hai0="18,130,20,76,43,120,34,55,110,6,78,101,67" hai1="114,64,135,57,60,51,47,24,86,107,88,96,77" hai2="30,19,16,58,7,29,38,98,93,54,123,127,92" hai3="91,10,69,27,132,0,74,104,49,13,61,124,134"/><V126/><F38/><W8/><G74/><T59/><D34/><U71/><E114/><V83/><F7/><W45/><G104/><T52/><D120/><U99/><E135/><N who="3" m="51754" /><G124/><N who="2" m="47657" /><F83/><W33/><G0/><T133/><D133/><U117/><E117/><V112/><F112/><W9/><G91/><T42/><D6/><U40/><E77/><V12/><F12/><W25/><G33/><T36/><D36/><U113/><E113/><V90/><F93/><W39/><G39/><T95/><D110/><U111/><E111/><V32/><F123/><W70/><G13/><N who="0" m="9295" /><D67/><U115/><E115/><V108/><F108/><W21/><G61/><N who="0" m="36071" /><D55/><U3/><E3/><V85/><F98/><W87/><G87/><T102/><D130/><U75/><E75/><V94/><F94/><W97/><G97/><N who="0" m="59583" /><D102/><U79/><E107/><V35/><F35/><W63/><G63/><T82/><D82/><U84/><E99/><V118/><F118/><W17/><G27/><T15/><D15/><U129/><E129/><V41/><F41/><AGARI ba="0,0" hai="8,9,10,17,21,25,41,45,49,69,70" m="51754" machi="41" ten="30,2000,0" yaku="20,1,52,1" doraHai="14" who="3" fromWho="2" sc="199,0,209,0,363,-20,229,20" /><AGARI ba="0,0" hai="41,42,43,76,78" m="59583,36071,9295" machi="41" ten="30,3900,0" yaku="8,1,52,1,54,1" doraHai="14" who="0" fromWho="2" sc="199,39,209,0,343,-39,249,0" /><INIT seed="3,0,0,4,1,80" ten="238,209,304,249" oya="3" hai0="121,23,114,19,119,16,108,73,105,135,99,5,102" hai1="116,52,55,132,124,26,41,69,48,125,83,127,4" hai2="112,95,92,89,106,94,35,82,0,31,53,21,81" hai3="62,78,33,54,101,11,134,85,93,24,39,128,115"/><W126/><G39/><T30/><D73/><U72/><E69/><V86/><F35/><W109/><G115/><T77/><D77/><N who="1" m="44455" /><E132/><V32/><F32/><W6/><G134/><T29/><D119/><U111/><E116/><V70/><F106/><W56/><G128/><T129/><D108/><U91/><E111/><V68/><F0/><W37/><G109/><T100/><D129/><U57/><E4/><V1/><F1/><W65/><G126/><N who="1" m="32258" /><U131/><DORA hai="12" /><E131/><V98/><F112/><W8/><G37/><T42/><D5/><U18/><E91/><V47/><F70/><W107/><G78/><T3/><D3/><U118/><E118/><V7/><F7/><W28/><G8/><T49/><D121/><U13/><E26/><N who="2" m="16847" /><F68/><W84/><G107/><T67/><D67/><U40/><E55/><V90/><F95/><W10/><G10/><AGARI ba="0,0" hai="10,13,18,40,41,48,52,57" m="32258,44455" machi="10" ten="40,5200,0" yaku="18,1,52,1,54,1" doraHai="80,12" who="1" fromWho="3" sc="238,0,209,52,304,0,249,-52" owari="238,-16.0,261,6.0,304,40.0,197,-30.0" /></mjloggm>