<mjloggm ver="2.3"><GO type="225" lobby="0"/><UN n0="%E5%A4%A7%E7%8E%89%E5%B0%86" n1="%61%6D%65%64%69%6F" n2="%E3%83%88%E3%83%88%E3%83%AA%E5%85%88%E7%94%9F%31%39%E6%AD%B3" n3="%E6%B4%BE%E9%81%A3%E3%81%AE%E3%82%B8%E3%83%A3%E3%83%83%E3%82%AF" dan="16,18,18,16" rate="2088.60,2219.48,2264.42,2156.72" sx="M,M,F,M"/><TAIKYOKU oya="0"/><INIT seed="0,0,0,5,5,18" ten="250,250,250,250" oya="0" hai0="73,118,133,25,113,89,85,23,93,78,102,88,115" hai1="50,80,5,10,12,90,119,65,17,86,27,114,107" hai2="79,70,11,126,59,98,108,74,121,42,77,105,84" hai3="36,111,100,75,110,94,8,95,135,82,104,4,124"/><T31/><D118/><U57/><E107/><V64/><F70/><W32/><G36/><T9/><D133/><U2/><E119/><V38/><F74/><W34/><G135/><T69/><D69/><U41/><E114/><V30/><F121/><W125/><G95/><T35/><D102/><U109/><E109/><N who="3" m="41482" /><G94/><T103/><D103/><U120/><E120/><V13/><F126/><N who="3" m="48747" /><G82/><T92/><D9/><U45/><E65/><V63/><F108/><W117/><G75/><T48/><D48/><U7/><E57/><V58/><F84/><W15/><G117/><T21/><D113/><U68/><E68/><V81/><F81/><W97/><AGARI ba="0,0" hai="4,8,15,32,34,97,100,104" m="48747,41482" machi="97" ten="40,2700,0" yaku="14,1,18,1" doraHai="18" who="3" fromWho="3" sc="250,-13,250,-7,250,-7,250,27" /><INIT seed="1,0,0,2,2,17" ten="237,243,243,277" oya="1" hai0="19,29,59,60,47,74,89,2,63,108,8,54,78" hai1="130,57,38,96,73,37,134,10,23,66,41,91,103" hai2="48,50,87,99,82,3,21,109,94,123,69,112,55" hai3="129,125,85,9,14,43,4,92,52,79,115,116,135"/><U26/><E73/><V31/><F123/><W80/><G115/><T30/><D108/><U62/><E130/><V105/><F69/><W124/><G135/><T15/><D2/><U53/><E134/><V45/><F3/><W35/><G129/><T131/><D131/><U58/><E10/><V100/><F109/><W39/><G35/><T28/><D74/><U36/><E91/><V22/><F112/><W24/><G116/><T121/><D121/><U42/><E58/><N who="2" m="33127" /><F31/><W1/><G92/><T83/><D78/><U65/><E65/><V46/><F105/><W110/><G110/><T40/><D63/><U97/><E53/><N who="2" m="29903" /><F46/><W7/><G7/><T27/><D83/><U114/><E114/><V101/><F100/><W72/><G52/><T98/><D89/><AGARI ba="0,0" hai="21,22,82,87,89,94,99,101" m="29903,33127" machi="89" ten="30,3900,0" yaku="8,1,52,2" doraHai="17" who="2" fromWho="0" sc="237,-39,243,0,243,39,277,0" /><INIT seed="2,0,0,3,3,125" ten="198,243,282,277" oya="2" hai0="111,106,69,68,38,51,26,79,100,114,71,124,7" hai1="82,32,80,135,62,131,75,4,41,1,25,58,16" hai2="102,81,50,5,83,52,120,105,119,110,97,85,65" hai3="133,42,126,103,9,118,30,3,101,2,130,60,128"/><V74/><F119/><W17/><G126/><T59/><D124/><U0/><E135/><V33/><F120/><W115/><G118/><T13/><D114/><U117/><E117/><V129/><F33/><W132/><G42/><T113/><D113/><U96/><E41/><V84/><F110/><W14/><G30/><T46/><D38/><U15/><E96/><V123/><F123/><W70/><G115/><T10/><D111/><U20/><E131/><N who="3" m="50218" /><G60/><T104/><D59/><U61/><E61/><V34/><F34/><W99/><G101/><T12/><D79/><U18/><E75/><V11/><F74/><W6/><G70/><T37/><D37/><U78/><E78/><V88/><F129/><W31/><G31/><T54/><D26/><U19/><E32/><V39/><F39/><W55/><G55/><T35/><D35/><U108/><E108/><V56/><F65/><W90/><G90/><T93/><D100/><U122/><E122/><V89/><F102/><W23/><G3/><T44/><D44/><U28/><E0/><V66/><F66/><W29/><G29/><T72/><D72/><U112/><E1/><V76/><F76/><W127/><G127/><T67/><D67/><N who="1" m="39383" /><E112/><V48/><F48/><W109/><G109/><T107/><D71/><U116/><E116/><V22/><F50/><W73/><G73/><T98/><D69/><U57/><E57/><V91/><F56/><W47/><G47/><T53/><D68/><U64/><E64/><V45/><F45/><W36/><G36/><T121/><D121/><U87/><E28/><V94/><F52/><RYUUKYOKU ba="0,0" sc="198,-10,243,-10,282,-10,277,30" hai3="2,6,9,14,17,23,99,103,132,133" /><INIT seed="3,1,0,0,0,66" ten="188,233,272,307" oya="3" hai0="63,91,5,30,18,78,127,21,126,74,75,14,97" hai1="1,60,32,17,96,24,132,54,22,105,102,100,45" hai2="65,36,52,41,39,124,106,8,70,94,79,16,44" hai3="101,46,77,71,118,50,62,98,110,135,48,57,26"/><W6/><G118/><T120/><D120/><U40/><E132/><V51/><F106/><W131/><G71/><T43/><D43/><U103/><E1/><V82/><F124/><N who="0" m="47658" /><D78/><U33/><E33/><V99/><F70/><W133/><G77/><T83/><D30/><U15/><E32/><V28/><F65/><W9/><G26/><N who="0" m="14647" /><D63/><U113/><E113/><V116/><F28/><W64/><G110/><T27/><D27/><U0/><E0/><V42/><F116/><W73/><G73/><T58/><D58/><N who="1" m="34903" /><E105/><V117/><F117/><W3/><G131/><T87/><D97/><U81/><E24/><V72/><F36/><W59/><G59/><T29/><D29/><U49/><E96/><V76/><F39/><W55/><G48/><T134/><D134/><N who="3" m="51209" /><G98/><T12/><D5/><U61/><E61/><V47/><F79/><W37/><G37/><T104/><D104/><U90/><E103/><AGARI ba="1,0" hai="3,6,9,46,50,55,57,62,64,101,103" m="51209" machi="103" ten="30,1500,0" yaku="20,1" doraHai="66" who="3" fromWho="1" sc="188,0,233,-18,272,0,307,18" owari="188,-31.0,215,-18.0,272,7.0,325,42.0" /></mjloggm>