<mjloggm ver="2.3"><GO type="169" lobby="0"/><UN n0="%E3%82%A6%E3%83%AB%E3%83%88%E3%83%A9%E7%AB%8B%E7%9B%B4" n1="%4E%6E%31%33%34" n2="%E3%83%92%E3%83%AB%E3%83%99%E3%83%AB%E3%83%88" n3="%E3%81%A4%E3%81%B0%E3%81%8D%E3%81%A1%30%33" dan="16,17,16,16" rate="2130.11,2122.55,2091.44,2157.55" sx="M,M,M,M"/><TAIKYOKU oya="0"/><INIT seed="0,0,0,0,1,122" ten="250,250,250,250" oya="0" hai0="118,40,41,132,84,131,100,120,7,31,76,56,75" hai1="0,135,49,25,46,51,4,87,61,104,70,15,80" hai2="96,124,35,53,60,22,93,117,123,42,16,54,129" hai3="99,107,83,121,126,9,128,94,112,109,38,52,78"/><T105/><D120/><U43/><E104/><V67/><F123/><W64/><G121/><T119/><D40/><U27/><E135/><V10/><F35/><W125/><G38/><T32/><D56/><U101/><E101/><V6/><F124/><N who="3" m="47723" /><G64/><T114/><D7/><U95/><E95/><V5/><F129/><W108/><G107/><T44/><D84/><U13/><E0/><V20/><F117/><W130/><G9/><T89/><D89/><U29/><E51/><V37/><F42/><W66/><G52/><N who="2" m="20073" /><F37/><W68/><G66/><T23/><D23/><N who="2" m="8746" /><F67/><W11/><G11/><T91/><D132/><U134/><E134/><V82/><F82/><W28/><G28/><T48/><D131/><N who="3" m="50217" /><G68/><T47/><D114/><U34/><E29/><V98/><F60/><W88/><G112/><T81/><D31/><U110/><E70/><V86/><F86/><AGARI ba="0,0" hai="78,83,86,88,94,99,108,109" m="50217,47723" machi="86" ten="30,12000,2" yaku="18,1,19,1,34,2,52,2,54,1" doraHai="122" who="3" fromWho="2" sc="250,0,250,0,250,-120,250,120" /><INIT seed="1,0,0,2,5,84" ten="250,250,130,370" oya="1" hai0="68,20,98,110,120,111,133,19,113,18,83,80,129" hai1="60,12,1,128,117,100,13,101,14,135,134,97,123" hai2="103,43,70,16,42,95,45,23,27,28,36,35,126" hai3="104,33,87,24,65,116,31,50,41,57,77,11,121"/><U91/><E123/><V125/><F70/><W51/><G121/><T73/><D113/><U76/><E117/><V99/><REACH who="2" step="1"/><F43/><REACH who="2" ten="250,250,120,370" step="2"/><W131/><G41/><T25/><D120/><U34/><E128/><V22/><F22/><W89/><G131/><T2/><D68/><U112/><E34/><V85/><F85/><W59/><G33/><T107/><D129/><U108/><E112/><V115/><F115/><W5/><G87/><T94/><D73/><U105/><E135/><V4/><F4/><W93/><G5/><T66/><D133/><U7/><E134/><V52/><F52/><W53/><G53/><T6/><D20/><U69/><E69/><V46/><F46/><W40/><G40/><T102/><D66/><U0/><E7/><V9/><F9/><W54/><G11/><T32/><D6/><U55/><E55/><V8/><F8/><W81/><G65/><T3/><D32/><U21/><E21/><V39/><F39/><W130/><G130/><T82/><D2/><U26/><E0/><V56/><F56/><W15/><G57/><T38/><D38/><U122/><E1/><V58/><F58/><W44/><G59/><T109/><D3/><U86/><E86/><V78/><F78/><W61/><G54/><T49/><D49/><U47/><E76/><V10/><F10/><W106/><G50/><T124/><D110/><U118/><E108/><V88/><F88/><W119/><G51/><T96/><D111/><U63/><E91/><V71/><F71/><W114/><G44/><T48/><D109/><U17/><E122/><V29/><F29/><RYUUKYOKU ba="0,1" sc="250,-10,250,-10,120,30,370,-10" hai2="16,23,27,28,35,36,42,45,95,99,103,125,126" /><INIT seed="2,1,1,3,2,39" ten="240,240,150,360" oya="2" hai0="53,2,86,0,134,111,130,52,90,3,123,66,15" hai1="12,121,72,16,97,122,128,107,95,30,62,89,109" hai2="104,117,19,82,26,47,17,43,42,116,88,99,81" hai3="4,103,96,1,8,50,10,21,74,100,6,11,14"/><V7/><F7/><W78/><G74/><T114/><D123/><N who="1" m="47115" /><E109/><V24/><F104/><W120/><G120/><T75/><D75/><U83/><E128/><V9/><F47/><W110/><G78/><T32/><D32/><U33/><E62/><V45/><F45/><W69/><G69/><T56/><D114/><U118/><E118/><V41/><F117/><W70/><G70/><T22/><D111/><U68/><E68/><V93/><F116/><W105/><G110/><T80/><D130/><U119/><E119/><V124/><F124/><W73/><G73/><T98/><D134/><U115/><E115/><V5/><F26/><W49/><G21/><T25/><D15/><U28/><E33/><V61/><F61/><W57/><G100/><T20/><D20/><N who="1" m="11271" /><E107/><V54/><F54/><W38/><G11/><T23/><D23/><U55/><E55/><V77/><F24/><W132/><G6/><T18/><D66/><U106/><E106/><V46/><F46/><W67/><G4/><T108/><D108/><U113/><E113/><V31/><F31/><W125/><G105/><T13/><D25/><U48/><E48/><V60/><F60/><N who="3" m="38287" /><G49/><T59/><D53/><U36/><E36/><V51/><F51/><W63/><G50/><T112/><D112/><U91/><E91/><V79/><F79/><AGARI ba="1,1" hai="28,30,72,79,83,89,95,97" m="11271,47115" machi="79" ten="30,2000,0" yaku="13,1,54,1" doraHai="39" who="1" fromWho="2" sc="240,0,240,33,150,-23,360,0" /><INIT seed="3,0,0,0,3,22" ten="240,273,127,360" oya="3" hai0="5,85,26,7,128,43,93,112,84,45,116,110,59" hai1="33,37,102,32,16,78,95,49,134,123,66,29,1" hai2="99,48,86,103,60,118,35,38,122,51,67,21,70" hai3="87,106,96,91,53,101,65,130,124,79,125,57,104"/><W72/><G65/><T19/><D116/><U28/><E37/><V40/><F118/><W55/><G57/><T23/><D128/><U98/><E1/><V77/><F35/><W44/><G44/><T135/><D112/><U12/><E78/><V88/><F77/><W50/><G50/><N who="0" m="26943" /><D135/><U34/><E134/><V14/><F122/><W63/><G63/><T4/><D110/><U69/><E123/><V127/><F127/><N who="3" m="48715" /><G106/><T131/><D131/><U121/><E121/><V111/><F111/><W36/><G36/><T58/><D85/><U114/><E114/><V115/><F115/><W24/><G24/><T117/><D117/><U42/><E66/><V109/><F109/><W81/><G130/><T10/><D10/><U97/><E69/><V52/><F38/><W92/><AGARI ba="0,0" hai="53,55,72,79,81,87,91,92,96,101,104" m="48715" machi="92" ten="30,3000,0" yaku="24,1,18,1" doraHai="22" who="3" fromWho="3" sc="240,-10,273,-10,127,-10,360,30" /><INIT seed="3,1,0,5,3,22" ten="230,263,117,390" oya="3" hai0="130,68,71,42,67,66,27,106,110,76,125,3,117" hai1="89,25,10,72,26,73,135,56,93,79,86,55,114" hai2="16,18,29,0,57,108,58,111,127,28,96,82,39" hai3="41,109,2,59,105,35,83,46,107,37,69,12,43"/><W50/><G35/><T1/><D106/><U131/><E114/><V23/><F0/><W64/><G2/><T85/><D85/><U116/><E116/><V4/><F39/><W74/><G41/><T49/><D42/><U19/><E135/><V63/><F4/><W53/><G109/><N who="2" m="42057" /><F127/><W62/><REACH who="3" step="1"/><G12/><REACH who="3" ten="230,263,117,380" step="2"/><T126/><D110/><U6/><E131/><V128/><F128/><W34/><G34/><T70/><D130/><U84/><E72/><V30/><F23/><W80/><G80/><T102/><D1/><U40/><E40/><V134/><F134/><W20/><G20/><T52/><D3/><U78/><E73/><V92/><F82/><W36/><G36/><T5/><D125/><U38/><E38/><V65/><F58/><W32/><G32/><T61/><D126/><U91/><E56/><V87/><F87/><W123/><G123/><T60/><D70/><U94/><E86/><V90/><AGARI ba="1,1" hai="16,18,28,29,30,57,63,65,90,92,96" m="42057" machi="90" ten="30,2000,0" yaku="14,1,54,1" doraHai="22" who="2" fromWho="2" sc="230,-6,263,-6,117,33,380,-11" /><INIT seed="4,0,0,3,4,53" ten="224,257,150,369" oya="0" hai0="47,113,32,91,95,88,110,67,121,40,18,7,94" hai1="30,50,45,92,66,131,46,112,133,130,15,97,126" hai2="39,116,127,109,0,64,27,26,43,23,11,2,19" hai3="114,129,80,20,60,85,99,107,42,90,34,14,93"/><T101/><D121/><U103/><E126/><V115/><F127/><W35/><G107/><T29/><D113/><U81/><E133/><V71/><F109/><W111/><G111/><T124/><D124/><U28/><E112/><V49/><F39/><W21/><G114/><T122/><D122/><U120/><E120/><V16/><F116/><W3/><G3/><T79/><D7/><U24/><E66/><V1/><F115/><W25/><G42/><T89/><D110/><U135/><E135/><V31/><F71/><W78/><G129/><T37/><D79/><U125/><E125/><V57/><F43/><W61/><G34/><T65/><D29/><U96/><E81/><V72/><F72/><W106/><G35/><T123/><D32/><U36/><E36/><V55/><F64/><N who="0" m="24650" /><D123/><U12/><E97/><V13/><REACH who="2" step="1"/><F27/><REACH who="2" ten="224,257,140,369" step="2"/><W54/><G25/><T108/><D108/><U75/><E75/><V69/><F69/><W58/><G106/><T82/><D37/><U56/><E24/><V38/><F38/><W70/><G70/><T77/><D40/><U22/><E131/><V10/><F10/><W104/><G104/><T105/><D105/><U100/><E130/><V134/><F134/><W73/><G73/><T76/><D82/><U59/><E22/><V4/><AGARI ba="0,1" hai="0,1,2,4,11,13,16,19,23,26,31,49,55,57" machi="4" ten="30,8000,1" yaku="1,1,0,1,52,1,54,1,53,1" doraHai="53" doraHaiUra="8" who="2" fromWho="2" sc="224,-40,257,-20,140,90,369,-20" /><INIT seed="5,0,0,4,4,47" ten="184,237,230,349" oya="1" hai0="28,52,83,93,40,111,59,88,99,127,22,53,114" hai1="2,48,107,17,70,10,128,109,89,81,74,51,37" hai2="84,60,79,94,80,103,61,67,23,72,16,95,122" hai3="133,3,0,91,130,13,134,44,73,43,41,36,62"/><U24/><E70/><V135/><F135/><N who="3" m="51723" /><G73/><T21/><D111/><U19/><E107/><V121/><F61/><W110/><G43/><T12/><D127/><U14/><E37/><V5/><F5/><W50/><G36/><T97/><D114/><U1/><E109/><V38/><F38/><W15/><G130/><T123/><D123/><U100/><E100/><V57/><F103/><W8/><G13/><T120/><D120/><U9/><E128/><V105/><F105/><W49/><G49/><N who="1" m="19018" /><E74/><V131/><F131/><W87/><G62/><N who="0" m="36199" /><D40/><U108/><E108/><V129/><F129/><W54/><G41/><T96/><D83/><U68/><E68/><V64/><F72/><W33/><G33/><T45/><D45/><U27/><E1/><V34/><F34/><W118/><G118/><T104/><D104/><U66/><E66/><N who="2" m="39183" /><F121/><W85/><G110/><T86/><D53/><U25/><E2/><N who="3" m="554" /><G91/><T113/><D113/><U101/><E101/><V58/><F122/><W78/><G78/><T90/><D90/><U42/><E42/><V63/><F64/><W26/><G26/><AGARI ba="0,0" hai="16,23,26,58,63,67,79,80,84,94,95" m="39183" machi="26" ten="30,2000,0" yaku="8,1,54,1" doraHai="47" who="2" fromWho="3" sc="184,0,237,0,230,20,349,-20" /><INIT seed="6,0,0,1,4,92" ten="184,237,250,329" oya="2" hai0="96,123,130,98,95,37,4,11,0,87,67,82,111" hai1="56,25,13,8,99,65,42,126,79,119,26,43,72" hai2="112,36,85,135,90,103,108,57,127,125,61,59,68" hai3="63,118,128,12,71,77,38,120,102,114,54,1,113"/><V50/><F36/><W107/><G1/><T83/><D123/><U115/><E119/><V6/><F112/><N who="3" m="43115" /><G38/><T31/><D111/><U40/><E115/><V101/><F135/><W5/><G77/><T88/><D37/><U41/><E126/><N who="2" m="48139" /><F6/><W14/><G128/><T105/><D130/><U69/><E69/><V32/><F32/><W24/><G5/><T49/><D31/><U44/><E79/><V81/><F108/><W133/><G118/><T80/><D105/><U84/><E84/><V70/><F57/><N who="3" m="35255" /><G71/><N who="2" m="27177" /><F50/><W106/><G120/><T29/><D67/><AGARI ba="0,0" hai="59,61,67,81,85,90,101,103" m="27177,48139" machi="67" ten="30,1500,0" yaku="18,1" doraHai="92" who="2" fromWho="0" sc="184,-15,237,0,250,15,329,0" /><INIT seed="6,1,0,2,4,104" ten="169,237,265,329" oya="2" hai0="0,107,35,54,4,84,52,83,17,124,100,34,22" hai1="6,68,51,111,55,25,127,42,31,23,66,5,99" hai2="65,63,120,72,46,79,33,90,61,20,41,134,8" hai3="14,28,29,19,132,115,76,10,49,119,126,81,95"/><V21/><F33/><W32/><G119/><T96/><D124/><U131/><E111/><V106/><F106/><W37/><G37/><T26/><D4/><U24/><E127/><V125/><F120/><W1/><G1/><T110/><D0/><U9/><E131/><V44/><F134/><W121/><G121/><T135/><D110/><U39/><E42/><V62/><F65/><W16/><G32/><T15/><D135/><U82/><E39/><V3/><F90/><W56/><G132/><T36/><D36/><U57/><E82/><N who="2" m="45415" /><F44/><W93/><G19/><T94/><D107/><U77/><E77/><V47/><F46/><W133/><G126/><T7/><D35/><U108/><E108/><V98/><F98/><W30/><G133/><T64/><D64/><U129/><E99/><V75/><F75/><W86/><G115/><T103/><D103/><U74/><E74/><V27/><F27/><W88/><G76/><T12/><D12/><U18/><E66/><V73/><F73/><W101/><G101/><T102/><D102/><U116/><E68/><V118/><F118/><W71/><G71/><T122/><D122/><U97/><E97/><V130/><F130/><W112/><G112/><T38/><D38/><U114/><E114/><V59/><F41/><W113/><G113/><T128/><D128/><U78/><E78/><V2/><F3/><W60/><G49/><T87/><D87/><U11/><E129/><V105/><F2/><W40/><G40/><T13/><D13/><U58/><E116/><V92/><F125/><W85/><G85/><T67/><D84/><RYUUKYOKU ba="1,0" sc="169,-10,237,-10,265,-10,329,30" hai3="10,14,16,28,29,30,56,60,81,86,88,93,95" /><INIT seed="7,2,0,3,3,68" ten="159,227,255,359" oya="3" hai0="123,64,118,93,102,23,3,57,79,133,55,41,62" hai1="14,1,115,75,97,70,124,67,27,59,104,120,84" hai2="51,49,63,39,19,83,40,128,53,116,113,94,9" hai3="119,100,38,15,111,121,31,30,66,81,46,21,6"/><W90/><G119/><T71/><D118/><U12/><E1/><V135/><F94/><W88/><G38/><T47/><D123/><U96/><E75/><V52/><F83/><W107/><G107/><T76/><D133/><U11/><E70/><V17/><F9/><W58/><G46/><T45/><D3/><U50/><E120/><V99/><F99/><N who="1" m="37961" /><E104/><V109/><F39/><W10/><G100/><T112/><D112/><U28/><E124/><V78/><F63/><W131/><G90/><T73/><D73/><U127/><E127/><V105/><F105/><W33/><G88/><T35/><D35/><U77/><E11/><V91/><F91/><W43/><G10/><T25/><D47/><U4/><E4/><V72/><F72/><W44/><G121/><T89/><D102/><U95/><E95/><V7/><F78/><W110/><G81/><T36/><D93/><U18/><E28/><V32/><F7/><W114/><G31/><T5/><D5/><U0/><E0/><V103/><F103/><W26/><G30/><T130/><D89/><U117/><E115/><V87/><F113/><W65/><G114/><T61/><REACH who="0" step="1"/><D130/><REACH who="0" ten="149,227,255,359" step="2"/><U42/><E117/><V34/><F128/><W2/><G131/><T85/><D85/><U132/><E84/><V74/><F87/><W13/><G6/><T22/><D22/><U92/><E92/><V129/><F129/><W125/><G33/><T60/><D60/><U20/><E132/><V69/><F135/><W54/><G21/><T134/><D134/><U56/><E20/><V37/><F116/><W108/><G2/><RYUUKYOKU ba="2,1" sc="149,30,227,-10,255,-10,359,-10" hai0="23,25,36,41,45,55,57,61,62,64,71,76,79" owari="179,-32.0,217,-18.0,245,5.0,359,45.0" /></mjloggm>