<mjloggm ver="2.3"><GO type="225" lobby="0"/><UN n0="%E3%83%88%E3%83%88%E3%83%AA%E5%85%88%E7%94%9F%31%39%E6%AD%B3" n1="%70%69%2D%70%6F" n2="%E3%81%BE%E3%82%8A%E3%82%82%E2%98%86%E5%A4%AA%E9%83%8E" n3="%E3%82%AB%E3%83%A9%E3%82%B9%E3%81%AE%E5%AD%90" dan="16,16,16,16" rate="2121.96,2082.70,2143.06,2114.28" sx="F,M,M,M"/><TAIKYOKU oya="0"/><INIT seed="0,0,0,2,4,82" ten="250,250,250,250" oya="0" hai0="93,34,16,65,58,104,117,18,102,120,23,84,114" hai1="83,63,64,61,70,101,122,37,103,124,0,128,36" hai2="33,59,2,20,4,131,108,81,119,105,32,99,57" hai3="133,113,68,35,49,72,75,54,112,118,77,111,14"/><T67/><D114/><U51/><E122/><V88/><F119/><W80/><G118/><T17/><D117/><U85/><E0/><V53/><F108/><W27/><G111/><T30/><D120/><U56/><E51/><V47/><F131/><W31/><G133/><T87/><D104/><U107/><E124/><V71/><F71/><W126/><G126/><T92/><D34/><U134/><E134/><V41/><F33/><W29/><G29/><T90/><D58/><U76/><E128/><V44/><F32/><W52/><G68/><T97/><D87/><U25/><E25/><AGARI ba="0,0" hai="16,17,18,23,25,30,65,67,84,90,92,93,97,102" machi="25" ten="40,7700,0" yaku="8,1,52,1,54,1" doraHai="82" who="0" fromWho="1" sc="250,77,250,-77,250,0,250,0" /><INIT seed="0,1,0,5,0,62" ten="327,173,250,250" oya="0" hai0="117,134,127,115,114,122,42,73,60,9,69,40,54" hai1="77,130,68,12,78,131,31,110,107,106,101,90,104" hai2="13,37,15,17,3,63,8,112,20,35,125,11,56" hai3="96,49,47,113,22,87,23,65,30,123,16,51,103"/><T121/><D73/><U29/><E68/><V95/><F112/><N who="0" m="43050" /><D9/><U109/><E12/><V89/><F37/><W59/><G113/><T19/><D19/><U25/><E101/><V105/><F105/><W83/><G123/><N who="0" m="47115" /><D134/><U124/><E124/><V41/><F35/><W133/><G133/><T33/><D33/><U98/><E25/><V28/><F125/><W1/><G1/><T74/><D74/><U39/><E39/><V14/><F3/><W52/><G30/><N who="1" m="11274" /><E90/><V24/><F41/><N who="3" m="24815" /><G23/><T46/><D127/><U38/><E98/><N who="2" m="57711" /><F28/><W91/><G96/><T0/><D0/><U67/><E38/><V44/><F44/><W97/><G97/><T64/><D117/><U120/><E120/><V45/><F45/><W4/><G4/><T6/><D6/><U58/><E77/><V21/><F21/><W48/><G48/><AGARI ba="1,0" hai="40,42,46,48,54,60,64,69" m="47115,43050" machi="48" ten="30,5800,0" yaku="34,2,52,1" doraHai="62" who="0" fromWho="3" sc="327,61,173,0,250,0,250,-61" /><INIT seed="0,2,0,4,5,127" ten="388,173,250,189" oya="0" hai0="96,91,86,54,74,78,124,76,0,1,56,134,77" hai1="73,130,36,94,8,114,108,27,129,55,128,121,32" hai2="109,42,99,59,81,13,7,133,25,18,71,17,43" hai3="118,117,39,31,83,49,110,33,98,126,60,35,58"/><T29/><D74/><U30/><E121/><V89/><F71/><W12/><G39/><T101/><D124/><U51/><E108/><V22/><F109/><W66/><G126/><T48/><D134/><U68/><E36/><V53/><F133/><W3/><G3/><T87/><D29/><U105/><E105/><V24/><F7/><W14/><G110/><T6/><D6/><U80/><E114/><V115/><F115/><W4/><G83/><T10/><D10/><U112/><E112/><V104/><F104/><W37/><G37/><T11/><D11/><U103/><E68/><V67/><F67/><W125/><G125/><T70/><D70/><U102/><E94/><N who="2" m="56783" /><F81/><W47/><G117/><T61/><D61/><U50/><E8/><N who="2" m="6311" /><F24/><W5/><G118/><T79/><D1/><U62/><E62/><AGARI ba="2,0" hai="18,22,25,42,43,53,59,62" m="6311,56783" machi="62" ten="30,2000,0" yaku="25,1,8,1" doraHai="127" who="2" fromWho="1" sc="388,0,173,-26,250,26,189,0" /><INIT seed="1,0,0,5,0,89" ten="388,147,276,189" oya="1" hai0="87,4,100,38,44,64,115,104,67,17,95,93,2" hai1="14,6,66,126,56,50,9,101,63,133,103,109,7" hai2="20,31,125,42,27,43,51,34,113,76,111,61,10" hai3="77,124,18,70,117,54,68,114,99,75,69,73,25"/><U32/><E126/><V45/><F111/><W127/><G114/><T36/><D115/><U128/><E128/><V108/><F108/><W40/><G117/><T49/><D104/><U135/><E109/><V60/><F113/><W91/><G40/><T72/><D72/><U37/><E37/><V23/><F125/><N who="3" m="48203" /><G77/><T120/><D120/><U57/><E32/><V16/><F43/><W35/><G54/><T59/><D59/><U107/><E6/><V83/><F10/><W82/><G82/><T98/><D4/><U123/><E123/><V81/><F34/><W84/><G84/><T12/><D2/><U97/><REACH who="1" step="1"/><E103/><REACH who="1" ten="388,137,276,189" step="2"/><V15/><F81/><W131/><G131/><T8/><D36/><U116/><E116/><V119/><F119/><W52/><G35/><T79/><D38/><U3/><E3/><V85/><AGARI ba="0,1" hai="15,16,20,23,27,31,42,45,51,60,61,76,83,85" machi="85" ten="20,5200,0" yaku="0,1,7,1,8,1,54,1" doraHai="89" who="2" fromWho="2" sc="388,-13,137,-26,276,62,189,-13" /><INIT seed="2,0,0,5,0,135" ten="375,111,338,176" oya="2" hai0="114,80,98,19,57,81,75,84,123,90,5,131,58" hai1="45,95,66,118,104,23,82,40,7,67,62,115,6" hai2="14,27,48,13,103,34,54,113,129,68,35,3,110" hai3="109,17,97,61,16,93,77,24,39,72,116,11,38"/><V117/><F117/><W73/><G116/><T108/><D114/><U134/><E115/><V43/><F113/><W102/><G109/><T125/><D123/><U22/><E118/><V56/><F68/><W99/><G61/><T63/><D108/><U44/><E104/><V32/><F110/><W30/><G77/><T127/><D131/><U2/><E134/><V8/><F129/><W55/><G55/><T132/><D132/><U1/><E95/><V50/><F103/><W41/><G41/><T119/><D119/><U78/><E78/><V70/><F70/><W106/><G11/><T107/><D5/><U52/><E62/><V25/><F3/><W36/><G73/><T37/><D37/><U88/><E40/><V64/><F64/><W130/><G72/><T15/><D75/><U79/><E79/><V12/><REACH who="2" step="1"/><F8/><REACH who="2" ten="375,111,328,176" step="2"/><W65/><G130/><T86/><D107/><U89/><REACH who="1" step="1"/><E82/><REACH who="1" ten="375,101,328,176" step="2"/><V26/><F26/><W74/><G24/><T87/><D81/><U29/><E29/><V49/><F49/><W53/><G30/><T60/><D80/><U111/><E111/><V33/><N who="2" m="8192" /><DORA hai="10" /><V96/><F96/><W105/><G99/><T133/><D133/><U100/><E100/><V18/><F18/><W126/><G16/><T122/><D60/><U71/><E71/><V120/><F120/><W124/><G17/><T91/><D98/><U59/><E59/><N who="0" m="22537" /><D63/><U47/><E47/><AGARI ba="0,2" hai="12,13,14,25,27,43,47,48,50,54,56" m="8192" machi="47" ten="70,12000,1" yaku="1,1,52,3,53,0" doraHai="135,10" doraHaiUra="112,69" who="2" fromWho="1" sc="375,0,101,-120,328,140,176,0" owari="375,18.0,-19,-52.0,468,56.0,176,-22.0" /></mjloggm>