<mjloggm ver="2.3"><GO type="225" lobby="0"/><UN n0="%42%E3%82%B7%E3%83%A7%E3%82%B3%E3%83%A9" n1="%E3%83%88%E3%83%88%E3%83%AA%E5%85%88%E7%94%9F%31%39%E6%AD%B3" n2="%63%6F%6C%6F%70%6C" n3="%E4%B8%8A%E5%AE%B6%E9%B3%B4%E3%81%8B%E3%81%9B%E3%82%8D" dan="16,18,16,16" rate="2111.12,2261.14,2052.14,2073.24" sx="M,F,M,M"/><TAIKYOKU oya="0"/><INIT seed="0,0,0,5,5,93" ten="250,250,250,250" oya="0" hai0="119,16,95,82,43,72,92,125,90,33,19,22,127" hai1="81,107,23,69,58,134,98,44,85,83,75,132,11" hai2="32,21,115,37,62,111,1,10,135,74,27,38,66" hai3="73,100,42,45,123,105,15,101,52,51,80,14,24"/><T53/><D33/><U128/><E69/><V112/><F74/><W55/><G123/><T12/><D43/><U0/><E128/><V87/><F32/><W48/><G42/><T2/><D2/><U5/><E44/><V77/><F135/><N who="1" m="51753" /><E75/><V64/><F10/><W122/><G122/><T86/><D119/><U61/><E23/><V18/><F1/><W57/><G24/><T3/><D3/><U13/><E0/><V130/><F111/><W41/><G101/><T67/><D67/><N who="1" m="39351" /><E85/><V120/><F66/><W7/><G7/><T8/><D53/><U49/><E49/><V106/><F130/><W131/><G131/><T65/><D65/><U113/><E113/><V71/><F106/><W88/><G73/><T4/><D72/><U34/><E34/><V121/><F120/><W116/><G116/><T99/><D4/><U54/><E54/><V114/><REACH who="2" step="1"/><F121/><REACH who="2" ten="250,250,240,250" step="2"/><W84/><REACH who="3" step="1"/><G41/><REACH who="3" ten="250,250,240,240" step="2"/><T79/><REACH who="0" step="1"/><D95/><REACH who="0" ten="240,250,240,240" step="2"/><U68/><E107/><V26/><F26/><AGARI ba="0,3" hai="8,12,16,19,22,26,79,82,86,90,92,99,125,127" machi="26" ten="40,12000,1" yaku="1,1,2,1,52,1,54,1,53,1" doraHai="93" doraHaiUra="9" who="0" fromWho="2" sc="240,150,250,0,240,-120,240,0" /><INIT seed="0,1,0,1,3,39" ten="390,250,120,240" oya="0" hai0="61,82,35,131,118,77,55,66,120,14,34,78,57" hai1="80,29,102,122,24,104,113,93,128,83,71,90,10" hai2="63,33,40,59,127,132,99,89,28,129,105,58,108" hai3="21,4,96,56,100,124,23,67,62,84,76,11,98"/><T49/><D120/><U46/><E122/><V114/><F114/><W79/><G124/><T51/><D118/><U110/><E71/><V135/><F127/><W70/><G70/><T13/><D131/><U85/><E128/><V87/><F108/><W0/><G96/><T95/><D51/><U91/><E110/><V68/><F129/><W54/><G54/><T12/><D95/><U134/><E134/><N who="2" m="51243" /><F28/><W121/><G121/><T27/><D27/><U73/><E113/><V106/><F33/><W107/><G84/><T53/><D53/><U65/><E65/><N who="2" m="41023" /><F40/><W81/><G81/><T101/><D101/><U88/><E73/><V94/><F105/><W92/><REACH who="3" step="1"/><G107/><REACH who="3" ten="390,250,120,230" step="2"/><T3/><D82/><N who="1" m="49207" /><E104/><V50/><F106/><W47/><G47/><T48/><D55/><U115/><E46/><V30/><F99/><W112/><G112/><T15/><D57/><U126/><E126/><V123/><F59/><W103/><G103/><T9/><D66/><U17/><E102/><V25/><F58/><W19/><G19/><T125/><D125/><U75/><E115/><V133/><F123/><W119/><G119/><T1/><D9/><U45/><E45/><V2/><F133/><W116/><G116/><T37/><D61/><U18/><E10/><V38/><F38/><W26/><G26/><T41/><D37/><U97/><E80/><V42/><F25/><W44/><G44/><T16/><D16/><U109/><E109/><V20/><F87/><W64/><G64/><T22/><D49/><U6/><E83/><V31/><F50/><W72/><G72/><T111/><D48/><RYUUKYOKU ba="1,1" sc="390,-10,250,-10,120,-10,230,30" hai3="0,4,11,21,23,56,62,67,76,79,92,98,100" /><INIT seed="1,2,1,2,4,3" ten="380,240,110,260" oya="1" hai0="133,115,116,54,32,112,42,28,4,89,117,37,73" hai1="30,59,71,78,69,6,29,34,81,2,97,118,38" hai2="129,70,5,110,124,121,1,98,67,105,128,61,24" hai3="103,10,18,108,16,86,36,51,120,126,0,57,68"/><U8/><E118/><V82/><F121/><W75/><G75/><T11/><D73/><U26/><E38/><V93/><F124/><W31/><G68/><T12/><D89/><U119/><E119/><N who="0" m="45641" /><D54/><U60/><E97/><V65/><F82/><W64/><G36/><T21/><D42/><U55/><REACH who="1" step="1"/><E30/><REACH who="1" ten="380,230,110,260" step="2"/><V90/><F98/><W72/><G120/><T88/><D37/><U84/><AGARI ba="2,2" hai="2,6,8,26,29,34,55,59,60,69,71,78,81,84" machi="84" ten="20,12000,1" yaku="1,1,2,1,0,1,7,1,52,1,53,0" doraHai="3" doraHaiUra="104" who="1" fromWho="1" sc="380,-42,230,146,110,-42,260,-42" /><INIT seed="1,3,0,5,5,12" ten="338,376,68,218" oya="1" hai0="13,9,66,106,97,123,117,108,109,112,125,15,7" hai1="91,78,36,105,130,34,25,80,113,17,54,135,28" hai2="94,116,43,8,114,22,37,47,118,122,87,56,24" hai3="71,126,58,127,20,69,95,14,1,27,3,6,131"/><U101/><E113/><V57/><F122/><W44/><G131/><T63/><D112/><U59/><E130/><V96/><F114/><W38/><G58/><T16/><D123/><U128/><E128/><V86/><F8/><W5/><G95/><T74/><D74/><U61/><E36/><V88/><F116/><W55/><G55/><T67/><D117/><U49/><E135/><V30/><F118/><W79/><G79/><T75/><D75/><U60/><E91/><V134/><F134/><W32/><G32/><T45/><D45/><U46/><E101/><V39/><REACH who="2" step="1"/><F37/><REACH who="2" ten="338,376,58,218" step="2"/><W120/><G120/><T29/><D9/><U64/><E105/><V52/><F52/><W73/><G38/><T92/><D106/><U83/><E54/><V124/><F124/><W76/><G126/><T102/><D125/><U68/><E64/><V77/><F77/><W70/><G76/><T82/><D67/><U42/><E78/><V35/><F35/><W23/><G127/><T107/><D66/><U11/><E11/><V10/><F10/><W53/><G53/><T31/><D107/><U81/><E34/><V62/><F62/><W89/><G44/><T2/><D63/><U98/><E60/><V26/><F26/><W104/><G27/><T0/><D108/><U84/><E25/><V90/><F90/><W132/><G89/><T103/><D109/><U18/><E46/><V33/><F33/><W50/><G104/><T119/><D119/><U72/><E61/><V133/><F133/><W48/><G132/><T100/><D103/><U4/><E49/><V51/><F51/><RYUUKYOKU ba="3,1" sc="338,-10,376,-10,58,30,218,-10" hai2="22,24,30,39,43,47,56,57,86,87,88,94,96" /><INIT seed="2,4,1,4,1,63" ten="328,366,88,208" oya="2" hai0="33,97,0,64,109,134,47,110,107,117,42,45,67" hai1="116,14,51,102,5,114,6,68,129,50,80,86,75" hai2="31,28,39,105,89,77,65,48,38,95,127,66,34" hai3="124,55,20,88,79,83,131,128,118,12,74,35,85"/><V73/><F105/><W59/><G118/><T98/><D33/><U100/><E114/><V15/><F34/><W78/><G35/><T36/><D0/><U112/><E112/><V119/><F119/><W92/><G124/><T99/><D117/><U70/><E75/><V101/><F101/><W91/><G91/><T58/><D107/><U132/><E116/><V37/><F127/><W54/><G79/><T17/><D134/><U26/><E132/><V8/><F48/><W41/><G41/><T16/><D47/><U1/><E1/><V7/><F77/><W32/><G32/><T3/><D3/><U23/><E129/><N who="3" m="49738" /><G59/><T61/><REACH who="0" step="1"/><D67/><REACH who="0" ten="318,366,88,208" step="2"/><U121/><E121/><V43/><F43/><W126/><G126/><T82/><D82/><U84/><E80/><V108/><F108/><AGARI ba="4,2" hai="16,17,36,42,45,58,61,64,97,98,99,108,109,110" machi="108" ten="40,8000,1" yaku="1,1,14,1,52,1,54,1,53,1" doraHai="63" doraHaiUra="40" who="0" fromWho="2" sc="318,112,366,0,88,-92,208,0" owari="430,52.0,366,17.0,-4,-50.0,208,-19.0" /></mjloggm>