<mjloggm ver="2.3"><GO type="169" lobby="0"/><UN n0="%E6%B0%B7%E6%B2%B3%E9%A2%A8" n1="%E3%82%B5%E3%83%9C" n2="%E5%B0%B1%E6%B4%BB%E7%94%9F%40%E5%B7%9D%E6%9D%91%E8%BB%8D%E5%9B%A3" n3="%E9%AD%94%E6%B3%95%E3%81%AE%E3%82%BF%E3%82%B3%E3%82%B9" dan="17,16,16,17" rate="2109.28,2075.12,2188.01,2129.93" sx="M,M,M,M"/><TAIKYOKU oya="0"/><INIT seed="0,0,0,5,5,122" ten="250,250,250,250" oya="0" hai0="74,33,9,79,35,6,21,126,100,115,60,5,37" hai1="128,65,30,55,72,82,120,104,1,125,111,83,67" hai2="76,132,88,0,84,110,80,12,42,99,117,123,52" hai3="25,107,77,94,96,57,10,40,68,20,119,116,92"/><T50/><D115/><U93/><E104/><V49/><F0/><W28/><G68/><T51/><D37/><U38/><E1/><V4/><F123/><W2/><G107/><T36/><D36/><U44/><E120/><V109/><F117/><W112/><G112/><T75/><D21/><U54/><E128/><V103/><F42/><W91/><G77/><T127/><D60/><U26/><E125/><N who="0" m="47625" /><D100/><U18/><E18/><V16/><F4/><N who="0" m="1642" /><D9/><U7/><E7/><V15/><F76/><W39/><G2/><T19/><D19/><U22/><E67/><V89/><F89/><W53/><G10/><T69/><D69/><U24/><E65/><V71/><F71/><W121/><G121/><T101/><D101/><U73/><E26/><V64/><F64/><W56/><G119/><T63/><D63/><U106/><E38/><V130/><F132/><W43/><G116/><T113/><D113/><U95/><E22/><V34/><F34/><N who="0" m="12810" /><D79/><U27/><E27/><V47/><F130/><W134/><G39/><T85/><D85/><U105/><E24/><V97/><F97/><W41/><G134/><T61/><D61/><U45/><E30/><V118/><F118/><W32/><G32/><T86/><D86/><U59/><E59/><V46/><F46/><W114/><G114/><T78/><D78/><U66/><E66/><V14/><REACH who="2" step="1"/><F16/><REACH who="2" ten="250,250,240,250" step="2"/><W62/><G56/><T3/><D3/><U131/><E131/><V8/><F8/><W29/><G29/><T70/><D70/><U102/><E102/><V31/><F31/><W13/><G13/><T48/><AGARI ba="0,1" hai="48,50,51,74,75" m="12810,1642,47625" machi="48" ten="40,12000,1" yaku="5,1,28,2,18,1" doraHai="122" who="0" fromWho="0" sc="250,130,250,-40,240,-40,250,-40" /><INIT seed="0,1,0,1,0,80" ten="380,210,200,210" oya="0" hai0="114,63,113,24,58,11,122,116,31,19,129,117,68" hai1="70,103,99,127,48,87,88,35,9,81,100,60,38" hai2="66,125,27,51,22,130,108,6,13,40,123,30,20" hai3="67,83,118,97,132,102,89,8,121,5,90,49,92"/><T111/><D68/><U131/><E38/><V69/><F123/><W39/><G118/><T104/><D104/><U124/><E35/><V74/><F74/><W95/><G39/><T32/><D58/><U105/><E131/><V52/><F108/><W54/><G121/><T85/><D85/><U120/><E100/><V57/><F125/><N who="1" m="48201" /><E120/><V12/><F130/><W75/><G132/><T79/><D79/><U29/><E29/><V45/><F6/><W2/><G67/><T36/><D63/><U53/><E9/><V3/><F3/><W44/><REACH who="3" step="1"/><G95/><REACH who="3" ten="380,210,200,200" step="2"/><T134/><D36/><U96/><E96/><V119/><F119/><N who="0" m="45642" /><D122/><U28/><E28/><V56/><F69/><W71/><G71/><T18/><D129/><U84/><E70/><V78/><F66/><W86/><G86/><T61/><D134/><U50/><E84/><V72/><F72/><W7/><G7/><T133/><D133/><U16/><E16/><N who="0" m="6185" /><D111/><U34/><E34/><V101/><F30/><W25/><G25/><T109/><D109/><U37/><E37/><V128/><F27/><W14/><G14/><T33/><D33/><U93/><E93/><V76/><F13/><W73/><G73/><T4/><D4/><U43/><E43/><V62/><F40/><W98/><G98/><T77/><D32/><U94/><E94/><V10/><F12/><W1/><G1/><T0/><D0/><U135/><E135/><V17/><F128/><W41/><G41/><T64/><D24/><U107/><E105/><V47/><F17/><W65/><G65/><T26/><D31/><U46/><E50/><RYUUKYOKU ba="1,1" sc="380,-15,210,15,200,-15,200,15" hai1="46,48,53,60,81,87,88,99,103,107" hai3="2,5,8,44,49,54,75,83,89,90,92,97,102" /><INIT seed="1,2,1,0,2,57" ten="365,225,185,215" oya="1" hai0="24,2,113,1,59,82,124,17,27,84,64,125,126" hai1="46,3,65,68,37,70,75,36,117,62,16,89,45" hai2="29,96,112,40,26,61,0,6,92,56,52,81,33" hai3="31,41,53,4,129,102,108,14,11,127,23,18,7"/><U115/><E115/><V35/><F112/><W104/><G108/><T74/><D74/><U63/><E75/><V86/><F40/><W54/><G127/><T55/><D64/><U106/><E3/><N who="0" m="1033" /><D113/><U107/><E117/><V13/><F0/><W97/><G129/><T94/><D17/><U66/><E89/><V69/><F69/><W73/><G73/><T87/><D94/><U8/><REACH who="1" step="1"/><E16/><REACH who="1" ten="365,215,185,215" step="2"/><V49/><F6/><W85/><G4/><T114/><D114/><U48/><E48/><V39/><F39/><W91/><G31/><T20/><D20/><U58/><E58/><V51/><F13/><W116/><G116/><T60/><D84/><U50/><E50/><V43/><F43/><W79/><G79/><AGARI ba="2,2" hai="24,27,55,59,60,79,82,87,124,125,126" m="1033" machi="79" ten="40,2600,0" yaku="18,1,52,1" doraHai="57" who="0" fromWho="3" sc="365,52,215,0,185,0,215,-32" /><INIT seed="2,0,0,4,4,105" ten="417,215,185,183" oya="2" hai0="1,102,41,7,39,17,83,91,14,132,92,79,98" hai1="22,46,30,48,52,72,53,33,120,78,108,36,63" hai2="107,127,38,60,32,130,101,23,103,74,73,58,104" hai3="125,25,124,4,61,66,114,131,87,110,106,116,115"/><V42/><F32/><W109/><G106/><T43/><D132/><U95/><E108/><N who="3" m="41578" /><G4/><T94/><D1/><U122/><E33/><V77/><F107/><W81/><G25/><T56/><D56/><N who="1" m="35215" /><E36/><V117/><F117/><W128/><G116/><T8/><D39/><U49/><E95/><V11/><F104/><W80/><G61/><T10/><D10/><U65/><E65/><V47/><F11/><W54/><G54/><T134/><D134/><U59/><E30/><V70/><F70/><W6/><G6/><T62/><D62/><U82/><E22/><V13/><F127/><N who="3" m="48715" /><G66/><T35/><D7/><U55/><E49/><V97/><F130/><N who="3" m="49707" /><G81/><T64/><D64/><U129/><E55/><V111/><F111/><W9/><G9/><T12/><D12/><U119/><E119/><V88/><F13/><W3/><G3/><T68/><D35/><U57/><E59/><V5/><F5/><W19/><G19/><T15/><D15/><U123/><E57/><V90/><F23/><W118/><G118/><T100/><D68/><U135/><E129/><V34/><F34/><W85/><G85/><T20/><D8/><U133/><AGARI ba="0,0" hai="46,48,52,72,78,82,120,122,123,133,135" m="35215" machi="133" ten="40,5200,0" yaku="13,1,52,1,54,1" doraHai="105" who="1" fromWho="1" sc="417,-13,215,52,185,-26,183,-13" /><INIT seed="3,0,0,4,0,96" ten="404,267,159,170" oya="3" hai0="94,44,57,31,32,77,84,120,20,72,107,91,109" hai1="135,54,58,74,75,79,85,10,101,21,22,45,69" hai2="55,73,24,104,18,60,5,37,65,132,114,40,88" hai3="39,15,4,47,86,16,25,113,115,125,51,63,80"/><W67/><G125/><T103/><D120/><U0/><E69/><V118/><F118/><W59/><G39/><T29/><D32/><U3/><E135/><V134/><F73/><W99/><G25/><T116/><D109/><U52/><E45/><V129/><F5/><W76/><G4/><T102/><D107/><U106/><E85/><V13/><F104/><W1/><G1/><T108/><D108/><U124/><E124/><V111/><F111/><W78/><G78/><T35/><D35/><U11/><E106/><V26/><F55/><W89/><G76/><T133/><D133/><N who="2" m="51306" /><F129/><W49/><G99/><T30/><D44/><U128/><E58/><N who="2" m="37015" /><F114/><W33/><G33/><T98/><D72/><U7/><E7/><V130/><F130/><W43/><REACH who="3" step="1"/><G51/><REACH who="3" ten="404,267,159,160" step="2"/><T131/><D131/><U97/><E128/><V64/><F26/><W19/><G19/><T83/><D116/><U90/><E97/><V95/><F24/><W92/><G92/><T38/><D38/><U87/><E79/><V127/><F127/><W34/><G34/><T81/><D81/><U17/><E17/><V66/><F18/><W23/><AGARI ba="0,1" hai="15,16,23,43,47,49,59,63,67,80,86,89,113,115" machi="23" ten="20,7800,0" yaku="1,1,0,1,7,1,54,1,53,0" doraHai="96" doraHaiUra="119" who="3" fromWho="3" sc="404,-26,267,-26,159,-26,160,88" /><INIT seed="3,1,0,3,5,65" ten="378,241,133,248" oya="3" hai0="79,60,68,17,90,106,129,116,96,105,97,50,103" hai1="54,59,112,5,62,21,86,52,1,88,74,40,117" hai2="121,35,22,135,115,72,33,85,29,114,84,55,61" hai3="38,64,89,26,58,126,20,124,42,46,53,48,2"/><W119/><G2/><T66/><D116/><U32/><E32/><V134/><F72/><W127/><G119/><T28/><D129/><U81/><E112/><V93/><F55/><W6/><G6/><T51/><D79/><U73/><E117/><V122/><F61/><W130/><G130/><T36/><D36/><U82/><E40/><V107/><F93/><W25/><G64/><T108/><D108/><U102/><E102/><V7/><F107/><W43/><G43/><T125/><D125/><U78/><E21/><V128/><F128/><W12/><G89/><T104/><D17/><AGARI ba="1,0" hai="12,17,20,25,26,38,42,46,48,53,58,124,126,127" machi="17" ten="40,2000,0" yaku="18,1" doraHai="65" who="3" fromWho="0" sc="378,-23,241,0,133,0,248,23" /><INIT seed="3,2,0,1,3,43" ten="355,241,133,271" oya="3" hai0="123,5,17,85,134,35,126,12,22,38,67,55,71" hai1="102,129,84,124,75,2,49,114,92,93,100,101,97" hai2="116,82,86,3,32,1,79,89,77,125,130,9,128" hai3="119,115,27,107,65,7,59,36,61,46,53,91,104"/><W73/><G119/><T96/><D123/><U44/><E2/><V80/><F32/><W62/><G115/><T76/><D35/><U78/><E114/><V135/><F116/><W111/><G73/><T103/><D38/><U47/><E129/><V110/><F125/><W63/><G111/><T29/><D29/><U112/><E112/><V108/><F9/><W11/><G27/><T25/><D126/><U117/><E124/><V34/><F34/><W81/><G81/><T30/><D134/><U131/><E131/><N who="2" m="50219" /><F3/><W83/><G83/><T90/><D76/><N who="2" m="29258" /><F1/><W99/><G107/><T106/><D5/><U120/><E75/><V8/><F8/><W95/><G104/><T132/><D132/><U0/><E0/><V51/><F51/><N who="3" m="28919" /><G36/><T98/><D106/><U87/><E117/><V28/><F28/><W48/><G48/><T68/><D30/><U10/><E120/><V113/><F113/><W94/><G94/><N who="1" m="36458" /><E97/><V109/><F82/><W37/><G37/><T14/><D98/><U64/><E78/><V45/><F45/><N who="1" m="17481" /><E64/><V21/><F21/><W19/><G7/><T16/><D96/><U121/><E121/><V13/><F13/><AGARI ba="2,0" hai="11,13,19,59,61,62,63,65,91,95,99" m="28919" machi="13" ten="30,2900,0" yaku="8,1,52,1" doraHai="43" who="3" fromWho="2" sc="355,0,241,0,133,-35,271,35" /><INIT seed="3,3,0,4,1,39" ten="355,241,98,306" oya="3" hai0="10,100,94,102,82,105,125,95,28,90,24,135,12" hai1="81,134,6,13,62,64,91,55,84,101,108,98,11" hai2="80,53,128,131,50,70,47,18,30,60,86,122,120" hai3="34,73,104,76,113,129,32,26,54,111,130,103,77"/><W8/><G113/><T83/><D135/><U78/><E108/><V115/><F30/><W27/><G54/><T97/><D125/><U118/><E118/><V133/><F18/><W75/><G8/><T19/><D95/><U59/><E134/><V31/><F31/><W121/><G103/><T65/><D65/><U52/><REACH who="1" step="1"/><E78/><REACH who="1" ten="355,231,98,306" step="2"/><N who="2" m="46359" /><F115/><W33/><G111/><T15/><D100/><U46/><E46/><V21/><F133/><W117/><G117/><T106/><D102/><U87/><E87/><V72/><F72/><W36/><G75/><T110/><D110/><U5/><E5/><V25/><F70/><W89/><G73/><T126/><D126/><U109/><E109/><V45/><F45/><W44/><G76/><T16/><D105/><AGARI ba="3,1" hai="6,11,13,52,55,59,62,64,81,84,91,98,101,105" machi="105" ten="30,7700,0" yaku="1,1,7,1,54,1,53,1" doraHai="39" doraHaiUra="3" who="1" fromWho="0" sc="355,-86,231,96,98,0,306,0" /><INIT seed="4,0,0,2,1,6" ten="269,327,98,306" oya="0" hai0="102,46,108,110,56,89,3,113,59,76,66,64,83" hai1="0,34,13,53,82,114,18,115,10,106,24,54,15" hai2="73,99,44,74,100,57,93,41,97,131,30,104,92" hai3="135,117,27,4,123,26,124,112,11,88,25,121,122"/><T52/><D113/><N who="1" m="43019" /><E106/><V132/><F131/><W130/><G117/><T75/><D102/><U71/><E71/><V103/><F132/><W62/><G112/><T16/><D89/><U63/><E63/><V51/><F104/><W67/><G130/><T47/><D3/><U17/><E0/><V85/><F30/><W120/><N who="3" m="31232" /><DORA hai="109" /><W81/><G135/><T127/><D127/><U94/><E94/><V101/><F101/><W61/><G124/><T84/><D75/><U105/><E105/><V70/><F70/><W126/><G126/><T5/><D5/><U7/><E82/><V79/><F79/><W118/><G118/><T125/><D125/><U39/><E39/><V48/><REACH who="2" step="1"/><F85/><REACH who="2" ten="269,327,88,306" step="2"/><N who="3" m="50223" /><G67/><T72/><D66/><U69/><E69/><V23/><F23/><W78/><G78/><T55/><D64/><U77/><E77/><V133/><F133/><W37/><G37/><T12/><D72/><U58/><E34/><V119/><F119/><W107/><G107/><T1/><D108/><U32/><E32/><V96/><F96/><W19/><G62/><N who="0" m="36103" /><D110/><U116/><E116/><V98/><F98/><W42/><G61/><N who="0" m="36095" /><D1/><U2/><E2/><V60/><F60/><W43/><G19/><T35/><D35/><U129/><E18/><V68/><F68/><W22/><G22/><AGARI ba="0,1" hai="12,16,22,46,47,76,83,84" m="36095,36103" machi="22" ten="30,5800,0" yaku="8,1,54,2" doraHai="6,109" who="0" fromWho="3" sc="269,68,327,0,88,0,306,-58" /><INIT seed="4,1,0,3,4,89" ten="337,327,88,248" oya="0" hai0="72,117,20,39,114,46,116,18,64,104,40,63,100" hai1="128,38,1,125,60,101,10,67,69,24,98,8,92" hai2="109,68,90,49,19,120,78,35,102,80,111,15,93" hai3="127,132,83,14,77,129,56,17,65,122,25,70,32"/><T113/><D72/><U5/><E128/><V135/><F68/><W58/><G122/><T11/><D11/><U23/><E125/><V48/><F35/><W119/><G119/><T73/><D73/><U28/><E10/><V9/><F120/><W84/><G127/><T118/><D100/><U75/><E75/><V107/><F135/><W133/><G129/><T26/><REACH who="0" step="1"/><D104/><REACH who="0" ten="327,327,88,248" step="2"/><U55/><E38/><V103/><F103/><W74/><G133/><T134/><D134/><U33/><REACH who="1" step="1"/><E55/><REACH who="1" ten="327,317,88,248" step="2"/><V61/><F109/><W131/><G132/><T0/><D0/><U34/><AGARI ba="1,2" hai="1,5,8,23,24,28,33,34,60,67,69,92,98,101" machi="34" ten="30,7900,0" yaku="1,1,2,1,0,1,52,1,53,0" doraHai="89" doraHaiUra="76" who="1" fromWho="1" sc="327,-40,317,102,88,-21,248,-21" /><INIT seed="5,0,0,3,1,109" ten="287,419,67,227" oya="1" hai0="10,42,60,81,51,99,48,13,66,94,55,73,68" hai1="91,32,44,21,135,35,82,121,134,105,83,14,122" hai2="1,92,90,117,31,77,11,116,43,25,15,112,37" hai3="78,95,107,128,132,120,74,102,64,114,50,59,115"/><U63/><E105/><V24/><F37/><W101/><G120/><T30/><D30/><U9/><E21/><V47/><F77/><W38/><G38/><T6/><D42/><U76/><E91/><V129/><F129/><W113/><G128/><T54/><D73/><U93/><E93/><V89/><F1/><W3/><G132/><N who="1" m="50730" /><E63/><V12/><F47/><W133/><G133/><T67/><D81/><U88/><E44/><V124/><F43/><W111/><G111/><T52/><REACH who="0" step="1"/><D66/><REACH who="0" ten="277,419,67,227" step="2"/><U125/><E83/><V39/><F31/><W123/><G123/><T22/><D22/><U84/><E121/><V2/><F39/><W20/><G64/><T100/><AGARI ba="0,1" hai="6,10,13,48,51,52,54,55,60,67,68,94,99,100" machi="100" ten="30,4000,0" yaku="1,1,0,1,54,1,53,0" doraHai="109" doraHaiUra="87" who="0" fromWho="0" sc="277,50,419,-20,67,-10,227,-10" /><INIT seed="6,0,0,4,4,120" ten="327,399,57,217" oya="2" hai0="135,127,102,95,68,83,118,109,26,81,98,78,114" hai1="73,61,36,86,55,41,47,129,44,132,9,75,16" hai2="39,112,97,65,100,19,107,25,51,42,89,115,48" hai3="0,60,6,21,43,90,108,69,77,34,35,30,134"/><V125/><F125/><W17/><G134/><T63/><D127/><U130/><E132/><V4/><F4/><W11/><G108/><T33/><D109/><U128/><E86/><V113/><F65/><W53/><G77/><T56/><D68/><U101/><E101/><V3/><F3/><W10/><G43/><T131/><D135/><U27/><E44/><V62/><F62/><W50/><G11/><T18/><D118/><U133/><E133/><V54/><F54/><W74/><G74/><T49/><D131/><U119/><E119/><V1/><F1/><W116/><G116/><T46/><D114/><U8/><E8/><V111/><F111/><W23/><G23/><N who="0" m="13687" /><D78/><U104/><E104/><V2/><F2/><W59/><G30/><T22/><D22/><N who="1" m="13767" /><E9/><V80/><F19/><W14/><G69/><T31/><D31/><U66/><E55/><V122/><F25/><W64/><REACH who="3" step="1"/><G90/><REACH who="3" ten="327,399,57,207" step="2"/><T15/><D33/><U67/><E73/><V52/><F122/><W123/><G123/><T91/><D91/><U29/><E75/><V37/><F42/><W71/><AGARI ba="0,1" hai="0,6,10,14,17,21,34,35,50,53,59,60,64,71" machi="71" ten="20,8000,1" yaku="1,1,0,1,7,1,53,2" doraHai="120" doraHaiUra="28" who="3" fromWho="3" sc="327,-20,399,-20,57,-40,207,90" /><INIT seed="7,0,0,4,3,127" ten="307,379,17,297" oya="3" hai0="126,45,46,119,82,33,27,57,79,49,78,135,100" hai1="80,77,108,61,55,72,113,50,17,58,98,74,69" hai2="123,35,99,73,117,22,6,86,2,16,97,5,88" hai3="64,11,101,30,85,3,29,71,51,103,68,38,14"/><W12/><G38/><T95/><D119/><U7/><E108/><V131/><F73/><W75/><G75/><T60/><D126/><U10/><E113/><V59/><F117/><W130/><G3/><T53/><D135/><U0/><E72/><V54/><F35/><W41/><G64/><T24/><D46/><U125/><E125/><V40/><F123/><W109/><G109/><T36/><D36/><U89/><E17/><V39/><F39/><W114/><G114/><T87/><D78/><U81/><E81/><V84/><F40/><W111/><G111/><T115/><D33/><U19/><E19/><V56/><F2/><W105/><G105/><T31/><D31/><N who="3" m="11785" /><G68/><T20/><D20/><U26/><E26/><V44/><F44/><N who="3" m="25999" /><G71/><T110/><D115/><U1/><E1/><V52/><F22/><W83/><G130/><T23/><D23/><U4/><E4/><V96/><F96/><W28/><N who="3" m="11793" /><W133/><DORA hai="122" /><G133/><T42/><REACH who="0" step="1"/><D110/><REACH who="0" ten="297,379,17,297" step="2"/><U104/><E77/><V116/><F116/><W21/><G21/><T15/><D15/><N who="3" m="5673" /><G11/><T106/><D106/><U8/><E104/><V65/><F65/><W91/><AGARI ba="0,1" hai="83,85,91,101,103" m="5673,25999,11793" machi="91" ten="40,2100,0" yaku="8,1" doraHai="127,122" who="3" fromWho="3" sc="297,-7,379,-7,17,-7,297,31" /><INIT seed="7,1,0,5,5,82" ten="290,372,10,328" oya="3" hai0="62,77,18,69,64,123,42,9,78,1,37,121,51" hai1="59,74,34,28,73,101,57,80,104,106,107,116,97" hai2="83,24,119,36,6,105,94,93,112,41,114,115,43" hai3="21,76,52,47,23,133,81,58,31,27,86,61,124"/><W88/><G124/><T49/><D18/><U72/><E116/><V89/><F105/><W70/><G133/><T55/><D77/><U30/><E80/><V63/><F36/><W26/><G70/><T29/><D29/><U35/><E97/><V113/><N who="2" m="29184" /><DORA hai="118" /><V56/><F119/><W68/><G68/><T50/><D78/><U16/><E16/><V110/><F110/><W122/><G122/><N who="0" m="46603" /><D9/><U14/><E14/><V87/><F6/><W40/><G76/><T60/><D1/><U126/><E101/><V22/><F22/><N who="3" m="15831" /><G27/><T7/><D7/><U11/><E11/><V134/><F134/><W32/><G32/><N who="1" m="12330" /><E126/><V120/><F120/><W17/><G17/><T84/><D84/><U2/><E2/><V8/><F8/><W79/><G79/><T132/><D132/><U111/><E111/><V135/><F135/><W102/><G102/><T67/><D37/><U33/><E33/><V95/><F24/><W45/><G40/><T13/><D13/><U39/><E39/><V91/><F83/><W38/><G38/><T19/><D19/><U66/><E30/><V20/><F20/><AGARI ba="1,0" hai="20,21,23,45,47,52,58,61,81,86,88" m="15831" machi="20" ten="30,11600,0" yaku="8,1,52,1,54,2" doraHai="82,118" who="3" fromWho="2" sc="290,0,372,0,10,-119,328,119" owari="290,-11.0,372,17.0,-109,-61.0,447,55.0" /></mjloggm>