<mjloggm ver="2.3"><GO type="41" lobby="0"/><UN n0="%E8%87%AA%E5%AE%A4%E3%82%AD%E3%83%BC%E3%83%91%E3%83%BC" n1="%6C%6F%76%61%62%6C%65" n2="%E5%B0%B1%E6%B4%BB%E7%94%9F%40%E5%B7%9D%E6%9D%91%E8%BB%8D%E5%9B%A3" n3="%74%69%6D%74%65%62%6F%77" dan="14,13,15,14" rate="1974.08,1832.71,1980.50,1924.37" sx="M,F,M,M"/><TAIKYOKU oya="0"/><INIT seed="0,0,0,4,3,27" ten="250,250,250,250" oya="0" hai0="119,36,123,103,4,70,107,98,46,114,48,113,9" hai1="116,81,108,100,63,32,25,52,88,43,69,133,105" hai2="24,61,110,97,109,130,13,16,68,44,51,95,56" hai3="17,128,71,129,124,96,65,126,134,102,53,120,111"/><T104/><D123/><U127/><E116/><V2/><F2/><W45/><G111/><N who="2" m="42505" /><F68/><W1/><G1/><T60/><D119/><U14/><E108/><V62/><F130/><W10/><G120/><T87/><D87/><U30/><E43/><N who="2" m="24991" /><F24/><W75/><G75/><T26/><D104/><U7/><E7/><V18/><F13/><W15/><G65/><T31/><D36/><U66/><E14/><V77/><F77/><W5/><G71/><T85/><D85/><N who="1" m="50223" /><E127/><N who="3" m="48682" /><G53/><T47/><D60/><N who="2" m="23146" /><F56/><W0/><G45/><T74/><D70/><U11/><E11/><V93/><F93/><W121/><G121/><T40/><D74/><U3/><E3/><V67/><F67/><W92/><G0/><T80/><D80/><U55/><E133/><V21/><F21/><W39/><G39/><T125/><D125/><U50/><E50/><V122/><F122/><W12/><G12/><T131/><D131/><N who="3" m="50249" /><G5/><T41/><D9/><U35/><E35/><V86/><F86/><W135/><AGARI ba="0,0" hai="10,15,17,92,96,102,134,135" m="50249,48682" machi="135" ten="40,8000,1" yaku="30,2,18,1,19,1" doraHai="27" who="3" fromWho="3" sc="250,-40,250,-20,250,-20,250,80" /><INIT seed="1,0,0,3,3,74" ten="210,230,230,330" oya="1" hai0="124,75,26,85,57,45,47,44,120,119,84,55,113" hai1="117,62,78,59,34,76,101,114,18,104,7,25,83" hai2="71,69,21,65,19,91,53,123,17,118,108,86,121" hai3="80,96,64,135,130,106,24,126,23,105,112,92,125"/><U63/><E114/><V5/><F118/><W11/><G112/><T68/><D119/><U54/><E117/><V100/><F5/><W20/><G130/><T15/><D113/><U13/><E7/><V77/><F77/><W94/><G135/><T32/><D124/><N who="3" m="47721" /><G64/><T43/><D75/><U52/><E104/><N who="3" m="40042" /><G11/><T115/><D68/><U49/><E101/><V102/><F108/><W133/><G133/><T93/><D115/><U40/><E83/><V14/><F65/><W67/><G67/><T61/><D120/><U87/><E87/><V122/><F71/><W109/><G109/><T37/><D15/><U50/><E40/><V81/><F69/><W51/><G80/><T28/><REACH who="0" step="1"/><D84/><REACH who="0" ten="200,230,230,330" step="2"/><U9/><E25/><V98/><F86/><W89/><G24/><T0/><D0/><U41/><E34/><V127/><F14/><W10/><G10/><T2/><D2/><U95/><E41/><V60/><F127/><W110/><G110/><T128/><D128/><U46/><E63/><V33/><F123/><W48/><G94/><T111/><D111/><U79/><E62/><V88/><F60/><W16/><G23/><T31/><D31/><U134/><E134/><V107/><F21/><W6/><G6/><T30/><D30/><U3/><E3/><V131/><F33/><W42/><G42/><T72/><D72/><U39/><E95/><V27/><F131/><W99/><G99/><T66/><D66/><U38/><AGARI ba="0,1" hai="9,13,18,38,39,46,49,50,52,54,59,76,78,79" machi="38" ten="30,12000,1" yaku="0,1,52,3,54,1" doraHai="74" who="1" fromWho="1" sc="200,-40,230,130,230,-40,330,-40" /><INIT seed="1,1,0,5,5,126" ten="160,360,190,290" oya="1" hai0="45,54,28,72,112,103,0,81,61,73,25,27,91" hai1="74,66,3,96,38,32,133,123,43,100,50,134,14" hai2="56,75,44,52,127,26,95,68,15,135,51,2,62" hai3="116,129,67,64,101,76,47,93,1,107,98,77,4"/><U130/><E3/><V42/><F2/><W39/><G116/><T24/><D112/><U110/><E123/><V85/><F75/><W83/><G39/><T19/><D0/><U41/><E38/><V35/><F127/><W89/><G47/><T17/><D103/><U57/><E32/><V12/><F135/><W34/><G4/><T113/><D113/><U122/><E122/><V30/><F68/><W20/><G34/><T71/><D28/><U94/><E74/><V31/><F31/><W69/><G69/><T53/><D53/><U63/><E110/><V65/><F95/><W114/><G1/><T102/><D102/><U22/><E50/><V49/><REACH who="2" step="1"/><F85/><REACH who="2" ten="160,360,180,290" step="2"/><W87/><G114/><T59/><D73/><U84/><E84/><V86/><F86/><W88/><G67/><T128/><D72/><U16/><E133/><V115/><F115/><W36/><G64/><T109/><D71/><U131/><REACH who="1" step="1"/><E134/><REACH who="1" ten="160,350,180,290" step="2"/><V40/><F40/><AGARI ba="1,2" hai="14,16,22,40,41,43,57,63,66,94,96,100,130,131" machi="40" ten="40,18000,2" yaku="1,1,2,1,52,2,54,1,53,1" doraHai="126" doraHaiUra="58" who="1" fromWho="2" sc="160,0,350,203,180,-183,290,0" owari="160,-24.0,553,65.0,-3,-50.0,290,9.0" /></mjloggm>