<mjloggm ver="2.3"><GO type="41" lobby="0"/><UN n0="%6D%65%6E%73%69%6F" n1="%77%65%73%74%77%6F%6F%64" n2="%54%45%41%74%69%6D%65" n3="%E5%B0%B1%E6%B4%BB%E7%94%9F%40%E5%B7%9D%E6%9D%91%E8%BB%8D%E5%9B%A3" dan="15,13,14,17" rate="2010.96,1876.69,1913.86,2122.06" sx="M,M,M,M"/><TAIKYOKU oya="0"/><INIT seed="0,0,0,4,4,80" ten="250,250,250,250" oya="0" hai0="43,68,45,122,83,135,16,85,126,18,25,20,30" hai1="81,99,132,112,66,124,118,40,134,60,63,29,129" hai2="39,103,54,93,21,41,79,72,84,8,12,10,1" hai3="76,13,51,113,90,3,62,73,75,133,9,5,127"/><T4/><D122/><U101/><E112/><V67/><F67/><W98/><G127/><T117/><D126/><U59/><E118/><V61/><F72/><W111/><G133/><T86/><D135/><U105/><E129/><V35/><F35/><W91/><G111/><T27/><D68/><U22/><E124/><V31/><F1/><W100/><G113/><T123/><D123/><U64/><E40/><V44/><F103/><W23/><G62/><T120/><D117/><U102/><E102/><V131/><F131/><W116/><G116/><T7/><D120/><U55/><E66/><V110/><F110/><W36/><G36/><T115/><D115/><U104/><E104/><V71/><F71/><W89/><G51/><N who="0" m="27071" /><D83/><U6/><E6/><N who="0" m="2089" /><D25/><U106/><E106/><V109/><F109/><W70/><G70/><T57/><D57/><U108/><E108/><V32/><F32/><W97/><G75/><T19/><AGARI ba="0,0" hai="16,18,19,20,27,30,85,86" m="2089,27071" machi="19" ten="30,11700,0" yaku="8,1,52,2,54,1" doraHai="80" who="0" fromWho="0" sc="250,117,250,-39,250,-39,250,-39" /><INIT seed="0,1,0,3,0,12" ten="367,211,211,211" oya="0" hai0="67,61,121,108,69,15,111,132,21,11,30,110,8" hai1="36,120,14,76,26,97,22,131,73,68,71,60,114" hai2="83,118,82,109,57,49,13,125,66,56,5,44,105" hai3="50,35,123,6,27,53,116,48,128,10,28,112,104"/><T7/><D132/><U47/><E120/><V37/><F109/><W55/><G116/><T38/><D38/><U107/><E131/><V62/><F118/><W127/><G112/><T45/><D45/><U20/><E114/><V100/><F125/><W80/><G127/><T54/><D54/><U4/><E4/><V122/><F122/><W115/><G128/><T124/><D124/><U134/><E134/><V94/><F105/><W103/><G115/><T70/><D121/><U130/><E130/><V78/><F37/><W113/><G113/><T86/><D86/><U95/><E107/><V43/><F56/><W59/><G80/><T129/><D129/><U34/><E34/><V17/><F5/><W98/><G123/><T91/><D91/><U74/><E71/><V18/><F13/><W63/><REACH who="3" step="1"/><G55/><REACH who="3" ten="367,211,211,201" step="2"/><T0/><D30/><U32/><E32/><V9/><F82/><W135/><G135/><T16/><REACH who="0" step="1"/><D8/><REACH who="0" ten="357,211,211,201" step="2"/><U119/><E119/><V93/><F9/><W23/><G23/><T64/><D64/><U25/><E20/><V41/><F43/><W40/><G40/><T99/><D99/><U51/><E22/><V96/><REACH who="2" step="1"/><F94/><REACH who="2" ten="357,211,201,201" step="2"/><W3/><AGARI ba="1,3" hai="3,6,10,27,28,35,48,50,53,59,63,98,103,104" machi="3" ten="20,2700,0" yaku="1,1,0,1,7,1,53,0" doraHai="12" doraHaiUra="85" who="3" fromWho="3" sc="357,-14,211,-8,201,-8,201,60" /><INIT seed="1,0,0,3,1,63" ten="343,203,193,261" oya="1" hai0="59,44,96,71,28,41,60,7,10,120,58,124,26" hai1="121,93,76,123,116,68,80,5,17,78,34,55,25" hai2="8,108,86,0,75,21,91,42,79,135,30,111,109" hai3="65,62,19,112,122,37,92,103,36,94,115,6,57"/><U49/><E116/><V73/><F42/><W53/><G122/><T102/><D120/><U32/><E68/><V104/><F104/><W126/><G126/><T38/><D59/><U95/><E5/><V35/><F35/><W48/><G6/><T4/><D124/><U27/><E121/><V50/><F135/><W61/><G61/><T113/><D113/><U54/><E54/><V100/><F100/><W20/><G37/><T40/><D41/><U83/><E123/><V3/><F50/><W89/><G36/><T47/><D44/><N who="1" m="28071" /><E32/><V131/><F131/><W97/><G92/><N who="1" m="35402" /><E34/><V33/><F33/><W125/><G125/><T2/><D26/><N who="1" m="9739" /><E17/><V117/><F117/><W12/><REACH who="3" step="1"/><G103/><REACH who="3" ten="343,203,193,251" step="2"/><T70/><D7/><U29/><E29/><V22/><F109/><W118/><G118/><T16/><D28/><U14/><E14/><V72/><F30/><W23/><G23/><T77/><D16/><U1/><E1/><V24/><F0/><W87/><G87/><T85/><D85/><U106/><E106/><V110/><F111/><W133/><G133/><T84/><D84/><U81/><AGARI ba="0,1" hai="76,78,80,81,83" m="9739,35402,28071" machi="81" ten="30,1500,0" yaku="8,1" doraHai="63" who="1" fromWho="1" sc="343,-5,203,25,193,-5,251,-5" /><INIT seed="1,1,0,4,2,63" ten="338,228,188,246" oya="1" hai0="100,90,17,107,106,51,121,114,129,132,60,88,49" hai1="76,119,120,104,42,2,31,123,5,67,29,75,92" hai2="23,73,24,112,18,72,69,130,0,87,84,126,115" hai3="135,110,52,11,109,127,118,40,45,58,70,59,19"/><U71/><E119/><V47/><F0/><W128/><G70/><T25/><D114/><N who="2" m="43562" /><F130/><W94/><G118/><T30/><D129/><U93/><E104/><V124/><F47/><W57/><BYE who="1" /><G128/><T28/><D132/><U77/><E77/><V1/><F1/><W4/><G135/><T13/><D121/><U6/><E6/><V62/><F84/><W27/><G94/><T101/><D60/><U38/><E38/><V102/><F87/><W86/><G86/><T99/><D13/><U55/><E55/><V37/><F37/><W79/><G79/><T116/><D17/><U9/><E9/><V33/><F33/><W68/><G68/><T21/><D116/><U10/><E10/><V39/><F39/><W15/><G127/><N who="2" m="48681" /><F102/><W83/><G83/><T95/><D30/><U82/><E82/><V32/><F32/><W16/><G40/><T108/><D108/><N who="3" m="41577" /><G27/><T35/><D35/><U46/><E46/><V48/><F48/><AGARI ba="1,0" hai="4,11,15,16,19,45,48,52,57,58,59" m="41577" machi="48" ten="30,3900,0" yaku="14,1,54,2" doraHai="63" who="3" fromWho="2" sc="338,0,228,0,188,-42,246,42" /><INIT seed="2,0,0,5,3,71" ten="338,228,146,288" oya="2" hai0="62,90,27,36,6,98,89,14,119,83,39,61,96" hai1="11,80,13,133,87,69,93,132,68,109,37,66,53" hai2="38,56,59,8,43,5,78,52,45,106,130,117,100" hai3="10,4,126,104,110,18,99,113,82,34,30,29,0"/><V21/><F130/><W51/><G126/><T33/><D14/><U60/><E60/><V67/><F117/><W107/><G113/><T112/><D6/><U108/><E108/><V70/><F78/><W22/><G110/><T122/><D122/><U28/><E28/><V24/><F106/><W118/><G118/><T55/><D119/><U49/><E49/><V128/><F128/><W32/><G82/><T125/><D125/><U123/><E123/><V65/><F100/><W54/><G30/><T74/><D112/><U25/><E25/><V101/><F101/><W92/><G104/><T95/><D74/><U121/><E121/><V9/><F70/><W72/><G29/><T19/><D33/><U114/><E114/><V63/><F5/><W17/><G72/><T75/><D62/><U15/><E15/><V23/><F23/><W111/><G111/><T12/><D75/><U88/><E88/><V41/><F41/><W47/><G18/><T135/><D135/><U81/><E81/><V77/><F77/><W3/><G3/><T105/><D12/><U20/><E20/><V103/><F103/><W7/><G7/><T79/><D79/><U120/><E120/><V86/><F86/><W85/><G85/><N who="0" m="50367" /><D98/><U94/><E94/><V44/><F44/><W31/><G31/><T26/><D105/><U2/><E2/><V102/><F102/><N who="3" m="60775" /><G107/><T40/><D40/><U58/><E58/><V129/><F129/><W1/><G1/><T73/><D73/><U116/><E116/><V50/><F65/><W91/><G91/><T115/><D115/><U57/><E57/><RYUUKYOKU ba="0,0" sc="338,-15,228,-15,146,15,288,15" hai2="8,9,21,24,38,43,45,50,52,56,59,63,67" hai3="0,4,10,17,22,32,34,47,51,54" /><INIT seed="2,1,0,4,2,10" ten="323,213,161,303" oya="2" hai0="28,92,44,102,50,126,7,40,58,93,43,122,127" hai1="61,132,12,107,99,21,30,79,81,114,71,98,2" hai2="83,15,69,76,34,55,103,39,106,0,129,66,1" hai3="13,65,124,37,60,47,74,119,78,9,42,86,112"/><V31/><F39/><W53/><G119/><T105/><D122/><U94/><E94/><V125/><F129/><W89/><G124/><N who="0" m="47659" /><D28/><U68/><E68/><V77/><F125/><W56/><G112/><T57/><D7/><U64/><E64/><V87/><F77/><W100/><G100/><T25/><D25/><U121/><E121/><V75/><F75/><W101/><G101/><T23/><D23/><U52/><E52/><V20/><F55/><W14/><G9/><T26/><D26/><U19/><E19/><V90/><F90/><W85/><G74/><T3/><D3/><U29/><E29/><V54/><F54/><W35/><G35/><T22/><D22/><U6/><E6/><V116/><F116/><W84/><G78/><T128/><D128/><U110/><E110/><V88/><F76/><W45/><REACH who="3" step="1"/><G89/><REACH who="3" ten="323,213,161,293" step="2"/><T41/><D105/><U72/><E72/><V82/><F34/><W32/><G32/><T36/><D102/><U80/><E80/><V49/><F83/><W109/><G109/><T104/><D104/><U131/><E131/><V135/><F106/><W5/><G5/><T118/><D118/><U115/><E115/><V63/><F103/><W70/><G70/><T24/><D93/><U111/><E111/><V95/><F95/><W11/><G11/><T48/><D92/><U16/><E16/><V51/><F135/><W133/><G133/><T46/><D24/><U4/><E4/><V130/><F130/><W113/><G113/><T59/><D36/><U17/><E17/><N who="2" m="10303" /><F31/><W108/><G108/><T123/><D123/><U67/><E67/><RYUUKYOKU ba="1,1" sc="323,10,213,-30,161,10,293,10" hai0="40,41,43,44,46,48,50,57,58,59" hai2="0,1,49,51,63,66,69,82,87,88" hai3="13,14,37,42,45,47,53,56,60,65,84,85,86" /><INIT seed="2,2,1,1,4,29" ten="333,183,171,303" oya="2" hai0="7,41,120,18,84,62,9,19,50,45,49,39,67" hai1="15,79,134,11,122,54,3,74,56,13,98,44,27" hai2="105,103,86,124,30,112,118,6,100,34,131,126,135" hai3="14,25,68,16,130,5,37,63,85,111,125,75,40"/><V12/><F118/><W26/><G75/><T69/><D120/><U110/><E110/><V36/><F36/><W102/><G111/><T94/><D94/><U132/><E132/><V57/><F112/><W91/><G5/><T28/><D84/><U76/><E76/><V2/><F2/><W73/><G73/><T48/><REACH who="0" step="1"/><D28/><REACH who="0" ten="323,183,171,303" step="2"/><U82/><E82/><V80/><F135/><W87/><G85/><T106/><D106/><U22/><E22/><V1/><F105/><W24/><G102/><T21/><D21/><U66/><E66/><V70/><F34/><W0/><G87/><T58/><D58/><U108/><E108/><V114/><F114/><W127/><G68/><T52/><D52/><U97/><E97/><V129/><F70/><W113/><G113/><T92/><D92/><U4/><E4/><V33/><F57/><W61/><G40/><T53/><D53/><U23/><E23/><V71/><F71/><W60/><G125/><N who="2" m="48233" /><F30/><W59/><G127/><T51/><N who="0" m="12288" /><DORA hai="47" /><T43/><D43/><U20/><E20/><V133/><F133/><W123/><G59/><T83/><D83/><U93/><E93/><V109/><F80/><W55/><G55/><T89/><D89/><U8/><E8/><V64/><F86/><W101/><G91/><T46/><D46/><U99/><E99/><V42/><F42/><W81/><G101/><T107/><D107/><U90/><E90/><V10/><F103/><W96/><G96/><T77/><D77/><U104/><E104/><V115/><F100/><W31/><G31/><T95/><D95/><U32/><E32/><RYUUKYOKU ba="2,2" sc="323,30,183,-10,171,-10,303,-10" hai0="7,9,18,19,39,41,45,62,67,69" /><INIT seed="3,3,2,3,4,86" ten="353,173,161,293" oya="3" hai0="108,127,59,72,41,116,46,105,135,82,75,3,19" hai1="109,13,56,103,112,50,121,129,40,10,4,2,22" hai2="58,96,25,71,30,42,36,122,92,104,65,98,35" hai3="27,64,106,47,28,9,24,85,102,126,18,26,23"/><W87/><G126/><T54/><D3/><U94/><E94/><V51/><F122/><W33/><G64/><T63/><D116/><U81/><E81/><V67/><F104/><W48/><G9/><T101/><D127/><U123/><E123/><V43/><F71/><W80/><G26/><T31/><D31/><U7/><E7/><V52/><F36/><W132/><G132/><T117/><D135/><U89/><E89/><V38/><F38/><W61/><G61/><T100/><D117/><U16/><E16/><V32/><F32/><W20/><G33/><T11/><D105/><U130/><E130/><V119/><F119/><W14/><G14/><T1/><D108/><U120/><E120/><V74/><F74/><W29/><G18/><T90/><D75/><U45/><E45/><V12/><F12/><W34/><G34/><T79/><D90/><U53/><E53/><V113/><F98/><W77/><G102/><T62/><D19/><U88/><E88/><V133/><F133/><W39/><G39/><N who="0" m="21823" /><D62/><U131/><E131/><V17/><F113/><W125/><G125/><T124/><D124/><U73/><E73/><V128/><F128/><W107/><REACH who="3" step="1"/><G87/><REACH who="3" ten="353,173,161,283" step="2"/><T70/><D70/><U97/><E97/><V5/><F17/><W78/><G78/><T95/><D72/><U99/><E99/><V111/><F5/><W37/><G37/><T76/><D79/><U110/><E110/><V118/><F111/><W114/><G114/><T6/><D76/><U15/><E15/><V66/><F118/><W55/><AGARI ba="3,3" hai="20,23,24,27,28,29,47,48,55,77,80,85,106,107" machi="55" ten="20,7800,0" yaku="1,1,0,1,7,1,9,1,53,0" doraHai="86" doraHaiUra="60" who="3" fromWho="3" sc="353,-29,173,-29,161,-29,283,117" /><INIT seed="3,4,0,5,0,60" ten="324,144,132,400" oya="3" hai0="59,50,115,26,85,28,135,37,117,53,41,64,99" hai1="103,124,19,34,67,128,63,111,97,20,38,94,21" hai2="126,36,48,78,101,109,43,122,79,123,44,132,106" hai3="84,113,92,90,56,129,33,68,31,39,30,125,15"/><W62/><G113/><T134/><D117/><U96/><E96/><N who="2" m="61735" /><F48/><W88/><G125/><T42/><D85/><U10/><E10/><V9/><F109/><W4/><G129/><T91/><D91/><U7/><E7/><V127/><F132/><N who="0" m="50730" /><D99/><U76/><E76/><N who="2" m="29227" /><F9/><N who="3" m="4519" /><G33/><T18/><D18/><U102/><E102/><V130/><F130/><W118/><G68/><T114/><D26/><U2/><E2/><V46/><F46/><W16/><G39/><T83/><D83/><U23/><E23/><V86/><F86/><N who="3" m="52247" /><G118/><T45/><D28/><U133/><E133/><V57/><F57/><W27/><G27/><T77/><D77/><U58/><E58/><V107/><F107/><W70/><G70/><T121/><D121/><AGARI ba="4,0" hai="36,43,44,121,122,123,126,127" m="29227,61735" machi="121" ten="30,1000,0" yaku="13,1" doraHai="60" who="2" fromWho="0" sc="324,-22,144,0,132,22,400,0" /><INIT seed="4,0,0,4,3,48" ten="302,144,154,400" oya="0" hai0="34,29,79,53,80,81,125,35,135,5,93,24,106" hai1="84,7,52,127,16,15,40,22,47,114,77,113,43" hai2="10,61,118,83,50,28,98,70,132,130,21,20,121" hai3="101,124,90,37,59,18,49,69,91,100,105,11,129"/><T64/><D106/><U111/><E111/><V74/><F121/><W134/><G69/><T12/><D135/><U112/><E112/><V62/><F132/><W85/><G37/><T87/><D125/><U8/><E8/><V25/><F130/><W108/><G108/><T58/><D64/><U96/><E96/><V115/><F115/><W75/><G75/><T68/><D68/><U32/><E32/><V78/><F118/><W66/><G105/><T3/><D3/><U2/><E2/><V126/><F126/><W117/><G117/><T36/><D36/><U86/><E86/><V119/><F119/><W55/><G124/><T123/><D123/><U109/><E109/><V17/><F10/><W6/><G134/><T67/><D67/><U104/><E104/><V38/><F38/><W13/><G129/><T14/><D34/><U71/><E71/><V89/><F70/><W4/><G66/><T82/><D5/><N who="3" m="2153" /><G90/><T45/><D45/><U41/><E41/><V26/><REACH who="2" step="1"/><F50/><REACH who="2" ten="302,144,144,400" step="2"/><W128/><G128/><T131/><D131/><U99/><E99/><V33/><F33/><W46/><G59/><T73/><D73/><U133/><E133/><V60/><F60/><W9/><G11/><T57/><D79/><U97/><E97/><V51/><F51/><W30/><G30/><T122/><D122/><U0/><E0/><V23/><F23/><W110/><G110/><T63/><D57/><U94/><E94/><AGARI ba="0,1" hai="17,20,21,25,26,28,61,62,74,78,83,89,94,98" machi="94" ten="40,1300,0" yaku="1,1,53,0" doraHai="48" doraHaiUra="54" who="2" fromWho="1" sc="302,0,144,-13,144,23,400,0" /><AGARI ba="0,0" hai="9,13,18,46,49,55,85,91,94,100,101" m="2153" machi="94" ten="30,2000,0" yaku="8,1,52,1" doraHai="48" who="3" fromWho="1" sc="302,0,131,-20,167,0,400,20" /><INIT seed="5,0,0,0,5,78" ten="302,111,167,420" oya="1" hai0="119,69,60,107,23,120,111,56,113,77,20,89,103" hai1="90,54,38,70,97,3,57,93,95,42,36,98,7" hai2="13,10,110,129,27,34,128,117,40,85,104,102,65" hai3="46,25,11,4,48,125,62,53,87,39,0,116,73"/><U71/><E71/><V86/><F110/><W26/><G73/><T84/><D119/><U52/><E52/><V64/><F117/><W67/><G116/><T72/><D69/><U79/><E79/><V130/><F40/><W133/><G133/><T44/><D111/><U55/><E55/><V123/><F123/><W50/><G125/><T24/><D44/><U94/><E94/><V122/><F122/><W30/><G87/><N who="2" m="33289" /><F102/><W12/><G0/><T5/><D5/><U14/><E14/><V114/><F104/><W31/><G39/><T132/><D132/><U109/><E109/><V59/><F114/><W92/><G92/><T49/><D49/><U29/><E29/><N who="3" m="10762" /><G48/><T9/><D9/><U58/><E58/><AGARI ba="0,0" hai="4,11,12,25,26,46,50,53,58,62,67" m="10762" machi="58" ten="30,1000,0" yaku="8,1" doraHai="78" who="3" fromWho="1" sc="302,0,111,-10,167,0,420,10" /><INIT seed="6,0,0,1,4,83" ten="302,101,167,430" oya="2" hai0="92,93,121,60,134,66,111,76,133,52,17,20,40" hai1="107,59,14,95,39,11,78,97,69,0,80,28,48" hai2="128,30,57,115,71,13,116,54,35,123,9,67,99" hai3="106,62,91,114,43,81,109,70,108,26,36,5,25"/><V127/><F116/><W105/><G114/><T58/><D121/><U86/><E86/><V131/><F123/><W44/><G5/><T120/><D120/><U63/><E63/><N who="2" m="40447" /><F115/><W56/><G70/><T51/><D40/><U19/><E19/><V117/><F117/><W55/><G109/><T100/><D76/><U119/><E119/><V74/><F74/><W79/><G108/><T126/><D111/><U98/><E98/><V129/><F127/><W130/><G130/><T87/><D126/><U64/><E64/><V27/><F99/><W21/><G91/><N who="0" m="53375" /><D93/><U22/><E22/><V18/><F57/><W135/><G135/><N who="0" m="51723" /><D100/><U7/><E7/><V46/><F46/><W125/><G125/><T32/><D32/><U68/><E68/><V110/><F110/><W49/><G36/><T1/><D1/><U29/><E29/><V85/><F85/><W88/><G26/><T84/><D60/><U104/><E104/><V34/><F54/><W12/><G12/><N who="0" m="9255" /><D66/><U50/><E50/><V24/><F24/><W75/><G88/><T38/><D38/><U45/><E45/><V47/><F47/><W61/><G61/><T37/><D37/><U102/><E102/><V33/><AGARI ba="0,0" hai="9,13,18,27,30,33,34,35,128,129,131" m="40447" machi="33" ten="40,2100,0" yaku="19,1" doraHai="83" who="2" fromWho="2" sc="302,-7,101,-7,167,21,430,-7" /><INIT seed="6,1,0,4,4,45" ten="295,94,188,423" oya="2" hai0="38,99,95,22,107,120,118,60,109,106,51,70,113" hai1="108,59,128,47,29,41,122,48,20,21,121,92,6" hai2="19,43,18,132,24,126,62,32,65,135,83,31,90" hai3="13,103,114,66,78,5,8,98,110,129,115,81,73"/><V117/><F117/><W52/><G110/><T74/><D38/><U2/><E2/><V49/><F126/><W16/><G129/><T27/><D27/><U102/><E102/><V23/><F90/><W26/><G66/><T46/><D22/><U130/><E130/><V9/><F83/><W12/><G52/><T97/><D74/><U61/><E61/><V34/><F9/><W96/><G26/><T105/><D60/><U134/><E134/><N who="2" m="51243" /><F32/><W53/><G53/><T116/><D70/><U77/><E77/><V87/><F34/><W127/><G127/><T79/><D79/><U76/><E76/><V82/><F82/><W14/><G14/><T28/><D28/><U58/><E58/><N who="2" m="37079" /><F87/><W30/><G30/><T94/><D120/><U71/><E71/><V124/><F124/><W4/><G4/><T63/><D63/><U88/><E88/><V7/><F7/><W68/><G68/><T100/><D109/><U50/><E50/><V15/><F15/><W72/><G72/><T131/><D131/><U56/><E56/><V69/><F69/><W75/><G75/><T86/><D86/><U125/><E125/><V112/><F112/><N who="3" m="43051" /><G103/><T91/><REACH who="0" step="1"/><D113/><REACH who="0" ten="285,94,188,423" step="2"/><U25/><E25/><V3/><F3/><W57/><G78/><T67/><D67/><U93/><E93/><V11/><F11/><W54/><G73/><T85/><D85/><U89/><E89/><V35/><F35/><W55/><G81/><T17/><D17/><U37/><E37/><V1/><F1/><W44/><G16/><T10/><D10/><U123/><E123/><V101/><F101/><RYUUKYOKU ba="1,1" sc="285,15,94,-15,188,15,423,-15" hai0="46,51,91,94,95,97,99,100,105,106,107,116,118" hai2="18,19,23,24,31,43,49" /><INIT seed="6,2,1,4,1,56" ten="300,79,203,408" oya="2" hai0="90,64,27,108,62,119,71,134,135,40,12,117,9" hai1="123,133,70,75,125,11,25,57,127,100,109,113,104" hai2="128,58,72,37,17,0,20,83,122,19,50,126,89" hai3="80,53,14,34,63,4,99,21,68,26,39,76,42"/><V31/><F122/><W84/><G34/><T114/><D108/><U121/><E121/><V116/><F116/><N who="0" m="44618" /><D27/><U129/><E129/><V85/><F0/><W86/><G99/><T111/><D111/><U65/><E65/><V41/><F128/><W28/><G39/><T60/><D90/><U102/><E102/><V18/><F126/><W98/><G98/><T48/><D114/><U52/><E52/><N who="2" m="32023" /><F37/><W112/><G42/><T13/><D13/><U49/><E49/><V51/><F72/><W55/><G112/><T30/><D30/><U105/><E105/><V103/><F103/><W32/><G86/><T69/><D12/><U3/><E3/><V61/><F61/><N who="0" m="23658" /><D9/><U106/><E106/><V16/><N who="2" m="4608" /><DORA hai="67" /><V81/><F31/><W88/><G76/><T22/><D22/><U24/><E24/><V78/><F20/><W115/><G115/><T15/><D15/><U131/><E131/><V1/><F78/><W47/><G32/><T43/><D64/><U35/><E35/><V97/><F1/><W44/><G68/><N who="0" m="26187" /><D48/><U110/><E110/><V10/><F10/><N who="3" m="4423" /><G63/><T73/><D73/><U118/><E118/><V95/><F51/><W74/><G74/><T45/><D45/><AGARI ba="2,1" hai="21,26,28,44,45,47,53,55,80,84,88" m="4423" machi="45" ten="30,2000,0" yaku="8,1,54,1" doraHai="56,67" who="3" fromWho="0" sc="300,-26,79,0,203,0,408,36" /><INIT seed="7,0,0,5,4,113" ten="274,79,203,444" oya="3" hai0="86,57,39,25,58,19,97,23,104,100,30,114,59" hai1="36,68,17,98,18,71,85,123,115,66,8,62,72" hai2="121,126,118,24,88,47,111,132,73,7,63,31,107" hai3="40,103,108,125,61,109,83,55,80,9,89,41,32"/><W50/><G32/><T35/><D114/><U91/><E91/><V27/><F118/><W37/><G37/><T42/><D39/><U64/><E64/><V92/><F111/><N who="3" m="42571" /><G125/><T105/><D42/><N who="3" m="16489" /><G61/><T128/><D128/><U130/><E130/><V3/><F121/><W65/><G65/><T112/><D112/><U54/><E54/><V122/><F107/><W81/><G103/><T46/><D46/><U43/><E43/><V135/><F122/><W82/><G9/><T2/><D105/><U78/><E78/><V127/><F73/><W5/><G5/><T53/><D86/><U76/><E76/><V67/><F47/><N who="3" m="28127" /><G82/><T11/><D53/><U4/><E4/><V94/><F63/><W99/><G99/><T87/><D87/><AGARI ba="0,0" hai="80,81,83,87,89" m="28127,16489,42571" machi="87" ten="30,1500,0" yaku="10,1" doraHai="113" who="3" fromWho="0" sc="274,-15,79,0,203,0,444,15" owari="259,6.0,79,-42.0,203,-20.0,459,56.0" /></mjloggm>