<mjloggm ver="2.3"><GO type="97" lobby="0"/><UN n0="%73%61%6C%74%79%64%6F%67" n1="%E5%B0%B1%E6%B4%BB%E7%94%9F%40%E5%B7%9D%E6%9D%91%E8%BB%8D%E5%9B%A3" n2="%5A%55%41%4C%30%31%32%32" n3="%E3%82%8B%EF%BD%9E%EF%BC%A0%E5%B7%9D%E6%9D%91%E8%BB%8D%E5%9B%A3" dan="15,14,14,13" rate="1969.34,2028.81,1961.14,1957.17" sx="M,M,M,M"/><TAIKYOKU oya="0"/><INIT seed="0,0,0,0,4,115" ten="250,250,250,250" oya="0" hai0="77,35,14,92,79,93,10,31,97,40,28,85,107" hai1="135,39,29,74,125,105,5,12,127,109,111,58,95" hai2="50,63,1,129,108,9,80,46,59,102,15,42,23" hai3="100,27,66,6,90,34,37,116,75,128,133,0,8"/><T53/><D40/><U118/><E105/><V71/><F129/><W68/><G37/><T62/><D35/><U104/><E104/><V32/><F32/><W121/><G100/><T83/><D107/><U89/><E39/><V110/><F102/><W126/><G90/><T41/><D41/><U88/><E74/><V106/><F106/><W101/><G101/><N who="0" m="60583" /><D77/><U18/><E5/><V112/><F112/><W36/><G66/><T16/><D93/><U43/><E29/><N who="0" m="11337" /><D62/><U54/><E118/><V61/><F1/><W78/><G78/><T20/><D53/><U49/><E43/><V38/><F80/><W70/><G6/><T65/><D65/><U7/><E7/><V130/><F130/><W19/><G128/><T132/><D132/><U96/><E89/><V98/><F98/><W84/><G133/><T13/><D13/><U76/><E76/><V82/><F82/><W73/><G0/><T69/><D69/><U47/><E47/><V117/><F23/><AGARI ba="0,0" hai="10,14,16,20,23,79,83,85" m="11337,60583" machi="23" ten="30,2900,0" yaku="8,1,54,1" doraHai="115" who="0" fromWho="2" sc="250,29,250,0,250,-29,250,0" /><INIT seed="0,1,0,4,2,108" ten="279,250,221,250" oya="0" hai0="28,5,110,128,120,13,94,79,83,58,126,121,51" hai1="67,42,7,9,17,52,99,129,74,59,119,113,90" hai2="30,93,97,32,22,38,109,95,55,115,36,104,135" hai3="86,116,73,84,70,76,27,33,46,4,71,31,100"/><T117/><D28/><U45/><E74/><V68/><F68/><W81/><G116/><T132/><D13/><N who="1" m="5311" /><E119/><V40/><F32/><W127/><G127/><T35/><D5/><U89/><E129/><V77/><F109/><W60/><G100/><T8/><D8/><U1/><E1/><V50/><F135/><W82/><G46/><T47/><D35/><U88/><E67/><V18/><F30/><W130/><G130/><T3/><D3/><U91/><E113/><V57/><F115/><W96/><G96/><T12/><D12/><U65/><E65/><V98/><F77/><W134/><G134/><T56/><D117/><U24/><E99/><V23/><F23/><W75/><G4/><T101/><D110/><U85/><E45/><V107/><F107/><W112/><G112/><T6/><D132/><U37/><E42/><V11/><F11/><W72/><G60/><T19/><D128/><U114/><E37/><V10/><F10/><W34/><G33/><T122/><D126/><U49/><E114/><V48/><F104/><W133/><G133/><T123/><D6/><U15/><E24/><V124/><F124/><W25/><G25/><T62/><D123/><U87/><N who="1" m="23040" /><DORA hai="20" /><U0/><E0/><V54/><F40/><W105/><G105/><T44/><D122/><U14/><E17/><V16/><F22/><W63/><G63/><T125/><D121/><U111/><E111/><V21/><F21/><W26/><G26/><T41/><D125/><U131/><E131/><V80/><F57/><W43/><G43/><T103/><D120/><U39/><E39/><RYUUKYOKU ba="1,0" sc="279,-30,250,10,221,10,250,10" hai1="14,15,49,52,59,85,87" hai2="16,18,36,38,48,50,54,55,80,93,95,97,98" hai3="27,31,34,70,71,72,73,75,76,81,82,84,86" /><INIT seed="1,2,0,3,3,91" ten="249,260,231,260" oya="1" hai0="72,5,90,24,88,17,19,57,14,84,64,108,86" hai1="119,41,67,114,82,34,89,115,120,10,0,61,103" hai2="131,71,27,83,69,35,42,95,60,49,43,123,29" hai3="54,47,12,77,65,92,55,9,33,21,36,116,94"/><U124/><E34/><V62/><F123/><W1/><G33/><T111/><D72/><U76/><E119/><V110/><F131/><W127/><G116/><T135/><D135/><U2/><E120/><V39/><F39/><W63/><G1/><T87/><D24/><U126/><E103/><V75/><F110/><N who="0" m="42026" /><D57/><U134/><E41/><V98/><F75/><W102/><G77/><T130/><D64/><U85/><E134/><V7/><F7/><W22/><G127/><N who="1" m="48682" /><E76/><V81/><F69/><W23/><G102/><T113/><D113/><N who="1" m="43019" /><E10/><V52/><F71/><AGARI ba="2,0" hai="0,2,61,67,71,82,85,89" m="43019,48682" machi="71" ten="30,1500,0" yaku="18,1" doraHai="91" who="1" fromWho="2" sc="249,0,260,21,231,-21,260,0" /><INIT seed="1,3,0,0,2,112" ten="249,281,210,260" oya="1" hai0="52,68,6,71,21,91,129,67,127,85,13,84,16" hai1="10,126,82,5,115,41,19,80,61,11,42,103,31" hai2="1,3,45,47,113,26,88,15,58,49,63,43,32" hai3="131,73,74,35,50,114,24,104,101,9,106,51,54"/><U110/><E115/><V29/><F113/><W78/><G114/><T28/><D129/><U86/><E31/><V121/><F121/><W18/><G35/><T2/><D127/><U87/><E126/><V134/><F134/><W59/><G131/><T34/><D71/><U40/><E103/><V23/><F47/><W57/><G106/><T20/><D21/><U99/><E99/><V60/><F60/><W75/><G78/><T93/><D67/><U118/><E110/><V8/><F32/><W36/><G36/><T7/><D68/><U44/><E118/><V108/><F108/><W102/><G104/><T105/><D105/><U94/><E94/><V46/><F46/><W39/><G39/><T64/><D64/><U37/><E61/><V95/><F58/><W76/><G76/><T79/><D34/><U107/><E107/><V62/><F3/><W33/><G33/><T66/><D2/><U122/><E122/><V128/><F1/><W12/><G24/><T96/><D66/><U130/><E130/><V27/><F27/><W98/><G98/><T56/><D28/><U119/><E119/><V25/><F25/><W77/><G77/><T53/><D79/><U97/><E44/><V123/><F123/><W22/><G22/><T17/><D96/><U83/><E37/><V135/><F135/><W48/><G48/><N who="0" m="30727" /><D93/><U133/><E97/><N who="2" m="57575" /><F128/><W81/><G81/><T70/><D70/><U117/><E117/><V90/><F90/><W100/><G100/><T132/><D91/><U124/><E133/><V30/><F30/><W111/><G111/><T92/><D132/><RYUUKYOKU ba="3,0" sc="249,-15,281,-15,210,15,260,15" hai2="8,15,23,26,29,43,45,49,62,63" hai3="9,12,18,50,51,54,57,59,73,74,75,101,102" /><INIT seed="2,4,0,4,2,13" ten="234,266,225,275" oya="2" hai0="45,70,111,78,41,114,54,117,61,38,46,90,125" hai1="63,91,84,51,3,64,56,11,108,76,60,37,18" hai2="20,4,14,97,71,59,113,81,36,89,79,48,75" hai3="15,10,67,124,65,35,49,28,12,83,85,93,40"/><V103/><F71/><W27/><G124/><T99/><D78/><U2/><E108/><V128/><F36/><W87/><G93/><T33/><D33/><U96/><E37/><V104/><F113/><W62/><G40/><T39/><D90/><U1/><E76/><V32/><F32/><W42/><G42/><N who="0" m="22743" /><D99/><U22/><E96/><V58/><F128/><W50/><G67/><N who="0" m="41327" /><D114/><U88/><E60/><V23/><F89/><W107/><G107/><T126/><D111/><U109/><E109/><V25/><F48/><W0/><G0/><T7/><D7/><U44/><E11/><V17/><F4/><W6/><G12/><T82/><D82/><U121/><E121/><V47/><F47/><W102/><G102/><T98/><D98/><U57/><E57/><V16/><AGARI ba="4,0" hai="14,16,17,20,23,25,58,59,75,79,81,97,103,104" machi="16" ten="20,12000,1" yaku="0,1,7,1,52,2,54,1" doraHai="13" who="2" fromWho="2" sc="234,-44,266,-44,225,132,275,-44" /><INIT seed="2,5,0,3,0,68" ten="190,222,357,231" oya="2" hai0="7,59,109,10,60,6,30,9,35,101,107,41,64" hai1="106,84,67,29,49,91,23,55,33,12,40,130,39" hai2="104,38,54,56,78,25,110,123,63,65,32,86,62" hai3="0,113,124,71,102,82,135,83,103,87,74,11,20"/><V34/><F123/><W100/><G71/><T114/><D114/><U28/><E33/><V115/><F115/><W88/><G20/><T70/><D109/><U105/><E130/><V13/><F104/><W24/><G24/><T22/><D41/><U93/><E67/><V116/><F116/><W37/><G11/><T52/><D35/><U126/><E126/><V57/><F110/><W47/><G0/><T125/><D125/><U77/><E77/><V111/><F111/><W50/><G50/><T96/><D30/><U26/><E29/><V127/><F127/><W69/><G47/><T133/><D22/><U8/><E40/><V15/><F38/><W46/><G69/><T2/><D133/><U95/><E39/><V21/><F32/><W128/><G46/><T98/><D96/><U92/><E106/><V31/><F34/><W118/><G37/><T80/><D80/><AGARI ba="5,0" hai="13,15,21,25,31,54,56,57,62,63,65,78,80,86" machi="80" ten="40,2000,0" yaku="8,1" doraHai="68" who="2" fromWho="0" sc="190,-35,222,0,357,35,231,0" /><INIT seed="2,6,0,3,2,126" ten="155,222,392,231" oya="2" hai0="8,22,101,71,49,57,3,53,58,12,13,120,9" hai1="112,20,77,127,25,29,16,61,110,4,32,63,91" hai2="104,54,129,21,5,52,92,103,130,17,70,60,38" hai3="41,55,105,30,43,111,35,73,68,107,66,31,48"/><V100/><F38/><W99/><G73/><T90/><D120/><U6/><E112/><V72/><F72/><W131/><G111/><T118/><D71/><U67/><E127/><V79/><F79/><W115/><G115/><T46/><D101/><U86/><E77/><V65/><F5/><W95/><G68/><T33/><D33/><U123/><E123/><V93/><F104/><W135/><G66/><T15/><D118/><U97/><E97/><V133/><F133/><W27/><G31/><T50/><D3/><U28/><E110/><V116/><F116/><W62/><G62/><N who="1" m="23562" /><E67/><V102/><F93/><W45/><G135/><T121/><D121/><U59/><E59/><V36/><F92/><W122/><G122/><T81/><D22/><U119/><E32/><V39/><F36/><W88/><G131/><N who="2" m="50185" /><F39/><W51/><G43/><T69/><D69/><U24/><E119/><V134/><F134/><W109/><G109/><T94/><D81/><N who="1" m="49615" /><E25/><AGARI ba="6,0" hai="17,21,25,52,54,60,65,70,100,102,103" m="50185" machi="25" ten="30,12000,1" yaku="19,1,52,3,54,1" doraHai="126" who="2" fromWho="1" sc="155,0,222,-138,392,138,231,0" /><INIT seed="2,7,0,2,1,26" ten="155,84,530,231" oya="2" hai0="47,36,34,80,67,33,113,87,122,132,133,119,86" hai1="121,65,129,106,71,8,24,102,14,56,45,124,7" hai2="69,9,110,66,72,42,128,44,81,20,46,59,49" hai3="28,37,60,111,114,98,50,41,68,16,57,109,135"/><V120/><F120/><W104/><G114/><T40/><D122/><U112/><E112/><V64/><F9/><W61/><G135/><N who="0" m="51787" /><D113/><U63/><E121/><V93/><F128/><W115/><G115/><T27/><D119/><U62/><E129/><V0/><F0/><W22/><G37/><T5/><D5/><U125/><E45/><V116/><F116/><W38/><G38/><T84/><D67/><U17/><E102/><V100/><F69/><W43/><G68/><T126/><D126/><U123/><E106/><V83/><F46/><N who="3" m="25935" /><G43/><T51/><D36/><U107/><E107/><V79/><F83/><W25/><G98/><T54/><D40/><U89/><E89/><V30/><F59/><W70/><G104/><T103/><D103/><U10/><E123/><V35/><F35/><N who="0" m="13322" /><D27/><U94/><E94/><V13/><F100/><W31/><G70/><T130/><D130/><U85/><E85/><V21/><F66/><N who="3" m="39183" /><G61/><T105/><D105/><U15/><REACH who="1" step="1"/><E24/><REACH who="1" ten="155,74,530,231" step="2"/><V39/><F39/><W53/><G53/><AGARI ba="7,1" hai="7,8,10,14,15,17,53,56,62,63,65,71,124,125" machi="53" ten="40,5200,0" yaku="1,1,2,1,53,1" doraHai="26" doraHaiUra="2" who="1" fromWho="3" sc="155,0,74,83,530,0,231,-73" /><INIT seed="3,0,0,5,4,113" ten="155,157,530,158" oya="3" hai0="103,27,69,95,101,58,127,0,86,35,20,14,48" hai1="12,105,65,71,78,102,123,81,98,132,57,121,62" hai2="11,112,41,42,119,85,61,60,30,25,37,120,3" hai3="66,2,6,49,31,34,28,67,46,91,124,39,116"/><W73/><G73/><T83/><D69/><U21/><E132/><V94/><F119/><W10/><G39/><T1/><D35/><U99/><E71/><V109/><F112/><W44/><G91/><N who="0" m="51679" /><D1/><U18/><E99/><V17/><F109/><W8/><G116/><T90/><D14/><U47/><E47/><V96/><F120/><W115/><G115/><T56/><D0/><U108/><E108/><V110/><F110/><W63/><G10/><T125/><D48/><U100/><E100/><N who="0" m="38473" /><D125/><U52/><E65/><V129/><F129/><W51/><G124/><T70/><D70/><U4/><E4/><V64/><F96/><W126/><G126/><T131/><D131/><U38/><E38/><V130/><F130/><W76/><G2/><T75/><D75/><AGARI ba="0,0" hai="12,18,21,52,57,62,75,78,81,98,102,105,121,123" machi="75" ten="30,2000,0" yaku="7,1,54,1" doraHai="113" who="1" fromWho="0" sc="155,-20,157,20,530,0,158,0" owari="135,-36.0,177,-2.0,530,62.0,158,-24.0" /></mjloggm>