<mjloggm ver="2.3"><GO type="41" lobby="0"/><UN n0="%6B%61%6B%65%67%6F" n1="%E5%B0%B1%E6%B4%BB%E7%94%9F%40%E5%B7%9D%E6%9D%91%E8%BB%8D%E5%9B%A3" n2="%E8%AC%99%E8%99%9A%E3%81%A7%E5%BC%B7%E6%AC%B2" n3="%E5%87%BA%E9%99%A3%E3%83%A9%E3%83%83%E3%82%B7%E3%83%A5" dan="15,15,14,14" rate="1982.03,1936.14,1875.24,1953.40" sx="M,M,M,M"/><TAIKYOKU oya="0"/><INIT seed="0,0,0,3,4,24" ten="250,250,250,250" oya="0" hai0="39,2,120,91,80,73,79,46,41,29,133,100,27" hai1="37,74,103,33,42,40,63,114,22,69,62,67,87" hai2="3,8,107,88,47,86,30,23,84,9,68,115,11" hai3="38,102,25,78,18,5,51,66,123,57,15,132,1"/><T13/><D2/><U60/><E33/><V104/><F68/><W31/><G132/><T119/><D133/><U16/><E74/><V131/><F115/><W45/><G123/><T97/><D120/><U70/><E114/><V55/><F3/><W32/><G38/><T65/><D65/><U19/><E103/><V7/><F7/><W135/><G135/><T26/><D26/><U0/><E0/><V111/><F111/><W43/><G102/><T96/><D13/><U71/><E67/><V82/><F86/><W127/><G78/><T92/><D119/><U58/><E58/><V77/><F77/><W6/><G1/><T48/><D39/><U98/><E98/><V35/><F35/><W75/><G75/><T109/><D109/><U44/><E42/><V93/><F93/><W4/><G127/><T128/><D128/><U122/><E122/><V101/><F101/><W124/><G124/><T53/><D100/><U95/><REACH who="1" step="1"/><E22/><REACH who="1" ten="250,240,250,250" step="2"/><V17/><F107/><W52/><G66/><T130/><D130/><U105/><E105/><V129/><F104/><W81/><G43/><T61/><D41/><U121/><E121/><V49/><F129/><W112/><G112/><T10/><D97/><U50/><E50/><V72/><F72/><W76/><G57/><T12/><D48/><U36/><E36/><V117/><F131/><W118/><G118/><T14/><D96/><U108/><E108/><V21/><F117/><W106/><G106/><T54/><D73/><U94/><E94/><V110/><F110/><W59/><G59/><N who="0" m="35055" /><D92/><U89/><AGARI ba="0,1" hai="16,19,37,40,44,60,62,63,69,70,71,87,89,95" machi="89" ten="40,5200,0" yaku="1,1,0,1,54,1,53,0" doraHai="24" doraHaiUra="116" who="1" fromWho="1" sc="250,-26,240,62,250,-13,250,-13" /><INIT seed="1,0,0,4,5,56" ten="224,302,237,237" oya="1" hai0="43,7,63,133,42,85,121,84,4,120,49,135,8" hai1="41,2,24,131,0,18,80,96,86,34,132,128,3" hai2="69,113,70,122,117,111,99,58,130,110,87,93,16" hai3="48,1,76,12,47,53,124,108,5,21,52,19,115"/><U126/><E41/><V97/><F122/><W91/><G108/><N who="2" m="41513" /><F117/><W40/><G115/><T95/><D95/><U119/><E119/><V123/><F123/><N who="0" m="47178" /><D63/><U98/><E126/><V33/><F33/><W14/><G124/><T125/><D125/><U67/><E132/><N who="0" m="50761" /><D49/><U17/><E67/><V134/><F134/><W82/><G91/><T37/><D37/><U73/><E73/><V83/><F130/><N who="1" m="49705" /><E34/><V30/><F30/><W129/><G129/><T55/><D55/><U6/><E6/><N who="0" m="2089" /><D8/><U90/><E24/><V112/><F93/><W77/><G1/><T106/><D106/><U105/><E105/><V20/><F97/><AGARI ba="0,0" hai="0,2,3,17,18,80,86,90,96,97,98" m="49705" machi="97" ten="40,2000,0" yaku="19,1" doraHai="56" who="1" fromWho="2" sc="224,0,302,20,237,-20,237,0" /><INIT seed="1,1,0,4,4,3" ten="224,322,217,237" oya="1" hai0="13,81,103,113,110,129,90,80,115,5,15,40,111" hai1="65,34,89,6,49,116,43,104,102,14,84,132,77" hai2="66,2,70,16,114,64,118,125,25,107,32,20,52" hai3="59,126,31,29,11,4,33,46,44,57,128,86,28"/><U130/><E116/><V0/><F118/><W18/><G33/><T135/><D40/><U26/><E130/><V75/><F75/><W69/><G69/><T67/><D67/><U79/><E132/><V10/><F107/><W23/><G128/><T50/><D129/><U27/><E104/><V55/><F125/><W68/><G68/><T58/><D135/><U108/><E102/><V48/><F114/><W133/><G126/><T78/><D103/><U99/><E65/><V122/><F122/><W93/><G133/><T117/><D117/><U134/><E99/><V106/><F106/><W82/><G93/><T41/><D90/><U24/><E34/><V35/><F55/><W123/><G59/><T74/><D80/><U88/><E134/><V7/><F2/><W30/><G57/><T42/><D15/><U73/><E73/><V53/><F53/><W71/><G71/><T56/><D13/><U45/><E108/><V17/><F17/><W109/><G109/><T76/><D74/><U22/><E89/><V8/><F8/><W21/><G123/><T9/><D81/><N who="1" m="49167" /><E22/><N who="3" m="8202" /><G18/><T38/><D38/><U61/><E61/><V62/><F66/><W127/><N who="3" m="7680" /><DORA hai="91" /><W12/><G127/><T105/><D50/><U72/><E72/><V96/><F96/><W83/><G83/><T85/><D105/><U97/><E97/><V119/><F119/><W124/><G124/><T54/><D111/><U94/><E94/><V1/><F1/><W131/><G131/><T19/><D110/><U37/><E37/><V112/><F112/><W39/><G39/><T47/><D115/><RYUUKYOKU ba="1,0" sc="224,-30,322,10,217,10,237,10" hai1="6,14,24,26,27,43,45,49,77,79" hai2="0,7,10,16,20,25,32,35,48,52,62,64,70" hai3="4,11,12,44,46,82,86" /><INIT seed="1,2,0,4,3,66" ten="194,332,227,247" oya="1" hai0="85,106,75,87,80,101,135,42,22,120,20,84,132" hai1="40,46,81,37,14,86,16,78,89,97,76,61,70" hai2="122,72,103,53,35,10,123,117,111,0,107,110,74" hai3="54,63,5,130,108,82,15,44,12,100,6,65,30"/><U104/><E104/><V102/><F35/><W79/><G130/><T34/><D34/><U51/><E37/><V26/><F53/><W23/><G108/><N who="2" m="41513" /><F26/><W73/><G100/><N who="2" m="38441" /><F107/><W88/><G44/><T33/><D33/><U131/><E131/><V38/><F38/><W112/><G54/><T3/><D3/><U18/><E97/><V126/><F126/><W8/><G112/><T28/><D42/><U119/><E119/><V127/><F127/><W93/><G30/><T124/><D28/><U1/><E1/><V24/><F24/><W99/><G23/><T115/><D22/><U58/><E70/><V43/><F43/><W59/><G15/><T118/><D20/><U52/><E18/><AGARI ba="2,0" hai="5,6,8,12,18,59,63,65,73,79,82,88,93,99" machi="18" ten="30,2000,0" yaku="7,1,54,1" doraHai="66" who="3" fromWho="1" sc="194,0,332,-26,227,0,247,26" /><INIT seed="2,0,0,1,1,74" ten="194,306,227,273" oya="2" hai0="20,11,101,114,124,19,53,85,49,120,61,18,97" hai1="39,66,43,55,75,15,122,5,71,81,78,76,4" hai2="3,86,57,58,21,125,25,115,87,110,47,119,45" hai3="6,106,37,32,46,52,129,65,96,16,95,105,17"/><V62/><F3/><W94/><G129/><T31/><D124/><U64/><E122/><V107/><F107/><W63/><G32/><T69/><D114/><U34/><E34/><V8/><F115/><W51/><G6/><T0/><D120/><U22/><E55/><N who="2" m="34111" /><F119/><W9/><G37/><T42/><D42/><U56/><E71/><V54/><F125/><W83/><G83/><T102/><D85/><N who="2" m="32266" /><F110/><W68/><G95/><T121/><D19/><U40/><E39/><V127/><F127/><W73/><G73/><T108/><D31/><U77/><E75/><V41/><F41/><N who="1" m="15945" /><E81/><V89/><F89/><W133/><G133/><T27/><D97/><U26/><E56/><V14/><F54/><W84/><G84/><T131/><D131/><U92/><E92/><V135/><F58/><W36/><G36/><T35/><D108/><U126/><E126/><V38/><F38/><W30/><G30/><T23/><D0/><U1/><E1/><V28/><F135/><W116/><G116/><T79/><D69/><U12/><E5/><AGARI ba="0,0" hai="5,8,14,21,25,28,45,47" m="32266,34111" machi="5" ten="30,1500,0" yaku="8,1" doraHai="74" who="2" fromWho="1" sc="194,0,306,-15,227,15,273,0" /><INIT seed="2,1,0,2,5,1" ten="194,291,242,273" oya="2" hai0="68,83,52,93,117,34,72,17,10,104,80,70,82" hai1="24,40,49,125,123,132,25,23,122,76,99,45,108" hai2="127,118,20,130,58,59,21,48,75,63,109,32,74" hai3="112,64,126,60,101,18,85,42,9,12,96,51,0"/><V71/><F118/><W124/><G112/><T94/><D104/><U97/><E108/><V6/><F32/><W3/><G85/><T87/><D34/><U128/><E128/><V2/><F71/><W16/><G51/><T105/><D72/><N who="2" m="27690" /><F2/><W50/><G50/><T31/><D31/><U100/><E76/><V89/><F89/><W69/><G42/><T95/><D105/><U79/><E79/><V30/><F30/><W65/><G65/><T106/><D87/><U56/><E125/><N who="3" m="48234" /><G18/><T22/><D10/><U36/><E25/><V53/><F127/><W67/><G67/><T90/><D90/><U113/><E113/><V44/><F130/><W14/><G12/><T103/><D103/><U92/><E99/><V5/><F44/><W84/><G84/><T7/><D106/><AGARI ba="1,0" hai="0,3,9,14,16,60,64,69,96,101,106" m="48234" machi="106" ten="30,2000,0" yaku="18,1,54,1" doraHai="1" who="3" fromWho="0" sc="194,-23,291,0,242,0,273,23" /><INIT seed="3,0,0,0,4,104" ten="171,291,242,296" oya="3" hai0="124,37,75,68,28,39,91,96,44,49,98,66,105" hai1="92,84,43,35,62,97,63,87,110,24,27,23,5" hai2="40,58,102,9,83,38,32,18,81,30,1,76,114" hai3="117,69,20,82,15,50,42,26,36,0,120,125,128"/><W52/><G120/><T100/><D124/><U129/><E110/><V17/><F114/><W47/><G117/><T59/><D68/><U4/><E129/><V79/><F58/><W7/><G128/><T56/><D28/><U2/><E35/><V21/><F102/><W95/><G125/><T106/><D75/><U88/><E43/><V103/><F103/><W57/><G69/><T123/><D123/><U29/><E27/><V8/><F32/><W61/><G0/><T89/><D100/><U90/><E97/><V101/><F101/><W70/><G95/><T116/><D66/><U133/><E133/><V13/><F30/><W109/><G109/><T10/><D49/><U31/><E31/><V71/><F71/><W54/><G70/><T53/><D53/><U73/><E73/><V33/><F33/><W85/><G36/><T121/><D121/><U119/><E119/><V72/><F1/><W130/><G130/><T16/><D10/><U11/><REACH who="1" step="1"/><E5/><REACH who="1" ten="171,281,242,296" step="2"/><V126/><F126/><W12/><G7/><T80/><D116/><U34/><E34/><V19/><F38/><W127/><G42/><T118/><D118/><U45/><E45/><V113/><F40/><W48/><G127/><T111/><D44/><U108/><E108/><V78/><F113/><W132/><G132/><T74/><D111/><U131/><E131/><V93/><F72/><W115/><G115/><T65/><D74/><U67/><E67/><V135/><F135/><W99/><G99/><T55/><D65/><U107/><E107/><V41/><F41/><W25/><G47/><T6/><D106/><RYUUKYOKU ba="0,1" sc="171,-10,281,30,242,-10,296,-10" hai1="2,4,11,23,24,29,62,63,84,87,88,90,92" /><INIT seed="4,1,1,4,5,84" ten="161,311,232,286" oya="0" hai0="65,18,8,31,44,26,9,123,133,113,110,102,105" hai1="4,34,11,81,59,97,74,135,71,52,96,108,107" hai2="27,72,93,131,99,2,35,6,13,88,78,5,12" hai3="32,85,128,64,80,58,21,25,112,87,90,103,116"/><T117/><D123/><U104/><E71/><V47/><F131/><W29/><G128/><T77/><D117/><U91/><E34/><V10/><F5/><W17/><G112/><T53/><D133/><U1/><E108/><V115/><F115/><W50/><G116/><T41/><D113/><U57/><E135/><V16/><F47/><W69/><G69/><T127/><D127/><U82/><E74/><V49/><F49/><W42/><G103/><T55/><D110/><U119/><E119/><V15/><F72/><W45/><G87/><T89/><D65/><U125/><E125/><V73/><F73/><W92/><G64/><T118/><D77/><U20/><E20/><N who="2" m="11271" /><F78/><W30/><G58/><T7/><D18/><U62/><E59/><V54/><F54/><W36/><G36/><T22/><D102/><U70/><E70/><V28/><AGARI ba="1,1" hai="2,6,10,13,15,27,28,35,88,93,99" m="11271" machi="28" ten="30,7900,0" yaku="24,1,52,1,54,2" doraHai="84" who="2" fromWho="2" sc="161,-40,311,-21,232,92,286,-21" /><INIT seed="5,0,0,3,0,102" ten="121,290,324,265" oya="1" hai0="71,94,37,97,49,92,33,104,16,60,9,7,26" hai1="120,3,103,129,119,59,54,30,125,19,109,68,8" hai2="101,4,106,82,0,121,43,22,88,117,128,39,23" hai3="85,41,58,72,5,42,126,77,61,80,86,98,21"/><U107/><E68/><V65/><F117/><W113/><G126/><T99/><D37/><U55/><E119/><V17/><F121/><W114/><G5/><T133/><D133/><U34/><E120/><V11/><F128/><W50/><G21/><T69/><D49/><U35/><E109/><V110/><F110/><W130/><G130/><T67/><D7/><U122/><E129/><V44/><F65/><W100/><G50/><T31/><D71/><U1/><E125/><V13/><F23/><W24/><G24/><T45/><D45/><U40/><E40/><V10/><F10/><W79/><G79/><T127/><D127/><U112/><E112/><N who="3" m="43114" /><G42/><T70/><D70/><U134/><E134/><V57/><F57/><W6/><G41/><T14/><REACH who="0" step="1"/><D99/><REACH who="0" ten="111,290,324,265" step="2"/><U76/><E122/><V32/><F44/><W47/><G47/><T115/><D115/><U62/><E3/><V84/><F39/><W27/><G6/><T63/><D63/><U53/><E1/><V12/><F43/><W116/><G116/><T87/><D87/><U108/><E108/><V18/><F4/><W95/><G27/><T96/><D96/><U78/><E62/><V75/><F0/><W56/><G56/><T20/><D20/><U123/><E123/><V73/><F32/><W105/><G61/><T51/><D51/><U74/><E35/><V90/><F22/><W89/><G58/><T124/><D124/><U135/><E59/><V28/><F11/><W64/><G64/><T93/><D93/><U81/><E34/><V83/><F84/><AGARI ba="0,1" hai="72,77,80,84,85,86,89,95,98,100,105" m="43114" machi="84" ten="30,8000,1" yaku="24,1,15,1,34,2,52,1" doraHai="102" who="3" fromWho="2" sc="111,0,290,0,324,-80,265,90" /><INIT seed="6,0,0,1,4,125" ten="111,290,244,355" oya="2" hai0="66,38,11,80,22,132,116,0,51,83,53,34,97" hai1="3,29,121,10,85,13,44,124,64,45,69,33,90" hai2="123,1,130,49,88,61,73,16,63,48,133,7,5" hai3="122,94,101,120,103,95,4,9,15,74,100,118,32"/><V6/><F73/><W31/><G118/><T76/><D34/><U113/><E124/><V107/><F107/><W8/><G74/><T27/><D132/><U25/><E3/><V98/><F123/><W62/><G62/><N who="2" m="23561" /><F1/><W14/><G31/><T106/><D116/><U26/><E69/><V65/><F133/><W126/><G32/><T47/><D38/><U42/><E64/><V21/><F65/><W89/><G89/><T108/><D66/><U52/><E121/><N who="3" m="46698" /><G4/><T119/><D108/><U110/><E110/><V56/><F130/><W60/><G60/><T129/><D76/><U50/><E113/><V24/><F56/><W77/><G77/><T2/><D119/><U71/><E71/><V43/><F43/><W109/><G109/><T128/><D2/><U28/><E44/><V55/><F55/><W92/><G126/><T134/><D134/><U46/><E46/><V12/><F24/><N who="1" m="9321" /><E42/><V20/><F20/><W79/><G79/><T40/><D40/><U114/><E33/><V57/><F57/><W58/><G58/><T82/><D11/><AGARI ba="0,0" hai="8,9,11,14,15,92,94,95,100,101,103" m="46698" machi="11" ten="40,2600,0" yaku="28,2" doraHai="125" who="3" fromWho="0" sc="111,-26,290,0,244,0,355,26" /><INIT seed="7,0,0,4,2,31" ten="85,290,244,381" oya="3" hai0="10,49,81,30,93,20,52,78,85,107,77,32,54" hai1="4,73,103,63,47,43,5,38,13,82,97,16,110" hai2="58,120,40,59,106,98,112,68,74,125,37,61,92" hai3="44,76,129,2,28,111,133,25,24,56,48,26,60"/><W113/><G2/><T89/><D32/><U96/><E110/><V116/><F74/><W50/><G111/><T135/><D135/><U84/><E73/><V45/><F116/><W29/><G133/><T0/><D107/><U128/><E128/><V87/><F120/><W3/><G3/><T72/><D0/><U17/><E17/><V71/><F112/><W35/><G76/><T11/><D72/><U39/><E39/><V118/><F118/><W131/><G113/><T122/><D122/><U104/><E63/><V88/><F125/><W15/><G15/><T91/><D54/><U27/><E27/><V51/><F59/><W69/><G69/><T95/><D30/><U86/><E96/><V90/><F106/><W41/><G50/><T1/><D1/><U64/><E64/><V9/><F9/><W83/><G83/><T75/><D75/><U22/><REACH who="1" step="1"/><E86/><REACH who="1" ten="85,280,244,381" step="2"/><V119/><F37/><W8/><G131/><T46/><D78/><AGARI ba="0,1" hai="4,5,13,16,22,38,43,47,78,82,84,97,103,104" machi="78" ten="30,7700,0" yaku="1,1,2,1,7,1,54,1,53,0" doraHai="31" doraHaiUra="109" who="1" fromWho="0" sc="85,-77,280,87,244,0,381,0" owari="8,-49.0,367,17.0,244,-16.0,381,48.0" /></mjloggm>