<mjloggm ver="2.3"><GO type="169" lobby="0"/><UN n0="%E3%83%88%E3%83%88%E3%83%AA%E5%85%88%E7%94%9F%31%39%E6%AD%B3" n1="%E3%83%A0%E3%83%A1%E3%82%A4" n2="%E7%AB%9C%E6%B2%B3%E6%86%A9" n3="%E5%A4%A7%E7%8E%89%E5%B0%86" dan="17,16,16,16" rate="2128.08,2061.44,2069.87,2160.91" sx="F,M,M,M"/><TAIKYOKU oya="0"/><INIT seed="0,0,0,0,1,68" ten="250,250,250,250" oya="0" hai0="13,22,7,33,11,47,15,49,112,64,93,108,39" hai1="24,80,83,104,90,95,67,34,110,0,73,28,36" hai2="71,105,56,48,130,129,20,76,103,98,16,94,32" hai3="132,126,78,121,21,87,117,62,75,40,120,109,106"/><T54/><D112/><U91/><E104/><V131/><F71/><W99/><G117/><T35/><D108/><U115/><E0/><V124/><F32/><W77/><G109/><T128/><D128/><U100/><E110/><V102/><F76/><W27/><G132/><T122/><D122/><N who="3" m="47209" /><G126/><T97/><D64/><U96/><E115/><V65/><F124/><W107/><G75/><T82/><D82/><U85/><E67/><V29/><F29/><W30/><G62/><T37/><D33/><U59/><E59/><V134/><F134/><W111/><G111/><T6/><D35/><U8/><E8/><V17/><F17/><W92/><G40/><T10/><D22/><U57/><E57/><V72/><F72/><W88/><G78/><T114/><D114/><U31/><E31/><V133/><F133/><W60/><G60/><T127/><D127/><U45/><E73/><V5/><F5/><W52/><G52/><T42/><D54/><U118/><E118/><V113/><F113/><W12/><G12/><T81/><D81/><AGARI ba="0,0" hai="21,27,30,77,81,87,88,92,99,106,107" m="47209" machi="81" ten="30,2000,0" yaku="13,1,54,1" doraHai="68" who="3" fromWho="0" sc="250,-20,250,0,250,0,250,20" /><INIT seed="1,0,0,5,0,100" ten="230,250,250,270" oya="1" hai0="95,85,115,109,94,113,83,82,69,13,116,42,92" hai1="22,32,47,44,64,18,10,111,8,4,55,112,73" hai2="65,5,29,7,107,28,135,77,108,52,103,93,0" hai3="91,27,131,130,74,54,51,71,53,41,50,40,78"/><U97/><E112/><N who="0" m="43081" /><D13/><U123/><E32/><V37/><F37/><W17/><G91/><N who="0" m="51647" /><D42/><N who="3" m="16489" /><G78/><T79/><D69/><U67/><E123/><V19/><F65/><N who="1" m="25161" /><E73/><V98/><F77/><W2/><G74/><N who="0" m="43383" /><D109/><U34/><E111/><V70/><F108/><W132/><G2/><T126/><D126/><U72/><E72/><V90/><F70/><W57/><G71/><T124/><D124/><U26/><E34/><V68/><F68/><W23/><G27/><T84/><D116/><U3/><E3/><V110/><F110/><W59/><G17/><T15/><D15/><N who="1" m="5511" /><E10/><V33/><F19/><W49/><G23/><T63/><D63/><U25/><E25/><V36/><F36/><W75/><G75/><T21/><D21/><U106/><E55/><N who="3" m="21002" /><G132/><T46/><D46/><U129/><E44/><V114/><F135/><W88/><G88/><AGARI ba="0,0" hai="84,88,92,94,95" m="43383,51647,43081" machi="88" ten="30,3900,0" yaku="34,2,54,1" doraHai="100" who="0" fromWho="3" sc="230,39,250,0,250,0,270,-39" /><INIT seed="2,0,0,2,0,27" ten="269,250,250,231" oya="2" hai0="37,35,82,66,53,91,45,109,2,13,73,118,115" hai1="88,116,0,1,96,104,103,134,49,23,61,41,126" hai2="128,58,130,59,95,65,92,106,117,60,6,42,44" hai3="84,72,133,48,98,77,99,132,12,114,25,107,29"/><V24/><F106/><W93/><G72/><T129/><D115/><U97/><E116/><V31/><F6/><W11/><G114/><T34/><D2/><U14/><E126/><V100/><F117/><W38/><G107/><T110/><D118/><U9/><E134/><N who="3" m="51818" /><G38/><T102/><D129/><N who="2" m="49770" /><F59/><W46/><G77/><N who="0" m="44335" /><D102/><U121/><E61/><V64/><F64/><W122/><G84/><T135/><D135/><U5/><E121/><V51/><F100/><W67/><G67/><T30/><D30/><U74/><E74/><V17/><F17/><N who="3" m="8351" /><G93/><T78/><D66/><U69/><E69/><V123/><F123/><W108/><G108/><N who="0" m="41579" /><D78/><U63/><E63/><V7/><F7/><W68/><G68/><T20/><D91/><U120/><E120/><V54/><F65/><W47/><G122/><T21/><D37/><U40/><E23/><AGARI ba="0,0" hai="23,24,31,42,44,51,54,58,60,92,95" m="49770" machi="23" ten="30,2900,0" yaku="19,1,52,1" doraHai="27" who="2" fromWho="1" sc="269,0,250,-29,250,29,231,0" /><INIT seed="2,1,0,2,2,19" ten="269,221,279,231" oya="2" hai0="127,7,1,113,21,44,28,30,89,11,117,49,67" hai1="90,53,47,14,31,32,55,58,33,56,40,103,46" hai2="16,118,135,128,124,50,80,52,78,77,60,0,82" hai3="132,6,84,39,13,110,97,114,70,92,34,42,83"/><V15/><F118/><W76/><G110/><T107/><D113/><U93/><E103/><V105/><F0/><W125/><G132/><T79/><D107/><U41/><E14/><V3/><F3/><W36/><G114/><T73/><D117/><U121/><E121/><V100/><F105/><W26/><G125/><T17/><D127/><U116/><E116/><V133/><F124/><W23/><G70/><T10/><D10/><U35/><E31/><V102/><F128/><W38/><G34/><T81/><D89/><U115/><E115/><V69/><F69/><W66/><G66/><T119/><D67/><U130/><E130/><V45/><F60/><W8/><G42/><N who="1" m="16490" /><E90/><V18/><F18/><W61/><G61/><T59/><D59/><N who="1" m="22571" /><E93/><V88/><F100/><W99/><REACH who="3" step="1"/><G92/><REACH who="3" ten="269,221,279,221" step="2"/><T25/><D119/><U96/><E96/><V112/><F112/><W134/><G134/><N who="2" m="51209" /><F102/><W68/><G68/><T43/><AGARI ba="1,1" hai="1,7,11,17,21,25,28,30,43,44,49,73,79,81" machi="43" ten="20,2700,0" yaku="0,1,7,1,52,1" doraHai="19" who="0" fromWho="0" sc="269,40,221,-8,279,-14,221,-8" /><INIT seed="3,0,0,1,4,127" ten="309,213,265,213" oya="3" hai0="45,38,82,76,32,25,90,28,105,108,110,31,125" hai1="100,54,34,41,98,0,24,68,60,22,3,115,65" hai2="47,79,106,75,43,113,116,61,84,81,109,11,15" hai3="112,93,119,118,16,59,18,71,78,7,77,80,36"/><W26/><G112/><T69/><D125/><U30/><E115/><V102/><F116/><W86/><G71/><T72/><D69/><U83/><E41/><V55/><F113/><W8/><G36/><T40/><D90/><U74/><E54/><V6/><F109/><N who="0" m="42090" /><D31/><U134/><E134/><V87/><F106/><AGARI ba="0,0" hai="25,28,32,38,40,45,72,76,82,105,106" m="42090" machi="106" ten="30,2000,0" yaku="14,1,23,1" doraHai="127" who="0" fromWho="2" sc="309,20,213,0,265,-20,213,0" /><INIT seed="4,0,0,1,2,90" ten="329,213,245,213" oya="0" hai0="21,73,36,43,110,48,22,32,41,131,62,101,118" hai1="88,6,111,129,76,42,97,40,92,55,16,5,130" hai2="123,115,106,10,95,34,74,11,125,98,99,53,113" hai3="51,100,83,121,104,63,24,114,30,85,122,26,2"/><T124/><D118/><U50/><E111/><V61/><F123/><N who="3" m="47115" /><G114/><N who="2" m="43529" /><F74/><W49/><G2/><T103/><D73/><U84/><E129/><V1/><F34/><N who="3" m="20807" /><G26/><T59/><D32/><U29/><E130/><V25/><F25/><W47/><G63/><T87/><D36/><U135/><E29/><V14/><F1/><W8/><G8/><T112/><D124/><U64/><E64/><V19/><F125/><W93/><G104/><T12/><D110/><U134/><E134/><V128/><F128/><W102/><G93/><T81/><D131/><U82/><E135/><V109/><F109/><W60/><G60/><T52/><D112/><U9/><E5/><V105/><F10/><W39/><G39/><T28/><D62/><U72/><E72/><V33/><F33/><W120/><N who="3" m="47123" /><W0/><DORA hai="65" /><G0/><T15/><D28/><U91/><E76/><V96/><F95/><W17/><G17/><N who="0" m="10407" /><D15/><N who="1" m="7279" /><E6/><V69/><F105/><W13/><G13/><T80/><D22/><U7/><E7/><V66/><F106/><W133/><G133/><T38/><D38/><U18/><E18/><V3/><F3/><W56/><G56/><AGARI ba="0,0" hai="40,42,50,55,56,82,84,88,91,92,97" m="7279" machi="56" ten="30,7700,0" yaku="8,1,52,1,54,2" doraHai="90,65" who="1" fromWho="3" sc="329,0,213,77,245,0,213,-77" /><INIT seed="5,0,0,3,1,83" ten="329,290,245,136" oya="1" hai0="82,79,56,118,3,124,48,18,1,122,46,15,120" hai1="91,128,84,78,111,135,130,52,10,127,102,88,126" hai2="22,59,36,31,16,133,4,49,21,73,131,100,77" hai3="112,68,74,76,114,11,44,87,61,34,43,58,121"/><U90/><E111/><V115/><F36/><W62/><G121/><N who="0" m="46699" /><D56/><U32/><E32/><V117/><F117/><W54/><G74/><N who="0" m="43383" /><D124/><N who="1" m="47659" /><E10/><V40/><F4/><W80/><G34/><T71/><D71/><U28/><E28/><V129/><F100/><W55/><G11/><N who="0" m="6527" /><D118/><U98/><E135/><V96/><F133/><W72/><G72/><T47/><D47/><U107/><E52/><AGARI ba="0,0" hai="1,3,46,48,52" m="6527,43383,46699" machi="52" ten="30,2000,0" yaku="13,1,54,1" doraHai="83" who="0" fromWho="1" sc="329,20,290,-20,245,0,136,0" /><INIT seed="6,0,0,3,4,44" ten="349,270,245,136" oya="2" hai0="92,46,25,40,12,81,45,5,132,91,131,82,28" hai1="22,7,86,123,43,130,63,67,77,129,74,47,16" hai2="55,53,41,134,110,19,88,61,64,1,58,96,21" hai3="54,108,100,13,73,52,56,9,76,87,94,36,72"/><V2/><F134/><W14/><G108/><T39/><D132/><U31/><E74/><V85/><F110/><W6/><G36/><T49/><D131/><N who="1" m="50187" /><E7/><V116/><F116/><W78/><G73/><T104/><D104/><U32/><E123/><V69/><F41/><W124/><G72/><T80/><D12/><N who="1" m="9479" /><E31/><V98/><F98/><W34/><G124/><T95/><D5/><U15/><E15/><V60/><F55/><W90/><G34/><T71/><D71/><U35/><E86/><V3/><F96/><W62/><G100/><T115/><D115/><U105/><E77/><V24/><REACH who="2" step="1"/><F2/><REACH who="2" ten="349,270,235,136" step="2"/><W84/><G54/><T26/><D40/><U102/><E105/><V107/><F107/><W126/><G126/><T89/><D39/><U10/><E43/><V70/><F70/><W20/><REACH who="3" step="1"/><G84/><REACH who="3" ten="349,270,235,126" step="2"/><T23/><D91/><U65/><E102/><V38/><F38/><W79/><G79/><T0/><D89/><U33/><E33/><V127/><F127/><W93/><G93/><AGARI ba="0,2" hai="1,3,19,21,24,53,58,60,61,64,69,85,88,93" machi="93" ten="30,11600,0" yaku="1,1,7,1,54,1,53,1" doraHai="44" doraHaiUra="48" who="2" fromWho="3" sc="349,0,270,0,235,136,126,-116" /><INIT seed="6,1,0,5,0,34" ten="349,270,371,10" oya="2" hai0="74,129,25,41,30,127,27,122,4,11,107,57,112" hai1="134,14,71,49,45,42,18,62,126,53,95,88,36" hai2="70,85,89,9,51,29,38,123,33,101,124,75,121" hai3="83,94,135,103,98,104,111,31,64,116,56,79,130"/><V96/><F38/><W105/><G116/><T19/><D122/><U92/><E126/><V48/><F70/><W8/><G111/><T132/><D107/><U24/><E134/><V63/><F124/><W102/><G135/><T118/><D74/><U21/><E88/><V86/><F75/><W97/><G130/><T3/><D132/><U65/><REACH who="1" step="1"/><E24/><REACH who="1" ten="349,260,371,10" step="2"/><N who="2" m="18599" /><BYE who="0" /><F121/><W90/><G31/><T26/><D26/><U93/><E93/><V131/><F123/><W61/><G8/><T114/><D114/><U16/><E16/><V15/><F131/><W28/><G28/><T81/><D81/><U5/><E5/><V13/><F9/><W106/><REACH who="3" step="1"/><G90/><REACH who="3" ten="349,260,371,0" step="2"/><UN n0="%E3%83%88%E3%83%88%E3%83%AA%E5%85%88%E7%94%9F%31%39%E6%AD%B3" /><T91/><D91/><U99/><E99/><V82/><F96/><W40/><G40/><T6/><D127/><U67/><E67/><V2/><F89/><W17/><G17/><T32/><D129/><U109/><E109/><V133/><F133/><W80/><G80/><T113/><D41/><U87/><E87/><AGARI ba="1,2" hai="56,61,64,79,83,87,94,97,98,102,103,104,105,106" machi="87" ten="30,2000,0" yaku="1,1,7,1,53,0" doraHai="34" doraHaiUra="43" who="3" fromWho="1" sc="349,0,260,-23,371,0,0,43" /><INIT seed="7,0,0,1,5,94" ten="349,237,371,43" oya="3" hai0="58,86,133,4,39,89,56,88,79,108,21,34,12" hai1="8,28,36,15,74,92,110,104,43,127,130,126,25" hai2="132,52,51,14,57,120,98,73,7,70,10,67,78" hai3="3,122,109,83,30,66,129,27,64,44,81,123,125"/><W72/><G125/><N who="1" m="47626" /><E104/><V22/><F120/><W121/><G129/><T77/><D108/><U65/><E110/><V59/><F132/><W60/><G109/><T114/><D34/><N who="1" m="20751" /><E74/><V115/><F115/><W82/><G72/><T53/><D39/><U107/><E107/><V117/><F117/><W96/><G3/><T9/><D133/><U48/><E36/><V47/><F73/><W128/><G128/><T113/><D21/><U23/><E65/><V75/><F70/><W87/><G87/><T93/><D58/><U124/><E124/><V68/><F68/><W26/><G44/><T46/><D46/><N who="1" m="25695" /><E130/><V31/><F75/><W42/><G42/><T24/><D24/><N who="3" m="9257" /><G60/><T63/><REACH who="0" step="1"/><D89/><REACH who="0" ten="339,237,371,43" step="2"/><U101/><E23/><V40/><F22/><W49/><G30/><T62/><D62/><U33/><E33/><V0/><F31/><W1/><G49/><T99/><D99/><U29/><E92/><V71/><F98/><W85/><G96/><T5/><D5/><U112/><E101/><V111/><F111/><W105/><G105/><T103/><D103/><U35/><E112/><AGARI ba="0,1" hai="4,9,12,53,56,63,77,79,86,88,93,112,113,114" machi="112" ten="40,8000,1" yaku="1,1,15,1,11,1,54,1,53,0" doraHai="94" doraHaiUra="69" who="0" fromWho="1" sc="339,90,237,-80,371,0,43,0" owari="429,53.0,157,-24.0,371,17.0,43,-46.0" /></mjloggm>