<mjloggm ver="2.3"><GO type="97" lobby="0"/><UN n0="%E5%B0%B1%E6%B4%BB%E7%94%9F%40%E5%B7%9D%E6%9D%91%E8%BB%8D%E5%9B%A3" n1="%73%61%69%67%68" n2="%41%6C%70%61%63%61" n3="%68%79%70%73%69%6E" dan="16,13,15,15" rate="2051.83,1986.54,2054.76,1959.20" sx="M,M,F,M"/><TAIKYOKU oya="0"/><INIT seed="0,0,0,4,4,94" ten="250,250,250,250" oya="0" hai0="131,27,32,91,31,126,47,63,95,68,82,53,84" hai1="135,51,5,97,111,23,41,14,124,112,107,16,88" hai2="125,113,100,33,64,35,22,7,119,55,1,29,13" hai3="122,133,2,67,34,71,78,105,98,48,102,65,21"/><T76/><D126/><U12/><E124/><V92/><F1/><W6/><G48/><T134/><D131/><U19/><E5/><V104/><F104/><N who="3" m="63575" /><G21/><T99/><D134/><U57/><E135/><V8/><F125/><W116/><G67/><T79/><D68/><U36/><E112/><V20/><F64/><W38/><G133/><T72/><D47/><U54/><E111/><V28/><F100/><W108/><G78/><T69/><D69/><U89/><E36/><V85/><F92/><W44/><G116/><T11/><D11/><U39/><E39/><V73/><F85/><W96/><G108/><T30/><D30/><U49/><E107/><V118/><F55/><W10/><G122/><T17/><D17/><U45/><REACH who="1" step="1"/><E97/><REACH who="1" ten="250,240,250,250" step="2"/><V26/><F113/><W106/><G96/><T83/><D63/><U103/><E103/><V18/><F73/><W50/><G38/><T66/><D66/><U93/><E93/><V4/><F7/><W129/><G105/><T117/><REACH who="0" step="1"/><D53/><REACH who="0" ten="240,240,250,250" step="2"/><U42/><E42/><V40/><F40/><W110/><G65/><T81/><D81/><U9/><AGARI ba="0,2" hai="9,12,14,16,19,23,41,45,49,51,54,57,88,89" machi="9" ten="20,12000,2" yaku="1,1,0,1,7,1,8,1,54,2,53,0" doraHai="94" doraHaiUra="109" who="1" fromWho="1" sc="240,-60,240,140,250,-30,250,-30" /><INIT seed="1,0,0,4,1,28" ten="180,380,220,220" oya="1" hai0="41,35,79,72,103,88,127,19,46,13,94,15,25" hai1="45,78,6,77,108,76,123,3,80,135,66,2,18" hai2="30,9,68,115,110,133,26,95,1,98,112,129,87" hai3="89,121,116,32,134,53,34,67,8,4,71,47,22"/><U106/><E123/><V62/><F110/><W81/><G121/><T84/><D127/><U5/><E108/><V49/><F129/><W0/><G134/><T42/><D103/><U122/><E122/><V39/><F133/><W102/><G116/><T56/><D56/><U23/><E106/><V20/><F39/><W33/><G102/><T130/><D130/><U24/><E80/><V59/><F68/><W27/><G71/><T91/><D91/><U113/><E113/><V38/><F38/><W119/><G119/><T10/><D15/><U16/><E66/><V120/><F120/><W75/><G67/><T92/><D92/><U99/><E99/><V48/><F87/><W55/><G47/><T97/><D72/><U111/><E111/><V93/><F93/><W101/><G101/><T82/><REACH who="0" step="1"/><D46/><REACH who="0" ten="170,380,220,220" step="2"/><U132/><E45/><V37/><F95/><W51/><G89/><T65/><D65/><U29/><E132/><V31/><F98/><W86/><G75/><T85/><D85/><U7/><E135/><V83/><F59/><W117/><G117/><T107/><D107/><U58/><E58/><V100/><F100/><W70/><G70/><T96/><D96/><U40/><E3/><V126/><F126/><W12/><G86/><T61/><D61/><U54/><E2/><V64/><F64/><W105/><G81/><T50/><D50/><U43/><E77/><V63/><F49/><W36/><G105/><T104/><D104/><U60/><E76/><V44/><F62/><W14/><G51/><T52/><D52/><N who="3" m="20041" /><G36/><T124/><D124/><U114/><E78/><RYUUKYOKU ba="0,1" sc="170,15,380,-15,220,-15,220,15" hai0="10,13,19,25,35,41,42,79,82,84,88,94,97" hai3="0,4,8,12,14,22,27,32,33,34" /><INIT seed="2,1,1,5,5,0" ten="185,365,205,235" oya="2" hai0="17,80,10,122,108,56,106,20,101,76,86,38,118" hai1="43,32,40,87,134,117,8,102,3,5,22,59,74" hai2="135,107,82,49,62,52,78,133,30,111,42,63,25" hai3="127,23,126,69,130,2,99,6,27,19,110,12,123"/><V132/><F107/><W77/><G69/><T36/><D122/><U45/><E74/><V47/><F111/><W121/><G77/><T35/><D35/><U115/><E32/><V89/><F42/><W66/><G66/><T16/><D108/><U68/><E117/><V21/><REACH who="2" step="1"/><F89/><REACH who="2" ten="185,365,195,235" step="2"/><W84/><G110/><T46/><D118/><U64/><E115/><V65/><F65/><W51/><G123/><T129/><D106/><U11/><E43/><V92/><F92/><W97/><G121/><T90/><D101/><U93/><E102/><V75/><AGARI ba="1,2" hai="21,25,30,47,49,52,62,63,75,78,82,132,133,135" machi="75" ten="30,11700,0" yaku="1,1,0,1,20,1,54,1,53,0" doraHai="0" doraHaiUra="67" who="2" fromWho="2" sc="185,-40,365,-40,195,140,235,-40" /><INIT seed="2,2,0,1,1,5" ten="145,325,335,195" oya="2" hai0="8,123,64,51,53,120,72,114,121,70,83,124,126" hai1="63,3,29,127,2,43,71,37,11,104,93,28,15" hai2="96,103,1,18,87,39,74,10,45,27,86,132,61" hai3="92,13,33,76,57,23,85,12,4,55,19,25,41"/><V134/><F74/><W117/><G117/><T42/><D72/><U26/><E104/><V58/><F27/><W119/><G119/><T101/><D101/><U14/><E127/><N who="0" m="48681" /><D83/><U91/><E3/><V6/><F18/><W24/><G41/><T113/><D8/><U68/><E2/><V108/><F45/><W115/><G115/><N who="0" m="44043" /><D42/><U129/><E91/><V56/><F39/><W111/><G111/><T95/><D95/><U89/><E37/><V31/><F108/><W90/><G76/><T79/><D79/><U106/><E43/><V100/><F31/><W22/><G33/><T34/><D34/><U20/><E106/><V75/><F75/><W46/><G46/><N who="0" m="27895" /><D64/><U73/><E73/><V77/><F100/><W135/><G135/><T122/><D122/><U102/><E102/><V36/><F36/><W65/><G65/><T32/><D32/><U47/><E29/><V7/><F77/><W128/><G128/><T9/><D9/><U109/><E129/><V17/><F103/><W82/><G82/><T107/><D107/><U30/><E109/><V112/><F112/><W97/><G97/><T69/><AGARI ba="2,0" hai="69,70,120,121,123" m="27895,44043,48681" machi="69" ten="40,5200,0" yaku="18,1,34,2" doraHai="5" who="0" fromWho="0" sc="145,58,325,-15,335,-28,195,-15" /><INIT seed="3,0,0,4,3,18" ten="203,310,307,180" oya="3" hai0="115,27,99,49,45,47,80,130,30,121,0,46,128" hai1="113,79,92,105,85,33,110,129,66,123,89,34,9" hai2="127,24,72,23,67,133,106,21,134,70,108,96,125" hai3="32,6,73,10,28,104,109,88,132,135,7,58,40"/><W100/><G73/><T95/><D121/><U19/><E123/><V82/><F70/><W14/><G40/><T8/><D115/><U112/><E113/><V60/><F108/><W122/><G122/><T42/><D80/><U118/><E112/><V61/><F24/><N who="3" m="18439" /><G104/><T59/><D8/><U65/><E110/><V1/><F1/><N who="3" m="335" /><G100/><N who="0" m="60543" /><D59/><U5/><E129/><N who="0" m="49769" /><D0/><U102/><E105/><V20/><F67/><W63/><G58/><T36/><D36/><U62/><E79/><N who="2" m="44391" /><F61/><W3/><G63/><T124/><D124/><N who="2" m="47690" /><F60/><W83/><G109/><T25/><D25/><U116/><E62/><V44/><F44/><W13/><G83/><T74/><D74/><U81/><E66/><V51/><F51/><W103/><G103/><AGARI ba="0,0" hai="20,21,23,96,103,106,133,134" m="47690,44391" machi="103" ten="40,8000,1" yaku="18,1,52,3" doraHai="18" who="2" fromWho="3" sc="203,0,310,0,307,80,180,-80" owari="203,-20.0,310,11.0,387,49.0,100,-40.0" /></mjloggm>