<mjloggm ver="2.3"><GO type="169" lobby="0"/><UN n0="%E3%81%84%E3%81%84%E7%AC%91%E9%A1%94" n1="%E4%BC%8F%E8%99%8E" n2="%E3%82%A6%E3%83%AB%E3%83%88%E3%83%A9%E7%AB%8B%E7%9B%B4" n3="%74%75%74%69%79%61" dan="17,17,17,16" rate="2139.81,2161.41,2160.80,2101.06" sx="F,M,M,M"/><TAIKYOKU oya="0"/><INIT seed="0,0,0,5,1,49" ten="250,250,250,250" oya="0" hai0="29,40,118,65,32,0,46,87,127,123,14,58,74" hai1="56,26,55,2,38,61,51,125,45,33,13,103,108" hai2="47,80,83,4,36,1,31,101,18,54,28,95,131" hai3="21,96,79,59,34,111,105,20,128,9,17,98,132"/><T130/><D118/><U70/><E2/><V133/><F131/><W72/><G34/><T97/><D123/><U3/><E3/><V94/><F133/><W121/><G128/><T60/><D130/><U69/><E103/><V10/><F18/><W50/><G132/><T90/><D0/><U85/><E125/><V113/><F113/><W27/><G9/><T129/><D129/><U7/><E108/><V57/><F31/><W84/><G111/><T92/><D127/><U112/><E112/><V39/><F28/><N who="3" m="17511" /><G72/><T104/><D74/><U77/><E33/><V109/><F109/><W11/><G11/><T117/><D117/><U68/><E26/><V122/><F122/><W25/><G105/><T107/><D14/><U89/><E77/><V37/><F47/><W66/><G121/><T24/><REACH who="0" step="1"/><D87/><REACH who="0" ten="240,250,250,250" step="2"/><U134/><E134/><V76/><F1/><W106/><G84/><T6/><D6/><U62/><E13/><V63/><F4/><W67/><G98/><T78/><D78/><U102/><E7/><V93/><F76/><W110/><G79/><T23/><D23/><U124/><E124/><V64/><F10/><W15/><G110/><T30/><D30/><U86/><E86/><V115/><F115/><W8/><G21/><T75/><D75/><U52/><E85/><V42/><F80/><W48/><G15/><T88/><D88/><U126/><E89/><V100/><F83/><W53/><G96/><T119/><D119/><U135/><E126/><V12/><F12/><W81/><G8/><T19/><D19/><U73/><E135/><V44/><F100/><RYUUKYOKU ba="0,1" sc="240,30,250,-10,250,-10,250,-10" hai0="24,29,32,40,46,58,60,65,90,92,97,104,107" /><INIT seed="0,1,1,5,2,22" ten="270,240,240,240" oya="0" hai0="40,19,108,73,44,86,55,33,12,65,31,18,99" hai1="123,130,50,107,109,4,124,125,28,106,97,58,112" hai2="91,64,34,23,79,67,8,83,3,95,2,68,72" hai3="47,127,93,61,7,71,27,120,113,78,43,126,89"/><T1/><D73/><U96/><E4/><V121/><F34/><W24/><G113/><T54/><D1/><U133/><E50/><V59/><F121/><W103/><G103/><T105/><D18/><U102/><E58/><V21/><F68/><W116/><G78/><T81/><D65/><U35/><E123/><V13/><F3/><W118/><G7/><T45/><D99/><U17/><E17/><V39/><F39/><N who="3" m="22015" /><G120/><T101/><D101/><N who="1" m="62759" /><E112/><V88/><F2/><W11/><G11/><T38/><D105/><U52/><E52/><V122/><F122/><W104/><G104/><T15/><D45/><U46/><E46/><V56/><F23/><W129/><G129/><T135/><D15/><U0/><E0/><V16/><F8/><W132/><G132/><T80/><D135/><U41/><E41/><V20/><F21/><W29/><G29/><T30/><D30/><U76/><E133/><V14/><F13/><W25/><G61/><T119/><D31/><U110/><E130/><V128/><F128/><W57/><G71/><T87/><D33/><U60/><E60/><V82/><F67/><W74/><G57/><T37/><D12/><U63/><E63/><V53/><F64/><W94/><G74/><T10/><D10/><U69/><E69/><V70/><F70/><W9/><G9/><T117/><D19/><U49/><E49/><V98/><F53/><W42/><G42/><T131/><D55/><U92/><E107/><V90/><F59/><W36/><G36/><T85/><D131/><U114/><E114/><V5/><F56/><W6/><G6/><RYUUKYOKU ba="1,1" sc="270,0,240,0,240,0,240,0" /><INIT seed="1,2,1,3,1,40" ten="270,240,240,240" oya="1" hai0="93,111,31,43,125,103,58,135,46,5,41,38,106" hai1="68,88,67,65,109,129,120,118,113,78,95,77,102" hai2="16,7,91,72,4,98,55,85,50,114,87,99,30" hai3="21,42,76,2,116,92,29,130,84,70,108,126,81"/><U63/><E113/><V44/><F72/><W124/><G70/><T0/><D93/><U28/><E118/><V3/><F3/><W47/><G2/><T94/><D94/><U82/><E120/><V54/><F114/><W90/><G116/><T56/><D31/><U52/><E129/><V121/><F121/><W13/><G130/><T79/><D79/><U8/><E102/><V27/><F30/><W35/><G35/><T69/><D5/><N who="2" m="2122" /><F55/><W26/><G13/><T24/><D24/><U110/><E8/><V83/><F87/><W119/><G108/><N who="1" m="41578" /><E28/><V132/><F132/><W74/><REACH who="3" step="1"/><G119/><REACH who="3" ten="270,240,240,230" step="2"/><T53/><D69/><U104/><E68/><V15/><F27/><W12/><G12/><T122/><D0/><U23/><E23/><AGARI ba="2,2" hai="15,16,23,44,50,54,83,85,91,98,99" m="2122" machi="23" ten="30,3900,0" yaku="8,1,52,1,54,1" doraHai="40" who="2" fromWho="1" sc="270,0,240,-45,240,65,230,0" /><INIT seed="2,0,0,3,2,21" ten="270,195,305,230" oya="2" hai0="120,114,23,53,43,70,133,121,22,59,18,93,81" hai1="55,116,82,40,73,113,69,5,104,64,15,2,60" hai2="57,33,84,1,97,128,90,67,8,71,27,12,91" hai3="92,30,99,107,51,46,29,74,129,100,16,56,17"/><V124/><F124/><W126/><G107/><T10/><D114/><U94/><E104/><V134/><F128/><W36/><G74/><T103/><D70/><U127/><E113/><V24/><F134/><W49/><G36/><T13/><D133/><U14/><E116/><V4/><F71/><W95/><G126/><T58/><D43/><U108/><E127/><V11/><F33/><W0/><G0/><T125/><D125/><U96/><E40/><V66/><F1/><W135/><G135/><T52/><D121/><U85/><E73/><V89/><F11/><W122/><G122/><T119/><D119/><U101/><E108/><V105/><F105/><W132/><G132/><T118/><D118/><U115/><E115/><V26/><F97/><N who="3" m="59431" /><G56/><T79/><D120/><U86/><E86/><V7/><F7/><W98/><G98/><N who="0" m="59855" /><D81/><U41/><E41/><V77/><F57/><N who="0" m="21514" /><D79/><U31/><E55/><AGARI ba="0,0" hai="10,13,18,22,23,52,53,55" m="21514,59855" machi="55" ten="30,2000,0" yaku="8,1,54,1" doraHai="21" who="0" fromWho="1" sc="270,20,195,-20,305,0,230,0" /><INIT seed="3,0,0,1,2,134" ten="290,175,305,230" oya="3" hai0="107,110,58,1,11,42,127,80,54,38,86,10,45" hai1="88,56,116,47,20,3,91,103,43,18,44,76,48" hai2="69,57,81,84,85,113,0,24,117,32,114,74,60" hai3="122,30,63,132,82,109,111,23,46,115,14,51,59"/><W99/><G132/><T120/><D110/><N who="3" m="41993" /><G115/><T36/><D107/><U52/><E3/><V83/><F117/><W68/><G122/><T123/><D36/><U108/><E108/><V128/><F69/><W112/><G112/><T64/><D64/><U95/><E116/><V118/><F118/><W70/><G82/><T75/><D75/><U35/><E35/><V5/><F74/><W29/><G99/><T21/><D21/><U100/><E76/><V105/><F128/><W49/><G14/><T37/><D37/><U50/><E47/><V131/><F131/><W55/><G51/><T67/><D67/><U90/><REACH who="1" step="1"/><E95/><REACH who="1" ten="290,165,305,230" step="2"/><V61/><F0/><W66/><G23/><T65/><D1/><U6/><E6/><V72/><F5/><W129/><G129/><T13/><D123/><U92/><E92/><V78/><F114/><W87/><G87/><T12/><D86/><U73/><E73/><V4/><F85/><W89/><G89/><T130/><D120/><U93/><E93/><V135/><F84/><W31/><AGARI ba="0,1" hai="29,30,31,46,49,55,59,63,66,68,70" m="41993" machi="31" ten="30,3000,0" yaku="14,1,10,1" doraHai="134" who="3" fromWho="3" sc="290,-10,165,-10,305,-10,230,40" /><INIT seed="3,1,0,1,1,113" ten="280,155,295,270" oya="3" hai0="30,21,74,47,85,105,116,115,29,87,118,18,93" hai1="10,79,76,109,31,71,22,97,114,62,72,48,15" hai2="14,55,111,5,23,33,128,99,119,24,110,106,64" hai3="70,38,123,66,36,41,32,83,46,11,39,50,35"/><W25/><G123/><T129/><D74/><U96/><E114/><V57/><F64/><W37/><N who="3" m="9728" /><DORA hai="103" /><W51/><G70/><T121/><D115/><U100/><E109/><N who="2" m="41483" /><F128/><W92/><G66/><T88/><D121/><U60/><E48/><N who="2" m="30951" /><F119/><W108/><G108/><T20/><D129/><U63/><E71/><V94/><F33/><W44/><G25/><T126/><D47/><U1/><E1/><V134/><F134/><W28/><G28/><T6/><D6/><U89/><E72/><V117/><F117/><W58/><G58/><T82/><D126/><U107/><E31/><V80/><F80/><W59/><G59/><T34/><D34/><U13/><E22/><V127/><F127/><W75/><G11/><T8/><D8/><U16/><REACH who="1" step="1"/><E15/><REACH who="1" ten="280,145,295,270" step="2"/><V101/><F14/><W19/><G32/><T12/><D29/><U17/><E17/><N who="2" m="12399" /><F5/><W42/><G35/><T68/><D68/><U3/><E3/><V61/><F61/><W69/><G69/><T26/><REACH who="0" step="1"/><D105/><AGARI ba="1,1" hai="94,99,101,105,106" m="12399,30951,41483" machi="105" ten="30,3900,0" yaku="14,1,52,2" doraHai="113,103" who="2" fromWho="0" sc="280,-42,145,0,295,52,270,0" /><INIT seed="4,0,0,3,1,112" ten="238,145,347,270" oya="0" hai0="30,133,111,36,63,96,76,41,82,59,88,16,107" hai1="51,126,108,11,75,98,78,80,14,131,32,61,113" hai2="119,39,45,22,123,15,73,71,7,120,42,72,101" hai3="69,128,50,28,124,83,44,31,92,56,54,3,106"/><T104/><D30/><U57/><E32/><V100/><F71/><W40/><G106/><T8/><D133/><U10/><E108/><V25/><F100/><W87/><G3/><T64/><D111/><U90/><E126/><V12/><F101/><W37/><G124/><T2/><D41/><U122/><E122/><V102/><F102/><W93/><G128/><T89/><D36/><U60/><E131/><V29/><F15/><W103/><G69/><T135/><D135/><U47/><E113/><V21/><F119/><W129/><G129/><T77/><D77/><U6/><E57/><V4/><F4/><W20/><G92/><T109/><D109/><U105/><E105/><V110/><F110/><W66/><G66/><T81/><D89/><U97/><E11/><V67/><F67/><W95/><G95/><T70/><D70/><U55/><REACH who="1" step="1"/><E90/><REACH who="1" ten="238,135,347,270" step="2"/><V74/><F123/><W121/><G121/><T127/><D127/><U13/><E13/><V1/><F12/><W85/><G56/><T116/><D8/><U79/><E79/><V0/><F120/><W33/><G33/><T19/><D76/><U38/><E38/><V134/><F134/><W49/><G37/><T17/><D59/><U68/><E68/><V5/><F1/><W125/><G125/><T84/><D2/><U65/><E65/><V62/><F0/><W53/><G44/><T86/><D64/><U23/><E23/><V24/><F21/><W52/><G20/><T35/><D35/><U46/><E46/><V27/><F22/><W99/><G103/><N who="0" m="62567" /><D107/><U91/><E91/><V117/><F39/><RYUUKYOKU ba="0,1" sc="238,-10,135,30,347,-10,270,-10" hai1="6,10,14,47,51,55,60,61,75,78,80,97,98" /><INIT seed="5,1,1,3,1,106" ten="228,165,337,260" oya="1" hai0="73,132,8,82,78,43,11,3,94,115,67,107,12" hai1="95,38,83,116,9,61,33,30,17,99,93,76,81" hai2="5,19,32,101,46,54,21,85,60,39,45,89,108" hai3="27,72,69,130,10,97,29,42,134,44,135,65,24"/><U92/><E116/><V41/><F32/><W62/><G130/><T36/><D107/><U23/><E38/><V118/><F108/><W91/><G10/><T25/><D67/><U133/><E133/><N who="3" m="50698" /><G72/><T0/><D132/><U104/><E9/><V66/><F118/><W79/><G79/><T120/><D115/><U6/><E6/><V114/><F101/><W40/><G27/><T18/><D120/><U124/><E124/><V80/><F5/><W102/><G91/><T64/><D64/><U31/><E33/><V122/><F122/><W22/><G44/><T74/><D94/><AGARI ba="1,1" hai="22,24,29,40,42,62,65,69,94,97,102" m="50698" machi="94" ten="30,1000,0" yaku="20,1" doraHai="106" who="3" fromWho="0" sc="228,-13,165,0,337,0,260,23" /><INIT seed="6,0,0,2,1,38" ten="215,165,337,283" oya="2" hai0="71,107,14,83,7,31,13,59,120,82,98,52,132" hai1="80,85,46,121,12,20,126,92,106,87,117,63,17" hai2="50,33,8,51,122,72,25,45,104,4,115,101,62" hai3="100,30,105,76,9,135,34,10,119,75,22,93,113"/><V94/><F122/><W32/><G105/><T67/><D120/><U102/><E121/><V114/><F72/><W64/><G76/><T77/><D132/><U21/><E117/><V73/><F73/><W44/><G93/><T28/><D67/><U57/><E126/><V42/><F62/><W49/><G100/><T129/><D71/><U1/><E1/><V86/><F104/><W109/><G64/><T84/><D129/><U11/><E106/><V91/><F101/><W108/><G49/><T96/><D107/><U128/><E128/><V70/><F70/><W19/><G44/><T88/><D98/><U41/><E102/><V110/><F110/><W79/><G79/><T89/><D96/><U15/><E92/><V0/><F51/><W134/><G75/><T131/><D131/><U55/><E15/><N who="0" m="5641" /><D7/><U78/><REACH who="1" step="1"/><E87/><REACH who="1" ten="215,155,337,283" step="2"/><V103/><F103/><W47/><G119/><T56/><D84/><U111/><E111/><V125/><F125/><W29/><G109/><T53/><D83/><U5/><E5/><V61/><F4/><W35/><G108/><T124/><D82/><U66/><E66/><V27/><F0/><W60/><G135/><T133/><D124/><U65/><E65/><V68/><F68/><W48/><G134/><T54/><D133/><U112/><E112/><V123/><F115/><W3/><G113/><T90/><D77/><U118/><E118/><V23/><F114/><W40/><G3/><T2/><D2/><U127/><E127/><V6/><F123/><W16/><G10/><T43/><D90/><U130/><E130/><V18/><F91/><RYUUKYOKU ba="0,1" sc="215,-10,155,30,337,-10,283,-10" hai1="11,12,17,20,21,41,46,55,57,63,78,80,85" /><INIT seed="7,1,1,2,5,126" ten="205,185,327,273" oya="3" hai0="63,109,12,96,33,17,39,14,120,48,77,107,5" hai1="30,16,122,0,119,35,46,103,66,18,61,49,19" hai2="67,21,90,15,124,98,75,111,117,88,60,76,34" hai3="59,97,36,29,54,81,62,25,105,112,51,114,132"/><W58/><G36/><T10/><D109/><U7/><E122/><V106/><F34/><W95/><G105/><T24/><D39/><U129/><E103/><V130/><F117/><W6/><G81/><T127/><D120/><U102/><E102/><V116/><F116/><W74/><G6/><T101/><D127/><U73/><E73/><V38/><F38/><W31/><G74/><T40/><D77/><U93/><E119/><V57/><F76/><W43/><G132/><T65/><D40/><U108/><E108/><V44/><F44/><W134/><G134/><T78/><D48/><U27/><E93/><V55/><F75/><W52/><G43/><T4/><D78/><U2/><E7/><V47/><F106/><W53/><G53/><T32/><D24/><U80/><E80/><V68/><F111/><W113/><G25/><T13/><D5/><U41/><REACH who="1" step="1"/><E129/><REACH who="1" ten="205,175,327,273" step="2"/><V121/><F130/><W23/><G23/><T69/><D13/><U71/><AGARI ba="1,2" hai="0,2,16,18,19,27,30,35,41,46,49,61,66,71" machi="71" ten="30,7900,0" yaku="1,1,2,1,0,1,54,1,53,0" doraHai="126" doraHaiUra="115" who="1" fromWho="1" sc="205,-21,175,102,327,-21,273,-40" owari="184,-32.0,277,8.0,306,41.0,233,-17.0" /></mjloggm>