<mjloggm ver="2.3"><GO type="41" lobby="0"/><UN n0="%E3%83%81%E3%82%AD%E3%83%B3%EF%BC%92" n1="%E3%82%84%E3%81%A3%E3%81%95%E3%82%93%E9%98%AA%E7%A5%9E" n2="%73%65%69%73%61%6E" n3="%E5%B0%B1%E6%B4%BB%E7%94%9F%40%E5%B7%9D%E6%9D%91%E8%BB%8D%E5%9B%A3" dan="14,13,13,16" rate="1939.52,1926.35,1889.96,2148.72" sx="M,M,M,M"/><TAIKYOKU oya="0"/><INIT seed="0,0,0,1,5,45" ten="250,250,250,250" oya="0" hai0="46,113,25,103,56,127,116,43,8,19,80,109,57" hai1="9,128,79,7,132,133,41,135,12,10,74,134,60" hai2="61,49,55,73,92,6,126,70,27,123,106,16,102" hai3="48,40,26,32,76,120,91,18,3,39,108,36,82"/><T124/><D116/><U34/><N who="1" m="33792" /><DORA hai="62" /><U81/><E34/><V72/><F123/><W93/><G3/><T35/><D113/><U71/><E10/><V11/><F106/><W114/><G108/><T4/><D109/><U0/><E12/><V47/><F126/><N who="0" m="48170" /><D103/><U83/><E83/><V78/><F78/><W33/><G114/><T51/><D80/><U115/><E115/><V110/><F110/><W50/><G120/><T23/><D35/><U65/><E41/><V31/><F92/><W86/><G33/><T94/><D94/><U68/><E68/><V77/><F77/><W99/><G40/><T67/><D67/><U28/><E28/><V95/><F95/><W64/><G64/><T54/><D43/><U96/><E96/><V85/><F85/><W130/><G130/><AGARI ba="0,0" hai="0,7,9,60,65,71,74,79,81,128,130" m="33792" machi="130" ten="70,8000,1" yaku="20,1,23,2,52,1" doraHai="45,62" who="1" fromWho="3" sc="250,0,250,80,250,0,250,-80" /><INIT seed="1,0,0,3,5,125" ten="250,330,250,170" oya="1" hai0="131,20,119,58,101,55,3,95,123,116,26,7,53" hai1="40,44,99,81,12,59,48,100,115,1,77,60,105" hai2="6,54,64,133,109,62,35,96,5,93,107,52,23" hai3="24,97,122,43,33,19,17,51,86,29,8,102,120"/><U32/><E115/><V78/><F107/><W79/><G120/><T27/><D123/><U132/><E132/><V126/><F35/><W89/><G79/><T106/><D106/><U94/><E1/><V15/><F133/><W4/><G122/><T66/><D131/><U13/><E32/><V49/><F78/><W98/><G43/><T56/><D3/><U65/><E105/><V75/><F75/><W83/><G51/><T127/><D7/><U85/><AGARI ba="0,0" hai="12,13,40,44,48,59,60,65,77,81,85,94,99,100" machi="85" ten="20,3900,0" yaku="0,1,7,1,8,1" doraHai="125" who="1" fromWho="1" sc="250,-13,330,39,250,-13,170,-13" /><INIT seed="1,1,0,1,3,24" ten="237,369,237,157" oya="1" hai0="64,26,101,115,48,54,129,46,80,96,55,59,79" hai1="29,16,74,62,102,83,69,111,1,134,126,7,120" hai2="49,68,36,132,131,27,90,45,116,58,32,65,35" hai3="21,107,118,40,25,86,43,103,76,71,72,128,67"/><U18/><E120/><V110/><F116/><W63/><G128/><T4/><D115/><U2/><E126/><V123/><F123/><W121/><G121/><T70/><D129/><U17/><E102/><V104/><F131/><W106/><G118/><T53/><D70/><U38/><E38/><V124/><F104/><W11/><G72/><T3/><D3/><N who="1" m="1035" /><E62/><V9/><F124/><W56/><G11/><T22/><D4/><U52/><E52/><N who="2" m="32015" /><F110/><W77/><G71/><T51/><D64/><U114/><E83/><V108/><F108/><W133/><G133/><T85/><D54/><U97/><E97/><V34/><F132/><W66/><G66/><T6/><D6/><U87/><E87/><V73/><F90/><W93/><G106/><T30/><D96/><U0/><E69/><V33/><F73/><W61/><G61/><T117/><D117/><U31/><E74/><V127/><F127/><W122/><G107/><T113/><D113/><U28/><E134/><V5/><F68/><W42/><G122/><T135/><D135/><U44/><E44/><V92/><F92/><W95/><G95/><T23/><D101/><U20/><E114/><V19/><F65/><W12/><G12/><T98/><D98/><U99/><E99/><V89/><F89/><N who="3" m="53431" /><G103/><T75/><D75/><U41/><E41/><N who="3" m="10498" /><W84/><DORA hai="94" /><G84/><T10/><D10/><N who="1" m="2407" /><E111/><V125/><F125/><W109/><G109/><T15/><D15/><AGARI ba="1,0" hai="15,16,17,18,20,28,29,31" m="2407,1035" machi="15" ten="30,24000,3" yaku="35,5,52,3,54,1" doraHai="24,94" who="1" fromWho="0" sc="237,-243,369,243,237,0,157,0" owari="-6,-51.0,612,71.0,237,4.0,157,-24.0" /></mjloggm>