<mjloggm ver="2.3"><GO type="169" lobby="0"/><UN n0="%E3%83%AD%E3%83%83%E3%83%86%E9%9B%80%E7%90%83" n1="%4C%53%E9%99%BD" n2="%E3%83%88%E3%83%88%E3%83%AA%E5%85%88%E7%94%9F%31%39%E6%AD%B3" n3="%E7%AF%84%E9%A6%AC" dan="16,16,18,16" rate="2118.94,2034.52,2172.44,2034.74" sx="M,M,F,M"/><TAIKYOKU oya="0"/><INIT seed="0,0,0,1,5,45" ten="250,250,250,250" oya="0" hai0="55,72,99,86,11,122,2,58,10,85,47,12,15" hai1="39,79,27,120,52,53,44,73,94,78,49,62,13" hai2="104,102,54,74,8,132,84,57,110,81,35,65,129" hai3="90,80,67,61,23,7,125,6,109,24,131,9,1"/><T128/><D122/><U37/><E120/><V106/><F74/><W33/><G33/><T0/><D72/><U88/><E73/><V76/><F35/><W123/><G123/><T51/><D128/><U71/><E39/><V34/><F34/><W16/><G131/><T98/><D47/><U105/><E105/><V43/><F129/><W126/><G109/><T111/><D111/><U32/><E37/><V133/><F110/><W121/><G121/><T48/><D58/><N who="1" m="35151" /><E71/><V101/><F8/><W26/><G7/><T17/><D55/><U92/><E32/><V40/><F65/><W87/><REACH who="3" step="1"/><G24/><REACH who="3" ten="250,250,250,240" step="2"/><T108/><D108/><U97/><E27/><V29/><F132/><W31/><G31/><T18/><AGARI ba="0,1" hai="0,2,10,11,12,15,17,18,48,51,85,86,98,99" machi="18" ten="25,12000,1" yaku="0,1,22,2,52,2" doraHai="45" who="0" fromWho="0" sc="250,130,250,-40,250,-40,240,-40" /><INIT seed="0,1,0,5,2,131" ten="380,210,210,200" oya="0" hai0="13,75,84,18,47,22,6,129,123,94,122,121,32" hai1="54,9,90,41,81,31,14,68,53,1,33,98,11" hai2="103,8,3,124,79,71,51,89,126,59,104,55,57" hai3="16,10,97,62,108,115,82,60,130,38,20,45,39"/><T5/><D129/><U116/><E116/><V114/><F114/><W43/><G130/><T107/><D107/><U72/><E68/><V118/><F71/><W83/><G39/><T42/><D75/><U4/><E98/><N who="2" m="61559" /><F118/><W133/><G115/><T111/><D32/><U35/><E35/><V101/><F101/><W106/><G10/><T100/><D111/><U50/><E33/><V12/><F3/><W64/><G60/><T2/><D2/><U56/><E31/><V30/><F30/><W63/><G63/><T88/><REACH who="0" step="1"/><D100/><REACH who="0" ten="370,210,210,200" step="2"/><U44/><E72/><V80/><F126/><W24/><G108/><T67/><D67/><U48/><E1/><V73/><F124/><W65/><G65/><T119/><D119/><U91/><E11/><V17/><F73/><W28/><G106/><T7/><D7/><U85/><REACH who="1" step="1"/><E53/><REACH who="1" ten="370,200,210,200" step="2"/><N who="2" m="31935" /><F8/><W36/><G64/><T95/><D95/><U93/><E93/><V40/><F55/><W0/><G0/><T69/><D69/><U61/><E61/><V78/><F80/><W19/><G62/><T27/><D27/><U52/><E52/><V135/><F12/><W105/><G105/><T74/><D74/><U34/><E34/><V99/><F17/><W125/><G83/><T113/><D113/><U86/><E86/><V117/><F117/><W70/><G82/><T77/><D77/><AGARI ba="1,2" hai="4,9,14,41,44,48,50,54,56,77,81,85,90,91" machi="77" ten="30,8000,1" yaku="1,1,7,1,25,2,8,1,53,0" doraHai="131" doraHaiUra="92" who="1" fromWho="0" sc="370,-83,200,103,210,0,200,0" /><INIT seed="1,0,0,0,1,127" ten="287,303,210,200" oya="1" hai0="96,71,106,135,25,121,53,105,86,110,133,119,51" hai1="2,123,85,80,18,118,9,116,79,95,104,14,125" hai2="66,114,112,122,129,74,58,38,132,24,113,73,100" hai3="40,89,12,19,94,107,126,93,84,55,56,128,44"/><U43/><E104/><V4/><F122/><W10/><G107/><T52/><D121/><U76/><E123/><V13/><F38/><W26/><G126/><T45/><D119/><U23/><E125/><V124/><F124/><W5/><G26/><T54/><D110/><U77/><E43/><V39/><F39/><W17/><G128/><T57/><D71/><U49/><E49/><V83/><F132/><N who="0" m="50762" /><D86/><U75/><E95/><V31/><F129/><W63/><REACH who="3" step="1"/><G94/><REACH who="3" ten="287,303,210,190" step="2"/><T82/><D25/><U59/><E116/><V34/><F24/><W0/><G0/><T48/><D106/><U131/><E118/><V27/><F27/><W88/><G88/><T67/><D105/><U30/><E131/><V46/><F113/><W47/><G47/><T87/><D45/><U109/><E109/><V37/><F114/><W130/><G130/><T97/><D97/><U42/><E30/><V70/><F112/><W72/><G72/><T36/><D96/><U22/><E2/><V65/><F74/><W102/><G102/><T64/><D36/><AGARI ba="0,1" hai="5,10,12,17,19,36,40,44,55,56,63,84,89,93" machi="36" ten="30,2000,0" yaku="1,1,7,1,53,0" doraHai="127" doraHaiUra="35" who="3" fromWho="0" sc="287,-20,303,0,210,0,190,30" /><INIT seed="2,0,0,1,5,97" ten="267,303,210,220" oya="2" hai0="44,53,68,15,112,11,132,106,3,31,108,125,64" hai1="10,61,38,109,84,30,63,134,104,40,55,66,36" hai2="7,94,27,102,120,95,33,90,5,76,103,78,26" hai3="75,121,131,34,135,41,6,54,45,13,20,23,12"/><V28/><F120/><W114/><G75/><T73/><D112/><U110/><E104/><V25/><F28/><W42/><G34/><T80/><D108/><N who="1" m="41579" /><E84/><N who="2" m="52551" /><F95/><W32/><G32/><T9/><D125/><U129/><E10/><V72/><F72/><W92/><G121/><T93/><D106/><U52/><E30/><V29/><F29/><W49/><G131/><T113/><D132/><U107/><E107/><V124/><F124/><W17/><G135/><T98/><D113/><U2/><E2/><V46/><F46/><W116/><G116/><T128/><D128/><U35/><E35/><V1/><F1/><W85/><G114/><T133/><D133/><U99/><E99/><V87/><F33/><W117/><G117/><T56/><D31/><U50/><E134/><V58/><F58/><W105/><G105/><T126/><D126/><U0/><E0/><V60/><F60/><N who="1" m="23113" /><E66/><V4/><F87/><W21/><G85/><T18/><D64/><U70/><E70/><V130/><F130/><W69/><G69/><T71/><D68/><U79/><E79/><AGARI ba="0,0" hai="4,5,7,25,26,27,76,78,79,102,103" m="52551" machi="79" ten="30,5800,0" yaku="8,1,52,2" doraHai="97" who="2" fromWho="1" sc="267,0,303,-58,210,58,220,0" /><INIT seed="2,1,0,1,3,113" ten="267,245,268,220" oya="2" hai0="19,95,127,91,104,96,78,107,81,43,112,99,2" hai1="116,105,87,48,40,21,64,33,47,32,39,20,24" hai2="80,126,133,128,88,124,125,22,29,102,6,55,75" hai3="23,83,71,3,7,53,109,84,15,1,56,94,51"/><V8/><F128/><W69/><G109/><T130/><D2/><U76/><E105/><N who="0" m="40521" /><D19/><U58/><E116/><V34/><F34/><W131/><G131/><T117/><D43/><U114/><E114/><V9/><F133/><W16/><G83/><T35/><D35/><U121/><E121/><V132/><F132/><W65/><G65/><T17/><D17/><U106/><E106/><V134/><F134/><W31/><G31/><T28/><D28/><U30/><E39/><V90/><F102/><W103/><G103/><T52/><D52/><U98/><E98/><V44/><F75/><W118/><G118/><T115/><D130/><U77/><E33/><V82/><F82/><W10/><REACH who="3" step="1"/><G3/><REACH who="3" ten="267,245,268,210" step="2"/><T12/><D117/><U25/><E64/><V36/><F80/><W122/><G122/><T57/><D81/><U135/><E135/><V86/><F29/><W72/><G72/><T93/><D115/><U42/><E30/><V70/><F125/><W110/><G110/><T74/><D127/><U79/><E32/><V5/><F126/><W63/><G63/><T41/><D74/><U13/><E76/><V45/><F124/><W66/><G66/><T123/><D78/><U108/><E77/><V67/><F67/><W89/><AGARI ba="1,1" hai="1,7,10,15,16,23,51,53,56,69,71,84,89,94" machi="89" ten="30,12000,2" yaku="1,1,0,1,25,2,54,1,53,1" doraHai="113" doraHaiUra="85" who="3" fromWho="3" sc="267,-31,245,-31,268,-61,210,133" /><INIT seed="3,0,0,5,1,121" ten="236,214,207,343" oya="3" hai0="107,46,52,43,112,20,128,98,11,10,30,132,2" hai1="50,22,59,27,13,51,126,105,54,106,29,113,125" hai2="117,88,135,133,115,127,61,1,65,86,70,120,85" hai3="131,62,0,72,21,60,64,95,66,40,34,124,4"/><W99/><G72/><T33/><D33/><U96/><E113/><V110/><F115/><W41/><G34/><T25/><D132/><N who="2" m="50762" /><F117/><W31/><G0/><T67/><D128/><U12/><E51/><V37/><F120/><W77/><G77/><T69/><D112/><U56/><E56/><V14/><F1/><W111/><G4/><T122/><D122/><U100/><REACH who="1" step="1"/><E106/><REACH who="1" ten="236,204,207,343" step="2"/><V80/><F37/><W92/><G131/><T118/><D107/><U87/><E87/><N who="2" m="50279" /><F127/><AGARI ba="0,1" hai="12,13,22,27,29,50,54,59,96,100,105,125,126,127" machi="127" ten="40,2600,0" yaku="1,1,18,1,53,0" doraHai="121" doraHaiUra="114" who="1" fromWho="2" sc="236,0,204,36,207,-26,343,0" /><INIT seed="4,0,0,5,3,67" ten="236,240,181,343" oya="0" hai0="58,34,62,127,36,52,14,4,130,89,66,93,80" hai1="68,41,29,103,78,33,100,8,90,96,119,43,55" hai2="17,122,28,113,10,131,3,101,118,1,22,48,13" hai3="61,25,102,77,24,44,116,2,60,132,15,129,110"/><T75/><D34/><U111/><E119/><V45/><F122/><W95/><G2/><T98/><D127/><U27/><E78/><V11/><F118/><W105/><G105/><T64/><D130/><U39/><E111/><V73/><F73/><W50/><G110/><T104/><D36/><U106/><E100/><V99/><F131/><W32/><G32/><T30/><D30/><U16/><E39/><V83/><F83/><W42/><G77/><T18/><D104/><U114/><E114/><V81/><F113/><W109/><G109/><T47/><D4/><U57/><E90/><V84/><F28/><W76/><G76/><T121/><D121/><U54/><E68/><V6/><F11/><W85/><G132/><T123/><D123/><U124/><E124/><V31/><F31/><W87/><G102/><N who="0" m="60751" /><D47/><U26/><E55/><V69/><F69/><W134/><G134/><T21/><D75/><U35/><E35/><V125/><F125/><W37/><G37/><T82/><D82/><U86/><E86/><AGARI ba="0,0" hai="14,18,21,52,58,62,64,66,80,86,89" m="60751" machi="86" ten="30,2900,0" yaku="8,1,54,1" doraHai="67" who="0" fromWho="1" sc="236,29,240,-29,181,0,343,0" /><INIT seed="4,1,0,4,0,131" ten="265,211,181,343" oya="0" hai0="49,37,27,122,53,28,112,121,4,55,7,23,81" hai1="132,46,90,125,15,83,104,95,110,99,56,59,51" hai2="93,79,67,116,50,38,69,63,98,94,14,40,60" hai3="74,54,76,123,71,29,21,80,8,45,20,78,48"/><T25/><D37/><U115/><E115/><V106/><F116/><W130/><G71/><T36/><D36/><U126/><E110/><V26/><F38/><W96/><G130/><T58/><D112/><U6/><E104/><V31/><F60/><W100/><G123/><T52/><D122/><U41/><E83/><V18/><F79/><W120/><G120/><T24/><D121/><U84/><E99/><V102/><F50/><W2/><G29/><T97/><D97/><U72/><E72/><V34/><REACH who="2" step="1"/><F40/><REACH who="2" ten="265,211,171,343" step="2"/><W1/><G78/><T119/><D119/><U118/><E118/><V92/><F92/><W82/><G48/><T87/><D49/><U0/><E125/><V66/><F66/><W57/><G76/><N who="0" m="46503" /><D58/><U70/><E126/><V103/><F103/><W85/><G100/><T30/><D30/><U105/><E59/><V16/><F16/><W89/><G57/><T135/><D28/><U133/><E56/><V61/><F61/><W44/><G89/><T107/><D107/><U68/><E105/><V12/><F12/><W64/><G64/><T124/><D124/><U39/><E39/><V42/><F42/><W73/><G45/><T35/><D55/><U47/><E47/><V3/><F3/><W77/><G44/><T114/><D52/><U10/><REACH who="1" step="1"/><E0/><REACH who="1" ten="265,201,171,343" step="2"/><V109/><F109/><W88/><G2/><T134/><D114/><U32/><E32/><V75/><F75/><W33/><G73/><T91/><D35/><U22/><E22/><AGARI ba="1,2" hai="14,18,22,26,31,34,63,67,69,93,94,98,102,106" machi="22" ten="30,8000,1" yaku="1,1,7,1,25,2,53,1" doraHai="131" doraHaiUra="11" who="2" fromWho="1" sc="265,0,201,-83,171,103,343,0" /><INIT seed="5,0,0,1,4,69" ten="265,118,274,343" oya="1" hai0="39,15,82,63,105,11,66,114,2,96,9,83,104" hai1="89,78,85,75,87,61,60,110,106,130,32,123,28" hai2="27,125,44,29,10,52,77,109,62,101,47,3,116" hai3="54,16,38,134,80,81,93,41,51,117,79,108,17"/><U68/><E123/><V6/><F116/><W24/><G108/><T49/><D114/><U42/><E106/><V53/><F109/><W59/><G81/><T71/><D2/><U46/><E110/><V12/><F125/><W22/><G134/><T84/><D39/><U94/><E130/><V111/><F111/><W86/><G117/><T13/><D83/><U23/><E32/><V8/><F77/><W67/><G67/><T18/><D49/><N who="1" m="26839" /><E75/><V100/><F100/><W91/><G38/><T131/><D131/><U30/><E68/><V64/><F101/><W7/><G7/><T45/><D45/><U19/><E78/><V107/><F107/><W55/><G55/><T95/><D95/><U56/><E85/><V97/><F97/><N who="3" m="57535" /><G41/><T34/><D96/><U90/><E90/><V40/><F47/><W135/><G135/><T128/><D34/><U70/><E70/><V113/><F113/><W98/><G98/><T4/><D128/><U33/><E33/><V31/><F40/><W121/><G121/><T36/><D36/><U74/><E74/><V132/><F132/><W72/><G72/><T35/><D35/><U127/><E127/><V65/><F44/><W37/><G37/><T126/><D126/><U73/><E73/><V50/><F3/><W58/><G58/><T21/><D9/><U102/><E102/><V88/><F10/><W48/><G48/><T1/><D1/><U5/><E5/><V118/><F50/><W129/><G129/><T133/><D133/><U20/><E60/><V0/><F62/><W99/><G99/><T26/><D26/><RYUUKYOKU ba="0,0" sc="265,15,118,-15,274,-15,343,15" hai0="4,11,13,15,18,21,63,66,71,82,84,104,105" hai3="16,17,22,24,51,54,59,79,80,86" /><INIT seed="6,1,0,0,1,5" ten="280,103,259,358" oya="2" hai0="10,96,110,52,17,89,33,98,101,42,111,14,112" hai1="79,115,65,63,78,97,6,108,75,87,70,88,129" hai2="72,93,40,0,34,118,44,102,24,62,4,103,91" hai3="90,21,41,29,83,60,50,3,82,15,68,2,94"/><V125/><F118/><W31/><G3/><T73/><D33/><U105/><E129/><V135/><F72/><W57/><G2/><T109/><D112/><U54/><E115/><V32/><F135/><W126/><G68/><T13/><D42/><U66/><E108/><V36/><F125/><W25/><G29/><T45/><D73/><U67/><E6/><V107/><F107/><W59/><G15/><T69/><D69/><U133/><E133/><V53/><F53/><N who="3" m="31927" /><G41/><T122/><D122/><U123/><E123/><V7/><F7/><W11/><G11/><T114/><D114/><U106/><E54/><V99/><F62/><W134/><G126/><T23/><D89/><U39/><E39/><V18/><F18/><W85/><G134/><T121/><D121/><U92/><E105/><V117/><F117/><W16/><G31/><T47/><D52/><AGARI ba="1,0" hai="16,21,25,52,59,60,82,83,85,90,94" m="31927" machi="52" ten="30,3900,0" yaku="8,1,54,2" doraHai="5" who="3" fromWho="0" sc="280,-42,103,0,259,0,358,42" /><INIT seed="7,0,0,3,1,131" ten="238,103,259,400" oya="3" hai0="61,114,48,22,44,7,11,16,40,42,84,85,54" hai1="102,62,73,4,103,101,50,56,99,95,14,5,130" hai2="135,30,68,9,31,10,41,134,69,126,49,70,65" hai3="26,122,66,12,105,36,20,28,58,39,64,63,51"/><W43/><G105/><T27/><D114/><U125/><E125/><V93/><F126/><W83/><G122/><T19/><D19/><U113/><E113/><V106/><F106/><W129/><G129/><T6/><D61/><U46/><E130/><V67/><F93/><W88/><G64/><N who="2" m="24649" /><F49/><W0/><G0/><T87/><REACH who="0" step="1"/><D6/><REACH who="0" ten="228,103,259,400" step="2"/><U17/><E5/><V33/><F41/><W32/><G43/><T100/><D100/><U53/><E4/><V37/><F37/><W89/><G63/><T132/><D132/><N who="2" m="50730" /><F33/><W52/><G32/><T104/><D104/><U74/><E74/><V3/><F3/><AGARI ba="0,1" hai="3,7,11,16,22,27,40,42,44,48,54,84,85,87" machi="3" ten="40,2600,0" yaku="1,1,54,1,53,0" doraHai="131" doraHaiUra="57" who="0" fromWho="2" sc="228,36,103,0,259,-26,400,0" owari="264,6.0,103,-40.0,233,-17.0,400,51.0" /></mjloggm>