<mjloggm ver="2.3"><GO type="169" lobby="0"/><UN n0="%E7%AA%93%E4%BB%98%E3%81%8D%2E" n1="%69%6B%65%69%6B%65%69" n2="%66%75%6B%75%30%32" n3="%E3%82%A6%E3%83%AB%E3%83%88%E3%83%A9%E7%AB%8B%E7%9B%B4" dan="17,16,16,17" rate="2069.03,2175.72,2119.52,2206.31" sx="F,M,M,M"/><TAIKYOKU oya="0"/><INIT seed="0,0,0,2,0,61" ten="250,250,250,250" oya="0" hai0="110,6,49,124,59,116,126,57,7,112,60,91,24" hai1="55,78,113,44,103,46,125,117,118,111,84,12,87" hai2="5,81,56,71,121,108,70,50,134,28,14,120,3" hai3="77,105,92,95,65,98,4,19,86,58,128,130,35"/><T39/><D39/><U102/><E111/><V99/><F3/><W119/><G35/><T16/><D112/><U37/><E113/><V83/><F108/><W22/><G4/><T100/><D110/><U76/><E125/><N who="0" m="48233" /><D116/><U74/><E12/><V32/><F134/><W67/><G119/><T114/><D114/><U106/><E37/><V29/><F99/><W122/><G122/><T54/><D100/><U62/><E62/><V40/><F5/><N who="0" m="1546" /><D91/><U93/><E55/><V10/><F121/><W94/><G58/><N who="0" m="33103" /><D60/><U68/><E68/><V123/><F71/><W73/><G73/><T75/><D75/><U25/><E74/><V45/><F70/><W66/><G105/><T27/><D27/><U82/><E25/><V52/><F123/><W115/><G115/><T51/><D51/><U127/><E127/><V132/><F120/><W88/><G128/><T43/><D43/><U17/><E106/><V11/><F40/><W89/><G130/><T42/><D42/><U23/><E118/><V2/><F50/><W107/><G107/><T30/><D30/><U80/><E117/><V131/><F131/><W63/><G63/><T21/><AGARI ba="0,0" hai="16,21,24,57,59" m="33103,1546,48233" machi="21" ten="30,3000,0" yaku="18,1,54,1" doraHai="61" who="0" fromWho="0" sc="250,30,250,-10,250,-10,250,-10" /><INIT seed="0,1,0,2,1,47" ten="280,240,240,240" oya="0" hai0="25,72,113,131,132,58,127,52,73,38,6,4,135" hai1="93,49,81,82,94,62,16,22,103,46,26,109,119" hai2="1,91,20,50,112,123,79,133,89,85,80,61,105" hai3="29,83,5,28,35,31,120,68,76,57,18,56,126"/><T34/><D38/><U65/><E109/><V100/><F123/><W53/><G68/><T71/><D71/><U99/><E94/><V125/><F112/><W33/><G5/><T64/><D64/><U12/><E12/><V70/><F1/><W108/><G108/><T45/><D113/><U111/><E119/><V78/><F125/><W115/><G115/><T37/><D127/><U86/><E86/><V110/><F110/><W14/><G57/><T114/><D114/><U41/><REACH who="1" step="1"/><E111/><REACH who="1" ten="280,230,240,240" step="2"/><V44/><F85/><W0/><G126/><T24/><D73/><U117/><E117/><V90/><F105/><W96/><G0/><T13/><D72/><U104/><E104/><V3/><F3/><W121/><G96/><T128/><D13/><U2/><E2/><V116/><F116/><W32/><G83/><T7/><D131/><U124/><E124/><V77/><F80/><W48/><REACH who="3" step="1"/><G76/><REACH who="3" ten="280,230,240,230" step="2"/><T9/><D128/><U36/><E36/><V51/><F79/><W87/><G87/><T129/><D129/><U27/><E27/><V67/><F77/><W98/><G98/><T134/><D25/><U19/><E19/><V42/><F78/><W8/><AGARI ba="1,2" hai="8,14,18,28,29,31,32,33,35,48,53,56,120,121" machi="8" ten="40,5200,0" yaku="1,1,0,1,52,1,53,0" doraHai="47" doraHaiUra="17" who="3" fromWho="3" sc="280,-27,230,-14,240,-14,230,75" /><INIT seed="1,0,0,1,1,30" ten="253,216,226,305" oya="1" hai0="63,105,18,9,85,118,119,45,75,1,99,122,5" hai1="25,103,134,117,70,47,101,66,80,91,12,40,76" hai2="100,0,93,6,53,62,78,55,79,14,113,29,33" hai3="27,26,56,52,71,133,84,22,82,13,28,120,88"/><U109/><E117/><V31/><F0/><W11/><G71/><T48/><D75/><U102/><E134/><V60/><F113/><W50/><G133/><T106/><D122/><U19/><E91/><V15/><F6/><W72/><G72/><T125/><D125/><U73/><E109/><V49/><F49/><W96/><G120/><T83/><D18/><U43/><E25/><V69/><F69/><W23/><G96/><T57/><D105/><U132/><E132/><V110/><F110/><W38/><G38/><T20/><D20/><N who="3" m="7721" /><G28/><T104/><D104/><U67/><E70/><V126/><F126/><W34/><G34/><T42/><D99/><U59/><E59/><V36/><F36/><W16/><AGARI ba="0,0" hai="11,13,16,26,27,50,52,56,82,84,88" m="7721" machi="16" ten="30,7900,0" yaku="8,1,54,3" doraHai="30" who="3" fromWho="3" sc="253,-20,216,-39,226,-20,305,79" /><INIT seed="2,0,0,3,1,108" ten="233,177,206,384" oya="2" hai0="118,67,122,25,27,124,57,34,65,46,77,87,51" hai1="89,9,2,4,58,93,127,90,98,6,45,18,111" hai2="119,79,72,1,23,20,117,123,130,110,31,100,12" hai3="125,0,49,131,53,133,68,112,35,37,63,88,81"/><V73/><F1/><W26/><G0/><T28/><D122/><U109/><E127/><V30/><F123/><W92/><G37/><T3/><D124/><U113/><E113/><V38/><F38/><W86/><G112/><T115/><D115/><U78/><E6/><V83/><F110/><N who="1" m="41993" /><E78/><V80/><F100/><W17/><G125/><T128/><D3/><U39/><E58/><V95/><F95/><W62/><G68/><T129/><D27/><U134/><E134/><V96/><F96/><W71/><G71/><T29/><D29/><U91/><E18/><V48/><F48/><W47/><G131/><N who="0" m="50251" /><D57/><U13/><E2/><V99/><F99/><W55/><G35/><T103/><D118/><U106/><E106/><V101/><F101/><W132/><G55/><T70/><D103/><U33/><E33/><V84/><F130/><W16/><G17/><T24/><D24/><U75/><E75/><V104/><F104/><W21/><G92/><T52/><D70/><U41/><AGARI ba="0,0" hai="4,9,13,39,41,45,89,90,91,93,98" m="41993" machi="41" ten="30,1100,0" yaku="14,1" doraHai="108" who="1" fromWho="1" sc="233,-3,177,11,206,-5,384,-3" /><INIT seed="3,0,0,4,2,29" ten="230,188,201,381" oya="3" hai0="122,104,102,115,4,120,88,30,53,67,98,58,103" hai1="62,18,51,17,16,109,119,87,14,110,10,75,24" hai2="92,19,28,64,26,125,45,20,65,2,50,90,40" hai3="79,71,127,135,34,12,128,39,70,11,68,81,97"/><W118/><G39/><T107/><D115/><U95/><E75/><V111/><F2/><W72/><G118/><T116/><D116/><U44/><E119/><V77/><F111/><W132/><G97/><T105/><D67/><U86/><E62/><V38/><F125/><W42/><G42/><T80/><D4/><U55/><E87/><V59/><F77/><W131/><G34/><T57/><D57/><U101/><E24/><V48/><F28/><W94/><G94/><N who="0" m="56647" /><D58/><U60/><E60/><V54/><REACH who="2" step="1"/><F38/><REACH who="2" ten="230,188,191,381" step="2"/><W31/><G31/><T36/><D30/><U52/><E110/><V25/><F25/><W43/><G127/><T74/><D36/><U123/><E109/><V22/><F22/><W99/><G11/><T3/><D3/><U69/><E123/><N who="0" m="47145" /><D53/><U114/><E114/><V76/><F76/><AGARI ba="0,1" hai="74,76,80,102,103,104,105,107" m="47145,56647" machi="76" ten="40,5200,0" yaku="34,2,54,1" doraHai="29" who="0" fromWho="2" sc="230,62,188,0,191,-52,381,0" /><INIT seed="4,0,0,0,4,123" ten="292,188,139,381" oya="0" hai0="7,107,94,119,96,21,102,93,43,78,89,11,44" hai1="73,100,118,36,49,68,95,109,6,58,71,83,114" hai2="23,106,130,113,52,74,50,88,126,116,122,35,127" hai3="60,97,62,56,14,121,28,41,99,59,105,72,30"/><T48/><D107/><U92/><E118/><V16/><F35/><W53/><G72/><T22/><D119/><U45/><E36/><V115/><F116/><W10/><G41/><T13/><REACH who="0" step="1"/><D78/><REACH who="0" ten="282,188,139,381" step="2"/><U69/><E114/><N who="2" m="43531" /><F106/><W82/><G105/><T51/><D51/><U129/><E49/><V3/><F122/><W124/><G121/><T85/><AGARI ba="0,1" hai="7,11,13,21,22,43,44,48,85,89,93,94,96,102" machi="85" ten="20,7800,0" yaku="1,1,0,1,7,1,8,1,53,0" doraHai="123" doraHaiUra="76" who="0" fromWho="0" sc="282,88,188,-26,139,-26,381,-26" /><INIT seed="4,1,0,5,1,1" ten="370,162,113,355" oya="0" hai0="131,81,118,35,85,9,102,61,59,89,12,51,73" hai1="31,120,53,46,13,27,111,23,125,123,38,34,8" hai2="47,82,126,3,6,127,11,103,97,10,41,95,128" hai3="7,83,65,15,99,42,63,21,16,79,114,56,134"/><T98/><D118/><U39/><E111/><V20/><F128/><W14/><G114/><T69/><D131/><U132/><E132/><V19/><F11/><W28/><G134/><T101/><D35/><U45/><E125/><V68/><F68/><W105/><G28/><T30/><D30/><U121/><E34/><V90/><F90/><W86/><G42/><T32/><D32/><U44/><REACH who="1" step="1"/><E53/><REACH who="1" ten="370,152,113,355" step="2"/><V108/><F108/><W0/><G0/><T58/><D69/><U71/><E71/><V66/><F66/><W50/><G105/><T80/><D73/><U78/><E78/><V116/><F116/><W133/><G133/><T117/><D117/><U72/><E72/><V29/><F127/><W57/><G65/><T18/><D80/><U40/><E40/><V119/><F126/><W106/><G106/><T36/><D36/><U93/><E93/><V25/><F119/><W129/><G129/><T107/><D107/><U122/><N who="1" m="30720" /><DORA hai="104" /><U70/><E70/><V75/><F82/><W96/><G83/><T92/><D81/><U5/><AGARI ba="1,1" hai="5,8,13,23,27,31,38,39,44,45,46" m="30720" machi="5" ten="60,7900,0" yaku="1,1,0,1,52,1,53,0" doraHai="1,104" doraHaiUra="91,112" who="1" fromWho="1" sc="370,-40,152,92,113,-21,355,-21" /><INIT seed="5,0,0,4,0,23" ten="330,244,92,334" oya="1" hai0="79,86,63,130,54,69,26,89,109,94,5,132,15" hai1="50,62,0,27,28,71,95,37,131,70,76,133,115" hai2="106,56,11,49,100,22,135,113,51,116,66,61,44" hai3="21,118,85,45,64,107,12,33,112,34,29,124,6"/><U2/><E37/><V40/><F116/><W105/><G107/><T32/><D109/><U110/><E110/><V120/><F120/><W108/><G105/><T91/><D130/><U24/><E76/><V104/><F135/><W97/><G97/><T73/><D132/><U20/><E133/><V102/><F113/><W19/><G64/><T8/><D73/><U103/><E131/><V30/><F106/><W36/><G85/><T123/><D79/><U13/><E13/><V48/><F11/><W43/><G108/><T99/><D123/><U52/><E115/><V74/><F74/><W96/><G96/><T18/><D69/><U117/><E117/><V65/><F65/><W119/><G112/><T111/><D111/><U68/><E62/><V1/><F1/><W82/><G82/><T47/><D63/><U25/><E103/><N who="2" m="39467" /><F104/><W127/><G6/><T38/><D38/><U101/><E0/><V129/><F129/><W42/><G34/><T31/><D5/><U55/><E2/><V10/><F10/><W122/><G122/><T4/><D4/><U84/><E101/><V125/><F125/><W16/><G119/><T14/><D8/><U39/><E39/><V72/><F72/><W80/><G118/><T67/><D67/><U9/><E9/><V59/><F59/><W90/><G124/><T7/><D7/><U121/><E121/><V46/><F46/><W83/><G45/><T81/><D47/><N who="1" m="27743" /><E55/><V60/><F60/><W53/><G53/><T41/><D54/><U17/><E28/><V128/><F128/><W58/><G29/><T92/><D31/><RYUUKYOKU ba="0,0" sc="330,-15,244,15,92,15,334,-15" hai1="17,20,24,25,27,68,70,71,84,95" hai2="22,30,40,44,48,49,51,56,61,66" /><INIT seed="5,1,0,3,0,32" ten="315,259,107,319" oya="1" hai0="94,110,56,131,31,117,26,66,91,125,116,102,65" hai1="72,74,14,30,90,50,69,127,19,99,48,130,49" hai2="135,105,44,75,0,40,98,76,124,33,47,9,133" hai3="45,36,79,53,100,41,71,1,23,15,120,121,52"/><U126/><E69/><V51/><F33/><W97/><G79/><T115/><D110/><U73/><E30/><V58/><F124/><N who="1" m="47657" /><E130/><V43/><F58/><W38/><G15/><T78/><D125/><U54/><E99/><V88/><F76/><W6/><G23/><T84/><D131/><U86/><E14/><V118/><F75/><N who="1" m="19201" /><U39/><DORA hai="8" /><E39/><V22/><F118/><W21/><G38/><T29/><D29/><U2/><E19/><V104/><F22/><W28/><G21/><T12/><D12/><U4/><E4/><V63/><F98/><W85/><G28/><T103/><D117/><U106/><E106/><V35/><F105/><W5/><G71/><T95/><D116/><U107/><E107/><V34/><F104/><W82/><G6/><T37/><D37/><U10/><E10/><V134/><F9/><N who="3" m="2223" /><G121/><T70/><D70/><U55/><E2/><V64/><F0/><W108/><G120/><T42/><D31/><U60/><E60/><V81/><F63/><W77/><G108/><T67/><D66/><U20/><E20/><V16/><F64/><W68/><G68/><T101/><D67/><U61/><E61/><V113/><F16/><W46/><G97/><T83/><D65/><U92/><AGARI ba="1,0" hai="48,49,50,54,55,86,90,92" m="19201,47657" machi="92" ten="50,2400,0" yaku="18,1" doraHai="32,8" who="1" fromWho="1" sc="315,-9,259,27,107,-9,319,-9" /><INIT seed="5,2,0,4,4,67" ten="306,286,98,310" oya="1" hai0="128,107,49,135,102,13,124,39,115,116,108,114,32" hai1="81,74,3,70,25,93,90,91,110,40,24,36,134" hai2="73,34,44,48,27,75,55,2,96,109,84,117,87" hai3="130,0,120,10,94,12,22,89,11,43,58,33,52"/><U112/><E3/><V125/><F117/><W61/><G33/><T5/><RYUUKYOKU type="yao9" ba="2,0" sc="306,0,286,0,98,0,310,0" hai0="5,13,32,39,49,102,107,108,114,115,116,124,128,135" /><INIT seed="5,3,0,2,5,110" ten="306,286,98,310" oya="1" hai0="38,14,30,83,28,62,4,57,112,5,13,16,58" hai1="90,108,85,67,84,20,126,42,8,96,3,134,129" hai2="55,46,11,94,122,19,97,50,12,40,51,63,111" hai3="22,127,73,80,10,76,99,15,64,86,18,61,27"/><U81/><E108/><V124/><F111/><W0/><G127/><T128/><D38/><U65/><E134/><V78/><F124/><W48/><G99/><T43/><D43/><U133/><E133/><V118/><F122/><W72/><G0/><T130/><D112/><U59/><E129/><N who="0" m="49769" /><D83/><U116/><E116/><V24/><F118/><W52/><G61/><T82/><D82/><U93/><E126/><V69/><F78/><W32/><G64/><N who="0" m="38991" /><D58/><U79/><E42/><V44/><F63/><W103/><G103/><T68/><D68/><U9/><E3/><V60/><F60/><W70/><G32/><T21/><D13/><U41/><E41/><V26/><REACH who="2" step="1"/><F69/><REACH who="2" ten="306,286,88,310" step="2"/><W31/><G70/><T35/><D35/><U109/><E109/><V45/><F45/><AGARI ba="3,1" hai="10,15,18,22,27,31,45,48,52,72,73,76,80,86" machi="45" ten="30,2000,0" yaku="7,1,54,1" doraHai="110" who="3" fromWho="2" sc="306,0,286,0,88,-29,310,39" /><INIT seed="6,0,0,3,5,57" ten="306,286,59,349" oya="2" hai0="111,126,78,31,123,42,120,66,51,38,41,4,117" hai1="46,44,96,77,68,7,115,121,127,110,49,61,0" hai2="26,14,36,108,124,118,72,74,133,112,21,125,82" hai3="109,8,43,92,65,79,45,17,91,52,64,16,116"/><V86/><F118/><W13/><G109/><T113/><D31/><U60/><E110/><V102/><F108/><W90/><G79/><T80/><D111/><U98/><E127/><N who="2" m="48715" /><F36/><W27/><G43/><N who="0" m="16395" /><D4/><U10/><E115/><V67/><F112/><W39/><G39/><T101/><D80/><U22/><E121/><V105/><F133/><W59/><G45/><T30/><D78/><U24/><E68/><V9/><F67/><W83/><G83/><T19/><D30/><U37/><E77/><N who="2" m="46415" /><F102/><W58/><G58/><T135/><D101/><U128/><E128/><V76/><F105/><W122/><G122/><T97/><D66/><U5/><E5/><N who="2" m="3375" /><F76/><W34/><G116/><T53/><D38/><U130/><E130/><V85/><F85/><W40/><G65/><T56/><D126/><U103/><E37/><V119/><F119/><W114/><G64/><T12/><D117/><U106/><E98/><V33/><F33/><W28/><G114/><T70/><D113/><U94/><E106/><V29/><AGARI ba="0,0" hai="21,26,29,72,74" m="3375,46415,48715" machi="29" ten="30,1500,0" yaku="18,1" doraHai="57" who="2" fromWho="2" sc="306,-5,286,-5,59,15,349,-5" /><INIT seed="6,1,0,4,5,32" ten="301,281,74,344" oya="2" hai0="68,4,61,76,0,83,97,7,118,86,131,111,115" hai1="91,13,47,120,92,89,16,123,133,93,5,14,116" hai2="119,122,128,57,94,77,90,105,64,10,117,50,81" hai3="53,104,126,31,112,132,72,49,78,15,26,43,27"/><V39/><F39/><W19/><G104/><T45/><D111/><U29/><E133/><V33/><F122/><N who="1" m="46633" /><E116/><V3/><F105/><W9/><G43/><T23/><D118/><U63/><E29/><V114/><F33/><W85/><G72/><T48/><D115/><U8/><E63/><V54/><F114/><W2/><G2/><T134/><D131/><U124/><E124/><V95/><F128/><W65/><G65/><T51/><D51/><U58/><E58/><V55/><F64/><W37/><G37/><T101/><D61/><U84/><E47/><V18/><F55/><W44/><G132/><T109/><D68/><U38/><E38/><V127/><F127/><W35/><G126/><T96/><D109/><U6/><E14/><V121/><F121/><W41/><G112/><T17/><D0/><U73/><E73/><V125/><F125/><W21/><G41/><T66/><D66/><U56/><E56/><V25/><F25/><N who="3" m="16815" /><G35/><T99/><D101/><U74/><E74/><V62/><F62/><W46/><G46/><T103/><D103/><U24/><E24/><V129/><F129/><W42/><G42/><N who="0" m="24631" /><D134/><U60/><E60/><V69/><F69/><W12/><G12/><AGARI ba="1,0" hai="4,7,12,17,23,76,83,86,96,97,99" m="24631" machi="12" ten="30,1000,0" yaku="8,1" doraHai="32" who="0" fromWho="3" sc="301,13,281,0,74,0,344,-13" /><INIT seed="7,0,0,0,4,45" ten="314,281,74,331" oya="3" hai0="11,31,75,13,12,94,41,43,92,128,110,129,89" hai1="5,39,52,77,123,101,40,124,68,16,118,58,102" hai2="135,57,22,14,73,115,60,44,90,76,120,125,7" hai3="83,27,1,79,64,96,15,28,32,56,17,112,116"/><W20/><G1/><T119/><D110/><U111/><E123/><V117/><F117/><W84/><G112/><T88/><D119/><U3/><E111/><V100/><F115/><W106/><G116/><T59/><D75/><U29/><E118/><V26/><F125/><W9/><G106/><T6/><D31/><U70/><E124/><V91/><F120/><W4/><G96/><N who="0" m="57359" /><D13/><U122/><E122/><V66/><F135/><W25/><G56/><T104/><D59/><U134/><E134/><V86/><F100/><W80/><G80/><T103/><D103/><U113/><E113/><V97/><F73/><W2/><G64/><T18/><D6/><U49/><E68/><V42/><F97/><W93/><G93/><T132/><D104/><U82/><E70/><V127/><F127/><W130/><G27/><T38/><D38/><U51/><E39/><V87/><F26/><W35/><G130/><N who="0" m="50283" /><D132/><U81/><E29/><V95/><F76/><W114/><G114/><T78/><D78/><U63/><E81/><V46/><F42/><W131/><G131/><T108/><D108/><U24/><E40/><V121/><F121/><W50/><G50/><N who="1" m="18954" /><E3/><V62/><F62/><W74/><G74/><T107/><D107/><U126/><E126/><V53/><F66/><W10/><AGARI ba="0,0" hai="2,4,9,10,15,17,20,25,28,32,35,79,83,84" machi="10" ten="20,2100,0" yaku="0,1,7,1" doraHai="45" who="3" fromWho="3" sc="314,-7,281,-7,74,-7,331,21" owari="307,11.0,274,-13.0,67,-43.0,352,45.0" /></mjloggm>