<mjloggm ver="2.3"><GO type="169" lobby="0"/><UN n0="%E3%81%8A%E7%9F%A5%E3%82%89%E3%81%9B" n1="%74%6E%66%73%68%32%30%34" n2="%E5%B0%B1%E6%B4%BB%E7%94%9F%40%E5%B7%9D%E6%9D%91%E8%BB%8D%E5%9B%A3" n3="%41%79%6F%75%46" dan="16,17,16,18" rate="2121.98,2175.96,2125.00,2229.11" sx="M,M,M,M"/><TAIKYOKU oya="0"/><INIT seed="0,0,0,1,1,18" ten="250,250,250,250" oya="0" hai0="97,41,72,61,12,90,52,21,94,44,117,80,8" hai1="91,60,132,49,99,124,105,59,19,54,0,74,58" hai2="67,26,13,71,25,116,102,77,130,107,76,33,92" hai3="131,4,45,40,6,57,42,129,115,63,83,7,39"/><T68/><D117/><U65/><E74/><V85/><F116/><W98/><G40/><T106/><D106/><U120/><E120/><V101/><F130/><N who="3" m="49675" /><G98/><T30/><D72/><U81/><E0/><V14/><F107/><W2/><G83/><T75/><D75/><U29/><E29/><V38/><F38/><W134/><G134/><T135/><D135/><U22/><E132/><V100/><F71/><W24/><G115/><T86/><D68/><U56/><E124/><V50/><F67/><N who="3" m="39407" /><G24/><N who="2" m="9321" /><F33/><W118/><G118/><T35/><D35/><U96/><E105/><V20/><F50/><W119/><G119/><T103/><D30/><U87/><REACH who="1" step="1"/><E59/><REACH who="1" ten="250,240,250,250" step="2"/><V62/><F13/><AGARI ba="0,1" hai="13,19,22,49,54,56,58,60,65,81,87,91,96,99" machi="13" ten="30,12000,2" yaku="1,1,2,1,7,1,8,1,52,1,53,1" doraHai="18" doraHaiUra="47" who="1" fromWho="2" sc="250,0,240,130,250,-120,250,0" /><INIT seed="1,0,0,1,2,133" ten="250,370,130,250" oya="1" hai0="98,60,21,87,59,31,123,106,131,107,2,126,10" hai1="18,62,76,112,113,80,100,35,78,30,50,55,9" hai2="116,52,13,103,86,57,45,73,105,109,91,71,114" hai3="3,117,61,122,64,7,129,36,51,88,38,0,128"/><U121/><E121/><V63/><F73/><W16/><G122/><T39/><D39/><U90/><E100/><V96/><F116/><W1/><G7/><T12/><D131/><N who="3" m="50249" /><G51/><T81/><D123/><U124/><E62/><V33/><F114/><W53/><G53/><T99/><D2/><U58/><E35/><V101/><F109/><W70/><G117/><T4/><D107/><U127/><E30/><V74/><F74/><W37/><G88/><N who="0" m="51311" /><D106/><U102/><E102/><V26/><F101/><W54/><G54/><N who="0" m="33911" /><D126/><N who="1" m="48171" /><E90/><V83/><F71/><W94/><G94/><T135/><D135/><U5/><E18/><AGARI ba="0,0" hai="0,1,3,16,18,36,37,38,61,64,70" m="50249" machi="18" ten="50,3200,0" yaku="19,1,54,1" doraHai="133" who="3" fromWho="1" sc="250,0,370,-32,130,0,250,32" /><INIT seed="2,0,0,4,2,108" ten="250,338,130,282" oya="2" hai0="115,29,71,56,75,72,9,69,128,40,44,66,34" hai1="121,33,7,74,23,68,124,132,6,17,42,104,77" hai2="98,106,130,93,58,52,39,87,127,92,61,131,53" hai3="46,135,41,65,2,48,35,43,28,49,94,13,105"/><V126/><F39/><W36/><G2/><T21/><D34/><U50/><E104/><V88/><F106/><W16/><G105/><T134/><D115/><U107/><E107/><V125/><REACH who="2" step="1"/><F53/><REACH who="2" ten="250,338,120,282" step="2"/><W118/><G36/><T113/><D134/><U0/><E132/><V37/><F37/><W67/><G135/><T8/><D128/><U95/><E42/><V5/><F5/><W15/><G43/><T110/><D40/><U133/><E6/><V38/><F38/><W109/><G41/><T96/><D110/><U32/><E7/><V24/><F24/><W122/><G109/><T123/><D123/><U97/><E121/><V22/><F22/><W26/><G122/><T81/><D21/><U11/><E23/><V103/><AGARI ba="0,1" hai="52,58,61,87,88,92,93,98,103,125,126,127,130,131" machi="103" ten="40,12000,1" yaku="1,1,0,1,18,1,54,2,53,0" doraHai="108" doraHaiUra="30" who="2" fromWho="2" sc="250,-40,338,-40,120,130,282,-40" /><INIT seed="2,1,0,4,5,126" ten="210,298,250,242" oya="2" hai0="117,62,115,61,101,122,0,23,118,110,116,54,34" hai1="90,33,42,41,2,4,105,38,70,135,14,66,47" hai2="108,29,17,18,75,11,132,87,35,67,131,79,36" hai3="9,82,125,77,69,88,56,98,78,48,65,127,22"/><V32/><F36/><W95/><G69/><T74/><D122/><U76/><E33/><V107/><F75/><W119/><G119/><T109/><D34/><U21/><E105/><V45/><F107/><W104/><G104/><T68/><D115/><U71/><E135/><V55/><F67/><W51/><G77/><T7/><D74/><U60/><E76/><V73/><F73/><W1/><G22/><T133/><D101/><U3/><E71/><V16/><F132/><W31/><G31/><T28/><D133/><U19/><E4/><V80/><F108/><N who="0" m="41578" /><D68/><U5/><E5/><V123/><F123/><W30/><G30/><T100/><D100/><U44/><REACH who="1" step="1"/><E90/><REACH who="1" ten="210,288,250,242" step="2"/><N who="2" m="51559" /><F35/><W15/><G1/><T114/><D7/><U106/><E106/><V57/><F79/><W130/><G127/><T113/><D0/><U64/><E64/><V53/><F32/><W52/><G65/><T120/><D120/><U102/><E102/><V103/><F103/><W99/><G125/><T12/><D113/><U24/><E24/><V84/><F11/><W26/><G26/><N who="0" m="16479" /><D114/><U92/><E92/><V134/><F134/><W121/><G121/><T128/><D117/><U59/><E59/><V97/><F57/><W83/><G83/><T112/><D112/><U85/><E85/><V86/><F84/><N who="3" m="48215" /><G99/><T20/><D118/><U8/><E8/><V50/><F86/><W39/><G98/><T13/><D116/><U94/><E94/><V10/><F97/><W40/><G95/><T58/><D58/><U46/><E46/><V89/><F10/><W93/><G93/><T37/><D20/><RYUUKYOKU ba="1,1" sc="210,-10,288,30,250,-10,242,-10" hai1="2,3,14,19,21,38,41,42,44,47,60,66,70" /><INIT seed="3,2,1,0,4,108" ten="200,318,240,232" oya="3" hai0="32,19,127,121,36,37,125,23,94,116,118,109,91" hai1="75,16,106,99,101,41,34,17,20,83,132,35,117" hai2="27,92,104,82,25,122,29,43,57,26,103,76,93" hai3="112,5,74,52,79,73,64,54,114,50,98,1,46"/><W24/><G64/><T96/><D32/><U40/><E132/><V44/><F122/><W12/><G1/><T4/><D121/><U123/><E123/><V61/><F104/><W87/><G24/><N who="0" m="14463" /><D4/><U131/><E131/><V95/><F103/><W14/><G98/><T68/><D68/><U63/><E117/><N who="0" m="45161" /><D109/><U71/><E17/><V42/><F29/><W100/><G100/><T3/><D3/><U9/><E9/><V80/><F44/><W130/><G130/><T60/><D60/><U77/><E35/><V45/><F45/><W59/><G87/><T129/><D129/><U7/><E7/><V11/><F11/><W2/><G2/><T81/><D81/><N who="2" m="31338" /><F76/><W21/><G79/><T49/><D49/><U134/><E34/><V126/><F126/><AGARI ba="2,1" hai="36,37,91,94,96,125,126,127" m="45161,14463" machi="126" ten="30,1000,0" yaku="18,1" doraHai="108" who="0" fromWho="2" sc="200,26,318,0,240,-16,232,0" /><INIT seed="4,0,0,0,1,117" ten="226,318,224,232" oya="0" hai0="8,81,28,70,82,110,96,100,91,90,23,112,52" hai1="44,125,32,133,126,19,116,101,58,87,62,99,22" hai2="71,135,60,121,30,122,0,120,103,49,42,47,105" hai3="72,61,53,104,4,26,3,10,34,13,94,88,5"/><T75/><D70/><U9/><E116/><V132/><F0/><W93/><G104/><T41/><D41/><U77/><E32/><V64/><F30/><W59/><G72/><T115/><D8/><U68/><E68/><V12/><F12/><W84/><G34/><T35/><D35/><U114/><E9/><V43/><F103/><W38/><G38/><T123/><D123/><U63/><E133/><N who="2" m="51275" /><F105/><W85/><G26/><T67/><D67/><U128/><E128/><V89/><F89/><N who="3" m="53551" /><G3/><T113/><D110/><U107/><E114/><V134/><F134/><W39/><G39/><T119/><D119/><U18/><E77/><V92/><F92/><W27/><G27/><N who="0" m="16511" /><D52/><AGARI ba="0,0" hai="42,43,47,49,52,60,64,71,120,121,122" m="51275" machi="52" ten="40,12000,2" yaku="20,1,34,2,52,3,54,1" doraHai="117" who="2" fromWho="0" sc="226,-120,318,0,224,120,232,0" /><INIT seed="5,0,0,2,5,9" ten="106,318,344,232" oya="1" hai0="42,50,6,120,20,55,126,97,45,64,3,121,100" hai1="66,12,31,61,29,47,93,62,11,70,77,59,30" hai2="104,110,109,78,16,33,15,23,49,28,51,96,1" hai3="124,112,125,76,135,131,22,38,67,53,81,79,10"/><U127/><E127/><V95/><F104/><W26/><G38/><T40/><D126/><U108/><E108/><V37/><F37/><W68/><G76/><T24/><D64/><U71/><E77/><V48/><F1/><W111/><G111/><T56/><D3/><U99/><E47/><V4/><F4/><W102/><G102/><T94/><D6/><U25/><E25/><V105/><F105/><W43/><G43/><T46/><D46/><U91/><REACH who="1" step="1"/><E62/><REACH who="1" ten="106,308,344,232" step="2"/><V118/><F78/><W69/><G79/><T86/><D45/><U17/><AGARI ba="0,1" hai="11,12,17,29,30,31,59,61,66,70,71,91,93,99" machi="17" ten="30,11700,0" yaku="1,1,2,1,0,1,52,1,53,0" doraHai="9" doraHaiUra="34" who="1" fromWho="1" sc="106,-39,308,127,344,-39,232,-39" /><INIT seed="5,1,0,3,1,35" ten="67,435,305,193" oya="1" hai0="93,82,70,56,99,68,126,8,20,7,26,124,86" hai1="60,45,53,106,130,58,132,12,78,89,6,75,16" hai2="1,61,85,49,13,67,59,76,43,135,96,116,22" hai3="17,73,24,81,9,74,25,118,15,123,110,109,10"/><U30/><E106/><V29/><F116/><W122/><G81/><T125/><D56/><U31/><E132/><V41/><F135/><W47/><G47/><T65/><D65/><U114/><E114/><V64/><F1/><W100/><G100/><T108/><D108/><U97/><E6/><V91/><F67/><W2/><G118/><T32/><D32/><U129/><E45/><V50/><F76/><W21/><G74/><T113/><D113/><U112/><E112/><V42/><F96/><W48/><G48/><T19/><D86/><U94/><E78/><V14/><F14/><W133/><G73/><T88/><REACH who="0" step="1"/><D82/><REACH who="0" ten="57,435,305,193" step="2"/><U119/><E119/><V44/><F44/><W103/><G133/><T52/><D52/><U121/><E75/><V105/><F59/><W62/><G110/><T98/><D98/><U69/><E69/><V84/><F64/><W38/><G109/><T57/><D57/><U4/><E53/><V107/><F84/><W102/><G62/><T77/><D77/><U5/><E58/><V80/><F61/><W39/><G123/><T40/><D40/><U111/><E60/><V46/><F46/><W18/><G122/><T104/><D104/><U55/><E121/><V36/><F105/><W90/><G39/><T23/><D23/><N who="1" m="11655" /><E55/><V95/><F107/><W87/><G38/><T51/><D51/><U63/><E63/><V120/><F36/><W131/><G21/><T79/><D79/><U33/><E33/><V115/><F120/><W71/><G71/><T54/><D54/><U37/><E37/><V3/><F115/><W83/><G83/><RYUUKYOKU ba="1,1" sc="57,30,435,-10,305,-10,193,-10" hai0="7,8,19,20,26,68,70,88,93,99,124,125,126" /><INIT seed="6,2,1,1,5,7" ten="87,425,295,183" oya="2" hai0="45,34,104,115,102,118,48,114,122,69,55,74,41" hai1="1,95,112,124,90,75,120,64,134,36,86,109,76" hai2="100,6,80,117,121,17,31,94,110,93,127,105,133" hai3="108,126,38,40,2,52,128,84,62,87,28,113,49"/><V59/><F117/><W98/><G108/><T68/><D74/><U11/><E36/><V50/><F110/><W21/><G38/><N who="0" m="21687" /><D34/><U39/><E124/><V0/><F31/><W85/><G126/><T116/><D102/><U70/><E112/><N who="0" m="43049" /><D104/><U9/><E76/><V71/><F71/><N who="0" m="27210" /><D122/><U63/><E75/><V119/><F6/><W131/><G113/><T73/><D73/><U96/><E1/><V37/><F105/><W72/><G72/><T44/><AGARI ba="2,1" hai="44,48,55,116,118" m="27210,43049,21687" machi="44" ten="40,5200,0" yaku="15,1,34,2" doraHai="7" who="0" fromWho="0" sc="87,68,425,-15,295,-28,183,-15" /><INIT seed="7,0,0,1,3,50" ten="155,410,267,168" oya="3" hai0="77,53,70,29,132,78,103,3,129,64,4,40,41" hai1="101,25,15,108,63,58,128,60,79,27,1,14,127" hai2="84,90,76,119,26,52,126,56,21,5,97,59,115" hai3="31,131,98,82,112,11,48,32,68,55,72,67,0"/><W75/><G112/><T33/><D33/><U73/><E108/><V44/><F115/><W45/><G131/><T71/><D29/><U105/><E1/><V10/><F126/><W57/><G68/><T66/><D103/><U22/><E127/><V38/><F76/><N who="0" m="29290" /><D4/><U120/><E27/><V89/><F119/><W80/><G32/><T30/><D30/><U20/><E63/><V117/><F38/><W43/><G31/><T102/><D102/><U118/><E22/><V100/><F44/><W12/><G0/><T8/><D8/><U37/><E128/><V130/><F59/><W88/><G67/><N who="0" m="25643" /><D3/><U7/><E37/><V91/><F130/><W116/><G116/><T107/><D129/><U6/><E60/><V81/><F117/><W46/><G75/><T23/><D23/><U61/><E58/><V28/><F10/><W85/><G72/><T96/><D132/><U135/><E15/><V2/><F5/><N who="1" m="1545" /><E61/><N who="2" m="35975" /><F2/><W121/><G121/><T95/><D107/><U35/><E120/><V110/><F110/><W104/><G43/><N who="0" m="16459" /><D53/><U62/><E79/><V93/><AGARI ba="0,0" hai="21,26,28,81,84,89,90,91,93,97,100" m="35975" machi="93" ten="30,4000,0" yaku="8,1,52,1,54,1" doraHai="50" who="2" fromWho="2" sc="155,-10,410,-10,267,40,168,-20" owari="145,-35.0,400,49.0,307,11.0,148,-25.0" /></mjloggm>