<mjloggm ver="2.3"><GO type="225" lobby="0"/><UN n0="%E8%B6%B3%E3%81%AE%E8%B8%8F%E3%81%BF%E5%A0%B4%E3%82%82%E3%81%AA%E3%81%84" n1="%E3%83%88%E3%83%88%E3%83%AA%E5%85%88%E7%94%9F%31%39%E6%AD%B3" n2="%E3%81%8A%E3%81%BE%E3%81%A4%E3%82%8A" n3="%28%EF%BC%BE%CF%89%EF%BC%BE%29%E3%81%8A%E3%81%89%E3%82%93" dan="16,18,16,16" rate="2042.85,2281.33,2065.57,2116.22" sx="M,F,M,F"/><TAIKYOKU oya="0"/><INIT seed="0,0,0,0,0,119" ten="250,250,250,250" oya="0" hai0="24,61,18,4,23,133,48,21,14,45,31,67,30" hai1="42,56,78,52,98,41,114,11,60,9,8,58,22" hai2="97,134,96,103,129,90,109,118,110,62,88,79,80" hai3="53,130,107,108,106,86,125,65,44,124,46,34,59"/><T70/><D133/><U94/><E114/><V71/><F118/><W10/><G34/><T85/><D85/><U12/><E78/><V74/><F71/><W131/><G10/><T135/><D135/><U83/><E83/><V47/><F62/><N who="3" m="38111" /><G86/><T55/><REACH who="0" step="1"/><D4/><REACH who="0" ten="240,250,250,250" step="2"/><U76/><E76/><V132/><F132/><W77/><G77/><T72/><D72/><U113/><E113/><V37/><F134/><W29/><G29/><AGARI ba="0,1" hai="14,18,21,23,24,29,30,31,45,48,55,61,67,70" machi="29" ten="30,12000,1" yaku="1,1,7,1,53,3" doraHai="119" doraHaiUra="27" who="0" fromWho="3" sc="240,130,250,0,250,0,250,-120" /><INIT seed="0,1,0,1,0,88" ten="370,250,250,130" oya="0" hai0="0,67,60,68,51,36,52,121,12,33,115,120,48" hai1="117,70,86,134,58,28,123,19,31,7,26,84,39" hai2="6,25,56,131,91,80,110,71,118,124,32,40,49" hai3="79,43,122,93,83,57,96,119,129,2,102,114,42"/><T127/><D0/><U11/><E117/><V23/><F71/><W133/><G119/><T85/><D33/><U27/><E70/><V59/><F32/><W69/><G114/><T112/><D85/><U105/><E105/><V111/><F118/><W38/><G69/><T1/><D12/><U17/><E39/><V98/><F6/><W76/><G2/><T29/><D29/><U50/><E134/><V64/><F124/><W13/><G122/><N who="0" m="47211" /><D1/><U100/><E100/><V128/><F49/><W4/><G129/><N who="2" m="49737" /><F40/><W125/><G125/><T18/><D18/><U63/><E50/><V35/><F35/><W8/><G133/><T103/><D103/><U55/><E123/><V16/><F64/><W62/><G38/><T94/><D127/><U104/><E104/><V37/><F37/><W21/><G21/><T41/><D48/><U20/><E7/><V14/><F14/><W46/><G46/><N who="0" m="27767" /><D41/><U97/><E11/><V34/><F34/><W130/><G130/><T75/><D36/><U135/><E135/><V89/><F80/><W106/><G106/><T9/><D9/><U116/><E116/><V15/><F15/><W72/><REACH who="3" step="1"/><G79/><REACH who="3" ten="370,250,250,120" step="2"/><T77/><D115/><U30/><E20/><V22/><F23/><W73/><G73/><T45/><D112/><U99/><E28/><V90/><F98/><N who="1" m="37385" /><E30/><V95/><F95/><W81/><G81/><N who="0" m="45247" /><D94/><U47/><E31/><V5/><F5/><W82/><G82/><T74/><D74/><U53/><E47/><V92/><F92/><W109/><G109/><AGARI ba="1,1" hai="16,22,25,56,59,89,90,91,109,110,111" m="49737" machi="109" ten="40,5200,0" yaku="14,1,19,1,54,1" doraHai="88" who="2" fromWho="3" sc="370,0,250,0,250,65,120,-55" /><INIT seed="1,0,0,4,4,87" ten="370,250,315,65" oya="1" hai0="89,52,93,48,103,125,27,122,105,39,28,75,131" hai1="65,96,99,77,56,11,15,45,104,79,34,71,41" hai2="17,73,0,26,33,74,24,111,25,72,3,4,118" hai3="120,40,55,10,98,49,82,1,102,127,12,42,69"/><U66/><E34/><V63/><F33/><W57/><G120/><T95/><D39/><U124/><E71/><V100/><F100/><W90/><G127/><T7/><D105/><U134/><E134/><V14/><F118/><W44/><G1/><T84/><D75/><U123/><E123/><V6/><F63/><W101/><G69/><T106/><D122/><U80/><E124/><V81/><F81/><W113/><G113/><T2/><D106/><U22/><E22/><V58/><F58/><W129/><G129/><T9/><D125/><U86/><E79/><V76/><F76/><W107/><G102/><T121/><D121/><U114/><E114/><V116/><F116/><W36/><G57/><T18/><D18/><U68/><E68/><V108/><F17/><W97/><G36/><T38/><D38/><U126/><E126/><V61/><F14/><W19/><REACH who="3" step="1"/><G98/><REACH who="3" ten="370,250,315,55" step="2"/><T135/><D131/><U112/><E112/><V59/><F59/><W35/><G35/><T46/><D103/><U53/><E99/><V94/><F0/><W21/><G21/><T30/><D135/><U132/><E132/><V37/><F3/><W85/><AGARI ba="0,1" hai="10,12,19,40,42,44,49,55,82,85,90,97,101,107" machi="85" ten="30,12000,2" yaku="1,1,0,1,25,2,52,1,53,1" doraHai="87" doraHaiUra="51" who="3" fromWho="3" sc="370,-30,250,-60,315,-30,55,130" /><INIT seed="2,0,0,1,3,22" ten="340,190,285,185" oya="2" hai0="63,84,24,69,25,94,65,12,44,9,122,41,100" hai1="83,96,34,126,56,132,81,70,2,77,35,36,52" hai2="117,112,92,39,18,76,60,79,0,108,75,4,37" hai3="107,26,93,120,38,53,98,8,135,15,1,133,59"/><V45/><F117/><W114/><G120/><T17/><D122/><U46/><E2/><V6/><F112/><W78/><G114/><T74/><D74/><U43/><E70/><V51/><F60/><W57/><G38/><T119/><D119/><U99/><E132/><N who="3" m="50762" /><G107/><T127/><D127/><U47/><E126/><V106/><F106/><W71/><G71/><T27/><D84/><U111/><E111/><V102/><F18/><N who="3" m="8551" /><G1/><T42/><REACH who="0" step="1"/><D44/><REACH who="0" ten="330,190,285,185" step="2"/><U123/><E47/><V109/><F45/><W129/><G129/><T130/><D130/><U118/><E123/><V66/><F75/><W68/><G68/><T23/><D23/><U49/><E118/><V115/><F115/><W91/><G59/><T110/><D110/><U72/><E35/><V88/><F108/><W97/><G78/><T62/><D62/><U20/><E34/><V64/><F109/><W61/><G98/><AGARI ba="0,1" hai="9,12,17,24,25,27,41,42,63,65,69,94,98,100" machi="98" ten="40,8000,1" yaku="1,1,52,3,53,0" doraHai="22" doraHaiUra="54" who="0" fromWho="3" sc="330,90,190,0,285,0,185,-80" /><INIT seed="3,0,0,3,5,125" ten="420,190,285,105" oya="3" hai0="63,12,79,41,52,42,47,35,131,96,72,120,62" hai1="92,77,38,11,124,98,5,73,55,69,10,6,26" hai2="16,15,94,123,68,103,88,20,116,45,44,17,50" hai3="13,89,64,132,115,75,99,112,2,30,53,78,9"/><W134/><G2/><T27/><D131/><U102/><E38/><V113/><F68/><W48/><G30/><T31/><D120/><U95/><E69/><V109/><F113/><W59/><G75/><T65/><D96/><N who="1" m="59655" /><E73/><V71/><F71/><W114/><G78/><T51/><D12/><U74/><E74/><V24/><F103/><W70/><G89/><T25/><D25/><U14/><E124/><V90/><F109/><W108/><G99/><T105/><D105/><U58/><E77/><V37/><F37/><W110/><G13/><T86/><D63/><N who="1" m="36319" /><E26/><V43/><F116/><W39/><G9/><N who="1" m="3082" /><E14/><V111/><F111/><N who="3" m="42539" /><G39/><T36/><D31/><U91/><AGARI ba="0,0" hai="5,6,91,95,98" m="3082,36319,59655" machi="91" ten="30,1100,0" yaku="8,1" doraHai="125" who="1" fromWho="1" sc="420,-3,190,11,285,-3,105,-5" owari="417,52.0,201,-20.0,282,8.0,100,-40.0" /></mjloggm>