<mjloggm ver="2.3"><GO type="97" lobby="0"/><UN n0="%E3%83%88%E3%83%88%E3%83%AA%E5%85%88%E7%94%9F%31%39%E6%AD%B3" n1="%63%6F%66%66%65%65%2E%53" n2="%E5%91%B3%E3%82%8F%E3%81%84%E3%82%AB%E3%83%AA%E3%83%B3" n3="%4D%4F%4C%44%41%59" dan="15,13,15,13" rate="2021.31,1856.71,1964.24,1921.15" sx="F,M,F,M"/><TAIKYOKU oya="0"/><INIT seed="0,0,0,1,5,15" ten="250,250,250,250" oya="0" hai0="61,63,33,32,75,130,36,77,110,78,25,9,85" hai1="131,117,72,104,48,97,124,102,101,53,113,23,118" hai2="37,109,132,47,129,43,71,64,122,82,17,2,18" hai3="56,42,134,123,14,74,100,24,50,52,66,62,114"/><T1/><D36/><U7/><E72/><V20/><F122/><W94/><G114/><T44/><D75/><U103/><E113/><V26/><F2/><W4/><G123/><T84/><D130/><U116/><E131/><V133/><F129/><W27/><G74/><T30/><D44/><U127/><E7/><V21/><F109/><W91/><G100/><T126/><D1/><U119/><N who="1" m="30208" /><DORA hai="88" /><U16/><E104/><V89/><F82/><W12/><G42/><T35/><D9/><U19/><E23/><V76/><F76/><W13/><G4/><T92/><D126/><N who="1" m="48171" /><E97/><V40/><F40/><W49/><G134/><N who="2" m="51817" /><F89/><W112/><G112/><T79/><D110/><U67/><E67/><V95/><F95/><W3/><G3/><T22/><REACH who="0" step="1"/><D92/><REACH who="0" ten="240,250,250,250" step="2"/><U60/><E60/><AGARI ba="0,1" hai="22,25,30,32,33,35,60,61,63,77,78,79,84,85" machi="60" ten="50,12000,1" yaku="1,1,2,1,53,3" doraHai="15,88" doraHaiUra="135,73" who="0" fromWho="1" sc="240,130,250,-120,250,0,250,0" /><INIT seed="0,1,0,3,4,105" ten="370,130,250,250" oya="0" hai0="115,52,72,96,0,78,64,91,12,124,35,114,8" hai1="87,17,112,121,126,60,37,119,93,103,62,108,110" hai2="120,100,99,131,51,58,1,33,92,27,57,118,43" hai3="25,39,18,63,90,70,133,20,89,129,44,42,36"/><T30/><D0/><U15/><E37/><V40/><F1/><W123/><G133/><T14/><D124/><U47/><E119/><V69/><F69/><W94/><G129/><T81/><D64/><U74/><E121/><V102/><F102/><W32/><G123/><T46/><D14/><U80/><E126/><V22/><F58/><W98/><G32/><T104/><D30/><U132/><E132/><V71/><F71/><W107/><G107/><T10/><D35/><U7/><E7/><V84/><F33/><W88/><REACH who="3" step="1"/><G39/><REACH who="3" ten="370,130,250,240" step="2"/><T50/><D104/><U128/><E128/><V45/><F131/><W85/><G85/><T9/><D96/><U67/><E87/><V68/><F84/><W134/><G134/><T31/><D114/><U97/><E112/><V125/><F120/><W28/><G28/><T122/><D31/><U26/><E108/><V56/><F99/><W24/><G24/><T54/><D115/><U66/><E26/><V48/><F27/><W79/><G79/><T29/><D29/><U53/><E110/><V113/><F113/><W13/><G13/><T130/><D12/><U21/><E15/><V106/><F106/><W6/><G6/><T76/><D130/><U82/><E17/><V111/><F111/><W83/><G83/><N who="0" m="45447" /><D78/><U16/><E82/><V19/><F19/><W4/><G4/><T49/><D122/><U127/><E16/><V73/><F125/><W95/><G95/><T38/><D38/><U75/><E93/><V3/><F92/><W55/><G55/><T59/><D81/><U34/><E80/><V77/><F77/><RYUUKYOKU ba="1,1" sc="370,15,130,-15,250,-15,240,15" hai0="8,9,10,46,49,50,52,54,59,91" hai3="18,20,25,36,42,44,63,70,88,89,90,94,98" /><INIT seed="0,2,1,1,4,27" ten="385,115,235,255" oya="0" hai0="128,4,37,47,61,95,102,123,48,15,114,124,65" hai1="5,133,82,131,58,0,51,35,107,83,42,49,74" hai2="63,93,103,129,126,78,50,25,59,89,18,122,2" hai3="119,115,55,109,34,32,84,97,132,112,21,99,130"/><T69/><D114/><U77/><E107/><V3/><F78/><W16/><G119/><T81/><D123/><U23/><E35/><V14/><F103/><W75/><G75/><T43/><D128/><U80/><E131/><V20/><F122/><W68/><G130/><T71/><D124/><U105/><E105/><V13/><F129/><W17/><G68/><T52/><D71/><U22/><E133/><V1/><F50/><W7/><G7/><T36/><D81/><U8/><E77/><V28/><F126/><W91/><G109/><T79/><D79/><U87/><E74/><V92/><F14/><W39/><G39/><T88/><D102/><U85/><E51/><V100/><F100/><W116/><G116/><T70/><D70/><U72/><E72/><V57/><F57/><W135/><G55/><T56/><D36/><U9/><E9/><V90/><F93/><W24/><G24/><T38/><D38/><U98/><E98/><V62/><F92/><W118/><G118/><T125/><D125/><U44/><E58/><V45/><F45/><W111/><G111/><T134/><D15/><U64/><REACH who="1" step="1"/><E64/><REACH who="1" ten="385,105,235,255" step="2"/><V19/><F59/><W76/><G76/><T121/><D121/><U10/><E10/><V53/><F53/><W117/><G117/><T104/><D104/><U67/><E67/><V54/><F54/><W29/><G21/><AGARI ba="2,2" hai="0,5,8,21,22,23,42,44,49,80,82,83,85,87" machi="21" ten="40,1300,0" yaku="1,1,53,0" doraHai="27" doraHaiUra="26" who="1" fromWho="3" sc="385,0,105,39,235,0,255,-19" /><INIT seed="1,0,0,4,0,73" ten="385,144,235,236" oya="1" hai0="82,20,19,1,120,17,62,114,57,39,68,123,61" hai1="97,41,115,16,103,98,52,14,75,12,5,74,113" hai2="106,81,127,110,100,7,95,90,119,79,66,111,56" hai3="54,28,48,121,0,105,63,72,135,22,3,58,53"/><U59/><E41/><V45/><F7/><W11/><G121/><N who="0" m="46667" /><D39/><U51/><E113/><V128/><F119/><W65/><G135/><T67/><D114/><U10/><E115/><V133/><F133/><W24/><G105/><T33/><D33/><U43/><E43/><V49/><F128/><W2/><G72/><T18/><D82/><U60/><E98/><V42/><F127/><W122/><G122/><T87/><D87/><U13/><E13/><V94/><F94/><W6/><REACH who="3" step="1"/><G54/><REACH who="3" ten="385,144,235,226" step="2"/><N who="0" m="33975" /><D1/><U93/><REACH who="1" step="1"/><E51/><REACH who="1" ten="385,134,235,226" step="2"/><V96/><F49/><W50/><G50/><T112/><D112/><U85/><E85/><V88/><F42/><W69/><AGARI ba="0,2" hai="0,2,3,6,11,22,24,28,48,53,58,63,65,69" machi="69" ten="20,2700,0" yaku="1,1,0,1,7,1,53,0" doraHai="73" doraHaiUra="101" who="3" fromWho="3" sc="385,-7,134,-13,235,-7,226,47" /><INIT seed="2,0,0,1,5,39" ten="378,121,228,273" oya="2" hai0="16,4,115,12,20,30,22,31,0,80,64,73,79" hai1="84,66,58,128,72,37,41,131,44,102,57,100,10" hai2="25,89,38,13,104,60,33,134,67,11,119,98,26" hai3="103,78,9,101,129,6,49,32,14,1,118,96,74"/><V3/><F3/><W81/><G129/><N who="1" m="49738" /><E72/><V47/><F119/><W75/><G118/><T53/><D115/><U135/><E10/><V82/><F134/><W105/><G32/><T106/><D106/><U28/><E28/><V87/><F33/><W124/><G124/><T48/><D64/><U8/><E8/><V121/><F121/><W63/><G103/><T56/><D0/><U59/><E84/><V120/><F120/><W42/><G63/><T69/><D69/><U54/><E102/><V7/><F98/><W15/><G74/><T132/><D4/><U36/><E100/><V123/><F104/><W68/><G68/><T116/><D132/><U34/><E135/><V35/><F35/><W117/><G117/><T24/><D116/><U94/><E94/><V71/><F123/><W95/><G105/><T107/><D107/><U88/><E88/><V99/><REACH who="2" step="1"/><F99/><REACH who="2" ten="378,121,218,273" step="2"/><W93/><G96/><T130/><D130/><U76/><E34/><V91/><F91/><W70/><G1/><T126/><D126/><U122/><E122/><V65/><F65/><W40/><G101/><T111/><D111/><U2/><E2/><V51/><F51/><W109/><G49/><T61/><D48/><N who="1" m="26639" /><E76/><V113/><F113/><W62/><G78/><T114/><D114/><U17/><E66/><V83/><F83/><W29/><G81/><T5/><D80/><U55/><E17/><V52/><F52/><AGARI ba="0,1" hai="36,37,52,54,55,57,58,59" m="26639,49738" machi="52" ten="30,8000,1" yaku="19,1,34,2,52,1,54,1" doraHai="39" who="1" fromWho="2" sc="378,0,121,90,218,-80,273,0" /><INIT seed="3,0,0,4,1,88" ten="378,211,138,273" oya="3" hai0="62,61,113,95,104,63,134,68,46,28,131,38,127" hai1="102,66,97,32,50,4,129,29,105,51,133,83,114" hai2="120,16,72,34,130,23,107,57,30,85,79,21,75" hai3="37,24,109,117,52,35,20,86,64,74,94,11,44"/><W60/><G74/><T39/><D104/><U48/><E114/><V8/><F130/><W9/><G117/><T58/><D28/><U115/><E115/><V121/><F107/><W13/><G35/><T135/><D113/><U108/><E129/><V31/><F34/><W125/><G125/><T132/><D127/><U111/><E4/><V59/><F85/><W89/><G109/><T77/><D131/><U112/><E112/><V80/><F8/><W101/><G101/><T7/><D68/><U106/><E106/><V92/><F80/><W67/><G11/><T93/><D77/><U98/><E98/><V71/><F71/><W116/><G116/><T40/><D39/><U53/><E66/><V76/><REACH who="2" step="1"/><F16/><REACH who="2" ten="378,211,128,273" step="2"/><N who="3" m="12295" /><G9/><T103/><D132/><U45/><E133/><V91/><F91/><W33/><G33/><T36/><D134/><U3/><E111/><V54/><F54/><W84/><G84/><T123/><D135/><U119/><E108/><V43/><F43/><W47/><G89/><T19/><D103/><U49/><E119/><V1/><F1/><W15/><G86/><T81/><D19/><U14/><E3/><V69/><F69/><W17/><G17/><T25/><D40/><U122/><E83/><V96/><F96/><W55/><G55/><T70/><D81/><U5/><E53/><V78/><F78/><W126/><G52/><T18/><D70/><U12/><E105/><V118/><F118/><W124/><G124/><T6/><D18/><U10/><E97/><V128/><F128/><W26/><G126/><T65/><D65/><U56/><E10/><RYUUKYOKU ba="0,1" sc="378,-10,211,-10,128,30,273,-10" hai2="21,23,30,31,57,59,72,75,76,79,92,120,121" owari="378,48.0,201,-20.0,158,-34.0,263,6.0" /></mjloggm>