<mjloggm ver="2.3"><GO type="97" lobby="0"/><UN n0="%E9%9B%80%E8%8D%98%E3%81%AE%E5%BC%A5%E4%B8%89" n1="%E3%81%BC%E3%81%A3%E3%81%A1%E5%85%9A%E5%93%A1" n2="%E7%BE%8E%E9%83%BD%E5%AD%90%E3%82%93%E3%83%89%E3%83%AA%E3%82%A2" n3="%E5%B0%B1%E6%B4%BB%E7%94%9F%40%E5%B7%9D%E6%9D%91%E8%BB%8D%E5%9B%A3" dan="14,14,15,16" rate="1911.82,1920.25,1967.42,2114.74" sx="M,F,F,M"/><TAIKYOKU oya="0"/><INIT seed="0,0,0,2,2,53" ten="250,250,250,250" oya="0" hai0="133,114,39,117,128,52,3,89,103,2,14,127,51" hai1="96,23,25,72,36,45,109,40,57,83,70,98,135" hai2="60,99,20,73,9,132,31,1,59,12,93,131,102" hai3="38,121,129,61,0,26,106,54,69,88,35,68,30"/><T74/><D103/><U50/><E70/><V75/><F132/><W66/><G121/><T95/><D117/><U110/><E135/><V115/><F131/><W119/><G119/><T8/><D74/><U76/><E36/><V27/><F1/><W122/><G122/><T58/><D133/><U48/><E98/><V13/><F13/><W84/><G106/><T11/><D128/><U82/><E82/><V104/><F104/><W32/><G0/><T63/><D39/><U80/><E80/><V120/><F120/><W100/><G100/><T49/><D127/><U56/><E96/><V78/><F115/><W41/><G129/><T108/><D114/><U19/><REACH who="1" step="1"/><E50/><REACH who="1" ten="250,240,250,250" step="2"/><V47/><F78/><W92/><G68/><T85/><D3/><U43/><E43/><V18/><REACH who="2" step="1"/><F47/><REACH who="2" ten="250,240,240,250" step="2"/><W15/><G69/><T126/><D2/><U46/><E46/><V113/><F113/><W64/><G38/><T94/><D126/><U111/><AGARI ba="0,2" hai="19,23,25,40,45,48,56,57,72,76,83,109,110,111" machi="111" ten="30,8000,1" yaku="1,1,0,1,14,1,52,2,53,0" doraHai="53" doraHaiUra="116" who="1" fromWho="1" sc="250,-40,240,100,240,-20,250,-20" /><INIT seed="1,0,0,0,1,13" ten="210,340,220,230" oya="1" hai0="53,59,109,24,104,131,95,121,105,61,64,1,102" hai1="97,46,119,91,8,108,52,125,78,90,41,11,93" hai2="83,103,6,81,16,122,134,48,54,116,72,101,22" hai3="36,21,77,38,94,4,49,100,60,111,3,124,34"/><U128/><E119/><V43/><F116/><W73/><G34/><T55/><D1/><U26/><E125/><V5/><F122/><W33/><G33/><T74/><D74/><U65/><E65/><V68/><F43/><W70/><G124/><T50/><D131/><U75/><E128/><V29/><F68/><W87/><G111/><T129/><D109/><U57/><E26/><N who="2" m="14663" /><F29/><W32/><G32/><T88/><D129/><U28/><E28/><V96/><F72/><W44/><G73/><T47/><D24/><U118/><E118/><V2/><F2/><W17/><G4/><N who="2" m="1641" /><F134/><W0/><G0/><T40/><D121/><U110/><E75/><V99/><F103/><W35/><G35/><T71/><D102/><U82/><E108/><V126/><F126/><W85/><G3/><T51/><D53/><U112/><E110/><V12/><F12/><W10/><G10/><T58/><D58/><U123/><E8/><V45/><F101/><W107/><G107/><T9/><REACH who="0" step="1"/><D9/><REACH who="0" ten="200,340,220,230" step="2"/><U113/><E11/><V15/><F15/><W67/><G100/><T66/><D66/><U42/><E123/><V84/><F83/><W37/><G94/><T27/><D27/><U31/><E93/><V115/><F115/><W18/><G21/><T98/><AGARI ba="0,1" hai="40,47,50,51,55,59,61,64,71,88,95,98,104,105" machi="98" ten="20,5200,0" yaku="1,1,0,1,7,1,54,1,53,0" doraHai="13" doraHaiUra="132" who="0" fromWho="0" sc="200,62,340,-26,220,-13,230,-13" /><INIT seed="2,0,0,0,1,135" ten="262,314,207,217" oya="2" hai0="109,45,74,96,18,86,85,4,8,33,99,79,32" hai1="65,133,80,113,7,84,53,9,50,43,31,59,132" hai2="10,83,66,130,56,124,35,102,117,88,112,129,127" hai3="28,15,39,116,103,87,20,40,34,42,104,62,134"/><V46/><F35/><W91/><G134/><N who="1" m="51818" /><E113/><V90/><F112/><W23/><G116/><T121/><D121/><U64/><E43/><V67/><F117/><W69/><G39/><T3/><D109/><U11/><E31/><V93/><F46/><W61/><G34/><T13/><D74/><U73/><E73/><V119/><F119/><W95/><G104/><T25/><D45/><U44/><E44/><V108/><F108/><W21/><G103/><T78/><D33/><U1/><E11/><V58/><F10/><W37/><G37/><T82/><D86/><U98/><E98/><V120/><F120/><W111/><G111/><T100/><D78/><AGARI ba="0,0" hai="1,7,9,50,53,59,64,65,78,80,84" m="51818" machi="78" ten="30,1000,0" yaku="20,1" doraHai="135" who="1" fromWho="0" sc="262,-10,314,10,207,0,217,0" /><INIT seed="3,0,0,1,1,113" ten="252,324,207,217" oya="3" hai0="6,80,11,57,112,10,114,30,111,91,65,67,134" hai1="37,69,25,32,119,61,96,86,92,51,82,0,133" hai2="8,85,58,106,100,15,17,48,70,77,103,98,124" hai3="127,33,43,27,90,63,75,109,55,44,81,73,74"/><W23/><G127/><T24/><D111/><U31/><E37/><V84/><F70/><W135/><G33/><T64/><D134/><U101/><E133/><V21/><F124/><W45/><G135/><T121/><D121/><U79/><E119/><V34/><F34/><W18/><G109/><T125/><D125/><U120/><E120/><V22/><F103/><W95/><G81/><T66/><N who="0" m="16896" /><DORA hai="26" /><T118/><D118/><U62/><E0/><V13/><F22/><W110/><G110/><T36/><D36/><U83/><E69/><V122/><F77/><W87/><REACH who="3" step="1"/><G43/><REACH who="3" ten="252,324,207,207" step="2"/><T7/><D57/><AGARI ba="0,1" hai="18,23,27,44,45,55,57,63,73,74,75,87,90,95" machi="57" ten="40,7700,0" yaku="1,1,2,1,53,1" doraHai="113,26" doraHaiUra="14,9" who="3" fromWho="0" sc="252,-77,324,0,207,0,207,87" /><INIT seed="3,1,0,2,3,25" ten="175,324,207,294" oya="3" hai0="36,124,31,95,132,75,55,41,105,23,62,14,118" hai1="35,42,114,40,126,27,4,110,68,101,120,61,104" hai2="99,47,108,116,49,70,97,65,0,6,10,44,20" hai3="45,130,77,50,7,123,76,30,15,133,121,71,32"/><W56/><G71/><T46/><D118/><U43/><E110/><V112/><F108/><W26/><G130/><T93/><D105/><U38/><E120/><V22/><F116/><W28/><G133/><T5/><D132/><U134/><E114/><V59/><F112/><W74/><G56/><T29/><D124/><U80/><E126/><V52/><F70/><W11/><G30/><N who="0" m="11275" /><D75/><U109/><E4/><V83/><F83/><W87/><G74/><T67/><D36/><U72/><E38/><V86/><F86/><W89/><G121/><T39/><D39/><U18/><E104/><V60/><REACH who="2" step="1"/><F47/><REACH who="2" ten="175,324,197,294" step="2"/><W106/><G123/><T34/><D34/><U79/><E35/><V2/><F2/><W88/><G106/><T1/><D1/><U73/><E109/><V3/><F3/><W94/><G89/><T37/><D37/><U16/><E68/><V96/><AGARI ba="1,1" hai="0,6,10,20,22,44,49,52,59,60,65,96,97,99" machi="96" ten="30,7900,0" yaku="1,1,0,1,54,1,53,1" doraHai="25" doraHaiUra="57" who="2" fromWho="2" sc="175,-21,324,-21,197,92,294,-40" owari="154,-35.0,303,41.0,289,9.0,254,-15.0" /></mjloggm>