<mjloggm ver="2.3"><GO type="169" lobby="0"/><UN n0="%E3%81%82%E3%81%B2%E3%82%8B%E3%81%95%E3%82%93" n1="%E3%83%88%E3%83%88%E3%83%AA%E5%85%88%E7%94%9F%31%39%E6%AD%B3" n2="%E3%83%92%E3%83%AB%E3%83%99%E3%83%AB%E3%83%88" n3="%63%79%62%65%72%E9%9B%80%E3%82%B4%E3%83%AD" dan="16,17,17,17" rate="2069.37,2253.61,2159.81,2140.68" sx="M,F,M,M"/><TAIKYOKU oya="0"/><INIT seed="0,0,0,0,2,58" ten="250,250,250,250" oya="0" hai0="27,59,38,127,56,105,17,92,87,134,95,16,47" hai1="109,91,103,104,81,5,20,131,116,63,74,125,43" hai2="39,51,126,8,46,86,52,112,85,61,4,55,44" hai3="114,45,93,78,31,23,98,1,21,115,76,100,94"/><T68/><D105/><U32/><E91/><V89/><F112/><W84/><G1/><T96/><D68/><U124/><E20/><V135/><F126/><W3/><G3/><T0/><D0/><U25/><E5/><V36/><F135/><W129/><G129/><T118/><D118/><U97/><E43/><V60/><F8/><W121/><G121/><T62/><D127/><N who="1" m="48715" /><E116/><V108/><F89/><W29/><G31/><T26/><D134/><U18/><E18/><N who="0" m="7273" /><D38/><U130/><E109/><V19/><F19/><W11/><G29/><T106/><D106/><U40/><E40/><V107/><F107/><W77/><G11/><T132/><D132/><U102/><E102/><V75/><F51/><W110/><G110/><T15/><D15/><U122/><E122/><V123/><F123/><W9/><G9/><T69/><D69/><U70/><E25/><N who="0" m="9225" /><D47/><U66/><E32/><V7/><F75/><W113/><G45/><T42/><D42/><U82/><E74/><V53/><F53/><W133/><G133/><T30/><D30/><U34/><E34/><V28/><F28/><W10/><G10/><T119/><D119/><U111/><E111/><AGARI ba="0,0" hai="4,7,36,39,44,46,52,55,60,61,85,86,108,111" machi="111" ten="25,8000,1" yaku="22,2,52,2,54,1" doraHai="58" who="2" fromWho="1" sc="250,0,250,-80,250,80,250,0" /><INIT seed="1,0,0,5,2,3" ten="250,170,330,250" oya="1" hai0="10,133,51,125,31,82,117,17,21,79,119,102,134" hai1="18,60,99,115,78,59,110,24,56,46,122,52,89" hai2="98,23,49,64,91,74,103,66,97,29,41,121,19" hai3="69,80,44,48,36,104,25,16,126,111,71,39,132"/><U84/><E115/><V26/><F74/><W130/><G104/><T93/><D31/><U62/><E122/><V61/><F121/><W68/><G80/><T100/><D51/><U76/><E110/><V70/><F66/><W53/><G111/><T8/><D82/><U109/><E109/><V42/><F49/><W22/><G126/><T5/><D79/><U58/><E46/><V81/><F98/><W85/><G85/><T63/><D63/><U106/><E59/><V101/><F101/><W50/><G130/><T90/><D93/><N who="1" m="56751" /><E106/><V37/><F37/><W87/><G87/><T129/><D90/><U11/><E84/><V47/><F47/><W75/><G75/><T38/><D38/><U20/><E11/><N who="0" m="4137" /><D102/><U34/><E34/><V72/><F91/><W94/><G132/><N who="0" m="50795" /><D100/><U43/><E43/><V92/><REACH who="2" step="1"/><F29/><REACH who="2" ten="250,170,320,250" step="2"/><W15/><G94/><T86/><D119/><U114/><E114/><V131/><F131/><W107/><G107/><T6/><D117/><U9/><E9/><V55/><F55/><AGARI ba="0,1" hai="18,20,24,52,55,56,58,60,62,76,78" m="56751" machi="55" ten="30,5800,0" yaku="25,1,8,1,54,1" doraHai="3" who="1" fromWho="2" sc="250,0,170,68,320,-58,250,0" /><INIT seed="1,1,0,4,5,123" ten="250,238,262,250" oya="1" hai0="56,48,41,118,34,60,117,3,6,39,7,51,79" hai1="103,64,68,102,45,134,69,27,26,92,38,46,13" hai2="44,98,62,110,55,114,23,120,24,93,108,42,18" hai3="30,82,125,10,112,32,95,129,94,86,54,12,80"/><U113/><E113/><V11/><F120/><W19/><G112/><T124/><D34/><U97/><E134/><V52/><F114/><W70/><G70/><T74/><D124/><U37/><E13/><V111/><F11/><W49/><G125/><T20/><D39/><U53/><E92/><V16/><F18/><W76/><G129/><T28/><D3/><U43/><E53/><V65/><F42/><W73/><G30/><T31/><D41/><U85/><E43/><V88/><F44/><W33/><G33/><T126/><D126/><U83/><E85/><V17/><F17/><W131/><G32/><T40/><D40/><U89/><E89/><V22/><F23/><W116/><G116/><T99/><D20/><U122/><E122/><V132/><F132/><W0/><G0/><T107/><D56/><AGARI ba="1,0" hai="16,22,24,52,55,56,62,65,88,93,98,108,110,111" machi="56" ten="40,12000,2" yaku="14,1,52,3,54,3" doraHai="123" who="2" fromWho="0" sc="250,-123,238,0,262,123,250,0" /><INIT seed="2,0,0,2,4,108" ten="127,238,385,250" oya="2" hai0="128,51,95,102,97,35,21,94,24,123,15,49,109" hai1="122,96,45,68,22,88,111,71,106,110,103,47,134" hai2="29,26,74,63,34,116,18,81,31,5,131,112,1" hai3="98,125,32,55,57,133,78,82,120,79,89,23,99"/><V52/><F112/><W9/><G120/><T4/><D123/><U65/><E122/><V75/><F116/><W43/><G32/><T130/><D35/><U115/><E134/><V80/><F131/><W87/><G133/><T126/><D109/><N who="1" m="41483" /><E115/><V77/><F29/><W58/><G125/><T30/><D126/><U119/><E119/><V16/><F5/><W48/><G43/><T19/><D4/><U117/><E117/><V135/><F1/><W104/><G104/><T84/><D130/><U40/><E65/><V124/><F135/><W54/><G9/><N who="0" m="6639" /><D128/><U64/><E64/><V62/><F124/><W14/><G14/><T70/><D70/><N who="1" m="26667" /><E40/><V72/><F62/><W25/><G78/><T46/><D46/><U33/><E33/><V127/><F127/><W107/><G79/><T85/><D95/><N who="1" m="56423" /><E22/><V76/><F72/><W59/><G107/><T93/><D93/><U10/><E10/><V67/><F67/><W83/><G83/><T105/><D105/><U36/><E36/><V90/><F90/><W114/><G114/><T132/><D132/><U60/><E60/><V12/><F12/><W53/><REACH who="3" step="1"/><G48/><AGARI ba="0,0" hai="21,24,30,48,49,51,84,85,94,97,102" m="6639" machi="48" ten="30,1000,0" yaku="8,1" doraHai="108" who="0" fromWho="3" sc="127,10,238,0,385,0,250,-10" /><INIT seed="3,0,0,3,0,116" ten="137,238,385,240" oya="3" hai0="20,126,78,11,76,33,26,25,50,99,52,107,22" hai1="62,104,41,24,110,85,14,69,97,2,95,118,89" hai2="42,74,84,79,35,112,131,59,105,29,55,5,31" hai3="54,101,119,23,129,51,83,15,21,103,60,32,91"/><W38/><G119/><T82/><D33/><U114/><E118/><V135/><F105/><W132/><G38/><T100/><D126/><U45/><E2/><V10/><F74/><W77/><G32/><T1/><D1/><U71/><E114/><V58/><F35/><W68/><G129/><T40/><D11/><U102/><E110/><V96/><F112/><W44/><G91/><T67/><D67/><U73/><E73/><V47/><F135/><W75/><G132/><T65/><D65/><U128/><E128/><V16/><F96/><W53/><G68/><T121/><D40/><U72/><E72/><V61/><F131/><W86/><G75/><T98/><D98/><U28/><E62/><V13/><F58/><N who="3" m="34903" /><G23/><T8/><D8/><U92/><E104/><V115/><F115/><W90/><G77/><T37/><D37/><U7/><E7/><V124/><F124/><W12/><G12/><T30/><D82/><U19/><E24/><V66/><F5/><W27/><G15/><T9/><D9/><U130/><E130/><V88/><F79/><W80/><G80/><T133/><D133/><U64/><E64/><V111/><F111/><W6/><G6/><T56/><REACH who="0" step="1"/><D121/><REACH who="0" ten="127,238,385,240" step="2"/><U17/><E69/><V87/><F66/><W43/><G43/><T39/><D39/><U117/><E71/><V134/><F134/><W123/><G123/><T81/><D81/><U106/><E117/><V113/><F113/><W127/><G127/><T46/><D46/><U93/><E45/><V34/><F34/><W4/><G4/><T3/><D3/><U94/><E41/><RYUUKYOKU ba="0,1" sc="127,15,238,-15,385,-15,240,15" hai0="20,22,25,26,30,50,52,56,76,78,99,100,107" hai3="21,27,44,51,53,83,86,90,101,103" /><INIT seed="3,1,1,1,3,127" ten="142,223,370,255" oya="3" hai0="29,124,125,78,86,133,109,5,20,65,10,35,120" hai1="111,89,44,116,91,38,64,75,121,71,76,123,24" hai2="74,47,37,103,57,27,92,19,54,104,85,0,67" hai3="95,88,18,22,113,90,63,17,61,56,94,7,42"/><W105/><G105/><T128/><D120/><U39/><E111/><V4/><F74/><W70/><G113/><T79/><D35/><U93/><E116/><V135/><F135/><W6/><G42/><T28/><D65/><U69/><E75/><V46/><F37/><W108/><G70/><T51/><D109/><U101/><E76/><V131/><F67/><W81/><G108/><T33/><D33/><U21/><E101/><V49/><F104/><W34/><G34/><T30/><D133/><U132/><E132/><V112/><F112/><W102/><G102/><T83/><D79/><U107/><E107/><V11/><F27/><W73/><G73/><T77/><D77/><U58/><E58/><V25/><F25/><W114/><G114/><T13/><D20/><U134/><E134/><V100/><F19/><W53/><G81/><T66/><D66/><U16/><E89/><N who="3" m="34410" /><G63/><T48/><D48/><U110/><E110/><V68/><F68/><W60/><G60/><T106/><D106/><U87/><E39/><V130/><F100/><W1/><G1/><T62/><D62/><N who="1" m="40087" /><E71/><V8/><F8/><W32/><G32/><T23/><D23/><U55/><E38/><V40/><F40/><W52/><G53/><T31/><N who="0" m="7168" /><DORA hai="15" /><T12/><D13/><U80/><E80/><V9/><F9/><W117/><G117/><T126/><REACH who="0" step="1"/><D51/><REACH who="0" ten="132,223,370,255" step="2"/><N who="1" m="29159" /><E123/><V2/><F2/><W115/><G115/><T84/><D84/><N who="1" m="52455" /><E121/><V50/><F85/><W122/><G122/><T41/><D41/><U59/><E87/><V129/><F49/><W72/><G72/><T99/><D99/><AGARI ba="1,2" hai="0,4,11,46,47,50,54,57,92,99,103,129,130,131" machi="99" ten="40,8000,1" yaku="6,1,19,1,52,3" doraHai="127,15" who="2" fromWho="0" sc="132,-83,223,0,370,103,255,0" /><INIT seed="4,0,0,5,0,70" ten="49,223,473,255" oya="0" hai0="38,53,74,33,128,68,64,125,39,26,44,23,109" hai1="58,134,66,101,120,62,48,17,78,67,42,127,41" hai2="76,12,40,14,77,129,113,24,108,71,16,87,11" hai3="61,6,102,30,99,34,29,35,94,45,13,28,86"/><T69/><D74/><U3/><E120/><V80/><F108/><W90/><G61/><T1/><D1/><U75/><E3/><V79/><F71/><W2/><G2/><T114/><D33/><U96/><E134/><V31/><F113/><W55/><G13/><T63/><D69/><U73/><E127/><V56/><F129/><W91/><G6/><T36/><D114/><U19/><E67/><V46/><F56/><W117/><G117/><T126/><D128/><U27/><E78/><V22/><F14/><W21/><G21/><T116/><D116/><U115/><E115/><V110/><F110/><W81/><G102/><T20/><D109/><U18/><E27/><V112/><F112/><W95/><G81/><T51/><REACH who="0" step="1"/><D20/><REACH who="0" ten="39,223,473,255" step="2"/><U10/><E75/><V104/><F104/><W103/><G35/><T9/><D9/><U118/><E73/><V43/><F43/><W123/><G34/><T111/><D111/><U4/><E118/><V59/><F59/><W88/><G123/><T133/><D133/><U135/><E135/><V7/><F31/><AGARI ba="0,1" hai="23,26,31,36,38,39,44,51,53,63,64,68,125,126" machi="31" ten="40,12000,1" yaku="1,1,52,3,53,1" doraHai="70" doraHaiUra="65" who="0" fromWho="2" sc="39,130,223,0,473,-120,255,0" /><INIT seed="4,1,0,4,3,85" ten="169,223,353,255" oya="0" hai0="24,36,32,39,44,104,21,9,11,102,128,10,124" hai1="112,66,53,46,96,127,82,3,47,31,76,78,33" hai2="97,118,88,133,68,23,123,13,95,30,73,14,100" hai3="6,91,106,25,56,93,4,20,70,113,58,86,122"/><T60/><D32/><U43/><E3/><V63/><F73/><W48/><G70/><T19/><D128/><U111/><E111/><V108/><F123/><W34/><G34/><T8/><D124/><U101/><E127/><V64/><F108/><W99/><G113/><T98/><N who="0" m="2048" /><DORA hai="29" /><T94/><D60/><U42/><E112/><V62/><F133/><W110/><G110/><T115/><D115/><U28/><E66/><V103/><F118/><W22/><G22/><T15/><D44/><U40/><E76/><V132/><F132/><W2/><G2/><T18/><REACH who="0" step="1"/><D104/><REACH who="0" ten="159,223,353,255" step="2"/><U109/><E109/><V134/><F134/><W69/><G122/><T1/><D1/><U121/><E121/><V54/><F63/><W57/><G69/><T117/><D117/><U49/><E46/><V131/><F131/><W12/><G106/><T74/><D74/><U61/><E61/><V72/><F72/><W125/><G125/><T84/><D84/><N who="1" m="48215" /><E33/><V67/><F68/><W45/><G86/><T119/><D119/><U114/><E114/><V87/><F67/><W37/><G37/><T65/><D65/><U130/><E130/><V35/><F64/><W16/><REACH who="3" step="1"/><G12/><REACH who="3" ten="159,223,353,245" step="2"/><T105/><D105/><U27/><E27/><N who="2" m="16767" /><F13/><W92/><G92/><AGARI ba="1,2" hai="28,31,40,42,43,47,49,53,92,96,101" m="48215" machi="92" ten="30,1000,0" yaku="8,1" doraHai="85,29" who="1" fromWho="3" sc="159,0,223,33,353,0,245,-13" /><INIT seed="5,0,0,0,4,127" ten="159,256,353,232" oya="1" hai0="25,87,54,124,35,29,66,49,129,3,68,8,73" hai1="83,41,72,98,119,64,0,101,62,67,56,126,117" hai2="57,128,43,53,104,78,51,88,105,92,116,55,121" hai3="2,113,122,108,81,40,133,114,42,22,130,48,94"/><U75/><E126/><V37/><F116/><W61/><G2/><T46/><D73/><U5/><E67/><V19/><F121/><W135/><G22/><T69/><D124/><U44/><E5/><V21/><F78/><W4/><G4/><T23/><D3/><U118/><E0/><V24/><F128/><W106/><G94/><T107/><D107/><U9/><E9/><V59/><F43/><W70/><G81/><T125/><D125/><U77/><E72/><V96/><REACH who="2" step="1"/><F37/><REACH who="2" ten="159,256,343,232" step="2"/><W84/><G122/><T15/><D129/><U6/><E118/><V47/><F47/><W76/><G130/><T100/><D46/><U71/><E117/><V7/><F7/><W103/><G108/><T34/><D69/><U115/><E6/><V131/><F131/><W120/><G120/><T89/><D68/><U58/><E119/><V33/><F33/><W11/><G70/><T110/><D110/><U16/><E44/><V17/><F17/><W13/><G76/><T134/><D34/><U30/><E16/><V97/><F97/><W38/><G38/><T28/><D35/><U65/><E41/><V27/><F27/><W14/><G42/><T12/><D29/><U50/><E30/><V20/><F20/><W86/><G40/><T111/><D111/><U39/><E39/><V36/><F36/><W112/><G11/><T26/><D26/><U93/><E71/><V102/><F102/><W95/><G103/><T10/><D100/><U74/><E101/><V63/><AGARI ba="0,1" hai="19,21,24,51,53,55,57,59,63,88,92,96,104,105" machi="63" ten="20,12000,2" yaku="1,1,0,1,7,1,25,2,54,1,53,0" doraHai="127" doraHaiUra="31" who="2" fromWho="2" sc="159,-30,256,-60,343,130,232,-30" /><INIT seed="6,0,0,2,0,95" ten="129,196,473,202" oya="2" hai0="18,115,81,16,122,29,59,125,5,15,0,99,105" hai1="124,94,56,121,107,2,62,72,100,111,53,54,44" hai2="91,13,52,60,131,134,36,109,63,76,117,49,46" hai3="135,73,98,78,26,28,119,48,120,87,6,1,45"/><V93/><F117/><W64/><G119/><T57/><D122/><U102/><E111/><V55/><F36/><W22/><G120/><T74/><D115/><U132/><E121/><V37/><F37/><W85/><G64/><T92/><D105/><U101/><E2/><V67/><F76/><W20/><G135/><T123/><D123/><U68/><E72/><V39/><F39/><W14/><G1/><T89/><D125/><U116/><E116/><V90/><F134/><W3/><G3/><T12/><D0/><U11/><E68/><V106/><F106/><W4/><G73/><T31/><D5/><U61/><E107/><V128/><F90/><W96/><G78/><T65/><D74/><U24/><E132/><V112/><F112/><W108/><G108/><T80/><D65/><U19/><E124/><V38/><F38/><W83/><G83/><T69/><D69/><U51/><E61/><V10/><F55/><W133/><G133/><T8/><D81/><U34/><E34/><V9/><F109/><W35/><G35/><T113/><D80/><U32/><E32/><V25/><F25/><W104/><G104/><T79/><D79/><U126/><E126/><V40/><F40/><W127/><G127/><T58/><D113/><U23/><E11/><AGARI ba="0,0" hai="8,11,12,15,16,18,29,31,57,58,59,89,92,99" machi="11" ten="40,8000,1" yaku="9,1,8,1,52,1,54,1" doraHai="95" who="0" fromWho="1" sc="129,80,196,-80,473,0,202,0" /><INIT seed="7,0,0,3,1,80" ten="209,116,473,202" oya="3" hai0="0,107,112,116,44,85,60,126,120,1,35,5,52" hai1="86,122,108,7,94,69,23,64,19,87,131,77,117" hai2="134,21,97,70,132,10,8,72,101,119,46,2,11" hai3="28,124,24,65,61,47,38,25,66,34,111,102,129"/><W48/><G38/><T109/><D5/><U54/><E108/><V41/><F70/><W133/><G111/><T55/><D55/><U59/><E122/><V22/><F72/><W83/><G24/><T135/><D60/><U13/><E131/><V92/><F2/><W105/><G66/><T84/><D52/><U57/><E117/><V43/><F119/><W81/><G129/><T125/><D44/><U75/><E69/><V114/><F114/><W93/><G124/><N who="0" m="47723" /><D116/><U104/><E104/><V68/><F68/><W53/><G133/><N who="2" m="51305" /><F43/><W71/><REACH who="3" step="1"/><G93/><REACH who="3" ten="209,116,473,192" step="2"/><T31/><D135/><U110/><E110/><V49/><AGARI ba="0,1" hai="8,10,11,21,22,41,46,49,92,97,101" m="51305" machi="49" ten="30,1100,0" yaku="20,1" doraHai="80" who="2" fromWho="2" sc="209,-3,116,-3,473,21,192,-5" owari="206,1.0,113,-39.0,494,59.0,187,-21.0" /></mjloggm>