<mjloggm ver="2.3"><GO type="169" lobby="0"/><UN n0="%58%E7%8C%AB" n1="%E3%81%8D%E3%81%8F%E3%81%A6%E3%81%83%E3%81%99%E2%98%86" n2="%4F%4E%41%4B%41%4E" n3="%E3%82%A6%E3%83%AB%E3%83%88%E3%83%A9%E7%AB%8B%E7%9B%B4" dan="17,17,16,17" rate="2126.03,2129.90,2053.22,2188.51" sx="M,M,M,M"/><TAIKYOKU oya="0"/><INIT seed="0,0,0,1,1,122" ten="250,250,250,250" oya="0" hai0="14,28,83,104,66,47,116,67,135,48,87,21,121" hai1="112,30,13,103,31,62,15,91,59,6,73,68,70" hai2="113,95,40,93,117,44,9,5,132,110,102,88,58" hai3="72,2,25,55,98,120,105,84,123,17,57,80,32"/><T46/><D121/><N who="3" m="46665" /><G72/><T86/><D116/><U45/><E73/><V20/><F113/><W82/><G2/><T134/><D104/><U99/><E112/><V37/><F117/><W41/><G41/><N who="0" m="24655" /><D47/><U64/><E91/><V131/><F131/><W16/><G32/><T1/><D1/><U56/><E45/><V38/><F132/><N who="0" m="50730" /><D87/><U114/><E114/><V65/><F38/><W108/><G108/><T96/><D96/><U4/><E99/><V106/><F106/><W90/><G25/><N who="0" m="16431" /><D14/><U49/><E15/><V27/><F95/><W18/><G98/><T8/><D8/><U100/><E13/><V76/><F76/><AGARI ba="0,0" hai="66,67,76,83,86" m="16431,50730,24655" machi="76" ten="30,1500,0" yaku="20,1" doraHai="122" who="0" fromWho="2" sc="250,15,250,0,250,-15,250,0" /><INIT seed="0,1,0,4,4,118" ten="265,250,235,250" oya="0" hai0="85,72,98,126,87,6,99,55,83,80,15,78,7" hai1="102,93,68,107,2,89,20,3,84,69,92,65,67" hai2="59,71,116,128,47,51,5,94,53,9,112,57,31" hai3="113,30,73,28,36,44,124,86,101,103,23,10,50"/><T120/><D126/><U1/><E107/><V38/><F112/><W82/><G73/><T97/><D120/><U79/><E79/><V16/><F116/><W58/><G36/><T127/><D127/><U130/><E130/><V4/><F128/><W132/><G132/><T62/><D15/><U40/><E40/><V21/><F71/><W110/><G110/><T129/><D129/><U33/><E33/><V125/><F125/><W45/><G10/><T11/><D11/><U104/><E104/><V70/><F70/><W135/><G135/><T109/><D109/><U64/><E102/><V76/><F76/><W96/><G103/><T117/><D117/><U131/><E131/><V95/><F31/><W56/><G45/><T122/><D122/><U100/><E100/><V91/><F95/><N who="3" m="58527" /><G30/><T134/><D134/><U114/><E114/><V133/><F133/><W22/><G22/><T74/><D74/><U13/><E20/><V26/><F38/><W108/><G108/><T119/><D119/><U52/><E93/><V25/><F25/><N who="3" m="16447" /><G124/><T60/><D72/><U32/><E32/><V24/><F24/><W27/><G27/><T66/><D98/><U42/><E13/><N who="2" m="5295" /><F4/><W35/><G35/><T37/><D78/><U19/><E19/><V105/><F105/><W54/><G113/><T49/><D37/><U41/><E69/><V123/><F123/><W121/><G121/><T115/><D115/><U14/><E68/><V43/><F43/><N who="1" m="16393" /><E14/><V39/><F39/><W75/><G75/><T81/><D6/><U18/><E18/><V111/><F111/><W48/><G86/><AGARI ba="1,0" hai="16,21,26,47,51,53,57,59,86,91,94" m="5295" machi="86" ten="30,3900,0" yaku="6,1,8,1,54,1" doraHai="118" who="2" fromWho="3" sc="265,0,250,0,235,42,250,-42" /><INIT seed="1,0,0,3,5,34" ten="265,250,277,208" oya="1" hai0="117,68,134,85,122,121,31,43,2,120,93,78,32" hai1="28,132,74,67,109,112,61,110,86,13,102,23,105" hai2="113,77,58,99,114,89,88,60,7,69,118,95,63" hai3="45,128,8,6,9,98,35,108,54,103,47,123,84"/><U44/><E112/><N who="2" m="43115" /><F118/><W100/><G35/><T75/><D117/><U25/><E74/><V0/><F77/><W3/><G123/><T22/><D32/><U26/><E132/><V65/><F89/><W115/><G115/><T29/><D68/><U36/><E36/><V51/><F51/><W42/><G108/><N who="1" m="41578" /><E44/><V55/><F7/><W82/><G128/><T104/><D104/><U111/><E111/><V87/><F99/><W53/><G9/><T81/><D134/><U50/><E50/><V59/><F59/><W129/><G129/><T126/><D126/><U92/><E105/><V119/><F119/><W91/><G47/><T5/><D22/><U21/><E13/><V97/><F97/><W131/><G131/><T80/><D93/><U79/><E79/><V38/><F38/><W12/><G12/><T135/><D43/><U72/><E72/><V101/><F101/><W62/><G62/><T24/><D24/><U73/><E73/><V19/><F19/><W127/><G127/><T33/><D135/><U20/><E26/><V96/><F96/><W14/><G14/><T18/><D75/><U130/><E130/><V70/><F70/><W40/><G40/><T37/><D37/><U16/><E16/><V10/><F10/><W57/><G57/><T52/><D18/><U133/><E133/><V56/><F69/><W39/><REACH who="3" step="1"/><G103/><REACH who="3" ten="265,250,277,198" step="2"/><T125/><D120/><U30/><E102/><V17/><F17/><W41/><G41/><T94/><D121/><U49/><E61/><V116/><F116/><W76/><G76/><T48/><D122/><U107/><E25/><RYUUKYOKU ba="0,1" sc="265,-15,250,-15,277,15,198,15" hai2="0,55,56,58,60,63,65,87,88,95" hai3="3,6,8,39,42,45,53,54,82,84,91,98,100" /><INIT seed="2,1,1,1,5,66" ten="250,235,292,213" oya="2" hai0="104,119,59,116,34,62,45,70,50,120,128,117,8" hai1="10,130,125,127,37,20,28,90,0,5,6,91,22" hai2="25,108,67,54,121,126,110,72,26,94,81,101,113" hai3="132,12,18,135,21,71,65,129,43,40,77,29,100"/><V112/><F113/><W44/><G129/><T84/><D104/><U36/><E28/><V1/><F112/><W107/><G77/><T102/><D34/><U58/><E58/><V73/><F121/><W75/><G75/><N who="2" m="28745" /><F1/><W88/><G100/><T3/><D120/><U48/><E48/><V46/><F81/><W13/><G107/><T69/><D102/><U111/><E0/><V61/><F126/><W33/><G88/><N who="1" m="33834" /><E10/><V64/><F94/><W134/><G13/><T133/><D84/><U78/><E78/><V56/><F101/><W51/><G40/><N who="0" m="24871" /><D133/><U87/><E87/><V15/><F15/><W124/><G124/><N who="1" m="47690" /><E130/><V99/><F99/><W92/><G29/><T30/><D30/><U4/><E111/><N who="2" m="42539" /><F67/><W27/><G92/><T115/><D115/><U17/><E17/><V55/><F46/><W38/><G132/><T83/><D83/><U49/><E49/><V23/><F23/><AGARI ba="1,1" hai="4,5,6,20,22,23,36,37" m="47690,33834" machi="23" ten="40,8000,1" yaku="28,2,18,1,54,1" doraHai="66" who="1" fromWho="2" sc="250,0,235,93,292,-83,213,0" /><INIT seed="3,0,0,5,2,89" ten="250,328,209,213" oya="3" hai0="124,79,83,3,130,36,112,56,6,127,40,5,88" hai1="64,82,33,0,120,28,66,78,92,74,25,106,77" hai2="41,19,48,131,26,90,54,52,94,60,116,86,55" hai3="50,24,65,47,75,10,135,17,35,110,51,125,37"/><W7/><G75/><T58/><D130/><U53/><E106/><V108/><F108/><W13/><G110/><T34/><D34/><U73/><E120/><V80/><F131/><W8/><G125/><T1/><D112/><U99/><E0/><V21/><F116/><W133/><G65/><T59/><D40/><U102/><REACH who="1" step="1"/><E53/><REACH who="1" ten="250,318,209,213" step="2"/><V119/><F119/><W114/><G114/><T101/><D3/><U15/><E15/><V91/><F60/><W11/><G135/><T96/><D1/><U98/><E98/><N who="2" m="57687" /><F41/><W93/><G133/><T118/><D96/><U129/><E129/><V84/><F84/><W32/><G37/><T62/><D36/><U87/><E87/><V121/><F121/><W115/><G115/><T128/><D128/><U2/><E2/><V68/><F68/><W85/><G50/><AGARI ba="0,1" hai="19,21,26,48,50,52,54,55,80,86,91" m="57687" machi="50" ten="30,3900,0" yaku="8,1,52,1,54,1" doraHai="89" who="2" fromWho="3" sc="250,0,318,0,209,49,213,-39" /><INIT seed="4,0,0,0,0,69" ten="250,318,258,174" oya="0" hai0="59,128,129,78,55,27,71,124,98,29,25,108,34" hai1="122,103,36,13,102,113,47,101,18,58,88,82,96" hai2="85,104,30,28,11,7,10,45,125,20,86,76,135" hai3="33,132,42,41,50,12,65,64,54,21,72,15,22"/><T17/><D71/><U53/><E122/><V91/><F104/><W16/><G33/><T114/><D114/><U43/><E113/><V63/><F135/><W117/><G72/><T52/><D124/><U3/><E3/><V79/><F125/><W115/><G115/><T56/><D108/><U51/><E82/><N who="2" m="47327" /><F76/><W93/><G132/><T1/><D1/><U83/><E83/><N who="2" m="49631" /><F45/><W97/><G117/><T31/><D78/><U130/><E130/><V35/><F35/><W2/><G2/><T95/><D17/><U38/><E88/><V23/><F63/><W126/><G126/><T68/><D68/><U66/><E66/><V99/><F99/><W131/><G131/><T49/><D98/><U24/><E24/><N who="2" m="16391" /><F7/><W0/><G0/><T127/><D127/><U109/><E109/><V81/><F81/><W89/><G64/><T77/><D77/><U111/><E111/><V60/><F60/><W40/><G65/><T5/><D5/><U67/><E67/><V90/><F90/><W57/><REACH who="3" step="1"/><G12/><REACH who="3" ten="250,318,258,164" step="2"/><T121/><D121/><U100/><E13/><V107/><F107/><W19/><G19/><T74/><D74/><U9/><E18/><V110/><F110/><W123/><G123/><T119/><D34/><U105/><REACH who="1" step="1"/><E9/><AGARI ba="0,1" hai="9,15,16,21,22,40,41,42,50,54,57,89,93,97" machi="9" ten="40,8000,1" yaku="1,1,8,1,54,1,53,1" doraHai="69" doraHaiUra="6" who="3" fromWho="1" sc="250,0,318,-80,258,0,164,90" /><INIT seed="5,0,0,3,3,130" ten="250,238,258,254" oya="1" hai0="7,34,72,27,92,12,20,38,52,36,23,87,39" hai1="107,80,74,123,128,59,46,22,102,135,103,100,50" hai2="111,114,48,42,122,18,95,57,11,109,105,5,132" hai3="115,108,125,127,129,41,110,44,61,65,1,16,31"/><U25/><E123/><V116/><F105/><W49/><G1/><T4/><D72/><U2/><E128/><V85/><F122/><W97/><G31/><T17/><D34/><U77/><E2/><V119/><F18/><W9/><G97/><T104/><D104/><U60/><E107/><V76/><F114/><W45/><G16/><T70/><D70/><U118/><E118/><N who="2" m="45099" /><F57/><N who="3" m="37039" /><G9/><T82/><D92/><U40/><E135/><V21/><F132/><W37/><G115/><T26/><D12/><U3/><E3/><V101/><F21/><W66/><G66/><T75/><D75/><U63/><REACH who="1" step="1"/><E59/><REACH who="1" ten="250,228,258,254" step="2"/><V47/><F111/><N who="3" m="42539" /><G129/><T10/><D10/><U43/><E43/><AGARI ba="0,1" hai="37,41,43,44,45,49,125,127" m="42539,37039" machi="43" ten="30,2000,0" yaku="34,2" doraHai="130" who="3" fromWho="1" sc="250,0,228,-20,258,0,254,30" /><INIT seed="6,0,0,0,3,25" ten="250,208,258,284" oya="2" hai0="132,21,71,63,113,26,66,56,70,51,83,41,54" hai1="88,68,118,43,127,19,73,9,117,84,8,11,4" hai2="34,121,23,75,133,20,98,1,61,33,57,111,92" hai3="15,38,80,97,16,105,29,89,129,86,106,122,131"/><V14/><F121/><W112/><G38/><T78/><D132/><U116/><E73/><V119/><F119/><W46/><G122/><T47/><D113/><U53/><E68/><V109/><F1/><W134/><G29/><T10/><D10/><U81/><E127/><V104/><F104/><W82/><G46/><T36/><D83/><U77/><E43/><V100/><F75/><W42/><G42/><T7/><D7/><U40/><E40/><V55/><F133/><W62/><G62/><T65/><D78/><U110/><E110/><N who="2" m="41995" /><F14/><W50/><G50/><T126/><D126/><U76/><E4/><V101/><F101/><W44/><G44/><T2/><D2/><U17/><E17/><V49/><F49/><W37/><G37/><T115/><D115/><U87/><E19/><V59/><F59/><W69/><G69/><N who="0" m="42175" /><D66/><U12/><E12/><V93/><F93/><N who="3" m="54455" /><G134/><T32/><D32/><AGARI ba="0,0" hai="20,23,32,33,34,55,57,61,92,98,100" m="41995" machi="32" ten="30,1500,0" yaku="10,1" doraHai="25" who="2" fromWho="0" sc="250,-15,208,0,258,15,284,0" /><INIT seed="6,1,0,1,3,10" ten="235,208,273,284" oya="2" hai0="21,32,44,107,83,23,6,81,91,78,97,15,67" hai1="87,43,22,101,70,90,31,1,118,52,99,38,95" hai2="89,39,75,12,129,68,93,86,106,121,55,130,80" hai3="131,37,103,105,27,77,128,62,72,71,123,34,11"/><V94/><F68/><W102/><G37/><T57/><D32/><U124/><E118/><V26/><F39/><W132/><G132/><T135/><D135/><U41/><E1/><V48/><F106/><W4/><G123/><T25/><D44/><U122/><E122/><V120/><F26/><W92/><G92/><N who="2" m="35433" /><F75/><W60/><G60/><N who="0" m="38287" /><D107/><U117/><E117/><V51/><F51/><W98/><G102/><T28/><D97/><U74/><E74/><V73/><F73/><W33/><G77/><T61/><D61/><U133/><E133/><V17/><F55/><W116/><G72/><T50/><D78/><U115/><E70/><V69/><F69/><W96/><G96/><T8/><D23/><U42/><E38/><V119/><F48/><W13/><G116/><T126/><D126/><U0/><E0/><V113/><F119/><W127/><G127/><T79/><D79/><U104/><E124/><V3/><F3/><W5/><G34/><T63/><D63/><U14/><E115/><V35/><F35/><W64/><G27/><T16/><D50/><U54/><REACH who="1" step="1"/><E31/><REACH who="1" ten="235,198,273,284" step="2"/><V85/><F113/><W47/><G71/><T53/><D53/><U20/><E20/><N who="2" m="11303" /><F121/><W108/><G33/><T111/><D28/><U84/><E84/><N who="2" m="50311" /><F120/><W112/><G112/><T134/><D134/><U7/><E7/><V114/><F114/><W19/><G5/><T88/><D111/><U66/><E66/><V56/><F85/><W109/><G4/><T110/><D110/><U59/><E59/><V30/><F56/><N who="3" m="36935" /><G47/><T100/><D100/><U36/><E36/><V49/><F86/><RYUUKYOKU ba="1,1" sc="235,10,198,10,273,-30,284,10" hai0="6,8,15,16,21,25,81,83,88,91" hai1="14,22,41,42,43,52,54,87,90,95,99,101,104" hai3="11,13,19,98,103,105,108,109,128,131" /><INIT seed="7,2,1,4,2,129" ten="245,208,243,294" oya="3" hai0="106,31,87,29,62,45,135,6,20,125,2,5,61" hai1="85,134,42,79,17,65,71,4,11,122,108,35,92" hai2="119,27,59,38,123,93,124,34,14,37,15,51,84" hai3="56,60,22,127,120,72,133,121,26,16,66,8,98"/><W81/><G133/><T111/><D111/><U57/><E108/><V102/><F119/><W40/><G127/><T23/><D106/><U49/><E122/><V3/><F3/><W33/><G33/><T104/><D87/><U107/><E107/><V78/><F124/><W67/><G40/><T112/><D45/><U63/><E35/><V99/><F123/><W88/><G67/><T41/><D104/><U12/><E134/><V105/><F38/><W82/><G72/><T74/><D41/><U54/><E42/><V53/><F37/><W0/><G82/><T32/><D32/><U1/><E79/><V76/><F34/><W90/><G90/><T75/><D125/><U19/><REACH who="1" step="1"/><E1/><REACH who="1" ten="245,198,243,294" step="2"/><V94/><F105/><W21/><G0/><T30/><D2/><U86/><E86/><V44/><F78/><W101/><G121/><T46/><D135/><U18/><E18/><V116/><F76/><W25/><G16/><T10/><D31/><U126/><E126/><V83/><F84/><W50/><G120/><T109/><D109/><U130/><E130/><V131/><F131/><W24/><G98/><T80/><D30/><U114/><E114/><V58/><F99/><W39/><G39/><T118/><D29/><U69/><E69/><V43/><F43/><W52/><G26/><T132/><D112/><U95/><E95/><V128/><F94/><W64/><G24/><T73/><D132/><U91/><AGARI ba="2,2" hai="4,11,12,17,19,49,54,57,63,65,71,85,91,92" machi="91" ten="30,2000,0" yaku="1,1,0,1,53,0" doraHai="129" doraHaiUra="117" who="1" fromWho="1" sc="245,-7,198,46,243,-7,294,-12" /><INIT seed="8,0,0,1,3,69" ten="238,244,236,282" oya="0" hai0="30,21,55,35,66,15,73,123,41,59,47,4,58" hai1="119,127,122,5,7,26,25,90,49,72,99,105,98" hai2="1,36,63,86,51,2,81,3,106,65,95,108,29" hai3="74,18,87,24,38,92,78,53,94,13,64,131,126"/><T8/><D123/><U43/><E122/><V85/><F108/><W54/><G38/><T120/><D120/><U19/><E72/><V28/><F106/><W88/><G74/><T103/><D73/><U118/><E127/><V68/><F36/><W114/><G78/><T112/><D112/><U61/><E61/><V102/><F51/><W46/><G64/><T107/><D66/><U75/><E75/><V62/><F62/><W67/><G67/><T133/><D133/><U97/><E105/><V32/><F32/><W93/><G131/><T56/><D35/><U83/><E83/><V132/><F132/><W31/><G126/><T113/><D113/><U76/><E76/><V10/><F10/><W52/><G46/><T129/><D129/><U20/><E90/><V71/><F71/><W50/><G50/><N who="0" m="26991" /><D107/><U104/><E104/><V115/><F115/><W130/><G130/><T100/><D55/><U117/><E26/><AGARI ba="0,0" hai="4,8,15,21,26,30,56,58,59,100,103" m="26991" machi="26" ten="30,1500,0" yaku="8,1" doraHai="69" who="0" fromWho="1" sc="238,15,244,-15,236,0,282,0" /><INIT seed="8,1,0,2,4,96" ten="253,229,236,282" oya="0" hai0="66,6,103,67,56,36,93,62,64,43,83,75,82" hai1="124,69,32,31,29,49,131,8,68,48,58,3,55" hai2="120,117,63,112,41,111,80,51,57,90,37,115,122" hai3="15,28,121,89,11,127,71,50,114,76,26,19,5"/><T46/><D6/><U70/><E131/><V104/><F90/><W128/><G114/><N who="2" m="43561" /><F80/><W34/><G71/><T116/><D116/><U85/><E124/><V53/><F104/><W60/><G60/><T77/><REACH who="0" step="1"/><D83/><REACH who="0" ten="243,229,236,282" step="2"/><U88/><E32/><V129/><F117/><W133/><G5/><T0/><D0/><U72/><E72/><V10/><F129/><W52/><G128/><T25/><D25/><U98/><E3/><V102/><F120/><W47/><G26/><T130/><D130/><U94/><E8/><V13/><F122/><W118/><G118/><T92/><D92/><U74/><E74/><V27/><F27/><W123/><G123/><T113/><D113/><U101/><REACH who="1" step="1"/><E49/><REACH who="1" ten="243,219,236,282" step="2"/><V97/><F51/><W105/><G50/><T61/><D61/><U4/><E4/><V21/><F10/><W22/><G11/><T91/><D91/><U33/><E33/><V40/><F37/><W125/><G89/><T87/><D87/><U14/><E14/><V119/><F119/><W54/><G15/><T99/><AGARI ba="1,2" hai="36,43,46,56,62,64,66,67,75,77,82,93,99,103" machi="99" ten="30,6000,0" yaku="1,1,0,1,52,1,53,0" doraHai="96" doraHaiUra="109" who="0" fromWho="0" sc="243,83,219,-21,236,-21,282,-21" owari="326,42.0,198,-30.0,215,-18.0,261,6.0" /></mjloggm>