<mjloggm ver="2.3"><GO type="225" lobby="0"/><UN n0="%E4%BC%8F%E8%99%8E" n1="%E7%99%BE%E5%BC%8F%E8%A6%B3%E9%9F%B3" n2="%E3%82%B4%E3%83%BC%E3%83%AB%E3%83%87%E3%83%B3%E3%81%B2%E3%82%88%E3%81%93" n3="%E3%83%88%E3%83%88%E3%83%AA%E5%85%88%E7%94%9F%31%39%E6%AD%B3" dan="16,17,17,18" rate="2082.94,2164.72,2107.14,2275.34" sx="M,M,M,F"/><TAIKYOKU oya="0"/><INIT seed="0,0,0,2,1,74" ten="250,250,250,250" oya="0" hai0="67,47,8,19,28,132,85,34,128,23,3,57,92" hai1="104,38,103,69,118,73,91,41,54,127,24,20,84" hai2="79,125,123,53,39,32,14,116,108,2,106,80,65" hai3="46,102,71,27,72,17,93,70,21,7,78,11,135"/><T18/><D132/><U31/><E73/><V134/><RYUUKYOKU type="yao9" ba="0,0" sc="250,0,250,0,250,0,250,0" hai2="2,14,32,39,53,65,79,80,106,108,116,123,125,134" /><INIT seed="0,1,0,1,4,36" ten="250,250,250,250" oya="0" hai0="56,47,89,3,114,37,109,1,86,132,133,94,60" hai1="131,82,103,108,14,115,24,119,66,105,23,83,124" hai2="9,70,51,95,19,74,28,22,107,64,84,34,26" hai3="41,6,120,117,45,126,54,72,52,62,7,112,78"/><T102/><D114/><U69/><E115/><V92/><F74/><W125/><G112/><T16/><D102/><U101/><E119/><V29/><F107/><W65/><G117/><T4/><D109/><U80/><E105/><V116/><F116/><W106/><G106/><T113/><D113/><U93/><E108/><V73/><F73/><W81/><G120/><T110/><D110/><U67/><E69/><V91/><F9/><W50/><G7/><T30/><D30/><U135/><E135/><N who="0" m="51785" /><D4/><U55/><E124/><N who="3" m="47722" /><G6/><T53/><D16/><N who="1" m="12391" /><E131/><V118/><F118/><W99/><G99/><T63/><D63/><U13/><E55/><V0/><F0/><W130/><G130/><T27/><D27/><U104/><E104/><V121/><F121/><W87/><G72/><T97/><D97/><N who="1" m="59567" /><E103/><V31/><F34/><W10/><G10/><T38/><D38/><U40/><E66/><V122/><F64/><W42/><G54/><T20/><D20/><U43/><E67/><V8/><F122/><W39/><G39/><T17/><D17/><U21/><E21/><V98/><F8/><W88/><G78/><T85/><D85/><U68/><E68/><AGARI ba="1,0" hai="41,42,45,50,52,62,65,68,81,87,88" m="47722" machi="68" ten="30,8000,1" yaku="18,1,52,2,54,2" doraHai="36" who="3" fromWho="1" sc="250,0,250,-83,250,0,250,83" /><INIT seed="1,0,0,1,3,123" ten="250,167,250,333" oya="1" hai0="49,100,50,44,30,47,36,71,84,63,77,88,113" hai1="40,23,120,28,114,32,111,81,108,101,9,80,110" hai2="45,83,118,89,20,125,65,67,92,27,70,17,62" hai3="37,4,115,0,102,131,26,55,73,116,6,21,12"/><U60/><E32/><V1/><F118/><W16/><G115/><T29/><D113/><U34/><E34/><V75/><F125/><W7/><G37/><T8/><D36/><U121/><E114/><V135/><F135/><W91/><G73/><T22/><D100/><U42/><E101/><V41/><F1/><W25/><G116/><T31/><D77/><U94/><E94/><V11/><F67/><W61/><G0/><T13/><D22/><U103/><E103/><V59/><F11/><W69/><G131/><T104/><D104/><U99/><E99/><V124/><F124/><W129/><G129/><T68/><D63/><U78/><E60/><V126/><F126/><W76/><G76/><T3/><D3/><U106/><E106/><V134/><F134/><W130/><G130/><T10/><D68/><U48/><E9/><V105/><F105/><W2/><G2/><T128/><D71/><U85/><E80/><V95/><F70/><W79/><G79/><T46/><D128/><U33/><E33/><V58/><F75/><W5/><N who="3" m="1024" /><DORA hai="117" /><W64/><G55/><T43/><D13/><U86/><E86/><N who="2" m="50399" /><F59/><W82/><REACH who="3" step="1"/><G102/><REACH who="3" ten="250,167,250,323" step="2"/><T66/><D66/><U72/><E72/><V53/><F65/><W127/><G127/><T107/><D107/><U93/><E93/><V112/><F112/><W96/><G96/><T87/><D87/><AGARI ba="0,1" hai="12,16,21,25,26,61,64,69,82,87,91" m="1024" machi="87" ten="50,3200,0" yaku="1,1,54,1,53,0" doraHai="123,117" doraHaiUra="133,39" who="3" fromWho="0" sc="250,-32,167,0,250,0,323,42" /><INIT seed="2,0,0,2,1,53" ten="218,167,250,365" oya="2" hai0="15,60,38,78,85,74,127,86,125,4,27,51,76" hai1="18,11,75,0,52,80,83,39,92,108,59,8,118" hai2="106,29,70,66,40,14,103,45,2,134,123,30,107" hai3="65,132,64,34,42,120,82,88,58,63,6,3,57"/><V7/><F123/><W129/><G120/><T84/><D38/><U37/><E118/><V119/><F119/><W54/><G34/><T25/><D51/><U124/><E124/><N who="0" m="47689" /><D74/><U20/><E108/><V116/><F116/><W104/><G104/><T69/><D4/><U111/><E111/><V91/><F2/><W19/><G129/><T1/><D1/><U23/><E0/><V49/><F134/><W110/><G132/><T122/><D15/><U48/><E75/><V13/><F91/><W99/><G110/><T9/><D9/><N who="1" m="3659" /><E39/><V35/><F7/><W94/><G42/><T50/><D50/><U16/><E37/><V100/><F106/><W93/><G6/><T79/><D122/><U135/><E135/><V5/><F5/><W22/><G82/><N who="1" m="31274" /><E92/><V55/><F40/><W21/><G94/><T43/><D43/><U115/><E115/><V26/><F30/><W68/><G3/><T97/><D97/><U31/><E31/><V56/><F70/><W72/><G72/><T71/><D60/><U102/><E102/><V28/><F29/><W41/><G41/><T113/><D113/><U105/><E105/><V121/><F121/><W67/><G68/><AGARI ba="0,0" hai="25,27,68,69,71,76,78,79,84,85,86" m="47689" machi="68" ten="40,5200,0" yaku="28,2,18,1" doraHai="53" who="0" fromWho="3" sc="218,52,167,0,250,0,365,-52" /><INIT seed="3,0,0,0,2,54" ten="270,167,250,313" oya="3" hai0="16,122,63,28,85,88,12,90,39,87,50,57,37" hai1="130,120,101,68,9,97,86,22,124,126,134,61,62" hai2="117,59,121,82,95,3,1,44,24,135,23,119,65" hai3="100,42,79,89,110,34,73,11,83,94,6,14,32"/><W72/><G72/><T80/><D122/><U114/><E120/><V103/><F121/><W84/><G110/><T29/><D50/><U115/><E9/><V2/><F135/><W31/><G31/><T108/><D108/><U49/><E22/><V109/><F109/><W20/><G20/><N who="0" m="11271" /><D39/><U66/><E134/><V25/><F44/><W56/><G42/><T19/><D19/><U43/><E86/><V7/><F7/><W107/><G56/><T74/><D74/><U105/><E130/><V53/><F82/><W77/><G77/><T36/><D36/><U96/><E96/><AGARI ba="0,0" hai="6,11,14,32,34,73,79,83,84,89,94,96,100,107" machi="96" ten="40,3900,0" yaku="24,2" doraHai="54" who="3" fromWho="1" sc="270,0,167,-39,250,0,313,39" owari="270,7.0,128,-37.0,250,-15.0,352,45.0" /></mjloggm>