<mjloggm ver="2.3"><GO type="41" lobby="0"/><UN n0="%E5%B0%B1%E6%B4%BB%E7%94%9F%40%E5%B7%9D%E6%9D%91%E8%BB%8D%E5%9B%A3" n1="%4B%61%6B%75%73%61%6E" n2="%E3%83%AA%E3%83%A7%E3%82%A6%E3%82%A4" n3="%65%72%66%33%33%34" dan="15,14,14,14" rate="2031.25,1877.00,1902.02,2003.05" sx="M,M,M,M"/><TAIKYOKU oya="0"/><INIT seed="0,0,0,3,4,58" ten="250,250,250,250" oya="0" hai0="76,17,55,131,6,85,105,67,102,124,63,111,64" hai1="14,19,44,31,2,46,117,33,27,40,41,26,20" hai2="28,132,16,36,12,60,95,89,30,32,42,53,37" hai3="133,56,7,35,126,81,90,84,52,83,123,121,110"/><T70/><D131/><U118/><E44/><V100/><F42/><W22/><G35/><T114/><D114/><U48/><E41/><V65/><F53/><W15/><G110/><T98/><D124/><U77/><E2/><V73/><F73/><W80/><G126/><T9/><D111/><U88/><E77/><V112/><F112/><W51/><G133/><T91/><D76/><U96/><E27/><V29/><F100/><W1/><G1/><T134/><D134/><U79/><E79/><V71/><F32/><W116/><G116/><T128/><D128/><U101/><REACH who="1" step="1"/><E88/><REACH who="1" ten="250,240,250,250" step="2"/><V127/><F132/><W106/><G121/><T125/><D125/><U104/><AGARI ba="0,1" hai="14,19,20,26,31,33,40,46,48,96,101,104,117,118" machi="104" ten="20,5200,0" yaku="1,1,2,1,0,1,7,1,53,0" doraHai="58" doraHaiUra="49" who="1" fromWho="1" sc="250,-26,240,62,250,-13,250,-13" /><INIT seed="1,0,0,3,4,47" ten="224,302,237,237" oya="1" hai0="54,114,41,132,53,7,44,60,2,108,96,104,28" hai1="33,84,64,105,116,76,86,29,118,131,1,74,97" hai2="123,111,24,125,102,51,69,100,82,9,59,72,26" hai3="81,10,46,3,23,73,61,57,128,122,106,6,38"/><U94/><E105/><V30/><F123/><W92/><G122/><T55/><D114/><U65/><E1/><V119/><F119/><W68/><G106/><T58/><D132/><U48/><E74/><V49/><F111/><W110/><G110/><T63/><D108/><U20/><E33/><V113/><F69/><W80/><G128/><T85/><D28/><U93/><E118/><V71/><F71/><W15/><G68/><T19/><D7/><U103/><E116/><V37/><F37/><W101/><G101/><T112/><D2/><U25/><E131/><V121/><F121/><W107/><G107/><T135/><D135/><U21/><E86/><V134/><F59/><W18/><G92/><T67/><D112/><U5/><E5/><V11/><F134/><W52/><REACH who="3" step="1"/><G73/><REACH who="3" ten="224,302,237,227" step="2"/><T95/><D96/><U27/><E93/><V17/><F113/><W43/><AGARI ba="0,1" hai="3,6,10,15,18,23,38,43,46,52,57,61,80,81" machi="43" ten="30,7900,0" yaku="1,1,2,1,0,1,54,1,53,0" doraHai="47" doraHaiUra="89" who="3" fromWho="3" sc="224,-20,302,-39,237,-20,227,89" /><INIT seed="2,0,0,2,3,69" ten="204,263,217,316" oya="2" hai0="1,76,44,130,71,68,108,94,118,38,2,85,66" hai1="84,131,132,104,60,55,114,37,82,95,63,109,24" hai2="87,58,128,88,50,102,74,3,34,13,62,110,18" hai3="9,23,64,106,6,75,39,5,10,51,65,7,40"/><V86/><F3/><W43/><G106/><T116/><D108/><U17/><E114/><V111/><F74/><W90/><G75/><T83/><D130/><U77/><E109/><N who="2" m="41483" /><F34/><W46/><G23/><T122/><D122/><U52/><E132/><V11/><F50/><W80/><G80/><T89/><D2/><U101/><E131/><V127/><F102/><W96/><G96/><T103/><D1/><U54/><E104/><V59/><F127/><W53/><G90/><T56/><D103/><U100/><E37/><V27/><F27/><W119/><G119/><N who="0" m="45611" /><D56/><N who="2" m="21546" /><F128/><W120/><G120/><T124/><D66/><N who="3" m="25705" /><G39/><T61/><D61/><N who="1" m="23627" /><E95/><N who="2" m="54679" /><F62/><W29/><G29/><T19/><D124/><U79/><E79/><V28/><F87/><W48/><G43/><N who="0" m="22647" /><D19/><U113/><E113/><V91/><F91/><W117/><G117/><T135/><D135/><U12/><E24/><V32/><F32/><W15/><G15/><T31/><D31/><AGARI ba="0,0" hai="11,13,18,28,31" m="54679,21546,41483" machi="31" ten="30,5800,0" yaku="14,1,10,1,54,1" doraHai="69" who="2" fromWho="0" sc="204,-58,263,0,217,58,316,0" /><INIT seed="2,1,0,4,4,75" ten="146,263,275,316" oya="2" hai0="57,76,108,24,68,42,67,34,96,103,72,107,134" hai1="53,90,62,110,26,43,36,3,87,128,81,33,13" hai2="35,29,83,113,41,100,77,27,124,78,125,45,116" hai3="38,18,58,118,64,21,47,74,69,14,121,129,50"/><V70/><F113/><W32/><G118/><T63/><D57/><U9/><E110/><V49/><F116/><W82/><G121/><T4/><D4/><U31/><E128/><V101/><F83/><W28/><G129/><T89/><D89/><U131/><E131/><V88/><F88/><W98/><G98/><T99/><D99/><U10/><E10/><V19/><F19/><W55/><G32/><T105/><D108/><U7/><E43/><V2/><F2/><W130/><G28/><N who="0" m="19719" /><D42/><U20/><E36/><V91/><F91/><W132/><G132/><T8/><D8/><U66/><E53/><V93/><F70/><W73/><G82/><N who="0" m="45319" /><D134/><U117/><E117/><V122/><F122/><W5/><G5/><T25/><D25/><U17/><REACH who="1" step="1"/><E62/><REACH who="1" ten="146,253,275,316" step="2"/><V52/><F41/><N who="3" m="22967" /><G130/><T94/><D94/><U59/><E59/><V106/><F93/><W119/><G119/><T6/><D6/><U120/><E120/><V114/><F114/><W56/><G56/><T61/><D61/><AGARI ba="1,1" hai="14,18,21,50,55,58,61,64,69,73,74" m="22967" machi="61" ten="30,1000,0" yaku="24,1" doraHai="75" who="3" fromWho="0" sc="146,-13,253,0,275,0,316,23" /><INIT seed="3,0,0,1,5,85" ten="133,253,275,339" oya="3" hai0="46,42,24,57,62,23,17,49,128,93,25,88,10" hai1="94,33,110,40,82,135,102,9,11,99,125,108,117" hai2="113,124,32,129,54,79,22,53,29,4,118,36,130" hai3="112,83,37,74,131,34,66,56,38,114,63,51,127"/><W31/><G34/><T132/><D128/><N who="2" m="49258" /><F118/><W61/><G31/><T121/><D121/><U104/><E33/><V12/><F113/><N who="3" m="43627" /><G83/><T35/><D132/><U92/><E40/><V100/><F36/><N who="3" m="13931" /><G74/><T5/><D35/><U106/><E11/><V27/><F124/><W7/><G7/><T6/><D10/><U14/><E14/><V103/><F79/><W73/><G73/><T30/><D30/><U101/><E9/><N who="2" m="4135" /><F32/><W59/><G131/><T48/><D25/><U98/><E125/><V39/><F39/><W119/><G119/><T90/><D49/><U77/><E117/><V115/><F115/><W95/><G95/><T86/><REACH who="0" step="1"/><D90/><REACH who="0" ten="123,253,275,339" step="2"/><U97/><E135/><V19/><F29/><W44/><G127/><T78/><D78/><U15/><E15/><V67/><F27/><W21/><G21/><T120/><D120/><U16/><E16/><V28/><F28/><W105/><G63/><T109/><D109/><N who="1" m="42091" /><E99/><V122/><F122/><W96/><G51/><T8/><D8/><U70/><E70/><V111/><F111/><W72/><G61/><T60/><D60/><U81/><E81/><V64/><F22/><W65/><G65/><AGARI ba="0,1" hai="5,6,17,23,24,42,46,48,57,62,65,86,88,93" machi="65" ten="30,12000,2" yaku="1,1,7,1,8,1,52,1,54,1,53,1" doraHai="85" doraHaiUra="41" who="0" fromWho="3" sc="123,130,253,0,275,0,339,-120" /><INIT seed="4,0,0,5,3,59" ten="253,253,275,219" oya="0" hai0="135,75,1,84,39,8,90,129,28,125,132,56,82" hai1="41,16,109,86,43,103,4,26,67,126,11,46,33" hai2="7,115,29,102,44,130,62,79,49,14,112,88,61" hai3="58,63,52,95,113,37,121,32,24,128,9,97,71"/><T18/><D39/><U15/><E109/><V2/><F79/><W0/><G113/><N who="2" m="43593" /><F102/><W17/><G121/><T55/><D75/><U106/><E126/><V100/><F100/><W77/><G37/><T45/><D125/><U127/><E127/><V74/><F74/><W108/><G108/><T50/><D28/><U69/><E106/><V105/><F105/><W21/><G32/><T120/><D120/><U38/><E103/><V99/><F2/><W51/><G128/><T54/><D129/><U73/><E43/><N who="2" m="24735" /><F29/><W25/><G25/><T12/><REACH who="0" step="1"/><D1/><REACH who="0" ten="243,253,275,219" step="2"/><U122/><E73/><V23/><F130/><W20/><G0/><T119/><D119/><U94/><E122/><V70/><F70/><W116/><G71/><T104/><D104/><U117/><E117/><V131/><F131/><W27/><G116/><T134/><D134/><U124/><E124/><V48/><F7/><W91/><G77/><T42/><D42/><U72/><E72/><V30/><F30/><N who="3" m="17671" /><G9/><T13/><D13/><U10/><E26/><V80/><F14/><W110/><G110/><T76/><D76/><U40/><E40/><V3/><F23/><W83/><G83/><T36/><D36/><U96/><E33/><V57/><F3/><W35/><G35/><T65/><D65/><U64/><E69/><V123/><F123/><W118/><G118/><T87/><D87/><U47/><E86/><N who="2" m="50247" /><F99/><W66/><G66/><T6/><D6/><U107/><E107/><V53/><AGARI ba="0,1" hai="48,53,57,61,62" m="50247,24735,43593" machi="53" ten="30,7900,0" yaku="15,1,52,2,54,1" doraHai="59" who="2" fromWho="2" sc="243,-39,253,-20,275,89,219,-20" /><INIT seed="5,0,0,1,5,33" ten="204,233,364,199" oya="1" hai0="63,80,39,16,11,76,77,66,124,82,68,92,97" hai1="3,21,105,49,121,13,134,30,23,100,69,93,114" hai2="119,6,28,53,55,103,104,112,89,126,79,135,32" hai3="22,120,133,34,0,109,116,130,45,12,87,73,19"/><U64/><E121/><V115/><F119/><W43/><G87/><T101/><D39/><U35/><E105/><V71/><F71/><W29/><G45/><T67/><D124/><U58/><E69/><V118/><F118/><W129/><G43/><T75/><D66/><U131/><E35/><V65/><F65/><W125/><G73/><T84/><D11/><U25/><E114/><N who="2" m="43563" /><F28/><W78/><G78/><T40/><D40/><U70/><E70/><V107/><F79/><W95/><G95/><T85/><REACH who="0" step="1"/><D16/><REACH who="0" ten="194,233,364,199" step="2"/><N who="1" m="10383" /><E134/><V83/><F135/><W60/><G133/><T81/><D81/><U42/><E131/><V46/><F83/><W17/><G116/><T88/><D88/><U117/><E117/><V123/><F89/><W96/><G120/><T15/><D15/><U128/><E128/><V48/><F123/><W4/><G129/><T132/><D132/><U62/><E42/><V36/><F36/><W72/><G130/><T56/><D56/><U99/><E49/><V90/><F48/><W10/><G60/><T27/><D27/><U111/><E111/><V113/><F113/><W1/><G109/><T50/><D50/><U91/><E91/><V5/><F90/><W102/><G125/><T122/><D122/><U54/><E54/><V31/><F55/><W52/><G52/><T86/><AGARI ba="0,1" hai="63,67,68,75,76,77,80,82,84,85,86,92,97,101" machi="86" ten="20,2700,0" yaku="1,1,0,1,7,1,53,0" doraHai="33" doraHaiUra="7" who="0" fromWho="0" sc="194,37,233,-13,364,-7,199,-7" /><INIT seed="6,0,0,5,0,49" ten="231,220,357,192" oya="2" hai0="110,17,28,82,36,41,57,71,26,1,94,112,64" hai1="8,23,14,66,35,22,63,12,79,65,34,124,121" hai2="59,53,67,85,83,19,84,51,68,58,30,109,104" hai3="75,132,37,86,87,115,108,20,103,43,15,96,70"/><V7/><F68/><W89/><G75/><T44/><D1/><U78/><E63/><N who="2" m="38391" /><F104/><W118/><G108/><T125/><D110/><U31/><E31/><V98/><F109/><W29/><G118/><T21/><D71/><U123/><REACH who="1" step="1"/><E8/><REACH who="1" ten="231,210,357,192" step="2"/><V74/><F30/><W128/><G29/><T9/><D9/><U62/><E62/><V47/><F7/><W101/><G132/><T24/><D28/><U3/><E3/><V33/><F33/><W72/><G128/><T5/><D5/><U2/><E2/><V93/><F19/><W60/><G60/><T117/><D17/><U50/><E50/><V135/><F51/><W126/><G37/><T105/><D117/><U6/><E6/><V127/><F135/><W54/><G126/><AGARI ba="0,1" hai="12,14,22,23,34,35,65,66,78,79,121,123,124,126" machi="126" ten="25,8000,1" yaku="1,1,22,2,53,2" doraHai="49" doraHaiUra="16" who="1" fromWho="3" sc="231,0,210,90,357,0,192,-80" /><INIT seed="7,0,0,1,1,58" ten="231,300,357,112" oya="3" hai0="118,129,72,117,66,47,26,116,7,119,76,91,115" hai1="20,5,56,2,85,99,87,121,124,125,6,42,94" hai2="107,18,104,55,61,13,14,122,19,11,131,113,134" hai3="37,83,84,60,75,100,44,96,36,102,112,73,126"/><W89/><G112/><T1/><D115/><U109/><E109/><V35/><F113/><W62/><G126/><T53/><D129/><U0/><E121/><V95/><F35/><W24/><G75/><T8/><D66/><U33/><E33/><V67/><F131/><W90/><G73/><T48/><N who="0" m="29696" /><DORA hai="81" /><T92/><D26/><U130/><E130/><V120/><F134/><W88/><G37/><T32/><D72/><U98/><E42/><V127/><F55/><W43/><G24/><T110/><D32/><U133/><E56/><V28/><F28/><W30/><G30/><T114/><D114/><U77/><E20/><V59/><F95/><W111/><G111/><T27/><D27/><U16/><E94/><V9/><REACH who="2" step="1"/><F127/><REACH who="2" ten="231,300,347,112" step="2"/><W46/><G46/><T65/><D110/><U70/><E133/><V71/><F71/><W93/><REACH who="3" step="1"/><G102/><REACH who="3" ten="231,300,347,102" step="2"/><T68/><D68/><U108/><E108/><V105/><AGARI ba="0,2" hai="9,11,13,14,18,19,59,61,67,104,105,107,120,122" machi="105" ten="40,8000,1" yaku="1,1,0,1,9,1,52,1,53,1" doraHai="58,81" doraHaiUra="54,80" who="2" fromWho="2" sc="231,-20,300,-20,347,100,102,-40" owari="211,-19.0,280,8.0,447,55.0,62,-44.0" /></mjloggm>