<mjloggm ver="2.3"><GO type="169" lobby="0"/><UN n0="%E6%93%8D" n1="%E6%AE%8B%E3%81%A1%E3%82%83%E3%82%93" n2="%E5%B0%B1%E6%B4%BB%E7%94%9F%40%E5%B7%9D%E6%9D%91%E8%BB%8D%E5%9B%A3" n3="%E3%83%A1%E3%83%AB%E3%82%AF" dan="16,17,17,16" rate="2108.33,2114.32,2147.04,2084.89" sx="M,M,M,M"/><TAIKYOKU oya="0"/><INIT seed="0,0,0,4,5,112" ten="250,250,250,250" oya="0" hai0="98,73,33,102,125,75,51,69,65,134,128,9,62" hai1="48,28,123,59,76,46,116,124,0,95,19,1,130" hai2="74,88,60,89,45,29,135,43,37,132,4,47,23" hai3="24,86,49,32,108,107,3,117,87,39,38,119,25"/><T126/><D33/><U53/><E123/><V105/><F74/><W109/><G107/><T41/><D9/><U79/><E130/><V122/><F105/><W101/><G101/><T80/><D128/><U57/><E124/><V127/><F127/><N who="0" m="48650" /><D80/><U82/><E28/><V61/><F4/><W15/><G3/><T100/><D100/><U17/><E95/><V84/><F47/><W52/><G15/><T34/><D34/><U83/><E46/><V10/><F10/><W91/><G32/><T66/><D66/><U55/><REACH who="1" step="1"/><E48/><REACH who="1" ten="250,240,250,250" step="2"/><V26/><F122/><W96/><G38/><T94/><D134/><N who="2" m="51242" /><F89/><W44/><G39/><T85/><D51/><U40/><E40/><V54/><F54/><W110/><G96/><T64/><D41/><U2/><E2/><V111/><F111/><W118/><G87/><T113/><D65/><U63/><E63/><V92/><AGARI ba="0,1" hai="23,26,29,37,43,45,60,61,84,88,92" m="51242" machi="92" ten="30,2000,0" yaku="20,1,54,1" doraHai="112" who="2" fromWho="2" sc="250,-10,240,-5,250,30,250,-5" /><INIT seed="1,0,0,5,2,17" ten="240,235,280,245" oya="1" hai0="133,128,92,134,13,117,41,10,27,89,113,96,9" hai1="1,107,64,43,132,60,109,78,121,61,55,77,123" hai2="58,103,91,131,65,124,102,48,129,34,38,95,126" hai3="42,5,73,116,84,7,51,40,6,112,114,32,87"/><U21/><E1/><V59/><F34/><W67/><G73/><T20/><D117/><U62/><E107/><V80/><F38/><W85/><G32/><T106/><D113/><U69/><E78/><V72/><F65/><W25/><G25/><T16/><D128/><N who="2" m="49226" /><F48/><W75/><G75/><T28/><D41/><U44/><E77/><N who="2" m="44071" /><F58/><W86/><G116/><T76/><D76/><U50/><E132/><N who="0" m="50793" /><D106/><U105/><E105/><V37/><F59/><W115/><N who="3" m="21504" /><DORA hai="122" /><W98/><G98/><T82/><D82/><U120/><E109/><V45/><F45/><W63/><REACH who="3" step="1"/><G51/><REACH who="3" ten="240,235,280,235" step="2"/><T52/><D52/><U79/><E79/><V2/><F37/><W81/><G81/><T93/><D93/><U31/><REACH who="1" step="1"/><E55/><REACH who="1" ten="240,225,280,235" step="2"/><V3/><F126/><W119/><G119/><T14/><D14/><U104/><E104/><V29/><F124/><W83/><G83/><T100/><D100/><U54/><E54/><V88/><F3/><W74/><G74/><T15/><D15/><U39/><E39/><V26/><F2/><W4/><N who="3" m="1024" /><DORA hai="118" /><W111/><G111/><T36/><D36/><U94/><E94/><V99/><F103/><W97/><G97/><T68/><D96/><U70/><E70/><AGARI ba="0,2" hai="40,42,63,67,70,112,114,115" m="1024,21504" machi="70" ten="70,8000,1" yaku="1,1,29,2,53,0" doraHai="17,122,118" doraHaiUra="127,19,30" who="3" fromWho="1" sc="240,0,225,-80,280,0,235,100" /><INIT seed="2,0,0,5,3,11" ten="240,145,280,335" oya="2" hai0="3,22,78,56,118,36,23,2,108,113,9,127,85" hai1="37,31,20,116,84,79,133,88,54,8,53,16,47" hai2="104,24,72,125,49,64,130,68,62,121,111,94,126" hai3="10,109,65,99,40,66,131,25,102,60,128,14,17"/><V76/><F104/><W46/><G109/><T19/><D36/><U74/><E116/><V57/><F121/><W77/><G77/><T39/><D39/><U124/><E74/><V92/><F130/><N who="3" m="49707" /><G25/><T26/><D85/><U30/><E79/><V103/><F111/><W38/><G60/><T132/><D78/><U98/><E124/><N who="2" m="47723" /><F103/><W123/><G123/><T96/><D96/><U114/><E114/><V21/><F76/><W35/><G35/><T4/><D127/><U51/><E133/><V129/><F129/><W100/><G100/><T97/><D97/><U70/><E98/><V13/><F72/><W106/><AGARI ba="0,0" hai="10,14,17,38,40,46,65,66,99,102,106" m="49707" machi="106" ten="30,2000,0" yaku="19,1,52,1" doraHai="11" who="3" fromWho="3" sc="240,-5,145,-5,280,-10,335,20" /><INIT seed="3,0,0,1,3,91" ten="235,140,270,355" oya="3" hai0="118,70,55,65,110,19,24,49,123,100,12,50,45" hai1="116,79,135,114,112,22,32,46,97,107,7,59,94" hai2="1,82,16,121,57,44,9,89,80,17,33,99,51" hai3="104,66,2,113,120,90,58,78,109,42,11,13,119"/><W111/><G120/><T125/><D123/><U83/><E32/><V132/><F33/><W76/><G119/><T86/><D118/><U63/><E116/><V64/><F132/><W101/><G113/><T62/><D125/><U40/><E135/><V96/><F1/><W38/><G2/><T71/><D110/><N who="3" m="41993" /><G101/><T106/><D24/><U34/><E34/><V6/><F6/><N who="3" m="3319" /><G104/><T95/><D106/><U134/><E107/><V105/><F105/><W26/><G26/><T67/><D67/><U124/><E124/><V43/><F121/><W39/><G90/><T29/><D29/><U69/><E134/><V72/><F72/><W54/><G66/><T20/><D71/><U73/><E69/><V75/><F75/><W8/><G8/><T14/><D14/><U0/><E0/><V81/><F9/><W127/><G127/><T48/><REACH who="0" step="1"/><D86/><REACH who="0" ten="225,140,270,355" step="2"/><U15/><E15/><V85/><F64/><W35/><G35/><T131/><D131/><U77/><E73/><V37/><F85/><W87/><G87/><T23/><D23/><U36/><E22/><V53/><F89/><W25/><G25/><T28/><D28/><U27/><E27/><V108/><F108/><W5/><G5/><T130/><D130/><U4/><E7/><V93/><F17/><W31/><G31/><T10/><D10/><U129/><E4/><V103/><F16/><W30/><G30/><T102/><D102/><N who="1" m="60727" /><E129/><V68/><F68/><W88/><G76/><T52/><D52/><N who="1" m="34279" /><E79/><V41/><F41/><W122/><G42/><T84/><D84/><N who="1" m="48239" /><E40/><V133/><F133/><W98/><G78/><RYUUKYOKU ba="0,1" sc="225,10,140,10,270,10,355,-30" hai0="12,19,20,45,48,49,50,55,62,65,70,95,100" hai1="36,46,112,114" hai2="37,43,44,51,53,57,80,81,82,93,96,99,103" /><INIT seed="4,1,1,5,1,65" ten="235,150,280,325" oya="0" hai0="39,11,105,83,111,40,19,36,120,0,98,109,122" hai1="32,62,103,35,63,132,80,107,24,110,81,100,112" hai2="12,126,48,124,67,56,26,13,113,102,37,52,16" hai3="9,5,115,55,27,133,21,78,53,6,31,135,54"/><T101/><D83/><U33/><E110/><N who="0" m="41993" /><D40/><U125/><E24/><V85/><F113/><W66/><G115/><T30/><D30/><U14/><E112/><V88/><F37/><N who="0" m="14410" /><D19/><U130/><E130/><V15/><F102/><W1/><G5/><AGARI ba="1,1" hai="0,5,11,98,101,105,120,122" m="14410,41993" machi="5" ten="30,2900,0" yaku="10,1,23,1" doraHai="65" who="0" fromWho="3" sc="235,42,150,0,280,0,325,-32" /><INIT seed="4,2,0,1,2,2" ten="277,150,280,293" oya="0" hai0="84,109,108,40,119,50,65,18,41,42,122,46,120" hai1="75,16,38,14,51,90,112,76,34,130,106,129,3" hai2="70,87,124,62,12,54,68,92,93,32,55,53,98" hai3="5,126,131,13,85,24,121,74,11,86,64,59,48"/><T52/><D119/><U37/><E106/><V113/><F32/><W96/><G131/><N who="1" m="50186" /><E34/><V1/><F1/><W132/><G132/><T61/><D84/><U115/><E3/><V104/><F124/><W22/><G126/><T110/><REACH who="0" step="1"/><D18/><REACH who="0" ten="267,150,280,293" step="2"/><U0/><E75/><V10/><F113/><W134/><G74/><T56/><AGARI ba="2,1" hai="40,41,42,46,50,52,56,61,65,108,109,110,120,122" machi="56" ten="40,24000,3" yaku="1,1,2,1,0,1,10,1,34,3,54,1,53,0" doraHai="2" doraHaiUra="6" who="0" fromWho="0" sc="267,256,150,-82,280,-82,293,-82" /><INIT seed="4,3,0,1,1,76" ten="523,68,198,211" oya="0" hai0="0,126,6,14,120,122,95,55,87,8,22,51,90" hai1="114,13,35,54,83,131,75,65,134,16,79,85,135" hai2="72,15,98,96,128,31,2,30,81,53,43,47,39" hai3="99,68,125,18,3,100,59,71,60,36,26,10,17"/><T97/><D126/><U34/><E131/><V9/><F128/><W77/><G36/><T4/><D122/><U44/><E65/><V113/><F113/><W78/><G125/><T23/><D120/><U27/><E114/><V111/><F111/><W117/><G117/><T116/><D116/><U105/><E105/><V1/><F1/><W20/><G68/><T5/><D0/><U112/><E112/><V106/><F106/><W129/><G71/><T110/><D110/><U88/><E44/><V101/><F53/><W58/><G58/><T33/><D33/><U74/><E54/><V19/><F2/><W118/><G118/><T66/><D66/><U28/><E35/><V67/><F67/><W45/><G45/><T108/><D108/><U29/><E28/><V37/><F37/><W57/><G57/><N who="0" m="33023" /><D97/><U46/><E46/><V103/><F96/><W132/><G132/><N who="1" m="50730" /><E79/><V70/><F98/><W50/><G50/><T121/><D121/><U86/><E86/><V40/><F40/><W38/><G38/><T124/><D124/><U52/><E52/><V104/><F70/><W49/><G49/><T84/><D84/><U80/><E80/><V119/><F119/><W123/><G123/><T130/><D130/><U89/><E89/><V133/><F133/><W7/><G129/><T25/><D25/><U63/><E63/><V115/><F115/><W21/><G78/><T93/><D93/><U42/><E42/><V109/><F109/><W94/><G77/><T32/><D32/><U41/><E41/><V11/><F104/><W61/><G60/><T69/><D69/><RYUUKYOKU ba="3,0" sc="523,15,68,15,198,-15,211,-15" hai0="4,5,6,8,14,22,23,87,90,95" hai1="13,16,27,29,34,74,75,83,85,88" /><INIT seed="4,4,0,5,4,64" ten="538,83,183,196" oya="0" hai0="11,105,9,31,84,5,19,127,61,41,113,34,45" hai1="52,49,100,35,73,88,122,44,124,3,116,80,65" hai2="37,108,96,133,17,7,71,126,26,15,40,13,42" hai3="8,33,125,95,2,77,110,72,53,97,16,38,56"/><T47/><D105/><U30/><E3/><V32/><F108/><W10/><G110/><T28/><D84/><N who="1" m="50183" /><E73/><V23/><F71/><W120/><G120/><T94/><D94/><U74/><E74/><V91/><F126/><W78/><G38/><T104/><D104/><U130/><E122/><V24/><F133/><W103/><G125/><T20/><D34/><U54/><E116/><V39/><F39/><W111/><G111/><T87/><D87/><U70/><E35/><V112/><F112/><W86/><G72/><T128/><D127/><U131/><E30/><V68/><F68/><W102/><G102/><T57/><D28/><U121/><E100/><V50/><F37/><W69/><G69/><T76/><D31/><U21/><E21/><V6/><F32/><W117/><G117/><T67/><D76/><U46/><E121/><V48/><F91/><W12/><G33/><T89/><D89/><U29/><E29/><V63/><F96/><W55/><G86/><T25/><D113/><U79/><E79/><N who="3" m="30218" /><G2/><T18/><D41/><N who="1" m="24719" /><E46/><V59/><F42/><W81/><G81/><T60/><D47/><U62/><E124/><V99/><F40/><W90/><G103/><T92/><D45/><U4/><E4/><V85/><F7/><W36/><G36/><T66/><D5/><U22/><E22/><V1/><F1/><W115/><G115/><T119/><D119/><U98/><E98/><V135/><F6/><N who="3" m="3095" /><G56/><T118/><D118/><U83/><E83/><V43/><F99/><W101/><G101/><T82/><D82/><U107/><E107/><V93/><F85/><RYUUKYOKU ba="4,0" sc="538,-15,83,15,183,-15,196,15" hai1="52,54,62,65,70,130,131" hai3="10,16,53,55,90,95,97" /><INIT seed="5,5,0,1,1,35" ten="523,98,168,211" oya="1" hai0="10,32,122,60,34,21,52,113,71,84,30,79,67" hai1="132,41,36,33,45,62,39,129,38,80,69,59,25" hai2="65,23,98,26,95,110,119,94,37,124,86,116,104" hai3="109,19,46,73,91,82,29,100,87,64,49,81,102"/><U17/><E132/><V85/><F37/><W130/><G109/><T6/><D113/><U126/><E126/><V135/><F135/><W61/><G130/><T123/><D79/><U117/><E117/><V3/><F3/><W134/><G29/><T115/><D84/><N who="2" m="32362" /><F65/><W4/><G4/><T53/><D115/><U133/><E133/><V118/><F23/><W103/><G134/><T8/><D8/><U114/><E114/><V83/><F26/><W101/><G101/><T90/><D90/><U40/><E129/><V54/><F54/><N who="0" m="21098" /><D21/><U16/><E80/><V44/><F44/><W105/><G81/><T97/><D97/><U70/><E59/><V7/><F7/><W24/><G49/><T9/><D9/><U72/><E72/><V89/><F124/><W51/><G51/><T42/><D42/><N who="1" m="16491" /><E45/><V131/><F131/><W127/><G46/><T27/><D27/><U106/><E106/><V55/><F55/><W76/><G24/><T13/><D30/><U47/><E47/><V96/><F104/><W14/><G127/><T75/><D75/><U31/><E62/><V78/><F110/><W12/><G61/><T66/><D66/><U50/><E50/><V111/><F111/><W77/><G64/><T125/><D125/><U63/><E63/><V58/><F58/><W99/><G105/><T108/><D108/><U2/><E2/><V88/><F83/><W1/><G82/><T15/><D15/><U0/><E0/><V68/><F68/><W107/><G14/><T57/><D71/><N who="1" m="27147" /><E33/><V28/><F78/><W11/><G107/><T22/><D22/><RYUUKYOKU ba="5,0" sc="523,10,98,10,168,10,211,-30" hai0="6,10,13,32,34,57,60,67,122,123" hai1="16,17,25,31,36,38,39" hai2="28,88,89,94,95,96,98,116,118,119" /><INIT seed="5,6,0,3,4,96" ten="533,108,178,181" oya="1" hai0="10,82,86,39,37,4,130,76,19,66,67,97,120" hai1="79,80,113,110,64,124,127,81,75,33,36,12,100" hai2="105,46,57,77,3,132,45,11,35,131,59,15,106" hai3="2,42,83,24,32,28,52,102,94,125,29,84,62"/><U0/><E0/><V126/><F3/><W90/><G125/><N who="1" m="48202" /><E36/><V54/><F35/><W117/><G117/><T13/><D39/><U56/><E33/><V88/><F77/><W69/><G42/><T85/><D37/><U101/><E113/><V5/><F126/><W89/><G29/><T74/><D120/><U44/><E110/><V58/><F131/><W49/><G2/><T25/><D130/><U34/><E34/><V103/><F132/><W115/><G115/><T135/><D74/><U17/><E44/><V48/><F103/><N who="1" m="39497" /><E79/><V7/><F7/><W16/><G32/><T55/><D76/><U1/><E1/><V70/><F70/><W43/><G69/><T41/><D4/><U128/><E75/><V107/><F46/><W8/><G43/><T92/><D41/><U111/><E111/><V18/><F5/><W91/><G102/><T99/><D135/><U73/><E73/><V116/><F116/><W53/><G90/><T78/><D78/><U109/><E109/><V72/><F72/><W27/><G91/><T129/><D129/><U31/><E31/><V98/><F45/><W20/><G89/><T93/><D82/><U68/><E68/><V112/><F112/><W87/><G28/><T23/><D99/><U61/><E128/><V9/><F9/><AGARI ba="6,0" hai="9,12,17,56,61,64,80,81" m="39497,48202" machi="9" ten="30,11600,0" yaku="18,1,52,3" doraHai="96" who="1" fromWho="2" sc="533,0,108,134,178,-134,181,0" /><INIT seed="5,7,0,0,1,38" ten="533,242,44,181" oya="1" hai0="5,98,124,0,23,109,83,6,47,61,45,74,55" hai1="72,104,90,119,86,91,62,15,33,26,108,57,58" hai2="121,92,93,112,78,110,134,81,7,17,29,123,71" hai3="99,40,37,118,131,126,42,27,127,103,53,1,87"/><U69/><E119/><V76/><F71/><W43/><G1/><T101/><D124/><N who="3" m="47657" /><G118/><T105/><D109/><U8/><E108/><V20/><F29/><W10/><G131/><T18/><D47/><U77/><E104/><V94/><F110/><W49/><G10/><T41/><D0/><U132/><E132/><V129/><F129/><W65/><G65/><T16/><D18/><U89/><E72/><V39/><F134/><W75/><G75/><T70/><D83/><U66/><E77/><V84/><F112/><W125/><G125/><T24/><D74/><U68/><E86/><V130/><F130/><W116/><G116/><T67/><D55/><U3/><E3/><V28/><F28/><W30/><G87/><T2/><REACH who="0" step="1"/><D2/><REACH who="0" ten="523,242,44,181" step="2"/><U97/><E66/><V50/><F121/><W14/><G37/><AGARI ba="7,1" hai="5,6,16,23,24,37,41,45,61,67,70,98,101,105" machi="37" ten="30,12000,2" yaku="1,1,2,1,7,1,52,1,54,1,53,1" doraHai="38" doraHaiUra="102" who="0" fromWho="3" sc="523,151,242,0,44,0,181,-141" /><INIT seed="6,0,0,3,2,6" ten="674,242,44,40" oya="2" hai0="84,26,36,64,99,70,17,68,38,37,62,122,39" hai1="71,58,104,54,3,107,91,50,87,89,57,21,47" hai2="102,65,113,81,60,69,95,18,98,116,93,5,108" hai3="33,11,53,24,14,80,82,126,129,96,20,42,46"/><V66/><F116/><W88/><G33/><T9/><D122/><U112/><E112/><V133/><F113/><W72/><G129/><T77/><D70/><U45/><E71/><V23/><F108/><W128/><G128/><T132/><D39/><U10/><E21/><V111/><F111/><W32/><G32/><T83/><D38/><U101/><E89/><V59/><F133/><W44/><G72/><T124/><D37/><U85/><E85/><V110/><F110/><W73/><G73/><T28/><D36/><U0/><E58/><V78/><F5/><N who="3" m="3439" /><G53/><T1/><D132/><U61/><E47/><N who="3" m="17962" /><G42/><T131/><D99/><U15/><E101/><V56/><F66/><W121/><G126/><T4/><D124/><U7/><E107/><V63/><F95/><N who="3" m="56423" /><G121/><T94/><D94/><U25/><E104/><V27/><REACH who="2" step="1"/><F63/><REACH who="2" ten="674,242,34,40" step="2"/><W114/><G114/><T90/><D62/><U40/><E61/><V118/><F118/><W67/><G67/><T86/><D64/><U105/><E105/><V127/><F127/><W55/><G55/><T92/><D68/><U75/><E54/><V76/><F76/><W34/><G34/><T29/><D77/><U120/><E120/><V115/><F115/><W125/><G125/><T106/><D106/><U130/><E130/><V48/><F48/><W79/><G79/><T12/><D131/><U109/><E50/><V100/><F100/><W123/><G123/><T74/><D92/><U43/><E109/><V52/><F52/><W135/><G135/><T8/><D4/><U49/><E49/><V134/><F134/><W13/><G24/><RYUUKYOKU ba="0,1" sc="674,-15,242,-15,34,15,40,15" hai2="18,23,27,56,59,60,65,69,78,81,93,98,102" hai3="13,20,80,82" /><INIT seed="6,1,1,0,0,55" ten="659,227,49,55" oya="2" hai0="56,13,0,64,103,16,2,61,10,85,34,53,4" hai1="59,11,62,44,83,73,39,77,3,84,107,116,37" hai2="68,41,29,133,98,1,7,134,14,35,93,96,74" hai3="114,81,67,46,31,30,49,101,12,99,23,38,130"/><V80/><F68/><W43/><G130/><T66/><D34/><U105/><E84/><V69/><F69/><W132/><G132/><N who="2" m="50793" /><F1/><W26/><G114/><T65/><D103/><U120/><E120/><V104/><F104/><W109/><G109/><T63/><D85/><U5/><E116/><V22/><F41/><W112/><G112/><T50/><D2/><U126/><E126/><V102/><F98/><W20/><G67/><T48/><D0/><U47/><E47/><V111/><F111/><W33/><G81/><T86/><D86/><U24/><E39/><V127/><F127/><W90/><G90/><T119/><D119/><U45/><E44/><V36/><F36/><W71/><G71/><T79/><D79/><U135/><E135/><V129/><F129/><W94/><G31/><T54/><D4/><U17/><E17/><N who="2" m="10551" /><F7/><W9/><G38/><T21/><REACH who="0" step="1"/><D10/><REACH who="0" ten="649,227,49,55" step="2"/><U76/><E76/><N who="2" m="44055" /><F35/><W110/><G110/><T91/><D91/><U40/><E24/><V60/><F29/><W128/><G128/><T58/><AGARI ba="1,2" hai="13,16,21,48,50,53,54,56,58,61,63,64,65,66" machi="58" ten="30,16000,3" yaku="1,1,0,1,9,1,8,1,52,2,54,1,53,1" doraHai="55" doraHaiUra="19" who="0" fromWho="0" sc="649,183,227,-41,49,-81,55,-41" owari="832,93.0,186,-1.0,-32,-53.0,14,-39.0" /></mjloggm>