<mjloggm ver="2.3"><GO type="41" lobby="0"/><UN n0="%6C%69%6C%69%7A" n1="%53%41%59%41%4B%41%57%41" n2="%E5%9C%9F%E8%B3%AA%E5%8A%9B%E5%AD%A6" n3="%E5%B0%B1%E6%B4%BB%E7%94%9F%40%E5%B7%9D%E6%9D%91%E8%BB%8D%E5%9B%A3" dan="13,13,13,15" rate="1900.03,1872.41,1935.93,1927.62" sx="M,M,M,M"/><TAIKYOKU oya="0"/><INIT seed="0,0,0,4,2,104" ten="250,250,250,250" oya="0" hai0="49,70,124,98,127,15,132,91,99,62,34,50,77" hai1="20,55,131,14,106,51,23,28,13,8,56,9,29" hai2="92,65,115,111,6,36,53,128,30,116,80,17,97" hai3="0,84,118,68,11,89,133,95,33,126,85,79,82"/><T25/><D15/><U10/><E106/><V47/><F115/><W69/><G33/><T59/><D70/><U101/><E131/><V96/><F128/><W81/><G68/><T5/><D5/><U16/><E101/><V83/><F65/><W19/><G69/><T54/><D132/><U46/><E46/><V22/><F116/><W113/><G0/><T90/><D34/><U39/><E39/><V38/><F30/><W122/><G11/><T67/><D25/><U24/><E24/><V64/><F6/><W35/><G35/><T100/><D67/><U134/><E134/><V3/><F3/><W73/><G19/><AGARI ba="0,0" hai="8,9,10,13,14,16,19,20,23,28,29,51,55,56" machi="19" ten="40,5200,0" yaku="9,1,8,1,54,1" doraHai="104" who="1" fromWho="3" sc="250,0,250,52,250,0,250,-52" /><INIT seed="1,0,0,5,0,3" ten="250,302,250,198" oya="1" hai0="119,87,31,45,121,108,46,90,117,10,2,96,111" hai1="14,53,32,105,11,126,49,74,52,88,123,28,107" hai2="15,36,43,130,101,70,131,20,19,48,22,129,21" hai3="71,38,18,47,66,89,115,26,17,13,110,100,42"/><U7/><E123/><V60/><F36/><W5/><G115/><T91/><D31/><U114/><E114/><V72/><F72/><W95/><G110/><N who="0" m="42027" /><D121/><U135/><E135/><V81/><F81/><W133/><G133/><T118/><D96/><U16/><E126/><V12/><F101/><W69/><G100/><T79/><D79/><U116/><E116/><V33/><F33/><W82/><G82/><N who="0" m="49527" /><D91/><U8/><E74/><V29/><F29/><W106/><G106/><T55/><D55/><U1/><E53/><V103/><F103/><W40/><G40/><T99/><D99/><U25/><REACH who="1" step="1"/><E88/><REACH who="1" ten="250,292,250,198" step="2"/><V63/><F70/><W37/><G66/><T68/><D118/><U125/><E125/><V83/><F83/><W128/><G128/><T65/><D117/><U9/><E9/><V67/><F67/><W59/><G69/><T35/><D119/><U122/><E122/><V86/><F130/><W57/><G71/><T34/><D65/><U93/><E93/><V30/><F129/><W77/><G77/><T23/><D68/><U50/><E50/><V98/><F131/><W97/><G37/><T76/><D10/><U64/><E64/><V58/><F48/><W80/><G80/><T51/><D76/><U113/><E113/><V44/><F98/><W61/><G61/><T134/><D51/><U73/><E73/><V6/><F60/><W85/><G59/><AGARI ba="0,1" hai="1,7,8,11,14,16,25,28,32,49,52,59,105,107" machi="59" ten="30,12000,1" yaku="1,1,7,1,52,1,54,2,53,0" doraHai="3" doraHaiUra="109" who="1" fromWho="3" sc="250,0,292,130,250,0,198,-120" /><INIT seed="1,1,0,2,2,53" ten="250,422,250,78" oya="1" hai0="27,103,14,59,13,46,90,6,34,19,86,73,107" hai1="131,132,28,122,80,102,66,49,1,23,123,5,124" hai2="112,126,58,56,70,133,24,130,25,65,119,127,96" hai3="77,104,16,20,51,100,99,50,40,101,108,52,69"/><U7/><E124/><N who="2" m="47659" /><F119/><W35/><G69/><T111/><D73/><U89/><E131/><V10/><F133/><W71/><G35/><T21/><D107/><U43/><E132/><V54/><F130/><W84/><G71/><T115/><D103/><U82/><E82/><V12/><F112/><W0/><G108/><T17/><D111/><U67/><E67/><V18/><F70/><W62/><G0/><T106/><D106/><U32/><E7/><V125/><F125/><W83/><G100/><T11/><D46/><U61/><E102/><V3/><F3/><W57/><REACH who="3" step="1"/><G40/><REACH who="3" ten="250,422,250,68" step="2"/><T74/><D115/><U129/><E32/><V98/><F54/><W128/><G128/><T38/><D34/><U118/><E1/><V81/><F65/><W117/><G117/><T4/><D38/><U30/><E43/><V110/><F110/><W44/><G44/><T92/><D74/><U9/><E66/><V88/><F96/><W39/><G39/><T135/><D135/><U29/><E129/><V31/><F98/><W47/><G47/><T94/><D27/><AGARI ba="1,1" hai="16,20,27,50,51,52,57,62,77,83,84,99,101,104" machi="27" ten="30,12000,2" yaku="1,1,7,1,52,1,54,2,53,1" doraHai="53" doraHaiUra="55" who="3" fromWho="0" sc="250,-123,422,0,250,0,68,133" /><INIT seed="2,0,0,1,4,22" ten="127,422,250,201" oya="2" hai0="30,62,126,103,18,91,93,67,86,57,47,65,119" hai1="51,127,70,56,107,69,46,13,118,82,50,94,115" hai2="5,84,15,79,14,3,52,31,45,109,130,42,131" hai3="64,12,90,76,54,0,37,68,110,114,60,95,124"/><V112/><F112/><W1/><G37/><T135/><D119/><U7/><E115/><V58/><F109/><W108/><G114/><T83/><D135/><U24/><E118/><V75/><F75/><W71/><G124/><T8/><D126/><U25/><E127/><V49/><F3/><W99/><G71/><T113/><D113/><U92/><E13/><V121/><F31/><W10/><G76/><T36/><D67/><U73/><E56/><V101/><F101/><W97/><G97/><T44/><D36/><U4/><E46/><V6/><F121/><W125/><G125/><T41/><D41/><U26/><E26/><V33/><F33/><W53/><G0/><T66/><D66/><U133/><E82/><N who="2" m="47199" /><F5/><W132/><G132/><T61/><D61/><U129/><E133/><V59/><F59/><W72/><G72/><T9/><D30/><U39/><E39/><V43/><F43/><W134/><G134/><T89/><D103/><U35/><E73/><V105/><F105/><W55/><REACH who="3" step="1"/><G1/><REACH who="3" ten="127,422,250,191" step="2"/><T20/><D8/><U120/><E120/><V63/><F14/><W21/><G21/><T2/><D9/><AGARI ba="0,1" hai="6,9,15,42,45,49,52,58,63,130,131" m="47199" machi="9" ten="30,2900,0" yaku="25,1,54,1" doraHai="22" who="2" fromWho="0" sc="127,-29,422,0,250,39,191,0" /><INIT seed="2,1,0,4,3,103" ten="98,422,289,191" oya="2" hai0="120,122,10,115,44,52,92,46,90,132,105,112,70" hai1="85,28,15,37,97,118,38,45,56,22,59,55,107" hai2="110,84,78,42,81,101,134,7,69,123,23,36,30" hai3="8,12,124,34,88,4,99,73,51,94,24,67,74"/><V25/><F123/><W82/><G124/><T61/><D10/><U18/><E118/><V19/><F134/><W116/><G116/><T96/><D132/><U39/><E59/><V72/><F69/><W47/><G67/><T127/><D127/><U102/><E28/><V126/><F126/><W63/><G63/><T104/><D120/><U133/><E133/><V0/><F110/><W108/><G108/><T64/><D122/><U71/><E71/><V11/><F101/><W86/><G24/><T119/><D119/><U135/><E135/><V54/><F54/><W21/><G21/><T35/><D35/><U80/><E45/><N who="2" m="23751" /><F84/><W50/><G50/><T14/><D14/><U131/><E131/><V83/><F83/><W29/><G29/><AGARI ba="1,0" hai="0,7,11,19,23,25,29,30,72,78,81" m="23751" machi="29" ten="30,1500,0" yaku="25,1" doraHai="103" who="2" fromWho="3" sc="98,0,422,0,289,18,191,-18" /><INIT seed="2,2,0,1,0,128" ten="98,422,307,173" oya="2" hai0="58,91,4,61,106,9,130,29,47,71,16,28,83" hai1="52,124,74,3,95,14,94,68,39,45,85,55,89" hai2="98,81,73,135,6,115,20,69,37,35,46,102,50" hai3="65,125,113,112,51,93,38,11,10,0,121,117,70"/><V118/><F118/><W87/><G117/><T126/><D106/><U57/><E124/><V21/><F115/><W42/><G121/><T84/><D71/><U105/><E105/><V67/><F35/><W111/><G125/><T23/><D126/><U26/><E68/><V7/><F37/><W48/><G111/><T78/><D130/><U103/><E74/><V72/><F67/><W59/><G93/><T86/><D47/><U66/><E3/><V41/><F69/><W31/><G87/><T114/><D114/><U77/><E77/><V8/><F72/><W54/><G31/><T43/><D43/><U134/><E134/><V15/><F135/><W76/><G76/><T25/><D9/><U56/><E66/><V104/><F73/><W49/><G0/><T36/><D4/><U123/><E123/><V60/><F60/><W88/><G11/><T122/><D36/><U1/><E1/><V5/><REACH who="2" step="1"/><F81/><REACH who="2" ten="98,422,297,173" step="2"/><W79/><G70/><T63/><D122/><U92/><E39/><V131/><F131/><W22/><G65/><N who="0" m="39095" /><D63/><U12/><E103/><V34/><F34/><W108/><G108/><T82/><AGARI ba="2,1" hai="16,23,25,28,29,78,82,83,84,86,91" m="39095" machi="82" ten="30,2000,0" yaku="8,1,54,1" doraHai="128" who="0" fromWho="0" sc="98,36,422,-7,297,-12,173,-7" /><INIT seed="3,0,0,3,0,73" ten="134,415,285,166" oya="3" hai0="102,91,135,6,85,121,76,33,55,35,113,19,17" hai1="51,125,130,79,56,30,46,128,90,47,70,71,53" hai2="80,36,7,13,114,10,32,38,117,99,16,122,132" hai3="104,78,92,110,126,67,11,127,43,75,98,48,112"/><W49/><G112/><T116/><D6/><U101/><E101/><V45/><F114/><W89/><G110/><T34/><D113/><U129/><E30/><V26/><F117/><W14/><G67/><T28/><D116/><U84/><E79/><V94/><F132/><W57/><G104/><T131/><D28/><U64/><E125/><V50/><F122/><W77/><G75/><T108/><D121/><U86/><E86/><V106/><F106/><W23/><G127/><T123/><D123/><U29/><E29/><V52/><F80/><W4/><G126/><T9/><D135/><U24/><E24/><V61/><F32/><W20/><G49/><T58/><D108/><U3/><E3/><V18/><F61/><W59/><G59/><T93/><D9/><U54/><E54/><V109/><F109/><W105/><G105/><T83/><D102/><U5/><E5/><V134/><F134/><W8/><G8/><T21/><D21/><U111/><E111/><V37/><REACH who="2" step="1"/><F26/><REACH who="2" ten="134,415,275,166" step="2"/><W40/><G40/><T12/><D131/><U107/><E107/><V81/><F81/><W87/><G87/><T97/><REACH who="0" step="1"/><D12/><REACH who="0" ten="124,415,275,166" step="2"/><U103/><E128/><V39/><N who="2" m="9216" /><DORA hai="120" /><V66/><F66/><W88/><G89/><AGARI ba="0,2" hai="7,10,13,16,18,45,50,52,89,94,99" m="9216" machi="89" ten="70,8000,1" yaku="1,1,54,2,53,0" doraHai="73,120" doraHaiUra="124,25" who="2" fromWho="3" sc="124,0,415,0,275,100,166,-80" /><INIT seed="4,0,0,5,2,117" ten="124,415,375,86" oya="0" hai0="21,113,77,12,91,129,6,80,15,84,126,79,67" hai1="121,19,2,27,41,25,103,94,60,66,24,98,53" hai2="111,50,87,75,78,69,10,13,101,110,125,44,38" hai3="14,83,128,99,70,96,90,56,64,132,48,76,119"/><T16/><D67/><U22/><E121/><V20/><F125/><W118/><G70/><T127/><D129/><U134/><E2/><V45/><F75/><W8/><G128/><T112/><D6/><U109/><E109/><V5/><F69/><W39/><G132/><T1/><D1/><U49/><E134/><V68/><F68/><W40/><G39/><T31/><D31/><U63/><E41/><N who="2" m="24879" /><F101/><W36/><G36/><T81/><D15/><U115/><E115/><N who="0" m="44105" /><D81/><U7/><E7/><V71/><F71/><W54/><G119/><T97/><D97/><U47/><E63/><V74/><F74/><W105/><G118/><T52/><D52/><U33/><E33/><V100/><F100/><W130/><G130/><T73/><D73/><U26/><E26/><V59/><F59/><AGARI ba="0,0" hai="19,22,24,25,27,47,49,53,59,60,66,94,98,103" machi="59" ten="30,2000,0" yaku="7,1,8,1" doraHai="117" who="1" fromWho="2" sc="124,0,415,20,375,-20,86,0" /><INIT seed="5,0,0,4,4,81" ten="124,435,355,86" oya="1" hai0="21,113,115,70,58,93,99,107,90,14,95,83,103" hai1="126,74,77,30,5,67,25,54,60,87,34,133,59" hai2="75,129,27,37,57,0,16,13,51,50,106,4,117" hai3="12,66,104,108,40,85,68,78,122,111,22,80,31"/><U44/><E133/><V36/><F117/><W76/><G104/><T48/><D70/><U110/><E110/><V125/><F106/><W56/><G122/><T131/><D21/><U82/><E126/><V19/><F75/><W38/><G68/><T135/><D14/><U23/><E5/><V134/><F125/><W71/><G71/><T116/><D58/><U64/><E44/><V1/><F134/><W127/><G127/><T2/><D135/><U32/><E32/><V33/><F129/><W132/><G132/><T96/><D2/><U69/><E69/><V88/><F0/><W98/><G76/><T62/><D62/><U11/><E11/><V39/><F1/><W120/><G120/><T112/><D48/><U89/><E23/><V121/><F121/><W10/><G38/><T24/><D24/><U52/><E54/><V6/><F57/><W18/><G40/><T28/><D28/><U20/><E20/><V46/><F51/><W79/><G31/><T26/><D26/><U86/><E74/><V55/><F33/><W97/><G78/><T8/><D8/><U102/><E102/><V100/><F27/><W49/><G108/><T42/><D42/><U7/><E7/><V47/><F100/><W92/><G111/><T123/><D123/><U17/><E17/><V72/><F72/><W43/><G92/><AGARI ba="0,0" hai="25,30,34,52,59,60,64,67,77,82,86,87,89,92" machi="92" ten="30,11600,0" yaku="7,1,52,2,54,1" doraHai="81" who="1" fromWho="3" sc="124,0,435,116,355,0,86,-116" owari="124,-28.0,551,65.0,355,16.0,-30,-53.0" /></mjloggm>