<mjloggm ver="2.3"><GO type="97" lobby="0"/><UN n0="%E2%98%86%4E%41%53%E2%98%86" n1="%E4%B8%8A%E5%AE%B6%E9%B3%B4%E3%81%8B%E3%81%9B%E3%82%8D" n2="%E8%80%95%E4%BD%9C%E3%83%BB%E5%B3%B6%E8%80%95%E4%BD%9C" n3="%E5%B0%B1%E6%B4%BB%E7%94%9F%40%E5%B7%9D%E6%9D%91%E8%BB%8D%E5%9B%A3" dan="14,15,15,14" rate="1940.89,2004.78,1992.21,1923.36" sx="F,M,M,M"/><TAIKYOKU oya="0"/><INIT seed="0,0,0,5,3,11" ten="250,250,250,250" oya="0" hai0="13,107,32,122,90,94,102,63,23,20,36,80,81" hai1="37,17,66,85,108,113,97,112,0,119,34,31,104" hai2="95,49,110,28,10,135,96,5,118,9,91,72,1" hai3="47,69,7,76,40,82,131,46,77,8,100,55,73"/><T39/><D32/><U59/><E119/><V42/><F72/><W6/><G69/><T79/><D122/><U45/><E37/><V124/><F118/><W2/><G131/><T71/><D71/><U12/><E108/><V62/><F110/><W125/><G125/><T25/><D63/><U87/><E0/><V58/><F135/><W54/><G7/><T29/><D81/><U14/><E45/><V22/><F124/><W3/><G3/><T111/><D111/><U105/><E17/><V101/><F5/><W84/><G100/><T109/><D109/><U103/><E31/><V44/><F1/><W30/><G46/><T43/><D43/><U129/><E129/><V27/><REACH who="2" step="1"/><F91/><REACH who="2" ten="250,250,240,250" step="2"/><W52/><G30/><T68/><D29/><U70/><E112/><V128/><F128/><W74/><REACH who="3" step="1"/><G76/><REACH who="3" ten="250,250,240,240" step="2"/><T133/><D79/><U126/><E113/><V75/><F75/><W24/><G24/><T116/><D25/><U35/><E126/><V120/><F120/><W92/><G92/><T134/><D94/><U4/><E4/><V98/><F98/><W48/><AGARI ba="0,2" hai="2,6,8,40,47,48,52,54,55,73,74,77,82,84" machi="48" ten="30,4000,0" yaku="1,1,0,1,54,1,53,0" doraHai="11" doraHaiUra="56" who="3" fromWho="3" sc="250,-20,250,-10,240,-10,240,60" /><INIT seed="1,0,0,3,3,7" ten="230,240,230,300" oya="1" hai0="72,5,16,84,83,62,47,117,91,50,9,38,110" hai1="39,61,14,116,80,98,34,82,24,22,27,32,101" hai2="42,97,59,60,63,6,125,128,37,51,74,25,131" hai3="2,130,58,102,103,104,20,120,23,73,36,94,118"/><U70/><E39/><V29/><F74/><W10/><G104/><T35/><D117/><U44/><E116/><V12/><F97/><W75/><G120/><T30/><D38/><U53/><E32/><V11/><F37/><W45/><G118/><T8/><D72/><U56/><E34/><V88/><F125/><W123/><G123/><T109/><D62/><U65/><E44/><V122/><F122/><W96/><G130/><N who="2" m="49705" /><F88/><W108/><G108/><N who="0" m="41579" /><D5/><U68/><E14/><V126/><F126/><W21/><G103/><T89/><D89/><U57/><E27/><V90/><F90/><W112/><G112/><T99/><D99/><U78/><E78/><V114/><F114/><W18/><G58/><T127/><D127/><U113/><E113/><V49/><F42/><W40/><REACH who="3" step="1"/><G2/><REACH who="3" ten="230,240,230,290" step="2"/><T54/><D16/><N who="1" m="12359" /><E70/><V85/><F59/><W76/><G76/><T133/><D133/><U119/><E68/><V33/><F85/><W46/><G46/><T121/><D121/><U4/><E119/><V0/><F0/><W71/><G71/><T86/><D84/><U19/><E19/><V52/><F29/><W64/><G64/><T92/><D83/><U31/><E31/><V105/><F105/><W55/><G55/><T132/><D132/><U129/><E129/><V134/><F52/><W79/><G79/><T13/><D30/><U41/><E41/><V66/><F134/><W135/><G135/><T3/><D3/><U15/><E57/><V67/><F67/><W77/><G77/><T17/><D35/><U26/><E65/><V115/><F66/><W43/><G43/><RYUUKYOKU ba="0,1" sc="230,15,240,-15,230,-15,290,15" hai0="8,9,13,17,47,50,54,86,91,92" hai3="10,18,20,21,23,36,40,45,73,75,94,96,102" /><INIT seed="2,1,1,1,5,30" ten="245,225,215,305" oya="2" hai0="17,112,130,33,113,81,125,47,2,18,92,135,85" hai1="14,99,131,1,133,52,93,7,96,82,132,31,127" hai2="73,75,86,22,58,60,103,53,106,94,104,95,0" hai3="4,39,114,110,119,107,76,8,101,51,29,24,25"/><V59/><F0/><W69/><G39/><T89/><D2/><U87/><E127/><V45/><F45/><W116/><G114/><T63/><D33/><U13/><E131/><V49/><F22/><W78/><G110/><T34/><D34/><U41/><E41/><V43/><F43/><W120/><G120/><T84/><D63/><U117/><E117/><V102/><F49/><W16/><G69/><T70/><D70/><U36/><E36/><V11/><F11/><W74/><G74/><N who="2" m="28169" /><F53/><W50/><G101/><N who="2" m="38409" /><F60/><W97/><G97/><T100/><D47/><U80/><E31/><V90/><F59/><W64/><G107/><N who="2" m="41001" /><F58/><W6/><G64/><T123/><D17/><U121/><E1/><V91/><F86/><W27/><G29/><T108/><D18/><U54/><E7/><V68/><F68/><W71/><G71/><T109/><D85/><U122/><E87/><V134/><F134/><W77/><G16/><T128/><D135/><U9/><E9/><V79/><F79/><W48/><G8/><T65/><D65/><U61/><E61/><V44/><F44/><W115/><G115/><T37/><D37/><U12/><E12/><V28/><F28/><W38/><G38/><T72/><D113/><U35/><E35/><V57/><F57/><W66/><G66/><T10/><D112/><U32/><E32/><V105/><N who="2" m="41009" /><V20/><DORA hai="21" /><F20/><W26/><N who="3" m="6656" /><DORA hai="126" /><W88/><G6/><T118/><D10/><U5/><E5/><V55/><F55/><W83/><G4/><T42/><D42/><U124/><E124/><V19/><F19/><RYUUKYOKU ba="1,1" sc="245,-30,225,10,215,10,305,10" hai1="13,14,52,54,80,82,93,96,99,121,122,132,133" hai2="90,91,94,95" hai3="48,50,51,76,77,78,83,88,116,119" /><INIT seed="2,2,1,3,3,118" ten="215,235,225,315" oya="2" hai0="36,21,132,4,30,87,131,0,67,15,95,34,9" hai1="73,53,12,78,90,113,38,100,6,129,23,18,64" hai2="56,81,106,11,69,22,17,42,127,72,25,130,82" hai3="134,133,35,29,103,57,94,3,49,68,122,115,109"/><V111/><F69/><W104/><G68/><T88/><D36/><U77/><E38/><V55/><F106/><W126/><G126/><T50/><D131/><U51/><E73/><V26/><F127/><W48/><G115/><T63/><D132/><N who="3" m="50793" /><G109/><T91/><D50/><U92/><E100/><V70/><F70/><W41/><G104/><T120/><D120/><U116/><E116/><V62/><F130/><W85/><G122/><T98/><D34/><U14/><E64/><V60/><F111/><W2/><G29/><T46/><D46/><N who="1" m="27895" /><E113/><V66/><F72/><W80/><G35/><T47/><D47/><U83/><E83/><N who="2" m="31755" /><F42/><W19/><G19/><T20/><D30/><U8/><E129/><V59/><F11/><W7/><G7/><T44/><D44/><U65/><E65/><V54/><F26/><W128/><G128/><T43/><D43/><U108/><E108/><V121/><F121/><W40/><G40/><T5/><D5/><U1/><E1/><V117/><F117/><W58/><G3/><T71/><D0/><U135/><E135/><V112/><F112/><W107/><G107/><T114/><D114/><U119/><E119/><V16/><F66/><W10/><G10/><T105/><D105/><U28/><E28/><AGARI ba="2,1" hai="16,17,22,25,28,54,55,56,59,60,62" m="31755" machi="28" ten="30,2900,0" yaku="8,1,54,1" doraHai="118" who="2" fromWho="1" sc="215,0,235,-35,225,45,315,0" /><INIT seed="2,3,0,4,4,31" ten="215,200,270,315" oya="2" hai0="111,28,91,33,73,131,106,38,116,48,64,8,6" hai1="50,35,99,52,87,109,101,105,14,30,108,66,56" hai2="81,68,44,12,122,13,24,74,11,39,46,54,77" hai3="94,5,102,92,115,114,98,85,16,63,51,67,40"/><V107/><F122/><W18/><G5/><T83/><D48/><U32/><E66/><V71/><F107/><W88/><G51/><T76/><D91/><U55/><E30/><V43/><F13/><W29/><G29/><T20/><D20/><U60/><E14/><V9/><F9/><W90/><G102/><T112/><D112/><N who="3" m="43049" /><G40/><T127/><D111/><N who="1" m="42571" /><E87/><V3/><F12/><W65/><G65/><T59/><D127/><U130/><E130/><V134/><F134/><W123/><G123/><T96/><D131/><U129/><E129/><V1/><F1/><W78/><G78/><T120/><D120/><U86/><E86/><V25/><F54/><W93/><G93/><T45/><D116/><U21/><E21/><V97/><F97/><W42/><G42/><N who="0" m="22743" /><D64/><U15/><E15/><V132/><F132/><W72/><G72/><T100/><D59/><AGARI ba="3,0" hai="32,35,50,52,55,56,59,60,99,101,105" m="42571" machi="59" ten="30,7700,0" yaku="14,1,52,2,54,1" doraHai="31" who="1" fromWho="0" sc="215,-86,200,86,270,0,315,0" /><AGARI ba="3,0" hai="16,18,59,63,67,85,88,90,92,94,98" m="43049" machi="59" ten="30,3900,0" yaku="11,1,54,2" doraHai="31" who="3" fromWho="0" sc="129,-39,286,0,270,0,315,39" /><INIT seed="3,0,0,4,0,33" ten="90,286,270,354" oya="3" hai0="55,6,72,64,84,126,106,123,27,62,100,77,68" hai1="134,40,23,73,133,113,132,81,95,83,66,3,110" hai2="127,56,15,122,67,38,118,2,60,103,119,25,29" hai3="54,87,1,120,7,102,8,112,97,129,86,61,78"/><W75/><G112/><T17/><D123/><U135/><E113/><V57/><F122/><W85/><G120/><T115/><D115/><U107/><E107/><V37/><F103/><W59/><G129/><T49/><D126/><U42/><E110/><V82/><F82/><W74/><REACH who="3" step="1"/><G78/><REACH who="3" ten="90,286,270,344" step="2"/><T0/><D72/><U30/><E73/><V58/><F119/><W9/><G9/><T18/><D27/><U101/><E81/><V35/><F118/><W71/><G71/><T5/><D5/><U96/><E83/><V114/><F127/><W90/><G90/><T50/><D77/><U45/><E66/><V109/><F114/><W128/><G128/><T121/><D121/><U79/><E79/><V116/><F109/><W52/><G52/><T93/><D106/><AGARI ba="0,1" hai="1,7,8,54,59,61,74,75,85,86,87,97,102,106" machi="106" ten="40,3900,0" yaku="1,1,52,1,53,0" doraHai="33" doraHaiUra="44" who="3" fromWho="0" sc="90,-39,286,0,270,0,344,49" owari="51,-45.0,286,9.0,270,-13.0,393,49.0" /></mjloggm>