<mjloggm ver="2.3"><GO type="97" lobby="0"/><UN n0="%E4%B8%AD%E5%B3%B6%E6%97%A9%E8%B2%B4" n1="%E3%82%A2%E3%83%AC%E3%82%B9%E3%83%86%E3%83%AD" n2="%E3%83%88%E3%83%88%E3%83%AA%E5%85%88%E7%94%9F%31%39%E6%AD%B3" n3="%E3%83%AA%E3%83%AA%EF%BC%8D%E3%83%8A" dan="13,14,15,13" rate="1844.49,1979.44,2029.02,1905.18" sx="M,M,F,M"/><TAIKYOKU oya="0"/><INIT seed="0,0,0,3,2,3" ten="250,250,250,250" oya="0" hai0="12,91,115,133,38,67,87,102,124,69,60,31,59" hai1="17,119,9,62,1,70,63,131,101,47,34,14,110" hai2="126,118,46,103,96,122,32,10,20,44,18,13,19" hai3="117,79,56,71,58,123,113,100,61,8,36,116,114"/><T106/><D115/><N who="3" m="44041" /><G100/><T28/><D124/><U35/><E119/><N who="3" m="45642" /><G8/><T40/><D133/><U43/><E110/><V74/><F122/><W64/><G79/><T5/><D59/><N who="3" m="22569" /><G36/><T26/><D31/><U99/><E1/><V108/><F126/><W73/><G73/><T4/><D12/><U104/><E34/><V37/><F108/><W112/><N who="3" m="44049" /><W77/><DORA hai="55" /><G77/><T81/><D40/><U135/><E35/><V128/><F37/><W68/><G68/><T95/><D95/><U107/><E70/><V129/><F74/><W76/><G76/><T54/><D54/><U50/><E135/><V27/><F32/><W29/><G29/><T80/><D80/><U127/><E127/><V93/><F118/><W84/><G84/><T72/><D72/><U23/><E107/><V109/><F109/><W85/><G85/><T65/><D65/><U15/><E15/><V97/><F97/><W16/><G16/><T51/><D51/><U88/><E9/><V83/><F83/><W6/><G6/><T0/><D0/><U11/><E11/><V66/><F66/><W57/><N who="3" m="22577" /><W53/><DORA hai="75" /><G53/><T33/><REACH who="0" step="1"/><D38/><REACH who="0" ten="240,250,250,250" step="2"/><U49/><E49/><V22/><F10/><W30/><G30/><T98/><AGARI ba="0,1" hai="4,5,26,28,33,60,67,69,81,87,91,98,102,106" machi="98" ten="30,24000,3" yaku="1,1,2,1,0,1,25,2,52,2,53,2" doraHai="3,55,75" doraHaiUra="82,21,52" who="0" fromWho="0" sc="240,250,250,-80,250,-80,250,-80" /><INIT seed="0,1,0,2,5,30" ten="490,170,170,170" oya="0" hai0="37,126,14,40,124,39,95,85,52,9,5,13,110" hai1="71,130,3,50,67,69,89,60,117,74,29,32,101" hai2="36,66,23,86,91,72,18,12,108,59,119,118,11" hai3="105,19,0,82,104,47,27,31,56,78,20,62,33"/><T8/><D110/><U120/><E74/><V131/><F36/><W65/><G0/><T4/><D40/><U106/><E120/><V21/><F72/><W135/><G47/><T88/><REACH who="0" step="1"/><D52/><REACH who="0" ten="480,170,170,170" step="2"/><U75/><E117/><V10/><F108/><W128/><G128/><T63/><D63/><U114/><E60/><N who="2" m="38175" /><F131/><W109/><G109/><T55/><D55/><U24/><E114/><V132/><F119/><W54/><G135/><T61/><D61/><U133/><E130/><V58/><F132/><W49/><G54/><T98/><D98/><U127/><E133/><V102/><F118/><W112/><G112/><T34/><D34/><U97/><E32/><V17/><F58/><W79/><G49/><T96/><D96/><U113/><E97/><V1/><F102/><W125/><G33/><T122/><D122/><U123/><E101/><V92/><F1/><W90/><G65/><T64/><D64/><U100/><E3/><V87/><F87/><W48/><G48/><T99/><D99/><U73/><E67/><V2/><F2/><W6/><G62/><T81/><D81/><U53/><E123/><V107/><F107/><W70/><G70/><T16/><D16/><U43/><E69/><V25/><AGARI ba="1,1" hai="10,11,12,17,18,21,23,25,86,91,92" m="38175" machi="25" ten="30,1100,0" yaku="8,1" doraHai="30" who="2" fromWho="2" sc="480,-6,170,-4,170,24,170,-4" /><INIT seed="1,0,0,3,2,132" ten="474,166,194,166" oya="1" hai0="59,118,105,1,16,19,14,18,53,98,95,15,119" hai1="57,62,111,124,50,30,0,21,54,55,117,125,67" hai2="51,4,121,108,52,66,64,45,27,34,33,31,127" hai3="109,61,76,110,90,78,28,91,40,10,20,38,23"/><U11/><E117/><V134/><F121/><W8/><G61/><T71/><D71/><U116/><E116/><V85/><F134/><W6/><G40/><T46/><D1/><U41/><E30/><V104/><F104/><W107/><G28/><T106/><D46/><N who="1" m="25935" /><E21/><V12/><F108/><W32/><G107/><T72/><D72/><U9/><E0/><V63/><F127/><N who="1" m="48713" /><E111/><V97/><F33/><W86/><G32/><T65/><D65/><U7/><E7/><V113/><F64/><W130/><G130/><T69/><D69/><U131/><E131/><V79/><F4/><W37/><G6/><T36/><D36/><U88/><E88/><V39/><F39/><W122/><G86/><T93/><D119/><U47/><E47/><V120/><F120/><AGARI ba="0,0" hai="8,10,20,23,37,38,76,78,90,91,109,110,120,122" machi="120" ten="25,1600,0" yaku="22,2" doraHai="132" who="3" fromWho="2" sc="474,0,166,0,194,-16,166,16" /><INIT seed="2,0,0,2,5,119" ten="474,166,178,182" oya="2" hai0="37,31,86,109,67,11,4,73,61,45,25,69,76" hai1="112,100,30,132,15,48,64,13,123,83,6,122,58" hai2="99,23,82,101,24,33,135,125,16,62,41,130,106" hai3="66,7,75,91,51,43,34,28,121,98,63,49,10"/><V94/><F130/><W17/><G75/><T129/><D109/><U59/><E112/><V81/><F135/><W21/><G34/><T35/><D86/><U111/><E111/><V96/><F125/><W22/><G43/><T5/><D129/><U79/><E132/><V77/><F33/><W78/><G121/><N who="1" m="46090" /><E30/><V88/><F77/><W117/><G78/><T50/><D5/><U113/><E113/><V39/><F41/><W95/><G117/><T56/><D56/><N who="1" m="21547" /><E64/><V32/><F39/><W131/><G131/><T53/><D37/><U92/><E48/><V65/><F32/><W68/><G28/><T14/><D76/><U133/><E6/><V128/><F128/><W57/><G68/><AGARI ba="0,0" hai="16,23,24,62,65,68,81,82,88,94,96,99,101,106" machi="68" ten="30,5800,0" yaku="7,1,54,2" doraHai="119" who="2" fromWho="3" sc="474,0,166,0,178,58,182,-58" /><INIT seed="2,1,0,5,2,28" ten="474,166,236,124" oya="2" hai0="41,68,83,108,77,104,73,71,23,82,95,49,76" hai1="92,53,123,19,36,26,122,128,46,34,55,3,47" hai2="79,60,51,24,101,118,134,74,40,89,33,117,64" hai3="20,78,86,96,81,25,2,54,18,132,103,107,88"/><V130/><F130/><W45/><G2/><T131/><D131/><U59/><E3/><V91/><F134/><W14/><G132/><T39/><D108/><U100/><E128/><V129/><F129/><W90/><G45/><T99/><D104/><U0/><E0/><V21/><F33/><W133/><G133/><T63/><D49/><U44/><E36/><V127/><F127/><W69/><G69/><T70/><D23/><U42/><E42/><V11/><F101/><W80/><G54/><T97/><D63/><U102/><E59/><V114/><F114/><W98/><G98/><T6/><D6/><U5/><E5/><V16/><F11/><W32/><G32/><T106/><D106/><U120/><E92/><V50/><F50/><W27/><REACH who="3" step="1"/><G90/><REACH who="3" ten="474,166,236,114" step="2"/><T135/><D135/><U67/><E67/><V126/><F89/><W116/><G116/><T22/><D68/><U125/><BYE who="3" /><E125/><UN n3="%E3%83%AA%E3%83%AA%EF%BC%8D%E3%83%8A" /><V110/><F91/><W58/><G58/><T87/><D99/><U72/><BYE who="3" /><E34/><UN n3="%E3%83%AA%E3%83%AA%EF%BC%8D%E3%83%8A" /><V13/><F126/><W124/><G124/><T29/><D71/><U115/><E120/><V93/><F117/><W109/><G109/><T48/><D70/><U38/><E122/><V121/><F110/><W15/><G15/><T113/><D97/><U12/><E123/><V9/><F13/><W7/><G7/><T1/><D1/><U111/><E111/><V66/><F118/><W43/><G43/><T62/><D41/><U17/><E12/><V37/><F40/><W35/><G35/><T30/><D77/><U61/><E46/><V119/><F79/><W75/><AGARI ba="1,1" hai="14,18,20,25,27,75,78,80,81,86,88,96,103,107" machi="75" ten="20,8000,1" yaku="1,1,5,1,0,1,7,1,54,1,53,0" doraHai="28" doraHaiUra="31" who="3" fromWho="3" sc="474,-21,166,-21,236,-41,114,93" /><INIT seed="3,0,0,3,0,64" ten="453,145,195,207" oya="3" hai0="3,85,62,61,12,53,55,124,105,75,122,31,48" hai1="21,127,10,27,86,82,45,14,28,59,130,88,112" hai2="56,119,79,18,13,110,11,77,20,93,132,47,33" hai3="6,113,52,128,106,96,25,71,109,32,108,125,24"/><W115/><G125/><T42/><D75/><U103/><E127/><V120/><F119/><W104/><G128/><T7/><D124/><U39/><E130/><V98/><F33/><W72/><G72/><T66/><D3/><U58/><E112/><N who="3" m="43082" /><G32/><T114/><D105/><N who="3" m="40553" /><G96/><T116/><D114/><U123/><E123/><V99/><F132/><W91/><G6/><T97/><D122/><U15/><E103/><V51/><F120/><W121/><G91/><T89/><D116/><U8/><E45/><V46/><F56/><W135/><G135/><T41/><D97/><U2/><E39/><V38/><F98/><W84/><G84/><T134/><D134/><U81/><E81/><V65/><F77/><W73/><G73/><T17/><D31/><U16/><E2/><V101/><F79/><W92/><G92/><T60/><D7/><AGARI ba="0,0" hai="7,8,10,14,15,16,21,27,28,58,59,82,86,88" machi="7" ten="30,7700,0" yaku="7,1,8,1,54,2" doraHai="64" who="1" fromWho="0" sc="453,-77,145,77,195,0,207,0" owari="376,47.0,222,2.0,195,-30.0,207,-19.0" /></mjloggm>