<mjloggm ver="2.3"><GO type="41" lobby="0"/><UN n0="%E7%94%B1%E6%AF%94%E5%AD%90" n1="%E5%B0%B1%E6%B4%BB%E7%94%9F%40%E5%B7%9D%E6%9D%91%E8%BB%8D%E5%9B%A3" n2="%E9%A3%9F%E3%81%B9%E3%82%8C%E3%81%AA%E3%81%84%E3%83%A9%E3%83%BC%E6%B2%B9" n3="%6D%75%72%61%79%6F%73%69" dan="14,17,15,14" rate="1938.77,2147.70,1992.04,1930.37" sx="F,M,M,M"/><TAIKYOKU oya="0"/><INIT seed="0,0,0,1,5,17" ten="250,250,250,250" oya="0" hai0="134,94,13,50,105,120,97,18,25,15,91,26,28" hai1="54,11,46,117,131,35,100,44,47,51,73,58,126" hai2="113,99,70,87,114,22,90,71,6,93,83,132,2" hai3="27,62,45,67,79,3,124,24,61,89,16,48,82"/><T96/><D120/><U63/><E35/><V104/><F6/><W75/><G3/><T55/><D134/><U102/><E73/><V109/><F2/><W20/><G124/><T98/><D105/><U68/><E117/><V112/><F132/><W31/><G89/><T21/><D13/><U12/><E126/><V29/><F109/><W32/><REACH who="3" step="1"/><G67/><REACH who="3" ten="250,250,250,240" step="2"/><T133/><D133/><U130/><E100/><V34/><F114/><W103/><G103/><T78/><D78/><U49/><E102/><V64/><F64/><W127/><G127/><T95/><D91/><U85/><E130/><V65/><F104/><W39/><G39/><T135/><D135/><U40/><E131/><V0/><F0/><W53/><AGARI ba="0,1" hai="16,20,24,27,31,32,45,48,53,61,62,75,79,82" machi="53" ten="20,8000,1" yaku="1,1,0,1,7,1,52,1,54,1,53,0" doraHai="17" doraHaiUra="119" who="3" fromWho="3" sc="250,-40,250,-20,250,-20,240,90" /><INIT seed="1,0,0,2,4,11" ten="210,230,230,330" oya="1" hai0="93,10,65,96,124,82,40,56,57,125,13,120,109" hai1="75,41,122,29,99,35,7,110,113,31,95,9,132" hai2="33,91,59,131,52,67,73,38,26,135,54,78,46" hai3="134,58,27,111,98,123,76,118,69,24,17,44,127"/><U0/><E75/><V105/><F105/><W12/><G69/><T4/><D120/><U79/><E122/><V116/><F116/><W55/><G123/><T53/><D65/><U104/><E104/><V121/><F121/><W47/><G118/><T64/><D64/><U22/><E113/><V97/><F135/><W45/><G134/><T15/><D109/><U130/><E130/><V88/><F131/><W77/><G111/><T21/><D82/><U101/><E132/><V60/><F97/><W81/><G98/><T61/><D40/><U23/><E110/><V126/><F126/><N who="0" m="48746" /><D56/><U50/><E79/><V20/><F33/><W66/><G66/><T39/><D39/><U6/><E6/><V36/><F36/><W100/><G100/><N who="0" m="60431" /><D21/><U117/><E117/><V129/><F129/><W90/><G127/><T86/><D86/><U8/><E8/><V49/><F78/><N who="3" m="30315" /><G90/><T92/><D92/><U28/><REACH who="1" step="1"/><E35/><REACH who="1" ten="210,220,230,330" step="2"/><V18/><F73/><W106/><G106/><T51/><D61/><U85/><E85/><V94/><F38/><W80/><G80/><T19/><D4/><U72/><E72/><V119/><F119/><W2/><G81/><T42/><D10/><U103/><E103/><V128/><F128/><W63/><G2/><T133/><D133/><U37/><E37/><V25/><F91/><W62/><G62/><T87/><D87/><U34/><E34/><V71/><F88/><W1/><G1/><T112/><D112/><U74/><E74/><V70/><F94/><W43/><G43/><T48/><D42/><U16/><E16/><V30/><F71/><RYUUKYOKU ba="0,1" sc="210,-15,220,15,230,-15,330,15" hai1="0,7,9,22,23,28,29,31,41,50,95,99,101" hai3="12,17,24,27,44,45,47,55,58,63" /><INIT seed="1,1,1,1,5,91" ten="195,235,215,345" oya="1" hai0="96,28,121,1,98,51,131,107,9,118,13,54,19" hai1="106,56,53,132,46,72,63,65,29,47,89,21,33" hai2="69,11,55,17,14,18,119,35,27,95,25,78,111" hai3="97,50,37,26,77,4,103,88,101,135,80,122,64"/><U102/><E33/><V48/><F69/><W31/><G37/><T15/><D118/><U123/><E123/><V44/><F119/><W133/><G4/><T43/><D1/><U113/><E72/><V82/><F111/><W7/><G7/><T81/><D121/><U59/><E132/><V110/><F110/><W67/><G50/><T114/><D114/><U58/><E113/><V71/><F71/><W130/><G122/><T99/><D43/><U0/><E0/><V45/><F35/><W36/><G36/><T115/><D115/><U90/><E106/><V66/><F66/><W79/><G79/><T60/><D60/><N who="1" m="35855" /><E102/><V6/><F45/><N who="1" m="16905" /><E58/><V120/><F120/><W76/><G103/><T105/><D105/><U124/><E124/><V62/><F62/><W22/><G133/><T104/><D104/><U112/><E112/><V70/><F70/><W20/><G101/><T126/><D107/><U84/><E84/><V23/><F27/><AGARI ba="1,1" hai="21,27,29,59,63,65,89,90" m="16905,35855" machi="27" ten="30,1500,0" yaku="8,1" doraHai="91" who="1" fromWho="2" sc="195,0,235,28,215,-18,345,0" /><INIT seed="1,2,0,2,1,103" ten="195,263,197,345" oya="1" hai0="90,84,64,8,17,74,77,92,104,111,81,124,121" hai1="101,31,23,105,71,100,132,117,30,131,78,28,67" hai2="0,44,75,122,34,11,38,50,107,59,108,115,94" hai3="45,51,95,52,97,55,33,113,16,24,134,109,14"/><U112/><E117/><V133/><RYUUKYOKU type="yao9" ba="2,0" sc="195,0,263,0,197,0,345,0" hai2="0,11,34,38,44,50,59,75,94,107,108,115,122,133" /><INIT seed="1,3,0,3,4,40" ten="195,263,197,345" oya="1" hai0="130,108,104,128,20,105,95,134,115,61,7,10,86" hai1="67,39,35,114,79,116,88,77,73,78,9,2,27" hai2="69,59,6,56,1,135,133,5,36,70,64,121,106" hai3="34,24,58,53,112,62,82,119,110,15,74,101,21"/><U91/><E114/><V26/><F106/><W4/><G112/><T87/><D115/><U16/><E116/><V118/><F1/><W98/><G119/><T122/><D122/><U48/><E73/><V96/><F118/><W107/><G34/><T38/><D20/><U32/><E39/><V124/><F121/><W47/><G74/><T132/><D61/><U131/><E131/><N who="0" m="50217" /><D38/><U49/><E67/><V117/><F117/><W94/><G82/><T22/><D22/><U17/><E2/><V103/><F36/><W80/><G80/><T113/><D113/><U99/><E99/><V37/><F37/><W85/><G85/><N who="0" m="32267" /><D108/><U23/><E9/><V93/><F124/><W45/><G107/><N who="0" m="41035" /><D95/><U0/><E0/><AGARI ba="3,0" hai="0,7,10,132,134" m="41035,32267,50217" machi="0" ten="40,1300,0" yaku="19,1" doraHai="40" who="0" fromWho="1" sc="195,22,263,-22,197,0,345,0" /><INIT seed="2,0,0,5,4,135" ten="217,241,197,345" oya="2" hai0="8,90,111,108,26,72,12,25,6,105,21,31,79" hai1="39,91,63,101,131,65,18,73,107,96,67,40,120" hai2="56,78,106,28,75,24,116,34,48,68,83,46,19" hai3="59,42,133,102,103,60,14,94,16,95,86,84,52"/><V113/><F106/><W17/><G42/><T123/><D105/><U0/><E73/><V93/><F116/><W32/><G32/><N who="0" m="20591" /><D72/><U80/><E120/><V33/><F113/><W54/><G54/><T99/><D79/><U81/><E131/><V98/><F68/><W15/><G133/><T134/><D134/><U89/><E0/><V100/><F56/><W114/><G114/><T92/><D123/><U117/><E117/><V57/><F57/><W30/><G30/><N who="0" m="17743" /><D99/><U115/><E115/><V87/><F19/><W35/><G35/><T119/><D90/><U125/><E125/><V47/><F34/><W97/><G103/><T82/><D82/><U27/><E39/><V124/><F75/><W9/><G94/><T127/><D92/><U110/><E40/><V88/><F124/><W77/><G77/><T53/><D53/><U13/><E27/><V4/><F4/><W38/><G38/><T29/><D119/><U118/><E118/><V7/><F7/><W71/><G71/><T20/><D127/><U1/><E1/><V132/><F132/><W64/><G64/><T11/><D8/><AGARI ba="0,0" hai="8,9,14,15,16,17,52,59,60,84,86,95,97,102" machi="8" ten="30,8000,1" yaku="7,1,9,1,8,1,54,2" doraHai="135" who="3" fromWho="0" sc="217,-80,241,0,197,0,345,80" /><INIT seed="3,0,0,3,5,39" ten="137,241,197,425" oya="3" hai0="82,110,12,128,125,42,6,101,98,57,51,64,56" hai1="11,76,8,21,52,55,14,74,93,122,10,19,13" hai2="35,111,26,30,28,94,109,71,33,77,29,81,24" hai3="15,96,103,38,79,124,25,80,89,47,60,107,20"/><W84/><G124/><T32/><D125/><U106/><E122/><V34/><F71/><W114/><G114/><T23/><D32/><U40/><E106/><V118/><F94/><W2/><G2/><T7/><D110/><N who="2" m="41994" /><F81/><W131/><G131/><T119/><D128/><U127/><E127/><V22/><F77/><W108/><G108/><T63/><D119/><U3/><E3/><V121/><F118/><W61/><G15/><T18/><D82/><U85/><E74/><V48/><F48/><W87/><G87/><T50/><D50/><U17/><E40/><V36/><F36/><W100/><G100/><T126/><D126/><U129/><E129/><V44/><F44/><W43/><G89/><T91/><D91/><N who="1" m="53487" /><E76/><V72/><F72/><W68/><G68/><T66/><D66/><U104/><E104/><V92/><F92/><W41/><G41/><T132/><D132/><U130/><E130/><V65/><F65/><W62/><G62/><T99/><D101/><U58/><E58/><V16/><F121/><W86/><G86/><T27/><D6/><U97/><E97/><V115/><F115/><W53/><G53/><AGARI ba="0,0" hai="8,10,11,13,14,17,19,21,52,53,55" m="53487" machi="53" ten="30,2000,0" yaku="8,1,54,1" doraHai="39" who="1" fromWho="3" sc="137,0,241,20,197,0,425,-20" /><INIT seed="4,0,0,2,0,100" ten="137,261,197,405" oya="0" hai0="107,118,5,29,108,80,72,95,78,54,128,79,98" hai1="7,2,74,8,51,121,109,73,111,67,119,3,94" hai2="57,76,10,9,66,133,63,38,81,50,135,93,60" hai3="33,90,19,106,26,83,124,25,39,89,103,127,84"/><T11/><D29/><U68/><E119/><V17/><F38/><W37/><G33/><T85/><D118/><U59/><E121/><V110/><F110/><W40/><G90/><T49/><D108/><U36/><E36/><V77/><F93/><W125/><G40/><T71/><D71/><U132/><E132/><N who="2" m="50763" /><F50/><W18/><G39/><T0/><D128/><U131/><E131/><V101/><F101/><W82/><G37/><T46/><D78/><N who="2" m="30314" /><F81/><W13/><G83/><T24/><D24/><N who="3" m="9321" /><G13/><T102/><REACH who="0" step="1"/><D72/><REACH who="0" ten="127,261,197,405" step="2"/><U32/><E73/><V122/><F122/><W43/><G43/><T6/><D6/><U15/><E74/><V34/><F17/><W41/><G41/><T91/><D91/><U112/><E109/><V105/><F34/><W117/><G117/><T69/><D69/><U21/><E111/><V62/><F66/><W22/><G19/><T14/><D14/><U92/><E68/><V129/><F129/><W16/><G18/><T28/><D28/><U30/><E15/><V64/><F64/><W55/><G16/><T47/><D47/><U75/><E75/><V96/><F57/><W88/><G127/><T4/><D4/><U134/><E30/><V87/><F63/><W97/><G125/><T1/><D1/><U120/><E3/><V53/><F62/><W123/><G123/><T99/><D99/><U52/><E2/><V113/><F96/><W126/><G124/><T116/><D116/><U61/><E120/><V48/><F60/><W58/><G126/><T86/><D86/><U35/><E134/><V130/><F87/><W70/><G97/><RYUUKYOKU ba="0,1" sc="127,30,261,-10,197,-10,405,-10" hai0="0,5,11,46,49,54,79,80,85,95,98,102,107" /><INIT seed="4,1,1,0,2,57" ten="157,251,187,395" oya="0" hai0="132,2,14,61,37,33,117,119,72,71,59,22,78" hai1="18,118,124,97,106,26,94,79,3,47,50,88,6" hai2="112,5,44,45,126,135,134,120,42,110,100,91,62" hai3="34,133,0,4,96,111,125,73,52,129,123,101,25"/><T21/><D2/><U81/><E118/><V127/><F100/><W99/><G73/><T32/><D71/><U115/><E115/><V68/><F5/><W54/><G111/><T107/><D107/><U27/><E124/><N who="2" m="47659" /><F110/><W104/><G99/><T10/><D37/><U7/><E106/><V48/><F91/><W90/><G90/><T108/><D108/><U95/><E3/><V49/><F112/><W58/><G123/><T29/><D132/><N who="2" m="50730" /><F120/><W36/><G133/><T66/><D117/><U113/><E113/><V85/><F85/><W89/><G89/><T15/><D119/><U12/><E94/><V74/><F74/><W43/><G101/><T39/><D39/><U38/><E7/><V102/><F102/><W103/><G36/><T31/><D33/><U53/><E38/><N who="2" m="21591" /><F45/><W70/><G4/><N who="0" m="3399" /><D32/><U8/><E6/><V92/><F92/><W11/><G34/><T40/><D40/><U80/><E80/><V30/><F30/><N who="0" m="11274" /><D72/><AGARI ba="1,1" hai="8,12,18,26,27,47,50,53,72,79,81,88,95,97" machi="72" ten="30,2000,0" yaku="7,1,54,1" doraHai="57" who="1" fromWho="0" sc="157,-23,251,33,187,0,395,0" /><INIT seed="5,0,0,0,2,65" ten="134,284,187,395" oya="1" hai0="135,79,129,127,88,13,11,133,0,48,72,5,107" hai1="10,126,35,4,27,41,110,3,101,31,46,45,52" hai2="82,61,15,112,43,57,58,50,56,122,14,60,92" hai3="104,59,33,76,102,42,1,113,131,40,114,51,68"/><U81/><E110/><V26/><F122/><W36/><G33/><T118/><D107/><U54/><E126/><V23/><F112/><W71/><G1/><T124/><D118/><U66/><E101/><V30/><F82/><W75/><G36/><T90/><D48/><U6/><E6/><V80/><F80/><W99/><G76/><T8/><D79/><U134/><E134/><N who="0" m="51209" /><D72/><U91/><E66/><V37/><F37/><W67/><G75/><T109/><D109/><U7/><E7/><V105/><F105/><W20/><G20/><T25/><D25/><U78/><E91/><V28/><F92/><W9/><G9/><T18/><D90/><U100/><E100/><V29/><F43/><W121/><G121/><T130/><D88/><U86/><REACH who="1" step="1"/><E46/><REACH who="1" ten="134,274,187,395" step="2"/><V85/><F85/><W34/><G67/><T77/><D77/><U98/><E98/><V119/><F119/><W21/><G99/><T117/><D117/><U93/><E93/><V64/><F64/><W73/><G102/><T24/><D24/><U17/><E17/><V53/><F29/><W12/><G104/><T83/><D83/><U49/><AGARI ba="0,1" hai="3,4,10,27,31,35,41,45,49,52,54,78,81,86" machi="49" ten="20,7800,0" yaku="1,1,0,1,7,1,54,1,53,0" doraHai="65" doraHaiUra="95" who="1" fromWho="1" sc="134,-26,274,88,187,-26,395,-26" /><INIT seed="5,1,0,0,4,107" ten="108,362,161,369" oya="1" hai0="121,92,67,127,106,89,93,49,82,105,62,84,34" hai1="96,116,90,44,114,110,38,36,85,48,65,95,33" hai2="126,83,73,88,20,46,61,1,70,112,35,87,16" hai3="45,10,29,15,32,78,131,5,60,26,80,81,75"/><U103/><E33/><V14/><F35/><W59/><G131/><T108/><D34/><U91/><E116/><V40/><F112/><W111/><G111/><T77/><D49/><U128/><E114/><V117/><F126/><W17/><G80/><T64/><D127/><U63/><E128/><V76/><F1/><W52/><G45/><T97/><D108/><U43/><E110/><V30/><F30/><W41/><G41/><T27/><D27/><U129/><E129/><V55/><F117/><W123/><REACH who="3" step="1"/><G5/><REACH who="3" ten="108,362,161,359" step="2"/><T119/><D119/><U94/><REACH who="1" step="1"/><E103/><REACH who="1" ten="108,352,161,359" step="2"/><V37/><F70/><AGARI ba="1,2" hai="36,38,43,44,48,63,65,70,85,90,91,94,95,96" machi="70" ten="30,5800,0" yaku="1,1,2,1,7,1,53,0" doraHai="107" doraHaiUra="50" who="1" fromWho="2" sc="108,0,352,81,161,-61,359,0" /><INIT seed="5,2,0,1,0,14" ten="108,433,100,359" oya="1" hai0="114,77,118,95,39,123,26,13,91,94,68,38,96" hai1="16,49,20,100,40,56,81,105,25,86,90,79,131" hai2="109,102,41,27,87,45,11,15,111,1,82,17,22" hai3="47,23,113,115,42,85,21,67,75,88,43,19,93"/><U89/><E131/><V122/><F122/><W34/><G34/><T6/><D68/><U8/><E105/><V74/><F102/><W121/><G75/><T48/><D118/><U30/><E100/><V61/><F61/><W37/><G23/><T120/><D26/><U133/><E133/><V55/><F74/><W80/><G67/><T60/><D60/><U127/><E127/><V31/><F1/><W35/><G35/><T98/><D48/><U124/><E124/><V46/><F55/><W10/><G10/><T62/><D62/><U128/><E128/><V12/><F12/><W107/><G107/><T97/><D77/><U44/><E56/><V53/><F46/><W112/><G43/><T29/><D29/><U59/><E59/><V108/><F53/><W52/><G121/><N who="0" m="46667" /><D114/><U71/><E71/><V33/><F33/><W130/><G130/><T92/><D91/><U57/><E57/><V4/><F31/><W65/><G65/><T103/><D103/><U3/><E3/><V2/><F2/><W32/><G32/><T132/><D132/><U117/><E117/><V54/><F54/><W58/><G80/><T76/><D76/><U24/><E8/><AGARI ba="2,0" hai="6,8,13,38,39,92,94,95,96,97,98" m="46667" machi="8" ten="40,1300,0" yaku="13,1" doraHai="14" who="0" fromWho="1" sc="108,19,433,-19,100,0,359,0" /><INIT seed="6,0,0,1,0,124" ten="127,414,100,359" oya="2" hai0="34,49,112,9,23,52,64,46,38,114,117,121,43" hai1="19,91,24,58,109,15,93,32,123,87,85,111,115" hai2="127,21,98,78,128,70,118,96,3,120,81,16,65" hai3="13,102,59,92,116,110,132,7,94,66,105,35,133"/><V88/><F118/><W48/><G35/><T45/><D34/><U82/><E123/><V18/><F120/><W26/><G116/><T86/><D9/><U5/><E115/><N who="0" m="44073" /><D117/><U60/><E5/><V28/><F127/><W103/><G26/><T135/><D121/><U74/><E74/><V22/><F3/><W40/><G110/><T73/><D73/><U39/><E39/><V80/><F70/><W1/><G1/><T97/><D64/><U11/><E24/><N who="2" m="14375" /><F65/><W36/><G36/><T63/><D63/><U31/><E31/><V134/><F134/><W71/><G71/><T56/><D135/><U62/><E32/><V95/><F28/><W104/><G66/><T108/><D23/><U57/><E109/><V99/><F128/><W29/><G29/><T44/><D108/><U54/><E111/><V113/><F113/><W107/><G133/><T6/><D6/><U89/><E58/><V129/><F129/><W77/><G59/><T41/><D97/><N who="2" m="37482" /><F78/><W42/><G77/><T53/><D86/><U106/><E106/><V100/><F100/><W30/><G30/><T27/><D27/><AGARI ba="0,0" hai="18,22,27,80,81,88,95,99" m="37482,14375" machi="27" ten="30,5800,0" yaku="8,1,54,2" doraHai="124" who="2" fromWho="0" sc="127,-58,414,0,100,58,359,0" /><INIT seed="6,1,0,3,5,27" ten="69,414,158,359" oya="2" hai0="71,45,111,51,36,32,15,67,118,33,74,87,86" hai1="0,123,134,110,100,26,80,122,88,1,83,76,14" hai2="99,63,64,77,23,60,109,5,62,69,126,2,59" hai3="9,117,10,50,75,114,49,52,44,103,81,78,46"/><V57/><F77/><W133/><G117/><T40/><D74/><U68/><E110/><V8/><F109/><W107/><G133/><T21/><D118/><U128/><E68/><V104/><F126/><W24/><G114/><T30/><D111/><U95/><E134/><V102/><F23/><W130/><G130/><T97/><D36/><U89/><E128/><V132/><F132/><W120/><G120/><N who="1" m="46122" /><E26/><V124/><F124/><W70/><G70/><T34/><D97/><N who="1" m="59455" /><E14/><V92/><F104/><W41/><G103/><T96/><D96/><U129/><E129/><V12/><F2/><N who="1" m="1129" /><E83/><V106/><F106/><W3/><G3/><T131/><D131/><U85/><AGARI ba="1,0" hai="76,80,85,88,89" m="1129,59455,46122" machi="85" ten="30,2000,0" yaku="13,1,54,1" doraHai="27" who="1" fromWho="1" sc="69,-6,414,23,158,-11,359,-6" /><INIT seed="7,0,0,2,2,42" ten="63,437,147,353" oya="3" hai0="7,67,10,18,111,108,48,51,58,116,115,41,2" hai1="78,94,33,101,5,64,69,23,79,92,85,81,110" hai2="9,8,40,102,109,50,53,15,130,26,55,104,59" hai3="72,28,56,118,128,0,84,97,96,71,60,17,49"/><W91/><G72/><T27/><D116/><U30/><E33/><V19/><F130/><W124/><G0/><T135/><D135/><U45/><E110/><V61/><F109/><W39/><G39/><T82/><D115/><U122/><E122/><V89/><F104/><W123/><G123/><T106/><D106/><U20/><E78/><V125/><F102/><W76/><G76/><T83/><D83/><U95/><E5/><V126/><F40/><W66/><G128/><T34/><D51/><U57/><E69/><V14/><F26/><W21/><G28/><T44/><D82/><U29/><E101/><V13/><F89/><W75/><G75/><T74/><D74/><U112/><E112/><V132/><F132/><W90/><G90/><T107/><D107/><U37/><E37/><V103/><F103/><W52/><G118/><T63/><REACH who="0" step="1"/><D34/><REACH who="0" ten="53,437,147,353" step="2"/><U93/><E93/><V73/><F73/><W43/><G124/><N who="2" m="47721" /><F8/><W87/><G87/><T114/><D114/><U98/><E98/><V24/><F9/><W117/><G117/><T32/><D32/><U16/><E23/><N who="2" m="13439" /><F50/><W11/><G11/><T4/><D4/><U120/><E120/><V113/><F113/><W70/><G43/><T121/><D121/><U127/><E127/><V88/><F55/><W36/><G36/><T119/><D119/><U68/><E94/><V77/><F53/><W62/><G21/><T38/><D38/><U1/><E92/><V22/><F22/><W25/><G17/><T134/><D134/><U12/><E95/><V105/><F105/><W100/><G52/><T80/><D80/><RYUUKYOKU ba="0,1" sc="53,30,437,-10,147,-10,353,-10" hai0="2,7,10,18,27,41,44,48,58,63,67,108,111" owari="83,-42.0,437,54.0,137,-26.0,343,14.0" /></mjloggm>