<mjloggm ver="2.3"><GO type="97" lobby="0"/><UN n0="%41%6F%79%61%67%69%5F%39" n1="%6D%69%74%61" n2="%E5%87%9B%E3%81%A1%E3%82%83%E3%82%93%E3%81%AF%EF%BC%95%E6%AD%B3" n3="%E3%83%88%E3%83%88%E3%83%AA%E5%85%88%E7%94%9F%31%39%E6%AD%B3" dan="13,13,13,15" rate="1842.64,1879.52,1840.86,2075.50" sx="M,M,M,F"/><TAIKYOKU oya="0"/><INIT seed="0,0,0,0,1,119" ten="250,250,250,250" oya="0" hai0="124,63,112,76,20,122,94,115,123,31,55,7,135" hai1="91,40,45,121,22,92,39,99,86,59,16,114,37" hai2="106,78,35,103,26,6,70,58,93,10,3,77,87" hai3="130,34,64,57,90,33,101,111,24,14,126,61,44"/><T19/><D76/><U65/><E114/><N who="0" m="43561" /><D94/><U85/><E37/><V127/><F70/><W41/><G111/><T17/><D55/><U118/><E118/><V29/><F106/><W28/><G130/><T12/><D63/><U1/><E1/><V102/><F58/><W116/><G116/><T128/><D135/><U13/><E121/><N who="0" m="46089" /><D128/><U133/><E133/><V67/><F67/><W131/><G131/><T38/><D38/><U23/><E65/><V72/><F72/><W100/><G90/><T104/><D104/><U27/><REACH who="1" step="1"/><E59/><REACH who="1" ten="250,240,250,250" step="2"/><V21/><F3/><W110/><G57/><T46/><D46/><U98/><E98/><V69/><F69/><W117/><G64/><T82/><D124/><U56/><E56/><V62/><F127/><W81/><G126/><T107/><D107/><U88/><E88/><V30/><F103/><W134/><G134/><T80/><D80/><U125/><E125/><V95/><F78/><W25/><G117/><T0/><D82/><U83/><E83/><V5/><F77/><W50/><G81/><T79/><D79/><U109/><E109/><V132/><F102/><N who="3" m="39531" /><G110/><T71/><D71/><U60/><E60/><V9/><F62/><W108/><G61/><T105/><D105/><U2/><E2/><V73/><F132/><W49/><G108/><T96/><D96/><U74/><E74/><V32/><F73/><W42/><G50/><T113/><D113/><U47/><E47/><V48/><F48/><W51/><G51/><T4/><D0/><U120/><E120/><V8/><F95/><W66/><G49/><T52/><D52/><RYUUKYOKU ba="0,1" sc="250,-10,240,30,250,-10,250,-10" hai1="13,16,22,23,27,39,40,45,85,86,91,92,99" /><INIT seed="1,1,1,1,2,66" ten="240,270,240,240" oya="1" hai0="35,120,56,130,94,26,32,9,7,43,42,81,37" hai1="64,39,71,34,41,131,73,23,79,52,19,1,118" hai2="96,134,22,29,67,72,87,110,86,88,55,128,61" hai3="114,50,24,129,60,106,36,83,75,133,117,95,44"/><U53/><E1/><V25/><F128/><W48/><G114/><T122/><D130/><U98/><E34/><N who="0" m="12841" /><D81/><U109/><E118/><V49/><F72/><W111/><G106/><T3/><D37/><U102/><E131/><V51/><F110/><W38/><G111/><T8/><D56/><U57/><E53/><V63/><F134/><W132/><G129/><T68/><D68/><U85/><E73/><V80/><F96/><W74/><G117/><T45/><D94/><U121/><E109/><V20/><F87/><W97/><G60/><T115/><D115/><U127/><E127/><V135/><F135/><N who="3" m="51787" /><G24/><T126/><D126/><U100/><E100/><V124/><F124/><W13/><G48/><T2/><D45/><U116/><E116/><V93/><F80/><W5/><G74/><T77/><D77/><U46/><E85/><V103/><F103/><N who="3" m="60863" /><G13/><T0/><D26/><U92/><E79/><V82/><F82/><W107/><G5/><N who="0" m="1063" /><D43/><U69/><E64/><V112/><F112/><W11/><G11/><N who="0" m="2551" /><D42/><U17/><E121/><V101/><F101/><W14/><G14/><T89/><D89/><U113/><E113/><V78/><F78/><N who="3" m="44511" /><G107/><T54/><D54/><AGARI ba="1,1" hai="36,38,44,50,54" m="44511,60863,51787" machi="54" ten="30,1000,0" yaku="20,1" doraHai="66" who="3" fromWho="0" sc="240,-13,270,0,240,0,240,23" /><INIT seed="2,0,0,1,4,52" ten="227,270,240,263" oya="2" hai0="77,61,54,97,73,5,99,89,1,20,23,63,126" hai1="67,134,56,3,87,33,12,46,131,27,10,91,85" hai2="75,96,13,35,128,100,38,44,0,60,82,130,59" hai3="93,50,117,43,19,34,122,76,113,78,123,48,127"/><V69/><F69/><W28/><G113/><T112/><D112/><U103/><E3/><V51/><F0/><W8/><G117/><T65/><D126/><U84/><E134/><V106/><F35/><W39/><G127/><T94/><D73/><U36/><E36/><V104/><F38/><W98/><G39/><T41/><D77/><U101/><E131/><V16/><F75/><W26/><G48/><T92/><D41/><U15/><E46/><V53/><F82/><W88/><G122/><T86/><D5/><U109/><E109/><V133/><F104/><W24/><G123/><T135/><D1/><U125/><E27/><V22/><REACH who="2" step="1"/><F133/><REACH who="2" ten="227,270,230,263" step="2"/><W71/><G71/><T90/><D135/><U45/><E33/><V64/><AGARI ba="0,1" hai="13,16,22,44,51,53,59,60,64,96,100,106,128,130" machi="64" ten="30,12000,1" yaku="1,1,2,1,0,1,52,1,54,1,53,0" doraHai="52" doraHaiUra="107" who="2" fromWho="2" sc="227,-40,270,-40,230,130,263,-40" /><INIT seed="2,1,0,0,1,18" ten="187,230,360,223" oya="2" hai0="7,108,36,25,127,88,35,80,46,109,58,11,87" hai1="54,5,2,24,86,49,57,40,16,68,34,77,121" hai2="89,31,61,135,42,94,72,28,29,107,14,125,123" hai3="13,47,129,106,90,128,27,23,75,103,44,30,60"/><V78/><F107/><W67/><G75/><T126/><D58/><U122/><E68/><V10/><F123/><N who="1" m="47113" /><E40/><V6/><F42/><W114/><G114/><T39/><D46/><U85/><E5/><V4/><F135/><W111/><G111/><N who="0" m="42571" /><D35/><U132/><E2/><V56/><F125/><N who="0" m="47626" /><D25/><U20/><E34/><V38/><F38/><W43/><G13/><AGARI ba="1,0" hai="7,11,13,36,39,80,87,88" m="47626,42571" machi="13" ten="30,3900,0" yaku="14,1,18,1,54,1" doraHai="18" who="0" fromWho="3" sc="187,42,230,0,360,0,223,-42" /><INIT seed="3,0,0,2,2,134" ten="229,230,360,181" oya="3" hai0="120,58,110,132,111,15,35,90,129,36,9,96,37" hai1="100,106,84,86,112,19,64,23,32,83,24,93,74" hai2="123,95,21,71,135,18,125,104,77,128,101,0,8" hai3="45,17,80,69,114,85,88,60,20,55,33,10,5"/><W6/><G114/><T51/><D120/><U97/><E112/><V73/><F71/><W92/><G33/><T53/><D35/><U14/><E74/><V91/><F135/><W133/><G133/><T50/><D132/><U119/><E119/><V102/><F123/><W67/><G10/><T115/><D115/><U47/><E64/><V113/><F113/><W29/><G29/><T61/><D96/><U76/><E32/><V43/><F43/><W2/><G2/><T31/><D90/><U41/><E106/><V56/><F128/><W34/><G34/><T7/><D31/><U4/><E86/><V27/><F104/><W62/><G80/><T52/><D129/><U48/><E4/><V117/><F117/><W116/><G116/><T98/><D98/><U30/><E30/><V44/><F73/><W40/><G55/><N who="0" m="21067" /><D15/><AGARI ba="0,0" hai="14,15,19,23,24,41,47,48,76,83,84,93,97,100" machi="15" ten="40,1300,0" yaku="8,1" doraHai="134" who="1" fromWho="0" sc="229,-13,230,13,360,0,181,0" owari="216,-18.0,243,4.0,360,46.0,181,-32.0" /></mjloggm>