<mjloggm ver="2.3"><GO type="97" lobby="0"/><UN n0="%53%42%56%E3%81%AE%E3%81%BB%E3%83%BC%E3%82%8A%E3%83%BC" n1="%E7%A5%9E%E5%B4%8E%E8%98%AD%E5%AD%90" n2="%E5%B0%B1%E6%B4%BB%E7%94%9F%40%E5%B7%9D%E6%9D%91%E8%BB%8D%E5%9B%A3" n3="%6B%6F%72%6F%74%61%6E%6E" dan="13,13,14,14" rate="1878.69,1813.76,2028.08,1965.78" sx="M,F,M,M"/><TAIKYOKU oya="0"/><INIT seed="0,0,0,3,0,130" ten="250,250,250,250" oya="0" hai0="54,4,96,33,92,67,100,62,104,94,10,134,6" hai1="24,65,133,25,27,40,20,98,72,89,21,119,37" hai2="19,90,95,28,86,32,116,124,5,36,93,83,34" hai3="129,121,41,64,117,13,66,60,82,99,11,12,22"/><T77/><D33/><U69/><E72/><V81/><F36/><W3/><G121/><T80/><D6/><U131/><E119/><V26/><F116/><W45/><G3/><T79/><D79/><U51/><E131/><V118/><F118/><W48/><G117/><T97/><D104/><U74/><E37/><V110/><F34/><W128/><G22/><T68/><D54/><U122/><E74/><V125/><F110/><W87/><G99/><T18/><D18/><U43/><E122/><V63/><F5/><W84/><G84/><T59/><D68/><U61/><E98/><V35/><F35/><W113/><G113/><T75/><D4/><U70/><E89/><V101/><F19/><W126/><G126/><N who="2" m="48745" /><F63/><W111/><G111/><T76/><D76/><U57/><E51/><V120/><F120/><W39/><G39/><T73/><D73/><U103/><E70/><V30/><F30/><W29/><G29/><T109/><D10/><U71/><E103/><V44/><F44/><W23/><G23/><T17/><D17/><U53/><E71/><V91/><F101/><W46/><G11/><T38/><D38/><U49/><E21/><V78/><F78/><W108/><G108/><T47/><D47/><U114/><E20/><V106/><F106/><W1/><G1/><T107/><D107/><U15/><E114/><V132/><F132/><W127/><G127/><T58/><D109/><U31/><E31/><V112/><F112/><W88/><G129/><T2/><D2/><U52/><E133/><V42/><F42/><N who="1" m="15913" /><E15/><V0/><F0/><W55/><G128/><RYUUKYOKU ba="0,0" sc="250,-15,250,15,250,15,250,-15" hai1="24,25,27,49,52,53,57,61,65,69" hai2="26,28,32,81,83,86,90,91,93,95" /><INIT seed="1,1,0,0,2,2" ten="235,265,265,235" oya="1" hai0="119,65,78,83,39,109,134,133,52,66,104,32,35" hai1="64,126,55,46,27,43,98,36,40,48,102,114,24" hai2="128,132,19,129,51,58,84,61,12,63,26,76,22" hai3="44,120,30,3,60,69,131,37,90,77,56,74,13"/><U81/><E114/><V11/><F132/><N who="0" m="50794" /><D119/><U85/><E126/><V50/><F128/><W113/><G3/><T23/><D39/><U16/><E64/><N who="0" m="24681" /><D104/><U89/><E36/><V73/><F73/><W106/><G69/><T124/><D124/><U127/><E127/><V116/><F116/><W1/><G90/><T0/><D23/><U67/><E67/><N who="2" m="39351" /><F63/><W103/><G60/><T112/><D112/><U125/><E125/><V4/><F129/><W7/><G131/><T95/><D95/><N who="1" m="58719" /><E27/><V5/><F76/><W49/><G77/><T93/><D93/><U71/><E71/><V117/><F84/><W34/><G106/><T33/><D109/><U20/><AGARI ba="1,0" hai="16,20,24,40,43,46,48,55,81,85,89" m="58719" machi="20" ten="30,3000,0" yaku="8,1,54,1" doraHai="2" who="1" fromWho="1" sc="235,-11,265,33,265,-11,235,-11" /><INIT seed="1,2,0,2,1,123" ten="224,298,254,224" oya="1" hai0="99,83,68,96,17,48,70,31,113,84,66,129,61" hai1="133,57,112,30,49,16,13,118,132,94,8,77,106" hai2="110,97,52,26,34,4,59,15,40,122,116,91,75" hai3="24,54,25,2,36,95,22,51,93,76,23,89,28"/><U128/><E112/><V6/><F75/><W37/><G2/><T73/><D113/><U62/><E106/><V60/><F122/><W38/><G76/><T130/><D73/><U114/><E118/><V1/><F116/><W65/><G65/><T72/><D72/><U19/><E114/><V102/><F1/><W58/><G37/><T10/><D31/><U33/><E77/><V127/><F127/><W120/><G120/><T20/><D48/><U18/><E49/><V101/><F110/><W111/><G111/><T64/><D10/><U11/><E128/><N who="0" m="49257" /><D66/><U115/><E115/><V117/><F117/><W9/><G9/><N who="1" m="3658" /><E94/><V121/><F40/><W27/><G27/><N who="0" m="14735" /><D70/><U79/><E57/><V81/><F15/><W124/><G124/><T104/><D104/><U80/><E62/><V67/><F67/><W12/><G12/><T125/><D125/><U88/><E79/><AGARI ba="2,0" hai="61,64,68,79,83,84,96,99" m="14735,49257" machi="79" ten="30,1000,0" yaku="19,1" doraHai="123" who="0" fromWho="1" sc="224,16,298,-16,254,0,224,0" /><INIT seed="2,0,0,3,5,53" ten="240,282,254,224" oya="2" hai0="16,6,93,126,38,81,8,30,12,108,84,26,0" hai1="123,31,36,85,60,87,121,3,77,86,101,111,10" hai2="22,67,48,106,88,45,21,14,118,109,64,99,97" hai3="100,92,91,131,54,83,41,90,124,33,39,95,62"/><V42/><F118/><W116/><G33/><T70/><D38/><U40/><E31/><V1/><F1/><W24/><G24/><T43/><D43/><U17/><E101/><V122/><F122/><W98/><G39/><T51/><D126/><U71/><E111/><V78/><F78/><W105/><G41/><T47/><D70/><U68/><E77/><V59/><F109/><W72/><G116/><T117/><D108/><U32/><E32/><V132/><F106/><W107/><G54/><T58/><D93/><U96/><E96/><V28/><F132/><W133/><G62/><T79/><D117/><U56/><E40/><V29/><F64/><W25/><G25/><T104/><D104/><N who="3" m="40009" /><G133/><T20/><D47/><U80/><E80/><V55/><F67/><W46/><G46/><T9/><D51/><U103/><E103/><V102/><F102/><W13/><G13/><T7/><D7/><N who="1" m="1407" /><E17/><N who="2" m="10423" /><F22/><W61/><G61/><T125/><D125/><U89/><E89/><V119/><F119/><W75/><G124/><T15/><D15/><U128/><E56/><V120/><F120/><W130/><G83/><T44/><D44/><U35/><E36/><V127/><F127/><W11/><G100/><T18/><D58/><U114/><E35/><V63/><F88/><W73/><G11/><T4/><AGARI ba="0,0" hai="0,4,6,8,9,12,16,18,20,26,30,79,81,84" machi="4" ten="20,2700,0" yaku="0,1,7,1,54,1" doraHai="53" who="0" fromWho="0" sc="240,27,282,-7,254,-13,224,-7" /><INIT seed="3,0,0,0,3,66" ten="267,275,241,217" oya="3" hai0="43,4,46,71,34,76,120,54,16,133,1,99,73" hai1="52,106,5,102,105,79,23,60,95,131,62,72,40" hai2="12,119,98,122,42,58,103,108,90,28,8,124,20" hai3="126,80,67,85,75,125,70,49,89,10,97,2,114"/><W68/><G114/><T116/><D116/><U128/><E40/><V107/><F119/><W101/><G75/><T37/><D120/><U112/><E112/><V110/><F122/><W135/><G67/><T45/><D34/><U17/><E5/><V81/><F124/><N who="3" m="47723" /><G135/><T29/><D29/><U94/><E62/><V113/><F113/><W35/><G35/><T134/><D99/><U36/><E36/><V91/><F42/><W55/><G10/><N who="0" m="2319" /><D46/><U63/><E63/><V104/><F104/><N who="3" m="63535" /><G2/><T64/><D64/><U111/><E79/><V74/><F58/><AGARI ba="0,0" hai="49,55,58,68,70,80,85,89" m="63535,47723" machi="58" ten="30,5800,0" yaku="18,1,52,2" doraHai="66" who="3" fromWho="2" sc="267,0,275,0,241,-58,217,58" /><INIT seed="3,1,0,2,0,51" ten="267,275,183,275" oya="3" hai0="74,129,14,10,33,57,18,62,42,3,29,46,1" hai1="37,119,48,71,30,134,45,23,73,25,76,66,117" hai2="120,128,67,21,88,50,83,69,26,116,41,109,8" hai3="68,34,112,80,98,60,20,115,95,85,97,77,133"/><W61/><G34/><T111/><D74/><U110/><E37/><V75/><F116/><N who="1" m="44617" /><E73/><V84/><F75/><W40/><G133/><T0/><D111/><U82/><E110/><V4/><F120/><W28/><G40/><T126/><D126/><U16/><E134/><V113/><F109/><W55/><G68/><T6/><D129/><U114/><E71/><V11/><F113/><W86/><G86/><T44/><D42/><U65/><E114/><V22/><F128/><W2/><G2/><T5/><D6/><U52/><E82/><V35/><F35/><W79/><G112/><T101/><D101/><U105/><E76/><V31/><F22/><W118/><G118/><T47/><D29/><U90/><E105/><V127/><F127/><W96/><G95/><T64/><REACH who="0" step="1"/><D33/><REACH who="0" ten="257,275,183,275" step="2"/><N who="1" m="20687" /><E90/><V91/><F91/><N who="3" m="51623" /><G115/><T13/><D13/><AGARI ba="1,1" hai="13,16,23,45,48,52,65,66" m="20687,44617" machi="13" ten="30,7700,0" yaku="12,1,52,1,54,2" doraHai="51" who="1" fromWho="0" sc="257,-80,275,90,183,0,275,0" owari="177,-32.0,365,46.0,183,-22.0,275,8.0" /></mjloggm>