<mjloggm ver="2.3"><GO type="169" lobby="0"/><UN n0="%E3%83%88%E3%83%88%E3%83%AA%E5%85%88%E7%94%9F%31%39%E6%AD%B3" n1="%30%30%73%61%69" n2="%74%65%6E%70%61%6E%65" n3="%EF%BD%9E%E5%8D%83%E5%B9%B4%E4%BC%AF%E7%88%B5%EF%BD%9E" dan="18,17,16,16" rate="2232.56,2146.97,2051.24,2017.46" sx="F,F,M,M"/><TAIKYOKU oya="0"/><INIT seed="0,0,0,1,0,20" ten="250,250,250,250" oya="0" hai0="45,93,94,32,68,134,95,135,56,121,98,74,78" hai1="18,75,133,60,101,89,46,113,17,69,7,0,115" hai2="87,3,23,65,36,37,13,124,131,42,28,127,67" hai3="44,112,120,76,54,52,10,103,70,47,81,49,33"/><T24/><D68/><U6/><E75/><V30/><F3/><W9/><G112/><T38/><D121/><U59/><E69/><V8/><F131/><W12/><G70/><T71/><D71/><U86/><E101/><V85/><F42/><W106/><G120/><T104/><D56/><U64/><E133/><N who="0" m="50697" /><D74/><U100/><E100/><V119/><F23/><W34/><G103/><N who="0" m="62583" /><D78/><U57/><E59/><V51/><F13/><W129/><G129/><T58/><D58/><U41/><E113/><V88/><F8/><W53/><G106/><T66/><D66/><U109/><E115/><V11/><F11/><W27/><G10/><T102/><D102/><U77/><E77/><V50/><F119/><W26/><G34/><T73/><D73/><U99/><E57/><V117/><F117/><W39/><G33/><T108/><D108/><U132/><E109/><V80/><F80/><W22/><G39/><T111/><D111/><U61/><E64/><V90/><AGARI ba="0,0" hai="28,30,36,37,50,51,65,67,85,87,88,90,124,127" machi="90" ten="25,6400,0" yaku="0,1,22,2,54,1" doraHai="20" who="2" fromWho="2" sc="250,-32,250,-16,250,64,250,-16" /><INIT seed="1,0,0,2,3,99" ten="218,234,314,234" oya="1" hai0="103,10,43,91,96,102,122,3,120,78,57,130,28" hai1="53,79,65,70,64,19,44,121,116,101,71,69,133" hai2="55,59,85,24,109,135,95,14,118,13,68,112,41" hai3="11,93,94,60,47,98,107,29,50,132,86,34,4"/><U100/><E116/><V75/><F75/><W22/><G34/><T77/><D130/><U15/><E121/><N who="0" m="46697" /><D28/><U30/><E30/><V38/><F68/><W52/><G132/><T80/><D43/><U17/><E79/><N who="0" m="30217" /><D57/><U45/><E133/><V16/><F112/><W81/><G107/><T90/><D96/><U32/><E32/><V48/><F41/><W18/><G60/><T40/><D40/><U54/><E70/><V87/><F38/><W56/><G56/><T117/><D117/><U5/><E15/><V110/><F14/><N who="3" m="5479" /><G98/><T8/><D8/><U89/><E89/><N who="0" m="33801" /><D80/><U0/><E5/><AGARI ba="0,0" hai="3,5,10,102,103" m="33801,30217,46697" machi="5" ten="30,3900,0" yaku="13,1,52,2" doraHai="99" who="0" fromWho="1" sc="218,39,234,-39,314,0,234,0" /><INIT seed="2,0,0,0,5,131" ten="257,195,314,234" oya="2" hai0="122,130,29,0,71,128,90,135,66,93,78,116,44" hai1="87,58,38,55,2,53,132,37,19,41,56,1,51" hai2="69,95,10,62,33,3,28,26,40,61,25,88,92" hai3="84,103,49,91,89,42,24,23,134,115,109,47,121"/><V14/><F3/><W94/><G121/><T52/><D0/><U123/><E87/><V34/><F40/><W133/><G109/><T18/><D122/><U60/><E19/><V12/><F69/><W21/><G115/><T113/><D113/><U86/><E86/><V70/><F70/><W9/><G9/><T105/><D105/><U124/><E123/><V126/><F126/><W48/><G48/><N who="0" m="28679" /><D78/><U8/><E8/><V16/><F14/><W99/><G89/><T96/><D116/><U85/><E85/><V59/><F88/><W104/><REACH who="3" step="1"/><G23/><REACH who="3" ten="257,195,314,224" step="2"/><T64/><D128/><U45/><E124/><V100/><F100/><W111/><G111/><T20/><D130/><U74/><E1/><V35/><F35/><W13/><G13/><T118/><D20/><U31/><E2/><V4/><F34/><W54/><G54/><T101/><D90/><U63/><E31/><AGARI ba="0,1" hai="21,24,31,42,47,49,84,91,94,99,103,104,133,134" machi="31" ten="40,5200,0" yaku="1,1,52,2,53,0" doraHai="131" doraHaiUra="73" who="3" fromWho="1" sc="257,0,195,-52,314,0,224,62" /><INIT seed="3,0,0,1,0,122" ten="257,143,314,286" oya="3" hai0="32,114,116,19,0,23,111,17,103,51,90,73,124" hai1="120,69,81,133,94,61,25,132,16,125,1,53,13" hai2="127,55,39,83,98,62,77,4,115,47,50,12,86" hai3="67,46,40,14,95,26,97,112,37,130,22,28,129"/><W113/><G67/><T74/><D116/><U134/><E120/><V65/><F127/><W99/><G14/><T119/><D119/><U87/><E125/><V76/><F39/><W44/><G44/><T52/><D32/><U85/><E1/><V31/><F115/><W102/><REACH who="3" step="1"/><G97/><REACH who="3" ten="257,143,314,276" step="2"/><T79/><D124/><U24/><E69/><V29/><F98/><W80/><G80/><T78/><D114/><AGARI ba="0,1" hai="22,26,28,37,40,46,95,99,102,112,113,114,129,130" machi="114" ten="40,2000,0" yaku="1,1,53,0" doraHai="122" doraHaiUra="30" who="3" fromWho="0" sc="257,-20,143,0,314,0,276,30" /><INIT seed="3,1,0,1,4,3" ten="237,143,314,306" oya="3" hai0="60,26,118,59,50,11,35,117,98,74,19,0,127" hai1="101,2,20,22,25,49,89,21,120,10,17,47,85" hai2="15,70,4,56,129,130,112,107,23,78,87,9,97" hai3="7,5,72,66,64,6,95,91,86,8,111,31,13"/><W80/><G111/><T45/><D74/><U27/><E120/><V58/><F70/><W14/><G31/><T40/><D127/><U36/><E36/><V53/><F112/><W71/><G71/><T33/><D98/><U122/><E122/><V124/><F124/><W108/><G108/><T132/><D132/><U57/><E101/><V88/><F78/><N who="3" m="46359" /><G72/><T90/><D90/><U123/><E123/><V94/><F23/><W61/><G61/><T103/><D103/><U93/><E57/><V1/><F58/><W133/><G133/><T113/><D113/><U96/><E96/><V83/><F1/><W38/><G38/><T52/><D19/><U77/><E77/><V63/><REACH who="2" step="1"/><F107/><REACH who="2" ten="237,143,304,306" step="2"/><W121/><G121/><T32/><REACH who="0" step="1"/><D26/><REACH who="0" ten="227,143,304,306" step="2"/><U54/><REACH who="1" step="1"/><E27/><REACH who="1" ten="227,133,304,306" step="2"/><V67/><F67/><N who="3" m="25643" /><G8/><T109/><D109/><U110/><E110/><V126/><F126/><W125/><G125/><T18/><D18/><U82/><E82/><V51/><F51/><W48/><G48/><T79/><D79/><U42/><E42/><V62/><F62/><W76/><G76/><T37/><D37/><U24/><E24/><V12/><F12/><W34/><G34/><T43/><D43/><U134/><E134/><V102/><AGARI ba="1,3" hai="4,9,15,53,56,63,83,87,88,94,97,102,129,130" machi="102" ten="30,7900,0" yaku="1,1,0,1,52,1,54,1,53,0" doraHai="3" doraHaiUra="69" who="2" fromWho="2" sc="227,-21,133,-21,304,112,306,-40" /><INIT seed="4,0,0,3,4,118" ten="206,112,416,266" oya="0" hai0="119,116,63,56,52,77,5,90,84,19,31,50,34" hai1="61,54,106,85,51,59,40,129,120,42,121,95,26" hai2="72,44,94,29,66,89,62,86,78,112,2,58,99" hai3="107,65,132,13,102,3,100,53,123,70,73,0,93"/><T130/><D130/><U49/><E106/><V11/><F112/><W30/><G73/><T38/><D38/><U109/><E85/><V104/><F29/><W9/><G107/><T71/><D77/><U6/><E95/><V105/><F44/><W17/><G30/><T80/><D5/><U27/><E6/><V36/><F36/><W67/><G53/><T64/><REACH who="0" step="1"/><D19/><REACH who="0" ten="196,112,416,266" step="2"/><U76/><E76/><V134/><F72/><W22/><G17/><T133/><D133/><U82/><E129/><V81/><F134/><W114/><G132/><T55/><D55/><U126/><E126/><V7/><AGARI ba="0,1" hai="2,7,11,58,62,66,78,81,86,89,94,99,104,105" machi="7" ten="30,1100,0" yaku="0,1" doraHai="118" who="2" fromWho="2" sc="196,-5,112,-3,416,21,266,-3" /><INIT seed="5,0,0,3,1,108" ten="191,109,437,263" oya="1" hai0="77,84,74,75,32,19,130,17,1,64,129,45,34" hai1="107,97,96,122,0,114,27,52,50,109,90,47,118" hai2="88,33,104,79,2,7,44,91,24,16,18,132,127" hai3="73,76,102,83,48,106,63,86,121,72,105,110,69"/><U89/><E118/><V78/><F104/><W9/><G110/><T31/><D1/><U39/><E109/><V29/><F127/><W82/><G121/><T95/><D64/><U38/><E122/><V112/><F132/><W43/><G9/><T55/><D31/><U135/><E0/><V111/><F7/><W42/><G102/><T60/><D95/><U8/><E8/><V87/><F91/><N who="1" m="34825" /><E135/><V126/><F126/><W6/><G6/><T4/><D4/><U123/><E123/><V57/><F44/><W67/><G86/><T70/><D84/><U116/><E116/><V80/><F2/><W59/><G43/><T125/><D125/><U51/><E107/><V21/><F18/><N who="0" m="6666" /><D70/><U101/><E101/><V99/><F57/><W35/><G35/><N who="0" m="13355" /><D77/><U131/><E27/><V119/><F79/><W92/><G92/><T25/><D25/><U113/><E131/><N who="0" m="50185" /><D60/><U81/><E81/><V11/><F33/><W98/><G69/><T46/><D55/><N who="1" m="30175" /><E96/><V15/><F119/><W103/><G98/><T28/><D28/><U49/><E97/><V100/><F78/><W115/><G105/><T3/><D3/><U85/><E85/><V71/><F71/><W20/><G106/><T66/><D66/><U117/><E117/><V133/><F133/><W93/><G67/><T128/><N who="0" m="50193" /><T68/><DORA hai="10" /><D68/><U62/><E62/><V12/><F111/><W54/><G63/><T36/><D36/><N who="1" m="13867" /><E52/><V37/><F37/><W94/><G54/><T22/><D22/><U61/><E61/><V40/><F87/><N who="3" m="48583" /><G20/><T23/><D23/><U41/><E41/><RYUUKYOKU ba="0,0" sc="191,15,109,15,437,-15,263,-15" hai0="45,46,74,75" hai1="49,51,113,114" /><INIT seed="5,1,0,1,4,34" ten="206,124,422,248" oya="1" hai0="65,121,84,61,39,99,8,5,103,29,101,97,78" hai1="23,68,83,52,47,124,1,133,41,50,98,55,18" hai2="42,111,81,93,60,88,14,26,87,129,89,58,127" hai3="30,13,2,53,92,10,66,54,134,77,122,132,21"/><U70/><E124/><V71/><F71/><W69/><G122/><T85/><D39/><U56/><E133/><N who="3" m="51306" /><G2/><T115/><D121/><U90/><E1/><V25/><F111/><W20/><G77/><T48/><D115/><U105/><E55/><V37/><F129/><W43/><G43/><T36/><D36/><U108/><E108/><V51/><F37/><W15/><G92/><T7/><D29/><U102/><E90/><V116/><F116/><W96/><BYE who="2" /><G96/><T118/><D118/><U94/><E105/><V46/><F46/><W35/><G35/><T19/><D48/><U95/><E95/><V82/><F82/><W119/><G119/><T73/><D73/><U125/><E83/><V80/><F80/><W72/><G72/><T63/><D78/><U117/><E117/><V113/><F113/><W126/><G126/><T45/><D45/><U109/><E109/><V49/><F49/><W28/><G15/><UN n2="%74%65%6E%70%61%6E%65" /><T12/><D99/><U76/><E76/><V40/><F14/><W24/><G69/><T33/><D33/><U16/><E125/><V4/><F51/><W38/><G66/><T9/><D65/><U79/><E79/><V75/><F75/><W135/><G38/><T17/><D12/><N who="1" m="9607" /><E18/><V67/><F4/><N who="3" m="3271" /><G135/><T64/><D64/><U59/><E41/><N who="2" m="15979" /><F127/><W11/><G11/><T123/><D123/><U131/><E131/><V22/><F22/><W74/><G74/><T27/><D97/><AGARI ba="1,0" hai="25,26,58,60,67,81,87,88,89,93,97" m="15979" machi="97" ten="30,2000,0" yaku="8,1,54,1" doraHai="34" who="2" fromWho="0" sc="206,-23,124,0,422,23,248,0" /><INIT seed="6,0,0,5,1,65" ten="183,124,445,248" oya="2" hai0="67,66,69,129,23,13,125,132,14,110,35,26,39" hai1="60,123,83,24,59,101,103,2,135,61,126,105,3" hai2="82,116,57,134,79,19,108,70,30,38,22,56,133" hai3="86,85,106,91,51,118,127,95,40,111,52,112,99"/><V128/><F38/><W37/><G111/><T45/><D110/><U75/><E126/><V53/><F30/><W55/><G118/><T84/><D35/><U68/><E135/><V119/><F70/><W96/><G127/><T29/><D125/><U5/><E123/><V11/><F11/><W130/><G130/><T54/><D129/><U10/><E3/><V32/><F57/><W8/><G37/><T114/><D132/><N who="2" m="50794" /><F32/><W33/><G33/><T113/><D84/><U94/><E105/><V93/><F93/><W41/><G112/><N who="0" m="43115" /><D66/><U20/><E94/><V27/><F128/><W49/><G8/><T117/><D117/><U122/><E122/><V100/><F100/><W74/><G74/><T92/><D92/><U76/><E61/><N who="2" m="35983" /><F108/><W17/><G106/><T44/><D54/><U28/><REACH who="1" step="1"/><E68/><REACH who="1" ten="183,114,445,248" step="2"/><V0/><F0/><W73/><G95/><T12/><D39/><U97/><E97/><V31/><F119/><W1/><G1/><T43/><D43/><U34/><E34/><V15/><F116/><W124/><G124/><T90/><D69/><U131/><E131/><V62/><F62/><W102/><G55/><AGARI ba="0,1" hai="2,5,10,20,24,28,55,59,60,75,76,83,101,103" machi="55" ten="30,2000,0" yaku="1,1,7,1,53,0" doraHai="65" doraHaiUra="42" who="1" fromWho="3" sc="183,0,114,30,445,0,248,-20" /><INIT seed="7,0,0,4,1,106" ten="183,144,445,228" oya="3" hai0="117,35,81,2,114,22,118,78,13,130,52,128,83" hai1="122,3,108,67,119,56,33,102,30,98,96,101,60" hai2="120,125,0,93,39,31,32,77,132,74,115,37,63" hai3="127,50,38,14,47,107,124,9,84,88,58,91,94"/><W75/><G107/><T116/><D35/><U20/><E108/><V126/><F63/><W135/><G38/><T134/><D2/><U51/><E122/><V99/><F0/><W4/><G135/><T44/><D134/><U110/><E110/><V69/><F69/><W72/><G91/><T41/><D114/><U55/><E3/><V68/><F68/><W129/><G58/><T80/><D22/><U53/><E33/><V65/><F39/><W24/><G24/><T54/><D13/><U61/><E119/><V121/><F37/><W104/><G104/><T36/><D78/><U112/><E112/><V133/><F65/><W79/><G129/><AGARI ba="0,0" hai="36,41,44,52,54,80,81,83,116,117,118,128,129,130" machi="129" ten="50,3200,0" yaku="19,1,54,1" doraHai="106" who="0" fromWho="3" sc="183,32,144,0,445,0,228,-32" owari="215,2.0,144,-36.0,445,54.0,196,-20.0" /></mjloggm>