<mjloggm ver="2.3"><GO type="97" lobby="0"/><UN n0="%E8%AB%BE" n1="%6D%61%73%61%32%34" n2="%E5%B0%B1%E6%B4%BB%E7%94%9F%40%E5%B7%9D%E6%9D%91%E8%BB%8D%E5%9B%A3" n3="%E5%AD%A6%E6%A0%A1%E3%81%B8%E8%A1%8C%E3%81%93%E3%81%86%28%29" dan="14,14,14,13" rate="1916.50,1834.17,1997.41,1873.09" sx="M,M,M,M"/><TAIKYOKU oya="0"/><INIT seed="0,0,0,0,0,116" ten="250,250,250,250" oya="0" hai0="55,49,21,109,126,120,69,54,5,124,40,84,15" hai1="20,75,117,118,35,59,33,81,85,36,22,58,125" hai2="56,101,16,115,110,73,11,31,62,38,45,1,47" hai3="123,100,0,93,103,68,8,12,25,2,94,27,18"/><T48/><D69/><U32/><E36/><V42/><F73/><W112/><G112/><T104/><D109/><U70/><E75/><V102/><F115/><W61/><G123/><T107/><D84/><U77/><E70/><V43/><F110/><W96/><G68/><T99/><D21/><U82/><E125/><N who="0" m="48233" /><D15/><U65/><E65/><V91/><F31/><W105/><G61/><T23/><D5/><U76/><E85/><V113/><F113/><W111/><G111/><T132/><D23/><U74/><E74/><V26/><F1/><W127/><G127/><T89/><D132/><U4/><E35/><V78/><F78/><W79/><G79/><T88/><D40/><U7/><AGARI ba="0,0" hai="4,7,20,22,32,33,58,59,76,77,81,82,117,118" machi="7" ten="25,3200,0" yaku="0,1,22,2" doraHai="116" who="1" fromWho="1" sc="250,-16,250,32,250,-8,250,-8" /><INIT seed="1,0,0,0,5,100" ten="234,282,242,242" oya="1" hai0="23,97,84,14,135,118,30,53,104,22,130,112,58" hai1="5,125,16,27,35,34,49,64,37,94,90,105,46" hai2="78,77,70,67,7,68,85,80,110,106,101,126,40" hai3="82,63,116,55,114,11,108,88,8,28,3,42,89"/><U128/><E37/><V29/><F126/><W109/><G114/><T47/><D112/><U93/><E64/><V99/><F110/><N who="3" m="42603" /><G116/><T54/><D118/><U120/><E120/><V103/><F103/><W43/><G28/><T13/><D84/><U10/><E125/><V9/><F29/><W76/><G42/><T32/><D47/><U73/><E73/><V57/><F40/><W133/><G43/><T113/><D32/><U95/><E105/><V17/><F78/><W71/><G71/><T31/><D113/><U62/><E62/><V4/><F4/><N who="3" m="1055" /><G11/><T0/><D0/><U123/><E123/><V15/><REACH who="2" step="1"/><F7/><REACH who="2" ten="234,282,232,242" step="2"/><W45/><G133/><T83/><D135/><U96/><E5/><V60/><AGARI ba="0,1" hai="9,15,17,57,60,67,68,70,77,80,85,99,101,106" machi="60" ten="30,7900,0" yaku="1,1,2,1,0,1,52,1,53,0" doraHai="100" doraHaiUra="107" who="2" fromWho="2" sc="234,-20,282,-39,232,89,242,-20" /><INIT seed="2,0,0,5,2,63" ten="214,243,321,222" oya="2" hai0="21,0,125,46,124,59,115,33,60,104,110,34,37" hai1="126,92,132,82,12,79,13,99,91,65,36,106,73" hai2="53,121,15,11,44,54,41,105,72,42,4,31,56" hai3="26,103,95,112,90,10,69,8,113,94,23,128,49"/><V62/><F121/><W3/><G128/><T127/><D0/><U43/><E36/><V98/><F72/><W96/><G69/><T20/><D104/><U27/><E43/><V116/><F116/><W86/><G49/><T18/><D110/><U101/><E126/><N who="0" m="32257" /><T75/><DORA hai="129" /><D115/><U61/><E27/><V123/><F123/><W64/><G64/><N who="0" m="38943" /><D75/><U70/><REACH who="1" step="1"/><E132/><REACH who="1" ten="214,233,321,222" step="2"/><V47/><F31/><W25/><G26/><N who="0" m="14615" /><D21/><U71/><E71/><V68/><F68/><W51/><G112/><T108/><D108/><U131/><E131/><V77/><F42/><AGARI ba="0,1" hai="33,34,37,42,46" m="14615,38943,32257" machi="42" ten="40,2600,0" yaku="18,1,52,1" doraHai="63,129" who="0" fromWho="2" sc="214,36,233,0,321,-26,222,0" /><INIT seed="3,0,0,4,2,56" ten="250,233,295,222" oya="3" hai0="91,86,96,49,94,6,70,17,118,31,73,97,84" hai1="89,36,75,133,81,12,46,4,85,102,119,104,26" hai2="121,69,76,13,134,45,60,101,131,37,71,111,126" hai3="59,16,8,29,83,28,65,35,92,52,33,38,51"/><W57/><G38/><T24/><D70/><U103/><E119/><V77/><F121/><W67/><G33/><T109/><D73/><U7/><E36/><V120/><F120/><W106/><G106/><T115/><D118/><U19/><E104/><V114/><F114/><W112/><G112/><T62/><D115/><U21/><E75/><V122/><F122/><W23/><G8/><T39/><D39/><U1/><E1/><V107/><F131/><W117/><G117/><T132/><D109/><U116/><E116/><V20/><F134/><W42/><G42/><T54/><D6/><N who="1" m="2091" /><E133/><V58/><F126/><W22/><G35/><T80/><D17/><N who="1" m="12591" /><E46/><V11/><F111/><W110/><G110/><T128/><D132/><U44/><E44/><V18/><F69/><W93/><G83/><T99/><D128/><U100/><E102/><V64/><F107/><W63/><G67/><T72/><D72/><U123/><E123/><V61/><F101/><W3/><G3/><T50/><D24/><U41/><E41/><V10/><F45/><W5/><G5/><T127/><D31/><N who="3" m="11849" /><G22/><AGARI ba="0,0" hai="12,19,22,81,85,89,100,103" m="12591,2091" machi="22" ten="30,1000,0" yaku="8,1" doraHai="56" who="1" fromWho="3" sc="250,0,233,10,295,0,222,-10" /><INIT seed="4,0,0,1,0,34" ten="250,243,295,212" oya="0" hai0="43,87,15,49,30,112,11,117,2,4,106,31,14" hai1="1,118,127,54,72,131,74,3,88,132,24,23,65" hai2="9,42,77,83,99,98,39,67,37,126,29,134,86" hai3="64,36,59,12,40,53,46,135,7,105,122,33,20"/><T97/><D117/><U92/><E118/><V58/><F126/><W70/><G33/><T27/><D112/><U26/><E127/><V102/><F134/><W32/><G32/><T123/><D123/><U17/><E65/><V115/><F115/><W133/><G105/><T84/><D43/><U125/><E132/><V8/><F29/><W0/><G122/><T96/><D49/><U55/><E125/><V57/><F98/><W68/><G20/><T50/><D50/><U109/><E131/><V22/><F22/><W45/><G12/><T51/><D51/><U48/><E109/><V41/><F39/><W113/><G113/><T119/><D119/><U100/><E100/><V10/><F37/><W44/><G7/><T75/><D75/><U63/><E26/><V38/><F38/><W121/><G0/><N who="1" m="74" /><E54/><V62/><REACH who="2" step="1"/><F57/><REACH who="2" ten="250,243,285,212" step="2"/><W124/><G121/><T18/><D96/><N who="1" m="57351" /><E48/><V5/><F5/><W101/><G124/><T61/><D97/><U129/><E129/><V69/><F69/><W60/><G101/><T120/><D106/><AGARI ba="0,1" hai="8,9,10,41,42,58,62,67,77,83,86,99,102,106" machi="106" ten="40,1300,0" yaku="1,1,53,0" doraHai="34" doraHaiUra="91" who="2" fromWho="0" sc="250,-13,243,0,285,23,212,0" owari="237,-16.0,243,4.0,308,41.0,212,-29.0" /></mjloggm>