<mjloggm ver="2.3"><GO type="41" lobby="0"/><UN n0="%EF%BC%A1%EF%BC%86%EF%BC%A7" n1="%E3%81%8B%E3%81%9A%E3%82%8A%E3%82%85%E3%81%86" n2="%E5%B0%B1%E6%B4%BB%E7%94%9F%40%E5%B7%9D%E6%9D%91%E8%BB%8D%E5%9B%A3" n3="%E9%BA%BB%E9%9B%80%E8%B6%85%E5%88%9D%E5%BF%83%E8%80%85" dan="14,14,16,14" rate="1945.53,1914.18,2068.15,1917.25" sx="M,M,M,M"/><TAIKYOKU oya="0"/><INIT seed="0,0,0,1,1,119" ten="250,250,250,250" oya="0" hai0="25,102,59,114,73,74,52,122,117,4,82,38,124" hai1="64,37,42,41,110,24,44,54,126,91,66,120,96" hai2="23,87,21,111,97,77,35,53,116,5,113,36,89" hai3="9,135,130,101,28,92,81,109,86,7,58,106,19"/><T60/><D117/><U78/><E78/><V121/><F35/><W18/><G135/><T76/><D114/><U22/><E110/><V79/><F36/><W123/><G106/><T16/><D124/><U2/><E2/><V131/><F113/><W27/><G109/><T112/><D112/><U95/><E126/><V56/><F116/><W65/><G130/><T134/><D134/><U84/><E42/><V26/><F131/><W48/><G92/><T69/><D4/><U11/><E11/><V14/><F111/><W55/><G65/><T20/><D122/><U50/><E120/><V127/><F127/><W51/><G51/><T40/><D102/><U90/><E41/><V34/><F34/><W107/><G101/><T6/><D6/><U70/><E37/><V33/><F121/><W125/><G107/><T115/><D115/><U63/><E63/><V129/><F97/><W103/><G103/><T3/><D3/><U85/><E70/><V128/><F33/><W83/><G83/><T12/><D69/><U93/><REACH who="1" step="1"/><E96/><REACH who="1" ten="250,240,250,250" step="2"/><V98/><F98/><W100/><G125/><T88/><D73/><U62/><E62/><N who="2" m="36111" /><F129/><W71/><G123/><T10/><D38/><U99/><E99/><V46/><F128/><W13/><G71/><T67/><D40/><U0/><E0/><V132/><F79/><W75/><G75/><T43/><D43/><U68/><E68/><V72/><F77/><N who="3" m="46383" /><G100/><T39/><D39/><U49/><E49/><V108/><F132/><W61/><G48/><T32/><D74/><U45/><E45/><V17/><F72/><W118/><G118/><RYUUKYOKU ba="0,1" sc="250,-15,240,15,250,-15,250,15" hai1="22,24,44,50,54,64,66,84,85,90,91,93,95" hai3="7,9,13,18,19,27,28,55,58,61" /><INIT seed="1,1,1,1,3,9" ten="235,255,235,265" oya="1" hai0="25,52,62,91,103,117,76,64,80,84,4,40,70" hai1="2,42,125,108,0,53,67,59,23,135,96,95,1" hai2="21,75,99,94,44,56,32,112,46,74,29,81,104" hai3="88,114,7,120,85,26,119,113,82,54,38,69,118"/><U89/><E67/><V35/><F104/><W124/><G69/><T134/><D117/><N who="3" m="44553" /><G38/><T129/><D134/><U105/><E105/><V131/><F131/><W109/><G54/><T107/><D129/><U111/><E42/><V14/><F112/><N who="3" m="43115" /><G26/><T3/><D40/><U133/><E23/><V11/><F35/><W57/><G57/><T33/><D107/><U86/><E96/><V24/><F32/><W121/><G7/><T87/><D103/><U36/><E36/><V17/><F56/><W27/><G27/><T93/><D25/><U20/><E20/><V98/><F98/><W110/><G124/><T122/><D33/><U115/><E115/><V127/><F127/><W16/><G16/><T90/><D4/><U60/><REACH who="1" step="1"/><E125/><REACH who="1" ten="235,245,235,265" step="2"/><V72/><REACH who="2" step="1"/><F81/><REACH who="2" ten="235,245,225,265" step="2"/><W78/><G78/><T30/><D76/><U66/><E66/><V116/><F116/><W51/><G51/><T39/><D64/><U13/><E13/><V58/><F58/><W12/><G12/><T49/><D70/><U101/><E101/><AGARI ba="1,3" hai="11,14,17,21,24,29,44,46,72,74,75,94,99,101" machi="101" ten="40,2600,0" yaku="1,1,52,1,53,0" doraHai="9" doraHaiUra="100" who="2" fromWho="1" sc="235,0,245,-29,225,59,265,0" /><INIT seed="2,0,0,2,1,28" ten="235,216,284,265" oya="2" hai0="17,83,19,87,4,12,85,134,57,14,45,120,25" hai1="39,38,42,27,119,113,13,8,60,73,101,104,132" hai2="22,78,64,53,100,26,82,125,106,50,91,102,15" hai3="32,10,122,115,30,72,59,36,21,43,52,35,121"/><V46/><F125/><W112/><G72/><T76/><D120/><N who="3" m="46185" /><G43/><T1/><D134/><U105/><E60/><V31/><F106/><W74/><G36/><T130/><D130/><U5/><E27/><V96/><F64/><W61/><G74/><T98/><D1/><U67/><E67/><V86/><REACH who="2" step="1"/><F15/><REACH who="2" ten="235,216,274,265" step="2"/><W89/><G10/><T71/><D14/><U135/><E13/><V75/><F75/><W84/><G21/><T0/><D12/><U23/><E8/><V90/><F90/><W9/><G9/><T93/><D0/><U118/><E23/><V20/><F20/><W37/><G30/><T131/><D19/><U49/><E73/><V2/><F2/><W117/><G117/><T81/><D17/><U124/><E124/><V18/><F18/><W33/><G33/><T69/><D4/><U54/><E5/><V79/><F79/><W110/><G110/><T66/><D76/><U51/><E119/><V127/><F127/><W44/><G89/><T99/><D66/><U63/><E118/><V103/><F103/><W97/><G35/><T108/><D69/><U107/><E135/><V133/><F133/><W7/><G32/><T109/><D71/><U77/><E132/><V128/><F128/><W80/><G7/><T3/><D131/><U34/><E34/><V114/><F114/><W40/><G115/><T55/><D3/><U116/><E113/><V68/><F68/><W11/><G11/><T126/><D126/><U24/><E116/><V123/><F123/><W65/><G112/><T41/><D109/><U16/><E77/><V95/><AGARI ba="0,1" hai="22,26,31,46,50,53,78,82,86,91,95,96,100,102" machi="95" ten="30,11700,0" yaku="1,1,5,1,0,1,8,1,53,0" doraHai="28" doraHaiUra="129" who="2" fromWho="2" sc="235,-39,216,-39,274,127,265,-39" /><INIT seed="2,1,0,2,1,45" ten="196,177,401,226" oya="2" hai0="20,134,63,39,15,44,91,48,18,115,133,73,57" hai1="55,34,4,43,87,101,7,116,8,109,58,132,120" hai2="10,22,23,49,86,104,83,93,99,125,89,35,113" hai3="38,122,64,77,103,41,56,123,124,51,19,81,12"/><V14/><F35/><W129/><G129/><T128/><D39/><U26/><E109/><V68/><F68/><W30/><G124/><T106/><D128/><U21/><E132/><N who="0" m="50793" /><D115/><U102/><E34/><V50/><F113/><W67/><G103/><T126/><D126/><U1/><E116/><V16/><F104/><W17/><G30/><T59/><D73/><U76/><E7/><N who="2" m="3423" /><F125/><W88/><G38/><T53/><D106/><U130/><E43/><V65/><F65/><W0/><G0/><T96/><D63/><U29/><E120/><V47/><F47/><W82/><G77/><T5/><D5/><U54/><E54/><V70/><F22/><W74/><G74/><T32/><D32/><U107/><E107/><V61/><F61/><W131/><G131/><T90/><D96/><U25/><E25/><N who="2" m="14567" /><F70/><W13/><G41/><T95/><D59/><U94/><E130/><V121/><F121/><W85/><G56/><T111/><D57/><U84/><E1/><V71/><F71/><W24/><G24/><T112/><D112/><U117/><E117/><V97/><F97/><W42/><G42/><T114/><D114/><U62/><E4/><V75/><F75/><W52/><G123/><T2/><D2/><U135/><E135/><V108/><F108/><W118/><G122/><T27/><D111/><U72/><E72/><V40/><F40/><W9/><G118/><T80/><D44/><U33/><E33/><V119/><F119/><W92/><G67/><T36/><D36/><U6/><E6/><V31/><F31/><W66/><G64/><T46/><D46/><RYUUKYOKU ba="1,0" sc="196,-10,177,-10,401,30,226,-10" hai2="49,50,83,86,89,93,99" /><INIT seed="2,2,0,1,4,3" ten="186,167,431,216" oya="2" hai0="4,91,49,84,29,32,28,62,131,69,79,134,121" hai1="92,27,25,44,103,104,68,18,74,73,26,24,81" hai2="88,56,124,9,0,2,75,20,72,89,129,87,1" hai3="106,57,100,77,86,21,63,122,38,71,65,58,67"/><V36/><F36/><W117/><G122/><T107/><D121/><U42/><E68/><V51/><F124/><W83/><G117/><T115/><D115/><U19/><E104/><V8/><F129/><W109/><G38/><T15/><D107/><U30/><E30/><V66/><F20/><W5/><G106/><T116/><D116/><U16/><E81/><V35/><F35/><W133/><G100/><T64/><D131/><U135/><E135/><V6/><F89/><W76/><G133/><T46/><D134/><U90/><E103/><V126/><F126/><W11/><G21/><T70/><D70/><U128/><E128/><V39/><F39/><W31/><G31/><T14/><D32/><U110/><E110/><V43/><F43/><W40/><G40/><T85/><D15/><U60/><E60/><V34/><F34/><W33/><G33/><T7/><D84/><U80/><E80/><V99/><F99/><W114/><G114/><T48/><D48/><U45/><E42/><V118/><F118/><W95/><G95/><T37/><D37/><U17/><N who="1" m="4608" /><DORA hai="105" /><U94/><E90/><V13/><F9/><W93/><G93/><T123/><D123/><U132/><E132/><V120/><F120/><W59/><G109/><T127/><D127/><U98/><E98/><V47/><F47/><N who="1" m="17993" /><E26/><V82/><REACH who="2" step="1"/><F66/><REACH who="2" ten="186,167,421,216" step="2"/><W10/><G10/><T41/><D64/><U102/><E102/><V112/><F112/><W23/><G67/><T52/><D41/><U96/><E96/><V111/><F111/><W78/><G23/><T97/><D97/><U50/><E25/><RYUUKYOKU ba="2,1" sc="186,-15,167,-15,421,15,216,15" hai2="0,1,2,6,8,13,51,56,72,75,82,87,88" hai3="5,11,57,58,59,63,65,71,76,77,78,83,86" /><INIT seed="2,3,1,4,4,23" ten="171,152,436,231" oya="2" hai0="1,54,3,32,55,66,65,17,61,107,13,133,52" hai1="2,49,105,25,69,109,104,42,75,67,132,134,6" hai2="119,28,39,19,100,59,18,121,43,127,51,131,5" hai3="90,93,115,30,64,128,8,53,112,87,0,103,102"/><V101/><F121/><W91/><G64/><T70/><D107/><U99/><E75/><V124/><F119/><W76/><G30/><T16/><D133/><U60/><E109/><V45/><F5/><W81/><G53/><T31/><D65/><U135/><E6/><V94/><F28/><W14/><G0/><T126/><D126/><N who="2" m="48170" /><F131/><W27/><G27/><T78/><D78/><U26/><E2/><V57/><F39/><W130/><G14/><T47/><D47/><N who="1" m="25847" /><E99/><N who="2" m="59511" /><F101/><N who="3" m="38411" /><G8/><T7/><D7/><U34/><E34/><V123/><F123/><W82/><G82/><T20/><REACH who="0" step="1"/><D17/><AGARI ba="3,1" hai="17,18,19,43,45,51,57,59" m="59511,48170" machi="17" ten="30,1500,0" yaku="18,1" doraHai="23" who="2" fromWho="0" sc="171,-24,152,0,436,34,231,0" /><INIT seed="2,4,0,1,3,75" ten="147,152,470,231" oya="2" hai0="99,105,44,51,92,43,63,120,128,118,101,59,67" hai1="10,80,114,131,33,19,30,69,88,60,119,23,14" hai2="34,74,102,35,89,21,115,62,109,93,49,127,133" hai3="85,17,47,39,103,135,56,110,24,27,81,90,134"/><V91/><F74/><W13/><G110/><T25/><D120/><U68/><E131/><V65/><F115/><W111/><G111/><T106/><D128/><U41/><E119/><V83/><F109/><W107/><G56/><T29/><REACH who="0" step="1"/><D118/><REACH who="0" ten="137,152,470,231" step="2"/><U66/><E114/><V94/><F127/><W121/><G121/><T0/><D0/><U124/><E124/><V57/><F133/><W22/><G135/><T54/><D54/><U104/><E104/><V76/><F35/><AGARI ba="4,1" hai="25,29,35,43,44,51,59,63,67,92,99,101,105,106" machi="35" ten="30,3900,0" yaku="1,1,7,1,53,1" doraHai="75" doraHaiUra="20" who="0" fromWho="2" sc="137,61,152,0,470,-51,231,0" /><INIT seed="3,0,0,0,2,132" ten="198,152,419,231" oya="3" hai0="84,20,51,98,50,15,21,62,92,124,56,4,6" hai1="35,34,24,129,118,37,94,45,78,101,115,19,96" hai2="122,130,121,135,8,74,30,26,119,69,7,128,54" hai3="110,76,91,109,99,22,116,93,31,40,90,134,105"/><W71/><G71/><T58/><D84/><U85/><E115/><V29/><F69/><W80/><G40/><T89/><D124/><U82/><E129/><N who="2" m="49771" /><F74/><N who="3" m="43031" /><G22/><T2/><D2/><U46/><E118/><V39/><F39/><W11/><G11/><T126/><D126/><U59/><E37/><V113/><F113/><W53/><G53/><T41/><D41/><U111/><E111/><N who="3" m="42506" /><G31/><N who="2" m="11785" /><F54/><W48/><G48/><T131/><D131/><U14/><E34/><V44/><F44/><W86/><G134/><T0/><D0/><U75/><E35/><V83/><F135/><W23/><G23/><T49/><D58/><U104/><E59/><V97/><F26/><W107/><G116/><T73/><D21/><U38/><E24/><V47/><F47/><W125/><G125/><T68/><D68/><U65/><E38/><V64/><F64/><W18/><G18/><T100/><D20/><N who="1" m="11383" /><E65/><V117/><F8/><W60/><G60/><T133/><D133/><U25/><E25/><V72/><F7/><W33/><G33/><T36/><D36/><U28/><E28/><V120/><F97/><W52/><G52/><N who="0" m="34055" /><D6/><U123/><E45/><V88/><F72/><W106/><G106/><T127/><D73/><U63/><E46/><V55/><F55/><W43/><G43/><T95/><D127/><U102/><E63/><V16/><F16/><W3/><G3/><T5/><D15/><U87/><E104/><V103/><F103/><W13/><G13/><T27/><D27/><U67/><E67/><V32/><F32/><W77/><G77/><T81/><D50/><U10/><E78/><RYUUKYOKU ba="0,0" sc="198,-15,152,-15,419,15,231,15" hai2="83,88,117,119,120,121,122" hai3="86,90,91,93,99,105,107" /><INIT seed="3,1,0,2,0,13" ten="183,137,434,246" oya="3" hai0="124,92,115,125,69,66,20,38,134,25,1,33,54" hai1="31,53,84,128,80,26,51,78,85,72,9,113,83" hai2="111,28,52,101,126,133,39,97,102,3,89,118,76" hai3="60,88,105,63,93,36,24,129,116,43,40,55,87"/><W99/><G116/><T15/><D1/><U135/><E128/><V73/><F118/><W68/><G129/><T21/><D38/><U132/><E113/><V121/><F3/><W81/><G105/><T12/><D115/><U77/><E72/><V10/><F52/><W35/><G68/><T95/><D134/><U57/><REACH who="1" step="1"/><E9/><REACH who="1" ten="183,127,434,246" step="2"/><V6/><F73/><W23/><G36/><T117/><D117/><U29/><E29/><V94/><F94/><W90/><G35/><AGARI ba="1,1" hai="26,31,35,51,53,57,77,78,80,83,84,85,132,135" machi="35" ten="40,2600,0" yaku="1,1,9,1,53,0" doraHai="13" doraHaiUra="32" who="1" fromWho="3" sc="183,0,127,39,434,0,246,-29" /><INIT seed="4,0,0,2,2,49" ten="183,166,434,217" oya="0" hai0="78,94,122,102,131,26,68,119,57,72,55,105,20" hai1="36,16,74,96,13,4,111,10,52,89,5,76,46" hai2="79,3,103,65,100,95,30,124,101,91,61,33,99" hai3="110,115,87,41,114,81,90,54,132,24,56,130,125"/><T83/><D119/><U118/><E111/><V116/><F116/><W59/><G110/><T82/><D122/><U121/><E121/><V39/><F39/><W17/><G41/><T117/><D117/><U12/><E118/><V18/><F3/><W45/><G130/><T75/><D68/><U70/><E70/><V69/><F124/><W34/><G125/><T107/><D131/><U88/><E74/><V22/><F79/><W31/><G132/><T21/><D94/><N who="1" m="56391" /><E76/><V85/><F33/><W67/><G17/><T80/><D78/><U2/><E36/><V123/><F30/><W66/><G45/><T109/><D109/><U28/><E28/><V42/><F42/><W135/><G59/><T134/><D134/><U106/><E106/><V0/><F0/><W51/><REACH who="3" step="1"/><G135/><REACH who="3" ten="183,166,434,207" step="2"/><T35/><D57/><U112/><E112/><AGARI ba="0,1" hai="24,31,34,51,54,56,66,67,81,87,90,112,114,115" machi="112" ten="40,12000,2" yaku="1,1,2,1,15,1,52,1,53,2" doraHai="49" doraHaiUra="63" who="3" fromWho="1" sc="183,0,166,-120,434,0,207,130" /><INIT seed="5,0,0,4,3,75" ten="183,46,434,337" oya="1" hai0="112,114,60,84,87,128,102,122,115,8,103,11,62" hai1="91,6,49,41,7,17,70,56,35,95,24,69,20" hai2="134,101,111,82,127,118,37,54,59,109,32,44,105" hai3="14,58,80,129,85,98,88,119,68,40,45,76,23"/><U27/><E70/><V26/><F118/><W107/><G119/><T48/><D48/><U16/><E69/><V36/><F127/><W10/><G68/><T104/><D104/><U108/><E108/><V130/><F134/><W51/><G129/><T93/><D128/><U64/><E35/><V1/><F1/><W86/><G107/><T135/><D135/><U43/><E64/><V2/><F2/><W63/><G98/><T96/><D122/><U99/><E56/><V106/><F130/><W5/><G23/><T61/><REACH who="0" step="1"/><D103/><REACH who="0" ten="173,46,434,337" step="2"/><U38/><E38/><V31/><F82/><N who="3" m="49239" /><G63/><T15/><D15/><U22/><REACH who="1" step="1"/><E49/><REACH who="1" ten="173,36,434,337" step="2"/><V0/><F37/><W126/><G126/><T113/><N who="0" m="28672" /><DORA hai="25" /><T21/><D21/><U47/><E47/><V30/><F36/><W9/><G9/><AGARI ba="0,2" hai="8,9,11,60,61,62,84,87,93,96,102" m="28672" machi="9" ten="70,4500,0" yaku="1,1,15,1,53,0" doraHai="75,25" doraHaiUra="132,50" who="0" fromWho="3" sc="173,65,36,0,434,0,337,-45" /><INIT seed="6,0,0,3,5,99" ten="238,36,434,292" oya="2" hai0="10,43,120,26,87,15,58,33,63,7,73,79,51" hai1="71,12,113,117,116,127,37,97,80,89,103,50,2" hai2="44,0,45,68,128,83,88,135,5,78,56,9,31" hai3="124,112,36,23,70,34,106,85,19,131,76,81,67"/><V134/><F68/><W6/><G36/><T22/><D120/><U104/><E37/><V69/><F69/><W41/><G41/><T13/><D73/><U95/><E2/><V3/><F3/><W54/><G106/><T30/><D15/><U114/><E50/><V133/><F128/><W14/><G131/><T121/><D121/><U84/><E71/><V98/><F31/><W125/><G34/><T126/><D126/><N who="3" m="48745" /><G6/><T92/><D33/><U74/><E12/><V75/><REACH who="2" step="1"/><F56/><REACH who="2" ten="238,36,424,292" step="2"/><W118/><G118/><T8/><D58/><U35/><E127/><V40/><F40/><W42/><G42/><T77/><D43/><U66/><E35/><V16/><F16/><W122/><G122/><T47/><D30/><U4/><E4/><V100/><F100/><W91/><G54/><T24/><D7/><U107/><E66/><V39/><F39/><W72/><G112/><N who="1" m="43114" /><E107/><V46/><F46/><W53/><G53/><T57/><D47/><U108/><E108/><V65/><F65/><W93/><G67/><T32/><D32/><U111/><E111/><V61/><F61/><W115/><G70/><T64/><D63/><U96/><E74/><V132/><N who="2" m="33792" /><DORA hai="11" /><V17/><F17/><W90/><G115/><T94/><D64/><U110/><E110/><V109/><F109/><W48/><G48/><T28/><D51/><U49/><E49/><V86/><F86/><W123/><G123/><T38/><D87/><U130/><E130/><V105/><F105/><W29/><G29/><T1/><D28/><U25/><E25/><V60/><F60/><W129/><G129/><RYUUKYOKU ba="0,1" sc="238,-30,36,10,424,10,292,10" hai1="80,84,89,95,96,97,103,104,116,117" hai2="0,5,9,44,45,75,78,83,88,98" hai3="14,19,23,72,76,81,85,90,91,93" /><INIT seed="6,1,1,3,3,4" ten="208,46,434,302" oya="2" hai0="118,103,29,99,84,91,100,19,88,43,125,5,6" hai1="101,106,131,126,35,61,10,111,24,55,133,42,17" hai2="87,80,36,82,132,26,121,81,30,113,18,74,72" hai3="85,66,96,102,22,108,40,73,8,47,123,71,93"/><V122/><F113/><W112/><G123/><T109/><D109/><U70/><E111/><V33/><F132/><W64/><G112/><T14/><D125/><U124/><E42/><V28/><F28/><W44/><G108/><T63/><D118/><U48/><E101/><V65/><F36/><W67/><G71/><T37/><D29/><U9/><E106/><V130/><F130/><W129/><G73/><T56/><D37/><U134/><E70/><V98/><F98/><W2/><G129/><T1/><D43/><U83/><E61/><V38/><F38/><W57/><G57/><T13/><D1/><U105/><E105/><V15/><F65/><W77/><G22/><T54/><D54/><U127/><E83/><V89/><F74/><W20/><G20/><T75/><D75/><U45/><E131/><V46/><F46/><W23/><G23/><T114/><D114/><U12/><E24/><V32/><F32/><W50/><G44/><T39/><D39/><U60/><E35/><V59/><F59/><W107/><G107/><T21/><D14/><U90/><E60/><V86/><F72/><W16/><G2/><T25/><D13/><U52/><E55/><V51/><F121/><W115/><G115/><T11/><D100/><U78/><E78/><V117/><F122/><W58/><G58/><T41/><D41/><U68/><E68/><V34/><F30/><W110/><G110/><T97/><D103/><U69/><E69/><V104/><F34/><W0/><G0/><T3/><D3/><U120/><E120/><V79/><F33/><W31/><G31/><RYUUKYOKU ba="1,1" sc="208,0,46,0,434,0,302,0" /><INIT seed="7,2,1,4,2,14" ten="208,46,434,302" oya="3" hai0="54,22,86,132,43,91,84,41,7,59,89,34,119" hai1="82,72,15,85,100,21,24,17,11,111,116,50,104" hai2="120,112,63,5,101,78,129,76,3,133,30,131,53" hai3="48,69,118,114,115,95,88,52,113,65,32,8,49"/><W47/><G118/><T75/><D34/><U23/><E72/><V121/><F30/><W33/><G49/><T19/><D75/><U0/><E111/><V37/><F37/><W68/><G8/><T117/><D7/><U35/><E104/><V36/><F36/><W10/><G10/><T90/><D132/><U122/><E100/><V83/><F101/><W2/><G2/><T126/><D126/><U1/><E122/><N who="2" m="47211" /><F133/><W25/><G25/><T18/><D22/><U92/><E92/><V128/><F112/><W28/><G28/><T61/><D117/><U108/><E108/><V110/><F110/><W106/><G106/><T39/><D119/><U102/><E102/><V62/><F53/><W77/><G77/><N who="2" m="29801" /><F83/><W134/><G134/><T20/><D39/><U4/><E116/><V31/><F31/><W56/><G47/><T9/><D43/><U109/><E109/><V74/><F74/><W26/><G26/><T105/><D41/><U55/><E35/><N who="3" m="13386" /><G65/><T80/><D105/><U51/><E51/><V94/><F94/><W42/><G42/><T125/><D125/><U79/><E23/><V29/><F29/><W46/><G46/><T58/><D58/><U27/><E0/><V87/><F87/><AGARI ba="2,1" hai="48,52,56,68,69,87,88,95,113,114,115" m="13386" machi="87" ten="40,7700,0" yaku="15,1,54,2" doraHai="14" who="3" fromWho="2" sc="208,0,46,0,434,-83,302,93" owari="208,-19.0,46,-45.0,351,15.0,395,49.0" /></mjloggm>