<mjloggm ver="2.3"><GO type="41" lobby="0"/><UN n0="%E5%B0%B1%E6%B4%BB%E7%94%9F%40%E5%B7%9D%E6%9D%91%E8%BB%8D%E5%9B%A3" n1="%E7%84%A1%E6%AF%9B%E7%8C%AB%EF%BC%A0%E5%B7%9D%E6%9D%91%E8%BB%8D%E5%9B%A3" n2="%61%61%37%37%37" n3="%73%6E%6F%77%6E%79" dan="15,16,14,14" rate="1969.06,2159.39,1936.56,1958.04" sx="M,M,M,M"/><TAIKYOKU oya="0"/><INIT seed="0,0,0,0,2,120" ten="250,250,250,250" oya="0" hai0="101,27,99,123,34,82,98,25,4,102,87,54,59" hai1="118,5,52,91,53,131,2,28,133,65,92,38,96" hai2="103,67,68,74,80,70,66,39,26,132,95,63,62" hai3="13,78,47,86,29,84,16,127,94,11,12,55,112"/><T46/><D123/><U81/><E118/><V109/><F39/><W58/><G112/><T110/><D110/><U49/><E38/><V75/><F109/><W14/><G127/><T83/><D4/><U89/><E131/><V90/><F132/><W8/><G29/><T105/><D46/><U32/><E65/><V125/><F125/><W44/><G86/><T30/><D25/><U43/><E133/><V79/><F26/><W23/><G78/><T7/><D7/><U135/><E32/><V0/><F103/><W108/><G108/><T57/><D87/><U24/><E5/><V33/><F33/><W3/><G3/><T76/><D76/><U93/><E2/><V22/><F22/><W124/><G124/><T41/><D41/><U18/><E81/><V10/><F10/><W50/><G12/><T104/><REACH who="0" step="1"/><D59/><REACH who="0" ten="240,250,250,250" step="2"/><U36/><E24/><V77/><F77/><W114/><G114/><T119/><D119/><U35/><E135/><V128/><F128/><W21/><G21/><T73/><D73/><U9/><E43/><V15/><F75/><W45/><G13/><T85/><D85/><U116/><E116/><V1/><F15/><W19/><G19/><T17/><D17/><U72/><E72/><V31/><F31/><W61/><G61/><AGARI ba="0,1" hai="27,30,34,54,57,61,82,83,98,99,101,102,104,105" machi="61" ten="30,5800,0" yaku="1,1,7,1,9,1,53,0" doraHai="120" doraHaiUra="40" who="0" fromWho="3" sc="240,68,250,0,250,0,250,-58" /><INIT seed="0,1,0,3,4,54" ten="308,250,250,192" oya="0" hai0="37,61,9,86,2,47,51,21,50,53,23,20,119" hai1="38,11,134,75,118,62,13,133,30,121,31,84,129" hai2="1,74,36,3,64,80,126,5,16,98,90,28,88" hai3="128,101,56,45,48,71,79,35,72,95,57,87,33"/><T58/><D119/><U27/><E75/><V70/><F126/><W7/><G71/><T40/><REACH who="0" step="1"/><D86/><REACH who="0" ten="298,250,250,192" step="2"/><U24/><E118/><V115/><F74/><W42/><G72/><T105/><D105/><U132/><E84/><V10/><F115/><W34/><G128/><T49/><D49/><U89/><E133/><V69/><F36/><W96/><REACH who="3" step="1"/><G7/><AGARI ba="1,1" hai="2,7,9,20,21,23,37,40,47,50,51,53,58,61" machi="7" ten="40,3900,0" yaku="1,1,52,1,53,0" doraHai="54" doraHaiUra="65" who="0" fromWho="3" sc="298,52,250,0,250,0,192,-42" /><INIT seed="0,2,0,1,0,119" ten="350,250,250,150" oya="0" hai0="68,29,91,134,112,46,93,15,38,4,71,118,117" hai1="69,51,9,64,43,30,79,103,131,17,11,125,62" hai2="127,124,99,44,0,13,60,34,5,110,130,20,102" hai3="45,83,78,114,26,89,23,72,132,63,66,18,57"/><T135/><D29/><U55/><E43/><V27/><F44/><W100/><G132/><N who="0" m="50731" /><D4/><U31/><E131/><V109/><F60/><W74/><G114/><T108/><D112/><U70/><E70/><N who="0" m="26665" /><D15/><U105/><E125/><N who="2" m="48203" /><F130/><W107/><G107/><T49/><D38/><U52/><E55/><V97/><F102/><W90/><G72/><T75/><D75/><U92/><E92/><V22/><F97/><W28/><G100/><T106/><D106/><U82/><E103/><V54/><F54/><W6/><G6/><T40/><D108/><N who="2" m="41578" /><F99/><AGARI ba="2,0" hai="40,46,49,91,93,99,117,118" m="26665,50731" machi="99" ten="30,1500,0" yaku="20,1" doraHai="119" who="0" fromWho="2" sc="350,21,250,0,250,-21,150,0" /><INIT seed="0,3,0,4,0,48" ten="371,250,229,150" oya="0" hai0="25,57,80,114,70,131,71,77,94,7,10,36,13" hai1="116,27,16,95,50,74,88,117,72,107,9,135,109" hai2="129,96,118,83,91,106,113,30,35,15,68,3,58" hai3="108,65,60,97,93,104,90,23,134,123,127,81,46"/><T5/><D114/><U43/><E107/><V79/><F113/><W130/><G108/><T89/><D36/><U102/><E102/><V11/><F129/><W125/><G104/><T126/><D126/><U100/><E100/><V55/><F68/><W115/><G115/><T24/><D131/><U61/><E109/><V40/><F40/><W18/><G81/><T67/><D5/><U32/><E135/><V39/><F39/><W73/><G73/><T62/><D70/><U54/><E61/><V49/><F3/><W64/><G130/><T53/><D71/><U45/><E43/><V37/><F37/><W1/><G1/><T2/><D2/><U52/><E54/><V103/><F91/><W122/><G46/><T20/><D20/><U6/><E74/><V21/><F35/><W86/><G86/><N who="0" m="48399" /><D67/><U76/><E76/><V26/><F118/><W51/><G51/><T4/><D7/><U120/><E72/><V34/><F34/><W33/><G33/><T92/><D92/><U41/><E120/><N who="3" m="46122" /><G134/><T29/><D29/><U132/><E132/><V31/><F83/><W124/><G60/><T112/><D112/><U28/><E41/><V133/><F79/><W128/><G128/><T84/><AGARI ba="3,0" hai="4,10,13,24,25,53,57,62,84,89,94" m="48399" machi="84" ten="30,3000,0" yaku="8,1,52,1" doraHai="48" who="0" fromWho="0" sc="371,39,250,-13,229,-13,150,-13" /><INIT seed="0,4,0,5,1,82" ten="410,237,216,137" oya="0" hai0="104,54,41,27,72,88,70,120,5,90,19,57,112" hai1="67,58,73,7,32,133,85,83,76,8,100,1,51" hai2="65,115,15,103,64,53,101,34,71,20,98,110,128" hai3="42,9,127,26,36,10,94,111,31,6,69,75,39"/><T63/><D120/><U3/><E32/><V13/><F110/><W61/><G111/><T21/><D72/><U18/><E133/><V60/><F115/><W79/><G94/><T28/><D104/><U22/><E100/><V125/><F128/><W29/><G9/><T118/><D118/><U113/><E113/><V17/><F125/><W16/><G16/><T130/><D130/><U48/><E3/><V62/><F34/><W4/><G4/><T2/><D70/><U56/><E73/><V135/><F135/><W49/><G49/><T47/><D112/><U122/><E122/><V106/><F103/><W35/><G29/><T102/><D102/><U23/><E23/><V12/><F53/><W117/><G127/><T68/><D68/><AGARI ba="4,0" hai="12,13,15,17,20,60,62,64,65,68,71,98,101,106" machi="68" ten="30,2000,0" yaku="7,1,9,1" doraHai="82" who="2" fromWho="0" sc="410,-32,237,0,216,32,137,0" /><INIT seed="1,0,0,2,2,127" ten="378,237,248,137" oya="1" hai0="17,69,50,128,96,135,84,87,35,134,22,3,41" hai1="52,78,20,120,121,58,28,13,65,114,95,131,112" hai2="72,93,109,85,26,15,79,27,16,89,103,102,82" hai3="111,4,57,45,48,63,36,88,30,104,110,119,91"/><U75/><E65/><V105/><F109/><W33/><G104/><T132/><D35/><U47/><E47/><V81/><F81/><W124/><G36/><T11/><D69/><U60/><E78/><V6/><F6/><W18/><G4/><N who="0" m="1439" /><D96/><U106/><E75/><V92/><F93/><W76/><G76/><T62/><D62/><U39/><E39/><V9/><F103/><W25/><G18/><T113/><D113/><U100/><E106/><V42/><F42/><W8/><G8/><T56/><D128/><U31/><E114/><V101/><F102/><W24/><G24/><N who="0" m="14415" /><D56/><U43/><E112/><V90/><F89/><W61/><G124/><T118/><D118/><U53/><E43/><V123/><REACH who="2" step="1"/><F123/><REACH who="2" ten="378,237,238,137" step="2"/><W64/><G119/><T133/><D133/><U55/><E120/><V67/><F67/><W32/><G32/><T129/><D129/><U2/><E100/><V68/><F68/><W29/><G29/><T71/><D71/><U40/><E95/><V86/><F86/><W54/><REACH who="3" step="1"/><G63/><REACH who="3" ten="378,237,238,127" step="2"/><T46/><AGARI ba="0,2" hai="41,46,50,84,87,132,134,135" m="14415,1439" machi="46" ten="40,1500,0" yaku="20,1" doraHai="127" who="0" fromWho="0" sc="378,35,237,-7,238,-4,127,-4" /><INIT seed="2,0,0,4,4,50" ten="413,230,234,123" oya="2" hai0="128,135,121,97,107,23,114,54,123,39,92,38,86" hai1="8,60,45,22,28,125,9,80,111,0,98,122,129" hai2="64,33,5,67,56,73,132,46,4,24,10,14,74" hai3="118,71,101,116,104,78,62,55,109,26,42,35,65"/><V120/><F120/><W3/><G109/><T36/><D114/><U21/><E111/><V88/><F132/><W63/><G42/><T48/><D128/><U52/><E129/><V96/><F64/><W69/><G78/><T91/><D135/><U31/><E125/><V81/><F46/><W43/><G43/><T84/><D107/><U82/><E0/><V27/><F33/><W61/><G61/><T34/><D34/><U126/><E98/><V17/><F74/><W6/><G55/><T106/><D23/><N who="1" m="8715" /><E126/><V70/><F70/><W105/><G105/><T83/><D106/><U124/><E124/><V16/><F5/><W131/><G131/><T87/><REACH who="0" step="1"/><D83/><REACH who="0" ten="403,230,234,123" step="2"/><U12/><E82/><V32/><F32/><W119/><G119/><T110/><D110/><U30/><E80/><V66/><F73/><W79/><G79/><T57/><AGARI ba="0,1" hai="36,38,39,48,54,57,84,86,87,91,92,97,121,123" machi="57" ten="40,5200,0" yaku="1,1,0,1,52,1,53,0" doraHai="50" doraHaiUra="99" who="0" fromWho="0" sc="403,62,230,-13,234,-26,123,-13" /><INIT seed="3,0,0,1,3,61" ten="465,217,208,110" oya="3" hai0="127,122,131,30,44,2,3,98,105,33,104,95,54" hai1="96,27,48,17,108,73,101,92,70,91,67,117,58" hai2="42,119,36,22,79,120,114,45,124,46,99,100,66" hai3="87,93,130,59,63,85,47,90,132,89,118,81,10"/><W19/><G130/><T49/><D122/><U110/><E73/><V40/><F119/><W15/><G132/><T56/><D131/><U20/><E117/><V75/><F114/><W51/><G118/><T112/><D112/><U71/><E101/><V50/><F124/><W86/><G86/><T43/><D127/><U53/><REACH who="1" step="1"/><E67/><REACH who="1" ten="465,207,208,110" step="2"/><V21/><F66/><W55/><G59/><T1/><D104/><U80/><E80/><V133/><F120/><W13/><G13/><T24/><D105/><U5/><E5/><V65/><F65/><W29/><G63/><T97/><REACH who="0" step="1"/><D95/><REACH who="0" ten="455,207,208,110" step="2"/><U74/><E74/><V109/><F75/><W52/><REACH who="3" step="1"/><G29/><REACH who="3" ten="455,207,208,100" step="2"/><T134/><D134/><U94/><E94/><V11/><F133/><W113/><G113/><T129/><D129/><U135/><E135/><V8/><F109/><AGARI ba="0,3" hai="17,20,27,48,53,58,70,71,91,92,96,108,109,110" machi="109" ten="40,2600,0" yaku="1,1,14,1,53,0" doraHai="61" doraHaiUra="78" who="1" fromWho="2" sc="455,0,207,56,208,-26,100,0" /><INIT seed="4,0,0,1,3,87" ten="455,263,182,100" oya="0" hai0="134,95,31,7,13,94,133,81,78,88,128,60,45" hai1="18,109,123,63,57,100,41,1,58,61,85,135,118" hai2="67,116,129,39,53,25,43,64,101,0,55,115,79" hai3="30,110,47,89,52,107,50,35,2,131,38,119,59"/><T124/><D124/><U83/><E1/><V62/><F0/><W99/><G110/><T75/><D128/><U114/><E118/><V130/><F79/><W125/><G131/><N who="2" m="50185" /><F101/><W19/><G125/><T34/><D94/><U126/><E109/><V17/><F25/><W11/><G119/><T56/><D45/><U117/><E123/><V121/><F17/><W73/><G73/><T24/><D13/><U23/><E117/><V96/><F96/><W65/><G107/><T44/><D44/><U72/><E72/><V36/><F116/><W46/><G38/><N who="2" m="14377" /><F121/><W14/><G2/><T80/><D80/><U6/><E100/><V20/><F20/><W97/><G35/><T51/><D51/><U102/><E102/><V108/><F108/><W37/><G37/><T54/><REACH who="0" step="1"/><D7/><REACH who="0" ten="445,263,182,100" step="2"/><U86/><E83/><V26/><F43/><W113/><G113/><T92/><D92/><U106/><E41/><V10/><F115/><W5/><G46/><T90/><D90/><U68/><E6/><V29/><F10/><W76/><G5/><T48/><D48/><U84/><E114/><V49/><F26/><W66/><G76/><T82/><D82/><U127/><E127/><V104/><F104/><W15/><G15/><T71/><D71/><U103/><E126/><V69/><F69/><W105/><G105/><T111/><D111/><U3/><E68/><V32/><F62/><W16/><G14/><T77/><D77/><U120/><E63/><V74/><F49/><W28/><G47/><T112/><D112/><U132/><E61/><V21/><F74/><W93/><G50/><RYUUKYOKU ba="0,1" sc="445,30,263,-10,182,-10,100,-10" hai0="24,31,34,54,56,60,75,78,81,88,95,133,134" /><INIT seed="4,1,1,3,3,18" ten="475,253,172,90" oya="0" hai0="84,127,54,87,52,108,29,12,44,123,125,111,85" hai1="112,100,72,135,32,124,20,77,13,36,102,121,5" hai2="30,99,98,89,11,110,68,61,70,129,6,48,103" hai3="26,67,66,49,119,131,64,38,130,88,58,71,82"/><T79/><D123/><U62/><E32/><V15/><F110/><N who="0" m="42026" /><D29/><U122/><E36/><V65/><F129/><W9/><G9/><T21/><D79/><U97/><E135/><V75/><F75/><W35/><G35/><T40/><D21/><U55/><E124/><N who="0" m="47689" /><D12/><U10/><E112/><V80/><F48/><AGARI ba="1,1" hai="40,44,48,52,54,84,85,87" m="47689,42026" machi="48" ten="40,7700,0" yaku="10,1,18,1,54,1" doraHai="18" who="0" fromWho="2" sc="475,90,253,0,172,-80,90,0" /><INIT seed="4,2,0,2,1,67" ten="565,253,92,90" oya="0" hai0="118,115,28,125,98,70,11,104,5,66,94,23,8" hai1="9,37,129,62,54,47,20,96,35,114,61,86,103" hai2="73,39,46,32,122,27,44,51,10,109,131,45,110" hai3="72,15,97,79,75,90,107,99,78,112,130,56,13"/><T93/><D104/><U29/><E35/><V102/><F73/><W106/><G56/><T30/><D115/><U83/><E129/><V82/><F122/><W91/><G13/><T41/><D41/><U24/><E9/><V120/><F120/><W19/><G19/><T80/><D80/><U92/><E114/><V81/><F131/><W48/><G48/><T43/><D43/><U117/><E117/><V133/><F102/><W135/><G15/><T52/><D66/><U88/><E37/><V121/><F121/><W2/><G2/><T65/><D65/><U68/><E68/><V127/><F133/><W14/><G14/><T59/><D70/><U3/><E3/><V64/><F39/><W85/><G130/><T31/><D125/><U63/><REACH who="1" step="1"/><E47/><REACH who="1" ten="565,243,92,90" step="2"/><V69/><F69/><W53/><G53/><AGARI ba="2,1" hai="20,24,29,53,54,61,62,63,83,86,88,92,96,103" machi="53" ten="40,8000,1" yaku="1,1,2,1,8,1,54,1,53,0" doraHai="67" doraHaiUra="4" who="1" fromWho="3" sc="565,0,243,96,92,0,90,-86" /><INIT seed="5,0,0,5,0,35" ten="565,339,92,4" oya="1" hai0="113,52,130,134,70,6,135,101,50,47,125,5,96" hai1="67,19,117,68,46,105,107,34,16,8,82,75,12" hai2="31,1,20,87,55,97,57,66,124,111,95,133,33" hai3="28,30,9,114,104,22,11,108,27,73,25,81,71"/><U56/><E34/><V76/><F111/><W45/><G81/><T3/><D70/><U29/><E29/><V123/><F123/><W100/><G45/><T89/><D125/><U118/><E68/><V72/><F1/><W127/><G100/><T23/><D130/><U63/><E46/><V18/><F72/><W91/><G91/><T99/><D113/><U92/><E92/><V69/><F124/><W24/><G104/><T88/><D23/><U49/><E49/><V80/><F133/><N who="0" m="50698" /><D3/><U39/><E39/><V112/><F112/><W90/><G73/><T86/><D89/><U21/><E107/><V0/><F0/><W121/><G90/><T10/><D10/><U83/><E105/><V79/><F79/><W110/><G71/><T13/><D13/><U64/><E67/><V77/><F77/><W7/><G127/><T42/><D42/><U132/><E132/><V115/><F115/><W109/><G114/><T44/><D44/><U128/><E128/><V116/><F116/><W32/><G121/><T102/><D99/><U40/><E40/><V84/><F84/><W54/><G54/><T4/><D96/><U61/><E75/><V131/><F131/><W126/><G126/><T129/><D129/><U51/><E21/><V106/><F106/><W119/><G119/><T98/><D98/><U65/><E8/><N who="3" m="3146" /><G24/><T41/><D41/><U37/><E117/><V60/><F97/><W85/><G85/><T103/><D103/><U43/><E118/><V17/><F95/><AGARI ba="0,0" hai="4,5,6,47,50,52,86,88,95,101,102" m="50698" machi="95" ten="30,3900,0" yaku="20,1,54,2" doraHai="35" who="0" fromWho="2" sc="565,39,339,0,92,-39,4,0" /><INIT seed="6,0,0,1,3,32" ten="604,339,53,4" oya="2" hai0="30,64,56,97,108,121,39,16,117,95,60,111,104" hai1="18,106,74,28,92,8,14,75,125,126,105,2,100" hai2="31,82,76,114,122,34,58,128,26,83,129,22,52" hai3="40,29,10,70,98,37,6,79,118,12,27,68,24"/><V69/><F69/><W42/><G118/><T48/><D39/><U3/><E28/><V96/><F114/><W44/><G42/><T1/><D1/><N who="1" m="11" /><E92/><V72/><F122/><W107/><G27/><T85/><D121/><U93/><E93/><V86/><F96/><W19/><G19/><T50/><D117/><U112/><E112/><V113/><F34/><W57/><G57/><T65/><D104/><N who="1" m="40043" /><E100/><V132/><F132/><W15/><G15/><T23/><D30/><U77/><E77/><V131/><F113/><W17/><G79/><T47/><D65/><U99/><E99/><V35/><F35/><W46/><G46/><T84/><D108/><U7/><E7/><V130/><N who="2" m="33280" /><DORA hai="123" /><V87/><F83/><W36/><G36/><T59/><D59/><U78/><E78/><V135/><F135/><W33/><G17/><T102/><D111/><U81/><E81/><V63/><AGARI ba="0,0" hai="22,26,31,52,58,63,72,76,82,86,87" m="33280" machi="63" ten="60,11700,0" yaku="0,1,19,1,54,1" doraHai="32,123" who="2" fromWho="2" sc="604,-39,339,-39,53,117,4,-39" owari="565,67.0,300,10.0,170,-23.0,-35,-54.0" /></mjloggm>