<mjloggm ver="2.3"><GO type="41" lobby="0"/><UN n0="%E8%B3%A2%E8%80%85%E3%81%AC%E3%81%93" n1="%E5%B0%B1%E6%B4%BB%E7%94%9F%40%E5%B7%9D%E6%9D%91%E8%BB%8D%E5%9B%A3" n2="%61%66%72%61%6E%63%68%65" n3="%E2%80%99%EF%BD%97%E2%80%99%29%EF%BD%B8%EF%BD%A9%EF%BD%9E%EF%BE%9D" dan="15,17,13,13" rate="1965.66,2098.52,1842.85,1887.98" sx="M,M,M,M"/><TAIKYOKU oya="0"/><INIT seed="0,0,0,3,5,48" ten="250,250,250,250" oya="0" hai0="23,68,124,110,120,123,63,50,18,95,47,113,105" hai1="8,111,97,44,91,39,64,76,58,9,46,5,3" hai2="54,62,116,134,24,133,56,77,49,99,118,55,103" hai3="61,41,121,119,30,29,1,43,80,132,106,7,93"/><T16/><D113/><U32/><E32/><V28/><F77/><W0/><G119/><N who="2" m="45609" /><F103/><W86/><G106/><T27/><D105/><U108/><E76/><V4/><F4/><W60/><G121/><T130/><D130/><U98/><E9/><V21/><F99/><W75/><G93/><T81/><D124/><U70/><E70/><V83/><F83/><W37/><G7/><T36/><D36/><U42/><E46/><AGARI ba="0,0" hai="21,24,28,46,49,54,55,56,62,133,134" m="45609" machi="46" ten="30,3900,0" yaku="12,1,52,2" doraHai="48" who="2" fromWho="1" sc="250,0,250,-39,250,39,250,0" /><INIT seed="1,0,0,5,2,78" ten="250,211,289,250" oya="1" hai0="122,14,89,111,72,10,68,94,71,81,135,38,19" hai1="118,2,49,121,66,48,101,67,1,35,98,56,85" hai2="120,22,102,11,4,105,55,23,5,15,84,114,76" hai3="32,26,75,7,58,31,0,65,91,69,16,129,27"/><U87/><E121/><V17/><F120/><W64/><G75/><T47/><D122/><U54/><E35/><V9/><F114/><W13/><G69/><T37/><D111/><U90/><E118/><V99/><F55/><W62/><G129/><T21/><D135/><U50/><E2/><V43/><F43/><W95/><G27/><T24/><D68/><U110/><E1/><V45/><F45/><W133/><G133/><T79/><D71/><U42/><E110/><V131/><F131/><W107/><G107/><T103/><D47/><U30/><E30/><V126/><F126/><W113/><G113/><T97/><REACH who="0" step="1"/><D103/><REACH who="0" ten="240,211,289,250" step="2"/><U96/><E42/><V128/><F128/><W8/><G65/><T36/><D36/><U28/><E67/><V18/><F102/><W92/><REACH who="3" step="1"/><G91/><REACH who="3" ten="240,211,289,240" step="2"/><T123/><D123/><U124/><E90/><V86/><F105/><W52/><G52/><T83/><D83/><U61/><E66/><V34/><F34/><W25/><G25/><T40/><D40/><U74/><E54/><V119/><F119/><W57/><G57/><T116/><D116/><U3/><E56/><V70/><F70/><W93/><G93/><T106/><D106/><U33/><E124/><V112/><F112/><W100/><G100/><T82/><D82/><U51/><E101/><V6/><F6/><AGARI ba="0,2" hai="6,10,14,19,21,24,37,38,72,79,81,89,94,97" machi="6" ten="30,3900,0" yaku="1,1,7,1,52,1,53,0" doraHai="78" doraHaiUra="53" who="0" fromWho="2" sc="240,59,211,0,289,-39,240,0" /><INIT seed="2,0,0,3,0,97" ten="299,211,250,240" oya="2" hai0="135,23,65,108,83,35,55,113,82,128,22,0,54" hai1="37,2,36,29,70,6,25,15,4,13,10,56,66" hai2="40,53,8,63,49,71,127,28,19,17,45,100,106" hai3="61,44,133,80,75,26,11,59,107,93,46,1,14"/><V121/><F121/><W89/><G107/><T62/><D35/><U52/><E70/><V38/><F127/><W95/><G133/><T91/><D0/><U43/><E66/><N who="2" m="41439" /><F28/><W76/><G1/><T104/><D113/><U27/><E43/><V9/><F9/><W122/><G26/><T47/><D135/><U88/><E2/><V96/><F8/><W112/><G95/><T114/><D114/><U103/><E103/><V79/><F79/><W21/><G21/><T119/><D104/><U32/><E27/><V125/><F125/><W81/><G81/><T78/><D128/><U134/><E134/><V90/><F90/><W64/><G122/><T20/><D91/><U77/><E77/><V69/><F69/><W34/><G34/><T102/><D102/><U118/><E118/><V123/><F123/><W126/><G126/><T132/><D119/><U120/><E120/><V60/><F60/><W67/><G67/><T116/><D116/><U111/><E111/><V30/><F30/><W72/><G75/><T98/><D132/><U130/><E130/><V42/><F42/><W48/><G48/><T129/><D129/><U110/><E110/><V41/><F41/><W86/><REACH who="3" step="1"/><G112/><REACH who="3" ten="299,211,250,230" step="2"/><T24/><D108/><U124/><E124/><V68/><F68/><W84/><G84/><T51/><D24/><U117/><E117/><V33/><F33/><W99/><G99/><T3/><D98/><U74/><E74/><V31/><F31/><W50/><G50/><T57/><D3/><U87/><E15/><V12/><F12/><W131/><G131/><T115/><D115/><RYUUKYOKU ba="0,1" sc="299,-15,211,-15,250,15,230,15" hai2="17,19,38,40,45,49,53,96,100,106" hai3="11,14,44,46,59,61,64,72,76,80,86,89,93" /><INIT seed="2,1,1,2,3,53" ten="284,196,265,245" oya="2" hai0="134,132,110,32,106,108,127,17,0,135,86,21,26" hai1="115,54,90,76,72,99,38,103,102,41,45,119,33" hai2="5,37,4,111,93,39,15,78,87,12,117,49,69" hai3="22,126,121,131,68,88,51,29,118,25,56,35,89"/><V62/><F117/><W46/><G121/><T10/><D106/><U55/><E33/><V128/><F128/><W57/><G118/><T129/><D86/><U59/><E119/><V27/><F111/><N who="0" m="42538" /><D129/><U64/><E115/><V133/><F133/><W80/><G68/><T28/><D127/><U58/><E64/><V125/><F125/><W14/><G131/><T74/><D74/><U81/><E90/><N who="2" m="53471" /><F69/><W100/><G126/><T60/><D60/><U109/><E109/><V16/><F37/><W84/><G100/><T40/><D40/><U63/><REACH who="1" step="1"/><E99/><REACH who="1" ten="284,186,265,245" step="2"/><V124/><F124/><W9/><G35/><T104/><D104/><U98/><E98/><V92/><F39/><W91/><G91/><T122/><D122/><U82/><E82/><V97/><F97/><W11/><G89/><T66/><D66/><U120/><E120/><V71/><F92/><W13/><G9/><T105/><D105/><U8/><E8/><V31/><F31/><W75/><G75/><T2/><D10/><U20/><E20/><V113/><F113/><W52/><REACH who="3" step="1"/><G14/><AGARI ba="1,2" hai="0,2,14,17,21,26,28,32,132,134,135" m="42538" machi="14" ten="40,8000,1" yaku="20,1,14,1,34,2" doraHai="53" who="0" fromWho="3" sc="284,103,186,0,265,0,245,-83" /><INIT seed="3,0,0,3,4,1" ten="387,186,265,162" oya="3" hai0="71,121,114,115,77,28,127,61,89,10,133,93,66" hai1="113,106,65,6,40,56,48,92,96,63,74,8,110" hai2="20,45,103,101,57,26,73,116,3,68,67,64,47" hai3="79,80,11,24,30,9,0,21,134,105,19,38,130"/><W94/><G38/><T55/><D121/><U69/><E110/><V81/><F116/><W87/><G105/><T51/><D127/><U36/><E113/><N who="0" m="43017" /><D133/><U7/><E106/><V14/><F3/><W84/><G134/><T5/><D77/><U53/><E74/><V123/><F123/><W129/><G94/><T76/><D76/><U122/><E122/><V88/><F68/><W52/><G87/><N who="0" m="52415" /><D28/><U46/><REACH who="1" step="1"/><E8/><REACH who="1" ten="387,176,265,162" step="2"/><V109/><F73/><W97/><G97/><T83/><D10/><U119/><E119/><V95/><F109/><W33/><G9/><T17/><D71/><U32/><E32/><V59/><F103/><AGARI ba="0,1" hai="6,7,36,40,46,48,53,56,63,65,69,92,96,103" machi="103" ten="30,12000,2" yaku="1,1,7,1,24,2,52,2,53,1" doraHai="1" doraHaiUra="91" who="1" fromWho="2" sc="387,0,176,130,265,-120,162,0" /><INIT seed="4,0,0,4,0,75" ten="387,306,145,162" oya="0" hai0="123,134,98,118,47,42,71,120,7,93,119,94,28" hai1="23,66,65,83,46,97,5,33,1,19,41,63,107" hai2="113,51,91,82,99,68,6,56,96,32,8,27,106" hai3="24,53,38,17,26,86,115,122,22,60,30,89,131"/><T31/><D71/><U34/><E1/><V121/><F121/><W124/><G38/><T9/><D47/><U133/><E5/><V90/><F68/><W95/><G122/><N who="0" m="46635" /><D42/><U12/><E133/><V50/><F113/><W127/><G115/><T74/><D74/><U25/><E25/><V135/><F135/><W37/><G37/><T126/><D98/><U49/><E65/><V55/><F32/><W21/><G131/><T77/><D94/><U85/><E97/><V100/><F27/><W102/><G102/><T104/><D77/><U43/><E43/><V92/><F82/><W48/><REACH who="3" step="1"/><G60/><REACH who="3" ten="387,306,145,152" step="2"/><T36/><D36/><U132/><E132/><V110/><F110/><W78/><G78/><T72/><D134/><U111/><E111/><V129/><F129/><W29/><G29/><T109/><D31/><U108/><E108/><V88/><REACH who="2" step="1"/><F50/><REACH who="2" ten="387,306,135,152" step="2"/><W18/><G18/><T52/><D109/><U79/><E49/><V128/><F128/><W4/><G4/><T87/><D7/><U3/><E19/><V59/><F59/><AGARI ba="0,2" hai="17,21,22,24,26,30,48,53,59,86,89,95,124,127" machi="59" ten="40,1300,0" yaku="1,1,53,0" doraHai="75" doraHaiUra="61" who="3" fromWho="2" sc="387,0,306,0,135,-13,152,33" /><INIT seed="5,0,0,4,2,104" ten="387,306,122,185" oya="1" hai0="78,94,50,64,113,32,62,118,26,109,132,59,42" hai1="110,33,67,60,53,71,68,36,115,128,0,83,2" hai2="65,107,92,91,61,25,20,98,73,88,12,29,48" hai3="135,82,80,8,133,63,112,122,52,4,9,74,17"/><U37/><E53/><V34/><F73/><W86/><G122/><T114/><D109/><U129/><E71/><V13/><F107/><W28/><G28/><T87/><D118/><U134/><E110/><V123/><F123/><W55/><G17/><T14/><D132/><N who="3" m="50761" /><G112/><T16/><D26/><U46/><E134/><V21/><F48/><W126/><G126/><T56/><D32/><U116/><E116/><V43/><F43/><W24/><G24/><T19/><D19/><U40/><E115/><N who="0" m="44041" /><D42/><U70/><E70/><V44/><F44/><W84/><G63/><T127/><D127/><U47/><E83/><N who="3" m="31786" /><G74/><T93/><D87/><N who="3" m="33321" /><G4/><T77/><D50/><U124/><E124/><V69/><REACH who="2" step="1"/><F91/><REACH who="2" ten="387,306,112,185" step="2"/><W119/><G119/><T130/><D62/><U103/><E46/><V51/><F51/><W95/><G95/><T23/><D94/><U31/><E37/><V54/><F54/><AGARI ba="0,1" hai="8,9,52,54,55" m="33321,31786,50761" machi="54" ten="30,7700,0" yaku="28,2,20,1,54,1" doraHai="104" who="3" fromWho="2" sc="387,0,306,0,112,-77,185,87" /><INIT seed="6,0,0,3,1,114" ten="387,306,35,272" oya="2" hai0="119,109,63,62,131,76,23,104,15,121,99,86,21" hai1="112,113,79,129,133,135,14,57,108,33,117,123,67" hai2="26,39,103,19,24,83,77,46,97,69,124,110,59" hai3="72,100,101,47,10,55,7,1,130,20,12,38,51"/><V42/><F124/><W105/><G72/><T134/><D121/><U16/><E33/><V30/><F110/><W122/><G122/><T91/><D76/><U8/><E108/><V81/><F69/><W22/><G130/><T87/><D131/><U61/><E123/><V43/><F59/><W4/><G38/><T75/><D75/><U68/><E129/><V116/><F19/><W9/><G105/><T118/><D109/><U3/><E3/><V128/><F128/><W85/><G85/><N who="0" m="32267" /><D134/><N who="1" m="51211" /><E79/><V96/><F96/><W132/><REACH who="3" step="1"/><G132/><REACH who="3" ten="387,306,35,262" step="2"/><T28/><D104/><U17/><E117/><V53/><F116/><W36/><G36/><T32/><D118/><U56/><E17/><V80/><F53/><W70/><G70/><T125/><D119/><U74/><E74/><V2/><F2/><W94/><G94/><T92/><D92/><U29/><E29/><V93/><F42/><W111/><G111/><T25/><D28/><U58/><AGARI ba="0,1" hai="8,14,16,56,57,58,61,67,68,112,113" m="51211" machi="58" ten="40,2700,0" yaku="20,1,54,1" doraHai="114" who="1" fromWho="1" sc="387,-7,306,37,35,-13,262,-7" /><INIT seed="7,0,0,3,0,16" ten="380,343,22,255" oya="3" hai0="52,131,42,0,91,31,122,100,53,114,132,43,78" hai1="75,99,123,89,56,29,55,38,120,63,121,9,27" hai2="133,61,135,95,46,98,102,7,106,6,15,97,77" hai3="30,80,35,115,67,101,40,90,28,86,88,128,117"/><W109/><G117/><T104/><D122/><U1/><E75/><V73/><F46/><W112/><G109/><T25/><D0/><U81/><E38/><V21/><F61/><W70/><G101/><T107/><D78/><U24/><E24/><V20/><F73/><W65/><G40/><T64/><D131/><U134/><E134/><V66/><F66/><W84/><G128/><T79/><D79/><U93/><E81/><V87/><F77/><W130/><G130/><T3/><D3/><U105/><E105/><V110/><F110/><W108/><G108/><T39/><D132/><U118/><E118/><V60/><F60/><W94/><G70/><T54/><D114/><N who="3" m="43561" /><G35/><T19/><D19/><U13/><E1/><V85/><F95/><W74/><G74/><T34/><D91/><U2/><E2/><V103/><REACH who="2" step="1"/><F15/><REACH who="2" ten="380,343,12,255" step="2"/><W22/><G30/><T26/><D31/><U92/><E92/><V126/><F126/><W62/><G62/><T125/><D125/><U4/><REACH who="1" step="1"/><E123/><REACH who="1" ten="380,333,12,255" step="2"/><V69/><F69/><W48/><G48/><T36/><D104/><AGARI ba="0,2" hai="6,7,20,21,85,87,97,98,102,103,104,106,133,135" machi="104" ten="25,8000,1" yaku="1,1,22,2,52,2,53,0" doraHai="16" doraHaiUra="37" who="2" fromWho="0" sc="380,-80,333,0,12,100,255,0" owari="300,10.0,333,43.0,112,-39.0,255,-14.0" /></mjloggm>