<mjloggm ver="2.3"><GO type="169" lobby="0"/><UN n0="%E3%81%97%E3%83%BC%E3%81%BA%E3%81%B5" n1="%E3%83%88%E3%83%88%E3%83%AA%E5%85%88%E7%94%9F%31%39%E6%AD%B3" n2="%4B%E3%80%82" n3="%E9%95%B7%E5%B7%9E%E3%81%AE%E5%85%8B" dan="16,18,17,17" rate="2124.59,2270.86,2108.07,2115.81" sx="M,F,M,M"/><TAIKYOKU oya="0"/><INIT seed="0,0,0,5,2,105" ten="250,250,250,250" oya="0" hai0="42,67,36,66,97,74,41,64,73,44,107,57,122" hai1="12,51,123,130,5,7,111,3,117,18,82,115,131" hai2="21,50,13,87,114,6,47,76,135,89,120,0,23" hai3="79,81,1,54,31,4,9,37,61,25,30,95,48"/><T58/><D122/><U14/><E117/><V65/><F0/><W100/><G37/><T29/><D29/><U98/><E123/><V46/><F114/><W128/><G61/><T92/><D107/><U11/><E115/><V16/><F135/><W27/><G128/><N who="1" m="49194" /><E111/><V68/><F6/><W70/><G70/><T8/><D8/><U127/><E127/><V125/><F125/><W75/><G31/><T24/><D24/><U132/><E132/><V17/><F120/><W93/><G27/><T110/><D110/><U116/><E116/><V118/><F118/><W80/><G100/><T2/><D2/><U133/><E133/><V134/><F134/><W33/><REACH who="3" step="1"/><G80/><REACH who="3" ten="250,250,250,240" step="2"/><T43/><D36/><U39/><E82/><V106/><F68/><W71/><G71/><T38/><D38/><U104/><E39/><V77/><F65/><W96/><G96/><T63/><D63/><U49/><E98/><V113/><F113/><W34/><G34/><T28/><D28/><U55/><E49/><V53/><F106/><W102/><G102/><T84/><D66/><U103/><E104/><V60/><F60/><W85/><G85/><T26/><D67/><U22/><E103/><V10/><F50/><W88/><G88/><N who="0" m="55431" /><D84/><U59/><E3/><V35/><F35/><W15/><G15/><T91/><D91/><U56/><E14/><N who="2" m="9367" /><F89/><W109/><G109/><T69/><D64/><U121/><E121/><V72/><F87/><W108/><G108/><T99/><D69/><U94/><E51/><V90/><F90/><W52/><G52/><T20/><D99/><U126/><E55/><RYUUKYOKU ba="0,1" sc="250,-10,250,-10,250,-10,240,30" hai3="1,4,9,25,30,33,48,54,75,79,81,93,95" /><INIT seed="1,1,1,3,1,33" ten="240,240,240,270" oya="1" hai0="82,13,14,111,72,3,59,78,26,1,17,71,79" hai1="6,73,91,116,42,88,108,75,110,11,100,30,8" hai2="124,32,58,120,119,85,105,39,63,37,122,40,25" hai3="36,127,20,64,21,118,69,133,56,22,16,4,10"/><U81/><E116/><V28/><F124/><W0/><G69/><T60/><D71/><U121/><E121/><V115/><F119/><W87/><G36/><T107/><D107/><U23/><E42/><V38/><F115/><W62/><G127/><T104/><D104/><U2/><E100/><V27/><F105/><W67/><G118/><T47/><D47/><U101/><E101/><V35/><F40/><W24/><G133/><T128/><D128/><U95/><E11/><V7/><F85/><W126/><G126/><T57/><D111/><N who="1" m="42539" /><E81/><V106/><F106/><W43/><G43/><T61/><D82/><U109/><N who="1" m="42547" /><U93/><DORA hai="84" /><E23/><V113/><F113/><W70/><G67/><T51/><D51/><U48/><E30/><V89/><F7/><W97/><G70/><T55/><D55/><U98/><E48/><V46/><F46/><W76/><REACH who="3" step="1"/><G97/><AGARI ba="1,1" hai="2,6,8,73,75,88,91,93,95,97,98" m="42547" machi="97" ten="40,18000,2" yaku="14,1,10,1,52,3,54,1" doraHai="33,84" who="1" fromWho="3" sc="240,0,240,193,240,0,270,-183" /><INIT seed="1,2,0,1,3,100" ten="240,433,240,87" oya="1" hai0="55,87,27,10,34,94,35,106,108,31,112,115,134" hai1="102,117,123,56,22,96,101,93,125,52,32,51,109" hai2="65,104,71,130,1,50,116,36,79,46,25,42,9" hai3="95,5,84,99,98,89,132,77,20,7,45,33,61"/><U81/><E117/><V85/><F116/><W114/><G33/><T24/><D108/><U8/><E123/><V21/><F130/><W70/><G114/><T107/><D10/><U49/><E32/><V13/><F1/><W57/><G70/><T14/><D134/><U113/><E113/><V75/><F75/><W105/><G132/><T54/><D14/><U82/><E109/><V122/><F122/><W91/><G77/><T19/><D19/><U53/><E125/><V97/><F65/><W67/><G45/><T2/><D87/><U124/><E124/><V74/><F74/><W126/><G126/><T41/><D41/><U0/><E102/><V86/><F71/><W131/><G131/><T127/><D127/><U6/><REACH who="1" step="1"/><E22/><REACH who="1" ten="240,423,240,87" step="2"/><V64/><F21/><W47/><G20/><T120/><D120/><U4/><E4/><V121/><F121/><W72/><G7/><T38/><D35/><U119/><E119/><V88/><F9/><W44/><G5/><T111/><D34/><U28/><E28/><V129/><F129/><W90/><G72/><T59/><D31/><U62/><E62/><V110/><F110/><W48/><G48/><T133/><D111/><U78/><E78/><V60/><F50/><W26/><G99/><T58/><D112/><U39/><E39/><V15/><F36/><W43/><G98/><T16/><D38/><U3/><E3/><V128/><F97/><W18/><G43/><T135/><D2/><U92/><E92/><V80/><F42/><W11/><G105/><T118/><D94/><U12/><E12/><V103/><F104/><RYUUKYOKU ba="2,1" sc="240,-10,423,30,240,-10,87,-10" hai1="0,6,8,49,51,52,53,56,81,82,93,96,101" /><INIT seed="1,3,1,3,4,78" ten="230,453,230,77" oya="1" hai0="135,117,130,131,21,94,62,86,5,106,30,70,27" hai1="15,37,63,81,59,98,0,89,110,79,39,64,93" hai2="36,123,111,41,45,91,46,88,72,1,71,84,127" hai3="10,115,13,118,11,77,9,95,4,83,100,51,40"/><U34/><E0/><V38/><F123/><W19/><G115/><T22/><D106/><U121/><E121/><V35/><F72/><W134/><G134/><T7/><D117/><U65/><E34/><V133/><F133/><W56/><G118/><T68/><D135/><U97/><E110/><V57/><F35/><W125/><G125/><T114/><D114/><U75/><E65/><V73/><F73/><W116/><G116/><T54/><D54/><U113/><E113/><V102/><F71/><W31/><G31/><T58/><D21/><U129/><E129/><N who="0" m="49161" /><D58/><U105/><REACH who="1" step="1"/><E15/><REACH who="1" ten="230,443,230,77" step="2"/><V101/><F1/><W99/><G4/><N who="0" m="1611" /><D62/><U74/><E74/><V69/><F111/><W80/><G77/><T122/><D122/><U108/><E108/><V44/><F127/><W29/><G29/><T128/><D128/><U82/><E82/><N who="3" m="31274" /><G56/><T55/><D70/><U96/><E96/><V12/><F57/><W20/><G11/><T85/><D30/><U25/><E25/><V76/><F69/><W18/><G19/><T47/><D27/><U61/><E61/><V32/><F32/><W87/><G87/><T126/><D85/><U50/><E50/><V90/><F12/><W16/><G18/><T124/><D86/><U120/><E120/><V60/><F60/><W42/><G51/><N who="0" m="29183" /><D68/><U132/><E132/><V48/><F76/><W2/><G2/><T43/><D126/><U119/><E119/><V52/><F84/><W53/><G10/><T49/><D49/><U67/><E67/><V8/><F8/><W14/><G9/><T17/><D124/><U112/><E112/><RYUUKYOKU ba="3,2" sc="230,-15,443,15,230,15,77,-15" hai1="37,39,59,63,64,75,79,81,89,93,97,98,105" hai2="36,38,41,44,45,46,48,52,88,90,91,101,102" /><INIT seed="1,4,2,4,4,86" ten="215,458,245,62" oya="1" hai0="90,34,23,77,135,11,5,56,111,43,116,101,62" hai1="73,71,41,52,120,124,103,7,108,107,55,15,126" hai2="26,87,78,85,100,63,17,37,25,109,125,128,21" hai3="75,94,38,40,58,79,18,122,67,20,92,76,54"/><U123/><E73/><V61/><F37/><W91/><G122/><N who="1" m="46634" /><E71/><V119/><F109/><W60/><G75/><T50/><D135/><U112/><E112/><V99/><F128/><W35/><G35/><T82/><D34/><U45/><E108/><V14/><F125/><N who="1" m="48233" /><E103/><V46/><F119/><W134/><G134/><T68/><D101/><U114/><E107/><V97/><F46/><W72/><G72/><T89/><D68/><U36/><E114/><V118/><F118/><W1/><G1/><T115/><D115/><U42/><E42/><V98/><F100/><W121/><G121/><T30/><D111/><U88/><E15/><V28/><F26/><W47/><G92/><T117/><D117/><U19/><E19/><V133/><F133/><W13/><REACH who="3" step="1"/><G67/><REACH who="3" ten="215,458,245,52" step="2"/><T129/><D116/><U57/><E7/><V64/><F64/><W113/><G113/><T104/><D5/><U81/><E57/><V12/><F85/><AGARI ba="4,3" hai="13,18,20,38,40,47,54,58,60,76,79,85,91,94" machi="85" ten="30,7700,0" yaku="1,1,7,1,52,1,53,1" doraHai="86" doraHaiUra="80" who="3" fromWho="2" sc="215,0,458,0,245,-89,52,119" /><AGARI ba="4,0" hai="36,41,45,52,55,81,85,88" m="48233,46634" machi="85" ten="30,11600,0" yaku="18,1,52,1,54,2" doraHai="86" who="1" fromWho="2" sc="215,0,458,116,156,-116,171,0" /><INIT seed="1,5,0,4,5,125" ten="215,574,40,171" oya="1" hai0="47,107,37,104,16,31,55,46,108,38,128,57,87" hai1="75,19,130,15,34,51,8,30,11,54,40,115,20" hai2="97,4,76,45,67,118,58,124,102,0,69,96,59" hai3="35,26,71,18,100,101,133,85,41,64,103,78,44"/><U131/><E115/><V110/><F118/><W27/><G133/><T68/><D31/><U89/><E75/><V6/><F124/><W121/><G121/><T86/><D68/><U90/><E40/><V74/><F69/><W119/><G119/><T122/><D122/><U80/><E34/><V28/><F110/><W112/><G112/><T22/><D128/><N who="1" m="49195" /><E80/><V113/><F113/><W56/><G71/><T91/><D91/><N who="1" m="34827" /><E30/><V32/><F74/><W83/><G35/><T10/><D108/><U60/><E60/><N who="2" m="38295" /><F76/><W88/><G78/><T7/><D38/><U126/><E126/><V66/><F0/><W72/><G72/><T29/><D29/><U1/><E1/><V12/><F32/><W36/><G36/><T61/><D37/><U81/><E81/><V111/><F111/><W53/><G41/><T99/><D61/><U63/><E63/><N who="2" m="38271" /><F28/><W134/><G64/><T70/><D70/><U129/><E129/><V23/><F45/><AGARI ba="5,0" hai="8,11,15,19,20,45,51,54" m="34827,49195" machi="45" ten="30,11600,0" yaku="19,1,52,3" doraHai="125" who="1" fromWho="2" sc="215,0,574,131,40,-131,171,0" owari="215,2.0,705,80.0,-91,-59.0,171,-23.0" /></mjloggm>