<mjloggm ver="2.3"><GO type="169" lobby="0"/><UN n0="%E4%B8%89%E9%83%8E%44%58" n1="%E3%82%A6%E3%83%AB%E3%83%88%E3%83%A9%E7%AB%8B%E7%9B%B4" n2="%E3%82%BB%E3%82%A4%E3%83%90%E3%83%BC" n3="%73%68%61%72" dan="16,17,17,17" rate="2099.83,2193.49,2143.94,2196.91" sx="M,M,F,M"/><TAIKYOKU oya="0"/><INIT seed="0,0,0,1,1,16" ten="250,250,250,250" oya="0" hai0="129,90,17,110,119,9,71,67,29,11,12,94,100" hai1="23,40,27,121,2,122,68,60,106,24,87,76,80" hai2="44,41,79,37,52,85,81,13,84,48,50,103,82" hai3="69,93,3,6,39,107,25,135,130,28,109,115,74"/><T1/><D119/><U51/><E106/><V55/><F103/><W75/><RYUUKYOKU type="yao9" ba="0,0" sc="250,0,250,0,250,0,250,0" hai3="3,6,25,28,39,69,74,75,93,107,109,115,130,135" /><INIT seed="0,1,0,3,2,54" ten="250,250,250,250" oya="0" hai0="76,5,100,78,110,66,119,93,96,105,64,68,22" hai1="118,102,83,70,87,101,6,45,48,61,0,4,10" hai2="49,120,99,128,57,79,94,15,3,98,41,125,85" hai3="80,20,132,13,92,111,58,7,104,50,14,39,46"/><T35/><D119/><U84/><E118/><V12/><F3/><W37/><G104/><T2/><D35/><U88/><E6/><V1/><F1/><W8/><G111/><T63/><D66/><U86/><E86/><V38/><F120/><W25/><G132/><T69/><D69/><U16/><E70/><V30/><F30/><W43/><G80/><T51/><D110/><U109/><E109/><V73/><F73/><W77/><G77/><T42/><D105/><U33/><E33/><V67/><F125/><W81/><G81/><T112/><D112/><U107/><E107/><V31/><F31/><W115/><G115/><T90/><D100/><U47/><E47/><V127/><F85/><W126/><G126/><T71/><D71/><U28/><E28/><V36/><F94/><W124/><G124/><T122/><D122/><U121/><E121/><V123/><F79/><W24/><G92/><T129/><D129/><U60/><E84/><V113/><F128/><W106/><G106/><T131/><D131/><U23/><E101/><V53/><F113/><W59/><G39/><T97/><D97/><U82/><E82/><V103/><F38/><W65/><G37/><T95/><D95/><U52/><E102/><V56/><F127/><W26/><G65/><T9/><REACH who="0" step="1"/><D22/><REACH who="0" ten="240,250,250,250" step="2"/><U75/><E75/><V89/><F123/><W116/><G116/><T62/><D62/><U40/><E40/><V19/><F103/><W34/><G34/><T134/><D134/><U17/><E23/><V55/><F41/><W18/><AGARI ba="1,1" hai="7,8,13,14,18,20,24,25,26,43,46,50,58,59" machi="18" ten="30,7900,0" yaku="0,1,8,1,52,2" doraHai="54" who="3" fromWho="3" sc="240,-40,250,-21,250,-21,250,92" /><INIT seed="1,0,0,2,0,120" ten="200,229,229,342" oya="1" hai0="81,43,74,9,102,91,78,76,40,25,30,5,19" hai1="59,66,4,23,44,83,21,80,50,101,117,26,99" hai2="14,132,118,79,87,69,58,119,128,115,28,124,109" hai3="42,89,45,24,75,2,57,32,15,55,123,41,16"/><U36/><E36/><V96/><F69/><W31/><G123/><T88/><D76/><U126/><E117/><V65/><F28/><W37/><G75/><T100/><D19/><U0/><E4/><V134/><F14/><W6/><G42/><T93/><D91/><U29/><E0/><V52/><F65/><W111/><G6/><T68/><D68/><U103/><E126/><V97/><F124/><W107/><G107/><T85/><D43/><U46/><E23/><V34/><F34/><W108/><G89/><T20/><REACH who="0" step="1"/><D40/><REACH who="0" ten="190,229,229,342" step="2"/><U105/><E101/><V127/><F127/><W122/><G122/><T113/><D113/><U71/><E71/><V92/><F115/><W8/><REACH who="3" step="1"/><G2/><AGARI ba="0,1" hai="2,5,9,20,25,30,74,78,81,85,88,93,100,102" machi="2" ten="30,7700,0" yaku="1,1,7,1,54,1,53,1" doraHai="120" doraHaiUra="35" who="0" fromWho="3" sc="190,87,229,0,229,0,342,-77" /><INIT seed="2,0,0,2,0,117" ten="277,229,229,265" oya="2" hai0="27,83,81,82,110,102,90,99,108,19,58,44,113" hai1="48,97,100,134,95,47,120,78,126,131,67,77,123" hai2="122,79,57,1,35,135,84,9,105,91,125,53,18" hai3="39,16,96,41,59,17,107,0,42,54,109,121,37"/><V74/><F105/><W36/><G0/><T21/><D113/><U124/><E67/><V87/><F35/><W75/><G75/><T45/><D90/><U119/><E119/><V72/><F72/><W32/><G32/><T20/><D58/><U106/><E134/><V104/><F104/><W128/><G121/><N who="1" m="46666" /><E131/><V103/><F103/><W4/><G4/><T52/><D21/><U15/><E15/><V56/><F74/><W116/><G116/><T66/><D66/><U101/><E101/><V93/><F125/><N who="1" m="48233" /><E106/><V80/><F1/><W71/><G107/><T127/><D127/><U46/><E46/><V88/><F135/><W30/><G128/><T86/><D86/><U34/><E34/><V73/><F57/><W28/><G59/><T24/><D24/><U118/><E118/><V12/><F122/><W31/><G71/><T55/><D102/><U129/><E129/><V60/><F73/><W76/><G109/><N who="0" m="42091" /><D99/><U33/><E33/><V112/><F112/><W130/><G96/><T98/><D98/><U23/><E23/><V114/><F114/><W43/><G130/><T29/><D29/><U2/><E2/><V40/><F91/><W69/><G69/><T25/><D25/><U11/><E11/><V38/><F84/><W51/><G76/><T10/><D10/><U89/><E100/><V49/><F79/><W62/><G62/><T14/><D27/><U5/><E5/><V111/><F111/><W26/><G26/><T6/><D6/><U133/><E133/><V65/><F60/><W50/><G50/><T7/><D7/><U85/><E97/><RYUUKYOKU ba="0,0" sc="277,10,229,10,229,-30,265,10" hai0="14,19,20,44,45,52,55,81,82,83" hai1="47,48,77,78,85,89,95" hai3="16,17,28,30,31,36,37,39,41,42,43,51,54" /><INIT seed="3,1,0,1,4,23" ten="287,239,199,275" oya="3" hai0="50,103,72,91,26,19,93,33,77,104,121,75,9" hai1="82,43,85,48,81,57,6,16,70,63,90,28,64" hai2="67,89,61,127,98,40,86,92,132,44,45,126,15" hai3="37,2,110,56,109,83,122,87,105,133,51,12,106"/><W59/><G37/><T41/><D121/><U29/><E6/><V32/><F32/><W129/><G2/><T123/><D123/><U35/><E35/><V119/><F119/><W108/><G122/><T25/><D72/><U116/><E116/><V115/><F115/><W21/><G133/><T22/><D33/><U125/><E125/><V128/><F132/><W111/><G111/><T113/><D113/><U62/><E81/><V46/><F128/><W4/><G129/><T84/><D9/><U34/><E34/><V24/><F15/><W5/><G5/><T20/><D50/><U134/><E134/><V17/><F40/><W102/><G102/><T120/><D41/><U42/><E42/><V124/><F17/><N who="3" m="10407" /><G4/><T65/><D65/><U49/><E29/><V80/><F24/><W100/><G100/><T54/><D54/><U8/><E28/><V30/><F30/><W27/><G27/><N who="0" m="10251" /><D19/><U69/><E43/><V11/><F11/><W38/><G38/><T96/><D120/><U1/><E1/><V114/><F114/><W39/><G39/><T31/><D31/><U107/><E107/><N who="3" m="40970" /><G51/><T47/><D47/><U135/><E135/><V131/><F131/><W53/><G53/><T18/><D18/><U117/><E117/><V68/><REACH who="2" step="1"/><F46/><REACH who="2" ten="287,239,189,275" step="2"/><W58/><G109/><T94/><D94/><U76/><E8/><V99/><F99/><W95/><G95/><T130/><D130/><U78/><E16/><V0/><F0/><W13/><G13/><T36/><D36/><U97/><E97/><V7/><F7/><W55/><G55/><T118/><D118/><RYUUKYOKU ba="1,1" sc="287,10,239,-30,189,10,275,10" hai0="20,22,75,77,84,91,93,96,103,104" hai2="44,45,61,67,68,80,86,89,92,98,124,126,127" hai3="56,58,59,83,87,108,110" /><INIT seed="3,2,1,3,0,13" ten="297,209,199,285" oya="3" hai0="68,122,104,97,51,42,36,5,121,6,93,110,46" hai1="22,83,130,59,82,131,80,109,116,43,1,94,124" hai2="18,53,71,2,114,62,95,118,24,26,14,17,15" hai3="40,81,103,47,102,50,49,21,84,113,38,73,20"/><W45/><G73/><T3/><D68/><U31/><E1/><V65/><F2/><W127/><G113/><T92/><D104/><U4/><E4/><V70/><F114/><W56/><G127/><T126/><D126/><U41/><E124/><V48/><F118/><W87/><G56/><T16/><D93/><U76/><E76/><V117/><F117/><W74/><G74/><T35/><D35/><U101/><E109/><V77/><F77/><W79/><G84/><T63/><D63/><U132/><E132/><V57/><F95/><W52/><REACH who="3" step="1"/><G38/><REACH who="3" ten="297,209,199,275" step="2"/><T78/><D36/><U91/><E116/><V10/><REACH who="2" step="1"/><F71/><REACH who="2" ten="297,209,189,275" step="2"/><W90/><G90/><T100/><D100/><AGARI ba="2,3" hai="20,21,40,45,47,49,50,52,79,81,87,100,102,103" machi="100" ten="40,7700,0" yaku="1,1,8,1,54,1,53,0" doraHai="13" doraHaiUra="34" who="3" fromWho="0" sc="297,-83,209,0,189,0,275,113" /><INIT seed="3,3,0,0,0,121" ten="214,209,189,388" oya="3" hai0="22,101,26,10,77,71,126,128,132,86,35,16,107" hai1="97,73,72,87,130,48,24,118,88,45,108,1,17" hai2="79,120,119,61,129,34,9,85,21,124,111,13,54" hai3="0,4,40,19,68,106,69,32,115,42,25,90,27"/><W47/><G115/><T94/><D71/><U37/><E1/><V89/><F34/><W104/><G0/><T60/><D132/><U84/><E37/><V38/><F119/><W55/><G4/><T83/><D128/><U127/><E130/><V93/><F38/><W53/><G32/><T123/><D123/><U74/><E118/><V134/><F129/><W113/><G113/><T112/><D112/><U44/><E17/><V39/><F39/><W103/><G19/><T75/><D126/><U7/><E24/><V30/><F120/><W109/><G90/><T102/><D60/><U96/><E7/><V12/><F134/><W15/><G15/><T14/><D107/><U59/><E59/><V92/><F79/><W46/><G103/><T125/><D125/><U5/><E5/><V116/><F9/><W18/><G18/><T51/><D35/><U133/><E133/><V67/><F116/><W56/><G56/><T64/><D64/><U31/><E31/><V82/><F124/><W63/><G63/><T23/><D23/><U3/><E3/><V95/><F67/><W28/><G28/><N who="0" m="17495" /><D75/><U66/><E66/><V36/><F36/><W65/><G65/><T6/><D6/><U105/><E105/><V57/><F13/><W52/><G55/><T78/><D78/><U33/><E33/><V20/><F20/><W8/><G8/><T58/><D94/><U70/><E73/><V117/><F117/><W41/><G41/><T43/><D43/><U122/><E127/><V100/><F12/><W91/><G91/><T114/><D114/><U2/><E2/><RYUUKYOKU ba="3,0" sc="214,15,209,-15,189,-15,388,15" hai0="10,14,16,51,58,77,83,86,101,102" hai3="25,27,40,42,46,47,52,53,68,69,104,106,109" /><INIT seed="3,4,0,2,4,65" ten="229,194,174,403" oya="3" hai0="94,115,15,130,2,34,106,85,104,98,133,28,108" hai1="102,92,39,71,56,87,14,30,18,63,95,135,72" hai2="59,124,6,79,114,1,52,125,64,67,49,89,91" hai3="90,37,128,86,0,32,47,19,120,117,62,93,134"/><W110/><G117/><T127/><D2/><U26/><E72/><V100/><F114/><W96/><G120/><T61/><D61/><U48/><E39/><V29/><F79/><W41/><G32/><T20/><D115/><U68/><E135/><V44/><F29/><W66/><G0/><T10/><D127/><N who="2" m="48714" /><F100/><W7/><G7/><T55/><D133/><U53/><E102/><V103/><F103/><W82/><G134/><T122/><D122/><U101/><E101/><V42/><F67/><W99/><G128/><T45/><D130/><U81/><E95/><V58/><F64/><W11/><G93/><T21/><D34/><U75/><E75/><V54/><F6/><W105/><G105/><T77/><D94/><U118/><E92/><V13/><F1/><W109/><G11/><T27/><D10/><U78/><E118/><V126/><N who="2" m="48722" /><V129/><DORA hai="8" /><F129/><W35/><G19/><T97/><D104/><U116/><E116/><V9/><F58/><N who="3" m="37207" /><G35/><T88/><D106/><U36/><E36/><N who="2" m="21575" /><F54/><W76/><G76/><T121/><D55/><U119/><E119/><V74/><F74/><W16/><G16/><T46/><D77/><U113/><E113/><V70/><F70/><W12/><G99/><T57/><D97/><U23/><REACH who="1" step="1"/><E48/><REACH who="1" ten="229,184,174,403" step="2"/><V40/><F40/><W24/><G96/><T60/><D98/><U51/><E51/><V17/><AGARI ba="4,1" hai="9,13,17,49,52,59,89,91" m="21575,48722" machi="17" ten="40,5200,0" yaku="18,1,52,1,54,1" doraHai="65,8" who="2" fromWho="2" sc="229,-17,184,-17,174,74,403,-30" /><INIT seed="4,0,0,1,5,68" ten="212,167,248,373" oya="0" hai0="119,57,100,91,115,80,99,81,54,55,50,45,10" hai1="32,38,104,124,67,5,41,89,30,135,133,34,40" hai2="47,85,127,75,125,42,98,25,9,21,88,24,112" hai3="39,84,83,1,134,62,110,118,13,123,6,90,61"/><T73/><D119/><U102/><E67/><V37/><F75/><W105/><G118/><T106/><D115/><U29/><E5/><V48/><F112/><W53/><G110/><T43/><D73/><U23/><E23/><V132/><F98/><W121/><G105/><T22/><D55/><U28/><E102/><V114/><F114/><W129/><G1/><T36/><D10/><U65/><E65/><V56/><F132/><N who="1" m="50761" /><E104/><V116/><F116/><W2/><G2/><T108/><D108/><U86/><E124/><N who="2" m="47691" /><F9/><N who="3" m="4279" /><G134/><T126/><D126/><U12/><E12/><V97/><F97/><W72/><G72/><T52/><D54/><U31/><N who="1" m="7168" /><DORA hai="0" /><U77/><E77/><V87/><F87/><W66/><G66/><T70/><D70/><U35/><E38/><V44/><F56/><W46/><G39/><T64/><D64/><U111/><E111/><V14/><F14/><W82/><G121/><T107/><D107/><U49/><E49/><V51/><F21/><W74/><G123/><T11/><D11/><U109/><E109/><V69/><F69/><W63/><G74/><T103/><D103/><U33/><N who="1" m="8192" /><DORA hai="60" /><U93/><AGARI ba="0,0" hai="40,41,86,89,93" m="8192,7168,50761" machi="93" ten="80,5200,0" yaku="4,1,20,1" doraHai="68,0,60" who="1" fromWho="1" sc="212,-26,167,52,248,-13,373,-13" /><INIT seed="5,0,0,5,2,7" ten="186,219,235,360" oya="1" hai0="102,115,26,50,30,81,41,82,49,28,96,8,76" hai1="94,12,47,27,15,65,133,17,114,39,66,88,128" hai2="95,42,46,80,72,110,112,36,129,11,59,40,64" hai3="37,54,70,97,85,61,25,48,24,6,93,98,92"/><U57/><E128/><V86/><F110/><W101/><G37/><T43/><D115/><U71/><E71/><V135/><F42/><W108/><G108/><T35/><D30/><U44/><E114/><V34/><F34/><W113/><G113/><T67/><D67/><U84/><E133/><V107/><F107/><W105/><G105/><T78/><D78/><U121/><E121/><V90/><F112/><W3/><G70/><T58/><D82/><U18/><E39/><V83/><F129/><W0/><G61/><T20/><D35/><U73/><E27/><V106/><F106/><W62/><G62/><T56/><D56/><U33/><E33/><V104/><F104/><W19/><G85/><T21/><D21/><N who="1" m="11431" /><E73/><V4/><F135/><W51/><G19/><T131/><D102/><U52/><E65/><V124/><F124/><W5/><G101/><T53/><D96/><U89/><E89/><V38/><F38/><W45/><G45/><T123/><D123/><U91/><E91/><V119/><F119/><W111/><G111/><T69/><D69/><U16/><E66/><V2/><F72/><W13/><G13/><T99/><D131/><U132/><E132/><V75/><F75/><W125/><G125/><T23/><D99/><U22/><E18/><V122/><F122/><W117/><G117/><T31/><D31/><U79/><E79/><V77/><F77/><W68/><G68/><T60/><D76/><U9/><E22/><V63/><AGARI ba="0,0" hai="2,4,11,36,40,46,59,63,64,80,83,86,90,95" machi="63" ten="30,2000,0" yaku="0,1,52,1" doraHai="7" who="2" fromWho="2" sc="186,-5,219,-10,235,20,360,-5" /><INIT seed="6,0,0,0,5,61" ten="181,209,255,355" oya="2" hai0="57,41,52,128,98,91,131,126,58,30,44,16,118" hai1="65,10,36,134,79,14,124,46,4,106,102,51,72" hai2="116,76,49,15,67,130,32,25,113,48,125,127,1" hai3="78,54,55,107,133,97,96,74,5,135,105,47,68"/><V6/><F116/><W95/><G68/><T104/><D118/><U42/><E124/><N who="2" m="47691" /><F1/><W85/><G74/><T75/><D126/><U34/><E34/><V12/><F113/><W110/><G110/><T122/><D75/><U53/><E134/><N who="3" m="51210" /><G5/><T114/><D122/><U119/><E119/><V77/><F130/><N who="0" m="49706" /><D30/><U27/><E27/><V22/><F32/><W112/><G112/><T7/><D7/><U45/><E102/><V80/><F67/><W94/><G47/><T87/><D58/><U66/><REACH who="1" step="1"/><E106/><REACH who="1" ten="181,199,255,355" step="2"/><V70/><F70/><W69/><G69/><T132/><D114/><U103/><E103/><V86/><F76/><W40/><G107/><T64/><D132/><U13/><E13/><N who="2" m="5195" /><F6/><W26/><G78/><T109/><D104/><U33/><E33/><V100/><F100/><W115/><G105/><T24/><D109/><U129/><E129/><V17/><AGARI ba="0,1" hai="17,22,25,48,49,77,80,86" m="5195,47691" machi="17" ten="30,1500,0" yaku="18,1" doraHai="61" who="2" fromWho="2" sc="181,-5,199,-5,255,25,355,-5" /><INIT seed="6,1,0,5,2,100" ten="176,194,280,350" oya="2" hai0="10,48,64,26,94,67,19,105,36,18,115,89,81" hai1="85,112,125,37,54,70,42,61,23,111,35,33,134" hai2="57,130,124,127,69,129,55,88,78,25,16,108,8" hai3="128,116,3,83,31,65,109,27,6,79,9,66,34"/><V110/><F78/><W29/><G109/><N who="2" m="42089" /><F69/><W14/><G116/><T84/><D36/><U86/><E125/><N who="2" m="48203" /><F88/><W39/><G128/><N who="2" m="49257" /><F57/><W102/><G79/><T12/><D105/><U74/><E74/><V52/><F25/><W50/><G27/><T22/><D115/><U30/><E112/><V32/><F32/><W113/><G34/><T114/><D114/><U126/><E85/><V47/><F47/><W107/><G113/><T82/><D48/><U40/><E86/><V2/><F16/><W62/><G50/><T91/><REACH who="0" step="1"/><D81/><REACH who="0" ten="166,194,280,350" step="2"/><U43/><E37/><V132/><F132/><W73/><G83/><T28/><D28/><U4/><E30/><V117/><F117/><W123/><G31/><T51/><D51/><U76/><E134/><V15/><F15/><W41/><G14/><T13/><D13/><U75/><E126/><V97/><F97/><AGARI ba="1,1" hai="10,12,18,19,22,26,64,67,82,84,89,91,94,97" machi="97" ten="30,3900,0" yaku="1,1,7,1,8,1,53,0" doraHai="100" doraHaiUra="72" who="0" fromWho="2" sc="166,52,194,0,280,-42,350,0" /><INIT seed="7,0,0,3,5,102" ten="218,194,238,350" oya="3" hai0="20,125,95,73,59,21,100,93,87,133,132,53,10" hai1="1,37,15,41,101,117,121,47,120,0,75,17,104" hai2="90,82,97,27,46,134,26,85,129,108,39,92,119" hai3="109,7,124,76,94,48,13,70,60,23,131,86,35"/><W66/><G35/><T114/><D73/><U84/><E84/><V107/><F108/><W63/><G109/><T91/><D10/><U128/><E15/><V22/><F119/><W52/><G124/><T38/><D38/><U83/><E17/><V18/><F129/><W106/><G106/><T96/><D125/><U28/><E28/><V62/><F134/><W135/><G63/><T42/><D42/><U65/><E65/><V16/><F107/><W78/><G135/><N who="0" m="51787" /><D114/><U3/><E128/><V44/><F39/><W61/><G61/><AGARI ba="0,0" hai="20,21,53,59,61,87,91,93,95,96,100" m="51787" machi="61" ten="30,1000,0" yaku="20,1" doraHai="102" who="0" fromWho="3" sc="218,10,194,0,238,0,350,-10" owari="228,-17.0,194,-31.0,238,4.0,340,44.0" /></mjloggm>