<mjloggm ver="2.3"><GO type="97" lobby="0"/><UN n0="%70%6F%63%68%69%6B%6F" n1="%E3%81%8D%E3%82%8A%E3%81%B5%E3%81%A0" n2="%73%61%69%73%73%37%37%37" n3="%E5%B0%B1%E6%B4%BB%E7%94%9F%40%E5%B7%9D%E6%9D%91%E8%BB%8D%E5%9B%A3" dan="13,15,13,14" rate="1840.30,1994.25,1908.93,1965.29" sx="M,M,M,M"/><TAIKYOKU oya="0"/><INIT seed="0,0,0,1,2,53" ten="250,250,250,250" oya="0" hai0="126,78,6,119,5,66,121,95,50,120,72,26,96" hai1="33,73,22,20,106,2,70,92,7,34,79,103,57" hai2="49,118,40,13,86,12,1,46,4,81,56,32,24" hai3="71,135,62,45,63,104,51,38,60,115,122,75,80"/><T83/><D66/><U110/><E70/><V113/><F113/><W87/><G104/><T116/><D26/><U27/><E106/><V19/><F118/><N who="0" m="45098" /><D50/><U35/><E73/><V97/><F97/><W17/><G115/><T133/><D6/><U89/><E103/><V37/><F1/><W94/><G71/><T15/><D15/><U29/><E79/><V128/><F32/><N who="1" m="12393" /><E57/><V0/><F0/><W55/><G38/><T8/><D8/><N who="1" m="2167" /><E92/><V18/><F4/><W44/><G122/><N who="0" m="47211" /><D5/><U123/><E89/><V117/><F117/><W90/><G135/><T99/><D133/><U82/><E82/><V43/><F37/><W131/><G131/><T114/><D114/><U69/><E69/><V124/><F128/><W39/><G39/><T105/><D126/><U36/><E36/><V130/><F124/><W109/><G109/><T54/><D54/><U68/><E68/><V3/><F130/><W65/><G65/><T10/><D10/><U84/><E84/><V64/><F3/><W21/><G75/><T129/><D129/><U111/><E123/><V102/><F64/><W76/><G76/><T108/><D108/><AGARI ba="0,0" hai="20,22,27,29,35,108,110,111" m="2167,12393" machi="108" ten="30,3900,0" yaku="14,1,34,2" doraHai="53" who="1" fromWho="0" sc="250,-39,250,39,250,0,250,0" /><INIT seed="1,0,0,4,1,53" ten="211,289,250,250" oya="1" hai0="41,37,46,115,19,5,60,16,28,101,70,52,44" hai1="59,75,33,82,49,127,68,77,47,38,27,31,105" hai2="69,119,56,3,7,63,29,120,21,126,92,30,72" hai3="2,43,76,1,23,99,17,93,128,131,125,78,109"/><U90/><E127/><V32/><F119/><W104/><G43/><T6/><D115/><U113/><E113/><V42/><F120/><W98/><G104/><T107/><D28/><U0/><E68/><V58/><F69/><W64/><G64/><T54/><D19/><U123/><E123/><V66/><F72/><W85/><G109/><T34/><D34/><U88/><E0/><N who="3" m="106" /><G85/><T121/><D121/><U102/><E38/><V130/><F42/><W114/><G114/><T61/><D70/><U20/><E102/><V89/><F126/><W84/><G84/><T135/><D107/><U71/><E71/><V40/><F40/><W133/><G133/><T11/><D101/><U8/><E105/><V73/><F73/><W95/><G23/><T62/><D135/><U91/><E8/><V118/><F21/><W124/><G17/><T94/><D94/><N who="3" m="35849" /><G125/><T74/><D74/><U15/><E15/><V86/><F32/><W103/><G103/><T57/><D46/><U26/><E47/><V116/><F3/><W9/><G9/><T51/><REACH who="0" step="1"/><D54/><REACH who="0" ten="201,289,250,250" step="2"/><U110/><E110/><V111/><F111/><W108/><G108/><T65/><D65/><U10/><E75/><V14/><F118/><W67/><G67/><T39/><D39/><U12/><E33/><V100/><F100/><W106/><G106/><T48/><D48/><U132/><E49/><V83/><F66/><W50/><G50/><T80/><D80/><U96/><E82/><V81/><F83/><W22/><G124/><T134/><D134/><U36/><E36/><V45/><F116/><W13/><G13/><AGARI ba="0,1" hai="5,6,11,13,16,37,41,44,51,52,57,60,61,62" machi="13" ten="40,8000,1" yaku="1,1,6,1,52,1,54,2,53,0" doraHai="53" doraHaiUra="117" who="0" fromWho="3" sc="201,90,289,0,250,0,250,-80" /><INIT seed="2,0,0,0,1,124" ten="291,289,250,170" oya="2" hai0="58,98,15,86,100,91,9,31,114,25,131,3,127" hai1="1,63,96,121,7,52,29,48,123,97,5,111,11" hai2="44,135,102,72,132,82,118,68,23,60,12,54,103" hai3="92,75,130,35,70,65,2,74,32,38,22,133,87"/><V51/><F118/><W37/><G2/><T4/><D127/><U81/><E111/><V8/><F23/><W134/><G22/><T10/><D114/><U99/><E29/><V117/><F117/><W110/><G110/><T128/><D58/><U50/><E7/><V18/><F68/><W106/><G106/><T107/><D10/><U116/><E116/><V69/><F60/><W6/><G6/><T24/><D15/><U95/><E81/><V88/><F72/><W80/><G92/><T76/><D76/><U33/><E33/><V109/><F69/><W122/><G70/><T78/><D78/><U120/><E95/><V53/><F53/><W89/><G65/><T84/><D84/><U83/><E83/><V113/><F113/><W67/><G67/><T20/><REACH who="0" step="1"/><D25/><REACH who="0" ten="281,289,250,170" step="2"/><U41/><E41/><V94/><F109/><W56/><G56/><AGARI ba="0,1" hai="1,5,11,48,50,52,56,63,96,97,99,120,121,123" machi="56" ten="50,3200,0" yaku="13,1,54,1" doraHai="124" who="1" fromWho="3" sc="281,0,289,42,250,0,170,-32" /><INIT seed="3,0,0,3,2,94" ten="281,331,250,138" oya="3" hai0="104,56,45,91,11,89,79,50,122,74,103,121,73" hai1="33,37,93,96,88,23,44,12,106,35,99,83,6" hai2="92,67,25,95,3,110,81,10,32,63,53,66,27" hai3="40,75,19,97,82,34,126,24,5,4,68,31,52"/><W130/><G68/><T28/><D122/><U84/><E106/><V41/><F110/><W60/><G126/><T80/><D121/><U85/><E35/><V38/><F81/><W72/><G130/><T18/><D28/><U15/><E33/><V78/><F78/><W46/><G72/><T100/><D73/><U128/><E128/><V86/><F32/><W49/><G19/><T39/><D103/><U107/><E107/><V118/><F118/><W132/><G132/><T20/><D11/><N who="1" m="4215" /><E37/><V2/><F3/><W64/><G40/><T102/><D102/><U29/><E44/><V0/><F41/><W124/><G124/><T62/><D39/><U90/><E15/><V48/><F38/><W113/><G113/><T70/><D70/><U131/><E131/><V115/><F115/><W101/><G82/><T13/><D56/><U77/><E77/><V125/><F0/><W98/><G75/><T58/><D58/><U16/><E16/><V123/><F2/><W119/><G119/><T17/><D17/><U22/><E22/><V134/><F123/><W109/><G109/><T7/><D7/><U71/><E71/><V59/><F125/><W112/><G112/><T26/><D13/><U117/><E117/><V69/><F69/><N who="3" m="42119" /><G97/><N who="0" m="61455" /><D62/><U133/><E133/><V65/><F134/><W108/><G108/><T114/><D114/><U9/><E9/><V51/><F67/><W61/><G61/><T36/><D36/><U30/><E30/><V43/><F66/><W8/><G8/><T135/><D135/><U111/><E111/><V54/><F10/><W47/><G47/><RYUUKYOKU ba="0,0" sc="281,10,331,10,250,-30,138,10" hai0="18,20,26,45,50,74,79,80,89,91" hai1="23,29,83,84,85,88,90,93,96,99" hai3="4,5,24,31,34,46,49,52,98,101" /><INIT seed="3,1,0,2,2,59" ten="291,341,220,148" oya="3" hai0="127,33,5,34,126,112,132,6,19,108,67,10,85" hai1="54,31,107,12,110,28,124,9,37,105,17,52,135" hai2="29,15,70,0,66,90,1,131,116,89,115,113,8" hai3="87,86,56,74,134,133,101,77,14,58,91,26,103"/><W39/><G39/><T102/><D102/><N who="3" m="38921" /><G26/><T73/><D73/><U99/><E37/><V16/><F29/><W32/><G32/><N who="0" m="12395" /><D85/><N who="3" m="32265" /><G14/><N who="0" m="7639" /><D67/><U53/><E99/><V97/><F66/><W119/><G119/><T83/><D83/><U20/><E135/><N who="3" m="51722" /><G91/><T48/><D132/><U51/><E31/><V23/><F90/><W24/><G24/><T94/><D48/><U118/><E51/><V92/><F89/><W122/><G122/><T63/><D63/><U38/><E28/><V96/><F116/><W75/><G77/><T117/><D117/><U3/><E38/><V22/><F115/><W111/><G111/><T40/><D108/><U78/><E78/><V62/><F113/><W47/><G47/><T114/><D40/><U128/><E110/><V76/><F76/><W81/><G81/><T7/><D94/><U80/><E80/><V2/><F92/><W129/><G129/><T125/><AGARI ba="1,0" hai="5,6,7,112,114,125,126,127" m="7639,12395" machi="125" ten="40,5200,0" yaku="18,1,34,2" doraHai="59" who="0" fromWho="0" sc="291,55,341,-14,220,-14,148,-27" owari="346,44.0,327,13.0,206,-19.0,121,-38.0" /></mjloggm>