<mjloggm ver="2.3"><GO type="41" lobby="0"/><UN n0="%E5%88%9D%E4%BB%A3%E2%98%86" n1="%E5%B0%B1%E6%B4%BB%E7%94%9F%40%E5%B7%9D%E6%9D%91%E8%BB%8D%E5%9B%A3" n2="%E7%A2%A7%E3%81%8D%E7%AB%9C%E9%A8%8E%E5%A3%AB" n3="%E5%B9%B3%E5%9D%87%E5%BE%97%E7%82%B9%E3%81%AE%E9%AC%BC" dan="14,17,13,16" rate="1925.07,2155.62,1929.95,2009.37" sx="M,M,F,M"/><TAIKYOKU oya="0"/><INIT seed="0,0,0,5,1,53" ten="250,250,250,250" oya="0" hai0="4,117,94,39,128,135,79,34,25,52,9,10,74" hai1="59,93,43,75,73,41,47,83,35,132,125,96,20" hai2="130,131,38,119,1,49,80,114,92,55,101,65,71" hai3="32,17,67,85,13,58,127,95,21,78,48,124,103"/><T18/><D117/><U77/><E35/><V15/><F1/><W70/><G32/><T68/><D68/><U88/><E132/><V42/><F80/><W126/><G70/><T61/><D39/><U11/><E125/><V26/><F26/><W110/><G110/><T107/><D107/><U108/><E108/><V121/><F101/><W87/><G78/><T54/><D135/><U63/><E75/><V123/><F15/><W133/><G133/><T44/><D74/><U118/><E118/><V29/><F92/><W98/><G48/><N who="0" m="28679" /><D34/><U99/><E99/><V84/><F84/><W105/><REACH who="3" step="1"/><G105/><REACH who="3" ten="250,250,250,240" step="2"/><T82/><D79/><U23/><E11/><V104/><F104/><W116/><G116/><T33/><D10/><U120/><E120/><N who="2" m="46155" /><F119/><W30/><G30/><T81/><D9/><U102/><E102/><V100/><F29/><W14/><G14/><T46/><D33/><U60/><E23/><V66/><F100/><W113/><G113/><T50/><D50/><U69/><E20/><V91/><F114/><W19/><G19/><T37/><D18/><U64/><REACH who="1" step="1"/><E47/><REACH who="1" ten="250,240,250,240" step="2"/><N who="2" m="24023" /><F91/><W51/><G51/><T31/><D46/><U2/><E2/><V129/><F71/><W7/><G7/><T22/><D4/><U0/><E0/><V112/><F112/><W12/><G12/><T89/><D22/><U86/><E86/><V72/><F72/><W109/><G109/><T8/><D8/><U3/><E3/><V24/><F24/><W115/><G115/><T45/><D25/><U36/><E36/><V134/><F134/><W5/><G5/><T62/><D37/><RYUUKYOKU ba="0,2" sc="250,-30,240,10,250,10,240,10" hai1="41,43,59,60,63,64,69,73,77,83,88,93,96" hai2="49,55,65,66,129,130,131" hai3="13,17,21,58,67,85,87,95,98,103,124,126,127" /><INIT seed="1,1,2,1,5,78" ten="220,250,260,250" oya="1" hai0="15,93,95,1,134,74,91,9,65,114,123,118,96" hai1="125,67,69,35,135,6,39,89,122,24,84,70,29" hai2="90,12,117,53,105,132,111,50,112,16,103,87,116" hai3="60,13,127,19,97,23,0,76,45,100,80,26,48"/><U14/><E39/><V82/><F112/><W77/><G0/><T121/><D1/><U113/><E122/><N who="0" m="46601" /><D74/><U62/><E113/><V7/><F7/><W58/><G127/><T109/><D114/><U81/><E125/><V3/><F3/><W98/><G13/><T31/><D118/><U133/><REACH who="1" step="1"/><E70/><REACH who="1" ten="220,240,260,250" step="2"/><V61/><F132/><W126/><G126/><T54/><D109/><U88/><E88/><V131/><F111/><W10/><G100/><T49/><D134/><U21/><E21/><V20/><F131/><W34/><G34/><T25/><D91/><U124/><E124/><V99/><REACH who="2" step="1"/><F61/><REACH who="2" ten="220,240,250,250" step="2"/><W52/><G10/><AGARI ba="1,4" hai="6,10,14,24,29,35,62,67,69,81,84,89,133,135" machi="10" ten="40,3900,0" yaku="1,1,52,1,53,0" doraHai="78" doraHaiUra="71" who="1" fromWho="3" sc="220,0,240,82,250,0,250,-42" /><INIT seed="1,2,0,4,0,111" ten="220,322,250,208" oya="1" hai0="59,77,54,9,84,88,97,14,91,105,5,3,53" hai1="57,0,65,56,45,68,52,55,100,110,75,83,15" hai2="16,32,11,95,36,133,1,34,82,71,116,37,22" hai3="107,118,104,19,69,23,85,48,29,80,62,128,114"/><U125/><E0/><V50/><F116/><W127/><G29/><T38/><D38/><U122/><E122/><V115/><F71/><W99/><G118/><T66/><D77/><U106/><E110/><V6/><F133/><W43/><G99/><T27/><D3/><U113/><E113/><V7/><F7/><W20/><G20/><T135/><D135/><U46/><E125/><V61/><F82/><W112/><G127/><T31/><D105/><U94/><E106/><V44/><F61/><W124/><G124/><T117/><D117/><U98/><E68/><V108/><F108/><W17/><G107/><T120/><D120/><U126/><E65/><V129/><F129/><W39/><G39/><T49/><D66/><U123/><E123/><V63/><F63/><W30/><G30/><T121/><D121/><U109/><E109/><V70/><F70/><W103/><G103/><T25/><D97/><U81/><E15/><V41/><F95/><W60/><G104/><T18/><D5/><U2/><E2/><V40/><F115/><N who="3" m="44075" /><G128/><T102/><D102/><U131/><E131/><V93/><F93/><W90/><G69/><T21/><D27/><U64/><E64/><V101/><F101/><W92/><G92/><T10/><D10/><U42/><E75/><V13/><F50/><W89/><G89/><T4/><D31/><U24/><E126/><V134/><F134/><W58/><G58/><N who="1" m="22634" /><E24/><V74/><F74/><W87/><G87/><T33/><D84/><U47/><E42/><V51/><F51/><W78/><G90/><N who="0" m="34347" /><D33/><U119/><E119/><V28/><F28/><RYUUKYOKU ba="2,0" sc="220,10,322,10,250,10,208,-30" hai0="4,9,14,18,21,25,49,53,54,59" hai1="45,46,47,52,55,81,83,94,98,100" hai2="1,6,11,13,16,22,32,34,36,37,40,41,44" /><INIT seed="1,3,0,2,5,38" ten="230,332,260,178" oya="1" hai0="7,0,11,21,70,19,60,116,51,132,36,120,62" hai1="118,91,80,84,78,124,130,64,95,67,69,101,54" hai2="72,15,55,28,77,123,9,134,20,87,105,86,68" hai3="108,12,93,126,14,115,113,82,63,66,88,26,81"/><U110/><E118/><V90/><F123/><W96/><G108/><T8/><D36/><U33/><E33/><V40/><F105/><W111/><G111/><T6/><D116/><U85/><E69/><V65/><F72/><W43/><G126/><T125/><D120/><U75/><E110/><V25/><F68/><W22/><G115/><T57/><D132/><U76/><E124/><V106/><F65/><W3/><G3/><T48/><D70/><U39/><E39/><V104/><F134/><W46/><G113/><T128/><D128/><U99/><E130/><V5/><F87/><W129/><G129/><T31/><D31/><U37/><E37/><V109/><F109/><W100/><G63/><T94/><D94/><U73/><E54/><V47/><F55/><W23/><G66/><T44/><D57/><U27/><E27/><V42/><F77/><N who="1" m="29801" /><E67/><V133/><F133/><W34/><G34/><T97/><D125/><U114/><E64/><V1/><F1/><W121/><G121/><T49/><D97/><U112/><E112/><V17/><F28/><N who="3" m="17495" /><G100/><T135/><D135/><U2/><E2/><V24/><F24/><W58/><G58/><T107/><D107/><N who="1" m="63935" /><E114/><V131/><F131/><W4/><G4/><T32/><D32/><U16/><E16/><V89/><F47/><W102/><G23/><T10/><D44/><U53/><E53/><V117/><F117/><W122/><G122/><T41/><D0/><U59/><E59/><V74/><F5/><N who="0" m="1546" /><D62/><U103/><E103/><V56/><F56/><W13/><G102/><T79/><D60/><U50/><E50/><AGARI ba="3,0" hai="12,13,14,43,46,50,81,82,88,93,96" m="17495" machi="50" ten="30,7700,0" yaku="6,1,8,1,52,1,54,1" doraHai="38" who="3" fromWho="1" sc="230,0,332,-86,260,0,178,86" /><INIT seed="2,0,0,5,1,5" ten="230,246,260,264" oya="2" hai0="120,0,68,63,66,94,78,34,100,135,12,119,39" hai1="106,82,11,15,116,104,98,17,54,29,31,86,56" hai2="130,7,79,48,97,93,35,4,46,64,90,36,74" hai3="111,88,58,101,99,40,61,19,32,18,70,107,47"/><V108/><F35/><W44/><G32/><T92/><D0/><U8/><E116/><V16/><F130/><W21/><G70/><T26/><D39/><U27/><E106/><V62/><F36/><W77/><G77/><T96/><D120/><U128/><E128/><V87/><F74/><W28/><G111/><T114/><D114/><U9/><E98/><V42/><F108/><W38/><G47/><T20/><D135/><U2/><E104/><V69/><F79/><W126/><G126/><T109/><D109/><U52/><E2/><V25/><F87/><W57/><G28/><N who="1" m="10826" /><E27/><V124/><F124/><W102/><G102/><T103/><D34/><U113/><E113/><V80/><REACH who="2" step="1"/><F80/><REACH who="2" ten="230,246,250,264" step="2"/><W24/><G38/><T118/><D78/><N who="1" m="46423" /><E54/><V65/><F65/><W67/><G67/><T81/><D81/><U53/><E53/><V6/><F6/><W127/><G127/><T30/><D119/><U110/><E110/><V51/><F51/><AGARI ba="0,1" hai="8,9,11,15,17,51,52,56" m="46423,10826" machi="51" ten="30,8000,1" yaku="8,1,52,3,54,1" doraHai="5" who="1" fromWho="2" sc="230,0,246,90,250,-80,264,0" /><INIT seed="3,0,0,2,0,17" ten="230,336,170,264" oya="3" hai0="79,75,49,60,56,96,111,39,103,22,53,48,126" hai1="116,106,131,20,66,130,12,67,5,71,59,99,40" hai2="101,28,46,35,122,54,121,27,58,117,118,33,42" hai3="119,105,37,16,1,77,102,81,93,85,123,115,32"/><W124/><G32/><T64/><D39/><U9/><E71/><V125/><F101/><W31/><G1/><T76/><D75/><U73/><E73/><V11/><F125/><W7/><G7/><T97/><D111/><U50/><E116/><V68/><F68/><W128/><G31/><T62/><D126/><U10/><E10/><V80/><F11/><W38/><G123/><T70/><D97/><U29/><E99/><V94/><F80/><W45/><G115/><T23/><D70/><U36/><E106/><V13/><F94/><W133/><G119/><T41/><D62/><U83/><E36/><V135/><F135/><W107/><G124/><T120/><D120/><N who="2" m="46186" /><F13/><W63/><G38/><T24/><D41/><U43/><E83/><V44/><F33/><W113/><G113/><T89/><D89/><U98/><E98/><V82/><F82/><W78/><G81/><T19/><D22/><U21/><E29/><V14/><F14/><W51/><G37/><T34/><D34/><U4/><E4/><V8/><F8/><W18/><G102/><T132/><D132/><U30/><E30/><V91/><F91/><W2/><G133/><T65/><D76/><U92/><E92/><V108/><F108/><W61/><G93/><N who="0" m="58767" /><D79/><U25/><E25/><V87/><F87/><W72/><G85/><T110/><D110/><U74/><E74/><V86/><F86/><W6/><G72/><T15/><D24/><U52/><E43/><V3/><F3/><W95/><G78/><T129/><D15/><U104/><E40/><V127/><F42/><W100/><G77/><RYUUKYOKU ba="0,0" sc="230,0,336,0,170,0,264,0" /><INIT seed="4,1,0,5,5,45" ten="230,336,170,264" oya="0" hai0="126,98,110,15,43,95,48,74,60,117,16,44,82" hai1="3,65,103,85,23,134,53,5,67,59,71,131,128" hai2="84,47,33,105,41,10,32,90,133,50,130,31,30" hai3="56,34,14,26,54,121,52,29,106,49,25,58,122"/><T69/><D117/><U62/><E134/><V61/><F105/><W127/><G127/><T94/><D126/><U24/><E103/><V2/><F133/><W116/><G116/><T88/><D110/><U87/><E5/><V7/><F130/><N who="1" m="49705" /><E3/><V37/><F37/><W46/><G106/><T113/><D113/><U79/><E79/><V125/><F125/><W51/><G14/><T40/><D40/><U118/><E118/><V91/><F91/><W119/><G119/><T78/><D95/><U76/><E76/><V57/><F33/><W63/><REACH who="3" step="1"/><G25/><REACH who="3" ten="230,336,170,254" step="2"/><T6/><D6/><U9/><E9/><V17/><F32/><W108/><G108/><T104/><D104/><U114/><E114/><V101/><F17/><W11/><G11/><T55/><D69/><U96/><E71/><V28/><F28/><W89/><G89/><T123/><D123/><U8/><E8/><V70/><F101/><W132/><G132/><T115/><D115/><U81/><E24/><V12/><F70/><W21/><G21/><T97/><D15/><U102/><E23/><V100/><F100/><W22/><G22/><T120/><D120/><U99/><E102/><V1/><F1/><W109/><G109/><T73/><D16/><U112/><E112/><V86/><F2/><W111/><G111/><T83/><D88/><N who="1" m="51247" /><E87/><N who="2" m="33323" /><F90/><W13/><G13/><T93/><D74/><U36/><E36/><V92/><F92/><N who="0" m="35434" /><D82/><U38/><E38/><V0/><F0/><W129/><G129/><T75/><D73/><U66/><AGARI ba="1,1" hai="53,59,62,65,66,67,96,99" m="51247,49705" machi="66" ten="30,2000,0" yaku="19,1,54,1" doraHai="45" who="1" fromWho="1" sc="230,-11,336,33,170,-6,254,-6" /><INIT seed="5,0,0,1,3,15" ten="219,369,164,248" oya="1" hai0="45,126,12,99,112,5,117,76,67,82,89,114,46" hai1="71,83,113,97,23,63,85,13,17,108,116,9,10" hai2="53,47,33,41,49,58,80,6,70,77,75,109,42" hai3="31,32,48,37,107,65,102,96,111,16,4,22,72"/><U118/><E113/><N who="0" m="43625" /><D117/><U132/><E132/><V84/><F109/><W98/><G37/><T43/><D67/><U7/><E97/><V60/><F33/><W35/><G111/><T2/><D2/><U90/><E108/><V50/><F75/><W128/><G72/><N who="0" m="43271" /><D126/><U68/><E10/><V130/><F130/><W1/><G128/><T103/><D89/><U69/><REACH who="1" step="1"/><E63/><REACH who="1" ten="219,359,164,248" step="2"/><V28/><F70/><W8/><G98/><T92/><D43/><U74/><E74/><V44/><F28/><W121/><G31/><T55/><D55/><U21/><E21/><V87/><F87/><W105/><G121/><T122/><D122/><U66/><E66/><V52/><F6/><W104/><G65/><AGARI ba="0,1" hai="41,42,44,47,49,50,52,53,58,60,65,77,80,84" machi="65" ten="30,7700,0" yaku="7,1,9,1,8,1,54,1" doraHai="15" who="2" fromWho="3" sc="219,0,359,0,164,87,248,-77" /><INIT seed="6,0,0,0,5,125" ten="219,359,251,171" oya="2" hai0="46,62,42,99,37,120,88,45,61,63,54,83,26" hai1="121,135,103,85,123,15,110,20,77,58,131,9,106" hai2="97,36,132,102,53,22,56,4,111,119,114,75,23" hai3="113,124,127,6,67,116,35,17,59,80,126,115,128"/><V134/><F36/><W70/><G116/><T109/><D109/><U93/><E131/><V51/><F75/><W91/><G70/><T122/><D26/><U117/><E117/><V34/><F34/><W74/><G35/><T76/><D46/><U29/><E135/><V94/><F119/><W133/><G6/><T87/><REACH who="0" step="1"/><D54/><REACH who="0" ten="209,359,251,171" step="2"/><U5/><E110/><V52/><F111/><W33/><G133/><N who="2" m="51305" /><F114/><N who="3" m="43531" /><G33/><T86/><D86/><U89/><E121/><V49/><F4/><W21/><G74/><T0/><D0/><U18/><E123/><V19/><F19/><W98/><G128/><T71/><D71/><U2/><E29/><V100/><F100/><W104/><G59/><AGARI ba="0,1" hai="22,23,49,51,52,53,56,59,94,97,102" m="51305" machi="59" ten="30,2900,0" yaku="20,1,54,1" doraHai="125" who="2" fromWho="3" sc="209,0,359,0,251,39,171,-29" /><INIT seed="6,1,0,4,0,63" ten="209,359,290,142" oya="2" hai0="116,37,94,33,91,80,72,7,1,125,90,108,127" hai1="2,132,120,134,13,107,109,24,19,18,68,113,25" hai2="75,60,52,95,135,82,129,62,67,39,29,23,40" hai3="11,86,112,0,97,123,3,103,64,43,124,87,119"/><V57/><F129/><W101/><G119/><T31/><D37/><U48/><E68/><V44/><F135/><N who="1" m="51753" /><E107/><V102/><F82/><W99/><G123/><T22/><D22/><U58/><E2/><V104/><F75/><W36/><G43/><T84/><D91/><U71/><E71/><V70/><F104/><W38/><G11/><T8/><D108/><U51/><E113/><V74/><F74/><W17/><G17/><N who="1" m="6154" /><E109/><V34/><F34/><W88/><G88/><T83/><D72/><U93/><E13/><V121/><F121/><W69/><G69/><T28/><D116/><U85/><E120/><V21/><F29/><N who="0" m="11338" /><D33/><U117/><E117/><V53/><F53/><W89/><G89/><T98/><D98/><U122/><E122/><V12/><F12/><W59/><G59/><T4/><D4/><U118/><E118/><V81/><REACH who="2" step="1"/><F81/><REACH who="2" ten="209,359,280,142" step="2"/><W47/><G112/><T41/><D83/><U26/><E93/><V65/><F65/><W73/><G73/><T10/><D80/><U76/><E76/><V111/><F111/><W78/><G78/><T126/><D94/><U61/><E85/><V128/><F128/><W114/><G114/><T100/><D84/><U20/><E20/><V27/><F27/><W42/><G64/><AGARI ba="1,1" hai="24,25,26,48,51,58,61,64" m="6154,51753" machi="64" ten="30,2000,0" yaku="20,1,52,1" doraHai="63" who="1" fromWho="3" sc="209,0,359,33,280,0,142,-23" /><INIT seed="7,0,0,2,4,63" ten="209,392,280,119" oya="3" hai0="30,130,35,5,96,133,19,12,105,108,37,99,58" hai1="70,45,27,47,2,46,15,40,110,86,114,78,127" hai2="56,76,132,38,93,125,109,54,42,79,10,72,59" hai3="81,117,104,128,87,69,1,113,134,97,115,65,88"/><W124/><G1/><T21/><D37/><U75/><E2/><V131/><F109/><W50/><G117/><T9/><D105/><U60/><E75/><V57/><F131/><W53/><G128/><T111/><D58/><U103/><E110/><V66/><F132/><W100/><G134/><T74/><D74/><U24/><E127/><V48/><F125/><W41/><G41/><T64/><D64/><U67/><E114/><V116/><F116/><W84/><G124/><T33/><D33/><U101/><E40/><V91/><F72/><W90/><G69/><T126/><D133/><U6/><E27/><V26/><F38/><W71/><G71/><T31/><D31/><U95/><E24/><V13/><F26/><W129/><G129/><T34/><D34/><U14/><E6/><V32/><F42/><W62/><G62/><T4/><D4/><U77/><E95/><V11/><F32/><W120/><G120/><T123/><D123/><U28/><E28/><V7/><F11/><W92/><REACH who="3" step="1"/><G65/><REACH who="3" ten="209,392,280,109" step="2"/><T68/><D68/><U18/><E70/><V112/><F112/><W39/><G39/><T25/><D130/><U17/><E60/><V121/><F121/><W107/><G107/><T44/><D126/><U20/><E67/><V0/><F0/><W135/><G135/><T51/><D111/><U55/><E55/><V106/><F106/><W49/><G49/><T89/><D108/><U98/><E86/><N who="2" m="52471" /><F66/><W29/><G29/><T23/><D30/><U22/><E98/><V3/><F3/><W122/><G122/><T61/><D99/><U119/><E119/><RYUUKYOKU ba="0,1" sc="209,-30,392,10,280,10,109,10" hai1="14,15,17,18,20,22,45,46,47,77,78,101,103" hai2="7,10,13,48,54,56,57,59,76,79" hai3="50,53,81,84,87,88,90,92,97,100,104,113,115" /><INIT seed="7,1,1,0,1,131" ten="179,402,290,119" oya="3" hai0="121,67,28,127,61,117,63,29,0,10,116,114,32" hai1="42,115,87,97,112,54,2,11,113,26,120,14,66" hai2="77,100,27,104,125,74,4,68,9,132,98,39,106" hai3="70,33,81,56,21,25,108,107,86,111,13,40,55"/><W59/><G70/><T69/><D121/><U95/><E120/><V118/><F118/><W46/><G107/><T92/><D127/><U24/><E2/><V58/><F58/><W102/><G102/><T76/><D76/><U90/><E42/><V45/><F125/><W82/><G33/><T130/><D130/><U84/><E66/><V3/><F27/><N who="1" m="10281" /><E54/><V109/><F109/><N who="3" m="42059" /><G13/><T73/><D10/><U75/><E75/><V110/><F110/><W37/><G86/><T78/><D92/><U88/><E90/><V133/><F68/><W96/><G96/><T49/><D49/><U79/><E79/><V80/><F106/><W50/><G59/><T36/><D29/><AGARI ba="1,1" hai="21,25,29,37,40,46,50,55,56,81,82" m="42059" machi="29" ten="30,1500,0" yaku="10,1" doraHai="131" who="3" fromWho="0" sc="179,-18,402,0,290,0,119,28" /><INIT seed="7,2,0,1,0,31" ten="161,402,290,147" oya="3" hai0="69,63,114,93,109,33,123,119,131,45,80,11,102" hai1="50,40,14,29,8,135,106,89,47,82,132,94,0" hai2="107,100,58,126,118,81,10,128,127,2,88,78,28" hai3="19,36,46,84,99,24,42,25,51,79,117,71,60"/><W49/><G117/><T87/><D109/><U35/><E106/><V121/><F118/><W12/><G36/><T7/><D33/><U34/><E0/><V67/><F121/><W59/><G71/><T85/><D123/><U21/><E82/><V6/><F128/><W26/><G99/><T16/><D16/><N who="1" m="8263" /><E21/><V130/><F130/><W116/><G116/><T65/><D87/><N who="1" m="52543" /><E29/><V15/><F2/><W56/><G51/><T133/><D80/><U43/><E43/><V32/><F100/><W104/><G104/><T66/><D102/><U64/><E64/><V90/><F107/><W9/><REACH who="3" step="1"/><G60/><REACH who="3" ten="161,402,290,137" step="2"/><T124/><D63/><U75/><E75/><V92/><F127/><W112/><G112/><T17/><D114/><U62/><E62/><V95/><F126/><W103/><G103/><T5/><D124/><U1/><E1/><V83/><F67/><W70/><G70/><T134/><D65/><U48/><E50/><V30/><F58/><W77/><G77/><T44/><D66/><U38/><E38/><V37/><F37/><W41/><G41/><T55/><D69/><U113/><E113/><V97/><F78/><W86/><G86/><T125/><D85/><U23/><E48/><V115/><F115/><W76/><G76/><T39/><D125/><U27/><E40/><V22/><F97/><W18/><G18/><T101/><D17/><N who="1" m="12783" /><E47/><V3/><F28/><W96/><G96/><T4/><D101/><U120/><E120/><V68/><F68/><W110/><G110/><T20/><D39/><U13/><E13/><N who="2" m="5335" /><F30/><W98/><G98/><T122/><D122/><RYUUKYOKU ba="2,1" sc="161,-15,402,15,290,-15,137,15" hai1="34,35,132,135" hai3="9,12,19,24,25,26,42,46,49,56,59,79,84" /><INIT seed="7,3,1,5,3,54" ten="146,417,275,152" oya="3" hai0="125,36,105,104,67,20,84,14,44,116,91,22,126" hai1="124,122,83,90,56,120,72,69,7,58,86,134,3" hai2="118,99,63,39,25,108,93,60,34,8,5,107,123" hai3="2,128,19,109,73,43,100,66,131,74,6,35,129"/><W85/><G109/><T42/><D116/><U106/><E69/><V55/><F108/><W1/><G35/><T97/><D67/><U26/><E106/><V81/><F39/><W79/><G43/><T114/><D114/><U16/><E72/><N who="3" m="27754" /><G6/><T65/><D65/><U110/><E3/><N who="3" m="1034" /><G66/><T17/><D22/><N who="1" m="13639" /><E134/><V45/><F118/><W53/><G100/><T102/><REACH who="0" step="1"/><D105/><REACH who="0" ten="136,417,275,152" step="2"/><U89/><E122/><V13/><F107/><W9/><G53/><T92/><AGARI ba="3,2" hai="14,17,20,36,42,44,84,91,92,97,102,104,125,126" machi="92" ten="30,4000,0" yaku="1,1,2,1,0,1,53,0" doraHai="54" doraHaiUra="113" who="0" fromWho="0" sc="136,69,417,-13,275,-13,152,-23" owari="205,-19.0,404,50.0,262,6.0,129,-37.0" /></mjloggm>