<mjloggm ver="2.3"><GO type="169" lobby="0"/><UN n0="%E5%8E%9F%E5%AE%BF%E3%82%B8%E3%82%A7%E3%83%B3%E3%83%8C" n1="%E5%A4%A7%E6%AD%A3%E7%BE%A9%E9%87%8E%E7%90%83%E5%A8%98" n2="%E3%82%B7%E3%83%A3%E3%83%B3%E3%83%86%E3%83%B3%E5%9C%B0%E7%8D%84%E2%98%86" n3="%E3%83%88%E3%83%88%E3%83%AA%E5%85%88%E7%94%9F%31%39%E6%AD%B3" dan="16,16,17,17" rate="2054.87,2086.20,2168.39,2213.80" sx="M,F,M,F"/><TAIKYOKU oya="0"/><INIT seed="0,0,0,1,0,40" ten="250,250,250,250" oya="0" hai0="131,52,44,57,79,128,113,51,56,3,6,8,20" hai1="63,109,130,69,99,11,85,25,62,81,100,24,60" hai2="31,102,76,59,127,89,129,119,103,91,17,34,33" hai3="80,58,45,61,123,126,120,84,78,105,114,9,86"/><T73/><D113/><U116/><E116/><V35/><F119/><W134/><G105/><T36/><D20/><U16/><E69/><V96/><F129/><N who="0" m="49738" /><D36/><U0/><E130/><V13/><F127/><W107/><G126/><T67/><D67/><U98/><E109/><V133/><F133/><W12/><G114/><T46/><D57/><U92/><E99/><V135/><F76/><W1/><G107/><T21/><D21/><U48/><E48/><V104/><F135/><W26/><G1/><T68/><D68/><U5/><REACH who="1" step="1"/><E16/><REACH who="1" ten="250,240,250,250" step="2"/><V53/><F31/><W43/><G134/><T14/><D3/><U7/><E7/><V118/><F118/><W95/><G123/><T64/><D64/><U77/><AGARI ba="0,1" hai="0,5,11,24,25,60,62,63,77,81,85,92,98,100" machi="77" ten="30,4000,0" yaku="1,1,0,1,53,1" doraHai="40" doraHaiUra="88" who="1" fromWho="1" sc="250,-20,240,50,250,-10,250,-10" /><INIT seed="1,0,0,1,1,0" ten="230,290,240,240" oya="1" hai0="10,32,101,38,102,130,83,94,70,72,27,65,111" hai1="93,4,11,120,37,119,123,6,35,26,115,12,122" hai2="8,49,85,121,95,25,23,86,48,84,59,114,29" hai3="61,98,117,34,21,53,57,79,58,60,97,13,69"/><U106/><E106/><V66/><F121/><W96/><G34/><T15/><D38/><U135/><E37/><V100/><F114/><W110/><G69/><T50/><D65/><U90/><E115/><V46/><F46/><W56/><G110/><T132/><D70/><U39/><E39/><V107/><F107/><W89/><G117/><T127/><D72/><U82/><E82/><V1/><F1/><W44/><G79/><T54/><D83/><U36/><E36/><V18/><F8/><W16/><REACH who="3" step="1"/><G89/><REACH who="3" ten="230,290,240,230" step="2"/><T131/><D111/><U2/><E119/><V31/><F31/><W78/><G78/><T55/><D32/><U74/><E74/><V80/><F29/><W112/><G112/><T63/><D130/><U5/><E135/><V113/><F113/><W7/><G7/><T40/><D131/><U19/><E35/><V68/><F68/><W92/><G92/><T91/><D132/><U109/><E109/><V118/><F118/><W20/><G20/><T71/><D71/><U103/><E103/><V47/><F100/><W133/><G133/><T76/><D101/><U116/><E116/><V105/><F105/><W81/><G81/><T14/><D102/><U99/><REACH who="1" step="1"/><E26/><REACH who="1" ten="230,280,240,230" step="2"/><V9/><F80/><W88/><G88/><T87/><D27/><U43/><E43/><V52/><F95/><W104/><G104/><T77/><D40/><U30/><E30/><V3/><F25/><W124/><G124/><T28/><D127/><U17/><E17/><V134/><F18/><W128/><G128/><T41/><D28/><U22/><AGARI ba="0,2" hai="2,4,5,6,11,12,19,22,90,93,99,120,122,123" machi="22" ten="30,18000,2" yaku="1,1,0,1,52,3,53,1" doraHai="0" doraHaiUra="33" who="1" fromWho="1" sc="230,-60,280,200,240,-60,230,-60" /><INIT seed="1,1,0,1,1,101" ten="170,480,180,170" oya="1" hai0="17,112,56,69,23,109,119,19,21,61,32,81,71" hai1="26,65,13,99,77,38,37,30,39,22,93,24,83" hai2="8,29,107,18,82,104,88,80,34,95,5,58,6" hai3="57,35,25,0,116,4,66,130,75,73,12,90,110"/><U117/><E117/><V72/><F18/><W11/><G116/><T9/><D32/><U48/><E65/><V10/><F29/><W85/><G110/><T100/><D109/><U135/><E135/><V28/><F28/><W96/><G130/><T40/><D112/><U118/><E118/><V128/><F34/><W7/><G96/><T45/><D100/><U3/><E3/><V124/><F128/><W53/><G66/><T92/><D92/><U70/><E70/><V105/><F124/><W62/><G35/><T50/><D9/><U2/><E2/><V122/><F122/><W94/><G25/><T27/><D81/><U63/><E63/><V43/><F72/><W49/><G4/><T114/><D114/><U1/><E1/><V44/><F58/><W16/><REACH who="3" step="1"/><G62/><REACH who="3" ten="170,480,180,160" step="2"/><T60/><D60/><U102/><E26/><V91/><F5/><W67/><G67/><T133/><D119/><U79/><E24/><V41/><F6/><W20/><AGARI ba="1,1" hai="0,7,11,12,16,20,49,53,57,73,75,85,90,94" machi="20" ten="20,12000,2" yaku="1,1,0,1,7,1,25,2,54,1,53,0" doraHai="101" doraHaiUra="131" who="3" fromWho="3" sc="170,-31,480,-61,180,-31,160,133" /><INIT seed="2,0,0,2,2,133" ten="139,419,149,293" oya="2" hai0="6,118,121,46,60,96,1,114,127,80,94,54,55" hai1="74,59,116,57,23,9,32,89,120,5,53,99,61" hai2="110,18,63,24,51,105,35,21,112,28,72,11,34" hai3="84,113,75,95,33,40,100,123,7,10,50,109,31"/><V39/><F39/><W37/><G123/><T38/><D114/><U88/><E32/><V25/><F72/><W131/><G75/><T129/><D121/><U43/><E116/><V0/><F112/><W106/><G113/><T19/><D118/><U102/><E120/><V76/><F76/><W68/><G37/><T22/><D80/><U78/><E43/><V86/><F105/><W103/><G68/><T47/><D129/><U67/><E23/><V79/><F110/><W36/><G36/><T30/><D30/><U20/><E20/><V26/><F51/><W128/><G109/><T87/><D87/><U16/><E16/><V126/><F63/><W77/><G106/><T27/><D38/><U108/><E108/><V71/><F71/><W101/><G31/><T115/><D55/><U3/><E78/><V107/><F107/><W70/><G70/><T2/><D6/><U44/><E44/><V15/><F35/><W58/><G33/><T41/><D47/><U122/><E122/><V82/><REACH who="2" step="1"/><F126/><REACH who="2" ten="139,419,139,293" step="2"/><W48/><G77/><T45/><D127/><U132/><E74/><V111/><F111/><W119/><G119/><T56/><D115/><U135/><E135/><V29/><F29/><W66/><G50/><N who="0" m="26927" /><D46/><U130/><E132/><V12/><F12/><N who="3" m="5215" /><G48/><T14/><D14/><U17/><E130/><V65/><F65/><W98/><G131/><T42/><D42/><U81/><E67/><V69/><F69/><W92/><G128/><T91/><AGARI ba="0,1" hai="1,2,19,22,27,54,56,60,91,94,96" m="26927" machi="91" ten="30,1100,0" yaku="25,1" doraHai="133" who="0" fromWho="0" sc="139,21,419,-3,139,-5,293,-3" /><INIT seed="3,0,0,4,4,108" ten="160,416,134,290" oya="3" hai0="74,28,117,83,0,2,67,88,9,10,57,64,8" hai1="102,95,65,58,41,124,66,126,35,49,45,25,37" hai2="93,105,90,118,111,103,12,87,89,120,31,27,34" hai3="77,70,86,17,38,131,79,84,110,98,128,44,125"/><W24/><G70/><T19/><D28/><N who="1" m="19855" /><E37/><V122/><F118/><W100/><G17/><T113/><D74/><U43/><E43/><V16/><F111/><W52/><G24/><T114/><D117/><U101/><E95/><V68/><F68/><W94/><G110/><T56/><D19/><U48/><E48/><V29/><F29/><W99/><G38/><T135/><D135/><U133/><E133/><V121/><F90/><N who="3" m="55639" /><G52/><T22/><D22/><U104/><E104/><V1/><F1/><W112/><G44/><T3/><D88/><U11/><E11/><V76/><F76/><N who="3" m="29259" /><G112/><N who="0" m="43115" /><D83/><U115/><E115/><V53/><F53/><W85/><G125/><N who="1" m="48234" /><E58/><AGARI ba="0,0" hai="0,2,3,8,9,10,56,57,58,64,67" m="43115" machi="58" ten="40,12000,2" yaku="28,2,11,1,52,3" doraHai="108" who="0" fromWho="1" sc="160,120,416,-120,134,0,290,0" /><INIT seed="4,0,0,3,4,21" ten="280,296,134,290" oya="0" hai0="92,57,61,113,13,102,80,4,62,2,31,45,3" hai1="38,78,34,117,84,107,54,48,67,110,126,91,8" hai2="98,114,125,123,33,9,58,112,35,86,127,19,59" hai3="51,132,106,95,128,6,23,99,0,115,129,73,49"/><T118/><D118/><U72/><E117/><V124/><F86/><W130/><G106/><T65/><D45/><U83/><E110/><V41/><F41/><W32/><G32/><N who="2" m="12361" /><F98/><W55/><G73/><T69/><D80/><U120/><E38/><V88/><F88/><N who="3" m="55783" /><G115/><N who="2" m="44073" /><F123/><W85/><G132/><T89/><D102/><U47/><E107/><V94/><F94/><W70/><G70/><T7/><D31/><U90/><E34/><V26/><F9/><N who="3" m="2247" /><G85/><T75/><D75/><U10/><E120/><V77/><F77/><W97/><G97/><T37/><D37/><U105/><E105/><V43/><F43/><W56/><G56/><N who="2" m="21545" /><F19/><W134/><G134/><T18/><D113/><U108/><E90/><V20/><F20/><W103/><G103/><T64/><D3/><U96/><E96/><V30/><F30/><W101/><G101/><T44/><D2/><U27/><E91/><V116/><F116/><W81/><G81/><T87/><D44/><U24/><E84/><V122/><F122/><W121/><G55/><T14/><D14/><U133/><E133/><V109/><F109/><W71/><G121/><T53/><D53/><U40/><E108/><V29/><F29/><W76/><G76/><T22/><AGARI ba="0,0" hai="4,7,13,18,22,57,61,62,64,65,69,87,89,92" machi="22" ten="20,2100,0" yaku="0,1,7,1" doraHai="21" who="0" fromWho="0" sc="280,21,296,-7,134,-7,290,-7" /><INIT seed="4,1,0,0,1,89" ten="301,289,127,283" oya="0" hai0="83,38,9,109,119,16,132,21,110,43,0,106,117" hai1="13,124,91,99,115,68,73,12,126,14,85,54,112" hai2="56,28,90,36,50,63,135,33,62,2,34,130,23" hai3="78,53,76,79,105,4,5,120,107,87,25,113,55"/><T40/><D106/><N who="3" m="40457" /><G87/><T75/><D38/><U58/><E73/><V30/><F36/><W45/><G25/><T51/><D51/><N who="1" m="31071" /><E68/><V44/><F2/><W114/><G120/><T69/><D69/><U84/><E99/><V125/><F33/><W39/><G39/><T8/><D83/><N who="1" m="49567" /><E85/><V24/><F34/><W41/><G41/><N who="0" m="15947" /><D75/><U15/><N who="1" m="3072" /><DORA hai="81" /><U72/><E72/><V116/><F116/><N who="0" m="44618" /><D0/><U11/><E11/><N who="0" m="4169" /><D21/><U92/><E92/><V60/><F23/><W6/><G45/><T27/><D27/><U42/><E42/><V70/><F24/><W46/><G46/><T94/><D94/><U127/><AGARI ba="1,0" hai="112,115,124,126,127" m="3072,49567,31071" machi="127" ten="50,3200,0" yaku="18,1,52,1" doraHai="89,81" who="1" fromWho="1" sc="301,-17,289,35,127,-9,283,-9" /><INIT seed="5,0,0,1,5,31" ten="284,324,118,274" oya="1" hai0="107,59,102,115,36,46,28,15,65,32,128,103,121" hai1="55,10,98,37,9,81,77,41,17,63,68,62,18" hai2="80,74,64,4,40,29,132,93,113,53,108,118,84" hai3="109,134,69,2,87,61,131,71,96,120,3,7,116"/><U39/><E68/><V76/><F108/><W48/><G109/><T34/><D28/><U67/><E55/><V86/><F118/><W20/><G120/><T5/><D107/><U42/><E81/><V54/><F132/><W104/><G134/><T60/><D121/><U30/><E30/><V111/><F111/><W23/><G131/><T8/><D128/><U95/><E95/><V110/><F110/><W94/><G104/><T12/><D115/><U57/><E57/><V22/><F113/><W90/><G69/><T58/><D58/><U51/><E51/><V135/><F64/><W127/><G127/><T44/><D44/><BYE who="0" /><U38/><E38/><V45/><F135/><W122/><G122/><T83/><D83/><U49/><E49/><UN n0="%E5%8E%9F%E5%AE%BF%E3%82%B8%E3%82%A7%E3%83%B3%E3%83%8C" /><V129/><F129/><W89/><G48/><T105/><D12/><U33/><E77/><V25/><F4/><W88/><G116/><T119/><D119/><U21/><E21/><V52/><REACH who="2" step="1"/><F93/><REACH who="2" ten="284,324,108,274" step="2"/><W70/><G7/><T106/><D105/><U66/><E66/><V14/><F14/><W133/><G133/><T16/><D5/><U13/><E67/><V82/><F82/><W117/><G117/><T97/><REACH who="0" step="1"/><D103/><REACH who="0" ten="274,324,108,274" step="2"/><U73/><E13/><V126/><F126/><W99/><G71/><T79/><D79/><U35/><E73/><V72/><F72/><W11/><G70/><T56/><D56/><U0/><E0/><V78/><F78/><W75/><G3/><T124/><D124/><U1/><E1/><V91/><F91/><N who="3" m="34891" /><G2/><T50/><D50/><AGARI ba="0,2" hai="22,25,29,40,45,50,52,53,54,74,76,80,84,86" machi="50" ten="40,2600,0" yaku="1,1,54,1,53,0" doraHai="31" doraHaiUra="130" who="2" fromWho="0" sc="274,-26,324,0,108,46,274,0" /><INIT seed="6,0,0,2,2,112" ten="248,324,154,274" oya="2" hai0="27,116,110,72,134,93,3,55,99,106,120,89,1" hai1="24,130,47,9,81,29,94,60,131,83,48,102,25" hai2="46,114,90,58,119,65,23,77,12,105,57,107,66" hai3="101,7,59,104,41,42,71,92,52,100,4,28,17"/><V129/><F114/><W36/><G104/><T79/><D120/><U51/><E60/><V95/><F77/><W98/><G71/><T64/><D64/><U135/><E135/><V67/><F119/><W86/><G36/><T22/><D134/><U78/><E9/><V73/><F73/><W91/><G28/><T34/><D34/><U19/><E19/><N who="2" m="10727" /><F105/><W123/><G123/><T96/><D79/><U30/><E94/><V44/><F107/><W40/><G17/><T127/><D72/><U117/><E102/><N who="3" m="39530" /><G98/><T122/><D99/><U33/><E117/><V113/><F113/><W35/><G35/><T115/><D106/><U38/><E38/><V132/><F132/><W39/><G39/><T74/><D116/><U84/><E81/><V32/><F32/><W15/><G15/><T63/><D74/><U6/><E6/><V13/><F13/><W103/><G103/><T126/><D115/><U11/><E11/><V82/><F82/><W49/><AGARI ba="0,0" hai="4,7,40,41,42,49,52,59,86,91,92" m="39530" machi="49" ten="30,2000,0" yaku="8,1,54,1" doraHai="112" who="3" fromWho="3" sc="248,-5,324,-5,154,-10,274,20" /><INIT seed="7,0,0,0,4,65" ten="243,319,144,294" oya="3" hai0="8,75,112,72,127,57,133,116,38,17,59,42,124" hai1="125,89,83,76,25,115,107,20,94,78,26,74,29" hai2="119,110,123,14,90,62,53,1,47,51,79,45,52" hai3="95,101,122,9,92,22,12,134,33,24,103,30,50"/><W70/><G122/><T109/><D109/><U10/><E107/><V98/><F1/><W67/><G134/><T11/><D116/><U126/><E78/><V54/><F110/><W81/><G33/><T15/><D112/><U87/><E115/><V129/><F119/><W128/><G128/><T77/><D133/><U97/><E10/><V3/><F3/><W71/><G81/><T88/><D77/><U86/><E26/><V121/><F129/><W18/><G67/><T43/><D15/><U48/><E48/><V130/><F130/><W106/><G106/><T63/><D63/><U32/><E32/><V120/><F79/><W132/><G132/><T82/><D82/><U69/><E69/><V84/><F98/><W39/><G39/><T114/><D114/><U96/><E96/><V21/><F62/><W0/><G0/><T100/><D38/><U44/><E44/><V117/><F117/><W64/><G64/><T37/><D37/><U60/><E60/><V66/><F66/><W5/><G5/><T35/><D35/><U80/><E80/><V68/><F68/><W40/><G70/><T31/><D31/><U34/><E34/><V135/><F135/><W99/><G71/><T104/><D104/><U105/><E105/><V46/><F14/><W111/><G111/><T49/><D49/><U23/><E23/><V55/><REACH who="2" step="1"/><F21/><REACH who="2" ten="243,319,134,294" step="2"/><N who="3" m="15631" /><G99/><T16/><D100/><N who="3" m="38473" /><G22/><T61/><D61/><U4/><E97/><V113/><F113/><W93/><G40/><T102/><D102/><U131/><E131/><V36/><F36/><W13/><G13/><T58/><D42/><RYUUKYOKU ba="0,1" sc="243,-15,319,-15,134,15,294,15" hai2="45,46,47,51,52,53,54,55,84,90,120,121,123" hai3="9,12,18,50,92,93,95" owari="228,-17.0,304,10.0,149,-35.0,319,42.0" /></mjloggm>