<mjloggm ver="2.3"><GO type="169" lobby="0"/><UN n0="%6C%6F%4A%61%73%6B%69%6E" n1="%E3%82%A6%E3%83%AB%E3%83%88%E3%83%A9%E7%AB%8B%E7%9B%B4" n2="%E3%83%9F%E3%83%A9%E3%82%AF%E3%83%AB%E3%81%8A%E3%81%98%E3%81%95%E3%82%93" n3="%E3%83%86%E3%83%B3%E3%83%9C%E3%82%A6%E3%81%8F%E3%82%93" dan="16,17,17,16" rate="2148.00,2128.07,2142.04,2044.72" sx="M,M,M,F"/><TAIKYOKU oya="0"/><INIT seed="0,0,0,3,0,11" ten="250,250,250,250" oya="0" hai0="55,92,119,100,12,133,123,4,98,21,40,88,27" hai1="86,62,94,124,42,17,127,37,64,6,7,90,125" hai2="135,48,0,111,20,114,24,26,71,115,118,57,15" hai3="91,49,28,128,61,70,106,112,81,50,13,32,9"/><T35/><D123/><U95/><E95/><V31/><F71/><W134/><G112/><T82/><D35/><U99/><E99/><V85/><F85/><W53/><G128/><T132/><D119/><U66/><E66/><V126/><F48/><W30/><G106/><T2/><D2/><U67/><E67/><V93/><F57/><W59/><G134/><N who="0" m="51819" /><D40/><U52/><E52/><V1/><F93/><W120/><G120/><T10/><D55/><U72/><E72/><V39/><F39/><W110/><G110/><T89/><D82/><U130/><E130/><V105/><F105/><W78/><G91/><T36/><D36/><U58/><REACH who="1" step="1"/><E17/><AGARI ba="0,0" hai="4,10,12,17,21,27,88,89,92,98,100" m="51819" machi="17" ten="30,5800,0" yaku="20,1,52,1,54,1" doraHai="11" who="0" fromWho="1" sc="250,58,250,-58,250,0,250,0" /><INIT seed="0,1,0,5,2,90" ten="308,192,250,250" oya="0" hai0="30,79,20,10,103,133,32,47,50,128,77,67,119" hai1="115,6,19,62,5,130,35,98,94,120,57,87,28" hai2="39,106,116,89,135,75,101,74,61,45,15,99,124" hai3="13,76,46,83,4,37,102,42,40,55,95,84,17"/><T11/><D119/><U104/><E120/><V81/><F116/><W134/><G134/><T14/><D128/><U34/><E130/><V68/><F135/><W86/><G4/><T53/><D32/><U64/><E115/><V69/><F124/><W110/><G110/><T97/><D67/><U58/><E104/><V29/><F29/><W93/><G102/><T96/><D133/><U125/><E125/><V70/><F61/><W33/><G33/><T71/><D71/><U82/><E34/><V12/><F75/><W56/><G86/><T59/><D47/><U126/><E126/><V25/><F25/><W36/><G36/><T121/><D121/><U51/><E19/><V54/><F89/><W117/><G42/><T18/><D96/><U49/><E28/><V16/><F12/><W108/><G108/><T1/><D1/><U85/><E85/><V72/><F81/><W21/><REACH who="3" step="1"/><G117/><REACH who="3" ten="308,192,250,240" step="2"/><T52/><D103/><N who="1" m="60887" /><E35/><V88/><F39/><W24/><G24/><T22/><D77/><N who="1" m="46543" /><E51/><AGARI ba="1,1" hai="13,17,21,37,40,46,51,55,56,76,83,84,93,95" machi="51" ten="30,7700,0" yaku="1,1,7,1,52,2,53,0" doraHai="90" doraHaiUra="105" who="3" fromWho="1" sc="308,0,192,-80,250,0,240,90" /><INIT seed="1,0,0,4,4,92" ten="308,112,250,330" oya="1" hai0="130,107,116,101,27,36,76,53,54,100,125,2,37" hai1="4,127,50,34,20,94,5,97,105,84,132,135,96" hai2="70,71,104,133,11,15,95,86,17,51,10,12,31" hai3="109,134,68,99,65,112,3,43,117,39,115,23,114"/><U52/><E34/><V30/><F104/><W29/><G3/><T80/><D116/><U18/><E105/><V74/><F74/><W45/><G117/><T47/><D2/><U6/><E127/><V56/><F133/><N who="1" m="51273" /><E84/><V26/><F70/><W64/><G134/><T9/><D130/><U91/><E91/><N who="2" m="53751" /><F71/><W121/><G121/><T60/><D101/><U42/><E94/><V8/><F26/><W48/><G99/><N who="1" m="37962" /><E42/><V131/><F131/><W46/><G43/><T21/><D107/><U85/><E85/><V113/><F113/><W129/><G129/><T124/><D100/><U126/><E126/><V102/><F102/><W55/><G115/><T33/><D33/><U108/><E108/><V1/><F1/><W83/><G83/><T73/><D80/><U128/><E128/><V75/><F75/><W32/><G32/><T90/><D73/><U106/><E106/><V120/><F120/><W28/><G114/><T7/><D90/><U0/><E0/><V72/><F72/><W93/><G93/><T66/><D124/><U79/><E79/><V81/><F81/><W111/><G112/><T118/><D76/><U16/><E20/><V19/><F10/><W103/><G23/><T41/><D125/><U24/><E24/><V123/><F123/><W98/><G103/><T38/><D118/><U49/><E49/><V25/><F25/><W35/><G48/><T14/><D21/><U57/><AGARI ba="0,0" hai="4,5,6,16,18,50,52,57" m="37962,51273" machi="57" ten="40,18000,2" yaku="20,1,52,3,54,2" doraHai="92" who="1" fromWho="1" sc="308,-60,112,180,250,-60,330,-60" /><INIT seed="1,1,0,2,3,65" ten="248,292,190,270" oya="1" hai0="37,23,50,28,21,80,97,44,8,16,13,131,5" hai1="43,94,46,57,17,18,113,78,134,95,0,38,118" hai2="25,2,77,69,20,54,135,10,79,11,41,22,100" hai3="91,39,40,123,86,48,112,127,114,115,14,106,98"/><U122/><E122/><V88/><F135/><W26/><G39/><T83/><D37/><U117/><E113/><V59/><F100/><N who="3" m="62743" /><G26/><N who="0" m="16479" /><D131/><U64/><E134/><V90/><F41/><W12/><G48/><T33/><D97/><U70/><E70/><V67/><F2/><W82/><G14/><N who="0" m="9367" /><D33/><U109/><E109/><V19/><F67/><W51/><G51/><T55/><AGARI ba="1,0" hai="5,8,13,44,50,55,80,83" m="9367,16479" machi="55" ten="30,2000,0" yaku="8,1,54,1" doraHai="65" who="0" fromWho="0" sc="248,23,292,-11,190,-6,270,-6" /><INIT seed="2,0,0,3,5,33" ten="271,281,184,264" oya="2" hai0="32,47,105,44,61,55,78,8,29,56,135,7,53" hai1="108,50,107,123,42,58,116,20,89,25,112,10,93" hai2="99,88,118,37,113,23,120,28,80,22,125,73,64" hai3="83,102,12,0,111,79,130,31,57,34,41,103,1"/><V30/><F113/><W72/><G111/><T117/><D105/><U11/><E107/><V35/><F118/><W67/><G130/><T21/><D117/><U119/><E112/><V69/><F120/><W90/><G41/><T17/><D135/><U129/><E119/><V52/><F37/><W71/><G57/><T68/><D68/><U75/><E75/><V63/><F125/><W87/><G12/><T106/><D106/><U26/><E108/><V128/><F128/><W66/><G66/><T133/><D78/><U15/><E129/><V110/><F110/><W114/><G114/><T131/><D133/><U49/><E123/><V60/><F73/><W86/><G86/><T115/><D115/><U127/><E127/><V46/><F35/><W2/><G31/><T54/><D29/><N who="1" m="17575" /><E26/><V4/><F28/><W18/><G18/><T122/><D32/><U94/><E94/><V134/><F134/><W43/><G34/><T84/><D122/><U91/><E93/><V85/><F30/><W77/><G79/><T59/><D84/><U109/><E109/><V19/><F4/><W36/><G71/><T24/><D131/><U76/><E76/><N who="2" m="46215" /><F19/><W101/><G36/><T3/><REACH who="0" step="1"/><D59/><REACH who="0" ten="261,281,184,264" step="2"/><U81/><E58/><N who="2" m="34887" /><F46/><AGARI ba="0,1" hai="3,7,8,17,21,24,44,46,47,53,54,55,56,61" machi="46" ten="40,2600,0" yaku="1,1,52,1,53,0" doraHai="33" doraHaiUra="38" who="0" fromWho="2" sc="261,36,281,0,184,-26,264,0" /><INIT seed="3,0,0,2,0,12" ten="297,281,158,264" oya="3" hai0="108,84,33,44,81,78,57,127,131,118,72,62,60" hai1="46,96,111,75,3,74,110,38,2,66,0,102,83" hai2="43,1,123,56,29,50,47,90,16,8,126,51,97" hai3="88,27,93,82,39,109,22,58,128,52,25,21,106"/><W122/><G106/><T135/><D118/><U20/><E66/><V134/><F126/><W124/><G122/><T23/><D127/><U77/><E20/><V5/><F123/><W79/><G39/><T91/><D33/><U48/><E75/><V73/><F73/><W114/><G114/><T89/><D108/><U115/><E115/><V112/><F112/><W113/><G109/><N who="1" m="41482" /><E38/><V85/><F134/><W87/><G128/><T98/><D135/><U6/><E6/><V11/><F29/><W4/><G4/><T28/><D72/><U31/><E31/><V94/><F56/><W68/><G68/><T45/><D62/><U99/><E102/><V42/><F85/><N who="3" m="52367" /><G113/><T117/><D117/><U133/><E133/><V55/><REACH who="2" step="1"/><F50/><REACH who="2" ten="297,281,148,264" step="2"/><N who="3" m="30999" /><G124/><T19/><D28/><U120/><E120/><V18/><F18/><N who="3" m="12471" /><G22/><T7/><D7/><U80/><E74/><V92/><F92/><W61/><G61/><T101/><D131/><U40/><E0/><V30/><F30/><W59/><G59/><T132/><D132/><U129/><E2/><V15/><AGARI ba="0,1" hai="1,5,8,11,15,16,42,43,47,51,55,90,94,97" machi="15" ten="30,8000,1" yaku="1,1,0,1,52,1,54,1,53,1" doraHai="12" doraHaiUra="13" who="2" fromWho="2" sc="297,-20,281,-20,148,90,264,-40" /><INIT seed="4,0,0,0,4,107" ten="277,261,238,224" oya="0" hai0="3,20,71,131,126,76,80,10,48,13,73,128,16" hai1="8,11,91,63,116,14,36,22,34,69,44,52,101" hai2="88,129,103,47,77,18,92,112,26,38,5,65,98" hai3="86,27,60,0,89,55,31,121,133,51,4,61,50"/><T97/><D71/><U39/><E34/><V109/><F109/><W68/><G133/><T15/><D3/><U105/><E39/><V40/><F112/><W119/><G119/><T67/><D67/><U123/><E101/><V19/><F129/><N who="0" m="49738" /><D126/><U110/><E105/><V102/><F5/><W104/><G104/><T2/><D2/><U96/><E110/><V45/><F65/><W6/><G0/><T49/><D97/><U37/><E37/><V135/><F135/><W70/><G51/><T85/><D85/><U90/><E36/><V83/><F47/><W78/><G78/><T64/><D64/><U124/><E69/><V24/><F18/><AGARI ba="0,0" hai="10,13,15,16,18,20,48,49,73,76,80" m="49738" machi="18" ten="30,5800,0" yaku="19,1,52,1,54,1" doraHai="107" who="0" fromWho="2" sc="277,58,261,0,238,-58,224,0" /><INIT seed="4,1,0,5,0,21" ten="335,261,180,224" oya="0" hai0="12,132,121,133,20,39,124,26,47,88,32,109,10" hai1="37,111,90,60,103,122,55,101,72,116,106,93,24" hai2="44,77,54,100,19,42,63,75,102,97,33,126,71" hai3="8,73,35,127,108,98,80,46,74,110,119,85,29"/><T13/><D121/><U5/><E37/><V84/><F75/><W2/><G119/><T115/><D115/><U11/><E72/><V130/><F130/><W18/><G127/><T61/><D32/><U125/><E106/><V89/><F126/><W123/><G123/><T104/><D104/><U22/><E111/><V36/><F77/><W86/><G46/><T81/><D124/><U78/><E78/><V131/><F131/><W51/><G51/><T25/><D61/><U7/><E122/><V94/><F33/><W4/><G98/><T17/><D109/><U120/><E116/><V53/><F19/><W50/><G50/><T52/><D39/><U68/><E68/><V129/><F129/><W83/><G18/><N who="0" m="10319" /><D132/><U87/><E125/><V9/><F9/><W92/><G74/><T59/><D133/><U38/><E38/><V6/><F6/><N who="1" m="2057" /><E11/><V49/><F102/><W23/><G73/><T64/><D64/><U107/><E107/><V31/><F31/><W70/><G70/><T91/><D81/><U56/><E120/><V128/><F128/><W105/><G105/><T95/><D47/><U0/><E0/><V45/><F71/><W67/><G67/><T58/><D59/><U62/><E62/><V112/><F112/><W48/><G35/><T134/><D134/><U3/><E3/><V1/><F1/><W69/><G69/><T14/><D14/><U57/><E57/><N who="2" m="35247" /><F100/><W99/><G110/><T117/><D117/><U41/><E41/><V82/><F82/><N who="3" m="31275" /><G108/><T16/><D58/><U79/><E79/><V28/><F28/><AGARI ba="1,0" hai="22,24,28,55,56,60,87,90,93,101,103" m="2057" machi="28" ten="30,2000,0" yaku="8,1,52,1" doraHai="21" who="1" fromWho="2" sc="335,0,261,23,180,-23,224,0" /><INIT seed="5,0,0,0,0,26" ten="335,284,157,224" oya="1" hai0="32,38,53,66,124,114,68,73,77,1,121,125,45" hai1="116,41,103,91,128,111,10,48,93,8,117,21,31" hai2="95,101,133,20,2,70,4,87,113,16,50,22,100" hai3="3,69,131,39,130,30,86,65,107,13,11,67,43"/><U37/><E37/><V84/><F70/><W112/><G107/><T76/><D1/><U12/><E117/><V18/><F133/><W19/><G112/><T64/><D114/><U36/><E36/><V88/><F113/><W28/><G3/><T123/><D32/><U94/><E111/><V56/><F2/><W46/><G86/><N who="2" m="32809" /><F4/><W9/><G9/><N who="1" m="3690" /><E128/><N who="3" m="49194" /><G69/><T79/><D73/><U78/><E78/><V98/><F20/><W59/><G59/><T96/><D96/><N who="1" m="59799" /><E116/><V47/><F56/><W90/><G90/><T63/><D66/><AGARI ba="0,0" hai="11,13,19,28,30,39,43,46,65,66,67" m="49194" machi="66" ten="30,3900,0" yaku="19,1,52,2" doraHai="26" who="3" fromWho="0" sc="335,-39,284,0,157,0,224,39" /><INIT seed="6,0,0,4,4,92" ten="296,284,157,263" oya="2" hai0="44,84,90,60,53,76,16,132,13,50,100,27,103" hai1="63,34,135,102,94,83,47,68,0,87,49,70,54" hai2="66,17,61,91,88,122,89,121,46,128,2,41,10" hai3="109,98,124,22,129,52,33,38,62,127,31,35,51"/><V45/><F128/><W120/><G109/><T30/><D132/><U115/><E34/><V112/><F112/><W18/><G38/><T106/><D76/><U101/><E0/><V74/><F74/><W4/><G4/><T12/><D106/><U126/><E126/><N who="3" m="48170" /><G31/><T39/><D39/><U77/><E135/><V134/><F134/><W20/><G20/><N who="0" m="15719" /><D60/><U81/><E68/><V67/><F67/><W117/><G117/><T5/><D5/><U114/><E83/><V113/><F113/><N who="1" m="43017" /><E94/><V28/><F28/><W108/><G120/><T40/><D40/><U23/><E23/><V95/><F95/><W48/><G108/><T9/><D13/><U37/><E37/><V93/><F93/><AGARI ba="0,0" hai="9,12,16,44,50,53,84,90,93,100,103" m="15719" machi="93" ten="30,2000,0" yaku="8,1,54,1" doraHai="92" who="0" fromWho="2" sc="296,20,284,0,157,-20,263,0" /><INIT seed="7,0,0,2,2,45" ten="316,284,137,263" oya="3" hai0="56,69,4,15,86,70,47,49,128,75,76,104,35" hai1="119,113,58,94,36,72,9,17,20,68,133,14,66" hai2="109,92,105,120,90,89,31,16,117,81,124,21,118" hai3="106,8,78,53,82,88,107,84,7,5,55,116,67"/><W134/><G116/><T27/><D104/><U110/><E68/><V1/><F109/><W97/><G134/><T98/><D75/><U108/><E72/><V51/><F105/><W114/><G114/><T3/><D3/><U129/><E36/><V12/><F1/><W37/><G37/><T23/><D35/><U115/><E94/><V19/><F124/><W74/><G67/><T13/><D98/><U33/><E66/><V127/><F127/><W131/><G131/><T22/><D128/><U44/><E44/><V24/><F120/><W130/><G130/><T32/><D32/><U60/><E60/><V63/><F19/><W50/><G55/><T28/><D56/><U73/><E58/><V101/><F101/><N who="3" m="62767" /><G8/><N who="0" m="4231" /><D15/><U39/><E39/><V102/><F102/><W112/><G112/><N who="1" m="43082" /><E73/><V96/><F63/><W61/><G61/><T57/><D57/><U85/><E129/><V132/><F132/><W34/><G34/><T29/><D69/><U11/><E133/><V10/><F89/><W0/><G0/><T41/><D70/><U18/><E85/><V123/><F123/><W6/><G107/><T125/><D125/><U48/><E33/><V83/><F117/><W80/><G74/><T99/><D99/><U79/><E79/><V121/><F118/><W111/><G111/><N who="1" m="42538" /><E119/><V100/><F121/><W93/><G78/><T95/><D76/><U2/><E2/><V46/><REACH who="2" step="1"/><F100/><REACH who="2" ten="316,284,127,263" step="2"/><W38/><G88/><T64/><D64/><U25/><E18/><V87/><F87/><W126/><G84/><T135/><D86/><U26/><E17/><V52/><AGARI ba="0,1" hai="10,12,16,21,24,31,46,51,52,81,83,90,92,96" machi="52" ten="20,16000,3" yaku="1,1,5,1,0,1,7,1,8,1,52,1,54,2,53,1" doraHai="45" doraHaiUra="42" who="2" fromWho="2" sc="316,-40,284,-40,127,170,263,-80" /><INIT seed="8,0,0,4,5,71" ten="276,244,297,183" oya="0" hai0="22,118,108,33,105,25,97,92,38,15,83,63,85" hai1="66,123,89,5,115,64,58,40,32,77,12,133,86" hai2="101,62,106,9,127,7,119,111,90,78,82,128,49" hai3="34,24,132,44,6,99,112,87,65,56,16,110,124"/><T2/><D105/><U72/><E32/><V88/><F111/><W70/><G110/><T130/><D108/><U131/><E72/><V135/><F128/><W26/><G112/><T103/><D130/><U35/><E35/><V11/><F135/><W94/><G124/><T50/><D38/><U4/><E77/><V100/><F127/><W61/><G132/><T55/><D2/><U17/><E40/><V121/><F121/><W31/><G6/><T75/><D118/><U91/><E64/><V120/><F120/><W23/><G44/><T41/><D75/><U93/><E123/><V113/><F113/><W0/><G0/><T126/><D126/><U116/><E116/><V37/><F37/><W1/><G1/><T3/><D3/><U39/><E39/><V95/><F119/><W10/><G10/><N who="2" m="3593" /><F106/><W114/><G114/><T98/><D98/><U69/><E69/><V134/><F134/><W45/><G45/><N who="0" m="25903" /><D33/><U18/><E58/><V107/><F107/><W117/><G117/><T68/><D68/><U84/><E66/><V21/><F7/><W43/><G70/><T8/><D15/><U122/><E12/><V76/><F62/><W51/><G87/><N who="1" m="33322" /><E93/><V19/><F95/><W46/><REACH who="3" step="1"/><G94/><REACH who="3" ten="276,244,297,173" step="2"/><T52/><D8/><U28/><E4/><V125/><F125/><W79/><G79/><N who="0" m="46335" /><D63/><U74/><E5/><V14/><F76/><W109/><G109/><T67/><D67/><U96/><E133/><V59/><F78/><W80/><G80/><T42/><D42/><U47/><E115/><V73/><F82/><W57/><G57/><T20/><D20/><RYUUKYOKU ba="0,1" sc="276,15,244,-15,297,-15,173,15" hai0="22,25,52,55,92,97,103" hai3="16,23,24,26,31,34,43,46,51,56,61,65,99" /><INIT seed="8,1,1,1,5,26" ten="291,229,282,188" oya="0" hai0="25,31,61,112,97,133,8,1,127,28,29,36,19" hai1="77,79,6,135,54,55,35,130,110,52,94,42,13" hai2="50,57,83,46,122,10,39,123,90,37,100,17,43" hai3="103,118,125,71,89,7,119,4,74,98,116,47,34"/><T102/><D112/><U66/><E35/><V27/><F100/><W121/><G125/><T99/><D127/><U2/><E2/><V60/><F39/><W33/><G121/><T53/><D36/><U30/><E42/><V21/><F37/><W134/><G134/><T106/><D133/><U82/><E66/><V51/><F50/><W101/><G74/><T109/><D109/><U107/><E107/><V75/><F10/><W108/><G108/><T9/><D1/><U115/><E130/><V105/><F105/><W48/><G71/><T14/><D9/><N who="1" m="4279" /><E82/><V80/><F83/><W95/><G34/><T86/><D86/><U65/><E65/><V124/><F124/><W84/><G33/><T11/><D11/><U24/><E110/><V67/><REACH who="2" step="1"/><F90/><REACH who="2" ten="291,229,272,188" step="2"/><W64/><G64/><T104/><D106/><U15/><E135/><V93/><F93/><N who="3" m="54439" /><G101/><T81/><D102/><U85/><E115/><V96/><F96/><W132/><G132/><T70/><D104/><U32/><E94/><V76/><AGARI ba="1,2" hai="17,21,27,43,46,51,57,60,67,75,76,80,122,123" machi="76" ten="30,2000,0" yaku="1,1,0,1,53,0" doraHai="26" doraHaiUra="129" who="2" fromWho="2" sc="291,-11,229,-6,272,43,188,-6" owari="280,8.0,223,-18.0,315,42.0,182,-32.0" /></mjloggm>