<mjloggm ver="2.3"><GO type="41" lobby="0"/><UN n0="%70%69%6E%66%75%74%75%6D" n1="%74%2D%74%61%6B%65" n2="%E3%83%AA%E3%82%B5%E3%81%95%E3%81%BE" n3="%E5%B0%B1%E6%B4%BB%E7%94%9F%40%E5%B7%9D%E6%9D%91%E8%BB%8D%E5%9B%A3" dan="14,13,15,16" rate="1866.98,1884.44,1963.39,2151.91" sx="M,M,F,M"/><TAIKYOKU oya="0"/><INIT seed="0,0,0,1,3,22" ten="250,250,250,250" oya="0" hai0="106,133,92,47,79,84,18,50,76,49,102,67,37" hai1="61,3,16,46,90,125,27,74,12,55,23,0,72" hai2="25,78,132,104,81,32,14,96,124,19,115,121,1" hai3="120,112,2,105,6,60,56,70,117,82,33,73,98"/><T45/><D67/><U87/><E125/><V38/><F38/><W57/><G70/><T59/><D133/><U41/><E74/><V83/><F83/><W31/><G117/><T43/><D106/><U42/><E72/><V93/><F93/><W129/><G112/><T35/><D35/><U36/><E42/><V7/><F7/><W15/><G120/><T52/><D102/><U48/><E61/><V4/><F4/><W111/><G129/><T135/><D135/><U9/><E36/><V127/><F127/><W126/><G126/><T128/><D128/><U75/><E75/><V26/><F26/><W95/><G111/><T62/><D18/><U114/><E114/><V8/><F8/><W65/><G105/><T11/><D11/><U20/><E20/><V53/><F53/><W10/><G73/><T5/><D5/><U86/><E41/><V44/><F44/><W30/><G33/><T85/><D92/><U80/><REACH who="1" step="1"/><E87/><REACH who="1" ten="250,240,250,250" step="2"/><N who="0" m="33353" /><D37/><U51/><E51/><N who="0" m="19465" /><D43/><U54/><E54/><V28/><F28/><AGARI ba="0,1" hai="0,3,9,12,16,23,27,28,46,48,55,80,86,90" machi="28" ten="30,12000,2" yaku="1,1,7,1,25,2,52,1,54,1,53,0" doraHai="22" doraHaiUra="63" who="1" fromWho="2" sc="250,0,240,130,250,-120,250,0" /><INIT seed="1,0,0,3,2,93" ten="250,370,130,250" oya="1" hai0="30,57,114,25,90,5,134,94,35,69,26,82,73" hai1="33,50,66,112,89,81,117,72,76,111,118,47,121" hai2="6,46,2,21,91,123,45,119,135,67,9,52,70" hai3="0,44,11,110,51,34,1,113,131,108,68,124,95"/><U42/><E112/><V132/><F132/><W37/><BYE who="2" /><G68/><T74/><D69/><U43/><E121/><V80/><F80/><W48/><G37/><T83/><D114/><U86/><E111/><N who="3" m="42538" /><G34/><T38/><D38/><U87/><E33/><V126/><F126/><W27/><G124/><T55/><D5/><U130/><E130/><V106/><F106/><W102/><G113/><T62/><D134/><U63/><E86/><V23/><F23/><W79/><G131/><T13/><D13/><U84/><E84/><V116/><F116/><W109/><G109/><T41/><D41/><U15/><E15/><V128/><F128/><W77/><G27/><T28/><D83/><U14/><E14/><V40/><F40/><N who="3" m="24583" /><G51/><T92/><D82/><U125/><E42/><V7/><F7/><N who="3" m="1511" /><G1/><T17/><D17/><U19/><E19/><V20/><F20/><W122/><G122/><T31/><D31/><U107/><E125/><V16/><F16/><W99/><AGARI ba="0,0" hai="77,79,95,99,102" m="1511,24583,42538" machi="99" ten="30,2000,0" yaku="14,1,52,1" doraHai="93" who="3" fromWho="3" sc="250,-5,370,-10,130,-5,250,20" /><INIT seed="2,0,0,3,3,62" ten="245,360,125,270" oya="2" hai0="64,112,82,55,26,41,7,34,43,114,107,3,8" hai1="131,30,38,79,44,97,53,56,66,69,134,71,77" hai2="99,108,11,78,88,123,90,31,39,6,10,86,95" hai3="27,15,119,74,133,120,54,61,126,127,29,20,76"/><V48/><F48/><W73/><G120/><T40/><D107/><U4/><E134/><V94/><F94/><W21/><G119/><T109/><D109/><U9/><E30/><V23/><F23/><W113/><G113/><T17/><D55/><U5/><E131/><V72/><F72/><W46/><G133/><T24/><D82/><U80/><E97/><V85/><F85/><W104/><G104/><T19/><D34/><U117/><E117/><V63/><F63/><W60/><G76/><T129/><D129/><U89/><E71/><V103/><F103/><W14/><G61/><T16/><REACH who="0" step="1"/><D64/><REACH who="0" ten="235,360,125,270" step="2"/><U96/><E66/><V124/><F124/><W91/><G127/><T128/><D128/><U93/><E53/><V92/><F92/><W42/><G126/><T36/><D36/><U98/><E38/><V118/><F118/><W18/><G73/><T28/><D28/><U101/><E80/><V100/><F100/><W2/><G74/><T13/><D13/><U68/><E93/><V81/><F81/><W130/><G2/><T47/><D47/><U111/><E44/><V0/><F0/><W1/><G1/><T116/><D116/><U87/><E101/><V25/><F25/><AGARI ba="0,1" hai="3,7,8,16,17,19,24,25,26,40,41,43,112,114" machi="25" ten="40,2600,0" yaku="1,1,54,1,53,0" doraHai="62" doraHaiUra="83" who="0" fromWho="2" sc="235,36,360,0,125,-26,270,0" /><INIT seed="3,0,0,0,1,135" ten="271,360,99,270" oya="3" hai0="0,106,22,64,58,69,17,125,33,19,110,113,84" hai1="49,98,39,51,77,23,104,79,81,107,93,65,74" hai2="82,108,63,89,57,38,53,119,92,72,124,97,95" hai3="52,18,27,78,11,36,126,40,128,115,7,56,21"/><W4/><G115/><T129/><D106/><U24/><E39/><V71/><F71/><W120/><G128/><T100/><D33/><U91/><E79/><V55/><F55/><W9/><G120/><T26/><D100/><U105/><REACH who="1" step="1"/><E65/><REACH who="1" ten="271,350,99,270" step="2"/><V118/><F118/><W42/><G78/><T109/><D129/><U12/><E12/><V13/><F13/><W116/><G116/><T94/><D64/><U30/><AGARI ba="0,1" hai="23,24,30,49,51,74,77,81,91,93,98,104,105,107" machi="30" ten="30,2000,0" yaku="1,1,0,1,53,0" doraHai="135" doraHaiUra="133" who="1" fromWho="1" sc="271,-5,350,30,99,-5,270,-10" /><INIT seed="4,0,0,1,0,92" ten="266,380,94,260" oya="0" hai0="66,134,64,57,120,80,132,105,94,17,41,110,12" hai1="21,100,81,119,129,97,116,2,68,96,52,38,9" hai2="34,18,35,22,36,30,135,14,104,90,48,124,1" hai3="0,27,37,103,42,71,24,29,25,88,130,69,19"/><T95/><D120/><U47/><E68/><V55/><F55/><W23/><G0/><T8/><D105/><U15/><E129/><V73/><F73/><W78/><G130/><T127/><D41/><U79/><E2/><V43/><F43/><W87/><G78/><T56/><D80/><U101/><E119/><V72/><F72/><W85/><G85/><T91/><D127/><U51/><E38/><V62/><F62/><W6/><G6/><T53/><D95/><U128/><E128/><V82/><F82/><W125/><G125/><T76/><D76/><U122/><E122/><V75/><F75/><W109/><G109/><T70/><D70/><U98/><E21/><V61/><F61/><W46/><G103/><T63/><D110/><U49/><E49/><V16/><F16/><W5/><G5/><T67/><REACH who="0" step="1"/><D57/><REACH who="0" ten="256,380,94,260" step="2"/><U115/><E116/><V58/><F58/><W107/><G107/><T108/><D108/><U13/><E81/><V114/><F114/><W54/><G71/><T40/><D40/><U118/><E79/><V44/><F44/><W93/><G69/><T10/><D10/><U102/><E115/><V83/><F83/><W106/><G106/><T26/><D26/><U74/><E118/><V39/><F39/><W31/><G31/><T89/><D89/><U133/><E74/><V121/><F121/><W123/><G123/><T112/><D112/><U3/><E9/><V45/><F45/><W77/><G77/><T86/><AGARI ba="0,1" hai="8,12,17,53,56,63,64,66,67,86,91,94,132,134" machi="86" ten="30,6000,0" yaku="1,1,0,1,53,1" doraHai="92" doraHaiUra="59" who="0" fromWho="0" sc="256,70,380,-20,94,-20,260,-20" /><INIT seed="4,1,0,2,2,7" ten="326,360,74,240" oya="0" hai0="38,63,77,82,124,44,42,102,123,3,67,45,93" hai1="35,84,69,112,1,90,11,120,109,15,74,47,71" hai2="111,25,110,27,70,95,108,78,0,18,23,4,36" hai3="72,60,133,130,68,99,85,39,117,94,97,10,129"/><T20/><D123/><U79/><E1/><V33/><F33/><W34/><G39/><T30/><D124/><U54/><E120/><V58/><F58/><W126/><G34/><T40/><D3/><U127/><E109/><V21/><F21/><W28/><G72/><T5/><D5/><U41/><E35/><V62/><F62/><W114/><G117/><T75/><D30/><U52/><E71/><V49/><F49/><W57/><G68/><T105/><D20/><U53/><E69/><V122/><F122/><W80/><G28/><T135/><D135/><U2/><E2/><V24/><F24/><W12/><G114/><T61/><D105/><U106/><E106/><V66/><F66/><N who="3" m="39183" /><G94/><T56/><D63/><U134/><E134/><V107/><F107/><W19/><G126/><T91/><D102/><U87/><E74/><V31/><F31/><W88/><G133/><T100/><D100/><U115/><E79/><V119/><F119/><W48/><G130/><T17/><D17/><N who="1" m="8447" /><E127/><V113/><F113/><N who="1" m="43593" /><E90/><V132/><F132/><W121/><G121/><T89/><D91/><U76/><E76/><V55/><F55/><W29/><G129/><T16/><D89/><U125/><E125/><V65/><F65/><W98/><G29/><T92/><D16/><U131/><E131/><V103/><F103/><W86/><G86/><T26/><D26/><U51/><AGARI ba="1,0" hai="41,47,51,52,53,54,84,87" m="43593,8447" machi="51" ten="30,7900,0" yaku="15,1,11,1,52,1,54,1" doraHai="7" who="1" fromWho="1" sc="326,-40,360,82,74,-21,240,-21" /><INIT seed="5,0,0,0,0,55" ten="286,442,53,219" oya="1" hai0="86,90,104,120,110,128,51,129,77,16,48,91,75" hai1="58,35,74,3,134,30,60,76,81,71,130,113,69" hai2="24,9,70,59,50,94,65,114,102,64,95,8,31" hai3="132,36,131,32,53,19,26,88,25,14,106,38,45"/><U79/><E79/><V111/><F111/><W15/><G106/><T20/><D110/><U83/><E83/><V43/><F43/><W34/><G131/><N who="0" m="50251" /><D104/><U5/><E130/><V13/><F13/><W22/><G132/><T33/><D33/><U41/><E113/><V23/><F23/><W2/><G2/><T54/><D120/><U28/><E28/><V72/><F72/><W123/><G123/><T116/><D116/><U68/><E41/><V42/><F42/><W108/><G108/><T63/><D75/><U0/><E5/><V96/><F96/><W21/><G34/><T133/><D133/><U66/><E134/><V100/><F100/><W44/><G32/><T73/><D73/><U109/><E109/><V4/><F4/><W119/><G119/><T118/><D118/><U93/><E93/><V125/><F125/><W85/><G38/><T101/><D101/><U99/><E99/><V115/><F115/><W56/><G36/><T103/><D103/><U7/><E7/><V37/><F37/><W98/><G98/><T121/><D121/><U6/><E6/><V89/><F89/><N who="0" m="33802" /><D86/><U112/><E112/><V18/><F18/><N who="3" m="12471" /><G44/><T29/><D77/><U82/><E82/><V27/><F27/><W127/><G45/><T122/><D122/><U12/><E12/><V1/><F1/><N who="1" m="585" /><E58/><V17/><F17/><W39/><G39/><T78/><D78/><U61/><E61/><V62/><F62/><N who="3" m="36111" /><G127/><T40/><D29/><U67/><E67/><UN n2="%E3%83%AA%E3%82%B5%E3%81%95%E3%81%BE" /><V46/><F46/><W80/><AGARI ba="0,0" hai="14,15,19,22,26,80,85,88" m="36111,12471" machi="80" ten="30,4000,0" yaku="8,1,52,1,54,1" doraHai="55" who="3" fromWho="3" sc="286,-10,442,-20,53,-10,219,40" /><INIT seed="6,0,0,3,1,77" ten="276,422,43,259" oya="2" hai0="45,85,18,8,106,32,65,63,135,49,91,59,117" hai1="15,124,126,22,87,62,43,7,83,40,90,55,86" hai2="130,23,64,58,129,113,116,132,25,16,81,115,17" hai3="24,53,118,71,107,10,125,12,29,30,89,76,21"/><V119/><F119/><W101/><BYE who="2" /><G71/><T80/><D117/><U33/><E33/><V47/><F47/><W11/><G118/><T5/><D106/><U37/><E87/><V82/><F82/><W67/><G125/><N who="1" m="48234" /><E37/><V50/><F50/><W52/><G67/><T97/><D32/><U20/><E7/><V88/><F88/><W112/><G112/><T102/><D135/><U44/><E44/><V99/><F99/><W105/><G30/><T96/><D102/><U79/><E79/><V100/><F100/><W27/><G27/><T92/><D92/><U108/><E108/><V111/><F111/><W114/><G76/><T98/><D98/><U60/><E60/><V2/><F2/><W14/><G89/><T0/><REACH who="0" step="1"/><D18/><REACH who="0" ten="266,422,43,259" step="2"/><U26/><E90/><V109/><F109/><W74/><G114/><T134/><D134/><U56/><E86/><V1/><F1/><W66/><G101/><T73/><D73/><U123/><E123/><V42/><F42/><AGARI ba="0,1" hai="0,5,8,42,45,49,59,63,65,80,85,91,96,97" machi="42" ten="30,7700,0" yaku="1,1,7,1,52,1,53,1" doraHai="77" doraHaiUra="84" who="0" fromWho="2" sc="266,87,422,0,43,-77,259,0" owari="353,15.0,422,52.0,-34,-53.0,259,-14.0" /></mjloggm>