<mjloggm ver="2.3"><GO type="169" lobby="0"/><UN n0="%E5%B0%B1%E6%B4%BB%E7%94%9F%40%E5%B7%9D%E6%9D%91%E8%BB%8D%E5%9B%A3" n1="%E8%A3%95%E7%BE%8E%E5%AD%90" n2="%E3%81%82%E3%81%84%E3%81%A0%E3%81%A6" n3="%E3%81%A6%E3%82%93%E3%81%BD%E3%81%84%E3%82%93%E3%81%A8" dan="16,17,16,16" rate="2107.77,2217.39,2140.63,2093.70" sx="M,F,M,F"/><TAIKYOKU oya="0"/><INIT seed="0,0,0,3,0,96" ten="250,250,250,250" oya="0" hai0="130,23,28,85,63,34,19,60,127,72,80,48,77" hai1="133,69,18,39,45,14,115,110,67,68,117,61,134" hai2="121,81,108,50,36,49,24,129,59,71,105,75,20" hai3="120,111,103,42,106,37,132,100,22,0,98,125,21"/><T56/><D127/><U93/><E117/><V101/><F36/><W53/><G125/><T116/><D130/><U31/><E31/><V104/><F71/><W32/><G32/><T30/><D116/><U2/><E2/><V95/><F121/><W26/><G120/><T8/><D34/><U82/><E82/><V44/><F75/><W58/><G111/><T7/><D72/><U57/><E93/><V16/><F81/><W62/><G132/><N who="1" m="50794" /><E110/><V89/><F129/><W54/><G0/><T119/><D48/><U84/><E84/><V128/><F128/><W10/><G10/><T5/><D63/><U65/><E67/><V40/><F101/><N who="3" m="38987" /><G37/><T135/><D135/><U76/><E76/><V70/><F70/><W38/><G38/><T78/><D78/><U113/><E68/><V122/><F122/><W88/><G106/><T86/><D86/><U126/><E69/><V11/><F11/><W73/><G73/><T97/><D97/><U4/><E4/><N who="0" m="1609" /><D8/><N who="1" m="6471" /><E126/><V41/><F108/><W64/><G42/><AGARI ba="0,0" hai="39,42,45,57,61,65,113,115" m="6471,50794" machi="42" ten="30,1000,0" yaku="20,1" doraHai="96" who="1" fromWho="3" sc="250,0,250,10,250,0,250,-10" /><INIT seed="1,0,0,4,5,84" ten="250,260,250,240" oya="1" hai0="122,11,108,60,104,14,123,96,81,80,77,107,41" hai1="73,18,43,112,82,116,92,5,102,117,56,99,50" hai2="115,66,129,37,33,65,100,106,22,39,49,35,118" hai3="124,25,2,95,9,125,93,42,31,30,32,3,130"/><U90/><E112/><V114/><F118/><W7/><G42/><T121/><D108/><U59/><E5/><V58/><F106/><W75/><G75/><T69/><D41/><U38/><E38/><V12/><F100/><W45/><G45/><T52/><D96/><U57/><E18/><N who="2" m="10567" /><F65/><W131/><G93/><T78/><D81/><U101/><E43/><V88/><F66/><W61/><G61/><T8/><D69/><U10/><E10/><V20/><F20/><N who="3" m="15655" /><G95/><T64/><D64/><U109/><E109/><V53/><F35/><W72/><G72/><T1/><D1/><U103/><REACH who="1" step="1"/><E50/><REACH who="1" ten="250,250,250,240" step="2"/><N who="2" m="31031" /><F39/><W86/><G2/><T19/><D11/><U85/><E85/><V91/><F37/><W128/><G86/><T97/><D121/><U127/><E127/><N who="3" m="48714" /><G31/><T27/><D122/><U71/><E71/><V83/><F49/><W76/><G76/><AGARI ba="0,1" hai="56,57,59,73,76,82,90,92,99,101,102,103,116,117" machi="76" ten="40,7700,0" yaku="1,1,52,1,53,1" doraHai="84" doraHaiUra="94" who="1" fromWho="3" sc="250,0,250,87,250,0,240,-77" /><INIT seed="1,1,0,4,5,62" ten="250,337,250,163" oya="1" hai0="56,133,39,54,37,80,112,127,50,96,76,103,52" hai1="116,91,109,124,84,117,126,61,3,106,42,134,10" hai2="28,40,64,27,48,6,92,59,81,18,63,72,95" hai3="87,1,120,128,97,11,22,123,49,12,31,79,55"/><U38/><E106/><V24/><F6/><W34/><G128/><T19/><D112/><U65/><E134/><V111/><F111/><W7/><G97/><T131/><D131/><U83/><E42/><V53/><F40/><W45/><G79/><T30/><D30/><U98/><E38/><V70/><F72/><W0/><G87/><T8/><D133/><U105/><E10/><V60/><F81/><W102/><G102/><T114/><D114/><U47/><E47/><V21/><REACH who="2" step="1"/><F48/><REACH who="2" ten="250,337,240,163" step="2"/><W88/><G0/><T75/><D127/><N who="1" m="48683" /><E3/><V135/><F135/><W129/><G129/><T26/><D39/><U85/><E109/><V33/><AGARI ba="1,1" hai="18,21,24,27,28,33,53,59,60,63,64,70,92,95" machi="33" ten="20,5200,0" yaku="1,1,0,1,7,1,52,1,53,0" doraHai="62" doraHaiUra="132" who="2" fromWho="2" sc="250,-14,337,-27,240,65,163,-14" /><INIT seed="2,0,0,0,3,88" ten="236,310,305,149" oya="2" hai0="49,57,107,91,122,46,59,65,75,12,125,101,115" hai1="120,22,4,18,15,113,54,11,67,126,32,61,83" hai2="14,33,71,109,27,127,95,131,89,56,13,8,134" hai3="108,50,37,66,1,106,25,39,124,64,3,128,0"/><V60/><F71/><W81/><G106/><T30/><D75/><U73/><E113/><V102/><F134/><W51/><G81/><T28/><D122/><U123/><E126/><V16/><F102/><W9/><G9/><T62/><D115/><U105/><E105/><V100/><F100/><W135/><G25/><T77/><D125/><U74/><E32/><V99/><F127/><W132/><G124/><T55/><D77/><U94/><E54/><V112/><F112/><W86/><G86/><T21/><D107/><U82/><E83/><V24/><F33/><W84/><G84/><T31/><D101/><U42/><E42/><V43/><F43/><W104/><G104/><T53/><D91/><U45/><E45/><V29/><F29/><W98/><G98/><T26/><REACH who="0" step="1"/><D12/><REACH who="0" ten="226,310,305,149" step="2"/><N who="1" m="9543" /><E74/><V44/><F131/><W52/><G128/><T129/><D129/><U41/><E73/><V10/><F109/><W17/><G108/><T7/><D7/><U76/><E76/><V97/><F97/><W63/><G0/><T92/><D92/><U78/><E94/><V58/><F44/><W35/><G1/><T119/><D119/><U85/><E78/><V80/><F80/><W48/><G3/><T103/><D103/><U79/><E82/><V116/><F116/><W117/><G117/><T114/><D114/><U38/><E79/><V40/><F40/><W19/><G132/><T70/><D70/><U6/><E41/><V118/><F118/><W111/><G135/><T68/><D68/><U47/><E120/><V23/><F58/><N who="3" m="35271" /><G111/><T87/><D87/><U5/><E85/><RYUUKYOKU ba="0,1" sc="226,30,310,-10,305,-10,149,-10" hai0="21,26,28,30,31,46,49,53,55,57,59,62,65" /><INIT seed="3,1,1,1,5,14" ten="256,300,295,139" oya="3" hai0="88,17,16,10,81,6,66,65,40,68,26,23,79" hai1="64,102,46,41,37,116,67,96,76,70,45,77,15" hai2="126,36,29,101,58,111,94,61,87,112,84,0,60" hai3="12,30,51,71,31,52,63,43,103,27,72,54,120"/><W28/><G120/><T56/><D68/><U75/><E116/><V48/><F36/><W82/><G72/><T38/><D38/><U13/><E75/><V91/><F0/><W95/><G82/><T83/><D40/><U119/><E119/><V118/><F112/><W5/><G27/><T73/><D56/><U78/><E70/><V109/><F101/><W122/><G122/><T115/><D115/><U1/><E1/><V130/><F130/><W128/><G128/><T108/><D108/><N who="2" m="41546" /><F29/><W22/><G71/><T135/><D135/><U7/><E46/><V129/><F129/><W33/><G33/><T89/><D6/><U39/><E37/><V11/><F11/><N who="3" m="4207" /><G63/><T19/><D10/><U8/><REACH who="1" step="1"/><E15/><REACH who="1" ten="256,290,295,139" step="2"/><V69/><F69/><W59/><G59/><T132/><D132/><U98/><E98/><V74/><F74/><W50/><G22/><T114/><D114/><U4/><E4/><V55/><F118/><W97/><G50/><T24/><D24/><U127/><E127/><V93/><F126/><W3/><G3/><T99/><D99/><U21/><E21/><V110/><F110/><W35/><G35/><T34/><D34/><U125/><E125/><V47/><F58/><W123/><G123/><T100/><D23/><U44/><E44/><AGARI ba="1,2" hai="28,30,31,43,44,51,52,54,95,97,103" m="4207" machi="44" ten="30,2900,0" yaku="8,1,54,1" doraHai="14" who="3" fromWho="1" sc="256,0,290,-32,295,0,139,52" /><INIT seed="3,2,0,3,1,50" ten="256,258,295,191" oya="3" hai0="6,47,104,116,24,34,127,106,99,133,33,19,25" hai1="72,23,53,30,35,83,43,86,90,96,122,28,10" hai2="27,40,100,32,89,29,107,65,67,37,17,111,87" hai3="12,70,97,1,98,110,3,79,117,49,61,115,130"/><W66/><G115/><T118/><D6/><U14/><E122/><V123/><F111/><W56/><G117/><T69/><D69/><U2/><E72/><V48/><F37/><W11/><G130/><T112/><D112/><U54/><E35/><V75/><F75/><W103/><G110/><T18/><D47/><U59/><E2/><V85/><F85/><W63/><G49/><T76/><D76/><U4/><E43/><V132/><F100/><W42/><G79/><T16/><D99/><U46/><E23/><V31/><F107/><N who="0" m="41002" /><D133/><U8/><E10/><V93/><F31/><N who="1" m="11817" /><E46/><V57/><F40/><W9/><G42/><T84/><D84/><U5/><E4/><V113/><F132/><W108/><G108/><T121/><D121/><U102/><E59/><V101/><F101/><W125/><G70/><T94/><D94/><AGARI ba="2,0" hai="5,8,14,53,54,83,86,90,94,96,102" m="11817" machi="94" ten="30,3900,0" yaku="8,1,52,2" doraHai="50" who="1" fromWho="0" sc="256,-45,258,45,295,0,191,0" /><INIT seed="4,0,0,5,2,107" ten="211,303,295,191" oya="0" hai0="112,37,49,58,1,128,66,92,79,20,97,65,101" hai1="16,121,54,74,17,76,52,26,133,91,122,31,110" hai2="62,90,86,32,105,83,41,51,75,113,103,118,38" hai3="46,3,100,87,22,64,68,0,102,39,130,29,114"/><T69/><D37/><U61/><E110/><V85/><F32/><W30/><G68/><T55/><D112/><U115/><E115/><V80/><F118/><W8/><G114/><T48/><D128/><U106/><E106/><V124/><F124/><W15/><G64/><T72/><D1/><U40/><E40/><V56/><F38/><W33/><G87/><T10/><D10/><U7/><E7/><V63/><F75/><W13/><G46/><T88/><D69/><U24/><E133/><V28/><F28/><W123/><G39/><T34/><D34/><U71/><E71/><V82/><F82/><W132/><G100/><T135/><D135/><U119/><E91/><V23/><F23/><W19/><G102/><T44/><D20/><U18/><E119/><V95/><F105/><W93/><G93/><T109/><D109/><U57/><E54/><V36/><F36/><W96/><G96/><T99/><D79/><U47/><E47/><N who="2" m="26095" /><F113/><W116/><G116/><T104/><REACH who="0" step="1"/><D72/><REACH who="0" ten="201,303,295,191" step="2"/><U77/><E76/><N who="2" m="46215" /><F56/><W11/><G132/><T12/><D12/><U120/><REACH who="1" step="1"/><E31/><REACH who="1" ten="201,293,295,191" step="2"/><V35/><F35/><W117/><G117/><T108/><D108/><U27/><E27/><V111/><F111/><W127/><G33/><T25/><D25/><U5/><E5/><V134/><F134/><W14/><G14/><T131/><D131/><U6/><E6/><V81/><F103/><W60/><G130/><T50/><D50/><U126/><E126/><V70/><F70/><W21/><G127/><T53/><AGARI ba="0,2" hai="44,48,49,53,55,58,65,66,88,92,97,99,101,104" machi="53" ten="20,12000,1" yaku="1,1,0,1,7,1,54,1,53,1" doraHai="107" doraHaiUra="89" who="0" fromWho="0" sc="201,140,293,-40,295,-40,191,-40" /><INIT seed="4,1,0,4,0,5" ten="341,253,255,151" oya="0" hai0="93,63,73,34,31,88,21,78,48,33,53,114,13" hai1="127,130,100,45,52,12,112,18,121,109,91,9,24" hai2="30,104,6,20,66,80,85,133,117,111,22,60,35" hai3="84,4,120,131,36,107,26,103,125,23,101,59,28"/><T37/><D37/><U51/><E109/><V7/><F111/><W83/><G131/><T128/><D128/><U50/><E130/><V67/><F104/><W64/><G125/><T29/><D114/><U90/><E127/><V129/><F35/><W2/><G36/><T76/><D34/><U69/><E69/><V135/><F129/><W0/><G120/><T54/><D33/><U89/><E112/><V115/><F115/><W98/><G103/><T74/><D74/><U56/><E121/><V126/><F126/><W65/><G59/><N who="0" m="35311" /><D73/><U15/><E100/><V96/><F96/><W68/><G68/><T86/><D31/><U19/><E24/><V87/><F30/><W17/><G28/><T58/><D29/><U81/><E81/><V94/><F80/><W41/><G41/><T14/><D13/><U8/><E91/><V71/><F71/><W47/><G47/><T113/><D113/><U43/><AGARI ba="1,0" hai="8,9,12,15,18,19,43,45,50,51,52,56,89,90" machi="43" ten="20,12000,2" yaku="0,1,7,1,9,1,8,1,52,2,54,1" doraHai="5" who="1" fromWho="1" sc="341,-61,253,123,255,-31,151,-31" /><INIT seed="5,0,0,2,1,101" ten="280,376,224,120" oya="1" hai0="0,21,40,4,107,23,38,52,71,10,5,79,125" hai1="41,26,77,60,96,90,20,44,82,111,11,46,86" hai2="6,24,1,76,129,100,72,122,14,64,9,3,124" hai3="57,102,130,80,37,36,62,99,54,39,110,75,15"/><U83/><E111/><V45/><F122/><W104/><G110/><T59/><D71/><U97/><E60/><V28/><F64/><W51/><G130/><T117/><D117/><U126/><E46/><V113/><F129/><W135/><G135/><T127/><D79/><U116/><E126/><N who="0" m="48137" /><D4/><U118/><E11/><V55/><F124/><W134/><G134/><T89/><D107/><U87/><E116/><V73/><F100/><W58/><G15/><T131/><D131/><U92/><E92/><V17/><F76/><W105/><G75/><T70/><D70/><U88/><E77/><V8/><F3/><W63/><G80/><T16/><D89/><U12/><E12/><V69/><F69/><W25/><G25/><N who="0" m="14503" /><D23/><U47/><E118/><V49/><REACH who="2" step="1"/><F113/><REACH who="2" ten="280,376,214,120" step="2"/><W74/><G74/><T43/><D38/><U120/><E120/><V53/><F53/><W7/><G7/><T85/><D85/><U132/><E132/><V119/><F119/><W2/><G2/><T61/><AGARI ba="0,1" hai="0,5,10,40,43,52,59,61" m="14503,48137" machi="61" ten="30,4000,0" yaku="18,1,54,2" doraHai="101" who="0" fromWho="0" sc="280,50,376,-20,214,-10,120,-10" /><INIT seed="6,0,0,0,5,123" ten="330,356,204,110" oya="2" hai0="51,122,133,124,33,105,74,37,96,62,70,114,131" hai1="93,85,104,87,118,79,108,73,41,117,130,98,90" hai2="32,82,38,76,121,128,113,80,97,102,135,53,81" hai3="5,103,0,12,48,72,31,25,3,40,55,64,36"/><V14/><F121/><W59/><G72/><T120/><D51/><U47/><E41/><V65/><F32/><W8/><G103/><T10/><D62/><U50/><E130/><V94/><F38/><W61/><G36/><T11/><D11/><U34/><E34/><V16/><F128/><W15/><G40/><T2/><D10/><U20/><E20/><V116/><F65/><W44/><REACH who="3" step="1"/><G3/><REACH who="3" ten="330,356,204,100" step="2"/><T66/><D120/><U132/><E73/><V106/><F116/><W111/><G111/><T18/><D74/><U54/><E108/><V125/><F106/><W101/><G101/><T42/><D2/><U69/><E104/><V77/><F125/><W127/><G127/><T58/><D42/><U27/><E117/><V9/><F135/><W75/><G75/><T24/><D105/><U129/><E132/><V46/><F113/><W22/><AGARI ba="0,1" hai="0,5,8,12,15,22,25,31,44,48,55,59,61,64" machi="22" ten="20,2700,0" yaku="1,1,0,1,7,1,53,0" doraHai="123" doraHaiUra="83" who="3" fromWho="3" sc="330,-7,356,-7,204,-13,100,37" /><INIT seed="7,0,0,1,0,127" ten="323,349,191,137" oya="3" hai0="77,24,29,57,66,8,82,110,108,1,100,38,86" hai1="119,28,70,116,31,53,54,58,130,71,15,98,23" hai2="46,97,19,91,39,12,64,36,32,132,20,0,106" hai3="131,72,120,4,80,105,69,111,124,88,107,47,121"/><W37/><G69/><T52/><D38/><U27/><E130/><V103/><F0/><W79/><G124/><T117/><D117/><N who="1" m="45131" /><E31/><V133/><F32/><W34/><G34/><T104/><D66/><U94/><E15/><V115/><F115/><W78/><G78/><T35/><D104/><U118/><E118/><V93/><F64/><W44/><G44/><T48/><REACH who="0" step="1"/><D100/><REACH who="0" ten="313,349,191,137" step="2"/><N who="1" m="60503" /><E54/><V87/><F39/><W128/><G111/><T101/><D101/><U76/><E76/><V113/><F106/><N who="3" m="40459" /><G88/><T125/><D125/><U74/><E74/><V84/><F103/><W99/><G99/><T22/><D22/><U83/><E83/><V3/><F97/><W49/><G4/><AGARI ba="0,1" hai="1,4,8,24,29,35,48,52,57,77,82,86,108,110" machi="4" ten="40,5200,0" yaku="1,1,54,1,53,1" doraHai="127" doraHaiUra="50" who="0" fromWho="3" sc="313,62,349,0,191,0,137,-52" owari="375,47.0,349,15.0,191,-21.0,85,-41.0" /></mjloggm>