<mjloggm ver="2.3"><GO type="41" lobby="0"/><UN n0="%E5%B0%B1%E6%B4%BB%E7%94%9F%40%E5%B7%9D%E6%9D%91%E8%BB%8D%E5%9B%A3" n1="%6B%6B%6B%6B%34" n2="%E3%82%AD%E3%83%A3%E3%83%90%E3%82%AF%E3%83%A9%E5%B9%95%E5%BA%9C" n3="%E8%87%AA%E5%AE%A4%E3%82%AD%E3%83%BC%E3%83%91%E3%83%BC" dan="16,15,15,14" rate="2176.43,1979.79,1988.97,1898.27" sx="M,M,M,M"/><TAIKYOKU oya="0"/><INIT seed="0,0,0,4,4,45" ten="250,250,250,250" oya="0" hai0="120,50,124,106,14,98,109,107,58,10,96,16,21" hai1="128,119,127,8,29,91,129,54,95,61,94,55,52" hai2="59,70,74,121,90,101,41,93,78,1,66,117,65" hai3="32,104,89,42,102,88,38,12,110,34,116,75,57"/><T125/><D120/><U64/><E119/><V43/><F1/><W85/><G116/><T100/><D109/><U71/><E29/><V126/><F117/><W37/><G110/><T36/><D36/><U19/><E127/><N who="0" m="48713" /><D10/><U76/><E76/><V53/><F126/><W60/><G75/><T68/><D68/><U79/><E79/><V92/><F121/><W15/><G102/><T82/><D82/><U133/><E133/><V44/><F70/><W99/><G104/><N who="0" m="39979" /><D100/><U86/><E95/><V49/><F74/><W26/><G99/><T56/><D56/><U80/><E80/><V6/><F101/><W30/><G34/><T4/><D4/><U2/><E2/><V22/><F6/><W69/><G69/><T115/><D115/><U13/><AGARI ba="0,0" hai="8,13,19,52,54,55,61,64,71,86,91,94,128,129" machi="13" ten="30,2000,0" yaku="0,1,54,1" doraHai="45" who="1" fromWho="1" sc="250,-10,250,20,250,-5,250,-5" /><INIT seed="1,0,0,1,5,42" ten="240,270,245,245" oya="1" hai0="85,99,7,47,84,115,30,116,59,18,13,49,121" hai1="101,66,15,90,63,32,43,118,28,9,60,117,97" hai2="128,133,65,70,114,103,109,120,68,40,73,81,132" hai3="108,48,51,4,98,3,93,52,131,5,94,72,36"/><U20/><E60/><V67/><F120/><W21/><G108/><T89/><D116/><U86/><E43/><V19/><F103/><W129/><G72/><T35/><D121/><U111/><E111/><V8/><F73/><W91/><G36/><T71/><D115/><U41/><E20/><V74/><F74/><W130/><G21/><T92/><D71/><N who="2" m="27178" /><F81/><W6/><G3/><T112/><D112/><U16/><E41/><V124/><F114/><W104/><G104/><T78/><D7/><U110/><E110/><V127/><F109/><W102/><REACH who="3" step="1"/><G52/><REACH who="3" ten="240,270,245,235" step="2"/><T55/><D35/><U11/><E11/><V31/><F8/><W58/><G58/><T57/><D30/><U87/><E118/><V96/><F40/><W76/><G76/><T56/><D78/><U61/><E117/><V82/><F65/><W123/><G123/><T12/><D12/><U53/><E28/><V14/><F67/><W0/><G0/><T83/><D83/><U77/><E32/><V95/><F82/><W135/><G135/><T45/><D45/><U50/><E66/><V107/><F132/><W17/><G17/><T26/><D26/><U64/><E64/><V80/><F80/><W79/><G79/><T10/><AGARI ba="0,1" hai="10,13,18,47,49,55,56,57,59,84,85,89,92,99" machi="10" ten="30,4000,0" yaku="0,1,8,1,52,1" doraHai="42" who="0" fromWho="0" sc="240,50,270,-20,245,-10,235,-10" /><INIT seed="2,0,0,0,4,90" ten="290,250,235,225" oya="2" hai0="22,34,48,115,94,26,24,88,23,98,11,97,33" hai1="84,35,71,58,51,110,82,42,135,49,66,54,85" hai2="81,56,103,65,25,100,64,12,68,32,72,39,96" hai3="36,93,16,109,53,131,8,87,91,116,46,29,80"/><V76/><F39/><W30/><G116/><T50/><D115/><U102/><E35/><V74/><F68/><W120/><G120/><T27/><D34/><U83/><E110/><V19/><F74/><W18/><G109/><T5/><D33/><U77/><E102/><V15/><F103/><W105/><G105/><T59/><D98/><U130/><E130/><V114/><F114/><W37/><G131/><T128/><D128/><U118/><E135/><V6/><F6/><W28/><G80/><T129/><D129/><U7/><E118/><V1/><F1/><W69/><G69/><T14/><D59/><U10/><E71/><V2/><F2/><W124/><G124/><T47/><REACH who="0" step="1"/><D50/><REACH who="0" ten="280,250,235,225" step="2"/><U126/><E126/><V133/><F56/><W79/><G36/><T31/><D31/><U4/><E66/><V40/><F133/><W44/><G37/><T127/><D127/><U43/><E49/><V9/><F32/><W95/><G46/><T3/><D3/><U108/><E108/><V61/><F65/><W73/><G44/><T122/><D122/><U78/><E10/><V67/><F67/><W55/><G8/><T38/><D38/><U41/><AGARI ba="0,1" hai="4,7,41,42,43,51,54,58,77,78,82,83,84,85" machi="41" ten="30,4000,0" yaku="0,1,9,1,8,1" doraHai="90" who="1" fromWho="1" sc="280,-10,250,50,235,-20,225,-10" /><INIT seed="3,0,0,3,1,14" ten="270,300,215,215" oya="3" hai0="1,73,106,91,127,0,125,74,93,58,133,108,24" hai1="70,17,114,16,21,30,83,88,79,96,57,82,98" hai2="33,77,69,72,19,118,4,18,116,107,56,75,81" hai3="3,22,31,101,129,61,87,113,78,51,49,60,62"/><W124/><G113/><T8/><D106/><U25/><E70/><V10/><F69/><W44/><G3/><N who="0" m="1099" /><D133/><U109/><E109/><V42/><F33/><W28/><G101/><T131/><D131/><U100/><E114/><V117/><F107/><W67/><G129/><T89/><D108/><U40/><E40/><V35/><F35/><W39/><G124/><N who="0" m="47691" /><D8/><U9/><E9/><V5/><F42/><W103/><G103/><T132/><D132/><U12/><E12/><V134/><F134/><W50/><G39/><T59/><D24/><U126/><E126/><V120/><F120/><W45/><G67/><T92/><D59/><U7/><E7/><V119/><F119/><W112/><G112/><T90/><D58/><U11/><E11/><V23/><F56/><W54/><G22/><T130/><D130/><U29/><E29/><N who="3" m="11338" /><G54/><T66/><D66/><U76/><E57/><V99/><F10/><W47/><G87/><T71/><D71/><U53/><E53/><V95/><F117/><W80/><G80/><N who="1" m="30762" /><E100/><V32/><F118/><W37/><G37/><T36/><D36/><U43/><E43/><V6/><F116/><W48/><N who="3" m="12288" /><DORA hai="20" /><W122/><G122/><T26/><D26/><U41/><E41/><V34/><F34/><W15/><G15/><T115/><D115/><U13/><E13/><V65/><F32/><W38/><G38/><T135/><D135/><U110/><E110/><V64/><F64/><W85/><G85/><T105/><D105/><U94/><E98/><V46/><F65/><W52/><G52/><T104/><D104/><U111/><E111/><RYUUKYOKU ba="0,0" sc="270,10,300,10,215,-30,215,10" hai0="73,74,89,90,91,92,93" hai1="16,17,21,25,30,76,79,88,94,96" hai3="44,45,47,60,61,62,78" /><INIT seed="3,1,0,2,5,121" ten="280,310,185,225" oya="3" hai0="58,4,59,50,12,106,67,103,7,43,113,65,110" hai1="105,51,2,101,97,107,115,74,86,114,48,33,85" hai2="73,130,8,40,13,94,18,64,96,62,56,116,35" hai3="108,22,9,20,128,61,19,47,26,57,123,17,46"/><W41/><G123/><T23/><D110/><U68/><E33/><V78/><F116/><W100/><G128/><T39/><D113/><U90/><E2/><V32/><F130/><W79/><G79/><T133/><D133/><U87/><E68/><V31/><F40/><W54/><G100/><T11/><D39/><U10/><E10/><V29/><F35/><W135/><G135/><T132/><D132/><U66/><E66/><N who="0" m="25097" /><D106/><U117/><E117/><V127/><F127/><W14/><G108/><T99/><D7/><U91/><E51/><V111/><F111/><W30/><REACH who="3" step="1"/><G41/><REACH who="3" ten="280,310,185,215" step="2"/><T93/><D23/><U27/><E115/><V1/><F78/><W70/><G70/><T81/><D81/><U119/><E119/><V126/><F126/><W71/><G71/><T21/><D21/><U37/><E114/><V0/><F73/><W118/><G118/><T52/><D43/><U24/><E74/><V134/><F134/><W89/><G89/><T42/><D42/><U45/><E91/><V104/><F32/><W120/><G120/><T3/><D3/><U15/><E90/><V72/><F72/><W44/><G44/><AGARI ba="1,1" hai="4,11,12,44,50,52,58,59,93,99,103" m="25097" machi="44" ten="30,2000,0" yaku="8,1,54,1" doraHai="121" who="0" fromWho="3" sc="280,33,310,0,185,0,215,-23" /><INIT seed="4,0,0,4,0,20" ten="313,310,185,192" oya="0" hai0="37,81,105,54,41,17,29,10,52,76,32,67,134" hai1="0,92,121,91,84,75,5,49,9,123,42,119,124" hai2="108,93,38,28,1,89,35,2,56,125,47,131,72" hai3="30,51,39,117,71,36,64,88,50,61,83,99,95"/><T19/><D105/><U101/><E119/><V128/><F108/><W127/><G117/><T57/><D134/><U122/><E75/><V45/><F72/><W113/><G113/><T130/><D130/><N who="2" m="49706" /><F125/><W82/><G127/><T110/><D110/><U31/><E124/><V15/><F15/><W46/><G30/><T12/><D37/><U53/><E42/><N who="2" m="22743" /><F56/><W26/><G36/><T79/><D41/><U135/><E135/><V85/><F47/><W78/><G39/><T104/><D104/><U16/><E101/><V48/><F48/><W33/><G78/><T132/><D132/><U55/><E31/><V116/><F116/><W25/><G33/><T34/><D67/><U97/><E97/><V96/><F96/><W80/><REACH who="3" step="1"/><G51/><REACH who="3" ten="313,310,185,182" step="2"/><N who="0" m="30879" /><D29/><U40/><E49/><V73/><F73/><W8/><G8/><T118/><D34/><U14/><REACH who="1" step="1"/><E40/><AGARI ba="0,1" hai="25,26,40,46,50,61,64,71,80,82,83,88,95,99" machi="40" ten="40,8000,1" yaku="1,1,52,2,54,1,53,1" doraHai="20" doraHaiUra="63" who="3" fromWho="1" sc="313,0,310,-80,185,0,182,90" /><INIT seed="5,0,0,5,1,128" ten="313,230,185,272" oya="1" hai0="12,55,127,49,83,78,54,113,81,44,40,87,82" hai1="10,20,120,45,107,110,72,46,97,62,30,35,69" hai2="74,131,132,94,27,5,31,114,133,125,64,19,32" hai3="126,86,0,96,28,59,135,4,76,79,134,23,88"/><U115/><E120/><V1/><F74/><W51/><G126/><T39/><D113/><U33/><E115/><V6/><F114/><W130/><G130/><T67/><D127/><U99/><E72/><V129/><F64/><W100/><G4/><N who="2" m="1641" /><F125/><W25/><G0/><T14/><D67/><U68/><E10/><V34/><F94/><N who="3" m="54551" /><G51/><T57/><D55/><U73/><E73/><V47/><F47/><W38/><G59/><T50/><D39/><U91/><E20/><N who="2" m="13727" /><F1/><W80/><G38/><T119/><D119/><U104/><E91/><V71/><F71/><W17/><G80/><AGARI ba="0,0" hai="12,14,40,44,49,50,54,57,78,80,81,82,83,87" machi="80" ten="40,1300,0" yaku="8,1" doraHai="128" who="0" fromWho="3" sc="313,13,230,0,185,0,272,-13" /><INIT seed="6,0,0,5,5,38" ten="326,230,185,259" oya="2" hai0="135,90,103,102,65,113,118,127,44,16,27,74,32" hai1="131,9,24,129,115,20,22,93,47,25,76,80,64" hai2="60,46,26,45,100,14,67,96,53,37,81,68,18" hai3="89,95,91,88,13,69,33,6,54,123,128,62,0"/><V71/><F71/><W134/><G123/><T108/><D74/><U58/><E93/><V86/><F26/><W40/><G0/><T2/><D108/><U125/><E9/><V59/><F37/><W48/><G33/><T84/><D2/><U70/><E70/><V10/><F67/><W119/><G119/><T57/><D127/><U110/><E110/><V117/><F68/><W130/><G134/><T87/><D87/><U51/><E125/><V120/><F120/><W98/><G62/><N who="0" m="38095" /><D32/><U36/><E36/><V43/><F117/><W78/><G78/><T56/><D135/><U52/><E115/><V7/><F7/><W29/><G29/><T94/><D44/><U124/><E124/><V42/><F46/><N who="3" m="25671" /><G54/><T133/><D133/><U106/><E106/><V107/><REACH who="2" step="1"/><F45/><REACH who="2" ten="326,230,175,259" step="2"/><W5/><G69/><T77/><D113/><U132/><E132/><V49/><F49/><W116/><G116/><T11/><D118/><U28/><E64/><V99/><F99/><W79/><G5/><T73/><D56/><U112/><E58/><V17/><F17/><W126/><G126/><T83/><D27/><U75/><REACH who="1" step="1"/><E112/><REACH who="1" ten="326,220,175,259" step="2"/><V23/><F23/><W31/><G95/><T85/><D94/><U61/><E61/><V4/><F4/><W50/><G6/><T30/><D11/><U41/><E41/><V122/><F122/><W72/><G50/><T15/><D83/><U104/><E104/><V105/><F105/><W39/><G39/><T63/><D63/><U92/><E92/><V101/><F101/><W8/><G98/><T82/><D103/><U55/><E55/><RYUUKYOKU ba="0,2" sc="326,-15,220,15,175,15,259,-15" hai1="20,22,24,25,28,47,51,52,75,76,80,129,131" hai2="10,14,18,42,43,53,59,60,81,86,96,100,107" /><INIT seed="6,1,2,2,5,31" ten="311,235,190,244" oya="2" hai0="59,43,48,84,98,87,50,109,97,129,119,11,72" hai1="49,27,17,135,40,117,36,81,96,42,77,110,104" hai2="69,78,21,4,131,107,20,53,68,128,19,127,6" hai3="100,35,134,103,92,118,116,15,44,12,93,132,16"/><V108/><F127/><W115/><G115/><T73/><D109/><U82/><E110/><V41/><F41/><W25/><G44/><T133/><D133/><U105/><E117/><V51/><F107/><W91/><G25/><T2/><D129/><N who="2" m="49738" /><F78/><W94/><G91/><T58/><D43/><U121/><E135/><N who="3" m="51754" /><G35/><T114/><D11/><U22/><E121/><V9/><F108/><W47/><G47/><T88/><D88/><U75/><E36/><V71/><F19/><W76/><G76/><T120/><D2/><U106/><E82/><V45/><F6/><W65/><G65/><T125/><D125/><U52/><REACH who="1" step="1"/><E96/><REACH who="1" ten="311,225,190,244" step="2"/><V55/><F55/><W102/><G16/><T34/><D119/><AGARI ba="1,3" hai="12,15,92,93,94,100,102,103,116,118,119" m="51754" machi="119" ten="40,5200,0" yaku="28,2,20,1" doraHai="31" who="3" fromWho="0" sc="311,-55,225,0,190,0,244,85" /><INIT seed="7,0,0,3,0,133" ten="256,225,190,329" oya="3" hai0="61,7,85,82,96,93,14,86,39,121,26,70,71" hai1="105,134,88,115,131,29,6,41,76,130,110,31,12" hai2="101,42,111,33,43,19,37,118,100,35,117,124,21" hai3="81,94,1,68,109,56,24,13,3,108,28,114,11"/><W67/><G114/><T25/><D39/><U16/><E110/><N who="3" m="42602" /><G68/><T113/><D113/><U17/><E105/><V5/><F111/><W45/><G45/><T62/><D71/><U18/><E134/><V75/><F75/><W129/><G129/><N who="1" m="49162" /><E115/><V83/><F5/><N who="3" m="3311" /><G94/><T27/><D70/><U106/><E106/><V9/><F9/><W20/><G81/><T23/><D121/><U22/><E76/><V112/><F112/><W50/><G50/><T135/><D135/><U54/><E41/><V15/><F83/><W77/><G77/><N who="0" m="46287" /><D86/><U10/><E88/><V119/><F37/><W48/><G48/><T95/><D95/><U60/><E54/><V78/><F78/><W63/><AGARI ba="0,0" hai="1,3,20,24,28,56,63,67" m="3311,42602" machi="63" ten="30,1500,0" yaku="10,1" doraHai="133" who="3" fromWho="3" sc="256,-5,225,-5,190,-5,329,15" owari="251,5.0,220,-18.0,185,-31.0,344,44.0" /></mjloggm>