<mjloggm ver="2.3"><GO type="97" lobby="0"/><UN n0="%E3%81%B9%E3%81%91%E3%82%93" n1="%E9%BB%92%E6%9F%B3" n2="%55%4E%4B%4F%63%68%61%6E" n3="%E5%B0%B1%E6%B4%BB%E7%94%9F%40%E5%B7%9D%E6%9D%91%E8%BB%8D%E5%9B%A3" dan="15,14,16,15" rate="2014.99,1907.60,2056.37,2058.93" sx="M,M,M,M"/><TAIKYOKU oya="0"/><INIT seed="0,0,0,4,2,125" ten="250,250,250,250" oya="0" hai0="31,67,11,114,13,57,9,82,96,109,81,24,129" hai1="107,122,78,106,60,120,71,43,51,17,56,94,7" hai2="132,95,1,42,32,84,124,64,98,21,103,75,36" hai3="119,3,87,35,41,30,55,62,105,86,99,72,23"/><T29/><D114/><U101/><E71/><V92/><F32/><W5/><G72/><T85/><D109/><U61/><E78/><V58/><F75/><W45/><G35/><T12/><D96/><U63/><E7/><V52/><F124/><W134/><G134/><T38/><D38/><U69/><E69/><V37/><F1/><W91/><G119/><T115/><D115/><U76/><E76/><V126/><F132/><W39/><G3/><T22/><D129/><U73/><E73/><V18/><F64/><W112/><G112/><T104/><D104/><U40/><E17/><V131/><F131/><W100/><G5/><N who="0" m="3119" /><D29/><U27/><E27/><V108/><F108/><W130/><G130/><T6/><D85/><U66/><E120/><V4/><F4/><W88/><G87/><T48/><D48/><U80/><E122/><V117/><F117/><W118/><G118/><T53/><D53/><U83/><E107/><V116/><F42/><N who="1" m="15913" /><E106/><V16/><F116/><W28/><G86/><T127/><D127/><U79/><E79/><V133/><F133/><W65/><G55/><T44/><D44/><U77/><E77/><V33/><F33/><W70/><REACH who="3" step="1"/><G30/><REACH who="3" ten="250,250,250,240" step="2"/><T102/><D31/><U97/><E66/><V14/><F126/><W34/><G34/><T111/><D6/><U128/><E128/><V54/><F54/><AGARI ba="0,1" hai="51,54,56,60,61,63,80,83,94,97,101" m="15913" machi="54" ten="30,1000,0" yaku="8,1" doraHai="125" who="1" fromWho="2" sc="250,0,250,20,250,-10,240,0" /><INIT seed="1,0,0,1,2,122" ten="250,270,240,240" oya="1" hai0="93,39,109,36,37,49,19,44,66,31,58,45,13" hai1="107,61,131,113,82,85,32,114,46,9,57,135,75" hai2="38,60,110,21,63,27,128,70,120,91,16,97,72" hai3="52,59,98,50,90,89,7,103,127,78,0,29,95"/><U42/><E75/><V115/><F120/><W51/><G127/><T4/><D4/><U20/><E107/><V101/><F128/><W108/><G108/><T3/><D3/><U15/><E32/><V77/><F115/><W67/><G67/><T22/><D109/><U41/><E131/><V18/><F110/><W33/><G78/><T56/><D31/><U86/><E135/><V26/><F38/><W30/><G33/><T117/><D117/><U88/><E20/><V84/><F70/><W64/><G64/><T62/><REACH who="0" step="1"/><D93/><REACH who="0" ten="240,270,240,240" step="2"/><U10/><E113/><V125/><F125/><W17/><G7/><T81/><D81/><U28/><E114/><V92/><F72/><W34/><G34/><T43/><D43/><U100/><E28/><N who="3" m="10858" /><G0/><T123/><D123/><U23/><E86/><V106/><F77/><W5/><G5/><T99/><D99/><U129/><E129/><V105/><F105/><W116/><G116/><T111/><D111/><U2/><E2/><V55/><F55/><AGARI ba="0,1" hai="13,19,22,36,37,39,44,45,49,55,56,58,62,66" machi="55" ten="40,2600,0" yaku="1,1,53,1" doraHai="122" doraHaiUra="12" who="0" fromWho="2" sc="240,36,270,0,240,-26,240,0" /><INIT seed="2,0,0,4,2,118" ten="276,270,214,240" oya="2" hai0="21,6,121,22,75,43,35,18,135,39,61,88,112" hai1="5,128,55,28,53,40,113,45,50,71,115,103,36" hai2="134,104,68,116,15,127,26,48,37,105,92,107,25" hai3="7,10,94,91,46,2,132,117,84,70,59,19,47"/><V123/><F116/><W79/><G117/><T87/><D112/><N who="1" m="43083" /><E28/><V82/><F37/><W80/><G70/><T57/><D75/><U3/><E3/><V65/><F127/><W109/><G109/><T8/><D35/><U0/><E0/><V58/><F134/><W13/><G132/><T90/><D121/><U33/><E33/><V4/><F68/><W78/><G78/><T11/><D135/><U83/><E5/><V32/><F123/><W16/><G59/><T101/><D101/><U130/><E103/><V77/><F92/><W98/><REACH who="3" step="1"/><G19/><REACH who="3" ten="276,270,214,230" step="2"/><T131/><D18/><U41/><E83/><V120/><F120/><W49/><G49/><T99/><D57/><N who="1" m="32951" /><E71/><V38/><F82/><W73/><G73/><T97/><D39/><U86/><E86/><V89/><F38/><W56/><G56/><T51/><D87/><U95/><E95/><V42/><F77/><W24/><G24/><T64/><D51/><N who="1" m="29167" /><E36/><V62/><F26/><W129/><G129/><AGARI ba="0,1" hai="40,41,128,129,130" m="29167,32951,43083" machi="129" ten="30,3900,0" yaku="19,1,34,2" doraHai="118" who="1" fromWho="3" sc="276,0,270,49,214,0,230,-39" /><INIT seed="3,0,0,0,1,83" ten="276,319,214,191" oya="3" hai0="113,129,57,26,27,119,9,98,20,38,44,110,71" hai1="95,29,112,50,8,97,2,82,94,4,73,51,60" hai2="25,52,13,81,22,31,39,107,93,80,122,105,53" hai3="16,56,42,128,118,124,64,91,100,30,0,76,66"/><W75/><G0/><T6/><D119/><U132/><E112/><V65/><F39/><W17/><G118/><T67/><D71/><U106/><E132/><V18/><F122/><W120/><G120/><T96/><D113/><U10/><E106/><V103/><F105/><W47/><G128/><T121/><D121/><U116/><E116/><V19/><F107/><W89/><G124/><T15/><D110/><U115/><E115/><V40/><F40/><W78/><G30/><T102/><D129/><U88/><E29/><V114/><F65/><N who="3" m="25195" /><G100/><T32/><D32/><U55/><E10/><V43/><F43/><W108/><G75/><T54/><D38/><U79/><REACH who="1" step="1"/><E95/><REACH who="1" ten="276,309,214,191" step="2"/><V1/><F114/><W126/><G126/><T21/><D9/><U130/><E130/><V68/><F31/><W28/><G108/><T74/><D21/><U63/><E63/><V46/><F22/><W135/><G28/><T123/><D20/><U87/><E87/><V61/><F61/><W24/><G135/><T34/><D74/><U92/><E92/><V58/><F93/><W70/><G70/><T23/><D34/><U12/><E12/><V111/><F13/><W101/><G101/><T41/><D102/><U33/><E33/><V104/><F68/><W84/><G56/><AGARI ba="0,1" hai="2,4,8,50,51,55,56,60,73,79,82,88,94,97" machi="56" ten="40,2600,0" yaku="1,1,54,1,53,0" doraHai="83" doraHaiUra="36" who="1" fromWho="3" sc="276,0,309,36,214,0,191,-26" owari="276,8.0,345,44.0,214,-19.0,165,-33.0" /></mjloggm>