<mjloggm ver="2.3"><GO type="225" lobby="0"/><UN n0="%6D%6F%6B%61%2D" n1="%6D%61%67%61%72%69" n2="%E6%9C%B1%E9%B7%BA%E6%88%B8%E3%81%97%E3%82%93%E3%82%84" n3="%E3%82%A6%E3%83%AB%E3%83%88%E3%83%A9%E7%AB%8B%E7%9B%B4" dan="16,16,16,17" rate="2115.30,2073.29,2022.03,2145.03" sx="M,M,M,M"/><TAIKYOKU oya="0"/><INIT seed="0,0,0,1,1,86" ten="250,250,250,250" oya="0" hai0="118,82,61,117,50,52,48,109,94,99,66,63,78" hai1="72,41,103,21,58,44,19,88,76,31,20,25,116" hai2="81,3,111,30,71,23,124,8,114,36,69,24,12" hai3="68,7,127,26,96,74,0,125,122,107,113,101,130"/><T65/><D109/><U133/><E116/><V115/><F111/><W47/><G113/><T40/><D118/><U64/><E133/><V120/><F120/><W112/><G112/><T132/><D117/><U59/><E103/><V1/><F36/><W34/><G130/><T16/><D132/><U18/><E64/><N who="0" m="24681" /><D40/><U93/><E76/><V83/><F124/><N who="3" m="47691" /><G68/><T128/><D128/><U2/><E2/><V79/><F1/><W22/><G74/><T100/><D82/><U92/><E92/><V17/><F3/><W57/><G122/><T80/><D80/><U84/><E72/><V46/><F83/><W28/><G57/><N who="0" m="32919" /><D78/><U77/><E77/><V51/><F71/><W106/><G47/><T42/><D16/><N who="1" m="6187" /><E21/><V9/><F69/><W95/><G34/><T75/><D75/><U15/><E15/><V27/><F12/><W104/><G0/><T4/><D4/><AGARI ba="0,0" hai="4,7,22,26,28,95,96,101,104,106,107" m="47691" machi="4" ten="40,1300,0" yaku="18,1" doraHai="86" who="3" fromWho="0" sc="250,-13,250,0,250,0,250,13" /><INIT seed="1,0,0,3,4,74" ten="237,250,250,263" oya="1" hai0="93,6,30,10,117,49,125,32,63,88,72,22,85" hai1="130,11,78,128,55,61,57,27,95,104,116,111,84" hai2="60,87,71,121,113,79,26,33,65,134,25,31,47" hai3="18,100,123,21,9,66,38,102,131,19,54,99,64"/><U24/><E104/><V53/><F121/><W107/><G38/><T39/><D39/><U56/><E116/><V69/><F134/><W12/><G123/><T17/><D72/><U36/><E36/><V48/><F113/><W91/><G131/><N who="1" m="50218" /><E111/><V82/><REACH who="2" step="1"/><F71/><REACH who="2" ten="237,250,240,263" step="2"/><W67/><G107/><T68/><D68/><U92/><E11/><V15/><F15/><N who="3" m="9471" /><G54/><T4/><D10/><U2/><E2/><V80/><F80/><W77/><G66/><T86/><D117/><U75/><E75/><V43/><F43/><W126/><G67/><T73/><D73/><U42/><E42/><V90/><F90/><W0/><G64/><T23/><D88/><N who="1" m="53255" /><E95/><V58/><F58/><W96/><G0/><T103/><D93/><U40/><E40/><V120/><F120/><W28/><G9/><T7/><D125/><U34/><E34/><V135/><F135/><W70/><G126/><T122/><D32/><U46/><E46/><V29/><F29/><W8/><G28/><T50/><D30/><U129/><E129/><V76/><F76/><W109/><G77/><T37/><D122/><U119/><E119/><V105/><F105/><N who="3" m="63623" /><G91/><T35/><D35/><U118/><E118/><V5/><F5/><W20/><G8/><T41/><D41/><U1/><E1/><V83/><F83/><W132/><G132/><T112/><D7/><U94/><E94/><V98/><F98/><W114/><G114/><T106/><D112/><U45/><E45/><V14/><F14/><W108/><G70/><T13/><D6/><U124/><E124/><V89/><F89/><W127/><G127/><RYUUKYOKU ba="0,1" sc="237,-15,250,-15,240,15,263,15" hai2="25,26,31,33,47,48,53,60,65,69,79,82,87" hai3="12,18,20,99,102,108,109" /><INIT seed="2,1,1,2,1,132" ten="222,235,255,278" oya="2" hai0="133,49,130,115,51,105,24,128,38,120,54,59,106" hai1="35,73,70,116,56,84,68,97,134,64,63,6,11" hai2="103,99,91,48,66,65,77,72,107,92,41,2,61" hai3="112,36,94,33,58,74,53,95,26,78,113,32,101"/><V15/><F2/><W60/><G36/><T25/><D115/><N who="3" m="44105" /><G26/><N who="0" m="10347" /><D38/><U50/><E35/><N who="3" m="13386" /><G101/><T57/><D120/><U47/><E73/><V108/><F15/><W8/><G8/><T34/><D34/><U42/><E134/><V31/><F31/><W85/><G74/><T86/><D86/><U27/><E27/><V123/><F123/><W62/><G62/><T44/><D133/><U39/><E116/><V102/><F102/><W118/><G118/><T124/><D124/><U114/><E114/><V4/><F108/><W100/><G100/><T119/><D119/><U7/><E97/><V104/><F107/><N who="0" m="40970" /><D51/><U121/><E121/><V45/><F61/><W75/><G75/><T69/><D69/><U67/><E68/><V93/><F104/><W55/><G55/><T126/><D126/><U89/><E11/><V23/><F72/><W29/><G29/><T20/><D20/><U135/><E135/><V110/><F23/><W125/><G125/><T40/><D54/><N who="1" m="31831" /><E67/><V1/><F66/><W10/><G10/><T83/><D83/><AGARI ba="1,1" hai="6,7,39,42,47,63,64,70,83,84,89" m="31831" machi="83" ten="30,1000,0" yaku="24,1" doraHai="132" who="1" fromWho="0" sc="222,-13,235,23,255,0,278,0" /><AGARI ba="1,0" hai="53,58,60,78,83,85,94,95" m="13386,44105" machi="83" ten="30,1000,0" yaku="11,1" doraHai="132" who="3" fromWho="0" sc="209,-10,258,0,255,0,278,10" /><INIT seed="3,0,0,0,1,112" ten="199,258,255,288" oya="3" hai0="116,133,94,30,128,17,100,56,77,3,26,114,41" hai1="23,87,117,127,46,64,62,18,129,89,37,86,35" hai2="106,78,50,98,60,125,7,80,20,91,29,132,38" hai3="27,76,51,52,69,113,19,85,122,83,45,103,130"/><W58/><G69/><T2/><D114/><U57/><E35/><V44/><F38/><W70/><G70/><T126/><D126/><U54/><E129/><V135/><F125/><W39/><G122/><T55/><D128/><U47/><E127/><V121/><F121/><W82/><G130/><T9/><D133/><N who="2" m="51274" /><F7/><W92/><G39/><T74/><D41/><U105/><E105/><V118/><F118/><W16/><G113/><T0/><D77/><U88/><E117/><V101/><F60/><N who="3" m="35911" /><G83/><T15/><D74/><U115/><E115/><V13/><F91/><N who="1" m="34889" /><E37/><V134/><F134/><W6/><G6/><N who="0" m="1247" /><D100/><U109/><E109/><V81/><F78/><W12/><G27/><T72/><D94/><U124/><E124/><V104/><F106/><W71/><G71/><T33/><D72/><U5/><E5/><V1/><F1/><N who="0" m="618" /><D56/><U59/><E57/><V43/><F13/><W102/><G12/><T96/><D55/><U49/><E47/><V21/><F29/><W108/><G108/><T11/><D96/><U119/><E119/><AGARI ba="0,0" hai="11,15,17,26,30,33,116,119" m="618,1247" machi="119" ten="30,7700,0" yaku="34,2,52,2" doraHai="112" who="0" fromWho="1" sc="199,77,258,-77,255,0,288,0" /><INIT seed="4,0,0,5,4,89" ten="276,181,255,288" oya="0" hai0="116,26,97,109,1,46,110,76,14,62,40,127,114" hai1="130,104,88,84,98,108,33,29,134,27,75,20,120" hai2="9,56,66,115,119,4,85,3,31,92,95,44,71" hai3="102,126,103,0,7,128,48,69,53,36,99,94,17"/><T64/><D1/><U32/><E75/><V2/><F71/><W78/><G36/><T122/><D122/><U86/><E120/><V72/><F72/><W74/><G69/><T30/><D116/><U91/><E130/><V107/><F107/><W18/><G128/><T112/><D127/><U129/><E134/><V19/><F119/><W100/><G126/><T12/><D76/><U50/><E129/><V73/><F73/><W61/><G0/><T13/><D97/><U25/><E108/><N who="0" m="41577" /><D62/><U16/><E32/><V58/><F31/><W101/><G7/><T125/><D64/><U54/><E104/><V63/><F3/><W131/><G131/><T96/><D96/><U52/><E98/><V45/><F56/><N who="3" m="34959" /><G78/><T5/><D125/><U11/><E11/><V22/><F115/><N who="0" m="44074" /><D5/><U82/><REACH who="1" step="1"/><E50/><REACH who="1" ten="276,171,255,288" step="2"/><V38/><F38/><W133/><G74/><T111/><D111/><U59/><E59/><V47/><REACH who="2" step="1"/><F85/><REACH who="2" ten="276,171,245,288" step="2"/><W81/><G133/><T21/><D12/><AGARI ba="0,2" hai="2,4,9,12,19,22,44,45,47,58,63,66,92,95" machi="12" ten="40,8000,1" yaku="1,1,2,1,52,2,53,0" doraHai="89" doraHaiUra="49" who="2" fromWho="0" sc="276,-80,171,0,245,100,288,0" owari="196,-20.0,171,-33.0,345,44.0,288,9.0" /></mjloggm>