<mjloggm ver="2.3"><GO type="41" lobby="0"/><UN n0="%73%69%6E%31%31%32%35" n1="%E9%87%8C%E4%B8%AD%E4%BA%9C%E7%9F%A2%E5%AD%90" n2="%E3%81%8B%E3%81%9A%E3%82%8A%E3%82%85%E3%81%86" n3="%E5%B0%B1%E6%B4%BB%E7%94%9F%40%E5%B7%9D%E6%9D%91%E8%BB%8D%E5%9B%A3" dan="15,15,15,16" rate="2007.02,1995.25,1973.59,2086.40" sx="M,F,M,M"/><TAIKYOKU oya="0"/><INIT seed="0,0,0,0,1,91" ten="250,250,250,250" oya="0" hai0="89,129,88,47,55,2,79,132,29,49,21,122,53" hai1="67,105,8,54,27,16,43,7,80,17,104,60,68" hai2="123,97,14,111,95,45,77,133,82,6,125,72,10" hai3="26,74,37,13,71,22,28,62,121,52,92,15,86"/><T39/><D2/><U42/><E54/><V134/><F123/><W34/><G121/><T106/><D122/><U85/><E105/><V20/><F125/><W61/><G37/><T56/><D106/><U44/><E104/><V70/><F70/><W66/><G74/><T63/><D129/><U57/><E68/><V107/><F107/><W81/><G34/><T75/><D39/><U114/><E114/><V94/><F97/><W12/><G92/><N who="2" m="35369" /><F111/><W0/><G0/><T118/><D118/><U126/><E126/><V115/><F115/><W73/><G73/><T50/><D75/><U119/><E119/><V108/><F108/><W83/><G86/><T93/><D79/><U46/><E43/><V48/><F20/><W59/><AGARI ba="0,0" hai="12,13,15,22,26,28,52,59,61,62,66,71,81,83" machi="59" ten="30,2000,0" yaku="0,1,54,1" doraHai="91" who="3" fromWho="3" sc="250,-10,250,-5,250,-5,250,20" /><INIT seed="1,0,0,2,3,134" ten="240,245,245,270" oya="1" hai0="110,114,123,131,20,29,53,54,36,77,13,12,5" hai1="97,72,84,133,100,116,66,24,9,49,64,31,93" hai2="23,95,69,44,119,26,58,67,63,78,103,37,80" hai3="86,33,83,107,43,47,90,22,60,85,15,91,46"/><U17/><E116/><V21/><F119/><W30/><G33/><T27/><D123/><U55/><E72/><V112/><F112/><W99/><G107/><T124/><D114/><U35/><E133/><V73/><F21/><W45/><G99/><T57/><D131/><U130/><E130/><V7/><F7/><W8/><G60/><T115/><D36/><U94/><E94/><V118/><F44/><W125/><G125/><T109/><D115/><U75/><E75/><V71/><F37/><W56/><G56/><T6/><D77/><U121/><E84/><V98/><REACH who="2" step="1"/><F118/><REACH who="2" ten="240,245,235,270" step="2"/><W126/><G126/><T65/><D109/><U70/><E121/><V38/><F38/><W104/><G43/><T74/><D110/><U87/><E70/><V82/><F82/><W2/><G2/><T41/><D41/><U88/><E35/><V111/><F111/><W14/><G22/><T48/><D124/><U62/><E31/><AGARI ba="0,1" hai="23,26,31,58,63,67,69,71,73,78,80,95,98,103" machi="31" ten="30,7700,0" yaku="1,1,7,1,25,2,53,0" doraHai="134" doraHaiUra="4" who="2" fromWho="1" sc="240,0,245,-77,235,87,270,0" /><INIT seed="2,0,0,4,4,9" ten="240,168,322,270" oya="2" hai0="52,60,3,107,103,18,133,135,111,112,61,134,110" hai1="83,54,104,15,32,35,75,30,63,117,102,4,67" hai2="36,46,127,106,116,53,125,17,40,74,50,82,81" hai3="72,39,28,48,23,97,90,130,27,122,99,0,96"/><V94/><F106/><W33/><G39/><T57/><D112/><U78/><E117/><V119/><F94/><W128/><G72/><T24/><D3/><U115/><E115/><V98/><F98/><W120/><G0/><T38/><D38/><U41/><E54/><V71/><F74/><W66/><G66/><T31/><D107/><U101/><E41/><V11/><F82/><W109/><G109/><N who="0" m="41483" /><D103/><U68/><E101/><V91/><F91/><W16/><G48/><N who="0" m="30855" /><D18/><U12/><E4/><V118/><F81/><W105/><G105/><T129/><D129/><N who="3" m="49769" /><G90/><T22/><AGARI ba="0,0" hai="22,24,31,60,61,133,134,135" m="30855,41483" machi="22" ten="40,5200,0" yaku="20,1,14,1,54,1" doraHai="9" who="0" fromWho="0" sc="240,52,168,-13,322,-26,270,-13" /><INIT seed="3,0,0,3,3,57" ten="292,155,296,257" oya="3" hai0="3,6,46,65,28,36,40,32,59,34,19,16,98" hai1="90,77,97,119,103,52,78,43,107,102,95,42,125" hai2="96,80,66,106,133,37,20,112,116,25,99,84,111" hai3="114,10,12,70,75,128,135,56,129,41,69,5,54"/><W47/><G75/><T38/><D38/><U27/><E125/><V127/><F37/><W74/><G74/><T22/><D19/><U83/><E119/><V17/><F111/><W87/><G114/><T89/><D28/><U8/><E8/><V45/><F133/><W63/><G135/><T53/><D65/><U82/><E27/><V71/><F127/><W100/><G100/><N who="1" m="38442" /><E107/><V26/><F45/><W44/><G44/><T62/><D6/><U132/><E132/><V39/><F39/><W35/><G35/><T64/><D3/><U122/><E122/><V67/><F106/><W68/><REACH who="3" step="1"/><G87/><REACH who="3" ten="292,155,296,247" step="2"/><T29/><D34/><U113/><E113/><V4/><F84/><W0/><G0/><T14/><D32/><U109/><E109/><V15/><F112/><W121/><G121/><T48/><D29/><U81/><E42/><V123/><F116/><W85/><G85/><T86/><D98/><U58/><E43/><V76/><F123/><W120/><G120/><T118/><D118/><U24/><E24/><V126/><F99/><W61/><G61/><AGARI ba="0,1" hai="52,58,61,77,78,81,82,83,90,95,97" m="38442" machi="61" ten="30,3900,0" yaku="8,1,52,1,54,1" doraHai="57" who="1" fromWho="3" sc="292,0,155,49,296,0,247,-39" /><INIT seed="4,0,0,3,2,21" ten="292,204,296,208" oya="0" hai0="42,87,47,122,86,15,131,94,57,62,85,9,30" hai1="134,54,16,79,2,77,123,23,43,40,29,109,39" hai2="133,102,63,120,90,14,92,113,80,105,99,76,78" hai3="25,60,83,56,37,89,10,68,20,71,59,91,81"/><T53/><D122/><U50/><E123/><V74/><F63/><W45/><G68/><T103/><D131/><U130/><E109/><V4/><F14/><W33/><G33/><T24/><D103/><U75/><E2/><V127/><F4/><W65/><G37/><T124/><D124/><U116/><E116/><V67/><F67/><W108/><G108/><T101/><D101/><U126/><E126/><V6/><F6/><W70/><G45/><T88/><D15/><U0/><E0/><V3/><F3/><W96/><G70/><T118/><D9/><U22/><E75/><V31/><F31/><W41/><G41/><N who="1" m="15946" /><E134/><V93/><F113/><W26/><G20/><T18/><D18/><U114/><E130/><V119/><F133/><W61/><G10/><T73/><D73/><U84/><E39/><V69/><F69/><W38/><G38/><T12/><D12/><N who="1" m="9479" /><E84/><N who="2" m="52295" /><F127/><W44/><G44/><T121/><D121/><U13/><E114/><V35/><F35/><W32/><G32/><T97/><D118/><U132/><E132/><V55/><F55/><N who="3" m="33823" /><G71/><T100/><D42/><U82/><E13/><V1/><F1/><W64/><G64/><T106/><REACH who="0" step="1"/><D47/><REACH who="0" ten="282,204,296,208" step="2"/><N who="1" m="27999" /><E82/><N who="2" m="45335" /><F119/><W58/><G83/><T117/><D117/><U27/><AGARI ba="0,1" hai="23,27,29,77,79" m="27999,9479,15946" machi="27" ten="30,4000,0" yaku="8,1,52,1,54,1" doraHai="21" who="1" fromWho="1" sc="282,-20,204,50,296,-10,208,-10" /><INIT seed="5,0,0,0,2,53" ten="262,254,286,198" oya="1" hai0="130,55,72,33,51,60,108,112,97,86,115,127,52" hai1="6,75,45,26,46,40,0,116,7,18,100,56,122" hai2="57,44,94,9,21,111,74,12,118,79,88,63,66" hai3="78,62,31,101,73,64,41,48,124,83,1,68,84"/><U135/><E122/><V65/><F111/><W131/><G1/><T3/><D3/><U49/><E75/><V27/><F74/><W28/><G124/><T104/><D33/><U61/><E116/><V16/><F79/><W125/><G125/><T107/><D127/><U109/><E0/><V114/><F114/><W99/><G131/><T10/><D72/><U37/><E135/><V87/><F118/><W2/><G2/><T59/><D108/><U93/><E109/><V14/><F44/><W43/><G73/><T82/><D10/><U113/><E113/><N who="0" m="43593" /><D97/><U15/><E26/><V69/><F69/><W106/><REACH who="3" step="1"/><G48/><REACH who="3" ten="262,254,286,188" step="2"/><T11/><D130/><U20/><E37/><V126/><F126/><W129/><G129/><T117/><D117/><U34/><E34/><V29/><REACH who="2" step="1"/><F14/><REACH who="2" ten="262,254,276,188" step="2"/><W80/><G80/><T17/><D17/><U76/><E15/><V54/><AGARI ba="0,2" hai="9,12,16,21,27,29,54,57,63,65,66,87,88,94" machi="54" ten="20,16000,3" yaku="1,1,2,1,0,1,7,1,8,1,52,1,54,2,53,0" doraHai="53" doraHaiUra="67" who="2" fromWho="2" sc="262,-40,254,-80,276,180,188,-40" /><INIT seed="6,0,0,5,0,58" ten="222,174,456,148" oya="2" hai0="15,5,108,101,16,12,29,32,62,23,65,119,91" hai1="134,70,57,7,135,80,78,67,22,21,68,11,133" hai2="50,63,76,34,128,87,96,126,47,107,26,40,74" hai3="75,6,18,122,114,10,93,123,132,42,41,9,82"/><V103/><F128/><W79/><G132/><T49/><D108/><U83/><E57/><V2/><F2/><W71/><G71/><N who="1" m="27178" /><E67/><V131/><F126/><W92/><G114/><T112/><D119/><U111/><E111/><V125/><F131/><W19/><G82/><N who="1" m="31274" /><E78/><V66/><F125/><W86/><G86/><T120/><D120/><U38/><E38/><V116/><F116/><W121/><G79/><T104/><D112/><U89/><E89/><V24/><F87/><W52/><G52/><T127/><D91/><U28/><E28/><V59/><F74/><W31/><G31/><T72/><D72/><U106/><E106/><V129/><F76/><W95/><G75/><T55/><D32/><U46/><E46/><V35/><F129/><W30/><G30/><T117/><D29/><U98/><E98/><V56/><F34/><W8/><REACH who="3" step="1"/><G6/><REACH who="3" ten="222,174,456,138" step="2"/><T44/><D127/><U69/><E69/><V102/><F35/><W4/><G4/><T85/><D85/><U105/><E105/><V3/><F107/><W14/><G14/><AGARI ba="0,1" hai="7,11,14,21,22,133,134,135" m="31274,27178" machi="14" ten="40,1300,0" yaku="20,1" doraHai="58" who="1" fromWho="3" sc="222,0,174,23,456,0,138,-13" /><INIT seed="7,0,0,5,4,121" ten="222,197,456,125" oya="3" hai0="30,18,95,15,91,80,63,48,9,69,100,115,49" hai1="66,88,12,102,74,84,131,85,72,42,37,71,19" hai2="81,119,10,110,86,36,41,122,106,56,44,38,53" hai3="25,31,34,21,45,113,108,132,105,134,33,54,17"/><W98/><G105/><T62/><D115/><U47/><E102/><V67/><F106/><W116/><G98/><N who="0" m="59487" /><D69/><U52/><E131/><V109/><F36/><W13/><G45/><T28/><D49/><U61/><E52/><V46/><F119/><W117/><G54/><T104/><D104/><U8/><E84/><V118/><F118/><N who="3" m="45675" /><G113/><T93/><D80/><AGARI ba="0,0" hai="8,12,19,37,42,47,61,66,71,72,74,80,85,88" machi="80" ten="30,2000,0" yaku="7,1,54,1" doraHai="121" who="1" fromWho="0" sc="222,-20,197,20,456,0,125,0" owari="202,-20.0,217,2.0,456,55.0,125,-37.0" /></mjloggm>