<mjloggm ver="2.3"><GO type="225" lobby="0"/><UN n0="%E3%81%B5%E3%81%81%E3%81%84%E3%81%A1%E3%82%83%E3%82%80%E2%98%85" n1="%E5%B0%B1%E6%B4%BB%E7%94%9F%40%E5%B7%9D%E6%9D%91%E8%BB%8D%E5%9B%A3" n2="%E9%9D%92%E5%B1%B1%E5%AD%A6%E9%99%A2%EF%BC%94%E5%B9%B4" n3="%46%4C%41%4D%45" dan="17,16,16,16" rate="2164.56,2073.45,2094.94,2147.11" sx="M,M,M,M"/><TAIKYOKU oya="0"/><INIT seed="0,0,0,3,4,41" ten="250,250,250,250" oya="0" hai0="106,61,32,7,54,1,117,36,114,51,55,58,44" hai1="72,87,31,95,39,17,83,68,28,122,25,43,49" hai2="132,88,135,14,116,115,80,19,73,82,45,77,5" hai3="71,20,66,2,91,59,118,15,92,126,53,119,123"/><T99/><D32/><U69/><E122/><V64/><F115/><W81/><G2/><T74/><D106/><U3/><E39/><V100/><F64/><W90/><G123/><T93/><D74/><U52/><E3/><V101/><F5/><W67/><G126/><T40/><D117/><U128/><E128/><V35/><F35/><W34/><G34/><T75/><D75/><U11/><E43/><V98/><F45/><W113/><G113/><T125/><D125/><U42/><E42/><V27/><F27/><W57/><G71/><T94/><D114/><U13/><E72/><N who="2" m="43047" /><F19/><N who="3" m="10367" /><G119/><T107/><D107/><U97/><E68/><V16/><F116/><W47/><G118/><T84/><D84/><U96/><E69/><V4/><F4/><W9/><G9/><T86/><D86/><U130/><E130/><V30/><F30/><N who="1" m="11305" /><E95/><N who="2" m="56679" /><F16/><W24/><G24/><T78/><D78/><N who="1" m="46583" /><E25/><V76/><F14/><W22/><G81/><T46/><REACH who="0" step="1"/><D99/><REACH who="0" ten="240,250,250,250" step="2"/><U12/><E12/><V124/><F124/><W70/><G70/><T112/><D112/><U6/><E6/><V104/><F104/><W110/><G110/><T120/><D120/><U103/><E103/><AGARI ba="0,1" hai="73,76,82,100,101,103,132,135" m="56679,43047" machi="103" ten="30,3900,0" yaku="34,2,54,1" doraHai="41" who="2" fromWho="1" sc="240,0,250,-39,250,49,250,0" /><INIT seed="1,0,0,3,2,68" ten="240,211,299,250" oya="1" hai0="110,77,54,55,25,128,24,91,79,78,122,81,88" hai1="19,106,84,89,66,28,7,32,95,97,100,9,111" hai2="87,62,33,69,42,8,26,102,46,6,34,133,44" hai3="59,120,23,129,70,71,17,90,76,112,41,39,10"/><U105/><E111/><V18/><F133/><W124/><G120/><T37/><D110/><U134/><E134/><V113/><F113/><W115/><G76/><T72/><D37/><U114/><E114/><V3/><F102/><W101/><G101/><T58/><D122/><U125/><E125/><V73/><F73/><W11/><G124/><T1/><D1/><U52/><E66/><V65/><F87/><W60/><G129/><T57/><D128/><U47/><E28/><V21/><REACH who="2" step="1"/><F44/><REACH who="2" ten="240,211,289,250" step="2"/><W132/><G132/><T30/><D72/><U123/><E123/><V75/><F75/><W94/><G115/><T126/><D126/><U64/><E64/><V29/><F29/><W40/><G112/><T109/><D109/><U48/><E32/><V50/><AGARI ba="0,1" hai="3,6,8,18,21,26,33,34,42,46,50,62,65,69" machi="50" ten="20,2700,0" yaku="1,1,0,1,7,1,53,0" doraHai="68" doraHaiUra="96" who="2" fromWho="2" sc="240,-7,211,-13,289,37,250,-7" /><INIT seed="2,0,0,3,1,103" ten="233,198,326,243" oya="2" hai0="18,118,89,55,20,52,88,40,135,129,119,100,3" hai1="15,107,127,1,45,10,38,97,13,86,102,7,31" hai2="123,94,128,43,0,49,63,4,116,25,122,47,112" hai3="113,50,24,57,130,111,117,132,133,35,26,82,80"/><V21/><F112/><W46/><G117/><N who="0" m="44555" /><D3/><U78/><E127/><V81/><F116/><W48/><G113/><T16/><D129/><U79/><E31/><V33/><F128/><W39/><G39/><T37/><D135/><N who="3" m="51785" /><G130/><T19/><D100/><U87/><E87/><V131/><F63/><W41/><G111/><T59/><D20/><U91/><E38/><V28/><F131/><W68/><G68/><T76/><D76/><U34/><E34/><V11/><F94/><W5/><G5/><T101/><D101/><U67/><E67/><V84/><REACH who="2" step="1"/><F33/><REACH who="2" ten="233,198,316,243" step="2"/><W30/><G24/><T62/><D55/><AGARI ba="0,1" hai="26,30,35,41,46,48,50,55,57,80,82" m="51785" machi="55" ten="30,1000,0" yaku="20,1" doraHai="103" who="3" fromWho="0" sc="233,-10,198,0,316,0,243,20" /><INIT seed="3,0,0,3,0,16" ten="223,198,316,263" oya="3" hai0="30,127,49,99,15,68,90,103,31,93,51,63,17" hai1="61,70,91,115,100,92,2,129,135,52,28,7,124" hai2="44,45,64,126,107,11,87,117,88,114,113,48,122" hai3="78,12,43,59,79,108,130,21,42,27,98,67,66"/><W47/><G130/><T84/><D127/><U41/><E129/><V38/><F107/><W60/><G108/><T56/><D68/><U4/><E124/><V69/><F126/><W6/><G67/><N who="0" m="39399" /><D30/><U22/><E115/><V3/><F117/><W0/><G0/><T77/><D31/><U76/><E135/><V25/><F25/><W54/><G98/><T104/><D104/><U110/><E110/><V118/><F122/><W46/><G66/><T35/><D77/><N who="3" m="29193" /><G6/><N who="1" m="2090" /><E70/><V32/><F32/><W39/><G39/><T71/><D35/><U18/><E76/><V82/><F118/><W128/><G12/><T105/><D105/><U23/><E41/><N who="3" m="15370" /><G128/><T85/><D71/><U55/><E2/><V29/><F69/><W89/><G89/><T106/><D106/><U94/><E100/><V131/><F131/><W40/><N who="3" m="15378" /><W133/><DORA hai="95" /><G133/><T5/><D5/><U20/><E28/><AGARI ba="0,0" hai="21,27,28,46,47,54,59,60" m="15378,29193" machi="28" ten="30,2900,0" yaku="8,1,52,1" doraHai="16,95" who="3" fromWho="1" sc="223,0,198,-29,316,0,263,29" /><INIT seed="3,1,0,4,3,55" ten="223,169,316,292" oya="3" hai0="27,25,119,4,98,88,41,56,40,89,108,78,83" hai1="53,91,132,13,68,109,130,125,124,32,117,126,69" hai2="102,74,36,20,14,18,107,26,61,49,86,64,101" hai3="7,84,105,9,87,123,131,37,57,127,2,38,24"/><W6/><G123/><T114/><D119/><U1/><E1/><V10/><F36/><W46/><G105/><T70/><D70/><N who="1" m="27243" /><E32/><V129/><F74/><W72/><G72/><T111/><D114/><U100/><E100/><V93/><F129/><W0/><G131/><T76/><D4/><U115/><E91/><N who="2" m="53495" /><F107/><W118/><G118/><T35/><D98/><U122/><E13/><V71/><F71/><W77/><G24/><T33/><D83/><U12/><E12/><V67/><F49/><W65/><G46/><T112/><D112/><U23/><E23/><V54/><F54/><W16/><G16/><T85/><D85/><U92/><E92/><V59/><F67/><W47/><G47/><T103/><D103/><U8/><E8/><V66/><F64/><W28/><G28/><AGARI ba="1,0" hai="10,14,18,20,26,28,59,61,66,101,102" m="53495" machi="28" ten="30,2000,0" yaku="8,1,52,1" doraHai="55" who="2" fromWho="3" sc="223,0,169,0,316,23,292,-23" owari="223,-18.0,169,-33.0,339,44.0,269,7.0" /></mjloggm>