<mjloggm ver="2.3"><GO type="169" lobby="0"/><UN n0="%53%47%59%4D%48%52%4B%31" n1="%E3%82%A6%E3%83%AB%E3%83%88%E3%83%A9%E7%AB%8B%E7%9B%B4" n2="%E3%82%84%E3%81%BE%E3%83%BC%E3%82%93" n3="%4B%E3%80%82" dan="16,17,18,17" rate="2076.45,2196.71,2222.55,2154.65" sx="M,M,M,M"/><TAIKYOKU oya="0"/><INIT seed="0,0,0,5,3,86" ten="250,250,250,250" oya="0" hai0="31,93,80,117,110,38,120,47,85,105,34,122,62" hai1="130,91,52,5,65,43,14,75,54,29,106,22,99" hai2="96,72,6,35,64,58,100,131,82,36,50,55,44" hai3="60,20,41,113,23,87,97,28,92,129,118,73,90"/><T126/><D105/><U76/><E130/><V49/><F131/><W24/><G118/><T101/><D117/><U74/><E65/><V42/><F35/><W121/><G113/><T135/><D135/><U9/><E43/><V16/><F6/><W25/><G129/><T37/><D126/><U56/><E76/><V84/><F72/><W77/><G121/><T112/><D112/><U71/><E71/><V18/><F64/><W26/><G41/><T89/><D62/><U7/><E106/><V46/><F36/><W83/><G60/><T53/><D37/><U127/><E127/><V67/><F67/><W78/><G78/><T12/><D12/><U27/><E54/><V88/><F58/><W114/><G114/><T45/><D45/><U116/><E116/><V109/><F109/><W124/><G124/><T30/><D110/><U51/><REACH who="1" step="1"/><E5/><REACH who="1" ten="250,240,250,250" step="2"/><V103/><F103/><W61/><G61/><T132/><D122/><U79/><E79/><V33/><F33/><W13/><REACH who="3" step="1"/><G73/><REACH who="3" ten="250,240,250,240" step="2"/><T0/><D120/><U68/><E68/><V98/><F100/><W21/><G21/><T39/><D101/><U119/><E119/><V81/><F81/><W115/><G115/><T4/><D80/><U102/><E102/><V108/><F108/><W40/><G40/><T94/><D34/><U17/><E17/><AGARI ba="0,2" hai="16,17,18,42,44,46,49,50,55,82,84,88,96,98" machi="17" ten="40,8000,1" yaku="8,1,52,1,54,2" doraHai="86" who="2" fromWho="1" sc="250,0,240,-80,250,100,240,0" /><AGARI ba="0,0" hai="13,17,20,23,24,25,26,28,77,83,87,90,92,97" machi="17" ten="40,8000,1" yaku="1,1,8,1,52,1,53,2" doraHai="86" doraHaiUra="19" who="3" fromWho="1" sc="250,0,160,-80,350,0,240,80" /><INIT seed="1,0,0,1,3,117" ten="250,80,350,320" oya="1" hai0="113,32,133,107,64,31,63,108,109,116,69,85,135" hai1="122,106,82,131,52,14,132,34,11,77,12,0,88" hai2="83,102,59,21,47,72,56,36,78,99,51,9,3" hai3="40,73,130,71,93,41,37,15,124,44,46,87,121"/><U112/><E106/><V103/><F21/><W39/><G73/><T128/><D116/><U5/><E112/><V28/><F28/><W81/><G124/><T114/><D85/><U38/><E38/><V48/><F48/><W62/><G130/><T91/><D91/><U66/><E131/><V6/><F102/><W67/><G15/><T89/><D89/><U10/><E132/><N who="0" m="50761" /><D107/><U111/><E111/><N who="0" m="42569" /><D128/><U84/><E34/><V115/><F115/><N who="0" m="44042" /><D31/><U68/><E122/><V4/><F36/><W55/><G121/><T65/><D65/><U123/><E123/><V16/><F99/><W86/><G93/><T23/><D23/><U13/><E77/><V25/><F103/><W35/><G35/><AGARI ba="0,0" hai="32,35,63,64,69" m="44042,42569,50761" machi="35" ten="40,5200,0" yaku="20,1,14,1,23,1" doraHai="117" who="0" fromWho="3" sc="250,52,80,0,350,0,320,-52" /><INIT seed="2,0,0,1,5,72" ten="302,80,350,268" oya="2" hai0="87,51,102,22,89,26,129,133,128,124,4,31,111" hai1="9,95,27,1,80,43,28,81,25,59,13,35,11" hai2="62,105,70,94,96,110,0,15,55,100,113,40,16" hai3="104,54,84,44,45,33,88,79,65,134,46,93,69"/><V97/><F113/><W92/><G134/><T18/><D4/><N who="1" m="1167" /><E95/><V78/><F0/><W10/><G104/><T49/><D102/><U101/><E81/><V116/><F40/><W114/><G114/><T109/><D133/><U90/><E80/><V17/><F116/><W5/><G33/><T24/><D124/><U131/><E90/><V34/><F34/><W120/><G120/><T30/><D89/><U7/><E59/><V58/><F70/><W38/><G38/><T20/><D87/><U75/><E75/><V135/><F135/><W47/><G69/><T85/><D85/><U82/><E82/><V23/><F110/><N who="0" m="41994" /><D49/><U73/><E73/><V112/><F112/><W86/><G65/><T77/><D51/><U115/><E101/><V103/><REACH who="2" step="1"/><F17/><REACH who="2" ten="302,80,340,268" step="2"/><W118/><G118/><T48/><D18/><U52/><E43/><V53/><F53/><W39/><G54/><T126/><D126/><U107/><E52/><V64/><F64/><W67/><G67/><T6/><D6/><U125/><E115/><V14/><F14/><W3/><G5/><T83/><D48/><U61/><E125/><V56/><F56/><W60/><G3/><T19/><D19/><U99/><E13/><V108/><F108/><W21/><G44/><T123/><D26/><U76/><E27/><V50/><F50/><W41/><G46/><T68/><D24/><U8/><E25/><V29/><F29/><W63/><G47/><T122/><D68/><U117/><E28/><V36/><F36/><W74/><G39/><T91/><D31/><U119/><E117/><V2/><F2/><RYUUKYOKU ba="0,1" sc="302,-10,80,-10,340,30,268,-10" hai2="15,16,23,55,58,62,78,94,96,97,100,103,105" /><INIT seed="2,1,1,2,3,27" ten="292,70,370,258" oya="2" hai0="58,6,24,100,37,10,92,104,83,91,81,46,123" hai1="13,5,119,38,124,50,69,74,19,131,35,71,129" hai2="102,66,2,52,135,17,95,0,59,134,80,88,127" hai3="42,85,128,18,96,33,108,109,125,30,23,14,26"/><V44/><F127/><W32/><G42/><T57/><D123/><U61/><E38/><V72/><F66/><W8/><G96/><T107/><D107/><U31/><E74/><V25/><F44/><W75/><G75/><T39/><D39/><U67/><E5/><V22/><F102/><W41/><G41/><T11/><D104/><U105/><E119/><V111/><F80/><W53/><G85/><T56/><D100/><U116/><E116/><V118/><F72/><W15/><G53/><T110/><D110/><N who="3" m="42601" /><G125/><T45/><D37/><U120/><E120/><V9/><F118/><W77/><G77/><T126/><D126/><U51/><E124/><V86/><F111/><W87/><G87/><N who="0" m="52351" /><D24/><N who="1" m="18919" /><E71/><V79/><F79/><W34/><G128/><N who="1" m="49226" /><E105/><V12/><F134/><W117/><G117/><T98/><D98/><U94/><E94/><V55/><F135/><W76/><G76/><T64/><D64/><U68/><E68/><V28/><F55/><W115/><G115/><T54/><D6/><AGARI ba="1,1" hai="6,8,14,15,18,23,26,30,32,33,34" m="42601" machi="6" ten="30,7700,0" yaku="14,1,34,2,52,1" doraHai="27" who="3" fromWho="0" sc="292,-80,70,0,370,0,258,90" /><INIT seed="3,0,0,3,3,26" ten="212,70,370,348" oya="3" hai0="19,84,99,98,66,57,75,68,122,63,93,91,76" hai1="40,33,46,60,92,134,71,102,80,100,42,17,65" hai2="83,81,133,120,36,77,132,31,126,0,28,115,1" hai3="87,113,61,35,12,94,118,108,10,24,101,105,9"/><W43/><G118/><T70/><D122/><U86/><E134/><N who="2" m="51819" /><F120/><W48/><G113/><T59/><D99/><U135/><E135/><V114/><F36/><W69/><G87/><T52/><D75/><U8/><E33/><V2/><F126/><W15/><G94/><T55/><D76/><U117/><E117/><V88/><F88/><W34/><G108/><T7/><D7/><U95/><E95/><V112/><F81/><W131/><G131/><T58/><D98/><U21/><E8/><V4/><F4/><W50/><G43/><T72/><D72/><AGARI ba="0,0" hai="0,1,2,28,31,72,77,83,112,114,115" m="51819" machi="72" ten="40,5200,0" yaku="20,1,52,2" doraHai="26" who="2" fromWho="0" sc="212,-52,70,0,370,52,348,0" /><INIT seed="4,0,0,2,5,100" ten="160,70,422,348" oya="0" hai0="0,97,32,99,26,114,56,43,91,128,110,58,81" hai1="70,65,119,34,27,29,95,111,57,86,79,103,55" hai2="25,115,40,47,48,2,3,106,108,107,87,124,105" hai3="15,37,92,50,10,12,133,129,113,33,11,131,66"/><T116/><D116/><U126/><E119/><V102/><F108/><W21/><G37/><T64/><D0/><U94/><E111/><V45/><F115/><W4/><G66/><T17/><D110/><U28/><E126/><V16/><F102/><W59/><G33/><T44/><D128/><U109/><E109/><V80/><F124/><W6/><G133/><T42/><D114/><U104/><E29/><V130/><F130/><N who="3" m="49675" /><G92/><T75/><D75/><U101/><E101/><V134/><F134/><W51/><G59/><N who="0" m="22571" /><D32/><U78/><E78/><V31/><F47/><W49/><G113/><T74/><D74/><U88/><E79/><V112/><F112/><W9/><G21/><N who="0" m="13615" /><D64/><U135/><E135/><V69/><F69/><W39/><G39/><T63/><D63/><N who="1" m="40255" /><E57/><V20/><REACH who="2" step="1"/><F31/><REACH who="2" ten="160,70,412,348" step="2"/><W73/><G73/><T54/><D44/><U35/><E55/><V71/><F71/><W14/><AGARI ba="0,1" hai="4,6,9,10,11,12,14,15,49,50,51" m="49675" machi="14" ten="40,8000,1" yaku="29,2,28,2,19,1" doraHai="100" who="3" fromWho="3" sc="160,-40,70,-20,412,-20,348,90" /><INIT seed="5,0,0,2,1,24" ten="120,50,392,438" oya="1" hai0="118,92,43,20,71,89,87,84,111,130,101,60,40" hai1="39,30,106,46,116,42,32,99,97,123,14,25,128" hai2="33,125,76,70,38,15,6,133,110,98,56,109,65" hai3="45,64,121,7,127,113,52,3,120,0,129,135,2"/><U122/><E116/><V49/><F38/><W124/><G113/><T107/><D111/><U22/><E128/><V103/><F70/><W134/><G64/><T88/><D118/><U117/><E117/><V112/><F33/><W68/><G68/><T77/><D77/><U61/><E61/><V51/><F112/><W90/><G90/><T9/><D9/><U81/><E81/><V11/><F125/><N who="3" m="48203" /><G129/><T41/><D130/><U4/><E99/><V55/><F65/><W115/><G115/><T75/><D75/><U95/><E106/><V79/><F133/><N who="3" m="50699" /><G7/><T29/><D71/><U132/><E132/><V47/><F109/><W94/><G94/><N who="0" m="54535" /><D107/><U85/><E85/><V69/><F69/><W19/><G19/><T86/><D101/><U62/><E62/><V8/><F110/><W63/><G45/><T34/><D60/><U80/><E80/><V57/><F57/><AGARI ba="0,0" hai="0,2,3,52,57,63,120,121" m="50699,48203" machi="57" ten="40,5200,0" yaku="18,1,20,1,54,1" doraHai="24" who="3" fromWho="2" sc="120,0,50,0,392,-52,438,52" /><INIT seed="6,0,0,4,2,40" ten="120,50,340,490" oya="2" hai0="55,79,71,87,134,15,117,132,16,105,34,19,118" hai1="46,48,54,126,102,90,73,70,9,108,135,91,11" hai2="1,17,89,57,14,103,76,112,83,106,120,100,72" hai3="29,93,61,49,114,44,5,20,66,51,60,26,127"/><V122/><F1/><W25/><G127/><T28/><D71/><U43/><E108/><V104/><F57/><W86/><G114/><T39/><D55/><U96/><E126/><V124/><F124/><W110/><G110/><T128/><D87/><U7/><E135/><N who="0" m="51753" /><D79/><U77/><E70/><V97/><F17/><W84/><G5/><T37/><D105/><U115/><E115/><V133/><F14/><W121/><G121/><T63/><D63/><U33/><E33/><V98/><F112/><W45/><G26/><N who="0" m="18711" /><D128/><U3/><E11/><V85/><REACH who="2" step="1"/><F133/><REACH who="2" ten="120,50,330,490" step="2"/><W82/><G29/><T65/><D19/><U75/><E3/><V18/><F18/><W129/><G129/><T111/><D111/><U42/><E7/><V27/><F27/><W69/><G25/><T38/><D65/><U64/><E64/><V12/><F12/><W116/><G66/><T123/><D123/><U35/><E9/><AGARI ba="0,1" hai="9,15,16,37,38,39,117,118" m="18711,51753" machi="9" ten="40,2600,0" yaku="20,1,54,1" doraHai="40" who="0" fromWho="1" sc="120,36,50,-26,330,0,490,0" /><INIT seed="7,0,0,0,2,79" ten="156,24,330,490" oya="3" hai0="12,49,53,126,85,99,44,116,75,104,72,64,23" hai1="54,35,28,74,41,22,76,32,1,36,66,10,122" hai2="121,78,31,119,30,65,46,60,52,108,132,25,98" hai3="115,105,18,37,96,67,90,120,59,55,51,83,8"/><W110/><G37/><T63/><D116/><U111/><E54/><V95/><F119/><W92/><G120/><T62/><D126/><U129/><E22/><V101/><F108/><W123/><G105/><T45/><D45/><U29/><E122/><V135/><F121/><W4/><G123/><T58/><D63/><U0/><E111/><V130/><F130/><W9/><G115/><T86/><D72/><U13/><E13/><V47/><F47/><W124/><G124/><T5/><D75/><U109/><E109/><V70/><F31/><W131/><G67/><T43/><D23/><U38/><E129/><V117/><F117/><W113/><G113/><T39/><D104/><U100/><E100/><V80/><F46/><W24/><G4/><T128/><D99/><U68/><E29/><V3/><F3/><W81/><G131/><T42/><D42/><U97/><E97/><V102/><F102/><W82/><G110/><T89/><D128/><U61/><E0/><V27/><F27/><W19/><G24/><T133/><D12/><U127/><E127/><V20/><F52/><W33/><G33/><T26/><D53/><U118/><E118/><V73/><F132/><W114/><G114/><T15/><D133/><U21/><E21/><V71/><F135/><W11/><AGARI ba="0,0" hai="8,9,11,18,19,51,55,59,81,82,83,90,92,96" machi="11" ten="30,12000,1" yaku="0,1,8,1,52,3" doraHai="79" who="3" fromWho="3" sc="156,-40,24,-40,330,-40,490,120" owari="116,-28.0,-16,-52.0,290,9.0,610,71.0" /></mjloggm>