<mjloggm ver="2.3"><GO type="97" lobby="0"/><UN n0="%E3%81%AA%E3%81%AA%E3%81%A3%E3%81%A8%E3%81%86" n1="%67%6B%63" n2="%E5%B0%B1%E6%B4%BB%E7%94%9F%40%E5%B7%9D%E6%9D%91%E8%BB%8D%E5%9B%A3" n3="%E3%83%91%E3%83%B3%E5%8D%93%E6%B0%91" dan="15,14,15,13" rate="1996.15,1973.69,1980.38,1832.00" sx="M,M,M,M"/><TAIKYOKU oya="0"/><INIT seed="0,0,0,1,1,15" ten="250,250,250,250" oya="0" hai0="32,91,8,79,101,123,96,135,29,39,11,3,52" hai1="127,34,82,106,53,46,103,65,110,75,122,56,98" hai2="99,131,50,124,26,89,129,70,35,109,68,31,49" hai3="7,87,42,86,104,119,102,20,66,63,40,115,134"/><T105/><D123/><U108/><E122/><V77/><F109/><W9/><G119/><T128/><D39/><U130/><E34/><V28/><F77/><W30/><G115/><T37/><D37/><U23/><E75/><V88/><F124/><W60/><G134/><T64/><D135/><U48/><E65/><V132/><F132/><W21/><G30/><N who="2" m="11305" /><F26/><W5/><G66/><T1/><D64/><U33/><E33/><V133/><F99/><W45/><G102/><T43/><D43/><U2/><E2/><V59/><F59/><W25/><G25/><T54/><D128/><N who="2" m="49226" /><F35/><W113/><G45/><T114/><D79/><U80/><E130/><V62/><F62/><W81/><G81/><T74/><D74/><U94/><E82/><V17/><F17/><W97/><G113/><T14/><D114/><U41/><E127/><V44/><F44/><W16/><G97/><T58/><D32/><U12/><E80/><V107/><F107/><W92/><G92/><T117/><D29/><U69/><E106/><V36/><F36/><W22/><G104/><T121/><D121/><U0/><E0/><V38/><F38/><W78/><G78/><T95/><D117/><U126/><E126/><V27/><F27/><W84/><G40/><T111/><D111/><U76/><E76/><V57/><F57/><W67/><G42/><T125/><D125/><U61/><E69/><N who="2" m="26731" /><F133/><W118/><G118/><T112/><D112/><U100/><E100/><V13/><F13/><N who="3" m="7215" /><G67/><T47/><D47/><U93/><E93/><V18/><F18/><W19/><G19/><T24/><D105/><RYUUKYOKU ba="0,0" sc="250,-30,250,10,250,10,250,10" hai1="12,23,41,46,48,53,56,61,94,98,103,108,110" hai2="49,50,88,89" hai3="5,7,20,21,22,60,63,84,86,87" /><INIT seed="1,1,0,5,4,16" ten="220,260,260,260" oya="1" hai0="4,46,75,25,131,17,42,26,78,89,86,96,120" hai1="61,92,83,87,101,123,10,117,0,97,13,43,9" hai2="118,19,36,44,47,35,22,40,39,7,125,8,48" hai3="53,93,79,130,106,113,109,5,70,34,115,51,135"/><U14/><E123/><V54/><F125/><W50/><G106/><T100/><D120/><U55/><E0/><V67/><F35/><W74/><G70/><T18/><D131/><U32/><E32/><V107/><F107/><W114/><G130/><T33/><D4/><U66/><E117/><V124/><F124/><W132/><G34/><T3/><D3/><U84/><E43/><V102/><F102/><W72/><G5/><T88/><D75/><N who="3" m="28713" /><G53/><T20/><D78/><U94/><E55/><V28/><F28/><W112/><G112/><T65/><D65/><U73/><E73/><V37/><F67/><W21/><G79/><T129/><D129/><U122/><E122/><V60/><F60/><W77/><G109/><T105/><D86/><U59/><E84/><V116/><F116/><W31/><G77/><T45/><D33/><U85/><E94/><V11/><F118/><W108/><G93/><T29/><D18/><N who="1" m="8495" /><E83/><V133/><F133/><N who="3" m="51275" /><G108/><T49/><D45/><U56/><E56/><V126/><F126/><W103/><G103/><T15/><D26/><AGARI ba="1,0" hai="21,26,31,50,51,113,114,115" m="51275,28713" machi="26" ten="40,2600,0" yaku="20,1,52,1" doraHai="16" who="3" fromWho="0" sc="220,-29,260,0,260,0,260,29" /><INIT seed="2,0,0,1,2,105" ten="191,260,260,289" oya="2" hai0="74,102,41,95,83,109,78,98,27,94,96,75,132" hai1="82,72,16,88,22,23,37,125,53,119,135,10,91" hai2="97,26,77,36,44,11,5,84,134,6,29,70,59" hai3="55,126,1,19,103,2,35,99,122,106,112,107,28"/><V43/><F70/><W115/><G122/><T40/><D27/><U123/><E37/><V39/><F134/><W67/><G126/><T100/><D132/><U66/><E135/><V14/><F97/><W117/><G117/><T65/><D65/><U104/><E119/><V80/><F36/><W51/><G67/><T111/><D83/><U8/><E104/><V0/><F59/><W63/><G107/><T57/><D57/><U9/><E72/><V18/><REACH who="2" step="1"/><F0/><REACH who="2" ten="191,260,250,289" step="2"/><W30/><G2/><T120/><REACH who="0" step="1"/><D78/><REACH who="0" ten="181,260,250,289" step="2"/><U38/><E123/><AGARI ba="0,2" hai="40,41,74,75,94,95,96,98,100,102,109,111,120,123" machi="123" ten="25,12000,2" yaku="1,1,2,1,22,2,52,2,53,0" doraHai="105" doraHaiUra="31" who="0" fromWho="1" sc="181,140,260,-120,250,0,289,0" /><INIT seed="3,0,0,0,1,43" ten="321,140,250,289" oya="3" hai0="78,55,2,16,74,71,56,80,50,126,46,114,27" hai1="30,59,41,135,106,39,17,37,29,88,49,76,66" hai2="25,18,99,3,130,42,6,82,61,23,96,117,129" hai3="33,91,133,81,86,115,38,77,8,79,70,58,32"/><W73/><G70/><T22/><D71/><U40/><E106/><V87/><F117/><W94/><G115/><T98/><D114/><U113/><E76/><V10/><F42/><W111/><G38/><T118/><D118/><U1/><E135/><V60/><F99/><W119/><G119/><T69/><D69/><U11/><E113/><V51/><F51/><W53/><G133/><T67/><D2/><U108/><E108/><V89/><REACH who="2" step="1"/><F96/><REACH who="2" ten="321,140,240,289" step="2"/><W97/><G111/><T93/><D126/><U52/><E66/><V65/><F65/><W105/><G79/><T4/><D67/><U124/><E124/><V12/><F12/><W110/><G110/><T104/><D98/><U68/><E68/><V134/><F134/><W20/><G105/><T121/><D50/><U120/><E120/><V57/><F57/><W64/><G64/><T21/><D56/><U125/><E125/><V13/><F13/><W72/><G97/><T102/><D55/><U131/><E131/><AGARI ba="0,1" hai="3,6,10,18,23,25,60,61,82,87,89,129,130,131" machi="131" ten="40,2600,0" yaku="1,1,19,1,53,0" doraHai="43" doraHaiUra="28" who="2" fromWho="1" sc="321,0,140,-26,240,36,289,0" owari="321,42.0,114,-39.0,276,-12.0,289,9.0" /></mjloggm>