<mjloggm ver="2.3"><GO type="97" lobby="0"/><UN n0="%E2%98%85%E6%98%9F%E9%A6%AC%E3%83%88%E3%83%83%E3%82%B7%E3%82%A4%E2%98%85" n1="%E5%B0%B1%E6%B4%BB%E7%94%9F%40%E5%B7%9D%E6%9D%91%E8%BB%8D%E5%9B%A3" n2="%E5%8A%A9%E5%85%AD" n3="%E7%8C%AB%E5%A5%89%E8%A1%8C%E6%99%82%E5%AE%9A" dan="15,14,14,13" rate="1935.45,2037.70,2020.11,1808.16" sx="M,M,M,M"/><TAIKYOKU oya="0"/><INIT seed="0,0,0,1,4,98" ten="250,250,250,250" oya="0" hai0="9,78,108,77,66,75,111,119,94,134,79,25,12" hai1="24,15,7,121,5,49,76,38,47,116,43,107,40" hai2="117,118,74,101,16,42,23,83,130,34,19,3,10" hai3="95,55,39,57,2,72,48,62,127,131,27,105,133"/><T89/><D119/><U122/><E107/><V110/><F110/><N who="0" m="42026" /><D134/><U4/><E116/><N who="2" m="44651" /><F42/><W32/><G133/><T112/><D112/><U96/><E76/><N who="2" m="44439" /><F34/><W0/><G39/><T14/><D66/><U103/><E24/><N who="2" m="14439" /><F130/><W70/><G131/><T45/><D75/><U73/><E73/><V123/><F123/><W120/><G72/><T99/><D25/><U87/><E40/><V33/><F33/><W88/><G120/><T93/><D45/><U129/><E129/><V64/><F64/><W82/><G105/><T67/><D67/><U60/><E38/><V124/><F124/><W21/><G70/><T81/><D81/><U8/><E121/><V113/><F113/><W35/><G82/><T90/><D9/><U18/><E122/><V13/><F3/><W84/><G127/><T65/><D65/><U41/><E41/><V30/><F30/><W97/><G35/><T20/><D20/><U135/><E135/><V71/><F71/><W26/><G32/><T17/><D17/><U63/><E18/><V31/><F31/><N who="3" m="17871" /><G0/><T91/><D94/><N who="1" m="58775" /><E8/><V59/><F59/><N who="3" m="33255" /><G2/><T85/><D85/><U29/><E29/><V86/><F86/><W106/><G106/><T104/><D104/><U126/><E126/><V36/><F36/><W54/><G84/><T109/><N who="0" m="42034" /><T46/><DORA hai="58" /><D46/><U68/><E68/><V52/><F52/><N who="3" m="34087" /><G27/><T80/><D80/><U11/><E87/><V53/><F53/><AGARI ba="0,0" hai="53,54,88,95,97" m="34087,33255,17871" machi="53" ten="30,7700,0" yaku="8,1,52,1,54,2" doraHai="98,58" who="3" fromWho="2" sc="250,0,250,0,250,-77,250,77" /><INIT seed="1,0,0,1,1,53" ten="250,250,173,327" oya="1" hai0="55,74,111,51,71,45,101,26,113,88,85,41,7" hai1="61,15,97,116,47,70,65,98,1,124,62,31,100" hai2="44,0,13,20,108,9,12,132,112,110,133,84,127" hai3="94,50,46,121,81,35,106,60,36,18,122,21,73"/><U134/><E116/><V99/><F84/><W131/><G106/><T87/><D113/><U129/><E1/><V22/><F44/><W86/><G35/><T105/><D111/><N who="2" m="42538" /><F99/><W3/><G3/><T49/><D71/><U6/><E124/><V28/><F112/><W39/><G73/><T115/><D115/><U11/><E129/><V33/><F127/><W126/><G131/><T104/><D74/><U91/><E134/><N who="2" m="51819" /><F33/><W82/><G126/><T40/><D7/><U5/><E47/><V117/><F117/><W43/><G39/><T42/><D101/><U118/><E118/><V76/><F76/><N who="3" m="46375" /><G36/><T103/><D103/><U119/><E119/><V16/><F0/><W93/><G121/><T135/><D135/><U27/><E91/><V120/><F120/><W19/><G122/><T69/><D69/><U95/><E97/><V89/><F89/><W14/><G82/><T128/><D128/><U24/><E62/><V48/><F48/><W83/><G83/><T29/><D87/><U23/><REACH who="1" step="1"/><E27/><REACH who="1" ten="250,240,173,327" step="2"/><N who="2" m="16487" /><F9/><N who="3" m="6479" /><G60/><T2/><D2/><U68/><E68/><V34/><F34/><W72/><G72/><T56/><D105/><U125/><E125/><V96/><F96/><W75/><G75/><T102/><D104/><U66/><E66/><V38/><F38/><W25/><AGARI ba="0,1" hai="19,21,25,43,46,50,93,94" m="6479,46375" machi="25" ten="30,1100,0" yaku="8,1" doraHai="53" who="3" fromWho="3" sc="250,-3,240,-5,173,-3,327,21" /><INIT seed="2,0,0,0,1,118" ten="247,235,170,348" oya="2" hai0="19,10,68,72,53,129,52,100,96,104,5,63,134" hai1="26,82,24,61,51,86,47,80,120,23,93,126,36" hai2="37,125,95,12,58,11,56,64,113,18,22,43,135" hai3="92,78,48,20,31,69,116,74,73,91,84,114,59"/><V87/><F113/><W117/><G114/><T79/><D134/><U29/><E36/><V49/><F135/><W40/><G69/><T45/><D129/><U27/><E120/><V67/><F125/><W115/><G115/><T1/><D19/><U66/><E126/><V110/><F37/><W83/><G73/><T88/><D79/><U94/><E26/><V75/><F75/><W33/><G33/><T107/><D72/><U8/><E8/><V101/><F110/><W28/><G117/><T109/><D109/><U119/><E27/><V9/><F58/><W128/><G116/><T17/><D17/><U21/><E21/><V106/><F106/><W112/><G112/><T57/><D107/><U54/><E119/><V99/><F87/><W111/><G111/><T133/><D133/><U98/><E86/><V39/><F39/><W34/><G34/><T81/><D68/><U70/><REACH who="1" step="1"/><E94/><REACH who="1" ten="247,225,170,348" step="2"/><V50/><F43/><W71/><G128/><T132/><D132/><U2/><E2/><V32/><F32/><W105/><G20/><T130/><D130/><U4/><E4/><V102/><F102/><AGARI ba="0,1" hai="23,24,29,47,51,54,61,66,70,80,82,93,98,102" machi="102" ten="30,3900,0" yaku="1,1,7,1,53,1" doraHai="118" doraHaiUra="46" who="1" fromWho="2" sc="247,0,225,49,170,-39,348,0" /><INIT seed="3,0,0,3,3,127" ten="247,274,131,348" oya="3" hai0="132,113,48,120,1,37,89,125,93,34,6,94,8" hai1="117,107,92,86,67,126,35,108,30,41,18,104,79" hai2="69,51,118,55,49,68,123,95,114,135,71,88,36" hai3="45,77,70,101,106,16,39,10,76,58,31,115,2"/><W4/><G115/><T15/><D125/><U102/><E35/><V122/><F118/><W27/><G70/><T96/><D113/><U13/><E30/><V66/><F114/><W53/><G106/><T57/><D132/><U128/><E41/><V0/><F0/><W5/><G101/><T130/><D120/><N who="2" m="46122" /><F95/><W98/><G98/><T105/><D37/><U97/><E117/><V46/><F88/><W14/><G2/><T33/><D105/><U78/><E126/><V85/><F85/><W72/><G39/><T133/><D133/><U74/><E67/><V12/><F12/><W90/><G45/><T59/><D130/><U21/><E74/><V73/><F73/><W38/><G38/><T109/><D109/><U52/><E128/><V24/><F24/><W103/><G103/><T9/><D94/><U50/><E108/><V60/><F135/><W28/><G90/><T121/><D121/><U100/><E100/><V43/><F49/><N who="3" m="31023" /><G72/><T17/><REACH who="0" step="1"/><D59/><AGARI ba="0,0" hai="36,43,46,51,55,59,60,66,68,69,71" m="46122" machi="59" ten="30,7700,0" yaku="24,1,13,1,34,2" doraHai="127" who="2" fromWho="0" sc="247,-77,274,0,131,77,348,0" owari="170,-33.0,274,7.0,208,-19.0,348,45.0" /></mjloggm>