<mjloggm ver="2.3"><GO type="169" lobby="0"/><UN n0="%E3%83%88%E3%83%88%E3%83%AA%E5%85%88%E7%94%9F%31%39%E6%AD%B3" n1="%E9%AB%98%E7%94%BA%EF%BC%A0%E3%81%AA%E3%81%AE%E3%81%AF" n2="%E3%82%B8%E3%83%A3%E3%82%B9%E3%82%BF%E3%82%A6%E3%82%A7%E3%82%A4" n3="%EF%BC%88%EF%BC%BE%D0%94%EF%BC%BE%EF%BC%89" dan="18,16,17,16" rate="2186.40,2165.27,2193.08,2196.01" sx="F,F,M,M"/><TAIKYOKU oya="0"/><INIT seed="0,0,0,4,3,118" ten="250,250,250,250" oya="0" hai0="69,123,42,23,44,75,110,122,71,0,5,35,85" hai1="46,98,83,125,16,115,38,109,52,50,126,132,11" hai2="9,129,66,70,131,19,95,17,13,28,103,55,96" hai3="3,45,119,31,25,15,77,93,56,135,27,127,20"/><T29/><D85/><U18/><E109/><V30/><F66/><W34/><G3/><T51/><D23/><U8/><E115/><V49/><F70/><W111/><G119/><T72/><D51/><U120/><E120/><N who="0" m="46121" /><D110/><U87/><E98/><V43/><F43/><W60/><G111/><T39/><D5/><U1/><E38/><V133/><F133/><W21/><G135/><T108/><D0/><U124/><E132/><V92/><F92/><W10/><G77/><T12/><D12/><U107/><E107/><V106/><F106/><W36/><G93/><T91/><D91/><N who="1" m="51711" /><E1/><V73/><F73/><N who="0" m="28234" /><D108/><U97/><E97/><V26/><F17/><AGARI ba="0,0" hai="8,11,16,17,18,46,50,52,124,125,126" m="51711" machi="17" ten="30,3900,0" yaku="18,1,54,2" doraHai="118" who="1" fromWho="2" sc="250,0,250,39,250,-39,250,0" /><INIT seed="1,0,0,0,5,92" ten="250,289,211,250" oya="1" hai0="45,56,88,1,51,32,135,111,55,16,105,12,57" hai1="62,89,61,37,35,11,125,68,118,128,17,86,93" hai2="130,58,50,95,84,6,133,27,53,82,60,69,54" hai3="76,81,49,52,115,24,22,36,100,74,108,120,30"/><U87/><E118/><V131/><F133/><W121/><G108/><T119/><D119/><U78/><E37/><V21/><F6/><W31/><G115/><T42/><D105/><U33/><E128/><V85/><F95/><W114/><G114/><T10/><D32/><U48/><E125/><V97/><F97/><W127/><G36/><T46/><D135/><U14/><E68/><V39/><F39/><W8/><G127/><T96/><D1/><U132/><E132/><V129/><F82/><W20/><G8/><T65/><D111/><U26/><E48/><V4/><F4/><W7/><G7/><T99/><D88/><U47/><E47/><N who="0" m="17929" /><D42/><U41/><E41/><V66/><REACH who="2" step="1"/><F54/><REACH who="2" ten="250,289,201,250" step="2"/><W79/><G81/><T102/><D102/><U25/><E35/><V101/><F101/><W110/><G100/><T15/><D15/><U116/><E116/><V18/><AGARI ba="0,1" hai="18,21,27,50,53,58,60,66,69,84,85,129,130,131" machi="18" ten="30,4000,0" yaku="1,1,0,1,19,1,53,0" doraHai="92" doraHaiUra="113" who="2" fromWho="2" sc="250,-10,289,-20,201,50,250,-10" /><INIT seed="2,0,0,4,3,108" ten="240,269,251,240" oya="2" hai0="64,24,83,104,23,39,81,122,35,9,31,133,85" hai1="79,8,95,105,57,32,70,54,63,128,61,36,112" hai2="6,134,92,113,109,28,34,72,65,84,38,53,11" hai3="55,103,73,76,93,119,117,77,102,116,13,115,94"/><V3/><F72/><W123/><G13/><T21/><D122/><U30/><E105/><V60/><F38/><W86/><G55/><T96/><D39/><U41/><E79/><N who="3" m="30282" /><G73/><T135/><D9/><U131/><E8/><V18/><F53/><W49/><G49/><T111/><D111/><U12/><E12/><V114/><F109/><W80/><G123/><T78/><D81/><U44/><E95/><N who="3" m="36362" /><G115/><T42/><D42/><U132/><E132/><N who="0" m="50761" /><D64/><N who="1" m="41247" /><E30/><V90/><F134/><W66/><G66/><T58/><D58/><U75/><E32/><V25/><REACH who="2" step="1"/><F18/><REACH who="2" ten="240,269,241,240" step="2"/><W4/><G4/><T47/><D47/><U130/><E75/><V29/><F29/><W62/><G62/><T129/><D129/><U22/><E22/><V1/><F1/><W88/><AGARI ba="0,1" hai="80,86,88,102,103,116,117,119" m="36362,30282" machi="88" ten="40,5200,0" yaku="34,2,54,1" doraHai="108" who="3" fromWho="3" sc="240,-13,269,-13,241,-26,240,62" /><INIT seed="3,0,0,4,1,125" ten="227,256,215,302" oya="3" hai0="46,131,85,106,82,94,39,124,15,86,50,33,116" hai1="18,119,36,74,128,81,112,103,134,123,68,60,6" hai2="8,37,132,41,92,44,52,127,47,91,45,111,64" hai3="73,26,96,75,30,49,71,32,57,61,67,42,59"/><W20/><G59/><T80/><D116/><U95/><E6/><V31/><F111/><W22/><G22/><T110/><D33/><U14/><E36/><V70/><F132/><W135/><G135/><T10/><D106/><U83/><E134/><V17/><F127/><W13/><G96/><T29/><D124/><U5/><E5/><V77/><F77/><W129/><G129/><T93/><D39/><U109/><E74/><V35/><F64/><W99/><G99/><T117/><D29/><U101/><E112/><V55/><F70/><W58/><G58/><T21/><D21/><U27/><E27/><V108/><F108/><W100/><G100/><T66/><D66/><U120/><E109/><V87/><F37/><W102/><G102/><N who="1" m="38922" /><E60/><V72/><F72/><W114/><G114/><T84/><D131/><U122/><E68/><V133/><F41/><W76/><G76/><T126/><D110/><U113/><E14/><N who="2" m="7367" /><F35/><W2/><G2/><T104/><D117/><U7/><E18/><V88/><F133/><W118/><G118/><T24/><D24/><U3/><E7/><V11/><F11/><W79/><G79/><T9/><D104/><U105/><E3/><V51/><F31/><W63/><G42/><N who="0" m="24919" /><D126/><U40/><E40/><V38/><F38/><W19/><REACH who="3" step="1"/><G49/><REACH who="3" ten="227,256,215,292" step="2"/><T90/><D9/><U56/><E119/><V25/><F51/><W16/><G16/><N who="0" m="8311" /><D90/><U107/><E113/><V69/><F69/><W78/><G78/><T62/><D62/><U48/><E128/><V54/><F91/><W28/><G28/><T115/><D115/><U34/><E34/><RYUUKYOKU ba="0,1" sc="227,10,256,-30,215,10,292,10" hai0="80,82,84,85,86,93,94" hai2="25,44,45,47,52,54,55,87,88,92" hai3="13,19,20,26,30,32,57,61,63,67,71,73,75" /><INIT seed="3,1,1,4,3,33" ten="237,226,225,302" oya="3" hai0="112,23,9,76,110,13,45,79,87,64,50,30,20" hai1="26,72,36,44,119,94,48,2,49,70,55,14,31" hai2="1,28,54,57,15,63,69,52,12,46,121,51,65" hai3="127,106,108,53,25,91,58,3,17,47,21,8,80"/><W131/><G106/><T114/><D110/><U124/><E72/><V100/><F121/><W35/><G131/><T56/><D64/><U104/><E104/><V92/><F28/><W7/><G127/><T129/><D56/><U10/><E70/><V132/><F132/><W59/><G108/><T22/><D129/><U61/><E119/><V6/><F100/><W116/><G116/><T0/><D0/><U67/><E124/><V123/><F123/><W11/><G11/><T98/><D98/><U29/><E2/><V85/><F92/><W109/><G109/><T111/><D30/><U40/><E94/><V130/><F130/><W120/><G120/><T32/><D32/><U39/><E39/><V128/><F85/><W135/><G135/><T102/><D102/><U60/><E48/><V115/><F115/><N who="0" m="44074" /><D87/><U83/><E83/><V77/><F128/><W113/><G113/><T75/><D75/><U86/><E86/><V37/><F77/><W133/><G133/><T41/><D111/><U27/><E31/><V66/><F66/><W62/><G35/><T95/><D95/><U74/><E74/><V101/><F101/><W84/><REACH who="3" step="1"/><G59/><REACH who="3" ten="237,226,225,292" step="2"/><T73/><D73/><U71/><E29/><V24/><F69/><W117/><G117/><T103/><D103/><U97/><E10/><V134/><F134/><W88/><G88/><T42/><D79/><U38/><E71/><V96/><F57/><W125/><G125/><T107/><D76/><U118/><E118/><V43/><F96/><W4/><G4/><N who="0" m="3239" /><D107/><U82/><E97/><V34/><F34/><W78/><G78/><RYUUKYOKU ba="1,2" sc="237,15,226,-15,225,-15,292,15" hai0="20,22,23,41,42,45,50" hai3="3,7,8,17,21,25,47,53,58,62,80,84,91" /><INIT seed="3,2,2,5,1,57" ten="252,211,210,307" oya="3" hai0="17,92,40,13,42,36,91,115,53,67,101,119,43" hai1="69,108,125,96,63,106,6,59,45,82,94,56,28" hai2="100,32,117,39,118,52,54,26,130,122,66,109,18" hai3="22,60,38,105,135,111,58,116,21,20,64,134,15"/><W9/><G116/><T74/><D119/><U90/><E108/><V2/><F39/><W84/><G111/><T49/><D74/><U19/><E125/><V61/><F2/><W31/><G105/><T85/><D115/><U97/><E6/><V107/><F109/><W27/><G38/><T75/><D75/><U98/><E28/><N who="2" m="19479" /><F18/><W95/><G135/><T121/><D121/><U133/><E133/><V14/><F14/><W104/><G104/><T80/><D36/><U48/><E82/><V120/><F130/><W68/><G68/><T127/><D127/><U99/><E106/><V41/><F41/><W81/><G95/><T129/><D129/><U55/><REACH who="1" step="1"/><E19/><REACH who="1" ten="252,201,210,307" step="2"/><V0/><F118/><W33/><G134/><T24/><D80/><U71/><E71/><N who="2" m="42447" /><F117/><W83/><REACH who="3" step="1"/><G84/><REACH who="3" ten="252,201,210,297" step="2"/><T78/><D85/><U62/><E62/><V131/><F131/><W16/><AGARI ba="2,4" hai="9,15,16,20,21,22,27,31,33,58,60,64,81,83" machi="16" ten="30,18000,2" yaku="1,1,2,1,0,1,52,1,54,1,53,1" doraHai="57" doraHaiUra="7" who="3" fromWho="3" sc="252,-62,201,-62,210,-62,297,226" /><INIT seed="3,3,0,2,4,124" ten="190,139,148,523" oya="3" hai0="13,83,123,70,98,33,128,129,43,103,95,126,25" hai1="77,57,87,3,111,68,71,22,18,73,12,17,105" hai2="7,58,52,1,0,121,72,119,41,127,38,75,108" hai3="81,89,91,50,67,99,85,15,66,120,93,27,32"/><W45/><G120/><T84/><D123/><U96/><E3/><V94/><F119/><W10/><G32/><T36/><D126/><U29/><E73/><V133/><F127/><W88/><G27/><T110/><D110/><U118/><E118/><V92/><F108/><W55/><REACH who="3" step="1"/><G91/><REACH who="3" ten="190,139,148,513" step="2"/><T51/><D33/><U112/><E111/><V74/><F121/><W101/><G101/><T97/><D25/><U62/><E112/><V8/><F133/><W54/><G54/><T53/><D53/><U11/><E71/><V26/><F26/><W5/><AGARI ba="3,1" hai="5,10,15,45,50,55,66,67,81,85,88,89,93,99" machi="5" ten="20,18000,2" yaku="1,1,0,1,7,1,8,1,54,1,53,1" doraHai="124" doraHaiUra="82" who="3" fromWho="3" sc="190,-63,139,-63,148,-63,513,199" /><INIT seed="3,4,0,5,4,52" ten="127,76,85,712" oya="3" hai0="62,110,38,25,129,37,95,109,34,118,10,9,61" hai1="70,86,85,93,58,30,11,123,19,8,83,54,122" hai2="0,131,76,36,45,94,22,28,7,15,120,105,112" hai3="48,49,64,2,63,23,130,73,104,4,40,53,14"/><W92/><G104/><T56/><D118/><U71/><E30/><V114/><F105/><W31/><G130/><T117/><D117/><U125/><E125/><V29/><F131/><W81/><G2/><T107/><D107/><U43/><E43/><V3/><F120/><W65/><G73/><T116/><D116/><U1/><E93/><V106/><F106/><W13/><G81/><T115/><D129/><U84/><E1/><V134/><F76/><W51/><G40/><T124/><D62/><U18/><E83/><V33/><F94/><W111/><G111/><N who="0" m="42507" /><D124/><U128/><E128/><V103/><F103/><W57/><G92/><T101/><D115/><N who="2" m="44074" /><F45/><W55/><G55/><N who="0" m="33951" /><D25/><U133/><E133/><V39/><F39/><N who="0" m="14858" /><D34/><U132/><E132/><V21/><F36/><W5/><G31/><N who="2" m="11849" /><F33/><W20/><G23/><N who="2" m="8713" /><F134/><W67/><REACH who="3" step="1"/><G20/><REACH who="3" ten="127,76,85,702" step="2"/><T35/><D35/><U121/><E121/><V72/><F72/><W135/><G135/><T127/><D127/><U97/><E123/><V99/><F99/><AGARI ba="4,1" hai="9,10,95,99,101" m="14858,33951,42507" machi="99" ten="30,2000,0" yaku="14,1,52,1" doraHai="52" who="0" fromWho="2" sc="127,42,76,0,85,-32,702,0" /><INIT seed="4,0,0,0,4,12" ten="169,76,53,702" oya="0" hai0="59,125,23,66,89,108,19,129,109,28,67,87,70" hai1="42,132,60,133,41,7,86,114,82,115,26,81,71" hai2="30,8,102,31,29,32,35,3,44,111,50,88,21" hai3="20,64,62,63,27,100,93,0,61,120,11,130,126"/><T104/><D104/><U80/><E7/><V135/><F111/><N who="0" m="42570" /><D70/><U68/><E26/><V13/><F135/><N who="1" m="51785" /><E86/><V77/><F77/><W46/><G120/><T58/><D129/><U10/><E60/><V57/><F102/><W134/><G130/><T51/><D125/><U24/><E24/><V1/><F57/><N who="0" m="21514" /><D51/><U47/><E10/><V107/><F21/><W103/><G134/><T94/><D28/><U72/><E72/><V37/><F37/><W97/><G126/><T56/><N who="0" m="21522" /><T112/><DORA hai="101" /><D112/><N who="1" m="43051" /><E47/><V14/><F107/><W25/><G64/><T83/><D83/><U84/><E84/><V9/><F50/><W116/><G61/><T45/><D45/><U85/><E85/><V127/><F44/><W119/><G62/><T131/><D131/><U55/><E55/><V43/><F43/><AGARI ba="0,0" hai="41,42,43,68,71,80,81,82" m="43051,51785" machi="43" ten="40,8000,1" yaku="28,2,20,1,15,1,11,1" doraHai="12,101" who="1" fromWho="2" sc="169,0,76,80,53,-80,702,0" owari="169,-3.0,156,-24.0,-27,-53.0,702,80.0" /></mjloggm>