<mjloggm ver="2.3"><GO type="169" lobby="0"/><UN n0="%E3%81%B5%E3%81%8A%E3%82%93%E3%83%BB%E3%82%B6%E3%83%BB%E5%A4%96%E9%81%93" n1="%E4%B8%AD%E5%B7%9D%E7%BF%94%E5%AD%90" n2="%E3%83%8C%E3%83%83%E3%83%97" n3="%E3%82%A6%E3%83%AB%E3%83%88%E3%83%A9%E7%AB%8B%E7%9B%B4" dan="16,16,16,18" rate="2114.42,2040.34,2161.95,2180.19" sx="M,F,M,M"/><TAIKYOKU oya="0"/><INIT seed="0,0,0,5,1,34" ten="250,250,250,250" oya="0" hai0="12,17,76,119,135,131,37,27,14,1,83,98,21" hai1="108,134,35,69,120,3,109,102,85,103,2,54,96" hai2="80,57,89,4,45,18,130,47,46,11,36,95,22" hai3="87,99,72,132,105,19,114,110,88,33,127,58,112"/><T13/><D37/><U15/><E120/><V65/><F130/><W8/><G33/><T49/><D119/><U38/><E134/><V121/><F121/><W126/><G58/><T128/><D135/><U16/><E35/><V25/><F80/><N who="3" m="49255" /><G19/><T100/><D49/><U116/><E116/><V74/><F74/><W78/><G8/><T77/><D1/><N who="1" m="11" /><E38/><V71/><F71/><W101/><G110/><N who="1" m="42602" /><E69/><V31/><F36/><W123/><G123/><T67/><D67/><U66/><E66/><V107/><F107/><W91/><G91/><T6/><D6/><U129/><E129/><N who="0" m="49737" /><D83/><U115/><E115/><V50/><F65/><W9/><G132/><T73/><D73/><U68/><E68/><V48/><F4/><W62/><G112/><T113/><D113/><U118/><E118/><V106/><F106/><AGARI ba="0,0" hai="12,13,14,17,21,27,76,77,98,100,106" m="49737" machi="106" ten="30,1500,0" yaku="19,1" doraHai="34" who="0" fromWho="2" sc="250,15,250,0,250,-15,250,0" /><INIT seed="0,1,0,0,3,52" ten="265,250,235,250" oya="0" hai0="64,86,47,84,74,113,93,106,67,14,21,60,11" hai1="116,114,94,23,68,133,57,129,115,1,134,42,0" hai2="76,53,102,75,6,44,110,28,15,54,124,80,25" hai3="95,99,33,61,112,135,96,123,89,50,8,35,118"/><T5/><D106/><U59/><E68/><V120/><F120/><W29/><G118/><T49/><D74/><U7/><E116/><V111/><F124/><W127/><G112/><N who="1" m="43050" /><E129/><V71/><F71/><W72/><G127/><T32/><D113/><U20/><E42/><V48/><F102/><W70/><G72/><T92/><D32/><U65/><E94/><V45/><F6/><W36/><G36/><T103/><D21/><N who="1" m="8267" /><E65/><N who="0" m="25161" /><D60/><U30/><E30/><V62/><F15/><W69/><G61/><T17/><D5/><U117/><E117/><V79/><F79/><W81/><G70/><T2/><D2/><N who="1" m="1131" /><E7/><V38/><F38/><W16/><G69/><T126/><D126/><U97/><E97/><V91/><F91/><W37/><G99/><N who="0" m="59879" /><D93/><U56/><AGARI ba="1,0" hai="56,57,59,133,134" m="1131,8267,43050" machi="56" ten="40,12000,2" yaku="28,2,11,1,52,3" doraHai="52" who="1" fromWho="1" sc="265,-61,250,123,235,-31,250,-31" /><INIT seed="1,0,0,1,2,95" ten="204,373,204,219" oya="1" hai0="9,94,100,81,97,131,55,124,38,36,108,122,40" hai1="45,30,41,67,86,17,127,69,103,107,102,113,89" hai2="126,74,58,37,70,47,109,80,31,93,130,3,87" hai3="12,42,56,53,118,5,61,19,25,57,44,98,8"/><U111/><E113/><V92/><F109/><W59/><G118/><T39/><D122/><U22/><E111/><V14/><F126/><W119/><G119/><T82/><D108/><U16/><E127/><V4/><F3/><W101/><G25/><T28/><D124/><U117/><E117/><V104/><F104/><W21/><G5/><T13/><D131/><U29/><E69/><V62/><F70/><W72/><G72/><T23/><D40/><U52/><E67/><V79/><F31/><N who="1" m="11785" /><E107/><V64/><F130/><W1/><G1/><T106/><D106/><U65/><E65/><V33/><F33/><W75/><G75/><T18/><D55/><U7/><E41/><V35/><F35/><W27/><G27/><T43/><D43/><U125/><E7/><V71/><F71/><W32/><G32/><T90/><D28/><U115/><E125/><V50/><F37/><W48/><REACH who="3" step="1"/><G21/><REACH who="3" ten="204,373,204,209" step="2"/><T2/><D2/><U51/><E115/><V77/><F74/><W105/><AGARI ba="0,1" hai="8,12,19,42,44,48,53,56,57,59,61,98,101,105" machi="105" ten="20,8000,1" yaku="1,1,2,1,0,1,7,1,52,1,53,0" doraHai="95" doraHaiUra="66" who="3" fromWho="3" sc="204,-20,373,-40,204,-20,209,90" /><INIT seed="2,0,0,5,1,105" ten="184,333,184,299" oya="2" hai0="129,19,84,20,114,97,116,120,57,29,77,55,23" hai1="43,39,64,79,91,22,38,14,125,100,75,35,130" hai2="10,119,112,12,54,96,31,25,53,56,46,15,21" hai3="60,135,32,117,78,8,36,126,30,132,121,34,11"/><V45/><F119/><W7/><G36/><T128/><D120/><U42/><E35/><V68/><F68/><W48/><G117/><T58/><D114/><U113/><E100/><V104/><F112/><W82/><G121/><T50/><D116/><U5/><E113/><V102/><F15/><W6/><G48/><T47/><D97/><U51/><E64/><V71/><F71/><W0/><G60/><T92/><D29/><U65/><E65/><V9/><F9/><W131/><G131/><T62/><D57/><U33/><E33/><V37/><F37/><W24/><G34/><T133/><D133/><U80/><E125/><V17/><REACH who="2" step="1"/><F54/><REACH who="2" ten="184,333,174,299" step="2"/><W122/><G122/><T49/><D129/><U18/><E38/><V111/><F111/><W99/><G135/><T44/><D128/><U73/><E39/><V61/><AGARI ba="0,1" hai="10,12,17,21,25,31,45,46,53,56,61,96,102,104" machi="61" ten="20,12000,1" yaku="1,1,0,1,7,1,53,2" doraHai="105" doraHaiUra="41" who="2" fromWho="2" sc="184,-40,333,-40,174,130,299,-40" /><INIT seed="2,1,0,1,5,91" ten="144,293,304,259" oya="2" hai0="66,127,85,46,131,115,20,79,80,103,105,11,33" hai1="19,111,17,135,64,88,32,70,50,106,63,25,74" hai2="122,72,107,9,99,15,44,112,134,7,35,0,34" hai3="97,16,125,98,109,29,10,93,104,59,56,23,116"/><V126/><F122/><W76/><G116/><T121/><D20/><U62/><E74/><V96/><F72/><W4/><G109/><T65/><D46/><U86/><E106/><V54/><F112/><W71/><G71/><T40/><D11/><U6/><E111/><V124/><F134/><W100/><G125/><N who="2" m="48233" /><F0/><W67/><G76/><T83/><D40/><U114/><E114/><V53/><F53/><W18/><G67/><T110/><D65/><U48/><E135/><V39/><F107/><W119/><G119/><T36/><D66/><U90/><E6/><V101/><F96/><W129/><G129/><T47/><D47/><U52/><E48/><N who="2" m="28935" /><F39/><W3/><G29/><T37/><D37/><U22/><E32/><V123/><F123/><W14/><REACH who="3" step="1"/><G18/><REACH who="3" ten="144,293,304,249" step="2"/><T24/><D121/><U130/><E130/><V12/><F12/><W118/><G118/><T87/><D110/><U51/><E19/><V84/><F15/><W120/><G120/><T81/><D127/><U82/><REACH who="1" step="1"/><E90/><AGARI ba="1,1" hai="3,4,10,14,16,23,56,59,90,93,97,98,100,104" machi="90" ten="30,7700,0" yaku="1,1,7,1,52,1,54,1,53,0" doraHai="91" doraHaiUra="49" who="3" fromWho="1" sc="144,0,293,-80,304,0,249,90" /><INIT seed="3,0,0,0,3,43" ten="144,213,304,339" oya="3" hai0="36,99,101,88,87,57,62,90,53,19,52,117,114" hai1="7,67,11,59,115,113,116,84,48,125,128,2,58" hai2="16,75,72,6,131,26,24,9,10,31,118,120,121" hai3="8,71,130,68,41,89,133,4,20,132,107,135,92"/><W33/><G33/><T76/><D36/><U105/><E105/><V63/><F118/><W64/><G107/><T104/><D117/><U124/><E116/><V98/><F98/><W60/><G130/><T22/><D114/><U49/><E128/><V61/><F131/><W21/><G68/><T77/><D53/><N who="1" m="32039" /><E84/><V108/><F16/><W39/><G41/><T56/><D56/><U94/><E94/><V3/><F108/><W102/><G102/><T103/><D103/><U29/><E29/><V97/><F97/><W82/><G82/><T27/><REACH who="0" step="1"/><D90/><REACH who="0" ten="134,213,304,339" step="2"/><U127/><E67/><V46/><F120/><W110/><G39/><T93/><AGARI ba="0,1" hai="19,22,27,52,57,62,76,77,87,88,93,99,101,104" machi="93" ten="20,12000,2" yaku="1,1,2,1,0,1,7,1,54,2,53,0" doraHai="43" doraHaiUra="32" who="0" fromWho="0" sc="134,130,213,-30,304,-30,339,-60" /><INIT seed="4,0,0,4,3,84" ten="264,183,274,279" oya="0" hai0="17,114,91,20,73,121,44,41,46,80,11,120,125" hai1="62,35,14,94,4,6,39,69,117,90,67,78,3" hai2="56,40,24,13,85,47,134,132,65,50,22,104,129" hai3="130,52,110,38,71,135,105,68,49,34,5,12,57"/><T15/><D114/><U108/><E108/><V19/><F104/><W36/><G34/><T124/><D73/><U61/><E117/><V86/><F129/><W99/><G110/><T23/><D120/><U51/><E39/><V96/><F96/><W53/><G99/><T100/><D100/><U54/><E3/><V55/><F65/><W109/><G12/><T103/><D103/><U133/><E35/><V45/><F45/><N who="3" m="27695" /><G5/><T127/><D121/><U32/><E32/><V115/><F24/><W33/><G105/><T66/><D66/><U64/><E133/><N who="2" m="51307" /><F115/><W77/><G77/><T74/><D74/><U21/><E78/><V9/><F9/><W107/><G33/><T97/><D44/><U87/><E21/><V119/><F119/><W72/><G72/><T88/><D97/><U42/><E42/><V118/><F118/><W131/><G107/><T63/><D63/><AGARI ba="0,0" hai="13,19,22,40,47,50,55,56,63,85,86" m="51307" machi="63" ten="30,1000,0" yaku="20,1" doraHai="84" who="2" fromWho="0" sc="264,-10,183,0,274,10,279,0" /><INIT seed="5,0,0,4,0,48" ten="254,183,284,279" oya="1" hai0="68,88,126,61,80,59,135,78,72,133,3,41,28" hai1="115,116,113,22,124,132,38,130,40,35,102,83,67" hai2="70,37,98,79,50,15,0,129,63,121,58,114,1" hai3="54,131,86,57,103,44,51,34,64,46,119,84,29"/><U19/><E116/><V92/><F121/><W45/><G119/><T43/><D3/><U104/><E35/><V110/><F129/><W14/><G131/><T52/><D68/><U118/><E118/><V108/><F37/><W109/><G109/><T8/><D126/><U21/><E130/><V122/><F114/><N who="1" m="43529" /><E124/><V75/><F79/><W49/><G34/><T32/><D8/><U96/><E67/><V85/><F75/><W125/><G125/><T5/><D5/><U10/><E132/><N who="0" m="50761" /><D88/><U127/><E127/><V94/><F122/><W93/><G29/><T30/><D32/><U56/><E56/><V66/><F108/><W23/><G64/><T100/><D100/><U2/><E83/><V25/><F58/><W65/><G65/><T26/><D26/><U89/><E89/><V11/><F25/><W74/><G74/><T60/><D60/><U6/><E19/><V31/><F66/><W39/><G103/><T24/><D24/><U71/><E71/><V13/><F70/><W117/><G117/><T53/><D28/><U105/><E105/><V20/><F31/><W82/><G82/><T90/><D90/><U27/><E27/><V36/><F110/><W111/><G111/><T76/><D76/><U120/><E120/><V97/><F36/><W77/><G39/><T134/><D30/><U12/><E2/><V7/><F1/><W62/><G77/><T95/><D134/><U47/><AGARI ba="0,0" hai="6,10,12,21,22,38,40,47,96,102,104" m="43529" machi="47" ten="30,1500,0" yaku="15,1" doraHai="48" who="1" fromWho="1" sc="254,-5,183,15,284,-5,279,-5" /><INIT seed="5,1,0,1,2,126" ten="249,198,279,274" oya="1" hai0="120,50,62,28,57,90,24,2,39,26,86,130,135" hai1="96,7,34,77,74,68,9,71,111,69,110,73,88" hai2="87,1,61,22,124,15,43,8,115,54,0,35,32" hai3="10,46,113,85,76,104,121,119,93,127,99,64,107"/><U4/><E34/><V134/><F43/><W92/><G64/><T30/><D39/><U83/><E73/><V98/><F124/><W40/><G121/><T106/><D106/><U116/><E116/><V6/><F98/><W56/><G127/><T89/><D2/><U55/><E55/><V51/><F61/><W17/><G56/><T33/><D120/><U91/><E96/><V122/><F122/><W49/><G113/><T102/><D102/><U94/><E94/><V95/><F134/><W123/><G123/><T75/><D75/><U118/><E118/><V45/><F1/><W97/><G119/><T44/><D135/><U14/><REACH who="1" step="1"/><E4/><REACH who="1" ten="249,188,279,274" step="2"/><V29/><F95/><W20/><G93/><N who="0" m="54455" /><D33/><U100/><E100/><V131/><F35/><W18/><G99/><T65/><D65/><U38/><E38/><V11/><F32/><W48/><G97/><T52/><D52/><U60/><E60/><V41/><F54/><W82/><G92/><T59/><D62/><U101/><E101/><V128/><F6/><W25/><G49/><T21/><D50/><U117/><E117/><V47/><F51/><W16/><G104/><T66/><D66/><U37/><E37/><V112/><F112/><W103/><G107/><T12/><D44/><U105/><E105/><V72/><F115/><W58/><G103/><T70/><D70/><U108/><AGARI ba="1,1" hai="7,9,14,68,69,71,74,77,83,88,91,108,110,111" machi="108" ten="40,18000,2" yaku="1,1,0,1,10,1,54,1,53,3" doraHai="126" doraHaiUra="67" who="1" fromWho="1" sc="249,-61,188,193,279,-61,274,-61" /><INIT seed="5,2,0,4,4,92" ten="188,381,218,213" oya="1" hai0="27,101,14,16,40,94,111,120,41,84,61,29,17" hai1="58,102,129,42,83,85,118,90,125,110,72,24,64" hai2="35,22,39,60,13,128,81,7,4,86,78,9,87" hai3="131,45,3,75,57,103,114,67,88,55,65,54,93"/><U59/><E118/><V6/><F39/><W70/><G3/><T50/><D111/><U108/><E129/><V30/><F35/><W130/><G75/><T119/><D119/><U15/><E125/><V134/><F134/><W8/><G103/><T33/><D120/><U68/><E68/><V76/><F128/><N who="3" m="49195" /><G70/><T28/><D28/><U133/><E42/><V73/><F73/><W62/><G8/><T127/><D127/><U109/><E133/><V46/><F46/><W26/><G26/><T113/><D113/><U77/><E24/><N who="2" m="16663" /><F60/><W36/><G114/><T71/><D17/><U2/><E2/><V100/><F100/><W53/><G67/><T97/><D84/><U89/><E64/><V19/><F87/><N who="3" m="52383" /><G45/><T44/><D40/><U51/><E102/><V121/><F121/><W56/><G56/><T126/><D126/><U96/><E59/><V18/><F18/><W47/><G47/><T43/><D71/><U112/><E72/><V116/><F116/><W32/><G32/><T95/><D43/><U25/><E112/><V79/><AGARI ba="2,0" hai="4,6,7,9,13,19,76,78,79,81,86" m="16663" machi="79" ten="30,1100,0" yaku="8,1" doraHai="92" who="2" fromWho="2" sc="188,-5,381,-7,218,17,213,-5" /><INIT seed="6,0,0,0,3,80" ten="183,374,235,208" oya="2" hai0="75,92,19,34,83,24,123,135,39,62,127,54,85" hai1="15,77,28,101,90,96,53,121,130,70,16,87,115" hai2="107,30,91,36,58,81,63,119,118,60,0,44,109" hai3="59,23,38,117,14,5,48,68,65,122,46,10,78"/><V20/><F107/><W22/><G122/><T104/><D104/><U66/><E121/><V3/><F109/><W110/><G110/><T94/><D39/><U114/><E130/><V120/><F120/><W41/><G117/><T8/><D75/><U73/><E28/><V99/><F36/><W42/><G78/><T93/><D123/><U86/><E70/><V74/><F44/><W1/><G42/><T97/><D34/><U45/><E66/><V7/><F7/><W67/><G65/><T9/><D135/><U6/><E6/><V102/><F63/><N who="3" m="40063" /><G1/><T27/><D127/><U89/><E73/><V112/><F74/><W55/><AGARI ba="0,0" hai="5,10,14,22,23,38,41,46,48,55,59" m="40063" machi="55" ten="30,1100,0" yaku="24,1" doraHai="80" who="3" fromWho="3" sc="183,-3,374,-3,235,-5,208,11" /><INIT seed="7,0,0,3,0,10" ten="180,371,230,219" oya="3" hai0="109,40,53,57,9,124,3,29,80,32,88,85,68" hai1="127,89,115,135,52,21,99,13,43,82,74,86,47" hai2="104,42,49,117,79,34,6,122,41,48,18,101,131" hai3="105,51,116,35,0,129,94,125,90,63,24,20,118"/><W102/><G0/><T5/><D68/><U1/><E1/><V95/><F117/><W71/><G125/><T91/><D109/><U87/><E74/><V22/><F34/><W11/><G129/><T106/><D106/><U110/><E110/><V83/><F104/><W45/><G35/><T8/><D124/><U60/><E115/><V61/><F6/><W37/><G37/><T119/><D119/><U25/><E127/><V19/><F19/><W107/><G102/><T134/><D134/><U2/><E2/><V33/><F33/><W81/><G81/><T73/><D73/><U69/><E13/><V126/><F122/><W26/><G11/><T36/><D8/><U16/><E135/><V59/><F42/><N who="3" m="25015" /><G26/><T65/><D65/><U93/><E69/><V92/><F41/><W97/><G105/><T128/><D128/><U114/><E114/><V58/><F58/><W56/><G107/><T120/><D120/><U31/><E31/><V98/><F92/><W62/><G62/><T121/><D121/><U17/><E82/><V72/><F131/><W66/><G71/><T44/><D32/><U54/><E60/><V28/><F28/><W103/><G90/><T100/><D29/><AGARI ba="0,0" hai="20,24,29,56,63,66,94,97,103,116,118" m="25015" machi="29" ten="30,1500,0" yaku="25,1" doraHai="10" who="3" fromWho="0" sc="180,-15,371,0,230,0,219,15" /><INIT seed="7,1,0,2,5,86" ten="165,371,230,234" oya="3" hai0="109,51,121,134,119,73,31,16,135,91,93,92,74" hai1="78,71,33,22,103,100,89,18,98,58,72,129,69" hai2="120,113,70,23,46,80,37,17,67,57,0,102,105" hai3="24,27,53,5,48,112,124,132,61,30,62,2,29"/><W1/><G124/><T96/><D121/><U117/><E33/><V63/><F0/><W99/><G132/><T115/><D119/><U7/><E7/><V39/><F113/><W101/><G112/><T12/><D109/><U9/><E9/><V54/><F120/><W11/><G1/><T49/><D115/><U64/><E129/><V81/><F105/><W130/><G130/><T122/><D122/><U38/><E38/><V118/><F102/><W8/><G8/><T88/><D31/><U82/><E117/><V83/><F118/><W75/><G75/><T20/><D73/><U13/><E89/><V79/><F46/><W116/><G27/><T65/><D65/><U90/><E90/><V76/><F37/><W55/><G55/><T40/><D74/><U42/><E42/><V28/><F28/><W47/><G30/><T19/><D40/><U26/><E13/><V123/><F39/><W66/><G66/><T34/><D34/><U35/><E35/><V133/><F133/><N who="0" m="50698" /><D19/><U94/><E100/><V25/><F123/><W41/><G41/><T50/><D50/><U6/><E6/><V4/><F4/><W131/><G116/><T56/><D56/><U104/><E104/><V114/><F114/><W95/><G131/><T45/><D45/><U111/><E111/><V15/><F15/><W126/><G2/><T128/><D128/><U52/><E64/><V108/><F108/><W106/><G29/><T3/><D3/><U127/><E127/><V10/><F10/><W21/><G126/><T85/><AGARI ba="1,0" hai="12,16,20,49,51,85,88,91,92,93,96" m="50698" machi="85" ten="30,8000,1" yaku="20,1,52,2,54,2" doraHai="86" who="0" fromWho="0" sc="165,83,371,-21,230,-21,234,-41" owari="248,5.0,350,45.0,209,-19.0,193,-31.0" /></mjloggm>