<mjloggm ver="2.3"><GO type="97" lobby="0"/><UN n0="%E9%BB%92%E5%B8%AF%E3%83%89%E3%83%A9%E3%82%B4%E3%83%B3" n1="%72%65%65%66" n2="%E3%83%99%E3%83%AB%E3%83%88%E3%83%AD" n3="%E5%B0%B1%E6%B4%BB%E7%94%9F%40%E5%B7%9D%E6%9D%91%E8%BB%8D%E5%9B%A3" dan="14,13,13,15" rate="1968.72,1878.79,1839.19,1981.10" sx="M,M,F,M"/><TAIKYOKU oya="0"/><INIT seed="0,0,0,2,3,95" ten="250,250,250,250" oya="0" hai0="123,56,60,84,134,33,119,125,107,59,108,116,32" hai1="87,29,20,35,129,53,82,81,49,71,61,135,126" hai2="12,91,25,45,69,9,1,57,122,79,118,70,5" hai3="77,37,86,44,90,111,27,6,121,13,68,8,58"/><T62/><D84/><U74/><E35/><V83/><F122/><W50/><G68/><T16/><D123/><U0/><E0/><V64/><F91/><W67/><G121/><T26/><D26/><U89/><E126/><V100/><F100/><W2/><G111/><T24/><D24/><U73/><E129/><V54/><F25/><W43/><G27/><T114/><D125/><U34/><E34/><V72/><F12/><W132/><G77/><T38/><D38/><U110/><E29/><V93/><F93/><W115/><G115/><T36/><D36/><U52/><E20/><V23/><F23/><W76/><G76/><T41/><D114/><U66/><E110/><V109/><F109/><W30/><G30/><T117/><D108/><U113/><E113/><V112/><F112/><W106/><G106/><T18/><D119/><U97/><E135/><V46/><F46/><W48/><G132/><T42/><D107/><U19/><E19/><V104/><F104/><W3/><G37/><T65/><D134/><U88/><E53/><V75/><F75/><W99/><G99/><T28/><D28/><U7/><E7/><V21/><F21/><W11/><G11/><T127/><D127/><U124/><E124/><V22/><F22/><W92/><G67/><AGARI ba="0,0" hai="16,18,32,33,41,42,56,59,60,62,65,67,116,117" machi="67" ten="25,4800,0" yaku="22,2,54,1" doraHai="95" who="0" fromWho="3" sc="250,48,250,0,250,0,250,-48" /><INIT seed="0,1,0,1,5,36" ten="298,250,250,202" oya="0" hai0="11,57,117,87,59,30,125,14,76,111,116,3,103" hai1="8,13,98,47,106,130,15,7,133,120,49,20,127" hai2="77,40,21,23,19,46,52,134,92,126,61,73,37" hai3="70,74,65,122,34,45,109,115,119,107,105,55,51"/><T6/><D111/><U95/><E120/><V86/><F134/><W67/><G119/><T131/><D125/><U91/><E133/><V68/><F23/><W83/><G115/><T39/><D131/><U90/><E106/><V88/><F126/><W97/><G34/><T114/><D114/><U99/><E130/><V50/><F77/><W81/><G122/><T128/><D39/><U25/><E127/><V53/><F73/><W16/><G109/><T4/><D128/><U0/><E98/><V113/><F113/><W79/><G83/><T64/><D30/><U42/><REACH who="1" step="1"/><E90/><REACH who="1" ten="298,240,250,202" step="2"/><V5/><F5/><W41/><G97/><T112/><D4/><U110/><E110/><V56/><F68/><W32/><G70/><T1/><D112/><U108/><E108/><V123/><F123/><W44/><G105/><T69/><D69/><U78/><E78/><V43/><F37/><W121/><G107/><T24/><D103/><U72/><E72/><V54/><F54/><W66/><G121/><T82/><D64/><U22/><E22/><V38/><F38/><W27/><G32/><T18/><D117/><U9/><E9/><V93/><F93/><W132/><G132/><T80/><D80/><U29/><AGARI ba="1,1" hai="0,7,8,13,15,20,25,29,42,47,49,91,95,99" machi="29" ten="20,5200,0" yaku="1,1,0,1,7,1,52,1,53,0" doraHai="36" doraHaiUra="101" who="1" fromWho="1" sc="298,-27,240,65,250,-14,202,-14" /><INIT seed="1,0,0,3,4,87" ten="271,305,236,188" oya="1" hai0="36,60,30,13,91,63,6,33,50,41,95,109,5" hai1="75,94,32,42,31,116,114,0,46,90,55,128,10" hai2="34,39,21,68,52,133,99,23,20,19,121,112,35" hai3="83,130,81,53,67,28,51,48,96,62,124,26,88"/><U66/><E114/><V85/><F39/><W1/><G1/><T65/><D36/><U17/><E116/><V115/><F68/><W18/><G130/><T54/><D109/><U7/><E75/><V11/><F121/><W12/><G124/><T15/><D41/><U72/><E72/><V131/><F99/><W64/><G28/><T113/><D30/><U104/><E104/><V14/><F85/><W27/><G51/><T71/><D63/><U57/><E66/><N who="3" m="25130" /><G62/><T29/><D113/><N who="2" m="43594" /><F52/><W25/><G53/><T119/><D119/><U129/><E17/><V22/><F131/><N who="1" m="50249" /><E46/><V78/><F78/><W117/><G48/><T127/><D127/><U108/><E42/><V49/><F49/><W56/><G56/><T43/><D43/><U107/><E107/><V79/><F79/><W44/><G44/><T73/><D73/><U135/><E108/><V74/><F74/><W47/><G47/><T4/><D29/><U86/><E55/><V98/><F98/><W38/><G38/><T16/><D33/><U8/><E57/><V92/><F92/><N who="3" m="56327" /><G117/><T59/><D13/><U9/><E135/><V106/><F106/><W100/><G100/><T69/><D69/><U37/><E37/><V132/><N who="2" m="5632" /><DORA hai="120" /><V126/><F126/><W102/><G102/><T45/><D71/><U111/><E111/><V97/><F97/><W118/><G118/><T110/><D110/><U77/><E77/><V93/><F93/><W40/><G40/><T125/><D125/><U105/><E105/><V3/><F3/><W122/><G122/><T58/><D45/><U134/><E134/><AGARI ba="0,0" hai="11,14,19,34,35,132,133,134" m="5632,43594" machi="134" ten="50,8000,1" yaku="6,1,20,1,11,1,34,2" doraHai="87,120" who="2" fromWho="1" sc="271,0,305,-80,236,80,188,0" /><INIT seed="2,0,0,5,1,26" ten="271,225,316,188" oya="2" hai0="39,77,37,84,88,8,135,93,102,96,79,98,103" hai1="111,86,110,113,47,119,60,134,67,2,74,40,4" hai2="56,128,73,89,80,124,41,13,36,68,54,61,133" hai3="22,11,53,71,20,115,19,123,35,114,23,122,6"/><V66/><F124/><W18/><G71/><T120/><D8/><N who="1" m="2071" /><E113/><N who="3" m="43018" /><G53/><T90/><D37/><N who="1" m="21903" /><E119/><V72/><F128/><W3/><G35/><T127/><D39/><U28/><E134/><V17/><F133/><W9/><G9/><T97/><D135/><U31/><E86/><V62/><F41/><W117/><G117/><T65/><D65/><U38/><E38/><V108/><F36/><W101/><G101/><N who="0" m="38411" /><D120/><AGARI ba="0,0" hai="3,6,11,18,19,20,22,23,120,122,123" m="43018" machi="120" ten="40,5200,0" yaku="11,1,34,2" doraHai="26" who="3" fromWho="0" sc="271,-52,225,0,316,0,188,52" /><INIT seed="3,0,0,5,0,135" ten="219,225,316,240" oya="3" hai0="24,102,123,98,120,82,44,107,63,79,30,3,43" hai1="60,57,8,105,36,27,25,72,96,89,42,40,111" hai2="7,116,77,84,97,48,53,74,93,49,115,121,81" hai3="100,86,65,128,126,15,21,70,114,11,20,85,5"/><W124/><G114/><T59/><D3/><U22/><E72/><V9/><F115/><W2/><G128/><T66/><D24/><U119/><E111/><V67/><F116/><W39/><G39/><T10/><D10/><U130/><E130/><V35/><F35/><W37/><G37/><T45/><D30/><N who="1" m="17719" /><E36/><V125/><F67/><W4/><G100/><T38/><D45/><U112/><E112/><V50/><F74/><AGARI ba="0,0" hai="38,43,44,59,63,66,74,79,82,98,102,107,120,123" machi="74" ten="30,1000,0" yaku="7,1" doraHai="135" who="0" fromWho="2" sc="219,10,225,0,316,-10,240,0" owari="229,-17.0,225,-27.0,306,40.0,240,4.0" /></mjloggm>