<mjloggm ver="2.3"><GO type="97" lobby="0"/><UN n0="%E6%9C%88%E5%92%8F%E3%82%8B%E3%81%AA" n1="%E3%82%B0%E3%83%95%E3%83%95" n2="%E5%B0%B1%E6%B4%BB%E7%94%9F%40%E5%B7%9D%E6%9D%91%E8%BB%8D%E5%9B%A3" n3="%E6%B2%90%E8%8C%9C%E5%A8%9C%E5%A8%9C" dan="13,14,15,13" rate="1880.10,1940.51,2014.60,1805.77" sx="M,M,M,F"/><TAIKYOKU oya="0"/><INIT seed="0,0,0,1,3,17" ten="250,250,250,250" oya="0" hai0="68,133,64,33,45,98,113,109,56,106,102,20,22" hai1="38,76,58,13,127,47,34,103,44,60,82,48,3" hai2="128,71,122,54,28,10,116,30,91,75,21,40,55" hai3="132,50,2,23,99,124,126,97,4,78,73,14,69"/><T77/><D113/><U32/><E3/><V134/><F122/><W107/><G69/><T15/><D33/><U16/><E38/><V74/><F71/><W125/><G2/><T0/><D0/><U81/><E127/><V27/><F116/><W108/><G108/><T6/><D133/><U11/><E103/><V96/><F134/><W35/><G132/><T53/><D109/><U117/><E117/><V12/><F128/><W104/><G35/><T118/><D118/><U90/><E90/><V119/><F40/><W9/><G50/><T66/><D77/><U131/><E131/><V114/><F114/><W92/><G73/><T120/><D120/><U65/><E81/><V37/><F37/><W79/><G104/><T101/><D101/><U84/><REACH who="1" step="1"/><E47/><REACH who="1" ten="250,240,250,250" step="2"/><V94/><F119/><W42/><G42/><AGARI ba="0,1" hai="11,13,16,32,34,42,44,48,58,60,65,76,82,84" machi="42" ten="30,7700,0" yaku="1,1,2,1,7,1,54,1,53,0" doraHai="17" doraHaiUra="95" who="1" fromWho="3" sc="250,0,240,87,250,0,250,-77" /><INIT seed="1,0,0,1,4,2" ten="250,327,250,173" oya="1" hai0="125,26,75,77,121,44,42,80,3,48,21,19,8" hai1="135,69,12,123,110,128,109,115,45,122,90,27,36" hai2="6,85,82,41,103,15,11,7,104,132,20,59,31" hai3="114,94,73,52,87,88,23,98,112,102,51,13,61"/><U71/><E90/><V68/><F68/><N who="1" m="26185" /><E27/><N who="2" m="16871" /><F104/><W120/><G120/><N who="1" m="46122" /><E12/><V18/><F132/><W60/><G73/><T40/><D121/><U17/><E17/><V97/><F41/><W30/><G114/><T92/><D92/><U91/><E91/><N who="2" m="51639" /><F97/><W107/><G112/><T32/><D32/><U62/><E115/><V99/><F99/><W131/><G131/><T108/><D108/><N who="1" m="41579" /><E135/><V127/><F127/><W111/><G111/><T63/><D125/><U4/><E4/><N who="2" m="1579" /><F59/><N who="3" m="33183" /><G30/><T5/><REACH who="0" step="1"/><D63/><REACH who="0" ten="240,327,250,173" step="2"/><U84/><E62/><V58/><F58/><W119/><G119/><T29/><D29/><U126/><E126/><V113/><F113/><W10/><G10/><T65/><D65/><U129/><E84/><V39/><F39/><W67/><G67/><T93/><D93/><U100/><E100/><AGARI ba="0,1" hai="11,15,18,100,103" m="1579,51639,16871" machi="100" ten="30,7700,0" yaku="8,1,52,3" doraHai="2" who="2" fromWho="1" sc="240,0,327,-77,250,87,173,0" /><INIT seed="2,0,0,5,2,122" ten="240,250,337,173" oya="2" hai0="9,66,28,116,70,81,69,119,133,56,76,113,0" hai1="4,123,130,111,124,117,14,110,35,79,47,84,46" hai2="16,95,27,90,41,92,94,91,106,26,55,57,102" hai3="89,101,132,93,77,20,71,6,114,75,49,103,65"/><V25/><F41/><W61/><G114/><T125/><D125/><U88/><E117/><N who="0" m="45129" /><D113/><U13/><E35/><V96/><REACH who="2" step="1"/><F16/><REACH who="2" ten="240,250,327,173" step="2"/><W17/><G132/><T33/><D133/><U43/><E4/><V126/><F126/><W54/><G6/><T30/><D28/><U52/><E124/><V50/><AGARI ba="0,1" hai="25,26,27,50,55,57,90,91,92,94,95,96,102,106" machi="50" ten="30,3000,0" yaku="1,1,0,1,53,0" doraHai="122" doraHaiUra="40" who="2" fromWho="2" sc="240,-10,250,-10,327,40,173,-10" /><INIT seed="2,1,0,2,0,114" ten="230,240,367,163" oya="2" hai0="76,97,18,58,86,119,132,98,66,39,19,111,10" hai1="45,84,61,74,113,48,5,123,51,96,68,55,116" hai2="30,105,73,108,90,26,35,79,41,12,135,100,20" hai3="22,118,91,75,128,107,63,112,4,101,40,72,49"/><V81/><F135/><W120/><G118/><T42/><D119/><U21/><E113/><V57/><F108/><W94/><G120/><T17/><D111/><U25/><E74/><V64/><F41/><W24/><G112/><T71/><D132/><U126/><E116/><V53/><F64/><W82/><G128/><T14/><D71/><U93/><E126/><V125/><F125/><W2/><G63/><N who="0" m="38263" /><D42/><U109/><E109/><V7/><F90/><W129/><G129/><T117/><D117/><U83/><E123/><V60/><F100/><W70/><G70/><T33/><D33/><U78/><E5/><V47/><F105/><W67/><G67/><T102/><D39/><U130/><E130/><V11/><REACH who="2" step="1"/><F20/><REACH who="2" ten="230,240,357,163" step="2"/><W8/><G107/><T9/><D102/><U121/><E121/><V15/><F15/><W134/><G101/><T80/><D14/><U77/><E78/><V13/><F13/><W36/><G134/><T62/><D62/><U110/><E110/><V85/><F85/><W59/><G36/><T89/><D89/><N who="1" m="55343" /><E61/><V92/><F92/><W69/><G69/><T32/><D32/><U28/><E68/><V131/><F131/><W56/><G40/><T23/><D23/><U65/><E65/><V106/><F106/><W27/><G22/><T133/><D133/><U122/><E122/><V6/><F6/><W46/><G27/><T88/><D76/><U95/><E95/><V37/><F37/><W127/><G24/><T1/><D1/><U87/><E87/><V115/><F115/><W54/><G127/><T99/><AGARI ba="1,1" hai="9,10,17,18,19,80,86,88,97,98,99" m="38263" machi="99" ten="30,2000,0" yaku="8,1,54,1" doraHai="114" who="0" fromWho="0" sc="230,33,240,-6,357,-11,163,-6" /><INIT seed="3,0,0,5,2,129" ten="263,234,346,157" oya="3" hai0="92,31,112,60,109,133,114,87,3,85,71,134,113" hai1="104,77,84,116,107,48,78,130,5,32,119,28,131" hai2="135,9,7,83,15,99,2,0,54,30,12,70,68" hai3="59,96,13,123,20,105,79,8,56,108,65,80,64"/><W97/><G123/><T128/><D128/><N who="1" m="49195" /><E5/><V34/><F135/><N who="0" m="51722" /><D3/><U86/><E48/><V52/><F2/><W42/><G108/><T33/><D109/><U37/><E37/><V124/><F124/><W74/><G42/><T6/><D6/><U29/><E32/><V67/><F83/><W38/><G38/><T53/><D92/><U89/><E29/><V93/><F34/><W1/><G1/><T55/><D71/><U26/><E26/><V21/><F68/><W90/><G20/><T98/><D98/><U102/><E28/><V50/><F70/><W122/><G122/><T81/><D60/><U106/><E102/><V58/><F67/><W126/><G126/><T95/><D95/><N who="1" m="54695" /><E86/><N who="0" m="32777" /><D81/><U40/><E40/><V46/><F93/><W18/><G97/><T62/><D62/><U117/><AGARI ba="0,0" hai="77,78,104,106,107,116,117,119" m="54695,49195" machi="117" ten="50,8000,1" yaku="12,1,19,1,34,2" doraHai="129" who="1" fromWho="1" sc="263,-20,234,80,346,-20,157,-40" owari="243,-16.0,314,11.0,326,43.0,117,-38.0" /></mjloggm>