<mjloggm ver="2.3"><GO type="169" lobby="0"/><UN n0="%E3%81%97%E3%82%87%E3%81%BC%E3%82%93%EF%BD%8E" n1="%E3%82%A6%E3%83%AB%E3%83%88%E3%83%A9%E7%AB%8B%E7%9B%B4" n2="%48%61%6B%61%6D%61%64%61" n3="%E3%82%8A%E3%82%87%E3%83%BC%E3%81%A1%32%30%58%58" dan="16,18,16,17" rate="2108.67,2207.71,2068.20,2179.56" sx="M,M,F,M"/><TAIKYOKU oya="0"/><INIT seed="0,0,0,1,1,94" ten="250,250,250,250" oya="0" hai0="53,37,86,72,56,41,0,133,54,91,103,23,106" hai1="75,92,131,135,19,132,35,81,62,71,113,78,117" hai2="30,127,22,88,43,98,102,124,46,123,32,109,119" hai3="55,105,80,40,20,96,112,99,60,63,28,58,82"/><T108/><D72/><U100/><E35/><V36/><F123/><W107/><G112/><T13/><D0/><U51/><E51/><V24/><F109/><W16/><G28/><T68/><D68/><U67/><E117/><V134/><F134/><N who="1" m="51241" /><E113/><V44/><F119/><W93/><G40/><T95/><D133/><U52/><E131/><V73/><F73/><W14/><G63/><T116/><D116/><U4/><E4/><V38/><F32/><W6/><G6/><T18/><D108/><U130/><E130/><V104/><REACH who="2" step="1"/><F88/><REACH who="2" ten="250,250,240,250" step="2"/><W34/><G34/><T129/><D129/><U45/><E75/><V90/><F90/><W115/><G115/><T97/><REACH who="0" step="1"/><D56/><REACH who="0" ten="240,250,240,250" step="2"/><U5/><E71/><V33/><F33/><W29/><G29/><T125/><D125/><U128/><E128/><V15/><F15/><W11/><G11/><T77/><D77/><U79/><E78/><V17/><F17/><W8/><G8/><T3/><D3/><U59/><E19/><V121/><F121/><W83/><REACH who="3" step="1"/><G99/><REACH who="3" ten="240,250,240,240" step="2"/><T9/><D9/><U12/><E5/><V120/><F120/><W69/><G69/><T10/><D10/><U31/><E31/><V42/><AGARI ba="0,3" hai="22,24,30,36,38,42,43,44,46,98,102,104,124,127" machi="42" ten="30,7900,0" yaku="1,1,0,1,9,1,52,1,53,0" doraHai="94" doraHaiUra="85" who="2" fromWho="2" sc="240,-39,250,-20,240,109,240,-20" /><INIT seed="1,0,0,0,2,60" ten="201,230,349,220" oya="1" hai0="42,51,38,120,84,37,107,115,11,39,63,12,106" hai1="46,66,10,5,24,80,6,16,13,30,17,129,79" hai2="31,47,18,109,92,76,95,33,62,85,111,74,75" hai3="112,57,78,69,88,127,40,117,8,21,89,91,94"/><U87/><E129/><V108/><F18/><W54/><G112/><T134/><D115/><U133/><E133/><V59/><F31/><W35/><G35/><T53/><D134/><U15/><E46/><V104/><F33/><W123/><G123/><T116/><D116/><U99/><E99/><V1/><F1/><W32/><G32/><T9/><D120/><U83/><E66/><N who="2" m="39263" /><F104/><W67/><G117/><T81/><D42/><U0/><E0/><V77/><F47/><W119/><G119/><T44/><D63/><U71/><E71/><V122/><F122/><W7/><G127/><T64/><D64/><U101/><E101/><V90/><F92/><W19/><G78/><AGARI ba="0,0" hai="74,75,76,77,78,85,90,95,108,109,111" m="39263" machi="78" ten="30,2000,0" yaku="14,1,52,1" doraHai="60" who="2" fromWho="3" sc="201,0,230,0,349,20,220,-20" /><INIT seed="2,0,0,1,4,6" ten="201,230,369,200" oya="2" hai0="72,21,124,88,53,45,95,69,3,57,14,123,120" hai1="24,70,71,51,97,26,99,119,13,33,116,12,54" hai2="89,55,1,115,16,90,110,96,86,80,17,118,100" hai3="47,134,98,76,130,66,37,11,64,77,15,8,122"/><V27/><F118/><W65/><G122/><T34/><D69/><U94/><E51/><V32/><F115/><W84/><G134/><T112/><D34/><U67/><E33/><V2/><F110/><W82/><G130/><T125/><D3/><U40/><E94/><V127/><F90/><W0/><G98/><T121/><D45/><U135/><E67/><V50/><F127/><N who="0" m="48714" /><D72/><U106/><E106/><V126/><F126/><W58/><G0/><T101/><D101/><U38/><E135/><V61/><F61/><W104/><G104/><T73/><D73/><U46/><E46/><V60/><F60/><W128/><G128/><T74/><D74/><U28/><E28/><V19/><F32/><W68/><G68/><T18/><D112/><U78/><E78/><V102/><F27/><W23/><G76/><T44/><D44/><U5/><E5/><V105/><REACH who="2" step="1"/><F102/><REACH who="2" ten="201,230,359,200" step="2"/><W87/><G77/><T108/><D108/><U132/><E132/><V56/><AGARI ba="0,1" hai="1,2,16,17,19,50,55,56,80,86,89,96,100,105" machi="56" ten="30,11700,0" yaku="1,1,2,1,0,1,54,1,53,0" doraHai="6" doraHaiUra="62" who="2" fromWho="2" sc="201,-39,230,-39,359,127,200,-39" /><INIT seed="2,1,0,2,4,40" ten="162,191,486,161" oya="2" hai0="105,125,134,59,34,103,14,126,16,9,97,119,17" hai1="93,7,6,132,52,30,19,101,35,71,96,39,128" hai2="82,61,15,86,81,57,111,44,26,0,62,74,88" hai3="106,133,72,121,10,33,84,64,22,114,13,115,108"/><V129/><F0/><W21/><G72/><T78/><D34/><U27/><E128/><V116/><F116/><W5/><G106/><T23/><D119/><U1/><E132/><V70/><F129/><W50/><G64/><T36/><D36/><U87/><E71/><V91/><F111/><W69/><G69/><T48/><D78/><U63/><E1/><V110/><F110/><W38/><G38/><T80/><D80/><U94/><E39/><V66/><F26/><W109/><G84/><T29/><D29/><U90/><REACH who="1" step="1"/><E19/><REACH who="1" ten="162,181,486,161" step="2"/><V56/><F70/><W12/><G133/><T37/><D37/><U4/><E4/><V113/><F113/><W99/><G5/><T135/><D17/><U54/><E54/><V67/><F66/><W31/><G108/><T58/><D9/><U68/><E68/><V100/><F67/><W124/><G109/><T120/><D120/><U131/><E131/><V60/><F74/><W3/><G10/><T41/><D134/><U25/><E25/><V95/><F15/><W45/><G114/><T46/><REACH who="0" step="1"/><D135/><REACH who="0" ten="152,181,486,161" step="2"/><U118/><E118/><V24/><F24/><W127/><G115/><T47/><D47/><U89/><E89/><V28/><F44/><W83/><G121/><T8/><D8/><U76/><E76/><V20/><F91/><W122/><G122/><T130/><D130/><U11/><E11/><V49/><F88/><W112/><G112/><T107/><D107/><U117/><E117/><V53/><F28/><W2/><G45/><T42/><D42/><U51/><E51/><V79/><F49/><W102/><G50/><RYUUKYOKU ba="1,2" sc="152,15,181,15,486,-15,161,-15" hai0="14,16,23,41,46,48,58,59,97,103,105,125,126" hai1="6,7,27,30,35,52,63,87,90,93,94,96,101" /><INIT seed="3,2,2,1,3,115" ten="167,196,471,146" oya="3" hai0="123,6,18,109,94,132,102,19,44,112,51,67,40" hai1="122,65,2,131,34,62,68,38,93,101,95,53,31" hai2="36,100,86,121,26,8,71,78,35,43,103,45,25" hai3="128,56,106,41,70,64,77,60,13,12,22,58,46"/><W127/><G106/><T79/><D123/><U90/><E122/><V98/><F121/><W50/><G127/><T20/><D112/><U119/><E2/><V14/><F71/><W111/><G128/><T92/><D109/><U33/><E131/><V97/><F35/><W42/><G42/><T124/><D132/><U113/><E113/><V37/><F37/><W72/><G111/><T117/><D117/><U5/><E5/><V10/><F10/><W48/><G48/><T110/><D110/><U107/><E38/><V59/><F59/><W24/><G77/><T130/><D130/><U57/><E119/><V28/><F28/><W91/><G72/><T108/><D6/><U4/><E4/><V81/><F98/><W73/><G73/><T54/><D67/><U15/><E15/><V47/><F47/><W55/><G91/><T52/><D124/><U129/><E129/><V61/><F61/><W21/><G58/><T39/><D79/><U82/><E82/><V0/><F100/><W135/><G135/><T99/><D108/><U7/><E7/><V74/><F74/><W75/><G75/><T3/><D3/><U66/><E66/><V96/><F96/><W84/><G84/><T133/><D133/><U88/><E107/><N who="2" m="63983" /><F0/><W85/><G85/><T27/><D92/><N who="1" m="35403" /><E101/><V118/><F118/><W104/><G104/><T16/><D39/><U30/><E34/><V11/><F11/><W105/><G105/><T120/><D120/><U9/><E9/><V29/><F36/><N who="3" m="21799" /><G22/><T1/><D1/><U125/><E125/><V76/><F78/><W23/><G23/><RYUUKYOKU ba="2,2" sc="167,15,196,-15,471,-15,146,15" hai0="16,18,19,20,27,40,44,51,52,54,94,99,102" hai3="12,13,21,24,50,55,56,60,64,70" /><INIT seed="3,3,2,1,2,108" ten="182,181,456,161" oya="3" hai0="120,16,123,11,111,84,119,101,24,47,52,12,92" hai1="0,5,45,65,125,85,86,100,103,22,9,75,61" hai2="68,79,87,13,83,8,23,82,36,60,26,113,58" hai3="18,104,93,48,31,94,88,15,38,128,69,67,3"/><W91/><G38/><T133/><D119/><U89/><E75/><V73/><F113/><W78/><G3/><T44/><D111/><U90/><E125/><V127/><F127/><W34/><G104/><T131/><D131/><U20/><E45/><V102/><F102/><W2/><G2/><T30/><D133/><U41/><E41/><V109/><F68/><W57/><G128/><T32/><D47/><U49/><E49/><V81/><F36/><W29/><G34/><T116/><D116/><U6/><E0/><V27/><F109/><W118/><G78/><T107/><D107/><U21/><E9/><V56/><F73/><W63/><G118/><T37/><D84/><N who="1" m="32363" /><E61/><V70/><F70/><W124/><G124/><T50/><REACH who="0" step="1"/><D37/><REACH who="0" ten="172,181,456,161" step="2"/><U117/><E117/><V66/><F79/><W40/><G40/><T122/><D122/><U126/><E126/><V53/><F87/><N who="3" m="52383" /><G69/><T39/><D39/><U43/><E43/><V25/><F83/><W19/><G48/><T4/><D4/><N who="1" m="1643" /><E65/><V51/><F82/><W35/><G35/><T96/><AGARI ba="3,3" hai="11,12,16,24,30,32,44,50,52,92,96,101,120,123" machi="96" ten="30,7900,0" yaku="1,1,0,1,54,2,53,0" doraHai="108" doraHaiUra="72" who="0" fromWho="0" sc="172,118,181,-23,456,-23,161,-42" /><INIT seed="4,0,0,0,0,125" ten="290,158,433,119" oya="0" hai0="99,81,51,48,45,37,11,114,2,53,89,34,108" hai1="54,14,101,104,50,111,16,98,115,28,63,30,69" hai2="82,47,93,79,65,96,3,36,10,41,97,70,121" hai3="44,124,80,7,132,58,92,59,87,23,17,91,88"/><T56/><D114/><U83/><E111/><V12/><F121/><W117/><G117/><T43/><D34/><U95/><E115/><V120/><F120/><W64/><G124/><T76/><D108/><U32/><E32/><V106/><F106/><W100/><G132/><T71/><D71/><U19/><E104/><V49/><F93/><W134/><G134/><T119/><D119/><U123/><E123/><V57/><F3/><W85/><G64/><T31/><D31/><U9/><E83/><V130/><F70/><W90/><G7/><N who="0" m="1527" /><D89/><U72/><E72/><V86/><F36/><W105/><G105/><T1/><D99/><U109/><E109/><V25/><F25/><W110/><G110/><T18/><D18/><U38/><E38/><V26/><F26/><W0/><G0/><T107/><D1/><U84/><E84/><V73/><F73/><W40/><G100/><T78/><D78/><U62/><E19/><V24/><F24/><W39/><REACH who="3" step="1"/><G91/><REACH who="3" ten="290,158,433,109" step="2"/><T112/><D107/><U55/><E69/><V135/><F135/><W68/><G68/><T6/><D112/><U22/><E9/><V42/><F65/><W52/><G52/><T133/><D6/><U128/><E55/><V29/><F10/><W122/><G122/><T8/><D8/><U74/><E54/><V33/><F42/><W131/><G131/><T116/><D133/><U103/><E128/><V94/><F130/><W13/><AGARI ba="0,1" hai="13,17,23,39,40,44,58,59,80,85,87,88,90,92" machi="13" ten="20,5200,0" yaku="1,1,0,1,7,1,54,1,53,0" doraHai="125" doraHaiUra="27" who="3" fromWho="3" sc="290,-26,158,-13,433,-13,109,62" /><INIT seed="5,0,0,5,1,116" ten="264,145,420,171" oya="1" hai0="7,84,92,123,93,78,115,1,103,42,18,113,79" hai1="65,22,48,86,87,128,71,25,94,21,75,131,112" hai2="46,95,0,6,88,130,32,12,30,49,110,90,11" hai3="50,121,52,114,64,57,36,34,62,104,126,80,69"/><U28/><E75/><V14/><F110/><W70/><G104/><T63/><D42/><U74/><E74/><V98/><F130/><N who="1" m="49705" /><E112/><N who="0" m="43081" /><D123/><U59/><E94/><V41/><F32/><W45/><G114/><T77/><D1/><U31/><E71/><N who="3" m="27146" /><G34/><T26/><D7/><U61/><E48/><V82/><F30/><N who="1" m="11305" /><E22/><V97/><F82/><W68/><G80/><T72/><D72/><U89/><E89/><V40/><F40/><N who="3" m="22663" /><G126/><T66/><D84/><U33/><E33/><V44/><F90/><W55/><G121/><T119/><D119/><U39/><E39/><V47/><F97/><W10/><G10/><T9/><D103/><U15/><E15/><V73/><F73/><W24/><G24/><T37/><D37/><U81/><E81/><V8/><F0/><W17/><G17/><AGARI ba="0,0" hai="17,21,25,59,61,65,86,87" m="11305,49705" machi="17" ten="30,1500,0" yaku="19,1" doraHai="116" who="1" fromWho="3" sc="264,0,145,15,420,0,171,-15" /><AGARI ba="0,0" hai="6,8,11,12,14,17,41,44,46,47,49,88,95,98" machi="17" ten="30,3900,0" yaku="7,1,8,1,54,1" doraHai="116" who="2" fromWho="3" sc="264,0,160,0,420,39,156,-39" /><INIT seed="5,1,0,5,1,7" ten="264,160,459,117" oya="1" hai0="88,44,130,10,9,125,99,82,124,105,19,47,40" hai1="95,64,62,134,13,34,15,71,83,81,120,22,117" hai2="93,66,67,56,84,108,65,16,48,51,63,2,116" hai3="110,118,36,128,55,35,28,122,11,112,132,50,18"/><U75/><E34/><V80/><F108/><W104/><RYUUKYOKU type="yao9" ba="1,0" sc="264,0,160,0,459,0,117,0" hai3="11,18,28,35,36,50,55,104,110,112,118,122,128,132" /><INIT seed="5,2,0,2,1,27" ten="264,160,459,117" oya="1" hai0="35,60,66,84,75,105,29,0,80,2,34,69,128" hai1="86,32,74,61,82,120,1,55,88,14,113,122,89" hai2="111,38,6,13,52,12,126,106,83,46,54,18,79" hai3="134,50,100,22,99,33,107,97,118,17,71,7,123"/><U91/><E1/><V112/><F111/><W77/><G71/><T9/><D128/><U40/><E74/><V70/><F70/><W36/><G123/><T4/><D0/><U26/><E113/><V95/><F106/><W3/><G36/><T129/><D129/><U98/><E40/><V110/><F126/><W57/><G118/><T119/><D119/><U64/><E55/><V68/><F68/><W58/><G134/><T108/><D108/><U109/><E109/><V72/><F95/><W93/><G33/><T5/><D5/><U102/><E14/><V114/><F6/><W31/><G77/><N who="0" m="44095" /><D84/><U133/><E133/><V104/><F104/><W63/><G50/><T65/><D65/><U59/><E120/><V37/><F13/><W43/><G43/><T16/><D16/><U115/><E115/><N who="2" m="44075" /><F110/><W130/><G130/><T103/><D29/><U24/><E122/><V67/><F67/><W44/><G31/><T42/><D42/><U56/><E56/><V28/><F28/><W90/><G63/><T53/><D53/><N who="2" m="20586" /><F46/><W92/><G44/><T121/><D121/><U78/><REACH who="1" step="1"/><E32/><REACH who="1" ten="264,150,459,117" step="2"/><V19/><F12/><W25/><REACH who="3" step="1"/><G107/><AGARI ba="2,1" hai="24,26,59,61,64,78,82,86,88,89,91,98,102,107" machi="107" ten="40,12000,1" yaku="1,1,2,1,54,1,53,2" doraHai="27" doraHaiUra="21" who="1" fromWho="3" sc="264,0,150,136,459,0,117,-126" owari="264,-14.0,286,9.0,459,56.0,-9,-51.0" /></mjloggm>