<mjloggm ver="2.3"><GO type="97" lobby="0"/><UN n0="%E5%B2%A1%CF%80" n1="%70%72%6F%62%61%62%6C%65" n2="%E8%B5%A4%E3%81%AE%E6%B4%9E%E7%AA%9F" n3="%E5%B0%B1%E6%B4%BB%E7%94%9F%40%E5%B7%9D%E6%9D%91%E8%BB%8D%E5%9B%A3" dan="13,14,14,15" rate="1851.31,1940.03,1954.99,1985.44" sx="F,M,M,M"/><TAIKYOKU oya="0"/><INIT seed="0,0,0,4,3,118" ten="250,250,250,250" oya="0" hai0="104,66,41,127,27,9,73,28,26,38,19,96,131" hai1="90,79,106,39,77,94,76,87,29,54,24,44,108" hai2="40,122,8,120,48,22,50,98,67,107,14,84,129" hai3="61,20,31,62,32,33,99,115,21,65,114,95,69"/><T13/><D73/><U7/><E108/><V86/><F129/><W92/><G31/><T121/><D131/><U70/><E70/><V130/><F130/><W57/><G57/><T17/><D38/><U4/><E106/><V68/><F22/><W111/><G111/><T1/><D41/><U78/><N who="1" m="19968" /><DORA hai="0" /><U46/><E39/><V89/><F67/><W47/><G47/><N who="1" m="17962" /><E54/><V128/><F68/><W81/><G65/><T11/><D66/><U56/><E56/><V35/><F35/><W113/><G69/><T25/><D104/><U23/><AGARI ba="0,0" hai="4,7,23,24,29,87,90,94" m="17962,19968" machi="23" ten="40,5200,0" yaku="8,1,52,2" doraHai="118,0" who="1" fromWho="1" sc="250,-26,250,52,250,-13,250,-13" /><INIT seed="1,0,0,1,1,18" ten="224,302,237,237" oya="1" hai0="121,7,2,77,66,84,69,11,68,105,116,132,57" hai1="8,63,43,93,126,119,95,106,128,96,114,108,123" hai2="89,32,91,109,67,82,65,78,94,111,58,97,113" hai3="129,20,133,34,118,50,74,45,101,110,39,86,104"/><U33/><E123/><V80/><F32/><W103/><G34/><T52/><D121/><U42/><E119/><V122/><F122/><W25/><G74/><T16/><D116/><U73/><E114/><V71/><F71/><W107/><G39/><T27/><D105/><U35/><E73/><N who="2" m="43087" /><F58/><W38/><G38/><T1/><D1/><U28/><E106/><V81/><F65/><W64/><G118/><T87/><D132/><U112/><E112/><V99/><F67/><W40/><G64/><T61/><D77/><U56/><E35/><V83/><F113/><W75/><G75/><T134/><D134/><U47/><E33/><V37/><F37/><W0/><G133/><T19/><D69/><U10/><E28/><V22/><F22/><W124/><G0/><T6/><D6/><U90/><E95/><AGARI ba="0,0" hai="81,82,83,89,91,94,95,97,99,109,111" m="43087" machi="95" ten="30,2000,0" yaku="34,2" doraHai="18" who="2" fromWho="1" sc="224,0,302,-20,237,20,237,0" /><INIT seed="2,0,0,0,1,41" ten="224,282,257,237" oya="2" hai0="134,63,101,44,76,59,33,82,28,95,106,50,132" hai1="89,135,45,66,83,62,30,55,92,26,11,54,116" hai2="118,94,20,27,86,129,19,3,71,40,49,87,24" hai3="56,130,123,73,2,52,10,67,39,74,12,81,80"/><V88/><F118/><W109/><G123/><T53/><D106/><U126/><E116/><V7/><F71/><W5/><G39/><T96/><D33/><U104/><E104/><V57/><F129/><W78/><G130/><T0/><D28/><U21/><E135/><V121/><F121/><W4/><G109/><T14/><D14/><U42/><E126/><V84/><F3/><W34/><G67/><T122/><D0/><U29/><E83/><V70/><F7/><W58/><G34/><T51/><D122/><U69/><E11/><V64/><F70/><W117/><G117/><T115/><D115/><U38/><REACH who="1" step="1"/><E30/><REACH who="1" ten="224,272,257,237" step="2"/><V6/><F6/><W102/><G2/><T9/><D9/><U113/><E113/><V107/><F107/><W125/><G125/><T72/><REACH who="0" step="1"/><D51/><REACH who="0" ten="214,272,257,237" step="2"/><U124/><E124/><V23/><F49/><W1/><G1/><T99/><D99/><AGARI ba="0,2" hai="21,26,29,38,42,45,54,55,62,66,69,89,92,99" machi="99" ten="30,3900,0" yaku="1,1,7,1,52,1,53,0" doraHai="41" doraHaiUra="103" who="1" fromWho="0" sc="214,-39,272,59,257,0,237,0" /><INIT seed="3,0,0,3,5,82" ten="175,331,257,237" oya="3" hai0="92,25,8,81,95,130,14,23,132,38,112,64,37" hai1="79,108,26,115,45,9,135,67,4,127,3,42,51" hai2="122,107,113,32,40,56,71,94,15,75,33,96,2" hai3="22,72,43,98,7,110,119,85,28,18,69,58,29"/><W48/><G72/><T76/><D112/><U131/><E115/><V61/><F75/><W133/><G69/><T31/><D132/><U99/><E108/><V101/><F2/><W52/><G119/><T120/><D120/><U128/><E127/><V11/><F122/><W80/><G133/><T30/><D130/><N who="1" m="49707" /><E79/><V13/><F113/><W117/><G117/><T129/><D129/><U116/><E116/><V105/><F40/><W70/><G70/><T109/><D109/><U10/><E10/><V60/><F15/><N who="3" m="9567" /><G110/><T97/><D31/><N who="3" m="11849" /><G98/><T118/><D118/><U103/><E26/><V47/><F47/><W90/><G7/><T59/><D37/><U121/><E121/><V20/><F71/><W24/><G24/><T12/><D38/><U134/><E67/><V89/><F60/><W83/><G43/><T84/><D8/><U126/><E126/><V73/><F73/><W53/><G53/><T100/><D92/><AGARI ba="0,0" hai="3,4,9,42,45,51,92,99,103,134,135" m="49707" machi="92" ten="30,1000,0" yaku="19,1" doraHai="82" who="1" fromWho="0" sc="175,-10,331,10,257,0,237,0" /><AGARI ba="0,0" hai="48,52,58,80,83,85,90,92" m="11849,9567" machi="92" ten="30,11600,0" yaku="25,1,8,1,52,1,54,1" doraHai="82" who="3" fromWho="0" sc="165,-116,341,0,257,0,237,116" owari="49,-45.0,341,14.0,257,-14.0,353,45.0" /></mjloggm>