<mjloggm ver="2.3"><GO type="169" lobby="0"/><UN n0="%E7%82%AD%40%E6%9D%8F%E6%9D%8F%E8%BB%8D%E5%9B%A3" n1="%6D%61%74%69%6F%73%61%6E" n2="%E5%B0%B1%E6%B4%BB%E7%94%9F%40%E5%B7%9D%E6%9D%91%E8%BB%8D%E5%9B%A3" n3="%E9%96%A2%E4%B8%83%E6%B5%B7" dan="16,16,16,17" rate="2089.57,2054.78,2053.45,2141.32" sx="M,M,M,M"/><TAIKYOKU oya="0"/><INIT seed="0,0,0,4,4,131" ten="250,250,250,250" oya="0" hai0="129,70,116,42,130,135,40,63,108,54,101,83,78" hai1="75,38,16,103,115,37,68,48,91,50,99,86,13" hai2="106,87,111,44,118,72,47,3,81,100,18,60,133" hai3="35,21,88,132,7,114,95,61,126,29,97,43,59"/><T94/><D116/><U90/><E75/><V57/><F3/><W6/><G114/><T34/><D34/><U89/><E68/><V74/><F118/><W12/><G35/><T102/><D135/><U45/><E115/><V66/><F111/><W32/><G32/><T113/><D113/><U5/><E5/><V67/><F67/><W92/><G126/><T96/><D108/><U28/><E28/><V36/><F133/><W71/><G71/><T25/><D101/><U53/><E50/><V11/><F100/><W110/><G43/><T64/><D25/><U128/><E128/><N who="0" m="49257" /><D54/><U20/><REACH who="1" step="1"/><E86/><AGARI ba="0,0" hai="40,42,63,64,70,78,83,86,94,96,102" m="49257" machi="86" ten="30,1500,0" yaku="19,1" doraHai="131" who="0" fromWho="1" sc="250,15,250,-15,250,0,250,0" /><INIT seed="0,1,0,2,4,39" ten="265,235,250,250" oya="0" hai0="72,43,75,40,54,56,7,89,37,31,25,128,87" hai1="36,91,67,33,30,20,115,58,82,59,73,83,23" hai2="8,97,2,134,92,0,51,47,28,55,98,48,84" hai3="52,4,34,29,10,81,131,68,60,6,53,94,120"/><T61/><D128/><U90/><E36/><V109/><F109/><W14/><G131/><T16/><D7/><U5/><E5/><V114/><F134/><W18/><G120/><T100/><D100/><U46/><E115/><V64/><F64/><W122/><G122/><T124/><D124/><U118/><E33/><V93/><F114/><W108/><G108/><T79/><D37/><U123/><E123/><V22/><F84/><W63/><G81/><N who="0" m="47551" /><D75/><U102/><E102/><V129/><F129/><W45/><G68/><T116/><D72/><U41/><E73/><V35/><F35/><W110/><G110/><T111/><D116/><U113/><E113/><V103/><F8/><W106/><G106/><T88/><D31/><U70/><E70/><V95/><F95/><W3/><G94/><T76/><D76/><U99/><E67/><V101/><F22/><W133/><G6/><T135/><D135/><U80/><E30/><V9/><F28/><W107/><G107/><T1/><D1/><U12/><E118/><V27/><F27/><W119/><G133/><T66/><D66/><U26/><E26/><V65/><F9/><N who="3" m="6479" /><G29/><T112/><D112/><U117/><E117/><V78/><F65/><W11/><G34/><T32/><D32/><U104/><E104/><V15/><F78/><W127/><G119/><T21/><D111/><U71/><E71/><V85/><F15/><W126/><G10/><T42/><AGARI ba="1,0" hai="16,21,25,40,42,43,54,56,61,88,89" m="47551" machi="42" ten="30,18000,2" yaku="8,1,52,3,54,2" doraHai="39" who="0" fromWho="0" sc="265,183,235,-61,250,-61,250,-61" /><INIT seed="0,2,0,2,1,118" ten="448,174,189,189" oya="0" hai0="132,44,29,126,90,130,4,42,124,55,16,103,46" hai1="87,54,0,100,59,120,27,51,38,58,60,18,82" hai2="99,95,84,75,79,20,122,13,111,102,2,19,52" hai3="81,133,89,10,14,109,41,57,119,5,127,93,113"/><T3/><D29/><U108/><E0/><V125/><F2/><W48/><G109/><T134/><D103/><U91/><E38/><V21/><F111/><W32/><G32/><T135/><D55/><U104/><E108/><V65/><F65/><W31/><G31/><T36/><D46/><U92/><E104/><V69/><F69/><W96/><G133/><T25/><D90/><U72/><E120/><V116/><F122/><W71/><G71/><T45/><D45/><U76/><E100/><V83/><F125/><N who="0" m="48234" /><D4/><U34/><E34/><V101/><F116/><W73/><G127/><T77/><D77/><U6/><E6/><V115/><F115/><W1/><G113/><T129/><D3/><U47/><E60/><V105/><F101/><W131/><G1/><T97/><D97/><U128/><E128/><N who="0" m="49257" /><D16/><U22/><AGARI ba="2,0" hai="18,22,27,47,51,54,58,59,72,76,82,87,91,92" machi="22" ten="30,1100,0" yaku="0,1" doraHai="118" who="1" fromWho="1" sc="448,-7,174,17,189,-5,189,-5" /><INIT seed="1,0,0,2,0,50" ten="441,191,184,184" oya="1" hai0="105,101,100,127,79,67,29,130,2,13,63,41,103" hai1="120,78,80,21,108,115,11,12,55,85,123,71,18" hai2="31,54,69,65,30,77,23,28,49,86,70,24,39" hai3="34,134,89,52,128,132,61,51,74,125,83,45,37"/><U20/><E71/><V35/><F39/><W107/><G107/><T0/><D127/><U75/><E115/><V4/><F4/><W36/><G125/><T3/><D130/><U32/><E32/><V126/><F126/><W114/><G114/><T72/><D79/><U99/><E108/><V121/><F121/><W110/><G110/><T93/><D105/><U5/><E21/><V113/><F113/><W9/><G34/><T92/><D72/><U122/><E99/><V68/><F65/><W26/><G26/><T124/><D124/><U38/><E38/><V1/><F1/><W57/><G9/><T48/><D29/><U94/><E94/><V119/><F119/><W15/><G15/><T95/><D13/><U135/><E135/><N who="3" m="51754" /><G128/><T46/><D63/><U106/><E106/><V90/><F77/><N who="3" m="44471" /><G89/><T19/><D19/><U104/><E104/><V118/><F118/><W88/><G88/><T25/><D25/><U10/><E10/><V116/><F116/><W73/><G73/><T133/><D133/><U129/><E129/><V14/><F14/><W58/><G58/><T66/><AGARI ba="0,0" hai="0,2,3,41,46,48,66,67,92,93,95,100,101,103" machi="66" ten="40,5200,0" yaku="0,1,29,2" doraHai="50" who="0" fromWho="0" sc="441,52,191,-26,184,-13,184,-13" /><INIT seed="2,0,0,3,2,94" ten="493,165,171,171" oya="2" hai0="38,118,75,84,16,123,40,58,66,1,53,0,127" hai1="72,104,60,95,47,27,92,100,11,7,57,76,35" hai2="45,32,103,132,48,43,114,51,12,64,6,63,81" hai3="128,70,26,61,20,28,23,68,69,125,108,5,36"/><V37/><F114/><W34/><G108/><T107/><D75/><U30/><E47/><V98/><F32/><W55/><G125/><T3/><D123/><U71/><E72/><V77/><F132/><W109/><G109/><T83/><D107/><U78/><E71/><V33/><F33/><W41/><G5/><T54/><D127/><U39/><E39/><V17/><F6/><W112/><G128/><T126/><D126/><U18/><E104/><V8/><F81/><W120/><G120/><T105/><D105/><U99/><E95/><V49/><F77/><W13/><G112/><T74/><D74/><U116/><E18/><V29/><F29/><W62/><G13/><T122/><D122/><U110/><E116/><V67/><REACH who="2" step="1"/><F63/><REACH who="2" ten="493,165,161,171" step="2"/><W87/><G61/><T85/><D83/><U106/><E110/><V79/><F79/><W82/><G82/><T2/><D118/><U121/><E121/><V65/><F65/><W97/><G62/><T22/><D66/><U113/><E113/><V50/><N who="2" m="12800" /><DORA hai="14" /><V52/><F52/><W19/><G55/><T4/><D54/><U101/><E60/><V25/><F25/><W91/><G34/><T124/><D53/><U59/><E78/><V129/><F129/><W9/><G28/><T111/><D124/><U135/><E76/><V89/><F89/><W102/><G91/><T93/><D40/><U134/><E135/><V10/><F10/><W119/><G9/><T130/><D4/><U90/><E134/><V42/><F42/><W56/><G41/><T24/><D130/><U86/><E100/><V44/><F44/><RYUUKYOKU ba="0,1" sc="493,-15,165,15,161,15,171,-15" hai1="7,11,27,30,35,57,59,86,90,92,99,101,106" hai2="8,12,17,37,43,45,64,67,98,103" /><INIT seed="2,1,1,4,5,117" ten="478,180,176,156" oya="2" hai0="41,61,24,13,67,60,95,73,131,133,22,23,0" hai1="103,115,81,128,54,93,48,92,114,55,134,86,77" hai2="53,91,94,116,87,35,70,72,129,29,132,42,82" hai3="3,74,108,78,100,11,40,102,83,14,59,101,25"/><V64/><F116/><W66/><G108/><T112/><D0/><U120/><E134/><V49/><F129/><W79/><G3/><T98/><D73/><U65/><E65/><V126/><F132/><W46/><G25/><T20/><D112/><U104/><E128/><V122/><F42/><W6/><G78/><T52/><D41/><U89/><E93/><V43/><F43/><W12/><G12/><T39/><D39/><U17/><E55/><V57/><F126/><W111/><G111/><T71/><D133/><U38/><E38/><V1/><F1/><W32/><G32/><T63/><D131/><U8/><E120/><V96/><F72/><W50/><G59/><T31/><D13/><U7/><E17/><V45/><F70/><W119/><G66/><T113/><D113/><U110/><E110/><V99/><F122/><W118/><AGARI ba="1,1" hai="6,11,14,40,46,50,74,79,83,100,101,102,118,119" machi="118" ten="30,1100,0" yaku="0,1" doraHai="117" who="3" fromWho="3" sc="478,-4,180,-4,176,-6,156,24" /><INIT seed="3,0,0,5,4,97" ten="474,176,170,180" oya="3" hai0="67,51,109,117,99,105,112,75,89,47,108,35,119" hai1="85,106,34,50,71,94,60,48,124,0,110,32,8" hai2="130,28,57,114,59,7,27,10,126,91,98,62,102" hai3="42,43,54,92,111,24,69,121,58,103,11,133,88"/><W122/><G69/><T36/><D36/><U131/><E106/><V100/><F114/><W46/><G133/><T128/><D128/><U3/><E131/><V79/><F130/><W84/><G111/><N who="0" m="42571" /><D112/><U120/><E120/><V107/><F126/><W76/><G76/><T125/><D125/><U39/><E39/><V41/><F41/><W74/><G74/><T20/><D35/><U25/><E124/><V83/><F91/><W4/><G24/><T55/><D75/><U93/><E85/><V134/><F134/><W15/><G43/><T45/><D67/><U37/><E37/><V64/><F98/><N who="3" m="59847" /><G121/><T9/><D9/><U38/><E25/><V81/><F107/><W12/><G12/><T18/><D47/><U53/><E38/><V135/><F135/><W86/><G122/><T80/><D105/><U61/><E8/><V96/><F96/><W49/><G88/><T70/><D70/><U90/><E110/><V77/><F77/><W95/><G95/><N who="0" m="56815" /><D80/><N who="2" m="30794" /><F79/><W19/><G4/><T129/><D129/><U132/><E71/><V78/><F78/><W29/><G29/><T26/><AGARI ba="0,0" hai="18,20,26,45,51,55,117,119" m="56815,42571" machi="26" ten="30,1100,0" yaku="14,1" doraHai="97" who="0" fromWho="0" sc="474,11,176,-3,170,-3,180,-5" /><INIT seed="4,0,0,1,1,114" ten="485,173,167,175" oya="0" hai0="131,8,55,69,134,84,79,19,91,22,40,25,120" hai1="88,99,97,24,58,80,38,118,107,61,86,75,128" hai2="53,63,109,3,116,47,95,68,31,126,113,7,48" hai3="14,71,123,21,74,51,36,4,85,96,9,110,101"/><T133/><D120/><U26/><E38/><V17/><F109/><W90/><G74/><T30/><D79/><U46/><E118/><V125/><F31/><W35/><G35/><T6/><D131/><U115/><E115/><V65/><F7/><W112/><G112/><T64/><D40/><U27/><E128/><V10/><F10/><W5/><G36/><T18/><D55/><U28/><E46/><V82/><F17/><W117/><G110/><T98/><D98/><U52/><E75/><V108/><F82/><W70/><G5/><T87/><D64/><U76/><E107/><V89/><F3/><W73/><G73/><T67/><D67/><U129/><E129/><V127/><F108/><W62/><G117/><T130/><D69/><U122/><E122/><V32/><F113/><W132/><G132/><N who="0" m="50795" /><D130/><U83/><REACH who="1" step="1"/><E28/><REACH who="1" ten="485,163,167,175" step="2"/><V100/><F116/><W11/><G123/><T15/><D87/><U59/><E59/><V103/><F32/><W50/><G71/><T121/><D121/><U94/><E94/><AGARI ba="0,1" hai="6,8,15,18,19,22,25,30,84,91,94" m="50795" machi="94" ten="30,1500,0" yaku="20,1" doraHai="114" who="0" fromWho="1" sc="485,25,163,-15,167,0,175,0" /><INIT seed="4,1,0,3,3,130" ten="510,148,167,175" oya="0" hai0="82,116,9,132,22,13,28,104,69,120,134,31,119" hai1="108,74,101,34,83,23,102,133,125,98,96,29,105" hai2="19,59,95,52,85,35,122,135,14,25,30,79,92" hai3="54,63,66,42,56,124,6,67,121,44,58,60,81"/><T15/><D69/><U128/><E34/><V76/><F122/><W80/><G121/><T131/><D120/><U1/><E1/><V24/><F24/><W5/><G124/><T86/><D104/><U45/><E125/><V110/><F110/><W51/><G42/><T40/><D40/><U90/><E128/><V77/><F135/><N who="0" m="51754" /><D131/><U126/><E133/><V26/><F26/><W0/><G0/><T33/><D33/><U118/><E118/><N who="0" m="45097" /><D22/><U61/><E108/><V75/><F75/><W106/><G106/><T32/><D32/><U8/><E8/><V111/><F111/><W114/><G114/><T72/><D72/><U87/><E126/><V18/><F85/><W109/><G109/><T55/><D55/><U93/><E23/><V7/><F30/><N who="0" m="11306" /><D9/><U115/><E29/><V43/><F25/><W21/><G21/><T94/><D94/><N who="1" m="58583" /><E115/><V17/><F35/><W65/><G65/><T89/><AGARI ba="1,0" hai="13,15,82,86,89" m="11306,45097,51754" machi="89" ten="40,12000,1" yaku="20,1,52,3" doraHai="130" who="0" fromWho="0" sc="510,123,148,-41,167,-41,175,-41" /><INIT seed="4,2,0,1,3,76" ten="633,107,126,134" oya="0" hai0="109,52,25,128,61,117,99,84,40,113,79,106,88" hai1="127,47,72,39,93,29,95,20,30,37,114,49,129" hai2="126,130,60,56,133,100,46,83,98,66,50,92,7" hai3="96,17,11,64,69,31,105,35,53,78,97,44,62"/><T103/><D117/><U16/><E72/><V1/><F130/><W89/><G11/><T41/><D128/><U57/><E129/><V112/><F133/><W91/><G17/><T90/><D113/><U82/><E114/><V13/><F126/><W80/><G44/><T120/><D120/><U55/><E127/><V21/><F112/><W8/><G8/><T54/><D109/><U67/><E39/><V59/><F1/><W86/><G53/><T77/><D90/><U5/><E5/><V121/><F121/><W14/><G14/><T124/><D124/><U51/><E37/><V26/><F59/><W94/><G97/><T6/><D6/><U75/><E67/><V132/><F132/><W45/><G45/><T119/><D119/><U58/><E58/><V111/><F111/><W23/><G23/><T70/><D25/><U116/><E116/><V115/><F115/><W73/><G73/><T28/><D28/><N who="1" m="10859" /><E82/><V110/><F110/><W27/><REACH who="3" step="1"/><G105/><REACH who="3" ten="633,107,126,124" step="2"/><T65/><D41/><N who="1" m="24815" /><E75/><V9/><F21/><W104/><G104/><T48/><D40/><U2/><E2/><V74/><F74/><W68/><G68/><T131/><D131/><U38/><E38/><V0/><F0/><W3/><G3/><T118/><D118/><U32/><E32/><V12/><F12/><AGARI ba="2,1" hai="12,16,20,51,55,57,93,95" m="24815,10859" machi="12" ten="30,2000,0" yaku="8,1,54,1" doraHai="76" who="1" fromWho="2" sc="633,0,107,36,126,-26,124,0" /><INIT seed="5,0,0,4,5,121" ten="633,143,100,124" oya="1" hai0="19,132,65,61,49,68,110,7,46,66,114,2,63" hai1="101,78,28,107,80,8,118,5,47,124,17,24,29" hai2="56,27,128,4,6,125,60,116,119,108,18,76,3" hai3="9,103,94,98,135,33,87,45,115,31,36,59,126"/><U95/><E118/><N who="2" m="45099" /><F76/><W86/><G126/><T111/><D19/><U113/><E124/><V32/><F60/><N who="0" m="23114" /><D7/><N who="2" m="2602" /><F56/><W35/><G9/><T12/><D12/><U73/><E107/><V84/><F84/><W129/><G59/><T93/><D2/><U34/><E29/><N who="2" m="19519" /><F125/><W89/><G45/><T105/><D93/><U127/><E127/><V21/><F3/><W112/><G36/><T1/><D1/><U39/><E101/><V74/><F74/><W90/><G103/><T97/><D97/><U120/><E95/><V75/><F75/><W10/><G98/><T44/><D105/><U100/><E100/><V40/><F40/><W52/><G94/><T54/><D132/><U23/><E39/><V82/><F82/><W48/><G135/><T133/><D133/><U69/><E69/><V57/><F57/><W134/><G134/><T102/><D102/><U15/><E47/><N who="0" m="17961" /><D114/><U13/><E113/><V117/><N who="2" m="45107" /><V88/><DORA hai="81" /><F88/><W11/><G48/><T77/><D77/><U20/><REACH who="1" step="1"/><E120/><REACH who="1" ten="633,133,100,124" step="2"/><V106/><F106/><W131/><G115/><T42/><D68/><U22/><AGARI ba="0,1" hai="5,8,13,15,17,20,22,23,24,28,34,73,78,80" machi="22" ten="20,12000,1" yaku="1,1,2,1,0,1,7,1,53,1" doraHai="121,81" doraHaiUra="25,71" who="1" fromWho="1" sc="633,-40,133,130,100,-40,124,-40" /><INIT seed="5,1,0,3,3,46" ten="593,263,60,84" oya="1" hai0="54,84,96,12,40,98,121,60,120,33,134,5,122" hai1="79,99,88,8,114,78,14,66,117,26,94,77,63" hai2="34,76,32,130,17,36,95,56,25,50,11,82,42" hai3="62,22,129,1,97,51,55,47,116,74,9,71,41"/><U113/><E117/><V23/><F130/><W112/><G116/><T49/><D134/><U118/><E118/><V103/><F36/><W64/><G112/><T57/><D33/><U35/><E35/><V72/><F11/><W20/><G129/><T61/><D84/><U53/><E26/><V73/><F73/><W70/><G74/><T86/><D86/><U131/><E131/><V67/><F67/><W115/><G71/><T18/><D5/><U75/><E75/><V81/><F81/><W69/><G69/><T68/><D40/><U0/><E0/><V87/><F42/><W106/><G115/><N who="1" m="44042" /><E53/><V30/><F30/><W89/><G41/><T19/><D19/><N who="1" m="8647" /><E79/><V28/><F28/><W7/><REACH who="3" step="1"/><G89/><REACH who="3" ten="593,263,60,74" step="2"/><T52/><D68/><AGARI ba="1,1" hai="63,66,68,77,78,88,94,99" m="8647,44042" machi="68" ten="30,2900,0" yaku="15,1,54,1" doraHai="46" who="1" fromWho="0" sc="593,-32,263,42,60,0,74,0" /><INIT seed="5,2,0,4,4,30" ten="561,305,60,74" oya="1" hai0="127,75,16,70,64,2,10,66,37,12,117,18,76" hai1="81,67,41,54,48,6,78,32,84,21,125,29,95" hai2="86,107,47,23,52,102,62,35,122,4,83,8,119" hai3="61,20,13,14,71,82,1,42,98,134,28,77,131"/><U17/><E41/><V97/><F122/><W44/><G131/><T40/><D117/><U104/><E104/><V3/><F119/><W124/><G124/><T118/><D118/><U9/><E125/><V59/><F47/><W94/><G1/><T5/><D127/><U38/><E38/><V115/><F115/><W60/><G134/><T87/><D75/><U113/><E113/><V111/><F111/><W45/><G45/><T123/><D123/><U26/><E67/><V65/><F23/><W51/><G71/><T108/><D108/><U120/><E120/><V33/><REACH who="2" step="1"/><F65/><REACH who="2" ten="561,305,50,74" step="2"/><W79/><G20/><T109/><D66/><U90/><E21/><V46/><F46/><W106/><G44/><T74/><D64/><U114/><E114/><V27/><F27/><W91/><G42/><T88/><D40/><U11/><E6/><V73/><F73/><W130/><G130/><T99/><D5/><U112/><E112/><V57/><F57/><W56/><G56/><T116/><D109/><U89/><E11/><V92/><F92/><W43/><G43/><T50/><D74/><U121/><E121/><V128/><F128/><W63/><G106/><T133/><D116/><U68/><E68/><V69/><F69/><W135/><G135/><T36/><D70/><U103/><E9/><V19/><F19/><W101/><G94/><T15/><D18/><U72/><E17/><V53/><F53/><W34/><G82/><T7/><D16/><U132/><E132/><V58/><F58/><W49/><G34/><T100/><D133/><U24/><E32/><V110/><F110/><RYUUKYOKU ba="2,1" sc="561,-10,305,-10,50,30,74,-10" hai2="3,4,8,33,35,52,59,62,83,86,97,102,107" /><INIT seed="6,3,1,0,2,79" ten="551,295,80,64" oya="2" hai0="63,114,43,68,111,106,11,85,95,97,130,24,36" hai1="33,32,116,8,28,1,37,6,64,112,92,122,44" hai2="38,27,21,124,131,14,17,53,113,10,0,71,9" hai3="69,84,51,3,128,82,40,107,89,81,54,80,93"/><V96/><F71/><W91/><G69/><T74/><D74/><U42/><E116/><V65/><F38/><W105/><G40/><T103/><D111/><U109/><E122/><V39/><F39/><W117/><G3/><T45/><D130/><U129/><E109/><V50/><F113/><W75/><G117/><T34/><D114/><U13/><E112/><V121/><F121/><W133/><G128/><T2/><D85/><U118/><E118/><V88/><F131/><W86/><G133/><T127/><D95/><U57/><E129/><V7/><F65/><W31/><G31/><N who="0" m="19815" /><D127/><U61/><E28/><V94/><F124/><W102/><G75/><T46/><D46/><U18/><E92/><V115/><F115/><W83/><REACH who="3" step="1"/><G102/><REACH who="3" ten="551,295,80,54" step="2"/><T22/><D2/><U87/><E1/><V99/><F9/><W60/><G60/><T66/><D11/><U59/><E8/><V20/><F20/><AGARI ba="3,2" hai="20,22,36,43,45,63,66,68,97,103,106" m="19815" machi="20" ten="30,1000,0" yaku="25,1" doraHai="79" who="0" fromWho="2" sc="551,39,295,0,80,-19,54,0" /><INIT seed="7,0,0,3,4,134" ten="590,295,61,54" oya="3" hai0="132,16,8,38,104,50,13,21,69,102,87,37,29" hai1="135,2,128,55,99,114,51,131,123,15,24,112,56" hai2="46,111,32,79,20,34,1,126,60,11,98,63,10" hai3="109,129,116,91,44,100,14,25,12,68,6,48,121"/><W89/><G116/><T28/><D69/><U22/><E2/><V41/><F126/><W103/><G68/><T27/><D132/><U82/><E135/><V52/><F111/><W106/><G121/><T0/><D29/><U62/><E123/><V31/><F79/><W81/><G129/><N who="1" m="49738" /><E15/><N who="3" m="5674" /><G109/><T120/><D120/><U19/><E82/><V130/><F34/><W108/><G108/><T4/><D50/><U47/><E99/><V7/><F32/><W58/><G106/><T61/><D61/><U72/><E72/><V92/><F11/><W78/><G6/><T125/><D125/><U84/><E84/><V75/><F130/><W23/><G58/><T9/><D87/><U122/><E122/><V65/><F75/><W71/><G71/><T107/><D104/><U77/><E77/><V33/><F10/><W76/><G76/><T49/><D49/><U30/><E30/><V88/><F7/><W67/><G67/><AGARI ba="0,0" hai="19,22,24,47,51,55,56,62,67,112,114" m="49738" machi="67" ten="30,1000,0" yaku="19,1" doraHai="134" who="1" fromWho="3" sc="590,0,295,10,61,0,54,-10" owari="590,69.0,305,11.0,61,-34.0,44,-46.0" /></mjloggm>