<mjloggm ver="2.3"><GO type="169" lobby="0"/><UN n0="%52%69%2D%4D%6F%2D" n1="%E3%82%A6%E3%83%AB%E3%83%88%E3%83%A9%E7%AB%8B%E7%9B%B4" n2="%E3%83%89%E3%83%90%E3%82%AF%E3%83%81%E5%A4%A7%E9%87%8E" n3="%E2%84%83%2D%75%74%65" dan="17,17,16,18" rate="2142.60,2204.23,2100.84,2230.97" sx="M,M,M,M"/><TAIKYOKU oya="0"/><INIT seed="0,0,0,4,0,134" ten="250,250,250,250" oya="0" hai0="47,93,103,119,7,59,26,72,100,110,37,105,101" hai1="40,56,35,49,86,46,42,54,68,81,115,89,22" hai2="36,38,113,132,11,120,62,122,31,96,27,99,71" hai3="77,75,106,34,131,29,60,135,33,48,53,8,82"/><T17/><D119/><U87/><E35/><V9/><F113/><W3/><G106/><T61/><D105/><U51/><E68/><V95/><F132/><W44/><G135/><T124/><D72/><U118/><E118/><V50/><F50/><W25/><G131/><T28/><D7/><U30/><E115/><V63/><F71/><W109/><G109/><T79/><D79/><U112/><E112/><V74/><F95/><W39/><G39/><T133/><D133/><U43/><E87/><V13/><F13/><W24/><G60/><T90/><D110/><U67/><E67/><V92/><F92/><W126/><G126/><T116/><D116/><U102/><E102/><V52/><F31/><W121/><G121/><T57/><D124/><U66/><E66/><V15/><F15/><W80/><G80/><T4/><D17/><U104/><E104/><V18/><F18/><W85/><G75/><T91/><D4/><U125/><E125/><V1/><F74/><W127/><G127/><T0/><D0/><U107/><E107/><V65/><F65/><W76/><G25/><AGARI ba="0,0" hai="22,25,30,40,42,43,46,49,51,54,56,81,86,89" machi="25" ten="40,1300,0" yaku="8,1" doraHai="134" who="1" fromWho="3" sc="250,0,250,13,250,0,250,-13" /><INIT seed="1,0,0,0,2,74" ten="250,263,250,237" oya="1" hai0="40,84,102,34,116,77,81,120,76,6,0,128,108" hai1="88,115,100,112,129,25,130,1,61,62,56,31,110" hai2="7,106,93,94,49,82,32,12,3,2,39,48,66" hai3="92,95,8,121,111,41,17,90,118,45,97,70,124"/><U69/><E1/><V109/><F32/><W75/><G70/><T78/><D116/><U122/><E100/><V18/><F106/><W113/><G121/><T42/><D120/><U22/><E122/><V58/><F39/><W46/><G113/><T27/><D108/><U132/><E110/><V29/><F29/><W131/><G111/><T87/><D128/><N who="1" m="49259" /><E132/><V67/><F109/><W28/><G131/><T96/><D0/><U53/><E88/><V125/><F125/><W72/><G124/><T65/><D6/><U89/><E89/><V68/><F68/><W134/><G134/><T43/><D65/><AGARI ba="0,0" hai="22,25,31,53,56,61,62,65,69,112,115" m="49259" machi="65" ten="30,1500,0" yaku="19,1" doraHai="74" who="1" fromWho="0" sc="250,-15,263,15,250,0,237,0" /><INIT seed="1,1,0,1,0,18" ten="235,278,250,237" oya="1" hai0="54,112,120,15,57,111,97,80,6,67,35,20,23" hai1="69,102,38,50,48,123,76,99,30,119,3,21,65" hai2="105,41,62,81,22,88,109,90,42,94,98,93,16" hai3="107,9,19,127,12,110,121,63,71,37,66,24,36"/><U122/><E38/><V113/><F113/><W124/><G121/><T100/><D112/><U83/><E3/><V128/><F105/><W129/><G110/><T79/><D35/><U114/><E119/><V60/><F128/><W28/><G107/><T59/><D111/><U126/><E114/><V87/><F109/><W86/><G86/><N who="0" m="48415" /><D120/><U73/><E126/><N who="3" m="48170" /><G129/><T82/><D82/><U61/><E123/><V131/><F131/><W10/><G10/><N who="0" m="4567" /><D67/><U11/><E11/><V58/><F81/><W91/><G91/><T56/><D54/><U84/><E73/><V118/><F118/><W8/><G8/><T31/><D31/><U29/><E122/><V5/><F5/><W32/><AGARI ba="1,0" hai="9,12,19,24,28,32,36,37,63,66,71" m="48170" machi="32" ten="30,1100,0" yaku="18,1" doraHai="18" who="3" fromWho="3" sc="235,-4,278,-6,250,-4,237,14" /><INIT seed="2,0,0,1,3,9" ten="231,272,246,251" oya="2" hai0="72,108,127,99,18,34,20,74,89,6,86,57,4" hai1="100,91,37,132,39,46,131,21,29,98,64,76,114" hai2="133,23,106,36,120,85,61,54,26,60,62,105,134" hai3="5,22,135,110,109,42,101,124,48,40,17,125,121"/><V90/><F36/><W122/><G101/><T82/><D34/><U111/><E114/><V35/><F35/><W13/><G48/><T65/><D108/><N who="3" m="41577" /><G42/><T51/><D127/><N who="3" m="48713" /><G40/><T123/><D123/><N who="3" m="47113" /><G5/><T32/><D51/><U10/><E100/><V75/><F75/><W107/><G107/><T78/><D72/><U94/><E39/><V117/><F117/><W95/><G95/><N who="0" m="56815" /><D74/><U92/><E94/><N who="2" m="54607" /><F54/><W130/><G130/><T126/><D126/><U30/><E92/><V0/><F120/><W27/><G135/><N who="2" m="51721" /><F0/><W71/><G71/><T15/><D32/><U45/><E132/><V80/><F80/><W41/><G41/><T84/><D84/><U113/><E131/><V93/><F93/><W128/><G128/><T88/><D78/><U67/><E76/><V58/><F58/><W96/><G96/><T31/><D57/><U47/><E98/><V77/><F77/><W70/><G70/><T14/><D82/><U81/><E81/><V83/><F83/><W28/><G28/><AGARI ba="0,0" hai="23,26,28,60,61,62,105,106" m="51721,54607" machi="28" ten="30,1500,0" yaku="20,1" doraHai="9" who="2" fromWho="3" sc="231,0,272,0,246,15,251,-15" /><INIT seed="2,1,0,0,0,5" ten="231,272,261,236" oya="2" hai0="11,74,50,33,51,89,72,98,13,132,48,32,54" hai1="107,21,56,134,112,46,41,114,4,106,105,100,128" hai2="64,133,115,45,38,101,16,14,71,77,43,103,125" hai3="92,27,17,102,29,2,28,6,82,110,93,0,25"/><V55/><F115/><W10/><G110/><T81/><D132/><U47/><E134/><V40/><F133/><W108/><G108/><T37/><D37/><U49/><E128/><V129/><F129/><W119/><G119/><T35/><D54/><U59/><E100/><V73/><F43/><W123/><G123/><T22/><D22/><U26/><E47/><V69/><F125/><W99/><G0/><T117/><D117/><U95/><E95/><V7/><F7/><W62/><G82/><T12/><D12/><U34/><E34/><V87/><F73/><W20/><G62/><T18/><REACH who="0" step="1"/><D98/><REACH who="0" ten="221,272,261,236" step="2"/><U88/><E21/><N who="2" m="11415" /><F55/><W24/><REACH who="3" step="1"/><G93/><REACH who="3" ten="221,272,261,226" step="2"/><T42/><D42/><U31/><E41/><V52/><F40/><W94/><G94/><T70/><D70/><U83/><E112/><V58/><F71/><W111/><G111/><T86/><AGARI ba="1,2" hai="11,13,18,32,33,35,48,50,51,72,74,81,86,89" machi="86" ten="40,12000,2" yaku="1,1,0,1,52,1,53,3" doraHai="5" doraHaiUra="30" who="0" fromWho="0" sc="221,143,272,-31,261,-61,226,-31" /><INIT seed="3,0,0,4,2,56" ten="364,241,200,195" oya="3" hai0="85,35,64,80,127,126,55,57,61,105,90,102,131" hai1="32,97,7,13,16,6,76,66,124,112,11,100,121" hai2="78,132,72,92,62,83,96,69,9,53,110,95,60" hai3="15,125,101,28,12,31,109,8,113,24,63,25,107"/><W29/><G113/><T71/><D131/><U27/><E121/><V48/><F132/><W119/><G119/><T115/><D35/><U33/><E112/><V18/><F110/><W17/><G125/><N who="0" m="47627" /><D115/><U88/><E124/><V67/><F62/><W135/><G135/><T123/><D123/><U26/><E76/><V81/><F81/><W0/><G0/><T49/><D102/><U73/><E73/><V77/><F77/><W39/><G39/><T68/><D105/><U2/><E2/><V86/><F72/><W36/><G36/><T130/><D130/><U4/><E66/><V129/><F129/><W111/><G101/><T54/><D54/><U5/><N who="1" m="1024" /><DORA hai="122" /><U37/><E37/><V3/><F3/><W117/><G107/><T118/><D118/><U65/><E65/><V79/><F79/><W43/><G43/><T94/><D94/><U23/><E100/><V106/><F106/><W75/><G75/><T91/><D91/><U114/><E114/><V98/><F95/><W133/><G133/><T134/><D134/><U50/><E88/><V87/><F87/><W108/><G117/><T41/><D41/><U1/><E97/><V93/><F96/><W14/><G63/><T20/><D20/><U19/><E50/><V10/><F18/><N who="1" m="6697" /><E1/><V46/><REACH who="2" step="1"/><F92/><REACH who="2" ten="364,241,190,195" step="2"/><W40/><G40/><T82/><D82/><U21/><E11/><V52/><F52/><W34/><G29/><T89/><D71/><U128/><E128/><V120/><F120/><W70/><G70/><T30/><D30/><N who="1" m="17759" /><E13/><V22/><F22/><AGARI ba="0,1" hai="8,12,14,15,17,22,24,25,28,31,34,108,109,111" machi="22" ten="40,24000,3" yaku="14,1,10,1,34,3,52,3" doraHai="56,122" who="3" fromWho="2" sc="364,0,241,0,190,-240,195,250" owari="364,16.0,241,-16.0,-50,-55.0,445,55.0" /></mjloggm>