<mjloggm ver="2.3"><GO type="97" lobby="0"/><UN n0="%E3%81%8E%E3%82%93%E3%81%84%E3%82%8D" n1="%E5%B0%B1%E6%B4%BB%E7%94%9F%40%E5%B7%9D%E6%9D%91%E8%BB%8D%E5%9B%A3" n2="%41%49%4E%45" n3="%6D%69%7A%75%79%6F%75" dan="13,15,13,13" rate="1907.61,1954.93,1874.35,1891.47" sx="F,M,F,M"/><TAIKYOKU oya="0"/><INIT seed="0,0,0,5,1,40" ten="250,250,250,250" oya="0" hai0="54,104,20,11,71,111,9,32,133,123,63,47,26" hai1="14,52,83,16,18,43,62,110,131,42,45,99,2" hai2="65,86,10,125,115,36,7,132,59,97,69,50,79" hai3="130,33,15,100,17,84,78,13,129,101,95,92,109"/><T118/><D118/><U113/><E2/><V82/><F115/><W12/><G33/><T124/><D123/><U70/><E113/><V60/><F132/><W102/><G17/><T87/><D133/><U74/><E131/><N who="3" m="50186" /><G78/><T5/><D32/><U58/><E70/><V67/><F125/><W55/><G109/><T28/><D124/><U121/><E121/><V103/><F36/><W117/><G117/><T107/><D111/><U76/><E110/><V24/><F24/><W37/><G37/><T105/><D87/><N who="1" m="48615" /><E99/><V96/><F50/><W48/><G84/><T53/><D71/><U3/><E3/><V4/><F69/><W68/><G68/><T31/><D31/><U0/><E0/><V1/><F4/><W134/><G134/><T75/><D75/><U30/><E30/><V77/><F67/><W93/><G48/><T56/><REACH who="0" step="1"/><D5/><REACH who="0" ten="240,250,250,250" step="2"/><U39/><E74/><V34/><F34/><W119/><G119/><T22/><D22/><N who="1" m="11543" /><E39/><V106/><F96/><W35/><G35/><T19/><D19/><U51/><E18/><V21/><F21/><W127/><G127/><T49/><AGARI ba="0,1" hai="9,11,20,26,28,47,49,53,54,56,63,104,105,107" machi="49" ten="40,7800,0" yaku="1,1,0,1,52,1,53,0" doraHai="40" doraHaiUra="88" who="0" fromWho="0" sc="240,88,250,-26,250,-26,250,-26" /><INIT seed="0,1,0,2,3,4" ten="328,224,224,224" oya="0" hai0="113,101,72,129,30,86,50,79,89,112,67,118,123" hai1="65,93,109,108,71,17,32,57,27,3,53,83,100" hai2="21,34,16,39,126,102,18,87,115,91,46,119,25" hai3="15,81,130,13,0,107,134,48,99,124,66,23,24"/><T40/><D118/><U74/><E3/><V37/><F115/><W60/><G0/><T63/><D123/><U95/><E71/><V36/><F119/><W2/><G2/><T19/><D129/><U62/><E65/><V56/><F34/><W70/><G124/><T121/><D121/><U77/><E100/><V103/><F126/><W31/><G134/><T20/><D30/><U47/><E47/><V52/><F46/><W38/><G38/><T26/><D101/><U58/><E58/><V42/><F42/><W92/><G107/><T84/><D72/><U22/><REACH who="1" step="1"/><E32/><REACH who="1" ten="328,214,224,224" step="2"/><V131/><F131/><W116/><G130/><T49/><D112/><U1/><E1/><V69/><F69/><W33/><G116/><T35/><D113/><U128/><E128/><V59/><F59/><W11/><G33/><T41/><D35/><U45/><E45/><V97/><F103/><W122/><G122/><T12/><D40/><U28/><E28/><V51/><F18/><W98/><G70/><T76/><D41/><U68/><E68/><V10/><F102/><W132/><G132/><T75/><D19/><U73/><E73/><V8/><REACH who="2" step="1"/><F97/><REACH who="2" ten="328,214,214,224" step="2"/><W5/><G99/><T9/><D67/><U105/><E105/><V44/><F44/><W85/><G98/><T133/><D133/><U61/><E61/><V111/><F111/><AGARI ba="1,2" hai="17,22,27,53,57,62,74,77,83,93,95,108,109,111" machi="111" ten="40,5200,0" yaku="1,1,14,1,53,1" doraHai="4" doraHaiUra="55" who="1" fromWho="2" sc="328,0,214,75,214,-55,224,0" /><INIT seed="1,0,0,2,0,76" ten="328,289,159,224" oya="1" hai0="31,110,56,15,40,25,32,55,127,22,108,95,124" hai1="26,53,30,104,101,72,45,67,126,41,33,60,120" hai2="114,4,1,88,50,27,21,64,37,83,17,133,92" hai3="39,84,51,24,96,79,19,122,49,2,16,61,36"/><U89/><E120/><V57/><F37/><W29/><G2/><T63/><D40/><U48/><E126/><N who="0" m="48169" /><D95/><U77/><E104/><V99/><F114/><W20/><G122/><T59/><D59/><U91/><E101/><V9/><F133/><W130/><G130/><T8/><D32/><U68/><E72/><V131/><F131/><W73/><G73/><T18/><AGARI ba="0,0" hai="8,15,18,22,25,31,55,56,63,108,110" m="48169" machi="18" ten="30,1100,0" yaku="18,1" doraHai="76" who="0" fromWho="0" sc="328,11,289,-5,159,-3,224,-3" /><INIT seed="2,0,0,5,3,127" ten="339,284,156,221" oya="2" hai0="2,107,60,31,43,83,54,100,74,81,112,39,94" hai1="135,111,11,0,66,27,123,14,75,114,70,132,50" hai2="97,126,42,18,96,128,77,110,34,92,63,46,32" hai3="55,99,58,71,15,56,120,87,79,30,88,48,35"/><V45/><F126/><W22/><G71/><T49/><D112/><U9/><E75/><V16/><F77/><W72/><G35/><T113/><D113/><U98/><E70/><V103/><F110/><W104/><G120/><T38/><D2/><U6/><E66/><V131/><F63/><W134/><G134/><T47/><D107/><U122/><E98/><V59/><F59/><W68/><G68/><T108/><D108/><U69/><E69/><V64/><F64/><W67/><G72/><T33/><D33/><U133/><E50/><V105/><F34/><W12/><G79/><T26/><D74/><U37/><E37/><V21/><F32/><W4/><G4/><T52/><D60/><U106/><E106/><V118/><F118/><W1/><G1/><T84/><D83/><U85/><E114/><V130/><F42/><W28/><G104/><T19/><D31/><N who="3" m="11817" /><G99/><N who="0" m="59511" /><D39/><U129/><E85/><V101/><F18/><W17/><G67/><T102/><D102/><U93/><E93/><V8/><F8/><W61/><G12/><AGARI ba="0,0" hai="12,16,21,45,46,92,96,97,101,103,105,128,130,131" machi="12" ten="40,12000,1" yaku="19,1,52,3,54,1" doraHai="127" who="2" fromWho="3" sc="339,0,284,0,156,120,221,-120" /><INIT seed="2,1,0,4,4,105" ten="339,284,276,101" oya="2" hai0="68,95,17,41,45,127,107,115,38,44,34,20,91" hai1="2,33,9,70,57,85,10,58,120,75,1,47,117" hai2="59,128,88,129,22,16,48,78,125,0,122,83,66" hai3="121,111,62,104,71,24,29,114,81,93,126,134,77"/><V40/><F122/><W27/><G27/><T73/><D115/><U55/><E70/><V13/><F0/><W90/><G121/><T49/><D107/><U14/><E117/><V110/><F110/><W4/><G134/><T65/><D34/><U76/><E33/><V32/><F32/><W42/><G42/><T3/><D3/><U130/><E130/><N who="2" m="50283" /><F125/><W98/><G4/><T60/><D127/><U6/><E120/><V103/><F40/><W26/><G111/><T69/><D69/><U18/><E1/><V97/><F66/><W56/><G71/><T12/><D73/><U53/><E47/><V99/><F103/><W118/><G118/><T113/><D113/><U72/><E85/><N who="2" m="50239" /><F78/><W86/><G126/><T101/><D101/><U25/><E76/><V67/><F48/><W102/><G29/><T35/><D35/><U37/><E37/><V92/><F92/><W36/><G36/><T50/><D45/><U23/><E55/><V74/><F74/><N who="3" m="43191" /><G114/><T108/><D108/><U43/><E43/><V46/><F46/><W80/><G80/><T8/><D8/><U135/><E135/><V119/><F119/><W79/><G79/><T100/><D100/><U116/><E116/><V28/><F28/><W64/><AGARI ba="1,0" hai="24,26,56,62,64,86,90,93,98,102,104" m="43191" machi="64" ten="30,2000,0" yaku="24,1,52,1" doraHai="105" who="3" fromWho="3" sc="339,-6,284,-6,276,-11,101,23" /><INIT seed="3,0,0,4,0,117" ten="333,278,265,124" oya="3" hai0="17,4,131,118,60,126,2,130,95,49,41,116,19" hai1="113,29,47,13,39,90,80,82,77,35,1,30,135" hai2="14,52,114,134,7,65,57,5,42,112,91,96,40" hai3="74,51,81,71,37,127,24,79,103,89,34,87,68"/><W63/><G37/><T9/><D126/><U36/><E1/><V100/><F134/><W3/><G3/><T67/><D95/><U46/><E113/><V26/><F112/><W33/><G103/><T94/><D94/><U115/><E115/><V97/><F114/><W125/><G51/><T62/><D49/><U20/><E35/><N who="3" m="13322" /><G24/><T8/><D41/><N who="2" m="15978" /><F100/><W105/><G105/><T92/><D92/><U25/><E135/><V32/><F32/><W0/><G63/><N who="0" m="24107" /><D67/><U78/><E90/><V53/><F26/><W133/><G0/><T73/><D73/><U56/><E56/><V120/><F120/><W23/><G23/><T28/><D28/><U102/><E102/><V64/><F91/><W84/><G133/><T27/><D27/><U83/><E25/><V119/><F119/><N who="0" m="45610" /><D9/><U38/><E13/><V70/><F70/><N who="3" m="26667" /><G89/><T122/><D122/><U44/><E20/><V98/><F57/><W10/><G10/><T93/><D93/><U107/><E107/><V75/><F75/><W58/><G58/><T128/><AGARI ba="0,0" hai="2,4,8,17,19,128,130,131" m="45610,24107" machi="128" ten="40,1500,0" yaku="19,1" doraHai="117" who="0" fromWho="0" sc="333,15,278,-4,265,-4,124,-7" owari="348,45.0,274,7.0,261,-14.0,117,-38.0" /></mjloggm>