<mjloggm ver="2.3"><GO type="169" lobby="0"/><UN n0="%6B%77%5F%67%69%66%75" n1="%EF%BC%A0%E3%81%BF%E3%82%84" n2="%E3%83%89%E3%83%A9%E3%83%AD%E3%83%B3%E3%83%80%E3%82%A4%E3%83%B4" n3="%E5%B0%B1%E6%B4%BB%E7%94%9F%40%E5%B7%9D%E6%9D%91%E8%BB%8D%E5%9B%A3" dan="16,17,16,16" rate="2027.50,2172.07,2158.56,2126.89" sx="M,F,M,M"/><TAIKYOKU oya="0"/><INIT seed="0,0,0,0,5,83" ten="250,250,250,250" oya="0" hai0="98,57,23,122,52,134,49,132,26,54,90,41,7" hai1="42,36,130,29,59,15,34,46,1,96,93,40,124" hai2="18,113,65,56,86,76,121,19,25,104,116,35,117" hai3="62,110,128,51,99,44,133,13,5,88,91,74,95"/><T48/><D122/><U10/><E130/><V16/><F121/><W0/><G74/><T84/><D98/><U21/><E124/><V38/><F113/><W14/><G133/><N who="0" m="51307" /><D41/><U24/><E40/><V78/><F38/><W3/><G128/><T79/><D7/><U4/><E59/><V30/><F104/><W97/><G110/><T60/><D79/><U108/><E108/><V63/><REACH who="2" step="1"/><F86/><REACH who="2" ten="250,250,240,250" step="2"/><W53/><G99/><T94/><D54/><U75/><E75/><V106/><F106/><W68/><G97/><T12/><D12/><U6/><E1/><V67/><F67/><W126/><G126/><T55/><D55/><U32/><REACH who="1" step="1"/><E6/><REACH who="1" ten="250,240,240,250" step="2"/><V123/><F123/><W47/><G5/><T70/><D70/><U20/><E20/><V87/><F87/><N who="3" m="52639" /><G0/><T129/><D129/><U109/><E109/><V17/><N who="2" m="4096" /><DORA hai="111" /><V89/><F89/><AGARI ba="0,2" hai="4,10,15,21,24,29,32,34,36,42,46,89,93,96" machi="89" ten="30,3900,0" yaku="1,1,7,1,53,1" doraHai="83,111" doraHaiUra="103,8" who="1" fromWho="2" sc="250,0,240,59,240,-39,250,0" /><INIT seed="1,0,0,5,0,31" ten="250,299,201,250" oya="1" hai0="44,6,3,124,10,14,76,42,18,112,113,94,24" hai1="72,0,89,70,57,110,12,118,61,82,100,4,71" hai2="81,26,11,69,67,109,13,133,16,20,120,47,46" hai3="128,7,96,22,33,52,129,102,93,28,130,114,122"/><U2/><E118/><V8/><F109/><W98/><G122/><T121/><D124/><U56/><E110/><V123/><F133/><W79/><G114/><T55/><D121/><U80/><E100/><V19/><F8/><W131/><G79/><T35/><D76/><U78/><E12/><V126/><F126/><W54/><N who="3" m="33280" /><DORA hai="127" /><W86/><G7/><T39/><D55/><N who="3" m="21033" /><G22/><N who="0" m="11607" /><D94/><U91/><E78/><V41/><F120/><W87/><G98/><T85/><D85/><N who="3" m="32265" /><G28/><AGARI ba="0,0" hai="3,6,10,24,28,35,39,42,44,112,113" m="11607" machi="28" ten="30,2000,0" yaku="24,1,52,1" doraHai="31,127" who="0" fromWho="3" sc="250,20,299,0,201,0,250,-20" /><INIT seed="2,0,0,5,4,92" ten="270,299,201,230" oya="2" hai0="100,0,25,72,110,84,42,118,96,131,58,35,46" hai1="38,29,24,79,8,64,126,51,15,103,61,107,45" hai2="122,85,80,11,17,94,90,87,7,56,129,22,95" hai3="69,102,32,76,41,67,62,16,54,132,63,134,68"/><V86/><F129/><W120/><G32/><T98/><D72/><U13/><E126/><V21/><F122/><W124/><G120/><T44/><D0/><U1/><E38/><V75/><F75/><W73/><G124/><T43/><D131/><U40/><E79/><V101/><F86/><W39/><G102/><T123/><D123/><U3/><E103/><V93/><F101/><W9/><G76/><T115/><D110/><U53/><E107/><V133/><F133/><N who="3" m="51307" /><G73/><T112/><D100/><U30/><E40/><V50/><F87/><W70/><G9/><T78/><D84/><U57/><E29/><V36/><F36/><W99/><G99/><T82/><D58/><U71/><E71/><N who="3" m="27210" /><G16/><T77/><D82/><U106/><E106/><V97/><F17/><W4/><G4/><T47/><D118/><U91/><E91/><V2/><REACH who="2" step="1"/><F97/><REACH who="2" ten="270,299,191,230" step="2"/><W88/><G88/><T37/><D37/><U59/><E30/><V108/><F108/><W18/><G18/><T83/><D96/><U105/><E105/><V104/><F104/><W127/><G127/><T125/><D98/><U135/><E135/><V20/><F20/><W119/><G119/><T19/><D125/><U116/><E116/><V52/><AGARI ba="0,1" hai="2,7,11,21,22,50,52,56,80,85,90,93,94,95" machi="52" ten="30,6000,0" yaku="1,1,0,1,54,1,53,0" doraHai="92" doraHaiUra="14" who="2" fromWho="2" sc="270,-20,299,-20,191,70,230,-20" /><INIT seed="2,1,0,3,3,95" ten="250,279,261,210" oya="2" hai0="105,100,20,74,107,59,47,86,33,15,65,96,113" hai1="52,71,28,89,63,1,76,70,38,58,37,83,106" hai2="11,40,84,14,62,21,46,122,60,56,131,88,110" hai3="104,82,103,116,111,35,125,114,132,121,44,12,124"/><V120/><F131/><W41/><G35/><T118/><D74/><U55/><E1/><V43/><F21/><W133/><G104/><T97/><D33/><U6/><E6/><V73/><F73/><W68/><G103/><T54/><D113/><U87/><E106/><V90/><F110/><W48/><G12/><T57/><D86/><U5/><E5/><V101/><F101/><W102/><G102/><T109/><D109/><U32/><E32/><V25/><F25/><W66/><G82/><T94/><D107/><U27/><E27/><V79/><F79/><W0/><G0/><T81/><D81/><U129/><E129/><V36/><F43/><W75/><G75/><T29/><D65/><U112/><E28/><V99/><F99/><W108/><G116/><T78/><D78/><U53/><E112/><V130/><F130/><W42/><G42/><T17/><D118/><U67/><REACH who="1" step="1"/><E76/><REACH who="1" ten="250,269,261,210" step="2"/><V39/><F120/><W4/><G114/><T80/><D105/><U127/><E127/><N who="3" m="48714" /><G4/><T23/><D29/><U19/><E19/><V16/><F122/><W135/><G121/><T85/><D17/><U69/><AGARI ba="1,1" hai="37,38,52,53,55,58,63,67,69,70,71,83,87,89" machi="69" ten="40,5200,0" yaku="1,1,0,1,54,1,53,0" doraHai="95" doraHaiUra="9" who="1" fromWho="1" sc="250,-14,269,65,261,-27,210,-14" /><INIT seed="3,0,0,2,4,40" ten="236,334,234,196" oya="3" hai0="91,66,61,86,68,125,124,69,128,19,6,90,43" hai1="47,103,23,98,79,33,132,2,92,120,88,127,45" hai2="116,100,50,64,114,32,8,5,65,1,30,110,73" hai3="117,96,10,27,3,11,84,109,60,131,113,81,121"/><W18/><G121/><T80/><D128/><U118/><E33/><V52/><F114/><W83/><G117/><T122/><D122/><U111/><E120/><V115/><F115/><W76/><G113/><T70/><D6/><U35/><E35/><V130/><F116/><W101/><G131/><T25/><D90/><U48/><E2/><V104/><F130/><W112/><G112/><T87/><D87/><U54/><E118/><V13/><F73/><W135/><G135/><T55/><D55/><U4/><E132/><V99/><F110/><W89/><G109/><T62/><D43/><U97/><E127/><N who="0" m="48713" /><D62/><U72/><E4/><V36/><F36/><W77/><G60/><T93/><D80/><U41/><E111/><V133/><F133/><W14/><G27/><T56/><D69/><U42/><E72/><V63/><F63/><W82/><G3/><T78/><D78/><U119/><E79/><V67/><F32/><W51/><G51/><T46/><D46/><N who="1" m="27927" /><E119/><V22/><F67/><W134/><G134/><T126/><N who="0" m="48721" /><T9/><DORA hai="0" /><D9/><U74/><E74/><V71/><F71/><W29/><G11/><T123/><D123/><U7/><E7/><V58/><REACH who="2" step="1"/><F13/><REACH who="2" ten="236,334,224,196" step="2"/><W49/><G76/><T94/><D68/><U102/><E41/><V85/><F85/><W38/><G38/><T39/><D39/><U105/><E42/><V106/><F106/><N who="3" m="63783" /><G49/><T31/><D70/><U53/><E105/><V28/><F28/><W37/><G37/><T21/><D31/><U24/><E98/><V26/><AGARI ba="0,1" hai="1,5,8,22,26,30,50,52,58,64,65,99,100,104" machi="26" ten="30,8000,1" yaku="1,1,0,1,52,1,54,1,53,1" doraHai="40,0" doraHaiUra="129,20" who="2" fromWho="2" sc="236,-20,334,-20,224,90,196,-40" /><INIT seed="4,0,0,2,4,73" ten="216,314,314,156" oya="0" hai0="51,84,44,52,103,59,14,26,21,34,70,99,83" hai1="109,56,105,93,23,132,36,119,120,85,129,39,126" hai2="38,88,22,90,12,55,5,60,113,71,74,40,135" hai3="41,42,7,68,82,31,125,114,50,130,35,53,112"/><T118/><D70/><U61/><E23/><V81/><F113/><W20/><G68/><T69/><D69/><U48/><E48/><V72/><F135/><W58/><G35/><T45/><D34/><U64/><E85/><V80/><F80/><W2/><G125/><T29/><D14/><U96/><E93/><V106/><F106/><W0/><G130/><T6/><D6/><U13/><E96/><V100/><F100/><W3/><G7/><T98/><D118/><U54/><E13/><V92/><F38/><W94/><G94/><N who="0" m="58839" /><D99/><U18/><E18/><V101/><F101/><W87/><G114/><T79/><AGARI ba="0,0" hai="21,26,29,44,45,51,52,59,79,83,84" m="58839" machi="79" ten="30,6000,0" yaku="8,1,52,1,54,1" doraHai="73" who="0" fromWho="0" sc="216,60,314,-20,314,-20,156,-20" /><INIT seed="4,1,0,4,4,48" ten="276,294,294,136" oya="0" hai0="86,134,78,103,55,107,81,127,129,96,66,27,72" hai1="105,22,43,41,24,37,82,119,75,122,110,46,63" hai2="19,15,123,76,87,52,111,17,88,68,45,64,125" hai3="93,28,114,124,14,73,25,36,85,47,120,54,60"/><T32/><D66/><U1/><E110/><V69/><F111/><W130/><G73/><T106/><D106/><U61/><E122/><V0/><F123/><W50/><G120/><T58/><D127/><U38/><E105/><V109/><F109/><W26/><G124/><T74/><D134/><U59/><E1/><V11/><F125/><W33/><G114/><T51/><REACH who="0" step="1"/><D129/><REACH who="0" ten="266,294,294,136" step="2"/><U128/><E128/><V98/><F64/><W7/><G130/><T79/><D79/><U118/><E118/><V67/><F76/><W100/><G36/><T3/><D3/><U112/><E119/><V53/><F0/><W65/><G26/><T101/><D101/><U34/><E24/><V97/><F67/><W40/><G14/><T8/><D8/><U95/><E38/><V21/><F68/><W44/><G7/><T90/><D90/><U2/><E2/><V126/><F69/><W23/><G33/><T42/><D42/><U116/><E41/><V99/><F126/><W121/><G121/><T18/><D18/><U10/><E43/><V89/><F45/><W20/><G20/><T56/><D56/><U5/><E46/><V57/><F57/><W117/><G117/><T39/><D39/><U9/><E59/><V49/><F89/><W94/><G47/><T4/><D4/><U16/><E37/><V71/><F71/><W29/><G29/><AGARI ba="1,1" hai="27,29,32,51,55,58,72,74,78,81,86,96,103,107" machi="29" ten="40,3900,0" yaku="1,1,52,1,53,0" doraHai="48" doraHaiUra="91" who="0" fromWho="3" sc="266,52,294,0,294,0,136,-42" /><INIT seed="4,2,0,1,1,130" ten="318,294,294,94" oya="0" hai0="20,34,70,76,54,52,124,21,45,67,0,25,125" hai1="108,72,102,93,105,36,111,37,87,23,109,13,30" hai2="91,95,16,51,50,5,118,71,53,127,46,28,126" hai3="17,123,35,98,43,112,48,88,3,24,14,26,12"/><T90/><D34/><U15/><E105/><V56/><F118/><W131/><G123/><T99/><D0/><U69/><E72/><V94/><F71/><W40/><G131/><T81/><D67/><U41/><E69/><V1/><F28/><W33/><G112/><T113/><D70/><U78/><E78/><V135/><F135/><W44/><G3/><T32/><D32/><U62/><E62/><V117/><F117/><W65/><G65/><T64/><D64/><U92/><E87/><V107/><F107/><W66/><G66/><T101/><D90/><U83/><E83/><V39/><F39/><N who="1" m="14921" /><E41/><N who="2" m="24911" /><F16/><W59/><G59/><T6/><D6/><U7/><E7/><V75/><F75/><W55/><G35/><T97/><D45/><U103/><E30/><V19/><F19/><W106/><G106/><T22/><D25/><N who="3" m="9833" /><G33/><T38/><D38/><U134/><E23/><V82/><F82/><W84/><G98/><N who="0" m="37387" /><D101/><N who="1" m="38411" /><E134/><V58/><F58/><W122/><G122/><T132/><D132/><U18/><E18/><V4/><F1/><W121/><G121/><T8/><D113/><U9/><E9/><V74/><F74/><W68/><G68/><T104/><D8/><U73/><E73/><V120/><F120/><W47/><G47/><T86/><D104/><U129/><E129/><V96/><F95/><AGARI ba="2,0" hai="13,15,92,93,95,108,109,111" m="38411,14921" machi="95" ten="40,2600,0" yaku="28,2" doraHai="130" who="1" fromWho="2" sc="318,0,294,32,294,-32,94,0" /><INIT seed="5,0,0,5,5,4" ten="318,326,262,94" oya="1" hai0="32,34,93,101,109,120,62,81,20,118,19,40,71" hai1="69,123,25,29,41,129,13,48,117,59,44,91,130" hai2="104,7,83,56,126,43,12,106,133,52,99,55,45" hai3="112,22,28,127,102,121,94,38,90,65,27,111,6"/><U63/><E123/><V107/><F133/><W116/><G38/><T10/><D109/><U134/><E117/><V114/><F126/><W108/><G116/><T53/><D118/><U61/><E134/><V24/><F114/><W74/><G74/><T119/><D119/><U64/><E91/><V135/><F135/><W100/><G121/><T18/><D40/><U84/><E84/><V31/><F83/><W30/><G127/><T85/><D34/><U57/><E13/><V35/><F99/><W80/><G112/><T33/><D33/><U96/><E96/><V49/><REACH who="2" step="1"/><F56/><REACH who="2" ten="318,326,252,94" step="2"/><W50/><G80/><T68/><D81/><U105/><E59/><V70/><F70/><W75/><G111/><T39/><D68/><U131/><E69/><V97/><F97/><W88/><G75/><T9/><D71/><U26/><E63/><V14/><F14/><W89/><G108/><T122/><D62/><U128/><E128/><V21/><F21/><W8/><G94/><T0/><D32/><N who="1" m="20527" /><E26/><V17/><F17/><W77/><G77/><T5/><D19/><U78/><E105/><V98/><F98/><W76/><G76/><AGARI ba="0,1" hai="41,44,48,57,61,64,76,78,129,130,131" m="20527" machi="76" ten="30,1500,0" yaku="19,1" doraHai="4" who="1" fromWho="3" sc="318,0,326,25,252,0,94,-15" /><INIT seed="5,1,0,5,4,52" ten="318,351,252,79" oya="1" hai0="51,86,13,60,3,70,120,12,34,132,80,87,106" hai1="15,82,78,26,107,116,104,46,108,30,135,7,5" hai2="9,134,53,97,115,131,94,50,113,29,35,55,98" hai3="126,31,39,23,33,17,47,2,43,66,16,117,79"/><U61/><E116/><V56/><F131/><W102/><G117/><T100/><D3/><U101/><E135/><V88/><F134/><W40/><G126/><T99/><D34/><U130/><E130/><V72/><F72/><W21/><G79/><T57/><D120/><U45/><E108/><V54/><F9/><W27/><G2/><T85/><D132/><U64/><E46/><V36/><F36/><W48/><G102/><T37/><D37/><U118/><E45/><V109/><F109/><W65/><G39/><T71/><D80/><U122/><E122/><V63/><F97/><W91/><G43/><T124/><D124/><U125/><E125/><V32/><F63/><W96/><G33/><N who="2" m="12873" /><F29/><W75/><G75/><T73/><D73/><U133/><E133/><V62/><F62/><W11/><G11/><T76/><D76/><U121/><E121/><V81/><F81/><W95/><REACH who="3" step="1"/><G31/><REACH who="3" ten="318,351,252,69" step="2"/><T1/><D1/><U6/><E30/><V90/><F90/><W128/><G128/><T28/><D28/><U59/><E101/><V105/><F105/><W74/><G74/><T89/><D89/><U119/><E104/><V69/><F69/><W42/><G42/><T0/><D0/><U14/><E107/><V58/><F50/><W4/><G4/><T67/><D71/><U19/><E118/><V18/><F18/><W77/><G77/><T129/><D129/><U8/><E119/><V93/><F93/><W83/><G83/><T10/><D10/><U41/><E8/><V38/><F38/><W20/><G20/><T92/><D106/><U25/><E78/><RYUUKYOKU ba="1,1" sc="318,10,351,-30,252,10,69,10" hai0="12,13,51,57,60,67,70,85,86,87,92,99,100" hai2="53,54,55,56,58,88,94,98,113,115" hai3="16,17,21,23,27,40,47,48,65,66,91,95,96" /><INIT seed="6,2,1,5,4,57" ten="328,321,262,79" oya="2" hai0="44,126,63,100,19,52,135,68,96,123,61,71,47" hai1="80,128,41,64,102,31,30,0,34,5,98,72,45" hai2="58,9,77,13,120,15,106,46,117,24,121,38,28" hai3="1,8,42,108,101,91,93,113,62,119,59,18,6"/><V125/><F117/><W90/><G119/><T65/><D123/><U83/><E128/><V40/><F77/><W129/><G113/><T16/><D126/><U130/><E130/><V81/><F106/><W49/><G129/><T37/><D135/><U122/><E122/><V43/><F125/><W2/><G108/><T109/><D109/><U21/><E34/><V103/><F103/><W60/><G2/><T118/><D118/><U133/><E133/><V82/><F43/><W111/><G111/><T88/><D88/><U124/><E64/><V20/><F82/><W39/><G39/><T112/><D112/><U73/><E21/><V17/><F81/><W127/><G127/><T12/><D37/><N who="1" m="21679" /><E73/><V35/><REACH who="2" step="1"/><F58/><REACH who="2" ten="328,321,252,79" step="2"/><W94/><G101/><T50/><D44/><U115/><E83/><V95/><F95/><W131/><G131/><T3/><D71/><U134/><E115/><V87/><F87/><W99/><G18/><AGARI ba="2,2" hai="9,13,15,17,18,20,24,28,35,38,40,46,120,121" machi="18" ten="30,2900,0" yaku="1,1,7,1,53,0" doraHai="57" doraHaiUra="32" who="2" fromWho="3" sc="328,0,321,0,252,55,79,-35" /><INIT seed="6,3,0,3,2,131" ten="328,321,307,44" oya="2" hai0="96,95,47,88,35,126,112,109,20,4,49,98,8" hai1="27,70,94,48,29,51,85,28,115,58,102,30,9" hai2="75,87,40,32,22,93,81,13,121,89,90,68,67" hai3="62,54,103,129,7,50,100,3,128,132,83,59,12"/><V38/><F121/><W23/><G3/><T69/><D109/><U107/><E70/><V123/><F123/><W39/><G39/><T46/><D35/><U6/><E115/><V130/><F32/><W19/><G7/><T125/><D69/><U1/><E107/><V105/><F105/><W10/><G132/><T116/><D112/><U17/><E58/><V127/><F130/><W31/><G129/><T91/><D116/><U34/><E34/><V113/><F113/><W135/><G135/><T42/><D20/><U119/><E119/><V106/><F106/><W55/><G128/><T25/><D25/><U43/><E43/><V16/><F127/><N who="0" m="48650" /><D47/><U44/><E44/><V74/><F40/><W64/><G83/><T124/><N who="0" m="48658" /><T84/><DORA hai="108" /><D91/><U63/><E63/><V37/><F67/><W57/><REACH who="3" step="1"/><G64/><REACH who="3" ten="328,321,307,34" step="2"/><T24/><D24/><AGARI ba="3,1" hai="10,12,19,23,24,31,50,54,55,57,59,62,100,103" machi="24" ten="40,5200,0" yaku="1,1,2,1,8,1,53,0" doraHai="131,108" doraHaiUra="114,80" who="3" fromWho="0" sc="328,-61,321,0,307,0,34,71" /><INIT seed="7,0,0,4,2,43" ten="267,321,307,105" oya="3" hai0="11,126,40,32,69,73,77,118,67,83,85,135,92" hai1="45,78,104,4,54,34,59,93,30,7,70,99,123" hai2="37,51,46,113,12,121,106,6,21,8,14,41,5" hai3="129,19,47,79,61,110,112,17,65,28,44,49,100"/><W132/><G110/><T60/><D118/><U119/><E123/><V124/><F121/><W125/><G112/><T90/><D135/><U35/><E70/><V109/><F109/><W42/><G132/><T0/><D126/><U18/><E104/><V131/><F106/><W102/><G125/><T130/><D32/><U22/><E78/><V82/><F124/><W66/><G129/><T95/><D130/><U16/><E45/><N who="3" m="17482" /><G42/><T122/><D40/><U105/><E105/><V114/><F131/><W36/><G36/><T89/><D122/><U56/><E35/><V50/><F82/><W31/><G49/><T9/><REACH who="0" step="1"/><D0/><REACH who="0" ten="257,321,307,105" step="2"/><U3/><E34/><V81/><F81/><W71/><G71/><T86/><AGARI ba="0,1" hai="9,11,60,67,69,73,77,83,85,86,89,90,92,95" machi="86" ten="20,8000,1" yaku="1,1,2,1,0,1,7,1,9,1,53,0" doraHai="43" doraHaiUra="111" who="0" fromWho="0" sc="257,90,321,-20,307,-20,105,-40" owari="347,44.0,301,10.0,287,-11.0,65,-43.0" /></mjloggm>