<mjloggm ver="2.3"><GO type="97" lobby="0"/><UN n0="%E3%81%82%E3%81%96%E3%81%A8%E3%81%99" n1="%E5%B0%B1%E6%B4%BB%E7%94%9F%40%E5%B7%9D%E6%9D%91%E8%BB%8D%E5%9B%A3" n2="%E3%82%B7%E3%82%BA%E3%82%AB" n3="%E3%82%B1%E3%82%A4%E3%83%88" dan="15,14,13,13" rate="1976.81,1929.47,1811.02,1916.44" sx="F,M,F,M"/><TAIKYOKU oya="0"/><INIT seed="0,0,0,2,4,95" ten="250,250,250,250" oya="0" hai0="113,54,67,46,106,72,82,123,4,47,29,41,20" hai1="16,122,22,12,6,128,45,100,55,126,51,11,69" hai2="88,79,103,135,115,78,32,49,59,43,111,114,121" hai3="17,85,71,66,19,120,7,13,8,96,44,84,124"/><T112/><D123/><U26/><E122/><V61/><F121/><W30/><G120/><RYUUKYOKU type="kaze4" ba="0,0" sc="250,0,250,0,250,0,250,0" /><INIT seed="0,1,0,5,4,26" ten="250,250,250,250" oya="0" hai0="76,102,91,75,94,69,129,96,39,46,68,34,62" hai1="127,107,110,54,17,80,131,56,45,4,104,77,33" hai2="5,116,92,84,57,24,73,15,82,3,72,19,66" hai3="21,87,135,121,124,109,42,51,61,28,71,133,55"/><T0/><D129/><U2/><E127/><V63/><F3/><W50/><G124/><T59/><D0/><U106/><E131/><V20/><F92/><W27/><G109/><T93/><D34/><U70/><E70/><V115/><F115/><W105/><G105/><T108/><D108/><U22/><E33/><V29/><F5/><W35/><G121/><T99/><D75/><U119/><E119/><V85/><F85/><W112/><G112/><T125/><D76/><U128/><E128/><V65/><F65/><N who="3" m="41391" /><G87/><T101/><D125/><U8/><E110/><V43/><F43/><W114/><G114/><T120/><D120/><U25/><E45/><V10/><REACH who="2" step="1"/><F116/><REACH who="2" ten="250,250,240,250" step="2"/><W32/><G42/><T95/><D39/><U1/><E1/><V52/><F52/><W11/><G55/><T49/><D49/><U16/><E106/><V103/><F103/><W58/><G51/><T41/><D41/><U74/><E17/><V81/><F81/><W67/><G50/><AGARI ba="1,1" hai="2,4,8,16,22,25,50,54,56,74,77,80,104,107" machi="50" ten="30,2000,0" yaku="7,1,54,1" doraHai="26" who="1" fromWho="3" sc="250,0,250,33,240,0,250,-23" /><INIT seed="1,0,0,0,4,80" ten="250,283,240,227" oya="1" hai0="61,106,84,75,14,51,24,130,44,57,94,69,38" hai1="40,31,83,132,87,76,119,0,122,52,103,45,115" hai2="67,32,47,2,91,39,35,64,41,71,10,101,21" hai3="131,13,79,37,90,68,133,20,78,54,86,114,118"/><U30/><E0/><V55/><F101/><W49/><G114/><T18/><D75/><U50/><E119/><V102/><F102/><W85/><G118/><T96/><D130/><U123/><E115/><V89/><F2/><W95/><G37/><T125/><D125/><U112/><E112/><V19/><F10/><W60/><G131/><T109/><D109/><U104/><E132/><V120/><F64/><W65/><G133/><T121/><D121/><U82/><E82/><V107/><F107/><W72/><G72/><T46/><D24/><U117/><E117/><V9/><F55/><W113/><G113/><T26/><D26/><U42/><E123/><V100/><F100/><W17/><G86/><T74/><D74/><U93/><E104/><V29/><F9/><W33/><REACH who="3" step="1"/><G33/><REACH who="3" ten="250,283,240,217" step="2"/><T15/><D38/><U128/><E122/><V92/><F35/><W43/><G43/><N who="1" m="16426" /><E128/><V28/><F41/><W110/><G110/><T77/><D106/><U70/><E70/><V11/><F32/><W73/><G73/><T126/><D69/><U6/><E6/><V124/><F39/><W25/><G25/><T56/><D126/><U7/><E7/><V36/><F71/><W135/><G135/><T98/><D98/><AGARI ba="0,1" hai="30,31,45,50,52,76,83,87,93,98,103" m="16426" machi="98" ten="30,5800,0" yaku="8,1,52,1,54,1" doraHai="80" who="1" fromWho="0" sc="250,-58,283,68,240,0,217,0" /><INIT seed="1,1,0,1,2,63" ten="192,351,240,217" oya="1" hai0="55,6,0,102,133,22,90,36,64,35,129,127,77" hai1="47,32,99,131,24,94,8,120,13,89,51,67,85" hai2="30,98,86,17,124,21,42,96,18,81,46,53,59" hai3="57,101,39,111,37,75,15,115,83,40,87,11,119"/><U5/><E120/><V58/><F124/><W38/><G115/><T65/><D35/><U25/><E131/><V10/><F42/><W104/><G75/><T92/><D36/><U60/><E32/><V106/><F30/><W93/><G104/><T41/><D41/><U134/><E134/><V108/><F106/><W113/><G113/><T74/><D102/><U79/><E79/><V97/><F46/><W100/><G111/><T88/><D22/><U72/><E72/><V34/><F108/><W52/><G40/><T16/><D90/><U44/><E99/><V110/><F110/><W109/><G119/><T29/><D29/><U33/><E33/><V54/><F34/><W135/><G135/><T105/><D105/><U112/><E112/><V19/><F10/><W95/><G101/><T122/><D133/><U107/><E107/><V20/><F21/><W28/><G28/><T7/><D129/><U125/><E47/><V126/><F20/><W27/><G27/><T12/><D127/><U1/><E1/><V56/><REACH who="2" step="1"/><F126/><REACH who="2" ten="192,351,230,217" step="2"/><W26/><G109/><T70/><D122/><U118/><E125/><V2/><F2/><W66/><G11/><T49/><D0/><U128/><E128/><V91/><AGARI ba="1,1" hai="17,18,19,53,54,56,58,59,81,86,91,96,97,98" machi="91" ten="40,8000,1" yaku="1,1,0,1,29,2,8,1,53,0" doraHai="63" doraHaiUra="114" who="2" fromWho="2" sc="192,-21,351,-41,230,93,217,-21" /><INIT seed="2,0,0,3,2,111" ten="171,310,323,196" oya="2" hai0="123,119,62,77,122,88,94,68,5,117,125,65,126" hai1="73,51,85,39,72,4,92,21,86,114,97,49,59" hai2="45,116,84,82,58,124,6,70,47,28,13,16,100" hai3="67,25,131,3,134,113,128,60,57,11,108,42,0"/><V24/><F70/><W78/><G108/><T63/><D77/><U12/><E114/><V127/><F100/><W132/><G42/><T98/><D5/><U17/><E39/><V80/><F6/><W33/><G78/><T115/><D115/><U56/><E73/><V1/><F1/><N who="3" m="587" /><G11/><T87/><D98/><U93/><E4/><V7/><F7/><W135/><G113/><T38/><D63/><U52/><E72/><V112/><F58/><W26/><G33/><T19/><D19/><U15/><E15/><V99/><F99/><W46/><G46/><T53/><D53/><N who="1" m="31791" /><E92/><V64/><F64/><W95/><G95/><T118/><REACH who="0" step="1"/><D38/><REACH who="0" ten="161,310,323,196" step="2"/><U30/><E30/><V8/><F28/><W90/><G90/><AGARI ba="0,1" hai="12,17,21,51,52,59,85,86,90,93,97" m="31791" machi="90" ten="30,2000,0" yaku="8,1,54,1" doraHai="111" who="1" fromWho="3" sc="161,0,310,30,323,0,196,-20" /><INIT seed="3,0,0,5,0,20" ten="161,340,323,176" oya="3" hai0="133,22,97,131,47,101,56,109,14,120,135,118,102" hai1="71,129,93,88,30,127,50,91,25,26,134,114,99" hai2="7,24,41,100,110,84,128,89,11,124,13,4,68" hai3="87,31,32,123,80,54,23,107,113,61,66,64,108"/><W115/><G107/><T36/><D118/><U52/><E114/><V37/><F68/><W74/><G123/><T83/><D120/><U73/><E73/><V121/><F100/><W60/><G74/><T95/><D109/><U17/><E71/><V42/><F110/><W63/><G32/><T53/><D131/><U3/><E3/><V111/><F111/><W55/><G108/><T6/><D83/><U72/><E72/><V39/><F128/><W59/><G115/><T90/><D47/><N who="1" m="27743" /><E129/><V10/><F124/><W98/><G113/><T58/><D36/><U82/><E134/><N who="0" m="51209" /><D58/><U126/><E17/><V5/><F42/><W81/><G98/><T45/><D45/><U35/><E25/><V38/><F24/><N who="3" m="16799" /><G81/><T117/><D117/><U48/><E48/><V28/><F41/><W49/><G55/><T76/><D76/><AGARI ba="0,0" hai="49,54,59,60,61,63,64,66,76,80,87" m="16799" machi="76" ten="30,2900,0" yaku="8,1,52,1" doraHai="20" who="3" fromWho="0" sc="161,-29,340,0,323,0,176,29" /><INIT seed="3,1,0,2,3,77" ten="132,340,323,205" oya="3" hai0="84,96,133,29,31,55,45,15,47,8,121,28,66" hai1="123,53,36,125,37,61,93,85,72,113,120,63,43" hai2="52,1,92,17,19,60,126,104,129,27,14,59,44" hai3="76,78,108,50,2,79,21,0,127,109,128,18,90"/><W91/><G128/><T73/><D133/><U105/><E72/><V25/><F1/><W88/><G127/><T134/><D134/><U107/><E113/><V42/><F104/><W38/><G38/><T94/><D73/><U54/><E125/><V33/><F33/><W49/><G2/><T106/><D106/><U97/><E85/><V46/><F126/><W39/><G39/><T115/><D121/><U130/><E130/><V13/><F129/><W40/><G0/><T82/><D115/><U62/><E43/><V23/><F92/><W10/><G10/><T16/><D66/><U69/><E69/><V75/><F75/><W80/><G80/><T81/><D84/><U110/><E110/><N who="3" m="42602" /><G40/><T99/><D99/><U112/><E112/><V41/><F41/><W119/><G119/><T103/><D55/><N who="1" m="21003" /><E37/><V102/><F102/><W124/><G124/><T5/><D5/><U114/><E36/><V86/><F86/><W20/><G20/><T71/><D71/><U57/><E114/><V101/><F101/><W7/><G7/><T64/><D64/><N who="1" m="38959" /><E120/><V65/><F65/><W116/><G116/><T11/><D8/><U132/><E123/><V70/><F70/><W83/><G83/><AGARI ba="1,0" hai="11,15,16,28,29,31,45,47,81,82,83,94,96,103" machi="83" ten="40,8000,1" yaku="8,1,52,3,54,1" doraHai="77" who="0" fromWho="3" sc="132,83,340,0,323,0,205,-83" owari="215,-18.0,340,44.0,323,12.0,122,-38.0" /></mjloggm>