<mjloggm ver="2.3"><GO type="41" lobby="0"/><UN n0="%4D%61%73%61%4D%61%73%61" n1="%E5%B0%B1%E6%B4%BB%E7%94%9F%40%E5%B7%9D%E6%9D%91%E8%BB%8D%E5%9B%A3" n2="%E8%8B%A5%E6%9D%BE%E7%94%BA%E3%81%AE%E6%9A%B4%E3%82%8C%E9%A6%AC" n3="%E6%87%90%E3%81%8F%E5%AE%B6%E7%95%9C" dan="14,15,14,15" rate="1908.04,2066.44,2010.08,2008.45" sx="F,M,M,M"/><TAIKYOKU oya="0"/><INIT seed="0,0,0,0,2,32" ten="250,250,250,250" oya="0" hai0="58,6,3,35,125,133,110,18,17,22,80,111,67" hai1="34,123,77,105,129,28,86,54,56,68,118,9,61" hai2="27,30,124,29,92,99,115,11,120,63,121,64,1" hai3="12,116,82,127,88,91,16,45,46,49,36,78,51"/><T53/><D35/><U73/><E118/><V31/><F124/><W19/><G127/><T108/><D125/><U43/><E105/><V87/><F87/><N who="3" m="48599" /><G36/><T52/><D133/><U119/><E129/><V47/><F47/><N who="3" m="17931" /><G116/><T89/><D80/><U98/><E68/><V93/><F115/><W83/><G19/><N who="0" m="7179" /><D22/><U21/><E34/><V13/><F27/><W107/><G107/><T132/><D132/><U97/><E73/><V8/><F1/><W0/><G0/><T84/><D84/><U79/><E43/><V72/><F72/><W76/><G76/><T55/><D89/><N who="3" m="34377" /><G83/><T7/><D3/><U57/><E79/><V23/><F120/><W60/><G60/><AGARI ba="0,0" hai="6,7,52,53,55,58,60,67,108,110,111" m="7179" machi="60" ten="40,7700,0" yaku="14,1,10,1,54,1" doraHai="32" who="0" fromWho="3" sc="250,77,250,0,250,0,250,-77" /><INIT seed="0,1,0,4,0,84" ten="327,250,250,173" oya="0" hai0="23,92,50,78,49,98,89,130,26,69,120,75,16" hai1="122,22,125,85,4,97,45,134,28,68,39,6,71" hai2="99,14,3,46,77,128,34,123,106,8,10,61,76" hai3="117,90,38,21,103,56,67,35,18,73,95,48,118"/><T58/><D120/><U101/><E122/><V41/><F123/><W110/><G73/><T33/><D69/><U102/><E134/><V1/><F34/><W36/><G35/><T94/><D33/><U11/><E125/><V135/><F135/><W19/><G103/><T126/><D126/><U25/><E101/><V93/><F106/><W112/><G112/><T47/><D130/><U113/><E113/><V70/><F128/><W129/><G129/><T91/><D75/><U29/><E29/><V80/><F70/><W15/><G110/><T62/><D78/><U119/><E119/><V65/><F61/><W51/><G38/><T9/><D9/><U63/><E6/><V5/><F65/><W7/><G36/><T40/><D40/><U87/><E39/><V52/><F41/><W20/><G7/><T88/><D47/><U57/><E45/><V53/><F46/><W43/><G118/><T37/><D37/><U86/><E11/><V59/><F59/><W32/><G32/><T54/><D94/><U0/><E4/><N who="2" m="3399" /><F1/><W2/><G2/><T74/><REACH who="0" step="1"/><D74/><REACH who="0" ten="317,250,250,173" step="2"/><U12/><E71/><V44/><F44/><W72/><G72/><T66/><D66/><N who="1" m="39279" /><E68/><V111/><F76/><W83/><G117/><T17/><D17/><U64/><E64/><V96/><F111/><W124/><G124/><T133/><D133/><U127/><E127/><V42/><F42/><W115/><G43/><T31/><D31/><U55/><E0/><V108/><F108/><W121/><G115/><T131/><D131/><U27/><E28/><V109/><F109/><W13/><G121/><RYUUKYOKU ba="1,1" sc="317,30,250,-10,250,-10,173,-10" hai0="16,23,26,49,50,54,58,62,88,89,91,92,98" /><INIT seed="0,2,1,5,0,116" ten="347,240,240,163" oya="0" hai0="46,104,117,39,56,57,22,74,69,48,0,9,65" hai1="111,55,47,29,19,27,24,17,129,23,109,90,3" hai2="89,91,6,5,118,60,36,73,105,94,121,20,53" hai3="81,88,11,43,124,21,80,92,127,119,13,102,87"/><T125/><D117/><U95/><E3/><V113/><F118/><W64/><G119/><T128/><D74/><U40/><E129/><V26/><F105/><W86/><G64/><T71/><D104/><U83/><E83/><V1/><F113/><W101/><G43/><T75/><D75/><U8/><E55/><V50/><F36/><W2/><G21/><T126/><D22/><U114/><E114/><V72/><F1/><W34/><G2/><T112/><D9/><U4/><E4/><V106/><F106/><W70/><G34/><T45/><D0/><U37/><E8/><V115/><F115/><W15/><G70/><N who="0" m="26635" /><D112/><U32/><REACH who="1" step="1"/><E17/><REACH who="1" ten="347,230,240,163" step="2"/><V54/><F5/><W35/><G11/><T58/><D128/><U44/><E44/><N who="0" m="17001" /><D65/><U135/><E135/><V97/><F6/><W82/><G82/><T66/><D66/><U31/><E31/><V38/><F72/><W108/><G80/><T7/><D7/><U107/><E107/><V96/><F73/><W67/><G67/><T110/><D125/><U68/><E68/><V100/><F20/><W103/><G127/><T130/><D126/><U61/><E61/><V132/><F60/><W25/><G124/><T30/><D130/><U33/><E33/><V122/><F132/><W93/><G81/><T28/><D30/><U120/><E120/><V84/><F121/><W123/><G123/><T85/><D28/><U131/><E131/><V59/><F122/><W79/><G35/><T18/><D18/><U133/><E133/><V98/><F54/><W62/><G62/><T14/><D56/><U63/><E63/><RYUUKYOKU ba="2,2" sc="347,-10,230,30,240,-10,163,-10" hai1="19,23,24,27,29,32,37,40,47,90,95,109,111" /><INIT seed="1,3,2,5,1,84" ten="337,260,230,153" oya="1" hai0="99,67,116,77,36,124,48,125,42,39,28,50,45" hai1="86,32,129,106,55,132,20,120,64,117,38,14,101" hai2="98,68,104,91,72,87,97,65,83,44,19,22,53" hai3="114,103,122,113,81,61,43,10,6,11,94,4,17"/><U127/><E32/><V107/><F72/><W96/><G122/><T29/><D77/><U119/><E120/><V128/><F68/><W13/><G17/><T112/><D112/><U23/><E38/><V37/><F65/><W131/><G131/><T75/><D75/><U57/><E129/><V58/><F128/><W105/><G43/><T88/><D116/><U60/><E127/><N who="0" m="48713" /><D67/><U52/><E132/><V89/><F37/><N who="0" m="14410" /><D48/><U73/><E73/><V0/><F0/><W27/><G27/><T16/><D16/><N who="1" m="10263" /><E106/><V71/><F71/><W69/><G81/><T121/><D121/><U21/><E117/><V85/><F104/><W31/><G31/><T102/><D102/><U8/><E8/><V47/><F107/><W74/><G74/><T12/><D12/><U24/><E101/><V3/><F3/><W135/><G135/><T2/><D2/><U30/><E119/><V18/><F18/><W108/><G69/><T46/><D45/><N who="2" m="17482" /><F19/><W5/><G105/><T126/><D126/><U90/><E23/><V115/><F22/><W7/><G114/><T66/><D66/><U56/><E56/><V34/><F34/><W111/><G113/><T1/><D1/><U110/><E110/><N who="3" m="42026" /><G61/><T76/><D76/><U133/><E133/><V40/><F115/><W92/><G92/><AGARI ba="3,2" hai="28,29,42,46,50,88,92,99" m="14410,48713" machi="92" ten="30,3900,0" yaku="18,1,52,1,54,1" doraHai="84" who="0" fromWho="3" sc="337,68,260,0,230,0,153,-48" /><AGARI ba="3,0" hai="21,24,30,52,55,57,60,64,86,90,92" m="10263" machi="92" ten="30,11600,0" yaku="8,1,52,1,54,2" doraHai="84" who="1" fromWho="3" sc="405,0,260,116,230,0,105,-116" owari="405,50.0,376,18.0,230,-17.0,-11,-51.0" /></mjloggm>