<mjloggm ver="2.3"><GO type="41" lobby="0"/><UN n0="%E5%B0%8F%E6%B2%A2%E5%81%A5%E4%BA%8C" n1="%E5%A4%A9%E6%9C%88%E7%B4%97%E7%9F%A2%E9%A6%99" n2="%E3%82%84%E3%82%93%E3%82%8F%E3%82%8A" n3="%E5%B0%B1%E6%B4%BB%E7%94%9F%40%E5%B7%9D%E6%9D%91%E8%BB%8D%E5%9B%A3" dan="14,14,14,15" rate="1943.92,2018.81,1920.10,2028.87" sx="M,M,M,M"/><TAIKYOKU oya="0"/><INIT seed="0,0,0,5,1,110" ten="250,250,250,250" oya="0" hai0="87,93,86,53,73,84,105,12,120,123,104,25,51" hai1="75,119,65,38,31,96,2,45,33,36,21,14,23" hai2="89,112,107,80,124,40,132,82,7,135,22,1,52" hai3="100,57,24,63,43,39,19,94,29,26,59,44,0"/><T85/><D25/><U103/><E2/><V5/><F107/><N who="0" m="41034" /><D12/><U122/><E122/><N who="0" m="46633" /><D51/><U125/><E119/><V50/><F40/><W18/><G0/><T61/><D53/><U99/><E75/><V8/><F5/><W9/><G59/><T37/><D61/><U34/><E125/><V47/><F124/><W83/><G9/><T76/><D37/><U56/><E45/><V55/><F22/><W109/><G26/><T129/><D129/><U117/><E117/><V17/><F17/><W69/><G69/><T6/><D6/><U32/><E65/><V78/><F55/><W66/><G109/><T48/><D48/><U121/><E121/><V106/><F106/><W77/><G29/><T35/><D35/><U20/><E56/><V92/><F78/><W13/><G24/><T114/><D114/><U90/><E103/><V10/><F112/><W42/><G42/><T68/><D68/><U30/><E14/><V118/><F10/><W131/><G131/><T64/><D64/><U70/><E90/><V111/><F111/><W133/><G133/><N who="2" m="51273" /><F118/><W62/><G62/><T79/><D73/><U116/><E116/><V54/><F54/><W95/><G18/><T41/><D41/><U101/><E101/><V60/><F60/><W81/><G19/><T97/><N who="0" m="22016" /><DORA hai="27" /><T88/><AGARI ba="0,0" hai="76,79,88,93,97" m="22016,46633,41034" machi="88" ten="50,12000,1" yaku="4,1,34,2,54,1" doraHai="110,27" who="0" fromWho="0" sc="250,120,250,-40,250,-40,250,-40" /><INIT seed="0,1,0,0,5,129" ten="370,210,210,210" oya="0" hai0="33,108,126,106,99,66,78,37,92,75,114,28,71" hai1="11,77,61,111,41,84,23,46,109,107,88,105,73" hai2="49,128,17,93,94,63,59,51,113,116,110,80,60" hai3="18,31,131,103,133,4,12,54,40,52,89,15,50"/><T100/><D114/><U25/><E11/><V117/><F113/><W62/><G131/><T98/><D126/><U9/><E9/><V13/><F128/><W5/><G31/><T72/><D37/><U74/><E61/><V44/><F80/><W95/><G103/><N who="0" m="60871" /><D78/><U132/><E132/><V10/><F110/><N who="1" m="41993" /><E107/><V34/><F34/><W70/><G133/><T68/><D68/><U86/><E105/><V56/><F63/><W101/><G101/><T20/><D20/><U135/><E135/><V64/><F59/><N who="3" m="35175" /><G70/><T26/><D108/><U118/><E118/><V87/><F44/><N who="3" m="27975" /><G40/><T21/><D75/><U104/><E104/><V35/><F35/><W6/><G18/><T121/><D72/><U14/><E14/><V42/><F42/><W27/><G27/><T65/><D106/><U79/><E84/><AGARI ba="1,0" hai="4,5,6,12,15,84,89,95" m="27975,35175" machi="84" ten="30,2000,0" yaku="8,1,54,1" doraHai="129" who="3" fromWho="1" sc="370,0,210,-23,210,0,210,23" /><INIT seed="1,0,0,1,0,119" ten="370,187,210,233" oya="1" hai0="35,92,96,129,82,77,135,8,112,39,115,105,110" hai1="130,117,23,7,5,93,20,101,49,55,89,10,116" hai2="131,76,127,84,17,132,69,65,87,97,94,122,25" hai3="63,0,37,86,98,67,68,31,13,107,29,34,128"/><U43/><E130/><V118/><F118/><W24/><G128/><T36/><D129/><U103/><E43/><V2/><F131/><W73/><G73/><T88/><D35/><U100/><E117/><V121/><F2/><W57/><G0/><T40/><D135/><U46/><E116/><V120/><F132/><W54/><G37/><T85/><D110/><U106/><E106/><V44/><F44/><W70/><G31/><T78/><D78/><U33/><E33/><V75/><F127/><W74/><G74/><N who="0" m="43319" /><D8/><U72/><E72/><V109/><F109/><W99/><G107/><T114/><D40/><U61/><E61/><V58/><F69/><W19/><G86/><T71/><D71/><U134/><E134/><V59/><F75/><W26/><G26/><T133/><D133/><U56/><E46/><V66/><F66/><W11/><REACH who="3" step="1"/><G70/><REACH who="3" ten="370,187,210,223" step="2"/><T48/><D36/><U32/><E32/><V15/><F84/><W62/><AGARI ba="0,1" hai="11,13,19,24,29,34,54,57,62,63,67,68,98,99" machi="62" ten="20,8000,1" yaku="1,1,2,1,0,1,7,1,53,1" doraHai="119" doraHaiUra="27" who="3" fromWho="3" sc="370,-20,187,-40,210,-20,223,90" /><INIT seed="2,0,0,2,5,17" ten="350,147,190,313" oya="2" hai0="37,39,26,104,89,75,38,32,50,52,74,98,64" hai1="69,73,62,33,106,7,122,70,105,13,135,3,42" hai2="93,127,58,12,90,9,35,120,118,87,24,108,15" hai3="48,61,134,68,110,109,97,129,22,29,107,55,53"/><V115/><F120/><W5/><G5/><T34/><D64/><N who="1" m="41111" /><E13/><V78/><F115/><W20/><G29/><T126/><D126/><U124/><E122/><V100/><F118/><W91/><G129/><T54/><D104/><N who="1" m="40043" /><E124/><V31/><F127/><W65/><G134/><T28/><D32/><U25/><E135/><V116/><F116/><W56/><G55/><T131/><D131/><U123/><E123/><V130/><F130/><W132/><G132/><T95/><REACH who="0" step="1"/><D54/><REACH who="0" ten="340,147,190,313" step="2"/><U30/><E42/><V92/><F35/><W59/><G68/><T84/><D84/><U85/><E85/><V94/><F87/><W41/><G41/><T67/><D67/><U36/><E70/><V0/><F100/><W88/><G107/><T23/><D23/><N who="3" m="8745" /><G97/><T96/><D96/><U40/><E40/><V117/><F117/><W27/><G27/><T133/><D133/><U16/><E73/><V4/><F24/><W125/><G125/><T49/><D49/><U1/><E36/><V81/><F90/><N who="3" m="34347" /><G110/><T83/><D83/><U21/><E33/><V14/><F108/><W99/><G109/><T121/><D121/><U60/><E30/><V44/><F31/><W11/><G99/><T8/><D8/><AGARI ba="0,1" hai="8,11,48,53,56,59,61,65" m="34347,8745" machi="8" ten="30,8000,1" yaku="8,1,52,3,54,1" doraHai="17" who="3" fromWho="0" sc="340,-80,147,0,190,0,313,90" /><INIT seed="3,0,0,4,0,122" ten="260,147,190,403" oya="3" hai0="69,49,7,84,52,50,33,62,70,22,94,132,54" hai1="117,120,80,107,55,46,116,87,21,31,64,51,9" hai2="24,0,134,135,133,114,66,11,79,38,43,42,30" hai3="73,81,16,78,115,57,12,47,17,90,61,119,6"/><W72/><G119/><N who="1" m="45642" /><E107/><V60/><F79/><W105/><G115/><T27/><D33/><U109/><E120/><V85/><F114/><W14/><G105/><T4/><D132/><U32/><E32/><V130/><F85/><W63/><G73/><T19/><D69/><U53/><E64/><V125/><F0/><W131/><G131/><T1/><D1/><U112/><E112/><V74/><F74/><W100/><G100/><T5/><D70/><U104/><E104/><V28/><F11/><W34/><G34/><T91/><REACH who="0" step="1"/><D62/><REACH who="0" ten="250,147,190,403" step="2"/><U71/><E71/><V68/><F130/><W102/><G63/><T101/><D101/><U110/><E55/><AGARI ba="0,1" hai="4,5,7,19,22,27,49,50,52,54,55,84,91,94" machi="55" ten="40,5200,0" yaku="1,1,8,1,54,1,53,0" doraHai="122" doraHaiUra="41" who="0" fromWho="1" sc="250,62,147,-52,190,0,403,0" /><INIT seed="4,0,0,4,3,14" ten="312,95,190,403" oya="0" hai0="73,39,46,116,86,69,131,76,67,9,77,33,85" hai1="21,3,87,10,13,132,20,23,95,130,41,42,53" hai2="17,114,58,32,49,6,100,35,117,113,48,59,55" hai3="31,44,45,43,37,1,97,61,133,80,47,115,123"/><T110/><D33/><U98/><E132/><V51/><F6/><W120/><G1/><T91/><D116/><U27/><E3/><V93/><F117/><W102/><G115/><T122/><D122/><N who="3" m="46633" /><G133/><T12/><D110/><U121/><E121/><V24/><F100/><W29/><G80/><T57/><D69/><U52/><E130/><V105/><F105/><N who="3" m="63695" /><G61/><T119/><D73/><U7/><E87/><V63/><F93/><W75/><G75/><T19/><D119/><U34/><E34/><V129/><F129/><W89/><G89/><T109/><D131/><U54/><REACH who="1" step="1"/><E27/><REACH who="1" ten="312,85,190,403" step="2"/><V79/><F24/><W70/><G70/><T127/><D85/><U8/><E8/><V40/><F35/><W56/><G37/><T125/><D39/><U74/><E74/><V65/><F32/><W28/><G43/><T94/><D86/><U107/><E107/><V0/><F0/><W104/><G104/><T72/><D72/><U5/><E5/><V111/><F111/><W135/><G135/><T50/><D109/><U62/><E62/><V36/><F79/><W26/><G26/><T66/><D77/><U84/><E84/><V38/><F114/><W82/><G82/><T92/><D76/><U78/><E78/><V64/><F113/><W99/><G99/><T124/><D9/><U126/><E126/><V11/><F38/><W22/><G22/><T15/><D125/><U90/><AGARI ba="0,1" hai="7,10,13,20,21,23,41,42,52,53,54,90,95,98" machi="90" ten="30,7900,0" yaku="1,1,0,1,8,1,54,1,53,0" doraHai="14" doraHaiUra="25" who="1" fromWho="1" sc="312,-39,85,89,190,-20,403,-20" /><INIT seed="5,0,0,0,0,14" ten="273,174,170,383" oya="1" hai0="29,129,120,78,27,37,112,51,119,72,1,107,71" hai1="88,41,79,122,96,20,3,131,10,86,103,89,9" hai2="62,60,85,118,63,81,82,125,108,101,124,61,25" hai3="123,66,134,105,18,42,54,55,70,4,44,32,77"/><U64/><E122/><V106/><F118/><W67/><G123/><T15/><RYUUKYOKU type="yao9" ba="0,0" sc="273,0,174,0,170,0,383,0" hai0="1,15,27,29,37,51,71,72,78,107,112,119,120,129" /><INIT seed="5,1,0,4,1,130" ten="273,174,170,383" oya="1" hai0="20,30,45,125,106,114,36,50,85,122,23,0,14" hai1="96,69,103,86,51,40,13,22,8,93,88,47,3" hai2="39,77,115,66,18,92,101,53,44,65,112,75,12" hai3="10,70,76,94,38,62,54,134,82,120,67,108,109"/><U83/><E69/><V98/><F77/><W78/><G120/><T15/><D0/><U73/><E3/><V24/><F75/><W43/><G78/><T119/><D36/><U110/><E110/><V49/><F24/><W74/><G134/><T48/><D119/><U80/><E73/><V29/><F29/><W127/><G127/><T63/><D106/><U52/><E22/><V129/><F39/><W107/><G94/><T118/><D118/><U81/><E40/><V64/><F129/><W117/><G117/><T16/><D122/><U90/><E90/><V26/><F26/><W28/><G54/><T133/><D125/><U37/><E37/><V55/><F55/><W116/><G116/><T9/><D114/><U35/><E35/><V59/><F44/><N who="3" m="23671" /><G28/><T57/><D133/><U123/><E123/><V17/><REACH who="2" step="1"/><F12/><REACH who="2" ten="273,174,160,383" step="2"/><W6/><G109/><T68/><D14/><U132/><REACH who="1" step="1"/><E132/><REACH who="1" ten="273,164,160,383" step="2"/><V19/><AGARI ba="1,2" hai="17,18,19,49,53,59,64,65,66,92,98,101,112,115" machi="19" ten="40,5200,0" yaku="1,1,2,1,0,1,53,0" doraHai="130" doraHaiUra="131" who="2" fromWho="2" sc="273,-14,164,-27,160,75,383,-14" /><INIT seed="6,0,0,1,1,51" ten="259,137,235,369" oya="2" hai0="87,21,70,15,33,29,84,1,13,2,88,82,10" hai1="77,65,107,126,66,110,96,3,61,109,100,105,92" hai2="122,113,68,55,115,52,79,114,118,99,75,128,95" hai3="103,121,76,57,56,129,59,111,69,119,48,50,44"/><V12/><F68/><W7/><G119/><T53/><D70/><U74/><E3/><V134/><F118/><W36/><G121/><T94/><D33/><U62/><E126/><V24/><F122/><W104/><G111/><T42/><D42/><U58/><E110/><V26/><F134/><W125/><G125/><T49/><D1/><U127/><E109/><V22/><F128/><W78/><G129/><T106/><D106/><U9/><E127/><V35/><F12/><W72/><G69/><T132/><D2/><U133/><E133/><V11/><F11/><W89/><G36/><T85/><D132/><U86/><E74/><V43/><F43/><W83/><G76/><N who="0" m="46151" /><D85/><U34/><E34/><V14/><F14/><W16/><G7/><T71/><D10/><U93/><E9/><V80/><F35/><W4/><G4/><T123/><D71/><U38/><E38/><V46/><F46/><W31/><G31/><T37/><D37/><U101/><E77/><V116/><F116/><W23/><G89/><T120/><D120/><U117/><E117/><V67/><F67/><W6/><G6/><T73/><D73/><U91/><REACH who="1" step="1"/><E101/><REACH who="1" ten="259,127,235,369" step="2"/><N who="2" m="60671" /><F24/><W135/><G103/><T45/><D123/><U97/><E97/><V98/><F98/><W112/><G135/><T17/><D29/><AGARI ba="0,1" hai="22,26,29,52,55,75,79,80,113,114,115" m="60671" machi="29" ten="30,11600,0" yaku="15,1,52,2,54,1" doraHai="51" who="2" fromWho="0" sc="259,-116,127,0,235,126,369,0" /><INIT seed="6,1,0,3,3,44" ten="143,127,361,369" oya="2" hai0="3,102,10,106,18,4,115,127,121,16,86,53,116" hai1="104,108,82,109,23,8,63,135,95,133,9,83,88" hai2="122,126,0,71,12,55,41,70,17,37,25,100,49" hai3="11,5,87,26,52,57,64,20,90,21,92,59,38"/><V6/><F122/><W75/><G75/><T30/><D121/><U1/><E104/><V40/><F100/><W101/><G38/><T27/><D116/><U93/><E63/><V66/><F40/><W19/><G101/><T62/><D127/><U50/><E23/><V31/><F126/><W35/><G35/><T69/><D115/><U96/><E1/><V29/><F29/><W79/><G79/><T33/><D86/><U118/><E118/><V80/><F80/><N who="1" m="30761" /><E95/><V45/><F6/><W130/><G130/><T36/><D36/><U89/><E89/><V113/><F0/><W60/><G21/><T58/><REACH who="0" step="1"/><D69/><REACH who="0" ten="133,127,361,369" step="2"/><U22/><E22/><V39/><F71/><W2/><REACH who="3" step="1"/><G59/><REACH who="3" ten="133,127,361,359" step="2"/><T98/><AGARI ba="1,2" hai="3,4,10,16,18,27,30,33,53,58,62,98,102,106" machi="98" ten="30,7900,0" yaku="1,1,2,1,0,1,54,1,53,0" doraHai="44" doraHaiUra="134" who="0" fromWho="0" sc="133,102,127,-21,361,-40,359,-21" /><INIT seed="7,0,0,3,1,99" ten="235,106,321,338" oya="3" hai0="54,87,130,44,76,50,48,11,129,59,29,14,64" hai1="26,81,46,110,119,95,65,45,135,106,18,1,43" hai2="82,7,122,52,125,124,23,77,16,5,6,60,94" hai3="134,2,69,63,84,131,104,20,68,88,86,22,62"/><W61/><G2/><T51/><D29/><U117/><E1/><V123/><F94/><W111/><G104/><T92/><D64/><U40/><E106/><V57/><F23/><W115/><G111/><T78/><D78/><U120/><E110/><V30/><F16/><W25/><G115/><T73/><D73/><U31/><E65/><V49/><F60/><W105/><G105/><T126/><D126/><N who="2" m="48746" /><F30/><W108/><G108/><T28/><D28/><U10/><E95/><V15/><F15/><W36/><G36/><T56/><D56/><U24/><E10/><V34/><F34/><W13/><G131/><T58/><D58/><U93/><E93/><V121/><F6/><W67/><G134/><T90/><D76/><U8/><E8/><V39/><F39/><W21/><G84/><AGARI ba="0,0" hai="5,7,49,52,57,77,82,84,121,122,123" m="48746" machi="84" ten="40,5200,0" yaku="13,1,18,1,54,1" doraHai="99" who="2" fromWho="3" sc="235,0,106,0,321,52,338,-52" owari="235,-16.0,106,-39.0,373,46.0,286,9.0" /></mjloggm>