<mjloggm ver="2.3"><GO type="169" lobby="0"/><UN n0="%E3%82%A6%E3%83%AB%E3%83%88%E3%83%A9%E7%AB%8B%E7%9B%B4" n1="%6D%69%78%79" n2="%E3%83%AB%E3%82%BF%E3%82%B9%E3%82%B1" n3="%69%73%63%6F%70%65" dan="16,16,16,17" rate="2089.45,2116.36,2112.88,2127.78" sx="M,M,M,M"/><TAIKYOKU oya="0"/><INIT seed="0,0,0,0,1,70" ten="250,250,250,250" oya="0" hai0="107,128,40,25,102,121,4,56,13,48,50,41,33" hai1="19,85,99,82,14,75,15,105,79,118,83,73,44" hai2="11,28,114,23,49,6,58,120,53,90,115,133,126" hai3="116,125,66,106,119,45,32,57,22,97,52,26,110"/><T47/><D121/><U37/><E118/><V63/><F120/><W29/><G110/><T74/><D74/><U71/><E71/><V76/><F76/><W0/><G0/><T84/><D128/><U88/><E73/><V96/><F126/><W113/><G113/><T64/><D107/><U94/><E105/><V31/><F133/><W38/><G125/><T8/><D102/><U93/><E93/><N who="2" m="56375" /><F115/><W92/><G66/><T36/><D41/><U131/><E131/><V65/><F23/><W124/><G32/><T134/><D134/><U2/><E2/><V108/><F108/><W130/><G124/><T98/><D98/><U109/><E109/><V111/><F114/><W100/><G130/><T77/><D64/><U30/><E30/><V10/><F111/><W39/><G45/><T9/><D9/><N who="2" m="3082" /><F6/><W112/><G112/><T55/><D33/><U135/><E135/><V81/><F81/><W18/><G106/><T87/><D25/><U35/><E35/><V80/><F80/><W78/><G78/><T51/><REACH who="0" step="1"/><D77/><REACH who="0" ten="240,250,250,250" step="2"/><U101/><REACH who="1" step="1"/><E19/><REACH who="1" ten="240,240,250,250" step="2"/><V3/><F3/><W5/><G18/><T122/><D122/><U62/><E62/><AGARI ba="0,2" hai="4,8,13,36,40,47,48,50,51,55,56,62,84,87" machi="62" ten="40,3900,0" yaku="1,1,52,1,53,0" doraHai="70" doraHaiUra="89" who="0" fromWho="1" sc="240,59,240,-39,250,0,250,0" /><INIT seed="0,1,0,1,5,92" ten="299,201,250,250" oya="0" hai0="13,115,131,65,123,60,114,53,43,26,133,77,58" hai1="102,79,9,90,22,97,76,38,46,29,6,113,5" hai2="67,40,94,93,125,82,112,52,95,72,10,7,117" hai3="104,48,99,51,74,19,64,23,49,17,70,56,21"/><T86/><D123/><U30/><E113/><V16/><F112/><W37/><G37/><T14/><D115/><U78/><E90/><V42/><F67/><W124/><G74/><T4/><D114/><U50/><E38/><V105/><F105/><W134/><G70/><T103/><D131/><U101/><E22/><V41/><F125/><W71/><G71/><T3/><D3/><U107/><E101/><V116/><F52/><W87/><G124/><T96/><D133/><U39/><E39/><V24/><F82/><W120/><G120/><T1/><D43/><U32/><E32/><V118/><F72/><W18/><G134/><T45/><D26/><U89/><E89/><V126/><F126/><W128/><G128/><T33/><D33/><U0/><REACH who="1" step="1"/><E6/><REACH who="1" ten="299,191,250,250" step="2"/><V27/><REACH who="2" step="1"/><F16/><REACH who="2" ten="299,191,240,250" step="2"/><W61/><G18/><T15/><D77/><U127/><E127/><V54/><F54/><AGARI ba="1,2" hai="0,5,9,29,30,46,50,54,76,78,79,97,102,107" machi="54" ten="40,2600,0" yaku="1,1,52,1,53,0" doraHai="92" doraHaiUra="108" who="1" fromWho="2" sc="299,0,191,49,240,-29,250,0" /><INIT seed="1,0,0,3,2,89" ten="299,240,211,250" oya="1" hai0="42,67,107,29,56,26,105,124,52,112,93,43,12" hai1="31,4,57,16,15,82,91,70,62,123,51,117,94" hai2="11,34,7,85,2,83,101,19,78,110,95,84,46" hai3="25,121,33,10,88,99,1,41,74,80,17,134,0"/><U27/><E123/><V108/><F34/><W113/><G121/><T65/><D112/><U45/><E70/><V32/><F32/><W13/><G113/><T133/><D12/><U50/><E4/><V20/><F46/><W126/><G134/><T69/><D69/><U37/><E37/><V58/><F58/><W104/><G41/><T6/><D6/><U129/><E117/><V72/><F72/><W111/><G111/><T21/><D133/><U40/><E82/><V68/><F68/><W102/><G126/><T130/><D107/><U115/><E50/><V135/><F135/><W92/><G33/><T81/><D81/><U24/><E31/><V64/><F64/><N who="0" m="24650" /><D105/><U22/><E129/><V49/><F49/><W14/><G14/><T71/><D71/><U60/><E115/><V97/><REACH who="2" step="1"/><F84/><REACH who="2" ten="299,240,201,250" step="2"/><N who="3" m="52231" /><G25/><AGARI ba="0,1" hai="2,7,11,19,20,25,78,83,85,95,97,101,108,110" machi="25" ten="40,2600,0" yaku="1,1,52,1,53,0" doraHai="89" doraHaiUra="66" who="2" fromWho="3" sc="299,0,240,0,201,36,250,-26" /><INIT seed="2,0,0,1,5,35" ten="299,240,237,224" oya="2" hai0="2,66,6,5,96,42,1,116,15,113,106,117,34" hai1="107,13,26,50,44,61,39,115,131,85,124,12,90" hai2="99,7,53,38,65,82,134,112,68,17,72,23,4" hai3="31,89,63,10,108,76,130,128,97,93,8,71,132"/><V123/><F123/><W25/><G76/><T103/><D34/><U21/><E115/><V135/><F38/><W67/><G108/><T46/><D66/><U127/><E39/><V41/><F41/><W59/><G71/><T19/><D113/><U54/><E107/><V58/><F99/><W69/><G69/><T74/><D74/><U120/><E61/><N who="2" m="39983" /><F82/><W129/><REACH who="3" step="1"/><G132/><REACH who="3" ten="299,240,237,214" step="2"/><N who="2" m="50729" /><F112/><W111/><G111/><T18/><D117/><U87/><E120/><V101/><F72/><W14/><G14/><T110/><D15/><U49/><E12/><N who="2" m="9639" /><F101/><W86/><G86/><T60/><D103/><U22/><E87/><V55/><F55/><W81/><G81/><T133/><D133/><U30/><E54/><V114/><F114/><W109/><G109/><T102/><D110/><U84/><E84/><V45/><F45/><W75/><G75/><T95/><D46/><U91/><E85/><V27/><F27/><W118/><G118/><T94/><D116/><U77/><E44/><V119/><F119/><W79/><G79/><T40/><D102/><U122/><E77/><V125/><F125/><W0/><G0/><T24/><D24/><U32/><E122/><V33/><F53/><W36/><G36/><T47/><D47/><U78/><E78/><V37/><F37/><W100/><G100/><T64/><D1/><U83/><E83/><V105/><F58/><W121/><G121/><T29/><D96/><U3/><E124/><V62/><F105/><W28/><G28/><T88/><D29/><U48/><E127/><V126/><F126/><W11/><G11/><N who="0" m="2487" /><D106/><U92/><E30/><RYUUKYOKU ba="0,1" sc="299,-10,240,-10,237,-10,214,30" hai3="8,10,25,31,59,63,67,89,93,97,128,129,130" /><INIT seed="3,1,1,0,5,55" ten="289,230,227,244" oya="3" hai0="125,134,36,33,88,126,51,82,25,59,72,119,69" hai1="57,41,123,101,65,112,135,67,93,113,89,131,114" hai2="102,127,121,80,14,63,103,0,2,116,38,32,98" hai3="97,43,48,95,28,47,115,13,118,3,122,107,49"/><W24/><G3/><T78/><D69/><U46/><E123/><V50/><F116/><W18/><G118/><T42/><D119/><U31/><E135/><V20/><F32/><W108/><G122/><T9/><D134/><U111/><E131/><V71/><F38/><W17/><G107/><T90/><D9/><U77/><E111/><V66/><F121/><W96/><G108/><T105/><D105/><U76/><E101/><V75/><F103/><W68/><G68/><T109/><D109/><U86/><E31/><V94/><F50/><W87/><G115/><T130/><D130/><U104/><E104/><V58/><F71/><W128/><G128/><T133/><D133/><U81/><E57/><V29/><F127/><N who="0" m="48650" /><D36/><U40/><E77/><N who="2" m="44095" /><F14/><W15/><G43/><T61/><D51/><U124/><E124/><V22/><F22/><W62/><G48/><T16/><D42/><U79/><E79/><V5/><F5/><W12/><G49/><T30/><D16/><U8/><E8/><V44/><F44/><W27/><G47/><T39/><D39/><U19/><E41/><V64/><F64/><AGARI ba="1,1" hai="25,30,33,59,61,64,72,78,82,88,90" m="48650" machi="64" ten="30,3900,0" yaku="18,1,52,1,54,1" doraHai="55" who="0" fromWho="2" sc="289,52,230,0,227,-42,244,0" /><INIT seed="4,0,0,5,0,11" ten="341,230,185,244" oya="0" hai0="81,111,61,50,0,132,133,9,110,58,18,127,30" hai1="94,51,71,31,121,35,74,95,92,98,6,80,88" hai2="24,7,27,87,109,116,39,114,44,78,60,26,96" hai3="8,130,73,43,69,22,104,119,52,123,125,97,25"/><T108/><D30/><U13/><E121/><V134/><F109/><W66/><G119/><T46/><D81/><U82/><E71/><V68/><F116/><W91/><G73/><T83/><D83/><N who="1" m="31787" /><E35/><V65/><F134/><W79/><G79/><T55/><D127/><U1/><E1/><V38/><F78/><W128/><G43/><N who="0" m="24927" /><D0/><U32/><E32/><V86/><F114/><W76/><G76/><T126/><D126/><U45/><E31/><V37/><F44/><W118/><G118/><T47/><D47/><U10/><E74/><V84/><F7/><W3/><G125/><T49/><D49/><U53/><AGARI ba="0,0" hai="6,10,13,45,51,53,88,92,94,95,98" m="31787" machi="53" ten="30,4000,0" yaku="8,1,52,1,54,1" doraHai="11" who="1" fromWho="1" sc="341,-20,230,40,185,-10,244,-10" /><INIT seed="5,0,0,4,5,22" ten="321,270,175,234" oya="1" hai0="121,19,25,44,2,104,128,75,23,8,28,7,36" hai1="81,69,58,127,18,113,70,49,110,85,34,62,65" hai2="133,96,114,6,39,120,123,78,41,11,35,100,125" hai3="112,102,99,109,91,73,27,55,61,97,30,135,108"/><U115/><E110/><V50/><F50/><W90/><G73/><T130/><D104/><U52/><E127/><V111/><F111/><W83/><G112/><N who="1" m="43082" /><E18/><V103/><F114/><W66/><G135/><T63/><D75/><U12/><E12/><V17/><F125/><W89/><G55/><T76/><D76/><N who="1" m="46247" /><E34/><V48/><F35/><W32/><G97/><T1/><D1/><U3/><E3/><V68/><F17/><W116/><G116/><T94/><D121/><U67/><E67/><V59/><F96/><W87/><G108/><T122/><D122/><U45/><AGARI ba="0,0" hai="45,49,52,58,62,65,69,70" m="46247,43082" machi="45" ten="30,3000,0" yaku="15,1,54,1" doraHai="22" who="1" fromWho="1" sc="321,-10,270,30,175,-10,234,-10" /><INIT seed="5,1,0,4,5,90" ten="311,300,165,224" oya="1" hai0="12,24,107,10,69,102,49,87,70,128,77,1,116" hai1="15,40,14,119,8,0,9,78,86,6,83,45,34" hai2="74,46,39,51,118,106,47,31,81,93,124,62,105" hai3="20,5,111,103,60,2,120,121,7,125,64,41,112"/><U135/><E34/><V108/><F118/><W13/><G2/><T22/><D116/><U23/><E119/><V127/><F108/><W52/><G111/><T4/><D128/><U73/><E23/><V56/><F31/><W27/><G41/><T100/><D1/><U32/><E32/><V113/><F39/><W88/><G103/><T37/><D37/><U38/><E135/><V109/><F109/><W30/><G125/><N who="2" m="48201" /><F113/><W134/><G134/><T48/><D70/><U18/><E86/><V76/><F93/><W98/><G112/><T63/><D69/><U21/><E21/><V96/><F96/><W25/><G25/><T117/><D63/><U80/><E80/><V126/><N who="2" m="48209" /><V101/><DORA hai="3" /><F101/><N who="0" m="39018" /><D107/><N who="2" m="40970" /><F51/><W61/><G61/><T99/><D99/><U75/><E75/><V54/><AGARI ba="1,0" hai="46,47,54,56,62,74,76,81" m="40970,48209" machi="54" ten="50,1600,0" yaku="18,1" doraHai="90,3" who="2" fromWho="2" sc="311,-5,300,-9,165,19,224,-5" /><INIT seed="6,0,0,4,5,1" ten="306,291,184,219" oya="2" hai0="89,59,3,81,129,60,83,90,46,92,108,85,22" hai1="130,133,124,72,14,125,115,87,18,105,38,69,28" hai2="96,73,78,36,34,41,128,8,62,7,109,23,31" hai3="6,33,120,79,117,67,123,102,110,84,77,127,29"/><V19/><F109/><W64/><G110/><T103/><D3/><U66/><E28/><V111/><F111/><W132/><G117/><T93/><D129/><U134/><E38/><V126/><F128/><W4/><G102/><T16/><D46/><U114/><E72/><V5/><F34/><W55/><G29/><T74/><D74/><U9/><E105/><V104/><F31/><W65/><G33/><T118/><D103/><U97/><E97/><V43/><F104/><W24/><G24/><N who="0" m="14407" /><D118/><U107/><E107/><V131/><F131/><W35/><G35/><T61/><D108/><U106/><E106/><V40/><F36/><W80/><G127/><N who="1" m="48714" /><E130/><V112/><F112/><N who="1" m="43049" /><E87/><V121/><F121/><W76/><G132/><N who="1" m="50794" /><E66/><V94/><F126/><W75/><G75/><T2/><D85/><U20/><E69/><V135/><F135/><W42/><G42/><T13/><D92/><U39/><E39/><V100/><F62/><W54/><G120/><T0/><D61/><U56/><E56/><V53/><F53/><N who="3" m="19979" /><G123/><T119/><D59/><U10/><AGARI ba="0,0" hai="9,10,14,18,20" m="50794,43049,48714" machi="10" ten="40,8000,1" yaku="18,1,15,1,20,1,34,2" doraHai="1" who="1" fromWho="1" sc="306,-20,291,80,184,-40,219,-20" /><INIT seed="7,0,0,2,4,34" ten="286,371,144,199" oya="3" hai0="12,44,27,43,1,79,119,6,24,109,49,4,42" hai1="126,69,104,10,46,114,35,11,123,91,15,61,94" hai2="37,116,72,26,132,86,84,98,131,62,19,66,96" hai3="22,67,63,48,64,128,102,32,7,97,8,115,52"/><W122/><G32/><T39/><D109/><U13/><E104/><V36/><F72/><W90/><G115/><T100/><D119/><U118/><E35/><V59/><F116/><W77/><G77/><T25/><D100/><U111/><E118/><V117/><F117/><W53/><G122/><T71/><D71/><U45/><E111/><V93/><F131/><W101/><G128/><T76/><D1/><U105/><E105/><V121/><F121/><W133/><G133/><T135/><D135/><U14/><E123/><V112/><F112/><W51/><G22/><T18/><D39/><U41/><E69/><V113/><F113/><W2/><G90/><T120/><D43/><U103/><E103/><V17/><F132/><W47/><G63/><T21/><D120/><U74/><E74/><V57/><F26/><W23/><G23/><T56/><D56/><U28/><E28/><V3/><F62/><W106/><G101/><T89/><D89/><U73/><E73/><V87/><F93/><W80/><G80/><T75/><D75/><U31/><E31/><V9/><F9/><W55/><G55/><T108/><D108/><U54/><E114/><V127/><F86/><W29/><G29/><T65/><D65/><U92/><E92/><V58/><F58/><AGARI ba="0,0" hai="2,7,8,47,48,51,52,53,58,64,67,97,102,106" machi="58" ten="30,5800,0" yaku="7,1,52,1,54,1" doraHai="34" who="3" fromWho="2" sc="286,0,371,0,144,-58,199,58" /><INIT seed="7,1,0,1,0,64" ten="286,371,86,257" oya="3" hai0="59,16,82,53,84,131,132,57,36,80,120,102,0" hai1="12,78,17,19,51,128,25,101,40,103,129,118,24" hai2="112,21,115,47,45,124,6,66,39,23,114,111,107" hai3="34,90,58,110,98,14,100,65,99,75,97,49,96"/><W95/><G75/><T133/><D0/><U87/><E118/><V85/><F85/><W104/><G34/><T127/><D36/><U7/><E7/><V63/><F107/><W31/><G31/><T106/><D120/><U88/><E78/><V29/><F6/><W28/><G28/><T61/><D127/><U93/><E51/><V54/><F29/><W56/><G56/><T134/><D131/><N who="1" m="50251" /><E40/><V41/><F23/><W20/><G110/><T117/><D117/><U37/><E37/><V70/><F21/><W38/><G38/><T69/><D59/><U79/><E79/><V15/><F15/><W81/><G81/><N who="0" m="31339" /><D84/><U91/><E91/><V73/><F73/><W48/><G48/><T43/><D43/><U135/><E135/><V67/><F67/><W77/><G77/><T9/><D9/><N who="1" m="6287" /><E19/><V50/><REACH who="2" step="1"/><F124/><REACH who="2" ten="286,371,76,257" step="2"/><W60/><G104/><T13/><D13/><U4/><E4/><V11/><F11/><W121/><G14/><T94/><D106/><U130/><E130/><V3/><F3/><W35/><G20/><T116/><D133/><U126/><E126/><V10/><F10/><W44/><G35/><T86/><D134/><U74/><E74/><V83/><F83/><W33/><G33/><T71/><D132/><U52/><E87/><V42/><F42/><N who="3" m="24727" /><G121/><T72/><D72/><U108/><E25/><V123/><F123/><W89/><AGARI ba="1,1" hai="58,60,65,89,90,95,96,97,98,99,100" m="24727" machi="89" ten="30,1500,0" yaku="8,1" doraHai="64" who="3" fromWho="3" sc="286,-6,371,-6,76,-6,257,28" /><INIT seed="7,2,0,3,5,77" ten="280,365,70,285" oya="3" hai0="117,14,125,5,35,82,127,73,23,33,47,84,3" hai1="57,124,13,101,22,90,59,67,134,105,30,122,132" hai2="55,89,11,85,25,99,108,8,115,126,53,114,61" hai3="42,79,46,64,43,109,100,130,45,76,97,0,32"/><W37/><G130/><T129/><D73/><U107/><E122/><V103/><F108/><W58/><G109/><T48/><D117/><U51/><E124/><N who="0" m="47689" /><D3/><U65/><E90/><V21/><F126/><W50/><G0/><T88/><D129/><U81/><E81/><V1/><F1/><W131/><G131/><T49/><D49/><U93/><E93/><V12/><F114/><W6/><G32/><T86/><D86/><U2/><E2/><V123/><F123/><W24/><G24/><T60/><D60/><U116/><E116/><V4/><F115/><W96/><G6/><T9/><D23/><U62/><E101/><V28/><F103/><W110/><G110/><T31/><D31/><U54/><E67/><V15/><F99/><W78/><REACH who="3" step="1"/><G100/><REACH who="3" ten="280,365,70,275" step="2"/><T120/><D120/><U91/><E134/><V7/><REACH who="2" step="1"/><F61/><AGARI ba="2,1" hai="37,42,43,45,46,50,58,61,64,76,78,79,96,97" machi="61" ten="40,12000,1" yaku="1,1,2,1,53,2" doraHai="77" doraHaiUra="39" who="3" fromWho="2" sc="280,0,365,0,70,-126,275,136" owari="280,-12.0,365,17.0,-56,-56.0,411,51.0" /></mjloggm>