<mjloggm ver="2.3"><GO type="97" lobby="0"/><UN n0="%E3%83%80%E3%83%80%E3%83%80%E3%83%80%E3%83%83%E3%83%81" n1="%E3%83%88%E3%83%88%E3%83%AA%E5%85%88%E7%94%9F%31%39%E6%AD%B3" n2="%67%6F%68%68%61%6E" n3="%E3%81%BB%E3%81%A3%E3%81%BB%E3%81%A3%EF%BD%97" dan="13,15,14,15" rate="1803.01,2061.10,1942.74,1971.27" sx="M,F,M,M"/><TAIKYOKU oya="0"/><INIT seed="0,0,0,1,0,36" ten="250,250,250,250" oya="0" hai0="6,33,78,74,22,55,19,50,112,54,3,71,108" hai1="57,80,77,52,106,46,0,37,117,97,47,75,83" hai2="100,63,8,58,92,122,90,7,30,118,67,62,135" hai3="133,79,128,20,126,29,45,82,48,98,87,4,124"/><T76/><D112/><U12/><E117/><V96/><F122/><W44/><G133/><T94/><D33/><U105/><E0/><V104/><F135/><W21/><G128/><T16/><D71/><U24/><E83/><V103/><F118/><W119/><G119/><T88/><D3/><U85/><E75/><V99/><F30/><W68/><G68/><T28/><D6/><U25/><E105/><V91/><REACH who="2" step="1"/><F63/><REACH who="2" ten="250,250,240,250" step="2"/><W43/><G29/><T38/><D28/><U114/><E114/><V93/><F93/><W120/><G120/><T111/><D74/><U41/><E106/><V113/><F113/><W116/><G116/><T17/><D22/><U110/><E110/><N who="0" m="42025" /><D38/><U86/><E37/><V18/><F18/><W51/><G21/><T129/><D129/><U9/><E9/><V123/><F123/><W102/><G20/><T70/><D70/><U115/><E115/><V69/><F69/><W53/><G4/><T95/><D95/><U49/><E80/><V81/><F81/><W40/><REACH who="3" step="1"/><G53/><REACH who="3" ten="250,250,240,240" step="2"/><N who="0" m="19979" /><D50/><U35/><E49/><V65/><F65/><W1/><G1/><AGARI ba="0,2" hai="1,7,8,58,62,67,90,91,92,96,99,100,103,104" machi="1" ten="30,3900,0" yaku="1,1,7,1,53,1" doraHai="36" doraHaiUra="56" who="2" fromWho="3" sc="250,0,250,0,240,59,240,-39" /><INIT seed="1,0,0,3,5,84" ten="250,250,299,201" oya="1" hai0="92,85,8,129,20,86,42,10,0,22,56,36,128" hai1="127,108,31,35,15,51,125,109,83,44,68,72,93" hai2="73,78,124,61,133,112,4,99,6,94,64,118,37" hai3="88,5,105,2,90,7,60,41,130,23,107,45,58"/><U30/><E68/><V57/><F118/><W66/><G130/><N who="0" m="50283" /><D0/><U126/><E35/><V96/><F37/><W65/><G65/><T101/><D56/><U67/><E67/><V116/><F112/><W119/><G119/><T50/><D50/><U9/><E93/><V55/><F116/><W106/><G23/><N who="0" m="8747" /><D101/><U54/><E83/><V135/><F124/><W69/><G69/><T102/><D102/><U77/><E77/><V12/><F12/><W104/><N who="3" m="26624" /><DORA hai="111" /><W32/><G32/><T28/><D28/><N who="1" m="10795" /><E72/><V114/><F114/><W33/><G33/><T80/><D92/><U103/><E103/><V13/><F13/><W47/><G47/><N who="0" m="24007" /><D85/><U74/><E74/><V3/><F3/><W134/><G134/><N who="2" m="51209" /><F78/><AGARI ba="0,0" hai="8,10,78,80,86" m="24007,8747,50283" machi="78" ten="30,1000,0" yaku="19,1" doraHai="84,111" who="0" fromWho="2" sc="250,10,250,0,299,-10,201,0" /><INIT seed="2,0,0,3,5,134" ten="260,250,289,201" oya="2" hai0="100,125,93,123,18,110,81,108,36,40,115,27,33" hai1="69,75,78,43,107,82,4,10,35,127,54,103,101" hai2="63,11,17,119,37,50,68,92,1,116,52,61,32" hai3="0,91,74,85,60,95,90,89,23,16,46,102,34"/><V8/><F37/><W133/><G74/><T99/><D115/><U30/><E69/><V117/><F32/><W24/><G0/><T12/><D123/><U55/><E127/><V28/><F28/><W41/><G133/><T48/><D81/><U66/><E66/><V132/><F132/><W5/><G34/><T104/><D104/><U51/><E43/><V113/><F113/><W112/><G112/><T97/><D97/><U86/><E75/><V105/><F105/><W121/><G121/><T3/><D3/><U42/><E42/><V73/><F73/><W71/><G5/><T87/><D87/><U128/><E128/><V47/><F68/><W64/><REACH who="3" step="1"/><G102/><REACH who="3" ten="260,250,289,191" step="2"/><T135/><D33/><U15/><E103/><V25/><F1/><W129/><G129/><T106/><D135/><U21/><E35/><V56/><F119/><W38/><AGARI ba="0,1" hai="16,23,24,38,41,46,60,64,71,85,89,90,91,95" machi="38" ten="20,5200,0" yaku="1,1,0,1,7,1,54,1,53,0" doraHai="134" doraHaiUra="109" who="3" fromWho="3" sc="260,-13,250,-13,289,-26,191,62" /><INIT seed="3,0,0,1,4,58" ten="247,237,263,253" oya="3" hai0="86,113,132,92,84,55,1,88,100,69,77,56,42" hai1="82,65,75,89,59,38,76,17,36,48,0,9,13" hai2="10,117,33,121,4,67,85,119,98,22,2,95,16" hai3="127,64,129,101,40,118,39,78,27,133,11,83,109"/><W47/><G118/><T7/><D69/><U57/><E0/><V111/><F33/><W44/><G133/><T73/><D132/><U134/><E134/><V91/><F121/><W12/><G129/><T120/><D120/><U131/><E131/><V49/><F49/><W123/><G123/><T30/><D30/><U94/><E57/><V24/><F111/><W128/><G128/><T68/><D68/><U126/><E126/><V23/><F67/><W72/><G127/><T26/><D26/><U70/><E70/><V96/><REACH who="2" step="1"/><F23/><REACH who="2" ten="247,237,253,253" step="2"/><W79/><G109/><T32/><D32/><U3/><E3/><V122/><F122/><W8/><G64/><T6/><D1/><U54/><E65/><V28/><F28/><W108/><G108/><T71/><D113/><U19/><E19/><V50/><F50/><W29/><G29/><T93/><D71/><U51/><E48/><V87/><F87/><AGARI ba="0,1" hai="9,13,17,36,38,51,54,59,75,76,82,87,89,94" machi="87" ten="30,1000,0" yaku="7,1" doraHai="58" who="1" fromWho="2" sc="247,0,237,20,253,-10,253,0" /><INIT seed="4,0,0,3,5,92" ten="247,257,243,253" oya="0" hai0="13,85,21,132,86,69,56,4,105,41,99,23,52" hai1="24,127,125,88,93,10,55,51,75,123,66,7,60" hai2="39,25,113,2,26,46,134,45,111,54,78,94,71" hai3="74,95,80,43,103,114,14,58,42,81,121,29,18"/><T57/><D69/><U100/><E123/><V129/><F111/><W9/><G74/><T108/><D41/><N who="3" m="15369" /><G121/><T32/><D32/><U15/><E75/><V48/><F2/><W91/><G114/><T11/><D108/><U44/><E100/><V59/><F113/><W107/><G107/><T82/><D132/><U37/><E24/><V73/><F134/><W135/><G135/><T16/><D57/><U30/><E30/><V97/><F71/><W1/><G1/><T117/><D117/><U63/><E37/><V77/><F39/><W28/><G103/><T64/><D64/><U27/><E27/><N who="2" m="10251" /><F73/><W79/><G58/><T110/><D99/><N who="1" m="57767" /><E66/><V101/><F129/><W128/><G128/><T131/><D105/><U72/><E72/><V40/><F40/><W0/><G0/><T19/><D131/><U130/><E130/><V109/><F109/><W126/><G126/><AGARI ba="0,0" hai="7,10,15,44,51,55,60,63,125,126,127" m="57767" machi="126" ten="30,3900,0" yaku="18,1,52,1,54,1" doraHai="92" who="1" fromWho="3" sc="247,0,257,39,243,0,253,-39" /><INIT seed="5,0,0,0,2,13" ten="247,296,243,214" oya="1" hai0="79,132,114,112,51,101,64,130,84,24,22,1,71" hai1="70,48,73,68,25,41,15,133,8,75,58,11,44" hai2="60,122,129,127,119,115,20,116,109,128,95,97,28" hai3="118,17,46,57,103,50,69,134,9,82,10,43,2"/><U89/><E133/><V123/><F60/><W53/><G69/><T62/><D1/><U92/><E8/><V26/><F109/><W108/><G108/><T85/><D132/><U7/><E68/><V88/><F115/><N who="0" m="44074" /><D101/><U5/><E70/><V38/><F38/><W61/><G134/><T77/><D51/><U135/><E135/><V74/><F127/><W39/><G118/><N who="2" m="45097" /><F74/><W106/><G2/><T76/><D130/><AGARI ba="0,0" hai="20,26,28,88,95,97,122,123,128,129,130" m="45097" machi="130" ten="30,2000,0" yaku="19,1,54,1" doraHai="13" who="2" fromWho="0" sc="247,-20,296,0,243,20,214,0" /><INIT seed="6,0,0,4,5,40" ten="227,296,263,214" oya="2" hai0="77,81,11,26,68,69,23,120,96,14,102,41,84" hai1="20,49,131,124,21,107,88,38,13,35,115,34,121" hai2="78,29,70,44,6,8,32,48,108,66,111,52,0" hai3="57,129,112,103,51,104,114,67,7,47,126,82,113"/><V37/><F78/><W79/><G129/><T27/><D120/><U97/><E38/><V128/><F128/><W75/><G126/><T53/><D27/><U31/><E131/><V17/><F37/><W90/><G7/><T22/><D53/><U71/><E71/><V25/><F17/><W127/><G127/><T73/><D41/><U36/><E36/><V9/><F9/><W83/><G57/><T3/><D23/><U64/><E64/><V16/><F16/><W76/><G67/><T132/><D3/><U92/><E107/><V85/><F85/><N who="3" m="48351" /><G90/><T100/><D73/><U119/><E119/><V54/><F66/><W5/><G5/><T98/><D69/><U87/><E35/><V42/><REACH who="2" step="1"/><F70/><REACH who="2" ten="227,296,253,214" step="2"/><W117/><G117/><T65/><D68/><U2/><E87/><V56/><F56/><W61/><G61/><T30/><D65/><U80/><E124/><V43/><F43/><N who="3" m="25087" /><G104/><T18/><D132/><U134/><E134/><V118/><F118/><W135/><G135/><T50/><REACH who="0" step="1"/><D50/><REACH who="0" ten="217,296,253,214" step="2"/><U116/><E49/><V122/><F122/><W110/><G110/><AGARI ba="0,2" hai="0,6,8,25,29,32,42,44,48,52,54,108,110,111" machi="110" ten="40,12000,1" yaku="1,1,10,1,52,1,54,1,53,0" doraHai="40" doraHaiUra="105" who="2" fromWho="3" sc="217,0,296,0,253,140,214,-120" owari="217,-18.0,296,10.0,393,49.0,94,-41.0" /></mjloggm>