<mjloggm ver="2.3"><GO type="169" lobby="0"/><UN n0="%E3%82%A6%E3%83%AB%E3%83%88%E3%83%A9%E7%AB%8B%E7%9B%B4" n1="%44%26%46" n2="%E9%BE%8D%E9%96%80%E6%B8%95%E9%AB%98%E6%A0%A1%E7%B7%8F%E5%90%88" n3="%E6%96%B0%E4%B8%96%E7%95%8C%E3%81%AE%E7%B4%99" dan="17,16,16,16" rate="2183.36,2085.03,2095.38,2101.39" sx="M,M,M,M"/><TAIKYOKU oya="0"/><INIT seed="0,0,0,3,1,88" ten="250,250,250,250" oya="0" hai0="91,135,66,1,9,30,58,13,16,15,126,62,45" hai1="59,120,72,17,31,75,96,117,19,115,81,23,104" hai2="44,101,52,60,113,90,47,48,20,129,123,10,43" hai3="105,21,65,54,108,42,78,53,26,34,124,73,61"/><T63/><D126/><U24/><E117/><V33/><F33/><W57/><G124/><T87/><D135/><U71/><E71/><V98/><F129/><W97/><G34/><T118/><D118/><U85/><E120/><V0/><F123/><W119/><G119/><T132/><D132/><U83/><E115/><V102/><F113/><W68/><G108/><T5/><D30/><U74/><E59/><V94/><F0/><W134/><G134/><T29/><D29/><U64/><E64/><V110/><F110/><W111/><G111/><T51/><D63/><U2/><E2/><V4/><F20/><W93/><G105/><T28/><D28/><U80/><E104/><V89/><F102/><W70/><G42/><T12/><D1/><U109/><E109/><V131/><F131/><W40/><G40/><T116/><D5/><U46/><E96/><V22/><F10/><W32/><G32/><T50/><D50/><U103/><E103/><V35/><F35/><W84/><G73/><T79/><D79/><U25/><E46/><V49/><F4/><W92/><G70/><T6/><D6/><U100/><E100/><V133/><F133/><W27/><G68/><T56/><D56/><U125/><E125/><V55/><F22/><W11/><G21/><T69/><D69/><U3/><E3/><V77/><F77/><W122/><G122/><T99/><D99/><U107/><E107/><V36/><F60/><W67/><G61/><T130/><D130/><U8/><E8/><V7/><F7/><W38/><G78/><T82/><D116/><U114/><E114/><RYUUKYOKU ba="0,0" sc="250,15,250,-15,250,15,250,-15" hai0="9,12,13,15,16,45,51,58,62,66,82,87,91" hai2="36,43,44,47,48,49,52,55,89,90,94,98,101" /><INIT seed="0,1,0,0,5,17" ten="265,235,265,235" oya="0" hai0="109,16,57,110,8,6,89,9,4,20,75,90,112" hai1="44,100,113,24,88,33,64,69,61,40,108,95,51" hai2="124,7,48,82,73,131,49,70,25,46,123,45,31" hai3="115,122,105,97,96,102,50,111,76,29,80,53,78"/><T55/><D75/><U117/><E117/><V118/><F118/><W27/><G115/><T133/><D112/><U19/><E108/><N who="0" m="41577" /><D133/><U3/><E3/><V11/><F123/><W84/><G111/><T86/><D9/><U77/><E77/><V22/><F70/><W120/><G78/><T93/><D8/><U18/><E100/><V63/><F124/><W104/><G97/><T91/><D90/><U30/><REACH who="1" step="1"/><E113/><REACH who="1" ten="265,225,265,235" step="2"/><V43/><F131/><W121/><G104/><T54/><D91/><U1/><E1/><V10/><F73/><W116/><G116/><T52/><D57/><U66/><E66/><V135/><F135/><W130/><G130/><T26/><AGARI ba="1,1" hai="4,6,16,20,26,52,54,55,86,89,93" m="41577" machi="26" ten="30,12000,1" yaku="14,1,10,1,52,1,54,2" doraHai="17" who="0" fromWho="0" sc="265,133,225,-41,265,-41,235,-41" /><INIT seed="0,2,0,2,3,107" ten="398,184,224,194" oya="0" hai0="122,106,97,90,13,19,39,26,113,30,50,93,20" hai1="47,31,57,77,61,23,129,125,114,8,22,128,132" hai2="12,0,75,25,91,105,45,5,133,87,18,6,92" hai3="73,109,16,3,62,15,54,130,7,21,9,55,10"/><T84/><D39/><U78/><E114/><V58/><F105/><W72/><G109/><T99/><D113/><U42/><E125/><V49/><F0/><W124/><G124/><T46/><D106/><U56/><E8/><V74/><F133/><W65/><G130/><N who="1" m="50282" /><E132/><V119/><F119/><W98/><G98/><T43/><REACH who="0" step="1"/><D122/><REACH who="0" ten="388,184,224,194" step="2"/><U40/><E77/><V34/><F34/><AGARI ba="2,1" hai="13,19,20,26,30,34,43,46,50,84,90,93,97,99" machi="34" ten="30,11600,0" yaku="1,1,2,1,7,1,53,1" doraHai="107" doraHaiUra="85" who="0" fromWho="2" sc="388,132,184,0,224,-122,194,0" /><INIT seed="0,3,0,4,4,10" ten="520,184,102,194" oya="0" hai0="42,100,12,127,105,39,0,45,67,121,22,135,16" hai1="48,20,112,68,75,36,93,35,130,81,97,28,17" hai2="117,72,53,91,129,96,128,99,69,1,92,44,25" hai3="14,64,122,30,101,34,83,107,118,87,11,74,106"/><T8/><D121/><U55/><E36/><V3/><F69/><W116/><G74/><T2/><D127/><U89/><E68/><V95/><F72/><W46/><G122/><T109/><D135/><U73/><E130/><V120/><F120/><W115/><G115/><T88/><D109/><U60/><E112/><V84/><F117/><W79/><G64/><T131/><D131/><N who="2" m="50250" /><F25/><W41/><G34/><T6/><D67/><U18/><E18/><V26/><F26/><W7/><G30/><T76/><D76/><U15/><E28/><V80/><F44/><W126/><G126/><T77/><D77/><U21/><E35/><V132/><F53/><W40/><G40/><T113/><D113/><U33/><E33/><V31/><F31/><W47/><G47/><T38/><D88/><U134/><E134/><V133/><F3/><W50/><REACH who="3" step="1"/><G101/><REACH who="3" ten="520,184,102,184" step="2"/><T104/><D100/><U59/><E73/><V102/><F1/><W110/><G110/><T27/><D39/><U4/><E75/><V32/><F32/><W90/><G90/><AGARI ba="3,1" hai="80,84,90,91,92,95,96,99,102,132,133" m="50250" machi="90" ten="30,3900,0" yaku="19,1,34,2" doraHai="10" who="2" fromWho="3" sc="520,0,184,0,102,58,184,-48" /><INIT seed="1,0,0,5,1,70" ten="520,184,160,136" oya="1" hai0="44,50,63,11,91,45,25,59,2,132,37,111,93" hai1="21,104,97,20,103,112,134,84,81,3,90,49,102" hai2="108,96,53,13,62,17,95,65,101,41,92,10,0" hai3="78,129,83,33,18,123,36,60,94,73,64,113,52"/><U76/><E3/><V58/><F108/><W66/><G123/><T4/><D111/><U116/><E116/><V54/><F0/><W106/><G106/><T9/><D132/><U16/><E112/><V14/><F41/><W114/><G33/><T109/><D109/><U99/><E134/><V125/><F125/><W48/><G129/><T8/><D37/><U67/><E67/><V35/><F35/><W22/><G94/><T86/><D25/><U30/><E30/><V23/><REACH who="2" step="1"/><F95/><REACH who="2" ten="520,184,150,136" step="2"/><W55/><G113/><T128/><D128/><U5/><E5/><AGARI ba="0,1" hai="5,10,13,14,17,23,53,54,58,62,65,92,96,101" machi="5" ten="30,12000,2" yaku="1,1,2,1,7,1,8,1,53,2" doraHai="70" doraHaiUra="51" who="2" fromWho="1" sc="520,0,184,-120,150,130,136,0" /><INIT seed="2,0,0,4,2,98" ten="520,64,280,136" oya="2" hai0="120,38,0,25,122,133,68,130,17,71,41,8,64" hai1="56,131,117,21,109,44,75,50,103,123,4,90,83" hai2="112,35,52,95,121,10,81,39,87,128,55,54,29" hai3="111,58,60,23,62,59,89,12,94,127,30,13,2"/><V124/><F121/><W49/><G2/><T134/><D64/><U85/><E117/><V97/><F112/><W66/><G111/><T77/><D77/><U3/><E109/><V88/><F39/><W18/><G127/><T78/><D78/><U31/><E123/><V73/><F124/><W26/><G30/><T63/><D63/><U72/><E56/><V16/><F128/><W114/><G114/><T45/><D130/><U51/><E131/><V125/><F125/><W104/><G104/><T48/><D48/><U70/><E70/><V47/><F73/><W15/><G49/><T115/><D115/><U6/><E50/><N who="2" m="29023" /><F29/><W82/><G82/><T93/><D68/><U84/><E84/><V92/><F35/><W57/><REACH who="3" step="1"/><G66/><REACH who="3" ten="520,64,280,126" step="2"/><T53/><D120/><U37/><E3/><V126/><F126/><W40/><G40/><T106/><D41/><U5/><E37/><V20/><F92/><W102/><G102/><T43/><D93/><U96/><E31/><V101/><F10/><W24/><G24/><AGARI ba="0,1" hai="16,20,24,52,55,81,87,88,95,97,101" m="29023" machi="24" ten="30,12000,1" yaku="8,1,52,1,54,3" doraHai="98" who="2" fromWho="3" sc="520,0,64,0,280,130,126,-120" /><INIT seed="2,1,0,3,5,97" ten="520,64,410,6" oya="2" hai0="115,6,64,130,31,47,114,41,92,132,9,13,43" hai1="113,100,54,62,36,121,110,65,107,57,58,69,66" hai2="75,29,11,44,73,98,94,42,116,49,72,91,84" hai3="74,68,90,55,120,104,56,93,128,67,87,71,18"/><V119/><F29/><W37/><G120/><T17/><D130/><U14/><E113/><V70/><F70/><W102/><G37/><T10/><D132/><U27/><E110/><V23/><F11/><W122/><G122/><T109/><D109/><U59/><E14/><V135/><F135/><W96/><G67/><T28/><D114/><U63/><E27/><V134/><F134/><W82/><G18/><T81/><D115/><U105/><E105/><V124/><F124/><W50/><G128/><T129/><D129/><U77/><E77/><AGARI ba="1,0" hai="50,55,56,68,71,74,77,82,87,90,93,96,102,104" machi="77" ten="40,5200,0" yaku="24,2,52,1" doraHai="97" who="3" fromWho="1" sc="520,0,64,-55,410,0,6,55" /><INIT seed="3,0,0,5,0,76" ten="520,9,410,61" oya="3" hai0="126,102,132,21,0,3,60,31,101,66,14,55,75" hai1="100,105,19,92,49,84,17,39,64,4,98,61,58" hai2="71,35,38,68,15,7,16,6,48,124,83,106,104" hai3="62,134,46,87,67,56,95,91,44,110,13,99,18"/><W85/><G134/><T118/><D55/><U130/><E39/><V129/><F38/><W10/><G110/><T94/><D14/><U115/><E115/><V25/><F124/><W74/><G74/><T127/><D94/><U51/><E130/><V9/><F129/><W22/><G87/><T88/><D60/><U77/><E4/><V24/><F48/><N who="1" m="18505" /><E105/><V117/><F117/><W108/><G108/><T8/><D66/><U123/><E123/><V133/><F133/><W109/><G109/><T11/><D0/><U65/><E65/><V36/><F36/><W34/><G34/><T114/><D3/><U82/><AGARI ba="0,0" hai="17,19,58,61,64,77,82,84,92,98,100" m="18505" machi="82" ten="30,2000,0" yaku="8,1,52,1" doraHai="76" who="1" fromWho="1" sc="520,-5,9,20,410,-5,61,-10" /><INIT seed="4,0,0,4,2,86" ten="515,29,405,51" oya="0" hai0="17,126,30,5,28,132,0,40,129,3,48,25,83" hai1="37,75,89,58,62,117,104,2,123,12,65,31,93" hai2="57,100,105,127,114,23,64,87,8,32,88,4,59" hai3="118,81,33,27,97,110,125,54,102,11,121,49,80"/><T38/><D38/><U111/><E104/><V78/><F32/><W101/><G118/><T96/><D126/><U60/><E2/><V91/><F127/><W9/><G125/><T92/><D129/><U85/><E117/><V79/><F105/><W116/><G116/><T41/><D132/><U119/><E119/><V1/><F100/><W124/><G124/><T16/><D5/><U71/><E75/><V52/><F114/><W45/><G110/><T29/><D3/><U72/><E72/><V94/><F23/><W35/><G121/><T70/><D70/><U21/><E37/><V69/><F69/><W112/><G112/><T61/><D0/><U67/><E111/><V63/><REACH who="2" step="1"/><F91/><REACH who="2" ten="515,29,395,51" step="2"/><W14/><G102/><N who="0" m="60679" /><D30/><U113/><E113/><V42/><F42/><W68/><G35/><T128/><D29/><U55/><E123/><V82/><F82/><W107/><G68/><T46/><D41/><U53/><E31/><V44/><F44/><W20/><G33/><T90/><D128/><U109/><E109/><V122/><F122/><W39/><G81/><T36/><D90/><U106/><E106/><V95/><F95/><W26/><G80/><T50/><D83/><U131/><E131/><V10/><F10/><W99/><G101/><T77/><D28/><U15/><E21/><V66/><F66/><W51/><G107/><T74/><D74/><U6/><E67/><V7/><F7/><N who="3" m="3391" /><G20/><N who="0" m="13447" /><D77/><U24/><E6/><V47/><F47/><W133/><G45/><T73/><D73/><U22/><E55/><V76/><F76/><W108/><G54/><T103/><D46/><RYUUKYOKU ba="0,1" sc="515,-15,29,15,395,15,51,-15" hai1="12,15,22,24,53,58,60,62,65,71,85,89,93" hai2="1,4,8,52,57,59,63,64,78,79,87,88,94" /><INIT seed="5,1,1,0,1,111" ten="500,44,410,36" oya="1" hai0="53,15,69,34,32,3,113,36,42,26,88,7,64" hai1="27,90,49,48,97,118,25,89,14,44,63,4,23" hai2="37,74,116,28,83,112,125,85,58,123,84,62,2" hai3="94,57,104,106,70,128,107,68,71,103,95,55,72"/><U56/><E118/><V31/><F116/><W6/><G72/><T51/><D113/><U16/><E4/><V35/><F123/><W109/><G109/><T98/><D3/><U1/><E1/><V47/><F2/><W46/><G128/><T33/><D88/><N who="1" m="33899" /><E97/><V110/><F110/><W76/><G6/><T101/><D15/><U0/><E0/><V130/><F130/><W10/><G76/><T22/><D7/><U117/><E117/><V91/><F125/><W38/><G10/><T120/><D120/><U124/><E124/><V20/><F35/><W73/><G73/><T105/><D42/><N who="1" m="24599" /><E49/><V92/><F74/><W41/><REACH who="3" step="1"/><G103/><REACH who="3" ten="500,44,410,26" step="2"/><T59/><D101/><U5/><E5/><V75/><F75/><W40/><G40/><T108/><D108/><U129/><E129/><V19/><F91/><W13/><G13/><T96/><D96/><U132/><E132/><V12/><F85/><W126/><G126/><T60/><D98/><U50/><E50/><AGARI ba="1,2" hai="38,41,46,50,55,57,68,70,71,94,95,104,106,107" machi="50" ten="50,1600,0" yaku="1,1,53,0" doraHai="111" doraHaiUra="80" who="3" fromWho="1" sc="500,0,44,-19,410,0,26,39" /><INIT seed="6,0,0,5,0,17" ten="500,25,410,65" oya="2" hai0="11,72,82,133,12,10,28,41,5,55,24,106,36" hai1="85,68,57,94,107,93,49,105,43,19,119,23,86" hai2="123,99,37,124,102,108,132,30,76,54,104,64,59" hai3="6,81,29,101,91,3,38,114,126,4,113,73,51"/><V89/><F123/><W70/><G38/><T27/><D106/><U122/><E68/><V112/><F37/><W61/><G126/><T0/><D133/><U96/><E119/><V88/><F124/><W39/><G39/><T32/><D55/><N who="1" m="31983" /><E105/><V103/><F132/><W109/><G109/><T63/><D63/><U131/><E131/><V2/><F2/><W71/><G101/><T83/><D27/><N who="1" m="14847" /><E107/><V128/><F128/><W115/><G29/><T92/><D92/><U20/><E43/><V31/><F108/><W100/><G100/><T65/><D65/><U21/><E94/><V46/><F112/><W130/><G130/><T33/><D33/><U77/><E122/><V53/><F76/><N who="3" m="44175" /><G61/><T60/><D60/><U121/><E121/><V78/><F78/><W79/><G79/><T7/><REACH who="0" step="1"/><D72/><REACH who="0" ten="490,25,410,65" step="2"/><U120/><E120/><V117/><F104/><W15/><G113/><T134/><D134/><U52/><E52/><N who="2" m="20075" /><F117/><W47/><G114/><T40/><D40/><U45/><E45/><AGARI ba="0,1" hai="0,5,7,10,11,12,24,28,32,36,41,45,82,83" machi="45" ten="40,1300,0" yaku="1,1,53,0" doraHai="17" doraHaiUra="125" who="0" fromWho="1" sc="490,23,25,-13,410,0,65,0" /><INIT seed="7,0,0,5,2,13" ten="513,12,410,65" oya="3" hai0="65,57,78,120,70,93,108,71,89,80,86,8,121" hai1="107,76,96,28,129,48,43,45,27,50,12,122,91" hai2="130,55,7,66,134,32,84,41,29,101,11,100,112" hai3="26,36,97,39,38,51,67,87,88,73,90,33,34"/><W35/><G73/><T18/><D57/><U131/><E122/><V54/><F112/><W49/><G67/><T68/><D65/><U15/><E76/><V2/><F130/><W40/><G40/><T22/><D8/><U52/><E129/><V133/><F66/><W0/><G0/><T63/><D63/><U1/><E1/><V61/><F41/><W135/><G135/><N who="2" m="51721" /><F84/><W132/><G132/><T23/><D23/><U117/><E117/><V19/><F61/><W95/><REACH who="3" step="1"/><G26/><REACH who="3" ten="513,12,410,55" step="2"/><T79/><D120/><U126/><E126/><V92/><F2/><W102/><G102/><T6/><D121/><U115/><E131/><V114/><F101/><W124/><G124/><T125/><D125/><U53/><E115/><V37/><F100/><W25/><G25/><T128/><D128/><U21/><E43/><V118/><F114/><W81/><AGARI ba="0,1" hai="33,34,35,36,38,39,49,51,81,87,88,90,95,97" machi="81" ten="40,7800,0" yaku="1,1,0,1,54,1,53,0" doraHai="13" doraHaiUra="5" who="3" fromWho="3" sc="513,-26,12,-26,410,-26,55,88" owari="487,59.0,-14,-51.0,384,18.0,143,-26.0" /></mjloggm>