<mjloggm ver="2.3"><GO type="97" lobby="0"/><UN n0="%E5%B0%B1%E6%B4%BB%E7%94%9F%40%E5%B7%9D%E6%9D%91%E8%BB%8D%E5%9B%A3" n1="%5A%45%54%41%2E%2E" n2="%72%65%65%66" n3="%4B%65%41" dan="16,15,15,14" rate="2127.21,2004.75,1968.76,1937.57" sx="M,M,M,F"/><TAIKYOKU oya="0"/><INIT seed="0,0,0,2,4,124" ten="250,250,250,250" oya="0" hai0="72,87,9,5,130,37,94,20,73,82,3,11,8" hai1="41,50,98,106,42,117,101,61,14,90,68,57,32" hai2="16,7,86,48,134,131,112,110,85,108,53,91,27" hai3="18,84,95,118,56,83,21,70,128,6,123,34,93"/><T114/><D37/><U76/><E117/><V74/><F112/><W51/><G70/><T79/><D114/><U44/><E76/><V99/><F74/><W17/><G34/><T40/><D40/><U135/><E135/><V23/><F134/><W58/><G118/><T36/><D36/><U97/><E32/><V25/><F7/><W24/><G6/><T55/><D130/><U126/><E68/><V64/><F131/><W38/><G38/><T12/><D55/><U67/><E126/><V71/><F27/><W52/><G123/><T100/><D73/><U49/><E14/><V66/><F99/><W113/><G113/><T109/><D109/><N who="2" m="42090" /><F71/><W65/><G128/><T119/><D119/><U22/><E22/><V31/><F31/><W60/><REACH who="3" step="1"/><G18/><REACH who="3" ten="250,250,250,240" step="2"/><T80/><D3/><U105/><E105/><V35/><F35/><W4/><G4/><T77/><D20/><U63/><E106/><V39/><F39/><W10/><G10/><T104/><D104/><U89/><E101/><V81/><F85/><W43/><G43/><T92/><D100/><U75/><E42/><V115/><F115/><W78/><AGARI ba="0,1" hai="17,21,24,51,52,56,58,60,65,78,83,84,93,95" machi="78" ten="20,12000,2" yaku="1,1,0,1,7,1,8,1,54,1,53,1" doraHai="124" doraHaiUra="59" who="3" fromWho="3" sc="250,-60,250,-30,250,-30,240,130" /><INIT seed="1,0,0,2,1,104" ten="190,220,220,370" oya="1" hai0="57,131,117,89,42,50,87,125,80,13,43,72,75" hai1="111,83,66,74,30,40,85,107,112,94,126,49,51" hai2="88,17,114,63,10,60,54,64,90,77,8,31,6" hai3="52,113,118,76,29,130,108,12,127,25,100,11,86"/><U109/><E112/><V69/><F114/><W73/><G113/><T129/><D117/><U39/><E107/><V5/><F31/><W92/><G108/><N who="1" m="41546" /><E126/><V24/><F77/><W15/><G127/><T19/><D125/><U120/><E120/><V103/><F103/><W37/><G130/><N who="0" m="49675" /><D57/><U67/><E30/><V55/><F24/><W68/><G118/><T44/><D42/><U45/><E94/><V48/><F60/><W1/><G92/><T105/><D105/><U91/><E74/><V99/><F55/><W128/><G73/><T22/><AGARI ba="0,0" hai="13,19,22,43,44,50,72,75,80,87,89" m="49675" machi="22" ten="30,4000,0" yaku="19,1,52,2" doraHai="104" who="0" fromWho="0" sc="190,40,220,-20,220,-10,370,-10" /><INIT seed="2,0,0,5,0,12" ten="230,200,210,360" oya="2" hai0="71,111,0,23,99,128,49,130,34,41,66,114,75" hai1="131,92,22,132,81,19,76,57,100,112,4,30,135" hai2="103,25,44,62,96,83,69,80,97,10,77,28,26" hai3="84,82,17,126,115,60,9,24,134,120,45,63,46"/><V91/><F91/><N who="3" m="51607" /><G120/><T72/><D34/><U86/><E112/><V127/><F127/><W85/><G134/><N who="1" m="51242" /><E131/><N who="0" m="50217" /><D111/><U31/><E4/><V36/><F10/><W54/><G126/><T35/><D35/><U89/><E100/><V1/><F1/><W61/><G85/><T121/><D0/><U55/><E55/><V110/><F110/><W70/><G70/><T13/><D99/><N who="1" m="57743" /><E57/><V51/><F103/><W6/><G115/><T104/><D104/><U40/><E40/><V38/><F69/><W119/><G119/><T15/><D121/><U7/><E7/><V101/><F101/><W124/><G124/><T107/><D107/><U122/><E122/><V42/><F62/><N who="3" m="24171" /><G6/><T78/><D71/><U109/><E109/><V58/><F58/><N who="3" m="35287" /><G9/><T27/><D66/><U5/><E5/><V94/><F77/><W105/><G105/><T95/><D114/><U8/><E8/><V18/><F28/><W14/><G14/><AGARI ba="0,0" hai="14,19,22,30,31,76,81,86" m="57743,51242" machi="14" ten="30,2000,0" yaku="20,1,52,1" doraHai="12" who="1" fromWho="3" sc="230,0,200,20,210,0,360,-20" /><INIT seed="3,0,0,2,1,102" ten="230,220,210,340" oya="3" hai0="97,60,28,126,27,81,65,74,123,98,89,67,58" hai1="23,22,75,48,59,85,49,133,44,31,5,121,131" hai2="94,50,10,64,19,120,92,118,15,6,40,55,127" hai3="93,39,116,113,52,119,1,125,83,46,130,0,9"/><W107/><G93/><T69/><D123/><U135/><E75/><V84/><F118/><W70/><G113/><T122/><D122/><U8/><E121/><V30/><F120/><W99/><G70/><T73/><D126/><U78/><E131/><V41/><F127/><W100/><G125/><T2/><D2/><U43/><E31/><V90/><F30/><W134/><G134/><N who="1" m="51210" /><E59/><N who="2" m="33271" /><F64/><W34/><G34/><T54/><D74/><U25/><E49/><V53/><F53/><W129/><G39/><T14/><D14/><N who="1" m="5391" /><E25/><V7/><F94/><W11/><G83/><AGARI ba="0,0" hai="22,23,43,44,48,78,83,85" m="5391,51210" machi="83" ten="30,2000,0" yaku="25,1,20,1" doraHai="102" who="1" fromWho="3" sc="230,0,220,20,210,0,340,-20" owari="230,-17.0,240,4.0,210,-29.0,320,42.0" /></mjloggm>