<mjloggm ver="2.3"><GO type="97" lobby="0"/><UN n0="%E3%81%97%E3%81%91%E3%81%84%E3%81%97%E3%82%85%E3%81%86" n1="%E5%B0%8F%E5%AD%A6%E7%94%9F" n2="%4B%49%44%4F" n3="%E5%B0%B1%E6%B4%BB%E7%94%9F%40%E5%B7%9D%E6%9D%91%E8%BB%8D%E5%9B%A3" dan="15,14,13,15" rate="2022.15,2018.64,1855.31,1956.79" sx="M,M,M,M"/><TAIKYOKU oya="0"/><INIT seed="0,0,0,5,5,58" ten="250,250,250,250" oya="0" hai0="124,26,98,99,49,29,75,12,70,113,110,69,114" hai1="102,100,6,126,36,127,48,101,93,109,89,0,51" hai2="23,2,134,41,112,125,129,46,25,87,13,71,59" hai3="45,65,16,62,78,106,9,67,82,40,104,55,84"/><T5/><D75/><U35/><E36/><V88/><F112/><W53/><G106/><T105/><D124/><N who="1" m="47659" /><E35/><V92/><F71/><W37/><G104/><T8/><D110/><U43/><E109/><V61/><F2/><W91/><G78/><T120/><D120/><U42/><E6/><V30/><F134/><W73/><G73/><T33/><D49/><N who="1" m="19019" /><E0/><V11/><F129/><W20/><G9/><T14/><D14/><U117/><E117/><V7/><F125/><W96/><G96/><AGARI ba="0,0" hai="42,43,89,93,96,100,101,102" m="19019,47659" machi="96" ten="30,1000,0" yaku="18,1" doraHai="58" who="1" fromWho="3" sc="250,0,250,10,250,0,250,-10" /><INIT seed="1,0,0,5,3,11" ten="250,260,250,240" oya="1" hai0="119,111,0,41,132,96,44,90,8,37,97,72,92" hai1="62,1,34,4,103,51,15,67,3,89,68,131,50" hai2="54,55,105,75,49,120,66,124,100,13,88,45,104" hai3="32,126,130,2,7,69,86,101,135,25,48,77,38"/><U76/><E34/><V36/><F120/><W42/><G69/><T18/><D119/><U31/><E31/><V80/><F75/><W112/><G112/><T122/><D111/><U95/><E131/><V83/><F36/><W52/><G130/><T24/><D132/><U61/><E76/><V6/><F105/><W91/><G135/><T20/><D122/><U98/><E62/><V63/><F104/><W39/><G126/><T65/><D65/><U26/><E26/><V123/><F100/><W81/><G101/><T133/><D72/><U16/><E4/><V14/><F123/><W59/><G42/><T47/><D47/><U10/><REACH who="1" step="1"/><E103/><REACH who="1" ten="250,250,250,240" step="2"/><V109/><F124/><W114/><G114/><T94/><D133/><U19/><E19/><V27/><F109/><W87/><G7/><T46/><D18/><U108/><E108/><V53/><F6/><W73/><G2/><AGARI ba="0,1" hai="1,2,3,10,15,16,50,51,61,67,68,89,95,98" machi="2" ten="40,12000,1" yaku="1,1,52,1,54,1,53,1" doraHai="11" doraHaiUra="58" who="1" fromWho="3" sc="250,0,250,130,250,0,240,-120" /><INIT seed="1,1,0,5,3,73" ten="250,380,250,120" oya="1" hai0="134,98,12,23,39,8,93,54,76,9,125,75,95" hai1="37,127,6,108,77,110,30,22,72,67,16,17,43" hai2="65,126,3,46,116,115,99,0,52,42,80,118,79" hai3="38,41,13,96,29,1,120,109,91,111,94,117,4"/><U84/><E72/><V34/><F34/><W2/><G120/><T36/><D125/><U49/><E127/><V45/><F65/><W48/><G117/><T105/><D134/><U20/><E67/><V28/><F28/><W70/><G70/><T128/><D128/><U133/><E37/><V113/><F126/><W82/><G38/><T123/><D123/><U53/><E43/><V27/><F27/><W60/><G29/><T61/><D105/><U50/><E133/><V129/><F99/><W21/><G60/><T89/><D23/><N who="1" m="8747" /><E6/><V63/><F63/><W7/><G7/><T56/><D93/><U114/><E30/><V10/><F10/><W83/><G2/><N who="2" m="553" /><F129/><W112/><G112/><N who="2" m="43081" /><F42/><W5/><G1/><T18/><REACH who="0" step="1"/><D9/><REACH who="0" ten="240,380,250,120" step="2"/><U101/><E114/><V81/><F81/><AGARI ba="1,1" hai="8,12,18,36,39,54,56,61,75,76,81,89,95,98" machi="81" ten="40,8000,1" yaku="1,1,2,1,52,1,53,1" doraHai="73" doraHaiUra="107" who="0" fromWho="2" sc="240,93,380,0,250,-83,120,0" /><INIT seed="2,0,0,1,0,9" ten="333,380,167,120" oya="2" hai0="0,12,122,2,127,117,97,14,40,88,62,123,57" hai1="77,66,79,69,56,74,34,28,37,65,98,103,6" hai2="126,91,104,105,7,58,113,61,129,39,48,96,86" hai3="120,80,68,90,26,29,20,75,33,87,44,131,70"/><V71/><F71/><W24/><G120/><T64/><D127/><U49/><E37/><V109/><F113/><W41/><G131/><T60/><D117/><U32/><E6/><V11/><F39/><W95/><G75/><T42/><D57/><U17/><E69/><V106/><F126/><W81/><G70/><T78/><D97/><U54/><E17/><V63/><F129/><W18/><REACH who="3" step="1"/><G68/><REACH who="3" ten="333,380,167,110" step="2"/><T135/><D122/><U3/><E74/><V130/><F130/><W46/><G46/><T16/><D123/><U128/><E128/><V10/><F109/><W111/><G111/><T52/><D135/><U107/><E56/><V45/><F96/><W30/><G30/><T110/><D110/><U116/><E28/><V94/><F58/><W124/><G124/><T67/><D64/><U92/><E66/><V84/><F84/><W8/><G8/><T4/><D67/><U83/><E65/><V114/><F11/><W101/><G101/><T125/><D125/><U115/><E103/><V51/><F114/><W119/><G119/><T85/><D85/><U118/><E98/><V73/><F73/><W102/><G102/><T15/><D60/><U55/><E115/><V121/><F121/><W59/><G59/><T35/><D62/><U47/><E116/><V53/><REACH who="2" step="1"/><F51/><AGARI ba="0,1" hai="18,20,24,26,29,33,41,44,51,80,81,87,90,95" machi="51" ten="30,2000,0" yaku="1,1,7,1,53,0" doraHai="9" doraHaiUra="108" who="3" fromWho="2" sc="333,0,380,0,167,-20,110,30" /><INIT seed="3,0,0,0,4,104" ten="333,380,147,140" oya="3" hai0="40,77,59,74,73,35,21,120,57,18,78,0,110" hai1="114,116,111,19,99,118,48,87,133,117,106,129,31" hai2="75,58,70,86,132,55,49,134,126,62,46,65,33" hai3="71,76,25,121,29,10,23,17,24,12,113,14,112"/><W39/><G71/><T67/><D120/><U102/><E114/><N who="3" m="44138" /><G39/><T22/><D110/><U26/><E111/><V30/><F33/><N who="3" m="20647" /><G76/><T85/><D35/><U42/><E133/><N who="2" m="51307" /><F30/><N who="3" m="17727" /><G14/><T93/><D0/><U83/><E48/><N who="2" m="31079" /><F86/><W28/><G28/><T61/><D40/><U81/><E42/><N who="2" m="24791" /><F75/><W122/><AGARI ba="0,0" hai="10,12,17,121,122" m="17727,20647,44138" machi="122" ten="30,3000,0" yaku="34,2" doraHai="104" who="3" fromWho="3" sc="333,-10,380,-10,147,-10,140,30" /><INIT seed="3,1,0,1,1,98" ten="323,370,137,170" oya="3" hai0="26,11,88,117,31,133,97,131,10,65,25,44,18" hai1="95,13,69,9,108,72,122,68,54,48,24,49,14" hai2="74,17,78,63,45,124,4,64,70,52,103,28,120" hai3="91,135,58,134,114,20,80,79,121,23,116,39,16"/><W47/><G116/><T126/><D117/><U111/><E72/><V75/><F124/><W67/><G121/><T34/><D126/><U101/><E122/><V43/><F120/><W81/><G114/><T21/><D133/><N who="3" m="50697" /><G23/><T12/><D131/><U55/><E101/><V104/><F28/><W87/><G39/><T76/><D76/><U53/><E95/><V38/><F4/><W127/><G127/><T107/><D65/><U119/><E119/><V94/><F17/><W22/><G47/><T56/><D56/><U96/><E96/><V61/><F78/><W41/><G41/><T29/><D44/><U57/><E24/><V118/><F104/><W77/><G22/><T85/><D107/><U59/><E55/><V35/><F35/><W109/><G109/><T83/><REACH who="0" step="1"/><D97/><REACH who="0" ten="313,370,137,170" step="2"/><U113/><E113/><V1/><F118/><W93/><G58/><T33/><AGARI ba="1,1" hai="10,11,12,18,21,25,26,29,31,33,34,83,85,88" machi="33" ten="20,16000,3" yaku="1,1,2,1,0,1,7,1,9,1,54,1,53,2" doraHai="98" doraHaiUra="27" who="0" fromWho="0" sc="313,173,370,-41,137,-41,170,-81" owari="486,58.0,329,13.0,96,-30.0,89,-41.0" /></mjloggm>