<mjloggm ver="2.3"><GO type="97" lobby="0"/><UN n0="%E7%A9%82%E5%9D%82%E4%B8%83%E6%B5%B7" n1="%34%3A%31%35" n2="%6E%61%73%75%31%32%33" n3="%E5%B0%B1%E6%B4%BB%E7%94%9F%40%E5%B7%9D%E6%9D%91%E8%BB%8D%E5%9B%A3" dan="14,13,14,15" rate="1922.02,1839.13,2050.19,2056.80" sx="M,M,M,M"/><TAIKYOKU oya="0"/><INIT seed="0,0,0,4,1,91" ten="250,250,250,250" oya="0" hai0="62,135,40,3,123,63,46,59,70,99,90,51,8" hai1="29,128,34,105,66,121,67,71,124,79,12,104,97" hai2="68,54,27,131,30,47,43,50,60,11,72,10,22" hai3="84,74,76,119,125,52,20,6,53,26,127,109,83"/><T24/><D123/><U61/><E121/><V16/><F72/><W41/><G119/><T4/><D135/><U118/><E118/><V117/><F117/><W31/><G109/><T134/><D134/><U75/><E67/><V87/><F131/><W42/><G6/><T122/><D122/><U13/><E128/><V36/><F87/><W2/><G2/><T39/><D24/><N who="1" m="18727" /><E105/><V25/><F60/><W17/><G74/><T56/><D70/><U7/><E7/><V100/><F68/><W21/><G42/><T103/><D90/><U23/><E23/><V45/><REACH who="2" step="1"/><F100/><REACH who="2" ten="250,250,240,250" step="2"/><W112/><G84/><T132/><D62/><U89/><E75/><V114/><F114/><W88/><G112/><T111/><D111/><U116/><E116/><V35/><AGARI ba="0,1" hai="10,11,16,22,25,27,30,35,36,43,45,47,50,54" machi="35" ten="20,5200,0" yaku="1,1,0,1,7,1,54,1,53,0" doraHai="91" doraHaiUra="126" who="2" fromWho="2" sc="250,-26,250,-13,240,62,250,-13" /><INIT seed="1,0,0,3,1,52" ten="224,237,302,237" oya="1" hai0="103,131,127,25,61,11,48,92,53,102,10,22,112" hai1="132,79,116,71,57,113,88,119,134,45,56,31,95" hai2="9,75,36,73,74,32,84,62,130,42,44,24,67" hai3="120,38,46,105,17,115,86,118,101,33,76,85,93"/><U114/><E79/><V126/><F130/><W14/><G33/><T51/><D112/><U83/><E83/><V0/><F126/><W100/><G105/><T59/><D127/><U26/><E45/><V27/><F32/><W13/><G120/><T99/><D131/><U21/><E71/><V117/><F84/><W19/><G118/><T34/><D34/><U124/><E124/><V5/><REACH who="2" step="1"/><F117/><REACH who="2" ten="224,237,292,237" step="2"/><W40/><G86/><T58/><D102/><U72/><E72/><V65/><F65/><W107/><G85/><T18/><D51/><U1/><E119/><V68/><AGARI ba="0,1" hai="0,5,9,24,27,36,42,44,62,67,68,73,74,75" machi="68" ten="30,2000,0" yaku="1,1,0,1,53,0" doraHai="52" doraHaiUra="135" who="2" fromWho="2" sc="224,-5,237,-10,292,30,237,-5" /><INIT seed="2,0,0,3,1,27" ten="219,227,322,232" oya="2" hai0="73,5,47,16,46,26,6,28,119,12,1,128,25" hai1="121,105,34,31,77,20,76,134,69,117,116,104,7" hai2="95,82,15,103,42,53,11,59,124,62,65,112,113" hai3="126,81,115,8,57,36,92,23,130,51,63,67,10"/><V131/><F124/><W48/><G36/><T135/><D73/><U64/><E7/><V110/><F131/><W97/><G115/><T35/><D47/><U44/><E44/><V68/><F110/><W54/><G126/><T108/><D46/><U111/><E111/><V80/><F42/><W122/><G122/><T75/><D75/><U74/><E121/><V29/><F29/><W2/><G2/><T32/><D108/><U83/><E76/><V21/><F21/><W114/><G114/><T52/><D52/><U88/><E134/><V43/><F43/><W106/><G106/><T129/><D135/><U14/><E14/><V24/><F24/><W38/><G38/><T58/><D58/><U85/><E20/><V9/><F9/><N who="3" m="3691" /><G130/><N who="0" m="50283" /><D119/><U100/><E116/><V4/><F112/><W96/><G81/><T71/><D71/><U0/><E0/><V78/><F113/><W61/><G23/><N who="0" m="11655" /><D1/><U98/><E117/><V49/><F78/><W70/><G70/><T132/><D132/><U55/><E55/><V127/><F127/><W39/><G39/><T40/><D40/><U33/><E105/><V90/><F103/><W89/><G63/><T125/><D125/><U41/><E41/><V107/><F107/><W94/><G54/><T87/><D87/><AGARI ba="0,0" hai="4,11,15,49,53,59,62,65,68,80,82,87,90,95" machi="87" ten="30,1500,0" yaku="7,1" doraHai="27" who="2" fromWho="0" sc="219,-15,227,0,322,15,232,0" /><INIT seed="2,1,0,3,1,56" ten="204,227,337,232" oya="2" hai0="14,62,121,110,52,18,124,114,33,88,34,64,53" hai1="8,39,75,74,94,69,11,30,128,48,49,1,26" hai2="42,95,98,113,78,116,76,12,73,54,3,45,103" hai3="29,28,117,126,101,13,5,71,41,107,57,9,17"/><V58/><F113/><W109/><G71/><T100/><D114/><U24/><E39/><V127/><F3/><W86/><G109/><T6/><D110/><U125/><E69/><V35/><F35/><W99/><G126/><T105/><D121/><U134/><E94/><V102/><F116/><W112/><G112/><T51/><D124/><U23/><E125/><V50/><F127/><W15/><G41/><T43/><D6/><U72/><E134/><V0/><F0/><W7/><G7/><T90/><D34/><U129/><E1/><V84/><F103/><W111/><G111/><T27/><D43/><U68/><E68/><V31/><F31/><W36/><G36/><T89/><D105/><U83/><E83/><V79/><F12/><W4/><G4/><T77/><D100/><U65/><E65/><V135/><F135/><W91/><G57/><N who="0" m="36943" /><D77/><U115/><E115/><V131/><F131/><W2/><G2/><T47/><D33/><U67/><E67/><V10/><F10/><W122/><G122/><T81/><D53/><U38/><E38/><V16/><F73/><W123/><G117/><T80/><D27/><U60/><E75/><V96/><F96/><W25/><G25/><T21/><AGARI ba="1,0" hai="14,18,21,47,51,52,80,81,88,89,90" m="36943" machi="21" ten="30,7900,0" yaku="8,1,52,1,54,2" doraHai="56" who="0" fromWho="0" sc="204,82,227,-21,337,-40,232,-21" /><INIT seed="3,0,0,2,0,4" ten="286,206,297,211" oya="3" hai0="42,94,31,96,124,19,15,64,69,43,0,102,86" hai1="98,104,8,18,125,61,130,119,16,128,117,83,45" hai2="79,76,35,51,70,110,52,41,111,23,81,103,40" hai3="97,2,49,27,126,44,78,56,74,63,91,127,114"/><W46/><G2/><T122/><D122/><U32/><E32/><V62/><F35/><W113/><G74/><T135/><D0/><U24/><E83/><V77/><F103/><W26/><G78/><T9/><D124/><N who="3" m="47657" /><G97/><T112/><D135/><U3/><E125/><V1/><F1/><W71/><G91/><T92/><D31/><U37/><E61/><V5/><F5/><W101/><G101/><T118/><D118/><N who="1" m="45067" /><E104/><V73/><F23/><W11/><G11/><T36/><D36/><U22/><E98/><V95/><F95/><W12/><G12/><T33/><D33/><U6/><E45/><N who="3" m="17514" /><G49/><T123/><D112/><N who="3" m="43113" /><G71/><T100/><D69/><U82/><E37/><V120/><F120/><W53/><AGARI ba="0,0" hai="26,27,53,56,63" m="43113,17514,47657" machi="53" ten="40,2100,0" yaku="18,1" doraHai="4" who="3" fromWho="3" sc="286,-7,206,-7,297,-7,211,21" /><INIT seed="3,1,0,2,1,28" ten="279,199,290,232" oya="3" hai0="39,7,119,120,110,68,15,6,81,95,14,132,25" hai1="63,102,76,74,72,99,115,18,93,58,55,47,54" hai2="52,86,31,57,3,97,77,70,12,69,22,65,85" hai3="94,92,51,4,5,117,112,104,56,106,78,108,101"/><W71/><G71/><T2/><D119/><U45/><E115/><V123/><F3/><W100/><G117/><T34/><D120/><U83/><E74/><V113/><F113/><W130/><G112/><T10/><D68/><U32/><E32/><V111/><F123/><W126/><G126/><T59/><D39/><U88/><E55/><V90/><F111/><W33/><G78/><T127/><D127/><U82/><E82/><V23/><F97/><W11/><G56/><T49/><D132/><U8/><E8/><V53/><F77/><W109/><G51/><T64/><D110/><N who="3" m="42601" /><G33/><T38/><D38/><U29/><E29/><V0/><F0/><W9/><G130/><T40/><D7/><N who="3" m="2633" /><G11/><T87/><D95/><N who="3" m="36393" /><G9/><T121/><D121/><U105/><REACH who="1" step="1"/><E18/><REACH who="1" ten="279,189,290,232" step="2"/><V98/><F31/><W26/><G26/><T84/><D25/><U124/><E124/><V37/><F65/><W103/><AGARI ba="1,1" hai="100,101,103,104,106" m="36393,2633,42601" machi="103" ten="40,12000,1" yaku="28,2,14,1,10,1" doraHai="28" who="3" fromWho="3" sc="279,-41,189,-41,290,-41,232,133" owari="238,-16.0,148,-35.0,249,5.0,365,46.0" /></mjloggm>