<mjloggm ver="2.3"><GO type="225" lobby="0"/><UN n0="%6C%65%74%69%74%62%65" n1="%E3%83%9A%E3%82%B3" n2="%E3%83%88%E3%83%88%E3%83%AA%E5%85%88%E7%94%9F%31%39%E6%AD%B3" n3="%E5%A4%A7%E5%AE%AE%E5%BF%8D%76" dan="16,16,18,16" rate="2143.70,2083.52,2260.45,2137.43" sx="F,M,F,M"/><TAIKYOKU oya="0"/><INIT seed="0,0,0,0,4,11" ten="250,250,250,250" oya="0" hai0="71,76,86,61,106,52,128,135,28,21,9,44,84" hai1="63,36,8,121,48,70,129,101,14,51,67,117,107" hai2="49,105,57,103,53,10,115,118,13,124,97,24,32" hai3="78,31,7,92,94,91,79,4,18,74,5,125,6"/><T66/><D106/><U126/><E121/><V17/><F115/><W93/><N who="3" m="1024" /><DORA hai="20" /><W60/><G125/><T3/><D135/><U16/><E117/><V110/><F124/><W89/><G31/><T132/><D3/><U22/><E126/><V127/><F127/><W81/><G60/><T72/><D132/><U1/><E1/><V34/><F118/><W2/><G2/><T88/><D128/><U77/><E36/><V19/><F110/><W42/><G42/><T33/><D33/><U55/><E129/><V111/><F111/><W0/><G0/><T116/><D9/><U133/><E133/><V131/><F131/><W69/><G69/><T12/><D116/><U59/><E77/><V134/><F134/><W68/><G68/><T47/><D72/><U99/><REACH who="1" step="1"/><E8/><REACH who="1" ten="250,240,250,250" step="2"/><V46/><REACH who="2" step="1"/><F46/><REACH who="2" ten="250,240,240,250" step="2"/><W56/><G79/><T64/><D47/><U45/><E45/><V95/><F95/><W62/><G93/><T96/><D44/><U102/><E102/><V80/><F80/><W50/><G94/><T58/><D76/><U26/><E26/><V123/><F123/><W112/><G92/><T98/><D98/><U122/><E122/><V82/><F82/><W43/><G81/><T90/><D96/><U113/><E113/><V35/><F35/><W114/><G78/><T119/><D119/><U54/><E54/><V100/><F100/><W108/><G112/><T130/><D130/><U73/><E73/><V109/><F109/><W15/><G74/><T120/><D52/><U27/><E27/><V39/><F39/><W38/><G114/><T75/><D75/><RYUUKYOKU ba="0,2" sc="250,-15,240,15,240,15,250,-15" hai1="14,16,22,48,51,55,59,63,67,70,99,101,107" hai2="10,13,17,19,24,32,34,49,53,57,97,103,105" /><INIT seed="1,1,2,5,4,90" ten="235,255,255,235" oya="1" hai0="135,12,19,103,72,17,89,41,0,23,126,120,62" hai1="102,66,110,15,83,37,73,11,123,34,21,93,14" hai2="75,40,132,59,53,128,6,46,25,48,63,32,64" hai3="65,94,8,28,58,60,79,10,104,27,9,122,49"/><U70/><E123/><V80/><F128/><W106/><G122/><T111/><D0/><U33/><E37/><V112/><F132/><W105/><G79/><T107/><D120/><U76/><E110/><V68/><F112/><W88/><G49/><T127/><D111/><U26/><E70/><V129/><F129/><W43/><G43/><T56/><D72/><U38/><E38/><N who="2" m="21783" /><F6/><W121/><G121/><T42/><D135/><U67/><E34/><V4/><F4/><W87/><REACH who="3" step="1"/><G106/><REACH who="3" ten="235,255,255,225" step="2"/><T2/><D107/><U20/><E76/><N who="2" m="44063" /><F32/><AGARI ba="1,3" hai="8,9,10,27,28,32,58,60,65,87,88,94,104,105" machi="32" ten="40,5200,0" yaku="1,1,52,1,54,1,53,0" doraHai="90" doraHaiUra="131" who="3" fromWho="2" sc="235,0,255,0,255,-55,225,85" /><INIT seed="2,0,0,3,5,83" ten="235,255,200,310" oya="2" hai0="94,58,112,67,41,17,127,97,48,78,63,82,64" hai1="30,54,93,8,134,2,43,122,71,114,81,24,100" hai2="37,6,12,52,119,33,79,72,21,121,104,113,101" hai3="77,59,0,27,111,105,62,90,29,108,106,116,25"/><V66/><F113/><W70/><G116/><T115/><D127/><U73/><E71/><V49/><F119/><W18/><G0/><T80/><D67/><U131/><E114/><V57/><F121/><W38/><G38/><T34/><D34/><U107/><E93/><V10/><F33/><W120/><G120/><T50/><D80/><U61/><E43/><V23/><F37/><W130/><G70/><T117/><D117/><U84/><E73/><V129/><F129/><W7/><G7/><T60/><D63/><U53/><E61/><V124/><F124/><W45/><G45/><T91/><D17/><U20/><E134/><V135/><F135/><W89/><G77/><T95/><D95/><U3/><E131/><V85/><F72/><W123/><G123/><T15/><D15/><U42/><E42/><V28/><F28/><W31/><G130/><T68/><D50/><U128/><E128/><V39/><F39/><W4/><G4/><T74/><D68/><U69/><E69/><V16/><F66/><W55/><G18/><T102/><D41/><U19/><E3/><V22/><F101/><W44/><G44/><T98/><D48/><U76/><E122/><V56/><F104/><W125/><G125/><T14/><D115/><U92/><E107/><N who="3" m="40970" /><G29/><T13/><D112/><U88/><E100/><V126/><F126/><W51/><G51/><T75/><D74/><N who="1" m="43159" /><E2/><N who="2" m="343" /><F56/><W9/><G31/><T109/><D109/><N who="3" m="42057" /><G9/><T35/><D35/><N who="1" m="20935" /><E8/><V65/><F65/><W133/><G133/><T1/><D1/><U99/><E20/><N who="2" m="11271" /><F79/><W87/><G90/><T40/><D40/><RYUUKYOKU ba="0,0" sc="235,10,255,-30,200,10,310,10" hai0="13,14,58,60,64,75,78,82,91,94,97,98,102" hai2="21,22,23,49,52,57,85" hai3="25,27,55,59,62,87,89" /><INIT seed="2,1,0,5,0,9" ten="245,225,210,320" oya="2" hai0="73,95,33,99,94,23,104,65,50,42,25,21,37" hai1="107,54,4,79,17,78,90,126,105,108,6,88,46" hai2="11,57,69,76,5,10,125,113,60,127,111,132,0" hai3="77,123,75,44,124,118,86,14,117,58,97,103,41"/><V82/><F113/><W81/><G123/><T112/><D73/><U129/><E108/><V98/><F111/><W22/><G124/><N who="2" m="47689" /><F69/><W56/><G117/><T49/><D37/><U43/><E129/><V2/><F132/><W119/><G119/><T70/><D112/><U18/><E126/><V89/><F98/><W20/><G118/><T85/><D49/><U115/><E115/><V62/><F89/><W83/><G83/><T59/><D94/><U19/><E54/><N who="2" m="33847" /><F62/><W1/><G1/><N who="2" m="617" /><F5/><W66/><G97/><T53/><D99/><U28/><E90/><V91/><F91/><W122/><G103/><T38/><D70/><U13/><E88/><V47/><F47/><W92/><G122/><T130/><D130/><U26/><E46/><V135/><F135/><W30/><G44/><T48/><D95/><U39/><E6/><V134/><F134/><W67/><G92/><T52/><D104/><U34/><E4/><V116/><F116/><W109/><G109/><T106/><D106/><U63/><E107/><V31/><F31/><W64/><G30/><T100/><D100/><U87/><E105/><V27/><F27/><W121/><G121/><T84/><D25/><U16/><E63/><V3/><N who="2" m="625" /><V29/><DORA hai="80" /><F29/><W120/><G120/><T45/><D45/><U68/><E68/><V110/><F110/><W96/><G96/><T15/><D15/><U101/><E101/><V61/><F61/><W55/><G14/><T32/><D38/><U12/><E39/><V72/><AGARI ba="1,0" hai="10,11,72,76,82" m="625,33847,47689" machi="72" ten="50,2400,0" yaku="18,1" doraHai="9,80" who="2" fromWho="2" sc="245,-9,225,-9,210,27,320,-9" /><INIT seed="2,2,0,3,5,53" ten="236,216,237,311" oya="2" hai0="11,8,2,50,51,39,126,69,96,25,28,75,7" hai1="99,32,21,62,58,116,131,72,14,13,82,133,1" hai2="134,79,129,112,67,124,52,66,128,101,122,90,89" hai3="43,12,36,118,87,132,30,123,48,4,114,76,20"/><V31/><F122/><W102/><G118/><T47/><D69/><U73/><E116/><V34/><F112/><W61/><G123/><T23/><D126/><U60/><E32/><V9/><F124/><W88/><G36/><T40/><D96/><U27/><E1/><V19/><F134/><W95/><G132/><T77/><REACH who="0" step="1"/><D8/><REACH who="0" ten="226,216,237,311" step="2"/><U38/><E133/><V81/><F9/><N who="3" m="4135" /><G114/><T83/><AGARI ba="2,1" hai="2,7,11,23,25,28,39,40,47,50,51,75,77,83" machi="83" ten="30,8000,1" yaku="1,1,0,1,25,2,53,1" doraHai="53" doraHaiUra="41" who="0" fromWho="0" sc="226,96,216,-22,237,-42,311,-22" /><INIT seed="3,0,0,4,1,122" ten="322,194,195,289" oya="3" hai0="28,50,7,48,129,104,116,46,87,130,54,83,85" hai1="106,22,58,39,38,16,128,41,70,45,121,94,108" hai2="127,78,103,32,31,102,26,62,115,57,77,105,51" hai3="84,111,65,125,17,5,34,56,120,40,113,1,100"/><W132/><G120/><T14/><D116/><U101/><E121/><V60/><F115/><W19/><G113/><T23/><D104/><U67/><E106/><V109/><F109/><W25/><G40/><T98/><D98/><N who="1" m="59607" /><E70/><V72/><F127/><W74/><G74/><T36/><D36/><U0/><E0/><V27/><F51/><W68/><G125/><T107/><D107/><U75/><E75/><V76/><F72/><W89/><G68/><T69/><D69/><U91/><E39/><V119/><F119/><W24/><G100/><T133/><D133/><U114/><E114/><V126/><F126/><W35/><G1/><T124/><D50/><N who="1" m="26927" /><E108/><V37/><F37/><W30/><G111/><T29/><D85/><U52/><E38/><V12/><F105/><W93/><G5/><T15/><D15/><N who="1" m="9503" /><E128/><N who="0" m="49257" /><D124/><U118/><E118/><V82/><F82/><W92/><G92/><T96/><D96/><U13/><E67/><V59/><F12/><W90/><G90/><N who="0" m="51583" /><D23/><U55/><E58/><V117/><F117/><W73/><G73/><T71/><D71/><U135/><E135/><V112/><F112/><W20/><G132/><T11/><AGARI ba="0,0" hai="7,11,14,28,29,46,48,54" m="51583,49257" machi="11" ten="30,1100,0" yaku="19,1" doraHai="122" who="0" fromWho="0" sc="322,11,194,-3,195,-3,289,-5" owari="333,44.0,191,-31.0,192,-21.0,284,8.0" /></mjloggm>