<mjloggm ver="2.3"><GO type="41" lobby="0"/><UN n0="%E5%B0%B1%E6%B4%BB%E7%94%9F%40%E5%B7%9D%E6%9D%91%E8%BB%8D%E5%9B%A3" n1="%E3%82%8C%E3%81%98%50%EF%BC%8B" n2="%E3%82%A2%E3%83%8F%E3%83%94" n3="%63%68%6F%6E%6A%69" dan="15,13,14,14" rate="1963.12,1994.59,1945.67,1907.59" sx="M,M,M,M"/><TAIKYOKU oya="0"/><INIT seed="0,0,0,1,5,131" ten="250,250,250,250" oya="0" hai0="110,106,89,59,19,13,111,55,35,64,87,29,69" hai1="130,99,32,30,126,132,53,76,42,79,58,109,65" hai2="7,8,10,122,39,60,120,108,125,41,113,97,86" hai3="102,46,94,49,61,21,28,91,85,83,96,103,22"/><T134/><D106/><U4/><E130/><V119/><F113/><W6/><G103/><T82/><D35/><U78/><E109/><N who="0" m="41481" /><D29/><U11/><E126/><V17/><F39/><W56/><G6/><T26/><D26/><U43/><E99/><V75/><F41/><N who="3" m="24783" /><G28/><T57/><D134/><U88/><E65/><AGARI ba="0,0" hai="21,22,56,61,65,83,85,91,94,96,102" m="24783" machi="65" ten="30,1000,0" yaku="8,1" doraHai="131" who="3" fromWho="1" sc="250,0,250,-10,250,0,250,10" /><INIT seed="1,0,0,1,4,67" ten="250,240,250,260" oya="1" hai0="42,105,77,65,17,96,89,64,78,19,51,14,69" hai1="80,100,130,18,32,112,22,21,126,5,88,28,116" hai2="99,53,97,120,33,70,49,71,84,10,98,0,91" hai3="40,118,104,103,24,75,74,83,44,124,30,117,55"/><U108/><E116/><N who="3" m="44650" /><G124/><T59/><D69/><U6/><E112/><V36/><F36/><N who="3" m="21511" /><G83/><T101/><D89/><U7/><E126/><V129/><F120/><W38/><G55/><T72/><D72/><U13/><E130/><V94/><F129/><W37/><G103/><T113/><D113/><U56/><E100/><V29/><F29/><W9/><G9/><T95/><D105/><U85/><E108/><V12/><F0/><W15/><G15/><T47/><D19/><U115/><E115/><V90/><F90/><W1/><G1/><T20/><REACH who="0" step="1"/><D59/><REACH who="0" ten="240,240,250,260" step="2"/><U31/><E56/><V68/><F33/><N who="3" m="20679" /><G104/><T50/><D50/><U81/><E32/><V34/><F34/><W121/><G121/><T2/><D2/><U11/><E81/><V82/><F82/><W131/><G131/><T87/><D87/><U41/><E41/><V35/><F35/><W8/><G75/><T106/><D106/><U127/><E127/><V45/><REACH who="2" step="1"/><F84/><REACH who="2" ten="240,240,240,260" step="2"/><W60/><G74/><T125/><D125/><U92/><E80/><V46/><F46/><W23/><G37/><T133/><D133/><U27/><E31/><V3/><F3/><W135/><G38/><T111/><D111/><U123/><E123/><V128/><F128/><W39/><G39/><T93/><D93/><U52/><E85/><V114/><F114/><W16/><G135/><T66/><AGARI ba="0,2" hai="14,17,20,42,47,51,64,65,66,77,78,95,96,101" machi="66" ten="30,4000,0" yaku="1,1,0,1,8,1,53,0" doraHai="67" doraHaiUra="79" who="0" fromWho="0" sc="240,60,240,-20,240,-10,260,-10" /><INIT seed="2,0,0,1,5,69" ten="300,220,230,250" oya="2" hai0="34,100,85,107,104,103,76,128,131,114,35,31,116" hai1="81,109,122,29,25,39,67,43,37,22,58,96,26" hai2="98,36,101,129,72,18,14,50,6,91,2,1,102" hai3="108,86,130,118,61,52,110,44,124,134,45,30,83"/><V46/><F72/><W27/><G118/><T28/><D114/><U112/><E112/><V75/><F75/><W94/><G94/><T51/><D51/><U33/><E43/><V132/><F129/><N who="0" m="49738" /><D85/><U10/><E10/><V24/><F132/><W133/><G124/><T42/><D42/><U15/><E15/><V64/><F64/><W126/><G126/><T82/><D82/><U63/><E122/><V121/><F121/><W119/><G119/><T7/><D7/><U65/><E109/><N who="3" m="42090" /><G130/><T115/><D76/><U59/><E96/><V13/><F2/><W117/><G117/><T113/><D113/><U8/><E8/><N who="2" m="4247" /><F1/><W20/><G61/><T49/><D49/><U3/><E3/><V11/><F36/><W99/><G99/><T57/><D57/><U71/><E81/><V38/><F38/><W74/><G74/><T56/><D56/><U62/><E71/><V79/><F79/><N who="3" m="46463" /><G52/><T60/><D60/><U68/><E68/><V111/><F98/><W90/><G90/><T127/><D127/><U4/><E4/><V135/><F111/><W23/><G23/><T70/><D70/><U53/><E53/><N who="2" m="29911" /><F91/><W12/><G12/><T21/><D21/><U84/><E84/><V9/><F135/><AGARI ba="0,0" hai="20,27,30,44,45,133,134,135" m="46463,42090" machi="135" ten="30,2000,0" yaku="20,1,14,1" doraHai="69" who="3" fromWho="2" sc="300,0,220,0,230,-20,250,20" /><INIT seed="3,0,0,5,0,10" ten="300,220,210,270" oya="3" hai0="109,102,1,130,53,107,63,92,28,132,35,115,55" hai1="127,17,67,12,5,72,27,33,133,64,120,24,117" hai2="91,2,44,74,6,54,103,46,126,34,101,124,121" hai3="62,52,30,42,131,56,21,118,95,98,83,97,48"/><W125/><G118/><T36/><D36/><U119/><E72/><V116/><F116/><N who="1" m="44617" /><E67/><V51/><F34/><W73/><G131/><T86/><D1/><U9/><E64/><V23/><F74/><W71/><G125/><N who="2" m="48233" /><F121/><W60/><G71/><T93/><D107/><U122/><E127/><V123/><F123/><N who="1" m="47145" /><E133/><V32/><F32/><W135/><G135/><T16/><D28/><N who="1" m="19591" /><E27/><V37/><F23/><W7/><G83/><T3/><D3/><U65/><E65/><V113/><F113/><W11/><G73/><T75/><D35/><U31/><E31/><V4/><F91/><W77/><G77/><T128/><D75/><U14/><E12/><V129/><F129/><W68/><G68/><T80/><D115/><U81/><E81/><V82/><F82/><W100/><G98/><T38/><D38/><U76/><E76/><V112/><F112/><W49/><G62/><T70/><D132/><U43/><E43/><N who="2" m="22639" /><F2/><W111/><G42/><T85/><D102/><AGARI ba="0,0" hai="4,6,46,51,54,101,102,103" m="22639,48233" machi="102" ten="30,1000,0" yaku="18,1" doraHai="10" who="2" fromWho="0" sc="300,-10,220,0,210,10,270,0" /><INIT seed="4,0,0,0,3,98" ten="290,220,220,270" oya="0" hai0="91,63,78,19,113,83,6,102,74,36,93,118,30" hai1="42,105,64,111,103,60,53,51,10,96,11,4,14" hai2="82,65,59,52,104,61,130,127,17,8,125,57,48" hai3="40,71,70,100,45,87,81,50,122,109,15,29,23"/><T99/><D118/><U9/><E111/><V67/><F130/><W46/><G109/><T94/><D36/><U86/><E42/><V123/><F123/><W27/><G122/><T37/><D37/><U135/><E135/><V129/><F129/><W49/><G15/><T7/><D113/><U110/><E86/><V116/><F116/><W47/><G47/><T32/><D19/><U33/><E33/><V21/><F8/><W20/><G20/><T34/><D34/><U101/><E103/><V1/><F1/><W18/><G100/><T115/><D115/><U124/><E124/><N who="2" m="47691" /><F82/><W92/><G92/><T16/><D30/><U117/><E117/><V12/><F104/><W90/><REACH who="3" step="1"/><G29/><REACH who="3" ten="290,220,220,260" step="2"/><T55/><D32/><U134/><E110/><V66/><AGARI ba="0,1" hai="12,17,21,48,52,57,59,61,65,66,67" m="47691" machi="66" ten="30,2000,0" yaku="18,1,54,1" doraHai="98" who="2" fromWho="2" sc="290,-10,220,-5,220,30,260,-5" /><INIT seed="5,0,0,4,2,65" ten="280,215,250,255" oya="1" hai0="19,23,27,124,17,113,93,131,135,132,46,129,104" hai1="9,110,38,71,75,76,35,53,83,12,85,97,42" hai2="8,91,134,14,62,0,123,21,49,67,20,99,70" hai3="88,81,6,105,100,3,101,102,114,77,24,55,122"/><U118/><E118/><V40/><F123/><W74/><G24/><T90/><D104/><U86/><E35/><V44/><F134/><N who="0" m="51242" /><D113/><U94/><E71/><V47/><F0/><W92/><G6/><T117/><D117/><U60/><E110/><V48/><F91/><W1/><G1/><T63/><D63/><U98/><E97/><V107/><F107/><W120/><G3/><T87/><D46/><U30/><E30/><V58/><F99/><N who="3" m="57735" /><G55/><T7/><D7/><U52/><E38/><V59/><F59/><W11/><G11/><T73/><D73/><U34/><E34/><V28/><F28/><W69/><G69/><T36/><D36/><U89/><E42/><V66/><F66/><W54/><G54/><T43/><D43/><U50/><E60/><V22/><F70/><W5/><G5/><T126/><D17/><U108/><E108/><V72/><F72/><W39/><G39/><T80/><D80/><N who="1" m="47239" /><E75/><V32/><F32/><W133/><G133/><T95/><D95/><U13/><E50/><N who="2" m="19563" /><F40/><W16/><G16/><AGARI ba="0,0" hai="8,14,16,20,21,22,44,47,58,62,67" m="19563" machi="16" ten="30,2000,0" yaku="8,1,54,1" doraHai="65" who="2" fromWho="3" sc="280,0,215,0,250,20,255,-20" /><INIT seed="6,0,0,1,5,93" ten="280,215,270,235" oya="2" hai0="19,33,27,73,11,4,41,79,128,83,99,23,21" hai1="0,103,66,131,61,59,32,91,107,16,12,43,82" hai2="8,9,48,60,7,92,85,26,10,3,89,1,127" hai3="28,132,71,108,80,106,54,130,47,114,88,70,55"/><V135/><F127/><W15/><G108/><T44/><D128/><U126/><E0/><V57/><F135/><W31/><G106/><T35/><D23/><U53/><E126/><V84/><F48/><W104/><G104/><T40/><D40/><U67/><E131/><V37/><F37/><W68/><G130/><T39/><REACH who="0" step="1"/><D99/><REACH who="0" ten="270,215,270,235" step="2"/><U63/><E32/><V50/><F9/><W110/><G110/><T46/><D46/><U14/><E43/><V17/><F10/><W123/><G47/><T52/><D52/><U109/><E53/><N who="2" m="33839" /><F8/><W134/><G55/><T94/><D94/><U18/><E109/><V120/><F92/><W77/><G54/><T34/><D34/><U64/><E107/><V65/><F65/><W30/><G134/><T62/><D62/><U101/><E67/><V76/><F1/><AGARI ba="0,1" hai="1,4,11,19,21,27,33,35,39,41,44,73,79,83" machi="1" ten="30,7700,0" yaku="1,1,7,1,25,2,53,0" doraHai="93" doraHaiUra="25" who="0" fromWho="2" sc="270,87,215,0,270,-77,235,0" /><INIT seed="7,0,0,1,1,116" ten="357,215,193,235" oya="3" hai0="77,80,6,26,52,56,58,20,83,101,129,103,85" hai1="90,61,100,130,89,106,29,84,114,60,12,86,16" hai2="32,92,109,54,28,79,88,72,53,105,59,45,64" hai3="43,125,19,50,66,135,48,1,42,15,117,30,41"/><W65/><G117/><T126/><D129/><U113/><E130/><V107/><F109/><W18/><G1/><T93/><D126/><U13/><E29/><V78/><F32/><W98/><G135/><T55/><D6/><U70/><E100/><N who="0" m="38473" /><D93/><U110/><E110/><V99/><F28/><W82/><G30/><N who="0" m="17735" /><D83/><U21/><E106/><V7/><F7/><W25/><G82/><T96/><D96/><U132/><E132/><V75/><F64/><N who="3" m="24683" /><G98/><T73/><D73/><U120/><E120/><V76/><F45/><W134/><G125/><T63/><D58/><U33/><E33/><V124/><F124/><W14/><G25/><T112/><D112/><N who="1" m="43115" /><E70/><V118/><F118/><W127/><G127/><T37/><D37/><U71/><E71/><V133/><F133/><W108/><G108/><T24/><D24/><U68/><E68/><V122/><F122/><W119/><G119/><T10/><D10/><U115/><N who="1" m="43123" /><U17/><DORA hai="27" /><E61/><V91/><F91/><N who="1" m="34825" /><E60/><V97/><F97/><W94/><G94/><T46/><D46/><U57/><E57/><V128/><F128/><W3/><G134/><T104/><D104/><U47/><E47/><V9/><F9/><AGARI ba="0,0" hai="9,12,13,16,17,21,84,86" m="34825,43123" machi="9" ten="40,2600,0" yaku="15,1,54,1" doraHai="116,27" who="1" fromWho="2" sc="357,0,215,26,193,-26,235,0" owari="357,45.0,241,4.0,167,-33.0,235,-16.0" /></mjloggm>