<mjloggm ver="2.3"><GO type="169" lobby="0"/><UN n0="%E7%AB%B9%E7%94%B0%E8%AA%A0%E5%BF%97" n1="%E3%81%AF%E3%81%BF%E3%82%82%E3%82%93" n2="%79%6F%6A%6F" n3="%E3%83%88%E3%83%88%E3%83%AA%E5%85%88%E7%94%9F%31%39%E6%AD%B3" dan="17,17,17,18" rate="2194.76,2177.52,2207.42,2181.43" sx="M,M,F,F"/><TAIKYOKU oya="0"/><INIT seed="0,0,0,5,4,103" ten="250,250,250,250" oya="0" hai0="34,28,16,110,113,29,122,126,63,102,83,105,80" hai1="125,108,54,55,31,96,85,22,111,56,128,6,32" hai2="127,58,79,70,100,77,76,91,86,133,9,60,66" hai3="73,51,93,109,8,42,104,26,68,64,81,19,20"/><T115/><D122/><U92/><E32/><V33/><F33/><W82/><G109/><N who="1" m="42058" /><E6/><V119/><F127/><W46/><G104/><T17/><D110/><U112/><E85/><V10/><F133/><W71/><G93/><T13/><D34/><U78/><E78/><V3/><F100/><W87/><G64/><T124/><D102/><N who="1" m="60679" /><E128/><V47/><F3/><W97/><G97/><T135/><D135/><U18/><E31/><V74/><F74/><W49/><G73/><T44/><D13/><N who="1" m="9551" /><E112/><V1/><F1/><W57/><G81/><T7/><D7/><U25/><E25/><V72/><F72/><W129/><G129/><T59/><D44/><U130/><E130/><V88/><F119/><W106/><G8/><T123/><D123/><U38/><E38/><V99/><F47/><W67/><G87/><T36/><D36/><U2/><E2/><V95/><REACH who="2" step="1"/><F70/><REACH who="2" ten="250,250,240,250" step="2"/><W53/><G71/><T21/><D126/><U23/><E125/><V118/><F118/><W27/><G68/><T101/><D124/><U90/><E56/><V0/><F0/><W84/><G57/><T121/><D59/><U40/><E40/><V35/><F35/><W75/><G75/><T5/><D121/><U11/><E11/><V117/><F117/><W52/><G42/><T12/><D101/><U131/><E131/><V69/><F69/><W24/><G46/><T48/><D115/><U43/><E43/><V61/><F61/><W114/><G114/><T37/><D113/><U30/><E90/><V65/><F65/><W15/><G67/><T89/><D89/><U107/><E107/><RYUUKYOKU ba="0,1" sc="250,-15,250,15,240,15,250,-15" hai1="23,30,54,55" hai2="9,10,58,60,66,76,77,79,86,88,91,95,99" /><INIT seed="1,1,1,5,2,118" ten="235,265,255,235" oya="1" hai0="68,66,9,19,85,86,75,52,107,31,97,30,20" hai1="84,54,5,106,73,128,42,122,48,28,69,8,55" hai2="35,104,16,50,103,112,60,47,32,78,119,65,115" hai3="129,130,113,29,6,81,21,67,38,134,108,18,39"/><U120/><E73/><V79/><F119/><W96/><G113/><N who="2" m="43593" /><F103/><W24/><G108/><T27/><D75/><U71/><E106/><V90/><F90/><W22/><G134/><T117/><D117/><U40/><E28/><V70/><F104/><W121/><G121/><N who="1" m="46698" /><E84/><V102/><F102/><W105/><G105/><T114/><D85/><U135/><E8/><V124/><F16/><W57/><G6/><T11/><D86/><U46/><E5/><V10/><F10/><W80/><G96/><T74/><D74/><U88/><E135/><V3/><F3/><W44/><G18/><T33/><D107/><U36/><E88/><V127/><F35/><W62/><G22/><T37/><D97/><U12/><E128/><V76/><F32/><W72/><G72/><T123/><D123/><U58/><E12/><V43/><AGARI ba="1,1" hai="43,47,50,60,65,70,76,78,79,124,127" m="43593" machi="43" ten="40,1500,0" yaku="11,1" doraHai="118" who="2" fromWho="2" sc="235,-5,265,-8,255,28,235,-5" /><INIT seed="2,0,0,4,0,13" ten="230,257,283,230" oya="2" hai0="119,86,36,91,37,28,77,123,71,47,4,95,102" hai1="61,93,84,83,60,43,103,122,59,7,33,124,115" hai2="31,101,88,18,0,23,30,76,41,21,74,73,108" hai3="55,52,118,80,38,96,99,98,132,87,111,42,22"/><V131/><F0/><W67/><G118/><T107/><D123/><U27/><E115/><V14/><F101/><W129/><G111/><T66/><D119/><U135/><E124/><V64/><F131/><W90/><G129/><T40/><D4/><U45/><E135/><V62/><F41/><W92/><G132/><T79/><D36/><U120/><E7/><V117/><F117/><W50/><G38/><T56/><D71/><U113/><E113/><V53/><F108/><W8/><G67/><T16/><D28/><N who="1" m="19615" /><E59/><V94/><F53/><W65/><G65/><T25/><D102/><U128/><E93/><V39/><F39/><W126/><G126/><T125/><D107/><U17/><E17/><V130/><F130/><W20/><G8/><T35/><D35/><U97/><E97/><N who="3" m="37482" /><G42/><T85/><D85/><U19/><E19/><N who="2" m="10487" /><F76/><N who="3" m="46471" /><G55/><T46/><D125/><U89/><E103/><V5/><F5/><W70/><G70/><T34/><D34/><U15/><E128/><V81/><F81/><W1/><G1/><T110/><D110/><U10/><E43/><V100/><F100/><W116/><G116/><T133/><D133/><U51/><E122/><V109/><F73/><W78/><G78/><N who="0" m="29707" /><D37/><U106/><E106/><V134/><F74/><W82/><G82/><T12/><D40/><N who="1" m="24999" /><E120/><V11/><F134/><W29/><G29/><T24/><D46/><AGARI ba="0,0" hai="20,22,46,50,52,90,92,99" m="46471,37482" machi="46" ten="30,2000,0" yaku="8,1,54,1" doraHai="13" who="3" fromWho="0" sc="230,-20,257,0,283,0,230,20" /><INIT seed="3,0,0,1,4,0" ten="210,257,283,250" oya="3" hai0="8,51,56,15,116,6,112,79,54,45,68,27,90" hai1="23,40,14,97,21,50,43,13,118,120,121,96,34" hai2="77,58,94,41,104,125,101,31,109,71,98,130,3" hai3="7,123,24,29,38,102,72,103,66,113,19,20,30"/><W74/><G113/><T129/><D68/><U73/><E50/><V78/><F71/><W83/><G123/><T131/><D116/><U114/><E34/><V92/><F109/><W91/><G38/><T99/><D112/><U64/><E114/><V46/><F3/><W84/><G66/><T86/><D27/><U135/><E73/><V1/><F1/><W81/><G7/><T117/><D117/><U119/><REACH who="1" step="1"/><E64/><REACH who="1" ten="210,247,283,250" step="2"/><V126/><F126/><W87/><G74/><T44/><D131/><U25/><E25/><V80/><F125/><W60/><G72/><T63/><D129/><U62/><E62/><V95/><F130/><W10/><G60/><T111/><D111/><U67/><E67/><V124/><F124/><W9/><G30/><T37/><D37/><U134/><AGARI ba="0,1" hai="13,14,21,23,40,43,96,97,118,119,120,121,134,135" machi="134" ten="25,6400,0" yaku="1,1,0,1,22,2,53,0" doraHai="0" doraHaiUra="22" who="1" fromWho="1" sc="210,-16,247,74,283,-16,250,-32" /><INIT seed="4,0,0,1,0,71" ten="194,321,267,218" oya="0" hai0="89,84,21,60,45,7,73,55,111,27,1,133,47" hai1="81,78,104,38,127,105,119,59,109,125,6,2,70" hai2="86,130,80,95,41,92,87,22,100,131,19,129,132" hai3="14,28,124,62,34,8,12,39,76,44,97,117,51"/><T91/><D73/><N who="1" m="43215" /><E59/><V96/><F132/><W5/><G117/><T43/><D133/><U123/><E109/><V128/><F41/><W24/><G124/><N who="1" m="47690" /><E70/><V61/><F61/><W106/><G76/><T65/><D111/><U79/><E79/><V74/><F128/><W75/><G75/><T40/><D55/><U33/><E33/><V16/><F74/><W69/><G14/><T37/><D7/><U118/><E38/><V121/><F121/><W52/><G39/><T94/><D1/><U30/><E30/><V102/><F80/><W90/><G106/><N who="1" m="41066" /><E123/><V67/><F67/><W85/><G69/><T82/><D43/><U63/><E63/><V10/><F10/><AGARI ba="0,0" hai="2,6,10,118,119" m="41066,47690,43215" machi="10" ten="30,2000,0" yaku="18,1,23,1" doraHai="71" who="1" fromWho="2" sc="194,0,321,20,267,-20,218,0" /><INIT seed="5,0,0,5,0,7" ten="194,341,247,218" oya="1" hai0="100,120,6,58,85,83,66,81,24,70,28,101,61" hai1="34,11,97,65,55,72,60,131,102,94,130,38,21" hai2="51,59,117,2,9,124,77,109,48,86,44,52,50" hai3="90,129,23,91,12,15,35,96,133,26,135,0,134"/><U75/><E34/><V82/><F117/><W54/><G0/><T20/><D120/><U84/><E38/><V13/><F109/><W92/><G35/><T89/><D6/><U104/><E55/><V19/><F124/><W122/><G122/><T107/><D107/><U29/><E11/><V128/><F128/><N who="1" m="49193" /><E84/><V125/><F125/><W47/><G129/><T112/><D112/><U115/><E104/><V32/><F32/><W123/><G123/><T67/><D70/><N who="1" m="42279" /><E115/><V110/><F2/><W1/><G1/><T95/><D67/><U41/><E41/><V4/><F110/><W56/><G47/><T16/><D28/><U8/><E8/><V57/><F4/><W53/><G53/><T114/><D114/><U18/><E29/><V73/><F73/><W98/><G54/><T46/><D46/><U118/><E118/><V68/><F68/><W119/><G56/><AGARI ba="0,0" hai="9,13,19,44,48,50,51,52,56,57,59,77,82,86" machi="56" ten="40,5200,0" yaku="8,1,52,1,54,1" doraHai="7" who="2" fromWho="3" sc="194,0,341,0,247,52,218,-52" /><INIT seed="6,0,0,2,0,128" ten="194,341,299,166" oya="2" hai0="95,113,7,46,39,127,135,114,104,94,93,62,19" hai1="102,75,10,35,118,119,84,64,129,43,54,78,12" hai2="45,17,85,121,25,20,6,88,53,5,40,87,29" hai3="115,90,117,30,68,38,73,80,92,70,42,0,132"/><V37/><F121/><W66/><G117/><T105/><D7/><U130/><E75/><V56/><F85/><W83/><G0/><T11/><D62/><U1/><E35/><V22/><F22/><W108/><G108/><T98/><D127/><U13/><E64/><V24/><F24/><W111/><G111/><T51/><D39/><U97/><E1/><V27/><F27/><W34/><G30/><T116/><D116/><U131/><E43/><V16/><F6/><W67/><G34/><T124/><D124/><U134/><E13/><V31/><F17/><W81/><G73/><T86/><D86/><U21/><E21/><V36/><F36/><W96/><G115/><N who="0" m="44043" /><D98/><U9/><E12/><V52/><F53/><W18/><G18/><T72/><D72/><U8/><E54/><V28/><F5/><W14/><G14/><N who="0" m="7647" /><D135/><U41/><E134/><V107/><F107/><W44/><REACH who="3" step="1"/><G132/><REACH who="3" ten="194,341,299,156" step="2"/><T109/><D109/><U123/><E118/><V106/><F31/><W133/><G133/><T125/><D125/><U89/><E119/><V77/><F29/><W48/><G48/><T60/><D60/><U65/><E130/><V101/><F28/><W69/><AGARI ba="0,1" hai="38,42,44,66,67,68,69,70,80,81,83,90,92,96" machi="69" ten="40,2700,0" yaku="1,1,0,1,53,0" doraHai="128" doraHaiUra="26" who="3" fromWho="3" sc="194,-7,341,-7,299,-13,156,37" /><INIT seed="7,0,0,5,3,134" ten="187,334,286,193" oya="3" hai0="130,64,71,87,102,45,50,112,15,4,79,55,74" hai1="47,44,63,80,84,20,14,52,1,46,17,89,92" hai2="8,38,99,128,120,57,107,111,59,39,32,127,0" hai3="3,116,109,5,125,103,129,98,43,27,11,72,60"/><W23/><G116/><T77/><D74/><U18/><E1/><V86/><F111/><W101/><G72/><T51/><D102/><U121/><E121/><V78/><F32/><W118/><G118/><T75/><D75/><U31/><E31/><V54/><F59/><W21/><G109/><T62/><D130/><U29/><E29/><V132/><F132/><W41/><G129/><T42/><D112/><U70/><E70/><V6/><F120/><W76/><G76/><T2/><D2/><U88/><E18/><V73/><F73/><W100/><G98/><T7/><D87/><N who="1" m="52287" /><E63/><V24/><F24/><W34/><G34/><T53/><D42/><U96/><E96/><V123/><F123/><W68/><G125/><T122/><D122/><U104/><E104/><V66/><F66/><W49/><G49/><AGARI ba="0,0" hai="14,17,20,44,46,47,49,52,80,84,88" m="52287" machi="49" ten="30,3900,0" yaku="8,1,54,2" doraHai="134" who="1" fromWho="3" sc="187,0,334,39,286,0,193,-39" owari="187,-21.0,373,47.0,286,9.0,154,-35.0" /></mjloggm>