<mjloggm ver="2.3"><GO type="97" lobby="0"/><UN n0="%E3%82%B7%E3%83%B3%E3%83%9C%E3%83%AA%E5%85%BC%E5%AD%90" n1="%E5%B0%B1%E6%B4%BB%E7%94%9F%40%E5%B7%9D%E6%9D%91%E8%BB%8D%E5%9B%A3" n2="%E5%B9%B3%E5%AE%B6%E3%81%AE%E8%90%BD%E4%BA%BA" n3="%E6%AC%A1%E5%85%83%E5%B9%B2%E6%B8%89" dan="13,14,15,14" rate="1892.28,1933.69,1921.30,1951.14" sx="M,M,F,M"/><TAIKYOKU oya="0"/><INIT seed="0,0,0,1,3,33" ten="250,250,250,250" oya="0" hai0="94,123,116,79,50,22,80,75,10,86,103,15,70" hai1="67,95,21,68,12,14,18,92,9,117,56,84,90" hai2="39,16,72,124,5,30,41,20,6,40,74,55,3" hai3="52,61,62,37,65,31,44,101,57,38,11,133,100"/><T13/><D123/><U7/><E117/><V48/><F30/><W66/><G31/><T78/><D116/><U60/><REACH who="1" step="1"/><E68/><REACH who="1" ten="250,240,250,250" step="2"/><V89/><F124/><W114/><G114/><T105/><D70/><U43/><E43/><V122/><F122/><W36/><G133/><T102/><D75/><U35/><E35/><V96/><F72/><W1/><G44/><T134/><D134/><U82/><AGARI ba="0,1" hai="7,9,12,14,18,21,56,60,67,82,84,90,92,95" machi="82" ten="20,5200,0" yaku="1,1,0,1,7,1,8,1,53,0" doraHai="33" doraHaiUra="51" who="1" fromWho="1" sc="250,-26,240,62,250,-13,250,-13" /><INIT seed="1,0,0,0,5,110" ten="224,302,237,237" oya="1" hai0="30,49,115,72,83,63,10,87,71,12,20,47,121" hai1="70,19,2,86,65,51,6,74,8,79,100,32,56" hai2="124,41,61,40,116,96,103,119,106,68,43,4,126" hai3="67,127,108,0,128,90,125,14,62,33,99,1,92"/><U13/><E32/><V104/><F104/><W7/><G33/><T81/><D72/><U25/><E74/><V24/><F4/><W42/><G108/><T53/><D121/><U88/><E70/><V94/><F94/><W85/><G128/><T38/><D38/><U122/><E122/><V105/><F105/><W101/><G42/><T28/><D115/><U64/><E79/><V130/><F130/><W29/><G29/><T107/><D107/><U36/><E36/><V23/><F68/><W17/><G7/><T27/><D30/><U76/><E76/><V135/><F61/><W59/><G17/><T35/><D35/><U45/><E100/><V113/><F135/><W48/><G14/><T5/><D87/><U77/><E77/><V98/><F98/><W80/><REACH who="3" step="1"/><G48/><REACH who="3" ten="224,302,237,227" step="2"/><T134/><REACH who="0" step="1"/><D134/><REACH who="0" ten="214,302,237,227" step="2"/><U11/><E25/><V109/><F109/><W73/><G73/><T111/><D111/><U131/><E131/><V9/><F24/><W22/><G22/><T93/><D93/><U95/><E8/><V120/><F9/><W52/><G52/><T50/><D50/><U15/><E51/><V75/><F75/><W55/><G55/><T39/><D39/><U129/><E11/><V82/><F23/><W84/><G84/><T114/><D114/><U3/><E95/><V57/><F113/><W123/><G123/><T31/><D31/><U46/><E86/><V91/><F120/><W26/><G26/><T78/><D78/><U44/><E129/><V60/><F116/><W34/><G34/><T54/><D54/><U66/><E66/><AGARI ba="0,2" hai="5,10,12,20,27,28,47,49,53,63,66,71,81,83" machi="66" ten="40,1300,0" yaku="1,1,53,0" doraHai="110" doraHaiUra="118" who="0" fromWho="1" sc="214,33,302,-13,237,0,227,0" /><INIT seed="2,0,0,4,2,52" ten="247,289,237,227" oya="2" hai0="113,103,18,108,100,99,112,19,122,132,69,106,79" hai1="89,15,119,124,63,57,111,55,16,65,21,129,84" hai2="134,94,47,101,22,38,1,107,25,82,64,102,98" hai3="49,125,115,3,48,126,34,121,97,54,10,127,128"/><V133/><F1/><W7/><G34/><T62/><D122/><U2/><E119/><V32/><F32/><W36/><G36/><T73/><D108/><U61/><E2/><V110/><F110/><W123/><G128/><T39/><D103/><U41/><E129/><V0/><F0/><W51/><G115/><T116/><D132/><N who="2" m="50794" /><F82/><W88/><G54/><T80/><D116/><U71/><E111/><V44/><F64/><W72/><G72/><T74/><D73/><U75/><E75/><V20/><F38/><W58/><G58/><T76/><D79/><U31/><E124/><V68/><F68/><W29/><G29/><T59/><D39/><U26/><E41/><V85/><F20/><W8/><G8/><T17/><REACH who="0" step="1"/><D69/><REACH who="0" ten="237,289,237,227" step="2"/><U13/><E31/><N who="2" m="17847" /><F102/><W96/><G88/><AGARI ba="0,1" hai="44,47,85,88,94,98,101,107" m="17847,50794" machi="88" ten="30,2900,0" yaku="20,1,54,1" doraHai="52" who="2" fromWho="3" sc="237,0,289,0,237,39,227,-29" /><INIT seed="2,1,0,3,1,59" ten="237,289,276,198" oya="2" hai0="132,103,108,19,42,83,33,105,124,125,69,0,54" hai1="14,47,36,79,23,85,93,84,64,55,37,71,88" hai2="114,51,101,113,98,80,57,92,130,65,9,109,68" hai3="1,17,67,27,74,77,119,118,120,90,10,18,24"/><V15/><F130/><W2/><G74/><T38/><D33/><U43/><E37/><V70/><F109/><W28/><G77/><T53/><D0/><N who="3" m="105" /><G90/><T104/><D108/><U75/><E75/><V61/><F70/><W87/><G87/><T96/><D83/><U26/><E14/><V32/><F32/><N who="3" m="20487" /><G67/><T34/><D132/><U56/><E64/><V102/><F102/><W107/><G107/><N who="0" m="63975" /><D34/><U129/><E71/><V20/><F80/><W46/><G46/><N who="0" m="23895" /><D19/><N who="3" m="7177" /><G120/><T127/><D69/><U121/><E129/><V8/><F68/><W16/><G10/><T89/><D89/><U31/><E121/><V5/><F8/><W6/><G6/><T111/><D111/><U44/><E44/><V12/><F51/><W99/><G99/><T95/><D95/><U134/><E134/><V49/><F49/><W116/><N who="3" m="7185" /><AGARI ba="1,0" hai="5,9,12,15,16,20,57,61,65,92,98,101,113,114" machi="16" ten="40,7700,0" yaku="3,1,52,1,54,1" doraHai="59" who="2" fromWho="3" sc="237,0,289,0,276,80,198,-80" /><INIT seed="2,2,0,2,1,62" ten="237,289,356,118" oya="2" hai0="102,43,129,10,15,24,29,76,66,112,60,58,39" hai1="80,19,40,90,7,81,42,103,109,25,69,63,111" hai2="37,48,88,82,106,123,21,30,54,9,118,73,65" hai3="20,57,115,49,12,17,78,59,64,33,105,93,135"/><V133/><F118/><W119/><G119/><T46/><D112/><U8/><E103/><V11/><F123/><W87/><G135/><T91/><D129/><U0/><E25/><V104/><F37/><W67/><G105/><T3/><D3/><U27/><E27/><V34/><F34/><W55/><G33/><T96/><D91/><U120/><E120/><V127/><F133/><W128/><G128/><T28/><D76/><U124/><E19/><V38/><F38/><W2/><G2/><T94/><REACH who="0" step="1"/><D24/><REACH who="0" ten="227,289,356,118" step="2"/><U68/><E124/><V75/><F88/><N who="3" m="53407" /><G115/><T110/><D110/><U1/><E90/><V79/><F127/><W98/><G78/><T14/><D14/><U50/><E0/><V26/><F26/><W31/><G98/><T74/><D74/><U56/><E109/><V89/><F89/><W99/><G99/><T107/><D107/><U36/><E111/><V72/><F72/><W18/><G18/><AGARI ba="2,1" hai="10,15,18,28,29,39,43,46,58,60,66,94,96,102" machi="18" ten="30,3900,0" yaku="1,1,7,1,52,1,53,0" doraHai="62" doraHaiUra="85" who="0" fromWho="3" sc="227,55,289,0,356,0,118,-45" /><INIT seed="3,0,0,4,2,90" ten="282,289,356,73" oya="3" hai0="81,124,34,131,106,27,47,82,20,111,31,32,65" hai1="127,79,22,129,103,93,107,52,110,10,8,104,39" hai2="112,23,37,100,97,7,94,19,28,125,0,122,73" hai3="71,109,25,60,83,78,113,118,40,96,36,58,101"/><W86/><G118/><T55/><D106/><U13/><E39/><V121/><F125/><W132/><G113/><T17/><D124/><U92/><E127/><V114/><F37/><W108/><G132/><T35/><D111/><N who="3" m="42569" /><G71/><T11/><D131/><U67/><E67/><V2/><F73/><W74/><G25/><T130/><D130/><U5/><E110/><V80/><F28/><W64/><G36/><T12/><D65/><U133/><E129/><V88/><F7/><W134/><G134/><T84/><D84/><U99/><E133/><V24/><F100/><W123/><G40/><T62/><D62/><U69/><E69/><V117/><F80/><W50/><G50/><T18/><REACH who="0" step="1"/><D18/><REACH who="0" ten="272,289,356,73" step="2"/><U70/><E107/><V46/><F117/><W1/><G123/><N who="2" m="47113" /><F46/><W126/><G126/><T115/><D115/><AGARI ba="0,1" hai="0,2,19,23,24,88,94,97,112,114,115" m="47113" machi="115" ten="30,3900,0" yaku="13,1,52,1,54,1" doraHai="90" who="2" fromWho="0" sc="272,-39,289,0,356,49,73,0" owari="233,-17.0,289,9.0,405,51.0,73,-43.0" /></mjloggm>