<mjloggm ver="2.3"><GO type="169" lobby="0"/><UN n0="%E5%A4%95%E5%87%AA" n1="%E9%9B%B2%E5%B1%B1" n2="%E3%82%A6%E3%83%AB%E3%83%88%E3%83%A9%E7%AB%8B%E7%9B%B4" n3="%E5%89%8D%E6%88%AF%33%30%E5%88%86" dan="16,16,16,18" rate="2068.05,2011.38,2128.83,2249.36" sx="M,F,M,M"/><TAIKYOKU oya="0"/><INIT seed="0,0,0,2,1,131" ten="250,250,250,250" oya="0" hai0="88,135,49,45,30,43,132,35,5,7,54,111,92" hai1="134,94,121,106,32,57,118,112,16,74,79,60,84" hai2="11,50,90,123,40,46,97,44,12,6,75,27,104" hai3="76,80,62,69,110,52,86,14,23,89,77,107,39"/><T126/><D126/><U68/><E118/><V51/><F123/><W48/><G39/><T124/><D124/><U119/><E119/><V58/><F75/><W37/><G37/><T65/><D111/><U9/><E121/><V103/><F27/><W127/><G107/><T73/><D73/><U25/><E106/><V18/><F58/><W72/><G110/><T99/><D65/><U31/><E68/><V41/><REACH who="2" step="1"/><F90/><REACH who="2" ten="250,250,240,250" step="2"/><W70/><G127/><T56/><D35/><U117/><E57/><V78/><F78/><W133/><G69/><T36/><REACH who="0" step="1"/><D30/><REACH who="0" ten="240,250,240,250" step="2"/><U28/><E31/><V105/><F105/><W83/><G72/><T115/><D115/><U122/><E28/><V130/><F130/><W42/><G70/><T91/><D91/><U101/><E112/><V108/><F108/><W34/><G89/><T114/><D114/><U4/><E74/><V19/><AGARI ba="0,2" hai="6,11,12,18,19,40,41,44,46,50,51,97,103,104" machi="19" ten="30,8000,1" yaku="1,1,0,1,9,1,53,2" doraHai="131" doraHaiUra="13" who="2" fromWho="2" sc="240,-40,250,-20,240,100,250,-20" /><INIT seed="1,0,0,2,4,84" ten="200,230,340,230" oya="1" hai0="109,85,44,57,42,28,69,83,39,114,97,87,32" hai1="3,130,26,102,75,93,62,60,64,128,91,72,86" hai2="59,124,30,106,108,120,53,46,132,134,71,5,123" hai3="88,100,79,78,73,34,129,14,47,82,119,37,107"/><U121/><E121/><V23/><F71/><W103/><G34/><T18/><D114/><U95/><E3/><V55/><F106/><W92/><G119/><T117/><D117/><U67/><E26/><V58/><F5/><W111/><G111/><T6/><D69/><U22/><E22/><V94/><F94/><W31/><G31/><T122/><D122/><U24/><E24/><V70/><F23/><W50/><G37/><T104/><D18/><U21/><E21/><V76/><F76/><W112/><G112/><T131/><D6/><U4/><E4/><V51/><F30/><W125/><G125/><T27/><D109/><U11/><E11/><V98/><F98/><W81/><G14/><T101/><D131/><U118/><E118/><V20/><F20/><W105/><G129/><N who="1" m="49770" /><E62/><V52/><F108/><W133/><G133/><N who="2" m="51305" /><F124/><W49/><G47/><T89/><D57/><N who="2" m="21514" /><F70/><W115/><G115/><T90/><D87/><U135/><E135/><V80/><F80/><W8/><G8/><T116/><REACH who="0" step="1"/><D116/><REACH who="0" ten="190,230,340,230" step="2"/><U96/><E60/><V36/><F123/><W9/><G73/><AGARI ba="0,1" hai="64,67,72,73,75,86,91,93,95,96,102" m="49770" machi="73" ten="30,2900,0" yaku="19,1,52,1" doraHai="84" who="1" fromWho="3" sc="190,0,230,39,340,0,230,-29" /><INIT seed="1,1,0,3,1,65" ten="190,269,340,201" oya="1" hai0="106,111,43,126,71,38,129,13,74,92,81,109,30" hai1="8,132,25,10,35,34,73,91,93,61,105,96,49" hai2="115,9,130,125,124,55,77,95,135,15,19,128,6" hai3="120,113,114,134,102,22,51,78,63,104,50,46,66"/><U45/><E73/><V72/><F115/><W32/><G120/><T53/><D106/><U4/><E132/><V56/><F95/><W84/><G134/><T12/><D30/><U23/><E105/><V17/><F135/><W98/><G32/><T47/><D129/><N who="2" m="49770" /><F77/><W24/><G50/><T36/><D36/><U64/><E25/><V16/><F72/><W26/><G26/><T108/><D126/><N who="2" m="48746" /><F56/><W116/><G116/><T0/><D0/><U2/><E23/><N who="2" m="11679" /><F55/><W76/><G84/><T33/><D53/><U48/><E49/><V80/><F80/><W110/><G76/><N who="0" m="44183" /><D92/><U7/><E48/><V133/><F133/><W89/><G89/><T70/><D33/><U59/><E45/><V123/><F123/><W62/><G78/><T5/><D13/><AGARI ba="1,0" hai="2,4,7,8,10,13,34,35,59,61,64,91,93,96" machi="13" ten="30,1500,0" yaku="7,1" doraHai="65" who="1" fromWho="0" sc="190,-18,269,18,340,0,201,0" /><AGARI ba="1,0" hai="6,9,13,17,19" m="11679,48746,49770" machi="13" ten="30,8000,1" yaku="19,1,18,1,34,2,54,1" doraHai="65" who="2" fromWho="0" sc="172,-80,287,0,340,80,201,0" /><INIT seed="1,2,0,1,2,29" ten="92,287,420,201" oya="1" hai0="127,103,80,107,86,91,118,126,101,27,76,94,15" hai1="65,47,20,60,66,56,53,95,1,45,74,67,92" hai2="19,36,8,133,58,62,17,81,24,93,99,23,48" hai3="112,9,128,38,55,26,120,5,71,83,77,44,51"/><U100/><E74/><V49/><F36/><W102/><G120/><T4/><D4/><U135/><E135/><V121/><F121/><W21/><G128/><T122/><D122/><U113/><E1/><V79/><F133/><W89/><G71/><T69/><D69/><U63/><E113/><V106/><F106/><W98/><G38/><T16/><D27/><U57/><E20/><V7/><F19/><W11/><G89/><T97/><D118/><U134/><E134/><V129/><F129/><W114/><G5/><T130/><D130/><U28/><E28/><V88/><F81/><W115/><G26/><T119/><D119/><U124/><E124/><V37/><F37/><W78/><G21/><T2/><D2/><U50/><E100/><V30/><F79/><N who="3" m="30219" /><G83/><T61/><D61/><U132/><E132/><V90/><F90/><W123/><G123/><T75/><D103/><U31/><E31/><V32/><F32/><W3/><G3/><T116/><D116/><U41/><REACH who="1" step="1"/><E45/><REACH who="1" ten="92,277,420,201" step="2"/><V85/><F30/><W96/><G112/><T6/><D6/><U111/><E111/><V64/><F7/><W59/><G114/><T131/><D131/><U84/><E84/><V18/><F85/><W34/><G115/><T35/><D35/><U52/><AGARI ba="2,1" hai="41,47,50,52,53,56,57,60,63,65,66,67,92,95" machi="52" ten="30,12000,1" yaku="1,1,0,1,9,1,8,1,54,1,53,0" doraHai="29" doraHaiUra="105" who="1" fromWho="1" sc="92,-42,277,136,420,-42,201,-42" /><INIT seed="1,3,0,1,1,99" ten="50,413,378,159" oya="1" hai0="126,76,45,79,23,109,51,2,31,100,47,11,53" hai1="122,54,83,68,81,15,56,55,103,61,24,105,117" hai2="36,115,65,17,88,80,8,46,127,63,21,71,73" hai3="106,67,120,129,118,116,33,0,25,133,123,57,30"/><U62/><E122/><V72/><F127/><W94/><G106/><T104/><D126/><U132/><E132/><V32/><F32/><W7/><G94/><T75/><D109/><U14/><E117/><N who="3" m="45162" /><G67/><T22/><D2/><U113/><E113/><V70/><F71/><W64/><G64/><T134/><D134/><U44/><E24/><V121/><F121/><N who="3" m="46667" /><G57/><T40/><D11/><U42/><E68/><V37/><F8/><N who="3" m="2151" /><G133/><T12/><D75/><U86/><E56/><V9/><F65/><W78/><G78/><T90/><D90/><U39/><E105/><V91/><F88/><W85/><G85/><T5/><D104/><U50/><E86/><V111/><F91/><W41/><G41/><T69/><D69/><U128/><E42/><V97/><F70/><W29/><G29/><T124/><D100/><U66/><E44/><V4/><F46/><W38/><G38/><T102/><D102/><U112/><E39/><V59/><F37/><W13/><G13/><T84/><D124/><U130/><E14/><V119/><F36/><W3/><G3/><T58/><D31/><U43/><E15/><V77/><F119/><W10/><G10/><N who="0" m="4175" /><D45/><U135/><E135/><V1/><F72/><W92/><G92/><T48/><D79/><U125/><E66/><V16/><F77/><W96/><G96/><T110/><D110/><U108/><E108/><V114/><F111/><W101/><G101/><T27/><D76/><U49/><E103/><V6/><F97/><W87/><G87/><T98/><D84/><U93/><E125/><V35/><F73/><W95/><G95/><RYUUKYOKU ba="3,0" sc="50,-10,413,-10,378,-10,159,30" hai3="25,30,33,129" /><INIT seed="2,4,0,4,2,94" ten="40,403,368,189" oya="2" hai0="49,54,122,17,41,79,24,112,107,18,19,128,71" hai1="3,126,82,85,93,36,129,133,60,106,47,1,42" hai2="29,74,109,44,86,7,69,124,105,89,103,81,6" hai3="62,84,39,95,16,87,13,100,101,118,73,40,34"/><V58/><F69/><W97/><G118/><T0/><D122/><U102/><E133/><V111/><F124/><W25/><G73/><T116/><D112/><U114/><E106/><V28/><F44/><W14/><G14/><T131/><D0/><U22/><E129/><N who="0" m="49737" /><D116/><U135/><E135/><V59/><F74/><W52/><G40/><T23/><D71/><U70/><E114/><V31/><F103/><W88/><G39/><T26/><D79/><U130/><E126/><V90/><F105/><W120/><G120/><T76/><D76/><U53/><E70/><V134/><F134/><W61/><G34/><T48/><D107/><U20/><E3/><V11/><F89/><W72/><G25/><N who="0" m="9835" /><D41/><U99/><E1/><V33/><F33/><W91/><G72/><T35/><D35/><U21/><E130/><V75/><F75/><W46/><G100/><T12/><D49/><U38/><E36/><V96/><F6/><W10/><G91/><T27/><N who="0" m="9843" /><T127/><DORA hai="121" /><D127/><U67/><E38/><V5/><F5/><W104/><G87/><T83/><D83/><U51/><E42/><V108/><F96/><W65/><G65/><T77/><D77/><U9/><E67/><V132/><F132/><W8/><G8/><T119/><D119/><U30/><E9/><V110/><N who="2" m="27648" /><DORA hai="98" /><V55/><F55/><W68/><G68/><T57/><AGARI ba="4,0" hai="12,17,18,19,23,48,54,57" m="9843,49737" machi="57" ten="40,1500,0" yaku="19,1" doraHai="94,121,98" who="0" fromWho="0" sc="40,27,403,-8,368,-11,189,-8" /><INIT seed="3,0,0,1,2,74" ten="67,395,357,181" oya="3" hai0="46,56,48,12,116,101,19,76,73,132,18,39,96" hai1="90,130,52,99,122,21,25,5,27,13,61,98,41" hai2="114,111,133,16,17,93,51,40,126,110,47,89,32" hai3="104,109,37,113,1,43,10,135,31,87,112,69,68"/><W7/><G87/><T127/><D116/><U14/><E122/><V97/><F114/><W4/><G4/><T11/><D132/><U125/><E125/><V124/><F32/><W119/><G119/><T83/><D127/><N who="2" m="48682" /><F133/><W8/><G8/><T121/><D39/><U58/><E130/><V54/><F40/><W66/><G135/><T91/><D56/><U79/><E41/><V64/><F64/><W75/><G104/><T55/><D121/><U34/><E34/><V6/><F6/><W120/><G31/><T106/><REACH who="0" step="1"/><D91/><REACH who="0" ten="57,395,357,181" step="2"/><U42/><E90/><V67/><F67/><W33/><G120/><T62/><D62/><U78/><E61/><V44/><F44/><W131/><G112/><T24/><D24/><U82/><E25/><V92/><F110/><W100/><G109/><T129/><D129/><U36/><E27/><V85/><F111/><W23/><G131/><T49/><D49/><U20/><E58/><V2/><F2/><W22/><G113/><T30/><D30/><U108/><E108/><V63/><F63/><W84/><G1/><T50/><D50/><U0/><E0/><V72/><F47/><W86/><G37/><T95/><D95/><U57/><E57/><V60/><F51/><W59/><G59/><T9/><D9/><U29/><E36/><V71/><F60/><W80/><G10/><T53/><D53/><U38/><E38/><V3/><F54/><W77/><G66/><T26/><D26/><U118/><E52/><V102/><F3/><W107/><G107/><T65/><D65/><U15/><E118/><V123/><F123/><RYUUKYOKU ba="0,1" sc="57,30,395,-10,357,-10,181,-10" hai0="11,12,18,19,46,48,55,73,76,83,96,101,106" /><INIT seed="4,1,1,3,0,68" ten="87,385,347,171" oya="0" hai0="0,30,116,85,1,130,4,117,25,109,95,35,49" hai1="37,55,34,83,87,102,65,11,99,19,17,115,54" hai2="7,104,71,50,53,124,73,132,45,108,62,40,114" hai3="52,96,82,32,93,26,28,10,12,16,81,88,103"/><T78/><D78/><U75/><E34/><V61/><F108/><W101/><G103/><T47/><D109/><U44/><E75/><V57/><F73/><W74/><G74/><T36/><D130/><U120/><E120/><V113/><F104/><W64/><G64/><T2/><D4/><U70/><E115/><N who="2" m="44043" /><F7/><W105/><REACH who="3" step="1"/><G52/><REACH who="3" ten="87,385,347,161" step="2"/><T133/><D133/><U59/><E55/><V15/><F132/><W92/><G92/><T20/><D117/><U5/><E54/><V118/><F118/><W125/><G125/><T66/><D116/><U39/><E65/><N who="2" m="41399" /><F15/><W79/><G79/><T126/><D66/><U127/><E127/><AGARI ba="1,2" hai="40,45,50,53,57,61,124,127" m="41399,44043" machi="127" ten="30,3900,0" yaku="15,1,34,2" doraHai="68" who="2" fromWho="1" sc="87,0,385,-42,347,62,161,0" /><INIT seed="5,0,0,3,3,112" ten="87,343,409,161" oya="1" hai0="5,46,114,125,8,86,123,12,31,81,90,111,9" hai1="64,98,115,17,54,76,42,109,94,127,128,50,118" hai2="43,80,95,102,96,91,134,16,62,13,47,10,106" hai3="2,101,23,84,105,40,52,1,89,7,70,71,108"/><U99/><E115/><V57/><F134/><W100/><G108/><T79/><D114/><U85/><E109/><V58/><F80/><W130/><G40/><T44/><D111/><U117/><E42/><V39/><REACH who="2" step="1"/><F62/><REACH who="2" ten="87,343,399,161" step="2"/><W29/><G130/><T68/><D81/><U33/><E128/><V20/><F20/><W120/><G23/><T103/><D9/><U32/><E33/><V18/><F18/><W87/><G29/><T133/><D8/><U30/><E32/><V3/><F3/><W4/><G1/><T25/><D31/><U14/><E30/><V74/><F74/><W35/><G35/><T66/><D133/><U119/><E127/><V69/><F69/><W129/><G2/><T67/><D125/><U34/><E34/><V19/><F19/><W93/><G70/><T131/><D68/><U36/><E17/><V124/><F124/><W60/><G60/><T24/><D131/><U83/><E83/><V121/><F121/><W56/><G71/><T28/><D28/><U15/><E117/><V63/><F63/><N who="3" m="36231" /><G129/><T0/><D0/><U37/><E119/><V107/><F107/><W59/><G105/><T45/><D123/><U113/><E118/><V53/><F53/><W88/><G120/><T27/><D67/><U73/><E64/><V77/><F77/><W135/><G135/><T116/><D79/><U61/><E61/><V72/><F72/><W6/><G59/><T75/><D75/><U126/><E73/><V48/><F48/><W97/><G6/><T11/><D116/><U132/><E132/><V104/><F104/><W92/><G4/><RYUUKYOKU ba="0,1" sc="87,-10,343,-10,399,30,161,-10" hai2="10,13,16,39,43,47,57,58,91,95,96,102,106" /><INIT seed="6,1,1,4,3,27" ten="77,333,429,151" oya="2" hai0="121,58,10,75,88,8,87,112,104,37,7,32,62" hai1="72,49,98,83,35,63,6,78,100,71,1,53,56" hai2="64,4,2,52,97,25,82,12,76,42,94,133,110" hai3="28,91,61,24,60,39,124,113,118,69,95,19,129"/><V65/><F133/><W22/><G118/><T66/><D121/><U73/><E35/><V92/><F2/><W70/><G39/><T29/><D75/><U38/><E38/><V125/><F125/><W116/><G116/><T101/><D37/><U89/><E89/><V13/><F42/><W9/><G124/><T77/><D77/><U108/><E108/><V81/><F110/><W36/><G36/><T115/><D101/><U0/><E73/><V45/><F25/><W126/><G70/><T96/><D96/><U93/><E6/><V107/><F107/><W48/><G69/><T122/><D104/><U134/><E134/><V128/><F128/><W80/><G80/><N who="2" m="30825" /><F94/><W21/><G9/><T54/><D10/><U40/><E40/><V47/><F76/><W131/><G113/><T50/><D122/><U86/><E72/><V3/><F3/><W16/><G126/><T85/><D32/><U51/><E71/><V31/><F31/><W120/><G28/><T59/><D29/><U44/><E51/><N who="2" m="28783" /><F47/><W132/><G132/><T111/><D111/><U5/><E5/><V79/><F79/><W99/><G120/><T57/><D57/><U55/><AGARI ba="1,1" hai="0,1,44,49,53,55,56,63,78,83,86,93,98,100" machi="55" ten="20,1500,0" yaku="0,1,7,1" doraHai="27" who="1" fromWho="1" sc="77,-5,333,28,429,-8,151,-5" /><INIT seed="7,0,0,4,1,0" ten="72,361,421,146" oya="3" hai0="20,99,92,86,53,37,15,107,128,45,101,9,58" hai1="62,50,111,18,73,87,123,72,63,25,115,8,71" hai2="120,11,104,38,106,121,2,113,77,95,30,6,32" hai3="132,83,52,127,118,31,65,22,91,59,102,23,122"/><W84/><G122/><N who="2" m="47209" /><F113/><W3/><G118/><T60/><D128/><U70/><E123/><V46/><F77/><W35/><G132/><T49/><D37/><U40/><E115/><V79/><F79/><W16/><G127/><T82/><D107/><N who="2" m="41002" /><F95/><W55/><G3/><T67/><D20/><U13/><E111/><V124/><F124/><W117/><G102/><T34/><D34/><U26/><E71/><V110/><F110/><W28/><G35/><T47/><D67/><U14/><E87/><V17/><F17/><W36/><G36/><T114/><D60/><U133/><E133/><V24/><F46/><W105/><G105/><T29/><D29/><N who="3" m="11337" /><G117/><T39/><D39/><AGARI ba="0,0" hai="2,6,11,24,30,32,38,39" m="41002,47209" machi="39" ten="30,3900,0" yaku="13,1,23,1,52,1" doraHai="0" who="2" fromWho="0" sc="72,-39,361,0,421,39,146,0" owari="33,-47.0,361,16.0,460,56.0,146,-25.0" /></mjloggm>