<mjloggm ver="2.3"><GO type="169" lobby="0"/><UN n0="%61%73%73%65%72%74%69%76" n1="%66%75%6C%6C%2D%74%70%21" n2="%E3%82%A6%E3%83%AB%E3%83%88%E3%83%A9%E7%AB%8B%E7%9B%B4" n3="%E3%81%97%E3%82%87%E3%81%BC%E3%82%93%EF%BD%8E" dan="16,18,17,17" rate="2135.51,2179.09,2211.64,2179.62" sx="M,M,M,F"/><TAIKYOKU oya="0"/><INIT seed="0,0,0,4,5,5" ten="250,250,250,250" oya="0" hai0="109,55,111,106,63,114,38,18,10,48,98,108,69" hai1="88,67,131,42,52,73,104,75,29,82,57,50,30" hai2="127,33,7,107,53,12,77,85,47,26,97,32,24" hai3="68,123,25,14,56,117,121,41,118,125,133,61,100"/><T31/><D38/><U110/><E104/><V11/><F127/><W44/><G100/><N who="0" m="62743" /><D114/><U9/><E131/><V71/><F71/><W21/><G125/><T76/><D76/><U43/><E110/><V23/><F107/><W66/><G14/><N who="0" m="7511" /><D69/><U80/><E73/><V51/><F97/><W59/><G21/><T4/><D4/><U83/><E75/><V37/><F37/><N who="3" m="21551" /><G25/><T19/><D19/><U74/><E74/><V130/><F130/><W62/><G133/><T1/><D1/><U27/><E67/><V92/><F26/><W20/><G20/><T134/><D134/><U81/><E9/><V101/><F101/><W64/><G68/><T78/><D78/><U17/><E17/><V126/><F126/><W87/><G87/><T22/><D63/><U65/><E65/><V36/><F36/><W84/><G84/><T54/><D48/><U2/><E2/><V94/><F94/><W103/><G103/><T89/><D89/><U16/><E16/><V40/><F92/><W93/><G93/><T135/><D135/><U102/><E102/><V3/><F3/><W35/><G35/><T90/><D90/><U8/><E8/><V112/><F112/><W91/><G91/><T99/><D99/><U79/><E79/><V49/><F85/><W105/><G105/><T116/><D116/><AGARI ba="0,0" hai="56,59,61,62,64,66,116,117,118,121,123" m="21551" machi="116" ten="30,2000,0" yaku="34,2" doraHai="5" who="3" fromWho="0" sc="250,-20,250,0,250,0,250,20" /><INIT seed="1,0,0,3,2,30" ten="230,250,250,270" oya="1" hai0="25,134,101,106,26,68,133,119,61,80,35,54,76" hai1="63,24,135,59,44,100,90,97,15,48,92,69,58" hai2="47,75,60,5,52,33,123,21,98,114,41,18,118" hai3="125,28,29,55,74,8,126,62,112,116,79,128,3"/><U34/><E135/><V103/><F75/><W113/><G128/><T64/><D119/><U102/><E69/><V22/><F118/><W13/><G3/><T50/><D101/><U73/><E73/><V88/><F123/><W120/><G120/><T66/><D66/><U37/><E37/><V20/><F114/><W127/><G116/><T46/><D106/><U107/><E107/><V38/><F5/><N who="3" m="3215" /><G62/><T39/><D39/><U1/><E1/><V19/><F33/><W51/><G79/><T109/><D109/><U65/><E59/><N who="2" m="34919" /><F38/><W49/><G49/><T2/><D2/><U93/><E93/><N who="2" m="56615" /><F103/><W130/><G130/><T32/><D25/><U85/><E24/><N who="2" m="14359" /><F41/><W115/><G74/><N who="0" m="43031" /><D26/><U91/><E34/><V7/><F7/><W131/><G131/><T53/><D32/><U108/><E108/><V67/><F67/><W23/><G23/><N who="2" m="8713" /><F47/><AGARI ba="0,0" hai="28,29,47,51,55,112,113,115,125,126,127" m="3215" machi="47" ten="40,1300,0" yaku="18,1" doraHai="30" who="3" fromWho="2" sc="230,0,250,0,250,-13,270,13" /><INIT seed="2,0,0,5,2,126" ten="230,250,237,283" oya="2" hai0="99,71,19,135,49,21,104,123,15,82,12,110,5" hai1="124,132,20,56,106,131,111,3,30,105,91,48,107" hai2="122,22,92,45,6,128,89,72,73,68,23,76,87" hai3="70,38,79,74,1,101,14,11,4,44,118,83,17"/><V55/><F68/><W112/><G70/><T2/><D123/><U113/><E3/><V32/><F32/><W75/><G118/><T57/><D71/><U62/><E113/><V97/><F122/><W86/><G101/><T64/><D110/><U95/><E111/><V114/><F114/><W94/><G94/><T28/><D82/><U85/><E124/><V29/><F6/><W134/><G134/><T84/><D84/><U59/><E132/><V65/><F65/><W42/><REACH who="3" step="1"/><G112/><REACH who="3" ten="230,250,237,273" step="2"/><T10/><D135/><U133/><E133/><V115/><F115/><W90/><G90/><T80/><D80/><U0/><E105/><V26/><F76/><W60/><G60/><T130/><D104/><U13/><E106/><V33/><F97/><W69/><G69/><T18/><D99/><U47/><E107/><V16/><F33/><W102/><G102/><T50/><D28/><U129/><E62/><V8/><F92/><W58/><G58/><T109/><D57/><U61/><E59/><V37/><F89/><W100/><G100/><T93/><D93/><U40/><E56/><V78/><F78/><W39/><G39/><T27/><D64/><U7/><E61/><V41/><F37/><W98/><G98/><T9/><D109/><U121/><E121/><V103/><F29/><W88/><G88/><T53/><D50/><U54/><E30/><V35/><F103/><W125/><G125/><T66/><D66/><U96/><E96/><V67/><F67/><W25/><G25/><T108/><D108/><U52/><E95/><V34/><F26/><W117/><G117/><RYUUKYOKU ba="0,1" sc="230,-10,250,-10,237,-10,273,30" hai3="1,4,11,14,17,38,42,44,74,75,79,83,86" /><INIT seed="3,1,1,0,5,6" ten="220,240,227,303" oya="3" hai0="52,73,74,128,106,98,90,120,117,13,57,125,134" hai1="104,32,66,56,113,94,93,14,11,26,116,31,96" hai2="9,45,54,10,81,114,21,122,1,5,118,35,111" hai3="121,71,112,95,53,29,67,85,63,132,72,44,109"/><W37/><G72/><T103/><D117/><U55/><E113/><V91/><F35/><W78/><G112/><T16/><D120/><U100/><E66/><V82/><F114/><W12/><G121/><T92/><D128/><U124/><E124/><V101/><F118/><W108/><G132/><T50/><D134/><U25/><E25/><V40/><F122/><W7/><G29/><T68/><D68/><U33/><E33/><V24/><F111/><N who="3" m="42571" /><G95/><T77/><D77/><U84/><E84/><V130/><F130/><W115/><G115/><T18/><D18/><U34/><E34/><V17/><F101/><W131/><G131/><T102/><D125/><U97/><E97/><V79/><F79/><W20/><G20/><T107/><D103/><U59/><E59/><V2/><F91/><W49/><G37/><T129/><D129/><U0/><E0/><V75/><F75/><W27/><G27/><T88/><D90/><U3/><E3/><V39/><F54/><W60/><G60/><T86/><D107/><U8/><E116/><V133/><F133/><W64/><G64/><T48/><D48/><U22/><E94/><V46/><F46/><W62/><G62/><T83/><D83/><U99/><E99/><V4/><AGARI ba="1,1" hai="1,2,4,5,9,10,17,21,24,39,40,45,81,82" machi="4" ten="30,7900,0" yaku="0,1,9,1,52,2" doraHai="6" who="2" fromWho="2" sc="220,-21,240,-21,227,92,303,-40" /><INIT seed="4,0,0,3,2,27" ten="199,219,319,263" oya="0" hai0="33,119,38,78,103,21,125,47,12,117,45,57,123" hai1="129,113,5,54,61,111,9,62,118,83,80,105,55" hai2="56,36,81,112,132,87,135,95,89,43,3,28,73" hai3="72,1,19,122,39,94,85,59,4,41,52,51,20"/><T99/><D123/><U79/><E118/><V115/><F3/><W42/><G72/><T60/><D33/><U130/><E111/><V91/><F36/><W116/><G116/><T40/><D125/><U17/><E105/><V100/><F43/><W133/><G133/><N who="2" m="51273" /><F56/><W121/><G4/><T14/><D78/><U75/><E17/><V22/><F22/><W7/><G7/><T114/><D47/><U6/><E113/><N who="2" m="43595" /><F28/><W90/><G1/><T31/><D114/><U134/><E134/><V102/><F73/><W88/><G90/><T126/><D126/><U110/><E110/><V82/><F82/><W92/><G92/><N who="0" m="58855" /><D119/><U101/><E75/><V74/><F74/><W32/><G32/><T109/><D109/><U49/><E79/><V69/><F69/><W77/><G77/><T76/><D76/><U84/><E9/><V15/><F15/><N who="3" m="9343" /><G39/><T70/><D70/><U68/><E68/><V13/><F13/><W23/><G23/><T44/><D117/><U97/><E83/><V37/><F37/><W93/><G93/><T35/><D35/><U64/><E80/><V26/><F26/><W24/><G24/><N who="0" m="16783" /><D44/><U58/><E58/><V106/><F106/><W46/><G46/><T124/><D124/><U34/><E34/><V30/><F30/><W128/><G59/><T108/><D108/><U18/><E5/><V65/><F65/><AGARI ba="0,0" hai="12,14,38,40,45,57,60,65" m="16783,58855" machi="65" ten="30,2900,0" yaku="25,1,52,1" doraHai="27" who="0" fromWho="2" sc="199,29,219,0,319,-29,263,0" /><INIT seed="4,1,0,1,4,55" ten="228,219,290,263" oya="0" hai0="51,89,68,99,69,2,37,17,111,16,88,113,31" hai1="49,56,29,130,62,30,11,34,83,5,105,94,134" hai2="20,97,27,44,124,33,52,75,82,53,100,74,109" hai3="117,119,112,41,64,73,126,45,70,76,10,84,80"/><T79/><D37/><U120/><E120/><V60/><F33/><W102/><G112/><T14/><D2/><U8/><E105/><V13/><F109/><W0/><G126/><T133/><D113/><U127/><E127/><V135/><F124/><W12/><G102/><T25/><D111/><U24/><E130/><V39/><F135/><W65/><G0/><T63/><D133/><U1/><E134/><V118/><F118/><W129/><G129/><T72/><D51/><U116/><E116/><V103/><F74/><W131/><G131/><T46/><D46/><U125/><E125/><V93/><F103/><W123/><G123/><T96/><D79/><U128/><E128/><V101/><F101/><W47/><G47/><T107/><D72/><U95/><E11/><V57/><F13/><W48/><G73/><T26/><D63/><U50/><E30/><N who="2" m="17767" /><F39/><W77/><G77/><T92/><D14/><U35/><E35/><V132/><F132/><W66/><REACH who="3" step="1"/><G70/><REACH who="3" ten="228,219,290,253" step="2"/><T115/><D115/><U61/><E1/><V32/><F44/><W40/><G40/><T85/><D69/><U71/><E71/><V122/><F122/><W86/><G86/><T81/><D68/><U3/><E3/><V38/><F38/><W91/><G91/><N who="0" m="51631" /><D107/><U58/><E5/><AGARI ba="1,1" hai="5,10,12,41,45,48,64,65,66,76,80,84,117,119" machi="5" ten="40,5200,0" yaku="1,1,25,2,53,0" doraHai="55" doraHaiUra="104" who="3" fromWho="1" sc="228,0,219,-55,290,0,253,65" /><INIT seed="5,0,0,5,5,53" ten="228,164,290,318" oya="1" hai0="57,12,34,66,40,62,67,82,96,49,104,21,14" hai1="20,9,15,22,4,16,28,93,11,102,77,46,130" hai2="112,41,8,1,63,58,64,10,100,81,68,2,86" hai3="35,52,18,105,27,116,44,43,108,125,23,51,54"/><U89/><E130/><V83/><F112/><W91/><G108/><T3/><D34/><U87/><E28/><V74/><F100/><W128/><G128/><T78/><D3/><U33/><E33/><V38/><F74/><W131/><G131/><T0/><D0/><U127/><E127/><V50/><F2/><W31/><G125/><T6/><D104/><U135/><E135/><V79/><F1/><W65/><G105/><T97/><D67/><U26/><E102/><V132/><F132/><W94/><G65/><T118/><D118/><U84/><E46/><N who="2" m="23863" /><F81/><W76/><G76/><T109/><D109/><U45/><E45/><V75/><F86/><W7/><G7/><T32/><D32/><U124/><E124/><V55/><AGARI ba="0,0" hai="8,10,50,55,58,63,64,68,75,79,83" m="23863" machi="55" ten="30,2000,0" yaku="24,1,52,1" doraHai="53" who="2" fromWho="2" sc="228,-5,164,-10,290,20,318,-5" /><INIT seed="6,0,0,5,5,4" ten="223,154,310,313" oya="2" hai0="117,43,57,79,49,52,108,114,80,29,103,119,21" hai1="22,88,12,38,68,17,125,130,60,45,97,59,87" hai2="2,48,91,27,94,37,5,76,85,86,105,89,107" hai3="122,14,58,121,51,92,78,47,93,123,77,120,66"/><V13/><F37/><W73/><G122/><T63/><D114/><U26/><E125/><V16/><F76/><W111/><G111/><T70/><D103/><U118/><E130/><V24/><F107/><W31/><G31/><T104/><D104/><U65/><E118/><N who="0" m="45065" /><D108/><U34/><E97/><V64/><F105/><W132/><G132/><T127/><D127/><U32/><E68/><V126/><F126/><W131/><G131/><T1/><D1/><U101/><E101/><V99/><F2/><W46/><G14/><T7/><D7/><U39/><E45/><V81/><F5/><W42/><G46/><N who="0" m="25823" /><D70/><U40/><E40/><V110/><F110/><W50/><G73/><T109/><D109/><U0/><E0/><V36/><F36/><W9/><G42/><T54/><D21/><U61/><E61/><V69/><F69/><W15/><G51/><T95/><D95/><U28/><REACH who="1" step="1"/><E34/><REACH who="1" ten="223,144,310,313" step="2"/><V30/><F99/><W74/><G47/><T135/><D135/><U20/><E20/><N who="2" m="15623" /><F48/><W55/><G50/><T83/><D63/><U71/><E71/><V129/><F129/><W133/><G121/><T6/><D57/><U124/><E124/><V116/><F116/><W3/><G3/><T98/><D98/><U56/><E56/><V100/><F100/><W8/><G123/><T11/><D54/><U112/><E112/><V33/><F33/><W75/><G55/><T19/><D52/><U102/><E102/><V25/><F64/><W96/><G66/><T35/><D35/><U90/><E90/><V23/><AGARI ba="0,1" hai="13,16,23,25,27,81,85,86,89,91,94" m="15623" machi="23" ten="30,3000,0" yaku="8,1,54,1" doraHai="4" who="2" fromWho="2" sc="223,-10,144,-10,310,40,313,-10" /><INIT seed="6,1,0,0,0,120" ten="213,134,350,303" oya="2" hai0="3,128,84,122,33,34,39,24,112,74,96,118,17" hai1="30,124,95,51,14,43,119,16,52,87,114,22,12" hai2="100,47,78,89,71,90,21,69,133,62,31,18,135" hai3="42,61,86,41,36,15,9,83,54,107,94,25,58"/><V85/><F31/><W111/><G107/><T4/><D39/><U13/><E119/><V35/><F35/><W121/><G111/><T134/><D74/><U88/><E124/><V45/><F100/><W7/><G121/><T1/><D96/><U11/><E114/><V29/><F29/><W6/><G6/><T60/><D84/><U40/><E30/><V102/><F102/><W66/><G36/><T106/><D60/><U10/><E10/><V98/><F98/><W97/><G66/><T127/><D106/><U99/><E99/><V76/><F62/><W5/><G5/><T103/><D103/><U104/><E104/><V20/><F85/><W8/><G8/><T50/><D50/><U75/><E75/><V110/><F18/><W28/><G94/><T49/><D122/><U46/><E13/><V48/><F48/><W117/><G117/><T26/><D49/><U115/><E115/><V23/><F23/><N who="3" m="15423" /><G97/><T0/><D118/><U32/><E32/><N who="0" m="12393" /><D112/><U129/><E129/><V68/><F68/><W131/><G131/><T132/><D128/><U56/><E46/><V116/><F116/><W130/><G130/><T126/><D4/><AGARI ba="1,0" hai="4,11,12,14,16,22,40,43,51,52,56,87,88,95" machi="4" ten="30,12000,2" yaku="7,1,25,2,8,1,54,3" doraHai="120" who="1" fromWho="0" sc="213,-123,134,123,350,0,303,0" /><INIT seed="7,0,0,3,2,127" ten="90,257,350,303" oya="3" hai0="106,15,2,104,32,78,31,81,123,124,51,93,37" hai1="1,63,14,46,20,64,125,18,6,48,91,28,17" hai2="45,73,89,39,71,5,47,75,116,62,72,88,66" hai3="96,80,131,57,9,107,126,132,100,30,114,23,112"/><W130/><G126/><T118/><D37/><U67/><E125/><V36/><F116/><W65/><G132/><T19/><D2/><U3/><E6/><V135/><F135/><W94/><G80/><T74/><D124/><U38/><E38/><V79/><F79/><W44/><G44/><T113/><D123/><U16/><E3/><V59/><F5/><W119/><G119/><T105/><D118/><U11/><E1/><V60/><F39/><W90/><G9/><T117/><D117/><U12/><E91/><V83/><F83/><W109/><G109/><T85/><D113/><N who="3" m="43625" /><G65/><T98/><D31/><U76/><E76/><V29/><F47/><W134/><G134/><T54/><D32/><U92/><E92/><V13/><F45/><W101/><G57/><T111/><D111/><U8/><E28/><V129/><F73/><W108/><G108/><T115/><D115/><U52/><E63/><V27/><F75/><W120/><G120/><T4/><D4/><U34/><REACH who="1" step="1"/><E34/><REACH who="1" ten="90,247,350,303" step="2"/><V41/><F36/><W26/><G101/><T95/><D95/><U40/><E40/><V121/><F41/><W69/><G69/><T82/><D82/><U77/><E77/><V42/><F71/><W86/><AGARI ba="0,1" hai="23,26,30,86,90,94,96,100,107,130,131" m="43625" machi="86" ten="30,6000,0" yaku="15,1,52,2" doraHai="127" who="3" fromWho="3" sc="90,-20,247,-20,350,-20,303,70" owari="70,-43.0,227,-17.0,330,13.0,373,47.0" /></mjloggm>