<mjloggm ver="2.3"><GO type="169" lobby="0"/><UN n0="%E3%82%A6%E3%83%AB%E3%83%88%E3%83%A9%E7%AB%8B%E7%9B%B4" n1="%E7%A2%BA%E8%AA%8D%E4%BA%8B%E9%A0%85" n2="%E3%83%89%E3%83%A9%EF%BC%91%EF%BC%92%EF%BC%90%EF%BC%85" n3="%E6%A5%A0%E5%B9%B8%E6%9D%91" dan="16,16,16,17" rate="2114.78,2076.77,2106.74,2179.26" sx="M,M,M,F"/><TAIKYOKU oya="0"/><INIT seed="0,0,0,3,4,110" ten="250,250,250,250" oya="0" hai0="2,20,72,85,130,129,59,56,92,63,97,114,116" hai1="101,54,88,43,121,34,105,44,98,17,79,52,69" hai2="104,57,82,24,99,133,108,46,96,13,31,118,86" hai3="1,37,36,5,125,112,62,84,50,100,102,117,14"/><T16/><D2/><U21/><E121/><V26/><F108/><W9/><G117/><T22/><D72/><U91/><E34/><V75/><F118/><W48/><G125/><T0/><D0/><U55/><E79/><V135/><F75/><W3/><G62/><T107/><D107/><U74/><E69/><V126/><F126/><W15/><G84/><T83/><D116/><U67/><E67/><V11/><F46/><W120/><G120/><T42/><D42/><U131/><E131/><N who="0" m="50185" /><D114/><U106/><E106/><V49/><F49/><W122/><G122/><T73/><D73/><U39/><REACH who="1" step="1"/><E74/><REACH who="1" ten="250,240,250,250" step="2"/><V64/><F104/><W51/><G112/><T80/><D80/><U66/><E66/><V124/><F64/><W27/><G37/><T40/><D83/><U123/><E123/><V7/><F124/><W119/><G36/><T115/><D92/><U45/><E45/><V113/><F113/><W35/><G119/><T4/><D115/><U76/><E76/><N who="2" m="46407" /><F57/><W47/><G35/><T12/><D59/><U132/><E132/><N who="2" m="50763" /><F26/><AGARI ba="0,1" hai="17,21,26,39,43,44,52,54,55,88,91,98,101,105" machi="26" ten="40,8000,1" yaku="1,1,54,2,53,1" doraHai="110" doraHaiUra="18" who="1" fromWho="2" sc="250,0,240,90,250,-80,250,0" /><INIT seed="1,0,0,3,3,53" ten="250,330,170,250" oya="1" hai0="50,39,71,21,1,97,47,108,25,34,7,127,30" hai1="22,65,68,14,56,131,119,59,95,125,6,75,114" hai2="0,92,79,87,37,48,77,107,122,66,31,134,88" hai3="72,61,99,38,130,123,36,60,12,94,10,41,16"/><U13/><E114/><V32/><F122/><W129/><G123/><T69/><D127/><U96/><E119/><V18/><F37/><W90/><G72/><T63/><D108/><U106/><E106/><V121/><F121/><W104/><G104/><T52/><D39/><N who="3" m="14889" /><G41/><T105/><D7/><U120/><E120/><V55/><F107/><W128/><AGARI ba="0,0" hai="10,12,16,60,61,90,94,99,128,129,130" m="14889" machi="128" ten="40,2700,0" yaku="19,1,54,1" doraHai="53" who="3" fromWho="3" sc="250,-7,330,-13,170,-7,250,27" /><INIT seed="2,0,0,2,2,41" ten="243,317,163,277" oya="2" hai0="58,93,73,64,78,128,67,60,28,45,83,13,62" hai1="26,1,127,48,90,92,59,11,15,95,68,65,102" hai2="36,116,133,40,7,108,46,107,85,94,88,10,122" hai3="74,8,79,123,104,61,105,42,126,125,35,50,52"/><V17/><F116/><W54/><G123/><T37/><D128/><U111/><E111/><V18/><F108/><W70/><G35/><T72/><D28/><U135/><E135/><V33/><F122/><W5/><G79/><T129/><D129/><U80/><E1/><V49/><F133/><W39/><G39/><T86/><D13/><U34/><E68/><V51/><F107/><W56/><G74/><T16/><D16/><U112/><E102/><V22/><F33/><W12/><G42/><T119/><D119/><U91/><E127/><N who="3" m="48650" /><G70/><T21/><D21/><U101/><E101/><V4/><F18/><W120/><G120/><T75/><D37/><U6/><E90/><V109/><F109/><W106/><G105/><T132/><D132/><U81/><E95/><V53/><F10/><W98/><G98/><T76/><D93/><U84/><E112/><V118/><F118/><W131/><G131/><T3/><D78/><U19/><E34/><V43/><F43/><W38/><G38/><T121/><D121/><U32/><E32/><V87/><F87/><W110/><G110/><T69/><REACH who="0" step="1"/><D3/><REACH who="0" ten="233,317,163,277" step="2"/><U114/><E19/><V57/><F36/><W20/><G20/><T31/><D31/><U96/><E11/><V2/><F2/><W130/><G130/><T63/><D63/><U44/><E6/><V71/><F71/><W9/><G9/><T115/><D115/><U99/><E114/><V23/><F23/><W82/><G82/><T25/><D25/><AGARI ba="0,1" hai="4,7,17,22,25,40,46,49,51,53,57,85,88,94" machi="25" ten="30,11600,0" yaku="7,1,8,1,52,1,54,1" doraHai="41" who="2" fromWho="0" sc="233,-116,317,0,163,126,277,0" /><INIT seed="2,1,0,4,2,100" ten="117,317,289,277" oya="2" hai0="128,75,95,58,9,69,31,120,78,116,98,34,52" hai1="19,72,59,64,70,32,2,21,77,71,68,105,135" hai2="53,16,122,20,40,108,74,10,111,14,76,73,112" hai3="102,27,89,99,57,56,24,6,13,45,50,33,81"/><V37/><F112/><W92/><G33/><T22/><D69/><U17/><E32/><V123/><F37/><W88/><G6/><T117/><D120/><N who="2" m="46122" /><F40/><N who="3" m="24871" /><G13/><T46/><D128/><U107/><E2/><V35/><F35/><W129/><G129/><T125/><D125/><U104/><E135/><V1/><F76/><W41/><G41/><T110/><D110/><N who="2" m="42026" /><F53/><W79/><G79/><T109/><D109/><U51/><E77/><V55/><F55/><W36/><G36/><T54/><D54/><U118/><E64/><V62/><F62/><W44/><G44/><T93/><D46/><U38/><E38/><V43/><F43/><W126/><G126/><T15/><D34/><U130/><E130/><V30/><F1/><W83/><G57/><T7/><D78/><U26/><E70/><V28/><F10/><W131/><G56/><T39/><D39/><U127/><E71/><V132/><F132/><W65/><G65/><T124/><D124/><U49/><E68/><V86/><F86/><N who="3" m="50271" /><G131/><T3/><D3/><U25/><E127/><V114/><F114/><W12/><G12/><T85/><D58/><U60/><E59/><V84/><F84/><AGARI ba="1,0" hai="24,27,81,84,89,92,99,102" m="50271,24871" machi="84" ten="30,2000,0" yaku="8,1,54,1" doraHai="100" who="3" fromWho="2" sc="117,0,317,0,289,-23,277,23" /><INIT seed="3,0,0,0,3,13" ten="117,317,266,300" oya="3" hai0="34,4,128,92,74,9,69,115,27,93,134,54,107" hai1="111,65,16,20,52,131,87,84,113,90,19,71,82" hai2="73,109,60,7,1,59,77,101,43,47,55,89,75" hai3="135,63,132,33,123,49,86,2,108,110,5,64,66"/><W68/><G33/><T11/><D115/><U133/><E113/><V98/><F109/><N who="3" m="42091" /><G123/><T94/><D128/><U99/><E111/><V35/><F35/><W117/><G117/><T102/><D134/><N who="3" m="51241" /><G86/><T76/><D69/><U24/><E133/><V48/><F7/><W97/><G97/><T21/><D34/><U6/><E71/><V25/><F1/><W85/><G85/><T103/><D107/><U44/><E65/><V0/><F0/><W61/><G5/><T23/><D74/><U62/><E6/><V50/><F75/><W91/><G91/><T29/><D76/><N who="1" m="46151" /><E99/><V130/><F77/><W83/><G83/><T129/><D4/><U112/><E112/><V124/><F89/><W121/><G2/><T37/><D129/><U53/><E131/><V114/><F73/><W40/><G121/><T120/><D120/><U38/><E38/><V30/><F114/><W41/><G49/><T116/><D37/><U39/><E39/><V67/><F98/><W32/><G32/><T104/><D116/><U127/><E90/><V26/><F130/><W122/><G122/><T125/><D103/><U96/><E96/><V126/><F101/><W105/><G105/><T12/><D104/><U8/><E87/><V78/><F78/><W72/><G72/><T88/><D102/><U81/><E81/><V58/><F30/><W46/><G46/><T70/><D88/><U17/><E44/><V22/><F47/><W79/><G79/><T119/><D119/><U28/><E28/><V118/><F118/><W45/><G45/><T18/><D29/><U14/><E14/><RYUUKYOKU ba="0,0" sc="117,-10,317,-10,266,-10,300,30" hai3="40,41,61,63,64,66,68" /><INIT seed="3,1,0,4,1,54" ten="107,307,256,330" oya="3" hai0="128,89,57,123,34,97,69,86,9,40,43,33,45" hai1="116,7,44,71,26,10,110,135,96,115,52,113,11" hai2="68,8,14,67,94,74,32,95,42,62,88,59,127" hai3="107,85,55,6,75,87,50,47,65,39,111,29,134"/><W5/><G107/><T92/><D69/><U48/><E110/><V82/><F32/><W104/><G104/><T105/><D123/><U1/><E135/><V73/><F127/><W64/><G75/><T102/><D128/><U41/><E116/><V21/><F42/><W56/><G134/><T25/><D43/><U131/><E131/><V35/><F35/><W133/><G133/><T100/><D100/><U130/><E130/><V51/><F21/><W101/><G101/><T38/><D25/><U3/><E71/><V125/><F125/><W0/><G0/><T37/><D37/><U61/><E96/><V53/><F82/><W99/><G99/><T27/><D27/><U18/><E3/><V22/><F22/><W28/><G39/><T2/><D9/><U12/><REACH who="1" step="1"/><E26/><REACH who="1" ten="107,297,256,330" step="2"/><V112/><F68/><W117/><G117/><T30/><D2/><U49/><E49/><V109/><F51/><W118/><G118/><T16/><D97/><U91/><E91/><V81/><F88/><W31/><G111/><T108/><D89/><U98/><E98/><V103/><F109/><W93/><G50/><T76/><D108/><U4/><E4/><V19/><F14/><W58/><G6/><T36/><D38/><U13/><E13/><V15/><F15/><W114/><G5/><T66/><D36/><U77/><E77/><V122/><F122/><W132/><G132/><T83/><D76/><U129/><E129/><V79/><F79/><W72/><G114/><T90/><D90/><U121/><E121/><V80/><F112/><W119/><G119/><T106/><D105/><RYUUKYOKU ba="1,1" sc="107,-10,297,30,256,-10,330,-10" hai1="1,7,10,11,12,18,41,44,48,52,61,113,115" /><INIT seed="4,2,1,3,4,96" ten="97,327,246,320" oya="0" hai0="4,79,102,128,135,103,9,134,62,23,76,121,119" hai1="111,86,72,88,98,41,114,82,52,50,80,75,131" hai2="87,40,129,1,92,93,5,120,85,125,133,65,33" hai3="106,94,117,27,53,112,31,59,63,100,49,17,35"/><T58/><D121/><U8/><E111/><V26/><F40/><W34/><G117/><T54/><D119/><U130/><E114/><V37/><F37/><W11/><G112/><T48/><D23/><U71/><E71/><V73/><F73/><W116/><G116/><T25/><D25/><U19/><E41/><V83/><F65/><W2/><G106/><T109/><D109/><U77/><E98/><V55/><F55/><W39/><G39/><T30/><D30/><U29/><E29/><V13/><F1/><W61/><G34/><T99/><D128/><U108/><E108/><V126/><F120/><W15/><G2/><T89/><D89/><U45/><E75/><V66/><F66/><W3/><G3/><T0/><D48/><U20/><REACH who="1" step="1"/><E8/><REACH who="1" ten="97,317,246,320" step="2"/><V115/><F115/><W42/><G42/><T14/><D0/><U81/><E81/><V118/><F83/><W110/><G110/><T24/><D24/><AGARI ba="2,2" hai="19,20,24,45,50,52,72,77,80,82,86,88,130,131" machi="24" ten="40,8000,1" yaku="1,1,54,2,53,2" doraHai="96" doraHaiUra="78" who="1" fromWho="0" sc="97,-86,317,106,246,0,320,0" /><INIT seed="5,0,0,5,0,56" ten="11,423,246,320" oya="1" hai0="41,16,119,46,133,53,76,34,70,84,101,3,21" hai1="93,83,118,134,77,43,94,52,109,67,44,102,97" hai2="74,35,27,24,69,81,95,19,48,51,50,38,39" hai3="59,68,106,113,85,20,15,0,40,110,47,14,89"/><U31/><E118/><V127/><F127/><W30/><G110/><T107/><D34/><U9/><E134/><V13/><F69/><W18/><G0/><T115/><D3/><U122/><E67/><V87/><F74/><W100/><G68/><T86/><D119/><U29/><E94/><V60/><F60/><W62/><G113/><T123/><D133/><U61/><E9/><V17/><F95/><W23/><G106/><T79/><D115/><U4/><E4/><V73/><F73/><W98/><G98/><T28/><D28/><U11/><E11/><V128/><F128/><W99/><G99/><T37/><D123/><U65/><E65/><V117/><F117/><W10/><G100/><T64/><D53/><U66/><E66/><V12/><F87/><W121/><G121/><T91/><D101/><U135/><E122/><V54/><F81/><W25/><G47/><T130/><D107/><U45/><E109/><V82/><F82/><N who="3" m="49335" /><G40/><T8/><D130/><U132/><E132/><V36/><F54/><N who="3" m="34167" /><G10/><T124/><D8/><U88/><E102/><V49/><N who="2" m="12288" /><DORA hai="1" /><V125/><F125/><W114/><G114/><T78/><D124/><U2/><E43/><V92/><F92/><W108/><G108/><T131/><D131/><U63/><E83/><V96/><F96/><W33/><G33/><T72/><D72/><U105/><E97/><V111/><F111/><W55/><G55/><T42/><D42/><U129/><E105/><V126/><F126/><W22/><G22/><T71/><D64/><U7/><E135/><V112/><F112/><W103/><G103/><RYUUKYOKU ba="0,0" sc="11,-10,423,-10,246,-10,320,30" hai3="14,15,18,20,23,25,30" /><INIT seed="6,1,0,3,2,25" ten="1,413,236,350" oya="2" hai0="127,133,101,112,91,9,48,68,111,113,7,22,80" hai1="39,18,79,107,126,106,123,24,61,14,84,34,129" hai2="32,27,85,29,121,65,44,38,96,53,3,88,67" hai3="71,52,125,103,81,74,4,93,95,12,99,100,128"/><V54/><F121/><W63/><G125/><T5/><D68/><U72/><E72/><V77/><F3/><W49/><G128/><T37/><D37/><U50/><E39/><V8/><F77/><W109/><G109/><T92/><D101/><U76/><E61/><V75/><F75/><W90/><G71/><T70/><D80/><U102/><E50/><V28/><F96/><W43/><G74/><T19/><D48/><U17/><E129/><V69/><F29/><W16/><G4/><N who="0" m="1611" /><D92/><U40/><E40/><V60/><F67/><W6/><G6/><T110/><D91/><U114/><E114/><N who="0" m="44137" /><D70/><U33/><E102/><V122/><F122/><W82/><G43/><T135/><D9/><U20/><E84/><V0/><F8/><N who="3" m="6151" /><G63/><T13/><D127/><U134/><E126/><V116/><F38/><W10/><G10/><T47/><D47/><U98/><E107/><V120/><F44/><N who="3" m="27687" /><G103/><T30/><D30/><U58/><E123/><V83/><F120/><W132/><G132/><AGARI ba="1,0" hai="13,19,22,110,111,132,133,135" m="44137,1611" machi="132" ten="30,7700,0" yaku="20,1,15,1,34,2" doraHai="25" who="0" fromWho="3" sc="1,80,413,0,236,0,350,-80" /><INIT seed="7,0,0,0,1,95" ten="81,413,236,270" oya="3" hai0="106,51,58,43,73,133,49,11,0,112,64,109,2" hai1="70,103,108,30,31,34,27,33,117,87,118,131,3" hai2="83,81,55,96,6,24,16,129,26,104,65,48,135" hai3="44,123,100,93,62,121,15,41,39,120,56,29,101"/><W4/><G29/><T1/><D73/><U88/><E103/><V130/><F6/><W79/><G79/><T102/><D109/><U74/><E74/><V105/><F105/><W113/><G113/><T116/><D116/><N who="1" m="44651" /><E131/><N who="2" m="50187" /><F26/><W84/><G84/><T122/><D122/><U99/><E70/><V38/><F38/><W10/><REACH who="3" step="1"/><G93/><REACH who="3" ten="81,413,236,260" step="2"/><T75/><D75/><U134/><E87/><V28/><F28/><W5/><G5/><T132/><D112/><U19/><E108/><V36/><F104/><W53/><AGARI ba="0,1" hai="4,10,15,39,41,44,53,56,62,100,101,120,121,123" machi="53" ten="30,3000,0" yaku="1,1,0,1,53,0" doraHai="95" doraHaiUra="92" who="3" fromWho="3" sc="81,-10,413,-10,236,-10,260,40" /><INIT seed="7,1,0,3,5,93" ten="71,403,226,300" oya="3" hai0="134,13,78,30,96,38,5,127,77,54,60,101,31" hai1="110,42,126,82,36,90,74,18,122,75,61,119,124" hai2="7,50,125,52,56,1,21,132,129,53,88,115,109" hai3="108,84,94,79,22,123,17,117,121,16,69,0,4"/><W11/><G69/><T97/><D38/><U99/><E110/><V51/><F109/><W100/><G108/><T48/><D127/><N who="1" m="48683" /><E122/><V34/><F115/><W113/><G117/><T131/><D131/><U76/><E119/><V64/><F34/><W24/><G113/><T65/><D134/><U103/><E61/><V23/><F64/><W86/><G17/><T14/><D60/><U45/><E18/><V10/><F132/><W25/><G25/><T40/><D65/><U55/><E55/><V95/><F129/><W33/><G33/><T67/><D67/><U106/><E90/><V63/><F125/><W112/><G112/><T102/><D54/><U29/><E29/><V49/><REACH who="2" step="1"/><F53/><REACH who="2" ten="71,403,216,300" step="2"/><W32/><G32/><T35/><D35/><U27/><E27/><V104/><F104/><W66/><G66/><T92/><D40/><U59/><E59/><V87/><AGARI ba="1,1" hai="1,7,10,21,23,49,50,51,52,56,63,87,88,95" machi="87" ten="30,7900,0" yaku="1,1,0,1,54,2,53,0" doraHai="93" doraHaiUra="118" who="2" fromWho="2" sc="71,-21,403,-21,216,92,300,-40" owari="50,-45.0,382,48.0,308,11.0,260,-14.0" /></mjloggm>