<mjloggm ver="2.3"><GO type="225" lobby="0"/><UN n0="%E7%B7%8B%E3%81%84%E7%8C%AB%EF%BC%9E%EF%BC%9C%EF%BC%81" n1="%73%61%72%61%68%31%32%33" n2="%E3%83%88%E3%83%88%E3%83%AA%E5%85%88%E7%94%9F%31%39%E6%AD%B3" n3="%6B%79%6F%6E%6B%6F%31%31" dan="16,17,16,16" rate="2017.33,2203.58,2157.92,2137.97" sx="F,M,F,M"/><TAIKYOKU oya="0"/><INIT seed="0,0,0,4,3,4" ten="250,250,250,250" oya="0" hai0="35,95,8,80,21,43,20,101,31,82,25,84,123" hai1="102,65,111,91,71,34,135,87,93,78,24,129,9" hai2="18,53,86,50,125,110,13,133,107,73,44,42,60" hai3="118,90,97,39,108,45,124,32,16,59,49,36,26"/><T38/><D123/><U51/><E71/><V115/><F115/><W67/><G118/><T81/><D38/><U105/><E105/><V134/><F73/><W122/><G122/><T7/><D43/><U98/><E65/><V72/><F72/><W109/><G124/><T112/><D112/><U96/><E111/><N who="3" m="42570" /><G59/><T79/><D79/><U29/><E129/><V113/><F107/><W22/><G32/><T117/><D117/><U46/><E135/><N who="2" m="51723" /><F110/><W131/><G67/><T120/><D120/><U10/><E78/><V63/><F113/><W114/><G131/><T17/><D17/><U69/><E69/><V3/><F3/><W128/><G128/><T11/><D7/><U14/><E14/><V28/><F28/><W33/><G33/><T2/><D2/><U58/><E58/><N who="2" m="33079" /><F86/><W119/><G119/><T99/><REACH who="0" step="1"/><D84/><REACH who="0" ten="240,250,250,250" step="2"/><U89/><E87/><V6/><F6/><W92/><G114/><T126/><D126/><U23/><E34/><V88/><F125/><W19/><G19/><T103/><D103/><U130/><E130/><V54/><F88/><N who="1" m="33865" /><E96/><V57/><F42/><AGARI ba="0,1" hai="16,22,26,36,39,42,45,49,90,92,97" m="42570" machi="42" ten="30,2000,0" yaku="14,1,54,1" doraHai="4" who="3" fromWho="2" sc="240,0,250,0,250,-20,250,30" /><AGARI ba="0,0" hai="9,10,23,24,29,42,46,51,93,98,102" m="33865" machi="42" ten="30,7700,0" yaku="8,1,52,2,54,1" doraHai="4" who="1" fromWho="2" sc="240,0,250,77,230,-77,280,0" /><INIT seed="1,0,0,3,0,101" ten="240,327,153,280" oya="1" hai0="7,19,65,69,85,47,73,50,5,110,29,34,56" hai1="82,124,97,18,60,1,111,93,16,9,3,122,78" hai2="62,14,45,75,123,104,117,26,63,90,23,88,98" hai3="92,76,120,71,109,38,6,61,116,13,41,115,20"/><U106/><E122/><V40/><F123/><W112/><G120/><T48/><D73/><U103/><E124/><V59/><F117/><W86/><G116/><T28/><D110/><U126/><E126/><V15/><F75/><W53/><G109/><T81/><D69/><U22/><E111/><V96/><F14/><W24/><G41/><T54/><D34/><U127/><E127/><V52/><F15/><W83/><G38/><T133/><D133/><U11/><E93/><V89/><F63/><W79/><G79/><N who="0" m="46271" /><D19/><U125/><E125/><V119/><F119/><W113/><G92/><T31/><D65/><U42/><E42/><AGARI ba="0,0" hai="5,7,28,29,31,42,47,48,50,54,56" m="46271" machi="42" ten="30,1000,0" yaku="8,1" doraHai="101" who="0" fromWho="1" sc="240,10,327,-10,153,0,280,0" /><INIT seed="2,0,0,0,2,53" ten="250,317,153,280" oya="2" hai0="6,33,34,11,120,43,88,69,75,10,98,110,29" hai1="48,30,122,58,93,101,17,118,119,99,105,70,60" hai2="89,87,40,121,28,81,96,7,124,20,114,68,0" hai3="64,32,126,85,14,63,36,38,9,55,51,115,117"/><V67/><F114/><W133/><G32/><T102/><D120/><U24/><E122/><V94/><F121/><W26/><G117/><T125/><D125/><U127/><E127/><V25/><F124/><W19/><G126/><T61/><D110/><U76/><E76/><V71/><F67/><W18/><G115/><T92/><D43/><U123/><E123/><V112/><F112/><W131/><G131/><T54/><D75/><U21/><E48/><V108/><F108/><W77/><G133/><T90/><D69/><U46/><E46/><V22/><F40/><W8/><G77/><T73/><D73/><U113/><E113/><V103/><REACH who="2" step="1"/><F22/><REACH who="2" ten="250,317,143,280" step="2"/><W27/><G64/><T107/><D34/><U66/><E118/><V129/><F129/><W83/><G38/><T41/><D41/><U86/><E119/><V111/><F111/><W80/><G36/><T134/><D134/><U100/><E66/><V16/><F16/><W130/><G130/><T13/><D33/><U45/><E17/><V52/><F52/><W3/><G55/><T74/><D54/><U12/><E21/><V97/><F97/><W65/><G51/><T1/><D98/><U78/><E99/><V49/><F49/><W109/><G109/><T47/><D61/><U104/><E60/><V62/><F62/><W56/><G19/><T132/><D132/><U91/><E30/><V59/><F59/><W135/><G135/><T82/><D29/><U57/><E58/><V5/><F5/><N who="3" m="1087" /><G85/><T50/><D6/><U2/><E86/><V84/><F84/><W23/><G23/><T39/><D74/><RYUUKYOKU ba="0,1" sc="250,-15,317,-15,143,15,280,15" hai2="0,7,20,25,28,68,71,81,87,89,94,96,103" hai3="9,14,18,26,27,56,63,65,80,83" /><INIT seed="2,1,1,5,5,58" ten="235,302,158,295" oya="2" hai0="117,127,85,78,96,106,82,133,18,24,53,4,12" hai1="7,35,15,54,114,134,39,75,0,102,120,38,46" hai2="28,72,84,17,122,40,65,16,71,48,80,45,77" hai3="63,41,64,1,5,49,50,99,3,119,126,100,73"/><V27/><F122/><W97/><G119/><T113/><D117/><U67/><E114/><V128/><F128/><W25/><G73/><T79/><D113/><U86/><E75/><V95/><F72/><W9/><G126/><T115/><D115/><U29/><E134/><V104/><F104/><W109/><G109/><T59/><D127/><U70/><E0/><V107/><F107/><W23/><G1/><T68/><D133/><U103/><E120/><V111/><F111/><W123/><G123/><T57/><D68/><U34/><E86/><V129/><F129/><W2/><G2/><T14/><D79/><U47/><E54/><V91/><F71/><W81/><G81/><T92/><D106/><U130/><E67/><V121/><F65/><W33/><G33/><T124/><D124/><U93/><E93/><V22/><REACH who="2" step="1"/><F121/><REACH who="2" ten="235,302,148,295" step="2"/><W11/><G64/><T110/><D110/><U8/><E70/><V108/><F108/><W135/><G135/><T10/><D24/><U52/><E130/><V51/><F51/><W31/><G49/><T60/><D57/><U21/><E39/><V69/><F69/><W94/><G50/><T55/><D55/><U131/><E131/><V90/><F90/><W6/><G41/><T20/><D96/><U105/><E105/><V32/><F32/><N who="1" m="12329" /><E52/><V19/><F19/><W43/><G99/><T61/><D92/><U74/><E74/><V56/><F56/><W83/><G43/><T116/><D116/><U44/><E38/><V112/><F112/><W98/><G98/><T76/><D76/><U118/><E118/><V42/><F42/><RYUUKYOKU ba="1,2" sc="235,10,302,10,148,10,295,-30" hai0="4,10,12,14,18,20,53,59,60,61,78,82,85" hai1="7,8,15,21,29,44,46,47,102,103" hai2="16,17,22,27,28,40,45,48,77,80,84,91,95" /><INIT seed="2,2,2,2,3,14" ten="245,312,158,265" oya="2" hai0="38,29,61,80,126,95,59,100,10,130,101,17,128" hai1="25,66,65,22,58,119,97,70,44,104,16,35,46" hai2="43,50,36,92,37,122,134,45,3,5,20,81,60" hai3="112,7,76,79,4,115,85,116,23,74,131,78,26"/><V18/><F122/><W32/><G116/><T108/><D38/><U19/><E119/><V110/><F134/><W55/><G74/><T57/><D29/><N who="1" m="17591" /><E70/><V103/><F110/><W21/><G32/><T56/><D108/><U73/><E73/><V40/><F40/><W28/><G131/><N who="0" m="50219" /><D126/><U24/><E35/><V49/><F49/><W12/><G55/><T8/><D80/><U111/><E104/><V47/><F47/><N who="1" m="17961" /><E111/><V129/><F129/><W53/><G53/><T87/><D61/><N who="1" m="38071" /><E66/><V106/><F106/><W113/><G85/><T118/><D118/><U71/><E71/><V64/><F81/><W54/><G54/><T75/><D75/><U91/><E24/><V77/><F77/><W13/><G13/><N who="0" m="7335" /><D10/><U133/><E133/><V99/><F5/><W51/><G51/><T2/><D2/><U63/><E63/><V109/><F3/><W68/><G68/><T127/><D127/><U86/><E97/><V82/><F109/><W0/><G0/><T72/><D72/><U34/><E34/><V9/><F9/><W120/><G120/><T93/><D87/><U107/><E107/><V1/><F1/><W102/><G102/><AGARI ba="2,2" hai="56,57,59,93,95,100,101,102" m="7335,50219" machi="102" ten="30,2000,0" yaku="19,1,52,1" doraHai="14" who="0" fromWho="3" sc="245,46,312,0,158,0,265,-26" /><INIT seed="3,0,0,2,5,75" ten="291,312,158,239" oya="3" hai0="62,28,109,41,101,37,127,120,34,20,40,100,118" hai1="135,93,51,33,115,95,50,119,78,61,10,99,4" hai2="42,97,2,89,74,18,30,88,25,47,43,79,49" hai3="12,44,39,85,29,9,77,23,35,134,116,3,126"/><W104/><G104/><T111/><D120/><U38/><E38/><V65/><F2/><W102/><G116/><T105/><D118/><U67/><E33/><V107/><F65/><W114/><G114/><T133/><D133/><U87/><E119/><V91/><F18/><W26/><G102/><N who="0" m="39531" /><D127/><U76/><E135/><V124/><F124/><W98/><G134/><T90/><D105/><U52/><E115/><V83/><F107/><W22/><G126/><T0/><D0/><U24/><E87/><V14/><F14/><W121/><G98/><T46/><D40/><U72/><E72/><V31/><F31/><W66/><G121/><T117/><D117/><U112/><E112/><V21/><REACH who="2" step="1"/><F43/><REACH who="2" ten="291,312,148,239" step="2"/><W96/><G66/><T11/><D41/><U1/><E1/><V55/><F55/><W68/><G3/><T80/><D28/><U103/><E52/><V36/><F36/><W129/><G39/><T94/><D37/><U8/><E4/><V17/><F17/><W27/><G12/><T123/><D123/><U131/><E10/><V73/><F73/><W5/><G9/><T106/><D11/><U81/><E8/><V110/><F110/><W19/><G5/><T128/><D106/><U130/><E130/><V32/><F32/><W56/><G35/><T7/><D128/><U58/><E131/><V57/><F57/><W15/><G129/><T92/><D34/><U45/><E58/><V53/><F53/><W64/><G56/><T59/><D7/><U125/><E67/><V84/><F84/><W70/><G64/><T63/><D59/><U122/><E125/><RYUUKYOKU ba="0,1" sc="291,-10,312,-10,148,30,239,-10" hai2="21,25,30,42,47,49,74,79,83,88,89,91,97" owari="281,8.0,312,41.0,178,-32.0,229,-17.0" /></mjloggm>