<mjloggm ver="2.3"><GO type="169" lobby="0"/><UN n0="%E9%A7%84%E5%A6%B9" n1="%E3%83%88%E3%83%88%E3%83%AA%E5%85%88%E7%94%9F%31%39%E6%AD%B3" n2="%E3%83%8F%E3%83%83%E3%83%94%E3%83%BC%E3%81%A1%E3%82%83%E3%82%93" n3="%E3%82%8C%E3%82%93%E3%82%89%E3%81%8F" dan="16,18,16,16" rate="2102.70,2166.70,2022.95,2075.72" sx="F,F,M,M"/><TAIKYOKU oya="0"/><INIT seed="0,0,0,2,3,29" ten="250,250,250,250" oya="0" hai0="69,93,20,60,110,8,73,30,68,59,56,43,19" hai1="25,130,95,12,23,21,125,39,22,83,3,45,87" hai2="86,119,2,102,128,36,18,90,106,74,52,121,63" hai3="113,135,50,47,118,89,78,70,88,37,5,0,81"/><T48/><D73/><U99/><E3/><V14/><F36/><W114/><G118/><T35/><D8/><U123/><E123/><V111/><F74/><N who="3" m="43223" /><G50/><T108/><D93/><U27/><E130/><V116/><F2/><W53/><G53/><N who="0" m="31783" /><D43/><U80/><E125/><V67/><F111/><N who="0" m="42538" /><D30/><U72/><E72/><V64/><F121/><W58/><G58/><T16/><D35/><U77/><E83/><V6/><F6/><W82/><G70/><N who="0" m="27243" /><D20/><U62/><E62/><V46/><F128/><W4/><G82/><T28/><D28/><U127/><E127/><V9/><F106/><W105/><G105/><T54/><AGARI ba="0,0" hai="16,19,54,59,60" m="27243,42538,31783" machi="54" ten="30,6000,0" yaku="14,1,10,1,54,1" doraHai="29" who="0" fromWho="0" sc="250,60,250,-20,250,-20,250,-20" /><INIT seed="0,1,0,5,4,35" ten="310,230,230,230" oya="0" hai0="112,5,50,65,133,114,12,120,93,15,135,8,67" hai1="4,122,69,83,118,71,117,64,32,99,60,134,16" hai2="49,43,48,124,121,132,72,105,56,103,68,7,108" hai3="34,59,92,110,106,58,25,42,66,127,2,82,13"/><T0/><D120/><U54/><E122/><V14/><F121/><W63/><G106/><T19/><D50/><U91/><E71/><V86/><F72/><W85/><G110/><T115/><D93/><U70/><E70/><V26/><F68/><W97/><G127/><T3/><D67/><U73/><E32/><V27/><F108/><W24/><G2/><N who="0" m="555" /><D65/><U39/><E39/><V38/><F124/><W53/><G42/><T23/><AGARI ba="1,0" hai="5,8,12,15,19,23,112,114,115,133,135" m="555" machi="23" ten="40,12000,1" yaku="34,2,52,3" doraHai="35" who="0" fromWho="0" sc="310,123,230,-41,230,-41,230,-41" /><INIT seed="0,2,0,3,2,36" ten="433,189,189,189" oya="0" hai0="3,54,14,114,24,134,98,108,120,38,128,119,96" hai1="64,106,133,93,45,126,130,47,1,71,35,0,61" hai2="90,34,135,2,19,33,12,20,4,44,65,97,42" hai3="95,21,132,100,107,32,62,69,8,55,113,70,13"/><T37/><D3/><U52/><E106/><V105/><F135/><W72/><G32/><T63/><D114/><U80/><E35/><V57/><F65/><W94/><G113/><T88/><D119/><U27/><E133/><V66/><F2/><W78/><G132/><T16/><D120/><U58/><E130/><V29/><F4/><W76/><G21/><N who="0" m="13351" /><D98/><U77/><E126/><V60/><F29/><W43/><G107/><T50/><D128/><U48/><E27/><V101/><REACH who="2" step="1"/><F90/><REACH who="2" ten="433,189,179,189" step="2"/><W18/><G18/><T91/><D91/><U123/><E123/><V87/><F87/><W75/><G75/><T115/><D88/><U73/><E0/><V102/><F102/><W28/><G72/><T49/><D134/><U40/><E1/><V89/><F89/><W67/><G28/><T39/><D115/><U129/><E129/><V15/><F15/><W53/><G100/><T56/><D14/><U86/><E73/><V99/><F99/><W74/><G74/><T103/><D96/><U11/><E93/><V111/><F111/><W109/><G109/><T9/><D103/><U26/><E26/><V121/><F121/><W7/><G95/><T25/><D108/><U127/><E127/><V112/><F112/><W83/><G94/><T22/><D25/><U6/><E6/><V31/><F31/><W104/><G104/><T68/><D68/><U30/><E30/><V41/><F41/><W17/><G70/><T110/><D110/><U23/><E71/><V131/><F131/><W5/><G43/><T117/><D117/><U51/><E40/><V81/><F81/><RYUUKYOKU ba="2,1" sc="433,-10,189,-10,179,30,189,-10" hai2="12,19,20,33,34,42,44,57,60,66,97,101,105" /><INIT seed="1,3,1,1,2,26" ten="423,179,209,179" oya="1" hai0="51,48,90,100,40,99,7,108,103,37,135,66,70" hai1="115,14,102,57,58,60,13,49,47,81,73,104,30" hai2="2,21,62,86,126,134,107,12,67,72,29,16,0" hai3="41,83,119,25,35,63,59,120,4,82,112,24,124"/><U17/><E115/><V84/><F72/><W56/><G120/><T50/><D135/><U122/><E122/><V131/><F107/><W64/><G112/><T61/><D108/><U22/><E104/><V10/><F134/><W75/><G124/><T36/><D7/><U46/><E102/><V6/><F126/><W65/><G119/><T52/><D90/><U27/><E73/><V68/><F131/><W80/><G4/><T33/><D33/><U88/><E14/><V92/><F0/><W128/><G128/><T77/><D77/><U76/><E60/><V38/><F38/><W19/><G41/><T130/><D103/><U110/><E110/><V117/><F117/><W125/><G125/><T111/><D111/><U34/><E47/><V23/><F23/><W43/><G43/><T8/><D8/><N who="1" m="6311" /><E34/><V15/><F15/><W114/><G114/><T133/><D133/><U123/><E76/><V74/><F74/><W127/><G127/><T31/><D36/><U118/><E118/><V94/><REACH who="2" step="1"/><F29/><REACH who="2" ten="423,179,199,179" step="2"/><W3/><G3/><T116/><D116/><U44/><E123/><V28/><F28/><W101/><G75/><T54/><D31/><U71/><E71/><V32/><F32/><W96/><G35/><T105/><D130/><U95/><E30/><V87/><AGARI ba="3,2" hai="2,6,10,12,16,21,62,67,68,84,86,87,92,94" machi="87" ten="30,4000,0" yaku="1,1,0,1,54,1,53,0" doraHai="26" doraHaiUra="98" who="2" fromWho="2" sc="423,-13,179,-23,199,69,179,-13" /><INIT seed="2,0,0,0,2,104" ten="410,156,268,166" oya="2" hai0="113,32,77,44,119,54,57,109,133,122,75,105,91" hai1="123,20,13,95,55,93,115,98,103,40,43,108,0" hai2="125,11,85,10,78,110,65,5,111,39,3,36,33" hai3="129,66,79,14,114,89,38,82,67,121,47,64,116"/><V88/><F33/><W51/><G121/><T96/><D113/><U71/><E115/><V74/><F125/><W2/><G114/><T35/><D122/><U27/><E0/><V52/><F65/><W37/><G2/><T117/><D44/><U31/><E123/><V49/><F11/><W101/><G116/><N who="0" m="44619" /><D109/><N who="2" m="41482" /><F78/><W63/><G101/><N who="0" m="62631" /><D91/><U34/><E71/><V61/><F74/><W76/><G89/><T28/><D28/><U130/><E130/><V90/><F61/><W45/><G63/><N who="0" m="36279" /><D133/><U9/><E34/><V73/><F73/><W41/><G79/><T99/><D99/><U48/><E95/><N who="2" m="54671" /><F90/><W86/><G129/><T1/><D1/><U128/><E128/><V21/><F21/><W102/><G102/><T25/><D77/><U106/><E108/><V94/><F94/><W29/><G76/><T18/><D75/><U92/><E92/><V46/><AGARI ba="0,0" hai="3,5,10,36,39,46,49,52" m="54671,41482" machi="46" ten="30,11700,0" yaku="14,1,10,1,54,2" doraHai="104" who="2" fromWho="2" sc="410,-39,156,-39,268,117,166,-39" /><INIT seed="2,1,0,3,1,72" ten="371,117,385,127" oya="2" hai0="89,24,22,54,35,116,30,56,0,123,96,6,111" hai1="39,104,33,134,53,48,133,11,91,12,119,124,13" hai2="98,75,32,76,10,109,42,8,115,34,50,43,77" hai3="114,99,29,23,128,26,113,101,86,97,120,9,18"/><V1/><F115/><W58/><G120/><T67/><D123/><U127/><E119/><V79/><F75/><W105/><G128/><T125/><D116/><U131/><E104/><V110/><F1/><W45/><G58/><T51/><D111/><N who="2" m="42506" /><F98/><W93/><G45/><T112/><D112/><N who="3" m="43113" /><G86/><T60/><D125/><N who="1" m="48203" /><E33/><N who="2" m="12907" /><F50/><W4/><G29/><T107/><D0/><U61/><E39/><V80/><F80/><W65/><G65/><T49/><D35/><U27/><E48/><V117/><F117/><W69/><G69/><T129/><D129/><U47/><E131/><V31/><F31/><W95/><G99/><T94/><D107/><U55/><E47/><V14/><F14/><AGARI ba="1,0" hai="4,9,14,18,23,26,93,95,97,101,105" m="43113" machi="14" ten="30,1000,0" yaku="11,1" doraHai="72" who="3" fromWho="2" sc="371,0,117,0,385,-13,127,13" /><INIT seed="3,0,0,2,4,65" ten="371,117,372,140" oya="3" hai0="113,45,84,33,105,80,57,19,72,112,120,55,108" hai1="86,91,114,95,47,82,5,18,14,50,127,116,66" hai2="103,107,117,87,59,60,76,37,99,39,6,53,40" hai3="24,1,97,128,133,48,106,30,135,100,31,118,46"/><W51/><G118/><T109/><D120/><U54/><E114/><N who="0" m="44137" /><D72/><U26/><E116/><V121/><F117/><W130/><G1/><T78/><D105/><U44/><E127/><V13/><F121/><W21/><G30/><T81/><D33/><U98/><E66/><V62/><F40/><W49/><REACH who="3" step="1"/><G46/><REACH who="3" ten="371,117,372,130" step="2"/><T124/><D45/><U85/><E44/><V79/><F39/><W42/><G42/><T92/><D124/><U111/><E111/><V22/><F37/><W69/><G69/><T29/><D108/><U16/><E26/><V83/><F76/><W28/><G28/><T132/><D29/><U36/><E36/><V35/><F35/><W17/><G17/><T104/><D19/><U129/><E129/><AGARI ba="0,1" hai="21,24,31,48,49,51,97,100,106,128,129,130,133,135" machi="129" ten="40,7700,0" yaku="1,1,19,1,53,1" doraHai="65" doraHaiUra="25" who="3" fromWho="1" sc="371,0,117,-77,372,0,130,87" /><INIT seed="3,1,0,5,0,13" ten="371,40,372,217" oya="3" hai0="79,39,47,109,12,7,2,75,36,10,24,17,80" hai1="62,15,110,61,127,64,55,115,27,90,114,92,124" hai2="123,107,60,96,98,16,32,28,29,105,78,125,22" hai3="18,93,74,95,26,132,48,56,40,59,76,43,8"/><W63/><G132/><T57/><D109/><U6/><E110/><V97/><F32/><W120/><G120/><T0/><D0/><U77/><E77/><V81/><F125/><N who="1" m="48201" /><E27/><V129/><F129/><W14/><G74/><T85/><D24/><U30/><E30/><V1/><F1/><W113/><G113/><N who="1" m="43018" /><E55/><V103/><F123/><W49/><G76/><T91/><D57/><N who="3" m="22089" /><G26/><T133/><D47/><U20/><E64/><V117/><F117/><W121/><G121/><T119/><D133/><U108/><E108/><V58/><F107/><W35/><G35/><T52/><D52/><U68/><E68/><V104/><F104/><W118/><G118/><T53/><D53/><U126/><N who="1" m="48209" /><U44/><DORA hai="54" /><E44/><V84/><F105/><W72/><G72/><T128/><D119/><U70/><E70/><V100/><F103/><W106/><G106/><T23/><REACH who="0" step="1"/><D128/><REACH who="0" ten="361,40,372,217" step="2"/><U67/><E67/><N who="2" m="39319" /><F100/><W5/><G5/><T41/><D41/><N who="3" m="15945" /><G63/><T25/><D25/><AGARI ba="1,1" hai="16,22,25,28,29,78,81,84,96,97,98" m="39319" machi="25" ten="30,7700,0" yaku="8,1,52,2,54,1" doraHai="13,54" who="2" fromWho="0" sc="361,-80,40,0,372,90,217,0" /><INIT seed="4,0,0,5,1,70" ten="281,40,462,217" oya="0" hai0="22,0,11,95,31,58,2,81,78,44,40,103,20" hai1="66,132,18,88,79,37,45,122,77,72,25,133,27" hai2="120,87,24,41,61,71,83,14,91,47,52,105,131" hai3="129,99,35,43,124,108,19,15,63,4,96,64,93"/><T119/><D119/><U49/><E122/><V34/><F131/><W107/><G108/><T117/><D117/><U1/><E1/><V118/><F118/><W9/><G124/><T128/><D128/><U86/><E66/><V16/><F120/><W38/><G129/><T92/><D0/><U125/><E125/><V115/><F115/><W94/><G107/><T53/><D11/><U3/><E3/><V42/><F42/><W32/><G4/><T110/><D2/><U30/><E18/><V6/><F6/><W21/><G9/><T46/><D110/><U12/><E12/><V10/><F105/><W114/><G114/><T50/><D46/><U76/><E72/><V135/><F135/><N who="1" m="51785" /><E30/><V75/><F75/><W48/><G15/><T100/><D31/><U51/><E51/><N who="2" m="28799" /><F41/><W126/><G48/><N who="0" m="31015" /><D20/><U59/><E59/><V116/><F116/><W29/><G126/><T102/><D22/><U68/><E68/><V109/><F109/><W121/><G29/><T101/><N who="0" m="26112" /><DORA hai="5" /><T56/><D56/><U111/><E111/><V7/><F7/><W127/><G121/><T28/><D28/><U17/><E17/><V90/><F24/><N who="1" m="9289" /><E49/><V33/><F91/><W104/><G19/><T106/><D106/><U134/><N who="1" m="51793" /><U60/><DORA hai="65" /><E60/><V130/><F130/><W57/><G104/><T84/><AGARI ba="0,0" hai="40,44,50,78,81,84,92,95" m="26112,31015" machi="84" ten="40,2100,0" yaku="8,1" doraHai="70,5,65" who="0" fromWho="0" sc="281,21,40,-7,462,-7,217,-7" /><INIT seed="4,1,0,5,5,94" ten="302,33,455,210" oya="0" hai0="1,21,23,116,55,71,25,63,110,0,4,86,33" hai1="38,6,90,73,35,78,15,120,89,41,36,113,5" hai2="50,66,45,67,83,103,130,109,59,30,44,131,34" hai3="133,77,8,42,112,114,10,22,106,37,7,88,64"/><T85/><D116/><U29/><E120/><V117/><F117/><W49/><G37/><T70/><D33/><U52/><E113/><N who="3" m="43626" /><G77/><T65/><D71/><U26/><E73/><V95/><F109/><W99/><G133/><T54/><D110/><U39/><E78/><V12/><F83/><W118/><G64/><T132/><D21/><U87/><E41/><V104/><F104/><W92/><G118/><T121/><D132/><U2/><E2/><V81/><F81/><W19/><G106/><T98/><D98/><U20/><E35/><V102/><F102/><W51/><G42/><T127/><D127/><U100/><E100/><V62/><F67/><W105/><G105/><T3/><D4/><U108/><E108/><V24/><F45/><W122/><G122/><T115/><D121/><U76/><E76/><V96/><REACH who="2" step="1"/><F12/><REACH who="2" ten="302,33,445,210" step="2"/><N who="3" m="9575" /><G10/><T14/><D14/><AGARI ba="1,1" hai="7,8,14,49,51,88,92,99" m="9575,43626" machi="14" ten="30,3900,0" yaku="15,1,52,1,54,1" doraHai="94" who="3" fromWho="0" sc="302,-42,33,0,445,0,210,52" /><INIT seed="5,0,0,4,3,13" ten="260,33,445,262" oya="1" hai0="0,74,76,126,93,31,72,64,39,95,111,23,33" hai1="96,8,4,113,69,85,56,84,112,40,52,35,110" hai2="24,19,120,90,99,68,36,54,67,12,129,30,58" hai3="107,47,20,121,2,32,50,9,62,59,81,82,42"/><U118/><E118/><V17/><F36/><W80/><G32/><T11/><D111/><U103/><E35/><V61/><F120/><W55/><G107/><T18/><D39/><U65/><E40/><V100/><F129/><W131/><G121/><T115/><D64/><U43/><E43/><V57/><F90/><W41/><G131/><T124/><D31/><U128/><E65/><V106/><F12/><W28/><G2/><T49/><D33/><U116/><E69/><V44/><F44/><W5/><G9/><T27/><D49/><U102/><E116/><V91/><F91/><W83/><G5/><N who="0" m="1447" /><D115/><N who="1" m="44107" /><E128/><V133/><F133/><W125/><G125/><N who="0" m="48235" /><D76/><U75/><E75/><AGARI ba="0,0" hai="18,23,27,72,74,75,93,95" m="48235,1447" machi="75" ten="30,2000,0" yaku="18,1,52,1" doraHai="13" who="0" fromWho="1" sc="260,20,33,-20,445,0,262,0" /><INIT seed="6,0,0,1,1,106" ten="280,13,445,262" oya="2" hai0="51,123,13,44,126,6,99,2,14,10,116,118,25" hai1="121,69,82,20,52,37,64,12,27,122,117,129,34" hai2="38,102,9,46,95,5,104,80,8,92,119,93,98" hai3="115,133,89,79,100,3,58,48,70,35,26,62,78"/><V49/><F38/><W36/><G36/><T132/><D123/><U110/><E12/><V63/><F119/><N who="0" m="45610" /><D126/><U7/><E20/><V16/><F80/><W88/><G3/><T28/><D99/><U17/><E17/><V112/><F112/><W90/><G133/><T111/><D111/><U33/><E27/><V19/><F63/><W108/><G108/><T76/><D76/><U31/><E82/><V94/><F104/><W75/><G115/><T42/><D132/><U125/><E31/><V96/><F96/><W0/><G0/><T54/><D54/><U134/><E7/><V72/><F72/><W65/><G100/><T45/><D45/><U124/><E64/><V103/><F103/><W130/><G130/><T86/><D86/><U127/><E52/><N who="2" m="29751" /><F5/><W23/><G35/><AGARI ba="0,0" hai="2,6,10,13,14,25,28,35,42,44,51" m="45610" machi="35" ten="30,1000,0" yaku="12,1" doraHai="106" who="0" fromWho="3" sc="280,10,13,0,445,0,262,-10" /><INIT seed="7,0,0,0,3,56" ten="290,13,445,252" oya="3" hai0="101,50,119,123,81,79,33,24,99,21,74,29,130" hai1="80,91,19,129,52,13,39,106,12,107,116,38,43" hai2="69,18,110,90,37,63,7,85,114,59,134,127,42" hai3="95,78,102,30,8,54,64,14,120,41,11,16,128"/><W83/><G120/><T68/><D119/><U89/><E80/><V131/><F7/><W77/><G128/><T60/><D123/><U46/><E46/><V122/><F37/><W133/><G133/><T2/><D2/><U71/><E43/><V66/><F42/><W108/><G108/><T47/><D130/><U72/><E129/><V6/><F69/><W75/><G30/><T9/><D9/><U31/><E71/><V27/><F27/><W26/><G26/><T4/><D4/><U67/><E67/><V10/><F18/><W51/><G78/><T96/><D33/><U65/><E65/><V104/><F104/><W84/><G64/><T87/><D68/><U55/><E31/><V23/><F23/><W132/><G132/><T100/><D60/><U3/><E3/><V126/><F10/><W40/><G8/><T117/><D74/><U20/><E20/><V93/><F6/><W58/><G75/><T73/><D73/><U28/><E72/><V70/><F70/><W98/><AGARI ba="0,0" hai="11,14,16,40,41,51,54,58,77,83,84,95,98,102" machi="98" ten="30,6000,0" yaku="0,1,8,1,54,1" doraHai="56" who="3" fromWho="3" sc="290,-20,13,-20,445,-20,252,60" owari="270,-13.0,-7,-51.0,425,53.0,312,11.0" /></mjloggm>