<mjloggm ver="2.3"><GO type="97" lobby="0"/><UN n0="%E7%B6%BE%E7%80%AC%E5%A5%88%E9%83%BD%E5%B8%8C" n1="%E5%B0%B1%E6%B4%BB%E7%94%9F%40%E5%B7%9D%E6%9D%91%E8%BB%8D%E5%9B%A3" n2="%61%68%75%72%65%74%75%67" n3="%E7%97%A9%E8%BA%AB%E3%81%AE%E9%9B%80%E5%A3%AB" dan="15,14,14,13" rate="1990.58,1977.93,1808.55,1896.91" sx="F,M,M,M"/><TAIKYOKU oya="0"/><INIT seed="0,0,0,3,3,107" ten="250,250,250,250" oya="0" hai0="25,44,98,75,56,65,35,76,105,51,32,21,26" hai1="15,73,132,126,112,40,57,9,42,6,30,14,113" hai2="20,1,90,53,104,134,69,125,55,37,103,43,83" hai3="89,109,3,115,59,92,46,33,72,13,22,38,45"/><T66/><D32/><U74/><E126/><V82/><F1/><W31/><G33/><T81/><D35/><U12/><E132/><V68/><F69/><W19/><G115/><N who="1" m="44106" /><E30/><V24/><F68/><W128/><G128/><T123/><D123/><U29/><E29/><V41/><F125/><W129/><G109/><T97/><D26/><U0/><E57/><V93/><F134/><W16/><G72/><AGARI ba="0,0" hai="0,6,9,12,14,15,40,42,72,73,74" m="44106" machi="72" ten="40,8000,1" yaku="11,1,52,3" doraHai="107" who="1" fromWho="3" sc="250,0,250,80,250,0,250,-80" /><INIT seed="1,0,0,0,1,49" ten="250,330,250,170" oya="1" hai0="124,93,130,82,125,8,33,77,29,15,32,109,24" hai1="69,118,9,40,108,135,35,123,119,23,52,128,38" hai2="45,13,4,92,126,42,6,101,17,121,78,116,95" hai3="94,84,134,58,71,61,66,110,113,46,37,25,56"/><U2/><RYUUKYOKU type="yao9" ba="0,0" sc="250,0,330,0,250,0,170,0" hai1="2,9,23,35,38,40,52,69,108,118,119,123,128,135" /><INIT seed="1,1,0,0,3,25" ten="250,330,250,170" oya="1" hai0="0,39,101,29,36,59,46,75,1,55,51,112,122" hai1="23,107,100,69,17,18,106,2,32,20,47,53,24" hai2="95,90,126,128,15,56,79,48,31,16,123,111,61" hai3="3,9,108,135,65,133,104,77,87,54,96,76,30"/><U41/><E69/><V124/><F123/><W99/><G65/><T85/><D112/><U68/><E2/><V50/><F111/><W92/><G108/><T67/><D75/><U74/><E68/><V97/><F79/><N who="3" m="30283" /><G54/><T66/><D122/><U5/><E74/><V28/><F128/><W134/><G104/><T70/><D101/><U120/><E120/><V129/><F129/><W86/><G3/><T103/><D103/><U60/><E32/><V52/><F126/><W105/><G9/><T37/><D85/><N who="3" m="32265" /><G30/><N who="2" m="11305" /><F124/><W117/><G105/><T44/><D29/><U7/><E100/><V45/><F45/><N who="0" m="17514" /><D1/><U119/><E107/><V81/><F81/><W121/><G121/><T26/><D0/><U118/><E106/><V115/><F115/><W110/><G110/><T82/><D82/><U42/><E119/><V21/><AGARI ba="1,0" hai="15,16,21,48,50,52,56,61,90,95,97" m="11305" machi="21" ten="30,12000,2" yaku="8,1,52,3,54,2" doraHai="25" who="2" fromWho="2" sc="250,-31,330,-61,250,123,170,-31" /><INIT seed="2,0,0,4,5,119" ten="219,269,373,139" oya="2" hai0="76,80,82,85,108,100,60,125,122,98,84,91,64" hai1="0,128,65,34,77,63,12,123,109,5,20,73,101" hai2="126,33,9,4,127,55,15,1,59,2,35,25,94" hai3="92,32,103,58,116,112,106,134,135,89,70,47,115"/><V90/><F35/><W68/><G32/><T83/><D108/><U87/><E34/><V14/><F33/><W42/><G116/><T45/><D45/><U107/><E73/><V8/><F25/><W133/><G106/><N who="0" m="63767" /><D60/><U62/><E128/><V27/><F27/><W37/><G103/><T105/><D64/><U28/><E0/><V19/><F59/><W40/><G40/><T29/><D29/><U67/><E109/><V88/><F90/><W124/><G58/><T18/><D18/><U79/><E123/><V69/><F55/><W57/><G57/><T30/><D30/><U53/><E107/><V44/><F44/><W6/><G6/><T129/><D129/><U7/><E101/><V24/><F24/><W66/><G124/><N who="2" m="47657" /><F69/><N who="3" m="26731" /><G66/><T130/><D130/><U78/><E87/><AGARI ba="0,0" hai="1,2,4,8,9,14,15,19,87,88,94" m="47657" machi="87" ten="30,2900,0" yaku="18,1,54,1" doraHai="119" who="2" fromWho="1" sc="219,0,269,-29,373,29,139,0" /><AGARI ba="0,0" hai="37,42,47,87,89,92,112,115,133,134,135" m="26731" machi="87" ten="40,1300,0" yaku="20,1" doraHai="119" who="3" fromWho="1" sc="219,0,240,-13,402,0,139,13" /><INIT seed="2,1,0,3,2,68" ten="219,227,402,152" oya="2" hai0="125,64,4,112,57,50,110,121,94,31,100,74,65" hai1="40,9,101,82,78,3,122,90,41,48,30,126,124" hai2="28,132,109,11,36,5,12,134,89,27,29,23,33" hai3="71,96,123,116,43,92,85,75,45,131,128,18,6"/><V0/><F36/><W119/><G75/><T67/><D112/><U87/><E122/><V2/><F89/><W84/><G123/><T1/><D74/><U44/><E101/><V59/><F59/><W62/><G6/><T77/><D110/><U117/><E117/><V26/><F109/><W114/><G114/><T70/><D70/><U108/><E108/><V13/><F13/><W22/><G71/><T32/><D32/><U81/><E30/><V73/><REACH who="2" step="1"/><F73/><REACH who="2" ten="219,227,392,152" step="2"/><W39/><G116/><T61/><D57/><U80/><E90/><V46/><F46/><W113/><G119/><T98/><D121/><U16/><E44/><V8/><F8/><W35/><G113/><T86/><D1/><AGARI ba="1,1" hai="0,1,2,5,11,12,23,26,27,28,29,33,132,134" machi="1" ten="40,12000,1" yaku="1,1,34,3,53,0" doraHai="68" doraHaiUra="42" who="2" fromWho="0" sc="219,-123,227,0,392,133,152,0" /><INIT seed="2,2,0,3,0,53" ten="96,227,525,152" oya="2" hai0="92,15,89,41,45,99,1,100,44,16,78,12,5" hai1="79,47,130,105,28,3,13,51,35,39,63,20,42" hai2="75,108,8,14,77,64,129,37,25,119,66,76,24" hai3="19,118,9,103,111,125,73,59,7,122,87,124,120"/><V121/><F119/><W54/><G73/><T132/><D132/><U52/><E105/><V57/><F37/><W58/><G118/><T90/><D78/><U10/><E130/><V65/><F75/><W48/><G111/><T96/><D1/><U128/><E128/><V86/><F121/><N who="3" m="46699" /><G103/><T31/><D31/><U95/><E3/><V113/><F113/><W74/><G87/><T61/><D5/><U30/><E35/><V80/><F108/><W117/><G74/><T72/><D72/><U71/><E79/><V70/><F70/><W43/><G43/><T27/><D27/><N who="2" m="10314" /><F77/><W22/><G117/><T49/><D45/><U62/><E20/><V0/><F0/><N who="3" m="231" /><G22/><T11/><D99/><U26/><E26/><V88/><F76/><W55/><G19/><T36/><D36/><U83/><E83/><V91/><F129/><W85/><G85/><T102/><D102/><U107/><E95/><V115/><F91/><W133/><G133/><T82/><D82/><U34/><E107/><V32/><F115/><W46/><G54/><T68/><REACH who="0" step="1"/><D15/><REACH who="0" ten="86,227,525,152" step="2"/><U110/><E110/><V98/><F98/><W84/><G84/><T112/><D112/><U33/><E33/><V21/><F32/><W50/><G50/><T2/><D2/><U56/><E34/><V131/><F131/><W4/><G4/><T104/><D104/><U101/><E101/><V127/><F14/><W38/><G38/><T93/><D93/><U81/><E81/><V17/><F80/><W134/><G134/><T18/><D18/><N who="1" m="8503" /><E39/><V135/><F17/><W114/><G114/><T6/><D6/><RYUUKYOKU ba="2,1" sc="86,10,227,10,525,-30,152,10" hai0="11,12,16,41,44,49,61,68,89,90,92,96,100" hai1="28,30,42,47,51,52,56,62,63,71" hai3="46,48,55,58,59,124,125" /><INIT seed="3,3,1,4,5,100" ten="96,237,495,162" oya="3" hai0="133,128,77,43,73,12,54,46,78,37,19,72,57" hai1="35,69,4,102,40,118,97,74,83,26,27,125,113" hai2="114,36,115,63,107,13,23,62,71,9,2,55,88" hai3="80,45,31,84,28,120,15,49,76,34,67,116,93"/><W130/><G116/><T121/><D121/><U95/><E113/><V65/><F36/><W123/><G130/><T53/><D128/><U64/><E118/><V101/><F55/><W50/><G50/><T66/><D133/><U1/><E125/><V108/><F23/><W109/><G109/><T110/><D110/><U29/><E40/><V30/><F63/><W0/><G0/><T10/><D66/><U85/><E74/><V70/><F30/><W20/><G93/><T17/><D17/><U61/><E26/><V132/><F71/><W94/><G94/><T56/><D73/><U8/><E85/><V105/><F13/><W7/><G67/><T14/><D72/><U96/><E96/><V126/><F9/><W41/><G34/><T59/><REACH who="0" step="1"/><D14/><REACH who="0" ten="86,237,495,162" step="2"/><U18/><E18/><V106/><F132/><W91/><G120/><T112/><D112/><U92/><E64/><V32/><F108/><W6/><G123/><T87/><D87/><U135/><E135/><V44/><F126/><W129/><G129/><T58/><N who="0" m="14336" /><DORA hai="24" /><T111/><D111/><U51/><E4/><N who="3" m="1578" /><G76/><AGARI ba="3,2" hai="10,12,19,37,43,46,53,54,76,77,78" m="14336" machi="76" ten="50,1600,0" yaku="1,1,53,0" doraHai="100,24" doraHaiUra="47,131" who="0" fromWho="3" sc="86,45,237,0,495,0,162,-25" owari="131,-37.0,237,4.0,495,59.0,137,-26.0" /></mjloggm>