<mjloggm ver="2.3"><GO type="169" lobby="0"/><UN n0="%E3%83%96%E3%83%AA%E3%83%86%E3%82%A3" n1="%E7%B4%97%E6%9C%89" n2="%61%68%68%68%68%68%68%61" n3="%E3%82%A6%E3%83%AB%E3%83%88%E3%83%A9%E7%AB%8B%E7%9B%B4" dan="16,16,17,17" rate="2030.38,2075.14,2175.47,2134.53" sx="M,F,M,M"/><TAIKYOKU oya="0"/><INIT seed="0,0,0,5,3,92" ten="250,250,250,250" oya="0" hai0="19,134,16,10,12,64,106,83,123,118,135,110,17" hai1="102,127,112,119,67,21,52,107,39,78,72,128,57" hai2="69,103,31,105,131,25,47,124,4,33,121,85,111" hai3="3,100,89,86,9,58,88,122,8,56,22,29,53"/><T44/><D118/><U0/><E0/><V125/><F121/><W75/><G75/><T26/><D123/><U96/><E119/><V80/><F111/><W48/><G122/><T27/><D110/><U36/><E112/><V91/><F131/><W130/><G130/><T60/><D106/><U18/><E128/><V81/><F4/><W20/><G100/><T109/><D109/><U120/><E120/><V34/><F69/><W97/><G3/><T35/><D83/><U49/><E127/><V70/><F70/><W68/><G68/><N who="0" m="41991" /><D44/><U73/><E67/><V41/><F34/><W2/><G2/><T43/><D43/><U42/><E42/><V30/><F30/><W108/><G108/><T76/><D76/><U133/><E133/><N who="0" m="50697" /><D35/><U37/><REACH who="1" step="1"/><E78/><REACH who="1" ten="250,240,250,250" step="2"/><V14/><F125/><W32/><G32/><T46/><D46/><U11/><E11/><V28/><F124/><W66/><G9/><T50/><D50/><U62/><E62/><V1/><F47/><W115/><G8/><T23/><D23/><U40/><E40/><V24/><F41/><W54/><G22/><T45/><D45/><U101/><E101/><V116/><F103/><W114/><G114/><T63/><D63/><U13/><AGARI ba="0,1" hai="13,18,21,36,37,39,49,52,57,72,73,96,102,107" machi="13" ten="30,8000,1" yaku="1,1,0,1,52,1,54,1,53,1" doraHai="92" doraHaiUra="94" who="1" fromWho="1" sc="250,-40,240,90,250,-20,250,-20" /><INIT seed="1,0,0,2,1,94" ten="210,330,230,230" oya="1" hai0="75,25,32,107,85,74,128,35,112,8,116,93,83" hai1="44,97,57,87,42,130,98,106,92,127,79,96,26" hai2="56,54,131,108,61,102,73,33,36,37,43,133,41" hai3="0,95,71,70,3,110,76,77,68,86,30,101,7"/><U82/><E127/><V104/><F73/><W55/><G110/><T6/><D107/><U47/><E130/><V81/><F33/><W60/><G30/><T19/><D112/><U13/><E106/><V11/><F81/><W52/><G60/><T72/><D116/><U12/><E92/><V78/><F78/><W51/><G7/><T117/><D117/><U65/><E26/><V64/><F11/><W9/><G9/><T122/><D128/><U63/><REACH who="1" step="1"/><E44/><REACH who="1" ten="210,320,230,230" step="2"/><V17/><F131/><W27/><G27/><T121/><D93/><U4/><E4/><V120/><F104/><W100/><G95/><T123/><D25/><U46/><E46/><V114/><F114/><W105/><G105/><T59/><D6/><U49/><AGARI ba="0,1" hai="12,13,42,47,49,57,63,65,79,82,87,96,97,98" machi="49" ten="30,18000,2" yaku="1,1,0,1,8,1,52,3,53,0" doraHai="94" doraHaiUra="18" who="1" fromWho="1" sc="210,-60,320,190,230,-60,230,-60" /><INIT seed="1,1,0,2,0,13" ten="150,510,170,170" oya="1" hai0="115,21,108,80,14,78,1,75,110,65,59,56,130" hai1="107,37,86,6,94,10,87,24,55,98,39,88,45" hai2="125,0,57,2,25,111,112,83,103,62,5,47,35" hai3="19,97,117,122,68,81,123,16,69,53,124,30,132"/><U49/><E24/><V135/><F111/><N who="0" m="42538" /><D1/><U46/><E46/><V73/><F135/><W84/><G30/><T128/><D115/><U92/><E107/><V66/><F125/><W38/><G38/><T52/><D65/><U15/><REACH who="1" step="1"/><E86/><REACH who="1" ten="150,500,170,170" step="2"/><V26/><F47/><W102/><G84/><T43/><D130/><U63/><E63/><V82/><F26/><W11/><G123/><T40/><D128/><U76/><E76/><V18/><F25/><W100/><G122/><T32/><D32/><U114/><E114/><V23/><F35/><W67/><G124/><T118/><D118/><U104/><E104/><V109/><F112/><W17/><G117/><T9/><D78/><U41/><E41/><V93/><F62/><W31/><G132/><T4/><D40/><U60/><E60/><V64/><F73/><W126/><G126/><T58/><D43/><U134/><E134/><V34/><F34/><W96/><G97/><T121/><D121/><U120/><E120/><V133/><F133/><W131/><G96/><T79/><D21/><U42/><E42/><V48/><F23/><W51/><G131/><T44/><D44/><U127/><E127/><V50/><F57/><W20/><G20/><T12/><D52/><U105/><E105/><V119/><F119/><W90/><G53/><T99/><D99/><U8/><E8/><V7/><F66/><W85/><G11/><T29/><D29/><U91/><AGARI ba="1,1" hai="6,10,15,37,39,45,49,55,87,88,91,92,94,98" machi="91" ten="20,7800,0" yaku="1,1,0,1,7,1,54,1,53,0" doraHai="13" doraHaiUra="61" who="1" fromWho="1" sc="150,-27,500,91,170,-27,170,-27" /><INIT seed="1,2,0,5,2,72" ten="123,591,143,143" oya="1" hai0="38,53,107,124,48,27,65,75,0,119,86,30,70" hai1="32,111,54,102,15,113,84,52,40,24,109,66,49" hai2="133,18,5,64,23,118,99,95,76,50,74,108,83" hai3="88,9,51,62,81,39,127,77,47,31,78,46,57"/><U71/><E102/><V101/><F118/><W123/><G39/><T35/><D75/><U21/><E113/><V126/><F108/><N who="1" m="41545" /><E32/><V11/><F126/><W68/><G68/><T92/><D38/><U115/><E115/><V43/><F133/><W122/><G127/><T98/><D0/><U82/><E15/><V37/><F64/><W28/><G9/><T91/><D124/><U55/><E66/><V25/><F37/><W73/><G73/><T112/><D112/><U89/><E71/><V60/><F60/><W103/><G103/><N who="0" m="62967" /><D119/><U26/><E21/><V29/><F43/><W3/><G3/><T16/><D53/><N who="1" m="20587" /><E40/><V129/><F129/><W125/><G125/><T20/><D20/><U117/><E117/><V10/><F50/><W34/><G51/><T4/><D48/><U45/><AGARI ba="2,0" hai="24,26,45,49,55,82,84,89" m="20587,41545" machi="45" ten="30,6000,0" yaku="14,1,10,1,54,1" doraHai="72" who="1" fromWho="1" sc="123,-22,591,66,143,-22,143,-22" /><INIT seed="1,3,0,0,1,68" ten="101,657,121,121" oya="1" hai0="120,16,80,8,93,91,1,2,135,83,15,67,105" hai1="124,115,60,123,17,127,98,69,3,25,100,90,104" hai2="14,125,39,55,113,42,30,57,128,129,85,106,78" hai3="40,44,84,87,82,86,35,41,97,37,49,54,24"/><U89/><E123/><V45/><F106/><W92/><G35/><T43/><D105/><U62/><E115/><V4/><F30/><W121/><G121/><T101/><D120/><U118/><E118/><V110/><F113/><W23/><G37/><T74/><D135/><U133/><E133/><V114/><F114/><W7/><G7/><T36/><D101/><U88/><E3/><V31/><F31/><W29/><REACH who="3" step="1"/><G82/><REACH who="3" ten="101,657,121,111" step="2"/><T47/><D80/><U96/><E96/><V94/><F4/><W22/><G22/><T75/><D83/><U58/><E69/><V134/><F134/><W108/><G108/><T116/><D116/><U103/><E98/><V79/><F110/><W126/><G126/><T117/><D117/><U95/><E104/><V32/><F32/><W28/><G28/><T6/><D2/><U112/><E112/><V107/><F125/><N who="1" m="48201" /><E95/><V27/><F107/><W33/><G33/><T102/><D93/><U9/><E9/><V66/><F94/><W71/><G71/><T10/><D10/><U26/><E17/><V76/><F128/><W13/><G13/><T20/><D16/><U111/><E111/><V77/><F129/><W109/><G109/><T65/><D15/><U5/><E5/><V34/><F14/><W64/><G64/><T48/><D65/><N who="1" m="39063" /><E62/><V63/><F66/><W122/><G122/><T11/><D67/><U19/><E19/><V59/><F34/><W12/><G12/><T50/><D6/><U99/><E99/><V61/><F61/><W70/><G70/><T0/><D1/><U56/><E56/><N who="2" m="35231" /><F27/><AGARI ba="3,1" hai="25,26,27,88,89,90,100,103" m="39063,48201" machi="27" ten="30,2900,0" yaku="18,1,54,1" doraHai="68" who="1" fromWho="2" sc="101,0,657,48,121,-38,111,0" /><INIT seed="1,4,0,0,3,26" ten="101,705,83,111" oya="1" hai0="93,13,7,15,132,65,75,101,115,117,44,129,59" hai1="114,120,27,20,58,126,1,131,35,123,48,33,23" hai2="5,32,4,108,39,11,18,88,80,8,125,119,19" hai3="116,34,46,89,49,64,52,45,79,17,69,54,76"/><U2/><E58/><V84/><F119/><W0/><G0/><N who="1" m="106" /><E48/><V10/><F39/><W6/><G6/><N who="2" m="2665" /><F32/><N who="1" m="12361" /><E114/><V24/><F108/><W78/><G34/><T36/><D132/><U74/><E74/><V40/><F125/><W9/><G64/><T118/><D129/><U98/><E98/><V109/><F109/><W66/><G66/><T95/><D101/><U81/><E81/><V111/><F111/><W43/><G69/><T62/><D65/><U38/><E38/><V29/><F40/><W56/><G116/><T96/><D96/><U113/><E113/><V53/><F53/><W134/><G134/><T86/><D75/><U90/><E90/><V94/><F29/><W91/><G54/><T61/><D36/><U73/><E73/><V83/><F24/><W57/><G43/><T99/><D115/><U63/><E63/><V72/><F72/><W37/><G37/><T128/><D62/><U122/><E126/><V124/><F124/><W110/><G110/><T103/><D61/><U71/><E71/><V16/><AGARI ba="4,0" hai="8,10,11,16,18,19,80,83,84,88,94" m="2665" machi="16" ten="40,5200,0" yaku="8,1,54,2" doraHai="26" who="2" fromWho="2" sc="101,-17,705,-30,83,64,111,-17" /><INIT seed="2,0,0,0,4,134" ten="84,675,147,94" oya="2" hai0="21,46,12,100,38,93,37,43,128,28,72,104,90" hai1="133,9,84,64,41,25,61,121,65,130,97,132,59" hai2="129,47,117,24,49,23,105,62,70,44,123,8,111" hai3="34,80,73,29,69,16,17,11,18,103,42,53,118"/><V13/><F123/><W99/><G69/><T35/><D72/><U95/><E121/><V22/><F117/><W110/><G118/><T114/><D114/><U71/><E130/><V5/><F105/><W106/><G110/><T75/><D75/><U74/><E74/><V6/><F129/><W2/><G42/><T39/><D128/><U54/><E41/><V87/><F111/><W83/><G73/><T15/><D35/><U127/><E25/><V101/><F101/><W10/><G29/><T81/><D81/><U4/><E84/><V88/><F6/><W120/><G34/><T0/><D0/><N who="1" m="135" /><E127/><V56/><F70/><W45/><G120/><T115/><D115/><U131/><E71/><V76/><F76/><W32/><G32/><T19/><D28/><U108/><E108/><V85/><F85/><W98/><G2/><T58/><D58/><U119/><E119/><V77/><F77/><W113/><G113/><T68/><D68/><U124/><E124/><V57/><F47/><W96/><G106/><T27/><D104/><U67/><E131/><V7/><F7/><W52/><G103/><T109/><D109/><U33/><E33/><V66/><F57/><W30/><G30/><T78/><D100/><N who="1" m="60479" /><E133/><V89/><F24/><W55/><G45/><T40/><D40/><U86/><E86/><V94/><F89/><W50/><G50/><N who="0" m="26975" /><D78/><U116/><E116/><V112/><F112/><W51/><G51/><T48/><D48/><N who="1" m="31175" /><E132/><V63/><F62/><W31/><G31/><T36/><D36/><U26/><E61/><V3/><F3/><W14/><G14/><RYUUKYOKU ba="0,0" sc="84,0,675,0,147,0,94,0" hai0="12,15,19,21,27,37,38,39,90,93" hai1="26,64,65,67" hai2="5,8,13,22,23,44,49,56,63,66,87,88,94" hai3="10,11,16,17,18,52,53,55,80,83,96,98,99" /><INIT seed="2,1,0,0,2,99" ten="84,675,147,94" oya="2" hai0="33,57,113,55,42,40,127,118,121,45,96,28,34" hai1="9,72,109,25,49,48,116,39,131,115,66,23,60" hai2="71,41,73,46,82,7,37,18,27,114,106,85,26" hai3="79,15,8,105,122,59,43,50,81,78,102,98,126"/><V128/><F114/><W94/><G122/><T76/><D113/><U10/><E115/><V130/><F73/><W77/><G126/><T11/><D121/><U103/><E116/><V117/><F117/><W101/><G105/><T13/><D118/><U36/><E72/><V112/><F112/><W6/><G81/><T20/><D127/><U54/><E131/><N who="2" m="50219" /><F71/><W14/><G14/><T19/><D76/><U75/><E75/><V95/><F106/><W64/><G64/><T61/><D96/><U80/><E39/><V111/><F111/><W107/><G107/><T17/><D28/><U108/><E36/><V4/><F95/><W67/><G67/><T12/><REACH who="0" step="1"/><D42/><REACH who="0" ten="74,675,147,94" step="2"/><U2/><E109/><V31/><F31/><W93/><G43/><T120/><D120/><U91/><E108/><V65/><F41/><W1/><G1/><T21/><D21/><U53/><E2/><V89/><F37/><AGARI ba="1,1" hai="11,12,13,17,19,20,33,34,37,40,45,55,57,61" machi="37" ten="30,2000,0" yaku="1,1,7,1,53,0" doraHai="99" doraHaiUra="22" who="0" fromWho="2" sc="74,33,675,0,147,-23,94,0" /><INIT seed="3,0,0,5,3,115" ten="107,675,124,94" oya="3" hai0="42,127,26,37,60,77,79,18,24,14,53,109,82" hai1="28,16,62,92,15,73,20,90,59,128,93,100,116" hai2="106,111,112,46,40,17,101,97,63,114,0,36,133" hai3="32,3,135,56,21,11,117,98,35,8,44,131,45"/><W134/><G56/><N who="0" m="34831" /><D37/><U104/><E73/><V102/><F111/><W80/><G21/><T125/><D42/><U39/><E39/><V84/><F133/><N who="3" m="50699" /><G98/><T122/><D122/><U107/><E116/><V52/><F102/><W30/><G30/><T38/><D38/><U49/><E128/><V31/><F0/><W110/><G3/><T108/><D24/><N who="1" m="16391" /><E107/><V74/><F74/><W130/><G80/><T50/><D26/><U65/><E104/><V126/><F126/><N who="0" m="48138" /><D50/><U72/><E72/><V34/><F31/><W6/><G117/><T96/><D96/><U99/><E49/><V13/><F34/><N who="3" m="12843" /><G6/><T43/><D82/><U10/><E93/><V85/><F114/><W57/><G57/><T25/><D25/><U120/><E120/><V29/><F29/><W33/><N who="3" m="12851" /><W86/><DORA hai="78" /><G86/><T41/><D109/><U81/><E81/><V64/><F112/><W76/><G76/><N who="0" m="29259" /><D108/><U22/><E100/><V55/><F85/><W129/><G110/><T105/><D105/><U71/><E59/><V4/><F84/><W113/><G113/><T70/><D70/><U27/><E71/><V66/><F4/><W94/><G94/><T87/><D87/><U69/><E69/><N who="2" m="42143" /><F66/><W23/><G23/><AGARI ba="0,0" hai="14,18,23,41,43" m="29259,48138,34831" machi="23" ten="30,1000,0" yaku="18,1" doraHai="115,78" who="0" fromWho="3" sc="107,10,675,0,124,0,94,-10" /><INIT seed="4,0,0,5,0,60" ten="117,675,124,84" oya="0" hai0="85,31,99,97,125,132,1,93,27,51,46,110,120" hai1="16,72,84,91,6,65,40,68,117,130,70,59,94" hai2="100,103,4,5,128,0,43,67,102,79,7,98,73" hai3="13,96,2,3,111,124,118,35,52,50,41,95,135"/><T121/><D1/><U76/><E117/><V134/><F134/><W88/><G111/><T15/><D132/><U56/><E56/><V80/><F128/><W14/><G35/><T25/><D110/><U47/><E6/><V33/><F33/><W92/><G135/><T75/><D75/><U61/><E130/><V20/><F43/><W106/><G106/><T9/><D125/><U62/><E62/><V29/><F67/><W38/><G124/><T18/><D85/><U48/><REACH who="1" step="1"/><E16/><REACH who="1" ten="117,665,124,84" step="2"/><V107/><F0/><W36/><G118/><T87/><D121/><U39/><E39/><V78/><F7/><W66/><G38/><T82/><D120/><U112/><E112/><V129/><F4/><W28/><G36/><T89/><D27/><U109/><E109/><V104/><F5/><W42/><G3/><T37/><D37/><U126/><E126/><V77/><F129/><W23/><G2/><T113/><D113/><U119/><E119/><V123/><F123/><W101/><G14/><T54/><REACH who="0" step="1"/><D93/><REACH who="0" ten="107,665,124,84" step="2"/><U122/><E122/><V131/><F131/><W45/><G95/><T86/><D86/><U17/><E17/><V90/><F107/><W12/><G92/><T116/><D116/><U22/><E22/><AGARI ba="0,2" hai="9,15,18,22,25,31,46,51,54,82,87,89,97,99" machi="22" ten="30,18000,2" yaku="1,1,7,1,25,2,8,1,53,1" doraHai="60" doraHaiUra="26" who="0" fromWho="1" sc="107,200,665,-180,124,0,84,0" /><INIT seed="4,1,0,3,5,11" ten="307,485,124,84" oya="0" hai0="48,31,70,20,25,110,120,133,89,88,96,30,12" hai1="73,130,121,111,37,46,76,27,135,92,69,93,3" hai2="22,17,9,83,99,64,65,91,105,112,119,94,2" hai3="72,56,127,123,50,107,4,39,67,0,97,55,18"/><T26/><D70/><U90/><E121/><V61/><F112/><W6/><G0/><T77/><D120/><U117/><E117/><V15/><F119/><W132/><G72/><T32/><D133/><U66/><E111/><V53/><F105/><W103/><G39/><T86/><D110/><U82/><E3/><V78/><F2/><W124/><G132/><T33/><D48/><U8/><E130/><V84/><F9/><W87/><G123/><T131/><D131/><U52/><E135/><V34/><F34/><W13/><G67/><T109/><D109/><U49/><E37/><V115/><F115/><W58/><G58/><AGARI ba="1,0" hai="15,17,22,53,58,61,64,65,78,83,84,91,94,99" machi="58" ten="40,2600,0" yaku="8,1,52,1" doraHai="11" who="2" fromWho="3" sc="307,0,485,0,124,29,84,-29" /><INIT seed="5,0,0,5,0,85" ten="307,485,153,55" oya="1" hai0="123,83,88,56,74,73,19,129,61,100,95,66,133" hai1="22,16,76,26,50,32,77,7,115,125,113,130,120" hai2="93,72,58,70,8,54,4,102,124,42,53,11,84" hai3="110,17,46,48,36,86,80,5,90,55,128,25,52"/><U13/><E120/><V14/><F72/><W23/><G110/><T29/><D133/><U63/><E125/><V35/><F35/><W64/><G128/><T28/><D129/><U106/><E106/><V1/><F70/><W2/><G36/><T99/><D123/><U60/><E130/><V49/><F124/><W21/><G64/><T39/><D39/><U91/><E91/><V103/><F42/><W20/><G2/><T67/><D67/><U9/><E50/><V15/><F1/><W59/><REACH who="3" step="1"/><G5/><REACH who="3" ten="307,485,153,45" step="2"/><T117/><D66/><U31/><E115/><V44/><F84/><W127/><G127/><T114/><D114/><U65/><E113/><V92/><F103/><W79/><G79/><N who="1" m="30282" /><E65/><V87/><F87/><W97/><G97/><T69/><D99/><U131/><E131/><V105/><F102/><W126/><G126/><T38/><D100/><U107/><E107/><V109/><F109/><W121/><G121/><T43/><D38/><U3/><AGARI ba="0,1" hai="3,7,9,13,16,22,26,31,32,60,63" m="30282" machi="3" ten="30,3000,0" yaku="24,1,54,1" doraHai="85" who="1" fromWho="1" sc="307,-10,485,40,153,-10,45,-10" /><INIT seed="5,1,0,3,4,60" ten="297,525,143,35" oya="1" hai0="72,127,51,34,82,96,83,111,103,66,17,79,105" hai1="65,35,49,70,64,15,81,124,13,1,73,71,120" hai2="31,55,43,78,97,52,74,59,109,44,116,42,91" hai3="38,45,94,123,5,121,131,37,129,100,93,30,40"/><U135/><E120/><V88/><F116/><W58/><G5/><T25/><D111/><U18/><E1/><V57/><F109/><W125/><G30/><T122/><D127/><U69/><E35/><V134/><F74/><W80/><G80/><T62/><D83/><U21/><E124/><V12/><F78/><W56/><G100/><T10/><D51/><U47/><E135/><V128/><F134/><W36/><G125/><T7/><D122/><N who="3" m="46601" /><G94/><T11/><D7/><U54/><E73/><V89/><F31/><W115/><G93/><T110/><D110/><U27/><E81/><V113/><F128/><N who="3" m="49227" /><G115/><T14/><D25/><U108/><E108/><V46/><F113/><W87/><G87/><T39/><D39/><AGARI ba="1,0" hai="36,37,38,39,40,45,56,58" m="49227,46601" machi="39" ten="40,5200,0" yaku="19,1,34,2" doraHai="60" who="3" fromWho="0" sc="297,-55,525,0,143,0,35,55" /><INIT seed="6,0,0,3,4,54" ten="242,525,143,90" oya="2" hai0="38,31,2,73,94,29,30,102,89,62,76,104,132" hai1="19,121,87,107,109,16,71,80,32,64,99,24,18" hai2="36,20,125,67,61,35,65,26,129,134,5,17,51" hai3="43,11,70,81,74,60,48,90,68,127,118,9,39"/><V130/><F36/><W128/><G118/><T28/><D2/><U123/><E109/><V27/><F134/><W116/><G116/><T88/><D38/><U100/><E32/><V52/><F125/><W131/><G74/><T77/><D132/><U69/><E24/><V4/><F35/><W120/><G90/><T112/><D112/><U83/><E83/><V23/><F130/><N who="3" m="49707" /><G81/><T93/><D104/><U57/><E57/><N who="2" m="37039" /><F67/><W91/><G91/><T75/><D62/><U1/><E1/><V44/><F129/><W47/><G9/><T41/><D102/><U79/><E64/><V82/><F82/><W85/><G11/><T84/><D75/><U6/><E6/><V135/><F135/><W22/><G22/><T105/><D73/><U114/><E114/><V108/><F108/><W50/><G85/><T37/><D84/><U111/><E111/><V3/><F3/><W0/><G0/><T8/><D8/><U34/><E34/><V58/><F44/><N who="3" m="23679" /><G127/><T33/><D33/><U124/><E124/><V78/><F78/><W106/><G106/><T117/><D105/><U133/><E133/><V53/><F53/><N who="3" m="29855" /><G120/><AGARI ba="0,0" hai="16,18,19,69,71,79,80,87,99,100,107,120,121,123" machi="120" ten="40,2600,0" yaku="13,1,54,1" doraHai="54" who="1" fromWho="3" sc="242,0,525,26,143,0,90,-26" /><INIT seed="7,0,0,2,3,112" ten="242,551,143,64" oya="3" hai0="117,114,51,87,37,119,40,125,109,27,32,79,30" hai1="46,62,17,92,74,0,93,65,49,4,13,34,42" hai2="78,113,101,129,6,15,115,86,107,121,39,33,127" hai3="61,53,14,99,73,2,64,98,1,8,69,20,70"/><W44/><G73/><T54/><D109/><U118/><E74/><V10/><F39/><W57/><G20/><T88/><D79/><U12/><E34/><V108/><F33/><W60/><G70/><T110/><D125/><U83/><E83/><N who="2" m="47479" /><F108/><W21/><G21/><T9/><D114/><N who="2" m="43530" /><F127/><W66/><G66/><T7/><D40/><U22/><E118/><V128/><F121/><W130/><G130/><N who="2" m="50281" /><F101/><W38/><G38/><T19/><D37/><U11/><REACH who="1" step="1"/><E0/><REACH who="1" ten="242,541,143,64" step="2"/><V104/><AGARI ba="0,1" hai="6,10,15,104,107" m="50281,43530,47479" machi="104" ten="40,2700,0" yaku="15,1,19,1" doraHai="112" who="2" fromWho="2" sc="242,-7,541,-7,143,37,64,-13" owari="235,4.0,534,63.0,180,-22.0,51,-45.0" /></mjloggm>