<mjloggm ver="2.3"><GO type="169" lobby="0"/><UN n0="%E3%82%A6%E3%83%AB%E3%83%88%E3%83%A9%E7%AB%8B%E7%9B%B4" n1="%73%68%6F%6F%74%33%39" n2="%E2%80%A0%73%74%72%61%77%E2%80%A0" n3="%74%75%6A%69%31%30%39%31" dan="17,17,16,16" rate="2158.38,2132.11,2061.93,2083.63" sx="M,M,M,M"/><TAIKYOKU oya="0"/><INIT seed="0,0,0,5,4,91" ten="250,250,250,250" oya="0" hai0="106,119,85,50,30,5,135,0,132,42,109,58,24" hai1="40,17,6,102,111,61,3,27,68,129,103,36,78" hai2="39,81,79,82,69,4,14,89,7,116,133,126,55" hai3="130,64,72,41,45,101,33,95,29,13,49,15,123"/><T32/><D106/><U128/><E111/><V19/><F69/><W20/><G130/><N who="1" m="50282" /><E78/><V120/><F120/><W73/><G33/><T31/><D119/><U94/><E6/><V25/><F39/><W90/><G101/><T71/><D71/><U67/><E3/><V87/><F126/><W115/><G115/><T80/><D31/><U54/><E54/><V127/><F127/><W107/><G107/><T77/><D109/><U48/><E36/><V112/><F133/><W21/><G64/><T122/><D122/><U118/><E118/><V70/><F112/><W88/><G123/><T84/><D5/><U46/><E94/><V18/><F70/><W28/><G95/><T124/><D0/><U131/><E131/><V43/><F43/><W62/><G41/><T66/><D124/><U83/><E83/><V99/><F116/><W63/><G49/><T16/><D16/><U134/><E134/><N who="0" m="51241" /><D42/><U51/><E51/><V65/><F19/><W59/><REACH who="3" step="1"/><G59/><REACH who="3" ten="250,250,250,240" step="2"/><T100/><D100/><U23/><AGARI ba="0,1" hai="17,23,27,40,46,48,61,67,68,102,103" m="50282" machi="23" ten="30,1100,0" yaku="19,1" doraHai="91" who="1" fromWho="1" sc="250,-5,250,21,250,-3,240,-3" /><INIT seed="1,0,0,5,3,84" ten="245,271,247,237" oya="1" hai0="94,1,52,108,109,7,71,43,78,85,118,15,4" hai1="134,60,9,126,93,30,58,23,81,67,107,75,63" hai2="119,6,53,133,115,11,68,31,120,20,22,19,77" hai3="79,64,13,69,56,132,87,55,98,35,128,114,95"/><U57/><E107/><V40/><F119/><W82/><G128/><T91/><D71/><U104/><E104/><V45/><F120/><W66/><G132/><T121/><D118/><U49/><E134/><V131/><F133/><W44/><G114/><T38/><D1/><U17/><E126/><V37/><F68/><W21/><G35/><T0/><D0/><U83/><E75/><V113/><F131/><W2/><G2/><T100/><D100/><U135/><E135/><V14/><F77/><W112/><G44/><N who="0" m="23671" /><D15/><U89/><E49/><V59/><F31/><W25/><G13/><T27/><D27/><N who="1" m="14831" /><E9/><V50/><REACH who="2" step="1"/><F22/><REACH who="2" ten="245,271,237,237" step="2"/><W41/><G69/><T32/><D78/><U127/><E30/><V46/><F46/><W80/><G112/><T54/><D32/><U12/><E127/><V28/><F28/><W74/><G79/><T125/><D121/><U62/><E12/><AGARI ba="0,1" hai="6,11,12,14,19,20,37,40,45,50,53,59,113,115" machi="12" ten="40,1300,0" yaku="1,1,53,0" doraHai="84" doraHaiUra="88" who="2" fromWho="1" sc="245,0,271,-13,237,23,237,0" /><INIT seed="2,0,0,0,1,10" ten="245,258,260,237" oya="2" hai0="84,22,108,80,45,33,116,82,128,2,105,129,62" hai1="119,127,16,76,115,130,114,30,46,65,5,53,133" hai2="63,86,50,124,31,131,102,8,77,42,71,95,96" hai3="47,87,120,40,32,90,26,58,48,7,78,111,69"/><V13/><F124/><W15/><G111/><T88/><D33/><U101/><E119/><V121/><F131/><N who="0" m="50250" /><D2/><U11/><E30/><V35/><F121/><W103/><G103/><T44/><D105/><U91/><E76/><V68/><F63/><W66/><G69/><T25/><D108/><U73/><E73/><V28/><F35/><W109/><G78/><T99/><D99/><U52/><E101/><V81/><F71/><W49/><G109/><T122/><D122/><U61/><E130/><V125/><F125/><W106/><G106/><T107/><D107/><U54/><E127/><V85/><F85/><W97/><G97/><T67/><D80/><U89/><E133/><V75/><F75/><W56/><G66/><T117/><D117/><U17/><E46/><N who="2" m="25943" /><F68/><W132/><G132/><T23/><D23/><U59/><E115/><V27/><F27/><W134/><G134/><T98/><D98/><U72/><E72/><V113/><F113/><W118/><G120/><T37/><D37/><U21/><E114/><V4/><AGARI ba="0,0" hai="4,8,13,28,31,77,81,86,95,96,102" m="25943" machi="4" ten="30,6000,0" yaku="25,1,8,1,52,1" doraHai="10" who="2" fromWho="2" sc="245,-20,258,-20,260,60,237,-20" /><INIT seed="2,1,0,3,2,7" ten="225,238,320,217" oya="2" hai0="48,92,54,129,8,128,96,84,34,131,132,70,97" hai1="94,64,77,124,89,42,108,134,57,105,86,117,53" hai2="26,67,62,14,50,37,122,0,81,74,46,95,75" hai3="24,59,79,61,52,29,119,13,58,90,68,110,85"/><V49/><F0/><W112/><G110/><T93/><D34/><U47/><E117/><V80/><F122/><W16/><G119/><T87/><D70/><U103/><E108/><V19/><F37/><W82/><G68/><T18/><D132/><U17/><E134/><V100/><F75/><W115/><G59/><T60/><D60/><U78/><E64/><V45/><F74/><W44/><G44/><N who="2" m="17001" /><F26/><W56/><G56/><T21/><D54/><U40/><E124/><V99/><F62/><W104/><G104/><T1/><D48/><N who="2" m="18538" /><F67/><W88/><G79/><T120/><D120/><U73/><E47/><V113/><F113/><N who="3" m="43595" /><G85/><T114/><D114/><U23/><E57/><V33/><F33/><N who="3" m="20647" /><G82/><T106/><D106/><U22/><E53/><V41/><F41/><W20/><AGARI ba="1,0" hai="13,16,20,52,58,61,88,90" m="20647,43595" machi="20" ten="30,7900,0" yaku="11,1,54,3" doraHai="7" who="3" fromWho="3" sc="225,-21,238,-21,320,-40,217,82" /><INIT seed="3,0,0,5,1,24" ten="204,217,280,299" oya="3" hai0="19,7,126,87,132,46,17,89,117,47,88,98,71" hai1="5,72,27,90,79,26,111,76,35,67,30,119,39" hai2="11,22,73,34,63,16,107,58,114,104,124,128,53" hai3="25,123,1,80,112,21,66,61,74,121,78,75,103"/><W4/><G112/><T81/><D71/><U57/><E39/><V94/><F114/><W118/><G118/><T51/><D117/><U108/><E119/><V13/><F34/><W110/><G110/><N who="1" m="42026" /><E5/><V101/><F73/><W60/><G103/><T69/><D69/><U15/><E15/><V56/><F124/><W9/><G75/><T127/><D132/><U10/><E10/><V52/><F128/><W131/><G131/><T55/><D7/><U18/><E72/><V106/><F94/><W105/><G105/><T64/><D64/><U92/><E67/><V93/><F93/><W0/><G0/><T130/><D130/><U97/><E57/><V125/><F125/><N who="0" m="47626" /><D47/><U31/><E18/><N who="0" m="6665" /><D98/><U3/><E3/><V100/><REACH who="2" step="1"/><F11/><REACH who="2" ten="204,217,270,299" step="2"/><W115/><G115/><T49/><D49/><AGARI ba="0,1" hai="13,16,22,49,52,53,56,58,63,100,101,104,106,107" machi="49" ten="40,8000,1" yaku="1,1,2,1,54,2,53,0" doraHai="24" doraHaiUra="95" who="2" fromWho="0" sc="204,-80,217,0,270,90,299,0" /><INIT seed="4,0,0,2,0,80" ten="124,217,360,299" oya="0" hai0="67,2,68,36,77,92,50,48,11,5,25,61,72" hai1="83,135,97,52,18,8,98,63,3,43,59,24,71" hai2="57,73,19,122,123,96,120,32,38,51,106,1,87" hai3="10,81,103,121,134,93,118,90,86,17,53,116,94"/><T14/><D36/><U47/><E135/><V78/><F38/><W88/><G134/><T22/><D72/><U45/><E71/><V6/><F32/><W20/><G121/><T9/><D77/><U107/><E107/><V75/><F87/><W15/><G103/><T112/><D112/><U95/><E83/><V117/><F117/><W102/><G102/><T125/><D125/><U111/><E111/><V64/><F19/><W115/><G115/><T129/><D129/><U30/><E3/><V105/><F96/><W54/><G94/><T49/><D92/><U58/><E43/><V66/><F51/><W104/><G104/><T74/><D74/><U79/><E79/><V13/><F13/><N who="3" m="9263" /><G116/><T29/><REACH who="0" step="1"/><D50/><REACH who="0" ten="114,217,360,299" step="2"/><U82/><E95/><V124/><F105/><W130/><G118/><T37/><D37/><U60/><E82/><V108/><F106/><W69/><G130/><T99/><D99/><U16/><E98/><V62/><F124/><W46/><G93/><T76/><D76/><U85/><E97/><V41/><F78/><W70/><G81/><T128/><D128/><U127/><E127/><V100/><F75/><W65/><G90/><T132/><D132/><U33/><E85/><V39/><F73/><W131/><G86/><T0/><D0/><U84/><E84/><V109/><F100/><W35/><G88/><T101/><D101/><U31/><E8/><V4/><F1/><W23/><G131/><T56/><D56/><U21/><E59/><V91/><F91/><W28/><G10/><T42/><D42/><U12/><E58/><V89/><F57/><RYUUKYOKU ba="0,1" sc="114,30,217,-10,360,-10,299,-10" hai0="2,5,9,11,14,22,25,29,48,49,61,67,68" /><INIT seed="4,1,1,5,2,42" ten="144,207,350,289" oya="0" hai0="53,98,73,31,119,64,50,105,113,128,72,94,56" hai1="78,96,57,103,32,22,101,102,59,10,65,77,71" hai2="19,37,58,46,126,127,60,124,26,83,111,86,5" hai3="108,36,95,20,129,120,63,55,74,13,107,87,12"/><T93/><D119/><U110/><E32/><V90/><F111/><W45/><G108/><T41/><D128/><U92/><E110/><V135/><F135/><W23/><G107/><T11/><D113/><U34/><E34/><V48/><F5/><W115/><G74/><T134/><D134/><U130/><E71/><V68/><F68/><W89/><G129/><T30/><D105/><U4/><E130/><V117/><F37/><W116/><G116/><T21/><D73/><U27/><E78/><V80/><F117/><W3/><G3/><T70/><D72/><U15/><E77/><V33/><F83/><W131/><G131/><T84/><D70/><U18/><REACH who="1" step="1"/><E65/><REACH who="1" ten="144,197,350,289" step="2"/><N who="2" m="39063" /><F33/><W79/><G79/><T104/><D64/><U76/><E76/><V133/><F133/><W85/><G115/><T81/><D104/><U54/><E54/><V28/><F126/><W8/><G55/><T16/><D41/><U39/><E39/><V132/><F132/><W88/><G36/><T9/><D81/><U29/><E29/><N who="0" m="10761" /><D84/><U14/><E14/><V66/><F124/><W109/><G109/><T49/><D94/><U91/><AGARI ba="1,2" hai="4,10,15,18,22,27,57,59,91,92,96,101,102,103" machi="91" ten="30,7900,0" yaku="1,1,0,1,8,1,53,1" doraHai="42" doraHaiUra="0" who="1" fromWho="1" sc="144,-40,197,102,350,-21,289,-21" /><INIT seed="5,0,0,4,5,74" ten="104,299,329,268" oya="1" hai0="70,95,61,1,37,13,3,43,60,111,72,62,49" hai1="17,106,124,112,99,91,14,33,16,55,85,40,77" hai2="120,83,34,79,80,53,135,47,118,45,125,110,131" hai3="78,87,128,103,64,115,51,11,119,82,24,9,100"/><U93/><E33/><V73/><F110/><W67/><G128/><T92/><D111/><U66/><E112/><V81/><F118/><W113/><G119/><T4/><D37/><U71/><E124/><V126/><F120/><W127/><G127/><N who="2" m="48649" /><F131/><W69/><G69/><T30/><D70/><U19/><E71/><V104/><F104/><W96/><G24/><T88/><D72/><U50/><E66/><N who="3" m="25130" /><G51/><T59/><D92/><U122/><E122/><V46/><F135/><W58/><G58/><T18/><D30/><U63/><E63/><V42/><F34/><W28/><G28/><T130/><D4/><U98/><E106/><V2/><F2/><W29/><G29/><T57/><D130/><U132/><E132/><V114/><F114/><N who="3" m="43531" /><G103/><T90/><D90/><U108/><E40/><V20/><F20/><W75/><G75/><T39/><D39/><U109/><E109/><V129/><F129/><W123/><G123/><T121/><D121/><U32/><E32/><V38/><F53/><W89/><G89/><T76/><D3/><U56/><E108/><V27/><F27/><W26/><G26/><T25/><D1/><U12/><E99/><V21/><F21/><W36/><G36/><T7/><D25/><U117/><E117/><V54/><F54/><W5/><G5/><T102/><D7/><U41/><E41/><V0/><F0/><W15/><G15/><T8/><D102/><U101/><E101/><V22/><F22/><W134/><G134/><T97/><REACH who="0" step="1"/><D76/><REACH who="0" ten="94,299,329,268" step="2"/><U68/><E68/><V94/><F94/><AGARI ba="0,1" hai="9,11,78,82,87,94,96,100" m="43531,25130" machi="94" ten="30,2000,0" yaku="15,1,52,1" doraHai="74" who="3" fromWho="2" sc="94,0,299,0,329,-20,268,30" /><INIT seed="6,0,0,5,2,25" ten="94,299,309,298" oya="2" hai0="92,114,108,16,32,61,27,76,133,51,71,17,121" hai1="110,35,55,131,70,105,122,101,100,21,38,45,31" hai2="119,123,84,57,130,87,128,6,66,58,23,15,103" hai3="50,10,65,89,49,99,116,120,9,96,5,41,48"/><V90/><F119/><W20/><G116/><T95/><D108/><U42/><E70/><V129/><F123/><W28/><G120/><T59/><D121/><U135/><E110/><V18/><F103/><W111/><G111/><T107/><D107/><U93/><E35/><V118/><F118/><W8/><G65/><T53/><D114/><U34/><E34/><V74/><F74/><W79/><G79/><T98/><D133/><U24/><E105/><V97/><F6/><W64/><G64/><T1/><D1/><U14/><E122/><V127/><F127/><W125/><G125/><T132/><D132/><U83/><E131/><V134/><F134/><W85/><G5/><T91/><D76/><U117/><E117/><V72/><F72/><W126/><G41/><T46/><D71/><U88/><E83/><N who="2" m="49439" /><F97/><W22/><G126/><T33/><D95/><U13/><E135/><V115/><F115/><W69/><G69/><T73/><D73/><U63/><E101/><V3/><F3/><W26/><REACH who="3" step="1"/><G20/><REACH who="3" ten="94,299,309,288" step="2"/><T4/><D4/><U30/><E21/><V80/><F66/><W104/><G104/><T19/><REACH who="0" step="1"/><D27/><REACH who="0" ten="84,299,309,288" step="2"/><U52/><E24/><V86/><F86/><W11/><N who="3" m="2048" /><DORA hai="60" /><W37/><G37/><T36/><D36/><U68/><E38/><V40/><F40/><AGARI ba="0,2" hai="16,17,19,32,33,40,46,51,53,59,61,91,92,98" machi="40" ten="40,5200,0" yaku="1,1,54,1,53,1" doraHai="25,60" doraHaiUra="113,43" who="0" fromWho="2" sc="84,72,299,0,309,-52,288,0" /><INIT seed="7,0,0,1,0,76" ten="156,299,257,288" oya="3" hai0="134,13,50,39,106,57,102,113,18,35,36,31,54" hai1="60,101,61,104,3,45,23,126,46,114,85,80,97" hai2="79,25,72,30,100,117,4,15,40,29,17,70,34" hai3="64,110,48,51,52,121,108,118,11,131,84,8,89"/><W6/><G118/><T88/><D134/><U127/><E3/><V78/><F117/><W59/><G131/><T93/><D113/><U38/><E114/><V109/><F109/><N who="3" m="42091" /><G121/><T1/><D1/><U37/><E45/><V19/><F70/><W96/><G96/><T21/><D102/><U119/><E119/><V66/><F66/><W5/><G64/><T63/><D106/><U111/><E111/><V42/><F100/><W115/><G115/><T0/><D0/><U129/><E129/><V67/><F67/><W112/><G112/><T32/><D63/><N who="1" m="24139" /><E23/><V73/><F15/><W27/><G27/><T91/><D91/><N who="1" m="51623" /><E46/><V103/><F103/><W86/><G51/><T83/><D83/><U82/><E82/><V71/><F71/><W62/><G48/><T122/><D122/><U47/><E47/><V87/><F87/><N who="3" m="33323" /><G89/><T65/><D65/><U12/><E12/><V7/><REACH who="2" step="1"/><F25/><REACH who="2" ten="156,299,247,288" step="2"/><W92/><G92/><T128/><D128/><U125/><AGARI ba="0,1" hai="37,38,97,101,104,125,126,127" m="51623,24139" machi="125" ten="40,2700,0" yaku="18,1,52,1" doraHai="76" who="1" fromWho="1" sc="156,-7,299,37,247,-7,288,-13" owari="149,-35.0,336,43.0,240,-16.0,275,8.0" /></mjloggm>