<mjloggm ver="2.3"><GO type="225" lobby="0"/><UN n0="%E9%95%B7%E5%B7%9E%E3%81%AE%E5%85%8B" n1="%E3%83%88%E3%83%88%E3%83%AA%E5%85%88%E7%94%9F%31%39%E6%AD%B3" n2="%E3%81%8D%E3%81%A6%E3%81%83%E2%98%86%E3%81%B1%E3%81%84" n3="%61%6C%6F%74%75%73" dan="17,17,16,16" rate="2165.09,2236.69,2092.10,2080.74" sx="M,F,F,M"/><TAIKYOKU oya="0"/><INIT seed="0,0,0,3,4,64" ten="250,250,250,250" oya="0" hai0="129,26,92,134,4,86,132,35,36,98,81,120,97" hai1="126,63,60,59,20,28,85,111,39,128,131,9,70" hai2="67,130,99,110,16,103,58,18,12,117,25,123,119" hai3="23,107,72,96,69,71,47,83,112,19,124,29,31"/><T65/><D36/><U46/><E111/><V24/><F123/><W53/><G112/><T95/><D120/><U74/><E74/><V84/><F110/><W114/><G114/><T41/><D4/><U78/><E126/><V82/><F130/><N who="1" m="49705" /><E9/><V2/><F2/><W48/><G124/><T109/><D41/><N who="1" m="22847" /><E70/><V56/><F67/><W34/><G83/><T87/><D65/><U116/><E59/><N who="2" m="22571" /><F99/><N who="0" m="37898" /><D109/><U15/><E15/><V93/><F103/><W79/><G72/><T43/><D43/><U115/><E116/><N who="2" m="44619" /><F93/><N who="0" m="35914" /><D129/><U75/><E75/><V5/><F5/><W21/><G79/><T88/><D35/><U27/><E115/><V122/><F122/><W61/><G107/><T33/><D33/><U45/><E45/><V17/><F12/><W37/><G37/><T76/><D26/><U106/><E106/><V13/><F13/><W80/><G34/><T89/><D86/><U54/><E63/><V133/><F133/><AGARI ba="0,0" hai="76,81,87,88,89,132,133,134" m="35914,37898" machi="133" ten="30,11600,0" yaku="20,1,34,2,54,1" doraHai="64" who="0" fromWho="2" sc="250,116,250,0,250,-116,250,0" /><INIT seed="0,1,0,2,2,87" ten="366,250,134,250" oya="0" hai0="77,47,44,17,81,117,31,132,90,38,26,76,80" hai1="50,126,16,2,92,56,71,14,79,6,116,46,65" hai2="113,3,58,118,93,55,133,4,108,82,103,28,64" hai3="98,29,86,125,83,54,130,67,19,9,110,48,99"/><T134/><D117/><U95/><E116/><V35/><F113/><W57/><G130/><T101/><D101/><U109/><E71/><V30/><F118/><W122/><G125/><T11/><D38/><U52/><E126/><V106/><F106/><W75/><G75/><T13/><D77/><U15/><E2/><V96/><F35/><W20/><G110/><T123/><D123/><U62/><E109/><V105/><F64/><W107/><G107/><T53/><D76/><U24/><E79/><V1/><F82/><W121/><G29/><T45/><D53/><U8/><E24/><V51/><F108/><W91/><G67/><T135/><REACH who="0" step="1"/><D90/><REACH who="0" ten="356,250,134,250" step="2"/><U72/><E72/><V114/><F114/><W61/><G122/><T41/><D41/><U34/><E34/><AGARI ba="1,1" hai="11,13,17,26,31,34,44,45,47,80,81,132,134,135" machi="34" ten="50,4800,0" yaku="1,1,20,1,53,0" doraHai="87" doraHaiUra="102" who="0" fromWho="1" sc="356,61,250,-51,134,0,250,0" /><INIT seed="0,2,0,0,3,27" ten="417,199,134,250" oya="0" hai0="45,50,47,61,129,117,131,85,46,52,75,130,65" hai1="12,104,57,33,107,49,116,51,1,44,53,105,55" hai2="0,11,17,36,37,20,6,78,132,28,125,23,59" hai3="112,35,109,102,111,108,76,120,69,84,128,19,10"/><T14/><D75/><U60/><E116/><V95/><F78/><W89/><G69/><N who="0" m="42159" /><D85/><U121/><E121/><V97/><F132/><W22/><G35/><T74/><D74/><U86/><E1/><V124/><F59/><W29/><G128/><T71/><D14/><U68/><E33/><V100/><F36/><W64/><G112/><T83/><D83/><U77/><E60/><V7/><F37/><W91/><G102/><T99/><D99/><U63/><E63/><V70/><F70/><W118/><G64/><T48/><D71/><U18/><E68/><V24/><F7/><W90/><G120/><T134/><D117/><U73/><E73/><V15/><REACH who="2" step="1"/><F23/><REACH who="2" ten="417,199,124,250" step="2"/><W3/><G118/><T133/><D50/><U115/><E115/><V94/><F94/><W40/><G22/><T21/><D21/><U4/><E4/><V92/><F92/><W87/><G108/><T114/><D114/><U8/><E105/><V5/><F5/><W122/><G111/><T43/><D43/><U42/><E42/><V106/><F106/><W30/><G40/><T98/><D98/><U16/><E104/><V66/><F66/><W25/><G109/><T58/><AGARI ba="2,1" hai="45,46,47,48,52,58,129,130,131,133,134" m="42159" machi="58" ten="40,12000,1" yaku="19,1,34,2,54,1" doraHai="27" who="0" fromWho="0" sc="417,136,199,-42,124,-42,250,-42" /><INIT seed="0,3,0,4,5,30" ten="553,157,82,208" oya="0" hai0="83,39,101,68,37,93,25,117,122,108,35,50,36" hai1="13,52,10,67,107,28,121,61,89,90,26,56,64" hai2="132,103,33,54,80,76,0,11,106,127,49,78,9" hai3="85,73,102,87,51,6,21,47,133,2,4,74,63"/><T111/><D68/><U114/><E121/><V75/><F78/><W91/><G133/><T66/><D122/><U113/><E107/><V40/><F132/><W53/><G102/><T123/><D66/><U92/><E67/><V125/><F11/><W126/><G126/><N who="2" m="48137" /><F40/><W14/><G2/><T58/><D123/><U131/><E64/><V130/><F130/><W118/><G118/><T12/><D83/><U98/><E131/><V38/><F38/><W94/><G74/><T44/><D58/><U20/><REACH who="1" step="1"/><E89/><REACH who="1" ten="553,147,82,208" step="2"/><V32/><F106/><W34/><G91/><T135/><D117/><U99/><E99/><V110/><F103/><W5/><G73/><T29/><D135/><U48/><E48/><V59/><F110/><W3/><G51/><T62/><D111/><U100/><E100/><V82/><F82/><W79/><G85/><T109/><D108/><U57/><E57/><V84/><F84/><W17/><G87/><T96/><D109/><U1/><E1/><V23/><F23/><W120/><G3/><T16/><D62/><U112/><E112/><V18/><F0/><W97/><G63/><T119/><D119/><U31/><E31/><V41/><F41/><W43/><G97/><T128/><D128/><U88/><E88/><V105/><F105/><W86/><G43/><T71/><D71/><U124/><E124/><V55/><F55/><W7/><G53/><T104/><D104/><U42/><E42/><V22/><F9/><W69/><G21/><N who="0" m="11399" /><D37/><U116/><E116/><V65/><F65/><W81/><G120/><T70/><D70/><U60/><E60/><RYUUKYOKU ba="3,1" sc="553,10,147,10,82,10,208,-30" hai0="25,29,35,36,39,44,50,93,96,101" hai1="10,13,20,26,28,52,56,61,90,92,98,113,114" hai2="18,22,32,33,49,54,59,75,76,80" /><INIT seed="0,4,1,2,0,81" ten="563,157,92,178" oya="0" hai0="53,133,105,117,7,111,61,93,104,125,128,27,30" hai1="39,132,51,62,108,73,52,1,13,122,82,22,15" hai2="38,129,67,47,48,120,68,24,5,35,66,95,86" hai3="59,43,92,119,19,74,80,106,10,90,75,0,96"/><T79/><D117/><U77/><E122/><V17/><F120/><W45/><G119/><T16/><D125/><U60/><E1/><V131/><F38/><W110/><G110/><T116/><D116/><U2/><E2/><V123/><F123/><W46/><G59/><T115/><D115/><U118/><E118/><V72/><F72/><W26/><G106/><T78/><D111/><U101/><E39/><V94/><F5/><W112/><G112/><T102/><D7/><U31/><E108/><V97/><F68/><W87/><G0/><T127/><D127/><U29/><E101/><V113/><F113/><W56/><G56/><T121/><D121/><U34/><E132/><V89/><F35/><W33/><G33/><T37/><D133/><U25/><E15/><V3/><F3/><W91/><G45/><T85/><D128/><N who="2" m="49226" /><F24/><W8/><G8/><T50/><D61/><U49/><E49/><V103/><F17/><W114/><G114/><T64/><D16/><U4/><E31/><V28/><F28/><W107/><G107/><T11/><D105/><U40/><E40/><AGARI ba="4,1" hai="40,47,48,66,67,86,89,94,95,97,103" m="49226" machi="40" ten="30,2000,0" yaku="19,1,52,1" doraHai="81" who="2" fromWho="1" sc="563,0,157,-32,92,42,178,0" /><INIT seed="1,0,0,0,0,46" ten="563,125,134,178" oya="1" hai0="32,7,41,1,131,37,66,57,98,42,50,108,70" hai1="128,25,49,26,20,82,127,44,134,51,6,11,61" hai2="83,130,53,2,30,81,92,71,111,88,33,65,14" hai3="15,96,102,89,74,133,69,4,104,97,24,62,16"/><U119/><E119/><V87/><F2/><W107/><G74/><T56/><D32/><U115/><E115/><V5/><F111/><W52/><G133/><T72/><D72/><U79/><E128/><V118/><F118/><W123/><G123/><T63/><D98/><U54/><E134/><V39/><F39/><W8/><G69/><T91/><D91/><U29/><E127/><V129/><F65/><W28/><G89/><T23/><D7/><U9/><E6/><V86/><F71/><W124/><G124/><T103/><D23/><U73/><E61/><V64/><F64/><W75/><G75/><T3/><D103/><U43/><REACH who="1" step="1"/><E26/><REACH who="1" ten="563,115,134,178" step="2"/><V126/><F126/><W22/><G4/><T48/><D131/><U35/><E35/><V12/><F129/><W125/><G125/><T47/><D108/><U45/><AGARI ba="0,1" hai="9,11,20,25,29,43,44,45,49,51,54,73,79,82" machi="45" ten="20,12000,1" yaku="1,1,0,1,7,1,52,2,53,0" doraHai="46" doraHaiUra="109" who="1" fromWho="1" sc="563,-40,115,130,134,-40,178,-40" /><INIT seed="1,1,0,2,3,7" ten="523,245,94,138" oya="1" hai0="57,39,109,25,27,36,74,29,75,45,98,106,93" hai1="79,69,95,84,103,49,31,1,82,99,63,5,119" hai2="89,23,6,70,53,43,55,18,117,102,16,56,76" hai3="46,21,101,77,8,124,130,134,81,85,126,121,41"/><U115/><E115/><V104/><F70/><W20/><G121/><T132/><D106/><U111/><E119/><V80/><F117/><W83/><G134/><T9/><D109/><U105/><E111/><V68/><F68/><W116/><G130/><T127/><D127/><N who="3" m="48681" /><G116/><T51/><D9/><U48/><E31/><V34/><F34/><W50/><G101/><T131/><D27/><U0/><E69/><V59/><F43/><W65/><G65/><T128/><D132/><U73/><E63/><V24/><F104/><W54/><G54/><T118/><D57/><U90/><REACH who="1" step="1"/><E5/><REACH who="1" ten="523,235,94,138" step="2"/><V110/><F6/><W97/><G97/><T86/><D118/><U66/><E66/><V28/><F110/><W12/><G83/><T72/><D128/><U133/><E133/><V22/><F28/><W44/><G44/><T64/><D131/><U60/><E60/><V38/><F59/><W42/><G42/><T114/><D64/><U37/><E37/><V92/><F38/><W125/><G125/><T112/><D39/><U120/><E120/><V10/><F56/><W123/><G123/><T96/><D36/><U91/><E91/><V3/><F102/><W100/><G100/><T13/><D114/><U94/><E94/><V4/><F89/><W11/><G12/><T129/><D112/><U26/><E26/><V88/><F80/><W108/><G108/><T47/><D13/><U40/><E40/><V135/><F135/><W58/><G58/><T107/><D129/><U33/><E33/><V2/><F92/><W35/><G35/><N who="0" m="20911" /><D93/><U14/><E14/><N who="2" m="5447" /><F88/><W30/><G30/><RYUUKYOKU ba="1,1" sc="523,-15,235,15,94,-15,138,15" hai1="0,1,48,49,73,79,82,84,90,95,99,103,105" hai3="8,11,20,21,41,46,50,77,81,85" /><INIT seed="1,2,1,0,3,89" ten="508,250,79,153" oya="1" hai0="36,16,94,53,115,60,119,80,120,46,114,30,47" hai1="13,64,109,132,61,65,131,105,52,3,126,75,35" hai2="116,70,29,32,96,17,62,49,127,83,72,24,59" hai3="2,19,8,48,34,107,77,51,78,7,134,121,95"/><U108/><E3/><V68/><F116/><W18/><G107/><T0/><D119/><U112/><E112/><V104/><F127/><W26/><G134/><T37/><D0/><U43/><E105/><V25/><F49/><W123/><G19/><T84/><D30/><U93/><E75/><V73/><F83/><W91/><G51/><T133/><D133/><U82/><E35/><N who="2" m="20903" /><F70/><W111/><G111/><N who="1" m="42570" /><E132/><V1/><F59/><W135/><G135/><T50/><D120/><U54/><E131/><V113/><F17/><W74/><G48/><T67/><D115/><U79/><E126/><V98/><F98/><W66/><G66/><N who="1" m="25706" /><E43/><V39/><F1/><W122/><G74/><T14/><D114/><U10/><E61/><V102/><F113/><W57/><G2/><T33/><D33/><U76/><E93/><V28/><F39/><W106/><G34/><T124/><D37/><U129/><E129/><V85/><F85/><W103/><G121/><T110/><D36/><U22/><E82/><V71/><F71/><W125/><G125/><T90/><D110/><U4/><E22/><V87/><F87/><W27/><G122/><T9/><D124/><U44/><E44/><V56/><F56/><W40/><G57/><N who="0" m="37263" /><D80/><U58/><E58/><AGARI ba="2,1" hai="9,14,16,46,47,50,53,58,84,90,94" m="37263" machi="58" ten="30,3900,0" yaku="8,1,52,1,54,1" doraHai="89" who="0" fromWho="1" sc="508,55,250,-45,79,0,153,0" /><INIT seed="2,0,0,0,4,105" ten="563,205,79,153" oya="2" hai0="33,94,52,31,0,56,112,19,16,128,119,17,32" hai1="38,73,113,111,26,90,61,20,47,4,93,41,5" hai2="27,102,28,64,42,123,43,125,18,21,2,14,101" hai3="45,25,122,59,132,40,107,11,92,120,39,110,22"/><V84/><F123/><W63/><G107/><T135/><D0/><U37/><E113/><V81/><F2/><W106/><G106/><T68/><D112/><U79/><E111/><V65/><F125/><W67/><G132/><T118/><D68/><U24/><E38/><V95/><F65/><W108/><G11/><T87/><D135/><U13/><E13/><V103/><F64/><W115/><G115/><T8/><D8/><U80/><E61/><V82/><F95/><W53/><G53/><T133/><D133/><U99/><E26/><V96/><F96/><W114/><G114/><T75/><D75/><U104/><E104/><V88/><REACH who="2" step="1"/><F81/><REACH who="2" ten="563,205,69,153" step="2"/><W7/><G110/><T74/><D94/><U30/><AGARI ba="0,1" hai="4,5,20,24,30,37,41,47,73,79,80,90,93,99" machi="30" ten="20,2700,0" yaku="0,1,7,1,52,1" doraHai="105" who="1" fromWho="1" sc="563,-7,205,37,69,-13,153,-7" /><INIT seed="3,0,0,1,3,41" ten="556,242,56,146" oya="3" hai0="15,116,14,28,59,83,125,92,135,22,126,53,80" hai1="102,114,118,26,85,73,18,113,21,119,30,54,97" hai2="6,132,71,88,69,81,87,79,95,4,100,75,65" hai3="129,134,62,43,122,33,31,131,32,57,74,91,124"/><W48/><G122/><T5/><D116/><N who="1" m="44587" /><E73/><V52/><F132/><W123/><G123/><T34/><D34/><N who="1" m="20823" /><E85/><V23/><F23/><W64/><G91/><T50/><D92/><N who="1" m="58663" /><E54/><V35/><F35/><W103/><G74/><T90/><D126/><U67/><E67/><V12/><F12/><AGARI ba="0,0" hai="12,18,21,113,114" m="58663,20823,44587" machi="12" ten="30,1000,0" yaku="12,1" doraHai="41" who="1" fromWho="2" sc="556,0,242,10,56,-10,146,0" owari="556,65.0,252,5.0,46,-45.0,146,-25.0" /></mjloggm>