<mjloggm ver="2.3"><GO type="169" lobby="0"/><UN n0="%E3%83%8A%E3%82%AB%E3%83%9E%E3%82%B9%E3%83%86%E3%82%A3%E3%83%95" n1="%E5%AE%AE%E6%9C%AC%E4%BE%86%E5%A4%8F" n2="%E3%82%A6%E3%83%AB%E3%83%88%E3%83%A9%E7%AB%8B%E7%9B%B4" n3="%76%61%67%69%6F" dan="16,16,16,16" rate="2073.74,2072.39,2122.12,2082.48" sx="M,F,M,M"/><TAIKYOKU oya="0"/><INIT seed="0,0,0,0,5,65" ten="250,250,250,250" oya="0" hai0="29,68,60,27,47,103,35,9,125,95,61,14,11" hai1="75,7,59,128,10,66,32,83,117,58,123,115,134" hai2="40,87,36,86,49,112,19,52,120,102,79,51,131" hai3="5,71,55,96,74,92,109,38,41,28,108,3,133"/><T73/><D73/><U114/><E117/><V98/><F120/><W12/><G74/><T101/><D125/><U54/><E123/><V107/><F112/><W44/><G3/><T17/><D47/><U21/><E32/><V100/><F131/><W76/><G76/><T124/><D124/><U13/><E128/><V81/><F102/><W39/><G28/><T24/><D24/><U99/><E134/><V69/><F19/><W116/><G116/><T31/><D31/><U72/><E66/><V67/><F87/><W88/><G133/><T77/><D77/><U6/><E6/><V130/><F130/><W2/><G2/><T91/><D60/><U50/><E83/><V129/><F129/><W118/><G55/><T56/><D11/><U37/><E37/><V46/><REACH who="2" step="1"/><F52/><REACH who="2" ten="250,250,240,250" step="2"/><W26/><G118/><T53/><D101/><U1/><E99/><V122/><F122/><W43/><G43/><T4/><D103/><U97/><E97/><V57/><F57/><W22/><G5/><T42/><D4/><U63/><E75/><V8/><F8/><W64/><G96/><T82/><D42/><U104/><E72/><V113/><F113/><W16/><G41/><T93/><D53/><U135/><E115/><V70/><F70/><W15/><G44/><T105/><D56/><U126/><E114/><V111/><F111/><W25/><G108/><T110/><D110/><U80/><E59/><V84/><F84/><N who="3" m="52231" /><G109/><T23/><D17/><U62/><E135/><V34/><F34/><W20/><G16/><N who="0" m="10647" /><D35/><U94/><E126/><V90/><F90/><W121/><G121/><RYUUKYOKU ba="0,1" sc="250,-10,250,-10,240,30,250,-10" hai2="36,40,46,49,51,67,69,79,81,86,98,100,107" /><INIT seed="1,1,1,2,1,88" ten="240,240,270,240" oya="1" hai0="85,33,3,81,20,56,18,115,117,113,24,10,75" hai1="107,87,80,89,93,73,16,30,66,19,70,35,98" hai2="99,51,130,6,122,59,96,112,53,77,55,83,42" hai3="50,64,62,15,103,101,48,14,47,25,63,134,49"/><U5/><E5/><V8/><F122/><W123/><G123/><T102/><D117/><U79/><E30/><V26/><F130/><W125/><G125/><T82/><D102/><N who="3" m="38921" /><G134/><T119/><D119/><U44/><E35/><V22/><F55/><W28/><G47/><T129/><D129/><U54/><E70/><V126/><F126/><W121/><G121/><T58/><D33/><U13/><E66/><V124/><F42/><W52/><G64/><T12/><D3/><U86/><E107/><V68/><F68/><W43/><G43/><T11/><D11/><U106/><E106/><V132/><F132/><W116/><G116/><T110/><D75/><U17/><REACH who="1" step="1"/><E13/><REACH who="1" ten="240,230,270,240" step="2"/><V36/><F124/><W29/><G15/><T133/><D133/><U118/><E118/><V21/><F112/><W9/><G28/><T109/><D113/><U37/><E37/><V95/><F36/><W90/><G29/><T74/><D115/><U127/><E127/><V41/><F26/><W40/><G25/><T57/><D24/><U128/><E128/><V114/><F114/><W31/><G31/><T1/><D1/><U111/><E111/><V131/><F131/><W46/><G14/><T91/><D109/><U38/><E38/><V97/><F6/><W72/><G40/><T69/><D110/><U78/><E78/><V135/><F41/><W94/><G46/><T61/><D69/><U2/><E2/><V4/><F4/><W32/><G32/><T76/><D61/><U34/><E34/><V27/><F135/><W100/><G63/><T45/><D76/><U67/><E67/><RYUUKYOKU ba="1,2" sc="240,-10,230,30,270,-10,240,-10" hai1="16,17,19,44,54,73,79,80,86,87,89,93,98" /><INIT seed="1,2,2,4,1,79" ten="230,260,260,230" oya="1" hai0="51,10,7,133,35,24,66,15,42,97,76,13,19" hai1="100,27,47,126,127,99,114,63,125,131,123,88,32" hai2="28,70,53,129,91,56,132,85,80,30,120,116,93" hai3="62,45,109,46,115,57,94,106,89,60,44,58,3"/><U69/><E123/><V54/><F70/><W72/><G106/><T122/><D122/><U59/><E114/><V37/><F37/><W98/><G3/><T117/><D117/><U0/><E69/><V12/><F120/><W81/><G115/><T20/><D133/><U121/><E121/><V84/><F116/><W17/><G109/><T55/><D66/><N who="1" m="39295" /><E131/><V74/><F74/><W40/><G40/><T52/><D35/><U130/><E130/><V26/><F129/><W107/><G107/><T110/><D110/><U111/><E111/><V68/><F68/><W86/><G72/><T1/><D1/><U101/><E0/><V49/><F132/><W124/><G124/><T2/><D2/><U108/><E47/><N who="2" m="27839" /><F12/><W36/><G36/><T14/><D14/><U95/><E108/><V105/><F26/><W25/><G60/><T43/><D24/><U119/><E119/><V29/><F105/><W9/><G62/><T48/><D15/><U64/><E64/><V75/><F75/><W135/><G135/><T128/><D128/><U18/><E18/><V34/><F34/><W5/><G5/><T65/><D65/><U22/><E22/><V82/><F85/><W8/><G8/><T73/><D10/><U61/><E61/><AGARI ba="2,2" hai="28,29,30,54,56,61,80,82,84,91,93" m="27839" machi="61" ten="30,3900,0" yaku="8,1,52,2" doraHai="79" who="2" fromWho="1" sc="230,0,260,-45,260,65,230,0" /><INIT seed="2,0,0,4,1,25" ten="230,215,325,230" oya="2" hai0="57,66,126,73,23,40,76,94,100,58,71,117,86" hai1="98,77,34,131,17,134,33,120,3,113,11,6,95" hai2="116,79,36,78,16,121,49,14,90,114,29,1,75" hai3="22,109,4,53,5,93,45,125,31,122,107,19,12"/><V32/><F36/><W110/><G107/><T87/><D73/><U63/><E113/><V51/><F114/><W68/><G68/><T92/><D126/><U62/><E120/><V61/><F116/><W89/><G122/><T39/><D71/><U83/><E134/><V127/><F1/><W104/><G104/><T70/><D70/><U35/><E131/><V47/><F121/><W30/><G45/><T64/><D40/><U52/><E17/><V84/><F75/><W123/><G53/><T8/><D39/><U103/><REACH who="1" step="1"/><E52/><REACH who="1" ten="230,205,325,230" step="2"/><N who="2" m="29759" /><F61/><W91/><G123/><T102/><D117/><U15/><E15/><V106/><F127/><W46/><G125/><T74/><D57/><U0/><E0/><V48/><F48/><W72/><G46/><T101/><D58/><U105/><E105/><V111/><F51/><W135/><G135/><T28/><D66/><U44/><E44/><V9/><F106/><W69/><G69/><T85/><D64/><U132/><E132/><V115/><F115/><W7/><G72/><AGARI ba="0,1" hai="3,6,11,33,34,35,62,63,72,77,83,95,98,103" machi="72" ten="40,1300,0" yaku="1,1,53,0" doraHai="25" doraHaiUra="129" who="1" fromWho="3" sc="230,0,205,23,325,0,230,-13" /><INIT seed="3,0,0,5,1,101" ten="230,228,325,217" oya="3" hai0="109,133,82,83,47,24,64,8,60,20,129,59,12" hai1="99,55,91,9,57,26,32,84,90,79,68,100,70" hai2="106,15,38,125,22,41,4,11,116,13,111,81,127" hai3="17,132,23,98,89,34,120,3,27,37,96,52,44"/><W61/><G120/><T102/><D109/><U69/><E79/><V46/><F116/><W103/><G132/><T134/><D129/><U105/><E9/><V130/><F130/><W29/><G3/><T73/><D73/><U121/><E121/><V35/><F35/><W72/><G72/><T7/><D102/><U135/><E135/><V1/><F111/><W36/><G89/><T77/><D77/><U50/><REACH who="1" step="1"/><E84/><REACH who="1" ten="230,218,325,217" step="2"/><V65/><F11/><W115/><G115/><T0/><D133/><U117/><E117/><V33/><F1/><W76/><G76/><T5/><D134/><U63/><E63/><V104/><F125/><W128/><G128/><T75/><D75/><U10/><E10/><V30/><F127/><W45/><G98/><T74/><D74/><U31/><AGARI ba="0,1" hai="26,31,32,50,55,57,68,69,70,90,91,99,100,105" machi="31" ten="40,5200,0" yaku="1,1,0,1,52,1,53,0" doraHai="101" doraHaiUra="113" who="1" fromWho="1" sc="230,-13,218,62,325,-13,217,-26" /><INIT seed="4,0,0,0,0,122" ten="217,280,312,191" oya="0" hai0="95,30,8,105,2,135,82,132,56,69,114,102,62" hai1="42,10,65,35,19,116,9,123,129,64,24,21,76" hai2="57,55,81,112,54,31,38,110,93,12,117,90,131" hai3="17,104,3,0,96,48,20,45,36,86,125,85,60"/><T113/><D69/><U71/><E123/><V51/><F38/><W39/><G125/><T27/><D105/><U32/><E116/><V59/><F117/><W16/><G39/><T74/><D74/><U70/><E42/><V115/><F131/><W4/><G36/><T108/><D82/><U11/><E129/><V49/><F31/><W6/><G60/><T111/><D102/><U46/><E46/><V121/><F121/><W67/><G67/><N who="0" m="39367" /><D95/><U118/><E118/><V130/><F130/><W5/><G104/><T128/><D128/><U124/><E124/><V98/><F110/><N who="0" m="42026" /><D8/><U109/><E109/><V89/><F81/><W28/><G0/><T68/><D68/><U18/><E76/><V120/><F120/><W103/><G3/><T134/><D2/><U44/><E10/><V43/><F90/><W91/><G103/><T15/><D15/><U47/><E24/><V101/><F89/><W107/><G107/><T14/><D14/><U127/><E127/><V41/><F12/><W50/><G91/><T23/><AGARI ba="0,0" hai="23,27,30,113,114,132,134,135" m="42026,39367" machi="23" ten="40,12000,1" yaku="20,1,10,1,52,3" doraHai="122" who="0" fromWho="0" sc="217,120,280,-40,312,-40,191,-40" /><INIT seed="4,1,0,0,4,106" ten="337,240,272,151" oya="0" hai0="73,59,88,134,89,7,92,127,91,86,25,75,125" hai1="102,120,119,0,131,64,5,35,16,70,129,8,44" hai2="87,43,103,39,63,122,69,6,128,107,76,116,104" hai3="110,71,81,46,9,99,17,124,112,105,68,132,48"/><T21/><D7/><U72/><E120/><V111/><F111/><W118/><G118/><T117/><D117/><U65/><E119/><V47/><F122/><W19/><G110/><T20/><D134/><U67/><E70/><V84/><F128/><N who="1" m="49225" /><E35/><V109/><F109/><W98/><G132/><T62/><D89/><U93/><E44/><V52/><F116/><W26/><G26/><T51/><D91/><U79/><E16/><V15/><F103/><W56/><G56/><T54/><D62/><U133/><E133/><V74/><F69/><W27/><G27/><T58/><D58/><U57/><E57/><V85/><F15/><W78/><G68/><T2/><D2/><U49/><E49/><V3/><F3/><W108/><G71/><T37/><D37/><U80/><E67/><V66/><F6/><W60/><G108/><T45/><D45/><U34/><E34/><V38/><F38/><W42/><G60/><T126/><D21/><U10/><E10/><V23/><F23/><W96/><G9/><T18/><AGARI ba="1,0" hai="18,20,25,51,54,59,73,75,86,88,92,125,126,127" machi="18" ten="30,12000,1" yaku="0,1,18,1,52,2,54,1" doraHai="106" who="0" fromWho="0" sc="337,123,240,-41,272,-41,151,-41" /><INIT seed="4,2,0,2,2,0" ten="460,199,231,110" oya="0" hai0="20,73,108,123,67,18,103,14,40,124,78,111,71" hai1="33,84,4,70,130,37,10,93,49,43,47,72,114" hai2="128,24,1,133,94,64,92,58,116,36,88,69,131" hai3="29,132,30,117,23,15,22,98,48,91,28,89,81"/><T107/><D123/><U66/><E33/><V34/><F36/><W9/><G132/><T62/><D40/><U19/><E19/><V110/><F110/><W7/><G117/><T102/><D107/><U77/><E130/><N who="2" m="49707" /><F133/><W85/><REACH who="3" step="1"/><G48/><REACH who="3" ten="460,199,231,100" step="2"/><T3/><D108/><U75/><E49/><V56/><F116/><W106/><G106/><T83/><D111/><U16/><E37/><V2/><F92/><AGARI ba="2,1" hai="7,9,15,22,23,28,29,30,81,85,89,91,92,98" machi="92" ten="40,5200,0" yaku="1,1,8,1,52,1,53,0" doraHai="0" doraHaiUra="129" who="3" fromWho="2" sc="460,0,199,0,231,-58,100,68" /><INIT seed="5,0,0,4,4,19" ten="460,199,173,168" oya="1" hai0="56,125,7,26,0,43,104,16,78,41,106,13,39" hai1="27,76,36,22,1,101,95,118,67,46,120,68,116" hai2="132,71,100,110,64,29,77,130,66,129,5,65,48" hai3="127,11,117,30,21,37,83,14,124,63,98,33,113"/><U121/><E1/><V93/><F110/><W114/><G37/><T40/><D39/><U9/><E9/><V45/><F132/><W111/><G98/><T3/><D104/><U96/><E76/><V4/><F77/><W20/><G83/><T55/><D106/><U108/><E108/><V44/><F29/><W102/><G111/><T47/><D47/><N who="2" m="17994" /><F48/><W35/><G63/><T74/><D78/><U42/><E120/><V15/><F15/><W122/><G102/><T75/><D74/><U115/><E121/><V135/><F71/><W61/><G61/><T112/><D0/><U131/><E131/><N who="2" m="50187" /><F135/><W60/><G60/><T109/><D3/><U73/><E73/><V10/><F10/><W32/><G122/><T50/><D75/><U133/><E133/><V23/><F23/><N who="3" m="8779" /><G30/><T107/><D109/><U12/><E68/><V85/><F85/><W89/><G89/><T80/><D107/><U51/><E36/><V79/><F79/><W70/><G70/><T52/><D41/><U25/><E42/><V84/><F84/><W92/><G117/><T62/><D43/><U2/><E116/><V128/><N who="2" m="50195" /><V123/><DORA hai="28" /><F123/><W53/><G53/><T81/><D40/><U24/><E118/><V18/><F100/><W6/><G92/><T58/><D55/><U86/><E95/><V88/><F88/><W97/><G97/><T119/><D119/><U69/><E96/><V8/><F93/><W72/><G72/><T103/><D103/><U38/><E101/><V99/><F99/><W90/><G90/><T105/><D105/><U49/><E38/><RYUUKYOKU ba="0,0" sc="460,-15,199,-15,173,15,168,15" hai2="4,5,8,18,64,65,66" hai3="6,11,14,32,33,35,113,114,124,127" /><INIT seed="6,1,0,3,1,94" ten="445,184,188,183" oya="2" hai0="77,101,9,63,14,29,8,78,80,48,90,93,16" hai1="83,60,81,50,25,0,112,76,123,27,105,69,42" hai2="85,126,51,135,5,70,6,96,119,125,132,10,108" hai3="102,107,64,46,44,68,86,72,98,30,36,89,52"/><V15/><F70/><W31/><G72/><T65/><D29/><U38/><E38/><V13/><F85/><W20/><G64/><T87/><D9/><U118/><E118/><V28/><F51/><W127/><G68/><T55/><D101/><U57/><E69/><V104/><F119/><W115/><G115/><T114/><D114/><U2/><E112/><V100/><F28/><W7/><G7/><T109/><D109/><U62/><E105/><V17/><F108/><W1/><G1/><T116/><D116/><U103/><E103/><V3/><F15/><W18/><G127/><N who="2" m="48649" /><F6/><W134/><G134/><T56/><D80/><U133/><E133/><N who="2" m="51275" /><F13/><W129/><G36/><T24/><D24/><U45/><E50/><V67/><F67/><W19/><G86/><T82/><D82/><U121/><E76/><V58/><F58/><AGARI ba="1,0" hai="8,14,16,48,55,56,58,63,65,77,78,87,90,93" machi="58" ten="30,3900,0" yaku="7,1,8,1,54,1" doraHai="94" who="0" fromWho="2" sc="445,42,184,0,188,-42,183,0" /><INIT seed="7,0,0,0,3,133" ten="487,184,146,183" oya="3" hai0="79,83,132,42,17,10,5,73,60,66,11,109,127" hai1="131,35,55,57,41,112,19,135,114,26,94,58,65" hai2="93,125,126,12,20,27,116,80,45,82,4,38,118" hai3="68,81,104,15,3,76,91,29,134,90,97,25,28"/><W74/><G3/><T120/><D120/><U51/><E135/><V52/><F93/><W0/><G0/><T9/><D132/><U16/><E131/><V14/><F82/><W30/><G134/><T122/><D122/><U8/><E94/><V100/><F100/><W98/><G68/><T31/><D31/><N who="1" m="19959" /><E8/><N who="2" m="4103" /><F14/><W49/><G25/><T111/><D17/><U78/><E78/><V86/><F38/><W106/><G97/><T117/><D42/><U53/><E41/><V128/><F128/><W43/><G15/><T6/><D117/><U46/><E65/><V21/><F45/><W37/><G37/><T75/><D75/><U7/><E7/><V124/><F52/><W24/><G24/><T113/><D113/><N who="1" m="43627" /><E46/><V107/><F107/><W22/><G106/><T32/><D60/><AGARI ba="0,0" hai="16,19,51,53,55,57,58,60" m="43627,19959" machi="60" ten="30,2000,0" yaku="15,1,54,1" doraHai="133" who="1" fromWho="0" sc="487,-20,184,20,146,0,183,0" owari="467,57.0,204,0.0,146,-35.0,183,-22.0" /></mjloggm>