<mjloggm ver="2.3"><GO type="97" lobby="0"/><UN n0="%72%65%69%74%61%72%6F%75" n1="%E5%B0%B1%E6%B4%BB%E7%94%9F%40%E5%B7%9D%E6%9D%91%E8%BB%8D%E5%9B%A3" n2="%E4%B9%82%E7%9C%9F%E8%99%8E%E6%96%97%E4%B9%82" n3="%72%6F%6E%61%6C%69%61" dan="14,15,14,14" rate="1947.91,2069.59,1921.08,1932.34" sx="F,M,M,M"/><TAIKYOKU oya="0"/><INIT seed="0,0,0,1,0,47" ten="250,250,250,250" oya="0" hai0="60,118,12,49,22,28,131,87,112,98,41,126,100" hai1="97,31,25,53,89,32,42,39,76,81,43,45,15" hai2="115,110,80,1,91,55,121,79,26,20,122,114,133" hai3="62,50,29,71,84,74,24,69,123,101,0,77,58"/><T2/><D112/><U13/><E43/><V107/><F1/><W120/><G0/><T68/><D118/><U95/><REACH who="1" step="1"/><E53/><REACH who="1" ten="250,240,250,250" step="2"/><V27/><F110/><W78/><G120/><T4/><D126/><U103/><E103/><V3/><F3/><W86/><G123/><T73/><D2/><U83/><E83/><V16/><F107/><W5/><G101/><T56/><D131/><U106/><E106/><V52/><F133/><W130/><G130/><T90/><D73/><AGARI ba="0,1" hai="13,15,25,31,32,39,42,45,73,76,81,89,95,97" machi="73" ten="30,2000,0" yaku="1,1,7,1,53,0" doraHai="47" doraHaiUra="99" who="1" fromWho="0" sc="250,-20,240,30,250,0,250,0" /><INIT seed="1,0,0,3,5,133" ten="230,270,250,250" oya="1" hai0="60,15,74,8,82,34,4,68,117,96,32,29,3" hai1="80,31,120,25,100,49,122,7,37,59,56,83,57" hai2="132,94,42,65,116,98,28,50,84,48,86,30,38" hai3="123,73,71,87,109,17,70,53,26,62,72,92,9"/><U107/><E37/><V24/><F116/><W88/><G123/><T61/><D117/><U18/><E7/><V45/><F132/><W77/><G109/><T110/><D110/><U36/><E36/><V85/><F65/><W52/><G71/><T93/><D3/><U104/><E18/><V97/><F97/><W81/><G73/><T19/><D19/><U113/><E113/><V0/><F0/><W89/><G70/><T103/><D29/><U128/><E49/><V13/><F13/><W114/><G114/><T115/><D115/><U16/><E128/><V126/><F126/><W124/><G124/><T130/><D130/><U108/><E108/><V55/><F38/><W90/><G53/><T39/><D39/><U33/><E16/><V12/><F12/><W67/><G67/><T35/><REACH who="0" step="1"/><D68/><REACH who="0" ten="220,270,250,250" step="2"/><U5/><E5/><V106/><F106/><W102/><G9/><T127/><D127/><U79/><E104/><V63/><F63/><W20/><REACH who="3" step="1"/><G102/><REACH who="3" ten="220,270,250,240" step="2"/><T41/><D41/><U78/><E100/><N who="2" m="60503" /><F24/><W14/><G14/><T66/><D66/><U54/><E54/><V1/><F1/><W118/><G118/><T21/><D21/><U69/><E69/><V105/><F105/><W99/><G99/><T11/><D11/><U135/><E107/><V64/><F64/><W134/><G134/><T119/><D119/><U76/><E135/><V111/><F111/><W47/><G47/><AGARI ba="0,2" hai="28,30,42,45,47,48,50,55,84,85,86" m="60503" machi="47" ten="30,1000,0" yaku="8,1" doraHai="133" who="2" fromWho="3" sc="220,0,270,0,250,30,240,-10" /><INIT seed="2,0,0,0,1,52" ten="220,270,280,230" oya="2" hai0="88,102,55,39,129,26,68,43,29,110,38,125,112" hai1="79,114,62,66,80,94,12,69,42,91,90,99,96" hai2="17,33,56,10,47,77,28,76,105,61,14,37,20" hai3="9,73,2,13,132,8,117,100,19,127,116,115,1"/><V97/><F33/><W22/><G73/><T32/><D112/><U5/><E114/><V54/><F105/><W71/><G71/><T48/><D110/><U58/><E42/><V95/><F37/><W89/><G100/><T6/><D129/><U92/><E5/><N who="2" m="3407" /><F47/><W25/><G89/><T44/><D125/><U109/><E109/><V24/><F28/><N who="3" m="17463" /><G127/><T122/><D122/><U108/><E12/><V3/><F3/><N who="3" m="1035" /><G115/><T41/><D6/><U74/><REACH who="1" step="1"/><E108/><REACH who="1" ten="220,260,280,230" step="2"/><V81/><F81/><W7/><G132/><T70/><D43/><U46/><E46/><V134/><F134/><W118/><G7/><T60/><D39/><U49/><E49/><V21/><F21/><AGARI ba="0,1" hai="8,9,13,19,21,116,117,118" m="1035,17463" machi="21" ten="40,2600,0" yaku="34,2" doraHai="52" who="3" fromWho="2" sc="220,0,260,0,280,-26,230,36" /><INIT seed="3,0,0,3,3,33" ten="220,260,254,266" oya="3" hai0="41,93,53,111,77,113,112,62,23,9,121,117,130" hai1="87,79,97,57,90,50,54,100,76,19,59,104,91" hai2="124,4,46,21,69,1,135,6,134,2,37,88,31" hai3="125,5,106,86,98,110,8,14,35,75,52,114,66"/><W16/><G114/><N who="0" m="44139" /><D121/><U40/><E40/><N who="2" m="22799" /><F69/><W78/><G35/><T34/><D117/><U129/><E129/><V36/><F36/><W10/><G125/><T32/><D130/><U116/><E116/><V74/><F74/><W63/><G110/><T103/><D111/><U56/><E91/><V128/><F128/><W48/><G75/><T28/><D41/><U84/><E87/><V126/><F88/><W72/><G72/><T61/><D77/><U118/><E118/><V64/><F64/><W105/><G98/><N who="0" m="59855" /><D9/><U83/><E19/><V95/><F95/><W81/><G10/><T73/><D73/><U29/><E29/><V51/><F51/><W24/><G24/><N who="0" m="16415" /><D53/><U82/><E82/><V109/><F109/><W71/><REACH who="3" step="1"/><G5/><REACH who="3" ten="220,260,254,256" step="2"/><N who="2" m="2153" /><F21/><W96/><G96/><T18/><D18/><U15/><E15/><V127/><F31/><W108/><G108/><T70/><D70/><U42/><E42/><V67/><F67/><W44/><AGARI ba="0,1" hai="8,14,16,44,48,52,63,66,71,78,81,86,105,106" machi="44" ten="20,12000,1" yaku="1,1,0,1,7,1,54,2,53,0" doraHai="33" doraHaiUra="39" who="3" fromWho="3" sc="220,-40,260,-40,254,-40,256,130" owari="180,-32.0,220,2.0,214,-19.0,386,49.0" /></mjloggm>