<mjloggm ver="2.3"><GO type="169" lobby="0"/><UN n0="%79%6F%74%31%32%33" n1="%41%54%4D%31%34%32%39" n2="%6B%69%79%6F%64%61%69" n3="%E3%82%A6%E3%83%AB%E3%83%88%E3%83%A9%E7%AB%8B%E7%9B%B4" dan="16,16,17,17" rate="2076.89,2059.11,2242.61,2177.60" sx="M,M,M,M"/><TAIKYOKU oya="0"/><INIT seed="0,0,0,3,1,76" ten="250,250,250,250" oya="0" hai0="131,24,49,115,90,119,84,15,26,117,107,0,75" hai1="94,62,4,134,99,88,73,34,41,39,20,103,18" hai2="16,125,74,92,91,27,7,6,71,58,116,106,89" hai3="86,54,130,135,122,112,82,53,42,23,46,98,70"/><T110/><D0/><U66/><E34/><V45/><F71/><W128/><G70/><T124/><D115/><U81/><E134/><V132/><F74/><W25/><G98/><T33/><D107/><U100/><E4/><V21/><F106/><W63/><G112/><T120/><D120/><U14/><E39/><V51/><F125/><W80/><G135/><T129/><D75/><U83/><E73/><V108/><F108/><W47/><G122/><T38/><D38/><U32/><E32/><V28/><F116/><N who="0" m="44618" /><D124/><U31/><E41/><V127/><F127/><W22/><G86/><T113/><D113/><U97/><E31/><V3/><F3/><W8/><G42/><T56/><D33/><U2/><E2/><V55/><F91/><W57/><G8/><T60/><D49/><U102/><REACH who="1" step="1"/><E97/><REACH who="1" ten="250,240,250,250" step="2"/><N who="2" m="57487" /><F28/><W9/><G128/><T61/><D110/><U111/><E111/><V50/><F132/><W11/><G130/><T85/><D131/><U64/><E64/><V12/><F6/><W77/><G54/><T59/><D129/><U93/><E93/><V29/><F7/><W65/><G53/><T72/><D72/><U104/><E104/><V67/><F67/><W121/><G65/><T13/><D61/><U35/><E35/><V44/><F51/><W43/><G63/><T105/><D105/><U79/><E79/><V95/><F95/><W1/><G77/><T133/><D133/><U101/><N who="1" m="25600" /><DORA hai="10" /><U19/><E19/><V68/><F68/><AGARI ba="0,1" hai="14,18,20,62,66,68,81,83,88,94,99" m="25600" machi="68" ten="50,12000,2" yaku="1,1,52,3,54,1,53,2" doraHai="76,10" doraHaiUra="78,118" who="1" fromWho="2" sc="250,0,240,130,250,-120,250,0" /><INIT seed="1,0,0,2,0,93" ten="250,370,130,250" oya="1" hai0="112,31,9,13,24,5,77,36,122,54,26,63,58" hai1="102,81,39,114,3,89,12,117,69,135,84,70,48" hai2="59,131,76,50,115,130,29,32,86,110,101,87,22" hai3="119,41,28,61,78,111,11,37,14,82,73,100,55"/><U30/><E114/><V95/><F32/><W35/><G111/><T53/><D36/><U64/><E39/><V105/><F105/><W98/><G119/><T44/><D112/><U40/><E135/><V106/><F106/><W80/><G80/><T74/><D122/><U128/><E128/><V85/><F110/><W66/><G55/><T134/><D134/><U121/><E3/><V19/><F29/><W23/><G35/><T52/><D74/><U38/><E38/><V17/><F115/><W45/><G28/><T43/><D77/><U108/><E69/><V20/><F76/><W116/><G23/><T60/><D60/><U49/><E108/><V6/><F6/><W133/><G133/><T21/><D26/><U109/><E70/><V46/><F59/><W33/><G33/><T16/><D43/><U88/><E117/><V125/><F125/><W91/><G91/><T79/><D79/><U62/><E89/><V56/><F56/><W1/><G1/><T15/><REACH who="0" step="1"/><D44/><REACH who="0" ten="240,370,130,250" step="2"/><U68/><E40/><N who="2" m="24903" /><F131/><W123/><G123/><T118/><D118/><U0/><E121/><V71/><F130/><W51/><G37/><T10/><AGARI ba="0,1" hai="5,9,10,13,15,16,21,24,31,52,53,54,58,63" machi="10" ten="20,12000,2" yaku="1,1,0,1,7,1,8,1,54,2,53,0" doraHai="93" doraHaiUra="83" who="0" fromWho="0" sc="240,130,370,-60,130,-30,250,-30" /><INIT seed="2,0,0,2,0,124" ten="370,310,100,220" oya="2" hai0="78,128,120,130,35,57,61,58,67,0,26,83,81" hai1="75,73,31,125,98,82,11,30,107,16,56,105,65" hai2="44,53,22,101,72,88,60,85,92,48,121,18,40" hai3="109,19,84,80,9,29,104,15,114,106,96,21,64"/><V25/><F72/><W134/><G109/><T49/><D0/><U43/><E125/><V50/><F121/><W87/><G134/><T112/><D120/><U54/><E43/><V119/><F119/><W86/><G114/><T33/><D112/><U102/><E107/><V93/><F60/><W32/><G32/><T122/><D122/><U116/><E65/><V135/><F135/><W46/><G106/><T95/><D95/><U71/><E71/><V69/><F69/><W117/><G117/><T89/><D89/><U13/><E116/><V24/><F101/><W36/><G36/><T118/><D118/><U103/><E103/><V110/><F110/><W42/><G64/><T34/><D26/><U63/><E75/><V3/><F3/><W127/><G127/><T5/><D5/><U133/><E133/><V38/><F38/><W79/><G96/><T99/><D99/><U12/><E12/><N who="2" m="9543" /><F93/><W52/><G42/><T100/><D100/><U115/><E115/><V126/><F126/><W90/><G79/><T62/><D49/><U97/><E98/><V76/><F76/><W94/><G104/><T20/><D20/><U17/><E73/><V2/><F2/><W132/><G94/><T45/><D45/><AGARI ba="0,0" hai="24,25,40,44,45,48,50,53,85,88,92" m="9543" machi="45" ten="30,2900,0" yaku="8,1,54,1" doraHai="124" who="2" fromWho="0" sc="370,-29,310,0,100,29,220,0" /><INIT seed="2,1,0,3,0,108" ten="341,310,129,220" oya="2" hai0="24,58,79,125,89,78,69,61,134,9,10,15,0" hai1="121,46,28,93,16,85,115,38,17,6,66,119,14" hai2="56,13,60,114,45,64,102,52,23,40,90,71,73" hai3="106,92,107,80,128,39,95,3,75,37,36,77,11"/><V29/><F73/><W68/><G128/><T81/><D69/><U18/><E119/><V130/><F130/><W44/><G95/><T2/><D2/><U76/><E115/><V105/><F114/><W109/><G92/><T117/><D0/><U84/><E28/><V123/><F123/><W32/><G109/><T113/><D117/><U122/><E66/><V25/><F90/><W111/><G111/><T47/><D134/><U43/><E93/><V67/><F13/><W87/><G87/><T98/><D98/><U97/><E97/><V127/><F127/><W133/><G133/><T116/><D24/><U35/><E35/><V126/><F126/><W59/><G59/><T118/><D47/><U49/><E38/><N who="3" m="14954" /><G68/><T53/><D125/><U48/><E48/><V19/><F71/><W110/><G32/><T94/><D113/><U34/><E34/><V103/><F29/><W132/><G132/><T131/><D131/><U129/><E129/><V20/><F20/><W99/><G99/><N who="0" m="57807" /><D118/><U27/><E27/><V5/><F5/><N who="3" m="1471" /><G110/><T63/><D116/><U26/><E26/><V70/><F105/><W101/><G101/><N who="2" m="38409" /><F70/><W1/><G1/><T7/><D10/><U30/><E30/><V83/><F83/><W100/><G100/><T65/><D81/><U91/><E91/><V124/><F124/><W72/><G72/><T12/><D12/><U62/><E121/><V50/><AGARI ba="1,0" hai="19,23,25,40,45,50,52,56,60,64,67" m="38409" machi="50" ten="30,3000,0" yaku="8,1,54,1" doraHai="108" who="2" fromWho="2" sc="341,-11,310,-11,129,33,220,-11" /><INIT seed="2,2,0,2,2,59" ten="330,299,162,209" oya="2" hai0="58,117,1,128,89,16,133,101,12,44,47,78,39" hai1="122,21,107,32,95,17,85,69,7,130,131,86,41" hai2="65,36,46,11,52,55,6,115,98,57,80,82,22" hai3="74,77,0,132,109,15,116,48,87,30,25,112,33"/><V27/><F115/><W73/><G0/><T135/><D1/><U68/><E32/><V120/><F120/><W121/><G121/><T18/><D128/><N who="1" m="49195" /><E107/><V60/><F36/><W72/><G116/><T108/><D108/><U118/><E118/><V127/><F127/><W76/><G109/><T24/><D101/><U49/><E7/><V88/><F11/><W90/><G132/><N who="0" m="50763" /><D78/><U125/><E125/><V71/><F6/><W66/><G112/><T42/><D44/><N who="1" m="25743" /><E95/><N who="2" m="56679" /><F71/><N who="1" m="27209" /><E122/><V37/><F37/><W106/><G106/><T83/><D24/><AGARI ba="2,0" hai="17,21,24,85,86" m="27209,25743,49195" machi="24" ten="30,1000,0" yaku="19,1" doraHai="59" who="1" fromWho="0" sc="330,-16,299,16,162,0,209,0" /><INIT seed="3,0,0,2,0,106" ten="314,315,162,209" oya="3" hai0="7,56,84,44,14,135,94,47,22,61,65,111,11" hai1="116,27,66,114,19,89,79,59,82,64,124,120,134" hai2="33,97,96,24,37,126,133,42,23,60,62,109,78" hai3="95,74,102,87,28,72,71,29,8,45,4,115,2"/><W117/><G117/><T21/><D111/><U30/><E114/><V76/><F33/><W48/><G115/><T128/><D128/><U125/><E134/><V0/><F0/><W63/><G29/><T51/><D135/><U107/><E107/><V130/><F133/><W81/><G28/><T110/><D110/><U35/><E120/><V73/><F126/><N who="1" m="48745" /><E89/><V53/><F78/><W6/><G6/><T98/><D84/><N who="1" m="48223" /><E116/><V80/><F130/><W9/><G9/><T1/><D1/><U91/><E91/><V12/><F12/><W50/><G71/><T18/><D51/><U67/><E19/><V41/><F109/><W46/><G63/><AGARI ba="0,0" hai="27,30,35,59,63,64,66,67" m="48223,48745" machi="63" ten="30,1000,0" yaku="18,1" doraHai="106" who="1" fromWho="3" sc="314,0,315,10,162,0,209,-10" /><INIT seed="4,0,0,2,2,84" ten="314,325,162,199" oya="0" hai0="100,91,0,32,107,128,22,38,31,96,125,44,98" hai1="78,26,72,30,121,42,89,2,122,63,68,17,46" hai2="118,19,18,94,43,74,23,135,13,37,36,10,119" hai3="16,85,5,92,50,45,133,112,60,127,103,65,62"/><T57/><D0/><U24/><E2/><V105/><F105/><W49/><G112/><T66/><D32/><U61/><E72/><V48/><F74/><W131/><G133/><T9/><D128/><U73/><E73/><V132/><F48/><W95/><G131/><T29/><D125/><U113/><E78/><V55/><F55/><W104/><G104/><T114/><D9/><U40/><E113/><V88/><F43/><W120/><G120/><T80/><D114/><U33/><E68/><V56/><F56/><W87/><G5/><T25/><D38/><U111/><E111/><V69/><F69/><W21/><G127/><T35/><D44/><U126/><E126/><V130/><F37/><W86/><G103/><T75/><D75/><U108/><E108/><V71/><F71/><W12/><G50/><T28/><D35/><U34/><E46/><V82/><F82/><W64/><G65/><T97/><D97/><U4/><E4/><V59/><F59/><N who="3" m="36895" /><G62/><N who="0" m="38223" /><D100/><U124/><E124/><V134/><F36/><W51/><G51/><T41/><D41/><AGARI ba="0,0" hai="12,16,21,41,45,49,85,86,87,92,95" m="36895" machi="41" ten="30,2000,0" yaku="8,1,54,1" doraHai="84" who="3" fromWho="0" sc="314,-20,325,0,162,0,199,20" /><INIT seed="5,0,0,0,3,119" ten="294,325,162,219" oya="1" hai0="91,78,116,128,104,25,42,27,31,20,4,35,131" hai1="122,106,80,32,8,3,120,118,62,125,60,102,57" hai2="101,85,99,21,61,22,18,117,44,97,69,70,132" hai3="12,88,127,66,110,121,29,16,9,124,43,59,87"/><U79/><E32/><V72/><F72/><W17/><G110/><T41/><D116/><U47/><E125/><N who="3" m="48202" /><G29/><T95/><D78/><U111/><E47/><V126/><F132/><W7/><G43/><T33/><D4/><U0/><E118/><V53/><F117/><W55/><G66/><T65/><D104/><U105/><E102/><V30/><F30/><W134/><G121/><N who="1" m="46698" /><E8/><V100/><F70/><W5/><G5/><T93/><D65/><U123/><E57/><V113/><F69/><W64/><G134/><T109/><D109/><U81/><E79/><V68/><F68/><W40/><G40/><T112/><D42/><U49/><E49/><V133/><F133/><W10/><G64/><T28/><D41/><U96/><E96/><V129/><F99/><W24/><G10/><T56/><D56/><U92/><E92/><V76/><F97/><W90/><G90/><T2/><D91/><U67/><E67/><V94/><F126/><W107/><G107/><N who="1" m="40970" /><E111/><V75/><F101/><W58/><G24/><T37/><D35/><U52/><E52/><V108/><F53/><W13/><G55/><T115/><D37/><U103/><E103/><V6/><F100/><W63/><G63/><N who="1" m="24106" /><E123/><V48/><F61/><W34/><G34/><T36/><D36/><U73/><E73/><V51/><F75/><W38/><G38/><T39/><D39/><U71/><E71/><V46/><F108/><W11/><G7/><T74/><D74/><U77/><E77/><V23/><F6/><W54/><G54/><T98/><D33/><U50/><E50/><V45/><F51/><RYUUKYOKU ba="0,0" sc="294,-15,325,15,162,-15,219,15" hai1="0,3,80,81" hai3="9,11,12,13,16,17,58,59,87,88" /><INIT seed="5,1,0,0,0,18" ten="279,340,147,234" oya="1" hai0="39,122,20,115,75,109,73,99,51,135,36,107,52" hai1="66,56,90,16,26,3,123,68,14,70,8,47,112" hai2="79,50,48,95,67,93,7,41,85,43,121,61,87" hai3="117,13,76,105,103,17,72,127,130,33,81,98,86"/><U132/><E112/><V116/><F116/><W42/><G33/><T114/><D109/><U32/><E132/><V88/><F121/><W9/><G127/><T128/><D135/><U55/><E47/><V44/><F7/><W22/><G117/><T106/><D128/><U126/><E126/><V108/><F108/><W77/><G130/><T1/><D1/><U129/><E129/><V21/><F50/><W27/><G42/><T54/><D99/><U59/><E3/><V25/><F43/><W34/><G34/><T120/><REACH who="0" step="1"/><D51/><REACH who="0" ten="269,340,147,234" step="2"/><U100/><E123/><V74/><F74/><W101/><G72/><T104/><D104/><U12/><E100/><V102/><F102/><W119/><G103/><T15/><D15/><U133/><E12/><V64/><F61/><W78/><REACH who="3" step="1"/><G119/><REACH who="3" ten="269,340,147,224" step="2"/><T2/><D2/><U53/><E133/><V60/><F60/><W63/><G63/><T71/><D71/><U58/><E68/><V57/><F67/><W96/><G96/><T45/><D45/><U35/><E66/><V84/><F64/><W89/><G89/><T124/><D124/><U134/><E90/><V31/><F57/><W83/><G83/><T62/><D62/><U91/><E91/><N who="2" m="53479" /><F79/><W92/><G92/><T5/><D5/><AGARI ba="1,2" hai="5,9,13,17,22,27,76,77,78,81,86,98,101,105" machi="5" ten="30,3900,0" yaku="1,1,7,1,52,1,53,0" doraHai="18" doraHaiUra="30" who="3" fromWho="0" sc="269,-42,340,0,147,0,224,62" /><INIT seed="6,0,0,3,0,134" ten="227,340,147,286" oya="2" hai0="105,51,44,18,99,58,83,91,119,115,89,37,97" hai1="87,46,117,106,73,70,60,17,43,25,109,113,133" hai2="50,42,86,68,10,110,26,98,124,31,61,62,4" hai3="59,129,77,21,74,53,52,56,57,88,36,92,79"/><V111/><F86/><N who="3" m="52247" /><G21/><T118/><D37/><U131/><E133/><V78/><F78/><N who="3" m="29707" /><G36/><T121/><D121/><U48/><E131/><V101/><F124/><W28/><G74/><T67/><D105/><U38/><E106/><N who="2" m="63799" /><F50/><N who="3" m="30743" /><G129/><T11/><D67/><U69/><E73/><V108/><F42/><W24/><G24/><T33/><D33/><U107/><E107/><V76/><F76/><W47/><G28/><T72/><D72/><U29/><E29/><V65/><F62/><W23/><G23/><T13/><D58/><U7/><E60/><V85/><F85/><W95/><G95/><T96/><D118/><U54/><E87/><V126/><F126/><W5/><G5/><T6/><D6/><U49/><E7/><V132/><F132/><W19/><G19/><T55/><D119/><U103/><E17/><V128/><F128/><W71/><G71/><T27/><D27/><U100/><E25/><V102/><F102/><W15/><G15/><T0/><D0/><U84/><E38/><V93/><F93/><W14/><G14/><T30/><D30/><U116/><E117/><V81/><F81/><W123/><G123/><T32/><D32/><U45/><E116/><V75/><F75/><W127/><G127/><T64/><D83/><U112/><E84/><V125/><F125/><W90/><G90/><N who="0" m="34315" /><D64/><U82/><E82/><V3/><F26/><W114/><G114/><N who="1" m="44138" /><E70/><N who="2" m="42287" /><F31/><W8/><G8/><T2/><D115/><U120/><E69/><AGARI ba="0,0" hai="3,4,10,68,69,108,110,111" m="42287,63799" machi="69" ten="30,2900,0" yaku="10,1,23,1" doraHai="134" who="2" fromWho="1" sc="227,0,340,-29,147,29,286,0" /><INIT seed="6,1,0,2,0,101" ten="227,311,176,286" oya="2" hai0="22,42,92,47,99,12,52,117,8,95,46,33,59" hai1="102,18,118,32,69,30,34,120,116,24,77,62,48" hai2="19,60,119,70,96,106,78,129,124,7,17,132,54" hai3="111,23,53,105,25,11,28,134,38,126,10,98,90"/><V3/><F119/><W127/><G111/><T65/><D33/><U66/><E120/><V128/><F78/><W107/><G38/><T1/><D1/><U56/><E77/><V125/><F7/><W26/><G53/><T58/><D22/><U86/><E86/><V43/><F43/><W5/><G134/><T91/><D117/><U15/><E34/><V103/><F3/><W67/><G67/><T31/><D31/><U45/><E102/><V73/><F73/><W44/><G44/><T41/><D95/><U55/><REACH who="1" step="1"/><E69/><REACH who="1" ten="227,301,176,286" step="2"/><V6/><F132/><W89/><G89/><T16/><D42/><U39/><E39/><V113/><F113/><W133/><G90/><T110/><D41/><U123/><E123/><V4/><F70/><W100/><G100/><T40/><D40/><U114/><E114/><V50/><F124/><W63/><G133/><T14/><D110/><U68/><E68/><V131/><F125/><W83/><G127/><T121/><D121/><U36/><E36/><V13/><F60/><W93/><G63/><N who="0" m="38135" /><D12/><U79/><E79/><V104/><F13/><W135/><G126/><T109/><D109/><U97/><E97/><V115/><F115/><W37/><G98/><T75/><D75/><U130/><E130/><V74/><F74/><W21/><G37/><T88/><D91/><U57/><E57/><N who="2" m="32983" /><F106/><W72/><G107/><T20/><D99/><U94/><E94/><V61/><F61/><W35/><G93/><T49/><D92/><U85/><E85/><V87/><F87/><W82/><G105/><T29/><D88/><U84/><E84/><RYUUKYOKU ba="1,1" sc="227,10,301,10,176,10,286,-30" hai0="8,14,16,20,29,46,47,49,52,59" hai1="15,18,24,30,32,45,48,55,56,62,66,116,118" hai2="4,6,17,19,96,103,104,128,129,131" /><INIT seed="6,2,1,0,1,9" ten="237,311,186,256" oya="2" hai0="121,102,69,35,7,52,98,0,119,8,130,134,100" hai1="42,1,15,109,82,12,49,81,87,72,101,116,36" hai2="26,57,68,83,65,78,61,99,80,17,70,103,4" hai3="54,120,59,6,85,89,43,132,46,92,124,32,118"/><V51/><F4/><W115/><G120/><T131/><D121/><U95/><E1/><V22/><F51/><N who="3" m="27103" /><G32/><T112/><D112/><U110/><E36/><V73/><REACH who="2" step="1"/><F80/><REACH who="2" ten="237,311,176,256" step="2"/><W48/><G115/><T97/><D130/><U133/><E82/><V2/><F2/><W56/><G118/><T16/><D119/><U88/><E116/><V74/><F74/><W84/><G124/><T111/><D131/><U21/><E72/><V128/><F128/><W13/><G132/><T122/><D134/><U104/><E81/><V96/><F96/><N who="3" m="57359" /><G59/><T67/><D122/><U66/><E49/><V53/><F53/><W114/><G114/><T127/><D127/><U27/><E42/><V106/><AGARI ba="2,2" hai="17,22,26,57,61,65,68,70,73,78,83,99,103,106" machi="106" ten="20,3900,0" yaku="1,1,0,1,7,1,53,0" doraHai="9" doraHaiUra="25" who="2" fromWho="2" sc="237,-15,311,-15,176,65,256,-15" /><INIT seed="6,3,0,5,2,115" ten="222,296,241,241" oya="2" hai0="121,131,70,71,67,43,107,69,92,32,38,18,114" hai1="22,13,120,14,12,132,58,130,99,29,74,41,20" hai2="119,24,16,105,75,8,64,93,86,113,53,23,125" hai3="129,103,66,9,59,1,27,62,127,63,134,49,55"/><V106/><F75/><W123/><G123/><T91/><D121/><U25/><E74/><V77/><F119/><W128/><G103/><T124/><D107/><U31/><E120/><V84/><F113/><W110/><G110/><T96/><D114/><U109/><E109/><V94/><F64/><N who="3" m="39007" /><G27/><T78/><D131/><N who="3" m="50249" /><G9/><T48/><D124/><U117/><E117/><V0/><F106/><W104/><G1/><T111/><D111/><U135/><E130/><V76/><F105/><W40/><G104/><T100/><D78/><N who="2" m="30314" /><F0/><W95/><G95/><N who="2" m="36361" /><F125/><W30/><G30/><T11/><D32/><U81/><E31/><N who="2" m="17823" /><F53/><W126/><G134/><T65/><D100/><U88/><E132/><V4/><F4/><W87/><G87/><T46/><REACH who="0" step="1"/><D38/><REACH who="0" ten="212,296,241,241" step="2"/><U57/><E135/><V85/><F85/><W44/><G40/><T90/><D90/><U39/><E41/><V54/><F54/><W116/><G116/><T79/><D79/><U82/><E39/><V80/><F80/><N who="1" m="30825" /><E20/><V42/><F42/><W56/><AGARI ba="3,1" hai="44,49,55,56,63,66,126,127" m="50249,39007" machi="56" ten="30,4000,0" yaku="19,1,34,2" doraHai="115" who="3" fromWho="3" sc="212,-13,296,-13,241,-23,241,59" /><INIT seed="7,0,0,0,4,47" ten="199,283,218,300" oya="3" hai0="13,36,26,2,126,78,74,28,21,113,99,7,122" hai1="60,51,68,102,11,106,123,70,131,54,33,119,23" hai2="127,29,94,35,62,72,117,92,8,12,58,132,80" hai3="39,134,108,112,75,71,115,32,66,53,34,97,83"/><W133/><G39/><T6/><D122/><U93/><E33/><N who="3" m="12906" /><G53/><T120/><D36/><U1/><E131/><V111/><F127/><W48/><G48/><T87/><D120/><U67/><E123/><V89/><F132/><N who="3" m="50795" /><G97/><T24/><D2/><U105/><E70/><V63/><F63/><N who="3" m="40415" /><G108/><T69/><D126/><U86/><E119/><V49/><F117/><W118/><G118/><T43/><D69/><U20/><E86/><V82/><F49/><W3/><G3/><T42/><D74/><U4/><E93/><V22/><F94/><W130/><G130/><T128/><D128/><U100/><E102/><V90/><F92/><W16/><G16/><N who="0" m="10383" /><D113/><U129/><E129/><V61/><F72/><W18/><G18/><T76/><D99/><U45/><REACH who="1" step="1"/><E100/><REACH who="1" ten="199,273,218,300" step="2"/><V9/><F111/><W114/><G114/><T15/><D87/><U56/><E56/><V30/><F58/><W104/><G104/><AGARI ba="0,1" hai="1,4,11,20,23,45,51,54,60,67,68,104,105,106" machi="104" ten="40,2600,0" yaku="1,1,52,1,53,0" doraHai="47" doraHaiUra="31" who="1" fromWho="3" sc="199,0,273,36,218,0,300,-26" owari="199,-30.0,309,41.0,218,-18.0,274,7.0" /></mjloggm>