<mjloggm ver="2.3"><GO type="97" lobby="0"/><UN n0="%E8%96%84%E5%A2%A8%E5%88%9D%E7%BE%8E%E2%98%85" n1="%43%61%70%44%75%63%61%6C" n2="%E5%B0%B1%E6%B4%BB%E7%94%9F%40%E5%B7%9D%E6%9D%91%E8%BB%8D%E5%9B%A3" n3="%E9%89%84%E4%B8%B8" dan="13,15,15,14" rate="1917.77,2016.25,2010.79,1904.48" sx="M,M,M,M"/><TAIKYOKU oya="0"/><INIT seed="0,0,0,5,2,97" ten="250,250,250,250" oya="0" hai0="76,58,129,18,43,82,84,31,99,11,125,54,122" hai1="46,131,71,77,117,130,17,23,127,72,2,48,30" hai2="65,37,4,21,50,79,13,96,73,94,111,103,109" hai3="53,108,81,69,12,28,123,86,16,93,87,26,10"/><T25/><D122/><U49/><E2/><V36/><F65/><W55/><G108/><N who="2" m="41545" /><F50/><W89/><G69/><T51/><D129/><U128/><E71/><V60/><F60/><W64/><G123/><T107/><D125/><U5/><E5/><V9/><F21/><N who="3" m="15439" /><G64/><T80/><D43/><U106/><E127/><V1/><F13/><W98/><G87/><T135/><D135/><U33/><E30/><V39/><F79/><AGARI ba="0,0" hai="10,12,16,53,55,79,81,86,89,93,98" m="15439" machi="79" ten="30,2000,0" yaku="8,1,54,1" doraHai="97" who="3" fromWho="2" sc="250,0,250,0,250,-20,250,20" /><INIT seed="1,0,0,0,5,15" ten="250,250,230,270" oya="1" hai0="131,34,8,74,133,87,81,48,117,67,135,41,95" hai1="66,85,11,78,126,128,18,118,80,123,106,91,110" hai2="60,121,37,129,17,96,120,13,43,77,9,115,6" hai3="44,45,24,23,132,1,3,124,83,79,53,39,111"/><U109/><E123/><V71/><F115/><W20/><G39/><T125/><D117/><U58/><E106/><V30/><F129/><W55/><G111/><N who="1" m="42506" /><E118/><V88/><F77/><W2/><G132/><N who="0" m="50763" /><D131/><U84/><E128/><V42/><F30/><W72/><G124/><T86/><D125/><U105/><E105/><V73/><F73/><W25/><G1/><T16/><D34/><U134/><E126/><V19/><F121/><W56/><G2/><T32/><D32/><U68/><E68/><V61/><F120/><W33/><G33/><T7/><D67/><U36/><E36/><V98/><F98/><W69/><G69/><T103/><D103/><U63/><E134/><V21/><F71/><W51/><G3/><T38/><D38/><U0/><E0/><V119/><F119/><W40/><G40/><N who="2" m="15401" /><F37/><W5/><G5/><T116/><D7/><U104/><E104/><V82/><F6/><W127/><G127/><T12/><D116/><U97/><E97/><V10/><F10/><W62/><G44/><N who="0" m="25615" /><D95/><U70/><E70/><V107/><F107/><W94/><G94/><T90/><D90/><U49/><E49/><V52/><F52/><W64/><G55/><T59/><D59/><U47/><E47/><V102/><F102/><W35/><G35/><T29/><D29/><U112/><E112/><V101/><F101/><W93/><G93/><T65/><D65/><U99/><E99/><V54/><F54/><W130/><G130/><T92/><D92/><U27/><E91/><V113/><F96/><W100/><G100/><T22/><D8/><U31/><E11/><RYUUKYOKU ba="0,0" sc="250,15,250,-15,230,-15,270,15" hai0="12,16,22,74,81,86,87" hai3="20,23,24,25,45,51,53,56,62,64,72,79,83" /><INIT seed="2,1,0,2,2,92" ten="265,235,215,285" oya="2" hai0="55,95,112,38,90,98,49,69,99,119,96,113,126" hai1="27,133,41,15,76,81,37,17,35,108,22,39,0" hai2="42,131,20,86,68,63,103,102,3,43,52,32,114" hai3="77,66,87,24,62,5,29,127,85,135,8,122,33"/><V34/><F3/><W93/><G122/><T25/><D119/><U118/><E118/><V9/><F114/><W83/><G135/><T106/><D126/><U75/><E133/><V111/><F131/><W18/><G18/><T36/><D69/><U1/><E108/><V28/><F34/><W72/><G127/><T101/><D25/><U88/><E39/><V124/><F32/><W16/><G93/><T46/><REACH who="0" step="1"/><D99/><REACH who="0" ten="255,235,215,285" step="2"/><U56/><E27/><N who="2" m="16487" /><F68/><W82/><G24/><T120/><D120/><U6/><E35/><V19/><F124/><W4/><G33/><T12/><D12/><U80/><E1/><V40/><F111/><W64/><G29/><T59/><D59/><U73/><E56/><N who="2" m="35207" /><F86/><W65/><G87/><T60/><D60/><U125/><E125/><V10/><F10/><W47/><G62/><T91/><D91/><U13/><E0/><V54/><F9/><W94/><G8/><T117/><D117/><U129/><E73/><V26/><F26/><W78/><G72/><T97/><D97/><U130/><E15/><V50/><F19/><W107/><G16/><T44/><D44/><AGARI ba="1,1" hai="40,42,43,44,50,54,102,103" m="35207,16487" machi="44" ten="30,2900,0" yaku="8,1,54,1" doraHai="92" who="2" fromWho="0" sc="255,-32,235,0,215,42,285,0" /><INIT seed="2,2,0,4,5,108" ten="223,235,257,285" oya="2" hai0="26,63,113,0,6,62,92,129,9,30,4,64,32" hai1="46,22,48,110,58,36,89,96,126,37,128,55,94" hai2="18,95,90,72,27,13,35,56,99,122,57,43,133" hai3="49,83,45,77,53,130,52,121,59,123,28,1,76"/><V19/><F72/><W127/><G1/><T84/><D129/><U34/><E34/><V15/><F133/><W31/><G130/><T85/><D6/><U29/><E128/><V65/><F122/><W2/><G2/><T75/><D75/><U101/><E110/><V54/><F43/><W8/><G127/><T102/><D62/><U21/><E126/><V44/><F35/><W11/><G123/><T14/><D0/><U131/><E131/><V41/><F65/><W74/><G121/><T115/><D84/><U51/><E37/><V88/><F90/><W111/><G111/><T97/><REACH who="0" step="1"/><D85/><REACH who="0" ten="213,235,257,285" step="2"/><U40/><E29/><V23/><F18/><W20/><G74/><T116/><D116/><U5/><E5/><V25/><F25/><W10/><G31/><T80/><D80/><U98/><REACH who="1" step="1"/><E36/><REACH who="1" ten="213,225,257,285" step="2"/><V61/><F19/><W39/><G28/><T103/><D103/><U16/><E16/><V17/><F17/><W70/><G39/><T7/><D7/><U42/><E42/><V93/><F41/><W66/><G20/><T86/><D86/><U24/><E24/><V68/><F23/><W124/><G124/><T106/><D106/><AGARI ba="2,2" hai="21,22,40,46,48,51,55,58,89,94,96,98,101,106" machi="106" ten="30,2000,0" yaku="1,1,7,1,53,0" doraHai="108" doraHaiUra="60" who="1" fromWho="0" sc="213,-26,225,46,257,0,285,0" /><INIT seed="3,0,0,5,1,43" ten="187,271,257,285" oya="3" hai0="70,111,117,18,80,53,72,28,86,59,51,107,29" hai1="66,4,99,90,54,131,106,133,11,47,52,74,58" hai2="122,97,116,24,45,108,98,36,60,1,46,113,109" hai3="27,33,57,13,61,105,79,85,121,35,73,119,6"/><W26/><G121/><T124/><D111/><N who="2" m="42570" /><F36/><W67/><G119/><T17/><D124/><U96/><E74/><V132/><F1/><W110/><G110/><T134/><D70/><U129/><E66/><V12/><F113/><W22/><G105/><T39/><D117/><U92/><E106/><V23/><F116/><W38/><G38/><T100/><D39/><U42/><E99/><N who="2" m="37899" /><F132/><W130/><G130/><N who="1" m="49674" /><E58/><V83/><F122/><W14/><G73/><T37/><D37/><N who="1" m="21967" /><E133/><V78/><F12/><AGARI ba="0,0" hai="4,11,12,52,54,90,92,96" m="21967,49674" machi="12" ten="30,3900,0" yaku="19,1,52,1,54,1" doraHai="43" who="1" fromWho="2" sc="187,0,271,39,257,-39,285,0" owari="187,-31.0,310,40.0,218,-18.0,285,9.0" /></mjloggm>