<mjloggm ver="2.3"><GO type="41" lobby="0"/><UN n0="%E5%B0%B1%E6%B4%BB%E7%94%9F%40%E5%B7%9D%E6%9D%91%E8%BB%8D%E5%9B%A3" n1="%E5%BE%A1%E7%94%A3%E5%B7%A3%E6%97%A5" n2="%54%61%6E%70%61%61%63%68" n3="%68%6F%72%6E%65%74%33%34" dan="16,14,13,14" rate="2080.43,1956.15,1903.15,1922.31" sx="M,M,M,M"/><TAIKYOKU oya="0"/><INIT seed="0,0,0,1,1,75" ten="250,250,250,250" oya="0" hai0="99,49,82,90,58,53,91,10,15,95,87,51,96" hai1="133,42,46,126,27,132,6,25,104,35,119,72,36" hai2="21,56,68,93,12,66,74,103,110,38,41,17,97" hai3="0,52,83,24,19,115,32,34,55,116,11,127,47"/><T8/><D8/><U92/><E119/><V86/><F74/><W59/><G116/><T130/><D130/><U31/><E104/><V114/><F114/><W135/><G115/><T129/><D129/><U29/><E92/><V7/><F110/><W102/><G102/><T62/><REACH who="0" step="1"/><D96/><REACH who="0" ten="240,250,250,250" step="2"/><U43/><E126/><V121/><F121/><W40/><G127/><T88/><D88/><U50/><E72/><V108/><F97/><W125/><G125/><T61/><D61/><U107/><E107/><V105/><F105/><W5/><G135/><N who="1" m="51786" /><E6/><AGARI ba="0,1" hai="6,10,15,49,51,53,58,62,82,87,90,91,95,99" machi="6" ten="30,12000,1" yaku="1,1,7,1,8,1,53,2" doraHai="75" doraHaiUra="84" who="0" fromWho="1" sc="240,130,250,-120,250,0,250,0" /><INIT seed="0,1,0,3,5,104" ten="370,130,250,250" oya="0" hai0="130,80,32,110,19,0,47,13,98,115,116,70,124" hai1="93,4,129,51,66,101,63,111,109,20,50,38,119" hai2="85,46,82,27,71,67,108,102,99,68,94,52,120" hai3="105,48,39,10,122,78,35,45,8,114,17,23,106"/><T62/><D32/><U97/><E119/><V113/><F120/><W117/><G117/><T11/><D116/><U118/><E118/><V77/><F113/><W69/><G69/><T22/><D115/><U41/><E129/><V103/><F108/><N who="1" m="41545" /><E4/><V83/><F67/><W7/><G114/><T34/><D110/><U9/><E9/><V12/><F102/><W31/><G35/><T37/><D34/><U126/><E126/><V86/><F27/><W75/><G31/><T88/><D124/><U53/><E53/><V112/><F12/><W133/><G10/><T100/><D130/><U54/><E54/><V87/><F112/><W72/><G122/><T134/><D134/><U64/><E20/><V26/><F26/><W123/><G123/><T15/><D0/><U135/><E135/><V61/><F87/><W65/><G65/><N who="1" m="25194" /><E63/><V91/><REACH who="2" step="1"/><F61/><REACH who="2" ten="370,130,240,250" step="2"/><W73/><G133/><T92/><D62/><U127/><E127/><V96/><F96/><W76/><G39/><T33/><D33/><U84/><E84/><V89/><F89/><W6/><G78/><T1/><D1/><U25/><E25/><V132/><F132/><W3/><G76/><T14/><D70/><U57/><E57/><V131/><F131/><W128/><G128/><T24/><D11/><U107/><E107/><V44/><F44/><AGARI ba="1,1" hai="38,41,44,50,51,93,97,101" m="25194,41545" machi="44" ten="30,1000,0" yaku="14,1" doraHai="104" who="1" fromWho="2" sc="370,0,130,23,240,-13,250,0" /><INIT seed="1,0,0,0,4,135" ten="370,153,227,250" oya="1" hai0="1,47,87,75,129,73,34,128,9,101,96,58,131" hai1="117,25,92,82,17,50,133,93,132,88,107,110,21" hai2="130,3,23,29,74,49,102,68,56,118,62,6,116" hai3="72,18,37,81,124,64,7,127,103,123,19,90,70"/><U32/><E107/><V120/><F120/><W51/><G123/><T113/><D34/><U10/><E117/><V33/><F74/><W91/><G37/><T60/><D113/><U67/><E110/><V106/><F130/><W22/><G7/><N who="0" m="1263" /><D87/><U44/><E67/><V5/><F6/><W100/><G70/><T36/><D47/><U8/><E32/><V46/><F68/><W12/><G64/><N who="0" m="38935" /><D36/><U20/><E20/><V108/><F108/><W43/><G43/><T24/><D24/><U2/><E82/><V121/><F23/><W15/><G51/><T119/><D119/><U61/><E61/><V31/><F62/><W122/><G122/><T89/><D89/><U63/><E63/><V54/><F33/><W28/><G28/><T105/><AGARI ba="0,0" hai="73,75,96,101,105,128,129,131" m="38935,1263" machi="105" ten="30,1100,0" yaku="19,1" doraHai="135" who="0" fromWho="0" sc="370,11,153,-5,227,-3,250,-3" /><INIT seed="2,0,0,4,1,89" ten="381,148,224,247" oya="2" hai0="63,79,97,5,52,103,83,22,105,4,111,35,135" hai1="3,13,104,70,31,124,53,101,72,42,93,15,17" hai2="117,7,131,115,134,44,85,29,110,120,77,12,116" hai3="121,20,9,109,57,18,88,26,94,68,123,59,10"/><V14/><F44/><W49/><G68/><T38/><D111/><U11/><E72/><V8/><F77/><W40/><G109/><T91/><D38/><U27/><E70/><V80/><F80/><W108/><G108/><T28/><D135/><U98/><E3/><N who="2" m="127" /><F85/><W36/><G36/><T119/><D119/><N who="2" m="45642" /><F110/><W92/><G123/><T6/><D35/><U113/><E42/><V58/><F58/><N who="3" m="22027" /><G121/><T23/><D28/><U30/><E53/><V34/><F120/><W95/><G40/><T82/><D63/><U41/><E41/><V132/><F115/><W102/><G102/><T51/><D91/><U118/><E118/><V100/><F100/><W64/><G64/><T19/><D19/><U133/><E113/><V62/><F62/><W56/><G88/><T48/><D48/><U128/><E133/><N who="2" m="51307" /><F131/><W61/><G61/><T107/><D107/><U45/><E45/><V32/><F29/><N who="1" m="10761" /><E104/><V81/><F81/><W54/><AGARI ba="0,0" hai="9,10,18,20,26,49,54,56,92,94,95" m="22027" machi="54" ten="30,7900,0" yaku="8,1,52,3" doraHai="89" who="3" fromWho="3" sc="381,-20,148,-20,224,-39,247,79" /><INIT seed="3,0,0,0,3,16" ten="361,128,185,326" oya="3" hai0="43,102,0,55,69,131,59,14,37,71,34,117,30" hai1="27,134,86,39,114,79,111,5,62,31,91,9,18" hai2="17,115,72,12,65,124,68,46,81,90,53,57,38" hai3="56,122,121,48,101,49,26,135,100,19,88,132,93"/><W123/><G56/><T98/><D117/><U103/><E39/><V47/><F115/><W63/><G63/><T119/><D119/><U50/><E114/><V95/><F124/><W25/><G93/><T10/><D131/><U24/><E103/><N who="3" m="39498" /><G88/><T6/><D43/><U44/><E111/><V3/><F3/><W67/><G67/><T113/><D37/><U13/><E134/><N who="3" m="51242" /><G19/><T76/><D76/><U61/><E79/><V66/><F38/><W35/><G35/><T85/><D85/><U107/><E107/><V74/><F68/><W96/><G96/><T106/><D113/><U45/><E62/><V40/><F17/><W105/><G105/><T126/><D126/><U73/><E73/><V104/><F104/><W54/><G54/><T78/><D78/><U1/><E61/><V125/><F90/><W92/><G92/><T36/><D36/><U7/><E7/><V41/><F95/><W116/><G116/><T112/><D112/><U42/><E45/><V23/><F125/><W21/><G21/><T130/><D130/><U77/><E77/><V32/><F32/><W133/><N who="3" m="51250" /><W128/><DORA hai="33" /><G128/><T29/><D34/><U87/><E87/><V118/><F23/><W108/><G108/><T89/><D89/><U129/><E129/><V75/><F53/><W82/><G82/><T4/><D71/><U64/><E64/><V52/><F52/><W120/><N who="3" m="31232" /><DORA hai="127" /><W15/><G15/><T11/><D69/><U51/><E50/><AGARI ba="0,0" hai="25,26,48,49,50" m="31232,51250,39498" machi="50" ten="80,12000,1" yaku="28,2,20,1" doraHai="16,33,127" who="3" fromWho="1" sc="361,0,128,-120,185,0,326,120" /><AGARI ba="0,0" hai="0,4,6,10,11,14,29,30,50,55,59,98,102,106" machi="50" ten="30,2000,0" yaku="7,1,52,1" doraHai="16,33,127" who="0" fromWho="1" sc="361,20,8,-20,185,0,446,0" owari="381,18.0,-12,-51.0,185,-21.0,446,54.0" /></mjloggm>