<mjloggm ver="2.3"><GO type="97" lobby="0"/><UN n0="%E5%8D%83%E7%BE%BD%E3%82%A4%E3%82%A8%E3%82%B9" n1="%E3%81%8B%E3%81%AA%E3%81%B6%E3%82%93" n2="%64%61%69%69%74%69%73%61" n3="%E5%B0%B1%E6%B4%BB%E7%94%9F%40%E5%B7%9D%E6%9D%91%E8%BB%8D%E5%9B%A3" dan="14,13,13,15" rate="1901.98,1879.78,1827.68,2005.13" sx="M,M,M,M"/><TAIKYOKU oya="0"/><INIT seed="0,0,0,3,1,14" ten="250,250,250,250" oya="0" hai0="64,130,75,4,135,17,91,18,98,61,58,30,45" hai1="86,76,53,1,131,7,46,70,127,44,97,5,40" hai2="63,79,6,28,21,114,92,71,101,84,52,50,112" hai3="24,26,78,60,16,66,120,88,68,55,89,37,119"/><T83/><D130/><U111/><E70/><V13/><F6/><W47/><G119/><T109/><D4/><U116/><E116/><V72/><F72/><W33/><G120/><T27/><D135/><U51/><E131/><V42/><F42/><W122/><G122/><T22/><D109/><U69/><E69/><V43/><F43/><W94/><G78/><T35/><D35/><U90/><E111/><V95/><F114/><W39/><G89/><T80/><D75/><U103/><E76/><V105/><F105/><W56/><G26/><T81/><D45/><U124/><E1/><V128/><F128/><W10/><G47/><T59/><D59/><U12/><E97/><V102/><F112/><W74/><G33/><T23/><D23/><U65/><E103/><N who="2" m="39435" /><F71/><W134/><G74/><T77/><D77/><U41/><E65/><V121/><F63/><N who="3" m="36255" /><G10/><T110/><D110/><U125/><E53/><V11/><F121/><W15/><G15/><T123/><D123/><U57/><E57/><N who="2" m="32919" /><F11/><W100/><G100/><T113/><D113/><U133/><E133/><V48/><F48/><W107/><G107/><T9/><D9/><U32/><E32/><V2/><F2/><W8/><G8/><T20/><D20/><U117/><E117/><V67/><F67/><W104/><G104/><T129/><D129/><U29/><E5/><V31/><F31/><W73/><G73/><T34/><D34/><U118/><E29/><V126/><F126/><W82/><G134/><T99/><D99/><U93/><E118/><V115/><F115/><W108/><G108/><T25/><D25/><RYUUKYOKU ba="0,0" sc="250,30,250,-10,250,-10,250,-10" hai0="17,18,22,27,30,58,61,64,80,81,83,91,98" /><INIT seed="0,1,0,3,4,46" ten="280,240,240,240" oya="0" hai0="131,14,56,15,68,118,25,65,103,7,35,41,29" hai1="67,38,85,23,81,126,97,59,74,5,129,13,107" hai2="72,75,121,64,102,100,11,69,104,2,3,6,101" hai3="48,82,108,17,117,89,50,106,49,37,112,116,125"/><T84/><D118/><U73/><E38/><V124/><F121/><W62/><G112/><T86/><D131/><U47/><E129/><V28/><F124/><W76/><G106/><T61/><D56/><U80/><E126/><V119/><F119/><W90/><G37/><T88/><D86/><U109/><E73/><V0/><F28/><W9/><G125/><T31/><D31/><U40/><E74/><V44/><F104/><W12/><G108/><T63/><D63/><U111/><E107/><V54/><F75/><W132/><G132/><T113/><D113/><U52/><E97/><V135/><F72/><W30/><G30/><T26/><D26/><U18/><E5/><V27/><F135/><W51/><G116/><T10/><D103/><U21/><E67/><V42/><F27/><W22/><G117/><T66/><D66/><U115/><E115/><V71/><F54/><W70/><G70/><T77/><D77/><U36/><E21/><V99/><F99/><W114/><G114/><T32/><D41/><U123/><E123/><V16/><F16/><N who="3" m="8207" /><G62/><T53/><D53/><U122/><E122/><V1/><REACH who="2" step="1"/><F64/><REACH who="2" ten="280,240,230,240" step="2"/><W96/><N who="3" m="12288" /><DORA hai="60" /><W87/><G96/><T43/><D43/><U133/><E133/><V4/><F4/><W94/><G94/><T91/><D35/><U110/><E85/><V24/><F24/><AGARI ba="1,1" hai="17,22,24,76,82,87,89,90" m="12288,8207" machi="24" ten="40,12000,2" yaku="8,1,52,4,54,1" doraHai="46,60" who="3" fromWho="2" sc="280,0,240,0,230,-123,240,133" /><INIT seed="1,0,0,1,2,116" ten="280,240,107,373" oya="1" hai0="112,31,38,6,101,13,120,109,105,128,80,70,64" hai1="52,45,92,114,122,17,84,83,20,106,27,11,77" hai2="125,118,59,15,19,81,35,127,42,111,95,94,4" hai3="108,123,7,25,93,126,22,44,99,96,28,51,23"/><U49/><E114/><V29/><F118/><W91/><G123/><T41/><D112/><U36/><E106/><V5/><F111/><W2/><G108/><T26/><D109/><U130/><E122/><V14/><F42/><W131/><G131/><T62/><D80/><U75/><E130/><V55/><F81/><W107/><G126/><N who="2" m="48137" /><F35/><W129/><G129/><T8/><D128/><U32/><E36/><V46/><F46/><W79/><G79/><T124/><D124/><U100/><E32/><V34/><F34/><W135/><G135/><T97/><D120/><U113/><E113/><V103/><F29/><W37/><G37/><T50/><D50/><U21/><E20/><V9/><F103/><W119/><G119/><T10/><D10/><U132/><E132/><V12/><F19/><W18/><G107/><T121/><D121/><U74/><E11/><V115/><F115/><W24/><G7/><N who="2" m="2633" /><F9/><W63/><G2/><N who="0" m="87" /><D41/><U33/><REACH who="1" step="1"/><E33/><REACH who="1" ten="280,230,107,373" step="2"/><V66/><F66/><W3/><G3/><T57/><D38/><U76/><E76/><V48/><AGARI ba="0,1" hai="12,14,15,48,55,59,94,95" m="2633,48137" machi="48" ten="40,1500,0" yaku="18,1" doraHai="116" who="2" fromWho="2" sc="280,-4,230,-7,107,25,373,-4" /><INIT seed="2,0,0,4,3,24" ten="276,223,132,369" oya="2" hai0="131,113,34,8,58,80,86,56,72,102,33,93,77" hai1="76,118,94,49,44,73,90,81,40,45,42,104,3" hai2="71,18,63,84,38,89,32,105,21,61,64,41,39" hai3="1,0,74,115,62,88,83,79,95,67,132,65,36"/><V133/><F105/><W29/><G36/><T70/><D70/><U47/><E104/><V52/><F32/><W9/><G115/><T55/><D113/><U35/><E35/><V43/><F133/><W96/><G132/><T111/><D111/><U30/><E118/><V15/><F38/><W10/><G65/><T128/><D8/><U107/><E107/><V31/><F31/><W16/><G29/><T60/><D58/><U97/><E3/><V121/><F121/><W114/><G114/><T112/><D112/><U19/><E19/><V6/><F6/><W127/><G127/><T46/><D46/><U11/><E11/><V130/><F130/><N who="0" m="49706" /><D72/><U124/><E124/><V26/><F26/><W59/><G10/><T28/><D28/><U110/><E110/><V50/><F61/><W91/><G91/><T87/><D87/><U69/><E69/><V122/><F122/><W134/><G134/><T22/><D22/><U98/><E30/><V68/><F68/><W48/><REACH who="3" step="1"/><G48/><REACH who="3" ten="276,223,132,359" step="2"/><T120/><D120/><U78/><E49/><V99/><F39/><W13/><AGARI ba="0,1" hai="0,1,9,13,16,59,62,67,74,79,83,88,95,96" machi="13" ten="30,12000,2" yaku="1,1,2,1,0,1,54,2,53,1" doraHai="24" doraHaiUra="14" who="3" fromWho="3" sc="276,-30,223,-30,132,-60,359,130" /><INIT seed="3,0,0,3,2,34" ten="246,193,72,489" oya="3" hai0="91,128,44,22,48,10,53,61,21,123,29,33,2" hai1="100,6,122,114,127,56,134,27,98,39,78,125,37" hai2="51,9,18,26,83,7,8,52,57,41,99,36,0" hai3="104,121,130,55,129,1,42,133,5,38,89,84,74"/><W35/><G104/><T109/><D123/><U49/><E27/><V54/><F36/><W68/><G74/><T60/><D109/><U106/><E122/><V77/><F41/><W63/><G35/><T118/><D118/><U17/><E17/><V96/><F54/><W115/><G5/><T135/><D128/><U94/><E49/><V16/><F26/><W80/><G1/><T30/><D135/><U70/><E56/><V117/><F117/><W66/><G115/><T101/><D101/><U62/><E114/><V23/><F18/><W72/><G121/><T12/><D33/><U93/><E93/><V82/><F82/><W73/><G133/><T112/><D112/><U105/><E134/><V11/><F11/><W107/><G107/><T119/><D119/><U4/><E78/><V113/><F113/><W50/><G42/><T103/><D103/><U126/><E94/><V47/><F47/><N who="3" m="28127" /><G38/><T120/><D120/><U67/><E106/><V131/><F131/><N who="3" m="50187" /><G73/><T69/><D91/><U40/><E40/><V15/><REACH who="2" step="1"/><F9/><REACH who="2" ten="246,193,62,489" step="2"/><W14/><G72/><AGARI ba="0,1" hai="0,7,8,15,16,23,51,52,57,72,77,83,96,99" machi="72" ten="30,12000,2" yaku="1,1,2,1,7,1,52,1,54,2,53,0" doraHai="34" doraHaiUra="31" who="2" fromWho="3" sc="246,0,193,0,62,130,489,-120" owari="246,5.0,193,-21.0,192,-31.0,369,47.0" /></mjloggm>