<mjloggm ver="2.3"><GO type="225" lobby="0"/><UN n0="%E5%B0%B1%E6%B4%BB%E7%94%9F%40%E5%B7%9D%E6%9D%91%E8%BB%8D%E5%9B%A3" n1="%E3%82%A8%E3%83%AB%E3%82%AF" n2="%E7%A7%98%E5%89%A3%E2%98%85%E5%8D%83%E9%B3%A5%E2%98%85" n3="%E3%81%99%E3%81%BF%E3%82%84%E3%81%AB" dan="16,16,16,16" rate="2061.96,2091.87,2109.78,2052.18" sx="M,M,M,M"/><TAIKYOKU oya="0"/><INIT seed="0,0,0,4,0,86" ten="250,250,250,250" oya="0" hai0="54,28,131,111,73,85,1,69,109,117,75,49,26" hai1="78,98,116,64,74,0,36,45,52,104,95,122,68" hai2="32,124,8,14,87,63,90,102,81,55,135,112,48" hai3="80,57,17,42,93,47,20,66,18,13,115,105,11"/><T61/><D1/><U76/><E116/><V103/><F124/><W62/><G105/><T35/><D117/><U27/><E122/><V50/><F135/><W3/><G115/><T15/><D131/><U82/><E76/><V119/><F32/><W121/><G121/><T79/><D15/><U133/><E133/><V132/><F132/><W19/><G80/><N who="0" m="47263" /><D61/><U4/><E104/><V59/><F112/><W24/><G3/><T123/><D69/><U51/><E27/><V58/><F119/><W56/><G56/><N who="0" m="32847" /><D123/><U88/><E36/><V41/><F41/><W71/><G71/><T29/><D29/><U130/><E130/><V39/><F39/><W100/><G93/><T129/><D129/><U110/><E110/><AGARI ba="0,0" hai="26,28,35,73,75,109,110,111" m="32847,47263" machi="110" ten="30,2900,0" yaku="14,1,10,1" doraHai="86" who="0" fromWho="1" sc="250,29,250,-29,250,0,250,0" /><INIT seed="0,1,0,1,4,17" ten="279,221,250,250" oya="0" hai0="41,73,97,12,8,90,52,129,128,101,51,89,68" hai1="25,13,81,15,78,120,106,117,24,34,69,47,100" hai2="127,75,124,121,50,132,28,67,86,65,126,59,19" hai3="32,95,53,60,38,11,7,35,30,104,6,43,27"/><T2/><D73/><U88/><E117/><V110/><F75/><W116/><G104/><T63/><D41/><U111/><E120/><V125/><F121/><W123/><G123/><T114/><D63/><U109/><E69/><V49/><F110/><N who="1" m="41993" /><E47/><V66/><F132/><W58/><G116/><T56/><D68/><U9/><E34/><V23/><F28/><W72/><G72/><T96/><D2/><U1/><E1/><V82/><N who="2" m="31744" /><DORA hai="10" /><V37/><F59/><W45/><G32/><T77/><D77/><U133/><E133/><V85/><F85/><W93/><REACH who="3" step="1"/><G7/><REACH who="3" ten="279,221,250,240" step="2"/><N who="0" m="3103" /><D114/><U83/><E106/><V84/><F82/><W42/><G42/><T107/><D96/><U80/><E78/><V31/><F84/><W29/><G29/><T134/><D134/><U131/><E81/><V21/><F86/><W103/><G103/><T0/><D0/><AGARI ba="1,1" hai="0,6,11,27,30,35,38,43,45,53,58,60,93,95" machi="0" ten="30,8000,1" yaku="1,1,7,1,53,3" doraHai="17,10" doraHaiUra="36,91" who="3" fromWho="0" sc="279,-83,221,0,250,0,240,93" /><INIT seed="1,0,0,3,0,88" ten="196,221,250,333" oya="1" hai0="35,15,68,92,14,67,19,120,134,4,72,51,129" hai1="8,122,113,117,84,70,107,54,86,135,18,93,99" hai2="126,89,73,76,23,87,52,125,60,9,6,61,63" hai3="118,97,32,50,39,131,112,57,36,26,65,30,11"/><U106/><E113/><V40/><F40/><W29/><G112/><T71/><D72/><U58/><E117/><V119/><F119/><W100/><G118/><T90/><D120/><U31/><E122/><V69/><F73/><W0/><G30/><T16/><D67/><U94/><E70/><V41/><F76/><W25/><G25/><T62/><D35/><U24/><E135/><V108/><F41/><W47/><BYE who="0" /><G131/><T1/><D1/><U83/><E106/><UN n0="%E5%B0%B1%E6%B4%BB%E7%94%9F%40%E5%B7%9D%E6%9D%91%E8%BB%8D%E5%9B%A3" /><V56/><F23/><W79/><G79/><T81/><D4/><U115/><E115/><V91/><F91/><W116/><G11/><T27/><D134/><U132/><E132/><V7/><F108/><W103/><G0/><T34/><D129/><U55/><E107/><V45/><F45/><W12/><G12/><T130/><D130/><U38/><E38/><V74/><F74/><W85/><G85/><N who="1" m="32874" /><E83/><V111/><F111/><W101/><G97/><T17/><D81/><U5/><E99/><V123/><F123/><W78/><G78/><T37/><D37/><U66/><E5/><V33/><F7/><W121/><G121/><T77/><D77/><U2/><E2/><N who="2" m="215" /><F33/><W128/><G128/><T105/><D105/><U3/><E3/><V49/><F69/><W98/><G116/><T43/><D71/><U110/><E110/><V102/><F102/><W64/><G100/><T53/><D68/><U80/><E8/><V82/><F82/><W44/><G103/><T46/><D34/><N who="1" m="20839" /><E80/><V95/><F87/><W114/><G114/><T42/><D27/><U48/><E18/><N who="0" m="4609" /><T96/><DORA hai="10" /><D43/><RYUUKYOKU ba="0,0" sc="196,15,221,-15,250,15,333,-15" hai0="14,15,42,46,51,53,62,90,92,96" hai2="49,52,56,60,61,63,89,95,125,126" /><INIT seed="2,1,0,0,5,17" ten="211,206,265,318" oya="2" hai0="63,74,37,72,23,29,110,52,104,36,2,98,0" hai1="83,92,43,47,24,49,80,128,20,84,69,4,99" hai2="19,16,131,26,127,25,123,113,65,81,53,38,32" hai3="56,64,112,60,102,132,79,67,109,126,35,77,111"/><V58/><F38/><W120/><G120/><T133/><D133/><U89/><E128/><V12/><F113/><W121/><G121/><T61/><D110/><N who="3" m="41993" /><G35/><T5/><D5/><U22/><E69/><V66/><F127/><W105/><G112/><T124/><D124/><U3/><E24/><N who="2" m="9323" /><F32/><W42/><G42/><T45/><D29/><U76/><E3/><N who="0" m="1065" /><D23/><N who="1" m="8747" /><E4/><V90/><F131/><W135/><G67/><N who="2" m="25609" /><F12/><W31/><G31/><T10/><D104/><U1/><E1/><V85/><F123/><W91/><G126/><T103/><D10/><U11/><E80/><V62/><AGARI ba="1,0" hai="16,19,53,58,62,81,85,90" m="25609,9323" machi="62" ten="30,3000,0" yaku="8,1,54,1" doraHai="17" who="2" fromWho="2" sc="211,-11,206,-11,265,33,318,-11" /><INIT seed="2,2,0,5,2,5" ten="200,195,298,307" oya="2" hai0="93,9,112,75,7,21,99,29,98,59,8,104,2" hai1="85,109,64,131,39,73,97,81,37,51,34,79,24" hai2="53,111,48,113,43,52,15,69,44,1,70,4,100" hai3="95,135,87,94,105,0,25,101,62,110,120,26,72"/><V127/><F113/><W47/><G72/><T12/><D75/><U77/><E109/><V36/><F111/><W86/><G120/><T63/><D112/><U54/><E131/><V33/><F33/><W50/><G0/><T38/><D38/><U68/><E97/><V46/><F1/><W96/><G135/><T116/><D116/><U134/><E134/><V45/><F127/><W20/><G62/><T117/><D117/><U103/><E103/><V123/><F100/><W35/><G35/><T74/><D74/><U3/><E3/><V133/><F123/><W18/><G26/><T119/><D119/><U27/><E64/><V122/><F122/><W78/><G110/><T118/><D118/><U60/><E60/><V71/><F133/><W80/><G87/><T76/><D76/><U115/><E68/><V42/><F15/><W30/><G30/><T84/><D104/><U114/><E115/><V124/><F4/><W91/><G78/><T32/><D32/><U10/><E10/><V88/><F88/><W14/><G14/><T11/><D2/><U82/><E114/><V41/><F124/><W108/><G108/><T49/><D49/><AGARI ba="2,0" hai="36,41,42,43,44,45,46,48,49,52,53,69,70,71" machi="49" ten="40,24000,3" yaku="9,1,35,6,54,1" doraHai="5" who="2" fromWho="0" sc="200,-246,195,0,298,246,307,0" owari="-46,-55.0,195,-20.0,544,64.0,307,11.0" /></mjloggm>