<mjloggm ver="2.3"><GO type="169" lobby="0"/><UN n0="%52%4F%54%54%45%4E" n1="%E3%81%A6%E3%81%83%E3%81%BF%E3%82%93" n2="%E3%82%A6%E3%83%AB%E3%83%88%E3%83%A9%E7%AB%8B%E7%9B%B4" n3="%54%2E%54%2E%38" dan="16,16,17,16" rate="2052.95,2131.91,2141.42,2102.33" sx="F,M,M,M"/><TAIKYOKU oya="0"/><INIT seed="0,0,0,3,5,15" ten="250,250,250,250" oya="0" hai0="106,123,54,81,112,37,60,71,120,92,97,117,91" hai1="6,25,130,11,27,75,111,46,26,89,110,78,114" hai2="80,132,49,14,9,116,5,64,62,50,51,23,28" hai3="133,63,95,16,2,30,129,118,47,76,13,135,24"/><T0/><D117/><U1/><E75/><V12/><F116/><W115/><G118/><T109/><D112/><U18/><E78/><V90/><F132/><N who="3" m="50763" /><G115/><T131/><D131/><U93/><E114/><V101/><F101/><W69/><G129/><T128/><D128/><U35/><E130/><V79/><F90/><W7/><G76/><T67/><D0/><U41/><E35/><V58/><F28/><W122/><G122/><T70/><D37/><U45/><E18/><V21/><REACH who="2" step="1"/><F12/><REACH who="2" ten="250,250,240,250" step="2"/><W29/><G2/><T73/><D91/><U56/><E111/><V86/><AGARI ba="0,1" hai="5,9,14,21,23,49,50,51,58,62,64,79,80,86" machi="86" ten="30,7900,0" yaku="1,1,2,1,0,1,8,1,53,0" doraHai="15" doraHaiUra="98" who="2" fromWho="2" sc="250,-39,250,-20,240,89,250,-20" /><INIT seed="1,0,0,4,4,9" ten="211,230,329,230" oya="1" hai0="129,57,103,100,3,59,97,27,122,8,94,102,124" hai1="72,53,80,73,82,65,96,52,50,87,16,38,83" hai2="99,41,0,55,75,28,115,39,113,35,25,84,86" hai3="71,61,18,126,24,10,108,43,132,106,51,11,127"/><U111/><E38/><V5/><F75/><W17/><G106/><T40/><D122/><U48/><E65/><V93/><F41/><W114/><G108/><T130/><D124/><N who="3" m="47657" /><G114/><N who="2" m="43529" /><F39/><W15/><G132/><T90/><D40/><U79/><E111/><V125/><F125/><W68/><G61/><T37/><D37/><U119/><E119/><V101/><F55/><N who="1" m="21065" /><E73/><V4/><F0/><W69/><G24/><T118/><D118/><U123/><E72/><V32/><F32/><W56/><G56/><T105/><D105/><U104/><E104/><V92/><F92/><W14/><G43/><T47/><D47/><U66/><E66/><V12/><F4/><W21/><G51/><N who="1" m="19498" /><E123/><V91/><F101/><W1/><G1/><T78/><D78/><U64/><E64/><V63/><F63/><W109/><G109/><T60/><D27/><U70/><E70/><N who="3" m="17922" /><W117/><DORA hai="107" /><G117/><T133/><D133/><U58/><E58/><V6/><F6/><W49/><G49/><T62/><D3/><U98/><E79/><V116/><F116/><W76/><G76/><T34/><D34/><U45/><E45/><V135/><F135/><W20/><AGARI ba="0,0" hai="10,11,14,15,17,18,20,21" m="17922,47657" machi="20" ten="50,6400,0" yaku="18,1,52,2" doraHai="9,107" who="3" fromWho="3" sc="211,-16,230,-32,329,-16,230,64" /><INIT seed="2,0,0,5,1,60" ten="195,198,313,294" oya="2" hai0="88,115,110,109,27,43,86,130,112,45,1,96,6" hai1="123,132,118,16,30,59,18,56,117,87,47,58,74" hai2="81,23,91,33,4,98,17,97,121,3,116,14,50" hai3="70,82,64,13,49,122,65,113,35,102,103,92,38"/><V108/><F121/><W10/><G38/><T42/><D130/><U94/><E74/><V39/><F39/><W53/><G35/><T76/><D27/><U79/><E132/><V75/><F116/><W62/><G122/><T40/><D6/><U107/><E107/><V101/><F108/><N who="0" m="41578" /><D1/><U89/><E123/><V66/><F33/><W80/><G113/><N who="0" m="43595" /><D76/><U9/><E30/><V11/><F50/><W114/><G114/><T83/><D96/><U69/><E69/><V131/><F131/><W46/><G70/><T15/><D15/><U95/><E79/><V111/><F111/><W7/><G62/><T34/><D34/><U71/><E71/><V106/><F75/><W8/><G8/><T129/><D129/><U119/><E47/><AGARI ba="0,0" hai="40,42,43,45,47,83,86,88" m="43595,41578" machi="47" ten="40,2600,0" yaku="14,1,54,1" doraHai="60" who="0" fromWho="1" sc="195,26,198,-26,313,0,294,0" /><INIT seed="3,0,0,4,3,33" ten="221,172,313,294" oya="3" hai0="97,38,10,98,1,68,61,107,9,127,25,17,84" hai1="86,44,46,79,42,125,66,3,129,94,75,64,124" hai2="40,71,118,13,108,92,65,20,28,31,48,59,52" hai3="55,130,41,36,87,23,80,126,104,99,8,57,83"/><W112/><G112/><T7/><D38/><U14/><E129/><V15/><F118/><W34/><G130/><T81/><D127/><N who="1" m="48715" /><E75/><V4/><F108/><W12/><G126/><T73/><D73/><U50/><E14/><V62/><F4/><W133/><G34/><T74/><D74/><U49/><E3/><V114/><F114/><W131/><G133/><T82/><D107/><U93/><E79/><V45/><F92/><N who="1" m="35433" /><E86/><V88/><F88/><W122/><G131/><T24/><D81/><U6/><E6/><V90/><F90/><W103/><G122/><T26/><D68/><U54/><AGARI ba="0,0" hai="42,44,46,49,50,54,64,66" m="35433,48715" machi="54" ten="30,1100,0" yaku="18,1" doraHai="33" who="1" fromWho="1" sc="221,-3,172,11,313,-3,294,-5" /><INIT seed="4,0,0,5,1,64" ten="218,183,310,289" oya="0" hai0="9,81,99,131,0,122,95,76,113,32,83,117,58" hai1="51,11,115,105,39,79,20,4,121,41,114,133,19" hai2="40,5,10,128,36,124,12,66,52,104,90,102,135" hai3="59,13,118,70,7,62,38,49,31,6,82,96,89"/><T129/><D122/><U107/><E39/><V94/><F124/><W119/><G38/><T43/><D117/><U29/><E121/><V88/><F66/><W8/><G119/><T23/><D32/><U50/><E29/><V24/><F40/><W127/><G118/><T27/><D113/><N who="1" m="43019" /><E79/><V123/><F36/><W46/><G127/><T116/><D116/><U22/><E133/><V48/><F104/><N who="1" m="40009" /><E41/><V106/><F106/><W54/><G31/><N who="0" m="17919" /><D43/><U71/><E71/><V21/><F128/><N who="0" m="49226" /><D76/><U28/><E28/><N who="2" m="17423" /><F135/><W17/><G70/><T3/><D58/><U77/><E77/><V87/><F123/><W67/><REACH who="3" step="1"/><G96/><REACH who="3" ten="218,183,310,279" step="2"/><T55/><D99/><U63/><E63/><V86/><F86/><AGARI ba="0,1" hai="6,7,8,13,17,46,49,54,59,62,67,82,86,89" machi="86" ten="40,8000,1" yaku="1,1,2,1,25,2,8,1,53,0" doraHai="64" doraHaiUra="111" who="3" fromWho="2" sc="218,0,183,0,310,-80,279,90" /><INIT seed="5,0,0,4,1,68" ten="218,183,230,369" oya="1" hai0="13,0,112,81,71,74,93,12,37,75,116,62,96" hai1="51,8,131,102,72,80,108,120,135,63,2,98,113" hai2="76,128,28,87,91,44,39,30,95,111,54,122,101" hai3="60,59,73,9,27,66,84,127,100,18,26,83,121"/><U14/><E120/><V90/><F122/><W94/><G121/><T17/><D116/><U40/><E113/><V70/><F70/><W35/><G35/><T58/><D0/><U99/><E2/><V56/><F128/><W19/><G127/><T106/><D106/><U97/><E131/><V50/><F111/><W25/><G73/><T78/><D71/><U67/><E108/><V53/><F39/><W42/><G42/><T46/><D112/><U33/><E33/><V125/><F125/><W64/><G64/><T3/><D3/><U20/><E135/><V29/><F101/><W32/><G32/><T1/><D1/><U130/><E130/><V45/><F76/><N who="3" m="46183" /><G9/><T38/><D74/><U77/><E20/><V49/><F56/><W109/><G109/><T15/><D46/><U107/><E51/><V129/><F129/><W41/><G41/><T132/><D17/><U134/><E40/><V22/><F22/><W69/><G69/><T43/><D43/><U123/><E123/><V55/><F55/><W86/><G86/><T61/><D132/><U79/><E79/><V104/><F104/><W124/><G124/><T118/><D118/><U34/><E34/><V115/><F115/><W16/><G100/><N who="0" m="60431" /><D58/><N who="1" m="37367" /><E134/><V6/><F6/><W133/><G133/><T105/><D105/><U92/><E107/><V114/><F114/><W52/><G94/><T47/><D38/><U89/><E102/><V110/><F110/><W36/><G36/><T65/><D65/><U7/><E72/><V31/><F31/><W24/><N who="3" m="6144" /><DORA hai="57" /><W82/><G66/><T126/><D126/><RYUUKYOKU ba="0,0" sc="218,0,183,0,230,0,369,0" hai0="12,13,15,37,47,61,62,75,78,81" hai1="7,8,14,77,80,89,92,97,98,99" hai2="28,29,30,44,45,49,50,53,54,87,90,91,95" hai3="16,18,19,52,59,60,82" /><INIT seed="5,1,0,5,5,19" ten="218,183,230,369" oya="1" hai0="1,77,61,34,95,4,78,62,20,2,57,37,110" hai1="29,87,24,84,49,46,68,99,47,10,125,93,0" hai2="56,130,106,98,126,131,60,9,75,82,50,121,45" hai3="112,135,51,12,14,124,101,41,123,27,96,79,59"/><U73/><E73/><V5/><F121/><W128/><G123/><T66/><D110/><U107/><E68/><V134/><F134/><W63/><G135/><T16/><D34/><U70/><E70/><V91/><F126/><W23/><G124/><T100/><D37/><U42/><E125/><V132/><F132/><W8/><G112/><T52/><D1/><U67/><E67/><V64/><F106/><W88/><G128/><N who="2" m="49193" /><F98/><W115/><G79/><T113/><D113/><U69/><E69/><V104/><F104/><W109/><G115/><T39/><D39/><U127/><E107/><V116/><F116/><W11/><G109/><T80/><D2/><U17/><E127/><V92/><F92/><N who="3" m="56327" /><G101/><T55/><D4/><U25/><E0/><V15/><F91/><W36/><G36/><T44/><D44/><U89/><E47/><V81/><F75/><W122/><G51/><T90/><D100/><U22/><REACH who="1" step="1"/><E10/><REACH who="1" ten="218,173,230,369" step="2"/><N who="3" m="3626" /><G122/><T108/><D108/><U18/><E18/><V28/><F28/><N who="3" m="17535" /><G41/><AGARI ba="1,1" hai="5,9,15,41,45,50,56,60,64,81,82" m="49193" machi="41" ten="30,1000,0" yaku="19,1" doraHai="19" who="2" fromWho="3" sc="218,0,173,0,230,23,369,-13" /><INIT seed="6,0,0,1,0,27" ten="218,173,253,356" oya="2" hai0="106,99,21,88,79,41,107,96,7,87,90,114,115" hai1="19,134,66,133,102,82,76,29,47,135,43,85,78" hai2="15,108,89,93,128,75,48,122,12,20,120,59,44" hai3="68,3,22,132,63,94,70,38,0,57,105,127,84"/><V54/><F75/><W83/><G105/><N who="0" m="39947" /><D41/><U109/><E109/><V65/><F128/><W98/><G38/><T112/><D7/><U37/><E102/><V32/><F32/><W64/><G132/><T123/><D21/><U67/><E19/><V81/><F81/><W45/><G127/><T30/><D123/><U4/><E4/><V25/><F108/><W77/><G45/><T104/><D30/><U8/><E8/><V86/><F122/><W116/><G116/><T11/><N who="0" m="39955" /><T31/><DORA hai="36" /><D31/><U24/><REACH who="1" step="1"/><E78/><REACH who="1" ten="218,163,253,356" step="2"/><V55/><F120/><W71/><REACH who="3" step="1"/><G22/><AGARI ba="0,1" hai="22,24,29,37,43,47,66,67,76,82,85,133,134,135" machi="22" ten="40,16000,3" yaku="1,1,2,1,20,1,52,2,53,3" doraHai="27,36" doraHaiUra="51,131" who="1" fromWho="3" sc="218,0,163,170,253,0,356,-160" /><INIT seed="7,0,0,0,0,56" ten="218,333,253,196" oya="3" hai0="51,43,19,64,25,98,68,134,15,54,102,116,63" hai1="110,131,32,89,7,47,126,13,62,74,49,107,48" hai2="77,46,4,30,124,22,23,59,14,132,108,1,17" hai3="115,100,5,92,10,70,2,0,97,60,40,73,133"/><W113/><G73/><T52/><D116/><U119/><E32/><V86/><F1/><W128/><G40/><T81/><D134/><U18/><E74/><V122/><F4/><W127/><G133/><T95/><D25/><U57/><E107/><V6/><F6/><W85/><G128/><T39/><D39/><U101/><E101/><V37/><F37/><W58/><G127/><T79/><D43/><U105/><E105/><V27/><F46/><W65/><G2/><T99/><D99/><U44/><E119/><V84/><F108/><W117/><G117/><T125/><D51/><N who="1" m="19531" /><E110/><V104/><F104/><W129/><G129/><T3/><D3/><U29/><E29/><V61/><F122/><W87/><REACH who="3" step="1"/><G70/><REACH who="3" ten="218,333,253,186" step="2"/><T118/><D118/><U53/><E126/><V111/><F124/><W123/><G123/><T83/><D125/><U120/><E131/><V67/><F132/><W91/><G91/><T11/><D83/><U26/><E89/><V78/><F111/><W36/><G36/><T130/><D130/><U33/><E120/><V8/><F77/><W75/><G75/><AGARI ba="0,1" hai="11,15,19,52,54,63,64,68,75,79,81,95,98,102" machi="75" ten="30,3900,0" yaku="7,1,52,1,54,1" doraHai="56" who="0" fromWho="3" sc="218,49,333,0,253,0,186,-39" owari="267,7.0,333,43.0,253,-15.0,147,-35.0" /></mjloggm>