<mjloggm ver="2.3"><GO type="169" lobby="0"/><UN n0="%61%72%65%73%73" n1="%E6%96%B0%E6%BD%9F%E3%83%89%E3%83%A9%E3%82%B4%E3%83%B3" n2="%E3%82%A6%E3%83%AB%E3%83%88%E3%83%A9%E7%AB%8B%E7%9B%B4" n3="%E3%83%A4%E3%82%AD%E3%83%B3" dan="16,16,16,18" rate="2106.62,2158.40,2119.10,2216.82" sx="M,F,M,M"/><TAIKYOKU oya="0"/><INIT seed="0,0,0,5,2,57" ten="250,250,250,250" oya="0" hai0="58,106,112,43,107,123,48,40,20,16,27,76,34" hai1="56,42,73,65,132,135,80,129,52,24,118,64,49" hai2="22,8,128,19,55,95,28,13,83,9,90,102,74" hai3="12,88,62,2,87,97,38,103,67,54,75,45,99"/><T130/><D123/><U78/><E118/><V70/><F128/><W23/><G2/><T46/><D112/><U131/><E24/><V37/><F37/><W25/><G75/><T39/><D130/><N who="1" m="49675" /><E42/><V105/><F70/><W33/><G33/><T104/><D76/><U35/><E35/><V93/><F105/><W4/><G103/><T122/><D122/><U124/><E124/><V61/><F74/><W117/><G38/><T31/><D58/><U18/><E18/><V115/><F28/><W10/><G45/><T85/><D85/><U72/><E72/><V1/><F1/><W11/><G11/><N who="2" m="4169" /><F102/><W114/><G54/><T84/><D84/><U30/><E30/><V15/><F15/><W50/><G50/><T71/><D71/><U116/><E116/><V29/><F29/><W100/><G100/><T86/><D86/><U59/><E59/><N who="2" m="35071" /><F115/><W120/><G114/><T108/><D108/><U51/><E51/><V121/><F121/><W82/><G117/><T3/><D3/><U94/><E94/><N who="2" m="35851" /><F83/><W133/><G120/><T47/><REACH who="0" step="1"/><D107/><REACH who="0" ten="240,250,250,250" step="2"/><U127/><E127/><V101/><F101/><W91/><G91/><AGARI ba="0,1" hai="13,19,22,90,91" m="35851,35071,4169" machi="91" ten="30,2000,0" yaku="8,1,52,1" doraHai="57" who="2" fromWho="3" sc="240,0,250,0,250,30,250,-20" /><INIT seed="1,0,0,2,1,110" ten="240,250,280,230" oya="1" hai0="113,57,121,107,72,16,62,90,64,126,81,6,94" hai1="119,38,60,54,74,75,116,87,13,85,73,100,131" hai2="63,101,55,22,109,111,53,15,4,14,49,122,46" hai3="118,0,88,44,23,86,105,20,24,91,5,17,37"/><U103/><E38/><V78/><F122/><W70/><G70/><T52/><D121/><U30/><E30/><V7/><F101/><N who="1" m="38985" /><E13/><N who="2" m="4619" /><F78/><W59/><G105/><T32/><D107/><U104/><E60/><V99/><F99/><W29/><G118/><N who="1" m="45098" /><E54/><V69/><F22/><W95/><G59/><T33/><D6/><U125/><E104/><V1/><F1/><W133/><G133/><T21/><D126/><U48/><E48/><V68/><F69/><W10/><G91/><T129/><D113/><U2/><E2/><V108/><F55/><W128/><G128/><T9/><D129/><U3/><E3/><V43/><F53/><W27/><G37/><T26/><D9/><U58/><E58/><V39/><F49/><W117/><G117/><T36/><D36/><U134/><E131/><V18/><F18/><W56/><G56/><T31/><D64/><AGARI ba="0,0" hai="4,7,39,43,46,63,64,68,108,109,111" m="4619" machi="64" ten="40,1300,0" yaku="14,1" doraHai="110" who="2" fromWho="0" sc="240,-13,250,0,280,13,230,0" /><INIT seed="2,0,0,3,3,53" ten="227,250,293,230" oya="2" hai0="56,13,50,12,21,20,125,57,5,124,3,28,95" hai1="8,17,26,71,38,41,33,29,18,51,36,103,11" hai2="32,59,121,30,106,111,42,88,107,68,91,112,31" hai3="93,55,86,73,16,133,10,97,129,47,77,99,109"/><V67/><F121/><W25/><G73/><T132/><D132/><U94/><E71/><V118/><F118/><W75/><G75/><T105/><D105/><U114/><E114/><V117/><F117/><W24/><G109/><T34/><D95/><U52/><E41/><V43/><F68/><W81/><G129/><T19/><D50/><U123/><E123/><V35/><F67/><W4/><G133/><T9/><D13/><U0/><E11/><V98/><F98/><W119/><G119/><T64/><D21/><U130/><E130/><V14/><F14/><W44/><G99/><T22/><D22/><U72/><E72/><V76/><F76/><W83/><G83/><T23/><D23/><U79/><E79/><V1/><F1/><W60/><G4/><T116/><D116/><U27/><E27/><V92/><F92/><W84/><G84/><T89/><D89/><U39/><E0/><V15/><F15/><N who="3" m="7287" /><G25/><N who="0" m="18703" /><D64/><U63/><E8/><V108/><F112/><W62/><G24/><T49/><D49/><U100/><E63/><N who="3" m="24106" /><G55/><T128/><D128/><U70/><E70/><V96/><F96/><W2/><G2/><T65/><D65/><U90/><E103/><AGARI ba="0,0" hai="44,47,77,81,86,93,97,103" m="24106,7287" machi="103" ten="30,2000,0" yaku="8,1,54,1" doraHai="53" who="3" fromWho="1" sc="227,0,250,-20,293,0,230,20" /><INIT seed="3,0,0,3,2,128" ten="227,230,293,250" oya="3" hai0="14,108,125,4,78,122,112,113,48,99,10,32,110" hai1="40,88,35,117,49,127,120,86,30,66,67,39,11" hai2="0,83,81,104,134,29,33,121,97,65,116,50,132" hai3="5,45,26,34,38,69,1,71,72,80,124,41,18"/><W85/><G124/><T103/><D125/><U57/><E120/><V84/><F0/><W96/><G96/><T76/><D32/><U58/><E127/><V15/><F116/><W27/><G27/><T37/><D37/><U25/><E117/><V91/><F121/><W19/><G18/><T123/><D48/><U101/><E101/><N who="2" m="62511" /><F15/><W47/><G19/><T129/><D129/><U54/><E11/><V23/><F23/><W114/><G85/><T21/><D21/><U135/><E135/><N who="2" m="51755" /><F65/><W79/><G114/><N who="0" m="44139" /><D123/><U24/><E24/><N who="2" m="18599" /><F50/><W100/><G34/><T12/><D12/><U102/><E39/><V106/><F106/><W51/><G26/><T31/><D122/><U43/><E67/><V6/><F6/><W92/><G5/><T68/><D31/><U118/><E118/><V3/><F3/><W75/><G1/><T73/><D4/><U94/><E66/><V105/><F105/><W53/><G72/><T95/><D73/><U74/><E74/><V22/><F22/><W16/><G16/><T8/><D14/><U61/><E49/><V70/><F70/><W9/><G9/><T20/><D68/><U115/><E115/><V87/><F87/><W77/><G71/><T111/><D20/><U59/><E86/><V17/><F17/><W93/><G69/><T56/><D8/><U46/><E35/><V109/><F109/><W36/><G36/><T89/><D10/><U119/><E119/><V133/><N who="2" m="51763" /><V82/><AGARI ba="0,0" hai="81,82,83,84,91" m="18599,51763,62511" machi="82" ten="40,12000,2" yaku="4,1,20,1,52,4" doraHai="128" who="2" fromWho="2" sc="227,-30,230,-30,293,120,250,-60" /><INIT seed="4,0,0,2,3,6" ten="197,200,413,190" oya="0" hai0="103,68,96,27,107,63,112,54,99,38,117,106,26" hai1="75,134,132,100,17,116,56,35,31,97,130,115,90" hai2="58,52,0,131,25,87,30,13,12,79,108,64,72" hai3="33,22,5,41,62,8,125,40,1,84,21,39,126"/><T110/><D117/><U7/><E116/><V113/><F0/><W92/><G33/><T46/><D112/><U95/><E75/><V47/><F72/><W43/><G39/><T94/><D110/><U93/><E130/><V69/><F69/><W111/><G111/><T109/><D109/><U45/><E7/><V120/><F120/><W71/><G84/><T66/><D106/><U11/><E45/><V114/><F131/><W85/><G85/><T34/><D54/><U10/><E56/><V82/><F64/><N who="3" m="41367" /><G92/><T102/><REACH who="0" step="1"/><D34/><REACH who="0" ten="187,200,413,190" step="2"/><U48/><E115/><N who="2" m="44043" /><F108/><W57/><G126/><T37/><D37/><U74/><E35/><N who="2" m="20943" /><F47/><W32/><G32/><T129/><D129/><U67/><E134/><V127/><F127/><W104/><G125/><T14/><D14/><U81/><E132/><V61/><AGARI ba="0,1" hai="12,13,52,58,61,79,82,87" m="20943,44043" machi="61" ten="30,2000,0" yaku="15,1,54,1" doraHai="6" who="2" fromWho="2" sc="187,-10,200,-5,413,30,190,-5" /><INIT seed="5,0,0,0,3,121" ten="177,195,443,185" oya="1" hai0="37,50,128,34,67,38,78,95,10,104,114,33,99" hai1="120,86,23,133,82,27,76,79,103,105,110,68,71" hai2="61,47,108,127,36,92,13,29,106,113,18,16,70" hai3="115,132,14,54,96,32,57,26,25,59,134,53,64"/><U35/><E120/><V117/><F106/><W31/><G115/><T41/><D114/><U97/><E133/><N who="3" m="51306" /><G26/><T135/><D104/><U112/><E112/><V19/><F92/><W66/><G96/><T122/><D135/><U15/><E79/><V91/><F70/><W49/><G14/><T81/><D122/><U22/><E35/><V11/><F19/><W0/><G0/><T93/><D128/><U131/><E131/><V28/><F11/><W45/><G59/><T80/><D67/><U5/><E110/><V21/><F117/><W9/><G9/><T124/><D124/><U60/><E60/><AGARI ba="0,0" hai="25,31,32,45,49,53,54,57,60,64,66" m="51306" machi="60" ten="30,1000,0" yaku="20,1" doraHai="121" who="3" fromWho="1" sc="177,0,195,-10,443,0,185,10" /><INIT seed="6,0,0,4,0,83" ten="177,185,443,195" oya="2" hai0="48,121,78,14,131,51,94,124,104,110,134,118,4" hai1="52,135,68,5,75,50,92,115,18,41,12,1,86" hai2="114,25,19,7,70,62,74,105,67,125,72,15,109" hai3="3,40,126,96,73,42,107,99,129,0,6,49,53"/><V101/><F125/><W55/><G73/><T89/><D104/><U91/><E75/><V127/><F127/><W17/><G126/><T85/><D124/><U82/><E115/><V130/><F114/><W10/><G3/><T100/><D110/><U106/><E106/><V69/><F69/><W33/><G33/><T20/><D121/><U76/><E135/><V108/><F130/><W9/><G55/><T27/><D134/><U64/><E41/><V111/><F25/><W43/><G107/><T21/><D131/><U54/><E1/><V30/><F30/><W113/><G113/><T31/><D118/><U88/><E5/><V2/><F7/><W77/><G77/><T34/><D100/><U59/><E68/><V116/><F2/><W39/><G39/><T93/><D78/><U65/><E54/><V95/><F105/><W120/><G120/><T80/><D34/><U44/><E44/><V32/><F32/><W87/><G17/><N who="0" m="10295" /><D4/><U71/><E71/><V45/><F116/><W23/><G23/><T132/><D132/><U112/><E112/><V133/><F133/><W46/><G129/><T57/><D57/><U38/><E38/><V98/><F45/><W37/><G37/><T119/><D119/><U47/><E47/><V79/><F79/><W22/><G22/><AGARI ba="0,0" hai="15,19,22,62,67,70,72,74,95,98,101,108,109,111" machi="22" ten="40,2000,0" yaku="10,1" doraHai="83" who="2" fromWho="3" sc="177,0,185,0,443,20,195,-20" /><INIT seed="6,1,0,0,5,26" ten="177,185,463,175" oya="2" hai0="115,31,82,5,132,81,121,10,122,101,24,9,28" hai1="117,128,124,53,41,7,18,116,92,36,75,123,95" hai2="29,19,135,125,90,119,112,57,34,68,11,127,109" hai3="51,89,39,40,129,106,91,71,44,97,84,33,14"/><V86/><F68/><W25/><G71/><T21/><D101/><U100/><E75/><V32/><F119/><W111/><G111/><T60/><D60/><U69/><E69/><V83/><F57/><W55/><G129/><T96/><D96/><U45/><E128/><V79/><F79/><W30/><G14/><N who="0" m="5423" /><D82/><U105/><E7/><V52/><F52/><W20/><G33/><T65/><D81/><U80/><E80/><V131/><F34/><W6/><G6/><T108/><D65/><U77/><E77/><V63/><F63/><W113/><G113/><T13/><D108/><U17/><E105/><V130/><F109/><W42/><G39/><T46/><D46/><U38/><E38/><V110/><F110/><W118/><G118/><T56/><D56/><U85/><E53/><V98/><F98/><W76/><G106/><T67/><D67/><U59/><E59/><V99/><F99/><W64/><G64/><T58/><D58/><U94/><E100/><V103/><F103/><W37/><G37/><T4/><D132/><U35/><E85/><V87/><F86/><W61/><G61/><T102/><D102/><U104/><E104/><V93/><F87/><W107/><G107/><T78/><D78/><U22/><E117/><V88/><F135/><W62/><G62/><T114/><D31/><U27/><E116/><V66/><F66/><W70/><G70/><T0/><D0/><U54/><E36/><V3/><F3/><W43/><G97/><T134/><D134/><U50/><E41/><V12/><F131/><W120/><G120/><AGARI ba="1,0" hai="4,10,13,21,24,28,114,115,120,121,122" m="5423" machi="120" ten="30,3900,0" yaku="34,2,52,1" doraHai="26" who="0" fromWho="3" sc="177,42,185,0,463,0,175,-42" /><INIT seed="7,0,0,4,1,133" ten="219,185,463,133" oya="3" hai0="81,78,1,127,116,43,92,41,5,25,9,85,72" hai1="61,44,33,48,130,11,51,18,75,115,7,15,64" hai2="37,90,74,21,73,17,13,26,14,82,110,65,36" hai3="4,87,10,40,123,23,46,125,49,22,62,53,86"/><W67/><G123/><T50/><D116/><U12/><E115/><V121/><F110/><W93/><G40/><T77/><D127/><U34/><E130/><V95/><F65/><W32/><G32/><T108/><D108/><U6/><E75/><V102/><F102/><W24/><G125/><T117/><D117/><U128/><E128/><V126/><F126/><W69/><G93/><T66/><D66/><U76/><E76/><V60/><F60/><W104/><G104/><T68/><D68/><U98/><E98/><V101/><F101/><W45/><G45/><T28/><D50/><U59/><E48/><V109/><F109/><W122/><G122/><T113/><D113/><U16/><E33/><V106/><F74/><W83/><G24/><T112/><D112/><U20/><E34/><V134/><F106/><W105/><G105/><T114/><D114/><U111/><E111/><V94/><F95/><W103/><G103/><T131/><D131/><U0/><E0/><V129/><F129/><W97/><G97/><T96/><D77/><U89/><E89/><V120/><F120/><W99/><G99/><T70/><D72/><U29/><E29/><V54/><F121/><W132/><G132/><T135/><D135/><U80/><E80/><V58/><F134/><W119/><G119/><T42/><D70/><U39/><E39/><V35/><F35/><W107/><G107/><T2/><D2/><U118/><E118/><V27/><F27/><W31/><G83/><T100/><D41/><AGARI ba="0,0" hai="6,7,11,12,15,16,18,20,41,44,51,59,61,64" machi="41" ten="30,3900,0" yaku="7,1,8,1,54,1" doraHai="133" who="1" fromWho="0" sc="219,-39,185,39,463,0,133,0" owari="180,-22.0,224,2.0,463,57.0,133,-37.0" /></mjloggm>