<mjloggm ver="2.3"><GO type="225" lobby="0"/><UN n0="%70%69%2D%70%6F" n1="%E2%98%86%E9%BB%84%E7%80%AC%E3%82%84%E3%82%88%E3%81%84%E2%98%86" n2="%E3%83%88%E3%83%88%E3%83%AA%E5%85%88%E7%94%9F%31%39%E6%AD%B3" n3="%E5%A4%95%E5%8F%A2%E9%9C%A7%E9%A6%99" dan="16,17,16,16" rate="2106.73,2250.83,2075.32,2087.54" sx="M,F,F,F"/><TAIKYOKU oya="0"/><INIT seed="0,0,0,1,0,110" ten="250,250,250,250" oya="0" hai0="3,125,63,43,51,45,34,25,27,17,50,119,56" hai1="78,116,0,29,69,24,77,113,128,1,103,118,95" hai2="127,33,72,135,91,70,15,55,105,57,92,7,8" hai3="58,37,46,53,109,64,2,112,52,98,73,133,60"/><T9/><D119/><U59/><E69/><V40/><F70/><W26/><G73/><T85/><D125/><U82/><E128/><V13/><F105/><W47/><G2/><T36/><D34/><U108/><E108/><V107/><F107/><W90/><G109/><T14/><D3/><U49/><E78/><V4/><F33/><W134/><G112/><T123/><D123/><U89/><E103/><V39/><F72/><W11/><G11/><T102/><D102/><U79/><E79/><V81/><F81/><W130/><G130/><T99/><D99/><U21/><E113/><V106/><F106/><W75/><G75/><T121/><D121/><U65/><E1/><V76/><F76/><W30/><G90/><T94/><D50/><U66/><E0/><V115/><F115/><W20/><G98/><T41/><D41/><U101/><E101/><V38/><F40/><N who="3" m="22799" /><G47/><T129/><D36/><U120/><E120/><V97/><F127/><W10/><G10/><T104/><D104/><U132/><E118/><V44/><F44/><W54/><G20/><T18/><D18/><U71/><E116/><V117/><F117/><W32/><G32/><T96/><D129/><U88/><E21/><V100/><F100/><W16/><G30/><T31/><D96/><U83/><E29/><V12/><F39/><W67/><G67/><N who="0" m="39399" /><D31/><U6/><E66/><V48/><F38/><W35/><G35/><T86/><D86/><U131/><E65/><V28/><F28/><W61/><G60/><T74/><D74/><U68/><E131/><V23/><F23/><N who="3" m="13671" /><G61/><T111/><D111/><RYUUKYOKU ba="0,0" sc="250,15,250,-15,250,-15,250,15" hai0="9,14,17,25,27,43,45,51,85,94" hai3="52,53,54,58,64,133,134" /><INIT seed="0,1,0,1,1,55" ten="265,235,235,265" oya="0" hai0="33,119,129,77,92,104,37,82,111,113,24,22,117" hai1="46,16,81,85,79,2,73,12,28,23,95,50,43" hai2="0,53,18,88,31,109,54,84,5,121,120,7,15" hai3="48,45,8,89,68,41,83,56,112,34,29,116,38"/><T39/><D113/><U35/><E2/><V61/><F109/><W21/><G112/><T59/><D104/><U17/><E73/><V70/><F31/><W135/><G116/><T47/><D33/><U130/><E130/><V9/><F53/><W101/><G34/><T134/><D92/><U122/><E122/><V131/><F131/><W6/><G68/><T124/><D129/><U108/><E108/><V132/><F132/><W99/><G135/><T65/><D111/><U44/><E35/><V3/><F3/><W42/><G89/><T103/><D103/><U51/><E95/><V66/><F54/><W4/><G83/><T86/><D124/><U69/><E69/><V123/><REACH who="2" step="1"/><F0/><REACH who="2" ten="265,235,225,265" step="2"/><W91/><G29/><N who="0" m="17559" /><D134/><U63/><E28/><V78/><F78/><W10/><G42/><T58/><D119/><U87/><E63/><V57/><F57/><N who="0" m="21514" /><D117/><U1/><E1/><V106/><F106/><W26/><G56/><T110/><D110/><U27/><E43/><V30/><F30/><W133/><G41/><T128/><D128/><U62/><E62/><V14/><F14/><W125/><G133/><T36/><D47/><U64/><E46/><V49/><F49/><W76/><G45/><T13/><D13/><U96/><E44/><V98/><F98/><W25/><G48/><N who="1" m="18474" /><E96/><V114/><F114/><W100/><G99/><T97/><D97/><U93/><E12/><V60/><F60/><W11/><G101/><T19/><D65/><U74/><E64/><V20/><F20/><W40/><G100/><T52/><D52/><U118/><E118/><V80/><AGARI ba="1,1" hai="5,7,9,15,18,61,66,70,80,84,88,120,121,123" machi="80" ten="30,7900,0" yaku="1,1,5,1,0,1,54,1,53,0" doraHai="55" doraHaiUra="127" who="2" fromWho="2" sc="265,-40,235,-21,225,92,265,-21" /><INIT seed="1,0,0,4,5,19" ten="225,214,317,244" oya="1" hai0="47,41,63,37,46,44,99,33,101,21,85,35,71" hai1="117,64,72,1,124,87,91,45,112,30,94,79,76" hai2="111,84,52,80,113,130,93,68,0,118,135,134,50" hai3="73,132,90,17,74,121,40,20,54,55,15,26,127"/><U120/><E1/><V57/><F111/><W106/><G121/><T67/><D85/><U108/><E30/><V24/><F118/><W31/><G106/><T75/><D75/><U42/><E120/><V98/><F68/><W77/><G132/><N who="2" m="50729" /><F0/><W4/><G127/><T13/><D44/><U12/><E112/><V82/><F130/><W81/><G73/><T70/><D70/><U18/><E117/><V131/><F131/><W49/><G4/><T119/><D47/><U14/><E124/><V59/><F113/><W83/><G90/><T28/><D119/><U16/><E64/><V8/><F8/><W125/><G125/><T88/><D88/><U53/><E53/><N who="3" m="19978" /><G77/><N who="1" m="29770" /><E72/><V51/><F51/><W38/><G38/><T6/><D6/><U126/><E108/><V122/><F122/><W115/><G74/><T128/><D128/><U5/><E126/><V34/><F59/><W65/><G65/><T58/><D71/><U3/><E3/><V7/><F7/><W107/><G115/><T48/><D37/><U56/><E56/><V92/><F57/><W29/><G49/><T100/><D35/><U114/><E114/><V32/><F50/><W109/><G109/><T22/><D13/><N who="1" m="5227" /><E5/><V62/><F32/><W116/><G116/><T60/><D60/><U69/><E69/><V86/><F62/><W25/><G15/><T103/><REACH who="0" step="1"/><D99/><REACH who="0" ten="215,214,317,244" step="2"/><U61/><E61/><V43/><F98/><W102/><G40/><T96/><D96/><U9/><E9/><V39/><F43/><W66/><G102/><T89/><D89/><U129/><E129/><V78/><F39/><AGARI ba="0,1" hai="16,18,39,42,45,87,91,94" m="5227,29770" machi="39" ten="30,2900,0" yaku="6,1,54,1" doraHai="19" who="1" fromWho="2" sc="215,0,214,39,317,-29,244,0" /><INIT seed="1,1,0,5,1,57" ten="215,253,288,244" oya="1" hai0="91,101,50,44,127,135,124,111,28,103,102,83,24" hai1="55,133,104,12,31,14,11,69,52,96,129,113,75" hai2="47,74,61,112,58,119,42,117,97,6,8,21,67" hai3="86,70,39,78,85,19,0,71,60,27,9,23,122"/><U51/><E113/><V41/><F74/><W54/><G122/><T4/><D111/><U107/><E75/><V87/><F112/><W1/><G39/><T89/><D4/><U132/><E129/><V45/><F87/><W17/><G71/><T38/><D38/><U49/><E31/><V3/><F21/><W68/><G68/><T56/><D135/><N who="1" m="51787" /><E69/><V110/><F110/><W95/><G70/><T40/><D56/><N who="1" m="32783" /><E96/><V66/><F97/><W92/><G0/><T94/><D83/><U81/><E81/><V64/><F47/><W30/><G1/><T105/><D105/><N who="1" m="40523" /><E11/><V43/><REACH who="2" step="1"/><F45/><AGARI ba="1,0" hai="12,14,45,51,55" m="40523,32783,51787" machi="45" ten="30,2900,0" yaku="20,1,54,1" doraHai="57" who="1" fromWho="2" sc="215,0,253,32,288,-32,244,0" /><INIT seed="1,2,0,4,0,109" ten="215,285,256,244" oya="1" hai0="42,61,53,41,133,35,74,46,13,45,80,123,77" hai1="26,73,3,19,105,117,15,110,64,83,98,14,21" hai2="55,99,97,72,62,132,18,59,81,44,51,10,108" hai3="54,78,58,121,23,90,70,12,30,2,135,66,134"/><U111/><E117/><V50/><F108/><N who="1" m="41513" /><E3/><V27/><F132/><N who="3" m="50731" /><G121/><T119/><D133/><U106/><E64/><V33/><F33/><W25/><G2/><T4/><D35/><U125/><E125/><V39/><F39/><W67/><G78/><T32/><D32/><U112/><E112/><V63/><F72/><W75/><G75/><T128/><D128/><U16/><E98/><N who="2" m="37387" /><F81/><W40/><G40/><T86/><D123/><U71/><E71/><V88/><F88/><W34/><G70/><T29/><D119/><U38/><E38/><V68/><F68/><W31/><G90/><T95/><D29/><U76/><E26/><V7/><F7/><W1/><G1/><T11/><D74/><U8/><AGARI ba="2,0" hai="8,14,15,16,19,21,73,76,83,105,106" m="41513" machi="8" ten="30,6000,0" yaku="14,1,10,1,54,1" doraHai="109" who="1" fromWho="1" sc="215,-22,285,66,256,-22,244,-22" /><INIT seed="1,3,0,5,1,78" ten="193,351,234,222" oya="1" hai0="50,110,49,96,117,105,101,118,36,8,1,39,14" hai1="100,71,38,103,33,40,10,30,45,31,91,124,133" hai2="80,3,55,5,88,16,25,79,23,77,11,76,4" hai3="59,123,90,72,98,120,37,54,68,81,73,66,19"/><U97/><BYE who="3" /><E133/><V107/><F107/><W0/><G0/><T82/><D110/><U112/><E124/><V47/><F5/><W134/><G134/><T83/><D1/><U113/><E71/><V108/><F108/><W61/><G61/><T122/><D122/><U60/><E60/><V46/><REACH who="2" step="1"/><F55/><REACH who="2" ten="193,351,224,222" step="2"/><W130/><G130/><T95/><D105/><N who="1" m="63631" /><E112/><V92/><F92/><W70/><G70/><T20/><D118/><U121/><E113/><V132/><F132/><W84/><G84/><AGARI ba="3,1" hai="3,4,11,16,23,25,46,47,76,77,79,80,84,88" machi="84" ten="40,8000,1" yaku="1,1,52,1,54,2,53,1" doraHai="78" doraHaiUra="12" who="2" fromWho="3" sc="193,0,351,0,224,99,222,-89" /><INIT seed="2,0,0,2,5,61" ten="193,351,323,133" oya="2" hai0="129,14,92,29,65,53,104,46,134,60,27,26,111" hai1="83,3,124,17,119,71,62,93,69,81,84,126,63" hai2="113,12,5,73,79,80,37,16,52,135,103,6,0" hai3="108,19,21,49,58,130,41,4,39,66,100,109,121"/><V57/><F113/><W35/><G35/><T55/><D104/><U56/><E119/><V11/><F37/><W87/><G87/><T28/><D14/><U38/><E3/><V112/><F112/><W88/><G88/><T67/><D111/><U51/><E38/><V1/><F135/><W30/><G30/><N who="0" m="11883" /><D134/><U96/><E17/><V9/><F103/><W45/><G45/><T102/><D129/><U40/><E51/><V99/><F99/><W82/><G82/><N who="1" m="31242" /><E40/><V120/><F120/><W133/><G133/><T15/><D15/><U123/><E63/><V10/><F57/><W110/><G110/><T8/><D8/><U91/><E96/><V20/><REACH who="2" step="1"/><F52/><REACH who="2" ten="193,351,313,133" step="2"/><W98/><G98/><N who="0" m="59719" /><D53/><N who="1" m="34063" /><E123/><V48/><F48/><W85/><G85/><T59/><D46/><U43/><E43/><V97/><F97/><W33/><G33/><T47/><D47/><U101/><E101/><V86/><F86/><W107/><G107/><T116/><D116/><U7/><E84/><V54/><F54/><W78/><G78/><T122/><D122/><U25/><E71/><V42/><F42/><W34/><G34/><T115/><D115/><U77/><E69/><V131/><F131/><W32/><G32/><T95/><D95/><U24/><E77/><V13/><F13/><W132/><G132/><T89/><D89/><U50/><E93/><V125/><F125/><N who="1" m="48233" /><E91/><V94/><F94/><W127/><G127/><T118/><D118/><U31/><E50/><V23/><AGARI ba="0,1" hai="0,1,5,6,9,10,11,12,16,20,23,73,79,80" machi="23" ten="30,11700,0" yaku="1,1,0,1,9,1,54,1,53,0" doraHai="61" doraHaiUra="22" who="2" fromWho="2" sc="193,-39,351,-39,313,127,133,-39" /><INIT seed="2,1,0,4,4,111" ten="154,312,440,94" oya="2" hai0="110,74,13,4,72,63,22,36,34,29,102,68,53" hai1="135,58,42,1,56,17,8,9,108,101,57,71,76" hai2="15,88,119,106,115,69,123,93,60,124,66,126,59" hai3="35,114,70,122,31,121,107,97,24,2,40,3,129"/><V78/><F106/><W99/><G99/><T10/><D36/><U51/><E108/><V113/><F123/><W0/><G0/><T85/><D85/><U6/><E71/><V94/><F119/><W112/><G112/><N who="2" m="43081" /><F78/><W103/><G103/><T47/><D102/><U67/><E135/><V96/><F15/><W45/><G45/><T131/><D47/><U92/><E76/><V20/><F20/><W109/><G109/><T33/><D22/><U55/><E42/><V98/><F69/><W75/><G75/><T44/><D72/><U21/><E9/><V133/><F133/><W89/><G89/><T130/><D74/><U7/><E7/><V32/><F32/><W12/><G12/><T83/><D110/><U81/><E81/><V49/><F49/><W82/><G82/><T26/><D33/><U134/><E134/><V41/><F41/><W11/><G11/><T128/><D68/><U104/><E104/><V39/><F39/><W54/><G54/><T48/><D83/><U38/><E38/><V30/><F30/><W80/><G80/><T125/><D63/><U19/><E67/><V117/><F117/><W50/><G50/><T120/><D120/><U65/><E65/><V105/><F105/><W62/><G62/><T87/><D48/><U46/><E21/><V25/><F25/><W91/><G91/><T5/><D26/><U127/><E51/><V61/><F61/><W27/><G27/><T95/><D29/><U132/><E132/><V18/><F18/><W14/><G14/><T79/><D13/><U52/><E19/><V77/><F77/><RYUUKYOKU ba="1,0" sc="154,-10,312,-10,440,30,94,-10" hai2="59,60,66,88,93,94,96,98,124,126" /><INIT seed="2,2,0,0,0,45" ten="144,302,470,84" oya="2" hai0="85,71,55,74,134,49,8,60,46,77,70,133,56" hai1="67,58,78,111,64,88,130,117,107,40,7,50,89" hai2="20,36,47,54,13,28,83,1,109,93,116,128,108" hai3="98,12,0,119,26,100,125,9,106,34,131,86,113"/><V105/><F105/><W14/><G14/><T3/><D74/><U61/><E117/><V124/><F116/><W84/><G84/><T63/><D63/><U103/><E130/><V96/><F1/><W114/><G114/><T75/><D75/><U57/><E111/><N who="2" m="42571" /><F83/><UN n3="%E5%A4%95%E5%8F%A2%E9%9C%A7%E9%A6%99" /><W24/><G119/><T82/><D8/><U91/><E78/><V15/><F128/><W6/><G113/><T76/><D76/><U118/><E118/><V110/><F124/><W127/><G131/><T29/><D29/><U101/><E7/><V72/><F72/><W2/><G86/><T112/><D3/><N who="3" m="1065" /><G34/><T21/><D21/><U27/><E27/><N who="2" m="16487" /><F36/><W79/><G79/><T51/><D112/><U18/><E107/><V90/><F110/><W102/><G106/><T11/><D82/><U120/><E120/><V10/><F10/><W132/><G9/><T123/><D11/><U80/><E80/><V66/><F66/><W42/><G127/><T44/><D123/><U94/><E67/><V31/><F31/><W122/><G125/><T121/><D121/><U30/><E30/><V37/><F37/><W115/><G122/><T16/><D77/><U17/><E64/><V41/><F41/><W59/><G42/><T68/><D68/><U38/><E40/><V5/><F5/><W129/><G6/><T53/><D70/><U126/><E38/><V19/><F19/><W39/><G129/><T32/><D16/><U48/><E18/><V52/><F54/><W35/><G39/><T65/><D71/><U87/><E126/><V4/><F52/><W81/><G115/><T92/><D32/><RYUUKYOKU ba="2,0" sc="144,30,302,-10,470,-10,84,-10" hai0="44,46,49,51,53,55,56,60,65,85,92,133,134" /><INIT seed="3,3,0,3,1,92" ten="174,292,460,74" oya="3" hai0="7,22,24,10,44,102,34,4,113,68,123,90,63" hai1="66,64,103,53,124,88,32,111,62,48,39,40,17" hai2="87,35,132,85,37,100,78,14,54,98,74,75,15" hai3="61,9,114,42,41,116,70,119,60,101,99,3,84"/><W46/><G114/><T65/><D123/><U129/><E32/><V58/><F35/><W126/><G126/><T133/><D90/><U45/><E103/><V95/><F37/><W49/><G41/><T16/><D113/><U120/><E17/><V105/><F132/><W73/><G73/><T130/><D130/><U97/><E88/><N who="2" m="53663" /><F85/><W109/><G109/><T121/><D121/><U18/><E62/><N who="2" m="36183" /><F75/><W67/><G84/><T86/><D133/><U128/><E45/><V134/><F134/><W108/><G108/><T127/><D127/><U122/><E40/><V104/><F104/><W57/><G9/><T91/><D44/><U26/><E18/><V8/><F8/><W51/><G3/><T36/><D102/><U81/><E26/><V2/><F2/><W76/><G76/><T117/><D117/><U82/><E66/><V131/><F131/><W50/><G119/><T77/><D77/><U80/><E48/><V33/><F33/><W96/><G116/><T94/><D36/><U71/><E39/><V12/><F12/><W69/><G69/><T19/><REACH who="0" step="1"/><D34/><REACH who="0" ten="164,292,460,74" step="2"/><U125/><E129/><V79/><F79/><W47/><G101/><T13/><AGARI ba="3,1" hai="4,7,10,13,16,19,22,24,63,65,68,86,91,94" machi="13" ten="30,7900,0" yaku="1,1,2,1,0,1,54,1,53,0" doraHai="92" doraHaiUra="43" who="0" fromWho="0" sc="164,98,292,-23,460,-23,74,-42" owari="262,-14.0,269,7.0,437,54.0,32,-47.0" /></mjloggm>