<mjloggm ver="2.3"><GO type="41" lobby="0"/><UN n0="%E5%B0%B1%E6%B4%BB%E7%94%9F%40%E5%B7%9D%E6%9D%91%E8%BB%8D%E5%9B%A3" n1="%63%72%61%66%6B%6F" n2="%E3%82%A8%E3%83%93%E5%8F%8D%E3%82%8A%E5%B8%AB%E5%8C%A0" n3="%4E%6F%63%6F%63%6F%6D%6F" dan="15,15,14,13" rate="2007.64,2006.66,1918.21,1899.28" sx="M,M,M,F"/><TAIKYOKU oya="0"/><INIT seed="0,0,0,2,4,116" ten="250,250,250,250" oya="0" hai0="79,118,43,53,130,107,122,105,42,30,12,19,102" hai1="117,110,38,69,6,113,103,13,111,17,109,82,127" hai2="40,8,90,16,22,135,97,35,73,57,32,56,3" hai3="125,37,84,93,72,131,61,88,70,126,124,5,4"/><T47/><D118/><U0/><E117/><V85/><F73/><W106/><G72/><T101/><D30/><U89/><E69/><V18/><F135/><W27/><G106/><T80/><D130/><U132/><E132/><V58/><F40/><W52/><G37/><T45/><D53/><U50/><E38/><V34/><F97/><W83/><G131/><T76/><D80/><U28/><E127/><V123/><F123/><W1/><G1/><T108/><D12/><U78/><E103/><V10/><F3/><W134/><G134/><T96/><D96/><U46/><E28/><V14/><REACH who="2" step="1"/><F18/><REACH who="2" ten="250,250,240,250" step="2"/><W65/><G83/><AGARI ba="0,1" hai="8,10,14,16,22,32,34,35,56,57,58,83,85,90" machi="83" ten="50,6400,0" yaku="1,1,2,1,54,1,53,0" doraHai="116" doraHaiUra="99" who="2" fromWho="3" sc="250,0,250,0,240,74,250,-64" /><INIT seed="1,0,0,1,1,106" ten="250,250,314,186" oya="1" hai0="91,63,41,120,55,108,119,26,59,47,129,115,65" hai1="71,80,85,112,8,133,100,2,84,62,134,21,15" hai2="95,131,52,1,38,57,46,102,93,20,45,76,5" hai3="3,109,37,40,0,78,81,98,124,127,36,44,60"/><U103/><E112/><V11/><F131/><W89/><G109/><T30/><D115/><U50/><E2/><V116/><F116/><W130/><G130/><T135/><D119/><U86/><E21/><V33/><F33/><W19/><G37/><T64/><D129/><U10/><E50/><V113/><F113/><W73/><G60/><T75/><D108/><U53/><E80/><V117/><F117/><W125/><G19/><T31/><D135/><N who="1" m="51723" /><E10/><V29/><F76/><W56/><G56/><T9/><D120/><U83/><E83/><V42/><F46/><W118/><G118/><T128/><D128/><U72/><E72/><V121/><F121/><W132/><G132/><T25/><D75/><U104/><E104/><V69/><F69/><W34/><G34/><T101/><D9/><U4/><E53/><V27/><REACH who="2" step="1"/><F102/><REACH who="2" ten="250,250,304,186" step="2"/><W99/><REACH who="3" step="1"/><G89/><REACH who="3" ten="250,250,304,176" step="2"/><T90/><D91/><U97/><E103/><V12/><F12/><W87/><G87/><T94/><D101/><U74/><E86/><V14/><F14/><W49/><G49/><AGARI ba="0,2" hai="1,5,11,20,27,29,38,42,45,49,52,57,93,95" machi="49" ten="30,3900,0" yaku="1,1,7,1,54,1,53,0" doraHai="106" doraHaiUra="114" who="2" fromWho="3" sc="250,0,250,0,304,59,176,-39" /><INIT seed="2,0,0,0,1,57" ten="250,250,363,137" oya="2" hai0="70,22,54,58,62,125,99,100,17,18,87,120,0" hai1="114,92,111,10,135,130,109,80,116,43,11,67,23" hai2="107,27,14,82,26,121,29,127,78,64,76,21,35" hai3="131,94,15,95,77,55,71,132,32,5,47,59,36"/><V20/><F121/><W13/><G71/><T28/><D120/><U60/><E116/><V51/><F107/><W61/><G32/><T73/><D0/><U46/><E114/><V74/><F127/><W134/><G131/><T30/><D73/><U1/><E130/><V89/><F76/><W124/><G124/><T63/><D125/><U48/><E135/><V50/><F89/><W37/><G77/><T129/><D129/><U117/><E117/><V128/><F128/><W103/><G103/><T115/><D115/><U42/><E42/><V81/><F81/><W16/><G5/><T33/><D33/><U69/><E80/><V85/><F74/><W24/><G24/><T119/><D119/><U97/><E23/><V39/><F39/><W9/><G15/><T93/><D18/><U86/><E86/><V113/><F113/><W25/><G25/><N who="0" m="14543" /><D70/><U45/><E46/><V122/><F122/><W90/><G47/><T108/><D108/><N who="1" m="41547" /><E1/><V106/><F106/><W88/><G95/><T72/><D72/><U98/><E98/><V68/><F35/><W52/><G55/><N who="0" m="34143" /><D87/><U105/><E105/><V66/><F14/><W112/><G90/><AGARI ba="0,0" hai="10,11,43,45,48,60,67,69,90,92,97" m="41547" machi="90" ten="30,2000,0" yaku="14,1,52,1" doraHai="57" who="1" fromWho="3" sc="250,0,250,20,363,0,137,-20" /><INIT seed="3,0,0,4,2,0" ten="250,270,363,117" oya="3" hai0="2,105,41,102,37,23,55,6,103,25,113,91,59" hai1="131,5,77,17,58,88,107,73,1,14,31,106,64" hai2="94,135,47,98,21,133,95,130,122,20,118,125,44" hai3="53,38,60,51,119,124,48,46,100,69,85,52,81"/><W121/><G100/><T92/><D113/><U67/><E31/><V54/><F118/><W76/><G38/><T110/><D105/><U63/><E131/><V123/><F130/><W19/><G121/><N who="2" m="46089" /><F125/><W99/><G124/><T24/><D110/><U11/><E67/><V50/><F47/><W114/><G114/><T27/><D41/><U40/><E40/><V97/><F97/><W42/><G119/><T15/><D37/><U116/><E116/><V3/><F3/><W49/><G99/><N who="0" m="57759" /><D2/><U45/><E45/><V112/><F112/><W93/><G93/><N who="2" m="35337" /><F98/><W86/><G86/><T36/><D36/><U35/><E88/><V28/><F28/><W104/><G104/><T57/><D57/><U12/><E35/><V43/><F43/><W128/><G128/><T111/><D111/><U68/><E58/><V89/><F89/><W129/><G129/><T108/><D108/><U132/><E106/><V72/><F72/><W7/><G69/><T32/><D32/><U84/><E1/><V34/><F34/><W56/><G53/><T18/><D102/><U120/><E73/><V13/><F13/><W115/><G115/><T75/><D75/><U126/><E107/><V83/><F83/><W79/><G79/><T71/><D71/><U117/><E126/><V101/><F101/><W16/><REACH who="3" step="1"/><G7/><REACH who="3" ten="250,270,363,107" step="2"/><T61/><D103/><U39/><E117/><V33/><F33/><W65/><G65/><T90/><D90/><U78/><E64/><V8/><F54/><W70/><G70/><T30/><D30/><U134/><E68/><V87/><F87/><W96/><G96/><RYUUKYOKU ba="0,1" sc="250,15,270,-15,363,-15,107,15" hai0="6,15,18,23,24,25,27,55,59,61" hai3="16,19,42,46,48,49,51,52,56,60,76,81,85" /><INIT seed="3,1,1,0,5,118" ten="265,255,348,122" oya="3" hai0="35,133,114,33,101,56,108,134,76,98,109,10,125" hai1="5,88,91,28,92,52,104,8,29,55,15,115,19" hai2="44,122,84,20,45,38,23,24,21,69,36,112,62" hai3="87,71,34,135,47,4,129,82,77,17,94,25,116"/><W83/><G71/><T113/><D56/><U72/><E72/><V39/><F112/><N who="0" m="43114" /><D76/><U121/><E121/><V64/><F122/><W68/><G68/><T81/><D81/><U14/><E104/><V9/><F9/><W93/><G116/><T90/><D90/><N who="1" m="34347" /><E92/><V132/><F132/><N who="0" m="50794" /><D125/><U96/><E96/><V103/><F103/><W131/><G135/><T117/><D117/><U86/><E86/><V54/><F84/><N who="3" m="48207" /><G4/><T120/><D120/><U18/><E5/><V111/><F54/><N who="1" m="20521" /><E115/><V1/><F1/><W63/><G87/><T124/><D124/><U100/><E100/><V99/><F99/><W126/><G126/><T30/><D10/><AGARI ba="1,1" hai="8,10,14,15,18,19,28,29" m="20521,34347" machi="10" ten="30,3900,0" yaku="8,1,54,2" doraHai="118" who="1" fromWho="0" sc="265,-42,255,52,348,0,122,0" /><INIT seed="4,0,0,4,2,127" ten="223,307,348,122" oya="0" hai0="101,120,70,77,15,135,85,96,63,30,72,103,95" hai1="113,26,98,8,118,87,52,49,67,111,117,130,53" hai2="27,68,17,82,46,126,61,74,6,48,11,86,57" hai3="78,12,107,123,80,42,65,89,45,0,7,73,51"/><T131/><D120/><U10/><E111/><V122/><F122/><W115/><G0/><T40/><D72/><U23/><E130/><V105/><F105/><W88/><G107/><T3/><D3/><U22/><E113/><V99/><F74/><W84/><G115/><T97/><D135/><U119/><E67/><V32/><F68/><W39/><G123/><T110/><D110/><U33/><E98/><V14/><F99/><W109/><G109/><T43/><D30/><U91/><E33/><V94/><F94/><W25/><G25/><T124/><D124/><U83/><E53/><V92/><F92/><W56/><G73/><T76/><D15/><U102/><E102/><V90/><F126/><W28/><G28/><T112/><D112/><U81/><E83/><V5/><F27/><W9/><G39/><T64/><D131/><U58/><REACH who="1" step="1"/><E23/><REACH who="1" ten="223,297,348,122" step="2"/><V29/><F32/><W62/><AGARI ba="0,1" hai="7,9,12,42,45,51,56,62,65,78,80,84,88,89" machi="62" ten="30,8000,1" yaku="0,1,25,2,8,1,54,1" doraHai="127" who="3" fromWho="3" sc="223,-40,297,-20,348,-20,122,90" /><INIT seed="5,0,0,3,0,75" ten="183,277,328,212" oya="1" hai0="127,41,102,119,22,59,19,63,97,129,108,15,50" hai1="57,67,2,83,126,79,53,117,130,95,51,8,10" hai2="124,42,35,30,56,61,0,91,81,92,16,112,106" hai3="135,84,80,27,60,62,69,7,77,38,36,11,123"/><U12/><E117/><V88/><F106/><W85/><G123/><T82/><D119/><U134/><E130/><V21/><F0/><W104/><G104/><T107/><D108/><U1/><E126/><V31/><F124/><W122/><G122/><T71/><D127/><U37/><E37/><V128/><F42/><W49/><G62/><T25/><D129/><U101/><E134/><V28/><F112/><W44/><G135/><T114/><D114/><U43/><E10/><V39/><F39/><W121/><G121/><T26/><D71/><U103/><E43/><V52/><F128/><W32/><G85/><T47/><REACH who="0" step="1"/><D82/><REACH who="0" ten="173,277,328,212" step="2"/><U100/><E95/><V87/><F35/><W54/><G69/><T58/><D58/><U17/><REACH who="1" step="1"/><E67/><AGARI ba="0,1" hai="15,19,22,25,26,41,47,50,59,63,67,97,102,107" machi="67" ten="30,2000,0" yaku="1,1,7,1,53,0" doraHai="75" doraHaiUra="86" who="0" fromWho="1" sc="173,30,277,-20,328,0,212,0" /><INIT seed="6,0,0,2,4,11" ten="203,257,328,212" oya="2" hai0="120,56,100,21,132,35,1,63,109,133,50,70,86" hai1="128,17,44,80,68,88,123,98,22,23,94,65,83" hai2="29,59,102,6,79,97,129,111,103,84,43,26,67" hai3="81,28,78,54,87,30,37,42,34,48,16,14,12"/><V104/><F111/><W40/><G37/><T114/><D35/><U33/><E128/><V91/><F79/><W125/><G34/><T19/><D1/><U112/><E112/><V2/><F102/><W107/><G107/><T99/><D109/><U117/><E117/><V69/><F69/><W108/><G108/><T95/><D120/><U130/><E130/><V96/><F96/><W27/><G125/><T113/><D70/><U60/><E33/><V101/><F101/><W66/><G66/><N who="0" m="39271" /><D86/><U38/><E123/><V76/><F76/><W72/><G72/><T47/><D50/><U73/><E73/><V124/><F124/><W7/><G7/><T131/><D47/><U85/><E85/><V135/><F129/><W64/><G64/><T8/><D8/><U10/><E10/><V122/><F122/><W57/><G30/><T13/><D131/><U20/><REACH who="1" step="1"/><E17/><REACH who="1" ten="203,247,328,212" step="2"/><V118/><F118/><W74/><G74/><T71/><D71/><U61/><E61/><V121/><F84/><W90/><G78/><T15/><D113/><U127/><E127/><V53/><F121/><W115/><G115/><T62/><D62/><U9/><E9/><V31/><F31/><W93/><G28/><T52/><D114/><U25/><E25/><V32/><F26/><W55/><G81/><T41/><D41/><AGARI ba="0,1" hai="20,22,23,38,41,44,60,65,68,80,83,88,94,98" machi="41" ten="40,2600,0" yaku="1,1,54,1,53,0" doraHai="11" doraHaiUra="51" who="1" fromWho="0" sc="203,-26,247,36,328,0,212,0" /><INIT seed="7,0,0,3,1,24" ten="177,283,328,212" oya="3" hai0="27,104,6,76,11,62,78,38,120,41,60,51,95" hai1="115,125,111,63,121,75,37,69,74,135,110,65,132" hai2="54,56,91,57,93,26,85,79,108,36,133,118,92" hai3="84,100,103,82,1,8,21,23,28,102,77,13,3"/><W131/><G131/><T127/><D104/><U61/><E125/><V129/><F133/><N who="1" m="51273" /><E121/><V9/><F129/><W122/><G122/><T81/><D120/><U53/><E115/><V14/><F36/><W46/><G46/><T88/><D127/><U48/><E37/><V90/><F108/><N who="1" m="41513" /><E63/><N who="2" m="36247" /><F57/><AGARI ba="0,0" hai="48,53,57,61,65,69,74,75" m="41513,51273" machi="57" ten="30,1000,0" yaku="20,1" doraHai="24" who="1" fromWho="2" sc="177,0,283,10,328,-10,212,0" owari="177,-32.0,293,9.0,318,42.0,212,-19.0" /></mjloggm>