<mjloggm ver="2.3"><GO type="41" lobby="0"/><UN n0="%E6%9D%B1%E4%BA%AC%E5%85%A8%E3%83%84%E5%B0%91%E5%A5%B3" n1="%E5%B0%B1%E6%B4%BB%E7%94%9F%40%E5%B7%9D%E6%9D%91%E8%BB%8D%E5%9B%A3" n2="%28%EF%BF%A3%D0%94%EF%BF%A3%29" n3="%E7%A9%B6%E6%A5%B5%E3%81%AE%E3%83%8D%E3%82%BF%E3%83%AA%E3%83%BC" dan="14,17,15,13" rate="1927.64,2213.45,1959.72,1876.06" sx="M,M,F,M"/><TAIKYOKU oya="0"/><INIT seed="0,0,0,4,0,67" ten="250,250,250,250" oya="0" hai0="121,74,56,128,23,40,64,12,7,21,125,109,86" hai1="52,132,24,6,124,8,94,110,77,90,47,48,62" hai2="75,49,10,84,104,88,114,111,34,57,22,87,31" hai3="43,97,103,11,59,0,66,135,101,35,122,133,78"/><T36/><D121/><U54/><E110/><V27/><F75/><W115/><G115/><T14/><D74/><U58/><E132/><V82/><F114/><W53/><G35/><T19/><D36/><U41/><E124/><V76/><F104/><W2/><G78/><T119/><D40/><U28/><E77/><V96/><F111/><W85/><G43/><T30/><D109/><U44/><E28/><V69/><F96/><W71/><G85/><T3/><D119/><U105/><E105/><V93/><F10/><W17/><G122/><T61/><D3/><U131/><E24/><V72/><F72/><W70/><G66/><T9/><D125/><U112/><E131/><V13/><F69/><N who="3" m="26123" /><G17/><T118/><D118/><U81/><E81/><V99/><F99/><W38/><G103/><T83/><D128/><U50/><E112/><V123/><F123/><W89/><G89/><T42/><D42/><U80/><E80/><V63/><F49/><N who="3" m="31151" /><G11/><T116/><D116/><U68/><E68/><V129/><F129/><W46/><G46/><T100/><D100/><U51/><E51/><V79/><F13/><W5/><G5/><T1/><D1/><U91/><E94/><V108/><F108/><W106/><G38/><T26/><D86/><U113/><E113/><V134/><F34/><W33/><G33/><T37/><D37/><U29/><E29/><V127/><F76/><W18/><G18/><T130/><D130/><U92/><E92/><V45/><F45/><W107/><G106/><T126/><D126/><U102/><E102/><V65/><F127/><W15/><G15/><AGARI ba="0,0" hai="6,8,15,41,44,47,48,50,52,54,58,62,90,91" machi="15" ten="30,7700,0" yaku="6,1,7,1,8,1,54,1" doraHai="67" who="1" fromWho="3" sc="250,0,250,77,250,0,250,-77" /><INIT seed="1,0,0,2,0,85" ten="250,327,250,173" oya="1" hai0="7,62,1,60,44,94,110,80,14,115,41,107,15" hai1="99,28,131,10,31,133,83,88,116,81,103,23,8" hai2="91,36,84,117,67,108,2,35,109,56,9,128,52" hai3="87,126,5,105,77,59,49,63,130,102,104,40,82"/><U30/><E116/><V89/><F35/><W47/><G126/><T114/><D107/><U48/><E133/><V13/><F117/><W127/><G127/><T42/><D1/><U33/><E33/><V34/><F34/><W118/><G118/><T38/><D110/><N who="2" m="42602" /><F2/><W4/><G130/><T90/><D42/><U57/><E131/><V55/><F36/><W17/><G102/><T120/><D120/><U39/><E39/><V106/><F106/><W53/><G104/><T26/><D26/><U68/><E68/><V113/><F128/><W50/><G105/><T73/><D115/><U12/><E103/><V134/><F134/><W74/><G74/><T86/><D114/><U98/><E23/><V24/><F24/><W46/><REACH who="3" step="1"/><G17/><REACH who="3" ten="250,327,250,163" step="2"/><T71/><D73/><U125/><E125/><V97/><F113/><W75/><G75/><T43/><D71/><U93/><E99/><V16/><F97/><W69/><G69/><T37/><D7/><U20/><E20/><V129/><F129/><W51/><G51/><T27/><D38/><U101/><E101/><V124/><F124/><W122/><G122/><T96/><D37/><U111/><E111/><V29/><F29/><W61/><G61/><T6/><D60/><U25/><E25/><V95/><F89/><W22/><G22/><T135/><D62/><AGARI ba="0,1" hai="9,13,16,52,55,56,62,67,84,91,95" m="42602" machi="62" ten="30,7700,0" yaku="14,1,52,1,54,2" doraHai="85" who="2" fromWho="0" sc="250,-77,327,0,250,87,163,0" /><INIT seed="2,0,0,5,2,104" ten="173,327,337,163" oya="2" hai0="8,11,64,41,83,51,132,61,25,27,37,10,106" hai1="55,108,103,57,35,97,101,21,94,40,5,2,91" hai2="47,52,0,133,32,53,45,110,48,71,81,42,116" hai3="100,16,34,74,69,43,73,129,13,1,107,85,14"/><V112/><F116/><W33/><G1/><T22/><D106/><U95/><E35/><V121/><F32/><W70/><G43/><T67/><D37/><U68/><E68/><V119/><F0/><W102/><G107/><T50/><D132/><U109/><E40/><V79/><F119/><W86/><REACH who="3" step="1"/><G16/><REACH who="3" ten="173,327,337,153" step="2"/><T60/><D41/><U56/><E2/><V99/><F42/><W3/><G3/><T117/><D117/><U24/><E5/><V44/><F133/><W113/><G113/><T59/><D83/><U49/><E108/><V118/><F118/><W29/><G29/><T66/><D22/><U80/><E109/><V78/><F81/><W114/><G114/><T15/><D15/><U17/><E80/><V54/><F110/><W9/><G9/><T36/><D36/><U18/><E18/><V65/><F112/><W123/><G123/><T130/><D130/><AGARI ba="0,1" hai="13,14,33,34,69,70,73,74,85,86,100,102,129,130" machi="130" ten="25,8000,1" yaku="1,1,22,2,52,2,53,0" doraHai="104" doraHaiUra="115" who="3" fromWho="0" sc="173,-80,327,0,337,0,153,90" /><INIT seed="3,0,0,2,1,79" ten="93,327,337,243" oya="3" hai0="78,77,33,26,15,21,10,1,18,89,22,37,132" hai1="119,23,6,24,97,122,112,63,109,32,25,99,48" hai2="42,38,28,111,72,95,75,54,67,64,92,39,87" hai3="104,56,126,41,117,12,83,93,135,103,29,16,7"/><W123/><G117/><T49/><D37/><U127/><E112/><V17/><F28/><W36/><G123/><T57/><D132/><U45/><E109/><V27/><F27/><W4/><G104/><T84/><D33/><U101/><E122/><V129/><F87/><W8/><G29/><T46/><D1/><U60/><E127/><V52/><F17/><W96/><G126/><T76/><D57/><U59/><E32/><V31/><F31/><W134/><G56/><T66/><D66/><U20/><E6/><V11/><F11/><W44/><REACH who="3" step="1"/><G83/><REACH who="3" ten="93,327,337,233" step="2"/><T88/><D84/><U113/><E119/><V14/><F111/><W35/><G35/><T73/><D73/><U5/><E59/><V40/><F129/><W68/><G68/><T91/><REACH who="0" step="1"/><D26/><REACH who="0" ten="83,327,337,233" step="2"/><U80/><E25/><V62/><F72/><W124/><G124/><T3/><D3/><U47/><E24/><V34/><F75/><W69/><G69/><T128/><D128/><U51/><E113/><V55/><F34/><W133/><AGARI ba="0,2" hai="4,7,8,12,16,36,41,44,93,96,103,133,134,135" machi="133" ten="30,11700,0" yaku="1,1,0,1,20,1,54,1,53,0" doraHai="79" doraHaiUra="115" who="3" fromWho="3" sc="83,-39,327,-39,337,-39,233,137" /><INIT seed="3,1,0,5,5,53" ten="44,288,298,370" oya="3" hai0="0,83,55,54,134,135,63,3,78,101,27,119,94" hai1="66,14,38,65,117,41,80,68,25,36,91,87,127" hai2="26,81,75,47,121,60,88,100,7,5,70,40,72" hai3="24,6,132,76,29,62,1,107,69,97,23,9,103"/><W86/><G132/><N who="0" m="50731" /><D119/><U51/><E117/><V4/><F100/><W19/><G76/><T116/><D116/><U44/><E127/><V129/><F129/><W39/><G39/><T92/><D27/><U112/><E112/><V124/><F124/><W120/><G120/><T67/><D67/><U93/><E25/><V95/><F121/><W122/><G122/><T118/><D118/><U71/><E38/><V128/><F128/><W12/><G86/><T99/><D92/><U33/><E33/><V106/><F106/><W59/><G69/><T8/><D8/><U104/><E104/><V89/><F26/><W22/><G22/><T10/><D10/><U90/><E36/><V96/><F70/><W16/><REACH who="3" step="1"/><G1/><REACH who="3" ten="44,288,298,360" step="2"/><N who="0" m="587" /><D63/><U113/><E113/><V2/><F60/><W46/><G46/><T64/><D64/><AGARI ba="1,1" hai="6,9,12,16,19,23,24,29,59,62,64,97,103,107" machi="64" ten="30,18000,2" yaku="1,1,7,1,52,1,54,1,53,2" doraHai="53" doraHaiUra="15" who="3" fromWho="0" sc="44,-183,288,0,298,0,360,193" owari="-139,-64.0,288,-11.0,298,10.0,553,65.0" /></mjloggm>