<mjloggm ver="2.3"><GO type="97" lobby="0"/><UN n0="%57%65%64%67%65" n1="%E5%B0%B1%E6%B4%BB%E7%94%9F%40%E5%B7%9D%E6%9D%91%E8%BB%8D%E5%9B%A3" n2="%6D%6F%74%74%69%35" n3="%E3%83%9E%E3%82%B8%E3%82%81" dan="15,15,14,13" rate="1994.71,1964.39,1989.04,1906.67" sx="M,M,M,M"/><TAIKYOKU oya="0"/><INIT seed="0,0,0,4,5,76" ten="250,250,250,250" oya="0" hai0="92,21,5,42,35,106,124,49,24,54,104,29,95" hai1="6,77,126,118,73,87,120,55,45,99,125,47,63" hai2="82,66,58,75,88,91,25,8,7,117,46,16,96" hai3="130,119,112,122,129,134,108,12,70,86,22,38,68"/><T121/><D121/><U15/><E73/><V80/><F75/><W14/><G119/><T43/><D5/><U2/><E2/><V113/><F113/><W13/><G112/><T110/><D124/><N who="1" m="47723" /><E120/><V67/><F46/><W65/><G122/><T39/><D39/><U11/><E99/><V52/><F117/><W10/><G38/><T56/><D35/><U51/><E63/><N who="2" m="36295" /><F7/><W37/><G37/><T23/><D110/><U9/><E9/><V27/><F27/><W89/><G108/><T34/><D34/><U26/><E26/><V78/><F78/><W109/><G109/><T4/><D4/><U3/><E3/><V60/><F60/><W33/><G33/><T53/><D21/><U81/><E118/><V44/><F44/><AGARI ba="0,0" hai="6,11,15,44,45,47,51,55,77,81,87" m="47723" machi="44" ten="30,2000,0" yaku="18,1,52,1" doraHai="76" who="1" fromWho="2" sc="250,0,250,20,250,-20,250,0" /><INIT seed="1,0,0,1,0,36" ten="250,270,230,250" oya="1" hai0="55,77,43,116,94,25,52,56,57,37,82,49,9" hai1="131,32,20,90,98,18,44,80,124,128,61,127,60" hai2="112,65,99,26,78,4,88,3,16,50,133,87,67" hai3="15,24,126,35,101,0,41,53,91,123,105,33,59"/><U113/><E32/><V63/><F133/><W13/><G123/><T30/><D116/><U86/><E113/><V40/><F112/><W70/><G0/><T72/><D94/><U39/><E98/><V8/><F78/><W85/><G70/><T97/><D97/><U108/><E108/><V7/><F7/><W45/><G126/><N who="1" m="48170" /><E39/><V135/><F135/><W119/><G119/><T10/><D37/><U29/><E29/><V14/><F99/><W17/><G105/><T106/><D106/><U125/><N who="1" m="48178" /><U42/><DORA hai="100" /><E42/><V122/><F122/><W114/><G114/><T92/><D92/><U5/><E5/><V111/><F111/><W51/><G35/><T103/><D103/><U96/><E44/><V48/><F26/><W34/><G34/><T58/><D43/><U1/><E1/><V46/><F50/><N who="3" m="26927" /><G101/><T95/><D95/><U47/><E47/><V54/><F54/><W66/><G33/><T62/><D57/><U73/><E73/><V129/><F63/><N who="1" m="24137" /><E96/><V134/><F134/><W23/><G66/><T2/><D2/><U84/><E84/><V75/><F75/><W121/><G121/><T21/><AGARI ba="0,0" hai="9,10,21,25,30,49,52,55,56,58,62,72,77,82" machi="21" ten="20,2700,0" yaku="0,1,7,1,54,1" doraHai="36,100" who="0" fromWho="0" sc="250,27,270,-13,230,-7,250,-7" /><INIT seed="2,0,0,4,1,81" ten="277,257,223,243" oya="2" hai0="73,9,95,113,131,94,70,85,48,102,12,32,17" hai1="10,120,78,19,116,114,110,74,75,83,26,27,7" hai2="107,103,49,96,56,30,33,59,54,92,112,71,40" hai3="108,77,60,28,55,100,115,122,21,132,61,91,25"/><V57/><F112/><W101/><G122/><T31/><D73/><U44/><E116/><V36/><F71/><W121/><G121/><T39/><D39/><U46/><E120/><V64/><F64/><W67/><G115/><T109/><D113/><U18/><E114/><V42/><F107/><W58/><G77/><T76/><D70/><U65/><E65/><V98/><F98/><W89/><G132/><T47/><D131/><U133/><E133/><V111/><F111/><W127/><G127/><T3/><D3/><U62/><E62/><V50/><F50/><W72/><G72/><T126/><D126/><U97/><E97/><V130/><F130/><W66/><G108/><T24/><D102/><N who="3" m="39529" /><G67/><T119/><D119/><U125/><E125/><V68/><F68/><W135/><G135/><T43/><D109/><U16/><E75/><V87/><F36/><W29/><G29/><T99/><D99/><U37/><E110/><V118/><F30/><W1/><G1/><T117/><D117/><U38/><E38/><V105/><F33/><W134/><G134/><T93/><D76/><U41/><REACH who="1" step="1"/><E44/><REACH who="1" ten="277,247,223,243" step="2"/><V106/><F118/><W86/><G66/><T51/><REACH who="0" step="1"/><D48/><REACH who="0" ten="267,247,223,243" step="2"/><U124/><E124/><V2/><F49/><W20/><G61/><T22/><D22/><U23/><E23/><V15/><F96/><W52/><G21/><T88/><AGARI ba="0,2" hai="9,12,17,24,31,32,43,47,51,85,88,93,94,95" machi="88" ten="30,8000,1" yaku="1,1,0,1,52,1,54,1,53,1" doraHai="81" doraHaiUra="6" who="0" fromWho="0" sc="267,100,247,-20,223,-40,243,-20" /><INIT seed="3,0,0,4,5,48" ten="367,227,183,223" oya="3" hai0="71,47,127,62,123,89,26,27,10,28,51,112,33" hai1="9,80,96,52,131,46,76,90,120,24,99,6,0" hai2="84,39,2,102,4,60,64,16,75,87,135,97,86" hai3="55,37,45,74,108,11,73,118,67,32,101,68,122"/><W98/><G122/><T81/><D127/><U79/><E120/><V7/><F39/><W25/><G118/><T104/><D104/><U58/><E131/><V54/><F75/><W14/><G108/><T20/><D112/><U93/><E46/><V103/><F135/><W105/><G55/><T29/><D10/><U116/><E116/><V35/><F35/><W130/><G130/><T65/><D123/><U134/><E134/><V66/><F2/><W121/><G121/><T59/><D71/><U119/><E119/><V41/><F41/><W111/><G111/><T34/><D89/><U63/><E24/><V38/><F38/><W15/><G15/><T1/><D1/><U40/><E40/><V17/><F86/><W125/><G125/><T19/><D81/><U70/><E70/><V106/><F106/><W95/><G95/><T126/><D126/><U61/><E61/><V44/><F60/><W110/><G110/><T42/><D19/><U72/><E79/><V78/><F78/><W53/><G37/><T124/><D124/><U12/><E0/><V83/><F83/><W114/><G114/><T113/><D113/><U107/><E107/><V43/><F43/><W36/><G36/><T100/><D20/><U82/><E82/><V21/><F21/><W109/><G109/><T132/><D132/><U94/><E94/><V18/><F18/><N who="3" m="8543" /><G68/><T56/><D56/><U85/><AGARI ba="0,0" hai="6,9,12,52,58,63,72,76,80,85,90,93,96,99" machi="85" ten="20,5200,0" yaku="0,1,7,1,52,1,54,1" doraHai="48" who="1" fromWho="1" sc="367,-13,227,52,183,-13,223,-26" owari="354,45.0,279,8.0,170,-33.0,197,-20.0" /></mjloggm>