<mjloggm ver="2.3"><GO type="97" lobby="0"/><UN n0="%E5%85%A8%E5%8A%9B%E7%96%BE%E8%B5%B0%E3%82%84%E3%81%88" n1="%E5%9D%82%E4%B8%8A%E9%97%98%E7%9C%9F" n2="%75%6E%69%74%79%37%33" n3="%E5%B0%B1%E6%B4%BB%E7%94%9F%40%E5%B7%9D%E6%9D%91%E8%BB%8D%E5%9B%A3" dan="14,13,14,14" rate="1928.27,1878.35,1931.61,1984.09" sx="F,M,M,M"/><TAIKYOKU oya="0"/><INIT seed="0,0,0,5,2,128" ten="250,250,250,250" oya="0" hai0="53,123,33,126,118,87,85,5,67,57,61,107,21" hai1="91,131,72,115,2,119,30,63,111,42,14,18,134" hai2="15,81,93,99,39,94,6,44,68,88,35,127,50" hai3="58,106,29,45,125,23,51,26,75,48,109,102,96"/><T56/><D123/><U103/><E131/><V9/><F39/><W90/><G75/><T40/><D40/><U46/><E119/><V114/><F68/><W71/><G71/><T64/><D107/><U11/><E2/><V7/><F35/><W82/><G125/><T54/><D126/><U83/><E72/><V89/><F114/><W13/><G109/><T121/><D33/><U41/><E111/><V60/><F127/><W20/><G58/><T70/><D70/><U79/><E115/><V117/><F60/><W74/><G48/><T105/><D105/><U62/><E91/><V133/><F133/><W130/><G130/><T28/><D121/><U132/><E103/><V120/><F120/><W95/><G74/><T129/><D5/><U69/><E30/><V27/><F27/><W92/><G13/><T22/><D129/><U17/><E69/><V122/><F122/><W59/><G59/><T38/><D38/><U36/><E42/><V8/><F117/><W73/><G23/><N who="0" m="8715" /><D28/><U55/><E18/><V12/><F81/><W78/><REACH who="3" step="1"/><G90/><REACH who="3" ten="250,250,250,240" step="2"/><T65/><D118/><U43/><E41/><AGARI ba="0,1" hai="20,26,29,41,45,51,73,78,82,92,95,96,102,106" machi="41" ten="30,3900,0" yaku="1,1,2,1,7,1,53,0" doraHai="128" doraHaiUra="80" who="3" fromWho="1" sc="250,0,250,-39,250,0,240,49" /><INIT seed="1,0,0,4,3,36" ten="250,211,250,289" oya="1" hai0="68,3,135,61,7,64,29,60,65,125,110,101,72" hai1="27,121,82,129,26,42,55,44,120,39,6,13,1" hai2="67,111,123,98,83,114,79,88,71,34,8,57,21" hai3="116,86,51,53,49,106,77,70,24,92,132,66,115"/><U80/><E129/><V127/><F71/><W35/><G106/><T91/><D110/><U56/><E1/><V0/><F34/><W59/><G115/><T104/><D135/><U95/><E80/><V118/><F118/><W103/><G132/><T18/><D125/><U10/><E82/><V113/><F127/><W107/><G116/><T81/><D29/><U4/><E95/><V43/><F123/><W126/><G126/><T108/><D108/><U74/><E74/><V73/><F21/><W22/><G35/><T52/><D52/><U87/><E87/><V76/><F76/><W31/><G107/><T20/><D7/><U32/><E4/><V69/><F69/><W130/><G130/><T45/><D45/><U75/><E75/><V124/><F8/><W93/><G70/><T5/><D5/><U47/><E47/><V112/><F0/><W54/><G66/><T38/><D38/><U16/><E27/><V17/><F17/><W12/><G12/><T40/><D40/><U96/><E96/><V102/><F124/><W41/><G41/><T117/><D117/><U9/><E26/><V78/><F78/><W100/><G93/><T23/><D3/><N who="1" m="223" /><E32/><V133/><F133/><W119/><G119/><T48/><D48/><N who="1" m="30823" /><E121/><V33/><F33/><W94/><G94/><T84/><D72/><U109/><E120/><V85/><F111/><W128/><G128/><T15/><D104/><U37/><E109/><V14/><F73/><W30/><G30/><T89/><D101/><U99/><E99/><V105/><F98/><W131/><G131/><T122/><D122/><RYUUKYOKU ba="0,0" sc="250,-10,211,30,250,-10,289,-10" hai1="10,13,16,37,39,42,44" /><INIT seed="1,1,0,0,5,6" ten="240,241,240,279" oya="1" hai0="56,33,120,4,122,116,17,12,80,40,5,29,132" hai1="34,10,100,32,11,104,108,42,63,69,27,44,105" hai2="53,77,19,13,83,55,14,89,130,31,39,8,99" hai3="21,123,98,125,124,107,81,113,75,45,76,92,97"/><U30/><E34/><V23/><F39/><W25/><G123/><N who="0" m="47147" /><D132/><U68/><E108/><V95/><F130/><W103/><G113/><T58/><D40/><U37/><E69/><V101/><F31/><W112/><G112/><T133/><D133/><U73/><E73/><V57/><F101/><W90/><REACH who="3" step="1"/><G45/><REACH who="3" ten="240,241,240,269" step="2"/><T129/><D129/><U121/><E121/><V134/><F134/><W52/><G52/><T70/><D116/><U51/><E37/><V20/><F57/><W50/><G50/><T119/><D56/><U127/><E127/><V2/><F2/><W41/><G41/><T118/><D58/><U62/><E62/><V74/><REACH who="2" step="1"/><F23/><REACH who="2" ten="240,241,230,269" step="2"/><W49/><G49/><T96/><D118/><U0/><E0/><V35/><F35/><W26/><G26/><T1/><D33/><U38/><E38/><V66/><F66/><W117/><G117/><T72/><D119/><U47/><E47/><V48/><F48/><W15/><G15/><T60/><D12/><U126/><E126/><V85/><F85/><W86/><G86/><T61/><D1/><U36/><E36/><V54/><F54/><W115/><G115/><T87/><D87/><U93/><E63/><V78/><F78/><W59/><G59/><T106/><D60/><U18/><E44/><V88/><F88/><W79/><G79/><T91/><D61/><U114/><E51/><V84/><F84/><W24/><G24/><T128/><D91/><U7/><E27/><V65/><F65/><W3/><G3/><T111/><D128/><U16/><E114/><V43/><F43/><W131/><G131/><RYUUKYOKU ba="1,2" sc="240,-15,241,-15,230,15,269,15" hai2="8,13,14,19,20,53,55,74,77,83,89,95,99" hai3="21,25,75,76,81,90,92,97,98,103,107,124,125" /><INIT seed="2,2,2,1,5,105" ten="225,226,245,284" oya="2" hai0="117,34,81,66,99,121,5,13,90,12,60,17,122" hai1="84,132,15,94,41,52,23,59,1,61,8,46,107" hai2="62,103,88,21,115,19,118,92,53,26,14,4,35" hai3="79,51,43,68,98,0,78,134,28,83,69,111,73"/><V37/><F118/><W112/><G0/><T128/><D128/><U24/><E107/><V93/><F115/><W135/><G112/><T119/><D34/><U74/><E1/><V82/><F37/><W76/><G111/><T106/><D106/><U45/><E74/><V70/><F70/><W130/><G28/><T127/><D127/><U97/><E84/><V39/><F39/><W95/><G130/><T49/><D49/><U71/><E41/><V124/><F124/><W104/><G104/><T16/><D5/><N who="1" m="3471" /><E132/><N who="3" m="50730" /><G83/><T48/><D48/><U77/><E71/><N who="3" m="27210" /><G73/><T116/><D66/><U42/><E77/><V91/><F103/><N who="3" m="60895" /><G51/><T10/><D60/><U50/><E45/><V40/><F40/><AGARI ba="2,2" hai="40,43,76,78,79" m="60895,27210,50730" machi="40" ten="40,1300,0" yaku="20,1" doraHai="105" who="3" fromWho="2" sc="225,0,226,0,245,-19,284,39" /><INIT seed="3,0,0,5,1,117" ten="225,226,226,323" oya="3" hai0="1,94,87,55,45,22,67,18,59,88,43,62,120" hai1="68,42,124,44,126,64,38,51,21,19,100,123,31" hai2="83,93,27,65,84,63,71,107,41,130,48,122,111" hai3="34,53,26,77,9,125,127,133,85,69,13,20,115"/><W33/><G69/><T98/><D1/><U95/><E31/><V91/><F107/><W35/><G115/><T96/><D120/><U40/><E123/><V8/><F122/><W7/><G133/><T16/><D18/><U36/><E95/><V0/><F130/><W109/><G109/><T90/><D67/><U118/><E100/><V92/><F111/><W66/><G66/><T56/><D56/><U105/><E105/><V15/><F0/><W39/><G39/><N who="1" m="14890" /><E118/><V57/><F71/><W10/><G10/><T110/><D110/><U11/><E11/><V74/><F74/><W104/><G104/><T54/><D54/><N who="1" m="30055" /><E19/><N who="2" m="8679" /><F27/><W12/><G53/><T6/><D6/><U89/><E21/><V97/><F97/><W80/><G13/><N who="0" m="9487" /><D90/><U79/><E89/><V113/><F113/><W25/><G25/><T131/><D131/><U32/><E32/><V119/><F119/><W75/><G75/><T129/><D129/><U102/><E102/><V132/><F132/><W101/><G101/><T108/><D108/><U37/><E79/><V58/><F58/><W47/><G47/><AGARI ba="0,0" hai="41,47,48,57,63,65,83,84,91,92,93" m="8679" machi="47" ten="30,1000,0" yaku="8,1" doraHai="117" who="2" fromWho="3" sc="225,0,226,0,226,10,323,-10" owari="225,-27.0,226,-17.0,236,4.0,313,40.0" /></mjloggm>