<mjloggm ver="2.3"><GO type="169" lobby="0"/><UN n0="%E3%82%BF%EF%BD%9E%E5%9D%8A" n1="%E3%83%88%E3%83%88%E3%83%AA%E5%85%88%E7%94%9F%31%39%E6%AD%B3" n2="%E7%A9%B6%E6%A5%B5%41%49" n3="%E3%81%A1%E3%82%83%E3%81%9D%E2%98%86" dan="16,18,16,17" rate="2099.54,2285.52,2063.07,2132.71" sx="M,F,M,M"/><TAIKYOKU oya="0"/><INIT seed="0,0,0,2,1,30" ten="250,250,250,250" oya="0" hai0="87,85,113,9,117,23,10,82,56,105,118,108,29" hai1="128,3,32,51,116,53,99,130,91,43,59,95,14" hai2="84,78,88,55,12,114,131,38,20,42,111,69,7" hai3="6,93,127,57,48,33,112,15,80,81,62,36,44"/><T115/><D105/><U135/><E116/><V54/><F114/><W71/><G127/><T134/><D134/><U121/><E3/><V2/><F69/><W94/><G36/><T47/><D47/><U61/><E121/><V1/><F111/><W41/><G33/><T45/><D45/><N who="1" m="26047" /><E14/><V63/><F131/><N who="1" m="50217" /><E32/><V25/><F78/><W98/><G71/><T17/><D29/><U123/><E123/><V39/><F12/><W35/><G35/><T120/><D120/><U0/><E0/><V8/><F2/><W22/><G112/><T86/><D82/><N who="3" m="31849" /><G98/><T83/><D83/><U31/><E31/><V19/><F42/><W60/><G60/><T126/><D108/><U133/><AGARI ba="0,0" hai="53,59,61,91,95,99,133,135" m="50217,26047" machi="133" ten="30,1100,0" yaku="19,1" doraHai="30" who="1" fromWho="1" sc="250,-5,250,11,250,-3,250,-3" /><INIT seed="1,0,0,3,3,24" ten="245,261,247,247" oya="1" hai0="33,62,130,55,95,76,54,60,103,61,28,92,38" hai1="97,65,125,106,100,19,87,93,98,56,109,45,123" hai2="44,102,90,21,133,108,7,9,135,35,116,114,43" hai3="96,42,112,12,8,50,11,73,26,113,80,132,52"/><U18/><E123/><V5/><F35/><W23/><G132/><N who="2" m="50761" /><F116/><W46/><G96/><T31/><D38/><U6/><E125/><V81/><F108/><W74/><G42/><T115/><D115/><U72/><E72/><V111/><F111/><W15/><G74/><T119/><D119/><U91/><E109/><V126/><F126/><W118/><G118/><T64/><D130/><U63/><E6/><V25/><F102/><W99/><G99/><N who="0" m="59879" /><D33/><U127/><E127/><V101/><F101/><W86/><G73/><T120/><D120/><U66/><E66/><V39/><F114/><W79/><G113/><T124/><D124/><U129/><E129/><V40/><F40/><W85/><G85/><T0/><D0/><U75/><E75/><V13/><F81/><W14/><REACH who="3" step="1"/><G112/><REACH who="3" ten="245,261,247,237" step="2"/><T27/><D76/><U78/><E78/><V37/><F90/><W29/><AGARI ba="0,1" hai="8,11,12,14,15,23,26,29,46,50,52,79,80,86" machi="29" ten="30,12000,2" yaku="1,1,2,1,0,1,8,1,52,1,54,1,53,0" doraHai="24" doraHaiUra="34" who="3" fromWho="3" sc="245,-30,261,-60,247,-30,237,130" /><INIT seed="2,0,0,3,5,83" ten="215,201,217,367" oya="2" hai0="13,130,129,42,17,73,59,104,58,64,100,99,94" hai1="108,87,82,95,7,9,117,55,66,133,2,86,33" hai2="76,54,122,15,16,109,70,20,113,118,36,90,62" hai3="112,69,8,110,3,30,68,72,98,74,44,43,50"/><V125/><F122/><W49/><G30/><T132/><D73/><U115/><E115/><V126/><F118/><W10/><G112/><T92/><D132/><U41/><E117/><V119/><F119/><W85/><G110/><T121/><D121/><U27/><E108/><V22/><F113/><W45/><G98/><T101/><D42/><U29/><E133/><V24/><F109/><W12/><G12/><T67/><D104/><U124/><E124/><N who="2" m="47723" /><F36/><W57/><G57/><T97/><D17/><U51/><E41/><V81/><F90/><W116/><G116/><T96/><D97/><U61/><E95/><V103/><F103/><W23/><G23/><T91/><D13/><U128/><E82/><V34/><F34/><W35/><G43/><T89/><AGARI ba="0,0" hai="58,59,64,67,89,91,92,94,96,99,100,101,129,130" machi="89" ten="25,3200,0" yaku="0,1,22,2" doraHai="83" who="0" fromWho="0" sc="215,32,201,-8,217,-16,367,-8" /><INIT seed="3,0,0,3,4,76" ten="247,193,201,359" oya="3" hai0="2,16,23,109,126,46,133,8,117,78,100,83,13" hai1="48,95,29,123,107,120,72,1,5,4,115,88,74" hai2="68,111,52,92,66,87,90,104,67,60,54,40,81" hai3="18,82,56,31,122,77,34,64,59,9,121,50,45"/><W15/><G34/><T63/><D117/><U106/><E115/><V0/><F104/><W132/><G132/><T28/><D133/><U86/><E29/><V7/><F111/><W44/><G31/><T61/><D109/><U41/><E41/><V6/><F67/><W10/><G10/><T19/><D126/><U57/><E48/><V38/><F38/><W113/><G113/><T98/><D2/><U43/><E43/><V96/><F40/><W124/><G124/><T93/><D28/><U134/><E57/><V21/><F21/><W12/><G12/><T84/><REACH who="0" step="1"/><D46/><REACH who="0" ten="237,193,201,359" step="2"/><U49/><E1/><V70/><F70/><W11/><G45/><T53/><D53/><U130/><E134/><V112/><F112/><W103/><G44/><T33/><D33/><U97/><E120/><V94/><F0/><W91/><G122/><T3/><D3/><U114/><E123/><V39/><F39/><W75/><G121/><T32/><D32/><U105/><E114/><V42/><F42/><W69/><G69/><T17/><D17/><U65/><E5/><V51/><F7/><W37/><G37/><T79/><D79/><U25/><E4/><V119/><F119/><W99/><G18/><T20/><D20/><U62/><E65/><V102/><F6/><W26/><G64/><T85/><D85/><U128/><E86/><V131/><F131/><W108/><G108/><T47/><D47/><U55/><E128/><V27/><F54/><N who="3" m="31831" /><G9/><T129/><D129/><U73/><E130/><V89/><F52/><W35/><G35/><T36/><D36/><U101/><E55/><RYUUKYOKU ba="0,1" sc="237,30,193,-10,201,-10,359,-10" hai0="8,13,16,19,23,61,63,78,83,84,93,98,100" /><INIT seed="4,1,1,1,0,23" ten="267,183,191,349" oya="0" hai0="19,103,102,63,39,93,43,111,55,25,22,24,96" hai1="85,11,70,84,113,26,131,69,60,46,32,110,127" hai2="37,12,74,116,83,8,49,35,2,91,41,14,124" hai3="134,31,118,94,30,90,72,104,40,109,112,119,5"/><T16/><D111/><U108/><E131/><V9/><F35/><W132/><G112/><T82/><D39/><U68/><E113/><V120/><F120/><W87/><G5/><T48/><D43/><U76/><E127/><V65/><F124/><W15/><G40/><T21/><D63/><U123/><E123/><V133/><F133/><N who="3" m="51307" /><G72/><T100/><REACH who="0" step="1"/><D82/><REACH who="0" ten="257,183,191,349" step="2"/><U38/><E60/><V3/><F83/><W44/><G109/><T6/><D6/><U105/><E108/><V81/><F81/><W42/><G42/><T45/><AGARI ba="1,2" hai="16,19,21,22,24,25,45,48,55,93,96,100,102,103" machi="45" ten="20,24000,3" yaku="1,1,0,1,7,1,9,1,8,1,52,2,54,1,53,0" doraHai="23" doraHaiUra="86" who="0" fromWho="0" sc="257,263,183,-81,191,-81,349,-81" /><INIT seed="4,2,0,4,3,69" ten="520,102,110,268" oya="0" hai0="22,30,90,93,66,8,53,73,17,61,62,113,43" hai1="85,115,50,49,114,92,94,16,18,107,13,111,84" hai2="23,24,64,116,77,9,1,103,38,10,29,40,104" hai3="99,102,129,2,19,106,76,132,46,112,12,56,126"/><T82/><D113/><N who="1" m="43019" /><E111/><V67/><F116/><W130/><G112/><T100/><D30/><U119/><E107/><V72/><F104/><W55/><G132/><T110/><D110/><U60/><E119/><V4/><F103/><W75/><G2/><T63/><D43/><U34/><E34/><V14/><F14/><W47/><G75/><T51/><D8/><N who="1" m="6183" /><E18/><V11/><F11/><W88/><G19/><T36/><D17/><U37/><E37/><V97/><F97/><W15/><G99/><T42/><D36/><U87/><E60/><V32/><F23/><W135/><G106/><T123/><D22/><U95/><AGARI ba="2,0" hai="49,50,84,85,87,92,94,95" m="6183,43019" machi="95" ten="40,5200,0" yaku="15,1,11,1,54,1" doraHai="69" who="1" fromWho="1" sc="520,-28,102,58,110,-15,268,-15" /><INIT seed="5,0,0,4,5,61" ten="492,160,95,253" oya="1" hai0="0,83,129,42,2,125,128,33,3,114,25,1,106" hai1="80,7,71,67,107,78,92,57,6,34,11,120,50" hai2="23,104,127,101,77,88,26,108,134,60,117,126,135" hai3="97,105,90,53,72,29,24,19,124,86,22,99,109"/><U9/><E120/><V18/><F108/><W4/><G124/><N who="2" m="47657" /><F117/><W58/><G109/><T118/><D106/><U32/><E107/><V95/><F77/><W31/><G72/><T131/><D118/><U94/><E71/><V62/><F101/><W68/><G4/><T70/><D114/><U54/><E67/><V112/><F104/><W8/><G68/><T39/><D83/><U76/><E34/><V56/><F112/><W48/><G105/><T63/><D3/><U36/><E36/><V91/><F62/><W121/><G121/><T12/><D12/><U98/><E32/><V81/><F81/><N who="3" m="49487" /><G8/><N who="1" m="3146" /><E94/><V133/><F95/><W43/><G43/><T110/><D110/><U51/><E51/><V59/><F59/><W65/><G65/><AGARI ba="0,0" hai="18,23,26,56,60,65,88,91,133,134,135" m="47657" machi="65" ten="40,8000,1" yaku="20,1,18,1,52,1,54,1" doraHai="61" who="2" fromWho="3" sc="492,0,160,0,95,80,253,-80" /><INIT seed="6,0,0,5,0,83" ten="492,160,175,173" oya="2" hai0="65,66,77,129,4,56,57,103,21,19,3,68,32" hai1="26,124,38,80,44,94,128,73,116,2,111,135,1" hai2="43,61,67,30,114,102,49,48,99,11,35,127,101" hai3="100,22,51,81,40,45,64,6,113,52,23,105,112"/><V60/><F114/><N who="3" m="44139" /><G64/><N who="0" m="24683" /><D32/><U71/><E111/><V122/><F122/><W123/><G123/><T104/><D104/><U85/><E116/><V33/><F127/><W110/><G110/><T46/><D3/><U55/><E71/><V37/><F37/><W98/><G6/><T9/><D103/><U0/><E124/><V54/><F43/><W24/><G24/><N who="0" m="14399" /><D77/><U92/><E73/><V59/><F11/><W34/><G34/><T12/><D129/><U125/><E135/><V50/><F30/><W132/><G132/><T58/><D68/><U75/><E75/><V13/><F13/><W93/><G81/><T78/><D78/><U25/><E128/><V70/><REACH who="2" step="1"/><F101/><REACH who="2" ten="492,160,165,173" step="2"/><W95/><G40/><T90/><D12/><U17/><E125/><V118/><F118/><W69/><G69/><T47/><D9/><U41/><E0/><V117/><F117/><W133/><G133/><T126/><D126/><U29/><E2/><V5/><F5/><W72/><G72/><T121/><D4/><U53/><E1/><V115/><F115/><W20/><AGARI ba="0,1" hai="20,22,23,45,51,52,93,95,98,100,105" m="44139" machi="20" ten="30,4000,0" yaku="15,1,11,1,54,1" doraHai="83" who="3" fromWho="3" sc="492,-10,160,-10,165,-20,173,50" /><INIT seed="7,0,0,5,3,88" ten="482,150,145,223" oya="3" hai0="9,41,34,57,33,102,108,73,19,129,126,100,119" hai1="132,16,89,98,27,15,105,56,81,116,130,75,85" hai2="58,121,120,66,90,11,135,51,43,134,48,53,94" hai3="64,25,69,42,84,47,127,35,125,59,104,65,4"/><W106/><G4/><T117/><D73/><U5/><E75/><V68/><F11/><W118/><G118/><T97/><D41/><U30/><E116/><V44/><F66/><W107/><G59/><T109/><D57/><U21/><E130/><V92/><F68/><W62/><G84/><T80/><D80/><U131/><E131/><V71/><F71/><W24/><G65/><T26/><D97/><U76/><E132/><N who="2" m="50731" /><F94/><W39/><G24/><T12/><D26/><U74/><E5/><V54/><F43/><W123/><G123/><T45/><D45/><U50/><E105/><V78/><F78/><W23/><G23/><T99/><D99/><AGARI ba="0,0" hai="44,48,51,53,54,58,90,92,99,120,121" m="50731" machi="99" ten="30,2000,0" yaku="20,1,52,1" doraHai="88" who="2" fromWho="0" sc="482,-20,150,0,145,20,223,0" owari="462,56.0,150,-35.0,165,-23.0,223,2.0" /></mjloggm>