<mjloggm ver="2.3"><GO type="169" lobby="0"/><UN n0="%E2%98%85%E9%9B%80%E9%AC%BC%E7%99%BE%E7%80%AC%E2%98%85" n1="%E3%82%A6%E3%83%AB%E3%83%88%E3%83%A9%E7%AB%8B%E7%9B%B4" n2="%E6%9D%8E%E7%A9%8E%E8%97%8D" n3="%E5%8F%8A%E5%B7%9D%E5%86%B0%E9%BA%97" dan="18,17,16,16" rate="2200.35,2159.94,2109.35,2109.12" sx="M,M,M,M"/><TAIKYOKU oya="0"/><INIT seed="0,0,0,3,0,126" ten="250,250,250,250" oya="0" hai0="69,92,128,54,103,56,91,82,2,85,62,35,52" hai1="79,71,13,97,15,9,17,117,100,31,115,99,84" hai2="58,32,7,95,118,131,48,105,4,78,41,38,72" hai3="113,33,24,22,110,51,116,120,80,75,14,25,29"/><T124/><D2/><U30/><E71/><V112/><F105/><W37/><G37/><T50/><D124/><U55/><E117/><V106/><F106/><W67/><G116/><T102/><D35/><U121/><E121/><V134/><F112/><W87/><G113/><T59/><D128/><U11/><E115/><V60/><F32/><W19/><G75/><T44/><D69/><U49/><E84/><V43/><F38/><W104/><G104/><T96/><REACH who="0" step="1"/><D44/><REACH who="0" ten="240,250,250,250" step="2"/><U98/><E100/><AGARI ba="0,1" hai="50,52,54,56,59,62,82,85,91,92,96,100,102,103" machi="100" ten="30,12000,1" yaku="1,1,2,1,7,1,8,1,54,1,53,0" doraHai="126" doraHaiUra="34" who="0" fromWho="1" sc="240,130,250,-120,250,0,250,0" /><INIT seed="0,1,0,5,0,2" ten="370,130,250,250" oya="0" hai0="112,80,8,113,13,108,104,79,129,44,90,10,6" hai1="55,5,125,72,7,28,77,19,41,122,15,87,74" hai2="111,53,40,1,31,83,88,124,25,71,78,60,68" hai3="121,99,14,118,27,51,11,135,38,61,132,86,64"/><T57/><D104/><U37/><E122/><V70/><F111/><W109/><G118/><T94/><D108/><U42/><E125/><V93/><F124/><W123/><G109/><T67/><D129/><U36/><E36/><V26/><F1/><W103/><G38/><T81/><D81/><N who="1" m="47535" /><E37/><V21/><F40/><N who="1" m="15465" /><E74/><V18/><F83/><W50/><G27/><T120/><D120/><N who="3" m="46153" /><G86/><T35/><D35/><U52/><E72/><V29/><F78/><W47/><G61/><T131/><D131/><U100/><E100/><V20/><F18/><N who="3" m="8543" /><G64/><T9/><D67/><U134/><E28/><V65/><REACH who="2" step="1"/><F53/><REACH who="2" ten="370,130,240,250" step="2"/><N who="1" m="20553" /><E134/><N who="3" m="51242" /><G47/><T128/><D44/><U54/><N who="1" m="20561" /><U48/><DORA hai="84" /><E48/><V102/><F102/><W110/><G110/><T39/><D39/><U106/><E106/><AGARI ba="1,1" hai="50,51,99,103,106" m="51242,8543,46153" machi="106" ten="30,2000,0" yaku="13,1,20,1" doraHai="2,84" who="3" fromWho="1" sc="370,0,130,-23,240,0,250,33" /><INIT seed="1,0,0,4,2,59" ten="370,107,240,283" oya="1" hai0="45,81,29,111,60,58,133,43,98,12,24,30,31" hai1="6,32,86,62,68,61,34,84,83,8,87,35,51" hai2="72,117,39,124,104,132,65,112,106,108,56,130,99" hai3="7,21,50,46,9,109,77,40,90,13,71,55,100"/><U76/><E51/><V42/><RYUUKYOKU type="yao9" ba="0,0" sc="370,0,107,0,240,0,283,0" hai2="39,42,56,65,72,99,104,106,108,112,117,124,130,132" /><INIT seed="1,1,0,4,5,11" ten="370,107,240,283" oya="1" hai0="52,102,79,100,42,5,21,13,71,109,83,56,84" hai1="51,62,36,97,14,68,73,120,26,27,89,4,46" hai2="6,40,119,108,134,88,86,64,67,55,90,43,37" hai3="20,24,70,77,128,1,25,50,113,59,106,111,129"/><U72/><E36/><V98/><F119/><W54/><G111/><T38/><D71/><U81/><E120/><V58/><F108/><W126/><G113/><T61/><D109/><U118/><E118/><V47/><F43/><W3/><G70/><T87/><D38/><U17/><E4/><V103/><F6/><W9/><G126/><T31/><D42/><U96/><E73/><V0/><F0/><W57/><G106/><T110/><D110/><U12/><E72/><V114/><F134/><W115/><G115/><T124/><D124/><U65/><E96/><V19/><F114/><W41/><G41/><T131/><D131/><N who="3" m="50249" /><G77/><T74/><D74/><U44/><E44/><V18/><F67/><W80/><G80/><N who="0" m="47135" /><D31/><U33/><E33/><V94/><F64/><W130/><G130/><T116/><D116/><U2/><E2/><V53/><F90/><W123/><G123/><T95/><D95/><U34/><E34/><V48/><REACH who="2" step="1"/><F55/><REACH who="2" ten="370,107,230,283" step="2"/><N who="3" m="31991" /><G3/><T30/><D5/><U93/><E81/><AGARI ba="1,1" hai="18,19,37,40,47,48,53,58,81,86,88,94,98,103" machi="81" ten="30,3900,0" yaku="1,1,7,1,54,1,53,0" doraHai="11" doraHaiUra="16" who="2" fromWho="1" sc="370,0,107,-42,230,52,283,0" /><INIT seed="2,0,0,2,3,119" ten="370,65,282,283" oya="2" hai0="95,22,102,126,69,92,44,135,9,124,58,66,84" hai1="32,57,42,85,99,112,23,19,16,115,41,59,50" hai2="86,24,114,109,104,81,0,97,108,55,25,82,34" hai3="48,27,43,5,90,80,10,13,11,61,53,106,107"/><V127/><F114/><W47/><G107/><T116/><D69/><U131/><E32/><V120/><F0/><W94/><G106/><T74/><D74/><U71/><E71/><V31/><F127/><W62/><G80/><T46/><D116/><U87/><E99/><V121/><F55/><W2/><G27/><T54/><D66/><U40/><E50/><V3/><F3/><W28/><G28/><T70/><D70/><U93/><E93/><V78/><F25/><W98/><REACH who="3" step="1"/><G53/><REACH who="3" ten="370,65,282,273" step="2"/><T29/><D29/><U52/><E52/><V134/><F81/><W1/><G1/><T49/><D126/><U77/><E131/><V110/><F134/><W132/><G132/><T133/><D124/><U21/><REACH who="1" step="1"/><E42/><REACH who="1" ten="370,55,282,273" step="2"/><V96/><F96/><W123/><G123/><T100/><D133/><U129/><E129/><V37/><F37/><W88/><G88/><T103/><D135/><U17/><E17/><AGARI ba="0,2" hai="2,5,10,11,13,17,43,47,48,61,62,90,94,98" machi="17" ten="30,3900,0" yaku="1,1,7,1,53,1" doraHai="119" doraHaiUra="45" who="3" fromWho="1" sc="370,0,55,-39,282,0,273,59" /><INIT seed="3,0,0,5,2,8" ten="370,16,282,332" oya="3" hai0="31,23,90,113,71,129,74,7,99,131,19,6,63" hai1="57,1,91,135,10,66,130,103,35,79,27,123,83" hai2="97,84,96,72,65,114,44,109,73,30,0,60,55" hai3="29,88,47,69,32,86,81,42,134,12,53,58,26"/><W43/><G134/><T59/><D74/><U106/><E123/><V17/><F114/><W119/><G119/><T62/><D113/><U16/><E135/><V39/><F0/><W22/><G69/><T64/><D31/><U82/><E130/><N who="0" m="49673" /><D99/><U94/><E103/><V92/><F109/><W45/><G43/><T18/><D90/><U28/><E106/><V41/><F30/><W87/><G87/><T52/><D19/><U101/><E101/><V40/><F40/><W111/><G111/><T105/><D105/><U2/><E57/><V70/><F84/><W110/><G110/><T67/><D67/><U122/><E66/><V132/><F132/><W89/><G89/><T98/><D98/><U49/><E49/><V20/><F97/><W76/><G76/><T100/><D100/><U133/><E133/><V78/><F78/><W4/><G42/><T9/><D9/><U107/><E107/><V48/><F96/><W68/><G68/><T80/><D80/><U46/><E122/><V104/><F92/><W51/><G32/><T24/><AGARI ba="0,0" hai="6,7,18,23,24,52,59,62,63,64,71" m="49673" machi="24" ten="30,2000,0" yaku="19,1,54,1" doraHai="8" who="0" fromWho="0" sc="370,20,16,-5,282,-5,332,-10" /><INIT seed="4,0,0,5,3,124" ten="390,11,277,322" oya="0" hai0="93,57,58,37,108,59,25,98,0,132,23,50,8" hai1="88,20,53,104,63,121,128,79,42,122,69,5,56" hai2="95,3,46,78,30,24,36,51,28,72,82,27,45" hai3="113,74,76,99,123,125,11,7,47,71,31,119,80"/><T64/><D37/><U14/><E104/><V106/><F106/><W67/><G119/><T126/><D126/><U100/><E100/><V116/><F3/><W114/><G125/><T17/><D132/><U102/><E102/><V120/><F120/><W130/><G123/><T34/><D34/><U94/><E79/><V55/><F116/><W1/><G99/><T22/><D108/><U85/><E69/><V66/><F66/><W61/><G31/><T10/><D0/><U75/><E75/><V101/><F101/><W133/><G133/><T111/><D111/><U86/><E86/><V26/><F95/><W118/><G118/><T135/><D135/><U97/><E85/><V127/><F127/><W9/><G9/><T33/><D33/><U48/><E128/><V89/><F89/><W54/><G130/><T62/><D22/><U16/><REACH who="1" step="1"/><E5/><REACH who="1" ten="390,1,277,322" step="2"/><V83/><F72/><W21/><G74/><T18/><D98/><U32/><E32/><V52/><F78/><W41/><G76/><T103/><D103/><U84/><E84/><V129/><F129/><W35/><G7/><T15/><D93/><U87/><E87/><V13/><F82/><W60/><G80/><T29/><D50/><U70/><E70/><V44/><F83/><W68/><G35/><T19/><D10/><U109/><E109/><V38/><F51/><N who="3" m="27119" /><G11/><T96/><D96/><U81/><E81/><V6/><F38/><W110/><G110/><T92/><D92/><U91/><E91/><V112/><F36/><W40/><G68/><T115/><D115/><U131/><E131/><V134/><F112/><RYUUKYOKU ba="0,1" sc="390,15,1,15,277,-15,322,-15" hai0="8,15,17,18,19,23,25,29,57,58,59,62,64" hai1="14,16,20,42,48,53,56,63,88,94,97,121,122" /><INIT seed="4,1,1,5,1,73" ten="405,16,262,307" oya="0" hai0="50,27,81,78,35,30,111,118,113,2,116,67,14" hai1="36,75,63,132,94,110,88,97,120,77,48,95,8" hai2="33,76,41,40,135,7,122,128,0,130,66,127,98" hai3="89,23,91,12,87,58,47,22,93,11,55,21,26"/><T18/><D2/><U6/><E36/><V59/><F122/><W133/><G133/><T4/><D4/><U92/><E120/><V45/><F33/><W39/><G39/><T119/><D113/><U104/><E110/><V1/><F135/><W123/><G123/><T43/><D111/><U74/><E132/><V109/><F109/><W49/><G91/><T61/><D43/><U64/><E48/><V83/><F127/><W70/><G70/><T60/><D50/><U117/><E117/><V28/><F28/><W10/><G26/><T107/><D107/><U115/><E115/><V80/><F98/><W34/><G34/><T51/><D51/><U56/><E104/><V52/><F66/><W38/><G38/><T20/><REACH who="0" step="1"/><D67/><REACH who="0" ten="395,16,262,307" step="2"/><U32/><E32/><V124/><F40/><W46/><REACH who="3" step="1"/><G10/><REACH who="3" ten="395,16,262,297" step="2"/><T68/><D68/><U79/><E75/><AGARI ba="1,3" hai="14,18,20,27,30,35,60,61,75,78,81,116,118,119" machi="75" ten="40,3900,0" yaku="1,1,52,1,53,0" doraHai="73" doraHaiUra="86" who="0" fromWho="1" sc="395,72,16,-42,262,0,297,0" owari="467,57.0,-26,-53.0,262,-14.0,297,10.0" /></mjloggm>