<mjloggm ver="2.3"><GO type="41" lobby="0"/><UN n0="%75%27%73" n1="%43%6C%61%6C%61%45%58" n2="%6F%63%68%69%6E%61%73%69" n3="%E5%B0%B1%E6%B4%BB%E7%94%9F%40%E5%B7%9D%E6%9D%91%E8%BB%8D%E5%9B%A3" dan="13,13,13,16" rate="1963.96,1903.71,1847.92,2160.74" sx="M,M,M,M"/><TAIKYOKU oya="0"/><INIT seed="0,0,0,1,5,123" ten="250,250,250,250" oya="0" hai0="58,81,96,45,95,30,41,107,114,53,11,117,55" hai1="97,120,27,19,46,60,8,79,85,108,125,69,75" hai2="113,93,80,24,39,1,115,36,130,74,34,47,64" hai3="72,94,17,49,14,10,61,124,21,38,73,9,0"/><T87/><D114/><U127/><E120/><V67/><F1/><W5/><G38/><T35/><D107/><U112/><E112/><V70/><F130/><W101/><G124/><N who="1" m="47690" /><E75/><V99/><F67/><W56/><G49/><T118/><D11/><U131/><E97/><V26/><F70/><W20/><G73/><T121/><D121/><U2/><E46/><V62/><F62/><W51/><G72/><T71/><D55/><U116/><E116/><V110/><F64/><W28/><G51/><T57/><D58/><U133/><E133/><V37/><F47/><W42/><G42/><T98/><D71/><U18/><E69/><V126/><F126/><W54/><G28/><T25/><D96/><U78/><E60/><V31/><F24/><W6/><G101/><T4/><D4/><N who="1" m="1047" /><E85/><V76/><F113/><W13/><G94/><T134/><D134/><U43/><E43/><V100/><REACH who="2" step="1"/><F115/><REACH who="2" ten="250,250,240,250" step="2"/><W102/><G102/><T65/><D65/><U50/><E131/><V103/><F103/><W132/><G132/><T63/><D45/><U40/><E27/><V59/><F59/><W22/><AGARI ba="0,1" hai="0,5,6,9,10,13,14,17,20,21,22,54,56,61" machi="22" ten="20,1500,0" yaku="0,1,7,1" doraHai="123" who="3" fromWho="3" sc="250,-7,250,-4,240,-4,250,25" /><INIT seed="1,0,0,5,3,36" ten="243,246,236,275" oya="1" hai0="32,34,111,118,40,35,63,88,81,0,129,65,96" hai1="115,105,83,4,19,107,114,99,75,41,70,44,18" hai2="101,53,98,68,42,5,122,48,25,22,26,93,97" hai3="1,76,91,58,100,10,92,57,46,43,20,24,121"/><U56/><E70/><V72/><F68/><W77/><G121/><T103/><D118/><U11/><E56/><V69/><F69/><W110/><G110/><T27/><D111/><U128/><E128/><V30/><F72/><W116/><G116/><T28/><D129/><U84/><E99/><V8/><F122/><W52/><G100/><T16/><D0/><U66/><E66/><V89/><F26/><W7/><G58/><T50/><D16/><N who="1" m="6187" /><E75/><V120/><F120/><W133/><G133/><T55/><D81/><U135/><E135/><V80/><F80/><W108/><G20/><T78/><D78/><N who="1" m="46199" /><E107/><V31/><F31/><W6/><G6/><T17/><D17/><U14/><E105/><V102/><F102/><W9/><G9/><T47/><D55/><U86/><E86/><V37/><F101/><W87/><G24/><T94/><REACH who="0" step="1"/><D103/><REACH who="0" ten="233,246,236,275" step="2"/><U23/><E23/><V33/><F22/><W125/><G108/><T119/><D119/><U2/><E2/><V29/><F33/><W109/><G109/><T104/><D104/><U61/><E61/><V124/><F30/><W127/><G77/><T49/><D49/><AGARI ba="0,1" hai="4,11,14,41,44,49,114,115" m="46199,6187" machi="49" ten="30,5800,0" yaku="25,1,52,1,54,1" doraHai="36" who="1" fromWho="0" sc="233,-58,246,68,236,0,275,0" /><INIT seed="1,1,0,0,5,83" ten="175,314,236,275" oya="1" hai0="1,122,44,38,28,64,11,79,13,14,22,31,45" hai1="134,74,85,51,65,98,29,53,99,78,131,2,108" hai2="23,132,40,62,86,68,10,15,101,6,107,57,20" hai3="61,135,67,69,59,119,129,112,32,12,19,95,121"/><U3/><E134/><V127/><F132/><W128/><G121/><T80/><D122/><U54/><E131/><N who="3" m="50250" /><G135/><T87/><D64/><U89/><E65/><V50/><F68/><W82/><G32/><T92/><D92/><U96/><E78/><V70/><F127/><W7/><G112/><T48/><D38/><U72/><E29/><V16/><F70/><W90/><G7/><T113/><D113/><U47/><E108/><V35/><F35/><W52/><G82/><T18/><D1/><U17/><E17/><V71/><F101/><W33/><G33/><T42/><REACH who="0" step="1"/><D45/><REACH who="0" ten="165,314,236,275" step="2"/><U100/><E100/><V130/><F130/><W26/><G119/><T124/><D124/><U125/><E125/><V118/><F118/><W39/><G39/><T76/><D76/><U103/><E103/><V117/><F117/><W49/><G95/><T84/><D84/><U24/><E2/><V30/><F107/><W27/><G90/><T88/><D88/><U56/><E3/><V58/><F86/><W102/><G102/><T37/><D37/><U34/><E74/><V46/><F71/><W63/><G69/><T36/><D36/><U105/><E105/><V81/><F81/><W111/><G111/><T25/><D25/><N who="3" m="9225" /><G67/><T109/><D109/><U126/><E72/><V77/><F77/><W8/><AGARI ba="1,1" hai="8,12,19,49,52,59,61,63" m="9225,50250" machi="8" ten="30,2000,0" yaku="19,1,54,1" doraHai="83" who="3" fromWho="3" sc="165,-6,314,-11,236,-6,275,33" /><INIT seed="2,0,0,4,5,114" ten="159,303,230,308" oya="2" hai0="90,27,21,71,56,23,69,31,43,132,59,99,133" hai1="30,60,46,104,78,64,15,85,105,88,72,79,12" hai2="35,91,119,126,51,77,16,54,26,37,47,70,4" hai3="36,94,0,40,3,131,65,63,86,18,135,120,24"/><V98/><F70/><W108/><G120/><T122/><D122/><U50/><E30/><V62/><F126/><W111/><G131/><T80/><D43/><U68/><E72/><V52/><F4/><W41/><G135/><N who="0" m="51787" /><D21/><U13/><E104/><V84/><F37/><W83/><G94/><N who="0" m="56791" /><D80/><U42/><REACH who="1" step="1"/><E105/><REACH who="1" ten="159,293,230,308" step="2"/><V10/><F35/><W17/><G108/><T29/><D29/><U55/><E55/><V116/><F54/><W100/><G111/><T106/><D106/><U87/><E87/><V130/><F130/><W81/><G86/><T11/><D11/><U117/><E117/><V109/><F119/><W110/><G110/><T97/><D97/><U44/><E44/><V34/><F116/><W22/><G41/><T134/><D134/><U128/><E128/><V67/><F34/><W103/><G40/><T75/><D75/><U20/><E20/><V115/><F98/><W113/><G113/><T39/><D39/><U28/><E28/><V96/><F115/><W93/><G36/><T45/><D45/><U107/><E107/><V102/><F109/><W1/><G22/><T57/><AGARI ba="0,1" hai="23,27,31,56,57,59,69,71" m="56791,51787" machi="57" ten="30,1100,0" yaku="20,1" doraHai="114" who="0" fromWho="0" sc="159,21,293,-3,230,-5,308,-3" /><INIT seed="3,0,0,2,1,96" ten="180,290,225,305" oya="3" hai0="85,42,79,6,19,103,8,38,68,61,29,74,37" hai1="110,32,87,5,54,36,127,35,41,45,69,116,106" hai2="46,112,76,113,56,100,118,90,108,78,55,88,81" hai3="83,21,65,43,121,3,20,66,73,70,93,82,84"/><W22/><G121/><T133/><D133/><U105/><E110/><V47/><F108/><W33/><G33/><T40/><D74/><U44/><E116/><V48/><F118/><W72/><G3/><T129/><D129/><U104/><E69/><V4/><F100/><W107/><G107/><T95/><D29/><U101/><E127/><V23/><F4/><W18/><G43/><T49/><D49/><U102/><E87/><V63/><F23/><W114/><G114/><T62/><D19/><U24/><E5/><V16/><F16/><W75/><G18/><T2/><D68/><U119/><E119/><V34/><F34/><W89/><REACH who="3" step="1"/><G70/><REACH who="3" ten="180,290,225,295" step="2"/><T31/><D42/><U131/><E131/><V86/><F113/><W9/><G9/><T10/><D8/><U28/><E32/><V124/><F112/><W30/><G30/><T91/><D31/><U117/><E117/><V92/><F124/><W13/><G13/><T99/><D40/><U109/><E109/><V120/><F120/><W0/><G0/><T130/><D130/><U97/><E54/><N who="2" m="29975" /><F47/><W64/><AGARI ba="0,1" hai="20,21,22,64,65,66,72,73,75,82,83,84,89,93" machi="64" ten="40,18000,2" yaku="1,1,0,1,29,2,53,2" doraHai="96" doraHaiUra="77" who="3" fromWho="3" sc="180,-60,290,-60,225,-60,295,190" /><INIT seed="3,1,0,1,1,111" ten="120,230,165,485" oya="3" hai0="47,7,84,129,125,0,117,10,22,110,62,5,132" hai1="77,35,65,49,123,103,133,102,13,105,127,79,45" hai2="11,56,71,92,130,108,52,27,95,116,90,120,115" hai3="87,26,17,91,104,98,28,61,70,4,50,109,67"/><W86/><G109/><T94/><D117/><U55/><E35/><V113/><F108/><W75/><G75/><T101/><D110/><U60/><E123/><V72/><F116/><W54/><G4/><T32/><D32/><U68/><E127/><V20/><F72/><W16/><G104/><T43/><D125/><U124/><E124/><V80/><F71/><W31/><G98/><T64/><D132/><U122/><E122/><V6/><F130/><W114/><G114/><T44/><D129/><U76/><E133/><V46/><F46/><W15/><G87/><T81/><D7/><U42/><E105/><V40/><F40/><W12/><G12/><T93/><D22/><U59/><REACH who="1" step="1"/><E13/><REACH who="1" ten="120,220,165,485" step="2"/><V48/><F120/><W33/><G15/><T135/><D135/><U99/><E99/><V8/><F80/><W100/><G100/><T34/><D101/><U30/><E30/><V66/><F95/><W36/><G31/><T134/><D34/><U74/><E74/><V107/><F107/><W121/><G121/><T112/><D134/><U39/><AGARI ba="1,1" hai="39,42,45,49,55,59,60,65,68,76,77,79,102,103" machi="39" ten="30,8000,1" yaku="1,1,0,1,24,2,53,1" doraHai="111" doraHaiUra="57" who="1" fromWho="1" sc="120,-21,220,93,165,-21,485,-41" /><INIT seed="4,0,0,4,0,29" ten="99,313,144,444" oya="0" hai0="121,26,59,112,96,97,132,95,25,84,62,0,22" hai1="63,49,101,91,20,87,51,135,92,120,41,106,77" hai2="61,12,48,94,39,33,30,57,131,45,21,1,134" hai3="40,104,32,2,114,35,9,11,133,76,18,119,19"/><T105/><D121/><U72/><E120/><V78/><F1/><W69/><G104/><T36/><D36/><U28/><E135/><V16/><F131/><W80/><G69/><T64/><D0/><U8/><E63/><V60/><F39/><W85/><G119/><T68/><D132/><U38/><E38/><V124/><F124/><W15/><G133/><T115/><D105/><U90/><E41/><V71/><F78/><W108/><G114/><N who="0" m="43563" /><D68/><U24/><E8/><V109/><F109/><W74/><G108/><T125/><D125/><U5/><E5/><V100/><F71/><W14/><G2/><T7/><D7/><U123/><E123/><V111/><F111/><W83/><REACH who="3" step="1"/><G40/><REACH who="3" ten="99,313,144,434" step="2"/><T56/><D56/><U34/><E106/><V43/><F57/><W128/><G128/><T89/><D26/><U55/><E72/><V116/><F134/><W117/><G117/><T54/><D64/><U98/><E55/><V37/><F116/><W86/><G86/><T126/><D126/><U103/><E77/><AGARI ba="0,1" hai="9,11,14,15,18,19,32,35,74,76,77,80,83,85" machi="77" ten="30,8000,1" yaku="1,1,7,1,9,1,52,2,53,0" doraHai="29" doraHaiUra="67" who="3" fromWho="1" sc="99,0,313,-80,144,0,434,90" /><INIT seed="5,0,0,5,5,131" ten="99,233,144,524" oya="1" hai0="42,49,52,124,128,81,15,76,89,23,56,65,0" hai1="40,14,41,11,64,121,31,95,72,46,98,126,114" hai2="17,84,87,104,102,34,51,63,1,58,103,110,61" hai3="122,8,4,118,78,91,57,37,12,54,32,38,60"/><U113/><E72/><V48/><F110/><W28/><G122/><T75/><D128/><U125/><E121/><V20/><F1/><W5/><G118/><T10/><D124/><N who="1" m="47723" /><E31/><V69/><F34/><W115/><G115/><N who="1" m="44042" /><E64/><V86/><F69/><W134/><G78/><T119/><D119/><U90/><E46/><V88/><F104/><W44/><G5/><AGARI ba="0,0" hai="5,11,14,40,41,90,95,98" m="44042,47723" machi="5" ten="30,2900,0" yaku="18,1,15,1" doraHai="131" who="1" fromWho="3" sc="99,0,233,29,144,0,524,-29" /><INIT seed="5,1,0,4,5,77" ten="99,262,144,495" oya="1" hai0="93,26,127,1,37,3,45,89,33,14,35,7,117" hai1="58,13,68,119,54,24,53,129,96,92,30,23,114" hai2="9,66,43,67,28,125,16,41,48,44,29,98,115" hai3="19,6,65,94,130,15,107,85,17,84,106,101,134"/><U91/><E119/><V20/><F125/><W60/><G130/><T8/><D117/><U112/><E68/><V126/><F126/><W78/><G134/><T61/><D127/><U113/><E129/><V95/><F9/><W110/><G110/><T75/><D75/><U40/><E40/><V22/><F43/><W5/><G106/><T122/><D122/><U118/><E118/><V4/><F4/><W51/><G107/><T83/><D61/><U90/><E13/><V109/><F115/><W120/><G120/><T133/><D133/><U123/><E123/><V73/><F73/><W128/><G128/><T108/><D108/><U124/><E124/><V27/><F22/><W131/><G131/><T39/><D37/><U87/><E58/><V81/><F109/><W80/><G51/><T105/><D105/><U18/><REACH who="1" step="1"/><E30/><REACH who="1" ten="99,252,144,495" step="2"/><V56/><F29/><W132/><G132/><T104/><D1/><U102/><E102/><V76/><F28/><W69/><G6/><T50/><D3/><U11/><E11/><V2/><F56/><W32/><G32/><T100/><D33/><U103/><E103/><V71/><F71/><W36/><G36/><T34/><D34/><U0/><E0/><V49/><F2/><W52/><G5/><T12/><D39/><U86/><E86/><V99/><F99/><W111/><G111/><T82/><D14/><U74/><E74/><V59/><F59/><W88/><G101/><T38/><D38/><U97/><E97/><V135/><F135/><W72/><G72/><T79/><D100/><U57/><E57/><V10/><F10/><RYUUKYOKU ba="1,1" sc="99,-10,252,30,144,-10,495,-10" hai1="18,23,24,53,54,87,90,91,92,96,112,113,114" /><INIT seed="5,2,1,2,4,50" ten="89,282,134,485" oya="1" hai0="60,108,95,127,105,11,9,77,46,107,22,88,130" hai1="126,128,44,18,101,69,74,13,133,49,3,4,58" hai2="27,70,43,54,2,104,135,72,26,83,66,120,67" hai3="20,21,98,24,48,75,5,111,121,53,93,91,40"/><U42/><E74/><V131/><F2/><W103/><G111/><T117/><D108/><U52/><E69/><V100/><F120/><W102/><G121/><T84/><D117/><U23/><E128/><V78/><F131/><W112/><G112/><T10/><D130/><U79/><E133/><V16/><F43/><W73/><G73/><T92/><D127/><U62/><E126/><V61/><F67/><W109/><G75/><T0/><D0/><U134/><E134/><V85/><F104/><W32/><G32/><T115/><D115/><U31/><E79/><V99/><F99/><W6/><G40/><T90/><D77/><U25/><E101/><N who="3" m="38410" /><G109/><T30/><D46/><U19/><E3/><V82/><F100/><W80/><G80/><T14/><D60/><U124/><E124/><V110/><F110/><W28/><G21/><T97/><REACH who="0" step="1"/><D14/><REACH who="0" ten="79,282,134,485" step="2"/><U51/><E62/><V64/><F135/><W45/><AGARI ba="2,2" hai="5,6,20,24,28,45,48,53,91,93,98" m="38410" machi="45" ten="30,2000,0" yaku="8,1,52,1" doraHai="50" who="3" fromWho="3" sc="79,-7,282,-12,134,-7,485,46" /><INIT seed="6,0,0,2,1,94" ten="72,270,127,531" oya="2" hai0="57,123,31,77,124,59,44,98,21,43,3,110,2" hai1="33,85,22,99,120,80,0,75,131,108,127,23,111" hai2="104,65,15,56,45,84,97,18,37,64,79,100,35" hai3="69,106,32,74,60,63,48,135,125,40,6,41,88"/><V96/><F35/><W27/><G106/><T24/><D123/><U126/><E0/><V26/><F26/><W113/><G74/><T11/><D110/><N who="1" m="42027" /><E33/><V46/><F37/><W16/><G113/><T62/><D124/><N who="1" m="47659" /><E22/><N who="2" m="11615" /><F100/><W66/><G135/><T90/><D77/><N who="1" m="46223" /><E23/><V13/><F13/><W119/><G119/><T1/><D11/><U14/><E14/><V116/><F116/><W34/><G125/><T91/><D90/><U95/><E131/><V129/><F104/><W9/><G63/><T68/><D62/><U132/><E132/><V83/><F129/><W105/><G105/><T109/><D109/><U93/><E120/><V89/><F79/><W17/><G48/><T4/><D4/><U118/><E118/><V107/><F107/><W38/><G38/><T78/><D78/><U72/><E95/><V71/><F71/><W8/><G32/><T82/><D68/><U101/><AGARI ba="0,0" hai="72,75,93,99,101" m="46223,47659,42027" machi="101" ten="30,7900,0" yaku="18,1,34,2,52,1" doraHai="94" who="1" fromWho="1" sc="72,-20,270,79,127,-39,531,-20" /><INIT seed="7,0,0,4,4,86" ten="52,349,88,511" oya="3" hai0="13,132,89,133,100,14,121,69,24,20,78,58,59" hai1="16,107,26,98,119,37,96,50,116,47,55,57,94" hai2="92,131,75,73,62,66,83,108,17,97,22,42,29" hai3="41,68,48,45,32,61,38,103,19,76,104,91,52"/><W3/><G32/><T54/><D121/><U60/><E107/><V49/><F108/><W4/><G76/><T130/><D69/><U90/><E37/><V56/><F83/><W64/><G4/><T5/><D78/><U102/><E119/><V44/><F29/><W65/><G3/><T129/><D100/><U113/><E116/><V80/><F80/><W95/><G64/><T23/><D5/><U85/><E113/><V28/><F131/><N who="0" m="50186" /><D24/><U115/><E115/><V125/><F28/><W36/><G36/><T79/><D79/><U122/><E122/><V110/><F125/><W11/><G103/><T35/><D35/><U127/><E127/><V101/><F110/><W93/><G104/><T71/><D71/><U84/><E98/><V126/><F126/><W46/><G95/><T25/><D25/><AGARI ba="0,0" hai="17,22,25,42,44,49,56,62,66,73,75,92,97,101" machi="25" ten="30,1000,0" yaku="7,1" doraHai="86" who="2" fromWho="0" sc="52,-10,349,0,88,10,511,0" owari="42,-46.0,349,15.0,98,-30.0,511,61.0" /></mjloggm>