<mjloggm ver="2.3"><GO type="169" lobby="0"/><UN n0="%64%75%72%72%72%72%72" n1="%E3%83%88%E3%83%88%E3%83%AA%E5%85%88%E7%94%9F%31%39%E6%AD%B3" n2="%54%65%72%65%73%61%33%39" n3="%73%6F%64%6F%72" dan="18,18,16,16" rate="2247.47,2178.91,2056.99,2074.86" sx="M,F,M,M"/><TAIKYOKU oya="0"/><INIT seed="0,0,0,4,1,80" ten="250,250,250,250" oya="0" hai0="72,89,38,26,19,14,69,97,115,129,75,131,58" hai1="45,127,67,2,31,8,98,29,68,51,22,134,60" hai2="102,9,49,88,40,132,10,93,46,42,61,83,123" hai3="86,125,1,37,107,62,7,11,5,17,90,36,118"/><T57/><D69/><U24/><E134/><V28/><F123/><W81/><G118/><T23/><D38/><U108/><E108/><V64/><F132/><W120/><G120/><T53/><D115/><U135/><E135/><V21/><F102/><W111/><G111/><T39/><D39/><U33/><E127/><V92/><F42/><W103/><G125/><T116/><D58/><U133/><E133/><V52/><F40/><W113/><G113/><T12/><D12/><U55/><E2/><V76/><F21/><W32/><G32/><T119/><D14/><U114/><E8/><V82/><F28/><W54/><G7/><T4/><D4/><U59/><E114/><V112/><F112/><W71/><G17/><T44/><D44/><U91/><E33/><V30/><F30/><W99/><REACH who="3" step="1"/><G54/><REACH who="3" ten="250,250,250,240" step="2"/><T43/><D119/><U79/><E29/><V128/><F52/><W104/><G104/><T100/><D116/><U124/><E124/><V47/><F76/><W15/><G15/><T27/><D27/><U63/><E79/><V25/><F25/><W96/><G96/><T66/><D43/><U48/><E98/><V121/><F121/><W87/><G87/><T18/><D18/><U95/><E31/><V101/><F64/><AGARI ba="0,1" hai="1,5,11,36,37,62,64,71,81,86,90,99,103,107" machi="64" ten="40,2600,0" yaku="1,1,52,1,53,0" doraHai="80" doraHaiUra="126" who="3" fromWho="2" sc="250,0,250,0,250,-26,240,36" /><INIT seed="1,0,0,0,5,20" ten="250,250,224,276" oya="1" hai0="59,21,108,106,107,72,24,78,35,123,112,113,25" hai1="4,41,10,81,128,115,3,109,63,87,0,101,13" hai2="39,69,95,77,75,29,62,120,104,28,68,8,47" hai3="86,17,122,82,48,121,94,56,6,84,38,100,118"/><U34/><E115/><V1/><F104/><W93/><G38/><T114/><D108/><U2/><E34/><V50/><F120/><W32/><G32/><T42/><D123/><U129/><E109/><V22/><F95/><W58/><G6/><T52/><D42/><U43/><E101/><V83/><F50/><W103/><G48/><T53/><D53/><U79/><REACH who="1" step="1"/><E63/><REACH who="1" ten="250,240,224,276" step="2"/><V11/><F62/><W26/><G122/><T134/><D113/><U66/><E66/><V71/><F22/><W45/><G121/><T91/><D21/><U27/><E27/><V23/><F23/><W111/><G111/><T98/><D24/><U110/><E110/><V36/><F11/><W74/><G103/><T30/><D25/><U70/><E70/><V31/><F68/><W51/><G26/><T55/><D35/><U61/><E61/><V135/><F69/><W60/><G60/><T117/><D114/><U92/><E92/><V73/><F71/><W116/><G100/><T64/><D64/><U89/><E89/><V132/><F8/><W49/><G94/><T125/><D107/><U126/><E126/><V54/><F77/><W90/><G93/><T7/><D78/><U80/><E80/><V127/><F83/><W14/><G90/><T99/><D106/><U67/><E67/><V37/><F127/><W18/><G82/><T15/><D91/><U12/><E12/><V88/><F88/><W65/><G14/><T40/><D15/><U130/><AGARI ba="0,1" hai="0,2,3,4,10,13,41,43,79,81,87,128,129,130" machi="130" ten="40,7800,0" yaku="1,1,0,1,19,1,53,0" doraHai="20" doraHaiUra="96" who="1" fromWho="1" sc="250,-26,240,88,224,-26,276,-26" /><INIT seed="1,1,0,1,3,125" ten="224,328,198,250" oya="1" hai0="81,79,55,135,38,108,57,63,124,69,18,27,34" hai1="25,49,40,102,112,128,113,2,20,35,21,111,68" hai2="8,114,14,93,134,33,64,103,87,77,12,101,91" hai3="90,37,100,4,127,16,58,41,130,107,96,54,84"/><U66/><E2/><V126/><F33/><W61/><G4/><T59/><D124/><U132/><E102/><V30/><F126/><W115/><G127/><T74/><D69/><U95/><E95/><V48/><F134/><W22/><G115/><N who="1" m="44106" /><E49/><V83/><F114/><W46/><G130/><T117/><D38/><U13/><E40/><V67/><F30/><W76/><G76/><T3/><D3/><U51/><E51/><V6/><F48/><W36/><G36/><T71/><D108/><U78/><E78/><V26/><F26/><W32/><G32/><T19/><D71/><U5/><E66/><N who="2" m="25131" /><F14/><W133/><G133/><T62/><D117/><U56/><E56/><V94/><F94/><W129/><G129/><T122/><D122/><U1/><E68/><V104/><F104/><W120/><G120/><T121/><D135/><U119/><E132/><V0/><F0/><W24/><G84/><AGARI ba="1,0" hai="6,8,12,77,83,84,87,91,93,101,103" m="25131" machi="84" ten="30,1000,0" yaku="8,1" doraHai="125" who="2" fromWho="3" sc="224,0,328,0,198,13,250,-13" /><INIT seed="2,0,0,0,0,3" ten="224,328,211,237" oya="2" hai0="62,41,97,1,25,27,12,47,43,113,22,70,124" hai1="79,17,48,9,33,24,23,32,86,34,95,73,82" hai2="72,58,71,128,7,5,121,45,67,94,127,2,119" hai3="134,104,68,117,54,0,122,100,105,92,80,46,66"/><V63/><F121/><W75/><G122/><T39/><D1/><U69/><E69/><V57/><F119/><W110/><G117/><T50/><D113/><U83/><E95/><V109/><F72/><W40/><G0/><T116/><D116/><U13/><E48/><V61/><F128/><W88/><G54/><T16/><D124/><U37/><E37/><V29/><F127/><W44/><G110/><T74/><D74/><U14/><REACH who="1" step="1"/><E9/><REACH who="1" ten="224,318,211,237" step="2"/><V114/><F71/><W76/><G68/><T64/><D41/><U15/><E15/><V133/><F94/><W108/><G108/><T77/><D77/><AGARI ba="0,1" hai="13,14,17,23,24,32,33,34,73,77,79,82,83,86" machi="77" ten="40,1300,0" yaku="1,1,53,0" doraHai="3" doraHaiUra="131" who="1" fromWho="0" sc="224,-13,318,23,211,0,237,0" /><INIT seed="3,0,0,3,2,95" ten="211,341,211,237" oya="3" hai0="48,22,80,32,108,44,131,66,28,31,58,68,84" hai1="116,43,7,2,24,117,97,125,16,86,121,87,70" hai2="98,15,49,134,83,41,52,62,40,99,115,39,85" hai3="33,35,50,0,100,129,128,26,72,46,107,120,55"/><W101/><G72/><T37/><D32/><U27/><E70/><V61/><F115/><W65/><G0/><T23/><D37/><U122/><E43/><N who="2" m="16459" /><F39/><W119/><G119/><T79/><D68/><U132/><E132/><V127/><F134/><W96/><G101/><T78/><D78/><U4/><E2/><V91/><F127/><W12/><G120/><T5/><D5/><U113/><E125/><V6/><F6/><W93/><G65/><T30/><D108/><U114/><E16/><V90/><F15/><W17/><G107/><T130/><D44/><U112/><E112/><V29/><F29/><W56/><G46/><T51/><D66/><U135/><E135/><V88/><F62/><W38/><G38/><T18/><D22/><U9/><REACH who="1" step="1"/><E97/><REACH who="1" ten="211,331,211,237" step="2"/><N who="2" m="36875" /><F61/><W73/><G26/><T126/><D126/><U111/><E111/><V1/><F1/><W105/><G105/><T75/><D18/><U76/><E76/><V82/><F85/><W8/><REACH who="3" step="1"/><G73/><REACH who="3" ten="211,331,211,227" step="2"/><T109/><D109/><U64/><E64/><V13/><F13/><W89/><G89/><T47/><D75/><U106/><E106/><V59/><AGARI ba="0,2" hai="49,52,59,82,83,88,90,91" m="36875,16459" machi="59" ten="30,12000,2" yaku="8,1,52,3,54,2" doraHai="95" who="2" fromWho="2" sc="211,-30,331,-30,211,140,227,-60" /><INIT seed="4,0,0,1,3,34" ten="181,301,351,167" oya="0" hai0="21,33,112,81,113,123,83,2,104,56,93,49,82" hai1="118,130,44,59,8,101,95,68,111,105,80,32,88" hai2="62,53,76,132,29,48,23,134,25,85,122,61,102" hai3="41,75,9,42,54,64,120,37,125,74,39,5,115"/><T63/><D104/><U16/><E111/><V67/><F122/><W31/><G120/><T71/><D33/><U52/><E118/><V13/><F102/><W43/><G64/><T116/><D123/><U35/><E68/><V84/><F13/><W65/><G65/><T91/><D71/><U73/><E130/><V45/><F76/><W17/><G31/><T24/><D49/><N who="1" m="28711" /><E59/><V19/><F29/><W106/><G106/><T127/><D2/><U96/><E95/><V51/><F48/><W78/><G17/><N who="0" m="12335" /><D127/><U50/><E50/><V97/><F97/><W40/><G125/><T89/><D116/><U66/><E66/><V126/><F126/><W28/><G39/><T10/><D10/><U131/><E73/><V30/><F30/><W47/><G75/><T77/><D77/><U110/><E131/><V129/><F129/><W119/><G74/><T117/><D117/><U55/><E55/><V12/><F25/><W98/><G119/><T27/><D27/><U70/><E70/><N who="2" m="42351" /><F62/><W135/><G37/><T124/><D124/><U22/><E22/><V87/><F134/><W18/><G135/><T133/><D133/><U36/><E36/><V90/><F132/><W107/><G107/><T20/><D20/><U128/><E110/><V100/><F100/><W121/><G121/><T38/><D38/><U7/><E128/><V14/><F14/><W86/><G43/><T3/><D3/><U69/><E69/><V114/><F90/><N who="0" m="34314" /><D93/><U103/><E103/><V99/><F99/><W46/><G98/><T26/><D26/><U109/><E109/><V6/><F6/><RYUUKYOKU ba="0,0" sc="181,15,301,-15,351,15,167,-15" hai0="56,63,81,82,83,112,113" hai2="12,19,23,45,51,53,84,85,87,114" /><INIT seed="4,1,0,0,2,19" ten="196,286,366,152" oya="0" hai0="125,53,44,57,120,115,20,108,113,51,126,36,49" hai1="95,46,22,87,38,64,65,48,102,17,131,127,99" hai2="26,134,100,61,104,9,69,47,110,45,12,81,25" hai3="68,75,77,105,10,43,6,54,114,59,14,119,80"/><T86/><D86/><U50/><E131/><V56/><F110/><W94/><G119/><T60/><D20/><U89/><E127/><N who="0" m="48649" /><D108/><U58/><E38/><V15/><F69/><W35/><G35/><T122/><D51/><U0/><E0/><V117/><F117/><W83/><G68/><T88/><D88/><N who="1" m="55783" /><E58/><V1/><F1/><W8/><G105/><T13/><D13/><N who="2" m="5194" /><F104/><W123/><G123/><N who="0" m="47147" /><D36/><U63/><E102/><V132/><F9/><W130/><G130/><T112/><D113/><U62/><E62/><V66/><F100/><W116/><G114/><T96/><D96/><U97/><E97/><V85/><F132/><W11/><G116/><T24/><D24/><N who="2" m="9322" /><F134/><W111/><G111/><T73/><D73/><U70/><E63/><V40/><F40/><AGARI ba="1,0" hai="40,44,49,53,57,60,112,115" m="47147,48649" machi="40" ten="30,5800,0" yaku="18,1,34,2" doraHai="19" who="0" fromWho="2" sc="196,61,286,0,366,-61,152,0" /><INIT seed="4,2,0,1,5,107" ten="257,286,305,152" oya="0" hai0="48,81,72,112,42,25,60,67,66,47,87,96,5" hai1="98,114,110,129,46,128,32,119,14,3,76,103,125" hai2="122,9,37,86,90,10,26,30,6,34,50,21,54" hai3="111,45,38,33,100,95,133,91,56,53,108,44,35"/><T127/><D112/><U70/><E119/><V23/><F122/><W118/><G118/><T126/><D96/><U41/><E110/><V52/><F37/><W104/><G111/><T51/><D5/><U106/><E3/><V19/><F34/><W79/><G108/><T109/><D109/><U59/><E70/><V80/><F6/><W62/><G133/><T31/><D48/><U0/><E32/><V71/><F71/><W29/><G79/><N who="0" m="44263" /><D60/><U68/><E68/><V13/><REACH who="2" step="1"/><F54/><REACH who="2" ten="257,286,295,152" step="2"/><W43/><G35/><N who="0" m="20975" /><D87/><U49/><E129/><V88/><F88/><W24/><G38/><T20/><D20/><U134/><E128/><V102/><F102/><W92/><G43/><T78/><D78/><U2/><E76/><V17/><F17/><W57/><G100/><T93/><D67/><U8/><E103/><V97/><F97/><W130/><G130/><T101/><D66/><U117/><E98/><V69/><F69/><W1/><G91/><T135/><D135/><U58/><E134/><V131/><F131/><W82/><G33/><T84/><D101/><U116/><E117/><V113/><F113/><W89/><G89/><N who="0" m="53415" /><D127/><U105/><E125/><V85/><F85/><W36/><G36/><T40/><D126/><U120/><E114/><V18/><F18/><W63/><G53/><T123/><D123/><U15/><E116/><V77/><F77/><W28/><G28/><T74/><D40/><U83/><E120/><V75/><F75/><W11/><G29/><T27/><D74/><U115/><E41/><V22/><F22/><W99/><G99/><T61/><D27/><RYUUKYOKU ba="2,1" sc="257,15,286,-15,295,15,152,-15" hai0="42,47,51,61" hai2="9,10,13,19,21,23,26,30,50,52,80,86,90" /><INIT seed="4,3,1,3,1,55" ten="272,271,310,137" oya="0" hai0="57,113,128,7,114,0,99,6,30,3,4,80,112" hai1="17,77,93,16,59,131,116,38,70,5,83,78,60" hai2="120,47,76,69,40,67,95,86,87,94,43,122,130" hai3="41,118,34,108,50,18,24,96,89,104,129,8,111"/><T85/><D99/><U73/><E116/><V62/><F130/><W115/><G118/><T27/><D57/><U42/><E70/><V135/><F135/><W82/><G129/><T127/><D128/><U29/><E131/><V75/><F75/><W79/><G115/><T36/><D36/><U20/><E77/><V84/><F76/><W21/><G41/><T33/><REACH who="0" step="1"/><D127/><REACH who="0" ten="262,271,310,137" step="2"/><U1/><E38/><V91/><F120/><W98/><G96/><T9/><D9/><U71/><E59/><V53/><F122/><W110/><G98/><T52/><D52/><U51/><E42/><V119/><F43/><W48/><G104/><T97/><D97/><U22/><E71/><V23/><F53/><W45/><G8/><T65/><D65/><U124/><E124/><V109/><F40/><W125/><G125/><T2/><D2/><U56/><E1/><V15/><F67/><W103/><G103/><T100/><D100/><U102/><E102/><V121/><F69/><W26/><G111/><T19/><D19/><U44/><E17/><V106/><F109/><W31/><G108/><T63/><D63/><U107/><E107/><V10/><F62/><W88/><G110/><T90/><AGARI ba="3,2" hai="0,3,4,6,7,27,30,33,80,85,90,112,113,114" machi="90" ten="40,7800,0" yaku="1,1,0,1,15,1,53,0" doraHai="55" doraHaiUra="12" who="0" fromWho="0" sc="262,107,271,-29,310,-29,137,-29" /><INIT seed="4,4,0,3,1,14" ten="369,242,281,108" oya="0" hai0="69,3,53,93,47,33,127,90,7,4,129,88,45" hai1="36,59,66,65,111,94,32,96,42,5,8,70,1" hai2="132,100,73,91,30,19,85,10,39,52,81,9,64" hai3="126,35,17,80,76,114,123,29,22,40,118,61,116"/><T13/><D33/><U31/><E111/><V92/><F39/><W122/><G40/><T110/><D69/><U113/><E70/><V37/><F37/><W60/><G114/><T83/><D3/><U106/><E106/><V75/><F132/><W84/><G126/><T79/><D127/><U58/><E113/><V125/><F125/><W21/><G35/><T49/><D110/><U82/><E32/><V6/><F64/><W101/><G101/><T103/><D129/><U124/><E31/><V134/><F134/><W46/><G46/><T15/><D45/><U62/><E124/><V72/><F30/><W44/><G44/><T12/><D103/><U26/><E26/><V133/><F133/><W87/><G29/><T28/><D28/><U56/><E42/><V135/><F135/><W115/><G115/><T105/><D105/><U25/><E36/><V43/><F43/><W108/><G108/><T50/><D50/><U77/><E25/><V54/><F19/><W74/><G74/><T27/><D27/><U38/><E65/><V109/><F109/><W112/><G112/><T89/><REACH who="0" step="1"/><D93/><REACH who="0" ten="359,242,281,108" step="2"/><U18/><E38/><V130/><F130/><W120/><G120/><T63/><D63/><U117/><E59/><V97/><REACH who="2" step="1"/><F9/><REACH who="2" ten="359,242,271,108" step="2"/><W24/><G123/><T107/><D107/><U41/><E8/><V51/><F51/><W86/><G122/><T119/><D119/><U121/><E117/><V102/><F102/><W20/><G118/><T68/><D68/><U128/><E121/><V48/><F48/><W23/><G116/><T2/><D2/><AGARI ba="4,2" hai="2,6,10,52,54,72,73,75,81,85,91,92,97,100" machi="2" ten="40,5200,0" yaku="1,1,54,1,53,1" doraHai="14" doraHaiUra="34" who="2" fromWho="0" sc="359,-64,242,0,271,84,108,0" /><INIT seed="5,0,0,4,1,29" ten="295,242,355,108" oya="1" hai0="121,2,106,69,62,107,120,33,135,53,34,88,100" hai1="1,104,12,81,128,41,20,7,57,91,39,37,3" hai2="64,96,101,98,90,27,110,115,66,25,36,58,132" hai3="84,70,30,122,40,46,119,48,126,77,50,4,85"/><U65/><E104/><N who="0" m="39977" /><D100/><U59/><E128/><V117/><F110/><W31/><G70/><T111/><D2/><U95/><E81/><V45/><F117/><W47/><G122/><N who="0" m="47211" /><D111/><U18/><E41/><V0/><F0/><W56/><G119/><T83/><D135/><U44/><E1/><V134/><F115/><W63/><G126/><T11/><D11/><U52/><E44/><V124/><F45/><W9/><G31/><T23/><D23/><U73/><E73/><V93/><F124/><W14/><G30/><T131/><D131/><U5/><E59/><V97/><F58/><W82/><G85/><N who="0" m="50239" /><D53/><U26/><E65/><AGARI ba="0,0" hai="33,34,62,65,69" m="50239,47211,39977" machi="65" ten="30,7700,0" yaku="13,1,52,2,54,1" doraHai="29" who="0" fromWho="1" sc="295,77,242,-77,355,0,108,0" /><INIT seed="6,0,0,2,0,95" ten="372,165,355,108" oya="2" hai0="17,26,105,60,44,108,4,113,57,91,84,101,58" hai1="42,125,86,56,119,85,61,28,6,128,27,70,96" hai2="94,50,14,35,13,62,20,122,98,10,110,117,69" hai3="107,37,109,52,131,19,121,115,66,120,114,5,133"/><V46/><F117/><W32/><G107/><T30/><D108/><U102/><E119/><V116/><F116/><W93/><G109/><T100/><D113/><N who="3" m="43017" /><G32/><T25/><D4/><U21/><E128/><V45/><F110/><W18/><G37/><T40/><D17/><N who="3" m="6153" /><G131/><T103/><D105/><U2/><E70/><V88/><F122/><W41/><G41/><T63/><D63/><U48/><E125/><V87/><F35/><W39/><G39/><T134/><D134/><U92/><E2/><V124/><F124/><W34/><G34/><T89/><D60/><U0/><E0/><V55/><F20/><W24/><G24/><T29/><D40/><U22/><E22/><V65/><F45/><W11/><G133/><T31/><D44/><N who="1" m="25623" /><E6/><V3/><F3/><N who="3" m="447" /><G66/><AGARI ba="0,0" hai="21,27,28,56,61,66,85,86,92,96,102" m="25623" machi="66" ten="30,3900,0" yaku="25,1,8,1,52,1" doraHai="95" who="1" fromWho="3" sc="372,0,165,39,355,0,108,-39" /><INIT seed="7,0,0,0,4,2" ten="372,204,355,69" oya="3" hai0="49,101,78,104,83,77,79,85,28,60,15,0,39" hai1="102,57,131,100,112,69,74,20,65,58,19,9,30" hai2="48,61,42,93,125,84,25,121,14,134,108,43,92" hai3="35,26,33,89,67,24,95,75,50,13,76,64,117"/><W132/><G117/><T126/><D39/><U116/><E74/><V127/><F108/><W68/><G68/><T109/><D0/><U36/><E36/><V16/><F134/><W88/><G132/><T12/><D109/><U96/><E116/><V29/><F121/><W4/><G35/><T113/><D28/><U1/><E30/><V7/><F7/><W53/><G75/><T115/><D49/><U45/><E112/><N who="0" m="43081" /><D60/><U54/><E131/><V6/><F6/><W51/><G76/><N who="0" m="46311" /><D126/><N who="2" m="48138" /><F61/><W122/><G122/><T52/><D52/><U106/><E100/><V59/><F59/><N who="3" m="33215" /><G50/><T47/><D47/><U11/><E1/><V107/><F107/><W70/><G33/><T46/><D46/><U5/><E45/><N who="2" m="25655" /><F43/><W133/><G133/><T81/><D81/><U129/><E69/><V62/><F62/><W40/><G40/><T120/><D120/><U123/><E123/><V86/><F92/><W31/><G31/><T32/><D32/><U27/><E106/><V41/><F41/><W17/><G70/><T97/><AGARI ba="0,0" hai="12,15,77,78,79,97,101,104" m="46311,43081" machi="97" ten="40,2700,0" yaku="15,1,11,1" doraHai="2" who="0" fromWho="0" sc="372,27,204,-7,355,-7,69,-13" owari="399,49.0,197,-20.0,348,15.0,56,-44.0" /></mjloggm>