<mjloggm ver="2.3"><GO type="97" lobby="0"/><UN n0="%E5%B0%B1%E6%B4%BB%E7%94%9F%40%E5%B7%9D%E6%9D%91%E8%BB%8D%E5%9B%A3" n1="%E5%AD%90%E4%BE%9B%E3%81%98%E3%82%83%E3%81%AA%E3%81%84%E8%A1%A3%E3%81%A0" n2="%E3%82%AA%E3%82%BB%E3%83%AD%E3%83%83%E3%83%88" n3="%E6%9F%B3%E3%81%AB%E7%95%AA%E5%82%98" dan="14,14,13,16" rate="1943.47,1965.73,1863.10,1987.38" sx="M,M,M,M"/><TAIKYOKU oya="0"/><INIT seed="0,0,0,4,2,55" ten="250,250,250,250" oya="0" hai0="101,45,40,29,17,9,11,81,53,130,52,59,51" hai1="13,4,38,72,103,76,116,30,27,48,56,100,71" hai2="102,70,47,119,68,26,92,18,114,21,124,5,85" hai3="24,19,80,122,69,120,131,121,123,134,64,16,133"/><T23/><D130/><U39/><E116/><V28/><F114/><W129/><N who="3" m="31232" /><DORA hai="12" /><W8/><G80/><T79/><D29/><U128/><E71/><V1/><F119/><W61/><G24/><N who="0" m="14447" /><D101/><U42/><E128/><N who="3" m="49226" /><G8/><N who="0" m="3147" /><D59/><U34/><E76/><V67/><F67/><W0/><G0/><T14/><D14/><U31/><E72/><V49/><F124/><W46/><G46/><T104/><D104/><U32/><E39/><V89/><F102/><W105/><G105/><T87/><AGARI ba="0,0" hai="40,45,51,52,53,79,81,87" m="3147,14447" machi="87" ten="30,6000,0" yaku="8,1,52,1,54,1" doraHai="55,12" who="0" fromWho="0" sc="250,60,250,-20,250,-20,250,-20" /><INIT seed="0,1,0,3,1,68" ten="310,230,230,230" oya="0" hai0="64,57,99,110,135,67,84,70,131,114,85,62,26" hai1="125,1,43,96,88,87,40,108,102,82,58,7,29" hai2="97,90,119,107,59,61,15,69,117,71,95,16,53" hai3="6,89,74,34,22,45,9,13,56,2,73,47,42"/><T54/><D114/><U41/><E125/><V86/><F107/><W23/><G34/><T24/><D131/><U105/><E108/><V109/><F109/><W31/><G45/><T11/><D110/><U79/><E29/><V128/><F128/><W104/><G104/><T100/><D135/><U134/><E134/><V12/><F12/><W116/><G116/><N who="2" m="44617" /><F97/><W33/><G56/><T113/><D113/><U101/><E101/><V106/><F106/><W127/><G127/><T115/><D115/><U0/><E7/><V36/><F36/><W81/><G13/><T91/><D11/><AGARI ba="1,0" hai="11,15,16,53,59,61,69,71,86,90,95" m="44617" machi="11" ten="30,2000,0" yaku="12,1,54,1" doraHai="68" who="2" fromWho="0" sc="310,-23,230,0,230,23,230,0" /><INIT seed="1,0,0,2,2,68" ten="287,230,253,230" oya="1" hai0="39,50,38,30,9,96,130,134,31,15,109,116,11" hai1="19,119,57,127,110,76,81,72,117,44,124,79,70" hai2="54,123,77,62,126,53,23,0,47,32,104,129,115" hai3="6,8,35,40,107,78,89,93,25,71,102,103,13"/><U74/><E70/><V85/><F123/><W122/><G122/><T118/><D130/><U10/><E44/><V21/><F32/><W63/><G78/><T113/><D113/><U55/><E10/><V49/><F104/><W120/><G120/><T67/><D134/><U51/><E19/><V56/><F0/><W105/><G40/><T94/><D67/><U82/><REACH who="1" step="1"/><E110/><REACH who="1" ten="287,220,253,230" step="2"/><V46/><F47/><W65/><G8/><T69/><D109/><U75/><E75/><V42/><F46/><W108/><G71/><T87/><D69/><U114/><E114/><V84/><F115/><W14/><G108/><T20/><D11/><U2/><E2/><V33/><F126/><AGARI ba="0,1" hai="51,55,57,72,74,76,79,81,82,117,119,124,126,127" machi="126" ten="40,7700,0" yaku="1,1,9,1,18,1,53,0" doraHai="68" doraHaiUra="3" who="1" fromWho="2" sc="287,0,220,87,253,-77,230,0" /><INIT seed="1,1,0,5,3,73" ten="287,307,176,230" oya="1" hai0="111,96,80,128,81,94,46,58,49,53,56,6,5" hai1="66,62,12,121,109,130,102,77,64,60,52,104,99" hai2="37,91,11,95,124,71,70,30,54,105,117,85,112" hai3="61,25,92,1,122,24,88,41,28,126,18,90,119"/><U115/><E115/><V108/><F117/><W59/><G122/><T8/><D128/><U50/><E121/><V47/><F112/><W55/><G1/><T19/><D111/><U76/><E109/><V78/><F108/><W68/><G68/><T9/><D19/><U48/><E130/><V35/><F105/><W22/><G119/><T83/><D8/><U3/><E3/><V114/><F114/><W45/><G126/><T100/><REACH who="0" step="1"/><D6/><REACH who="0" ten="277,307,176,230" step="2"/><U16/><E77/><V51/><F11/><W57/><G57/><T20/><D20/><U113/><E113/><V134/><F124/><W82/><G18/><T36/><D36/><U116/><E116/><V34/><F37/><W107/><G22/><T79/><D79/><U13/><E76/><V103/><F78/><W65/><G28/><T123/><D123/><U17/><E17/><V75/><F30/><W10/><G10/><T135/><D135/><U21/><E13/><AGARI ba="1,1" hai="5,9,13,46,49,53,56,58,80,81,83,94,96,100" machi="13" ten="40,5200,0" yaku="1,1,8,1,53,1" doraHai="73" doraHaiUra="4" who="0" fromWho="1" sc="277,65,307,-55,176,0,230,0" /><INIT seed="2,0,0,2,4,78" ten="342,252,176,230" oya="2" hai0="111,119,49,72,87,99,29,25,120,70,104,132,9" hai1="6,46,28,57,113,63,15,108,85,11,4,7,86" hai2="19,66,68,81,95,2,18,3,75,36,121,84,24" hai3="117,33,125,44,101,89,131,13,124,129,20,79,135"/><V73/><F121/><W74/><G33/><T133/><D120/><U43/><E113/><V26/><F36/><W67/><G117/><T22/><D70/><U12/><E108/><V91/><F2/><W54/><G101/><T61/><D72/><U48/><E28/><V42/><F3/><W30/><G67/><T123/><D123/><U128/><E128/><N who="3" m="49226" /><G89/><T82/><D111/><U122/><E122/><V51/><F66/><W55/><G55/><T90/><D119/><U60/><E60/><V41/><F68/><W98/><G98/><T109/><D109/><U83/><E85/><N who="2" m="52719" /><F73/><W102/><G102/><N who="0" m="62559" /><D49/><U106/><E15/><V100/><F100/><W92/><G13/><T21/><D61/><U52/><E106/><V38/><F38/><W56/><G74/><T118/><D9/><U45/><E45/><N who="2" m="26031" /><F75/><W94/><G44/><T34/><D118/><U93/><E93/><V130/><F130/><W65/><G92/><T10/><D10/><U114/><E114/><V5/><F5/><W17/><G94/><T31/><D31/><U8/><E11/><V16/><F42/><W40/><G40/><T39/><D39/><U115/><E115/><V80/><F80/><W47/><G65/><T0/><D0/><U88/><AGARI ba="0,0" hai="4,6,7,8,12,43,46,48,52,57,63,83,86,88" machi="88" ten="20,12000,2" yaku="0,1,7,1,8,1,52,1,54,2" doraHai="78" who="1" fromWho="1" sc="342,-30,252,120,176,-60,230,-30" /><INIT seed="3,0,0,0,1,86" ten="312,372,116,200" oya="3" hai0="77,128,55,48,118,135,24,13,82,37,76,108,27" hai1="122,91,97,45,79,63,104,124,40,56,52,29,64" hai2="78,94,110,23,105,73,132,11,83,17,120,126,41" hai3="113,15,6,7,5,127,1,44,123,121,87,20,98"/><W65/><G113/><T70/><D37/><U12/><E122/><V69/><F120/><W26/><G1/><T34/><D118/><U32/><E124/><V35/><F35/><W81/><G127/><T22/><D70/><U96/><E79/><V38/><F126/><W107/><G15/><T72/><D108/><U57/><E12/><V80/><F110/><W59/><G44/><T111/><D111/><U47/><E29/><V58/><F69/><W66/><G107/><T42/><D77/><U71/><E32/><V116/><F105/><W115/><G115/><T84/><D72/><U4/><E4/><V109/><F109/><W36/><G36/><T67/><D67/><U100/><E57/><V3/><F116/><W49/><G98/><T30/><D42/><U101/><E91/><V92/><F132/><W85/><G85/><T130/><D135/><U103/><E40/><V90/><F58/><W134/><G134/><T21/><D13/><U2/><E2/><V112/><F112/><W0/><G0/><T54/><D34/><U31/><E31/><V18/><F41/><W61/><G49/><T131/><REACH who="0" step="1"/><D48/><REACH who="0" ten="302,372,116,200" step="2"/><U28/><E71/><V9/><F38/><W53/><G121/><T50/><D50/><U95/><E104/><V68/><F68/><W25/><G123/><T8/><D8/><N who="2" m="3146" /><F3/><W119/><G119/><T19/><AGARI ba="0,1" hai="19,21,22,24,27,30,54,55,76,82,84,128,130,131" machi="19" ten="30,4000,0" yaku="1,1,0,1,19,1,53,0" doraHai="86" doraHaiUra="43" who="0" fromWho="0" sc="302,50,372,-10,116,-10,200,-20" owari="352,15.0,362,46.0,106,-39.0,180,-22.0" /></mjloggm>