<mjloggm ver="2.3"><GO type="169" lobby="0"/><UN n0="%4B%E3%80%82" n1="%E5%8F%8A%E5%B7%9D%E5%86%B0%E9%BA%97" n2="%E3%83%88%E3%83%88%E3%83%AA%E5%85%88%E7%94%9F%31%39%E6%AD%B3" n3="%46%75%6E%54%69%6D%65" dan="17,16,18,16" rate="2156.17,2100.59,2255.90,2090.46" sx="M,F,F,M"/><TAIKYOKU oya="0"/><INIT seed="0,0,0,1,4,39" ten="250,250,250,250" oya="0" hai0="109,117,28,133,42,40,108,105,59,60,113,80,81" hai1="20,82,127,69,49,44,25,132,61,72,112,53,52" hai2="120,38,75,104,70,62,12,97,118,51,73,10,33" hai3="29,92,35,17,67,54,8,65,1,101,111,14,26"/><T3/><D117/><U124/><E112/><V21/><F33/><W96/><G111/><N who="0" m="42571" /><D113/><U16/><E132/><V110/><F38/><W115/><G115/><T131/><D133/><U94/><E94/><V130/><F120/><W13/><G1/><T125/><D125/><N who="1" m="48203" /><E82/><N who="0" m="31849" /><D131/><U134/><E134/><V63/><F104/><W129/><G129/><T128/><D128/><U71/><E72/><V126/><F70/><N who="1" m="26633" /><E61/><V64/><F63/><W30/><G30/><T57/><D3/><U41/><AGARI ba="0,0" hai="16,20,25,41,44,49,52,53" m="26633,48203" machi="41" ten="30,7900,0" yaku="18,1,52,1,54,2" doraHai="39" who="1" fromWho="1" sc="250,-39,250,79,250,-20,250,-20" /><INIT seed="1,0,0,3,4,57" ten="211,329,230,230" oya="1" hai0="91,0,127,68,26,103,22,84,67,42,16,122,46" hai1="35,61,65,96,9,38,72,4,40,114,73,51,47" hai2="130,20,74,76,24,59,27,2,85,129,7,66,8" hai3="86,15,12,115,43,94,108,113,62,14,48,87,39"/><U89/><E114/><V131/><F74/><W118/><G39/><T78/><D127/><U30/><E38/><V117/><F117/><W128/><G108/><T112/><D112/><U19/><E19/><V110/><F110/><W132/><G132/><T104/><D122/><U53/><E40/><V75/><F75/><W37/><G37/><T54/><D0/><U133/><E133/><V109/><F109/><W95/><G128/><T90/><D54/><U105/><E89/><V82/><REACH who="2" step="1"/><F20/><REACH who="2" ten="211,329,220,230" step="2"/><W50/><G118/><T58/><D68/><U28/><E73/><V71/><F71/><W1/><G115/><T70/><D70/><U92/><E72/><V81/><F81/><W99/><G113/><T36/><D104/><U49/><E105/><V33/><F33/><W83/><G83/><T63/><D103/><N who="1" m="60807" /><E35/><V107/><F107/><W125/><G125/><T123/><D123/><U119/><E119/><V79/><F79/><W23/><G23/><T13/><D78/><U56/><E49/><V98/><F98/><W11/><G50/><T34/><REACH who="0" step="1"/><D84/><REACH who="0" ten="201,329,220,230" step="2"/><U116/><E116/><V97/><F97/><W124/><G99/><T3/><D3/><U5/><E9/><V100/><F100/><W64/><G11/><T18/><D18/><U88/><E28/><AGARI ba="0,2" hai="13,16,22,26,28,34,36,42,46,58,63,67,90,91" machi="28" ten="40,5200,0" yaku="1,1,52,1,54,1,53,0" doraHai="57" doraHaiUra="77" who="0" fromWho="1" sc="201,72,329,-52,220,0,230,0" /><INIT seed="2,0,0,1,5,11" ten="273,277,220,230" oya="2" hai0="127,80,18,17,83,123,41,62,91,92,116,125,46" hai1="110,111,8,104,86,73,35,67,65,106,16,129,24" hai2="88,132,30,59,82,26,34,118,130,51,39,124,131" hai3="97,15,94,108,98,58,25,53,49,102,76,74,85"/><V112/><F112/><W44/><G108/><N who="1" m="41514" /><E73/><V33/><F39/><W126/><G126/><T38/><D123/><U14/><E129/><N who="2" m="49163" /><F118/><W71/><G71/><T12/><D116/><U119/><E119/><V95/><F124/><N who="0" m="47690" /><D62/><U90/><E35/><N who="2" m="20951" /><F82/><N who="0" m="31274" /><D12/><U128/><E24/><V84/><F132/><W3/><G3/><T5/><D5/><U81/><E128/><V64/><F51/><W6/><G74/><T52/><D52/><U72/><E72/><V7/><F7/><W78/><G25/><T48/><D38/><U21/><E8/><V10/><F10/><N who="3" m="4567" /><G85/><AGARI ba="0,0" hai="17,18,41,46,48,85,91,92" m="31274,47690" machi="85" ten="30,1000,0" yaku="18,1" doraHai="11" who="0" fromWho="3" sc="273,10,277,0,220,0,230,-10" /><INIT seed="3,0,0,4,2,92" ten="283,277,220,220" oya="3" hai0="38,87,82,2,14,4,126,31,119,74,118,120,44" hai1="121,29,59,85,45,34,127,27,47,18,77,5,36" hai2="100,52,50,46,51,13,39,114,91,104,135,129,103" hai3="106,89,101,3,80,15,123,37,48,71,125,53,131"/><W79/><G3/><T93/><D120/><U70/><E127/><V65/><F114/><W58/><G123/><T19/><D126/><U62/><E121/><V9/><F39/><W124/><G131/><T28/><D93/><U107/><E107/><V110/><F129/><W132/><G132/><T12/><D74/><U88/><E70/><V57/><F135/><W78/><G71/><T98/><D2/><U83/><E5/><V22/><F110/><W20/><G37/><T69/><D69/><U43/><E45/><V102/><F22/><W55/><G106/><T73/><D73/><U113/><E113/><V7/><F65/><W130/><G101/><T86/><D38/><U96/><E18/><V1/><F1/><W26/><G15/><T105/><D44/><U8/><E8/><V40/><F91/><W133/><G133/><T94/><D105/><U0/><E0/><V84/><F84/><N who="3" m="50311" /><G130/><T25/><D87/><U75/><E75/><V30/><F104/><W72/><G72/><T35/><D118/><U61/><E59/><V17/><REACH who="2" step="1"/><F30/><REACH who="2" ten="283,277,210,220" step="2"/><N who="3" m="17735" /><G125/><T90/><D119/><U24/><E29/><V112/><F112/><W49/><G124/><T16/><D31/><U33/><E33/><V111/><F111/><W42/><G42/><T128/><D128/><U97/><E34/><V116/><F116/><W117/><G117/><T76/><D14/><U32/><E32/><V6/><AGARI ba="0,1" hai="6,7,9,13,17,40,46,50,51,52,57,100,102,103" machi="6" ten="30,8000,1" yaku="1,1,0,1,8,1,54,1,53,1" doraHai="92" doraHaiUra="11" who="2" fromWho="2" sc="283,-20,277,-20,210,90,220,-40" /><INIT seed="4,0,0,4,5,69" ten="263,257,300,180" oya="0" hai0="116,53,7,132,40,38,99,129,1,9,33,77,42" hai1="112,72,133,71,115,88,58,95,31,47,67,48,52" hai2="55,11,117,18,3,2,14,50,24,10,43,131,80" hai3="45,66,32,90,134,6,39,21,113,12,86,17,98"/><T124/><D116/><U85/><E133/><V103/><F117/><W62/><G134/><T64/><D33/><U35/><E72/><V94/><F131/><W60/><G113/><N who="1" m="43594" /><E71/><V101/><F43/><W56/><G32/><T79/><D64/><U8/><E8/><V68/><F68/><W96/><G6/><T20/><D132/><U128/><E128/><V22/><F11/><W78/><G78/><T15/><D129/><U57/><E67/><V5/><F80/><W93/><G39/><T74/><D99/><U126/><E126/><V29/><F94/><W135/><G135/><T16/><D124/><U0/><E0/><V63/><F63/><W121/><G121/><T27/><D42/><U51/><E51/><V19/><F2/><W120/><G120/><T49/><D74/><U28/><E28/><V84/><F84/><W73/><G73/><T34/><D40/><U123/><E123/><V65/><F65/><W23/><G45/><N who="0" m="27823" /><D38/><U105/><E105/><V26/><F3/><W41/><G41/><T37/><D37/><U91/><E91/><V106/><F106/><W110/><G62/><T25/><D25/><AGARI ba="0,0" hai="25,31,35,47,48,52,57,58,85,88,95" m="43594" machi="25" ten="30,7700,0" yaku="15,1,11,1,54,2" doraHai="69" who="1" fromWho="0" sc="263,-77,257,77,300,0,180,0" /><INIT seed="5,0,0,5,1,10" ten="186,334,300,180" oya="1" hai0="82,45,111,50,117,18,49,44,79,59,8,81,62" hai1="14,64,135,17,27,7,29,103,73,66,77,3,19" hai2="98,26,115,89,84,55,24,119,90,52,70,87,63" hai3="60,88,69,16,11,114,56,42,86,21,9,92,101"/><U80/><E135/><V94/><F119/><W96/><G114/><T15/><D111/><U5/><E103/><V6/><F115/><W121/><G121/><T67/><D117/><U12/><E3/><V130/><F130/><W100/><G69/><T108/><D108/><U38/><E38/><V57/><F70/><W40/><G101/><T125/><D125/><U72/><E29/><V37/><F37/><W105/><G42/><T33/><D33/><U22/><E27/><V110/><F110/><W61/><G40/><N who="0" m="24711" /><D79/><U68/><E68/><V133/><F133/><W53/><REACH who="3" step="1"/><G61/><REACH who="3" ten="186,334,300,170" step="2"/><T36/><D36/><U123/><E123/><V129/><F129/><W13/><AGARI ba="0,1" hai="9,11,13,16,21,53,56,60,86,88,92,96,100,105" machi="13" ten="20,12000,2" yaku="1,1,2,1,0,1,7,1,52,1,54,2,53,0" doraHai="10" doraHaiUra="43" who="3" fromWho="3" sc="186,-30,334,-60,300,-30,170,130" /><INIT seed="6,0,0,0,5,75" ten="156,274,270,300" oya="2" hai0="91,15,108,125,55,95,122,69,76,67,120,19,113" hai1="116,118,34,74,17,90,103,124,5,45,27,83,93" hai2="80,23,107,101,49,99,72,32,123,131,89,78,88" hai3="104,58,135,96,87,14,43,68,73,11,8,46,60"/><V132/><F32/><W92/><G135/><T86/><D108/><U36/><E5/><V127/><F123/><W130/><G130/><T62/><D125/><U66/><E124/><V42/><F127/><W105/><G73/><T7/><D113/><U6/><E6/><V64/><F132/><W111/><G68/><T110/><D110/><U29/><E66/><V128/><F64/><W24/><G87/><T38/><D38/><U61/><E61/><V81/><F23/><W47/><G24/><T102/><D102/><U94/><E17/><V35/><F35/><W121/><G47/><T37/><D37/><U16/><E94/><V114/><F114/><W112/><G11/><T13/><D55/><U48/><E36/><V40/><F49/><W65/><G121/><T97/><D7/><U119/><E103/><V59/><F59/><W71/><G71/><T115/><D115/><U39/><E39/><V0/><F0/><W52/><G65/><T129/><D129/><N who="2" m="49738" /><F81/><W84/><G112/><T106/><D106/><U1/><E1/><V77/><F77/><W56/><G56/><T44/><D44/><U20/><E83/><V21/><F21/><W22/><G22/><T63/><D63/><U9/><E34/><V28/><F28/><W57/><G105/><T51/><D51/><U85/><E29/><V4/><F4/><N who="3" m="3335" /><G104/><T50/><D50/><U54/><E9/><V98/><F99/><W33/><G96/><T41/><D19/><U109/><E109/><V79/><F79/><W3/><G111/><T126/><D126/><U26/><E26/><V31/><F31/><RYUUKYOKU ba="0,0" sc="156,-15,274,15,270,15,300,-15" hai1="16,20,27,45,48,54,74,85,90,93,116,118,119" hai2="40,42,72,78,80,88,89,98,101,107" /><INIT seed="6,1,0,3,2,18" ten="141,289,285,285" oya="2" hai0="55,73,96,94,59,110,86,115,92,125,116,14,3" hai1="22,53,63,95,109,11,23,98,129,57,67,108,122" hai2="25,104,64,56,87,76,34,88,31,84,118,4,51" hai3="101,44,112,0,100,28,114,49,79,82,54,45,61"/><V81/><F118/><W72/><G0/><T32/><D3/><U113/><E113/><N who="3" m="43626" /><G28/><T80/><D115/><U105/><E105/><V62/><F104/><W126/><G126/><T97/><D110/><U69/><E129/><V65/><F51/><N who="3" m="29031" /><G61/><T135/><D73/><U83/><E122/><V60/><F4/><W103/><G103/><T117/><D125/><U2/><E108/><V124/><F124/><W33/><G33/><T47/><D32/><U46/><E2/><V119/><F119/><N who="0" m="45642" /><D47/><U71/><E46/><V75/><REACH who="2" step="1"/><F88/><REACH who="2" ten="141,289,275,285" step="2"/><W16/><G16/><T48/><D135/><U30/><E109/><V91/><F91/><W128/><G128/><T120/><D120/><U36/><E36/><V130/><F130/><W123/><G123/><T85/><D94/><U107/><E95/><V10/><F10/><W90/><G90/><T26/><D92/><U9/><E11/><V27/><F27/><W111/><G111/><T17/><D26/><U15/><E107/><V1/><F1/><W70/><G100/><T131/><D131/><U77/><E9/><V89/><F89/><W19/><G101/><T13/><D14/><U93/><E15/><V20/><F20/><W132/><G132/><T121/><D121/><U43/><E22/><V6/><F6/><W39/><G39/><T99/><D80/><U5/><E83/><V74/><F74/><W24/><G24/><T21/><AGARI ba="1,1" hai="13,17,21,48,55,59,85,86,96,97,99" m="45642" machi="21" ten="30,2000,0" yaku="12,1,52,1" doraHai="18" who="0" fromWho="0" sc="141,33,289,-6,275,-11,285,-6" /><INIT seed="7,0,0,0,0,127" ten="174,283,264,279" oya="3" hai0="45,14,124,69,87,128,98,117,67,52,49,74,116" hai1="72,35,102,3,79,7,63,95,93,77,130,99,80" hai2="114,28,26,135,55,113,134,78,118,44,84,97,32" hai3="81,91,54,100,120,29,107,25,21,129,59,2,36"/><W15/><G120/><T121/><D74/><U58/><E35/><V125/><F118/><W40/><G2/><T39/><D121/><U132/><E132/><N who="2" m="50731" /><F125/><W70/><G129/><T6/><D124/><U22/><E130/><V42/><F97/><W103/><G70/><T92/><D128/><U12/><E79/><V46/><F55/><W82/><G36/><T0/><D0/><U131/><E131/><V115/><F42/><W57/><G40/><T73/><D73/><U17/><E3/><V75/><F84/><W96/><G103/><T18/><D6/><U23/><E7/><V71/><F71/><W68/><G68/><T110/><D110/><U85/><E72/><V24/><F26/><W109/><G109/><T16/><D87/><U101/><E93/><V8/><F8/><W50/><G59/><T48/><D39/><U83/><E83/><AGARI ba="0,0" hai="24,28,32,44,46,75,78,83,113,114,115" m="50731" machi="83" ten="40,2600,0" yaku="15,1,20,1" doraHai="127" who="2" fromWho="1" sc="174,0,283,-26,264,26,279,0" /><INIT seed="8,0,0,2,5,61" ten="174,257,290,279" oya="0" hai0="96,84,7,132,26,97,25,123,51,128,56,131,41" hai1="76,125,8,66,35,74,69,52,9,42,71,82,22" hai2="88,106,135,116,86,85,23,113,29,103,33,21,40" hai3="1,133,94,98,99,48,64,5,2,47,62,127,24"/><T44/><D123/><U55/><E35/><V28/><F113/><W14/><G24/><T63/><D132/><U105/><E105/><V46/><F135/><W92/><G2/><T27/><D7/><U65/><E42/><V10/><F116/><W87/><G1/><T15/><D15/><U77/><E125/><V102/><F10/><W107/><G107/><T79/><D131/><U73/><E22/><N who="2" m="8203" /><F33/><W109/><G109/><T0/><D0/><U45/><E45/><V81/><F106/><W31/><G31/><N who="2" m="11849" /><F46/><W75/><G75/><T93/><D128/><U129/><E129/><V90/><F40/><W6/><G127/><T91/><REACH who="0" step="1"/><D79/><REACH who="0" ten="164,257,290,279" step="2"/><U32/><E32/><V36/><F36/><W18/><G133/><T134/><D134/><U58/><E58/><V20/><F20/><W122/><G122/><T60/><D60/><U110/><E82/><AGARI ba="0,1" hai="81,82,85,86,88,90,102,103" m="11849,8203" machi="82" ten="30,2000,0" yaku="8,1,54,1" doraHai="61" who="2" fromWho="1" sc="164,0,257,-20,290,30,279,0" owari="164,-34.0,237,-16.0,320,42.0,279,8.0" /></mjloggm>