<mjloggm ver="2.3"><GO type="169" lobby="0"/><UN n0="%E3%81%8B%E3%81%97%E3%81%8B%E3%81%8A" n1="%7A%65%72%6F%52%58" n2="%E3%82%A6%E3%83%AB%E3%83%88%E3%83%A9%E7%AB%8B%E7%9B%B4" n3="%58%E7%8C%AB" dan="16,16,17,16" rate="2120.36,2058.07,2203.71,2150.04" sx="M,M,M,M"/><TAIKYOKU oya="0"/><INIT seed="0,0,0,4,3,72" ten="250,250,250,250" oya="0" hai0="13,123,87,7,64,93,11,124,32,94,3,73,12" hai1="36,99,114,23,10,106,68,105,74,108,39,37,89" hai2="52,107,28,1,104,102,25,129,38,69,132,117,35" hai3="86,65,54,2,16,127,67,125,91,103,75,76,131"/><T134/><D123/><U53/><E68/><V128/><F52/><W27/><G2/><T59/><D73/><U111/><E74/><V58/><F58/><W71/><G103/><T57/><D32/><U45/><E114/><V95/><F95/><N who="0" m="36362" /><D3/><U41/><E53/><V17/><F102/><W130/><G54/><T49/><D134/><U92/><E10/><V33/><F17/><W44/><G44/><T4/><D124/><N who="3" m="47689" /><G91/><T50/><D87/><U96/><E23/><V34/><F25/><W120/><G120/><T56/><D64/><U46/><E99/><V40/><F28/><W90/><G90/><T55/><D55/><U83/><E83/><V63/><F1/><W51/><G51/><N who="0" m="19467" /><D11/><U15/><E15/><AGARI ba="0,0" hai="4,7,12,13,15,56,57,59" m="19467,36362" machi="15" ten="30,5800,0" yaku="28,2,8,1" doraHai="72" who="0" fromWho="1" sc="250,58,250,-58,250,0,250,0" /><INIT seed="0,1,0,1,0,126" ten="308,192,250,250" oya="0" hai0="116,39,96,34,60,106,108,1,121,82,27,5,94" hai1="93,32,24,114,35,67,120,46,11,135,9,29,113" hai2="18,122,124,25,91,37,16,15,44,129,77,71,85" hai3="48,92,98,38,105,134,132,115,125,87,6,99,3"/><T104/><D39/><U74/><E74/><V97/><F71/><W0/><G38/><T64/><D121/><U57/><E120/><V133/><F122/><W78/><G115/><N who="1" m="44042" /><E35/><V128/><F124/><W131/><G48/><T88/><D116/><U123/><E123/><V81/><F133/><W20/><G20/><T75/><D108/><U72/><E72/><V58/><F58/><W7/><G125/><T103/><D5/><U13/><E135/><V84/><F97/><W17/><G92/><T14/><D14/><U36/><E93/><V127/><F127/><W41/><G105/><T8/><D8/><U33/><E33/><V100/><F100/><W59/><G78/><T109/><D1/><U66/><E57/><V31/><F44/><W45/><G45/><T28/><D109/><U19/><E9/><V101/><F37/><W30/><G59/><T52/><D52/><U43/><AGARI ba="1,0" hai="11,13,19,24,29,32,36,43,46,66,67" m="44042" machi="43" ten="30,1100,0" yaku="11,1" doraHai="126" who="1" fromWho="1" sc="308,-6,192,14,250,-4,250,-4" /><INIT seed="1,0,0,0,3,68" ten="302,206,246,246" oya="1" hai0="96,31,64,29,119,95,87,80,26,46,134,93,4" hai1="84,90,56,10,102,20,28,130,85,6,133,110,49" hai2="120,83,98,34,123,107,77,72,1,121,41,13,79" hai3="122,12,37,57,97,19,86,16,71,62,40,103,42"/><U32/><E32/><V23/><F13/><W15/><G71/><T113/><D119/><U45/><E133/><V114/><F23/><W128/><G122/><T75/><D75/><U78/><E130/><V18/><F18/><W58/><G128/><T54/><D113/><U126/><E56/><V55/><F55/><W99/><G86/><T39/><D4/><U25/><E126/><V115/><F1/><W73/><G103/><T21/><D64/><U125/><E125/><V94/><F41/><W135/><G73/><T52/><D134/><U61/><E61/><V48/><F48/><W82/><G82/><T27/><D39/><U9/><E102/><V22/><F22/><W44/><G44/><T50/><D96/><U81/><E6/><V92/><F79/><W33/><G33/><T69/><D69/><U89/><E110/><V117/><F117/><W17/><G17/><T70/><D70/><U5/><E5/><V14/><F14/><W91/><G135/><T60/><D27/><U65/><E65/><V53/><F53/><W30/><G30/><T74/><D74/><U104/><E104/><V67/><F67/><W109/><G109/><T111/><D31/><U100/><E100/><N who="2" m="62871" /><F34/><W24/><G24/><T129/><D129/><U118/><E118/><V51/><F51/><W47/><G47/><T88/><D111/><U131/><E131/><V2/><F2/><W108/><G108/><T63/><D63/><U132/><E132/><V35/><F35/><W105/><G62/><T106/><D106/><U7/><E7/><V124/><F124/><W112/><G105/><RYUUKYOKU ba="0,0" sc="302,15,206,-15,246,15,246,-15" hai0="21,26,29,46,50,52,54,60,80,87,88,93,95" hai2="72,77,83,92,94,114,115,120,121,123" /><INIT seed="2,1,0,5,5,42" ten="317,191,261,231" oya="2" hai0="108,121,4,6,40,9,89,109,85,120,46,76,98" hai1="21,48,83,33,30,110,51,63,26,56,50,116,44" hai2="12,68,27,7,25,57,91,94,16,13,75,111,118" hai3="128,127,58,117,36,43,23,11,3,115,84,19,22"/><V119/><F68/><W2/><G117/><T62/><D62/><U70/><E116/><V5/><F75/><W133/><G11/><T35/><D35/><U107/><E107/><V92/><F111/><N who="0" m="42570" /><D98/><U78/><E110/><V60/><F119/><W28/><G58/><T81/><D89/><U15/><E70/><V39/><F39/><W82/><G127/><T59/><D59/><U97/><E97/><N who="2" m="57503" /><F118/><W20/><G28/><T1/><D4/><N who="2" m="1610" /><F94/><W32/><G32/><T93/><D93/><U0/><E0/><V38/><F38/><AGARI ba="1,0" hai="1,6,9,38,40,46,76,81,85,120,121" m="42570" machi="38" ten="30,2000,0" yaku="14,1,52,1" doraHai="42" who="0" fromWho="2" sc="317,23,191,0,261,-23,231,0" /><INIT seed="3,0,0,2,3,6" ten="340,191,238,231" oya="3" hai0="52,11,83,115,55,73,97,63,76,110,124,38,95" hai1="53,42,39,69,67,51,31,135,93,102,64,21,90" hai2="92,4,119,30,103,22,65,17,111,75,81,117,27" hai3="47,40,0,87,78,98,66,86,37,114,62,134,89"/><W12/><G114/><T18/><D38/><U80/><E102/><V36/><F36/><W112/><G112/><T94/><D115/><U14/><E80/><V68/><F111/><W131/><G0/><T50/><D110/><U127/><E42/><V121/><F121/><W5/><G134/><T126/><D63/><U44/><E39/><V118/><F4/><W116/><G116/><T130/><D130/><U59/><E127/><N who="0" m="48681" /><D50/><U100/><E100/><V20/><F65/><W2/><G2/><T105/><D105/><U60/><E135/><V133/><F68/><W13/><G131/><T7/><D18/><N who="1" m="10455" /><E69/><V28/><F133/><W96/><G12/><N who="0" m="5247" /><D94/><U129/><E129/><V46/><F46/><W41/><G41/><T79/><D79/><U82/><E82/><V3/><F81/><W104/><G78/><T70/><D70/><U88/><E31/><V45/><F28/><W72/><G72/><T99/><D99/><N who="1" m="57767" /><E90/><AGARI ba="0,0" hai="52,55,73,76,83,90,95,97" m="5247,48681" machi="90" ten="30,3900,0" yaku="18,1,52,1,54,1" doraHai="6" who="0" fromWho="1" sc="340,39,191,-39,238,0,231,0" /><INIT seed="4,0,0,1,0,2" ten="379,152,238,231" oya="0" hai0="79,107,80,97,81,87,42,70,96,69,1,77,95" hai1="8,115,75,26,131,33,103,14,49,78,44,17,47" hai2="90,124,13,45,34,40,10,23,134,86,91,12,56" hai3="120,127,93,0,76,130,121,43,4,11,116,89,67"/><T125/><D1/><U110/><E110/><V72/><F34/><W3/><G116/><T73/><D42/><U19/><E131/><V71/><F71/><W46/><G76/><T24/><D24/><U101/><E115/><V99/><F72/><W18/><G67/><T22/><D22/><U105/><E47/><V112/><F112/><W62/><G62/><T117/><D69/><U109/><E109/><V106/><F124/><W88/><G127/><T128/><D70/><U41/><E105/><V61/><F134/><W119/><G119/><T92/><D125/><U50/><E78/><V133/><F133/><W94/><G18/><T7/><D7/><U59/><E75/><V65/><F23/><W129/><G0/><T102/><D117/><U68/><E68/><V55/><F65/><W100/><G100/><N who="0" m="60423" /><D128/><N who="3" m="49257" /><G93/><AGARI ba="0,0" hai="73,77,79,80,81,87,93,95,97,102,107" m="60423" machi="93" ten="30,12000,1" yaku="35,5" doraHai="2" who="0" fromWho="3" sc="379,120,152,0,238,0,231,-120" /><INIT seed="4,1,0,3,1,116" ten="499,152,238,111" oya="0" hai0="66,10,84,96,30,89,3,7,65,20,122,16,86" hai1="48,81,85,52,29,4,63,91,38,111,109,103,68" hai2="105,9,74,43,14,12,5,133,100,34,70,108,54" hai3="114,123,131,104,77,42,27,75,94,51,118,101,25"/><T22/><D122/><U1/><E38/><V50/><F70/><W36/><G36/><T82/><D96/><U19/><E29/><V28/><F74/><W60/><G118/><T125/><D125/><U53/><E103/><V6/><F108/><W69/><G104/><T0/><D0/><U79/><E4/><V59/><F133/><W132/><G77/><T121/><D121/><U15/><E1/><V83/><F83/><W8/><G8/><T99/><D99/><U18/><E18/><V106/><F100/><W67/><G75/><T41/><D41/><U17/><E17/><V71/><F71/><W130/><G114/><T39/><D39/><U115/><E115/><V93/><F93/><W23/><G132/><T21/><D30/><U87/><E68/><V119/><F119/><W46/><G27/><T102/><D102/><U80/><E63/><V134/><F134/><W95/><G123/><T110/><D110/><U78/><E53/><V44/><F28/><W57/><G69/><T107/><D107/><U88/><E111/><V11/><REACH who="2" step="1"/><F34/><REACH who="2" ten="499,152,228,111" step="2"/><W90/><G101/><T62/><D82/><U47/><REACH who="1" step="1"/><E109/><REACH who="1" ten="499,142,228,111" step="2"/><V32/><F32/><W61/><G130/><T2/><D2/><U112/><E112/><V45/><F45/><W98/><G131/><T35/><D3/><U92/><E92/><V73/><F73/><W97/><G95/><T129/><D35/><U37/><E37/><AGARI ba="1,2" hai="5,6,9,11,12,14,37,43,44,50,54,59,105,106" machi="37" ten="30,3900,0" yaku="1,1,7,1,9,1,53,0" doraHai="116" doraHaiUra="31" who="2" fromWho="1" sc="499,0,142,-42,228,62,111,0" /><INIT seed="5,0,0,3,4,59" ten="499,100,290,111" oya="1" hai0="54,25,32,27,93,33,83,29,40,52,26,126,90" hai1="53,12,91,6,132,9,124,51,101,87,110,119,77" hai2="4,15,7,18,67,78,35,109,75,50,42,8,21" hai3="111,133,131,17,123,94,5,49,92,86,11,88,108"/><U134/><E119/><V129/><F35/><W69/><G123/><T125/><D40/><U47/><E124/><N who="0" m="47721" /><D83/><U106/><E77/><V64/><F109/><W117/><G17/><T58/><D29/><U2/><E110/><V120/><F120/><W62/><G117/><T22/><D22/><U43/><E101/><V37/><F129/><W84/><G49/><N who="0" m="30991" /><D54/><U135/><E106/><V89/><F4/><W14/><G133/><T95/><D95/><N who="1" m="54783" /><E43/><V3/><F50/><W20/><G20/><T30/><D30/><U118/><E118/><V128/><F89/><W68/><G68/><T45/><D45/><U66/><E66/><V41/><F41/><W99/><G131/><T46/><D46/><U112/><E112/><V97/><F128/><W60/><G69/><T0/><D0/><AGARI ba="0,0" hai="0,2,6,9,12,47,51,53,132,134,135" m="54783" machi="0" ten="30,1500,0" yaku="20,1" doraHai="59" who="1" fromWho="0" sc="499,-15,100,15,290,0,111,0" /><INIT seed="5,1,0,1,4,72" ten="484,115,290,111" oya="1" hai0="18,106,3,31,84,24,32,28,97,134,2,94,100" hai1="4,1,81,62,133,79,102,61,114,123,26,66,52" hai2="13,76,86,50,85,36,43,71,35,77,87,29,10" hai3="109,25,19,53,118,131,48,60,27,55,51,96,78"/><U45/><E123/><V132/><F71/><W0/><G109/><T88/><D28/><U54/><E114/><V64/><F36/><W129/><G0/><T23/><D134/><U37/><E133/><V108/><F108/><W124/><G60/><N who="1" m="23146" /><E102/><V44/><F64/><W111/><G111/><T70/><D70/><U113/><E66/><V74/><F74/><W135/><G135/><T12/><AGARI ba="1,0" hai="2,3,12,18,23,24,31,32,84,88,94,97,100,106" machi="12" ten="20,2700,0" yaku="0,1,7,1,54,1" doraHai="72" who="0" fromWho="0" sc="484,30,115,-14,290,-8,111,-8" /><INIT seed="6,0,0,4,0,61" ten="514,101,282,103" oya="2" hai0="11,123,21,3,36,82,105,59,112,97,101,131,124" hai1="84,8,49,80,110,33,135,119,127,31,94,48,4" hai2="125,50,92,79,106,6,41,10,99,39,0,19,44" hai3="100,67,132,70,96,126,62,114,37,64,57,87,107"/><V23/><F106/><W90/><G37/><T86/><D36/><U13/><E110/><V109/><F109/><W81/><G132/><T43/><D43/><U1/><E119/><V118/><F118/><W54/><G126/><T128/><D123/><U14/><E135/><V24/><F125/><W72/><G114/><T115/><D124/><U7/><E127/><V17/><F79/><W22/><G22/><T104/><D104/><U30/><E94/><V103/><REACH who="2" step="1"/><F39/><REACH who="2" ten="514,101,272,103" step="2"/><W93/><G70/><T20/><D115/><U133/><E133/><V60/><F60/><W89/><G90/><T51/><D112/><U63/><E63/><V117/><F117/><W74/><G74/><T71/><D131/><U65/><E49/><V40/><F40/><W42/><G42/><T16/><D128/><U53/><E48/><V75/><F75/><W28/><G72/><T38/><D38/><U27/><E53/><V34/><F34/><W68/><G68/><T56/><D71/><U134/><E134/><V83/><F83/><W121/><G121/><T78/><D51/><U95/><E80/><V26/><F26/><W18/><G107/><T73/><D73/><U2/><E27/><V52/><F52/><W102/><G54/><T130/><D130/><U113/><E33/><V77/><F77/><W32/><G32/><T9/><D78/><U58/><E113/><V111/><F111/><W46/><G62/><T98/><D82/><U45/><E65/><V35/><F35/><W47/><G81/><T55/><D55/><U69/><E69/><V66/><F66/><W108/><G67/><RYUUKYOKU ba="0,1" sc="514,-10,101,-10,272,30,103,-10" hai2="0,6,10,17,19,23,24,41,44,50,92,99,103" /><INIT seed="6,1,1,5,3,41" ten="504,91,302,93" oya="2" hai0="114,53,70,15,111,29,49,81,123,25,31,66,46" hai1="37,78,28,100,79,118,73,27,129,75,122,19,110" hai2="93,57,109,108,40,71,90,1,72,131,54,16,59" hai3="11,115,50,35,13,36,116,45,133,0,83,44,17"/><V56/><F72/><N who="1" m="27721" /><E19/><V4/><F71/><W82/><G116/><T18/><D111/><N who="2" m="42570" /><F4/><W69/><G69/><T9/><D123/><U117/><E27/><V103/><F1/><W124/><G35/><T7/><D114/><U128/><E28/><V12/><F103/><W64/><G64/><T99/><D70/><U42/><E110/><V127/><F40/><W5/><G115/><T38/><D38/><U33/><E33/><V77/><F77/><N who="1" m="29193" /><E100/><V32/><F32/><W20/><G133/><T112/><D112/><U97/><E122/><V68/><F68/><W58/><G124/><T3/><D66/><U14/><E14/><V84/><F127/><W96/><G96/><T2/><D81/><U101/><E42/><V126/><F126/><W85/><G82/><T105/><D99/><U91/><E91/><V119/><F119/><N who="1" m="45577" /><E37/><V87/><F87/><W120/><G36/><T86/><D86/><U107/><AGARI ba="1,1" hai="97,101,107,128,129" m="45577,29193,27721" machi="107" ten="40,2700,0" yaku="34,2" doraHai="41" who="1" fromWho="1" sc="504,-8,91,40,302,-14,93,-8" /><INIT seed="7,0,0,2,0,48" ten="496,131,288,85" oya="3" hai0="12,67,58,9,20,3,14,37,95,4,40,22,117" hai1="56,70,124,74,35,82,102,33,38,128,94,44,7" hai2="47,46,42,26,91,130,24,126,43,99,0,15,79" hai3="135,53,88,61,89,134,127,77,11,114,90,121,98"/><W55/><G121/><T66/><D117/><U57/><E70/><V118/><F0/><W76/><G127/><T32/><D32/><U60/><E57/><V52/><F79/><N who="3" m="30283" /><G114/><T106/><D106/><U25/><E124/><V100/><F118/><W62/><G98/><T39/><D39/><U1/><E102/><V59/><F99/><W16/><G11/><N who="0" m="4199" /><D37/><U72/><E94/><V113/><F100/><W29/><G29/><T86/><D3/><U109/><E109/><V110/><F91/><W78/><N who="3" m="30291" /><W133/><DORA hai="131" /><G16/><N who="0" m="8271" /><D40/><U93/><E93/><V45/><F113/><W64/><G62/><N who="0" m="38231" /><D67/><U84/><E25/><V81/><F110/><W28/><G28/><T107/><D107/><U8/><E60/><V80/><F126/><W41/><G41/><T27/><D27/><U97/><E84/><V73/><F73/><W65/><G65/><T51/><D51/><U10/><E82/><V71/><F42/><W21/><G21/><T30/><D30/><U54/><E44/><V23/><F43/><W2/><G2/><T105/><D105/><U104/><E10/><V85/><F71/><AGARI ba="0,0" hai="53,55,61,64,71,88,89,90,133,134,135" m="30291" machi="71" ten="40,18000,2" yaku="20,1,52,5,54,1" doraHai="48,131" who="3" fromWho="2" sc="496,0,131,0,288,-180,85,180" /><INIT seed="7,1,0,1,1,59" ten="496,131,108,265" oya="3" hai0="58,21,52,123,100,107,2,114,55,17,49,1,31" hai1="41,22,53,20,99,80,40,71,8,57,120,121,125" hai2="64,50,9,68,12,56,94,95,48,32,119,112,77" hai3="96,122,19,97,47,69,111,14,54,65,11,28,67"/><W79/><G122/><T72/><D123/><U106/><E71/><V88/><F32/><W133/><G28/><T45/><D72/><U110/><E110/><V83/><F68/><W23/><G111/><T116/><D116/><U91/><E41/><V51/><F119/><W62/><G67/><T16/><D114/><U87/><E40/><V109/><F109/><W36/><G79/><T61/><D107/><U73/><E125/><V82/><F112/><W128/><G128/><T76/><D76/><U117/><E117/><V39/><F39/><W134/><G23/><T93/><D1/><U3/><E73/><V44/><F44/><W6/><G19/><T118/><D2/><U131/><E131/><V126/><F126/><W103/><G103/><T63/><D118/><U10/><E3/><V104/><F104/><W25/><G25/><N who="0" m="16815" /><D63/><U30/><E106/><V113/><F113/><W127/><G127/><T85/><D85/><U24/><E120/><V130/><F130/><W26/><G26/><T37/><D37/><U124/><E124/><V90/><F77/><W129/><G129/><T98/><AGARI ba="1,0" hai="16,17,45,49,52,55,58,61,93,98,100" m="16815" machi="98" ten="30,7900,0" yaku="8,1,52,1,54,2" doraHai="59" who="0" fromWho="0" sc="496,82,131,-21,108,-21,265,-40" owari="578,67.0,110,-29.0,87,-41.0,225,3.0" /></mjloggm>