<mjloggm ver="2.3"><GO type="97" lobby="0"/><UN n0="%E3%83%88%E3%83%88%E3%83%AA%E5%85%88%E7%94%9F%31%39%E6%AD%B3" n1="%75%6E%63%68%61%69%6E" n2="%E5%93%AD%E3%81%8D%E3%81%AE%E7%AB%9C%2E" n3="%6E%61%72%72%6F%77%31%39" dan="15,15,14,16" rate="2042.21,2002.04,1970.98,2061.36" sx="F,F,M,M"/><TAIKYOKU oya="0"/><INIT seed="0,0,0,0,3,76" ten="250,250,250,250" oya="0" hai0="20,125,17,28,54,135,51,82,108,3,120,92,59" hai1="39,97,95,94,106,40,89,87,29,98,62,65,124" hai2="41,43,84,52,53,101,91,35,46,11,93,49,83" hai3="64,79,10,78,70,123,66,86,4,73,12,24,0"/><T13/><D120/><U30/><E124/><V100/><F35/><W27/><G123/><T128/><D3/><U58/><E106/><V50/><F11/><W122/><G122/><T127/><D128/><U31/><E39/><V48/><F93/><W18/><G73/><T105/><D105/><U74/><E74/><V42/><F46/><W104/><G104/><T2/><D2/><U56/><E40/><V45/><F45/><W68/><G68/><T96/><D135/><U6/><E6/><V7/><REACH who="2" step="1"/><F7/><REACH who="2" ten="250,250,240,250" step="2"/><W67/><G70/><T112/><D125/><U19/><E19/><V22/><F22/><W99/><G10/><T118/><D28/><U5/><E5/><V126/><F126/><W57/><G4/><T23/><D23/><U63/><REACH who="1" step="1"/><E94/><REACH who="1" ten="250,240,240,250" step="2"/><V16/><F16/><W37/><G18/><N who="0" m="10319" /><D92/><U55/><AGARI ba="0,2" hai="29,30,31,55,56,58,62,63,65,87,89,95,97,98" machi="55" ten="30,12000,2" yaku="1,1,0,1,8,1,53,3" doraHai="76" doraHaiUra="26" who="1" fromWho="1" sc="250,-60,240,140,240,-30,250,-30" /><INIT seed="1,0,0,2,3,80" ten="190,380,210,220" oya="1" hai0="118,83,125,133,73,14,19,67,2,77,99,124,44" hai1="30,46,48,64,60,116,26,89,6,129,82,121,7" hai2="97,12,112,53,111,123,5,72,130,107,128,29,41" hai3="47,81,75,122,50,92,95,120,61,24,100,37,102"/><U101/><E116/><V78/><F112/><W85/><G37/><T90/><D118/><U15/><E121/><V23/><F123/><W38/><G38/><T52/><D2/><U58/><E129/><N who="2" m="49771" /><F111/><W3/><G3/><T109/><D109/><U55/><E101/><N who="2" m="62895" /><F41/><W35/><G75/><T126/><D133/><U66/><E64/><V71/><F71/><W36/><G36/><T86/><D99/><U22/><E15/><V88/><F72/><W131/><G131/><T43/><D67/><U13/><E13/><V56/><F78/><W87/><G61/><T69/><D69/><U93/><REACH who="1" step="1"/><E82/><REACH who="1" ten="190,370,210,220" step="2"/><V57/><F12/><W11/><G81/><T113/><D77/><U76/><E76/><V27/><F5/><W106/><G120/><T84/><D73/><U65/><E65/><V33/><F33/><W0/><G35/><T9/><D113/><U104/><E104/><V119/><F119/><W63/><G106/><T115/><D115/><U132/><E132/><V59/><F88/><W110/><G122/><T127/><D127/><U51/><E51/><AGARI ba="0,1" hai="23,27,29,51,53,56,57,59" m="62895,49771" machi="51" ten="30,1000,0" yaku="19,1" doraHai="80" who="2" fromWho="1" sc="190,0,370,-10,210,20,220,0" /><INIT seed="2,0,0,3,4,3" ten="190,360,230,220" oya="2" hai0="17,31,55,90,127,76,29,24,91,66,30,11,25" hai1="15,54,132,121,73,69,47,124,108,6,84,95,103" hai2="4,53,9,117,114,59,48,126,64,82,37,78,75" hai3="79,101,5,36,105,26,119,35,111,61,12,80,2"/><V115/><F117/><W57/><G119/><T28/><D127/><U16/><E121/><V52/><F126/><W122/><G122/><T41/><D66/><U72/><E124/><V86/><F37/><W22/><G36/><T7/><D41/><U46/><E69/><V68/><F75/><W109/><G101/><T49/><D76/><U51/><E132/><V112/><F68/><W60/><G105/><T130/><D130/><U65/><E108/><N who="3" m="41546" /><G2/><T1/><D17/><U120/><E120/><V39/><F39/><W118/><G118/><T135/><D135/><U45/><E65/><V38/><F38/><W83/><G35/><T104/><D104/><U93/><E73/><V97/><F97/><W107/><G107/><T32/><REACH who="0" step="1"/><D25/><REACH who="0" ten="180,360,230,220" step="2"/><U134/><E134/><V74/><F74/><W81/><G79/><T42/><D42/><U19/><E72/><V58/><F64/><W67/><G67/><T27/><D27/><U128/><E128/><V56/><REACH who="2" step="1"/><F53/><REACH who="2" ten="180,360,220,220" step="2"/><W10/><G57/><AGARI ba="0,2" hai="1,7,11,24,28,29,30,31,32,49,55,57,90,91" machi="57" ten="40,2600,0" yaku="1,1,52,1,53,0" doraHai="3" doraHaiUra="113" who="0" fromWho="3" sc="180,46,360,0,220,0,220,-26" /><INIT seed="3,0,0,1,2,41" ten="226,360,220,194" oya="3" hai0="25,77,59,45,23,117,118,66,51,24,105,38,12" hai1="96,40,37,57,29,16,49,54,95,110,21,78,115" hai2="87,18,97,62,79,46,84,119,127,111,135,56,20" hai3="88,7,73,131,15,93,43,9,80,94,11,91,89"/><W76/><G131/><T65/><D105/><U114/><E78/><V70/><F119/><W10/><G43/><N who="0" m="25023" /><D38/><U61/><E29/><V6/><F127/><W113/><G113/><T108/><D117/><U67/><E110/><V32/><F32/><W90/><REACH who="3" step="1"/><G94/><REACH who="3" ten="226,360,220,184" step="2"/><T106/><D118/><U8/><E115/><V48/><F135/><W13/><G13/><T68/><D108/><U39/><E114/><V17/><F111/><W104/><G104/><T36/><D106/><U74/><E95/><V0/><F0/><W133/><G133/><T30/><D12/><U129/><E40/><V71/><F71/><W103/><G103/><T134/><D68/><U52/><E129/><V126/><F70/><W72/><G72/><T42/><D42/><U125/><E74/><V123/><F123/><W102/><G102/><T55/><D134/><U132/><E132/><V122/><F122/><W27/><G27/><N who="0" m="16767" /><D36/><U58/><E39/><V60/><F126/><W3/><G3/><T26/><D77/><U33/><E37/><V19/><F79/><W112/><G112/><T100/><D100/><U83/><E125/><V109/><F109/><W98/><AGARI ba="0,1" hai="7,9,10,11,15,73,76,80,88,89,90,91,93,98" machi="98" ten="30,6000,0" yaku="1,1,0,1,54,1,53,0" doraHai="41" doraHaiUra="50" who="3" fromWho="3" sc="226,-20,360,-20,220,-20,184,70" /><INIT seed="3,1,0,4,3,45" ten="206,340,200,254" oya="3" hai0="127,15,58,10,130,23,6,29,3,44,126,108,55" hai1="81,19,57,89,88,124,0,13,62,116,128,134,121" hai2="16,76,98,60,39,21,2,8,111,90,53,52,50" hai3="1,67,24,85,7,133,102,93,64,69,119,26,61"/><W100/><G119/><T107/><D107/><U129/><E121/><V65/><F111/><W63/><G133/><T117/><D117/><U30/><E116/><V33/><F39/><W82/><G1/><T32/><D108/><U31/><E0/><V11/><F33/><W110/><G7/><T51/><D130/><N who="1" m="50283" /><E134/><V42/><F2/><W37/><G37/><T112/><D112/><U74/><E124/><N who="0" m="47657" /><D32/><U34/><E34/><V120/><F120/><W43/><G43/><N who="0" m="24991" /><D29/><N who="1" m="10763" /><E81/><V91/><F76/><W94/><G110/><T49/><D23/><N who="1" m="11759" /><E74/><V12/><F98/><W66/><G82/><T97/><D97/><U123/><E123/><V77/><F77/><W118/><G118/><T28/><D28/><U41/><E41/><V115/><F115/><W84/><G66/><AGARI ba="1,0" hai="57,62,66,88,89" m="11759,10763,50283" machi="66" ten="30,2000,0" yaku="19,1,54,1" doraHai="45" who="1" fromWho="3" sc="206,0,340,23,200,0,254,-23" owari="206,-19.0,363,46.0,200,-30.0,231,3.0" /></mjloggm>