<mjloggm ver="2.3"><GO type="169" lobby="0"/><UN n0="%68%61%52%75%72%75%6E" n1="%E7%B4%A0%E6%9C%B4%E3%81%AA%E5%91%B3%E3%82%8F%E3%81%84" n2="%6D%61%2D%62%6F%33%35" n3="%E3%82%A6%E3%83%AB%E3%83%88%E3%83%A9%E7%AB%8B%E7%9B%B4" dan="16,16,17,17" rate="2035.26,2097.53,2145.00,2181.89" sx="M,M,M,M"/><TAIKYOKU oya="0"/><INIT seed="0,0,0,0,3,60" ten="250,250,250,250" oya="0" hai0="66,0,114,120,70,5,2,25,42,96,9,1,33" hai1="81,3,24,55,131,132,107,77,117,29,102,90,111" hai2="110,116,4,124,31,56,46,38,32,44,47,79,53" hai3="106,95,83,130,10,65,43,37,89,16,115,13,8"/><T97/><D114/><U108/><E117/><V92/><F116/><W14/><G106/><T34/><D120/><U20/><E3/><N who="0" m="1097" /><D96/><U51/><E131/><V74/><F110/><N who="1" m="42025" /><E132/><V94/><F124/><W122/><G130/><T52/><D52/><U59/><E90/><V28/><F38/><W105/><G105/><T40/><D40/><U71/><E71/><V63/><F4/><N who="3" m="3207" /><G43/><T22/><D22/><U57/><E57/><V118/><F118/><W123/><G37/><T64/><D64/><U17/><E29/><N who="2" m="11339" /><F32/><W78/><G115/><T100/><D25/><U62/><E62/><V99/><F74/><W12/><G123/><T11/><D42/><U35/><E35/><V72/><F72/><W6/><G122/><T125/><D125/><U85/><E107/><V69/><F69/><W50/><G89/><T80/><D80/><U113/><E113/><V27/><F27/><W23/><G95/><N who="2" m="36393" /><F99/><W91/><G91/><T58/><D70/><U128/><E128/><V98/><F98/><W21/><G83/><T18/><D33/><U54/><E54/><N who="2" m="34199" /><F79/><W26/><G78/><T93/><D34/><U76/><E76/><V67/><F53/><W36/><G36/><T82/><D82/><U49/><E49/><V7/><F7/><W30/><G50/><T61/><D5/><U75/><E75/><V135/><F135/><W134/><G134/><T68/><D68/><U101/><AGARI ba="0,0" hai="17,20,24,51,55,59,77,81,85,101,102" m="42025" machi="101" ten="30,1100,0" yaku="14,1" doraHai="60" who="1" fromWho="1" sc="250,-5,250,11,250,-3,250,-3" /><INIT seed="1,0,0,5,5,91" ten="245,261,247,247" oya="1" hai0="59,22,23,48,46,57,100,35,55,107,41,32,98" hai1="102,9,49,135,67,83,8,74,64,90,10,108,111" hai2="24,1,88,68,114,95,26,118,76,25,109,82,54" hai3="103,130,92,36,97,14,27,34,112,19,47,53,73"/><U3/><E3/><V86/><F118/><W0/><G0/><T44/><D32/><U56/><E135/><V99/><F109/><N who="1" m="42057" /><E102/><V120/><F120/><W42/><G73/><T37/><D35/><U40/><E74/><V50/><F1/><W123/><G130/><T30/><D30/><U70/><E70/><V125/><F68/><W131/><G131/><T79/><D79/><U122/><E122/><V96/><F125/><W133/><G133/><T127/><D127/><U39/><E39/><V128/><F128/><W38/><G38/><T12/><D12/><U132/><E132/><V15/><F114/><W65/><G112/><T85/><D85/><N who="1" m="50495" /><E56/><N who="2" m="32855" /><F15/><W21/><G123/><T11/><D59/><U33/><E33/><V4/><F4/><W121/><G121/><T5/><D57/><U29/><E29/><V77/><F99/><W105/><G34/><T7/><D7/><U89/><E89/><AGARI ba="0,0" hai="24,25,26,76,77,82,86,88,89,95,96" m="32855" machi="89" ten="30,3900,0" yaku="8,1,52,1,54,1" doraHai="91" who="2" fromWho="1" sc="245,0,261,-39,247,39,247,0" /><INIT seed="2,0,0,2,5,106" ten="245,222,286,247" oya="2" hai0="120,3,97,80,56,65,42,18,102,131,95,15,40" hai1="34,24,46,111,43,128,92,127,81,61,13,100,116" hai2="98,7,10,51,50,47,38,33,4,70,114,124,73" hai3="82,107,129,83,16,123,53,39,48,64,101,63,71"/><V8/><F114/><W85/><G123/><T1/><D120/><U134/><E116/><V84/><F124/><W122/><G122/><T130/><D80/><U69/><E111/><V68/><F33/><W28/><G129/><N who="0" m="49163" /><D65/><U109/><E109/><V62/><F98/><W133/><G133/><T119/><D119/><U14/><E134/><V132/><F132/><W67/><G39/><T45/><D56/><U87/><E127/><V99/><F99/><W12/><G64/><T108/><D108/><U103/><E69/><V0/><F84/><W20/><G28/><T5/><D5/><U21/><E34/><V26/><F26/><W112/><G112/><T113/><D113/><U17/><E61/><V27/><F27/><W32/><G32/><T72/><D72/><U135/><E135/><V79/><F62/><W11/><G101/><N who="1" m="38986" /><E92/><V29/><F70/><W41/><G107/><T52/><D1/><U58/><E58/><V35/><F68/><W49/><G83/><T23/><D3/><U96/><E96/><V115/><F115/><W117/><G117/><T88/><D102/><U31/><E31/><V110/><F29/><W93/><G93/><T25/><D25/><U19/><E19/><V66/><F110/><W55/><G82/><T90/><D90/><N who="1" m="51567" /><E128/><V75/><F35/><W57/><G85/><T6/><D6/><U60/><E60/><V37/><F0/><W22/><REACH who="3" step="1"/><G41/><REACH who="3" ten="245,222,286,237" step="2"/><T2/><D2/><U89/><E89/><V118/><F118/><W74/><G74/><T104/><D104/><U76/><E76/><V121/><F79/><W91/><G91/><RYUUKYOKU ba="0,1" sc="245,10,222,10,286,-30,237,10" hai0="15,18,23,40,42,45,52,88,95,97" hai1="13,14,17,21,24,43,46" hai3="11,12,16,20,22,48,49,53,55,57,63,67,71" /><INIT seed="3,1,1,1,3,33" ten="255,232,256,247" oya="3" hai0="16,56,22,98,51,69,15,121,35,94,130,87,8" hai1="132,11,73,72,52,29,117,102,88,28,115,114,39" hai2="106,64,43,50,119,24,84,81,13,38,25,122,109" hai3="124,133,123,100,0,83,86,23,77,112,32,61,63"/><W37/><G32/><T105/><D69/><U31/><E132/><V92/><F119/><W62/><G123/><T40/><D121/><U65/><E117/><V44/><F106/><W99/><G112/><T4/><D130/><U6/><E39/><V125/><F122/><W78/><G133/><T68/><D68/><U9/><E65/><V46/><F109/><W93/><G124/><T107/><D35/><U41/><E41/><V79/><F125/><W3/><G37/><T91/><D40/><U90/><E102/><V126/><F126/><W59/><G78/><T110/><D110/><U5/><REACH who="1" step="1"/><E28/><REACH who="1" ten="255,222,256,247" step="2"/><V17/><F64/><W96/><G59/><T21/><D56/><U49/><E49/><V57/><F57/><W2/><G100/><T45/><D51/><U120/><E120/><V116/><F116/><W89/><REACH who="3" step="1"/><G23/><REACH who="3" ten="255,222,256,237" step="2"/><T66/><D21/><U14/><E14/><V30/><F13/><W97/><AGARI ba="1,3" hai="0,2,3,61,62,63,77,83,86,89,93,96,97,99" machi="97" ten="40,18000,2" yaku="1,1,2,1,0,1,52,3,53,0" doraHai="33" doraHaiUra="108" who="3" fromWho="3" sc="255,-61,222,-61,256,-61,237,213" /><INIT seed="3,2,0,3,2,105" ten="194,161,195,450" oya="3" hai0="83,110,115,44,41,14,71,67,111,131,92,35,85" hai1="93,76,16,86,3,90,132,112,73,101,119,113,68" hai2="56,37,33,116,15,79,58,107,28,51,78,120,77" hai3="50,57,13,104,135,29,89,40,9,45,42,11,47"/><W118/><G104/><T126/><D35/><U36/><E68/><V25/><F116/><W62/><G135/><T95/><D115/><N who="1" m="44107" /><E36/><V18/><F120/><W10/><G29/><T64/><D126/><U128/><E16/><V133/><F37/><W72/><G72/><T75/><D75/><U46/><E3/><V127/><F127/><W31/><G31/><T121/><D131/><U70/><E46/><V99/><F133/><W24/><G24/><T94/><D121/><U87/><E70/><V81/><F81/><W1/><G1/><T38/><D14/><U97/><E132/><V6/><F6/><W23/><G23/><T98/><D98/><U96/><E128/><V129/><F129/><W54/><G89/><N who="0" m="51391" /><D71/><U134/><E134/><V66/><F66/><W52/><G118/><T0/><D0/><U22/><E22/><V82/><F107/><W124/><G124/><T49/><D49/><U55/><E55/><V12/><F51/><N who="3" m="27063" /><G54/><T26/><D26/><U125/><E125/><V114/><F114/><W53/><G53/><T4/><D4/><AGARI ba="2,0" hai="4,9,10,11,13,40,47,50,52,57,62" m="27063" machi="4" ten="30,2900,0" yaku="8,1,54,1" doraHai="105" who="3" fromWho="0" sc="194,-35,161,0,195,0,450,35" /><INIT seed="3,3,0,3,4,109" ten="159,161,195,485" oya="3" hai0="107,117,27,62,71,132,12,130,126,67,17,49,89" hai1="123,48,56,50,24,1,127,10,2,113,112,116,14" hai2="84,43,26,63,13,133,115,100,91,94,9,57,125" hai3="69,19,20,39,51,37,52,59,44,81,54,78,118"/><W79/><G69/><T25/><D117/><U22/><E123/><V30/><F133/><W29/><G29/><T21/><D132/><U87/><E116/><V61/><F125/><W53/><G118/><T7/><D126/><U76/><E127/><V119/><F119/><W40/><G39/><T135/><D135/><U82/><E1/><V93/><F43/><W80/><G81/><T85/><D130/><U103/><E2/><V104/><F104/><W28/><G79/><T36/><D107/><U15/><E103/><V105/><F105/><W128/><G28/><T68/><D36/><U97/><E97/><V77/><F115/><W114/><G114/><T124/><D71/><U96/><E96/><V0/><F0/><W60/><G37/><T11/><D49/><U121/><E121/><V98/><F77/><W129/><G129/><T35/><D35/><U110/><E110/><V5/><REACH who="2" step="1"/><F57/><REACH who="2" ten="159,161,185,485" step="2"/><W72/><G128/><T18/><D124/><U120/><E120/><V31/><F31/><W74/><G74/><T33/><D33/><AGARI ba="3,1" hai="5,9,13,26,30,33,61,63,84,91,93,94,98,100" machi="33" ten="30,2000,0" yaku="1,1,7,1,53,0" doraHai="109" doraHaiUra="106" who="2" fromWho="0" sc="159,-29,161,0,185,39,485,0" /><INIT seed="4,0,0,1,1,126" ten="130,161,224,485" oya="0" hai0="74,116,114,55,28,58,51,36,59,89,119,6,64" hai1="102,5,71,99,75,112,33,13,35,15,129,122,21" hai2="95,0,83,2,61,121,41,135,106,85,48,52,80" hai3="73,34,93,4,70,109,115,24,18,96,132,125,3"/><T108/><D74/><U92/><E122/><V39/><F106/><W43/><G43/><T90/><D6/><U94/><E75/><V134/><F121/><W67/><G67/><T105/><D105/><U127/><E127/><V63/><F95/><W128/><G18/><T120/><D120/><U14/><E71/><V101/><F101/><W27/><G24/><T62/><D108/><U10/><E112/><V23/><F23/><W25/><G27/><T117/><D114/><U53/><E129/><V81/><F85/><W17/><G25/><T107/><D107/><U45/><E94/><V19/><F19/><W49/><G17/><T29/><REACH who="0" step="1"/><D36/><REACH who="0" ten="120,161,224,485" step="2"/><U77/><E35/><V103/><F39/><W100/><G73/><T78/><D78/><U60/><E33/><V40/><F0/><W37/><G3/><T82/><D82/><U16/><E77/><V42/><F2/><W110/><G4/><T30/><AGARI ba="0,1" hai="28,29,30,51,55,58,59,62,64,89,90,116,117,119" machi="30" ten="40,3900,0" yaku="1,1,0,1,53,0" doraHai="126" doraHaiUra="76" who="0" fromWho="0" sc="120,49,161,-13,224,-13,485,-13" /><INIT seed="4,1,0,0,4,24" ten="169,148,211,472" oya="0" hai0="56,111,131,120,62,81,55,125,98,20,124,127,38" hai1="67,43,71,122,80,10,37,8,15,52,74,70,109" hai2="26,97,6,47,7,60,134,95,39,121,75,66,50" hai3="68,5,45,40,46,11,13,17,2,30,14,82,25"/><T27/><D120/><U12/><E122/><V48/><F121/><W92/><G68/><T58/><D38/><U41/><E109/><V130/><F75/><W18/><G82/><T93/><D111/><U89/><E74/><V115/><F115/><W4/><G92/><T61/><D81/><U104/><E104/><V103/><F130/><W79/><G79/><T133/><D131/><U35/><E35/><V94/><F134/><W33/><G45/><T36/><D36/><U105/><E105/><V65/><F39/><W3/><G46/><T129/><D129/><U126/><E37/><V88/><F26/><W57/><G57/><T96/><D133/><U34/><E34/><V123/><F123/><W51/><G51/><T72/><D72/><U9/><E126/><V108/><F108/><W114/><G40/><T110/><D93/><U23/><E23/><V106/><F106/><W31/><G31/><N who="0" m="17895" /><D110/><U116/><E80/><V90/><F103/><W85/><G114/><T32/><D32/><U53/><E89/><V128/><F128/><W16/><G85/><T22/><D22/><U63/><E116/><V119/><F119/><W84/><G84/><T19/><D19/><U69/><E63/><V112/><F60/><W21/><G33/><T0/><D0/><U78/><E78/><V101/><F101/><W118/><G118/><T54/><AGARI ba="1,0" hai="54,55,56,58,61,62,96,98,124,125,127" m="17895" machi="54" ten="30,3000,0" yaku="18,1,52,1" doraHai="24" who="0" fromWho="0" sc="169,33,148,-11,211,-11,472,-11" /><INIT seed="4,2,0,1,2,126" ten="202,137,200,461" oya="0" hai0="59,21,93,115,49,24,95,13,132,5,104,57,90" hai1="44,54,48,20,99,135,26,32,134,16,2,100,72" hai2="43,127,3,75,36,22,34,110,51,80,58,96,39" hai3="103,28,118,92,113,50,40,18,23,41,81,76,64"/><T69/><D104/><U125/><E72/><V120/><F34/><W105/><G105/><T122/><D69/><U63/><E125/><V91/><F3/><W94/><G28/><T12/><D122/><U61/><E2/><V119/><F110/><W1/><G1/><T29/><D115/><U102/><E32/><V8/><F120/><W10/><G10/><N who="0" m="4175" /><D132/><U121/><E121/><V133/><F75/><W101/><G118/><T83/><D13/><U107/><REACH who="1" step="1"/><E102/><REACH who="1" ten="202,127,200,461" step="2"/><V56/><F127/><W0/><G103/><T4/><D4/><U25/><E25/><V19/><F119/><W123/><G101/><T60/><D95/><U114/><E114/><V65/><F133/><AGARI ba="2,1" hai="16,20,26,44,48,54,61,63,99,100,107,133,134,135" machi="133" ten="40,5200,0" yaku="1,1,20,1,54,1,53,0" doraHai="126" doraHaiUra="85" who="1" fromWho="2" sc="202,0,127,68,200,-58,461,0" /><INIT seed="5,0,0,2,0,131" ten="202,195,142,461" oya="1" hai0="82,62,37,101,111,105,113,21,32,77,57,84,26" hai1="1,87,3,132,135,6,91,79,106,44,33,7,115" hai2="85,59,0,45,112,16,81,126,94,4,130,97,118" hai3="5,129,54,35,73,86,58,18,121,10,20,83,28"/><U8/><E115/><V71/><F118/><W102/><G73/><T15/><D111/><U119/><E119/><V13/><F71/><W48/><G129/><T52/><D37/><U80/><E33/><V124/><F130/><W99/><G35/><T68/><D68/><U72/><E106/><V46/><F112/><W66/><G28/><T127/><D113/><U12/><E44/><V92/><F59/><W109/><G66/><T67/><D127/><N who="2" m="48682" /><F4/><W50/><G50/><T120/><D32/><U78/><E78/><N who="2" m="46263" /><F0/><W34/><G34/><T19/><D105/><U60/><E60/><V38/><F38/><W14/><G109/><T43/><D101/><U116/><E116/><V93/><F97/><W31/><G31/><N who="0" m="17871" /><D120/><U42/><E42/><V29/><F29/><W70/><G70/><T23/><D43/><U17/><E6/><V30/><F30/><W40/><G40/><T36/><D36/><U98/><E98/><V96/><F96/><W95/><G121/><T69/><D69/><U100/><E100/><V49/><F49/><W2/><G2/><T24/><D67/><U104/><E104/><V89/><F89/><N who="3" m="51423" /><G5/><T133/><D62/><U39/><E39/><V117/><F117/><W74/><G74/><T11/><D57/><U22/><REACH who="1" step="1"/><E1/><REACH who="1" ten="202,185,142,461" step="2"/><V123/><F123/><W110/><G110/><T122/><D122/><U41/><E41/><V88/><F88/><W128/><G128/><T25/><D77/><U76/><E76/><V56/><F56/><W114/><G114/><T125/><D125/><U75/><E75/><V65/><F65/><W55/><G55/><RYUUKYOKU ba="0,1" sc="202,-30,185,10,142,10,461,10" hai1="3,7,8,12,17,22,72,79,80,87,91,132,135" hai2="13,16,45,46,92,93,94" hai3="10,14,18,20,48,54,58,95,99,102" /><INIT seed="5,1,1,3,2,33" ten="172,195,152,471" oya="1" hai0="73,22,48,79,1,15,31,32,46,118,130,103,71" hai1="40,49,122,78,69,88,25,27,128,18,95,99,21" hai2="74,84,5,65,131,28,116,60,97,85,8,64,20" hai3="82,10,91,13,72,133,120,39,4,81,55,68,93"/><U134/><E122/><V43/><F74/><W107/><G107/><T100/><D71/><U87/><E69/><V121/><F116/><W24/><G72/><T80/><D118/><U0/><E0/><V101/><F121/><W112/><G39/><T19/><D130/><U119/><E134/><V52/><F43/><W57/><G68/><T83/><D1/><U11/><E128/><V14/><F131/><W53/><G112/><T105/><D105/><U37/><E37/><V9/><F9/><W127/><G127/><T132/><D132/><U98/><E119/><V129/><F129/><W58/><G24/><T30/><D80/><N who="1" m="47511" /><E11/><V67/><F28/><W26/><G26/><T104/><D32/><U38/><E38/><V76/><F20/><W90/><G133/><T61/><D61/><U113/><E113/><V44/><F76/><W126/><G126/><T29/><REACH who="0" step="1"/><D104/><REACH who="0" ten="162,195,152,471" step="2"/><U111/><E111/><V54/><F60/><W106/><G106/><T56/><D56/><N who="3" m="21609" /><G120/><T63/><D63/><U59/><E59/><V3/><F3/><W2/><G2/><T77/><D77/><U86/><E27/><V45/><F45/><AGARI ba="1,2" hai="18,21,25,40,45,49,86,88,95,98,99" m="47511" machi="45" ten="30,2900,0" yaku="8,1,54,1" doraHai="33" who="1" fromWho="2" sc="162,0,195,52,152,-32,471,0" /><INIT seed="5,2,0,3,5,16" ten="162,247,120,471" oya="1" hai0="130,106,17,123,94,13,62,110,59,9,82,93,77" hai1="11,113,116,72,61,99,38,8,44,127,89,129,57" hai2="53,109,36,58,95,103,47,27,54,26,108,126,41" hai3="50,40,60,86,114,73,128,3,31,5,33,101,51"/><U34/><E72/><V91/><F126/><W135/><G73/><T29/><D110/><U133/><E34/><V52/><F103/><W84/><G33/><T4/><D106/><U76/><E116/><V66/><F66/><W12/><G3/><T121/><D130/><U98/><E76/><V88/><F58/><W131/><G31/><T83/><D29/><U79/><E79/><V69/><F69/><W65/><G101/><T10/><D121/><U132/><E113/><V32/><F32/><W67/><G135/><N who="1" m="51786" /><E129/><V63/><F63/><W19/><G114/><T35/><D35/><U18/><E89/><V75/><F75/><W100/><G100/><T30/><D30/><U21/><E38/><V28/><F91/><W134/><G134/><T92/><D77/><U102/><E44/><V125/><F125/><W22/><G131/><T122/><D122/><U107/><E99/><V14/><F14/><W55/><G128/><T37/><D37/><U43/><E43/><V105/><F105/><W20/><G40/><T118/><D118/><U2/><E2/><V24/><REACH who="2" step="1"/><F28/><REACH who="2" ten="162,247,110,471" step="2"/><W90/><G90/><T74/><D74/><U64/><E127/><V81/><F81/><W56/><G12/><AGARI ba="2,1" hai="8,11,12,18,21,57,61,64,98,102,107" m="51786" machi="12" ten="30,2900,0" yaku="20,1,52,1" doraHai="16" who="1" fromWho="3" sc="162,0,247,45,110,0,471,-35" /><INIT seed="5,3,0,2,1,128" ten="162,292,110,436" oya="1" hai0="49,123,64,16,18,109,121,50,39,31,36,3,124" hai1="111,79,41,42,135,21,72,54,12,95,89,104,61" hai2="107,6,91,84,62,90,114,99,101,118,10,96,68" hai3="76,112,26,37,1,66,45,38,24,100,71,17,22"/><U94/><E104/><V46/><F118/><W133/><G1/><T75/><D109/><U125/><E125/><V116/><F116/><W120/><G120/><N who="0" m="46155" /><D3/><U86/><E135/><V117/><F117/><W5/><G133/><T48/><D75/><U25/><E72/><V9/><F114/><W30/><G5/><T74/><D74/><U81/><E12/><V130/><F130/><W85/><G100/><T44/><D31/><N who="1" m="17839" /><E111/><V13/><F99/><W88/><G76/><T119/><D119/><U82/><E82/><V122/><F122/><W32/><G112/><T126/><D64/><U34/><E34/><V8/><F46/><W28/><G66/><T77/><D77/><U43/><E79/><V55/><F91/><W20/><G71/><T0/><D0/><U93/><E61/><V23/><F68/><W103/><G45/><T47/><D47/><U63/><E63/><V58/><REACH who="2" step="1"/><F23/><REACH who="2" ten="162,292,100,436" step="2"/><W113/><G113/><T80/><D44/><U40/><E89/><V59/><F59/><W73/><G88/><T52/><D36/><U53/><E42/><V2/><F2/><W97/><G38/><T11/><D39/><U33/><E33/><V27/><F27/><W65/><G37/><T98/><D98/><U102/><E41/><V129/><F129/><W70/><G97/><T92/><D124/><U29/><E40/><V69/><F69/><W108/><G70/><T19/><D126/><U110/><E43/><V67/><F67/><W15/><G65/><T105/><D105/><U51/><E110/><V131/><F131/><W14/><G108/><T35/><D35/><RYUUKYOKU ba="3,1" sc="162,-10,292,-10,100,30,436,-10" hai2="6,8,9,10,13,55,58,62,84,90,96,101,107" /><INIT seed="6,4,1,3,2,44" ten="152,282,130,426" oya="2" hai0="53,110,17,92,113,80,1,130,94,20,116,79,59" hai1="102,77,27,43,97,83,135,13,134,63,3,38,107" hai2="117,69,133,100,49,9,109,84,23,56,128,8,65" hai3="120,4,29,19,118,106,127,32,50,48,85,132,36"/><V101/><F117/><W24/><G106/><T0/><D110/><U51/><E3/><V6/><F109/><W66/><G36/><T126/><D116/><U40/><E38/><V54/><F133/><N who="1" m="50697" /><E63/><N who="2" m="38119" /><F69/><W131/><G120/><T60/><D113/><U61/><E61/><V45/><F128/><W93/><G132/><T115/><D115/><U98/><E98/><V99/><F99/><W76/><G131/><T86/><D126/><U78/><E27/><V95/><F23/><W74/><G74/><T121/><D121/><U39/><E39/><V12/><F9/><W124/><G118/><T30/><D30/><U90/><E13/><V52/><F54/><W7/><G66/><T123/><D123/><U88/><E77/><V11/><F11/><W91/><G76/><T72/><D130/><U58/><E58/><V21/><F21/><N who="3" m="13375" /><G32/><T57/><D72/><N who="1" m="43463" /><E40/><V105/><F105/><W125/><G29/><T47/><D0/><U41/><E41/><V108/><F108/><W122/><G122/><T75/><D75/><U18/><E18/><V71/><F71/><W68/><G68/><T15/><D1/><U37/><E37/><V62/><F62/><W70/><G70/><T81/><D47/><AGARI ba="4,1" hai="43,47,51,88,90,97,102,107" m="43463,50697" machi="47" ten="30,3900,0" yaku="20,1,52,1,54,1" doraHai="44" who="1" fromWho="0" sc="152,-51,282,61,130,0,426,0" /><INIT seed="7,0,0,0,3,42" ten="101,343,130,426" oya="3" hai0="84,8,60,44,28,113,25,69,105,0,54,112,23" hai1="131,64,90,45,71,61,58,1,83,53,34,130,75" hai2="40,85,21,7,101,33,106,74,111,102,20,18,80" hai3="99,30,12,119,70,68,129,16,115,116,24,41,17"/><W81/><G41/><T43/><D105/><U76/><E34/><V103/><F33/><W3/><G3/><T38/><D84/><U98/><E1/><V126/><F74/><W132/><G16/><T31/><D0/><U29/><E29/><V27/><F111/><W35/><G115/><N who="0" m="44107" /><D8/><U67/><E67/><V87/><F126/><W46/><G46/><T37/><D37/><U63/><E130/><V109/><F109/><W2/><G2/><T10/><D10/><U118/><E131/><V95/><F106/><W22/><G132/><T47/><D47/><U66/><E118/><V86/><F7/><W6/><G6/><T56/><D69/><U51/><E98/><N who="2" m="59615" /><F40/><W13/><G13/><T89/><D89/><U39/><E90/><N who="2" m="51495" /><F86/><W107/><G129/><T14/><D14/><U91/><E91/><V78/><F21/><W5/><G5/><T9/><D9/><U121/><E121/><V127/><F127/><W19/><G19/><AGARI ba="0,0" hai="19,23,25,28,31,38,43,44,54,56,60" m="44107" machi="19" ten="30,3900,0" yaku="15,1,11,1,52,1" doraHai="42" who="0" fromWho="3" sc="101,39,343,0,130,0,426,-39" owari="140,-26.0,343,14.0,130,-37.0,387,49.0" /></mjloggm>