<mjloggm ver="2.3"><GO type="169" lobby="0"/><UN n0="%E3%82%A6%E3%83%AB%E3%83%88%E3%83%A9%E7%AB%8B%E7%9B%B4" n1="%35%79%61" n2="%73%61%6E%64%69%72%69%73" n3="%72%69%6F%75%63%68%61%6E" dan="17,16,16,16" rate="2157.46,2121.13,2103.87,2088.85" sx="M,M,M,M"/><TAIKYOKU oya="0"/><INIT seed="0,0,0,4,5,86" ten="250,250,250,250" oya="0" hai0="108,2,55,42,9,23,121,21,61,117,78,69,93" hai1="95,122,70,119,52,25,103,47,94,83,14,13,81" hai2="113,88,126,85,114,20,54,105,91,44,15,87,120" hai3="51,128,48,106,73,39,45,80,8,36,6,97,65"/><T1/><D121/><U49/><E119/><V82/><F120/><W115/><G115/><T34/><D117/><U110/><E70/><V12/><F105/><W24/><G128/><T32/><D42/><U56/><E110/><V102/><F102/><W90/><G65/><T26/><D78/><U33/><E122/><V40/><F126/><W19/><G106/><T109/><D55/><U59/><E33/><N who="0" m="12905" /><D61/><U62/><E25/><V104/><F104/><W41/><G39/><T131/><D93/><N who="1" m="35339" /><E103/><V30/><F54/><W129/><G97/><T57/><D57/><N who="1" m="22091" /><E62/><V133/><F133/><W135/><G129/><T116/><D69/><U134/><E134/><V98/><F98/><W107/><G135/><T79/><D79/><U74/><E74/><V77/><F114/><W101/><G101/><T92/><D92/><U31/><E31/><V28/><F113/><W118/><G107/><T29/><D131/><U0/><E0/><N who="0" m="105" /><D116/><U18/><E14/><N who="2" m="5163" /><F20/><AGARI ba="0,0" hai="13,18,20,47,49,52,81,83" m="22091,35339" machi="20" ten="30,2000,0" yaku="8,1,54,1" doraHai="86" who="1" fromWho="2" sc="250,0,250,20,250,-20,250,0" /><INIT seed="1,0,0,4,3,109" ten="250,270,230,250" oya="1" hai0="106,103,46,38,60,30,96,88,81,22,71,110,112" hai1="62,94,104,52,92,13,58,51,48,23,120,39,122" hai2="44,8,41,128,29,3,47,114,132,31,57,32,129" hai3="61,28,20,54,134,115,77,83,15,45,11,7,121"/><U113/><E104/><V56/><F3/><W131/><G115/><T89/><D110/><U108/><E108/><V80/><F8/><W70/><G121/><T98/><D112/><U97/><E39/><V49/><F132/><W102/><G134/><T135/><D135/><U91/><E113/><V17/><F114/><W9/><G131/><N who="2" m="50249" /><F32/><W12/><G102/><T42/><D81/><U18/><E122/><V25/><F80/><W119/><G119/><T101/><D71/><U82/><E120/><V14/><F47/><W117/><G117/><T133/><D133/><U93/><E82/><V87/><F87/><N who="3" m="48623" /><G70/><T72/><D72/><U43/><E43/><V24/><F24/><N who="3" m="16391" /><G45/><T125/><D125/><U26/><E13/><N who="3" m="5194" /><G7/><T65/><D30/><N who="2" m="11274" /><F14/><W10/><G9/><T124/><D22/><AGARI ba="0,0" hai="17,22,25,41,44,49,56,57" m="11274,50249" machi="22" ten="30,1000,0" yaku="19,1" doraHai="109" who="2" fromWho="0" sc="250,-10,270,0,230,10,250,0" /><INIT seed="2,0,0,5,0,100" ten="240,270,240,250" oya="2" hai0="81,54,47,106,5,3,101,63,122,55,64,16,67" hai1="32,87,19,84,21,33,93,25,24,133,70,121,97" hai2="40,65,85,39,20,88,31,120,42,60,94,23,59" hai3="41,11,48,14,17,123,51,37,76,0,68,79,45"/><V69/><F120/><W83/><G123/><T7/><D122/><U2/><E121/><RYUUKYOKU type="kaze4" ba="0,0" sc="240,0,270,0,240,0,250,0" /><INIT seed="2,1,0,0,3,91" ten="240,270,240,250" oya="2" hai0="125,128,48,104,117,132,47,49,98,2,28,108,13" hai1="100,27,39,121,29,86,6,87,88,64,107,73,45" hai2="36,8,52,10,123,81,37,126,93,3,34,122,63" hai3="129,35,20,95,120,18,84,111,0,26,22,115,23"/><V55/><F34/><W74/><G120/><T116/><D2/><U97/><E121/><V59/><F81/><W7/><G74/><T105/><D28/><U134/><E134/><V71/><F71/><W83/><G111/><T82/><D132/><U85/><E73/><V12/><F126/><W119/><G119/><N who="0" m="45643" /><D108/><U57/><E6/><V76/><F76/><W106/><G106/><T42/><D128/><U75/><E75/><V56/><F3/><W133/><G129/><T113/><D113/><U92/><E39/><V40/><F40/><W21/><G133/><T109/><D109/><U51/><E64/><V53/><F53/><W114/><G35/><T31/><D31/><U103/><E57/><V16/><F10/><W68/><G68/><T43/><D13/><U4/><E4/><V60/><F123/><W9/><REACH who="3" step="1"/><G95/><REACH who="3" ten="240,270,240,240" step="2"/><T124/><D104/><U77/><E107/><V24/><F122/><W54/><G54/><T14/><D105/><U17/><E77/><AGARI ba="1,1" hai="0,7,9,18,20,21,22,23,26,77,83,84,114,115" machi="77" ten="40,1300,0" yaku="1,1,53,0" doraHai="91" doraHaiUra="66" who="3" fromWho="1" sc="240,0,270,-16,240,0,240,26" /><INIT seed="3,0,0,2,4,120" ten="240,254,240,266" oya="3" hai0="33,107,85,31,46,58,20,88,69,112,128,93,30" hai1="13,6,38,102,98,97,70,55,8,48,126,29,21" hai2="124,3,72,78,134,5,106,111,131,15,61,2,23" hai3="54,91,127,53,18,108,14,117,62,45,43,87,133"/><W19/><G108/><T115/><D69/><U49/><E70/><V57/><F106/><W41/><G117/><T7/><D128/><U65/><E65/><V83/><F131/><W26/><G127/><T12/><D33/><U0/><E126/><V105/><F105/><W116/><G116/><T63/><D107/><U129/><E129/><V96/><F124/><W40/><G133/><T99/><D46/><U9/><E38/><V56/><F134/><W64/><G26/><T95/><D7/><U22/><E29/><V92/><F111/><W36/><G36/><T135/><D135/><U119/><E119/><V32/><F32/><W60/><G18/><N who="0" m="10311" /><D115/><U77/><E77/><V130/><F130/><W39/><G39/><T122/><D122/><U82/><E82/><V27/><F57/><N who="3" m="36879" /><G62/><T66/><D112/><U113/><E113/><V51/><F51/><N who="3" m="28911" /><G54/><T94/><D99/><U123/><E123/><V84/><F72/><W81/><G41/><T47/><D47/><U37/><E37/><V132/><F132/><W50/><G50/><T125/><D125/><U71/><E49/><V24/><F2/><W25/><G25/><T73/><D73/><U17/><E97/><V52/><F3/><W68/><G68/><T42/><D42/><U44/><E71/><V110/><F110/><W35/><G35/><T80/><AGARI ba="0,0" hai="30,31,58,63,66,80,85,88,93,94,95" m="10311" machi="80" ten="30,2000,0" yaku="8,1,54,1" doraHai="120" who="0" fromWho="0" sc="240,20,254,-5,240,-5,266,-10" /><INIT seed="4,0,0,2,5,112" ten="260,249,235,256" oya="0" hai0="76,63,126,22,2,15,65,49,42,125,31,71,95" hai1="107,80,68,19,21,56,130,123,131,20,114,34,124" hai2="24,9,38,25,116,43,67,83,72,53,57,98,27" hai3="64,106,97,89,28,35,110,6,26,54,66,41,119"/><T90/><D2/><U79/><E123/><V1/><F67/><W8/><G119/><T14/><D76/><U102/><E68/><V52/><F116/><W81/><G110/><T37/><D37/><U47/><E114/><V135/><F135/><W16/><G41/><T86/><D31/><U88/><E34/><V104/><F57/><W70/><G16/><T111/><D111/><U77/><E47/><N who="2" m="24055" /><F98/><W7/><G54/><T13/><REACH who="0" step="1"/><D22/><REACH who="0" ten="250,249,235,256" step="2"/><U101/><E21/><V133/><F133/><W117/><G28/><T40/><D40/><U132/><E20/><V3/><F3/><W74/><G35/><T17/><D17/><U118/><E19/><V84/><F104/><W44/><G106/><T120/><D120/><U58/><E79/><N who="2" m="44519" /><F84/><W51/><G74/><T121/><D121/><U78/><E77/><V11/><F11/><W87/><G8/><T0/><D0/><U32/><E78/><V100/><F100/><W10/><G87/><T93/><D93/><U127/><E107/><V29/><F29/><W134/><G10/><T48/><D48/><U122/><E32/><V5/><AGARI ba="0,1" hai="1,5,9,24,25,27,52,53" m="44519,24055" machi="5" ten="30,2000,0" yaku="25,1,54,1" doraHai="112" who="2" fromWho="2" sc="250,-10,249,-5,235,30,256,-5" /><INIT seed="5,0,0,2,0,61" ten="240,244,265,251" oya="1" hai0="80,76,66,40,17,60,93,48,65,52,114,35,18" hai1="129,4,55,44,57,133,14,89,20,64,10,84,112" hai2="122,12,26,53,118,130,16,109,56,39,134,2,103" hai3="7,45,121,135,107,124,67,75,0,30,72,19,3"/><U37/><E112/><V43/><F2/><W96/><G121/><T32/><D114/><U24/><E129/><V50/><F109/><W23/><G30/><T71/><D40/><U82/><E133/><V81/><F118/><W78/><G135/><T126/><D126/><U92/><E37/><V25/><F122/><W94/><G124/><T79/><D93/><U123/><E123/><V91/><F103/><W108/><G108/><T59/><D66/><U85/><E44/><N who="2" m="25887" /><F39/><W6/><G107/><T51/><D48/><N who="1" m="30951" /><E64/><V117/><F117/><W110/><G110/><T106/><D106/><U120/><E120/><V42/><F42/><W119/><G119/><T1/><D1/><U101/><E101/><V86/><F130/><W77/><G75/><T131/><D131/><U127/><E127/><V88/><F91/><N who="3" m="55391" /><G72/><T83/><D32/><U5/><E5/><N who="3" m="1546" /><G67/><T29/><D29/><N who="1" m="17543" /><E82/><V132/><F132/><W27/><G0/><T69/><D35/><U21/><E21/><N who="2" m="11399" /><F134/><W115/><G3/><T125/><D125/><U111/><E111/><V47/><F47/><W46/><G115/><T97/><D71/><U62/><E62/><AGARI ba="0,0" hai="25,26,53,56,62,81,86,88" m="11399,25887" machi="62" ten="30,3900,0" yaku="8,1,54,2" doraHai="61" who="2" fromWho="1" sc="240,0,244,-39,265,39,251,0" /><INIT seed="6,0,0,1,3,19" ten="240,205,304,251" oya="2" hai0="112,128,42,48,88,123,3,78,39,132,100,22,71" hai1="93,9,57,12,41,58,29,45,65,107,124,24,101" hai2="26,16,72,7,98,121,44,52,15,28,125,91,87" hai3="115,102,127,79,114,77,69,73,105,31,10,129,34"/><V116/><F72/><W43/><G69/><T68/><D123/><U33/><E124/><V64/><F116/><W92/><G127/><T14/><D3/><U11/><E107/><V51/><F121/><W133/><G105/><T118/><D39/><U109/><E109/><V6/><F64/><W59/><G129/><T85/><D128/><U96/><E65/><V49/><F98/><N who="3" m="59719" /><G73/><T8/><D100/><U86/><E86/><V23/><F51/><W103/><G103/><T46/><D78/><U66/><E66/><V135/><F135/><W18/><G133/><T17/><D132/><U30/><E30/><V81/><REACH who="2" step="1"/><F125/><REACH who="2" ten="240,205,294,251" step="2"/><W99/><G99/><T70/><D118/><U74/><E74/><V80/><F80/><W1/><G115/><T110/><D112/><U37/><REACH who="1" step="1"/><E9/><AGARI ba="0,1" hai="6,7,9,15,16,23,26,28,44,49,52,81,87,91" machi="9" ten="30,24000,3" yaku="1,1,7,1,25,2,8,1,52,1,54,2,53,1" doraHai="19" doraHaiUra="13" who="2" fromWho="1" sc="240,0,205,-240,294,250,251,0" owari="240,-16.0,-35,-54.0,544,65.0,251,5.0" /></mjloggm>