<mjloggm ver="2.3"><GO type="97" lobby="0"/><UN n0="%64%76%63%68%61" n1="%54%45%4E%31%31" n2="%E5%B0%B1%E6%B4%BB%E7%94%9F%40%E5%B7%9D%E6%9D%91%E8%BB%8D%E5%9B%A3" n3="%50%61%6E%74%61%6E%69" dan="15,14,15,14" rate="2013.15,1986.21,2027.21,1879.52" sx="M,F,M,F"/><TAIKYOKU oya="0"/><INIT seed="0,0,0,3,4,37" ten="250,250,250,250" oya="0" hai0="67,23,69,102,95,81,84,107,73,70,8,21,51" hai1="57,11,93,98,38,129,28,2,20,35,6,119,78" hai2="19,76,40,120,79,74,80,134,85,39,101,106,44" hai3="45,117,109,88,12,127,123,41,118,86,58,60,46"/><T124/><D124/><U61/><E119/><V9/><F120/><W83/><G123/><T33/><D33/><U13/><E38/><V25/><F134/><W43/><G127/><T15/><D73/><U122/><E122/><V64/><F64/><N who="3" m="38935" /><G109/><T113/><D107/><U104/><E78/><V100/><F106/><W27/><G118/><T26/><D113/><U103/><E129/><V48/><F39/><W66/><G117/><T82/><D69/><U47/><E47/><N who="3" m="17930" /><G66/><T132/><D132/><U4/><E35/><V49/><F49/><W89/><G89/><N who="0" m="53671" /><D70/><U126/><E104/><V42/><F74/><W34/><G34/><T112/><D112/><U105/><E105/><V10/><F79/><W114/><G114/><T16/><D67/><N who="1" m="39343" /><E2/><V62/><F62/><W116/><G116/><T108/><D102/><N who="2" m="39530" /><F40/><N who="3" m="15435" /><G12/><T5/><D108/><U99/><E126/><V14/><F25/><AGARI ba="0,0" hai="25,27,83,86,88" m="15435,17930,38935" machi="25" ten="30,8000,1" yaku="8,1,52,3,54,1" doraHai="37" who="3" fromWho="2" sc="250,0,250,0,250,-80,250,80" /><INIT seed="1,0,0,5,3,52" ten="250,250,170,330" oya="1" hai0="59,117,66,101,119,81,104,118,38,41,44,74,77" hai1="98,68,40,8,78,72,128,114,17,31,65,23,87" hai2="90,134,57,26,21,100,39,99,47,33,109,37,55" hai3="113,112,135,86,108,85,25,76,4,2,13,60,43"/><U122/><E114/><V36/><F33/><W3/><G43/><T105/><REACH who="0" step="1"/><D101/><REACH who="0" ten="240,250,170,330" step="2"/><U131/><E128/><V28/><F134/><W111/><G112/><T50/><D50/><U5/><E131/><V48/><F109/><W7/><G113/><T9/><D9/><U6/><E8/><V82/><F82/><W0/><G111/><T130/><D130/><U124/><E122/><V53/><F90/><W133/><G108/><T32/><D32/><U116/><E116/><V15/><F15/><W54/><G13/><T69/><D69/><U58/><E68/><V10/><F10/><W96/><G2/><T123/><D123/><U34/><E34/><V89/><F89/><W14/><G14/><T110/><D110/><U22/><E23/><V92/><REACH who="2" step="1"/><F53/><REACH who="2" ten="240,250,160,330" step="2"/><W1/><G54/><T51/><D51/><U45/><E22/><V46/><AGARI ba="0,2" hai="21,26,28,36,37,39,46,47,48,55,57,92,99,100" machi="46" ten="40,8000,1" yaku="1,1,2,1,0,1,52,1,53,0" doraHai="52" doraHaiUra="63" who="2" fromWho="2" sc="240,-20,250,-40,160,100,330,-20" /><INIT seed="2,0,0,5,5,53" ten="220,210,260,310" oya="2" hai0="113,75,37,67,79,8,0,59,15,51,22,73,115" hai1="63,20,16,9,93,45,18,24,102,120,80,121,87" hai2="90,81,126,26,64,49,36,103,97,7,5,109,86" hai3="89,69,111,28,117,29,3,56,108,39,58,130,76"/><V50/><F36/><W77/><G39/><T85/><D37/><U101/><E45/><V62/><F126/><W131/><G69/><T99/><D0/><U112/><E112/><V14/><F26/><W17/><G17/><T125/><D125/><U1/><E63/><V132/><F132/><W68/><G68/><T65/><D22/><U46/><E46/><V88/><F109/><W82/><G89/><T12/><D85/><U105/><E105/><V104/><F90/><W4/><G82/><T55/><D99/><U95/><E101/><V114/><F114/><W78/><G117/><T92/><D92/><U98/><E95/><V91/><F91/><W134/><G134/><T94/><D94/><U32/><E32/><V40/><F40/><W129/><G4/><T42/><D42/><U21/><E9/><V2/><F2/><W19/><G19/><T47/><D115/><U110/><E1/><V122/><F122/><N who="1" m="47209" /><E110/><N who="3" m="42026" /><G3/><T35/><D113/><U133/><E133/><V71/><REACH who="2" step="1"/><F7/><REACH who="2" ten="220,210,250,310" step="2"/><W30/><AGARI ba="0,1" hai="28,29,30,56,58,76,77,78,129,130,131" m="42026" machi="30" ten="50,16000,3" yaku="29,2,28,2,19,1,14,1,52,2" doraHai="53" who="3" fromWho="3" sc="220,-40,210,-40,250,-80,310,170" /><INIT seed="3,0,0,4,2,3" ten="180,170,170,480" oya="3" hai0="95,115,4,27,52,120,36,130,62,123,109,135,91" hai1="34,121,93,26,116,18,42,40,65,67,44,12,61" hai2="74,11,131,113,58,1,45,25,54,29,122,125,128" hai3="50,70,119,102,31,124,97,72,57,107,48,118,86"/><W41/><G70/><T76/><D36/><U32/><E121/><V16/><F74/><W82/><G72/><T81/><D27/><U111/><E116/><V21/><F113/><W88/><G124/><T46/><D115/><U98/><E111/><V89/><F122/><W10/><G31/><T24/><D24/><U56/><E67/><V64/><F125/><W96/><G96/><T23/><D23/><U7/><E7/><N who="2" m="1519" /><F64/><W47/><G10/><T13/><D135/><U126/><E126/><V87/><F45/><W68/><G68/><T85/><D130/><N who="2" m="49706" /><F29/><W19/><G19/><T99/><D109/><U6/><E6/><V84/><F89/><W129/><G129/><T14/><D4/><U117/><E117/><V83/><F83/><W8/><G8/><T112/><D112/><U53/><E26/><V90/><F90/><W28/><G28/><T15/><D123/><U33/><E65/><V73/><F73/><W133/><G133/><T0/><D120/><U104/><E44/><V105/><F105/><W17/><G17/><T38/><D0/><U127/><E104/><V79/><F79/><W2/><G2/><T108/><D108/><U78/><E78/><V49/><AGARI ba="0,0" hai="16,21,25,49,54,58,84,87" m="49706,1519" machi="49" ten="30,4000,0" yaku="19,1,52,1,54,1" doraHai="3" who="2" fromWho="2" sc="180,-10,170,-10,170,40,480,-20" owari="170,-23.0,160,-34.0,210,1.0,460,56.0" /></mjloggm>