<mjloggm ver="2.3"><GO type="97" lobby="0"/><UN n0="%75%69%69%70%67" n1="%E5%A4%A9%E8%A1%8C%E8%80%85" n2="%E5%B0%B1%E6%B4%BB%E7%94%9F%40%E5%B7%9D%E6%9D%91%E8%BB%8D%E5%9B%A3" n3="%74%69%2D%68%6F%2D" dan="14,14,14,15" rate="1910.74,1870.38,1994.63,2020.22" sx="M,M,M,M"/><TAIKYOKU oya="0"/><INIT seed="0,0,0,1,5,111" ten="250,250,250,250" oya="0" hai0="89,40,44,112,63,98,22,34,6,5,121,4,66" hai1="70,127,83,23,92,73,78,24,60,61,119,12,133" hai2="19,85,9,13,65,118,35,86,103,117,46,27,3" hai3="37,82,58,41,28,20,115,55,14,109,67,15,7"/><T135/><D34/><U59/><E119/><N who="2" m="45579" /><F103/><W53/><G109/><T18/><D121/><U64/><E133/><V32/><F65/><W76/><G67/><T131/><D135/><U128/><E127/><V96/><F96/><W43/><G37/><T132/><D132/><U56/><E128/><V36/><F3/><W68/><G68/><T102/><D131/><U79/><E92/><V116/><F116/><W100/><G100/><T2/><D2/><U39/><E39/><V91/><F27/><W48/><G53/><T51/><D89/><U16/><E79/><V80/><F85/><N who="3" m="48327" /><G115/><T54/><D112/><U81/><E81/><V38/><F38/><W125/><G125/><T122/><D122/><U94/><E94/><V93/><F93/><W62/><G7/><T87/><D87/><U31/><REACH who="1" step="1"/><E61/><REACH who="1" ten="250,240,250,250" step="2"/><V72/><F72/><W11/><G62/><T21/><D98/><U90/><E90/><V75/><F75/><W77/><G77/><T71/><D102/><U17/><E17/><V106/><F106/><W101/><G101/><T126/><D126/><U113/><E113/><V0/><F36/><W10/><G28/><T52/><D18/><U42/><E42/><N who="3" m="15882" /><G14/><T129/><D129/><U123/><E123/><V84/><F0/><W134/><G134/><T97/><D97/><U33/><AGARI ba="0,1" hai="12,16,23,24,31,33,56,59,60,64,70,73,78,83" machi="33" ten="20,5200,0" yaku="1,1,0,1,7,1,54,1,53,0" doraHai="111" doraHaiUra="47" who="1" fromWho="1" sc="250,-26,240,62,250,-13,250,-13" /><INIT seed="1,0,0,1,2,134" ten="224,302,237,237" oya="1" hai0="23,57,68,113,111,77,91,81,69,16,104,20,49" hai1="24,121,40,102,127,128,72,116,25,95,73,124,39" hai2="63,106,36,58,26,122,31,60,99,66,51,35,52" hai3="30,48,79,13,87,10,50,132,94,129,131,42,59"/><U11/><E116/><V110/><F122/><W96/><G30/><T9/><D113/><U65/><E121/><V6/><F110/><W114/><G114/><T119/><D119/><U70/><E11/><V28/><F36/><W3/><G3/><T56/><D104/><U82/><E102/><N who="2" m="62815" /><F31/><W98/><G132/><T12/><D111/><U135/><E135/><V17/><F17/><W53/><G96/><T83/><D91/><U29/><E128/><V130/><F6/><W71/><G71/><T64/><D64/><U85/><E65/><V126/><F130/><N who="3" m="49675" /><G87/><N who="0" m="48559" /><D83/><U5/><E70/><N who="2" m="42311" /><F63/><N who="3" m="36335" /><G79/><T33/><D33/><U22/><E73/><V118/><F118/><W47/><G94/><T55/><D69/><U37/><E95/><V8/><F8/><W117/><G98/><T88/><D68/><U0/><E72/><V46/><F46/><W107/><G107/><T7/><D57/><U80/><E39/><V4/><F4/><N who="3" m="3271" /><G117/><T123/><D123/><U90/><E37/><AGARI ba="0,0" hai="37,42,47,48,50" m="3271,36335,49675" machi="37" ten="30,1000,0" yaku="19,1" doraHai="134" who="3" fromWho="1" sc="224,0,302,-10,237,0,237,10" /><INIT seed="2,0,0,2,1,83" ten="224,292,237,247" oya="2" hai0="122,68,69,63,3,43,91,9,53,42,85,54,64" hai1="13,121,135,112,60,71,76,57,26,2,56,67,113" hai2="29,66,89,7,18,87,6,94,35,82,5,37,24" hai3="95,123,131,84,51,59,61,130,81,27,49,45,17"/><V88/><F37/><W46/><G95/><T124/><D122/><U21/><E121/><V92/><F66/><W75/><G75/><T48/><D124/><U117/><E117/><V10/><REACH who="2" step="1"/><F89/><REACH who="2" ten="224,292,227,247" step="2"/><N who="3" m="51343" /><G123/><T115/><D115/><U58/><E113/><V126/><F126/><W74/><G74/><T39/><D39/><U104/><E112/><V108/><F108/><W80/><G80/><T70/><D68/><U97/><E71/><V99/><F99/><W128/><G46/><T93/><D70/><U79/><E97/><V23/><F23/><N who="3" m="13807" /><G45/><T34/><D69/><U98/><E98/><V72/><F72/><W4/><G4/><T107/><D64/><AGARI ba="0,1" hai="49,51,59,61,64,128,130,131" m="13807,51343" machi="64" ten="30,2000,0" yaku="19,1,52,1" doraHai="83" who="3" fromWho="0" sc="224,-20,292,0,227,0,247,30" /><INIT seed="3,0,0,1,4,57" ten="204,292,227,277" oya="3" hai0="118,41,21,2,25,92,110,103,52,56,58,20,28" hai1="6,113,104,1,127,105,112,55,88,31,39,49,125" hai2="108,95,62,63,129,23,76,24,19,5,131,133,72" hai3="32,51,14,38,15,69,75,78,48,91,102,36,83"/><W135/><G69/><T97/><D118/><U11/><E39/><V7/><F108/><W40/><G102/><T60/><D110/><U16/><E31/><V34/><F133/><W4/><G32/><T27/><D2/><U116/><E116/><V29/><F95/><W50/><G135/><T132/><D132/><U93/><E105/><V26/><F76/><W70/><G70/><T121/><D121/><U64/><E64/><V66/><F72/><W37/><G91/><T77/><D77/><U130/><E16/><N who="2" m="12391" /><F66/><W106/><G106/><T115/><D115/><U35/><E35/><V44/><F44/><W124/><G40/><T9/><D9/><U80/><E80/><V134/><F19/><W89/><G4/><N who="2" m="1609" /><F134/><W61/><G124/><N who="1" m="47690" /><E104/><V111/><F111/><W114/><G114/><T123/><D123/><U43/><E130/><AGARI ba="0,0" hai="26,29,34,62,63,129,130,131" m="1609,12391" machi="130" ten="30,7700,0" yaku="19,1,52,2,54,1" doraHai="57" who="2" fromWho="1" sc="204,0,292,-77,227,77,277,0" owari="204,-30.0,215,-18.0,304,40.0,277,8.0" /></mjloggm>