<mjloggm ver="2.3"><GO type="41" lobby="0"/><UN n0="%E3%83%80%E3%83%B3%E3%83%96%E3%82%AB%E3%83%BC%EF%BC%93%E5%8F%B7" n1="%E5%B0%B1%E6%B4%BB%E7%94%9F%40%E5%B7%9D%E6%9D%91%E8%BB%8D%E5%9B%A3" n2="%E6%89%93%E7%89%8C%E3%82%92%E6%AD%A3%E7%A2%BA%E3%81%AB%EF%BC%81" n3="%E3%81%95%E3%82%8A%E3%83%BC%E3%81%99%E3%81%93%E3%81%A3%E3%81%A8" dan="14,14,15,15" rate="1860.38,1986.38,2028.03,1997.87" sx="M,M,M,F"/><TAIKYOKU oya="0"/><INIT seed="0,0,0,2,5,82" ten="250,250,250,250" oya="0" hai0="109,52,46,86,69,72,19,9,66,21,87,93,32" hai1="44,16,79,102,77,49,114,134,89,3,128,80,108" hai2="48,7,33,117,131,54,50,105,107,62,101,58,98" hai3="129,42,132,85,11,0,55,110,13,37,70,119,39"/><T43/><D32/><U40/><E3/><V10/><F131/><W94/><G0/><T88/><D72/><U27/><E114/><V106/><F33/><W76/><G119/><T64/><D109/><U97/><E128/><V118/><F118/><W61/><G129/><T30/><D69/><U74/><E108/><V99/><F117/><W126/><G126/><T31/><D9/><U24/><E134/><V15/><F98/><W135/><G110/><T28/><D43/><U130/><E130/><V125/><F125/><W113/><G113/><T29/><N who="0" m="7680" /><DORA hai="63" /><T78/><D46/><U121/><E121/><V123/><REACH who="2" step="1"/><F123/><REACH who="2" ten="250,250,240,250" step="2"/><W60/><G132/><T51/><D51/><AGARI ba="0,1" hai="7,10,15,48,50,51,54,58,62,99,101,105,106,107" machi="51" ten="40,8000,1" yaku="1,1,2,1,53,2" doraHai="82,63" doraHaiUra="6,56" who="2" fromWho="0" sc="250,-80,250,0,240,90,250,0" /><INIT seed="1,0,0,1,3,101" ten="170,250,330,250" oya="1" hai0="30,27,23,116,47,93,121,73,75,88,48,38,3" hai1="132,1,96,33,81,72,83,91,103,43,64,124,66" hai2="41,2,119,10,118,106,71,117,31,78,18,111,107" hai3="50,127,59,79,85,12,131,35,36,130,55,82,98"/><U60/><E33/><V120/><F71/><W129/><G36/><T24/><D116/><U44/><E1/><V32/><F120/><W135/><G135/><T0/><D121/><U28/><E132/><V123/><F123/><W20/><G35/><T21/><D38/><U54/><E124/><V126/><F111/><W15/><G127/><T16/><D75/><U80/><E28/><V90/><F126/><W115/><G115/><T61/><D61/><U99/><E72/><V74/><F90/><W110/><G110/><T100/><D100/><U5/><E5/><N who="2" m="1335" /><F18/><W25/><REACH who="3" step="1"/><G98/><REACH who="3" ten="170,250,330,240" step="2"/><T113/><D113/><U114/><E114/><V104/><F119/><W42/><G42/><T128/><D128/><U58/><E91/><V65/><F41/><W53/><G53/><T52/><REACH who="0" step="1"/><D73/><REACH who="0" ten="160,250,330,240" step="2"/><U17/><E103/><V87/><F74/><W92/><G92/><T109/><D109/><U22/><E66/><V49/><F65/><W97/><G97/><AGARI ba="0,2" hai="0,3,16,21,23,24,27,30,47,48,52,88,93,97" machi="97" ten="30,8000,1" yaku="1,1,7,1,54,3,53,0" doraHai="101" doraHaiUra="7" who="0" fromWho="3" sc="160,100,250,0,330,0,240,-80" /><INIT seed="2,0,0,3,1,21" ten="260,250,330,160" oya="2" hai0="63,65,19,13,66,122,46,1,79,0,75,61,82" hai1="52,17,12,55,20,110,43,124,27,117,48,26,95" hai2="39,134,56,106,104,115,15,112,49,125,121,85,88" hai3="7,132,23,127,103,35,41,107,74,51,87,102,130"/><V4/><F39/><W93/><G74/><T89/><D122/><U133/><E117/><V78/><F121/><W24/><G35/><T40/><D89/><U11/><E124/><V80/><F125/><W28/><G127/><T67/><D1/><U8/><E133/><V60/><F134/><W47/><G132/><T59/><D0/><U36/><E110/><V118/><F118/><W84/><G130/><T101/><D101/><U97/><E36/><V14/><F104/><W100/><G107/><T10/><D63/><U86/><E86/><V116/><F106/><W68/><G68/><T98/><D98/><U62/><E62/><V129/><F129/><W64/><G64/><T96/><REACH who="0" step="1"/><D96/><REACH who="0" ten="250,250,330,160" step="2"/><U92/><E97/><V31/><F116/><W123/><G123/><T3/><D3/><U70/><E70/><V30/><F60/><W69/><G69/><T45/><D45/><N who="1" m="25663" /><E95/><V72/><F112/><W57/><G93/><T99/><D99/><U50/><E92/><V109/><F115/><W94/><G94/><T53/><D53/><N who="1" m="20555" /><E50/><AGARI ba="0,1" hai="10,13,19,40,46,50,59,61,65,66,67,75,79,82" machi="50" ten="30,2000,0" yaku="1,1,7,1,53,0" doraHai="21" doraHaiUra="111" who="0" fromWho="1" sc="250,30,250,-20,330,0,160,0" /><INIT seed="3,0,0,4,3,12" ten="280,230,330,160" oya="3" hai0="116,89,35,39,55,100,38,77,79,83,90,113,33" hai1="91,88,107,76,49,93,27,22,97,124,45,21,115" hai2="32,54,19,51,95,74,24,13,62,128,66,135,87" hai3="6,50,110,9,14,120,47,72,20,68,121,4,67"/><W84/><G72/><T60/><D116/><U25/><E115/><V41/><F74/><W42/><G4/><T2/><D2/><U127/><E76/><V28/><F135/><W16/><G110/><T61/><D100/><U111/><E107/><V123/><F128/><W122/><G84/><T15/><D55/><U1/><E1/><V98/><F41/><W3/><REACH who="3" step="1"/><G67/><REACH who="3" ten="280,230,330,150" step="2"/><T58/><D113/><U125/><E111/><V11/><F87/><W26/><G26/><N who="1" m="9738" /><E91/><V96/><F66/><W119/><G119/><T99/><D99/><U8/><E8/><V103/><F98/><W69/><AGARI ba="0,1" hai="3,6,9,14,16,20,42,47,50,68,69,120,121,122" machi="69" ten="40,18000,2" yaku="1,1,0,1,52,1,54,1,53,3" doraHai="12" doraHaiUra="118" who="3" fromWho="3" sc="280,-60,230,-60,330,-60,150,190" /><INIT seed="3,1,0,1,2,122" ten="220,170,270,340" oya="3" hai0="86,47,56,109,78,113,34,2,39,104,93,57,92" hai1="26,114,75,97,49,83,5,118,25,22,70,99,24" hai2="106,90,8,116,123,128,96,40,94,84,91,14,52" hai3="44,9,81,27,73,62,61,74,121,32,119,50,80"/><W100/><G121/><T51/><D39/><U42/><E114/><V48/><F116/><W98/><G119/><T29/><D2/><U130/><E70/><V76/><F128/><W11/><G32/><T37/><D37/><U101/><E118/><V20/><F20/><W10/><G27/><T126/><D104/><U31/><E130/><V129/><F129/><W108/><G108/><T1/><D109/><U53/><E42/><V68/><F68/><W13/><G13/><T36/><D36/><U0/><E0/><V38/><F38/><W41/><G80/><T45/><D1/><U107/><E5/><V120/><F40/><W30/><G30/><T6/><D6/><U77/><REACH who="1" step="1"/><E97/><REACH who="1" ten="220,160,270,340" step="2"/><V15/><F120/><W46/><G41/><T28/><D113/><U135/><E135/><V55/><F96/><W95/><G98/><T102/><D102/><U133/><E133/><V60/><F123/><W112/><G100/><T103/><D103/><U18/><E18/><V72/><F106/><W43/><G43/><T88/><D126/><U19/><E19/><V16/><F16/><W85/><G112/><T115/><D115/><U23/><E23/><V64/><F8/><W4/><G9/><T89/><D34/><U132/><E132/><V71/><F71/><W110/><G10/><T54/><D78/><U69/><E69/><V35/><F35/><W79/><G11/><T125/><D125/><U111/><E111/><V66/><F14/><W33/><G110/><T105/><D105/><U21/><E21/><V67/><F15/><W87/><G33/><T7/><D7/><RYUUKYOKU ba="1,1" sc="220,-10,160,30,270,-10,340,-10" hai1="22,24,25,26,31,49,53,75,77,83,99,101,107" /><INIT seed="4,2,1,3,1,22" ten="210,190,260,330" oya="0" hai0="132,110,9,48,25,91,41,66,128,11,101,127,126" hai1="19,44,123,36,6,17,103,35,94,99,29,119,82" hai2="39,13,72,56,124,55,113,120,76,59,4,23,45" hai3="125,79,52,98,34,95,2,33,97,5,37,67,93"/><T40/><D101/><U83/><E123/><V27/><F120/><W133/><G37/><T50/><D132/><U62/><E119/><V18/><F113/><W43/><G43/><N who="0" m="16459" /><D128/><U58/><E6/><V81/><F124/><N who="0" m="47658" /><D66/><U104/><E104/><V122/><F39/><W15/><G67/><T42/><N who="0" m="16467" /><T86/><DORA hai="88" /><D110/><U69/><E36/><V118/><F118/><W32/><G125/><T74/><D74/><U12/><E44/><V68/><F122/><W57/><G133/><T96/><D96/><U80/><E69/><V10/><REACH who="2" step="1"/><F68/><REACH who="2" ten="210,190,250,330" step="2"/><W130/><G130/><T28/><D50/><AGARI ba="2,2" hai="4,10,13,18,23,27,45,50,55,56,59,72,76,81" machi="50" ten="40,8000,1" yaku="1,1,2,1,52,1,53,1" doraHai="22,88" doraHaiUra="84,3" who="2" fromWho="0" sc="210,-86,190,0,250,106,330,0" /><INIT seed="5,0,0,5,3,132" ten="124,190,356,330" oya="1" hai0="124,30,37,103,3,69,9,59,41,56,2,66,21" hai1="23,17,35,89,125,49,7,77,62,95,27,42,107" hai2="15,39,19,65,126,74,102,70,68,96,131,128,31" hai3="43,8,81,99,122,84,106,44,127,113,100,10,6"/><U94/><E107/><V86/><F39/><W101/><G113/><T20/><D103/><U88/><E35/><V34/><F74/><W91/><G122/><T26/><D69/><U115/><E115/><V33/><F126/><W28/><G28/><T46/><D124/><U82/><E125/><V48/><F48/><W130/><G127/><T109/><D109/><U16/><E7/><V134/><F86/><W87/><G130/><N who="2" m="49705" /><F31/><W75/><G101/><T71/><D21/><U5/><E5/><V54/><F54/><W80/><G6/><T57/><D9/><U118/><E62/><N who="2" m="39991" /><F70/><W72/><G72/><T129/><REACH who="0" step="1"/><D129/><REACH who="0" ten="114,190,356,330" step="2"/><U120/><E120/><V117/><F117/><W105/><G105/><T29/><D29/><U53/><E118/><V22/><F134/><W98/><G106/><AGARI ba="0,1" hai="15,19,22,33,34,96,102,106" m="39991,49705" machi="106" ten="30,1000,0" yaku="19,1" doraHai="132" who="2" fromWho="3" sc="114,0,190,0,356,20,330,-10" /><INIT seed="6,0,0,3,1,118" ten="114,190,376,320" oya="2" hai0="77,60,24,3,89,29,48,117,86,81,41,82,80" hai1="116,128,55,35,78,30,40,28,108,61,87,99,109" hai2="69,88,65,62,71,50,101,85,84,124,104,46,34" hai3="13,64,113,73,16,97,57,19,123,115,4,83,111"/><V15/><F34/><W106/><G111/><T0/><D117/><U42/><E116/><V1/><F1/><W130/><G130/><T68/><D68/><U94/><E128/><V25/><F25/><W76/><G123/><T96/><D60/><U54/><E35/><V93/><F124/><W6/><G64/><T67/><D67/><U32/><E32/><V74/><F74/><W112/><G57/><T95/><D3/><U33/><E33/><V36/><F36/><W63/><G63/><T52/><D41/><N who="1" m="15979" /><E109/><V125/><F125/><W126/><G126/><T98/><D98/><U38/><E38/><V20/><F71/><W22/><G19/><T110/><D0/><U75/><E75/><V90/><F101/><AGARI ba="0,0" hai="4,6,13,16,22,73,76,83,97,101,106,112,113,115" machi="101" ten="40,5200,0" yaku="15,1,11,1,54,1" doraHai="118" who="3" fromWho="2" sc="114,0,190,0,376,-52,320,52" /><INIT seed="7,0,0,1,5,18" ten="114,190,324,372" oya="3" hai0="70,60,26,84,0,42,69,67,21,118,39,107,36" hai1="100,119,99,8,13,61,93,80,133,89,123,121,78" hai2="38,47,76,57,125,63,20,45,15,72,106,66,44" hai3="83,64,116,129,71,135,6,58,55,12,11,128,40"/><W51/><G135/><T41/><D118/><U29/><E119/><V115/><F106/><W43/><G116/><T109/><D109/><U91/><E29/><V50/><F115/><W52/><G83/><T92/><D107/><U97/><E133/><V85/><F72/><W86/><G86/><T48/><D0/><U81/><E61/><V95/><F125/><W111/><G111/><T74/><D74/><U87/><E13/><V46/><F38/><W112/><G112/><T53/><D70/><U28/><E28/><V7/><F7/><W132/><G132/><T54/><D39/><U105/><E8/><V5/><F5/><W24/><G24/><T23/><D36/><U59/><E59/><V31/><F95/><W79/><G79/><T9/><D9/><U4/><E4/><V25/><F85/><AGARI ba="0,0" hai="78,80,81,85,87,89,91,93,97,99,100,105,121,123" machi="85" ten="30,7700,0" yaku="7,1,34,3" doraHai="18" who="1" fromWho="2" sc="114,0,190,77,324,-77,372,0" owari="114,-39.0,267,7.0,247,-15.0,372,47.0" /></mjloggm>