<mjloggm ver="2.3"><GO type="97" lobby="0"/><UN n0="%73%75%6D%32%32%35%35" n1="%70%61%78%65%6C%6C" n2="%E3%83%88%E3%83%88%E3%83%AA%E5%85%88%E7%94%9F%31%39%E6%AD%B3" n3="%63%6F%61" dan="15,15,15,15" rate="1969.68,2021.41,2031.82,2033.50" sx="M,M,F,M"/><TAIKYOKU oya="0"/><INIT seed="0,0,0,5,4,33" ten="250,250,250,250" oya="0" hai0="46,122,118,109,119,67,124,63,90,15,42,125,1" hai1="51,52,66,0,120,107,94,31,56,27,54,39,20" hai2="112,96,72,105,22,102,135,12,73,108,32,103,16" hai3="3,71,11,77,95,30,6,92,55,47,99,128,104"/><T43/><D122/><U116/><E107/><V114/><F32/><W7/><G71/><T18/><D90/><U13/><E39/><V37/><F37/><W86/><G128/><T126/><D18/><U48/><E116/><V79/><F108/><W49/><G30/><T110/><D15/><U14/><E120/><V65/><F135/><W57/><G7/><T88/><D88/><U41/><E0/><V87/><F65/><W80/><REACH who="3" step="1"/><G57/><REACH who="3" ten="250,250,250,240" step="2"/><N who="0" m="37359" /><D1/><U17/><E31/><V113/><F112/><W68/><G68/><T44/><D44/><U34/><E34/><V74/><F114/><W24/><G24/><T29/><D29/><U58/><E27/><V89/><F113/><W36/><G36/><N who="0" m="21831" /><D43/><U50/><E41/><V45/><F45/><W59/><G59/><T106/><D106/><U93/><E58/><V26/><F26/><W115/><G115/><T4/><D4/><U53/><E14/><V78/><REACH who="2" step="1"/><F103/><AGARI ba="0,1" hai="3,6,11,47,49,55,77,80,86,92,95,99,103,104" machi="103" ten="40,2600,0" yaku="1,1,52,1,53,0" doraHai="33" doraHaiUra="130" who="3" fromWho="2" sc="250,0,250,0,250,-26,240,36" /><INIT seed="1,0,0,0,0,62" ten="250,250,224,276" oya="1" hai0="51,103,71,37,73,41,133,60,124,63,38,29,115" hai1="57,2,105,40,17,130,25,126,82,86,88,122,69" hai2="5,32,16,18,76,49,116,45,87,127,113,119,85" hai3="106,100,66,52,132,36,46,78,26,24,79,61,131"/><U68/><E122/><V75/><F32/><W30/><G131/><T28/><D73/><U14/><E2/><V94/><F127/><W44/><G36/><T65/><D103/><U1/><E1/><V19/><F113/><W81/><G132/><T125/><D115/><U128/><E105/><V80/><F5/><W102/><G106/><T99/><D99/><U104/><E104/><V27/><F27/><N who="3" m="10283" /><G30/><T135/><D28/><U110/><E25/><V93/><F75/><W34/><G34/><T23/><D23/><N who="1" m="11703" /><E40/><V107/><F107/><W10/><G10/><T108/><D29/><U109/><E57/><V89/><REACH who="2" step="1"/><F94/><REACH who="2" ten="250,250,214,276" step="2"/><W129/><G52/><AGARI ba="0,1" hai="16,18,19,45,49,52,76,80,85,87,89,93,116,119" machi="52" ten="40,8000,1" yaku="1,1,2,1,54,2,53,0" doraHai="62" doraHaiUra="67" who="2" fromWho="3" sc="250,0,250,0,214,90,276,-80" /><INIT seed="2,0,0,0,4,74" ten="250,250,304,196" oya="2" hai0="2,8,61,45,100,91,120,18,76,19,126,9,4" hai1="35,13,95,104,25,17,6,70,40,82,132,64,22" hai2="122,36,49,10,102,16,121,101,129,81,98,97,66" hai3="72,124,80,107,90,88,99,53,118,47,28,84,103"/><V106/><F36/><W51/><G124/><T7/><D100/><U125/><E104/><V123/><F129/><W69/><G118/><T110/><D120/><U62/><E125/><V128/><F128/><W60/><G72/><T130/><D126/><U115/><E115/><V127/><F127/><W11/><G28/><T3/><D130/><U32/><E132/><V30/><F30/><W58/><G69/><T92/><D110/><U52/><E40/><V135/><F135/><W15/><G15/><T54/><D76/><U83/><E95/><V117/><F117/><W21/><G21/><T108/><D108/><U46/><E32/><V39/><F39/><W78/><REACH who="3" step="1"/><G11/><REACH who="3" ten="250,250,304,186" step="2"/><T131/><D131/><U59/><E70/><V114/><F10/><W48/><G48/><T29/><D29/><U56/><E35/><V65/><F49/><W20/><G20/><T41/><D61/><U50/><E56/><V86/><F121/><W12/><G12/><T27/><D27/><U119/><E119/><V34/><F122/><W116/><G116/><T23/><D23/><U87/><E25/><V134/><F34/><W55/><AGARI ba="0,1" hai="47,51,53,55,58,60,78,80,84,88,90,99,103,107" machi="55" ten="20,8000,1" yaku="1,1,0,1,7,1,52,1,54,1,53,0" doraHai="74" doraHaiUra="109" who="3" fromWho="3" sc="250,-20,250,-20,304,-40,186,90" /><INIT seed="3,0,0,3,1,38" ten="230,230,264,276" oya="3" hai0="39,24,58,47,131,59,45,26,99,20,134,121,126" hai1="43,86,114,1,132,79,65,30,106,124,128,34,122" hai2="7,77,129,69,46,94,73,83,2,28,27,109,133" hai3="36,64,62,125,49,48,14,60,32,0,110,135,52"/><W57/><G0/><T112/><D39/><U9/><E65/><V108/><F69/><W92/><G32/><T127/><D121/><U40/><E106/><V88/><F129/><W54/><G36/><T18/><D131/><U23/><E114/><V12/><F2/><W33/><G33/><T103/><D112/><U115/><E128/><V98/><F133/><W66/><G135/><T53/><D134/><U19/><E115/><V8/><REACH who="2" step="1"/><F46/><REACH who="2" ten="230,230,254,276" step="2"/><N who="0" m="17418" /><D127/><U82/><E124/><V91/><F91/><W11/><G125/><T41/><D126/><U42/><E132/><V96/><F96/><W29/><G57/><N who="0" m="21515" /><D99/><U81/><E122/><V72/><F72/><W118/><G118/><T16/><D103/><U89/><E1/><V25/><F25/><W50/><G14/><T117/><D117/><U95/><E89/><V71/><F71/><W76/><G66/><T78/><D78/><U100/><E79/><V85/><F85/><W37/><G64/><T123/><D123/><U3/><E86/><V17/><F17/><N who="0" m="6762" /><D53/><U102/><E102/><V90/><F90/><W93/><G52/><T130/><D130/><U15/><E100/><V119/><F119/><W4/><G54/><T116/><D116/><U61/><E61/><V35/><AGARI ba="0,1" hai="7,8,12,27,28,35,73,77,83,88,94,98,108,109" machi="35" ten="30,7900,0" yaku="1,1,0,1,54,1,53,1" doraHai="38" doraHaiUra="75" who="2" fromWho="2" sc="230,-20,230,-20,254,89,276,-39" owari="210,-19.0,210,-29.0,343,44.0,237,4.0" /></mjloggm>