<mjloggm ver="2.3"><GO type="41" lobby="0"/><UN n0="%46%72%6F%65%6E%64%E3%81%95%E3%82%93" n1="%E5%B0%B1%E6%B4%BB%E7%94%9F%40%E5%B7%9D%E6%9D%91%E8%BB%8D%E5%9B%A3" n2="%4D%61%6D%69%79%61" n3="%74%6F%6D%75%74%6F%6D%69" dan="14,16,13,15" rate="1968.95,2145.57,1880.66,2018.49" sx="M,M,M,M"/><TAIKYOKU oya="0"/><INIT seed="0,0,0,2,4,87" ten="250,250,250,250" oya="0" hai0="55,40,38,121,1,134,53,24,83,123,85,109,118" hai1="23,125,18,19,128,15,78,117,98,41,25,132,4" hai2="29,71,103,89,58,59,48,100,94,65,42,97,30" hai3="96,110,122,74,12,0,114,26,56,112,102,37,44"/><T120/><D118/><U88/><E117/><V20/><F71/><W62/><G0/><T79/><D1/><U67/><E128/><V82/><F42/><W52/><G74/><T72/><D134/><U14/><E125/><V113/><F113/><W73/><G73/><T36/><D72/><U57/><E132/><V129/><F129/><W34/><G110/><T17/><D109/><U39/><E78/><V135/><F135/><W27/><G12/><T45/><D36/><U8/><E41/><V76/><F65/><W90/><G37/><T43/><D43/><U80/><E39/><V124/><F124/><W9/><G9/><T49/><D38/><U22/><E67/><V33/><F33/><W31/><G26/><T95/><D24/><U6/><E57/><N who="2" m="21515" /><F48/><W126/><G44/><T119/><D119/><U86/><E98/><V68/><F68/><W111/><G111/><T11/><REACH who="0" step="1"/><D95/><REACH who="0" ten="240,250,250,250" step="2"/><U7/><AGARI ba="0,1" hai="4,6,7,8,14,15,18,19,22,23,25,80,86,88" machi="7" ten="20,8000,1" yaku="0,1,7,1,8,1,52,1,54,1" doraHai="87" who="1" fromWho="1" sc="240,-40,250,90,250,-20,250,-20" /><INIT seed="1,0,0,5,1,134" ten="200,340,230,230" oya="1" hai0="108,82,61,122,30,94,52,47,60,101,103,125,49" hai1="110,93,90,131,20,38,97,37,75,71,58,43,12" hai2="62,63,116,36,102,40,107,17,42,91,78,11,83" hai3="130,19,89,41,53,132,99,39,54,100,0,124,44"/><U77/><E71/><V46/><F116/><W28/><G0/><T86/><D122/><U80/><E131/><V96/><F42/><W123/><G123/><T76/><D108/><U68/><E68/><V34/><F34/><W126/><G130/><T57/><D125/><N who="3" m="48233" /><G132/><T121/><D121/><U112/><E112/><V92/><F17/><W27/><G89/><T56/><D30/><U117/><E117/><V87/><REACH who="2" step="1"/><F11/><REACH who="2" ten="200,340,220,230" step="2"/><W133/><G19/><T119/><D119/><U15/><E43/><V23/><F23/><N who="3" m="15487" /><G133/><T10/><D10/><U13/><E110/><V113/><F113/><W66/><G66/><N who="0" m="39175" /><D94/><AGARI ba="0,1" hai="39,41,44,53,54,94,99,100" m="15487,48233" machi="94" ten="30,7700,0" yaku="18,1,52,3" doraHai="134" who="3" fromWho="0" sc="200,-77,340,0,220,0,230,87" /><INIT seed="2,0,0,2,4,111" ten="123,340,220,317" oya="2" hai0="52,66,7,53,45,126,85,125,51,114,72,17,38" hai1="77,48,75,122,59,37,28,74,42,61,58,113,6" hai2="82,132,112,81,79,102,76,70,32,50,115,15,63" hai3="68,123,87,103,30,135,90,134,25,97,23,73,95"/><V108/><F32/><W131/><G123/><T56/><D72/><U127/><E113/><V31/><F108/><W13/><G68/><T121/><D114/><U1/><E127/><N who="0" m="48649" /><D121/><U78/><E122/><V43/><F31/><W36/><G73/><T18/><D7/><U71/><E28/><V19/><F132/><W120/><G120/><T124/><N who="0" m="48657" /><T27/><DORA hai="33" /><D66/><U107/><E107/><V46/><F102/><W10/><G36/><T129/><D27/><U3/><E6/><V104/><F104/><W5/><G131/><T96/><D96/><U117/><E37/><V2/><F2/><W118/><REACH who="3" step="1"/><G118/><REACH who="3" ten="123,340,220,307" step="2"/><T49/><D129/><U128/><E71/><V80/><F70/><W55/><G55/><T0/><D38/><U39/><E39/><V119/><F119/><W34/><G34/><T94/><D0/><U60/><E42/><V40/><F40/><W109/><G109/><T105/><D105/><AGARI ba="0,1" hai="5,10,13,23,25,30,87,90,95,97,103,105,134,135" machi="105" ten="40,1300,0" yaku="1,1,53,0" doraHai="111,33" doraHaiUra="62,14" who="3" fromWho="0" sc="123,-13,340,0,220,0,307,23" /><INIT seed="3,0,0,2,3,107" ten="110,340,220,330" oya="3" hai0="7,45,81,104,61,93,71,79,121,75,49,17,108" hai1="111,119,60,14,87,19,52,40,5,63,15,135,126" hai2="66,43,12,11,35,10,117,88,74,133,96,78,23" hai3="114,106,128,30,109,39,58,44,100,89,2,129,132"/><W84/><G2/><T115/><D121/><U64/><E111/><V55/><F117/><W27/><G114/><T118/><D118/><U99/><E119/><V83/><F133/><W9/><G132/><T51/><D108/><U34/><E34/><V6/><F35/><W122/><G109/><T18/><D104/><U54/><E135/><V1/><F43/><W70/><G70/><T59/><D71/><U131/><E40/><V56/><F66/><W105/><G122/><T101/><D115/><U36/><E36/><V41/><F41/><N who="3" m="22591" /><G100/><T124/><D124/><U32/><E32/><V24/><F96/><W21/><G58/><T91/><D101/><U113/><E113/><V134/><F134/><W20/><G20/><T94/><D7/><U29/><E99/><V67/><F67/><W127/><G9/><T116/><D116/><U120/><E120/><V47/><F47/><W38/><G38/><T76/><D76/><U73/><E29/><V90/><F10/><W68/><G68/><T4/><D4/><U46/><E5/><V125/><F1/><W31/><G31/><T102/><D102/><U42/><E64/><V22/><F125/><W65/><G65/><T26/><D26/><U95/><E42/><V48/><REACH who="2" step="1"/><F23/><REACH who="2" ten="110,340,210,330" step="2"/><W3/><G3/><T33/><D33/><U92/><E46/><V13/><F13/><W85/><G127/><T82/><D45/><U28/><E15/><V98/><F98/><W77/><G21/><T16/><D61/><U80/><E63/><V97/><F97/><W103/><G106/><T69/><D69/><U57/><E126/><RYUUKYOKU ba="0,1" sc="110,-10,340,-10,210,30,330,-10" hai2="6,11,12,22,24,48,55,56,74,78,83,88,90" /><INIT seed="4,1,1,0,4,124" ten="100,330,240,320" oya="0" hai0="32,57,26,71,33,95,22,24,58,59,3,74,14" hai1="131,83,63,117,13,35,51,110,108,112,118,56,85" hai2="98,53,45,75,91,21,55,133,31,86,12,54,103" hai3="5,17,49,106,19,72,66,47,8,15,96,84,23"/><T123/><D71/><U115/><E35/><V10/><F75/><W87/><G72/><T9/><D123/><U90/><E13/><V36/><F133/><W11/><G66/><T101/><D74/><U64/><E51/><V126/><F126/><W81/><G106/><T89/><D101/><U25/><E25/><V114/><F114/><N who="1" m="43561" /><E131/><V99/><F31/><W104/><G104/><T6/><D3/><U116/><AGARI ba="1,1" hai="56,63,64,83,85,90,108,110,116,117,118" m="43561" machi="116" ten="40,2700,0" yaku="15,1,11,1" doraHai="124" who="1" fromWho="1" sc="100,-14,330,40,240,-8,320,-8" /><INIT seed="5,0,0,0,1,88" ten="86,370,232,312" oya="1" hai0="6,94,3,60,29,56,26,17,91,34,114,47,50" hai1="32,106,33,119,130,73,122,102,110,55,104,8,28" hai2="117,23,93,86,96,10,54,101,12,92,11,133,81" hai3="107,128,0,38,115,5,118,22,95,135,76,15,21"/><U14/><E73/><V121/><F117/><W4/><G107/><T77/><D114/><U105/><E119/><V129/><F121/><W103/><G38/><T75/><D17/><U62/><E122/><V9/><F129/><W113/><G0/><T123/><D123/><U16/><E130/><V82/><F133/><W44/><G135/><T124/><D124/><U79/><E79/><V89/><F54/><W132/><G132/><T111/><D111/><U49/><E110/><V18/><AGARI ba="0,0" hai="9,10,11,12,18,23,81,82,86,89,92,93,96,101" machi="18" ten="30,7900,0" yaku="0,1,8,1,52,2" doraHai="88" who="2" fromWho="2" sc="86,-20,370,-39,232,79,312,-20" /><INIT seed="6,0,0,5,1,127" ten="66,331,311,292" oya="2" hai0="50,121,6,132,62,126,133,88,96,84,72,2,95" hai1="61,89,109,77,74,53,24,32,27,39,123,63,5" hai2="86,66,130,26,23,25,97,59,80,78,16,12,107" hai3="64,49,93,85,58,31,60,92,41,113,128,119,20"/><V68/><F68/><W22/><G119/><T135/><D6/><U76/><E39/><V106/><F130/><W103/><G128/><T35/><D35/><U81/><E109/><V120/><F120/><W18/><G113/><T129/><D2/><U131/><E131/><V99/><F99/><W100/><G22/><T51/><D129/><U7/><E123/><V125/><F125/><W67/><G67/><T87/><D62/><N who="1" m="23563" /><E32/><V34/><F34/><W117/><G117/><T3/><D3/><U108/><E74/><V75/><F66/><W111/><G111/><T19/><D126/><U54/><E89/><V56/><F26/><N who="1" m="9769" /><E81/><V48/><F75/><W70/><G31/><T94/><D121/><U104/><E104/><V69/><F69/><W115/><G115/><T43/><D72/><U71/><E71/><V110/><F110/><W45/><G70/><T11/><D43/><U13/><E13/><V102/><F107/><W105/><G105/><T83/><D11/><U82/><E82/><V98/><F98/><W91/><G93/><T90/><REACH who="0" step="1"/><D19/><REACH who="0" ten="56,331,311,292" step="2"/><U15/><E108/><V122/><F122/><W0/><REACH who="3" step="1"/><G0/><REACH who="3" ten="56,331,311,282" step="2"/><T1/><D1/><U101/><E15/><AGARI ba="0,2" hai="15,18,20,41,45,49,58,60,64,85,91,92,100,103" machi="15" ten="30,8000,1" yaku="1,1,2,1,7,1,8,1,53,1" doraHai="127" doraHaiUra="55" who="3" fromWho="1" sc="56,0,331,-80,311,0,282,100" /><INIT seed="7,0,0,0,5,120" ten="56,251,311,382" oya="3" hai0="132,1,13,80,71,84,6,135,123,78,4,49,129" hai1="76,12,72,91,9,63,17,10,27,95,99,30,90" hai2="124,79,133,86,83,2,28,37,102,77,55,52,75" hai3="20,25,134,38,94,116,26,70,69,107,127,31,73"/><W93/><G107/><T88/><D123/><U18/><E72/><V54/><F2/><W130/><G116/><T67/><D129/><U64/><E76/><V112/><F37/><W43/><G73/><T92/><D1/><U21/><E90/><V103/><F124/><W41/><G127/><T97/><D67/><U122/><E122/><V5/><F133/><W24/><G134/><T85/><D71/><U98/><E98/><V29/><F112/><W109/><G130/><T7/><D135/><U56/><REACH who="1" step="1"/><E9/><REACH who="1" ten="56,241,311,382" step="2"/><V96/><F75/><W108/><G38/><T44/><D132/><U121/><E121/><V128/><F128/><W50/><G31/><AGARI ba="0,1" hai="10,12,17,18,21,27,30,31,56,63,64,91,95,99" machi="31" ten="40,2600,0" yaku="1,1,8,1,53,0" doraHai="120" doraHaiUra="35" who="1" fromWho="3" sc="56,0,241,36,311,0,382,-26" owari="56,-44.0,277,-12.0,311,11.0,356,45.0" /></mjloggm>