<mjloggm ver="2.3"><GO type="97" lobby="0"/><UN n0="%E5%B0%B1%E6%B4%BB%E7%94%9F%40%E5%B7%9D%E6%9D%91%E8%BB%8D%E5%9B%A3" n1="%79%61%6D%61%64%61%35%35" n2="%59%61%6B%6B%75%72%75" n3="%E5%BA%83%E5%B3%B6%E3%81%AE%E7%A8%AE%E9%A6%AC" dan="15,14,14,14" rate="2058.35,1892.08,1865.22,2007.19" sx="M,M,M,M"/><TAIKYOKU oya="0"/><INIT seed="0,0,0,1,4,17" ten="250,250,250,250" oya="0" hai0="98,75,62,105,124,2,128,84,6,82,51,3,56" hai1="18,0,15,116,70,71,4,58,13,101,21,129,79" hai2="44,22,83,104,11,108,9,119,135,49,130,53,37" hai3="69,34,110,109,39,57,81,74,88,106,134,107,25"/><T77/><D124/><U63/><E129/><V131/><F104/><W48/><G69/><T72/><D128/><N who="2" m="49194" /><F37/><W123/><G39/><T31/><D31/><U45/><E0/><V43/><F83/><W47/><G57/><T111/><D111/><N who="3" m="42505" /><G134/><T118/><D118/><U8/><E116/><V52/><F108/><W42/><G123/><T126/><D126/><U91/><E101/><V133/><F119/><W23/><G34/><T20/><D51/><U95/><E79/><V28/><F28/><N who="3" m="17471" /><G74/><T38/><D38/><U120/><E45/><V112/><F112/><W65/><G65/><T10/><D2/><U97/><REACH who="1" step="1"/><E120/><REACH who="1" ten="250,240,250,250" step="2"/><V16/><F135/><W7/><G7/><T99/><D75/><U36/><E36/><V96/><F133/><W117/><G117/><T87/><D72/><U50/><E50/><V59/><F59/><W80/><G107/><T114/><D105/><U121/><E121/><V103/><F103/><W64/><G106/><T132/><D132/><U102/><E102/><V122/><F122/><W1/><G1/><T86/><D114/><U24/><E24/><N who="2" m="14407" /><F96/><W115/><G115/><T113/><D113/><U35/><E35/><V19/><F49/><W61/><G88/><T89/><D99/><U46/><E46/><V67/><F44/><W85/><G85/><N who="0" m="48335" /><D98/><U94/><E94/><V40/><F40/><W33/><G33/><T68/><D89/><U55/><AGARI ba="0,1" hai="4,8,13,15,18,21,55,58,63,70,71,91,95,97" machi="55" ten="20,5200,0" yaku="1,1,0,1,7,1,52,1,53,0" doraHai="17" doraHaiUra="30" who="1" fromWho="1" sc="250,-26,240,62,250,-13,250,-13" /><INIT seed="1,0,0,5,1,109" ten="224,302,237,237" oya="1" hai0="47,77,122,90,103,39,35,99,57,118,30,36,27" hai1="102,126,111,29,135,123,56,33,23,9,37,50,44" hai2="45,20,76,132,55,0,6,26,32,66,117,85,16" hai3="13,10,71,81,28,72,65,11,73,40,60,59,79"/><U104/><E123/><V5/><F117/><W53/><G40/><T62/><D118/><U107/><E126/><V93/><F132/><W80/><G28/><T116/><D116/><U87/><E135/><V63/><F32/><W129/><G129/><T69/><D122/><U54/><E33/><V92/><F0/><W51/><REACH who="3" step="1"/><G13/><REACH who="3" ten="224,302,237,227" step="2"/><T67/><D39/><U100/><E111/><V86/><F6/><W48/><G48/><T84/><D36/><U89/><E37/><V31/><F5/><W3/><G3/><T110/><D110/><U78/><E107/><V96/><F31/><W46/><G46/><T82/><D47/><U91/><E104/><V124/><F45/><W49/><G49/><T19/><D19/><U43/><E29/><V114/><F114/><W106/><G106/><N who="0" m="63871" /><D57/><U41/><E56/><N who="2" m="35231" /><F124/><W133/><G133/><T12/><D12/><U1/><E44/><V74/><F66/><W128/><G128/><T38/><D38/><U58/><E43/><V22/><F16/><W64/><G64/><T24/><D24/><U105/><E41/><V108/><F26/><W134/><G134/><T68/><D68/><U125/><E58/><V42/><F108/><W34/><G34/><T130/><D130/><U25/><E125/><V61/><F42/><W113/><G113/><T17/><D17/><U98/><E25/><V97/><F61/><W95/><G95/><T15/><D15/><U2/><E2/><V119/><F119/><W4/><G4/><T14/><D14/><U101/><E1/><V131/><F131/><W112/><G112/><T70/><D70/><RYUUKYOKU ba="0,1" sc="224,15,302,-15,237,-15,227,15" hai0="27,30,35,62,67,69,77,82,84,90" hai3="10,11,51,53,59,60,65,71,72,73,79,80,81" /><INIT seed="2,1,1,4,5,8" ten="239,287,222,242" oya="2" hai0="32,122,97,113,104,73,107,55,33,112,39,52,30" hai1="22,7,24,46,121,117,62,15,78,28,81,74,108" hai2="29,77,27,127,36,2,43,4,67,63,100,54,128" hai3="0,61,94,72,51,45,134,60,88,118,56,106,90"/><V130/><F2/><W5/><G106/><T105/><D122/><U114/><E117/><V102/><F4/><W23/><G72/><T96/><D30/><U25/><E114/><N who="0" m="44137" /><D39/><U83/><E121/><V20/><F77/><W82/><G118/><T120/><D73/><U123/><E123/><V125/><F54/><N who="0" m="20522" /><D120/><U89/><E108/><V17/><F43/><N who="3" m="25023" /><G0/><T50/><D50/><U44/><E62/><V14/><F36/><W40/><G40/><T126/><D126/><N who="2" m="48138" /><F63/><W71/><G71/><T93/><D93/><U116/><E116/><V9/><F67/><W75/><G5/><T37/><D37/><U99/><E24/><V41/><F41/><W57/><G75/><T129/><D129/><AGARI ba="1,1" hai="9,14,17,20,27,29,100,102,128,129,130" m="48138" machi="129" ten="30,5800,0" yaku="19,1,18,1,52,1" doraHai="8" who="2" fromWho="0" sc="239,-61,287,0,222,71,242,0" /><INIT seed="2,2,0,5,1,134" ten="178,287,293,242" oya="2" hai0="19,71,88,114,70,3,27,118,116,110,60,26,44" hai1="8,76,90,18,121,20,117,78,4,31,109,55,16" hai2="75,123,97,106,22,53,73,115,111,135,72,24,89" hai3="83,13,69,85,63,17,96,103,130,12,52,101,0"/><V74/><F123/><W43/><G0/><T46/><D3/><U67/><E117/><N who="0" m="45161" /><D110/><U87/><E109/><V58/><F111/><W125/><G130/><T54/><D114/><U108/><E108/><V2/><F115/><W65/><G43/><T131/><D131/><U105/><E105/><V30/><N who="2" m="18944" /><DORA hai="99" /><V79/><F79/><W84/><G13/><T127/><D127/><U120/><E67/><V41/><F41/><W7/><G125/><T126/><D126/><U1/><E55/><V86/><F2/><W94/><G7/><T39/><D19/><U14/><E31/><V34/><F135/><W100/><G52/><T68/><D39/><U23/><E121/><V35/><F97/><W37/><G37/><T6/><D6/><U77/><E120/><V62/><REACH who="2" step="1"/><F106/><REACH who="2" ten="178,287,283,242" step="2"/><W40/><G40/><T51/><D88/><U93/><REACH who="1" step="1"/><E77/><REACH who="1" ten="178,277,283,242" step="2"/><V50/><F50/><W82/><G85/><T57/><D51/><U107/><E107/><V95/><AGARI ba="2,2" hai="22,24,30,34,35,53,58,62,86,89,95" m="18944" machi="95" ten="60,11700,0" yaku="1,1,0,1,53,1" doraHai="134,99" doraHaiUra="91,11" who="2" fromWho="2" sc="178,-41,277,-41,283,143,242,-41" /><INIT seed="2,3,0,5,5,39" ten="137,236,426,201" oya="2" hai0="98,19,116,109,119,10,134,37,107,64,59,13,30" hai1="126,132,49,34,95,9,130,99,52,100,81,43,45" hai2="61,7,46,73,112,6,20,23,3,48,75,101,79" hai3="41,76,16,91,1,72,2,55,105,83,12,90,15"/><V44/><F112/><W84/><G105/><T25/><D37/><U26/><E132/><V133/><F101/><W58/><G15/><T123/><D123/><U53/><E126/><V4/><F79/><W21/><G41/><T94/><D107/><U50/><E130/><V103/><F48/><W47/><G47/><N who="2" m="17961" /><F103/><W89/><REACH who="3" step="1"/><G72/><REACH who="3" ten="137,236,426,191" step="2"/><N who="2" m="27721" /><F133/><W36/><G36/><T5/><D134/><U42/><E26/><V110/><F3/><W24/><G24/><T117/><D109/><U35/><E9/><V122/><F110/><W93/><G93/><T82/><D82/><U125/><E125/><V86/><F122/><W131/><G131/><T70/><D70/><U74/><E74/><V97/><F86/><W106/><G106/><T33/><D59/><U78/><E81/><V92/><F97/><W115/><G115/><T120/><D120/><U8/><E8/><V77/><F92/><W67/><G67/><T57/><D57/><U17/><E99/><V40/><F40/><W71/><G71/><T18/><REACH who="0" step="1"/><D64/><REACH who="0" ten="127,236,426,191" step="2"/><U29/><E45/><V27/><F27/><W80/><G80/><T118/><N who="0" m="30208" /><DORA hai="69" /><T54/><D54/><U31/><E53/><V0/><F0/><W62/><AGARI ba="3,2" hai="1,2,12,16,21,55,58,62,76,83,84,89,90,91" machi="62" ten="30,7900,0" yaku="1,1,0,1,54,1,53,1" doraHai="39,69" doraHaiUra="56,104" who="3" fromWho="3" sc="127,-23,236,-23,426,-42,191,108" /><INIT seed="3,0,0,5,4,61" ten="104,213,384,299" oya="3" hai0="83,68,8,80,103,36,42,87,20,112,18,9,2" hai1="100,55,57,94,101,65,0,11,78,115,14,114,39" hai2="43,82,32,40,16,81,72,91,133,28,1,27,74" hai3="56,29,135,132,123,67,95,106,116,121,21,54,59"/><W46/><G106/><T5/><D68/><U17/><E39/><V85/><F1/><W38/><G95/><T22/><D112/><U3/><E78/><V107/><F107/><W113/><G29/><T26/><D103/><U77/><E77/><V128/><F128/><W120/><G21/><T71/><D71/><U52/><E0/><V44/><F16/><W109/><G113/><T88/><D42/><U62/><E3/><V12/><F12/><W15/><G15/><T131/><D36/><U53/><REACH who="1" step="1"/><E101/><REACH who="1" ten="104,203,384,299" step="2"/><V89/><F133/><N who="3" m="51275" /><G116/><T127/><D131/><U49/><E49/><V99/><F91/><W33/><G33/><T124/><D80/><U110/><E110/><V7/><F82/><W45/><G109/><T97/><D97/><AGARI ba="0,1" hai="11,14,17,52,53,55,57,62,65,94,97,100,114,115" machi="97" ten="40,8000,1" yaku="1,1,52,1,54,1,53,1" doraHai="61" doraHaiUra="58" who="1" fromWho="0" sc="104,-80,203,90,384,0,299,0" owari="24,-48.0,293,-11.0,384,49.0,299,10.0" /></mjloggm>