<mjloggm ver="2.3"><GO type="97" lobby="0"/><UN n0="%E3%83%88%E3%83%88%E3%83%AA%E5%85%88%E7%94%9F%31%39%E6%AD%B3" n1="%E8%97%A4%E7%94%B0%E5%92%B2" n2="%E3%82%8F%E3%81%A3%E3%81%91" n3="%E3%81%90%E3%83%BC%E3%81%B5%E3%81%83%E3%83%BC" dan="14,13,14,14" rate="2042.42,1870.95,1937.89,1931.04" sx="F,M,M,M"/><TAIKYOKU oya="0"/><INIT seed="0,0,0,0,4,43" ten="250,250,250,250" oya="0" hai0="81,113,115,124,65,54,29,67,103,52,92,85,27" hai1="50,30,129,116,121,97,75,86,95,22,28,73,20" hai2="96,123,18,70,108,105,6,72,9,24,61,34,37" hai3="89,49,3,114,47,78,128,126,32,59,58,109,33"/><T99/><D124/><U19/><E121/><V5/><F123/><W110/><G114/><T107/><D107/><U45/><E116/><V82/><F108/><N who="3" m="41579" /><G126/><T106/><D106/><U8/><E129/><V80/><F37/><W2/><G78/><T44/><D115/><U15/><E73/><V48/><F48/><W17/><G89/><T16/><D113/><U36/><E75/><V63/><F61/><W125/><G17/><T102/><D102/><U26/><E36/><V55/><F55/><W120/><G120/><T21/><D29/><N who="1" m="11371" /><E22/><N who="2" m="13399" /><F34/><N who="3" m="13419" /><G128/><T87/><D87/><U88/><E86/><V4/><F70/><W14/><G14/><T39/><D54/><N who="1" m="30031" /><E8/><V118/><F72/><W119/><G119/><T10/><D10/><U71/><E71/><V31/><F31/><W69/><G69/><T25/><D25/><AGARI ba="0,0" hai="15,19,20,25,26,88,95,97" m="30031,11371" machi="25" ten="30,3900,0" yaku="8,1,52,1,54,1" doraHai="43" who="1" fromWho="0" sc="250,-39,250,39,250,0,250,0" /><INIT seed="1,0,0,5,3,28" ten="211,289,250,250" oya="1" hai0="1,34,70,48,69,60,102,56,29,76,12,95,94" hai1="38,42,120,92,61,2,0,115,35,133,123,3,89" hai2="23,27,46,7,15,83,20,91,103,121,40,8,87" hai3="86,47,93,43,44,21,63,68,5,33,49,25,71"/><U64/><E115/><V81/><F121/><W110/><G110/><T37/><D1/><U16/><E133/><V135/><F135/><W125/><G125/><T82/><D37/><U67/><E38/><V119/><F119/><W78/><G5/><T88/><D48/><U116/><E42/><V26/><F103/><W113/><G113/><T122/><D122/><U79/><E79/><V52/><F81/><W109/><G109/><T97/><D12/><U11/><E116/><V66/><F66/><W111/><G111/><T128/><D128/><U32/><E64/><V74/><F74/><W84/><G63/><T105/><D95/><U96/><E123/><V73/><F73/><W80/><G47/><T17/><D17/><U10/><E120/><V85/><F87/><W41/><G41/><T65/><D29/><U124/><E124/><V13/><F40/><W130/><G130/><T112/><D34/><U98/><E98/><V24/><F15/><W99/><G84/><N who="0" m="52487" /><D112/><U132/><E132/><V134/><F134/><W14/><G14/><T54/><D65/><U131/><E131/><V90/><F91/><W62/><G62/><T58/><D58/><U114/><E114/><V108/><F108/><W127/><G127/><T75/><AGARI ba="0,0" hai="54,56,60,69,70,75,76,82,97,102,105" m="52487" machi="75" ten="30,2000,0" yaku="24,1,54,1" doraHai="28" who="0" fromWho="0" sc="211,20,289,-10,250,-5,250,-5" /><INIT seed="2,0,0,5,4,12" ten="231,279,245,245" oya="2" hai0="8,42,24,48,55,134,5,123,71,113,127,62,6" hai1="105,4,80,26,126,114,58,110,61,66,30,46,54" hai2="97,3,112,122,35,129,65,68,33,83,60,109,69" hai3="108,22,104,20,18,131,17,130,23,117,29,67,84"/><V56/><F122/><W15/><G108/><T87/><D123/><U57/><E105/><V36/><F112/><W82/><G117/><T116/><D116/><U133/><E114/><V102/><F3/><W98/><G67/><T19/><D113/><U1/><E110/><V7/><F109/><W77/><G29/><T59/><D134/><U63/><E126/><V21/><F7/><N who="0" m="2570" /><D71/><U37/><E133/><V9/><F9/><W72/><G72/><T120/><D127/><U107/><E107/><V74/><F36/><W100/><REACH who="3" step="1"/><G15/><REACH who="3" ten="231,279,245,235" step="2"/><N who="0" m="7655" /><D120/><U91/><E37/><V53/><F74/><W79/><G79/><T94/><D24/><U25/><E66/><V16/><F65/><W52/><G52/><N who="0" m="34151" /><D42/><U118/><E54/><V32/><F53/><W101/><G101/><T90/><D55/><U135/><E118/><V0/><F102/><W70/><G70/><T119/><D119/><U27/><E135/><V125/><F69/><W111/><G111/><T76/><D48/><U106/><E91/><V81/><F68/><W73/><G73/><T96/><D76/><U92/><E1/><V93/><F0/><W49/><G49/><T43/><D43/><U132/><E132/><V124/><F125/><W44/><G44/><T89/><D89/><U38/><E38/><V78/><F78/><W10/><G10/><T14/><D14/><U75/><E75/><V34/><F124/><W31/><G31/><T86/><AGARI ba="0,1" hai="86,87,90,94,96" m="34151,7655,2570" machi="86" ten="30,4000,0" yaku="8,1,52,1,54,1" doraHai="12" who="0" fromWho="0" sc="231,50,279,-10,245,-20,235,-10" /><INIT seed="3,0,0,0,0,20" ten="281,269,225,225" oya="3" hai0="36,78,90,123,111,59,7,19,133,42,48,93,66" hai1="68,65,44,81,79,83,88,21,14,31,104,85,119" hai2="12,114,16,91,17,108,57,99,18,121,98,56,113" hai3="130,50,62,43,46,51,87,58,127,69,4,72,117"/><W94/><G72/><T103/><D123/><U60/><E119/><V101/><F108/><W128/><G127/><T0/><D36/><U126/><E126/><V29/><F121/><W89/><G117/><T80/><D103/><U30/><E104/><V131/><F131/><N who="3" m="50219" /><G69/><T28/><D66/><U124/><E124/><V52/><F29/><W115/><G115/><T120/><D120/><U70/><E70/><V27/><F27/><W41/><G4/><T105/><D105/><U96/><E96/><V11/><F57/><W6/><G6/><T54/><D42/><N who="3" m="15881" /><G46/><T118/><D118/><U109/><E109/><V13/><F91/><W5/><G5/><T75/><D111/><U134/><E134/><V135/><F135/><W125/><G125/><T15/><D133/><U47/><E30/><V25/><F25/><W53/><AGARI ba="0,0" hai="50,51,53,58,62,87,89,94" m="15881,50219" machi="53" ten="30,1500,0" yaku="19,1" doraHai="20" who="3" fromWho="3" sc="281,-5,269,-5,225,-5,225,15" /><INIT seed="3,1,0,4,2,121" ten="276,264,220,240" oya="3" hai0="77,59,11,73,92,99,120,5,127,7,129,36,88" hai1="45,46,53,27,65,41,62,72,124,37,117,102,19" hai2="82,68,86,113,20,115,50,63,8,105,33,57,25" hai3="109,71,69,79,128,67,76,31,130,103,23,52,66"/><W106/><G109/><T101/><D36/><U0/><E72/><V6/><F105/><W135/><G135/><T123/><D129/><N who="3" m="49769" /><G106/><N who="0" m="63807" /><D127/><U42/><E0/><V70/><F115/><W80/><G103/><T131/><D59/><U119/><E124/><V75/><F113/><W78/><G80/><N who="0" m="45103" /><D131/><U97/><E19/><V38/><F38/><W93/><G93/><T104/><D104/><U60/><E27/><V3/><F33/><W43/><G43/><T40/><D40/><U114/><E114/><V51/><F75/><W107/><G107/><T126/><D7/><U108/><E108/><V58/><F70/><N who="3" m="26635" /><G52/><T96/><D126/><U49/><E102/><V134/><F68/><W47/><G47/><T133/><D11/><U18/><E97/><V54/><F134/><W30/><G23/><T61/><D5/><U48/><E18/><V89/><REACH who="2" step="1"/><F58/><REACH who="2" ten="276,264,210,240" step="2"/><W26/><G26/><T1/><D133/><U29/><E119/><V17/><AGARI ba="1,1" hai="3,6,8,17,20,25,50,51,54,57,63,82,86,89" machi="17" ten="20,5200,0" yaku="1,1,2,1,0,1,7,1,53,0" doraHai="121" doraHaiUra="91" who="2" fromWho="2" sc="276,-14,264,-14,210,65,240,-27" /><INIT seed="4,0,0,2,2,71" ten="262,250,275,213" oya="0" hai0="76,66,79,96,12,52,82,3,86,7,83,88,84" hai1="20,15,106,36,57,75,135,21,85,114,28,34,133" hai2="126,91,69,59,31,112,53,111,70,18,128,124,4" hai3="19,80,33,115,87,35,24,74,132,113,110,48,9"/><T25/><D3/><U29/><E106/><V130/><F111/><W32/><G110/><T16/><D66/><U51/><E75/><V47/><F4/><W41/><G74/><T104/><D7/><U81/><E114/><N who="3" m="43530" /><G132/><N who="1" m="50762" /><E34/><V11/><F31/><N who="1" m="11849" /><E15/><N who="2" m="7551" /><F112/><W62/><G62/><T95/><D104/><U97/><E97/><V61/><F91/><N who="3" m="51687" /><G9/><N who="0" m="6159" /><D52/><N who="1" m="31903" /><E36/><V102/><F47/><N who="3" m="25711" /><G19/><T63/><D63/><U99/><E99/><V77/><F102/><W65/><G65/><T122/><D122/><U64/><E64/><V26/><F26/><AGARI ba="0,0" hai="24,26,32,33,35" m="25711,51687,43530" machi="26" ten="40,1300,0" yaku="15,1" doraHai="71" who="3" fromWho="2" sc="262,0,250,0,275,-13,213,13" /><AGARI ba="0,0" hai="25,26,76,79,82,83,84,86,88,95,96" m="6159" machi="26" ten="30,5800,0" yaku="8,1,54,2" doraHai="71" who="0" fromWho="2" sc="262,58,250,0,262,-58,226,0" owari="320,42.0,250,5.0,204,-30.0,226,-17.0" /></mjloggm>