<mjloggm ver="2.3"><GO type="225" lobby="0"/><UN n0="%73%65%6E%75%72%6C" n1="%62%75%67%79%61%77%69" n2="%E3%83%88%E3%83%88%E3%83%AA%E5%85%88%E7%94%9F%31%39%E6%AD%B3" n3="%6A%64%75%68%67%72%79" dan="17,16,17,16" rate="2231.24,2084.85,2207.18,2059.53" sx="F,M,F,M"/><TAIKYOKU oya="0"/><INIT seed="0,0,0,4,3,9" ten="250,250,250,250" oya="0" hai0="90,16,131,61,81,129,4,97,91,79,28,58,14" hai1="98,17,34,51,89,56,94,13,125,109,102,73,70" hai2="135,76,26,60,46,2,100,122,59,67,45,3,7" hai3="27,6,128,29,42,10,62,50,54,19,134,0,49"/><T11/><D28/><U36/><E36/><V32/><F122/><W105/><G134/><T84/><D4/><U117/><E70/><V99/><F135/><W41/><G128/><N who="0" m="49227" /><D97/><U25/><E73/><V40/><F76/><W31/><G105/><T20/><D11/><U68/><E68/><V24/><F45/><W103/><G103/><T82/><D82/><U86/><E117/><V38/><F7/><W118/><G118/><T108/><D108/><U106/><E125/><V43/><F43/><W44/><G19/><T72/><D72/><U71/><E71/><V21/><F32/><W113/><G113/><T121/><D121/><U65/><E109/><V55/><F55/><AGARI ba="0,0" hai="14,16,20,55,58,61,79,81,84,90,91" m="49227" machi="55" ten="30,5800,0" yaku="19,1,52,1,54,1" doraHai="9" who="0" fromWho="2" sc="250,58,250,0,250,-58,250,0" /><INIT seed="0,1,0,5,4,106" ten="308,250,192,250" oya="0" hai0="62,103,32,130,49,127,63,131,96,53,101,1,55" hai1="129,0,16,104,30,67,45,122,58,3,89,36,109" hai2="69,74,38,5,2,6,68,61,54,124,92,29,42" hai3="102,94,79,70,112,37,11,132,121,82,14,117,27"/><T56/><D1/><U118/><E122/><V81/><F124/><W115/><G117/><T57/><D127/><U15/><E118/><V4/><F2/><W114/><G121/><T75/><D32/><U116/><E116/><V60/><F29/><W59/><G70/><T19/><D19/><U31/><E104/><V88/><F42/><W66/><G37/><T80/><D49/><U123/><E123/><V34/><F38/><W44/><G132/><T100/><D96/><U99/><E109/><V108/><F34/><W20/><G44/><T86/><REACH who="0" step="1"/><D75/><REACH who="0" ten="298,250,192,250" step="2"/><U50/><E36/><V95/><F108/><W105/><G105/><T134/><D134/><U7/><E0/><V21/><F5/><W65/><G11/><T47/><D47/><U77/><E7/><V120/><F120/><W72/><G14/><T133/><D133/><U10/><E3/><V43/><F4/><W52/><G20/><T39/><D39/><U28/><E99/><V128/><F6/><W25/><G27/><T98/><D98/><U64/><E45/><V93/><F21/><W135/><G25/><T46/><D46/><U97/><E50/><V13/><F13/><W24/><G24/><T78/><AGARI ba="1,1" hai="53,55,56,57,62,63,78,80,86,100,101,103,130,131" machi="78" ten="30,12000,1" yaku="1,1,0,1,9,1,53,2" doraHai="106" doraHaiUra="51" who="0" fromWho="0" sc="298,133,250,-41,192,-41,250,-41" /><INIT seed="0,2,0,5,5,79" ten="431,209,151,209" oya="0" hai0="74,57,100,124,40,34,127,9,4,83,29,102,96" hai1="37,123,113,77,27,10,73,97,108,95,47,14,55" hai2="75,50,103,121,25,109,132,68,107,78,134,45,66" hai3="117,28,71,51,116,6,126,104,101,3,43,90,112"/><T44/><D57/><U84/><E123/><V128/><F121/><W111/><G112/><T16/><D29/><U53/><E73/><V31/><F109/><W135/><G71/><T125/><D34/><U24/><E108/><V17/><F128/><W82/><G111/><T12/><D4/><N who="1" m="3399" /><E37/><V22/><F103/><W119/><G28/><T93/><D74/><U30/><E113/><V65/><F107/><W11/><G126/><T46/><D102/><N who="1" m="60735" /><E30/><V62/><F66/><W91/><G135/><T98/><D98/><U33/><E33/><V115/><F115/><W76/><G101/><T89/><D40/><U114/><E114/><V133/><F31/><W72/><REACH who="3" step="1"/><G104/><REACH who="3" ten="431,209,151,199" step="2"/><T106/><D106/><U105/><E105/><V63/><F68/><W120/><G120/><T94/><D124/><U15/><E15/><V21/><F132/><W69/><G69/><T130/><D125/><U2/><E2/><V99/><F133/><W48/><G48/><T35/><D12/><U70/><E70/><V86/><F134/><W92/><G92/><T19/><D94/><U80/><E24/><V39/><F25/><W59/><G59/><T110/><D93/><U49/><E27/><V64/><F50/><W87/><G87/><T52/><D127/><U58/><E58/><V56/><F86/><W26/><G26/><T36/><D110/><U20/><E84/><V88/><F56/><W54/><G54/><T32/><D52/><U85/><E55/><V129/><F75/><W42/><G42/><T5/><D100/><U7/><E85/><V0/><F129/><W18/><G18/><RYUUKYOKU ba="2,1" sc="431,-10,209,-10,151,-10,199,30" hai3="3,6,11,43,51,72,76,82,90,91,116,117,119" /><INIT seed="1,3,1,4,4,32" ten="421,199,141,229" oya="1" hai0="127,64,13,78,71,42,106,2,30,103,77,60,72" hai1="87,88,91,97,95,107,89,22,49,76,9,98,134" hai2="118,12,33,99,129,63,132,94,114,113,90,46,19" hai3="40,8,101,73,102,43,57,130,119,67,121,16,124"/><U5/><E134/><V48/><F118/><W66/><G121/><T38/><D2/><U120/><E120/><V93/><F33/><W6/><G73/><T84/><D72/><U125/><E125/><V0/><F132/><W69/><G69/><T110/><D13/><N who="1" m="5295" /><E107/><V14/><F129/><W81/><G124/><T23/><D106/><U83/><E49/><V59/><F93/><W44/><G130/><T20/><D60/><U31/><E97/><V4/><F4/><W70/><G70/><T62/><D62/><U28/><E22/><V96/><F96/><W15/><G119/><T115/><D20/><U47/><E47/><V56/><F0/><W135/><G135/><T61/><D23/><U75/><E75/><V108/><F108/><W122/><G122/><T10/><D61/><U35/><E35/><V53/><F56/><W17/><G57/><T65/><D71/><U131/><E131/><V3/><F3/><W82/><G101/><AGARI ba="3,1" hai="28,31,76,83,87,88,89,91,95,98,101" m="5295" machi="101" ten="30,2900,0" yaku="8,1,54,1" doraHai="32" who="1" fromWho="3" sc="421,0,199,48,141,0,229,-38" /><INIT seed="1,4,0,5,2,96" ten="421,247,141,191" oya="1" hai0="36,5,93,50,77,104,131,49,130,20,30,106,75" hai1="48,13,62,8,44,97,113,21,88,55,127,87,6" hai2="94,73,67,57,61,53,135,43,69,80,99,82,110" hai3="33,100,133,95,59,34,54,112,16,132,115,27,68"/><U66/><E113/><N who="3" m="43594" /><G68/><T103/><D36/><U46/><E127/><V9/><F110/><W85/><G85/><T29/><D131/><U122/><E122/><V7/><F73/><W114/><G114/><T60/><D5/><U42/><E97/><V4/><F43/><W52/><G95/><T65/><D30/><U26/><E44/><V91/><F4/><W18/><G100/><T72/><D77/><U63/><E66/><V25/><F25/><W120/><G120/><T108/><D75/><U121/><E42/><V126/><F126/><W109/><G109/><T98/><D72/><U47/><E46/><V89/><F89/><W92/><G92/><T38/><D38/><U12/><E12/><V78/><F78/><W58/><G27/><N who="0" m="16615" /><D130/><U1/><E121/><V70/><F70/><W40/><G40/><T105/><D108/><U51/><E51/><V35/><F35/><N who="3" m="13323" /><G58/><AGARI ba="4,0" hai="49,50,58,60,65,93,98,103,104,105,106" m="16615" machi="58" ten="30,2000,0" yaku="25,1,52,1" doraHai="96" who="0" fromWho="3" sc="421,32,247,0,141,0,191,-32" /><INIT seed="2,0,0,2,5,124" ten="453,247,141,159" oya="2" hai0="95,121,16,88,130,126,11,60,44,14,42,129,41" hai1="90,31,26,56,54,96,127,19,86,110,67,73,50" hai2="8,125,74,1,48,29,37,106,89,3,104,21,39" hai3="101,64,132,38,76,107,118,27,99,120,57,115,12"/><V30/><F125/><W23/><G118/><T18/><D121/><U116/><E73/><V100/><F48/><W10/><G120/><T112/><D112/><U22/><E127/><V49/><F49/><W68/><G115/><T78/><D126/><U25/><E116/><V87/><F74/><W24/><G132/><T134/><D134/><U108/><E96/><V40/><F100/><W2/><G38/><T15/><D60/><U45/><E67/><V123/><F123/><W98/><G68/><T77/><D44/><U28/><E45/><V34/><F34/><W81/><G2/><N who="2" m="521" /><F8/><W69/><G69/><T59/><D59/><U128/><E128/><N who="0" m="49257" /><D42/><U113/><E113/><V114/><F114/><W4/><G64/><T111/><D111/><N who="1" m="42539" /><E26/><V55/><F55/><W131/><G27/><T9/><D41/><U33/><E33/><V0/><F40/><W80/><G98/><AGARI ba="0,0" hai="9,11,14,15,16,18,77,78,88,95,98" m="49257" machi="98" ten="30,12000,2" yaku="19,1,52,3,54,2" doraHai="124" who="0" fromWho="3" sc="453,120,247,0,141,0,159,-120" /><INIT seed="3,0,0,1,0,101" ten="573,247,141,39" oya="3" hai0="82,16,24,79,11,89,7,19,116,117,109,9,134" hai1="63,78,132,96,80,98,95,35,121,76,74,135,46" hai2="99,72,90,125,52,42,40,56,107,13,75,70,14" hai3="33,41,12,55,77,119,67,21,118,17,49,120,123"/><W62/><G33/><T53/><D89/><U131/><E35/><V6/><F70/><W38/><G77/><T104/><D104/><U61/><E121/><V22/><F125/><W127/><G127/><T29/><D53/><U26/><E131/><V111/><F111/><W58/><G123/><T57/><D57/><U27/><E46/><V93/><F107/><W68/><REACH who="3" step="1"/><G120/><REACH who="3" ten="573,247,141,29" step="2"/><T23/><D79/><U50/><E78/><V28/><F72/><W3/><G3/><T43/><D117/><U48/><E76/><V124/><F75/><W15/><G15/><T87/><D116/><U103/><E74/><V71/><F124/><W31/><G31/><T64/><D29/><U25/><E27/><N who="2" m="16503" /><F71/><W115/><G115/><T114/><D24/><U83/><E26/><V8/><F14/><W92/><G92/><T2/><D114/><U4/><E25/><V30/><F30/><W54/><G54/><T60/><D2/><U126/><E126/><V122/><F122/><W86/><G86/><T36/><D87/><U106/><E95/><V133/><F133/><W128/><G128/><T10/><D134/><U66/><E132/><V47/><F47/><AGARI ba="0,1" hai="12,17,21,38,41,47,49,55,58,62,67,68,118,119" machi="47" ten="40,7700,0" yaku="1,1,24,2,53,0" doraHai="101" doraHaiUra="100" who="3" fromWho="2" sc="573,0,247,0,141,-77,29,87" /><INIT seed="3,1,0,0,5,11" ten="573,247,64,116" oya="3" hai0="29,66,114,23,110,102,105,7,28,49,107,89,51" hai1="100,99,122,112,34,70,135,37,129,82,19,113,12" hai2="111,80,62,72,69,27,9,21,118,1,46,106,65" hai3="24,3,130,6,134,132,123,44,98,79,57,97,61"/><W92/><G123/><T13/><D66/><U75/><E34/><V0/><F118/><W4/><G130/><T117/><D89/><U73/><E37/><V16/><F106/><W25/><G79/><T83/><D83/><U96/><E70/><V58/><F111/><W74/><G74/><T68/><D68/><U47/><E122/><V91/><F69/><W43/><G24/><T71/><D71/><U14/><E99/><V39/><F39/><W52/><G25/><T41/><D41/><U84/><E14/><V48/><F9/><N who="3" m="2207" /><G6/><T128/><D7/><U103/><E103/><V50/><F50/><N who="3" m="26911" /><G92/><T17/><D51/><U127/><E75/><V131/><F131/><W93/><G93/><T45/><D29/><U126/><E73/><V54/><REACH who="2" step="1"/><F91/><REACH who="2" ten="573,247,54,116" step="2"/><W108/><G108/><T32/><D13/><U31/><E129/><V64/><F64/><W88/><G88/><T87/><D107/><U124/><E124/><V35/><F35/><W10/><G10/><T76/><D105/><U30/><E126/><V38/><F38/><W59/><G59/><T95/><D32/><U94/><E127/><V90/><F90/><W33/><G33/><T42/><D110/><U5/><E113/><V120/><F120/><W125/><G125/><T18/><D128/><U26/><E112/><V86/><F86/><W78/><G57/><T67/><D114/><U109/><E109/><V8/><F8/><W116/><G116/><T101/><D117/><U22/><E84/><V85/><F85/><W53/><G61/><T36/><D95/><U81/><E94/><V56/><F56/><RYUUKYOKU ba="1,1" sc="573,-10,247,-10,54,30,116,-10" hai2="0,1,16,21,27,46,48,54,58,62,65,72,80" owari="573,67.0,237,4.0,84,-42.0,106,-29.0" /></mjloggm>