<mjloggm ver="2.3"><GO type="97" lobby="0"/><UN n0="%6D%6F%6D%74%61%72%6F%75" n1="%E5%B0%B1%E6%B4%BB%E7%94%9F%40%E5%B7%9D%E6%9D%91%E8%BB%8D%E5%9B%A3" n2="%72%79%75%75%31%33%36" n3="%4B%61%79%73%65%72%69" dan="14,15,13,14" rate="1996.72,1972.98,1907.96,1902.42" sx="F,M,F,F"/><TAIKYOKU oya="0"/><INIT seed="0,0,0,5,0,92" ten="250,250,250,250" oya="0" hai0="103,5,133,13,111,0,135,52,113,58,104,46,73" hai1="110,77,9,62,112,47,48,57,134,68,65,11,38" hai2="15,33,25,34,95,121,130,56,17,31,96,50,2" hai3="42,83,98,75,66,35,10,59,114,81,18,101,128"/><T41/><D113/><U93/><E112/><V124/><F121/><W72/><G114/><T108/><D73/><U26/><E110/><N who="0" m="42025" /><D0/><U30/><E134/><N who="0" m="51209" /><D5/><U120/><E120/><V97/><F2/><W21/><G128/><T119/><D13/><U22/><E77/><V7/><F7/><W29/><G35/><T126/><D103/><U60/><E38/><V53/><F130/><W64/><G42/><T40/><D104/><U16/><E30/><V82/><F82/><N who="3" m="31243" /><G72/><T100/><D100/><U12/><E12/><V28/><F124/><W90/><G101/><T14/><D14/><U45/><E93/><V55/><F95/><N who="3" m="56695" /><G75/><T123/><D123/><U74/><E74/><V70/><F70/><W85/><G85/><T99/><D99/><U127/><E127/><V3/><F3/><W54/><G10/><T67/><D126/><U24/><E24/><V86/><F86/><W117/><G29/><T88/><D88/><U107/><E107/><V44/><F31/><W91/><G91/><T94/><D94/><U118/><E118/><V6/><F6/><W80/><N who="3" m="31251" /><W4/><DORA hai="76" /><G4/><T115/><D115/><U89/><E89/><V102/><F102/><W106/><G117/><T51/><D119/><U49/><E11/><V84/><F84/><W61/><G106/><T122/><D122/><U1/><E9/><V71/><F34/><W37/><G37/><T20/><D20/><U125/><E125/><V109/><F109/><W19/><G19/><T105/><D105/><U36/><E1/><V32/><F32/><W129/><G129/><T131/><D131/><RYUUKYOKU ba="0,0" sc="250,15,250,-15,250,-15,250,15" hai0="40,41,46,51,52,58,67" hai3="18,21,54,59,61,64,66" /><INIT seed="0,1,0,5,4,130" ten="265,235,235,265" oya="0" hai0="57,134,97,75,20,53,102,125,122,23,62,64,43" hai1="124,7,56,21,74,18,68,2,81,33,29,118,40" hai2="60,116,66,58,5,76,65,47,109,108,38,104,72" hai3="123,77,131,46,27,99,95,13,52,8,117,93,41"/><T101/><D75/><U54/><E118/><V78/><F104/><W17/><G131/><T55/><D122/><U1/><E124/><V31/><F116/><W3/><G123/><T129/><D129/><U24/><E68/><V9/><F31/><W49/><G117/><T19/><D125/><U16/><E40/><V37/><F66/><W107/><G3/><T6/><D134/><U82/><E74/><V51/><F72/><W126/><G126/><T67/><D43/><U127/><E127/><V120/><F120/><W73/><G107/><T103/><D67/><U0/><E7/><V30/><F30/><W88/><G73/><T12/><D6/><U71/><E71/><V48/><F48/><W91/><G77/><T87/><D97/><U83/><REACH who="1" step="1"/><E33/><REACH who="1" ten="265,225,235,265" step="2"/><V133/><F38/><W14/><G41/><T90/><REACH who="0" step="1"/><D23/><REACH who="0" ten="255,225,235,265" step="2"/><U59/><E59/><V111/><F37/><W112/><G112/><T92/><AGARI ba="1,2" hai="12,19,20,53,55,57,62,64,87,90,92,101,102,103" machi="92" ten="30,11700,0" yaku="1,1,2,1,0,1,8,1,53,0" doraHai="130" doraHaiUra="22" who="0" fromWho="0" sc="255,140,225,-40,235,-40,265,-40" /><INIT seed="0,2,0,0,1,25" ten="395,185,195,225" oya="0" hai0="78,93,27,58,91,76,99,8,40,132,3,68,89" hai1="13,71,12,104,57,55,122,116,119,63,11,123,56" hai2="100,43,97,41,128,18,73,60,103,69,5,98,101" hai3="33,77,2,38,9,115,22,17,1,67,4,81,26"/><T108/><D68/><U7/><E104/><V42/><F73/><W134/><G38/><T129/><D129/><U31/><E71/><V45/><F128/><W95/><G67/><T70/><D70/><U52/><E31/><V90/><F69/><W49/><G49/><T28/><D132/><U48/><REACH who="1" step="1"/><E12/><REACH who="1" ten="395,175,195,225" step="2"/><V84/><F5/><N who="3" m="1199" /><G134/><T87/><D108/><U19/><E19/><V34/><F18/><W15/><G115/><T61/><D3/><U124/><E124/><V86/><F34/><W47/><G15/><T109/><D109/><U127/><E127/><V35/><F35/><W50/><G4/><T54/><D8/><U53/><E53/><V39/><F60/><W16/><G2/><T0/><D0/><U36/><E36/><V30/><F30/><W94/><G17/><T83/><D40/><U82/><E82/><V24/><F39/><W120/><G33/><AGARI ba="2,1" hai="27,28,33,54,58,61,76,78,83,87,89,91,93,99" machi="33" ten="30,2900,0" yaku="7,1,52,1" doraHai="25" who="0" fromWho="3" sc="395,45,175,0,195,0,225,-35" /><INIT seed="0,3,0,3,4,111" ten="440,175,195,190" oya="0" hai0="101,126,121,22,20,35,80,57,123,102,133,106,105" hai1="52,71,98,0,13,38,135,44,23,77,41,46,50" hai2="21,103,82,112,93,34,1,33,81,47,78,58,117" hai3="66,26,110,129,86,132,2,27,48,51,88,75,87"/><T104/><D35/><U8/><E71/><V43/><F1/><W32/><G75/><T125/><D57/><U114/><E0/><V120/><F120/><N who="0" m="46154" /><D80/><U69/><E69/><V118/><F58/><W124/><G110/><T12/><D12/><U131/><E77/><V85/><F21/><N who="0" m="8298" /><D133/><U39/><E135/><V45/><F103/><AGARI ba="3,0" hai="101,102,103,104,105,106,125,126" m="8298,46154" machi="103" ten="40,3900,0" yaku="28,2" doraHai="111" who="0" fromWho="2" sc="440,48,175,0,195,-48,190,0" /><INIT seed="0,4,0,3,2,86" ten="488,175,147,190" oya="0" hai0="74,75,116,48,61,124,62,64,42,20,21,51,40" hai1="27,56,38,8,34,47,81,37,104,2,16,69,19" hai2="83,125,0,110,70,105,107,84,135,123,79,5,55" hai3="44,68,129,97,11,41,65,58,92,87,96,93,102"/><T100/><D116/><U91/><E69/><V121/><F70/><W33/><G33/><T122/><D122/><U126/><E104/><V89/><F55/><W18/><G129/><T109/><D124/><U54/><E126/><V10/><F125/><W31/><G31/><T80/><D109/><U108/><E108/><V88/><F110/><W106/><G68/><T63/><D100/><U43/><E37/><V30/><F135/><W7/><G18/><T46/><D80/><U60/><E34/><V22/><F30/><W39/><G58/><T94/><D94/><U1/><E27/><V134/><F22/><N who="0" m="8810" /><D64/><U3/><REACH who="1" step="1"/><E8/><REACH who="1" ten="488,165,147,190" step="2"/><V85/><F134/><W112/><G106/><T36/><D36/><U6/><E6/><V120/><REACH who="2" step="1"/><F79/><REACH who="2" ten="488,165,137,190" step="2"/><W52/><G112/><T76/><D76/><U128/><E128/><V72/><F72/><N who="0" m="27690" /><D46/><U99/><E99/><V127/><F127/><W78/><G96/><T130/><D130/><U131/><E131/><V115/><F115/><W24/><G78/><T98/><D98/><U59/><E59/><V95/><AGARI ba="4,2" hai="0,5,10,83,84,85,88,89,95,105,107,120,121,123" machi="95" ten="30,8000,1" yaku="1,1,0,1,52,2,54,1,53,0" doraHai="86" doraHaiUra="29" who="2" fromWho="2" sc="488,-44,165,-24,137,112,190,-24" /><INIT seed="1,0,0,0,2,83" ten="444,141,249,166" oya="1" hai0="63,32,113,13,45,35,5,115,36,9,85,70,43" hai1="124,50,34,64,82,100,97,90,55,53,118,89,96" hai2="127,27,110,38,75,4,10,107,101,62,56,108,12" hai3="57,67,21,28,105,123,15,128,46,31,48,131,72"/><U51/><E118/><V86/><F38/><W17/><G72/><T94/><D70/><U112/><E34/><V125/><F75/><W106/><G123/><T87/><D63/><U59/><E112/><V65/><F27/><W79/><G79/><T41/><D41/><U91/><E124/><V92/><F107/><W23/><G67/><T18/><D115/><U98/><E64/><V33/><F33/><W99/><G57/><T52/><D113/><U80/><REACH who="1" step="1"/><E100/><REACH who="1" ten="444,131,249,166" step="2"/><V119/><F119/><W88/><G106/><T130/><D32/><U95/><E95/><V69/><F69/><W68/><G68/><T47/><D35/><U126/><E126/><N who="2" m="48139" /><F101/><W30/><G105/><T114/><D114/><U81/><E81/><V25/><F25/><N who="3" m="16447" /><G131/><T77/><D130/><U37/><E37/><V16/><F4/><W133/><G128/><T84/><D94/><U76/><E76/><V60/><F60/><W0/><G133/><T26/><D77/><U29/><E29/><V39/><F39/><W8/><G31/><T103/><D103/><U132/><E132/><V134/><F134/><W129/><G30/><T1/><D26/><U6/><E6/><V71/><F71/><W135/><G129/><T111/><D5/><U104/><E104/><V7/><F7/><W11/><G135/><T122/><D122/><U102/><E102/><V116/><F116/><W24/><G0/><T54/><D1/><U73/><E73/><V2/><F2/><W78/><G78/><T93/><D93/><U58/><AGARI ba="0,1" hai="50,51,53,55,58,59,80,82,89,90,91,96,97,98" machi="58" ten="30,11700,0" yaku="1,1,0,1,9,1,8,1,53,0" doraHai="83" doraHaiUra="121" who="1" fromWho="1" sc="444,-39,131,127,249,-39,166,-39" /><INIT seed="1,1,0,0,2,125" ten="405,258,210,127" oya="1" hai0="92,128,52,63,53,55,76,131,59,126,48,80,109" hai1="134,30,49,102,12,34,95,71,20,93,9,37,3" hai2="72,89,47,133,28,67,2,82,45,50,77,110,19" hai3="57,6,106,100,22,38,107,15,130,112,26,29,44"/><U11/><E34/><V105/><F2/><W18/><G112/><T122/><D126/><U33/><E37/><V13/><F110/><W118/><G118/><T74/><D109/><U101/><E71/><V46/><F105/><W17/><G57/><T23/><D122/><U40/><E33/><V135/><F67/><W41/><G6/><T98/><D23/><U81/><E3/><V90/><F28/><W24/><G100/><N who="1" m="38506" /><E134/><V84/><F72/><W60/><G60/><T120/><D120/><U113/><E113/><V35/><F35/><W42/><G42/><T4/><D4/><U83/><E40/><V94/><F50/><W14/><G130/><N who="0" m="49707" /><D48/><U10/><E49/><V36/><F36/><W1/><G1/><T99/><D92/><N who="1" m="35403" /><E30/><V66/><F66/><AGARI ba="1,0" hai="52,53,55,59,63,66,74,76,80,98,99" m="49707" machi="66" ten="30,8000,1" yaku="19,1,52,3,54,1" doraHai="125" who="0" fromWho="2" sc="405,83,258,0,210,-83,127,0" /><INIT seed="2,0,0,2,3,59" ten="488,258,127,127" oya="2" hai0="17,30,28,4,14,63,51,128,132,71,33,131,0" hai1="25,98,100,95,97,81,129,61,35,58,99,67,86" hai2="123,96,9,1,127,75,90,89,92,107,125,117,74" hai3="11,110,85,105,42,72,41,122,83,120,65,119,13"/><V82/><F1/><W38/><G105/><T113/><D113/><U57/><E129/><N who="0" m="49737" /><D33/><U112/><E112/><V37/><F9/><W2/><G119/><T101/><D132/><U77/><E35/><V114/><F37/><W54/><G65/><N who="0" m="41407" /><D101/><U106/><E25/><V18/><F18/><W23/><G110/><T20/><D51/><U40/><E40/><V103/><F114/><W48/><G72/><N who="2" m="27689" /><F117/><W60/><G2/><T134/><D134/><U88/><REACH who="1" step="1"/><E58/><REACH who="1" ten="488,248,127,127" step="2"/><V135/><F135/><W12/><G41/><T10/><AGARI ba="0,1" hai="0,4,10,14,17,20,28,30" m="41407,49737" machi="10" ten="30,2000,0" yaku="19,1,52,1" doraHai="59" who="0" fromWho="0" sc="488,30,248,-5,127,-10,127,-5" /><INIT seed="3,0,0,4,3,58" ten="518,243,117,122" oya="3" hai0="12,111,47,39,110,81,28,34,79,22,74,5,53" hai1="9,59,44,43,29,64,84,83,38,122,30,102,46" hai2="116,108,42,61,13,19,6,7,66,78,70,36,65" hai3="127,15,23,95,4,101,87,129,113,112,119,17,90"/><W99/><G119/><T51/><D39/><U86/><E122/><V57/><F116/><W98/><G129/><T134/><D134/><U24/><E102/><V62/><F108/><W10/><G127/><T91/><D34/><U35/><E30/><V72/><F36/><W106/><REACH who="3" step="1"/><G98/><REACH who="3" ten="518,243,117,112" step="2"/><T109/><D109/><U40/><E9/><V69/><F42/><W63/><G63/><T121/><D111/><U88/><E43/><V27/><F27/><AGARI ba="0,1" hai="4,10,15,17,23,27,87,90,95,99,101,106,112,113" machi="27" ten="30,2900,0" yaku="1,1,7,1,53,0" doraHai="58" doraHaiUra="41" who="3" fromWho="2" sc="518,0,243,0,117,-29,112,39" /><INIT seed="3,1,0,3,1,29" ten="518,243,88,151" oya="3" hai0="95,76,110,47,64,18,12,103,9,131,62,84,65" hai1="80,97,5,61,116,114,81,4,102,53,130,129,27" hai2="108,32,25,42,15,94,122,58,19,26,111,8,90" hai3="88,78,14,7,120,128,59,87,72,74,121,55,38"/><W127/><G38/><T82/><D110/><N who="2" m="42026" /><F42/><W49/><G128/><N who="1" m="49258" /><E114/><V48/><F48/><W63/><G127/><T68/><D131/><U118/><E27/><N who="2" m="10251" /><F58/><W33/><G33/><T117/><D117/><N who="1" m="45163" /><E53/><V3/><F94/><W113/><G113/><T21/><D65/><U1/><E61/><V75/><F90/><W104/><G104/><T10/><REACH who="0" step="1"/><D47/><REACH who="0" ten="508,243,88,151" step="2"/><U107/><E1/><V0/><F75/><W13/><G74/><T92/><D92/><U99/><E99/><AGARI ba="1,1" hai="9,10,12,18,21,62,64,68,76,82,84,95,99,103" machi="99" ten="40,1300,0" yaku="1,1,53,0" doraHai="29" doraHaiUra="71" who="0" fromWho="1" sc="508,26,243,-16,88,0,151,0" owari="534,63.0,227,3.0,88,-41.0,151,-25.0" /></mjloggm>