<mjloggm ver="2.3"><GO type="97" lobby="0"/><UN n0="%E5%85%83%E6%B0%97%E3%81%AE%E5%85%83" n1="%6B%73%73" n2="%E5%B0%B1%E6%B4%BB%E7%94%9F%40%E5%B7%9D%E6%9D%91%E8%BB%8D%E5%9B%A3" n3="%E3%83%AA%E3%83%81%E3%83%A3%21%21" dan="13,15,15,15" rate="1850.51,1997.23,2000.47,2018.58" sx="M,M,M,M"/><TAIKYOKU oya="0"/><INIT seed="0,0,0,2,2,130" ten="250,250,250,250" oya="0" hai0="64,102,66,79,109,104,108,119,133,125,35,4,40" hai1="83,48,0,135,123,61,39,101,63,60,1,2,74" hai2="41,117,106,93,94,21,25,50,92,24,51,73,118" hai3="15,105,6,114,90,26,67,112,9,13,103,54,8"/><T116/><D35/><U37/><E123/><V87/><F73/><W131/><G67/><T18/><D4/><U62/><E101/><V19/><F106/><W81/><G54/><T14/><D79/><U100/><E100/><V86/><F41/><W20/><G131/><T47/><D125/><U134/><E63/><V70/><F70/><W23/><G103/><T56/><D133/><N who="1" m="50699" /><E48/><N who="2" m="18475" /><F21/><W30/><G105/><T55/><D104/><U107/><E107/><V65/><F19/><W122/><G122/><T38/><D102/><U111/><E111/><N who="0" m="42569" /><D18/><U120/><E120/><V77/><F77/><AGARI ba="0,0" hai="0,1,2,37,39,60,61,62,74,77,83" m="50699" machi="77" ten="40,8000,1" yaku="20,1,52,3" doraHai="130" who="1" fromWho="2" sc="250,0,250,80,250,-80,250,0" /><INIT seed="1,0,0,3,2,90" ten="250,330,170,250" oya="1" hai0="9,77,2,78,48,39,56,129,21,15,47,11,119" hai1="32,133,40,44,125,10,20,60,104,100,106,67,42" hai2="69,37,87,88,74,46,41,29,131,127,52,19,26" hai3="45,50,120,5,101,91,115,76,84,121,79,89,82"/><U134/><E32/><V96/><F74/><W85/><G115/><T99/><D119/><U1/><E125/><V57/><F69/><W94/><G5/><T75/><D75/><U54/><E54/><V123/><F127/><W61/><G61/><T64/><D129/><U116/><E116/><V63/><F123/><N who="3" m="47179" /><G45/><T71/><D71/><U0/><E20/><V25/><F131/><W58/><G50/><T107/><D2/><N who="1" m="1131" /><E10/><V98/><F26/><W16/><G16/><T34/><D34/><U27/><E27/><V105/><F19/><W24/><G58/><T118/><D118/><U33/><E33/><V132/><F105/><W68/><G24/><T122/><D122/><U28/><E28/><V4/><F4/><W31/><G31/><T86/><D39/><N who="1" m="21535" /><E100/><V128/><F128/><W51/><G68/><T109/><D109/><U124/><E42/><V6/><F6/><W62/><G62/><T49/><D49/><U3/><E3/><V66/><F132/><N who="1" m="50793" /><E124/><V35/><REACH who="2" step="1"/><F66/><REACH who="2" ten="250,330,160,250" step="2"/><W114/><G114/><T72/><D64/><U80/><E80/><AGARI ba="0,1" hai="25,29,35,37,41,46,52,57,63,80,87,88,96,98" machi="80" ten="30,8000,1" yaku="1,1,2,1,7,1,54,2,53,0" doraHai="90" doraHaiUra="17" who="2" fromWho="1" sc="250,0,330,-80,160,90,250,0" /><INIT seed="2,0,0,5,5,78" ten="250,250,250,250" oya="2" hai0="90,69,74,58,47,34,40,91,59,23,129,127,83" hai1="117,111,18,123,44,89,5,42,22,26,131,4,124" hai2="9,98,132,112,86,41,31,33,27,66,38,60,10" hai3="108,101,29,35,51,19,80,71,109,95,126,36,49"/><V62/><F112/><W65/><G36/><T61/><D34/><U8/><E117/><V76/><F132/><W102/><G126/><T128/><D23/><U130/><E111/><N who="3" m="42570" /><G19/><T85/><D74/><U97/><E124/><V122/><F122/><W75/><G71/><T133/><D127/><U104/><E123/><V28/><F28/><W46/><G65/><T13/><D13/><U110/><E110/><V92/><F38/><W37/><G95/><T82/><D69/><U50/><E5/><V116/><F41/><N who="3" m="22831" /><G29/><T30/><D30/><U53/><E42/><V103/><F116/><W17/><G17/><T114/><D114/><U21/><E21/><V119/><F119/><W81/><G35/><T2/><D2/><U16/><E18/><V15/><F15/><W70/><G70/><T52/><D133/><U73/><E73/><V93/><F62/><W106/><G75/><T6/><D6/><U100/><REACH who="1" step="1"/><E89/><REACH who="1" ten="250,240,250,250" step="2"/><V99/><F10/><W39/><G39/><T118/><D118/><U94/><E94/><V11/><F11/><W12/><G12/><AGARI ba="0,1" hai="4,8,12,16,22,26,44,50,53,97,100,104,130,131" machi="12" ten="40,2600,0" yaku="1,1,54,1,53,0" doraHai="78" doraHaiUra="84" who="1" fromWho="3" sc="250,0,240,36,250,0,250,-26" /><INIT seed="3,0,0,0,2,78" ten="250,276,250,224" oya="3" hai0="79,127,106,75,56,116,20,43,130,38,31,104,48" hai1="72,129,44,121,5,34,82,96,81,100,103,107,88" hai2="23,32,12,114,47,123,3,11,102,108,112,51,66" hai3="69,16,30,86,74,98,118,15,67,42,68,14,95"/><W60/><G118/><T122/><D122/><U26/><E121/><V84/><F32/><W29/><G74/><T83/><D116/><U2/><E129/><V115/><F123/><W126/><G126/><T6/><D127/><U37/><E103/><V28/><F108/><W50/><G69/><T70/><D70/><U36/><E88/><V57/><F102/><W24/><G14/><T39/><D130/><U99/><E99/><V73/><F73/><W63/><G63/><T17/><D6/><U22/><E34/><V65/><F3/><W7/><G7/><T35/><D35/><U49/><E5/><V19/><F57/><N who="3" m="37263" /><G24/><T93/><D31/><U97/><E97/><V125/><F125/><W71/><G68/><T33/><D33/><U21/><E2/><V45/><F45/><N who="3" m="25911" /><G86/><T110/><D110/><U64/><E64/><V124/><F124/><W55/><G55/><T105/><D93/><U46/><E72/><V10/><F84/><W76/><G76/><T0/><D0/><U92/><E107/><V1/><F11/><N who="3" m="6271" /><G71/><T119/><D119/><U135/><E37/><V80/><F1/><W52/><G52/><T58/><D38/><U113/><E36/><V111/><F111/><W109/><G109/><T9/><D39/><U25/><E113/><V62/><F66/><W8/><G8/><T13/><D9/><U91/><E25/><N who="2" m="16447" /><F62/><W120/><G120/><T89/><D89/><AGARI ba="0,0" hai="29,30,89,95,98" m="6271,25911,37263" machi="89" ten="30,2900,0" yaku="8,1,54,1" doraHai="78" who="3" fromWho="0" sc="250,-29,276,0,250,0,224,29" /><INIT seed="3,1,0,5,4,127" ten="221,276,250,253" oya="3" hai0="113,18,94,90,37,19,104,130,85,107,123,7,2" hai1="4,30,82,87,76,1,122,13,36,110,74,28,70" hai2="45,125,67,14,106,16,22,129,116,96,99,86,55" hai3="80,132,124,56,65,25,93,50,98,5,3,135,58"/><W89/><G124/><T46/><D123/><U131/><E122/><V53/><F125/><W115/><G115/><T39/><D113/><U9/><E110/><V88/><F116/><W112/><G112/><T35/><D35/><U43/><E70/><V72/><F72/><W40/><G65/><T117/><D117/><U6/><E131/><V69/><F129/><W66/><G66/><T100/><D100/><U63/><E63/><V54/><F106/><W78/><G25/><T121/><D121/><U111/><E111/><V92/><REACH who="2" step="1"/><F45/><REACH who="2" ten="221,276,240,253" step="2"/><N who="3" m="25895" /><G3/><T120/><D120/><U95/><E1/><V11/><F11/><W103/><G5/><T60/><D7/><U109/><E4/><V114/><F114/><W61/><G135/><T42/><D2/><U38/><E109/><V133/><F133/><W57/><G132/><T17/><D107/><U97/><E74/><V15/><F15/><W44/><G44/><T12/><D104/><U49/><E49/><V73/><F73/><W71/><G71/><T102/><D130/><U84/><E38/><V41/><F41/><W52/><G78/><T26/><D37/><U51/><E36/><V101/><F101/><W77/><G77/><T48/><D39/><U24/><E51/><V27/><F27/><W34/><G34/><T134/><D134/><U126/><E43/><V64/><F64/><W10/><G10/><N who="0" m="6295" /><D102/><N who="1" m="60735" /><E126/><V62/><AGARI ba="1,1" hai="14,16,22,53,54,55,62,67,69,86,88,92,96,99" machi="62" ten="30,8000,1" yaku="1,1,0,1,54,2,53,1" doraHai="127" doraHaiUra="91" who="2" fromWho="2" sc="221,-21,276,-21,240,93,253,-41" owari="200,-30.0,255,6.0,333,43.0,212,-19.0" /></mjloggm>