<mjloggm ver="2.3"><GO type="169" lobby="0"/><UN n0="%E4%B8%A6%E3%81%BF%E3%81%AE%E7%AB%9C" n1="%4A%61%6E%2D%4D%61%63%68" n2="%E5%A4%AA%E3%81%8F%E3%81%AA%E3%81%84%E3%81%8A" n3="%E3%82%A6%E3%83%AB%E3%83%88%E3%83%A9%E7%AB%8B%E7%9B%B4" dan="16,16,18,17" rate="2144.85,2101.81,2235.48,2139.92" sx="M,M,M,M"/><TAIKYOKU oya="0"/><INIT seed="0,0,0,0,5,30" ten="250,250,250,250" oya="0" hai0="63,69,34,93,100,91,135,94,61,59,112,131,67" hai1="124,95,73,51,115,85,19,132,105,68,18,60,47" hai2="56,79,77,128,130,120,88,84,118,5,40,71,126" hai3="3,78,46,76,121,82,104,23,22,83,49,113,92"/><T43/><D112/><U66/><E73/><V107/><F71/><W33/><G104/><T119/><D119/><U28/><E105/><V81/><F40/><W53/><G3/><T123/><D123/><U15/><E115/><V87/><F5/><W80/><G33/><T72/><D72/><U10/><E124/><V12/><F12/><W114/><G121/><T129/><D43/><U89/><E132/><V57/><F120/><W14/><G114/><T110/><D135/><U86/><E28/><V109/><F107/><W52/><G113/><T90/><D34/><U2/><E2/><V116/><F126/><W25/><G92/><N who="0" m="35435" /><D100/><U37/><E37/><V103/><F103/><W133/><G133/><T16/><D16/><U134/><E134/><V54/><F81/><W26/><G14/><T7/><D7/><U29/><E29/><V48/><F118/><W31/><G53/><N who="0" m="34031" /><D110/><U102/><E19/><AGARI ba="0,0" hai="19,22,23,25,26,31,46,49,52,76,78,80,82,83" machi="19" ten="40,2600,0" yaku="8,1,54,1" doraHai="30" who="3" fromWho="1" sc="250,0,250,-26,250,0,250,26" /><INIT seed="1,0,0,5,2,68" ten="250,224,250,276" oya="1" hai0="17,123,2,83,44,5,56,51,33,27,10,85,118" hai1="97,90,101,79,38,36,53,20,72,107,87,76,57" hai2="65,54,24,37,66,89,0,71,21,3,86,59,6" hai3="26,31,42,122,91,22,13,77,117,75,50,43,12"/><U32/><E32/><V105/><F105/><W125/><G122/><T113/><D113/><U9/><E20/><V18/><F71/><W25/><G117/><T69/><D69/><U133/><E133/><V74/><F74/><W62/><G125/><T112/><D112/><U124/><E124/><V134/><F134/><W78/><G75/><T8/><D118/><U16/><E79/><V52/><F37/><W102/><G102/><T35/><D56/><U34/><E34/><V30/><F3/><W115/><G115/><T19/><D19/><U114/><E114/><V94/><F0/><W135/><G135/><T111/><D111/><U28/><E28/><V121/><F6/><W1/><G1/><T96/><D96/><U39/><E9/><V46/><F121/><W116/><G62/><T119/><D119/><U132/><E16/><V129/><F129/><W60/><G60/><T23/><D10/><U103/><E103/><V130/><F130/><W61/><G61/><T4/><D4/><U67/><E67/><V100/><F100/><W95/><G26/><T40/><REACH who="0" step="1"/><D123/><REACH who="0" ten="240,224,250,276" step="2"/><U127/><E132/><V126/><F126/><W98/><G116/><T70/><D70/><U80/><E127/><V64/><F59/><W81/><G98/><T131/><D131/><U104/><E104/><V48/><REACH who="2" step="1"/><F18/><REACH who="2" ten="240,224,240,276" step="2"/><W63/><G31/><T92/><D92/><N who="1" m="54367" /><E57/><V11/><F11/><W93/><G93/><T106/><D106/><U120/><E120/><V55/><AGARI ba="0,2" hai="21,24,30,46,48,52,54,55,64,65,66,86,89,94" machi="55" ten="30,8000,1" yaku="1,1,0,1,8,1,54,1,53,1" doraHai="68" doraHaiUra="47" who="2" fromWho="2" sc="240,-20,224,-40,240,100,276,-20" /><INIT seed="2,0,0,5,4,102" ten="220,184,340,256" oya="2" hai0="100,76,6,135,133,74,32,10,81,123,85,128,87" hai1="31,126,40,117,35,120,80,77,57,30,107,88,93" hai2="61,105,62,113,67,109,5,60,97,91,8,89,25" hai3="15,98,111,14,110,112,51,41,43,119,63,66,34"/><V50/><F113/><W19/><G34/><T129/><D32/><U90/><E117/><V53/><F67/><W125/><G119/><T86/><D6/><U52/><E40/><V64/><F64/><W21/><G125/><T73/><D10/><U45/><E45/><V130/><F130/><N who="0" m="50282" /><D123/><U33/><E90/><V27/><F109/><N who="3" m="41483" /><G112/><T122/><D122/><U12/><E120/><V2/><F91/><W37/><G37/><T96/><D73/><U95/><E95/><AGARI ba="0,0" hai="74,76,81,85,86,87,95,96,100,133,135" m="50282" machi="95" ten="30,3900,0" yaku="19,1,34,2" doraHai="102" who="0" fromWho="1" sc="220,39,184,-39,340,0,256,0" /><INIT seed="3,0,0,1,1,80" ten="259,145,340,256" oya="3" hai0="72,63,64,10,116,87,125,39,48,2,1,91,110" hai1="69,132,14,100,104,19,20,43,65,36,40,37,83" hai2="17,16,60,4,24,0,49,46,27,82,75,67,90" hai3="103,130,88,59,114,97,23,89,105,52,5,29,126"/><W73/><G73/><T50/><D110/><U128/><E100/><V119/><F119/><W38/><G114/><T57/><D72/><U51/><E104/><V108/><F0/><W56/><G38/><T44/><D116/><U102/><E102/><V121/><F4/><W28/><G126/><T30/><D125/><U34/><E34/><V41/><F108/><W32/><G130/><T77/><D77/><U127/><E127/><V120/><F27/><W95/><G32/><T107/><D107/><U115/><E115/><V106/><F106/><W129/><G129/><T86/><D30/><N who="3" m="11881" /><G105/><T13/><D39/><U12/><E65/><V7/><F7/><W15/><G56/><T58/><D58/><U79/><E69/><V78/><F90/><W101/><G89/><T55/><D50/><U123/><E123/><N who="2" m="47179" /><F24/><W94/><G94/><T54/><D64/><U35/><E35/><V92/><F92/><W98/><G98/><T45/><D45/><U8/><E128/><V61/><F61/><N who="3" m="36071" /><G5/><T84/><REACH who="0" step="1"/><D91/><REACH who="0" ten="249,145,340,256" step="2"/><U74/><E37/><V68/><AGARI ba="0,1" hai="16,17,41,46,49,60,67,68,75,78,82" m="47179" machi="68" ten="30,2000,0" yaku="13,1,54,1" doraHai="80" who="2" fromWho="2" sc="249,-5,145,-5,340,30,256,-10" /><INIT seed="4,0,0,5,5,118" ten="244,140,370,246" oya="0" hai0="67,110,126,71,97,46,76,50,53,56,65,80,14" hai1="103,93,22,27,51,55,7,131,116,77,75,64,11" hai2="16,117,127,62,128,29,83,104,4,32,73,122,21" hai3="81,96,66,36,40,10,85,74,2,86,8,20,12"/><T52/><D126/><U63/><E116/><V98/><F117/><W79/><G66/><T78/><D71/><U37/><E37/><V57/><F4/><N who="3" m="1047" /><G96/><T38/><D110/><U108/><E108/><V91/><F57/><W26/><G12/><T69/><D97/><N who="1" m="59823" /><E75/><V95/><F62/><W102/><G10/><T47/><D69/><U54/><E77/><N who="0" m="29801" /><D38/><U94/><E94/><V0/><F95/><W101/><G86/><T99/><D99/><U123/><E51/><V28/><F98/><W5/><G85/><T41/><D80/><U15/><E123/><V87/><F122/><W43/><G43/><T23/><D41/><U31/><E131/><V61/><F128/><W39/><G39/><T90/><D90/><U112/><E112/><V35/><F73/><W6/><G102/><T135/><D135/><U133/><E133/><V30/><F0/><W119/><G101/><T124/><D124/><U42/><E42/><V3/><F3/><W89/><G89/><T132/><D132/><U125/><E125/><V130/><F127/><W17/><G119/><T111/><D111/><U1/><E1/><V19/><F130/><W13/><G13/><T9/><D9/><U92/><E92/><V24/><F104/><W59/><G40/><T45/><D53/><U49/><E49/><V58/><REACH who="2" step="1"/><F19/><AGARI ba="0,0" hai="14,19,23,45,46,47,50,52,56,65,67" m="29801" machi="19" ten="30,2900,0" yaku="8,1,54,1" doraHai="118" who="0" fromWho="2" sc="244,29,140,0,370,-29,246,0" /><INIT seed="4,1,0,1,3,110" ten="273,140,341,246" oya="0" hai0="85,11,17,6,26,53,100,48,101,61,46,93,70" hai1="91,125,33,84,73,118,67,9,121,43,119,34,35" hai2="7,64,111,71,5,14,122,105,131,32,58,10,3" hai3="80,4,1,82,30,75,52,23,22,74,117,108,76"/><T50/><D70/><U114/><E73/><V51/><F51/><W59/><G108/><T28/><D61/><U127/><E67/><V96/><F58/><W54/><G117/><N who="1" m="44554" /><E43/><V106/><F14/><W112/><G4/><T39/><D39/><U123/><E84/><V83/><F5/><W124/><G1/><T31/><D17/><U107/><E91/><V65/><F65/><W86/><G30/><N who="0" m="11307" /><D26/><U81/><E81/><V16/><F16/><W92/><G74/><T113/><D113/><U20/><E9/><V79/><F111/><W12/><G75/><T15/><D50/><U120/><E107/><V57/><F105/><W40/><G82/><T18/><D6/><U63/><E63/><V128/><F71/><W13/><G80/><T78/><D78/><U97/><E97/><V102/><F83/><W103/><G76/><T134/><D134/><U135/><E20/><V42/><F79/><W37/><G23/><T72/><D72/><U0/><E135/><V56/><F106/><W19/><G22/><T55/><D55/><U87/><E87/><V109/><F64/><W98/><G86/><T41/><D41/><U60/><E60/><V126/><F42/><W49/><G54/><T45/><D45/><U36/><E36/><V24/><F109/><W104/><G40/><T130/><D130/><U66/><E66/><V69/><F131/><W47/><G47/><T29/><N who="0" m="11315" /><T129/><DORA hai="68" /><D129/><U38/><E38/><V77/><F128/><W44/><G44/><T89/><AGARI ba="1,0" hai="11,15,18,46,48,53,85,89,93,100,101" m="11315" machi="89" ten="40,2100,0" yaku="8,1" doraHai="110,68" who="0" fromWho="0" sc="273,24,140,-8,341,-8,246,-8" /><INIT seed="4,2,0,0,5,133" ten="297,132,333,238" oya="0" hai0="48,50,132,84,27,59,85,11,37,106,68,72,87" hai1="116,41,134,107,22,46,131,122,102,12,109,38,34" hai2="86,53,62,8,110,0,98,75,90,31,112,18,5" hai3="92,120,7,77,40,96,73,76,70,121,93,128,61"/><T118/><D118/><U36/><E34/><V119/><F75/><W25/><G7/><T4/><D68/><U78/><E116/><V89/><F110/><W111/><G40/><T79/><D106/><U105/><E109/><V21/><F119/><W20/><G111/><T24/><D132/><U13/><E134/><V100/><F31/><W10/><G10/><T91/><D37/><U47/><E78/><V6/><F6/><W56/><G70/><T14/><D72/><U28/><E122/><V83/><F112/><W135/><G93/><T63/><D79/><U82/><E82/><V60/><F53/><W29/><G128/><T45/><D91/><U108/><E108/><V23/><F90/><W66/><G135/><T127/><D127/><U113/><E131/><V125/><F23/><W51/><G51/><N who="0" m="19499" /><D45/><U101/><E28/><V49/><F49/><W55/><G55/><AGARI ba="2,0" hai="4,11,14,24,27,55,59,63,84,85,87" m="19499" machi="55" ten="30,1500,0" yaku="8,1" doraHai="133" who="0" fromWho="3" sc="297,21,132,0,333,0,238,-21" /><INIT seed="4,3,0,3,3,77" ten="318,132,333,217" oya="0" hai0="79,29,24,37,11,62,107,85,86,5,87,17,54" hai1="48,75,96,88,125,106,109,60,38,127,16,70,8" hai2="67,20,45,51,58,128,71,76,92,93,12,30,46" hai3="83,32,57,134,81,28,39,33,47,124,99,43,103"/><T72/><D107/><U53/><E75/><V123/><F71/><W56/><G124/><N who="1" m="47690" /><E38/><V26/><F123/><W41/><G134/><T65/><D37/><U42/><E42/><V84/><F128/><W111/><G111/><T126/><D17/><U97/><E106/><V15/><F67/><W105/><G43/><T104/><D104/><U132/><E60/><V13/><F58/><W129/><G129/><T74/><D54/><U130/><E70/><V135/><F135/><W115/><G115/><T117/><D117/><U36/><E36/><V19/><F30/><W50/><G28/><T44/><D44/><N who="2" m="17002" /><F51/><W113/><G113/><T68/><D79/><U7/><E109/><V118/><F118/><W122/><G122/><T0/><REACH who="0" step="1"/><D126/><REACH who="0" ten="308,132,333,217" step="2"/><U21/><E132/><V114/><F114/><W55/><REACH who="3" step="1"/><G56/><REACH who="3" ten="308,132,333,207" step="2"/><T18/><D18/><U100/><E130/><V10/><F19/><W3/><G3/><T112/><D112/><U64/><E16/><N who="2" m="12551" /><F10/><W2/><G2/><T22/><AGARI ba="3,2" hai="0,5,11,22,24,29,62,65,68,72,74,85,86,87" machi="22" ten="30,3000,0" yaku="1,1,0,1,53,0" doraHai="77" doraHaiUra="110" who="0" fromWho="0" sc="308,59,132,-13,333,-13,207,-13" /><INIT seed="4,4,0,3,0,35" ten="367,119,320,194" oya="0" hai0="122,74,34,29,19,64,71,100,41,45,47,106,68" hai1="50,69,128,115,58,98,9,8,99,60,46,104,103" hai2="123,33,77,72,2,120,125,76,37,89,86,124,48" hai3="61,132,44,66,96,110,114,53,21,87,134,116,117"/><T93/><D122/><N who="2" m="46634" /><F37/><W85/><G96/><T62/><D47/><U55/><E128/><V75/><F33/><W111/><G21/><T11/><D93/><U91/><E115/><V12/><F12/><W24/><G24/><N who="0" m="18727" /><D19/><U54/><E69/><V82/><F2/><W52/><G114/><T119/><D11/><U25/><E25/><V4/><F4/><W108/><G87/><T84/><D84/><U20/><E20/><V121/><F48/><N who="3" m="28679" /><G85/><T27/><D27/><U79/><E79/><N who="2" m="30283" /><F121/><W94/><G53/><T40/><D40/><U105/><E91/><V95/><F95/><W49/><G49/><T118/><D71/><U43/><REACH who="1" step="1"/><E43/><REACH who="1" ten="367,109,320,194" step="2"/><V97/><F97/><W17/><G94/><T127/><D118/><N who="3" m="45673" /><G17/><T133/><D119/><U3/><E3/><V129/><F129/><W92/><G92/><T113/><D113/><U112/><E112/><V101/><F101/><AGARI ba="4,1" hai="8,9,46,50,54,55,58,60,98,99,101,103,104,105" machi="101" ten="40,2600,0" yaku="1,1,9,1,53,0" doraHai="35" doraHaiUra="15" who="1" fromWho="2" sc="367,0,109,48,320,-38,194,0" /><INIT seed="5,0,0,0,0,134" ten="367,157,282,194" oya="1" hai0="54,119,61,37,135,22,94,21,113,6,81,59,100" hai1="72,66,69,118,125,98,127,4,129,27,20,110,55" hai2="114,108,97,50,3,126,42,84,46,93,41,23,5" hai3="82,2,68,71,102,115,128,107,1,95,92,48,26"/><U67/><E72/><V116/><F108/><W105/><G48/><T70/><D37/><U64/><E118/><V28/><F116/><W124/><G26/><T52/><D119/><U79/><E79/><V121/><F121/><W35/><G102/><T131/><D70/><U109/><E69/><V11/><F84/><W106/><G106/><T90/><D113/><U58/><E98/><V86/><F86/><W7/><G7/><T43/><D43/><U19/><E4/><V73/><F73/><W8/><G8/><T51/><D131/><U133/><E129/><V57/><F57/><W76/><G35/><T130/><D135/><U89/><E89/><V88/><F114/><W53/><G128/><T77/><D100/><U101/><E101/><V32/><F32/><W29/><G115/><T0/><D0/><U39/><E39/><V24/><REACH who="2" step="1"/><F42/><REACH who="2" ten="367,157,272,194" step="2"/><W75/><G75/><T30/><D130/><U111/><E133/><V65/><F65/><W112/><G112/><T56/><D59/><U96/><REACH who="1" step="1"/><E96/><REACH who="1" ten="367,147,272,194" step="2"/><V80/><F80/><W49/><G82/><T103/><D81/><U122/><E122/><V123/><F123/><W63/><G71/><T31/><D77/><U120/><E120/><V132/><F132/><W36/><G68/><T83/><D83/><U104/><E104/><V17/><F17/><W9/><G107/><T91/><D6/><U33/><E33/><V15/><F15/><W14/><G14/><T18/><D18/><U13/><E13/><V60/><F60/><AGARI ba="0,2" hai="19,20,27,55,58,60,64,66,67,109,110,111,125,127" machi="60" ten="50,12000,1" yaku="1,1,10,1,52,2,53,1" doraHai="134" doraHaiUra="12" who="1" fromWho="2" sc="367,0,147,140,272,-120,194,0" /><INIT seed="5,1,0,0,3,45" ten="367,287,152,194" oya="1" hai0="59,88,78,119,74,91,34,32,4,94,132,111,60" hai1="38,72,35,106,47,127,39,84,112,23,30,69,19" hai2="29,92,18,61,114,9,37,118,120,101,3,43,122" hai3="67,48,82,123,124,66,21,73,93,117,15,97,24"/><U16/><E72/><V33/><F61/><W134/><G123/><T7/><D111/><U17/><E69/><V129/><F92/><W25/><G124/><T76/><D119/><U22/><E106/><V13/><F101/><N who="3" m="60591" /><G134/><T83/><D34/><U26/><E127/><V110/><F37/><W14/><G73/><T27/><D76/><U12/><E112/><V126/><F126/><W42/><G82/><T44/><D91/><U98/><E98/><V135/><F43/><W79/><G79/><T70/><D44/><U96/><E96/><V100/><F100/><W108/><G108/><T125/><D70/><U89/><E47/><V36/><F36/><W95/><G95/><T63/><D63/><U40/><E40/><V41/><F41/><W131/><G131/><T65/><D132/><U75/><E75/><V5/><F110/><W57/><G25/><T2/><D2/><U62/><E62/><V85/><F85/><W68/><G68/><T46/><D46/><U8/><E39/><V116/><F135/><W1/><G1/><T103/><D103/><U58/><E58/><V20/><F129/><W52/><G42/><T77/><D77/><U81/><REACH who="1" step="1"/><E38/><REACH who="1" ten="367,277,152,194" step="2"/><V86/><F114/><W115/><G115/><T0/><D125/><U10/><E10/><V31/><F86/><W11/><G11/><T90/><D59/><U51/><E51/><V133/><F133/><W55/><G57/><T28/><D74/><U99/><E99/><V109/><F109/><W113/><G113/><T50/><D60/><U105/><E105/><V54/><F9/><W104/><G104/><RYUUKYOKU ba="1,1" sc="367,-10,277,30,152,-10,194,-10" hai1="8,12,16,17,19,22,23,26,30,35,81,84,89" /><INIT seed="5,2,1,5,3,112" ten="357,307,142,184" oya="1" hai0="105,23,8,61,3,89,68,74,17,9,48,93,125" hai1="115,37,103,113,97,83,2,27,64,42,6,54,18" hai2="44,87,100,119,13,98,120,104,57,130,135,110,32" hai3="92,108,96,65,4,73,116,76,63,5,19,47,99"/><U0/><E64/><V7/><F110/><W90/><G108/><T82/><D105/><U91/><E54/><V80/><F120/><W107/><G73/><T129/><D3/><U33/><E91/><V84/><F32/><W126/><G76/><T67/><D125/><U22/><E83/><V39/><F130/><W134/><G126/><T59/><D129/><U72/><E72/><V128/><F128/><W26/><G134/><T111/><D111/><U38/><E42/><V41/><F135/><W58/><G116/><T34/><D34/><U81/><E81/><V117/><F57/><W31/><G19/><T77/><D48/><U40/><E40/><V36/><F36/><W1/><G1/><T45/><D45/><U70/><E70/><V62/><F62/><W25/><G47/><T78/><D68/><U109/><E33/><V121/><F121/><W79/><G79/><N who="0" m="30219" /><D82/><U106/><E109/><V12/><F12/><W94/><G107/><T133/><D74/><U66/><E66/><V132/><F132/><W52/><G65/><T88/><D89/><U35/><E35/><V85/><REACH who="2" step="1"/><F80/><REACH who="2" ten="357,307,132,184" step="2"/><W102/><G26/><N who="0" m="14703" /><D133/><U28/><E37/><V14/><F14/><W95/><G95/><T114/><D59/><U49/><E38/><V118/><F118/><W56/><G56/><T50/><D61/><U43/><E0/><V53/><F53/><W123/><G123/><T29/><D67/><U60/><E60/><V21/><F21/><AGARI ba="2,2" hai="4,5,21,25,31,52,58,63,90,92,94,96,99,102" machi="21" ten="30,3900,0" yaku="7,1,8,1,54,1" doraHai="112" who="3" fromWho="2" sc="357,0,307,0,132,-45,184,65" /><INIT seed="6,0,0,5,4,39" ten="357,307,87,249" oya="2" hai0="132,54,125,78,52,11,10,33,76,124,94,133,79" hai1="62,93,42,57,109,28,20,85,25,134,26,66,37" hai2="65,51,80,111,47,122,41,55,6,131,19,128,120" hai3="59,23,91,102,45,107,67,56,30,121,18,127,119"/><V126/><F6/><W58/><G121/><N who="2" m="46697" /><F19/><W3/><G59/><T117/><D33/><U1/><E1/><V101/><F101/><W81/><G18/><T92/><REACH who="0" step="1"/><D79/><REACH who="0" ten="347,307,87,249" step="2"/><U108/><E134/><V31/><F31/><W135/><G30/><T97/><D97/><U89/><E109/><V116/><F80/><W53/><G135/><T46/><D46/><U50/><E108/><V99/><F99/><W29/><G45/><T123/><D123/><U15/><E37/><N who="2" m="21935" /><F111/><W130/><G81/><T77/><D77/><U71/><E71/><V70/><F116/><AGARI ba="0,1" hai="10,11,52,54,76,78,92,94,116,117,124,125,132,133" machi="116" ten="25,6400,0" yaku="1,1,22,2,54,1,53,0" doraHai="39" doraHaiUra="21" who="0" fromWho="2" sc="347,74,307,0,87,-64,249,0" /><INIT seed="7,0,0,5,0,23" ten="421,307,23,249" oya="3" hai0="75,79,84,117,107,125,53,35,45,118,81,112,123" hai1="88,130,114,66,55,33,26,97,120,49,5,78,94" hai2="63,126,12,56,65,28,134,37,109,73,24,6,41" hai3="54,131,57,34,51,16,67,82,76,68,2,95,7"/><W43/><G131/><T52/><D123/><U48/><E48/><V70/><F12/><W87/><G34/><T104/><D35/><U119/><E120/><V99/><F6/><W86/><G43/><T100/><D45/><U8/><E66/><V44/><F73/><W29/><G29/><T40/><D40/><U47/><E78/><V98/><F109/><W111/><G111/><T11/><D11/><U4/><E114/><V27/><F126/><W127/><G127/><T96/><D125/><U19/><E119/><V133/><F28/><W89/><G68/><T110/><D107/><U9/><E130/><V3/><F3/><W72/><G67/><T129/><D112/><U128/><E128/><V92/><F99/><W32/><G32/><T38/><D38/><U59/><E33/><V122/><F122/><W21/><G7/><N who="1" m="2634" /><E47/><V77/><F77/><W124/><G2/><T22/><D110/><U102/><E102/><V58/><F58/><W62/><G124/><T1/><D1/><U116/><E116/><V20/><F20/><AGARI ba="0,0" hai="8,9,19,20,26,49,55,59,88,94,97" m="2634" machi="20" ten="30,3900,0" yaku="8,1,52,1,54,1" doraHai="23" who="1" fromWho="2" sc="421,0,307,39,23,-39,249,0" owari="421,52.0,346,15.0,-16,-52.0,249,-15.0" /></mjloggm>