<mjloggm ver="2.3"><GO type="97" lobby="0"/><UN n0="%6F%2E%63" n1="%E5%B0%B1%E6%B4%BB%E7%94%9F%40%E5%B7%9D%E6%9D%91%E8%BB%8D%E5%9B%A3" n2="%6E%79%61%61" n3="%EF%BC%88%C2%B4%E3%83%BB%CF%89%E3%83%BB%EF%BD%80%2A%EF%BC%89" dan="15,14,13,15" rate="1974.61,1998.71,1800.46,1927.13" sx="M,M,M,M"/><TAIKYOKU oya="0"/><INIT seed="0,0,0,4,3,64" ten="250,250,250,250" oya="0" hai0="107,75,90,22,61,8,10,113,99,44,109,74,62" hai1="35,83,49,92,134,29,24,32,26,59,119,54,42" hai2="118,117,41,108,133,57,86,135,116,82,93,33,60" hai3="72,98,18,40,94,91,34,111,102,128,51,115,14"/><T69/><D113/><U19/><E119/><V4/><F33/><W17/><G115/><T87/><D74/><U23/><E134/><N who="2" m="51211" /><F4/><W38/><G38/><T9/><D75/><U121/><E121/><V7/><F7/><W132/><G34/><T63/><D44/><U39/><E39/><V96/><F41/><W106/><G132/><T105/><D22/><U70/><E70/><V47/><F47/><W110/><G72/><T65/><D109/><N who="3" m="41481" /><G14/><T67/><D99/><U2/><E2/><V122/><F108/><W120/><G120/><T103/><D103/><U124/><E124/><V71/><F57/><W81/><G81/><T25/><D25/><U95/><E42/><V125/><F60/><W0/><G0/><T37/><D37/><U88/><REACH who="1" step="1"/><E32/><REACH who="1" ten="250,240,250,250" step="2"/><V50/><F71/><W27/><G40/><T48/><D69/><U3/><E3/><V97/><F125/><W84/><G128/><T66/><REACH who="0" step="1"/><D48/><REACH who="0" ten="240,240,250,250" step="2"/><U77/><E77/><N who="2" m="46415" /><F50/><W112/><G51/><T30/><D30/><U68/><E68/><V58/><F122/><W100/><G112/><T16/><D16/><N who="3" m="6249" /><G27/><T130/><D130/><U80/><E80/><AGARI ba="0,2" hai="8,9,10,61,62,63,65,66,67,80,87,90,105,107" machi="80" ten="50,9600,0" yaku="1,1,29,2,53,0" doraHai="64" doraHaiUra="127" who="0" fromWho="1" sc="240,116,240,-96,250,0,250,0" /><INIT seed="0,1,0,3,5,91" ten="356,144,250,250" oya="0" hai0="74,131,33,7,18,96,24,13,110,31,117,102,58" hai1="20,114,126,30,15,19,100,99,61,54,1,25,122" hai2="11,123,41,5,80,92,78,16,42,27,43,118,98" hai3="62,84,2,72,124,14,32,29,12,134,73,40,37"/><T63/><D74/><U79/><E122/><V116/><F123/><W34/><G2/><T115/><D117/><N who="2" m="45162" /><F5/><W36/><G62/><T76/><D115/><U44/><E114/><V55/><F55/><W69/><G69/><T50/><D131/><U111/><E126/><V121/><F121/><W82/><G124/><T9/><D76/><U46/><E111/><V28/><F28/><W132/><G40/><T0/><D50/><U109/><E109/><V71/><F71/><W60/><G60/><T86/><D86/><U6/><E79/><V66/><F66/><W53/><G53/><T59/><D110/><U119/><E119/><V90/><F11/><W3/><G3/><T129/><D129/><U67/><E6/><V94/><F94/><W26/><G84/><T23/><REACH who="0" step="1"/><D63/><REACH who="0" ten="346,144,250,250" step="2"/><U83/><E83/><V133/><F133/><W56/><G82/><T113/><D113/><U17/><E44/><V49/><F49/><W48/><G48/><T127/><D127/><U128/><E46/><V4/><F80/><W22/><G134/><T77/><D77/><U38/><E128/><V68/><F78/><W135/><G132/><T75/><D75/><N who="3" m="28745" /><G135/><T10/><D10/><U93/><E38/><V107/><F98/><W64/><G37/><T87/><D87/><U39/><E39/><V52/><F41/><W89/><G36/><T105/><AGARI ba="1,1" hai="0,7,9,13,18,23,24,31,33,58,59,96,102,105" machi="105" ten="20,12000,1" yaku="1,1,0,1,7,1,24,2,53,0" doraHai="91" doraHaiUra="130" who="0" fromWho="0" sc="346,133,144,-41,250,-41,250,-41" /><INIT seed="0,2,0,2,3,53" ten="479,103,209,209" oya="0" hai0="96,49,81,52,22,124,132,5,79,97,113,75,51" hai1="80,98,83,12,59,129,78,68,6,58,92,0,27" hai2="70,104,40,101,115,7,18,109,25,41,47,23,11" hai3="33,63,34,36,87,37,123,88,122,76,84,4,31"/><T127/><D113/><U95/><E68/><V24/><F109/><W42/><G4/><T44/><D132/><U56/><E129/><V93/><F70/><W117/><G117/><T125/><D22/><U90/><E0/><V131/><F104/><W16/><G76/><T74/><D74/><U48/><E27/><V135/><F131/><W67/><G84/><T57/><REACH who="0" step="1"/><D5/><REACH who="0" ten="469,103,209,209" step="2"/><U61/><E61/><V118/><F7/><W28/><G34/><T128/><D128/><U43/><E6/><V72/><F23/><W130/><G130/><T55/><AGARI ba="2,1" hai="44,49,51,52,55,57,75,79,81,96,97,124,125,127" machi="55" ten="40,12000,1" yaku="1,1,0,1,18,1,52,1,54,1,53,0" doraHai="53" doraHaiUra="62" who="0" fromWho="0" sc="469,136,103,-42,209,-42,209,-42" /><INIT seed="0,3,0,5,2,78" ten="605,61,167,167" oya="0" hai0="86,3,73,63,118,77,123,0,44,22,87,49,109" hai1="17,129,55,1,6,79,60,89,116,59,8,16,68" hai2="134,71,108,23,124,52,27,103,14,125,21,69,114" hai3="9,12,97,80,34,28,31,130,65,62,101,83,84"/><T46/><D118/><U102/><E116/><V126/><F114/><W135/><G130/><T113/><D113/><U4/><E129/><V39/><F39/><W56/><G135/><T70/><D123/><U13/><E68/><V30/><F108/><W53/><G65/><T105/><D105/><U72/><E102/><V106/><F134/><W133/><G133/><T40/><D109/><U35/><E35/><V50/><F103/><W48/><G62/><T76/><D22/><U122/><E122/><V47/><F106/><W104/><G34/><T38/><D73/><U107/><E107/><V85/><F85/><W132/><G132/><T88/><D77/><U120/><E120/><V64/><F64/><W2/><G2/><T127/><D76/><U20/><E89/><V74/><F74/><W45/><G56/><T111/><D111/><U32/><E32/><V94/><F94/><W119/><G119/><T61/><D127/><U54/><E6/><V25/><F14/><W43/><G53/><T128/><D128/><U24/><E79/><V11/><F11/><W7/><REACH who="3" step="1"/><G84/><REACH who="3" ten="605,61,167,157" step="2"/><T37/><D87/><U117/><E72/><V112/><F112/><W67/><G67/><T131/><D131/><U75/><E75/><V92/><F92/><W115/><G115/><T5/><D0/><U15/><E117/><V93/><F93/><W100/><G100/><T36/><D3/><U96/><E96/><V33/><F33/><W26/><G26/><T82/><D70/><U57/><REACH who="1" step="1"/><E17/><AGARI ba="3,1" hai="17,21,23,25,27,30,47,50,52,69,71,124,125,126" machi="17" ten="40,2600,0" yaku="18,1,54,1" doraHai="78" who="2" fromWho="1" sc="605,0,61,-35,167,45,157,0" /><INIT seed="1,0,0,5,4,32" ten="605,26,212,157" oya="1" hai0="111,54,89,69,101,122,30,78,93,117,98,88,95" hai1="13,126,87,74,70,99,91,64,105,7,75,57,97" hai2="67,34,102,8,92,128,31,125,40,110,14,58,61" hai3="45,44,63,129,29,49,53,130,121,118,2,25,112"/><U132/><E70/><V60/><F110/><W22/><G121/><T38/><D122/><U85/><E126/><V114/><F125/><W16/><G112/><T1/><D117/><U96/><E132/><V19/><F128/><N who="3" m="49259" /><G118/><T46/><D69/><U66/><E105/><V26/><F114/><W134/><G134/><T11/><D30/><U50/><E74/><V21/><F40/><W72/><G72/><T83/><D111/><U104/><E75/><V113/><F61/><W5/><G63/><T27/><D27/><U0/><E104/><V100/><F113/><W42/><G29/><T23/><D23/><U135/><E135/><V123/><F123/><W28/><G28/><T33/><D33/><U103/><E103/><V59/><F59/><N who="3" m="33199" /><G42/><N who="0" m="22871" /><D54/><N who="1" m="31959" /><E0/><V4/><F92/><W52/><G52/><T80/><D95/><N who="1" m="54767" /><E87/><V47/><F47/><W35/><G35/><T15/><D83/><U9/><AGARI ba="0,0" hai="7,9,13,64,66,96,97,99" m="54767,31959" machi="9" ten="30,1500,0" yaku="8,1" doraHai="32" who="1" fromWho="1" sc="605,-5,26,15,212,-5,157,-5" /><INIT seed="1,1,0,4,4,83" ten="600,41,207,152" oya="1" hai0="101,68,15,4,24,69,111,92,90,37,125,79,91" hai1="45,58,7,81,56,132,42,86,32,26,5,25,131" hai2="11,122,17,40,110,66,97,59,62,65,20,121,46" hai3="93,112,47,9,51,89,14,60,102,118,127,105,52"/><U80/><E131/><V33/><F110/><W61/><G112/><T29/><D111/><U117/><E117/><V135/><F33/><W76/><G118/><T8/><D37/><U123/><E132/><V3/><F135/><W115/><G115/><T126/><D79/><N who="1" m="46367" /><E123/><V107/><F65/><W130/><G76/><T104/><D104/><U36/><E36/><V54/><F11/><W78/><G78/><T98/><D101/><U108/><E32/><V84/><F3/><W113/><G113/><T30/><D91/><U75/><E75/><V38/><F97/><W21/><G130/><T128/><D128/><U2/><E2/><V0/><F107/><W31/><G127/><N who="0" m="48651" /><D30/><U129/><E129/><V28/><F0/><W1/><G1/><T53/><D53/><U43/><E108/><V23/><F28/><W119/><G119/><T63/><D63/><U55/><E81/><V39/><F23/><AGARI ba="1,0" hai="4,8,15,23,24,29,68,69,90,92,98" m="48651" machi="23" ten="30,1000,0" yaku="18,1" doraHai="83" who="0" fromWho="2" sc="600,13,41,0,207,-13,152,0" /><INIT seed="2,0,0,0,1,63" ten="613,41,194,152" oya="2" hai0="116,2,36,60,114,14,78,44,41,49,45,53,94" hai1="64,113,90,27,86,96,127,13,123,99,65,61,16" hai2="56,83,32,107,126,125,42,91,79,17,54,6,24" hai3="69,93,22,132,89,130,15,51,124,40,38,108,21"/><V119/><F107/><W88/><G38/><T55/><D116/><U48/><E113/><V18/><F6/><W135/><G69/><T9/><D2/><U33/><E123/><V84/><F42/><W92/><G108/><T29/><D114/><U67/><E127/><N who="2" m="48651" /><F119/><W100/><G124/><T3/><D3/><U81/><E61/><N who="2" m="35991" /><F91/><N who="3" m="34891" /><G130/><T5/><D29/><AGARI ba="0,0" hai="17,18,24,29,32,79,83,84" m="35991,48651" machi="29" ten="30,1500,0" yaku="18,1" doraHai="63" who="2" fromWho="0" sc="613,-15,41,0,194,15,152,0" /><INIT seed="2,1,0,3,5,135" ten="598,41,209,152" oya="2" hai0="11,1,73,70,20,114,105,85,126,67,55,45,91" hai1="56,110,84,66,29,22,93,30,15,100,95,19,75" hai2="60,76,23,31,116,132,98,16,81,14,96,39,109" hai3="49,17,51,43,35,99,133,71,120,97,118,123,79"/><V28/><F39/><W131/><G118/><T134/><D134/><U72/><E110/><V121/><F116/><W62/><G133/><T111/><D114/><U119/><E119/><V40/><F121/><W6/><G35/><T101/><D73/><U63/><E75/><V108/><F132/><W78/><G6/><T10/><D70/><U127/><E72/><V92/><F40/><W37/><G37/><T41/><D55/><U44/><E127/><V13/><F13/><W69/><G43/><T103/><D67/><U24/><E44/><V52/><F60/><W86/><G17/><T80/><D20/><U27/><E100/><V122/><F122/><W36/><G36/><T65/><D126/><U74/><E74/><V59/><F31/><W82/><G62/><T32/><D65/><U88/><REACH who="1" step="1"/><E95/><REACH who="1" ten="598,31,209,152" step="2"/><V117/><F117/><W64/><G123/><T5/><D101/><U7/><E7/><V21/><F92/><W25/><G120/><T34/><D103/><U61/><E61/><N who="2" m="36071" /><F109/><W106/><G106/><T87/><D105/><U94/><E94/><V130/><F108/><W90/><G51/><T38/><D111/><U46/><E46/><V53/><F130/><W77/><G49/><T58/><D41/><U57/><E57/><V83/><F83/><W12/><G131/><T8/><D58/><U124/><E124/><V33/><F81/><W54/><G82/><T4/><D45/><U50/><E50/><V68/><F68/><W0/><G71/><T104/><D38/><U125/><E125/><V113/><F113/><W115/><G69/><T42/><D104/><RYUUKYOKU ba="1,1" sc="598,-10,31,30,209,-10,152,-10" hai1="15,19,22,24,27,29,30,56,63,66,84,88,93" /><INIT seed="3,2,1,3,2,84" ten="588,61,199,142" oya="3" hai0="38,122,81,82,57,126,62,36,95,101,79,16,37" hai1="14,133,72,69,11,90,39,98,135,23,68,56,65" hai2="33,55,52,86,78,127,70,94,114,118,117,121,58" hai3="89,66,87,49,54,76,93,116,64,7,3,17,61"/><W125/><G116/><T42/><D122/><U105/><E39/><V53/><F33/><W6/><G125/><T92/><D126/><U74/><E105/><V77/><F70/><W73/><G3/><T67/><D42/><U63/><E23/><V104/><F104/><W83/><G17/><T34/><D34/><U31/><E31/><V41/><F41/><W124/><G124/><T15/><D101/><U128/><E128/><V103/><F114/><W106/><G106/><T119/><D119/><U45/><E45/><V44/><F127/><W29/><G29/><T47/><D47/><U32/><E32/><V60/><F121/><W43/><G43/><T100/><D100/><U88/><E72/><V129/><F129/><W85/><G73/><T131/><D131/><U107/><E74/><V30/><F30/><W50/><G50/><T134/><D134/><N who="1" m="51211" /><E107/><V35/><F35/><W111/><G111/><T108/><D108/><U21/><E21/><V5/><F5/><N who="3" m="1547" /><G61/><T18/><D18/><N who="1" m="8543" /><E98/><N who="2" m="59863" /><F118/><W51/><G51/><T28/><D28/><U91/><AGARI ba="2,1" hai="56,63,65,68,69,88,90,91" m="8543,51211" machi="91" ten="30,8000,1" yaku="20,1,52,3,54,1" doraHai="84" who="1" fromWho="1" sc="588,-22,61,96,199,-22,142,-42" owari="566,66.0,157,-24.0,177,-2.0,100,-40.0" /></mjloggm>