<mjloggm ver="2.3"><GO type="169" lobby="0"/><UN n0="%6D%69%6E%32%30%30%32" n1="%E3%82%A6%E3%83%AB%E3%83%88%E3%83%A9%E7%AB%8B%E7%9B%B4" n2="%E3%81%A4%E3%81%A3%E3%81%8D%EF%BD%9E%32%6E%64" n3="%E3%81%BE%E3%81%95%E3%82%8B%E3%81%95%E3%82%93%E3%80%82%E3%80%82" dan="16,17,16,16" rate="2056.91,2109.48,2103.60,2109.86" sx="F,M,M,M"/><TAIKYOKU oya="0"/><INIT seed="0,0,0,3,0,59" ten="250,250,250,250" oya="0" hai0="13,109,78,49,91,17,8,37,52,51,120,25,105" hai1="19,93,32,7,14,133,0,84,41,55,115,42,54" hai2="127,86,26,70,131,87,39,68,106,90,44,119,21" hai3="4,20,28,128,2,31,12,79,107,74,112,81,11"/><T97/><D120/><U122/><E122/><V92/><F131/><W15/><G112/><T100/><D37/><U118/><E32/><V125/><F119/><W98/><G128/><T85/><D109/><U96/><E118/><V65/><F106/><W67/><G67/><T114/><D114/><U95/><E133/><V23/><F87/><W53/><G53/><N who="1" m="19978" /><E7/><V116/><F116/><W46/><G46/><T60/><D78/><U129/><E0/><V126/><F65/><W35/><G35/><T75/><D75/><U111/><E111/><V76/><F76/><W73/><G73/><T56/><REACH who="0" step="1"/><D25/><REACH who="0" ten="240,250,250,250" step="2"/><U102/><E115/><V58/><F26/><W69/><G79/><T6/><D6/><U134/><E129/><V77/><F77/><W64/><G4/><T104/><D104/><U83/><E134/><V34/><F39/><W132/><G107/><T10/><D10/><N who="1" m="6615" /><E95/><AGARI ba="0,1" hai="8,13,17,49,51,52,56,60,85,91,95,97,100,105" machi="95" ten="30,11600,0" yaku="1,1,7,1,52,1,54,1,53,0" doraHai="59" doraHaiUra="3" who="0" fromWho="1" sc="240,126,250,-116,250,0,250,0" /><INIT seed="0,1,0,2,2,135" ten="366,134,250,250" oya="0" hai0="40,129,128,91,5,89,84,109,45,46,121,3,32" hai1="99,16,94,44,126,108,28,49,82,104,111,110,51" hai2="120,58,52,42,86,24,102,96,62,85,119,13,92" hai3="26,80,19,21,39,0,81,18,57,14,29,106,77"/><T116/><D116/><U56/><E28/><V55/><F120/><W75/><G0/><T60/><D121/><U100/><E82/><V78/><F119/><W71/><G71/><T12/><D3/><U69/><E69/><V30/><F42/><W20/><G106/><T22/><D32/><U112/><E112/><V4/><F55/><W105/><G105/><T118/><D118/><U27/><E104/><V61/><F61/><W47/><G80/><T74/><D74/><U59/><E51/><V132/><F132/><W93/><G93/><T83/><D109/><U41/><E126/><V54/><F54/><W25/><G57/><T9/><D89/><U107/><REACH who="1" step="1"/><E107/><REACH who="1" ten="366,124,250,250" step="2"/><V1/><F78/><W10/><G39/><T64/><D129/><U31/><E31/><V98/><F30/><W53/><G29/><T68/><D128/><U72/><E72/><V103/><F92/><W17/><G81/><T35/><D35/><U88/><E88/><V117/><F117/><W33/><G75/><T73/><D73/><U2/><E2/><V130/><F1/><W124/><G33/><T48/><D46/><U23/><AGARI ba="1,1" hai="16,23,27,41,44,49,56,59,94,99,100,108,110,111" machi="23" ten="40,8000,1" yaku="1,1,0,1,14,1,54,1,53,0" doraHai="135" doraHaiUra="131" who="1" fromWho="1" sc="366,-41,124,93,250,-21,250,-21" /><INIT seed="1,0,0,2,3,82" ten="325,217,229,229" oya="1" hai0="20,26,110,9,34,63,92,125,40,10,98,131,126" hai1="91,77,68,81,84,61,103,108,38,80,105,36,115" hai2="121,44,22,102,55,18,135,123,97,90,111,117,94" hai3="21,50,57,17,72,60,70,113,48,7,5,69,106"/><U120/><E120/><V88/><F111/><W15/><G72/><T133/><D110/><U52/><E108/><V73/><F117/><W14/><G106/><T129/><D34/><U89/><E115/><V31/><F31/><W19/><G69/><T25/><D40/><U118/><E118/><V130/><F130/><N who="0" m="49674" /><D63/><U41/><E41/><V23/><F135/><W43/><G70/><T95/><D133/><U124/><E124/><N who="0" m="47721" /><D98/><U29/><E29/><V96/><F96/><W35/><G113/><T93/><D20/><U78/><E68/><V65/><F22/><N who="3" m="11575" /><G35/><T3/><D3/><U86/><E105/><V101/><F23/><W99/><G99/><T116/><D116/><U27/><E103/><V42/><F97/><W114/><G114/><T100/><D100/><U67/><E27/><AGARI ba="0,0" hai="9,10,25,26,27,92,93,95" m="47721,49674" machi="27" ten="40,8000,1" yaku="28,2,19,1,18,1" doraHai="82" who="0" fromWho="1" sc="325,80,217,-80,229,0,229,0" /><INIT seed="2,0,0,0,4,28" ten="405,137,229,229" oya="2" hai0="112,81,12,47,87,117,6,55,35,26,86,100,40" hai1="13,59,8,15,16,68,133,44,11,85,50,7,103" hai2="134,105,33,129,126,131,130,1,94,22,76,109,41" hai3="43,39,45,93,114,21,101,38,97,36,88,77,69"/><V49/><F105/><W108/><G108/><T52/><D112/><U61/><E133/><V106/><F106/><W63/><G114/><T66/><D66/><U82/><E103/><V48/><F109/><W83/><G21/><T72/><D72/><U25/><E25/><V118/><F118/><W19/><G19/><T102/><D117/><U120/><E120/><V135/><F1/><W10/><G10/><N who="0" m="4183" /><D26/><U67/><E68/><V4/><F4/><W104/><G63/><T24/><D24/><U99/><E99/><V31/><F22/><W64/><G64/><T75/><D75/><U62/><E59/><V14/><F14/><W89/><G89/><T3/><D3/><U5/><E67/><V124/><F76/><W46/><G43/><T71/><D35/><U53/><REACH who="1" step="1"/><E5/><REACH who="1" ten="405,127,229,229" step="2"/><V2/><F135/><W116/><G116/><T113/><D71/><U56/><E56/><V84/><F134/><W90/><G69/><T29/><D113/><U54/><E54/><V122/><F131/><W58/><G58/><T111/><D111/><U42/><E42/><V92/><F41/><W95/><G101/><T51/><D102/><U23/><E23/><V98/><F130/><W123/><G123/><T128/><D100/><U60/><E60/><V73/><F129/><W57/><G57/><T32/><D128/><U91/><AGARI ba="0,1" hai="7,8,11,13,15,16,44,50,53,61,62,82,85,91" machi="91" ten="20,12000,2" yaku="1,1,0,1,7,1,25,2,8,1,54,1,53,0" doraHai="28" doraHaiUra="65" who="1" fromWho="1" sc="405,-30,127,130,229,-60,229,-30" /><INIT seed="3,0,0,3,4,80" ten="375,257,169,199" oya="3" hai0="108,7,107,97,62,113,67,13,14,65,117,106,135" hai1="116,132,47,15,110,40,3,82,49,51,103,125,119" hai2="1,98,8,32,89,31,24,72,57,35,36,28,104" hai3="100,86,2,133,54,71,12,93,74,0,59,130,61"/><W101/><G130/><T17/><D117/><N who="1" m="45131" /><E3/><V134/><F134/><W99/><G133/><T33/><D33/><U102/><E132/><V122/><F122/><W69/><G74/><T39/><D39/><U6/><E125/><V53/><F36/><W9/><G0/><T94/><D135/><U27/><E110/><V90/><F72/><W10/><G100/><T23/><D113/><U96/><E82/><V123/><F123/><W29/><G29/><T21/><D108/><U37/><E27/><V4/><F104/><W129/><G129/><T105/><D7/><U109/><E109/><V63/><REACH who="2" step="1"/><F98/><REACH who="2" ten="375,257,159,199" step="2"/><W20/><G99/><T56/><D107/><U87/><E96/><V38/><F38/><W78/><G101/><N who="0" m="60599" /><D106/><U44/><E37/><V68/><F68/><W19/><G71/><T48/><D105/><U118/><E118/><V77/><F77/><W26/><G69/><T46/><D67/><U120/><E120/><V112/><F112/><W127/><G127/><T55/><D14/><U126/><E126/><V16/><F16/><N who="3" m="12551" /><G2/><T70/><D70/><U58/><E103/><V11/><F11/><AGARI ba="0,1" hai="11,13,17,21,23,46,48,55,56,62,65" m="60599" machi="11" ten="30,1000,0" yaku="8,1" doraHai="80" who="0" fromWho="2" sc="375,20,257,0,159,-10,199,0" /><INIT seed="4,0,0,5,5,8" ten="395,257,149,199" oya="0" hai0="46,21,107,134,68,23,18,91,10,30,38,79,124" hai1="25,115,104,133,132,58,95,51,22,123,71,44,19" hai2="81,98,84,100,7,112,17,122,105,41,48,4,61" hai3="37,59,70,126,12,101,116,11,27,28,56,60,77"/><T93/><D107/><U75/><E104/><V65/><F122/><W39/><G126/><T2/><D68/><U15/><E123/><V78/><F112/><W80/><G116/><T76/><D124/><U86/><E75/><V130/><F130/><W63/><G101/><T55/><D134/><N who="1" m="51819" /><E71/><V26/><F41/><W0/><G0/><T31/><D38/><U42/><E58/><N who="3" m="22058" /><G39/><T50/><D2/><U16/><E115/><V35/><F48/><W64/><G37/><T118/><D118/><U29/><E15/><V33/><F33/><W129/><G129/><T57/><D57/><U109/><E109/><V52/><F52/><W34/><G63/><T1/><D1/><U106/><E106/><V54/><F54/><W20/><G34/><T85/><D79/><U111/><E111/><V117/><F117/><W43/><G43/><T108/><D76/><U131/><E131/><V69/><REACH who="2" step="1"/><F17/><REACH who="2" ten="395,257,139,199" step="2"/><N who="3" m="8351" /><G60/><T53/><D53/><U40/><E40/><V13/><F13/><W32/><G32/><T6/><D108/><U67/><E67/><V103/><F103/><W62/><G62/><T45/><D55/><U14/><E14/><V5/><F5/><W113/><G113/><T36/><D50/><U92/><E19/><V125/><F125/><W127/><G127/><T128/><D36/><U9/><E16/><V49/><F49/><W120/><G120/><T96/><D128/><U73/><E51/><V24/><F24/><W47/><G64/><T114/><D114/><U82/><E42/><V90/><F90/><W97/><G27/><T83/><D18/><U119/><E119/><RYUUKYOKU ba="0,1" sc="395,-10,257,-10,139,30,199,-10" hai2="4,7,26,35,61,65,69,78,81,84,98,100,105" /><INIT seed="5,1,1,2,4,78" ten="385,247,169,189" oya="1" hai0="58,95,10,89,125,94,118,52,69,4,76,128,116" hai1="107,48,113,80,83,115,36,27,86,53,70,127,131" hai2="126,45,9,54,33,68,81,42,135,117,87,129,39" hai3="29,19,62,16,24,47,2,84,38,110,17,61,7"/><U100/><E36/><V35/><F117/><W65/><G110/><T74/><D69/><U12/><E70/><V28/><F129/><W124/><G124/><T30/><D125/><U8/><E127/><V63/><F126/><W88/><G2/><T1/><D128/><U79/><E131/><V123/><F123/><W37/><G7/><T51/><D30/><U96/><E27/><V71/><F135/><W109/><G109/><T41/><D95/><U112/><E86/><V105/><F105/><W98/><G98/><T104/><D104/><U49/><E79/><V103/><F103/><W72/><G72/><T46/><D76/><U34/><E34/><V82/><F9/><W90/><G90/><T15/><D1/><U25/><E25/><V11/><F11/><W57/><G62/><T26/><D26/><U108/><E108/><V73/><F28/><W31/><G47/><T132/><D132/><U40/><E40/><V92/><F92/><N who="3" m="54279" /><G37/><T93/><D93/><U3/><E3/><V114/><F68/><W75/><G38/><T20/><D20/><U77/><E77/><V85/><F73/><W120/><G75/><T64/><D64/><U121/><E121/><V21/><F21/><N who="3" m="15503" /><G31/><T22/><D22/><U119/><E119/><V59/><F71/><W99/><G120/><T91/><D91/><U6/><E49/><V56/><F56/><AGARI ba="1,1" hai="6,8,12,48,53,56,80,83,96,100,107,112,113,115" machi="56" ten="40,7700,0" yaku="15,1,52,2" doraHai="78" who="1" fromWho="2" sc="385,0,247,90,169,-80,189,0" /><INIT seed="5,2,0,4,2,55" ten="385,337,89,189" oya="1" hai0="80,27,126,81,71,122,35,133,16,110,10,8,95" hai1="106,39,29,134,72,69,73,14,46,28,65,56,52" hai2="12,135,82,22,130,38,121,111,48,93,84,30,88" hai3="79,100,53,40,20,116,118,77,5,124,2,96,61"/><U26/><E106/><V59/><F111/><W87/><G124/><T42/><D110/><U123/><E123/><V21/><F121/><W58/><G40/><T45/><D122/><U92/><E14/><V113/><F113/><W50/><G87/><T99/><D71/><U3/><E3/><V94/><F130/><W36/><G36/><T78/><D133/><U47/><E47/><V41/><F135/><W108/><G108/><T60/><D60/><N who="1" m="40103" /><E92/><V6/><F38/><W112/><G112/><T0/><D0/><U44/><E44/><N who="2" m="25615" /><F59/><N who="3" m="33207" /><G5/><T101/><D126/><U57/><E57/><V86/><F86/><W32/><G32/><T31/><D81/><U129/><E129/><V75/><F75/><N who="1" m="28745" /><E26/><N who="2" m="16719" /><F6/><W83/><G83/><T91/><D45/><U63/><E134/><V49/><F49/><W89/><G118/><T23/><D42/><N who="1" m="22879" /><E63/><V67/><F67/><W18/><G116/><T105/><D105/><U115/><E115/><V68/><F68/><W104/><G104/><T43/><D43/><U54/><E54/><V74/><F74/><W70/><G70/><T85/><D101/><U109/><E109/><V66/><F66/><N who="3" m="39223" /><G100/><T13/><AGARI ba="2,0" hai="8,10,13,16,23,27,31,35,78,80,85,91,95,99" machi="13" ten="20,2700,0" yaku="0,1,7,1,54,1" doraHai="55" who="0" fromWho="0" sc="385,33,337,-15,89,-9,189,-9" /><INIT seed="6,0,0,4,3,111" ten="418,322,80,180" oya="2" hai0="57,68,54,79,37,20,114,55,116,93,43,19,45" hai1="73,44,130,77,33,78,12,65,53,82,121,101,76" hai2="132,49,96,75,129,135,125,11,51,31,40,106,113" hai3="110,80,23,118,91,6,123,3,35,133,38,61,4"/><V127/><F75/><W97/><G23/><T5/><D5/><N who="3" m="2153" /><G118/><T46/><D79/><N who="1" m="30283" /><E33/><V92/><F106/><W17/><G133/><N who="2" m="51273" /><F113/><W30/><G123/><T103/><D68/><U59/><E12/><V72/><F72/><W95/><G95/><T36/><D116/><U63/><E101/><N who="2" m="60551" /><F11/><W120/><G97/><T32/><D32/><U62/><E73/><V47/><F31/><W70/><G30/><T26/><D114/><U89/><E78/><V112/><F112/><W18/><G3/><T7/><D7/><U48/><E89/><V67/><F67/><W1/><G91/><T9/><D9/><U28/><E82/><V8/><F8/><W0/><G1/><T87/><D103/><U105/><E28/><V100/><F100/><W52/><G0/><T83/><D93/><U86/><E105/><V15/><F15/><W85/><G120/><T104/><D104/><U56/><E121/><V99/><F99/><W10/><G10/><T109/><D109/><U102/><E102/><V42/><F129/><W134/><G110/><T64/><D83/><U16/><E130/><V124/><F40/><W41/><G41/><T2/><D43/><N who="1" m="24607" /><E86/><V69/><F69/><W94/><G70/><T119/><D87/><U107/><E107/><V21/><F21/><W71/><G71/><T117/><D2/><U81/><E81/><V24/><F24/><W25/><G80/><T58/><D26/><U22/><E22/><V126/><N who="2" m="31744" /><DORA hai="13" /><V50/><AGARI ba="0,0" hai="42,47,49,50,51" m="31744,60551,51273" machi="50" ten="60,11700,0" yaku="4,1,20,1,18,1" doraHai="111,13" who="2" fromWho="2" sc="418,-39,322,-39,80,117,180,-39" /><INIT seed="6,1,0,1,0,118" ten="379,283,197,141" oya="2" hai0="127,10,30,85,89,11,129,93,115,63,9,119,13" hai1="28,80,133,55,60,40,37,0,43,113,81,19,86" hai2="54,132,2,98,106,39,17,97,90,131,122,56,120" hai3="47,51,46,64,116,83,124,16,12,78,126,70,109"/><V82/><F39/><W72/><G109/><T62/><D119/><U69/><E0/><V50/><F2/><W71/><G116/><T100/><D115/><U75/><E75/><V24/><F132/><W114/><G114/><T91/><D100/><U59/><E69/><N who="3" m="26122" /><G64/><T103/><D103/><U18/><E37/><V33/><F131/><W102/><G102/><T32/><D32/><U45/><E28/><V8/><F106/><W61/><G61/><T41/><D129/><U125/><E125/><N who="3" m="48234" /><G51/><T14/><D127/><U104/><E104/><V135/><F135/><W52/><G52/><T77/><D30/><U96/><E133/><V95/><F82/><W84/><G84/><T20/><D41/><N who="1" m="15947" /><E45/><V31/><REACH who="2" step="1"/><F98/><REACH who="2" ten="379,283,187,141" step="2"/><W110/><G110/><T105/><D105/><U26/><E96/><V101/><F101/><W107/><G107/><T36/><D36/><U117/><E117/><V3/><F3/><W23/><AGARI ba="1,1" hai="12,16,23,46,47,72,78,83" m="48234,26122" machi="23" ten="30,2000,0" yaku="18,1,54,1" doraHai="118" who="3" fromWho="3" sc="379,-6,283,-6,187,-11,141,33" /><INIT seed="7,0,0,2,2,114" ten="373,277,176,174" oya="3" hai0="4,52,81,32,47,77,11,131,28,60,101,46,126" hai1="37,86,5,96,68,115,62,36,124,69,113,109,45" hai2="55,12,119,50,91,17,121,23,92,64,105,125,128" hai3="25,66,48,42,102,97,7,21,132,117,30,13,122"/><W130/><G117/><T40/><D101/><U133/><E5/><V61/><F119/><W38/><G130/><T51/><D131/><U19/><E96/><V78/><F128/><W85/><G132/><T135/><D135/><U14/><E133/><V39/><F105/><W49/><G122/><T1/><D126/><U100/><E100/><V134/><F134/><W54/><G66/><T33/><D28/><U98/><E98/><V103/><F103/><W79/><G38/><N who="0" m="21783" /><D60/><U63/><E86/><V3/><F3/><W127/><G127/><T90/><D90/><U20/><E124/><V70/><F125/><W22/><G42/><T99/><D99/><U118/><E109/><V104/><F104/><W129/><G129/><T10/><D10/><U120/><E120/><V29/><F39/><W108/><G108/><T111/><D111/><U59/><E118/><V107/><F107/><W74/><G74/><AGARI ba="0,0" hai="1,4,11,32,33,47,51,52,74,77,81" m="21783" machi="74" ten="30,2000,0" yaku="25,1,54,1" doraHai="114" who="0" fromWho="3" sc="373,20,277,0,176,0,174,-20" owari="393,49.0,277,8.0,176,-22.0,154,-35.0" /></mjloggm>