<mjloggm ver="2.3"><GO type="97" lobby="0"/><UN n0="%E5%B0%B1%E6%B4%BB%E7%94%9F%40%E5%B7%9D%E6%9D%91%E8%BB%8D%E5%9B%A3" n1="%E5%B0%BE%E5%BC%B5%E4%B8%80" n2="%E2%98%86%E5%A4%A9%E2%98%85" n3="%39%39%39" dan="15,14,14,15" rate="2005.36,1911.36,1955.93,1959.97" sx="M,M,M,F"/><TAIKYOKU oya="0"/><INIT seed="0,0,0,0,0,92" ten="250,250,250,250" oya="0" hai0="5,19,43,50,20,126,23,90,80,12,44,96,1" hai1="28,124,108,97,46,82,68,75,135,21,74,33,25" hai2="27,130,52,49,70,8,34,100,37,54,41,99,35" hai3="110,85,84,6,17,112,14,60,11,40,116,118,91"/><T105/><D126/><U73/><E68/><V61/><F130/><W72/><G110/><T94/><D105/><U76/><E108/><V121/><F121/><W10/><G72/><T93/><D1/><U65/><E65/><V29/><F35/><W101/><G112/><T39/><D5/><U117/><E117/><V104/><F37/><W30/><G40/><T77/><D93/><U24/><E124/><V129/><F129/><W7/><G30/><T115/><D115/><U119/><E119/><V38/><F49/><W45/><G101/><T18/><D39/><U56/><E56/><V106/><F106/><W134/><G134/><T125/><D125/><U13/><E13/><V42/><F8/><W131/><G131/><T32/><D32/><U98/><E46/><V48/><F38/><W123/><G123/><T26/><D80/><U122/><E135/><V81/><F81/><W109/><G109/><T62/><D62/><U78/><E122/><V71/><F71/><W87/><G45/><T53/><REACH who="0" step="1"/><D77/><REACH who="0" ten="240,250,250,250" step="2"/><U31/><REACH who="1" step="1"/><E78/><REACH who="1" ten="240,240,250,250" step="2"/><V0/><F0/><W86/><G118/><T36/><D36/><U102/><E102/><V67/><F54/><AGARI ba="0,2" hai="12,18,19,20,23,26,43,44,50,53,54,90,94,96" machi="54" ten="40,7700,0" yaku="1,1,8,1,52,1,53,0" doraHai="92" doraHaiUra="113" who="0" fromWho="2" sc="240,97,240,0,250,-77,250,0" /><INIT seed="0,1,0,5,4,72" ten="337,240,173,250" oya="0" hai0="127,125,24,21,56,19,85,104,14,121,128,33,118" hai1="89,30,3,84,70,67,27,31,73,98,117,74,12" hai2="110,16,66,135,8,29,90,124,38,78,126,48,114" hai3="7,112,120,53,133,106,119,57,17,1,95,68,79"/><T88/><D104/><U105/><E3/><V65/><F114/><W15/><G106/><T123/><D118/><U71/><E30/><V80/><F38/><W134/><G119/><T18/><D128/><U4/><E117/><V109/><F29/><W116/><G116/><T76/><D76/><U44/><E70/><V34/><F34/><W13/><G112/><T60/><D121/><U96/><E96/><V50/><F90/><W22/><G68/><T42/><D42/><U61/><E44/><V129/><F129/><W103/><G120/><T64/><D123/><U111/><E111/><N who="2" m="42507" /><F135/><N who="3" m="51723" /><G1/><T35/><D35/><N who="1" m="20991" /><E12/><N who="2" m="7175" /><F66/><W63/><G7/><T54/><D64/><U25/><E25/><V93/><F65/><W2/><G2/><T69/><D69/><U132/><E4/><V32/><F32/><W99/><G13/><T11/><REACH who="0" step="1"/><D33/><REACH who="0" ten="327,240,173,250" step="2"/><U51/><E132/><V5/><F5/><W107/><G107/><T102/><D102/><U28/><E105/><V75/><F93/><AGARI ba="1,1" hai="11,14,18,19,21,24,54,56,60,85,88,93,125,127" machi="93" ten="40,7700,0" yaku="1,1,54,1,53,1" doraHai="72" doraHaiUra="58" who="0" fromWho="2" sc="327,90,240,0,173,-80,250,0" /><INIT seed="0,2,0,5,5,116" ten="417,240,93,250" oya="0" hai0="15,3,119,40,95,73,75,0,90,2,28,112,16" hai1="130,94,128,59,34,77,36,101,129,67,7,100,91" hai2="21,131,126,122,55,42,17,46,133,48,105,33,104" hai3="29,57,114,24,87,47,98,120,102,69,109,74,61"/><T32/><D112/><U37/><E34/><V5/><F126/><W13/><G109/><T123/><D119/><U68/><E68/><V45/><F131/><W81/><G114/><T113/><D113/><U86/><E7/><V71/><F133/><W89/><G74/><T30/><D123/><U26/><E77/><V49/><F122/><W65/><G47/><T64/><D64/><U62/><REACH who="1" step="1"/><E26/><REACH who="1" ten="417,230,93,250" step="2"/><V12/><F71/><W35/><G13/><T56/><D32/><U70/><E70/><V85/><F33/><W115/><G115/><T27/><D27/><U11/><E11/><V103/><F5/><W51/><G120/><T88/><D75/><U63/><E63/><V117/><F117/><W52/><G102/><AGARI ba="2,1" hai="36,37,59,62,67,86,91,94,100,101,102,128,129,130" machi="102" ten="40,2600,0" yaku="1,1,19,1,53,0" doraHai="116" doraHaiUra="118" who="1" fromWho="3" sc="417,0,230,42,93,0,250,-32" /><INIT seed="1,0,0,1,2,21" ten="417,272,93,218" oya="1" hai0="89,71,57,132,9,124,48,113,62,131,80,6,20" hai1="36,24,31,104,75,14,110,97,107,123,92,63,43" hai2="12,52,11,72,27,135,17,38,70,55,108,42,100" hai3="28,83,119,64,126,115,81,86,29,118,32,98,88"/><U87/><E75/><V120/><F135/><W47/><G115/><T7/><D113/><U0/><E0/><V133/><F120/><W111/><G111/><T94/><D132/><U84/><E123/><V3/><F133/><W16/><G126/><T54/><D131/><U116/><E116/><N who="3" m="44586" /><G32/><T5/><D124/><U35/><E104/><V128/><F108/><W49/><G64/><T117/><D117/><U73/><E73/><V4/><F128/><W134/><G134/><T46/><D71/><U112/><E107/><V121/><F121/><W109/><G109/><T25/><D80/><U8/><E112/><V40/><F70/><W67/><G67/><N who="0" m="39375" /><D9/><U76/><E63/><V74/><F100/><W78/><G98/><N who="0" m="57679" /><D7/><U45/><E76/><V19/><F74/><N who="3" m="43223" /><G16/><AGARI ba="0,0" hai="5,6,16,20,25,46,48,54" m="57679,39375" machi="16" ten="30,3900,0" yaku="8,1,52,1,54,1" doraHai="21" who="0" fromWho="3" sc="417,39,272,0,93,0,218,-39" /><INIT seed="2,0,0,4,3,58" ten="456,272,93,179" oya="2" hai0="54,28,33,101,129,8,79,80,1,70,66,18,115" hai1="6,46,64,74,78,135,37,0,19,4,21,30,45" hai2="23,32,40,65,95,73,106,96,26,27,55,59,131" hai3="62,16,83,99,133,72,108,39,126,5,110,17,84"/><V90/><F131/><W123/><G123/><T71/><D115/><U118/><E118/><V31/><F106/><W109/><G133/><T7/><D129/><U57/><E0/><V13/><F73/><W125/><G72/><T82/><D82/><U53/><E37/><V48/><F40/><W52/><G39/><T29/><D101/><U122/><E74/><V100/><F13/><W85/><G99/><T60/><D71/><U2/><E2/><V97/><F32/><W91/><G5/><T77/><D77/><U116/><E116/><V114/><F27/><W36/><G85/><T81/><D81/><U20/><E135/><V14/><F114/><W113/><G36/><T132/><D132/><U128/><E78/><V69/><F14/><W61/><G113/><T107/><D107/><U38/><E38/><V56/><F69/><W134/><G134/><T105/><D105/><U86/><E64/><V88/><F97/><W98/><G98/><T89/><D89/><U76/><E122/><V67/><F67/><W3/><G3/><T51/><D18/><N who="3" m="7273" /><G52/><T94/><D94/><U75/><E75/><V124/><F124/><AGARI ba="0,0" hai="61,62,83,84,91,108,109,110,124,125,126" m="7273" machi="124" ten="40,8000,1" yaku="14,1,18,1,52,2,54,1" doraHai="58" who="3" fromWho="2" sc="456,0,272,0,93,-80,179,80" /><BYE who="2" /><INIT seed="3,0,0,2,1,38" ten="456,272,13,259" oya="3" hai0="17,118,129,115,73,10,72,12,50,56,64,131,58" hai1="69,104,23,82,101,63,78,121,102,84,11,37,47" hai2="43,83,15,108,100,40,3,35,16,62,75,34,29" hai3="111,70,4,133,46,99,112,88,30,41,124,5,22"/><W125/><G112/><T66/><D115/><U60/><E121/><V79/><F79/><W103/><G133/><T7/><D118/><U53/><E104/><V48/><F48/><N who="3" m="26703" /><G70/><T8/><D73/><U67/><E11/><V117/><F117/><W6/><G111/><T89/><D89/><U128/><E128/><N who="0" m="49225" /><D72/><U86/><E86/><V68/><F68/><W106/><G30/><T61/><D50/><U42/><REACH who="1" step="1"/><E23/><REACH who="1" ten="456,262,13,259" step="2"/><V31/><F31/><W120/><G120/><T36/><D36/><U55/><E55/><V95/><F95/><W122/><G122/><T132/><D132/><U26/><E26/><V57/><F57/><AGARI ba="0,1" hai="37,42,47,53,57,60,63,67,69,78,82,84,101,102" machi="57" ten="40,2600,0" yaku="1,1,52,1,53,0" doraHai="38" doraHaiUra="114" who="1" fromWho="2" sc="456,0,262,36,13,-26,259,0" owari="456,55.0,298,10.0,-13,-51.0,259,-14.0" /></mjloggm>