<mjloggm ver="2.3"><GO type="97" lobby="0"/><UN n0="%E5%8F%AA%E9%87%8E%E4%BB%81" n1="%E3%83%88%E3%83%88%E3%83%AA%E5%85%88%E7%94%9F%31%39%E6%AD%B3" n2="%E3%81%AD%E3%81%93%E3%81%BE%E3%81%9F%E3%81%8E" n3="%E3%81%A9%E3%81%BC%E3%82%93%E3%81%A9%E3%81%BC%E3%82%93%E3%81%A9" dan="14,13,13,14" rate="1983.67,2000.43,1834.63,1987.60" sx="M,F,M,M"/><TAIKYOKU oya="0"/><INIT seed="0,0,0,1,1,59" ten="250,250,250,250" oya="0" hai0="38,92,28,104,15,75,94,107,108,132,42,57,65" hai1="97,115,2,11,44,110,67,10,49,84,35,99,89" hai2="30,86,123,43,5,23,37,12,79,53,128,46,40" hai3="26,19,68,1,77,20,60,72,102,17,91,100,112"/><T98/><D75/><U87/><E35/><V18/><F123/><W4/><G112/><T129/><D129/><U82/><E115/><V73/><F128/><W133/><G133/><T36/><D132/><U52/><E110/><V109/><F109/><W22/><G1/><T33/><D108/><U69/><E69/><V121/><F121/><W64/><G4/><T96/><D42/><U54/><E67/><V8/><F43/><W122/><G122/><T113/><D15/><U3/><E3/><V88/><F30/><W34/><G34/><T39/><D33/><U126/><E126/><V80/><F53/><W71/><G68/><T118/><D28/><U7/><E11/><V130/><F130/><W78/><G91/><T125/><D125/><U14/><E2/><V135/><F135/><W105/><G105/><T116/><D113/><U81/><REACH who="1" step="1"/><E54/><REACH who="1" ten="250,240,250,250" step="2"/><V66/><F66/><W45/><G72/><T24/><D65/><U25/><E25/><V114/><F114/><W111/><G111/><T62/><D24/><U41/><E41/><V120/><F120/><W70/><G70/><T13/><D116/><U31/><E31/><V131/><F131/><W61/><G71/><T90/><D118/><U76/><AGARI ba="0,1" hai="7,10,14,44,49,52,76,81,82,84,87,89,97,99" machi="76" ten="20,12000,2" yaku="1,1,0,1,7,1,8,1,54,1,53,2" doraHai="59" doraHaiUra="93" who="1" fromWho="1" sc="250,-60,240,130,250,-30,250,-30" /><INIT seed="1,0,0,3,3,11" ten="190,370,220,220" oya="1" hai0="75,2,23,69,98,48,120,93,106,96,58,119,135" hai1="60,95,55,29,101,89,102,103,10,64,24,92,129" hai2="100,68,66,107,14,49,126,35,61,47,53,81,71" hai3="18,16,113,121,110,38,77,39,42,85,19,79,127"/><U82/><E129/><V44/><F35/><W4/><G110/><T57/><D69/><U32/><E55/><V46/><F126/><W7/><G113/><T87/><D119/><U86/><REACH who="1" step="1"/><E10/><REACH who="1" ten="190,360,220,220" step="2"/><V25/><F107/><W116/><G127/><T72/><D120/><U30/><E30/><V6/><F100/><W37/><G121/><T15/><D106/><U36/><E36/><V63/><F81/><W78/><G116/><T28/><D28/><U109/><E109/><V40/><F25/><W134/><G134/><T132/><D135/><U73/><E73/><V62/><F14/><W88/><G42/><T117/><D72/><U123/><E123/><V26/><F26/><W70/><G70/><AGARI ba="0,1" hai="24,29,32,60,64,70,82,86,89,92,95,101,102,103" machi="70" ten="40,2000,0" yaku="1,1,53,0" doraHai="11" doraHaiUra="94" who="1" fromWho="3" sc="190,0,360,30,220,0,220,-20" /><INIT seed="1,1,0,3,4,126" ten="190,390,220,200" oya="1" hai0="34,100,52,64,80,87,58,129,106,4,95,84,109" hai1="3,9,19,81,134,135,11,57,56,85,5,22,97" hai2="14,45,103,21,59,13,25,71,16,62,70,120,78" hai3="30,99,42,8,90,130,27,122,53,51,86,76,60"/><U82/><E97/><V37/><F120/><W10/><G122/><T40/><D34/><U118/><E118/><V89/><F71/><W133/><G76/><T131/><D109/><U7/><E22/><V72/><F70/><W77/><G133/><N who="1" m="50698" /><E19/><V107/><F78/><W49/><G77/><T75/><D40/><U110/><E110/><V69/><F69/><W47/><G99/><N who="0" m="61727" /><D64/><U12/><E85/><V116/><F116/><W41/><G130/><N who="0" m="49675" /><D4/><U112/><E112/><V113/><F72/><W44/><G60/><N who="0" m="35911" /><D75/><U36/><E36/><V117/><F117/><W127/><G127/><T66/><D66/><U88/><E5/><V125/><F113/><W102/><G102/><T1/><D1/><U48/><E7/><V20/><F125/><W32/><REACH who="3" step="1"/><G53/><REACH who="3" ten="190,390,220,190" step="2"/><T54/><D54/><U55/><E55/><V83/><F103/><W123/><G123/><T29/><D29/><U79/><E3/><V108/><F62/><W43/><G43/><T0/><D0/><U33/><E56/><V132/><F59/><W26/><G26/><T91/><D80/><AGARI ba="1,1" hai="8,10,27,30,32,41,42,44,47,49,51,80,86,90" machi="80" ten="30,3900,0" yaku="1,1,7,1,9,1,53,0" doraHai="126" doraHaiUra="18" who="3" fromWho="0" sc="190,-42,390,0,220,0,190,52" /><INIT seed="2,0,0,5,1,7" ten="148,390,220,242" oya="2" hai0="18,13,71,48,50,80,39,9,68,60,3,83,126" hai1="72,131,130,23,91,73,117,29,30,40,127,49,98" hai2="14,99,97,1,108,53,2,81,16,56,8,54,67" hai3="26,123,102,96,6,133,112,28,82,34,43,115,77"/><V118/><F118/><W17/><G123/><T66/><D71/><U100/><E117/><V37/><F37/><W25/><G133/><T113/><D39/><U47/><E127/><V11/><F108/><W74/><G43/><T0/><D113/><U12/><E91/><V132/><F132/><W105/><G6/><T101/><D126/><U90/><E90/><V87/><F2/><W129/><G129/><N who="1" m="49162" /><E12/><N who="2" m="7175" /><F1/><W94/><G94/><T92/><D3/><U114/><E114/><V124/><F124/><W15/><REACH who="3" step="1"/><G26/><REACH who="3" ten="148,390,220,232" step="2"/><T85/><D0/><U64/><E40/><V20/><F20/><AGARI ba="0,1" hai="15,17,20,25,28,34,74,77,82,96,102,105,112,115" machi="20" ten="40,2600,0" yaku="1,1,2,1,53,0" doraHai="7" doraHaiUra="89" who="3" fromWho="2" sc="148,0,390,0,220,-26,232,36" /><INIT seed="3,0,0,0,3,108" ten="148,390,194,268" oya="3" hai0="65,127,102,132,13,51,21,111,32,3,9,17,68" hai1="56,27,31,130,14,93,126,55,62,43,47,97,20" hai2="76,86,41,133,116,46,5,48,7,30,59,53,18" hai3="42,2,135,94,37,80,22,1,71,82,74,10,129"/><W26/><G135/><T114/><D111/><U87/><E130/><V54/><F116/><W11/><G129/><T4/><D102/><U44/><E126/><V100/><F133/><W92/><G71/><T77/><D132/><U36/><E36/><V38/><F100/><W35/><G35/><T112/><D77/><U120/><E120/><V28/><F76/><W119/><G1/><T115/><D127/><U69/><E69/><V24/><F18/><W64/><G119/><T98/><D98/><U131/><E131/><V134/><F30/><W57/><G2/><T88/><D88/><N who="1" m="55463" /><E43/><V90/><F54/><W121/><G121/><T49/><D32/><U123/><E123/><V45/><F46/><N who="1" m="17449" /><E14/><V125/><F125/><W34/><G34/><T124/><REACH who="0" step="1"/><D124/><REACH who="0" ten="138,390,194,268" step="2"/><U19/><E87/><V107/><F134/><W103/><G74/><T117/><D117/><U109/><E109/><V15/><F107/><W89/><G103/><T118/><D118/><U101/><E101/><V52/><F53/><W63/><G42/><T29/><D29/><AGARI ba="0,1" hai="19,20,27,29,31,55,56,62" m="17449,55463" machi="29" ten="30,3900,0" yaku="25,1,8,1,54,1" doraHai="108" who="1" fromWho="0" sc="138,-39,390,49,194,0,268,0" owari="99,-40.0,439,54.0,194,-21.0,268,7.0" /></mjloggm>