<mjloggm ver="2.3"><GO type="169" lobby="0"/><UN n0="%E4%BF%BA%54%55%45%45%45%45%45" n1="%E3%81%99%E3%81%9A%E3%82%81%E3%82%AF%E3%83%AC%E3%82%A4%E3%82%B8%E3%83%BC" n2="%E3%81%A0%E3%81%A3%E3%81%A6%E3%81%84%E3%81%86" n3="%E3%82%A6%E3%83%AB%E3%83%88%E3%83%A9%E7%AB%8B%E7%9B%B4" dan="16,19,17,17" rate="2091.69,2256.36,2129.83,2213.77" sx="F,M,M,M"/><TAIKYOKU oya="0"/><INIT seed="0,0,0,3,0,16" ten="250,250,250,250" oya="0" hai0="115,110,28,21,124,104,98,92,94,101,123,42,57" hai1="50,9,66,79,60,118,44,20,87,62,49,102,76" hai2="38,25,85,8,34,27,105,132,36,88,83,70,43" hai3="107,4,52,65,40,86,69,95,112,64,80,77,19"/><T56/><D115/><U129/><E129/><V15/><F70/><W130/><G107/><T51/><D123/><U109/><E109/><V5/><F105/><W74/><G112/><T11/><D110/><U81/><E102/><V82/><F132/><W2/><G40/><T78/><D124/><U6/><E118/><V10/><F43/><W106/><G106/><T131/><D131/><U39/><E39/><V67/><F67/><W135/><G135/><T134/><D134/><U114/><E76/><V120/><F120/><W93/><G4/><T33/><D33/><U32/><E32/><V13/><F82/><W0/><G2/><T63/><D78/><U126/><E50/><V29/><REACH who="2" step="1"/><F27/><REACH who="2" ten="250,250,240,250" step="2"/><W24/><G65/><N who="0" m="39143" /><D104/><U71/><E114/><V99/><F99/><W22/><G64/><T12/><D42/><U90/><E66/><V119/><F119/><W3/><G69/><T48/><D94/><U18/><E71/><V55/><F55/><W96/><G130/><T89/><D98/><U30/><E81/><V47/><F47/><W117/><G117/><T103/><D92/><U111/><E44/><V35/><F35/><W73/><G93/><T45/><D45/><U37/><E111/><V1/><F1/><W125/><G0/><T133/><D133/><U7/><E37/><V31/><F31/><W100/><G3/><T23/><D28/><U72/><E30/><V59/><F59/><W113/><G113/><T127/><D57/><U121/><E121/><V68/><F68/><W26/><G52/><T128/><D128/><U108/><E108/><V91/><F91/><RYUUKYOKU ba="0,1" sc="250,-10,250,-10,240,30,250,-10" hai2="5,8,10,13,15,25,29,34,36,38,83,85,88" /><INIT seed="1,1,1,0,1,115" ten="240,240,270,240" oya="1" hai0="73,58,134,135,103,46,125,90,39,87,111,123,18" hai1="38,26,100,33,85,93,14,76,99,132,121,129,63" hai2="120,102,82,83,36,23,22,91,9,98,20,80,15" hai3="48,118,95,2,16,65,30,113,10,32,88,71,131"/><U17/><E121/><V97/><F120/><W130/><G113/><T60/><D111/><U68/><E38/><V96/><F36/><W41/><G30/><T19/><D123/><U78/><E129/><N who="3" m="49162" /><G32/><T107/><D73/><U49/><E132/><V42/><F42/><W86/><G2/><T124/><D46/><U66/><E49/><V31/><F31/><W52/><G41/><T35/><D35/><U56/><E68/><V27/><F27/><W69/><G65/><N who="0" m="39063" /><D39/><U7/><E33/><V44/><F44/><N who="3" m="27655" /><G118/><T81/><D19/><U24/><E7/><V54/><F54/><W110/><G110/><T72/><D18/><U12/><E12/><AGARI ba="1,1" hai="10,12,16,69,71,86,88,95" m="27655,49162" machi="12" ten="30,7700,0" yaku="19,1,54,3" doraHai="115" who="3" fromWho="1" sc="240,0,240,-80,270,0,240,90" /><INIT seed="2,0,0,0,1,89" ten="240,160,270,330" oya="2" hai0="25,31,88,63,87,28,121,64,79,8,47,59,44" hai1="3,49,15,71,61,5,97,81,18,74,77,133,90" hai2="26,41,51,69,37,22,73,20,103,72,54,50,38" hai3="122,53,67,116,112,106,102,16,119,92,24,6,132"/><V83/><F69/><W42/><G106/><T94/><D121/><U118/><E118/><V100/><F83/><W33/><G33/><T34/><D28/><U21/><E133/><V120/><F54/><W32/><G6/><T93/><D79/><U124/><E124/><V105/><F105/><W58/><G67/><T45/><REACH who="0" step="1"/><D8/><REACH who="0" ten="230,160,270,330" step="2"/><U111/><E111/><V35/><F120/><W1/><G122/><T65/><D65/><U66/><E77/><V99/><F35/><W29/><G29/><T125/><D125/><U17/><E66/><V39/><F20/><W115/><G32/><T108/><D108/><U13/><E21/><V4/><F22/><W126/><G126/><T135/><D135/><U23/><E23/><V56/><F26/><W55/><G24/><T128/><D128/><U101/><E71/><V60/><F73/><W86/><G132/><T107/><D107/><U84/><E74/><V91/><F72/><W130/><G130/><T95/><AGARI ba="0,1" hai="25,31,34,44,45,47,59,63,64,87,88,93,94,95" machi="95" ten="30,12000,2" yaku="1,1,0,1,52,3,54,1,53,0" doraHai="89" doraHaiUra="75" who="0" fromWho="0" sc="230,130,160,-30,270,-60,330,-30" /><INIT seed="3,0,0,1,0,114" ten="360,130,210,300" oya="3" hai0="88,95,111,64,123,112,50,113,73,69,127,59,83" hai1="36,0,27,116,84,41,104,89,94,66,1,43,54" hai2="99,37,12,80,57,90,62,97,91,119,9,44,68" hai3="85,11,58,15,130,23,74,79,38,18,26,126,63"/><W60/><G38/><T106/><D123/><U13/><E104/><V101/><F68/><W121/><G121/><T67/><D106/><U48/><E66/><V96/><F101/><W31/><G126/><T22/><D127/><U120/><E120/><V30/><F30/><W29/><G74/><T42/><D69/><U34/><E36/><V3/><F3/><W124/><G124/><T46/><D111/><U125/><E125/><V108/><F108/><W14/><G130/><T16/><D83/><U77/><E77/><V75/><F75/><W117/><G117/><T49/><D73/><U107/><E107/><V33/><F33/><W35/><G31/><T118/><D118/><U133/><E133/><V98/><F80/><W122/><G122/><T87/><D67/><U28/><E0/><V92/><F119/><W105/><G105/><T47/><D59/><U24/><E24/><V110/><F110/><W134/><G134/><T10/><D64/><U78/><E1/><V82/><F82/><N who="3" m="47327" /><G58/><T8/><D113/><U72/><E116/><V70/><F70/><W53/><G53/><N who="0" m="29879" /><D112/><U17/><E78/><V4/><F44/><W115/><G115/><T51/><D51/><U56/><REACH who="1" step="1"/><E72/><REACH who="1" ten="360,120,210,300" step="2"/><V6/><F37/><W131/><G131/><T129/><D129/><U102/><E102/><V81/><F91/><W76/><G76/><T7/><D7/><U19/><E19/><V40/><F4/><N who="3" m="3431" /><G26/><AGARI ba="0,1" hai="8,10,16,22,26,42,47,50,87,88,95" m="29879" machi="26" ten="30,3900,0" yaku="8,1,54,2" doraHai="114" who="0" fromWho="3" sc="360,49,120,0,210,0,300,-39" /><INIT seed="4,0,0,5,4,135" ten="409,120,210,261" oya="0" hai0="88,82,50,29,79,35,55,18,76,26,73,5,106" hai1="16,51,10,43,44,97,120,11,59,24,112,47,31" hai2="0,74,32,93,45,87,132,126,4,89,133,104,27" hai3="113,58,46,129,95,92,77,52,78,65,114,19,125"/><T61/><D106/><U6/><E120/><V22/><F104/><W23/><G65/><T86/><D5/><U111/><E111/><V20/><F74/><W100/><G46/><T9/><D61/><U30/><E112/><N who="3" m="43114" /><G129/><T28/><D28/><U108/><E108/><V56/><F32/><W57/><G57/><T1/><D73/><U15/><E59/><V123/><F123/><W25/><G125/><T130/><D130/><U67/><E67/><V48/><F56/><W41/><G41/><T68/><D68/><U72/><E72/><V49/><F126/><W42/><G42/><T64/><D64/><U91/><E44/><V71/><F71/><W109/><G109/><T117/><D117/><U115/><E115/><V38/><F38/><W84/><G100/><T98/><D98/><U99/><E91/><V116/><F116/><W33/><G33/><T103/><D103/><U70/><E70/><V110/><F110/><W63/><G84/><T40/><D40/><U13/><REACH who="1" step="1"/><E31/><REACH who="1" ten="409,110,210,261" step="2"/><V105/><F45/><W96/><G77/><T124/><D76/><U62/><E62/><V102/><F133/><W94/><G78/><T8/><D79/><U134/><E134/><V21/><F132/><W118/><G118/><T14/><D88/><U34/><AGARI ba="0,1" hai="6,10,11,13,15,16,24,30,34,43,47,51,97,99" machi="34" ten="20,5200,0" yaku="1,1,0,1,7,1,54,1,53,0" doraHai="135" doraHaiUra="75" who="1" fromWho="1" sc="409,-26,110,62,210,-13,261,-13" /><INIT seed="5,0,0,3,1,2" ten="383,172,197,248" oya="1" hai0="124,79,80,4,18,78,60,56,98,55,108,107,104" hai1="31,50,38,96,81,95,122,47,63,101,65,91,119" hai2="82,92,0,51,68,110,3,7,88,113,72,6,97" hai3="128,90,84,100,61,102,106,20,24,58,54,76,75"/><U13/><E122/><V27/><F110/><W42/><G106/><T87/><D108/><U132/><E119/><V135/><F68/><W117/><G128/><T9/><D124/><U57/><E132/><V48/><F135/><W34/><G34/><T32/><D32/><U15/><E38/><V116/><F116/><W33/><G33/><T134/><D134/><U62/><E31/><V66/><F66/><W99/><G75/><T19/><D79/><U40/><E63/><V59/><F113/><W71/><G71/><T29/><D29/><U49/><E50/><N who="2" m="18987" /><F3/><W16/><G42/><T93/><D104/><U5/><E5/><N who="2" m="1547" /><F72/><W37/><G37/><T85/><D85/><AGARI ba="0,0" hai="13,15,40,47,49,57,62,65,81,85,91,95,96,101" machi="85" ten="40,2000,0" yaku="8,1" doraHai="2" who="1" fromWho="0" sc="383,-20,172,20,197,0,248,0" /><INIT seed="5,1,0,0,5,123" ten="363,192,197,248" oya="1" hai0="113,10,102,26,93,48,59,129,103,56,55,81,91" hai1="133,50,21,41,69,11,62,52,72,42,105,33,75" hai2="61,126,107,101,80,46,134,23,63,36,97,57,2" hai3="98,5,53,27,106,70,43,110,65,77,31,118,109"/><U83/><E33/><V86/><F2/><W8/><G53/><N who="0" m="31783" /><D113/><U131/><E105/><V117/><F117/><W39/><G77/><T38/><D38/><U73/><E83/><V111/><F111/><N who="3" m="42507" /><G118/><T115/><D129/><U135/><E131/><V90/><F134/><N who="1" m="51209" /><E11/><V64/><F63/><N who="3" m="40255" /><G8/><T89/><D115/><U4/><E4/><V49/><F36/><W19/><G19/><T37/><D37/><U85/><E85/><V51/><F46/><N who="3" m="23935" /><G5/><T68/><D10/><U125/><E125/><V92/><F126/><W40/><G40/><N who="1" m="15466" /><E21/><V88/><F23/><W94/><G94/><T25/><D93/><U29/><E29/><V76/><REACH who="2" step="1"/><F90/><REACH who="2" ten="363,192,187,248" step="2"/><W18/><G31/><T34/><D91/><U71/><E62/><V20/><F20/><W22/><G22/><T15/><D89/><U58/><AGARI ba="1,1" hai="50,52,58,69,71,72,73,75" m="15466,51209" machi="58" ten="40,3900,0" yaku="20,1,54,1" doraHai="123" who="1" fromWho="1" sc="363,-14,192,52,187,-14,248,-14" /><INIT seed="5,2,0,2,1,43" ten="349,244,173,234" oya="1" hai0="93,125,44,45,121,30,118,49,37,36,25,57,63" hai1="128,42,135,5,11,56,101,74,14,4,126,75,123" hai2="35,34,24,72,77,70,50,90,108,15,52,117,66" hai3="60,84,0,83,23,10,6,58,68,8,16,19,48"/><U59/><E123/><V86/><F117/><W105/><G105/><T97/><D118/><U112/><E101/><V133/><F108/><W131/><G131/><T7/><D7/><U3/><E135/><V88/><F133/><W20/><G68/><T85/><D85/><U134/><E134/><V104/><F104/><W41/><G10/><T122/><D125/><U100/><E100/><V82/><F24/><W18/><G41/><T28/><D49/><U129/><E112/><V71/><F90/><W62/><G48/><T39/><D57/><N who="1" m="22091" /><E42/><V69/><F15/><W13/><G0/><T132/><D63/><N who="3" m="24105" /><G58/><T55/><D55/><U38/><E38/><V29/><F29/><N who="0" m="11370" /><D25/><U76/><E76/><AGARI ba="2,0" hai="6,8,13,16,18,19,20,23,76,83,84" m="24105" machi="76" ten="30,2000,0" yaku="8,1,54,1" doraHai="43" who="3" fromWho="1" sc="349,0,244,-26,173,0,234,26" /><INIT seed="6,0,0,3,2,58" ten="349,218,173,260" oya="2" hai0="95,78,71,64,104,124,56,48,38,12,120,86,34" hai1="50,132,4,122,33,45,66,90,135,7,73,112,79" hai2="127,113,62,37,111,76,47,96,40,32,16,54,133" hai3="17,130,35,42,21,19,94,110,41,105,13,93,2"/><V125/><F113/><W89/><G105/><T10/><D95/><U75/><E112/><V43/><F133/><N who="1" m="51273" /><E33/><V20/><F32/><W109/><G2/><T87/><D86/><U88/><E66/><V82/><F111/><W106/><G106/><T129/><D12/><U70/><E70/><V49/><F96/><W51/><G89/><N who="1" m="34410" /><E122/><V99/><F99/><W80/><G13/><T59/><D64/><U30/><E30/><V39/><F39/><W91/><G91/><T60/><D38/><U123/><E123/><V72/><F62/><W101/><G35/><T103/><D60/><U57/><E57/><V117/><F117/><W107/><G107/><T44/><D59/><U119/><E119/><V81/><F81/><W118/><G80/><T63/><D56/><U27/><E27/><V84/><F72/><N who="1" m="27721" /><E79/><V98/><F98/><W83/><G118/><T26/><D78/><U92/><E92/><V15/><REACH who="2" step="1"/><F37/><REACH who="2" ten="349,218,163,260" step="2"/><W108/><G109/><T3/><D34/><U77/><E77/><V11/><F11/><W102/><G108/><T5/><D10/><U1/><E1/><V23/><F23/><W36/><G21/><T8/><D3/><U68/><E68/><V85/><F85/><W69/><G110/><T55/><D87/><U25/><E25/><V61/><F61/><W115/><G69/><T0/><D26/><U131/><E131/><V134/><F134/><W14/><G130/><T52/><D129/><U46/><E50/><V100/><F100/><W65/><G51/><T28/><D103/><U74/><E74/><V121/><F121/><W29/><G102/><RYUUKYOKU ba="0,1" sc="349,-15,218,15,163,15,260,-15" hai1="4,7,45,46" hai2="15,16,20,40,43,47,49,54,76,82,84,125,127" /><INIT seed="6,1,1,4,0,110" ten="334,233,178,245" oya="2" hai0="17,127,48,76,30,99,81,93,75,21,35,34,50" hai1="85,97,16,12,53,36,78,32,69,72,38,13,86" hai2="77,64,114,115,7,5,27,39,132,130,121,47,87" hai3="91,108,45,25,74,19,122,6,117,26,106,1,80"/><V90/><F121/><W126/><G91/><T58/><D127/><U20/><E32/><V71/><F132/><W83/><G19/><T60/><D30/><U49/><E69/><V89/><F130/><W129/><G80/><T41/><D41/><U62/><E72/><V104/><F104/><W44/><G26/><T113/><D113/><N who="2" m="43018" /><F77/><W105/><G45/><T134/><D48/><U96/><E38/><V94/><F39/><W55/><G105/><T2/><D50/><U102/><E36/><V124/><F124/><W79/><G106/><T111/><D111/><U116/><E116/><V125/><F125/><W100/><G126/><T119/><D119/><U118/><E118/><V73/><F73/><W52/><G74/><T42/><D134/><U24/><E78/><V65/><F47/><W128/><G108/><T101/><D2/><U103/><E62/><N who="2" m="40343" /><F65/><W22/><G117/><T92/><D76/><U123/><E123/><V68/><F68/><W33/><G79/><T131/><D75/><U112/><E112/><V29/><F90/><W107/><G122/><T54/><D131/><U82/><E102/><V109/><F109/><W63/><G100/><T37/><D101/><U46/><E103/><V40/><F40/><W88/><G88/><T98/><D42/><U135/><E135/><V67/><F67/><W120/><G120/><T95/><D37/><U4/><E46/><V59/><F59/><W11/><G129/><T0/><D58/><U15/><E53/><V10/><F10/><W43/><G55/><T84/><D54/><U31/><E49/><V70/><F70/><RYUUKYOKU ba="1,1" sc="334,-10,233,-10,178,30,245,-10" hai2="5,7,27,29,87,89,94" /><INIT seed="6,2,1,3,2,88" ten="324,223,208,235" oya="2" hai0="50,96,77,10,94,95,51,3,17,24,81,129,90" hai1="39,66,29,57,74,38,35,86,8,13,127,28,128" hai2="62,93,19,72,9,126,42,79,119,4,106,120,108" hai3="59,36,20,23,46,55,121,11,113,80,21,132,104"/><V100/><F119/><W112/><G104/><T60/><D129/><U124/><E74/><V105/><F120/><W69/><G69/><T99/><D3/><U117/><E117/><V22/><F126/><N who="1" m="48169" /><E128/><V115/><F115/><N who="3" m="44107" /><G121/><T102/><D60/><N who="1" m="38159" /><E86/><V15/><F108/><W64/><G132/><T118/><D118/><U82/><E82/><V114/><F114/><W16/><G80/><T18/><D24/><N who="1" m="18823" /><E29/><V53/><F42/><N who="3" m="22855" /><G64/><T31/><D31/><U48/><E48/><N who="0" m="18473" /><D10/><U49/><E49/><V97/><F79/><W58/><G55/><T43/><D43/><U67/><E67/><V54/><F72/><W71/><G71/><T12/><D12/><AGARI ba="2,1" hai="11,12,16,20,21,23,58,59" m="22855,44107" machi="12" ten="30,3900,0" yaku="15,1,11,1,54,1" doraHai="88" who="3" fromWho="0" sc="324,-45,223,0,208,0,235,55" /><INIT seed="7,0,0,3,4,124" ten="279,223,208,290" oya="3" hai0="114,78,103,105,87,34,65,43,36,38,64,49,1" hai1="24,60,47,112,33,66,46,5,91,39,111,57,21" hai2="0,126,31,35,134,104,8,88,121,83,82,125,123" hai3="48,61,26,72,135,92,37,52,10,94,28,115,133"/><W84/><G72/><T113/><D1/><U68/><E111/><V63/><F104/><W12/><G61/><T128/><D34/><U27/><E112/><N who="0" m="43113" /><D128/><U7/><E68/><V11/><F134/><N who="3" m="51211" /><G84/><T93/><D105/><U120/><E39/><N who="0" m="14889" /><D103/><U97/><E27/><N who="2" m="18943" /><F0/><W22/><G37/><T81/><D93/><N who="1" m="56511" /><E33/><V20/><F20/><W4/><G115/><T95/><D95/><U51/><E120/><N who="2" m="46155" /><F63/><W89/><G89/><T119/><D119/><U101/><E101/><V131/><F131/><W44/><AGARI ba="0,0" hai="4,10,12,22,26,28,44,48,52,92,94" m="51211" machi="44" ten="30,3000,0" yaku="20,1,54,1" doraHai="124" who="3" fromWho="3" sc="279,-10,223,-10,208,-10,290,30" owari="269,7.0,213,-19.0,198,-30.0,320,42.0" /></mjloggm>