<mjloggm ver="2.3"><GO type="169" lobby="0"/><UN n0="%E5%B0%B1%E6%B4%BB%E7%94%9F%40%E5%B7%9D%E6%9D%91%E8%BB%8D%E5%9B%A3" n1="%E8%A5%BF%E5%9C%92%E5%AF%BA%E9%9D%96%E5%AD%90" n2="%E3%81%8B%E3%81%AA%E3%81%93%E3%81%89" n3="%E9%BB%92%E7%8C%AB%40%E3%81%BA%E3%82%8D%E3%81%BA%E3%82%8D%E2%98%86" dan="16,17,16,18" rate="2065.89,2146.42,2113.58,2222.06" sx="M,F,M,F"/><TAIKYOKU oya="0"/><INIT seed="0,0,0,4,0,117" ten="250,250,250,250" oya="0" hai0="118,69,52,99,9,1,121,65,66,31,85,44,22" hai1="80,90,97,29,51,27,30,75,72,11,82,115,2" hai2="43,96,40,79,119,110,38,35,92,81,56,4,101" hai3="127,95,74,19,124,131,130,7,60,116,94,16,49"/><T28/><D118/><U61/><E115/><V102/><F119/><W55/><G116/><T57/><D121/><U10/><E51/><V135/><F35/><W70/><G7/><T54/><D69/><U8/><E2/><V98/><F110/><W108/><G74/><T64/><D99/><U24/><E61/><V106/><F135/><W132/><G108/><T36/><D85/><U76/><E97/><V111/><F111/><W5/><G5/><T87/><D87/><U21/><E90/><V39/><F4/><W128/><G60/><T109/><D1/><U3/><E3/><V62/><F38/><W59/><G70/><T23/><D9/><U37/><E37/><V34/><F34/><W88/><G95/><T32/><D109/><U18/><REACH who="1" step="1"/><E27/><REACH who="1" ten="250,240,250,250" step="2"/><V125/><F39/><W103/><G103/><T20/><D32/><U12/><E12/><V104/><F62/><W93/><G132/><T122/><D122/><U120/><E120/><V42/><F102/><W134/><G134/><T58/><D36/><U45/><E45/><V48/><F98/><N who="3" m="57639" /><G94/><T126/><D44/><U78/><AGARI ba="0,1" hai="8,10,11,18,21,24,29,30,72,75,76,78,80,82" machi="78" ten="30,4000,0" yaku="1,1,0,1,9,1,53,0" doraHai="117" doraHaiUra="114" who="1" fromWho="1" sc="250,-20,240,50,250,-10,250,-10" /><INIT seed="1,0,0,2,4,29" ten="230,290,240,240" oya="1" hai0="91,117,78,116,96,128,103,100,58,105,31,12,47" hai1="92,81,102,42,40,121,24,62,25,101,23,112,11" hai2="30,118,67,5,106,86,75,73,7,56,32,98,27" hai3="21,115,124,54,120,55,85,131,70,122,107,133,129"/><U66/><E112/><V97/><F118/><W90/><G115/><T64/><D128/><N who="3" m="49225" /><G70/><T135/><D135/><U68/><E121/><N who="3" m="46698" /><G107/><T95/><D78/><U0/><E81/><V16/><F86/><W109/><G133/><T65/><D31/><U132/><E132/><V88/><F106/><W8/><G109/><T82/><D82/><U10/><E25/><V123/><F123/><W130/><G124/><T39/><D103/><U26/><E26/><V45/><F45/><W93/><N who="3" m="49233" /><W72/><DORA hai="63" /><G72/><T114/><D114/><U111/><E111/><V35/><F35/><W110/><G110/><T59/><D12/><U89/><E102/><V57/><F57/><W46/><G21/><T134/><D134/><U28/><E101/><V80/><F75/><W119/><G119/><T69/><D69/><U17/><E0/><V104/><F104/><W19/><G46/><T99/><D47/><U6/><E28/><V76/><F98/><W14/><AGARI ba="0,0" hai="8,14,19,54,55,85,90,93" m="46698,49233" machi="14" ten="50,1600,0" yaku="19,1" doraHai="29,63" who="3" fromWho="3" sc="230,-4,290,-8,240,-4,240,16" /><INIT seed="2,0,0,3,4,56" ten="226,282,236,256" oya="2" hai0="3,84,17,70,116,111,129,122,15,113,134,106,6" hai1="40,85,9,93,10,62,38,128,4,103,18,45,100" hai2="105,52,39,117,22,97,66,74,28,54,41,88,95" hai3="78,115,96,60,81,127,24,63,26,42,130,58,109"/><V121/><F121/><W120/><G120/><T8/><RYUUKYOKU type="yao9" ba="0,0" sc="226,0,282,0,236,0,256,0" hai0="3,6,8,15,17,70,84,106,111,113,116,122,129,134" /><INIT seed="2,1,0,2,5,74" ten="226,282,236,256" oya="2" hai0="115,69,15,38,57,120,40,48,72,110,109,8,105" hai1="65,52,79,59,33,76,123,63,58,108,43,64,100" hai2="117,53,96,25,134,50,4,5,36,11,32,1,29" hai3="56,61,94,3,20,77,2,124,98,131,89,91,129"/><V81/><F117/><W102/><G124/><T103/><D115/><U90/><E33/><V39/><F134/><W99/><G20/><T51/><D72/><U122/><E108/><N who="0" m="41577" /><D120/><N who="1" m="46123" /><E100/><V42/><F42/><W14/><G14/><T7/><D69/><U121/><E121/><V125/><F125/><W112/><G112/><T28/><D28/><U62/><E43/><V87/><F96/><W97/><G97/><N who="0" m="61679" /><D57/><N who="1" m="36975" /><E90/><V113/><F5/><W55/><G91/><T82/><D82/><U127/><E127/><V86/><F86/><W133/><G133/><T44/><AGARI ba="1,0" hai="7,8,15,38,40,44,48,51" m="61679,41577" machi="44" ten="30,1100,0" yaku="14,1" doraHai="74" who="0" fromWho="0" sc="226,14,282,-4,236,-6,256,-4" /><INIT seed="3,0,0,5,3,86" ten="240,278,230,252" oya="3" hai0="67,27,30,42,81,112,41,46,120,103,75,128,44" hai1="74,26,47,99,109,63,5,68,101,106,72,96,36" hai2="113,18,130,100,49,65,122,33,57,19,104,66,90" hai3="56,53,55,20,13,9,76,87,79,85,97,23,15"/><W24/><G97/><T134/><D120/><U7/><E109/><V110/><F113/><W50/><G9/><T78/><D112/><U102/><E26/><V35/><F110/><W131/><G131/><T124/><D128/><U10/><E5/><V95/><F130/><W32/><G32/><T25/><D134/><U28/><E28/><V17/><F100/><W77/><G55/><T14/><D124/><U73/><E47/><V1/><F104/><W40/><G40/><T108/><D108/><U43/><E43/><V21/><F1/><W6/><G6/><T135/><D135/><U16/><E36/><V45/><F122/><W58/><G58/><T127/><D127/><U48/><E48/><V38/><F38/><W92/><G23/><T60/><D103/><U51/><E51/><V34/><F57/><W64/><G64/><T117/><D117/><U31/><E31/><V39/><F39/><W62/><G62/><T91/><D42/><U126/><E126/><V59/><F59/><W105/><G105/><T2/><D44/><U89/><E16/><V22/><F22/><W11/><G92/><T8/><D30/><U80/><E63/><V114/><F21/><W115/><G115/><T94/><D46/><U133/><E68/><V82/><F82/><W116/><G116/><T118/><D41/><U37/><E37/><V54/><REACH who="2" step="1"/><F114/><REACH who="2" ten="240,278,220,252" step="2"/><W3/><G3/><T119/><D2/><N who="1" m="375" /><E106/><V4/><F4/><N who="3" m="3303" /><G15/><T129/><D129/><U125/><E125/><V111/><F111/><W107/><G107/><T61/><D118/><U98/><E102/><V71/><F71/><RYUUKYOKU ba="0,1" sc="240,-15,278,-15,220,15,252,15" hai2="17,18,19,33,34,35,45,49,54,65,66,90,95" hai3="20,24,50,53,56,76,77,79,85,87" /><INIT seed="3,1,1,1,5,69" ten="225,263,235,267" oya="3" hai0="21,6,120,5,93,112,59,100,132,35,0,71,57" hai1="66,106,13,44,110,2,125,97,98,67,11,60,4" hai2="116,17,61,58,90,48,68,42,46,45,135,84,64" hai3="62,14,79,95,56,94,87,70,63,109,117,103,47"/><W52/><G117/><T107/><D71/><U55/><E110/><V18/><F116/><W92/><G109/><T76/><D35/><U73/><E73/><V128/><F128/><W40/><G14/><T9/><D107/><U81/><E125/><V36/><F135/><W27/><G27/><T111/><D111/><U114/><E114/><V34/><F34/><W28/><G28/><T1/><D132/><U99/><E106/><V86/><F86/><W30/><G30/><T72/><D120/><U7/><E81/><V25/><F25/><W130/><G130/><T51/><D112/><U39/><E2/><V91/><F91/><W43/><G103/><T82/><D21/><U131/><E131/><V8/><F8/><W33/><G33/><T78/><D78/><U113/><E113/><V121/><F121/><W53/><G70/><T15/><D15/><U104/><E104/><V3/><F3/><W75/><G75/><T88/><D100/><U19/><E39/><V105/><F105/><W129/><G129/><T20/><D20/><U102/><E102/><V23/><F23/><W85/><G63/><T38/><D38/><U32/><E32/><V127/><F127/><W16/><G16/><T119/><D119/><U134/><E134/><V77/><F68/><W124/><G124/><T118/><D118/><U122/><E122/><V89/><F18/><W10/><G10/><N who="0" m="2343" /><D51/><N who="1" m="29159" /><E60/><V65/><F61/><W101/><G101/><T83/><D83/><U31/><E31/><V12/><F36/><N who="3" m="21895" /><G43/><T108/><D108/><U50/><E50/><V24/><F42/><W26/><G62/><RYUUKYOKU ba="1,1" sc="225,15,263,15,235,-15,267,-15" hai0="1,6,9,57,59,72,76,82,88,93" hai1="4,7,11,13,19,66,67,97,98,99" /><INIT seed="4,2,1,4,1,118" ten="240,278,220,252" oya="0" hai0="90,95,69,78,27,40,125,10,99,6,121,25,101" hai1="133,102,13,106,92,116,24,3,11,63,119,44,65" hai2="105,21,17,58,41,19,35,86,97,124,14,115,103" hai3="61,5,49,96,68,52,53,15,70,80,34,93,104"/><T79/><D121/><U7/><E106/><V4/><F35/><W18/><G104/><T30/><D69/><U88/><E102/><V56/><F115/><W59/><G34/><T114/><D125/><U42/><E24/><V45/><F124/><W123/><G80/><T134/><D134/><U74/><E133/><V108/><F108/><W127/><G5/><T129/><D129/><U62/><E74/><V51/><F4/><W46/><G123/><T43/><D114/><U75/><E75/><V122/><F122/><W83/><G83/><T2/><D27/><U109/><E3/><V126/><F126/><W26/><G26/><T117/><D117/><U77/><E77/><V76/><F76/><W54/><G54/><T64/><D64/><U8/><E8/><V131/><F131/><W71/><G127/><T32/><D79/><U57/><E63/><V22/><REACH who="2" step="1"/><F86/><REACH who="2" ten="240,278,210,252" step="2"/><W135/><G135/><T94/><D78/><U107/><E109/><V110/><F110/><W66/><G71/><T82/><D82/><U132/><E132/><V47/><F47/><W55/><G68/><T84/><AGARI ba="2,2" hai="2,6,10,25,30,32,40,43,84,90,94,95,99,101" machi="84" ten="20,2100,0" yaku="0,1,7,1" doraHai="118" who="0" fromWho="0" sc="240,47,278,-9,210,-9,252,-9" /><INIT seed="4,3,0,5,5,63" ten="287,269,201,243" oya="0" hai0="51,123,85,48,66,109,89,113,129,44,1,84,104" hai1="6,31,74,80,57,26,78,10,101,68,96,7,134" hai2="56,13,4,124,12,65,60,5,37,59,27,20,86" hai3="71,77,53,118,32,73,120,9,22,100,111,112,130"/><T81/><D1/><U3/><E68/><V93/><F37/><W0/><RYUUKYOKU type="yao9" ba="3,0" sc="287,0,269,0,201,0,243,0" hai3="0,9,22,32,53,71,73,77,100,111,112,118,120,130" /><INIT seed="4,4,0,2,3,9" ten="287,269,201,243" oya="0" hai0="81,87,10,25,60,6,71,127,91,32,33,56,5" hai1="94,82,40,29,123,79,73,28,23,47,44,7,19" hai2="126,113,119,98,48,121,16,109,12,100,3,107,52" hai3="30,39,96,43,104,83,93,65,53,110,124,112,2"/><T1/><D127/><U88/><E7/><V64/><F109/><W14/><G2/><T17/><D71/><U114/><E123/><V38/><F121/><W69/><G104/><T31/><D6/><U62/><E62/><V89/><F3/><W13/><G110/><T55/><REACH who="0" step="1"/><D17/><REACH who="0" ten="277,269,201,243" step="2"/><U21/><E19/><V76/><F126/><W106/><G124/><T77/><D77/><U36/><E79/><V86/><F119/><W63/><G69/><T11/><D11/><U45/><E114/><V67/><F113/><W101/><G112/><T72/><D72/><U92/><E73/><V35/><F76/><W49/><G30/><T50/><D50/><U20/><E28/><V108/><F38/><W74/><G39/><T22/><AGARI ba="4,1" hai="1,5,10,22,25,31,32,33,55,56,60,81,87,91" machi="22" ten="20,3900,0" yaku="1,1,0,1,7,1,53,0" doraHai="9" doraHaiUra="70" who="0" fromWho="0" sc="277,61,269,-17,201,-17,243,-17" /><INIT seed="4,5,0,4,4,0" ten="338,252,184,226" oya="0" hai0="112,131,77,100,18,95,2,75,22,98,52,109,92" hai1="44,62,56,91,65,114,74,83,28,61,84,108,41" hai2="57,90,45,14,80,124,110,39,71,134,38,121,30" hai3="116,102,48,10,59,40,69,68,15,96,118,1,47"/><T120/><D120/><U49/><E108/><V12/><F110/><W23/><G1/><T21/><D2/><U79/><E114/><V127/><F71/><W73/><G73/><T13/><D109/><U89/><E28/><V107/><F121/><W11/><G11/><T26/><D131/><U78/><E78/><V60/><F107/><W93/><G23/><T19/><D112/><U6/><E74/><V130/><F130/><W87/><G59/><T16/><D19/><U99/><E6/><V7/><F30/><W20/><G20/><T101/><D75/><U117/><E117/><V111/><F134/><W35/><G35/><T33/><D77/><U86/><E99/><V133/><F133/><W24/><G24/><T25/><D33/><U63/><REACH who="1" step="1"/><E79/><REACH who="1" ten="338,242,184,226" step="2"/><V32/><F111/><W53/><G118/><T36/><D98/><U51/><E51/><V64/><F7/><W67/><G116/><T58/><D36/><U129/><E129/><V8/><F32/><W103/><G96/><T76/><D76/><U3/><E3/><V43/><F39/><W135/><G135/><T88/><D26/><U54/><E54/><V85/><F14/><W113/><G53/><T115/><D115/><U55/><E55/><V126/><F12/><W104/><G113/><T9/><D9/><AGARI ba="5,1" hai="8,9,38,43,45,57,60,64,80,85,90,124,126,127" machi="9" ten="40,1300,0" yaku="18,1" doraHai="0" who="2" fromWho="0" sc="338,-28,242,0,184,38,226,0" /><INIT seed="5,0,0,1,2,119" ten="310,242,222,226" oya="1" hai0="132,107,37,81,86,3,55,104,10,36,22,46,85" hai1="65,112,8,27,121,31,79,11,89,71,92,108,90" hai2="122,94,45,2,15,63,97,39,109,1,33,44,58" hai3="99,124,47,130,25,126,41,29,117,19,13,115,134"/><U7/><E112/><V103/><F109/><W60/><G115/><T69/><D69/><U49/><E108/><V21/><F33/><W84/><G117/><T68/><D68/><U101/><E79/><V26/><F122/><W57/><G130/><T110/><D110/><U120/><E101/><V93/><F15/><W125/><G134/><T66/><D66/><U106/><E106/><V50/><F39/><W52/><G84/><T14/><D3/><U20/><E71/><V28/><F94/><W75/><G99/><T56/><D86/><U88/><E65/><V83/><F83/><W82/><G82/><T72/><D72/><U53/><E92/><V4/><F4/><W129/><G129/><T123/><D123/><U91/><N who="1" m="22528" /><DORA hai="34" /><U95/><E95/><V6/><F6/><W102/><G102/><T77/><D132/><U116/><E8/><V16/><F28/><W111/><G75/><T48/><D22/><U42/><E42/><V78/><F78/><W118/><G118/><T24/><D37/><U100/><E100/><V23/><F23/><W87/><G87/><T59/><D36/><U32/><E32/><V128/><F128/><W0/><G111/><T17/><D104/><U113/><E113/><V98/><F98/><W5/><G5/><T131/><D107/><U30/><E30/><V114/><F114/><W9/><G0/><N who="2" m="105" /><F50/><N who="3" m="26991" /><G29/><T74/><D131/><U76/><E76/><V70/><F70/><W62/><G25/><T54/><D74/><U135/><E135/><V67/><F26/><W12/><G12/><T73/><D73/><U105/><E116/><RYUUKYOKU ba="0,0" sc="310,-15,242,-15,222,15,226,15" hai2="16,21,44,45,58,63,67,93,97,103" hai3="9,13,19,52,57,60,62,124,125,126" /><INIT seed="6,1,0,0,5,107" ten="295,227,237,241" oya="2" hai0="44,99,74,52,95,17,39,129,60,2,75,70,69" hai1="73,122,97,29,112,134,36,98,89,15,106,101,5" hai2="21,114,13,91,108,127,16,115,23,43,67,62,92" hai3="6,68,124,25,18,86,117,96,58,118,83,59,88"/><V71/><F127/><W56/><G68/><T109/><D2/><U119/><E119/><V30/><F108/><W110/><G110/><T84/><D109/><U128/><E36/><V10/><F43/><W63/><G124/><T33/><D33/><U3/><E3/><V4/><F30/><W34/><G6/><T130/><D84/><U54/><E73/><N who="0" m="27657" /><D17/><U38/><E38/><V51/><F51/><W133/><G133/><T12/><D12/><U19/><E5/><V37/><F37/><W104/><G63/><T87/><D87/><U7/><E7/><V42/><F42/><W50/><G50/><N who="0" m="28743" /><D60/><U61/><E29/><V76/><F76/><W20/><G34/><T93/><D93/><U22/><E134/><V47/><F47/><W28/><G18/><T40/><D40/><U35/><E35/><V48/><F48/><W31/><G31/><T113/><D113/><N who="2" m="43018" /><F4/><W94/><REACH who="3" step="1"/><G104/><REACH who="3" ten="295,227,237,231" step="2"/><T27/><D69/><U105/><E112/><V79/><F79/><AGARI ba="1,1" hai="20,25,28,56,58,59,79,83,86,88,94,96,117,118" machi="79" ten="40,8000,1" yaku="1,1,2,1,54,1,53,1" doraHai="107" doraHaiUra="78" who="3" fromWho="2" sc="295,0,227,0,237,-83,231,93" /><INIT seed="7,0,0,1,2,123" ten="295,227,154,324" oya="3" hai0="7,18,37,135,72,2,134,97,107,3,120,16,106" hai1="39,69,13,82,6,52,25,94,104,65,57,46,5" hai2="40,62,78,126,85,20,67,99,59,11,66,75,60" hai3="29,30,53,86,14,33,50,92,1,122,23,64,15"/><W115/><G1/><N who="0" m="11" /><D120/><U17/><E104/><N who="0" m="39977" /><D72/><U45/><E25/><V4/><F126/><W87/><G115/><T81/><D7/><U83/><E94/><V58/><F75/><W109/><G109/><T113/><D37/><U31/><E31/><N who="3" m="11786" /><G33/><T119/><D119/><U0/><E0/><V26/><F40/><W117/><G122/><T102/><D81/><U98/><E98/><V43/><F43/><W93/><G64/><T111/><D111/><U103/><E103/><V116/><F116/><W38/><G38/><T88/><D102/><U79/><E39/><V128/><F128/><W80/><G117/><T10/><D10/><U70/><E65/><V51/><F99/><W90/><G23/><T133/><D113/><U44/><E69/><V55/><F78/><N who="3" m="46359" /><G93/><AGARI ba="0,0" hai="16,18,88,93,97,133,134,135" m="39977,11" machi="93" ten="40,5200,0" yaku="20,1,54,2" doraHai="123" who="0" fromWho="3" sc="295,52,227,0,154,0,324,-52" owari="347,45.0,227,-17.0,154,-35.0,272,7.0" /></mjloggm>