<mjloggm ver="2.3"><GO type="225" lobby="0"/><UN n0="%E3%83%88%E3%83%88%E3%83%AA%E5%85%88%E7%94%9F%31%39%E6%AD%B3" n1="%74%61%74%73%75%37%30%32" n2="%E3%82%B1%E3%83%9F%E3%82%AB%E3%83%AB" n3="%E5%85%88%E2%99%80%E7%94%9F" dan="18,17,16,16" rate="2273.02,2275.27,2035.94,2140.64" sx="F,M,F,F"/><TAIKYOKU oya="0"/><INIT seed="0,0,0,5,1,32" ten="250,250,250,250" oya="0" hai0="0,36,27,90,41,104,51,48,5,19,16,120,37" hai1="92,121,88,74,75,70,105,42,25,13,80,116,124" hai2="122,108,106,45,40,65,24,81,3,129,84,114,115" hai3="23,34,98,50,21,67,130,118,39,56,78,15,17"/><T119/><D120/><U31/><E121/><V10/><F106/><W12/><G118/><T134/><D119/><U57/><E116/><V55/><F122/><W61/><G39/><T28/><D104/><U22/><E105/><V97/><F97/><W7/><G34/><T94/><D134/><U73/><E70/><V30/><F65/><W58/><G130/><T68/><D68/><U123/><E123/><V4/><F129/><W33/><G33/><T9/><D37/><U62/><E42/><V26/><F26/><W60/><G78/><T133/><D36/><U43/><E43/><V66/><F66/><W91/><G50/><T87/><D133/><U102/><E102/><V89/><F55/><N who="3" m="33823" /><G7/><T99/><D99/><U63/><E124/><V131/><F131/><W54/><G67/><T112/><D112/><U29/><E29/><V11/><F11/><N who="3" m="6303" /><G15/><T93/><D48/><U14/><E80/><V100/><F108/><W126/><G126/><T2/><D2/><U38/><E38/><V86/><F115/><W77/><G77/><T59/><D93/><AGARI ba="0,0" hai="21,23,54,58,61,91,93,98" m="6303,33823" machi="93" ten="30,1000,0" yaku="8,1" doraHai="32" who="3" fromWho="0" sc="250,-10,250,0,250,0,250,10" /><INIT seed="1,0,0,4,1,120" ten="240,250,250,260" oya="1" hai0="99,34,70,130,27,29,102,122,64,84,96,82,0" hai1="12,53,13,134,80,81,14,55,35,125,23,74,42" hai2="5,79,8,15,28,87,118,26,18,108,46,7,126" hai3="88,19,58,86,76,71,6,90,3,104,135,65,92"/><U21/><E35/><V50/><F118/><W123/><G123/><T30/><D122/><U73/><E42/><V43/><F126/><W9/><G104/><T11/><D130/><U48/><E14/><V25/><F108/><W37/><G37/><T16/><D29/><U106/><E106/><V38/><F38/><W68/><G135/><T24/><D102/><U54/><E54/><V129/><F129/><W67/><G76/><T36/><D36/><U119/><E48/><V10/><F28/><W69/><G58/><T51/><D51/><U47/><E134/><V110/><F110/><W66/><G19/><T39/><D39/><U109/><E125/><V128/><F128/><W133/><G133/><T62/><D0/><U45/><E119/><V89/><F79/><W124/><G124/><T1/><D1/><U121/><E121/><V59/><F59/><W97/><REACH who="3" step="1"/><G86/><REACH who="3" ten="240,250,250,250" step="2"/><T32/><D16/><U49/><E49/><V85/><F87/><W22/><G22/><T105/><D105/><U112/><E112/><V91/><F18/><W107/><G107/><T41/><D32/><U63/><REACH who="1" step="1"/><E109/><REACH who="1" ten="240,240,250,250" step="2"/><V100/><F5/><W113/><G113/><T75/><D34/><U111/><E111/><V60/><F7/><W114/><G114/><T57/><D27/><U77/><E77/><V127/><F26/><W52/><G52/><T117/><D24/><U115/><E115/><V103/><F25/><W101/><AGARI ba="0,2" hai="3,6,9,65,66,67,68,69,71,88,90,92,97,101" machi="101" ten="40,5200,0" yaku="1,1,0,1,54,1,53,0" doraHai="120" doraHaiUra="20" who="3" fromWho="3" sc="240,-13,240,-26,250,-13,250,72" /><INIT seed="2,0,0,5,3,129" ten="227,214,237,322" oya="2" hai0="11,104,22,116,32,3,127,16,54,53,9,119,69" hai1="134,111,131,120,102,20,132,31,96,106,103,100,6" hai2="112,128,109,5,39,55,19,89,23,44,43,77,29" hai3="130,28,133,76,87,126,50,7,30,14,94,10,92"/><V61/><F112/><W56/><G133/><N who="1" m="51306" /><E131/><V1/><F128/><W82/><G130/><T75/><D127/><U57/><E111/><V17/><F109/><W37/><G37/><T67/><D75/><U62/><E120/><V101/><F101/><N who="1" m="39017" /><E6/><V88/><F77/><W74/><G76/><T83/><D32/><U71/><E71/><V25/><F19/><W70/><G28/><T72/><D104/><U79/><E79/><V47/><F17/><W125/><G30/><T113/><D83/><U98/><E98/><V15/><F1/><W115/><G82/><T49/><D72/><U12/><E12/><V52/><F55/><N who="0" m="21002" /><D49/><U122/><E122/><V118/><F118/><N who="0" m="45098" /><D3/><U80/><E80/><V65/><F39/><W38/><G50/><T51/><D51/><U41/><E41/><V135/><F43/><W114/><G38/><T58/><D69/><U123/><E123/><V35/><F135/><W42/><G70/><T78/><D113/><U27/><E62/><V2/><F2/><W64/><G115/><T40/><D40/><U68/><E68/><V86/><F61/><W36/><G114/><T124/><D78/><U4/><E4/><V21/><F5/><W81/><G7/><T84/><D84/><U107/><E57/><V97/><F86/><W117/><G87/><T90/><D90/><U121/><E121/><V91/><F89/><W95/><G42/><T73/><D73/><U59/><E59/><V13/><F91/><W34/><G36/><T8/><D124/><U63/><E63/><V99/><F88/><W66/><G117/><T108/><D58/><RYUUKYOKU ba="0,0" sc="227,-10,214,30,237,-10,322,-10" hai1="20,27,31,96,103,106,107" /><INIT seed="3,1,0,2,5,51" ten="217,244,227,312" oya="3" hai0="94,67,37,106,126,54,12,110,30,17,7,41,120" hai1="113,96,83,135,92,31,25,115,103,18,90,133,130" hai2="93,128,9,60,39,73,13,47,84,125,87,19,89" hai3="35,108,57,28,16,85,82,22,76,129,58,102,65"/><W105/><G108/><T49/><D120/><U101/><E18/><V71/><F73/><W26/><G129/><T62/><D106/><U50/><E50/><V21/><F125/><W134/><G134/><N who="1" m="51210" /><E130/><V34/><F34/><W119/><G119/><T52/><D126/><U104/><E83/><V4/><F128/><W38/><G38/><T10/><D110/><U20/><E104/><V40/><F60/><W1/><G1/><T6/><D30/><U14/><E14/><V72/><F72/><W59/><G105/><T11/><D37/><U29/><E31/><V74/><F74/><W5/><G102/><AGARI ba="1,0" hai="20,25,29,90,92,96,101,102,103,113,115" m="51210" machi="102" ten="30,1000,0" yaku="20,1" doraHai="51" who="1" fromWho="3" sc="217,0,244,13,227,0,312,-13" /><INIT seed="4,0,0,2,0,80" ten="217,257,227,299" oya="0" hai0="19,102,23,0,33,99,93,135,26,43,17,119,34" hai1="104,123,58,5,67,16,100,39,89,92,22,133,126" hai2="71,134,68,83,109,41,125,31,117,62,108,131,120" hai3="105,106,97,52,4,130,85,77,81,12,44,91,14"/><T18/><D119/><U45/><E123/><V13/><F120/><W30/><G106/><T61/><D0/><U29/><E126/><V121/><F121/><W56/><G105/><T69/><D135/><U111/><E133/><V90/><F125/><W84/><G130/><T107/><D43/><U118/><E118/><V6/><F134/><W124/><G124/><T74/><D74/><U15/><E111/><V42/><F131/><W54/><G30/><T110/><D110/><U112/><E112/><V66/><F31/><W59/><G97/><T96/><D69/><U114/><E114/><V50/><F71/><W129/><G129/><T127/><D127/><U8/><E29/><V82/><F82/><N who="3" m="49591" /><G44/><T65/><D61/><N who="1" m="38327" /><E104/><V27/><F27/><W48/><G4/><T9/><D65/><U72/><E72/><V37/><F37/><W10/><G10/><T103/><REACH who="0" step="1"/><D9/><REACH who="0" ten="207,257,227,299" step="2"/><U47/><E39/><V88/><F42/><W87/><G87/><T115/><D115/><U79/><E8/><N who="2" m="4247" /><F117/><W64/><G64/><T38/><D38/><U40/><E40/><V24/><F108/><W32/><G32/><AGARI ba="0,1" hai="17,18,19,23,26,32,33,34,93,96,99,102,103,107" machi="32" ten="40,2000,0" yaku="1,1,53,0" doraHai="80" doraHaiUra="35" who="0" fromWho="3" sc="207,30,257,0,227,0,299,-20" /><INIT seed="4,1,0,5,4,12" ten="237,257,227,279" oya="0" hai0="96,114,105,67,30,134,73,32,23,126,56,60,128" hai1="106,102,27,1,34,18,47,10,131,42,26,74,64" hai2="68,104,127,71,19,90,16,91,36,86,43,76,61" hai3="7,84,94,103,111,9,25,17,31,46,48,125,4"/><T57/><D73/><U130/><E74/><V24/><F104/><W121/><G111/><T8/><D114/><U82/><E82/><N who="2" m="47431" /><F71/><W37/><G37/><T0/><D128/><N who="1" m="49195" /><E64/><V95/><F68/><W22/><G125/><T77/><D77/><U52/><E42/><V41/><F36/><W98/><G121/><T66/><D126/><U88/><E1/><V100/><F127/><W108/><G108/><T97/><D134/><U54/><E47/><V99/><F61/><W45/><G84/><T29/><D32/><U11/><E102/><V63/><F63/><W40/><G46/><T113/><D113/><U83/><E106/><V122/><F122/><W65/><G65/><T38/><D38/><U135/><E135/><V49/><F24/><N who="1" m="9257" /><E34/><V93/><F100/><W72/><G72/><T51/><D105/><U50/><E18/><N who="2" m="6699" /><F49/><W62/><G62/><N who="0" m="38215" /><D0/><U133/><E133/><V120/><F120/><W15/><AGARI ba="1,0" hai="4,7,9,15,17,22,25,31,40,45,48,94,98,103" machi="15" ten="30,4000,0" yaku="0,1,8,1,52,1" doraHai="12" who="3" fromWho="3" sc="237,-21,257,-11,227,-11,279,43" owari="216,-18.0,246,5.0,216,-28.0,322,41.0" /></mjloggm>