<mjloggm ver="2.3"><GO type="97" lobby="0"/><UN n0="%E5%A3%87%E2%98%86%E8%9C%9C" n1="%63%6F%61" n2="%E2%98%86%E3%83%89%E3%83%8A%E3%83%AB%E3%83%89%E6%95%99%E5%BE%92%E2%98%86" n3="%E3%83%88%E3%83%88%E3%83%AA%E5%85%88%E7%94%9F%31%39%E6%AD%B3" dan="13,15,13,14" rate="1907.65,2022.49,1864.91,2025.68" sx="M,M,M,F"/><TAIKYOKU oya="0"/><INIT seed="0,0,0,4,4,53" ten="250,250,250,250" oya="0" hai0="91,132,65,83,110,111,95,72,90,9,17,100,85" hai1="48,127,1,52,80,59,50,54,98,47,30,106,89" hai2="7,102,67,27,60,93,96,56,3,134,10,57,105" hai3="74,38,77,114,116,128,133,4,97,76,129,78,117"/><T131/><D65/><U126/><E1/><V37/><F134/><W2/><G38/><T43/><D43/><U20/><E30/><V123/><F123/><W41/><G41/><T39/><D39/><U36/><E36/><V61/><F37/><W25/><G25/><T88/><D132/><U28/><E28/><V0/><F27/><W92/><G4/><T99/><D17/><U135/><E20/><V69/><F69/><W104/><G2/><T5/><D131/><N who="3" m="50249" /><G133/><T14/><REACH who="0" step="1"/><D72/><REACH who="0" ten="240,250,250,250" step="2"/><U71/><E135/><V101/><F0/><W68/><G68/><T94/><D94/><N who="1" m="56655" /><E71/><V34/><F34/><W62/><G104/><T84/><D84/><U86/><E106/><V115/><F105/><W109/><G74/><T119/><D119/><U87/><E80/><V118/><F118/><W51/><G117/><T16/><D16/><U120/><E120/><V73/><F73/><W29/><G116/><T35/><D35/><U46/><E87/><V130/><F130/><W32/><G32/><T66/><D66/><U64/><E86/><V8/><F115/><W18/><G18/><T125/><D125/><N who="1" m="47627" /><E64/><V79/><F79/><AGARI ba="0,1" hai="5,9,14,79,83,85,88,90,91,95,99,100,110,111" machi="79" ten="40,3900,0" yaku="1,1,54,1,53,0" doraHai="53" doraHaiUra="33" who="0" fromWho="2" sc="240,49,250,0,250,-39,250,0" /><INIT seed="0,1,0,0,5,73" ten="289,250,211,250" oya="0" hai0="135,57,80,105,100,5,27,117,83,40,124,74,111" hai1="50,121,51,29,34,72,79,102,130,133,30,60,13" hai2="70,8,45,55,134,54,28,84,126,56,71,132,98" hai3="46,43,99,125,32,12,81,128,22,116,19,53,85"/><T123/><D117/><U69/><E121/><V15/><F28/><W114/><G116/><T58/><D123/><U21/><E34/><V122/><F122/><W39/><G114/><T62/><D135/><N who="2" m="51754" /><F98/><W88/><G32/><T96/><D124/><U92/><E133/><V26/><F26/><W17/><G125/><T33/><D5/><U106/><E106/><V7/><F126/><W113/><G113/><T18/><D40/><U59/><E69/><V94/><F45/><W47/><G128/><T110/><D58/><U41/><E130/><V31/><F31/><W108/><G108/><N who="0" m="41515" /><D74/><U90/><E41/><V52/><F56/><W23/><G99/><T103/><D103/><U48/><E102/><V118/><F118/><W14/><G47/><T86/><D86/><U3/><E3/><V129/><F129/><W44/><G44/><T107/><D107/><U36/><E36/><V24/><F24/><W37/><REACH who="3" step="1"/><G53/><REACH who="3" ten="289,250,211,240" step="2"/><N who="2" m="13569" /><V115/><DORA hai="68" /><F115/><W104/><G104/><T6/><D33/><U77/><E51/><AGARI ba="1,1" hai="12,14,17,19,22,23,37,39,43,46,51,81,85,88" machi="51" ten="30,12000,2" yaku="1,1,7,1,9,1,52,2,54,1,53,1" doraHai="73,68" doraHaiUra="127,42" who="3" fromWho="1" sc="289,0,250,-123,211,0,240,133" /><INIT seed="1,0,0,0,3,82" ten="289,127,211,373" oya="1" hai0="79,48,39,112,63,69,91,32,46,68,75,59,43" hai1="15,31,12,27,70,102,114,106,101,60,81,11,18" hai2="16,107,85,0,41,64,3,51,88,6,20,111,94" hai3="2,135,26,134,74,121,127,72,124,98,35,13,61"/><U84/><E114/><V130/><F107/><W50/><G121/><T126/><D32/><U5/><E106/><V105/><F105/><W73/><G2/><T90/><D112/><U62/><E70/><V55/><F111/><W38/><G38/><T103/><D103/><U89/><E101/><V108/><F108/><W54/><G61/><T30/><D30/><U133/><E102/><V56/><F130/><W86/><G98/><T129/><D129/><U87/><E133/><N who="3" m="50698" /><G13/><T117/><D117/><U95/><E27/><V67/><F41/><W53/><G86/><T125/><D79/><N who="1" m="46143" /><E31/><V92/><F92/><W7/><G7/><T44/><D75/><U122/><E122/><V57/><F57/><N who="3" m="32951" /><G54/><N who="0" m="34295" /><D90/><U37/><E37/><V76/><F76/><W131/><G131/><T115/><D91/><U116/><E116/><V17/><F17/><W66/><G66/><N who="2" m="25129" /><F6/><W83/><G83/><T52/><D115/><U19/><E5/><V96/><F96/><W71/><G71/><AGARI ba="0,0" hai="39,43,44,46,48,52,68,69,71,125,126" m="34295" machi="71" ten="30,3900,0" yaku="34,2,54,1" doraHai="82" who="0" fromWho="3" sc="289,39,127,0,211,0,373,-39" /><INIT seed="2,0,0,3,3,105" ten="328,127,211,334" oya="2" hai0="36,35,38,23,118,67,122,8,1,28,132,117,94" hai1="87,27,22,46,121,106,18,114,126,2,19,64,43" hai2="120,89,66,135,77,11,127,55,45,51,61,62,96" hai3="29,82,107,101,26,39,47,34,68,125,33,9,31"/><V14/><F120/><W109/><G68/><T5/><D122/><U57/><E106/><V104/><F135/><W92/><G107/><T74/><D132/><U50/><E121/><V10/><F127/><W72/><G125/><T54/><D35/><U76/><E126/><V113/><F113/><W59/><G109/><T58/><D67/><U42/><E2/><V128/><F128/><W15/><G59/><T6/><D6/><U65/><E114/><V91/><F77/><W129/><G129/><T131/><D74/><U30/><E43/><V41/><F10/><W16/><G39/><T99/><D131/><U124/><E124/><V60/><F41/><W102/><G47/><T73/><D73/><U32/><E32/><V84/><F84/><W3/><G92/><T95/><D95/><U112/><E112/><V17/><REACH who="2" step="1"/><F66/><REACH who="2" ten="328,127,201,334" step="2"/><W53/><G9/><T119/><D8/><U56/><E65/><V108/><F108/><W44/><G72/><T115/><D115/><U81/><REACH who="1" step="1"/><E64/><REACH who="1" ten="328,117,201,334" step="2"/><V70/><F70/><W13/><G53/><T48/><D54/><U130/><E130/><V12/><F12/><W133/><G13/><T21/><D118/><U103/><E103/><AGARI ba="0,2" hai="11,14,17,45,51,55,60,61,62,89,91,96,103,104" machi="103" ten="40,7700,0" yaku="1,1,53,2" doraHai="105" doraHaiUra="85" who="2" fromWho="1" sc="328,0,117,-77,201,97,334,0" /><INIT seed="2,1,0,2,3,119" ten="328,40,298,334" oya="2" hai0="134,49,33,2,50,84,57,18,106,1,15,14,98" hai1="80,82,7,92,68,129,96,4,78,101,91,111,89" hai2="24,117,48,125,55,11,5,114,64,128,66,23,126" hai3="69,30,42,61,121,102,25,46,132,67,87,3,41"/><V0/><F117/><W28/><G121/><T29/><D134/><U71/><E71/><V86/><F114/><W59/><G3/><T112/><D112/><U51/><E68/><V53/><F86/><W27/><G132/><T131/><D131/><U124/><E129/><V22/><F128/><W123/><G123/><T26/><D1/><U110/><E51/><V65/><F23/><W81/><G69/><T63/><D2/><U62/><E62/><V35/><F35/><W113/><G102/><T34/><D34/><U99/><E7/><V74/><F74/><W95/><G95/><T93/><D84/><U58/><E58/><V120/><F120/><W37/><G113/><T8/><D14/><U130/><E4/><V94/><F94/><W79/><REACH who="3" step="1"/><G42/><REACH who="3" ten="328,40,298,324" step="2"/><T40/><D40/><U103/><E130/><V13/><F0/><W32/><G32/><T127/><D106/><U31/><E31/><AGARI ba="1,1" hai="25,27,28,30,31,37,41,46,59,61,67,79,81,87" machi="31" ten="40,2600,0" yaku="1,1,53,1" doraHai="119" doraHaiUra="38" who="3" fromWho="1" sc="328,0,40,-29,298,0,324,39" /><INIT seed="3,0,0,5,1,12" ten="328,11,298,363" oya="3" hai0="44,111,87,77,27,13,117,40,85,43,131,88,128" hai1="57,108,86,72,47,42,103,58,71,24,10,8,36" hai2="55,21,130,98,38,93,119,64,30,80,15,0,3" hai3="51,99,18,97,82,4,23,90,104,35,60,67,127"/><W116/><G116/><T7/><D117/><U69/><E72/><V105/><F38/><W50/><G35/><T84/><D111/><U65/><E108/><V124/><F119/><W19/><G127/><T49/><D40/><U5/><E103/><V16/><F124/><W17/><G4/><T79/><D27/><U125/><E125/><V22/><F130/><N who="0" m="49706" /><D77/><U132/><E132/><V28/><F105/><W94/><G23/><T96/><D79/><U118/><E118/><V2/><F64/><W31/><G31/><T59/><D59/><U120/><E120/><V89/><F80/><W56/><G82/><N who="0" m="49175" /><D96/><N who="3" m="36937" /><G104/><T95/><D95/><U26/><E86/><AGARI ba="0,0" hai="17,18,19,50,51,56,60,67,86,90,94" m="36937" machi="86" ten="30,11600,0" yaku="8,1,52,3" doraHai="12" who="3" fromWho="1" sc="328,0,11,-116,298,0,363,116" owari="328,13.0,-105,-61.0,298,-10.0,479,58.0" /></mjloggm>