<mjloggm ver="2.3"><GO type="97" lobby="0"/><UN n0="%E5%B0%B1%E6%B4%BB%E7%94%9F%40%E5%B7%9D%E6%9D%91%E8%BB%8D%E5%9B%A3" n1="%6E%69%73%69%35%30%32%38" n2="%E5%8D%97%E8%A9%A9%E4%B9%83" n3="%74%61%74%6F%78%75%2D" dan="15,15,15,14" rate="2047.55,1979.96,1954.40,1900.51" sx="M,M,F,M"/><TAIKYOKU oya="0"/><INIT seed="0,0,0,2,1,57" ten="250,250,250,250" oya="0" hai0="49,35,103,98,62,25,69,129,19,4,72,133,23" hai1="80,122,128,52,102,89,28,60,5,50,101,88,126" hai2="79,24,0,22,111,92,81,66,40,39,8,132,117" hai3="116,3,9,100,43,30,56,53,11,73,106,47,7"/><T97/><D72/><U87/><E122/><V61/><F117/><W107/><G116/><T95/><D129/><U15/><E128/><V74/><F111/><W32/><G73/><T120/><D120/><U68/><E126/><V59/><F132/><W10/><G32/><T65/><D133/><U44/><E28/><V84/><F39/><W16/><G30/><T51/><D35/><U135/><E135/><V14/><F40/><W27/><G100/><N who="1" m="38506" /><E68/><V118/><F118/><W26/><G27/><T20/><D97/><U46/><E46/><V90/><F0/><W31/><G31/><T75/><D75/><U125/><E125/><V64/><F24/><W54/><G53/><T12/><REACH who="0" step="1"/><D23/><REACH who="0" ten="240,250,250,250" step="2"/><U6/><E15/><V124/><F22/><W45/><G106/><T58/><D58/><N who="1" m="34887" /><E89/><V121/><F121/><W34/><G107/><T86/><D86/><U119/><E119/><V83/><F124/><W13/><G34/><T33/><D33/><U70/><E70/><V131/><F131/><W37/><G3/><T93/><D93/><U115/><E115/><V21/><F21/><W127/><G127/><T85/><D85/><U67/><E67/><V78/><F66/><W17/><G56/><T63/><D63/><U2/><E2/><V99/><F14/><W105/><G105/><T104/><D104/><U112/><E112/><V36/><F8/><AGARI ba="0,1" hai="4,8,12,19,20,25,49,51,62,65,69,95,98,103" machi="8" ten="40,3900,0" yaku="1,1,52,1,53,0" doraHai="57" doraHaiUra="48" who="0" fromWho="2" sc="240,49,250,0,250,-39,250,0" /><INIT seed="0,1,0,0,2,108" ten="289,250,211,250" oya="0" hai0="64,114,71,119,131,104,5,21,130,72,116,44,107" hai1="117,19,109,23,56,1,118,41,80,63,82,46,47" hai2="12,102,45,48,113,106,27,111,11,2,133,86,53" hai3="14,58,93,135,3,26,28,97,42,6,89,129,78"/><T99/><D72/><U79/><E1/><V54/><F2/><W115/><G3/><T112/><D5/><U128/><E128/><N who="0" m="49193" /><D44/><U0/><E109/><V55/><F111/><W38/><G129/><T94/><D64/><U30/><E30/><V95/><F133/><W49/><G135/><T124/><D21/><U101/><E101/><V88/><F27/><W7/><G38/><T74/><D74/><U77/><E0/><V83/><F106/><N who="0" m="40490" /><D71/><U33/><E33/><V91/><F113/><N who="0" m="43626" /><D124/><U70/><E70/><V10/><F102/><AGARI ba="1,0" hai="94,99,102,116,119" m="43626,40490,49193" machi="102" ten="40,18000,2" yaku="19,1,34,2,52,3" doraHai="108" who="0" fromWho="2" sc="289,183,250,0,211,-183,250,0" /><INIT seed="0,2,0,2,0,51" ten="472,250,28,250" oya="0" hai0="57,102,125,101,75,69,39,66,70,118,134,54,65" hai1="4,100,56,127,18,27,55,90,3,124,129,9,92" hai2="114,99,14,132,62,71,117,126,112,73,47,113,10" hai3="98,121,109,93,107,48,123,64,30,94,1,91,131"/><T88/><D75/><U25/><E129/><V45/><F73/><W43/><G1/><T40/><D118/><U32/><E100/><V24/><F24/><W79/><G64/><T21/><D125/><N who="1" m="48203" /><E18/><V105/><F14/><W76/><G30/><T108/><D108/><U106/><E106/><V83/><F10/><W31/><G31/><T0/><D134/><U122/><E32/><V95/><F83/><W120/><G109/><T63/><D0/><U17/><E17/><V26/><F62/><W15/><G15/><T2/><D2/><U84/><E122/><V19/><F71/><W82/><G131/><T74/><D74/><U89/><E89/><V35/><F47/><W96/><G43/><T13/><D70/><U29/><E29/><V86/><F99/><W16/><G16/><N who="0" m="10383" /><D69/><U20/><E20/><V58/><F86/><W50/><G107/><T44/><D101/><U59/><E59/><V87/><F95/><W119/><G119/><T22/><D102/><U80/><E80/><V130/><F130/><W33/><G33/><T78/><D78/><U34/><E34/><V37/><F45/><W97/><G82/><T60/><D22/><U85/><E85/><V49/><F37/><W11/><G11/><T12/><D12/><U5/><E5/><V116/><F49/><AGARI ba="2,0" hai="3,4,9,25,27,49,55,56,84,90,92" m="48203" machi="49" ten="30,2000,0" yaku="18,1,52,1" doraHai="51" who="1" fromWho="2" sc="472,0,250,26,28,-26,250,0" /><INIT seed="1,0,0,1,2,24" ten="472,276,2,250" oya="1" hai0="37,78,116,100,124,62,13,50,119,134,22,16,69" hai1="8,75,9,30,61,83,99,80,94,81,89,20,111" hai2="125,55,126,26,84,87,59,96,72,66,65,32,10" hai3="35,41,130,74,131,19,29,114,82,1,0,58,103"/><U12/><E75/><V46/><F26/><N who="3" m="18871" /><G114/><T92/><D37/><U104/><E111/><V115/><F55/><W17/><G103/><T102/><D124/><N who="2" m="47722" /><F32/><W18/><G41/><T53/><D134/><U11/><E104/><V40/><F10/><N who="1" m="4201" /><E61/><V132/><F65/><W127/><G74/><T73/><D73/><U57/><E57/><V47/><F96/><W39/><G39/><T4/><D4/><N who="1" m="3175" /><E20/><V79/><F132/><W45/><G58/><T91/><D78/><U85/><E30/><V6/><F66/><W106/><G106/><T107/><D107/><U86/><AGARI ba="0,0" hai="80,81,83,85,86,89,94,99" m="3175,4201" machi="86" ten="30,1500,0" yaku="8,1" doraHai="24" who="1" fromWho="1" sc="472,-5,276,15,2,-5,250,-5" owari="467,56.0,291,9.0,-3,-50.0,245,-15.0" /></mjloggm>