<mjloggm ver="2.3"><GO type="169" lobby="0"/><UN n0="%E9%AC%BC%E5%8F%A3%E3%81%BE%E3%81%93%E3%81%A8" n1="%E9%BE%8D%E4%BC%AF" n2="%E3%81%97%E3%81%8A%E3%81%BE%E3%81%AD%E3%81%8D" n3="%E3%82%A6%E3%83%AB%E3%83%88%E3%83%A9%E7%AB%8B%E7%9B%B4" dan="16,16,17,18" rate="2083.67,2091.75,2172.81,2191.39" sx="M,M,M,M"/><TAIKYOKU oya="0"/><INIT seed="0,0,0,1,2,21" ten="250,250,250,250" oya="0" hai0="0,112,51,106,116,124,104,9,11,76,32,58,109" hai1="127,89,61,13,2,30,72,22,111,87,102,41,16" hai2="69,15,81,78,25,27,129,96,103,128,88,70,79" hai3="91,65,125,56,63,67,83,5,50,10,135,43,107"/><T7/><D116/><U131/><E72/><N who="2" m="43207" /><F15/><W49/><G107/><T110/><D112/><U36/><E2/><V3/><F3/><W4/><G125/><T86/><D124/><U34/><E102/><V29/><F79/><W123/><G123/><T95/><D11/><U75/><E75/><V54/><F54/><W37/><G135/><T90/><D32/><U66/><E111/><N who="0" m="42505" /><D76/><U115/><E131/><N who="2" m="50251" /><F29/><W126/><G126/><T39/><D39/><U24/><E127/><V40/><F40/><W12/><G37/><T48/><D48/><U121/><E115/><V23/><F23/><W53/><G4/><T94/><D94/><U59/><E121/><V133/><F133/><W38/><G38/><T97/><D86/><U42/><REACH who="1" step="1"/><E36/><REACH who="1" ten="250,240,250,250" step="2"/><V100/><F100/><W17/><G5/><T105/><D105/><U52/><E52/><AGARI ba="0,1" hai="0,7,9,51,52,58,90,95,97,104,106" m="42505" machi="52" ten="30,5800,0" yaku="14,1,10,1,54,1" doraHai="21" who="0" fromWho="1" sc="250,68,240,-58,250,0,250,0" /><INIT seed="0,1,0,5,2,31" ten="318,182,250,250" oya="0" hai0="33,5,35,79,18,103,62,102,53,46,51,74,101" hai1="115,133,129,58,55,135,116,65,89,127,19,48,125" hai2="57,4,69,130,67,91,113,88,112,120,107,82,105" hai3="121,11,109,44,8,15,34,104,16,132,10,24,119"/><T59/><D5/><U111/><E89/><V36/><F69/><W97/><G119/><T81/><REACH who="0" step="1"/><D18/><REACH who="0" ten="308,182,250,250" step="2"/><U9/><E19/><V47/><F4/><W38/><G121/><T28/><D28/><U43/><E116/><V87/><F120/><W131/><G131/><T64/><AGARI ba="1,1" hai="33,35,46,51,53,59,62,64,74,79,81,101,102,103" machi="64" ten="30,18000,2" yaku="1,1,0,1,52,2,53,2" doraHai="31" doraHaiUra="30" who="0" fromWho="0" sc="308,193,182,-61,250,-61,250,-61" /><INIT seed="0,2,0,1,1,95" ten="501,121,189,189" oya="0" hai0="66,9,13,28,104,50,122,112,131,125,107,27,34" hai1="15,88,10,0,89,133,123,97,2,126,49,96,70" hai2="26,47,127,69,54,121,3,99,109,135,80,24,42" hai3="17,100,72,7,128,6,63,40,120,51,67,134,5"/><T106/><D122/><U115/><E70/><V30/><F121/><W37/><G72/><T119/><D119/><U75/><BYE who="3" /><E75/><V1/><F135/><W19/><G19/><UN n3="%E3%82%A6%E3%83%AB%E3%83%88%E3%83%A9%E7%AB%8B%E7%9B%B4" /><T83/><D112/><U98/><E123/><V102/><F127/><W16/><G17/><T57/><D125/><U101/><E126/><V64/><F109/><W35/><G16/><T73/><D131/><U41/><E101/><V36/><F54/><W55/><G35/><T58/><D66/><U108/><E108/><V71/><F80/><W29/><G29/><T14/><D50/><U43/><E115/><V38/><F26/><W82/><G82/><T60/><D60/><U113/><E113/><V18/><F18/><W45/><G100/><T124/><D124/><U93/><E133/><V4/><F38/><W85/><G85/><T44/><D44/><N who="1" m="25743" /><E0/><N who="2" m="75" /><F4/><W11/><G134/><T130/><D130/><U76/><E2/><V110/><F64/><W114/><G128/><T132/><D132/><U61/><E76/><V103/><F103/><W53/><G114/><T116/><D116/><U79/><E79/><V21/><F21/><W117/><G117/><T56/><REACH who="0" step="1"/><D9/><REACH who="0" ten="491,121,189,189" step="2"/><U22/><E61/><V25/><F110/><W20/><G11/><T129/><D129/><U74/><E43/><V81/><F42/><W8/><G8/><T91/><D91/><N who="1" m="34891" /><E74/><V31/><F47/><N who="3" m="27903" /><G120/><T33/><D33/><U111/><E111/><V84/><F71/><N who="3" m="42495" /><G55/><T77/><AGARI ba="2,1" hai="13,14,27,28,34,56,57,58,73,77,83,104,106,107" machi="77" ten="40,7800,0" yaku="1,1,0,1,53,1" doraHai="95" doraHaiUra="78" who="0" fromWho="0" sc="491,94,121,-28,189,-28,189,-28" /><INIT seed="0,3,0,3,2,64" ten="585,93,161,161" oya="0" hai0="131,68,119,5,77,38,107,28,82,23,17,81,25" hai1="85,8,36,57,13,115,27,18,128,42,53,98,100" hai2="80,37,69,113,14,122,32,59,6,91,21,132,112" hai3="55,92,31,74,108,90,117,26,60,63,15,110,76"/><T67/><D119/><U130/><E42/><V135/><F32/><W58/><G117/><T109/><D107/><U46/><E36/><V103/><F37/><W33/><G15/><T48/><D38/><U83/><E46/><V61/><F122/><W87/><G76/><T86/><D5/><U75/><E75/><V0/><F103/><W7/><G7/><T72/><D131/><U11/><E115/><V106/><F106/><W29/><G29/><T51/><D109/><U30/><E130/><V121/><F121/><W4/><G4/><T52/><D51/><U24/><E30/><V120/><F120/><W116/><G116/><T45/><D67/><U89/><E8/><V9/><F91/><W70/><G74/><T22/><D68/><U73/><E73/><V12/><F80/><W20/><G33/><T88/><REACH who="0" step="1"/><D17/><REACH who="0" ten="575,93,161,161" step="2"/><U47/><E128/><V43/><F69/><W96/><G70/><T41/><D41/><U10/><E47/><V133/><F43/><W99/><G108/><T105/><D105/><U79/><E10/><V102/><F113/><W66/><G110/><T71/><D71/><U34/><E34/><AGARI ba="3,1" hai="22,23,25,28,34,45,48,52,72,77,81,82,86,88" machi="34" ten="30,11600,0" yaku="1,1,7,1,54,2,53,0" doraHai="64" doraHaiUra="134" who="0" fromWho="1" sc="575,135,93,-125,161,0,161,0" owari="710,81.0,-32,-53.0,161,-4.0,161,-24.0" /></mjloggm>