<mjloggm ver="2.3"><GO type="169" lobby="0"/><UN n0="%E5%A5%88%E8%90%BD%E3%81%AE%E7%8E%8B" n1="%E3%81%A8%E3%81%97%E3%81%9E%E3%81%85%40" n2="%E3%80%90%E7%BD%AA%E6%AD%8C%E3%80%91" n3="%E3%82%A6%E3%83%AB%E3%83%88%E3%83%A9%E7%AB%8B%E7%9B%B4" dan="16,16,18,18" rate="2134.22,2098.95,2266.80,2214.25" sx="M,M,F,M"/><TAIKYOKU oya="0"/><INIT seed="0,0,0,3,4,121" ten="250,250,250,250" oya="0" hai0="67,69,99,22,70,39,127,91,135,79,104,25,62" hai1="98,87,86,49,21,27,66,36,35,33,94,110,131" hai2="6,125,40,23,50,5,47,115,89,118,8,124,97" hai3="107,1,0,83,71,34,93,48,133,112,126,95,24"/><T51/><D39/><U84/><E36/><V96/><F115/><W128/><G48/><T76/><D70/><U16/><E131/><V74/><F74/><W105/><G83/><T75/><D75/><U100/><E66/><V73/><F73/><W65/><G65/><T29/><D135/><U30/><E110/><V132/><F132/><W117/><G24/><T109/><D127/><N who="2" m="48714" /><F118/><W4/><G4/><N who="2" m="1641" /><F8/><W18/><G18/><T41/><D109/><U13/><REACH who="1" step="1"/><E49/><REACH who="1" ten="250,240,250,250" step="2"/><V46/><F50/><W19/><G128/><T92/><REACH who="0" step="1"/><D104/><REACH who="0" ten="240,240,250,250" step="2"/><U123/><E123/><V28/><F47/><AGARI ba="0,2" hai="22,25,29,41,47,51,62,67,69,76,79,91,92,99" machi="47" ten="40,3900,0" yaku="1,1,2,1,53,0" doraHai="121" doraHaiUra="10" who="0" fromWho="2" sc="240,59,240,0,250,-39,250,0" /><INIT seed="0,1,0,2,1,91" ten="299,240,211,250" oya="0" hai0="132,72,53,74,97,58,118,56,88,65,109,27,0" hai1="99,121,129,38,83,3,25,87,39,134,80,100,126" hai2="1,78,77,107,79,29,94,55,61,24,90,127,93" hai3="7,46,117,48,130,41,95,37,71,85,54,62,116"/><T10/><D118/><U96/><E3/><V5/><F127/><W114/><G7/><T60/><D132/><U68/><E68/><V98/><F1/><W44/><G114/><T128/><D128/><U45/><E126/><V125/><F125/><W47/><G130/><T69/><D69/><U135/><E121/><V31/><F5/><W106/><G106/><T81/><D109/><U21/><E99/><N who="2" m="57783" /><F107/><W28/><G28/><T123/><D123/><U50/><E129/><V36/><F36/><W14/><G14/><T131/><D131/><U102/><E102/><N who="2" m="60759" /><F24/><W52/><G95/><T104/><D27/><U120/><E80/><V103/><F103/><W105/><G85/><T23/><D23/><U122/><E39/><V76/><N who="2" m="19456" /><DORA hai="6" /><V66/><F66/><N who="3" m="41431" /><G105/><T92/><D104/><U17/><E38/><V34/><F34/><W59/><G54/><T33/><D33/><U51/><E134/><V15/><F15/><W124/><G124/><T2/><D2/><U49/><E135/><V18/><F18/><W108/><G108/><T75/><D81/><U22/><E100/><V8/><F8/><W43/><G43/><T113/><D113/><U86/><E120/><V67/><F67/><W12/><G12/><T4/><REACH who="0" step="1"/><D74/><REACH who="0" ten="289,240,211,250" step="2"/><U20/><E122/><V19/><F19/><W40/><G40/><T30/><D30/><U101/><E17/><V82/><F82/><W42/><G42/><T9/><D9/><U35/><E83/><V112/><F112/><W89/><G116/><T63/><AGARI ba="1,1" hai="0,4,10,53,56,58,60,63,65,72,75,88,92,97" machi="63" ten="20,24000,3" yaku="1,1,0,1,7,1,52,2,54,1,53,2" doraHai="91,6" doraHaiUra="57,70" who="0" fromWho="0" sc="289,253,240,-81,211,-81,250,-81" /><INIT seed="0,2,0,4,3,26" ten="542,159,130,169" oya="0" hai0="77,11,94,3,127,115,131,124,108,36,78,50,89" hai1="56,20,101,0,53,91,18,31,21,61,37,126,88" hai2="130,55,87,122,81,79,134,16,40,92,25,135,62" hai3="95,93,129,125,35,69,75,17,86,100,119,1,84"/><T49/><D36/><U72/><E72/><V113/><F122/><W123/><G1/><T13/><D3/><U29/><E0/><V64/><F113/><W121/><G69/><T73/><D115/><U103/><E37/><V98/><F40/><W97/><G35/><T38/><D38/><U41/><E41/><V52/><F130/><W8/><G8/><T28/><D131/><U66/><E21/><N who="2" m="13479" /><F64/><W47/><G47/><T33/><D108/><U105/><E126/><V133/><F62/><W12/><G12/><T102/><D102/><AGARI ba="2,0" hai="52,55,79,81,87,92,98,102,133,134,135" m="13479" machi="102" ten="30,3900,0" yaku="20,1,54,2" doraHai="26" who="2" fromWho="0" sc="542,-45,159,0,130,45,169,0" /><INIT seed="1,0,0,0,1,61" ten="497,159,175,169" oya="1" hai0="68,109,44,107,111,82,94,127,112,113,49,20,67" hai1="40,51,122,48,121,24,102,66,129,124,52,98,13" hai2="59,41,108,4,14,78,58,36,105,21,75,26,72" hai3="54,106,37,93,2,86,128,70,76,50,8,42,47"/><U80/><E129/><V100/><F108/><N who="0" m="41546" /><D107/><U85/><E124/><V33/><F33/><W91/><G106/><T10/><D127/><U11/><E24/><V63/><F100/><W79/><G128/><T27/><D10/><U88/><E40/><V131/><F105/><W123/><G123/><T87/><D94/><U60/><E48/><V83/><F131/><W84/><G84/><T43/><D67/><U115/><E98/><V99/><F99/><W7/><REACH who="3" step="1"/><G70/><REACH who="3" ten="497,159,175,159" step="2"/><T3/><D68/><U126/><E126/><V95/><F75/><W92/><G92/><T0/><D113/><U16/><E115/><V62/><F95/><W34/><G34/><T103/><D112/><U104/><E104/><V132/><F72/><W134/><G134/><T97/><D87/><U22/><E102/><V9/><F132/><W90/><G90/><T130/><D130/><U1/><E122/><V77/><F83/><W6/><G6/><T38/><D82/><U133/><E121/><V116/><F4/><W23/><G23/><T18/><D103/><U135/><E22/><V25/><F21/><W73/><G73/><T64/><D97/><U5/><E5/><V110/><F110/><W30/><G30/><T28/><D28/><U81/><E81/><V96/><F96/><W45/><AGARI ba="0,1" hai="2,7,8,37,42,45,47,50,54,76,79,86,91,93" machi="45" ten="20,5200,0" yaku="1,1,0,1,7,1,53,1" doraHai="61" doraHaiUra="69" who="3" fromWho="3" sc="497,-13,159,-26,175,-13,159,62" /><INIT seed="2,0,0,4,2,84" ten="484,133,162,221" oya="2" hai0="36,122,6,12,124,87,25,74,120,46,65,113,52" hai1="81,68,106,86,66,60,58,48,15,49,20,96,92" hai2="16,8,38,2,53,128,79,111,24,127,71,110,107" hai3="133,61,129,10,104,37,132,14,130,108,98,56,51"/><V54/><F107/><W134/><G37/><T7/><D74/><U26/><E106/><V40/><F71/><W11/><G108/><N who="2" m="41513" /><F127/><W29/><G29/><T83/><D113/><U85/><E15/><N who="2" m="7271" /><F2/><W33/><G33/><T80/><D65/><U123/><E68/><V78/><F128/><N who="3" m="49259" /><G51/><T31/><D124/><U22/><E123/><V34/><F40/><W90/><G14/><T126/><D126/><U109/><E22/><V73/><F38/><W21/><G21/><T35/><D36/><U57/><E109/><V131/><F131/><W62/><G104/><T30/><D30/><U45/><E57/><V112/><F112/><W117/><G117/><T77/><D12/><U119/><E119/><V43/><F43/><W59/><G59/><T88/><D122/><U42/><E48/><V97/><F97/><W0/><G0/><T102/><D120/><U94/><E94/><V115/><F115/><W55/><G62/><T63/><D63/><U47/><E47/><V91/><F91/><W125/><G125/><T13/><D88/><N who="1" m="55303" /><E81/><N who="2" m="45263" /><F79/><W121/><G121/><T105/><D77/><U64/><E66/><V89/><F89/><W116/><G116/><T23/><D105/><U19/><AGARI ba="0,0" hai="19,20,26,42,45,49,58,60,64,85,86" m="55303" machi="19" ten="30,4000,0" yaku="8,1,52,1,54,1" doraHai="84" who="1" fromWho="1" sc="484,-10,133,40,162,-20,221,-10" /><INIT seed="3,0,0,3,4,95" ten="474,173,142,211" oya="3" hai0="48,65,106,49,53,110,7,87,22,120,17,72,55" hai1="104,28,68,12,112,105,54,86,109,131,42,60,66" hai2="80,20,75,30,121,37,44,73,31,118,47,11,128" hai3="41,116,99,18,70,135,45,3,46,50,67,5,69"/><W4/><G116/><T113/><D72/><U24/><E112/><V33/><F118/><W25/><G135/><T59/><D120/><U123/><E123/><V51/><F121/><W117/><G117/><T29/><D106/><U96/><E131/><V40/><F128/><W77/><G77/><T102/><D102/><U2/><E2/><V94/><F33/><W64/><G3/><T90/><D110/><U88/><E42/><V79/><F75/><W15/><G25/><T61/><D7/><U127/><E127/><V36/><F20/><W119/><G119/><T35/><D35/><U43/><E43/><V16/><F37/><W23/><G46/><T130/><D29/><U10/><E54/><N who="0" m="20489" /><D113/><U78/><E78/><V26/><F51/><W97/><G69/><T56/><D56/><U133/><E133/><V52/><F47/><W13/><G70/><T111/><D111/><U14/><E14/><V6/><F52/><W58/><G58/><T101/><D101/><N who="1" m="62503" /><E105/><V103/><F26/><W115/><G115/><T74/><D74/><U9/><E12/><V39/><F16/><N who="3" m="10639" /><G5/><T107/><D107/><U19/><E19/><V32/><F32/><W93/><G4/><T132/><D132/><U76/><E109/><V89/><F103/><N who="3" m="60847" /><G18/><T124/><D130/><U114/><E114/><V8/><F39/><W85/><G15/><N who="0" m="9535" /><D124/><U62/><E62/><V63/><F63/><W81/><G67/><T34/><D34/><N who="1" m="20743" /><E76/><V134/><F134/><W71/><G71/><T125/><D125/><U83/><AGARI ba="0,0" hai="9,10,60,66,68,83,86,88" m="20743,62503" machi="83" ten="30,4000,0" yaku="25,1,52,1,54,1" doraHai="95" who="1" fromWho="1" sc="474,-10,173,40,142,-10,211,-20" /><INIT seed="4,0,0,5,0,40" ten="464,213,132,191" oya="0" hai0="97,17,64,102,57,84,87,22,108,10,92,3,7" hai1="60,32,28,134,4,109,16,103,15,119,71,121,94" hai2="45,39,128,83,38,132,127,98,30,112,23,125,55" hai3="75,36,68,5,96,29,54,65,77,50,105,25,62"/><T99/><D108/><U113/><E109/><V26/><F112/><W85/><G5/><T118/><D118/><U42/><E121/><V106/><F132/><W67/><G67/><T76/><D76/><U110/><E110/><V120/><F120/><W33/><G36/><T80/><D80/><U31/><E4/><V8/><F8/><W0/><G0/><T86/><D99/><U114/><E32/><V88/><F128/><W79/><G85/><T1/><D1/><U2/><E2/><V20/><F20/><W104/><G75/><T21/><D17/><U6/><E6/><V111/><F111/><W34/><G34/><T93/><D93/><U46/><E119/><V73/><F106/><W129/><G129/><T91/><D102/><U101/><E60/><V13/><F13/><W82/><G82/><T44/><D22/><N who="1" m="11551" /><E71/><V72/><F72/><W27/><G27/><T49/><D21/><U37/><E134/><V89/><F39/><W133/><G133/><T69/><D69/><U131/><E131/><V11/><F11/><W41/><G41/><T81/><D81/><U126/><E126/><N who="2" m="48139" /><F98/><W124/><G124/><T70/><D70/><U52/><E113/><V18/><F30/><W74/><G74/><T14/><D3/><U56/><E31/><V19/><F19/><W35/><G35/><T43/><D97/><N who="1" m="59575" /><E28/><V115/><F115/><W123/><G123/><T12/><D12/><U48/><E114/><V9/><F9/><W58/><G105/><T107/><D107/><U95/><E95/><V59/><F73/><W61/><G61/><AGARI ba="0,0" hai="7,10,14,43,44,49,57,61,64,84,86,87,91,92" machi="61" ten="40,3900,0" yaku="8,1,52,1" doraHai="40" who="0" fromWho="3" sc="464,39,213,0,132,0,191,-39" /><INIT seed="4,1,0,2,4,97" ten="503,213,132,152" oya="0" hai0="93,28,85,128,129,116,40,112,36,72,123,54,2" hai1="53,78,55,60,94,59,95,33,58,133,113,30,80" hai2="74,34,135,20,35,98,81,14,25,86,62,91,9" hai3="87,49,110,101,17,23,38,26,18,125,76,88,29"/><T102/><D2/><U8/><E113/><V92/><F135/><W45/><G110/><T47/><D72/><U7/><E30/><V43/><F74/><W104/><G125/><T12/><D123/><U37/><E33/><V117/><F117/><W105/><G38/><T22/><D116/><U66/><E37/><V41/><F35/><W5/><G76/><T19/><D112/><U61/><E66/><V0/><F0/><W124/><G5/><T127/><D127/><U75/><REACH who="1" step="1"/><E133/><REACH who="1" ten="503,203,132,152" step="2"/><V57/><F34/><W50/><G124/><T10/><D28/><U79/><E79/><V111/><F111/><W108/><G108/><T16/><D36/><U48/><E48/><V6/><F25/><W96/><G50/><T77/><D77/><U89/><E89/><N who="2" m="51407" /><F20/><W52/><REACH who="3" step="1"/><G105/><REACH who="3" ten="503,203,132,142" step="2"/><T44/><D129/><U42/><E42/><V46/><F46/><W56/><G56/><T119/><D47/><U73/><E73/><V82/><F43/><W27/><G27/><T39/><D44/><U126/><E126/><V3/><F41/><W67/><G67/><T121/><D40/><U69/><E69/><V132/><F132/><W122/><G122/><T114/><D121/><U68/><E68/><V90/><F57/><W120/><G120/><T130/><D119/><U15/><AGARI ba="1,2" hai="7,8,15,53,55,58,59,60,61,75,78,80,94,95" machi="15" ten="20,5200,0" yaku="1,1,0,1,7,1,9,1,53,0" doraHai="97" doraHaiUra="71" who="1" fromWho="1" sc="503,-27,203,75,132,-14,142,-14" /><INIT seed="5,0,0,1,4,58" ten="476,278,118,128" oya="1" hai0="66,133,121,5,79,10,111,82,115,21,84,40,109" hai1="30,17,116,36,129,0,81,64,74,34,105,16,95" hai2="80,26,78,135,2,93,112,130,77,103,54,49,1" hai3="75,87,114,20,57,9,59,24,23,47,6,35,25"/><U28/><E105/><V122/><F122/><W29/><G75/><T38/><D121/><U99/><E116/><V124/><F124/><W127/><G127/><T61/><D115/><U119/><E119/><V108/><F108/><W18/><G114/><T15/><D133/><U104/><E104/><V102/><F112/><W86/><G35/><T19/><D40/><U132/><E132/><V117/><F117/><W92/><G47/><T37/><D37/><U22/><E0/><V76/><F130/><W43/><G43/><T107/><D38/><U85/><E36/><V97/><F135/><W32/><G32/><T98/><D98/><U123/><E74/><V27/><F103/><W94/><G92/><T8/><D8/><U56/><E34/><V39/><F39/><W72/><G72/><T50/><D50/><U45/><E45/><V106/><F106/><W101/><G101/><T3/><D107/><U125/><E125/><V44/><F2/><W67/><G94/><T62/><D62/><N who="1" m="37959" /><E129/><V126/><F1/><W89/><G89/><T53/><D53/><U41/><E41/><V88/><REACH who="2" step="1"/><F126/><REACH who="2" ten="476,278,108,128" step="2"/><W118/><G118/><T73/><D111/><U14/><E123/><V71/><F71/><W90/><G67/><T96/><D109/><U70/><E70/><V134/><F134/><W31/><G90/><T48/><D3/><U51/><E99/><V60/><F60/><W42/><G87/><AGARI ba="0,1" hai="26,27,44,49,54,76,77,78,80,87,88,93,97,102" machi="87" ten="40,8000,1" yaku="1,1,8,1,54,1,53,1" doraHai="58" doraHaiUra="83" who="2" fromWho="3" sc="476,0,278,0,108,90,128,-80" /><INIT seed="6,0,0,4,4,119" ten="476,278,198,48" oya="2" hai0="54,45,16,57,81,89,2,106,71,9,56,27,12" hai1="10,97,19,50,135,84,72,38,99,124,73,133,111" hai2="55,0,98,42,110,7,58,118,108,96,36,21,34" hai3="126,70,76,64,67,63,129,86,20,82,18,123,78"/><V88/><F34/><W53/><G126/><T117/><D71/><U41/><E38/><V77/><F118/><W114/><G129/><T103/><D117/><U131/><E131/><V17/><F77/><W24/><G67/><T15/><D2/><U85/><E111/><V30/><F30/><W93/><G114/><T79/><D103/><U35/><E35/><V62/><F7/><W6/><G6/><T107/><D89/><U105/><E105/><V1/><F96/><W132/><G132/><T80/><D80/><U90/><E19/><V92/><F42/><W128/><G128/><T91/><D91/><U28/><E41/><V66/><F36/><W134/><G134/><T125/><D27/><U52/><E28/><V11/><F11/><W31/><G93/><T23/><D125/><U120/><E10/><V60/><F110/><W40/><G40/><T83/><D83/><U74/><E124/><V22/><F22/><W39/><G39/><T94/><D94/><U102/><E99/><V101/><F101/><W43/><G43/><T115/><D115/><U121/><E97/><V8/><F8/><W116/><G116/><T127/><D127/><U61/><E102/><V44/><F44/><W59/><G31/><T25/><D107/><U26/><E135/><V95/><F95/><W14/><G24/><T122/><D106/><U109/><E109/><V5/><F5/><W4/><G4/><T29/><D25/><U37/><E133/><V100/><F100/><W75/><G123/><T68/><D122/><U113/><E121/><V49/><F108/><W130/><G130/><RYUUKYOKU ba="0,0" sc="476,0,278,0,198,0,48,0" /><INIT seed="7,1,0,4,5,21" ten="476,278,198,48" oya="3" hai0="46,68,94,28,33,76,48,113,5,64,49,106,12" hai1="102,32,54,84,53,4,75,117,98,44,10,45,39" hai2="78,129,123,89,100,35,27,30,20,103,80,116,88" hai3="55,104,0,114,38,127,67,17,72,121,6,24,70"/><W15/><G121/><T62/><D106/><U59/><E32/><V132/><F116/><W119/><G119/><T50/><D113/><U71/><E71/><V109/><F109/><W11/><G114/><T56/><D68/><U130/><E75/><V40/><F132/><W86/><G72/><T41/><D76/><U131/><E84/><V96/><F129/><N who="1" m="49161" /><E53/><V60/><F123/><W13/><G127/><T7/><D33/><U36/><E45/><V57/><F40/><W14/><G104/><T26/><D28/><U77/><E44/><V74/><F35/><W73/><G73/><T128/><D128/><U23/><E23/><V111/><F111/><W134/><G134/><T99/><D26/><U105/><E77/><V125/><F125/><W31/><G55/><T42/><D42/><U92/><E92/><V135/><F135/><W34/><G86/><T43/><D43/><U82/><E82/><V51/><F51/><N who="0" m="19530" /><D12/><N who="3" m="4713" /><G38/><T18/><D18/><U83/><E117/><V81/><F81/><W9/><G67/><T133/><D133/><U112/><E83/><V95/><F103/><AGARI ba="1,0" hai="5,7,41,46,50,56,62,64,94,99,103" m="19530" machi="103" ten="30,1000,0" yaku="8,1" doraHai="21" who="0" fromWho="2" sc="476,13,278,0,198,-13,48,0" owari="489,58.0,278,8.0,185,-21.0,48,-45.0" /></mjloggm>