<mjloggm ver="2.3"><GO type="41" lobby="0"/><UN n0="%68%61%74%61%68%69%74%6F" n1="%E5%B0%B1%E6%B4%BB%E7%94%9F%40%E5%B7%9D%E6%9D%91%E8%BB%8D%E5%9B%A3" n2="%E9%AD%94%E6%B3%95%E5%B0%91%E5%A5%B3%E7%9C%9F%E5%B8%86" n3="%73%75%6D%61%75" dan="15,14,15,15" rate="2002.64,1940.17,2069.41,2033.55" sx="M,M,M,M"/><TAIKYOKU oya="0"/><INIT seed="0,0,0,3,1,132" ten="250,250,250,250" oya="0" hai0="10,27,124,40,102,57,23,97,88,50,135,80,38" hai1="120,2,126,6,122,15,46,65,127,101,104,39,9" hai2="116,98,34,74,14,60,83,84,108,5,62,25,121" hai3="49,45,11,16,100,125,134,78,69,110,117,30,79"/><T4/><D38/><U72/><E65/><V93/><F116/><W56/><G117/><T43/><D135/><U86/><E72/><V41/><F74/><W66/><G134/><T99/><D124/><N who="1" m="47659" /><E86/><V119/><F119/><W130/><G125/><T28/><D99/><N who="1" m="61503" /><E15/><V1/><F98/><W128/><G66/><T37/><D37/><U55/><E39/><V3/><F14/><W77/><G128/><T75/><D75/><U71/><E71/><V70/><F84/><W36/><G69/><T54/><D80/><U112/><E112/><V26/><F83/><W109/><G36/><T85/><D102/><U73/><E73/><V92/><F70/><W58/><G130/><T29/><D29/><U59/><E46/><V8/><F1/><W113/><G100/><T33/><D33/><U0/><E0/><V22/><F34/><W111/><G113/><T76/><D76/><U81/><E81/><V106/><F3/><W47/><G30/><T68/><D68/><U105/><E105/><V63/><F106/><W131/><G47/><T91/><D97/><U94/><E94/><V95/><F93/><W82/><G82/><N who="0" m="49207" /><D91/><U133/><E133/><V7/><F95/><W24/><G131/><T35/><D35/><U129/><E129/><V96/><F92/><W123/><G110/><T107/><D107/><U51/><AGARI ba="0,0" hai="2,6,9,51,55,59,120,122" m="61503,47659" machi="51" ten="30,7900,0" yaku="18,1,52,3" doraHai="132" who="1" fromWho="1" sc="250,-39,250,79,250,-20,250,-20" /><INIT seed="1,0,0,4,5,59" ten="211,329,230,230" oya="1" hai0="42,49,94,78,100,38,47,106,17,90,56,18,131" hai1="126,79,101,28,120,65,22,31,40,103,2,117,92" hai2="128,12,97,96,26,57,48,114,41,77,52,98,89" hai3="135,24,93,130,129,69,39,108,36,134,21,50,3"/><U118/><E120/><V0/><F114/><W7/><G93/><T68/><D131/><N who="3" m="50185" /><G50/><T84/><D68/><U95/><E2/><V111/><F0/><W9/><G69/><T15/><D78/><U81/><E126/><V6/><F111/><W30/><G39/><T8/><D100/><U107/><E40/><V10/><F128/><W104/><G36/><T71/><D71/><U45/><E45/><V19/><F77/><W83/><G83/><T132/><D132/><N who="3" m="50729" /><G104/><T74/><D74/><U4/><E4/><V112/><F41/><W122/><G108/><T58/><D106/><U88/><E65/><V116/><F112/><W70/><G70/><T53/><D58/><U54/><E54/><V35/><F89/><W25/><G24/><T60/><D38/><U82/><E107/><V99/><F99/><W102/><G102/><T76/><D76/><U67/><E67/><V14/><F98/><W51/><G51/><T125/><D125/><U1/><E79/><V115/><F115/><W23/><G122/><T113/><D113/><U73/><E73/><V110/><F110/><W85/><G85/><T80/><D80/><U66/><E66/><V127/><F97/><W109/><G109/><T29/><D29/><U75/><E75/><V87/><F96/><W44/><G44/><T61/><D18/><U91/><E1/><V11/><F87/><W86/><G86/><T43/><D47/><U32/><E32/><AGARI ba="0,0" hai="3,7,9,21,23,25,30,32" m="50729,50185" machi="32" ten="30,7700,0" yaku="19,1,20,1,34,2" doraHai="59" who="3" fromWho="1" sc="211,0,329,-77,230,0,230,77" /><INIT seed="2,0,0,1,2,36" ten="211,252,230,307" oya="2" hai0="112,39,92,57,117,17,124,13,79,86,69,123,118" hai1="128,121,19,29,9,22,98,6,122,15,67,2,0" hai2="66,48,23,103,88,1,61,82,73,93,108,125,95" hai3="52,12,37,27,51,87,133,90,120,65,109,97,45"/><V129/><F1/><W75/><G120/><N who="1" m="46186" /><E67/><V56/><F108/><W35/><G109/><T10/><D123/><U54/><E54/><V130/><F125/><W135/><G75/><T30/><D124/><U33/><E98/><V116/><F116/><W89/><G37/><T43/><D69/><U50/><E50/><V113/><F113/><W60/><G12/><T21/><D112/><U64/><E64/><V110/><F110/><W53/><G27/><T25/><D57/><U47/><E47/><V106/><F23/><W80/><G35/><T119/><D39/><U44/><E44/><V76/><F48/><W77/><G97/><T62/><D62/><U49/><E49/><V107/><F95/><W102/><G102/><T101/><D101/><U32/><E128/><N who="2" m="49259" /><F103/><W68/><G53/><T59/><D59/><U114/><E114/><V5/><F5/><W134/><AGARI ba="0,0" hai="45,51,52,60,65,68,77,80,87,89,90,133,134,135" machi="134" ten="30,4000,0" yaku="0,1,20,1,54,1" doraHai="36" who="3" fromWho="3" sc="211,-10,252,-10,230,-20,307,40" /><INIT seed="3,0,0,5,4,102" ten="201,242,210,347" oya="3" hai0="43,67,88,22,23,37,54,90,124,53,77,129,109" hai1="76,11,95,113,85,81,114,18,35,118,93,73,19" hai2="135,127,78,96,0,40,49,17,62,103,56,84,108" hai3="72,82,64,3,29,51,20,26,36,34,126,13,131"/><W47/><G36/><T112/><D109/><U86/><E35/><V59/><F0/><W104/><G126/><T28/><D129/><U106/><E11/><V39/><F127/><W98/><G131/><T42/><D124/><U100/><E19/><V63/><F39/><W50/><G64/><T61/><D37/><U27/><E18/><V115/><F115/><N who="1" m="44041" /><E27/><V70/><F70/><W89/><G3/><T5/><D112/><U41/><E41/><V12/><F135/><W92/><G13/><T130/><D130/><U94/><E118/><V91/><F78/><N who="3" m="44359" /><G47/><T110/><D110/><U71/><E71/><V32/><F32/><W121/><G121/><T117/><D117/><U55/><E55/><V46/><F108/><W33/><G34/><T31/><D67/><U1/><E1/><V122/><F122/><W125/><G125/><T68/><D68/><U14/><E14/><V123/><F123/><W44/><G44/><T74/><D77/><U80/><E80/><N who="2" m="49543" /><F59/><W57/><G33/><T10/><D74/><U87/><E73/><V128/><F56/><W83/><G57/><T16/><D5/><U38/><E38/><V25/><F128/><W111/><G83/><T79/><D79/><U2/><E2/><V15/><F15/><W134/><G111/><T21/><D10/><U58/><E58/><V45/><F45/><W65/><G65/><T132/><D132/><U6/><E6/><V105/><F25/><W116/><G134/><T52/><D61/><U101/><E101/><V69/><F69/><W60/><G116/><T133/><D133/><U7/><E7/><RYUUKYOKU ba="0,0" sc="201,-15,242,15,210,15,347,-15" hai1="76,81,85,86,87,93,94,95,100,106" hai2="12,17,40,46,49,62,63,96,103,105" /><INIT seed="4,1,0,0,0,112" ten="186,257,225,332" oya="0" hai0="73,68,130,59,102,89,16,84,128,19,35,41,113" hai1="8,64,7,97,57,50,101,38,28,125,81,49,11" hai2="14,94,27,30,95,127,4,93,2,77,88,123,76" hai3="134,133,33,40,34,17,6,22,92,39,103,135,71"/><T98/><D68/><U86/><E38/><V85/><F2/><W132/><G71/><T46/><D73/><U129/><E129/><V69/><F69/><W122/><G6/><T87/><D35/><U79/><E125/><V45/><F127/><W99/><G122/><T114/><D59/><U61/><E28/><V43/><F123/><W13/><N who="3" m="33792" /><DORA hai="110" /><W75/><G75/><T116/><D116/><U15/><REACH who="1" step="1"/><E8/><REACH who="1" ten="186,247,225,332" step="2"/><V120/><F120/><W78/><G39/><N who="0" m="21823" /><D128/><U42/><E42/><V105/><F43/><W31/><G40/><T91/><D130/><U26/><E26/><V100/><F30/><W36/><G36/><T66/><D66/><U3/><E3/><V104/><F27/><W12/><G31/><T108/><D108/><U44/><E44/><V106/><F45/><W63/><G12/><T21/><D21/><U107/><AGARI ba="1,1" hai="7,11,15,49,50,57,61,64,79,81,86,97,101,107" machi="107" ten="20,5200,0" yaku="1,1,0,1,7,1,53,1" doraHai="112,110" doraHaiUra="70,83" who="1" fromWho="1" sc="186,-27,247,65,225,-14,332,-14" /><INIT seed="5,0,0,5,1,29" ten="159,312,211,318" oya="1" hai0="55,123,95,119,94,122,42,80,105,110,108,2,124" hai1="93,11,98,72,18,60,103,77,43,69,4,17,13" hai2="28,104,58,39,90,59,73,7,100,92,114,26,74" hai3="35,76,10,128,47,19,118,96,63,121,33,37,91"/><U84/><E72/><V1/><F39/><W66/><G121/><T51/><D2/><U127/><E127/><V67/><F100/><W54/><G128/><T130/><D105/><U131/><E131/><V101/><F104/><W62/><G76/><T109/><D130/><U5/><E69/><V0/><F101/><W53/><G118/><T111/><D42/><U22/><E43/><V135/><F135/><W49/><G37/><T20/><D124/><U6/><E60/><V48/><F59/><W44/><G96/><T85/><D20/><U64/><E64/><V68/><F68/><W25/><G91/><T88/><D119/><U40/><E40/><V61/><F48/><W57/><G63/><T87/><D87/><U115/><E115/><V79/><F114/><W14/><G25/><T83/><D83/><N who="1" m="47215" /><E18/><V3/><F7/><W65/><REACH who="3" step="1"/><G65/><REACH who="3" ten="159,312,211,308" step="2"/><T125/><D125/><U21/><AGARI ba="0,1" hai="4,5,6,11,13,17,21,22,93,98,103" m="47215" machi="21" ten="30,1500,0" yaku="8,1" doraHai="29" who="1" fromWho="1" sc="159,-5,312,25,211,-5,308,-5" /><INIT seed="5,1,0,2,0,68" ten="154,337,206,303" oya="1" hai0="80,50,127,20,92,10,24,60,102,79,113,63,64" hai1="29,112,15,4,39,11,17,111,6,120,97,90,9" hai2="114,35,44,134,96,36,55,72,48,107,121,118,94" hai3="57,58,129,84,83,122,28,5,104,123,86,115,12"/><U87/><E120/><V33/><F107/><W43/><G104/><T7/><D127/><U100/><E112/><V99/><F72/><W31/><G115/><T76/><D113/><U124/><E124/><V21/><F121/><W14/><G43/><T91/><D102/><U109/><E39/><V117/><F114/><W81/><G5/><T22/><D50/><U98/><E29/><V75/><F75/><W26/><G26/><T41/><D41/><U135/><E135/><V70/><F36/><W16/><G129/><T61/><D64/><U71/><E71/><V119/><F70/><W133/><G16/><T62/><D22/><U52/><E52/><V0/><F0/><W101/><REACH who="3" step="1"/><G101/><REACH who="3" ten="154,337,206,293" step="2"/><T93/><D24/><U88/><E100/><V132/><F119/><W89/><G89/><T27/><D91/><U32/><E90/><V130/><F118/><W45/><G45/><T40/><D40/><U73/><E32/><V25/><F130/><W19/><G19/><T106/><D106/><U82/><E17/><N who="2" m="12463" /><F117/><W46/><G46/><T126/><D126/><U2/><REACH who="1" step="1"/><E73/><REACH who="1" ten="154,327,206,293" step="2"/><V13/><F35/><W77/><G77/><T125/><D79/><U8/><E8/><V3/><F33/><W18/><G18/><T116/><D125/><U66/><E66/><V67/><F67/><W1/><G1/><T53/><D116/><U65/><E65/><V69/><F3/><W103/><G103/><T54/><D7/><U30/><E30/><V38/><F69/><W85/><G85/><T59/><D27/><U34/><E34/><V42/><F132/><AGARI ba="1,2" hai="12,14,28,31,57,58,81,83,84,86,122,123,132,133" machi="132" ten="25,3200,0" yaku="1,1,22,2,53,0" doraHai="68" doraHaiUra="105" who="3" fromWho="2" sc="154,0,327,0,206,-35,293,55" /><INIT seed="6,0,0,4,5,23" ten="154,327,171,348" oya="2" hai0="91,102,61,53,32,115,135,64,121,74,15,73,122" hai1="35,60,50,101,118,11,68,119,111,30,90,28,8" hai2="80,89,133,92,77,13,81,24,17,7,88,63,49" hai3="39,130,75,98,97,113,42,55,96,52,67,120,19"/><V59/><F133/><W83/><G120/><T106/><D115/><U46/><E111/><V94/><F49/><W72/><G113/><T93/><D135/><U123/><E123/><V27/><F7/><W103/><G130/><T79/><D121/><U109/><E109/><V16/><F77/><W65/><G42/><T129/><D129/><U0/><E101/><V112/><F112/><W5/><G5/><T86/><D122/><U20/><E35/><V127/><F127/><W114/><G114/><T40/><D40/><U128/><E128/><V124/><F124/><W125/><G125/><T62/><D32/><U21/><E90/><N who="2" m="34923" /><F17/><W29/><G103/><T36/><D36/><U37/><E37/><V116/><F116/><W87/><G29/><T84/><D15/><U26/><E60/><V10/><F94/><W2/><G2/><T12/><D12/><U126/><E68/><V3/><F92/><W108/><G39/><T48/><D62/><U117/><E126/><V107/><F107/><W45/><G108/><T34/><D34/><U100/><E100/><V104/><F104/><W66/><G19/><T25/><D25/><N who="2" m="9802" /><F3/><W44/><G75/><T70/><D102/><U43/><E0/><V95/><F95/><W82/><G72/><T99/><D106/><U57/><E57/><V54/><AGARI ba="0,0" hai="10,13,16,54,59,63,80,81" m="9802,34923" machi="54" ten="30,18000,2" yaku="8,1,52,3,54,2" doraHai="23" who="2" fromWho="2" sc="154,-60,327,-60,171,180,348,-60" /><INIT seed="6,1,0,1,2,44" ten="94,267,351,288" oya="2" hai0="132,48,127,98,33,114,20,51,111,17,101,85,93" hai1="135,46,70,100,5,19,52,49,40,65,95,81,108" hai2="97,30,120,53,18,121,22,72,31,66,63,87,14" hai3="43,115,80,89,105,83,125,74,10,61,106,109,73"/><V0/><F72/><N who="3" m="27755" /><G10/><T113/><D111/><U75/><E108/><V42/><F0/><W119/><G61/><T47/><D33/><U88/><E135/><V13/><F53/><W32/><G43/><T38/><D132/><U2/><E2/><V69/><F97/><W123/><G32/><T131/><D131/><U12/><E5/><V104/><F104/><N who="3" m="40043" /><G109/><T8/><D8/><N who="1" m="6535" /><E75/><V103/><F42/><W94/><G123/><T55/><D127/><U86/><E70/><V134/><F134/><W6/><G6/><T71/><D71/><U102/><E65/><V35/><F14/><W34/><G34/><T25/><D85/><N who="1" m="50223" /><E40/><V117/><F121/><W92/><G119/><T15/><D38/><U77/><E77/><V37/><F117/><W107/><N who="3" m="40051" /><W21/><DORA hai="91" /><G21/><T50/><REACH who="0" step="1"/><D25/><REACH who="0" ten="84,267,351,288" step="2"/><U76/><E76/><V110/><F35/><W116/><G125/><T128/><D128/><U133/><E133/><V99/><F110/><W11/><G116/><T78/><D78/><U4/><E4/><V60/><F120/><W130/><G130/><T118/><D118/><U29/><E29/><V67/><F31/><W129/><G129/><T26/><D26/><U84/><E84/><V79/><F30/><W90/><G115/><AGARI ba="1,1" hai="15,17,20,47,48,50,51,55,93,98,101,113,114,115" machi="115" ten="40,12000,2" yaku="1,1,15,1,52,4,53,0" doraHai="44,91" doraHaiUra="7,126" who="0" fromWho="3" sc="84,133,267,0,351,0,288,-123" /><INIT seed="7,0,0,4,0,57" ten="217,267,351,165" oya="3" hai0="25,69,4,93,47,8,113,29,75,97,33,108,50" hai1="13,114,65,131,68,56,116,102,84,1,30,9,111" hai2="52,40,49,87,70,19,77,3,125,59,83,22,26" hai3="64,76,71,41,0,94,18,79,98,106,100,53,31"/><W39/><G0/><T61/><D108/><U91/><E68/><V127/><F70/><W60/><G31/><T15/><D113/><U104/><E1/><V11/><F40/><W101/><G18/><T55/><D75/><U134/><E111/><V6/><AGARI ba="0,0" hai="3,6,11,19,22,26,49,52,59,77,83,87,125,127" machi="6" ten="30,2000,0" yaku="0,1,54,1" doraHai="57" who="2" fromWho="2" sc="217,-5,267,-5,351,20,165,-10" owari="212,-19.0,262,6.0,371,47.0,155,-34.0" /></mjloggm>