<mjloggm ver="2.3"><GO type="97" lobby="0"/><UN n0="%35%35%35%35%35" n1="%E5%B0%B1%E6%B4%BB%E7%94%9F%40%E5%B7%9D%E6%9D%91%E8%BB%8D%E5%9B%A3" n2="%E6%96%AD%E5%B9%BA%E3%83%89%E3%83%A9%33" n3="%74%6F%6E%6E%64%61%67%6F" dan="15,15,15,13" rate="1970.25,2027.62,2008.32,1819.53" sx="M,M,M,F"/><TAIKYOKU oya="0"/><INIT seed="0,0,0,4,5,88" ten="250,250,250,250" oya="0" hai0="64,117,28,59,15,109,18,56,86,71,106,123,81" hai1="50,126,31,80,82,48,7,26,10,93,6,34,14" hai2="73,27,3,40,16,9,108,60,103,42,19,24,67" hai3="99,41,75,30,125,98,39,105,1,79,77,128,8"/><T134/><D117/><U46/><E126/><V62/><F73/><W13/><G1/><T122/><D106/><U91/><E7/><V58/><F108/><W32/><G128/><T127/><D127/><U65/><E65/><V43/><F103/><W130/><G130/><T104/><D104/><U4/><E4/><V53/><F3/><W119/><G98/><T66/><D28/><U90/><E90/><V115/><F115/><W83/><G79/><T57/><D134/><U25/><E25/><N who="2" m="9803" /><F9/><W118/><G30/><T70/><D109/><U111/><E111/><V124/><F124/><W131/><G32/><T97/><D97/><U61/><E61/><V55/><F67/><W20/><G20/><T74/><D74/><U36/><E36/><V37/><F37/><W121/><G121/><T11/><D66/><U114/><E114/><V101/><F101/><W135/><G135/><T116/><D116/><U44/><E44/><V92/><F92/><W84/><G75/><T113/><D113/><U2/><E2/><V51/><F60/><W95/><G105/><T87/><D64/><U96/><REACH who="1" step="1"/><E50/><REACH who="1" ten="250,240,250,250" step="2"/><V78/><F78/><W102/><G125/><T133/><D123/><U21/><E21/><V120/><F120/><W85/><G131/><T35/><D122/><U5/><E5/><V33/><F33/><W38/><G38/><T89/><D133/><U23/><E23/><V45/><AGARI ba="0,1" hai="16,19,40,42,43,45,51,53,55,58,62" m="9803" machi="45" ten="30,2000,0" yaku="8,1,54,1" doraHai="88" who="2" fromWho="2" sc="250,-10,240,-5,250,30,250,-5" /><INIT seed="1,0,0,4,4,101" ten="240,235,280,245" oya="1" hai0="109,29,32,83,43,30,46,51,19,80,127,4,69" hai1="39,135,14,78,93,16,58,113,94,100,122,5,49" hai2="61,133,95,76,90,22,99,112,28,41,92,59,10" hai3="57,2,0,89,97,15,6,45,131,123,60,98,65"/><U110/><E122/><V126/><F133/><W27/><G131/><T55/><D69/><U3/><E39/><V129/><F129/><W74/><G74/><T17/><D109/><U21/><E113/><V107/><F126/><W128/><G123/><T42/><D4/><U114/><E114/><V20/><F76/><W44/><G2/><T18/><D127/><U96/><E135/><V70/><F70/><W124/><G0/><T52/><D32/><U62/><E110/><V125/><F125/><W71/><G128/><T26/><D26/><U25/><E3/><V53/><F112/><W102/><G71/><T68/><D68/><U81/><E49/><V8/><F41/><W130/><G130/><T104/><D104/><U132/><E132/><V79/><F79/><W87/><G27/><T24/><D24/><U72/><E14/><V121/><F121/><W64/><G64/><T117/><D117/><U120/><E120/><V66/><F107/><W88/><G124/><T40/><D55/><U13/><E13/><V56/><F95/><N who="3" m="54687" /><G89/><T103/><D103/><U33/><E33/><V63/><F28/><AGARI ba="0,0" hai="17,18,19,28,29,30,40,42,43,46,51,52,80,83" machi="28" ten="40,2600,0" yaku="8,1,54,1" doraHai="101" who="0" fromWho="2" sc="240,26,235,0,280,-26,245,0" /><INIT seed="2,0,0,3,0,116" ten="266,235,254,245" oya="2" hai0="76,88,32,108,120,21,101,56,28,53,17,130,74" hai1="96,72,27,31,73,135,118,104,77,10,52,70,23" hai2="94,62,133,38,115,99,16,22,67,128,43,71,102" hai3="58,46,106,41,9,107,119,61,93,12,25,4,131"/><V0/><F115/><W78/><G131/><T110/><D101/><U57/><E118/><V11/><F133/><W3/><G119/><T7/><D7/><U69/><E135/><V100/><F128/><W55/><G3/><T18/><D130/><U86/><E86/><V44/><F11/><W89/><G78/><T24/><D18/><U75/><E77/><V20/><F0/><W80/><G80/><T51/><D74/><U47/><E47/><V42/><F42/><W50/><G25/><N who="0" m="14511" /><D76/><U122/><E122/><V85/><F85/><AGARI ba="0,0" hai="4,9,12,41,46,50,55,58,61,85,89,93,106,107" machi="85" ten="30,1000,0" yaku="7,1" doraHai="116" who="3" fromWho="2" sc="266,0,235,0,254,-10,245,10" /><INIT seed="3,0,0,3,4,64" ten="266,235,244,255" oya="3" hai0="15,79,45,65,54,48,4,2,110,28,6,114,81" hai1="100,21,130,27,24,11,51,115,122,17,67,63,69" hai2="36,12,37,0,68,102,41,40,19,10,76,133,29" hai3="13,72,44,103,92,101,113,49,91,58,66,97,83"/><W87/><G113/><T90/><D2/><U14/><E115/><V116/><F116/><W105/><G101/><T111/><D114/><U125/><E130/><V121/><F133/><W82/><G13/><T98/><D28/><U135/><E125/><V31/><F0/><W73/><G58/><T53/><D53/><U5/><E135/><V94/><F68/><W38/><G38/><T123/><D65/><U32/><E122/><V55/><F76/><W132/><G66/><T131/><D131/><U86/><E100/><V74/><F74/><N who="3" m="28779" /><G49/><T23/><D123/><U56/><E32/><V59/><F37/><W1/><G44/><T25/><D98/><U128/><E128/><V52/><F55/><W16/><G16/><T70/><D90/><U109/><E109/><V95/><F121/><W7/><G7/><T127/><D70/><U88/><E51/><N who="2" m="31135" /><F36/><W78/><G1/><T30/><D110/><U117/><E117/><V46/><F46/><W84/><G132/><T96/><D111/><U71/><E27/><V18/><F18/><W42/><G42/><N who="2" m="16489" /><F102/><W106/><AGARI ba="0,0" hai="78,82,83,84,87,91,92,97,103,105,106" m="28779" machi="106" ten="30,12000,1" yaku="35,5" doraHai="64" who="3" fromWho="3" sc="266,-40,235,-40,244,-40,255,120" owari="226,3.0,195,-30.0,204,-20.0,375,47.0" /></mjloggm>