<mjloggm ver="2.3"><GO type="41" lobby="0"/><UN n0="%E3%82%82%E3%82%82%E3%82%82%E3%81%A3%E3%81%B5" n1="%E3%82%A2%E3%83%BC%E3%82%AF" n2="%E5%B0%B1%E6%B4%BB%E7%94%9F%40%E5%B7%9D%E6%9D%91%E8%BB%8D%E5%9B%A3" n3="%48%41%59%41%54%54%49" dan="13,14,14,13" rate="1997.00,1887.84,1964.69,1953.93" sx="M,M,M,M"/><TAIKYOKU oya="0"/><INIT seed="0,0,0,0,0,132" ten="250,250,250,250" oya="0" hai0="65,1,26,62,53,106,97,76,41,2,104,112,84" hai1="102,126,79,74,113,93,87,123,69,34,81,27,28" hai2="128,125,124,108,18,115,36,40,16,3,110,111,72" hai3="80,44,129,50,42,83,66,38,82,109,59,33,70"/><T5/><D41/><U57/><E126/><N who="2" m="48747" /><F72/><W120/><G33/><T77/><D53/><U8/><E123/><V7/><F115/><W56/><G120/><T13/><D13/><U0/><E69/><V29/><F128/><W64/><G109/><T52/><D52/><U88/><E113/><V117/><F117/><W96/><G129/><T73/><D112/><U121/><E121/><V133/><F133/><W10/><G70/><T118/><D118/><U12/><E0/><V68/><F68/><W95/><G10/><T114/><D114/><U130/><E130/><V9/><F36/><W101/><G38/><T99/><D62/><U23/><E57/><AGARI ba="0,0" hai="42,44,50,56,57,59,64,66,80,82,83,95,96,101" machi="57" ten="40,1300,0" yaku="8,1" doraHai="132" who="3" fromWho="1" sc="250,0,250,-13,250,0,250,13" /><INIT seed="1,0,0,2,1,111" ten="250,237,250,263" oya="1" hai0="34,28,94,135,90,4,103,40,47,42,129,59,23" hai1="20,89,6,108,117,15,79,38,30,9,58,127,83" hai2="118,16,37,124,86,33,69,61,31,21,100,78,72" hai3="85,26,52,46,134,101,107,60,11,65,128,36,67"/><U0/><E117/><V109/><F37/><W68/><G67/><T122/><D34/><U130/><E38/><V84/><F109/><W70/><G134/><T121/><D4/><U55/><E108/><V102/><F118/><W50/><G128/><T113/><D28/><U110/><E110/><V2/><F2/><W106/><G26/><T76/><D23/><U115/><E130/><V95/><F124/><W133/><G133/><T87/><D129/><U35/><E127/><V1/><F1/><W71/><G11/><T54/><D135/><U73/><E89/><V43/><F43/><N who="3" m="22887" /><G85/><T99/><D76/><U77/><E77/><V126/><F126/><W131/><G131/><T96/><D96/><U82/><E82/><V56/><F69/><N who="3" m="42151" /><G101/><T75/><D75/><U7/><E115/><V41/><F41/><W80/><G80/><T62/><D113/><U123/><E123/><N who="0" m="47113" /><D47/><U25/><E7/><V22/><F33/><W19/><G19/><T17/><D17/><N who="1" m="10303" /><E58/><AGARI ba="0,0" hai="50,52,58,68,70,71,106,107" m="42151,22887" machi="58" ten="30,2000,0" yaku="24,1,54,1" doraHai="111" who="3" fromWho="1" sc="250,0,237,-20,250,0,263,20" /><INIT seed="2,0,0,5,4,77" ten="250,217,250,283" oya="2" hai0="115,116,9,8,24,98,84,91,112,114,75,70,134" hai1="129,61,109,106,101,5,93,20,64,80,57,59,92" hai2="95,21,22,78,118,72,60,36,99,133,108,88,2" hai3="131,119,44,103,38,14,89,66,53,25,126,58,63"/><V43/><F118/><W19/><G103/><T23/><D70/><U81/><E129/><V41/><F2/><W40/><G119/><T94/><D116/><U17/><E109/><V4/><F133/><W6/><G131/><T12/><D134/><U35/><E35/><V42/><F108/><W110/><G110/><T56/><D75/><U113/><E113/><V48/><F36/><W37/><G126/><T68/><D68/><U49/><E5/><V69/><F4/><W121/><G121/><T100/><D56/><U73/><E73/><V111/><F111/><W55/><G6/><T62/><D62/><N who="1" m="37967" /><E106/><V30/><F30/><W47/><G25/><T71/><D71/><U1/><E49/><V130/><F130/><W7/><G7/><T85/><D85/><U74/><E74/><V104/><F104/><W54/><G89/><T52/><D12/><N who="1" m="9255" /><E1/><V90/><F90/><W83/><G83/><N who="1" m="31818" /><E101/><V123/><F123/><W39/><G14/><T96/><D112/><U102/><E102/><V107/><F107/><W76/><G19/><N who="0" m="12415" /><D115/><U45/><E45/><N who="3" m="17482" /><G76/><T132/><D114/><U10/><E10/><V122/><F122/><W0/><G0/><T105/><D9/><U28/><E28/><V32/><F32/><W97/><G97/><T31/><D8/><U27/><E27/><V67/><F48/><N who="3" m="31015" /><G40/><T125/><D31/><U29/><E29/><V82/><AGARI ba="0,0" hai="21,22,41,42,43,60,67,69,72,78,82,88,95,99" machi="82" ten="30,6000,0" yaku="0,1,52,1,54,1" doraHai="77" who="2" fromWho="2" sc="250,-20,217,-20,250,60,283,-20" /><INIT seed="2,1,0,0,1,40" ten="230,197,310,263" oya="2" hai0="34,124,104,17,86,101,72,67,91,79,54,26,52" hai1="83,38,85,125,23,36,81,106,4,48,7,88,117" hai2="65,11,80,99,100,97,116,74,45,3,96,61,119" hai3="56,68,63,121,24,69,18,6,87,37,12,112,128"/><V103/><F3/><W53/><G121/><T31/><D124/><U47/><E117/><V98/><F11/><W41/><G128/><T35/><D67/><U134/><E106/><V127/><F127/><W64/><G87/><T2/><D2/><U0/><E134/><V105/><F45/><N who="3" m="23727" /><G6/><T92/><D35/><U42/><E125/><V32/><F32/><W102/><G102/><T14/><D104/><U131/><E131/><V10/><F10/><W93/><G93/><T129/><D129/><U113/><E113/><V15/><F15/><W55/><G24/><T90/><D101/><U13/><E0/><V22/><F22/><W77/><G77/><T114/><D114/><U57/><E57/><V19/><F19/><W58/><G18/><T133/><D133/><U66/><E66/><V132/><F132/><W43/><G12/><T135/><D135/><U78/><E23/><V1/><F1/><W75/><G75/><T49/><D54/><N who="3" m="20489" /><G112/><T70/><D70/><N who="3" m="27241" /><G43/><T73/><D90/><U76/><E76/><V111/><F103/><W95/><G95/><T120/><D79/><U9/><REACH who="1" step="1"/><E7/><REACH who="1" ten="230,187,310,263" step="2"/><V30/><F105/><W118/><G118/><T33/><D33/><U46/><E46/><V60/><F119/><W115/><G115/><T59/><REACH who="0" step="1"/><D120/><REACH who="0" ten="220,187,310,263" step="2"/><U130/><E130/><V8/><F116/><W16/><G16/><T110/><D110/><U50/><E50/><V82/><F111/><W27/><G27/><T89/><D89/><U25/><E25/><V122/><F122/><W126/><G126/><T71/><D71/><AGARI ba="1,2" hai="56,58,63,64,71" m="27241,20489,23727" machi="71" ten="30,12000,2" yaku="35,5,52,1" doraHai="40" who="3" fromWho="0" sc="220,-123,187,0,310,0,263,143" /><INIT seed="3,0,0,5,4,12" ten="97,187,310,406" oya="3" hai0="128,25,61,87,109,132,9,35,8,97,43,111,101" hai1="5,92,4,55,69,64,103,26,71,75,98,70,45" hai2="93,79,18,21,135,29,46,32,38,115,19,11,3" hai3="100,116,36,74,134,49,130,122,14,51,126,23,129"/><W123/><G36/><T73/><D73/><U112/><E75/><V66/><F115/><W91/><G74/><T16/><D43/><U10/><E112/><V131/><F131/><N who="3" m="50187" /><G100/><T107/><D128/><U27/><E64/><V53/><F135/><W15/><G116/><T82/><D132/><U59/><E45/><V47/><F32/><W78/><G78/><T105/><D105/><U110/><E110/><N who="0" m="41993" /><D61/><U56/><E56/><V88/><F79/><W34/><G34/><T50/><D35/><U63/><REACH who="1" step="1"/><E5/><REACH who="1" ten="97,177,310,406" step="2"/><V13/><F66/><W22/><G134/><T57/><D57/><U89/><E89/><V94/><F38/><W96/><G123/><T37/><D37/><U80/><E80/><V118/><F47/><W52/><G122/><T54/><D54/><U72/><E72/><V28/><F53/><W44/><G51/><T90/><D50/><U106/><E106/><V125/><F46/><W67/><G67/><T20/><AGARI ba="0,1" hai="8,9,16,20,25,82,87,90,97,101,107" m="41993" machi="20" ten="30,4000,0" yaku="14,1,52,1,54,1" doraHai="12" who="0" fromWho="0" sc="97,50,177,-10,310,-10,406,-20" /><INIT seed="4,0,0,0,4,95" ten="147,167,300,386" oya="0" hai0="16,10,19,82,48,116,45,51,90,40,14,76,107" hai1="120,33,24,11,26,37,102,25,15,5,8,78,49" hai2="122,71,39,12,62,66,41,101,96,97,0,100,128" hai3="34,108,81,133,125,20,129,30,115,63,75,1,126"/><T53/><D107/><U7/><E120/><V68/><F0/><W94/><G108/><T98/><D116/><U119/><E37/><V61/><F122/><W79/><G115/><T2/><D2/><N who="1" m="55" /><E102/><V114/><F114/><W117/><G117/><T130/><D130/><U58/><E58/><V80/><F128/><W67/><G34/><T131/><D131/><U70/><E49/><V86/><F39/><W83/><G129/><T105/><D105/><U74/><E74/><V124/><F124/><N who="3" m="47723" /><G1/><T118/><D118/><U59/><E59/><V106/><F41/><W60/><G133/><T69/><D69/><U110/><E78/><V57/><F12/><W13/><G83/><T6/><D76/><U104/><E104/><V29/><F29/><W134/><G94/><N who="0" m="56663" /><D82/><U18/><E70/><V27/><F27/><N who="1" m="10313" /><E119/><V44/><F44/><AGARI ba="0,0" hai="6,10,14,16,19,40,44,45,48,51,53" m="56663" machi="44" ten="30,5800,0" yaku="8,1,52,1,54,1" doraHai="95" who="0" fromWho="2" sc="147,58,167,0,300,-58,386,0" /><INIT seed="4,1,0,5,2,34" ten="205,167,242,386" oya="0" hai0="104,106,27,87,110,61,86,62,68,12,63,82,44" hai1="80,72,130,19,15,92,98,102,126,100,75,58,114" hai2="73,51,105,17,117,24,135,94,37,118,9,0,95" hai3="129,53,109,1,113,66,36,52,70,11,55,38,59"/><T81/><D12/><U60/><E130/><V29/><F37/><N who="3" m="14443" /><G11/><T26/><D44/><U123/><E123/><V4/><F73/><W43/><G1/><T46/><D46/><U125/><E114/><V45/><F105/><W79/><G79/><T112/><D62/><U133/><E100/><V131/><F131/><W85/><G85/><T3/><D3/><U74/><E80/><V16/><F135/><W57/><G129/><T21/><D21/><U42/><E42/><N who="2" m="25015" /><F94/><W69/><G43/><T2/><D2/><U71/><E71/><N who="3" m="27146" /><G109/><T14/><D68/><U35/><E35/><N who="2" m="20903" /><F95/><W6/><G6/><T49/><D14/><U89/><E133/><V119/><AGARI ba="1,0" hai="0,4,9,16,17,117,118,119" m="20903,25015" machi="119" ten="30,4000,0" yaku="12,1,52,1,54,1" doraHai="34" who="2" fromWho="2" sc="205,-21,167,-11,242,43,386,-11" /><INIT seed="5,0,0,1,1,39" ten="184,156,285,375" oya="1" hai0="135,46,130,80,104,64,125,84,97,92,1,65,109" hai1="21,87,13,4,127,118,121,32,102,44,6,119,73" hai2="96,117,114,113,15,7,42,105,129,83,30,45,49" hai3="31,18,76,82,95,23,101,56,66,47,91,90,37"/><U71/><E121/><V11/><F117/><W122/><G122/><T22/><D1/><U112/><E71/><V78/><F129/><W123/><G123/><T103/><D104/><U35/><E73/><V70/><F70/><W25/><G37/><T124/><D130/><U48/><E127/><N who="0" m="48713" /><D109/><U67/><E67/><V132/><F132/><W68/><G68/><T107/><D135/><U72/><E72/><V58/><F30/><W99/><G47/><T2/><D2/><U98/><E112/><N who="2" m="43115" /><F58/><W110/><G110/><T120/><D120/><U126/><E126/><V86/><F96/><W41/><G41/><T14/><D107/><AGARI ba="0,0" hai="7,11,15,42,45,49,78,83,86,105,107" m="43115" machi="107" ten="30,7700,0" yaku="25,1,15,1,11,1,52,1" doraHai="39" who="2" fromWho="0" sc="184,-77,156,0,285,77,375,0" /><INIT seed="6,0,0,1,1,108" ten="107,156,362,375" oya="2" hai0="0,6,34,112,81,133,98,77,123,74,66,76,132" hai1="131,23,80,78,13,126,18,104,57,105,68,47,62" hai2="28,52,22,31,115,82,67,37,29,40,91,63,3" hai3="89,2,55,64,49,36,134,73,84,45,7,72,56"/><V53/><F3/><W97/><G134/><N who="0" m="51819" /><D66/><U44/><E131/><V79/><F115/><W85/><G2/><T33/><D77/><U71/><E126/><V90/><F22/><W8/><G64/><T48/><D48/><U32/><E32/><N who="0" m="12393" /><D98/><U111/><E111/><V119/><F119/><W5/><G8/><N who="0" m="2119" /><D123/><U96/><E71/><V102/><F102/><W118/><G118/><T113/><AGARI ba="0,0" hai="74,76,81,112,113" m="2119,12393,51819" machi="113" ten="40,8000,1" yaku="20,1,23,1,52,2" doraHai="108" who="0" fromWho="0" sc="107,80,156,-20,362,-40,375,-20" /><INIT seed="7,0,0,5,3,65" ten="187,136,322,355" oya="3" hai0="122,5,135,55,75,41,127,64,118,134,96,117,93" hai1="31,68,18,67,26,44,63,10,0,7,21,87,56" hai2="72,131,16,37,78,125,123,101,30,121,110,52,73" hai3="71,8,9,108,79,120,53,89,83,132,130,107,38"/><W98/><G38/><T2/><D2/><U85/><E68/><V22/><F37/><W119/><G119/><T6/><D64/><U15/><REACH who="1" step="1"/><E44/><REACH who="1" ten="187,126,322,355" step="2"/><V77/><F110/><W49/><G71/><T48/><D122/><N who="2" m="46602" /><F131/><W43/><G120/><T86/><D127/><U76/><E76/><N who="2" m="29291" /><F125/><W112/><G130/><T95/><D75/><U113/><E113/><V59/><F30/><W66/><G112/><T129/><D129/><U35/><AGARI ba="0,1" hai="0,7,10,15,18,21,26,31,35,56,63,67,85,87" machi="35" ten="20,12000,2" yaku="1,1,0,1,7,1,24,2,53,1" doraHai="65" doraHaiUra="11" who="1" fromWho="1" sc="187,-30,126,130,322,-30,355,-60" /><INIT seed="8,0,0,4,1,2" ten="157,256,292,295" oya="0" hai0="132,135,118,96,8,92,5,20,47,34,24,133,82" hai1="29,54,95,112,69,71,6,11,19,86,107,89,59" hai2="120,123,88,1,40,81,45,42,131,31,114,41,60" hai3="61,108,68,16,101,25,128,63,87,83,119,13,121"/><T80/><D34/><U115/><E107/><V26/><F114/><N who="1" m="43561" /><E19/><V84/><F1/><W117/><G108/><T127/><D127/><U74/><E29/><V28/><F131/><W66/><G121/><T124/><D124/><U109/><E74/><V65/><F45/><W0/><G0/><N who="0" m="39" /><D47/><U46/><E46/><V15/><F15/><W103/><G128/><T48/><D48/><N who="1" m="31175" /><E109/><V9/><F9/><N who="3" m="6191" /><G25/><T37/><D37/><U7/><E7/><V51/><F51/><W106/><G61/><T116/><D116/><N who="3" m="44617" /><G106/><T35/><D35/><U67/><E67/><V10/><F10/><W125/><G125/><T33/><D33/><U23/><E23/><V134/><F31/><W98/><G98/><T76/><D76/><AGARI ba="0,0" hai="63,66,68,76,83,87,101,103" m="44617,6191" machi="76" ten="30,2000,0" yaku="16,1,54,1" doraHai="2" who="3" fromWho="0" sc="157,-20,256,0,292,0,295,20" owari="137,-36.0,256,-14.0,292,9.0,315,41.0" /></mjloggm>