<mjloggm ver="2.3"><GO type="41" lobby="0"/><UN n0="%63%68%6F%6E%6A%69" n1="%E5%B0%B1%E6%B4%BB%E7%94%9F%40%E5%B7%9D%E6%9D%91%E8%BB%8D%E5%9B%A3" n2="%6E%6F%7A%6F%6D%61%69%69" n3="%E3%82%AB%E3%83%81%E3%83%A5%E3%83%BC%E3%82%B7%E3%83%A3" dan="13,15,13,13" rate="1853.84,2001.10,1931.99,1950.09" sx="M,M,M,F"/><TAIKYOKU oya="0"/><INIT seed="0,0,0,3,3,26" ten="250,250,250,250" oya="0" hai0="107,127,62,46,28,10,7,126,93,125,58,83,32" hai1="41,117,105,90,55,40,106,129,4,60,71,76,12" hai2="97,18,65,94,47,54,128,131,22,42,9,81,79" hai3="16,102,82,72,27,116,23,24,52,130,104,2,67"/><T121/><D121/><U86/><E117/><V50/><F65/><W84/><G116/><T92/><D107/><U51/><E129/><V115/><F115/><W85/><G130/><T13/><D46/><U20/><E106/><V124/><F124/><W8/><G67/><T120/><D120/><U88/><E105/><V89/><F9/><W45/><G72/><T113/><D113/><U37/><E37/><V30/><F131/><W19/><G102/><T11/><D11/><N who="1" m="4199" /><E71/><V135/><F135/><W91/><G104/><T132/><D132/><U109/><E109/><V49/><F128/><W0/><G85/><T119/><D119/><U74/><E74/><V39/><F39/><W25/><G2/><T103/><D83/><N who="1" m="47463" /><E60/><V77/><F81/><W57/><G45/><T5/><D5/><U66/><E66/><V122/><F122/><W95/><G82/><T68/><D68/><U6/><E6/><V63/><F63/><W110/><G110/><T1/><D13/><U44/><E20/><V101/><F101/><W53/><G0/><T43/><D43/><AGARI ba="0,0" hai="40,41,43,44,51,55,88,90" m="47463,4199" machi="43" ten="30,2000,0" yaku="8,1,54,1" doraHai="26" who="1" fromWho="0" sc="250,-20,250,20,250,0,250,0" /><INIT seed="1,0,0,1,0,36" ten="230,270,250,250" oya="1" hai0="34,115,31,38,72,11,27,13,120,69,20,88,32" hai1="84,134,89,28,74,30,33,121,110,21,129,12,128" hai2="4,65,51,123,1,76,127,46,90,104,48,67,122" hai3="80,132,54,98,82,9,7,95,111,41,108,24,112"/><U70/><E74/><V118/><F118/><W40/><G112/><T29/><D72/><U37/><E37/><V109/><F109/><N who="3" m="42059" /><G54/><T68/><D38/><U113/><E70/><V105/><F127/><W71/><G24/><N who="0" m="18535" /><D88/><U97/><E121/><V131/><F131/><N who="1" m="50249" /><E113/><V92/><F76/><W62/><G132/><T86/><D86/><U81/><E33/><V44/><F4/><W78/><G62/><T61/><D61/><U99/><E134/><V125/><F125/><W23/><G23/><T64/><D64/><U66/><E66/><V56/><F1/><N who="3" m="239" /><G71/><T96/><D96/><N who="1" m="36939" /><E110/><V133/><F133/><W22/><G22/><T18/><D69/><U63/><E63/><V2/><F2/><W14/><G14/><N who="0" m="9303" /><D68/><U75/><E75/><V87/><F56/><W53/><G53/><T49/><D49/><U124/><E124/><V10/><F123/><W102/><G78/><T126/><D126/><U26/><E12/><V60/><F122/><W39/><G39/><T42/><D120/><U50/><E50/><V100/><F60/><W8/><G8/><T15/><D115/><U91/><E91/><V85/><F10/><W57/><G57/><T3/><D42/><AGARI ba="0,0" hai="40,41,42,80,82,95,98,102" m="239,42059" machi="42" ten="30,7700,0" yaku="14,1,52,3" doraHai="36" who="3" fromWho="0" sc="230,-77,270,0,250,0,250,77" /><INIT seed="2,0,0,5,0,129" ten="153,270,250,327" oya="2" hai0="49,122,33,41,107,60,79,11,54,47,99,52,102" hai1="24,108,121,25,40,93,84,20,91,115,74,35,89" hai2="12,39,44,32,38,106,101,118,100,92,6,86,62" hai3="96,68,130,135,87,14,1,61,94,31,63,43,117"/><V48/><F32/><W4/><G1/><T73/><D122/><U18/><E74/><V110/><F110/><W0/><G130/><T103/><D103/><U124/><E108/><V114/><F114/><W17/><G117/><T72/><D33/><U56/><E121/><V112/><F112/><W19/><G0/><T88/><D11/><U53/><E115/><V45/><F118/><W3/><G3/><T77/><D73/><U109/><E109/><V5/><F62/><W42/><G31/><T27/><D27/><U82/><E124/><V95/><F86/><W66/><G87/><T58/><D72/><U30/><E40/><V7/><F12/><W113/><G113/><T97/><REACH who="0" step="1"/><D41/><REACH who="0" ten="143,270,250,327" step="2"/><U23/><E35/><V119/><F119/><W16/><G43/><T125/><D125/><U131/><E131/><V83/><F106/><W105/><G42/><T22/><D22/><U104/><E104/><V13/><F13/><W26/><G105/><T29/><D29/><U8/><E8/><V70/><F101/><W81/><G26/><T120/><D120/><U78/><REACH who="1" step="1"/><E93/><AGARI ba="0,1" hai="47,49,52,54,58,60,77,79,88,93,97,99,102,107" machi="93" ten="40,5200,0" yaku="1,1,54,2,53,0" doraHai="129" doraHaiUra="37" who="0" fromWho="1" sc="143,62,270,-52,250,0,327,0" /><INIT seed="3,0,0,3,3,22" ten="205,218,250,327" oya="3" hai0="87,6,65,85,97,106,8,43,27,69,78,36,71" hai1="52,99,77,40,5,42,86,61,50,121,79,60,96" hai2="21,91,102,74,101,28,49,59,76,67,2,14,95" hai3="3,109,64,118,24,120,135,82,35,30,80,112,90"/><W111/><G120/><T53/><D53/><U10/><E121/><V56/><F2/><W48/><G118/><T23/><D65/><U114/><E114/><V46/><F74/><W13/><G3/><T18/><D87/><U31/><E31/><V117/><F76/><N who="1" m="29257" /><E10/><V134/><F134/><W132/><G112/><T45/><D85/><U129/><E5/><V33/><F33/><W116/><G116/><T20/><D78/><U92/><E86/><V34/><F34/><W89/><G64/><T15/><REACH who="0" step="1"/><D23/><REACH who="0" ten="195,218,250,327" step="2"/><U38/><E129/><V94/><F67/><W26/><G135/><T108/><D108/><U29/><E99/><V130/><F117/><W66/><G132/><T123/><D123/><U41/><E38/><V119/><F119/><W72/><G111/><T124/><D124/><U7/><E96/><V107/><F130/><W62/><G109/><T104/><D104/><U4/><E92/><V51/><F107/><W128/><G128/><T17/><D17/><U127/><E127/><V55/><F102/><AGARI ba="0,1" hai="6,8,15,18,20,27,36,43,45,69,71,97,102,106" machi="102" ten="40,2600,0" yaku="1,1,52,1,53,0" doraHai="22" doraHaiUra="110" who="0" fromWho="2" sc="195,36,218,0,250,-26,327,0" /><INIT seed="4,0,0,1,4,51" ten="231,218,224,327" oya="0" hai0="7,75,27,112,134,113,12,40,117,57,104,108,47" hai1="4,11,17,131,82,91,78,23,86,26,90,66,22" hai2="39,96,71,74,88,45,56,105,30,109,132,126,98" hai3="14,38,25,69,62,44,64,2,15,119,127,58,107"/><T103/><D117/><U34/><E131/><V8/><F71/><W60/><G2/><T21/><D134/><U13/><E34/><V3/><F74/><W111/><G107/><T125/><D125/><U61/><REACH who="1" step="1"/><E23/><REACH who="1" ten="231,208,224,327" step="2"/><V20/><F132/><W124/><G127/><T63/><D108/><U81/><E81/><V123/><F126/><W70/><G124/><T133/><D133/><U110/><E110/><V76/><F109/><W37/><G111/><T79/><D113/><U73/><E73/><V97/><F123/><W101/><G119/><T122/><D112/><U42/><E42/><V52/><F105/><W43/><G43/><T93/><D104/><U128/><E128/><V121/><F121/><W118/><G118/><T84/><D75/><U19/><E19/><V55/><F76/><W106/><G106/><T116/><D122/><U53/><E53/><V35/><F35/><W49/><G64/><N who="0" m="39023" /><D116/><U29/><E29/><V100/><F100/><W102/><G102/><T130/><D130/><U16/><E16/><V85/><F39/><W41/><G101/><T28/><D40/><U10/><E10/><V83/><F3/><W1/><G1/><T50/><D7/><U68/><AGARI ba="0,1" hai="4,11,13,17,22,26,61,66,68,78,82,86,90,91" machi="68" ten="20,2700,0" yaku="1,1,0,1,7,1,53,0" doraHai="51" doraHaiUra="92" who="1" fromWho="1" sc="231,-13,208,37,224,-7,327,-7" /><INIT seed="5,0,0,3,1,7" ten="218,245,217,320" oya="1" hai0="60,53,46,57,25,83,63,1,22,48,18,28,127" hai1="50,55,78,19,74,40,108,8,128,20,16,42,67" hai2="23,97,32,125,65,116,104,62,100,132,30,70,27" hai3="115,14,15,51,31,126,47,4,3,12,29,91,109"/><U56/><E128/><V44/><F132/><W79/><G109/><T26/><D127/><U84/><E108/><V5/><F125/><W13/><G126/><T89/><D1/><U77/><E74/><V85/><F85/><W49/><G115/><T105/><D105/><U66/><E19/><V119/><F23/><W93/><G79/><N who="1" m="30218" /><E84/><V106/><F106/><W34/><G3/><T72/><D46/><U82/><E82/><V113/><F113/><W133/><G133/><T96/><D72/><U118/><E118/><V39/><F5/><W99/><G34/><T69/><D69/><U37/><E37/><V41/><AGARI ba="0,0" hai="27,30,32,39,41,44,62,65,70,97,100,104,116,119" machi="41" ten="30,8000,1" yaku="0,1,25,2,23,2" doraHai="7" who="2" fromWho="2" sc="218,-20,245,-40,217,80,320,-20" /><INIT seed="6,0,0,3,0,17" ten="198,205,297,300" oya="2" hai0="109,94,27,77,62,124,54,81,29,87,95,90,25" hai1="83,125,84,14,34,39,8,13,50,30,47,133,74" hai2="119,134,31,2,26,75,85,57,38,78,88,117,52" hai3="43,96,105,24,64,111,112,59,16,72,45,55,99"/><V18/><F38/><W107/><G72/><T108/><D124/><U120/><E74/><V53/><F2/><W132/><G111/><T68/><D27/><U89/><E120/><V104/><F104/><W91/><G132/><T22/><D95/><U44/><E125/><V37/><F37/><W123/><G123/><T71/><D71/><U5/><E133/><V76/><F134/><W101/><G64/><T98/><REACH who="0" step="1"/><D54/><REACH who="0" ten="188,205,297,300" step="2"/><U61/><E34/><V126/><F126/><W131/><G24/><T10/><D10/><U0/><E30/><V48/><F53/><W40/><G55/><T20/><D20/><U9/><E9/><V130/><F130/><W135/><G131/><T110/><D110/><U4/><E4/><V23/><F75/><W58/><G107/><T92/><D92/><U115/><E115/><V121/><F121/><W11/><G112/><T73/><D73/><U102/><E102/><V60/><F60/><W35/><G101/><T6/><D6/><U103/><E103/><V93/><REACH who="2" step="1"/><F31/><REACH who="2" ten="188,205,287,300" step="2"/><W86/><G105/><T127/><D127/><U41/><E61/><V100/><F100/><W15/><G135/><T118/><D118/><AGARI ba="0,2" hai="18,23,26,48,52,57,76,78,85,88,93,117,118,119" machi="118" ten="40,12000,1" yaku="1,1,52,1,54,2,53,1" doraHai="17" doraHaiUra="49" who="2" fromWho="0" sc="188,-120,205,0,287,140,300,0" /><INIT seed="6,1,0,1,4,85" ten="68,205,427,300" oya="2" hai0="78,93,45,67,15,1,47,52,38,88,62,134,112" hai1="111,25,29,105,119,44,114,76,10,83,4,63,116" hai2="74,104,68,122,102,126,7,21,48,61,132,65,18" hai3="37,46,36,103,49,72,22,13,92,41,24,30,75"/><V5/><F122/><W99/><REACH who="3" step="1"/><G13/><REACH who="3" ten="68,205,427,290" step="2"/><T39/><D1/><U117/><E116/><V35/><F35/><W124/><G124/><T58/><D78/><U50/><E119/><V60/><F126/><W16/><G16/><T64/><D134/><U6/><E117/><V108/><F132/><W115/><G115/><T100/><D112/><U20/><E114/><V17/><F108/><W120/><G120/><T125/><D125/><U32/><E111/><V110/><F110/><W54/><G54/><T73/><D73/><AGARI ba="1,1" hai="22,24,30,36,37,41,46,49,72,73,75,92,99,103" machi="73" ten="40,5200,0" yaku="21,2,53,1" doraHai="85" doraHaiUra="90" who="3" fromWho="0" sc="68,-55,205,0,427,0,290,65" /><INIT seed="7,0,0,4,4,79" ten="13,205,427,355" oya="3" hai0="15,37,77,73,117,54,72,6,101,92,64,80,87" hai1="82,69,60,62,4,7,36,13,116,74,46,71,115" hai2="34,50,110,19,17,16,57,61,128,96,23,3,86" hai3="20,90,125,112,130,113,97,124,107,9,26,35,52"/><W98/><G35/><T56/><D64/><U95/><E115/><N who="3" m="44106" /><G9/><T22/><D37/><U133/><E116/><V76/><F3/><W58/><G130/><T83/><D117/><U18/><E133/><V131/><F34/><W91/><G107/><T75/><D6/><U66/><E95/><V45/><F110/><W25/><G98/><T21/><D21/><U27/><E27/><N who="3" m="10250" /><G20/><T84/><D22/><U129/><E129/><N who="2" m="49739" /><F96/><W106/><G106/><T81/><D15/><U31/><E31/><V108/><F108/><W40/><G40/><T120/><D56/><U0/><E0/><V78/><F86/><W55/><G97/><T134/><D54/><N who="3" m="20521" /><G58/><T2/><D2/><U29/><E29/><V89/><F23/><W51/><G51/><T10/><D10/><U43/><E69/><V48/><F48/><W44/><G44/><T105/><D134/><U65/><E65/><N who="2" m="39087" /><F89/><AGARI ba="0,0" hai="89,90,91,124,125" m="20521,10250,44106" machi="89" ten="40,12000,1" yaku="28,2,15,1,54,1" doraHai="79" who="3" fromWho="2" sc="13,0,205,0,427,-120,355,120" owari="13,-49.0,205,-19.0,307,11.0,475,57.0" /></mjloggm>