<mjloggm ver="2.3"><GO type="169" lobby="0"/><UN n0="%E3%82%89%E3%81%84%E3%81%B5%E3%81%8C%E3%83%BC%E3%81%A9%E3%81%99%E3%81%8D" n1="%E3%82%A6%E3%83%AB%E3%83%88%E3%83%A9%E7%AB%8B%E7%9B%B4" n2="%6B%65%69%2D%6B%65%69" n3="%E3%82%B4%E3%83%83%E3%83%88%E3%82%A5%E3%83%BC%E3%81%95%E3%82%93" dan="17,17,16,17" rate="2137.00,2217.28,2022.03,2124.27" sx="M,M,M,M"/><TAIKYOKU oya="0"/><INIT seed="0,0,0,3,2,78" ten="250,250,250,250" oya="0" hai0="42,105,56,82,14,17,72,117,98,100,33,134,64" hai1="5,111,53,18,48,31,131,71,54,95,44,61,97" hai2="27,127,37,126,125,96,85,67,80,81,94,26,114" hai3="25,109,46,110,99,59,108,90,73,60,39,1,10"/><T113/><D113/><U124/><E124/><V43/><F67/><W45/><G73/><T47/><D117/><U66/><E111/><V128/><F114/><W129/><G25/><N who="2" m="9225" /><F128/><W79/><G79/><T84/><D72/><U92/><E131/><V38/><F85/><W101/><G90/><T13/><D33/><U30/><E5/><V19/><F19/><W121/><G129/><T21/><D134/><U2/><E2/><V16/><F16/><W133/><G133/><T35/><D35/><U51/><E18/><V11/><F11/><W130/><G121/><T9/><D56/><U86/><E86/><V62/><F62/><W57/><G57/><T65/><D13/><U69/><E69/><V40/><F40/><W75/><G39/><N who="2" m="14857" /><F43/><W28/><G75/><T23/><D9/><U102/><REACH who="1" step="1"/><E92/><REACH who="1" ten="250,240,250,250" step="2"/><V29/><F29/><W22/><G1/><T132/><D132/><U6/><E6/><V120/><F120/><W8/><G130/><T36/><REACH who="0" step="1"/><D23/><REACH who="0" ten="240,240,250,250" step="2"/><U32/><E32/><V49/><F126/><W87/><G22/><T123/><D123/><U119/><E119/><V74/><F127/><W104/><G110/><T4/><D4/><U3/><E3/><V0/><F0/><W135/><G109/><T107/><D107/><U24/><E24/><V20/><F20/><W55/><G104/><T52/><D52/><U76/><E76/><AGARI ba="0,2" hai="14,17,21,36,42,47,64,65,76,82,84,98,100,105" machi="76" ten="30,5800,0" yaku="1,1,7,1,52,1,53,0" doraHai="78" doraHaiUra="116" who="0" fromWho="1" sc="240,78,240,-58,250,0,250,0" /><INIT seed="0,1,0,0,4,95" ten="318,182,250,250" oya="0" hai0="4,122,3,123,126,9,116,75,40,68,56,98,130" hai1="92,28,22,93,42,25,58,41,35,120,70,57,77" hai2="118,134,107,21,38,111,61,81,10,11,65,19,82" hai3="5,121,53,33,127,119,125,12,101,103,8,48,117"/><T76/><D68/><U62/><E120/><V15/><F38/><W16/><G33/><T72/><D116/><U36/><E70/><V132/><F107/><W79/><G79/><T26/><D126/><N who="3" m="48137" /><G121/><T45/><D130/><U50/><E36/><V96/><F118/><N who="3" m="45067" /><G5/><T0/><D0/><U7/><E7/><V47/><F47/><AGARI ba="1,0" hai="8,12,16,47,48,53,101,103" m="45067,48137" machi="47" ten="30,2000,0" yaku="18,1,54,1" doraHai="95" who="3" fromWho="2" sc="318,0,182,0,250,-23,250,23" /><INIT seed="1,0,0,3,1,126" ten="318,182,227,273" oya="1" hai0="49,82,95,57,70,54,100,97,134,80,132,9,23" hai1="78,77,7,65,105,64,28,119,50,83,73,76,59" hai2="62,85,94,90,81,20,13,99,33,130,0,39,3" hai3="14,87,17,103,127,12,21,123,10,101,24,113,58"/><U55/><E119/><V120/><F39/><W27/><G123/><T111/><D111/><U104/><E7/><V52/><F33/><W5/><G113/><T38/><D70/><U66/><REACH who="1" step="1"/><E28/><REACH who="1" ten="318,172,227,273" step="2"/><V8/><F120/><W4/><G4/><T118/><D118/><U47/><E47/><V63/><F0/><W26/><G127/><T15/><D134/><U32/><E32/><V102/><F3/><W25/><N who="3" m="6144" /><DORA hai="107" /><W16/><G5/><T84/><D132/><U109/><E109/><V1/><F1/><W30/><G30/><T89/><D38/><U71/><E71/><V133/><F133/><W22/><G10/><T91/><D9/><U2/><E2/><V18/><F8/><W128/><G58/><T42/><D57/><U96/><E96/><V114/><F114/><W46/><G46/><T124/><D97/><U41/><E41/><V92/><F99/><W44/><G44/><T112/><D42/><U53/><E53/><V74/><F52/><W125/><G125/><T131/><D54/><U121/><E121/><V29/><F29/><W34/><G34/><T115/><D124/><U108/><E108/><V122/><F122/><W98/><G98/><T56/><D115/><U72/><E72/><V79/><F74/><W116/><G116/><T60/><D112/><U37/><E37/><V93/><F102/><W43/><G43/><T106/><D100/><U129/><E129/><V69/><F130/><W86/><G128/><T88/><D131/><U11/><E11/><V68/><F69/><W117/><G117/><T35/><D35/><U110/><E110/><RYUUKYOKU ba="0,1" sc="318,-15,172,15,227,-15,273,15" hai1="50,55,59,64,65,66,73,76,77,78,83,104,105" hai3="12,14,16,17,21,22,86,87,101,103" /><INIT seed="1,1,1,5,0,103" ten="303,187,212,288" oya="1" hai0="15,19,88,48,4,93,70,135,16,129,119,84,58" hai1="31,10,130,79,80,111,34,69,1,94,53,12,101" hai2="40,74,14,62,29,117,32,134,113,123,61,107,21" hai3="133,64,11,128,91,125,65,89,56,42,118,95,66"/><U105/><E1/><V86/><F74/><W63/><G133/><T3/><D70/><U33/><E69/><V35/><F123/><W26/><G128/><T72/><D119/><U38/><E38/><V122/><F86/><W6/><G125/><T124/><D72/><U18/><E130/><V131/><F40/><W78/><G78/><T96/><D3/><U9/><E9/><V71/><F29/><W27/><G42/><T52/><D124/><U25/><E111/><V30/><F30/><W104/><G104/><T22/><D135/><U90/><E53/><V132/><F107/><W73/><G73/><T112/><D112/><U5/><E101/><V116/><F113/><W41/><G41/><T115/><D115/><U0/><E105/><V2/><F2/><W51/><G91/><N who="0" m="55359" /><D129/><U23/><E79/><V106/><F106/><W8/><G51/><T108/><D108/><U102/><E102/><V126/><F71/><W83/><G83/><N who="0" m="49183" /><D19/><U54/><E80/><V92/><F126/><W13/><G118/><T57/><D4/><U127/><E127/><V43/><F131/><W81/><G81/><T45/><AGARI ba="1,1" hai="15,16,22,45,48,52,57,58" m="49183,55359" machi="45" ten="30,7900,0" yaku="8,1,54,3" doraHai="103" who="0" fromWho="0" sc="303,92,187,-40,212,-21,288,-21" /><INIT seed="2,0,0,0,2,86" ten="395,147,191,267" oya="2" hai0="27,105,106,98,49,24,46,95,129,93,96,97,31" hai1="40,67,115,69,66,102,19,110,80,90,114,38,18" hai2="122,72,118,36,22,12,81,109,48,68,71,13,47" hai3="132,14,61,79,133,116,7,85,101,53,82,108,58"/><V62/><F118/><W64/><G116/><T65/><D129/><U21/><E102/><V16/><F122/><W91/><G101/><T75/><D75/><U59/><E69/><V113/><F36/><W60/><G108/><T124/><D65/><U35/><E35/><V1/><F1/><W6/><G79/><T3/><D3/><U131/><E59/><V0/><F0/><W10/><REACH who="3" step="1"/><G7/><REACH who="3" ten="395,147,191,257" step="2"/><T103/><D103/><U8/><E110/><V112/><F109/><W125/><G125/><T28/><D124/><U9/><E131/><V42/><F112/><W56/><AGARI ba="0,1" hai="6,10,14,53,56,58,60,61,64,82,85,91,132,133" machi="56" ten="30,4000,0" yaku="1,1,0,1,52,1,53,0" doraHai="86" doraHaiUra="45" who="3" fromWho="3" sc="395,-10,147,-10,191,-20,257,50" /><INIT seed="3,0,0,3,3,17" ten="385,137,171,307" oya="3" hai0="44,36,33,130,13,21,78,97,132,118,43,105,102" hai1="79,6,10,92,52,135,59,98,69,111,15,8,56" hai2="81,38,54,128,70,91,123,20,53,72,107,62,115" hai3="42,31,47,5,64,0,30,74,87,37,120,45,113"/><W67/><G74/><T124/><D118/><U66/><E111/><V68/><F107/><W95/><G120/><T24/><D33/><U104/><E135/><V32/><F38/><W46/><G37/><T76/><D132/><U96/><E79/><V127/><F32/><W41/><G0/><T50/><D124/><U3/><E104/><V108/><F115/><W28/><G5/><T65/><D130/><U93/><E69/><V34/><F34/><W83/><G95/><T131/><D131/><U71/><E71/><V90/><F72/><W39/><G39/><T19/><D65/><N who="3" m="25161" /><G113/><T12/><D36/><U112/><E112/><V14/><F70/><W122/><G122/><T77/><AGARI ba="0,0" hai="12,13,19,21,24,43,44,50,76,77,78,97,102,105" machi="77" ten="30,2000,0" yaku="0,1,52,1" doraHai="17" who="0" fromWho="0" sc="385,20,137,-5,171,-5,307,-10" /><INIT seed="4,0,0,3,0,8" ten="405,132,166,297" oya="0" hai0="54,95,17,133,87,73,11,71,32,49,116,7,35" hai1="9,129,4,24,34,93,123,27,124,57,127,85,19" hai2="14,46,111,51,89,110,121,108,16,23,37,77,48" hai3="94,10,90,62,42,69,109,122,55,64,102,41,21"/><T0/><D73/><U2/><E85/><V75/><F121/><W106/><G109/><T59/><D116/><U92/><E93/><V65/><F65/><W74/><G74/><T107/><D107/><U40/><E92/><V5/><F37/><W88/><G90/><T79/><D133/><U78/><E78/><V63/><F63/><W126/><G126/><N who="1" m="48170" /><E57/><V91/><F77/><W125/><G125/><T43/><D71/><U15/><E40/><V36/><F36/><W33/><G33/><T45/><D17/><U103/><E103/><V132/><F75/><W96/><G122/><T83/><REACH who="0" step="1"/><D95/><REACH who="0" ten="395,132,166,297" step="2"/><U105/><E105/><V131/><F132/><W84/><G106/><T115/><D115/><U60/><E123/><V97/><F111/><W18/><G94/><T72/><D72/><U82/><E82/><V99/><F16/><W53/><G18/><T3/><D3/><U101/><E27/><V68/><F68/><W25/><G25/><T50/><AGARI ba="0,1" hai="0,7,11,32,35,43,45,49,50,54,59,79,83,87" machi="50" ten="20,7800,0" yaku="1,1,0,1,7,1,53,1" doraHai="8" doraHaiUra="1" who="0" fromWho="0" sc="395,88,132,-26,166,-26,297,-26" /><INIT seed="4,1,0,0,1,40" ten="483,106,140,271" oya="0" hai0="64,26,110,113,100,38,97,41,70,80,49,63,43" hai1="18,96,1,77,4,127,90,5,23,134,47,48,35" hai2="128,73,12,125,65,72,42,45,0,30,117,82,126" hai3="6,13,98,130,122,106,66,15,9,20,104,16,95"/><T68/><D113/><U88/><E35/><V74/><F0/><W103/><G130/><T50/><D110/><U61/><E1/><V121/><F121/><W89/><G122/><T60/><D26/><N who="1" m="14711" /><E127/><N who="2" m="48651" /><F65/><W34/><G34/><T37/><D80/><U28/><E134/><V25/><F128/><W116/><G116/><T10/><D10/><U24/><E77/><N who="2" m="44327" /><F12/><W81/><G66/><N who="0" m="41031" /><D97/><U32/><E32/><N who="2" m="20559" /><F117/><W8/><G81/><T54/><D100/><U112/><E112/><V79/><F79/><W21/><REACH who="3" step="1"/><G106/><REACH who="3" ten="483,106,140,261" step="2"/><T14/><D64/><U123/><E123/><V101/><F101/><W93/><G93/><T111/><D111/><U135/><E135/><V118/><F118/><W115/><G115/><T129/><D129/><U55/><E90/><V76/><F76/><W29/><G29/><T57/><D70/><U120/><E120/><V51/><AGARI ba="1,1" hai="42,45,51,73,74" m="20559,44327,48651" machi="51" ten="30,2000,0" yaku="18,1,52,1" doraHai="40" who="2" fromWho="2" sc="483,-11,106,-6,140,33,261,-6" /><INIT seed="5,0,0,4,2,33" ten="472,100,173,255" oya="1" hai0="3,115,108,124,26,134,39,121,83,20,84,21,99" hai1="81,17,112,113,89,24,82,49,125,15,23,118,8" hai2="87,76,85,133,55,29,40,92,53,74,132,97,4" hai3="46,119,127,28,27,95,65,93,98,6,66,117,103"/><U7/><E118/><N who="3" m="45066" /><G127/><T58/><D3/><U44/><E125/><V128/><F29/><W54/><G6/><T32/><D39/><U12/><E24/><V43/><F74/><W11/><G11/><T50/><D58/><U102/><E102/><V86/><F76/><W35/><G95/><T100/><D50/><AGARI ba="0,0" hai="27,28,35,46,50,54,65,66,93,98,103" m="45066" machi="50" ten="30,1000,0" yaku="12,1" doraHai="33" who="3" fromWho="0" sc="472,-10,100,0,173,0,255,10" /><INIT seed="6,0,0,1,1,1" ten="462,100,173,265" oya="2" hai0="22,3,132,35,121,97,39,2,133,134,45,91,54" hai1="122,131,130,15,128,81,43,57,103,114,0,120,23" hai2="76,126,60,87,25,29,125,113,33,19,24,67,34" hai3="102,124,70,90,75,7,48,127,49,32,111,129,14"/><V109/><F113/><W92/><G70/><T62/><D121/><N who="1" m="46699" /><E43/><V41/><F41/><W37/><G75/><T79/><D79/><U21/><E103/><V135/><F76/><W13/><G37/><T86/><D35/><U77/><E57/><V40/><F40/><W11/><G32/><T73/><D22/><N who="1" m="8203" /><E0/><V110/><F87/><W50/><G111/><N who="2" m="42505" /><F135/><W20/><G129/><N who="1" m="33026" /><U85/><DORA hai="9" /><E15/><V10/><F60/><W101/><G124/><T6/><D73/><U72/><E114/><V115/><F67/><W18/><G127/><T83/><D62/><U94/><E94/><V116/><F115/><W117/><G117/><T42/><D54/><U56/><E56/><V68/><F68/><W104/><G104/><T16/><D97/><AGARI ba="0,0" hai="7,11,13,14,18,20,48,49,50,90,92,97,101,102" machi="97" ten="40,8000,1" yaku="8,1,52,3" doraHai="1,9" who="3" fromWho="0" sc="462,-80,100,0,173,0,265,80" /><INIT seed="7,0,0,4,1,56" ten="382,100,173,345" oya="3" hai0="104,85,86,13,63,32,21,89,16,111,126,58,62" hai1="96,129,17,36,31,83,108,44,116,29,33,39,135" hai2="64,110,121,73,132,26,84,66,7,6,107,12,34" hai3="40,43,45,97,30,76,57,68,90,61,113,22,1"/><W134/><G1/><T49/><D111/><U123/><E108/><V48/><F107/><W28/><G68/><T54/><D32/><U117/><E123/><V77/><F73/><W127/><G113/><T115/><D104/><U92/><E129/><V52/><F34/><W114/><G114/><T124/><D115/><U98/><E135/><V46/><F26/><W78/><G134/><T82/><D86/><U0/><E0/><V65/><F110/><W20/><G127/><AGARI ba="0,0" hai="13,16,21,49,54,58,62,63,82,85,89,124,126,127" machi="127" ten="40,8000,1" yaku="18,1,52,2,54,1" doraHai="56" who="0" fromWho="3" sc="382,80,100,0,173,0,345,-80" owari="462,56.0,100,-40.0,173,-23.0,265,7.0" /></mjloggm>