<mjloggm ver="2.3"><GO type="97" lobby="0"/><UN n0="%32%30%30%31%31%32%32%34" n1="%E5%B0%B1%E6%B4%BB%E7%94%9F%40%E5%B7%9D%E6%9D%91%E8%BB%8D%E5%9B%A3" n2="%E3%83%91%E3%83%8B%E3%82%AA" n3="%50%53%52%EF%BC%A0%E5%B7%9D%E6%9D%91%E8%BB%8D%E5%9B%A3" dan="14,14,13,15" rate="1921.74,2018.72,1908.91,1984.69" sx="M,M,M,M"/><TAIKYOKU oya="0"/><INIT seed="0,0,0,4,2,61" ten="250,250,250,250" oya="0" hai0="25,6,63,20,104,100,57,125,33,35,17,15,26" hai1="29,12,92,32,13,84,5,127,58,47,27,40,75" hai2="70,18,121,86,31,110,1,80,116,49,65,14,60" hai3="36,93,129,106,39,71,114,72,119,54,77,10,50"/><T132/><D125/><U103/><E75/><V52/><F116/><W118/><G106/><T30/><D132/><U135/><E127/><V102/><F110/><W64/><G114/><T67/><D104/><U130/><E135/><V48/><F121/><W109/><G109/><T126/><D126/><U85/><E130/><V51/><F1/><W79/><G129/><T0/><D100/><U91/><E103/><V23/><F31/><W88/><G10/><N who="0" m="2375" /><D26/><U94/><E5/><V11/><F23/><W111/><G111/><T4/><D4/><U8/><E58/><V133/><F102/><W28/><G28/><T16/><D17/><U82/><E8/><V117/><F117/><W38/><G72/><T7/><D7/><U112/><E112/><V101/><F101/><W21/><G21/><T41/><D41/><U22/><E32/><AGARI ba="0,0" hai="15,16,20,25,30,32,33,35,57,63,67" m="2375" machi="32" ten="30,5800,0" yaku="24,1,52,1,54,1" doraHai="61" who="0" fromWho="1" sc="250,58,250,-58,250,0,250,0" /><INIT seed="0,1,0,5,3,62" ten="308,192,250,250" oya="0" hai0="119,84,79,24,44,120,123,81,131,25,74,89,5" hai1="103,82,77,85,54,73,114,0,42,128,41,124,94" hai2="33,65,117,93,16,34,76,7,64,35,22,80,92" hai3="18,61,45,72,17,31,134,63,109,102,110,46,104"/><T49/><D119/><U75/><E0/><V100/><F7/><W70/><G72/><T106/><D106/><U4/><E114/><V20/><F117/><W105/><G31/><T6/><D131/><U39/><E128/><V27/><F22/><W108/><G134/><T28/><D6/><U38/><E124/><V21/><F21/><W125/><G125/><T86/><D5/><U133/><E133/><V14/><F27/><W135/><G135/><T26/><D28/><U56/><E4/><V112/><F112/><W36/><G36/><T1/><D1/><U107/><E75/><V87/><REACH who="2" step="1"/><F100/><REACH who="2" ten="308,192,240,250" step="2"/><W68/><G109/><T69/><D120/><U58/><E38/><V129/><F129/><W19/><G19/><T53/><D123/><U23/><E23/><V99/><F99/><W55/><G102/><T90/><D26/><U12/><E12/><V78/><F78/><W60/><G17/><T126/><D126/><U66/><E39/><V57/><F57/><W88/><G18/><T98/><D69/><U116/><E116/><V59/><F59/><W37/><G37/><T67/><D98/><N who="1" m="61943" /><E58/><V111/><F111/><W48/><G70/><T13/><D13/><U2/><E2/><V122/><F122/><W51/><G68/><T115/><D115/><U10/><E10/><V43/><F43/><N who="3" m="24639" /><G110/><T113/><D113/><U96/><E66/><AGARI ba="1,1" hai="14,16,20,33,34,35,64,65,66,76,80,87,92,93" machi="66" ten="40,8000,1" yaku="1,1,52,3,54,1,53,0" doraHai="62" doraHaiUra="71" who="2" fromWho="1" sc="308,0,192,-83,240,93,250,0" /><INIT seed="1,0,0,0,5,29" ten="308,109,333,250" oya="1" hai0="131,2,57,124,107,109,0,116,60,41,81,113,19" hai1="74,94,6,28,58,89,84,80,40,110,127,104,7" hai2="3,63,26,15,25,66,72,105,68,101,48,65,52" hai3="97,13,12,106,108,35,121,56,23,87,21,38,78"/><U126/><E104/><V53/><F72/><W130/><G38/><T83/><D116/><U45/><E28/><V62/><F3/><W103/><G121/><T86/><D113/><U50/><E110/><V67/><F105/><W128/><G108/><T75/><D109/><U64/><E74/><V79/><F79/><W51/><G35/><T76/><D107/><U24/><E24/><N who="2" m="9323" /><F101/><W42/><G78/><T27/><D41/><U31/><E31/><V88/><F68/><W132/><G87/><T33/><D124/><N who="1" m="47659" /><E94/><V8/><F88/><W120/><G120/><T4/><D4/><U69/><E69/><V32/><F32/><W70/><G70/><T47/><D47/><U30/><E30/><V34/><F34/><W91/><G91/><T43/><D43/><U115/><E115/><V5/><F53/><N who="3" m="31807" /><G42/><T95/><D95/><U125/><N who="1" m="47667" /><U14/><DORA hai="1" /><E14/><V16/><F5/><N who="1" m="1545" /><E58/><AGARI ba="0,0" hai="8,15,16,48,52,58,62,63,65,66,67" m="9323" machi="58" ten="30,3900,0" yaku="8,1,54,2" doraHai="29,1" who="2" fromWho="1" sc="308,0,109,-39,333,39,250,0" /><INIT seed="2,0,0,3,3,49" ten="308,70,372,250" oya="2" hai0="26,65,118,68,42,25,27,114,54,122,66,111,90" hai1="22,79,112,125,21,38,82,113,94,84,99,120,128" hai2="102,8,51,129,7,132,61,133,87,14,37,31,100" hai3="17,30,126,134,123,3,69,48,44,34,62,103,2"/><V57/><F37/><W107/><G123/><T95/><D122/><U91/><E38/><V135/><F129/><W105/><G17/><T110/><D114/><U76/><E21/><V119/><F31/><W71/><G105/><T40/><D118/><U45/><E22/><V72/><F72/><W75/><G75/><T101/><D101/><N who="2" m="39018" /><F51/><W20/><G20/><T70/><D54/><U36/><E45/><V124/><F87/><W89/><G89/><T10/><D10/><U24/><E36/><V23/><F23/><W98/><G3/><T55/><D55/><U83/><E24/><V127/><F119/><W81/><G2/><T92/><D27/><U109/><E120/><V74/><F74/><W108/><G48/><T59/><D59/><U77/><E128/><V39/><F39/><W104/><G44/><T16/><D90/><U9/><E9/><V67/><AGARI ba="0,0" hai="7,8,14,57,61,67,124,127,132,133,135" m="39018" machi="67" ten="40,2100,0" yaku="20,1" doraHai="49" who="2" fromWho="2" sc="308,-7,70,-7,372,21,250,-7" /><INIT seed="2,1,0,5,0,126" ten="301,63,393,243" oya="2" hai0="62,51,133,103,40,42,93,7,78,132,1,20,71" hai1="109,70,96,27,69,35,0,34,114,113,2,79,87" hai2="49,33,91,53,86,64,45,108,32,92,84,58,9" hai3="94,121,57,117,118,12,128,125,21,105,68,41,83"/><V4/><F108/><W63/><G105/><T48/><D78/><U23/><E96/><V43/><F64/><W95/><G68/><T76/><D76/><U124/><E87/><V130/><F84/><W82/><G121/><T88/><D103/><U39/><E79/><V50/><REACH who="2" step="1"/><F130/><REACH who="2" ten="301,63,383,243" step="2"/><W123/><G128/><T72/><D72/><U129/><E39/><V104/><F104/><W38/><G38/><T5/><D132/><U112/><E124/><V61/><F61/><W36/><G63/><T100/><D133/><U101/><E101/><V110/><F110/><W56/><G36/><T111/><D62/><U3/><E109/><V85/><F85/><W17/><G125/><T24/><D100/><U80/><E80/><V6/><F6/><W90/><G83/><T26/><D7/><U120/><E120/><V77/><F77/><W135/><G82/><T25/><D5/><U55/><E55/><V115/><F115/><W29/><G135/><T52/><D52/><U44/><E44/><V16/><F16/><W74/><G17/><T15/><D111/><U54/><E54/><V134/><F134/><W8/><G123/><T14/><D51/><U102/><E102/><V13/><AGARI ba="1,1" hai="4,9,13,32,33,43,45,49,50,53,58,86,91,92" machi="13" ten="20,12000,1" yaku="1,1,0,1,7,1,53,2" doraHai="126" doraHaiUra="47" who="2" fromWho="2" sc="301,-41,63,-41,383,133,243,-41" /><INIT seed="2,2,0,4,3,117" ten="260,22,516,202" oya="2" hai0="109,12,130,33,19,129,18,105,122,94,91,60,43" hai1="45,1,125,26,55,78,108,119,48,36,9,4,38" hai2="113,64,42,17,46,31,128,49,96,111,65,93,28" hai3="116,66,126,13,106,97,61,75,20,6,73,59,83"/><V124/><F113/><W70/><G116/><T22/><D33/><U57/><E119/><V87/><F124/><W110/><G126/><T29/><D105/><U120/><E125/><V50/><F128/><N who="0" m="49258" /><D29/><N who="2" m="11338" /><F111/><W24/><G59/><T115/><D109/><U92/><E108/><V5/><F5/><W77/><G24/><T7/><D115/><U0/><E26/><V47/><F87/><W84/><G20/><T131/><D131/><U82/><E1/><V62/><F17/><W27/><G27/><T56/><D43/><U51/><E92/><V58/><F64/><W135/><G135/><T114/><D114/><U53/><REACH who="1" step="1"/><E120/><REACH who="1" ten="260,12,516,202" step="2"/><V69/><F93/><W34/><G110/><T80/><D122/><U11/><E11/><V39/><F69/><W121/><G70/><T71/><D71/><U85/><AGARI ba="2,1" hai="0,4,9,36,38,45,48,51,53,55,57,78,82,85" machi="85" ten="20,2700,0" yaku="1,1,0,1,7,1,53,0" doraHai="117" doraHaiUra="37" who="1" fromWho="1" sc="260,-9,12,43,516,-15,202,-9" /><INIT seed="3,0,0,1,1,117" ten="251,55,501,193" oya="3" hai0="23,94,0,87,76,129,95,2,32,4,116,60,41" hai1="81,93,24,75,85,99,54,30,46,101,7,118,102" hai2="108,125,34,28,114,58,126,133,92,72,56,82,27" hai3="120,18,50,111,47,128,15,55,98,123,37,105,107"/><W59/><G98/><T35/><D41/><U29/><E118/><V17/><F114/><W90/><G90/><T124/><D116/><U110/><E110/><V9/><F108/><W73/><G73/><T63/><D87/><U97/><E7/><V11/><F92/><W20/><G111/><T68/><D23/><U112/><E112/><V67/><F82/><W53/><G37/><T70/><D4/><U127/><E127/><N who="2" m="48651" /><F133/><W44/><G128/><T43/><D124/><U6/><E6/><V5/><F72/><W16/><G18/><T1/><D43/><U89/><E75/><V80/><F80/><W74/><G74/><T84/><D84/><U77/><E24/><V109/><F67/><W134/><G134/><T130/><D1/><U64/><E64/><V51/><F51/><W96/><G47/><T62/><D62/><U106/><E46/><V22/><F109/><W61/><G96/><T121/><D76/><U13/><E13/><N who="2" m="5295" /><F11/><W79/><G79/><T52/><D52/><U48/><E48/><V132/><F132/><W69/><G69/><T100/><D100/><U14/><E14/><AGARI ba="0,0" hai="14,17,22,27,28,34,56,58" m="5295,48651" machi="14" ten="30,1000,0" yaku="18,1" doraHai="117" who="2" fromWho="1" sc="251,0,55,-10,501,10,193,0" owari="251,5.0,45,-45.0,511,61.0,193,-21.0" /></mjloggm>