<mjloggm ver="2.3"><GO type="41" lobby="0"/><UN n0="%E5%B0%B1%E6%B4%BB%E7%94%9F%40%E5%B7%9D%E6%9D%91%E8%BB%8D%E5%9B%A3" n1="%28%2A%C2%B4%CF%89%EF%BD%80%2A%29" n2="%E3%82%81%E3%82%81%E3%82%93%E3%81%A8" n3="%E5%8D%8D%E5%9B%BA%E3%83%A1%EF%BC%A0%E5%B7%9D%E6%9D%91%E8%BB%8D%E5%9B%A3" dan="15,13,13,14" rate="2033.05,1855.52,1925.04,1985.60" sx="M,M,M,M"/><TAIKYOKU oya="0"/><INIT seed="0,0,0,0,1,45" ten="250,250,250,250" oya="0" hai0="60,2,118,3,69,14,21,102,50,81,119,64,16" hai1="29,97,88,90,18,105,111,76,59,27,121,62,134" hai2="100,99,96,44,122,35,127,66,73,104,101,11,98" hai3="46,112,47,95,72,24,17,120,54,85,110,25,52"/><T7/><D102/><U4/><E111/><V135/><F35/><W12/><G110/><T61/><D61/><U65/><E121/><V68/><F73/><W33/><G112/><T28/><D28/><U74/><E4/><V125/><F135/><W115/><G115/><T87/><D50/><U41/><E41/><V0/><F122/><W108/><G108/><T30/><D30/><U5/><E5/><V123/><F123/><W23/><G72/><T58/><D69/><U89/><E18/><V22/><F22/><W130/><G130/><T128/><D128/><U19/><E19/><V39/><F44/><N who="3" m="16939" /><G33/><T37/><D37/><U40/><E40/><V70/><F66/><W77/><G120/><T57/><D57/><U94/><E105/><N who="2" m="63623" /><F98/><W6/><G6/><T31/><D31/><U114/><E114/><V107/><F39/><W109/><G109/><T117/><REACH who="0" step="1"/><D7/><REACH who="0" ten="240,250,250,250" step="2"/><U131/><E131/><V78/><F68/><W48/><G54/><T36/><D36/><U42/><E42/><V80/><F70/><W113/><G113/><T133/><D133/><U86/><E134/><V129/><F129/><W20/><G52/><T13/><D13/><U34/><E29/><V84/><F0/><W56/><G48/><T82/><D82/><N who="1" m="45335" /><E34/><V55/><F55/><W79/><G56/><T116/><N who="0" m="30208" /><DORA hai="83" /><T67/><D67/><U71/><E71/><V26/><F26/><W75/><G25/><T32/><D32/><U51/><E27/><V53/><F53/><W10/><G24/><T103/><D103/><N who="1" m="60855" /><E51/><V124/><F101/><W132/><G132/><T49/><D49/><RYUUKYOKU ba="0,1" sc="240,15,250,15,250,-15,250,-15" hai0="2,3,14,16,21,58,60,64,81,87" hai1="59,62,65,86,88,89,90" /><INIT seed="0,1,1,3,3,79" ten="255,265,235,235" oya="0" hai0="121,116,126,12,96,120,69,87,73,80,65,39,21" hai1="59,1,84,37,64,88,63,49,83,81,104,27,118" hai2="112,9,132,117,135,108,74,93,24,28,75,71,36" hai3="76,92,0,58,86,94,131,30,19,82,51,2,57"/><T85/><D39/><U127/><E37/><V101/><F36/><W10/><G131/><T26/><D116/><U124/><E118/><V47/><F71/><W25/><G2/><T46/><D126/><N who="1" m="48171" /><E1/><V50/><F117/><W61/><G51/><T77/><D96/><U11/><E11/><V22/><F108/><W123/><G123/><T29/><D12/><U110/><E104/><V106/><F9/><W18/><G0/><T133/><D133/><N who="2" m="51274" /><F112/><W105/><G105/><T31/><D31/><U4/><E4/><V130/><F106/><W20/><G58/><T45/><D120/><U114/><E114/><V54/><F130/><W13/><REACH who="3" step="1"/><G30/><REACH who="3" ten="255,265,235,225" step="2"/><N who="0" m="17743" /><D121/><U72/><E49/><V70/><F70/><W48/><G48/><T98/><D69/><U42/><E42/><V3/><F3/><W95/><G95/><T102/><D29/><U113/><E113/><V66/><F93/><W15/><G15/><T91/><D46/><U109/><E27/><V43/><F28/><W115/><G115/><T34/><D45/><U67/><E64/><AGARI ba="1,2" hai="10,13,18,19,20,25,57,61,64,76,82,86,92,94" machi="64" ten="30,7700,0" yaku="1,1,7,1,8,1,52,1,53,0" doraHai="79" doraHaiUra="68" who="3" fromWho="1" sc="255,0,265,-80,235,0,225,100" /><INIT seed="1,0,0,2,2,111" ten="255,185,235,325" oya="1" hai0="78,39,17,72,45,57,113,26,132,103,80,53,5" hai1="44,22,128,95,34,67,3,96,73,13,49,12,2" hai2="19,77,127,36,119,31,126,82,9,7,61,108,43" hai3="124,63,64,65,58,29,102,66,107,112,40,90,23"/><U117/><E73/><V75/><F119/><W131/><G131/><T71/><D71/><U74/><E74/><V135/><F108/><W81/><G40/><T52/><D5/><U56/><E117/><V21/><F31/><W118/><G112/><T25/><D132/><U24/><E34/><V0/><F135/><W110/><G110/><T62/><D113/><U8/><E128/><V109/><F109/><W32/><G32/><T129/><D129/><U88/><E3/><V133/><F133/><W14/><G124/><T30/><D103/><U20/><E2/><V101/><F101/><W114/><G114/><T84/><D72/><U18/><E22/><V11/><F11/><W1/><G1/><T98/><D98/><U48/><E44/><N who="2" m="23655" /><F61/><W83/><G107/><T4/><D4/><N who="1" m="3079" /><E13/><AGARI ba="0,0" hai="0,7,9,13,19,21,75,77,82,126,127" m="23655" machi="13" ten="30,1000,0" yaku="25,1" doraHai="111" who="2" fromWho="1" sc="255,0,185,-10,235,10,325,0" /><INIT seed="2,0,0,2,4,21" ten="255,175,245,325" oya="2" hai0="44,80,55,53,72,56,38,40,4,70,99,61,9" hai1="3,60,48,92,34,131,104,63,135,78,59,49,88" hai2="58,128,5,10,42,116,124,64,51,125,22,20,45" hai3="107,81,77,109,57,123,100,25,86,120,67,74,62"/><V32/><F32/><W24/><G109/><T134/><D134/><U115/><E104/><V118/><F128/><W2/><G2/><N who="0" m="151" /><D99/><U110/><E135/><V11/><F11/><W46/><G86/><T96/><D96/><U17/><E3/><V29/><F20/><W41/><G100/><T69/><D55/><U50/><E110/><V23/><F23/><W98/><G98/><T133/><D133/><U106/><E106/><V14/><F64/><W119/><G119/><T12/><D12/><U39/><E34/><V101/><F58/><W130/><G107/><T35/><D35/><U103/><E115/><V122/><F101/><W102/><G102/><T87/><D87/><N who="1" m="52255" /><E131/><V117/><REACH who="2" step="1"/><F122/><REACH who="2" ten="255,175,235,325" step="2"/><W82/><G130/><T76/><AGARI ba="0,1" hai="38,40,44,53,56,61,69,70,72,76,80" m="151" machi="76" ten="30,1100,0" yaku="25,1" doraHai="21" who="0" fromWho="0" sc="255,21,175,-3,235,-5,325,-3" /><INIT seed="3,0,0,4,4,101" ten="276,172,230,322" oya="3" hai0="111,38,74,84,54,110,9,109,105,81,14,129,3" hai1="59,92,37,12,127,76,99,16,125,66,36,40,10" hai2="23,45,83,56,4,86,46,17,26,64,96,44,80" hai3="119,1,19,108,93,27,113,118,114,62,30,103,73"/><W87/><G73/><T53/><D74/><U6/><E76/><V33/><F33/><W39/><G39/><T41/><D3/><U48/><E6/><V61/><F4/><W121/><G1/><T49/><D129/><U128/><E128/><V85/><F96/><W98/><G19/><T133/><D133/><U47/><E66/><V68/><F68/><W100/><G62/><T22/><D22/><U70/><E59/><V21/><F21/><W60/><G60/><T18/><D105/><U106/><E70/><V57/><F57/><W90/><G27/><T55/><D38/><U94/><E37/><V5/><F5/><W8/><G8/><T15/><D15/><U115/><E36/><V50/><F50/><W11/><G11/><T72/><D72/><U35/><E35/><V89/><REACH who="2" step="1"/><F85/><REACH who="2" ten="276,172,220,322" step="2"/><N who="3" m="52431" /><G118/><T77/><REACH who="0" step="1"/><D41/><REACH who="0" ten="266,172,220,322" step="2"/><U32/><E32/><V51/><F51/><AGARI ba="0,2" hai="9,14,18,49,51,53,54,55,77,81,84,109,110,111" machi="51" ten="50,6400,0" yaku="1,1,2,1,14,1,53,0" doraHai="101" doraHaiUra="24" who="0" fromWho="2" sc="266,84,172,0,220,-64,322,0" /><INIT seed="4,0,0,4,0,33" ten="350,172,156,322" oya="0" hai0="98,6,106,14,113,76,82,34,117,0,78,47,27" hai1="26,125,97,56,135,95,132,61,22,38,35,67,24" hai2="101,79,58,77,48,57,91,45,100,53,28,96,23" hai3="134,55,2,87,80,43,51,30,88,5,114,90,41"/><T31/><D117/><U64/><E38/><V115/><F115/><W118/><G114/><T99/><D113/><U124/><E35/><V123/><F123/><W89/><G134/><N who="1" m="51242" /><E67/><V11/><F11/><W102/><G102/><T25/><D78/><U104/><E104/><V83/><F79/><W84/><G30/><T81/><D81/><U4/><E4/><V128/><F128/><W133/><G133/><T108/><D108/><U130/><E130/><V93/><F101/><W12/><G118/><T49/><D27/><N who="1" m="10283" /><E22/><V119/><F119/><W3/><G12/><T86/><D106/><U105/><E105/><V10/><F10/><W8/><G3/><T46/><D46/><U16/><E16/><V72/><F23/><W120/><G120/><T92/><D14/><U73/><E73/><V66/><F28/><W69/><G69/><T71/><D71/><U75/><E75/><V40/><F66/><W17/><G17/><T94/><D6/><U52/><E64/><V44/><REACH who="2" step="1"/><F100/><AGARI ba="0,0" hai="52,56,61,95,97,100,124,125" m="10283,51242" machi="100" ten="30,2000,0" yaku="20,1,54,1" doraHai="33" who="1" fromWho="2" sc="350,0,172,20,156,-20,322,0" /><INIT seed="5,0,0,0,2,11" ten="350,192,136,322" oya="1" hai0="18,12,132,3,22,35,14,62,51,32,63,40,46" hai1="135,128,0,77,112,114,108,20,89,6,68,60,87" hai2="31,124,36,72,83,109,125,118,86,21,1,122,105" hai3="79,107,4,29,134,94,119,117,85,130,16,96,81"/><U123/><E123/><V19/><F1/><W30/><G107/><T34/><D3/><U131/><E77/><V129/><F36/><W54/><G130/><N who="1" m="49706" /><E108/><V127/><F105/><W24/><G4/><T9/><REACH who="0" step="1"/><D132/><REACH who="0" ten="340,192,136,322" step="2"/><U106/><E135/><V59/><F129/><W13/><G134/><T103/><D103/><U116/><E116/><N who="3" m="44618" /><G24/><T102/><D102/><U48/><E0/><V37/><F109/><W25/><G25/><T52/><D52/><U74/><E106/><V45/><F118/><W73/><G54/><T64/><D64/><U53/><E53/><V91/><F122/><W120/><G120/><T50/><D50/><U33/><E48/><V95/><F124/><W47/><G47/><T5/><AGARI ba="0,1" hai="5,9,12,14,18,22,32,34,35,40,46,51,62,63" machi="5" ten="30,7900,0" yaku="1,1,0,1,52,2,53,0" doraHai="11" doraHaiUra="78" who="0" fromWho="0" sc="340,89,192,-39,136,-20,322,-20" /><INIT seed="6,0,0,4,4,115" ten="429,153,116,302" oya="2" hai0="32,126,109,36,21,42,124,133,7,106,114,17,22" hai1="93,48,127,75,59,53,96,110,1,65,66,100,43" hai2="97,18,122,108,135,62,76,119,44,26,52,129,88" hai3="31,68,34,11,63,98,25,10,64,24,58,71,72"/><V134/><F122/><W89/><G72/><T104/><D114/><U45/><E75/><V57/><F129/><W27/><G68/><T47/><D109/><U51/><E110/><V125/><F125/><N who="0" m="48234" /><D32/><U102/><E127/><V41/><F108/><W113/><G113/><T107/><D7/><U5/><E5/><V60/><F76/><W123/><G123/><T8/><D133/><N who="2" m="50698" /><F119/><W112/><G112/><T118/><D118/><U35/><E1/><V46/><F62/><W50/><G11/><T132/><D132/><U70/><E35/><V111/><F111/><W130/><G10/><T12/><AGARI ba="0,0" hai="8,12,17,21,22,36,42,47,104,106,107" m="48234" machi="12" ten="40,1500,0" yaku="18,1" doraHai="115" who="0" fromWho="0" sc="429,15,153,-4,116,-7,302,-4" /><INIT seed="7,0,0,3,0,77" ten="444,149,109,298" oya="3" hai0="95,75,20,113,22,81,109,10,30,56,116,128,115" hai1="68,119,16,7,93,83,90,42,9,24,96,135,97" hai2="3,62,31,40,46,66,63,85,89,104,39,130,61" hai3="78,48,8,0,25,41,17,58,87,112,57,43,69"/><W11/><G69/><T125/><D109/><U129/><E119/><V108/><F104/><W18/><G112/><N who="0" m="43083" /><D116/><U70/><E135/><V27/><F3/><W123/><G0/><T74/><D128/><U6/><E42/><V13/><F130/><W67/><G123/><T131/><D131/><U84/><E129/><V100/><F100/><W133/><G133/><T38/><D125/><U80/><E70/><V2/><F2/><W92/><G92/><T47/><D95/><U72/><E68/><V98/><F98/><N who="1" m="37993" /><E72/><V99/><F99/><W29/><G67/><T53/><D81/><N who="1" m="31307" /><E24/><V32/><F108/><W88/><G25/><N who="0" m="16679" /><D22/><U45/><E45/><V114/><F114/><W73/><G43/><N who="0" m="23031" /><D10/><U19/><E9/><V36/><F13/><W127/><G41/><T52/><D53/><U37/><E37/><V23/><F32/><W86/><G11/><T1/><D1/><U71/><E71/><V28/><F28/><W126/><G29/><T44/><D44/><U117/><E117/><V54/><F54/><W33/><G8/><T65/><D65/><U122/><E122/><V121/><F121/><W82/><G73/><T134/><D134/><U51/><E51/><AGARI ba="0,0" hai="51,52,56,74,75" m="23031,16679,43083" machi="51" ten="30,3900,0" yaku="15,1,11,1,54,1" doraHai="77" who="0" fromWho="1" sc="444,39,149,-39,109,0,298,0" owari="483,58.0,110,-29.0,109,-39.0,298,10.0" /></mjloggm>