<mjloggm ver="2.3"><GO type="97" lobby="0"/><UN n0="%77%61%62%69%73%61%62%69" n1="%E3%83%88%E3%83%88%E3%83%AA%E5%85%88%E7%94%9F%31%39%E6%AD%B3" n2="%E3%83%94%E3%83%B3%E3%82%AF%E7%88%BA" n3="%69%64%70%61%70%61%70%61" dan="13,14,13,14" rate="1885.33,2038.42,1918.13,1885.73" sx="M,F,M,M"/><TAIKYOKU oya="0"/><INIT seed="0,0,0,4,0,64" ten="250,250,250,250" oya="0" hai0="85,84,101,22,91,60,30,132,108,117,41,119,77" hai1="88,127,29,19,75,114,58,79,5,103,13,45,23" hai2="111,80,63,115,34,36,126,121,105,67,94,43,76" hai3="55,11,1,129,98,52,93,109,35,72,44,65,47"/><T120/><D120/><U97/><E127/><V6/><F121/><W61/><G72/><T26/><D132/><U130/><E130/><V37/><F115/><W122/><G122/><T73/><D73/><U59/><E114/><V48/><F105/><W110/><G35/><T56/><D101/><U49/><E29/><V27/><F126/><W78/><G78/><T104/><D104/><U131/><E131/><V4/><F111/><N who="3" m="42507" /><G129/><T118/><D108/><U57/><E75/><V20/><F34/><W83/><G83/><T16/><D41/><U92/><E5/><V8/><F94/><W100/><G44/><T71/><D71/><U69/><E69/><V116/><F116/><W9/><G47/><T123/><D123/><U124/><E79/><V10/><F4/><N who="3" m="1167" /><G11/><T99/><D77/><U7/><E7/><V21/><F10/><W82/><G82/><T51/><D51/><U46/><E124/><V14/><F21/><W31/><G31/><T113/><D113/><U42/><REACH who="1" step="1"/><E46/><REACH who="1" ten="250,240,250,250" step="2"/><V128/><F76/><W70/><AGARI ba="0,1" hai="52,55,61,65,70,93,98,100" m="1167,42507" machi="70" ten="30,4000,0" yaku="14,1,52,1,54,1" doraHai="64" who="3" fromWho="3" sc="250,-20,240,-10,250,-10,250,50" /><INIT seed="1,0,0,2,0,50" ten="230,230,240,300" oya="1" hai0="60,126,57,121,84,104,34,42,26,67,36,83,5" hai1="125,51,99,88,19,117,109,91,113,41,12,46,131" hai2="68,120,115,103,81,56,22,64,23,86,127,52,66" hai3="106,40,59,79,55,71,95,97,32,107,108,1,130"/><U133/><E113/><V4/><F120/><W7/><G32/><T65/><D104/><U17/><E117/><V73/><F73/><W10/><G71/><T116/><D116/><U123/><E123/><V20/><F115/><W74/><G130/><T25/><D126/><U98/><E125/><V35/><F35/><W16/><G40/><T118/><D118/><U77/><E131/><V45/><F103/><W96/><G96/><N who="1" m="36906" /><E77/><V27/><F4/><W31/><G31/><T37/><D121/><U70/><E70/><V92/><F92/><W2/><G2/><T44/><D37/><U28/><E28/><V111/><F111/><W21/><G79/><T124/><D124/><U14/><E133/><V53/><F127/><W93/><G93/><T134/><D134/><U75/><E75/><V48/><F27/><N who="3" m="14759" /><G108/><T110/><D110/><U61/><E109/><V80/><F68/><W132/><G132/><T122/><D122/><U76/><E76/><N who="2" m="46343" /><F81/><W100/><G100/><T102/><D102/><U33/><E33/><V9/><F9/><W63/><G74/><T18/><D5/><U15/><E61/><AGARI ba="0,0" hai="20,22,23,45,48,52,53,56,61,64,66" m="46343" machi="61" ten="30,7700,0" yaku="8,1,52,2,54,1" doraHai="50" who="2" fromWho="1" sc="230,0,230,-77,240,77,300,0" /><INIT seed="2,0,0,2,5,17" ten="230,153,317,300" oya="2" hai0="37,80,30,107,24,25,28,111,116,117,118,124,126" hai1="70,82,106,75,91,55,21,127,86,64,40,31,89" hai2="119,108,26,19,115,50,114,46,8,133,60,87,78" hai3="15,53,9,135,93,98,129,44,123,49,69,95,73"/><V18/><F119/><W131/><G73/><T54/><D107/><U45/><E106/><V2/><F133/><W51/><G123/><T72/><D37/><U61/><E127/><N who="0" m="48681" /><D54/><U68/><E75/><V34/><F108/><W32/><G32/><T130/><D80/><U56/><E68/><V77/><F2/><W23/><G69/><T59/><D72/><U41/><E41/><V67/><F34/><W121/><G121/><T58/><D111/><U100/><E100/><V36/><F36/><W112/><G112/><T99/><D99/><U62/><E89/><V43/><F19/><N who="3" m="10751" /><G135/><T5/><D130/><N who="3" m="49673" /><G9/><T29/><D5/><U20/><REACH who="1" step="1"/><E31/><REACH who="1" ten="230,143,317,300" step="2"/><V7/><F114/><W16/><G51/><AGARI ba="0,1" hai="20,21,40,45,51,55,56,61,62,64,70,82,86,91" machi="51" ten="30,8000,1" yaku="1,1,2,1,7,1,52,2,53,0" doraHai="17" doraHaiUra="22" who="1" fromWho="3" sc="230,0,143,90,317,0,300,-80" /><INIT seed="3,0,0,2,1,93" ten="230,233,317,220" oya="3" hai0="50,121,78,120,73,26,3,66,42,14,130,56,46" hai1="38,127,36,33,35,101,99,1,43,124,76,65,109" hai2="77,88,106,11,58,132,87,60,55,94,4,57,117" hai3="23,81,18,67,97,98,84,122,134,74,123,49,86"/><W108/><G67/><T17/><D3/><U95/><E109/><V8/><F117/><W131/><G131/><T45/><D130/><U27/><E1/><V105/><F77/><N who="3" m="44215" /><G49/><T64/><D26/><U107/><E76/><V125/><F132/><W0/><G0/><T91/><D46/><U34/><E65/><V31/><F31/><W135/><G18/><T85/><D78/><U37/><E95/><V15/><F125/><N who="1" m="48201" /><E43/><V21/><F11/><W12/><G12/><T92/><D73/><U22/><E22/><V119/><F119/><W79/><G23/><T118/><D118/><U111/><E111/><V114/><F114/><W24/><G24/><AGARI ba="0,0" hai="24,27,33,34,35,36,37,38,99,101,107" m="48201" machi="24" ten="50,3200,0" yaku="18,1,52,1" doraHai="93" who="1" fromWho="3" sc="230,0,233,32,317,0,220,-32" owari="230,-17.0,265,7.0,317,41.0,188,-31.0" /></mjloggm>