<mjloggm ver="2.3"><GO type="169" lobby="0"/><UN n0="%E3%83%88%E3%83%88%E3%83%AA%E5%85%88%E7%94%9F%31%39%E6%AD%B3" n1="%6C%6F%4A%61%73%6B%69%6E" n2="%55%52%41%4E" n3="%E3%82%AA%E3%82%AB%E3%83%AB%E3%83%88%E4%B8%80%E8%89%B2" dan="17,17,16,16" rate="2256.41,2210.66,2051.90,2047.90" sx="F,M,M,M"/><TAIKYOKU oya="0"/><INIT seed="0,0,0,0,5,56" ten="250,250,250,250" oya="0" hai0="85,19,50,22,5,30,109,40,128,121,47,26,54" hai1="20,37,120,39,28,80,92,14,89,82,110,38,44" hai2="52,29,117,81,66,116,51,2,31,104,103,111,60" hai3="74,102,105,7,90,77,135,68,35,61,96,1,25"/><T107/><D121/><U42/><E120/><V127/><F2/><W67/><G90/><T86/><D107/><U16/><E110/><V134/><F111/><W129/><G129/><T108/><D128/><U6/><E6/><V57/><F134/><W32/><G135/><T130/><D130/><U0/><E28/><V83/><F127/><W49/><G49/><N who="0" m="26855" /><D5/><U101/><E101/><V131/><F131/><W93/><G93/><T65/><D65/><U58/><E58/><N who="2" m="33055" /><F104/><W41/><G41/><T126/><D126/><U34/><E34/><V70/><F103/><W78/><G78/><T115/><D115/><U69/><E69/><V59/><F83/><N who="3" m="45495" /><G25/><T84/><D109/><U10/><E0/><V12/><F81/><W88/><G88/><T125/><D125/><U94/><E94/><V112/><F112/><W71/><G71/><T132/><D132/><U113/><E113/><V119/><F12/><W133/><G133/><T23/><D108/><U123/><E123/><V4/><F4/><W97/><G97/><T87/><D87/><U72/><E72/><V122/><F122/><W53/><G53/><T3/><D3/><U9/><E80/><V114/><F114/><W13/><G13/><N who="0" m="9583" /><D86/><U73/><E82/><V11/><F11/><AGARI ba="0,0" hai="1,7,11,32,35,61,67,68,96,102,105" m="45495" machi="11" ten="30,3900,0" yaku="33,2,52,1" doraHai="56" who="3" fromWho="2" sc="250,0,250,0,250,-39,250,39" /><INIT seed="1,0,0,1,0,7" ten="250,250,211,289" oya="1" hai0="34,111,10,108,113,17,68,96,84,27,6,107,56" hai1="11,81,69,54,72,91,79,117,52,94,109,127,114" hai2="80,95,46,58,55,118,106,24,29,70,36,12,53" hai3="33,132,21,37,85,9,26,87,44,88,5,120,66"/><U4/><E114/><V28/><F106/><W110/><G120/><T73/><D113/><U40/><E117/><V50/><F118/><W98/><G33/><T13/><D68/><U89/><E127/><V129/><F70/><W123/><G123/><T65/><D73/><U25/><E69/><V101/><F129/><W133/><G66/><T99/><D107/><U100/><E100/><V135/><F36/><W103/><G110/><N who="0" m="42027" /><D84/><U90/><E109/><V119/><F119/><W45/><G85/><T124/><D124/><U115/><E115/><V41/><F41/><W112/><G112/><T59/><D65/><U64/><E64/><V8/><F80/><N who="3" m="49255" /><G98/><N who="0" m="37419" /><D34/><U19/><E40/><V61/><F135/><N who="3" m="51787" /><G103/><T122/><D122/><U43/><E43/><V31/><F101/><W78/><G78/><T131/><D131/><U57/><E94/><V47/><F95/><W134/><G37/><T60/><D60/><U2/><REACH who="1" step="1"/><E57/><REACH who="1" ten="250,240,211,289" step="2"/><V126/><F126/><W20/><G134/><T49/><D59/><U82/><E82/><V121/><F121/><W128/><G128/><T125/><D125/><U48/><E48/><V0/><F47/><W23/><G26/><T92/><D92/><U116/><E116/><V22/><REACH who="2" step="1"/><F0/><AGARI ba="0,1" hai="0,5,9,20,21,23,44,45" m="51787,49255" machi="0" ten="30,3900,0" yaku="20,1,52,1,54,1" doraHai="7" who="3" fromWho="2" sc="250,0,240,0,211,-39,289,49" /><INIT seed="2,0,0,0,1,50" ten="250,240,172,338" oya="2" hai0="10,96,17,129,107,72,28,38,8,57,64,42,21" hai1="86,111,12,113,9,91,54,97,67,104,78,25,76" hai2="69,108,117,132,135,15,83,122,58,133,34,66,125" hai3="101,55,127,48,134,63,43,3,124,49,121,37,32"/><V103/><F34/><W92/><G3/><T11/><D72/><U99/><E113/><V39/><F39/><W31/><G121/><T114/><D114/><U94/><E111/><V88/><F122/><W74/><G74/><T84/><D129/><U116/><E116/><V87/><F117/><W16/><G134/><T45/><D28/><U61/><E104/><V106/><F108/><W93/><G31/><T36/><D36/><U46/><E25/><V13/><F125/><W52/><G32/><T115/><D115/><U33/><E33/><V47/><F69/><W109/><G109/><T27/><D84/><U5/><E67/><V35/><F35/><W131/><G63/><T126/><D126/><U95/><E46/><V80/><F80/><W7/><G37/><T90/><D107/><U14/><E12/><V2/><F2/><W1/><G1/><T56/><D64/><U4/><E4/><V60/><REACH who="2" step="1"/><F47/><REACH who="2" ten="250,240,162,338" step="2"/><W18/><G127/><T40/><D45/><U123/><E123/><V23/><F23/><W105/><G124/><T70/><D70/><U68/><E68/><V128/><F128/><W110/><G131/><T119/><D38/><U19/><E76/><V82/><F82/><W75/><G110/><T53/><D119/><U30/><E78/><V112/><F112/><W41/><G75/><T120/><D120/><U44/><E44/><V130/><F130/><W22/><G22/><T62/><D42/><U59/><E9/><V29/><F29/><W79/><G43/><T6/><D40/><U77/><E30/><V98/><AGARI ba="0,1" hai="13,15,58,60,66,83,87,88,98,103,106,132,133,135" machi="98" ten="40,12000,1" yaku="1,1,0,1,20,1,54,1,53,0" doraHai="50" doraHaiUra="73" who="2" fromWho="2" sc="250,-40,240,-40,162,130,338,-40" /><INIT seed="2,1,0,2,4,3" ten="210,200,292,298" oya="2" hai0="72,28,40,97,19,99,73,89,112,8,4,34,125" hai1="45,131,102,92,9,126,31,65,26,51,14,59,76" hai2="78,129,39,90,87,86,43,66,24,32,64,119,88" hai3="134,33,56,79,80,106,113,2,57,128,124,35,123"/><V69/><F119/><W103/><G123/><T20/><D112/><U105/><E131/><V98/><F129/><W13/><G2/><N who="0" m="23" /><D40/><U108/><E126/><V27/><F32/><W127/><G128/><T48/><D48/><U115/><E105/><V83/><F69/><W42/><G42/><T133/><D125/><N who="3" m="48201" /><G134/><T81/><D133/><U36/><E108/><V111/><F43/><W107/><G13/><N who="0" m="9327" /><D89/><U71/><E36/><V25/><F39/><W16/><G16/><T122/><D81/><U41/><E71/><V116/><F111/><W12/><G12/><T37/><D122/><U121/><E121/><V74/><F116/><W77/><G77/><T47/><D47/><U11/><E76/><V29/><F29/><W18/><G18/><T70/><D70/><U44/><E44/><V94/><REACH who="2" step="1"/><F74/><REACH who="2" ten="210,200,282,298" step="2"/><W95/><G35/><T130/><D130/><U38/><E38/><V104/><F104/><W101/><G33/><T15/><D37/><U49/><E41/><V62/><F62/><W93/><G106/><T10/><D72/><U91/><E31/><V46/><F46/><W132/><G107/><T67/><D73/><U58/><E45/><V17/><F17/><W0/><G132/><T100/><D28/><U96/><E115/><V21/><F21/><W120/><G120/><T75/><D75/><U60/><E60/><V50/><F50/><W82/><G113/><T30/><D30/><U5/><E49/><V22/><F22/><W118/><G118/><T53/><D34/><U54/><E51/><V84/><F84/><W61/><G61/><T1/><D99/><RYUUKYOKU ba="1,1" sc="210,-10,200,-10,282,30,298,-10" hai2="24,25,27,64,66,78,83,86,87,88,90,94,98" /><INIT seed="2,2,1,3,0,9" ten="200,190,312,288" oya="2" hai0="83,79,123,93,100,68,38,37,108,53,27,17,72" hai1="46,69,51,120,80,40,29,130,22,78,44,87,74" hai2="8,24,57,131,16,77,126,82,135,58,81,94,42" hai3="99,111,105,26,23,7,49,35,112,103,86,6,96"/><V45/><F131/><W63/><G111/><T127/><D123/><U133/><E69/><V28/><F135/><W73/><G73/><T88/><D68/><U0/><E130/><V109/><F126/><W115/><G35/><T31/><D108/><U54/><E0/><V50/><F109/><W20/><G63/><T129/><D127/><U60/><E133/><V76/><F94/><W75/><G75/><T10/><D129/><U114/><E114/><N who="3" m="43562" /><G99/><T134/><D100/><U89/><E120/><V132/><F132/><W18/><G49/><T66/><D66/><U91/><E74/><V55/><F77/><W121/><G121/><T32/><D53/><U5/><E5/><V104/><F76/><W59/><G59/><T107/><D107/><U15/><E60/><V65/><F104/><W122/><G122/><T19/><D134/><U1/><E1/><V110/><F110/><W85/><G23/><T4/><D37/><U25/><REACH who="1" step="1"/><E15/><REACH who="1" ten="200,180,312,288" step="2"/><V95/><F65/><W113/><G113/><T124/><D124/><U128/><E128/><V52/><F24/><W125/><G125/><T56/><D72/><U48/><AGARI ba="2,2" hai="22,25,29,40,44,46,48,51,54,78,80,87,89,91" machi="48" ten="20,5200,0" yaku="1,1,0,1,7,1,8,1,53,0" doraHai="9" doraHaiUra="34" who="1" fromWho="1" sc="200,-15,180,78,312,-28,288,-15" /><INIT seed="3,0,0,3,0,99" ten="185,258,284,273" oya="3" hai0="119,73,113,8,2,47,124,131,78,61,23,12,98" hai1="81,84,58,17,34,68,10,19,97,102,95,50,75" hai2="0,28,116,64,112,48,135,79,5,27,67,21,77" hai3="122,93,80,130,31,128,30,109,82,94,129,24,101"/><W9/><G122/><T51/><D119/><U132/><E68/><V71/><F116/><W56/><G109/><T125/><D2/><U6/><E75/><V57/><F112/><W65/><G9/><T114/><D131/><U121/><E34/><V55/><F135/><W40/><G40/><T110/><D23/><U25/><E132/><V46/><F71/><W100/><G65/><N who="2" m="25161" /><F0/><W32/><G56/><T7/><D61/><U62/><E50/><N who="2" m="30967" /><F5/><W108/><G108/><T83/><D98/><U88/><E25/><V13/><F13/><W39/><G39/><T86/><D73/><U104/><E104/><V59/><F59/><W126/><G126/><N who="0" m="48747" /><D110/><U14/><E121/><V133/><F133/><W107/><G107/><T123/><D123/><U11/><E10/><V44/><F44/><W118/><G118/><T38/><D38/><U1/><E1/><V106/><F106/><W22/><G22/><T90/><D47/><U60/><E62/><V70/><F70/><W105/><G105/><T4/><D51/><U49/><E49/><V16/><F28/><W52/><G52/><AGARI ba="0,0" hai="6,11,14,17,19,52,58,60,81,84,88,95,97,102" machi="52" ten="30,8000,1" yaku="7,1,8,1,52,1,54,2" doraHai="99" who="1" fromWho="3" sc="185,0,258,80,284,0,273,-80" /><AGARI ba="0,0" hai="16,21,27,46,48,52,77,79" m="30967,25161" machi="52" ten="30,3900,0" yaku="8,1,54,2" doraHai="99" who="2" fromWho="3" sc="185,0,338,0,284,39,193,-39" /><INIT seed="4,0,0,5,1,79" ten="185,338,323,154" oya="0" hai0="62,131,105,56,98,6,95,91,42,7,13,101,87" hai1="93,30,120,119,4,54,127,57,32,28,27,11,49" hai2="29,108,71,118,34,123,75,63,51,129,125,44,83" hai3="3,126,110,85,15,68,77,78,66,35,116,52,19"/><T128/><D42/><U8/><E120/><V1/><RYUUKYOKU type="yao9" ba="0,0" sc="185,0,338,0,323,0,154,0" hai2="1,29,34,44,51,63,71,75,83,108,118,123,125,129" /><INIT seed="4,1,0,2,4,115" ten="185,338,323,154" oya="0" hai0="41,55,94,129,38,130,67,45,32,13,78,77,49" hai1="120,88,93,10,2,134,122,109,46,54,132,92,118" hai2="24,48,50,9,91,53,125,0,61,63,28,20,99" hai3="95,60,114,110,29,81,30,128,69,98,26,103,133"/><T58/><D32/><U56/><E109/><V62/><F125/><W59/><G110/><T12/><D94/><U74/><E74/><V84/><F99/><W37/><G114/><T119/><D119/><U71/><E71/><V90/><F90/><W113/><G113/><T121/><D121/><U108/><E108/><V102/><F102/><W82/><G37/><T86/><D67/><U25/><E93/><N who="2" m="54503" /><F0/><W44/><G128/><N who="0" m="49259" /><D86/><N who="1" m="52247" /><E46/><N who="2" m="27863" /><F48/><W66/><G133/><N who="1" m="51306" /><E118/><V79/><F9/><W76/><G44/><T7/><D7/><N who="1" m="1399" /><E25/><V3/><F3/><W126/><G126/><T124/><D124/><U16/><E16/><N who="2" m="12295" /><F79/><AGARI ba="1,0" hai="12,13,38,41,45,49,55,58,77,78,79" m="49259" machi="79" ten="30,1500,0" yaku="19,1" doraHai="115" who="0" fromWho="2" sc="185,18,338,0,323,-18,154,0" /><INIT seed="4,2,0,5,5,100" ten="203,338,305,154" oya="0" hai0="50,128,80,132,84,57,19,121,52,65,31,104,129" hai1="11,71,58,92,96,43,72,119,85,33,7,36,29" hai2="101,108,12,74,49,41,9,1,6,20,26,117,73" hai3="53,123,97,89,44,37,40,0,17,125,42,99,70"/><T76/><D121/><U21/><E71/><V69/><F108/><W22/><G123/><T5/><D132/><U4/><E33/><V110/><F110/><W68/><G125/><T98/><D31/><U102/><E72/><V131/><F69/><W111/><G111/><T122/><D122/><U60/><E43/><V15/><F131/><N who="0" m="50250" /><D5/><U34/><E34/><V116/><F101/><W56/><G0/><T124/><D124/><U134/><E36/><V67/><F67/><W47/><G97/><T32/><D32/><U66/><E119/><N who="2" m="45643" /><F74/><W113/><G113/><T38/><D38/><U62/><E134/><V14/><F73/><W27/><G44/><N who="0" m="27719" /><D19/><U115/><E115/><V118/><F118/><W13/><G42/><T126/><D126/><U8/><E4/><V130/><F130/><W105/><G13/><T61/><D98/><U88/><E7/><V18/><F41/><W63/><REACH who="3" step="1"/><G105/><AGARI ba="2,0" hai="57,61,65,76,80,84,104,105" m="27719,50250" machi="105" ten="30,11600,0" yaku="19,1,52,2,54,1" doraHai="100" who="0" fromWho="3" sc="203,122,338,0,305,0,154,-122" /><INIT seed="4,3,0,4,4,64" ten="325,338,305,32" oya="0" hai0="50,75,43,126,61,23,12,94,85,91,134,62,14" hai1="16,29,68,19,39,56,105,8,127,133,15,87,120" hai2="27,99,103,3,119,113,48,10,96,49,82,30,52" hai3="109,59,22,88,5,135,17,95,42,9,51,69,93"/><T54/><D75/><U37/><E105/><V92/><F119/><W125/><G109/><T46/><D134/><U128/><E133/><V32/><F113/><W60/><G135/><T110/><D126/><U84/><E127/><V115/><F115/><W114/><G114/><T78/><D110/><U47/><E128/><V123/><F123/><W124/><G124/><T28/><D78/><U90/><E68/><V34/><F49/><W55/><G125/><T58/><D61/><U101/><E101/><V117/><F117/><W129/><G129/><T111/><D111/><U25/><E19/><V97/><F32/><W26/><G93/><T132/><D132/><U71/><E71/><V1/><F82/><W57/><G69/><T53/><D43/><U7/><E7/><V67/><F67/><W41/><G9/><T70/><D70/><U72/><E72/><V36/><F36/><W74/><G5/><T44/><D44/><U66/><E87/><V18/><F3/><W86/><REACH who="3" step="1"/><G74/><REACH who="3" ten="325,338,305,22" step="2"/><T33/><D33/><U11/><E11/><V106/><F92/><W21/><G21/><T40/><D40/><U2/><E2/><V63/><F1/><W65/><AGARI ba="3,1" hai="17,22,26,41,42,51,55,57,59,60,65,86,88,95" machi="65" ten="20,8000,1" yaku="1,1,0,1,7,1,8,1,54,1,53,0" doraHai="64" doraHaiUra="102" who="3" fromWho="3" sc="325,-43,338,-23,305,-23,22,99" /><INIT seed="5,0,0,3,3,83" ten="282,315,282,121" oya="1" hai0="105,24,1,109,48,76,72,131,29,34,64,58,60" hai1="103,11,67,78,74,120,104,30,116,86,47,124,21" hai2="43,119,92,37,113,63,121,126,18,22,68,82,125" hai3="39,33,6,106,53,41,10,85,20,40,32,133,54"/><U2/><E74/><V97/><F121/><W61/><G106/><T99/><D109/><U46/><E116/><V77/><F119/><W42/><G39/><T52/><D1/><U118/><E118/><V51/><F37/><W130/><G130/><T84/><D72/><U16/><E124/><N who="2" m="47723" /><F113/><W134/><G20/><T132/><D131/><U17/><E103/><N who="2" m="60839" /><F43/><W100/><G100/><T91/><D76/><U49/><E104/><V36/><F36/><W31/><G31/><T55/><D132/><U35/><E67/><N who="2" m="41087" /><F51/><W69/><G69/><T26/><D26/><N who="1" m="18903" /><E49/><V108/><F108/><W135/><G85/><T28/><D28/><U89/><E78/><V73/><F18/><W87/><G87/><T95/><D105/><U5/><E17/><V123/><F123/><W80/><G80/><T90/><REACH who="0" step="1"/><D48/><REACH who="0" ten="272,315,282,121" step="2"/><U12/><E120/><V38/><F38/><W44/><G61/><T0/><D0/><U81/><AGARI ba="0,1" hai="2,5,11,12,16,21,46,47,81,86,89" m="18903" machi="81" ten="30,6000,0" yaku="24,1,52,1,54,1" doraHai="83" who="1" fromWho="1" sc="272,-20,315,70,282,-20,121,-20" /><INIT seed="5,1,0,2,5,0" ten="252,385,262,101" oya="1" hai0="81,51,112,124,12,109,108,24,26,42,53,69,5" hai1="36,89,15,44,25,92,16,106,80,131,61,71,17" hai2="133,27,40,56,50,23,64,34,48,32,67,19,116" hai3="134,123,29,9,54,47,58,7,130,66,82,3,10"/><U103/><E106/><V119/><F133/><W4/><G123/><T105/><D69/><U121/><E103/><V6/><F34/><W122/><G122/><T21/><D105/><U95/><E121/><V77/><F32/><W100/><G134/><T2/><D2/><U118/><E131/><V46/><F77/><W107/><G130/><T18/><D112/><U110/><E118/><V20/><F119/><W113/><G113/><T79/><D124/><U135/><E135/><V90/><F90/><W39/><G29/><T13/><D42/><U60/><E71/><V87/><F87/><W31/><G31/><T57/><D108/><U37/><E36/><V65/><F116/><W75/><G66/><T59/><D59/><U43/><E25/><V115/><F115/><W78/><G100/><T83/><D109/><U68/><E17/><N who="2" m="12687" /><F6/><W114/><G107/><T52/><D53/><U111/><E68/><V88/><F88/><W63/><G114/><T8/><REACH who="0" step="1"/><D83/><REACH who="0" ten="242,385,262,101" step="2"/><U55/><E80/><V98/><F56/><W128/><G128/><T126/><D126/><U70/><E55/><V1/><F1/><W117/><G117/><T22/><D22/><N who="1" m="11551" /><E70/><V74/><F65/><W38/><REACH who="3" step="1"/><G47/><REACH who="3" ten="242,385,262,91" step="2"/><T72/><AGARI ba="1,2" hai="5,8,12,13,18,21,24,26,51,52,57,72,79,81" machi="72" ten="20,8000,1" yaku="1,1,0,1,7,1,52,1,54,1,53,0" doraHai="0" doraHaiUra="120" who="0" fromWho="0" sc="242,103,385,-41,262,-21,91,-21" /><INIT seed="6,0,0,4,5,10" ten="345,344,241,70" oya="2" hai0="25,82,123,126,86,50,38,107,89,67,122,36,63" hai1="29,22,103,56,98,96,84,79,92,0,45,48,4" hai2="80,112,34,72,69,85,129,31,125,68,21,131,57" hai3="43,1,20,17,33,37,61,74,70,64,88,135,99"/><V73/><F112/><W27/><G135/><T51/><D107/><U83/><E0/><V71/><F34/><W54/><G74/><N who="2" m="28777" /><F57/><W65/><G1/><T104/><D104/><U127/><E127/><V12/><F125/><W26/><G37/><T18/><D126/><U16/><E4/><V111/><F111/><W117/><G43/><T9/><D38/><U58/><E29/><V2/><F2/><W113/><G117/><T87/><D36/><U62/><E96/><V60/><F60/><W90/><G113/><T77/><D122/><U53/><REACH who="1" step="1"/><E62/><REACH who="1" ten="345,334,241,70" step="2"/><V119/><F119/><W55/><G99/><T91/><D123/><U124/><E124/><V19/><F31/><W118/><G118/><T13/><D25/><AGARI ba="0,1" hai="16,22,25,45,48,53,56,58,79,83,84,92,98,103" machi="25" ten="30,7700,0" yaku="1,1,7,1,8,1,54,1,53,0" doraHai="10" doraHaiUra="39" who="1" fromWho="0" sc="345,-77,334,87,241,0,70,0" /><INIT seed="7,0,0,1,4,109" ten="268,421,241,70" oya="3" hai0="118,70,40,71,125,92,58,12,38,34,112,103,59" hai1="26,24,80,46,4,82,107,50,129,15,110,54,36" hai2="18,53,130,76,14,90,128,89,134,32,98,2,79" hai3="81,119,105,87,121,57,133,47,88,86,75,43,100"/><W52/><G119/><T127/><D112/><U108/><E107/><V101/><F2/><W31/><G121/><T39/><D118/><U124/><E124/><N who="0" m="47689" /><D34/><U111/><E129/><V65/><F134/><W48/><G133/><T66/><D12/><U42/><E24/><V97/><F32/><W135/><G135/><T104/><D92/><U5/><E26/><V123/><F123/><W116/><G116/><T45/><D39/><U13/><E13/><V3/><F3/><W102/><G75/><T83/><D83/><U21/><E5/><V17/><F65/><W19/><G31/><T120/><D120/><U77/><E77/><V85/><F53/><W9/><G105/><T113/><D113/><U51/><E36/><V72/><F14/><N who="3" m="7631" /><G87/><T132/><D132/><U94/><E94/><V67/><F67/><W37/><G37/><T117/><D117/><U73/><E73/><V122/><F122/><W95/><G95/><T63/><D70/><U20/><E80/><V1/><F1/><W16/><G16/><T74/><D74/><U44/><E82/><V68/><F68/><W61/><AGARI ba="0,0" hai="43,47,48,52,57,61,81,86,88,100,102" m="7631" machi="61" ten="30,6000,0" yaku="8,1,54,2" doraHai="109" who="3" fromWho="3" sc="268,-20,421,-20,241,-20,70,60" /><INIT seed="7,1,0,5,2,7" ten="248,401,221,130" oya="3" hai0="41,88,113,78,110,97,71,115,53,62,51,57,96" hai1="32,98,21,37,103,18,8,102,74,116,9,92,38" hai2="25,86,22,49,76,4,72,29,35,133,54,2,42" hai3="79,28,114,124,36,31,67,20,19,128,24,122,58"/><W13/><G36/><T80/><D110/><U17/><E32/><V134/><F42/><W85/><G122/><T93/><D96/><U132/><E74/><V33/><F72/><W125/><G114/><N who="0" m="43531" /><D41/><U117/><E132/><N who="2" m="50795" /><F86/><W26/><G128/><T11/><D11/><N who="1" m="4171" /><E102/><V52/><F76/><W6/><G67/><N who="0" m="41463" /><D80/><U81/><E81/><V59/><F54/><W130/><G58/><T77/><AGARI ba="1,0" hai="51,53,57,77,78,88,93,97" m="41463,43531" machi="77" ten="30,4000,0" yaku="15,1,11,1,54,1" doraHai="7" who="0" fromWho="0" sc="248,43,401,-11,221,-11,130,-21" owari="291,9.0,390,49.0,210,-19.0,109,-39.0" /></mjloggm>