<mjloggm ver="2.3"><GO type="97" lobby="0"/><UN n0="%E5%B0%B1%E6%B4%BB%E7%94%9F%40%E5%B7%9D%E6%9D%91%E8%BB%8D%E5%9B%A3" n1="%79%6F%75%74%65%6E%67%6F" n2="%E3%83%AB%E3%83%91%E3%83%B3%E5%90%9B" n3="%41%55%52%4F%52%41" dan="14,13,15,15" rate="1979.62,1853.50,1957.47,1964.19" sx="M,M,M,M"/><TAIKYOKU oya="0"/><INIT seed="0,0,0,5,2,102" ten="250,250,250,250" oya="0" hai0="80,1,64,119,94,59,113,73,44,27,74,99,48" hai1="128,31,133,112,19,84,88,120,30,40,60,91,117" hai2="22,10,2,75,81,126,33,135,51,32,114,127,42" hai3="5,43,77,130,110,8,57,100,71,98,3,18,0"/><T82/><D113/><U16/><E120/><V6/><F114/><W38/><G110/><T83/><D119/><U21/><E117/><V69/><F69/><W20/><G130/><T101/><D1/><U95/><E128/><V104/><F135/><W52/><G71/><T124/><D124/><U72/><E72/><V90/><F90/><W107/><G77/><T92/><D27/><U86/><E133/><V35/><F22/><W70/><G70/><T23/><D23/><U47/><E19/><V108/><F108/><W134/><G134/><T41/><REACH who="0" step="1"/><D92/><REACH who="0" ten="240,250,250,250" step="2"/><U96/><E112/><V129/><F2/><W105/><G0/><T131/><D131/><U78/><E31/><V24/><F129/><W50/><G20/><T34/><D34/><U46/><E30/><V54/><F35/><W45/><G18/><T56/><D56/><U49/><E21/><V36/><F33/><W62/><G38/><T76/><D76/><U67/><E78/><V58/><F32/><W121/><G121/><T11/><D11/><U87/><E16/><V65/><F36/><W97/><G97/><T63/><AGARI ba="0,1" hai="41,44,48,59,63,64,73,74,80,82,83,94,99,101" machi="63" ten="30,3000,0" yaku="1,1,0,1,53,0" doraHai="102" doraHaiUra="66" who="0" fromWho="0" sc="240,40,250,-10,250,-10,250,-10" /><INIT seed="0,1,0,1,3,92" ten="280,240,240,240" oya="0" hai0="72,88,70,89,57,123,81,83,115,39,127,17,63" hai1="105,12,11,7,78,135,96,131,60,80,90,122,40" hai2="23,21,44,98,53,64,0,35,3,16,51,8,108" hai3="121,95,4,91,107,111,61,26,5,116,112,86,48"/><T71/><D123/><U54/><E122/><V62/><F108/><W22/><G111/><T15/><D39/><U110/><E110/><V130/><F35/><W93/><G112/><T104/><D115/><U100/><E135/><V24/><F130/><W10/><G116/><T126/><D104/><U29/><E131/><V20/><F8/><W18/><G107/><T134/><D71/><U38/><E29/><V114/><F114/><W14/><G121/><T128/><D70/><U58/><E40/><V43/><F43/><W103/><G61/><T41/><D41/><U85/><E38/><V50/><F50/><W28/><G48/><T73/><D81/><U6/><REACH who="1" step="1"/><E78/><REACH who="1" ten="280,230,240,240" step="2"/><V120/><F120/><W9/><G9/><N who="0" m="6383" /><D134/><U113/><E113/><V65/><F21/><W117/><REACH who="3" step="1"/><G117/><REACH who="3" ten="280,230,240,230" step="2"/><T45/><D128/><U76/><E76/><V66/><F51/><W69/><G69/><T27/><D127/><U25/><E25/><V49/><F24/><W56/><G56/><T106/><D27/><U37/><E37/><V87/><F49/><W82/><G82/><T74/><D83/><U79/><E79/><V31/><F62/><W68/><G68/><T42/><D126/><U46/><E46/><V32/><F44/><W19/><G19/><AGARI ba="1,2" hai="6,7,11,12,19,54,58,60,80,85,90,96,100,105" machi="19" ten="30,7700,0" yaku="1,1,7,1,52,1,53,1" doraHai="92" doraHaiUra="55" who="1" fromWho="3" sc="280,0,230,100,240,0,230,-80" /><INIT seed="1,0,0,4,1,102" ten="280,330,240,150" oya="1" hai0="27,52,71,80,38,125,33,82,117,108,96,13,1" hai1="36,105,120,135,30,16,113,72,89,10,122,23,56" hai2="58,61,3,35,76,25,60,90,59,83,50,131,62" hai3="77,87,0,99,63,92,114,116,97,68,57,9,79"/><U65/><E105/><V11/><F131/><W21/><G114/><T17/><D1/><U91/><E113/><V49/><F90/><W130/><G68/><T42/><D117/><U5/><E72/><V93/><F93/><W28/><G130/><T123/><D71/><U75/><E75/><V44/><F61/><W40/><G40/><T26/><D108/><U74/><E36/><V43/><F50/><W121/><G121/><T95/><D125/><U67/><E135/><V22/><F35/><W111/><G111/><T100/><D42/><U126/><E74/><V24/><F24/><N who="0" m="9258" /><D38/><U19/><E126/><V128/><F128/><W129/><G129/><T45/><D33/><U84/><E30/><V133/><F133/><W73/><G0/><T55/><D123/><U12/><E19/><V119/><F119/><W101/><G73/><T2/><D2/><U48/><E122/><V51/><F49/><W124/><G124/><T103/><D103/><U18/><E120/><V37/><F37/><W81/><G116/><T78/><D78/><U109/><E109/><V107/><F62/><W98/><G79/><T115/><D115/><U8/><E89/><V132/><F60/><W66/><G9/><N who="0" m="6319" /><D45/><U15/><E48/><V7/><F132/><W70/><G70/><T88/><D100/><U127/><E56/><V112/><F112/><W85/><G85/><T6/><D6/><U86/><E127/><V4/><F4/><W29/><G29/><T20/><D20/><U14/><E86/><V46/><F22/><W94/><G101/><T32/><D32/><U104/><E104/><RYUUKYOKU ba="0,0" sc="280,10,330,10,240,-30,150,10" hai0="52,55,80,82,88,95,96" hai1="5,8,10,12,14,15,16,18,23,65,67,84,91" hai3="21,28,57,63,66,77,81,87,92,94,97,98,99" /><INIT seed="1,1,0,1,0,124" ten="290,340,210,160" oya="1" hai0="45,32,14,127,114,33,135,70,112,79,19,81,125" hai1="28,71,46,118,43,66,56,27,131,73,115,134,122" hai2="63,2,123,92,83,102,24,100,12,17,82,117,98" hai3="121,64,9,4,36,18,44,37,15,38,68,90,88"/><U55/><E73/><V61/><F123/><W7/><G121/><T35/><D70/><U99/><E122/><V128/><F2/><W113/><G113/><N who="0" m="43627" /><D45/><U87/><E115/><V86/><F117/><W22/><G7/><T97/><D97/><U10/><E118/><V119/><F24/><W65/><G44/><T75/><D135/><U106/><E134/><V54/><F119/><W16/><G18/><T31/><D31/><U94/><E10/><N who="2" m="6295" /><F128/><W96/><G68/><T42/><D42/><U78/><E131/><V53/><F83/><W21/><G21/><N who="0" m="11511" /><D81/><U60/><E106/><V133/><F102/><W25/><REACH who="3" step="1"/><G96/><REACH who="3" ten="290,340,210,150" step="2"/><T41/><D41/><U29/><E99/><V77/><F133/><W103/><G103/><T130/><D35/><U109/><E27/><V129/><F129/><W104/><G104/><T13/><D33/><U49/><E109/><V39/><F39/><W62/><G62/><AGARI ba="1,1" hai="53,54,61,62,63,77,82,86,92,98,100" m="6295" machi="62" ten="30,1000,0" yaku="8,1" doraHai="124" who="2" fromWho="3" sc="290,0,340,0,210,23,150,-13" /><INIT seed="2,0,0,1,0,30" ten="290,340,233,137" oya="2" hai0="95,92,46,35,107,8,99,61,130,115,129,122,120" hai1="22,113,27,66,88,64,52,121,0,59,123,6,82" hai2="128,43,53,124,58,65,50,100,7,84,45,133,31" hai3="132,109,73,81,105,94,42,135,16,2,119,20,69"/><V55/><F128/><N who="0" m="49258" /><D115/><U101/><E113/><V32/><F133/><N who="3" m="51275" /><G119/><T125/><D125/><U34/><E101/><V85/><F124/><W67/><G105/><T134/><D134/><U1/><E6/><V26/><F7/><W111/><G2/><T78/><D78/><U36/><E36/><V117/><F100/><W44/><G73/><T37/><D35/><U48/><E34/><V21/><F32/><W91/><G69/><T80/><D80/><U126/><E126/><V93/><F117/><W70/><G81/><T38/><D61/><U97/><E1/><V87/><REACH who="2" step="1"/><F93/><REACH who="2" ten="290,340,223,137" step="2"/><W57/><G94/><T13/><D95/><N who="1" m="56551" /><E82/><V86/><N who="2" m="21504" /><DORA hai="72" /><V17/><F17/><W96/><G96/><T127/><D127/><U71/><E123/><V10/><F10/><W108/><G91/><N who="0" m="55711" /><D107/><U83/><E121/><V106/><F106/><W62/><G16/><N who="0" m="8231" /><D122/><U15/><E83/><V68/><F68/><W90/><G70/><T74/><D120/><U63/><E71/><V41/><F41/><W51/><G90/><T5/><D74/><U118/><E118/><V3/><F3/><W12/><G12/><T103/><D5/><U11/><E0/><V116/><F116/><W76/><G20/><T75/><D75/><U29/><E63/><AGARI ba="0,1" hai="21,26,31,43,45,50,53,55,58,63,65" m="21504" machi="63" ten="50,4800,0" yaku="1,1,8,1,53,0" doraHai="30,72" doraHaiUra="131,4" who="2" fromWho="1" sc="290,0,340,-48,223,58,137,0" /><INIT seed="2,1,0,2,1,127" ten="290,292,281,137" oya="2" hai0="83,112,38,102,3,125,40,69,9,32,70,19,18" hai1="134,132,73,45,103,0,24,55,92,30,101,129,110" hai2="120,39,96,117,113,53,51,78,105,61,59,135,47" hai3="108,50,66,23,14,81,123,28,49,98,97,116,131"/><V29/><F120/><W90/><G123/><T43/><D112/><U71/><E71/><V42/><F113/><W21/><G116/><T93/><D125/><U76/><E0/><V22/><F117/><W126/><G126/><T82/><D32/><U57/><E45/><V74/><F135/><N who="1" m="51753" /><E110/><V115/><F115/><W72/><G108/><T104/><D104/><U54/><E76/><V36/><F78/><W8/><G66/><T88/><D102/><U35/><E73/><V52/><F74/><W63/><G63/><T124/><D124/><U60/><E129/><V65/><F22/><W91/><G72/><T62/><D3/><U86/><E55/><N who="2" m="30207" /><F29/><W41/><G41/><T130/><D130/><U44/><E44/><N who="2" m="23647" /><F96/><W95/><G28/><T20/><D38/><U10/><E10/><V2/><F105/><W6/><G131/><T31/><D70/><U114/><E114/><V77/><F2/><W67/><G67/><T133/><D62/><U128/><E128/><V119/><F77/><W26/><G23/><T27/><D69/><U118/><E118/><V87/><F87/><W106/><G106/><T89/><D133/><U48/><E60/><V84/><F84/><W100/><G100/><T80/><D89/><AGARI ba="1,0" hai="24,30,35,48,54,57,86,89,92,101,103" m="51753" machi="89" ten="30,1000,0" yaku="20,1" doraHai="127" who="1" fromWho="0" sc="290,-13,292,13,281,0,137,0" /><INIT seed="3,0,0,1,0,94" ten="277,305,281,137" oya="3" hai0="79,99,109,134,56,8,93,72,92,0,1,98,43" hai1="125,108,121,80,131,42,2,15,7,123,89,95,22" hai2="64,63,32,115,113,6,73,27,12,133,25,103,49" hai3="10,91,101,118,52,17,57,70,85,116,106,74,127"/><W102/><G70/><T128/><D134/><U18/><E42/><V59/><F133/><W5/><G74/><T100/><D128/><U61/><E80/><V86/><F73/><W53/><G127/><T46/><D109/><U105/><E105/><V110/><F110/><W29/><G29/><T66/><D79/><U24/><E108/><V58/><F86/><W67/><G102/><T16/><D72/><U82/><E125/><V81/><F81/><W65/><G17/><T47/><D66/><U77/><E131/><V31/><F25/><W120/><G120/><T55/><D1/><U14/><E61/><V130/><F130/><W90/><G90/><N who="0" m="55575" /><D43/><U4/><E2/><V60/><F49/><W96/><G116/><T119/><D0/><U126/><E126/><V44/><F44/><W9/><G118/><T69/><D69/><U41/><E41/><V129/><F129/><W68/><G68/><T26/><D119/><U23/><E123/><V40/><F40/><W112/><G67/><T50/><D8/><U135/><E135/><V107/><F6/><W48/><G65/><T38/><D38/><U34/><E34/><V51/><F51/><W45/><G5/><N who="1" m="2122" /><E121/><V62/><F62/><W117/><G117/><T13/><D13/><U122/><E122/><V37/><F12/><W19/><G19/><T111/><D111/><U83/><E77/><V35/><F35/><W71/><G71/><T114/><D114/><U28/><E15/><V21/><F37/><W75/><G75/><T39/><D39/><U36/><E36/><V54/><F32/><W88/><G48/><RYUUKYOKU ba="0,0" sc="277,10,305,10,281,10,137,-30" hai0="16,26,46,47,50,55,56,93,99,100" hai1="14,18,22,23,24,28,82,83,89,95" hai2="21,27,31,54,58,59,60,63,64,103,107,113,115" owari="287,-11.0,315,41.0,291,9.0,107,-39.0" /></mjloggm>