<mjloggm ver="2.3"><GO type="169" lobby="0"/><UN n0="%73%61%6E%64%69%72%69%73" n1="%E3%81%A1%E3%82%83%E3%81%9D%E2%98%86" n2="%E3%82%A6%E3%83%AB%E3%83%88%E3%83%A9%E7%AB%8B%E7%9B%B4" n3="%E6%A1%9C%E4%BA%95%E3%81%95%E3%82%93" dan="16,17,17,16" rate="2093.77,2115.49,2191.49,2131.45" sx="M,M,M,M"/><TAIKYOKU oya="0"/><INIT seed="0,0,0,3,0,55" ten="250,250,250,250" oya="0" hai0="50,30,53,26,21,115,73,135,107,98,129,81,100" hai1="9,97,86,134,93,94,3,0,14,39,85,124,130" hai2="20,17,32,61,121,56,29,66,68,44,43,105,87" hai3="120,111,131,33,57,41,10,16,102,104,36,37,19"/><T51/><D115/><U35/><E130/><V114/><F121/><W125/><G33/><T1/><D1/><U40/><E35/><V49/><F114/><W63/><G131/><T103/><D129/><U59/><E134/><V45/><F32/><W13/><G120/><T18/><D135/><U47/><E124/><V106/><F29/><W83/><G125/><T62/><D103/><U101/><E59/><V74/><F74/><W28/><G28/><T96/><D96/><U58/><E58/><V79/><F68/><W38/><G111/><T22/><D62/><U5/><REACH who="1" step="1"/><E86/><REACH who="1" ten="250,240,250,250" step="2"/><V72/><F72/><W133/><G133/><T4/><D73/><U92/><E92/><V90/><F45/><W89/><G57/><T46/><D81/><U25/><E25/><V75/><F75/><W27/><G63/><T123/><D123/><U128/><E128/><V42/><F106/><W76/><G104/><T113/><D113/><U84/><E84/><V77/><F105/><W23/><G102/><T70/><D70/><U110/><E110/><V82/><REACH who="2" step="1"/><F42/><REACH who="2" ten="250,240,240,250" step="2"/><W99/><G41/><N who="0" m="24911" /><D107/><U52/><E52/><V80/><F80/><W15/><G83/><T117/><D53/><U119/><E119/><V60/><F60/><W67/><G67/><T109/><D117/><U48/><E48/><V122/><F122/><W7/><G38/><T108/><D51/><U31/><E31/><V118/><F118/><W11/><G37/><T127/><D30/><U69/><E69/><V34/><F34/><W112/><G36/><T88/><D127/><U71/><E71/><V64/><F64/><RYUUKYOKU ba="0,2" sc="250,-15,240,15,240,15,250,-15" hai1="0,3,5,9,14,39,40,47,85,93,94,97,101" hai2="17,20,43,44,49,56,61,66,77,79,82,87,90" /><INIT seed="1,1,2,4,3,33" ten="235,255,255,235" oya="1" hai0="68,102,79,0,24,22,27,135,4,74,13,89,78" hai1="77,36,93,59,1,127,106,81,133,128,72,40,95" hai2="121,124,57,82,17,12,29,43,130,58,52,120,134" hai3="19,69,116,32,111,132,34,2,18,108,70,90,41"/><U5/><E128/><V63/><F130/><W109/><G132/><T25/><D68/><N who="3" m="26217" /><G41/><T7/><D102/><U86/><E133/><V112/><F134/><W23/><G116/><T126/><D135/><U88/><E127/><V76/><F124/><W75/><G75/><T45/><D126/><U100/><E59/><V83/><F112/><W6/><G90/><T113/><D113/><U94/><E40/><V73/><F29/><W15/><G19/><N who="0" m="10607" /><D74/><U20/><E20/><V107/><F107/><W117/><G117/><T101/><D101/><U131/><E36/><V64/><F82/><W10/><AGARI ba="1,2" hai="2,6,10,15,18,23,32,34,108,109,111" m="26217" machi="10" ten="40,2700,0" yaku="14,1,52,1" doraHai="33" who="3" fromWho="3" sc="235,-8,255,-14,255,-8,235,50" /><INIT seed="2,0,0,4,0,76" ten="227,241,247,285" oya="2" hai0="104,132,46,129,50,66,114,65,89,0,79,127,19" hai1="54,109,93,36,133,1,31,15,39,17,108,80,101" hai2="124,131,103,38,135,43,58,13,26,29,102,44,61" hai3="34,98,110,3,27,25,30,78,4,83,35,100,84"/><V57/><F124/><W37/><G110/><N who="1" m="42602" /><E133/><V96/><F131/><W7/><G37/><T56/><D114/><U10/><E31/><V53/><F135/><W16/><G3/><T77/><D132/><U59/><E1/><V33/><F13/><W90/><G78/><N who="0" m="29707" /><D104/><U118/><E118/><V97/><REACH who="2" step="1"/><F58/><REACH who="2" ten="227,241,237,285" step="2"/><W47/><G47/><T72/><D56/><U86/><E59/><V87/><F87/><W105/><REACH who="3" step="1"/><G16/><REACH who="3" ten="227,241,237,275" step="2"/><T20/><D0/><U116/><E17/><V41/><F41/><W11/><G11/><T22/><D19/><U130/><E10/><V67/><F67/><W126/><G126/><T63/><D66/><U45/><E45/><V51/><F51/><W42/><G42/><T40/><D65/><U82/><E36/><V2/><F2/><W85/><G85/><T32/><D50/><U99/><E86/><V113/><F113/><W88/><G88/><T122/><D89/><U62/><E39/><V94/><F94/><W71/><G71/><T81/><D127/><U14/><E93/><V8/><F8/><W70/><G70/><T119/><D72/><U64/><E64/><V52/><F52/><W95/><G95/><T12/><D119/><U24/><E54/><V112/><F112/><W134/><G134/><T69/><D69/><U106/><E116/><V18/><F18/><W21/><G21/><T73/><D22/><U128/><E130/><V23/><F23/><W107/><G107/><T5/><D20/><U117/><E128/><V68/><F68/><W123/><G123/><T91/><D122/><U121/><E121/><V92/><F92/><RYUUKYOKU ba="0,2" sc="227,-15,241,-15,237,15,275,15" hai2="26,29,33,38,43,44,53,57,61,96,97,102,103" hai3="4,7,25,27,30,34,35,83,84,90,98,100,105" /><INIT seed="2,1,2,1,4,16" ten="212,226,252,290" oya="2" hai0="6,94,117,78,105,66,60,96,114,8,37,72,21" hai1="33,25,46,18,70,126,9,65,121,92,86,95,49" hai2="71,53,127,90,106,51,109,108,120,99,22,75,59" hai3="101,107,58,79,5,23,2,77,44,118,1,69,24"/><V97/><F75/><W111/><G69/><T135/><D105/><U103/><E126/><V41/><F71/><W122/><G118/><T30/><D37/><U57/><E70/><V26/><F120/><W62/><G122/><T119/><D114/><U47/><E121/><V14/><F127/><W10/><G1/><T102/><D135/><U85/><E33/><V93/><F14/><W43/><G111/><N who="2" m="42569" /><F41/><W74/><G74/><T40/><D40/><U87/><E103/><V3/><F3/><W55/><G107/><T48/><D48/><U42/><E47/><V110/><N who="2" m="42577" /><V12/><DORA hai="104" /><F12/><W131/><G131/><T128/><D128/><U123/><E123/><V28/><F106/><W54/><G54/><T82/><D8/><U89/><E9/><V76/><F76/><W130/><G101/><T52/><D6/><U113/><E42/><V112/><F99/><W38/><REACH who="3" step="1"/><G130/><REACH who="3" ten="212,226,252,280" step="2"/><T115/><D52/><U61/><E113/><AGARI ba="1,3" hai="22,26,28,51,53,59,90,93,97,112,113" m="42577" machi="113" ten="40,7700,0" yaku="14,1,10,1,52,1" doraHai="16,104" who="2" fromWho="1" sc="212,0,226,-80,252,110,280,0" /><INIT seed="2,2,0,4,1,82" ten="212,146,362,280" oya="2" hai0="132,114,75,68,93,19,20,117,77,60,73,116,29" hai1="61,28,133,30,107,119,99,46,70,6,11,134,131" hai2="36,0,89,121,74,18,76,118,10,129,120,21,49" hai3="90,63,72,17,96,27,84,58,13,26,85,130,95"/><V2/><F36/><W38/><G38/><T45/><D29/><U64/><E119/><N who="0" m="45641" /><D114/><U24/><E131/><V57/><F118/><W71/><G72/><T67/><D132/><U122/><E122/><V15/><F129/><W123/><G71/><T55/><D77/><U33/><E30/><V51/><F76/><W34/><G123/><T92/><D73/><U66/><E46/><V43/><F74/><W97/><G34/><T103/><D103/><N who="1" m="62975" /><E64/><V32/><F32/><W54/><G97/><T52/><D75/><U16/><E16/><V35/><F35/><W94/><G130/><T110/><D110/><U9/><E9/><V105/><F105/><W59/><G59/><T47/><D47/><U112/><E112/><V113/><F113/><W25/><REACH who="3" step="1"/><G95/><REACH who="3" ten="212,146,362,270" step="2"/><N who="0" m="36427" /><D45/><U104/><E104/><V128/><F128/><W1/><G1/><AGARI ba="2,1" hai="1,6,11,24,28,33,61,66,70,133,134" m="62975" machi="1" ten="30,2000,0" yaku="25,1,23,1" doraHai="82" who="1" fromWho="3" sc="212,0,146,36,362,0,270,-26" /><INIT seed="3,0,0,0,1,34" ten="212,182,362,244" oya="3" hai0="71,27,41,30,96,134,23,46,117,135,76,2,10" hai1="119,111,20,82,11,8,77,94,126,1,98,12,19" hai2="128,21,89,59,66,105,40,24,132,127,107,17,36" hai3="88,7,90,65,93,120,39,100,124,61,108,5,130"/><W69/><G120/><T33/><D71/><U122/><E111/><V131/><F89/><W31/><G39/><N who="0" m="21823" /><D96/><U99/><E119/><V118/><F118/><W26/><G108/><T115/><D117/><U121/><E126/><V114/><F114/><W15/><G124/><T4/><D115/><U3/><E99/><V73/><F73/><W110/><G110/><T67/><D67/><U28/><E122/><V53/><F66/><W92/><G130/><N who="2" m="49705" /><F132/><N who="0" m="50730" /><D76/><U43/><E43/><V9/><F9/><W129/><G129/><T78/><D78/><U60/><E60/><N who="2" m="35951" /><F127/><W133/><G133/><T56/><D56/><U37/><E121/><V72/><F72/><W116/><G116/><T18/><D18/><U74/><E37/><V86/><F86/><W62/><G100/><T44/><D44/><AGARI ba="0,0" hai="17,21,24,36,40,44,105,107" m="35951,49705" machi="44" ten="30,1000,0" yaku="19,1" doraHai="34" who="2" fromWho="0" sc="212,-10,182,0,362,10,244,0" /><INIT seed="4,0,0,2,4,49" ten="202,182,372,244" oya="0" hai0="78,122,117,0,92,15,19,45,86,76,3,26,11" hai1="30,5,69,127,70,110,48,124,2,22,88,80,75" hai2="35,17,38,133,55,53,34,56,71,118,132,119,64" hai3="109,33,105,85,130,18,129,1,126,121,23,112,46"/><T9/><D122/><U39/><E39/><V125/><F38/><W91/><G109/><T66/><D117/><U120/><E120/><V134/><F125/><N who="1" m="48201" /><E110/><V89/><F55/><W52/><G126/><T58/><D26/><N who="1" m="16727" /><E48/><N who="2" m="30759" /><F17/><W107/><G33/><N who="2" m="12297" /><F89/><W90/><G1/><T99/><D0/><U128/><E128/><N who="3" m="49258" /><G112/><T57/><D3/><U87/><E75/><V67/><F67/><W93/><G91/><N who="0" m="55711" /><D66/><U24/><E24/><V108/><F108/><W31/><G31/><T79/><D9/><AGARI ba="0,0" hai="2,5,9,69,70,80,87,88" m="16727,48201" machi="9" ten="30,2000,0" yaku="18,1,54,1" doraHai="49" who="1" fromWho="0" sc="202,-20,182,20,372,0,244,0" /><INIT seed="5,0,0,2,5,37" ten="182,202,372,244" oya="1" hai0="128,131,34,57,38,14,79,12,78,116,8,99,51" hai1="93,63,26,66,45,13,134,85,40,62,6,108,24" hai2="60,44,31,101,124,54,29,17,22,135,127,33,80" hai3="92,103,32,83,69,88,2,110,132,52,23,96,36"/><U120/><E120/><V81/><F101/><W107/><G110/><T130/><D38/><U4/><E134/><V0/><F0/><W70/><G32/><T75/><D34/><U133/><E133/><V121/><F121/><W82/><G2/><T72/><D116/><U114/><E114/><V77/><F33/><W74/><G36/><T15/><D8/><N who="1" m="4231" /><E6/><V123/><F80/><W119/><G119/><T126/><D99/><U53/><E108/><V20/><F20/><W73/><G23/><T61/><D51/><N who="1" m="27047" /><E66/><V5/><F5/><W9/><G9/><T129/><N who="0" m="32768" /><DORA hai="30" /><T95/><D95/><U125/><E125/><V59/><F135/><W71/><G52/><N who="0" m="33959" /><D126/><U76/><E53/><V50/><F123/><W58/><G132/><T56/><D56/><U111/><E111/><V10/><F10/><W21/><G58/><T28/><D28/><U84/><E93/><V112/><F112/><W39/><G39/><T64/><D64/><U89/><E63/><V90/><F124/><W27/><G82/><T43/><D43/><U42/><E42/><V122/><F127/><W46/><G46/><T16/><D16/><U102/><E62/><V104/><F60/><W105/><G105/><T18/><D18/><U91/><E26/><V48/><F104/><W41/><G41/><T106/><D106/><U87/><E24/><V117/><F122/><W55/><G55/><T67/><D67/><U11/><E11/><V35/><F54/><W65/><G65/><T25/><D25/><U68/><E68/><V100/><F117/><W19/><G83/><T49/><D49/><RYUUKYOKU ba="0,0" sc="182,15,202,-15,372,-15,244,15" hai0="12,14,15,72,75,78,79" hai3="19,21,27,69,70,71,73,74,88,92,96,103,107" /><INIT seed="6,1,0,3,1,90" ten="197,187,357,259" oya="2" hai0="110,81,108,131,93,32,20,17,106,104,37,79,97" hai1="36,72,128,26,135,116,50,25,45,82,84,1,47" hai2="85,65,130,75,74,33,83,127,56,68,111,67,133" hai3="96,71,109,21,101,105,39,16,43,80,41,70,44"/><V9/><F33/><W54/><G109/><N who="0" m="42091" /><D32/><U48/><E72/><V112/><F127/><W125/><G125/><T98/><D37/><U60/><E36/><V28/><F112/><W89/><G43/><T132/><D17/><U100/><E100/><V124/><F133/><W4/><G4/><T53/><D53/><U15/><E135/><V11/><F130/><W8/><G8/><T76/><D20/><U64/><E128/><V55/><F28/><W46/><G46/><N who="1" m="17418" /><E1/><V31/><F75/><W52/><G70/><T38/><D38/><U87/><E15/><V23/><F74/><W115/><G71/><T66/><D66/><U117/><E60/><V5/><F65/><W58/><G115/><T123/><D132/><U27/><E82/><V121/><F67/><W30/><G30/><T40/><D40/><U22/><E22/><V35/><F23/><W102/><G58/><T114/><D131/><U129/><E64/><V92/><F35/><W113/><G113/><T57/><D57/><U126/><E126/><V3/><F3/><W7/><G7/><T107/><D114/><U62/><E62/><V86/><F68/><W24/><G102/><N who="0" m="60719" /><D123/><U34/><E34/><V2/><F121/><W73/><G73/><N who="0" m="43151" /><D79/><U14/><E129/><V134/><F111/><W94/><G54/><T91/><D107/><U19/><E19/><V59/><F55/><W122/><G122/><T49/><D49/><N who="1" m="19051" /><E14/><V13/><F13/><W61/><G61/><T118/><D118/><AGARI ba="1,0" hai="25,26,27,84,87,116,117,118" m="19051,17418" machi="118" ten="40,2600,0" yaku="28,2" doraHai="90" who="1" fromWho="0" sc="197,-29,187,29,357,0,259,0" /><INIT seed="7,0,0,5,3,43" ten="168,216,357,259" oya="3" hai0="85,46,101,91,24,69,10,18,31,33,68,112,5" hai1="122,40,19,28,121,135,134,41,106,132,4,64,16" hai2="32,70,62,114,29,37,72,23,86,42,111,93,99" hai3="9,60,126,67,44,30,49,71,87,124,8,97,102"/><W39/><G30/><T129/><D101/><U2/><E28/><V107/><F23/><W3/><G87/><T81/><D112/><U56/><E106/><V48/><F86/><W94/><G39/><T53/><D129/><U128/><E128/><V90/><F90/><W123/><G123/><N who="1" m="47114" /><E2/><V82/><F93/><W75/><G75/><T25/><D25/><U115/><E4/><V113/><F82/><W50/><G50/><T76/><D76/><U45/><E115/><V104/><F104/><W27/><G27/><T96/><D96/><U89/><E89/><V6/><F37/><W109/><G109/><T54/><D54/><U51/><E41/><V35/><F35/><W105/><G105/><T22/><D33/><U38/><E64/><V84/><F32/><W130/><G130/><T92/><D92/><U34/><E34/><V125/><F107/><W73/><G73/><T20/><D20/><U59/><E59/><V133/><F72/><W118/><G3/><T78/><D78/><U83/><E83/><V63/><F111/><W0/><G0/><T79/><D79/><U21/><E21/><V1/><F1/><W103/><G103/><T7/><D69/><U57/><E57/><V119/><F70/><W108/><G108/><T117/><D68/><U58/><E56/><V14/><F114/><W61/><G102/><T66/><D66/><U131/><E131/><V120/><F113/><W52/><G71/><T110/><D110/><U47/><E58/><V12/><F120/><W15/><G67/><T13/><D117/><U100/><E100/><V74/><F119/><RYUUKYOKU ba="0,0" sc="168,15,216,15,357,-15,259,-15" hai0="5,7,10,13,18,22,24,31,46,53,81,85,91" hai1="16,19,38,40,45,47,51,132,134,135" owari="183,-32.0,231,-17.0,342,45.0,244,4.0" /></mjloggm>