<mjloggm ver="2.3"><GO type="97" lobby="0"/><UN n0="%6B%6F%2D%73%68%69%72%6F" n1="%E5%B0%B1%E6%B4%BB%E7%94%9F%40%E5%B7%9D%E6%9D%91%E8%BB%8D%E5%9B%A3" n2="%E5%87%9B%E3%81%A1%E3%82%83%E3%82%93%E3%81%AF%EF%BC%95%E6%AD%B3" n3="%E6%8A%9C%E3%81%8D%E3%81%AE%E7%AB%9C" dan="13,15,13,14" rate="1921.40,2026.90,1854.93,1892.52" sx="M,M,M,M"/><TAIKYOKU oya="0"/><INIT seed="0,0,0,5,3,95" ten="250,250,250,250" oya="0" hai0="48,71,65,64,66,13,123,103,88,31,18,15,53" hai1="89,113,109,80,52,90,83,98,57,79,14,67,39" hai2="99,116,73,28,129,78,25,76,21,101,5,6,58" hai3="54,30,17,12,112,82,51,27,126,34,86,100,38"/><T55/><D123/><U7/><E39/><V61/><F129/><W125/><G112/><T75/><D75/><U63/><E113/><V119/><F73/><W118/><G38/><T122/><D122/><U117/><E117/><N who="2" m="45131" /><F78/><W1/><G118/><T60/><D31/><U121/><E121/><V46/><F46/><W62/><G62/><T132/><D132/><U56/><E109/><V26/><F26/><W68/><G68/><T131/><D131/><U4/><E83/><V0/><F76/><W49/><G100/><T22/><D103/><U130/><E130/><V124/><F124/><N who="3" m="47723" /><G1/><T23/><D71/><U120/><E120/><V107/><F0/><W40/><G40/><T91/><D60/><N who="1" m="35847" /><E79/><V135/><F135/><W11/><G54/><AGARI ba="0,0" hai="5,6,21,25,28,54,58,61,99,101,107" m="45131" machi="54" ten="30,2000,0" yaku="12,1,52,1" doraHai="95" who="2" fromWho="3" sc="250,0,250,0,250,20,250,-20" /><INIT seed="1,0,0,0,4,47" ten="250,250,270,230" oya="1" hai0="101,110,61,27,111,88,71,75,49,43,85,73,35" hai1="90,52,67,18,70,3,105,44,59,132,81,22,48" hai2="115,34,10,92,19,82,33,117,125,127,23,120,83" hai3="1,65,97,16,135,51,32,57,38,116,25,94,113"/><U11/><E105/><V30/><F117/><W72/><G72/><T68/><D101/><U5/><E132/><V124/><F120/><W62/><G38/><T58/><D73/><U95/><E70/><V4/><F115/><W26/><G116/><T14/><D75/><U36/><E81/><N who="2" m="30731" /><F92/><W21/><G1/><T20/><D35/><U37/><E67/><V29/><F34/><W40/><G113/><T131/><D131/><U50/><E95/><V119/><F33/><W86/><G135/><T6/><D6/><U122/><E122/><V28/><F119/><W76/><G32/><T2/><D2/><U114/><E90/><V129/><F129/><W12/><G76/><T99/><D99/><U45/><E114/><V56/><F56/><W13/><G86/><T77/><D77/><U123/><E123/><V126/><N who="2" m="31744" /><DORA hai="87" /><V53/><F53/><W60/><G60/><T66/><D14/><U78/><E78/><V80/><N who="2" m="30739" /><V84/><DORA hai="128" /><F84/><W31/><G31/><N who="2" m="7937" /><V107/><DORA hai="54" /><F107/><W121/><G121/><T106/><D106/><U74/><E74/><V64/><F64/><W7/><G7/><T93/><D71/><U89/><E89/><V96/><F96/><W24/><G12/><T69/><D69/><U79/><E79/><V109/><F109/><N who="0" m="41482" /><D68/><U91/><E91/><V63/><F63/><W102/><G40/><T103/><D43/><U9/><E59/><V112/><F112/><W17/><G17/><N who="0" m="12687" /><D103/><U130/><E130/><V134/><F134/><W133/><G133/><T55/><D66/><U15/><E9/><V98/><F4/><RYUUKYOKU ba="0,0" sc="250,10,250,10,270,-30,230,10" hai0="49,55,58,61,85,88,93" hai1="3,5,11,15,18,22,36,37,44,45,48,50,52" hai3="13,16,21,24,25,26,51,57,62,65,94,97,102" /><INIT seed="1,1,0,1,5,82" ten="260,260,240,240" oya="1" hai0="124,38,22,2,69,41,123,58,119,29,101,59,73" hai1="12,71,133,11,14,0,102,39,4,96,53,114,108" hai2="87,18,55,113,94,91,28,6,52,66,47,107,106" hai3="46,16,7,74,15,72,56,80,19,116,81,117,126"/><U9/><E114/><V105/><F113/><W104/><G104/><T34/><D119/><N who="3" m="45641" /><G126/><T83/><D123/><U27/><E71/><V100/><F66/><W32/><G32/><T97/><D124/><U24/><E39/><V88/><F28/><W8/><G46/><T25/><D69/><U5/><E133/><V45/><F6/><W110/><G56/><T3/><D59/><U99/><E108/><V120/><F120/><W78/><G110/><T60/><D22/><U65/><E65/><V130/><F130/><W61/><G61/><T67/><D41/><U129/><E129/><V10/><F100/><W40/><G40/><T62/><D38/><U103/><E53/><V1/><F91/><W68/><G68/><T35/><D62/><U17/><E17/><V42/><F47/><W37/><G37/><T33/><D35/><U92/><REACH who="1" step="1"/><E0/><REACH who="1" ten="260,250,240,240" step="2"/><V98/><F1/><W48/><G48/><T84/><D34/><U122/><E122/><V127/><F127/><W51/><G51/><T75/><D3/><U134/><E134/><V115/><F115/><W131/><G131/><T77/><REACH who="0" step="1"/><D2/><REACH who="0" ten="250,250,240,240" step="2"/><U13/><E13/><V57/><F98/><W31/><G31/><T118/><D118/><U128/><E128/><V79/><F42/><W54/><G54/><T111/><D111/><U44/><E44/><V43/><F43/><W95/><G72/><T50/><D50/><U85/><E85/><V49/><F87/><W112/><G112/><T109/><D109/><U30/><E30/><V132/><F45/><W26/><G74/><T86/><D86/><U23/><E23/><RYUUKYOKU ba="1,2" sc="250,15,250,15,240,-15,240,-15" hai0="25,29,33,58,60,67,73,75,77,83,84,97,101" hai1="4,5,9,11,12,14,24,27,92,96,99,102,103" /><INIT seed="1,2,2,4,0,11" ten="265,265,225,225" oya="1" hai0="49,98,102,118,58,86,38,129,110,91,60,40,47" hai1="42,13,41,19,117,105,14,0,24,126,34,99,109" hai2="5,27,85,66,100,92,84,9,33,29,23,112,51" hai3="7,133,88,96,62,68,131,28,122,53,21,52,128"/><U17/><E0/><V61/><F112/><W16/><G122/><T70/><D118/><U48/><E117/><V36/><F36/><W15/><G133/><T121/><D121/><U93/><E105/><V57/><F33/><W8/><G68/><T43/><D129/><N who="3" m="49737" /><G28/><T25/><D110/><U79/><E109/><V104/><F104/><W54/><G62/><T119/><D119/><U56/><E126/><V81/><F51/><W127/><G127/><T12/><D70/><U18/><E79/><V73/><F73/><W3/><G96/><T65/><D38/><U59/><E34/><V83/><F85/><W134/><G134/><T6/><D25/><U67/><E24/><V90/><REACH who="2" step="1"/><F100/><REACH who="2" ten="265,265,215,225" step="2"/><W113/><G113/><T135/><D135/><U108/><E108/><V82/><F82/><W107/><G107/><T35/><D35/><U76/><E76/><V125/><F125/><W89/><AGARI ba="2,3" hai="3,7,8,15,16,21,52,53,54,88,89" m="49737" machi="89" ten="40,8000,1" yaku="19,1,52,1,54,3" doraHai="11" who="3" fromWho="3" sc="265,-22,265,-42,215,-22,225,116" /><INIT seed="2,0,0,4,5,131" ten="243,223,193,341" oya="2" hai0="126,14,2,100,86,7,127,34,75,71,48,11,18" hai1="40,66,43,54,73,25,87,105,99,79,47,41,83" hai2="117,4,15,42,130,93,74,88,63,76,128,38,120" hai3="101,96,97,3,67,35,80,108,84,16,1,133,111"/><V52/><F117/><W95/><G35/><T68/><D75/><U8/><E66/><V132/><F120/><W113/><G113/><T125/><D100/><U60/><E73/><V17/><F4/><W23/><G133/><T85/><D34/><U114/><E114/><V39/><F76/><N who="3" m="46087" /><G67/><T110/><D48/><U89/><E25/><V19/><F74/><W36/><G97/><T61/><D110/><N who="3" m="42025" /><G36/><N who="2" m="13865" /><F15/><AGARI ba="0,0" hai="1,3,15,16,23,95,96,101" m="42025,46087" machi="15" ten="30,2000,0" yaku="14,1,54,1" doraHai="131" who="3" fromWho="2" sc="243,0,223,0,193,-20,341,20" /><INIT seed="3,0,0,4,5,10" ten="243,223,173,361" oya="3" hai0="75,84,23,106,18,38,91,120,62,42,126,9,14" hai1="2,17,7,117,68,56,55,78,47,99,29,25,50" hai2="72,87,40,115,51,67,123,26,129,103,105,35,12" hai3="11,5,36,112,61,28,119,89,20,41,95,53,125"/><W135/><G119/><T80/><D120/><U74/><E68/><V52/><F115/><W39/><G112/><T108/><D126/><U92/><E117/><V104/><F72/><W114/><G114/><T60/><D108/><U130/><E130/><V77/><F123/><W85/><G135/><T54/><D106/><U107/><E107/><V34/><F129/><W65/><G125/><T102/><D102/><U133/><E133/><V79/><F67/><W100/><G100/><T31/><D75/><U98/><E98/><V83/><F40/><W109/><G109/><T90/><D38/><U22/><E78/><V57/><F79/><W45/><G36/><T128/><D128/><U124/><E74/><V127/><F127/><W101/><G101/><T21/><D42/><U6/><E124/><V113/><F113/><W116/><G116/><T76/><D62/><U33/><E2/><V70/><F70/><W118/><G118/><T8/><D9/><U58/><E33/><V3/><F3/><W86/><G53/><T49/><D60/><U19/><E56/><V64/><F64/><W24/><G85/><T32/><D32/><U111/><E111/><V131/><F131/><W4/><REACH who="3" step="1"/><G11/><REACH who="3" ten="243,223,173,351" step="2"/><T94/><D31/><U13/><E47/><V46/><F103/><W66/><G66/><T122/><D122/><U134/><E134/><V82/><F104/><W44/><G44/><N who="0" m="27943" /><D76/><U37/><E37/><V73/><F105/><W15/><G15/><T43/><D43/><U96/><E96/><AGARI ba="0,1" hai="8,14,18,21,23,80,84,90,91,94,96" m="27943" machi="96" ten="30,3900,0" yaku="25,1,8,1,52,1" doraHai="10" who="0" fromWho="1" sc="243,49,223,-39,173,0,351,0" owari="292,9.0,184,-22.0,173,-33.0,351,46.0" /></mjloggm>