<mjloggm ver="2.3"><GO type="169" lobby="0"/><UN n0="%E5%B7%9D%E6%9D%91%E6%99%83%E8%A3%95%EF%BC%88%E4%B8%A1%E6%96%B9%EF%BC%89" n1="%E9%BB%92%6D%61%72%61" n2="%E3%83%88%E3%83%88%E3%83%AA%E5%85%88%E7%94%9F%31%39%E6%AD%B3" n3="%E9%9B%80%E9%BE%8D%E9%96%80%5F%59%75%74%69" dan="16,16,18,16" rate="2067.94,2142.89,2168.45,2165.69" sx="M,M,F,M"/><TAIKYOKU oya="0"/><INIT seed="0,0,0,2,1,9" ten="250,250,250,250" oya="0" hai0="7,93,83,76,85,22,107,50,88,68,132,116,8" hai1="33,66,91,39,30,73,127,123,19,90,37,108,15" hai2="114,124,69,10,31,26,42,84,53,6,2,5,89" hai3="4,118,96,119,92,133,18,126,112,115,106,3,111"/><T71/><D116/><U27/><E123/><V64/><F124/><W98/><G18/><T0/><D132/><U128/><E73/><V82/><F114/><W56/><G56/><T125/><D125/><U1/><E1/><V97/><F5/><W52/><G4/><T100/><D50/><U134/><E128/><V57/><F42/><W36/><G36/><T49/><D22/><U74/><E74/><V67/><F69/><W113/><G52/><T129/><D129/><U122/><E108/><V55/><F97/><W34/><G3/><T78/><D49/><U117/><E122/><V120/><F120/><W51/><G51/><T105/><D76/><U48/><E117/><V75/><F75/><W40/><G40/><T77/><D78/><U43/><E39/><V131/><F131/><W87/><G34/><T62/><D100/><U81/><E37/><V63/><REACH who="2" step="1"/><F55/><REACH who="2" ten="250,250,240,250" step="2"/><W94/><G113/><T70/><REACH who="0" step="1"/><D62/><REACH who="0" ten="240,250,240,250" step="2"/><U44/><E127/><V72/><F72/><AGARI ba="0,2" hai="0,7,8,68,70,71,72,77,83,85,88,93,105,107" machi="72" ten="40,12000,1" yaku="1,1,2,1,54,1,53,2" doraHai="9" doraHaiUra="102" who="0" fromWho="2" sc="240,140,250,0,240,-120,250,0" /><INIT seed="0,1,0,2,1,61" ten="380,250,120,250" oya="0" hai0="10,17,54,117,106,87,26,21,43,112,22,110,107" hai1="27,13,85,56,96,30,42,18,49,58,9,11,92" hai2="70,4,84,80,88,123,45,14,3,132,124,31,101" hai3="116,90,97,53,20,99,72,29,35,128,114,126,12"/><T40/><D112/><U69/><E69/><V73/><F123/><W104/><G35/><T134/><D117/><U95/><E11/><V131/><F3/><W66/><G72/><T119/><D119/><U55/><E42/><V47/><F73/><W32/><G32/><T76/><D10/><U129/><E129/><V120/><F120/><W28/><G90/><T105/><D134/><U2/><E2/><V94/><F70/><W57/><G57/><T109/><D54/><U89/><E58/><V115/><F115/><W51/><G12/><T36/><D36/><U135/><E135/><V16/><F132/><W46/><G20/><T44/><D44/><N who="2" m="16970" /><F131/><W68/><G46/><T75/><D75/><U7/><E30/><V39/><F39/><W1/><G29/><T8/><D8/><U103/><REACH who="1" step="1"/><E27/><REACH who="1" ten="380,240,120,250" step="2"/><V23/><F31/><W48/><G28/><N who="0" m="17487" /><D43/><U86/><E86/><V63/><F124/><W24/><G1/><T67/><D40/><U65/><E65/><V130/><F130/><W15/><G66/><T34/><D67/><U77/><E77/><V108/><F108/><N who="0" m="41578" /><D34/><U60/><E60/><V38/><F63/><W118/><G128/><T81/><D106/><U71/><E71/><V64/><F64/><W78/><G104/><T19/><D19/><AGARI ba="1,1" hai="7,9,13,18,19,49,55,56,85,89,92,95,96,103" machi="19" ten="40,2600,0" yaku="1,1,8,1,53,0" doraHai="61" doraHaiUra="62" who="1" fromWho="0" sc="380,-29,240,39,120,0,250,0" /><INIT seed="1,0,0,3,4,41" ten="351,279,120,250" oya="1" hai0="98,36,50,103,24,0,19,116,130,82,135,110,52" hai1="74,14,35,54,81,22,6,34,43,11,121,49,97" hai2="89,58,44,12,26,88,7,69,9,27,102,66,57" hai3="131,99,113,109,127,31,134,47,90,20,100,25,133"/><U101/><E121/><V77/><F69/><W65/><G113/><T117/><D36/><U124/><E43/><V28/><F77/><W42/><G109/><T86/><D0/><U83/><E124/><V94/><F102/><W107/><G131/><T128/><D110/><U75/><E22/><V105/><F105/><W111/><G111/><T46/><D135/><U62/><E62/><V118/><F118/><W21/><G127/><T39/><D39/><U95/><E83/><V64/><F89/><W112/><G112/><T114/><D114/><U84/><E75/><V23/><F27/><W40/><G40/><T29/><D19/><U92/><E92/><V123/><F123/><W45/><G42/><T70/><D70/><U56/><REACH who="1" step="1"/><E74/><REACH who="1" ten="351,269,120,250" step="2"/><V18/><F28/><W5/><G21/><N who="0" m="15503" /><D82/><U30/><E30/><V13/><F66/><W4/><G65/><T96/><D130/><U119/><E119/><V115/><F64/><W72/><G72/><T60/><D128/><U37/><E37/><V80/><F80/><W51/><G51/><T55/><D117/><U73/><E73/><V16/><F115/><W1/><G134/><T67/><D116/><U10/><E10/><V63/><F63/><W122/><G133/><T126/><D126/><U104/><E104/><V132/><F132/><W76/><G107/><N who="0" m="63975" /><D67/><U68/><E68/><V32/><F94/><W38/><G31/><T2/><D60/><U8/><E8/><V48/><F9/><W108/><G38/><T79/><D55/><U15/><E15/><V129/><F129/><W33/><G108/><T71/><D71/><RYUUKYOKU ba="0,1" sc="351,-10,269,30,120,-10,250,-10" hai1="6,11,14,34,35,49,54,56,81,84,95,97,101" /><INIT seed="1,1,1,5,5,82" ten="341,299,110,240" oya="1" hai0="113,71,85,127,53,90,122,72,30,25,104,52,45" hai1="96,105,91,43,110,9,131,106,63,15,1,37,18" hai2="22,123,64,7,134,103,78,8,65,126,60,32,66" hai3="87,94,42,57,125,81,29,35,26,17,2,80,51"/><U111/><E1/><V114/><F123/><W11/><G125/><T20/><D113/><U34/><E34/><V23/><F32/><W13/><G2/><T55/><D72/><U56/><E43/><V3/><F126/><W31/><G31/><T70/><D127/><U116/><E37/><V100/><F114/><W68/><G68/><T50/><D104/><U67/><E116/><V48/><F134/><W0/><G0/><T77/><D77/><U101/><E131/><V58/><F48/><W121/><G121/><T28/><D122/><U21/><E9/><V109/><F109/><N who="1" m="41481" /><E101/><V102/><REACH who="2" step="1"/><F78/><REACH who="2" ten="341,299,100,240" step="2"/><W128/><G51/><T129/><D50/><U62/><E62/><V135/><F135/><W93/><G35/><T73/><D129/><U79/><E79/><V98/><F98/><W112/><G128/><T88/><D45/><U27/><E27/><V10/><F10/><W6/><G26/><T41/><D25/><U99/><E99/><V4/><F4/><W49/><G11/><T118/><D118/><U74/><E74/><V83/><F83/><W117/><G80/><T107/><D73/><U46/><E46/><V47/><F47/><W108/><G81/><T89/><D41/><U115/><E115/><V16/><F16/><W36/><G17/><T76/><D76/><U84/><E96/><V19/><F19/><W75/><G42/><T38/><D30/><U39/><E39/><V33/><F33/><W86/><G29/><T24/><D38/><U120/><E120/><V124/><F124/><W130/><G36/><T132/><D24/><U44/><E44/><RYUUKYOKU ba="1,2" sc="341,-15,299,15,100,15,240,-15" hai1="15,18,21,56,63,67,84,91,105,106" hai2="3,7,8,22,23,58,60,64,65,66,100,102,103" /><INIT seed="1,2,2,5,1,52" ten="326,314,115,225" oya="1" hai0="50,77,6,88,68,9,75,87,93,57,33,13,98" hai1="133,71,104,105,29,110,38,55,79,20,21,25,65" hai2="15,132,80,101,114,7,64,60,1,106,92,103,126" hai3="100,10,62,86,96,67,12,76,112,47,89,125,23"/><U48/><E38/><V95/><F1/><W42/><G125/><T49/><D68/><U124/><E124/><V32/><F32/><W56/><G76/><T34/><D75/><U130/><E130/><V14/><F126/><W36/><G23/><T81/><D34/><U2/><E2/><V58/><F132/><W39/><G112/><T111/><D33/><U85/><E110/><V119/><F119/><W74/><G74/><T120/><D111/><U129/><E20/><V134/><F134/><W53/><G67/><T63/><D120/><U19/><E29/><V54/><F114/><W127/><G36/><T102/><D102/><N who="2" m="38922" /><F106/><W116/><G127/><T8/><D8/><U128/><E133/><V99/><F80/><W69/><G69/><T61/><D61/><N who="1" m="40367" /><E79/><V31/><F31/><W83/><G116/><T0/><D0/><U117/><E85/><V131/><F131/><N who="1" m="50249" /><E117/><V118/><F118/><W22/><G22/><T109/><D109/><U73/><E73/><V51/><F99/><W115/><G115/><T113/><D113/><U135/><E135/><V66/><F66/><AGARI ba="2,2" hai="6,9,13,49,50,57,63,66,77,81,87,88,93,98" machi="66" ten="30,7700,0" yaku="7,1,8,1,52,1,54,1" doraHai="52" who="0" fromWho="2" sc="326,103,314,0,115,-83,225,0" /><INIT seed="2,0,0,3,3,62" ten="429,314,32,225" oya="2" hai0="41,119,105,17,2,0,106,63,19,67,101,56,27" hai1="55,23,92,68,102,37,13,35,90,87,134,38,86" hai2="131,5,20,95,70,64,130,114,31,88,93,44,75" hai3="85,121,79,11,8,48,1,15,9,112,81,6,10"/><V124/><F114/><W4/><G121/><T40/><D119/><U16/><E35/><V117/><F117/><W30/><G112/><T24/><D63/><U118/><E118/><V135/><F75/><W132/><G132/><T60/><D60/><U129/><E129/><N who="2" m="49163" /><F70/><W59/><G30/><T58/><REACH who="0" step="1"/><D101/><REACH who="0" ten="419,314,32,225" step="2"/><U18/><E102/><V103/><F135/><W26/><G26/><T73/><D73/><U80/><E134/><V7/><F124/><W65/><G65/><AGARI ba="0,1" hai="0,2,17,19,24,27,40,41,56,58,65,67,105,106" machi="65" ten="25,8000,1" yaku="1,1,22,2,52,2,53,0" doraHai="62" doraHaiUra="76" who="0" fromWho="3" sc="419,90,314,0,32,0,225,-80" /><INIT seed="3,0,0,3,1,56" ten="509,314,32,145" oya="3" hai0="14,129,41,85,2,23,92,77,35,109,36,38,37" hai1="53,45,28,94,126,87,11,5,43,20,15,127,101" hai2="42,122,12,95,82,48,29,8,70,40,81,100,16" hai3="1,25,18,6,93,7,67,79,134,58,110,132,46"/><W133/><G110/><T44/><D35/><U102/><E53/><V26/><F122/><W130/><G130/><T72/><D2/><U69/><E69/><V31/><F70/><W39/><G79/><T33/><D33/><U121/><E121/><V27/><F100/><W99/><G1/><T63/><D72/><U80/><E94/><V117/><F117/><W108/><G108/><T83/><D92/><U119/><E119/><V123/><F123/><W24/><G46/><T52/><D129/><U135/><E135/><V112/><F112/><W106/><G39/><T19/><REACH who="0" step="1"/><D109/><REACH who="0" ten="499,314,32,145" step="2"/><U111/><E111/><V73/><F95/><W4/><G106/><T47/><D47/><U57/><E126/><V118/><F118/><W76/><G18/><T62/><D62/><U49/><E45/><V21/><F73/><W65/><G132/><T128/><D128/><U88/><E127/><V54/><F82/><W115/><G93/><T90/><D90/><U103/><E103/><V96/><F81/><W125/><G134/><T9/><D9/><U0/><E0/><V13/><F96/><W3/><G99/><T55/><D55/><N who="1" m="31983" /><E43/><V34/><F40/><W124/><G125/><T107/><D107/><U116/><E116/><V113/><F42/><W59/><G124/><T78/><D78/><U89/><E89/><V105/><F105/><W91/><G76/><T66/><D66/><U68/><E101/><V17/><F113/><W64/><G115/><T60/><D60/><U98/><E102/><V84/><F34/><W74/><G133/><T10/><D10/><U120/><E80/><RYUUKYOKU ba="0,1" sc="499,30,314,-10,32,-10,145,-10" hai0="14,19,23,36,37,38,41,44,52,63,77,83,85" /><INIT seed="4,1,1,1,2,32" ten="529,304,22,135" oya="0" hai0="19,35,16,40,108,87,84,89,74,77,112,81,114" hai1="93,17,103,27,54,22,97,109,85,131,55,118,21" hai2="128,25,49,6,100,91,23,37,82,9,39,126,44" hai3="41,115,61,75,62,80,133,111,106,130,47,95,51"/><T135/><D135/><U90/><E118/><V29/><F128/><W102/><G111/><T127/><D35/><U129/><E109/><V66/><F126/><W73/><G61/><T53/><D40/><U18/><E131/><V125/><F125/><W78/><G73/><T68/><D68/><U70/><E70/><V65/><F100/><W20/><G115/><T117/><D117/><U69/><E69/><V12/><F39/><W31/><G133/><T105/><D105/><U28/><E28/><V46/><F37/><W45/><G45/><T42/><D42/><U57/><E57/><V116/><F116/><W96/><G62/><T26/><D127/><U71/><E71/><V1/><F46/><W38/><G130/><T60/><D108/><U122/><E122/><V121/><F121/><W34/><G34/><T104/><D104/><U2/><E2/><V132/><F132/><W110/><G110/><T120/><D120/><U59/><E59/><V8/><F91/><W123/><G123/><T10/><D89/><U107/><REACH who="1" step="1"/><E129/><REACH who="1" ten="529,294,22,135" step="2"/><V63/><F63/><W15/><G31/><T3/><D60/><U50/><E50/><V76/><F49/><W36/><G51/><T98/><D3/><U5/><E5/><V119/><F44/><W124/><G124/><T101/><D114/><U72/><E72/><V134/><F119/><W113/><G113/><T24/><D74/><U83/><E83/><V43/><F134/><W30/><G38/><T92/><D112/><U14/><AGARI ba="1,2" hai="14,17,18,21,22,27,54,55,85,90,93,97,103,107" machi="14" ten="20,5200,0" yaku="1,1,0,1,7,1,53,1" doraHai="32" doraHaiUra="88" who="1" fromWho="1" sc="529,-27,294,75,22,-14,135,-14" /><INIT seed="5,0,0,3,0,101" ten="502,369,8,121" oya="1" hai0="29,131,107,39,88,97,56,62,123,112,91,10,64" hai1="52,110,57,93,8,95,27,66,24,124,53,46,33" hai2="87,28,6,65,17,51,43,92,3,37,60,104,133" hai3="115,0,48,50,130,96,89,98,40,128,47,108,2"/><U79/><E33/><V102/><F37/><W120/><G115/><T121/><D112/><U127/><E110/><V12/><F133/><W100/><G108/><T36/><D131/><N who="3" m="50217" /><G120/><N who="0" m="46155" /><D29/><U58/><E8/><N who="2" m="4119" /><F104/><N who="3" m="63495" /><G50/><T19/><D107/><U68/><E46/><N who="2" m="26079" /><F3/><N who="3" m="1067" /><G89/><N who="0" m="34379" /><D97/><AGARI ba="0,0" hai="40,47,48,97,98" m="1067,63495,50217" machi="97" ten="30,2000,0" yaku="19,1,52,1" doraHai="101" who="3" fromWho="0" sc="502,-20,369,0,8,0,121,20" /><INIT seed="6,0,0,2,1,69" ten="482,369,8,141" oya="2" hai0="89,41,67,88,8,122,16,77,84,132,33,38,81" hai1="86,54,135,40,52,128,28,29,31,24,125,35,53" hai2="46,13,64,63,47,32,0,98,50,117,94,95,131" hai3="10,70,11,119,5,92,26,60,65,58,83,103,107"/><V108/><F117/><W121/><G121/><T43/><D67/><U73/><E73/><V59/><F0/><W23/><G119/><T112/><D33/><U78/><E135/><V15/><F32/><W90/><G107/><T39/><D122/><U134/><E134/><V127/><F131/><W66/><G5/><T87/><D132/><U37/><E125/><V22/><F127/><W27/><G27/><T25/><D39/><U82/><REACH who="1" step="1"/><E128/><REACH who="1" ten="482,359,8,141" step="2"/><V123/><F123/><W19/><G70/><T113/><D113/><U7/><E7/><V3/><F3/><W85/><G66/><T21/><D112/><U129/><E129/><V97/><F108/><W130/><G130/><T48/><D77/><U20/><E20/><V105/><F105/><W75/><G75/><T91/><D21/><U96/><E96/><AGARI ba="0,1" hai="10,11,19,23,26,58,60,65,83,85,90,92,96,103" machi="96" ten="40,1300,0" yaku="8,1" doraHai="69" who="3" fromWho="1" sc="482,0,359,-13,8,0,141,23" /><INIT seed="7,0,0,0,2,28" ten="482,346,8,164" oya="3" hai0="58,81,69,55,133,134,41,84,115,63,19,112,102" hai1="8,74,39,23,92,49,20,91,120,75,22,111,71" hai2="79,47,116,10,128,80,57,135,105,88,11,117,42" hai3="31,104,37,26,106,76,61,122,73,130,89,119,29"/><W7/><G89/><T36/><D102/><U109/><E71/><V43/><F57/><W93/><G61/><T15/><D69/><U86/><E39/><V59/><F59/><W35/><G7/><T85/><D41/><U50/><E91/><V62/><F62/><W24/><G93/><T110/><D110/><U14/><E92/><V32/><F47/><W21/><G119/><T67/><D55/><U12/><E8/><V33/><F79/><W68/><G68/><T103/><D85/><U64/><E64/><V46/><F46/><W114/><G114/><N who="0" m="43563" /><D103/><U124/><E124/><V77/><F77/><W18/><G130/><T40/><D40/><U38/><E38/><V97/><F128/><W4/><G37/><T34/><D34/><U3/><E3/><V83/><F97/><W99/><G122/><T9/><D36/><U90/><E90/><AGARI ba="0,0" hai="9,15,19,58,63,67,81,84,90,133,134" m="43563" machi="90" ten="30,2000,0" yaku="15,1,11,1" doraHai="28" who="0" fromWho="1" sc="482,20,346,-20,8,0,164,0" owari="502,60.0,326,13.0,8,-49.0,164,-24.0" /></mjloggm>