<mjloggm ver="2.3"><GO type="169" lobby="0"/><UN n0="%E3%81%84%E3%81%A1%E3%81%8B%E3%82%8F%E2%99%AA" n1="%6D%61%63%6A%72" n2="%4A%57%35%35" n3="%E3%82%A6%E3%83%AB%E3%83%88%E3%83%A9%E7%AB%8B%E7%9B%B4" dan="16,18,16,18" rate="2070.96,2105.38,2103.23,2193.75" sx="F,M,M,M"/><TAIKYOKU oya="0"/><INIT seed="0,0,0,3,5,103" ten="250,250,250,250" oya="0" hai0="45,123,97,65,62,131,66,59,48,2,54,31,53" hai1="0,28,111,76,104,91,47,80,83,89,13,37,7" hai2="3,21,120,29,73,71,5,135,60,100,58,17,96" hai3="105,33,55,16,113,19,127,119,51,26,14,125,134"/><T122/><D2/><U42/><E111/><V8/><F120/><W40/><G40/><T56/><D31/><U4/><E28/><V85/><F73/><W117/><G113/><T32/><D32/><U30/><E30/><V114/><F29/><N who="3" m="19639" /><G105/><T34/><D34/><U86/><E104/><V11/><F114/><W67/><G67/><T133/><D97/><U46/><E0/><V94/><F135/><W68/><G68/><T70/><D133/><U108/><E108/><V12/><F71/><W109/><G109/><T110/><D131/><U43/><E13/><V87/><REACH who="2" step="1"/><F11/><REACH who="2" ten="250,250,240,250" step="2"/><W38/><G134/><T20/><D110/><U115/><E115/><V63/><F63/><W99/><G119/><T49/><D20/><U64/><E64/><AGARI ba="0,1" hai="3,5,8,12,17,21,58,60,64,85,87,94,96,100" machi="64" ten="30,2000,0" yaku="1,1,7,1,53,0" doraHai="103" doraHaiUra="36" who="2" fromWho="1" sc="250,0,250,-20,240,30,250,0" /><INIT seed="1,0,0,5,1,5" ten="250,230,270,250" oya="1" hai0="10,104,82,38,64,16,84,60,90,68,15,71,99" hai1="42,88,4,31,23,129,48,2,112,118,72,40,108" hai2="35,41,121,115,45,96,114,113,30,79,106,100,50" hai3="126,12,102,97,52,110,111,78,86,105,131,56,44"/><U120/><E120/><V124/><F121/><W26/><G126/><T134/><D134/><U27/><E118/><V7/><F79/><W46/><G131/><T98/><D38/><U116/><E116/><V77/><F77/><W57/><G26/><T92/><D104/><U93/><E112/><V81/><F81/><N who="3" m="47415" /><G56/><T132/><D132/><U89/><E72/><V59/><F124/><W103/><G12/><T62/><D82/><U67/><E129/><V125/><F125/><W32/><G32/><T69/><D69/><U94/><E67/><AGARI ba="0,0" hai="10,15,16,60,62,64,67,68,71,84,90,92,98,99" machi="67" ten="40,5200,0" yaku="9,1,52,1,54,1" doraHai="5" who="0" fromWho="1" sc="250,52,230,-52,270,0,250,0" /><INIT seed="2,0,0,3,3,16" ten="302,178,270,250" oya="2" hai0="108,43,46,103,96,85,67,64,95,109,10,49,99" hai1="98,68,115,25,66,110,114,5,113,1,89,79,100" hai2="83,134,48,76,126,42,74,60,127,15,75,81,63" hai3="20,107,51,119,80,121,47,8,22,11,52,40,13"/><V33/><F33/><W34/><G107/><T35/><D35/><U102/><E89/><V14/><F134/><W112/><G121/><T125/><D125/><N who="2" m="47626" /><F48/><N who="3" m="26727" /><G119/><T26/><D10/><N who="3" m="3625" /><G34/><T84/><D99/><U0/><E79/><N who="2" m="44279" /><F42/><W57/><G112/><T27/><D84/><U86/><E86/><V9/><F14/><W41/><G80/><T77/><D85/><U59/><E68/><V7/><AGARI ba="0,0" hai="7,9,15,60,63,75,76,83" m="44279,47626" machi="7" ten="30,1500,0" yaku="18,1" doraHai="16" who="2" fromWho="2" sc="302,-5,178,-5,270,15,250,-5" /><INIT seed="2,1,0,4,0,54" ten="297,173,285,245" oya="2" hai0="40,77,80,22,55,64,70,75,132,46,4,23,66" hai1="7,82,15,130,56,86,96,27,73,118,104,102,101" hai2="98,122,35,59,135,60,115,62,45,61,103,119,131" hai3="105,95,24,84,11,79,39,34,52,94,13,100,108"/><V123/><F119/><W127/><G39/><T31/><D132/><U120/><E118/><V0/><F115/><W53/><G108/><T47/><D4/><U81/><E130/><V107/><F35/><W63/><G127/><T48/><D70/><U112/><E112/><V67/><F0/><W114/><G114/><T32/><D32/><U69/><E69/><V6/><F6/><W50/><G105/><T68/><D68/><U88/><E102/><V12/><F135/><W83/><G100/><T10/><D10/><U93/><E120/><V21/><F131/><W129/><G129/><T117/><D117/><U133/><E133/><V97/><F97/><W111/><G111/><T38/><D22/><U25/><E81/><V1/><F1/><W2/><G2/><T76/><D76/><N who="1" m="44303" /><E56/><V42/><F62/><W89/><G79/><T57/><D47/><U126/><E126/><V26/><F61/><W121/><G121/><T49/><D38/><U65/><E65/><V14/><F123/><W106/><G106/><T71/><D71/><U17/><E7/><V128/><F128/><W110/><G110/><T37/><D37/><U20/><AGARI ba="1,0" hai="15,17,20,25,27,86,88,93,96,101,104" m="44303" machi="20" ten="30,2000,0" yaku="24,1,54,1" doraHai="54" who="1" fromWho="1" sc="297,-6,173,23,285,-11,245,-6" /><INIT seed="3,0,0,5,4,67" ten="291,196,274,239" oya="3" hai0="109,54,22,79,1,21,76,90,3,16,104,105,24" hai1="120,89,86,83,80,44,41,0,45,103,112,96,132" hai2="15,114,81,108,87,40,59,37,119,11,72,33,70" hai3="18,77,130,127,53,50,63,66,133,17,43,34,5"/><W19/><G127/><T12/><D109/><U110/><E110/><V58/><F33/><W36/><G130/><T88/><D104/><U51/><E132/><V74/><F108/><W39/><G133/><T95/><D105/><U7/><E120/><V94/><F114/><W26/><G5/><T13/><D13/><U27/><E112/><V35/><F35/><W23/><G77/><N who="0" m="29771" /><D1/><U117/><E117/><V60/><F70/><W100/><G100/><T93/><D3/><U122/><E122/><V38/><F94/><N who="0" m="35850" /><D54/><U91/><E103/><V2/><F2/><W78/><G78/><T84/><D84/><U47/><E96/><V102/><F87/><W56/><G34/><T52/><D52/><U14/><E0/><V55/><F55/><W115/><G115/><T25/><D25/><U134/><E27/><V30/><F102/><W61/><G61/><T42/><D42/><U62/><E134/><V75/><F60/><W85/><G85/><T6/><D6/><U10/><E80/><V107/><F81/><W98/><G98/><T73/><D73/><U31/><E62/><V68/><F107/><W124/><G124/><T64/><D64/><U128/><E45/><V8/><F75/><W116/><G116/><T121/><D121/><U101/><E44/><V29/><F119/><W65/><G65/><T118/><D118/><U129/><E101/><V113/><F113/><W9/><G9/><T131/><D131/><N who="1" m="50251" /><E91/><V71/><F15/><W48/><G43/><AGARI ba="0,0" hai="8,11,29,30,37,38,40,43,58,59,68,71,72,74" machi="43" ten="25,6400,0" yaku="22,2,52,2" doraHai="67" who="2" fromWho="3" sc="291,0,196,0,274,64,239,-64" /><INIT seed="4,0,0,4,4,94" ten="291,196,338,175" oya="0" hai0="106,132,32,76,17,103,128,28,122,72,92,0,21" hai1="119,38,75,12,53,84,107,30,56,10,111,113,79" hai2="16,14,88,57,8,95,130,5,118,45,44,42,64" hai3="58,109,59,51,69,123,116,131,31,37,41,40,112"/><T78/><D0/><U115/><E111/><V80/><F130/><W65/><G31/><T83/><D76/><U93/><E107/><V34/><F34/><W87/><G87/><T70/><D70/><U101/><E38/><V85/><F118/><W77/><G77/><T68/><D68/><U39/><E39/><V43/><F5/><W49/><G109/><T2/><D2/><U108/><E108/><V114/><F114/><N who="1" m="43529" /><E119/><V120/><F120/><W135/><G112/><T50/><D132/><U99/><E30/><V1/><F1/><W62/><G116/><T15/><D122/><U36/><E36/><V104/><F104/><W47/><G123/><T82/><D106/><U89/><E79/><V124/><F124/><W33/><G33/><T13/><D28/><U9/><E75/><V60/><F80/><W61/><G135/><T127/><D83/><N who="1" m="49311" /><E12/><V110/><F110/><W90/><G131/><T11/><D128/><U98/><E98/><V23/><F8/><W129/><G129/><T26/><D127/><U18/><E18/><V100/><F100/><W96/><G96/><N who="0" m="59783" /><D32/><U117/><E117/><V52/><F64/><N who="3" m="38975" /><G90/><T126/><D11/><U29/><E29/><V3/><F3/><W7/><G7/><T97/><D97/><U134/><E134/><V91/><F91/><W133/><G133/><T86/><D72/><U105/><E105/><V55/><F88/><W27/><G37/><T66/><D66/><U121/><E121/><V48/><F85/><W20/><G65/><T54/><D126/><U73/><E73/><V102/><F102/><W24/><G69/><RYUUKYOKU ba="0,0" sc="291,15,196,15,338,-15,175,-15" hai0="13,15,17,21,26,50,54,78,82,86" hai1="9,10,53,56,93,99,101" /><INIT seed="4,1,0,1,3,118" ten="306,211,323,160" oya="0" hai0="106,73,114,121,75,66,37,24,44,64,87,61,12" hai1="52,30,1,91,25,122,99,58,11,4,116,47,60" hai2="80,5,90,36,124,97,96,33,85,71,131,17,120" hai3="129,83,67,45,77,35,107,26,113,133,49,81,95"/><T43/><D106/><U103/><E116/><V82/><F71/><W117/><G107/><T22/><D114/><U111/><E111/><V0/><F36/><W54/><G113/><T72/><D12/><U76/><E76/><V115/><F33/><W98/><G117/><T92/><D92/><U104/><E47/><V100/><F115/><W102/><G133/><T39/><D39/><U125/><E125/><V46/><F46/><W132/><G132/><T109/><D87/><U128/><E128/><V48/><F131/><W14/><G129/><T88/><D88/><U59/><E91/><V86/><F0/><W101/><G101/><T127/><D109/><U32/><REACH who="1" step="1"/><E58/><REACH who="1" ten="306,201,323,160" step="2"/><V28/><F90/><W89/><G89/><T63/><D127/><U108/><E108/><V130/><F124/><W23/><G77/><T19/><D43/><U41/><E41/><V57/><F57/><W15/><G35/><T79/><D44/><U78/><E78/><V3/><F130/><W68/><G68/><T55/><D79/><U50/><E50/><V56/><F48/><W40/><G40/><T62/><D37/><U53/><E53/><V9/><F56/><W94/><G67/><N who="0" m="25643" /><D55/><U93/><E93/><V110/><F110/><W16/><REACH who="3" step="1"/><G95/><REACH who="3" ten="306,201,323,150" step="2"/><T8/><D72/><U126/><E126/><V18/><F100/><W135/><G135/><T13/><D73/><U21/><E21/><V74/><F74/><W119/><G119/><T69/><D75/><U31/><E31/><V123/><F28/><W38/><G38/><T2/><D69/><U27/><E27/><V65/><F85/><RYUUKYOKU ba="1,2" sc="306,-15,201,15,323,-15,150,15" hai1="1,4,11,25,30,32,52,59,60,99,103,104,122" hai3="14,15,16,23,26,45,49,54,81,83,94,98,102" /><INIT seed="5,2,2,2,0,67" ten="291,216,308,165" oya="1" hai0="88,36,132,0,86,79,66,91,110,44,29,125,58" hai1="100,81,53,68,107,112,9,120,108,23,80,119,82" hai2="113,135,2,10,52,72,133,14,46,70,92,50,24" hai3="25,94,7,22,122,55,39,127,45,134,28,116,3"/><U12/><E119/><V124/><F124/><W83/><G122/><T102/><D0/><U85/><E120/><V43/><F72/><W96/><G127/><T49/><D36/><U129/><E68/><V47/><F2/><W4/><G116/><T56/><D102/><U30/><E112/><V54/><F113/><W103/><G134/><N who="2" m="51209" /><F70/><W63/><G3/><T84/><D110/><U15/><E129/><V62/><F24/><W97/><G39/><T13/><D29/><U95/><E107/><V35/><F35/><W111/><G111/><T38/><D38/><U34/><E34/><V18/><F47/><W93/><G83/><N who="0" m="49247" /><D79/><U6/><E108/><V99/><F62/><W42/><G42/><N who="0" m="24727" /><D66/><U90/><E53/><V114/><F114/><W61/><G61/><T130/><D132/><U76/><E100/><AGARI ba="2,2" hai="10,14,18,43,46,50,52,54,92,99,100" m="51209" machi="100" ten="30,2000,0" yaku="20,1,54,1" doraHai="67" who="2" fromWho="1" sc="291,0,216,-26,308,46,165,0" /><INIT seed="6,0,0,3,3,63" ten="291,190,354,165" oya="2" hai0="50,112,64,127,91,92,103,78,53,70,38,36,72" hai1="35,47,25,34,104,95,68,77,102,23,16,81,123" hai2="5,130,8,52,1,117,114,124,93,29,48,65,66" hai3="56,113,13,105,135,99,46,96,24,14,94,9,106"/><V125/><F117/><W28/><G135/><T82/><D103/><U17/><E123/><V57/><F130/><W90/><G113/><T97/><D127/><N who="2" m="48714" /><F114/><W101/><G46/><T11/><D11/><U27/><E104/><V122/><F122/><W98/><G56/><T20/><D112/><U43/><E68/><V87/><F29/><W31/><G31/><T110/><D110/><U37/><E102/><V129/><F129/><W59/><G59/><T107/><D107/><U32/><E95/><V121/><F121/><W30/><G30/><T118/><D118/><U73/><REACH who="1" step="1"/><E17/><REACH who="1" ten="291,180,354,165" step="2"/><V83/><F93/><W18/><G106/><T128/><D128/><U33/><E33/><V22/><F22/><W75/><G105/><T67/><D20/><U109/><E109/><V79/><AGARI ba="0,1" hai="1,5,8,48,52,57,65,66,79,83,87" m="48714" machi="79" ten="30,11700,0" yaku="18,1,52,2,54,1" doraHai="63" who="2" fromWho="2" sc="291,-39,180,-39,354,127,165,-39" /><INIT seed="6,1,0,3,4,92" ten="252,141,481,126" oya="2" hai0="127,128,95,60,54,25,77,43,102,122,55,107,80" hai1="50,35,38,62,29,15,105,81,111,22,46,87,34" hai2="85,68,48,71,91,98,44,134,47,5,119,115,106" hai3="94,16,14,86,126,3,58,41,53,116,32,110,104"/><V90/><F119/><W20/><G116/><T7/><D7/><U114/><E111/><V97/><F5/><W112/><G110/><T108/><D107/><U74/><E38/><V100/><F134/><W40/><G126/><T132/><D43/><U83/><E105/><V49/><F115/><W11/><G32/><T2/><D2/><U65/><E114/><V42/><F85/><W78/><G104/><T109/><D54/><U101/><E101/><V73/><F73/><W117/><G117/><T70/><D55/><U4/><E74/><V130/><F106/><W125/><G125/><T79/><D80/><U36/><E36/><V84/><F84/><W82/><G112/><T33/><D79/><U76/><E81/><V61/><F61/><W69/><G69/><T129/><D70/><U1/><E1/><V30/><F30/><W19/><G94/><T88/><D77/><U21/><E21/><V17/><F100/><W63/><REACH who="3" step="1"/><G3/><REACH who="3" ten="252,141,481,116" step="2"/><T89/><D95/><U28/><E34/><V52/><F71/><W75/><G75/><T39/><D33/><U10/><E35/><V64/><F68/><W124/><G124/><T12/><D127/><U31/><E22/><V9/><F9/><W8/><G8/><T72/><D108/><U131/><E131/><V113/><F130/><W23/><G23/><T57/><D129/><U13/><E13/><AGARI ba="1,1" hai="11,13,14,16,19,20,40,41,53,58,63,78,82,86" machi="13" ten="30,7700,0" yaku="1,1,7,1,8,1,54,1,53,0" doraHai="92" doraHaiUra="0" who="3" fromWho="1" sc="252,0,141,-80,481,0,116,90" /><INIT seed="7,0,0,4,2,75" ten="252,61,481,206" oya="3" hai0="100,3,1,98,61,83,99,73,15,109,50,35,42" hai1="55,108,26,48,101,47,49,30,41,127,114,93,38" hai2="89,17,80,121,53,4,85,134,43,105,126,5,113" hai3="90,33,10,91,62,0,124,72,94,117,133,97,96"/><W57/><G33/><T70/><D99/><U104/><E108/><V76/><F105/><W130/><G117/><T82/><D82/><U12/><E114/><V128/><F113/><W111/><G124/><T16/><D35/><U31/><E104/><V36/><F128/><W115/><G130/><T71/><D71/><U123/><E123/><V51/><F121/><W86/><G72/><T110/><D1/><U45/><E127/><V19/><F126/><W69/><G69/><T103/><D103/><U40/><E38/><V23/><F36/><W24/><G0/><T65/><D3/><U8/><E55/><V39/><F39/><W59/><G133/><T22/><D50/><U78/><E26/><V11/><F43/><W84/><G24/><T74/><D74/><U54/><E54/><V81/><F23/><W77/><G10/><T63/><D63/><U68/><E68/><V125/><F125/><W7/><G115/><T46/><D46/><U58/><E58/><N who="2" m="33087" /><F11/><W129/><G129/><T9/><D9/><U131/><E131/><V60/><F60/><W27/><G27/><T102/><D42/><U119/><E119/><V28/><F28/><W122/><G122/><T112/><D112/><U29/><E101/><V120/><F120/><W64/><G111/><T79/><D102/><U44/><E44/><V20/><F134/><W87/><G59/><T88/><D88/><U66/><E66/><V95/><F20/><W107/><G107/><AGARI ba="0,0" hai="15,16,22,61,65,70,73,79,83,98,100,107,109,110" machi="107" ten="30,3900,0" yaku="7,1,52,1,54,1" doraHai="75" who="0" fromWho="3" sc="252,39,61,0,481,0,206,-39" owari="291,9.0,61,-44.0,481,58.0,167,-23.0" /></mjloggm>