<mjloggm ver="2.3"><GO type="41" lobby="0"/><UN n0="%E5%B0%B1%E6%B4%BB%E7%94%9F%40%E5%B7%9D%E6%9D%91%E8%BB%8D%E5%9B%A3" n1="%E9%95%B7%E5%B6%8B%E8%8C%82%E4%B9%99" n2="%79%6D%69%6C%6B%79" n3="%E2%98%85%E3%81%9D%E3%82%8B%E2%98%85" dan="15,13,14,14" rate="2026.06,1921.59,1976.16,1962.54" sx="M,M,M,M"/><TAIKYOKU oya="0"/><INIT seed="0,0,0,5,2,47" ten="250,250,250,250" oya="0" hai0="11,72,125,39,7,121,49,88,51,116,120,70,127" hai1="65,108,123,56,92,117,122,99,73,113,37,131,128" hai2="94,80,60,100,6,10,24,27,36,97,124,50,111" hai3="44,130,93,64,119,126,41,98,40,76,28,9,63"/><T114/><D72/><U103/><E37/><V83/><F111/><W2/><G119/><T61/><D39/><U21/><E21/><V19/><F124/><N who="0" m="47690" /><D116/><U8/><E8/><V110/><F110/><W87/><G126/><T135/><D114/><U20/><E117/><V32/><F36/><W71/><G130/><N who="1" m="49706" /><E108/><V109/><F60/><W102/><G28/><T90/><D135/><U52/><E73/><V85/><F109/><W132/><G132/><T129/><D129/><U34/><E34/><V107/><F107/><W43/><G2/><N who="0" m="503" /><D70/><U31/><E113/><V101/><F101/><W78/><G9/><T48/><D61/><N who="1" m="35975" /><E65/><V14/><F32/><W33/><G33/><T22/><D22/><U25/><AGARI ba="0,0" hai="20,25,31,92,99,103,122,123" m="35975,49706" machi="25" ten="30,2000,0" yaku="19,1,54,1" doraHai="47" who="1" fromWho="1" sc="250,-10,250,20,250,-5,250,-5" /><INIT seed="1,0,0,3,3,103" ten="240,270,245,245" oya="1" hai0="133,4,83,5,47,2,50,114,58,43,51,79,17" hai1="102,126,46,130,19,65,129,132,36,20,105,85,72" hai2="97,95,77,90,84,7,27,0,23,48,21,15,134" hai3="92,53,37,16,76,91,73,40,8,61,56,18,110"/><U69/><E72/><V87/><F134/><W34/><G34/><T131/><D114/><U35/><E35/><V111/><F0/><W104/><G110/><T127/><D127/><U41/><E126/><V59/><F111/><W112/><G112/><T135/><D2/><U26/><E132/><N who="0" m="50761" /><D131/><U11/><E85/><V120/><F120/><W63/><G104/><T68/><D68/><U106/><E11/><V14/><F84/><W30/><G30/><T88/><D17/><U94/><E94/><V118/><F21/><W101/><G101/><T42/><D88/><U80/><E80/><V98/><F118/><W24/><G76/><T25/><D25/><U71/><E102/><V125/><F125/><W100/><G100/><T115/><D115/><U123/><E123/><V70/><F70/><W119/><G73/><N who="0" m="43503" /><D58/><U13/><E26/><V75/><F75/><W62/><G119/><T96/><D96/><U39/><E36/><V55/><F77/><W44/><G18/><T122/><D122/><U109/><E109/><V93/><F7/><N who="0" m="2634" /><D43/><U32/><E32/><V116/><F116/><W121/><G121/><T60/><D60/><N who="1" m="40103" /><E71/><V9/><F9/><W54/><G54/><T29/><D29/><U1/><E1/><V86/><F86/><W6/><G6/><T3/><D3/><U67/><E67/><V82/><F82/><W49/><G37/><AGARI ba="0,0" hai="37,42,47,50,51" m="2634,43503,50761" machi="37" ten="30,1000,0" yaku="20,1" doraHai="103" who="0" fromWho="3" sc="240,10,270,0,245,0,245,-10" /><INIT seed="2,0,0,3,2,11" ten="250,270,245,235" oya="2" hai0="80,103,41,125,31,105,10,81,108,133,26,47,8" hai1="98,17,35,128,131,55,19,54,33,109,85,37,135" hai2="96,76,110,44,132,111,0,25,73,68,3,88,91" hai3="36,115,7,107,49,94,42,38,67,1,101,90,9"/><V16/><F68/><W93/><G115/><T69/><D108/><N who="2" m="41514" /><F76/><W124/><G107/><T34/><D125/><U40/><E109/><V59/><F73/><W117/><G67/><T18/><D133/><U114/><E40/><V70/><F70/><W12/><G117/><T66/><D66/><U106/><E135/><V30/><F132/><W113/><G124/><T118/><D69/><U45/><E37/><V104/><F59/><W119/><G113/><T21/><D103/><U87/><E98/><V63/><F63/><W52/><G119/><T29/><D105/><U83/><E83/><V62/><F62/><W123/><G42/><T64/><D64/><U20/><E106/><V5/><F44/><W50/><G123/><T99/><D29/><U71/><E71/><V129/><F129/><W127/><G127/><T97/><D118/><U6/><E45/><V27/><F5/><W89/><G101/><T32/><D99/><U15/><E114/><V24/><F30/><W84/><G1/><N who="2" m="585" /><F16/><W126/><G126/><T86/><D47/><U46/><E46/><V28/><F28/><W2/><G2/><T53/><D18/><U77/><E77/><V23/><F23/><W57/><G50/><T43/><D21/><U102/><E20/><V130/><F130/><W60/><REACH who="3" step="1"/><G60/><REACH who="3" ten="250,270,245,225" step="2"/><T121/><D41/><U134/><E134/><V65/><F65/><W14/><G14/><T82/><D43/><U13/><E102/><AGARI ba="0,1" hai="24,25,27,88,91,96,102,104" m="585,41514" machi="102" ten="40,7700,0" yaku="14,1,10,1,54,1" doraHai="11" who="2" fromWho="1" sc="250,0,270,-77,245,87,225,0" /><INIT seed="2,1,0,5,2,69" ten="250,193,332,225" oya="2" hai0="68,102,41,63,87,32,105,127,111,101,30,120,110" hai1="107,50,44,100,47,73,81,109,104,121,74,94,7" hai2="2,89,54,4,59,57,93,113,60,123,125,19,85" hai3="128,67,31,124,12,25,10,8,9,86,79,130,33"/><V66/><F125/><W35/><G67/><N who="0" m="41087" /><D120/><U77/><E109/><N who="0" m="41481" /><D127/><U75/><E44/><V98/><F113/><W39/><G79/><T37/><D87/><N who="1" m="48559" /><E7/><V134/><F134/><W6/><G86/><T83/><D83/><U0/><E0/><V36/><F36/><W117/><G39/><T116/><D116/><U40/><E40/><V28/><F123/><W45/><G45/><N who="0" m="23727" /><D105/><N who="1" m="40523" /><E50/><V1/><F28/><N who="3" m="19599" /><G117/><T58/><D58/><U24/><E47/><V38/><F38/><W14/><G124/><T42/><D42/><U43/><E24/><AGARI ba="1,0" hai="24,30,32,101,102" m="23727,41481,41087" machi="24" ten="30,2000,0" yaku="14,1,52,1" doraHai="69" who="0" fromWho="1" sc="250,23,193,-23,332,0,225,0" /><INIT seed="3,0,0,3,4,104" ten="273,170,332,225" oya="3" hai0="82,70,105,2,49,126,65,42,94,122,93,38,37" hai1="115,64,53,48,55,108,9,127,84,58,77,80,23" hai2="100,131,124,85,0,87,119,35,22,63,103,118,99" hai3="117,60,134,19,71,11,110,61,106,27,125,66,86"/><W90/><G106/><T107/><D122/><U123/><E123/><V69/><F22/><W72/><G117/><T5/><D126/><U89/><E127/><V97/><F63/><W41/><G125/><T81/><D49/><U12/><E108/><V32/><F124/><W24/><G134/><T73/><D65/><U25/><E115/><V56/><F56/><W133/><G110/><T15/><D15/><U52/><E64/><V78/><F78/><W1/><G133/><T43/><D5/><U21/><E77/><V16/><F0/><W76/><G41/><T47/><D2/><U13/><E21/><V30/><F69/><W50/><G50/><T3/><D3/><U92/><E80/><V18/><F131/><W95/><G61/><T39/><D39/><U111/><E111/><V120/><REACH who="2" step="1"/><F120/><REACH who="2" ten="273,170,322,225" step="2"/><W33/><G33/><T14/><D70/><U96/><E96/><V54/><F54/><N who="1" m="21097" /><E9/><V75/><F75/><W29/><G29/><AGARI ba="0,1" hai="12,13,23,25,29,48,55,58,84,89,92" m="21097" machi="29" ten="30,2000,0" yaku="8,1,54,1" doraHai="104" who="1" fromWho="3" sc="273,0,170,30,322,0,225,-20" /><AGARI ba="0,0" hai="16,18,29,30,32,35,85,87,97,99,100,103,118,119" machi="29" ten="25,6400,0" yaku="1,1,22,2,54,1,53,0" doraHai="104" doraHaiUra="20" who="2" fromWho="3" sc="273,0,200,0,322,64,205,-64" /><INIT seed="4,0,0,1,4,80" ten="273,200,386,141" oya="0" hai0="104,123,73,87,110,50,14,36,70,86,85,106,128" hai1="56,68,63,100,88,93,10,26,97,11,58,18,91" hai2="108,49,98,119,133,55,95,118,52,122,125,44,107" hai3="89,65,23,66,43,76,94,9,120,126,40,16,135"/><T19/><D36/><U129/><E129/><V71/><F107/><W45/><G120/><T5/><D123/><U115/><E115/><V25/><F122/><W84/><G76/><T53/><D70/><U64/><E68/><V54/><F71/><W124/><G135/><T38/><D38/><U47/><E47/><V3/><F108/><W7/><G126/><T102/><D128/><U130/><E130/><V81/><F125/><W6/><G124/><T134/><D134/><U79/><E79/><V67/><F67/><W114/><G114/><T8/><D110/><U121/><E121/><V33/><F3/><W60/><G60/><T127/><D73/><U57/><E58/><V27/><F81/><W92/><G92/><T24/><D102/><U99/><E57/><V13/><F13/><W74/><G74/><T62/><D62/><U61/><E61/><V116/><F133/><W1/><G6/><T72/><D72/><U112/><E112/><V59/><F59/><W78/><G78/><T69/><D69/><U20/><REACH who="1" step="1"/><E91/><REACH who="1" ten="273,190,386,141" step="2"/><N who="2" m="55679" /><F33/><W77/><G77/><T101/><D127/><U41/><E41/><AGARI ba="0,1" hai="25,27,41,44,49,52,54,55,116,118,119" m="55679" machi="41" ten="40,2600,0" yaku="12,1,54,1" doraHai="80" who="2" fromWho="1" sc="273,0,190,-26,386,36,141,0" /><INIT seed="5,0,0,2,1,76" ten="273,164,422,141" oya="1" hai0="119,18,30,109,0,115,116,59,24,121,64,26,46" hai1="25,127,108,23,22,12,117,38,95,45,33,118,16" hai2="35,100,65,43,131,27,2,66,98,47,93,20,92" hai3="5,102,56,134,84,78,125,111,52,54,101,94,114"/><U75/><E75/><V15/><F2/><W104/><G114/><T34/><D109/><U69/><E69/><V57/><F35/><W37/><G104/><T96/><D115/><U50/><E38/><V120/><F15/><W71/><G37/><T48/><D0/><U13/><E95/><V129/><F93/><W41/><G41/><T63/><D121/><U1/><E50/><V110/><F110/><W3/><G71/><T61/><D61/><U123/><E108/><V7/><F7/><W86/><G111/><T28/><D18/><N who="1" m="10567" /><E45/><V85/><F85/><W49/><G134/><T112/><D112/><U51/><E51/><N who="2" m="27135" /><F120/><W58/><G125/><T83/><D96/><U32/><E123/><V70/><F70/><W21/><G21/><T124/><D124/><U10/><E127/><V31/><F66/><W133/><G133/><T29/><D48/><U42/><E42/><V4/><F4/><W36/><G36/><T89/><D46/><U80/><E80/><V91/><F91/><N who="3" m="53607" /><G3/><T122/><D122/><U135/><E135/><V113/><F113/><W77/><G5/><T44/><D44/><U14/><E13/><V106/><F106/><W8/><G8/><T81/><D89/><U90/><E90/><V72/><F72/><W97/><G97/><T82/><REACH who="0" step="1"/><D29/><REACH who="0" ten="263,164,422,141" step="2"/><N who="1" m="19503" /><E33/><AGARI ba="0,1" hai="24,26,28,30,33,34,59,63,64,81,82,83,116,119" machi="33" ten="40,8000,1" yaku="1,1,9,1,52,3,53,0" doraHai="76" doraHaiUra="126" who="0" fromWho="1" sc="263,90,164,-80,422,0,141,0" /><INIT seed="6,0,0,5,3,123" ten="353,84,422,141" oya="2" hai0="66,56,33,59,60,2,132,129,1,80,27,103,16" hai1="94,21,72,25,120,110,9,39,93,90,75,20,58" hai2="104,47,121,23,91,130,5,12,45,70,51,134,52" hai3="32,53,50,85,115,11,14,109,41,43,95,64,19"/><V44/><F70/><W55/><G32/><T49/><D129/><U122/><E39/><V63/><F104/><W81/><G64/><T131/><D131/><U101/><E9/><V38/><F130/><W133/><G133/><T74/><D132/><U76/><E76/><V99/><F134/><W114/><G95/><T73/><D103/><U125/><E101/><V28/><F63/><W105/><G105/><T119/><D119/><U7/><E7/><V62/><F62/><W17/><G17/><T97/><D97/><U13/><E13/><V34/><F34/><W46/><G55/><T86/><D73/><U4/><E4/><V24/><F38/><W118/><G118/><T18/><D74/><U112/><E58/><V78/><F78/><N who="3" m="46263" /><G109/><T57/><D2/><U106/><E106/><V15/><F121/><W107/><G107/><T29/><D1/><U26/><E90/><V87/><F99/><W3/><G3/><T8/><D8/><U84/><E84/><V22/><F5/><W40/><G53/><T79/><REACH who="0" step="1"/><D49/><REACH who="0" ten="343,84,422,141" step="2"/><U36/><E36/><V67/><F67/><W10/><G10/><T100/><D100/><U68/><E120/><V88/><F91/><W83/><G115/><T116/><D116/><U96/><E112/><V127/><F127/><W35/><G114/><T48/><D48/><U77/><E125/><V108/><F108/><W128/><G50/><T0/><D0/><U71/><E122/><V30/><F47/><W92/><G128/><T102/><D102/><U37/><E77/><V82/><F45/><W126/><G46/><T98/><D98/><RYUUKYOKU ba="0,1" sc="343,15,84,-15,422,15,141,-15" hai0="16,18,27,29,33,56,57,59,60,66,79,80,86" hai2="12,15,22,23,24,28,30,44,51,52,82,87,88" /><INIT seed="6,1,1,4,5,16" ten="358,69,437,126" oya="2" hai0="62,111,40,61,86,15,52,63,74,133,113,27,81" hai1="88,26,30,124,69,38,135,59,24,34,90,8,32" hai2="121,103,53,5,108,58,77,33,36,129,94,120,17" hai3="114,71,41,89,79,119,55,112,76,99,80,2,57"/><V127/><F36/><W116/><G71/><T101/><D111/><U44/><E69/><V117/><F33/><W29/><G2/><T28/><D74/><U82/><E124/><V35/><F35/><W131/><G29/><T97/><D113/><N who="3" m="43625" /><G131/><T100/><D133/><U115/><E135/><V83/><F129/><W66/><G66/><T49/><D40/><U20/><E115/><V75/><F5/><W68/><G68/><T78/><D15/><U105/><E105/><V22/><F117/><W23/><G41/><T123/><D123/><U10/><E38/><V92/><F127/><W54/><G54/><T56/><REACH who="0" step="1"/><D97/><REACH who="0" ten="348,69,437,126" step="2"/><U51/><E32/><AGARI ba="1,2" hai="27,28,32,49,52,56,61,62,63,78,81,86,100,101" machi="32" ten="40,8000,1" yaku="1,1,2,1,54,1,53,1" doraHai="16" doraHaiUra="48" who="0" fromWho="1" sc="348,103,69,-83,437,0,126,0" owari="451,54.0,-14,-51.0,437,24.0,126,-27.0" /></mjloggm>