<mjloggm ver="2.3"><GO type="169" lobby="0"/><UN n0="%E9%A2%A8%E8%BB%8A%E3%81%AE%E7%B5%B5%E7%90%86%E5%AD%90" n1="%E3%82%A6%E3%83%AB%E3%83%88%E3%83%A9%E7%AB%8B%E7%9B%B4" n2="%53%48%49%53%55%4B%45" n3="%E3%83%A4%E3%82%AD%E3%83%B3" dan="16,17,16,16" rate="2148.47,2134.27,2124.71,2146.29" sx="F,M,M,M"/><TAIKYOKU oya="0"/><INIT seed="0,0,0,4,1,102" ten="250,250,250,250" oya="0" hai0="29,9,73,60,124,94,113,57,34,68,8,117,64" hai1="63,89,40,135,66,42,5,103,90,46,71,97,93" hai2="95,91,119,108,53,96,24,116,45,27,56,70,18" hai3="74,125,78,58,17,115,122,6,23,130,21,80,100"/><T37/><D73/><U38/><E135/><V33/><F70/><W59/><G115/><T109/><D37/><U30/><E5/><V4/><F108/><W77/><G125/><T44/><D113/><U114/><E114/><V105/><F4/><W110/><G110/><T86/><D109/><U3/><E3/><V11/><F45/><W118/><G118/><N who="2" m="45097" /><F33/><W99/><G78/><T26/><D117/><U129/><E129/><V2/><F2/><W41/><G130/><T111/><D111/><U22/><E40/><V98/><F11/><W83/><G83/><T134/><D134/><U7/><E7/><V121/><F121/><W106/><G122/><T35/><D35/><U132/><E132/><V25/><F18/><W104/><G41/><T67/><D124/><U16/><REACH who="1" step="1"/><E30/><REACH who="1" ten="250,240,250,250" step="2"/><V10/><F10/><W54/><G6/><T123/><D123/><U88/><E88/><V72/><F72/><W133/><G133/><T85/><D9/><U65/><E65/><V128/><F128/><W76/><G76/><T50/><D8/><U28/><E28/><V62/><F27/><AGARI ba="0,1" hai="16,22,27,38,42,46,63,66,71,89,90,93,97,103" machi="27" ten="30,3900,0" yaku="1,1,7,1,54,1,53,0" doraHai="102" doraHaiUra="47" who="1" fromWho="2" sc="250,0,240,49,250,-39,250,0" /><INIT seed="1,0,0,2,5,20" ten="250,289,211,250" oya="1" hai0="88,10,73,3,60,132,104,23,101,11,92,9,33" hai1="70,61,110,15,30,47,111,54,86,57,98,42,5" hai2="6,56,81,134,108,0,40,39,74,37,94,59,124" hai3="79,35,115,112,46,120,31,77,38,32,36,126,64"/><U91/><E70/><V7/><F108/><N who="1" m="41513" /><E98/><V123/><F123/><W65/><G126/><T72/><D33/><U12/><E5/><V127/><F134/><W51/><G120/><T82/><D132/><U58/><E58/><N who="2" m="22059" /><F94/><W76/><G38/><N who="2" m="14345" /><F40/><W45/><G36/><T19/><D104/><U103/><E103/><V27/><F81/><W128/><G128/><T55/><D101/><U125/><E42/><V87/><F87/><W44/><G51/><T66/><D3/><U24/><E47/><V17/><F74/><W29/><G35/><T25/><D82/><N who="1" m="49623" /><E125/><N who="2" m="48203" /><F0/><W75/><G75/><T43/><D43/><U97/><E97/><V78/><F78/><W68/><G68/><T89/><D89/><U67/><E54/><V14/><F14/><W53/><G53/><T34/><D34/><AGARI ba="0,0" hai="12,15,24,30,34,57,61,67" m="49623,41513" machi="34" ten="30,5800,0" yaku="14,1,10,1,52,1" doraHai="20" who="1" fromWho="0" sc="250,-58,289,58,211,0,250,0" /><INIT seed="1,1,0,1,0,7" ten="192,347,211,250" oya="1" hai0="114,15,98,21,43,126,23,40,75,59,130,104,0" hai1="51,85,29,49,70,11,118,4,62,36,17,78,129" hai2="50,72,45,27,121,22,125,64,6,12,109,74,42" hai3="97,24,16,83,60,31,93,81,119,107,108,128,101"/><U122/><E36/><V30/><F121/><W90/><G108/><T65/><D0/><U8/><E122/><V71/><F109/><W10/><G128/><T34/><D34/><U1/><E29/><V46/><F125/><W99/><G119/><T54/><D65/><U32/><E32/><V80/><F71/><W37/><G37/><T25/><D75/><U69/><E118/><V77/><F64/><W61/><G81/><T106/><D114/><U2/><E129/><V20/><F46/><W113/><G113/><T14/><D130/><U88/><E78/><V28/><F28/><W68/><G83/><T133/><D133/><U120/><E120/><V53/><F53/><W52/><G68/><T96/><D59/><U38/><E38/><V94/><F94/><N who="3" m="56535" /><G107/><T56/><D56/><U39/><E39/><V111/><F111/><W102/><G102/><T89/><D25/><U115/><E115/><V127/><F127/><W132/><G132/><T66/><D66/><U63/><E1/><V48/><F48/><W18/><G31/><T87/><D54/><U79/><E51/><V112/><F112/><W73/><G73/><T117/><D117/><U131/><E49/><V95/><F95/><W41/><G41/><T124/><D89/><U123/><E88/><V33/><F74/><W9/><G61/><N who="1" m="23050" /><E131/><V35/><F35/><W58/><G18/><T86/><AGARI ba="1,0" hai="14,15,21,23,40,43,86,87,96,98,104,106,124,126" machi="86" ten="25,3200,0" yaku="0,1,22,2" doraHai="7" who="0" fromWho="0" sc="192,35,347,-17,211,-9,250,-9" /><INIT seed="2,0,0,0,4,0" ten="227,330,202,241" oya="2" hai0="57,34,92,132,117,58,66,104,39,116,51,110,61" hai1="41,91,122,74,90,33,40,30,49,81,47,65,27" hai2="85,126,93,23,17,120,118,78,5,60,79,97,62" hai3="8,99,67,14,50,105,38,115,111,1,10,29,37"/><V24/><F118/><W119/><G119/><T129/><D104/><U82/><E122/><V135/><F120/><W26/><G111/><T16/><D34/><U68/><E68/><V71/><F126/><W31/><G67/><T9/><D39/><U124/><E124/><V123/><F123/><W69/><G69/><T88/><D110/><U42/><E65/><V106/><F135/><W13/><G1/><T130/><D132/><U55/><REACH who="1" step="1"/><E82/><REACH who="1" ten="227,320,202,241" step="2"/><V125/><F125/><W83/><G83/><T96/><D117/><U86/><E86/><V113/><F71/><W98/><G115/><T121/><D116/><U102/><E102/><V76/><F113/><W101/><G101/><T48/><D121/><U134/><E134/><V87/><F106/><W80/><G80/><T63/><D130/><U107/><E107/><V19/><F87/><W56/><G105/><T77/><D129/><U7/><E7/><V112/><F112/><W6/><G6/><T35/><D66/><U36/><E36/><V84/><F5/><W32/><G38/><T54/><D96/><U12/><E12/><N who="2" m="9639" /><F85/><W4/><G37/><T53/><D92/><U108/><E108/><V103/><F84/><W94/><G94/><T100/><D100/><U95/><E95/><V73/><F73/><W18/><G99/><T109/><D109/><U3/><E3/><V64/><F64/><W15/><G98/><T11/><D77/><AGARI ba="0,1" hai="27,30,33,40,41,42,47,49,55,74,77,81,90,91" machi="77" ten="40,2600,0" yaku="1,1,53,1" doraHai="0" doraHaiUra="21" who="1" fromWho="0" sc="227,-26,320,36,202,0,241,0" /><INIT seed="3,0,0,2,2,59" ten="201,356,202,241" oya="3" hai0="13,101,72,85,66,120,8,112,74,127,93,37,78" hai1="4,43,19,32,53,99,41,98,95,17,68,15,35" hai2="117,76,9,55,122,71,40,108,100,123,18,65,26" hai3="2,51,64,10,44,134,31,111,113,42,11,30,0"/><W96/><G113/><T94/><D37/><U104/><E68/><V131/><F117/><W52/><G134/><T126/><D66/><U92/><E104/><V61/><F108/><W46/><G111/><T34/><D34/><U82/><E4/><V25/><F131/><W5/><G64/><T12/><D120/><N who="2" m="46122" /><F40/><W69/><G69/><T81/><D8/><U106/><E106/><V57/><F100/><W89/><G2/><T125/><D112/><U58/><E82/><V3/><F76/><W105/><G11/><T116/><D116/><U28/><E28/><V110/><F110/><W73/><G73/><T103/><D13/><U21/><E19/><V128/><F128/><W115/><G115/><T83/><D12/><U118/><E32/><V79/><F79/><W48/><REACH who="3" step="1"/><G89/><REACH who="3" ten="201,356,202,231" step="2"/><N who="0" m="51391" /><D74/><U7/><E118/><V77/><F77/><W33/><G33/><T121/><D121/><U114/><E35/><V75/><F75/><W133/><G133/><T129/><D129/><U22/><E114/><V56/><F71/><W27/><G27/><T6/><D6/><U16/><E7/><N who="2" m="1279" /><F18/><W54/><G54/><T20/><D20/><U86/><E22/><V29/><F29/><W63/><G63/><AGARI ba="0,1" hai="25,26,55,56,57,61,63,65" m="1279,46122" machi="63" ten="30,3900,0" yaku="13,1,52,2" doraHai="59" who="2" fromWho="3" sc="201,0,356,0,202,49,231,-39" /><INIT seed="4,0,0,3,1,99" ten="201,356,251,192" oya="0" hai0="21,68,1,18,116,10,90,30,86,27,125,5,12" hai1="60,34,79,49,75,92,2,64,40,58,65,85,17" hai2="102,80,67,135,70,84,127,35,25,126,111,109,72" hai3="71,14,96,134,112,45,42,122,8,50,59,89,81"/><T53/><D125/><N who="2" m="47626" /><F72/><W83/><G71/><T66/><D116/><U107/><E34/><V52/><F135/><W20/><G112/><T6/><D6/><U39/><E2/><V26/><F67/><W11/><G134/><T106/><D106/><U36/><E107/><V110/><F70/><W104/><G122/><T115/><D115/><U3/><E3/><V7/><F7/><W56/><G20/><T88/><D68/><U133/><E17/><V74/><F74/><W23/><G23/><T37/><D37/><U76/><E85/><V57/><F35/><W93/><G104/><T77/><D66/><U54/><E40/><V31/><F31/><W103/><G11/><T55/><D77/><U46/><E49/><N who="2" m="30863" /><F102/><W124/><G124/><T91/><REACH who="0" step="1"/><D86/><REACH who="0" ten="191,356,251,192" step="2"/><U117/><E65/><V63/><F63/><W61/><G61/><T78/><D78/><AGARI ba="0,1" hai="25,26,78,80,84,109,110,111" m="30863,47626" machi="78" ten="40,2600,0" yaku="18,1,54,1" doraHai="99" who="2" fromWho="0" sc="191,-26,356,0,251,36,192,0" /><INIT seed="5,0,0,4,1,110" ten="165,356,287,192" oya="1" hai0="67,23,117,82,121,98,124,129,88,86,5,74,100" hai1="61,7,130,116,37,97,79,62,55,131,11,63,38" hai2="107,65,52,21,102,3,80,10,28,24,119,111,36" hai3="125,72,50,32,17,70,76,122,94,89,41,84,90"/><U92/><E79/><V104/><F119/><W39/><G122/><T43/><D117/><U16/><E55/><V95/><F111/><W26/><G39/><T56/><D43/><U12/><E116/><V66/><F36/><W18/><G70/><T53/><D67/><U34/><E34/><V96/><F80/><W29/><G125/><T103/><D74/><U59/><E59/><V120/><F120/><W8/><G72/><T71/><D71/><U30/><E30/><V134/><F134/><W40/><G76/><T44/><D121/><U123/><E123/><V73/><F73/><W9/><G89/><T46/><D5/><U112/><E7/><V69/><F69/><W132/><G132/><T114/><D129/><N who="1" m="49163" /><E112/><V4/><F107/><W85/><G85/><T33/><D33/><U83/><E83/><V57/><REACH who="2" step="1"/><F104/><REACH who="2" ten="165,356,277,192" step="2"/><W75/><G75/><T54/><D82/><U45/><E45/><V108/><F108/><W20/><G94/><T2/><D46/><U42/><E42/><V127/><F127/><W126/><G126/><T60/><D44/><U87/><E87/><V27/><F27/><W35/><G41/><T49/><D86/><U109/><E109/><V93/><F93/><W64/><G40/><T68/><D124/><U135/><E135/><V22/><F22/><W0/><G20/><T81/><D23/><U15/><E38/><V78/><F78/><W133/><G84/><T58/><D81/><U6/><E37/><V101/><F101/><W99/><G26/><T77/><D77/><U105/><E105/><V1/><F1/><W113/><G0/><RYUUKYOKU ba="0,1" sc="165,-10,356,-10,277,30,192,-10" hai2="3,4,10,21,24,28,52,57,65,66,95,96,102" /><INIT seed="6,1,1,3,0,112" ten="155,346,307,182" oya="2" hai0="49,94,109,8,102,24,125,113,25,131,92,11,13" hai1="20,45,80,114,96,2,129,9,64,121,120,83,133" hai2="46,19,91,130,22,126,123,116,73,0,7,75,103" hai3="99,21,66,93,104,36,82,122,10,53,89,44,118"/><V12/><F123/><N who="1" m="47177" /><E129/><V81/><F130/><W86/><G104/><T74/><D131/><U18/><E133/><V134/><F134/><W57/><G122/><T30/><D74/><U51/><E64/><V48/><F126/><W42/><G10/><T3/><D109/><U41/><E96/><V97/><F0/><W95/><G66/><T105/><D113/><U84/><E84/><V70/><F70/><W106/><G21/><T88/><D125/><U37/><E37/><V33/><F33/><W100/><REACH who="3" step="1"/><G118/><REACH who="3" ten="155,346,307,172" step="2"/><T132/><D105/><U115/><E115/><V4/><F116/><W119/><G119/><T1/><D11/><U52/><E114/><V127/><F127/><W6/><G6/><T65/><D65/><U26/><E41/><N who="2" m="24655" /><F7/><AGARI ba="1,2" hai="2,7,9,18,20,26,45,51,52,80,83" m="47177" machi="7" ten="30,2000,0" yaku="13,1,54,1" doraHai="112" who="1" fromWho="2" sc="155,0,346,43,307,-23,172,0" /><INIT seed="7,0,0,5,3,100" ten="155,389,284,172" oya="3" hai0="72,95,43,107,116,81,92,83,36,133,2,109,84" hai1="91,51,13,112,94,129,111,79,80,23,71,131,77" hai2="29,98,87,0,68,60,103,119,46,125,93,45,115" hai3="61,113,1,126,44,74,50,121,106,3,14,96,52"/><W17/><G121/><T89/><D2/><U58/><E71/><V54/><F119/><W40/><G74/><T35/><D35/><U64/><E111/><V10/><F115/><W21/><G113/><T34/><D34/><U124/><E112/><V67/><F125/><W49/><G61/><T73/><D36/><U25/><E13/><V15/><F0/><W39/><G126/><T102/><D43/><U117/><E117/><V16/><F29/><W105/><G39/><T47/><D47/><U99/><E124/><V70/><F70/><W8/><G96/><N who="0" m="61895" /><D116/><U104/><E104/><V82/><F54/><W18/><G3/><T122/><D109/><U78/><E80/><N who="0" m="30793" /><D122/><U53/><E64/><V42/><F42/><W66/><G66/><T41/><D41/><U135/><E135/><V114/><F114/><W12/><G1/><T108/><D108/><U63/><E51/><V130/><F46/><AGARI ba="0,0" hai="8,12,14,17,18,21,40,44,46,49,50,52,105,106" machi="46" ten="30,11600,0" yaku="7,1,52,2,54,1" doraHai="100" who="3" fromWho="2" sc="155,0,389,0,284,-116,172,116" /><INIT seed="7,1,0,5,1,59" ten="155,389,168,288" oya="3" hai0="25,21,2,9,77,111,76,24,56,69,85,26,3" hai1="124,106,4,70,29,0,129,110,130,27,60,61,20" hai2="108,109,133,128,135,10,30,94,95,48,118,90,84" hai3="31,86,134,62,126,78,53,114,33,87,107,22,88"/><W132/><G33/><T80/><D69/><U75/><E106/><V102/><F118/><W44/><G107/><T51/><D111/><U83/><E110/><V42/><F128/><N who="1" m="49257" /><E70/><V68/><F68/><W40/><G114/><T97/><D3/><U67/><E67/><V37/><F37/><W92/><G126/><T38/><D38/><U71/><E71/><V73/><F73/><W34/><G34/><T98/><D2/><U12/><E0/><V5/><F30/><W23/><G31/><T11/><D77/><N who="1" m="44479" /><E124/><V115/><F115/><W13/><G40/><T28/><D28/><U119/><E119/><V32/><F32/><W46/><G46/><T1/><D1/><U16/><E4/><V36/><F36/><W113/><G113/><T112/><D21/><AGARI ba="1,0" hai="12,16,20,21,27,29,60,61" m="44479,49257" machi="21" ten="30,7700,0" yaku="19,1,52,2,54,1" doraHai="59" who="1" fromWho="0" sc="155,-80,389,80,168,0,288,0" owari="75,-42.0,469,56.0,168,-23.0,288,9.0" /></mjloggm>