<mjloggm ver="2.3"><GO type="169" lobby="0"/><UN n0="%58%E7%8C%AB" n1="%68%61%79%61%74%6F%E2%98%86" n2="%E3%83%95%E3%82%A7%E3%83%AB%E3%83%8A%E3%83%B3%E3%83%89" n3="%E3%82%A6%E3%83%AB%E3%83%88%E3%83%A9%E7%AB%8B%E7%9B%B4" dan="17,17,16,17" rate="2188.14,2206.26,2102.18,2167.27" sx="M,M,M,M"/><TAIKYOKU oya="0"/><INIT seed="0,0,0,4,1,16" ten="250,250,250,250" oya="0" hai0="131,103,132,105,57,120,107,78,102,44,42,54,126" hai1="45,49,68,28,133,81,63,110,36,17,128,59,98" hai2="72,48,94,65,74,111,67,87,69,24,91,12,4" hai3="88,99,100,51,129,41,60,7,21,26,61,80,124"/><T115/><D120/><U90/><E28/><V15/><F111/><W93/><G124/><T70/><D115/><U116/><E116/><V5/><F69/><W95/><G80/><T32/><D70/><U33/><E33/><V113/><F113/><W134/><G7/><T122/><D32/><U130/><E110/><V46/><F24/><W3/><G3/><T29/><D122/><U117/><E117/><V11/><F74/><W30/><G129/><T56/><D131/><U13/><E133/><V101/><F101/><W135/><G135/><T0/><D132/><U96/><E68/><V84/><F84/><N who="3" m="52359" /><G134/><T89/><D0/><U73/><E36/><V27/><F27/><W121/><G121/><T76/><D29/><U114/><E114/><V125/><F72/><W82/><G82/><T112/><D44/><AGARI ba="0,0" hai="21,26,30,41,44,51,60,61,95,99,100" m="52359" machi="44" ten="30,3900,0" yaku="8,1,52,1,54,1" doraHai="16" who="3" fromWho="0" sc="250,-39,250,0,250,0,250,39" /><INIT seed="1,0,0,4,0,25" ten="211,250,250,289" oya="1" hai0="71,84,49,32,97,7,59,51,62,0,47,36,48" hai1="98,111,21,15,35,23,39,107,94,80,3,14,53" hai2="50,70,63,12,119,123,132,45,58,92,69,121,20" hai3="122,127,2,103,18,79,27,40,113,28,102,22,77"/><U4/><E39/><V83/><F119/><W30/><G2/><T42/><D97/><U52/><E107/><V128/><F132/><W115/><G122/><T54/><D32/><U41/><E41/><V95/><F128/><W17/><G40/><T57/><D84/><U131/><E35/><V6/><F123/><W31/><G127/><T90/><D90/><U106/><E106/><V43/><F121/><W134/><G134/><T76/><D76/><N who="3" m="29257" /><G115/><T56/><D7/><U55/><E3/><V33/><F33/><W11/><G113/><T64/><D0/><U105/><E105/><V118/><F118/><W135/><G135/><T78/><REACH who="0" step="1"/><D78/><REACH who="0" ten="201,250,250,289" step="2"/><U8/><E80/><V60/><F83/><W82/><G82/><T110/><D110/><U66/><E111/><V26/><F6/><W10/><G18/><T44/><AGARI ba="0,1" hai="36,42,44,47,48,49,51,54,56,57,59,62,64,71" machi="44" ten="30,16000,3" yaku="1,1,0,1,35,6,53,0" doraHai="25" doraHaiUra="104" who="0" fromWho="0" sc="201,170,250,-80,250,-40,289,-40" /><INIT seed="2,0,0,2,5,10" ten="371,170,210,249" oya="2" hai0="30,92,45,65,105,11,126,106,120,101,3,123,131" hai1="133,99,117,118,110,6,91,27,58,76,89,62,83" hai2="79,39,74,111,8,59,34,113,95,70,82,85,14" hai3="12,51,24,100,97,108,68,107,5,47,0,87,103"/><V26/><F70/><W86/><G0/><T16/><D30/><U33/><E133/><V32/><F113/><W77/><G108/><T23/><D65/><U48/><E110/><V20/><F111/><W7/><G68/><T44/><D92/><U90/><E99/><V129/><F39/><W125/><G125/><T28/><D28/><U37/><E37/><V31/><F59/><W84/><G77/><T93/><D93/><U64/><E6/><V54/><F129/><W13/><G24/><T69/><D69/><U104/><E104/><V17/><REACH who="2" step="1"/><F54/><REACH who="2" ten="371,170,200,249" step="2"/><W53/><G5/><T109/><D131/><U130/><E130/><V9/><F9/><W127/><G7/><T96/><D109/><U135/><E135/><V38/><F38/><W15/><G127/><T78/><D126/><U43/><E118/><V61/><F61/><W40/><REACH who="3" step="1"/><G103/><REACH who="3" ten="371,170,200,239" step="2"/><T134/><D101/><U67/><E117/><V46/><F46/><W56/><G56/><T114/><D44/><U42/><E58/><V94/><F94/><W2/><G2/><T66/><D3/><U88/><E83/><V72/><F72/><W1/><G1/><T75/><D75/><U57/><E62/><V52/><F52/><AGARI ba="0,2" hai="12,13,15,40,47,51,52,53,84,86,87,97,100,107" machi="52" ten="40,12000,2" yaku="1,1,52,3,54,1,53,2" doraHai="10" doraHaiUra="50" who="3" fromWho="2" sc="371,0,170,0,200,-120,239,140" /><INIT seed="3,0,0,5,3,31" ten="371,170,80,379" oya="3" hai0="32,59,93,100,116,105,14,125,49,21,39,22,96" hai1="73,70,119,76,112,130,28,37,54,61,95,46,10" hai2="57,1,60,13,88,89,122,6,8,131,55,29,106" hai3="84,104,20,87,108,94,82,109,126,132,107,68,51"/><W98/><G68/><T134/><D39/><U43/><E112/><V81/><F106/><N who="3" m="40491" /><G51/><T97/><D116/><U115/><E119/><V48/><F131/><W127/><G20/><T64/><D125/><N who="3" m="47625" /><G132/><T15/><D134/><U75/><E115/><V103/><F122/><W47/><G47/><T36/><D36/><U5/><E130/><V34/><F103/><N who="3" m="60887" /><G87/><T7/><D32/><U42/><E42/><V114/><F114/><W40/><G40/><T85/><D85/><U71/><E71/><V65/><F13/><W69/><G69/><T26/><D49/><U17/><E70/><V99/><F99/><W63/><G63/><T44/><D44/><U12/><E61/><V9/><F9/><W16/><G16/><T2/><D22/><U11/><E17/><V38/><F38/><W3/><G3/><T18/><D2/><U23/><E37/><V4/><F4/><W58/><G58/><T117/><D7/><U27/><E10/><V91/><F65/><W52/><G52/><T92/><D117/><U72/><E54/><V110/><F60/><W113/><G113/><T50/><D105/><U102/><E43/><V129/><F129/><W120/><G120/><T80/><D64/><U56/><E56/><V19/><F19/><W74/><G74/><T135/><D135/><U30/><E46/><V123/><F123/><W66/><G66/><T0/><D0/><U124/><E124/><V53/><F53/><W45/><G45/><T24/><D59/><U90/><E11/><V121/><F121/><W86/><G86/><T101/><D18/><U78/><E5/><RYUUKYOKU ba="0,0" sc="371,-10,170,-10,80,-10,379,30" hai3="82,84,108,109" /><INIT seed="3,1,0,0,5,102" ten="361,160,70,409" oya="3" hai0="98,16,18,24,62,118,111,15,40,97,10,47,88" hai1="133,57,79,49,123,20,107,132,27,21,117,32,7" hai2="11,122,78,13,35,85,41,72,9,6,39,127,26" hai3="29,51,60,71,129,75,68,116,65,25,0,19,37"/><W55/><G75/><T22/><D118/><U53/><E79/><V31/><F72/><W105/><G116/><T34/><D34/><U131/><E117/><V91/><F127/><W66/><G0/><T87/><D111/><U67/><E123/><V77/><F122/><W14/><G37/><T12/><D62/><U56/><E7/><V86/><F86/><W54/><G129/><T70/><D70/><U89/><E131/><V59/><F59/><W125/><G125/><T36/><REACH who="0" step="1"/><D24/><REACH who="0" ten="351,160,70,409" step="2"/><U30/><E32/><V119/><F119/><W104/><G68/><T108/><D108/><U43/><E27/><V80/><REACH who="2" step="1"/><F11/><REACH who="2" ten="351,160,60,409" step="2"/><W48/><G71/><T130/><D130/><U95/><E132/><V100/><F100/><W120/><G120/><T33/><D33/><U106/><E133/><V63/><F63/><W58/><G60/><T61/><D61/><U52/><E67/><V46/><AGARI ba="1,2" hai="6,9,13,26,31,35,39,41,46,77,78,80,85,91" machi="46" ten="30,7900,0" yaku="1,1,0,1,53,2" doraHai="102" doraHaiUra="74" who="2" fromWho="2" sc="351,-21,160,-21,60,102,409,-40" /><INIT seed="4,0,0,4,0,130" ten="330,139,162,369" oya="0" hai0="1,38,61,18,8,83,132,7,117,77,20,17,15" hai1="119,126,53,101,69,85,26,62,103,94,96,80,55" hai2="86,34,68,41,73,16,56,125,131,104,47,91,31" hai3="33,11,4,123,81,46,57,35,52,120,10,99,93"/><T65/><D117/><U74/><E119/><V115/><F68/><W30/><G81/><T78/><D38/><U135/><E74/><V129/><F73/><W43/><G46/><T12/><D83/><U23/><E126/><V22/><F125/><W64/><G43/><T71/><D132/><U36/><E36/><V14/><F104/><W95/><G64/><T107/><REACH who="0" step="1"/><D107/><REACH who="0" ten="320,139,162,369" step="2"/><U54/><E135/><V128/><F128/><W72/><G95/><T67/><D67/><U109/><E109/><V87/><F131/><W79/><G123/><T114/><D114/><U105/><E105/><V127/><F115/><W122/><G120/><T134/><D134/><U49/><E69/><V6/><F129/><W108/><G122/><T110/><D110/><U27/><E62/><V24/><F127/><W133/><G108/><T25/><D25/><U0/><E27/><V75/><F24/><W51/><G133/><T113/><D113/><U82/><E82/><V88/><F75/><W59/><G72/><T121/><D121/><U66/><E66/><V42/><F42/><W98/><G93/><T19/><D19/><U40/><E40/><V9/><F34/><W28/><G35/><T39/><D39/><U37/><E37/><V60/><F31/><W90/><G33/><T48/><D48/><U116/><E116/><V97/><F41/><W92/><G30/><T89/><D89/><U5/><E49/><V112/><F112/><W124/><G28/><T70/><D70/><U100/><E80/><V84/><F91/><W2/><G90/><T32/><D32/><U50/><E50/><RYUUKYOKU ba="0,1" sc="320,30,139,-10,162,-10,369,-10" hai0="1,7,8,12,15,17,18,20,61,65,71,77,78" /><INIT seed="4,1,1,2,5,60" ten="350,129,152,359" oya="0" hai0="131,18,8,106,113,127,100,37,105,27,112,101,40" hai1="48,63,15,3,119,104,75,23,7,54,126,96,34" hai2="38,73,124,59,24,110,83,72,51,125,10,47,99" hai3="2,9,12,31,92,30,22,1,5,80,21,66,71"/><T36/><D131/><U70/><E34/><V6/><F110/><W45/><G92/><T0/><D127/><N who="2" m="48714" /><F38/><N who="0" m="14954" /><D40/><U114/><E75/><V61/><F99/><W65/><G45/><T91/><D91/><U74/><E74/><V11/><F24/><W108/><G71/><T121/><D121/><U97/><E119/><V62/><F62/><W53/><G53/><T39/><D39/><U135/><E135/><V43/><F83/><W86/><G108/><T88/><D88/><U64/><E114/><N who="0" m="44137" /><D27/><U103/><E97/><V85/><F85/><W87/><G80/><T77/><D77/><U76/><E76/><V84/><F84/><W129/><G129/><T117/><D117/><U128/><E128/><V67/><F11/><W28/><G87/><T49/><D49/><U41/><E41/><V32/><F32/><W102/><G86/><T46/><D46/><U57/><E126/><V78/><F78/><W33/><G102/><N who="0" m="39531" /><D18/><U17/><E96/><V13/><AGARI ba="1,1" hai="6,10,13,43,47,51,59,61,67,72,73" m="48714" machi="13" ten="30,2000,0" yaku="18,1,52,1" doraHai="60" who="2" fromWho="2" sc="350,-11,129,-6,152,33,359,-6" /><INIT seed="5,0,0,5,1,90" ten="339,123,185,353" oya="1" hai0="26,10,13,53,43,76,71,61,119,116,58,29,97" hai1="102,74,50,129,110,81,46,48,45,33,132,80,42" hai2="85,12,30,92,87,15,69,120,11,67,77,105,32" hai3="24,52,36,54,103,38,126,35,39,14,23,3,134"/><U19/><E110/><V123/><F105/><W16/><G126/><T98/><D76/><U108/><E108/><V94/><F32/><W79/><G134/><T88/><D71/><U64/><E132/><V6/><F30/><W65/><G3/><T131/><D131/><U125/><E129/><V96/><F69/><W1/><G1/><T9/><D9/><U100/><E125/><V7/><F11/><W31/><G65/><T133/><D133/><U73/><E19/><V8/><F8/><W27/><G79/><T83/><D43/><U106/><E106/><V99/><F77/><W18/><REACH who="3" step="1"/><G103/><REACH who="3" ten="339,123,185,343" step="2"/><T121/><D121/><U89/><E64/><AGARI ba="0,1" hai="6,7,12,15,64,67,85,87,92,94,96,99,120,123" machi="64" ten="25,6400,0" yaku="22,2,52,2" doraHai="90" who="2" fromWho="1" sc="339,0,123,-64,185,74,343,0" /><INIT seed="6,0,0,4,1,69" ten="339,59,259,343" oya="2" hai0="72,96,95,125,129,71,54,33,42,7,63,46,16" hai1="6,80,102,30,9,120,127,131,32,98,3,65,123" hai2="104,109,31,58,92,84,112,94,85,121,117,48,44" hai3="110,76,77,81,91,43,108,124,87,114,35,13,45"/><V8/><F104/><W18/><G35/><T97/><D72/><U60/><E80/><V122/><F117/><W52/><G124/><T133/><D33/><U17/><E17/><V53/><F112/><W11/><G114/><T128/><D125/><U57/><E127/><V82/><F109/><W2/><G2/><T39/><D133/><U68/><E57/><V12/><F31/><W1/><G1/><T79/><D7/><U15/><E15/><V19/><F85/><W130/><G130/><N who="0" m="50283" /><D79/><U126/><E131/><V105/><F105/><W116/><G116/><T107/><D107/><U55/><E55/><V119/><F58/><W83/><G77/><T90/><D16/><U93/><E126/><V34/><F34/><W115/><G115/><T29/><D29/><U135/><E135/><V73/><F73/><W66/><G66/><N who="0" m="41439" /><D54/><U0/><E0/><V64/><F64/><W47/><G81/><T134/><D134/><U132/><E132/><V61/><F119/><W106/><G76/><T101/><D97/><U100/><E100/><AGARI ba="0,0" hai="39,42,46,90,95,96,100,101" m="41439,50283" machi="100" ten="30,2000,0" yaku="19,1,52,1" doraHai="69" who="0" fromWho="1" sc="339,20,59,-20,259,0,343,0" /><INIT seed="7,0,0,1,3,113" ten="359,39,259,343" oya="3" hai0="92,1,6,131,79,135,104,48,123,81,96,72,57" hai1="46,30,27,60,63,40,118,80,76,132,95,0,112" hai2="61,53,91,98,49,32,12,33,116,73,55,37,43" hai3="127,50,117,17,122,84,108,119,128,88,71,70,25"/><W107/><G107/><T110/><D123/><U125/><E0/><V28/><F73/><W20/><G122/><T65/><D110/><U8/><E8/><V41/><F37/><W82/><G108/><T24/><D104/><U54/><E95/><V121/><F121/><W19/><G71/><T68/><D68/><U106/><E106/><V36/><F36/><W52/><G70/><T59/><D24/><U83/><E112/><V130/><F130/><W51/><G128/><T105/><D105/><U86/><E125/><V23/><F61/><W102/><G102/><T10/><D131/><U4/><E4/><V90/><F28/><W133/><G133/><T74/><D135/><U21/><E132/><V14/><F49/><W66/><G66/><T56/><D72/><U38/><E80/><V109/><F109/><W31/><G127/><T114/><D114/><U26/><E26/><V97/><F23/><W67/><G67/><T42/><D42/><U44/><E44/><V89/><F89/><W15/><G50/><T100/><D65/><U99/><E99/><V2/><F2/><W13/><G13/><T11/><D11/><U93/><E93/><V115/><F115/><W87/><G87/><T129/><D129/><U58/><E63/><V134/><F134/><W62/><G62/><T120/><D120/><U16/><E30/><V101/><F101/><W85/><G85/><T7/><D48/><U126/><E126/><V111/><F111/><W29/><G29/><T39/><D39/><U64/><E64/><V18/><F18/><N who="3" m="6667" /><G15/><T5/><AGARI ba="0,0" hai="1,5,6,7,10,56,57,59,74,79,81,92,96,100" machi="5" ten="30,1100,0" yaku="0,1" doraHai="113" who="0" fromWho="0" sc="359,11,39,-3,259,-3,343,-5" owari="370,46.0,36,-46.0,256,-14.0,338,14.0" /></mjloggm>