<mjloggm ver="2.3"><GO type="169" lobby="0"/><UN n0="%61%6E%64%72%69%79" n1="%74%6E%66%73%68%32%30%34" n2="%E9%81%8A%E8%B5%B0" n3="%E3%82%A6%E3%83%AB%E3%83%88%E3%83%A9%E7%AB%8B%E7%9B%B4" dan="16,17,18,17" rate="2126.32,2180.99,2235.22,2167.67" sx="F,M,M,M"/><TAIKYOKU oya="0"/><INIT seed="0,0,0,3,1,106" ten="250,250,250,250" oya="0" hai0="57,115,62,8,66,18,13,107,46,121,112,17,15" hai1="55,95,134,41,93,29,27,30,101,116,43,69,54" hai2="6,65,34,119,109,94,71,49,72,87,79,122,36" hai3="100,51,88,131,2,12,73,84,47,78,111,105,45"/><T23/><D121/><U83/><E69/><V61/><F122/><W26/><G2/><T3/><D107/><U5/><E116/><V7/><F119/><W22/><G111/><T10/><D3/><U128/><E128/><V118/><F118/><W50/><G131/><T108/><D108/><U129/><E129/><V91/><F36/><W75/><G12/><T103/><D103/><U20/><E134/><V24/><F109/><W90/><G78/><T33/><D33/><U86/><E5/><V19/><F49/><W99/><G51/><T114/><D46/><U117/><E117/><V80/><F19/><W53/><G47/><T32/><D32/><U70/><E30/><V16/><REACH who="2" step="1"/><F16/><REACH who="2" ten="250,250,240,250" step="2"/><W89/><REACH who="3" step="1"/><G84/><REACH who="3" ten="250,250,240,240" step="2"/><T38/><REACH who="0" step="1"/><D38/><REACH who="0" ten="240,250,240,240" step="2"/><U64/><E86/><V67/><F67/><W1/><G1/><T132/><D132/><U9/><E64/><V123/><F123/><W31/><AGARI ba="0,3" hai="22,26,31,45,50,53,73,75,88,89,90,99,100,105" machi="31" ten="30,8000,1" yaku="1,1,0,1,52,2,54,1,53,0" doraHai="106" doraHaiUra="113" who="3" fromWho="3" sc="240,-40,250,-20,240,-20,240,110" /><INIT seed="1,0,0,0,3,33" ten="200,230,220,350" oya="1" hai0="6,80,99,97,100,98,47,28,63,39,43,51,89" hai1="68,122,1,135,46,90,44,94,24,123,75,109,70" hai2="64,19,131,62,113,111,59,133,13,17,32,57,95" hai3="49,116,126,121,124,60,26,56,21,92,86,76,53"/><U71/><E75/><V2/><F113/><W52/><G116/><T9/><D28/><U91/><E135/><V31/><F133/><W88/><G76/><T34/><D34/><U73/><E73/><V101/><F131/><W48/><G121/><T108/><D108/><U7/><E109/><V27/><F111/><W54/><G53/><T4/><D63/><U8/><E24/><V106/><F2/><W107/><G107/><T118/><D118/><U114/><E114/><V55/><F106/><W41/><G41/><T42/><D42/><U134/><E134/><V112/><F112/><W79/><G79/><T20/><D20/><U102/><E102/><V103/><F95/><W78/><G78/><T72/><D6/><U128/><E128/><V38/><F38/><W50/><REACH who="3" step="1"/><G54/><REACH who="3" ten="200,230,220,340" step="2"/><T5/><D72/><U93/><E122/><V30/><F55/><W12/><G12/><T69/><D39/><U127/><E123/><V129/><F129/><W35/><G35/><T14/><D100/><U132/><E132/><V37/><F37/><W25/><G25/><T0/><D43/><U3/><E3/><V83/><F13/><W130/><G130/><T119/><D119/><U117/><E117/><V87/><F103/><W23/><G23/><T40/><D0/><U74/><E74/><V105/><F101/><W66/><G66/><T104/><D104/><U16/><E1/><V84/><F105/><W81/><G81/><T115/><D115/><U29/><E94/><V77/><F83/><W36/><G36/><T125/><D80/><U11/><E93/><V61/><F32/><RYUUKYOKU ba="0,1" sc="200,-10,230,-10,220,-10,340,30" hai3="21,26,48,49,50,52,56,60,86,88,92,124,126" /><INIT seed="2,1,1,4,4,105" ten="190,220,210,370" oya="2" hai0="17,12,55,10,52,116,11,120,107,60,53,87,21" hai1="70,125,96,67,102,121,63,103,2,95,130,51,78" hai2="89,13,40,114,42,113,59,18,26,134,72,32,88" hai3="58,15,68,84,86,33,36,100,29,65,44,1,28"/><V118/><F118/><W79/><G68/><T91/><D120/><U110/><E121/><V94/><F134/><W135/><G1/><T38/><D107/><U5/><E125/><V27/><F72/><W132/><G100/><T31/><D38/><U98/><E130/><V81/><F81/><W45/><G15/><T76/><D76/><U39/><E39/><V115/><F59/><W129/><G129/><T50/><D116/><U57/><E78/><V64/><F64/><W92/><G92/><N who="0" m="54399" /><D60/><U54/><E110/><V108/><F108/><W99/><G58/><N who="0" m="33047" /><D11/><U20/><E2/><V48/><F89/><W35/><G65/><T46/><D46/><U19/><E5/><V123/><F123/><W122/><G122/><T90/><D90/><U71/><E71/><V74/><F74/><W25/><G36/><T97/><D97/><U14/><E98/><V133/><F133/><W37/><G37/><T66/><D66/><U56/><E70/><V23/><F32/><W62/><G99/><T109/><D109/><U4/><E4/><V69/><F69/><W30/><G79/><T112/><D112/><U22/><E103/><V61/><F61/><W111/><G62/><T7/><D31/><U8/><AGARI ba="1,1" hai="8,14,19,20,22,51,54,56,57,63,67,95,96,102" machi="8" ten="20,2700,0" yaku="0,1,7,1,8,1" doraHai="105" who="1" fromWho="1" sc="190,-8,220,40,210,-14,370,-8" /><INIT seed="3,0,0,0,1,6" ten="182,260,196,362" oya="3" hai0="36,112,76,48,21,78,106,50,5,117,133,30,80" hai1="67,99,17,125,124,64,66,8,83,75,72,61,31" hai2="45,14,35,84,93,100,88,29,49,121,39,113,116" hai3="73,12,19,123,114,109,37,18,3,79,126,27,22"/><W81/><G123/><T118/><D36/><U20/><E61/><V44/><F116/><W85/><G114/><T56/><D106/><U16/><E99/><V59/><F121/><W90/><G3/><T91/><D112/><U128/><E128/><V77/><F113/><W95/><G37/><T42/><D133/><U127/><E83/><V9/><F39/><W58/><G109/><T110/><D110/><U89/><E89/><V102/><F77/><W51/><G126/><T101/><D101/><N who="2" m="39018" /><F35/><W82/><G79/><T25/><D118/><U130/><E130/><V71/><F71/><W41/><G73/><T26/><D117/><U46/><E46/><N who="2" m="18027" /><F29/><W24/><G24/><T107/><D26/><N who="1" m="14599" /><E31/><V40/><F40/><W57/><G41/><T43/><D107/><U129/><E129/><V68/><F68/><W1/><G58/><T15/><D43/><U7/><E17/><N who="2" m="8399" /><F59/><W54/><G1/><AGARI ba="0,0" hai="1,7,8,64,66,67,72,75,124,125,127" m="14599" machi="1" ten="40,5200,0" yaku="18,1,52,1,54,1" doraHai="6" who="1" fromWho="3" sc="182,0,260,52,196,0,362,-52" /><INIT seed="4,0,0,1,0,11" ten="182,312,196,310" oya="0" hai0="7,128,16,22,13,36,109,54,38,88,75,71,21" hai1="47,113,56,2,14,73,74,65,104,94,10,51,132" hai2="111,134,35,78,121,79,81,127,122,62,126,92,68" hai3="26,33,37,102,6,129,15,5,9,116,83,95,66"/><T52/><D75/><U61/><E104/><V108/><F35/><W115/><G37/><T72/><D72/><U123/><E123/><N who="2" m="47115" /><F68/><W50/><G116/><T87/><D71/><U70/><E2/><V119/><F62/><W4/><G115/><T112/><D112/><U12/><E113/><V117/><F92/><W93/><G129/><T49/><D128/><U53/><E132/><V1/><F1/><W8/><G66/><T99/><D99/><U28/><E70/><V107/><F107/><W125/><G125/><N who="2" m="47625" /><F134/><W100/><G83/><T131/><D131/><U97/><E73/><N who="2" m="43215" /><F79/><W44/><G33/><T90/><D7/><U19/><E74/><V110/><AGARI ba="0,0" hai="108,110,111,117,119" m="43215,47625,47115" machi="110" ten="40,8000,1" yaku="18,1,23,1,34,2" doraHai="11" who="2" fromWho="2" sc="182,-40,312,-20,196,80,310,-20" /><INIT seed="5,0,0,1,5,83" ten="142,292,276,290" oya="1" hai0="106,86,10,53,101,1,25,31,43,11,99,40,122" hai1="22,68,127,15,16,44,70,84,33,100,98,38,32" hai2="93,132,45,17,90,72,89,81,71,41,62,61,26" hai3="19,8,96,13,51,120,88,46,115,42,37,107,12"/><U95/><E127/><V60/><F71/><W52/><G120/><T121/><D53/><U104/><E70/><V4/><F132/><W30/><G115/><T97/><D97/><U111/><E68/><V78/><F4/><W56/><G30/><T64/><D64/><U27/><E111/><V66/><F66/><W48/><G13/><T114/><D114/><U3/><E3/><V128/><F128/><W85/><G96/><T118/><D118/><U94/><E104/><V7/><F7/><W21/><G107/><T2/><D2/><U55/><E15/><V82/><F82/><N who="3" m="49207" /><G37/><T74/><D74/><U35/><E38/><V133/><F133/><W102/><G102/><T9/><D1/><U129/><E129/><V76/><F76/><W130/><G130/><T29/><D29/><U112/><E112/><V69/><F69/><W79/><G79/><T67/><D67/><U103/><E103/><V105/><F105/><W75/><G75/><T39/><D39/><U34/><E34/><V109/><F109/><W134/><G134/><T6/><D6/><U18/><E18/><V63/><F93/><W123/><G123/><T5/><D5/><U131/><E131/><V28/><F17/><W110/><G110/><T91/><D121/><U80/><E98/><V24/><N who="2" m="15360" /><DORA hai="58" /><V14/><F14/><W59/><G59/><T125/><D125/><U49/><E100/><V113/><F113/><W119/><G119/><T23/><REACH who="0" step="1"/><D122/><REACH who="0" ten="132,292,276,290" step="2"/><U87/><E87/><N who="2" m="48567" /><F28/><W36/><G36/><T124/><D124/><U92/><E84/><V77/><F72/><W0/><G0/><RYUUKYOKU ba="0,1" sc="132,10,292,10,276,-30,290,10" hai0="9,10,11,23,25,31,40,43,86,91,99,101,106" hai1="16,22,27,32,33,35,44,49,55,80,92,94,95" hai3="8,12,19,21,42,46,48,51,52,56" /><INIT seed="5,1,1,5,2,105" ten="142,302,246,300" oya="1" hai0="60,65,18,58,75,34,12,42,121,132,73,8,98" hai1="80,41,109,81,133,38,100,86,50,118,9,6,19" hai2="88,85,54,128,64,79,108,52,106,71,103,36,20" hai3="33,113,56,77,57,15,84,74,62,96,0,26,120"/><U92/><E118/><V127/><F36/><W93/><G120/><T25/><D121/><U16/><E38/><V97/><F108/><W91/><G0/><T11/><D132/><U59/><E133/><V83/><F128/><W3/><G3/><T23/><D42/><U131/><E109/><V123/><F123/><W2/><G2/><T126/><D126/><U35/><E35/><V99/><F127/><W37/><G37/><T116/><D116/><U30/><E30/><V28/><F64/><W135/><G113/><T102/><D34/><U129/><E6/><V125/><F71/><W7/><G74/><T134/><D134/><U53/><E41/><V115/><F125/><W82/><G135/><T47/><D47/><U76/><E81/><V110/><F110/><W1/><G1/><T70/><D70/><U43/><E43/><V72/><F99/><W69/><G33/><T49/><D49/><U48/><E48/><V29/><F115/><W5/><G26/><T122/><D122/><U13/><REACH who="1" step="1"/><E19/><REACH who="1" ten="142,292,246,300" step="2"/><V40/><F40/><W89/><G5/><T95/><REACH who="0" step="1"/><D11/><REACH who="0" ten="132,292,246,300" step="2"/><U46/><E46/><V55/><F20/><W27/><G7/><AGARI ba="1,3" hai="7,8,12,18,23,25,58,60,65,73,75,95,98,102" machi="7" ten="30,12000,2" yaku="1,1,2,1,7,1,52,2,53,1" doraHai="105" doraHaiUra="94" who="0" fromWho="3" sc="132,153,292,0,246,0,300,-123" /><INIT seed="6,0,0,2,5,135" ten="285,292,246,177" oya="2" hai0="60,111,7,110,41,98,18,12,119,105,125,120,112" hai1="127,38,96,113,104,134,121,33,34,80,20,101,85" hai2="99,77,24,86,78,103,36,102,3,49,28,128,54" hai3="70,91,65,56,87,63,50,79,42,55,81,31,122"/><V19/><F36/><W115/><G122/><T25/><D120/><U73/><E121/><V45/><F3/><W107/><G107/><T40/><D112/><U22/><E134/><V116/><F116/><W59/><G115/><T35/><D7/><U109/><E109/><V68/><F68/><W26/><G42/><T52/><D119/><U61/><E73/><V108/><F108/><W46/><REACH who="3" step="1"/><G91/><REACH who="3" ten="285,292,246,167" step="2"/><T84/><D41/><U83/><E113/><V89/><F89/><W16/><G16/><T82/><D40/><U69/><E104/><V39/><F19/><W106/><G106/><T93/><D105/><U1/><E101/><V133/><F103/><W47/><G47/><T6/><D18/><U71/><E38/><V132/><F102/><W64/><G64/><T114/><D114/><U0/><E96/><V32/><F39/><W130/><G130/><T44/><D44/><U43/><E43/><V92/><F128/><W15/><G15/><T53/><D12/><U13/><E13/><V23/><F133/><W57/><G57/><T88/><D111/><U29/><E71/><V4/><F132/><W75/><G75/><T72/><D72/><U123/><E69/><V5/><F45/><W51/><G51/><T131/><D131/><U129/><E123/><V58/><F49/><W100/><G100/><T10/><D110/><U8/><E129/><V76/><F58/><W118/><G118/><T2/><D2/><U30/><E0/><V117/><F117/><W48/><G48/><T62/><D88/><N who="1" m="51239" /><E1/><V95/><F4/><W124/><G124/><T66/><D125/><RYUUKYOKU ba="0,1" sc="285,-10,292,-10,246,-10,167,30" hai3="26,31,46,50,55,56,59,63,65,70,79,81,87" /><INIT seed="7,1,1,0,0,10" ten="275,282,236,197" oya="3" hai0="106,67,131,36,14,29,57,18,38,25,34,1,37" hai1="112,60,11,119,15,72,26,53,2,102,50,20,8" hai2="74,83,17,55,42,39,80,115,89,48,47,134,108" hai3="6,114,44,104,27,62,58,66,132,28,135,71,96"/><W117/><G117/><T113/><D106/><U30/><E72/><V5/><F108/><W21/><G114/><T81/><D1/><U92/><E112/><V59/><F115/><W12/><G44/><T120/><D113/><U19/><E119/><V9/><F134/><N who="3" m="51243" /><G71/><T111/><D120/><U33/><E60/><V4/><F4/><W56/><G56/><T35/><D111/><U79/><E79/><V91/><F17/><N who="3" m="10407" /><G6/><T101/><D101/><U45/><E2/><N who="2" m="183" /><F83/><W116/><G116/><T78/><D57/><U94/><E102/><V128/><F128/><W127/><G127/><T16/><D67/><U7/><E11/><V43/><F42/><W31/><G27/><T82/><D131/><U76/><E76/><AGARI ba="1,1" hai="39,43,47,48,55,59,74,76,80,89,91" m="183" machi="76" ten="30,1000,0" yaku="25,1" doraHai="10" who="2" fromWho="1" sc="275,0,282,-13,236,23,197,0" /><INIT seed="8,0,0,1,5,58" ten="275,269,259,197" oya="0" hai0="86,37,52,120,133,20,134,99,40,128,71,4,122" hai1="105,45,2,63,78,101,66,22,74,60,17,42,91" hai2="31,96,26,89,130,54,110,25,55,29,7,5,65" hai3="113,28,67,98,18,81,90,75,8,68,6,47,27"/><T0/><D71/><U34/><E2/><V64/><F110/><W35/><G113/><T70/><D70/><U131/><E34/><V43/><F96/><W36/><G18/><T125/><D128/><U93/><E131/><V10/><F130/><W46/><G98/><T69/><D69/><U30/><E30/><V94/><F94/><W112/><G112/><T19/><D125/><U123/><E123/><V87/><F87/><W109/><G109/><T132/><D99/><U76/><E66/><V127/><F43/><W12/><G36/><T82/><D4/><U13/><E105/><V85/><F85/><W11/><G11/><T108/><D0/><U80/><E101/><V116/><F89/><W95/><G95/><T124/><D124/><U72/><E91/><V24/><F10/><W115/><G115/><T1/><D1/><U39/><E93/><V103/><F127/><W41/><G41/><T83/><D108/><U97/><E97/><V3/><F3/><W119/><G119/><T104/><D104/><U111/><REACH who="1" step="1"/><E111/><REACH who="1" ten="275,259,259,197" step="2"/><V32/><F116/><W16/><G90/><T126/><D126/><U84/><E84/><V56/><F103/><W50/><G75/><T77/><D83/><AGARI ba="0,1" hai="13,17,22,39,42,45,60,63,72,74,76,78,80,83" machi="83" ten="40,8000,1" yaku="1,1,9,1,52,2,53,0" doraHai="58" doraHaiUra="117" who="1" fromWho="0" sc="275,-80,259,90,259,0,197,0" owari="195,-30.0,349,44.0,259,6.0,197,-20.0" /></mjloggm>