<mjloggm ver="2.3"><GO type="97" lobby="0"/><UN n0="%E5%B0%B1%E6%B4%BB%E7%94%9F%40%E5%B7%9D%E6%9D%91%E8%BB%8D%E5%9B%A3" n1="%E5%95%BC%E3%81%8D%E9%9B%80" n2="%54%4F%4B%59%4F%4B%49%44" n3="%E3%82%8C%E3%82%93%21" dan="15,15,15,14" rate="2046.57,1997.70,2038.39,1929.34" sx="M,M,M,M"/><TAIKYOKU oya="0"/><INIT seed="0,0,0,0,1,61" ten="250,250,250,250" oya="0" hai0="112,3,64,37,9,5,6,24,103,87,85,109,15" hai1="51,73,108,125,46,31,105,26,71,78,98,29,21" hai2="76,10,89,95,58,68,22,66,39,81,69,34,57" hai3="18,28,55,133,102,60,30,13,62,101,1,92,52"/><T99/><D112/><U63/><E125/><V23/><F34/><W47/><G1/><T111/><D37/><U41/><E73/><V106/><F106/><W12/><G133/><T107/><D24/><U74/><E74/><V131/><F10/><W127/><G127/><T36/><D36/><U44/><E44/><V42/><F131/><W11/><G12/><T86/><D64/><N who="1" m="41375" /><E78/><V90/><F39/><W80/><G55/><T82/><D3/><U43/><E31/><N who="3" m="11818" /><G80/><T119/><D119/><U70/><E70/><V27/><F42/><W114/><G114/><T110/><REACH who="0" step="1"/><D5/><REACH who="0" ten="240,250,250,250" step="2"/><U35/><E108/><V20/><F27/><W132/><G132/><T4/><D4/><U49/><E21/><V33/><F23/><W54/><G11/><T115/><D115/><U88/><E43/><V72/><F33/><W123/><G123/><T40/><D40/><U50/><E88/><AGARI ba="0,1" hai="6,9,15,82,85,86,87,88,99,103,107,109,110,111" machi="88" ten="40,12000,1" yaku="1,1,14,1,10,1,54,1,53,1" doraHai="61" doraHaiUra="97" who="0" fromWho="1" sc="240,130,250,-120,250,0,250,0" /><INIT seed="0,1,0,1,3,16" ten="370,130,250,250" oya="0" hai0="58,32,1,42,59,92,87,113,123,30,46,66,91" hai1="108,129,5,76,93,114,119,70,14,24,86,106,95" hai2="77,121,69,52,133,71,15,13,37,11,104,85,6" hai3="90,124,68,55,12,122,33,35,38,28,62,39,56"/><T89/><D113/><U125/><E70/><V51/><F121/><W40/><G122/><T79/><D123/><U48/><E48/><V43/><F104/><W80/><G124/><T112/><D112/><U109/><E24/><V127/><F127/><W75/><G12/><T3/><D79/><U118/><E14/><V20/><F133/><W49/><G38/><T29/><D32/><U115/><E5/><V0/><F0/><W57/><G57/><T116/><D116/><N who="1" m="44587" /><E125/><V47/><F77/><N who="3" m="44095" /><G90/><T60/><D58/><U101/><E129/><V19/><REACH who="2" step="1"/><F85/><REACH who="2" ten="370,130,240,250" step="2"/><W27/><G27/><T126/><D3/><U53/><E115/><V103/><F103/><W78/><G28/><T94/><D1/><U8/><E114/><V54/><F54/><W120/><G120/><T82/><D126/><U131/><E53/><V25/><F25/><W31/><G31/><T45/><D42/><U99/><E8/><V7/><F7/><W83/><G78/><T44/><D82/><N who="1" m="47431" /><E131/><V67/><F67/><N who="3" m="41079" /><G83/><T96/><AGARI ba="1,1" hai="29,30,44,45,46,59,60,66,87,89,91,92,94,96" machi="96" ten="30,3000,0" yaku="0,1,8,1" doraHai="16" who="0" fromWho="0" sc="370,43,130,-11,240,-11,250,-11" /><INIT seed="0,2,0,4,2,122" ten="413,119,229,239" oya="0" hai0="135,98,28,68,41,75,16,82,131,124,121,55,115" hai1="51,26,109,96,2,101,61,79,11,83,35,127,59" hai2="10,30,15,6,120,87,62,129,52,94,38,132,33" hai3="25,29,46,49,130,54,7,48,134,126,92,56,34"/><T72/><D68/><U118/><E109/><V60/><F120/><W44/><G126/><T77/><D72/><U123/><E118/><V22/><F38/><W106/><G106/><T58/><D28/><U64/><E123/><V133/><F129/><W104/><G104/><T45/><D131/><U14/><E127/><V39/><F39/><W97/><G130/><T66/><D135/><U63/><E2/><V20/><F62/><W90/><G134/><N who="2" m="51817" /><F33/><W31/><G31/><T95/><D66/><U99/><E63/><V53/><F30/><W74/><G74/><T1/><D1/><U73/><E35/><V116/><F116/><W71/><G71/><T57/><D124/><U18/><E51/><V65/><F65/><W88/><G7/><T111/><D111/><U114/><E114/><V67/><F67/><W107/><G107/><T27/><D121/><U119/><E119/><V0/><F60/><W103/><REACH who="3" step="1"/><G56/><REACH who="3" ten="413,119,229,229" step="2"/><T93/><D58/><U76/><E59/><V9/><F9/><W100/><G100/><T105/><D105/><U70/><E101/><V89/><F20/><W21/><G21/><T23/><D115/><U8/><E8/><N who="2" m="2119" /><F22/><W80/><G80/><T13/><D27/><U17/><REACH who="1" step="1"/><E79/><REACH who="1" ten="413,109,229,229" step="2"/><V85/><F10/><W81/><G81/><T12/><D82/><U36/><E36/><V108/><F108/><W69/><G69/><T117/><D77/><U78/><E78/><V125/><F125/><W110/><G110/><T4/><D117/><U128/><E128/><V91/><F15/><W50/><G50/><T42/><D13/><U86/><E86/><RYUUKYOKU ba="2,2" sc="413,-30,109,10,229,10,229,10" hai1="11,14,17,18,26,61,64,70,73,76,83,96,99" hai2="52,53,85,87,89,91,94" hai3="25,29,34,44,46,48,49,54,88,90,92,97,103" /><INIT seed="1,3,2,0,1,63" ten="383,119,239,239" oya="1" hai0="18,31,47,41,6,65,108,113,22,15,75,84,88" hai1="93,13,107,58,11,98,71,0,3,26,74,37,79" hai2="92,102,130,38,4,128,21,66,95,52,114,105,109" hai3="59,76,24,51,73,112,78,127,14,118,83,28,67"/><U69/><E37/><V126/><F38/><W77/><G118/><T8/><D108/><U2/><E107/><V10/><F109/><W23/><G112/><T133/><D75/><U20/><E58/><V110/><F114/><W36/><G36/><T129/><D133/><U42/><E42/><V64/><F21/><W34/><G127/><T101/><D129/><N who="2" m="49770" /><F126/><W120/><G120/><T122/><D122/><U104/><E104/><V131/><N who="2" m="49778" /><V39/><DORA hai="62" /><F39/><W25/><G14/><N who="0" m="9559" /><D101/><U68/><E79/><V132/><F132/><W43/><G43/><T27/><D27/><U55/><E74/><V97/><F52/><N who="3" m="32159" /><G73/><T96/><D31/><U9/><E55/><V115/><F115/><W57/><G34/><T100/><D100/><U80/><E80/><V121/><F121/><W72/><G72/><T111/><D111/><U35/><E35/><V89/><F110/><W44/><G44/><T117/><D96/><U40/><E40/><V33/><F33/><W32/><G32/><T61/><D113/><U134/><E134/><V103/><F102/><W106/><G25/><T29/><D29/><U81/><E81/><V30/><F30/><W46/><G46/><T125/><D125/><U123/><E123/><V87/><F105/><W7/><G106/><T124/><D124/><U53/><E53/><V60/><F60/><N who="3" m="38287" /><G83/><N who="0" m="49183" /><D117/><U56/><E71/><V85/><F85/><W49/><G7/><T90/><D47/><U94/><E0/><AGARI ba="3,2" hai="0,4,10,64,66,87,89,92,95,97,103" m="49778" machi="0" ten="40,8000,1" yaku="19,1,52,4" doraHai="63,62" who="2" fromWho="1" sc="383,0,119,-89,239,109,239,0" /><INIT seed="2,0,0,4,3,52" ten="383,30,348,239" oya="2" hai0="134,129,56,3,57,68,119,86,19,11,115,74,48" hai1="125,31,0,104,92,83,45,91,7,39,69,96,46" hai2="54,5,127,81,44,114,128,13,67,113,123,12,35" hai3="87,62,99,116,38,135,17,37,112,1,41,34,33"/><V8/><F123/><W72/><G72/><T75/><D68/><U70/><E83/><V59/><F35/><W79/><G1/><T63/><D115/><U111/><E92/><V107/><F107/><W2/><G2/><T133/><D119/><U82/><E31/><V93/><F127/><W95/><G116/><T4/><D129/><U77/><E91/><V64/><F128/><W61/><G135/><N who="0" m="51723" /><D19/><U122/><E96/><V6/><F44/><W15/><G38/><T73/><D48/><U76/><E82/><V50/><F81/><N who="3" m="47551" /><G33/><T80/><D63/><N who="3" m="24073" /><G34/><T21/><D21/><U40/><E0/><V121/><F121/><W84/><G112/><T51/><D51/><U58/><E104/><V24/><F114/><W23/><G37/><T36/><D36/><U42/><E7/><V10/><F113/><W49/><G49/><T71/><D71/><U124/><E122/><V9/><F9/><W106/><G106/><T27/><D27/><U100/><E39/><V110/><F24/><W32/><G32/><T108/><D108/><U26/><E26/><V66/><F110/><W105/><G105/><T109/><D109/><U53/><E111/><V89/><F67/><W29/><G29/><T18/><D18/><U130/><E130/><V132/><F132/><W30/><G30/><T120/><D120/><U22/><E22/><V98/><AGARI ba="0,0" hai="5,6,8,10,12,13,50,54,59,64,66,89,93,98" machi="98" ten="20,12000,1" yaku="0,1,7,1,9,1,8,1,52,1" doraHai="52" who="2" fromWho="2" sc="383,-40,30,-40,348,120,239,-40" owari="343,14.0,-10,-51.0,468,57.0,199,-20.0" /></mjloggm>