<mjloggm ver="2.3"><GO type="41" lobby="0"/><UN n0="%74%6F%6F%73%68%69%72%6F" n1="%E5%B0%B1%E6%B4%BB%E7%94%9F%40%E5%B7%9D%E6%9D%91%E8%BB%8D%E5%9B%A3" n2="%E9%9B%80%E5%A3%AB%E3%81%AC%E3%82%8B%E3%82%8A%E3%82%93" n3="%41%4B%42%35%30" dan="14,16,14,14" rate="1883.76,2123.94,1980.66,1840.62" sx="M,M,M,M"/><TAIKYOKU oya="0"/><INIT seed="0,0,0,4,0,66" ten="250,250,250,250" oya="0" hai0="77,114,50,125,111,40,128,126,84,127,117,135,103" hai1="67,102,60,31,37,27,120,57,16,99,98,23,48" hai2="35,38,9,71,5,59,124,10,45,7,41,93,107" hai3="82,61,8,78,75,74,100,94,65,15,0,18,90"/><T53/><D103/><U19/><E37/><V2/><F107/><W20/><G100/><T76/><D84/><U56/><E120/><V24/><F59/><W105/><G105/><T113/><D40/><U11/><E11/><V6/><F6/><W54/><G54/><T132/><D53/><U118/><E118/><V110/><F93/><W55/><G55/><T129/><D50/><U34/><E19/><V92/><F92/><W36/><G36/><T79/><D117/><U33/><E33/><V21/><F110/><W32/><G32/><T17/><D17/><U69/><E48/><V70/><F124/><W28/><G75/><T39/><D39/><U49/><E49/><V44/><F44/><W106/><G106/><T88/><D88/><U81/><E81/><V122/><F122/><W1/><G28/><T29/><D29/><U91/><E91/><V43/><F43/><W3/><G8/><T96/><D96/><U12/><E99/><V64/><F64/><W85/><REACH who="3" step="1"/><G3/><REACH who="3" ten="250,250,250,240" step="2"/><T47/><D47/><U26/><E26/><V86/><F35/><W25/><G25/><T73/><D73/><U104/><AGARI ba="0,1" hai="12,16,23,27,31,34,56,57,60,67,69,98,102,104" machi="104" ten="20,12000,2" yaku="0,1,7,1,25,2,52,1,54,1" doraHai="66" who="1" fromWho="1" sc="250,-60,250,130,250,-30,240,-30" /><INIT seed="1,0,0,0,1,39" ten="190,380,220,210" oya="1" hai0="101,78,119,8,83,53,115,55,79,22,0,86,10" hai1="6,126,99,40,34,111,70,107,17,84,67,62,71" hai2="92,13,74,114,117,130,88,64,49,104,95,42,45" hai3="69,65,36,105,35,1,113,52,61,102,89,116,100"/><U87/><E71/><V75/><F104/><W96/><G116/><T51/><D119/><U91/><E126/><V18/><F117/><W106/><G113/><T110/><D115/><U56/><E6/><V127/><F114/><W7/><G89/><T123/><D0/><U122/><E122/><V72/><F127/><W16/><G35/><T90/><D123/><U103/><E111/><V131/><F64/><W66/><G36/><T27/><D101/><U29/><E17/><V129/><REACH who="2" step="1"/><F88/><REACH who="2" ten="190,380,210,210" step="2"/><W33/><G33/><T28/><D110/><U125/><E125/><V68/><F68/><W124/><G124/><T23/><D90/><U25/><E91/><V73/><N who="2" m="18432" /><DORA hai="76" /><V112/><F112/><W81/><G66/><T41/><D86/><U21/><E87/><V20/><AGARI ba="0,1" hai="13,18,20,42,45,49,92,95,129,130,131" m="18432" machi="20" ten="70,8000,1" yaku="1,1,0,1,19,1,52,1,53,0" doraHai="39,76" doraHaiUra="26,80" who="2" fromWho="2" sc="190,-20,380,-40,210,90,210,-20" /><INIT seed="2,0,0,4,2,107" ten="170,340,300,190" oya="2" hai0="77,131,30,80,8,129,127,67,63,95,23,40,21" hai1="12,73,22,0,119,43,122,125,123,45,82,118,74" hai2="69,27,84,105,90,58,15,39,54,6,99,25,46" hai3="91,96,78,38,104,24,3,52,87,72,76,59,98"/><V35/><F69/><W114/><G114/><T50/><D95/><U70/><E0/><V124/><F124/><W113/><G113/><T102/><D102/><U20/><E70/><V108/><F108/><W32/><G3/><T65/><D8/><U7/><E125/><V75/><F75/><N who="1" m="28681" /><E82/><V94/><F6/><W19/><G38/><T68/><D67/><U47/><E7/><V103/><F15/><W97/><G104/><T120/><D127/><U115/><E12/><V64/><F35/><W89/><G72/><T9/><D9/><U34/><E34/><V31/><F31/><W13/><G32/><T49/><D40/><U121/><E115/><V134/><F64/><W11/><G24/><T71/><D80/><U18/><E47/><V28/><F28/><W110/><G110/><T29/><D77/><N who="3" m="29801" /><G87/><T66/><REACH who="0" step="1"/><D63/><AGARI ba="0,0" hai="11,13,19,52,59,63,89,91,96,97,98" m="29801" machi="63" ten="30,2000,0" yaku="8,1,54,1" doraHai="107" who="3" fromWho="0" sc="170,-20,340,0,300,0,190,20" /><INIT seed="3,0,0,0,5,131" ten="150,340,300,210" oya="3" hai0="32,33,45,46,111,56,5,79,130,13,101,94,35" hai1="102,122,87,115,53,4,30,67,83,120,28,18,109" hai2="37,108,114,8,134,106,20,119,116,42,128,92,65" hai3="104,21,125,78,40,60,54,64,1,74,127,82,77"/><W26/><G104/><T48/><D111/><U10/><E115/><V73/><F92/><W98/><G1/><T132/><D130/><U88/><E109/><V41/><F20/><W34/><G78/><T66/><D79/><U96/><E67/><V100/><F8/><W25/><G40/><T61/><D48/><U14/><E53/><V3/><F100/><W71/><G98/><T103/><D94/><U44/><E44/><V107/><F65/><W105/><G105/><T49/><D49/><U12/><E122/><V51/><F51/><W126/><G54/><T6/><D13/><U81/><E81/><V85/><F85/><W121/><G34/><T58/><D61/><U70/><E70/><V22/><F22/><W27/><REACH who="3" step="1"/><G121/><REACH who="3" ten="150,340,300,200" step="2"/><T11/><D33/><U52/><E120/><V124/><F42/><W16/><AGARI ba="0,1" hai="16,21,25,26,27,60,64,71,74,77,82,125,126,127" machi="16" ten="30,12000,1" yaku="1,1,2,1,0,1,18,1,54,1,53,0" doraHai="131" doraHaiUra="91" who="3" fromWho="3" sc="150,-40,340,-40,300,-40,200,130" /><INIT seed="3,1,0,0,0,49" ten="110,300,260,330" oya="3" hai0="59,113,14,26,74,128,55,82,1,114,86,135,69" hai1="92,58,85,45,61,79,39,124,122,51,47,104,94" hai2="117,44,64,29,118,6,42,24,40,89,83,95,8" hai3="66,12,10,56,73,31,3,78,130,54,134,30,25"/><W27/><G134/><T53/><D69/><U72/><E104/><V35/><F64/><W28/><G130/><T133/><D1/><U105/><E105/><V41/><F83/><W123/><G3/><T119/><D74/><U76/><E39/><V13/><REACH who="2" step="1"/><F44/><REACH who="2" ten="110,300,250,330" step="2"/><W38/><G123/><T88/><D59/><U46/><E122/><V68/><F68/><W101/><G66/><T91/><D119/><U77/><E72/><V80/><F80/><W19/><G38/><T107/><D128/><U11/><E124/><V100/><F100/><W81/><REACH who="3" step="1"/><G101/><REACH who="3" ten="110,300,250,320" step="2"/><T110/><D110/><U7/><E77/><V21/><F21/><W87/><G87/><AGARI ba="1,2" hai="6,8,13,24,29,35,40,41,42,87,89,95,117,118" machi="87" ten="40,1300,0" yaku="1,1,53,0" doraHai="49" doraHaiUra="109" who="2" fromWho="3" sc="110,0,300,0,250,36,320,-16" /><INIT seed="4,0,0,2,5,55" ten="110,300,286,304" oya="0" hai0="96,40,39,126,17,135,133,54,85,106,22,26,35" hai1="16,68,99,11,80,84,89,93,65,34,102,70,64" hai2="60,27,33,4,134,30,71,63,14,41,28,23,125" hai3="47,42,51,118,2,105,44,117,79,107,77,110,45"/><T111/><D111/><U7/><E34/><V88/><F41/><W100/><G2/><T82/><D126/><U114/><E114/><V94/><F125/><W52/><G110/><T12/><D40/><U120/><E120/><V109/><F109/><W67/><G67/><T123/><D39/><U29/><E29/><V43/><F43/><W13/><G13/><T19/><D123/><U59/><E16/><N who="0" m="6217" /><D35/><U128/><E128/><V18/><F134/><N who="0" m="51210" /><D12/><N who="1" m="5247" /><E70/><V61/><F30/><W53/><G42/><T48/><D22/><U130/><E68/><V1/><F71/><W56/><G53/><T78/><D26/><U10/><E10/><N who="2" m="2319" /><F61/><W101/><G107/><T25/><D25/><U3/><E3/><V15/><F15/><W124/><G124/><T121/><D96/><AGARI ba="0,0" hai="14,18,23,27,28,33,60,63,88,94,96" m="2319" machi="96" ten="30,2000,0" yaku="24,1,54,1" doraHai="55" who="2" fromWho="0" sc="110,-20,300,0,286,20,304,0" /><INIT seed="5,0,0,4,1,74" ten="90,300,306,304" oya="1" hai0="21,116,6,129,92,89,12,85,18,131,49,11,47" hai1="119,121,38,102,46,123,64,97,36,1,118,82,27" hai2="90,100,54,28,93,101,135,134,58,96,19,56,63" hai3="15,25,48,16,8,60,84,103,45,76,66,23,95"/><U108/><E1/><V83/><F28/><W43/><G103/><T57/><D47/><U22/><E108/><V94/><F94/><W128/><G128/><T0/><REACH who="0" step="1"/><D116/><REACH who="0" ten="80,300,306,304" step="2"/><U67/><E119/><V86/><F135/><W114/><G114/><T112/><D112/><U53/><E118/><V50/><F134/><W65/><G60/><T4/><D4/><U72/><E38/><V113/><F113/><W107/><G107/><T17/><D17/><U125/><E121/><V9/><F19/><W71/><G71/><T77/><D77/><U7/><E123/><V5/><F5/><N who="3" m="3471" /><G95/><T10/><D10/><U30/><E7/><V106/><F9/><W34/><G34/><T120/><D120/><U81/><E36/><V68/><F68/><W39/><G39/><T69/><D69/><U73/><E73/><V14/><F106/><W55/><G55/><AGARI ba="0,1" hai="0,6,11,12,18,21,49,55,57,85,89,92,129,131" machi="55" ten="40,5200,0" yaku="1,1,25,2,53,0" doraHai="74" doraHaiUra="42" who="0" fromWho="3" sc="80,62,300,0,306,0,304,-52" /><INIT seed="6,0,0,4,1,118" ten="142,300,306,252" oya="2" hai0="25,97,57,111,82,34,80,2,62,50,92,26,29" hai1="6,73,60,88,3,72,11,107,74,100,52,94,124" hai2="51,18,129,39,113,32,40,36,123,54,53,71,84" hai3="66,59,46,91,101,98,7,70,38,0,89,30,33"/><V13/><F32/><W127/><G127/><T64/><D2/><U68/><E124/><V135/><F71/><W125/><G125/><T105/><D111/><U5/><E5/><V130/><F135/><W47/><G59/><T134/><D134/><U61/><E68/><V24/><F24/><W96/><G98/><T4/><D4/><U85/><E107/><V76/><F113/><W9/><G47/><T67/><D67/><U104/><E104/><V116/><F116/><W93/><G46/><T55/><D25/><U126/><E100/><V43/><F76/><W122/><G38/><N who="2" m="14377" /><F84/><W14/><G122/><T86/><D86/><U58/><REACH who="1" step="1"/><E126/><REACH who="1" ten="142,290,306,252" step="2"/><V69/><F69/><W115/><G115/><T119/><D119/><U133/><E133/><V22/><F123/><W15/><G70/><T90/><REACH who="0" step="1"/><D105/><REACH who="0" ten="132,290,306,252" step="2"/><U128/><E128/><V77/><F130/><W110/><G110/><T17/><D17/><U112/><E112/><V12/><F129/><W41/><G7/><T75/><D75/><U56/><E56/><AGARI ba="0,2" hai="26,29,34,50,55,56,57,62,64,80,82,90,92,97" machi="56" ten="30,3900,0" yaku="1,1,7,1,53,1" doraHai="118" doraHaiUra="95" who="0" fromWho="1" sc="132,59,290,-39,306,0,252,0" /><INIT seed="7,0,0,5,5,31" ten="191,251,306,252" oya="3" hai0="72,44,36,97,92,63,102,0,130,116,120,77,6" hai1="64,14,85,106,9,115,17,103,121,84,69,109,117" hai2="61,105,15,126,110,39,132,95,134,113,108,80,58" hai3="78,99,94,100,42,90,16,45,25,82,131,122,22"/><W5/><G122/><T4/><D120/><U48/><E109/><V52/><F105/><W104/><G131/><T57/><D116/><U74/><E121/><V60/><F113/><W2/><G5/><T83/><D130/><U114/><E117/><V54/><F126/><W30/><G2/><T19/><D6/><U75/><E106/><V20/><F39/><W127/><G127/><T29/><D19/><U118/><E118/><V56/><F95/><W96/><G30/><T88/><D29/><U1/><E1/><V40/><F40/><W24/><G25/><T87/><D57/><U119/><E103/><V111/><F80/><W91/><G90/><T10/><D63/><N who="1" m="40095" /><E48/><V135/><F15/><W21/><G21/><AGARI ba="0,0" hai="20,21,52,54,56,58,60,61,108,110,111,132,134,135" machi="21" ten="50,6400,0" yaku="9,1,20,1,54,1" doraHai="31" who="2" fromWho="3" sc="191,0,251,0,306,64,252,-64" owari="191,-21.0,251,5.0,370,47.0,188,-31.0" /></mjloggm>