<mjloggm ver="2.3"><GO type="169" lobby="0"/><UN n0="%E3%81%82%E3%81%B2%E3%82%8B%E3%81%95%E3%82%93" n1="%E3%81%B2%E3%81%90%E3%81%A1" n2="%E3%82%A6%E3%83%AB%E3%83%88%E3%83%A9%E7%AB%8B%E7%9B%B4" n3="%E7%AD%91%E6%81%B5" dan="17,18,17,17" rate="2104.47,2145.85,2130.47,2170.67" sx="M,M,M,M"/><TAIKYOKU oya="0"/><INIT seed="0,0,0,4,4,116" ten="250,250,250,250" oya="0" hai0="8,15,81,98,41,94,42,51,73,91,95,127,84" hai1="1,3,50,32,34,64,76,78,55,133,102,85,33" hai2="90,110,46,66,53,61,124,123,83,11,56,57,52" hai3="30,131,68,36,93,105,122,12,125,14,43,35,65"/><T18/><D127/><U100/><E64/><V37/><F11/><W29/><G105/><T130/><D130/><U58/><E133/><V22/><F22/><W82/><G36/><T17/><D73/><U20/><E20/><V71/><F83/><W120/><G43/><T119/><D119/><U48/><E85/><V112/><F90/><W101/><G131/><T39/><D39/><U117/><E117/><V59/><F112/><W49/><G49/><T69/><D69/><U109/><E109/><V75/><F75/><W27/><G30/><T25/><D95/><U5/><E5/><V115/><F115/><W135/><G135/><T103/><D25/><U38/><E38/><V97/><F97/><N who="3" m="59567" /><G82/><T106/><D106/><U92/><E92/><V74/><F74/><W111/><G111/><T67/><D67/><U72/><E72/><V47/><F124/><W96/><G96/><T4/><D42/><U28/><E28/><V108/><F110/><W13/><G125/><T132/><D132/><U31/><E31/><V86/><F86/><W9/><G9/><T26/><D26/><U23/><E23/><V40/><F108/><W70/><G65/><T21/><D21/><U80/><E80/><V107/><F107/><W128/><G128/><T60/><D60/><U6/><E33/><V87/><F87/><W134/><G134/><T19/><D41/><U126/><E126/><V62/><F123/><AGARI ba="0,0" hai="12,13,14,27,29,35,68,70,120,122,123" m="59567" machi="123" ten="30,7700,0" yaku="13,1,52,3" doraHai="116" who="3" fromWho="2" sc="250,0,250,0,250,-77,250,77" /><INIT seed="1,0,0,2,4,118" ten="250,250,173,327" oya="1" hai0="121,81,62,56,35,41,88,49,11,9,20,83,2" hai1="37,125,5,53,89,111,90,119,97,51,124,64,114" hai2="16,72,120,93,134,19,84,27,78,85,28,6,15" hai3="102,104,116,46,135,76,113,122,69,39,60,82,30"/><U98/><E37/><V45/><F72/><N who="3" m="43271" /><G30/><T22/><D35/><U101/><E119/><V123/><F134/><W31/><G31/><T109/><D109/><U108/><E64/><V13/><F45/><W54/><G54/><T127/><D127/><N who="1" m="48715" /><E5/><V132/><F132/><W14/><G14/><T133/><D133/><U18/><E18/><V73/><F73/><W34/><G34/><T3/><D49/><U79/><E79/><V59/><F59/><W8/><G8/><T77/><D77/><U106/><E114/><V52/><F52/><W130/><G113/><T29/><D29/><U47/><E98/><V105/><F105/><W91/><G91/><AGARI ba="0,0" hai="47,51,53,89,90,91,97,101,106,108,111" m="48715" machi="91" ten="30,1500,0" yaku="18,1" doraHai="118" who="1" fromWho="3" sc="250,0,250,15,173,0,327,-15" /><INIT seed="1,1,0,4,4,32" ten="250,265,173,312" oya="1" hai0="10,122,16,100,2,27,11,70,1,128,60,110,124" hai1="79,34,129,36,101,71,89,40,111,6,0,95,26" hai2="53,9,130,18,4,63,90,24,42,84,59,52,46" hai3="51,73,98,49,8,78,33,13,93,114,132,116,43"/><U17/><E71/><V57/><F130/><W14/><G114/><T48/><D100/><U113/><E113/><V72/><F72/><W75/><G33/><T44/><D110/><U131/><E101/><V30/><F18/><W105/><G105/><T15/><D124/><U31/><E79/><V76/><F76/><W125/><G125/><T20/><D128/><N who="1" m="49227" /><E17/><V88/><F84/><W86/><G132/><T61/><D122/><U83/><E83/><V127/><F127/><W126/><G116/><T74/><D74/><U45/><E111/><V47/><F24/><W55/><G78/><T65/><D61/><U112/><E112/><V109/><F30/><W68/><G68/><T67/><D67/><U35/><E35/><V103/><F103/><W7/><G126/><T92/><D92/><U54/><E54/><V23/><F23/><W96/><G75/><T66/><D66/><U64/><E64/><V135/><F135/><W133/><G133/><T99/><D99/><N who="1" m="57839" /><E6/><V134/><F134/><W29/><G55/><T28/><D11/><U58/><E58/><V107/><F107/><W81/><G81/><T12/><D12/><U117/><E117/><V5/><F109/><W82/><G14/><T62/><D62/><U106/><E106/><V37/><F47/><N who="3" m="25855" /><G29/><T91/><D91/><N who="2" m="34858" /><F9/><W19/><G19/><T119/><D119/><U77/><E77/><V115/><F115/><W38/><G73/><T120/><D120/><U108/><E108/><V41/><F41/><AGARI ba="1,0" hai="1,2,10,15,16,20,27,28,41,44,48,60,65,70" machi="41" ten="30,7700,0" yaku="7,1,52,2,54,1" doraHai="32" who="0" fromWho="2" sc="250,80,265,0,173,-80,312,0" /><INIT seed="2,0,0,2,2,69" ten="330,265,93,312" oya="2" hai0="6,117,84,65,102,90,94,40,13,81,71,46,3" hai1="33,35,67,12,34,121,36,38,44,55,23,82,25" hai2="9,39,126,16,96,131,27,113,134,73,28,7,41" hai3="72,47,125,62,57,4,127,74,8,114,59,122,79"/><V129/><F113/><W120/><G114/><T70/><BYE who="2" /><D3/><U24/><E67/><V91/><F91/><W124/><G47/><UN n2="%E3%82%A6%E3%83%AB%E3%83%88%E3%83%A9%E7%AB%8B%E7%9B%B4" /><T112/><D112/><U123/><E12/><N who="2" m="5183" /><F96/><W56/><G62/><T89/><D102/><U0/><E0/><V29/><F73/><N who="3" m="28267" /><G79/><T97/><D117/><U30/><E82/><V128/><F41/><W83/><G83/><T64/><D71/><U116/><E116/><V19/><F39/><W54/><G54/><T68/><D68/><U99/><E99/><V132/><F126/><W88/><G88/><T75/><D75/><U76/><E76/><V58/><F58/><W15/><AGARI ba="0,0" hai="4,8,15,56,57,59,120,122,124,125,127" m="28267" machi="15" ten="40,1500,0" yaku="18,1" doraHai="69" who="3" fromWho="3" sc="330,-4,265,-4,93,-7,312,15" /><INIT seed="3,0,0,3,3,49" ten="326,261,86,327" oya="3" hai0="107,81,16,73,24,70,129,6,32,48,84,76,33" hai1="112,116,87,101,90,50,31,55,122,74,28,97,125" hai2="99,123,106,12,18,114,63,25,61,119,14,79,36" hai3="102,0,111,128,7,132,66,65,57,4,29,44,52"/><W72/><G72/><T121/><D121/><U135/><E74/><V34/><F36/><W100/><G132/><T38/><D38/><U126/><E122/><V27/><F119/><W130/><G111/><T11/><D70/><U64/><E112/><V124/><F123/><W20/><G44/><T15/><BYE who="2" /><D107/><UN n2="%E3%82%A6%E3%83%AB%E3%83%88%E3%83%A9%E7%AB%8B%E7%9B%B4" /><U89/><E64/><N who="3" m="24682" /><G0/><T59/><D129/><N who="3" m="49769" /><G29/><T80/><D6/><N who="3" m="2089" /><G20/><T23/><D23/><U5/><E5/><V46/><F46/><W21/><G21/><T117/><D73/><U115/><E135/><V45/><F45/><W134/><G134/><T78/><D117/><U96/><E116/><V62/><F27/><W67/><G67/><T95/><D24/><U53/><E115/><V69/><F25/><W60/><AGARI ba="0,0" hai="52,57,60,100,102" m="2089,49769,24682" machi="60" ten="30,6000,0" yaku="19,1,52,1,54,1" doraHai="49" who="3" fromWho="3" sc="326,-20,261,-20,86,-20,327,60" /><INIT seed="3,1,0,1,1,89" ten="306,241,66,387" oya="3" hai0="68,127,121,25,29,79,31,95,123,131,34,43,78" hai1="10,62,63,87,60,46,38,11,0,70,124,50,53" hai2="9,32,88,14,86,92,116,41,19,16,40,55,58" hai3="1,103,74,93,122,101,117,90,13,108,33,59,82"/><W72/><G117/><T3/><D3/><U26/><E38/><V12/><F32/><W48/><G1/><T81/><D68/><U113/><E70/><V100/><F100/><W67/><G33/><T77/><D31/><U21/><E113/><V45/><F45/><W7/><G122/><T133/><D43/><U4/><E124/><V110/><F110/><W44/><G74/><T97/><D131/><U134/><E134/><V105/><F105/><W8/><G72/><T111/><D111/><U128/><E128/><V66/><F66/><W22/><G82/><T52/><D81/><U109/><E109/><V35/><F35/><W69/><G22/><T85/><D85/><U30/><E11/><V119/><F119/><W27/><G27/><T71/><D71/><U106/><E106/><V104/><F104/><W51/><G69/><T126/><D133/><U125/><E125/><N who="0" m="47625" /><D52/><U6/><E4/><V76/><F76/><W112/><G112/><T120/><D97/><U80/><E62/><N who="2" m="36191" /><F116/><W94/><G51/><T130/><D130/><U5/><E5/><V56/><F56/><W39/><G39/><T49/><D49/><U17/><E30/><V28/><F28/><W37/><G37/><T47/><D47/><U24/><E24/><V132/><F132/><W84/><G108/><T36/><D36/><U18/><E18/><V129/><F129/><W115/><G115/><T23/><D34/><U54/><E54/><V83/><F83/><N who="3" m="49439" /><G67/><T107/><D107/><U65/><E65/><V98/><F98/><W42/><G59/><T96/><D96/><U20/><E80/><RYUUKYOKU ba="1,0" sc="306,10,241,-30,66,10,387,10" hai0="23,25,29,77,78,79,95,120,121,123" hai2="9,12,14,16,19,40,41,86,88,92" hai3="7,8,13,42,44,48,93,94,101,103" /><INIT seed="3,2,0,3,2,6" ten="316,211,76,397" oya="3" hai0="124,125,53,70,121,60,80,10,42,59,36,50,41" hai1="28,93,72,57,102,31,90,87,74,79,67,51,107" hai2="106,113,26,66,54,4,34,114,24,126,8,105,22" hai3="116,23,3,21,83,2,77,25,16,99,130,123,84"/><W75/><G116/><T37/><D80/><U20/><E107/><V68/><F126/><N who="0" m="48746" /><D121/><U97/><E74/><V85/><F66/><W112/><G123/><T78/><D78/><U108/><E108/><V98/><F68/><W71/><G112/><T120/><D120/><U7/><E7/><V134/><F134/><W132/><G71/><T82/><BYE who="2" /><D82/><UN n2="%E3%82%A6%E3%83%AB%E3%83%88%E3%83%A9%E7%AB%8B%E7%9B%B4" /><U104/><E20/><V18/><F85/><W91/><G130/><T35/><D35/><U13/><E13/><V11/><F54/><W92/><G132/><T15/><D70/><U39/><E39/><N who="0" m="14921" /><D60/><N who="1" m="38287" /><E51/><V38/><F38/><W56/><G75/><T1/><D1/><U61/><E61/><V32/><F98/><W62/><G23/><T88/><D88/><U40/><E72/><V131/><F131/><W43/><G2/><T17/><AGARI ba="2,0" hai="10,15,17,41,42,50,53,59" m="14921,48746" machi="17" ten="30,2000,0" yaku="18,1,52,1" doraHai="6" who="0" fromWho="0" sc="316,26,211,-7,76,-7,397,-12" /><BYE who="2" /><INIT seed="4,0,0,1,2,130" ten="342,204,69,385" oya="0" hai0="72,6,70,84,49,62,119,107,4,13,17,77,15" hai1="59,89,7,14,69,125,50,60,0,20,44,66,37" hai2="93,122,38,64,2,36,16,96,126,48,65,61,40" hai3="41,74,71,94,112,19,118,31,123,3,78,92,87"/><T124/><D119/><UN n2="%E3%82%A6%E3%83%AB%E3%83%88%E3%83%A9%E7%AB%8B%E7%9B%B4" /><U63/><E0/><V33/><F2/><W47/><G118/><T106/><D72/><U135/><E125/><V24/><F33/><W131/><G71/><T11/><D124/><U26/><E37/><V101/><F126/><W102/><G3/><T76/><D70/><U85/><E7/><V90/><F122/><W75/><G31/><T10/><D62/><U51/><E14/><V109/><F109/><W25/><G131/><T42/><D17/><U52/><E44/><V1/><F1/><W132/><G25/><T110/><D110/><U108/><E135/><V98/><F48/><W114/><G132/><T80/><D77/><U30/><REACH who="1" step="1"/><E108/><REACH who="1" ten="342,194,69,385" step="2"/><V39/><F40/><W82/><G47/><AGARI ba="0,1" hai="4,6,10,11,13,15,42,47,49,76,80,84,106,107" machi="47" ten="40,7700,0" yaku="9,1,25,2" doraHai="130" who="0" fromWho="3" sc="342,87,194,0,69,0,385,-77" /><INIT seed="4,1,0,5,3,44" ten="429,194,69,308" oya="0" hai0="33,123,105,64,1,47,23,114,98,57,95,19,63" hai1="9,49,128,34,7,80,27,18,68,96,21,26,13" hai2="66,116,132,125,48,78,25,36,56,10,59,126,133" hai3="15,29,120,28,62,82,118,53,12,61,43,81,115"/><T51/><D123/><U89/><E68/><V31/><F78/><W71/><G118/><T8/><D33/><U112/><E128/><V124/><F10/><W69/><G53/><T72/><D72/><U76/><E112/><V104/><F104/><W99/><G99/><T79/><D105/><U22/><E34/><V110/><F110/><W107/><G107/><T86/><D114/><U6/><E6/><V97/><F97/><W103/><G115/><T87/><D79/><U65/><E65/><V14/><F14/><W88/><G43/><T75/><D75/><U94/><E49/><V135/><F36/><W52/><G52/><N who="0" m="29823" /><D8/><U45/><E45/><V50/><F116/><W109/><G103/><N who="0" m="60895" /><D1/><U58/><E58/><N who="2" m="22059" /><F66/><W39/><G39/><T131/><D131/><U130/><E130/><V127/><F127/><W93/><G120/><T100/><D100/><U101/><E101/><V60/><F60/><N who="3" m="23147" /><G69/><T106/><D106/><U55/><E55/><V38/><F38/><W70/><G70/><T91/><D91/><U119/><E119/><V0/><F0/><W54/><G54/><T129/><D129/><U11/><E11/><V90/><F90/><W117/><G71/><T16/><D19/><U35/><E35/><AGARI ba="1,0" hai="25,31,35,48,50,124,125,126,132,133,135" m="22059" machi="35" ten="40,8000,1" yaku="18,1,20,1,52,2" doraHai="44" who="2" fromWho="1" sc="429,0,194,-83,69,83,308,0" /><INIT seed="5,0,0,1,0,53" ten="429,111,152,308" oya="1" hai0="40,46,80,97,89,122,13,112,84,71,29,115,64" hai1="110,41,30,104,14,91,20,119,54,132,79,55,48" hai2="74,66,70,15,78,85,114,26,106,120,58,9,7" hai3="126,125,57,90,92,117,6,56,86,21,73,5,17"/><U83/><E119/><V37/><F106/><W31/><G73/><T107/><D29/><U88/><E104/><V25/><F74/><W130/><G31/><T77/><D122/><U39/><E39/><V38/><F70/><W82/><G82/><T96/><D107/><U61/><E132/><V50/><F120/><W0/><G130/><T12/><D71/><U102/><E102/><V68/><F68/><W19/><G117/><T47/><D64/><U72/><E110/><V76/><F38/><W93/><G0/><T124/><D124/><N who="3" m="47721" /><G93/><T100/><D100/><U27/><E14/><V134/><F37/><W1/><G19/><T23/><D77/><U34/><E34/><V133/><F114/><W18/><G18/><T3/><D3/><U8/><E8/><V131/><F131/><W63/><G63/><T105/><D105/><U123/><E123/><V42/><F133/><W10/><G5/><T101/><D115/><U36/><E36/><V103/><F103/><W121/><G121/><T35/><D101/><U60/><E60/><N who="2" m="38167" /><F78/><W87/><G86/><T28/><D84/><U99/><E61/><V118/><F118/><W24/><AGARI ba="0,0" hai="1,6,10,17,21,24,56,57,87,90,92" m="47721" machi="24" ten="30,4000,0" yaku="18,1,52,2" doraHai="53" who="3" fromWho="3" sc="429,-10,111,-20,152,-10,308,40" /><INIT seed="6,0,0,1,2,7" ten="419,91,142,348" oya="2" hai0="35,46,40,65,66,87,118,34,20,94,16,126,125" hai1="58,10,105,44,104,61,1,33,49,85,60,133,39" hai2="41,79,112,22,80,53,113,72,26,24,98,134,76" hai3="3,30,6,127,122,84,103,37,95,8,51,100,111"/><V21/><F41/><W110/><G37/><T116/><D35/><U55/><E33/><V117/><F117/><N who="0" m="45162" /><D34/><U81/><E39/><V15/><F134/><W9/><G122/><T73/><D73/><U32/><E32/><V124/><F124/><N who="0" m="47722" /><D87/><U130/><E130/><V59/><F98/><W54/><G127/><T128/><D94/><U62/><E133/><V2/><F2/><W121/><G121/><T101/><D101/><U109/><E109/><V132/><F79/><W82/><G30/><T64/><D128/><U102/><E102/><V56/><F132/><W123/><G123/><T28/><D28/><U25/><E25/><V107/><F107/><W129/><G129/><T19/><D20/><U50/><E50/><AGARI ba="0,0" hai="16,19,40,46,50,64,65,66" m="47722,45162" machi="50" ten="40,5200,0" yaku="12,1,18,1,54,1" doraHai="7" who="0" fromWho="1" sc="419,52,91,-52,142,0,348,0" /><INIT seed="7,0,0,2,0,29" ten="471,39,142,348" oya="3" hai0="105,81,7,26,34,71,118,114,33,84,110,112,65" hai1="16,53,77,130,51,70,62,20,121,48,124,55,96" hai2="63,115,123,103,120,12,15,37,41,101,18,99,3" hai3="57,93,82,90,22,44,134,61,113,98,0,24,19"/><W45/><G0/><T11/><D110/><U126/><E77/><V31/><F31/><W58/><G113/><N who="0" m="43627" /><D105/><U1/><E1/><V27/><F27/><W42/><G134/><T5/><D26/><U117/><E96/><V127/><F127/><W69/><G69/><T111/><D111/><U32/><E121/><V73/><F99/><W68/><G68/><T97/><D97/><U92/><E92/><V64/><F103/><W135/><G135/><T10/><D118/><U50/><E117/><V116/><F101/><W88/><G42/><T85/><D65/><U131/><E20/><V39/><F3/><W129/><G129/><N who="1" m="49162" /><E16/><V35/><F18/><W6/><G6/><N who="0" m="2059" /><D71/><U94/><E94/><V59/><F12/><W104/><G104/><T122/><D122/><U43/><E43/><V25/><F41/><W13/><G13/><T132/><D132/><U125/><E32/><N who="0" m="12393" /><D85/><U87/><E87/><V60/><F115/><W91/><G58/><T89/><AGARI ba="0,0" hai="10,11,81,84,89" m="12393,2059,43627" machi="89" ten="40,8000,1" yaku="15,1,11,1,52,3" doraHai="29" who="0" fromWho="0" sc="471,80,39,-20,142,-20,348,-40" owari="551,65.0,19,-48.0,122,-28.0,308,11.0" /></mjloggm>