<mjloggm ver="2.3"><GO type="97" lobby="0"/><UN n0="%E3%81%A6%E3%82%93%E3%81%B5%E3%81%89%E3%81%84" n1="%E5%85%AD%E6%9D%A1%E3%81%AE%E5%BE%A1%E6%81%AF%E6%89%80" n2="%E5%B0%B1%E6%B4%BB%E7%94%9F%40%E5%B7%9D%E6%9D%91%E8%BB%8D%E5%9B%A3" n3="%E3%82%BD%E3%83%8B" dan="15,14,14,14" rate="1984.60,1883.11,1958.70,1873.49" sx="M,F,M,M"/><TAIKYOKU oya="0"/><INIT seed="0,0,0,2,2,8" ten="250,250,250,250" oya="0" hai0="13,67,99,20,73,0,89,120,114,60,118,130,71" hai1="133,40,61,2,36,134,27,65,74,14,107,47,83" hai2="18,53,66,25,58,48,77,4,132,128,117,122,110" hai3="11,70,3,72,45,46,126,55,108,30,21,86,33"/><T31/><D0/><U52/><E107/><V102/><F122/><W116/><G72/><T125/><D73/><U22/><E2/><V56/><F117/><W24/><G116/><T104/><D114/><U9/><E74/><V34/><F110/><W57/><G108/><T42/><D118/><U68/><E83/><V106/><F128/><W112/><G112/><T16/><D130/><U103/><E103/><V98/><F132/><N who="1" m="50793" /><E27/><V29/><F4/><W81/><G126/><T82/><D125/><U113/><E22/><V84/><F18/><W78/><G70/><T6/><D120/><U123/><E113/><V41/><F41/><W87/><G87/><T15/><D104/><U80/><E123/><V124/><F124/><W63/><G33/><T50/><D31/><U1/><E1/><V28/><F28/><W90/><G78/><T76/><D76/><U131/><E80/><V115/><F115/><W94/><G81/><T127/><D127/><U119/><E131/><V111/><F111/><W96/><G86/><T105/><D105/><U62/><E119/><V91/><F77/><W100/><G100/><T75/><D75/><U5/><E62/><V79/><F79/><W64/><G64/><T85/><D99/><U32/><E32/><V54/><F66/><W69/><G69/><T109/><D109/><U23/><E23/><V7/><F7/><W88/><G90/><T44/><D6/><U92/><E92/><N who="2" m="54375" /><F48/><W35/><G35/><T121/><D121/><U101/><E101/><V37/><F37/><W93/><G93/><T51/><D51/><U19/><E5/><AGARI ba="0,0" hai="3,5,11,21,24,30,45,46,55,57,63,88,94,96" machi="5" ten="40,2600,0" yaku="6,1,54,1" doraHai="8" who="3" fromWho="1" sc="250,0,250,-26,250,0,250,26" /><INIT seed="1,0,0,4,3,30" ten="250,224,250,276" oya="1" hai0="77,32,28,11,23,106,107,121,59,40,26,17,42" hai1="78,39,0,80,29,79,34,53,46,21,48,110,113" hai2="1,20,103,122,55,56,127,96,123,54,41,116,10" hai3="81,60,18,82,61,25,65,73,115,119,132,109,88"/><U92/><E113/><V89/><F116/><W12/><G115/><T31/><D77/><U111/><E0/><V100/><F127/><W72/><G119/><T91/><D121/><U98/><E79/><V69/><F69/><W63/><G65/><T118/><D118/><U75/><E39/><V27/><F41/><W5/><G5/><T101/><D31/><U52/><E53/><V90/><F1/><W126/><G126/><T4/><D91/><U2/><E2/><V84/><F10/><W120/><G120/><T97/><D107/><U85/><E75/><V49/><F55/><W124/><G124/><T114/><D114/><U14/><E14/><V95/><F90/><W76/><G25/><T71/><D71/><U70/><E70/><V86/><F86/><W24/><G24/><T99/><D99/><U108/><E21/><V43/><F43/><W38/><G38/><T112/><D112/><U133/><E133/><V74/><F74/><W57/><G73/><T51/><D51/><U3/><E3/><V58/><F58/><W33/><G33/><T45/><D45/><U35/><E29/><V94/><REACH who="2" step="1"/><F103/><AGARI ba="0,0" hai="34,35,46,48,52,78,80,85,92,98,103,108,110,111" machi="103" ten="40,12000,1" yaku="14,1,10,1,52,2,54,1" doraHai="30" who="1" fromWho="2" sc="250,0,224,120,250,-120,276,0" /><INIT seed="1,1,0,5,3,23" ten="250,344,130,276" oya="1" hai0="69,120,91,38,11,115,79,73,2,25,121,45,78" hai1="130,62,21,135,59,43,133,124,1,40,82,37,80" hai2="29,19,46,56,18,83,101,0,49,90,108,74,9" hai3="99,42,109,7,118,35,15,100,50,32,36,67,31"/><U87/><E1/><V30/><F108/><W94/><G109/><T33/><D69/><U55/><E124/><V127/><F101/><W60/><G36/><T10/><D115/><U125/><E125/><V93/><F127/><W6/><G118/><T98/><D98/><U14/><E130/><V48/><F74/><W17/><G42/><N who="0" m="22743" /><D91/><U111/><E111/><V71/><F71/><W61/><G61/><T4/><D11/><U63/><E63/><V102/><F102/><W8/><G50/><T5/><D5/><U77/><E82/><V117/><F117/><W106/><G35/><T39/><D39/><U85/><E85/><V89/><F83/><W107/><G107/><T103/><D103/><U131/><E131/><V112/><F112/><W27/><REACH who="3" step="1"/><G94/><REACH who="3" ten="250,344,130,266" step="2"/><T119/><D119/><U126/><E126/><V47/><F93/><W132/><G132/><N who="1" m="50762" /><E37/><V113/><F113/><W84/><G84/><T26/><D33/><U68/><E68/><AGARI ba="1,1" hai="6,7,8,15,17,27,31,32,60,67,68,99,100,106" machi="68" ten="30,8000,1" yaku="1,1,7,1,25,2,52,1,53,0" doraHai="23" doraHaiUra="104" who="3" fromWho="1" sc="250,0,344,-83,130,0,266,93" /><INIT seed="2,0,0,2,4,122" ten="250,261,130,359" oya="2" hai0="54,78,64,82,12,116,107,95,58,52,118,29,97" hai1="47,28,21,81,69,3,94,89,9,80,17,102,45" hai2="131,53,24,40,125,114,104,103,113,119,57,26,72" hai3="70,22,88,93,73,90,7,60,10,2,132,75,39"/><V128/><F72/><W129/><G39/><T127/><D107/><U33/><E69/><V65/><F104/><W19/><G129/><N who="2" m="49737" /><F103/><W99/><G132/><T98/><D127/><U14/><E102/><V71/><F24/><W111/><G111/><T27/><D12/><U56/><E56/><V44/><F26/><W130/><G130/><T66/><D82/><U42/><E33/><V49/><F119/><N who="0" m="45610" /><D78/><U59/><E59/><V135/><F135/><W112/><G112/><T62/><D54/><U11/><E3/><V31/><F31/><W85/><G70/><T32/><D98/><U83/><E28/><V50/><F125/><W20/><G60/><AGARI ba="0,0" hai="40,44,49,50,53,57,60,65,71,113,114" m="49737" machi="60" ten="30,5800,0" yaku="19,1,34,2" doraHai="122" who="2" fromWho="3" sc="250,0,261,0,130,58,359,-58" /><INIT seed="2,1,0,5,2,81" ten="250,261,188,301" oya="2" hai0="127,77,72,134,5,29,71,23,56,24,17,74,88" hai1="125,27,32,48,132,97,84,70,9,25,44,121,115" hai2="19,8,105,96,114,100,3,119,35,28,79,43,52" hai3="116,12,135,126,15,87,104,10,120,131,31,133,102"/><V107/><F119/><W68/><G116/><T0/><D71/><U60/><E115/><V128/><F114/><W108/><G120/><T75/><D134/><N who="3" m="51209" /><G108/><T106/><D106/><U93/><E132/><V89/><F128/><W11/><G131/><T113/><D113/><U122/><E125/><V7/><F107/><W130/><G126/><T99/><D127/><U61/><E9/><N who="3" m="3082" /><G130/><T14/><D0/><U34/><E70/><V80/><F43/><W18/><G68/><T63/><D5/><U46/><E48/><V51/><F19/><W47/><G47/><T66/><D77/><U50/><E50/><V69/><F69/><W76/><G31/><T65/><D65/><U112/><E112/><V103/><F28/><W73/><G73/><T30/><REACH who="0" step="1"/><D24/><REACH who="0" ten="240,261,188,301" step="2"/><U36/><E27/><V4/><F4/><W13/><G104/><T26/><D26/><U57/><E25/><V39/><F39/><W92/><G18/><T55/><D55/><U62/><E36/><V2/><F2/><W58/><G76/><T45/><D45/><U111/><E44/><V41/><F41/><W85/><G58/><T21/><D21/><U22/><E46/><N who="2" m="27767" /><F35/><W16/><G16/><T53/><D53/><U117/><E22/><V37/><F37/><W38/><G38/><T123/><D123/><U90/><E122/><V124/><F124/><W109/><G109/><T91/><D91/><U40/><E121/><V42/><F42/><W20/><G20/><T33/><D33/><U54/><E40/><V118/><F118/><W6/><G6/><T94/><AGARI ba="1,1" hai="14,17,23,29,30,56,63,66,72,74,75,88,94,99" machi="94" ten="40,5200,0" yaku="1,1,0,1,54,1,53,0" doraHai="81" doraHaiUra="67" who="0" fromWho="0" sc="240,65,261,-14,188,-27,301,-14" /><INIT seed="3,0,0,5,3,98" ten="305,247,161,287" oya="3" hai0="51,91,121,61,105,69,76,23,89,52,127,77,12" hai1="22,32,60,109,45,37,66,103,68,21,97,113,85" hai2="84,15,88,124,81,106,38,27,47,110,49,108,25" hai3="14,83,17,132,95,100,1,87,39,79,41,16,64"/><W107/><G1/><T43/><D105/><U123/><E123/><V67/><F106/><W80/><G64/><T119/><D121/><U3/><E113/><V135/><F38/><W6/><G39/><T35/><D35/><U24/><E3/><V65/><F135/><W133/><G41/><T10/><D119/><U104/><E109/><V0/><F0/><W94/><G107/><T115/><D115/><U5/><E5/><V28/><F124/><W70/><G70/><T48/><D127/><U36/><E36/><V131/><F131/><W20/><G83/><T13/><D69/><U73/><E73/><V82/><F15/><N who="3" m="9247" /><G6/><T96/><D23/><U75/><E75/><V59/><F82/><W40/><G40/><T122/><D122/><U54/><E85/><V120/><F120/><W7/><G7/><T31/><D31/><U130/><E130/><V33/><F25/><W11/><G100/><T26/><D26/><U18/><E18/><V112/><F112/><W72/><G72/><T90/><D96/><U116/><E116/><V46/><F46/><W101/><G101/><T56/><D10/><U92/><E92/><V4/><F4/><W2/><G2/><T118/><D118/><U102/><E102/><V129/><F129/><W128/><G128/><T57/><D57/><U58/><E37/><V19/><F19/><W8/><G8/><T53/><D43/><U50/><REACH who="1" step="1"/><E45/><REACH who="1" ten="305,237,161,287" step="2"/><V62/><REACH who="2" step="1"/><F65/><REACH who="2" ten="305,237,151,287" step="2"/><W111/><G111/><T114/><D114/><U34/><E34/><V9/><F9/><W126/><G126/><T134/><D134/><AGARI ba="0,2" hai="11,14,17,79,80,87,94,95,132,133,134" m="9247" machi="134" ten="30,2900,0" yaku="20,1,54,1" doraHai="98" who="3" fromWho="0" sc="305,-29,237,0,151,0,287,49" owari="276,8.0,237,-16.0,151,-35.0,336,43.0" /></mjloggm>