<mjloggm ver="2.3"><GO type="97" lobby="0"/><UN n0="%E5%B0%B1%E6%B4%BB%E7%94%9F%40%E5%B7%9D%E6%9D%91%E8%BB%8D%E5%9B%A3" n1="%46%5E%6F%5E%58" n2="%67%65%6D%73" n3="%E3%81%8B%E3%81%AA%E3%81%B6%E3%82%93" dan="15,14,13,14" rate="2039.25,1855.59,1906.54,1919.35" sx="M,M,F,M"/><TAIKYOKU oya="0"/><INIT seed="0,0,0,1,4,124" ten="250,250,250,250" oya="0" hai0="90,64,131,108,34,113,48,19,26,79,45,61,106" hai1="40,14,72,87,114,71,88,91,57,15,97,63,36" hai2="10,16,67,111,119,70,58,13,94,9,28,50,92" hai3="21,8,54,117,73,104,29,85,80,60,32,17,12"/><T7/><D113/><U82/><E114/><V133/><F70/><W27/><G73/><T93/><D106/><U100/><E71/><V95/><F111/><W130/><G104/><T96/><D108/><U135/><E135/><V37/><F37/><W11/><G117/><T1/><D79/><U46/><E91/><V66/><F133/><W52/><G60/><T69/><D1/><U35/><E35/><V20/><F119/><W134/><G134/><T38/><D7/><U105/><REACH who="1" step="1"/><E72/><REACH who="1" ten="250,240,250,250" step="2"/><V74/><F74/><W2/><G11/><N who="2" m="4105" /><F28/><W118/><G118/><T59/><D34/><U22/><E22/><V86/><F86/><W127/><G127/><T3/><D69/><U129/><E129/><V123/><F123/><W55/><G130/><T115/><D131/><U77/><E77/><V121/><F121/><W24/><G2/><T33/><D115/><U120/><E120/><V68/><F68/><W56/><G32/><T25/><D33/><U47/><E47/><V0/><F0/><W83/><G85/><T53/><D3/><U30/><E30/><V101/><F101/><W109/><G109/><T110/><D110/><U6/><E6/><V78/><F78/><W23/><G56/><T89/><D19/><AGARI ba="0,1" hai="8,12,17,19,21,23,24,27,29,52,54,55,80,83" machi="19" ten="40,2600,0" yaku="8,1,54,1" doraHai="124" who="3" fromWho="0" sc="250,-26,240,0,250,0,250,36" /><INIT seed="1,0,0,0,5,101" ten="224,240,250,286" oya="1" hai0="12,0,117,2,76,42,82,131,75,69,25,119,83" hai1="95,7,54,115,112,26,108,89,9,55,105,126,74" hai2="38,127,13,14,48,40,52,61,41,97,27,113,23" hai3="4,135,1,129,91,28,72,96,70,51,29,21,35"/><U53/><E74/><V68/><F127/><W104/><G72/><T130/><D69/><U65/><E65/><V121/><F121/><W100/><G1/><N who="0" m="619" /><D42/><U16/><E126/><V123/><F123/><W106/><G4/><T22/><D12/><U50/><E108/><V18/><F113/><W77/><G77/><T5/><D5/><U107/><E50/><V134/><F134/><W118/><G135/><T17/><D83/><U56/><E56/><V79/><F79/><W87/><G28/><T94/><D94/><U58/><E58/><V86/><F86/><W6/><G6/><T120/><D120/><U10/><E7/><V125/><F125/><W98/><G51/><T47/><D47/><U132/><E132/><V64/><F97/><W92/><G21/><T43/><D43/><U62/><E62/><V30/><F13/><W85/><G70/><T110/><D110/><U80/><E80/><V34/><REACH who="2" step="1"/><F38/><REACH who="2" ten="224,240,240,286" step="2"/><W37/><G37/><T44/><D119/><U103/><E112/><V114/><F114/><W32/><G118/><T33/><D117/><U90/><E115/><V67/><F67/><W116/><G116/><T66/><D66/><U19/><E26/><V3/><F3/><W60/><G87/><T99/><D99/><U109/><E109/><V15/><F15/><W73/><G98/><T122/><D122/><U11/><E103/><V49/><F49/><W8/><G100/><T84/><D84/><N who="1" m="52647" /><E90/><V88/><F88/><W102/><G91/><T71/><D75/><U46/><E46/><AGARI ba="0,1" hai="14,18,23,27,30,34,40,41,46,48,52,61,64,68" machi="46" ten="30,3900,0" yaku="1,1,7,1,54,1,53,0" doraHai="101" doraHaiUra="93" who="2" fromWho="1" sc="224,0,240,-39,240,49,286,0" /><INIT seed="2,0,0,0,4,107" ten="224,201,289,286" oya="2" hai0="104,35,10,41,125,101,55,92,89,22,78,33,70" hai1="98,32,12,34,97,5,9,31,28,111,103,99,42" hai2="3,105,49,109,23,57,25,91,20,128,38,112,113" hai3="1,26,72,56,61,27,121,110,123,2,43,48,115"/><V60/><F3/><W90/><G115/><T83/><D70/><U53/><E111/><V62/><F38/><W120/><G110/><T64/><D125/><U51/><E42/><V84/><F109/><W74/><G43/><T18/><D64/><U76/><E76/><V54/><F105/><W134/><G48/><T29/><D41/><U79/><E79/><V4/><F4/><W129/><G90/><T133/><D133/><U15/><E103/><V45/><F128/><W135/><G56/><T71/><D71/><U82/><E82/><N who="2" m="49559" /><F113/><W126/><G61/><N who="2" m="23657" /><F112/><W68/><G68/><T21/><D101/><U44/><REACH who="1" step="1"/><E12/><REACH who="1" ten="224,191,289,286" step="2"/><V65/><F25/><N who="3" m="9227" /><G126/><T108/><D108/><U75/><E75/><N who="3" m="28714" /><G129/><T59/><D104/><U86/><E86/><V11/><F11/><W30/><G30/><AGARI ba="0,1" hai="5,9,15,28,30,31,32,34,44,51,53,97,98,99" machi="30" ten="40,1300,0" yaku="1,1,53,0" doraHai="107" doraHaiUra="63" who="1" fromWho="3" sc="224,0,191,23,289,0,286,-13" /><INIT seed="3,0,0,3,4,126" ten="224,214,289,273" oya="3" hai0="4,55,114,95,22,8,10,35,111,49,105,6,63" hai1="40,93,87,42,43,67,121,133,120,20,102,2,9" hai2="27,134,33,88,14,66,24,34,64,13,51,46,62" hai3="73,29,58,108,109,61,16,125,56,45,110,99,69"/><W85/><G73/><T113/><D105/><U25/><E133/><V37/><F37/><W128/><G128/><T39/><D39/><U80/><E67/><V17/><F134/><W86/><G125/><T123/><D35/><U71/><E71/><V19/><F62/><W82/><G29/><T119/><D119/><U78/><E2/><V132/><F132/><W129/><G129/><T124/><D124/><U74/><E9/><V21/><F88/><N who="3" m="51255" /><G45/><T103/><D123/><U100/><E102/><V3/><F51/><W96/><G86/><T72/><D72/><U77/><E78/><V1/><F46/><W81/><G81/><T91/><D111/><U23/><E20/><AGARI ba="0,0" hai="1,3,13,14,17,19,20,21,24,27,33,34,64,66" machi="20" ten="25,1600,0" yaku="22,2" doraHai="126" who="2" fromWho="1" sc="224,0,214,-16,289,16,273,0" owari="224,-18.0,198,-30.0,305,41.0,273,7.0" /></mjloggm>