<mjloggm ver="2.3"><GO type="41" lobby="0"/><UN n0="%E3%81%8C%E3%82%8A%E3%81%8C%E3%82%8A%E2%98%86%E3%82%AC%E3%83%AA%E3%83%BC" n1="%E5%B0%B1%E6%B4%BB%E7%94%9F%40%E5%B7%9D%E6%9D%91%E8%BB%8D%E5%9B%A3" n2="%73%6F%75%64%61%72%6F%3F" n3="%E3%81%AF%E3%81%90%E3%82%8C%E3%83%9F%E3%83%B3%E3%83%88" dan="14,15,14,14" rate="2003.58,2038.21,1900.09,1954.28" sx="M,M,M,M"/><TAIKYOKU oya="0"/><INIT seed="0,0,0,1,3,99" ten="250,250,250,250" oya="0" hai0="69,55,21,39,114,19,84,89,3,116,100,24,92" hai1="132,45,121,22,120,32,6,25,102,105,51,58,82" hai2="113,71,37,30,90,128,112,134,68,126,74,123,127" hai3="34,103,98,17,111,20,109,76,31,77,59,106,110"/><T78/><D114/><U75/><E32/><V91/><F30/><W108/><N who="3" m="28160" /><DORA hai="8" /><W12/><REACH who="3" step="1"/><G59/><REACH who="3" ten="250,250,250,240" step="2"/><T64/><D69/><U56/><E58/><V1/><F71/><W27/><AGARI ba="0,1" hai="12,17,20,27,31,34,76,77,98,103,106" m="28160" machi="27" ten="60,16000,3" yaku="1,1,2,1,0,1,14,1,52,2,53,2" doraHai="99,8" doraHaiUra="101,18" who="3" fromWho="3" sc="250,-80,250,-40,250,-40,240,170" /><INIT seed="1,0,0,5,4,117" ten="170,210,210,410" oya="1" hai0="15,26,106,129,10,118,113,39,125,108,21,13,135" hai1="36,0,71,24,4,49,45,17,101,9,80,51,107" hai2="19,116,67,54,127,87,55,103,112,38,95,124,29" hai3="99,56,73,82,44,104,114,86,72,22,63,131,92"/><U18/><E71/><V43/><F116/><W133/><G114/><T20/><D39/><U33/><E36/><V32/><F112/><W28/><G131/><T25/><D106/><U6/><E51/><V62/><F19/><W126/><G126/><T65/><D65/><U115/><E115/><V8/><F8/><W50/><G133/><T120/><D113/><U134/><E134/><V89/><F103/><W7/><G7/><N who="0" m="3295" /><D135/><U100/><E6/><V123/><F32/><W59/><G104/><T46/><D46/><U66/><E66/><V68/><F29/><W77/><G28/><N who="0" m="17447" /><D118/><U93/><E107/><V41/><F38/><W31/><G31/><N who="0" m="17871" /><D129/><U83/><E33/><V42/><F55/><W47/><G22/><T105/><D105/><U53/><E24/><V111/><F54/><N who="3" m="31831" /><G73/><T132/><D125/><N who="2" m="48202" /><F111/><W102/><G72/><T57/><D57/><U88/><E101/><V60/><F60/><W122/><G122/><AGARI ba="0,0" hai="41,42,43,62,67,68,87,89,95,122,123" m="48202" machi="122" ten="30,3900,0" yaku="18,1,52,2" doraHai="117" who="2" fromWho="3" sc="170,0,210,0,210,39,410,-39" /><INIT seed="2,0,0,4,1,55" ten="170,210,249,371" oya="2" hai0="78,41,13,32,135,59,15,33,122,60,49,4,106" hai1="104,90,111,52,26,114,20,116,38,74,126,115,105" hai2="27,71,44,102,119,110,39,131,57,79,89,36,84" hai3="101,48,82,120,77,65,22,68,9,63,107,12,16"/><V5/><F119/><W73/><G120/><T109/><D106/><U76/><E116/><V24/><F71/><W45/><G107/><T94/><D122/><U113/><E38/><V121/><F121/><W95/><G101/><T19/><D109/><U0/><E0/><V37/><F5/><W88/><G9/><T118/><D118/><U86/><E111/><V6/><F6/><W50/><REACH who="3" step="1"/><G45/><REACH who="3" ten="170,210,249,361" step="2"/><T66/><D135/><U99/><E105/><V61/><F110/><W21/><G21/><T81/><D33/><U14/><E20/><V96/><F44/><W35/><G35/><T80/><D32/><U123/><E104/><V67/><F131/><W8/><G8/><T112/><D112/><U128/><E123/><V25/><F102/><W134/><G134/><T72/><D4/><U28/><E128/><V58/><F96/><AGARI ba="0,1" hai="12,16,22,48,50,63,65,68,73,77,82,88,95,96" machi="96" ten="30,12000,2" yaku="1,1,7,1,54,2,53,2" doraHai="55" doraHaiUra="47" who="3" fromWho="2" sc="170,0,210,0,249,-120,361,130" /><INIT seed="3,0,0,2,5,0" ten="170,210,129,491" oya="3" hai0="36,23,90,134,86,33,72,114,40,32,126,10,5" hai1="135,129,133,116,97,101,89,53,4,22,123,92,73" hai2="58,68,88,132,38,50,65,104,117,20,44,96,17" hai3="12,76,21,103,51,35,78,63,110,70,11,95,47"/><W93/><G110/><T94/><D72/><U128/><E73/><V54/><F117/><W62/><G35/><T14/><D134/><N who="1" m="51211" /><E116/><V13/><F132/><W121/><G21/><T41/><D126/><U57/><E123/><V82/><F104/><W37/><G37/><T130/><D130/><N who="1" m="50283" /><E22/><V91/><F96/><N who="3" m="59791" /><G70/><T16/><D114/><U112/><E112/><V127/><F127/><W66/><G95/><T39/><D39/><U83/><E4/><V2/><F2/><W26/><G26/><T46/><REACH who="0" step="1"/><D40/><REACH who="0" ten="160,210,129,491" step="2"/><U27/><E27/><AGARI ba="0,1" hai="5,10,14,16,23,27,32,33,36,41,46,86,90,94" machi="27" ten="30,8000,1" yaku="1,1,2,1,7,1,52,1,54,1,53,0" doraHai="0" doraHaiUra="115" who="0" fromWho="1" sc="160,90,210,-80,129,0,491,0" /><INIT seed="4,0,0,3,1,85" ten="250,130,129,491" oya="0" hai0="132,45,19,107,59,71,61,93,51,87,70,121,102" hai1="9,37,41,21,117,91,79,33,108,36,43,44,66" hai2="118,103,49,73,1,53,22,131,24,101,3,109,96" hai3="31,60,89,124,135,115,72,98,16,30,40,84,114"/><T7/><D121/><U127/><E33/><V25/><F109/><W80/><G135/><T82/><D107/><U120/><E120/><V67/><F73/><W8/><G124/><T106/><D106/><U64/><E108/><V123/><F123/><W69/><G40/><T63/><D7/><U18/><E127/><V20/><F67/><N who="3" m="41191" /><G98/><T133/><D19/><U28/><E79/><V10/><F118/><W27/><G72/><T55/><D63/><U100/><E100/><V11/><F131/><W122/><G122/><T26/><D26/><U76/><E76/><V15/><F49/><W13/><G27/><T83/><D102/><U99/><E28/><V52/><F96/><W74/><G74/><T56/><D93/><U125/><E9/><V6/><F15/><W112/><AGARI ba="0,0" hai="8,13,16,30,31,80,84,89,112,114,115" m="41191" machi="112" ten="30,4000,0" yaku="15,1,52,1,54,1" doraHai="85" who="3" fromWho="3" sc="250,-20,130,-10,129,-10,491,40" /><INIT seed="5,0,0,1,1,65" ten="230,120,119,531" oya="1" hai0="118,40,103,84,57,23,96,66,133,104,4,44,24" hai1="99,78,108,58,83,107,43,68,117,106,102,64,8" hai2="134,33,9,29,92,73,126,25,135,20,1,80,51" hai3="32,105,22,53,95,94,101,56,109,35,13,7,27"/><U123/><E117/><V5/><F92/><W110/><G105/><T14/><D118/><U131/><E123/><V122/><F51/><W76/><G76/><T61/><D133/><N who="2" m="50698" /><F80/><W119/><G119/><T120/><D120/><U67/><E131/><V41/><F41/><W98/><G95/><T130/><D130/><U75/><E108/><V127/><F73/><W100/><G101/><T34/><D34/><U0/><E58/><V111/><F122/><W3/><G3/><T72/><D72/><U88/><E106/><V87/><F87/><W59/><G59/><T82/><D14/><U10/><E10/><V63/><F63/><W12/><G12/><T79/><D4/><N who="1" m="1031" /><E88/><V15/><F111/><W69/><G69/><T113/><D113/><U129/><E129/><V125/><F1/><W116/><G116/><T17/><D44/><U114/><E114/><V6/><F6/><W46/><G46/><T115/><D40/><U2/><E2/><V90/><F90/><W39/><G39/><T112/><AGARI ba="0,0" hai="17,23,24,57,61,66,79,82,84,96,103,104,112,115" machi="112" ten="30,1100,0" yaku="0,1" doraHai="65" who="0" fromWho="0" sc="230,11,120,-5,119,-3,531,-3" /><INIT seed="6,0,0,1,1,101" ten="241,115,116,528" oya="2" hai0="37,75,42,70,114,80,58,29,120,3,86,65,71" hai1="11,23,76,18,103,129,111,20,28,119,52,125,68" hai2="48,97,47,17,31,57,8,50,73,84,78,127,116" hai3="122,82,9,85,45,4,43,88,135,110,124,115,62"/><V121/><F116/><W36/><G122/><T95/><D3/><U10/><E68/><V13/><F121/><W53/><G110/><T19/><D29/><U118/><E111/><V74/><F127/><W16/><G124/><T21/><D75/><U83/><E125/><V14/><F31/><W112/><G135/><T2/><D2/><U32/><E32/><V60/><F97/><W104/><G104/><T34/><D34/><U108/><E108/><V41/><F50/><W27/><G62/><T72/><D72/><U40/><E40/><V131/><F131/><W12/><G53/><T126/><D95/><U61/><E129/><V54/><F78/><W59/><G59/><T98/><D98/><U44/><E103/><V87/><F74/><W128/><G128/><T92/><D92/><U102/><E102/><V99/><F73/><W69/><G69/><T63/><D114/><N who="3" m="43561" /><G27/><T30/><D30/><U35/><E61/><V89/><F14/><W132/><G132/><T1/><D1/><U81/><E44/><V6/><F6/><AGARI ba="0,0" hai="4,6,9,12,16,36,43,45,82,85,88" m="43561" machi="6" ten="30,7700,0" yaku="15,1,11,1,54,2" doraHai="101" who="3" fromWho="2" sc="241,0,115,0,116,-77,528,77" /><INIT seed="7,0,0,1,5,21" ten="241,115,39,605" oya="3" hai0="5,133,4,14,3,118,69,53,124,23,110,100,18" hai1="108,76,49,58,10,64,96,79,67,35,28,47,52" hai2="99,81,1,15,2,20,97,29,31,68,32,22,86" hai3="30,106,125,25,62,9,113,17,85,88,13,41,26"/><W39/><G106/><T107/><D69/><U91/><E108/><V34/><F68/><W63/><G113/><T37/><D37/><U11/><E35/><V109/><F109/><W74/><G74/><T27/><D53/><U66/><E28/><V50/><F50/><W116/><G116/><T72/><D72/><U70/><E70/><V40/><F40/><W48/><G125/><T71/><D14/><U45/><E91/><V111/><F111/><W115/><G115/><T80/><D80/><U117/><E96/><V119/><F119/><W38/><G38/><T44/><D18/><U105/><E105/><V104/><F104/><W135/><G135/><T90/><D90/><U61/><E47/><V120/><F120/><W16/><G39/><T89/><D44/><U126/><E126/><V57/><F57/><W51/><G17/><T12/><D71/><U130/><E130/><V102/><F102/><W56/><G30/><T122/><D100/><U8/><E117/><V94/><F94/><N who="3" m="54543" /><G63/><T95/><D107/><U54/><AGARI ba="0,0" hai="8,10,11,45,49,52,54,58,61,64,66,67,76,79" machi="54" ten="30,4000,0" yaku="0,1,8,1,54,1" doraHai="21" who="1" fromWho="1" sc="241,-10,115,40,39,-10,605,-20" owari="231,3.0,155,-24.0,29,-47.0,585,68.0" /></mjloggm>