<mjloggm ver="2.3"><GO type="169" lobby="0"/><UN n0="%E3%83%A1%E3%82%AD%E3%83%AD%E3%82%B9" n1="%E7%AA%93%E4%BB%98%E3%81%8D%2E" n2="%E3%82%A6%E3%83%AB%E3%83%88%E3%83%A9%E7%AB%8B%E7%9B%B4" n3="%E3%82%82%E3%81%97%E3%83%A9%E3%82%B9%E3%81%A7" dan="16,16,18,16" rate="2142.36,2018.58,2211.89,2116.25" sx="M,F,M,M"/><TAIKYOKU oya="0"/><INIT seed="0,0,0,2,4,95" ten="250,250,250,250" oya="0" hai0="109,78,29,3,5,83,85,80,65,67,90,64,126" hai1="99,75,86,49,66,107,129,4,92,94,110,62,61" hai2="46,13,16,17,79,70,31,119,102,57,132,69,108" hai3="103,47,135,54,84,128,15,35,59,51,52,122,14"/><T93/><D126/><U91/><E110/><V73/><F108/><W37/><G35/><T121/><D109/><U56/><E129/><V39/><F132/><W55/><G128/><T82/><D121/><U11/><E75/><V133/><F133/><W130/><G135/><T123/><D123/><U116/><E116/><V124/><F124/><W44/><G130/><T9/><REACH who="0" step="1"/><D29/><REACH who="0" ten="240,250,250,250" step="2"/><U38/><E38/><V111/><F31/><W36/><G122/><T97/><AGARI ba="0,1" hai="3,5,9,64,65,67,78,80,82,83,85,90,93,97" machi="97" ten="30,11700,0" yaku="1,1,2,1,0,1,52,1,53,0" doraHai="95" doraHaiUra="127" who="0" fromWho="0" sc="240,127,250,-39,250,-39,250,-39" /><INIT seed="0,1,0,5,5,93" ten="367,211,211,211" oya="0" hai0="101,107,133,135,80,86,0,132,104,35,116,130,68" hai1="122,44,84,89,47,41,43,9,100,90,26,70,48" hai2="22,64,109,12,50,117,24,79,128,74,96,88,120" hai3="112,20,6,29,76,55,34,131,13,40,32,2,57"/><T82/><D35/><U11/><E122/><V5/><F120/><W71/><G71/><T78/><D68/><U61/><E100/><V14/><F109/><W45/><G112/><T72/><D0/><U69/><E26/><V73/><F128/><W62/><G2/><T37/><D37/><U23/><E23/><V54/><F117/><W65/><G131/><T108/><D130/><U19/><E19/><V59/><F64/><W114/><G76/><N who="0" m="44039" /><D108/><U83/><E90/><V126/><F126/><W87/><G114/><T92/><D116/><U75/><E75/><V30/><F74/><W121/><G121/><T102/><D101/><U77/><E77/><V56/><F79/><W49/><G87/><T17/><D17/><U33/><E33/><V81/><F73/><W46/><G29/><T67/><D67/><U51/><E70/><V94/><F81/><W91/><G20/><T98/><AGARI ba="1,0" hai="78,82,86,92,98,102,104,107,132,133,135" m="44039" machi="98" ten="40,12000,1" yaku="20,1,34,2,52,1" doraHai="93" who="0" fromWho="0" sc="367,123,211,-41,211,-41,211,-41" /><INIT seed="0,2,0,5,0,17" ten="490,170,170,170" oya="0" hai0="126,2,27,53,123,49,30,91,12,41,28,78,32" hai1="73,34,1,119,69,93,45,61,134,88,46,89,87" hai2="116,33,31,40,4,66,128,135,9,127,10,79,77" hai3="133,75,54,0,18,95,8,74,112,106,84,25,39"/><T68/><D2/><U19/><E119/><V35/><F66/><W92/><G106/><T104/><D68/><U38/><E73/><V114/><F40/><W62/><G39/><T55/><D41/><U131/><E131/><V125/><F79/><W113/><G133/><T3/><D3/><U57/><E1/><V94/><F94/><W83/><G75/><T102/><D78/><U82/><E34/><N who="2" m="12811" /><F77/><W70/><G74/><T72/><D72/><U50/><E69/><V52/><F52/><W76/><G112/><T121/><D30/><U22/><E134/><V43/><F43/><W80/><G80/><T111/><D102/><U60/><E38/><V59/><F59/><W81/><G81/><T51/><D104/><U129/><E129/><V48/><F48/><W21/><G113/><T100/><D51/><U16/><E50/><V124/><F128/><W108/><G54/><T98/><D91/><U42/><E42/><V15/><F135/><W85/><G85/><T5/><D49/><U56/><E56/><V63/><F63/><N who="1" m="24137" /><E57/><V6/><F114/><W64/><G92/><T115/><D115/><U101/><E101/><V47/><F47/><N who="1" m="17929" /><E22/><V90/><F90/><W117/><G95/><T58/><D32/><U97/><AGARI ba="2,0" hai="16,19,82,87,88,89,93,97" m="17929,24137" machi="97" ten="30,4000,0" yaku="8,1,54,2" doraHai="17" who="1" fromWho="1" sc="490,-22,170,46,170,-12,170,-12" /><INIT seed="1,0,0,2,3,78" ten="468,216,158,158" oya="1" hai0="94,99,89,50,84,35,92,46,75,129,134,66,58" hai1="111,72,105,77,33,130,59,41,7,22,93,13,54" hai2="132,109,51,24,68,114,107,1,60,81,86,49,108" hai3="101,65,5,119,2,83,106,125,104,115,67,15,42"/><U87/><E33/><V128/><F1/><W25/><G2/><T19/><D75/><U61/><E105/><V8/><F107/><W28/><G115/><T40/><D35/><U73/><E130/><V57/><F68/><W91/><G119/><T56/><D129/><U37/><E111/><N who="2" m="42571" /><F132/><W20/><G125/><T39/><D134/><U74/><E37/><V64/><F128/><W21/><G42/><T103/><D66/><U0/><E41/><V31/><F8/><W116/><G116/><T45/><D19/><U131/><E0/><V4/><F4/><W43/><G43/><AGARI ba="0,0" hai="39,40,43,45,46,50,56,58,84,89,92,94,99,103" machi="43" ten="30,1000,0" yaku="7,1" doraHai="78" who="0" fromWho="3" sc="468,10,216,0,158,0,158,-10" /><INIT seed="2,0,0,3,5,127" ten="478,216,158,148" oya="2" hai0="64,125,98,79,96,65,2,67,108,6,9,23,73" hai1="38,81,11,132,28,110,60,134,124,20,31,112,106" hai2="15,99,107,82,22,114,118,105,49,17,54,59,131" hai3="33,53,29,34,109,55,47,101,72,104,122,19,45"/><V97/><F118/><W25/><G122/><T8/><D125/><U83/><E124/><V4/><F114/><W71/><G72/><T135/><D73/><U80/><E112/><V39/><F39/><W130/><G71/><T12/><D23/><U66/><E106/><V95/><F82/><W14/><G34/><T44/><D79/><U116/><E116/><V10/><F99/><W85/><G104/><T94/><D44/><U18/><E38/><V27/><REACH who="2" step="1"/><F131/><REACH who="2" ten="478,216,148,148" step="2"/><W78/><G130/><T58/><D96/><U13/><E80/><V48/><F48/><W43/><G78/><T40/><D98/><U74/><E81/><V93/><F93/><W86/><G101/><AGARI ba="0,1" hai="4,10,15,17,22,27,49,54,59,95,97,101,105,107" machi="101" ten="30,5800,0" yaku="1,1,7,1,53,1" doraHai="127" doraHaiUra="90" who="2" fromWho="3" sc="478,0,216,0,148,68,148,-58" /><INIT seed="2,1,0,5,0,20" ten="478,216,216,90" oya="2" hai0="81,14,45,125,41,114,68,28,24,88,30,57,42" hai1="86,79,104,80,100,115,105,135,58,106,111,92,31" hai2="65,74,8,112,67,21,56,116,23,38,22,15,62" hai3="0,117,51,35,40,32,27,89,118,83,97,101,107"/><V127/><F116/><W7/><G35/><T119/><D68/><U99/><E31/><V64/><F74/><W29/><G7/><T19/><D119/><U43/><E43/><V33/><F112/><W59/><G0/><T52/><D114/><U75/><E115/><V3/><F127/><W82/><G82/><T122/><D122/><U71/><E71/><V39/><F33/><W54/><REACH who="3" step="1"/><G40/><REACH who="3" ten="478,216,216,80" step="2"/><T98/><D81/><N who="1" m="45311" /><E135/><V72/><F3/><W1/><G1/><T131/><D42/><U53/><E111/><V25/><F72/><W129/><G129/><T13/><D41/><U128/><E128/><V102/><F39/><W16/><G16/><T12/><D19/><U34/><E34/><V109/><F38/><W113/><G113/><T9/><D131/><U108/><E108/><V2/><F2/><W76/><G76/><T49/><D125/><U121/><E121/><V46/><F109/><W36/><G36/><T110/><D110/><U47/><E80/><V95/><F46/><W5/><G5/><T26/><D45/><U37/><E47/><V93/><F25/><N who="0" m="9834" /><D9/><U85/><E37/><V70/><F70/><W94/><G94/><AGARI ba="1,1" hai="12,13,14,28,30,49,52,57,88,94,98" m="9834" machi="94" ten="30,12000,2" yaku="8,1,52,3,54,2" doraHai="20" who="0" fromWho="3" sc="478,133,216,0,216,0,80,-123" owari="611,70.0,216,2.0,216,-18.0,-43,-54.0" /></mjloggm>