<mjloggm ver="2.3"><GO type="41" lobby="0"/><UN n0="%E4%B8%80%E9%96%83%E3%81%95%E3%82%93" n1="%E5%B0%B1%E6%B4%BB%E7%94%9F%40%E5%B7%9D%E6%9D%91%E8%BB%8D%E5%9B%A3" n2="%E3%83%9D%E3%83%AA%E3%83%88%E3%82%AB" n3="%43%6C%69%6F" dan="17,14,15,15" rate="2144.93,1956.71,2040.65,1955.38" sx="M,M,F,M"/><TAIKYOKU oya="0"/><INIT seed="0,0,0,4,1,28" ten="250,250,250,250" oya="0" hai0="10,12,93,38,96,19,125,11,105,65,134,36,39" hai1="3,15,35,47,18,14,77,83,50,7,1,104,34" hai2="106,32,52,8,135,26,109,78,9,76,120,48,97" hai3="110,63,70,90,71,127,37,55,99,13,98,17,79"/><T95/><D125/><U131/><E104/><V130/><F120/><W42/><G127/><T85/><D134/><U74/><E131/><V81/><F135/><W114/><G114/><T59/><D85/><U16/><E7/><V80/><F130/><W62/><G79/><T40/><D40/><U113/><E113/><V6/><F109/><W126/><G110/><T122/><D122/><U108/><E108/><V111/><F111/><W43/><G126/><T103/><REACH who="0" step="1"/><D11/><REACH who="0" ten="240,250,250,250" step="2"/><U73/><E73/><V23/><F9/><W84/><G43/><T24/><D24/><U112/><E112/><V20/><F97/><W45/><G98/><T91/><D91/><U31/><E74/><V57/><F106/><W54/><G99/><T33/><D33/><U0/><E77/><N who="2" m="29803" /><F32/><W86/><G90/><T29/><D29/><U119/><E31/><N who="2" m="17863" /><F23/><W116/><G86/><T118/><D118/><U107/><E119/><V133/><F133/><W94/><G84/><T22/><D22/><U72/><E107/><V101/><F101/><W88/><G88/><T25/><D25/><U67/><E72/><V102/><F102/><W121/><G116/><T21/><D21/><U66/><E35/><V64/><F8/><W69/><G121/><T60/><AGARI ba="0,1" hai="10,12,19,36,38,39,59,60,65,93,95,96,103,105" machi="60" ten="40,3900,0" yaku="1,1,0,1,53,0" doraHai="28" doraHaiUra="129" who="0" fromWho="0" sc="240,49,250,-13,250,-13,250,-13" /><INIT seed="0,1,0,0,0,55" ten="289,237,237,237" oya="0" hai0="51,20,97,71,101,103,111,123,93,125,15,18,96" hai1="54,47,68,3,122,52,79,62,88,87,0,17,9" hai2="42,34,64,134,23,72,118,29,91,95,116,86,133" hai3="109,30,60,124,45,56,78,102,46,76,19,57,127"/><T53/><D123/><U126/><E122/><V112/><F72/><W115/><G115/><T77/><D71/><U36/><E79/><N who="3" m="30250" /><G19/><T98/><D125/><N who="3" m="48201" /><G30/><T92/><D111/><U108/><E108/><V120/><F120/><W117/><G109/><T59/><D77/><U75/><E75/><V50/><F34/><W63/><G102/><AGARI ba="1,0" hai="15,18,20,51,53,59,92,93,96,97,98,101,102,103" machi="102" ten="40,3900,0" yaku="8,1,52,1" doraHai="55" who="0" fromWho="3" sc="289,42,237,0,237,0,237,-42" /><INIT seed="0,2,0,4,5,92" ten="331,237,237,195" oya="0" hai0="121,130,37,12,71,104,34,107,26,3,119,24,88" hai1="97,44,42,111,59,131,16,9,23,77,64,67,118" hai2="122,81,106,56,90,100,22,46,124,98,83,50,0" hai3="53,7,117,28,94,32,75,2,35,93,134,86,17"/><T74/><RYUUKYOKU type="yao9" ba="2,0" sc="331,0,237,0,237,0,195,0" hai0="3,12,24,26,34,37,71,74,88,104,107,119,121,130" /><INIT seed="0,3,0,1,5,85" ten="331,237,237,195" oya="0" hai0="22,116,14,122,96,118,81,55,1,41,127,13,67" hai1="111,134,95,8,92,31,11,113,68,97,12,112,107" hai2="56,106,108,2,27,16,80,59,125,20,123,30,101" hai3="57,47,76,50,110,15,18,29,135,0,91,102,75"/><T121/><D1/><U89/><E68/><V17/><F123/><W23/><G0/><T109/><D41/><U42/><E107/><V19/><F108/><W79/><G110/><T93/><D109/><U70/><E70/><V35/><F125/><W86/><G135/><T58/><D67/><U48/><E111/><V103/><F2/><W40/><G102/><N who="2" m="38921" /><F106/><W44/><G75/><T115/><D81/><U131/><E134/><V7/><F35/><W52/><G29/><T37/><D37/><U53/><E131/><V4/><F80/><W62/><REACH who="3" step="1"/><G44/><REACH who="3" ten="331,237,237,185" step="2"/><T6/><D121/><U3/><E31/><V104/><F104/><W72/><G72/><T64/><D122/><U105/><E3/><V88/><F30/><W124/><G124/><T100/><D127/><U132/><E132/><V69/><F69/><W36/><G36/><T49/><D116/><U54/><E112/><V26/><F59/><W63/><G63/><T25/><D118/><U65/><E113/><V5/><F56/><W24/><G24/><N who="2" m="9257" /><F20/><W90/><G90/><AGARI ba="3,1" hai="4,5,7,16,17,19,88,90" m="9257,38921" machi="90" ten="40,12000,2" yaku="28,2,8,1,52,2,54,2" doraHai="85" who="2" fromWho="3" sc="331,0,237,0,237,139,185,-129" /><INIT seed="1,0,0,3,0,135" ten="331,237,376,56" oya="1" hai0="130,63,42,29,30,8,112,103,97,134,94,13,79" hai1="46,23,117,58,14,25,1,9,38,57,34,17,125" hai2="33,48,115,7,124,20,65,98,101,32,50,126,76" hai3="60,71,88,123,54,127,78,128,95,81,35,56,100"/><U91/><E117/><V24/><F115/><W116/><G123/><T113/><D134/><U45/><E38/><V3/><F76/><W85/><G35/><T64/><D130/><U51/><E45/><V27/><F65/><W62/><G128/><T31/><D42/><U15/><E125/><N who="2" m="48235" /><F7/><W80/><G127/><T92/><D79/><U119/><E119/><V67/><F67/><W77/><G116/><T59/><REACH who="0" step="1"/><D92/><REACH who="0" ten="321,237,376,56" step="2"/><U83/><E1/><V86/><F3/><W69/><G69/><T74/><D74/><U122/><E122/><V102/><F86/><W87/><G71/><T72/><D72/><U52/><E34/><N who="2" m="13419" /><F27/><W12/><G12/><T120/><D120/><U5/><E15/><V89/><F89/><W0/><G0/><T43/><D43/><U53/><E53/><V84/><F84/><AGARI ba="0,1" hai="5,9,14,17,23,25,46,51,52,57,58,83,84,91" machi="84" ten="40,3900,0" yaku="8,1,54,1" doraHai="135" who="1" fromWho="2" sc="321,0,237,49,376,-39,56,0" /><INIT seed="1,1,0,5,4,10" ten="321,286,337,56" oya="1" hai0="30,71,19,26,33,31,127,73,93,41,35,70,47" hai1="49,6,120,124,0,51,56,18,92,119,69,46,115" hai2="38,96,44,67,85,101,108,121,128,7,112,126,98" hai3="60,9,86,89,25,107,17,117,111,37,97,3,63"/><U135/><E69/><V66/><F121/><W77/><G37/><T61/><D73/><U76/><E119/><V58/><F108/><W16/><G111/><T75/><D75/><U118/><E118/><V43/><F126/><W53/><G117/><T82/><D127/><U12/><E120/><V110/><F110/><W21/><G77/><T23/><D82/><U64/><E115/><V114/><F128/><W29/><G107/><T59/><D93/><U42/><E124/><V99/><F101/><W48/><G97/><T74/><D74/><U45/><E135/><V39/><F39/><W4/><G29/><T72/><D72/><U22/><E76/><V123/><F123/><W55/><G17/><T90/><D90/><U40/><E92/><V32/><F32/><W20/><G20/><T129/><D31/><U57/><REACH who="1" step="1"/><E64/><REACH who="1" ten="321,276,337,56" step="2"/><V14/><F67/><W88/><G55/><T78/><D78/><U131/><E131/><V125/><F125/><W15/><G3/><T113/><D113/><U50/><E50/><V109/><F109/><W87/><G89/><T106/><D129/><U8/><AGARI ba="1,1" hai="0,6,8,12,18,22,40,42,45,46,49,51,56,57" machi="8" ten="30,11700,0" yaku="1,1,0,1,9,1,52,1,53,0" doraHai="10" doraHaiUra="133" who="1" fromWho="1" sc="321,-40,276,130,337,-40,56,-40" /><INIT seed="1,2,0,4,2,128" ten="281,406,297,16" oya="1" hai0="72,26,122,105,76,90,40,80,6,79,62,48,125" hai1="17,30,82,110,15,96,68,14,2,52,134,131,47" hai2="112,39,53,44,78,49,27,121,42,16,94,77,97" hai3="32,7,114,3,86,36,106,54,71,24,81,60,20"/><U109/><E68/><V91/><F121/><W57/><G36/><T135/><D105/><U45/><E2/><V130/><F130/><W124/><G106/><T28/><D125/><U13/><E131/><V85/><F112/><W4/><G114/><T108/><D108/><N who="1" m="41579" /><E134/><V5/><F5/><W61/><G124/><T69/><D122/><U123/><E123/><V74/><F74/><W43/><G32/><T127/><D127/><U119/><E119/><V63/><F85/><W102/><G3/><T115/><D115/><U126/><E126/><V93/><F93/><W113/><G113/><T12/><D79/><U103/><E30/><V33/><F33/><W70/><G43/><T65/><D90/><U0/><E0/><V51/><F39/><W37/><G102/><T29/><D135/><U25/><E82/><V58/><F51/><W59/><G37/><T118/><D118/><U10/><E25/><V129/><F129/><W101/><G101/><T19/><D6/><U11/><E52/><V73/><F73/><W95/><G95/><T56/><D26/><U120/><E120/><V21/><AGARI ba="2,0" hai="16,21,27,42,44,49,53,58,63,77,78,91,94,97" machi="21" ten="30,8000,1" yaku="0,1,25,2,8,1,54,1" doraHai="128" who="2" fromWho="2" sc="281,-22,406,-42,297,86,16,-22" owari="259,-14.0,364,16.0,383,49.0,-6,-51.0" /></mjloggm>