<mjloggm ver="2.3"><GO type="169" lobby="0"/><UN n0="%E5%8D%9A%E9%BA%97%E3%82%86%E3%81%8B%E3%82%8A" n1="%E5%86%A5%E5%9C%9F%E3%81%AE%E3%83%AF%E3%83%8B%E8%94%B5" n2="%E6%9F%B3%E5%A6%82%E6%98%AF" n3="%E5%B0%B1%E6%B4%BB%E7%94%9F%40%E5%B7%9D%E6%9D%91%E8%BB%8D%E5%9B%A3" dan="16,17,16,16" rate="2176.59,2179.91,2080.69,2080.13" sx="M,M,F,M"/><TAIKYOKU oya="0"/><INIT seed="0,0,0,3,2,12" ten="250,250,250,250" oya="0" hai0="3,1,131,25,122,109,70,99,81,68,62,80,11" hai1="46,129,69,104,118,105,76,59,43,94,9,58,7" hai2="114,89,31,102,130,51,111,77,53,116,72,27,38" hai3="117,4,2,128,98,91,63,41,86,32,90,18,16"/><T78/><D122/><U33/><E118/><V85/><F114/><W45/><G32/><T54/><D131/><U95/><E69/><V29/><F130/><W17/><G128/><T112/><D112/><U67/><E33/><V84/><F38/><W37/><G117/><T120/><D120/><U30/><E30/><V110/><F116/><W28/><G28/><T124/><D124/><U8/><E76/><V66/><F66/><W44/><G44/><T134/><D134/><U48/><E9/><V47/><F102/><W49/><G37/><T101/><D109/><N who="2" m="41482" /><F29/><W132/><G132/><T13/><D25/><U26/><E26/><V75/><F77/><W22/><G63/><T119/><D119/><U52/><E67/><V60/><F60/><W97/><G90/><T82/><D78/><U123/><E123/><V88/><F85/><W73/><G73/><N who="2" m="28233" /><F84/><W61/><G61/><T5/><D70/><U10/><E129/><V115/><F115/><W65/><G65/><T96/><D68/><U21/><E95/><V50/><F50/><W103/><G103/><T113/><D113/><U36/><E94/><V23/><AGARI ba="0,0" hai="23,27,31,47,51,53,88,89" m="28233,41482" machi="23" ten="30,2000,0" yaku="14,1,54,1" doraHai="12" who="2" fromWho="2" sc="250,-10,250,-5,250,20,250,-5" /><INIT seed="1,0,0,4,2,28" ten="240,245,270,245" oya="1" hai0="114,0,116,71,43,63,8,10,49,106,39,19,100" hai1="88,7,101,107,36,82,62,6,89,103,131,105,78" hai2="11,118,46,117,20,85,51,74,64,31,41,128,3" hai3="24,92,124,47,12,21,93,94,25,90,96,75,123"/><U44/><E131/><V26/><F74/><W76/><G123/><T97/><D49/><U37/><E62/><V70/><F128/><W58/><G124/><T17/><D10/><U9/><E7/><V134/><F134/><W38/><G58/><T130/><D130/><U15/><E105/><V133/><F133/><W73/><G73/><T54/><D54/><U126/><E126/><V95/><F70/><W113/><G113/><T109/><D109/><U55/><E55/><V104/><F104/><W79/><G12/><T115/><D19/><U120/><E120/><V121/><F121/><W112/><G112/><T52/><D17/><U1/><E15/><V5/><F64/><W59/><G59/><T91/><D116/><U50/><E37/><V65/><F65/><W132/><G132/><T127/><D127/><U30/><E30/><V81/><F95/><W80/><G76/><AGARI ba="0,0" hai="3,5,11,20,26,31,41,46,51,76,81,85,117,118" machi="76" ten="30,1000,0" yaku="7,1" doraHai="28" who="2" fromWho="3" sc="240,0,245,0,270,10,245,-10" /><INIT seed="2,0,0,4,3,131" ten="240,245,280,235" oya="2" hai0="69,81,67,51,72,61,132,34,52,76,88,47,33" hai1="36,44,46,95,57,42,125,133,54,2,124,17,99" hai2="114,71,108,21,128,49,7,12,18,110,0,25,31" hai3="20,103,6,35,45,38,121,66,86,93,55,111,1"/><V75/><F71/><W50/><G35/><T91/><REACH who="0" step="1"/><D132/><REACH who="0" ten="230,245,280,235" step="2"/><U48/><E133/><V123/><F114/><W135/><G135/><T89/><AGARI ba="0,1" hai="33,34,47,51,52,61,67,69,72,76,81,88,89,91" machi="89" ten="30,12000,2" yaku="21,2,2,1,0,1,54,2,53,1" doraHai="131" doraHaiUra="105" who="0" fromWho="0" sc="230,130,245,-30,280,-60,235,-30" /><INIT seed="3,0,0,3,0,86" ten="360,215,220,205" oya="3" hai0="17,34,105,90,120,2,97,121,64,23,74,72,25" hai1="1,32,78,14,48,28,107,85,132,68,39,95,53" hai2="115,84,57,111,82,135,66,103,46,60,118,76,6" hai3="124,119,0,20,67,26,5,125,73,126,36,77,38"/><W15/><G119/><T92/><D105/><U41/><E107/><V127/><F118/><W133/><G133/><T22/><D2/><U10/><E68/><V89/><F135/><W81/><G67/><T114/><D34/><U55/><E1/><V117/><F115/><W130/><G130/><T61/><D114/><U50/><E132/><V108/><F117/><W31/><REACH who="3" step="1"/><G15/><REACH who="3" ten="360,215,220,195" step="2"/><T94/><D64/><U122/><E14/><V123/><F123/><W79/><G79/><T100/><D120/><U19/><E78/><V12/><F76/><W49/><G49/><T101/><D121/><U87/><E48/><V129/><F129/><W9/><AGARI ba="0,1" hai="0,5,9,20,26,31,36,38,73,77,81,124,125,126" machi="9" ten="40,12000,1" yaku="1,1,0,1,18,1,53,1" doraHai="86" doraHaiUra="4" who="3" fromWho="3" sc="360,-40,215,-40,220,-40,195,130" /><INIT seed="3,1,0,0,0,48" ten="320,175,180,325" oya="3" hai0="106,92,26,127,17,27,111,18,78,94,14,85,130" hai1="46,73,39,64,65,20,25,24,2,10,49,112,57" hai2="86,75,113,95,132,74,54,107,67,15,59,82,83" hai3="87,122,35,11,16,53,108,19,72,100,110,21,88"/><W105/><G35/><T77/><D106/><U62/><E73/><V42/><F113/><W9/><G72/><T76/><D130/><U34/><E112/><V104/><F132/><W103/><G122/><T32/><D111/><N who="3" m="42537" /><G19/><T29/><D127/><U36/><E65/><V45/><F67/><W6/><G105/><T69/><D69/><U128/><E128/><V51/><F74/><W50/><G11/><T97/><D27/><U96/><E34/><V119/><F119/><W129/><G9/><T90/><REACH who="0" step="1"/><D14/><REACH who="0" ten="310,175,180,325" step="2"/><U43/><E25/><V109/><F15/><N who="3" m="9375" /><G6/><T81/><D81/><U37/><E2/><V117/><F109/><W55/><G129/><T3/><D3/><U0/><E0/><V56/><F117/><W31/><G31/><T71/><D71/><U61/><E24/><V58/><F107/><W44/><G55/><T28/><D28/><U84/><E64/><V30/><F104/><W23/><G23/><T63/><D63/><U80/><E61/><V124/><F30/><W99/><G99/><T5/><D5/><U47/><E96/><V123/><F123/><W89/><G89/><AGARI ba="1,1" hai="17,18,26,29,32,76,77,78,85,89,90,92,94,97" machi="89" ten="40,1300,0" yaku="1,1,53,0" doraHai="48" doraHaiUra="135" who="0" fromWho="3" sc="310,26,175,0,180,0,325,-16" /><INIT seed="4,0,0,3,5,113" ten="336,175,180,309" oya="0" hai0="40,16,18,132,134,38,42,51,115,79,37,9,57" hai1="90,52,10,17,70,22,49,125,128,93,129,92,124" hai2="20,44,84,11,80,56,107,47,130,46,39,36,91" hai3="15,63,135,101,103,60,100,81,104,2,50,94,28"/><T35/><D35/><U110/><E70/><V25/><F107/><W5/><G104/><T71/><D79/><U67/><E10/><V99/><F130/><N who="1" m="50281" /><E67/><V76/><F11/><N who="3" m="4591" /><G2/><T34/><D34/><U3/><E3/><V41/><F56/><W87/><G135/><N who="0" m="51755" /><D71/><U133/><E133/><V95/><REACH who="2" step="1"/><F39/><REACH who="2" ten="336,175,170,309" step="2"/><W48/><G63/><T77/><D57/><N who="1" m="32911" /><E110/><V27/><F27/><W78/><G60/><T7/><D38/><U31/><E31/><AGARI ba="0,1" hai="20,25,31,36,41,44,46,47,76,80,84,91,95,99" machi="31" ten="30,2000,0" yaku="1,1,7,1,53,0" doraHai="113" doraHaiUra="32" who="2" fromWho="1" sc="336,0,175,-20,170,30,309,0" /><INIT seed="5,0,0,3,0,135" ten="336,155,200,309" oya="1" hai0="125,14,61,12,130,75,5,79,112,65,98,55,93" hai1="73,43,28,116,66,77,110,63,37,7,124,6,76" hai2="102,17,92,126,96,45,99,72,97,127,2,114,26" hai3="87,38,131,24,44,100,48,1,122,42,41,53,71"/><U94/><E116/><V86/><F2/><W19/><G71/><T104/><D104/><U121/><E121/><V0/><F0/><W74/><G74/><T80/><D130/><U118/><E118/><V9/><F72/><W111/><G111/><T18/><D112/><U119/><E119/><V32/><F114/><W78/><G122/><T83/><D55/><U60/><E110/><V109/><F109/><W70/><G70/><T4/><D80/><U64/><E28/><N who="2" m="19479" /><F45/><W103/><G1/><T22/><D125/><N who="2" m="47626" /><F86/><W120/><G120/><T91/><D14/><AGARI ba="0,0" hai="9,14,17,92,96,97,99,102" m="47626,19479" machi="14" ten="30,7700,0" yaku="18,1,52,3" doraHai="135" who="2" fromWho="0" sc="336,-77,155,0,200,77,309,0" /><INIT seed="6,0,0,3,1,52" ten="259,155,277,309" oya="2" hai0="70,82,55,104,3,57,69,103,108,101,8,99,31" hai1="105,38,25,17,35,34,135,41,26,78,126,117,58" hai2="118,75,60,19,20,24,107,74,45,4,84,61,94" hai3="88,29,76,116,5,134,39,132,80,114,122,120,18"/><V83/><F118/><W63/><G39/><T54/><D54/><U102/><E117/><V67/><F107/><W40/><G116/><T73/><D108/><U27/><E126/><V72/><F4/><W59/><G114/><T95/><D31/><U131/><E131/><V66/><F45/><W93/><G40/><T90/><D103/><U110/><E110/><V43/><F43/><W65/><G29/><T87/><D8/><U127/><E127/><V123/><F123/><W21/><G5/><T48/><D3/><U50/><E78/><AGARI ba="0,0" hai="48,55,57,69,70,73,78,82,87,90,95,99,101,104" machi="78" ten="40,5200,0" yaku="24,2,52,1" doraHai="52" who="0" fromWho="1" sc="259,52,155,-52,277,0,309,0" /><INIT seed="7,0,0,4,4,73" ten="311,103,277,309" oya="3" hai0="77,124,126,74,60,131,54,1,14,99,67,132,31" hai1="96,58,49,4,59,133,45,13,8,127,125,130,37" hai2="129,116,6,56,41,72,134,103,113,32,36,9,3" hai3="83,35,53,64,88,10,101,100,57,118,84,92,119"/><W79/><G35/><T30/><D1/><U65/><E130/><V62/><F129/><W86/><G64/><T120/><D131/><U33/><E33/><V78/><F116/><W69/><G69/><T48/><D132/><U55/><E96/><V5/><F134/><W70/><G70/><N who="0" m="42343" /><D120/><U23/><E133/><V115/><F32/><W117/><REACH who="3" step="1"/><G10/><REACH who="3" ten="311,103,277,299" step="2"/><T26/><D126/><U38/><E125/><V21/><F21/><W11/><G11/><T18/><D124/><U25/><E127/><V109/><F6/><W114/><G114/><T50/><D31/><U46/><E38/><V128/><F128/><W43/><G43/><T12/><D30/><U0/><E37/><V51/><F36/><W40/><G40/><T80/><D54/><U110/><E110/><V102/><F109/><W34/><G34/><T111/><D111/><U105/><E0/><V27/><F115/><W66/><G66/><T24/><D18/><U122/><E122/><V112/><F112/><W68/><G68/><T104/><D50/><AGARI ba="0,1" hai="50,53,57,79,83,84,86,88,92,100,101,117,118,119" machi="50" ten="40,7700,0" yaku="1,1,52,1,54,1,53,0" doraHai="73" doraHaiUra="2" who="3" fromWho="0" sc="311,-77,103,0,277,0,299,87" owari="234,-17.0,103,-40.0,277,8.0,386,49.0" /></mjloggm>