<mjloggm ver="2.3"><GO type="97" lobby="0"/><UN n0="%E2%98%86%E3%82%B7%E3%83%A3%E3%83%81%E3%83%8F%E3%82%B2%CE%B2%E2%98%86" n1="%E3%83%88%E3%83%A0%E3%83%BC" n2="%E3%83%81%E3%83%AD%E3%83%AD%E8%BB%8D%E6%9B%B9" n3="%E5%B0%B1%E6%B4%BB%E7%94%9F%40%E5%B7%9D%E6%9D%91%E8%BB%8D%E5%9B%A3" dan="15,13,15,15" rate="2032.97,1881.20,2043.05,2006.52" sx="M,F,F,M"/><TAIKYOKU oya="0"/><INIT seed="0,0,0,1,1,97" ten="250,250,250,250" oya="0" hai0="98,75,111,66,20,10,92,119,93,80,104,48,79" hai1="100,17,28,64,16,14,39,22,125,110,26,63,73" hai2="44,88,89,42,27,129,122,115,50,135,51,35,19" hai3="34,60,12,109,114,87,72,11,86,61,43,4,65"/><T57/><D119/><U5/><E73/><V8/><F115/><W45/><G72/><T3/><D111/><U84/><E39/><V77/><F122/><W103/><G109/><T59/><D104/><U23/><E110/><V130/><F77/><W1/><G114/><T47/><D93/><U132/><E125/><V108/><F108/><W94/><G34/><T46/><D46/><U83/><E132/><V131/><F135/><W99/><G1/><T118/><D118/><U6/><E28/><N who="2" m="19871" /><F50/><W112/><G112/><T102/><D66/><U68/><REACH who="1" step="1"/><E100/><REACH who="1" ten="250,240,250,250" step="2"/><V69/><F131/><W126/><G126/><T40/><REACH who="0" step="1"/><D20/><REACH who="0" ten="240,240,250,250" step="2"/><U82/><E82/><V54/><F130/><W85/><REACH who="3" step="1"/><G65/><REACH who="3" ten="240,240,250,240" step="2"/><T116/><D116/><U117/><E117/><V106/><F129/><W36/><AGARI ba="0,3" hai="4,11,12,36,43,45,60,61,85,86,87,94,99,103" machi="36" ten="30,7900,0" yaku="1,1,2,1,0,1,52,1,53,0" doraHai="97" doraHaiUra="62" who="3" fromWho="3" sc="240,-39,240,-20,250,-20,240,109" /><INIT seed="1,0,0,2,2,82" ten="201,220,230,349" oya="1" hai0="80,117,103,31,4,45,127,128,36,56,111,105,122" hai1="63,119,71,131,125,11,94,60,20,104,59,124,66" hai2="44,97,19,67,64,34,1,7,24,72,53,28,112" hai3="13,106,65,86,92,61,108,134,17,91,38,35,32"/><U18/><E119/><V70/><F72/><W85/><G38/><T55/><D80/><U132/><E104/><V83/><F112/><W15/><G106/><T77/><D31/><U6/><E132/><V115/><F115/><W95/><G134/><T75/><D4/><U93/><E131/><V98/><F19/><W120/><G120/><T14/><D55/><U29/><E29/><V113/><F113/><W2/><G2/><T74/><D56/><U12/><E124/><V9/><F83/><W42/><G108/><T8/><D45/><U52/><REACH who="1" step="1"/><E125/><REACH who="1" ten="201,210,230,349" step="2"/><V30/><F30/><W88/><G42/><T48/><D105/><U41/><E41/><V22/><F28/><W26/><G35/><T109/><D127/><U43/><E43/><V69/><F34/><W76/><G32/><T79/><D117/><U107/><E107/><V87/><F69/><W102/><G76/><T121/><D128/><U116/><E116/><V81/><F70/><W90/><G102/><T57/><D103/><U40/><E40/><V110/><F110/><W37/><G37/><T89/><D36/><U100/><E100/><V68/><F68/><W0/><G90/><T50/><D89/><U118/><E118/><V23/><F64/><W101/><G101/><T21/><D111/><U58/><E58/><V5/><F67/><W73/><G73/><T129/><D109/><U51/><E51/><V10/><F44/><W126/><G126/><T39/><D129/><U47/><E47/><V3/><F53/><W84/><G91/><T25/><D39/><U123/><E123/><V54/><F54/><RYUUKYOKU ba="0,1" sc="201,-10,210,30,230,-10,349,-10" hai1="6,11,12,18,20,52,59,60,63,66,71,93,94" /><INIT seed="1,1,1,5,2,49" ten="191,240,220,339" oya="1" hai0="16,94,6,132,80,42,83,19,95,77,46,96,37" hai1="130,17,105,103,48,36,26,90,66,106,133,61,68" hai2="31,58,104,60,111,21,129,3,73,59,98,81,100" hai3="24,107,65,135,54,72,15,35,41,127,84,51,101"/><U112/><E112/><V38/><F3/><W33/><G72/><T64/><D132/><U44/><E133/><V29/><F38/><W9/><G41/><T121/><D121/><U76/><E130/><V56/><F111/><W75/><G75/><T123/><D123/><U126/><E126/><V12/><F129/><W45/><G135/><T113/><D113/><U122/><E122/><V20/><F60/><W43/><G65/><T131/><D131/><U10/><E76/><V89/><F73/><W30/><G84/><T1/><D64/><U63/><E63/><V120/><F120/><W4/><G127/><T116/><D116/><U69/><E69/><V93/><F81/><W52/><REACH who="3" step="1"/><G33/><REACH who="3" ten="191,240,220,329" step="2"/><T87/><D83/><U125/><E125/><V57/><N who="2" m="14336" /><DORA hai="119" /><V55/><F98/><AGARI ba="1,2" hai="4,9,15,24,30,35,43,45,51,52,54,98,101,107" machi="98" ten="40,8000,1" yaku="1,1,52,2,54,1,53,0" doraHai="49,119" doraHaiUra="91,67" who="3" fromWho="2" sc="191,0,240,0,220,-83,329,103" /><INIT seed="2,0,0,0,2,32" ten="191,240,137,432" oya="2" hai0="28,70,111,15,49,48,90,135,121,132,78,104,1" hai1="16,130,65,33,17,112,39,113,102,110,14,96,79" hai2="71,31,19,103,84,91,43,66,55,88,76,9,74" hai3="131,0,125,73,6,57,18,92,101,122,116,114,126"/><V62/><F31/><W97/><G73/><T87/><D104/><U67/><E39/><V95/><F43/><W24/><G116/><T26/><D121/><U22/><E33/><V20/><F55/><W109/><G109/><T4/><D111/><U117/><E110/><V25/><F103/><W98/><G122/><T3/><D70/><U52/><E117/><V40/><F40/><W60/><G114/><T99/><D99/><U82/><E130/><V54/><F54/><W80/><G80/><T120/><D78/><U56/><E112/><V94/><F9/><W30/><G131/><T63/><D63/><U11/><E113/><V58/><F71/><W85/><G85/><T134/><D120/><U2/><E2/><N who="0" m="521" /><D15/><U81/><E81/><V105/><F105/><W45/><G45/><T89/><D4/><U53/><E53/><V93/><REACH who="2" step="1"/><F74/><REACH who="2" ten="191,240,127,432" step="2"/><W8/><G30/><T47/><D47/><U115/><E115/><V37/><F37/><W44/><G44/><T21/><D90/><U10/><E10/><V124/><F124/><W100/><G125/><T118/><D118/><U41/><E41/><V61/><F61/><W86/><G126/><T106/><D106/><U75/><E102/><V64/><F64/><N who="3" m="38927" /><G100/><T42/><D42/><U35/><E65/><V123/><F123/><W68/><G68/><T13/><D13/><U59/><E67/><V27/><F27/><W108/><G108/><T50/><D50/><U129/><E129/><V127/><F127/><W133/><G101/><T77/><D89/><U29/><E75/><V46/><F46/><W69/><G69/><RYUUKYOKU ba="0,1" sc="191,15,240,-15,127,15,432,-15" hai0="21,26,28,48,49,77,87,132,134,135" hai2="19,20,25,58,62,66,76,84,88,91,93,94,95" /><INIT seed="2,1,1,0,0,64" ten="206,225,142,417" oya="2" hai0="96,62,18,68,135,61,115,21,36,52,32,129,125" hai1="23,128,112,60,11,28,38,91,55,126,46,71,34" hai2="53,51,10,26,13,99,29,124,9,39,83,89,84" hai3="81,127,92,27,79,19,122,57,15,22,69,42,0"/><V117/><F39/><W80/><G0/><T7/><D115/><U14/><E112/><V50/><F117/><W5/><G69/><T33/><D32/><U30/><E126/><V104/><F124/><W66/><G122/><T6/><D33/><U123/><E123/><V16/><F10/><N who="3" m="4559" /><G127/><T103/><D36/><U1/><E128/><V45/><F51/><W119/><G79/><T54/><D125/><U132/><E132/><V86/><F104/><W95/><G42/><T76/><D129/><U24/><E30/><V90/><F99/><W65/><G119/><T105/><D135/><U72/><E72/><V74/><F74/><W113/><G113/><T43/><D43/><U70/><E91/><N who="2" m="51615" /><F86/><W20/><G20/><AGARI ba="1,1" hai="9,13,16,20,26,29,45,50,53,89,90" m="51615" machi="20" ten="30,5800,0" yaku="25,1,8,1,54,1" doraHai="64" who="2" fromWho="3" sc="206,0,225,0,142,71,417,-61" /><INIT seed="2,2,0,3,5,96" ten="206,225,213,356" oya="2" hai0="26,84,24,44,60,18,12,42,87,3,37,67,5" hai1="105,1,93,71,7,127,133,22,39,27,132,8,90" hai2="74,2,17,31,128,89,72,76,82,94,66,0,59" hai3="113,36,78,130,85,52,62,122,123,111,121,126,110"/><V68/><F68/><W32/><G32/><T65/><D65/><U79/><E71/><V28/><F72/><W88/><G36/><T129/><D129/><U63/><E105/><V131/><F17/><W21/><G78/><T45/><D45/><U69/><E39/><V77/><F77/><W86/><G126/><T120/><D120/><U116/><E116/><V33/><F66/><W125/><G125/><T124/><D124/><U61/><E127/><V70/><F70/><W6/><G6/><T104/><D104/><U48/><E79/><V41/><F59/><N who="3" m="35175" /><G130/><N who="2" m="49705" /><F41/><W47/><G47/><T51/><D37/><U75/><E75/><V73/><F73/><W40/><G40/><T49/><D49/><U23/><E48/><V117/><F117/><W81/><G21/><T43/><D43/><U99/><E69/><V57/><F57/><W135/><G86/><N who="0" m="32811" /><D5/><U19/><REACH who="1" step="1"/><E23/><REACH who="1" ten="206,215,213,356" step="2"/><V46/><F33/><W35/><G35/><T98/><D51/><U13/><E13/><V103/><F74/><W80/><G122/><T102/><D12/><U115/><E115/><V100/><F2/><W53/><G113/><T107/><D3/><U50/><E50/><V114/><F0/><W119/><G119/><T101/><D107/><U16/><E16/><V91/><F114/><W20/><G123/><T25/><D18/><U4/><E4/><V30/><F46/><W106/><G106/><T134/><D25/><U95/><E95/><V109/><F94/><W92/><G121/><T83/><D24/><U9/><E9/><V112/><F112/><W118/><G118/><T97/><D26/><RYUUKYOKU ba="2,1" sc="206,-10,215,30,213,-10,356,-10" hai1="1,7,8,19,22,27,61,63,90,93,99,132,133" /><INIT seed="3,3,1,5,3,54" ten="196,245,203,346" oya="3" hai0="36,111,50,30,43,76,64,107,38,28,87,131,100" hai1="84,82,46,44,95,12,33,118,42,127,29,81,99" hai2="16,77,65,22,57,90,13,92,123,96,20,31,59" hai3="23,133,74,72,35,67,49,40,8,11,122,101,117"/><W86/><G35/><T125/><D111/><U71/><E71/><V0/><F0/><W56/><G101/><T34/><D30/><U15/><E118/><V41/><F123/><W66/><G23/><T53/><D125/><U134/><E127/><V26/><F77/><W61/><G86/><T17/><D131/><U80/><E134/><V75/><F75/><W78/><G67/><T21/><D64/><U52/><E29/><V102/><F65/><W94/><G49/><T97/><D28/><U113/><E113/><V109/><F109/><W121/><G94/><T39/><D34/><U129/><E33/><V6/><F6/><W51/><G11/><T135/><D135/><U24/><E24/><V5/><F5/><W130/><G40/><T2/><D2/><U1/><E1/><V70/><F70/><W55/><G8/><T124/><D124/><U116/><E116/><V132/><F132/><W128/><G78/><T48/><D43/><U106/><E106/><V98/><F41/><W83/><G83/><T119/><D119/><U69/><E69/><V7/><F7/><W37/><G117/><T73/><D73/><U32/><E32/><V85/><F96/><W63/><G74/><T47/><D50/><U62/><E129/><V25/><F25/><W79/><G128/><T58/><D47/><U93/><E99/><V115/><F115/><W91/><G130/><T27/><REACH who="0" step="1"/><D39/><REACH who="0" ten="186,245,203,346" step="2"/><U104/><E42/><V112/><F112/><W120/><G37/><T14/><D14/><U126/><E126/><V105/><AGARI ba="3,2" hai="13,16,20,22,26,31,57,59,85,90,92,98,102,105" machi="105" ten="20,8000,1" yaku="0,1,7,1,52,2,54,1" doraHai="54" who="2" fromWho="2" sc="186,-23,245,-23,203,109,346,-43" owari="163,-34.0,222,-18.0,312,42.0,303,10.0" /></mjloggm>