<mjloggm ver="2.3"><GO type="97" lobby="0"/><UN n0="%E8%99%8E%E6%96%91%E6%9C%A8%E8%8F%9F" n1="%E7%9F%B3%E5%8E%9F%E8%A3%95%E6%AC%A1%E9%83%8E" n2="%44%2E%4C%75%6B%65" n3="%E3%83%88%E3%83%88%E3%83%AA%E5%85%88%E7%94%9F%31%39%E6%AD%B3" dan="15,15,14,14" rate="1928.48,1992.65,1936.56,2017.42" sx="M,F,M,F"/><TAIKYOKU oya="0"/><INIT seed="0,0,0,4,1,86" ten="250,250,250,250" oya="0" hai0="66,8,50,70,35,73,43,26,45,23,47,85,81" hai1="96,88,106,67,19,2,115,110,123,91,83,40,100" hai2="97,111,49,120,12,69,104,6,76,30,41,55,15" hai3="28,27,61,132,62,46,128,80,118,18,42,24,126"/><T109/><D73/><U72/><E2/><V17/><F69/><W20/><G118/><T125/><D35/><U71/><E123/><V5/><F120/><W133/><G128/><T101/><D109/><U1/><E110/><V114/><F114/><W14/><G126/><T52/><D125/><U108/><E108/><V16/><F41/><W37/><G27/><T0/><D101/><U34/><E1/><V10/><F30/><W131/><G131/><T93/><D93/><U56/><E115/><V117/><F117/><W105/><G105/><T122/><D122/><U124/><E124/><V95/><F76/><W89/><G80/><T33/><D33/><U29/><E56/><N who="2" m="32879" /><F104/><W57/><G89/><T4/><D66/><U11/><E40/><V7/><F111/><W53/><REACH who="3" step="1"/><G62/><REACH who="3" ten="250,250,250,240" step="2"/><T102/><D81/><U82/><E82/><V119/><F119/><W68/><G68/><T84/><D26/><N who="1" m="18743" /><E83/><V3/><F3/><W31/><G31/><T51/><D70/><U25/><E72/><V127/><F127/><W92/><G92/><T99/><D23/><AGARI ba="0,1" hai="14,18,20,23,24,28,37,42,46,53,57,61,132,133" machi="23" ten="40,2600,0" yaku="1,1,53,1" doraHai="86" doraHaiUra="58" who="3" fromWho="0" sc="250,-26,250,0,250,0,240,36" /><INIT seed="1,0,0,4,2,91" ten="224,250,250,276" oya="1" hai0="127,44,28,45,9,74,7,33,4,13,99,96,46" hai1="12,16,134,108,68,2,90,116,109,17,31,21,56" hai2="39,85,72,43,111,5,115,64,94,47,124,82,119" hai3="51,14,3,102,0,10,24,61,105,106,42,88,104"/><U20/><E68/><V49/><F119/><W83/><G102/><T41/><D74/><U52/><E116/><V129/><F115/><W77/><G24/><T40/><D127/><U63/><E2/><V95/><F64/><W121/><G121/><T84/><D84/><U131/><E131/><V30/><F129/><W92/><G61/><T78/><D78/><U132/><E31/><V86/><F124/><W133/><G133/><N who="1" m="51306" /><E90/><V125/><F125/><W58/><G83/><T87/><D87/><U107/><E107/><V55/><F85/><W100/><G100/><T70/><D70/><U97/><E97/><V80/><F111/><N who="1" m="42569" /><E17/><V103/><F103/><W93/><G77/><T120/><D120/><U53/><E53/><V1/><F30/><W123/><G123/><T135/><D135/><U62/><E62/><V114/><F82/><W15/><G3/><T110/><D110/><U54/><E54/><V101/><F101/><W126/><G126/><T118/><D118/><U81/><E81/><V19/><F19/><W26/><G104/><T59/><D59/><U130/><E130/><V38/><F86/><W75/><G105/><T18/><D28/><U67/><E67/><V65/><F65/><W35/><G106/><T29/><D29/><U71/><E71/><V34/><F80/><W25/><G88/><T60/><D60/><U36/><E36/><V69/><F39/><W98/><G98/><N who="0" m="37419" /><D33/><U112/><E112/><V50/><F114/><W122/><G35/><T73/><D73/><U79/><E79/><V113/><F34/><W23/><G122/><T48/><D40/><RYUUKYOKU ba="0,0" sc="224,15,250,15,250,-15,276,-15" hai0="4,7,9,13,18,41,44,45,46,48" hai1="12,16,20,21,52,56,63" /><INIT seed="1,1,0,2,1,109" ten="239,265,235,261" oya="1" hai0="116,54,99,36,120,14,62,53,0,25,1,15,118" hai1="45,64,113,103,3,51,77,31,37,5,81,74,21" hai2="48,100,122,91,86,130,57,67,24,108,84,40,97" hai3="94,133,117,28,17,92,58,68,34,93,46,12,19"/><U79/><E79/><V95/><F122/><W2/><G68/><T52/><D120/><U22/><E64/><V11/><F108/><W124/><G2/><T6/><D36/><U39/><E39/><V107/><F130/><W7/><G133/><T82/><D25/><N who="1" m="16815" /><E22/><V60/><F24/><W76/><G124/><T13/><D99/><U29/><E51/><V63/><F11/><N who="3" m="4223" /><G34/><T41/><D41/><N who="1" m="22703" /><E29/><V89/><F40/><W73/><G73/><T49/><D82/><U18/><E18/><N who="3" m="6666" /><G117/><T72/><D72/><U85/><E85/><V106/><F106/><W43/><G76/><T102/><D102/><U98/><E98/><V128/><F128/><W44/><G28/><T8/><D62/><U119/><E119/><V69/><F48/><N who="3" m="26655" /><G46/><T38/><D38/><U96/><E96/><V71/><F63/><W121/><G121/><T70/><D70/><U30/><E30/><V110/><F110/><W134/><G134/><T125/><D125/><U10/><E103/><V35/><F35/><W55/><G94/><AGARI ba="1,0" hai="57,60,67,69,71,84,86,89,91,94,95,97,100,107" machi="94" ten="30,2000,0" yaku="7,1,9,1" doraHai="109" who="2" fromWho="3" sc="239,0,265,0,235,23,261,-23" /><INIT seed="2,0,0,0,2,94" ten="239,265,258,238" oya="2" hai0="25,84,44,125,8,71,97,17,121,83,100,2,23" hai1="41,61,90,135,104,65,45,43,24,107,114,109,120" hai2="9,14,0,28,118,60,106,86,81,78,20,129,130" hai3="46,22,34,27,13,116,59,79,133,131,38,93,134"/><V49/><F118/><W32/><G116/><T15/><D121/><U67/><E114/><V69/><F0/><W53/><G131/><N who="2" m="50185" /><F49/><W66/><G79/><T70/><D125/><U37/><E120/><V56/><F69/><W98/><G13/><T112/><D112/><U5/><E109/><V47/><F47/><W111/><G111/><T31/><D2/><U127/><E127/><V89/><F106/><W92/><G92/><T117/><D44/><U62/><E43/><V36/><F36/><W99/><G66/><T124/><D117/><U73/><E73/><V126/><F126/><W3/><G3/><T4/><D4/><U11/><E24/><N who="2" m="16391" /><F14/><W48/><G93/><T68/><D124/><U95/><E135/><N who="3" m="51722" /><G38/><T122/><D122/><U18/><E18/><V85/><F9/><W16/><G46/><T57/><D57/><U42/><E42/><V52/><F85/><W96/><AGARI ba="0,0" hai="16,22,27,32,34,48,53,59,96,98,99" m="51722" machi="96" ten="30,8000,1" yaku="20,1,52,3,54,1" doraHai="94" who="3" fromWho="3" sc="239,-20,265,-20,258,-40,238,80" /><INIT seed="3,0,0,5,0,36" ten="219,245,218,318" oya="3" hai0="0,92,96,15,61,82,58,125,42,10,93,75,117" hai1="22,110,135,98,5,62,100,80,66,128,104,97,12" hai2="35,89,123,19,132,119,29,109,73,3,39,13,131" hai3="102,78,45,27,32,86,40,111,57,63,133,95,2"/><W53/><G2/><T72/><D117/><U84/><E110/><V8/><RYUUKYOKU type="yao9" ba="0,0" sc="219,0,245,0,218,0,318,0" hai2="3,8,13,19,29,35,39,73,89,109,119,123,131,132" /><INIT seed="3,1,0,2,0,63" ten="219,245,218,318" oya="3" hai0="46,98,58,67,38,9,103,39,24,8,111,52,48" hai1="61,15,132,83,66,7,30,90,33,89,74,108,21" hai2="11,116,16,97,79,12,43,45,113,75,49,18,77" hai3="122,36,20,34,93,109,70,119,126,101,64,134,125"/><W118/><G122/><T68/><D111/><U82/><E108/><V76/><F116/><W56/><G34/><T95/><D24/><U84/><E33/><V131/><F113/><W65/><G109/><T54/><D38/><U130/><E132/><V91/><F131/><W1/><G1/><T62/><D39/><U0/><E130/><V41/><F75/><W17/><G36/><T112/><REACH who="0" step="1"/><D112/><REACH who="0" ten="209,245,218,318" step="2"/><U100/><E0/><V10/><F43/><W35/><G119/><T3/><D3/><U73/><E100/><V78/><N who="2" m="19968" /><DORA hai="92" /><V124/><F124/><W72/><G101/><T25/><D25/><U80/><E30/><V129/><F129/><W60/><G118/><T26/><D26/><U13/><E13/><N who="2" m="7223" /><F91/><W53/><G125/><T135/><D135/><U107/><E90/><V106/><F106/><W110/><G134/><T4/><D4/><U14/><E107/><V29/><F29/><W50/><G126/><T44/><D44/><U57/><E15/><V102/><F102/><W104/><G104/><T37/><D37/><U40/><E40/><V69/><F69/><W120/><G110/><T42/><D42/><U71/><E71/><V105/><F105/><W6/><G70/><T88/><D88/><U32/><E32/><V115/><F115/><W99/><G35/><T47/><D47/><U87/><E89/><V27/><F27/><W55/><G6/><T133/><D133/><U127/><E127/><V5/><F5/><W94/><G72/><N who="1" m="27754" /><E7/><V28/><F28/><W96/><G17/><T59/><D59/><U22/><E14/><V81/><F81/><RYUUKYOKU ba="1,1" sc="209,10,245,10,218,10,318,-30" hai0="8,9,46,48,52,54,58,62,67,68,95,98,103" hai1="21,22,57,61,66,80,82,83,84,87" hai2="11,12,18,41,45,49,97" /><INIT seed="4,2,1,1,0,1" ten="219,255,228,288" oya="0" hai0="20,2,66,56,47,64,95,109,119,7,27,57,107" hai1="96,53,42,63,92,9,129,89,82,34,46,110,134" hai2="123,88,4,36,12,116,55,59,79,11,81,48,113" hai3="38,5,103,76,52,94,67,106,125,133,102,3,130"/><T135/><D119/><U25/><E110/><V121/><F36/><W28/><G38/><T86/><D107/><U8/><E129/><V10/><F116/><W24/><G106/><T70/><D109/><U44/><E134/><V68/><F68/><W51/><G133/><T104/><D104/><U99/><E99/><V40/><F113/><W65/><G130/><T78/><D135/><U100/><E82/><V58/><F58/><W127/><G76/><T50/><D70/><U41/><E100/><N who="3" m="38442" /><G94/><T6/><D2/><U97/><E97/><V117/><F40/><N who="1" m="15465" /><E25/><V73/><F117/><W60/><G5/><N who="0" m="1547" /><D56/><N who="1" m="35215" /><E34/><V17/><REACH who="2" step="1"/><F88/><REACH who="2" ten="219,255,218,288" step="2"/><W77/><G127/><T131/><D131/><U22/><E22/><V39/><F39/><W31/><G125/><T43/><D57/><U32/><E32/><V108/><F108/><W126/><G126/><T45/><D47/><AGARI ba="2,2" hai="8,9,44,46,47,89,92,96" m="35215,15465" machi="47" ten="30,1000,0" yaku="8,1" doraHai="1" who="1" fromWho="0" sc="219,-16,255,36,218,0,288,0" /><INIT seed="5,0,0,5,0,13" ten="203,291,218,288" oya="1" hai0="16,102,113,120,37,101,107,114,73,103,66,75,129" hai1="100,91,38,67,121,50,135,19,63,56,26,69,32" hai2="125,59,106,88,52,90,58,92,71,12,118,57,6" hai3="23,31,14,20,123,41,8,33,122,77,43,94,127"/><U60/><E121/><V95/><F106/><W68/><G68/><T83/><D37/><U97/><E38/><V109/><F71/><W86/><G33/><T0/><D0/><U22/><E135/><V108/><F118/><W39/><G127/><T124/><D124/><U76/><E32/><V130/><F125/><W74/><G74/><T27/><D120/><U87/><E76/><V30/><F30/><W4/><G122/><T134/><D134/><U34/><E34/><V2/><F2/><W44/><G123/><T98/><D129/><U54/><E67/><V55/><F130/><W62/><G31/><T24/><D66/><U115/><E69/><V131/><F131/><W65/><G41/><T64/><D64/><U3/><E3/><V53/><F109/><W48/><G39/><T78/><D73/><U93/><E115/><N who="0" m="44041" /><D27/><U81/><AGARI ba="0,0" hai="19,22,26,50,54,56,60,63,81,87,91,93,97,100" machi="81" ten="20,7800,0" yaku="0,1,7,1,8,1,52,1" doraHai="13" who="1" fromWho="1" sc="203,-26,291,78,218,-26,288,-26" owari="177,-32.0,369,47.0,192,-21.0,262,6.0" /></mjloggm>