<mjloggm ver="2.3"><GO type="41" lobby="0"/><UN n0="%E5%B0%B1%E6%B4%BB%E7%94%9F%40%E5%B7%9D%E6%9D%91%E8%BB%8D%E5%9B%A3" n1="%E7%BE%85%E5%89%9B%E6%81%A9" n2="%33%30%25" n3="%E3%83%81%E3%83%A5%E3%83%B3%E5%A4%AA" dan="15,14,14,15" rate="1948.53,1920.02,2010.87,1949.67" sx="M,M,F,M"/><TAIKYOKU oya="0"/><INIT seed="0,0,0,0,2,6" ten="250,250,250,250" oya="0" hai0="88,82,45,112,28,117,120,119,49,81,35,134,27" hai1="18,1,4,43,21,74,68,26,69,52,47,13,79" hai2="97,128,80,86,9,107,132,12,24,19,63,42,92" hai3="31,87,75,36,98,64,30,16,115,20,109,125,71"/><T135/><D120/><U2/><E2/><V93/><F132/><N who="0" m="50730" /><D112/><U40/><E40/><V54/><F128/><W60/><G75/><T111/><D111/><U23/><E23/><V17/><F42/><W70/><G125/><T66/><D66/><U22/><E22/><N who="2" m="13391" /><F107/><W55/><G36/><T94/><D82/><U78/><E26/><V110/><F97/><W8/><G71/><T44/><D81/><U72/><E72/><V122/><F122/><W118/><G118/><N who="0" m="45067" /><D49/><U91/><E91/><N who="2" m="51655" /><F110/><W14/><G109/><T10/><D10/><U50/><E43/><V57/><AGARI ba="0,0" hai="9,12,19,54,57,63,92,93" m="51655,13391" machi="57" ten="30,2000,0" yaku="8,1,52,1" doraHai="6" who="2" fromWho="2" sc="250,-10,250,-5,250,20,250,-5" /><INIT seed="1,0,0,5,1,112" ten="240,245,270,245" oya="1" hai0="27,56,83,4,61,117,132,11,114,107,38,10,33" hai1="36,46,86,23,48,96,26,37,62,1,30,90,133" hai2="104,14,28,78,13,82,70,66,49,75,131,85,20" hai3="109,94,126,116,72,29,89,3,58,91,7,45,134"/><U77/><E133/><V99/><F131/><W25/><G72/><T129/><D38/><U53/><E1/><V106/><F70/><W12/><G109/><T34/><D114/><U60/><E37/><V73/><F66/><W98/><G3/><T59/><D107/><U122/><E36/><V51/><F28/><W125/><G134/><T40/><D40/><U128/><E128/><V9/><F20/><W68/><G68/><T120/><D132/><U108/><E122/><V88/><F75/><W5/><G45/><T65/><D129/><U74/><E74/><V24/><F24/><W67/><G91/><T110/><D110/><U2/><E2/><V8/><F104/><W55/><G67/><T6/><D120/><U44/><E108/><V84/><F73/><W42/><G42/><T101/><D101/><U81/><E44/><V127/><F99/><W130/><G130/><T123/><D123/><U95/><AGARI ba="0,0" hai="23,26,30,46,48,53,60,62,77,81,86,90,95,96" machi="95" ten="30,3000,0" yaku="0,1,8,1" doraHai="112" who="1" fromWho="1" sc="240,-10,245,30,270,-10,245,-10" /><INIT seed="1,1,0,1,1,132" ten="230,275,260,235" oya="1" hai0="56,133,84,61,51,117,88,96,65,123,7,40,45" hai1="77,55,21,57,107,49,92,82,87,112,80,15,85" hai2="113,73,121,28,104,91,127,116,31,131,120,2,118" hai3="90,99,20,6,60,37,43,106,42,48,67,94,130"/><U103/><E112/><V75/><F2/><W78/><G130/><T22/><D133/><U125/><E107/><V26/><F104/><W19/><G37/><T12/><D123/><U58/><E125/><V30/><F26/><W35/><G35/><T135/><D135/><U81/><E81/><V17/><F17/><W98/><G6/><T24/><D117/><U122/><E122/><N who="2" m="47211" /><F91/><W70/><G78/><T109/><D109/><U16/><E103/><V23/><F23/><W4/><G4/><T68/><D96/><U128/><E128/><V0/><F0/><W47/><G99/><T105/><D105/><U9/><E92/><V53/><F53/><W38/><G106/><T93/><D7/><U63/><E63/><V59/><F59/><W86/><G38/><T71/><REACH who="0" step="1"/><D12/><REACH who="0" ten="220,275,260,235" step="2"/><U129/><E129/><V8/><F131/><W32/><G98/><T1/><D1/><U72/><E72/><N who="2" m="27723" /><F113/><W54/><G32/><T44/><D44/><N who="1" m="28071" /><E21/><V124/><F8/><W10/><G10/><T50/><D50/><U79/><AGARI ba="1,1" hai="9,15,16,57,58,77,79,80,82,85,87" m="28071" machi="79" ten="30,3000,0" yaku="8,1,54,1" doraHai="132" who="1" fromWho="1" sc="220,-11,275,43,260,-11,235,-11" /><INIT seed="1,2,0,0,1,26" ten="209,318,249,224" oya="1" hai0="126,133,67,71,65,21,108,96,118,130,92,51,124" hai1="44,91,80,87,14,25,5,106,69,3,74,107,127" hai2="45,52,120,28,83,38,41,42,66,78,23,17,39" hai3="103,102,58,40,100,35,81,61,109,27,50,56,7"/><U85/><E69/><V32/><F120/><W15/><G109/><T2/><D2/><U121/><E121/><V93/><F66/><W97/><G81/><T73/><D73/><U111/><E3/><V79/><F93/><W37/><G37/><T1/><D1/><U94/><E74/><V72/><F79/><W117/><G117/><T43/><D118/><U16/><E127/><N who="0" m="48681" /><D71/><U129/><E129/><V123/><F123/><W19/><G97/><T104/><D104/><U119/><E119/><V95/><F95/><W31/><G7/><T48/><D108/><U110/><E110/><V20/><F17/><W6/><G6/><T18/><D130/><U11/><E111/><V132/><F132/><W90/><G90/><N who="0" m="55319" /><D133/><U9/><E44/><V33/><F45/><W64/><G40/><T60/><D43/><U105/><E9/><V131/><F72/><W115/><G115/><T84/><D84/><U29/><E5/><V62/><F131/><W54/><REACH who="3" step="1"/><G102/><REACH who="3" ten="209,318,249,214" step="2"/><T36/><D36/><U70/><E107/><V86/><F39/><W88/><G88/><T113/><D113/><U134/><E134/><V4/><F38/><W63/><G63/><T76/><D76/><U24/><E106/><V135/><F135/><W34/><G34/><T112/><D112/><U122/><E105/><V30/><F41/><W68/><G68/><T101/><D101/><U82/><E70/><V55/><F42/><W77/><G77/><T75/><D75/><U0/><E80/><V22/><F78/><W12/><G12/><N who="0" m="9415" /><D60/><U53/><E122/><V98/><F62/><W49/><G49/><AGARI ba="2,1" hai="48,49,51,65,67" m="9415,55319,48681" machi="49" ten="30,2000,0" yaku="6,1,18,1" doraHai="26" who="0" fromWho="3" sc="209,36,318,0,249,0,214,-26" /><INIT seed="2,0,0,4,4,60" ten="245,318,249,188" oya="2" hai0="39,53,73,135,83,104,123,18,5,134,49,14,111" hai1="65,44,78,103,128,19,51,21,77,24,89,16,116" hai2="62,91,113,42,13,108,0,85,94,29,28,121,1" hai3="35,63,3,84,4,48,25,125,122,106,23,34,81"/><V55/><F121/><W32/><G122/><T124/><D123/><U100/><E116/><V7/><F113/><W66/><G106/><T47/><D104/><U109/><E128/><V8/><F42/><W79/><G125/><T17/><D124/><U46/><E109/><V68/><F108/><W36/><G36/><T33/><D33/><U71/><E89/><V107/><F107/><W99/><G99/><T31/><D31/><U50/><E19/><V93/><F1/><W9/><G48/><T132/><D39/><U90/><E90/><V67/><F0/><W129/><G129/><T105/><D105/><U76/><E71/><V102/><REACH who="2" step="1"/><F55/><REACH who="2" ten="245,318,239,188" step="2"/><W37/><G37/><T130/><D111/><U2/><E2/><V110/><F110/><W95/><G95/><T41/><D41/><U98/><E98/><AGARI ba="0,1" hai="7,8,13,28,29,62,67,68,85,91,93,94,98,102" machi="98" ten="40,7700,0" yaku="1,1,52,1,53,1" doraHai="60" doraHaiUra="11" who="2" fromWho="1" sc="245,0,318,-77,239,87,188,0" /><INIT seed="2,1,0,0,3,13" ten="245,241,326,188" oya="2" hai0="129,134,88,107,56,127,102,19,99,119,79,120,32" hai1="0,9,113,87,5,123,96,35,112,66,103,45,65" hai2="36,125,116,91,130,53,86,20,12,97,101,14,31" hai3="59,92,55,37,6,29,4,135,49,100,18,75,110"/><V80/><F36/><W77/><G37/><T104/><D32/><U10/><E123/><V84/><F116/><W82/><G29/><T67/><D120/><U133/><E133/><V58/><F125/><W23/><G110/><T90/><D107/><U98/><E35/><V16/><F130/><W26/><REACH who="3" step="1"/><G135/><REACH who="3" ten="245,241,326,178" step="2"/><T60/><D134/><U69/><E113/><V118/><F31/><W27/><G27/><T106/><D127/><U71/><E112/><V40/><F118/><W57/><G57/><T44/><D119/><U76/><E71/><V70/><F70/><W2/><G2/><T50/><D129/><U3/><E69/><V63/><F14/><W1/><G1/><T121/><D121/><U25/><E25/><V43/><REACH who="2" step="1"/><F86/><REACH who="2" ten="245,241,316,178" step="2"/><W52/><G52/><T46/><D67/><U22/><E66/><V28/><F28/><W128/><G128/><T24/><D24/><U41/><E65/><V85/><F85/><W94/><G94/><AGARI ba="1,2" hai="12,16,20,40,43,53,58,63,80,84,91,94,97,101" machi="94" ten="30,18000,2" yaku="1,1,7,1,8,1,52,1,54,1,53,2" doraHai="13" doraHaiUra="39" who="2" fromWho="3" sc="245,0,241,0,316,203,178,-183" owari="245,5.0,241,-16.0,519,62.0,-5,-51.0" /></mjloggm>