<mjloggm ver="2.3"><GO type="169" lobby="0"/><UN n0="%61%62%61%6E%74%65%73" n1="%E9%A3%9B%E6%B2%AB" n2="%E3%83%88%E3%83%88%E3%83%AA%E5%85%88%E7%94%9F%31%39%E6%AD%B3" n3="%E9%A3%9B%E3%81%B3%E3%82%B7%E3%83%A3%E3%83%81" dan="17,16,18,16" rate="2155.80,2156.65,2266.86,2106.07" sx="M,M,F,F"/><TAIKYOKU oya="0"/><INIT seed="0,0,0,4,1,58" ten="250,250,250,250" oya="0" hai0="115,43,38,72,16,42,36,82,129,18,31,69,12" hai1="76,60,26,106,90,133,113,5,125,33,89,17,130" hai2="59,41,47,1,6,80,63,3,121,118,112,102,110" hai3="39,104,74,11,99,55,65,73,0,64,84,46,123"/><T25/><D115/><U29/><E113/><V97/><F112/><W10/><G84/><T116/><D116/><U120/><E120/><V93/><F121/><W119/><G119/><T8/><D69/><U23/><E106/><V53/><F118/><W45/><G123/><T122/><D122/><U21/><E133/><V56/><F110/><W108/><G104/><T32/><D129/><U7/><E76/><V22/><F6/><W126/><G99/><T127/><D127/><U87/><E130/><V107/><F107/><W96/><G96/><T19/><D82/><U50/><E50/><V67/><F22/><W2/><G39/><T27/><D72/><U128/><E33/><V70/><F59/><W15/><G15/><T28/><D38/><U132/><E132/><V30/><F30/><W111/><REACH who="3" step="1"/><G55/><REACH who="3" ten="250,250,250,240" step="2"/><T57/><D36/><U131/><E87/><V44/><F80/><W49/><G49/><T54/><D43/><U48/><E128/><V135/><F135/><W9/><G9/><T105/><D42/><U62/><E48/><V81/><F81/><W95/><G95/><T71/><D105/><U77/><E131/><V101/><F101/><W24/><G24/><T117/><D117/><U98/><E98/><V88/><F102/><W85/><G85/><T114/><D114/><U51/><E51/><N who="2" m="30783" /><F44/><W13/><G13/><T4/><D27/><N who="1" m="14767" /><E77/><V94/><F94/><W86/><G86/><T35/><D25/><U100/><E100/><V52/><F52/><W20/><G20/><T109/><D12/><U40/><E23/><V75/><F75/><W68/><G68/><RYUUKYOKU ba="0,1" sc="250,-15,250,-15,250,15,240,15" hai2="1,3,41,47,63,67,70,88,93,97" hai3="0,2,10,11,45,46,64,65,73,74,108,111,126" /><INIT seed="1,1,1,3,5,72" ten="235,235,265,255" oya="1" hai0="129,1,19,24,4,25,112,106,0,7,56,54,127" hai1="108,59,8,94,97,31,88,34,46,47,49,9,118" hai2="70,115,28,17,16,12,39,38,71,18,3,96,99" hai3="63,78,5,73,103,64,120,128,53,110,135,75,74"/><U15/><E118/><V85/><F85/><W41/><G120/><T104/><D112/><U95/><E108/><V29/><F12/><W123/><G123/><T35/><D127/><U44/><E34/><V48/><F48/><W90/><G41/><T10/><D129/><U116/><E31/><N who="2" m="11851" /><F3/><W22/><G128/><T113/><D113/><U14/><E116/><V82/><F82/><W79/><G110/><T21/><D25/><U6/><E95/><V11/><F11/><W125/><G125/><T100/><D35/><U81/><E59/><V119/><F119/><W131/><G131/><T36/><D36/><N who="2" m="13866" /><F115/><W122/><G122/><T33/><D33/><U67/><E67/><V57/><F57/><W2/><G2/><T101/><D4/><N who="1" m="3335" /><E81/><V132/><F132/><W69/><G5/><T80/><D1/><U60/><E60/><V66/><F66/><W114/><G135/><T84/><D106/><U76/><E49/><V133/><F133/><W126/><G114/><T93/><D104/><U40/><E40/><V98/><AGARI ba="1,1" hai="16,17,18,70,71,96,98,99" m="13866,11851" machi="98" ten="40,5200,0" yaku="28,2,54,1" doraHai="72" who="2" fromWho="2" sc="235,-14,235,-27,265,65,255,-14" /><INIT seed="2,0,0,3,1,131" ten="221,208,330,241" oya="2" hai0="113,79,41,134,45,15,105,78,119,22,112,99,35" hai1="1,88,60,62,108,47,90,24,97,94,135,55,109" hai2="100,29,46,128,40,63,49,23,65,122,95,111,123" hai3="84,104,0,117,5,38,96,118,87,81,2,75,39"/><V6/><F128/><W101/><G87/><T25/><D119/><U133/><E1/><V64/><F111/><N who="1" m="42569" /><E24/><N who="2" m="16543" /><F123/><W33/><G84/><T110/><D110/><U37/><E37/><N who="3" m="13834" /><G33/><T58/><D35/><U12/><E12/><V85/><F122/><W73/><G81/><T31/><D15/><U57/><E47/><V80/><F6/><W66/><G66/><T67/><D79/><U106/><E106/><V61/><F95/><W21/><G21/><T17/><D78/><U18/><E18/><V91/><F100/><W34/><G34/><T28/><D17/><U98/><E60/><AGARI ba="0,0" hai="40,46,49,60,61,63,64,65,80,85,91" m="16543" machi="60" ten="30,1500,0" yaku="8,1" doraHai="131" who="2" fromWho="1" sc="221,0,208,-15,330,15,241,0" /><INIT seed="2,1,0,3,2,101" ten="221,193,345,241" oya="2" hai0="68,85,126,95,103,125,115,63,79,113,132,71,37" hai1="90,98,25,32,97,45,121,78,110,33,117,88,19" hai2="74,49,118,108,36,18,80,65,129,93,106,43,41" hai3="61,64,99,76,96,104,46,69,48,77,1,122,9"/><V44/><F118/><W27/><G122/><T62/><D79/><U5/><E117/><V35/><F35/><W26/><G96/><T102/><D85/><U57/><E5/><V22/><F106/><W75/><G75/><T105/><D95/><U14/><E78/><V133/><F65/><W67/><G67/><T59/><D59/><U29/><E110/><V94/><F108/><W11/><G76/><T114/><D37/><U39/><E33/><V34/><F34/><W54/><G77/><T40/><D40/><U83/><E57/><V6/><F80/><W52/><G54/><T20/><D20/><U8/><E121/><V66/><F74/><W89/><G11/><T58/><D58/><U134/><E134/><V73/><F73/><W10/><G10/><T127/><D132/><U55/><E39/><V107/><F133/><W21/><G21/><T91/><D91/><U60/><E60/><N who="0" m="23081" /><D105/><U112/><E112/><V84/><F107/><W53/><G53/><T50/><D50/><N who="1" m="29135" /><E90/><N who="2" m="53447" /><F66/><W81/><G81/><T135/><D135/><U3/><E3/><V100/><F41/><W12/><G1/><T31/><D31/><U72/><E72/><V2/><F36/><W30/><G30/><T124/><N who="0" m="31744" /><DORA hai="131" /><T56/><D56/><U7/><E7/><V47/><F6/><W51/><G89/><T87/><D87/><AGARI ba="1,0" hai="8,14,19,25,29,32,83,87,88,97,98" m="29135" machi="87" ten="30,2000,0" yaku="25,1,54,1" doraHai="101,131" who="1" fromWho="0" sc="221,-23,193,23,345,0,241,0" /><INIT seed="3,0,0,3,5,72" ten="198,216,345,241" oya="3" hai0="44,83,51,114,11,50,12,87,91,54,65,46,86" hai1="38,73,94,36,17,111,88,133,58,19,5,130,98" hai2="37,67,126,74,90,41,107,7,48,92,62,71,63" hai3="118,64,97,31,21,108,116,99,129,124,26,105,81"/><W22/><G129/><T79/><D114/><U132/><E111/><V34/><F74/><W0/><G0/><T127/><D127/><U122/><E122/><V113/><F113/><W10/><G124/><T20/><D20/><U39/><E130/><V14/><F126/><W89/><G10/><T112/><D112/><U6/><E58/><V28/><F107/><W40/><G40/><T30/><D30/><U120/><E73/><V33/><F37/><W70/><G108/><T117/><D65/><U125/><E125/><V69/><F28/><W53/><G53/><T1/><D1/><U84/><E98/><V66/><F7/><N who="1" m="2569" /><E120/><V29/><F29/><W93/><G81/><N who="0" m="49647" /><D117/><U3/><E3/><V96/><F14/><W13/><G13/><T104/><D104/><U56/><E56/><V55/><F41/><W95/><G105/><T57/><D51/><U76/><E76/><V134/><REACH who="2" step="1"/><F134/><AGARI ba="0,0" hai="17,19,36,38,39,84,88,94,132,133,134" m="2569" machi="134" ten="40,2600,0" yaku="20,1,54,1" doraHai="72" who="1" fromWho="2" sc="198,0,216,26,345,-26,241,0" /><INIT seed="4,0,0,0,0,132" ten="198,242,319,241" oya="0" hai0="99,82,77,106,67,127,20,32,44,107,95,105,27" hai1="14,10,72,89,8,96,1,124,48,114,102,43,73" hai2="36,122,119,79,57,21,128,61,49,130,58,125,121" hai3="54,103,22,39,133,101,113,53,93,55,19,86,117"/><T109/><D109/><U18/><E124/><V69/><F36/><W4/><G39/><T116/><D116/><U47/><E89/><V15/><F119/><W3/><G117/><T63/><D44/><U12/><E1/><V30/><F125/><W94/><G133/><T50/><D50/><U120/><E120/><V115/><F115/><W0/><G113/><T108/><D108/><U60/><E60/><V6/><F79/><W76/><G4/><T64/><D32/><U85/><E85/><V129/><F69/><W41/><G41/><T66/><D127/><U80/><E80/><V26/><F57/><W68/><G68/><T135/><D135/><U71/><E71/><V56/><F58/><W111/><G111/><T81/><D63/><U59/><E59/><V88/><F49/><W70/><G70/><T40/><D40/><U11/><E11/><N who="2" m="4599" /><F88/><N who="3" m="53399" /><G3/><T23/><D27/><U112/><E112/><V29/><F30/><W31/><G0/><T131/><D131/><N who="2" m="33538" /><V9/><DORA hai="28" /><F9/><W100/><G31/><T45/><D45/><U51/><E51/><V97/><F97/><N who="3" m="59447" /><G76/><T16/><D16/><U5/><E114/><V126/><F126/><W7/><G7/><T118/><D118/><U90/><E5/><V98/><F98/><W74/><G74/><T2/><D2/><U34/><E73/><V84/><F84/><W91/><G91/><N who="0" m="55807" /><D77/><U110/><E72/><V38/><F38/><W17/><G19/><T75/><D75/><U33/><E110/><V37/><F37/><W104/><G17/><T87/><D87/><U78/><E78/><V123/><F123/><RYUUKYOKU ba="0,0" sc="198,15,242,-15,319,15,241,-15" hai0="20,23,64,66,67,81,82,105,106,107" hai2="21,26,29,56,61,121,122" /><INIT seed="4,1,0,4,5,97" ten="213,227,334,226" oya="0" hai0="10,55,88,113,133,112,1,13,76,67,81,53,49" hai1="73,79,57,35,84,135,125,106,62,117,131,11,78" hai2="22,122,24,115,129,130,120,99,18,104,75,48,65" hai3="0,26,39,124,126,36,110,123,34,32,30,33,102"/><T80/><D1/><U91/><E117/><V95/><F75/><W41/><G110/><T28/><D133/><U3/><E135/><V52/><F104/><W105/><G0/><T116/><D116/><U109/><E109/><V77/><F77/><W132/><G132/><T86/><D67/><U69/><E69/><V25/><F25/><W50/><G50/><T47/><D28/><U66/><E73/><V45/><F115/><W44/><G123/><T108/><D108/><U100/><E35/><V56/><F45/><W23/><REACH who="3" step="1"/><G36/><REACH who="3" ten="213,227,334,216" step="2"/><T71/><D71/><U6/><E131/><N who="2" m="50187" /><F65/><W37/><G37/><T60/><D60/><U29/><E66/><V19/><F19/><W42/><G42/><T16/><D55/><U40/><E62/><V114/><F114/><W5/><G5/><T43/><D43/><U12/><E40/><V90/><AGARI ba="1,1" hai="18,22,24,48,52,56,90,95,99,120,122" m="50187" machi="90" ten="30,2000,0" yaku="19,1,54,1" doraHai="97" who="2" fromWho="2" sc="213,-11,227,-6,334,33,216,-6" /><INIT seed="5,0,0,3,5,20" ten="202,221,367,210" oya="1" hai0="62,116,26,101,7,106,15,70,129,19,74,49,112" hai1="120,42,91,47,67,2,75,27,135,14,128,95,100" hai2="98,11,10,80,117,121,28,6,57,31,69,79,55" hai3="109,104,115,92,78,61,51,16,65,119,35,114,17"/><U43/><E2/><V72/><F117/><W77/><G104/><T29/><D116/><U37/><E120/><V5/><F121/><W88/><G109/><T64/><D74/><U108/><E108/><V25/><F69/><W12/><G51/><T48/><D7/><U94/><E75/><V107/><F31/><W126/><G119/><T23/><D112/><N who="3" m="43049" /><G35/><N who="0" m="20919" /><D129/><U124/><E124/><V38/><F38/><W99/><G126/><T44/><D44/><U113/><E42/><V60/><F5/><W102/><G102/><T71/><D71/><U33/><E128/><V56/><F6/><W105/><G105/><T40/><D40/><U82/><E135/><V53/><F98/><AGARI ba="0,0" hai="15,19,23,48,49,62,64,70,98,101,106" m="20919" machi="98" ten="30,2000,0" yaku="25,1,52,1" doraHai="20" who="0" fromWho="2" sc="202,20,221,0,367,-20,210,0" /><INIT seed="6,0,0,3,0,49" ten="222,221,347,210" oya="2" hai0="128,65,98,45,43,129,51,16,11,69,77,121,85" hai1="111,116,126,44,92,46,119,17,109,125,76,105,30" hai2="8,60,10,100,114,19,66,113,25,52,36,95,50" hai3="99,22,12,3,127,48,33,0,61,57,35,68,6"/><V89/><F36/><W103/><G127/><N who="1" m="48650" /><E105/><V62/><F100/><W80/><G68/><T31/><D121/><U55/><E76/><V102/><F102/><W91/><G48/><T120/><D120/><U112/><E30/><V83/><F83/><W59/><G59/><T24/><D98/><U41/><E112/><N who="2" m="43115" /><F25/><W5/><G3/><T23/><D85/><U37/><E17/><V130/><F130/><N who="0" m="50282" /><D77/><U72/><E92/><V106/><F106/><W20/><G0/><T47/><D47/><U32/><E32/><V81/><F62/><W104/><G35/><T93/><D93/><U64/><E64/><V133/><F19/><W70/><G33/><T29/><D29/><U86/><E86/><N who="2" m="50383" /><F133/><W122/><G122/><T63/><D31/><U13/><E72/><V84/><F84/><W123/><G123/><T40/><D11/><U27/><E27/><V131/><F95/><W87/><G70/><T134/><D134/><U90/><E90/><V124/><F124/><W2/><G2/><T82/><D82/><U108/><E13/><V88/><F88/><W42/><G12/><T18/><D18/><U39/><E39/><V117/><F131/><W75/><G75/><T135/><D135/><U74/><E74/><V71/><F8/><W38/><G5/><T9/><D9/><U115/><E115/><V28/><F10/><W94/><G6/><T4/><D4/><U118/><E46/><N who="2" m="27735" /><F28/><W97/><G104/><T15/><D24/><U7/><E7/><V54/><F71/><W110/><G103/><T78/><D78/><U26/><E26/><V21/><F66/><RYUUKYOKU ba="0,0" sc="222,15,221,15,347,-15,210,-15" hai0="15,16,23,40,43,45,51,63,65,69" hai1="37,41,44,55,108,109,111,116,118,119" /><INIT seed="7,1,0,2,5,43" ten="237,236,332,195" oya="3" hai0="69,110,17,97,112,62,122,120,135,27,103,60,92" hai1="99,80,106,35,90,3,132,87,38,26,13,46,131" hai2="123,88,70,28,40,121,51,64,8,18,16,45,63" hai3="59,14,105,66,58,68,55,0,117,127,100,61,65"/><W134/><G0/><T116/><D110/><U81/><E3/><V56/><F28/><W125/><G105/><T78/><D116/><U54/><E132/><V21/><F8/><W95/><G14/><T10/><D135/><U49/><E131/><V9/><F9/><W15/><G15/><T76/><D69/><U6/><E6/><V119/><F119/><W19/><G134/><T33/><D33/><U124/><E124/><N who="3" m="47690" /><G117/><T25/><D112/><U50/><E38/><V86/><F70/><N who="3" m="42287" /><G19/><T101/><D17/><U114/><E13/><V1/><F1/><W32/><G32/><T96/><D10/><U72/><E35/><V74/><F74/><W89/><G100/><T2/><D2/><U24/><E114/><V83/><F21/><W53/><G68/><T133/><D133/><U84/><E72/><V118/><F118/><W31/><G31/><T42/><D27/><U48/><E24/><V79/><F16/><W12/><G12/><T126/><D126/><U29/><E26/><V44/><F18/><W73/><G73/><T109/><D25/><U5/><E29/><V91/><F123/><W4/><G4/><T41/><D109/><U108/><E5/><V67/><F121/><W52/><G66/><T93/><AGARI ba="1,0" hai="41,42,60,62,76,78,92,93,96,97,101,103,120,122" machi="93" ten="25,3200,0" yaku="0,1,22,2" doraHai="43" who="0" fromWho="0" sc="237,35,236,-9,332,-9,195,-17" owari="272,7.0,227,-17.0,323,42.0,178,-32.0" /></mjloggm>