<mjloggm ver="2.3"><GO type="97" lobby="0"/><UN n0="%61%6D%61%64%61%73%30%30" n1="%E3%82%86%E3%81%84%E3%81%A1%E3%82%83%E3%82%93%E3%81%AE%E3%83%91%E3%83%91" n2="%E5%B0%B1%E6%B4%BB%E7%94%9F%40%E5%B7%9D%E6%9D%91%E8%BB%8D%E5%9B%A3" n3="%6E%75%6D%62%65%72%69%6A" dan="14,16,15,15" rate="1900.70,2010.58,2066.27,2004.77" sx="M,M,M,M"/><TAIKYOKU oya="0"/><INIT seed="0,0,0,2,1,99" ten="250,250,250,250" oya="0" hai0="94,128,51,32,85,31,46,58,114,62,64,3,2" hai1="1,26,98,116,115,93,7,105,35,135,53,5,134" hai2="43,36,20,129,28,109,50,18,21,45,24,79,70" hai3="42,90,74,125,52,22,122,71,111,38,110,15,86"/><T16/><D114/><U107/><E116/><V89/><F109/><N who="3" m="41483" /><G74/><T72/><D72/><U39/><E39/><V102/><F129/><W19/><G71/><T30/><D128/><U121/><E115/><V13/><F70/><W37/><G42/><T55/><D32/><U73/><E73/><V48/><F79/><W124/><G122/><T130/><D2/><U17/><E121/><V126/><F126/><N who="3" m="48747" /><G52/><N who="0" m="34119" /><D3/><U8/><E53/><V47/><F89/><W100/><G100/><T11/><D64/><U25/><E1/><V83/><F83/><AGARI ba="0,0" hai="15,19,22,37,38,83,86,90" m="48747,41483" machi="83" ten="30,2000,0" yaku="14,1,18,1" doraHai="99" who="3" fromWho="2" sc="250,0,250,0,250,-20,250,20" /><INIT seed="1,0,0,3,0,131" ten="250,250,230,270" oya="1" hai0="102,70,117,55,26,106,82,123,4,61,14,85,99" hai1="73,111,112,27,53,113,19,9,34,5,118,18,101" hai2="97,24,1,104,10,133,121,129,45,74,0,64,120" hai3="46,44,110,93,86,80,33,126,29,37,119,103,130"/><U35/><E53/><V57/><F74/><W32/><G110/><T62/><D123/><U66/><E66/><V11/><F45/><W81/><G130/><T105/><D117/><U6/><E101/><V127/><F64/><W128/><G126/><T75/><D75/><U63/><E63/><V31/><F57/><W116/><G37/><T78/><D106/><U15/><E73/><V84/><F84/><W36/><G36/><T90/><D26/><U56/><E56/><V17/><F97/><W134/><G128/><T21/><D78/><U92/><E92/><V124/><F104/><W7/><G29/><T100/><D100/><U50/><E50/><V71/><F129/><W65/><G65/><T3/><D3/><N who="2" m="1098" /><F71/><W72/><G103/><T47/><D70/><U58/><E58/><V43/><F43/><W41/><G41/><T87/><D87/><U88/><E88/><V108/><F108/><W38/><G86/><T12/><D105/><U52/><E52/><V109/><F109/><W2/><G38/><T79/><D102/><U48/><E48/><V135/><F121/><W77/><G44/><T60/><D47/><U22/><E111/><V98/><F98/><W107/><G46/><T122/><D99/><U20/><E118/><V83/><F83/><W42/><G81/><T30/><D122/><U40/><E40/><V67/><F67/><W8/><G42/><T89/><D55/><U16/><E113/><V76/><F76/><W132/><G77/><T68/><D79/><U54/><E112/><V69/><F120/><W94/><G116/><T96/><D82/><RYUUKYOKU ba="0,0" sc="250,0,250,0,230,0,270,0" /><INIT seed="2,1,0,5,5,48" ten="250,250,230,270" oya="2" hai0="118,96,125,65,33,89,122,97,68,22,4,105,90" hai1="8,134,39,60,94,7,26,25,127,101,59,0,36" hai2="32,42,19,84,17,103,15,72,95,67,114,56,129" hai3="57,3,14,120,70,6,38,10,29,34,126,85,66"/><V123/><F72/><W135/><G38/><T109/><D33/><U41/><E134/><V18/><F32/><W45/><G70/><T28/><D4/><U5/><E5/><V83/><F129/><W113/><G45/><T77/><D22/><U51/><E127/><V128/><F128/><W52/><G66/><T44/><D28/><U124/><E124/><V132/><F42/><W110/><G126/><T63/><D44/><N who="1" m="25999" /><E0/><V92/><F132/><W1/><G120/><T104/><D125/><U106/><E106/><V91/><F114/><W61/><G135/><T49/><D122/><U40/><E40/><V111/><F111/><W115/><G110/><T130/><D109/><U16/><E7/><V107/><F107/><W71/><G71/><T82/><D105/><U53/><E39/><V43/><F43/><W46/><G46/><T30/><D104/><U74/><E74/><V99/><F123/><W93/><G34/><T133/><D130/><U102/><E36/><V78/><F15/><W119/><G29/><T37/><D30/><U62/><E62/><N who="2" m="38343" /><F92/><W131/><G119/><T112/><D118/><U108/><E108/><V11/><F11/><W69/><G69/><T75/><D37/><U76/><E94/><V81/><F83/><W13/><G131/><T100/><D133/><U9/><E9/><V117/><F117/><W35/><G35/><T121/><D121/><U24/><E76/><AGARI ba="1,0" hai="17,18,19,76,78,81,84,91,95,99,103" m="38343" machi="76" ten="30,1500,0" yaku="8,1" doraHai="48" who="2" fromWho="1" sc="250,0,250,-18,230,18,270,0" /><INIT seed="2,2,0,0,5,96" ten="250,232,248,270" oya="2" hai0="120,33,19,94,15,30,16,86,52,110,57,85,102" hai1="77,21,45,97,42,90,20,59,113,127,46,1,109" hai2="106,27,134,10,124,51,37,23,28,63,99,116,2" hai3="6,67,24,74,93,114,58,40,118,31,132,91,55"/><V9/><F37/><W62/><G118/><T83/><D120/><U69/><E113/><V84/><F116/><W44/><G114/><T12/><D33/><U35/><E69/><V72/><F72/><W3/><G74/><T135/><D30/><U98/><E35/><V49/><F124/><W43/><G132/><T122/><D135/><U14/><E1/><V41/><F63/><W130/><G130/><T117/><D110/><U129/><E109/><V133/><F84/><N who="0" m="32362" /><D83/><U47/><E129/><V100/><F49/><N who="3" m="29095" /><G6/><T29/><D29/><U101/><E127/><V13/><F2/><W82/><G82/><T68/><D68/><U104/><E77/><V26/><F26/><W65/><G65/><T7/><D122/><U128/><E128/><V71/><F71/><W4/><G4/><T22/><D7/><U125/><E125/><V105/><F105/><W123/><G123/><T56/><D117/><U25/><E42/><V36/><F36/><W73/><G73/><T78/><D78/><U11/><E25/><V50/><F50/><W5/><G5/><T48/><D57/><U39/><E59/><V54/><F41/><W76/><G76/><T53/><D53/><U32/><E32/><V38/><F38/><W92/><G3/><T108/><D108/><U111/><E39/><V61/><F61/><W18/><G18/><N who="0" m="6699" /><D22/><N who="1" m="8811" /><E111/><V0/><F0/><W60/><G60/><T126/><D126/><U89/><E47/><N who="2" m="28031" /><F13/><W34/><G93/><T79/><D79/><U17/><E46/><V81/><F81/><W87/><G34/><T112/><D112/><U8/><E45/><RYUUKYOKU ba="2,0" sc="250,10,232,-30,248,10,270,10" hai0="12,15,48,52,56,94,102" hai2="9,10,23,27,28,99,100,106,133,134" hai3="24,31,40,43,58,62,67,87,91,92" /><INIT seed="2,3,0,0,0,48" ten="260,202,258,280" oya="2" hai0="129,95,105,78,76,81,31,3,126,27,37,6,97" hai1="9,40,57,98,69,52,121,115,112,64,8,89,110" hai2="107,132,119,36,117,58,41,80,75,67,72,0,18" hai3="101,106,124,133,70,55,21,93,43,54,102,35,22"/><V51/><F107/><W108/><G108/><T26/><D105/><U23/><E110/><V100/><F0/><W118/><G106/><T13/><D37/><U109/><E109/><V96/><F36/><W92/><G35/><T46/><D3/><U128/><E40/><V103/><F132/><W111/><G70/><T15/><D129/><U61/><E121/><V28/><F28/><W45/><G118/><T91/><D126/><U86/><E128/><V68/><F68/><W32/><G32/><T83/><D6/><U39/><E39/><V74/><F96/><W5/><G5/><T4/><D46/><U63/><E98/><V29/><F29/><W134/><G111/><T73/><D4/><U130/><E130/><V135/><F135/><N who="3" m="51723" /><G43/><T49/><D49/><U7/><E23/><N who="3" m="8714" /><G124/><T42/><D42/><U99/><E99/><V71/><F71/><W87/><G45/><T11/><D11/><U12/><REACH who="1" step="1"/><E9/><REACH who="1" ten="260,192,258,280" step="2"/><V2/><F41/><W120/><G120/><T59/><D97/><U25/><E25/><V20/><F117/><W16/><G102/><T10/><D27/><U24/><E24/><V30/><F119/><W125/><G125/><T90/><D26/><U84/><E84/><V94/><F103/><W34/><G101/><T104/><D104/><U65/><E65/><V122/><F100/><W19/><G87/><T53/><D73/><U33/><E33/><V88/><F72/><W47/><G34/><T56/><D10/><U38/><E38/><V116/><F74/><W77/><G47/><T50/><D31/><U114/><E114/><V60/><F75/><RYUUKYOKU ba="3,1" sc="260,-10,192,30,258,-10,280,-10" hai1="7,8,12,52,57,61,63,64,69,86,89,112,115" /><INIT seed="3,4,1,4,5,7" ten="250,222,248,270" oya="3" hai0="86,32,66,24,40,133,41,17,3,27,22,72,47" hai1="6,45,116,53,124,9,94,111,117,81,11,85,121" hai2="107,93,21,10,55,46,101,8,71,5,29,26,73" hai3="30,50,58,51,38,31,128,34,14,110,57,64,135"/><W62/><G38/><T99/><D72/><U61/><E121/><V25/><F107/><W36/><G36/><T120/><D3/><U67/><E111/><V19/><F73/><W60/><G34/><T20/><D120/><U76/><E124/><V39/><F71/><W0/><G0/><T97/><D32/><U65/><E6/><V98/><F5/><W129/><G110/><T44/><D66/><N who="1" m="25099" /><E94/><V114/><F114/><W23/><G135/><T104/><D104/><U16/><E16/><V87/><F87/><W4/><G129/><T89/><D133/><U118/><E45/><V13/><F26/><N who="3" m="16735" /><G31/><T131/><D131/><U43/><E43/><V83/><F83/><W119/><G119/><N who="1" m="30466" /><U74/><DORA hai="49" /><E74/><V68/><F68/><W52/><G128/><T125/><D125/><U33/><E33/><V127/><F127/><W123/><G123/><T80/><D47/><U59/><AGARI ba="4,1" hai="9,11,53,59,61,76,81,85" m="30466,25099" machi="59" ten="50,8000,1" yaku="12,1,52,3" doraHai="7,49" who="1" fromWho="1" sc="250,-24,222,102,248,-24,270,-44" owari="226,3.0,324,42.0,224,-28.0,226,-17.0" /></mjloggm>