<mjloggm ver="2.3"><GO type="97" lobby="0"/><UN n0="%E8%99%8E%E6%96%91%E6%9C%A8%E8%8F%9F" n1="%74%61%6B%65%2D%79%6F%75" n2="%E9%99%8D%E3%82%8A%E5%BC%B7%E5%8C%96%E9%80%B1%E9%96%93" n3="%E5%B0%B1%E6%B4%BB%E7%94%9F%40%E5%B7%9D%E6%9D%91%E8%BB%8D%E5%9B%A3" dan="14,15,14,14" rate="1878.01,1992.46,1956.78,1985.69" sx="M,M,M,M"/><TAIKYOKU oya="0"/><INIT seed="0,0,0,5,4,133" ten="250,250,250,250" oya="0" hai0="74,60,90,63,123,62,70,25,120,42,56,15,77" hai1="67,54,49,116,71,55,117,13,68,8,9,23,69" hai2="119,17,2,81,26,22,78,48,132,16,40,87,33" hai3="32,98,112,89,76,59,21,41,105,43,128,97,111"/><T51/><D70/><U28/><E28/><V118/><F132/><W103/><G32/><T125/><D125/><U75/><E75/><V44/><F2/><W106/><G112/><T121/><D74/><U114/><E23/><V1/><F1/><W104/><G128/><T73/><D73/><U124/><E13/><V110/><F33/><W19/><G76/><T101/><D101/><U34/><E34/><V11/><F110/><W39/><G111/><T126/><D126/><U93/><E93/><V18/><REACH who="2" step="1"/><F11/><REACH who="2" ten="250,250,240,250" step="2"/><W109/><G109/><T20/><D120/><U12/><E9/><V57/><F57/><W131/><G131/><T7/><D56/><U0/><E0/><V122/><F122/><W115/><G115/><T135/><D135/><U113/><E124/><V52/><F52/><W83/><G59/><T6/><D121/><U31/><E55/><V129/><F129/><W3/><G3/><T100/><D123/><U4/><E67/><V37/><F37/><W64/><G64/><T91/><D20/><U130/><E130/><V58/><F58/><W61/><G61/><T45/><D60/><U79/><E69/><V127/><F127/><W30/><G43/><T14/><D62/><U47/><E71/><V92/><F92/><N who="3" m="56463" /><G41/><T50/><D63/><U95/><E68/><V27/><F27/><N who="3" m="14783" /><G39/><T102/><D42/><U107/><E113/><V82/><F82/><W84/><G106/><T24/><D45/><U38/><E107/><V85/><F85/><W29/><G105/><T134/><D134/><U94/><E114/><V80/><F80/><W46/><G46/><RYUUKYOKU ba="0,1" sc="250,10,250,-30,240,10,250,10" hai0="6,7,14,15,24,25,50,51,77,90,91,100,102" hai2="16,17,18,22,26,40,44,48,78,81,87,118,119" hai3="29,30,83,84,98,103,104" /><INIT seed="0,1,1,2,2,75" ten="260,220,250,260" oya="0" hai0="114,112,121,92,42,62,54,89,116,20,24,10,95" hai1="69,0,31,87,32,64,57,132,135,23,111,86,98" hai2="90,6,96,131,134,45,29,67,78,77,40,53,59" hai3="19,13,107,126,106,12,7,11,25,37,88,51,46"/><T4/><D116/><U82/><E0/><V83/><F134/><N who="1" m="51241" /><E111/><V105/><F131/><W79/><G37/><T130/><D121/><U85/><E69/><V97/><F29/><W17/><G126/><T27/><D130/><U125/><E32/><V109/><F109/><W18/><G25/><T102/><D42/><U60/><E98/><N who="2" m="37995" /><F67/><W22/><G107/><T127/><D127/><U16/><E31/><V108/><F108/><W100/><G106/><T26/><D102/><U9/><E9/><V52/><F105/><W99/><G100/><T118/><D118/><U133/><N who="1" m="51249" /><U38/><DORA hai="68" /><E38/><V35/><F35/><W66/><G66/><T55/><D112/><U124/><E82/><V101/><F101/><W5/><G5/><T2/><D114/><U8/><E8/><V50/><F6/><W21/><G21/><T49/><D20/><U80/><E80/><V28/><F28/><W119/><G119/><T58/><REACH who="0" step="1"/><D89/><REACH who="0" ten="250,220,250,260" step="2"/><U48/><E124/><V117/><F117/><W30/><G30/><T94/><D94/><U104/><E104/><V81/><F81/><W84/><G22/><T33/><D33/><U72/><E125/><V91/><F91/><W113/><G113/><T71/><D71/><U70/><E70/><V63/><F90/><W120/><G120/><T15/><D15/><U76/><E23/><V43/><F83/><N who="3" m="47231" /><G13/><T74/><D74/><U93/><E72/><V39/><F39/><W103/><G103/><T36/><D36/><U128/><E128/><V1/><F1/><W14/><G14/><T61/><D61/><U129/><E129/><RYUUKYOKU ba="1,2" sc="250,15,220,-15,250,15,260,-15" hai0="2,4,10,24,26,27,49,54,55,58,62,92,95" hai2="40,43,45,50,52,53,59,63,77,78" /><INIT seed="0,2,2,5,3,78" ten="265,205,265,245" oya="0" hai0="16,114,84,127,28,2,100,96,121,110,30,11,119" hai1="36,73,22,20,105,56,13,71,82,54,113,14,24" hai2="7,19,64,77,60,55,70,120,123,58,72,106,102" hai3="135,93,67,21,32,59,65,101,83,79,8,29,0"/><T47/><D114/><U3/><E3/><V23/><F7/><W9/><G32/><T126/><D119/><U68/><E36/><V122/><F106/><W40/><G40/><T112/><D112/><U125/><E105/><V26/><F102/><W97/><G135/><T80/><D121/><U52/><E113/><V74/><REACH who="2" step="1"/><F77/><REACH who="2" ten="265,205,255,245" step="2"/><W104/><G104/><T34/><D100/><U66/><E125/><V90/><F90/><W109/><G109/><T25/><D126/><U103/><E103/><V53/><F53/><W18/><G0/><T50/><D127/><U10/><E54/><V98/><F98/><W94/><G65/><T43/><D110/><U128/><E66/><V44/><F44/><W31/><G67/><T88/><D96/><U38/><E52/><V37/><F37/><W61/><G94/><T27/><D2/><U111/><E38/><V117/><F117/><W39/><G39/><T134/><D134/><U12/><E111/><V91/><F91/><W75/><G59/><T85/><D47/><U45/><E45/><V69/><F69/><W76/><G76/><T48/><D43/><U51/><E68/><V49/><AGARI ba="2,3" hai="19,23,26,49,55,58,60,64,70,72,74,120,122,123" machi="49" ten="30,2000,0" yaku="1,1,0,1,53,0" doraHai="78" doraHaiUra="87" who="2" fromWho="2" sc="265,-12,205,-7,255,56,245,-7" /><INIT seed="1,0,0,5,2,23" ten="253,198,311,238" oya="1" hai0="93,69,130,18,42,72,26,94,74,7,101,62,24" hai1="132,77,44,41,49,25,84,11,114,113,39,21,52" hai2="27,20,57,115,17,19,47,80,98,103,116,118,104" hai3="48,54,128,86,6,4,29,3,14,81,78,110,9"/><U61/><E132/><V107/><F115/><W59/><G128/><T133/><D130/><U122/><E122/><V124/><F124/><W96/><G110/><T75/><D133/><U55/><E11/><V33/><F104/><W51/><G29/><T129/><D129/><U38/><E77/><V53/><F80/><W109/><G109/><T126/><D126/><U67/><E84/><V83/><F83/><W119/><G119/><T125/><D125/><U73/><E73/><V88/><F88/><W40/><G96/><T8/><D42/><U123/><E25/><V82/><F82/><W31/><G31/><T68/><D18/><U10/><E21/><V79/><F79/><W43/><G3/><T36/><D36/><N who="1" m="13867" /><E10/><V5/><F47/><N who="3" m="25703" /><G43/><T120/><D120/><U90/><E90/><V134/><F33/><W34/><G34/><T70/><D62/><U60/><E123/><V111/><F134/><W66/><G66/><T1/><REACH who="0" step="1"/><D101/><REACH who="0" ten="243,198,311,238" step="2"/><U37/><E37/><V63/><F111/><W97/><G6/><T127/><D127/><U50/><E41/><V2/><F17/><W64/><G4/><T91/><D91/><U16/><E16/><V135/><F135/><W58/><G9/><T46/><D46/><N who="1" m="27703" /><E61/><V99/><F116/><W95/><G78/><T85/><D85/><U117/><E117/><V92/><F118/><W100/><G86/><T15/><D15/><U112/><E112/><V106/><F5/><W89/><G14/><T32/><D32/><U65/><E60/><V105/><F2/><W108/><G89/><T13/><D13/><U87/><E87/><RYUUKYOKU ba="0,1" sc="243,10,198,10,311,10,238,-30" hai0="1,7,8,24,26,68,69,70,72,74,75,93,94" hai1="44,50,55,65,67,113,114" hai2="19,20,27,53,57,63,92,98,99,103,105,106,107" /><INIT seed="1,1,1,0,1,6" ten="253,208,321,208" oya="1" hai0="78,113,133,29,43,5,35,51,100,41,79,54,50" hai1="128,55,118,102,80,119,21,71,30,22,110,81,74" hai2="8,33,20,47,3,122,86,116,62,59,127,104,67" hai3="7,120,99,26,135,93,19,129,15,121,75,92,63"/><U91/><E71/><V85/><F116/><W25/><G75/><T40/><D113/><U39/><E39/><V111/><F33/><W2/><G129/><T16/><D133/><U84/><E102/><V130/><F122/><W103/><G135/><T101/><D35/><U87/><E74/><V24/><F130/><W112/><G112/><T131/><D131/><U132/><E128/><V46/><F104/><W42/><G42/><T68/><D68/><U73/><E73/><V88/><F127/><W123/><G92/><T37/><D37/><U10/><E132/><V31/><F86/><W107/><G107/><T11/><D29/><U72/><E72/><V108/><F8/><W90/><G103/><N who="0" m="39499" /><D5/><U117/><E110/><N who="2" m="42027" /><F3/><W82/><G82/><AGARI ba="1,1" hai="20,24,31,46,47,59,62,67,82,85,88" m="42027" machi="82" ten="30,2000,0" yaku="14,1,54,1" doraHai="6" who="2" fromWho="3" sc="253,0,208,0,321,33,208,-23" /><INIT seed="2,0,0,3,2,53" ten="253,208,354,185" oya="2" hai0="73,76,85,56,91,132,32,17,29,87,89,68,134" hai1="103,6,112,117,63,41,30,115,69,100,90,109,88" hai2="31,28,16,46,116,110,128,113,118,92,3,57,64" hai3="54,5,102,97,55,0,120,94,8,12,107,111,38"/><V130/><F113/><W79/><G120/><T122/><D122/><U78/><E117/><V83/><F3/><W40/><G111/><T15/><D68/><U4/><E78/><V81/><F110/><W22/><G79/><T23/><D73/><U127/><E109/><V25/><F46/><W121/><G121/><T26/><D56/><U105/><E41/><V52/><F64/><W72/><G72/><T101/><D101/><N who="1" m="38987" /><E30/><V75/><F92/><W2/><G107/><T119/><D119/><U96/><E96/><V21/><F75/><W125/><G125/><T39/><D39/><U42/><E42/><V35/><F31/><W33/><G33/><T106/><D106/><U24/><E24/><N who="2" m="14375" /><F116/><W10/><G22/><T61/><D61/><U129/><E63/><N who="2" m="36263" /><F118/><W47/><REACH who="3" step="1"/><G2/><REACH who="3" ten="253,208,354,175" step="2"/><T93/><REACH who="0" step="1"/><D76/><REACH who="0" ten="243,208,354,175" step="2"/><U51/><E115/><V1/><F1/><W44/><G44/><T95/><AGARI ba="0,2" hai="15,17,23,26,29,32,85,87,89,91,93,95,132,134" machi="95" ten="30,7900,0" yaku="1,1,2,1,0,1,9,1,53,0" doraHai="53" doraHaiUra="65" who="0" fromWho="0" sc="243,99,208,-20,354,-39,175,-20" /><INIT seed="3,0,0,5,4,66" ten="342,188,315,155" oya="3" hai0="50,83,46,41,40,35,80,125,21,19,123,48,81" hai1="67,121,58,118,110,55,27,31,71,85,47,95,128" hai2="104,5,129,8,72,28,113,77,2,38,115,24,6" hai3="74,131,34,75,122,45,79,97,119,20,127,78,37"/><W23/><G122/><T39/><D123/><U65/><E121/><V14/><F129/><W69/><G119/><T89/><D35/><U17/><E71/><V117/><F117/><W13/><G127/><T36/><D125/><U109/><E118/><V91/><F91/><W90/><G131/><T94/><D39/><U76/><E17/><V18/><F104/><W134/><G34/><T26/><REACH who="0" step="1"/><D41/><REACH who="0" ten="332,188,315,155" step="2"/><U22/><E128/><V53/><F38/><W10/><G134/><T102/><D102/><U3/><E109/><V103/><F103/><W116/><G116/><T114/><D114/><U111/><E110/><V126/><F126/><W42/><G69/><T112/><D112/><U92/><E111/><V98/><F113/><W88/><G75/><T70/><D70/><U29/><E3/><V87/><F115/><W52/><G74/><T30/><D30/><U7/><E31/><V33/><F53/><W43/><G97/><AGARI ba="0,1" hai="19,21,26,36,40,46,48,50,80,81,83,89,94,97" machi="97" ten="40,1300,0" yaku="1,1,53,0" doraHai="66" doraHaiUra="106" who="0" fromWho="3" sc="332,23,188,0,315,0,155,-13" owari="355,45.0,188,-21.0,315,12.0,142,-36.0" /></mjloggm>