<mjloggm ver="2.3"><GO type="97" lobby="0"/><UN n0="%6E%6F%7A%6F%6D%61%69%69" n1="%E5%B0%B1%E6%B4%BB%E7%94%9F%40%E5%B7%9D%E6%9D%91%E8%BB%8D%E5%9B%A3" n2="%E8%B7%AF%E5%9C%B0%E8%A3%8F%E3%81%AE%E3%81%B2%E3%81%BE%E3%82%8F%E3%82%8A" n3="%E3%83%AA%E3%83%92%E3%83%A3" dan="13,14,15,15" rate="1840.80,1949.25,1999.14,1980.66" sx="M,M,M,M"/><TAIKYOKU oya="0"/><INIT seed="0,0,0,5,2,120" ten="250,250,250,250" oya="0" hai0="29,1,64,109,33,122,131,56,12,113,30,117,68" hai1="115,59,111,97,123,63,3,89,83,52,45,42,26" hai2="73,60,11,21,41,82,81,28,95,102,105,108,98" hai3="96,112,86,16,40,13,100,119,43,32,78,124,90"/><T121/><D56/><U23/><E123/><V69/><F41/><W2/><G2/><T134/><D64/><U27/><E115/><V25/><F11/><W57/><G32/><T85/><D85/><U17/><E3/><V66/><F108/><W118/><G112/><T47/><D47/><U93/><E83/><V110/><F110/><W70/><G70/><T94/><D94/><U125/><E125/><V31/><F73/><W50/><G124/><T127/><D12/><U51/><E111/><V20/><F105/><W54/><G78/><T129/><D29/><U76/><E76/><V130/><F130/><W18/><G18/><T15/><D15/><AGARI ba="0,0" hai="15,17,23,26,27,42,45,51,52,59,63,89,93,97" machi="15" ten="30,3900,0" yaku="7,1,8,1,54,1" doraHai="120" who="1" fromWho="0" sc="250,-39,250,39,250,0,250,0" /><INIT seed="1,0,0,3,5,118" ten="211,289,250,250" oya="1" hai0="92,121,70,36,8,88,66,134,33,32,124,49,128" hai1="15,79,122,132,102,45,56,73,2,35,50,51,75" hai2="112,5,67,71,16,99,55,84,3,116,81,23,130" hai3="12,135,9,25,65,19,18,107,61,42,63,27,123"/><U93/><E2/><V72/><F116/><W76/><G107/><T133/><D36/><U95/><E35/><V11/><F72/><W131/><G131/><T113/><D113/><U6/><E132/><N who="0" m="50793" /><D128/><U90/><E122/><V80/><F130/><W77/><G123/><T44/><D124/><U41/><E102/><V10/><F10/><W108/><G108/><T127/><D127/><U58/><E93/><V60/><F112/><W85/><G135/><T109/><D109/><U54/><E79/><N who="3" m="30282" /><G42/><N who="0" m="24727" /><D8/><N who="1" m="4503" /><E73/><V97/><F55/><W62/><G65/><T74/><D74/><U110/><E75/><V53/><F53/><W96/><G96/><N who="0" m="57351" /><D121/><U111/><E111/><V89/><REACH who="2" step="1"/><F81/><REACH who="2" ten="211,289,240,250" step="2"/><W64/><G64/><T125/><D125/><U115/><E110/><V13/><AGARI ba="0,1" hai="3,5,11,13,16,23,60,67,71,80,84,89,97,99" machi="13" ten="20,8000,1" yaku="1,1,2,1,0,1,7,1,54,1,53,0" doraHai="118" doraHaiUra="52" who="2" fromWho="2" sc="211,-20,289,-40,240,90,250,-20" /><INIT seed="2,0,0,0,4,25" ten="191,249,330,230" oya="2" hai0="35,20,78,103,19,14,81,46,66,124,130,5,117" hai1="64,76,107,59,93,98,91,11,33,109,13,8,112" hai2="104,71,110,36,134,125,79,128,94,12,43,1,101" hai3="68,118,22,54,80,116,30,24,49,75,131,7,16"/><V45/><F1/><W9/><G68/><T42/><D117/><U57/><E112/><V31/><F104/><W67/><G67/><T132/><D132/><U28/><E109/><V44/><F134/><W89/><G131/><T123/><D123/><U27/><E107/><V32/><F128/><W47/><G16/><T37/><D130/><U55/><E76/><V92/><F71/><W115/><G115/><T121/><D121/><U122/><E122/><V34/><F110/><W120/><G120/><T6/><D124/><U60/><REACH who="1" step="1"/><E13/><REACH who="1" ten="191,239,330,230" step="2"/><V3/><F12/><W53/><G118/><T106/><D5/><U56/><E56/><V74/><F79/><W72/><G116/><T2/><D2/><U88/><E88/><V50/><F3/><W63/><G89/><T40/><D6/><U87/><E87/><V82/><F74/><W48/><G72/><T119/><D119/><U39/><E39/><V83/><F36/><W86/><G75/><T97/><D78/><U114/><E114/><V111/><F111/><W102/><G86/><T133/><D133/><U100/><E100/><V38/><F101/><W18/><G102/><T127/><D127/><U29/><E29/><V0/><F0/><W73/><G30/><T41/><D106/><U26/><E26/><V65/><F38/><W17/><G73/><T51/><D103/><U126/><E126/><V58/><F31/><W95/><G7/><T10/><D37/><U113/><E113/><V15/><F125/><W108/><G24/><T84/><D84/><U21/><E21/><V96/><F15/><W135/><G108/><RYUUKYOKU ba="0,1" sc="191,-10,239,30,330,-10,230,-10" hai1="8,11,27,28,33,55,57,59,60,64,91,93,98" /><INIT seed="3,1,1,5,5,72" ten="181,269,320,220" oya="3" hai0="133,32,96,33,88,79,44,114,10,63,41,92,25" hai1="111,9,40,54,6,71,93,62,56,110,90,126,118" hai2="78,34,130,98,75,135,28,69,106,8,121,115,86" hai3="13,129,46,120,47,95,11,38,48,12,119,18,22"/><W87/><G120/><T26/><D114/><U20/><E118/><V89/><F115/><W82/><G119/><T73/><D133/><U117/><E117/><V132/><F121/><W37/><G129/><T64/><D10/><U122/><E122/><V65/><F130/><W4/><G95/><T42/><D42/><U24/><E126/><V128/><F128/><W97/><G97/><T100/><D100/><U39/><E71/><V131/><F131/><W105/><G105/><T16/><D26/><U102/><E102/><N who="2" m="62807" /><F8/><W109/><G109/><N who="1" m="41482" /><E40/><V104/><F104/><W0/><G0/><T101/><D101/><U99/><E39/><V51/><F51/><W80/><G80/><T113/><D113/><U94/><E94/><N who="2" m="54583" /><F28/><W85/><G85/><T84/><D73/><U61/><E61/><N who="2" m="40111" /><F34/><W134/><G46/><T70/><D41/><U30/><E9/><V35/><F35/><W21/><G21/><T57/><D70/><U45/><E45/><V76/><F75/><W77/><G134/><AGARI ba="1,1" hai="76,78,132,134,135" m="40111,54583,62807" machi="134" ten="30,3900,0" yaku="20,1,52,2" doraHai="72" who="2" fromWho="3" sc="181,0,269,0,320,52,220,-42" owari="181,-22.0,269,7.0,372,47.0,178,-32.0" /></mjloggm>