<mjloggm ver="2.3"><GO type="225" lobby="0"/><UN n0="%E3%81%82%E3%82%89%E3%81%8F%E3%82%8C" n1="%E9%BB%92%E9%AC%BC" n2="%E5%B0%B1%E6%B4%BB%E7%94%9F%40%E5%B7%9D%E6%9D%91%E8%BB%8D%E5%9B%A3" n3="%E7%A7%98%E5%89%A3%E2%98%85%E5%8D%83%E9%B3%A5%E2%98%85" dan="17,17,16,16" rate="2161.90,2188.94,2055.30,2114.82" sx="F,M,M,M"/><TAIKYOKU oya="0"/><INIT seed="0,0,0,5,1,72" ten="250,250,250,250" oya="0" hai0="28,104,49,85,44,94,65,75,128,73,35,52,87" hai1="8,127,42,54,108,86,1,24,19,76,58,106,47" hai2="133,105,21,95,109,23,22,110,84,102,62,129,26" hai3="4,78,130,66,131,93,57,99,51,60,80,96,100"/><T116/><D116/><U125/><E106/><V43/><F105/><W126/><G4/><T3/><D104/><U112/><E112/><V37/><F129/><N who="3" m="49163" /><G99/><T74/><D128/><U2/><E108/><N who="2" m="41579" /><F133/><W29/><G29/><T39/><D3/><U117/><E117/><V59/><F43/><W10/><G10/><T107/><D107/><U90/><E24/><V120/><F37/><W119/><G119/><T67/><D39/><U41/><E19/><N who="2" m="12607" /><F120/><W50/><G126/><N who="1" m="48138" /><E8/><V83/><F95/><W15/><G15/><T5/><D5/><U101/><E101/><V34/><F102/><W13/><G13/><T89/><REACH who="0" step="1"/><D87/><AGARI ba="0,0" hai="50,51,57,60,66,78,80,87,93,96,100" m="49163" machi="87" ten="30,2000,0" yaku="19,1,52,1" doraHai="72" who="3" fromWho="0" sc="250,-20,250,0,250,0,250,20" /><INIT seed="1,0,0,5,0,1" ten="230,250,250,270" oya="1" hai0="61,57,42,71,62,85,69,76,24,129,113,75,123" hai1="2,9,77,14,127,134,112,56,0,32,59,92,80" hai2="103,130,86,7,16,3,135,4,15,5,122,94,50" hai3="118,67,65,37,40,54,125,89,44,100,74,39,108"/><U101/><E112/><V95/><F122/><W48/><G74/><T104/><D113/><U27/><E134/><V97/><F130/><W49/><G100/><T8/><D123/><U12/><E127/><V79/><F135/><W90/><G125/><T43/><D75/><U19/><E2/><V133/><F133/><W120/><G120/><T117/><D104/><U106/><E106/><V131/><F131/><W72/><G72/><T35/><D117/><U102/><E0/><V96/><F3/><W29/><G29/><T20/><D35/><U111/><E111/><V70/><F70/><W116/><G90/><T6/><D71/><U11/><E27/><V84/><F79/><W78/><G89/><T105/><D105/><U21/><E32/><V41/><F50/><W82/><G82/><N who="0" m="47303" /><D69/><U115/><E115/><V28/><F41/><N who="0" m="15370" /><D57/><U31/><E59/><V110/><F28/><W132/><G78/><T63/><D129/><U98/><E56/><V99/><F110/><W13/><G13/><N who="0" m="5271" /><D61/><U34/><E34/><V18/><F18/><AGARI ba="0,0" hai="18,20,24,62,63" m="5271,15370,47303" machi="18" ten="30,2000,0" yaku="8,1,52,1" doraHai="1" who="0" fromWho="2" sc="230,20,250,0,250,-20,270,0" /><INIT seed="2,0,0,4,4,4" ten="250,250,230,270" oya="2" hai0="134,116,14,118,92,129,97,100,10,22,75,126,0" hai1="110,124,115,60,29,106,119,99,58,11,98,43,89" hai2="104,132,16,109,102,63,70,40,8,30,107,105,93" hai3="82,32,54,33,84,17,41,76,101,45,122,128,12"/><V94/><F30/><W64/><G122/><T25/><D126/><U120/><E115/><V113/><F113/><W48/><G128/><T52/><D129/><U78/><E119/><N who="0" m="45609" /><D134/><U95/><E124/><V112/><F112/><W37/><G101/><T27/><D75/><U81/><E110/><V26/><F40/><W85/><G64/><T38/><D38/><U133/><E133/><V59/><F70/><W117/><G117/><T28/><D25/><U69/><E69/><V62/><F132/><W67/><G67/><T13/><D52/><N who="1" m="33863" /><E106/><V51/><F109/><W20/><G85/><T49/><D49/><U42/><E120/><V23/><F8/><W91/><G76/><T18/><D13/><U131/><E131/><V90/><F102/><W19/><G19/><N who="0" m="8663" /><D0/><U53/><E29/><AGARI ba="0,0" hai="18,22,27,28,29,92,97,100" m="8663,45609" machi="29" ten="30,2000,0" yaku="12,1,52,1" doraHai="4" who="0" fromWho="1" sc="250,20,250,-20,230,0,270,0" /><INIT seed="3,0,0,3,5,21" ten="270,230,230,270" oya="3" hai0="102,27,96,72,77,80,73,47,87,95,100,82,101" hai1="1,40,91,116,109,11,108,84,23,12,123,113,70" hai2="3,31,92,125,83,69,133,56,10,107,48,45,99" hai3="64,24,88,114,8,117,78,43,121,118,52,104,59"/><W41/><G104/><T86/><D27/><U16/><E113/><V20/><F69/><W89/><G114/><T98/><D47/><U32/><E70/><V85/><F107/><W42/><G121/><T30/><D30/><U15/><E40/><V29/><F125/><W18/><G117/><T131/><D131/><U6/><E91/><N who="3" m="34890" /><G118/><T76/><D98/><U55/><E84/><AGARI ba="0,0" hai="72,73,76,77,80,82,84,86,87,95,96,100,101,102" machi="84" ten="40,12000,2" yaku="9,1,35,6" doraHai="21" who="0" fromWho="1" sc="270,120,230,-120,230,0,270,0" owari="390,49.0,110,-39.0,230,-17.0,270,7.0" /></mjloggm>