<mjloggm ver="2.3"><GO type="41" lobby="0"/><UN n0="%73%67%66%74%64" n1="%E5%B0%B1%E6%B4%BB%E7%94%9F%40%E5%B7%9D%E6%9D%91%E8%BB%8D%E5%9B%A3" n2="%6E%79%75%73%75%6B%65" n3="%61%61%7A%65%74" dan="13,17,13,14" rate="1943.95,2126.44,1857.61,1931.02" sx="M,M,M,F"/><TAIKYOKU oya="0"/><INIT seed="0,0,0,5,0,74" ten="250,250,250,250" oya="0" hai0="100,83,87,33,103,106,20,48,99,24,53,25,117" hai1="91,79,115,46,85,127,123,31,97,34,102,61,41" hai2="47,35,73,38,28,22,98,40,66,110,9,122,67" hai3="94,93,114,133,39,88,37,124,11,7,6,107,0"/><T58/><D33/><U51/><E123/><V77/><F122/><W68/><G68/><T64/><D100/><U80/><E115/><V131/><F131/><W134/><G114/><T36/><D36/><N who="3" m="13897" /><G107/><T30/><D117/><U19/><E127/><V116/><F110/><W16/><G124/><T2/><D2/><U126/><E126/><V63/><F63/><W55/><G55/><T21/><D64/><U104/><E61/><V113/><F35/><W81/><G81/><T49/><D21/><U54/><E41/><V109/><F98/><N who="3" m="57639" /><G94/><T59/><D25/><U76/><REACH who="1" step="1"/><E19/><REACH who="1" ten="250,240,250,250" step="2"/><V1/><F113/><W125/><G125/><T14/><D14/><U27/><AGARI ba="0,1" hai="27,31,34,46,51,54,76,79,80,85,91,97,102,104" machi="27" ten="30,8000,1" yaku="1,1,2,1,0,1,52,2,53,0" doraHai="74" doraHaiUra="119" who="1" fromWho="1" sc="250,-40,240,90,250,-20,250,-20" /><INIT seed="1,0,0,5,5,20" ten="210,330,230,230" oya="1" hai0="133,108,110,0,62,132,29,121,88,19,27,21,87" hai1="70,34,15,31,118,114,116,90,84,1,37,9,79" hai2="63,50,106,76,134,135,49,102,5,3,61,125,113" hai3="57,105,74,51,72,81,7,53,16,60,115,95,10"/><U131/><E70/><V28/><F125/><W117/><G105/><T80/><D0/><U32/><E114/><V69/><F76/><W11/><G115/><T41/><D41/><U23/><E37/><V52/><F49/><W64/><G117/><T93/><D62/><U38/><E38/><V89/><F89/><W111/><G111/><N who="0" m="42539" /><D121/><U126/><E126/><V39/><F39/><W97/><G74/><T103/><D103/><U130/><E79/><V112/><F28/><W58/><G81/><T56/><D56/><U48/><E48/><V46/><F69/><W2/><G72/><T67/><D67/><U104/><E104/><V85/><F85/><W36/><G36/><T91/><D29/><U25/><E90/><V75/><F75/><W73/><G73/><T59/><D59/><U96/><E84/><AGARI ba="0,0" hai="19,21,27,80,84,87,88,91,93,132,133" m="42539" machi="84" ten="30,3900,0" yaku="14,1,52,1,54,1" doraHai="20" who="0" fromWho="1" sc="210,39,330,-39,230,0,230,0" /><INIT seed="2,0,0,2,1,90" ten="249,291,230,230" oya="2" hai0="114,5,71,50,108,81,129,43,20,117,88,66,84" hai1="56,57,69,32,47,113,45,92,61,58,63,80,16" hai2="65,59,51,42,116,119,23,134,12,38,13,95,36" hai3="133,48,72,87,96,62,75,121,107,3,124,86,8"/><V99/><F134/><W112/><G121/><T7/><D114/><U102/><E32/><V67/><F42/><W52/><G112/><T15/><D71/><U111/><E111/><V28/><F119/><W128/><G133/><T109/><D66/><U41/><E69/><V10/><F13/><W115/><G115/><T0/><D0/><U125/><E125/><V74/><F74/><W70/><G75/><T79/><D117/><U35/><E35/><V82/><F82/><W120/><G72/><T76/><D129/><U77/><E113/><V131/><F131/><W53/><G124/><T94/><D20/><U126/><E126/><V21/><F38/><W83/><G128/><T22/><D79/><U30/><E30/><V64/><F28/><W118/><G120/><T29/><D29/><U123/><E123/><V17/><F36/><W1/><G70/><T46/><D22/><U98/><E16/><V40/><F40/><W24/><G1/><T25/><D25/><U93/><E93/><V9/><F23/><W34/><G107/><T106/><D106/><U14/><E14/><V130/><F130/><W26/><G34/><T6/><REACH who="0" step="1"/><D15/><REACH who="0" ten="239,291,230,230" step="2"/><U73/><E41/><V97/><F116/><W19/><G3/><T78/><D78/><U44/><AGARI ba="0,1" hai="44,45,47,56,57,58,61,63,73,77,80,92,98,102" machi="44" ten="30,2000,0" yaku="0,1,52,1" doraHai="90" who="1" fromWho="1" sc="239,-5,291,30,230,-10,230,-5" /><INIT seed="3,0,0,1,1,82" ten="234,321,220,225" oya="3" hai0="37,108,20,56,116,97,91,40,10,70,125,87,130" hai1="76,6,89,114,46,55,43,135,88,38,73,133,45" hai2="18,120,95,15,7,126,121,94,51,134,29,14,131" hai3="113,100,13,83,111,59,67,16,58,8,65,64,50"/><W48/><G113/><T68/><D116/><U92/><E114/><V44/><F134/><N who="1" m="51209" /><E6/><V53/><F131/><W112/><G112/><T41/><D108/><U71/><E71/><V4/><F29/><W103/><G111/><T11/><D125/><U102/><E73/><V105/><F105/><W109/><G109/><T52/><D130/><U66/><E66/><V12/><F18/><W81/><G81/><T62/><D97/><N who="1" m="59687" /><E76/><V117/><F117/><W30/><G30/><T33/><D33/><U23/><E23/><V1/><F126/><W90/><G50/><AGARI ba="0,0" hai="38,43,45,46,50,55,88,89" m="59687,51209" machi="50" ten="30,2000,0" yaku="20,1,54,1" doraHai="82" who="1" fromWho="3" sc="234,0,321,20,220,0,225,-20" /><INIT seed="4,0,0,4,5,90" ten="234,341,220,205" oya="0" hai0="58,26,103,32,33,30,38,63,18,131,130,99,52" hai1="88,101,135,124,129,15,120,104,92,4,0,11,127" hai2="55,98,61,53,42,22,117,56,75,134,17,57,110" hai3="50,121,94,54,31,3,81,82,6,133,37,96,7"/><T45/><D33/><U83/><E120/><V115/><F110/><W122/><G37/><T43/><REACH who="0" step="1"/><D18/><REACH who="0" ten="224,341,220,205" step="2"/><U119/><E119/><V87/><F117/><W132/><G7/><T5/><D5/><U29/><E4/><V84/><F115/><W39/><G6/><T80/><D80/><U105/><E83/><V91/><F134/><W13/><G82/><T44/><D44/><U93/><E135/><V100/><F75/><W64/><G81/><T34/><D34/><U9/><E0/><V72/><F72/><W28/><G3/><T74/><D74/><U51/><E29/><V8/><F8/><W12/><G28/><T73/><D73/><U116/><E116/><V62/><F17/><W95/><G31/><T126/><D126/><U16/><E11/><V123/><F22/><W41/><G132/><T59/><D59/><U14/><E14/><V79/><F123/><W2/><G133/><T78/><D78/><U46/><E127/><V107/><F79/><W36/><G2/><T19/><D19/><U67/><E124/><V118/><F118/><W70/><G121/><T66/><D66/><U76/><E67/><V48/><F91/><W71/><G122/><T21/><D21/><U60/><E9/><V40/><F40/><W128/><G64/><T102/><D102/><U24/><E46/><AGARI ba="0,1" hai="42,46,48,53,55,56,57,61,62,84,87,98,100,107" machi="46" ten="40,1300,0" yaku="9,1" doraHai="90" who="2" fromWho="1" sc="224,0,341,-13,220,23,205,0" /><INIT seed="5,0,0,0,3,123" ten="224,328,243,205" oya="1" hai0="56,120,20,68,81,12,3,37,45,46,109,98,54" hai1="65,134,71,52,11,95,22,72,48,80,33,14,18" hai2="32,131,43,31,88,114,9,70,85,73,69,41,116" hai3="83,133,13,8,82,115,110,78,128,62,79,105,17"/><U26/><E33/><V92/><F116/><W27/><G105/><T94/><D3/><U124/><E124/><V60/><F131/><W21/><G128/><T51/><D68/><U61/><E134/><V7/><F73/><W97/><G133/><T30/><D109/><U127/><E127/><V132/><F132/><W130/><G130/><T10/><D120/><U96/><E80/><V89/><F114/><W125/><G125/><T64/><D64/><U135/><E135/><V66/><F70/><W111/><G115/><T118/><D118/><U100/><E72/><V58/><F69/><W117/><G117/><T129/><D129/><U53/><REACH who="1" step="1"/><E48/><REACH who="1" ten="224,318,243,205" step="2"/><V74/><F74/><W67/><G83/><T126/><D126/><U47/><E47/><V44/><F44/><W122/><G82/><T59/><D81/><U101/><E101/><V0/><F32/><W5/><G122/><T77/><D37/><U102/><E102/><V34/><F34/><W55/><G78/><T39/><D39/><U106/><E106/><V90/><F90/><W87/><G79/><T76/><D46/><U108/><E108/><V28/><F89/><W19/><G110/><T119/><D119/><U49/><E49/><V63/><F63/><W40/><G111/><T38/><D38/><U91/><E91/><V104/><F104/><W15/><G62/><T36/><D36/><U107/><E107/><V1/><F60/><W29/><G67/><T50/><D50/><U42/><E42/><V86/><F43/><W25/><G40/><T23/><D45/><U24/><E24/><V93/><F41/><RYUUKYOKU ba="0,1" sc="224,-10,318,30,243,-10,205,-10" hai1="11,14,18,22,26,52,53,61,65,71,95,96,100" /><INIT seed="5,1,1,4,5,13" ten="214,348,233,195" oya="1" hai0="49,3,112,43,41,32,9,42,115,135,39,116,28" hai1="30,6,64,7,83,29,19,70,89,131,52,38,101" hai2="129,134,82,51,114,58,80,132,66,37,92,107,4" hai3="106,20,50,110,97,11,102,67,46,53,5,26,27"/><U72/><E38/><V122/><F122/><W113/><G113/><N who="0" m="43595" /><D116/><U133/><E133/><N who="2" m="51307" /><F107/><W21/><G110/><T60/><D135/><U119/><E70/><V87/><F37/><W94/><G67/><T44/><D32/><U77/><E64/><V125/><F125/><W12/><G106/><T71/><D28/><U90/><E119/><V79/><F129/><W36/><G36/><T54/><D3/><U124/><E101/><V81/><F92/><W14/><REACH who="3" step="1"/><G12/><REACH who="3" ten="214,348,233,185" step="2"/><T69/><D9/><U31/><E131/><V55/><F66/><W33/><G33/><T109/><D109/><U85/><E124/><V76/><F114/><W65/><G65/><N who="0" m="41127" /><D71/><U34/><E34/><V57/><F76/><W48/><G48/><T100/><D100/><U0/><E0/><V104/><F104/><W18/><G18/><T63/><D63/><U17/><E72/><V68/><F68/><W61/><G61/><T78/><D78/><U40/><E7/><V2/><F4/><W91/><G91/><T117/><D117/><U23/><E6/><V47/><F2/><W118/><G118/><T10/><D10/><U127/><E127/><V98/><F79/><W59/><G59/><AGARI ba="1,2" hai="39,41,42,43,44,49,54,59" m="41127,43595" machi="59" ten="30,7700,0" yaku="24,1,15,1,34,2" doraHai="13" who="0" fromWho="3" sc="214,100,348,0,233,0,185,-80" /><INIT seed="6,0,0,0,0,55" ten="314,348,233,105" oya="2" hai0="35,8,102,130,65,100,9,95,31,73,93,116,7" hai1="117,46,133,124,125,76,129,0,128,25,119,28,85" hai2="120,1,16,50,132,63,32,108,53,12,78,13,42" hai3="56,114,3,91,11,44,54,67,10,30,89,58,45"/><V66/><F120/><W34/><G114/><T131/><D73/><U2/><E76/><V40/><F132/><W14/><G3/><N who="1" m="1066" /><E85/><V38/><F32/><W61/><G30/><T81/><D35/><N who="1" m="20879" /><E46/><N who="3" m="18026" /><G34/><T115/><D31/><U52/><E52/><V90/><F12/><W18/><G10/><N who="0" m="4203" /><D7/><U92/><E92/><N who="0" m="35401" /><D115/><U24/><E24/><V43/><F1/><W123/><G123/><T113/><D113/><U23/><E23/><N who="2" m="11663" /><F38/><W19/><G18/><T94/><D116/><N who="1" m="44619" /><E133/><V4/><F4/><W118/><G118/><T87/><D65/><U111/><E111/><V83/><F108/><W72/><G72/><T36/><D36/><U49/><E49/><AGARI ba="0,0" hai="11,14,19,49,54,56,58,61,67,89,91" m="18026" machi="49" ten="30,3900,0" yaku="8,1,52,2" doraHai="55" who="3" fromWho="1" sc="314,0,348,-39,233,0,105,39" /><INIT seed="7,0,0,4,1,105" ten="314,309,233,144" oya="3" hai0="71,62,116,134,68,121,84,33,73,57,117,52,22" hai1="123,125,13,53,36,98,115,19,82,130,21,40,27" hai2="26,104,56,46,95,39,58,3,88,118,37,67,122" hai3="59,18,35,126,85,51,54,101,133,63,12,61,77"/><W135/><G35/><T96/><D33/><U74/><E123/><V112/><F112/><W131/><G101/><T23/><D73/><U76/><E115/><V129/><F118/><W17/><G126/><T86/><D121/><U9/><E125/><V42/><F104/><W29/><G29/><T90/><D96/><U102/><E130/><V81/><F3/><W78/><G131/><T20/><D134/><N who="3" m="51209" /><G85/><T5/><D5/><U25/><E53/><V83/><F37/><W30/><G30/><T45/><D45/><U99/><E99/><V107/><F107/><W106/><G106/><T80/><REACH who="0" step="1"/><D86/><REACH who="0" ten="304,309,233,144" step="2"/><U89/><E98/><V128/><F128/><W111/><G111/><T72/><D72/><U15/><E102/><V55/><F129/><W0/><G0/><T70/><AGARI ba="0,1" hai="20,22,23,52,57,62,68,70,71,80,84,90,116,117" machi="70" ten="40,5200,0" yaku="1,1,0,1,54,1,53,0" doraHai="105" doraHaiUra="14" who="0" fromWho="0" sc="304,62,309,-13,233,-13,144,-26" owari="366,46.0,296,10.0,220,-18.0,118,-38.0" /></mjloggm>