<mjloggm ver="2.3"><GO type="41" lobby="0"/><UN n0="%E4%BA%BA%E4%BF%AE%E7%BE%85%E3%82%B5%E3%83%B3" n1="%E3%82%A2%E3%83%AC%E7%86%8A%E3%81%95%E3%82%93" n2="%E3%81%97%E3%81%97%E3%81%8C%E3%81%97%E3%82%89" n3="%E5%B0%B1%E6%B4%BB%E7%94%9F%40%E5%B7%9D%E6%9D%91%E8%BB%8D%E5%9B%A3" dan="14,15,13,17" rate="1997.61,1931.26,1805.15,2096.93" sx="M,M,M,M"/><TAIKYOKU oya="0"/><INIT seed="0,0,0,0,0,3" ten="250,250,250,250" oya="0" hai0="32,86,58,27,41,75,12,95,103,127,71,50,28" hai1="126,8,51,130,131,53,73,39,48,7,67,36,68" hai2="79,123,106,82,20,25,52,38,132,9,0,4,43" hai3="23,45,17,13,88,135,24,121,61,117,104,11,2"/><T105/><D75/><U90/><E73/><N who="2" m="43375" /><F123/><W6/><G104/><T92/><D71/><U5/><E8/><V34/><F106/><W16/><G121/><T54/><D105/><U101/><E101/><V35/><F132/><W47/><G117/><T118/><D118/><U14/><E14/><V76/><F76/><W74/><G74/><T21/><D127/><U29/><E29/><N who="2" m="17575" /><F52/><W72/><G72/><T125/><D125/><U64/><E126/><V65/><F65/><N who="1" m="25161" /><E68/><V70/><F70/><W60/><G135/><T94/><D41/><U30/><E30/><V84/><F84/><W115/><G115/><T111/><D111/><U85/><E90/><V15/><F15/><N who="3" m="5623" /><G88/><T83/><D103/><U56/><E85/><V46/><AGARI ba="0,0" hai="0,4,9,34,35,38,43,46" m="17575,43375" machi="46" ten="30,2000,0" yaku="25,1,52,1" doraHai="3" who="2" fromWho="2" sc="250,-10,250,-5,250,20,250,-5" /><INIT seed="1,0,0,4,4,43" ten="240,245,270,245" oya="1" hai0="34,91,73,41,65,112,7,94,59,117,84,122,75" hai1="27,72,131,100,90,116,1,103,2,20,107,48,31" hai2="15,51,40,85,60,55,22,70,62,6,68,108,25" hai3="13,123,104,80,120,28,130,66,0,4,45,101,57"/><U127/><E131/><V44/><F108/><W37/><G130/><T97/><D112/><U118/><E72/><V115/><F115/><W93/><G104/><T54/><D117/><U26/><E127/><V98/><F98/><W46/><G37/><T114/><D114/><U10/><E107/><V52/><F85/><W5/><G0/><N who="1" m="106" /><E48/><V69/><F6/><N who="3" m="2667" /><G123/><T12/><D34/><U113/><E90/><V87/><F15/><W124/><G124/><T30/><D30/><U105/><E105/><V129/><F129/><W9/><G28/><T81/><D122/><U109/><E113/><V88/><F62/><N who="3" m="38223" /><G80/><T134/><D65/><U96/><E96/><V102/><F60/><W95/><G120/><T33/><D33/><U83/><E83/><V58/><F102/><N who="1" m="38953" /><E10/><V133/><F133/><W11/><G11/><T42/><D134/><U36/><E36/><V86/><F87/><W47/><G101/><N who="0" m="60599" /><D75/><U67/><E67/><V61/><F55/><W32/><G32/><T99/><D99/><U79/><E79/><V128/><F128/><W14/><G14/><T64/><D73/><U53/><E53/><V82/><F70/><W71/><G71/><T77/><D64/><U38/><E38/><V8/><F8/><W106/><G106/><T24/><D91/><U17/><E109/><V121/><F121/><W89/><G89/><T125/><D125/><U3/><N who="1" m="114" /><U39/><DORA hai="18" /><E39/><V35/><F35/><W63/><G63/><N who="0" m="36343" /><D24/><N who="1" m="9259" /><E31/><AGARI ba="0,0" hai="22,25,31,40,44,51,52,58,61,68,69,82,86,88" machi="31" ten="30,8000,1" yaku="7,1,52,2,54,2" doraHai="43,18" who="2" fromWho="1" sc="240,0,245,-80,270,80,245,0" /><INIT seed="2,0,0,3,0,36" ten="240,165,350,245" oya="2" hai0="25,69,96,120,86,121,72,90,89,9,75,68,93" hai1="17,105,130,129,10,88,97,91,81,117,119,76,63" hai2="48,56,55,6,65,101,58,70,3,104,128,133,20" hai3="40,45,30,103,84,71,49,114,35,4,102,64,110"/><V92/><F128/><N who="1" m="49257" /><E63/><V31/><F133/><W38/><G114/><T115/><D25/><U66/><E66/><V52/><F104/><W28/><G110/><T83/><D9/><U62/><E62/><N who="2" m="38087" /><F70/><W125/><G125/><T47/><D47/><U46/><E46/><N who="2" m="27671" /><F3/><W106/><G106/><T39/><D39/><U60/><E60/><N who="2" m="35935" /><F6/><W123/><G4/><T57/><D69/><U19/><E17/><V124/><F124/><W85/><G123/><N who="0" m="47179" /><D68/><U53/><E53/><V44/><F31/><N who="3" m="11819" /><G71/><T87/><D57/><U113/><E19/><V2/><F2/><W74/><G35/><T12/><D115/><U8/><E113/><V5/><F5/><W82/><G74/><N who="0" m="28203" /><D12/><U22/><E22/><V99/><F44/><W51/><G64/><T135/><D135/><U21/><E21/><AGARI ba="0,0" hai="20,21,92,99,101" m="35935,27671,38087" machi="21" ten="30,2900,0" yaku="8,1,54,1" doraHai="36" who="2" fromWho="1" sc="240,0,165,-29,350,29,245,0" /><INIT seed="2,1,0,5,4,47" ten="240,136,379,245" oya="2" hai0="67,65,107,16,84,135,19,100,1,94,37,106,64" hai1="26,132,127,99,85,113,28,46,115,51,33,108,44" hai2="23,36,73,74,90,96,119,27,52,21,125,114,126" hai3="20,59,2,92,50,134,25,13,10,56,49,38,91"/><V34/><F119/><W14/><G38/><T70/><D70/><U5/><E127/><N who="2" m="48651" /><F114/><W60/><G2/><T89/><D1/><U45/><E132/><V104/><F36/><W81/><G134/><T79/><D135/><U76/><E108/><V95/><F104/><W35/><G35/><T54/><D37/><U3/><E5/><V7/><F7/><N who="3" m="3295" /><G14/><T71/><D71/><U32/><E3/><V111/><F34/><W68/><G81/><T31/><D31/><U0/><E33/><V112/><F112/><W29/><G68/><T121/><D121/><U62/><E0/><V17/><F111/><W22/><G22/><N who="2" m="8201" /><F27/><W110/><G110/><T15/><D15/><U116/><E116/><V93/><F17/><W101/><G101/><T75/><D75/><N who="2" m="28682" /><F95/><W41/><G41/><T9/><D9/><U58/><E115/><V122/><F52/><N who="3" m="33799" /><G59/><T69/><D69/><U39/><E113/><V63/><F63/><W8/><G8/><T86/><D107/><U83/><E39/><V77/><F77/><W80/><G80/><T40/><D79/><U105/><E99/><AGARI ba="1,0" hai="20,25,29,49,50,91,92,99" m="33799,3295" machi="99" ten="30,7700,0" yaku="8,1,52,2,54,1" doraHai="47" who="3" fromWho="1" sc="240,0,136,-80,379,0,245,80" /><INIT seed="3,0,0,4,4,27" ten="240,56,379,325" oya="3" hai0="46,20,10,50,36,56,54,118,25,134,18,12,1" hai1="0,41,108,62,112,67,64,126,57,63,49,40,48" hai2="84,58,135,37,79,87,65,88,76,52,66,83,93" hai3="85,110,121,101,59,2,47,60,77,69,111,31,103"/><W16/><G121/><T131/><D118/><U32/><E0/><V74/><F37/><W33/><G2/><T109/><D109/><N who="3" m="41481" /><G69/><T53/><D134/><U120/><E32/><V73/><F135/><W34/><G47/><T70/><D70/><N who="1" m="42263" /><E108/><V72/><REACH who="2" step="1"/><F76/><REACH who="2" ten="240,56,369,325" step="2"/><W128/><G128/><T6/><D131/><U123/><E112/><V44/><F44/><W45/><G45/><T100/><D36/><U90/><E126/><V80/><F80/><N who="3" m="47247" /><G16/><T26/><REACH who="0" step="1"/><D100/><REACH who="0" ten="230,56,369,325" step="2"/><U24/><E90/><V75/><N who="2" m="18944" /><DORA hai="116" /><V115/><F115/><W39/><G39/><T30/><D30/><U105/><E105/><V119/><F119/><W133/><G133/><T125/><D125/><U15/><E15/><V38/><F38/><W82/><G31/><T97/><D97/><U61/><E24/><V129/><F129/><W81/><G101/><T4/><D4/><U113/><E113/><V78/><F78/><W132/><G103/><T21/><D21/><U117/><E117/><V3/><F3/><W51/><G132/><T99/><D99/><U94/><E94/><V127/><F127/><W35/><G35/><T8/><D8/><U17/><E17/><V106/><F106/><W92/><G92/><T55/><D55/><N who="1" m="33983" /><E123/><V122/><F122/><W102/><G102/><T42/><D42/><N who="1" m="16491" /><E120/><V14/><F14/><W130/><G34/><T86/><D86/><U71/><AGARI ba="0,2" hai="48,49,63,67,71" m="16491,33983,42263" machi="71" ten="30,8000,1" yaku="35,5" doraHai="27,116" who="1" fromWho="1" sc="230,-20,56,100,369,-20,325,-40" /><INIT seed="4,0,0,5,3,58" ten="210,156,349,285" oya="0" hai0="20,78,121,65,5,82,112,98,124,129,41,14,99" hai1="64,74,11,104,43,83,102,29,106,111,130,66,17" hai2="63,118,12,93,125,21,113,52,1,70,128,122,96" hai3="67,85,2,19,10,24,103,15,132,54,7,101,60"/><T86/><D121/><U50/><E111/><V69/><F122/><W90/><G132/><T30/><D129/><U23/><E130/><V91/><F113/><W120/><G120/><T127/><D112/><U46/><E106/><V44/><F1/><W131/><G131/><T71/><D41/><U31/><E104/><V22/><F128/><W3/><G54/><T95/><D71/><U36/><E36/><V34/><F34/><W89/><G24/><N who="0" m="16647" /><D65/><N who="1" m="25195" /><E74/><V117/><F125/><N who="0" m="48202" /><D95/><U100/><E83/><V68/><F12/><W8/><G3/><T72/><D72/><U48/><E48/><N who="2" m="28679" /><F63/><W79/><G79/><T42/><D42/><U126/><E126/><V84/><F96/><W37/><G37/><T32/><D32/><U18/><E11/><AGARI ba="0,0" hai="5,11,14,78,82,86,98,99" m="48202,16647" machi="11" ten="30,1500,0" yaku="18,1" doraHai="58" who="0" fromWho="1" sc="210,15,156,-15,349,0,285,0" /><INIT seed="4,1,0,0,0,19" ten="225,141,349,285" oya="0" hai0="69,8,119,22,109,117,48,80,45,13,82,84,30" hai1="58,102,12,128,66,85,100,88,64,107,75,43,62" hai2="72,20,103,111,10,98,127,101,99,132,57,39,33" hai3="73,81,106,133,65,28,2,118,61,40,79,29,97"/><T104/><D104/><U86/><E75/><V5/><F111/><W74/><G118/><T105/><D105/><U121/><E121/><V32/><F39/><W135/><G2/><T42/><D69/><U21/><E107/><V7/><F57/><N who="3" m="37039" /><G40/><T18/><D109/><U78/><E128/><V114/><F114/><W125/><G74/><T3/><D82/><N who="1" m="47319" /><E43/><V15/><F132/><N who="3" m="50763" /><G125/><T124/><D124/><U108/><E108/><V91/><F127/><W76/><G76/><T11/><D11/><U38/><E66/><V0/><F91/><W126/><G126/><T129/><D129/><U90/><E38/><V26/><F72/><W96/><G96/><T134/><D134/><U116/><E116/><V4/><F0/><W36/><G36/><T41/><D41/><U25/><E12/><V70/><F70/><W47/><G47/><T54/><D54/><U71/><E71/><V1/><F1/><W68/><G68/><T27/><REACH who="0" step="1"/><D3/><REACH who="0" ten="215,141,349,285" step="2"/><U94/><E90/><AGARI ba="1,1" hai="8,13,18,22,27,30,42,45,48,80,84,90,117,119" machi="90" ten="30,11600,0" yaku="1,1,2,1,7,1,52,1,53,0" doraHai="19" doraHaiUra="50" who="0" fromWho="1" sc="215,129,141,-119,349,0,285,0" /><INIT seed="4,2,0,1,2,54" ten="344,22,349,285" oya="0" hai0="33,11,9,13,60,2,62,12,14,80,115,110,55" hai1="118,5,111,108,48,133,27,102,122,83,96,19,7" hai2="130,85,23,25,72,88,53,34,17,81,124,78,8" hai3="49,74,22,109,42,44,116,24,39,104,6,47,41"/><T30/><D115/><U107/><E118/><V79/><F124/><W134/><G109/><T86/><D110/><U58/><E122/><V66/><F130/><W4/><G134/><T93/><D2/><U92/><E133/><V38/><F38/><W117/><G104/><T64/><D30/><U105/><E111/><V95/><F34/><W131/><G74/><T3/><D3/><U28/><E108/><V90/><F8/><N who="0" m="3146" /><D33/><U106/><E19/><V32/><F32/><W119/><REACH who="3" step="1"/><G131/><REACH who="3" ten="344,22,349,275" step="2"/><T63/><D64/><U40/><E107/><V112/><F112/><W76/><G76/><N who="2" m="29225" /><F72/><W77/><G77/><N who="0" m="46351" /><D93/><U103/><E106/><V127/><F127/><W98/><G98/><T20/><D20/><N who="1" m="15463" /><E105/><V123/><F123/><W0/><G0/><T18/><D18/><AGARI ba="2,1" hai="4,6,18,22,24,39,41,42,44,47,49,116,117,119" machi="18" ten="40,1300,0" yaku="1,1,53,0" doraHai="54" doraHaiUra="121" who="3" fromWho="0" sc="344,-19,22,0,349,0,275,29" /><INIT seed="5,0,0,4,2,76" ten="325,22,349,304" oya="1" hai0="60,103,126,135,53,100,105,32,43,82,116,7,87" hai1="9,56,77,46,102,34,107,66,129,27,15,8,54" hai2="123,48,74,127,71,45,64,1,5,99,26,42,80" hai3="101,65,81,79,90,33,120,94,89,47,69,12,110"/><U31/><E129/><V38/><F123/><W17/><G110/><T67/><D116/><U23/><E66/><V55/><F127/><W11/><G120/><T108/><D108/><U73/><E46/><V52/><F99/><W88/><G33/><T83/><D126/><U25/><E107/><V20/><F71/><W114/><G114/><T111/><D111/><U115/><E102/><V51/><F64/><W50/><G65/><T86/><D43/><U58/><E115/><V75/><F80/><N who="0" m="30762" /><D32/><U91/><E77/><V16/><F5/><W10/><G69/><T35/><D35/><U21/><E73/><V72/><REACH who="2" step="1"/><F1/><REACH who="2" ten="325,22,339,304" step="2"/><W29/><G101/><T36/><D103/><U19/><E91/><V78/><F78/><W131/><G131/><T59/><D7/><U113/><E113/><V109/><F109/><W97/><G29/><T84/><D105/><U70/><E70/><V24/><F24/><W121/><G121/><T44/><D135/><U93/><E93/><V133/><F133/><W28/><G28/><T2/><D2/><U63/><REACH who="1" step="1"/><E58/><REACH who="1" ten="325,12,339,304" step="2"/><V124/><F124/><W118/><G118/><T85/><D100/><U112/><E112/><V125/><F125/><W4/><G79/><T95/><D95/><U57/><E57/><V96/><F96/><W62/><G97/><T130/><D87/><U18/><AGARI ba="0,2" hai="8,9,15,18,19,21,23,25,27,31,34,54,56,63" machi="18" ten="20,12000,1" yaku="1,1,0,1,7,1,53,2" doraHai="76" doraHaiUra="22" who="1" fromWho="1" sc="325,-40,12,140,339,-40,304,-40" /><INIT seed="5,1,0,2,1,23" ten="285,152,299,264" oya="1" hai0="109,129,68,126,31,88,110,2,85,12,50,3,20" hai1="117,61,38,108,124,7,95,135,56,83,52,79,51" hai2="116,81,128,103,54,82,96,130,26,14,74,87,9" hai3="15,64,66,120,49,115,65,113,133,46,37,73,47"/><U21/><E117/><V93/><F116/><W60/><G73/><T72/><D72/><U4/><E124/><V29/><F74/><W42/><G15/><T91/><D126/><U71/><E135/><V75/><F54/><N who="3" m="30007" /><G120/><T106/><D68/><U90/><E38/><V22/><F75/><W36/><G133/><T34/><D106/><U39/><E39/><V6/><F87/><W127/><G36/><T107/><D107/><U27/><E108/><V84/><REACH who="2" step="1"/><F82/><REACH who="2" ten="285,152,289,264" step="2"/><W97/><G127/><T114/><D85/><N who="1" m="48383" /><E71/><V118/><F118/><W105/><G105/><T131/><D110/><U63/><E95/><V78/><AGARI ba="1,1" hai="6,9,14,22,26,29,78,81,84,93,96,103,128,130" machi="78" ten="30,4000,0" yaku="1,1,0,1,52,1,53,0" doraHai="23" doraHaiUra="102" who="2" fromWho="2" sc="285,-11,152,-21,289,53,264,-11" /><INIT seed="6,0,0,5,2,130" ten="274,131,342,253" oya="2" hai0="64,80,131,5,69,67,38,30,55,49,20,127,65" hai1="11,91,44,29,94,21,58,100,99,122,117,111,16" hai2="73,114,57,36,97,41,72,93,6,104,9,10,115" hai3="15,96,113,101,128,110,120,8,19,76,33,48,13"/><V134/><F134/><W24/><G128/><T119/><D131/><U88/><E111/><V60/><F104/><W0/><G110/><T98/><D69/><U22/><E117/><V78/><F10/><W56/><G120/><T86/><D38/><U59/><E122/><V123/><F123/><W109/><G109/><T61/><D127/><U31/><E44/><N who="2" m="23591" /><F57/><N who="1" m="21513" /><E11/><V39/><F60/><W35/><G0/><T92/><D61/><U12/><E22/><V124/><F124/><W51/><G113/><N who="2" m="43017" /><F39/><W108/><G76/><T37/><D5/><U43/><E43/><V81/><F97/><W4/><G108/><T28/><D20/><U135/><E135/><V32/><F93/><W74/><G74/><T46/><D119/><U17/><E17/><V125/><F125/><W54/><G48/><T90/><REACH who="0" step="1"/><D37/><REACH who="0" ten="264,131,342,253" step="2"/><U52/><E52/><V118/><F118/><W71/><G71/><T107/><D107/><U77/><E77/><AGARI ba="0,1" hai="28,30,46,49,55,64,65,67,77,80,86,90,92,98" machi="77" ten="40,5200,0" yaku="1,1,8,1,53,1" doraHai="130" doraHaiUra="47" who="0" fromWho="1" sc="264,62,131,-52,342,0,253,0" /><INIT seed="7,0,0,3,2,118" ten="326,79,342,253" oya="3" hai0="54,11,97,64,55,124,78,84,65,36,134,71,45" hai1="108,121,0,43,128,28,47,72,102,26,95,46,13" hai2="34,93,109,52,101,85,16,113,133,105,92,57,15" hai3="30,75,70,125,25,4,131,27,42,8,48,112,94"/><W10/><G70/><T1/><D97/><U40/><E72/><V126/><F109/><W61/><G112/><T114/><D84/><U12/><E0/><V122/><F113/><W115/><G75/><T53/><D114/><U117/><E108/><V66/><F34/><W21/><G115/><T80/><D71/><U119/><E102/><V99/><F126/><W89/><G125/><T81/><D124/><U44/><E95/><N who="2" m="58623" /><F133/><W82/><G131/><T6/><D134/><U120/><E26/><V14/><F122/><N who="1" m="47209" /><E28/><V17/><F105/><W96/><G61/><T111/><D111/><U5/><E5/><V76/><F66/><W77/><G27/><T68/><D68/><U58/><E58/><V3/><F3/><W19/><G30/><T127/><D80/><U79/><E79/><V62/><F76/><W33/><G33/><T29/><D29/><U32/><E32/><V50/><F62/><W49/><G42/><N who="1" m="15914" /><E128/><V56/><F56/><W60/><G60/><T135/><D6/><U63/><E63/><V106/><F106/><W35/><G35/><T41/><D1/><U83/><E83/><V37/><F37/><W86/><REACH who="3" step="1"/><G10/><REACH who="3" ten="326,79,342,243" step="2"/><T69/><D11/><U100/><E100/><V23/><F85/><W51/><G51/><T116/><D127/><U110/><E110/><V31/><F31/><W90/><G90/><T130/><D130/><U98/><E98/><V132/><F132/><W18/><G18/><T129/><D135/><U87/><E87/><V73/><F73/><W107/><G107/><T123/><D129/><U9/><E9/><AGARI ba="0,1" hai="9,14,15,16,17,23,50,52,57,92,93" m="58623" machi="9" ten="30,3900,0" yaku="8,1,54,2" doraHai="118" who="2" fromWho="1" sc="326,0,79,-39,342,49,243,0" owari="326,13.0,40,-46.0,391,49.0,243,-16.0" /></mjloggm>