<mjloggm ver="2.3"><GO type="225" lobby="0"/><UN n0="%E5%B0%B1%E6%B4%BB%E7%94%9F%40%E5%B7%9D%E6%9D%91%E8%BB%8D%E5%9B%A3" n1="%E7%A7%98%E5%89%A3%E2%98%85%E5%8D%83%E9%B3%A5%E2%98%85" n2="%E3%81%99%E3%81%BF%E3%82%84%E3%81%AB" n3="%E5%B7%9D%E6%9D%91%E6%99%83%E8%A3%95%EF%BC%88%E4%B8%A1%E6%96%B9%EF%BC%89" dan="16,16,16,16" rate="2043.44,2109.33,2074.74,2068.73" sx="M,M,M,M"/><TAIKYOKU oya="0"/><INIT seed="0,0,0,1,3,19" ten="250,250,250,250" oya="0" hai0="61,124,104,31,128,25,66,95,130,42,46,119,26" hai1="110,39,121,43,90,10,85,133,86,72,48,134,109" hai2="6,18,82,21,0,131,83,60,71,13,20,57,123" hai3="78,106,101,4,132,76,2,64,56,23,120,16,65"/><T111/><D104/><U84/><E39/><V93/><F71/><W41/><G2/><T38/><D119/><U103/><E10/><V73/><F123/><W115/><G106/><T30/><D124/><U29/><E121/><V14/><F0/><W1/><G1/><T91/><D111/><N who="1" m="42507" /><E29/><V102/><F131/><N who="0" m="50218" /><D31/><U8/><E103/><V94/><F73/><W81/><G64/><T108/><D108/><U40/><E72/><V125/><F125/><W3/><G65/><T75/><D75/><U122/><E122/><V36/><F36/><W117/><G101/><T80/><D80/><N who="2" m="30762" /><F102/><W70/><G78/><T68/><D30/><U37/><E37/><V7/><F6/><W63/><G4/><T126/><D126/><U52/><E8/><N who="2" m="4255" /><F20/><W22/><G22/><T44/><D44/><N who="1" m="27655" /><E90/><V28/><F28/><W55/><G120/><T127/><D127/><U114/><E114/><V9/><F9/><W69/><G115/><T100/><D100/><U105/><E105/><V99/><F99/><AGARI ba="0,0" hai="25,26,38,42,46,61,66,68,91,95,99" m="50218" machi="99" ten="30,1500,0" yaku="19,1" doraHai="19" who="0" fromWho="2" sc="250,15,250,0,250,-15,250,0" /><INIT seed="0,1,0,2,4,79" ten="265,250,235,250" oya="0" hai0="24,87,14,50,42,2,77,121,115,99,82,81,95" hai1="10,6,3,54,22,131,19,75,20,84,66,78,16" hai2="37,58,68,132,108,120,126,4,104,30,47,94,15" hai3="113,28,74,59,62,124,105,117,0,46,106,130,127"/><T96/><D121/><U118/><E118/><V102/><F68/><W123/><G113/><T23/><D2/><U97/><E131/><V109/><F120/><W41/><G123/><T111/><D115/><U133/><E133/><V72/><F72/><W91/><G117/><T31/><D111/><N who="2" m="42570" /><F104/><W64/><G130/><T90/><D14/><U39/><E75/><V92/><F30/><W36/><G0/><T135/><D135/><U56/><E39/><V63/><F132/><W98/><G74/><T101/><D77/><U65/><E97/><N who="0" m="37449" /><D101/><U116/><E116/><V73/><F102/><W125/><REACH who="3" step="1"/><G28/><REACH who="3" ten="265,250,235,240" step="2"/><T34/><D34/><U45/><E3/><V13/><F73/><W52/><G52/><T55/><D42/><U100/><E54/><V33/><F33/><W11/><G11/><T112/><D112/><U86/><E10/><V29/><F29/><W70/><G70/><T40/><D40/><U83/><E65/><V80/><F126/><W119/><G119/><T43/><D43/><U5/><E66/><V61/><F37/><W60/><G60/><T51/><D51/><U7/><E45/><AGARI ba="1,1" hai="23,24,31,45,50,55,81,82,87,90,95" m="37449" machi="45" ten="30,5800,0" yaku="8,1,52,2" doraHai="79" who="0" fromWho="1" sc="265,71,250,-61,235,0,240,0" /><INIT seed="0,2,0,5,5,31" ten="336,189,235,240" oya="0" hai0="39,114,50,18,43,91,5,57,88,59,28,81,126" hai1="62,30,110,41,12,52,79,1,104,55,75,51,116" hai2="115,93,0,34,22,4,78,83,109,71,29,113,96" hai3="21,92,105,66,119,26,134,135,112,118,38,87,86"/><T131/><D39/><U69/><E116/><V100/><F71/><W45/><G105/><T10/><D114/><U56/><E1/><V64/><F64/><W130/><G112/><T95/><D131/><U73/><E104/><V132/><F109/><W46/><G66/><T61/><D126/><U111/><E69/><V63/><F63/><W85/><G92/><T102/><D28/><U13/><E41/><V23/><F132/><N who="3" m="50731" /><G130/><T7/><D102/><U17/><E30/><V48/><F48/><W11/><G11/><T128/><D81/><U68/><E13/><V106/><F93/><W90/><G90/><N who="0" m="34347" /><D95/><U89/><E89/><V99/><F99/><W120/><G120/><T15/><D128/><U98/><E98/><V107/><F23/><W47/><G38/><T37/><D37/><U25/><E25/><N who="2" m="18735" /><F22/><W82/><G82/><T74/><D74/><U3/><E3/><V70/><F70/><W49/><G49/><T65/><D57/><N who="1" m="35135" /><E68/><V72/><F107/><W35/><G35/><T97/><D97/><U108/><E79/><V84/><F84/><W32/><G32/><T27/><D27/><U125/><E125/><V14/><F14/><W40/><G40/><T60/><D60/><U2/><E2/><V124/><F124/><W6/><G119/><T121/><D121/><U8/><AGARI ba="2,0" hai="8,12,17,51,52,56,73,75,108,110,111" m="35135" machi="8" ten="30,2000,0" yaku="14,1,54,1" doraHai="31" who="1" fromWho="1" sc="336,-12,189,26,235,-7,240,-7" /><INIT seed="1,0,0,4,4,120" ten="324,215,228,233" oya="1" hai0="18,23,128,114,13,29,96,130,78,45,42,100,12" hai1="132,10,110,20,36,25,49,131,39,28,63,6,56" hai2="125,111,75,76,70,27,71,4,48,53,116,22,37" hai3="15,86,102,121,32,60,8,77,129,62,3,33,104"/><U85/><E132/><V92/><F37/><W44/><G121/><T93/><D114/><U134/><E131/><N who="0" m="50217" /><D78/><U135/><E49/><V79/><F116/><W52/><G52/><T115/><D115/><U46/><E85/><V89/><F125/><W105/><G15/><N who="0" m="9695" /><D29/><U35/><E46/><V122/><F4/><W126/><G44/><T97/><D97/><U91/><E91/><V72/><F72/><W108/><G102/><T26/><D26/><U58/><E58/><V83/><F79/><W16/><G77/><T38/><AGARI ba="0,0" hai="12,13,38,42,45,93,96,100" m="9695,50217" machi="38" ten="30,1100,0" yaku="19,1" doraHai="120" who="0" fromWho="0" sc="324,11,215,-5,228,-3,233,-3" /><INIT seed="2,0,0,0,2,39" ten="335,210,225,230" oya="2" hai0="118,103,115,105,94,90,71,8,86,73,5,34,117" hai1="126,60,1,43,109,46,14,74,129,29,119,54,100" hai2="85,133,97,41,3,31,114,66,84,23,91,70,69" hai3="61,56,79,0,59,110,130,106,76,112,6,108,44"/><V104/><F3/><W95/><G106/><T7/><D115/><U89/><E1/><V30/><F114/><W82/><G112/><T17/><D34/><U2/><E74/><V47/><F133/><W49/><G130/><T4/><D71/><U50/><E2/><V83/><F66/><W102/><G6/><T11/><D73/><U113/><E119/><N who="0" m="45577" /><D17/><U27/><E113/><V96/><F70/><W57/><G0/><T62/><D62/><U16/><E126/><V26/><F69/><W120/><G120/><T19/><D19/><U18/><E109/><N who="3" m="42090" /><G61/><T72/><D72/><U98/><E89/><V92/><F31/><W36/><G36/><T88/><D90/><U87/><E87/><V67/><F67/><W15/><G15/><T40/><D40/><U107/><E129/><V21/><F21/><W32/><G32/><T80/><D105/><U37/><E60/><V28/><F28/><W116/><G116/><T48/><D48/><U93/><E107/><V99/><F104/><W33/><G33/><T81/><D81/><U124/><E124/><V64/><F64/><W131/><G131/><T45/><D45/><U101/><E100/><N who="2" m="60423" /><F84/><W12/><G12/><T38/><D38/><U75/><E75/><V22/><F22/><W128/><G128/><T42/><D42/><U125/><E125/><V58/><F58/><W9/><G59/><T10/><D103/><U122/><E14/><V65/><F65/><W52/><G57/><T68/><D68/><U53/><E37/><V127/><F127/><W132/><G56/><T24/><D94/><U134/><E101/><RYUUKYOKU ba="0,0" sc="335,15,210,-15,225,15,230,-15" hai0="4,5,7,8,10,11,24,80,86,88" hai2="23,26,30,41,47,83,85,91,97,99" /><INIT seed="2,1,0,0,5,76" ten="350,195,240,215" oya="2" hai0="27,54,135,86,120,43,12,131,31,116,109,133,47" hai1="37,105,112,30,9,98,4,28,44,132,50,134,102" hai2="103,88,110,61,72,46,81,62,119,13,32,26,115" hai3="35,89,101,69,123,99,66,56,70,129,1,52,78"/><V124/><F115/><W20/><G35/><T24/><D109/><U58/><E37/><V75/><F119/><W38/><G123/><T19/><D131/><U74/><E58/><V63/><F124/><W40/><G1/><T80/><D120/><U39/><E39/><V2/><F2/><W14/><G129/><T5/><D5/><U68/><E74/><V92/><F103/><W57/><G78/><N who="0" m="46359" /><D47/><U42/><E68/><V49/><F110/><W95/><G38/><T111/><D43/><U128/><E128/><V11/><F26/><N who="0" m="9770" /><D54/><U65/><E65/><V22/><F32/><W126/><G40/><T118/><D31/><U82/><E82/><V100/><F81/><W67/><G126/><T121/><D121/><U85/><E85/><V36/><F36/><W130/><G130/><T51/><D51/><U104/><E105/><V33/><F33/><W55/><G70/><T8/><D111/><U3/><REACH who="1" step="1"/><E112/><REACH who="1" ten="350,185,240,215" step="2"/><V59/><F75/><W23/><G69/><T90/><D118/><U73/><E73/><V71/><F72/><W34/><G34/><T60/><D116/><U21/><E21/><V94/><F22/><W125/><G125/><T16/><D8/><U96/><E96/><N who="2" m="59399" /><F71/><W127/><G127/><T18/><D12/><U45/><E45/><V91/><F59/><W122/><G122/><T97/><D97/><U17/><E17/><N who="2" m="8383" /><F94/><N who="3" m="58615" /><G66/><T93/><D93/><U108/><E108/><V7/><F7/><W29/><G67/><T79/><D79/><U107/><E107/><V84/><F84/><N who="3" m="52647" /><G23/><T113/><D113/><U117/><E117/><V77/><F77/><RYUUKYOKU ba="1,1" sc="350,-15,185,15,240,15,215,-15" hai1="3,4,9,28,30,42,44,50,98,102,104,132,134" hai2="46,49,61,62,63,88,91" /><INIT seed="2,2,1,4,3,73" ten="335,200,255,200" oya="2" hai0="93,37,122,2,71,61,62,23,110,67,87,78,1" hai1="129,39,89,34,30,83,58,54,28,7,53,56,134" hai2="135,81,121,17,102,10,60,65,24,50,59,109,123" hai3="131,120,119,52,107,97,88,14,4,125,100,104,11"/><V86/><F135/><W64/><G120/><T42/><D122/><U26/><E39/><V25/><F102/><W103/><G119/><T84/><D110/><U46/><E134/><V79/><F109/><W13/><G125/><T69/><D23/><U29/><E129/><V12/><F123/><W82/><G131/><T108/><D108/><U51/><E7/><V80/><F121/><W21/><G64/><T5/><D5/><U118/><E118/><V44/><REACH who="2" step="1"/><F81/><REACH who="2" ten="335,200,245,200" step="2"/><W130/><G130/><T95/><D37/><U91/><E83/><V19/><F19/><N who="3" m="10479" /><G107/><T77/><D42/><AGARI ba="2,2" hai="10,12,17,24,25,42,44,50,59,60,65,79,80,86" machi="42" ten="30,11600,0" yaku="1,1,7,1,8,1,52,1,53,0" doraHai="73" doraHaiUra="90" who="2" fromWho="0" sc="335,-122,200,0,245,142,200,0" /><INIT seed="2,3,0,5,0,118" ten="213,200,387,200" oya="2" hai0="11,89,2,43,34,18,102,81,97,26,15,3,129" hai1="124,63,29,41,50,90,74,32,94,134,131,51,98" hai2="46,48,20,127,69,72,56,57,14,79,112,55,113" hai3="104,68,21,16,108,103,4,35,95,24,77,71,125"/><V110/><F72/><W121/><G121/><T9/><D129/><U62/><E74/><V64/><F79/><W99/><G108/><T53/><D43/><U10/><E131/><V115/><F20/><W92/><G125/><T8/><D53/><U45/><E124/><V106/><F14/><W31/><G77/><T36/><D36/><U17/><E29/><V96/><F96/><W128/><G128/><T7/><D89/><U58/><E32/><V80/><F80/><W100/><G4/><N who="0" m="1047" /><D81/><U117/><E134/><V82/><F106/><W6/><G6/><N who="0" m="1247" /><D97/><U40/><E117/><V107/><F107/><W22/><G35/><T5/><D102/><U76/><E76/><V135/><F82/><W85/><G104/><T78/><D78/><U130/><E130/><V126/><F135/><W19/><G31/><AGARI ba="3,0" hai="5,7,11,15,18,26,31,34" m="1247,1047" machi="31" ten="30,8000,1" yaku="35,5" doraHai="118" who="0" fromWho="3" sc="213,89,200,0,387,0,200,-89" /><INIT seed="3,0,0,3,0,69" ten="302,200,387,111" oya="3" hai0="98,81,131,56,94,31,96,41,74,127,104,130,79" hai1="40,64,100,8,76,1,44,14,62,30,85,29,24" hai2="36,123,47,75,35,105,7,115,50,55,46,48,122" hai3="34,51,9,84,42,109,93,103,126,128,133,3,21"/><W108/><G34/><T43/><D31/><U54/><E100/><V101/><F115/><W66/><G128/><N who="0" m="49195" /><D127/><U77/><E1/><V4/><F75/><W106/><G126/><T118/><D118/><U12/><E12/><V90/><F36/><W17/><G133/><T129/><D129/><U119/><E54/><V111/><F111/><N who="3" m="42571" /><G66/><T86/><D56/><U110/><E119/><V116/><F35/><W89/><G106/><T11/><D11/><U114/><E114/><V10/><F116/><W68/><G68/><T15/><D15/><U92/><E29/><V121/><F10/><W5/><G103/><N who="0" m="62567" /><D74/><U13/><E13/><V78/><F101/><AGARI ba="0,0" hai="41,43,79,81,86,94,98,101" m="62567,49195" machi="101" ten="30,1000,0" yaku="19,1" doraHai="69" who="0" fromWho="2" sc="302,10,200,0,387,-10,111,0" owari="312,11.0,200,-20.0,377,48.0,111,-39.0" /></mjloggm>