<mjloggm ver="2.3"><GO type="41" lobby="0"/><UN n0="%E5%B0%B1%E6%B4%BB%E7%94%9F%40%E5%B7%9D%E6%9D%91%E8%BB%8D%E5%9B%A3" n1="%E5%A4%A9%E4%B8%8B%E4%B8%80%E5%93%81" n2="%E3%83%89%E3%82%B8%E3%81%A7%E3%81%99%E3%82%88%EF%BD%9E" n3="%65%2D%63%68%61%6E%37" dan="14,15,13,13" rate="1978.90,2029.70,1961.49,1841.09" sx="M,M,M,M"/><TAIKYOKU oya="0"/><INIT seed="0,0,0,0,4,95" ten="250,250,250,250" oya="0" hai0="110,43,83,94,10,41,29,53,13,52,115,66,81" hai1="102,109,77,45,106,96,7,1,74,105,65,133,49" hai2="88,117,6,35,103,69,46,17,123,76,26,42,39" hai3="112,128,16,24,37,9,100,104,31,82,67,75,25"/><T135/><D115/><U80/><E109/><V15/><F76/><W51/><G112/><T56/><D110/><U40/><E133/><V127/><F69/><W59/><G128/><T93/><D135/><U50/><E65/><V108/><F123/><W11/><G37/><T18/><D29/><U44/><E106/><V99/><F108/><W118/><G118/><T38/><D66/><U33/><E33/><V54/><F54/><W122/><G122/><T32/><D32/><U97/><E105/><V14/><F14/><W116/><G116/><T85/><D81/><U126/><E102/><V20/><F117/><W89/><G100/><T101/><D53/><U125/><E7/><V34/><F103/><W0/><G104/><T5/><D5/><U113/><E1/><V28/><F6/><W30/><G0/><T79/><D38/><U84/><E74/><V70/><F70/><W3/><G3/><T131/><D131/><U48/><E113/><V72/><F72/><W129/><G129/><T119/><D119/><U92/><E92/><N who="0" m="35433" /><D101/><U107/><E107/><V114/><F114/><W91/><G75/><T73/><D73/><U64/><E64/><V55/><F55/><N who="3" m="32255" /><G67/><T98/><D98/><N who="1" m="37995" /><E40/><V120/><F42/><W78/><G78/><T22/><D22/><U8/><E8/><N who="3" m="3146" /><G31/><T21/><D10/><U61/><E61/><AGARI ba="0,0" hai="13,18,21,41,43,52,56,61,79,83,85" m="35433" machi="61" ten="30,2900,0" yaku="8,1,54,1" doraHai="95" who="0" fromWho="1" sc="250,29,250,-29,250,0,250,0" /><INIT seed="0,1,0,4,3,132" ten="279,221,250,250" oya="0" hai0="96,34,20,59,118,35,9,2,24,14,106,32,80" hai1="5,108,33,71,112,77,61,19,50,114,67,8,128" hai2="135,46,72,7,1,48,42,101,119,74,25,130,104" hai3="133,83,122,91,12,40,109,0,69,36,131,88,57"/><T21/><D118/><U52/><E33/><V78/><F130/><W10/><G0/><T103/><D2/><U102/><E128/><V18/><F135/><W127/><G131/><T28/><D59/><U93/><E108/><V117/><F7/><W110/><G133/><T100/><D100/><U56/><E77/><V82/><F1/><W123/><G69/><T99/><D99/><U26/><E26/><V76/><F104/><W84/><G91/><T27/><D80/><U66/><E19/><V95/><F78/><W15/><G57/><T11/><REACH who="0" step="1"/><D14/><REACH who="0" ten="269,221,250,250" step="2"/><N who="3" m="5161" /><G10/><T4/><D4/><U49/><E67/><V38/><F119/><W65/><G65/><T70/><D70/><U64/><E66/><V31/><F117/><W3/><G3/><T13/><D13/><U79/><E5/><V73/><F101/><W23/><G110/><T62/><D62/><U87/><E8/><V94/><F38/><W105/><G109/><T45/><D45/><U116/><E116/><V17/><F46/><N who="3" m="23815" /><G105/><T115/><D115/><N who="1" m="44075" /><E102/><V53/><F95/><W129/><G129/><T63/><D63/><N who="1" m="36231" /><E93/><V111/><F94/><W92/><G92/><T120/><D120/><N who="3" m="46121" /><G23/><T113/><D113/><U37/><E37/><V75/><F111/><W68/><G68/><T125/><D125/><AGARI ba="1,1" hai="83,84,88,125,127" m="46121,23815,5161" machi="125" ten="30,7700,0" yaku="13,1,52,2,54,1" doraHai="132" who="3" fromWho="0" sc="269,-80,221,0,250,0,250,90" /><INIT seed="1,0,0,1,2,70" ten="189,221,250,340" oya="1" hai0="96,83,110,87,133,66,78,39,12,10,6,43,58" hai1="106,71,116,52,69,75,80,102,41,57,22,46,120" hai2="131,92,0,28,2,107,29,14,11,130,45,27,16" hai3="35,31,38,50,88,59,15,33,127,42,9,8,97"/><U91/><E116/><V89/><F107/><W135/><G38/><T76/><D133/><U124/><E120/><V54/><F29/><W30/><G135/><T129/><D110/><U40/><E124/><V44/><F54/><W90/><G127/><T25/><D129/><N who="2" m="49162" /><F45/><N who="3" m="25911" /><G33/><T1/><D96/><U134/><E134/><V19/><F44/><W85/><G59/><T132/><D132/><U98/><E40/><V34/><F92/><N who="3" m="56455" /><G35/><T21/><D1/><N who="2" m="618" /><F89/><W20/><G20/><T109/><D109/><U60/><E22/><V93/><F93/><N who="3" m="54479" /><G8/><T111/><D111/><U82/><E82/><V18/><AGARI ba="0,0" hai="11,14,16,18,19,27,28,34" m="618,49162" machi="18" ten="40,8000,1" yaku="19,1,34,2,54,1" doraHai="70" who="2" fromWho="2" sc="189,-20,221,-40,250,80,340,-20" /><INIT seed="2,0,0,3,5,100" ten="169,181,330,320" oya="2" hai0="93,38,92,54,48,15,115,85,56,91,110,30,6" hai1="44,8,119,51,40,75,64,71,122,106,1,62,68" hai2="43,103,20,18,39,134,86,102,129,34,0,41,36" hai3="109,21,35,63,10,19,57,126,94,69,114,121,29"/><V3/><F34/><W113/><G121/><T9/><D38/><U61/><E75/><V70/><F86/><W127/><G69/><N who="1" m="26698" /><E8/><V59/><F70/><W74/><G74/><T83/><D115/><N who="3" m="44041" /><G94/><T24/><REACH who="0" step="1"/><D110/><REACH who="0" ten="159,181,330,320" step="2"/><U26/><E122/><V95/><F129/><W67/><G109/><T32/><AGARI ba="0,1" hai="6,9,15,24,30,32,48,54,56,83,85,91,92,93" machi="32" ten="20,5200,0" yaku="1,1,2,1,0,1,7,1,53,0" doraHai="100" doraHaiUra="128" who="0" fromWho="0" sc="159,62,181,-13,330,-26,320,-13" /><INIT seed="3,0,0,2,3,19" ten="221,168,304,307" oya="3" hai0="62,68,4,46,95,50,93,52,120,9,88,36,20" hai1="63,45,23,71,104,51,123,55,29,6,100,117,82" hai2="130,39,135,73,13,128,122,43,30,0,66,14,34" hai3="102,108,84,61,24,92,7,116,22,110,32,118,133"/><W89/><G32/><T125/><D120/><U98/><E123/><V91/><F0/><W121/><G7/><T56/><D125/><U124/><E124/><V33/><F135/><W49/><G121/><T65/><D20/><U41/><E117/><V80/><F66/><W53/><G61/><T8/><D93/><U25/><E6/><V112/><F112/><W44/><G102/><T77/><D77/><U5/><E5/><V78/><F122/><W113/><G113/><T38/><D4/><U21/><E82/><V127/><F127/><W75/><G133/><T64/><D64/><N who="1" m="41375" /><E55/><V28/><F91/><W2/><G75/><T37/><REACH who="0" step="1"/><D68/><REACH who="0" ten="211,168,304,307" step="2"/><U132/><E132/><V103/><F34/><AGARI ba="0,1" hai="21,23,25,29,34,41,45,51,98,100,104" m="41375" machi="34" ten="30,3900,0" yaku="25,1,52,2" doraHai="19" who="1" fromWho="2" sc="211,0,168,49,304,-39,307,0" /><INIT seed="4,0,0,1,2,6" ten="211,217,265,307" oya="0" hai0="124,85,53,88,87,49,132,64,60,63,50,126,77" hai1="73,130,26,120,8,11,116,68,127,83,125,10,79" hai2="93,86,106,117,128,100,97,21,42,52,61,54,81" hai3="109,17,84,3,133,131,94,102,35,71,24,47,65"/><T48/><D77/><U135/><E120/><V75/><F128/><W76/><G109/><T57/><D132/><U15/><E116/><V14/><F75/><W19/><G133/><T111/><D111/><U70/><E135/><V107/><F42/><W80/><G131/><T119/><D119/><U74/><E130/><V38/><F38/><W101/><G3/><T5/><D5/><U7/><E73/><V78/><F117/><W134/><G134/><T67/><D87/><U13/><E26/><V95/><F107/><W0/><G0/><T34/><D34/><U110/><E110/><V92/><F61/><W123/><G123/><T62/><D53/><U40/><E40/><V31/><F31/><W96/><G71/><N who="1" m="27178" /><E7/><V41/><REACH who="2" step="1"/><F41/><REACH who="2" ten="211,217,255,307" step="2"/><W55/><G35/><T115/><D115/><U118/><E118/><V104/><F104/><W9/><G65/><T90/><D57/><U27/><E27/><V82/><F82/><W22/><G47/><T108/><D108/><U129/><E129/><V46/><F46/><W58/><G102/><T29/><D29/><U18/><E18/><AGARI ba="0,1" hai="14,18,21,52,54,78,81,86,92,93,95,97,100,106" machi="18" ten="40,8000,1" yaku="1,1,54,1,53,2" doraHai="6" doraHaiUra="51" who="2" fromWho="1" sc="211,0,217,-80,255,90,307,0" /><INIT seed="5,0,0,0,3,86" ten="211,137,345,307" oya="1" hai0="111,53,35,129,34,8,88,105,93,55,63,0,106" hai1="73,33,61,84,122,95,119,47,127,5,50,82,79" hai2="130,21,75,100,116,81,12,108,96,94,117,135,72" hai3="107,120,118,44,13,10,36,115,31,6,133,29,76"/><U89/><E119/><V65/><F65/><W77/><G107/><T57/><D111/><U14/><E122/><V91/><F21/><W9/><G120/><T42/><D129/><U46/><E33/><V3/><F12/><W7/><G36/><T1/><D42/><U28/><E127/><V40/><F40/><W62/><G118/><N who="2" m="45673" /><F3/><W25/><G44/><T4/><D0/><U52/><E28/><V69/><F69/><W37/><G37/><T80/><D80/><U11/><REACH who="1" step="1"/><E61/><REACH who="1" ten="211,127,345,307" step="2"/><V23/><F130/><W102/><G62/><T24/><D35/><U74/><E74/><N who="2" m="28203" /><F108/><W39/><G31/><T49/><D34/><U78/><E78/><N who="3" m="30314" /><G29/><T26/><D106/><U59/><AGARI ba="0,1" hai="5,11,14,46,47,50,52,59,73,79,82,84,89,95" machi="59" ten="20,12000,1" yaku="1,1,0,1,7,1,52,1,54,1,53,0" doraHai="86" doraHaiUra="58" who="1" fromWho="1" sc="211,-40,127,130,345,-40,307,-40" /><INIT seed="5,1,0,1,1,31" ten="171,257,305,267" oya="1" hai0="133,28,58,27,53,82,76,113,47,11,61,21,86" hai1="1,23,13,69,83,6,22,9,132,17,111,37,4" hai2="24,102,5,108,75,49,46,135,127,51,84,126,73" hai3="55,67,62,14,80,104,105,131,35,66,88,59,91"/><U50/><E37/><V30/><F108/><W116/><G35/><T41/><D113/><U64/><E111/><V98/><F5/><W121/><G121/><T71/><D133/><U54/><E132/><V119/><F119/><W93/><G116/><T94/><D71/><U118/><E118/><V124/><F135/><W16/><G105/><T101/><D11/><U38/><E38/><V100/><F84/><N who="3" m="50183" /><G104/><T109/><D109/><U114/><E114/><V7/><F7/><W65/><G131/><T39/><D94/><U8/><E83/><V90/><F90/><W79/><G79/><T117/><D117/><U125/><E125/><V97/><F46/><W95/><G91/><T70/><D70/><U134/><E134/><V26/><F127/><W52/><G55/><T110/><D110/><U44/><REACH who="1" step="1"/><E6/><REACH who="1" ten="171,247,305,267" step="2"/><V112/><F112/><W19/><G19/><T2/><D2/><U81/><E81/><V78/><F78/><W99/><G99/><T56/><D82/><U18/><E18/><V3/><F30/><W45/><G45/><T120/><D28/><U12/><E12/><V87/><F3/><W10/><AGARI ba="1,1" hai="10,14,16,52,59,62,65,66,67,93,95" m="50183" machi="10" ten="30,7900,0" yaku="8,1,54,3" doraHai="31" who="3" fromWho="3" sc="171,-21,247,-40,305,-21,267,92" /><INIT seed="6,0,0,4,1,123" ten="150,207,284,359" oya="2" hai0="74,20,81,57,113,77,89,131,129,18,44,38,15" hai1="99,56,78,122,58,1,105,47,96,0,25,80,112" hai2="60,108,104,84,10,71,42,61,30,103,41,12,87" hai3="111,23,6,13,124,109,120,102,119,33,16,128,127"/><V34/><F71/><W54/><G102/><T50/><D113/><U110/><E110/><V134/><F108/><N who="3" m="41547" /><G54/><T130/><D38/><U21/><E122/><V126/><F134/><W135/><G120/><T31/><D31/><U45/><E112/><V75/><F126/><N who="3" m="48171" /><G119/><T43/><D57/><U63/><E105/><V27/><F75/><W82/><G135/><T90/><REACH who="0" step="1"/><D43/><REACH who="0" ten="140,207,284,359" step="2"/><U121/><E58/><V40/><F42/><W100/><G128/><T125/><D125/><U98/><E121/><V35/><F41/><W64/><G33/><T97/><D97/><U69/><E56/><V28/><F40/><W8/><G100/><T2/><D2/><U11/><E0/><V91/><F103/><W72/><G64/><T73/><D73/><U36/><E1/><V49/><F104/><W88/><G72/><T55/><AGARI ba="0,1" hai="15,18,20,44,50,55,74,77,81,89,90,129,130,131" machi="55" ten="30,4000,0" yaku="1,1,0,1,19,1,53,0" doraHai="123" doraHaiUra="67" who="0" fromWho="0" sc="140,50,207,-10,284,-20,359,-10" /><INIT seed="7,0,0,0,1,41" ten="190,197,264,349" oya="3" hai0="69,80,21,113,57,4,126,24,61,107,79,92,73" hai1="77,46,44,50,108,70,76,106,123,103,91,10,27" hai2="99,14,52,25,120,94,11,63,67,75,3,83,31" hai3="54,130,17,135,32,34,100,87,121,122,89,86,101"/><W118/><G17/><T58/><D107/><U49/><E108/><V127/><F3/><W88/><G54/><T65/><D126/><U104/><E123/><N who="3" m="47114" /><G118/><T22/><D113/><U40/><E70/><V129/><F127/><W36/><G36/><T132/><D132/><U124/><E124/><V109/><F109/><W19/><G19/><T56/><D4/><U133/><E133/><V42/><F42/><W35/><G135/><T53/><D92/><U62/><E104/><V23/><F129/><W0/><G0/><T30/><REACH who="0" step="1"/><D21/><REACH who="0" ten="180,197,264,349" step="2"/><U20/><E106/><V93/><F93/><W6/><G6/><T60/><AGARI ba="0,1" hai="22,24,30,53,56,57,58,60,61,65,69,73,79,80" machi="60" ten="20,5200,0" yaku="1,1,2,1,0,1,7,1,53,0" doraHai="41" doraHaiUra="110" who="0" fromWho="0" sc="180,62,197,-13,264,-13,349,-26" owari="242,-16.0,184,-32.0,251,5.0,323,43.0" /></mjloggm>