<mjloggm ver="2.3"><GO type="97" lobby="0"/><UN n0="%E3%83%A2%E3%83%AB%E3%82%B9%E3%82%A1%E3%83%83%E3%83%BC%EF%BC%81%EF%BC%81" n1="%E3%83%AD%EF%BC%88%E3%82%9D%CF%89%E3%83%BB%EF%BC%89%E3%83%AA%E3%83%83" n2="%E5%B0%B1%E6%B4%BB%E7%94%9F%40%E5%B7%9D%E6%9D%91%E8%BB%8D%E5%9B%A3" n3="%E8%8A%B1%E6%BE%A4%E9%A6%99%E8%8F%9C%E3%81%A1%E3%82%83%E3%82%93%EF%BC%81" dan="13,14,15,13" rate="1887.74,1931.36,1984.70,1902.98" sx="M,F,M,F"/><TAIKYOKU oya="0"/><INIT seed="0,0,0,1,1,26" ten="250,250,250,250" oya="0" hai0="10,29,4,23,5,67,69,31,106,52,44,122,117" hai1="111,47,22,121,42,38,65,80,107,39,24,70,18" hai2="124,89,87,53,123,95,21,90,68,127,74,97,119" hai3="46,115,61,49,133,0,48,101,81,66,91,25,108"/><T57/><D122/><U16/><E121/><V14/><F68/><W9/><G0/><T103/><D106/><U43/><E107/><V118/><F123/><W13/><G115/><T85/><D103/><U54/><E54/><V99/><F53/><W112/><G108/><T33/><D44/><U93/><E93/><N who="2" m="54463" /><F21/><W63/><G112/><T96/><D5/><U40/><E80/><V15/><F15/><W8/><G8/><T27/><D33/><U75/><E75/><V109/><F14/><W58/><G133/><T102/><D117/><N who="2" m="44554" /><F74/><W36/><G101/><T71/><D67/><U55/><E55/><V2/><F2/><W17/><G36/><T32/><D32/><U83/><E65/><V50/><F50/><W134/><G25/><T92/><D85/><U125/><E70/><V62/><F62/><N who="3" m="38231" /><G134/><T59/><D59/><U113/><E39/><V110/><F99/><W19/><G19/><N who="0" m="12799" /><D71/><U114/><E38/><V94/><F95/><W45/><G45/><T60/><D69/><U34/><E113/><V51/><F51/><N who="3" m="19531" /><G46/><T79/><D79/><U128/><E47/><V77/><F77/><W28/><G28/><T86/><D86/><AGARI ba="0,0" hai="9,13,17,61,63,81,86,91" m="19531,38231" machi="86" ten="30,1000,0" yaku="8,1" doraHai="26" who="3" fromWho="0" sc="250,-10,250,0,250,0,250,10" /><INIT seed="1,0,0,2,1,106" ten="240,250,250,260" oya="1" hai0="91,65,50,86,88,53,8,134,42,135,95,61,28" hai1="58,46,113,125,5,128,90,12,9,126,89,74,97" hai2="54,7,93,18,77,45,68,62,119,114,35,33,110" hai3="120,6,20,75,130,123,37,29,22,19,118,63,105"/><U70/><E113/><V73/><F119/><W99/><G118/><T27/><D42/><U76/><E70/><V43/><F114/><W112/><G37/><T81/><D8/><U66/><E46/><V30/><F7/><W83/><G112/><T41/><D41/><U0/><E0/><V38/><F110/><W49/><G130/><T14/><D14/><U52/><E66/><V34/><F93/><W103/><G6/><T44/><D95/><U39/><E39/><V72/><F77/><W116/><G116/><T32/><REACH who="0" step="1"/><D91/><REACH who="0" ten="230,250,250,260" step="2"/><U115/><E89/><V107/><F107/><W21/><G123/><T111/><D111/><U122/><E90/><V64/><F30/><W121/><G120/><T104/><D104/><U1/><E12/><V101/><F101/><W57/><G121/><T96/><D96/><U2/><E97/><V131/><F131/><W132/><G99/><T56/><AGARI ba="0,1" hai="27,28,32,44,50,53,56,61,65,81,86,88,134,135" machi="56" ten="30,4000,0" yaku="1,1,0,1,54,1,53,0" doraHai="106" doraHaiUra="133" who="0" fromWho="0" sc="230,50,250,-20,250,-10,260,-10" /><INIT seed="2,0,0,0,2,73" ten="280,230,240,250" oya="2" hai0="47,1,36,104,50,125,75,3,56,28,26,101,83" hai1="72,4,109,91,122,68,30,112,119,25,40,10,9" hai2="103,77,87,65,15,108,74,43,22,37,76,79,116" hai3="11,82,126,111,107,17,118,129,90,51,14,134,81"/><V38/><F116/><W52/><G118/><T117/><D36/><U21/><E119/><V95/><F74/><W84/><G111/><T130/><D56/><U55/><E109/><V54/><F108/><W59/><G107/><T12/><D117/><U113/><E68/><V67/><F38/><W64/><G126/><T19/><D104/><U2/><E122/><V133/><F133/><W58/><G129/><T94/><D125/><U31/><E9/><V61/><F37/><W93/><G134/><T85/><D75/><U89/><E31/><V70/><F43/><W6/><G6/><T23/><D94/><U24/><E24/><V124/><F124/><W88/><G90/><T39/><D101/><U100/><E100/><V53/><F67/><W7/><G7/><T132/><D39/><U46/><E72/><V41/><F41/><W35/><G35/><T18/><D18/><U63/><E40/><V60/><F60/><AGARI ba="0,0" hai="11,14,17,51,52,58,59,60,64,81,82,84,88,93" machi="60" ten="40,5200,0" yaku="8,1,54,2" doraHai="73" who="3" fromWho="2" sc="280,0,230,0,240,-52,250,52" /><INIT seed="3,0,0,0,1,106" ten="280,230,188,302" oya="3" hai0="118,56,37,119,52,18,12,35,134,109,98,127,75" hai1="129,91,39,17,3,2,13,42,125,0,126,44,77" hai2="23,130,40,22,55,46,72,112,49,107,89,76,19" hai3="10,36,8,7,14,33,82,30,78,60,47,63,15"/><W115/><G115/><T124/><D35/><U69/><E69/><V83/><F112/><W58/><G58/><T59/><D37/><U135/><E135/><V71/><F130/><W21/><G33/><T41/><D41/><U120/><E120/><V103/><F71/><W50/><G36/><T20/><D59/><U133/><E133/><V74/><F89/><W4/><G30/><T100/><D134/><U97/><E77/><V111/><F111/><W43/><G21/><T116/><D109/><U51/><E129/><V11/><F11/><W5/><G5/><T81/><D81/><U101/><E91/><V117/><F23/><W94/><G94/><T9/><D9/><U85/><E85/><AGARI ba="0,0" hai="4,7,8,10,14,15,43,47,50,60,63,78,82,85" machi="85" ten="30,12000,1" yaku="7,1,9,1,25,2,8,1" doraHai="106" who="3" fromWho="1" sc="280,0,230,-120,188,0,302,120" owari="280,8.0,110,-39.0,188,-21.0,422,52.0" /></mjloggm>