<mjloggm ver="2.3"><GO type="169" lobby="0"/><UN n0="%E3%81%97%E3%81%8A%E3%81%BE%E3%81%AD%E3%81%8D" n1="%36%31%2E%38%EF%BC%85" n2="%E3%81%91%E3%82%93%31%39%37%30" n3="%E3%82%A6%E3%83%AB%E3%83%88%E3%83%A9%E7%AB%8B%E7%9B%B4" dan="17,17,16,17" rate="2115.56,2169.37,2087.98,2170.10" sx="M,M,M,M"/><TAIKYOKU oya="0"/><INIT seed="0,0,0,5,1,36" ten="250,250,250,250" oya="0" hai0="43,29,30,52,38,15,116,58,83,88,121,34,111" hai1="26,66,61,18,128,42,35,113,12,53,130,5,110" hai2="3,47,135,108,69,1,49,122,97,76,75,41,74" hai3="10,17,114,99,109,127,33,0,21,73,14,100,102"/><T133/><D121/><U95/><E110/><V81/><F122/><W50/><G109/><T103/><D116/><U63/><E113/><V22/><F108/><W84/><G114/><T65/><D65/><U106/><E106/><V105/><F135/><W93/><G73/><T8/><D103/><U68/><E5/><V125/><F125/><W6/><G127/><T64/><D64/><U59/><E26/><V56/><F69/><W71/><G71/><T60/><D133/><U86/><E35/><V46/><F75/><W24/><G84/><T2/><D2/><U96/><E86/><V129/><F129/><W57/><G57/><T78/><D111/><U115/><E115/><V118/><F118/><W16/><G50/><T134/><D134/><U107/><E107/><V31/><F56/><W119/><G119/><T20/><D20/><U79/><E79/><V44/><F3/><W32/><REACH who="3" step="1"/><G102/><REACH who="3" ten="250,250,250,240" step="2"/><T98/><D38/><U11/><E130/><V82/><F74/><W91/><G91/><T48/><D34/><U124/><E124/><V101/><F101/><W28/><G28/><T9/><D30/><U19/><E128/><V25/><F31/><W80/><G80/><T51/><D29/><U104/><E59/><V90/><F82/><W62/><G62/><T7/><D51/><U112/><E63/><V54/><F90/><W40/><G40/><T55/><D43/><U72/><E61/><V27/><F41/><W131/><G131/><T23/><D83/><U13/><E112/><V126/><F81/><W87/><G87/><T70/><D70/><U85/><E42/><RYUUKYOKU ba="0,1" sc="250,-10,250,-10,250,-10,240,30" hai3="0,6,10,14,16,17,21,24,32,33,93,99,100" /><INIT seed="1,1,1,3,5,30" ten="240,240,240,270" oya="1" hai0="16,2,40,58,0,53,35,86,21,11,110,101,52" hai1="60,131,28,75,112,126,118,17,106,95,43,102,134" hai2="121,23,62,37,45,7,4,49,41,67,105,55,8" hai3="94,107,13,15,98,128,99,97,111,3,66,47,50"/><U93/><E112/><V72/><F121/><W69/><G3/><T103/><D110/><U124/><E118/><V122/><F122/><W65/><G111/><T127/><D127/><N who="1" m="48683" /><E75/><V76/><F105/><W14/><G128/><T73/><D73/><U68/><E131/><V125/><F125/><W32/><G32/><T109/><D35/><U113/><E113/><V59/><F23/><W130/><G130/><T22/><D109/><U44/><E28/><V48/><F48/><W115/><G115/><T36/><D86/><U54/><E17/><V61/><F61/><W42/><G107/><T116/><D116/><U132/><E106/><V74/><F76/><W90/><REACH who="3" step="1"/><G69/><REACH who="3" ten="240,240,240,260" step="2"/><T83/><D2/><U18/><E68/><N who="2" m="42103" /><F7/><W24/><G24/><T71/><D0/><AGARI ba="1,2" hai="0,4,8,37,41,45,49,55,59,72,74" m="42103" machi="0" ten="30,1000,0" yaku="24,1" doraHai="30" who="2" fromWho="0" sc="240,-13,240,0,240,33,260,0" /><INIT seed="2,0,0,0,2,45" ten="227,240,273,260" oya="2" hai0="43,28,84,86,36,127,55,70,40,125,54,77,130" hai1="83,30,112,124,121,67,32,91,100,48,76,2,115" hai2="1,10,110,113,44,7,50,102,99,33,69,92,97" hai3="46,14,79,53,13,93,64,8,60,52,107,29,25"/><V6/><F69/><W23/><G107/><T129/><D28/><U82/><E2/><V11/><F33/><W20/><G79/><T131/><D70/><U51/><E121/><V89/><F113/><W62/><G93/><T27/><D27/><U105/><E124/><N who="0" m="47689" /><D77/><U72/><E67/><V19/><F19/><N who="3" m="10359" /><G64/><T35/><D35/><U101/><E30/><V75/><F75/><W47/><G53/><N who="0" m="19979" /><D36/><U85/><E32/><V98/><F102/><W18/><G47/><T71/><D71/><U0/><E0/><V117/><F117/><W49/><AGARI ba="0,0" hai="8,13,18,23,25,29,46,49,52,60,62" m="10359" machi="49" ten="30,4000,0" yaku="8,1,52,1,54,1" doraHai="45" who="3" fromWho="3" sc="227,-10,240,-10,273,-20,260,40" /><INIT seed="3,0,0,1,0,78" ten="217,230,253,300" oya="3" hai0="121,75,61,7,35,94,57,9,60,111,24,36,77" hai1="33,48,122,63,92,27,46,42,72,66,109,16,47" hai2="133,123,26,113,127,67,4,90,22,23,52,32,93" hai3="29,30,83,73,79,85,132,41,89,112,74,1,106"/><W58/><G112/><T130/><D36/><U43/><E122/><V18/><F113/><W131/><G1/><T65/><D121/><U68/><E109/><V0/><F123/><W134/><G41/><T119/><D119/><U110/><E110/><V53/><F127/><W44/><G44/><T103/><D130/><U91/><E72/><N who="3" m="27754" /><G58/><T59/><D111/><U115/><E115/><V37/><F37/><W20/><G20/><T71/><D94/><U25/><E33/><V6/><F32/><W126/><G126/><T54/><D103/><U105/><E105/><V101/><F0/><W2/><G2/><T80/><D24/><U107/><E107/><V8/><F67/><W11/><G11/><T100/><D100/><U99/><REACH who="1" step="1"/><E16/><REACH who="1" ten="217,220,253,300" step="2"/><V12/><F18/><W3/><G106/><T13/><REACH who="0" step="1"/><D35/><REACH who="0" ten="207,220,253,300" step="2"/><U84/><E84/><V45/><F26/><W34/><G34/><T28/><D28/><U5/><E5/><V69/><F4/><W64/><G30/><T116/><D116/><U97/><E97/><V50/><F6/><W88/><G29/><T15/><D15/><U19/><E19/><V87/><F12/><W51/><G3/><T49/><D49/><AGARI ba="0,2" hai="25,27,42,43,46,47,48,49,63,66,68,91,92,99" machi="49" ten="30,3900,0" yaku="1,1,7,1,9,1,53,0" doraHai="78" doraHaiUra="114" who="1" fromWho="0" sc="207,-39,220,59,253,0,300,0" /><INIT seed="4,0,0,5,5,93" ten="168,279,253,300" oya="0" hai0="118,100,23,127,15,31,57,131,33,53,1,14,71" hai1="60,102,113,94,0,82,2,66,83,42,34,81,78" hai2="110,107,11,98,129,32,48,120,121,46,88,97,133" hai3="117,45,79,122,44,69,58,85,18,75,50,52,9"/><T56/><D1/><U28/><E113/><V36/><F110/><W4/><G117/><T43/><D71/><U41/><E78/><V89/><F36/><W7/><G75/><T12/><D118/><U135/><E135/><V114/><F32/><W67/><G69/><T49/><D131/><U99/><E28/><V3/><F133/><W134/><G134/><T106/><D127/><U13/><E13/><V116/><F116/><W59/><G122/><T51/><D33/><U72/><E34/><V35/><F35/><W70/><G70/><T95/><D106/><U112/><E72/><V108/><F108/><W8/><G18/><T61/><D43/><U16/><E112/><V19/><F114/><W105/><G105/><T26/><REACH who="0" step="1"/><D56/><REACH who="0" ten="158,279,253,300" step="2"/><N who="1" m="37127" /><E2/><V125/><F125/><W17/><G59/><T87/><D87/><U73/><E73/><V109/><F109/><W37/><G85/><T84/><D84/><U101/><E0/><V25/><F107/><W40/><G58/><T86/><D86/><U5/><E42/><V6/><F129/><W104/><G104/><T124/><D124/><U29/><E41/><V10/><F120/><W80/><G40/><T96/><AGARI ba="0,1" hai="12,14,15,23,26,31,49,51,53,57,61,95,96,100" machi="96" ten="30,11700,0" yaku="1,1,0,1,8,1,52,1,53,0" doraHai="93" doraHaiUra="63" who="0" fromWho="0" sc="158,127,279,-39,253,-39,300,-39" /><INIT seed="4,1,0,1,2,107" ten="285,240,214,261" oya="0" hai0="18,34,39,59,75,55,122,3,74,100,40,111,62" hai1="133,94,73,97,82,125,76,90,99,17,25,108,26" hai2="10,117,52,88,105,106,6,126,109,36,86,22,54" hai3="79,65,7,98,71,28,129,72,19,27,50,104,93"/><T37/><D122/><U44/><E108/><V101/><F109/><W80/><G129/><T13/><D3/><U16/><E133/><V66/><F36/><W60/><G7/><T8/><D34/><U113/><E125/><V91/><F126/><W2/><G50/><T131/><D111/><U69/><E69/><V33/><F33/><N who="3" m="20639" /><G93/><T58/><D131/><U121/><E121/><V124/><F124/><W29/><G29/><T112/><D112/><U103/><E113/><V35/><F35/><W49/><G49/><T114/><D114/><U15/><E44/><V92/><F22/><W134/><G19/><T47/><D39/><U9/><REACH who="1" step="1"/><E17/><REACH who="1" ten="285,230,214,261" step="2"/><V110/><F110/><W1/><G134/><T87/><D87/><U118/><E118/><V31/><F117/><W41/><G41/><T14/><D59/><U43/><E43/><V135/><F135/><W84/><G84/><T96/><REACH who="0" step="1"/><D14/><REACH who="0" ten="275,230,214,261" step="2"/><U23/><E23/><V78/><F86/><W61/><G1/><T12/><D12/><U68/><E68/><V102/><F10/><W116/><G2/><T81/><D81/><U64/><E64/><V38/><F66/><W11/><G11/><T30/><D30/><U24/><E24/><V115/><F31/><W46/><G116/><T77/><D77/><U51/><E51/><V5/><F78/><W85/><G85/><T20/><D20/><U128/><E128/><V123/><F115/><W63/><G46/><T57/><D57/><U132/><E132/><V130/><F123/><W32/><G32/><T120/><D120/><U83/><E83/><V127/><F130/><RYUUKYOKU ba="1,2" sc="275,10,230,10,214,-30,261,10" hai0="8,13,18,37,40,47,55,58,62,74,75,96,100" hai1="9,15,16,25,26,73,76,82,90,94,97,99,103" hai3="60,61,63,65,71,72,79,80,98,104" /><INIT seed="4,2,2,3,5,13" ten="285,240,184,271" oya="0" hai0="31,69,134,32,41,117,74,85,37,49,28,121,96" hai1="26,9,132,14,127,46,83,4,40,36,25,29,130" hai2="104,79,1,112,48,2,21,89,115,47,103,5,53" hai3="110,12,77,54,106,23,135,27,51,63,64,45,120"/><T76/><D85/><U118/><E118/><V101/><F79/><W125/><G110/><T80/><D49/><U75/><E130/><V82/><F104/><W128/><G128/><T111/><D31/><U59/><E132/><V94/><F82/><W43/><G135/><T58/><D58/><U22/><E127/><V61/><F61/><W87/><G125/><T78/><D78/><U119/><E119/><V67/><F67/><W73/><G106/><T116/><D134/><U60/><E75/><V34/><F34/><W50/><G73/><T35/><D121/><U93/><E93/><V114/><F21/><W8/><G120/><T42/><D42/><U88/><E26/><V71/><F71/><W86/><G77/><T81/><D81/><U97/><E97/><V91/><F91/><W107/><G107/><T126/><D126/><U52/><REACH who="1" step="1"/><E88/><REACH who="1" ten="285,230,184,271" step="2"/><V113/><N who="2" m="28672" /><DORA hai="57" /><V7/><F101/><W6/><G87/><T20/><D117/><U15/><E15/><V66/><F103/><W95/><G86/><T124/><D116/><U56/><E56/><V90/><F90/><W17/><G95/><T39/><D124/><U98/><E98/><N who="2" m="57679" /><F66/><W30/><G64/><T123/><D96/><U122/><E122/><V38/><F2/><W16/><G63/><T131/><D123/><U44/><E44/><AGARI ba="2,3" hai="6,8,12,16,17,23,27,30,43,44,45,50,51,54" machi="44" ten="30,8000,1" yaku="7,1,8,1,52,2,54,1" doraHai="13,57" who="3" fromWho="1" sc="285,0,230,-86,184,0,271,116" /><INIT seed="5,0,0,0,2,109" ten="285,144,184,387" oya="1" hai0="84,62,81,98,12,58,79,23,34,94,87,15,26" hai1="7,38,93,110,5,53,72,20,50,121,51,70,56" hai2="96,99,6,108,130,59,66,40,126,1,0,57,47" hai3="64,133,21,75,29,11,54,35,65,8,32,101,122"/><U105/><E110/><V102/><F108/><W42/><G75/><T124/><D34/><U106/><E121/><V27/><F126/><W128/><G122/><T19/><D124/><U9/><E72/><V73/><F73/><W112/><G42/><T16/><D87/><U86/><E70/><V111/><F130/><W89/><G128/><T100/><D19/><U41/><E38/><V115/><F99/><W97/><G133/><T2/><REACH who="0" step="1"/><D2/><REACH who="0" ten="275,144,184,387" step="2"/><U123/><E123/><V116/><F1/><W33/><G35/><T68/><D68/><U43/><E20/><V37/><F0/><W77/><G33/><T71/><D71/><U13/><E86/><V46/><F111/><W52/><G21/><T61/><D61/><U134/><E134/><V30/><F30/><W63/><G29/><T67/><AGARI ba="0,1" hai="12,15,16,23,26,58,62,67,79,81,84,94,98,100" machi="67" ten="20,12000,2" yaku="1,1,0,1,7,1,8,1,54,1,53,1" doraHai="109" doraHaiUra="78" who="0" fromWho="0" sc="275,130,144,-60,184,-30,387,-30" /><INIT seed="6,0,0,3,5,93" ten="405,84,154,357" oya="2" hai0="110,118,121,71,48,106,99,82,70,112,41,44,133" hai1="119,96,134,47,28,45,55,124,37,108,67,60,123" hai2="38,126,39,87,120,116,125,13,63,91,53,17,35" hai3="9,69,72,129,113,102,130,98,128,24,65,23,92"/><V62/><F35/><W16/><G72/><T59/><D121/><U135/><E108/><V36/><F116/><W61/><G9/><T80/><D118/><U68/><E28/><V50/><F120/><W8/><G8/><T84/><D112/><AGARI ba="0,0" hai="16,23,24,61,65,69,92,98,102,112,113,128,129,130" machi="112" ten="50,6400,0" yaku="19,1,52,1,54,1" doraHai="93" who="3" fromWho="0" sc="405,-64,84,0,154,0,357,64" /><INIT seed="7,0,0,0,2,15" ten="341,84,154,421" oya="3" hai0="60,90,131,46,132,32,110,44,61,88,120,16,65" hai1="84,69,118,72,53,134,112,37,30,21,51,57,52" hai2="104,101,108,67,41,35,13,49,100,58,103,89,68" hai3="128,85,93,78,48,39,95,8,86,50,10,117,76"/><W94/><G39/><T124/><D32/><U87/><E72/><V98/><F108/><W63/><G63/><T20/><D120/><U38/><E112/><V31/><F89/><N who="0" m="34410" /><D110/><U26/><E69/><V27/><F13/><W6/><G128/><T91/><D132/><U116/><E134/><V5/><F5/><W83/><G117/><T77/><D77/><U22/><E38/><V92/><F92/><W47/><G6/><T14/><D131/><U115/><E115/><V42/><F58/><W96/><G96/><T56/><D124/><U113/><E37/><V133/><F133/><W129/><G129/><T75/><D75/><U7/><E7/><V114/><F114/><W109/><G109/><T25/><D61/><U33/><E113/><V66/><F66/><W2/><G2/><T126/><D126/><U105/><E105/><V125/><F125/><W12/><G94/><T79/><D79/><U106/><E106/><V11/><F11/><W34/><G95/><T62/><D62/><U40/><E40/><N who="2" m="15467" /><F49/><W82/><G93/><T36/><D36/><U81/><E53/><V18/><F67/><W24/><G34/><T55/><D65/><U64/><E64/><V17/><F68/><W119/><G119/><T121/><D91/><U99/><E99/><V9/><F98/><W102/><G78/><T74/><D74/><U107/><E107/><V70/><F104/><W28/><G76/><T54/><D121/><U135/><E135/><V45/><F70/><W130/><G130/><T97/><D97/><U19/><E116/><V123/><F123/><W127/><G127/><RYUUKYOKU ba="0,0" sc="341,0,84,0,154,0,421,0" owari="341,14.0,84,-42.0,154,-25.0,421,53.0" /></mjloggm>