<mjloggm ver="2.3"><GO type="41" lobby="0"/><UN n0="%E3%82%B3%E3%83%9F" n1="%E5%B0%B1%E6%B4%BB%E7%94%9F%40%E5%B7%9D%E6%9D%91%E8%BB%8D%E5%9B%A3" n2="%E3%83%AC%E3%82%AA%E3%81%9F%E3%82%93" n3="%E3%82%B4%E3%83%83%E3%82%B5%E3%83%A0%E7%9B%B8%E6%A8%A1" dan="15,15,13,13" rate="2021.79,2008.96,1833.22,1831.08" sx="M,M,M,M"/><TAIKYOKU oya="0"/><INIT seed="0,0,0,1,3,85" ten="250,250,250,250" oya="0" hai0="39,133,12,32,35,79,52,121,66,74,71,73,34" hai1="75,81,119,86,109,101,37,38,128,122,124,130,83" hai2="7,16,49,92,58,72,19,5,123,1,113,60,100" hai3="51,84,42,21,103,125,95,107,50,90,114,98,112"/><T4/><D121/><U22/><E119/><V77/><F123/><W96/><G125/><T57/><D39/><U31/><E122/><V29/><F113/><W24/><G114/><T18/><D4/><U59/><E124/><V93/><F29/><W64/><G64/><T62/><D79/><U89/><E109/><V104/><F49/><W2/><G2/><T13/><D133/><U70/><E70/><V97/><F5/><W68/><G68/><T3/><D3/><U44/><E101/><V26/><F92/><W118/><G118/><T80/><D80/><U105/><E105/><V6/><F1/><W69/><G69/><T54/><D13/><U14/><E59/><V36/><F36/><W20/><G20/><T61/><REACH who="0" step="1"/><D54/><REACH who="0" ten="240,250,250,250" step="2"/><U102/><E81/><V33/><F77/><W82/><G112/><T27/><D27/><U55/><E14/><V99/><F26/><W63/><G42/><T11/><AGARI ba="0,1" hai="11,12,18,32,34,35,52,57,61,62,66,71,73,74" machi="11" ten="30,11700,0" yaku="1,1,0,1,54,1,53,1" doraHai="85" doraHaiUra="10" who="0" fromWho="0" sc="240,127,250,-39,250,-39,250,-39" /><INIT seed="0,1,0,3,0,107" ten="367,211,211,211" oya="0" hai0="9,127,38,113,17,26,34,117,116,86,66,63,96" hai1="46,128,59,33,62,47,29,58,124,35,43,87,89" hai2="76,28,69,120,112,42,125,4,126,135,5,105,108" hai3="21,68,129,83,73,104,57,71,45,50,61,22,56"/><T10/><D113/><U106/><E106/><V72/><F120/><W75/><G104/><T70/><D38/><U51/><E128/><V53/><F112/><W123/><G123/><T114/><D114/><U19/><E124/><N who="2" m="47723" /><F69/><W25/><G129/><T18/><D127/><U84/><E29/><V13/><F105/><W131/><G131/><T101/><D86/><U110/><E110/><V92/><F28/><W12/><G83/><T134/><D134/><U100/><E100/><V81/><F42/><W24/><G12/><T118/><D34/><U40/><E19/><V78/><F108/><W67/><G45/><T133/><D133/><U54/><E59/><V99/><F53/><W14/><G14/><T37/><D37/><U93/><REACH who="1" step="1"/><E84/><REACH who="1" ten="367,201,211,211" step="2"/><V6/><F135/><W27/><G68/><N who="0" m="42079" /><D18/><U109/><E109/><V2/><F2/><W31/><G71/><T115/><D115/><U11/><E11/><N who="2" m="4327" /><F78/><W97/><G97/><T102/><D70/><U23/><E23/><V44/><F44/><W55/><REACH who="3" step="1"/><G27/><REACH who="3" ten="367,201,211,201" step="2"/><T103/><D96/><U90/><E90/><AGARI ba="1,2" hai="5,6,72,76,81,90,92,99" m="4327,47723" machi="90" ten="30,2000,0" yaku="18,1,52,1" doraHai="107" who="2" fromWho="1" sc="367,0,201,-23,211,43,201,0" /><INIT seed="1,0,0,1,1,57" ten="367,178,254,201" oya="1" hai0="81,75,38,83,46,15,115,82,51,5,67,42,120" hai1="63,74,26,9,29,37,14,18,43,39,127,87,129" hai2="59,8,95,76,99,23,126,77,25,27,55,10,107" hai3="48,4,54,112,132,119,124,3,128,102,60,65,113"/><U103/><E74/><V86/><F107/><W88/><G4/><T32/><D115/><U47/><E129/><V66/><F126/><W50/><G3/><T72/><D32/><U106/><E127/><V93/><F66/><W20/><G124/><T19/><D5/><U96/><E87/><V133/><F133/><W79/><G20/><T40/><D120/><U12/><E12/><V7/><F27/><W91/><G102/><T135/><D135/><U84/><E84/><V53/><F53/><W89/><G132/><T64/><D38/><U30/><E39/><V109/><F109/><W2/><G2/><T41/><D75/><U92/><E106/><V122/><F122/><W105/><G105/><T56/><D72/><U44/><E44/><V62/><F8/><W17/><G128/><T94/><D94/><U11/><E11/><V85/><F85/><W108/><G108/><T31/><D31/><U130/><E130/><V69/><F69/><W22/><G79/><T134/><D134/><U117/><E117/><V80/><F77/><W6/><G6/><T13/><D13/><U123/><E123/><V131/><F99/><W0/><G0/><T90/><D90/><U125/><E125/><V101/><F101/><W36/><G36/><T104/><D104/><U21/><REACH who="1" step="1"/><E63/><REACH who="1" ten="367,168,254,201" step="2"/><V35/><F131/><W52/><G119/><T111/><D111/><U45/><E45/><V114/><F114/><W110/><G110/><T34/><D46/><U98/><E98/><V70/><F70/><N who="3" m="42279" /><G113/><T1/><D1/><U78/><E78/><V16/><F35/><W100/><G112/><RYUUKYOKU ba="0,1" sc="367,-15,168,15,254,15,201,-15" hai1="9,14,18,21,26,29,30,37,43,47,92,96,103" hai2="7,10,16,23,25,55,59,62,76,80,86,93,95" /><INIT seed="1,1,1,2,0,14" ten="352,183,269,186" oya="1" hai0="7,126,48,96,10,28,60,47,21,57,106,71,40" hai1="5,105,104,80,12,113,43,118,25,97,18,52,30" hai2="120,9,58,134,42,75,107,13,72,46,133,50,56" hai3="16,33,90,125,68,101,116,124,79,87,70,22,29"/><U81/><E118/><V38/><F107/><W122/><G101/><T83/><D71/><U73/><E113/><V31/><F31/><W127/><G79/><T67/><D126/><U55/><E5/><V89/><F120/><W49/><G122/><T95/><D106/><U119/><E119/><V53/><F89/><W121/><G121/><T2/><D83/><N who="1" m="31819" /><E104/><V27/><F27/><N who="3" m="18623" /><G116/><T69/><D69/><U102/><E73/><V94/><F94/><N who="3" m="54623" /><G49/><T51/><D28/><U4/><E4/><V39/><F56/><W32/><G32/><T34/><D34/><U110/><E43/><V0/><F0/><W82/><G82/><T45/><D21/><N who="1" m="15663" /><E105/><V37/><F75/><W76/><G76/><T86/><D86/><U99/><E110/><V132/><REACH who="2" step="1"/><F72/><REACH who="2" ten="352,183,259,186" step="2"/><W108/><G108/><T109/><D109/><U41/><E41/><V91/><F91/><W74/><G74/><T54/><D95/><N who="1" m="58687" /><E99/><V77/><F77/><W24/><AGARI ba="1,2" hai="16,22,24,68,70,124,125,127" m="54623,18623" machi="24" ten="30,4000,0" yaku="18,1,52,1,54,1" doraHai="14" who="3" fromWho="3" sc="352,-11,183,-21,259,-11,186,63" /><INIT seed="2,0,0,1,5,34" ten="341,162,248,249" oya="2" hai0="128,97,9,124,94,36,75,55,17,54,66,25,106" hai1="22,29,67,111,42,91,131,49,70,27,130,112,117" hai2="2,14,4,10,35,40,53,99,132,30,120,65,129" hai3="121,61,81,45,15,100,5,7,80,26,118,126,20"/><V105/><F120/><W114/><G121/><T127/><D106/><U109/><E70/><V32/><F132/><W72/><G118/><T83/><D36/><U8/><E67/><V113/><F113/><W73/><G100/><T50/><D128/><N who="1" m="49195" /><E42/><V0/><F129/><W16/><G126/><N who="0" m="48171" /><D66/><U33/><E49/><V98/><F40/><W28/><G114/><T79/><D50/><U51/><E51/><V64/><F65/><W82/><G45/><T6/><D25/><N who="1" m="18607" /><E91/><V47/><F64/><W125/><G61/><T103/><D17/><N who="1" m="12751" /><E112/><V58/><F47/><W101/><G101/><T119/><D119/><U122/><E122/><V85/><F85/><W84/><G84/><T93/><D93/><U110/><E8/><V87/><F87/><W11/><G125/><T107/><D107/><U62/><E62/><V21/><F99/><W23/><REACH who="3" step="1"/><G5/><REACH who="3" ten="341,162,248,239" step="2"/><T77/><D77/><U31/><E117/><V134/><F105/><W133/><G133/><T24/><D79/><U69/><E69/><V95/><F134/><W57/><G57/><T74/><D103/><U37/><E37/><V39/><F39/><W48/><G48/><T115/><D6/><U96/><E96/><V44/><F44/><W46/><G46/><T88/><D115/><U56/><E56/><V78/><F78/><W123/><G123/><T41/><D97/><U71/><E71/><V60/><F98/><W86/><G86/><T52/><D41/><U38/><E38/><V76/><F76/><W3/><AGARI ba="0,1" hai="3,7,11,15,16,20,23,26,28,72,73,80,81,82" machi="3" ten="30,8000,1" yaku="1,1,0,1,52,1,54,1,53,1" doraHai="34" doraHaiUra="12" who="3" fromWho="3" sc="341,-20,162,-20,248,-40,239,90" /><INIT seed="3,0,0,5,0,113" ten="321,142,208,329" oya="3" hai0="61,75,43,7,28,89,124,104,65,58,69,90,130" hai1="26,128,9,42,59,48,4,109,127,97,98,16,99" hai2="63,100,2,85,8,41,103,108,88,86,25,73,45" hai3="101,57,131,78,92,19,82,102,35,79,107,132,105"/><W112/><G35/><T114/><D104/><N who="3" m="40009" /><G57/><T0/><D114/><U27/><E109/><V93/><F108/><W117/><G19/><T120/><D75/><U74/><E128/><V47/><F73/><W134/><G112/><T118/><D120/><U21/><E127/><V116/><F116/><W29/><G29/><T133/><D124/><U18/><E74/><V106/><F63/><W95/><G131/><T36/><D130/><U115/><E115/><V80/><F25/><W23/><G23/><T72/><D72/><U71/><E71/><V111/><F111/><W32/><G32/><T66/><D28/><U77/><E77/><N who="3" m="29194" /><G82/><T40/><D58/><U55/><E42/><V39/><F47/><W56/><G56/><T81/><D65/><U46/><E18/><V135/><F106/><W129/><G129/><T91/><D81/><U122/><E122/><V123/><F123/><W24/><G24/><T34/><D34/><U96/><N who="1" m="25088" /><DORA hai="52" /><U11/><E27/><V44/><F44/><W10/><G10/><N who="1" m="3594" /><E4/><V20/><F20/><W60/><G60/><T70/><D7/><U5/><E5/><V49/><F39/><W12/><G12/><T62/><D36/><U6/><E6/><N who="2" m="1111" /><F80/><W84/><G117/><T64/><D118/><U3/><E3/><V119/><F119/><W126/><G126/><T83/><D0/><U13/><E46/><V125/><F125/><W67/><G67/><T94/><D83/><U76/><E76/><V17/><F17/><W33/><G33/><T30/><D66/><U22/><E26/><V1/><F1/><W31/><G31/><RYUUKYOKU ba="0,0" sc="321,-10,142,30,208,-10,329,-10" hai1="13,16,21,22,48,55,59" /><INIT seed="4,1,0,5,2,113" ten="311,172,198,319" oya="0" hai0="5,42,101,130,75,116,49,4,26,36,12,117,125" hai1="54,73,9,86,47,80,40,122,7,38,13,109,71" hai2="106,70,62,11,31,37,120,98,14,64,22,121,34" hai3="88,112,25,115,105,110,51,111,57,96,76,81,66"/><T123/><D123/><U102/><E122/><V103/><F22/><W60/><G51/><T93/><D36/><U74/><E109/><V104/><F37/><W67/><G67/><T95/><D75/><U79/><E71/><V18/><REACH who="2" step="1"/><F106/><REACH who="2" ten="311,172,188,319" step="2"/><W52/><G111/><T44/><D130/><U21/><E21/><V19/><F19/><W6/><G110/><T30/><D125/><U108/><E108/><V132/><F132/><W20/><G6/><T15/><D4/><U61/><E102/><V85/><F85/><W92/><G105/><T16/><D5/><U0/><E0/><V127/><F127/><W32/><G32/><T87/><D101/><U128/><E128/><V41/><F41/><W99/><G66/><T50/><D87/><U63/><E74/><V43/><F43/><W17/><REACH who="3" step="1"/><G99/><REACH who="3" ten="311,172,188,309" step="2"/><T65/><D65/><U91/><REACH who="1" step="1"/><E54/><REACH who="1" ten="311,162,188,309" step="2"/><V107/><F107/><W2/><G2/><T94/><D42/><U126/><E126/><V84/><F84/><AGARI ba="1,3" hai="17,20,25,52,57,60,76,81,84,88,92,96,112,115" machi="84" ten="40,12000,2" yaku="1,1,25,2,54,2,53,1" doraHai="113" doraHaiUra="59" who="3" fromWho="2" sc="311,0,162,0,188,-123,309,153" /><INIT seed="5,0,0,5,4,57" ten="311,162,65,462" oya="1" hai0="58,86,101,130,17,1,62,56,135,77,53,4,55" hai1="118,11,90,129,27,126,46,71,79,61,41,88,54" hai2="14,65,105,52,23,76,38,32,89,51,100,123,42" hai3="133,16,121,82,114,68,39,70,8,26,13,96,111"/><U49/><E118/><V43/><F123/><W128/><G39/><T109/><D109/><U107/><E107/><V45/><F32/><W92/><G121/><T104/><D130/><U5/><E129/><V18/><F76/><W102/><G128/><T83/><D135/><U59/><E126/><V9/><F105/><W125/><G111/><T10/><D17/><U15/><E79/><V33/><F33/><W40/><G125/><T2/><D104/><U69/><E69/><V47/><F100/><W66/><G40/><T95/><D101/><U98/><E98/><V75/><F75/><W64/><G133/><T37/><D37/><U119/><E119/><V91/><F65/><W0/><G114/><T7/><D95/><U132/><E132/><V108/><F108/><W44/><G44/><T63/><D7/><U36/><E27/><V116/><F116/><W50/><G50/><T85/><REACH who="0" step="1"/><D1/><REACH who="0" ten="301,162,65,462" step="2"/><U87/><E87/><AGARI ba="0,1" hai="2,4,10,53,55,56,58,62,63,77,83,85,86,87" machi="87" ten="30,12000,2" yaku="1,1,2,1,7,1,9,1,52,2,53,0" doraHai="57" doraHaiUra="60" who="0" fromWho="1" sc="301,130,162,-120,65,0,462,0" /><INIT seed="6,0,0,1,2,50" ten="431,42,65,462" oya="2" hai0="66,36,116,46,79,118,28,95,123,0,74,17,70" hai1="47,63,18,1,72,124,77,52,121,59,106,56,24" hai2="132,102,67,84,103,135,7,94,23,57,104,131,133" hai3="93,27,113,19,83,125,20,14,25,109,3,80,96"/><V2/><F104/><W122/><G109/><T5/><D123/><U68/><E1/><V85/><F2/><W48/><G122/><T6/><D95/><U97/><E121/><V21/><F7/><W92/><G3/><T82/><D17/><U108/><E108/><V39/><F39/><W89/><G125/><T4/><D28/><U111/><E111/><V60/><F131/><W10/><G113/><T49/><D0/><U13/><E124/><V87/><REACH who="2" step="1"/><F94/><REACH who="2" ten="431,42,55,462" step="2"/><W34/><G93/><T98/><D36/><U33/><E68/><V16/><F16/><W11/><G34/><T112/><D112/><U117/><E117/><V115/><F115/><W130/><G130/><T41/><D116/><U119/><E119/><V62/><F62/><W91/><G92/><T76/><D118/><U105/><E105/><V58/><F58/><W54/><G19/><T100/><D6/><U120/><E59/><V32/><F32/><W64/><G48/><T53/><D5/><U73/><E120/><V55/><F55/><W15/><G54/><T128/><D4/><U42/><E33/><V61/><F61/><W86/><G64/><T26/><D53/><U9/><E24/><V75/><F75/><W51/><G51/><T8/><D128/><U44/><E42/><V81/><F81/><W129/><G129/><T134/><D26/><U99/><E106/><V12/><F12/><W29/><G29/><T126/><D74/><U88/><E99/><V65/><F65/><W69/><G69/><T43/><D70/><U127/><E127/><V22/><AGARI ba="0,1" hai="21,22,23,57,60,67,84,85,87,102,103,132,133,135" machi="22" ten="40,12000,1" yaku="1,1,0,1,29,2,20,1,53,0" doraHai="50" doraHaiUra="38" who="2" fromWho="2" sc="431,-40,42,-40,55,130,462,-40" /><INIT seed="6,1,0,5,1,122" ten="391,2,185,422" oya="2" hai0="116,131,10,9,121,59,118,72,31,115,70,14,85" hai1="84,15,19,54,88,123,92,58,111,87,114,5,24" hai2="49,52,107,46,20,73,82,36,18,98,71,90,75" hai3="16,108,39,109,96,56,133,69,126,30,117,95,8"/><V33/><F71/><W43/><G117/><T27/><D70/><U28/><E123/><V86/><F33/><W64/><G30/><T80/><D72/><U130/><E5/><V99/><F36/><W32/><G32/><T7/><D121/><U129/><E114/><V74/><REACH who="2" step="1"/><F107/><REACH who="2" ten="391,2,175,422" step="2"/><W79/><G69/><T35/><D116/><U97/><E111/><V81/><F81/><W48/><G39/><T12/><D118/><U63/><E129/><V94/><F94/><W29/><G95/><T2/><D131/><U47/><E130/><V119/><F119/><W40/><G109/><T21/><D35/><U135/><E135/><V6/><F6/><W23/><G133/><T128/><D128/><U53/><E28/><V51/><F51/><W89/><G29/><T55/><D115/><U4/><E4/><V38/><F38/><W62/><G108/><T1/><D80/><U102/><E102/><V60/><F60/><W41/><G48/><T120/><D120/><U110/><E110/><V104/><F104/><W3/><G62/><T112/><D112/><U125/><E125/><V76/><F76/><W100/><G126/><T66/><D7/><U134/><E134/><V113/><F113/><W61/><G100/><T44/><D31/><U101/><E101/><V45/><F45/><W68/><G68/><T132/><D44/><U37/><E15/><V50/><F50/><W57/><G61/><N who="0" m="36095" /><D132/><U0/><E0/><V34/><F34/><W13/><G79/><T103/><D2/><U11/><E11/><N who="0" m="4105" /><D1/><U67/><E67/><V17/><F17/><W78/><G64/><RYUUKYOKU ba="1,1" sc="391,-10,2,-10,175,30,422,-10" hai2="18,20,46,49,52,73,74,75,82,86,90,98,99" owari="381,18.0,-8,-51.0,205,-19.0,422,52.0" /></mjloggm>