<mjloggm ver="2.3"><GO type="41" lobby="0"/><UN n0="%E5%B0%B1%E6%B4%BB%E7%94%9F%40%E5%B7%9D%E6%9D%91%E8%BB%8D%E5%9B%A3" n1="%EF%BC%A1%E3%83%9D%E3%82%B1" n2="%E3%81%9F%E3%81%A3%E3%81%91%E3%83%BC" n3="%73%75%7A%75%6D%65%E3%81%AE%E6%B6%99" dan="15,14,14,14" rate="2025.92,1964.39,1913.29,1957.99" sx="M,M,M,M"/><TAIKYOKU oya="0"/><INIT seed="0,0,0,0,1,49" ten="250,250,250,250" oya="0" hai0="77,85,18,131,12,39,71,11,41,114,132,94,91" hai1="62,99,42,103,117,63,75,14,47,84,96,51,13" hai2="3,116,58,109,8,5,33,57,38,78,32,118,68" hai3="4,112,128,88,93,52,100,123,130,70,98,24,129"/><T16/><D71/><U59/><E75/><V64/><F38/><W1/><G70/><T104/><D104/><U101/><E117/><V67/><F109/><W43/><G43/><T113/><D114/><U9/><E84/><V53/><F68/><W73/><G112/><T35/><D113/><U7/><E14/><V36/><F36/><W127/><G73/><T20/><D131/><U111/><E111/><V82/><F58/><W92/><G24/><T65/><D35/><U61/><E59/><V108/><F108/><W48/><G123/><T40/><D132/><U34/><E34/><V55/><F33/><W125/><G4/><T25/><D39/><U134/><E134/><V102/><F102/><AGARI ba="0,0" hai="7,9,13,42,47,51,61,62,63,96,99,101,102,103" machi="102" ten="40,1300,0" yaku="8,1" doraHai="49" who="1" fromWho="2" sc="250,0,250,13,250,-13,250,0" /><INIT seed="1,0,0,5,0,104" ten="250,263,237,250" oya="1" hai0="47,21,38,76,69,44,85,87,122,67,121,75,20" hai1="127,114,106,50,120,59,9,15,77,92,74,33,90" hai2="25,73,64,91,79,102,89,63,111,40,116,57,61" hai3="103,49,88,109,80,48,55,66,43,70,98,124,27"/><U81/><E33/><V93/><F116/><W34/><G109/><T62/><D75/><U52/><E120/><N who="0" m="46185" /><D38/><U24/><E114/><V96/><F111/><W83/><G124/><T18/><D20/><U133/><E127/><V1/><F1/><W16/><G43/><T29/><D29/><U28/><E106/><V97/><F40/><W60/><G88/><T94/><D94/><U125/><E125/><V126/><F126/><W19/><G49/><T65/><D65/><U32/><E133/><V118/><F118/><W95/><G34/><T71/><D71/><U130/><E130/><V131/><F131/><W36/><G36/><T0/><D0/><U72/><E81/><V117/><F117/><W8/><G27/><N who="0" m="14775" /><D76/><U6/><REACH who="1" step="1"/><E77/><REACH who="1" ten="250,253,237,250" step="2"/><V14/><F79/><W13/><G83/><T108/><D108/><U112/><E112/><V30/><F93/><W128/><G80/><T4/><D87/><AGARI ba="0,1" hai="6,9,15,24,28,32,50,52,59,72,74,87,90,92" machi="87" ten="30,18000,2" yaku="1,1,7,1,52,2,54,1,53,1" doraHai="104" doraHaiUra="11" who="1" fromWho="0" sc="250,-180,253,190,237,0,250,0" /><INIT seed="1,1,0,1,4,103" ten="70,443,237,250" oya="1" hai0="54,40,65,133,61,25,12,87,119,22,33,128,19" hai1="21,84,81,113,35,76,112,116,28,46,95,59,130" hai2="122,109,30,31,48,118,58,52,50,108,97,42,135" hai3="18,121,64,63,53,49,131,106,15,124,38,79,3"/><U11/><E35/><V1/><F1/><W96/><G3/><T47/><D119/><U2/><E116/><V41/><F118/><W82/><G121/><T83/><D128/><U36/><E130/><V134/><F122/><W17/><G124/><T60/><D133/><N who="2" m="50698" /><F97/><W92/><G131/><T56/><D33/><U68/><E68/><V126/><F126/><W44/><G106/><T8/><D40/><N who="2" m="15466" /><F31/><W86/><G38/><T55/><D47/><U66/><E36/><V89/><F89/><W74/><G74/><T29/><REACH who="0" step="1"/><D60/><REACH who="0" ten="60,443,237,250" step="2"/><U62/><E46/><N who="2" m="27671" /><F30/><W39/><G44/><T14/><D14/><U78/><E28/><V132/><F132/><W100/><G15/><T80/><D80/><U34/><E81/><V9/><F9/><W91/><G39/><T6/><D6/><U125/><E11/><V45/><F58/><W26/><G82/><T7/><D7/><U43/><E59/><V73/><F73/><W51/><G79/><AGARI ba="1,1" hai="8,12,19,22,25,29,54,55,56,61,65,79,83,87" machi="79" ten="30,7700,0" yaku="1,1,7,1,8,1,53,1" doraHai="103" doraHaiUra="72" who="0" fromWho="3" sc="60,90,443,0,237,0,250,-80" /><INIT seed="2,0,0,5,4,125" ten="150,443,237,170" oya="2" hai0="33,19,18,96,93,10,17,13,87,20,5,69,4" hai1="80,2,121,77,16,53,23,60,91,107,74,34,39" hai2="42,108,36,126,22,114,81,3,90,127,118,44,66" hai3="101,41,132,111,113,32,48,59,56,15,63,79,102"/><V85/><F118/><W68/><G32/><T47/><D69/><U106/><E2/><V116/><F114/><W103/><G111/><T94/><D33/><U45/><E34/><V57/><F116/><W7/><G113/><T100/><D5/><U50/><E121/><V99/><F3/><W8/><G132/><T67/><D67/><U120/><E120/><V73/><F108/><W61/><G68/><T25/><D47/><U31/><E31/><V1/><F1/><W54/><G79/><T117/><D117/><U134/><E134/><V26/><F73/><W105/><G105/><T82/><REACH who="0" step="1"/><D94/><REACH who="0" ten="140,443,237,170" step="2"/><U104/><E104/><V51/><F66/><W128/><G41/><T135/><D135/><U6/><E6/><V46/><F57/><W71/><G71/><T97/><D97/><U133/><E133/><V123/><F99/><W110/><G110/><T62/><D62/><U124/><E60/><V24/><F123/><W55/><REACH who="3" step="1"/><G63/><REACH who="3" ten="140,443,237,160" step="2"/><T122/><D122/><U52/><E107/><V27/><F127/><W30/><G30/><T38/><D38/><U11/><E106/><V21/><REACH who="2" step="1"/><F126/><REACH who="2" ten="140,443,227,160" step="2"/><W14/><G14/><T75/><D75/><U58/><E124/><V72/><F72/><W76/><G76/><AGARI ba="0,3" hai="4,10,13,17,18,19,20,25,76,82,87,93,96,100" machi="76" ten="30,3900,0" yaku="1,1,7,1,8,1,53,0" doraHai="125" doraHaiUra="119" who="0" fromWho="3" sc="140,69,443,0,227,0,160,-39" /><INIT seed="3,0,0,2,3,12" ten="209,443,227,121" oya="3" hai0="45,132,117,56,75,66,91,38,39,99,46,29,64" hai1="36,81,130,52,49,92,53,97,109,82,72,73,3" hai2="94,27,62,80,133,60,85,40,107,125,135,34,10" hai3="11,21,55,28,42,19,23,123,86,110,105,48,41"/><W87/><G123/><T112/><D75/><U35/><E3/><V101/><F125/><W120/><G120/><T102/><D112/><U106/><E36/><V43/><F107/><W104/><G110/><T118/><D91/><U96/><E35/><V47/><F34/><W119/><G11/><T13/><D132/><U65/><E65/><V57/><F43/><N who="3" m="16395" /><G105/><T5/><D29/><U61/><E61/><V93/><F135/><W9/><G104/><T44/><D39/><U79/><E49/><V76/><F62/><W2/><G2/><T111/><D38/><U74/><E52/><V115/><F115/><W30/><G119/><T128/><D128/><U114/><E53/><V70/><F70/><W33/><G33/><T37/><D37/><U58/><E58/><V116/><F116/><W126/><G9/><T50/><D111/><U88/><E109/><V26/><F133/><W90/><G23/><T59/><D117/><U51/><E51/><V18/><F27/><N who="3" m="14783" /><G126/><T1/><D1/><U24/><E24/><V124/><F124/><W17/><G17/><T69/><D69/><U31/><E31/><N who="3" m="11818" /><G90/><T71/><D71/><U131/><E114/><V54/><F101/><W6/><G6/><T68/><D118/><U22/><E22/><N who="2" m="13655" /><F10/><W134/><G134/><T77/><D68/><U15/><E15/><V95/><F95/><W63/><G63/><T16/><D5/><U129/><E82/><V67/><F67/><N who="0" m="25642" /><D50/><AGARI ba="0,0" hai="40,47,50,54,57,60,76,80,85,93,94" m="13655" machi="50" ten="30,2000,0" yaku="8,1,52,1" doraHai="12" who="2" fromWho="0" sc="209,-20,443,0,227,20,121,0" /><INIT seed="4,0,0,0,2,86" ten="189,443,247,121" oya="0" hai0="108,125,67,124,81,1,84,42,24,69,52,99,83" hai1="38,47,114,45,103,127,97,25,36,23,63,92,80" hai2="64,20,26,106,88,3,12,46,93,130,14,60,110" hai3="33,59,39,18,44,109,22,27,111,57,49,122,8"/><T29/><D1/><U78/><E127/><N who="0" m="48713" /><D108/><U7/><E114/><V19/><F110/><W61/><G122/><T121/><D121/><U104/><E7/><V89/><F106/><W98/><G39/><T53/><D42/><U50/><E104/><V21/><F3/><W96/><G33/><N who="0" m="20647" /><D99/><U76/><E76/><V70/><F130/><W4/><G109/><T72/><D72/><U35/><E35/><V74/><F74/><W56/><G61/><N who="0" m="40175" /><D83/><U129/><E47/><V77/><F77/><AGARI ba="0,0" hai="52,53,77,81,84" m="40175,20647,48713" machi="77" ten="30,2900,0" yaku="18,1,54,1" doraHai="86" who="0" fromWho="2" sc="189,29,443,0,247,-29,121,0" /><INIT seed="4,1,0,5,2,58" ten="218,443,218,121" oya="0" hai0="119,24,26,54,122,133,109,86,73,52,65,27,94" hai1="41,18,71,104,16,110,63,34,124,33,130,116,39" hai2="115,72,12,70,59,56,120,75,46,78,25,32,42" hai3="91,84,98,121,113,31,89,47,43,48,67,61,90"/><T74/><D109/><U1/><RYUUKYOKU type="yao9" ba="1,0" sc="218,0,443,0,218,0,121,0" hai1="1,16,18,33,34,39,41,63,71,104,110,116,124,130" /><INIT seed="4,2,0,0,3,57" ten="218,443,218,121" oya="0" hai0="20,33,114,16,6,131,4,106,5,81,117,89,111" hai1="119,50,93,15,74,48,29,23,97,92,101,127,85" hai2="44,83,24,84,19,108,60,65,49,135,70,53,54" hai3="17,9,78,87,130,37,40,116,46,126,0,41,79"/><T103/><D33/><U22/><E74/><V96/><F135/><W98/><G126/><T7/><D117/><U8/><E119/><V36/><F108/><W134/><G130/><T63/><D111/><U13/><E127/><V132/><F132/><W1/><G41/><T107/><D131/><U28/><E85/><V10/><F96/><W26/><G134/><T56/><D114/><U76/><E76/><V100/><F100/><W35/><G116/><T99/><D107/><U55/><E93/><V125/><F125/><W31/><G98/><T109/><D109/><U80/><E80/><V90/><F36/><W105/><G105/><T66/><N who="0" m="1024" /><DORA hai="115" /><T18/><REACH who="0" step="1"/><D20/><REACH who="0" ten="208,443,218,121" step="2"/><U95/><E23/><N who="2" m="13439" /><F10/><W67/><G9/><T2/><D2/><U32/><E22/><V118/><F118/><W133/><G0/><T69/><D69/><U124/><E8/><V123/><F70/><W75/><G1/><T51/><D51/><U64/><E50/><V68/><F68/><W25/><G133/><T113/><D113/><U3/><E3/><V42/><F123/><W47/><G35/><T102/><D102/><U27/><E124/><V82/><F49/><W104/><G104/><T88/><D88/><U62/><E32/><V110/><F110/><W52/><G37/><T14/><D14/><U120/><E15/><V21/><F21/><W86/><G79/><T39/><D39/><U128/><E13/><V43/><F90/><W59/><G78/><T12/><D12/><U91/><E128/><V11/><F11/><W122/><G122/><T61/><D61/><U121/><E121/><RYUUKYOKU ba="2,1" sc="208,30,443,-10,218,-10,121,-10" hai0="16,18,56,63,66,81,89,99,103,106" /><INIT seed="4,3,1,0,0,128" ten="238,433,208,111" oya="0" hai0="64,59,60,23,20,115,37,70,90,103,34,13,76" hai1="94,81,14,19,129,58,119,113,4,96,73,120,55" hai2="57,109,18,47,74,87,104,112,11,92,29,79,125" hai3="69,65,99,91,31,22,131,75,123,30,49,124,3"/><T2/><D34/><U121/><E129/><V86/><F112/><W0/><G131/><T28/><D2/><U116/><E4/><V26/><F109/><W42/><G75/><T84/><D115/><U46/><E113/><V61/><F104/><W66/><G49/><T101/><D37/><U27/><E27/><V71/><F125/><W17/><G42/><T98/><D76/><U44/><E44/><V133/><F71/><W16/><G99/><T89/><D70/><U95/><E95/><V33/><F74/><W85/><G69/><T40/><D40/><U24/><E24/><V114/><F114/><W106/><G22/><N who="0" m="8235" /><D13/><U77/><E46/><V130/><F130/><W122/><G124/><T102/><D28/><U9/><E119/><V1/><F47/><W21/><G21/><T62/><D62/><U12/><E12/><V107/><F107/><W117/><G106/><T43/><D43/><U67/><E67/><V8/><F79/><W6/><G6/><T25/><D25/><U50/><REACH who="1" step="1"/><E116/><REACH who="1" ten="238,423,208,111" step="2"/><V127/><F127/><W45/><G45/><T54/><D64/><U51/><E51/><V93/><F1/><W108/><G117/><T63/><D63/><U126/><E126/><V110/><F61/><W36/><G108/><T111/><D111/><U52/><E52/><V68/><F110/><W39/><G85/><T134/><D84/><U38/><E38/><V82/><F87/><W72/><G72/><T97/><D97/><U83/><E83/><V78/><F82/><W88/><AGARI ba="3,2" hai="0,3,16,17,30,31,36,39,65,66,88,91,122,123" machi="88" ten="25,8000,1" yaku="0,1,22,2,54,2" doraHai="128" who="3" fromWho="3" sc="238,-43,423,-23,208,-23,111,109" /><INIT seed="5,0,0,0,3,108" ten="195,400,185,220" oya="1" hai0="20,99,131,76,33,128,83,84,41,102,40,123,113" hai1="1,93,126,127,21,25,37,68,60,94,95,71,12" hai2="115,16,75,3,17,4,7,63,109,103,80,56,11" hai3="8,135,57,107,70,73,122,27,82,54,61,67,81"/><U35/><E1/><V18/><F109/><W69/><G135/><T65/><D33/><U78/><E37/><V53/><F103/><W43/><G122/><T91/><D65/><U92/><E35/><V116/><F116/><W5/><G107/><N who="0" m="63967" /><D123/><U105/><E105/><V66/><F7/><W59/><G27/><T114/><D20/><U58/><E78/><V10/><F66/><W45/><G73/><N who="0" m="43407" /><D41/><U55/><E12/><V13/><F115/><N who="0" m="44042" /><D40/><U39/><E39/><V28/><F28/><W134/><G134/><T74/><D74/><U44/><E44/><V129/><F129/><W26/><G26/><T118/><D118/><U112/><E112/><V50/><F75/><W36/><G59/><T14/><D14/><U130/><E130/><V125/><F50/><N who="3" m="30935" /><G69/><T87/><D87/><U110/><E110/><V101/><F80/><AGARI ba="0,0" hai="80,84,91,128,131" m="44042,43407,63967" machi="80" ten="30,12000,2" yaku="15,1,34,2,52,3" doraHai="108" who="0" fromWho="2" sc="195,120,400,0,185,-120,220,0" /><INIT seed="6,0,0,1,2,71" ten="315,400,65,220" oya="2" hai0="68,60,45,110,113,122,101,40,61,112,129,99,58" hai1="108,126,48,92,130,100,7,47,133,37,46,118,56" hai2="51,1,21,36,28,25,12,20,23,74,64,24,91" hai3="27,77,124,69,109,107,94,120,89,102,54,121,78"/><V114/><F114/><N who="0" m="44138" /><D110/><U50/><E7/><V90/><F74/><W10/><G109/><T6/><D122/><U29/><E29/><V81/><F1/><W96/><G69/><T13/><D129/><U17/><E17/><V52/><F64/><W53/><G10/><N who="0" m="4311" /><D68/><U41/><E92/><V95/><F81/><W128/><G27/><T131/><D58/><U86/><E86/><V93/><F36/><W65/><G65/><T0/><D0/><U62/><E100/><V39/><F39/><W15/><G15/><T57/><D57/><U14/><E14/><V66/><F66/><W79/><G53/><T125/><D125/><U84/><E84/><V115/><F115/><W85/><G54/><T116/><D116/><U75/><E75/><V19/><F93/><W82/><G124/><T80/><D80/><U31/><E31/><V132/><F132/><W59/><G59/><T18/><D18/><U43/><E108/><V35/><F35/><W16/><G16/><T33/><D33/><U30/><E30/><N who="2" m="17671" /><F95/><W127/><G127/><T72/><D72/><U8/><E126/><V44/><AGARI ba="0,0" hai="12,19,21,23,25,28,44,51,52,90,91" m="17671" machi="44" ten="30,3000,0" yaku="8,1,54,1" doraHai="71" who="2" fromWho="2" sc="315,-10,400,-10,65,30,220,-10" /><INIT seed="6,1,0,4,1,123" ten="305,390,95,210" oya="2" hai0="35,34,82,52,60,77,66,17,1,125,33,30,69" hai1="59,50,44,114,83,21,91,4,115,73,133,55,109" hai2="93,68,47,108,70,92,65,11,26,32,56,75,24" hai3="119,22,20,131,86,71,46,116,37,88,117,118,101"/><V36/><F75/><W95/><G71/><T23/><D125/><U94/><E133/><V45/><F56/><W98/><G131/><T81/><D1/><U19/><E4/><V135/><F135/><W120/><G120/><T38/><D38/><U127/><E83/><V2/><F32/><W54/><N who="3" m="29696" /><DORA hai="42" /><W90/><G90/><T126/><D30/><U105/><E73/><V27/><F36/><W15/><G15/><T64/><D126/><U134/><E105/><V85/><F2/><W87/><G87/><T13/><D82/><U78/><E78/><V12/><F108/><W129/><G129/><T48/><D60/><U89/><E134/><V76/><F65/><W39/><G39/><T72/><REACH who="0" step="1"/><D69/><REACH who="0" ten="295,390,95,210" step="2"/><U5/><E127/><V84/><F76/><W58/><G37/><T53/><D53/><U40/><E55/><V62/><F62/><W29/><G29/><T14/><D14/><U6/><E115/><V110/><F27/><W51/><REACH who="3" step="1"/><G58/><REACH who="3" ten="295,390,95,200" step="2"/><T16/><D16/><U122/><E59/><V102/><F102/><W80/><AGARI ba="1,2" hai="20,22,46,51,54,80,86,88,95,98,101" m="29696" machi="80" ten="60,8000,1" yaku="1,1,2,1,0,1,52,1,54,1,53,0" doraHai="123,42" doraHaiUra="121,3" who="3" fromWho="3" sc="295,-21,390,-21,95,-41,200,103" /><INIT seed="7,0,0,2,0,78" ten="274,369,54,303" oya="3" hai0="109,125,63,112,49,24,68,58,15,113,74,30,119" hai1="13,107,54,115,66,135,4,67,37,103,17,108,55" hai2="8,44,72,93,12,99,47,122,38,116,101,85,42" hai3="87,77,33,75,96,23,9,27,79,105,40,46,89"/><W80/><G33/><T22/><D74/><U84/><E37/><V53/><F116/><W26/><G9/><T90/><D68/><U134/><E108/><V3/><F72/><W62/><G62/><T82/><D109/><U60/><E115/><N who="0" m="44105" /><D119/><U21/><E67/><V94/><F3/><W7/><G7/><T39/><D39/><U91/><E4/><V81/><F122/><W126/><G126/><T50/><D125/><U61/><E61/><V32/><F32/><W111/><G111/><T71/><D15/><U20/><E20/><V48/><F94/><W73/><G73/><T18/><D30/><U0/><E103/><V34/><F34/><W69/><G69/><T97/><D97/><U14/><E107/><V83/><REACH who="2" step="1"/><F85/><REACH who="2" ten="274,369,44,303" step="2"/><W25/><G75/><T120/><D120/><U92/><E0/><V59/><F59/><W132/><G132/><T65/><D71/><U86/><E86/><AGARI ba="0,1" hai="18,22,24,49,50,58,63,65,82,86,90" m="44105" machi="86" ten="30,3900,0" yaku="15,1,11,1,52,1" doraHai="78" who="0" fromWho="1" sc="274,49,369,-39,44,0,303,0" owari="323,12.0,330,44.0,44,-46.0,303,-10.0" /></mjloggm>