<mjloggm ver="2.3"><GO type="97" lobby="0"/><UN n0="%74%72%61%69%6E" n1="%E8%8D%BB%E7%94%9F%E4%BA%BA" n2="%68%61%6E%67%61%6B%75" n3="%E5%B0%B1%E6%B4%BB%E7%94%9F%40%E5%B7%9D%E6%9D%91%E8%BB%8D%E5%9B%A3" dan="13,15,14,14" rate="1951.05,1951.34,1944.02,1980.14" sx="M,M,M,M"/><TAIKYOKU oya="0"/><INIT seed="0,0,0,4,2,56" ten="250,250,250,250" oya="0" hai0="132,60,30,71,124,46,68,116,128,55,129,127,101" hai1="13,109,115,117,126,28,63,52,29,94,96,27,89" hai2="10,72,54,41,123,18,131,92,4,53,61,108,106" hai3="99,90,37,114,70,38,47,58,97,22,93,3,75"/><T39/><D116/><U118/><E115/><V86/><F123/><W1/><G114/><T45/><D30/><U113/><E113/><V15/><F72/><W9/><G75/><T100/><D101/><U57/><E126/><N who="0" m="48169" /><D100/><U134/><E109/><V81/><F106/><W21/><G70/><N who="0" m="26667" /><D39/><U85/><E134/><V51/><F108/><W49/><G99/><T43/><D43/><U69/><E69/><V6/><F131/><N who="0" m="50250" /><D132/><U20/><E29/><V67/><F41/><W32/><G32/><T87/><D87/><U133/><E133/><V16/><F92/><W24/><G38/><T12/><D12/><U111/><E111/><V64/><F86/><W122/><G37/><T65/><D55/><U31/><E31/><V79/><F67/><W82/><G122/><T34/><D34/><U44/><E85/><V5/><F18/><W40/><G1/><T105/><D105/><U50/><REACH who="1" step="1"/><E13/><REACH who="1" ten="250,240,250,250" step="2"/><V135/><F135/><W35/><G3/><T110/><D110/><U119/><E119/><V66/><F15/><W62/><G35/><T83/><D83/><U14/><E14/><V104/><F81/><W19/><G82/><T107/><D107/><U2/><E2/><V59/><F104/><W76/><G76/><T112/><D112/><U48/><E48/><V91/><F79/><W84/><G84/><T78/><D78/><U102/><E102/><V11/><F51/><W23/><G9/><T103/><D103/><U7/><E7/><V121/><F11/><W17/><G17/><T73/><D73/><U80/><E80/><V98/><F16/><W125/><G125/><RYUUKYOKU ba="0,1" sc="250,10,240,10,250,-30,250,10" hai0="45,46,60,65" hai1="20,27,28,44,50,52,57,63,89,94,96,117,118" hai3="19,21,22,23,24,40,47,49,58,62,90,93,97" /><INIT seed="0,1,1,0,5,96" ten="260,250,220,260" oya="0" hai0="9,100,106,10,129,65,83,61,28,71,55,81,116" hai1="74,107,99,128,114,125,110,15,104,130,30,36,87" hai2="0,50,105,70,67,133,62,98,123,75,64,11,80" hai3="18,19,73,48,14,76,131,20,5,7,27,25,42"/><T4/><D116/><U124/><E36/><V34/><F67/><W49/><G131/><N who="1" m="50218" /><E30/><V40/><F50/><N who="3" m="19563" /><G73/><T111/><D129/><U135/><E74/><V84/><F84/><W72/><G72/><T3/><D28/><U108/><E114/><V12/><F12/><N who="3" m="9287" /><G76/><T21/><D21/><U113/><E113/><V1/><F123/><W112/><G42/><T109/><D10/><U44/><E15/><V93/><F133/><W47/><G47/><T17/><D55/><U120/><E44/><V117/><F117/><W126/><G126/><N who="1" m="48746" /><E120/><V58/><F40/><W132/><G132/><T46/><D17/><U32/><E32/><V78/><F34/><W121/><G121/><T89/><D46/><U24/><E135/><V43/><F43/><W56/><G112/><T23/><D23/><U97/><E24/><N who="3" m="9290" /><G56/><T39/><D39/><U94/><E87/><V53/><F58/><W38/><G38/><T33/><D33/><U66/><E66/><V69/><F64/><W119/><G119/><T63/><D63/><U6/><E6/><V95/><F62/><W8/><AGARI ba="1,1" hai="5,7,8,14,19" m="9290,9287,19563" machi="8" ten="30,1100,0" yaku="8,1" doraHai="96" who="3" fromWho="3" sc="260,-6,250,-4,220,-4,260,24" /><INIT seed="1,0,0,4,2,37" ten="254,246,216,284" oya="1" hai0="46,4,60,1,111,135,97,107,129,27,36,121,87" hai1="78,104,64,34,8,25,54,2,100,63,101,84,45" hai2="16,86,9,105,95,96,35,20,120,40,52,61,114" hai3="17,117,13,75,131,14,56,128,21,127,77,5,48"/><U83/><E104/><V94/><F120/><W132/><G117/><T24/><D121/><U23/><E34/><V31/><F35/><W32/><G32/><T124/><D124/><U67/><E8/><V82/><F114/><W33/><G33/><T30/><D111/><U11/><E11/><V39/><F105/><W51/><G127/><T126/><D126/><U85/><E85/><V116/><F116/><W98/><G132/><T118/><D118/><U109/><E109/><V113/><F113/><W102/><G5/><T12/><D1/><U69/><E64/><V22/><F96/><W41/><G13/><T122/><D122/><U76/><E76/><N who="2" m="46407" /><F39/><W115/><G115/><T59/><D135/><U103/><E2/><V6/><F6/><W130/><G77/><T43/><D129/><U28/><E45/><V90/><F40/><W92/><G75/><T79/><D30/><U44/><E44/><V81/><F81/><W65/><G41/><T91/><D79/><U58/><REACH who="1" step="1"/><E103/><REACH who="1" ten="254,236,216,284" step="2"/><V26/><F9/><W106/><G106/><T3/><D87/><U74/><E74/><V133/><F133/><W110/><G110/><T73/><D3/><U72/><E72/><V89/><F89/><W119/><G119/><T47/><D73/><U88/><E88/><V125/><F125/><W0/><G0/><T123/><D91/><U50/><AGARI ba="0,1" hai="23,25,28,50,54,58,63,67,69,78,83,84,100,101" machi="50" ten="20,3900,0" yaku="1,1,0,1,7,1,53,0" doraHai="37" doraHaiUra="68" who="1" fromWho="1" sc="254,-13,236,49,216,-13,284,-13" /><INIT seed="1,1,0,3,3,64" ten="241,285,203,271" oya="1" hai0="106,116,18,20,102,109,30,117,107,57,21,74,98" hai1="134,93,38,50,72,84,59,7,8,44,105,0,39" hai2="123,67,43,110,95,103,83,12,66,112,61,49,119" hai3="90,130,77,53,35,45,128,81,19,87,131,96,99"/><U86/><E105/><V51/><F119/><W3/><G35/><T63/><D74/><U34/><E34/><V9/><F123/><W10/><G3/><T41/><D41/><U114/><E114/><V127/><F112/><W36/><G36/><T28/><D109/><U88/><E134/><V76/><F110/><W100/><G10/><T125/><D125/><U132/><E72/><V82/><F127/><W65/><G65/><T108/><D108/><U85/><E132/><V16/><F43/><W129/><G19/><T14/><D107/><U94/><E59/><N who="2" m="37183" /><F67/><W32/><G32/><T115/><D115/><U73/><E73/><V122/><F122/><W80/><G45/><T37/><D37/><U17/><E94/><V6/><F6/><W126/><G53/><T4/><D4/><U27/><E27/><V5/><F5/><W75/><N who="3" m="33280" /><DORA hai="54" /><W97/><REACH who="3" step="1"/><G126/><REACH who="3" ten="241,285,203,261" step="2"/><T121/><D121/><U69/><E17/><V78/><F78/><W26/><G26/><T118/><REACH who="0" step="1"/><D21/><REACH who="0" ten="231,285,203,261" step="2"/><U104/><E39/><V68/><F9/><W70/><G70/><T124/><D124/><U29/><E69/><V22/><F68/><W79/><G79/><T13/><D13/><U46/><E38/><V2/><F76/><W31/><G31/><T24/><D24/><U120/><E29/><V58/><F2/><W55/><G55/><AGARI ba="1,2" hai="14,18,20,28,30,55,57,63,98,102,106,116,117,118" machi="55" ten="40,2600,0" yaku="1,1,52,1,53,0" doraHai="64,54" doraHaiUra="60,42" who="0" fromWho="3" sc="231,49,285,0,203,0,261,-29" /><INIT seed="2,0,0,1,2,12" ten="280,285,203,232" oya="2" hai0="110,92,1,47,83,17,49,125,68,25,6,112,113" hai1="104,84,48,73,102,99,118,10,53,19,44,54,86" hai2="40,56,34,15,50,87,21,71,72,132,109,69,131" hai3="120,23,123,117,95,130,81,37,45,29,55,20,79"/><V33/><F72/><W126/><G117/><T46/><D68/><U43/><E118/><V64/><F131/><W94/><G126/><T2/><D125/><U85/><E73/><V39/><F132/><W122/><G130/><T98/><D83/><U9/><E53/><N who="2" m="31799" /><F109/><W75/><G29/><T97/><D110/><U26/><E26/><V32/><F87/><W76/><G76/><T114/><D47/><U82/><E82/><V89/><F89/><W135/><G135/><T124/><D124/><U129/><E129/><V31/><F69/><W133/><G133/><T36/><D36/><U22/><REACH who="1" step="1"/><E43/><REACH who="1" ten="280,275,203,232" step="2"/><V38/><F40/><W24/><G24/><T88/><D114/><U91/><E91/><V35/><F38/><W42/><G55/><T105/><D113/><U74/><E74/><V0/><F39/><W18/><G120/><T119/><D112/><U96/><E96/><V90/><F90/><W30/><G122/><T77/><D119/><U61/><E61/><V108/><F108/><W13/><G123/><T103/><D77/><U7/><E7/><V134/><F134/><W3/><G30/><T41/><REACH who="0" step="1"/><D6/><REACH who="0" ten="270,275,203,232" step="2"/><U62/><E62/><V80/><F80/><W65/><G81/><T115/><D115/><U60/><E60/><V116/><F116/><W27/><G79/><T127/><D127/><U52/><E52/><V8/><F71/><W57/><G42/><T28/><D28/><U58/><E58/><V14/><F31/><W70/><G75/><T11/><D11/><U67/><E67/><V66/><F8/><W128/><G65/><T101/><D101/><RYUUKYOKU ba="0,2" sc="270,15,275,15,203,-15,232,-15" hai0="1,2,17,25,41,46,49,88,92,97,98,103,105" hai1="9,10,19,22,44,48,54,84,85,86,99,102,104" /><INIT seed="3,1,2,5,2,35" ten="285,290,188,217" oya="3" hai0="90,11,89,25,46,98,121,125,50,8,122,75,128" hai1="45,29,19,111,96,0,55,47,76,88,44,72,113" hai2="104,120,81,53,32,119,22,102,31,135,28,93,126" hai3="132,12,92,131,109,87,123,13,26,1,110,127,115"/><W83/><G123/><T106/><D75/><U68/><E68/><V71/><F119/><W69/><G69/><T2/><D125/><U80/><E113/><V37/><F104/><W51/><G115/><T27/><D128/><U33/><E0/><V84/><F32/><W18/><G127/><T40/><D106/><U14/><E55/><V21/><F126/><W57/><G131/><T116/><D116/><U77/><E76/><N who="2" m="46119" /><F37/><W30/><G132/><T95/><D2/><U101/><E29/><N who="2" m="11339" /><F71/><W63/><G92/><N who="0" m="56591" /><D122/><U82/><E33/><V65/><F65/><N who="3" m="39151" /><G1/><T9/><D121/><U58/><E58/><V112/><F120/><W3/><G51/><T61/><D61/><U16/><E111/><N who="3" m="42506" /><G3/><T78/><D78/><U86/><REACH who="1" step="1"/><E14/><REACH who="1" ten="285,280,188,217" step="2"/><V134/><F112/><W118/><G118/><T20/><D20/><U23/><E23/><V117/><F117/><W52/><G52/><T94/><D94/><AGARI ba="1,3" hai="16,19,44,45,47,72,77,80,82,86,88,94,96,101" machi="94" ten="40,5200,0" yaku="1,1,54,2,53,0" doraHai="35" doraHaiUra="60" who="1" fromWho="0" sc="285,-55,280,85,188,0,217,0" owari="230,3.0,365,46.0,188,-31.0,217,-18.0" /></mjloggm>