<mjloggm ver="2.3"><GO type="97" lobby="0"/><UN n0="%6E%79%76%6F%6F" n1="%E5%B0%B1%E6%B4%BB%E7%94%9F%40%E5%B7%9D%E6%9D%91%E8%BB%8D%E5%9B%A3" n2="%E3%81%B3%E3%82%8A%E3%83%BC%E3%81%98%E3%83%BC%E3%82%93" n3="%64%61%69%74%61%6B%75%31" dan="14,14,13,14" rate="1929.99,2004.09,2017.86,1994.19" sx="M,M,M,M"/><TAIKYOKU oya="0"/><INIT seed="0,0,0,4,4,108" ten="250,250,250,250" oya="0" hai0="17,133,34,127,14,112,28,76,25,71,30,119,15" hai1="9,10,68,69,87,104,43,97,122,125,84,57,7" hai2="103,20,77,60,52,37,95,106,36,129,40,88,101" hai3="94,80,1,117,78,116,53,5,67,55,13,128,63"/><T18/><D71/><U12/><E122/><V110/><F110/><W39/><G1/><T29/><D76/><U21/><E125/><V86/><F129/><W16/><G39/><T74/><D74/><U132/><E132/><V66/><F66/><W123/><G5/><T23/><D119/><U0/><E21/><V126/><F126/><W93/><G123/><T6/><D127/><U100/><E43/><V134/><F134/><W85/><G128/><T92/><D92/><N who="3" m="35433" /><G117/><T35/><D133/><U72/><E72/><V121/><F121/><W99/><G99/><T33/><D112/><U81/><E57/><N who="2" m="34855" /><F37/><W38/><G38/><T26/><REACH who="0" step="1"/><D6/><REACH who="0" ten="240,250,250,250" step="2"/><U49/><E69/><V90/><F77/><W111/><G116/><T82/><D82/><U120/><E68/><V56/><F106/><W22/><G111/><T50/><D50/><U19/><E120/><V70/><F70/><W41/><G41/><T46/><D46/><U2/><E81/><N who="2" m="49231" /><F40/><W65/><G63/><T11/><AGARI ba="0,1" hai="11,14,15,17,18,23,25,26,28,29,30,33,34,35" machi="11" ten="40,24000,3" yaku="1,1,0,1,35,6,53,0" doraHai="108" doraHaiUra="131" who="0" fromWho="0" sc="240,250,250,-80,250,-80,250,-80" /><INIT seed="0,1,0,5,1,114" ten="490,170,170,170" oya="0" hai0="41,120,84,124,0,21,92,36,10,81,52,65,23" hai1="18,70,28,118,58,13,97,93,8,104,16,78,53" hai2="87,135,68,75,128,88,38,129,22,67,130,110,86" hai3="2,108,50,82,107,125,112,117,17,24,14,126,71"/><T94/><D120/><U69/><E104/><V45/><F110/><W100/><G71/><T19/><D65/><U35/><E118/><V7/><F75/><W44/><G2/><T46/><D124/><N who="3" m="47721" /><G82/><T59/><D10/><U26/><E78/><V27/><F135/><W61/><G61/><T99/><D0/><U43/><E43/><N who="2" m="22775" /><F7/><W4/><G108/><T109/><D109/><U119/><E119/><V127/><F127/><W3/><G24/><T9/><D9/><U31/><E31/><N who="2" m="17911" /><F88/><W62/><G62/><AGARI ba="1,0" hai="62,67,68,86,87,128,129,130" m="17911,22775" machi="62" ten="30,1000,0" yaku="19,1" doraHai="114" who="2" fromWho="3" sc="490,0,170,0,170,13,170,-13" /><INIT seed="1,0,0,3,5,40" ten="490,170,183,157" oya="1" hai0="1,24,110,48,4,20,107,108,95,43,11,91,81" hai1="18,59,62,16,53,28,112,114,31,45,88,90,134" hai2="6,130,103,109,8,13,76,29,77,89,113,25,26" hai3="122,82,10,120,84,32,127,129,21,37,117,128,111"/><U87/><E134/><V64/><F109/><N who="0" m="42090" /><D107/><U126/><E126/><V92/><F130/><N who="3" m="50283" /><G32/><T9/><D81/><N who="1" m="49263" /><E114/><V99/><F113/><W5/><G21/><T66/><D66/><U65/><E112/><V63/><F89/><N who="3" m="51351" /><G127/><T27/><D11/><U106/><E106/><V98/><F98/><W101/><G101/><T15/><D43/><U75/><E75/><V69/><REACH who="2" step="1"/><F25/><REACH who="2" ten="490,170,173,157" step="2"/><W96/><G111/><T83/><D27/><U124/><E124/><V132/><F132/><W100/><G117/><T44/><D24/><U68/><E68/><V3/><F3/><N who="3" m="319" /><G37/><T105/><D1/><U17/><E90/><V94/><F94/><AGARI ba="0,1" hai="94,96,100,120,122" m="319,51351,50283" machi="94" ten="30,1000,0" yaku="19,1" doraHai="40" who="3" fromWho="2" sc="490,0,170,0,173,-10,157,20" /><INIT seed="2,0,0,4,4,120" ten="490,170,163,177" oya="2" hai0="63,127,121,77,86,51,27,45,38,54,117,14,21" hai1="131,103,64,65,8,44,36,5,25,37,53,71,116" hai2="91,70,68,76,128,75,42,16,88,95,34,84,50" hai3="22,4,115,97,99,102,112,96,9,3,35,78,98"/><V12/><F128/><W132/><G35/><T58/><D121/><U82/><E116/><V11/><F34/><W126/><G78/><T66/><D117/><U90/><E131/><V87/><F75/><W108/><G126/><T85/><D127/><U23/><E103/><V89/><F76/><W130/><G130/><T79/><D14/><U101/><E101/><V20/><F11/><W73/><G73/><T94/><D38/><U133/><E37/><V19/><F19/><W10/><G9/><T49/><D49/><N who="1" m="28839" /><E36/><V26/><F26/><W119/><G22/><T57/><D57/><U33/><E33/><V122/><F122/><W100/><G119/><T1/><D1/><U18/><E71/><V113/><F113/><N who="3" m="43595" /><G132/><T135/><D135/><U6/><E133/><V93/><F91/><W134/><G134/><T69/><D69/><U46/><E46/><AGARI ba="0,0" hai="12,16,20,42,46,50,68,70,84,87,88,89,93,95" machi="46" ten="40,7700,0" yaku="9,1,54,2" doraHai="120" who="2" fromWho="1" sc="490,0,170,-77,163,77,177,0" /><INIT seed="2,1,0,4,0,39" ten="490,93,240,177" oya="2" hai0="67,47,135,63,62,100,32,68,70,120,80,93,77" hai1="85,27,117,105,109,54,49,94,38,99,19,130,101" hai2="112,42,10,128,116,13,55,21,24,87,57,82,95" hai3="96,107,103,71,37,79,123,40,119,124,0,60,56"/><V3/><F116/><W1/><G119/><T34/><D120/><U29/><E117/><V88/><F3/><W78/><G71/><T59/><D135/><U23/><E38/><V131/><F112/><W48/><G37/><T134/><D134/><U115/><E115/><V45/><F82/><W125/><G123/><T102/><D47/><U69/><E69/><V133/><F133/><W83/><G78/><T64/><D59/><U114/><E114/><V76/><F76/><W33/><G33/><T26/><D93/><U75/><E75/><V17/><F45/><N who="3" m="25639" /><G56/><T50/><D50/><U15/><E130/><N who="2" m="49707" /><F42/><W4/><G60/><T44/><D44/><U127/><E127/><N who="3" m="48714" /><G4/><T9/><D32/><U106/><E109/><V5/><F57/><W6/><G6/><T104/><D34/><U41/><E41/><V108/><F108/><W84/><AGARI ba="1,0" hai="0,1,79,83,84,96,103,107" m="48714,25639" machi="84" ten="30,2000,0" yaku="18,1,52,1" doraHai="39" who="3" fromWho="3" sc="490,-6,93,-6,240,-11,177,23" /><INIT seed="3,0,0,2,5,66" ten="484,87,229,200" oya="3" hai0="108,76,53,121,7,34,102,20,118,37,120,30,135" hai1="28,75,18,83,54,123,10,31,1,62,56,107,110" hai2="111,43,85,21,29,41,70,132,50,80,115,91,113" hai3="44,65,27,59,12,114,63,77,74,99,0,45,32"/><W11/><G0/><T33/><D37/><U106/><E123/><V134/><F70/><W39/><G114/><N who="2" m="43529" /><F50/><W130/><G130/><T55/><D118/><U58/><E110/><V125/><F111/><W4/><G39/><T46/><D108/><U97/><E106/><V84/><F84/><W126/><G126/><T49/><D135/><N who="2" m="51754" /><F125/><W92/><G74/><T51/><D102/><U52/><E107/><V82/><F82/><W48/><G77/><T122/><D76/><U116/><E116/><V71/><F71/><W129/><G129/><T13/><D7/><U105/><E105/><V88/><F91/><W87/><G87/><T93/><D93/><U15/><E1/><V40/><F21/><W14/><G14/><T69/><D69/><U47/><E47/><V117/><F29/><W90/><G48/><T3/><D30/><U128/><E128/><V124/><F124/><W2/><G2/><T81/><D81/><U57/><E97/><V6/><F6/><W119/><G119/><AGARI ba="0,0" hai="40,41,43,80,85,88,117,119" m="51754,43529" machi="119" ten="40,2600,0" yaku="20,1,54,1" doraHai="66" who="2" fromWho="3" sc="484,0,87,0,229,26,200,-26" owari="484,58.0,87,-41.0,255,6.0,174,-23.0" /></mjloggm>