<mjloggm ver="2.3"><GO type="97" lobby="0"/><UN n0="%E5%B0%B1%E6%B4%BB%E7%94%9F%40%E5%B7%9D%E6%9D%91%E8%BB%8D%E5%9B%A3" n1="%52%65%6D%65%6D%62%65%72" n2="%E7%99%BD%E7%9F%B3%E9%BA%BB%E8%A1%A3" n3="%E3%81%B8%E3%81%A3%E3%81%B7%E3%81%B0%E3%83%BC%E3%82%93" dan="15,15,14,13" rate="2010.38,2042.77,1886.12,1826.21" sx="M,M,M,M"/><TAIKYOKU oya="0"/><INIT seed="0,0,0,3,4,37" ten="250,250,250,250" oya="0" hai0="82,92,48,94,73,34,59,114,125,112,134,93,72" hai1="29,126,96,70,95,106,69,78,127,81,55,12,5" hai2="128,44,86,21,76,130,80,103,50,116,121,41,30" hai3="131,19,65,74,23,4,33,1,109,31,104,83,120"/><T87/><D34/><U47/><E106/><V9/><F121/><W133/><G65/><T53/><D125/><N who="1" m="47627" /><E29/><V84/><F116/><W20/><G104/><T13/><D134/><U51/><E12/><V108/><F108/><W71/><G71/><T98/><D98/><U90/><E5/><V32/><F32/><W79/><G33/><T3/><D3/><U35/><E35/><V46/><F103/><W10/><G120/><T122/><D122/><U62/><E62/><V110/><F110/><W102/><G102/><T24/><D24/><U40/><E55/><V75/><F9/><W68/><G68/><T132/><D132/><U11/><E11/><V54/><F21/><W56/><G109/><T100/><D100/><U45/><E45/><V107/><F30/><W101/><G101/><T57/><D59/><U6/><E6/><V14/><F107/><W67/><G31/><T60/><D60/><U135/><E135/><V15/><F14/><W115/><G4/><T43/><D13/><U25/><E25/><V16/><F46/><W22/><G1/><T124/><D124/><U26/><E26/><V77/><F54/><W2/><G2/><T58/><D58/><U7/><E7/><V66/><F66/><W27/><G56/><T52/><D53/><U63/><E63/><V18/><F18/><W36/><G67/><T64/><D64/><U97/><E97/><V117/><F117/><W119/><G119/><T91/><D43/><U17/><E17/><V38/><F38/><W49/><G133/><T85/><D85/><AGARI ba="0,0" hai="40,47,51,69,70,78,81,85,90,95,96" m="47627" machi="85" ten="30,2000,0" yaku="18,1,52,1" doraHai="37" who="1" fromWho="0" sc="250,-20,250,20,250,0,250,0" /><INIT seed="1,0,0,0,1,62" ten="230,270,250,250" oya="1" hai0="17,125,108,55,91,48,110,127,87,57,122,78,52" hai1="45,59,75,31,50,3,40,67,44,90,85,51,88" hai2="109,69,79,98,135,80,89,24,111,132,131,61,10" hai3="47,7,128,113,68,42,26,102,70,64,60,43,5"/><U83/><E3/><V82/><F131/><W84/><G102/><T77/><D17/><U96/><E75/><V11/><F24/><W28/><G128/><T76/><D55/><N who="1" m="30159" /><E31/><V54/><F54/><W74/><G74/><T95/><REACH who="0" step="1"/><D122/><REACH who="0" ten="220,270,250,250" step="2"/><U8/><E8/><V133/><F10/><W65/><G113/><T15/><D15/><U25/><E25/><V20/><F11/><W19/><G19/><T16/><D16/><U97/><E90/><V124/><F20/><W121/><G121/><T6/><D6/><U81/><E81/><V129/><F82/><W21/><G5/><T1/><D1/><U116/><E116/><V114/><F114/><W9/><G9/><T38/><D38/><U120/><E120/><V92/><F129/><W13/><G13/><T0/><D0/><U34/><E34/><V126/><F69/><W101/><G7/><T72/><D72/><U118/><E118/><V35/><F35/><W134/><G21/><T33/><D33/><U105/><E105/><V18/><F18/><W14/><G14/><T27/><D27/><U86/><E88/><V123/><F123/><W71/><G26/><T36/><D36/><U115/><E83/><V93/><F92/><W49/><G28/><T99/><D99/><N who="1" m="37963" /><E115/><V12/><F12/><W4/><G4/><T119/><D119/><U63/><AGARI ba="0,1" hai="40,44,51,59,63,67,85,86" m="37963,30159" machi="63" ten="30,3000,0" yaku="8,1,52,1" doraHai="62" who="1" fromWho="1" sc="220,-10,270,40,250,-10,250,-10" /><INIT seed="1,1,0,5,4,13" ten="210,310,240,240" oya="1" hai0="37,16,39,12,38,23,90,114,48,61,78,130,7" hai1="3,99,94,131,55,73,35,42,80,10,60,93,74" hai2="124,59,71,81,82,47,105,117,11,135,40,62,52" hai3="87,2,127,122,77,103,101,66,54,70,112,69,30"/><U75/><E35/><V33/><F117/><W104/><G122/><T34/><D114/><U26/><E42/><V24/><F105/><W100/><G2/><T125/><D130/><U132/><E132/><V109/><F135/><W119/><G112/><T22/><D125/><U95/><E131/><V107/><F124/><W102/><G127/><T97/><D34/><U15/><E3/><V76/><F107/><W18/><G30/><T0/><D78/><U43/><E43/><V67/><F109/><W9/><G66/><T108/><D108/><U51/><E60/><V88/><F76/><W19/><G70/><T6/><D61/><U50/><E26/><V123/><F11/><W1/><G1/><T27/><D0/><U45/><E80/><V92/><F24/><W126/><G9/><T113/><D113/><U57/><E99/><N who="2" m="57735" /><F33/><W25/><G25/><T46/><D90/><U20/><E20/><V8/><F8/><W68/><G68/><T31/><REACH who="0" step="1"/><D97/><REACH who="0" ten="200,310,240,240" step="2"/><U21/><E74/><V49/><F123/><W17/><G126/><T134/><D134/><U65/><E75/><V32/><F32/><W111/><G111/><T98/><D98/><U63/><E73/><V58/><F71/><W116/><G69/><T72/><D72/><U14/><E63/><AGARI ba="1,1" hai="40,47,49,52,58,59,62,63,67,81,82" m="57735" machi="63" ten="30,3900,0" yaku="8,1,54,2" doraHai="13" who="2" fromWho="1" sc="200,0,310,-42,240,52,240,0" /><INIT seed="2,0,0,2,4,38" ten="200,268,292,240" oya="2" hai0="60,44,40,79,53,15,87,119,90,45,67,81,107" hai1="115,91,133,121,130,78,30,34,1,98,94,82,73" hai2="72,96,129,63,74,80,100,27,69,6,111,9,84" hai3="97,3,113,93,23,71,12,95,21,101,89,68,13"/><V37/><F37/><W64/><G3/><T66/><D119/><U131/><E1/><V55/><F129/><N who="1" m="49161" /><E115/><V116/><F116/><W24/><G113/><T109/><D107/><U36/><E36/><V8/><F111/><W120/><G120/><T62/><D109/><U117/><E117/><V128/><F27/><W70/><G64/><T85/><D15/><U86/><E30/><V2/><F9/><W58/><G58/><T99/><D99/><N who="1" m="57823" /><E34/><V47/><F69/><W102/><G23/><T5/><D5/><U105/><E133/><V17/><F17/><W59/><G59/><T106/><D106/><U92/><E105/><V49/><F128/><W54/><G54/><T135/><D135/><U88/><E121/><V123/><F123/><W127/><G102/><T75/><D75/><AGARI ba="0,0" hai="73,75,78,82,86,88,92,98" m="57823,49161" machi="75" ten="30,7700,0" yaku="19,1,34,2,54,1" doraHai="38" who="1" fromWho="0" sc="200,-77,268,77,292,0,240,0" /><INIT seed="3,0,0,5,2,69" ten="123,345,292,240" oya="3" hai0="74,103,62,81,126,30,38,14,8,26,85,13,12" hai1="89,61,16,32,46,123,19,83,27,119,52,132,36" hai2="86,48,37,53,50,113,24,20,102,39,15,21,91" hai3="112,58,73,77,129,66,51,7,55,118,43,100,67"/><W47/><G7/><T70/><D126/><U29/><E123/><V135/><F113/><W45/><G100/><T65/><D74/><U17/><E132/><V116/><F135/><W90/><G90/><T98/><D8/><U25/><E119/><V110/><F116/><W133/><G133/><T22/><D85/><U88/><E83/><V18/><F110/><W56/><G77/><T96/><D81/><U75/><E75/><V106/><F50/><N who="3" m="26943" /><G73/><T33/><D98/><U64/><E27/><V107/><F102/><W120/><G118/><T1/><D1/><U108/><E108/><V5/><F107/><W94/><G94/><T6/><D6/><U115/><E115/><V31/><F106/><W49/><G120/><T92/><REACH who="0" step="1"/><D33/><REACH who="0" ten="113,345,292,240" step="2"/><U127/><E127/><V60/><F5/><W2/><G2/><T54/><D54/><U0/><E0/><V68/><F68/><W35/><G35/><T82/><D82/><U40/><E52/><V125/><F125/><W93/><G112/><T9/><D9/><U41/><E41/><V28/><F60/><W42/><G129/><T121/><D121/><U95/><E95/><V72/><F72/><W111/><G93/><T79/><D79/><U114/><E114/><V44/><REACH who="2" step="1"/><F31/><REACH who="2" ten="113,345,282,240" step="2"/><W63/><G111/><T97/><D97/><U128/><REACH who="1" step="1"/><E128/><REACH who="1" ten="113,335,282,240" step="2"/><V101/><F101/><W84/><G84/><T134/><D134/><U3/><E3/><V23/><F23/><W34/><G34/><T130/><D130/><U104/><E104/><V105/><F105/><W124/><G124/><T78/><D78/><U109/><E109/><RYUUKYOKU ba="0,3" sc="113,0,335,0,282,0,240,0" hai0="12,13,14,22,26,30,38,62,65,70,92,96,103" hai1="16,17,19,25,29,32,36,40,46,61,64,88,89" hai2="15,18,20,21,24,28,37,39,44,48,53,86,91" hai3="42,47,49,51,55,56,58,63,66,67" /><INIT seed="3,1,3,5,3,12" ten="113,335,282,240" oya="3" hai0="16,109,106,53,27,133,42,93,9,75,0,30,2" hai1="107,124,119,32,72,120,41,88,60,79,129,78,23" hai2="91,20,6,14,4,15,46,36,64,71,117,24,131" hai3="65,101,116,58,87,44,47,135,121,97,76,38,33"/><W115/><G121/><T43/><D106/><U63/><E120/><V95/><F117/><W29/><G116/><T84/><D75/><U69/><E119/><V39/><F131/><W13/><G115/><T100/><D109/><U99/><E129/><V105/><F105/><W123/><G123/><T52/><D133/><U125/><E32/><V5/><F64/><W94/><G135/><T18/><D2/><U128/><E128/><V22/><F71/><W104/><G33/><T59/><D0/><U55/><E41/><N who="0" m="15369" /><D9/><U114/><E114/><V7/><F46/><N who="3" m="17451" /><G38/><T73/><D73/><U21/><E72/><V86/><N who="2" m="1536" /><DORA hai="49" /><V85/><F36/><W45/><G104/><T111/><D111/><U37/><E37/><V56/><F39/><W51/><G29/><T28/><D59/><N who="1" m="34943" /><E107/><V48/><F22/><N who="1" m="8201" /><E69/><V54/><F86/><W26/><G26/><T74/><D74/><U11/><E11/><V98/><F98/><W122/><G122/><T118/><D118/><U57/><E99/><V96/><F96/><W61/><G87/><T112/><D112/><U134/><E134/><V17/><AGARI ba="1,3" hai="14,15,17,20,24,48,54,56,85,91,95" m="1536" machi="17" ten="40,8000,1" yaku="0,1,8,1,52,2" doraHai="12,49" who="2" fromWho="2" sc="113,-21,335,-21,282,113,240,-41" owari="92,-41.0,314,11.0,395,50.0,199,-20.0" /></mjloggm>