<mjloggm ver="2.3"><GO type="97" lobby="0"/><UN n0="%E5%B0%B1%E6%B4%BB%E7%94%9F%40%E5%B7%9D%E6%9D%91%E8%BB%8D%E5%9B%A3" n1="%52%52%4F%4F%41%41%52%52" n2="%E3%81%A8%E3%82%82%E3%81%AD%E3%81%88%E5%A4%A7%E5%A5%BD%E3%81%8D" n3="%E7%B4%94%EF%BC%93%E9%BE%8D%E9%96%80" dan="15,13,14,13" rate="2065.33,1903.34,1979.15,1894.84" sx="M,M,M,F"/><TAIKYOKU oya="0"/><INIT seed="0,0,0,0,3,2" ten="250,250,250,250" oya="0" hai0="110,65,52,79,56,103,45,57,104,35,107,69,29" hai1="20,5,73,116,51,48,120,27,67,38,133,132,63" hai2="102,92,93,100,125,21,23,68,15,54,83,59,81" hai3="32,28,130,40,33,0,85,95,121,82,53,19,7"/><T11/><D79/><U30/><E120/><V97/><F125/><W113/><G113/><T77/><D77/><U122/><E122/><V94/><F68/><W62/><G121/><T114/><D114/><U109/><E116/><V117/><F117/><W74/><G74/><T134/><D134/><N who="1" m="51819" /><E73/><V36/><F36/><W43/><G19/><T14/><D110/><U10/><E38/><V98/><F15/><W26/><G33/><T16/><D69/><N who="1" m="42239" /><E109/><V118/><F118/><W108/><G95/><T87/><D87/><U124/><E124/><V96/><F54/><W49/><G62/><T8/><D65/><U22/><E20/><V47/><F47/><W31/><G31/><T17/><D35/><U9/><E9/><V24/><F59/><W78/><G130/><T112/><D112/><U6/><E6/><V13/><F13/><AGARI ba="0,0" hai="5,10,13,22,27,30,48,51" m="42239,51819" machi="13" ten="30,2000,0" yaku="20,1,52,1" doraHai="2" who="1" fromWho="2" sc="250,0,250,20,250,-20,250,0" /><INIT seed="1,0,0,3,2,69" ten="250,270,230,250" oya="1" hai0="113,88,125,55,77,46,57,84,59,95,61,133,53" hai1="112,92,128,72,18,106,78,66,65,31,9,2,47" hai2="29,127,38,96,60,80,114,40,126,87,41,30,27" hai3="124,8,51,11,32,76,19,10,25,129,93,103,48"/><U15/><E112/><V104/><F114/><W43/><G129/><T99/><D113/><U116/><E116/><V123/><F123/><W97/><G124/><N who="2" m="47657" /><F60/><W119/><G119/><T79/><D125/><U20/><E106/><V70/><F70/><W50/><G76/><N who="0" m="29259" /><D133/><U102/><E128/><V54/><F54/><W135/><G135/><T122/><D122/><U71/><E47/><N who="2" m="23959" /><F41/><W67/><G67/><T52/><D46/><U12/><E2/><V108/><F108/><W35/><G43/><T17/><D59/><U74/><E74/><V115/><F115/><W98/><G98/><T39/><D39/><U73/><E73/><V3/><F3/><W49/><N who="3" m="12288" /><DORA hai="89" /><W63/><REACH who="3" step="1"/><G63/><REACH who="3" ten="250,270,230,240" step="2"/><T21/><D99/><N who="1" m="59751" /><E66/><V37/><F37/><W34/><G34/><T64/><D64/><U101/><E65/><V22/><F96/><W6/><G6/><T109/><D109/><U68/><E71/><V56/><F104/><W120/><G120/><T14/><AGARI ba="0,1" hai="14,17,21,52,53,55,57,61,84,88,95" m="29259" machi="14" ten="30,7900,0" yaku="8,1,52,1,54,2" doraHai="69,89" who="0" fromWho="0" sc="250,89,270,-39,230,-20,240,-20" /><INIT seed="2,0,0,5,5,12" ten="339,231,210,220" oya="2" hai0="102,63,94,51,39,122,91,30,133,95,49,134,50" hai1="11,19,48,97,17,16,68,35,135,9,79,25,73" hai2="100,22,53,7,28,71,104,99,1,38,124,23,61" hai3="74,111,57,115,37,8,77,81,125,128,52,130,114"/><V67/><F38/><W84/><G37/><T116/><D39/><U15/><E68/><V131/><F131/><N who="3" m="50219" /><G111/><T21/><D122/><U43/><E135/><N who="0" m="51721" /><D102/><U20/><E35/><V54/><F124/><W26/><G125/><T121/><D121/><U132/><E132/><V62/><F53/><W127/><G127/><T59/><D116/><U3/><E97/><V86/><F86/><W64/><G64/><N who="0" m="39039" /><D91/><U88/><E88/><V78/><F78/><W5/><G26/><AGARI ba="0,0" hai="21,26,30,49,50,51,94,95" m="39039,51721" machi="26" ten="30,1000,0" yaku="20,1" doraHai="12" who="0" fromWho="3" sc="339,10,231,0,210,0,220,-10" /><INIT seed="3,0,0,0,1,97" ten="349,231,210,210" oya="3" hai0="83,8,107,45,63,38,6,131,62,21,94,77,118" hai1="40,103,3,14,93,89,27,61,12,56,18,49,134" hai2="90,15,76,33,85,98,75,16,32,47,20,124,31" hai3="82,37,58,91,106,110,24,95,68,54,101,111,13"/><W67/><G37/><T78/><D107/><U44/><E3/><V105/><F124/><W43/><G43/><T36/><D118/><U125/><E125/><V84/><F75/><W51/><G82/><T104/><D104/><U109/><E134/><V120/><F120/><W46/><G68/><T9/><D131/><U19/><E109/><N who="3" m="41482" /><G13/><N who="1" m="5226" /><E27/><V11/><F47/><W96/><G24/><T114/><D114/><U29/><E103/><V50/><F50/><W112/><G112/><T119/><D119/><U23/><E29/><V132/><F132/><W17/><G17/><T128/><D128/><U30/><E23/><V59/><F59/><W26/><G26/><T117/><D117/><U57/><E30/><V115/><F115/><W2/><G2/><T113/><D113/><U42/><E40/><V28/><F105/><W133/><G133/><T25/><D83/><U72/><E72/><V99/><F33/><W108/><N who="3" m="41490" /><W121/><DORA hai="22" /><G121/><T130/><D130/><U55/><E57/><V71/><F71/><W41/><G67/><T88/><D36/><U73/><E73/><V74/><F32/><W35/><G35/><T60/><D38/><U48/><E48/><V53/><F74/><W80/><G80/><T116/><D116/><U100/><E100/><V0/><F0/><W81/><G81/><T1/><D8/><U123/><E123/><V87/><F76/><W129/><G129/><T52/><D77/><U92/><E92/><N who="2" m="56599" /><F99/><AGARI ba="0,0" hai="18,19,42,44,49,55,56,61,89,93,99" m="5226" machi="99" ten="30,1000,0" yaku="8,1" doraHai="97,22" who="1" fromWho="2" sc="349,0,231,10,210,-10,210,0" owari="349,45.0,241,4.0,200,-30.0,210,-19.0" /></mjloggm>