<mjloggm ver="2.3"><GO type="41" lobby="0"/><UN n0="%65%68%69%6D%6F%73%65%73" n1="%E3%82%B7%E3%83%A3%E3%82%AD%E3%82%AA%E3%83%8B" n2="%E3%83%B4%E3%81%81%E3%81%AB%E3%82%89%E3%81%82%E3%81%84%E3%81%99" n3="%E5%B0%B1%E6%B4%BB%E7%94%9F%40%E5%B7%9D%E6%9D%91%E8%BB%8D%E5%9B%A3" dan="14,14,15,16" rate="1879.76,1956.51,2024.83,2056.14" sx="M,M,M,M"/><TAIKYOKU oya="0"/><INIT seed="0,0,0,1,5,120" ten="250,250,250,250" oya="0" hai0="100,107,34,59,64,83,52,125,26,98,21,124,4" hai1="12,24,102,79,133,36,75,66,6,35,18,115,118" hai2="0,67,113,62,134,10,101,49,44,29,80,73,14" hai3="32,69,60,23,89,13,15,61,16,3,110,128,5"/><T70/><D4/><U22/><E36/><V41/><F113/><W8/><G128/><T122/><D122/><U43/><E43/><V106/><F0/><W56/><G32/><T11/><D11/><U33/><E79/><V48/><F134/><W123/><G123/><T63/><D83/><U108/><E75/><V72/><F29/><W94/><G69/><T77/><D77/><U45/><E45/><V131/><F131/><W126/><G126/><T9/><D9/><N who="1" m="4151" /><E102/><V119/><F119/><W57/><G3/><T28/><REACH who="0" step="1"/><D21/><REACH who="0" ten="240,250,250,250" step="2"/><U27/><E35/><V104/><F80/><W20/><G23/><T93/><D93/><U55/><E33/><V109/><F106/><W17/><G5/><T116/><D116/><U46/><E115/><V50/><F10/><W47/><G47/><T2/><D2/><U99/><E46/><V38/><F44/><W85/><G110/><T84/><D84/><U132/><E108/><V114/><F109/><W129/><G129/><T42/><D42/><U96/><E118/><V105/><F73/><W91/><G94/><T95/><D95/><U92/><E92/><V135/><F72/><W111/><G111/><T78/><D78/><U37/><E133/><V86/><F135/><W127/><G127/><T40/><D40/><U1/><E1/><V82/><F41/><W88/><G85/><T121/><D121/><U81/><E81/><V58/><F82/><W87/><G87/><T117/><D117/><U112/><E112/><V74/><F86/><W31/><G31/><T53/><D53/><U39/><E132/><V51/><F74/><RYUUKYOKU ba="0,1" sc="240,15,250,-15,250,-15,250,15" hai0="26,28,34,52,59,63,64,70,98,100,107,124,125" hai3="8,13,15,16,17,20,56,57,60,61,88,89,91" /><INIT seed="0,1,1,5,1,81" ten="255,235,235,265" oya="0" hai0="95,120,114,28,77,86,90,61,134,78,11,118,88" hai1="71,35,131,80,27,39,8,109,92,31,44,119,19" hai2="12,17,104,1,48,13,46,58,9,121,103,21,55" hai3="116,68,52,69,89,25,34,76,63,10,122,72,47"/><T96/><D28/><U62/><E109/><V49/><F121/><W50/><G116/><T105/><D11/><U115/><E131/><V83/><F1/><W66/><G122/><T15/><D15/><U57/><E71/><V60/><F104/><W73/><G69/><T33/><D33/><U124/><E124/><V38/><F103/><W30/><G76/><N who="0" m="29291" /><D61/><U84/><E119/><V127/><F127/><W65/><G65/><T135/><D118/><U132/><E115/><V56/><F38/><W26/><G26/><T14/><D14/><U36/><E92/><V126/><F126/><W70/><G70/><T54/><D54/><U110/><E110/><V37/><F37/><W133/><G133/><N who="0" m="50699" /><D120/><U16/><E36/><V123/><F123/><W113/><G113/><T42/><D42/><U108/><E108/><V3/><F3/><W41/><G10/><T51/><D51/><U101/><E39/><V98/><F48/><W112/><G112/><T102/><D114/><U79/><E44/><V117/><F117/><W107/><G107/><T2/><D2/><U32/><E32/><V18/><F98/><W53/><REACH who="3" step="1"/><G89/><AGARI ba="1,1" hai="86,88,89,90,95,96,102,105" m="50699,29291" machi="89" ten="30,12000,1" yaku="20,1,34,2,52,1,54,1" doraHai="81" who="0" fromWho="3" sc="255,133,235,0,235,0,265,-123" /><INIT seed="0,2,0,5,1,112" ten="388,235,235,142" oya="0" hai0="62,41,37,120,118,126,43,16,109,24,58,68,99" hai1="82,13,131,127,132,7,77,75,21,34,92,121,125" hai2="78,123,23,93,33,63,0,48,111,74,72,40,103" hai3="87,64,6,76,5,80,54,51,9,98,86,97,134"/><T66/><D120/><U81/><E34/><V4/><F123/><W104/><G134/><T88/><D118/><U107/><E107/><V35/><F111/><W8/><G64/><T18/><D109/><U119/><E82/><V113/><F113/><W73/><G73/><T108/><D108/><U27/><E131/><V10/><F63/><W3/><G87/><T17/><D126/><U116/><E132/><V28/><F72/><W79/><G79/><T122/><D122/><U20/><E92/><V14/><F74/><W29/><G29/><T42/><D68/><U55/><E55/><V59/><F78/><W70/><G70/><T106/><D37/><U50/><E50/><V19/><F40/><W100/><G98/><T57/><D57/><U49/><E49/><V84/><F103/><W83/><G83/><T38/><D38/><U44/><E44/><V128/><F128/><W45/><G6/><T90/><REACH who="0" step="1"/><D24/><REACH who="0" ten="378,235,235,142" step="2"/><U2/><E121/><V56/><F56/><W130/><G130/><T89/><D89/><U31/><E125/><V52/><F28/><W11/><AGARI ba="2,1" hai="3,5,8,9,11,45,51,54,76,80,86,97,100,104" machi="11" ten="30,1100,0" yaku="0,1" doraHai="112" who="3" fromWho="3" sc="378,-7,235,-5,235,-5,142,27" /><INIT seed="1,0,0,3,4,22" ten="371,230,230,169" oya="1" hai0="93,116,105,125,57,9,44,90,88,110,62,55,41" hai1="131,75,19,91,58,56,128,43,89,95,118,35,111" hai2="12,59,71,17,122,132,108,16,102,0,14,65,46" hai3="26,115,73,97,29,25,20,69,38,77,104,23,11"/><U107/><E107/><V68/><F122/><W48/><G115/><T32/><D110/><U49/><E118/><V1/><F108/><W86/><G38/><T4/><D116/><U33/><E75/><V2/><F132/><W54/><G69/><T109/><D109/><U3/><E3/><V39/><F102/><W92/><G73/><T133/><D133/><U119/><E119/><V72/><F72/><W21/><G104/><T64/><D125/><U36/><E36/><V60/><F46/><N who="3" m="27927" /><G11/><T106/><D32/><U127/><E111/><V135/><F39/><W117/><G29/><T52/><D105/><U40/><E91/><N who="0" m="34857" /><D93/><U53/><E58/><V50/><F135/><W100/><G117/><T85/><D85/><U129/><E127/><V47/><F71/><W30/><G30/><T70/><D106/><U10/><E35/><V7/><F68/><W27/><G86/><T24/><D24/><N who="3" m="6145" /><W28/><DORA hai="74" /><G28/><T15/><D70/><U79/><E33/><V37/><F37/><W67/><G67/><T82/><D64/><U126/><E126/><V76/><F0/><W13/><G13/><T45/><D15/><N who="1" m="7671" /><E79/><AGARI ba="0,0" hai="20,21,23,77,79,92,97,100" m="6145,27927" machi="79" ten="40,12000,2" yaku="8,1,52,6" doraHai="22,74" who="3" fromWho="1" sc="371,0,230,-120,230,0,169,120" /><INIT seed="2,0,0,4,0,44" ten="371,110,230,289" oya="2" hai0="36,92,94,81,3,37,53,4,54,87,75,76,110" hai1="70,9,33,20,22,122,89,79,119,109,125,57,132" hai2="101,111,52,83,91,55,35,131,60,38,121,17,133" hai3="71,118,82,7,23,39,98,108,129,100,13,73,102"/><V90/><F121/><W14/><G118/><T1/><D110/><U56/><E70/><V59/><F35/><W43/><G108/><T103/><D75/><U124/><E33/><V61/><F111/><W11/><G71/><T130/><D130/><U66/><E79/><V95/><F131/><W116/><G116/><T2/><D4/><U27/><E109/><V67/><F133/><W114/><G114/><T112/><D112/><U47/><E122/><V48/><F38/><W105/><G129/><T85/><D103/><U127/><E132/><V86/><F101/><W120/><G120/><T107/><D107/><U41/><E119/><V104/><F104/><W96/><G43/><T62/><D62/><U26/><E9/><V78/><F17/><W77/><G39/><T16/><D16/><N who="1" m="12551" /><E89/><V58/><REACH who="2" step="1"/><F95/><REACH who="2" ten="371,110,220,289" step="2"/><W97/><G102/><T135/><D92/><U63/><E63/><V8/><F8/><W32/><G32/><T84/><D94/><U74/><E74/><V126/><F126/><N who="1" m="32257" /><U25/><DORA hai="68" /><E66/><V69/><AGARI ba="0,1" hai="48,52,55,58,59,60,61,67,69,78,83,86,90,91" machi="69" ten="20,12000,1" yaku="1,1,0,1,7,1,52,1,54,1,53,0" doraHai="44,68" doraHaiUra="88,15" who="2" fromWho="2" sc="371,-40,110,-40,220,130,289,-40" /><INIT seed="2,1,0,4,4,24" ten="331,70,350,249" oya="2" hai0="134,53,97,5,78,135,39,63,35,36,117,114,106" hai1="99,124,73,94,17,0,60,23,112,7,4,64,91" hai2="21,79,103,108,14,122,101,45,47,46,27,105,57" hai3="29,28,98,81,102,77,2,82,40,11,70,116,129"/><V1/><F122/><W49/><G116/><T32/><D114/><U51/><E73/><V74/><F1/><W132/><G70/><T86/><D117/><U18/><E112/><V119/><F119/><W56/><G129/><T65/><D5/><U75/><E75/><V54/><F108/><W84/><G132/><N who="0" m="50731" /><D53/><U89/><E124/><V34/><F105/><W15/><G2/><T115/><D86/><U31/><E51/><V52/><F74/><W55/><G40/><T80/><D115/><U113/><E113/><V120/><F79/><W107/><REACH who="3" step="1"/><G81/><REACH who="3" ten="331,70,350,239" step="2"/><T61/><D80/><U37/><E0/><V127/><F127/><W16/><AGARI ba="1,1" hai="11,15,16,28,29,49,55,56,77,82,84,98,102,107" machi="16" ten="20,12000,2" yaku="1,1,2,1,0,1,7,1,52,2,54,1,53,0" doraHai="24" doraHaiUra="111" who="3" fromWho="3" sc="331,-31,70,-31,350,-61,239,133" /><INIT seed="3,0,0,0,0,107" ten="300,39,289,372" oya="3" hai0="69,133,53,122,101,79,132,71,97,82,120,92,86" hai1="47,5,121,7,84,104,54,118,35,135,23,72,8" hai2="99,78,109,28,75,37,1,13,94,98,49,9,26" hai3="124,112,68,80,111,134,52,2,125,45,105,108,39"/><W51/><G105/><T113/><D53/><U100/><E72/><V43/><F1/><W20/><G2/><T33/><D33/><U62/><E35/><V50/><F37/><W77/><G112/><T61/><D113/><U66/><E5/><V22/><F109/><N who="3" m="42059" /><G134/><N who="0" m="51819" /><D61/><U17/><E100/><V3/><F3/><W129/><G129/><T106/><D69/><U44/><E104/><V59/><F99/><W38/><G68/><T25/><D25/><U30/><E30/><V114/><F114/><W31/><G31/><T70/><D70/><U24/><E54/><V14/><F14/><W130/><G20/><T93/><D71/><U46/><E121/><AGARI ba="0,0" hai="79,82,86,92,93,97,101,106,120,121,122" m="51819" machi="121" ten="30,3900,0" yaku="20,1,34,2" doraHai="107" who="0" fromWho="1" sc="300,39,39,-39,289,0,372,0" /><INIT seed="4,0,0,3,5,64" ten="339,0,289,372" oya="0" hai0="99,44,12,127,13,28,116,7,82,112,86,36,5" hai1="32,102,83,131,114,10,14,8,59,84,60,17,79" hai2="41,67,46,90,106,119,70,26,63,89,113,37,108" hai3="91,3,92,53,73,24,87,85,50,45,76,121,21"/><T1/><D116/><U22/><E32/><V117/><F108/><W62/><G121/><T16/><D112/><U29/><E131/><V122/><F122/><W80/><G3/><T103/><D127/><U135/><E135/><V115/><F106/><W51/><G51/><T130/><D130/><U58/><E114/><N who="2" m="43531" /><F26/><W33/><G33/><T74/><D28/><U27/><E102/><V39/><F39/><W100/><G62/><T40/><D74/><U23/><E59/><V30/><F30/><W57/><G100/><T105/><D1/><U49/><E49/><V81/><F81/><W126/><G126/><T65/><D65/><AGARI ba="0,0" hai="8,10,14,17,22,23,27,29,58,60,65,79,83,84" machi="65" ten="30,2000,0" yaku="7,1,8,1" doraHai="64" who="1" fromWho="0" sc="339,-20,0,20,289,0,372,0" /><INIT seed="5,0,0,4,5,68" ten="319,20,289,372" oya="1" hai0="53,55,61,76,59,21,122,111,100,63,36,109,40" hai1="56,94,112,132,110,130,124,33,105,135,37,134,32" hai2="92,20,67,38,91,114,102,125,18,44,48,24,35" hai3="90,82,119,47,117,51,116,65,73,19,54,6,1"/><U2/><E94/><V108/><F108/><N who="0" m="41546" /><D100/><U7/><E56/><V41/><F125/><W101/><G101/><T95/><D95/><U62/><E62/><N who="0" m="23561" /><D76/><U72/><E124/><V9/><F114/><W28/><G65/><T0/><D21/><U25/><E110/><V13/><F67/><W42/><G28/><T113/><D0/><U77/><E112/><V22/><F102/><W106/><G106/><T43/><D113/><U5/><E105/><V52/><F35/><N who="1" m="13385" /><E25/><V84/><REACH who="2" step="1"/><F24/><REACH who="2" ten="319,20,279,372" step="2"/><W120/><G120/><T98/><D122/><U85/><E85/><V118/><F118/><W78/><G116/><T97/><D59/><AGARI ba="0,1" hai="9,13,18,20,22,38,41,44,48,52,59,84,91,92" machi="59" ten="30,7700,0" yaku="1,1,7,1,52,1,54,1,53,0" doraHai="68" doraHaiUra="57" who="2" fromWho="0" sc="319,-77,20,0,279,87,372,0" /><INIT seed="6,0,0,0,2,131" ten="242,20,366,372" oya="2" hai0="12,128,114,129,87,43,73,96,107,120,105,19,99" hai1="64,57,52,24,82,119,80,68,1,2,34,32,17" hai2="48,70,76,44,77,106,71,90,130,15,38,127,93" hai3="133,29,51,30,123,10,20,72,89,126,55,47,22"/><V117/><F106/><N who="0" m="40458" /><D43/><U84/><E119/><V13/><F117/><W102/><G123/><T31/><D73/><U66/><E68/><V58/><F130/><N who="0" m="50282" /><D31/><U37/><E37/><V14/><F127/><W116/><G72/><T122/><D19/><U91/><E34/><V42/><F70/><W113/><G102/><T65/><D65/><U36/><E36/><V21/><F71/><W39/><G39/><T103/><D12/><U124/><E124/><V97/><REACH who="2" step="1"/><F21/><REACH who="2" ten="242,20,356,372" step="2"/><W11/><G116/><T83/><D114/><U61/><E32/><V25/><F25/><W5/><G126/><T118/><D118/><U0/><E0/><V100/><F100/><W110/><G110/><T125/><D125/><U6/><E2/><V59/><F59/><W50/><G20/><T78/><D103/><U40/><E40/><V53/><AGARI ba="0,1" hai="13,14,15,38,42,44,48,53,58,76,77,90,93,97" machi="53" ten="30,3000,0" yaku="1,1,0,1,53,0" doraHai="131" doraHaiUra="109" who="2" fromWho="2" sc="242,-10,20,-10,356,40,372,-10" /><INIT seed="6,1,0,0,2,48" ten="232,10,396,362" oya="2" hai0="75,1,121,10,55,76,106,25,94,90,102,22,39" hai1="51,3,81,2,36,77,37,19,68,84,60,56,54" hai2="118,9,85,53,109,67,5,23,111,26,41,33,98" hai3="103,89,135,105,80,133,12,42,46,63,92,40,8"/><V45/><F118/><W14/><G105/><T79/><D121/><U129/><E129/><V11/><F67/><W35/><G35/><T47/><D106/><U91/><E3/><V61/><F98/><W0/><G0/><T117/><D102/><U20/><E2/><V27/><F85/><W21/><G103/><T116/><D116/><U101/><E101/><V83/><F83/><W113/><G113/><T95/><D117/><U78/><E37/><V97/><F97/><W107/><G107/><T115/><D115/><U122/><E36/><V130/><F130/><W59/><G80/><T110/><D110/><N who="2" m="41994" /><F33/><W125/><G21/><T66/><D66/><U7/><E7/><V108/><F27/><W112/><G112/><T17/><D75/><U131/><E131/><V72/><F72/><W28/><G28/><T74/><D74/><U134/><E134/><N who="3" m="51210" /><G125/><T96/><D94/><U73/><E122/><V13/><F11/><W100/><G100/><T128/><D128/><U24/><E73/><V32/><F32/><W15/><G46/><T38/><D38/><U18/><E68/><V86/><F86/><N who="3" m="52279" /><G8/><T104/><D104/><U71/><E71/><V124/><F124/><W16/><G16/><T52/><D39/><U31/><E31/><V88/><F88/><W44/><G44/><T99/><D99/><U70/><E70/><V64/><F108/><W49/><G49/><T6/><REACH who="0" step="1"/><D47/><REACH who="0" ten="222,10,396,362" step="2"/><U29/><E29/><N who="2" m="17631" /><F41/><W43/><G43/><T62/><D62/><U87/><E87/><V132/><F132/><W123/><G123/><T34/><D34/><U4/><E4/><RYUUKYOKU ba="1,1" sc="222,15,10,-15,396,-15,362,15" hai0="1,6,10,17,22,25,52,55,76,79,90,95,96" hai3="12,14,15,40,42,59,63" owari="237,-16.0,-5,-51.0,391,49.0,377,18.0" /></mjloggm>