<mjloggm ver="2.3"><GO type="169" lobby="0"/><UN n0="%E8%88%98%E7%94%B0%E6%B5%A9%E7%BF%94" n1="%E3%81%AF%E3%82%80" n2="%E3%82%A6%E3%83%AB%E3%83%88%E3%83%A9%E7%AB%8B%E7%9B%B4" n3="%E7%8A%AC%E4%BE%8D" dan="16,17,17,16" rate="2029.55,2135.85,2141.23,2078.38" sx="M,M,M,M"/><TAIKYOKU oya="0"/><INIT seed="0,0,0,4,0,109" ten="250,250,250,250" oya="0" hai0="127,87,107,52,131,122,40,86,92,98,47,56,105" hai1="71,68,8,99,88,57,58,26,128,24,55,10,35" hai2="13,75,45,53,41,125,20,22,31,60,44,3,72" hai3="111,43,27,106,118,113,95,14,65,94,7,25,54"/><T37/><D122/><U49/><E128/><V103/><F3/><W36/><G106/><T4/><D131/><U108/><E108/><V115/><F125/><W16/><G111/><T67/><D127/><U28/><E26/><V50/><F115/><W134/><G118/><T5/><D105/><U114/><E114/><V39/><F103/><W96/><G113/><T101/><D67/><U80/><E58/><V97/><F97/><W33/><G65/><T93/><D107/><U112/><E112/><V34/><F34/><W73/><G73/><T123/><D123/><U82/><E82/><V0/><F0/><W11/><G134/><T126/><D126/><U32/><E32/><V70/><F22/><W23/><G43/><T91/><REACH who="0" step="1"/><D87/><REACH who="0" ten="240,250,250,250" step="2"/><U121/><E121/><V46/><F75/><W6/><G96/><T69/><D69/><U76/><E71/><V21/><F72/><W78/><G33/><T18/><D18/><U77/><E68/><V124/><F124/><W2/><G16/><T90/><D90/><U1/><E88/><V79/><F70/><W120/><G120/><T19/><D19/><U29/><E35/><V38/><F31/><W85/><G85/><T15/><D15/><U110/><E29/><V81/><F13/><W61/><G14/><T116/><D116/><U30/><E28/><V119/><F119/><W62/><G2/><T17/><D17/><U129/><E1/><V48/><F20/><W104/><G23/><T64/><D64/><U100/><E129/><V102/><F21/><W135/><G104/><T59/><D59/><U84/><E57/><RYUUKYOKU ba="0,1" sc="240,30,250,-10,250,-10,250,-10" hai0="4,5,37,40,47,52,56,86,91,92,93,98,101" /><INIT seed="0,1,1,5,4,64" ten="270,240,240,240" oya="0" hai0="10,104,45,109,105,46,65,87,88,120,41,50,125" hai1="14,63,129,89,77,126,110,99,94,28,82,60,128" hai2="33,26,132,25,72,108,93,13,57,134,6,121,69" hai3="101,61,62,70,71,54,76,40,118,56,81,111,131"/><T68/><D120/><U116/><E116/><V48/><F72/><W79/><G118/><T122/><D122/><U95/><E110/><V66/><F121/><W55/><G111/><T24/><D109/><U78/><E126/><V91/><F33/><W67/><G40/><T90/><D125/><U1/><E1/><V3/><F3/><W96/><G131/><N who="1" m="50250" /><E28/><V102/><F102/><W27/><G27/><T0/><D24/><U2/><E2/><V8/><F108/><W124/><G124/><T133/><D133/><N who="2" m="51306" /><F69/><W73/><G79/><N who="1" m="30218" /><E82/><V20/><F20/><W38/><G38/><T123/><D123/><U59/><E59/><V119/><F119/><W80/><G80/><T114/><D114/><U43/><E43/><V49/><F57/><W21/><G21/><T34/><D34/><U29/><E29/><V115/><F115/><W37/><G37/><T85/><D0/><U127/><E127/><V22/><F26/><W98/><G98/><T53/><D10/><U135/><E135/><V107/><F22/><W42/><G42/><T16/><D41/><U31/><E31/><V47/><F25/><W103/><G103/><T83/><D45/><U84/><E14/><V92/><F47/><W12/><G12/><T36/><D36/><U97/><E97/><V17/><F13/><W117/><G117/><T86/><D46/><U18/><E18/><V58/><F17/><W130/><G130/><T35/><D16/><U32/><E32/><V52/><F8/><W23/><G56/><T51/><D35/><U112/><E112/><V113/><F113/><W11/><G11/><RYUUKYOKU ba="1,1" sc="270,-10,240,30,240,-10,240,-10" hai1="60,63,84,89,94,95,99" /><INIT seed="1,2,1,2,5,86" ten="260,270,230,230" oya="1" hai0="88,39,3,66,116,32,72,64,95,16,61,125,58" hai1="4,2,73,46,54,5,119,117,65,63,84,56,90" hai2="8,89,11,18,105,107,38,91,14,122,6,100,51" hai3="31,98,132,70,9,79,17,29,23,33,102,19,24"/><U62/><E73/><V52/><F38/><W45/><G70/><T85/><D116/><U36/><E117/><V12/><F122/><W40/><G132/><T27/><D3/><U103/><E119/><V1/><F1/><W25/><G79/><T57/><D72/><U129/><E103/><V76/><F76/><W99/><G9/><T133/><D39/><U128/><E36/><V78/><F78/><W110/><G110/><T42/><D32/><U135/><E135/><V35/><F35/><W60/><G60/><N who="0" m="37903" /><D133/><U30/><E30/><V104/><REACH who="2" step="1"/><F100/><REACH who="2" ten="260,270,220,230" step="2"/><W94/><G99/><T0/><D0/><U121/><E121/><V15/><F15/><W77/><G77/><T20/><D125/><U22/><E2/><V59/><AGARI ba="2,2" hai="6,8,11,12,14,18,51,52,59,89,91,104,105,107" machi="59" ten="30,8000,1" yaku="1,1,0,1,52,2,54,1,53,0" doraHai="86" doraHaiUra="120" who="2" fromWho="2" sc="260,-22,270,-42,220,106,230,-22" /><INIT seed="2,0,0,0,4,70" ten="238,228,326,208" oya="2" hai0="21,40,30,4,80,108,125,104,27,91,95,17,117" hai1="65,96,42,62,90,130,57,49,67,19,78,92,0" hai2="98,54,53,51,8,79,43,64,114,123,131,59,22" hai3="20,71,84,113,26,120,39,31,94,116,1,63,11"/><V134/><F123/><W103/><G120/><T61/><D104/><U106/><E0/><V85/><F114/><W7/><G116/><T18/><D108/><U37/><E130/><V32/><F32/><W13/><G113/><T25/><D117/><U81/><E106/><V119/><F119/><W60/><G71/><T87/><D125/><U82/><E65/><V110/><F8/><W107/><G107/><T88/><D4/><U73/><E82/><V33/><F33/><W69/><G69/><T55/><D40/><U34/><E34/><V89/><F134/><W133/><G133/><T132/><D132/><U48/><REACH who="1" step="1"/><E19/><REACH who="1" ten="238,218,326,208" step="2"/><V6/><F64/><W14/><G1/><T122/><D122/><U16/><E16/><V72/><F131/><W58/><G31/><T97/><D27/><U15/><E15/><V127/><F127/><W24/><G14/><T50/><REACH who="0" step="1"/><D61/><REACH who="0" ten="228,218,326,208" step="2"/><U101/><E101/><V102/><F102/><W124/><G26/><T121/><D121/><U86/><E86/><V115/><F85/><W3/><G63/><T38/><D38/><U44/><AGARI ba="0,2" hai="37,42,44,48,49,57,62,67,73,78,81,90,92,96" machi="44" ten="30,7900,0" yaku="1,1,0,1,52,1,53,1" doraHai="70" doraHaiUra="75" who="1" fromWho="1" sc="228,-20,218,99,326,-39,208,-20" /><INIT seed="3,0,0,3,3,8" ten="208,317,287,188" oya="3" hai0="58,102,44,60,34,99,20,32,38,26,43,40,82" hai1="123,134,55,33,51,53,48,65,62,93,128,15,1" hai2="112,31,47,107,121,42,45,57,50,73,87,56,10" hai3="90,28,71,85,24,84,25,59,69,78,103,49,63"/><W21/><G103/><T120/><D120/><U83/><E1/><V89/><F73/><W4/><G4/><T46/><D82/><U68/><E33/><V2/><F112/><W118/><G118/><T7/><D7/><U113/><E123/><V94/><F107/><W101/><G101/><T54/><D20/><U125/><E113/><V126/><F126/><W106/><G106/><T36/><REACH who="0" step="1"/><D26/><REACH who="0" ten="198,317,287,188" step="2"/><U77/><E83/><V12/><F121/><W88/><G25/><T35/><D35/><U111/><E111/><V14/><F2/><W70/><G78/><T41/><D41/><U129/><E77/><V119/><F119/><W11/><G11/><T52/><D52/><U116/><E55/><V96/><F10/><W0/><G0/><T23/><D23/><U64/><E53/><V16/><F42/><W9/><G9/><T109/><D109/><U117/><E117/><V91/><F47/><W19/><G28/><T95/><AGARI ba="0,1" hai="32,34,36,38,40,43,44,46,54,58,60,95,99,102" machi="95" ten="20,5200,0" yaku="1,1,0,1,7,1,9,1,53,0" doraHai="8" doraHaiUra="100" who="0" fromWho="0" sc="198,62,317,-13,287,-13,188,-26" /><INIT seed="4,0,0,3,2,21" ten="260,304,274,162" oya="0" hai0="99,100,82,76,19,61,62,71,129,12,68,59,123" hai1="10,72,60,134,116,48,84,36,103,51,11,9,15" hai2="35,130,17,58,102,92,87,6,98,63,108,50,14" hai3="64,16,91,132,81,77,31,112,69,83,85,124,22"/><T107/><D123/><U94/><E72/><V104/><F130/><W122/><G124/><T65/><D129/><U88/><E36/><V39/><F39/><W20/><G112/><T45/><D45/><U86/><E116/><V43/><F35/><W27/><G122/><T121/><D62/><U38/><E38/><V41/><F6/><W105/><G105/><T75/><REACH who="0" step="1"/><D121/><REACH who="0" ten="250,304,274,162" step="2"/><U135/><E60/><V110/><F63/><W111/><G132/><T95/><D95/><U8/><E134/><V131/><F131/><W47/><G111/><T7/><D7/><U5/><E135/><V119/><F110/><W114/><G114/><T52/><D52/><U96/><E51/><V29/><F108/><W2/><G64/><T67/><D67/><U79/><E48/><V90/><F43/><W113/><G113/><T32/><D32/><U101/><E94/><V23/><F41/><W1/><G47/><T120/><D120/><U97/><E5/><V55/><F119/><W44/><G44/><T42/><D42/><U126/><E126/><V30/><AGARI ba="0,1" hai="14,17,23,29,30,50,55,58,87,90,92,98,102,104" machi="30" ten="30,4000,0" yaku="0,1,25,2" doraHai="21" who="2" fromWho="2" sc="250,-20,304,-10,274,50,162,-10" /><INIT seed="5,0,0,3,4,14" ten="230,294,324,152" oya="1" hai0="97,134,91,98,75,82,50,47,131,22,25,100,65" hai1="2,108,49,80,48,126,27,106,133,32,5,85,94" hai2="83,57,55,63,71,124,38,3,37,41,121,7,45" hai3="118,56,109,62,46,66,110,12,28,79,33,86,59"/><U58/><E106/><V24/><F121/><W1/><G1/><T78/><D131/><U96/><E126/><V132/><F7/><W21/><G118/><T68/><D134/><U4/><E133/><V123/><F3/><W53/><G33/><T127/><D127/><U64/><E108/><V42/><F123/><W102/><G46/><T95/><D65/><U6/><E2/><V99/><F99/><W125/><G125/><T103/><D68/><U60/><E32/><V9/><F9/><W105/><G105/><T16/><REACH who="0" step="1"/><D98/><REACH who="0" ten="220,294,324,152" step="2"/><U128/><E128/><V39/><F71/><W76/><G110/><T54/><AGARI ba="0,1" hai="16,22,25,47,50,54,75,78,82,91,95,97,100,103" machi="54" ten="20,12000,2" yaku="1,1,2,1,0,1,7,1,52,1,54,1,53,1" doraHai="14" doraHaiUra="72" who="0" fromWho="0" sc="220,130,294,-60,324,-30,152,-30" /><INIT seed="6,0,0,0,1,125" ten="350,234,294,122" oya="2" hai0="59,127,102,119,17,113,16,90,92,85,40,61,65" hai1="58,10,98,71,130,41,91,36,35,77,83,18,131" hai2="57,105,75,30,89,122,7,128,46,66,55,32,56" hai3="76,70,4,45,44,109,126,67,101,14,25,24,5"/><V74/><F105/><W107/><G109/><T95/><D119/><U68/><E35/><V93/><F46/><W86/><G126/><T106/><D106/><U11/><E41/><V134/><F7/><W114/><G107/><T73/><D73/><U34/><E36/><V72/><F134/><W42/><G101/><T23/><D113/><U3/><E34/><V49/><F30/><W54/><G114/><T60/><D127/><U15/><E58/><V50/><F32/><W129/><G67/><T78/><D40/><U22/><E91/><V97/><F122/><W108/><G70/><N who="1" m="26666" /><E98/><V19/><F19/><W120/><G108/><T28/><D60/><U48/><E48/><V0/><F0/><W123/><G86/><T13/><D13/><U88/><E3/><V103/><F89/><W53/><G14/><T21/><D21/><U79/><E88/><V82/><F82/><W1/><G42/><T99/><D78/><N who="1" m="29707" /><E83/><V2/><F2/><W69/><G76/><T133/><REACH who="0" step="1"/><D133/><REACH who="0" ten="340,234,294,122" step="2"/><U112/><E112/><V117/><F74/><W96/><G1/><T135/><D135/><U9/><E22/><V111/><F75/><W8/><G120/><T39/><D39/><U80/><E15/><V47/><F72/><W27/><G123/><T12/><D12/><U115/><E115/><V94/><F117/><W132/><G132/><T29/><D29/><U43/><E10/><V84/><F111/><W118/><G8/><T100/><D100/><U124/><E11/><V6/><F103/><W104/><G118/><T51/><D51/><U52/><E9/><V116/><F50/><RYUUKYOKU ba="0,1" sc="340,30,234,-10,294,-10,122,-10" hai0="16,17,23,28,59,61,65,85,90,92,95,99,102" /><INIT seed="7,1,1,0,2,12" ten="370,224,284,112" oya="3" hai0="44,124,13,81,62,119,61,34,103,23,63,129,92" hai1="36,73,64,21,134,100,115,45,83,32,8,82,133" hai2="49,7,116,106,43,25,67,5,57,24,96,15,87" hai3="56,42,54,121,35,109,40,10,110,80,113,0,122"/><W28/><G35/><T4/><D119/><U19/><E32/><V117/><F106/><W74/><G28/><T95/><D34/><U84/><E100/><V98/><F67/><W66/><G66/><T112/><D124/><U11/><E64/><V47/><F57/><W70/><G70/><T132/><D132/><N who="1" m="50795" /><E115/><V76/><F7/><N who="3" m="1383" /><G113/><T31/><D81/><N who="1" m="30731" /><E84/><V65/><F87/><W3/><G3/><T88/><D44/><U135/><E73/><V105/><F65/><W37/><G122/><T99/><D112/><U114/><E114/><V123/><F123/><W91/><G121/><T17/><D4/><U26/><N who="1" m="50803" /><U38/><DORA hai="111" /><E45/><V60/><F117/><W90/><G90/><T33/><D33/><U59/><E59/><V78/><F116/><W127/><G127/><T97/><D31/><U102/><E102/><V30/><F30/><W1/><G1/><T71/><D71/><U55/><E55/><V41/><F47/><N who="3" m="23951" /><G42/><T29/><D29/><U94/><E94/><V20/><F43/><W108/><G91/><T72/><D88/><U126/><E126/><V50/><F41/><W130/><G130/><T128/><D103/><U75/><E38/><V9/><F50/><N who="3" m="30807" /><G80/><T53/><D128/><U79/><E36/><V107/><F49/><W77/><G74/><T89/><D72/><U22/><E75/><V68/><F68/><W18/><G18/><T101/><D129/><U48/><E19/><N who="2" m="12319" /><F60/><W58/><G58/><AGARI ba="1,1" hai="13,17,23,53,58,61,62,63,89,92,95,97,99,101" machi="58" ten="40,2600,0" yaku="8,1,52,1" doraHai="12,111" who="0" fromWho="3" sc="370,39,224,0,284,0,112,-29" owari="409,52.0,224,-18.0,284,8.0,83,-42.0" /></mjloggm>