<mjloggm ver="2.3"><GO type="41" lobby="0"/><UN n0="%E7%A4%BE%E4%BC%9A%E4%BF%9D%E9%99%BA%E5%BA%81%E8%81%B7%E5%93%A1" n1="%E5%B0%B1%E6%B4%BB%E7%94%9F%40%E5%B7%9D%E6%9D%91%E8%BB%8D%E5%9B%A3" n2="%6A%79%6F%72%6F" n3="%62%7A%62%7A" dan="13,15,13,14" rate="1878.90,1999.34,1845.71,1866.45" sx="M,M,M,M"/><TAIKYOKU oya="0"/><INIT seed="0,0,0,1,2,118" ten="250,250,250,250" oya="0" hai0="117,6,124,16,128,61,112,88,107,21,82,116,1" hai1="69,18,98,60,55,27,45,72,20,67,99,36,26" hai2="129,7,135,9,113,83,95,71,104,37,56,79,92" hai3="111,85,62,127,13,86,49,102,120,40,39,132,81"/><T28/><D112/><U121/><E72/><V2/><F113/><W35/><G35/><T75/><D124/><U68/><E68/><V3/><F104/><W133/><G39/><T103/><D128/><U50/><E121/><V115/><F115/><W10/><G127/><T29/><D6/><U80/><E36/><V101/><F129/><W11/><G102/><T23/><D1/><U38/><E38/><V70/><F135/><N who="3" m="51787" /><G62/><T110/><D75/><U77/><E77/><V126/><F126/><W94/><G94/><T30/><D23/><U122/><E122/><V100/><F37/><W90/><G120/><T14/><D110/><U5/><E80/><V89/><F92/><N who="3" m="54351" /><G13/><T53/><D103/><U63/><E5/><V78/><F78/><N who="3" m="46391" /><G111/><T15/><D107/><U97/><E27/><V31/><F2/><W47/><AGARI ba="0,0" hai="10,11,40,47,49" m="46391,54351,51787" machi="47" ten="30,1100,0" yaku="20,1" doraHai="118" who="3" fromWho="3" sc="250,-5,250,-3,250,-3,250,11" /><INIT seed="1,0,0,4,0,94" ten="245,247,247,261" oya="1" hai0="77,79,64,111,105,53,39,113,92,87,75,24,109" hai1="27,28,90,45,42,16,97,13,117,65,116,48,59" hai2="114,6,35,58,112,52,130,15,9,30,26,93,55" hai3="10,107,1,122,73,131,50,18,63,19,33,23,133"/><U62/><E116/><V110/><F130/><W74/><G107/><T38/><D53/><U41/><E117/><V81/><F110/><N who="0" m="41994" /><D64/><U128/><E128/><V135/><F135/><W95/><G122/><T7/><D7/><U106/><E42/><V51/><F55/><W85/><G63/><T61/><D61/><U71/><E71/><V102/><F81/><W80/><G33/><T20/><D105/><U36/><E36/><N who="0" m="13865" /><D75/><U43/><E43/><V129/><F129/><W66/><G66/><T47/><D47/><U5/><E5/><V126/><F126/><W40/><G1/><T123/><D123/><U88/><E97/><V124/><F124/><W96/><G133/><T3/><D3/><U134/><E106/><V76/><F76/><N who="0" m="29258" /><D113/><N who="2" m="43626" /><F93/><W37/><G50/><T89/><D20/><N who="1" m="15463" /><E134/><V82/><F82/><W91/><G40/><T78/><N who="0" m="29266" /><T31/><DORA hai="25" /><D24/><U127/><E127/><V108/><F108/><W29/><G37/><T121/><D121/><U125/><E125/><V22/><F22/><AGARI ba="0,0" hai="13,16,22,41,45,48,59,62,65,88,90" m="15463" machi="22" ten="30,11600,0" yaku="8,1,52,1,54,2" doraHai="94,25" who="1" fromWho="2" sc="245,0,247,116,247,-116,261,0" /><INIT seed="1,1,0,0,5,100" ten="245,363,131,261" oya="1" hai0="15,118,45,22,113,102,2,10,4,43,117,76,47" hai1="56,0,108,58,67,39,18,112,77,60,57,71,36" hai2="16,14,70,21,13,126,27,68,75,41,114,109,6" hai3="61,5,110,51,33,53,92,54,3,97,19,98,96"/><U38/><E0/><V44/><F75/><W134/><G33/><T79/><D113/><U95/><E77/><V24/><F109/><W42/><G134/><T7/><D102/><U32/><E32/><V107/><F114/><W64/><G110/><T8/><D22/><U81/><E81/><V62/><F126/><W129/><G19/><T85/><D79/><U78/><E78/><V101/><F24/><W91/><G129/><T31/><D45/><U122/><E18/><V65/><F70/><W127/><G3/><T104/><D31/><U26/><E26/><V121/><F121/><W135/><G5/><T119/><D85/><U131/><E95/><V133/><F133/><W99/><G135/><T88/><D76/><U82/><E82/><V66/><F66/><W103/><G127/><T125/><D125/><U116/><E108/><V30/><F6/><W74/><G74/><T20/><D20/><U132/><E132/><V83/><F83/><W46/><G103/><T40/><D40/><U94/><E94/><V59/><F59/><AGARI ba="1,0" hai="42,46,51,53,54,59,61,64,91,92,96,97,98,99" machi="59" ten="40,1300,0" yaku="8,1" doraHai="100" who="3" fromWho="2" sc="245,0,363,0,131,-16,261,16" /><INIT seed="2,0,0,5,1,87" ten="245,363,115,277" oya="2" hai0="49,33,45,56,67,52,51,127,81,29,4,13,88" hai1="112,38,103,113,128,5,48,105,106,82,58,53,50" hai2="74,68,133,121,28,14,104,118,125,117,57,130,63" hai3="43,85,36,30,98,31,116,42,23,135,21,107,60"/><V6/><F28/><W66/><G116/><T47/><D127/><U77/><E38/><V129/><F6/><W100/><G36/><T99/><D33/><U78/><E128/><V18/><F68/><W2/><G2/><T39/><D29/><U59/><E5/><V9/><F125/><W114/><G114/><T35/><D35/><U54/><E103/><V12/><F121/><W11/><G11/><N who="0" m="4327" /><D39/><U131/><E131/><N who="2" m="50187" /><F74/><W92/><G135/><T32/><D32/><U34/><E34/><V89/><F104/><W62/><G30/><T26/><D26/><U20/><E20/><V19/><F133/><W15/><G23/><T108/><D108/><U124/><E82/><V73/><F73/><W122/><G122/><T123/><D67/><U111/><E124/><V25/><F25/><W115/><G115/><T17/><D17/><U3/><REACH who="1" step="1"/><E3/><REACH who="1" ten="245,353,115,277" step="2"/><V76/><F76/><W7/><G7/><T0/><D0/><U110/><AGARI ba="0,1" hai="48,50,53,54,58,59,77,78,105,106,110,111,112,113" machi="110" ten="25,8000,1" yaku="1,1,2,1,0,1,22,2,53,0" doraHai="87" doraHaiUra="126" who="1" fromWho="1" sc="245,-20,353,90,115,-40,277,-20" /><INIT seed="3,0,0,2,0,49" ten="225,443,75,257" oya="3" hai0="16,126,64,69,44,102,106,26,95,17,78,66,112" hai1="62,101,63,73,40,1,131,94,89,18,31,108,81" hai2="47,119,96,68,93,82,91,39,90,28,113,55,110" hai3="99,2,135,10,97,72,32,100,84,43,83,127,11"/><W8/><G32/><T88/><D112/><U46/><E1/><V129/><F119/><W50/><G72/><T20/><D126/><U14/><E131/><V41/><F113/><W48/><G2/><T125/><D125/><U104/><E108/><V133/><F110/><W115/><G115/><T118/><D118/><U19/><E31/><V56/><F129/><W12/><G127/><T60/><D64/><U105/><E19/><V67/><F133/><W120/><G120/><T6/><D6/><U71/><E101/><V74/><F28/><W121/><G135/><T29/><D78/><U30/><E30/><V98/><F74/><W5/><G121/><T0/><D0/><U80/><E104/><V76/><F76/><W85/><G43/><T33/><D44/><U123/><E105/><V124/><F124/><W25/><G25/><T3/><D3/><U134/><E134/><V22/><F82/><W117/><G117/><T13/><D106/><U122/><E80/><V27/><F68/><W92/><G99/><T103/><REACH who="0" step="1"/><D17/><REACH who="0" ten="215,443,75,257" step="2"/><U77/><E122/><V52/><F67/><W65/><G65/><T116/><D116/><U42/><E123/><V87/><F90/><N who="3" m="51487" /><G85/><AGARI ba="0,1" hai="13,16,20,26,29,33,60,66,69,85,88,95,102,103" machi="85" ten="30,7700,0" yaku="1,1,7,1,54,2,53,0" doraHai="49" doraHaiUra="7" who="0" fromWho="3" sc="215,87,443,0,75,0,257,-77" /><INIT seed="4,0,0,5,1,0" ten="302,443,75,180" oya="0" hai0="69,21,17,11,99,26,64,117,39,2,90,127,121" hai1="129,106,30,101,113,14,37,9,49,10,71,123,7" hai2="60,3,32,27,57,16,59,109,68,75,33,86,36" hai3="67,44,89,81,6,112,5,111,61,126,114,100,132"/><T38/><D117/><U72/><E37/><V53/><F36/><W52/><G111/><T124/><D121/><U85/><E72/><V35/><F75/><W78/><G100/><T47/><D64/><U134/><E71/><V23/><F109/><W1/><G89/><T95/><D69/><U118/><E106/><V15/><F68/><N who="3" m="42095" /><G132/><T107/><D107/><U128/><E101/><V41/><F41/><W133/><G133/><T104/><D104/><U46/><E30/><V80/><F3/><W84/><G1/><T122/><D122/><U40/><E123/><V50/><F27/><W56/><G44/><T18/><D47/><U102/><E102/><V13/><F13/><W45/><G45/><T70/><D70/><U93/><E118/><V34/><F34/><W73/><G73/><T105/><D105/><U94/><E113/><N who="3" m="43626" /><G126/><N who="0" m="48171" /><D2/><N who="1" m="247" /><E85/><V58/><REACH who="2" step="1"/><F50/><REACH who="2" ten="302,443,65,180" step="2"/><W74/><G74/><T119/><D119/><U82/><E49/><AGARI ba="0,1" hai="5,6,49,52,56,78,81,84" m="43626,42095" machi="49" ten="30,7700,0" yaku="15,1,52,2,54,1" doraHai="0" who="3" fromWho="1" sc="302,0,443,-77,65,0,180,87" /><INIT seed="5,0,0,0,3,110" ten="302,366,65,267" oya="1" hai0="101,6,77,131,19,116,113,91,33,11,56,44,20" hai1="93,94,22,100,108,42,80,59,122,107,2,41,86" hai2="25,134,61,83,127,118,64,34,74,13,68,114,130" hai3="106,71,90,73,40,16,96,5,62,21,24,104,109"/><U67/><E108/><V51/><F118/><W78/><G109/><T119/><D33/><U57/><E2/><V7/><F51/><W0/><G40/><N who="1" m="15466" /><E107/><V8/><F127/><W99/><G90/><T54/><D44/><U65/><E22/><V47/><F47/><W14/><G0/><T79/><D113/><U132/><E132/><V27/><F134/><W87/><G73/><T53/><D131/><U29/><E29/><V95/><F130/><W63/><G71/><T129/><D101/><U31/><E31/><V50/><F50/><W35/><G35/><T121/><D121/><U135/><E135/><V89/><F34/><W36/><G36/><T102/><D102/><U18/><E18/><V115/><F74/><W75/><G75/><T103/><D103/><U133/><E133/><V128/><F128/><W81/><G106/><T60/><D54/><U26/><E26/><V117/><F83/><W38/><G38/><T84/><D129/><U48/><E48/><V82/><F82/><W3/><G3/><T112/><D112/><N who="2" m="43050" /><F117/><W85/><G85/><AGARI ba="0,0" hai="7,8,13,25,27,61,64,68,85,89,95" m="43050" machi="85" ten="30,8000,1" yaku="15,1,11,1,52,3" doraHai="110" who="2" fromWho="3" sc="302,0,366,0,65,80,267,-80" /><INIT seed="6,0,0,2,5,86" ten="302,366,145,187" oya="2" hai0="21,131,123,49,92,50,72,125,104,117,20,132,16" hai1="13,23,9,87,27,76,31,43,110,121,5,84,130" hai2="25,128,85,47,4,35,7,75,127,116,88,129,58" hai3="113,53,29,124,34,44,59,91,99,65,30,57,39"/><V78/><F116/><W6/><G34/><T45/><D21/><U118/><E110/><V40/><F127/><W109/><G109/><T106/><D72/><U77/><E118/><V28/><F78/><N who="1" m="30313" /><E130/><N who="2" m="50283" /><F75/><W79/><G124/><T54/><D125/><U97/><E121/><V83/><F58/><W8/><G79/><T94/><D117/><U32/><E32/><V33/><F35/><W63/><G113/><T10/><D123/><U0/><E0/><V96/><F96/><W122/><G122/><T82/><D132/><U61/><E43/><V2/><F2/><W90/><G39/><AGARI ba="0,0" hai="4,7,25,28,33,39,40,47,83,85,88" m="50283" machi="39" ten="30,5800,0" yaku="19,1,52,1,54,1" doraHai="86" who="2" fromWho="3" sc="302,0,366,0,145,58,187,-58" /><INIT seed="6,1,0,1,5,117" ten="302,366,203,129" oya="2" hai0="37,27,102,19,57,52,105,60,38,32,18,108,86" hai1="42,124,68,13,69,59,30,96,49,45,103,36,58" hai2="11,129,12,88,114,132,31,84,100,8,2,111,63" hai3="119,56,81,121,87,22,1,73,43,61,71,21,35"/><V65/><F114/><W5/><G35/><T25/><D108/><U123/><E30/><V16/><F111/><W109/><G73/><T94/><D105/><U53/><E124/><V80/><F132/><W40/><G71/><T24/><D32/><U47/><E13/><V76/><F129/><W4/><G119/><T6/><D6/><U112/><E112/><V91/><F31/><W120/><G109/><T118/><D118/><U7/><E7/><V75/><F100/><W127/><G127/><T72/><D72/><U55/><E123/><V90/><F75/><W97/><G97/><N who="0" m="59703" /><D38/><N who="1" m="21719" /><E96/><V64/><F2/><W134/><G134/><T51/><D37/><U85/><E85/><V20/><REACH who="2" step="1"/><F65/><REACH who="2" ten="302,366,193,129" step="2"/><W116/><G116/><T115/><D86/><U106/><E103/><V34/><F34/><W92/><G1/><T14/><D115/><U66/><E66/><V128/><F128/><W74/><G74/><T33/><D33/><U10/><E106/><V78/><F78/><W67/><G67/><N who="0" m="39311" /><D14/><U89/><E89/><V77/><F77/><W82/><G87/><T101/><D101/><U83/><E69/><AGARI ba="1,1" hai="8,11,12,16,20,63,64,69,76,80,84,88,90,91" machi="69" ten="40,7700,0" yaku="1,1,54,2,53,0" doraHai="117" doraHaiUra="28" who="2" fromWho="1" sc="302,0,366,-80,193,90,129,0" /><INIT seed="6,2,0,1,4,95" ten="302,286,283,129" oya="2" hai0="116,44,8,28,105,74,124,99,35,23,59,65,123" hai1="17,3,87,26,16,10,33,70,72,41,117,135,79" hai2="38,80,47,13,66,120,133,62,51,130,19,103,34" hai3="14,39,75,85,115,42,119,2,91,92,40,71,21"/><V93/><F120/><W111/><G75/><T58/><D74/><U0/><E72/><V98/><F34/><W56/><G71/><T50/><D35/><U86/><E70/><V89/><F38/><W36/><G2/><T6/><D116/><U46/><E135/><V31/><F133/><W90/><G119/><T108/><D123/><U53/><E117/><V106/><F130/><W121/><G121/><T52/><D108/><U55/><E3/><V43/><F31/><W67/><G111/><T60/><D124/><U45/><E33/><V126/><F126/><W18/><G115/><T4/><D105/><U132/><E0/><V12/><F80/><W27/><G39/><T129/><D8/><U102/><E102/><V57/><REACH who="2" step="1"/><F19/><REACH who="2" ten="302,286,273,129" step="2"/><W37/><G36/><T54/><D129/><U30/><E30/><V49/><F49/><W15/><G37/><T84/><D28/><U73/><E17/><V112/><F112/><W122/><G122/><T22/><D4/><U24/><E16/><V104/><F104/><W68/><G68/><T82/><D6/><U29/><E29/><V97/><AGARI ba="2,1" hai="12,13,43,47,51,57,62,66,89,93,97,98,103,106" machi="97" ten="20,12000,1" yaku="1,1,0,1,7,1,52,2,53,0" doraHai="95" doraHaiUra="78" who="2" fromWho="2" sc="302,-42,286,-42,273,136,129,-42" /><INIT seed="6,3,0,5,5,119" ten="260,244,409,87" oya="2" hai0="127,129,57,72,24,73,96,92,98,35,130,43,25" hai1="3,111,90,97,105,46,22,66,135,20,131,108,13" hai2="79,30,89,2,36,7,44,134,9,68,70,54,6" hai3="76,121,115,104,53,120,51,48,123,116,113,125,31"/><V28/><F134/><W58/><G104/><T16/><D43/><U55/><E3/><V37/><F7/><W4/><G76/><T27/><D127/><U83/><E131/><N who="0" m="50185" /><D35/><U102/><E135/><V63/><F79/><W87/><G4/><T14/><D57/><U26/><E66/><V33/><F89/><W32/><G31/><T118/><D118/><U23/><E13/><V18/><F33/><W12/><G12/><T38/><D38/><U40/><E55/><V56/><F37/><W50/><G32/><T42/><D42/><U0/><E0/><V122/><F122/><W78/><G116/><T21/><D96/><U29/><E83/><V94/><F36/><W112/><G125/><T84/><D84/><U61/><E90/><AGARI ba="3,0" hai="14,16,21,24,25,27,72,73,90,92,98" m="50185" machi="90" ten="30,2000,0" yaku="19,1,54,1" doraHai="119" who="0" fromWho="1" sc="260,29,244,-29,409,0,87,0" /><INIT seed="7,0,0,0,2,52" ten="289,215,409,87" oya="3" hai0="121,4,50,91,109,66,3,69,62,26,116,30,126" hai1="76,0,45,10,2,72,29,83,114,84,48,70,77" hai2="79,21,37,89,132,86,133,51,119,93,115,103,43" hai3="75,128,124,97,40,95,96,64,65,68,13,39,130"/><W16/><G75/><T73/><D121/><U17/><E70/><V120/><F119/><W80/><G80/><T12/><D116/><U99/><E114/><V18/><F120/><W85/><G68/><T57/><D109/><U28/><E2/><V46/><F79/><W135/><G85/><T7/><D3/><U19/><E77/><V61/><F115/><W104/><G104/><T113/><D113/><U123/><E123/><V35/><F35/><W131/><G135/><N who="2" m="51785" /><F103/><N who="3" m="60831" /><G97/><T112/><D112/><U67/><E67/><N who="3" m="25674" /><G124/><T92/><D126/><U98/><E72/><V60/><F37/><W34/><G34/><T82/><D82/><U100/><E0/><V9/><F9/><N who="3" m="6191" /><G40/><T127/><D127/><U53/><E98/><V106/><F106/><W49/><G49/><T105/><D105/><U88/><E76/><V11/><F11/><W36/><AGARI ba="0,0" hai="36,39,128,130,131" m="6191,25674,60831" machi="36" ten="40,3900,0" yaku="19,1,54,1" doraHai="52" who="3" fromWho="3" sc="289,-13,215,-13,409,-13,87,39" /><INIT seed="7,1,0,0,5,69" ten="276,202,396,126" oya="3" hai0="127,67,58,47,37,40,128,123,115,53,12,14,113" hai1="81,119,21,6,35,16,125,121,7,3,17,19,25" hai2="44,134,117,63,89,56,30,99,103,82,109,28,104" hai3="114,51,101,43,80,122,60,74,61,75,24,70,97"/><W76/><G122/><T129/><D123/><U23/><E81/><V90/><F109/><W100/><G70/><T10/><D12/><N who="1" m="9351" /><E121/><V29/><F117/><W98/><G114/><N who="0" m="43531" /><D14/><N who="1" m="9655" /><E125/><V68/><F134/><W52/><G74/><T86/><D10/><N who="1" m="2399" /><E119/><V95/><F68/><W111/><G43/><T48/><D86/><U124/><E124/><V84/><F44/><W26/><G111/><T106/><D106/><U92/><E92/><V93/><REACH who="2" step="1"/><F90/><REACH who="2" ten="276,202,386,126" step="2"/><W27/><G100/><T87/><D127/><U73/><E73/><V1/><F1/><W102/><G101/><T55/><D87/><U31/><E19/><V11/><F11/><W4/><G4/><AGARI ba="1,1" hai="4,7,25,31,35" m="2399,9655,9351" machi="4" ten="30,12000,2" yaku="24,1,35,5,54,1" doraHai="69" who="1" fromWho="3" sc="276,0,202,133,386,0,126,-123" owari="276,-12.0,335,14.0,386,48.0,3,-50.0" /></mjloggm>