<mjloggm ver="2.3"><GO type="169" lobby="0"/><UN n0="%E3%82%A6%E3%83%AB%E3%83%88%E3%83%A9%E7%AB%8B%E7%9B%B4" n1="%E3%81%A4%E3%81%8D%E3%81%AE%E3%81%AD%E3%81%93" n2="%5A%5A%5A%5A%5A" n3="%6D%6F%6E%65%79%2E%2E%2E" dan="17,16,16,17" rate="2172.31,2090.86,2031.13,2115.89" sx="M,M,M,M"/><TAIKYOKU oya="0"/><INIT seed="0,0,0,2,0,102" ten="250,250,250,250" oya="0" hai0="135,26,34,62,32,123,61,110,50,14,72,112,40" hai1="47,94,103,37,0,96,11,68,99,74,116,87,114" hai2="54,57,21,65,71,15,128,97,82,46,52,31,3" hai3="84,104,56,10,19,129,2,95,81,100,98,80,108"/><T30/><D123/><U27/><E68/><V43/><F3/><W33/><G33/><T130/><D112/><U132/><E116/><V73/><F128/><W64/><G129/><T7/><D130/><U126/><E126/><V124/><F124/><W28/><G28/><T121/><D121/><U133/><E114/><V9/><F73/><W85/><G108/><T53/><D72/><U83/><E74/><V118/><F118/><W22/><G64/><T75/><D75/><U107/><E27/><V20/><F82/><W5/><G56/><T105/><D110/><U127/><E127/><V91/><F71/><W59/><G59/><T115/><D115/><U86/><E47/><V78/><F78/><W29/><G29/><T69/><D135/><N who="1" m="51787" /><E37/><V38/><F31/><W41/><G41/><T106/><D34/><U134/><E134/><V36/><F36/><W42/><G42/><T4/><D40/><U131/><E131/><V16/><F97/><W122/><G122/><T1/><D1/><U13/><E0/><V125/><F125/><W90/><REACH who="3" step="1"/><G85/><REACH who="3" ten="250,250,250,240" step="2"/><T51/><D69/><U117/><E117/><V63/><F91/><W23/><G23/><T58/><D30/><U109/><E109/><V44/><F44/><W49/><G49/><T119/><D32/><U77/><E87/><V24/><F24/><AGARI ba="0,1" hai="2,5,10,19,22,24,80,81,84,90,95,98,100,104" machi="24" ten="30,3900,0" yaku="1,1,7,1,52,1,53,0" doraHai="102" doraHaiUra="66" who="3" fromWho="2" sc="250,0,250,0,250,-39,240,49" /><INIT seed="1,0,0,3,3,46" ten="250,250,211,289" oya="1" hai0="109,41,36,128,122,130,124,74,42,64,67,90,16" hai1="31,38,95,135,108,110,104,106,118,125,5,4,83" hai2="134,53,71,55,73,11,57,86,6,96,88,43,32" hai3="107,28,84,56,89,121,113,68,60,48,9,65,19"/><U105/><E118/><V94/><F134/><W92/><G121/><T58/><D74/><U50/><E38/><V99/><F73/><W72/><G113/><T119/><D90/><U98/><E135/><V66/><F32/><W18/><G107/><T21/><D21/><U10/><E31/><V114/><F114/><W117/><G72/><T30/><D16/><U63/><E63/><V12/><F43/><W101/><G101/><T23/><D23/><U59/><E125/><V22/><F71/><W1/><G117/><T35/><D30/><U131/><E131/><V120/><F120/><W75/><G75/><T115/><D35/><U82/><E82/><V49/><F66/><W7/><REACH who="3" step="1"/><G28/><REACH who="3" ten="250,250,211,279" step="2"/><T14/><D115/><U29/><E29/><V126/><F126/><W27/><G27/><T26/><D124/><U100/><E83/><V79/><F79/><W45/><G45/><T81/><D26/><U111/><E10/><V112/><F112/><W20/><G20/><T116/><D81/><U62/><E62/><N who="2" m="36143" /><F22/><W127/><G127/><T77/><D77/><U24/><E24/><V17/><F6/><W47/><G47/><AGARI ba="0,1" hai="11,12,17,47,49,55,86,88,94,96,99" m="36143" machi="47" ten="30,3900,0" yaku="8,1,52,1,54,1" doraHai="46" who="2" fromWho="3" sc="250,0,250,0,211,49,279,-39" /><INIT seed="2,0,0,4,5,83" ten="250,250,260,240" oya="2" hai0="96,59,70,31,87,127,38,0,51,63,123,21,94" hai1="113,101,100,110,40,129,84,97,81,89,131,49,98" hai2="78,35,24,74,7,121,46,85,114,10,104,124,112" hai3="109,45,116,132,58,3,55,26,37,8,18,102,52"/><V82/><F121/><W6/><G116/><T108/><D123/><U119/><E40/><V25/><F104/><W135/><G109/><T76/><D38/><U13/><E13/><V68/><F68/><W60/><G102/><T14/><D0/><U1/><E49/><V95/><F124/><W2/><G2/><T106/><D127/><U29/><E29/><V27/><F46/><W30/><G18/><T128/><D108/><U43/><E43/><V22/><F35/><W117/><G117/><T67/><D128/><N who="1" m="49227" /><E1/><V34/><F34/><W107/><G107/><T120/><D120/><U72/><E110/><V65/><F65/><W57/><G37/><T48/><D70/><U32/><E32/><V17/><F95/><W66/><G45/><T16/><D31/><U36/><E36/><V115/><REACH who="2" step="1"/><F74/><REACH who="2" ten="250,250,250,240" step="2"/><W93/><G93/><T53/><D106/><N who="1" m="63767" /><E72/><V39/><F39/><W133/><G57/><T130/><D130/><U44/><E44/><V99/><F99/><W47/><G47/><T4/><D67/><U92/><E119/><V41/><F41/><W69/><G69/><T71/><D71/><U20/><E20/><AGARI ba="0,1" hai="3,6,8,20,26,30,52,55,58,60,66,132,133,135" machi="20" ten="40,2600,0" yaku="20,1,54,1" doraHai="83" who="3" fromWho="1" sc="250,0,250,-26,250,0,240,36" /><INIT seed="3,0,0,5,5,124" ten="250,224,250,276" oya="3" hai0="25,30,12,46,133,3,44,93,7,26,5,73,2" hai1="68,110,58,20,88,78,31,128,100,34,29,23,103" hai2="132,21,116,48,15,109,102,97,0,28,47,27,120" hai3="39,125,13,22,35,60,86,85,65,63,53,4,54"/><W108/><G35/><T130/><D93/><U113/><E68/><V119/><F109/><W122/><G122/><T90/><D90/><U101/><E78/><V83/><F132/><W52/><G39/><T45/><D12/><U32/><E88/><V57/><F0/><W75/><G75/><T70/><D70/><U33/><E110/><V24/><F83/><W19/><G108/><T129/><D73/><U72/><E72/><V114/><F114/><W10/><G125/><T80/><D80/><U37/><E37/><V92/><F120/><W127/><G127/><T77/><D77/><U117/><E58/><V115/><F115/><W94/><G94/><T36/><D36/><U9/><E9/><V87/><F87/><N who="3" m="33291" /><G65/><T11/><D133/><U134/><E134/><V76/><F76/><W61/><G22/><T59/><D59/><U89/><E89/><V42/><F15/><W96/><G96/><T17/><D17/><AGARI ba="0,0" hai="4,10,13,17,19,52,53,54,60,61,63" m="33291" machi="17" ten="40,3900,0" yaku="8,1,54,1" doraHai="124" who="3" fromWho="0" sc="250,-39,224,0,250,0,276,39" /><INIT seed="3,1,0,2,5,126" ten="211,224,250,315" oya="3" hai0="66,10,53,118,56,62,21,67,133,80,98,57,73" hai1="1,108,113,88,65,97,45,11,83,93,17,52,71" hai2="102,4,43,125,104,82,79,72,70,87,135,54,121" hai3="23,8,20,105,18,106,49,120,130,122,39,115,9"/><W26/><G39/><T33/><D33/><U16/><E113/><V29/><F121/><W134/><G115/><T84/><D118/><U48/><E108/><V127/><F70/><W75/><G75/><T51/><D133/><U68/><E68/><V95/><F43/><W96/><G49/><T50/><D73/><U103/><E65/><V131/><F29/><W94/><G134/><T81/><D10/><U12/><E71/><V112/><F4/><W15/><G105/><T38/><D38/><U47/><E1/><V128/><F54/><W123/><G106/><T0/><D0/><U124/><E124/><N who="2" m="47691" /><F135/><W41/><G41/><T117/><D117/><U6/><E47/><V64/><F64/><W69/><G69/><T60/><D98/><U13/><E13/><V28/><F28/><N who="3" m="17479" /><G96/><T37/><D37/><U107/><E107/><V76/><F112/><W24/><G94/><T78/><D21/><U58/><E45/><V100/><F104/><W2/><G2/><T40/><D40/><U99/><E99/><N who="2" m="59519" /><F102/><W92/><G9/><T90/><REACH who="0" step="1"/><D53/><REACH who="0" ten="201,224,250,315" step="2"/><U63/><E63/><V101/><F101/><W86/><G8/><T116/><D116/><U77/><REACH who="1" step="1"/><E103/><REACH who="1" ten="201,214,250,315" step="2"/><V5/><F5/><W14/><G120/><T7/><D7/><U59/><E59/><V42/><F42/><W109/><G122/><T32/><D32/><U25/><E25/><V111/><F111/><W114/><G109/><T132/><D132/><U19/><E19/><V110/><F110/><W3/><G18/><T35/><D35/><U91/><E91/><V30/><F30/><W27/><G123/><RYUUKYOKU ba="1,2" sc="201,10,214,10,250,10,315,-30" hai0="50,51,56,57,60,62,66,67,78,80,81,84,90" hai1="6,11,12,16,17,48,52,58,77,83,88,93,97" hai2="72,76,79,82,87,128,131" /><INIT seed="4,2,2,5,0,36" ten="211,224,260,285" oya="0" hai0="5,132,130,134,96,56,84,106,101,87,12,2,99" hai1="24,22,80,45,76,3,83,11,6,98,62,104,79" hai2="95,1,82,125,49,124,8,34,90,111,38,103,52" hai3="77,26,129,122,66,113,92,23,25,55,30,15,73"/><T53/><D2/><U88/><E45/><V37/><F111/><W44/><G66/><T102/><D130/><U27/><E62/><V116/><F34/><W43/><G129/><T94/><D5/><U33/><E33/><V109/><F109/><W67/><G67/><T97/><D12/><U39/><E39/><V41/><F116/><W93/><G55/><T69/><D69/><U63/><E63/><V128/><F128/><W74/><G77/><T47/><D47/><U91/><E104/><V19/><F82/><W81/><G81/><T42/><D42/><U32/><E32/><V123/><F123/><W61/><G61/><T29/><D29/><U64/><E64/><V50/><F103/><W118/><G26/><T14/><D14/><U110/><E110/><V85/><F19/><W48/><G118/><T108/><D108/><U46/><E46/><N who="2" m="25807" /><F8/><W59/><G122/><T119/><D119/><U105/><E105/><V40/><F1/><W121/><G15/><T57/><D99/><U120/><E120/><V114/><F114/><W17/><G113/><T135/><D53/><U54/><E54/><V89/><F89/><W28/><G121/><T51/><D51/><U131/><E131/><V13/><F13/><W78/><G30/><T71/><D71/><U127/><E98/><V60/><F60/><W7/><G28/><T18/><D18/><U0/><E6/><V4/><F4/><W31/><G7/><T107/><D107/><U16/><E16/><V133/><F52/><N who="3" m="32135" /><G17/><T20/><D20/><U70/><E22/><V9/><F40/><W126/><G23/><RYUUKYOKU ba="2,2" sc="211,30,224,-10,260,-10,285,-10" hai0="56,57,84,87,94,96,97,101,102,106,132,134,135" /><INIT seed="4,3,2,1,1,44" ten="241,214,250,275" oya="0" hai0="73,103,56,5,3,74,87,77,99,106,78,40,92" hai1="17,39,100,11,109,118,24,104,101,67,112,20,31" hai2="15,28,133,85,79,83,30,45,18,0,126,113,123" hai3="61,19,88,119,90,47,21,129,132,53,2,71,115"/><T23/><D40/><U128/><E109/><V86/><F123/><W42/><G119/><T49/><D3/><U12/><E39/><V64/><F113/><W59/><G2/><T120/><D120/><U55/><E118/><V68/><F133/><W54/><G115/><T75/><D5/><U10/><E112/><V93/><F126/><W81/><G132/><T9/><D9/><U91/><E104/><V96/><F0/><W14/><G129/><T89/><D23/><U124/><E67/><V32/><F32/><W82/><G71/><T102/><D56/><U46/><E124/><V122/><F122/><W114/><G114/><T16/><D16/><U117/><E117/><V116/><F116/><W105/><G105/><T43/><D49/><N who="1" m="29111" /><E128/><V72/><F45/><W97/><G53/><T131/><D43/><U26/><E26/><V27/><F27/><W7/><G7/><T135/><D135/><U62/><E62/><V33/><F33/><W69/><G69/><T51/><D51/><U80/><E10/><V84/><F64/><W1/><G1/><T130/><D103/><U8/><E8/><V70/><F70/><W13/><G13/><T110/><D110/><U58/><E58/><V111/><F111/><W98/><G47/><T25/><D25/><U57/><E57/><V48/><F48/><W60/><G60/><T125/><D125/><U38/><E38/><V134/><F134/><W121/><G121/><T108/><D108/><U4/><E4/><V37/><F37/><W34/><G34/><T76/><AGARI ba="3,2" hai="73,74,75,76,77,78,87,89,92,99,102,106,130,131" machi="76" ten="40,12000,1" yaku="0,1,34,3" doraHai="44" who="0" fromWho="0" sc="241,149,214,-43,250,-43,275,-43" /><INIT seed="4,4,0,1,3,54" ten="390,171,207,232" oya="0" hai0="69,46,120,40,0,126,62,30,76,93,51,119,4" hai1="110,84,42,15,70,45,108,104,127,83,3,67,43" hai2="114,36,39,38,116,27,101,117,98,20,78,80,37" hai3="21,111,105,109,9,32,44,99,12,133,24,92,49"/><T107/><D107/><U64/><E104/><V2/><F2/><W124/><G32/><T61/><D120/><U22/><E127/><V47/><F114/><W121/><G105/><T123/><D123/><U87/><E3/><V53/><N who="2" m="9728" /><DORA hai="128" /><V91/><F91/><W122/><G133/><T118/><D30/><U59/><E15/><V52/><F47/><W18/><G124/><T103/><D4/><U48/><E22/><V11/><F11/><W56/><G56/><T28/><D28/><U106/><E106/><V94/><F20/><W1/><G1/><T125/><D76/><U58/><E87/><N who="2" m="48535" /><F27/><W135/><G135/><T7/><D7/><U71/><E84/><V85/><F85/><W25/><G25/><T65/><D93/><U74/><E83/><V5/><F5/><W13/><G13/><T102/><D0/><U96/><E96/><V66/><F66/><W81/><G81/><T34/><D34/><U35/><E74/><V33/><F33/><W10/><G10/><T131/><D103/><U132/><E35/><V29/><F29/><N who="3" m="17551" /><G122/><T55/><D102/><U97/><E97/><V88/><F101/><N who="3" m="60647" /><G121/><T130/><D125/><U75/><E75/><V23/><F23/><W90/><G90/><T72/><D126/><U79/><E79/><V16/><F16/><W68/><G68/><T115/><D72/><U57/><E42/><V41/><F41/><W89/><G89/><T14/><D14/><U86/><E86/><V6/><F6/><W73/><G73/><T112/><D112/><U26/><E70/><V8/><F8/><W129/><G9/><RYUUKYOKU ba="4,0" sc="390,-10,171,-10,207,30,232,-10" hai2="52,53,88,94,98,116,117" /><INIT seed="5,5,0,5,2,72" ten="380,161,237,222" oya="1" hai0="30,123,117,38,127,125,113,27,121,31,57,104,51" hai1="98,39,46,132,22,15,69,74,131,21,75,95,96" hai2="20,61,28,40,128,91,73,105,62,114,12,64,48" hai3="135,34,115,45,103,109,19,83,37,33,84,94,9"/><U23/><E69/><V43/><F128/><W17/><G109/><T5/><D104/><U65/><E132/><V102/><F114/><W14/><G135/><T79/><D38/><U55/><E131/><V11/><F73/><W130/><G130/><T116/><D5/><U70/><E65/><V4/><F102/><W3/><G3/><T35/><D113/><U97/><E70/><V66/><F105/><W88/><G115/><T32/><D51/><U52/><E95/><V126/><F126/><W119/><G119/><T59/><D79/><U60/><E15/><V47/><F91/><W0/><G0/><T90/><D90/><U82/><E60/><N who="2" m="23147" /><F43/><W122/><G122/><T8/><D8/><U89/><E89/><V78/><F78/><W112/><G112/><T67/><D27/><AGARI ba="5,0" hai="4,11,12,20,27,28,40,47,48,64,66" m="23147" machi="27" ten="30,1000,0" yaku="8,1" doraHai="72" who="2" fromWho="0" sc="380,-25,161,0,237,25,222,0" /><INIT seed="6,0,0,5,2,96" ten="355,161,262,222" oya="2" hai0="103,65,81,45,4,92,42,23,14,74,127,37,31" hai1="22,49,91,9,108,3,112,18,125,0,58,107,41" hai2="19,128,15,20,100,111,110,28,11,72,40,51,134" hai3="132,105,1,114,25,122,124,8,48,43,67,52,44"/><V56/><F72/><W86/><G122/><T16/><D127/><U101/><E108/><N who="2" m="41515" /><F134/><W36/><G132/><T59/><D4/><U98/><E125/><V27/><F128/><W61/><G124/><T66/><D31/><U118/><E112/><V82/><F82/><W13/><G1/><T109/><D109/><U95/><E118/><V113/><F113/><W2/><G2/><T116/><D116/><U123/><E123/><V78/><F78/><W47/><G114/><T10/><D10/><U83/><E83/><V71/><F71/><W5/><G105/><T84/><D74/><U63/><E9/><V120/><F120/><W29/><G86/><T50/><D37/><U76/><E76/><V131/><F131/><W79/><G79/><N who="0" m="46143" /><D59/><U121/><E121/><V88/><F88/><W60/><REACH who="3" step="1"/><G67/><REACH who="3" ten="355,161,262,212" step="2"/><T117/><D117/><U97/><E0/><V53/><F40/><W21/><AGARI ba="0,1" hai="5,8,13,21,25,29,36,43,44,47,48,52,60,61" machi="21" ten="20,8000,1" yaku="1,1,2,1,0,1,7,1,54,1,53,0" doraHai="96" doraHaiUra="54" who="3" fromWho="3" sc="355,-20,161,-20,262,-40,212,90" /><INIT seed="7,0,0,2,4,104" ten="335,141,222,302" oya="3" hai0="26,64,1,121,57,72,77,31,14,36,116,23,42" hai1="58,13,35,7,70,122,15,120,56,54,45,111,52" hai2="83,103,63,125,91,71,90,29,62,127,6,4,21" hai3="88,12,76,113,0,55,34,98,133,38,85,134,89"/><W126/><G0/><T32/><D116/><U135/><E35/><V115/><F115/><W67/><G113/><T33/><D121/><U40/><E7/><V86/><F103/><W9/><G126/><N who="2" m="48137" /><F91/><W119/><G119/><T61/><D1/><U59/><E13/><V16/><F29/><W92/><G34/><T109/><D109/><U27/><E15/><N who="2" m="9375" /><F71/><W131/><G131/><T105/><D105/><U30/><E27/><V112/><F112/><W47/><G76/><T80/><D14/><U78/><E30/><V129/><F129/><W99/><G67/><T39/><D33/><U25/><E25/><V110/><F110/><W41/><G55/><T82/><D42/><U60/><E78/><V94/><F94/><W87/><G98/><T49/><D32/><U118/><E111/><V114/><F114/><W81/><REACH who="3" step="1"/><G99/><REACH who="3" ten="335,141,222,292" step="2"/><T46/><D80/><U28/><E118/><V123/><F123/><W132/><G132/><T51/><D46/><U102/><E135/><V74/><F83/><W53/><G53/><T97/><REACH who="0" step="1"/><D97/><REACH who="0" ten="325,141,222,292" step="2"/><U100/><E122/><V79/><F79/><W65/><G65/><T11/><D11/><U17/><E120/><V128/><F128/><W19/><AGARI ba="0,2" hai="9,12,19,38,41,47,81,85,87,88,89,92,133,134" machi="19" ten="30,11700,0" yaku="1,1,0,1,54,1,53,1" doraHai="104" doraHaiUra="8" who="3" fromWho="3" sc="325,-39,141,-39,222,-39,292,137" owari="286,9.0,102,-40.0,183,-22.0,429,53.0" /></mjloggm>