<mjloggm ver="2.3"><GO type="169" lobby="0"/><UN n0="%E5%BC%B7%E6%AC%B2%E7%8B%82%E6%88%A6%E5%A3%AB" n1="%E3%81%BE%E3%82%8B%E3%81%99%E3%81%91" n2="%E3%81%A4%E3%81%A3%E3%81%8D%EF%BD%9E%32%6E%64" n3="%E3%82%A6%E3%83%AB%E3%83%88%E3%83%A9%E7%AB%8B%E7%9B%B4" dan="16,16,17,16" rate="2126.06,2129.40,2139.70,2083.77" sx="M,M,M,M"/><TAIKYOKU oya="0"/><INIT seed="0,0,0,1,2,95" ten="250,250,250,250" oya="0" hai0="34,28,72,3,6,42,1,83,49,40,69,110,2" hai1="97,31,52,115,90,104,58,35,92,84,50,62,125" hai2="132,80,29,61,12,47,71,126,133,14,88,24,51" hai3="30,20,66,11,105,79,121,37,10,87,93,46,5"/><T89/><D110/><U26/><E125/><V78/><F126/><W119/><G105/><T103/><D69/><U127/><E127/><V17/><F71/><W43/><G121/><T91/><D6/><U57/><E115/><V113/><F113/><W44/><G119/><T112/><D112/><U32/><E104/><V8/><F61/><W22/><G66/><T67/><D67/><U19/><E19/><V124/><F124/><W129/><G129/><T122/><D122/><U64/><REACH who="1" step="1"/><E84/><REACH who="1" ten="250,240,250,250" step="2"/><V131/><F17/><W106/><G87/><T120/><D120/><U56/><E56/><V130/><F131/><W100/><G106/><T25/><D103/><U111/><E111/><V7/><F130/><W75/><G75/><T128/><D128/><U96/><E96/><V13/><F7/><W107/><G107/><T48/><D72/><U114/><E114/><V36/><F29/><W54/><G100/><T4/><D4/><U102/><E102/><V15/><F8/><W53/><G30/><T70/><D70/><U27/><E27/><V101/><F24/><W76/><G5/><T9/><D9/><U116/><E116/><V38/><F101/><W123/><G123/><T135/><D135/><U117/><E117/><V74/><F133/><W134/><G134/><T55/><D25/><U16/><E16/><V85/><F132/><W65/><G10/><T108/><D108/><U60/><E60/><V81/><N who="2" m="3072" /><DORA hai="45" /><V68/><REACH who="2" step="1"/><F68/><REACH who="2" ten="250,240,240,250" step="2"/><W39/><G11/><T86/><D1/><U94/><E94/><V63/><F63/><W98/><G93/><T82/><D2/><RYUUKYOKU ba="0,2" sc="250,-15,240,15,240,15,250,-15" hai1="26,31,32,35,50,52,57,58,62,64,90,92,97" hai2="36,38,47,51,74,78,80,81,85,88" /><INIT seed="1,1,2,5,5,79" ten="235,255,255,235" oya="1" hai0="66,72,111,64,57,80,102,0,37,99,16,121,67" hai1="2,124,122,71,127,56,101,36,42,74,120,52,95" hai2="14,108,23,40,4,106,115,65,128,73,70,47,6" hai3="12,126,104,87,9,43,58,3,105,86,49,131,130"/><U1/><E74/><V29/><F108/><W35/><G35/><T15/><D111/><U78/><E71/><V51/><F128/><N who="3" m="49195" /><G3/><N who="1" m="1034" /><E78/><V41/><F115/><W31/><G31/><T88/><D0/><U94/><E42/><V45/><F73/><W30/><G30/><T117/><D37/><U129/><E36/><V39/><F106/><N who="3" m="41067" /><G126/><N who="1" m="48170" /><E129/><V103/><F103/><W27/><G27/><T7/><D7/><U90/><E101/><V96/><F96/><W11/><G11/><N who="0" m="6271" /><D72/><U48/><E94/><V98/><F98/><AGARI ba="1,2" hai="48,52,56,90,95,98,120,122" m="48170,1034" machi="98" ten="30,2900,0" yaku="18,1,54,1" doraHai="79" who="1" fromWho="2" sc="235,0,255,52,255,-32,235,0" /><INIT seed="1,2,0,5,4,69" ten="235,307,223,235" oya="1" hai0="132,102,118,95,79,48,109,52,84,70,26,30,103" hai1="105,13,27,115,125,14,1,124,129,19,134,54,58" hai2="87,128,31,12,122,8,62,38,92,57,16,104,41" hai3="7,64,11,40,89,78,51,25,107,93,49,108,22"/><U59/><E115/><V77/><F122/><W34/><G34/><T86/><D118/><U60/><E134/><V4/><F104/><W66/><G107/><T71/><D132/><U29/><E129/><V24/><F128/><W0/><G78/><T18/><D109/><U53/><E1/><V85/><F4/><W76/><G76/><T131/><D131/><U50/><E105/><V80/><F92/><W91/><G108/><T135/><D135/><U83/><E83/><V106/><F106/><W5/><G5/><T3/><D18/><U39/><E39/><V21/><F87/><W97/><G91/><T75/><D3/><U56/><E56/><V43/><REACH who="2" step="1"/><F38/><REACH who="2" ten="235,307,213,235" step="2"/><W120/><G120/><T73/><D84/><U35/><REACH who="1" step="1"/><E14/><REACH who="1" ten="235,297,213,235" step="2"/><V94/><F94/><W46/><G51/><T65/><D95/><U90/><E90/><V112/><F112/><W32/><G49/><T82/><D103/><U20/><AGARI ba="2,2" hai="13,19,20,27,29,35,50,53,54,58,59,60,124,125" machi="20" ten="30,3000,0" yaku="1,1,0,1,53,0" doraHai="69" doraHaiUra="88" who="1" fromWho="1" sc="235,-12,297,56,213,-12,235,-12" /><INIT seed="1,3,0,4,2,105" ten="223,353,201,223" oya="1" hai0="7,9,40,66,112,61,37,39,116,87,110,57,6" hai1="33,80,117,124,113,75,4,73,47,132,41,23,135" hai2="46,63,55,101,71,14,79,107,44,42,18,97,91" hai3="89,12,134,59,120,76,106,3,123,111,77,68,133"/><U94/><E113/><V127/><F127/><W11/><G68/><T32/><D116/><U95/><E117/><V0/><F0/><W35/><G35/><T85/><D112/><U15/><E124/><V27/><F91/><W92/><G106/><T100/><D32/><U104/><E104/><V125/><F125/><W64/><G3/><T81/><D110/><U13/><E33/><V103/><F103/><W2/><G2/><T16/><D100/><U24/><E80/><V78/><F27/><W119/><G119/><T54/><D87/><U96/><E4/><N who="0" m="1577" /><D40/><U90/><E95/><V56/><F71/><W50/><G111/><T20/><D9/><U60/><E60/><V49/><REACH who="2" step="1"/><F46/><REACH who="2" ten="223,353,191,223" step="2"/><W36/><G89/><N who="0" m="51375" /><D39/><N who="1" m="21951" /><E13/><V99/><F99/><W83/><G12/><N who="0" m="9223" /><D37/><U52/><E15/><V62/><F62/><W82/><G36/><T30/><D30/><U51/><E24/><V122/><F122/><W43/><G123/><T72/><D72/><U84/><E96/><V88/><F88/><W128/><G120/><T65/><AGARI ba="3,1" hai="54,57,61,65,66" m="9223,51375,1577" machi="65" ten="30,2000,0" yaku="8,1,54,1" doraHai="105" who="0" fromWho="0" sc="223,39,353,-13,191,-8,223,-8" /><INIT seed="2,0,0,5,2,74" ten="262,340,183,215" oya="2" hai0="87,114,62,135,30,124,68,80,42,117,118,71,50" hai1="93,34,55,78,45,26,9,3,1,57,59,65,108" hai2="44,49,56,19,97,2,120,133,119,73,11,130,106" hai3="99,16,102,15,131,67,51,38,79,109,27,105,81"/><V31/><F120/><W40/><G131/><T64/><D30/><U89/><E108/><V33/><F119/><N who="0" m="45578" /><D87/><U25/><E45/><V112/><F112/><W23/><G109/><T111/><D80/><U28/><E9/><V88/><F130/><W85/><G67/><T115/><D111/><U4/><E4/><V116/><F116/><W46/><REACH who="3" step="1"/><G27/><REACH who="3" ten="262,340,183,205" step="2"/><T61/><D124/><U92/><E26/><V101/><F133/><W0/><G0/><T129/><D135/><U121/><E1/><V98/><F2/><W128/><G128/><T95/><D129/><U91/><E3/><V17/><F33/><W96/><G96/><T20/><D64/><U29/><E65/><V60/><F97/><W134/><G134/><T21/><D114/><U110/><E25/><V90/><F98/><W83/><G83/><T43/><D115/><U10/><E110/><V70/><F31/><W77/><G77/><T58/><D71/><U107/><E34/><V113/><F70/><W127/><G127/><T126/><D68/><U22/><E78/><V132/><F132/><W53/><G53/><T104/><D126/><U94/><E55/><V13/><F113/><W63/><G63/><T12/><D62/><U35/><E35/><V72/><F60/><W8/><G8/><T123/><D61/><U37/><E29/><V39/><F11/><W84/><G84/><T86/><D86/><U125/><E10/><V52/><F72/><W122/><G122/><T69/><D69/><U36/><E28/><V24/><F73/><W18/><G18/><T7/><D123/><U75/><E121/><RYUUKYOKU ba="0,1" sc="262,-10,340,-10,183,-10,205,30" hai3="15,16,23,38,40,46,51,79,81,85,99,102,105" /><INIT seed="3,1,1,5,0,103" ten="252,330,173,235" oya="3" hai0="46,50,111,25,79,132,61,59,102,128,20,31,133" hai1="99,17,98,23,82,78,19,127,93,38,2,69,131" hai2="54,96,88,7,58,106,39,62,27,10,75,122,49" hai3="117,65,123,15,67,60,91,24,80,71,47,9,66"/><W130/><G123/><T14/><D111/><U22/><E69/><V55/><F122/><W34/><G117/><T33/><D128/><U94/><E38/><V119/><F119/><W107/><G130/><T109/><D109/><U100/><E131/><V48/><F39/><W92/><G80/><T74/><D102/><U26/><E127/><V16/><F75/><W29/><G47/><T124/><D124/><U30/><E2/><V4/><F62/><W52/><G52/><N who="0" m="29783" /><D79/><U0/><E0/><V11/><F11/><W89/><G107/><T32/><D14/><U77/><E82/><V56/><F106/><W18/><REACH who="3" step="1"/><G91/><REACH who="3" ten="252,330,173,225" step="2"/><T90/><D90/><N who="1" m="55607" /><E30/><V51/><F88/><W134/><G134/><N who="0" m="51819" /><D74/><U108/><E108/><V36/><F54/><AGARI ba="1,2" hai="20,25,31,32,33,54,59,61" m="51819,29783" machi="54" ten="30,2000,0" yaku="20,1,54,1" doraHai="103" who="0" fromWho="2" sc="252,43,330,0,173,-23,225,0" /><INIT seed="4,0,0,2,5,10" ten="295,330,150,225" oya="0" hai0="38,1,59,41,2,16,120,135,6,66,99,63,104" hai1="119,123,106,90,14,34,84,69,67,86,74,44,3" hai2="89,7,23,26,96,87,73,75,127,8,113,72,98" hai3="133,129,40,52,47,124,134,45,27,39,81,13,35"/><T110/><D120/><U33/><E3/><V19/><F113/><W31/><G124/><T4/><D135/><N who="3" m="51721" /><G129/><T94/><D104/><U22/><E74/><V62/><F127/><W114/><G114/><T58/><D41/><U42/><E123/><V76/><F62/><W65/><G65/><T116/><D38/><U11/><E106/><V24/><F24/><W122/><G122/><T70/><D1/><U101/><E101/><V102/><F76/><W55/><G81/><T128/><D2/><U71/><E119/><V111/><F111/><W80/><G80/><T79/><D70/><U30/><E22/><V92/><REACH who="2" step="1"/><F102/><REACH who="2" ten="295,330,140,225" step="2"/><W50/><G27/><T103/><D79/><U12/><E69/><V97/><F97/><W109/><G109/><T93/><D110/><U105/><E71/><V5/><F5/><W132/><G132/><T29/><D128/><U82/><E67/><V91/><F91/><W36/><G35/><T25/><D116/><U28/><E34/><V32/><F32/><W115/><G115/><T88/><D29/><U0/><E33/><V56/><F56/><W107/><G31/><T51/><D59/><U54/><E30/><V37/><F37/><W130/><G130/><T100/><D100/><U112/><E28/><V108/><F108/><W61/><G61/><T21/><D51/><U60/><E112/><V68/><F68/><W15/><G39/><T85/><AGARI ba="0,1" hai="4,6,16,21,25,58,63,66,85,88,93,94,99,103" machi="85" ten="20,12000,1" yaku="0,1,7,1,8,1,54,2" doraHai="10" who="0" fromWho="0" sc="295,130,330,-40,140,-40,225,-40" /><INIT seed="4,1,0,5,3,68" ten="425,290,100,185" oya="0" hai0="66,129,82,120,100,47,135,13,21,34,79,14,87" hai1="107,25,36,113,106,89,81,31,55,29,2,44,72" hai2="114,37,99,59,1,110,4,77,67,71,125,78,20" hai3="50,132,98,101,119,49,64,134,88,45,102,46,62"/><T53/><D34/><U30/><E2/><V56/><F110/><W96/><G62/><T22/><D120/><U10/><E113/><V131/><F114/><W61/><G61/><T92/><D129/><U38/><E25/><V18/><F131/><W115/><G115/><T70/><D135/><U85/><E10/><V43/><F125/><W133/><G64/><T130/><D70/><U19/><E19/><V24/><F71/><W124/><G124/><T84/><D66/><U5/><E5/><V6/><F99/><N who="3" m="37931" /><G88/><N who="0" m="53279" /><D100/><N who="3" m="38505" /><G119/><T75/><D75/><U27/><E27/><V57/><F67/><W127/><G127/><T23/><D130/><U41/><E72/><V80/><F1/><W108/><G108/><T39/><D39/><U11/><E11/><V118/><F118/><W40/><G40/><T74/><D74/><U109/><E109/><V122/><F122/><W8/><G8/><T16/><D13/><U15/><E15/><V54/><F54/><W63/><G63/><T86/><D86/><U93/><E38/><V117/><F117/><W90/><G90/><T95/><D95/><U116/><E116/><V73/><REACH who="2" step="1"/><F78/><REACH who="2" ten="425,290,90,185" step="2"/><W83/><G134/><T58/><D47/><AGARI ba="1,1" hai="4,6,18,20,24,37,43,47,56,57,59,73,77,80" machi="47" ten="40,8000,1" yaku="1,1,2,1,52,1,53,2" doraHai="68" doraHaiUra="3" who="2" fromWho="0" sc="425,-83,290,0,90,93,185,0" /><INIT seed="5,0,0,3,1,99" ten="342,290,183,185" oya="1" hai0="64,90,67,117,57,83,82,65,104,124,131,37,4" hai1="105,60,2,80,59,100,30,53,79,51,63,21,95" hai2="16,7,76,44,84,112,133,17,45,81,89,78,92" hai3="106,126,23,20,111,5,0,1,36,22,34,103,88"/><U127/><E105/><V13/><F133/><W121/><G36/><T102/><D37/><U66/><E2/><V129/><F129/><W77/><G121/><T134/><D134/><U115/><E115/><V24/><F112/><W27/><G111/><T18/><D18/><N who="2" m="7274" /><F24/><W3/><G77/><N who="2" m="29801" /><F81/><W107/><G126/><T29/><D124/><U118/><E118/><V135/><F135/><W9/><G88/><T47/><D131/><U50/><E127/><V116/><F116/><W91/><G91/><T40/><D29/><U58/><E80/><V101/><F101/><W86/><G86/><T54/><D4/><U114/><E79/><V14/><F14/><N who="3" m="5423" /><G103/><T52/><D83/><U125/><E114/><V96/><F84/><W33/><G107/><T6/><D6/><U122/><E122/><V39/><F39/><W72/><G106/><T128/><D128/><U49/><E125/><V15/><F15/><W71/><G72/><T119/><D119/><U70/><E70/><V46/><F46/><W12/><G71/><T73/><D73/><U68/><E68/><V56/><F56/><W69/><G69/><T85/><D117/><U130/><E130/><V42/><F42/><W8/><G27/><T38/><D57/><U55/><E66/><V132/><F132/><W120/><G120/><T25/><D25/><N who="1" m="16687" /><E63/><V97/><F97/><AGARI ba="0,0" hai="49,50,51,53,55,58,59,60,95,97,100" m="16687" machi="97" ten="30,2900,0" yaku="8,1,52,1" doraHai="99" who="1" fromWho="2" sc="342,0,290,29,183,-29,185,0" /><INIT seed="5,1,0,2,0,45" ten="342,319,154,185" oya="1" hai0="86,34,83,8,63,128,41,43,92,28,102,24,42" hai1="29,103,85,129,60,104,50,110,134,2,20,122,107" hai2="51,18,61,72,111,25,124,39,11,4,100,135,106" hai3="81,82,84,109,91,105,133,121,96,73,12,116,114"/><U97/><E122/><V101/><F39/><W64/><G109/><T15/><D128/><U23/><E2/><V98/><F111/><W33/><G33/><T16/><D63/><U77/><E110/><V67/><F135/><W115/><G64/><T119/><D119/><U13/><E134/><V113/><F124/><W6/><G133/><T68/><D68/><U123/><E123/><V32/><F113/><N who="3" m="43019" /><G121/><T65/><D65/><U44/><E129/><V125/><F125/><W48/><G116/><T22/><D102/><U53/><E104/><V21/><F72/><W37/><G37/><T89/><D34/><U26/><E60/><V117/><F117/><W99/><G48/><T35/><D35/><U14/><REACH who="1" step="1"/><E23/><REACH who="1" ten="342,309,154,185" step="2"/><V74/><F32/><W87/><G105/><T62/><D62/><U79/><E79/><V94/><F106/><W52/><G73/><T19/><D28/><U55/><E55/><V0/><F74/><W5/><G52/><T69/><D69/><U59/><E59/><V54/><F0/><W30/><G30/><T58/><D58/><U80/><AGARI ba="1,1" hai="13,14,20,26,29,44,50,53,77,80,85,97,103,107" machi="80" ten="30,12000,1" yaku="1,1,0,1,52,1,53,2" doraHai="45" doraHaiUra="10" who="1" fromWho="1" sc="342,-41,309,133,154,-41,185,-41" /><INIT seed="5,2,0,3,0,59" ten="301,442,113,144" oya="1" hai0="39,123,47,116,68,9,38,18,134,93,109,71,74" hai1="20,79,114,23,89,41,51,106,35,32,33,26,119" hai2="118,10,104,86,82,36,65,111,132,110,100,15,117" hai3="76,102,14,25,85,120,81,101,125,115,98,55,19"/><U92/><E119/><N who="2" m="45579" /><F36/><W62/><G120/><T57/><D93/><U27/><E106/><V90/><F15/><W130/><G125/><T42/><D74/><U131/><E114/><V73/><F10/><W63/><G130/><T2/><D18/><U49/><E131/><V75/><F65/><W0/><G115/><T70/><D9/><U54/><E79/><V50/><F50/><W103/><G25/><T80/><D80/><U12/><E12/><V34/><F34/><W94/><G0/><T121/><D2/><U37/><E37/><N who="0" m="13833" /><D109/><N who="2" m="41482" /><F132/><W97/><G55/><T45/><D116/><U5/><E5/><V84/><F84/><W124/><G124/><T24/><D24/><U72/><E35/><V133/><F133/><W78/><G78/><T48/><D134/><U113/><E33/><V56/><F56/><W83/><G83/><T107/><D107/><U22/><E32/><V16/><F16/><W96/><REACH who="3" step="1"/><G94/><REACH who="3" ten="301,442,113,134" step="2"/><T40/><D123/><U30/><E92/><V17/><F17/><W95/><G95/><T4/><D121/><U91/><E27/><V29/><F29/><W66/><G66/><T53/><D4/><U11/><E26/><V28/><F28/><W21/><AGARI ba="2,1" hai="14,19,21,62,63,76,81,85,96,97,98,101,102,103" machi="21" ten="30,12000,2" yaku="1,1,0,1,8,1,52,2,53,1" doraHai="59" doraHaiUra="8" who="3" fromWho="3" sc="301,-32,442,-62,113,-32,134,136" /><INIT seed="6,0,0,0,1,36" ten="269,380,81,270" oya="2" hai0="123,10,114,1,99,84,120,81,17,85,9,97,91" hai1="72,124,73,3,116,86,51,21,43,61,23,127,74" hai2="37,30,18,130,103,28,59,129,95,52,60,26,53" hai3="2,121,47,79,29,106,7,102,16,77,128,113,126"/><V42/><F18/><W119/><G121/><T69/><D69/><U31/><E116/><V8/><F8/><W65/><G119/><T6/><D114/><U24/><E3/><V82/><F82/><W32/><G65/><T38/><D38/><U55/><E86/><V25/><F53/><W71/><G71/><T4/><D17/><U80/><E80/><V117/><F117/><W93/><G93/><T94/><D123/><U27/><E61/><V48/><F37/><W49/><G49/><T89/><REACH who="0" step="1"/><D120/><REACH who="0" ten="259,380,81,270" step="2"/><U131/><E131/><N who="2" m="50187" /><F103/><W63/><G16/><T67/><D67/><U92/><E31/><N who="2" m="11819" /><F95/><W54/><G102/><T66/><D66/><U20/><E92/><V45/><AGARI ba="0,1" hai="25,26,42,45,48,52,59,60" m="11819,50187" machi="45" ten="30,6000,0" yaku="19,1,52,1,54,1" doraHai="36" who="2" fromWho="2" sc="259,-20,380,-20,81,70,270,-20" /><INIT seed="6,1,0,3,1,45" ten="239,360,151,250" oya="2" hai0="94,19,30,20,124,56,83,127,24,27,60,93,87" hai1="49,111,116,39,107,58,37,62,123,59,51,6,118" hai2="4,77,50,33,96,131,42,95,2,101,129,113,57" hai3="133,103,90,78,40,117,134,47,85,104,68,102,99"/><V71/><F71/><W0/><G0/><T121/><D121/><U109/><E6/><V43/><F113/><W8/><G68/><T125/><D27/><U1/><E1/><V7/><F33/><W120/><G120/><T135/><D30/><U10/><E123/><V128/><F77/><W38/><G117/><T119/><D135/><N who="3" m="51721" /><G8/><T53/><REACH who="0" step="1"/><D119/><REACH who="0" ten="229,360,151,250" step="2"/><U88/><E107/><V106/><F106/><W29/><G29/><T98/><D98/><U73/><E73/><V15/><F2/><W67/><G99/><T86/><D86/><U12/><E116/><V46/><F42/><W26/><G104/><T132/><D132/><U65/><E118/><V89/><F101/><W97/><G26/><T122/><D122/><U79/><E109/><V17/><REACH who="2" step="1"/><F57/><REACH who="2" ten="229,360,141,250" step="2"/><W126/><G103/><T92/><D92/><U112/><E59/><V61/><F61/><W91/><G102/><T32/><D32/><U52/><E58/><V28/><F28/><W34/><G34/><T76/><AGARI ba="1,2" hai="19,20,24,53,56,60,76,83,87,93,94,124,125,127" machi="76" ten="30,4000,0" yaku="1,1,0,1,18,1,53,0" doraHai="45" doraHaiUra="70" who="0" fromWho="0" sc="229,63,360,-11,141,-21,250,-11" /><INIT seed="7,0,0,2,1,67" ten="292,349,120,239" oya="3" hai0="105,73,88,120,64,124,44,74,29,24,79,8,6" hai1="112,48,20,85,47,15,129,16,83,81,11,104,17" hai2="56,35,132,39,32,70,134,18,33,76,42,127,100" hai3="72,38,9,103,125,5,80,0,101,131,118,116,12"/><W82/><G12/><T114/><D105/><U94/><E104/><V106/><F127/><W130/><G38/><T107/><D120/><U59/><E112/><V99/><F56/><W117/><G125/><T23/><D107/><U54/><E129/><N who="3" m="49162" /><G72/><T135/><D135/><U122/><E122/><V98/><F18/><W128/><G128/><T86/><D79/><U58/><E94/><V10/><F10/><W41/><G41/><T1/><D124/><U43/><E85/><V4/><F4/><W63/><G63/><T37/><D114/><U57/><E43/><V119/><F98/><W121/><G121/><T108/><D108/><U65/><REACH who="1" step="1"/><E65/><REACH who="1" ten="292,339,120,239" step="2"/><V66/><F119/><W69/><G69/><T113/><D64/><U51/><E51/><V21/><F21/><W62/><G62/><T13/><D113/><U31/><E31/><V46/><REACH who="2" step="1"/><F76/><REACH who="2" ten="292,339,110,239" step="2"/><W30/><G30/><T75/><D29/><U91/><E91/><V28/><F28/><W36/><G9/><T52/><D8/><U87/><E87/><V115/><F115/><W89/><G5/><T123/><D74/><U71/><E71/><V7/><F7/><W60/><G117/><T61/><D123/><U19/><E19/><V14/><F14/><AGARI ba="0,2" hai="11,14,15,16,17,20,47,48,54,57,58,59,81,83" machi="14" ten="40,5200,0" yaku="1,1,8,1,54,1,53,0" doraHai="67" doraHaiUra="22" who="1" fromWho="2" sc="292,0,339,72,110,-52,239,0" owari="292,9.0,411,51.0,58,-44.0,239,-16.0" /></mjloggm>