<mjloggm ver="2.3"><GO type="169" lobby="0"/><UN n0="%E3%81%B5%E3%81%86%E3%81%8C%E2%99%AA" n1="%E5%B0%B1%E6%B4%BB%E7%94%9F%40%E5%B7%9D%E6%9D%91%E8%BB%8D%E5%9B%A3" n2="%E3%83%90%E3%82%B9%E3%82%BF%E3%83%BC%E5%90%9B" n3="%4B%49%4E%4F" dan="16,16,17,16" rate="2106.91,2084.07,2182.28,2069.96" sx="M,M,M,F"/><TAIKYOKU oya="0"/><INIT seed="0,0,0,1,3,81" ten="250,250,250,250" oya="0" hai0="129,18,32,16,19,99,65,40,73,23,97,31,107" hai1="90,60,58,108,69,55,41,51,101,7,0,100,122" hai2="44,123,98,57,126,49,3,114,53,2,61,25,14" hai3="12,109,62,121,1,76,82,38,35,22,66,111,128"/><T133/><D129/><U116/><E122/><V124/><F114/><W59/><G35/><T95/><D73/><U43/><E116/><V78/><F123/><W4/><G38/><T68/><D133/><U74/><E74/><V75/><F78/><W125/><G121/><T11/><D40/><U72/><E72/><V104/><F75/><W28/><G1/><T17/><D11/><U87/><E108/><V26/><F14/><W135/><G125/><N who="2" m="48233" /><F3/><W36/><G36/><T105/><D32/><U119/><E119/><V8/><F8/><N who="3" m="4103" /><G28/><T48/><D48/><U63/><E7/><V92/><F104/><W27/><G27/><T6/><D6/><U37/><E0/><V39/><F2/><W45/><G45/><T115/><D115/><U42/><E37/><V52/><F39/><W54/><G22/><T24/><N who="0" m="4096" /><DORA hai="113" /><T70/><D99/><U106/><E106/><V93/><F93/><W47/><G128/><T77/><D77/><U110/><E110/><V21/><F21/><W86/><G135/><T127/><D127/><U132/><E132/><V10/><F10/><W91/><G76/><T50/><D50/><U118/><E118/><V67/><F67/><W117/><G117/><T120/><D120/><U80/><REACH who="1" step="1"/><E69/><REACH who="1" ten="250,240,250,250" step="2"/><V94/><F94/><W130/><G130/><T102/><REACH who="0" step="1"/><D70/><REACH who="0" ten="240,240,250,250" step="2"/><U33/><E33/><V29/><F29/><W84/><G111/><T131/><D131/><U112/><E112/><V15/><F15/><W13/><G13/><T85/><D85/><U9/><E9/><V88/><AGARI ba="0,2" hai="25,26,44,49,52,53,57,61,88,92,98" m="48233" machi="88" ten="30,4000,0" yaku="18,1,54,2" doraHai="81,113" who="2" fromWho="2" sc="240,-20,240,-10,250,60,250,-10" /><INIT seed="1,0,0,5,5,92" ten="220,230,310,240" oya="1" hai0="105,12,11,119,67,70,90,44,51,111,34,88,81" hai1="31,1,107,42,123,15,49,53,8,10,116,20,120" hai2="127,50,26,21,57,35,58,13,68,93,130,91,117" hai3="104,113,134,80,24,99,97,129,5,109,95,60,4"/><U71/><E71/><V27/><F68/><W46/><G113/><T19/><D119/><U22/><E107/><V74/><F117/><W84/><G109/><T39/><D39/><U132/><E116/><V75/><F130/><W110/><G110/><T94/><D105/><U78/><E132/><V85/><F127/><W77/><G129/><T38/><D38/><U17/><E42/><V122/><F122/><W55/><G134/><T6/><D111/><U106/><E106/><V112/><F112/><W52/><G104/><T86/><D34/><U25/><E78/><V62/><F35/><W43/><G24/><T29/><D29/><U128/><E128/><V83/><F74/><W72/><G72/><T65/><D6/><N who="3" m="2665" /><G60/><T28/><D28/><U103/><E103/><V76/><F50/><N who="3" m="26975" /><G99/><N who="0" m="57799" /><D70/><U79/><E79/><V96/><F75/><W102/><AGARI ba="0,0" hai="52,55,77,80,84,95,97,102" m="26975,2665" machi="102" ten="30,4000,0" yaku="8,1,52,1,54,1" doraHai="92" who="3" fromWho="3" sc="220,-10,230,-20,310,-10,240,40" /><INIT seed="2,0,0,2,4,76" ten="210,210,300,280" oya="2" hai0="95,1,5,48,69,52,30,68,94,108,49,90,16" hai1="77,117,15,3,84,125,55,112,4,87,53,59,99" hai2="103,111,58,132,10,118,115,127,46,19,70,93,106" hai3="86,134,29,36,91,81,128,73,38,31,101,109,60"/><V44/><F70/><W124/><G101/><T39/><D39/><U61/><E3/><V40/><F106/><W122/><G122/><T42/><D30/><U114/><E117/><V119/><F115/><W97/><G109/><T6/><D108/><U32/><E32/><V129/><F111/><W47/><G73/><T0/><D42/><U27/><E125/><V66/><F127/><W105/><G134/><T2/><D2/><U57/><E99/><V123/><F123/><W96/><G60/><T88/><REACH who="0" step="1"/><D52/><REACH who="0" ten="200,210,300,280" step="2"/><U78/><E114/><V92/><F40/><N who="3" m="22919" /><G31/><T82/><D82/><U133/><E112/><V116/><F132/><W121/><G81/><T35/><D35/><U34/><E133/><V65/><F65/><W20/><G29/><T7/><D7/><U135/><E135/><V21/><F129/><W25/><G38/><T26/><D26/><U67/><E34/><V54/><F66/><W83/><G25/><T104/><D104/><U80/><E27/><V43/><F43/><W102/><G128/><T23/><D23/><U113/><E113/><V89/><F10/><W62/><G121/><T110/><D110/><U64/><E4/><V56/><F54/><W22/><G124/><T41/><D41/><U50/><E15/><V120/><F120/><W85/><G22/><T24/><D24/><U126/><E126/><V14/><F119/><W51/><G20/><T8/><D8/><U79/><E79/><V98/><F118/><W33/><G33/><T100/><D100/><U9/><E9/><V63/><F116/><W71/><G105/><T13/><D13/><RYUUKYOKU ba="0,1" sc="200,15,210,15,300,-15,280,-15" hai0="0,1,5,6,16,48,49,68,69,88,90,94,95" hai1="50,53,55,57,59,61,64,67,77,78,80,84,87" /><INIT seed="3,1,1,4,5,19" ten="215,225,285,265" oya="3" hai0="18,40,98,0,65,12,112,7,32,116,8,105,108" hai1="60,115,67,134,3,91,74,69,70,16,125,33,1" hai2="13,113,30,47,135,23,129,58,133,100,119,106,72" hai3="43,82,54,63,90,114,79,34,131,53,76,86,111"/><W4/><G114/><T11/><D116/><U29/><E115/><V109/><F119/><W10/><G34/><T52/><D112/><U64/><E74/><V17/><F113/><W94/><G131/><T77/><D108/><U28/><E125/><V22/><F72/><W104/><G104/><T62/><D32/><U50/><E134/><N who="2" m="51211" /><F109/><W123/><G123/><T36/><D77/><U126/><E126/><V107/><F129/><W80/><G43/><T61/><D40/><U48/><E91/><V39/><F58/><N who="3" m="35279" /><G111/><T45/><D36/><U71/><E33/><V51/><F39/><W97/><G54/><T95/><D105/><U24/><E24/><N who="2" m="16671" /><F100/><N who="3" m="60471" /><G82/><T78/><D78/><U88/><E88/><V92/><F92/><W122/><G122/><T25/><D65/><U89/><E89/><V42/><AGARI ba="1,1" hai="13,17,22,42,47,51,106,107" m="16671,51211" machi="42" ten="30,4000,0" yaku="20,1,52,2" doraHai="19" who="2" fromWho="2" sc="215,-11,225,-11,285,53,265,-21" /><INIT seed="4,0,0,1,5,100" ten="204,214,338,244" oya="0" hai0="5,134,62,39,119,64,74,6,132,4,96,63,37" hai1="84,11,122,71,70,106,117,123,24,92,56,89,16" hai2="2,30,9,23,104,91,21,57,109,65,3,73,0" hai3="125,17,35,101,60,54,114,33,32,22,121,102,133"/><T18/><D119/><U118/><E106/><V135/><F104/><W99/><G114/><T78/><D96/><U26/><E56/><V86/><F73/><W31/><G31/><T48/><D48/><U80/><E80/><V38/><F109/><W28/><G28/><T112/><D112/><U83/><E83/><V126/><F38/><N who="0" m="14346" /><D18/><U113/><E113/><V94/><F135/><N who="0" m="51754" /><D64/><U41/><E41/><V10/><F126/><W51/><G125/><T87/><D87/><U1/><E84/><V20/><F30/><W67/><G133/><T36/><N who="0" m="14354" /><T13/><DORA hai="40" /><D13/><U124/><E124/><V107/><F107/><W53/><G121/><T111/><D111/><U98/><E1/><V127/><F127/><W19/><G19/><T88/><D88/><U7/><E7/><N who="0" m="1793" /><T15/><DORA hai="115" /><D15/><U34/><E122/><V12/><F12/><W68/><G99/><T79/><D74/><U110/><E123/><V27/><F27/><W69/><G69/><T52/><D52/><U55/><E55/><V120/><F120/><W97/><G97/><T61/><AGARI ba="0,0" hai="61,62,63,78,79" m="1793,51754,14354" machi="61" ten="60,11700,0" yaku="28,2,20,1" doraHai="100,40,115" who="0" fromWho="0" sc="204,117,214,-39,338,-39,244,-39" /><INIT seed="4,1,0,5,5,33" ten="321,175,299,205" oya="0" hai0="67,49,115,78,92,89,86,64,44,39,11,21,118" hai1="48,119,38,122,91,82,60,68,63,24,41,34,121" hai2="8,50,106,90,16,85,123,113,93,112,35,104,132" hai3="55,18,129,74,30,3,17,23,20,103,26,19,117"/><T58/><D118/><U116/><E34/><V130/><F35/><N who="3" m="20951" /><G55/><T52/><D115/><U135/><E24/><V37/><F37/><W53/><G53/><T47/><D78/><U99/><E99/><V133/><F123/><N who="1" m="47113" /><E91/><V75/><F75/><W95/><G95/><T42/><D47/><N who="1" m="23991" /><E82/><V120/><F120/><W114/><G103/><T22/><REACH who="0" step="1"/><D11/><REACH who="0" ten="311,175,299,205" step="2"/><U28/><E135/><N who="2" m="51787" /><F130/><W81/><G129/><T102/><D102/><U59/><E28/><V100/><F100/><W36/><G114/><N who="2" m="44137" /><F50/><W40/><G117/><N who="1" m="45130" /><E68/><V97/><F97/><W96/><G96/><T10/><D10/><U98/><E98/><V13/><AGARI ba="1,1" hai="8,13,16,85,90,93,104,106" m="44137,51787" machi="13" ten="40,5200,0" yaku="20,1,15,1,54,1" doraHai="33" who="2" fromWho="2" sc="311,-27,175,-14,299,65,205,-14" /><INIT seed="5,0,0,0,2,55" ten="284,161,364,191" oya="1" hai0="105,107,62,82,21,23,51,28,17,7,31,121,1" hai1="103,12,132,11,37,110,127,111,50,85,29,74,39" hai2="71,40,135,89,52,41,13,115,24,91,72,3,54" hai3="114,60,116,84,32,94,109,76,5,49,38,14,16"/><U73/><E29/><V46/><F3/><W133/><G38/><N who="1" m="14346" /><E103/><V102/><F72/><N who="1" m="27753" /><E50/><V96/><F71/><W128/><G32/><T8/><D121/><U0/><E85/><V77/><F77/><W88/><G109/><N who="1" m="41482" /><E132/><V126/><F135/><W97/><G133/><T118/><D51/><U44/><E44/><V100/><F46/><W56/><G114/><T59/><D118/><U27/><E27/><V48/><F24/><W99/><G128/><T68/><D68/><U64/><E64/><V93/><F48/><W87/><G5/><T78/><D31/><U65/><E65/><V30/><F115/><W47/><G116/><T81/><D28/><U130/><E130/><V9/><F30/><W112/><G112/><T15/><D82/><U19/><E127/><V26/><F26/><W34/><G34/><T129/><D23/><U33/><E33/><V119/><F126/><W131/><G131/><T117/><D117/><U18/><E0/><V101/><F119/><W61/><G84/><N who="0" m="48183" /><D129/><U95/><E95/><V80/><F80/><N who="3" m="47495" /><G99/><T98/><D98/><U122/><E122/><V69/><F69/><W108/><G108/><T25/><D1/><U35/><E35/><V75/><F75/><W22/><G47/><T124/><D124/><U45/><E45/><V79/><F79/><W86/><G97/><T6/><D6/><AGARI ba="0,0" hai="6,11,12,18,19" m="41482,27753,14346" machi="6" ten="40,2000,0" yaku="10,1" doraHai="55" who="1" fromWho="0" sc="284,-20,161,20,364,0,191,0" /><INIT seed="5,1,0,2,0,130" ten="264,181,364,191" oya="1" hai0="110,25,78,91,62,3,9,117,70,94,100,47,87" hai1="53,114,39,132,52,92,11,5,34,128,119,97,66" hai2="38,18,133,101,134,50,17,58,44,28,51,82,131" hai3="41,32,45,15,76,121,125,43,105,40,108,31,107"/><U112/><E39/><V33/><F131/><W35/><G108/><T109/><D117/><U59/><E128/><V118/><F118/><W79/><G121/><T86/><D100/><N who="1" m="60455" /><E34/><V57/><F101/><W46/><G15/><T104/><D104/><U127/><E119/><V73/><F38/><W1/><G125/><T96/><D96/><U115/><E127/><V63/><F28/><W93/><G93/><T83/><D25/><U49/><E66/><V13/><F33/><N who="3" m="12875" /><G31/><T56/><D70/><U4/><E53/><V90/><F18/><W80/><G80/><T7/><REACH who="0" step="1"/><D47/><REACH who="0" ten="254,181,364,191" step="2"/><N who="3" m="17929" /><G1/><T21/><D21/><U24/><E24/><V27/><F27/><W129/><G129/><T84/><D84/><U67/><E67/><AGARI ba="1,1" hai="3,7,9,56,62,67,78,83,86,87,91,94,109,110" machi="67" ten="30,3900,0" yaku="1,1,7,1,53,1" doraHai="130" doraHaiUra="72" who="0" fromWho="1" sc="254,52,181,-42,364,0,191,0" /><INIT seed="6,0,0,4,0,32" ten="306,139,364,191" oya="2" hai0="82,66,33,62,8,34,50,74,106,27,0,90,31" hai1="14,15,5,94,20,21,28,4,125,17,40,78,89" hai2="91,121,75,119,69,102,115,10,65,16,85,2,114" hai3="56,44,131,111,92,70,48,60,19,99,76,112,59"/><V61/><F75/><W64/><G111/><T57/><D106/><U18/><E125/><V53/><F121/><W117/><G117/><T49/><D34/><U51/><E78/><V35/><F35/><W107/><G107/><T86/><REACH who="0" step="1"/><D74/><REACH who="0" ten="296,139,364,191" step="2"/><U1/><E28/><V11/><F119/><W127/><G127/><T135/><D135/><U133/><E133/><V132/><F132/><W41/><G131/><T101/><D101/><U73/><E73/><V12/><F102/><W55/><G112/><N who="2" m="43049" /><F53/><W71/><G55/><T68/><D68/><U77/><E77/><V84/><F91/><W7/><G71/><T72/><D72/><U122/><E122/><V36/><F36/><W126/><G70/><T123/><D123/><U47/><REACH who="1" step="1"/><E1/><REACH who="1" ten="296,129,364,191" step="2"/><V29/><F29/><W134/><G76/><T96/><D96/><AGARI ba="0,2" hai="4,5,14,15,17,18,20,21,40,47,51,89,94,96" machi="96" ten="30,8000,1" yaku="1,1,2,1,7,1,9,1,8,1,53,0" doraHai="32" doraHaiUra="108" who="1" fromWho="0" sc="296,-80,129,100,364,0,191,0" /><INIT seed="7,0,0,3,5,117" ten="216,229,364,191" oya="3" hai0="105,79,108,114,72,45,8,39,15,46,10,66,69" hai1="43,36,91,75,109,44,20,7,95,4,50,107,14" hai2="31,23,2,87,54,12,106,93,56,58,134,131,103" hai3="55,16,112,84,48,64,118,9,86,68,13,35,90"/><W59/><G118/><T82/><D108/><U25/><E107/><V1/><F106/><W128/><G112/><T67/><D105/><U37/><E75/><V18/><F58/><W53/><G35/><T104/><D104/><U34/><E109/><V70/><F70/><W122/><G122/><T11/><D114/><U38/><E34/><V29/><F134/><W124/><G124/><T57/><D69/><U113/><E113/><V135/><F135/><W121/><G121/><T27/><D15/><U129/><E129/><V22/><F131/><W98/><G128/><T76/><D76/><U125/><E14/><V123/><F123/><W26/><G68/><T24/><D46/><U80/><E80/><V49/><F103/><W78/><G64/><T101/><D101/><U73/><E73/><V110/><F110/><W77/><G98/><T126/><D126/><U120/><E120/><V81/><F93/><N who="3" m="54471" /><G86/><T119/><D119/><U28/><E125/><V62/><F62/><N who="3" m="36207" /><G26/><T19/><D67/><U41/><E41/><V6/><F6/><W17/><G17/><T94/><D19/><U51/><E51/><V111/><F111/><W0/><G0/><T47/><D94/><U115/><E115/><V85/><F85/><W100/><G100/><T65/><D65/><U83/><E83/><V92/><F92/><W89/><G89/><T5/><D5/><U99/><AGARI ba="0,0" hai="4,7,20,25,28,36,37,38,43,44,50,91,95,99" machi="99" ten="30,1100,0" yaku="0,1" doraHai="117" who="1" fromWho="1" sc="216,-3,229,11,364,-3,191,-5" owari="213,-19.0,240,4.0,361,46.0,186,-31.0" /></mjloggm>