<mjloggm ver="2.3"><GO type="97" lobby="0"/><UN n0="%E6%A5%A1%E5%AE%B6%E3%81%AE%E3%81%8A%E9%BE%8D" n1="%72%72%77%77%77%77%72%72" n2="%E5%B0%B1%E6%B4%BB%E7%94%9F%40%E5%B7%9D%E6%9D%91%E8%BB%8D%E5%9B%A3" n3="%E4%BC%8A%E5%8E%9F%E6%91%A9%E8%80%B6%E8%8A%B1" dan="14,13,15,15" rate="1950.75,1837.33,2091.08,1990.06" sx="M,M,M,F"/><TAIKYOKU oya="0"/><INIT seed="0,0,0,3,4,44" ten="250,250,250,250" oya="0" hai0="49,95,68,107,65,28,25,38,99,40,129,117,91" hai1="134,70,120,20,33,41,67,133,0,26,43,48,32" hai2="80,84,118,11,58,18,81,75,37,126,51,19,122" hai3="35,17,115,47,8,88,45,39,101,12,6,46,77"/><T56/><D129/><U119/><E120/><V23/><F37/><W87/><G115/><T113/><D113/><U59/><E119/><V50/><F122/><W2/><G77/><T57/><D117/><U42/><E0/><V54/><F75/><W110/><G110/><T90/><D107/><U4/><E4/><V109/><F118/><W9/><G101/><T131/><D131/><U52/><E70/><V112/><F112/><W27/><G35/><T14/><D38/><U132/><REACH who="1" step="1"/><E67/><REACH who="1" ten="250,240,250,250" step="2"/><V30/><F109/><W61/><G39/><T103/><D68/><U102/><E102/><V106/><F106/><W92/><G27/><T64/><D65/><U89/><E89/><N who="2" m="51335" /><F126/><W74/><G74/><T36/><D64/><U21/><E21/><V135/><F135/><W94/><REACH who="3" step="1"/><G61/><REACH who="3" ten="250,240,250,240" step="2"/><T5/><D103/><U53/><E53/><N who="2" m="32055" /><F30/><AGARI ba="0,2" hai="20,26,30,32,33,41,42,43,48,52,59,132,133,134" machi="30" ten="50,8000,1" yaku="1,1,20,1,52,1,54,1,53,0" doraHai="44" doraHaiUra="63" who="1" fromWho="2" sc="250,0,240,100,250,-80,240,0" /><INIT seed="1,0,0,5,3,48" ten="250,340,170,240" oya="1" hai0="88,6,52,43,50,65,56,87,42,132,116,24,124" hai1="27,3,23,95,55,122,18,1,126,29,90,64,17" hai2="13,80,96,49,98,25,54,57,12,0,85,99,93" hai3="81,66,9,82,114,62,104,113,91,121,40,130,135"/><U125/><E122/><V28/><F0/><W67/><G121/><T76/><D116/><U19/><E64/><V133/><F133/><W14/><G104/><T34/><D132/><U7/><E7/><V61/><F93/><W20/><G135/><T33/><D124/><N who="1" m="47723" /><E55/><V8/><F61/><W59/><G130/><T41/><D6/><U68/><E68/><V92/><F92/><W74/><G74/><T131/><D131/><U118/><E118/><V109/><F109/><W37/><G37/><T71/><D33/><U11/><E95/><V30/><F25/><W79/><G40/><T77/><D34/><U120/><E90/><V51/><F51/><W111/><G111/><T102/><D102/><U70/><E70/><V78/><REACH who="2" step="1"/><F13/><REACH who="2" ten="250,340,160,240" step="2"/><W73/><G14/><T60/><D24/><U45/><E120/><V105/><F105/><W94/><G94/><N who="0" m="54559" /><D71/><U72/><E72/><V2/><F2/><N who="1" m="521" /><E45/><V47/><F47/><W31/><G62/><T69/><D69/><U32/><E32/><V123/><F123/><W86/><G114/><T15/><D15/><AGARI ba="0,1" hai="11,15,17,18,19,23,27,29" m="521,47723" machi="15" ten="30,5800,0" yaku="18,1,34,2" doraHai="48" who="1" fromWho="0" sc="250,-58,340,68,160,0,240,0" /><INIT seed="1,1,0,0,0,105" ten="192,408,160,240" oya="1" hai0="47,113,26,123,39,61,20,102,101,2,70,74,60" hai1="77,37,88,8,89,5,120,52,4,130,42,99,131" hai2="3,112,29,16,94,96,118,13,56,85,58,22,64" hai3="107,25,23,66,121,12,95,91,18,38,35,59,124"/><U82/><E120/><V111/><F3/><W92/><G107/><T49/><D113/><U17/><E37/><V97/><F118/><W73/><G121/><T33/><D2/><U15/><E42/><V50/><F112/><W67/><G38/><T135/><D33/><U69/><E69/><V84/><F111/><W9/><G124/><T129/><D101/><U119/><E119/><V68/><F68/><W19/><G35/><T79/><D102/><U80/><E99/><V127/><F127/><W63/><G73/><T103/><D103/><U133/><E133/><V110/><F110/><W57/><G91/><N who="1" m="34890" /><E5/><V93/><F29/><W117/><G117/><T65/><D135/><U41/><E41/><V55/><F96/><W75/><G75/><T0/><D0/><U7/><E7/><V43/><F43/><W31/><G31/><T106/><D39/><U109/><E109/><V114/><F114/><W128/><G128/><N who="1" m="49194" /><E4/><V62/><REACH who="2" step="1"/><F97/><REACH who="2" ten="192,408,150,240" step="2"/><W48/><G48/><T126/><D129/><U53/><E82/><V51/><F51/><W134/><G134/><T108/><D126/><U27/><E27/><V122/><F122/><W100/><G100/><T86/><D108/><U6/><E6/><V21/><F21/><W46/><G25/><T45/><D123/><U54/><E80/><V28/><F28/><W132/><G132/><T98/><D26/><U44/><E44/><N who="0" m="16969" /><D20/><U11/><E11/><V116/><F116/><W104/><G23/><T30/><D49/><U32/><E32/><V90/><F90/><W78/><G9/><T125/><D30/><U81/><E81/><RYUUKYOKU ba="1,1" sc="192,-15,408,15,150,15,240,-15" hai1="8,15,17,52,53,54,77" hai2="13,16,22,50,55,56,58,62,64,84,85,93,94" /><INIT seed="1,2,1,4,2,110" ten="177,423,165,225" oya="1" hai0="70,66,123,36,78,35,114,30,43,52,2,83,129" hai1="23,37,113,9,50,104,34,71,15,72,48,127,85" hai2="125,118,1,121,62,16,63,128,24,0,115,61,22" hai3="107,38,86,44,135,55,100,84,47,74,26,119,68"/><U133/><E113/><V101/><F118/><W73/><G68/><T18/><D123/><U17/><E104/><V87/><F121/><W29/><G119/><T108/><D108/><U10/><E72/><V77/><F125/><W65/><G65/><T31/><D129/><U126/><E37/><V40/><F128/><W124/><G124/><N who="1" m="47658" /><E71/><V98/><F115/><W109/><G109/><T32/><D114/><U91/><E133/><V88/><F77/><W64/><G64/><T11/><D70/><U41/><E41/><V69/><F40/><W103/><G55/><T13/><D66/><U111/><E111/><V6/><F6/><W134/><G26/><T112/><D112/><U7/><E34/><V53/><F53/><W94/><G94/><T57/><D35/><U89/><E91/><V76/><F76/><W58/><G29/><T96/><D32/><U81/><E10/><V90/><F90/><W75/><G75/><T19/><D43/><U92/><E81/><V60/><N who="2" m="15872" /><DORA hai="28" /><V95/><REACH who="2" step="1"/><F69/><REACH who="2" ten="177,423,155,225" step="2"/><W27/><G135/><T131/><D131/><U59/><E59/><V45/><F45/><W99/><G134/><T120/><D120/><U8/><E7/><V33/><F33/><W79/><G58/><T46/><D46/><U80/><E80/><AGARI ba="2,2" hai="0,1,16,22,24,80,87,88,95,98,101" m="15872" machi="80" ten="50,6400,0" yaku="1,1,54,2,53,0" doraHai="110,28" doraHaiUra="102,49" who="2" fromWho="1" sc="177,0,423,-70,155,90,225,0" /><INIT seed="2,0,0,2,5,76" ten="177,353,245,225" oya="2" hai0="17,98,39,55,22,3,80,56,61,113,77,116,43" hai1="88,91,86,109,68,1,117,37,25,124,29,46,57" hai2="9,93,64,123,21,119,99,7,67,54,45,14,8" hai3="48,35,111,132,128,87,49,11,13,16,130,34,41"/><V78/><F123/><W97/><G111/><T134/><D3/><U2/><E68/><V26/><F119/><W129/><G132/><T23/><D134/><U51/><E117/><V18/><F78/><W83/><G97/><T70/><D116/><U110/><E124/><V6/><F45/><N who="3" m="25647" /><G49/><T5/><D5/><U63/><E37/><V28/><F54/><W10/><G10/><T75/><D113/><U20/><E91/><AGARI ba="0,0" hai="11,13,16,34,35,83,87,91,128,129,130" m="25647" machi="91" ten="30,3900,0" yaku="19,1,52,1,54,1" doraHai="76" who="3" fromWho="1" sc="177,0,353,-39,245,0,225,39" /><INIT seed="3,0,0,0,5,81" ten="177,314,245,264" oya="3" hai0="134,61,108,58,122,59,57,68,116,51,42,41,23" hai1="114,12,7,113,88,71,132,54,84,53,95,87,99" hai2="38,118,91,112,60,119,98,25,44,19,3,48,110" hai3="56,120,129,101,31,36,85,79,76,109,27,97,20"/><W130/><G120/><T66/><D122/><U77/><E71/><V78/><F3/><W2/><G2/><T135/><D23/><U63/><E63/><V35/><F112/><W47/><G109/><T4/><D4/><U26/><E26/><V1/><F1/><W126/><G126/><T82/><D82/><U121/><E121/><V74/><F38/><W6/><G6/><T106/><D106/><U39/><E39/><V9/><F110/><W24/><G24/><T15/><D15/><U86/><E132/><N who="0" m="50729" /><D108/><U50/><E77/><V125/><F125/><W37/><G37/><T131/><D116/><U21/><E114/><V93/><F60/><W43/><G56/><N who="0" m="21611" /><D131/><N who="3" m="50185" /><G85/><T72/><D72/><U32/><E32/><V55/><F35/><W75/><G75/><T90/><D90/><U105/><E105/><AGARI ba="0,0" hai="20,27,31,36,43,47,76,79,97,101,105" m="50185" machi="105" ten="30,1500,0" yaku="19,1" doraHai="81" who="3" fromWho="1" sc="177,0,314,-15,245,0,264,15" /><INIT seed="3,1,0,4,0,28" ten="177,299,245,279" oya="3" hai0="61,59,23,71,118,38,92,112,79,106,124,97,75" hai1="128,119,70,105,104,62,27,29,90,107,32,114,1" hai2="68,25,76,30,45,9,83,3,122,93,116,125,110" hai3="14,47,24,84,89,0,36,66,16,96,95,72,113"/><W69/><G113/><T123/><D118/><U115/><E90/><V88/><F116/><W55/><G0/><T20/><D123/><U33/><E119/><V63/><F122/><W126/><G72/><T31/><D38/><U11/><E33/><V34/><F110/><W50/><G126/><T120/><D124/><U134/><E134/><V19/><F125/><W2/><G2/><T4/><D71/><U64/><E128/><V26/><F45/><W43/><G24/><T41/><D120/><U56/><E56/><V39/><F39/><W6/><G6/><AGARI ba="1,0" hai="1,6,11,27,29,32,62,64,70,104,105,107,114,115" machi="6" ten="40,5200,0" yaku="23,2,52,1" doraHai="28" who="1" fromWho="3" sc="177,0,299,55,245,0,279,-55" owari="177,-32.0,354,45.0,245,5.0,224,-18.0" /></mjloggm>