<mjloggm ver="2.3"><GO type="169" lobby="0"/><UN n0="%65%72%61%6E%76%69%74%61" n1="%E8%A1%80%E7%85%99" n2="%E3%82%A6%E3%83%AB%E3%83%88%E3%83%A9%E7%AB%8B%E7%9B%B4" n3="%E3%81%86%E3%81%8D%E3%81%A7%E3%82%93" dan="16,16,17,17" rate="2098.11,2037.50,2203.27,2154.67" sx="M,M,M,M"/><TAIKYOKU oya="0"/><INIT seed="0,0,0,0,3,96" ten="250,250,250,250" oya="0" hai0="43,108,11,122,62,65,52,124,73,63,30,45,76" hai1="26,77,32,87,99,47,125,17,123,86,113,132,121" hai2="115,2,41,50,66,8,49,75,33,83,129,104,38" hai3="85,46,59,51,97,29,98,5,111,79,7,40,134"/><T127/><D122/><U37/><E113/><V4/><F115/><W53/><G111/><T112/><D30/><U16/><E125/><N who="0" m="48201" /><D76/><U57/><E37/><V56/><F104/><W54/><G134/><T19/><D73/><U82/><E132/><V89/><F33/><W84/><G29/><T114/><D19/><U126/><E47/><N who="2" m="23991" /><F89/><W72/><G72/><T24/><D24/><U78/><E126/><V42/><F42/><W100/><G97/><T22/><D22/><U1/><E1/><V0/><F0/><W90/><G79/><T13/><D13/><U81/><E32/><V15/><F15/><W109/><G109/><T6/><D11/><U80/><E82/><V68/><F68/><W39/><G54/><T44/><D6/><U116/><E116/><V36/><F36/><W93/><REACH who="3" step="1"/><G84/><REACH who="3" ten="250,250,250,240" step="2"/><T128/><D108/><U120/><E99/><V9/><F75/><W18/><G18/><T135/><D135/><U31/><E31/><V67/><F4/><W107/><AGARI ba="0,1" hai="5,7,39,40,46,51,53,59,85,90,93,98,100,107" machi="107" ten="20,5200,0" yaku="1,1,0,1,7,1,52,1,53,0" doraHai="96" doraHaiUra="133" who="3" fromWho="3" sc="250,-26,250,-13,250,-13,240,62" /><INIT seed="1,0,0,2,5,8" ten="224,237,237,302" oya="1" hai0="37,38,74,19,119,68,109,1,120,39,117,64,81" hai1="84,92,57,122,31,85,2,54,47,124,27,83,134" hai2="103,76,33,52,41,43,100,25,36,73,21,90,67" hai3="53,3,62,116,51,7,65,123,128,94,97,127,9"/><U129/><E2/><V69/><F33/><W34/><G123/><T107/><D120/><U32/><E122/><V72/><F67/><W55/><G127/><T91/><D109/><U105/><E124/><V10/><F69/><W48/><G128/><T95/><D107/><U82/><E129/><V35/><F35/><W60/><G34/><T13/><D1/><U66/><E134/><V125/><F72/><W104/><G104/><T102/><D102/><N who="2" m="38954" /><F76/><W93/><G116/><T126/><D126/><U118/><E118/><V12/><F36/><W42/><G42/><T110/><D110/><U114/><E114/><V26/><F73/><W78/><G78/><T130/><D130/><U14/><E105/><V20/><F90/><W80/><G80/><T106/><D106/><U5/><E47/><V99/><F99/><W77/><G77/><T22/><D81/><U121/><E66/><V88/><F88/><N who="3" m="55463" /><G94/><T46/><D74/><U4/><E121/><V115/><F115/><W15/><G3/><T63/><REACH who="0" step="1"/><D46/><REACH who="0" ten="214,237,237,302" step="2"/><U49/><E83/><V86/><F125/><W18/><G65/><T56/><D56/><U108/><E108/><V29/><F43/><W71/><G71/><T61/><D61/><N who="3" m="23657" /><G7/><T17/><D17/><U6/><E6/><N who="2" m="3159" /><F41/><W89/><G89/><T30/><D30/><U75/><E5/><V28/><F52/><AGARI ba="0,1" hai="9,15,18,48,51,52,53,55" m="23657,55463" machi="52" ten="30,7700,0" yaku="8,1,52,1,54,2" doraHai="8" who="3" fromWho="2" sc="214,0,237,0,237,-77,302,87" /><INIT seed="2,0,0,2,2,50" ten="214,237,160,389" oya="2" hai0="119,39,47,22,14,134,34,60,61,114,35,26,49" hai1="130,128,76,48,57,18,23,78,19,51,63,82,126" hai2="86,105,133,79,103,117,75,125,13,99,124,5,25" hai3="74,112,29,44,94,101,0,45,89,12,85,56,107"/><V98/><F25/><W1/><G112/><T37/><D119/><U4/><E126/><N who="2" m="48747" /><F5/><W65/><G74/><T84/><D114/><U68/><E4/><V67/><F13/><W41/><G29/><T21/><D14/><U118/><E68/><V55/><F67/><W127/><G127/><T36/><D84/><U33/><E33/><V93/><F117/><W129/><G129/><N who="1" m="49770" /><E118/><V87/><F55/><W121/><G121/><T77/><D77/><U70/><E76/><V15/><F15/><W62/><G12/><T32/><D134/><U17/><E23/><V43/><F43/><W113/><G113/><T102/><D102/><U27/><E27/><V46/><F46/><W131/><G131/><T91/><D91/><U71/><E70/><V115/><F115/><W66/><G45/><T6/><D6/><U7/><E71/><V69/><F69/><W100/><G1/><T132/><D132/><U20/><E20/><V110/><F133/><W28/><G44/><T80/><D80/><U8/><E8/><V108/><F75/><W38/><G41/><T123/><D123/><U24/><E24/><V64/><F64/><W109/><G66/><T116/><D116/><U135/><E7/><V58/><F58/><W72/><G56/><T122/><D122/><U95/><E135/><V16/><F16/><W53/><G0/><T9/><D9/><U96/><E57/><V2/><F2/><W83/><G72/><T54/><REACH who="0" step="1"/><D22/><REACH who="0" ten="204,237,160,389" step="2"/><U10/><E10/><V30/><F79/><N who="3" m="46335" /><G38/><T104/><D104/><U31/><E78/><V120/><F105/><W88/><G107/><RYUUKYOKU ba="0,1" sc="204,30,237,-10,160,-10,389,-10" hai0="21,26,32,34,35,36,37,39,47,49,54,60,61" /><INIT seed="3,1,1,3,5,97" ten="234,227,150,379" oya="3" hai0="43,57,16,102,118,133,24,106,93,123,132,134,18" hai1="45,73,58,14,114,64,60,104,129,44,54,90,15" hai2="4,75,88,29,95,87,46,77,33,68,37,11,65" hai3="53,35,3,98,115,92,22,6,21,10,61,17,103"/><W100/><G115/><T96/><D123/><U119/><E114/><V13/><F65/><W36/><G35/><T52/><D43/><U23/><E73/><V84/><F68/><W59/><G36/><T40/><D40/><U12/><E129/><V8/><F37/><W20/><REACH who="3" step="1"/><G100/><REACH who="3" ten="234,227,150,369" step="2"/><T78/><D118/><U0/><E119/><V79/><F33/><W105/><G105/><T111/><D111/><U50/><E104/><V130/><F130/><W120/><G120/><T67/><D106/><U26/><E0/><V99/><F29/><W131/><G131/><T2/><D2/><U72/><E72/><V81/><F79/><W107/><G107/><T85/><D78/><U135/><E135/><V122/><F122/><W126/><G126/><T1/><D1/><U9/><E90/><V34/><F34/><W70/><G70/><T39/><D39/><U91/><E91/><V47/><F75/><W27/><AGARI ba="1,2" hai="3,6,10,17,20,21,22,27,53,59,61,92,98,103" machi="27" ten="20,7800,0" yaku="1,1,0,1,7,1,52,1,53,0" doraHai="97" doraHaiUra="82" who="3" fromWho="3" sc="234,-27,227,-27,150,-27,369,101" /><INIT seed="3,2,0,3,4,0" ten="207,200,123,470" oya="3" hai0="49,13,70,72,104,130,35,126,34,44,121,83,65" hai1="81,80,39,38,132,6,31,110,28,124,119,36,86" hai2="100,45,55,64,118,67,115,91,10,98,96,18,40" hai3="16,59,42,73,89,120,101,117,2,129,3,51,24"/><W32/><G117/><T74/><D121/><U123/><E123/><V19/><F118/><W135/><G120/><T66/><D104/><U61/><E119/><V46/><F115/><W29/><G129/><T12/><D130/><U76/><E124/><V84/><F55/><W112/><G112/><T90/><D90/><U11/><E132/><V71/><F71/><W116/><G116/><T52/><D126/><U95/><E95/><V57/><F100/><W113/><G113/><T109/><D109/><U108/><E61/><V25/><F19/><W107/><G73/><T4/><D70/><U99/><E99/><V93/><F46/><W63/><G89/><T1/><D1/><U111/><REACH who="1" step="1"/><E80/><REACH who="1" ten="207,190,123,470" step="2"/><V128/><F128/><W68/><G63/><T88/><D35/><U97/><E97/><V94/><F98/><W131/><G32/><T56/><D34/><U37/><N who="1" m="9216" /><DORA hai="17" /><U50/><E50/><N who="2" m="26919" /><F94/><W133/><G51/><N who="0" m="30751" /><D74/><U5/><E5/><V27/><F96/><W33/><G135/><T58/><D4/><U77/><E77/><V54/><F67/><W14/><G33/><T21/><D72/><U103/><E103/><V8/><F64/><W122/><G101/><T9/><D66/><U60/><E60/><V20/><F27/><W92/><G24/><T47/><D65/><U106/><E106/><V48/><AGARI ba="2,1" hai="8,10,18,20,25,48,54,57,84,91,93" m="26919" machi="48" ten="30,2000,0" yaku="8,1,52,1" doraHai="0,17" who="2" fromWho="2" sc="207,-7,190,-7,123,36,470,-12" /><INIT seed="4,0,0,3,1,134" ten="200,183,159,458" oya="0" hai0="79,54,20,106,98,0,101,2,72,38,100,133,45" hai1="62,29,75,52,1,88,48,96,104,93,66,60,99" hai2="50,59,4,112,13,85,9,129,21,84,78,76,31" hai3="80,42,94,35,10,14,18,17,121,24,43,26,90"/><T34/><D34/><U114/><E1/><V28/><F112/><W109/><G109/><T11/><D133/><U102/><E75/><V33/><F33/><W135/><G135/><T70/><D101/><U128/><E128/><V40/><F129/><W92/><G121/><T125/><D70/><U3/><E3/><V110/><F110/><W64/><G64/><T67/><D67/><U23/><E114/><V105/><F105/><W27/><G35/><T69/><D69/><U30/><E23/><V39/><F39/><W8/><G80/><N who="0" m="45159" /><D54/><U107/><E104/><V131/><F131/><W127/><G92/><T103/><D103/><U81/><E81/><V115/><F115/><W83/><G83/><T63/><D63/><U6/><E6/><V82/><F84/><N who="3" m="52551" /><G127/><T22/><D2/><U16/><E16/><N who="3" m="6250" /><G10/><T49/><D125/><U97/><E97/><V119/><F119/><W25/><G25/><T74/><D74/><U46/><E62/><V116/><F116/><W53/><G53/><T120/><D120/><U32/><E32/><V19/><F76/><W57/><G57/><AGARI ba="0,0" hai="29,30,46,48,52,57,60,66,88,93,96,99,102,107" machi="57" ten="30,3900,0" yaku="7,1,54,2" doraHai="134" who="1" fromWho="3" sc="200,0,183,39,159,0,458,-39" /><INIT seed="5,0,0,0,2,45" ten="200,222,159,419" oya="1" hai0="120,57,41,109,61,90,4,113,76,33,132,108,95" hai1="68,35,28,79,0,87,17,2,110,42,104,102,129" hai2="103,128,114,122,126,73,98,119,88,106,85,46,37" hai3="115,54,64,131,34,1,96,82,26,71,65,101,56"/><U92/><E68/><V66/><F122/><W14/><G1/><T55/><D120/><U59/><E104/><V53/><F119/><W43/><G43/><T81/><D33/><U72/><E72/><V94/><F126/><W77/><G115/><T3/><D113/><U12/><E110/><V124/><F124/><W25/><G131/><T16/><D41/><U111/><E111/><V97/><F114/><W8/><G34/><T51/><D61/><U117/><E117/><V134/><F134/><W80/><G101/><T58/><D58/><U62/><E42/><V125/><F125/><W84/><G96/><T7/><D132/><U116/><E116/><V21/><F73/><W20/><G80/><T23/><D3/><U75/><E75/><V27/><F66/><N who="3" m="25707" /><G20/><T18/><D18/><U107/><E17/><V89/><F37/><W127/><G71/><T31/><D31/><U67/><E28/><V29/><F128/><W19/><G127/><T105/><D105/><U50/><E107/><V9/><F9/><W5/><G5/><T13/><D109/><U48/><E35/><V135/><F135/><W63/><AGARI ba="0,0" hai="8,14,19,25,26,54,56,63,77,82,84" m="25707" machi="63" ten="30,1100,0" yaku="8,1" doraHai="45" who="3" fromWho="3" sc="200,-3,222,-5,159,-3,419,11" /><INIT seed="6,0,0,0,4,57" ten="197,217,156,430" oya="2" hai0="22,101,52,21,10,44,54,125,73,104,67,75,98" hai1="110,94,15,88,134,79,113,38,39,71,53,74,2" hai2="129,96,115,19,119,70,76,85,20,124,123,87,102" hai3="109,14,50,36,25,72,95,18,12,118,42,100,114"/><V126/><F123/><W132/><G109/><T29/><D125/><N who="2" m="48234" /><F119/><W117/><G132/><T43/><D10/><U7/><E110/><V89/><F129/><W92/><G36/><T35/><D35/><U8/><E134/><V130/><F130/><W84/><G72/><T45/><D75/><U49/><E71/><V90/><F70/><W60/><G114/><T4/><D73/><U127/><E113/><V131/><F131/><W32/><G118/><T112/><D4/><U108/><E108/><V133/><F133/><W82/><G32/><T107/><D112/><U86/><E127/><V16/><F115/><W83/><G25/><T77/><D77/><U106/><E106/><N who="2" m="63815" /><F76/><W34/><G34/><T66/><D29/><U128/><E128/><V68/><F68/><W5/><G5/><T97/><D101/><U24/><E2/><V3/><F3/><W9/><G100/><T23/><D23/><U65/><E79/><V58/><F58/><W116/><G9/><T51/><D43/><U78/><E78/><V135/><F135/><W26/><G42/><T99/><D99/><U40/><E40/><V47/><F47/><W105/><G117/><T0/><D0/><U93/><E74/><V6/><F6/><W62/><G105/><T69/><D69/><U63/><E7/><V33/><F33/><W91/><G116/><T30/><D30/><U1/><E1/><V120/><F120/><W81/><G18/><N who="2" m="6697" /><F20/><W56/><G26/><T13/><D13/><U111/><E24/><V28/><F28/><W46/><G14/><T48/><AGARI ba="0,0" hai="21,22,44,45,48,51,52,54,66,67,97,98,104,107" machi="48" ten="25,6400,0" yaku="0,1,22,2,54,1" doraHai="57" who="0" fromWho="0" sc="197,64,217,-16,156,-32,430,-16" /><INIT seed="7,0,0,2,1,57" ten="261,201,124,414" oya="3" hai0="9,38,108,0,51,129,71,102,24,14,134,30,84" hai1="103,121,44,65,130,127,83,33,36,27,81,67,115" hai2="19,99,32,132,98,37,100,112,106,18,131,93,31" hai3="104,47,7,80,20,64,96,2,58,120,41,128,133"/><W17/><G120/><T94/><D38/><U95/><E121/><V26/><F37/><W74/><G128/><T79/><D0/><U126/><E130/><V113/><F131/><W73/><G104/><T10/><D108/><U66/><E115/><V75/><F75/><W48/><G96/><T35/><D71/><U28/><E103/><V25/><F132/><W78/><G133/><T86/><D134/><U76/><E95/><V123/><F123/><W90/><G90/><T110/><D110/><U77/><E44/><V52/><F25/><W88/><G88/><T119/><D10/><U97/><E97/><V59/><F112/><W5/><G73/><T40/><D79/><N who="1" m="30283" /><E36/><V46/><F46/><W72/><G72/><T82/><D94/><U49/><E49/><V34/><F34/><W4/><G2/><T85/><D102/><U53/><E53/><V69/><F69/><W11/><G11/><T116/><D129/><U42/><E42/><V125/><F125/><AGARI ba="0,0" hai="27,28,33,65,66,67,81,83,125,126,127" m="30283" machi="125" ten="30,1000,0" yaku="18,1" doraHai="57" who="1" fromWho="2" sc="261,0,201,10,124,-10,414,0" owari="261,6.0,211,-19.0,114,-39.0,414,52.0" /></mjloggm>