<mjloggm ver="2.3"><GO type="169" lobby="0"/><UN n0="%E5%99%82%E3%81%AE%E3%81%8D%E3%81%BF%E3%81%A9%E3%82%8A" n1="%77%61%77%61%33%30%33%30" n2="%E3%82%A6%E3%83%AB%E3%83%88%E3%83%A9%E7%AB%8B%E7%9B%B4" n3="%E8%8A%B1%E6%BE%A4%E9%A6%99%E8%8F%9C%E3%81%A1%E3%82%83%E3%82%93" dan="16,17,17,16" rate="2131.93,2244.34,2217.89,2075.87" sx="F,M,M,F"/><TAIKYOKU oya="0"/><INIT seed="0,0,0,5,3,97" ten="250,250,250,250" oya="0" hai0="107,28,98,54,110,8,59,67,83,34,45,91,10" hai1="118,2,71,70,60,105,49,119,5,23,74,101,15" hai2="51,13,29,103,111,96,38,89,3,11,46,129,36" hai3="72,115,56,24,44,53,31,75,128,50,9,120,93"/><T18/><D110/><U79/><E2/><V64/><F3/><W114/><G120/><T81/><D34/><U19/><E5/><V131/><F64/><W109/><G109/><T37/><D28/><U94/><E105/><V100/><F29/><W52/><G128/><N who="2" m="49225" /><F111/><W27/><G9/><T126/><D126/><U116/><E60/><V122/><F122/><W69/><G69/><T68/><D68/><U135/><E135/><V134/><F134/><W1/><G1/><T95/><D107/><U92/><E49/><V40/><F89/><W35/><G24/><T57/><D37/><N who="2" m="14442" /><F96/><W14/><G14/><N who="0" m="7495" /><D10/><U16/><E71/><V77/><F77/><W102/><G115/><T62/><D45/><U86/><E70/><V133/><F133/><W90/><G114/><T55/><D67/><U99/><E74/><V22/><F22/><W132/><G132/><T112/><D112/><U113/><E113/><V20/><F20/><W30/><G30/><T73/><D73/><U87/><E79/><V123/><F123/><W63/><G72/><T48/><AGARI ba="0,0" hai="48,54,55,57,59,62,81,83,91,95,98" m="7495" machi="48" ten="30,1500,0" yaku="8,1" doraHai="97" who="0" fromWho="0" sc="250,15,250,-5,250,-5,250,-5" /><INIT seed="0,1,0,3,2,36" ten="265,245,245,245" oya="0" hai0="45,98,64,24,48,92,113,62,14,125,122,127,109" hai1="7,8,68,97,95,87,59,112,55,41,53,56,83" hai2="5,128,47,29,21,9,110,108,116,135,4,67,2" hai3="131,30,49,46,35,115,31,63,118,57,123,79,78"/><T28/><D113/><U99/><E68/><V54/><F67/><W44/><G118/><T89/><D122/><U94/><E112/><V103/><F103/><W86/><G115/><T66/><D14/><U111/><E111/><N who="2" m="42539" /><F54/><W91/><G123/><T74/><D74/><U114/><E114/><V65/><F65/><W126/><G126/><N who="0" m="48139" /><D109/><U80/><E8/><N who="2" m="2071" /><F47/><W15/><G131/><T88/><D89/><U0/><E0/><N who="2" m="167" /><F128/><W84/><G91/><T102/><D102/><U25/><E7/><V70/><F70/><W3/><G78/><T101/><D101/><U82/><E82/><V104/><F104/><W121/><G79/><T51/><D48/><U130/><E87/><V60/><F60/><W23/><G63/><T72/><D72/><U61/><E61/><V77/><F77/><W117/><G49/><T71/><D64/><U19/><E130/><V105/><F105/><W134/><G86/><T50/><D45/><U11/><E97/><V18/><F116/><W124/><G117/><T40/><D40/><U76/><E41/><V26/><F135/><W132/><G132/><T33/><AGARI ba="1,0" hai="24,28,33,50,51,62,66,71,88,92,98" m="48139" machi="33" ten="30,3000,0" yaku="18,1,54,1" doraHai="36" who="0" fromWho="0" sc="265,33,245,-11,245,-11,245,-11" /><INIT seed="0,2,0,5,2,21" ten="298,234,234,234" oya="0" hai0="4,2,64,89,61,10,76,53,40,41,121,109,106" hai1="97,111,72,42,130,9,38,77,67,92,99,85,46" hai2="24,68,126,8,32,127,58,133,114,59,43,134,51" hai3="135,11,110,49,52,0,65,116,118,6,18,54,26"/><T86/><D121/><U79/><E72/><V36/><F68/><W30/><G110/><T69/><D106/><U16/><E111/><V31/><F114/><W132/><G65/><T125/><D109/><U96/><E130/><V5/><F36/><W94/><G94/><T108/><D108/><U102/><E67/><V25/><F43/><W15/><G116/><T34/><D125/><N who="2" m="47626" /><F51/><W112/><G118/><T83/><D34/><U14/><REACH who="1" step="1"/><E102/><REACH who="1" ten="298,224,234,234" step="2"/><V20/><F59/><W91/><G112/><T12/><D2/><U19/><E19/><N who="2" m="12319" /><F58/><W107/><G132/><T80/><D53/><U47/><E47/><V33/><F33/><W70/><G54/><T55/><D55/><U56/><E56/><V37/><F37/><W87/><G52/><T103/><D103/><U39/><E39/><V63/><F63/><W35/><G35/><T82/><D40/><U71/><E71/><V128/><F128/><W98/><G70/><T45/><D76/><U113/><E113/><V122/><F122/><W129/><G129/><T100/><D100/><U90/><AGARI ba="2,1" hai="9,14,16,38,42,46,77,79,85,90,92,96,97,99" machi="90" ten="30,7900,0" yaku="1,1,0,1,54,1,53,1" doraHai="21" doraHaiUra="81" who="1" fromWho="1" sc="298,-41,224,95,234,-22,234,-22" /><INIT seed="1,0,0,5,0,76" ten="257,319,212,212" oya="1" hai0="31,122,49,41,15,33,71,12,42,104,19,45,34" hai1="75,27,9,74,63,98,86,81,114,18,124,17,70" hai2="78,134,73,94,6,37,111,110,68,24,89,44,25" hai3="133,109,135,103,88,57,46,53,77,118,79,40,5"/><U0/><E114/><V107/><F68/><W30/><G118/><T28/><D104/><U64/><E124/><V10/><F107/><W93/><G109/><N who="2" m="41481" /><F134/><N who="3" m="51211" /><G5/><T132/><D132/><U52/><E98/><V127/><F127/><W54/><G30/><T16/><D71/><U120/><E120/><V32/><F32/><W26/><G26/><T121/><D45/><U102/><E102/><V8/><F8/><W60/><G53/><T43/><D43/><U72/><E27/><V48/><F37/><N who="3" m="21775" /><G103/><T21/><D49/><U90/><REACH who="1" step="1"/><E52/><REACH who="1" ten="257,309,212,212" step="2"/><V66/><F24/><W36/><G36/><T82/><D42/><U58/><E58/><V65/><F25/><W4/><G54/><T112/><D41/><U116/><E116/><V129/><F48/><W117/><G57/><T11/><D112/><U115/><E115/><V61/><F44/><W113/><G113/><T1/><D122/><U97/><E97/><N who="2" m="57551" /><F61/><W14/><G60/><T50/><D121/><U62/><E62/><V80/><F129/><W128/><G128/><T101/><D101/><U3/><E3/><AGARI ba="0,1" hai="3,6,10,65,66,73,78,80" m="57551,41481" machi="3" ten="30,2000,0" yaku="14,1,52,1" doraHai="76" who="2" fromWho="1" sc="257,0,309,-20,212,30,212,0" /><INIT seed="2,0,0,5,3,133" ten="257,289,242,212" oya="2" hai0="99,125,134,13,6,45,68,122,48,98,124,90,80" hai1="51,119,15,32,49,24,4,86,40,110,73,85,112" hai2="5,43,107,50,21,115,91,55,46,61,96,102,20" hai3="88,54,111,22,12,116,82,65,117,60,120,36,76"/><V58/><F115/><W29/><G120/><T131/><D68/><U129/><E73/><V63/><F5/><W31/><G36/><T128/><D134/><U94/><E112/><V62/><REACH who="2" step="1"/><F91/><REACH who="2" ten="257,289,232,212" step="2"/><W30/><G88/><T38/><D122/><U42/><E4/><V52/><F52/><W66/><G54/><N who="0" m="29967" /><D38/><AGARI ba="0,1" hai="20,21,38,43,46,50,55,58,61,62,63,96,102,107" machi="38" ten="40,2000,0" yaku="1,1,53,0" doraHai="133" doraHaiUra="130" who="2" fromWho="0" sc="257,-20,289,0,232,30,212,0" /><INIT seed="2,1,0,4,4,88" ten="237,289,262,212" oya="2" hai0="45,116,127,55,4,128,15,110,106,122,56,21,81" hai1="134,44,133,62,96,19,65,16,103,123,118,92,2" hai2="57,7,107,41,72,43,18,78,77,66,40,10,97" hai3="80,84,130,50,105,117,0,20,87,12,53,95,114"/><V26/><F72/><W38/><G38/><T17/><D122/><U54/><E2/><V13/><F107/><W46/><G117/><T22/><D106/><U52/><E118/><V61/><REACH who="2" step="1"/><F97/><REACH who="2" ten="237,289,252,212" step="2"/><W90/><G105/><T120/><D120/><U91/><E123/><V94/><F94/><W101/><G95/><T37/><D116/><U79/><E79/><V89/><F89/><W111/><G90/><T121/><D121/><U129/><E129/><V35/><F35/><W48/><G80/><T49/><D81/><U85/><E103/><V102/><F102/><W59/><G101/><T60/><D128/><U135/><E96/><V71/><F71/><W25/><G130/><T14/><D127/><U34/><E34/><V36/><F36/><W11/><G87/><T115/><D37/><U39/><E39/><V100/><F100/><W51/><G84/><T108/><D115/><U119/><E119/><V132/><F132/><W109/><G114/><T23/><D110/><U9/><E9/><V82/><F82/><W64/><G11/><N who="0" m="4455" /><D108/><U42/><E42/><AGARI ba="1,1" hai="15,17,21,22,23,42,45,49,55,56,60" m="4455" machi="42" ten="30,1000,0" yaku="8,1" doraHai="88" who="0" fromWho="1" sc="237,23,289,-13,252,0,212,0" /><INIT seed="3,0,0,2,1,3" ten="260,276,252,212" oya="3" hai0="67,38,71,55,119,85,134,40,101,63,34,82,113" hai1="6,94,103,115,73,24,75,27,51,116,66,29,35" hai2="106,108,42,22,1,111,126,25,79,91,16,36,117" hai3="133,47,9,28,31,96,131,33,10,88,64,46,8"/><W15/><G133/><T0/><D119/><U99/><E115/><V13/><F106/><W105/><G131/><T97/><D134/><U132/><E132/><V17/><F79/><W18/><G64/><T62/><D34/><U129/><E66/><V54/><F42/><W48/><G105/><T121/><D0/><U68/><E68/><V109/><F36/><W112/><G112/><T87/><D121/><U57/><E129/><V118/><F1/><W60/><G60/><T32/><D32/><U83/><E83/><V11/><F126/><W70/><G70/><T50/><D63/><U86/><E86/><V72/><F72/><W123/><G123/><T49/><D49/><U12/><E27/><V20/><F91/><W128/><G128/><T125/><D125/><U120/><E116/><N who="2" m="44651" /><F54/><N who="3" m="29975" /><G47/><T127/><D127/><U100/><E120/><V98/><F98/><W52/><G33/><T58/><D82/><U61/><E73/><V44/><F44/><W92/><G52/><N who="0" m="32023" /><D113/><U4/><E75/><V90/><F90/><W30/><AGARI ba="0,0" hai="8,9,10,15,18,28,30,31,88,92,96" m="29975" machi="30" ten="30,3000,0" yaku="8,1,54,1" doraHai="3" who="3" fromWho="3" sc="260,-10,276,-10,252,-10,212,30" /><INIT seed="3,1,0,2,2,67" ten="250,266,242,242" oya="3" hai0="34,14,87,61,10,97,35,22,134,118,85,2,8" hai1="113,65,76,88,40,3,115,82,26,127,102,103,74" hai2="41,25,38,51,37,112,89,64,125,128,129,27,122" hai3="98,53,1,90,21,80,66,135,124,131,106,43,0"/><W57/><G106/><T93/><D118/><U31/><E3/><V5/><F112/><W79/><G124/><T48/><D2/><U59/><E127/><V7/><F125/><W111/><G131/><N who="2" m="50249" /><F89/><W100/><G135/><T17/><D35/><U121/><E121/><V119/><F119/><W60/><G43/><T86/><D34/><U114/><E40/><V56/><F122/><W109/><G21/><T42/><D134/><U13/><E13/><V20/><F27/><W110/><G66/><T92/><D61/><U95/><E59/><V24/><F24/><W52/><G53/><T78/><D78/><U116/><E65/><V9/><F64/><W15/><G15/><T58/><D92/><U83/><E83/><V39/><F9/><W18/><G18/><T96/><D96/><U105/><E105/><V36/><F36/><W84/><G100/><T133/><D133/><U91/><E91/><V19/><F56/><W81/><G98/><T12/><D12/><U72/><E72/><AGARI ba="1,0" hai="0,1,52,57,60,72,79,80,81,84,90,109,110,111" machi="72" ten="40,7700,0" yaku="14,1,10,1,54,1" doraHai="67" who="3" fromWho="1" sc="250,0,266,-80,242,0,242,80" /><INIT seed="3,2,0,5,2,86" ten="250,186,242,322" oya="3" hai0="108,119,93,39,50,0,8,21,94,43,57,90,106" hai1="1,26,18,75,7,81,97,17,88,118,59,65,98" hai2="83,115,104,69,122,9,133,42,95,38,123,2,73" hai3="71,84,20,47,49,111,78,63,121,64,100,117,54"/><W6/><G121/><T82/><D108/><U124/><E124/><V14/><F104/><W101/><G117/><T74/><D106/><U19/><E118/><V53/><F69/><W4/><G111/><T70/><D70/><U41/><E41/><V62/><F115/><W22/><G4/><T125/><D21/><U15/><E1/><V13/><F133/><W128/><G6/><T110/><D110/><U32/><E32/><V37/><F2/><W55/><G128/><T58/><D125/><U68/><E68/><V36/><F42/><W44/><G20/><T23/><D23/><U131/><E75/><V28/><F28/><W96/><G22/><T114/><D94/><U135/><E26/><V80/><F73/><W89/><G78/><N who="0" m="44375" /><D50/><U29/><E29/><V79/><F79/><W33/><G33/><T40/><D40/><U51/><E131/><V77/><F77/><W129/><G96/><N who="0" m="57399" /><D114/><U31/><E31/><V116/><F116/><W102/><G129/><T3/><D3/><U5/><E135/><V112/><F112/><W92/><REACH who="3" step="1"/><G55/><REACH who="3" ten="250,186,242,312" step="2"/><T24/><D119/><U109/><E109/><V34/><F34/><W61/><G61/><T25/><D25/><U56/><E98/><V107/><F53/><W48/><G48/><T30/><D24/><U105/><E51/><V16/><F62/><W52/><G52/><T11/><D30/><U134/><E134/><V120/><F14/><W35/><G35/><T12/><D12/><U72/><E15/><V45/><F13/><W46/><AGARI ba="2,1" hai="44,46,47,49,54,63,64,71,84,89,92,100,101,102" machi="46" ten="30,11700,0" yaku="1,1,0,1,52,1,53,1" doraHai="86" doraHaiUra="60" who="3" fromWho="3" sc="250,-41,186,-41,242,-41,312,133" /><INIT seed="3,3,0,3,2,96" ten="209,145,201,445" oya="3" hai0="84,102,59,73,14,33,79,1,74,8,32,53,48" hai1="12,67,87,2,23,104,63,17,34,82,85,0,10" hai2="86,107,77,21,127,54,3,72,91,45,117,5,75" hai3="125,128,51,103,68,99,65,29,39,47,46,78,13"/><W6/><G125/><T36/><D1/><U57/><E34/><V89/><F117/><W11/><G39/><T118/><D36/><U132/><E104/><V113/><F113/><W88/><G128/><T18/><D118/><U30/><E132/><V4/><F127/><W16/><G78/><T69/><D69/><U43/><E43/><V124/><F124/><W93/><G29/><T52/><D84/><U95/><E85/><V114/><F114/><W108/><G108/><T71/><D71/><U61/><E95/><V50/><F107/><W115/><G115/><T109/><D109/><U44/><E44/><N who="3" m="16938" /><G68/><T49/><D102/><U55/><E30/><V105/><F105/><W122/><G65/><T40/><D40/><U97/><E97/><V123/><F123/><W106/><G106/><T92/><D92/><U121/><E121/><V110/><F3/><W101/><G122/><T130/><D130/><U98/><E98/><V100/><F110/><W27/><G51/><T56/><D79/><U64/><E64/><V83/><F75/><AGARI ba="3,0" hai="8,14,18,32,33,48,49,52,53,56,59,73,74,75" machi="75" ten="40,2600,0" yaku="9,1,54,1" doraHai="96" who="0" fromWho="2" sc="209,35,145,0,201,-35,445,0" /><INIT seed="4,0,0,0,4,53" ten="244,145,166,445" oya="0" hai0="28,70,89,26,117,92,20,90,59,51,84,67,86" hai1="109,88,39,13,32,44,94,50,0,99,43,105,96" hai2="27,130,116,45,2,95,103,9,71,125,126,80,15" hai3="82,122,111,57,77,12,110,112,79,63,29,87,7"/><T114/><D114/><U69/><E0/><V131/><F71/><W135/><G112/><T48/><D117/><U129/><E32/><V31/><F80/><W35/><G122/><T37/><D70/><U134/><E109/><V78/><F78/><W5/><G77/><T106/><D106/><U22/><E69/><V68/><F68/><W118/><G118/><T4/><D37/><U75/><E75/><V104/><F104/><W18/><G135/><T17/><D4/><U14/><E134/><V65/><F65/><W132/><G132/><T11/><D11/><U121/><E129/><N who="2" m="49163" /><F45/><W58/><G110/><T30/><D51/><U108/><E108/><V107/><F95/><W33/><G33/><T54/><REACH who="0" step="1"/><D67/><REACH who="0" ten="234,145,166,445" step="2"/><U64/><E64/><V21/><F116/><W98/><G5/><T83/><AGARI ba="0,1" hai="17,20,26,28,30,48,54,59,83,84,86,89,90,92" machi="83" ten="20,18000,2" yaku="1,1,2,1,0,1,7,1,8,1,52,1,53,0" doraHai="53" doraHaiUra="56" who="0" fromWho="0" sc="234,190,145,-60,166,-60,445,-60" /><INIT seed="4,1,0,4,4,67" ten="424,85,106,385" oya="0" hai0="74,130,111,73,112,16,30,55,7,20,5,56,27" hai1="78,93,25,36,91,14,94,58,81,124,54,50,6" hai2="86,128,34,129,49,9,126,22,51,120,13,52,68" hai3="117,82,70,32,133,19,42,72,135,45,87,99,116"/><T104/><D112/><U46/><E124/><V105/><F34/><W39/><G32/><T59/><D130/><N who="2" m="50282" /><F105/><W40/><G40/><T44/><D104/><U60/><E36/><V0/><F120/><W12/><G72/><T3/><D111/><U132/><E132/><N who="3" m="50762" /><G99/><T134/><D134/><U62/><E62/><V64/><F0/><W90/><G70/><T80/><D44/><U71/><E71/><V31/><F51/><W33/><G33/><T84/><D74/><U17/><E25/><N who="2" m="16823" /><F86/><W21/><AGARI ba="1,0" hai="12,19,21,39,42,45,82,87,90,116,117" m="50762" machi="21" ten="30,1100,0" yaku="20,1" doraHai="67" who="3" fromWho="3" sc="424,-6,85,-4,106,-4,385,14" /><INIT seed="5,0,0,5,2,50" ten="418,81,102,399" oya="1" hai0="1,128,120,17,91,96,107,94,5,6,131,2,86" hai1="24,87,65,9,95,61,0,76,97,46,22,92,40" hai2="125,75,130,34,82,42,88,106,44,7,113,49,41" hai3="116,43,36,79,74,3,127,109,133,78,93,10,33"/><U26/><E0/><N who="0" m="105" /><D120/><U18/><E9/><V35/><F106/><W4/><G109/><T89/><D17/><U15/><E92/><V81/><F7/><N who="0" m="2570" /><D107/><U98/><E97/><V132/><F132/><W13/><G116/><T110/><D110/><U124/><E124/><V105/><F130/><N who="0" m="49706" /><D86/><U54/><E87/><V71/><F105/><W45/><G127/><T108/><D108/><U68/><E76/><V27/><F125/><W48/><G133/><T19/><D19/><U100/><REACH who="1" step="1"/><E54/><REACH who="1" ten="418,71,102,399" step="2"/><V112/><F81/><N who="3" m="45271" /><G93/><T134/><D134/><U114/><E114/><V56/><F113/><W111/><G79/><T72/><D72/><U57/><E57/><V30/><F56/><W21/><G111/><T11/><D11/><U55/><E55/><V47/><F112/><W58/><G58/><T83/><D83/><U29/><E29/><V59/><F59/><W69/><G10/><T104/><D104/><U115/><E115/><V77/><F88/><AGARI ba="0,1" hai="88,89,91,94,96" m="49706,2570,105" machi="88" ten="40,2600,0" yaku="19,1,54,1" doraHai="50" who="0" fromWho="2" sc="418,36,71,0,102,-26,399,0" /><INIT seed="6,0,0,3,5,125" ten="454,71,76,399" oya="2" hai0="33,65,35,54,75,52,15,86,50,83,101,22,62" hai1="130,70,115,132,28,116,14,80,24,58,36,51,42" hai2="74,122,23,17,72,7,89,55,96,121,113,27,26" hai3="4,16,94,20,77,66,99,30,134,21,87,103,114"/><V78/><F113/><W133/><G114/><T12/><D75/><U93/><E115/><V82/><F72/><W81/><G66/><T128/><D128/><U107/><E107/><V106/><F7/><W67/><G67/><T123/><D123/><U37/><E70/><V25/><F55/><W19/><G30/><T48/><D35/><U90/><E116/><V102/><REACH who="2" step="1"/><F89/><REACH who="2" ten="454,71,66,399" step="2"/><W59/><G4/><T100/><D54/><U38/><E132/><V85/><F85/><W112/><G112/><T111/><D52/><U39/><E130/><V119/><F119/><W104/><G134/><T131/><D86/><U45/><E80/><V44/><F44/><W110/><G133/><T11/><D83/><U126/><E126/><V34/><F34/><W40/><G87/><T63/><D131/><U6/><E6/><V69/><F69/><W9/><G81/><T84/><D33/><U71/><E71/><V1/><F1/><W13/><G77/><T95/><D84/><U135/><E135/><V41/><F41/><W88/><G40/><T92/><D65/><U73/><E73/><V79/><F79/><W68/><G68/><T91/><D91/><U47/><E58/><V10/><F10/><W56/><G9/><T2/><D2/><U118/><E118/><V120/><AGARI ba="0,1" hai="17,23,25,26,27,74,78,82,96,102,106,120,121,122" machi="120" ten="30,3000,0" yaku="1,1,0,1,53,0" doraHai="125" doraHaiUra="3" who="2" fromWho="2" sc="454,-10,71,-10,66,40,399,-10" /><INIT seed="6,1,0,5,0,24" ten="444,61,106,389" oya="2" hai0="40,101,71,73,133,63,60,76,111,18,91,16,85" hai1="72,66,62,134,100,74,10,128,22,52,9,19,65" hai2="135,37,44,21,34,123,79,4,92,56,51,113,69" hai3="116,0,31,1,130,95,54,46,29,81,6,39,48"/><V20/><F123/><W41/><G116/><T8/><D111/><U64/><E134/><V126/><F34/><W89/><G130/><T96/><D40/><U12/><E128/><V117/><F117/><W42/><G0/><T82/><D133/><U107/><E107/><V53/><F135/><W45/><G81/><T77/><D71/><U5/><E100/><V35/><F35/><W121/><G121/><T32/><D32/><U110/><E110/><V106/><F106/><W97/><REACH who="3" step="1"/><G54/><REACH who="3" ten="444,61,106,379" step="2"/><T30/><D30/><U7/><E72/><V114/><F53/><W67/><G67/><T109/><D109/><U70/><E74/><V28/><F28/><W50/><G50/><T94/><D76/><U120/><E120/><V132/><F51/><W99/><G99/><T125/><D125/><U49/><E70/><V105/><F79/><W61/><G61/><T59/><D63/><U90/><E62/><V33/><F69/><W129/><G129/><T127/><D127/><U84/><E49/><V88/><F126/><W2/><G2/><T23/><D60/><U55/><E55/><V17/><F132/><W87/><G87/><T3/><D85/><U118/><E118/><V43/><F37/><W26/><G26/><T93/><D77/><U75/><E75/><V83/><F83/><W86/><G86/><T122/><D82/><N who="1" m="49431" /><E52/><V108/><F108/><W47/><G47/><T58/><D73/><U15/><E66/><V80/><F44/><W119/><G119/><T25/><D122/><U115/><E115/><V14/><F114/><W103/><G103/><T112/><D101/><RYUUKYOKU ba="1,1" sc="444,-15,61,15,106,-15,379,15" hai1="5,7,9,10,12,15,19,22,64,65" hai3="1,6,29,31,39,41,42,45,46,48,89,95,97" /><INIT seed="7,2,1,2,5,101" ten="429,76,91,394" oya="3" hai0="64,26,27,92,19,90,34,43,86,63,87,81,65" hai1="83,29,132,22,133,95,21,56,109,5,16,11,73" hai2="127,4,52,17,38,9,48,119,105,36,58,3,71" hai3="98,46,104,84,97,99,59,60,102,1,89,100,0"/><W126/><G126/><T110/><D110/><U10/><E109/><V117/><F105/><W76/><G76/><N who="0" m="46375" /><D43/><U23/><E73/><V37/><F127/><W131/><G131/><T78/><D34/><U14/><E83/><V72/><F72/><W69/><G69/><T40/><D78/><U7/><E95/><V93/><F71/><W79/><G79/><T96/><D40/><U134/><E56/><V74/><F74/><W61/><G46/><T116/><D116/><U2/><E29/><V57/><F17/><AGARI ba="2,1" hai="2,5,7,10,11,14,16,17,21,22,23,132,133,134" machi="17" ten="50,8000,1" yaku="20,1,34,3,54,1" doraHai="101" who="1" fromWho="2" sc="429,0,76,96,91,-86,394,0" owari="429,53.0,172,-23.0,5,-49.0,394,19.0" /></mjloggm>