<mjloggm ver="2.3"><GO type="97" lobby="0"/><UN n0="%E3%81%82%E3%81%8D%E3%82%89" n1="%E3%82%86%E3%81%86%E3%81%B1" n2="%E3%81%A9%E3%81%B6%E3%81%B8%E3%81%84" n3="%E5%B0%B1%E6%B4%BB%E7%94%9F%40%E5%B7%9D%E6%9D%91%E8%BB%8D%E5%9B%A3" dan="15,14,13,14" rate="2042.97,1872.64,1863.40,2033.68" sx="M,M,M,M"/><TAIKYOKU oya="0"/><INIT seed="0,0,0,1,1,31" ten="250,250,250,250" oya="0" hai0="65,121,83,61,99,123,124,3,87,42,89,40,52" hai1="41,0,49,6,15,54,122,13,110,22,82,29,56" hai2="11,76,100,23,95,96,4,43,58,69,26,37,59" hai3="70,55,84,88,62,45,129,9,93,67,116,48,114"/><T118/><D118/><U16/><E110/><V68/><F76/><W119/><G129/><T92/><D3/><U18/><E122/><V51/><F37/><W7/><REACH who="3" step="1"/><G114/><REACH who="3" ten="250,250,250,240" step="2"/><T117/><D123/><U135/><E135/><V57/><F68/><W90/><G90/><T60/><D121/><U106/><E106/><V46/><F69/><W80/><G80/><T24/><D117/><U102/><E102/><V85/><F85/><W94/><G94/><T36/><D83/><U10/><E82/><V25/><REACH who="2" step="1"/><F23/><REACH who="2" ten="250,250,240,240" step="2"/><W71/><G71/><T73/><D87/><U34/><E34/><V44/><F44/><W5/><G5/><T125/><D125/><U133/><E133/><V66/><F66/><W8/><G8/><T32/><D65/><U101/><E6/><V38/><F38/><W128/><G128/><T103/><D36/><U120/><E120/><V63/><F63/><W130/><G130/><T35/><D61/><U78/><E78/><V12/><AGARI ba="0,2" hai="4,11,12,25,26,43,46,51,57,58,59,95,96,100" machi="12" ten="30,7900,0" yaku="1,1,0,1,8,1,53,1" doraHai="31" doraHaiUra="2" who="2" fromWho="2" sc="250,-39,250,-20,240,99,240,-20" /><INIT seed="1,0,0,1,4,41" ten="211,230,339,220" oya="1" hai0="33,46,95,61,89,132,88,53,81,39,10,67,79" hai1="55,117,133,114,74,71,68,44,83,24,102,131,62" hai2="82,104,115,54,77,52,3,8,75,27,16,20,108" hai3="19,5,106,23,11,25,58,13,31,22,86,59,30"/><U65/><E114/><V29/><F115/><W93/><G106/><T127/><D33/><U98/><E117/><V105/><F108/><W72/><G72/><T99/><D127/><U109/><E133/><V107/><REACH who="2" step="1"/><F29/><REACH who="2" ten="211,230,329,220" step="2"/><W6/><G31/><T78/><D132/><U110/><E131/><V35/><F35/><W91/><REACH who="3" step="1"/><G5/><AGARI ba="0,1" hai="3,5,8,16,20,27,52,54,75,77,82,104,105,107" machi="5" ten="40,8000,1" yaku="1,1,54,2,53,1" doraHai="41" doraHaiUra="1" who="2" fromWho="3" sc="211,0,230,0,329,90,220,-80" /><INIT seed="2,0,0,2,0,97" ten="211,230,419,140" oya="2" hai0="94,73,115,133,70,84,60,43,119,35,3,32,46" hai1="53,30,12,106,81,123,37,100,63,104,90,75,93" hai2="0,132,80,92,98,1,112,76,26,29,55,130,124" hai3="72,117,27,77,114,113,62,89,39,40,88,14,38"/><V99/><F112/><N who="3" m="43115" /><G117/><T31/><D73/><U120/><E37/><N who="3" m="13834" /><G40/><T83/><D3/><U74/><E30/><V96/><F132/><W57/><G27/><T49/><D119/><U47/><E12/><V61/><F130/><W16/><G77/><T36/><D133/><U50/><E63/><V11/><F124/><W68/><G72/><T13/><D115/><U33/><E33/><V91/><F0/><W118/><G68/><T87/><D36/><U58/><E75/><V111/><F111/><W86/><G118/><T59/><D70/><U48/><E74/><V17/><F76/><W127/><G127/><T108/><D108/><U67/><E81/><V116/><F80/><W122/><G122/><N who="1" m="46634" /><E67/><V2/><F116/><W19/><G86/><T15/><D32/><U25/><E25/><V7/><F1/><W56/><G56/><T22/><D35/><U103/><E104/><V95/><F95/><W24/><G24/><N who="0" m="16791" /><D94/><U65/><E106/><V128/><F128/><W134/><G134/><T54/><D84/><N who="1" m="52423" /><E65/><V64/><F55/><AGARI ba="0,0" hai="47,48,50,53,55,58,100,103" m="52423,46634" machi="55" ten="30,3900,0" yaku="13,1,52,2" doraHai="97" who="1" fromWho="2" sc="211,0,230,39,419,-39,140,0" /><INIT seed="3,0,0,0,2,47" ten="211,269,380,140" oya="3" hai0="110,125,90,89,32,58,48,104,107,135,72,121,53" hai1="132,79,9,80,118,40,56,57,26,8,66,98,95" hai2="134,18,101,21,61,119,73,64,82,11,122,17,97" hai3="51,15,59,12,85,86,44,27,129,63,120,4,25"/><W20/><G120/><T10/><D121/><U127/><E132/><V65/><F134/><W114/><G114/><T99/><D32/><U91/><E127/><V69/><F119/><W23/><G129/><T75/><D135/><U133/><E133/><V131/><F65/><W34/><G34/><T87/><D125/><U96/><E118/><V60/><F60/><W30/><G4/><T71/><D71/><U81/><E40/><V78/><F131/><W52/><G15/><T62/><D110/><U43/><E43/><V68/><F122/><W106/><G12/><T54/><D75/><U7/><E98/><V22/><F11/><W109/><G106/><T92/><D72/><U35/><E9/><V102/><F69/><W84/><G109/><T55/><D10/><U105/><E105/><V111/><F111/><W1/><G1/><T88/><D90/><U16/><E66/><V45/><F45/><W33/><REACH who="3" step="1"/><G25/><REACH who="3" ten="211,269,380,130" step="2"/><T115/><D115/><U116/><E35/><V0/><F0/><W39/><G39/><T19/><D107/><U93/><E26/><V28/><F17/><W2/><G2/><T100/><D19/><U128/><E128/><V36/><F36/><W112/><G112/><T94/><D62/><U42/><E116/><V50/><F61/><W38/><G38/><T46/><D104/><U31/><E16/><V117/><F18/><W6/><G6/><T37/><D37/><U77/><E7/><V74/><F117/><W70/><G70/><T126/><D126/><U113/><E113/><V83/><F68/><W5/><G5/><T3/><D3/><RYUUKYOKU ba="0,1" sc="211,-10,269,-10,380,-10,130,30" hai3="20,23,27,30,33,44,51,52,59,63,84,85,86" /><INIT seed="3,1,1,1,4,72" ten="201,259,370,160" oya="3" hai0="125,52,127,130,34,16,30,107,117,44,102,114,108" hai1="21,103,73,101,83,121,91,76,23,95,63,50,46" hai2="39,85,106,104,61,12,26,94,11,70,47,48,118" hai3="98,86,65,99,115,55,27,41,71,40,97,64,79"/><W10/><G115/><T36/><D117/><U1/><E121/><V82/><F118/><W119/><G119/><T135/><D114/><U77/><E1/><V51/><F39/><W122/><G122/><T17/><D108/><U58/><E76/><V2/><F2/><W113/><G113/><T133/><D130/><U3/><E3/><V4/><F94/><W69/><G69/><T42/><D34/><U112/><E103/><V59/><F70/><W24/><G71/><T31/><D107/><U57/><E57/><V60/><F106/><W126/><G10/><T8/><D102/><U74/><E73/><V129/><F129/><W0/><G0/><T66/><D66/><N who="3" m="25705" /><G55/><T80/><D80/><U84/><E112/><V93/><F104/><W100/><G100/><T134/><D52/><U13/><E101/><V120/><F93/><W123/><G123/><T56/><D56/><U132/><E132/><V37/><F37/><W96/><N who="3" m="25088" /><DORA hai="9" /><W18/><G126/><N who="0" m="48139" /><D8/><U49/><E50/><N who="2" m="18987" /><F120/><W88/><G79/><T45/><D45/><U7/><E7/><V124/><F124/><W25/><G18/><AGARI ba="1,1" hai="16,17,18,30,31,36,42,44,133,134,135" m="48139" machi="18" ten="40,5200,0" yaku="20,1,18,1,54,1" doraHai="72,9" who="0" fromWho="3" sc="201,65,259,0,370,0,160,-55" owari="266,7.0,259,-14.0,370,46.0,105,-39.0" /></mjloggm>