<mjloggm ver="2.3"><GO type="97" lobby="0"/><UN n0="%E8%B5%A4%E7%9C%BC%E9%87%8E%E9%83%8E" n1="%E6%89%8B%E5%BD%B9%E3%82%A2%E3%83%BC%E3%83%86%E3%82%A3%E3%82%B9%E3%83%88" n2="%E3%83%88%E3%83%88%E3%83%AA%E5%85%88%E7%94%9F%31%39%E6%AD%B3" n3="%74%61%6B%65%2D%79%6F%75" dan="14,15,15,15" rate="1903.38,1943.12,2054.85,2048.54" sx="M,M,F,M"/><TAIKYOKU oya="0"/><INIT seed="0,0,0,2,4,107" ten="250,250,250,250" oya="0" hai0="110,118,67,133,53,7,134,3,24,104,126,41,18" hai1="102,117,114,135,113,122,23,22,82,112,100,121,30" hai2="111,125,40,45,61,43,128,20,109,51,27,0,115" hai3="132,2,120,15,79,57,52,76,56,44,89,127,47"/><T11/><D104/><U54/><E54/><V123/><F115/><W72/><G2/><T73/><D118/><U129/><E117/><V63/><F123/><N who="1" m="47113" /><E129/><V58/><F0/><W68/><G120/><T119/><D119/><U85/><E135/><N who="0" m="51721" /><D67/><U130/><E130/><V59/><F125/><W81/><G68/><T84/><D126/><U34/><E34/><V60/><F128/><W91/><G127/><T10/><D41/><U21/><E30/><V101/><F101/><N who="1" m="39017" /><E85/><V16/><REACH who="2" step="1"/><F40/><REACH who="2" ten="250,250,240,250" step="2"/><W64/><G132/><T98/><D3/><U62/><E82/><V92/><F92/><W9/><G81/><T46/><D110/><AGARI ba="0,1" hai="16,20,27,43,45,51,58,59,60,61,63,109,110,111" machi="110" ten="40,8000,1" yaku="1,1,14,1,54,1,53,1" doraHai="107" doraHaiUra="19" who="2" fromWho="0" sc="250,-80,250,0,240,90,250,0" /><INIT seed="1,0,0,5,3,69" ten="170,250,330,250" oya="1" hai0="89,29,92,95,108,87,86,106,100,41,81,113,45" hai1="66,19,111,48,37,97,39,4,47,109,11,114,46" hai2="102,128,17,134,20,112,59,6,8,3,107,14,25" hai3="64,22,117,63,21,133,115,110,122,62,125,74,28"/><U34/><E34/><V56/><F128/><W71/><G74/><T23/><D113/><U85/><E114/><V119/><F119/><W30/><G115/><T16/><D29/><N who="3" m="11369" /><G122/><T2/><D2/><U78/><E66/><V68/><F68/><W13/><G71/><T27/><D108/><N who="1" m="41547" /><E97/><V73/><F73/><W84/><G110/><T105/><D100/><U123/><E19/><V18/><F134/><W65/><G133/><T129/><D129/><U99/><E99/><V53/><F112/><W116/><G84/><T67/><D67/><N who="3" m="25673" /><G125/><T90/><REACH who="0" step="1"/><D81/><REACH who="0" ten="160,250,330,250" step="2"/><N who="1" m="47287" /><E123/><V101/><F101/><W24/><G117/><T91/><D91/><U98/><E98/><V75/><F102/><W51/><G116/><T127/><D127/><U76/><E76/><V43/><F107/><W126/><G126/><T88/><D88/><U79/><E79/><V70/><F70/><W120/><G120/><T40/><D40/><N who="1" m="24679" /><E46/><V104/><F104/><W94/><G94/><T131/><D131/><U121/><E121/><V72/><F43/><W31/><G31/><T12/><D12/><AGARI ba="0,1" hai="4,11,12,37,39" m="24679,47287,41547" machi="12" ten="30,12000,1" yaku="25,1,14,1,10,1,52,2" doraHai="69" who="1" fromWho="0" sc="160,-120,250,130,330,0,250,0" /><INIT seed="1,1,0,0,3,16" ten="40,380,330,250" oya="1" hai0="100,54,120,10,85,32,116,49,112,129,80,88,56" hai1="11,105,63,0,123,44,108,77,21,83,9,87,104" hai2="13,29,5,103,7,1,58,68,82,50,125,39,128" hai3="48,107,72,111,52,75,37,43,91,86,41,73,118"/><U78/><E123/><V89/><F68/><W47/><G107/><T124/><D32/><U33/><E33/><V84/><F39/><W59/><G111/><T2/><D112/><U132/><E132/><V115/><F1/><W45/><G118/><T40/><D116/><U60/><E108/><V92/><F115/><W119/><G119/><T70/><D70/><U53/><E78/><V127/><F128/><W134/><G134/><T64/><D120/><U106/><E0/><V135/><F135/><W114/><G114/><T102/><D129/><U3/><E3/><V30/><F103/><W126/><G126/><N who="2" m="48137" /><F13/><W69/><G69/><T71/><D124/><U61/><REACH who="1" step="1"/><E21/><REACH who="1" ten="40,370,330,250" step="2"/><V19/><F30/><W24/><G24/><T99/><D2/><U113/><E113/><V35/><F29/><W93/><REACH who="3" step="1"/><G73/><REACH who="3" ten="40,370,330,240" step="2"/><T131/><D131/><U133/><E133/><V121/><F121/><W97/><G97/><T31/><D99/><U66/><E66/><V95/><F35/><W110/><G110/><T81/><D64/><U117/><E117/><V22/><F84/><W25/><G25/><T51/><D85/><U4/><E4/><V6/><F5/><W17/><G17/><T12/><D31/><U46/><E46/><V26/><F6/><W28/><G28/><T101/><D71/><U14/><E14/><V8/><F7/><W62/><AGARI ba="1,2" hai="37,41,43,45,47,48,52,59,62,72,75,86,91,93" machi="62" ten="20,5200,0" yaku="1,1,0,1,7,1,54,1,53,0" doraHai="16" doraHaiUra="74" who="3" fromWho="3" sc="40,-14,370,-27,330,-14,240,75" /><INIT seed="2,0,0,4,5,102" ten="26,343,316,315" oya="2" hai0="92,0,135,40,4,14,133,89,6,62,81,60,79" hai1="95,91,39,134,96,108,80,5,44,120,83,21,61" hai2="87,123,49,35,119,55,129,82,69,58,59,54,99" hai3="63,32,115,50,78,68,20,22,28,16,110,23,19"/><V116/><F123/><W51/><G32/><T64/><D0/><U113/><E113/><V25/><F69/><W52/><G110/><T103/><D40/><U12/><E108/><V117/><F129/><W37/><G37/><T77/><D14/><U76/><E120/><V101/><F35/><W65/><G115/><T98/><D64/><U18/><E134/><V104/><F25/><W107/><G107/><T84/><D62/><U126/><E126/><V114/><F114/><W121/><G121/><T70/><D60/><U17/><E61/><V130/><F130/><W97/><G78/><T131/><D70/><U94/><E94/><V43/><F43/><W42/><G97/><T127/><D6/><U29/><E29/><V36/><F36/><W128/><G128/><T124/><D4/><U10/><E39/><V27/><F27/><W53/><G28/><T2/><D2/><U72/><E44/><V26/><F26/><W93/><G93/><T7/><D7/><U112/><E83/><V118/><F118/><W100/><G100/><T3/><D3/><U41/><E41/><V67/><F67/><W8/><G42/><T47/><D47/><U74/><E112/><V90/><REACH who="2" step="1"/><F49/><REACH who="2" ten="26,343,306,315" step="2"/><W30/><G30/><T33/><D33/><U125/><E125/><V85/><F85/><W88/><G50/><T132/><D131/><U71/><E71/><V24/><F24/><W48/><G51/><T109/><D109/><U122/><E122/><V11/><F11/><W1/><G48/><T111/><D111/><U38/><E38/><V34/><F34/><W31/><G31/><RYUUKYOKU ba="0,1" sc="26,15,343,-15,306,15,315,-15" hai0="77,79,81,84,89,92,98,103,124,127,132,133,135" hai2="54,55,58,59,82,87,90,99,101,104,116,117,119" /><INIT seed="2,1,1,5,4,118" ten="41,328,321,300" oya="2" hai0="97,11,67,39,31,26,119,2,6,18,103,92,4" hai1="124,105,30,17,28,64,130,113,104,19,21,134,112" hai2="108,87,58,29,91,38,49,0,35,14,117,94,121" hai3="13,40,54,3,36,48,51,5,100,75,133,85,24"/><V57/><F117/><W82/><G36/><T120/><D119/><U47/><E124/><V102/><F0/><W95/><G3/><T131/><D39/><U110/><E110/><V127/><F38/><W43/><G75/><T41/><D41/><N who="3" m="15945" /><G133/><T27/><D67/><U106/><E134/><V34/><F121/><W72/><G72/><T84/><D131/><U76/><E47/><V89/><F127/><W135/><G135/><T32/><D84/><U7/><E130/><V126/><F126/><W60/><G24/><T23/><D97/><U73/><E64/><V15/><F108/><W99/><G60/><T63/><D63/><U80/><E7/><V52/><F102/><W115/><G115/><T116/><D92/><U125/><E125/><V59/><F29/><W114/><G114/><T93/><D93/><U9/><E9/><V123/><F123/><W96/><G96/><T1/><D103/><U111/><E111/><V128/><F128/><W129/><G129/><T101/><D101/><U53/><E53/><V42/><F42/><W65/><G65/><T61/><D61/><U8/><E112/><V20/><F20/><W132/><G132/><T79/><D79/><U90/><E113/><V122/><F122/><W16/><G54/><T25/><D116/><U66/><E66/><V88/><F34/><W77/><G5/><T62/><D62/><U33/><E33/><V46/><F35/><W50/><G50/><T86/><D120/><U45/><E45/><V109/><F109/><W81/><G81/><T37/><D37/><U71/><E80/><V98/><F98/><RYUUKYOKU ba="1,1" sc="41,-15,328,-15,321,15,300,15" hai2="14,15,46,49,52,57,58,59,87,88,89,91,94" hai3="13,16,48,51,77,82,85,95,99,100" /><INIT seed="2,2,1,0,2,114" ten="26,313,336,315" oya="2" hai0="86,32,48,27,98,47,79,90,99,50,49,85,14" hai1="11,71,52,96,21,13,92,55,30,36,68,39,58" hai2="111,45,29,89,0,56,60,28,8,24,40,116,1" hai3="102,65,2,34,133,122,43,69,9,78,128,23,53"/><V107/><F107/><W95/><G34/><T135/><D32/><U73/><E73/><V106/><F106/><W100/><G122/><T74/><D135/><U76/><E76/><V83/><F116/><W57/><G2/><T80/><D27/><U134/><E134/><V121/><F121/><W94/><G133/><T25/><D25/><N who="1" m="16687" /><E68/><V127/><F127/><W82/><G69/><T26/><D26/><U6/><E71/><V63/><F111/><W54/><G43/><T16/><D74/><U10/><E39/><V19/><F29/><W42/><G42/><T41/><D99/><U131/><E36/><V72/><F63/><N who="3" m="38127" /><G9/><T112/><D98/><U33/><E33/><V117/><F117/><W37/><G23/><T118/><D118/><U123/><E123/><V77/><F28/><W120/><G37/><T110/><D110/><U132/><E132/><V4/><F0/><W81/><G128/><T91/><D79/><U93/><E11/><V35/><F35/><W101/><G120/><T70/><D70/><U5/><E131/><V119/><F119/><W20/><G20/><T15/><D15/><U97/><E5/><V129/><F129/><W75/><G75/><T7/><D7/><U124/><E124/><V51/><F24/><W115/><G115/><T12/><D12/><U18/><E6/><V88/><F19/><W61/><G78/><T62/><D62/><N who="1" m="36167" /><E55/><AGARI ba="2,1" hai="1,4,8,40,45,51,55,56,60,72,77,83,88,89" machi="55" ten="30,2900,0" yaku="7,1,54,1" doraHai="114" who="2" fromWho="1" sc="26,0,313,-35,336,45,315,0" /><INIT seed="2,3,0,0,0,71" ten="26,278,381,315" oya="2" hai0="21,64,102,129,51,111,135,127,59,73,19,121,82" hai1="37,41,22,126,52,72,86,25,115,119,69,14,101" hai2="122,58,10,106,60,42,65,100,56,113,120,93,0" hai3="92,45,49,110,46,109,26,130,15,84,117,128,7"/><V40/><F113/><W5/><G26/><T76/><D121/><U99/><E72/><V30/><F106/><W16/><G117/><T68/><D68/><U85/><E115/><V48/><F0/><W38/><G38/><T62/><D111/><N who="3" m="42505" /><G92/><T74/><D129/><N who="3" m="49769" /><G84/><T124/><D135/><U11/><E119/><V77/><F30/><W6/><G49/><T9/><D102/><U125/><E69/><V63/><F77/><W70/><G70/><T132/><D132/><U87/><E37/><V94/><F48/><W27/><G27/><T66/><D74/><U23/><E41/><V96/><F94/><W50/><G50/><T55/><D9/><AGARI ba="3,0" hai="5,6,7,9,15,16,45,46" m="49769,42505" machi="9" ten="40,5200,0" yaku="14,1,19,1,54,1" doraHai="71" who="3" fromWho="0" sc="26,-61,278,0,381,0,315,61" owari="-35,-54.0,278,-12.0,381,48.0,376,18.0" /></mjloggm>