<mjloggm ver="2.3"><GO type="169" lobby="0"/><UN n0="%E3%83%9E%E3%83%AB%E3%83%9E%E3%82%A4%E3%83%B3" n1="%61%73%73%65%72%74%69%76" n2="%E3%82%A6%E3%83%AB%E3%83%88%E3%83%A9%E7%AB%8B%E7%9B%B4" n3="%52%69%2D%4D%6F%2D" dan="17,17,17,17" rate="2124.17,2200.04,2212.12,2140.56" sx="M,M,M,M"/><TAIKYOKU oya="0"/><INIT seed="0,0,0,0,5,34" ten="250,250,250,250" oya="0" hai0="67,85,79,119,38,49,107,105,109,108,87,129,134" hai1="39,29,91,88,62,48,111,20,23,103,89,57,41" hai2="135,130,120,52,76,81,66,113,61,116,65,115,114" hai3="18,19,32,37,131,68,93,1,25,100,94,28,75"/><T121/><D38/><U125/><E111/><N who="0" m="42569" /><D67/><U8/><E125/><V126/><F120/><W30/><G75/><T122/><D119/><U12/><E39/><V73/><F126/><W86/><G68/><T70/><D70/><U56/><E103/><V112/><F116/><W22/><G37/><T133/><D49/><U53/><E29/><V13/><F130/><W90/><G131/><T2/><D2/><U78/><E78/><V59/><N who="2" m="28672" /><DORA hai="9" /><V51/><F135/><N who="0" m="51722" /><D129/><U60/><E60/><V44/><REACH who="2" step="1"/><F13/><REACH who="2" ten="250,250,240,250" step="2"/><W54/><G1/><T46/><D46/><N who="1" m="25679" /><E56/><V15/><F15/><W33/><G25/><T64/><D64/><AGARI ba="0,1" hai="44,51,52,59,61,64,65,66,73,76,81" m="28672" machi="64" ten="70,8000,1" yaku="1,1,54,1,53,1" doraHai="34,9" doraHaiUra="42,16" who="2" fromWho="0" sc="250,-80,250,0,240,90,250,0" /><INIT seed="1,0,0,1,4,76" ten="170,250,330,250" oya="1" hai0="95,47,112,39,6,15,87,43,74,2,113,59,135" hai1="109,111,25,51,45,116,58,61,72,133,10,34,41" hai2="52,81,119,63,28,11,85,0,33,84,50,20,26" hai3="65,57,12,129,122,88,110,73,100,128,82,24,21"/><U77/><E116/><V16/><F119/><W132/><G122/><T44/><D47/><U126/><E126/><V123/><F63/><N who="3" m="38127" /><G110/><N who="1" m="41994" /><E133/><V93/><F123/><W22/><G132/><T1/><D74/><U124/><E124/><V53/><F53/><W120/><G120/><T68/><D68/><U42/><E42/><V78/><F93/><W5/><G100/><T94/><D59/><U38/><E10/><V108/><F108/><W71/><G71/><T92/><D1/><U49/><E77/><V64/><F64/><W91/><G12/><T118/><D2/><U114/><E72/><V56/><F0/><W62/><G5/><T130/><D135/><U70/><E70/><V8/><F85/><W13/><G13/><AGARI ba="0,0" hai="8,11,13,16,20,26,28,33,50,52,56,78,81,84" machi="13" ten="30,7700,0" yaku="7,1,52,1,54,2" doraHai="76" who="2" fromWho="3" sc="170,0,250,0,330,77,250,-77" /><INIT seed="2,0,0,0,2,9" ten="170,250,407,173" oya="2" hai0="116,71,82,92,129,40,6,17,66,36,60,2,119" hai1="83,74,81,46,89,65,1,27,53,24,107,104,69" hai2="125,90,127,105,72,26,133,94,99,18,42,73,41" hai3="87,16,100,12,135,78,120,52,7,114,20,31,13"/><V32/><F105/><W47/><G120/><T8/><D92/><U35/><E1/><V21/><F32/><W50/><G135/><T131/><D17/><U37/><E69/><V97/><F133/><W14/><G114/><T132/><D82/><U19/><E65/><V128/><F128/><N who="0" m="49226" /><D132/><U58/><E81/><V55/><F55/><W93/><G7/><T126/><D126/><N who="2" m="48138" /><F99/><N who="3" m="59503" /><G31/><T77/><D77/><U108/><E83/><AGARI ba="0,0" hai="12,13,14,16,20,47,50,52,78,83,87" m="59503" machi="83" ten="30,12000,2" yaku="8,1,52,3,54,2" doraHai="9" who="3" fromWho="1" sc="170,0,250,-120,407,0,173,120" /><INIT seed="3,0,0,3,4,39" ten="170,130,407,293" oya="3" hai0="131,19,90,125,115,106,75,91,21,104,61,2,40" hai1="94,117,22,66,38,25,88,77,43,95,133,78,0" hai2="134,119,114,73,20,58,124,98,120,71,7,109,122" hai3="13,42,83,55,37,92,79,45,24,34,74,108,105"/><W129/><G105/><T53/><D2/><U132/><E0/><V6/><F71/><W29/><G129/><T33/><D33/><U56/><E117/><V1/><F1/><W8/><G108/><T17/><D75/><U10/><E10/><V128/><F73/><W14/><G8/><T16/><D21/><U86/><E94/><V135/><F109/><W4/><G4/><T68/><D68/><U63/><E38/><V32/><F32/><W26/><G26/><T126/><D115/><U52/><E43/><V107/><F107/><W110/><G110/><T96/><D17/><U69/><E132/><V97/><F128/><W76/><G76/><T87/><D61/><U64/><E133/><V5/><F114/><W30/><G30/><T59/><D59/><U62/><REACH who="1" step="1"/><E66/><REACH who="1" ten="170,120,407,293" step="2"/><V118/><F119/><W113/><G113/><T100/><D106/><U18/><AGARI ba="0,1" hai="18,22,25,52,56,62,63,64,69,77,78,86,88,95" machi="18" ten="20,12000,2" yaku="1,1,2,1,0,1,7,1,54,2,53,1" doraHai="39" doraHaiUra="80" who="1" fromWho="1" sc="170,-30,120,130,407,-30,293,-60" /><INIT seed="4,0,0,0,4,98" ten="140,250,377,233" oya="0" hai0="46,111,57,63,17,45,47,86,26,61,88,95,50" hai1="129,59,79,15,48,85,124,97,9,134,130,24,114" hai2="22,36,73,116,75,102,104,77,32,96,105,109,99" hai3="12,119,31,8,121,67,43,13,82,66,11,52,132"/><T72/><D72/><U20/><E124/><V27/><F36/><W71/><G119/><T4/><D4/><U131/><E134/><V87/><F32/><W81/><G132/><T58/><D111/><U42/><E114/><V94/><F27/><W117/><G117/><T70/><D70/><U122/><E122/><V68/><F22/><W113/><G113/><T16/><D50/><U53/><E42/><V14/><F14/><W41/><G31/><T18/><D26/><U127/><E127/><V101/><F68/><W28/><G28/><T6/><D6/><U2/><E2/><V108/><F116/><W19/><G121/><T21/><D21/><U25/><E97/><V33/><F33/><W84/><G52/><N who="0" m="33991" /><D17/><N who="1" m="8431" /><E20/><V55/><F55/><AGARI ba="0,0" hai="16,18,45,46,47,55,57,63,86,88,95" m="33991" machi="55" ten="30,11600,0" yaku="8,1,54,3" doraHai="98" who="0" fromWho="2" sc="140,116,250,0,377,-116,233,0" /><INIT seed="4,1,0,3,4,4" ten="256,250,261,233" oya="0" hai0="83,96,11,90,56,41,126,68,8,20,124,95,92" hai1="106,6,2,12,0,25,60,63,93,111,71,80,89" hai2="108,14,85,58,84,51,30,61,77,47,5,94,75" hai3="53,120,65,125,48,24,16,128,3,91,112,86,40"/><T29/><D68/><U76/><E106/><V82/><F108/><W78/><G3/><T73/><D41/><U87/><E111/><V36/><F36/><W46/><G112/><T13/><D95/><U79/><E79/><V32/><F32/><W33/><G125/><N who="0" m="48235" /><D56/><U122/><E12/><V23/><F94/><W70/><G128/><T97/><D97/><U116/><E116/><V69/><F69/><W59/><G120/><T22/><D20/><U114/><E114/><V64/><F75/><W133/><G133/><T129/><D129/><U99/><E25/><V21/><F84/><W17/><G78/><N who="0" m="44495" /><D13/><U34/><E34/><V101/><F101/><W118/><G118/><T19/><D19/><U72/><E122/><V121/><F30/><W110/><G110/><T103/><D103/><U26/><E26/><AGARI ba="1,0" hai="8,11,22,26,29,90,92,96" m="44495,48235" machi="26" ten="30,5800,0" yaku="18,1,52,2" doraHai="4" who="0" fromWho="1" sc="256,61,250,-61,261,0,233,0" /><INIT seed="4,2,0,0,1,133" ten="317,189,261,233" oya="0" hai0="17,11,38,116,18,64,33,31,134,21,4,32,20" hai1="37,35,105,85,57,95,117,121,6,118,82,12,7" hai2="86,23,15,79,29,106,48,63,34,30,60,24,101" hai3="56,50,114,126,131,2,91,113,109,43,81,10,78"/><T104/><D38/><U58/><E121/><V127/><F101/><W98/><G109/><T125/><D104/><U124/><E105/><V28/><F106/><W53/><G131/><T44/><D44/><U3/><E37/><V103/><F103/><W130/><G130/><T107/><D64/><U14/><E35/><V76/><F34/><W77/><G43/><T72/><D72/><U16/><E95/><V70/><F70/><W93/><G126/><T73/><D73/><U55/><E3/><V61/><F127/><W135/><G135/><T52/><D107/><U90/><E124/><V59/><F15/><W46/><G56/><T122/><D125/><U112/><E58/><V89/><F48/><W51/><G50/><T42/><D42/><U25/><E25/><V40/><F40/><W94/><G94/><T27/><D52/><U65/><E65/><V108/><F108/><W69/><G69/><T68/><D68/><U96/><E96/><V26/><F59/><W83/><G10/><T0/><D116/><U36/><E36/><V66/><F66/><W87/><REACH who="3" step="1"/><G2/><REACH who="3" ten="317,189,261,223" step="2"/><T13/><D134/><U97/><E57/><V84/><F63/><W74/><AGARI ba="2,1" hai="46,51,53,74,77,78,81,83,87,91,93,98,113,114" machi="74" ten="30,4000,0" yaku="1,1,2,1,0,1,53,0" doraHai="133" doraHaiUra="54" who="3" fromWho="3" sc="317,-22,189,-12,261,-12,223,56" /><INIT seed="5,0,0,2,5,41" ten="295,177,249,279" oya="1" hai0="90,31,35,44,96,103,118,77,8,98,120,26,6" hai1="37,124,134,4,131,130,46,73,129,101,102,64,50" hai2="51,61,93,104,109,117,99,60,83,32,13,5,88" hai3="58,36,121,89,55,3,128,2,116,68,52,9,27"/><U59/><E73/><V49/><F32/><W30/><G68/><T34/><D118/><U69/><E4/><V81/><F104/><W80/><G121/><T132/><D132/><U18/><E18/><V79/><F109/><W78/><G116/><T100/><D35/><U70/><E134/><V123/><F123/><W71/><G71/><N who="1" m="27146" /><E124/><V62/><F117/><W66/><G128/><N who="1" m="32770" /><U126/><DORA hai="7" /><E126/><V40/><F79/><W16/><G16/><T74/><D6/><U112/><E112/><V22/><F22/><W106/><G30/><T45/><D31/><U43/><E64/><V125/><F125/><W15/><G66/><T127/><D74/><U114/><E114/><V105/><F105/><W113/><G113/><T86/><D127/><U57/><E37/><V28/><F28/><W111/><G36/><T95/><D120/><U19/><E19/><V11/><F49/><W10/><G106/><T76/><D34/><U87/><E87/><V115/><F115/><W14/><G78/><T108/><D86/><U48/><E48/><V17/><F17/><W119/><G119/><T38/><D38/><U107/><E107/><V92/><F92/><W21/><G21/><T82/><D95/><U29/><E29/><V94/><F94/><W97/><G80/><T24/><D82/><U12/><E12/><V91/><F91/><W122/><G15/><T72/><D90/><U75/><E75/><V85/><F85/><W20/><G89/><T56/><D72/><U42/><E42/><V0/><F0/><W25/><G2/><T65/><D76/><U84/><E84/><RYUUKYOKU ba="0,0" sc="295,-15,177,15,249,15,279,-15" hai1="43,46,50,57,59,101,102" hai2="5,11,13,40,51,60,61,62,81,83,88,93,99" /><INIT seed="5,1,0,5,5,82" ten="280,192,264,264" oya="1" hai0="107,131,29,1,113,115,43,62,21,120,86,126,5" hai1="66,110,116,101,89,124,111,26,14,28,0,13,109" hai2="57,10,42,118,23,67,38,98,76,6,125,64,7" hai3="17,69,74,128,18,94,37,47,20,49,70,8,80"/><U85/><E124/><V41/><F118/><W4/><G128/><T105/><D43/><N who="2" m="16394" /><F38/><W112/><G37/><T27/><D120/><U3/><E116/><V59/><F125/><W95/><G112/><N who="0" m="43083" /><D62/><U53/><E101/><V102/><F10/><W24/><G17/><T25/><D25/><U15/><E66/><N who="2" m="25131" /><F76/><W90/><G69/><T50/><D50/><U97/><E97/><V63/><F63/><W45/><G70/><T75/><D75/><U123/><E53/><V65/><F65/><W51/><G74/><T81/><D107/><U108/><N who="1" m="27648" /><DORA hai="78" /><U121/><E121/><V68/><F68/><W12/><G45/><T103/><D1/><U130/><E130/><V122/><F122/><W33/><G33/><T96/><D5/><N who="2" m="1546" /><F23/><W77/><G77/><N who="0" m="46383" /><D131/><U40/><E40/><V19/><F19/><W46/><G49/><T132/><D126/><U92/><E123/><V135/><F135/><AGARI ba="1,0" hai="21,27,29,96,103,105,132,135" m="46383,43083" machi="135" ten="30,3900,0" yaku="15,1,52,2" doraHai="82,78" who="0" fromWho="2" sc="280,42,192,0,264,-42,264,0" /><INIT seed="6,0,0,4,3,129" ten="322,192,222,264" oya="2" hai0="107,103,130,33,92,0,68,61,23,76,43,84,83" hai1="4,52,51,106,3,95,132,118,7,25,45,91,21" hai2="73,90,36,81,28,93,119,60,40,66,88,35,70" hai3="59,64,29,114,86,113,19,18,26,75,49,9,16"/><V17/><F119/><W47/><G75/><T63/><D33/><U82/><E106/><V32/><F28/><W22/><G86/><T65/><D0/><U10/><E118/><V71/><F71/><W117/><G117/><T112/><D43/><U123/><E123/><V20/><F40/><W78/><G78/><T127/><D63/><U67/><E67/><V102/><F36/><W6/><G59/><T85/><D23/><U14/><E82/><V56/><F102/><W57/><G57/><T110/><D107/><U108/><E108/><V74/><F70/><W39/><G64/><T99/><D110/><U54/><E54/><V12/><F74/><W87/><G87/><T89/><D130/><U44/><E44/><V101/><F101/><W38/><G38/><T24/><D24/><U41/><E41/><V125/><F125/><W126/><G39/><T27/><D27/><U72/><E72/><V124/><F124/><W79/><G79/><T131/><D131/><U34/><E34/><V128/><F128/><W62/><G62/><T58/><D127/><U31/><E132/><V134/><F134/><W1/><G126/><T111/><D111/><U109/><E109/><V120/><F120/><W122/><G122/><T97/><D68/><U50/><E50/><V5/><F5/><W98/><G98/><N who="0" m="37387" /><D103/><U48/><E48/><V96/><F73/><W104/><G104/><T2/><D2/><U69/><E69/><V80/><F90/><W13/><G1/><T115/><D89/><U100/><E100/><N who="2" m="60431" /><F80/><W94/><G94/><T15/><D92/><U42/><E95/><RYUUKYOKU ba="0,0" sc="322,-15,192,-15,222,15,264,15" hai2="12,17,20,32,35,56,60,66,81,88" hai3="6,9,13,16,18,19,22,26,29,47,49,113,114" /><INIT seed="6,1,0,4,3,121" ten="307,177,237,279" oya="2" hai0="135,71,4,47,8,89,117,97,69,99,76,115,64" hai1="50,42,120,6,38,129,130,95,1,35,57,116,24" hai2="13,55,128,74,31,108,19,7,101,85,68,88,72" hai3="15,34,104,49,105,0,21,94,134,51,75,28,25"/><V53/><F68/><W125/><G75/><T30/><D76/><U65/><E95/><V80/><F128/><N who="1" m="49257" /><E24/><V87/><F74/><W82/><G82/><T102/><D30/><U86/><E86/><V16/><F72/><W58/><G0/><T37/><D89/><U107/><E107/><V2/><F101/><W66/><G94/><T44/><D44/><N who="1" m="23639" /><E6/><V60/><F2/><W56/><G15/><T79/><D99/><U63/><E35/><V12/><F7/><W3/><G3/><T131/><D97/><U43/><E1/><V96/><F60/><W84/><G84/><T39/><D79/><U119/><E120/><V77/><F96/><W118/><G34/><T132/><D4/><U92/><E92/><N who="2" m="54287" /><F31/><W133/><G105/><T9/><D102/><U41/><E50/><V127/><F127/><W29/><G125/><T91/><D91/><U36/><E36/><V122/><F122/><W114/><G29/><T54/><D37/><U93/><E93/><V18/><F108/><W20/><G28/><T5/><D5/><U111/><E111/><V45/><F45/><W59/><G104/><T98/><D98/><U26/><E26/><V90/><F90/><W67/><G25/><T62/><D47/><U100/><E100/><V73/><F73/><W112/><G51/><T14/><D39/><U78/><E78/><V48/><F48/><W103/><G49/><T123/><D131/><U109/><E109/><V110/><F110/><W22/><G103/><T23/><D123/><U81/><E81/><V46/><F46/><W17/><G17/><N who="2" m="4353" /><V126/><DORA hai="124" /><F126/><RYUUKYOKU ba="1,0" sc="307,-15,177,15,237,15,279,-15" hai1="41,43,57,63,65,116,119" hai2="12,13,53,55,77,80,87" /><INIT seed="6,2,0,3,4,65" ten="292,192,252,264" oya="2" hai0="75,76,87,111,16,118,32,83,19,57,14,129,132" hai1="31,33,28,120,62,61,7,103,42,38,18,6,39" hai2="37,52,72,26,96,12,41,4,0,47,85,53,25" hai3="8,84,95,44,5,115,101,116,3,92,34,78,99"/><V43/><F0/><W117/><G34/><T110/><D32/><U29/><E33/><V58/><F72/><W133/><G133/><T30/><D30/><U71/><E120/><V56/><F96/><W81/><G115/><T104/><D104/><U46/><E103/><V2/><F2/><W88/><REACH who="3" step="1"/><G44/><REACH who="3" ten="292,192,252,254" step="2"/><T21/><D132/><U20/><E39/><V45/><F37/><W100/><G100/><T48/><D111/><U86/><E86/><AGARI ba="2,1" hai="3,5,8,78,81,84,86,88,92,95,99,101,116,117" machi="86" ten="30,8000,1" yaku="1,1,7,1,54,1,53,2" doraHai="65" doraHaiUra="114" who="3" fromWho="1" sc="292,0,192,-86,252,0,254,96" /><INIT seed="7,0,0,0,0,51" ten="292,106,252,350" oya="3" hai0="73,1,130,89,32,77,5,116,91,21,26,121,12" hai1="80,100,10,2,36,108,97,9,69,112,6,115,7" hai2="48,65,92,23,74,132,28,98,61,52,37,127,133" hai3="58,44,56,3,50,53,40,31,87,118,14,13,59"/><W76/><G3/><T75/><D75/><U29/><E80/><V41/><F74/><W18/><G118/><T122/><D91/><U82/><E82/><V94/><F41/><W42/><G31/><T90/><D90/><U102/><E36/><V55/><F37/><W84/><G13/><T22/><D89/><U15/><E69/><V85/><F127/><W39/><G39/><T107/><D107/><U95/><E108/><V63/><F85/><N who="3" m="32843" /><G76/><T96/><D96/><U101/><E29/><V119/><F119/><W135/><G135/><N who="2" m="51785" /><F48/><W47/><G47/><T86/><D86/><U0/><E15/><V27/><F63/><W110/><G110/><T30/><D77/><U106/><E95/><N who="2" m="36395" /><F98/><W70/><G70/><AGARI ba="0,0" hai="23,27,28,52,55,61,65,70" m="36395,51785" machi="70" ten="30,7700,0" yaku="20,1,52,2,54,1" doraHai="51" who="2" fromWho="3" sc="292,0,106,0,252,77,350,-77" owari="292,9.0,106,-39.0,329,43.0,273,-13.0" /></mjloggm>