<mjloggm ver="2.3"><GO type="41" lobby="0"/><UN n0="%63%7A%61%72%70%65%6E" n1="%E3%82%B0%E3%83%AA%E3%82%BB%E3%83%AA%E3%83%B3%E6%9C%AB%E5%BC%9F" n2="%E3%81%BF%E3%82%84%E3%81%AA%E3%81%8C%E3%81%95%E3%81%8D%E3%80%82" n3="%E5%B0%B1%E6%B4%BB%E7%94%9F%40%E5%B7%9D%E6%9D%91%E8%BB%8D%E5%9B%A3" dan="13,14,13,15" rate="1952.28,1961.34,1820.90,2022.82" sx="M,M,F,M"/><TAIKYOKU oya="0"/><INIT seed="0,0,0,1,4,8" ten="250,250,250,250" oya="0" hai0="105,1,125,58,40,37,6,46,110,89,17,36,26" hai1="67,124,99,106,76,113,70,45,91,122,68,0,108" hai2="24,131,62,22,107,49,41,92,9,135,59,28,30" hai3="51,31,72,104,21,130,29,97,16,20,71,102,32"/><T93/><D105/><U83/><E91/><V35/><F107/><W63/><G72/><T119/><D119/><U100/><E122/><V82/><F135/><W23/><G130/><T60/><D125/><U90/><E90/><V14/><F131/><W3/><G3/><T48/><D110/><U127/><E108/><V44/><F82/><W120/><G51/><T34/><D1/><U52/><E113/><V15/><F92/><W116/><G120/><T129/><D6/><U118/><E118/><V66/><REACH who="2" step="1"/><F9/><REACH who="2" ten="250,250,240,250" step="2"/><W38/><G116/><T42/><D129/><U86/><E83/><V133/><F133/><W88/><G104/><T12/><D93/><U111/><E106/><V94/><F94/><W77/><G77/><T19/><D89/><U73/><E76/><V80/><F80/><W115/><G88/><T75/><D75/><U114/><E127/><V11/><F11/><W121/><G102/><T55/><D34/><U126/><E124/><V112/><F112/><W79/><G79/><T87/><D87/><U123/><E86/><V109/><F109/><W2/><G97/><T54/><D26/><AGARI ba="0,1" hai="14,15,22,24,26,28,30,35,41,44,49,59,62,66" machi="26" ten="40,8000,1" yaku="1,1,52,2,53,1" doraHai="8" doraHaiUra="61" who="2" fromWho="0" sc="250,-80,250,0,240,90,250,0" /><INIT seed="1,0,0,2,3,8" ten="170,250,330,250" oya="1" hai0="88,98,66,90,128,10,34,101,82,38,63,79,94" hai1="105,112,60,16,32,131,15,65,12,123,114,84,22" hai2="86,89,110,109,33,85,130,19,81,59,120,69,126" hai3="37,13,50,75,49,30,93,78,52,61,14,102,80"/><U67/><E32/><V6/><F69/><W103/><G37/><T100/><D34/><U74/><E74/><V87/><F126/><W56/><G30/><T77/><D38/><U45/><E105/><V91/><F120/><W23/><G23/><T4/><D128/><U116/><E123/><V115/><F130/><W53/><G61/><T104/><D101/><U107/><E107/><V92/><F33/><W20/><G20/><T48/><D48/><U99/><E131/><V96/><F115/><W121/><G121/><T9/><D90/><U17/><E116/><V21/><F6/><W71/><G71/><T70/><D4/><U64/><E99/><V35/><F35/><W83/><G93/><T125/><D125/><U127/><E127/><V44/><F44/><W135/><G135/><T3/><D3/><U46/><E60/><V24/><F59/><W27/><G27/><T18/><D18/><U11/><REACH who="1" step="1"/><E84/><REACH who="1" ten="170,240,330,250" step="2"/><V97/><F96/><W5/><G75/><T118/><D118/><U0/><E0/><V124/><F124/><W40/><G102/><T39/><D104/><U129/><E129/><V41/><F87/><W62/><G103/><T113/><D100/><U31/><E31/><V108/><F86/><W54/><G78/><T122/><D79/><U72/><E72/><V106/><F106/><W43/><G83/><T26/><D122/><U42/><E42/><AGARI ba="0,1" hai="19,21,24,41,42,81,85,89,91,92,97,108,109,110" machi="42" ten="40,1300,0" yaku="14,1" doraHai="8" who="2" fromWho="1" sc="170,0,240,-13,330,23,250,0" /><INIT seed="2,0,0,1,0,54" ten="170,227,353,250" oya="2" hai0="26,132,122,30,42,12,108,115,63,57,28,106,107" hai1="44,133,22,113,62,94,73,52,1,90,72,67,49" hai2="123,11,78,41,86,117,79,119,65,91,25,114,99" hai3="33,70,32,48,23,10,81,135,31,40,104,51,46"/><V77/><F123/><W58/><G70/><T5/><D122/><U19/><E1/><V18/><F114/><W7/><G104/><T88/><D115/><U134/><E113/><V98/><F65/><W85/><G135/><N who="1" m="51722" /><E94/><V80/><F41/><W83/><G23/><T75/><D132/><U105/><E90/><V120/><F120/><W3/><G31/><T15/><D75/><U68/><E105/><V118/><F25/><AGARI ba="0,0" hai="19,22,25,44,49,52,62,67,68,72,73" m="51722" machi="25" ten="30,2000,0" yaku="20,1,54,1" doraHai="54" who="1" fromWho="2" sc="170,0,227,20,353,-20,250,0" /><INIT seed="3,0,0,0,4,125" ten="170,247,333,250" oya="3" hai0="101,58,13,91,116,122,82,47,113,7,12,99,5" hai1="121,50,108,62,52,77,36,130,17,31,73,76,89" hai2="97,18,57,59,56,1,75,114,135,110,81,48,86" hai3="6,106,90,4,131,71,61,30,65,80,123,93,11"/><W132/><G106/><T118/><D122/><U102/><E36/><V119/><F114/><W92/><G123/><T2/><D113/><U129/><E121/><V95/><F75/><W115/><G115/><T46/><D2/><U63/><E31/><V27/><F119/><W0/><G6/><T84/><D118/><U117/><E117/><V85/><F1/><W9/><G9/><T14/><D116/><U42/><E42/><V51/><F135/><W112/><G132/><T25/><D25/><U124/><E124/><V49/><F81/><W133/><G112/><T70/><D70/><U96/><E89/><V44/><F44/><W20/><G133/><T105/><D58/><N who="1" m="33047" /><E17/><V107/><F107/><W10/><G10/><T88/><REACH who="0" step="1"/><D91/><REACH who="0" ten="160,247,333,250" step="2"/><U87/><E108/><V37/><F59/><W39/><G90/><T32/><D32/><U67/><E77/><V29/><F57/><W54/><G71/><T34/><D34/><U41/><E76/><V94/><F56/><W127/><G0/><T15/><N who="0" m="3584" /><DORA hai="66" /><T22/><D22/><U72/><E72/><V40/><F27/><W64/><G20/><T126/><D126/><U128/><E73/><V100/><F110/><W23/><G23/><T55/><D55/><U3/><E3/><V79/><F40/><W103/><G54/><T134/><D134/><U104/><E41/><V16/><F79/><W43/><G43/><T19/><D19/><U111/><E111/><V21/><F18/><W38/><G127/><T8/><D8/><U24/><E24/><V69/><F16/><W33/><G11/><T78/><D78/><RYUUKYOKU ba="0,1" sc="160,30,247,-10,333,-10,250,-10" hai0="5,7,46,47,82,84,88,99,101,105" /><INIT seed="4,1,1,1,5,112" ten="190,237,323,240" oya="0" hai0="88,82,129,39,78,35,126,13,133,121,85,52,26" hai1="89,130,104,9,99,79,80,93,5,127,33,21,70" hai2="83,55,11,31,100,69,110,116,23,94,1,117,105" hai3="77,58,84,75,18,128,25,90,114,8,36,109,131"/><T66/><D121/><U63/><E33/><V115/><F110/><W119/><G109/><T30/><D39/><U68/><E130/><N who="3" m="49706" /><G36/><T48/><D129/><U135/><E127/><V40/><F115/><W96/><G96/><T28/><D126/><U53/><E135/><V27/><F69/><W57/><G77/><T103/><D133/><U24/><E104/><V134/><F105/><W73/><G119/><N who="2" m="45641" /><F55/><W60/><G58/><T46/><D30/><U32/><E32/><V102/><F134/><W95/><G114/><T14/><D66/><U120/><E120/><V15/><F1/><W72/><G72/><T67/><D67/><U47/><E47/><V87/><F40/><W71/><G71/><T45/><D45/><U42/><E42/><V7/><F94/><W17/><G25/><T44/><D44/><U64/><E53/><V10/><F11/><W74/><G8/><T0/><D0/><U118/><E118/><V91/><AGARI ba="1,1" hai="7,10,15,23,27,31,83,87,91,100,102" m="45641" machi="91" ten="30,7900,0" yaku="12,1,52,3" doraHai="112" who="2" fromWho="2" sc="190,-40,237,-21,323,92,240,-21" /><INIT seed="5,0,0,5,5,21" ten="150,216,415,219" oya="1" hai0="112,91,92,63,19,53,34,45,123,23,99,6,100" hai1="25,7,97,55,74,105,15,56,5,79,57,18,64" hai2="98,33,49,120,60,50,28,126,58,32,102,73,96" hai3="103,108,111,61,48,12,36,59,132,30,94,89,131"/><U44/><E74/><V52/><F73/><W109/><G36/><T114/><D34/><U87/><E25/><V20/><F120/><W129/><G103/><T86/><D123/><U11/><E105/><V113/><F113/><W80/><G80/><T17/><D112/><U106/><E106/><V47/><F126/><W2/><G2/><T107/><D114/><U134/><E134/><V81/><F81/><W22/><G48/><T26/><D6/><U67/><E97/><V62/><F33/><W51/><G51/><T130/><D130/><N who="3" m="49673" /><G132/><T13/><D45/><U37/><E37/><V104/><F98/><N who="3" m="57679" /><G12/><T78/><D78/><U85/><E44/><V38/><F32/><W10/><G10/><T83/><D107/><U65/><E79/><V88/><F38/><W110/><G110/><T41/><D41/><U121/><E121/><V40/><F88/><W128/><G128/><T14/><D17/><U1/><E1/><V122/><F122/><W46/><G46/><T27/><REACH who="0" step="1"/><D13/><REACH who="0" ten="140,216,415,219" step="2"/><U24/><E7/><V95/><F104/><W90/><G109/><T66/><D66/><U76/><E76/><V68/><F40/><W135/><G111/><T0/><D0/><U101/><E5/><V77/><F47/><W43/><G43/><T39/><D39/><U3/><E3/><V8/><F77/><W93/><G108/><T72/><D72/><U82/><E15/><V31/><F31/><W133/><G133/><T71/><D71/><U117/><E18/><V69/><F68/><W115/><G135/><T75/><D75/><U9/><E65/><V118/><F69/><RYUUKYOKU ba="0,1" sc="140,30,216,-10,415,-10,219,-10" hai0="14,19,23,26,27,53,63,83,86,91,92,99,100" /><INIT seed="6,1,1,5,5,43" ten="170,206,405,209" oya="2" hai0="55,114,94,92,5,109,61,87,98,59,107,8,88" hai1="76,111,65,124,20,9,113,133,51,102,106,60,57" hai2="83,46,2,74,19,108,4,73,112,118,10,75,117" hai3="134,1,34,123,78,29,97,50,79,99,69,115,100"/><V91/><F112/><W130/><G1/><T31/><D109/><U16/><E113/><V52/><F108/><W127/><G69/><T68/><D114/><U90/><E111/><V66/><F66/><W14/><G34/><T54/><D68/><U104/><E76/><V49/><F19/><W67/><G67/><T63/><D107/><U71/><E133/><V72/><REACH who="2" step="1"/><F91/><REACH who="2" ten="170,206,395,209" step="2"/><W119/><G115/><T126/><D31/><U62/><E90/><V30/><F30/><W17/><G29/><T41/><D126/><U101/><E124/><V12/><F12/><W135/><G17/><T95/><D98/><U131/><E16/><V70/><F70/><W56/><G14/><N who="0" m="5391" /><D41/><U77/><E71/><V11/><F11/><W25/><G99/><T89/><D89/><U7/><E9/><V32/><F32/><W0/><G97/><T27/><D27/><U33/><E33/><V58/><F58/><AGARI ba="1,2" hai="54,55,58,59,61,63,87,88,92,94,95" m="5391" machi="58" ten="30,2000,0" yaku="8,1,54,1" doraHai="43" who="0" fromWho="2" sc="170,43,206,0,395,-23,209,0" /><INIT seed="7,0,0,3,3,105" ten="213,206,372,209" oya="3" hai0="5,130,125,41,51,135,57,132,24,98,42,126,58" hai1="99,123,1,77,94,131,110,96,55,103,66,20,46" hai2="81,56,6,34,21,76,74,134,43,104,71,27,17" hai3="93,0,100,82,72,102,70,89,61,95,119,97,91"/><W49/><G0/><T68/><D68/><U40/><E110/><V67/><F104/><W8/><G119/><T2/><D130/><U36/><E123/><V90/><F71/><W15/><G70/><T117/><D117/><U3/><E131/><V11/><F43/><N who="0" m="16394" /><D98/><U53/><E66/><V109/><F34/><W10/><G61/><T25/><D2/><U59/><E99/><V129/><F90/><W50/><G72/><T73/><D73/><U19/><E77/><V16/><F17/><W37/><G37/><T26/><D5/><U52/><REACH who="1" step="1"/><E59/><REACH who="1" ten="213,196,372,209" step="2"/><N who="0" m="22537" /><D51/><N who="3" m="19465" /><G100/><T38/><D38/><U121/><E121/><V23/><F81/><W118/><G118/><T7/><D7/><U35/><E35/><V39/><F11/><N who="3" m="4139" /><G82/><T54/><D54/><U108/><E108/><V63/><F129/><W32/><G32/><T60/><D60/><U92/><E92/><V124/><F63/><W18/><G95/><T115/><D115/><U33/><E33/><V113/><F113/><W87/><G87/><T64/><D64/><U4/><E4/><V84/><F6/><W101/><G101/><T69/><D69/><U122/><E122/><V120/><F120/><W85/><G85/><T28/><D28/><U106/><E106/><V14/><F109/><W30/><G30/><T83/><D83/><U114/><E114/><V88/><F84/><W111/><G111/><T47/><D47/><U78/><E78/><V48/><F39/><W44/><G44/><T80/><D80/><U79/><E79/><V62/><F76/><W12/><G18/><T45/><D45/><U13/><AGARI ba="0,1" hai="1,3,13,19,20,36,40,46,52,53,55,94,96,103" machi="13" ten="30,7900,0" yaku="1,1,5,1,0,1,54,1,53,0" doraHai="105" doraHaiUra="112" who="1" fromWho="1" sc="213,-20,196,89,372,-20,209,-39" owari="193,-21.0,285,9.0,352,45.0,170,-33.0" /></mjloggm>