<mjloggm ver="2.3"><GO type="169" lobby="0"/><UN n0="%E3%81%8A%E3%81%98%E3%81%95%E3%82%93" n1="%E6%97%85%E3%81%AB%E5%87%BA%E3%81%9F%E3%83%AA%E3%83%BC%E6%A3%92" n2="%E3%82%A6%E3%83%AB%E3%83%88%E3%83%A9%E7%AB%8B%E7%9B%B4" n3="%43%52%41%5A%59%42%45%45" dan="17,16,16,17" rate="2100.35,2048.80,2118.77,2108.83" sx="M,M,M,M"/><TAIKYOKU oya="0"/><INIT seed="0,0,0,5,3,56" ten="250,250,250,250" oya="0" hai0="103,48,17,58,47,1,107,119,131,91,71,124,38" hai1="2,84,135,9,55,133,88,118,127,8,43,18,26" hai2="51,33,19,52,59,95,134,32,44,97,34,132,90" hai3="80,61,102,4,57,81,13,23,45,78,92,35,83"/><T117/><D1/><U114/><E118/><V85/><F19/><W109/><G35/><T79/><D79/><U129/><E127/><V123/><F123/><W87/><G109/><T68/><D124/><U41/><E129/><V46/><REACH who="2" step="1"/><F85/><REACH who="2" ten="250,250,240,250" step="2"/><W98/><G45/><AGARI ba="0,1" hai="32,33,34,44,45,46,51,52,59,90,95,97,132,134" machi="45" ten="50,6400,0" yaku="1,1,2,1,54,1,53,0" doraHai="56" doraHaiUra="64" who="2" fromWho="3" sc="250,0,250,0,240,74,250,-64" /><INIT seed="1,0,0,0,5,127" ten="250,250,314,186" oya="1" hai0="77,48,17,46,105,53,45,135,107,92,55,40,30" hai1="79,81,37,4,88,56,6,61,42,10,89,97,130" hai2="132,121,72,104,1,67,49,117,118,28,66,102,114" hai3="106,68,123,41,109,124,71,39,90,87,62,13,75"/><U38/><E130/><V20/><F1/><W108/><G123/><T85/><D135/><U70/><E70/><V93/><F104/><W98/><G75/><T27/><D17/><U14/><E6/><V51/><F72/><W52/><G124/><T86/><D55/><U76/><E76/><V94/><F132/><W9/><G41/><T0/><D0/><U24/><E24/><V5/><F5/><W120/><G39/><T64/><D64/><U84/><E97/><V128/><F20/><W99/><G120/><T22/><D86/><U31/><E31/><V47/><F28/><W21/><G21/><T122/><D122/><U125/><E125/><V18/><F18/><W33/><G33/><T116/><D116/><U44/><REACH who="1" step="1"/><E38/><REACH who="1" ten="250,240,314,186" step="2"/><V16/><F128/><W80/><G71/><T36/><D77/><U96/><E96/><V78/><F78/><W7/><G68/><T115/><D115/><U65/><AGARI ba="0,1" hai="4,10,14,37,42,44,56,61,65,79,81,84,88,89" machi="65" ten="20,7800,0" yaku="1,1,0,1,7,1,54,1,53,0" doraHai="127" doraHaiUra="19" who="1" fromWho="1" sc="250,-26,240,88,314,-26,186,-26" /><INIT seed="1,1,0,1,3,20" ten="224,328,288,160" oya="1" hai0="129,132,101,81,29,64,123,130,103,120,4,50,95" hai1="99,42,85,72,62,113,30,23,12,131,105,73,110" hai2="16,124,59,98,117,97,49,22,66,35,43,118,53" hai3="90,57,55,84,126,107,56,69,31,17,88,3,87"/><U33/><E113/><V94/><F35/><W26/><G69/><T93/><D64/><U70/><E42/><V44/><F66/><W6/><G107/><T79/><D50/><U102/><E131/><N who="0" m="50185" /><D29/><U18/><E110/><V39/><F124/><W135/><G126/><T108/><D4/><U46/><E46/><V121/><F121/><N who="0" m="46666" /><D132/><U52/><E85/><V41/><F41/><W83/><G135/><T47/><D47/><U119/><E119/><V24/><REACH who="2" step="1"/><F98/><REACH who="2" ten="224,328,278,160" step="2"/><W96/><G96/><T7/><D108/><U116/><E116/><V9/><F9/><W10/><G55/><T77/><D7/><U14/><E52/><V82/><F82/><W89/><G83/><T109/><D109/><U115/><E115/><V86/><F86/><W19/><G87/><N who="0" m="48559" /><D79/><U2/><E33/><V1/><F1/><W34/><G84/><T92/><AGARI ba="1,1" hai="92,93,95,101,103" m="48559,46666,50185" machi="92" ten="40,8000,1" yaku="19,1,13,1,34,2" doraHai="20" who="0" fromWho="0" sc="224,93,328,-41,278,-21,160,-21" /><INIT seed="2,0,0,4,4,36" ten="317,287,257,139" oya="2" hai0="11,98,52,31,108,14,95,17,74,103,120,82,1" hai1="70,66,23,34,80,44,24,56,13,40,33,48,58" hai2="37,55,22,106,123,115,65,9,110,39,19,86,16" hai3="99,71,78,76,8,7,28,132,111,130,79,21,32"/><V26/><F123/><W49/><G32/><T54/><D120/><U5/><E70/><V131/><F115/><W125/><G71/><T112/><D112/><U57/><E66/><V93/><F106/><W116/><G116/><T128/><D108/><U3/><E3/><V61/><F131/><W59/><G111/><T101/><D128/><U4/><E80/><V62/><F110/><W29/><G130/><T72/><D1/><U114/><E114/><V119/><F119/><W124/><G132/><T117/><D117/><U68/><E68/><V51/><F39/><W127/><G99/><T135/><D103/><U121/><E121/><V73/><F73/><W122/><G122/><T87/><D135/><U38/><E38/><V89/><F37/><W67/><G21/><T134/><D134/><U47/><E47/><N who="2" m="28159" /><F65/><W102/><G102/><T126/><D126/><U92/><E92/><V41/><F41/><W91/><G91/><T42/><D42/><U129/><E129/><V50/><F50/><W35/><G35/><T64/><D64/><U96/><E96/><V18/><F9/><W133/><G133/><T25/><D74/><U45/><E45/><V20/><F20/><W105/><G105/><T97/><D72/><U46/><E46/><V118/><F118/><W2/><REACH who="3" step="1"/><G49/><REACH who="3" ten="317,287,257,129" step="2"/><T81/><D98/><U12/><E34/><V60/><AGARI ba="0,1" hai="16,18,19,22,26,60,61,62,86,89,93" m="28159" machi="60" ten="30,3000,0" yaku="8,1,54,1" doraHai="36" who="2" fromWho="2" sc="317,-10,287,-10,257,40,129,-10" /><INIT seed="2,1,0,5,4,59" ten="307,277,297,119" oya="2" hai0="35,16,69,79,13,23,120,65,26,18,42,4,103" hai1="40,71,80,51,121,24,38,83,53,74,131,0,17" hai2="81,64,3,102,105,97,77,41,85,32,68,25,73" hai3="33,119,92,125,10,43,123,19,70,52,89,6,100"/><V34/><F3/><W37/><G123/><T94/><D120/><U134/><E0/><V62/><F85/><W57/><G119/><T29/><D79/><U108/><E121/><V88/><F88/><W48/><G33/><T128/><D42/><U82/><E108/><V117/><F117/><W36/><G125/><T27/><D128/><U20/><E131/><V99/><F99/><W107/><G70/><T113/><D113/><U130/><E130/><V86/><F86/><W76/><G76/><T31/><D94/><U49/><E134/><V60/><F41/><W54/><G43/><T12/><D65/><U95/><E71/><V9/><F9/><W66/><G66/><T22/><D69/><U56/><E74/><V2/><F2/><W67/><G67/><T39/><D39/><U106/><E106/><V129/><F129/><W96/><G19/><T63/><D63/><U5/><E5/><V115/><F62/><W118/><G54/><T135/><D103/><U78/><E78/><V111/><F115/><W101/><G118/><T61/><D61/><N who="1" m="35983" /><E38/><V1/><F1/><W87/><REACH who="3" step="1"/><G101/><REACH who="3" ten="307,277,297,109" step="2"/><T15/><D135/><U28/><E40/><V44/><F111/><W116/><G116/><T110/><D110/><U30/><E17/><N who="0" m="6761" /><D4/><U75/><E75/><V7/><F7/><W55/><G55/><T132/><D132/><U109/><E109/><V124/><F124/><W98/><G98/><T91/><D91/><U47/><E30/><N who="2" m="19535" /><F44/><W50/><G50/><N who="1" m="18954" /><E47/><V8/><F8/><W84/><G84/><T93/><D35/><AGARI ba="1,1" hai="34,35,60,64,68,73,77,81,97,102,105" m="19535" machi="35" ten="30,11600,0" yaku="25,1,33,2,52,1" doraHai="59" who="2" fromWho="0" sc="307,-119,277,0,297,129,109,0" /><INIT seed="2,2,0,0,5,91" ten="188,277,426,109" oya="2" hai0="86,40,5,17,61,53,134,22,49,39,79,98,121" hai1="19,3,47,129,87,102,58,89,114,101,104,111,65" hai2="10,56,60,92,71,27,45,110,37,36,32,50,63" hai3="25,75,23,8,100,59,97,54,18,125,14,88,116"/><V67/><F10/><W82/><G116/><T52/><D121/><U123/><E114/><V46/><F27/><W1/><G1/><T81/><D134/><U128/><E123/><V126/><F32/><W99/><G125/><T35/><D35/><U112/><E112/><V94/><F126/><W0/><G0/><T83/><D5/><U119/><E119/><V74/><F74/><W113/><G113/><T69/><D39/><U80/><E111/><V120/><F120/><W96/><G75/><T70/><D40/><U118/><E118/><V78/><F78/><W28/><G100/><T127/><D127/><U106/><E3/><V93/><F110/><W122/><G122/><T44/><D98/><U55/><E47/><V13/><F13/><W24/><G24/><T77/><D61/><N who="1" m="36063" /><E65/><V133/><F133/><W57/><REACH who="3" step="1"/><G54/><REACH who="3" ten="188,277,426,99" step="2"/><T12/><REACH who="0" step="1"/><D53/><REACH who="0" ten="178,277,426,99" step="2"/><U135/><E135/><V132/><F132/><W15/><G15/><T131/><D131/><U26/><E129/><V20/><F67/><W38/><G38/><T109/><D109/><U21/><E128/><V34/><F37/><W95/><G95/><T107/><D107/><U29/><E104/><V64/><F36/><W4/><G4/><T43/><D43/><U7/><E106/><V30/><F93/><W105/><G105/><T42/><D42/><U130/><E7/><V85/><F94/><W48/><G48/><T117/><D117/><U16/><E130/><V72/><F92/><W115/><G115/><T6/><D6/><U31/><E101/><V2/><F64/><W124/><G124/><T9/><D9/><RYUUKYOKU ba="2,2" sc="178,15,277,-15,426,-15,99,15" hai0="12,17,22,44,49,52,69,70,77,79,81,83,86" hai3="8,14,18,23,25,28,57,59,82,88,96,97,99" /><INIT seed="3,3,2,2,2,39" ten="193,262,411,114" oya="3" hai0="119,60,53,17,10,25,93,56,77,52,81,130,19" hai1="64,13,35,70,45,43,32,44,94,124,18,82,113" hai2="115,2,59,74,37,69,57,5,58,46,33,107,23" hai3="134,38,16,103,6,90,73,34,62,114,65,126,110"/><W55/><G114/><T9/><D119/><U28/><E113/><V86/><F23/><W79/><G34/><T108/><D108/><U125/><E94/><V104/><F86/><W97/><G6/><T61/><D130/><U7/><E7/><V22/><F22/><W112/><G112/><T116/><D116/><U42/><E82/><V24/><F59/><W36/><G110/><T129/><D129/><U31/><E64/><V92/><F92/><W27/><G90/><T111/><D111/><U26/><E70/><V72/><F58/><W120/><G120/><T135/><D135/><U96/><E96/><V101/><F57/><W4/><G4/><T40/><D93/><U50/><E31/><N who="2" m="19687" /><F69/><W98/><G134/><T99/><D99/><U47/><E35/><V133/><F133/><W0/><G0/><T1/><D1/><U127/><E50/><V67/><F67/><W21/><G97/><T51/><D25/><U123/><E123/><V49/><F49/><W100/><G55/><N who="0" m="21067" /><D56/><U87/><E87/><V88/><F88/><W122/><G122/><T102/><D102/><N who="3" m="38953" /><G98/><T85/><D61/><U3/><REACH who="1" step="1"/><E3/><REACH who="1" ten="193,252,411,114" step="2"/><V68/><F68/><N who="3" m="42039" /><G38/><T12/><D60/><U131/><E131/><V117/><F115/><W76/><G36/><T132/><D132/><U78/><E78/><V91/><F117/><W66/><G66/><T106/><D19/><U20/><AGARI ba="3,3" hai="13,18,20,26,28,32,42,43,44,45,47,124,125,127" machi="20" ten="40,8000,1" yaku="1,1,0,1,18,1,52,2,53,0" doraHai="39" doraHaiUra="71" who="1" fromWho="1" sc="193,-23,252,119,411,-23,114,-43" /><INIT seed="4,0,0,3,2,32" ten="170,371,388,71" oya="0" hai0="86,12,120,78,35,127,15,20,119,89,30,90,10" hai1="5,37,110,54,74,63,40,132,100,33,123,91,11" hai2="41,98,71,88,26,3,103,24,128,42,75,125,7" hai3="117,31,129,36,113,38,66,112,72,61,50,21,39"/><T73/><D119/><U101/><E110/><V4/><F75/><W124/><G117/><T81/><D120/><U106/><E123/><V76/><F76/><W122/><G122/><T17/><D127/><U43/><E33/><V93/><F71/><W23/><G72/><T13/><D35/><U84/><E74/><V107/><F125/><W82/><G124/><T99/><D30/><U130/><E130/><V18/><F128/><W0/><G129/><T64/><D64/><U83/><E132/><V48/><F3/><W115/><G82/><T9/><D99/><U6/><E37/><V27/><F107/><W134/><G134/><T133/><D133/><U51/><E63/><V59/><F103/><N who="1" m="39497" /><E106/><V28/><F28/><W111/><G111/><T14/><REACH who="0" step="1"/><D73/><REACH who="0" ten="160,371,388,71" step="2"/><U52/><E84/><V2/><F98/><W53/><G31/><T67/><D67/><U135/><E135/><V95/><F27/><W77/><G66/><T102/><D102/><U69/><E69/><V62/><F26/><W109/><G109/><T22/><D22/><U8/><E8/><AGARI ba="0,1" hai="8,9,10,12,13,14,15,17,20,78,81,86,89,90" machi="8" ten="40,12000,1" yaku="1,1,8,1,53,2" doraHai="32" doraHaiUra="85" who="0" fromWho="1" sc="160,130,371,-120,388,0,71,0" /><INIT seed="4,1,0,2,4,3" ten="290,251,388,71" oya="0" hai0="33,107,132,45,28,59,22,56,48,47,5,87,101" hai1="83,71,53,100,55,26,18,121,31,80,84,108,117" hai2="114,24,58,60,88,16,20,2,122,111,124,90,23" hai3="110,32,54,125,7,93,72,92,77,130,68,8,34"/><T64/><D33/><U30/><E108/><V104/><F104/><W63/><G110/><T78/><D132/><U115/><E117/><V94/><F2/><W14/><G125/><T41/><D107/><U128/><E121/><V37/><F37/><W76/><G130/><T123/><D123/><U105/><E71/><V49/><F114/><W96/><G93/><T116/><D101/><U36/><E36/><V131/><F131/><W42/><G42/><T91/><D78/><U57/><E128/><V61/><F124/><W134/><G134/><T4/><D116/><U19/><E115/><V86/><F111/><W66/><G76/><T6/><D47/><U127/><E127/><V97/><F122/><W51/><G77/><T39/><D39/><U109/><E109/><V85/><F23/><W112/><G72/><T44/><D44/><U69/><E69/><V21/><F21/><W12/><G12/><T129/><D129/><U102/><E105/><V9/><F9/><W95/><G95/><N who="0" m="54783" /><D64/><U0/><E0/><V113/><F113/><W17/><G17/><T89/><D89/><U82/><E84/><N who="2" m="32363" /><F90/><W81/><G112/><T38/><D38/><U74/><E74/><V27/><F27/><AGARI ba="1,0" hai="4,5,6,22,27,28,41,45,48,56,59" m="54783" machi="27" ten="30,11600,0" yaku="8,1,52,3" doraHai="3" who="0" fromWho="2" sc="290,119,251,0,388,-119,71,0" /><INIT seed="4,2,0,2,1,1" ten="409,251,269,71" oya="0" hai0="70,57,110,122,51,41,104,24,88,134,75,36,73" hai1="116,129,18,131,17,95,5,124,79,99,60,49,81" hai2="130,90,4,47,3,102,86,43,123,103,135,10,77" hai3="71,108,23,29,107,32,126,132,28,112,85,7,52"/><T62/><D122/><U9/><E116/><V72/><F123/><W6/><G108/><T84/><D104/><U133/><E133/><V30/><F30/><W12/><G71/><T15/><D110/><U76/><E124/><V64/><F64/><W8/><G107/><T25/><D134/><U2/><E49/><V37/><F130/><N who="1" m="49673" /><E60/><V93/><REACH who="2" step="1"/><F135/><REACH who="2" ten="409,251,259,71" step="2"/><W98/><G132/><T115/><D115/><U92/><E79/><V87/><F87/><W54/><G112/><T53/><D75/><N who="1" m="43167" /><E92/><V40/><F40/><W19/><G126/><T91/><D73/><U111/><E111/><V11/><F11/><W58/><G85/><T33/><D84/><U13/><E2/><V42/><F42/><W34/><G34/><T114/><D33/><U0/><E0/><V45/><F45/><W66/><G32/><T74/><D74/><U26/><E26/><V59/><F59/><W117/><G117/><T101/><D114/><U96/><E96/><V113/><F113/><W16/><G98/><T61/><D25/><U55/><E55/><N who="3" m="21034" /><G29/><T100/><D57/><U68/><E68/><V83/><AGARI ba="2,1" hai="3,4,10,37,43,47,72,77,83,86,90,93,102,103" machi="83" ten="30,12000,2" yaku="1,1,0,1,25,2,52,1,53,1" doraHai="1" doraHaiUra="89" who="2" fromWho="2" sc="409,-62,251,-32,259,136,71,-32" /><INIT seed="5,0,0,5,5,5" ten="347,219,395,39" oya="1" hai0="10,48,108,73,81,133,0,109,118,22,90,105,96" hai1="126,93,60,75,89,101,131,56,62,104,15,57,114" hai2="32,7,21,87,74,25,115,135,46,106,123,1,130" hai3="103,50,99,91,40,95,58,52,97,28,77,37,13"/><U88/><E114/><V44/><F74/><W66/><G66/><T30/><D118/><U8/><E131/><V65/><F123/><W116/><G116/><T51/><D133/><U84/><E126/><V92/><F106/><W45/><G28/><T86/><D73/><U49/><E75/><V4/><F32/><W119/><G119/><T47/><D51/><U2/><E2/><V38/><F38/><W132/><G132/><T33/><D33/><U72/><E72/><V113/><F65/><W61/><G77/><T100/><D30/><U129/><E129/><V24/><F24/><W67/><G13/><T63/><D22/><U26/><E26/><V71/><F71/><W6/><G6/><N who="2" m="2089" /><F1/><W64/><REACH who="3" step="1"/><G37/><REACH who="3" ten="347,219,395,29" step="2"/><T121/><D0/><U85/><E15/><V70/><F135/><W110/><G110/><T111/><D121/><U16/><E16/><V43/><F130/><W12/><G12/><T34/><D34/><U98/><E8/><V124/><F115/><W117/><G117/><T29/><D29/><U23/><E23/><V36/><F113/><W42/><G42/><N who="0" m="24695" /><D10/><U11/><E11/><V83/><F43/><W27/><G27/><T20/><D20/><U82/><E49/><V112/><F112/><W55/><G55/><T69/><D69/><U59/><AGARI ba="0,1" hai="56,57,59,60,62,82,84,85,88,89,93,98,101,104" machi="59" ten="30,3000,0" yaku="0,1,54,1" doraHai="5" who="1" fromWho="1" sc="347,-10,219,40,395,-10,29,-10" /><INIT seed="5,1,0,0,2,123" ten="337,259,385,19" oya="1" hai0="94,19,109,20,33,119,29,130,102,3,11,129,8" hai1="30,91,110,46,133,90,13,112,128,47,17,58,126" hai2="93,23,27,41,49,75,113,131,34,57,39,84,99" hai3="22,53,42,114,74,79,1,24,111,92,35,86,10"/><U121/><E121/><V7/><F34/><W118/><G74/><T50/><D119/><U66/><E112/><V98/><F75/><W95/><G35/><T28/><D50/><U61/><E133/><V106/><F39/><W116/><G114/><T37/><D37/><U55/><E128/><N who="0" m="49257" /><D102/><U115/><E115/><V89/><F131/><W6/><G42/><T134/><D94/><U43/><E126/><V4/><F106/><W65/><G65/><T132/><D109/><U25/><E66/><V15/><F113/><W135/><G135/><N who="0" m="51755" /><D33/><U76/><E76/><V2/><F2/><W12/><G1/><T56/><D56/><U36/><E47/><N who="2" m="25839" /><F57/><W63/><G111/><T16/><D19/><U71/><E71/><V54/><F54/><W26/><G116/><T72/><D72/><U100/><E100/><V103/><F103/><W96/><G118/><T120/><D120/><U78/><E78/><V60/><F60/><W104/><G104/><T107/><D107/><U21/><REACH who="1" step="1"/><E110/><REACH who="1" ten="337,249,385,19" step="2"/><V105/><F105/><W67/><G67/><T101/><D101/><U81/><E81/><V14/><F93/><W32/><G95/><T40/><D40/><U87/><E87/><V64/><F84/><W44/><G86/><T48/><D48/><U122/><E122/><V73/><F64/><W62/><G79/><T97/><D97/><U38/><E38/><V80/><F73/><W124/><G96/><N who="2" m="36905" /><F80/><W88/><G92/><T0/><D0/><U51/><E51/><V45/><F45/><W127/><G44/><T59/><D3/><U9/><AGARI ba="1,1" hai="9,13,17,21,25,30,36,43,46,55,58,61,90,91" machi="9" ten="20,3900,0" yaku="1,1,0,1,7,1,53,0" doraHai="123" doraHaiUra="108" who="1" fromWho="1" sc="337,-14,249,52,385,-14,19,-14" /><INIT seed="5,2,0,3,4,121" ten="323,301,371,5" oya="1" hai0="101,73,19,56,64,50,134,12,15,11,59,24,48" hai1="104,16,133,118,102,47,22,43,132,111,44,13,62" hai2="89,1,3,80,38,0,14,40,117,51,109,83,122" hai3="8,91,21,52,82,128,37,2,75,45,39,72,126"/><U65/><E118/><V106/><F109/><W66/><G66/><T70/><D73/><U93/><E104/><V25/><F106/><W88/><G21/><N who="0" m="13375" /><D70/><U27/><E111/><V120/><F38/><W131/><G126/><T69/><D69/><N who="1" m="42167" /><E27/><V29/><F117/><W96/><G39/><T108/><D108/><U130/><E43/><V32/><F89/><N who="3" m="34379" /><G96/><T26/><D101/><U113/><E113/><V18/><F51/><N who="0" m="19498" /><D26/><U127/><E127/><V74/><F40/><N who="3" m="22671" /><G52/><T92/><D134/><N who="1" m="51819" /><E130/><N who="3" m="49706" /><G82/><T123/><D123/><U129/><E129/><V67/><F67/><W78/><G78/><T53/><D64/><U31/><E31/><V57/><F83/><W79/><G79/><T17/><D92/><U63/><E63/><V94/><F80/><W98/><G98/><AGARI ba="2,0" hai="13,16,22,44,47,93,98,102" m="51819,42167" machi="98" ten="30,2900,0" yaku="20,1,54,1" doraHai="121" who="1" fromWho="3" sc="323,0,301,35,371,0,5,-35" owari="323,-8.0,336,14.0,371,47.0,-30,-53.0" /></mjloggm>