<mjloggm ver="2.3"><GO type="169" lobby="0"/><UN n0="%E5%B0%B1%E6%B4%BB%E7%94%9F%40%E5%B7%9D%E6%9D%91%E8%BB%8D%E5%9B%A3" n1="%E3%81%9C%E3%82%8D%E3%82%81%E3%81%90" n2="%53%49%4C%41%53" n3="%E7%84%A1%E6%AF%9B%E7%8C%AB%EF%BC%A0%E5%B7%9D%E6%9D%91%E8%BB%8D%E5%9B%A3" dan="17,16,17,16" rate="2253.88,2043.27,2193.70,2061.65" sx="M,F,F,F"/><TAIKYOKU oya="0"/><INIT seed="0,0,0,0,0,117" ten="250,250,250,250" oya="0" hai0="119,72,92,84,134,10,42,25,102,20,31,62,114" hai1="116,85,24,52,47,126,12,103,28,91,120,23,44" hai2="80,109,135,68,32,98,87,56,107,113,99,65,54" hai3="57,111,81,17,61,9,53,122,71,79,30,108,64"/><T48/><D72/><U121/><E116/><V33/><F113/><W66/><G30/><T101/><D114/><U35/><E126/><V97/><F107/><W41/><G41/><T11/><D119/><U90/><E103/><V8/><F109/><W63/><G66/><T105/><D105/><U40/><E91/><V127/><F127/><W73/><G122/><T131/><D134/><U18/><E52/><V38/><F38/><W37/><G37/><T112/><D112/><U93/><REACH who="1" step="1"/><E47/><REACH who="1" ten="250,240,250,250" step="2"/><V128/><F135/><W94/><G108/><T3/><D102/><U129/><E129/><V59/><F128/><W125/><G111/><T13/><D131/><U118/><E118/><V86/><F54/><W46/><G125/><T110/><D110/><U15/><E15/><V39/><F80/><W1/><G46/><N who="0" m="25687" /><D3/><U29/><E29/><V78/><F78/><W2/><G2/><T7/><D62/><U27/><E27/><V5/><F65/><W74/><G1/><T43/><D43/><U67/><E67/><V45/><F45/><W34/><G81/><T95/><D101/><U50/><AGARI ba="0,1" hai="12,18,23,24,28,35,40,44,50,85,90,93,120,121" machi="50" ten="20,12000,2" yaku="1,1,0,1,7,1,52,2,53,1" doraHai="117" doraHaiUra="83" who="1" fromWho="1" sc="250,-60,240,130,250,-30,250,-30" /><INIT seed="1,0,0,0,1,83" ten="190,370,220,220" oya="1" hai0="13,127,132,122,125,32,46,3,84,94,55,56,21" hai1="18,7,11,102,33,131,59,82,20,91,45,28,49" hai2="25,97,2,118,17,47,79,51,77,50,12,29,37" hai3="4,43,80,9,41,42,68,16,85,35,48,88,62"/><U117/><E131/><V10/><F118/><W89/><G35/><T22/><D32/><U92/><E117/><V113/><F113/><W14/><G4/><T109/><D3/><U133/><E133/><V69/><F69/><W52/><G89/><N who="0" m="53543" /><D132/><U15/><E102/><V108/><F108/><W119/><G119/><T63/><D109/><U114/><E114/><V81/><F97/><W64/><G43/><T38/><D13/><U19/><E59/><AGARI ba="0,0" hai="9,14,16,41,42,48,52,59,62,64,68,80,85,88" machi="59" ten="30,8000,1" yaku="7,1,52,1,54,3" doraHai="83" who="3" fromWho="1" sc="190,0,370,-80,220,0,220,80" /><INIT seed="2,0,0,1,1,85" ten="190,290,220,300" oya="2" hai0="41,81,63,62,91,18,15,60,125,21,58,32,134" hai1="116,3,66,25,54,117,83,16,47,79,94,84,27" hai2="40,76,35,133,31,89,121,6,86,71,30,69,78" hai3="5,77,34,131,51,115,55,75,100,72,22,44,120"/><V96/><F121/><W10/><G34/><T92/><D32/><U48/><E3/><V73/><F133/><W97/><G120/><T8/><D134/><U19/><E66/><V99/><F6/><W106/><G131/><T43/><D125/><U98/><E117/><V64/><F40/><W112/><G22/><T102/><D58/><U50/><E116/><V20/><F35/><W42/><G55/><T61/><N who="0" m="15872" /><DORA hai="132" /><T2/><D102/><U70/><E70/><V33/><F33/><W12/><REACH who="3" step="1"/><G77/><REACH who="3" ten="190,290,220,290" step="2"/><T53/><D53/><U29/><E54/><V118/><F118/><W126/><G126/><T114/><D114/><AGARI ba="0,1" hai="5,10,12,42,44,51,72,75,97,100,106,112,114,115" machi="114" ten="40,2600,0" yaku="1,1,11,1,53,0" doraHai="85,132" doraHaiUra="67,122" who="3" fromWho="0" sc="190,-26,290,0,220,0,290,36" /><INIT seed="3,0,0,2,5,112" ten="164,290,220,326" oya="3" hai0="62,69,114,1,115,37,105,131,63,5,29,40,85" hai1="67,83,71,132,126,31,84,53,11,6,74,27,42" hai2="93,26,61,101,24,4,0,23,47,34,28,89,48" hai3="43,2,59,56,73,35,90,3,94,98,64,49,129"/><W91/><G35/><T45/><D85/><U128/><E74/><V13/><F101/><W60/><G73/><T109/><D105/><U118/><E126/><V125/><F125/><W30/><G30/><T124/><D29/><U55/><E132/><V95/><F0/><W17/><G129/><T77/><D77/><U103/><E128/><V121/><F121/><W102/><G3/><T99/><D124/><U9/><E42/><V50/><F61/><N who="0" m="23050" /><D99/><U110/><E103/><V36/><F36/><W46/><G2/><T130/><D5/><U86/><E67/><V123/><F123/><W54/><REACH who="3" step="1"/><G17/><REACH who="3" ten="164,290,220,316" step="2"/><T80/><D1/><U58/><E31/><V16/><F4/><W18/><G18/><T87/><D109/><U119/><E110/><V32/><F32/><W117/><G117/><T100/><D69/><U96/><E71/><V79/><F34/><W8/><G8/><T21/><D21/><U65/><E6/><V12/><F28/><W70/><G70/><T88/><D130/><U39/><E9/><V92/><F16/><W78/><G78/><T41/><D131/><U104/><E11/><V116/><F23/><W113/><G113/><T15/><D115/><U127/><E127/><V106/><F79/><W135/><G135/><T97/><D114/><U19/><E19/><V72/><F116/><W14/><G14/><T133/><D15/><U33/><E119/><V122/><F72/><W52/><G52/><T76/><D133/><U44/><E118/><V134/><F134/><W20/><G20/><T7/><D7/><U38/><E53/><V25/><F12/><RYUUKYOKU ba="0,1" sc="164,-10,290,-10,220,-10,316,30" hai3="43,46,49,54,56,59,60,64,90,91,94,98,102" /><INIT seed="3,1,1,5,4,74" ten="154,280,210,346" oya="3" hai0="28,110,47,54,6,26,48,51,64,88,101,57,102" hai1="45,100,11,124,60,77,76,1,97,18,91,85,10" hai2="24,58,122,25,113,117,40,111,95,89,50,94,32" hai3="34,8,17,4,53,61,29,49,75,109,96,131,16"/><W9/><G75/><T87/><D110/><U41/><E124/><V126/><F117/><W84/><G34/><T66/><D6/><U107/><E60/><V36/><F111/><W30/><G131/><T81/><D66/><U132/><E132/><V108/><F108/><W128/><G128/><T92/><D81/><U90/><E90/><V20/><F126/><W83/><G61/><T56/><D56/><U15/><E10/><N who="3" m="4202" /><G96/><T82/><D82/><U130/><E1/><V115/><F36/><W42/><G42/><T123/><D123/><U105/><E105/><V14/><F122/><W5/><G30/><T67/><D67/><U23/><E11/><V86/><F32/><W103/><G29/><T72/><D72/><U63/><E63/><V135/><F94/><W118/><G103/><T59/><D59/><U43/><E130/><V12/><F135/><W68/><G68/><T52/><D64/><U19/><E19/><N who="3" m="7242" /><G118/><T93/><D93/><N who="1" m="54511" /><E43/><V116/><F116/><W44/><G109/><T129/><D129/><U133/><E133/><V3/><F3/><W79/><AGARI ba="1,1" hai="4,5,44,49,53,79,83,84" m="7242,4202" machi="79" ten="30,6000,0" yaku="8,1,52,1,54,1" doraHai="74" who="3" fromWho="3" sc="154,-21,280,-21,210,-21,346,73" /><INIT seed="3,2,0,3,2,100" ten="133,259,189,419" oya="3" hai0="28,12,49,64,35,10,47,122,135,1,62,105,2" hai1="86,13,66,68,7,9,94,32,39,18,4,133,17" hai2="112,113,92,55,103,76,77,26,37,59,101,29,72" hai3="34,48,117,31,41,114,44,6,15,58,21,22,8"/><W126/><G114/><T120/><D135/><U79/><E133/><V81/><F37/><W118/><G126/><T20/><D35/><U109/><E109/><V42/><F42/><W90/><G90/><T11/><D2/><U45/><E32/><V91/><F76/><W0/><G58/><T123/><D1/><U98/><E4/><V102/><F55/><W119/><G0/><T61/><D105/><U111/><E111/><V30/><F59/><W70/><G70/><T125/><D125/><U95/><E95/><V131/><F30/><W132/><G132/><T74/><D74/><U63/><E45/><V69/><F69/><W128/><G128/><T71/><D62/><U14/><E39/><V73/><F72/><W65/><G65/><T25/><REACH who="0" step="1"/><D12/><REACH who="0" ten="123,259,189,419" step="2"/><U43/><E14/><V134/><F134/><W16/><G34/><T82/><D82/><U80/><REACH who="1" step="1"/><E43/><AGARI ba="2,1" hai="10,11,20,25,28,43,47,49,61,64,71,120,122,123" machi="43" ten="40,1300,0" yaku="1,1,53,0" doraHai="100" doraHaiUra="108" who="0" fromWho="1" sc="123,29,259,-19,189,0,419,0" /><INIT seed="4,0,0,4,5,48" ten="152,240,189,419" oya="0" hai0="44,79,32,93,104,54,11,24,5,112,88,115,70" hai1="94,30,41,59,7,86,34,97,72,2,18,37,17" hai2="132,95,99,85,121,65,14,67,49,129,105,110,111" hai3="53,13,45,81,123,38,50,46,80,103,35,33,130"/><T1/><D104/><U122/><E72/><V116/><F121/><W15/><G103/><T4/><D70/><U100/><E122/><V64/><F132/><W31/><G31/><T87/><D5/><U56/><E30/><V60/><F129/><W69/><G38/><T71/><D71/><U39/><E34/><V98/><F60/><W101/><G101/><T131/><D131/><U96/><E86/><V23/><F105/><W0/><G0/><T102/><D102/><U40/><E100/><V108/><F116/><W26/><G26/><T28/><REACH who="0" step="1"/><D79/><REACH who="0" ten="142,240,189,419" step="2"/><U57/><E7/><V128/><F128/><W47/><G69/><T9/><D9/><U120/><E120/><V27/><F108/><W117/><G130/><T12/><D12/><U127/><E2/><V25/><F111/><W20/><G13/><T55/><D55/><U114/><E41/><V63/><F110/><W58/><G15/><T19/><D19/><U78/><E40/><V82/><F14/><W43/><G43/><T29/><D29/><U73/><E17/><V113/><F25/><W6/><G6/><T77/><D77/><U68/><E18/><V124/><F27/><W52/><G123/><T135/><D135/><U125/><E68/><V75/><F23/><W126/><G20/><T16/><D16/><U118/><E78/><V66/><F66/><W62/><G35/><T51/><AGARI ba="0,1" hai="1,4,11,24,28,32,44,51,54,87,88,93,112,115" machi="51" ten="30,12000,1" yaku="1,1,0,1,52,1,54,1,53,1" doraHai="48" doraHaiUra="42" who="0" fromWho="0" sc="142,130,240,-40,189,-40,419,-40" /><INIT seed="4,1,0,1,2,28" ten="272,200,149,379" oya="0" hai0="121,44,29,45,79,52,99,111,20,113,119,32,80" hai1="82,63,0,61,128,106,105,108,83,85,42,7,16" hai2="18,132,118,71,115,51,129,22,46,130,41,56,9" hai3="92,81,26,72,91,123,70,14,33,135,98,66,100"/><T1/><D1/><U75/><E108/><V74/><F71/><W25/><G135/><T126/><D119/><U30/><E128/><N who="2" m="49259" /><F74/><W122/><G66/><T73/><D32/><U19/><E30/><V4/><F132/><W114/><G70/><T57/><D113/><U54/><E42/><V88/><F115/><W67/><G67/><T49/><D126/><U97/><E75/><V35/><F35/><W17/><G114/><T34/><D34/><U2/><E85/><V131/><N who="2" m="49267" /><V6/><DORA hai="37" /><F118/><W65/><G65/><T124/><D124/><U38/><E7/><V3/><F6/><W120/><G33/><T21/><D121/><U48/><E48/><V110/><F56/><W76/><G100/><T86/><D73/><U133/><E133/><V55/><F110/><W117/><G117/><T87/><D87/><U64/><E64/><V5/><F5/><W90/><G91/><T59/><D59/><U11/><E11/><AGARI ba="1,0" hai="11,14,17,25,26,72,76,81,90,92,98,120,122,123" machi="11" ten="40,1300,0" yaku="13,1" doraHai="28,37" who="3" fromWho="1" sc="272,0,200,-16,149,0,379,16" /><INIT seed="5,0,0,5,3,7" ten="272,184,149,395" oya="1" hai0="88,85,111,69,10,3,82,132,46,117,76,37,114" hai1="54,26,94,4,98,95,103,20,80,6,64,97,40" hai2="127,48,35,133,55,105,60,102,61,116,115,38,9" hai3="18,74,45,47,34,81,120,29,16,8,43,36,13"/><U131/><E131/><V123/><F116/><W130/><G120/><T28/><D69/><U27/><E64/><V71/><F123/><W19/><G130/><T2/><D111/><U109/><E109/><V58/><F35/><W101/><G101/><T66/><D66/><U106/><E40/><V44/><F105/><W108/><G29/><T73/><D28/><U50/><E80/><V57/><F102/><W25/><G34/><T126/><D132/><U112/><E112/><V22/><F22/><W52/><G108/><T65/><D65/><U124/><E124/><V15/><F133/><W83/><G74/><T89/><D114/><U63/><E63/><V51/><F115/><W68/><G68/><T32/><D32/><U30/><E27/><V104/><F104/><W129/><G129/><T118/><D126/><U53/><E106/><V79/><F127/><W113/><G25/><T21/><D89/><N who="1" m="55503" /><E54/><N who="2" m="31967" /><F38/><W125/><G113/><T5/><D2/><U12/><E12/><V14/><F71/><W93/><G93/><N who="0" m="54415" /><D21/><U90/><E103/><V1/><F79/><W59/><G125/><T72/><D72/><U56/><AGARI ba="0,0" hai="4,6,20,26,30,50,53,56,90,95,98" m="55503" machi="56" ten="30,1500,0" yaku="8,1" doraHai="7" who="1" fromWho="1" sc="272,-5,184,15,149,-5,395,-5" /><INIT seed="5,1,0,0,4,113" ten="267,199,144,390" oya="1" hai0="83,6,80,94,78,86,15,12,131,127,68,43,109" hai1="14,134,67,18,19,4,85,46,9,54,123,84,37" hai2="118,32,63,13,49,34,66,21,35,62,56,24,16" hai3="5,59,73,99,64,27,53,97,20,133,28,39,93"/><U75/><E123/><V41/><F63/><W132/><G73/><T3/><D109/><U0/><E75/><V128/><F128/><W95/><G39/><T10/><D68/><U29/><E134/><N who="3" m="51818" /><G64/><T102/><D127/><U79/><E67/><V42/><F118/><W129/><G5/><T7/><D7/><U96/><E29/><V119/><F119/><W36/><G36/><T82/><D43/><U116/><E116/><V124/><F124/><W117/><G129/><T89/><D131/><U50/><E37/><V87/><F49/><N who="3" m="31151" /><G117/><T2/><D102/><U121/><E121/><V114/><F114/><W30/><G28/><T115/><D115/><U103/><E79/><V120/><F120/><W106/><G106/><T1/><REACH who="0" step="1"/><D12/><REACH who="0" ten="257,199,144,390" step="2"/><U38/><E38/><V111/><F111/><W44/><G44/><T104/><D104/><U33/><E14/><V108/><F108/><W60/><G60/><T40/><D40/><U26/><E46/><V57/><F42/><W130/><G130/><T77/><AGARI ba="1,1" hai="1,2,3,6,10,15,77,78,80,82,83,86,89,94" machi="77" ten="40,5200,0" yaku="1,1,0,1,53,1" doraHai="113" doraHaiUra="8" who="0" fromWho="0" sc="257,65,199,-27,144,-14,390,-14" /><INIT seed="6,0,0,2,1,93" ten="322,172,130,376" oya="2" hai0="0,65,23,127,7,96,115,20,26,40,118,67,8" hai1="38,128,50,9,104,47,102,60,10,24,130,51,33" hai2="132,25,14,54,3,52,112,111,37,105,101,48,64" hai3="6,107,83,11,113,5,12,34,55,114,29,121,77"/><V74/><F3/><W21/><G107/><T18/><D115/><U106/><E38/><V103/><F37/><W94/><G121/><T91/><D127/><U108/><E108/><V31/><F112/><W36/><G36/><T125/><D125/><U110/><E110/><V16/><F111/><W80/><G80/><T70/><D70/><U129/><E60/><V30/><F74/><W117/><G6/><T4/><D4/><U61/><E61/><V97/><F101/><W46/><G94/><T17/><D40/><U81/><E81/><V59/><F64/><W22/><G22/><T126/><D118/><U85/><E85/><V133/><F54/><W68/><G68/><T72/><D72/><U134/><E134/><N who="2" m="51819" /><F25/><N who="3" m="18735" /><G55/><T116/><D116/><U1/><E1/><V119/><F119/><W58/><G46/><T131/><D131/><U15/><E102/><V78/><F78/><W98/><G58/><T62/><D62/><U124/><E124/><V35/><F35/><W53/><G53/><T39/><D39/><U57/><E33/><V84/><F84/><W41/><G41/><T89/><D126/><U66/><E24/><V79/><F79/><W123/><G123/><T122/><D122/><U120/><E120/><V73/><F73/><N who="3" m="43439" /><G117/><T19/><D67/><U63/><E15/><V2/><F2/><N who="3" m="439" /><G98/><T86/><D65/><U42/><E50/><V99/><F99/><W87/><G87/><T92/><D26/><U71/><E71/><V95/><F105/><AGARI ba="0,0" hai="9,10,42,47,51,57,63,66,104,105,106,128,129,130" machi="105" ten="50,1600,0" yaku="19,1" doraHai="93" who="1" fromWho="2" sc="322,0,172,16,130,-16,376,0" /><INIT seed="7,0,0,2,3,39" ten="322,188,114,376" oya="3" hai0="7,71,125,107,128,41,104,38,121,114,28,12,64" hai1="54,17,127,42,48,27,131,108,21,126,24,105,53" hai2="59,95,18,110,133,134,47,79,111,130,76,100,45" hai3="44,89,101,62,34,61,116,88,124,92,3,57,118"/><W26/><G3/><T75/><D121/><U56/><E108/><V93/><F100/><W112/><G118/><T77/><D128/><U1/><E131/><V115/><F130/><W10/><G116/><T60/><D125/><N who="1" m="47627" /><E105/><V46/><F46/><W49/><G124/><T9/><D114/><U67/><E1/><V13/><F13/><W36/><G36/><T6/><D6/><U109/><E109/><V5/><F5/><W94/><G112/><T0/><D12/><U66/><E27/><V129/><F129/><W8/><G26/><T96/><D28/><U70/><E70/><V20/><F115/><W33/><G33/><T55/><D55/><N who="1" m="21003" /><E56/><V135/><F135/><W86/><G34/><T97/><D97/><U132/><E132/><V16/><REACH who="2" step="1"/><F20/><REACH who="2" ten="322,188,104,376" step="2"/><W123/><G44/><AGARI ba="0,1" hai="17,21,24,42,44,48,66,67" m="21003,47627" machi="44" ten="30,2000,0" yaku="18,1,52,1" doraHai="39" who="1" fromWho="3" sc="322,0,188,30,104,0,376,-20" owari="322,12.0,218,-18.0,104,-40.0,356,46.0" /></mjloggm>