<mjloggm ver="2.3"><GO type="169" lobby="0"/><UN n0="%E3%82%A6%E3%83%AB%E3%83%88%E3%83%A9%E7%AB%8B%E7%9B%B4" n1="%61%31%33%31%38%34%38" n2="%E3%82%AF%E3%83%AD%E3%83%8E%E3%82%B9%40" n3="%5A%5A%5A%5A%5A" dan="17,16,17,16" rate="2200.88,2087.97,2128.07,2074.59" sx="M,M,M,M"/><TAIKYOKU oya="0"/><INIT seed="0,0,0,3,0,47" ten="250,250,250,250" oya="0" hai0="5,18,52,101,90,39,131,89,125,69,35,133,36" hai1="12,86,50,53,100,22,124,132,59,127,31,64,82" hai2="92,74,7,111,118,33,24,93,102,41,58,115,73" hai3="126,6,134,56,65,57,105,98,4,94,99,95,2"/><T104/><D69/><U119/><E119/><V38/><F118/><W42/><G134/><T61/><D35/><U21/><E132/><V122/><F115/><W87/><G105/><T48/><D133/><U114/><E114/><V8/><F122/><W117/><G117/><T28/><D28/><U76/><E100/><V32/><F111/><W45/><G126/><N who="1" m="48170" /><E31/><V79/><F58/><W84/><G65/><T55/><D125/><U103/><E103/><V27/><F27/><W9/><G6/><T17/><D104/><U13/><E64/><V109/><F109/><W19/><G19/><N who="0" m="7179" /><D39/><U120/><E120/><V110/><F110/><W34/><G34/><T60/><D36/><U70/><E70/><V3/><F74/><W67/><G67/><T20/><D131/><U130/><E130/><V63/><F63/><N who="0" m="24138" /><D101/><U1/><E1/><V116/><F116/><W72/><G72/><T54/><D20/><AGARI ba="0,0" hai="12,13,20,21,22,50,53,59,76,82,86" m="48170" machi="20" ten="30,2000,0" yaku="18,1,52,1" doraHai="47" who="1" fromWho="0" sc="250,-20,250,20,250,0,250,0" /><INIT seed="1,0,0,3,2,100" ten="230,270,250,250" oya="1" hai0="55,106,102,32,72,101,65,38,29,88,19,109,35" hai1="78,49,27,90,66,135,123,24,79,121,126,46,2" hai2="25,82,84,108,58,52,77,116,74,59,3,104,91" hai3="36,8,134,80,17,45,122,131,97,42,120,60,37"/><U51/><E2/><V39/><F39/><W112/><G112/><T117/><D72/><U47/><E66/><V76/><F116/><W107/><G131/><T69/><D38/><U95/><E95/><V94/><F3/><W5/><G134/><T115/><D101/><U21/><E21/><V28/><F108/><W10/><G17/><T132/><D32/><U34/><E90/><V111/><F111/><W103/><G60/><N who="0" m="40103" /><D55/><U33/><REACH who="1" step="1"/><E126/><REACH who="1" ten="230,260,250,250" step="2"/><V70/><F70/><W4/><G80/><T71/><D71/><U96/><E96/><V125/><F125/><W26/><G97/><N who="0" m="61775" /><D109/><U22/><E22/><V61/><F77/><W105/><G105/><T127/><D127/><U31/><E31/><V11/><F104/><W57/><G107/><T89/><D132/><AGARI ba="0,1" hai="24,27,33,34,46,47,49,51,78,79,121,123,132,135" machi="132" ten="25,4800,0" yaku="1,1,22,2,53,0" doraHai="100" doraHaiUra="18" who="1" fromWho="0" sc="230,-48,260,58,250,0,250,0" /><INIT seed="1,1,0,2,5,69" ten="182,318,250,250" oya="1" hai0="110,54,38,132,14,57,115,126,127,107,13,3,63" hai1="72,92,91,76,42,21,103,93,10,41,84,40,80" hai2="86,90,4,70,133,87,25,17,94,22,68,96,79" hai3="121,20,131,45,109,58,1,12,36,23,81,35,130"/><U106/><E21/><V50/><F133/><W117/><G81/><T34/><D115/><U0/><E93/><V120/><F120/><W39/><G58/><T82/><D3/><U66/><E66/><V111/><F111/><W53/><G121/><T2/><D2/><U8/><REACH who="1" step="1"/><E0/><REACH who="1" ten="182,308,250,250" step="2"/><V48/><F94/><W74/><G1/><T5/><D132/><U43/><N who="1" m="10240" /><DORA hai="62" /><U30/><E30/><V15/><F22/><W112/><G23/><T97/><D127/><U125/><E125/><V123/><F123/><W31/><G20/><T60/><D126/><U89/><E89/><V114/><F90/><W19/><G35/><T122/><D122/><U135/><E135/><V28/><F28/><W73/><G109/><T116/><D34/><U129/><E129/><V100/><F114/><W7/><G112/><T56/><D110/><U71/><E71/><V113/><F68/><W16/><G131/><T59/><D54/><U9/><E9/><V26/><F113/><W46/><G31/><T33/><D33/><U95/><E95/><V44/><F70/><W52/><G53/><T64/><D64/><U104/><E104/><V75/><F26/><W32/><G52/><T105/><D107/><U27/><E27/><V49/><F25/><W6/><G32/><T108/><D105/><U98/><AGARI ba="1,1" hai="8,10,72,76,80,84,91,92,98,103,106" m="10240" machi="98" ten="40,24000,3" yaku="1,1,0,1,24,2,53,5" doraHai="69,62" doraHaiUra="78,37" who="1" fromWho="1" sc="182,-81,308,253,250,-81,250,-81" /><INIT seed="1,2,0,1,2,126" ten="101,561,169,169" oya="1" hai0="63,61,96,54,87,69,34,94,24,25,58,70,130" hai1="74,93,102,75,1,134,12,33,98,2,108,59,72" hai2="49,29,124,120,83,129,15,106,115,60,103,67,125" hai3="38,101,85,30,111,92,133,19,78,65,91,112,8"/><U47/><E134/><V132/><F120/><W50/><G38/><T119/><D119/><U22/><E33/><V64/><F132/><W53/><G133/><T3/><D3/><U9/><E108/><V5/><F115/><W86/><G112/><T84/><D69/><U79/><E79/><V14/><F29/><W135/><G135/><T27/><D34/><U39/><E22/><V110/><F110/><W20/><G65/><T21/><D70/><U13/><E59/><V52/><F83/><W113/><G113/><T76/><D76/><U35/><E35/><V37/><F37/><W81/><G101/><T43/><D43/><U82/><E82/><V109/><F129/><W57/><G111/><T62/><D130/><U23/><E23/><V40/><F40/><W42/><G30/><T41/><D41/><U56/><E39/><V6/><F109/><W66/><G42/><T122/><D122/><U36/><E36/><V117/><F117/><W107/><G107/><T123/><D123/><U121/><E121/><V131/><F131/><W80/><G66/><N who="2" m="25129" /><F60/><N who="0" m="23146" /><D21/><U32/><E32/><V77/><F77/><W45/><G8/><T100/><AGARI ba="2,0" hai="24,25,27,54,58,63,84,87,94,96,100" m="23146" machi="100" ten="30,1100,0" yaku="8,1" doraHai="126" who="0" fromWho="0" sc="101,17,561,-7,169,-5,169,-5" /><INIT seed="2,0,0,3,5,63" ten="118,554,164,164" oya="2" hai0="31,24,71,72,70,99,119,5,49,112,18,16,4" hai1="59,135,87,33,36,34,48,56,7,111,22,106,88" hai2="43,122,38,54,97,6,10,52,117,93,13,51,103" hai3="12,89,114,98,45,11,80,44,37,95,127,68,91"/><V83/><F122/><W19/><G127/><T8/><D72/><U75/><E36/><V102/><F117/><W120/><G120/><T126/><D112/><U66/><E111/><V27/><F38/><W94/><G114/><T17/><D126/><U64/><E75/><V65/><F103/><W125/><G125/><T53/><D99/><U30/><E106/><V1/><F1/><W41/><G80/><T57/><D119/><U58/><E135/><V124/><F124/><W25/><G45/><T14/><REACH who="0" step="1"/><D5/><REACH who="0" ten="108,554,164,164" step="2"/><U82/><E7/><V21/><F83/><W85/><G25/><T40/><D40/><U92/><E82/><V69/><F43/><W60/><REACH who="3" step="1"/><G60/><REACH who="3" ten="108,554,164,154" step="2"/><T100/><D100/><U73/><E73/><V0/><F102/><W50/><G50/><T62/><D62/><U15/><E48/><V131/><F51/><W79/><G79/><T35/><AGARI ba="0,2" hai="4,8,14,16,17,18,24,31,35,49,53,57,70,71" machi="35" ten="30,4000,0" yaku="1,1,0,1,54,1,53,0" doraHai="63" doraHaiUra="81" who="0" fromWho="0" sc="108,60,554,-10,164,-20,154,-10" /><INIT seed="3,0,0,4,2,71" ten="168,544,144,144" oya="3" hai0="67,36,46,98,1,118,16,134,62,123,57,7,29" hai1="21,66,103,94,95,24,80,117,116,79,33,9,64" hai2="18,12,20,37,74,72,23,11,27,15,4,100,6" hai3="104,91,61,45,3,101,73,109,55,75,84,121,19"/><W56/><G121/><T14/><D123/><U65/><E33/><V102/><F27/><W34/><G3/><T107/><D118/><N who="1" m="45675" /><E9/><V112/><F11/><W42/><G34/><T78/><D134/><U43/><E43/><V32/><F32/><W38/><G109/><T110/><D29/><N who="1" m="17551" /><E103/><V82/><F82/><W51/><G19/><T132/><D132/><U30/><E30/><V108/><F18/><W53/><G101/><T93/><D107/><U77/><E77/><V40/><F40/><W99/><G99/><T31/><D31/><U44/><E44/><V120/><F120/><W60/><G104/><T131/><D7/><U96/><E96/><V83/><F83/><W59/><REACH who="3" step="1"/><G51/><REACH who="3" ten="168,544,144,134" step="2"/><T92/><D1/><U88/><E88/><V25/><F108/><W86/><G86/><AGARI ba="0,1" hai="64,65,66,79,80,86,94,95" m="17551,45675" machi="86" ten="30,1000,0" yaku="12,1" doraHai="71" who="1" fromWho="3" sc="168,0,544,20,144,0,134,-10" /><INIT seed="4,0,0,5,2,34" ten="168,564,144,124" oya="0" hai0="35,14,29,101,18,100,47,124,122,24,52,8,96" hai1="31,113,93,68,51,40,112,131,123,128,107,115,21" hai2="38,45,109,85,67,91,7,98,82,50,86,6,13" hai3="30,108,57,105,127,22,15,106,81,87,32,83,77"/><T119/><D119/><U39/><E123/><V69/><F109/><W76/><G108/><T55/><D122/><U92/><E39/><V84/><F38/><W102/><G127/><T70/><D124/><U26/><E107/><V88/><F98/><W117/><G117/><T37/><D70/><U12/><E68/><V135/><F135/><W63/><G32/><T126/><D126/><U125/><E125/><V56/><F69/><W110/><G110/><T118/><D118/><U36/><E36/><V130/><F130/><N who="1" m="49705" /><E12/><V20/><F85/><W99/><G105/><T1/><D1/><U134/><E134/><V10/><F20/><W28/><G15/><T75/><D75/><U65/><E65/><V9/><F56/><W120/><G120/><T60/><D60/><U16/><E31/><V133/><F67/><W53/><REACH who="3" step="1"/><G22/><REACH who="3" ten="168,564,144,114" step="2"/><T4/><D35/><U25/><E25/><V71/><F133/><W94/><G94/><T95/><D24/><U104/><E104/><V3/><F71/><W132/><G132/><T129/><D129/><U17/><E93/><V116/><F116/><W121/><G121/><T79/><D95/><U41/><E92/><V103/><F103/><W0/><G0/><T19/><D101/><U59/><E26/><V11/><F11/><W58/><G58/><T44/><D100/><U54/><E21/><V97/><F97/><W5/><G5/><T27/><D96/><U72/><E113/><V49/><F45/><W43/><G43/><N who="0" m="22639" /><D47/><U111/><E115/><V90/><F82/><W33/><G33/><N who="0" m="20671" /><D4/><U48/><E112/><V66/><F66/><RYUUKYOKU ba="0,1" sc="168,-15,564,-15,144,15,114,15" hai2="3,6,7,9,10,13,49,50,84,86,88,90,91" hai3="28,30,53,57,63,76,77,81,83,87,99,102,106" /><INIT seed="5,1,1,4,2,131" ten="153,549,159,129" oya="1" hai0="124,88,54,43,98,129,32,14,17,1,83,35,26" hai1="13,82,30,48,61,56,63,24,134,41,12,50,86" hai2="97,102,2,64,25,52,89,62,7,95,65,96,116" hai3="99,122,76,87,119,72,9,113,40,66,55,106,123"/><U31/><E134/><V108/><F108/><W21/><G66/><T10/><D129/><U58/><E41/><V53/><F116/><W115/><G40/><T3/><D43/><U114/><E114/><N who="3" m="43530" /><G119/><T73/><D73/><U103/><E103/><V60/><F2/><N who="0" m="522" /><D98/><N who="2" m="37994" /><F7/><W121/><G9/><T107/><D107/><U104/><E104/><V79/><F79/><W126/><G21/><T44/><D26/><U127/><E127/><V130/><F130/><W117/><G117/><T101/><D101/><U67/><E24/><V59/><F25/><W6/><G6/><T77/><D77/><U91/><E31/><V28/><F28/><W36/><G36/><T93/><D93/><U11/><E30/><V112/><F112/><W100/><G55/><N who="2" m="21065" /><F102/><W135/><G126/><T5/><D5/><N who="1" m="3183" /><E13/><V37/><F37/><W90/><G72/><T29/><D29/><U47/><E47/><V18/><F18/><W85/><G76/><T57/><D124/><U69/><E69/><V81/><F81/><N who="3" m="49455" /><G87/><N who="0" m="50303" /><D57/><U74/><E74/><V16/><F16/><W80/><G80/><T38/><D38/><U20/><E20/><V68/><F68/><W0/><G0/><T105/><D105/><U94/><E82/><V120/><F65/><AGARI ba="1,1" hai="48,50,56,58,61,63,65,67,86,91,94" m="3183" machi="65" ten="30,1500,0" yaku="8,1" doraHai="131" who="1" fromWho="2" sc="153,0,549,28,159,-18,129,0" /><INIT seed="5,2,0,4,0,25" ten="153,577,141,129" oya="1" hai0="35,53,131,19,16,50,17,115,8,74,46,3,26" hai1="51,105,133,22,7,132,41,34,27,63,65,81,24" hai2="54,12,122,86,5,61,112,129,135,30,76,128,36" hai3="66,121,109,45,111,9,107,94,58,134,77,13,52"/><U10/><E105/><V99/><F36/><W92/><G121/><T130/><D74/><U82/><E34/><V59/><F122/><W114/><G107/><T110/><D110/><U93/><E93/><V98/><F135/><W70/><G134/><T2/><D115/><U83/><E41/><V23/><F112/><W68/><G114/><T11/><D35/><U125/><E51/><V14/><F128/><N who="0" m="49194" /><D26/><U20/><E125/><V104/><F129/><W116/><G116/><T62/><D62/><U100/><E100/><V118/><F118/><W71/><G77/><T95/><D95/><U89/><E89/><V33/><F33/><W102/><G45/><T80/><D80/><U87/><E87/><V120/><F120/><W75/><G75/><T55/><D55/><U90/><E90/><V37/><F104/><W101/><G92/><T84/><D84/><U73/><E73/><V124/><F124/><W72/><G72/><T97/><D97/><N who="2" m="36874" /><F37/><W4/><G94/><T21/><D21/><U44/><E22/><V15/><F86/><W18/><G66/><T56/><D46/><U28/><E44/><V31/><F76/><W78/><G78/><T42/><D42/><U38/><E38/><V88/><F88/><W57/><G111/><T60/><D60/><U64/><E64/><V32/><F32/><W103/><G109/><T6/><D2/><N who="1" m="375" /><E27/><N who="2" m="16767" /><F5/><W47/><REACH who="3" step="1"/><G4/><REACH who="3" ten="153,577,141,119" step="2"/><T96/><D96/><U108/><E108/><V79/><F79/><W106/><G106/><T67/><D67/><U0/><E132/><V119/><F119/><W117/><G117/><T113/><D113/><RYUUKYOKU ba="2,1" sc="153,10,577,-30,141,10,119,10" hai0="3,6,8,11,16,17,19,50,53,56" hai2="12,14,15,31,54,59,61" hai3="9,13,18,47,52,57,58,68,70,71,101,102,103" /><INIT seed="6,3,1,1,4,113" ten="163,547,151,129" oya="2" hai0="97,130,115,106,94,79,66,27,125,0,30,119,31" hai1="131,37,3,24,120,46,42,11,122,12,32,83,7" hai2="39,74,108,49,90,22,84,14,67,43,40,88,110" hai3="54,28,128,5,73,63,92,133,1,126,78,117,35"/><V50/><F74/><W21/><G73/><T15/><D106/><U62/><E131/><V96/><F67/><W98/><G78/><T101/><D0/><U45/><E45/><V111/><F96/><W85/><G128/><T89/><D130/><U18/><E62/><V52/><F50/><W69/><G35/><T8/><D115/><U23/><E83/><V57/><F39/><W26/><G133/><T13/><D125/><U135/><E135/><V4/><F90/><W93/><G126/><T95/><D66/><U58/><E58/><V9/><F22/><W109/><G109/><T104/><D104/><U127/><E127/><V132/><F132/><W103/><G1/><T48/><D48/><U25/><E25/><V53/><F53/><W114/><G114/><T123/><D27/><U82/><E82/><AGARI ba="3,1" hai="4,9,14,40,43,49,52,57,82,84,88,108,110,111" machi="82" ten="40,7700,0" yaku="10,1,54,2" doraHai="113" who="2" fromWho="1" sc="163,0,547,-86,151,96,129,0" /><INIT seed="6,4,0,1,2,23" ten="163,461,247,129" oya="2" hai0="60,56,69,66,95,92,41,100,61,8,54,83,82" hai1="7,128,93,63,25,123,1,59,57,13,67,99,19" hai2="62,98,38,11,72,91,20,39,84,73,76,21,86" hai3="90,40,81,105,87,33,0,109,135,78,3,14,75"/><V24/><F21/><W10/><G109/><T114/><D114/><U125/><E128/><V103/><F11/><W4/><G135/><T116/><D116/><U127/><E123/><V64/><F73/><W18/><G40/><T110/><D110/><U29/><E1/><V42/><F72/><W126/><G126/><N who="1" m="48138" /><E7/><V113/><F76/><W80/><G105/><T129/><D129/><U32/><E13/><V58/><F113/><W118/><G118/><T17/><D41/><U124/><E19/><V22/><F22/><W12/><REACH who="3" step="1"/><G33/><REACH who="3" ten="163,461,247,119" step="2"/><T34/><D34/><U35/><E35/><V104/><F42/><W48/><G48/><T132/><D132/><U49/><E124/><V88/><F39/><W53/><G53/><T70/><D54/><U115/><E115/><V52/><F38/><W94/><G94/><T122/><D95/><U101/><E49/><V26/><F64/><W107/><G107/><T28/><D92/><U131/><E131/><V89/><F104/><W55/><G55/><T96/><D66/><U111/><E111/><V117/><F117/><W134/><G134/><T46/><D122/><U47/><E67/><V2/><F52/><W97/><G97/><T31/><D96/><U119/><E119/><V102/><F98/><W79/><G79/><T37/><D37/><U6/><E99/><V74/><F103/><W108/><G108/><T16/><D100/><U112/><E101/><V5/><F102/><W65/><G65/><T133/><D133/><U71/><E112/><V85/><F91/><W15/><G15/><T43/><D43/><U51/><E32/><RYUUKYOKU ba="4,1" sc="163,-10,461,-10,247,-10,119,30" hai3="0,3,4,10,12,14,18,75,78,80,81,87,90" /><INIT seed="7,5,1,0,3,6" ten="153,451,237,149" oya="3" hai0="116,107,80,4,73,77,135,47,82,112,120,129,66" hai1="93,42,44,11,83,27,115,86,37,41,134,76,74" hai2="89,48,130,121,105,100,56,45,18,91,28,113,85" hai3="71,17,30,123,69,2,8,55,72,39,102,14,94"/><W108/><G123/><T96/><D47/><U70/><E115/><V88/><F130/><W43/><G72/><T33/><D66/><U61/><E134/><V5/><F28/><W95/><G108/><T25/><D25/><U13/><E42/><V9/><F56/><W63/><G30/><T97/><D4/><U90/><E27/><V46/><F113/><W53/><G2/><T104/><D33/><U110/><E110/><V50/><F18/><W87/><G39/><T67/><D67/><U125/><E125/><V26/><F26/><W60/><G43/><T131/><D135/><U68/><E61/><N who="3" m="23626" /><G69/><T111/><D112/><U65/><E65/><V128/><F128/><N who="0" m="49226" /><D111/><U49/><E37/><V75/><F75/><W81/><G71/><T103/><D120/><U118/><E118/><V64/><F64/><W92/><G102/><N who="0" m="62535" /><D82/><U58/><E58/><V1/><F100/><W32/><G32/><T119/><AGARI ba="5,1" hai="73,77,80,97,103,107,116,119" m="62535,49226" machi="119" ten="30,7900,0" yaku="19,1,23,1,34,2" doraHai="6" who="0" fromWho="0" sc="153,104,451,-25,237,-25,149,-44" owari="257,6.0,426,52.0,212,-19.0,105,-39.0" /></mjloggm>