<mjloggm ver="2.3"><GO type="41" lobby="0"/><UN n0="%73%75%6D%69%79%61" n1="%E5%B0%B1%E6%B4%BB%E7%94%9F%40%E5%B7%9D%E6%9D%91%E8%BB%8D%E5%9B%A3" n2="%E6%A9%9F%E7%95%A5%E8%87%AA%E5%9C%A8" n3="%6E%61%6B%61%79%61%6E%38" dan="14,15,14,13" rate="2018.51,1980.03,1943.88,1893.99" sx="M,M,M,M"/><TAIKYOKU oya="0"/><INIT seed="0,0,0,4,1,119" ten="250,250,250,250" oya="0" hai0="84,74,53,40,32,1,10,6,111,132,59,67,131" hai1="117,79,0,114,133,109,56,99,49,13,100,128,63" hai2="7,70,35,94,73,33,127,4,22,130,17,2,126" hai3="9,76,120,3,121,110,38,125,29,66,44,25,55"/><T61/><D132/><U14/><E0/><V62/><F73/><W69/><G125/><N who="2" m="47625" /><F94/><W96/><G76/><T77/><D131/><U92/><E117/><V23/><F70/><W64/><G110/><T80/><D32/><N who="2" m="12362" /><F62/><W83/><G83/><T21/><D111/><U90/><E109/><V106/><F106/><W78/><G78/><T72/><D40/><U15/><E79/><V46/><F46/><W75/><G75/><T124/><D124/><U101/><E128/><V54/><F54/><W107/><G69/><T58/><D21/><N who="2" m="7690" /><F17/><W41/><G55/><T12/><D1/><U129/><E133/><V87/><F87/><W88/><G107/><T118/><D118/><U43/><E129/><V28/><F130/><W36/><G36/><T60/><AGARI ba="0,0" hai="6,10,12,53,58,59,60,61,67,72,74,77,80,84" machi="60" ten="20,2100,0" yaku="0,1,7,1" doraHai="119" who="0" fromWho="0" sc="250,21,250,-7,250,-7,250,-7" /><INIT seed="0,1,0,5,0,33" ten="271,243,243,243" oya="0" hai0="89,68,39,128,26,67,100,110,95,83,81,14,37" hai1="103,65,1,19,22,112,38,106,4,48,127,74,42" hai2="53,21,99,97,35,135,122,104,121,34,66,47,2" hai3="84,32,125,80,120,96,44,11,130,75,133,85,118"/><T6/><D128/><U27/><E74/><V17/><F66/><W64/><G118/><T78/><D83/><U126/><E38/><V113/><F113/><W15/><G130/><T119/><D119/><U43/><E65/><V25/><F135/><W123/><G32/><T23/><D100/><U20/><E112/><V132/><F132/><W70/><G133/><T51/><D110/><U59/><E103/><V109/><F109/><W28/><G28/><T92/><D92/><U10/><E106/><V55/><F104/><W93/><G75/><T9/><D51/><U94/><E94/><V129/><F129/><W63/><G44/><T101/><D101/><U5/><E5/><V60/><F60/><W105/><G105/><T79/><D79/><U102/><E102/><V56/><F56/><W71/><G71/><T0/><D14/><U46/><E59/><V16/><F47/><W13/><G13/><T7/><D7/><U91/><E91/><V12/><F12/><W90/><G125/><N who="1" m="47626" /><E22/><V40/><F40/><AGARI ba="1,0" hai="1,4,10,19,20,27,40,42,43,46,48" m="47626" machi="40" ten="30,2000,0" yaku="18,1,52,1" doraHai="33" who="1" fromWho="2" sc="271,0,243,23,243,-23,243,0" /><INIT seed="1,0,0,0,0,115" ten="271,266,220,243" oya="1" hai0="43,9,14,63,47,103,10,125,53,73,74,97,79" hai1="82,64,92,98,130,1,119,120,42,32,80,49,58" hai2="69,15,56,67,55,40,7,34,133,51,8,76,121" hai3="12,13,113,83,22,70,17,20,112,86,109,62,127"/><U87/><E32/><V57/><F121/><W30/><G127/><T134/><D125/><U122/><E1/><V48/><F133/><W99/><G109/><T33/><D33/><U39/><E39/><V59/><F34/><W24/><G99/><T129/><D129/><U123/><E130/><V105/><F105/><W35/><G70/><T91/><D91/><U84/><E42/><V0/><F0/><W31/><G62/><T132/><D9/><U36/><E36/><V19/><F19/><W116/><G116/><T25/><D25/><U85/><E119/><V68/><F68/><W65/><G65/><T104/><D53/><U41/><E64/><V81/><F69/><W38/><G38/><T90/><D90/><U78/><E58/><V44/><REACH who="2" step="1"/><F67/><REACH who="2" ten="271,266,210,243" step="2"/><W110/><G35/><T95/><D134/><U108/><E108/><V135/><F135/><W94/><G110/><T6/><D132/><U111/><E111/><V18/><F18/><W52/><G113/><T117/><D117/><U75/><E41/><V37/><F37/><W27/><G112/><T66/><D104/><U114/><E114/><V61/><F61/><W5/><G5/><T102/><D63/><U101/><REACH who="1" step="1"/><E49/><REACH who="1" ten="271,256,210,243" step="2"/><V88/><F88/><AGARI ba="0,2" hai="75,78,80,82,84,85,87,88,92,98,101,120,122,123" machi="88" ten="40,18000,2" yaku="1,1,2,1,34,3,54,1,53,0" doraHai="115" doraHaiUra="128" who="1" fromWho="2" sc="271,0,256,200,210,-180,243,0" /><INIT seed="1,1,0,3,4,75" ten="271,456,30,243" oya="1" hai0="16,74,122,2,121,128,125,93,30,78,17,53,119" hai1="70,83,132,115,131,26,130,42,19,60,47,77,45" hai2="118,72,111,24,57,63,35,18,32,113,124,44,48" hai3="9,3,109,73,67,103,86,100,49,108,4,90,25"/><U46/><E115/><V64/><F118/><W28/><G73/><T33/><D119/><U38/><E132/><V62/><F124/><W39/><G39/><T101/><D2/><U80/><E80/><V89/><F113/><W40/><G67/><T114/><D114/><U117/><E117/><V43/><F111/><N who="3" m="42571" /><G49/><T134/><D134/><U106/><E106/><V6/><F6/><W34/><G40/><T96/><D53/><U0/><E0/><V59/><F72/><W27/><G27/><T7/><D7/><U12/><E26/><V98/><F18/><W107/><G107/><T112/><D112/><U11/><E60/><V85/><F98/><W68/><G68/><T15/><D125/><U69/><E69/><V51/><F24/><W5/><G4/><T52/><D128/><N who="1" m="49195" /><E70/><V71/><F48/><W82/><AGARI ba="1,0" hai="3,5,9,25,28,34,82,86,90,100,103" m="42571" machi="82" ten="30,1100,0" yaku="14,1" doraHai="75" who="3" fromWho="3" sc="271,-4,456,-6,30,-4,243,14" /><INIT seed="2,0,0,4,2,125" ten="267,450,26,257" oya="2" hai0="57,75,121,48,101,78,96,108,115,58,73,39,92" hai1="6,94,18,120,50,89,42,83,53,113,107,99,100" hai2="116,128,87,63,12,49,76,20,52,86,74,70,9" hai3="3,118,51,122,0,72,117,35,16,129,133,54,1"/><V132/><F116/><W102/><G122/><T24/><D121/><U7/><E42/><V60/><F132/><W114/><G72/><T111/><D39/><U31/><E31/><V134/><F134/><W109/><G35/><T27/><D115/><U93/><E83/><V25/><F128/><W105/><G133/><T127/><D127/><U26/><E107/><V110/><F110/><N who="0" m="42026" /><D78/><U64/><E64/><V126/><F126/><W80/><G109/><T79/><D79/><U11/><E113/><V23/><F74/><N who="0" m="28170" /><D48/><U44/><E120/><V59/><F70/><W4/><G114/><T88/><D101/><U43/><E43/><V82/><F87/><W34/><G34/><T69/><D69/><U112/><E112/><V104/><F104/><W68/><G68/><T85/><D85/><U30/><E93/><V5/><REACH who="2" step="1"/><F23/><REACH who="2" ten="267,450,16,257" step="2"/><W41/><G105/><T119/><D119/><U103/><E99/><V36/><F36/><W131/><G118/><T91/><D91/><U62/><E89/><V67/><F67/><W65/><G65/><T37/><D37/><U123/><E100/><V17/><AGARI ba="0,1" hai="5,9,12,17,20,25,49,52,59,60,63,76,82,86" machi="17" ten="20,12000,1" yaku="1,1,0,1,7,1,8,1,54,1,53,0" doraHai="125" doraHaiUra="40" who="2" fromWho="2" sc="267,-40,450,-40,16,130,257,-40" /><INIT seed="2,1,0,4,0,55" ten="227,410,146,217" oya="2" hai0="3,58,76,69,6,82,56,46,11,107,18,128,33" hai1="71,112,66,132,99,86,4,50,74,2,91,49,119" hai2="34,17,38,35,37,22,109,83,117,80,5,51,25" hai3="32,21,123,103,67,101,48,8,20,131,14,59,28"/><V31/><F117/><W57/><G123/><T75/><D107/><U135/><E74/><V110/><F5/><W52/><G32/><T68/><D33/><U85/><E119/><V102/><F35/><W81/><G131/><T39/><D128/><U96/><E112/><V29/><F102/><N who="3" m="38923" /><G81/><T92/><D92/><U64/><E91/><V84/><F80/><W89/><G89/><T121/><D121/><U100/><E100/><V90/><F51/><W15/><G28/><T78/><D76/><U104/><E4/><V10/><F10/><W47/><G15/><T13/><D68/><U124/><E71/><V130/><F130/><W122/><G122/><T95/><D95/><U93/><E93/><V42/><F31/><W70/><G70/><T116/><D69/><U115/><E2/><V79/><F79/><W126/><G126/><T73/><D75/><U53/><E53/><V54/><F54/><W1/><G1/><T98/><D98/><U134/><E115/><V105/><F105/><W23/><G67/><N who="1" m="25642" /><E104/><V97/><F97/><N who="1" m="37449" /><E124/><V129/><F129/><W40/><G40/><N who="0" m="22815" /><D116/><U114/><E114/><V77/><F77/><W108/><G108/><N who="2" m="41577" /><F42/><W24/><G24/><AGARI ba="1,0" hai="17,22,24,25,29,34,37,38,83,84,90" m="41577" machi="24" ten="30,2900,0" yaku="14,1,10,1" doraHai="55" who="2" fromWho="3" sc="227,0,410,0,146,32,217,-32" /><INIT seed="2,2,0,0,2,83" ten="227,410,178,185" oya="2" hai0="40,99,73,122,134,75,96,121,1,66,39,101,6" hai1="17,115,78,125,37,26,22,70,50,135,86,25,2" hai2="62,47,103,84,42,110,88,74,61,44,119,92,71" hai3="65,104,80,120,32,82,49,109,55,131,13,90,54"/><V57/><F119/><W68/><G32/><T35/><D134/><U58/><E37/><V31/><F74/><W34/><G120/><T10/><D96/><U128/><E70/><V18/><F71/><W123/><G34/><T9/><D10/><U108/><E2/><V87/><F110/><W52/><G109/><T38/><D66/><U23/><E108/><V3/><F3/><W48/><G104/><T63/><D63/><N who="2" m="24074" /><F103/><W33/><G33/><T124/><D124/><U43/><E128/><V69/><F69/><W130/><G123/><T91/><D91/><U29/><E115/><V89/><F57/><W51/><G65/><T53/><D53/><U132/><E125/><V0/><F0/><W12/><G68/><T127/><D127/><U98/><E58/><V102/><F42/><W60/><G60/><T7/><D7/><U97/><E135/><V79/><F79/><W76/><G90/><T24/><D122/><U77/><E132/><V20/><F31/><W129/><G76/><T28/><D121/><U133/><E77/><V15/><F102/><W46/><G46/><N who="0" m="23831" /><D39/><U85/><E78/><V95/><AGARI ba="2,0" hai="15,18,20,44,47,84,87,88,89,92,95" m="24074" machi="95" ten="30,11700,0" yaku="8,1,52,2,54,1" doraHai="83" who="2" fromWho="2" sc="227,-41,410,-41,178,123,185,-41" /><INIT seed="2,3,0,0,1,62" ten="186,369,301,144" oya="2" hai0="85,102,106,94,21,30,51,68,120,48,38,75,115" hai1="18,125,126,42,45,27,12,66,73,59,7,31,26" hai2="100,4,108,1,99,135,57,80,67,101,121,37,50" hai3="131,8,64,112,61,83,53,15,14,40,29,93,46"/><V36/><F121/><W22/><G112/><T69/><D75/><U52/><E73/><V91/><F135/><W110/><G131/><T87/><D38/><N who="1" m="21719" /><E7/><V10/><F108/><W43/><G110/><T3/><D120/><U74/><E31/><V88/><F80/><W89/><G83/><T76/><D3/><U72/><E74/><V113/><F113/><W128/><G128/><T123/><D123/><U111/><E72/><V117/><F117/><W109/><G109/><T16/><D106/><U13/><E13/><V70/><F70/><W132/><G15/><T98/><D30/><U20/><E66/><V55/><F67/><W5/><G132/><T127/><D127/><N who="1" m="48651" /><E111/><V92/><REACH who="2" step="1"/><F91/><REACH who="2" ten="186,369,291,144" step="2"/><W25/><G89/><T58/><D115/><U60/><AGARI ba="3,1" hai="12,18,20,26,27,52,59,60" m="48651,21719" machi="60" ten="30,2000,0" yaku="18,1,54,1" doraHai="62" who="1" fromWho="1" sc="186,-8,369,39,291,-13,144,-8" /><INIT seed="3,0,0,3,5,124" ten="178,408,278,136" oya="3" hai0="125,23,58,87,15,62,90,110,51,92,113,123,57" hai1="43,17,120,68,50,116,77,96,118,135,111,81,86" hai2="39,112,104,48,131,89,41,99,115,133,29,100,67" hai3="35,121,49,10,24,59,16,9,128,126,52,91,80"/><W71/><G121/><T31/><D123/><U42/><E68/><V36/><F67/><W114/><G71/><T83/><D125/><U61/><E120/><V54/><F29/><W2/><G126/><T30/><D110/><U109/><E135/><V60/><F133/><W119/><G114/><T5/><D113/><U132/><E61/><V18/><F60/><W93/><G119/><N who="1" m="45610" /><E132/><V75/><F75/><W65/><G2/><T82/><D58/><U37/><E37/><V108/><F108/><N who="1" m="41545" /><E50/><V27/><F39/><W76/><G65/><T98/><D51/><U55/><E55/><V70/><F70/><W101/><G101/><T7/><D82/><U28/><E28/><V13/><F27/><W22/><G35/><T12/><D31/><U34/><E34/><V103/><F41/><W4/><G4/><T38/><D38/><U32/><E32/><V107/><F36/><W0/><G0/><T66/><D15/><U40/><E17/><V64/><F64/><W63/><G63/><T20/><D20/><U14/><E14/><V127/><F127/><W74/><G128/><T102/><REACH who="0" step="1"/><D12/><REACH who="0" ten="168,408,278,136" step="2"/><U56/><E56/><V26/><F13/><W73/><REACH who="3" step="1"/><G73/><REACH who="3" ten="168,408,278,126" step="2"/><T95/><D95/><U130/><E81/><V21/><F112/><W44/><G44/><T8/><D8/><U69/><E69/><V45/><F115/><W72/><G72/><T97/><D97/><AGARI ba="0,2" hai="9,10,16,22,24,49,52,59,74,76,80,91,93,97" machi="97" ten="30,11600,0" yaku="1,1,7,1,54,2,53,0" doraHai="124" doraHaiUra="122" who="3" fromWho="0" sc="168,-116,408,0,278,0,126,136" /><INIT seed="3,1,0,3,0,1" ten="52,408,278,262" oya="3" hai0="101,75,76,111,74,119,115,52,57,37,4,62,40" hai1="109,6,97,91,43,93,65,114,121,112,82,55,60" hai2="72,105,68,100,2,78,33,14,70,54,23,51,10" hai3="83,64,125,21,28,46,95,99,94,85,84,116,129"/><W118/><G125/><T77/><D119/><U49/><E109/><V130/><F33/><W69/><G129/><T59/><D111/><U36/><E121/><V92/><F130/><W108/><G108/><T3/><D101/><U38/><E82/><V32/><F32/><W135/><G135/><T7/><D3/><U80/><E80/><V34/><F34/><W102/><G46/><T73/><D115/><U44/><E6/><N who="0" m="2089" /><D40/><U79/><E79/><N who="0" m="30281" /><D37/><U128/><E128/><V104/><F2/><W132/><G132/><T122/><D122/><U41/><E41/><V107/><F23/><W53/><G118/><T12/><D12/><U29/><E38/><V66/><F78/><W123/><G116/><T90/><D90/><U110/><E110/><V127/><F72/><W5/><G123/><T63/><D52/><U8/><E91/><V133/><F133/><W17/><G53/><T13/><D13/><U106/><E55/><V86/><F127/><W9/><G69/><T89/><D89/><U24/><E43/><V30/><F70/><W31/><G64/><T124/><D124/><U0/><E36/><V113/><F66/><W117/><G117/><T126/><D126/><U16/><E65/><V47/><F68/><W26/><G94/><T67/><D67/><U98/><E93/><V20/><F113/><W103/><G103/><T25/><D25/><U50/><E24/><N who="2" m="16647" /><F100/><W11/><G83/><T96/><D96/><U58/><E114/><V39/><F39/><W87/><G11/><T27/><D27/><U88/><E112/><V35/><F35/><W42/><G42/><RYUUKYOKU ba="1,0" sc="52,15,408,-15,278,-15,262,15" hai0="57,59,62,63,73,74,75" hai3="5,9,17,21,26,28,31,84,85,87,95,99,102" /><INIT seed="3,2,0,0,5,98" ten="67,393,263,277" oya="3" hai0="13,131,125,90,64,19,23,99,43,84,24,110,14" hai1="29,10,48,75,0,62,17,103,5,22,46,15,106" hai2="47,16,86,4,25,56,133,18,70,124,7,8,44" hai3="126,3,76,1,67,63,132,39,89,101,111,32,20"/><W9/><G39/><T105/><D110/><U115/><E75/><V36/><F70/><W52/><G32/><T60/><D131/><U113/><E29/><V6/><F133/><W130/><G132/><T88/><D125/><U121/><E121/><V78/><F124/><W81/><G130/><T83/><D43/><U114/><E62/><V118/><F118/><W73/><G126/><T96/><D96/><U104/><REACH who="1" step="1"/><E103/><REACH who="1" ten="67,383,263,277" step="2"/><V31/><F36/><W68/><G101/><T102/><REACH who="0" step="1"/><D90/><REACH who="0" ten="57,383,263,277" step="2"/><U33/><E33/><V97/><F97/><W82/><G89/><T122/><D122/><U109/><E109/><V100/><F100/><W40/><G111/><T112/><D112/><U59/><E59/><AGARI ba="2,2" hai="13,14,19,23,24,59,60,64,83,84,88,99,102,105" machi="59" ten="30,7700,0" yaku="1,1,7,1,52,1,54,1,53,0" doraHai="98" doraHaiUra="28" who="0" fromWho="1" sc="57,103,383,-83,263,0,277,0" /><INIT seed="4,0,0,3,4,126" ten="160,300,263,277" oya="0" hai0="64,47,80,50,92,60,89,16,55,76,125,69,51" hai1="127,97,120,85,111,114,6,132,79,71,17,0,113" hai2="130,40,124,41,11,13,49,10,65,109,28,61,90" hai3="106,18,58,77,86,46,107,81,31,105,78,84,19"/><T5/><D125/><U63/><E111/><V117/><F109/><W30/><G46/><T42/><D5/><U26/><E120/><V38/><F124/><W68/><G58/><T29/><D29/><U82/><E127/><V53/><F28/><W73/><G107/><T121/><D121/><U25/><E132/><V21/><F117/><W119/><G81/><T88/><D92/><U56/><E71/><V36/><F36/><W112/><G112/><N who="1" m="43114" /><E17/><V95/><F38/><W32/><G73/><T99/><D99/><U128/><E128/><V118/><F118/><W23/><G119/><T12/><D51/><U94/><E6/><V123/><F123/><W7/><G7/><T2/><D2/><U48/><E48/><V133/><F133/><W87/><G87/><T66/><D66/><N who="1" m="39271" /><E0/><V59/><F130/><W14/><G32/><T15/><D15/><U100/><AGARI ba="0,0" hai="25,26,79,82,85,94,97,100" m="39271,43114" machi="100" ten="30,2000,0" yaku="15,1,11,1" doraHai="126" who="1" fromWho="1" sc="160,-10,300,20,263,-5,277,-5" /><INIT seed="5,0,0,4,3,14" ten="150,320,258,272" oya="1" hai0="125,134,30,41,33,43,85,70,25,63,94,81,87" hai1="108,55,9,11,133,129,103,57,95,49,32,116,64" hai2="47,121,6,127,102,75,26,112,117,86,82,96,132" hai3="40,27,97,91,71,99,0,37,53,59,39,106,88"/><U98/><E32/><V21/><F121/><W1/><G71/><T110/><D110/><U90/><E116/><V126/><F117/><W12/><G106/><T122/><D134/><U60/><E108/><V89/><F6/><W3/><G27/><T52/><D122/><U38/><E38/><V113/><F47/><W5/><G40/><T130/><D125/><N who="2" m="47626" /><F26/><W48/><G39/><T23/><D130/><U115/><E129/><V105/><F21/><W84/><G37/><T76/><D70/><U135/><E115/><N who="2" m="44107" /><F75/><W79/><G79/><T34/><D34/><U118/><E133/><AGARI ba="0,0" hai="82,86,89,96,102,105,132,133" m="44107,47626" machi="133" ten="40,8000,1" yaku="18,1,15,1,11,1,34,2" doraHai="14" who="2" fromWho="1" sc="150,0,320,-80,258,80,272,0" /><INIT seed="6,0,0,5,5,41" ten="150,240,338,272" oya="2" hai0="91,108,90,15,30,64,27,7,129,76,42,87,47" hai1="12,26,52,32,10,96,19,25,70,68,89,40,38" hai2="113,54,117,29,116,94,95,16,2,77,55,6,67" hai3="132,74,100,37,58,71,59,14,109,39,43,36,24"/><V8/><F77/><W22/><G109/><T130/><D108/><U1/><E1/><V85/><F113/><W49/><G74/><T134/><D134/><U60/><E32/><V104/><F104/><W88/><G71/><T31/><D64/><U17/><E38/><V33/><F67/><W123/><G100/><T81/><D31/><U45/><E68/><V92/><F85/><W106/><G106/><T20/><D15/><U46/><E70/><V72/><F72/><W124/><G123/><T99/><D7/><U21/><E40/><V0/><F0/><W86/><G14/><T93/><REACH who="0" step="1"/><D76/><REACH who="0" ten="140,240,338,272" step="2"/><U127/><E26/><V28/><F28/><W103/><G132/><T78/><D78/><U9/><E9/><V57/><F29/><W122/><G122/><T48/><AGARI ba="0,1" hai="20,27,30,42,47,48,81,87,90,91,93,99,129,130" machi="48" ten="30,4000,0" yaku="1,1,0,1,52,1,53,0" doraHai="41" doraHaiUra="110" who="0" fromWho="0" sc="140,50,240,-10,338,-20,272,-10" /><INIT seed="7,0,0,2,2,104" ten="190,230,318,262" oya="3" hai0="27,33,43,76,74,103,72,91,53,69,89,55,127" hai1="70,45,101,66,14,80,97,124,92,52,126,123,62" hai2="84,116,102,117,34,50,44,64,78,114,18,86,22" hai3="83,12,77,35,118,110,128,61,100,133,59,90,95"/><W122/><G122/><T19/><D69/><U3/><E3/><V8/><F34/><W79/><G118/><T113/><D33/><U73/><E123/><V65/><F114/><W60/><G35/><T109/><D76/><U108/><E108/><V36/><F36/><W1/><G1/><T96/><D109/><U75/><E14/><V5/><F102/><W112/><G110/><T63/><D43/><U98/><E80/><V94/><F94/><W13/><G112/><T46/><D46/><U32/><E98/><V71/><F71/><W56/><G128/><T106/><D113/><U17/><E17/><V21/><F21/><W31/><G133/><T93/><D127/><N who="1" m="48683" /><E32/><V134/><F134/><W131/><G131/><T41/><D41/><U16/><E16/><V29/><F29/><W9/><G31/><T132/><D132/><U39/><E39/><V111/><F111/><W125/><G100/><T88/><D106/><U99/><E99/><V87/><F78/><W49/><G49/><AGARI ba="0,0" hai="45,49,52,62,66,70,73,75,92,97,101" m="48683" machi="49" ten="30,7700,0" yaku="18,1,52,2,54,1" doraHai="104" who="1" fromWho="3" sc="190,0,230,77,318,0,262,-77" owari="190,-21.0,307,11.0,318,41.0,185,-31.0" /></mjloggm>