<mjloggm ver="2.3"><GO type="97" lobby="0"/><UN n0="%70%69%63%61%73%61" n1="%E5%B0%B1%E6%B4%BB%E7%94%9F%40%E5%B7%9D%E6%9D%91%E8%BB%8D%E5%9B%A3" n2="%6C%69%62%72%61%72%79" n3="%31%35%30%36" dan="13,14,15,14" rate="1803.60,1973.42,1930.63,1968.06" sx="M,M,M,M"/><TAIKYOKU oya="0"/><INIT seed="0,0,0,3,4,39" ten="250,250,250,250" oya="0" hai0="107,120,6,23,66,0,124,130,82,38,17,129,74" hai1="98,54,85,93,87,8,26,15,89,76,40,69,79" hai2="11,71,97,22,42,119,83,126,105,16,109,104,110" hai3="4,48,80,123,24,50,44,41,35,102,70,127,117"/><T47/><D120/><U86/><E69/><V101/><F71/><W99/><G117/><T131/><D107/><U52/><E26/><V84/><F119/><W55/><G127/><T2/><D6/><U30/><E30/><V14/><F126/><W122/><G4/><T28/><D28/><U43/><E79/><V68/><F68/><W118/><G118/><T59/><D124/><U100/><E76/><N who="2" m="46183" /><F104/><N who="3" m="63583" /><G80/><T62/><D82/><U111/><E111/><N who="2" m="42507" /><F22/><W112/><G112/><T81/><D81/><U78/><E78/><V134/><F134/><W60/><G50/><T61/><D62/><U125/><E100/><V65/><F65/><N who="3" m="41255" /><G55/><N who="1" m="21034" /><E125/><V56/><F56/><W13/><G13/><N who="0" m="9647" /><D74/><U63/><E63/><V20/><F20/><W95/><G95/><T25/><D25/><U32/><E32/><V7/><F7/><AGARI ba="0,0" hai="7,8,15,40,43,85,86,87,89,93,98" m="21034" machi="7" ten="30,7700,0" yaku="8,1,52,2,54,1" doraHai="39" who="1" fromWho="2" sc="250,0,250,77,250,-77,250,0" /><INIT seed="1,0,0,2,4,6" ten="250,327,173,250" oya="1" hai0="82,21,63,95,0,1,10,93,11,57,62,88,127" hai1="26,7,119,39,8,75,76,51,29,114,85,5,28" hai2="35,23,109,79,48,47,17,129,78,96,52,99,68" hai3="125,135,44,113,45,134,128,118,101,132,87,104,100"/><U84/><E119/><V50/><F35/><W4/><G4/><T97/><D127/><U12/><E39/><V105/><F68/><W31/><G31/><T61/><D82/><U92/><E114/><V133/><F133/><W59/><G113/><T19/><D1/><U43/><E75/><V41/><F109/><W89/><G118/><T22/><D0/><U64/><E64/><V55/><F129/><W38/><G38/><T58/><D22/><U36/><E7/><V20/><F105/><W14/><G14/><N who="0" m="9463" /><D93/><U111/><E36/><V112/><F112/><W34/><G34/><T116/><D116/><U40/><E111/><V3/><F3/><W117/><G117/><T72/><D72/><U90/><E26/><V83/><F41/><N who="1" m="15945" /><E51/><V94/><F94/><N who="3" m="54591" /><G128/><T42/><D42/><U67/><E67/><V131/><F131/><W60/><G125/><T53/><D63/><U108/><E108/><V73/><F73/><W98/><G101/><T27/><D27/><U56/><E56/><V107/><F107/><W91/><G91/><T121/><D121/><U102/><E102/><V24/><F83/><AGARI ba="0,0" hai="5,8,12,28,29,76,83,84,85,90,92" m="15945" machi="83" ten="30,2900,0" yaku="8,1,52,1" doraHai="6" who="1" fromWho="2" sc="250,0,327,29,173,-29,250,0" /><INIT seed="1,1,0,4,4,131" ten="250,356,144,250" oya="1" hai0="72,59,89,105,130,91,132,17,58,7,19,45,16" hai1="66,60,50,70,22,129,21,77,109,13,75,39,83" hai2="29,64,101,67,94,98,80,36,92,63,57,33,97" hai3="6,114,4,88,53,69,110,15,25,38,82,51,108"/><U120/><E129/><V133/><F36/><W20/><G38/><T47/><D72/><U56/><E120/><V14/><F14/><W99/><G69/><T52/><D130/><U104/><E104/><V31/><F80/><W119/><G114/><T32/><D32/><U128/><E39/><V27/><F31/><W5/><G119/><T122/><D7/><U8/><E128/><V112/><F112/><W2/><G2/><T93/><D105/><U95/><E95/><V115/><F115/><W135/><G135/><T118/><D132/><U41/><E109/><N who="3" m="42090" /><G15/><T125/><D125/><U90/><E90/><N who="0" m="34313" /><D122/><U127/><E127/><V134/><REACH who="2" step="1"/><F67/><REACH who="2" ten="250,356,134,250" step="2"/><W126/><G126/><T0/><D118/><U103/><E83/><V44/><F44/><N who="0" m="16970" /><D0/><U55/><E13/><V116/><F116/><W121/><G82/><T40/><D40/><U49/><E41/><V111/><F111/><W76/><G121/><T71/><D71/><U96/><E70/><V24/><F24/><W34/><G25/><T3/><D3/><U117/><E117/><V113/><F113/><W43/><G43/><T26/><D26/><U37/><E37/><V28/><F28/><W65/><G65/><T42/><D42/><U81/><E66/><V30/><F30/><W124/><G124/><T87/><D52/><U9/><E55/><V107/><F107/><W54/><G53/><T100/><D87/><U61/><E75/><V46/><F46/><W1/><G54/><T123/><D123/><U102/><E81/><V85/><F85/><W18/><G1/><T35/><D35/><U68/><E68/><RYUUKYOKU ba="1,1" sc="250,15,356,-15,134,15,250,-15" hai0="16,17,19,58,59,93,100" hai2="27,29,33,57,63,64,92,94,97,98,101,133,134" /><INIT seed="2,2,1,5,2,65" ten="265,341,149,235" oya="2" hai0="42,35,91,2,132,130,18,124,48,82,96,4,14" hai1="52,16,87,19,30,133,20,57,56,9,90,135,125" hai2="12,10,72,60,122,51,108,58,129,36,69,113,25" hai3="22,32,54,99,38,47,67,131,73,43,105,5,111"/><V110/><F122/><W39/><G32/><T89/><D35/><U115/><E125/><V17/><F113/><W117/><G73/><T0/><D124/><U15/><E115/><V27/><F72/><W88/><G5/><T66/><D66/><U93/><E30/><V81/><F81/><W106/><G117/><T63/><D63/><U75/><E75/><V121/><F121/><W64/><G131/><T86/><D130/><U50/><E57/><V84/><F84/><W68/><G111/><N who="2" m="42537" /><F36/><W34/><G34/><T41/><D132/><N who="1" m="50763" /><E19/><V80/><F80/><W102/><G67/><T55/><D4/><U33/><E33/><V13/><F129/><W59/><G22/><AGARI ba="2,1" hai="9,15,16,20,22,50,52,56,87,90,93" m="50763" machi="22" ten="30,3900,0" yaku="20,1,54,2" doraHai="65" who="1" fromWho="3" sc="265,0,341,55,149,0,235,-45" /><INIT seed="3,0,0,4,4,39" ten="265,396,149,190" oya="3" hai0="94,43,99,108,2,103,102,67,60,11,71,131,29" hai1="58,1,27,130,57,89,105,18,64,69,5,31,14" hai2="17,135,93,10,107,82,56,121,24,65,76,86,49" hai3="79,111,15,59,46,16,128,119,47,34,33,62,54"/><W122/><G119/><T134/><D134/><U124/><E105/><V81/><F107/><W9/><G122/><T0/><D131/><U28/><E69/><V68/><F135/><W13/><G128/><T132/><D108/><U6/><E1/><V63/><F121/><W118/><G118/><T8/><D2/><U37/><E37/><V125/><F125/><W55/><G111/><T78/><D0/><U87/><E124/><V19/><F68/><W52/><G79/><T21/><D78/><U22/><E130/><V70/><F70/><W12/><G33/><T7/><D43/><U123/><E123/><V50/><F81/><W84/><G84/><T133/><D102/><U95/><E28/><V115/><F115/><W66/><G34/><T23/><D21/><N who="1" m="15855" /><E64/><V80/><F80/><W90/><G90/><T120/><D120/><U45/><E45/><AGARI ba="0,0" hai="9,12,13,15,16,45,46,47,52,54,55,59,62,66" machi="45" ten="40,7700,0" yaku="8,1,54,2" doraHai="39" who="3" fromWho="1" sc="265,0,396,-77,149,0,190,77" /><INIT seed="3,1,0,2,1,20" ten="265,319,149,267" oya="3" hai0="7,34,87,51,118,85,114,103,89,64,23,11,92" hai1="70,133,78,126,59,91,6,19,115,60,35,32,21" hai2="110,76,95,79,3,69,52,45,131,54,106,53,104" hai3="30,17,38,5,47,130,13,36,27,42,99,56,83"/><W124/><G124/><T97/><D34/><U101/><E70/><V4/><F69/><W22/><G130/><T84/><D114/><U122/><E115/><V40/><F131/><W81/><G38/><T62/><D51/><U65/><E122/><V61/><F110/><W127/><G127/><T108/><D108/><U82/><E126/><V111/><F111/><W49/><G5/><T28/><D118/><U63/><E101/><V8/><F61/><W25/><G99/><T93/><D62/><U112/><E60/><V74/><F95/><W31/><G36/><T119/><D64/><U88/><E112/><V109/><F109/><W26/><G56/><T9/><D119/><U132/><E6/><V120/><F76/><W68/><G68/><T39/><D39/><U1/><E1/><V123/><F123/><W134/><G134/><N who="1" m="51818" /><E35/><V18/><F18/><W71/><G71/><T58/><D58/><U41/><E32/><V67/><F67/><W129/><G129/><T116/><D116/><U16/><E41/><V46/><F120/><W75/><G75/><T121/><D121/><U128/><E128/><V29/><F29/><AGARI ba="1,0" hai="13,17,22,25,26,27,29,30,31,42,47,49,81,83" machi="29" ten="40,12000,1" yaku="8,1,52,3" doraHai="20" who="3" fromWho="2" sc="265,0,319,0,149,-123,267,123" owari="265,-13.0,319,12.0,26,-47.0,390,48.0" /></mjloggm>