<mjloggm ver="2.3"><GO type="97" lobby="0"/><UN n0="%6E%6F%2D%30%39%31%38" n1="%E3%82%B5%E3%82%A4%E3%82%B3" n2="%E3%81%8D%E3%82%83%E3%81%AD%E3%81%93" n3="%E5%B0%B1%E6%B4%BB%E7%94%9F%40%E5%B7%9D%E6%9D%91%E8%BB%8D%E5%9B%A3" dan="13,14,14,14" rate="1918.75,1873.63,1944.22,1931.00" sx="M,F,M,M"/><TAIKYOKU oya="0"/><INIT seed="0,0,0,2,1,0" ten="250,250,250,250" oya="0" hai0="27,71,125,8,11,24,95,77,60,25,59,135,100" hai1="10,36,115,79,121,110,56,33,124,126,129,117,55" hai2="19,46,50,88,21,26,58,96,16,86,82,51,22" hai3="119,91,47,113,114,108,89,66,28,93,17,62,130"/><T112/><D71/><U5/><E79/><V106/><F106/><W32/><G119/><T69/><D69/><U101/><E101/><V18/><F96/><W73/><G130/><T92/><D112/><U132/><E55/><V12/><F58/><W1/><G1/><T85/><D135/><U109/><E56/><V29/><F51/><W43/><G73/><T57/><D125/><U74/><E10/><N who="0" m="3625" /><D100/><U98/><E5/><V64/><REACH who="2" step="1"/><F64/><REACH who="2" ten="250,250,240,250" step="2"/><W54/><G66/><N who="0" m="39183" /><D59/><U65/><E124/><V127/><F127/><W41/><G113/><T3/><D3/><U105/><E65/><V80/><F80/><AGARI ba="0,1" hai="24,25,27,77,80,85,92,95" m="39183,3625" machi="80" ten="30,1500,0" yaku="8,1" doraHai="0" who="0" fromWho="2" sc="250,25,250,0,240,-15,250,0" /><INIT seed="0,1,0,0,3,18" ten="275,250,225,250" oya="0" hai0="7,63,44,17,125,19,83,65,104,61,127,50,112" hai1="60,67,101,115,48,80,45,81,39,84,96,28,69" hai2="109,74,31,95,94,89,6,32,132,108,11,114,2" hai3="27,64,70,116,62,122,12,73,9,111,35,105,118"/><T58/><D104/><U25/><E115/><V123/><F74/><W93/><G105/><T38/><D112/><U68/><E69/><V133/><F89/><W40/><G73/><T53/><D7/><U26/><E39/><V78/><F78/><W22/><G122/><T41/><D83/><U42/><E26/><N who="2" m="18551" /><F94/><W110/><G35/><T124/><REACH who="0" step="1"/><D63/><REACH who="0" ten="265,250,225,250" step="2"/><U91/><E81/><V34/><F95/><W98/><G116/><T46/><AGARI ba="1,1" hai="17,19,38,41,44,46,50,53,58,61,65,124,125,127" machi="46" ten="40,12000,1" yaku="1,1,2,1,0,1,18,1,53,0" doraHai="18" doraHaiUra="3" who="0" fromWho="0" sc="265,133,250,-41,225,-41,250,-41" /><INIT seed="0,2,0,4,3,133" ten="398,209,184,209" oya="0" hai0="125,70,129,39,112,26,86,85,9,65,110,12,42" hai1="32,87,93,121,16,96,97,77,63,60,36,23,101" hai2="54,17,57,46,95,111,19,104,48,28,21,118,5" hai3="58,43,120,132,4,59,106,61,92,117,6,91,80"/><T122/><D112/><U66/><E32/><V50/><F118/><W131/><G106/><T75/><D122/><U22/><E121/><V10/><F104/><W2/><G132/><T99/><D75/><U72/><E72/><V79/><F111/><W84/><G120/><T68/><D39/><U25/><E36/><V53/><F79/><W76/><G117/><T90/><D42/><U33/><E33/><V11/><F95/><W115/><G115/><T88/><D65/><U40/><E40/><V127/><F127/><W107/><G107/><T73/><D73/><U83/><E66/><V27/><REACH who="2" step="1"/><F11/><REACH who="2" ten="398,209,174,209" step="2"/><W13/><G76/><T20/><D110/><U116/><E116/><V64/><F64/><W31/><G92/><N who="0" m="56711" /><D125/><U18/><REACH who="1" step="1"/><E96/><REACH who="1" ten="398,199,174,209" step="2"/><V41/><F41/><W24/><G43/><T71/><D129/><U74/><E74/><V135/><F135/><W3/><G131/><T34/><D34/><U8/><E8/><V38/><F38/><W94/><G84/><T114/><D114/><U1/><E1/><AGARI ba="2,2" hai="1,5,10,17,19,21,27,28,46,48,50,53,54,57" machi="1" ten="30,7700,0" yaku="1,1,7,1,53,2" doraHai="133" doraHaiUra="15" who="2" fromWho="1" sc="398,0,199,-83,174,103,209,0" /><INIT seed="1,0,0,2,0,85" ten="398,116,277,209" oya="1" hai0="3,117,128,23,99,49,29,83,33,98,79,92,88" hai1="15,132,17,120,13,10,11,41,37,53,34,0,52" hai2="91,24,58,101,97,59,47,104,55,21,27,94,130" hai3="71,31,103,87,123,38,113,125,90,102,93,44,133"/><U46/><E120/><V86/><F130/><W115/><G71/><T54/><D3/><U19/><E132/><V32/><F32/><W82/><G38/><T43/><D33/><U84/><E0/><V78/><F27/><W36/><G36/><T126/><D117/><U40/><E40/><V16/><F47/><W1/><G1/><T45/><D128/><U127/><E127/><V121/><F121/><W119/><G44/><T111/><D126/><U63/><E34/><V2/><F2/><W129/><G31/><T124/><D124/><U65/><REACH who="1" step="1"/><E84/><REACH who="1" ten="398,106,277,209" step="2"/><V118/><F118/><W57/><G123/><T110/><D110/><U105/><E105/><V108/><F108/><W5/><G125/><T9/><D111/><U14/><E14/><V76/><F59/><AGARI ba="0,1" hai="10,11,13,15,17,19,37,41,46,52,53,59,63,65" machi="59" ten="30,11600,0" yaku="1,1,7,1,9,1,54,1,53,0" doraHai="85" doraHaiUra="114" who="1" fromWho="2" sc="398,0,106,126,277,-116,209,0" /><INIT seed="1,1,0,5,1,78" ten="398,232,161,209" oya="1" hai0="9,36,95,94,46,116,90,14,109,31,16,34,42" hai1="71,97,35,43,7,123,120,111,21,68,3,60,83" hai2="52,114,85,23,19,129,13,84,30,81,72,103,61" hai3="64,118,104,2,49,51,98,74,56,66,50,4,15"/><U25/><E35/><V8/><F114/><W12/><G74/><T130/><D116/><U80/><E111/><V87/><F129/><W24/><G118/><T1/><D1/><U69/><E60/><V128/><F128/><W107/><G2/><T113/><D130/><U26/><E43/><V10/><F103/><W22/><G4/><T99/><D113/><U132/><E97/><V29/><F72/><W63/><G66/><T75/><D75/><U102/><E102/><V89/><F10/><W79/><G79/><T28/><D109/><U59/><E59/><N who="2" m="35047" /><F8/><W91/><G107/><T20/><D34/><U117/><E117/><V133/><F133/><W33/><G33/><T55/><D55/><U125/><E132/><V96/><F96/><W58/><G58/><T40/><D40/><U70/><E70/><V86/><AGARI ba="1,0" hai="13,19,23,29,30,81,84,85,86,87,89" m="35047" machi="86" ten="30,4000,0" yaku="8,1,52,1,54,1" doraHai="78" who="2" fromWho="2" sc="398,-11,232,-21,161,43,209,-11" /><INIT seed="2,0,0,3,5,114" ten="387,211,204,198" oya="2" hai0="37,87,75,103,12,118,113,68,30,18,49,131,0" hai1="115,94,124,65,84,78,110,66,3,11,42,108,46" hai2="88,45,123,109,119,55,63,120,5,111,36,132,133" hai3="101,43,74,130,4,50,60,61,76,1,82,69,29"/><V2/><F2/><W125/><G130/><T31/><D37/><N who="1" m="21839" /><E115/><V35/><F35/><W20/><G125/><T48/><D75/><U54/><E124/><V99/><F5/><W117/><G101/><T62/><D0/><U7/><E54/><V116/><F99/><W27/><G69/><T56/><D113/><U44/><E44/><V129/><F88/><W59/><G1/><T127/><D131/><U80/><E94/><V122/><F129/><W10/><G117/><N who="2" m="45129" /><F63/><W6/><G10/><T21/><D127/><U28/><E28/><V33/><F33/><W14/><G14/><T9/><D68/><U85/><E85/><V13/><F13/><W106/><G106/><T89/><D118/><U8/><E8/><V57/><F57/><W100/><G100/><T79/><D103/><U40/><E40/><N who="2" m="22663" /><F55/><W64/><G61/><T91/><D49/><U25/><E25/><V16/><F16/><W95/><G95/><T19/><D48/><U135/><E7/><V83/><F83/><W51/><G43/><T17/><D91/><U73/><E80/><V97/><F97/><W105/><G105/><T121/><D89/><U26/><E26/><V126/><F126/><W90/><G90/><T96/><D96/><U92/><E3/><V41/><F41/><W81/><G81/><N who="0" m="47551" /><D21/><U47/><E66/><V70/><F70/><W22/><G22/><T98/><D98/><U39/><E65/><V112/><F112/><W32/><G32/><T52/><D121/><N who="2" m="30978" /><V24/><DORA hai="93" /><F24/><W71/><G71/><T128/><D128/><U58/><E58/><V34/><F34/><RYUUKYOKU ba="0,0" sc="387,10,211,-30,204,10,198,10" hai0="9,12,17,18,19,30,31,52,56,62" hai2="109,111,132,133" hai3="4,6,20,27,29,50,51,59,60,64,74,76,82" /><INIT seed="2,1,0,4,0,39" ten="397,181,214,208" oya="2" hai0="78,54,22,126,63,132,134,56,81,118,119,15,102" hai1="17,47,30,79,80,72,46,23,41,29,91,131,133" hai2="51,48,95,71,59,113,43,25,87,94,57,14,27" hai3="16,85,89,77,121,6,103,5,97,128,111,42,61"/><V52/><F71/><W2/><G121/><T62/><D102/><U66/><E133/><N who="0" m="51305" /><D126/><U68/><E131/><V35/><F113/><W12/><G2/><T124/><D124/><U101/><E101/><V24/><F35/><W104/><G128/><T55/><D15/><U105/><E105/><V36/><F14/><W0/><G0/><T82/><D22/><U76/><E76/><V125/><F125/><W96/><G111/><T115/><D115/><U84/><E47/><N who="2" m="25727" /><F36/><W49/><G77/><T10/><D10/><U70/><E68/><V67/><F87/><W13/><G13/><T88/><D88/><U53/><E53/><N who="0" m="19977" /><D81/><U90/><E90/><V109/><F109/><W3/><G3/><T98/><D98/><U86/><E86/><V122/><F122/><W100/><G6/><T130/><D130/><U74/><E74/><V44/><F44/><N who="3" m="25751" /><G5/><T1/><D1/><U108/><E108/><V112/><F112/><W92/><G104/><T45/><D45/><U31/><E46/><N who="2" m="27767" /><F67/><W7/><G7/><T65/><D63/><U9/><E66/><V18/><F18/><W99/><G61/><T26/><D26/><N who="2" m="10346" /><F94/><W21/><AGARI ba="1,0" hai="12,16,21,85,89,92,96,97,99,100,103" m="25751" machi="21" ten="30,4000,0" yaku="8,1,52,1,54,1" doraHai="39" who="3" fromWho="3" sc="397,-11,181,-11,214,-21,208,43" /><INIT seed="3,0,0,0,2,62" ten="386,170,193,251" oya="3" hai0="111,92,124,11,105,112,132,45,78,34,28,46,54" hai1="84,7,74,24,40,33,119,64,121,18,128,4,36" hai2="39,123,83,129,32,13,106,97,23,44,87,131,59" hai3="77,104,88,12,26,127,16,0,117,55,68,108,90"/><W8/><G104/><T115/><D105/><U48/><E121/><V38/><F123/><W65/><G117/><T80/><D92/><U29/><E119/><V82/><F32/><W103/><G103/><T6/><D124/><U43/><E128/><N who="2" m="49227" /><F59/><W42/><G0/><T91/><D91/><U101/><E74/><V61/><F61/><W10/><G42/><T72/><D132/><U37/><E101/><N who="2" m="62767" /><F44/><W98/><G77/><T76/><D76/><U66/><E18/><N who="2" m="10703" /><F82/><W85/><G10/><T14/><D111/><U86/><E33/><V1/><F1/><W118/><G118/><T79/><D79/><AGARI ba="0,0" hai="38,39,79,83,87" m="10703,62767,49227" machi="79" ten="30,1000,0" yaku="19,1" doraHai="62" who="2" fromWho="0" sc="386,-10,170,0,193,10,251,0" owari="376,48.0,170,-33.0,203,-20.0,251,5.0" /></mjloggm>