<mjloggm ver="2.3"><GO type="169" lobby="0"/><UN n0="%E3%82%A6%E3%83%AB%E3%83%88%E3%83%A9%E7%AB%8B%E7%9B%B4" n1="%74%75%6A%69%31%30%39%31" n2="%E5%81%A5%E5%85%A8%E7%90%86%E7%B3%BB%E7%94%B7%E5%85%90" n3="%79%6F%73%68%69%67%69" dan="18,16,16,16" rate="2208.70,2065.83,2048.32,2126.38" sx="M,M,M,M"/><TAIKYOKU oya="0"/><INIT seed="0,0,0,2,3,94" ten="250,250,250,250" oya="0" hai0="59,123,54,26,96,67,103,7,135,121,49,119,40" hai1="82,80,124,44,93,56,58,37,113,134,13,110,74" hai2="23,118,86,20,16,1,32,38,116,33,3,62,2" hai3="133,55,39,14,53,101,51,75,102,92,65,29,132"/><T90/><D135/><N who="3" m="51785" /><G39/><T112/><D119/><N who="2" m="45610" /><F38/><W125/><G75/><T97/><D112/><U17/><E113/><V131/><F62/><W12/><G29/><T47/><D7/><U105/><E134/><V91/><F131/><W64/><G125/><T9/><D9/><U10/><E124/><V122/><F122/><W19/><G92/><T34/><D67/><N who="3" m="25673" /><G19/><T52/><D54/><N who="3" m="20489" /><G51/><T28/><D90/><U85/><E93/><N who="2" m="54519" /><F23/><W107/><G107/><T18/><D18/><U48/><E105/><V111/><F111/><W25/><G25/><AGARI ba="0,0" hai="1,2,3,16,20,25,32,33" m="54519,45610" machi="25" ten="40,2600,0" yaku="12,1,54,1" doraHai="94" who="2" fromWho="3" sc="250,0,250,0,250,26,250,-26" /><INIT seed="1,0,0,0,1,45" ten="250,250,276,224" oya="1" hai0="10,65,18,59,30,85,100,120,39,75,92,5,118" hai1="135,81,108,64,73,133,41,124,90,117,49,109,43" hai2="26,77,8,89,19,106,78,14,38,54,63,76,107" hai3="22,91,23,50,68,51,130,42,93,66,31,12,122"/><U80/><E117/><V34/><F38/><W87/><G122/><T105/><D120/><U40/><E73/><V48/><F63/><W98/><G130/><T94/><D75/><U128/><E124/><V61/><F61/><W88/><G68/><T16/><D39/><U46/><E128/><V111/><F111/><N who="1" m="42569" /><E64/><V132/><F132/><N who="1" m="50761" /><E90/><V121/><F121/><W25/><G66/><T20/><D65/><U36/><E36/><V126/><F126/><W104/><G104/><T24/><D105/><U44/><E44/><V112/><F112/><W55/><G42/><AGARI ba="0,0" hai="40,41,42,43,46,49,80,81" m="50761,42569" machi="42" ten="40,12000,1" yaku="14,1,10,1,20,1,52,1" doraHai="45" who="1" fromWho="3" sc="250,0,250,120,276,0,224,-120" /><INIT seed="1,1,0,0,2,50" ten="250,370,276,104" oya="1" hai0="63,95,112,39,4,65,19,54,10,29,133,83,107" hai1="129,18,108,42,75,2,110,23,3,131,135,132,130" hai2="69,71,101,43,44,1,66,9,127,34,86,113,13" hai3="40,84,5,128,72,123,17,24,53,57,106,12,119"/><U27/><E75/><V97/><F1/><N who="1" m="9" /><E42/><V94/><F34/><W103/><G119/><T88/><D133/><AGARI ba="1,0" hai="18,23,27,108,110,129,130,131,132,133,135" m="9" machi="133" ten="40,12000,1" yaku="19,1,20,1,34,2" doraHai="50" who="1" fromWho="0" sc="250,-123,370,123,276,0,104,0" /><INIT seed="1,2,0,0,1,100" ten="127,493,276,104" oya="1" hai0="31,110,89,132,125,13,60,49,62,27,26,105,116" hai1="79,35,10,58,120,28,5,19,108,99,69,111,59" hai2="8,134,52,36,3,42,14,68,82,29,84,113,12" hai3="88,11,9,16,92,95,98,103,96,40,104,94,101"/><U53/><E69/><V131/><F68/><W45/><G11/><T123/><D116/><U30/><E120/><V122/><F122/><W76/><G76/><T1/><D1/><U87/><E99/><V56/><F131/><W107/><G9/><T71/><D110/><N who="1" m="42027" /><E19/><V114/><F29/><W2/><G2/><T47/><D125/><U130/><E130/><V41/><F3/><W83/><G16/><T117/><D132/><U37/><E37/><V115/><F134/><W51/><REACH who="3" step="1"/><G83/><REACH who="3" ten="127,493,276,94" step="2"/><T112/><D123/><U70/><E10/><V124/><F8/><W118/><G118/><T38/><D117/><U34/><E79/><V97/><F12/><W20/><G20/><T66/><D13/><U22/><E22/><V65/><F14/><W61/><G61/><T119/><D62/><U48/><E34/><V77/><F77/><W24/><G24/><T46/><D26/><U50/><E35/><V74/><F82/><W43/><G43/><N who="0" m="22903" /><D27/><U6/><E28/><V55/><F42/><W44/><G44/><T135/><D47/><U78/><E30/><V81/><F41/><W33/><G33/><T0/><D31/><U17/><E17/><V64/><F81/><W57/><G57/><T109/><D109/><U39/><E59/><V91/><F56/><W80/><G80/><T21/><D21/><U127/><E58/><V75/><F113/><W18/><G18/><T93/><D112/><U7/><E6/><V121/><F114/><W128/><G128/><T126/><D119/><U86/><E7/><V72/><F115/><W15/><G15/><T4/><D4/><RYUUKYOKU ba="2,1" sc="127,-10,493,-10,276,-10,94,30" hai3="40,45,51,88,92,94,95,96,98,101,103,104,107" /><INIT seed="2,3,1,1,1,92" ten="117,483,266,124" oya="2" hai0="115,47,59,51,130,87,73,30,32,122,3,105,18" hai1="128,76,43,52,108,117,46,48,65,39,81,68,11" hai2="72,35,8,60,69,17,107,106,44,80,27,135,120" hai3="15,123,90,6,124,31,97,111,0,61,114,94,63"/><V100/><F120/><W16/><G123/><T57/><D73/><U62/><E108/><V55/><F135/><W101/><G111/><T36/><D115/><U129/><E117/><V118/><F118/><W49/><G114/><T40/><D122/><U13/><E13/><V98/><F44/><W67/><G124/><T10/><D130/><U119/><E11/><V127/><F127/><W74/><G74/><T66/><D105/><U88/><E119/><V23/><F8/><W24/><G49/><T89/><D66/><U50/><E50/><V14/><F80/><W93/><G0/><T26/><D36/><U12/><E12/><V83/><F83/><W9/><G6/><T86/><D18/><U22/><E22/><V7/><F72/><W54/><G54/><T133/><D133/><U96/><E76/><V95/><F7/><W112/><G112/><T19/><D19/><U64/><E81/><V2/><F2/><W113/><G67/><T125/><D125/><U134/><E65/><V104/><F55/><W79/><G79/><T58/><REACH who="0" step="1"/><D89/><REACH who="0" ten="107,483,266,124" step="2"/><U75/><E75/><V126/><F126/><W91/><G113/><T29/><D29/><U103/><E134/><V99/><F107/><W38/><G38/><T41/><D41/><U102/><E128/><V77/><F104/><W85/><REACH who="3" step="1"/><G91/><REACH who="3" ten="107,483,266,114" step="2"/><T131/><D131/><U71/><E129/><V34/><F77/><W1/><G1/><T110/><D110/><U132/><E132/><V42/><F42/><W21/><AGARI ba="3,3" hai="9,15,16,21,24,31,61,63,85,90,93,94,97,101" machi="21" ten="20,12000,2" yaku="1,1,0,1,7,1,8,1,52,1,54,1,53,1" doraHai="92" doraHaiUra="25" who="3" fromWho="3" sc="107,-33,483,-33,266,-63,114,159" /><INIT seed="3,0,0,4,5,54" ten="74,450,203,273" oya="3" hai0="14,135,80,61,124,30,93,22,73,59,35,55,107" hai1="96,24,32,5,23,119,48,102,76,62,82,103,95" hai2="128,64,58,9,131,28,53,79,71,98,88,40,44" hai3="84,125,78,126,115,87,52,37,74,65,121,42,3"/><W10/><G121/><T13/><D107/><U81/><E119/><V43/><F79/><W85/><G65/><T122/><D122/><U11/><E32/><V129/><F28/><W2/><G115/><T56/><D124/><U90/><E48/><N who="2" m="31015" /><F9/><W7/><G3/><T104/><D104/><U127/><E127/><V106/><F44/><W36/><G52/><N who="0" m="33927" /><D73/><U39/><E62/><N who="2" m="40343" /><F106/><W50/><G37/><T72/><D35/><U75/><E39/><V111/><F111/><W108/><G50/><N who="0" m="31223" /><D135/><U8/><E82/><V99/><F99/><W16/><G16/><T130/><D130/><U86/><E75/><V114/><F114/><W91/><G91/><T29/><D72/><U118/><E118/><V47/><F47/><N who="3" m="24007" /><G108/><T83/><D93/><AGARI ba="0,0" hai="40,43,88,93,98,128,129,131" m="40343,31015" machi="93" ten="30,3900,0" yaku="19,1,52,1,54,1" doraHai="54" who="2" fromWho="0" sc="74,-39,450,0,203,39,273,0" /><INIT seed="4,0,0,1,1,81" ten="35,450,242,273" oya="0" hai0="57,100,80,91,99,3,42,43,58,1,127,29,78" hai1="98,18,35,55,51,131,17,31,65,64,132,27,22" hai2="103,92,9,112,109,13,122,84,30,38,56,33,24" hai3="120,37,111,50,93,61,44,104,49,106,125,34,52"/><T66/><D127/><U121/><E131/><V19/><F109/><W14/><G111/><T108/><D108/><U130/><E132/><V8/><F38/><W126/><G120/><T21/><D91/><U72/><E130/><V26/><F122/><W128/><G34/><T41/><D3/><U113/><E72/><V4/><F112/><W2/><G128/><T69/><D1/><U12/><E113/><V79/><F103/><W59/><G2/><T68/><D69/><U7/><E121/><V71/><F71/><W67/><G14/><T28/><D68/><U115/><E115/><V116/><F116/><W123/><G123/><T117/><D117/><U16/><E98/><V135/><F135/><W88/><G37/><T6/><D6/><U134/><E134/><V73/><F73/><W77/><G50/><T11/><D11/><N who="1" m="4223" /><E35/><V45/><F45/><AGARI ba="0,0" hai="16,17,18,22,27,31,45,51,55,64,65" m="4223" machi="45" ten="30,2000,0" yaku="8,1,54,1" doraHai="81" who="1" fromWho="2" sc="35,0,450,20,242,-20,273,0" /><INIT seed="5,0,0,0,2,24" ten="35,470,222,273" oya="1" hai0="74,35,105,58,87,114,123,95,10,60,98,2,126" hai1="45,131,91,84,70,15,64,94,3,67,116,86,112" hai2="73,133,22,33,109,121,43,40,23,69,124,118,79" hai3="41,99,110,103,101,81,75,19,37,82,120,53,68"/><U111/><E116/><V77/><F109/><W104/><G110/><T89/><D126/><U11/><E3/><V63/><F118/><W7/><G120/><T8/><D114/><U122/><E131/><V128/><F121/><W56/><G68/><T1/><D123/><U4/><E112/><V31/><F33/><W135/><G135/><T49/><D74/><U21/><E122/><V108/><F108/><W44/><G103/><T51/><D35/><U6/><E70/><V106/><F106/><W59/><G59/><T30/><D105/><U119/><E119/><V26/><F128/><W32/><G32/><T115/><D115/><U17/><E6/><V36/><F133/><W66/><G66/><N who="1" m="25130" /><E45/><V83/><F77/><W72/><G7/><T125/><D87/><U20/><E111/><V61/><F69/><W62/><REACH who="3" step="1"/><G19/><REACH who="3" ten="35,470,222,263" step="2"/><T96/><D58/><U50/><E17/><V34/><F124/><W27/><G27/><T5/><D125/><U117/><E117/><V46/><REACH who="2" step="1"/><F40/><REACH who="2" ten="35,470,212,263" step="2"/><W38/><G38/><T25/><D2/><U85/><E86/><V28/><F28/><W16/><G16/><T78/><D30/><U134/><E85/><V102/><F102/><W130/><G130/><T29/><D29/><U54/><E134/><V18/><F18/><W65/><G65/><T129/><D129/><U47/><AGARI ba="0,2" hai="4,11,15,20,21,47,50,54,84,91,94" m="25130" machi="47" ten="30,1500,0" yaku="8,1" doraHai="24" who="1" fromWho="1" sc="35,-5,470,35,212,-5,263,-5" /><INIT seed="5,1,0,3,5,8" ten="30,505,207,258" oya="1" hai0="70,119,134,22,113,10,32,99,83,3,60,42,35" hai1="64,33,92,126,57,21,20,65,120,100,58,102,90" hai2="2,50,74,38,121,122,66,124,68,27,103,91,19" hai3="75,88,85,67,130,93,71,104,62,112,12,6,72"/><U46/><E120/><V31/><F38/><W80/><G112/><T84/><D113/><U115/><E115/><V114/><F114/><W87/><G130/><T23/><D119/><U106/><E33/><V101/><F74/><W28/><G104/><T82/><D134/><U135/><E135/><V15/><F2/><W37/><G37/><T108/><D108/><U89/><E126/><V56/><F124/><W96/><G28/><T17/><D42/><U26/><E106/><V117/><F117/><W53/><G87/><T95/><D23/><U109/><E46/><V41/><F121/><W1/><G1/><T4/><D83/><U54/><E109/><V48/><F68/><W97/><G97/><T131/><D131/><U52/><E92/><V39/><F39/><W49/><G6/><T45/><D45/><U107/><E107/><V61/><F91/><W132/><G132/><T79/><D60/><U98/><E98/><V9/><F122/><W78/><REACH who="3" step="1"/><G12/><REACH who="3" ten="30,505,207,248" step="2"/><T29/><D29/><U25/><AGARI ba="1,1" hai="20,21,25,26,52,54,57,58,64,65,89,90,100,102" machi="25" ten="25,12000,1" yaku="0,1,22,2,8,1,54,1" doraHai="8" who="1" fromWho="1" sc="30,-41,505,133,207,-41,248,-41" owari="-11,-51.0,638,73.0,166,-23.0,207,1.0" /></mjloggm>