<mjloggm ver="2.3"><GO type="41" lobby="0"/><UN n0="%74%61%6B%75%74%65%69" n1="%EF%BD%9E%E5%90%89%E7%95%99%E6%9C%AA%E6%98%A5%EF%BD%9E" n2="%E5%B0%B1%E6%B4%BB%E7%94%9F%40%E5%B7%9D%E6%9D%91%E8%BB%8D%E5%9B%A3" n3="%61%6F%6E%6F%6E" dan="15,14,17,15" rate="2010.14,1939.31,2165.42,1952.48" sx="M,M,M,M"/><TAIKYOKU oya="0"/><INIT seed="0,0,0,5,2,97" ten="250,250,250,250" oya="0" hai0="79,66,46,103,72,17,119,98,100,94,92,3,132" hai1="28,39,88,31,68,13,83,69,5,64,29,49,44" hai2="118,48,1,36,81,128,133,116,45,14,55,42,53" hai3="9,99,74,22,105,124,67,127,19,112,85,117,107"/><T61/><D119/><U121/><E121/><V11/><F1/><W25/><G74/><T8/><D132/><U54/><E39/><V126/><F133/><W108/><G117/><N who="2" m="45161" /><F128/><W78/><G112/><T7/><D72/><U27/><E64/><V63/><F126/><N who="3" m="48171" /><G108/><T106/><D79/><U77/><E69/><V57/><F81/><N who="3" m="47287" /><G67/><T2/><D2/><U71/><E68/><V33/><F33/><W24/><G9/><T125/><D125/><U90/><E27/><V113/><F113/><W93/><G24/><T130/><D130/><U115/><E71/><V10/><F14/><W56/><G56/><AGARI ba="0,0" hai="10,11,36,42,45,48,53,55,56,57,63" m="45161" machi="56" ten="30,1000,0" yaku="12,1" doraHai="97" who="2" fromWho="3" sc="250,0,250,0,250,10,250,-10" /><INIT seed="1,0,0,2,5,50" ten="250,250,260,240" oya="1" hai0="8,13,58,59,21,122,4,75,109,80,115,93,133" hai1="69,135,47,114,25,23,71,105,65,44,12,18,42" hai2="40,43,84,70,107,52,103,117,16,92,82,60,6" hai3="76,56,68,15,72,30,73,89,95,54,134,121,10"/><U108/><E105/><V101/><F117/><W17/><G121/><T85/><D115/><U5/><E114/><V127/><F70/><W34/><G68/><T99/><D122/><U111/><E135/><V0/><F107/><W37/><G37/><T67/><D75/><U110/><E65/><V28/><F28/><W79/><G134/><T27/><D133/><U83/><E83/><V26/><F0/><W31/><G34/><T88/><D67/><U39/><REACH who="1" step="1"/><E44/><REACH who="1" ten="250,240,260,240" step="2"/><V125/><F127/><W63/><G73/><T35/><D109/><U124/><E124/><V64/><F64/><W126/><G126/><T51/><D35/><U87/><E87/><V131/><F125/><W130/><G130/><T113/><D113/><U100/><E100/><V97/><F131/><W81/><G76/><T116/><D116/><U74/><E74/><V32/><F103/><W7/><G7/><T77/><REACH who="0" step="1"/><D51/><REACH who="0" ten="240,240,260,240" step="2"/><U98/><E98/><AGARI ba="0,2" hai="10,15,17,30,31,54,56,63,72,79,81,89,95,98" machi="98" ten="30,2000,0" yaku="7,1,52,1" doraHai="50" who="3" fromWho="1" sc="240,0,240,-20,260,0,240,40" /><INIT seed="2,0,0,5,5,26" ten="240,220,260,280" oya="2" hai0="2,133,24,80,101,52,95,134,103,7,79,48,135" hai1="8,87,119,46,31,132,63,21,47,32,124,10,99" hai2="51,41,88,25,76,121,123,56,70,90,34,92,54" hai3="36,39,15,128,111,59,113,67,37,86,89,117,44"/><V96/><F70/><W107/><G117/><T6/><D2/><U129/><E119/><V74/><F41/><W3/><G3/><T20/><D101/><U30/><E32/><V106/><F106/><W62/><G107/><T114/><D114/><U60/><E124/><V108/><F108/><W126/><G111/><T110/><D110/><U130/><E132/><V68/><F68/><W42/><G113/><T29/><D103/><U118/><E118/><V0/><F0/><W72/><G72/><N who="0" m="43111" /><D95/><U64/><E21/><V12/><F12/><W19/><G128/><N who="1" m="49258" /><E99/><V122/><F74/><W65/><G65/><T78/><D78/><U50/><E87/><V85/><F76/><W1/><G1/><T69/><D69/><N who="1" m="42119" /><E63/><V16/><F34/><W23/><REACH who="3" step="1"/><G126/><REACH who="3" ten="240,220,260,270" step="2"/><T131/><D131/><U115/><E115/><V53/><F121/><W93/><AGARI ba="0,1" hai="15,19,23,36,37,39,42,44,59,62,67,86,89,93" machi="93" ten="20,8000,1" yaku="1,1,2,1,0,1,7,1,53,1" doraHai="26" doraHaiUra="11" who="3" fromWho="3" sc="240,-20,220,-20,260,-40,270,90" /><INIT seed="3,0,0,2,1,92" ten="220,200,220,360" oya="3" hai0="66,127,93,65,121,77,102,82,63,55,120,73,1" hai1="125,7,130,21,45,3,35,126,133,94,23,24,79" hai2="75,72,80,27,129,51,15,67,52,19,71,43,76" hai3="90,69,124,59,114,47,110,36,57,86,5,128,18"/><W10/><G114/><T109/><D1/><U22/><E79/><V6/><F129/><W33/><G69/><T30/><D127/><N who="1" m="48651" /><E94/><V17/><F75/><W62/><G124/><T89/><D109/><U42/><E42/><V13/><F43/><W105/><G105/><T29/><D102/><U70/><E70/><V106/><F106/><W97/><G33/><T58/><D121/><U16/><E45/><V53/><F6/><W56/><G128/><T8/><D120/><U9/><E130/><V101/><F101/><W113/><G113/><T25/><D8/><U31/><E133/><V50/><F27/><AGARI ba="0,0" hai="3,7,9,16,21,22,23,24,27,31,35" m="48651" machi="27" ten="30,7700,0" yaku="18,1,34,2,54,1" doraHai="92" who="1" fromWho="2" sc="220,0,200,77,220,-77,360,0" /><INIT seed="4,0,0,5,2,3" ten="220,277,143,360" oya="0" hai0="48,88,119,59,82,128,43,29,63,68,115,94,95" hai1="133,89,35,70,33,26,120,117,118,15,45,77,6" hai2="79,93,64,134,46,17,75,102,127,49,114,21,51" hai3="62,65,106,44,121,14,69,1,112,116,10,4,60"/><T80/><D119/><U105/><E70/><V39/><F114/><W32/><G112/><T66/><D115/><U108/><E105/><V87/><F134/><W74/><G106/><T40/><D95/><U25/><E77/><V23/><F127/><W131/><G116/><N who="1" m="44650" /><E45/><V81/><F64/><W132/><G132/><T38/><D128/><U54/><E54/><V109/><F109/><W96/><G32/><N who="1" m="12362" /><E89/><V100/><F39/><W31/><G31/><T113/><D29/><U20/><E108/><V130/><F23/><W50/><G121/><T12/><D113/><U86/><E86/><V53/><F130/><W9/><G74/><T83/><D38/><U36/><E36/><V2/><F2/><W129/><G96/><T7/><D48/><U41/><E41/><N who="0" m="15945" /><D68/><U37/><E37/><V76/><F51/><W55/><REACH who="3" step="1"/><G62/><REACH who="3" ten="220,277,143,350" step="2"/><T42/><D42/><U78/><E120/><V104/><F104/><W57/><G57/><T16/><D59/><U5/><E133/><V91/><REACH who="2" step="1"/><F76/><REACH who="2" ten="220,277,133,350" step="2"/><W73/><G73/><T110/><D63/><U101/><E78/><V97/><F97/><W98/><G98/><N who="0" m="57671" /><D110/><U122/><E122/><V124/><F124/><W135/><G135/><T24/><D66/><U22/><E22/><V92/><F92/><W28/><G28/><T61/><D61/><U27/><E101/><V72/><F72/><W47/><G47/><T126/><D126/><U13/><E20/><V123/><F123/><W111/><G111/><T52/><D83/><U67/><E67/><V84/><F84/><W11/><G11/><N who="0" m="4223" /><D52/><U99/><E99/><V19/><F19/><AGARI ba="0,2" hai="1,4,9,10,14,19,44,50,55,60,65,69,129,131" machi="19" ten="40,8000,1" yaku="1,1,6,1,52,1,53,1" doraHai="3" doraHaiUra="56" who="3" fromWho="2" sc="220,0,277,0,133,-80,350,100" /><INIT seed="5,0,0,2,4,104" ten="220,277,53,450" oya="1" hai0="85,14,103,114,67,69,92,16,0,71,8,41,117" hai1="107,74,133,77,60,44,59,122,112,15,120,54,5" hai2="81,49,113,1,42,72,3,101,105,97,50,99,90" hai3="124,28,55,119,27,100,127,9,126,38,111,98,33"/><U118/><E107/><V95/><F113/><W125/><G111/><T121/><D117/><U36/><E118/><V2/><REACH who="2" step="1"/><F42/><REACH who="2" ten="220,277,43,450" step="2"/><W17/><G119/><T130/><D114/><U84/><E112/><V96/><F96/><W10/><G127/><T89/><D41/><U62/><E133/><V93/><F93/><W128/><G128/><T135/><D130/><U43/><E122/><V116/><F116/><W57/><G126/><T78/><D121/><U129/><E120/><V75/><F75/><W23/><G98/><T80/><D92/><U40/><E129/><V132/><F132/><W19/><G125/><T30/><D85/><U64/><E43/><V37/><F37/><W115/><G38/><T12/><D135/><U31/><E74/><V51/><F51/><W102/><G124/><T26/><D80/><U7/><E84/><V70/><F70/><W22/><G115/><T6/><D71/><U86/><E86/><V88/><F88/><W13/><G102/><T63/><D103/><U58/><E77/><AGARI ba="0,1" hai="1,2,3,49,50,72,77,81,90,95,97,99,101,105" machi="77" ten="40,5200,0" yaku="1,1,52,1,53,1" doraHai="104" doraHaiUra="106" who="2" fromWho="1" sc="220,0,277,-52,43,62,450,0" /><INIT seed="6,0,0,4,0,68" ten="220,225,105,450" oya="2" hai0="70,42,28,128,16,38,44,133,19,71,64,134,30" hai1="81,131,97,60,23,73,91,87,88,74,40,122,116" hai2="80,9,33,94,3,7,99,72,93,57,8,105,41" hai3="124,20,66,56,47,98,13,78,125,86,115,84,0"/><V82/><F33/><W109/><G0/><T77/><D128/><U123/><E40/><V50/><F105/><W110/><G115/><T118/><D77/><U96/><E131/><V63/><F93/><W4/><G47/><T37/><D118/><U15/><E123/><V29/><F29/><N who="0" m="11370" /><D64/><U24/><E116/><V6/><F72/><W108/><G98/><N who="1" m="37994" /><E74/><V14/><F50/><W117/><G117/><T5/><D5/><U22/><E73/><V85/><F85/><W59/><G78/><T34/><D34/><U112/><E112/><V54/><REACH who="2" step="1"/><F41/><REACH who="2" ten="220,225,95,450" step="2"/><W121/><G121/><T45/><D42/><U104/><E104/><V113/><F113/><W75/><G75/><T119/><D119/><U35/><E35/><V107/><F107/><W62/><G86/><T92/><D92/><U130/><E130/><V43/><F43/><W61/><G84/><T65/><D45/><U58/><E122/><V79/><F79/><W39/><G39/><T89/><D44/><U12/><E87/><V27/><F27/><W69/><G109/><T53/><D38/><U101/><E24/><V31/><F31/><W18/><G110/><T67/><D37/><U100/><E81/><V132/><F132/><W90/><G108/><T11/><D134/><U95/><E101/><AGARI ba="0,1" hai="3,6,7,8,9,14,54,57,63,80,82,94,99,101" machi="101" ten="30,5800,0" yaku="1,1,7,1,53,1" doraHai="68" doraHaiUra="52" who="2" fromWho="1" sc="220,0,225,-58,95,68,450,0" /><INIT seed="6,1,0,3,2,22" ten="220,167,163,450" oya="2" hai0="107,81,64,60,97,38,30,46,128,65,85,5,93" hai1="16,17,62,63,89,129,133,82,132,114,6,98,48" hai2="53,83,57,9,72,78,105,68,12,80,118,67,111" hai3="92,122,11,71,26,73,50,54,70,13,119,135,51"/><V116/><F105/><W34/><G119/><T94/><D128/><U109/><E109/><V37/><F37/><W110/><G122/><T76/><D64/><U0/><E114/><V2/><F111/><W121/><G73/><T126/><D126/><U14/><E129/><V24/><F2/><W106/><G106/><T79/><D5/><U123/><E0/><V90/><F67/><W19/><G135/><N who="1" m="51786" /><E123/><V87/><F68/><W112/><G121/><T103/><D79/><U52/><E98/><V102/><F102/><W23/><G110/><T113/><D113/><U101/><E101/><V41/><F41/><W69/><G112/><T115/><D115/><U1/><E1/><V55/><F24/><W127/><G127/><T4/><D4/><U74/><E6/><V33/><F33/><W96/><G34/><T108/><D108/><U15/><E15/><V45/><F45/><W44/><G51/><T47/><D47/><N who="1" m="27679" /><E17/><V117/><REACH who="2" step="1"/><F57/><REACH who="2" ten="220,167,153,450" step="2"/><W86/><G71/><T40/><D46/><U28/><E28/><V66/><F66/><W8/><G70/><T32/><D30/><U100/><E100/><V31/><F31/><W10/><G69/><T125/><D103/><U18/><E18/><AGARI ba="1,1" hai="9,12,18,53,55,72,78,80,83,87,90,116,117,118" machi="18" ten="40,2000,0" yaku="1,1,53,0" doraHai="22" doraHaiUra="91" who="2" fromWho="1" sc="220,0,167,-23,153,33,450,0" /><INIT seed="6,2,0,2,3,5" ten="220,144,186,450" oya="2" hai0="64,36,47,58,25,92,123,93,85,125,43,116,102" hai1="69,41,75,107,35,8,128,130,133,88,73,135,1" hai2="38,28,27,121,59,120,7,57,11,50,62,74,26" hai3="112,84,13,90,119,134,72,89,106,67,122,66,17"/><V79/><F38/><W126/><G72/><N who="1" m="27722" /><E41/><V124/><F124/><W55/><G106/><T31/><D123/><U81/><E107/><V83/><F50/><W99/><G122/><T108/><D125/><U56/><E56/><V54/><F59/><W19/><G119/><T18/><D108/><U103/><E103/><V131/><F131/><N who="1" m="50217" /><E69/><V68/><F68/><W87/><G134/><N who="1" m="51210" /><E35/><V110/><F110/><W101/><G126/><T37/><D102/><U3/><E8/><V82/><F82/><W94/><G112/><T21/><D43/><U32/><E32/><V46/><F46/><W0/><G0/><T24/><D37/><U71/><E71/><V91/><F91/><N who="3" m="34827" /><G55/><T95/><D36/><U86/><AGARI ba="2,0" hai="1,3,81,86,88" m="51210,50217,27722" machi="86" ten="40,5200,0" yaku="19,1,20,1,54,1" doraHai="5" who="1" fromWho="1" sc="220,-15,144,58,186,-28,450,-15" /><INIT seed="7,0,0,0,5,39" ten="205,202,158,435" oya="3" hai0="4,53,116,125,16,1,69,110,37,89,60,96,66" hai1="38,123,47,127,50,27,108,32,33,44,10,112,8" hai2="54,63,31,56,42,98,93,68,35,81,12,92,72" hai3="58,128,113,74,105,61,86,100,9,132,41,25,15"/><W7/><G74/><T26/><D110/><U43/><E108/><V126/><F126/><W103/><G105/><T91/><D125/><U52/><E123/><V124/><F124/><W122/><G122/><T62/><D116/><U46/><E127/><V87/><F72/><W3/><G41/><T28/><D37/><U13/><E112/><V29/><F68/><W59/><G3/><T114/><D4/><U22/><E33/><V6/><F35/><W18/><G113/><T106/><D1/><U117/><E32/><V17/><F6/><W48/><G128/><T82/><D28/><N who="1" m="17527" /><E117/><V34/><F42/><W121/><G86/><T64/><D53/><U131/><E131/><V102/><F92/><W36/><G36/><T49/><D82/><U101/><E38/><V5/><F5/><W111/><G48/><T133/><D49/><N who="1" m="26783" /><E101/><V30/><F34/><W51/><G51/><T104/><D114/><U115/><E115/><V120/><F120/><W24/><G132/><T129/><D133/><U67/><E67/><V23/><REACH who="2" step="1"/><F31/><REACH who="2" ten="205,202,148,435" step="2"/><W118/><G121/><T78/><D69/><U80/><E80/><V109/><F109/><W71/><G111/><T0/><D129/><U11/><E47/><V65/><F65/><W94/><G118/><T134/><D66/><U70/><E70/><V14/><F14/><AGARI ba="0,1" hai="8,10,11,13,14,46,50,52" m="26783,17527" machi="14" ten="30,3900,0" yaku="8,1,52,1,54,1" doraHai="39" who="1" fromWho="2" sc="205,0,202,49,148,-39,435,0" owari="205,-19.0,251,5.0,109,-39.0,435,53.0" /></mjloggm>