<mjloggm ver="2.3"><GO type="97" lobby="0"/><UN n0="%E5%B0%B1%E6%B4%BB%E7%94%9F%40%E5%B7%9D%E6%9D%91%E8%BB%8D%E5%9B%A3" n1="%E3%81%B4%E3%81%B4%E3%81%B4%49%49%49" n2="%E3%81%9F%E3%83%BC%E3%81%9F" n3="%72%61%6E%6E%65%72" dan="14,14,13,13" rate="2021.34,1968.52,1913.63,1817.84" sx="M,M,M,M"/><TAIKYOKU oya="0"/><INIT seed="0,0,0,4,4,19" ten="250,250,250,250" oya="0" hai0="12,7,105,120,63,69,67,116,0,54,111,49,101" hai1="84,36,47,81,80,21,11,46,2,94,73,79,96" hai2="1,102,70,133,27,37,64,10,75,99,68,77,112" hai3="134,38,115,131,76,119,88,118,104,113,15,40,114"/><T13/><D13/><U128/><E128/><V100/><F112/><W125/><G40/><T22/><D116/><N who="3" m="44585" /><G38/><T78/><D120/><U72/><E72/><V62/><F133/><W39/><G15/><T3/><D111/><U58/><E36/><V103/><F37/><W45/><G45/><T95/><D78/><U44/><E58/><V123/><F123/><W8/><G39/><T56/><D105/><U91/><E21/><V16/><F70/><W86/><G8/><T129/><D129/><U61/><E61/><V135/><F135/><W51/><G51/><T90/><D101/><U109/><E109/><V132/><F132/><W89/><G134/><T29/><D7/><U50/><E11/><V43/><F43/><W85/><G125/><T122/><D122/><U4/><E2/><V117/><F117/><W53/><G53/><T9/><D9/><U66/><E66/><V42/><F42/><W92/><G104/><T26/><REACH who="0" step="1"/><D12/><REACH who="0" ten="240,250,250,250" step="2"/><U124/><E124/><V33/><F1/><W126/><G126/><T127/><D127/><U30/><E4/><V24/><F77/><W34/><G131/><T52/><D52/><U18/><E79/><V97/><F75/><W28/><G76/><T17/><D17/><U25/><E18/><V32/><F10/><W106/><G106/><T55/><D55/><N who="1" m="30151" /><E73/><V23/><REACH who="2" step="1"/><F27/><REACH who="2" ten="240,250,240,250" step="2"/><N who="3" m="18719" /><G115/><T93/><D93/><U65/><E25/><V98/><AGARI ba="0,2" hai="16,23,24,32,33,62,64,68,97,98,99,100,102,103" machi="98" ten="30,8000,1" yaku="1,1,0,1,52,1,54,1,53,1" doraHai="19" doraHaiUra="57" who="2" fromWho="2" sc="240,-40,250,-20,240,100,250,-20" /><INIT seed="1,0,0,2,0,110" ten="200,230,340,230" oya="1" hai0="55,28,108,99,93,127,24,94,85,57,29,14,31" hai1="35,11,59,2,26,97,61,114,15,18,107,0,41" hai2="86,25,130,133,96,38,121,119,122,71,76,73,120" hai3="13,124,115,62,54,131,82,74,70,10,126,17,5"/><U68/><E68/><V112/><F38/><W128/><G54/><T75/><D75/><U16/><E114/><V30/><F71/><W92/><G115/><T88/><D108/><U100/><E41/><V52/><F112/><W80/><G92/><T49/><D127/><N who="3" m="48681" /><G74/><T125/><D125/><U79/><E79/><V40/><F40/><W69/><G17/><T77/><D14/><U19/><E35/><V4/><F4/><W45/><G45/><T134/><D134/><U65/><REACH who="1" step="1"/><E26/><REACH who="1" ten="200,220,340,230" step="2"/><V42/><F42/><W123/><G70/><T78/><REACH who="0" step="1"/><D24/><REACH who="0" ten="190,220,340,230" step="2"/><U22/><E22/><V6/><F25/><W103/><G128/><T118/><D118/><U111/><E111/><V105/><F130/><W37/><G131/><T36/><D36/><U43/><E43/><V3/><F119/><W83/><G37/><T66/><D66/><U60/><E60/><V9/><F133/><W129/><G129/><T32/><D32/><U53/><E53/><V21/><F52/><W84/><G62/><T102/><AGARI ba="0,2" hai="28,29,31,49,55,57,77,78,85,88,93,94,99,102" machi="102" ten="30,7900,0" yaku="1,1,0,1,8,1,54,1,53,0" doraHai="110" doraHaiUra="33" who="0" fromWho="0" sc="190,99,220,-39,340,-20,230,-20" /><INIT seed="2,0,0,5,3,132" ten="289,181,320,210" oya="2" hai0="21,13,125,54,121,111,61,90,30,0,67,118,8" hai1="133,2,5,17,97,29,99,73,84,4,91,71,63" hai2="26,3,92,94,27,107,60,77,9,45,25,89,12" hai3="78,119,106,127,110,129,62,47,15,87,135,115,19"/><V51/><F3/><W123/><G119/><T113/><D0/><U112/><E112/><V24/><F107/><W116/><G116/><T7/><D121/><U36/><E36/><V58/><N who="2" m="6656" /><DORA hai="55" /><V40/><F77/><W28/><G123/><T122/><D122/><U42/><E42/><V124/><F124/><W64/><G110/><T80/><D111/><U126/><E73/><V128/><F128/><W74/><G115/><T81/><D21/><U22/><E29/><V41/><F41/><W6/><G28/><T109/><D109/><U20/><E133/><V31/><F31/><W114/><G129/><T34/><D34/><U52/><E71/><V79/><F79/><W56/><G78/><T75/><D75/><U70/><E70/><V108/><F108/><W131/><G74/><T101/><D101/><U53/><E2/><V83/><F83/><W18/><G131/><T57/><D30/><U120/><E120/><V76/><F76/><W85/><G135/><T104/><D104/><U86/><E91/><V65/><REACH who="2" step="1"/><F89/><REACH who="2" ten="289,181,310,210" step="2"/><W59/><G127/><T98/><D125/><U1/><E1/><V134/><F134/><W130/><G130/><T93/><D113/><U102/><E126/><V49/><F49/><W16/><G114/><T82/><D118/><U10/><E102/><V14/><F14/><W100/><G15/><T43/><D43/><U68/><E63/><V11/><F11/><W46/><G62/><T105/><D105/><U88/><E88/><V66/><F66/><AGARI ba="0,1" hai="7,8,13,54,57,61,66,67,80,81,82,90,93,98" machi="66" ten="40,2600,0" yaku="8,1,52,1" doraHai="132,55" who="0" fromWho="2" sc="289,36,181,0,310,-26,210,0" /><INIT seed="3,0,0,1,4,35" ten="325,181,284,210" oya="3" hai0="81,11,9,28,1,85,69,8,134,0,24,130,128" hai1="20,74,7,46,12,123,33,66,101,100,22,65,95" hai2="31,60,59,89,53,58,135,115,19,77,71,32,98" hai3="129,13,94,45,42,39,16,84,50,2,78,63,57"/><W117/><G117/><T76/><D69/><U48/><E74/><V55/><F115/><W40/><G129/><N who="0" m="49771" /><D134/><U120/><E33/><AGARI ba="0,0" hai="0,1,8,9,11,24,28,33,76,81,85" m="49771" machi="33" ten="30,3900,0" yaku="19,1,52,2" doraHai="35" who="0" fromWho="1" sc="325,39,181,-39,284,0,210,0" owari="364,47.0,142,-36.0,284,8.0,210,-19.0" /></mjloggm>