<mjloggm ver="2.3"><GO type="169" lobby="0"/><UN n0="%61%6D%65%64%69%6F" n1="%E3%81%A9%E3%81%B0%E3%81%A8%E3%81%A1%E3%82%83%E3%82%93" n2="%E5%B0%B1%E6%B4%BB%E7%94%9F%40%E5%B7%9D%E6%9D%91%E8%BB%8D%E5%9B%A3" n3="%E3%83%AD%E3%83%B3%E3%81%AE%E5%AE%9F" dan="17,17,17,16" rate="2150.83,2183.17,2211.68,2033.23" sx="M,F,M,M"/><TAIKYOKU oya="0"/><INIT seed="0,0,0,0,5,8" ten="250,250,250,250" oya="0" hai0="128,33,125,119,17,98,80,44,10,19,52,45,2" hai1="36,54,127,50,99,26,34,4,63,122,47,49,83" hai2="115,58,114,29,87,68,43,96,89,3,60,126,13" hai3="64,67,101,51,78,97,42,41,120,55,30,100,53"/><T133/><D119/><U57/><E122/><V94/><F3/><W18/><G78/><T11/><D33/><U95/><E127/><V129/><F68/><W21/><G30/><T66/><D125/><U79/><E4/><V77/><F126/><W31/><G31/><T28/><D28/><U91/><E34/><V46/><F29/><W124/><G120/><T105/><D66/><U20/><E36/><V35/><F35/><W48/><G124/><T0/><D80/><U109/><E47/><V59/><F59/><W134/><G134/><T73/><D73/><U12/><E12/><V71/><F71/><W106/><G106/><T107/><D98/><U38/><E38/><V62/><F62/><W130/><G130/><T123/><D123/><U75/><REACH who="1" step="1"/><E109/><REACH who="1" ten="250,240,250,250" step="2"/><V131/><F13/><N who="3" m="9423" /><G41/><T69/><D69/><U121/><E121/><V132/><F132/><W85/><G42/><T110/><D110/><U25/><E25/><V23/><F46/><W6/><G6/><T76/><D133/><U61/><E61/><V1/><F43/><W113/><G48/><T88/><D128/><U32/><E32/><V103/><F1/><W92/><G51/><T22/><D0/><U70/><E70/><V111/><F111/><W90/><G64/><T108/><D2/><U7/><E7/><V81/><F129/><W14/><G14/><T72/><D108/><U93/><E93/><N who="2" m="58767" /><F131/><W117/><G67/><T16/><D45/><U39/><E39/><V84/><F60/><W37/><G37/><T40/><D105/><U104/><E104/><V15/><F58/><W102/><G92/><RYUUKYOKU ba="0,1" sc="250,-15,240,15,250,15,250,-15" hai1="20,26,49,50,54,57,63,75,79,83,91,95,99" hai2="15,23,77,81,84,87,89,94,114,115" /><INIT seed="1,1,1,2,3,14" ten="235,255,265,235" oya="1" hai0="117,76,64,96,131,68,2,36,97,87,19,101,3" hai1="60,123,121,42,94,119,30,95,122,111,1,107,54" hai2="112,32,79,44,105,69,20,23,49,134,102,73,85" hai3="126,71,113,25,22,90,77,47,98,4,46,84,7"/><U29/><E119/><V41/><F32/><W15/><G71/><T31/><D36/><U34/><E107/><V28/><F69/><W120/><G120/><T53/><D117/><U106/><E106/><V92/><F134/><W33/><G33/><T83/><D31/><U6/><E42/><V11/><F28/><W39/><G113/><T57/><D131/><U0/><E111/><V51/><F112/><W130/><G130/><T16/><D64/><U70/><E6/><V81/><F51/><W52/><G39/><T108/><D68/><U50/><E70/><V93/><F93/><W135/><G15/><T114/><D108/><U82/><E60/><V40/><F40/><W18/><G135/><T21/><D114/><U89/><E82/><V99/><REACH who="2" step="1"/><F11/><REACH who="2" ten="235,255,255,235" step="2"/><W118/><G118/><T12/><D97/><N who="1" m="57551" /><E95/><V124/><F124/><W133/><G126/><T100/><D96/><U78/><E34/><V115/><F115/><W80/><G133/><T88/><D3/><U35/><E35/><V91/><AGARI ba="1,2" hai="20,23,41,44,49,73,79,81,85,91,92,99,102,105" machi="91" ten="30,7900,0" yaku="1,1,0,1,24,2,53,0" doraHai="14" doraHaiUra="9" who="2" fromWho="2" sc="235,-21,255,-40,255,102,235,-21" /><INIT seed="2,0,0,0,0,120" ten="214,215,357,214" oya="2" hai0="83,43,20,42,77,7,124,105,9,59,3,21,119" hai1="57,23,8,94,29,40,128,34,61,5,98,97,41" hai2="62,75,26,1,80,16,70,78,53,39,88,46,60" hai3="122,45,92,123,36,100,110,84,54,87,68,12,76"/><V126/><F1/><W27/><G68/><T14/><D105/><U106/><E128/><V114/><F114/><W48/><G36/><T66/><D119/><U104/><E34/><V73/><F73/><W113/><G113/><T121/><D124/><U63/><E106/><V58/><F126/><W6/><G6/><T107/><D107/><U38/><E104/><V125/><F125/><W31/><G100/><T111/><D121/><U24/><E63/><V95/><F70/><W4/><G4/><T47/><D43/><U19/><E38/><V108/><F108/><W133/><G12/><T18/><D59/><U132/><E29/><V2/><F2/><W65/><G65/><T79/><D66/><U89/><E98/><N who="2" m="57703" /><F62/><W101/><G110/><T64/><D64/><U55/><REACH who="1" step="1"/><E132/><REACH who="1" ten="214,205,357,214" step="2"/><V0/><F39/><W17/><G133/><T11/><D111/><U50/><E50/><V22/><F0/><AGARI ba="0,1" hai="0,5,8,19,23,24,40,41,55,57,61,89,94,97" machi="0" ten="30,7700,0" yaku="1,1,7,1,25,2,53,0" doraHai="120" doraHaiUra="44" who="1" fromWho="2" sc="214,0,205,87,357,-77,214,0" /><INIT seed="3,0,0,5,4,89" ten="214,292,280,214" oya="3" hai0="98,65,83,88,14,93,17,5,121,66,71,78,131" hai1="118,117,125,15,21,67,36,133,52,90,135,22,113" hai2="31,70,94,84,23,41,87,42,76,62,58,112,100" hai3="101,74,92,77,26,103,8,28,64,128,11,111,108"/><W116/><G116/><N who="1" m="44650" /><E113/><V43/><F70/><W45/><G128/><T34/><D131/><U120/><E120/><V114/><F114/><W104/><G104/><T38/><D38/><U86/><E125/><V3/><F3/><W35/><G64/><T75/><D34/><U37/><E67/><N who="2" m="39383" /><F76/><W16/><G45/><T29/><D29/><U115/><E115/><V109/><F109/><N who="3" m="42059" /><G16/><T102/><D5/><U132/><E52/><V99/><F112/><W85/><G74/><T68/><D68/><U55/><E55/><V39/><F39/><N who="1" m="14921" /><E15/><V57/><F57/><W124/><G124/><T46/><D46/><U51/><E51/><V25/><AGARI ba="0,0" hai="23,25,31,41,42,43,84,87,94,99,100" m="39383" machi="25" ten="30,4000,0" yaku="25,1,8,1,52,1" doraHai="89" who="2" fromWho="2" sc="214,-10,292,-10,280,40,214,-20" /><INIT seed="4,0,0,4,1,50" ten="204,282,320,194" oya="0" hai0="3,42,91,25,55,106,52,126,101,135,37,47,99" hai1="112,1,2,22,56,69,85,114,96,119,68,78,26" hai2="123,46,34,27,70,21,38,117,31,88,77,120,28" hai3="5,86,45,84,89,33,8,75,130,95,14,4,44"/><T23/><D3/><U97/><E119/><V64/><F77/><W74/><G33/><T57/><D135/><U81/><E1/><V83/><F34/><W17/><G130/><T48/><D91/><U53/><E2/><V125/><F125/><W15/><G84/><T80/><D80/><U128/><E128/><V51/><F38/><W93/><G93/><T59/><D126/><U118/><E118/><V24/><F117/><W32/><G32/><T58/><REACH who="0" step="1"/><D37/><REACH who="0" ten="194,282,320,194" step="2"/><U129/><E129/><V66/><F88/><W124/><G124/><T13/><D13/><U39/><E39/><V20/><F83/><W43/><G15/><T131/><D131/><U16/><E114/><V71/><F120/><W127/><G127/><T10/><D10/><U103/><E112/><V116/><F116/><W121/><G121/><T63/><D63/><U49/><REACH who="1" step="1"/><E96/><REACH who="1" ten="194,272,320,194" step="2"/><V61/><F123/><W132/><G132/><T18/><AGARI ba="0,2" hai="18,23,25,42,47,48,52,55,57,58,59,99,101,106" machi="18" ten="30,12000,1" yaku="1,1,0,1,52,2,54,1,53,0" doraHai="50" doraHaiUra="29" who="0" fromWho="0" sc="194,140,272,-40,320,-40,194,-40" /><INIT seed="4,1,0,2,4,26" ten="334,232,280,154" oya="0" hai0="126,8,10,98,7,63,92,32,80,88,11,39,51" hai1="52,41,118,13,100,17,64,20,43,71,14,81,18" hai2="104,12,108,135,54,72,55,103,38,28,22,107,69" hai3="134,19,125,15,37,29,113,90,133,106,67,119,1"/><T117/><D39/><U4/><E118/><V30/><F69/><W31/><G119/><T23/><D117/><U42/><E4/><V109/><F72/><W84/><G37/><T21/><D32/><U46/><E100/><V66/><F38/><W93/><G1/><T61/><D126/><U87/><E71/><V122/><F122/><W56/><G106/><T3/><D7/><U57/><E64/><V59/><F66/><W77/><G125/><T45/><D3/><U123/><E46/><V128/><F103/><W124/><G124/><T0/><D80/><U96/><E96/><V76/><F76/><W34/><G34/><T91/><D91/><U79/><E123/><V102/><F102/><W132/><G77/><T53/><D0/><U25/><REACH who="1" step="1"/><E17/><REACH who="1" ten="334,222,280,154" step="2"/><V75/><F59/><W129/><G129/><T70/><D70/><U2/><E2/><V86/><F128/><W85/><G113/><T65/><D65/><U97/><E97/><V131/><F131/><W101/><G101/><T83/><D83/><U111/><E111/><V115/><F115/><W99/><G67/><T95/><D95/><U44/><E44/><V50/><F107/><W40/><G56/><T58/><D58/><U110/><E110/><V9/><F104/><W68/><G68/><T89/><D89/><U127/><E127/><V62/><F109/><W114/><G114/><T33/><D63/><AGARI ba="1,1" hai="13,14,18,20,25,41,42,43,52,57,63,79,81,87" machi="63" ten="40,8000,1" yaku="1,1,8,1,54,1,53,1" doraHai="26" doraHaiUra="48" who="1" fromWho="0" sc="334,-83,222,93,280,0,154,0" /><INIT seed="5,0,0,3,2,124" ten="251,315,280,154" oya="1" hai0="76,34,131,30,118,135,82,112,64,102,81,33,66" hai1="106,39,97,26,49,61,15,5,101,59,71,52,133" hai2="41,120,91,62,90,23,7,111,108,65,69,4,83" hai3="105,50,94,88,32,46,58,16,74,43,21,35,6"/><U44/><E133/><V95/><F120/><W114/><G105/><T22/><D112/><U117/><E117/><V127/><F127/><W36/><G74/><T10/><D118/><U103/><E103/><V80/><F41/><W17/><G114/><T51/><D10/><U70/><E39/><V28/><F83/><W89/><G6/><T123/><D102/><U128/><E26/><V25/><F80/><W56/><G32/><T0/><D0/><U78/><E78/><V96/><F91/><W45/><G35/><T115/><D115/><U110/><E110/><V48/><F111/><W125/><G125/><T8/><D8/><U9/><REACH who="1" step="1"/><E128/><REACH who="1" ten="251,305,280,154" step="2"/><V24/><F108/><W130/><G130/><T31/><D131/><U54/><AGARI ba="0,1" hai="5,9,15,44,49,52,54,59,61,70,71,97,101,106" machi="54" ten="20,12000,1" yaku="1,1,2,1,0,1,7,1,54,1,53,0" doraHai="124" doraHaiUra="87" who="1" fromWho="1" sc="251,-40,305,130,280,-40,154,-40" /><INIT seed="5,1,0,5,2,66" ten="211,435,240,114" oya="1" hai0="69,22,6,106,1,97,43,83,111,50,99,63,73" hai1="7,5,26,125,68,34,10,109,76,65,72,60,48" hai2="116,115,45,23,93,32,58,128,126,87,74,90,42" hai3="88,9,85,51,15,80,27,124,129,121,82,30,8"/><U67/><E125/><V57/><F32/><W17/><G121/><T16/><D111/><U70/><E109/><V13/><F74/><W95/><G124/><T20/><D20/><U105/><E48/><N who="2" m="26679" /><F126/><W56/><G129/><T31/><D31/><U36/><E36/><V19/><F116/><W47/><G9/><T78/><D6/><U0/><E5/><V61/><F128/><W18/><G56/><N who="2" m="21609" /><F115/><W123/><G123/><T114/><D1/><U29/><E105/><V2/><F2/><W110/><G110/><T79/><D79/><U11/><E11/><V89/><F90/><W46/><G17/><T77/><D77/><U94/><E94/><V102/><F102/><W98/><G51/><T127/><D106/><U112/><E112/><V81/><F61/><W49/><G49/><T38/><D114/><U40/><E40/><V71/><F71/><W108/><G108/><T3/><D50/><U41/><E41/><V35/><F35/><W133/><G133/><T75/><D3/><U4/><E4/><V44/><F44/><W39/><G39/><T135/><D75/><U92/><E92/><AGARI ba="1,0" hai="13,19,23,81,87,89,92,93" m="21609,26679" machi="92" ten="30,1000,0" yaku="8,1" doraHai="66" who="2" fromWho="1" sc="211,0,435,-13,240,13,114,0" /><INIT seed="6,0,0,5,1,8" ten="211,422,253,114" oya="2" hai0="32,49,35,120,16,129,9,18,74,83,26,13,64" hai1="48,69,25,60,94,134,57,3,96,92,84,103,85" hai2="54,121,93,119,10,7,67,75,24,44,36,15,31" hai3="53,124,130,28,100,22,78,79,2,102,72,126,132"/><V1/><F75/><W20/><G2/><T127/><D120/><U71/><E3/><V6/><F119/><W70/><G70/><T99/><D129/><U95/><E134/><V105/><F105/><W73/><G130/><T14/><D127/><U114/><E114/><V131/><F131/><W58/><G58/><T66/><D99/><U82/><E84/><V21/><F67/><W19/><G28/><T125/><D49/><U97/><E94/><V17/><F121/><W104/><G104/><T113/><D113/><U29/><E48/><N who="2" m="28935" /><F36/><W51/><G51/><T65/><D26/><U30/><E25/><V107/><F107/><W128/><G128/><T11/><D125/><U89/><E71/><V62/><F62/><W43/><G43/><T86/><D74/><U37/><E69/><V61/><F61/><W135/><REACH who="3" step="1"/><G19/><REACH who="3" ten="211,422,253,104" step="2"/><T55/><D55/><AGARI ba="0,1" hai="20,22,53,55,72,73,78,79,100,102,124,126,132,135" machi="55" ten="25,6400,0" yaku="1,1,2,1,22,2,53,0" doraHai="8" doraHaiUra="5" who="3" fromWho="0" sc="211,-64,422,0,253,0,104,74" /><INIT seed="7,0,0,1,5,16" ten="147,422,253,178" oya="3" hai0="132,113,22,103,88,37,12,85,67,2,74,115,106" hai1="91,30,102,19,76,52,119,79,63,81,71,130,72" hai2="105,70,29,58,20,107,90,28,114,118,98,125,44" hai3="100,77,54,8,62,87,65,5,128,84,60,68,64"/><W27/><G100/><T66/><D37/><U83/><E30/><V89/><F70/><W46/><G128/><T4/><D2/><U73/><E130/><V129/><F129/><W121/><G121/><T61/><D74/><U49/><E102/><V134/><F114/><N who="0" m="43530" /><D132/><U86/><E119/><V47/><F58/><W94/><G77/><T25/><D12/><U34/><E34/><V82/><F82/><W26/><G64/><T111/><D4/><U135/><E19/><V59/><F59/><W55/><G55/><T11/><D11/><U9/><E9/><V124/><F98/><W95/><G84/><T23/><D111/><U13/><E13/><V48/><F48/><W110/><G110/><T14/><D14/><U78/><E83/><V0/><F0/><W7/><G7/><T56/><D25/><U51/><E135/><V92/><F134/><W39/><G39/><T116/><D67/><U41/><E52/><V36/><F36/><W122/><G122/><T69/><D69/><U45/><E51/><V15/><F118/><W101/><G60/><T43/><D43/><U10/><E63/><V131/><F131/><W75/><G75/><T133/><D133/><U38/><E73/><V93/><F15/><N who="3" m="5519" /><G46/><T127/><D127/><U3/><E86/><V123/><F123/><W6/><G6/><T50/><D50/><U97/><E78/><V33/><F33/><W18/><G54/><T108/><D108/><U17/><E38/><V104/><F104/><W24/><G87/><T21/><D116/><U40/><E72/><V31/><F107/><W80/><G68/><RYUUKYOKU ba="0,0" sc="147,0,422,0,253,0,178,0" owari="147,-35.0,422,52.0,253,5.0,178,-22.0" /></mjloggm>