<mjloggm ver="2.3"><GO type="169" lobby="0"/><UN n0="%E3%83%88%E3%83%88%E3%83%AA%E5%85%88%E7%94%9F%31%39%E6%AD%B3" n1="%E3%81%86%E3%81%83%E3%83%BC%E3%81%A1%E3%82%83%E3%82%93" n2="%E3%82%BF%E3%82%AD%E3%83%88%E3%83%BC%E3%83%AB" n3="%E6%88%B8%E6%84%9A%E5%91%82%E3%83%BB%E5%A7%89" dan="18,16,16,17" rate="2164.09,2132.63,2109.37,2217.35" sx="F,M,M,M"/><TAIKYOKU oya="0"/><INIT seed="0,0,0,0,3,89" ten="250,250,250,250" oya="0" hai0="135,2,91,126,45,26,75,124,72,51,98,87,123" hai1="131,43,47,63,14,69,38,4,18,46,58,129,53" hai2="112,83,90,133,104,66,65,25,22,37,70,101,40" hai3="15,32,127,30,76,74,19,62,57,49,59,17,21"/><T102/><D2/><U60/><E4/><V117/><F112/><W12/><G127/><N who="0" m="48683" /><D123/><U77/><E77/><V71/><F66/><W120/><G120/><T82/><D26/><U48/><E18/><V23/><F65/><W106/><G106/><T5/><D5/><U134/><E14/><V10/><F22/><W79/><G74/><N who="0" m="28203" /><D51/><U92/><E92/><V113/><F113/><W31/><G32/><T111/><D45/><U96/><E96/><V6/><F37/><W41/><G41/><T7/><D7/><U28/><E134/><V105/><F40/><W73/><G73/><T81/><D111/><U33/><E28/><N who="3" m="10794" /><G49/><T27/><D27/><U130/><E33/><V20/><F25/><W8/><G57/><T95/><D135/><U44/><E69/><V13/><F133/><W35/><G35/><T100/><D100/><U61/><AGARI ba="0,0" hai="38,43,44,46,47,48,53,58,60,61,63,129,130,131" machi="61" ten="40,8000,1" yaku="0,1,19,1,34,3" doraHai="89" who="1" fromWho="1" sc="250,-40,250,80,250,-20,250,-20" /><INIT seed="1,0,0,5,1,16" ten="210,330,230,230" oya="1" hai0="17,84,86,116,77,20,56,26,66,1,105,101,68" hai1="57,112,31,45,126,111,82,104,92,30,60,75,46" hai2="40,109,29,43,83,85,53,27,93,33,132,76,23" hai3="99,107,7,13,62,133,74,15,64,115,12,98,25"/><U55/><E112/><V24/><F132/><W135/><G115/><T123/><D1/><U118/><E104/><V72/><F109/><W94/><G74/><T38/><D68/><U49/><E118/><V35/><F35/><W0/><G107/><T69/><D69/><U121/><E111/><V22/><F33/><W130/><G130/><T95/><D38/><U11/><E121/><V63/><F72/><W42/><G42/><T127/><D116/><U110/><E110/><V9/><F9/><W48/><G48/><T5/><D105/><U8/><E126/><V117/><F93/><W37/><G37/><T39/><D39/><U114/><E114/><V119/><F119/><W81/><G81/><N who="0" m="47151" /><D127/><U73/><E92/><V113/><F117/><W102/><G99/><N who="0" m="59647" /><D123/><U122/><E82/><V50/><F63/><W28/><G0/><T52/><D66/><U80/><E122/><V125/><F125/><W47/><G7/><T41/><D41/><U2/><E80/><V18/><REACH who="2" step="1"/><F113/><REACH who="2" ten="210,330,220,230" step="2"/><W21/><REACH who="3" step="1"/><G47/><AGARI ba="0,1" hai="18,22,23,24,27,29,40,43,47,50,53,76,83,85" machi="47" ten="30,12000,2" yaku="1,1,2,1,7,1,8,1,52,2,53,0" doraHai="16" doraHaiUra="10" who="2" fromWho="3" sc="210,0,330,0,220,130,230,-120" /><INIT seed="2,0,0,3,4,46" ten="210,330,350,110" oya="2" hai0="83,96,98,95,52,34,12,26,106,125,72,122,4" hai1="17,128,6,80,67,116,132,114,3,20,92,31,37" hai2="51,64,89,129,58,61,133,79,35,99,55,43,70" hai3="56,21,87,7,24,69,113,30,36,73,105,78,130"/><V110/><F35/><W102/><G73/><T62/><D122/><U60/><E37/><V131/><F79/><W124/><G69/><T112/><D112/><U49/><E114/><V123/><F123/><W65/><G113/><T119/><D119/><U32/><E116/><V71/><F99/><W38/><G124/><T111/><D125/><U33/><E80/><V77/><F77/><W74/><G74/><T90/><D111/><U115/><E92/><V97/><F110/><W63/><G130/><N who="2" m="49673" /><F97/><W8/><G102/><T39/><D39/><U1/><E49/><V121/><F121/><W5/><G105/><T28/><D72/><U59/><E115/><V42/><F89/><W88/><G78/><T75/><D75/><U66/><E128/><V50/><F133/><W101/><G101/><T81/><D98/><U0/><E132/><V47/><F42/><W40/><G40/><T11/><REACH who="0" step="1"/><D106/><REACH who="0" ten="200,330,350,110" step="2"/><U91/><E33/><V57/><AGARI ba="0,1" hai="43,47,50,51,55,57,58,61,64,70,71" m="49673" machi="57" ten="30,12000,1" yaku="19,1,34,2,52,2" doraHai="46" who="2" fromWho="2" sc="200,-40,330,-40,350,130,110,-40" /><INIT seed="2,1,0,3,0,73" ten="160,290,480,70" oya="2" hai0="54,82,62,127,48,83,112,38,20,85,58,79,99" hai1="15,135,49,7,69,61,28,29,8,52,32,16,27" hai2="92,0,133,101,88,53,45,11,40,103,68,18,26" hai3="95,2,102,70,129,72,63,98,23,51,1,47,77"/><V37/><F68/><W12/><G129/><T130/><D112/><U134/><E28/><V120/><F133/><W111/><G111/><T50/><D38/><U6/><E69/><V33/><F120/><W91/><G70/><T119/><D130/><U128/><E61/><V86/><F33/><W43/><G63/><T132/><D132/><N who="1" m="50731" /><E128/><V104/><F104/><W36/><G36/><T35/><D35/><U81/><E81/><V67/><F67/><W21/><G102/><T76/><D127/><U115/><E115/><V105/><F105/><W94/><G94/><T14/><D119/><U39/><E39/><V118/><F118/><W78/><G72/><T34/><D34/><U9/><E9/><V24/><F24/><W87/><G98/><T65/><D99/><U44/><AGARI ba="1,0" hai="6,7,8,15,16,27,29,32,44,49,52" m="50731" machi="44" ten="30,4000,0" yaku="20,1,54,2" doraHai="73" who="1" fromWho="1" sc="160,-11,290,43,480,-21,70,-11" /><INIT seed="3,0,0,2,4,5" ten="149,333,459,59" oya="3" hai0="68,3,116,77,104,56,51,88,101,58,92,11,52" hai1="44,39,63,110,8,31,121,64,94,109,18,89,108" hai2="1,83,60,123,129,4,28,38,14,118,16,33,134" hai3="65,62,95,24,10,103,132,59,42,22,20,27,35"/><W69/><G132/><T119/><D68/><U102/><E121/><V115/><F38/><W26/><G35/><T100/><D77/><U105/><E31/><V9/><F118/><W76/><G42/><T67/><D104/><U29/><E29/><V48/><F48/><W45/><G45/><T78/><D78/><U53/><E102/><N who="0" m="39529" /><D3/><U19/><E105/><V2/><F2/><W25/><G76/><T49/><D119/><U107/><E107/><V117/><F117/><W131/><G131/><T82/><D116/><U114/><E114/><V15/><F15/><W111/><G111/><T98/><D82/><U97/><E53/><V40/><F40/><W86/><N who="3" m="6144" /><DORA hai="32" /><W130/><G130/><T47/><D67/><U91/><E91/><V54/><F33/><W6/><G69/><T21/><D21/><U125/><E125/><V120/><F129/><W50/><G50/><T93/><D49/><U43/><REACH who="1" step="1"/><E8/><REACH who="1" ten="149,323,459,59" step="2"/><V70/><F28/><W37/><G37/><T74/><D11/><U61/><E61/><V128/><F128/><W81/><G103/><T112/><D112/><U72/><E72/><V71/><F115/><W17/><G95/><N who="0" m="56679" /><D74/><U13/><E13/><V46/><F83/><W57/><G81/><T124/><D124/><U127/><E127/><V106/><F106/><W85/><G62/><T55/><D55/><U36/><E36/><V99/><F60/><W135/><G135/><T126/><D126/><U75/><E75/><V41/><F134/><W133/><G133/><T90/><D93/><U34/><E34/><V96/><F123/><W79/><G10/><RYUUKYOKU ba="0,1" sc="149,15,323,15,459,-15,59,-15" hai0="47,51,52,56,58,90,92" hai1="18,19,39,43,44,63,64,89,94,97,108,109,110" /><INIT seed="4,1,1,3,0,28" ten="164,338,444,44" oya="0" hai0="84,31,54,121,76,132,33,68,20,13,102,72,18" hai1="10,43,11,59,49,70,30,114,116,46,106,88,63" hai2="74,38,134,4,8,58,110,73,21,135,128,47,39" hai3="77,97,24,131,117,120,5,82,0,126,67,109,71"/><T129/><D121/><U105/><E116/><V51/><F58/><W12/><G109/><T16/><D68/><U56/><E114/><V44/><F21/><W80/><G117/><T26/><D72/><U123/><E123/><V115/><F110/><W93/><G120/><T99/><D129/><U25/><E70/><V122/><F122/><W35/><G0/><T133/><D54/><U104/><E56/><V108/><F108/><W55/><G131/><T79/><D18/><U127/><E127/><V6/><F128/><W34/><G126/><T17/><D17/><U36/><E36/><V27/><F27/><W9/><G55/><T94/><REACH who="0" step="1"/><D84/><REACH who="0" ten="154,338,444,44" step="2"/><U91/><E10/><V130/><F130/><W89/><G24/><T125/><D125/><U90/><E11/><V107/><F8/><W45/><G45/><T66/><D66/><U64/><REACH who="1" step="1"/><E104/><REACH who="1" ten="154,328,444,44" step="2"/><V48/><F107/><W69/><G69/><T52/><D52/><U113/><E113/><AGARI ba="1,3" hai="4,6,38,39,44,47,48,51,73,74,113,115,134,135" machi="113" ten="25,1600,0" yaku="22,2" doraHai="28" who="2" fromWho="1" sc="154,0,328,-19,444,49,44,0" /><INIT seed="5,0,0,2,4,103" ten="154,309,493,44" oya="1" hai0="102,32,41,21,109,43,132,108,81,37,6,65,101" hai1="124,33,23,44,57,2,71,59,45,120,35,76,117" hai2="60,110,134,121,133,119,19,51,74,5,15,1,97" hai3="90,16,12,4,92,25,130,48,52,64,107,54,84"/><U31/><E117/><V39/><F39/><W112/><G112/><T79/><D32/><U100/><E120/><V61/><F74/><W63/><G130/><T10/><D132/><N who="2" m="50794" /><F110/><W50/><G4/><T98/><D21/><U83/><E71/><V73/><F73/><W123/><G123/><T0/><D65/><U75/><E124/><V131/><F131/><W80/><G25/><T129/><D101/><U88/><E100/><V82/><F82/><W28/><G28/><T49/><D49/><U128/><E128/><V105/><F105/><W20/><G107/><T89/><D89/><U9/><E59/><V40/><F97/><W99/><G50/><T27/><D27/><U85/><E57/><V11/><F119/><W17/><G17/><T26/><D26/><U42/><E45/><N who="2" m="26023" /><F121/><W3/><G48/><T56/><D56/><U135/><E23/><AGARI ba="0,0" hai="1,5,11,15,19,23,60,61" m="26023,50794" machi="23" ten="30,1000,0" yaku="20,1" doraHai="103" who="2" fromWho="1" sc="154,0,309,-10,493,10,44,0" /><INIT seed="6,0,0,5,0,111" ten="154,299,503,44" oya="2" hai0="86,19,122,95,75,128,66,120,18,87,33,63,134" hai1="3,76,56,121,91,23,97,64,65,31,26,11,117" hai2="79,103,59,39,29,62,38,21,9,88,110,44,71" hai3="118,96,42,51,116,82,36,85,125,25,24,74,69"/><V126/><F71/><W93/><G36/><T17/><D75/><U107/><E117/><V28/><F126/><W89/><G69/><T77/><D33/><U1/><E121/><V135/><F135/><W54/><G42/><T108/><D134/><U129/><E129/><V115/><F103/><W55/><G125/><T61/><D108/><U57/><E76/><V73/><F9/><W40/><G40/><T127/><D127/><U22/><E11/><V10/><F10/><W34/><G34/><T27/><D128/><U12/><E12/><V84/><F44/><W50/><G74/><T7/><D7/><U0/><E91/><V67/><F29/><W4/><G4/><T106/><D106/><U48/><E97/><V70/><F110/><W46/><G118/><T6/><D6/><U130/><E107/><V32/><F32/><W68/><G68/><T72/><D27/><U99/><E99/><V83/><F70/><W114/><G114/><T109/><D109/><U16/><E130/><V131/><F115/><W132/><G132/><T45/><D45/><U112/><E112/><V123/><F123/><N who="0" m="47146" /><D95/><U5/><E5/><V60/><F60/><N who="0" m="23114" /><D66/><U35/><E35/><V92/><REACH who="2" step="1"/><F131/><REACH who="2" ten="154,299,493,44" step="2"/><W119/><G119/><T58/><D58/><U30/><E56/><V37/><F37/><W47/><REACH who="3" step="1"/><G116/><REACH who="3" ten="154,299,493,34" step="2"/><T101/><D101/><AGARI ba="0,2" hai="24,25,46,47,50,51,54,55,82,85,89,93,96,101" machi="101" ten="30,8000,1" yaku="1,1,2,1,7,1,9,1,8,1,53,0" doraHai="111" doraHaiUra="124" who="3" fromWho="0" sc="154,-80,299,0,493,0,34,100" /><INIT seed="7,0,0,0,0,46" ten="74,299,493,134" oya="3" hai0="31,102,28,37,91,15,123,104,129,94,52,92,76" hai1="47,109,113,43,22,70,54,101,56,90,78,121,126" hai2="19,97,79,122,128,60,99,20,81,115,80,3,2" hai3="67,30,134,45,77,44,57,39,49,116,18,59,105"/><W84/><G116/><T58/><D123/><U17/><E121/><V61/><F122/><W89/><G105/><T36/><D129/><U65/><E126/><V38/><F38/><W8/><G134/><T50/><D104/><U9/><E113/><V7/><F128/><W10/><G77/><T119/><D119/><U103/><E109/><V110/><F110/><W120/><G30/><N who="0" m="11307" /><D37/><U114/><E78/><V33/><F33/><W72/><G72/><T68/><D68/><U74/><E90/><V111/><F115/><W0/><G0/><T41/><D36/><U53/><E74/><V35/><F35/><W5/><G39/><T62/><D76/><U12/><E70/><V34/><F34/><W25/><G5/><T69/><D69/><U32/><E32/><V133/><F133/><W135/><G8/><T87/><D15/><N who="1" m="9535" /><E43/><V73/><F111/><W6/><G6/><T14/><D14/><U21/><E21/><V16/><F79/><W93/><G10/><T24/><D24/><U13/><E114/><V71/><F71/><W107/><G107/><T125/><D125/><U4/><E13/><V106/><F106/><W64/><G25/><T86/><D102/><N who="1" m="38923" /><E47/><V27/><F27/><W42/><G135/><T83/><D86/><U95/><E95/><N who="0" m="36393" /><D41/><U51/><E9/><V85/><F7/><W63/><G42/><T131/><D131/><U40/><E12/><V48/><F73/><W26/><G84/><T112/><D112/><U88/><E4/><V117/><F85/><W75/><G120/><T127/><D127/><U55/><E40/><V132/><F117/><RYUUKYOKU ba="0,0" sc="74,30,299,-10,493,-10,134,-10" hai0="50,52,58,62,83,87,91" owari="104,-40.0,289,9.0,483,59.0,124,-28.0" /></mjloggm>