<mjloggm ver="2.3"><GO type="97" lobby="0"/><UN n0="%E8%8E%AB%E6%9C%88%40%E7%83%8F%E9%B4%89%E8%BB%8D%E5%9C%98" n1="%73%65%72%6F%6E%38%31%34" n2="%64%6B%67" n3="%E3%83%88%E3%83%88%E3%83%AA%E5%85%88%E7%94%9F%31%39%E6%AD%B3" dan="14,13,13,15" rate="1951.30,1822.03,1883.31,2086.68" sx="M,M,M,F"/><TAIKYOKU oya="0"/><INIT seed="0,0,0,3,1,110" ten="250,250,250,250" oya="0" hai0="123,77,71,8,79,89,81,28,130,50,18,32,13" hai1="134,121,39,30,106,105,119,63,60,0,2,48,120" hai2="7,99,80,87,115,47,24,35,101,61,76,125,11" hai3="66,27,4,16,19,67,108,104,34,91,26,131,112"/><T3/><D123/><U59/><E39/><V29/><F125/><W62/><G104/><T109/><D71/><U98/><E119/><V107/><F47/><W40/><G108/><T116/><D116/><U94/><E30/><V42/><F42/><W82/><G131/><T15/><D109/><U45/><E120/><V111/><F111/><W86/><G112/><T53/><D130/><U126/><E121/><V69/><F11/><W129/><G129/><T52/><D3/><U90/><E126/><V21/><F21/><W12/><G40/><T124/><D124/><U132/><E63/><V20/><F20/><W100/><G100/><T83/><D89/><U51/><E51/><V44/><F44/><W55/><G4/><T75/><D15/><U64/><E0/><V6/><F115/><W58/><G19/><T17/><D17/><U92/><E92/><V84/><F84/><W93/><G82/><T41/><D32/><U127/><E2/><V70/><F70/><W9/><REACH who="3" step="1"/><G34/><REACH who="3" ten="250,250,250,240" step="2"/><T73/><D28/><U72/><E127/><V57/><F6/><W49/><G49/><T25/><D25/><AGARI ba="0,1" hai="9,12,16,25,26,27,55,58,62,66,67,86,91,93" machi="25" ten="40,5200,0" yaku="1,1,8,1,54,1,53,0" doraHai="110" doraHaiUra="122" who="3" fromWho="0" sc="250,-52,250,0,250,0,240,62" /><INIT seed="1,0,0,1,5,109" ten="198,250,250,302" oya="1" hai0="49,118,75,61,43,93,5,59,128,63,53,98,95" hai1="102,134,115,12,27,66,52,19,129,10,56,90,42" hai2="34,70,32,50,119,33,88,13,78,86,94,91,20" hai3="71,11,24,30,1,122,18,97,68,44,121,135,124"/><U48/><E129/><V23/><F70/><W0/><G135/><T113/><D118/><U21/><E134/><V123/><F78/><W38/><G124/><T7/><D75/><U79/><E79/><V100/><F100/><W6/><G1/><T4/><D128/><U3/><E3/><V8/><F123/><N who="3" m="47115" /><G18/><T60/><D113/><U80/><E102/><V65/><F119/><W106/><G24/><T103/><REACH who="0" step="1"/><D43/><REACH who="0" ten="188,250,250,302" step="2"/><U67/><E115/><V17/><F65/><W16/><G71/><T55/><D55/><U57/><E42/><V72/><F72/><W28/><G68/><T126/><D126/><U108/><E67/><V120/><F120/><W22/><G106/><AGARI ba="0,1" hai="4,5,7,49,53,59,60,61,63,93,95,98,103,106" machi="106" ten="40,1300,0" yaku="1,1,53,0" doraHai="109" doraHaiUra="105" who="0" fromWho="3" sc="188,23,250,0,250,0,302,-13" /><INIT seed="2,0,0,3,2,29" ten="211,250,250,289" oya="2" hai0="94,79,47,130,24,56,72,82,118,120,58,55,81" hai1="28,112,87,26,51,89,31,22,76,62,108,12,100" hai2="121,91,9,126,18,71,124,44,103,0,75,90,102" hai3="65,36,84,109,52,25,107,92,61,114,68,13,63"/><V21/><F71/><W53/><G107/><T98/><D120/><U110/><E100/><N who="2" m="38443" /><F44/><W20/><G36/><T37/><D130/><U49/><E76/><V45/><F75/><W83/><G109/><N who="1" m="42090" /><E112/><V131/><F0/><W67/><G114/><T11/><D118/><U105/><E105/><V96/><F45/><W33/><G92/><T125/><D125/><N who="2" m="48234" /><F9/><W54/><G33/><T133/><D133/><U106/><E106/><V39/><F39/><W59/><G13/><T4/><D81/><U99/><E99/><V41/><F41/><W46/><G46/><T77/><D77/><U10/><E62/><N who="3" m="23562" /><G59/><T48/><D37/><U129/><E129/><V97/><F131/><W134/><G68/><T38/><D24/><U35/><E31/><V88/><F121/><W115/><G134/><T74/><D72/><U127/><E127/><V23/><F18/><N who="3" m="12439" /><G115/><T122/><D122/><U70/><E70/><V78/><F78/><AGARI ba="0,0" hai="52,53,54,65,67,78,83,84" m="12439,23562" machi="78" ten="30,2000,0" yaku="8,1,54,1" doraHai="29" who="3" fromWho="2" sc="211,0,250,0,250,-20,289,20" /><INIT seed="3,0,0,5,1,7" ten="211,250,230,309" oya="3" hai0="132,94,30,29,77,19,25,133,128,126,116,57,122" hai1="129,130,76,6,66,21,16,115,17,22,13,43,48" hai2="123,105,64,1,98,102,23,37,100,32,92,119,70" hai3="114,117,4,84,20,33,28,131,46,101,41,40,56"/><W67/><G114/><T110/><D77/><U2/><E66/><V85/><F37/><W35/><G117/><T14/><D57/><U113/><E76/><V54/><F32/><W59/><G131/><N who="1" m="50186" /><E43/><V9/><F119/><W86/><G4/><T68/><D68/><U97/><E48/><V134/><F54/><W69/><G20/><N who="0" m="11383" /><D94/><U135/><E97/><N who="2" m="61647" /><F23/><W5/><G5/><T124/><D128/><U74/><E74/><V34/><F34/><W106/><G101/><T103/><D103/><U38/><E38/><V8/><F1/><W71/><G67/><T108/><D116/><U111/><E135/><N who="0" m="51785" /><D122/><U78/><E78/><V10/><F134/><W36/><G36/><T65/><D65/><U39/><E39/><V118/><F118/><W11/><G106/><T26/><D26/><N who="1" m="14631" /><E111/><N who="0" m="42537" /><D25/><U12/><E2/><V127/><F64/><W89/><G69/><T112/><D112/><N who="1" m="43083" /><E6/><V121/><F70/><W72/><G71/><T125/><AGARI ba="0,0" hai="29,30,124,125,126" m="42537,51785,11383" machi="125" ten="40,8000,1" yaku="18,1,20,1,14,1,34,2" doraHai="7" who="0" fromWho="0" sc="211,80,250,-20,230,-20,309,-40" /><INIT seed="4,0,0,2,0,87" ten="291,230,210,269" oya="0" hai0="68,29,95,12,36,53,31,88,10,112,91,33,109" hai1="102,123,105,117,63,62,127,40,22,97,84,54,57" hai2="38,119,83,135,121,78,122,107,37,129,133,8,64" hai3="111,67,43,66,27,98,19,15,86,23,41,73,90"/><T69/><D36/><N who="2" m="13930" /><F8/><W5/><G111/><T21/><D33/><U131/><E123/><N who="2" m="47115" /><F64/><N who="3" m="24619" /><G98/><T24/><D109/><U9/><E97/><V20/><F20/><N who="3" m="11391" /><G73/><T48/><D112/><U116/><E22/><V59/><F59/><W100/><G100/><T92/><D31/><U49/><E9/><V18/><F18/><N who="3" m="12791" /><G5/><T16/><D69/><U26/><E102/><V58/><F58/><W47/><G47/><N who="0" m="27807" /><D68/><U30/><E57/><V74/><F107/><W51/><G51/><T81/><D81/><AGARI ba="0,0" hai="41,43,81,86,90" m="12791,11391,24619" machi="81" ten="30,2000,0" yaku="8,1,52,1" doraHai="87" who="3" fromWho="0" sc="291,-20,230,0,210,0,269,20" /><INIT seed="5,0,0,5,5,96" ten="271,230,210,289" oya="1" hai0="17,73,10,120,25,58,61,38,114,35,57,24,105" hai1="23,98,99,97,63,27,3,19,94,123,135,39,131" hai2="130,111,118,49,88,56,83,33,2,67,32,7,95" hai3="100,124,29,34,82,117,78,20,119,132,81,41,133"/><U107/><E39/><V22/><F111/><W5/><G34/><T4/><D73/><U65/><E131/><V21/><F130/><W68/><G68/><T12/><D38/><U112/><E135/><N who="3" m="51786" /><G124/><T129/><D129/><U15/><E123/><V52/><F118/><N who="3" m="45067" /><G41/><T53/><D105/><U13/><E112/><V46/><F7/><W91/><G100/><T43/><D120/><U55/><E3/><V102/><F2/><W51/><G51/><T108/><D114/><U87/><E107/><V16/><F33/><W47/><G47/><T50/><D108/><U85/><E55/><N who="2" m="30135" /><F67/><W44/><G44/><T28/><D43/><U84/><REACH who="1" step="1"/><E94/><REACH who="1" ten="271,220,210,289" step="2"/><V9/><F32/><W122/><G122/><T31/><D4/><U75/><E75/><V110/><F110/><W69/><G5/><T90/><D90/><U134/><E134/><V127/><F127/><W64/><G91/><T113/><D113/><U104/><E104/><V71/><F71/><AGARI ba="0,1" hai="13,15,19,23,27,63,65,71,84,85,87,97,98,99" machi="71" ten="40,2000,0" yaku="1,1,53,0" doraHai="96" doraHaiUra="26" who="1" fromWho="2" sc="271,0,220,30,210,-20,289,0" /><INIT seed="5,1,0,2,3,58" ten="271,250,190,289" oya="1" hai0="48,30,46,74,94,54,85,83,25,18,128,108,70" hai1="2,73,120,81,19,67,53,123,135,131,50,102,91" hai2="15,75,59,112,79,60,114,101,105,7,127,124,39" hai3="89,78,107,36,134,45,49,6,14,41,93,84,0"/><U122/><E2/><V21/><F39/><W61/><G107/><T9/><D108/><U117/><E117/><V111/><F111/><W64/><G0/><T92/><D128/><U1/><E1/><V80/><F21/><W97/><G134/><T33/><D70/><U11/><E102/><V71/><F15/><W32/><G32/><T13/><REACH who="0" step="1"/><D74/><REACH who="0" ten="261,250,190,289" step="2"/><U106/><E131/><V86/><F75/><W62/><G36/><T69/><D69/><U109/><E109/><V129/><F71/><W37/><G37/><T113/><D113/><N who="2" m="43626" /><F129/><W29/><G29/><T3/><D3/><U10/><E123/><V76/><F7/><W20/><G64/><T132/><D132/><U110/><E135/><V100/><F124/><W43/><G43/><T52/><D52/><U68/><E110/><V103/><F127/><W88/><G78/><AGARI ba="1,1" hai="9,13,18,25,30,33,46,48,54,78,83,85,92,94" machi="78" ten="30,3900,0" yaku="1,1,7,1,53,1" doraHai="58" doraHaiUra="22" who="0" fromWho="3" sc="261,52,250,0,190,0,289,-42" owari="313,41.0,250,5.0,190,-31.0,247,-15.0" /></mjloggm>