<mjloggm ver="2.3"><GO type="97" lobby="0"/><UN n0="%E5%B0%B1%E6%B4%BB%E7%94%9F%40%E5%B7%9D%E6%9D%91%E8%BB%8D%E5%9B%A3" n1="%E7%B4%85%E8%A1%A3" n2="%6A%75%6E%2D%4B" n3="%E6%9D%B1%E6%A8%AA%E6%A1%83%E5%AD%90%EF%BC%A0%E9%A2%A8%E9%9C%B2%E8%8D%89" dan="14,13,13,13" rate="1933.77,1912.75,1855.71,1893.90" sx="M,M,M,F"/><TAIKYOKU oya="0"/><INIT seed="0,0,0,0,3,128" ten="250,250,250,250" oya="0" hai0="92,28,118,4,100,96,56,61,63,101,122,14,11" hai1="26,130,47,98,75,83,68,110,48,69,117,127,107" hai2="113,111,31,5,50,2,82,116,126,52,20,77,85" hai3="78,81,59,73,37,1,33,29,131,0,89,129,62"/><T51/><D118/><U133/><E117/><V34/><F113/><W84/><G37/><T55/><D122/><U44/><E110/><V38/><F116/><W3/><G29/><T97/><REACH who="0" step="1"/><D28/><REACH who="0" ten="240,250,250,250" step="2"/><U49/><E130/><V94/><F111/><W60/><G129/><T123/><D123/><U124/><E124/><V6/><F126/><W114/><G131/><T65/><D65/><U103/><E127/><V9/><F31/><W23/><G114/><T54/><D54/><U135/><E135/><V71/><F52/><W64/><G64/><T30/><D30/><U104/><E133/><V36/><F34/><W45/><G33/><T99/><D99/><U134/><E134/><V43/><F43/><W125/><G125/><T24/><D24/><U21/><E98/><V108/><F108/><W132/><G132/><T74/><D74/><U87/><E75/><V32/><F32/><W112/><G73/><T102/><D102/><U25/><E103/><V57/><F71/><W35/><G35/><T66/><D66/><U15/><E69/><V106/><F106/><AGARI ba="0,1" hai="4,11,14,51,55,56,61,63,92,96,97,100,101,106" machi="106" ten="30,11600,0" yaku="1,1,7,1,53,2" doraHai="128" doraHaiUra="58" who="0" fromWho="2" sc="240,126,250,0,250,-116,250,0" /><INIT seed="0,1,0,3,3,1" ten="366,250,134,250" oya="0" hai0="7,27,11,12,45,101,46,82,14,41,95,23,9" hai1="76,28,62,126,58,93,35,133,78,42,52,130,20" hai2="125,122,96,110,26,104,120,57,65,100,19,38,44" hai3="89,4,63,84,60,33,128,98,102,88,39,94,132"/><T32/><D32/><U79/><E35/><V106/><F110/><W59/><G39/><T112/><D112/><U118/><E118/><V64/><F125/><W55/><G128/><T81/><D95/><U56/><E126/><V108/><F108/><W70/><G132/><T31/><D101/><U103/><E133/><V22/><F104/><W107/><G33/><T111/><D111/><U80/><E130/><V49/><F38/><W51/><G70/><T135/><D135/><U68/><E68/><V85/><F85/><W61/><G89/><T48/><REACH who="0" step="1"/><D45/><REACH who="0" ten="356,250,134,250" step="2"/><U37/><E93/><V121/><REACH who="2" step="1"/><F57/><REACH who="2" ten="356,250,124,250" step="2"/><W47/><REACH who="3" step="1"/><G4/><AGARI ba="1,2" hai="4,7,9,11,12,14,23,27,31,41,46,48,81,82" machi="4" ten="30,24000,3" yaku="1,1,2,1,7,1,9,1,8,1,52,2,53,1" doraHai="1" doraHaiUra="40" who="0" fromWho="3" sc="356,263,250,0,124,0,250,-243" /><INIT seed="0,2,0,3,3,126" ten="619,250,124,7" oya="0" hai0="28,89,75,105,1,7,116,86,59,61,17,127,38" hai1="103,4,43,0,130,16,18,46,76,49,73,82,45" hai2="25,21,12,14,32,72,113,62,135,40,107,91,87" hai3="112,37,77,74,111,8,24,90,88,33,22,79,93"/><T51/><D116/><U30/><E30/><V54/><F32/><W118/><G118/><T108/><D105/><U121/><E103/><V6/><F107/><W109/><G112/><T19/><D75/><U132/><E132/><V9/><F113/><W63/><G37/><T20/><D38/><N who="1" m="21751" /><E121/><V104/><F104/><W41/><G41/><T11/><D127/><U99/><E99/><V123/><F72/><W106/><G106/><T78/><D78/><U50/><E50/><V68/><F123/><W65/><G33/><T48/><D108/><N who="3" m="41545" /><G74/><T53/><D28/><U95/><E130/><V34/><F34/><W83/><G8/><T129/><D129/><U13/><E13/><N who="2" m="5303" /><F68/><N who="3" m="42047" /><G83/><T3/><D3/><U64/><E64/><V36/><F135/><W128/><G128/><T97/><D97/><U70/><E95/><N who="2" m="54783" /><F36/><W110/><N who="3" m="41553" /><W35/><DORA hai="71" /><G35/><T115/><D115/><U85/><E70/><V55/><F40/><W58/><G58/><T10/><D10/><N who="1" m="2311" /><E85/><V29/><F62/><W52/><G52/><AGARI ba="2,0" hai="16,18,46,49,52,73,76,82" m="2311,21751" machi="52" ten="30,7700,0" yaku="25,1,52,1,54,2" doraHai="126,71" who="1" fromWho="3" sc="619,0,250,83,124,0,7,-83" /><AGARI ba="2,0" hai="12,14,21,25,29,52,54,55" m="54783,5303" machi="52" ten="30,2000,0" yaku="8,1,54,1" doraHai="126,71" who="2" fromWho="3" sc="619,0,333,0,124,20,-76,-20" owari="619,73.0,333,13.0,144,-26.0,-96,-60.0" /></mjloggm>