<mjloggm ver="2.3"><GO type="225" lobby="0"/><UN n0="%E3%82%B7%E3%83%9F%E3%83%AA%E3%82%B9%EF%BC%94" n1="%4F%4E%41%4B%41%4E" n2="%4D%61%6D%65%2D%79%61" n3="%E3%83%88%E3%83%88%E3%83%AA%E5%85%88%E7%94%9F%31%39%E6%AD%B3" dan="16,17,17,18" rate="2069.37,2128.49,2182.82,2258.42" sx="F,M,M,F"/><TAIKYOKU oya="0"/><INIT seed="0,0,0,5,4,19" ten="250,250,250,250" oya="0" hai0="107,56,119,120,126,63,83,15,111,44,85,8,9" hai1="68,10,127,46,37,103,125,50,61,86,24,40,105" hai2="27,72,99,7,128,57,26,101,112,64,97,77,71" hai3="55,14,114,124,53,52,79,5,51,34,47,131,92"/><T41/><D120/><U110/><E110/><V38/><F112/><W91/><G114/><T17/><D107/><U130/><E130/><V117/><F38/><W59/><G34/><T45/><D119/><U100/><E10/><V48/><F128/><W54/><G131/><T132/><D126/><N who="1" m="48139" /><E105/><V115/><F115/><W39/><G124/><T18/><D132/><U20/><E86/><V2/><F71/><W22/><G39/><T122/><D111/><U123/><E37/><V94/><F2/><W67/><G67/><T78/><D122/><U74/><E74/><V13/><F72/><W76/><G47/><T90/><D90/><U35/><E35/><V62/><F77/><W133/><G133/><T84/><D84/><U58/><E68/><V16/><F7/><W134/><G134/><T108/><D108/><U93/><E93/><N who="2" m="58543" /><F48/><W32/><G32/><T3/><D3/><U82/><E82/><V109/><F109/><W87/><G5/><T30/><D30/><N who="1" m="17671" /><E123/><V118/><F118/><W6/><G6/><T81/><D81/><U29/><E29/><V135/><F135/><W113/><G113/><T23/><D41/><U88/><E88/><N who="2" m="55751" /><F117/><W80/><G80/><T1/><D1/><U102/><E102/><V96/><F96/><W116/><G116/><T95/><D95/><U70/><E70/><V104/><F104/><W36/><G36/><T75/><D75/><U33/><E33/><V121/><F121/><W31/><G31/><T4/><D4/><U43/><E43/><V65/><F65/><AGARI ba="0,0" hai="40,46,50,58,61,65,100,103" m="17671,48139" machi="65" ten="30,2000,0" yaku="18,1,52,1" doraHai="19" who="1" fromWho="2" sc="250,0,250,20,250,-20,250,0" /><INIT seed="1,0,0,4,0,74" ten="250,270,230,250" oya="1" hai0="62,71,43,100,110,50,84,82,99,133,69,70,64" hai1="19,39,37,111,105,112,87,97,91,45,85,108,3" hai2="60,88,40,26,96,114,7,34,58,53,113,76,5" hai3="2,107,127,101,77,81,11,55,104,0,119,123,47"/><U135/><E112/><N who="2" m="43115" /><F40/><W22/><G123/><T38/><D133/><U124/><E135/><V132/><F132/><W10/><G127/><T103/><D110/><N who="1" m="42027" /><E124/><V6/><F34/><W122/><G122/><T9/><D38/><N who="1" m="14347" /><E3/><V24/><F76/><W65/><G119/><T75/><D75/><U61/><E45/><V20/><F20/><W51/><G65/><T41/><D9/><U80/><E19/><V59/><F59/><W126/><G126/><T92/><D103/><N who="1" m="62703" /><E87/><V42/><F42/><W106/><G101/><T15/><D43/><U27/><E27/><V98/><F98/><W115/><G115/><T94/><D94/><AGARI ba="0,0" hai="5,6,7,24,26,53,58,60,88,94,96" m="43115" machi="94" ten="30,2000,0" yaku="11,1,54,1" doraHai="74" who="2" fromWho="0" sc="250,-20,270,0,230,20,250,0" /><INIT seed="2,0,0,2,4,66" ten="230,270,250,250" oya="2" hai0="82,70,48,46,135,4,111,91,26,33,85,69,10" hai1="38,35,95,83,18,102,3,1,116,77,71,22,47" hai2="43,34,45,76,17,108,110,87,119,123,92,101,55" hai3="124,28,68,51,44,40,31,52,32,12,128,126,99"/><V94/><F34/><W57/><G128/><T103/><D135/><U23/><E35/><V60/><F119/><W89/><G68/><T72/><D111/><N who="2" m="42538" /><F123/><W122/><G122/><T109/><D109/><U42/><E116/><V63/><F17/><W121/><G121/><T73/><D103/><U5/><E71/><V59/><F63/><W130/><G130/><T106/><D106/><U36/><E36/><N who="2" m="21735" /><F101/><W115/><G115/><T88/><D91/><U112/><E112/><V25/><F25/><W127/><G32/><T19/><D73/><U107/><E18/><V15/><F15/><W67/><G67/><T53/><D72/><N who="1" m="43431" /><E3/><V49/><F49/><W2/><G2/><T105/><D105/><U29/><E107/><V79/><F87/><W41/><G12/><N who="0" m="7575" /><D4/><U11/><E29/><AGARI ba="0,0" hai="26,29,33,46,48,53,69,70,82,85,88" m="7575" machi="29" ten="30,7700,0" yaku="25,1,52,2,54,1" doraHai="66" who="0" fromWho="1" sc="230,77,270,-77,250,0,250,0" /><INIT seed="3,0,0,2,1,51" ten="307,193,250,250" oya="3" hai0="60,58,50,125,90,10,89,28,65,92,36,1,122" hai1="79,103,123,106,57,6,14,88,116,112,54,124,62" hai2="120,101,134,73,117,84,45,131,77,98,13,130,126" hai3="75,0,99,16,26,48,66,34,12,86,44,119,91"/><W29/><G119/><T111/><D36/><U2/><E123/><V95/><F45/><W115/><G115/><T7/><D122/><U128/><E116/><V85/><F13/><W107/><G75/><T39/><D39/><U20/><E112/><V3/><F3/><W81/><G0/><T37/><D37/><U47/><E128/><N who="2" m="49195" /><F117/><W109/><G109/><T9/><D111/><U133/><E124/><V63/><F120/><W105/><G99/><T104/><D104/><U49/><E133/><V52/><F134/><W78/><G78/><T18/><D28/><U53/><E79/><V114/><F114/><W108/><G66/><T94/><D125/><U19/><E88/><N who="0" m="33897" /><D1/><U83/><E83/><N who="2" m="45487" /><F126/><W27/><G27/><T132/><D132/><U30/><E30/><V59/><AGARI ba="0,0" hai="52,59,63,84,85,95,98,101" m="45487,49195" machi="59" ten="30,4000,0" yaku="19,1,52,1,54,1" doraHai="51" who="2" fromWho="2" sc="307,-10,193,-10,250,40,250,-20" /><INIT seed="4,0,0,3,5,65" ten="297,183,290,230" oya="0" hai0="125,62,12,49,18,98,66,8,54,19,80,31,45" hai1="133,38,47,20,89,96,17,37,3,115,79,7,86" hai2="69,128,134,88,100,6,1,59,70,84,117,97,106" hai3="64,131,56,77,92,120,75,23,42,110,25,78,61"/><T46/><D125/><U9/><E133/><V22/><F134/><W104/><G110/><T55/><D31/><U73/><E115/><V16/><F128/><W50/><G104/><T36/><D98/><U118/><E118/><V108/><F108/><W116/><G116/><T10/><D80/><U93/><E73/><V29/><F29/><W74/><G131/><T2/><D2/><U34/><E34/><V40/><F40/><W127/><G127/><T76/><D76/><U5/><E5/><V102/><F102/><W113/><G113/><T44/><D36/><U32/><E32/><V103/><F103/><W126/><G126/><T15/><D55/><U58/><E58/><AGARI ba="0,0" hai="8,10,12,15,18,19,44,45,46,49,54,58,62,66" machi="58" ten="30,5800,0" yaku="7,1,9,1,8,1" doraHai="65" who="0" fromWho="1" sc="297,58,183,-58,290,0,230,0" owari="355,45.0,125,-37.0,290,9.0,230,-17.0" /></mjloggm>