<mjloggm ver="2.3"><GO type="169" lobby="0"/><UN n0="%E3%82%81%E3%81%8C%EF%BC%93" n1="%33%33%62%6C%61%63%6B" n2="%E4%BF%BA%54%55%45%45%45%45%45" n3="%E3%82%A6%E3%83%AB%E3%83%88%E3%83%A9%E7%AB%8B%E7%9B%B4" dan="16,16,17,17" rate="2170.30,2157.81,2158.15,2223.09" sx="M,M,F,M"/><TAIKYOKU oya="0"/><INIT seed="0,0,0,5,2,120" ten="250,250,250,250" oya="0" hai0="72,91,66,36,97,40,21,132,34,62,6,114,78" hai1="25,88,20,12,76,71,116,133,67,61,3,13,126" hai2="102,26,52,108,41,83,59,99,125,16,39,123,8" hai3="14,94,101,44,75,5,27,74,117,28,69,42,58"/><T86/><D114/><U122/><E122/><V68/><F123/><W55/><G69/><T10/><D34/><U130/><E116/><V110/><F68/><W56/><G117/><T23/><D132/><U98/><E3/><V96/><F125/><W73/><G5/><T93/><D40/><U9/><E126/><V134/><F134/><W60/><G14/><T51/><D36/><U113/><E133/><V35/><F83/><W111/><G101/><T89/><D51/><U11/><E113/><V37/><F35/><W46/><G94/><T104/><D78/><U103/><E130/><V92/><F99/><W1/><G1/><T0/><D72/><U17/><E76/><V48/><F8/><W90/><G90/><T121/><D121/><U43/><E43/><V115/><F115/><W7/><G7/><T4/><D6/><U82/><E103/><V31/><F31/><W29/><G42/><T85/><D104/><U100/><E100/><V80/><F80/><W109/><G58/><T107/><D107/><U45/><E45/><N who="3" m="17514" /><G27/><T84/><REACH who="0" step="1"/><D91/><REACH who="0" ten="240,250,250,250" step="2"/><U106/><E106/><V49/><F49/><W53/><G75/><T81/><D81/><U128/><E82/><V57/><F41/><W127/><G74/><T124/><D124/><U18/><E88/><V112/><F112/><W64/><G73/><T19/><D19/><U22/><E18/><V87/><F39/><W135/><G135/><T79/><D79/><U15/><E17/><V131/><F37/><W65/><G127/><T119/><D119/><U32/><E32/><V70/><F16/><W63/><G29/><RYUUKYOKU ba="0,1" sc="240,30,250,-10,250,-10,250,-10" hai0="0,4,10,21,23,62,66,84,85,86,89,93,97" /><INIT seed="0,1,1,5,2,17" ten="270,240,240,240" oya="0" hai0="113,19,9,56,23,92,55,74,132,126,89,53,20" hai1="51,108,24,27,30,100,4,2,95,84,39,29,122" hai2="45,57,10,34,94,71,66,49,88,50,116,114,109" hai3="59,106,93,105,28,96,47,16,134,12,99,91,7"/><T35/><D113/><U111/><E39/><V26/><F114/><W48/><G134/><T60/><D35/><U68/><E68/><V130/><F130/><W18/><G7/><T135/><D74/><U8/><E122/><V110/><F116/><W101/><G28/><N who="1" m="10858" /><E51/><V72/><F72/><W21/><G59/><T22/><D126/><U112/><E112/><V43/><F34/><W32/><G32/><T104/><D104/><U81/><E95/><V124/><F124/><W87/><G18/><T102/><D102/><U58/><E58/><V46/><F71/><W13/><G99/><N who="0" m="57743" /><D135/><U133/><E100/><V121/><F121/><W65/><G65/><N who="0" m="39047" /><D132/><U54/><E54/><N who="0" m="20489" /><D9/><U5/><E133/><V6/><F10/><W97/><G97/><T33/><D33/><U129/><E129/><V98/><F66/><W119/><G119/><T31/><D31/><U40/><E40/><V90/><F43/><W42/><REACH who="3" step="1"/><G106/><REACH who="3" ten="270,240,240,230" step="2"/><T62/><D62/><U82/><E5/><V14/><F6/><W118/><G118/><T67/><D67/><U36/><E4/><V79/><F57/><W80/><G80/><T25/><AGARI ba="1,2" hai="19,20,22,23,25" m="20489,39047,57743" machi="25" ten="30,11700,0" yaku="8,1,52,3" doraHai="17" who="0" fromWho="0" sc="270,140,240,-40,240,-40,230,-40" /><INIT seed="0,2,0,0,4,106" ten="410,200,200,190" oya="0" hai0="70,18,96,40,58,61,43,33,133,1,87,126,37" hai1="67,101,36,52,79,3,134,105,28,135,2,129,85" hai2="10,66,65,57,76,6,19,5,95,13,132,11,69" hai3="41,12,38,100,20,46,131,53,44,86,35,74,32"/><T27/><D133/><N who="1" m="50699" /><E36/><V49/><F132/><W113/><G113/><T48/><D126/><U109/><E109/><V72/><F69/><W128/><G100/><T4/><D37/><U99/><E129/><V62/><F66/><W14/><G86/><T39/><D39/><U29/><E67/><V92/><F49/><W73/><G38/><T103/><D70/><U22/><E52/><V97/><F97/><W118/><G20/><T81/><D48/><U60/><E60/><V8/><F5/><W123/><G53/><T102/><D4/><U121/><E121/><V7/><F6/><W91/><G91/><T122/><D1/><N who="1" m="11" /><E22/><V71/><F71/><W114/><G114/><T110/><D122/><U50/><E50/><V107/><F7/><W16/><G123/><T68/><D68/><U30/><E30/><V78/><F10/><W56/><G56/><T125/><D110/><U17/><E17/><V75/><F8/><W117/><REACH who="3" step="1"/><G16/><REACH who="3" ten="410,200,200,180" step="2"/><T90/><D18/><U88/><E79/><V124/><F19/><W93/><G93/><AGARI ba="2,1" hai="28,29,85,88,93,99,101,105" m="11,50699" machi="93" ten="30,2000,0" yaku="20,1,54,1" doraHai="106" who="1" fromWho="3" sc="410,0,200,36,200,0,180,-26" /><INIT seed="1,0,0,0,1,111" ten="410,236,200,154" oya="1" hai0="115,118,50,14,13,101,80,37,91,39,99,11,81" hai1="12,116,131,92,15,34,70,23,46,63,124,27,33" hai2="49,28,98,59,93,129,41,127,110,69,114,126,86" hai3="61,56,36,103,31,42,82,60,48,123,112,89,79"/><U17/><E46/><N who="2" m="25807" /><F69/><W75/><G123/><T83/><D118/><U95/><E116/><V10/><F110/><W85/><G36/><T5/><D91/><U6/><E131/><V108/><F108/><W40/><G112/><T32/><D115/><U21/><E124/><N who="2" m="47659" /><F129/><W19/><G31/><T94/><D32/><U78/><E78/><V16/><F28/><W8/><G103/><T117/><D117/><U119/><E119/><V128/><F128/><W58/><G48/><T113/><D113/><U66/><E15/><N who="2" m="7287" /><F114/><W22/><G8/><T3/><D50/><U134/><E134/><V68/><F68/><W64/><G79/><T4/><D3/><U106/><E106/><V90/><F59/><W72/><G72/><T97/><D37/><U53/><E6/><V121/><F121/><W102/><G75/><T67/><D39/><U130/><E130/><V73/><F73/><W84/><G84/><AGARI ba="0,0" hai="84,86,90,93,98" m="7287,47659,25807" machi="84" ten="30,2000,0" yaku="18,1,54,1" doraHai="111" who="2" fromWho="3" sc="410,0,236,0,200,20,154,-20" /><INIT seed="2,0,0,5,3,103" ten="410,236,220,134" oya="2" hai0="47,127,83,82,114,72,9,17,126,7,75,115,4" hai1="14,48,16,117,25,30,68,108,76,104,19,2,71" hai2="102,132,123,92,88,29,86,133,73,66,107,84,128" hai3="1,55,5,80,95,32,69,58,77,37,98,129,57"/><V0/><F0/><W18/><G69/><T10/><D47/><U54/><E2/><V116/><F66/><W91/><G129/><T124/><D124/><U64/><E117/><V63/><F63/><W40/><G32/><T89/><D89/><U81/><E108/><V119/><F29/><W11/><G18/><AGARI ba="0,0" hai="4,7,9,10,17,18,72,75,82,83,114,115,126,127" machi="18" ten="25,1600,0" yaku="22,2" doraHai="103" who="0" fromWho="3" sc="410,16,236,0,220,0,134,-16" /><INIT seed="3,0,0,2,2,40" ten="426,236,220,118" oya="3" hai0="114,135,18,94,34,51,28,83,132,124,112,64,119" hai1="53,52,122,68,56,105,120,42,116,125,111,49,106" hai2="19,69,62,44,37,90,6,25,117,50,103,127,54" hai3="89,10,15,23,61,12,133,1,32,59,130,48,17"/><W128/><G32/><T29/><D119/><U8/><E8/><V73/><F117/><W43/><G1/><T71/><D124/><U104/><E116/><V7/><F73/><W30/><G133/><N who="0" m="51275" /><D83/><U93/><E125/><V101/><F127/><W46/><G89/><T31/><D34/><U87/><E68/><V129/><F129/><W108/><G108/><T22/><D51/><U74/><E74/><V91/><F37/><W20/><G30/><T9/><D9/><U79/><E111/><V47/><F69/><W118/><G118/><T81/><D81/><U126/><E42/><N who="2" m="24855" /><F101/><W14/><G23/><T107/><D94/><U88/><E79/><V113/><F103/><W86/><G86/><T4/><D107/><U95/><E126/><V97/><F113/><W115/><G115/><T134/><D4/><N who="2" m="1578" /><F97/><W11/><G11/><T2/><D2/><U102/><REACH who="1" step="1"/><E53/><REACH who="1" ten="426,226,220,118" step="2"/><V131/><F54/><N who="3" m="34039" /><G10/><T0/><D134/><U21/><E21/><V75/><F75/><W27/><G130/><T78/><D78/><U41/><E41/><V85/><F131/><W16/><G128/><T57/><D71/><U66/><E66/><V121/><F121/><W39/><G39/><T100/><D114/><U82/><E82/><V5/><F5/><W55/><G43/><T109/><D112/><U92/><E92/><V58/><F62/><W63/><G63/><T77/><D77/><U123/><E123/><V45/><F90/><W3/><G3/><T67/><D0/><U70/><E70/><V13/><F91/><W65/><G65/><N who="0" m="25163" /><D109/><U24/><E24/><V60/><F25/><RYUUKYOKU ba="0,1" sc="426,-15,226,15,220,-15,118,15" hai1="49,52,56,87,88,93,95,102,104,105,106,120,122" hai3="12,14,15,16,17,20,27,46,48,55" /><INIT seed="3,1,1,1,1,32" ten="411,241,205,133" oya="3" hai0="69,111,106,88,49,114,18,21,43,118,126,47,7" hai1="91,97,82,93,45,61,94,23,27,129,121,104,52" hai2="10,54,11,68,83,86,89,73,0,44,103,58,62" hai3="51,123,19,39,128,66,79,124,8,115,100,40,20"/><W132/><G123/><T92/><D118/><U113/><E121/><V125/><F125/><W117/><G39/><T25/><D111/><U6/><E113/><V33/><F33/><W135/><G115/><T112/><D126/><U24/><E129/><V116/><F116/><W105/><G117/><T122/><D122/><U30/><E104/><V101/><F68/><W78/><G124/><T50/><D106/><U70/><E6/><V17/><F73/><W14/><G66/><T16/><D69/><U130/><E130/><V84/><F0/><W95/><G105/><T59/><D7/><U34/><E82/><N who="2" m="49303" /><F44/><N who="3" m="25991" /><G128/><T29/><D112/><U4/><E4/><V131/><F131/><W36/><G36/><T102/><D102/><N who="2" m="38922" /><F17/><N who="0" m="6762" /><D114/><U37/><E37/><V15/><F15/><W53/><G20/><T90/><D92/><U13/><E93/><V109/><F109/><W42/><G42/><T48/><D48/><N who="1" m="28687" /><E70/><V74/><F74/><W3/><G3/><T81/><D81/><U96/><E34/><V46/><F46/><W12/><G12/><T133/><D133/><N who="3" m="51273" /><G95/><T65/><D65/><U108/><E13/><V1/><F1/><W63/><G100/><T76/><D76/><AGARI ba="1,1" hai="10,11,54,58,62,76,83,86" m="38922,49303" machi="76" ten="30,1000,0" yaku="8,1" doraHai="32" who="2" fromWho="0" sc="411,-13,241,0,205,23,133,0" /><INIT seed="4,0,0,2,3,28" ten="398,241,228,133" oya="0" hai0="1,107,109,49,42,62,76,9,105,89,35,48,55" hai1="36,44,54,10,104,126,135,98,8,110,37,111,6" hai2="69,67,113,130,101,11,95,59,91,16,22,33,73" hai3="127,43,65,97,82,50,46,134,51,3,99,47,93"/><T18/><D35/><U121/><E121/><V129/><F69/><W114/><G3/><T26/><D109/><U0/><E135/><V2/><F73/><W4/><G134/><T119/><D119/><U30/><E126/><V7/><F113/><W17/><G127/><T112/><D112/><U80/><E10/><V78/><F78/><W108/><G108/><T40/><D76/><U74/><E30/><V132/><F132/><W81/><G114/><T53/><D1/><U83/><E54/><V124/><F101/><W117/><G117/><T96/><D62/><U123/><E123/><V87/><F124/><W21/><G4/><T103/><D89/><U57/><E57/><V86/><F86/><W102/><G65/><T131/><D107/><U61/><E61/><V31/><F59/><W23/><G99/><T122/><D131/><U72/><E80/><V120/><F67/><W133/><G133/><T52/><D122/><U39/><E44/><V24/><REACH who="2" step="1"/><F120/><REACH who="2" ten="398,241,218,133" step="2"/><W116/><G116/><T20/><D103/><N who="1" m="62583" /><E74/><V90/><F90/><W58/><G58/><T75/><D75/><U79/><AGARI ba="0,1" hai="0,6,8,36,37,39,72,79,83,110,111" m="62583" machi="79" ten="40,1500,0" yaku="23,1" doraHai="28" who="1" fromWho="1" sc="398,-7,241,25,218,-4,133,-4" /><INIT seed="5,0,0,4,2,16" ten="391,266,214,129" oya="1" hai0="85,31,134,23,3,109,104,47,45,76,108,73,116" hai1="135,13,7,26,96,78,37,131,72,90,44,62,30" hai2="105,49,98,11,61,129,14,56,92,83,107,35,99" hai3="19,33,48,32,128,41,39,79,10,22,21,68,9"/><U46/><E131/><V114/><F35/><W40/><G68/><T130/><D116/><U103/><E135/><V93/><F129/><W70/><G70/><T2/><D73/><U126/><E126/><V88/><F114/><W27/><G128/><T119/><D104/><U81/><E90/><V64/><F83/><W133/><G39/><T63/><D119/><U52/><E37/><V115/><F49/><W17/><G79/><T132/><D130/><U29/><E7/><V121/><F121/><W71/><G71/><T4/><D63/><U124/><E13/><V80/><F80/><W60/><G60/><T55/><D76/><U97/><E30/><V117/><F115/><W112/><G112/><T111/><D85/><U100/><E97/><V38/><F38/><W12/><G133/><N who="0" m="51307" /><D4/><U36/><E36/><V75/><F75/><W110/><G110/><T24/><D55/><U6/><E6/><V5/><REACH who="2" step="1"/><F117/><REACH who="2" ten="391,266,204,129" step="2"/><W50/><G33/><T53/><D108/><U18/><E81/><V95/><F95/><W84/><G32/><T25/><D109/><U20/><E72/><V34/><F34/><W89/><G50/><T51/><D111/><U118/><E118/><V106/><F106/><W120/><G120/><T59/><D51/><U69/><E62/><V86/><F86/><W43/><G48/><T101/><D45/><U28/><E44/><V82/><F82/><AGARI ba="0,1" hai="9,10,12,17,19,21,22,27,40,41,43,82,84,89" machi="82" ten="40,5200,0" yaku="8,1,52,2" doraHai="16" who="3" fromWho="2" sc="391,0,266,0,204,-52,129,62" /><INIT seed="6,0,0,3,4,54" ten="391,266,152,191" oya="2" hai0="97,100,17,48,128,28,50,67,63,78,39,74,46" hai1="29,92,90,114,0,58,105,126,7,106,86,89,56" hai2="68,117,64,60,109,20,113,45,23,119,1,125,32" hai3="43,69,15,19,122,108,36,3,120,77,47,66,131"/><V135/><F32/><W9/><G108/><T123/><D123/><U13/><E0/><V49/><F109/><W98/><G131/><T127/><D39/><U103/><E114/><V95/><F113/><W51/><G77/><T84/><D74/><U6/><E126/><V116/><F125/><W57/><G3/><T110/><D110/><U8/><E7/><V71/><F71/><W75/><G75/><T40/><D127/><U53/><E103/><V102/><F1/><W121/><G98/><T88/><D78/><U61/><E29/><V4/><F4/><W62/><REACH who="3" step="1"/><G36/><REACH who="3" ten="391,266,152,181" step="2"/><T73/><D73/><U80/><E105/><V24/><F135/><W94/><G94/><T70/><D97/><U79/><E106/><V34/><F95/><W44/><G44/><T134/><D46/><U82/><E92/><V26/><F102/><W41/><G41/><T115/><D40/><U18/><E80/><V27/><REACH who="2" step="1"/><F34/><REACH who="2" ten="391,266,142,181" step="2"/><W111/><G111/><T81/><D100/><U96/><E82/><V22/><F22/><W55/><G55/><AGARI ba="0,2" hai="20,23,24,26,27,45,49,55,60,64,68,116,117,119" machi="55" ten="50,2400,0" yaku="1,1,53,0" doraHai="54" doraHaiUra="101" who="2" fromWho="3" sc="391,0,266,0,142,44,181,-24" /><INIT seed="6,1,0,5,5,78" ten="391,266,186,157" oya="2" hai0="121,77,60,104,88,39,96,123,129,101,28,46,26" hai1="67,71,69,19,76,41,94,75,2,1,47,130,79" hai2="119,135,80,105,24,15,42,70,36,90,40,20,73" hai3="61,127,22,49,27,83,33,12,57,14,66,120,109"/><V133/><F119/><W43/><G33/><T128/><D77/><U13/><E130/><N who="0" m="50281" /><D60/><U5/><E67/><V59/><F70/><W58/><G127/><T37/><D88/><U38/><E94/><V85/><F105/><W113/><G113/><T114/><D114/><U103/><E103/><V32/><F73/><W107/><G107/><T63/><D63/><U0/><E5/><V29/><F59/><W31/><G120/><N who="0" m="46155" /><D46/><U100/><E100/><V11/><F32/><AGARI ba="1,0" hai="26,28,32,37,39,96,101,104" m="46155,50281" machi="32" ten="30,2000,0" yaku="19,1,23,1" doraHai="78" who="0" fromWho="2" sc="391,23,266,0,186,-23,157,0" /><INIT seed="7,0,0,5,5,73" ten="414,266,163,157" oya="3" hai0="109,110,81,74,25,111,92,0,115,79,112,35,18" hai1="64,23,65,68,10,53,101,131,122,12,113,104,55" hai2="42,21,72,123,95,94,6,135,62,45,41,80,59" hai3="102,106,114,20,47,127,84,78,11,13,128,99,124"/><W22/><G47/><T89/><D0/><U119/><E122/><V125/><F123/><W108/><G128/><T117/><D117/><U121/><E121/><V51/><F125/><N who="3" m="48203" /><G114/><N who="0" m="43563" /><D18/><U54/><E68/><V8/><F42/><W98/><G98/><N who="0" m="57615" /><D25/><U60/><E131/><V61/><F135/><W82/><G108/><T71/><D71/><U90/><E104/><V28/><F28/><W31/><G31/><T5/><D5/><AGARI ba="0,0" hai="5,11,13,20,22,78,82,84,99,102,106" m="48203" machi="5" ten="30,2900,0" yaku="18,1,52,1" doraHai="73" who="3" fromWho="0" sc="414,-29,266,0,163,0,157,29" /><INIT seed="7,1,0,2,3,8" ten="385,266,163,186" oya="3" hai0="99,18,50,80,120,19,113,128,16,83,110,49,43" hai1="2,27,130,34,10,96,82,12,66,90,75,48,81" hai2="105,47,102,134,25,116,111,32,88,86,45,124,70" hai3="13,44,114,104,33,7,118,129,39,97,106,61,78"/><W24/><G118/><T115/><D120/><U53/><E2/><V71/><F111/><W15/><G114/><N who="0" m="43531" /><D110/><U59/><E75/><V69/><F116/><W28/><G129/><T121/><D121/><U119/><E130/><V79/><F79/><W42/><G78/><T107/><D128/><U84/><E34/><V73/><F73/><W109/><G109/><T35/><D35/><U40/><E119/><V67/><F67/><W38/><G38/><T132/><D132/><U62/><E40/><V72/><F72/><W20/><G7/><T56/><D56/><N who="1" m="37191" /><E27/><V95/><F134/><W131/><G131/><T68/><D68/><U64/><E96/><V76/><F76/><W51/><G97/><T1/><D1/><U23/><E23/><V123/><F123/><W5/><G20/><T98/><D98/><U127/><E127/><V26/><F124/><W91/><G5/><T122/><D122/><U65/><E82/><N who="0" m="31273" /><D43/><U36/><E36/><V58/><F58/><W17/><G39/><T37/><D37/><U9/><E9/><V135/><F135/><W103/><G42/><T74/><D74/><U93/><E81/><V60/><F60/><W101/><G61/><T57/><D57/><U14/><E10/><V0/><F0/><W112/><G112/><T55/><D55/><U11/><E11/><V85/><F85/><W46/><G33/><T30/><D30/><U77/><E77/><V54/><F54/><N who="3" m="30055" /><G28/><T133/><D133/><U117/><E117/><V22/><F32/><W126/><G126/><T4/><D4/><U89/><E89/><V29/><F25/><RYUUKYOKU ba="1,0" sc="385,10,266,10,163,10,186,-30" hai0="16,18,19,49,50,99,107" hai1="12,14,48,53,59,64,65,84,90,93" hai2="22,26,29,45,47,69,70,71,86,88,95,102,105" owari="395,49.0,276,8.0,173,-23.0,156,-34.0" /></mjloggm>