<mjloggm ver="2.3"><GO type="97" lobby="0"/><UN n0="%33%32%35%32%31%32%31%34" n1="%7A%65%72%6F%37%37%37" n2="%E3%81%95%E3%81%A3%E3%81%A1%E3%82%82" n3="%E5%B0%B1%E6%B4%BB%E7%94%9F%40%E5%B7%9D%E6%9D%91%E8%BB%8D%E5%9B%A3" dan="14,13,14,15" rate="1885.29,1866.54,1954.04,2010.67" sx="M,M,M,M"/><TAIKYOKU oya="0"/><INIT seed="0,0,0,4,4,70" ten="250,250,250,250" oya="0" hai0="84,45,62,111,93,65,96,17,54,113,91,115,40" hai1="102,101,58,129,128,7,82,134,117,109,108,67,38" hai2="50,31,56,98,130,44,21,15,19,79,61,5,119" hai3="51,4,29,10,16,30,131,42,71,22,132,107,46"/><T87/><D111/><N who="1" m="42571" /><E117/><V18/><F130/><N who="1" m="50281" /><E134/><V123/><F123/><W14/><G131/><T114/><D54/><U122/><E122/><V77/><F119/><W32/><G32/><T47/><D47/><U95/><E82/><V66/><F98/><W11/><G132/><T121/><D17/><U83/><E83/><V3/><F3/><W100/><G71/><T48/><REACH who="0" step="1"/><D121/><REACH who="0" ten="240,250,250,250" step="2"/><U133/><E133/><V94/><F19/><W112/><G112/><T34/><D34/><U73/><E73/><V80/><F31/><W81/><G81/><T106/><D106/><U125/><E125/><V41/><F80/><W135/><G135/><T33/><D33/><U116/><E116/><V118/><F118/><W27/><G107/><T63/><D63/><N who="1" m="38391" /><E7/><V74/><F5/><W13/><G100/><N who="1" m="38506" /><E95/><V104/><F104/><W99/><G99/><T24/><D24/><U75/><E75/><V85/><F74/><W0/><G0/><T92/><D92/><U127/><E127/><V1/><F1/><W72/><G72/><T110/><D110/><U2/><E2/><V60/><F94/><W76/><G76/><T23/><D23/><U57/><E57/><AGARI ba="0,1" hai="40,45,48,57,62,65,84,87,91,93,96,113,114,115" machi="57" ten="40,2000,0" yaku="1,1,53,0" doraHai="70" doraHaiUra="8" who="0" fromWho="1" sc="240,30,250,-20,250,0,250,0" /><INIT seed="0,1,0,5,1,61" ten="270,230,250,250" oya="0" hai0="78,23,132,76,123,36,54,104,20,115,5,19,59" hai1="122,128,38,60,134,15,95,93,114,89,39,48,32" hai2="52,124,96,91,117,35,21,57,68,84,72,101,63" hai3="66,112,94,113,92,53,103,30,99,110,9,25,127"/><T105/><D123/><U121/><E32/><V47/><F35/><W130/><G130/><T40/><D115/><U26/><E128/><V116/><F72/><W77/><G127/><T16/><D132/><U56/><E114/><V109/><F109/><W46/><G110/><T74/><D5/><U119/><E119/><N who="2" m="45643" /><F21/><W108/><G108/><T11/><D11/><U73/><E73/><V85/><F124/><W98/><G77/><T70/><D70/><U31/><E134/><V69/><F47/><W129/><G129/><T71/><D71/><N who="2" m="27210" /><F91/><W44/><G9/><T81/><D78/><U90/><E15/><V4/><F4/><W0/><G0/><T111/><D111/><U2/><E2/><V12/><F12/><W6/><G6/><T106/><D36/><U14/><E14/><V22/><F22/><W13/><G13/><T51/><REACH who="0" step="1"/><D40/><REACH who="0" ten="260,230,250,250" step="2"/><U64/><E39/><V133/><F133/><W107/><G112/><T126/><D126/><U50/><E38/><V80/><F80/><W10/><G113/><T120/><D120/><U62/><E122/><V33/><F33/><W102/><G10/><T28/><D28/><U135/><E121/><V79/><F79/><W49/><G30/><T58/><D58/><N who="1" m="36887" /><E31/><V43/><F43/><W83/><G83/><T24/><D24/><U42/><E42/><V55/><F55/><W17/><G25/><T29/><D29/><U100/><E135/><V27/><F27/><W7/><G7/><T45/><D45/><U97/><E26/><V131/><F131/><W118/><G46/><T88/><D88/><N who="1" m="33899" /><E95/><AGARI ba="1,1" hai="52,57,63,84,85,95,96,101" m="27210,45643" machi="95" ten="30,2000,0" yaku="12,1,54,1" doraHai="61" who="2" fromWho="1" sc="260,0,230,-23,250,33,250,0" /><INIT seed="1,0,0,1,1,16" ten="260,207,283,250" oya="1" hai0="107,4,111,28,86,78,68,95,66,11,74,114,112" hai1="29,118,13,25,2,20,77,80,106,10,22,19,0" hai2="109,8,36,52,44,41,48,21,121,58,89,110,135" hai3="117,102,35,81,69,96,33,91,76,124,47,75,72"/><U50/><E118/><V131/><F121/><W18/><G69/><T70/><D107/><U15/><E106/><V23/><F135/><W65/><G117/><T123/><D74/><U129/><E129/><V90/><F8/><W130/><G130/><T46/><D123/><U119/><E119/><V125/><F131/><W49/><G124/><T53/><D111/><N who="2" m="42506" /><F125/><W9/><G75/><T64/><D28/><U73/><REACH who="1" step="1"/><E50/><REACH who="1" ten="260,197,283,250" step="2"/><V98/><F98/><W51/><G49/><T97/><D114/><U113/><E113/><V5/><F5/><AGARI ba="0,1" hai="0,2,5,10,13,15,19,20,22,25,29,73,77,80" machi="5" ten="30,11600,0" yaku="1,1,7,1,52,2,53,0" doraHai="16" doraHaiUra="132" who="1" fromWho="2" sc="260,0,197,126,283,-116,250,0" /><INIT seed="1,1,0,0,3,73" ten="260,323,167,250" oya="1" hai0="113,134,77,44,72,92,40,52,94,29,23,48,83" hai1="115,114,54,96,64,45,109,81,124,79,131,58,107" hai2="38,43,85,135,127,110,33,88,24,132,69,65,7" hai3="47,99,118,123,36,129,14,6,84,60,53,21,41"/><U37/><E131/><V31/><F110/><W32/><G123/><T19/><D113/><U100/><E109/><V67/><F127/><W57/><G32/><T20/><D29/><U17/><E124/><V56/><F7/><W103/><G129/><T55/><D23/><U3/><E3/><V133/><F69/><W50/><G118/><T5/><D134/><U106/><E106/><V80/><REACH who="2" step="1"/><F56/><REACH who="2" ten="260,323,157,250" step="2"/><W98/><G36/><T101/><D5/><U1/><E1/><V71/><F71/><W39/><G39/><T42/><D40/><U86/><E115/><V126/><F126/><W108/><G108/><T15/><D42/><U117/><E114/><V122/><F122/><W34/><G34/><T82/><D55/><U28/><E37/><V125/><F125/><W111/><G111/><T120/><D120/><U87/><E117/><V95/><F95/><W51/><G103/><T121/><D121/><U97/><E45/><AGARI ba="1,1" hai="24,31,33,38,43,45,65,67,80,85,88,132,133,135" machi="45" ten="40,5200,0" yaku="1,1,20,1,54,1,53,0" doraHai="73" doraHaiUra="90" who="2" fromWho="1" sc="260,0,323,-55,157,65,250,0" /><INIT seed="2,0,0,0,3,32" ten="260,268,222,250" oya="2" hai0="52,76,27,15,126,58,2,84,134,90,73,55,60" hai1="49,131,93,10,116,101,57,123,78,108,74,59,62" hai2="127,18,42,23,50,61,103,6,72,13,45,65,80" hai3="12,121,112,94,77,82,33,97,35,14,29,69,106"/><V130/><F127/><W117/><G121/><T22/><D126/><U63/><E116/><V96/><F130/><W83/><G117/><T34/><D34/><U39/><E123/><V95/><F6/><W120/><G120/><T133/><D15/><U104/><E131/><V28/><F28/><W20/><G106/><T19/><D73/><U107/><E39/><V81/><REACH who="2" step="1"/><F72/><REACH who="2" ten="260,268,212,250" step="2"/><W86/><G112/><T128/><D128/><U48/><E74/><V4/><F4/><W87/><G35/><T16/><D134/><U47/><E107/><V122/><F122/><W67/><G33/><T64/><D133/><U105/><E105/><V115/><F115/><W17/><G29/><T30/><D2/><U110/><E104/><V41/><F41/><W54/><G69/><AGARI ba="0,1" hai="13,18,23,42,45,50,61,65,69,80,81,95,96,103" machi="69" ten="30,2900,0" yaku="1,1,7,1,53,0" doraHai="32" doraHaiUra="114" who="2" fromWho="3" sc="260,0,268,0,212,39,250,-29" /><INIT seed="2,1,0,0,1,9" ten="260,268,251,221" oya="2" hai0="112,11,35,103,114,6,42,86,78,120,20,109,75" hai1="45,123,41,21,34,85,107,51,122,94,62,69,56" hai2="116,131,89,24,59,47,1,121,4,25,124,43,46" hai3="54,130,113,115,26,83,134,15,74,44,40,16,71"/><V77/><F121/><N who="1" m="46089" /><E34/><V93/><F116/><W82/><G71/><T7/><D120/><U126/><E69/><V68/><F68/><W58/><G130/><T88/><D35/><U19/><E107/><V5/><F131/><W81/><G74/><T91/><D109/><U33/><E33/><V36/><F77/><W14/><G134/><T13/><D103/><U128/><E128/><V117/><F124/><W32/><G44/><T90/><D20/><U98/><E126/><V108/><F108/><W110/><G40/><T8/><D42/><U105/><E105/><V39/><F117/><W52/><G110/><T135/><D135/><U66/><E85/><V72/><F72/><W102/><G102/><T18/><D75/><U125/><E125/><V29/><F59/><W104/><G104/><T64/><D64/><U37/><E37/><V79/><F79/><W50/><G54/><T101/><D101/><N who="1" m="60631" /><E21/><V100/><F100/><W96/><G96/><T129/><D129/><U57/><E56/><V49/><F36/><W119/><G119/><T111/><D111/><U12/><E19/><V17/><F17/><W67/><G67/><T97/><D97/><U53/><E41/><V73/><F73/><W95/><G95/><T127/><D127/><U3/><E3/><V99/><F1/><W70/><G70/><T65/><D65/><U30/><E30/><V63/><F29/><N who="3" m="19511" /><G16/><T76/><D18/><U2/><E2/><V80/><F39/><W10/><G10/><T84/><D91/><U23/><E23/><V60/><F43/><W87/><G87/><T132/><D132/><RYUUKYOKU ba="1,0" sc="260,10,268,10,251,-30,221,10" hai0="6,7,8,11,13,76,78,84,86,88,90,112,114" hai1="12,45,51,53,57,62,66" hai3="14,15,50,52,58,81,82,83,113,115" /><INIT seed="3,2,0,3,2,11" ten="270,278,221,231" oya="3" hai0="65,92,67,78,135,22,36,45,7,86,134,110,28" hai1="57,29,114,34,87,2,1,122,64,76,66,50,108" hai2="129,23,93,124,131,74,16,91,47,13,97,94,84" hai3="17,10,96,121,40,89,60,73,52,37,25,117,123"/><W8/><G73/><T82/><D110/><U120/><E114/><V20/><F74/><W115/><G115/><T12/><D92/><U56/><E50/><V111/><F111/><W4/><G117/><T69/><D69/><U15/><E108/><V104/><F104/><W83/><G37/><T99/><D99/><U54/><E54/><V133/><F133/><N who="0" m="50698" /><D36/><U26/><E76/><V32/><F32/><W125/><G125/><T3/><D3/><U0/><E87/><V118/><F124/><W62/><G40/><T107/><D107/><U103/><E103/><N who="2" m="60847" /><F47/><W39/><G39/><T79/><D79/><U77/><E77/><V75/><F75/><W72/><G72/><T112/><D112/><U49/><E49/><V109/><F109/><W105/><G105/><T30/><D45/><U127/><E127/><V44/><F44/><W90/><G121/><T18/><D7/><U43/><E43/><V33/><F33/><W46/><G123/><N who="1" m="47146" /><E66/><AGARI ba="2,0" hai="12,18,22,28,30,65,66,67,78,82,86" m="50698" machi="66" ten="30,2000,0" yaku="20,1,52,1" doraHai="11" who="0" fromWho="1" sc="270,26,278,-26,221,0,231,0" /><INIT seed="4,0,0,0,2,126" ten="296,252,221,231" oya="0" hai0="35,110,102,63,44,96,42,74,29,84,123,5,121" hai1="11,7,71,48,66,78,127,133,19,61,117,77,25" hai2="20,52,13,34,100,76,81,57,33,53,58,55,47" hai3="3,131,65,114,103,54,67,112,107,105,108,45,132"/><T128/><D74/><U115/><E127/><V86/><F100/><W10/><G108/><T30/><D5/><U32/><E117/><V134/><F134/><W8/><G132/><T72/><D72/><U83/><E133/><V129/><F129/><W9/><G3/><T93/><D110/><U70/><E115/><N who="3" m="44074" /><G103/><T6/><D6/><U87/><E48/><N who="2" m="28703" /><F33/><W90/><G90/><T39/><D128/><U111/><E111/><V37/><F37/><W18/><G18/><T135/><D135/><U92/><E77/><V91/><F34/><W17/><G17/><T119/><D119/><U36/><E36/><V60/><F20/><W124/><G124/><T26/><D29/><U97/><E19/><V79/><F13/><W94/><G94/><T68/><D84/><U46/><E46/><V82/><F82/><W21/><G21/><T125/><D125/><U73/><E32/><V98/><F98/><W0/><G0/><T130/><D130/><U28/><E28/><V122/><F122/><W49/><G131/><T14/><D14/><N who="1" m="5503" /><E25/><V51/><AGARI ba="0,0" hai="51,53,55,57,58,60,76,79,81,86,91" m="28703" machi="51" ten="30,2000,0" yaku="8,1,54,1" doraHai="126" who="2" fromWho="2" sc="296,-10,252,-5,221,20,231,-5" /><INIT seed="5,0,0,4,0,25" ten="286,247,241,226" oya="1" hai0="103,129,93,51,32,6,62,106,44,76,46,100,47" hai1="33,0,36,126,114,88,73,43,77,58,84,63,5" hai2="10,105,55,19,17,71,101,31,59,75,39,45,130" hai3="27,68,97,49,64,20,70,94,57,48,111,40,92"/><U54/><E33/><V74/><F71/><W89/><G111/><T96/><D129/><U131/><E126/><V67/><F130/><W23/><G70/><T3/><D76/><U14/><E131/><V81/><F105/><W24/><G68/><T83/><D106/><U7/><E114/><V123/><F101/><W69/><G69/><T9/><D32/><U18/><E0/><V121/><F31/><N who="3" m="17799" /><G40/><T66/><D83/><N who="1" m="49183" /><E73/><V135/><F39/><W124/><G124/><T35/><D35/><U117/><E117/><V134/><F67/><W86/><G64/><T29/><D29/><U104/><E104/><V61/><F45/><W72/><G57/><T133/><D133/><N who="2" m="50698" /><F74/><W37/><G37/><T90/><D51/><N who="3" m="19529" /><G72/><T132/><D132/><U21/><E36/><V4/><F123/><W2/><G2/><T118/><D118/><U52/><E77/><N who="2" m="44223" /><F121/><W99/><G94/><T78/><D78/><U112/><E112/><V127/><F127/><W12/><G12/><AGARI ba="0,0" hai="4,10,12,17,19,55,59,61" m="44223,50698" machi="12" ten="30,1000,0" yaku="20,1" doraHai="25" who="2" fromWho="3" sc="286,0,247,0,241,10,226,-10" /><INIT seed="6,0,0,5,0,119" ten="286,247,251,216" oya="2" hai0="73,35,76,44,41,95,114,113,61,100,92,84,106" hai1="111,79,0,87,60,58,34,38,117,67,101,99,118" hai2="116,62,104,121,39,90,59,20,52,88,48,72,78" hai3="36,66,80,115,8,133,71,68,126,37,54,82,97"/><V29/><F116/><W56/><G8/><T45/><D35/><U129/><E38/><N who="3" m="14954" /><G97/><T26/><D26/><U103/><E0/><V14/><F121/><W10/><G10/><T19/><D19/><U13/><E34/><V105/><F39/><W70/><G82/><T55/><D73/><U11/><E111/><V30/><F105/><W65/><G80/><T110/><D110/><U134/><E134/><V6/><F104/><W28/><G28/><N who="2" m="10857" /><F78/><W91/><G91/><N who="2" m="34857" /><F72/><W93/><G93/><T18/><D18/><U131/><E79/><V77/><F77/><W74/><G74/><T96/><D76/><U128/><E87/><V127/><F127/><W102/><G102/><T112/><D84/><U21/><E21/><V12/><F12/><W7/><G7/><T81/><D81/><U107/><REACH who="1" step="1"/><E103/><REACH who="1" ten="286,237,251,216" step="2"/><V69/><F20/><W108/><G108/><T85/><D85/><U42/><E42/><V53/><F6/><AGARI ba="0,1" hai="6,11,13,58,60,67,99,101,107,117,118,128,129,131" machi="6" ten="40,2600,0" yaku="1,1,19,1,53,0" doraHai="119" doraHaiUra="31" who="1" fromWho="2" sc="286,0,237,36,251,-26,216,0" /><INIT seed="7,0,0,1,5,58" ten="286,273,225,216" oya="3" hai0="48,38,17,36,134,132,3,83,26,57,43,67,121" hai1="4,82,23,104,62,72,53,65,15,50,7,122,119" hai2="127,46,61,2,19,116,32,97,118,110,113,84,85" hai3="28,90,37,115,55,63,41,106,86,77,87,6,96"/><W20/><G115/><T71/><D3/><U93/><E122/><V76/><F110/><W60/><G37/><N who="0" m="14443" /><D83/><U29/><E104/><V47/><F113/><W16/><G41/><T64/><D26/><N who="1" m="16607" /><E119/><V45/><F2/><W66/><G106/><T111/><D17/><U75/><E75/><V79/><F32/><W13/><G6/><T91/><D121/><U69/><E72/><V1/><F1/><W34/><G34/><T39/><D91/><U107/><E107/><V78/><F127/><W31/><G66/><N who="0" m="25131" /><D71/><U54/><E82/><V131/><F131/><W135/><G55/><N who="1" m="21002" /><E69/><V133/><F118/><W42/><G42/><T126/><D126/><U101/><E50/><V0/><F116/><W95/><G135/><N who="0" m="51755" /><D111/><U98/><E65/><V100/><F0/><W10/><G77/><T5/><N who="0" m="14451" /><T80/><DORA hai="108" /><D80/><U70/><E15/><V18/><F133/><W114/><G114/><T74/><D74/><U59/><E70/><V8/><F79/><W124/><G124/><T92/><D92/><U130/><E130/><V35/><F78/><W51/><G51/><T21/><D5/><N who="1" m="2123" /><E59/><V102/><F76/><W94/><G87/><T81/><D81/><U14/><E14/><V52/><F84/><W120/><G120/><T33/><D33/><U103/><E101/><V44/><F85/><W109/><G109/><T123/><D123/><U99/><E98/><V112/><F97/><W11/><G11/><T88/><D57/><U129/><E129/><V89/><F112/><W68/><G68/><T27/><D27/><U22/><E22/><V125/><F125/><RYUUKYOKU ba="0,0" sc="286,-10,273,30,225,-10,216,-10" hai1="62,93,99,103" owari="276,8.0,303,39.0,215,-18.0,206,-29.0" /></mjloggm>