<mjloggm ver="2.3"><GO type="41" lobby="0"/><UN n0="%E3%81%9F%E3%81%A4%E3%81%8D%E3%82%80%E3%81%A8%E3%82%93" n1="%69%6D%6F%69%6D%6F" n2="%E5%B0%B1%E6%B4%BB%E7%94%9F%40%E5%B7%9D%E6%9D%91%E8%BB%8D%E5%9B%A3" n3="%6E%6F%74%65" dan="14,15,16,14" rate="1874.95,1961.30,2132.92,2016.62" sx="M,M,M,M"/><TAIKYOKU oya="0"/><INIT seed="0,0,0,1,0,22" ten="250,250,250,250" oya="0" hai0="134,14,135,49,78,64,93,31,3,112,77,68,126" hai1="106,47,26,57,97,69,53,62,10,87,29,105,120" hai2="107,79,121,130,133,101,5,17,131,99,80,32,8" hai3="103,114,44,83,11,111,42,38,25,125,30,91,81"/><T21/><D3/><U15/><E120/><V58/><F121/><W70/><G114/><T123/><D112/><U73/><E73/><V122/><F122/><W108/><G70/><T27/><D123/><U92/><E87/><V90/><F133/><N who="0" m="50698" /><D126/><U6/><E47/><V19/><F32/><W36/><G125/><T52/><D64/><U20/><REACH who="1" step="1"/><E69/><REACH who="1" ten="250,240,250,250" step="2"/><V54/><F130/><W51/><G36/><T84/><D68/><U66/><E66/><V95/><F131/><W28/><G38/><T46/><D14/><U104/><E104/><V115/><F115/><W23/><G111/><T65/><D65/><U9/><E9/><V7/><F79/><W71/><G71/><T109/><D109/><U18/><E18/><V127/><F127/><W2/><G108/><T12/><D12/><U98/><E98/><V74/><F74/><W37/><G37/><T4/><D4/><U72/><E72/><V118/><F118/><W39/><G39/><T24/><D24/><U60/><E60/><V56/><F7/><W85/><G11/><T88/><AGARI ba="0,1" hai="21,27,31,46,49,52,77,78,84,88,93" m="50698" machi="88" ten="30,11700,0" yaku="20,1,52,1,54,2" doraHai="22" who="0" fromWho="0" sc="250,127,240,-39,250,-39,250,-39" /><INIT seed="0,1,0,4,0,96" ten="377,201,211,211" oya="0" hai0="62,68,91,86,40,14,79,133,6,109,37,74,102" hai1="103,111,66,92,42,119,13,77,43,1,88,73,33" hai2="59,9,49,63,53,32,27,82,38,8,89,105,125" hai3="21,100,69,101,20,4,98,113,55,11,106,3,39"/><T117/><D117/><U81/><E1/><V51/><F105/><W64/><G113/><T15/><D133/><U0/><E0/><V97/><F38/><W114/><G114/><T93/><D109/><U72/><E119/><V65/><F125/><W120/><G120/><T134/><D134/><U5/><E33/><V24/><F32/><W12/><G39/><T60/><D6/><U67/><E72/><V128/><F128/><W17/><G69/><T30/><D30/><U123/><E123/><V130/><F130/><W84/><G64/><T99/><D68/><U83/><E111/><V54/><F54/><W94/><G84/><T10/><D15/><U19/><E5/><V44/><F51/><W2/><G55/><T22/><D22/><U47/><E103/><V16/><F97/><W50/><G50/><T87/><D87/><U124/><E81/><V126/><F126/><W48/><G48/><T108/><D108/><U25/><E25/><V131/><F131/><W129/><G129/><T90/><D90/><U107/><E107/><V26/><F16/><W58/><G58/><T61/><D40/><U36/><E42/><V127/><F127/><W41/><G41/><T71/><D37/><U132/><E132/><V29/><F29/><W85/><G85/><AGARI ba="1,0" hai="8,9,24,26,27,44,49,53,59,63,65,82,85,89" machi="85" ten="40,1300,0" yaku="8,1" doraHai="96" who="2" fromWho="3" sc="377,0,201,0,211,16,211,-16" /><INIT seed="1,0,0,0,2,43" ten="377,201,227,195" oya="1" hai0="71,59,2,120,81,56,112,32,10,70,123,30,60" hai1="72,74,55,78,5,105,57,16,80,73,33,114,130" hai2="45,129,135,22,104,4,103,19,53,116,17,37,52" hai3="76,62,7,77,35,89,98,134,24,34,47,54,44"/><U51/><E114/><V12/><F116/><W8/><G134/><T0/><D112/><U84/><E33/><V26/><F135/><W121/><G121/><N who="0" m="46667" /><D32/><U132/><E132/><V61/><F129/><W88/><G35/><T95/><D30/><U111/><E130/><V25/><F4/><W87/><G34/><T68/><D10/><U50/><E105/><V115/><F115/><W40/><G24/><T124/><D124/><U106/><E106/><V3/><F3/><N who="0" m="1066" /><D81/><U31/><E31/><V126/><F126/><W65/><G98/><T109/><D109/><U41/><E5/><V46/><F37/><W21/><G21/><T119/><D119/><U1/><E1/><V83/><F104/><W20/><G20/><T36/><D36/><U122/><E122/><V96/><F83/><W100/><G100/><T58/><D95/><U97/><E111/><V101/><F61/><AGARI ba="0,0" hai="56,58,59,60,61,68,70,71" m="1066,46667" machi="61" ten="50,6400,0" yaku="28,2,13,1" doraHai="43" who="0" fromWho="2" sc="377,64,201,0,227,-64,195,0" /><INIT seed="2,0,0,4,2,25" ten="441,201,163,195" oya="2" hai0="111,113,61,115,90,10,24,71,60,39,87,114,69" hai1="91,44,47,63,11,20,116,59,49,40,104,89,84" hai2="70,117,15,66,95,77,98,82,83,18,13,123,75" hai3="74,42,50,4,97,105,101,92,131,124,135,27,81"/><V8/><F117/><W38/><G38/><T120/><D39/><U43/><E104/><V14/><F123/><W48/><G4/><T58/><D120/><U133/><E133/><V1/><F1/><W52/><G135/><T85/><D111/><U30/><E116/><V34/><F34/><W6/><G6/><T22/><D10/><U107/><E107/><V129/><F129/><W32/><G131/><T9/><D9/><U21/><E11/><V46/><F82/><W102/><G124/><T3/><D3/><U2/><E2/><V93/><F93/><W100/><G105/><T79/><D79/><U126/><E126/><V119/><F119/><W16/><G42/><T56/><D24/><U99/><E99/><V122/><F122/><W28/><G50/><T118/><D22/><U0/><E0/><V110/><F110/><W134/><G134/><T45/><D45/><U88/><E30/><V55/><F66/><W36/><G36/><T73/><D73/><U67/><REACH who="1" step="1"/><E84/><REACH who="1" ten="441,191,163,195" step="2"/><N who="2" m="48239" /><F70/><W96/><G96/><T68/><D118/><U7/><E7/><V29/><F75/><W35/><G35/><T109/><D109/><U31/><E31/><V125/><F29/><W76/><REACH who="3" step="1"/><G16/><REACH who="3" ten="441,191,163,185" step="2"/><T51/><D115/><U128/><E128/><V80/><F125/><W41/><G41/><T62/><D114/><U53/><E53/><V37/><F18/><W106/><G106/><T130/><D113/><U17/><E17/><V57/><F8/><W94/><G94/><T78/><D130/><U72/><E72/><V54/><F98/><W5/><G5/><T65/><D65/><RYUUKYOKU ba="0,2" sc="441,-15,191,15,163,-15,185,15" hai1="20,21,40,43,44,47,49,59,63,67,88,89,91" hai3="27,28,32,48,52,74,76,81,92,97,100,101,102" /><INIT seed="3,1,2,0,2,133" ten="426,206,148,200" oya="3" hai0="77,32,120,95,97,106,109,65,86,100,47,90,31" hai1="96,125,17,115,124,24,0,61,42,15,123,114,117" hai2="28,130,108,7,111,56,48,81,80,46,39,126,112" hai3="21,9,30,131,129,134,110,78,127,41,20,92,98"/><W53/><G41/><T119/><D65/><U118/><E123/><V79/><F112/><N who="1" m="43049" /><E0/><V34/><F130/><N who="3" m="49675" /><G78/><T27/><D120/><U82/><E42/><V54/><F7/><W83/><G83/><T104/><D119/><N who="1" m="45579" /><E24/><N who="2" m="18695" /><F79/><W5/><G134/><T58/><D109/><N who="2" m="42058" /><F126/><N who="1" m="48745" /><E61/><N who="2" m="35991" /><F39/><W57/><G110/><T132/><D132/><U62/><E62/><V88/><F88/><N who="3" m="55559" /><G30/><T103/><D31/><U12/><E96/><V93/><F93/><W2/><G127/><T113/><D113/><U70/><E70/><V69/><F69/><W71/><G71/><T94/><D97/><U25/><E82/><V33/><F33/><W26/><G26/><T4/><D27/><U67/><E67/><V76/><F76/><W116/><G116/><T89/><D77/><U128/><E128/><V75/><F75/><W49/><AGARI ba="1,2" hai="2,5,9,20,21,49,53,57" m="55559,49675" machi="49" ten="30,3000,0" yaku="19,1,54,1" doraHai="133" who="3" fromWho="3" sc="426,-11,206,-11,148,-11,200,53" /><INIT seed="3,2,0,0,1,65" ten="415,195,137,253" oya="3" hai0="69,62,4,120,44,96,100,114,81,7,55,20,84" hai1="73,121,17,48,111,115,72,106,66,30,112,123,116" hai2="43,41,71,19,105,25,18,101,37,32,52,42,46" hai3="5,54,27,95,82,16,67,134,15,9,10,131,107"/><W97/><G107/><T64/><D120/><N who="1" m="46155" /><E30/><V99/><F37/><W113/><G113/><N who="1" m="43594" /><E17/><V83/><F83/><W79/><G131/><T91/><D114/><U33/><E33/><V98/><F98/><W2/><G134/><T63/><D20/><U61/><E111/><V110/><F110/><W51/><G67/><T11/><D62/><U45/><E106/><V60/><F19/><W108/><G108/><T68/><D4/><U3/><E3/><V129/><F129/><W118/><G118/><T103/><D103/><U50/><E50/><V104/><F104/><W93/><G27/><T38/><D38/><U1/><E1/><V126/><F126/><W31/><G31/><T76/><D44/><U128/><E128/><V78/><F78/><W36/><G97/><T75/><D55/><N who="1" m="30095" /><E116/><V80/><F80/><W29/><G29/><T39/><D39/><U92/><E92/><V70/><F32/><W94/><G36/><T77/><D7/><U47/><E47/><V57/><REACH who="2" step="1"/><F46/><REACH who="2" ten="415,195,127,253" step="2"/><W132/><G132/><T125/><D125/><U35/><E35/><V86/><F86/><W14/><G2/><T56/><D84/><U102/><E102/><V119/><F119/><W8/><G95/><T122/><D122/><U24/><E24/><V85/><F85/><W6/><G82/><T130/><D81/><U89/><E89/><V124/><F124/><W26/><G79/><T21/><D130/><U109/><E109/><V74/><F74/><W53/><G94/><T49/><D75/><U117/><E117/><V28/><F28/><W88/><G93/><T13/><D76/><RYUUKYOKU ba="2,1" sc="415,-15,195,15,127,15,253,-15" hai1="61,66,72,73" hai2="18,25,41,42,43,52,57,60,70,71,99,101,105" /><INIT seed="4,3,1,2,4,103" ten="400,210,142,238" oya="0" hai0="32,65,17,70,24,98,135,110,94,93,106,76,33" hai1="62,66,74,129,108,112,51,20,34,40,29,2,128" hai2="86,126,67,23,36,80,56,69,47,22,25,120,117" hai3="12,90,75,134,73,6,53,9,100,31,116,43,113"/><T0/><D0/><U19/><E2/><V8/><F120/><W121/><G116/><T105/><D76/><U28/><E74/><V46/><F69/><W99/><G121/><T92/><D135/><U35/><E108/><V63/><F117/><W130/><G130/><N who="1" m="50282" /><E112/><V42/><F126/><W71/><G71/><T37/><D37/><U39/><E39/><V38/><F8/><W1/><G134/><T123/><D123/><U119/><E119/><V132/><F132/><W85/><G113/><T13/><D110/><U55/><E40/><V101/><F101/><W60/><G43/><T50/><D98/><U124/><E124/><V84/><F84/><W77/><G77/><T16/><D70/><N who="1" m="42327" /><E28/><V95/><F95/><W97/><G31/><T72/><D72/><U45/><E29/><V104/><F104/><W15/><G15/><AGARI ba="3,1" hai="15,19,20,34,35,45,51,55" m="42327,50282" machi="15" ten="30,1000,0" yaku="19,1" doraHai="103" who="1" fromWho="3" sc="400,0,210,29,142,0,238,-19" /><INIT seed="5,0,0,4,4,107" ten="400,239,142,219" oya="1" hai0="24,25,5,87,62,82,45,113,54,39,127,42,31" hai1="48,92,125,57,135,126,12,100,101,29,81,23,74" hai2="44,63,19,132,131,130,30,119,16,69,108,90,60" hai3="114,91,112,77,97,10,64,134,8,40,37,49,110"/><U106/><E106/><V55/><F119/><W53/><G110/><T38/><D113/><N who="3" m="43625" /><G77/><T103/><D127/><N who="1" m="48651" /><E135/><V50/><F108/><W65/><G134/><T122/><D5/><U80/><E92/><V66/><F132/><W121/><G121/><T26/><D103/><N who="1" m="39499" /><E74/><V6/><F30/><W123/><G123/><T86/><D122/><U51/><E12/><V2/><F63/><W17/><G17/><T33/><D39/><U105/><E105/><V98/><F6/><W59/><G40/><T41/><D41/><U43/><E43/><V115/><F2/><W68/><G37/><T118/><D118/><U56/><E23/><V109/><F109/><W73/><G73/><T70/><D38/><U35/><E35/><V7/><F7/><W18/><G18/><T79/><D33/><U36/><E36/><V52/><F55/><W85/><G97/><T28/><D42/><U1/><E1/><V61/><F61/><N who="3" m="39951" /><G65/><N who="0" m="41271" /><D87/><U88/><E29/><V120/><F120/><W128/><G128/><N who="2" m="49193" /><F115/><W9/><G9/><T46/><D54/><U4/><E4/><V34/><F34/><W124/><G124/><T20/><D31/><U133/><E133/><V78/><F78/><W89/><G89/><T116/><D116/><U71/><E88/><V104/><F104/><W117/><G117/><T95/><D95/><AGARI ba="0,0" hai="16,19,44,50,52,60,66,69,90,95,98" m="49193" machi="95" ten="30,3900,0" yaku="19,1,54,2" doraHai="107" who="2" fromWho="0" sc="400,-39,239,0,142,39,219,0" /><AGARI ba="0,0" hai="8,10,49,53,59,85,91,95" m="39951,43625" machi="95" ten="30,1000,0" yaku="15,1" doraHai="107" who="3" fromWho="0" sc="361,-10,239,0,181,0,219,10" /><INIT seed="6,0,0,3,4,109" ten="351,239,181,229" oya="2" hai0="86,28,34,1,80,40,111,11,63,27,116,94,88" hai1="91,103,24,75,36,8,85,105,77,74,20,51,70" hai2="7,96,82,119,37,15,108,46,4,58,90,16,23" hai3="19,135,107,89,55,2,52,106,41,127,73,133,32"/><V76/><F108/><W114/><G2/><T43/><D111/><U99/><E36/><V13/><F119/><W71/><G32/><T121/><D121/><U129/><E70/><V118/><F118/><W115/><G71/><T67/><D116/><U38/><E38/><V6/><F58/><W84/><G73/><T113/><D113/><N who="3" m="43017" /><G41/><T25/><D25/><U69/><E129/><V56/><F56/><W14/><G127/><T134/><D134/><N who="3" m="51209" /><G107/><T30/><D1/><U53/><E8/><V62/><F62/><W17/><G106/><T124/><D11/><U112/><E77/><V57/><F57/><W87/><G87/><T22/><D124/><U54/><E112/><V97/><F15/><W64/><G64/><T47/><D43/><U125/><E69/><V100/><F100/><W5/><G5/><T50/><D34/><U123/><E125/><V0/><F0/><W110/><G110/><T9/><D9/><U78/><E74/><V68/><F68/><W35/><G35/><T12/><D67/><U44/><E75/><V29/><F29/><W61/><G61/><T26/><D63/><U95/><E105/><V120/><F120/><W31/><G31/><T98/><D30/><N who="1" m="17671" /><E123/><V93/><F37/><W128/><G128/><T21/><D28/><U72/><E72/><V66/><F66/><W102/><G102/><T18/><D22/><U59/><E103/><AGARI ba="0,0" hai="12,18,21,26,27,40,47,50,80,86,88,94,98,103" machi="103" ten="30,3900,0" yaku="7,1,8,1,54,1" doraHai="109" who="0" fromWho="1" sc="351,39,239,-39,181,0,229,0" /><INIT seed="7,0,0,3,1,61" ten="390,200,181,229" oya="3" hai0="102,104,5,53,77,84,131,95,60,50,43,71,42" hai1="74,59,75,122,23,129,65,18,15,69,121,85,32" hai2="2,91,87,90,24,20,9,119,88,113,56,35,99" hai3="123,58,11,115,130,26,70,30,22,108,79,28,37"/><W114/><G37/><T81/><D131/><U21/><E32/><V107/><F119/><W132/><G70/><T6/><D104/><U93/><E129/><V52/><F35/><W116/><G79/><T63/><D71/><U8/><E69/><V73/><F73/><W110/><G58/><N who="0" m="34895" /><D63/><U62/><E74/><V47/><F113/><N who="3" m="43019" /><G130/><T40/><D50/><U34/><E34/><V124/><F124/><W36/><G36/><T120/><D120/><U109/><E109/><N who="3" m="42090" /><G132/><T31/><D31/><U19/><E75/><V66/><F2/><W33/><G11/><T86/><D86/><U89/><E8/><V67/><F9/><W111/><N who="3" m="42098" /><W51/><DORA hai="49" /><G51/><T100/><D95/><U97/><E85/><V106/><F47/><W68/><G68/><T98/><D98/><U118/><E118/><V7/><F7/><AGARI ba="0,0" hai="5,6,7,40,42,43,77,81,84,100,102" m="34895" machi="7" ten="30,2000,0" yaku="8,1,52,1" doraHai="61,49" who="0" fromWho="2" sc="390,20,200,0,181,-20,229,0" owari="410,51.0,200,-20.0,161,-34.0,229,3.0" /></mjloggm>