<mjloggm ver="2.3"><GO type="41" lobby="0"/><UN n0="%E6%9C%A8%E5%8F%A3%E6%85%8E%E4%B9%9F" n1="%E5%B0%B1%E6%B4%BB%E7%94%9F%40%E5%B7%9D%E6%9D%91%E8%BB%8D%E5%9B%A3" n2="%46%69%6E%72%61%79%E5%85%88%E7%94%9F" n3="%E3%81%AA%E3%81%8F%E3%81%AB%E3%82%83%E3%82%93" dan="15,15,13,14" rate="2007.27,1983.45,1952.71,1928.73" sx="M,M,M,M"/><TAIKYOKU oya="0"/><INIT seed="0,0,0,0,5,114" ten="250,250,250,250" oya="0" hai0="128,17,135,55,56,113,121,125,66,47,132,0,15" hai1="35,48,122,20,5,133,130,77,13,80,34,21,97" hai2="123,44,9,75,89,110,112,63,26,51,18,134,111" hai3="3,8,70,38,79,87,127,103,83,101,27,46,68"/><T108/><D0/><U40/><E122/><V41/><F123/><W124/><G27/><T61/><D121/><U106/><E130/><V95/><F112/><W99/><G101/><T88/><D113/><U6/><E133/><N who="0" m="51273" /><D125/><N who="3" m="48201" /><G8/><N who="0" m="6375" /><D128/><U36/><E36/><V120/><F75/><W45/><G3/><T117/><D117/><U49/><E97/><V59/><F120/><W11/><G11/><T82/><D108/><U65/><E106/><V2/><F134/><W119/><G119/><T104/><D104/><U78/><E65/><V42/><F2/><W25/><G25/><T29/><D29/><U37/><E37/><V43/><F26/><W73/><G87/><N who="0" m="50295" /><D47/><N who="3" m="17929" /><G38/><T107/><D107/><AGARI ba="0,0" hai="68,70,73,79,83,99,103,107" m="17929,48201" machi="107" ten="30,1000,0" yaku="18,1" doraHai="114" who="3" fromWho="0" sc="250,-10,250,0,250,0,250,10" /><INIT seed="1,0,0,0,0,104" ten="240,250,250,260" oya="1" hai0="46,125,22,100,70,118,4,20,58,59,128,53,51" hai1="106,28,101,16,11,92,48,119,84,85,95,3,27" hai2="117,82,47,77,88,6,26,34,105,38,1,133,114" hai3="50,93,129,30,54,17,0,29,120,121,56,13,9"/><U25/><E119/><V116/><F117/><W87/><G129/><T67/><D118/><U49/><E106/><V76/><F116/><W15/><G0/><T94/><D4/><U103/><E3/><V7/><F133/><W86/><G15/><T124/><D128/><U75/><E11/><V91/><F114/><W37/><G37/><T109/><D109/><U41/><E41/><V107/><F105/><W31/><REACH who="3" step="1"/><G93/><REACH who="3" ten="240,250,250,250" step="2"/><T127/><D94/><U102/><E102/><V126/><F107/><W60/><G60/><N who="0" m="40295" /><D100/><U108/><E108/><V134/><F1/><W69/><G69/><T24/><D20/><U112/><E112/><V71/><F38/><W42/><G42/><T40/><D40/><U78/><E103/><V79/><F71/><W19/><G19/><AGARI ba="0,1" hai="19,22,24,46,51,53,58,59,124,125,127" m="40295" machi="19" ten="30,1000,0" yaku="18,1" doraHai="104" who="0" fromWho="3" sc="240,20,250,0,250,0,250,-10" /><INIT seed="2,0,0,0,1,51" ten="260,250,250,240" oya="2" hai0="48,107,19,6,69,53,68,66,16,76,59,45,3" hai1="27,4,37,77,1,22,29,43,85,122,126,116,74" hai2="88,84,25,44,87,114,20,63,89,12,5,113,111" hai3="64,70,100,32,117,30,108,128,95,60,127,91,57"/><V118/><F118/><W98/><G117/><T124/><D107/><U46/><E116/><V112/><F111/><W7/><G108/><T120/><D120/><U26/><E122/><V86/><F44/><W94/><G128/><T49/><D76/><U33/><E126/><V28/><REACH who="2" step="1"/><F63/><REACH who="2" ten="260,250,240,240" step="2"/><W34/><G127/><T125/><D124/><U10/><E74/><V55/><F55/><W105/><G70/><T134/><D125/><U31/><E77/><V13/><F13/><W102/><G105/><T72/><D72/><U101/><E46/><V52/><F52/><W14/><G14/><T61/><D69/><U132/><E43/><V8/><AGARI ba="0,1" hai="5,8,12,20,25,28,84,86,87,88,89,112,113,114" machi="8" ten="40,7800,0" yaku="1,1,0,1,54,1,53,0" doraHai="51" doraHaiUra="121" who="2" fromWho="2" sc="260,-26,250,-26,240,88,240,-26" /><INIT seed="2,1,0,3,2,32" ten="234,224,328,214" oya="2" hai0="17,70,104,91,55,94,48,132,87,108,65,97,43" hai1="16,0,3,84,102,27,109,56,113,129,4,28,121" hai2="54,74,131,81,11,83,29,112,63,73,8,135,110" hai3="30,75,66,23,118,45,115,62,69,123,34,116,42"/><V53/><F112/><W68/><G23/><T99/><D43/><U78/><E113/><V7/><F135/><W52/><G115/><T41/><D41/><U57/><E121/><V47/><F131/><W12/><G12/><T13/><D132/><U100/><E129/><V26/><F110/><W5/><G123/><T96/><D108/><U92/><E109/><V37/><F74/><W128/><G128/><T98/><N who="0" m="24576" /><DORA hai="85" /><T38/><D38/><U82/><E92/><V51/><F11/><W114/><G52/><T9/><D104/><U133/><E133/><V107/><F107/><W134/><G134/><T58/><D65/><U39/><E39/><V80/><F73/><W31/><G114/><T117/><REACH who="0" step="1"/><D70/><REACH who="0" ten="224,224,328,214" step="2"/><U60/><E102/><V19/><F37/><N who="3" m="21711" /><G69/><T64/><D64/><U88/><E100/><V6/><F54/><W50/><G118/><AGARI ba="1,1" hai="9,13,17,48,55,58,87,91,94,117,118" m="24576" machi="118" ten="50,6400,0" yaku="1,1,52,1,53,1" doraHai="32,85" doraHaiUra="103,89" who="0" fromWho="3" sc="224,77,224,0,328,0,214,-67" /><INIT seed="3,0,0,2,4,61" ten="301,224,328,147" oya="3" hai0="20,131,62,18,83,129,63,108,105,22,12,120,46" hai1="110,34,77,132,38,9,123,40,21,35,126,70,65" hai2="72,64,127,88,84,98,2,82,51,122,104,97,125" hai3="81,102,92,79,7,33,117,8,135,111,74,49,4"/><W109/><G117/><T24/><D105/><U67/><E123/><V27/><F2/><W114/><G114/><T71/><D120/><U73/><E110/><V42/><F122/><W32/><G135/><T119/><D119/><U69/><E132/><V54/><F42/><W6/><G49/><T103/><D103/><U116/><E116/><V26/><F72/><W106/><G8/><T37/><D108/><N who="3" m="41545" /><G92/><T91/><D46/><U99/><E126/><N who="2" m="48139" /><F64/><W23/><G23/><T94/><D83/><U128/><E128/><N who="0" m="49225" /><D37/><U76/><E9/><V86/><F104/><W41/><G41/><T1/><D1/><U89/><E40/><V55/><F55/><W121/><G121/><T93/><D71/><U31/><E38/><V30/><F26/><W36/><G36/><T68/><D68/><U80/><E21/><N who="2" m="15727" /><F86/><W3/><G3/><T14/><D94/><U59/><E31/><V133/><F133/><W48/><G48/><T134/><D134/><U13/><E13/><N who="0" m="5225" /><D22/><U10/><E10/><V50/><F50/><W43/><G43/><T0/><D0/><U118/><E118/><V57/><AGARI ba="0,0" hai="51,54,57,82,84,88,97,98" m="15727,48139" machi="57" ten="30,2000,0" yaku="18,1,54,1" doraHai="61" who="2" fromWho="2" sc="301,-5,224,-5,328,20,147,-10" /><INIT seed="4,0,0,1,3,135" ten="296,219,348,137" oya="0" hai0="44,130,24,74,51,115,66,13,50,102,20,39,3" hai1="58,35,69,10,110,109,31,49,76,105,48,36,40" hai2="52,27,26,16,54,79,128,108,100,121,4,80,0" hai3="65,117,22,19,60,6,41,71,91,33,72,114,97"/><T38/><D3/><U126/><E105/><V88/><F108/><N who="1" m="41577" /><E10/><V118/><F121/><W93/><G72/><T11/><D74/><U90/><E90/><V59/><F0/><W78/><G78/><T46/><D102/><U81/><E81/><V99/><F118/><W134/><G33/><T113/><D66/><U83/><E31/><V7/><F128/><W5/><G134/><T86/><D130/><U89/><E89/><V2/><F2/><W53/><G41/><T8/><D86/><U112/><E83/><V34/><F34/><W96/><G117/><T63/><D63/><U62/><E76/><V28/><F28/><W55/><G97/><T73/><D73/><U77/><E77/><V98/><F79/><W129/><G129/><T47/><D24/><N who="2" m="9258" /><F100/><W122/><G122/><T12/><D47/><N who="1" m="23943" /><E35/><V119/><F119/><W104/><G104/><T124/><D20/><U30/><E30/><V131/><F131/><W111/><G111/><T1/><D1/><U23/><E23/><V82/><F82/><W132/><G132/><T17/><D17/><U92/><E92/><N who="2" m="56583" /><F16/><W61/><G6/><T107/><D107/><U106/><E106/><V68/><F99/><W21/><G5/><T37/><D37/><U67/><E112/><V29/><F80/><W85/><G114/><T87/><D87/><U95/><E95/><V70/><F29/><W14/><G21/><T123/><D123/><U127/><E69/><N who="2" m="26731" /><F4/><W101/><G85/><T94/><D94/><U116/><E116/><V103/><F7/><W42/><G101/><T43/><D43/><U9/><E9/><RYUUKYOKU ba="0,0" sc="296,15,219,15,348,-15,137,-15" hai0="8,11,12,13,38,39,44,46,50,51,113,115,124" hai1="48,49,58,62,67,126,127" /><INIT seed="4,1,0,1,2,120" ten="311,234,333,122" oya="0" hai0="61,98,6,4,97,13,8,110,14,23,37,106,11" hai1="129,134,35,82,69,63,39,103,89,52,74,9,115" hai2="80,78,83,41,126,102,107,75,67,26,31,133,93" hai3="27,109,55,125,7,57,91,113,124,30,24,34,116"/><T60/><D37/><U28/><E39/><V114/><F133/><W22/><G116/><T85/><D110/><U49/><E134/><V105/><F114/><W62/><G113/><T68/><D23/><U73/><E129/><V131/><F41/><W132/><G7/><T135/><D135/><U111/><E115/><V12/><F67/><W118/><G132/><T40/><D40/><U87/><E103/><V58/><F131/><W94/><G118/><T127/><D127/><U81/><E111/><V59/><F126/><W48/><G109/><T50/><D50/><U44/><E81/><V15/><F58/><W104/><G104/><T128/><D128/><U29/><E9/><V77/><F59/><W0/><G0/><T66/><D106/><U45/><E45/><V17/><F93/><W112/><G112/><T54/><REACH who="0" step="1"/><D85/><REACH who="0" ten="301,234,333,122" step="2"/><U101/><E74/><V96/><F107/><W38/><G38/><T108/><D108/><U123/><E73/><V53/><F105/><W51/><G125/><T71/><D71/><U90/><E123/><V19/><F75/><W33/><G124/><T1/><D1/><U42/><E35/><V99/><F102/><W21/><G34/><T92/><D92/><U119/><E101/><V64/><F83/><W10/><G33/><T20/><D20/><U130/><E130/><V122/><F80/><W117/><G117/><T86/><D86/><U46/><E119/><V76/><F122/><W84/><REACH who="3" step="1"/><G10/><REACH who="3" ten="301,234,333,112" step="2"/><T16/><D16/><AGARI ba="1,2" hai="16,21,22,24,27,30,48,51,55,57,62,84,91,94" machi="16" ten="30,8000,1" yaku="1,1,2,1,7,1,8,1,54,1,53,0" doraHai="120" doraHaiUra="43" who="3" fromWho="0" sc="301,-83,234,0,333,0,112,103" /><INIT seed="5,0,0,5,3,87" ten="218,234,333,215" oya="1" hai0="31,11,36,68,81,79,107,113,78,100,60,130,32" hai1="127,117,76,51,122,24,66,16,1,103,55,96,47" hai2="21,69,115,126,104,88,71,48,116,123,82,40,94" hai3="73,110,72,98,30,15,77,85,33,19,91,105,37"/><U75/><E122/><V93/><F123/><W43/><G33/><T101/><D130/><U49/><E1/><V70/><F116/><W134/><G30/><T111/><D101/><U57/><E117/><V4/><F104/><W121/><G121/><T125/><D79/><U120/><E120/><V9/><F115/><W45/><G134/><T58/><D58/><U124/><E76/><V80/><F126/><W25/><G25/><N who="0" m="18543" /><D111/><U6/><E6/><V54/><F40/><W8/><G110/><T90/><D90/><U7/><E7/><V128/><F21/><W118/><G77/><T97/><D125/><N who="1" m="48203" /><E75/><V53/><F128/><W119/><G118/><T17/><D17/><U108/><E108/><V0/><F94/><W12/><G119/><T133/><D133/><U62/><E49/><V89/><F54/><W74/><G98/><T29/><D29/><U64/><E24/><V14/><F0/><W132/><G105/><T10/><D113/><U34/><E34/><V42/><F42/><W106/><G106/><T35/><D35/><U23/><E23/><V112/><F112/><W83/><G132/><T3/><D3/><U38/><E38/><V99/><REACH who="2" step="1"/><F89/><REACH who="2" ten="218,234,323,215" step="2"/><W61/><G91/><T22/><D22/><U56/><E96/><V13/><F13/><W95/><G12/><T63/><D36/><U39/><E103/><V65/><F65/><W28/><G95/><T86/><D63/><N who="1" m="37991" /><E39/><V27/><F27/><W92/><G37/><T109/><D109/><U84/><E84/><V5/><F5/><W135/><G135/><T18/><D18/><AGARI ba="0,1" hai="16,18,47,51,55,57,62,66" m="37991,48203" machi="18" ten="30,2900,0" yaku="18,1,54,1" doraHai="87" who="1" fromWho="0" sc="218,-29,234,39,323,0,215,0" /><INIT seed="5,1,0,1,1,122" ten="189,273,323,215" oya="1" hai0="117,116,26,33,111,39,112,113,58,69,37,45,93" hai1="34,7,65,62,101,82,77,46,114,131,84,63,76" hai2="109,130,98,59,15,85,24,16,74,89,66,53,51" hai3="30,11,9,41,102,23,3,72,92,121,31,38,105"/><U18/><E34/><V125/><F74/><W108/><G121/><T71/><D93/><U97/><E114/><N who="0" m="44137" /><D26/><U83/><E131/><V20/><F130/><W8/><G72/><T94/><D94/><U127/><E127/><V64/><F109/><W52/><G3/><T13/><D13/><U79/><E7/><V81/><F125/><W35/><G35/><T12/><D12/><U67/><E46/><V4/><F98/><W106/><G105/><T2/><D2/><U70/><E18/><V29/><REACH who="2" step="1"/><F4/><REACH who="2" ten="189,273,313,215" step="2"/><W99/><G106/><T80/><D111/><U0/><E84/><V22/><AGARI ba="1,1" hai="15,16,20,22,24,29,51,53,59,64,66,81,85,89" machi="22" ten="20,16000,3" yaku="1,1,2,1,0,1,7,1,8,1,54,1,53,2" doraHai="122" doraHaiUra="60" who="2" fromWho="2" sc="189,-41,273,-81,313,173,215,-41" /><INIT seed="6,0,0,1,2,111" ten="148,192,486,174" oya="2" hai0="4,124,87,13,76,93,61,91,107,29,65,0,15" hai1="81,77,48,96,18,122,47,43,17,6,129,68,109" hai2="120,67,60,27,57,131,80,99,23,70,75,35,45" hai3="50,116,52,78,112,95,88,104,125,20,105,86,25"/><V130/><F35/><W94/><G116/><T121/><D107/><U102/><E109/><V69/><F120/><W126/><G78/><T133/><D121/><U46/><E68/><V7/><F7/><W53/><G53/><T117/><D117/><U89/><E122/><V58/><F45/><N who="3" m="27727" /><G112/><T11/><D124/><N who="3" m="47721" /><G95/><T37/><D37/><U115/><E6/><V40/><F40/><W113/><G113/><T51/><D133/><U59/><E115/><V101/><F80/><W34/><G34/><T128/><D128/><N who="2" m="49194" /><F75/><W119/><G119/><T26/><D76/><U28/><E28/><AGARI ba="0,0" hai="20,25,28,86,88,94,104,105" m="47721,27727" machi="28" ten="30,3900,0" yaku="18,1,54,2" doraHai="111" who="3" fromWho="1" sc="148,0,192,-39,486,0,174,39" /><INIT seed="7,0,0,3,4,125" ten="148,153,486,213" oya="3" hai0="102,15,19,74,113,6,31,30,126,58,92,128,59" hai1="93,120,98,97,10,8,70,99,130,43,39,46,108" hai2="73,20,41,47,7,57,121,100,80,129,32,124,107" hai3="85,48,12,62,65,123,94,56,4,134,27,64,25"/><W116/><G123/><T21/><D74/><U68/><E108/><V66/><F121/><W105/><G105/><T86/><D126/><U122/><E130/><V36/><F32/><W63/><G116/><T50/><D6/><U96/><E120/><V78/><F124/><W45/><G134/><T24/><D128/><U101/><E122/><V132/><F132/><W38/><G38/><T77/><D113/><U40/><REACH who="1" step="1"/><E43/><REACH who="1" ten="148,143,486,213" step="2"/><V115/><F115/><W60/><G65/><T90/><D50/><U109/><E109/><V131/><F7/><W16/><G64/><T44/><D44/><U54/><E54/><V72/><F72/><W76/><G45/><T23/><D77/><U49/><E49/><V17/><F57/><N who="0" m="21514" /><D102/><U67/><E67/><V22/><F66/><W71/><G56/><T103/><D103/><U51/><E51/><V0/><F0/><W55/><G55/><T135/><D135/><U52/><E52/><V11/><F11/><AGARI ba="0,1" hai="8,10,11,39,40,46,68,70,93,96,97,98,99,101" machi="11" ten="40,2600,0" yaku="1,1,53,1" doraHai="125" doraHaiUra="88" who="1" fromWho="2" sc="148,0,143,36,486,-26,213,0" owari="148,-35.0,179,-22.0,460,56.0,213,1.0" /></mjloggm>