<mjloggm ver="2.3"><GO type="169" lobby="0"/><UN n0="%E3%82%B5%E3%82%A6%E3%83%AA%E3%83%BC" n1="%54%E3%81%96%E3%82%8F" n2="%E3%82%A6%E3%83%AB%E3%83%88%E3%83%A9%E7%AB%8B%E7%9B%B4" n3="%E3%82%AB%E3%83%A9%E3%82%B9%E3%81%AE%E5%AD%90" dan="16,17,17,18" rate="2085.41,2147.69,2176.22,2237.38" sx="M,M,M,M"/><TAIKYOKU oya="0"/><INIT seed="0,0,0,4,4,24" ten="250,250,250,250" oya="0" hai0="35,40,86,57,132,31,107,47,70,48,51,2,61" hai1="134,97,98,108,128,100,71,67,3,43,103,23,60" hai2="92,42,62,30,133,77,119,50,69,72,65,124,63" hai3="101,54,130,99,123,87,46,0,117,36,105,32,9"/><T122/><D122/><U22/><E3/><V45/><F119/><W89/><G117/><T88/><D132/><U73/><E73/><V78/><F133/><W111/><G123/><T59/><D107/><U15/><E134/><V90/><F124/><W113/><G111/><T64/><D2/><U38/><E108/><V18/><F72/><W84/><G130/><T19/><D19/><U7/><E128/><V118/><F118/><W5/><G113/><T14/><D14/><U79/><E79/><V56/><F18/><W116/><G116/><T66/><D51/><U104/><E43/><V37/><F30/><W20/><G32/><T76/><D76/><U4/><E38/><V8/><F8/><W91/><G20/><T126/><D126/><U68/><E71/><V131/><F131/><W41/><REACH who="3" step="1"/><G54/><REACH who="3" ten="250,250,250,240" step="2"/><T1/><D66/><U29/><E22/><V58/><F37/><W109/><G109/><T13/><D1/><U53/><E53/><V85/><F69/><W95/><G95/><T28/><D13/><U121/><E121/><V49/><F50/><W82/><G82/><T44/><D35/><U81/><E81/><V127/><F127/><W80/><G80/><T135/><D135/><U26/><REACH who="1" step="1"/><E15/><REACH who="1" ten="250,240,250,240" step="2"/><V93/><REACH who="2" step="1"/><F93/><AGARI ba="0,2" hai="4,7,23,26,29,60,67,68,93,97,98,100,103,104" machi="93" ten="30,7700,0" yaku="1,1,2,1,7,1,52,1,53,0" doraHai="24" doraHaiUra="129" who="1" fromWho="2" sc="250,0,240,97,250,-77,240,0" /><INIT seed="1,0,0,0,4,65" ten="250,337,173,240" oya="1" hai0="113,11,42,44,135,59,116,2,4,103,51,66,47" hai1="98,27,132,128,117,102,43,14,9,6,104,28,29" hai2="79,101,19,84,108,95,57,72,49,23,124,39,123" hai3="56,120,73,26,55,93,52,46,89,63,75,133,100"/><U87/><E117/><V126/><F39/><W10/><G120/><T69/><D116/><U71/><E128/><V114/><F123/><W38/><G133/><T96/><D113/><U129/><E129/><V127/><F114/><W54/><G100/><T67/><D135/><U112/><E112/><V15/><F108/><W62/><G26/><T76/><D76/><U99/><E132/><V32/><F32/><W91/><G10/><T48/><D59/><U122/><E122/><V83/><F101/><W13/><G13/><T16/><D69/><U94/><E43/><V77/><F77/><W80/><G80/><T5/><D5/><U82/><E27/><V70/><F70/><W45/><G38/><T111/><D111/><U125/><E71/><V18/><F18/><W53/><G93/><T86/><D86/><U24/><E125/><V115/><F115/><W8/><G8/><T31/><D31/><U85/><E82/><V92/><REACH who="2" step="1"/><F72/><REACH who="2" ten="250,337,163,240" step="2"/><W35/><G35/><T105/><REACH who="0" step="1"/><D16/><REACH who="0" ten="240,337,163,240" step="2"/><U58/><E28/><V118/><F118/><W25/><G75/><T109/><D109/><U97/><E29/><V20/><F20/><W88/><G73/><T50/><D50/><U21/><E21/><V119/><F119/><W3/><G63/><T106/><D106/><U68/><E104/><V74/><F74/><W134/><G62/><T121/><D121/><U34/><E68/><V64/><F64/><W17/><G17/><T130/><D130/><U36/><E36/><V41/><F41/><AGARI ba="0,2" hai="2,4,11,41,42,44,47,48,51,66,67,96,103,105" machi="41" ten="30,7700,0" yaku="1,1,7,1,9,1,53,1" doraHai="65" doraHaiUra="1" who="0" fromWho="2" sc="240,97,337,0,163,-77,240,0" /><INIT seed="2,0,0,2,0,17" ten="337,337,86,240" oya="2" hai0="51,130,0,67,117,133,62,48,42,113,135,6,7" hai1="65,57,37,54,1,129,14,107,119,112,77,103,132" hai2="88,19,25,97,39,20,8,43,59,46,66,3,55" hai3="83,110,34,69,58,35,124,60,125,71,47,32,108"/><V82/><F66/><W4/><G4/><T22/><D113/><U73/><E1/><V99/><F3/><W115/><G115/><T41/><D117/><U61/><E103/><V75/><F8/><W86/><G47/><T123/><D130/><U104/><E112/><V87/><REACH who="2" step="1"/><F75/><REACH who="2" ten="337,337,76,240" step="2"/><W78/><G71/><T80/><D0/><U72/><E72/><V64/><F64/><N who="3" m="38935" /><G69/><T96/><D123/><U12/><E73/><V128/><F128/><W79/><G79/><T84/><D135/><U94/><E132/><V81/><F81/><W52/><G78/><T45/><D133/><U89/><E65/><V27/><F27/><W93/><G83/><T18/><D67/><U106/><E77/><V56/><F56/><W85/><G125/><T11/><D80/><U29/><E129/><V36/><F36/><W116/><G124/><T74/><D74/><U122/><E37/><V76/><F76/><W70/><G70/><T5/><D11/><U50/><E119/><V91/><F91/><W10/><G10/><T38/><D38/><U90/><E90/><V109/><F109/><W33/><G110/><T44/><D44/><U105/><E89/><V31/><F31/><W15/><G108/><T30/><D45/><U98/><E29/><V21/><F21/><W118/><G118/><T9/><D9/><U111/><E122/><V131/><F131/><W28/><G116/><T126/><D30/><U102/><E111/><V120/><F120/><W26/><G28/><T49/><D126/><U53/><N who="1" m="26624" /><DORA hai="92" /><U63/><E57/><V23/><F23/><W127/><G127/><RYUUKYOKU ba="0,1" sc="337,-10,337,-10,76,30,240,-10" hai2="19,20,25,39,43,46,55,59,82,87,88,97,99" /><INIT seed="2,1,1,3,2,94" ten="327,327,106,230" oya="2" hai0="11,102,56,14,83,121,91,3,53,109,113,37,39" hai1="41,8,133,31,57,9,115,92,116,71,36,120,58" hai2="7,118,48,54,66,0,30,76,105,20,128,63,64" hai3="34,78,2,29,46,68,73,27,81,75,72,45,125"/><V100/><F118/><W18/><G68/><T59/><D113/><U16/><E115/><V93/><F105/><W12/><G2/><T131/><D121/><U5/><E116/><V87/><F128/><W32/><G32/><T107/><D109/><U110/><E71/><V104/><F104/><W101/><G125/><T126/><D131/><U6/><E120/><V13/><F0/><W90/><G90/><T123/><D123/><U55/><E110/><V124/><F124/><W60/><G101/><T69/><D126/><U112/><E112/><V23/><F30/><W84/><REACH who="3" step="1"/><G60/><REACH who="3" ten="327,327,106,220" step="2"/><T50/><D69/><U21/><E133/><V134/><F63/><W67/><G67/><T25/><D3/><U111/><E111/><V65/><F134/><W44/><G44/><T40/><D102/><U99/><E57/><N who="2" m="32967" /><F100/><W74/><N who="3" m="18944" /><DORA hai="33" /><W86/><G86/><T62/><D62/><U129/><E129/><V15/><F76/><W122/><G122/><T80/><D91/><U96/><E58/><V119/><F119/><W135/><G135/><T77/><D77/><U61/><E61/><V35/><F35/><W79/><G79/><T22/><D83/><U98/><E5/><V52/><F87/><W10/><AGARI ba="1,2" hai="10,12,18,27,29,34,45,46,78,81,84" m="18944" machi="10" ten="60,7900,0" yaku="1,1,0,1,53,1" doraHai="94,33" doraHaiUra="49,82" who="3" fromWho="3" sc="327,-21,327,-21,106,-40,220,102" /><INIT seed="3,0,0,2,4,90" ten="306,306,66,322" oya="3" hai0="81,46,14,38,49,33,62,0,123,52,59,22,16" hai1="68,76,127,82,133,119,34,40,84,20,61,36,92" hai2="102,130,128,9,15,99,42,98,25,113,1,65,32" hai3="131,74,78,23,4,8,116,125,3,27,47,88,30"/><W85/><G116/><T12/><D123/><U91/><E119/><V50/><F1/><W96/><G131/><T19/><D0/><U26/><E127/><V117/><F117/><W132/><G125/><T120/><D120/><U103/><E133/><V43/><F113/><W106/><G132/><T94/><D33/><U18/><E103/><V39/><F39/><W89/><G74/><T54/><D38/><U44/><E34/><V79/><F79/><W66/><G66/><T6/><D6/><U109/><E109/><V115/><F115/><W53/><G106/><T77/><D94/><U112/><E112/><V72/><F72/><W60/><G96/><T124/><D124/><U41/><E41/><V28/><F65/><W121/><G121/><T110/><D110/><U21/><E21/><V134/><F134/><W48/><REACH who="3" step="1"/><G60/><REACH who="3" ten="306,306,66,312" step="2"/><T55/><D62/><U97/><REACH who="1" step="1"/><E61/><REACH who="1" ten="306,296,66,312" step="2"/><V70/><F130/><W100/><G100/><T83/><D46/><U63/><E63/><V95/><F128/><W114/><G114/><T51/><D51/><U67/><E67/><V126/><F50/><W104/><G104/><T37/><D37/><U86/><E86/><V58/><F126/><W93/><G93/><T29/><D49/><U135/><E135/><V45/><F95/><W24/><G24/><T108/><D108/><U5/><E5/><V11/><F25/><W75/><G75/><T111/><D111/><U129/><E129/><V17/><F102/><W71/><G71/><AGARI ba="0,2" hai="18,20,26,36,40,44,68,71,76,82,84,91,92,97" machi="71" ten="40,5200,0" yaku="1,1,52,1,53,1" doraHai="90" doraHaiUra="80" who="1" fromWho="3" sc="306,0,296,72,66,0,312,-52" /><INIT seed="4,0,0,0,4,54" ten="306,368,66,260" oya="0" hai0="80,40,78,127,17,12,76,103,88,39,105,53,121" hai1="49,45,44,37,69,125,92,120,27,87,63,38,50" hai2="36,89,67,79,6,30,126,73,106,25,41,90,134" hai3="52,93,8,104,60,65,5,74,86,51,107,99,0"/><T32/><D121/><U61/><E27/><V59/><F106/><W129/><G74/><T10/><D127/><U102/><E102/><V42/><F126/><W46/><G129/><T94/><D32/><U116/><E92/><V91/><F134/><W14/><G0/><T43/><D105/><U18/><E18/><V4/><F79/><W57/><REACH who="3" step="1"/><G86/><REACH who="3" ten="306,368,66,250" step="2"/><T100/><D76/><U47/><E87/><V98/><F73/><W113/><G113/><T122/><D122/><U111/><E125/><V33/><F98/><W133/><G133/><T24/><D103/><AGARI ba="0,1" hai="5,8,14,46,51,52,57,60,65,93,99,103,104,107" machi="103" ten="30,8000,1" yaku="1,1,7,1,52,1,54,1,53,1" doraHai="54" doraHaiUra="3" who="3" fromWho="0" sc="306,-80,368,0,66,0,250,90" /><INIT seed="5,0,0,4,1,103" ten="226,368,66,340" oya="1" hai0="56,128,91,3,105,20,15,55,101,33,110,18,35" hai1="100,30,66,62,34,21,67,0,28,11,8,87,74" hai2="1,42,65,49,111,94,12,123,109,125,118,19,47" hai3="46,116,122,31,121,82,37,90,81,127,29,102,75"/><U99/><E74/><V50/><F1/><W70/><G70/><T112/><D110/><U5/><E34/><V60/><F123/><W43/><G127/><T26/><D112/><U41/><E41/><V40/><F118/><W86/><G116/><T126/><D126/><U107/><E67/><V133/><F125/><W17/><G102/><T117/><D128/><U22/><E22/><V131/><F131/><W114/><G114/><T10/><D117/><U95/><E8/><V132/><F94/><W104/><G104/><T32/><D3/><U9/><E9/><V93/><F93/><W135/><G135/><N who="2" m="51785" /><F12/><W53/><G53/><T13/><D101/><U45/><E45/><N who="2" m="25767" /><F19/><W7/><G17/><T51/><D105/><U84/><E95/><V71/><AGARI ba="0,0" hai="42,47,50,60,65,71,109,111" m="25767,51785" machi="71" ten="30,4000,0" yaku="20,1,34,2" doraHai="103" who="2" fromWho="2" sc="226,-10,368,-20,66,40,340,-10" /><INIT seed="6,0,0,4,3,127" ten="216,348,106,330" oya="2" hai0="20,102,9,68,24,53,25,65,44,56,135,90,79" hai1="19,99,74,17,29,130,80,34,94,126,60,96,120" hai2="83,27,2,1,7,4,93,31,15,122,134,104,49" hai3="62,39,78,10,30,52,41,92,37,101,47,88,89"/><V8/><F104/><W36/><G78/><T3/><D135/><U119/><E119/><V35/><F122/><W103/><G30/><T123/><D123/><U95/><E120/><V110/><F83/><W11/><G89/><T73/><D102/><U100/><E126/><V124/><F124/><W6/><G103/><T21/><D73/><U106/><E106/><V75/><F75/><W26/><G101/><T70/><D79/><U131/><E74/><V84/><F134/><W81/><G81/><T46/><D90/><N who="1" m="55383" /><E80/><V125/><F125/><W116/><G26/><T72/><D72/><U97/><E97/><V55/><F110/><W33/><G33/><T64/><D3/><U42/><E42/><V18/><F84/><W5/><G5/><N who="2" m="2121" /><F93/><W111/><G111/><T132/><D132/><U107/><E107/><V13/><F49/><W58/><G116/><T48/><D9/><U50/><E50/><V61/><F55/><W85/><G10/><T45/><D68/><U109/><E109/><V63/><F61/><W0/><AGARI ba="0,0" hai="0,6,11,36,37,39,41,47,52,58,62,85,88,92" machi="0" ten="20,5200,0" yaku="0,1,7,1,54,2" doraHai="127" who="3" fromWho="3" sc="216,-13,348,-13,106,-26,330,52" /><INIT seed="7,0,0,5,1,39" ten="203,335,80,382" oya="3" hai0="1,96,84,90,46,20,128,101,35,2,119,60,93" hai1="106,34,15,64,27,54,87,7,6,19,108,94,22" hai2="68,24,52,33,4,82,110,131,62,123,56,70,133" hai3="11,0,116,47,80,49,21,103,23,95,111,127,132"/><W75/><G116/><T98/><D128/><U115/><E106/><V65/><F110/><W67/><G111/><T17/><D119/><U72/><E108/><V117/><F117/><W29/><G132/><T129/><D129/><U91/><E115/><V112/><F123/><W76/><G127/><T37/><D35/><U78/><E64/><V12/><F131/><W16/><G67/><T18/><D1/><U13/><E72/><V53/><F133/><W77/><G77/><T118/><D2/><U113/><E78/><V97/><F112/><W59/><G59/><T134/><D134/><U61/><E113/><V14/><F70/><W114/><G114/><T42/><D118/><U126/><E126/><V8/><F68/><W73/><G73/><T30/><D30/><U89/><E34/><V51/><F82/><W130/><G130/><T79/><D79/><U63/><E63/><V5/><F33/><W25/><G80/><T121/><D121/><U92/><E6/><V32/><F32/><W88/><G76/><T40/><D18/><U83/><E83/><V81/><F81/><W26/><G75/><T36/><D60/><U125/><E7/><V44/><F24/><W57/><G26/><T43/><D37/><U66/><E125/><V10/><REACH who="2" step="1"/><F97/><REACH who="2" ten="203,335,70,382" step="2"/><W109/><G25/><T107/><D98/><U85/><REACH who="1" step="1"/><E54/><REACH who="1" ten="203,325,70,382" step="2"/><V69/><F69/><AGARI ba="0,2" hai="13,15,19,22,27,61,66,69,85,87,89,91,92,94" machi="69" ten="30,7700,0" yaku="1,1,2,1,7,1,9,1,53,0" doraHai="39" doraHaiUra="99" who="1" fromWho="2" sc="203,0,325,97,70,-77,382,0" owari="203,-20.0,422,53.0,-7,-51.0,382,18.0" /></mjloggm>