<mjloggm ver="2.3"><GO type="41" lobby="0"/><UN n0="%E3%82%AE%E3%82%BF%E3%83%AA%E3%82%B9%E3%83%88" n1="%E5%B0%B1%E6%B4%BB%E7%94%9F%40%E5%B7%9D%E6%9D%91%E8%BB%8D%E5%9B%A3" n2="%E3%80%8E%E5%93%AD%E3%81%8D%E3%81%AE%E6%99%8B%E3%80%8F" n3="%E3%81%8B%E3%81%8D%E9%86%A4%E6%B2%B9" dan="15,16,14,14" rate="1966.21,2172.85,1921.09,1954.64" sx="M,M,M,M"/><TAIKYOKU oya="0"/><INIT seed="0,0,0,5,4,86" ten="250,250,250,250" oya="0" hai0="111,15,9,115,37,31,103,100,72,0,134,84,40" hai1="133,66,18,135,109,22,27,20,105,64,91,25,41" hai2="26,44,74,52,126,47,122,38,42,13,12,94,21" hai3="34,50,2,56,99,90,118,82,71,7,17,43,116"/><T87/><D115/><U75/><E105/><V63/><F122/><W6/><G71/><T10/><D72/><U114/><E75/><V119/><F126/><W98/><G34/><T83/><D0/><U35/><E35/><V5/><F74/><W8/><G17/><T1/><D1/><U81/><E41/><V125/><F125/><W55/><G43/><T76/><D134/><N who="1" m="51211" /><E109/><V79/><F79/><W45/><G7/><T124/><D124/><U61/><E61/><V67/><F119/><W78/><G45/><T16/><D31/><N who="1" m="17831" /><E114/><V110/><F110/><W92/><G99/><T128/><D128/><U121/><E121/><V3/><F94/><W106/><G106/><T97/><D111/><U33/><E33/><V96/><F42/><W101/><G101/><N who="0" m="38987" /><D37/><U60/><E60/><V95/><F38/><W123/><G123/><T104/><D40/><U51/><E51/><V48/><F48/><W54/><G55/><T130/><D130/><U127/><E127/><V80/><F52/><W108/><G108/><T49/><D104/><U39/><E39/><V65/><F65/><W58/><G58/><T57/><D97/><U29/><E29/><V120/><F96/><W59/><G59/><T62/><D49/><U30/><E30/><V24/><F120/><W88/><G118/><T68/><D68/><U131/><E131/><V70/><F70/><W19/><G116/><T36/><D36/><U93/><E81/><V107/><F107/><W73/><G82/><N who="0" m="47175" /><D62/><U77/><E77/><V89/><F63/><W32/><G73/><T129/><D129/><U112/><E112/><RYUUKYOKU ba="0,0" sc="250,-10,250,30,250,-10,250,-10" hai1="18,22,27,64,66,91,93" /><INIT seed="1,1,0,5,2,61" ten="240,280,240,240" oya="1" hai0="11,75,59,87,63,90,108,77,72,121,105,81,69" hai1="55,65,60,57,129,36,53,111,115,64,128,66,83" hai2="71,15,25,4,6,113,132,19,3,103,34,58,2" hai3="100,67,92,28,54,40,104,26,13,117,50,124,21"/><U101/><E101/><V119/><F71/><W42/><G104/><T107/><D69/><U31/><E31/><V70/><F70/><W95/><G124/><T9/><D121/><U84/><E115/><V52/><F113/><W96/><G117/><T24/><D108/><U5/><E5/><V94/><F119/><W127/><G127/><T7/><D24/><U46/><E111/><V0/><F132/><W10/><G95/><T131/><D131/><N who="1" m="50251" /><E36/><V98/><F34/><W134/><G134/><T43/><D43/><U88/><E53/><V35/><F35/><W33/><G33/><T1/><D11/><U125/><E125/><V32/><F32/><W74/><G74/><T76/><D75/><U82/><E82/><V130/><F25/><W14/><G67/><T18/><D18/><U99/><E99/><V44/><F44/><AGARI ba="1,0" hai="44,46,55,57,60,64,65,66,83,84,88" m="50251" machi="44" ten="30,12000,1" yaku="19,1,52,3,54,1" doraHai="61" who="1" fromWho="2" sc="240,0,280,123,240,-123,240,0" /><INIT seed="1,2,0,1,1,87" ten="240,403,117,240" oya="1" hai0="42,76,92,88,11,51,103,1,116,48,134,110,13" hai1="121,105,59,73,10,12,107,43,70,39,61,80,21" hai2="119,69,32,36,20,132,52,2,109,75,23,3,44" hai3="25,45,26,27,64,131,94,15,68,16,102,19,106"/><U0/><E121/><V90/><F32/><W83/><G106/><T79/><D116/><U97/><E70/><V98/><F119/><W115/><G115/><T40/><D1/><U95/><E0/><V127/><F109/><W113/><G113/><T124/><D110/><U22/><E39/><V77/><F127/><W46/><G131/><T71/><D71/><U126/><E43/><N who="0" m="16425" /><D124/><U86/><E73/><V34/><F34/><W133/><G133/><T57/><D103/><N who="1" m="60863" /><E105/><V65/><F132/><W67/><G83/><T72/><D72/><U54/><E107/><V24/><F36/><W112/><G112/><T18/><D134/><U50/><E126/><V9/><F65/><N who="3" m="25163" /><G68/><T135/><D135/><U49/><E49/><N who="0" m="19017" /><D57/><U4/><E50/><V120/><F69/><W128/><G128/><T55/><D55/><U74/><E74/><V85/><F52/><W62/><G62/><T33/><D33/><U93/><E93/><V122/><F122/><W6/><G6/><T7/><D7/><U108/><E108/><V56/><F120/><W81/><G81/><T14/><D13/><U123/><E123/><V104/><F3/><W91/><G102/><T5/><D5/><U66/><E66/><V101/><F2/><W35/><G35/><T28/><D28/><U118/><E118/><V96/><F104/><W130/><G130/><T114/><D114/><U78/><AGARI ba="2,0" hai="4,10,12,21,22,54,59,61,78,80,86" m="60863" machi="78" ten="30,1500,0" yaku="8,1" doraHai="87" who="1" fromWho="1" sc="240,-7,403,21,117,-7,240,-7" /><INIT seed="1,3,0,3,1,129" ten="233,424,110,233" oya="1" hai0="25,106,110,29,45,22,130,108,38,125,35,65,117" hai1="20,98,103,54,118,50,4,74,0,93,78,36,79" hai2="120,72,64,15,112,41,43,52,69,123,92,51,16" hai3="32,84,100,30,37,57,13,107,131,109,61,96,6"/><U14/><E118/><V102/><F72/><W49/><G37/><T55/><D117/><U132/><E36/><V40/><F112/><W105/><G131/><T115/><D130/><U59/><E0/><V126/><F126/><W116/><G116/><T113/><D106/><U133/><E74/><V80/><F80/><W31/><G105/><T97/><D65/><U135/><E4/><V17/><F64/><W9/><G109/><T24/><D125/><U5/><REACH who="1" step="1"/><E20/><REACH who="1" ten="233,414,110,233" step="2"/><V66/><F120/><W63/><G6/><T39/><D22/><U73/><E73/><V82/><F123/><W34/><G34/><T87/><D35/><U27/><E27/><V128/><F128/><W46/><G32/><T21/><D115/><U10/><AGARI ba="3,1" hai="5,10,14,50,54,59,78,79,93,98,103,132,133,135" machi="10" ten="40,18000,2" yaku="1,1,0,1,20,1,52,3,53,0" doraHai="129" doraHaiUra="28" who="1" fromWho="1" sc="233,-63,414,199,110,-63,233,-63" /><INIT seed="1,4,0,4,4,132" ten="170,613,47,170" oya="1" hai0="48,88,90,41,5,12,45,86,127,52,87,89,117" hai1="98,72,21,77,59,26,70,80,115,44,61,119,114" hai2="20,122,78,93,30,134,10,84,25,27,14,43,110" hai3="31,73,100,2,4,18,1,120,113,62,50,13,37"/><U101/><E119/><V74/><F134/><W24/><G37/><T19/><D117/><U46/><E70/><V135/><F122/><W67/><G73/><T23/><D5/><U71/><E71/><V22/><F135/><W91/><G100/><T40/><D127/><U60/><E60/><V8/><F110/><W128/><G50/><T108/><D108/><U111/><E111/><V102/><F74/><W94/><G120/><T109/><D109/><U63/><E63/><V105/><F105/><W6/><G113/><T125/><D125/><U107/><E46/><V7/><F43/><AGARI ba="4,0" hai="12,19,23,40,41,43,45,48,52,86,87,88,89,90" machi="43" ten="40,5200,0" yaku="8,1,54,2" doraHai="132" who="0" fromWho="2" sc="170,64,613,0,47,-64,170,0" owari="234,3.0,613,72.0,-17,-52.0,170,-23.0" /></mjloggm>