<mjloggm ver="2.3"><GO type="169" lobby="0"/><UN n0="%61%73%73%65%72%74%69%76" n1="%E9%BA%BB%E5%B8%83%E5%A0%85%E4%B8%80" n2="%E5%B0%B1%E6%B4%BB%E7%94%9F%40%E5%B7%9D%E6%9D%91%E8%BB%8D%E5%9B%A3" n3="%E3%82%B7%E3%83%AB%E3%83%93%E3%82%A3" dan="16,18,16,17" rate="2134.14,2224.23,2095.47,2173.49" sx="M,M,M,F"/><TAIKYOKU oya="0"/><INIT seed="0,0,0,3,1,36" ten="250,250,250,250" oya="0" hai0="65,72,46,113,89,59,79,33,97,114,39,101,0" hai1="87,76,5,24,105,122,125,117,96,123,66,2,73" hai2="132,47,127,31,30,119,91,6,16,57,38,18,85" hai3="12,121,45,26,21,20,42,71,110,68,34,10,9"/><T43/><D33/><U70/><E117/><V81/><F119/><W120/><G34/><T62/><D0/><U103/><E125/><V115/><F115/><W82/><G110/><T51/><D89/><U53/><E53/><V61/><F6/><W64/><G82/><T54/><D79/><U124/><E124/><V130/><F127/><W84/><G84/><T55/><D72/><U15/><E15/><V22/><F18/><W41/><G45/><T23/><D23/><U92/><E24/><V108/><F108/><W83/><G83/><T4/><D4/><U86/><E86/><V25/><F132/><W135/><G64/><T37/><D37/><U74/><E87/><V93/><F130/><W116/><G116/><T109/><D109/><U129/><E92/><V78/><F47/><W104/><G104/><T1/><D1/><U32/><E32/><V75/><REACH who="2" step="1"/><F38/><REACH who="2" ten="250,250,240,250" step="2"/><W134/><G12/><T52/><REACH who="0" step="1"/><D39/><REACH who="0" ten="240,250,240,250" step="2"/><U126/><E126/><V106/><F106/><AGARI ba="0,2" hai="43,46,51,52,54,55,59,62,65,97,101,106,113,114" machi="106" ten="40,12000,1" yaku="1,1,2,1,52,1,54,1,53,0" doraHai="36" doraHaiUra="77" who="0" fromWho="2" sc="240,140,250,0,240,-120,250,0" /><INIT seed="0,1,0,3,5,8" ten="380,250,120,250" oya="0" hai0="128,42,37,83,38,94,22,135,77,125,110,53,48" hai1="114,129,93,89,16,80,82,44,62,102,127,11,121" hai2="9,123,7,117,126,10,57,41,88,104,61,119,45" hai3="90,122,6,99,113,25,12,39,35,21,46,43,59"/><T130/><D135/><U68/><E121/><V58/><F104/><W131/><G122/><T14/><D125/><U27/><E127/><V81/><F123/><W120/><G120/><T134/><D134/><U115/><E129/><N who="0" m="49769" /><D110/><U4/><E102/><V91/><F126/><W15/><G131/><T26/><D94/><U96/><E44/><V63/><F81/><W87/><G113/><N who="1" m="43018" /><E62/><V32/><F7/><W105/><G35/><T100/><D100/><U55/><E55/><V33/><F45/><W111/><G111/><T54/><D42/><AGARI ba="1,0" hai="9,10,32,33,41,42,57,58,61,63,88,91,117,119" machi="42" ten="25,3200,0" yaku="22,2,54,1" doraHai="8" who="2" fromWho="0" sc="380,-35,250,0,120,35,250,0" /><INIT seed="1,0,0,3,2,84" ten="345,250,155,250" oya="1" hai0="128,71,39,95,79,31,20,11,125,27,120,101,131" hai1="3,10,91,63,134,22,7,109,19,72,17,41,93" hai2="58,46,127,66,4,61,108,88,47,16,55,49,64" hai3="76,51,2,65,40,21,103,123,25,116,69,126,129"/><U92/><E134/><V59/><F108/><W9/><G123/><T12/><D71/><U96/><E109/><V104/><F104/><W45/><G126/><T68/><D68/><U102/><E72/><V111/><F111/><W81/><G129/><T38/><D79/><U44/><E63/><N who="2" m="38007" /><F4/><W86/><G116/><T33/><D120/><U0/><E0/><V34/><F34/><W112/><G112/><T52/><D33/><U36/><REACH who="1" step="1"/><E22/><REACH who="1" ten="345,240,155,250" step="2"/><V70/><F127/><W50/><G2/><T14/><D125/><U110/><E110/><V100/><F100/><W78/><G103/><T24/><D20/><U90/><E90/><V98/><F98/><AGARI ba="0,1" hai="3,7,10,17,19,36,41,44,91,92,93,96,98,102" machi="98" ten="30,11600,0" yaku="1,1,7,1,52,1,53,1" doraHai="84" doraHaiUra="97" who="1" fromWho="2" sc="345,0,240,126,155,-116,250,0" /><INIT seed="1,1,0,4,0,126" ten="345,366,39,250" oya="1" hai0="109,132,66,70,108,128,32,111,100,88,34,23,95" hai1="25,85,57,107,3,64,26,83,96,28,82,40,45" hai2="102,20,116,51,62,43,103,91,131,125,48,15,30" hai3="114,10,134,67,130,121,0,14,71,93,135,58,29"/><U24/><E3/><V129/><F116/><W80/><G114/><T73/><D73/><U56/><E28/><V16/><F125/><W123/><G71/><T89/><D132/><N who="3" m="50729" /><G0/><T120/><D120/><U72/><E72/><V46/><F30/><W50/><G29/><T44/><D44/><U47/><E107/><V118/><F118/><W86/><G93/><T87/><D23/><U81/><E96/><V38/><F62/><N who="3" m="38359" /><G50/><T11/><D11/><U27/><E85/><V12/><F12/><W13/><G130/><N who="2" m="49673" /><F91/><N who="3" m="51655" /><G14/><T122/><D128/><U98/><E27/><V106/><F106/><W94/><G94/><N who="0" m="54559" /><D100/><AGARI ba="1,0" hai="15,16,20,38,43,46,48,51,100,102,103" m="49673" machi="100" ten="30,8000,1" yaku="19,1,52,3,54,1" doraHai="126" who="2" fromWho="0" sc="345,-83,366,0,39,83,250,0" /><INIT seed="2,0,0,2,0,45" ten="262,366,122,250" oya="2" hai0="67,38,71,31,127,99,111,83,7,70,11,6,56" hai1="12,88,40,114,64,21,53,79,113,78,16,124,49" hai2="47,91,106,1,133,69,135,110,60,117,55,48,103" hai3="98,101,112,130,122,32,3,75,128,125,51,123,39"/><V41/><F1/><W24/><G3/><T33/><D111/><U81/><E124/><V85/><F117/><W89/><G39/><T80/><D38/><U34/><E34/><V108/><F103/><W57/><G89/><T66/><D33/><U5/><E40/><V17/><F106/><W36/><G36/><T92/><D31/><U116/><E116/><V62/><F17/><W104/><G75/><T118/><D118/><U90/><E64/><N who="2" m="41095" /><F62/><W23/><G32/><T97/><D56/><N who="1" m="32815" /><E114/><V68/><F68/><W87/><G87/><T8/><REACH who="0" step="1"/><D92/><REACH who="0" ten="252,366,122,250" step="2"/><U72/><E113/><V37/><F37/><W105/><G112/><T94/><D94/><U46/><E46/><V96/><F96/><W13/><G105/><T84/><D84/><N who="1" m="50191" /><E72/><V131/><F131/><W76/><G130/><T14/><D14/><N who="1" m="9367" /><E90/><V50/><F91/><W4/><G128/><T9/><D9/><AGARI ba="0,1" hai="5,9,12,78,79" m="9367,50191,32815" machi="9" ten="30,7700,0" yaku="8,1,52,1,54,2" doraHai="45" who="1" fromWho="0" sc="252,-77,366,87,122,0,250,0" /><INIT seed="3,0,0,0,1,43" ten="175,453,122,250" oya="3" hai0="17,88,71,129,74,45,116,112,65,56,111,7,8" hai1="2,27,133,40,0,48,122,126,61,15,62,30,83" hai2="91,76,54,37,99,124,50,97,6,128,51,72,105" hai3="16,79,85,69,34,46,86,121,100,114,41,47,53"/><W95/><G114/><T60/><D112/><U23/><E122/><V58/><F37/><W36/><G121/><T96/><D116/><U4/><E126/><V130/><F124/><W11/><G69/><T22/><D74/><U13/><E133/><V63/><F6/><W28/><G28/><T115/><D111/><U24/><E83/><V18/><F76/><W70/><G70/><T57/><D129/><N who="2" m="49770" /><F72/><W94/><G34/><T9/><D115/><U39/><E39/><V98/><F105/><W120/><G120/><T77/><D77/><U104/><E48/><N who="2" m="18475" /><F18/><W106/><G106/><T119/><D119/><U26/><E26/><V107/><F107/><W29/><G36/><T12/><D71/><U80/><E27/><V117/><F117/><W49/><G41/><T89/><D57/><U101/><E40/><V5/><F5/><W55/><G29/><T10/><D45/><N who="3" m="16905" /><G49/><T109/><D109/><U78/><E30/><V131/><F131/><W92/><G100/><T73/><D73/><U44/><E101/><V90/><AGARI ba="0,0" hai="54,58,63,90,91,97,98,99" m="18475,49770" machi="90" ten="40,1500,0" yaku="19,1" doraHai="43" who="2" fromWho="2" sc="175,-4,453,-4,122,15,250,-7" /><INIT seed="4,0,0,3,0,45" ten="171,449,137,243" oya="0" hai0="17,119,68,69,46,106,3,127,40,5,94,95,48" hai1="22,50,25,10,28,39,56,101,66,33,59,118,34" hai2="47,126,131,27,123,32,111,89,78,6,121,64,30" hai3="100,76,102,83,42,43,88,61,60,74,105,97,87"/><T7/><D106/><U99/><E39/><V4/><F78/><W65/><G102/><T8/><D119/><U41/><E118/><V11/><F64/><W67/><G67/><T44/><D127/><U98/><E10/><V132/><F111/><W9/><G9/><T125/><D125/><U134/><E134/><V55/><F126/><W92/><G61/><T116/><D116/><U2/><E2/><V120/><F131/><W62/><G62/><T103/><D7/><U108/><E108/><V81/><F132/><W24/><G24/><T1/><D17/><U84/><E84/><V71/><F71/><AGARI ba="0,0" hai="42,43,60,65,71,74,76,83,87,88,92,97,100,105" machi="71" ten="30,7700,0" yaku="7,1,24,2,54,1" doraHai="45" who="3" fromWho="2" sc="171,0,449,0,137,-77,243,77" /><INIT seed="5,0,0,3,5,112" ten="171,449,60,320" oya="1" hai0="35,70,118,94,88,119,120,132,58,0,66,83,84" hai1="78,14,123,85,102,2,7,135,92,76,97,124,57" hai2="15,117,115,31,55,5,64,80,36,17,23,98,127" hai3="62,114,89,56,77,86,43,63,125,38,93,20,32"/><U24/><E123/><V28/><F36/><W52/><G32/><T10/><D35/><U134/><E2/><V65/><F115/><W109/><G114/><T69/><D120/><U75/><E24/><V96/><F127/><W25/><G125/><T19/><D132/><U59/><E124/><V73/><F5/><W1/><G1/><T81/><D69/><U68/><E68/><V107/><F55/><W45/><G109/><T54/><D81/><U30/><E30/><V74/><F80/><W33/><G33/><T49/><D19/><U4/><E75/><V51/><F51/><W110/><G110/><T42/><D42/><U126/><E126/><V121/><F121/><W133/><G133/><T40/><D40/><U87/><E92/><V67/><F107/><W113/><G113/><T3/><D3/><U60/><E97/><V34/><F34/><W9/><G9/><T8/><D8/><U29/><E29/><V95/><F98/><W71/><G77/><T104/><D104/><U129/><E78/><V22/><F31/><W91/><G91/><T100/><D100/><U41/><E76/><V105/><F105/><W90/><G90/><T12/><D12/><U116/><E14/><V21/><F28/><N who="3" m="17447" /><G71/><T26/><D26/><U16/><E102/><V101/><REACH who="2" step="1"/><F117/><REACH who="2" ten="171,449,50,320" step="2"/><W13/><G63/><N who="0" m="40287" /><D83/><U72/><E134/><V108/><F108/><W82/><G82/><T6/><D119/><U79/><E116/><V131/><F131/><W37/><G37/><T130/><D118/><U44/><E135/><V61/><F61/><W53/><G53/><T128/><AGARI ba="0,1" hai="0,6,10,49,54,58,84,88,94,128,130" m="40287" machi="128" ten="30,2000,0" yaku="5,1,54,1" doraHai="112" who="0" fromWho="0" sc="171,30,449,-10,50,-5,320,-5" /><INIT seed="6,0,0,1,0,89" ten="201,439,45,315" oya="2" hai0="10,35,31,115,24,102,29,87,132,45,77,43,12" hai1="80,107,95,8,64,9,86,84,123,16,116,52,126" hai2="134,130,110,0,122,72,60,36,1,111,38,109,50" hai3="114,75,63,37,22,65,59,94,11,47,5,131,112"/><V76/><F122/><W128/><G22/><T48/><D115/><N who="3" m="44073" /><G75/><T118/><D132/><U28/><E107/><V4/><F134/><W104/><G104/><T74/><D118/><U2/><E116/><V44/><F130/><N who="3" m="49707" /><G94/><T135/><D135/><U49/><E8/><N who="2" m="2055" /><F1/><N who="3" m="431" /><G47/><T100/><D74/><U54/><E95/><V57/><F76/><W26/><G26/><T19/><D31/><U6/><E9/><V46/><F72/><W66/><G37/><N who="2" m="14441" /><F50/><W18/><G18/><T73/><D73/><U3/><E49/><V121/><F121/><W32/><G32/><T51/><D51/><U15/><E16/><V33/><F33/><W98/><G98/><T30/><D30/><U7/><E28/><V85/><F85/><W39/><G39/><T96/><D96/><U13/><E86/><V67/><AGARI ba="0,0" hai="44,46,57,60,67,109,110,111" m="14441,2055" machi="67" ten="40,2100,0" yaku="10,1" doraHai="89" who="2" fromWho="2" sc="201,-7,439,-7,45,21,315,-7" /><INIT seed="6,1,0,1,2,101" ten="194,432,66,308" oya="2" hai0="47,86,73,7,116,126,46,36,28,44,59,102,89" hai1="77,62,92,104,81,68,13,6,8,96,16,98,21" hai2="120,106,22,23,33,49,72,127,118,12,110,82,109" hai3="10,108,66,99,87,134,11,79,39,17,20,5,93"/><V69/><F33/><W27/><G108/><N who="2" m="41577" /><F120/><W119/><G39/><T9/><D73/><U31/><E104/><V107/><F118/><W88/><G119/><T38/><D116/><U55/><E31/><V121/><F121/><W30/><G134/><T117/><D117/><U37/><E37/><V70/><F127/><W94/><G66/><T131/><D126/><U65/><E55/><V132/><F132/><W122/><G122/><T26/><D131/><U78/><E92/><V15/><F49/><W100/><G79/><T57/><D102/><U80/><E78/><N who="2" m="44359" /><F15/><W130/><G130/><T54/><D54/><U95/><E95/><V1/><F1/><W61/><G61/><T56/><D38/><U84/><E81/><V3/><F3/><AGARI ba="1,0" hai="3,6,8,13,16,21,62,65,68,77,80,84,96,98" machi="3" ten="30,2000,0" yaku="7,1,54,1" doraHai="101" who="1" fromWho="2" sc="194,0,432,23,66,-23,308,0" /><INIT seed="7,0,0,2,2,109" ten="194,455,43,308" oya="3" hai0="15,72,128,51,64,18,112,90,19,10,35,110,119" hai1="126,106,43,20,131,98,115,42,49,4,122,135,63" hai2="61,48,78,47,127,95,118,85,117,66,1,74,84" hai3="58,17,89,0,86,32,91,23,54,7,99,53,11"/><W8/><G32/><T50/><D72/><U93/><E122/><V75/><F1/><W130/><G130/><T73/><D73/><U114/><E106/><V96/><F127/><W76/><G11/><T121/><D64/><U129/><E126/><V80/><F61/><W87/><G76/><T103/><D103/><U102/><E135/><V22/><F66/><W100/><G87/><T28/><D90/><U116/><E116/><V69/><F69/><W111/><G111/><T24/><D110/><U113/><E4/><V101/><F22/><W59/><G59/><T14/><D119/><U56/><E20/><V31/><F31/><W71/><G71/><T52/><D121/><U65/><E49/><V36/><F36/><W5/><G5/><T34/><D50/><U83/><E83/><V125/><F125/><W120/><G120/><T123/><D128/><AGARI ba="0,0" hai="42,43,56,63,65,93,98,102,113,114,115,128,129,131" machi="128" ten="50,8000,1" yaku="15,1,19,1,52,3" doraHai="109" who="1" fromWho="0" sc="194,-80,455,80,43,0,308,0" owari="114,-29.0,535,64.0,43,-46.0,308,11.0" /></mjloggm>