<mjloggm ver="2.3"><GO type="97" lobby="0"/><UN n0="%E5%B0%B1%E6%B4%BB%E7%94%9F%40%E5%B7%9D%E6%9D%91%E8%BB%8D%E5%9B%A3" n1="%69%64%70%61%70%61%70%61" n2="%E7%A7%98%E6%9B%B8%E4%BF%82" n3="%73%75%6B%65%7A%6F" dan="15,14,14,13" rate="1947.99,1930.92,1885.99,1916.32" sx="M,M,M,M"/><TAIKYOKU oya="0"/><INIT seed="0,0,0,5,1,62" ten="250,250,250,250" oya="0" hai0="103,77,96,100,85,15,78,101,72,1,43,2,41" hai1="38,130,108,105,68,5,42,109,98,84,26,111,44" hai2="33,10,56,118,135,63,126,94,125,67,16,89,34" hai3="113,127,37,66,32,116,97,88,86,92,107,19,122"/><T128/><D72/><U0/><E84/><V61/><F118/><W8/><G37/><T28/><D128/><U20/><E130/><V132/><F63/><W11/><G32/><T39/><D39/><U75/><E75/><V129/><F129/><W133/><G122/><T110/><D110/><U6/><E0/><V13/><F34/><W82/><G116/><T35/><D35/><U115/><E115/><V48/><F33/><W80/><G113/><T9/><D28/><N who="1" m="17479" /><E68/><V14/><F48/><W95/><G107/><T60/><D60/><U29/><E29/><V120/><F14/><N who="3" m="7623" /><G133/><N who="2" m="51273" /><F120/><W74/><G74/><T99/><D2/><U87/><E87/><AGARI ba="0,0" hai="10,13,16,56,61,67,87,89,94,125,126" m="51273" machi="87" ten="30,3900,0" yaku="20,1,52,1,54,1" doraHai="62" who="2" fromWho="1" sc="250,0,250,-39,250,39,250,0" /><INIT seed="1,0,0,1,1,20" ten="250,211,289,250" oya="1" hai0="86,70,33,82,28,77,113,39,31,74,103,75,98" hai1="76,64,94,24,38,115,88,100,133,111,7,43,22" hai2="78,93,60,130,124,53,96,87,42,45,57,106,23" hai3="16,27,92,56,35,8,37,83,61,65,18,52,126"/><U91/><E115/><V68/><F106/><W2/><G37/><T97/><D39/><U69/><E76/><V131/><F68/><W73/><G126/><T15/><D70/><U71/><E7/><V21/><F87/><W99/><G73/><T90/><D113/><U125/><E125/><V122/><F124/><W104/><G83/><T0/><D0/><U118/><E118/><V3/><F3/><W17/><G104/><T132/><D132/><U36/><E133/><V59/><F78/><W112/><G112/><T5/><D33/><U14/><E14/><V89/><F59/><W40/><G40/><T123/><D123/><U114/><E114/><V95/><F122/><W29/><G65/><T1/><D1/><U110/><E100/><V127/><F95/><W85/><G85/><T58/><D58/><U80/><E80/><V63/><F63/><W128/><G128/><N who="2" m="49193" /><F127/><W121/><G121/><T84/><D74/><U79/><E79/><V25/><F25/><W19/><G19/><T109/><D109/><N who="1" m="41483" /><E69/><V10/><F10/><W51/><G51/><AGARI ba="0,0" hai="21,23,42,45,51,53,57,60,89,93,96" m="49193" machi="51" ten="30,1000,0" yaku="19,1" doraHai="20" who="2" fromWho="3" sc="250,0,211,0,289,10,250,-10" /><INIT seed="2,0,0,0,5,10" ten="250,211,299,240" oya="2" hai0="20,0,34,130,110,53,75,18,135,26,63,97,12" hai1="118,31,65,14,50,4,129,22,79,82,115,15,5" hai2="67,7,36,125,16,39,40,102,126,106,28,38,52" hai3="21,111,59,61,94,78,127,100,88,70,134,60,133"/><V114/><F7/><N who="1" m="2633" /><E118/><V84/><F67/><W90/><G127/><N who="2" m="48649" /><F28/><W46/><G78/><T51/><D75/><U49/><E115/><V87/><F114/><W117/><G117/><T25/><D0/><U24/><E129/><V47/><F106/><W35/><G35/><T9/><D130/><U103/><E103/><V76/><F102/><W80/><G100/><T17/><D135/><U131/><E131/><V19/><F76/><W89/><G70/><T101/><D110/><U85/><E65/><V77/><F77/><W109/><G80/><T55/><D63/><N who="3" m="24137" /><G59/><T8/><D51/><AGARI ba="0,0" hai="14,15,22,24,31,49,50,51,79,82,85" m="2633" machi="51" ten="30,3900,0" yaku="8,1,52,2" doraHai="10" who="1" fromWho="0" sc="250,-39,211,39,299,0,240,0" /><INIT seed="3,0,0,0,2,107" ten="211,250,299,240" oya="3" hai0="97,50,20,68,130,69,78,4,117,53,76,108,104" hai1="5,3,62,124,25,105,83,10,109,28,8,60,43" hai2="72,36,46,71,89,99,17,51,126,34,111,16,64" hai3="133,40,27,67,77,112,74,38,31,13,86,1,79"/><W59/><G1/><T81/><D117/><U63/><E105/><V45/><F72/><W30/><G112/><T122/><D108/><U56/><E109/><V0/><F34/><W6/><G133/><T61/><D122/><U121/><E121/><V82/><F0/><W135/><G135/><T47/><D130/><U84/><E124/><V131/><F36/><W118/><G118/><T94/><D104/><U54/><E10/><V23/><F111/><W96/><G96/><T95/><D4/><U103/><E43/><V75/><F75/><W102/><G102/><T80/><D20/><U7/><E7/><V110/><F131/><W127/><G127/><T29/><D29/><U65/><E103/><V132/><F126/><W35/><G31/><T115/><D115/><U33/><REACH who="1" step="1"/><E65/><REACH who="1" ten="211,240,299,240" step="2"/><V55/><F132/><W134/><G134/><T24/><D24/><U101/><E101/><V70/><F110/><W57/><G67/><T21/><D21/><U19/><E19/><V114/><F17/><W120/><G40/><T73/><D61/><U123/><E123/><V14/><F114/><W52/><G6/><T26/><D26/><U11/><E11/><V116/><F116/><W12/><G120/><T2/><D2/><U92/><E92/><N who="2" m="56719" /><F64/><W113/><G27/><T87/><REACH who="0" step="1"/><D95/><REACH who="0" ten="201,240,299,240" step="2"/><U90/><AGARI ba="0,2" hai="3,5,8,25,28,33,54,56,60,62,63,83,84,90" machi="90" ten="20,5200,0" yaku="1,1,0,1,7,1,53,1" doraHai="107" doraHaiUra="49" who="1" fromWho="1" sc="201,-13,240,72,299,-13,240,-26" owari="188,-31.0,312,41.0,286,9.0,214,-19.0" /></mjloggm>