<mjloggm ver="2.3"><GO type="193" lobby="0"/><UN n0="%E2%98%86%E3%82%B1%E3%83%AD%E3%83%AD%E8%BB%8D%E6%9B%B9%E2%98%86" n1="%E3%83%88%E3%83%88%E3%83%AA%E5%85%88%E7%94%9F%31%39%E6%AD%B3" n2="%4B%6F%74%61%72%6F%34%31" n3="%4D%69%6E%6F%4D%69%6E%6F" dan="11,11,12,12" rate="1637.11,1797.35,1746.61,1753.20" sx="M,F,M,F"/><TAIKYOKU oya="0"/><INIT seed="0,0,0,3,5,101" ten="250,250,250,250" oya="0" hai0="128,55,88,80,97,49,43,32,72,75,50,60,116" hai1="39,27,45,22,77,103,87,29,86,78,82,23,93" hai2="33,6,98,4,62,65,110,129,14,127,8,31,119" hai3="112,58,44,94,76,9,124,95,131,135,0,42,73"/><T104/><D32/><U122/><E122/><V35/><F119/><W121/><G112/><T37/><D116/><U1/><E1/><V13/><F98/><W54/><G121/><T79/><D128/><U69/><E69/><V3/><F65/><W66/><G66/><T20/><D60/><U19/><E39/><V10/><F62/><W106/><G131/><T81/><D55/><U132/><E132/><V16/><F129/><W36/><G135/><T30/><D37/><U26/><E45/><V114/><F114/><W113/><G113/><T85/><D43/><U111/><E111/><V125/><F110/><W17/><G124/><N who="2" m="47689" /><F31/><W12/><G106/><T38/><D38/><U92/><REACH who="1" step="1"/><E103/><REACH who="1" ten="250,240,250,250" step="2"/><V21/><AGARI ba="0,1" hai="3,4,6,8,10,13,14,16,21,33,35" m="47689" machi="21" ten="30,7900,0" yaku="18,1,34,2,54,1" doraHai="101" who="2" fromWho="2" sc="250,-39,240,-20,250,89,250,-20" /><INIT seed="1,0,0,3,5,99" ten="211,220,339,230" oya="1" hai0="129,60,51,69,46,56,37,40,14,8,24,121,92" hai1="68,75,26,65,32,127,128,19,108,85,31,109,83" hai2="134,15,98,84,13,100,45,48,44,33,110,39,42" hai3="55,23,72,125,7,54,87,73,35,18,11,114,107"/><U79/><E128/><V133/><F33/><W36/><G114/><T58/><D129/><U70/><E127/><V47/><F110/><N who="1" m="42601" /><E65/><V43/><F84/><W3/><G125/><T117/><D121/><U93/><E19/><V4/><F45/><W95/><G36/><T112/><D112/><U16/><E16/><V22/><F22/><W135/><G107/><T61/><D92/><U102/><E85/><V115/><F115/><W120/><G120/><T25/><D117/><U89/><E89/><V118/><F118/><W103/><G135/><N who="2" m="51721" /><F4/><W0/><G0/><T88/><D69/><U71/><E93/><AGARI ba="0,0" hai="13,15,39,42,43,44,47,48,93,98,100" m="51721" machi="93" ten="30,2000,0" yaku="20,1,52,1" doraHai="99" who="2" fromWho="1" sc="211,0,220,-20,339,20,230,0" /><INIT seed="2,0,0,3,1,116" ten="211,200,359,230" oya="2" hai0="5,117,109,6,114,26,17,12,63,108,74,82,50" hai1="101,67,65,78,123,64,0,16,18,70,94,37,107" hai2="44,111,132,35,93,36,72,45,83,10,76,92,2" hai3="15,97,46,120,134,32,75,124,130,110,129,53,3"/><V43/><F132/><W29/><G3/><T58/><D114/><U40/><E0/><V61/><F111/><N who="0" m="42570" /><D117/><U62/><E107/><V128/><F128/><N who="3" m="49259" /><G110/><T42/><D74/><U103/><E123/><V33/><F45/><W68/><G75/><T25/><D82/><U115/><E115/><V22/><F22/><W54/><G68/><T71/><D71/><U21/><E78/><V66/><F92/><W133/><G120/><T81/><D81/><U113/><E113/><V55/><F55/><W9/><G97/><T34/><D42/><U59/><E70/><N who="2" m="42319" /><F93/><W24/><G46/><T89/><D50/><U69/><E69/><V131/><F131/><W48/><G48/><T41/><D89/><U77/><E77/><V87/><F87/><W11/><G54/><N who="0" m="34263" /><D41/><U1/><E40/><V118/><F118/><W126/><G53/><T20/><D34/><U39/><E1/><V119/><F119/><W99/><G99/><T79/><D79/><U30/><E94/><V38/><F38/><W122/><G122/><T125/><D125/><N who="3" m="48233" /><G15/><T47/><D47/><U100/><E39/><V13/><F13/><W19/><G19/><N who="1" m="7210" /><E37/><V85/><F85/><W56/><G56/><T121/><D121/><U80/><E80/><V28/><F28/><W88/><G88/><T73/><D73/><U102/><N who="1" m="25600" /><DORA hai="52" /><U90/><E90/><V96/><F96/><W112/><G112/><T57/><D6/><AGARI ba="0,0" hai="2,6,10,33,35,36,43,44,72,76,83" m="42319" machi="6" ten="30,5800,0" yaku="25,1,33,2" doraHai="116,52" who="2" fromWho="0" sc="211,-58,200,0,359,58,230,0" /><INIT seed="2,1,0,3,4,96" ten="153,200,417,230" oya="2" hai0="133,13,19,65,125,58,48,114,115,121,25,45,4" hai1="31,39,5,94,37,8,2,1,33,7,43,116,76" hai2="81,92,72,44,56,117,108,62,57,34,26,53,103" hai3="105,32,134,128,86,79,64,51,68,90,61,36,77"/><V111/><F117/><W18/><G36/><T52/><D121/><U87/><E116/><V118/><F118/><W110/><G105/><T120/><D120/><U67/><E43/><V70/><F70/><W126/><G32/><T124/><D4/><U101/><E67/><V102/><F92/><W97/><G110/><N who="2" m="42025" /><F44/><W99/><G128/><T50/><D13/><U66/><E66/><V119/><F119/><W104/><G134/><T3/><D25/><U107/><E76/><N who="2" m="44167" /><F56/><W40/><G126/><N who="0" m="48747" /><D19/><U130/><E87/><V15/><F15/><W60/><G60/><N who="0" m="38039" /><D3/><U98/><E94/><V127/><F127/><W122/><G122/><T73/><D73/><U88/><E130/><V28/><AGARI ba="1,0" hai="26,28,34,53,57,62,102,103" m="44167,42025" machi="28" ten="30,11700,0" yaku="14,1,10,1,52,2" doraHai="96" who="2" fromWho="2" sc="153,-40,200,-40,417,120,230,-40" /><INIT seed="2,2,0,3,5,81" ten="113,160,537,190" oya="2" hai0="82,9,28,120,17,121,58,119,84,80,2,111,83" hai1="86,133,109,66,67,41,48,35,103,132,65,112,85" hai2="45,32,102,8,54,135,74,40,88,11,131,18,77" hai3="114,61,3,91,24,22,90,64,15,68,50,79,76"/><V118/><F118/><W95/><G3/><T75/><D28/><U87/><E112/><V101/><F32/><W19/><G114/><T4/><D75/><U42/><E35/><V13/><F135/><N who="1" m="51785" /><E109/><V21/><F131/><W130/><G130/><T78/><D111/><U110/><E110/><V30/><F54/><W129/><G129/><T71/><D119/><U128/><E128/><V53/><F53/><W134/><G134/><T127/><D71/><U5/><E5/><V89/><F77/><W16/><G50/><T108/><D108/><U6/><E6/><V36/><F74/><W59/><G68/><T126/><D58/><U52/><E103/><V115/><F115/><W99/><G91/><T97/><D97/><U98/><E98/><V29/><F11/><AGARI ba="2,0" hai="11,15,16,19,22,24,59,61,64,76,79,90,95,99" machi="11" ten="30,3900,0" yaku="7,1,8,1,54,1" doraHai="81" who="3" fromWho="2" sc="113,0,160,0,537,-45,190,45" /><INIT seed="3,0,0,1,2,66" ten="113,160,492,235" oya="3" hai0="65,33,84,72,37,106,57,107,126,56,18,78,87" hai1="69,44,96,3,131,97,47,29,89,54,67,119,31" hai2="4,91,82,48,93,59,115,11,43,108,77,132,111" hai3="53,83,103,28,99,41,118,12,109,130,124,113,127"/><W8/><G118/><T120/><D126/><N who="3" m="48169" /><G113/><T64/><D33/><U133/><E3/><V116/><F116/><W1/><G1/><T0/><D78/><U123/><E119/><V19/><F115/><W110/><G130/><T55/><D120/><U125/><E123/><V58/><F132/><W68/><G28/><T63/><D72/><U49/><E125/><V74/><F19/><N who="3" m="8583" /><G41/><T51/><D0/><U117/><E117/><V32/><F32/><W16/><G83/><T17/><D37/><U86/><E131/><V35/><F35/><W42/><G42/><T90/><D51/><U134/><E31/><V62/><F48/><W6/><G6/><T128/><D128/><U60/><E29/><V80/><F80/><W76/><G76/><T23/><D63/><U88/><E44/><V129/><F43/><W14/><G53/><T34/><D34/><U38/><E38/><V30/><F30/><W15/><G68/><T2/><D2/><U9/><E9/><V24/><F24/><W75/><G75/><T50/><D50/><U73/><E73/><V85/><F129/><W81/><G81/><T26/><D23/><U98/><REACH who="1" step="1"/><E86/><REACH who="1" ten="113,150,492,235" step="2"/><V95/><F4/><W5/><G5/><T135/><D135/><AGARI ba="0,1" hai="47,49,54,60,67,69,88,89,96,97,98,133,134,135" machi="135" ten="40,8000,1" yaku="1,1,2,1,20,1,52,1,54,1,53,0" doraHai="66" doraHaiUra="25" who="1" fromWho="0" sc="113,-80,150,90,492,0,235,0" owari="33,-47.0,240,4.0,492,59.0,235,-16.0" /></mjloggm>