<mjloggm ver="2.3"><GO type="41" lobby="0"/><UN n0="%E5%A4%89%E5%89%87%E7%9A%84%E3%81%AA%E5%8B%95%E3%81%8D" n1="%74%61%70%65%74%61" n2="%E5%8F%B3%E5%8F%B3" n3="%E5%B0%B1%E6%B4%BB%E7%94%9F%40%E5%B7%9D%E6%9D%91%E8%BB%8D%E5%9B%A3" dan="15,15,15,14" rate="2009.24,1944.42,1937.84,1973.02" sx="M,M,M,M"/><TAIKYOKU oya="0"/><INIT seed="0,0,0,5,0,62" ten="250,250,250,250" oya="0" hai0="66,72,10,57,5,24,65,96,53,81,0,13,101" hai1="117,122,79,34,70,35,12,33,75,103,2,121,30" hai2="94,23,133,1,41,135,28,38,36,8,127,25,39" hai3="71,132,109,118,115,82,74,105,78,11,110,48,19"/><T49/><D72/><U90/><E70/><V55/><F41/><W76/><G48/><T69/><D69/><U129/><E103/><V54/><F127/><W87/><G19/><T114/><D114/><U124/><E90/><V100/><F100/><W83/><G11/><T37/><D37/><U134/><E79/><V108/><F108/><N who="3" m="41579" /><G71/><T95/><D81/><U51/><E75/><V18/><F94/><W27/><G27/><T44/><D24/><U73/><E73/><V43/><F43/><W22/><G22/><T126/><D126/><U128/><E51/><V93/><F93/><W56/><G56/><T98/><D98/><U15/><E124/><V104/><F104/><W116/><G115/><T26/><D26/><U50/><E50/><V40/><F40/><W107/><G132/><N who="2" m="50761" /><F1/><W4/><G4/><T16/><REACH who="0" step="1"/><D44/><REACH who="0" ten="240,250,250,250" step="2"/><U131/><E134/><V46/><F46/><W60/><G118/><T106/><D106/><U77/><E117/><V6/><F28/><W20/><G116/><T9/><AGARI ba="0,1" hai="0,5,9,10,13,16,49,53,57,65,66,95,96,101" machi="9" ten="20,18000,2" yaku="1,1,0,1,7,1,52,2,54,1,53,0" doraHai="62" doraHaiUra="68" who="0" fromWho="0" sc="240,190,250,-60,250,-60,250,-60" /><INIT seed="0,1,0,0,1,6" ten="430,190,190,190" oya="0" hai0="35,81,45,5,120,12,105,30,117,7,24,4,13" hai1="54,22,113,134,118,84,25,121,109,20,32,50,112" hai2="111,8,28,87,37,77,85,97,64,43,26,76,15" hai3="93,49,60,17,0,123,63,72,71,66,110,53,39"/><T33/><D105/><U96/><E118/><V10/><F64/><W129/><G72/><T83/><D117/><U48/><E121/><V18/><F37/><W90/><G123/><T126/><D120/><U3/><E3/><V115/><F115/><N who="1" m="44105" /><E109/><V16/><F43/><W103/><G110/><T107/><D107/><U21/><E134/><V70/><F70/><W130/><G103/><T131/><D45/><N who="1" m="27919" /><E96/><V82/><F97/><W99/><G39/><T101/><D101/><U34/><E84/><V80/><F111/><W69/><G0/><T128/><D83/><U119/><E119/><V27/><F28/><W94/><G94/><T79/><D35/><N who="1" m="13355" /><E50/><V46/><F46/><W98/><G98/><T14/><REACH who="0" step="1"/><D126/><REACH who="0" ten="420,190,190,190" step="2"/><U127/><E127/><V74/><F74/><AGARI ba="1,1" hai="4,5,7,12,13,14,24,30,33,74,79,81,128,131" machi="74" ten="40,3900,0" yaku="1,1,2,1,53,0" doraHai="6" doraHaiUra="41" who="0" fromWho="2" sc="420,52,190,0,190,-42,190,0" /><INIT seed="0,2,0,4,3,29" ten="472,190,148,190" oya="0" hai0="40,113,18,49,102,22,87,103,46,86,76,25,16" hai1="34,97,104,126,8,71,99,111,31,9,15,47,115" hai2="82,12,36,32,132,123,117,60,96,10,23,48,53" hai3="5,75,69,52,129,72,42,95,21,88,65,79,1"/><T130/><D113/><U116/><E116/><V120/><F36/><W131/><G42/><T0/><D0/><U26/><E115/><V43/><F117/><W66/><G1/><T2/><D2/><U133/><E71/><V57/><F32/><W114/><G114/><T20/><D130/><N who="3" m="49673" /><G5/><T35/><D35/><U94/><E133/><V7/><F132/><W28/><G28/><T30/><D30/><U127/><E126/><V59/><F43/><W62/><G21/><T67/><D67/><U73/><E73/><V61/><F48/><W134/><G134/><T98/><D76/><U92/><E127/><V14/><F14/><W119/><G119/><T101/><REACH who="0" step="1"/><D98/><REACH who="0" ten="462,190,148,190" step="2"/><U89/><E99/><V106/><F96/><N who="3" m="57447" /><G79/><T24/><AGARI ba="2,1" hai="16,18,20,22,24,25,40,46,49,86,87,101,102,103" machi="24" ten="30,12000,1" yaku="1,1,0,1,9,1,8,1,54,1,53,0" doraHai="29" doraHaiUra="93" who="0" fromWho="0" sc="462,136,190,-42,148,-42,190,-42" /><INIT seed="0,3,0,5,3,85" ten="598,148,106,148" oya="0" hai0="3,97,113,118,14,111,96,100,53,132,106,126,19" hai1="83,117,23,25,32,24,129,79,39,11,76,130,127" hai2="21,107,75,87,54,109,6,84,36,60,122,86,45" hai3="70,77,120,68,43,103,62,4,71,34,55,91,81"/><T10/><D113/><U64/><E117/><V29/><F75/><W121/><G34/><T30/><D118/><U101/><E39/><V108/><F107/><W133/><G103/><T93/><D126/><U31/><E127/><V26/><F122/><N who="3" m="47211" /><G43/><T20/><D132/><U119/><E119/><V69/><F6/><W13/><G133/><T16/><D111/><U40/><E40/><V82/><F36/><W47/><G77/><T131/><D131/><N who="1" m="50187" /><E11/><V115/><F115/><W18/><G4/><T12/><D30/><N who="1" m="19527" /><E101/><V50/><F60/><W88/><G81/><T27/><D53/><U48/><E64/><V72/><F72/><W61/><G47/><T128/><D128/><U102/><E102/><V46/><F46/><W9/><G61/><T37/><D37/><U56/><E83/><V42/><F69/><W65/><G55/><AGARI ba="3,0" hai="23,25,31,48,55,56,76,79" m="19527,50187" machi="55" ten="30,1000,0" yaku="19,1" doraHai="85" who="1" fromWho="3" sc="598,0,148,19,106,0,148,-19" /><INIT seed="1,0,0,2,4,132" ten="598,167,106,129" oya="1" hai0="106,119,54,72,92,82,113,76,89,53,116,21,111" hai1="56,97,41,52,88,121,130,14,33,87,134,105,57" hai2="84,62,9,100,75,35,22,126,48,91,23,40,0" hai3="118,26,85,32,25,68,39,31,94,122,16,63,101"/><U129/><E121/><V73/><F35/><W19/><G39/><T70/><D70/><U125/><E33/><V15/><F0/><W78/><G122/><T93/><D113/><U80/><E134/><V104/><F100/><W30/><G118/><T61/><D106/><U128/><E41/><V44/><F104/><W20/><G78/><T5/><D5/><U51/><E125/><V99/><F126/><W27/><G27/><T66/><D93/><U67/><E14/><V64/><F99/><W115/><G115/><T59/><D21/><U69/><E69/><V29/><F29/><W103/><G103/><T83/><D83/><U17/><E17/><V43/><F43/><W110/><G110/><T4/><D111/><U108/><E108/><V45/><F45/><W11/><G11/><T38/><D38/><U135/><E135/><V117/><F75/><W2/><G2/><T60/><D4/><U10/><E10/><V102/><F102/><W1/><G1/><T109/><D109/><U34/><E34/><V6/><F73/><W133/><G133/><T7/><D7/><U28/><E28/><V36/><F117/><W131/><G131/><T47/><D116/><U124/><E124/><V127/><F36/><W42/><G42/><T90/><D119/><U12/><E12/><V46/><F46/><W74/><G74/><T49/><D72/><U58/><E67/><V8/><F8/><W77/><G101/><AGARI ba="0,0" hai="51,52,56,57,58,80,87,88,97,101,105,128,129,130" machi="101" ten="40,7700,0" yaku="19,1,54,2" doraHai="132" who="1" fromWho="3" sc="598,0,167,77,106,0,129,-77" /><INIT seed="1,1,0,1,1,69" ten="598,244,106,52" oya="1" hai0="18,123,53,64,80,102,39,82,25,62,134,86,10" hai1="30,20,19,101,114,43,100,115,128,48,44,36,51" hai2="63,129,38,75,120,50,77,126,135,85,7,8,130" hai3="92,111,37,121,41,55,52,13,132,113,33,116,88"/><U26/><E128/><V65/><F75/><W107/><G107/><T117/><D134/><U84/><E115/><V11/><F126/><W87/><G121/><T60/><D39/><U131/><E114/><V103/><F103/><W106/><G106/><T93/><D117/><U71/><E71/><V61/><F135/><W5/><G113/><T105/><D105/><U23/><E131/><N who="2" m="50187" /><F50/><W76/><G132/><T70/><D60/><U95/><E101/><V14/><F38/><W109/><G116/><T127/><D53/><U40/><E40/><V24/><F24/><W27/><G76/><T12/><D127/><U46/><E46/><V54/><F54/><W68/><G68/><T133/><D133/><U17/><E30/><V59/><F63/><W99/><G99/><T124/><D123/><U49/><E100/><V31/><F31/><W119/><G119/><T94/><D124/><U35/><E35/><V34/><F34/><W1/><G1/><T108/><D102/><U4/><E4/><V56/><F11/><N who="3" m="4335" /><G27/><T15/><D25/><U96/><E96/><V28/><F28/><W2/><G2/><T22/><D70/><U66/><E66/><V9/><F9/><W79/><G79/><T78/><D64/><U32/><E32/><V89/><F77/><W0/><G0/><T91/><D10/><U6/><E6/><V47/><F120/><W104/><G104/><T57/><D78/><U74/><E74/><V112/><F112/><W16/><G33/><T45/><D45/><U90/><E36/><V67/><F47/><N who="3" m="23983" /><G16/><T125/><D125/><U3/><E3/><RYUUKYOKU ba="1,0" sc="598,-15,244,15,106,-15,52,15" hai1="17,19,20,23,26,43,44,48,49,51,84,90,95" hai3="52,55,87,88,92,109,111" /><INIT seed="1,2,0,5,0,89" ten="583,259,91,67" oya="1" hai0="117,92,115,73,3,67,7,15,43,102,78,94,95" hai1="129,46,33,72,17,0,114,81,6,51,29,35,119" hai2="93,97,66,60,16,122,36,23,80,30,85,62,113" hai3="118,45,69,79,125,24,47,20,42,103,10,71,56"/><U128/><E119/><V98/><F36/><W88/><G118/><T41/><D3/><U13/><E114/><V111/><F111/><W99/><G125/><T65/><D115/><U74/><E6/><V58/><F113/><W54/><G79/><T100/><D73/><N who="1" m="28267" /><E81/><V57/><F30/><W123/><G10/><N who="0" m="4575" /><D78/><U44/><E0/><V59/><F122/><W61/><G123/><T34/><D34/><N who="1" m="12811" /><E29/><V64/><F58/><W52/><G54/><T37/><D37/><U1/><E1/><V48/><F48/><N who="3" m="26679" /><G103/><N who="0" m="39467" /><D117/><U96/><E96/><V112/><F112/><W31/><G47/><N who="1" m="17962" /><E51/><V49/><F49/><W11/><G11/><T108/><D108/><U106/><E106/><V134/><F80/><W28/><G71/><T21/><D21/><U127/><E127/><V38/><F38/><W22/><G69/><T131/><D41/><U105/><E105/><V116/><F116/><W26/><G99/><T8/><D43/><U120/><E120/><V135/><F135/><W84/><G84/><T91/><D8/><U124/><E124/><V19/><F134/><W132/><G132/><T104/><D104/><U53/><E53/><V126/><F126/><W39/><G39/><T5/><D5/><U110/><E110/><V2/><F2/><W82/><G82/><T86/><D65/><U121/><E121/><V87/><F23/><W83/><G83/><T12/><D67/><U4/><E4/><V27/><F27/><W63/><G63/><T107/><D107/><U18/><E13/><V40/><F40/><W50/><G61/><T101/><D12/><U25/><E25/><RYUUKYOKU ba="2,0" sc="583,-30,259,10,91,10,67,10" hai1="17,18,128,129" hai2="16,19,57,59,60,62,64,66,85,87,93,97,98" hai3="20,22,24,26,28,31,50,52,56,88" /><INIT seed="1,3,0,0,2,16" ten="553,269,101,77" oya="1" hai0="96,15,61,105,85,38,71,113,125,90,103,65,3" hai1="4,76,98,2,111,132,17,37,64,114,94,57,116" hai2="75,23,74,6,8,31,7,107,99,35,115,128,72" hai3="69,118,10,44,46,123,135,120,84,127,28,27,124"/><U121/><E116/><V36/><F36/><W45/><G69/><T24/><D3/><U134/><E114/><V26/><F128/><W49/><G118/><T117/><D38/><U129/><E121/><N who="3" m="46666" /><G10/><T87/><D113/><U78/><E37/><V109/><F115/><W100/><G100/><T30/><D125/><N who="3" m="48201" /><G135/><N who="1" m="51754" /><E129/><V101/><F109/><W12/><G12/><T83/><D15/><U11/><E111/><V13/><REACH who="2" step="1"/><F6/><REACH who="2" ten="553,269,91,77" step="2"/><W1/><G1/><T55/><D117/><U130/><E130/><V51/><F51/><W70/><G70/><T122/><D122/><U34/><E34/><AGARI ba="3,1" hai="7,8,13,23,26,31,34,35,72,74,75,99,101,107" machi="34" ten="40,2600,0" yaku="1,1,52,1,53,0" doraHai="16" doraHaiUra="39" who="2" fromWho="1" sc="553,0,269,-35,91,45,77,0" /><INIT seed="2,0,0,3,5,76" ten="553,234,136,77" oya="2" hai0="108,24,126,128,49,1,58,9,3,0,130,100,32" hai1="6,102,22,77,71,56,80,55,110,101,46,134,4" hai2="44,7,87,79,121,122,50,33,52,85,60,96,13" hai3="124,129,11,86,107,127,82,16,21,114,51,2,57"/><V99/><F33/><W17/><G107/><T48/><D100/><N who="1" m="38507" /><E71/><V18/><F7/><N who="1" m="2601" /><E110/><V72/><F72/><W105/><G105/><T88/><D108/><U63/><E134/><V111/><F111/><W10/><G2/><T39/><D39/><U115/><E115/><V135/><F135/><W47/><G57/><T117/><D126/><N who="3" m="48169" /><G129/><N who="0" m="49771" /><D9/><N who="3" m="3081" /><G114/><T12/><D12/><U67/><E22/><V64/><F79/><N who="3" m="46431" /><G21/><T94/><D58/><U74/><E74/><V30/><F122/><W106/><G106/><T14/><D14/><U73/><E73/><V89/><F121/><W84/><G84/><N who="2" m="32329" /><F89/><W113/><G113/><T70/><D70/><U5/><E5/><V91/><F91/><W119/><G119/><T42/><D117/><U15/><E15/><V133/><F133/><W27/><G27/><T92/><D24/><U53/><E77/><V78/><F78/><W116/><G116/><T90/><D32/><U61/><E61/><V45/><F45/><W75/><G75/><T93/><D3/><U65/><E80/><V38/><F38/><W23/><G23/><T120/><D0/><U125/><E125/><V43/><F60/><W97/><G97/><T62/><D1/><U95/><E95/><V104/><F104/><W26/><G26/><T69/><D120/><U28/><E28/><V103/><F30/><W36/><G36/><T31/><D31/><U59/><E46/><V37/><F37/><W8/><G8/><T54/><D93/><U83/><E83/><V118/><F118/><W25/><G25/><T131/><D94/><U66/><E63/><V19/><F99/><RYUUKYOKU ba="0,0" sc="553,-15,234,15,136,-15,77,15" hai1="53,55,56,59,65,66,67" hai3="16,17,47,51" /><INIT seed="3,1,0,0,1,116" ten="538,249,121,92" oya="3" hai0="86,37,54,53,10,61,109,22,102,79,106,84,50" hai1="91,126,121,132,63,19,41,92,4,29,88,127,107" hai2="21,46,45,40,34,59,11,113,32,65,125,72,95" hai3="123,1,30,23,17,8,3,15,36,99,93,82,51"/><W97/><G36/><T33/><D33/><U78/><E121/><V9/><F72/><W52/><G123/><T83/><D109/><U55/><E107/><V90/><F113/><W28/><G82/><T71/><D37/><U133/><E41/><V25/><F34/><W100/><G99/><T135/><D135/><N who="1" m="51787" /><E29/><V12/><F32/><W112/><G112/><T70/><D102/><U75/><E4/><V77/><F77/><W130/><G130/><T58/><D106/><U96/><E19/><V110/><F110/><W89/><G100/><T120/><D120/><U69/><E91/><V85/><F125/><N who="1" m="47625" /><E55/><V26/><F26/><W118/><G118/><T47/><D10/><U18/><E18/><N who="2" m="12471" /><F40/><W48/><G48/><T31/><D31/><U108/><E108/><V20/><F20/><W101/><G101/><T5/><D5/><U68/><E63/><N who="2" m="38143" /><F11/><W35/><G35/><T6/><D6/><AGARI ba="1,0" hai="6,9,12,45,46,85,90,95" m="38143,12471" machi="6" ten="30,1000,0" yaku="8,1" doraHai="116" who="2" fromWho="0" sc="538,-13,249,0,121,13,92,0" /><INIT seed="4,0,0,1,1,59" ten="525,249,134,92" oya="0" hai0="53,84,102,94,29,109,60,99,20,122,96,112,8" hai1="10,100,135,28,43,17,22,0,113,86,71,92,117" hai2="6,46,21,103,5,129,77,91,2,110,132,32,64" hai3="34,18,40,15,45,62,13,52,61,82,54,68,134"/><T76/><D112/><U38/><E117/><V111/><F32/><W95/><G34/><T56/><D122/><U105/><E113/><V106/><F77/><W25/><G134/><T70/><D70/><U88/><E71/><V79/><F79/><W85/><G95/><T116/><D116/><U75/><E135/><V1/><F21/><N who="3" m="13495" /><G68/><T36/><D36/><U39/><E75/><V4/><F106/><W83/><G40/><T125/><D125/><U121/><E121/><V44/><F2/><W69/><G69/><T87/><D109/><U3/><E28/><V24/><F1/><W58/><G83/><T81/><D8/><U118/><E118/><V78/><F132/><W123/><G123/><T26/><REACH who="0" step="1"/><D99/><REACH who="0" ten="515,249,134,92" step="2"/><N who="1" m="61599" /><E39/><V33/><F111/><W57/><G45/><T130/><D130/><U66/><E10/><V108/><F46/><W7/><G7/><T107/><D107/><U12/><E38/><V35/><F44/><W14/><G14/><T72/><AGARI ba="0,1" hai="20,26,29,53,56,60,72,76,81,84,87,94,96,102" machi="72" ten="20,7800,0" yaku="1,1,0,1,7,1,52,1,53,0" doraHai="59" doraHaiUra="65" who="0" fromWho="0" sc="515,88,249,-26,134,-26,92,-26" /><INIT seed="4,1,0,1,3,100" ten="603,223,108,66" oya="0" hai0="4,72,108,55,5,8,59,112,98,71,2,70,32" hai1="50,65,25,18,31,13,28,27,74,1,126,82,111" hai2="95,53,125,40,103,37,96,34,135,124,51,85,129" hai3="0,26,117,7,97,15,110,11,99,67,36,116,104"/><T52/><D112/><U19/><E65/><V118/><F34/><W42/><G110/><T80/><D108/><U130/><E50/><V29/><F29/><N who="1" m="11337" /><E82/><V30/><F30/><W84/><G84/><T44/><D32/><U9/><E74/><V133/><F40/><W89/><G99/><T102/><D5/><N who="1" m="1199" /><E111/><V107/><F37/><W123/><G123/><T49/><D80/><U76/><E76/><V56/><F118/><W90/><G90/><T6/><D72/><U128/><E126/><N who="2" m="48747" /><F85/><W119/><G67/><T66/><D66/><U62/><E62/><V58/><F58/><W47/><G26/><N who="1" m="9738" /><E13/><V87/><F87/><W114/><G114/><T57/><D57/><U109/><E109/><V78/><F95/><W75/><G75/><T45/><D45/><U23/><E23/><V41/><F41/><W54/><G54/><T113/><D113/><U17/><AGARI ba="1,0" hai="17,18,19,128,130" m="9738,1199,11337" machi="17" ten="40,2700,0" yaku="34,2" doraHai="100" who="1" fromWho="1" sc="603,-14,223,30,108,-8,66,-8" /><INIT seed="5,0,0,4,0,116" ten="589,253,100,58" oya="1" hai0="93,129,25,89,40,80,32,62,125,50,66,7,45" hai1="35,90,6,124,54,94,92,87,108,29,52,68,86" hai2="26,22,63,105,98,122,91,48,128,104,64,102,120" hai3="123,83,3,14,133,70,13,109,19,0,88,56,47"/><U10/><E68/><V41/><F105/><W51/><G70/><T21/><D125/><U1/><E124/><V127/><F127/><W57/><G109/><T74/><D32/><U119/><E119/><V39/><F39/><W72/><G133/><T12/><D129/><U17/><E108/><V81/><F128/><W8/><G123/><T107/><D107/><U36/><E36/><V76/><F91/><W110/><G110/><T67/><D80/><U121/><E121/><V28/><F48/><W71/><G71/><T100/><D100/><U97/><E17/><V130/><F41/><W60/><G14/><T85/><D74/><U20/><E35/><V9/><F9/><W34/><G34/><T106/><D106/><U16/><E29/><V24/><F24/><W101/><G101/><T117/><D62/><U65/><E65/><V77/><F77/><W78/><G88/><T2/><D2/><U99/><E87/><V61/><F61/><W126/><G126/><T4/><D117/><U55/><REACH who="1" step="1"/><E94/><REACH who="1" ten="589,243,100,58" step="2"/><V44/><F130/><W131/><G131/><T79/><D67/><U69/><E69/><V15/><F64/><W134/><G134/><T114/><D66/><U118/><E118/><V59/><F122/><W23/><G23/><T31/><D31/><U43/><E43/><V30/><F22/><W113/><G113/><T33/><D85/><U11/><E11/><V84/><F30/><W73/><G73/><T5/><D93/><U82/><E82/><V96/><F28/><W18/><G72/><T111/><D40/><U135/><E135/><V115/><F120/><RYUUKYOKU ba="0,1" sc="589,-10,243,30,100,-10,58,-10" hai1="1,6,10,16,20,52,54,55,86,90,92,97,99" /><INIT seed="5,1,1,1,3,88" ten="579,273,90,48" oya="1" hai0="91,26,2,82,46,43,37,71,123,97,29,92,51" hai1="124,4,58,49,81,76,12,17,52,125,134,45,7" hai2="73,79,108,50,53,35,104,13,86,41,100,83,14" hai3="23,131,62,113,102,126,132,5,78,25,21,96,107"/><U80/><E134/><V101/><F108/><W109/><G109/><T57/><D2/><U3/><E3/><V27/><F41/><W56/><G132/><T74/><D71/><U31/><E31/><V117/><F117/><W99/><G131/><T94/><D123/><U120/><E120/><V84/><F84/><W105/><G126/><N who="1" m="48746" /><E58/><V133/><F104/><W22/><G113/><T128/><D128/><U54/><E54/><V32/><F73/><W63/><G78/><T103/><D57/><U36/><E36/><V118/><F118/><W115/><G115/><T72/><D82/><N who="1" m="31851" /><E76/><V44/><F35/><W19/><G5/><T59/><D59/><U18/><E18/><V65/><F65/><W66/><G63/><T42/><D42/><U112/><E112/><V89/><F79/><W70/><G70/><T135/><D135/><U127/><N who="1" m="48754" /><U1/><DORA hai="95" /><E1/><V93/><F32/><W11/><G11/><AGARI ba="1,1" hai="4,7,11,12,17,45,49,52" m="31851,48754" machi="11" ten="40,3900,0" yaku="18,1,54,1" doraHai="88,95" who="1" fromWho="3" sc="579,0,273,52,90,0,48,-42" /><INIT seed="5,2,0,0,4,33" ten="579,325,90,6" oya="1" hai0="82,20,45,11,24,39,118,32,122,30,95,70,107" hai1="26,66,67,65,108,123,57,4,80,101,86,1,63" hai2="27,121,53,29,3,100,10,13,7,36,19,62,97" hai3="106,58,40,43,81,98,135,112,41,109,132,34,93"/><U78/><E108/><V46/><F121/><W0/><G34/><T99/><D107/><U127/><E123/><V12/><F36/><W88/><G109/><T79/><D70/><U96/><E127/><V124/><F124/><W75/><G106/><T119/><D11/><U15/><E15/><V113/><F113/><W48/><G112/><T116/><D122/><U31/><E4/><V50/><F62/><W90/><G0/><T49/><D39/><U110/><E110/><V134/><F19/><W54/><G75/><T60/><D60/><U131/><E131/><V130/><F130/><W61/><G61/><T23/><D23/><U51/><E51/><V5/><F5/><W2/><G2/><T133/><D32/><U87/><E87/><V69/><F69/><W21/><G21/><T125/><D125/><U37/><E37/><V25/><F25/><W16/><G16/><T59/><D59/><U35/><E1/><V126/><F134/><N who="3" m="51243" /><G81/><T8/><D8/><U17/><E17/><V76/><F76/><W91/><AGARI ba="2,0" hai="40,41,43,48,54,58,88,90,91,93,98" m="51243" machi="91" ten="40,2700,0" yaku="20,1,54,1" doraHai="33" who="3" fromWho="3" sc="579,-9,325,-15,90,-9,6,33" /><INIT seed="6,0,0,0,4,52" ten="570,310,81,39" oya="2" hai0="71,57,27,41,96,129,74,65,28,132,44,8,6" hai1="36,113,53,14,16,3,88,11,84,48,34,58,85" hai2="72,29,21,80,123,17,82,42,0,39,104,68,126" hai3="99,69,56,7,24,67,112,5,83,50,111,47,135"/><V25/><F123/><W97/><G111/><T98/><D74/><U118/><E36/><V130/><F0/><W54/><G69/><T81/><D71/><U86/><E118/><V93/><F104/><W4/><G135/><T60/><D81/><N who="1" m="49167" /><E34/><V22/><F42/><W119/><G119/><T61/><D61/><N who="1" m="36047" /><E3/><V35/><F35/><W15/><G112/><T75/><D75/><U59/><E113/><V38/><F72/><W45/><G24/><T114/><D132/><U133/><E133/><V31/><F39/><W89/><G15/><T9/><D129/><U13/><E13/><V109/><F38/><W131/><G131/><T134/><D114/><U110/><E110/><V107/><F107/><W19/><G19/><T78/><D78/><U125/><E125/><V70/><F25/><W77/><G89/><T73/><D73/><U12/><E12/><V55/><F70/><W127/><G127/><T108/><D108/><U20/><E20/><V43/><F22/><W101/><G67/><T10/><D6/><U105/><E105/><V115/><F21/><W37/><G37/><T62/><D134/><U106/><E106/><V102/><F109/><W63/><G63/><T33/><D60/><U95/><E95/><V1/><F68/><W23/><G23/><T87/><D33/><U120/><E120/><V32/><F1/><W128/><G128/><T116/><D27/><U121/><E121/><V18/><F115/><W92/><REACH who="3" step="1"/><G97/><REACH who="3" ten="570,310,81,29" step="2"/><T66/><D98/><U124/><E124/><V64/><F126/><W94/><G94/><T103/><D96/><U76/><E76/><RYUUKYOKU ba="0,1" sc="570,-15,310,15,81,-15,29,15" hai1="11,14,16,48,59,85,86" hai3="4,5,7,45,47,50,54,56,77,83,92,99,101" /><INIT seed="7,1,1,3,5,47" ten="555,325,66,44" oya="3" hai0="48,99,44,105,86,95,82,55,113,9,15,36,92" hai1="17,127,110,85,87,28,90,84,12,26,112,103,42" hai2="60,88,129,63,124,68,19,118,4,111,98,73,13" hai3="107,37,57,39,109,132,123,64,97,40,29,131,62"/><W56/><G123/><T0/><D0/><U69/><E110/><V67/><F73/><W43/><G29/><T53/><D36/><N who="3" m="13897" /><G107/><T34/><D34/><U119/><E69/><V91/><F4/><W58/><G97/><T61/><D105/><U77/><E119/><V75/><F118/><W10/><G10/><T5/><D99/><U16/><E112/><V74/><F98/><W2/><G2/><T94/><D61/><U38/><E127/><V114/><F19/><W125/><G109/><T22/><D113/><U115/><E115/><V23/><F23/><W76/><G76/><N who="0" m="46407" /><D22/><N who="1" m="15447" /><E38/><V83/><F13/><W32/><G32/><T134/><D134/><U65/><E42/><AGARI ba="1,1" hai="5,9,15,42,44,48,53,55,92,94,95" m="46407" machi="42" ten="30,3900,0" yaku="25,1,8,1,52,1" doraHai="47" who="0" fromWho="1" sc="555,52,325,-42,66,0,44,0" owari="607,71.0,283,8.0,66,-33.0,44,-46.0" /></mjloggm>