<mjloggm ver="2.3"><GO type="97" lobby="0"/><UN n0="%E3%82%AC%E3%83%A9%E3%82%B9%E6%98%9F" n1="%E3%83%88%E3%83%88%E3%83%AA%E5%85%88%E7%94%9F%31%39%E6%AD%B3" n2="%E6%85%8E%E5%B9%B3" n3="%E3%82%BA%E3%83%B3%E3%83%89%E3%82%B3%E8%A6%AA%E7%88%BA" dan="14,14,14,14" rate="1885.53,2031.40,1968.27,1843.36" sx="M,F,M,M"/><TAIKYOKU oya="0"/><INIT seed="0,0,0,3,3,94" ten="250,250,250,250" oya="0" hai0="118,33,96,82,125,34,67,73,74,130,54,120,52" hai1="8,89,80,85,63,7,102,42,14,81,58,117,32" hai2="123,113,115,12,53,15,103,71,57,109,40,95,21" hai3="59,10,86,65,17,132,101,16,25,62,37,0,133"/><T88/><D120/><U124/><E124/><V64/><F123/><W93/><G37/><T76/><D118/><U28/><E117/><V105/><F105/><W48/><G48/><T4/><D125/><U108/><E108/><V66/><F109/><W110/><G110/><T41/><D41/><U112/><E112/><V51/><F66/><W68/><G68/><T128/><D4/><U36/><E102/><V31/><F15/><W77/><G77/><T22/><D67/><U100/><E100/><V27/><F12/><W107/><G107/><T106/><D22/><U75/><E32/><N who="0" m="12393" /><D74/><U69/><E28/><V6/><F6/><N who="3" m="1351" /><G25/><T35/><D35/><U129/><E69/><V70/><F70/><W72/><G72/><T30/><D30/><U119/><E119/><V19/><F31/><W135/><G86/><T84/><D106/><U134/><E42/><V114/><F40/><W126/><G126/><T23/><D23/><U55/><E36/><V98/><F71/><W1/><G1/><T87/><D87/><U3/><E3/><V127/><F127/><W131/><G131/><N who="0" m="50219" /><D96/><AGARI ba="0,0" hai="16,17,59,62,65,93,96,101,132,133,135" m="1351" machi="96" ten="30,3900,0" yaku="20,1,52,1,54,1" doraHai="94" who="3" fromWho="0" sc="250,-39,250,0,250,0,250,39" /><INIT seed="1,0,0,4,2,105" ten="211,250,250,289" oya="1" hai0="25,32,133,59,19,106,77,31,91,1,15,26,46" hai1="33,7,110,111,28,101,82,9,100,6,115,89,54" hai2="23,63,93,87,83,49,125,116,114,121,17,112,55" hai3="132,130,70,96,134,128,88,43,135,30,119,72,68"/><U45/><E115/><N who="2" m="44075" /><F125/><W102/><G72/><T71/><D106/><U92/><E82/><V75/><F121/><W20/><G43/><T51/><D71/><U117/><E117/><V120/><F120/><W18/><G30/><T122/><D122/><U14/><E6/><V98/><F116/><W113/><G113/><T123/><D123/><U85/><E28/><V40/><F40/><W34/><G34/><T64/><D1/><U60/><E33/><V124/><F124/><W95/><G102/><T42/><D133/><U62/><E62/><V27/><F63/><W127/><G127/><T94/><D77/><U52/><E54/><V131/><F131/><N who="3" m="50219" /><G119/><T50/><D31/><U58/><REACH who="1" step="1"/><E45/><REACH who="1" ten="211,240,250,289" step="2"/><N who="2" m="28079" /><F83/><W107/><G107/><T13/><D32/><U84/><E84/><V0/><F87/><W76/><G76/><T81/><D81/><U3/><E3/><V4/><F0/><W69/><G135/><T126/><D126/><U48/><E48/><V56/><F56/><W73/><BYE who="2" /><G73/><UN n2="%E6%85%8E%E5%B9%B3" /><T74/><D74/><U61/><E61/><V16/><F4/><W67/><G67/><T39/><D51/><U80/><E80/><V11/><F75/><W109/><G134/><T65/><D65/><U78/><E78/><V104/><F17/><W86/><G132/><T12/><D64/><U66/><E66/><V36/><F36/><W41/><G86/><N who="0" m="52599" /><D19/><U103/><AGARI ba="0,1" hai="7,9,14,52,58,60,85,89,92,100,101,103,110,111" machi="103" ten="30,6000,0" yaku="1,1,0,1,54,1,53,0" doraHai="105" doraHaiUra="29" who="1" fromWho="1" sc="211,-20,240,70,250,-20,289,-20" /><INIT seed="1,1,0,4,3,130" ten="191,310,230,269" oya="1" hai0="65,126,3,25,6,50,43,30,112,74,57,104,102" hai1="118,33,42,64,77,67,15,34,121,24,54,61,85" hai2="62,98,117,100,135,119,83,37,115,87,69,68,123" hai3="134,16,5,94,132,131,95,51,55,133,32,18,129"/><U21/><E118/><V12/><F37/><W45/><G32/><T14/><D112/><U35/><E121/><V101/><F115/><W36/><G5/><T9/><D74/><U70/><E42/><V103/><F123/><W71/><G71/><T7/><D126/><U116/><E116/><V4/><F98/><W110/><G110/><T120/><D120/><U84/><E77/><V66/><F69/><W56/><G36/><T39/><D39/><U46/><E64/><V20/><F20/><W124/><G45/><T109/><D109/><U11/><E54/><V52/><F135/><W26/><G26/><T17/><D102/><U48/><E48/><V53/><F117/><W114/><G114/><T99/><D3/><U82/><E82/><V49/><F119/><W86/><G86/><T111/><D99/><U125/><E46/><V107/><F107/><W127/><G94/><T59/><D104/><U41/><E41/><V91/><REACH who="2" step="1"/><F49/><REACH who="2" ten="191,310,220,269" step="2"/><W8/><G8/><AGARI ba="1,1" hai="4,8,12,52,53,62,66,68,83,87,91,100,101,103" machi="8" ten="40,8000,1" yaku="1,1,2,1,54,1,53,1" doraHai="130" doraHaiUra="79" who="2" fromWho="3" sc="191,0,310,0,220,93,269,-83" /><INIT seed="2,0,0,3,4,123" ten="191,310,313,186" oya="2" hai0="1,87,20,112,93,111,44,4,41,128,39,10,78" hai1="85,80,63,115,19,70,58,66,75,76,24,35,18" hai2="13,119,15,107,23,71,40,7,11,2,118,86,65" hai3="74,47,8,30,101,116,46,92,26,36,5,56,43"/><V61/><F107/><W50/><G116/><T49/><D112/><U113/><E19/><V31/><F40/><W133/><G74/><T81/><D128/><U125/><E125/><V54/><F86/><W130/><G56/><T97/><D20/><U22/><E35/><V16/><F13/><W0/><G130/><T108/><REACH who="0" step="1"/><D39/><REACH who="0" ten="181,310,313,186" step="2"/><U14/><E113/><V68/><F68/><W129/><G129/><T104/><D104/><U53/><E115/><V124/><F124/><W100/><G133/><T99/><D99/><U64/><E70/><V9/><REACH who="2" step="1"/><F54/><REACH who="2" ten="181,310,303,186" step="2"/><W69/><G43/><T6/><D6/><U52/><E53/><V103/><F103/><AGARI ba="0,2" hai="1,4,10,41,44,49,78,81,87,93,97,103,108,111" machi="103" ten="40,8000,1" yaku="1,1,52,2,53,1" doraHai="123" doraHaiUra="45" who="0" fromWho="2" sc="181,100,310,0,303,-80,186,0" /><INIT seed="3,0,0,0,0,53" ten="281,310,223,186" oya="3" hai0="127,116,134,112,100,74,78,42,32,71,88,57,44" hai1="92,5,47,50,73,31,9,45,131,104,125,67,34" hai2="3,48,101,36,99,40,107,29,52,10,43,23,103" hai3="115,114,98,96,84,87,28,15,70,38,121,54,113"/><W24/><G70/><T77/><D116/><U63/><E104/><V7/><F7/><W111/><G38/><T126/><D134/><U58/><E73/><V6/><F6/><W105/><G15/><T25/><D71/><U102/><E131/><V37/><F29/><W0/><G0/><T56/><D100/><U91/><E125/><N who="0" m="47625" /><D88/><U128/><E128/><V13/><F3/><W86/><G121/><T75/><D112/><U65/><E102/><V72/><F72/><N who="0" m="27690" /><D25/><U51/><E47/><V68/><F68/><W119/><G119/><T16/><D16/><U46/><E46/><V66/><F66/><W14/><G14/><T41/><D32/><U109/><E34/><V11/><F23/><W55/><G111/><T8/><D8/><U120/><E109/><V59/><F101/><W79/><G79/><N who="0" m="30219" /><D42/><U20/><E120/><V117/><F117/><W93/><G105/><T118/><D118/><U76/><E76/><V97/><F99/><W26/><G26/><T95/><D95/><U60/><E45/><V19/><REACH who="2" step="1"/><F10/><REACH who="2" ten="281,310,213,186" step="2"/><W83/><G83/><T61/><D61/><N who="1" m="38071" /><E20/><V27/><F27/><W80/><G80/><T129/><D129/><U21/><E60/><V30/><F30/><W12/><G12/><T122/><D122/><U4/><E21/><V33/><F33/><W110/><G110/><T81/><D81/><U132/><E31/><V69/><F69/><W2/><G2/><T85/><D85/><N who="1" m="52335" /><E132/><V90/><F90/><N who="3" m="55351" /><G98/><T62/><D62/><U133/><E133/><V39/><AGARI ba="0,1" hai="11,13,19,36,37,39,40,43,48,52,59,97,103,107" machi="39" ten="30,7900,0" yaku="1,1,0,1,52,1,54,1,53,0" doraHai="53" doraHaiUra="82" who="2" fromWho="2" sc="281,-20,310,-20,213,89,186,-39" owari="261,-14.0,290,9.0,302,40.0,147,-35.0" /></mjloggm>