<mjloggm ver="2.3"><GO type="97" lobby="0"/><UN n0="%4E%54%2D%52%34%38" n1="%59%75%75%6B%69%5F%50" n2="%E5%B0%B1%E6%B4%BB%E7%94%9F%40%E5%B7%9D%E6%9D%91%E8%BB%8D%E5%9B%A3" n3="%61%6E%70%61%69%79%61%61" dan="13,13,14,14" rate="1817.56,1975.33,1942.63,1897.65" sx="M,M,M,M"/><TAIKYOKU oya="0"/><INIT seed="0,0,0,0,4,52" ten="250,250,250,250" oya="0" hai0="125,126,102,118,3,36,132,116,23,18,128,133,109" hai1="97,105,25,93,63,106,113,28,4,30,14,58,88" hai2="42,114,73,117,15,99,131,27,51,119,92,77,55" hai3="66,98,121,44,87,0,38,9,96,110,80,29,2"/><T56/><D3/><U37/><E37/><V6/><F114/><W82/><G110/><T78/><D36/><U75/><E75/><V108/><F131/><W8/><G66/><T72/><D102/><U53/><E113/><V79/><F42/><W62/><G62/><T70/><D70/><U1/><E1/><V135/><F135/><N who="0" m="51786" /><D78/><U48/><E48/><V10/><F108/><W120/><G38/><T134/><N who="0" m="51794" /><T11/><DORA hai="5" /><D72/><U86/><E30/><V101/><F27/><W130/><G44/><T67/><D56/><U71/><E71/><V129/><F129/><W60/><G60/><T49/><D49/><U91/><E14/><V45/><REACH who="2" step="1"/><F73/><REACH who="2" ten="250,250,240,250" step="2"/><W107/><G130/><T43/><D109/><U35/><REACH who="1" step="1"/><E4/><REACH who="1" ten="250,240,240,250" step="2"/><V69/><F69/><W123/><G121/><T68/><D128/><U47/><E47/><V19/><F19/><W65/><G123/><T12/><D68/><U13/><E13/><V112/><F112/><W83/><G120/><T33/><D43/><U84/><E84/><V104/><F104/><W39/><G87/><T81/><D12/><U111/><E111/><V85/><F85/><W61/><G107/><T103/><D118/><AGARI ba="0,2" hai="6,10,15,45,51,55,77,79,92,99,101,117,118,119" machi="118" ten="40,12000,2" yaku="1,1,12,1,52,1,53,3" doraHai="52,5" doraHaiUra="59,115" who="2" fromWho="0" sc="250,-120,240,0,240,140,250,0" /><INIT seed="1,0,0,0,3,63" ten="130,240,380,250" oya="1" hai0="50,91,126,1,69,98,38,17,20,3,2,94,106" hai1="101,56,67,32,89,104,95,118,61,70,23,12,35" hai2="55,39,77,10,128,5,8,31,81,47,107,87,53" hai3="65,105,97,120,78,44,52,68,102,134,37,103,119"/><U64/><E118/><V40/><F107/><W34/><G120/><T112/><D112/><U4/><E101/><V54/><F128/><W21/><G119/><T132/><D38/><U11/><E104/><V62/><F31/><W59/><G134/><T124/><D69/><U45/><E45/><V22/><F22/><W79/><G34/><T117/><D117/><U18/><E70/><V115/><F115/><W13/><G103/><T71/><D71/><U14/><REACH who="1" step="1"/><E64/><REACH who="1" ten="130,230,380,250" step="2"/><V49/><F39/><W80/><G65/><T88/><D132/><U116/><E116/><V9/><REACH who="2" step="1"/><F62/><REACH who="2" ten="130,230,370,250" step="2"/><W29/><G37/><T46/><D106/><U57/><E57/><V129/><F129/><W92/><G68/><T122/><D122/><U108/><E108/><V76/><F76/><W86/><G78/><T110/><D110/><U123/><E123/><V42/><F42/><W135/><G105/><T28/><D28/><U6/><E6/><AGARI ba="0,2" hai="5,6,8,9,10,40,47,49,53,54,55,77,81,87" machi="6" ten="40,5200,0" yaku="1,1,8,1,53,1" doraHai="63" doraHaiUra="43" who="2" fromWho="1" sc="130,0,230,-52,370,72,250,0" /><INIT seed="2,0,0,5,5,7" ten="130,178,442,250" oya="2" hai0="75,65,16,18,126,6,95,39,8,49,0,64,131" hai1="20,26,35,106,66,62,68,71,17,115,32,104,101" hai2="9,1,14,60,93,82,41,109,89,44,120,40,52" hai3="63,84,86,55,4,118,96,50,107,42,72,30,29"/><V59/><F120/><W56/><G118/><T80/><D39/><U123/><E123/><V73/><F1/><W116/><G116/><T76/><D126/><U23/><E115/><V11/><F109/><W69/><G72/><T51/><D131/><U100/><E68/><V97/><F14/><W124/><G124/><T45/><D51/><U121/><E121/><V70/><F70/><W74/><G74/><T129/><D129/><U48/><E48/><N who="2" m="28679" /><F73/><W108/><G108/><T92/><D64/><U113/><E113/><V105/><F105/><W54/><G69/><T132/><D132/><U37/><E37/><V24/><F24/><W53/><G42/><N who="2" m="16489" /><F82/><W111/><G111/><T34/><D34/><U38/><E38/><V94/><F94/><W33/><G33/><T21/><D75/><U31/><E32/><V83/><F83/><W13/><G54/><AGARI ba="0,0" hai="9,11,54,59,60,89,93,97" m="16489,28679" machi="54" ten="30,11600,0" yaku="8,1,52,2,54,1" doraHai="7" who="2" fromWho="3" sc="130,0,178,0,442,116,250,-116" /><INIT seed="2,1,0,5,1,105" ten="130,178,558,134" oya="2" hai0="131,118,79,89,72,61,4,47,28,73,125,88,9" hai1="127,5,109,70,130,20,41,43,76,62,0,93,112" hai2="86,103,31,12,30,7,102,22,117,69,115,53,78" hai3="36,83,48,8,101,59,21,107,57,33,13,18,81"/><V87/><F69/><W35/><G36/><T113/><D113/><U60/><E112/><V132/><F115/><W42/><G107/><T108/><D108/><U24/><E109/><V55/><F117/><W17/><G101/><N who="2" m="38409" /><F132/><W34/><G42/><T92/><D125/><U124/><E130/><V94/><F78/><W116/><BYE who="1" /><G116/><T1/><D131/><U10/><E10/><N who="2" m="4191" /><F22/><UN n1="%59%75%75%6B%69%5F%50" /><W82/><G48/><T32/><D118/><U49/><E5/><V67/><F67/><W23/><REACH who="3" step="1"/><G8/><REACH who="3" ten="130,178,558,124" step="2"/><T120/><D120/><U98/><E124/><V52/><F94/><W46/><G46/><T100/><D47/><U65/><E49/><V40/><F40/><W99/><G99/><T123/><D123/><U11/><E127/><V128/><F128/><W111/><G111/><T97/><D61/><U96/><E96/><V134/><F134/><W63/><G63/><T39/><D39/><U27/><E60/><V37/><F37/><W29/><G29/><AGARI ba="1,1" hai="29,30,31,52,53,55,86,87" m="4191,38409" machi="29" ten="30,2900,0" yaku="8,1,54,1" doraHai="105" who="2" fromWho="3" sc="130,0,178,0,558,42,124,-32" /><INIT seed="2,2,0,3,3,8" ten="130,178,600,92" oya="2" hai0="74,81,133,70,94,97,35,102,120,4,75,7,41" hai1="37,9,66,87,13,132,106,42,38,11,3,117,100" hai2="17,80,68,134,135,67,93,78,126,95,56,49,6" hai3="55,73,113,28,124,121,21,30,40,103,45,34,131"/><V125/><F68/><W29/><G121/><T19/><D120/><U101/><E117/><V48/><F6/><W36/><G73/><T15/><D133/><N who="2" m="50698" /><F17/><W109/><G113/><T20/><D70/><U115/><E132/><V119/><F119/><W18/><G109/><T77/><D35/><U14/><E3/><V58/><F67/><W72/><G72/><T128/><D128/><U92/><E106/><V54/><F78/><W112/><G112/><T25/><D75/><U122/><E122/><V91/><F80/><W61/><G131/><T99/><D41/><U65/><E115/><V89/><F89/><W46/><G124/><N who="2" m="47721" /><F91/><W64/><G103/><N who="1" m="39498" /><E37/><V69/><F69/><W130/><G130/><T33/><D99/><U71/><E38/><V24/><F24/><W76/><G76/><T47/><D47/><U5/><E42/><V63/><F63/><W90/><G90/><T98/><D98/><U53/><E71/><V62/><F62/><W16/><G61/><T82/><D82/><U44/><E87/><V1/><F1/><W12/><G64/><T51/><D51/><N who="2" m="19530" /><F54/><W84/><G84/><T43/><D43/><U59/><E44/><V108/><F108/><W107/><G55/><T127/><D127/><U114/><E114/><V123/><F123/><W31/><G46/><T50/><D50/><N who="1" m="31159" /><E92/><AGARI ba="2,0" hai="56,58,92,93,95" m="19530,47721,50698" machi="92" ten="40,12000,1" yaku="28,2,20,1,18,1" doraHai="8" who="2" fromWho="1" sc="130,0,178,-126,600,126,92,0" /><INIT seed="2,3,0,1,3,115" ten="130,52,726,92" oya="2" hai0="80,116,101,61,47,21,114,0,129,12,69,133,113" hai1="68,28,45,117,95,82,89,86,79,71,7,119,62" hai2="51,57,98,131,135,91,77,11,102,111,132,53,23" hai3="22,73,125,19,78,30,110,118,25,4,104,87,44"/><V35/><F35/><W40/><G104/><T94/><D0/><U46/><E7/><V58/><F131/><W83/><G110/><T74/><D113/><U42/><E28/><V130/><F77/><W6/><G125/><T81/><D114/><U43/><E43/><V48/><F48/><W124/><G124/><T128/><D74/><U112/><E112/><V88/><F130/><N who="0" m="50282" /><D133/><N who="2" m="51274" /><F111/><W52/><G118/><T105/><D105/><U56/><E46/><N who="2" m="27895" /><F23/><W93/><G30/><T134/><D134/><U55/><E68/><V60/><F11/><W38/><G73/><T8/><D69/><U63/><E63/><V15/><F15/><W99/><REACH who="3" step="1"/><G52/><REACH who="3" ten="130,52,726,82" step="2"/><T109/><D116/><U36/><REACH who="1" step="1"/><E71/><REACH who="1" ten="130,42,726,82" step="2"/><V27/><F60/><W14/><G14/><T100/><D109/><U59/><E59/><N who="2" m="22539" /><F27/><W122/><G122/><T126/><D126/><U54/><E54/><V13/><F13/><W123/><G123/><T121/><D121/><U31/><E31/><V92/><AGARI ba="3,2" hai="88,91,92,98,102" m="22539,27895,51274" machi="92" ten="30,3000,0" yaku="20,1,54,1" doraHai="115" who="2" fromWho="2" sc="130,-13,42,-13,726,59,82,-13" /><INIT seed="2,4,0,5,3,82" ten="117,29,785,69" oya="2" hai0="117,77,84,4,66,116,14,105,12,34,22,51,53" hai1="74,24,25,38,26,127,30,63,28,120,8,133,102" hai2="6,79,36,72,60,83,3,90,62,40,94,31,88" hai3="118,17,43,32,115,45,70,13,81,47,76,11,33"/><V42/><F31/><W73/><G118/><N who="0" m="45675" /><D105/><U124/><E38/><V114/><F114/><W80/><G70/><T85/><D34/><U35/><E74/><V27/><F27/><W68/><G68/><T91/><D66/><U54/><E102/><V87/><F90/><W46/><G115/><T52/><D53/><U37/><E37/><V75/><F75/><W103/><G43/><T23/><D77/><U97/><E97/><V95/><F95/><W15/><G103/><T2/><D91/><U89/><E89/><V16/><F16/><W78/><REACH who="3" step="1"/><G15/><REACH who="3" ten="117,29,785,59" step="2"/><N who="0" m="5675" /><D2/><U128/><E8/><N who="2" m="2143" /><F40/><W69/><G69/><T55/><D4/><U107/><E133/><V131/><F131/><W110/><G110/><T119/><D119/><U64/><E128/><V29/><F29/><W101/><G101/><T86/><D55/><U92/><E28/><V126/><F126/><W19/><G19/><T99/><D99/><U100/><E120/><V67/><F67/><W130/><G130/><T41/><D41/><U39/><E39/><V18/><F18/><W49/><G49/><T59/><AGARI ba="4,1" hai="22,23,51,52,59,84,85,86" m="5675,45675" machi="59" ten="40,8000,1" yaku="12,1,52,3,54,1" doraHai="82" who="0" fromWho="0" sc="117,102,29,-24,785,-44,59,-24" /><INIT seed="3,0,0,4,0,115" ten="219,5,741,35" oya="3" hai0="39,130,97,4,121,111,3,119,133,105,67,19,20" hai1="16,43,54,128,100,0,35,95,13,32,70,135,94" hai2="21,51,55,9,27,122,104,46,37,79,56,53,38" hai3="117,66,123,124,106,50,118,78,25,6,8,129,29"/><W77/><G123/><T76/><D121/><U109/><E0/><V14/><F104/><W7/><G106/><T134/><D39/><U71/><E109/><V103/><F79/><W98/><G98/><T120/><D120/><U82/><E43/><V80/><F103/><W88/><G129/><T86/><D111/><U31/><E128/><V127/><F122/><W92/><G124/><T30/><D130/><U63/><E135/><V113/><F127/><W49/><G66/><T15/><D3/><U28/><E71/><V57/><F113/><W23/><G7/><T75/><D75/><U107/><E82/><V59/><F80/><W22/><G22/><T93/><D105/><U126/><E126/><V87/><F87/><W116/><G78/><T74/><D74/><U91/><E54/><N who="2" m="30071" /><F38/><W73/><G77/><T132/><D119/><U110/><E91/><V44/><F37/><W61/><G73/><T45/><D134/><U90/><E90/><V41/><F41/><W68/><G61/><T81/><D132/><U101/><E110/><V18/><F44/><W112/><G68/><T96/><D133/><U69/><E63/><V5/><AGARI ba="0,0" hai="5,9,14,18,21,27,53,55,56,57,59" m="30071" machi="5" ten="30,1100,0" yaku="8,1" doraHai="115" who="2" fromWho="2" sc="219,-3,5,-3,741,11,35,-5" owari="216,2.0,2,-50.0,752,85.0,30,-37.0" /></mjloggm>