<mjloggm ver="2.3"><GO type="97" lobby="0"/><UN n0="%63%68%69%6E%75%35%30" n1="%E5%B0%B1%E6%B4%BB%E7%94%9F%40%E5%B7%9D%E6%9D%91%E8%BB%8D%E5%9B%A3" n2="%E5%85%A8%E3%83%84%E5%85%A8%E9%B3%B4%E3%81%8D%E3%81%AE%E7%A5%9E" n3="%4D%53%2D%30%36%52" dan="15,14,15,15" rate="2015.72,2026.89,2026.43,1973.15" sx="M,M,M,M"/><TAIKYOKU oya="0"/><INIT seed="0,0,0,1,5,29" ten="250,250,250,250" oya="0" hai0="16,63,96,34,46,60,112,13,4,97,65,117,77" hai1="38,6,105,20,113,21,42,94,109,58,54,31,76" hai2="27,49,32,57,115,45,73,19,7,39,44,83,22" hai3="111,72,28,132,61,119,101,41,125,64,52,78,122"/><T81/><D112/><U40/><E105/><V84/><F115/><W10/><G119/><T79/><D34/><U103/><E113/><V37/><F73/><W116/><G116/><T114/><D117/><U87/><E109/><V12/><F57/><W130/><G101/><T62/><D4/><U128/><E38/><V8/><F32/><W5/><G41/><N who="1" m="15978" /><E31/><V129/><F129/><W51/><G28/><T56/><D46/><U126/><E126/><V118/><F118/><W127/><G111/><T104/><D114/><U70/><E70/><V26/><F26/><W99/><G99/><N who="0" m="37963" /><D104/><U89/><E103/><V107/><F107/><W92/><G92/><T135/><D135/><U1/><E1/><V59/><F37/><W50/><G132/><T131/><D131/><U68/><E68/><V18/><F39/><W110/><G50/><T36/><D36/><U133/><E133/><V67/><F7/><W100/><G130/><T108/><D108/><U120/><E120/><V98/><F98/><W47/><G100/><T33/><D33/><U71/><E71/><V90/><F67/><W102/><G102/><T88/><D56/><U11/><E76/><V85/><F85/><W75/><G122/><T2/><D65/><U0/><E128/><V95/><F95/><W121/><G121/><T15/><D2/><U53/><E58/><V25/><F25/><W74/><G110/><T91/><D13/><U30/><E30/><V48/><F59/><N who="3" m="36927" /><G127/><T9/><D91/><U86/><E86/><AGARI ba="0,0" hai="9,15,16,60,62,63,77,79,81,86,88" m="37963" machi="86" ten="30,5800,0" yaku="8,1,54,2" doraHai="29" who="0" fromWho="1" sc="250,58,250,-58,250,0,250,0" /><INIT seed="0,1,0,1,0,131" ten="308,192,250,250" oya="0" hai0="24,31,77,47,30,74,127,85,78,14,25,128,53" hai1="57,68,43,36,9,3,121,120,11,111,20,108,48" hai2="97,51,79,132,102,29,41,112,58,56,62,6,96" hai3="13,126,28,82,60,99,2,93,46,4,12,116,89"/><T95/><D128/><U63/><E20/><V72/><F112/><W45/><G116/><T75/><D127/><U55/><E3/><V124/><F124/><W22/><G2/><T5/><D75/><U67/><E11/><V61/><F6/><W109/><G109/><N who="1" m="42058" /><E9/><V91/><F132/><W90/><G126/><T21/><D74/><U15/><E15/><V33/><F33/><W135/><G60/><N who="2" m="23145" /><F29/><W8/><G46/><AGARI ba="1,0" hai="36,43,46,48,55,57,63,67,68,120,121" m="42058" machi="46" ten="30,7700,0" yaku="24,1,14,1,34,2" doraHai="131" who="1" fromWho="3" sc="308,0,192,80,250,0,250,-80" /><INIT seed="1,0,0,4,5,0" ten="308,272,250,170" oya="1" hai0="48,129,52,127,124,10,28,134,95,99,91,32,60" hai1="50,24,16,113,38,36,73,19,44,64,122,47,27" hai2="68,98,106,21,55,131,59,8,6,100,82,130,70" hai3="94,37,23,112,31,63,33,88,110,61,101,17,107"/><U84/><E122/><V121/><F121/><W102/><G37/><T85/><D10/><U77/><E73/><V58/><F21/><W7/><G112/><T18/><D60/><N who="3" m="23113" /><G107/><T128/><D18/><N who="1" m="6699" /><E113/><V45/><F45/><N who="1" m="17481" /><E38/><V57/><F55/><W20/><G33/><T65/><D65/><U43/><E36/><V53/><F82/><W5/><G110/><T74/><D74/><U93/><E64/><V120/><F53/><W67/><G67/><T62/><D62/><U49/><E43/><V66/><F66/><W25/><G102/><T135/><D28/><U22/><E22/><V133/><F133/><N who="0" m="50698" /><D32/><U126/><E126/><N who="0" m="48169" /><D99/><U118/><E118/><V80/><F80/><W1/><G1/><T71/><D71/><U29/><E29/><V56/><N who="2" m="14848" /><DORA hai="41" /><V34/><F34/><W42/><G42/><T116/><D116/><U87/><E77/><V35/><F35/><W97/><G101/><T30/><D30/><U105/><E105/><V119/><F119/><W103/><G103/><T75/><D75/><U11/><E11/><V114/><F114/><W123/><G123/><T51/><D52/><U117/><E117/><V72/><F72/><W46/><G46/><T125/><N who="0" m="48177" /><T13/><DORA hai="89" /><D13/><AGARI ba="0,0" hai="5,7,13,17,20,23,25,31,88,94,97" m="23113" machi="13" ten="30,8000,1" yaku="8,1,52,3,54,1" doraHai="0,41,89" who="3" fromWho="0" sc="308,-80,272,0,250,0,170,80" /><INIT seed="2,0,0,3,1,8" ten="228,272,250,250" oya="2" hai0="99,38,132,44,94,135,65,122,79,133,106,9,84" hai1="23,39,109,34,130,103,55,47,25,68,74,75,66" hai2="10,54,43,86,119,37,42,97,4,87,96,124,11" hai3="95,89,22,21,127,100,56,107,129,134,59,41,48"/><V73/><F73/><W40/><G107/><T101/><D65/><U82/><E34/><V131/><F119/><W72/><G72/><T5/><D122/><U62/><E130/><V58/><F131/><W7/><G100/><T18/><D18/><U128/><E128/><V28/><F28/><W57/><G129/><T81/><D38/><U85/><E103/><V3/><F124/><W117/><G117/><T102/><D44/><U83/><E83/><V113/><F113/><W0/><G134/><T118/><D9/><N who="2" m="3082" /><F4/><W17/><G0/><T91/><D5/><U6/><E6/><V27/><F27/><W111/><G7/><T26/><D26/><U14/><E109/><V105/><F105/><W12/><G111/><T80/><D118/><U61/><E39/><V78/><F3/><W67/><G67/><T93/><D102/><U114/><E114/><V77/><F37/><W115/><G127/><T16/><D16/><U50/><E62/><N who="2" m="36183" /><F87/><AGARI ba="0,0" hai="79,80,81,84,87,91,93,94,99,101,106,132,133,135" machi="87" ten="40,8000,1" yaku="20,1,34,3" doraHai="8" who="0" fromWho="2" sc="228,80,272,0,250,-80,250,0" /><INIT seed="3,0,0,0,0,94" ten="308,272,170,250" oya="3" hai0="126,7,75,30,134,100,81,35,12,43,115,11,90" hai1="102,53,105,127,10,50,135,97,59,60,47,91,124" hai2="58,34,80,63,65,93,40,123,44,88,114,99,125" hai3="67,24,48,92,26,20,3,101,128,0,4,131,118"/><W41/><G118/><T132/><D115/><U56/><E135/><N who="0" m="51753" /><D126/><U64/><E91/><V95/><F123/><W19/><G67/><T133/><N who="0" m="51761" /><T104/><DORA hai="45" /><D43/><U76/><E76/><V46/><F125/><N who="1" m="48201" /><E10/><V6/><F114/><W96/><G26/><N who="0" m="18903" /><D100/><U117/><E117/><V62/><F34/><W23/><G23/><T73/><D104/><U39/><E39/><V119/><F119/><W25/><G25/><T14/><D14/><U31/><E31/><V122/><F122/><W113/><G113/><T87/><AGARI ba="0,0" hai="7,11,12,73,75,81,87,90" m="18903,51761" machi="87" ten="40,1500,0" yaku="20,1" doraHai="94,45" who="0" fromWho="0" sc="308,15,272,-4,170,-4,250,-7" owari="323,42.0,268,7.0,166,-33.0,243,-16.0" /></mjloggm>