<mjloggm ver="2.3"><GO type="169" lobby="0"/><UN n0="%61%73%73%65%72%74%69%76" n1="%E3%83%88%E3%83%88%E3%83%AA%E5%85%88%E7%94%9F%31%39%E6%AD%B3" n2="%E3%81%8A%E7%9F%A5%E3%82%89%E3%81%9B" n3="%4C%53%E9%99%BD" dan="17,18,17,16" rate="2171.10,2170.03,2211.21,2028.80" sx="M,F,M,M"/><TAIKYOKU oya="0"/><INIT seed="0,0,0,3,5,91" ten="250,250,250,250" oya="0" hai0="122,55,37,131,105,66,1,109,47,112,2,8,36" hai1="106,25,104,5,113,32,43,119,132,71,100,51,28" hai2="27,94,29,125,102,117,89,68,24,72,6,124,20" hai3="26,88,44,9,83,10,135,15,67,99,59,0,128"/><T76/><D122/><U57/><E119/><V14/><F72/><W30/><G128/><T130/><D105/><U56/><E71/><V22/><F68/><W48/><G135/><T95/><D112/><U116/><E116/><V63/><F102/><W120/><G120/><T23/><D66/><U118/><E118/><V96/><F117/><W78/><G0/><N who="0" m="107" /><D76/><U41/><E5/><V82/><F82/><W64/><G15/><T110/><D23/><U40/><E132/><V21/><F63/><W85/><G59/><T69/><D69/><U86/><E113/><V38/><F38/><N who="0" m="14954" /><D8/><U31/><E31/><V60/><F60/><W65/><G65/><T50/><D95/><U98/><E104/><V46/><F46/><W54/><G67/><T101/><D101/><U90/><REACH who="1" step="1"/><E51/><REACH who="1" ten="250,240,250,250" step="2"/><V97/><F29/><W80/><G30/><T134/><D134/><U16/><E16/><V11/><REACH who="2" step="1"/><F97/><REACH who="2" ten="250,240,240,250" step="2"/><W19/><G99/><T49/><D49/><U77/><E77/><V58/><F58/><W87/><G78/><T61/><D61/><U17/><E17/><V115/><F115/><W127/><G19/><T45/><D45/><U73/><E73/><V114/><F114/><W33/><G44/><T7/><D7/><U35/><E35/><V53/><F53/><W84/><G54/><T3/><D131/><U13/><E13/><V108/><F108/><N who="0" m="41578" /><D130/><U133/><E133/><V70/><F70/><W126/><G33/><T42/><D3/><U62/><E62/><V12/><F12/><W39/><G39/><T107/><D55/><U123/><E123/><V79/><F79/><RYUUKYOKU ba="0,2" sc="250,10,240,10,240,10,250,-30" hai0="42,47,50,107" hai1="25,28,32,40,41,43,56,57,86,90,98,100,106" hai2="6,11,14,20,21,22,24,27,89,94,96,124,125" /><INIT seed="0,1,2,4,4,134" ten="260,250,250,220" oya="0" hai0="1,74,120,78,55,117,33,104,3,79,76,61,81" hai1="60,113,75,90,116,72,107,112,65,86,100,58,38" hai2="43,71,0,128,10,126,8,62,101,121,54,70,15" hai3="11,122,34,103,30,123,119,91,127,73,97,22,110"/><T102/><D33/><U35/><E116/><V129/><F101/><W12/><G73/><T99/><D117/><U98/><E38/><V82/><F43/><W80/><G34/><T68/><D120/><N who="3" m="46121" /><G119/><T20/><D79/><U6/><E6/><V87/><F121/><W5/><G110/><T135/><D135/><U25/><E25/><V31/><F31/><W93/><G30/><T16/><D76/><U39/><E39/><V52/><F0/><W42/><G42/><T51/><D68/><U130/><E130/><V88/><F126/><W109/><G109/><T66/><D61/><U48/><E48/><V32/><F32/><W13/><G22/><T59/><REACH who="0" step="1"/><D66/><REACH who="0" ten="250,250,250,220" step="2"/><U63/><E63/><V89/><F62/><W40/><G40/><T94/><D94/><N who="1" m="54615" /><E35/><V56/><F70/><W21/><G80/><T19/><D19/><U92/><E92/><V131/><F71/><W132/><G132/><T47/><D47/><U24/><E60/><V111/><F111/><W29/><G29/><T26/><AGARI ba="1,3" hai="1,3,16,20,26,51,55,59,74,78,81,99,102,104" machi="26" ten="20,12000,1" yaku="1,1,0,1,7,1,54,1,53,1" doraHai="134" doraHaiUra="45" who="0" fromWho="0" sc="250,153,250,-41,250,-41,220,-41" /><INIT seed="0,2,0,5,4,120" ten="403,209,209,179" oya="0" hai0="118,37,112,45,39,67,40,51,98,59,66,31,130" hai1="34,32,47,96,2,55,82,71,54,16,93,113,109" hai2="62,18,126,74,78,6,42,38,121,72,63,87,107" hai3="128,135,110,127,50,19,25,117,101,83,84,58,44"/><T111/><D31/><U92/><E71/><V26/><F107/><W75/><G75/><T57/><D98/><U33/><E2/><V8/><F121/><W0/><G0/><T10/><D10/><U60/><E113/><V132/><F132/><W29/><G117/><T94/><D94/><U106/><E106/><V7/><F87/><W115/><G115/><T23/><D23/><U13/><E109/><V95/><F95/><W15/><G135/><T11/><D11/><U116/><E116/><V68/><F6/><W134/><G134/><T22/><D22/><U85/><E60/><V133/><F133/><W27/><G101/><T65/><D112/><U14/><E93/><V97/><F97/><W114/><G114/><T9/><D9/><U3/><E47/><V86/><F86/><W129/><G29/><T88/><D88/><U108/><E108/><V76/><F76/><W64/><G110/><T119/><D111/><U100/><E14/><V52/><F78/><W56/><G84/><T123/><D123/><U125/><E125/><V91/><F126/><W53/><G127/><T49/><D130/><N who="3" m="50281" /><G83/><T99/><D99/><U79/><REACH who="1" step="1"/><E3/><REACH who="1" ten="403,199,209,179" step="2"/><V104/><F104/><W103/><G15/><T24/><D118/><U43/><E43/><V21/><F42/><W4/><G27/><T61/><D24/><U1/><E1/><V77/><F26/><W70/><G25/><T89/><D119/><U69/><E69/><V46/><F68/><W102/><G70/><T5/><D61/><U90/><E90/><V35/><BYE who="1" /><F91/><W122/><G122/><T17/><D89/><RYUUKYOKU ba="2,1" sc="403,-10,199,30,209,-10,179,-10" hai1="13,16,32,33,34,54,55,79,82,85,92,96,100" /><INIT seed="1,3,1,0,2,28" ten="393,229,199,169" oya="1" hai0="70,133,106,27,59,35,114,43,40,128,44,29,53" hai1="118,55,92,93,101,34,86,45,103,77,117,6,33" hai2="49,56,13,107,65,129,58,73,52,89,98,3,122" hai3="134,46,32,42,69,78,71,26,135,110,104,85,25"/><U23/><E23/><V67/><F3/><UN n1="%E3%83%88%E3%83%88%E3%83%AA%E5%85%88%E7%94%9F%31%39%E6%AD%B3" /><W111/><G104/><T97/><D114/><U57/><E6/><V8/><F122/><W31/><G26/><T130/><D133/><N who="3" m="50697" /><G85/><T47/><D70/><N who="3" m="26633" /><G78/><T41/><D97/><U83/><E45/><V63/><F129/><N who="0" m="49770" /><D106/><U39/><E39/><AGARI ba="3,1" hai="25,31,32,39,42,46,110,111" m="26633,50697" machi="39" ten="30,3900,0" yaku="20,1,23,1,52,1" doraHai="28" who="3" fromWho="1" sc="393,0,229,-48,199,0,169,58" /><INIT seed="2,0,0,3,2,17" ten="393,181,199,227" oya="2" hai0="37,36,23,61,113,50,74,20,121,90,126,10,18" hai1="71,99,32,82,81,95,84,129,41,80,91,43,112" hai2="88,96,104,122,15,63,0,110,30,8,93,51,40" hai3="1,14,35,26,11,92,119,65,53,42,31,55,48"/><V22/><F122/><W39/><G119/><T109/><D121/><U132/><E112/><V45/><F110/><W38/><G65/><T16/><D113/><U59/><E71/><V114/><F114/><W70/><G70/><T86/><D74/><U13/><E32/><V9/><F104/><W102/><G1/><T62/><D109/><U24/><E129/><V108/><F108/><W4/><G42/><N who="1" m="15882" /><E132/><V25/><F0/><W120/><G120/><T75/><D75/><U64/><E24/><V58/><REACH who="2" step="1"/><F15/><REACH who="2" ten="393,181,189,227" step="2"/><W2/><G14/><T49/><D126/><U72/><E13/><V97/><F97/><W83/><G2/><T125/><D125/><U107/><E107/><V68/><F68/><W33/><G33/><T124/><D124/><U54/><E72/><V27/><F27/><W101/><G35/><T78/><D10/><U47/><E64/><AGARI ba="0,1" hai="8,9,22,25,30,40,45,51,58,63,64,88,93,96" machi="64" ten="30,12000,1" yaku="1,1,7,1,8,1,52,1,54,1,53,0" doraHai="17" doraHaiUra="100" who="2" fromWho="1" sc="393,0,181,-120,189,130,227,0" /><INIT seed="2,1,0,1,3,34" ten="393,61,319,227" oya="2" hai0="123,73,83,26,100,107,114,44,24,90,124,79,75" hai1="52,92,37,81,85,118,9,113,125,84,131,63,11" hai2="93,82,41,112,14,111,70,55,56,126,71,88,8" hai3="42,97,117,119,1,77,108,45,135,95,40,48,110"/><V115/><F41/><W17/><G77/><T80/><D114/><U134/><E113/><V129/><F82/><W65/><G65/><T127/><D123/><U51/><E118/><V116/><F116/><W0/><G135/><T94/><D44/><U74/><E37/><V19/><F129/><W69/><G69/><T16/><D100/><U53/><E134/><V47/><F47/><W38/><G17/><T10/><D107/><U109/><E131/><V120/><F120/><W28/><G28/><T33/><D33/><U76/><E109/><N who="3" m="42090" /><G42/><T101/><D101/><U91/><E125/><N who="0" m="48201" /><D83/><U49/><E63/><V2/><F111/><W72/><G72/><T20/><D10/><U6/><E74/><V7/><F126/><W68/><G68/><T104/><D104/><U43/><E43/><V54/><F70/><W58/><G119/><T31/><D75/><U102/><E102/><V122/><F71/><W46/><G46/><T30/><D26/><U32/><E32/><V61/><F55/><N who="3" m="32103" /><G117/><T96/><AGARI ba="1,0" hai="16,20,24,30,31,73,79,80,90,94,96" m="48201" machi="96" ten="30,2000,0" yaku="18,1,54,1" doraHai="34" who="0" fromWho="0" sc="393,23,61,-6,319,-11,227,-6" /><INIT seed="3,0,0,3,5,98" ten="416,55,308,221" oya="3" hai0="74,90,28,125,122,107,75,112,40,11,134,16,100" hai1="10,79,26,2,126,80,1,67,48,99,5,114,84" hai2="81,54,42,30,85,25,104,8,64,61,92,127,83" hai3="21,44,105,62,113,58,4,65,123,9,52,37,27"/><W0/><G123/><T116/><D122/><U132/><E114/><V109/><F104/><W13/><G113/><T76/><D116/><U102/><E132/><V91/><F109/><W59/><G105/><T38/><D112/><U55/><E126/><V93/><F127/><W130/><G130/><T68/><D68/><U119/><E119/><V3/><F42/><W56/><G0/><T18/><D28/><U41/><E67/><V66/><F54/><W86/><G86/><T131/><D125/><U45/><E26/><V128/><F128/><W70/><G37/><T63/><D90/><U106/><REACH who="1" step="1"/><E55/><REACH who="1" ten="416,45,308,221" step="2"/><V23/><F66/><W19/><REACH who="3" step="1"/><G44/><REACH who="3" ten="416,45,308,211" step="2"/><T34/><D134/><U115/><E115/><V97/><F3/><AGARI ba="0,2" hai="1,2,3,5,10,41,45,48,79,80,84,99,102,106" machi="3" ten="30,12000,2" yaku="1,1,7,1,52,1,53,3" doraHai="98" doraHaiUra="33" who="1" fromWho="2" sc="416,0,45,140,308,-120,211,0" /><INIT seed="4,0,0,1,5,4" ten="416,185,188,211" oya="0" hai0="79,81,57,77,35,22,88,30,134,24,90,40,19" hai1="108,92,114,44,13,65,76,96,74,55,93,125,110" hai2="100,109,91,39,97,2,59,32,102,78,10,105,14" hai3="82,131,94,6,29,47,126,107,11,1,128,129,12"/><T63/><D134/><U116/><E116/><V135/><F2/><W89/><G107/><T68/><D68/><U113/><E125/><V25/><F39/><W51/><G126/><T20/><D40/><U130/><E130/><V52/><F135/><W127/><G127/><T67/><D35/><U41/><E65/><V37/><F37/><W17/><G29/><T122/><D122/><U66/><E66/><V21/><F32/><W75/><G75/><T7/><D7/><U69/><E69/><V26/><F78/><N who="0" m="29706" /><D81/><N who="1" m="45207" /><E55/><V84/><F109/><N who="1" m="42089" /><E13/><AGARI ba="0,0" hai="13,19,20,22,24,30,57,63,67,88,90" m="29706" machi="13" ten="30,2900,0" yaku="8,1,54,1" doraHai="4" who="0" fromWho="1" sc="416,29,185,-29,188,0,211,0" /><INIT seed="4,1,0,5,4,134" ten="445,156,188,211" oya="0" hai0="114,64,38,61,73,110,112,122,7,54,37,93,47" hai1="16,97,94,25,127,77,40,95,3,116,51,35,118" hai2="30,82,99,129,101,126,11,74,44,133,31,66,27" hai3="36,22,62,55,105,9,13,100,33,50,103,117,21"/><T91/><D73/><U104/><E3/><V87/><F74/><W67/><G33/><T24/><D122/><U85/><E104/><V12/><F133/><W71/><G36/><T8/><D24/><U17/><E127/><V131/><F66/><W123/><G123/><T86/><D110/><U72/><E72/><V49/><F126/><W14/><G117/><T125/><D125/><U39/><E39/><V5/><F99/><W135/><G135/><T41/><D54/><U18/><E40/><N who="2" m="24711" /><F101/><W20/><G105/><T79/><D79/><U26/><E51/><V70/><F70/><W124/><G124/><T60/><D37/><U128/><E128/><N who="2" m="49227" /><F27/><W2/><G2/><T48/><D38/><U32/><E26/><V65/><F65/><W120/><G120/><T1/><REACH who="0" step="1"/><D60/><REACH who="0" ten="435,156,188,211" step="2"/><U68/><E25/><V46/><F46/><W43/><G55/><T56/><AGARI ba="1,1" hai="1,7,8,41,47,48,56,61,64,86,91,93,112,114" machi="56" ten="30,11700,0" yaku="1,1,2,1,0,1,53,1" doraHai="134" doraHaiUra="42" who="0" fromWho="0" sc="435,130,156,-40,188,-40,211,-40" /><INIT seed="4,2,0,2,4,31" ten="565,116,148,171" oya="0" hai0="38,89,22,62,41,122,126,100,0,5,10,21,86" hai1="87,109,76,66,64,59,53,11,40,17,132,77,73" hai2="28,79,91,19,130,63,115,8,111,61,50,108,69" hai3="92,98,47,52,110,18,36,93,120,51,44,82,134"/><T9/><D126/><U125/><E109/><V67/><F79/><N who="1" m="30281" /><E73/><V105/><F105/><W102/><G82/><T32/><D122/><U46/><E132/><V112/><F28/><W33/><G110/><N who="2" m="42025" /><F91/><W88/><G134/><T43/><D62/><N who="1" m="36207" /><E125/><V118/><F19/><W101/><G120/><T121/><D89/><U29/><E29/><V106/><F8/><W107/><G107/><T13/><D86/><U129/><E129/><V78/><F78/><W34/><G18/><T116/><D100/><U68/><E68/><V99/><F99/><W119/><G119/><T27/><D9/><U55/><E40/><V4/><F4/><W48/><G36/><T24/><D24/><U25/><E87/><V103/><F103/><W42/><G101/><T70/><D10/><U81/><E81/><V94/><F94/><W14/><G14/><T20/><D13/><N who="1" m="7359" /><E25/><V56/><F106/><W26/><G26/><T45/><D5/><U23/><E23/><V65/><F118/><W84/><AGARI ba="2,0" hai="33,34,42,44,47,48,51,52,84,88,92,93,98,102" machi="84" ten="20,12000,2" yaku="0,1,7,1,52,2,54,2" doraHai="31" who="3" fromWho="3" sc="565,-62,116,-32,148,-32,171,126" /><INIT seed="5,0,0,1,1,53" ten="503,84,116,297" oya="1" hai0="34,59,17,106,83,66,46,131,69,109,32,72,37" hai1="58,40,31,15,73,117,42,130,81,127,99,92,120" hai2="22,113,20,56,114,26,105,129,19,71,121,6,78" hai3="87,38,50,125,118,57,115,95,8,107,110,93,51"/><U63/><E117/><V27/><F71/><W68/><G68/><T103/><D109/><U89/><E120/><V36/><F36/><W85/><G38/><T84/><D17/><U116/><E116/><V123/><F105/><W98/><G107/><T18/><D18/><U96/><E130/><V28/><F78/><W7/><G118/><T41/><D59/><U4/><E127/><V25/><F56/><W94/><G57/><T79/><D84/><N who="1" m="50319" /><E31/><N who="2" m="17831" /><F6/><W134/><G98/><N who="1" m="37418" /><E92/><V5/><F5/><W88/><G94/><T132/><D131/><U9/><E73/><V80/><F80/><W24/><G95/><T16/><D16/><U104/><E104/><V0/><F0/><W124/><G93/><T54/><D106/><U29/><E29/><V2/><F2/><W64/><G124/><T60/><D34/><U119/><E119/><V126/><F126/><W74/><G125/><T122/><D32/><U77/><E77/><V90/><F90/><W97/><G87/><T111/><D122/><N who="2" m="46602" /><F129/><W48/><G88/><T23/><D79/><U45/><E45/><V108/><F108/><W65/><G110/><T49/><D72/><U13/><E13/><V61/><F61/><W1/><G74/><T75/><D75/><U70/><E70/><V44/><F44/><W62/><G62/><T14/><D111/><U82/><E82/><V100/><F100/><W52/><G1/><T135/><D103/><U11/><E11/><V10/><F10/><W101/><G8/><T30/><D83/><U55/><AGARI ba="0,0" hai="4,9,15,40,42,55,58,63" m="37418,50319" machi="55" ten="30,3000,0" yaku="8,1,52,1" doraHai="53" who="1" fromWho="1" sc="503,-10,84,30,116,-10,297,-10" /><INIT seed="5,1,0,4,2,6" ten="493,114,106,287" oya="1" hai0="113,121,53,49,72,88,119,45,61,36,13,56,75" hai1="90,57,38,131,129,33,118,70,25,8,24,81,112" hai2="69,21,59,116,14,109,107,125,85,40,102,4,124" hai3="28,111,11,48,30,16,73,120,42,94,39,100,51"/><U74/><E118/><V2/><F69/><W37/><G73/><T93/><D119/><U115/><E70/><V106/><F116/><W127/><G120/><T34/><D34/><U44/><E57/><V134/><F109/><W22/><G111/><T76/><D36/><U117/><E117/><V83/><F2/><W126/><G11/><T95/><D113/><N who="1" m="43595" /><E33/><V99/><F40/><W80/><G39/><T87/><D121/><U110/><E110/><V27/><F59/><W103/><G37/><T97/><D13/><U43/><E90/><V3/><F3/><W54/><G42/><T133/><D133/><U20/><E8/><N who="2" m="4359" /><F134/><W114/><G114/><T108/><D108/><U128/><E20/><V32/><F32/><W63/><G100/><T1/><D1/><U123/><E123/><V105/><F21/><W71/><G103/><T67/><D76/><AGARI ba="1,0" hai="24,25,38,43,44,74,76,81,128,129,131" m="43595" machi="76" ten="40,3900,0" yaku="19,1,15,1" doraHai="6" who="1" fromWho="0" sc="493,-42,114,42,106,0,287,0" /><INIT seed="5,2,0,2,3,109" ten="451,156,106,287" oya="1" hai0="83,15,35,74,108,59,92,76,55,130,69,95,39" hai1="20,24,27,63,82,62,75,60,5,126,65,110,122" hai2="42,101,34,94,53,36,32,50,46,133,114,118,25" hai3="84,29,72,44,58,10,68,41,91,102,4,73,22"/><U2/><E122/><V90/><F118/><W89/><G68/><T96/><D108/><U131/><E110/><V103/><F133/><W97/><G58/><T105/><D35/><U28/><E131/><V1/><F1/><W30/><G22/><T45/><D69/><U125/><E2/><V124/><F124/><N who="1" m="47721" /><E5/><V11/><F11/><W37/><G73/><T21/><D130/><U70/><E27/><V99/><F114/><W80/><G89/><T88/><D105/><U85/><E75/><V49/><F36/><W87/><G87/><T79/><D79/><AGARI ba="2,0" hai="20,24,28,60,62,63,65,70,79,82,85" m="47721" machi="79" ten="30,1500,0" yaku="18,1" doraHai="109" who="1" fromWho="0" sc="451,-21,156,21,106,0,287,0" /><INIT seed="5,3,0,0,2,131" ten="430,177,106,287" oya="1" hai0="23,102,109,59,71,30,58,38,100,35,27,24,110" hai1="78,115,41,2,12,40,133,19,127,34,47,130,60" hai2="117,20,72,77,126,29,95,50,111,122,81,73,106" hai3="105,118,39,21,7,48,129,124,76,32,14,37,75"/><U87/><E34/><V103/><F29/><W84/><G84/><T43/><D71/><U79/><E2/><V49/><F20/><W69/><G48/><T57/><D109/><U15/><E130/><V55/><F49/><W0/><G21/><T104/><D110/><U113/><E127/><V90/><F50/><W13/><G13/><T80/><D80/><U123/><E123/><V97/><F55/><W25/><G25/><T121/><D121/><U89/><E133/><V3/><F3/><W61/><G61/><T45/><REACH who="0" step="1"/><D104/><REACH who="0" ten="420,177,106,287" step="2"/><U101/><E115/><V65/><F111/><W92/><G105/><T51/><D51/><U46/><E113/><V18/><F122/><W63/><G69/><T88/><D88/><U5/><E60/><V56/><F126/><W86/><G63/><T107/><D107/><U108/><E108/><V62/><F117/><W11/><G124/><T36/><D36/><U44/><E101/><V66/><F66/><W17/><G39/><T31/><AGARI ba="3,1" hai="23,24,27,30,31,35,38,43,45,57,58,59,100,102" machi="31" ten="30,4000,0" yaku="1,1,0,1,53,1" doraHai="131" doraHaiUra="28" who="0" fromWho="0" sc="420,59,177,-23,106,-13,287,-13" /><INIT seed="6,0,0,3,1,8" ten="479,154,93,274" oya="2" hai0="126,25,46,43,42,47,54,125,19,77,86,97,38" hai1="103,100,58,52,132,73,17,70,88,12,3,83,23" hai2="20,60,121,24,119,36,107,80,115,67,9,5,87" hai3="114,4,109,2,18,75,15,91,37,124,95,110,50"/><V69/><F107/><W102/><G37/><T74/><D74/><U40/><E3/><V11/><F121/><W99/><G75/><T21/><D97/><U127/><E70/><V1/><F119/><W79/><G79/><T65/><D54/><U85/><E132/><V10/><F36/><W26/><G26/><T135/><D135/><U16/><E127/><N who="0" m="48649" /><D65/><U44/><E73/><V133/><F133/><W61/><G91/><T33/><D33/><U7/><E7/><V41/><F41/><N who="0" m="15370" /><D38/><U134/><E134/><V72/><F72/><W89/><G18/><T82/><AGARI ba="0,0" hai="19,21,25,46,47,77,82,86" m="15370,48649" machi="82" ten="30,1100,0" yaku="18,1" doraHai="8" who="0" fromWho="0" sc="479,11,154,-3,93,-5,274,-3" /><INIT seed="7,0,0,2,2,68" ten="490,151,88,271" oya="3" hai0="2,103,54,55,37,19,128,97,70,64,63,112,0" hai1="17,127,88,102,118,133,51,10,90,46,12,42,125" hai2="98,35,80,49,75,6,52,31,101,71,87,122,43" hai3="61,130,1,41,67,111,39,40,27,81,24,107,108"/><W78/><G130/><T99/><D37/><U93/><E133/><V18/><F71/><W48/><G107/><T38/><D38/><U29/><E118/><V36/><F75/><W9/><G39/><T50/><D55/><U15/><E29/><V28/><F122/><W86/><G1/><T100/><D19/><U113/><E113/><V76/><F35/><W30/><G9/><T8/><D8/><U110/><E110/><V82/><F6/><W132/><G132/><T89/><D89/><U59/><E15/><V74/><F18/><W124/><G124/><N who="1" m="47690" /><E59/><V131/><F131/><W13/><G13/><T116/><D116/><U126/><E126/><V32/><F32/><W117/><G117/><T7/><D50/><U45/><E45/><V66/><F66/><W79/><G48/><T120/><D99/><AGARI ba="0,0" hai="10,12,17,42,46,51,88,90,93,99,102" m="47690" machi="99" ten="30,2000,0" yaku="18,1,54,1" doraHai="68" who="1" fromWho="0" sc="490,-20,151,20,88,0,271,0" owari="470,57.0,171,-23.0,88,-41.0,271,7.0" /></mjloggm>