<mjloggm ver="2.3"><GO type="41" lobby="0"/><UN n0="%41%6B%6B%69%79" n1="%74%61%6E%69%73%68%69%59" n2="%E5%A6%B9%6B%6F%6E" n3="%E5%B0%B1%E6%B4%BB%E7%94%9F%40%E5%B7%9D%E6%9D%91%E8%BB%8D%E5%9B%A3" dan="15,13,14,15" rate="2020.58,1885.26,1952.32,2067.35" sx="M,M,M,M"/><TAIKYOKU oya="0"/><INIT seed="0,0,0,3,4,75" ten="250,250,250,250" oya="0" hai0="14,131,105,12,104,67,53,128,66,93,125,122,119" hai1="79,43,38,4,26,130,23,15,68,83,76,63,118" hai2="16,87,102,116,97,96,39,109,129,55,42,95,117" hai3="60,86,61,101,20,81,3,9,71,65,50,52,124"/><T17/><D122/><U54/><E118/><N who="2" m="45675" /><F109/><W32/><G124/><T107/><D119/><U84/><E38/><V126/><F126/><W28/><G32/><T8/><D125/><U0/><E0/><V132/><F132/><W100/><G3/><T21/><D93/><U78/><E43/><V64/><F64/><W35/><G35/><T48/><D67/><U5/><E68/><V47/><F129/><W89/><G9/><T106/><N who="0" m="26624" /><DORA hai="2" /><T85/><D85/><U59/><E130/><V11/><F55/><W115/><G115/><T29/><D66/><U113/><E113/><V77/><F96/><W90/><G90/><T25/><REACH who="0" step="1"/><D14/><REACH who="0" ten="240,250,250,250" step="2"/><U44/><E15/><N who="2" m="7295" /><F87/><W73/><G73/><T33/><D33/><U41/><E84/><V36/><F36/><W108/><G65/><T92/><D92/><U121/><E83/><V98/><F98/><W135/><G86/><T58/><AGARI ba="0,1" hai="8,12,17,21,25,29,48,53,58,128,131" m="26624" machi="58" ten="60,18000,2" yaku="1,1,0,1,53,5" doraHai="75,2" doraHaiUra="103,10" who="0" fromWho="0" sc="240,190,250,-60,250,-60,250,-60" /><INIT seed="0,1,0,4,1,93" ten="430,190,190,190" oya="0" hai0="89,56,91,67,131,124,108,97,43,82,130,85,113" hai1="24,44,58,106,49,29,54,0,7,116,22,110,59" hai2="41,81,111,26,60,62,104,88,115,31,84,25,2" hai3="101,73,47,126,94,114,133,95,12,52,8,37,117"/><T9/><D113/><U122/><E116/><V21/><F115/><W20/><G73/><T74/><D43/><U69/><E122/><V50/><F111/><W53/><G117/><T121/><D121/><U125/><E110/><V35/><F2/><W75/><G75/><T103/><D108/><U70/><E106/><V33/><F104/><W100/><G114/><T128/><D9/><U123/><E123/><V87/><F35/><W11/><G37/><T46/><D46/><U64/><E59/><V48/><F84/><W105/><G105/><N who="0" m="63727" /><D124/><U86/><E125/><V96/><F96/><N who="3" m="59415" /><G126/><T32/><D32/><U28/><E7/><V1/><F1/><W80/><G80/><T99/><D74/><U61/><E0/><V16/><F50/><N who="3" m="28767" /><G133/><T57/><D67/><U72/><E72/><V3/><F3/><W66/><G66/><T39/><D39/><U76/><E28/><V112/><F112/><W15/><G53/><T98/><D57/><U120/><E120/><V18/><F41/><W19/><G15/><T27/><D56/><U36/><E36/><V45/><F45/><W5/><G5/><T23/><D91/><U77/><E70/><V119/><F48/><W90/><G101/><T71/><D71/><U17/><E69/><V30/><REACH who="2" step="1"/><F119/><REACH who="2" ten="430,190,180,190" step="2"/><W4/><G4/><T109/><D109/><U34/><E86/><AGARI ba="1,1" hai="8,11,12,19,20,86,90,95" m="28767,59415" machi="86" ten="30,3900,0" yaku="8,1,52,1,54,1" doraHai="93" who="3" fromWho="1" sc="430,0,190,-42,180,0,190,52" /><INIT seed="1,0,0,2,3,21" ten="430,148,180,242" oya="1" hai0="27,0,39,19,109,106,124,31,49,119,112,55,90" hai1="38,23,32,110,131,13,69,135,22,36,46,47,1" hai2="63,66,42,45,87,126,81,107,127,73,4,75,111" hai3="93,128,78,95,123,117,43,133,100,125,118,24,62"/><U76/><E69/><V114/><F111/><W99/><G123/><T30/><D106/><U115/><E115/><V94/><F107/><W98/><G43/><T14/><D39/><U85/><E110/><V8/><F94/><W96/><G125/><N who="2" m="47625" /><F114/><W120/><G120/><T122/><D0/><U71/><E71/><N who="2" m="42463" /><F87/><W20/><G133/><T6/><D124/><U70/><E70/><V82/><F81/><W77/><G62/><T25/><D122/><U34/><E135/><V26/><F82/><W41/><G41/><T129/><D119/><N who="3" m="45577" /><G128/><T134/><D6/><U9/><E131/><V2/><F26/><W50/><G50/><AGARI ba="0,0" hai="2,4,8,42,45,50,73,75" m="42463,47625" machi="50" ten="30,1000,0" yaku="18,1" doraHai="21" who="2" fromWho="3" sc="430,0,148,0,180,10,242,-10" /><INIT seed="2,0,0,3,2,78" ten="430,148,190,232" oya="2" hai0="117,62,28,120,108,57,110,93,9,23,128,45,41" hai1="126,2,27,11,122,71,44,77,48,30,111,20,0" hai2="101,129,102,39,38,55,56,103,118,112,84,4,131" hai3="58,114,130,12,67,125,3,49,94,107,95,96,90"/><V1/><F118/><W32/><G3/><T86/><D120/><U116/><E111/><V81/><F112/><W88/><G32/><T13/><D128/><N who="2" m="49226" /><F4/><W80/><G114/><T134/><D134/><U24/><E116/><V37/><F1/><W59/><G125/><T98/><D117/><U16/><E71/><V99/><F99/><N who="3" m="57799" /><G107/><T5/><D86/><U29/><E126/><V17/><F17/><W42/><G130/><T54/><D23/><U87/><E0/><V82/><F84/><N who="3" m="50439" /><G67/><T124/><D28/><U60/><E60/><AGARI ba="0,0" hai="37,38,39,55,56,60,81,82,101,102,103" m="49226" machi="60" ten="40,7700,0" yaku="19,1,52,2" doraHai="78" who="2" fromWho="1" sc="430,0,148,-77,190,77,232,0" /><INIT seed="2,1,0,5,3,83" ten="430,71,267,232" oya="2" hai0="102,95,117,24,113,98,16,22,135,67,87,124,7" hai1="90,0,59,17,19,103,94,132,74,111,130,127,69" hai2="119,33,50,63,112,62,35,128,39,14,23,92,75" hai3="26,65,72,61,85,13,60,80,91,43,55,47,115"/><V126/><F119/><W123/><G123/><T46/><D135/><U48/><E69/><V131/><F39/><W78/><G115/><T109/><D124/><U120/><E48/><V122/><F112/><W38/><G55/><T73/><D73/><U53/><E53/><V77/><F126/><W106/><G106/><T52/><D109/><U58/><E58/><V66/><F122/><W86/><G72/><T99/><D67/><U118/><E59/><V18/><F62/><W54/><G54/><T6/><D117/><U5/><E103/><V32/><F50/><W28/><G13/><T36/><D36/><U41/><E41/><V56/><F92/><W96/><G96/><T79/><D99/><U129/><E90/><V100/><F100/><W105/><G105/><T30/><D30/><U1/><E94/><V108/><F108/><W107/><G107/><T45/><D113/><U51/><E51/><V57/><F57/><W29/><G29/><T116/><D116/><U121/><E74/><V10/><F75/><W31/><G31/><T8/><D8/><U93/><E93/><V44/><F77/><W34/><G65/><T11/><D11/><U20/><E111/><V89/><F44/><N who="0" m="17002" /><D52/><U110/><E110/><V70/><F70/><W2/><G2/><T3/><D3/><U114/><E127/><V101/><F10/><W104/><G104/><T12/><D12/><U71/><E71/><V134/><F14/><W15/><G15/><T4/><D6/><U133/><E114/><V97/><F97/><W25/><G25/><T68/><D68/><U64/><E118/><RYUUKYOKU ba="1,0" sc="430,15,71,-15,267,-15,232,15" hai0="4,7,16,22,24,79,87,95,98,102" hai3="26,28,34,38,43,47,60,61,78,80,85,86,91" /><INIT seed="3,2,0,0,4,48" ten="445,56,252,247" oya="3" hai0="42,133,75,15,30,45,118,12,46,128,120,81,106" hai1="92,26,62,11,70,38,20,51,53,101,99,40,114" hai2="87,57,17,94,67,115,135,89,16,27,44,126,43" hai3="129,78,86,54,63,41,69,108,4,58,79,123,117"/><W10/><G123/><T103/><D128/><U125/><E125/><V18/><F115/><W65/><G117/><T95/><D106/><U105/><E114/><V13/><F126/><W116/><G116/><T112/><D133/><U29/><E11/><V74/><F74/><W3/><G129/><T2/><D2/><U109/><E109/><V33/><F135/><W91/><G41/><T77/><D46/><U88/><E40/><V100/><F100/><W55/><G108/><T14/><D30/><U127/><E38/><V93/><F93/><W60/><REACH who="3" step="1"/><G54/><REACH who="3" ten="445,56,252,237" step="2"/><T24/><D120/><U96/><E127/><V83/><F67/><W7/><G7/><T124/><D124/><U5/><E5/><V28/><F43/><W82/><AGARI ba="2,1" hai="3,4,10,55,58,60,63,65,69,78,79,82,86,91" machi="82" ten="20,7800,0" yaku="1,1,0,1,7,1,52,1,53,0" doraHai="48" doraHaiUra="121" who="3" fromWho="3" sc="445,-28,56,-28,252,-28,237,94" /><INIT seed="3,3,0,3,4,107" ten="417,28,224,331" oya="3" hai0="22,86,32,87,49,84,1,46,73,38,33,106,28" hai1="93,110,94,30,39,71,2,123,51,47,17,130,70" hai2="90,122,97,75,12,95,105,11,120,112,40,59,53" hai3="98,66,52,118,68,116,6,119,128,10,61,29,43"/><W85/><G128/><T83/><D106/><U92/><E123/><N who="2" m="47147" /><F112/><W103/><G43/><T24/><D38/><U4/><E110/><V21/><F40/><W45/><G29/><T78/><REACH who="0" step="1"/><D1/><REACH who="0" ten="407,28,224,331" step="2"/><U81/><E39/><V77/><F105/><W41/><G116/><T126/><D126/><U57/><E130/><V96/><F21/><W16/><G119/><T134/><D134/><U20/><E2/><V113/><F113/><W65/><G118/><T44/><D44/><U62/><E4/><V63/><F97/><W64/><G6/><T25/><D25/><U124/><E124/><V26/><F26/><W60/><G45/><T99/><D99/><U104/><E104/><V23/><F23/><W35/><G98/><T131/><D131/><U89/><E30/><V108/><F108/><W31/><G103/><T125/><D125/><U8/><E8/><V15/><F11/><W67/><G68/><T121/><D121/><U88/><E71/><V19/><F19/><W114/><G16/><T135/><D135/><U5/><E5/><V50/><F96/><W102/><G10/><T9/><D9/><U72/><E70/><V42/><F12/><W101/><G31/><T0/><D0/><U55/><E17/><V76/><F15/><W37/><G37/><T54/><AGARI ba="3,1" hai="22,24,28,32,33,46,49,54,73,78,83,84,86,87" machi="54" ten="30,7900,0" yaku="1,1,0,1,52,1,53,1" doraHai="107" doraHaiUra="79" who="0" fromWho="0" sc="407,98,28,-23,224,-23,331,-42" /><INIT seed="4,0,0,5,3,17" ten="505,5,201,289" oya="0" hai0="81,73,18,88,20,75,91,125,107,29,135,129,105" hai1="24,8,59,76,83,39,110,97,63,2,56,67,101" hai2="126,120,86,7,23,124,55,21,27,45,64,10,68" hai3="12,114,104,9,32,78,54,62,123,28,35,80,43"/><T106/><D29/><U13/><E39/><V38/><F120/><W15/><G104/><T69/><D69/><U89/><E2/><V100/><F100/><W14/><G123/><T112/><D112/><U0/><E0/><V128/><F128/><W36/><G114/><T5/><D5/><U111/><E89/><V93/><F27/><W94/><G9/><T98/><D129/><U16/><E59/><V11/><F11/><W127/><G127/><N who="2" m="48681" /><F64/><W50/><G28/><T26/><D135/><U49/><E49/><N who="2" m="29103" /><F38/><W53/><G94/><T31/><D125/><U40/><E40/><V121/><F121/><W82/><G36/><T58/><D31/><U44/><E44/><V30/><F30/><W133/><G43/><T131/><D131/><U85/><E24/><V19/><F19/><W74/><G133/><T115/><D18/><U37/><E37/><V46/><F46/><W72/><G35/><T99/><D26/><U42/><E42/><V119/><F119/><W102/><G102/><T90/><D115/><U84/><E84/><V3/><F68/><W4/><G32/><T134/><D58/><U109/><E109/><V92/><F86/><W108/><G108/><T61/><D75/><U117/><E117/><V118/><F118/><W60/><G4/><T113/><D73/><U22/><E8/><V57/><F57/><N who="3" m="32951" /><G54/><T47/><D107/><AGARI ba="0,0" hai="13,16,22,56,63,67,76,83,85,97,101,107,110,111" machi="107" ten="30,3900,0" yaku="7,1,52,1,54,1" doraHai="17" who="1" fromWho="0" sc="505,-39,5,39,201,0,289,0" /><INIT seed="5,0,0,0,2,17" ten="466,44,201,289" oya="1" hai0="115,39,71,56,100,131,70,109,91,54,133,55,80" hai1="26,32,25,41,132,18,51,129,28,68,12,48,86" hai2="120,67,50,106,127,118,108,60,134,117,52,5,34" hai3="47,111,116,57,59,29,121,22,4,30,130,107,122"/><U21/><E68/><V104/><F120/><W23/><G107/><T79/><D100/><U15/><E129/><V37/><F134/><W7/><G47/><T110/><D39/><U83/><E132/><V125/><F108/><W20/><G111/><T0/><D0/><U9/><E41/><V81/><F37/><W36/><G36/><T87/><D115/><U66/><E66/><V33/><F81/><W43/><G43/><T128/><D55/><U114/><E26/><V46/><F5/><N who="3" m="2123" /><G130/><N who="0" m="49707" /><D133/><U1/><E114/><V64/><F64/><W123/><G116/><N who="2" m="44649" /><F104/><W94/><G94/><T74/><D71/><U77/><REACH who="1" step="1"/><E1/><REACH who="1" ten="466,34,201,289" step="2"/><V76/><F67/><W6/><G6/><AGARI ba="0,1" hai="6,9,12,15,18,21,25,28,32,48,51,77,83,86" machi="6" ten="30,11600,0" yaku="1,1,2,1,7,1,52,1,53,0" doraHai="17" doraHaiUra="40" who="1" fromWho="3" sc="466,0,34,126,201,0,289,-116" /><INIT seed="5,1,0,3,2,6" ten="466,160,201,173" oya="1" hai0="101,38,1,61,43,44,117,104,40,108,55,76,12" hai1="9,48,31,8,51,114,4,16,135,78,22,98,77" hai2="118,94,68,87,52,54,82,60,103,18,112,75,73" hai3="64,100,11,50,95,27,128,42,125,91,21,74,126"/><U120/><E120/><V106/><F118/><W15/><G74/><T130/><D43/><U81/><E114/><V29/><F106/><W35/><G35/><T63/><D101/><U122/><E122/><V127/><F127/><N who="3" m="48651" /><G128/><T86/><D104/><U56/><E135/><V25/><F18/><N who="3" m="12727" /><G100/><T132/><D1/><U37/><E37/><V66/><F112/><W3/><G64/><T107/><D107/><U49/><E31/><V28/><F28/><W99/><G3/><T80/><D130/><U124/><E124/><V13/><F13/><W93/><G93/><T58/><D132/><U115/><E115/><V57/><F54/><W71/><G71/><T92/><D108/><U14/><E98/><V69/><F69/><W105/><G105/><T41/><D41/><U67/><E4/><V59/><F68/><W85/><G50/><T39/><D39/><U134/><E134/><V88/><F94/><W133/><G42/><T7/><D92/><U96/><E96/><V111/><F103/><W53/><G53/><T5/><D117/><U23/><E23/><V45/><F45/><W62/><G62/><T20/><D63/><N who="1" m="38375" /><E81/><V109/><F73/><W34/><G34/><T84/><D84/><U65/><E65/><V26/><F75/><W113/><G113/><T89/><D76/><AGARI ba="1,0" hai="8,9,14,16,22,48,49,51,76,77,78" m="38375" machi="76" ten="30,11600,0" yaku="8,1,52,2,54,1" doraHai="6" who="1" fromWho="0" sc="466,-119,160,119,201,0,173,0" /><INIT seed="5,2,0,2,1,97" ten="347,279,201,173" oya="1" hai0="56,63,110,36,82,48,70,74,24,67,16,33,116" hai1="49,52,114,127,125,51,102,113,92,26,78,64,109" hai2="20,10,30,61,95,104,47,121,103,90,66,122,72" hai3="0,45,80,27,81,54,2,119,25,133,101,39,31"/><U91/><E64/><V86/><F72/><W123/><G123/><T132/><D36/><U98/><E78/><V60/><F47/><W34/><G133/><T129/><D132/><U14/><E109/><V128/><F128/><W12/><G119/><T58/><D129/><U89/><E26/><V73/><F73/><W35/><G12/><T99/><D116/><U107/><E14/><V120/><F10/><W68/><G68/><T9/><D33/><U38/><E38/><V46/><F46/><W5/><G5/><T130/><D110/><U115/><E49/><V77/><F77/><W19/><G39/><T112/><D112/><U93/><E93/><V15/><F60/><W43/><G43/><T28/><D28/><U96/><REACH who="1" step="1"/><E91/><REACH who="1" ten="347,269,201,173" step="2"/><V23/><F15/><W83/><G0/><T105/><D130/><U41/><E41/><V131/><F131/><W118/><G2/><T100/><D67/><U126/><E126/><V57/><F122/><W50/><G118/><T59/><D105/><U108/><E108/><V76/><F121/><W117/><G117/><T85/><D24/><U37/><E37/><V106/><F120/><W22/><G35/><T6/><D48/><U94/><E94/><V18/><F106/><W71/><G71/><T65/><D65/><U1/><E1/><V75/><F66/><W111/><G111/><T79/><D79/><U17/><E17/><V32/><F18/><W69/><G69/><T53/><D16/><U7/><E7/><V44/><F76/><W124/><G124/><T55/><D6/><U8/><E8/><V134/><F104/><RYUUKYOKU ba="2,1" sc="347,-15,269,15,201,-15,173,15" hai1="51,52,89,92,96,98,102,107,113,114,115,125,127" hai3="19,22,25,27,31,34,45,50,54,80,81,83,101" /><INIT seed="5,3,1,2,0,34" ten="332,284,186,188" oya="1" hai0="99,15,72,129,133,93,89,135,57,55,33,102,62" hai1="17,16,106,108,131,85,94,51,5,3,90,50,26" hai2="46,67,52,104,100,35,1,92,96,122,66,75,61" hai3="54,7,98,73,45,49,130,128,68,24,79,123,120"/><U103/><E108/><V91/><F122/><N who="3" m="46635" /><G73/><T118/><D33/><U37/><E37/><V4/><F35/><W19/><G79/><T29/><D29/><U125/><E125/><V111/><F75/><W23/><G7/><T117/><D72/><U109/><E109/><V11/><F111/><W115/><G98/><T95/><D129/><N who="3" m="49769" /><G68/><T38/><D38/><U20/><E131/><V30/><F30/><W36/><G36/><T121/><D121/><U71/><E71/><V28/><F28/><W6/><G6/><T112/><D112/><AGARI ba="3,1" hai="19,23,24,45,49,54,112,115" m="49769,46635" machi="112" ten="40,1300,0" yaku="19,1" doraHai="34" who="3" fromWho="0" sc="332,-22,284,0,186,0,188,32" /><INIT seed="6,0,0,5,1,65" ten="310,284,186,220" oya="2" hai0="67,126,47,119,10,132,114,106,28,36,79,37,85" hai1="86,76,111,41,73,109,64,94,61,8,1,93,74" hai2="53,110,123,21,23,5,91,131,100,9,56,95,29" hai3="63,116,57,97,87,89,82,49,128,103,62,46,59"/><V92/><F123/><W81/><G116/><T84/><D106/><U125/><E41/><V24/><F110/><W70/><G128/><T33/><D132/><U68/><E125/><V44/><F131/><W130/><G130/><T118/><D126/><U14/><E1/><V38/><F100/><W115/><G115/><T58/><D114/><U98/><E93/><V60/><F21/><W78/><G70/><T112/><D112/><U20/><E20/><V6/><F6/><W45/><G103/><T35/><D10/><U2/><E2/><V32/><F32/><W3/><G3/><T7/><D7/><U104/><E104/><V13/><F38/><W134/><G134/><T102/><D102/><U90/><E111/><V108/><F108/><W101/><G101/><T80/><D85/><U133/><E133/><V107/><F107/><W25/><G25/><N who="0" m="18575" /><D35/><U71/><E71/><V22/><F22/><W0/><G0/><T121/><D121/><U75/><E109/><V17/><F44/><N who="3" m="17003" /><G49/><T34/><D34/><U4/><REACH who="1" step="1"/><E98/><REACH who="1" ten="310,274,186,220" step="2"/><V26/><F26/><W16/><G97/><T135/><D135/><U72/><E72/><V50/><F29/><W52/><G82/><AGARI ba="0,1" hai="4,8,14,61,64,68,73,74,75,76,82,86,90,94" machi="82" ten="40,2600,0" yaku="1,1,52,1,53,0" doraHai="65" doraHaiUra="39" who="1" fromWho="3" sc="310,0,274,36,186,0,220,-26" /><INIT seed="7,0,0,0,2,77" ten="310,310,186,194" oya="3" hai0="8,79,64,7,15,58,97,32,91,36,122,86,13" hai1="114,76,42,3,31,113,125,49,6,129,54,115,70" hai2="108,25,119,109,10,78,99,133,100,17,2,57,41" hai3="38,9,71,46,73,124,130,40,111,50,92,72,121"/><W35/><G121/><T101/><D36/><U131/><E70/><V83/><F119/><W33/><G71/><T55/><D32/><U28/><E42/><V98/><F133/><W93/><G124/><T127/><D79/><U126/><E76/><V39/><F98/><W135/><G135/><T23/><D64/><U116/><E116/><V63/><F39/><W89/><G130/><N who="1" m="49674" /><E6/><V4/><F41/><W59/><G111/><T84/><D127/><N who="1" m="48651" /><E3/><V132/><F132/><W18/><G93/><N who="0" m="58543" /><D122/><U43/><E43/><V94/><F25/><W20/><G9/><N who="0" m="4287" /><D23/><U112/><E112/><V69/><F17/><W107/><G35/><T120/><D120/><U134/><E134/><V118/><F69/><W123/><G33/><T47/><D47/><AGARI ba="0,0" hai="28,31,47,49,54,113,114,115" m="48651,49674" machi="47" ten="40,5200,0" yaku="15,1,19,1,18,1" doraHai="77" who="1" fromWho="0" sc="310,-52,310,52,186,0,194,0" owari="258,6.0,362,46.0,186,-31.0,194,-21.0" /></mjloggm>