<mjloggm ver="2.3"><GO type="97" lobby="0"/><UN n0="%6D%61%65%2D%6B%65%6E%6E" n1="%E5%B0%B1%E6%B4%BB%E7%94%9F%40%E5%B7%9D%E6%9D%91%E8%BB%8D%E5%9B%A3" n2="%E5%85%A8%E5%B1%80%E5%8F%82%E5%8A%A0%E5%9E%8B%E9%9B%80%E5%A3%AB" n3="%E4%B8%89%E5%B0%8B%E6%9C%A8%E5%92%8F" dan="13,15,15,13" rate="1849.43,2071.47,2019.45,1923.49" sx="M,M,M,F"/><TAIKYOKU oya="0"/><INIT seed="0,0,0,2,1,66" ten="250,250,250,250" oya="0" hai0="134,10,98,41,90,58,115,79,94,46,108,69,43" hai1="135,123,21,85,82,35,109,64,133,88,34,122,80" hai2="130,9,23,84,15,32,125,110,76,87,95,26,19" hai3="14,70,56,29,93,113,17,124,12,119,114,25,22"/><T33/><D115/><U127/><E64/><V104/><F104/><W101/><G56/><T68/><D134/><N who="1" m="51211" /><E109/><V45/><F110/><W0/><G119/><T86/><D33/><N who="1" m="12299" /><E127/><V36/><F125/><W126/><G93/><T28/><D28/><U7/><E7/><V73/><F73/><W13/><G101/><T120/><D120/><N who="1" m="46123" /><E21/><V38/><F32/><N who="3" m="20527" /><G126/><T54/><D108/><U57/><E57/><V50/><F130/><W102/><G102/><T5/><D43/><U62/><E62/><V2/><F2/><W30/><G0/><T51/><D79/><U105/><E105/><V117/><F117/><W42/><G42/><T44/><D98/><U129/><E129/><V91/><F76/><W55/><G124/><T47/><REACH who="0" step="1"/><D41/><REACH who="0" ten="240,250,250,250" step="2"/><U49/><E49/><V3/><F84/><W59/><G114/><T11/><D11/><U131/><E131/><V107/><F107/><W63/><G113/><T16/><D16/><U89/><E85/><V40/><REACH who="2" step="1"/><F3/><AGARI ba="0,1" hai="3,5,10,44,46,47,51,54,58,68,69,86,90,94" machi="3" ten="40,7700,0" yaku="1,1,52,2,53,0" doraHai="66" doraHaiUra="8" who="0" fromWho="2" sc="240,87,250,0,250,-77,250,0" /><INIT seed="0,1,0,4,1,123" ten="327,250,173,250" oya="0" hai0="51,122,106,134,31,62,80,116,8,11,37,52,2" hai1="128,41,125,42,26,74,130,73,34,117,32,79,58" hai2="24,71,22,124,132,5,67,103,15,77,43,27,94" hai3="131,7,75,60,81,63,115,3,83,20,70,84,14"/><T47/><D116/><U45/><E117/><V18/><F43/><W91/><G131/><N who="1" m="50218" /><E125/><V98/><F124/><W46/><G115/><T85/><D122/><U44/><E58/><V29/><F132/><W72/><G70/><T12/><D134/><U113/><E113/><V59/><F71/><W102/><G102/><T40/><D106/><U92/><E92/><V38/><F38/><W36/><G75/><N who="1" m="28682" /><E79/><V23/><F77/><N who="3" m="44199" /><G20/><T135/><D31/><U28/><E26/><V33/><F5/><W16/><G7/><T56/><D135/><U30/><E28/><V129/><F129/><W86/><G3/><T0/><D11/><U4/><E4/><V61/><REACH who="2" step="1"/><F15/><REACH who="2" ten="327,250,163,250" step="2"/><W35/><G14/><T49/><D37/><N who="1" m="21551" /><E30/><V119/><F119/><W87/><G36/><AGARI ba="1,1" hai="32,34,36,42,45" m="21551,28682,50218" machi="36" ten="30,2000,0" yaku="19,1,23,1" doraHai="123" who="1" fromWho="3" sc="327,0,250,33,163,0,250,-23" /><INIT seed="1,0,0,0,1,13" ten="327,283,163,227" oya="1" hai0="86,75,105,0,80,52,54,70,84,106,91,124,58" hai1="125,89,39,62,11,100,30,46,93,4,95,32,71" hai2="104,14,28,83,76,66,134,94,107,57,60,27,65" hai3="17,38,42,41,101,131,55,73,127,50,132,35,119"/><U133/><E125/><V10/><F134/><W82/><G101/><T23/><D124/><U88/><E133/><V123/><F123/><W64/><G64/><T135/><D135/><U47/><E100/><V87/><F66/><W128/><G50/><T2/><D70/><U126/><E126/><V98/><F98/><W22/><G55/><T92/><D75/><U34/><E71/><V24/><F94/><W36/><G82/><T113/><D113/><U44/><E62/><V72/><F72/><W102/><G102/><T110/><D110/><U109/><E39/><V121/><F121/><W3/><G22/><T97/><D2/><U81/><E109/><V25/><REACH who="2" step="1"/><F28/><REACH who="2" ten="327,283,153,227" step="2"/><W6/><G73/><T51/><D97/><U78/><E30/><V1/><F1/><W69/><G3/><T114/><D0/><U19/><E93/><V48/><F48/><W61/><G132/><T31/><D114/><U85/><E95/><V117/><F117/><W74/><G119/><T8/><D105/><U96/><E96/><V33/><F33/><W59/><G35/><T77/><D106/><U20/><E32/><V67/><F67/><W53/><G74/><T122/><D122/><U130/><E34/><V12/><F12/><W103/><G127/><T118/><D118/><U116/><E116/><V129/><F129/><W5/><G128/><T49/><D51/><U90/><E130/><V63/><F63/><W111/><G61/><T120/><D49/><U40/><E40/><V26/><N who="2" m="6144" /><DORA hai="56" /><V16/><AGARI ba="0,1" hai="10,14,16,57,60,65,76,83,87,104,107" m="6144" machi="16" ten="40,12000,2" yaku="1,1,4,1,0,1,52,2,54,1,53,1" doraHai="13,56" doraHaiUra="29,9" who="2" fromWho="2" sc="327,-30,283,-60,153,130,227,-30" /><INIT seed="2,0,0,5,2,17" ten="297,223,283,197" oya="2" hai0="43,109,64,55,34,29,79,106,75,11,37,35,116" hai1="133,8,93,129,61,77,111,54,130,19,1,53,135" hai2="4,70,107,125,134,112,38,20,7,102,118,5,119" hai3="49,31,85,24,94,18,122,96,57,56,60,66,117"/><V30/><F70/><W127/><G127/><T72/><D55/><N who="1" m="21003" /><E77/><V100/><F38/><W2/><G122/><T14/><D109/><U95/><E61/><V69/><F69/><W62/><G117/><T44/><D116/><U84/><E84/><V83/><F83/><W51/><G2/><T108/><D108/><U123/><E123/><V15/><F112/><W25/><G85/><T22/><D106/><U12/><E1/><V50/><F125/><W78/><G78/><T110/><D110/><U73/><E73/><V13/><F134/><N who="1" m="51209" /><E111/><V76/><F76/><W23/><G25/><T28/><D64/><U36/><E36/><V74/><F74/><W103/><G18/><T45/><D45/><U89/><E89/><V3/><F3/><W26/><G26/><T114/><D79/><U80/><E80/><V52/><F107/><W120/><G120/><T126/><D126/><U48/><E48/><V16/><F118/><W65/><AGARI ba="0,0" hai="23,24,31,49,51,56,57,60,62,65,66,94,96,103" machi="65" ten="20,12000,2" yaku="0,1,7,1,9,1,25,2,8,1,52,1" doraHai="17" who="3" fromWho="3" sc="297,-30,223,-30,283,-60,197,120" /><INIT seed="3,0,0,2,5,87" ten="267,193,223,317" oya="3" hai0="1,114,66,33,54,83,81,100,22,75,119,8,24" hai1="19,7,43,72,16,77,45,48,112,14,39,32,55" hai2="74,57,30,31,130,69,52,129,73,51,36,44,41" hai3="17,23,20,135,50,116,98,89,125,53,40,86,105"/><W71/><G125/><T88/><D119/><U106/><E112/><V80/><F69/><W64/><G135/><T76/><D114/><U38/><E106/><V126/><F126/><W132/><G132/><T115/><D115/><U107/><E107/><V103/><F103/><W49/><G116/><T123/><D123/><U111/><E32/><V26/><F30/><W5/><G5/><T104/><D33/><U82/><E111/><V9/><F9/><W93/><G40/><T46/><D66/><U108/><E108/><V37/><F37/><W6/><G6/><T85/><D100/><U56/><E7/><V91/><F91/><W121/><G121/><T118/><D104/><U29/><E29/><V133/><F133/><W25/><G105/><T128/><D128/><N who="2" m="49258" /><F80/><W117/><G117/><T90/><D118/><U134/><E134/><V113/><F113/><W109/><G109/><T101/><D101/><U120/><E120/><V21/><AGARI ba="0,0" hai="21,26,31,36,41,44,51,52,57,73,74" m="49258" machi="21" ten="30,2000,0" yaku="19,1,54,1" doraHai="87" who="2" fromWho="2" sc="267,-5,193,-5,223,20,317,-10" owari="262,6.0,188,-31.0,243,-16.0,307,41.0" /></mjloggm>