<mjloggm ver="2.3"><GO type="41" lobby="0"/><UN n0="%6B%75%6B%65%6B%65%6B%65" n1="%73%75%73%75%6B%69%74%69" n2="%E5%B0%B1%E6%B4%BB%E7%94%9F%40%E5%B7%9D%E6%9D%91%E8%BB%8D%E5%9B%A3" n3="%E7%AC%9B" dan="16,15,16,15" rate="2032.46,2008.94,2099.75,1931.97" sx="M,M,M,M"/><TAIKYOKU oya="0"/><INIT seed="0,0,0,1,3,57" ten="250,250,250,250" oya="0" hai0="2,120,69,63,39,3,72,124,5,105,102,1,131" hai1="56,88,61,108,50,111,51,66,36,92,46,65,79" hai2="37,116,12,35,54,83,55,132,91,130,62,78,70" hai3="8,49,93,47,45,80,117,81,10,52,22,87,68"/><T6/><D6/><U85/><E79/><V42/><F35/><W23/><G68/><T13/><D13/><U76/><E76/><V135/><F116/><W40/><G117/><T29/><D5/><U24/><E24/><V15/><F130/><W43/><G93/><T27/><D72/><U28/><E28/><V33/><F33/><W109/><G109/><T38/><D120/><U127/><E127/><V31/><F31/><W98/><G98/><N who="0" m="61655" /><D131/><U123/><E123/><V115/><F115/><W95/><G95/><T104/><D104/><U77/><E77/><V86/><F37/><W134/><G134/><N who="2" m="51241" /><F42/><N who="3" m="15915" /><G47/><T82/><D82/><N who="3" m="31849" /><G87/><T59/><D59/><U107/><E107/><V44/><F44/><W41/><G41/><T74/><D124/><U90/><E36/><V18/><F78/><W103/><G103/><T64/><D74/><U21/><E90/><V113/><F113/><W20/><AGARI ba="0,0" hai="8,10,20,22,23,45,49,52" m="31849,15915" machi="20" ten="30,2000,0" yaku="8,1,54,1" doraHai="57" who="3" fromWho="3" sc="250,-10,250,-5,250,-5,250,20" /><INIT seed="1,0,0,2,1,56" ten="240,245,245,270" oya="1" hai0="127,31,91,75,27,67,128,72,59,40,99,79,42" hai1="6,29,134,62,17,132,70,39,121,30,109,71,126" hai2="104,64,82,120,103,116,74,28,119,98,35,1,73" hai3="14,94,78,124,101,15,49,84,68,135,86,20,61"/><U25/><E39/><V22/><F22/><W8/><G124/><T37/><D37/><U2/><E121/><V16/><F120/><W96/><G49/><T13/><D13/><U122/><E122/><V65/><F16/><W60/><G68/><T90/><D67/><U23/><E126/><V11/><F64/><W18/><G135/><N who="1" m="51754" /><E109/><V85/><F65/><W118/><G118/><T24/><D31/><U48/><E48/><V9/><F9/><W133/><G133/><T83/><D128/><U130/><E130/><V57/><F57/><W63/><G78/><T100/><D127/><U12/><E62/><V80/><F80/><W41/><G41/><T50/><D42/><U97/><E97/><V21/><F21/><W55/><G55/><T44/><D99/><U51/><E51/><V46/><F46/><W89/><G101/><T123/><D100/><U7/><E30/><V36/><F36/><W108/><G108/><T38/><D38/><U110/><E110/><V69/><F69/><N who="1" m="26121" /><E2/><V95/><F28/><W117/><G117/><T129/><D129/><U43/><E43/><V66/><F66/><W53/><G53/><T114/><D40/><U45/><E45/><V54/><F54/><W19/><AGARI ba="0,0" hai="8,14,15,18,19,20,60,61,63,84,86,89,94,96" machi="19" ten="30,8000,1" yaku="0,1,8,1,52,3" doraHai="56" who="3" fromWho="3" sc="240,-20,245,-40,245,-20,270,80" /><INIT seed="2,0,0,5,0,28" ten="220,205,225,350" oya="2" hai0="84,43,77,48,58,30,69,36,118,117,26,94,86" hai1="64,90,123,55,8,21,85,135,93,11,98,83,59" hai2="133,1,103,7,74,113,14,111,75,97,132,23,92" hai3="130,120,104,102,60,131,12,10,68,89,31,19,53"/><V114/><F1/><W95/><G31/><T51/><D69/><U57/><E123/><V33/><F33/><W128/><G120/><T134/><D36/><U96/><E135/><N who="2" m="51787" /><F7/><W129/><G129/><T91/><D134/><U73/><E73/><N who="2" m="27659" /><F14/><W81/><G81/><N who="0" m="47151" /><D58/><U72/><E72/><V116/><F23/><W5/><G5/><T3/><D43/><U44/><E98/><V79/><F116/><N who="0" m="44650" /><D3/><U15/><E44/><V35/><F35/><AGARI ba="0,0" hai="26,30,35,48,51,86,91,94" m="44650,47151" machi="35" ten="30,2000,0" yaku="12,1,52,1" doraHai="28" who="0" fromWho="2" sc="220,20,205,0,225,-20,350,0" /><INIT seed="3,0,0,2,5,28" ten="240,205,205,350" oya="3" hai0="120,44,104,102,36,35,63,131,47,21,94,88,71" hai1="19,115,38,87,26,60,11,84,34,0,32,1,67" hai2="99,68,48,103,45,9,112,130,134,128,49,12,122" hai3="22,61,50,89,30,53,111,39,55,118,27,93,66"/><W59/><G39/><T43/><D120/><U125/><E38/><V133/><F112/><W6/><G118/><T41/><D131/><N who="2" m="50218" /><F68/><W109/><G6/><T56/><D71/><U126/><E115/><V10/><F122/><W69/><REACH who="3" step="1"/><G55/><REACH who="3" ten="240,205,205,340" step="2"/><T75/><D36/><U51/><E51/><V105/><F49/><W33/><G33/><N who="1" m="12906" /><E60/><V74/><F48/><W20/><G20/><T78/><D21/><N who="1" m="13631" /><E67/><V100/><F10/><W108/><G108/><T73/><D63/><U31/><E31/><V80/><F9/><W83/><G83/><T123/><D123/><U52/><E52/><V91/><F80/><W101/><G101/><T132/><D102/><U2/><E11/><V117/><F103/><W16/><G16/><T65/><D65/><U57/><E57/><V29/><F100/><W95/><G95/><T77/><D88/><U23/><E23/><V13/><F91/><W116/><G116/><T97/><D94/><U119/><E119/><V107/><F117/><W135/><G135/><T124/><D132/><U62/><E62/><V42/><F133/><W46/><G46/><T76/><D47/><U14/><E14/><V90/><F134/><W113/><G113/><T98/><D44/><U64/><E64/><V70/><F13/><W17/><G17/><T79/><D56/><U8/><E8/><V106/><F12/><W58/><G58/><T96/><D43/><U4/><E4/><V15/><F15/><W54/><G54/><T114/><D41/><U110/><E110/><V81/><F45/><W5/><G5/><T127/><N who="0" m="19968" /><DORA hai="85" /><T7/><D7/><RYUUKYOKU ba="0,1" sc="240,-15,205,15,205,-15,340,15" hai1="0,1,2,84,87,125,126" hai3="22,27,30,50,53,59,61,66,69,89,93,109,111" /><INIT seed="3,1,1,5,0,61" ten="225,220,190,355" oya="3" hai0="104,9,98,122,129,11,54,127,36,23,99,126,102" hai1="118,97,4,26,79,28,125,110,134,7,53,84,88" hai2="19,116,15,94,12,0,105,17,73,45,132,56,135" hai3="51,46,89,95,117,120,86,1,109,52,55,96,93"/><W69/><G120/><T62/><D122/><U57/><E110/><V14/><F105/><W59/><G117/><T22/><D36/><U2/><E2/><V119/><F73/><W83/><G1/><T16/><D129/><U41/><E118/><N who="2" m="45099" /><F45/><W70/><G109/><T3/><D23/><U124/><E41/><V121/><F56/><W108/><G108/><T25/><D98/><U18/><E18/><N who="2" m="6667" /><F94/><W21/><G21/><T37/><D3/><U106/><E79/><V77/><F77/><W133/><G133/><N who="2" m="51273" /><F0/><W20/><G20/><T131/><D37/><U68/><E134/><V114/><F121/><W103/><REACH who="3" step="1"/><G95/><REACH who="3" ten="225,220,190,345" step="2"/><T107/><D104/><U34/><E106/><V33/><F33/><W115/><G115/><AGARI ba="1,2" hai="12,14,15,114,115" m="51273,6667,45099" machi="115" ten="40,8000,1" yaku="28,2,20,1,34,2" doraHai="61" who="2" fromWho="3" sc="225,0,220,0,190,103,345,-83" /><INIT seed="4,0,0,0,4,28" ten="225,220,293,262" oya="0" hai0="104,126,127,92,0,30,135,1,99,74,89,67,100" hai1="83,52,65,32,108,37,94,125,66,50,113,118,54" hai2="46,109,134,25,130,98,15,112,115,93,58,49,122" hai3="116,62,119,78,2,42,29,35,60,61,18,106,5"/><T40/><D74/><U95/><E108/><V41/><F122/><W8/><G106/><T10/><D135/><U34/><E118/><V31/><F109/><W123/><G123/><T4/><D40/><U64/><E37/><V128/><F15/><W85/><G42/><T88/><D0/><U103/><E125/><N who="0" m="47625" /><D104/><U53/><E83/><V3/><F58/><W57/><G57/><T69/><D30/><U101/><E50/><V20/><F3/><W17/><G18/><T13/><D1/><U21/><E21/><V24/><F24/><W47/><G47/><T91/><D67/><U102/><E113/><N who="2" m="43595" /><F134/><W11/><G17/><T56/><D56/><U33/><AGARI ba="0,0" hai="32,33,34,52,53,54,64,65,66,94,95,101,102,103" machi="33" ten="50,32000,5" yakuman="40" doraHai="28" who="1" fromWho="1" sc="225,-160,220,320,293,-80,262,-80" /><INIT seed="5,0,0,1,2,133" ten="65,540,213,182" oya="1" hai0="84,134,49,61,41,3,135,115,31,69,86,62,19" hai1="107,67,96,22,48,131,51,78,79,29,97,121,58" hai2="11,106,59,28,30,68,70,75,85,23,52,129,64" hai3="132,81,39,88,16,35,99,4,94,109,0,120,34"/><U112/><E121/><V83/><F75/><W10/><G120/><T9/><D31/><U40/><E112/><V33/><F33/><W104/><G39/><T18/><D115/><U82/><E131/><V13/><F106/><W46/><G46/><T103/><D103/><U72/><E79/><V123/><F123/><W102/><G132/><T6/><D41/><U27/><E107/><V12/><F129/><W77/><G16/><T130/><D49/><U21/><E67/><V43/><F43/><W93/><G93/><T8/><D6/><U53/><E22/><V65/><F70/><W14/><G0/><T15/><D15/><U2/><E2/><V63/><F13/><W42/><G42/><T17/><D17/><U90/><E90/><N who="2" m="51519" /><F68/><W54/><G54/><T55/><D3/><U100/><E100/><V91/><F91/><W24/><G24/><T125/><D69/><U44/><AGARI ba="0,0" hai="21,27,29,40,44,48,51,53,58,72,78,82,96,97" machi="44" ten="30,1500,0" yaku="0,1" doraHai="133" who="1" fromWho="1" sc="65,-5,540,15,213,-5,182,-5" /><INIT seed="5,1,0,3,4,28" ten="60,555,208,177" oya="1" hai0="99,68,46,87,92,128,54,18,31,4,96,41,121" hai1="60,6,19,119,80,16,90,10,116,84,9,5,105" hai2="83,14,85,95,24,132,112,67,97,100,88,89,45" hai3="59,103,47,77,66,44,125,52,135,8,48,50,53"/><U108/><E105/><V22/><F132/><W118/><G135/><T23/><D68/><U91/><E60/><V120/><F120/><W34/><G34/><T55/><D121/><U107/><E107/><V111/><F111/><W42/><G125/><T69/><D69/><U38/><E38/><V101/><F112/><W64/><G118/><T37/><D128/><U113/><E113/><V13/><F67/><W62/><G103/><N who="2" m="39497" /><F45/><W15/><REACH who="3" step="1"/><G77/><REACH who="3" ten="60,555,208,167" step="2"/><T134/><D134/><U40/><E108/><V20/><F20/><W2/><G2/><T115/><D23/><U65/><E119/><V94/><F83/><W17/><AGARI ba="1,1" hai="8,15,17,42,44,47,48,50,52,53,59,62,64,66" machi="17" ten="20,12000,2" yaku="1,1,0,1,7,1,8,1,54,1,53,2" doraHai="28" doraHaiUra="43" who="3" fromWho="3" sc="60,-31,555,-61,208,-31,167,133" /><INIT seed="6,0,0,1,2,112" ten="29,494,177,300" oya="2" hai0="22,106,79,47,99,78,26,110,93,133,86,96,10" hai1="76,77,43,103,83,3,2,27,34,61,94,57,129" hai2="56,117,90,70,113,13,19,89,53,101,74,124,60" hai3="50,42,134,52,21,6,81,105,17,28,20,109,49"/><V8/><F74/><W33/><G105/><T107/><D110/><U104/><E104/><V48/><F113/><W39/><G39/><T85/><D47/><U97/><E129/><V67/><F101/><W63/><G33/><T121/><D10/><U46/><E77/><V131/><F131/><W127/><G109/><T132/><D22/><U122/><E122/><V120/><F120/><W98/><G98/><T91/><D26/><U73/><E27/><V84/><F124/><W35/><G35/><T123/><D93/><U16/><E34/><V14/><F117/><W40/><G81/><T87/><D87/><U135/><E16/><V71/><F14/><W36/><G6/><T82/><REACH who="0" step="1"/><D91/><REACH who="0" ten="19,494,177,300" step="2"/><U108/><E108/><V66/><F84/><W88/><G21/><T25/><D25/><U58/><E46/><V1/><F1/><W59/><G88/><T125/><D125/><U38/><E2/><V69/><F89/><W24/><G24/><T95/><D95/><U31/><E3/><V18/><F90/><W62/><G20/><T4/><D4/><U75/><E94/><V5/><F5/><W32/><G127/><T80/><AGARI ba="0,1" hai="78,79,80,82,85,86,96,99,106,107,121,123,132,133" machi="80" ten="25,12000,2" yaku="1,1,0,1,22,2,34,3,53,0" doraHai="112" doraHaiUra="55" who="0" fromWho="0" sc="19,130,494,-30,177,-60,300,-30" /><INIT seed="7,0,0,0,0,61" ten="149,464,117,270" oya="3" hai0="30,131,103,19,27,52,5,49,43,1,48,132,112" hai1="125,65,17,111,73,46,85,2,23,104,86,119,70" hai2="122,0,64,50,58,26,88,79,44,39,128,101,120" hai3="38,47,135,123,76,134,126,106,29,68,121,11,100"/><W12/><G68/><T54/><D131/><U15/><E2/><V133/><F0/><W97/><G29/><T22/><D112/><U83/><E111/><V13/><F39/><W69/><G69/><T80/><D132/><N who="3" m="50729" /><G126/><T74/><D43/><U66/><E70/><V110/><F110/><W41/><G76/><T124/><D124/><U51/><E73/><V18/><F101/><W107/><G107/><T33/><D103/><U25/><E104/><V89/><F79/><W96/><G96/><T105/><D105/><U93/><E125/><V10/><F133/><W62/><G62/><T114/><D114/><U71/><E71/><V81/><F26/><W129/><G129/><T108/><D108/><U130/><E130/><V127/><F127/><W75/><G75/><T9/><D80/><U67/><E93/><V87/><F128/><W78/><G78/><T84/><D84/><N who="1" m="32363" /><E83/><V95/><F95/><W40/><G40/><T16/><D74/><U82/><E82/><V109/><F109/><W28/><G28/><T102/><D102/><U35/><E35/><V24/><F24/><W45/><G45/><T42/><D42/><N who="1" m="25047" /><E119/><V99/><F99/><W72/><G72/><T14/><D19/><U63/><E63/><N who="2" m="38007" /><F89/><W6/><G121/><T7/><D7/><U92/><E92/><V116/><F116/><W60/><G123/><T94/><D94/><U37/><E37/><V53/><AGARI ba="0,0" hai="10,13,18,44,50,53,81,87,88,120,122" m="38007" machi="53" ten="30,4000,0" yaku="25,1,52,1,54,1" doraHai="61" who="2" fromWho="2" sc="149,-10,464,-10,117,40,270,-20" owari="139,-36.0,454,55.0,157,-24.0,250,5.0" /></mjloggm>