<mjloggm ver="2.3"><GO type="41" lobby="0"/><UN n0="%68%6F%74%6D%61%6E%6E" n1="%E3%83%99%E3%82%A2%E3%83%88%E3%83%AA%E3%83%BC%E3%83%81%E3%82%A7" n2="%E5%BA%83%E5%B3%B6%E8%96%97%E7%94%B0" n3="%E5%B0%B1%E6%B4%BB%E7%94%9F%40%E5%B7%9D%E6%9D%91%E8%BB%8D%E5%9B%A3" dan="14,13,13,16" rate="1818.75,1817.80,1891.71,2070.30" sx="M,F,M,M"/><TAIKYOKU oya="0"/><INIT seed="0,0,0,5,2,102" ten="250,250,250,250" oya="0" hai0="59,63,26,93,41,127,44,52,74,125,14,98,90" hai1="77,109,83,20,87,129,69,33,75,51,82,114,9" hai2="65,45,123,28,124,25,16,11,30,64,60,81,24" hai3="95,31,38,126,108,116,104,103,107,88,1,130,99"/><T96/><D74/><U46/><E69/><V57/><F45/><W117/><G38/><T92/><D26/><U119/><E129/><V54/><F123/><W19/><G1/><T27/><D27/><U110/><E119/><N who="3" m="45642" /><G31/><T53/><D14/><U15/><E33/><V97/><F124/><N who="0" m="47690" /><D93/><U2/><E20/><V34/><F81/><W17/><G126/><T78/><D78/><U29/><E29/><V118/><F118/><W100/><G19/><T76/><D76/><U80/><E2/><V48/><F48/><W131/><G17/><T128/><D128/><N who="3" m="49193" /><G108/><N who="1" m="41578" /><E87/><V122/><F122/><W91/><G91/><T58/><D58/><U22/><E22/><V67/><F97/><W40/><G40/><T56/><D56/><U66/><E66/><V70/><F11/><W101/><AGARI ba="0,0" hai="88,95,99,100,101,103,104,107" m="49193,45642" machi="101" ten="40,12000,2" yaku="19,1,34,2,52,2,54,1" doraHai="102" who="3" fromWho="3" sc="250,-60,250,-30,250,-30,250,120" /><INIT seed="1,0,0,1,3,37" ten="190,220,220,370" oya="1" hai0="132,27,85,52,99,71,21,123,97,36,35,127,0" hai1="34,84,63,20,130,46,30,33,104,76,57,86,32" hai2="135,49,72,62,28,125,44,133,2,10,64,65,6" hai3="58,94,66,117,22,114,23,13,74,120,90,92,67"/><U73/><E104/><V131/><F72/><W41/><G74/><T70/><D123/><U78/><E73/><V122/><F122/><W68/><G114/><T11/><D36/><U15/><E130/><V25/><F135/><W105/><G68/><T8/><D35/><U95/><E84/><V1/><F133/><W59/><G105/><T134/><D134/><U91/><E46/><V29/><F125/><W115/><G115/><T118/><D132/><U102/><E102/><V39/><F39/><W116/><G120/><T14/><D127/><U110/><E110/><V107/><F107/><W113/><G113/><T75/><D75/><U124/><E124/><V77/><F77/><W96/><G41/><T101/><D0/><U129/><E129/><V31/><F131/><W80/><G80/><T128/><D70/><U53/><REACH who="1" step="1"/><E15/><REACH who="1" ten="190,210,220,370" step="2"/><V12/><F1/><W89/><G96/><T119/><D128/><U9/><E9/><V103/><F2/><W38/><G38/><T24/><D101/><U111/><E111/><V121/><F103/><W50/><G13/><T4/><D85/><U18/><E18/><V45/><F121/><W88/><G90/><T126/><D126/><U61/><E61/><V17/><F45/><W108/><G108/><T3/><D119/><U106/><E106/><V82/><F62/><W47/><G47/><T100/><D118/><U16/><E16/><V56/><F17/><W60/><G60/><T43/><D100/><U5/><E5/><V51/><F44/><W98/><G98/><T81/><D99/><U19/><E19/><V87/><F25/><AGARI ba="0,1" hai="20,25,30,32,33,34,53,57,63,76,78,86,91,95" machi="25" ten="40,3900,0" yaku="1,1,6,1,53,0" doraHai="37" doraHaiUra="93" who="1" fromWho="2" sc="190,0,210,49,220,-39,370,0" /><INIT seed="1,1,0,0,2,20" ten="190,259,181,370" oya="1" hai0="118,75,11,89,94,3,39,19,33,23,124,51,135" hai1="58,22,74,36,117,115,52,37,49,100,7,65,6" hai2="99,77,96,84,46,88,25,45,61,48,17,76,14" hai3="97,64,8,15,79,98,26,12,9,90,35,86,107"/><U63/><E115/><V122/><F61/><W5/><G107/><T13/><D75/><U103/><E74/><V55/><F122/><W95/><G64/><T1/><D39/><U80/><E117/><V119/><F119/><W123/><G123/><T130/><D118/><U133/><E133/><V111/><F111/><W56/><G79/><T121/><D135/><U32/><E32/><V53/><F14/><W40/><G40/><T41/><D121/><U10/><E80/><V42/><F77/><W105/><G105/><T59/><D33/><U93/><E36/><V87/><F87/><W110/><G110/><T30/><D130/><U81/><E81/><V116/><F116/><W126/><G126/><T114/><D124/><U134/><E134/><V44/><F76/><W102/><G102/><T2/><D114/><U72/><E37/><V69/><F69/><W109/><G56/><T128/><D128/><U131/><E72/><V112/><F112/><W78/><G78/><T113/><D113/><U83/><E83/><V34/><F34/><W85/><G85/><T129/><D129/><U60/><E103/><V101/><F101/><W68/><G68/><T21/><D3/><U71/><E63/><V57/><F99/><W82/><G82/><T108/><D2/><U43/><E43/><V28/><F96/><W27/><G35/><T4/><D1/><U50/><E100/><V66/><F66/><W106/><G109/><T24/><D108/><U31/><E131/><V29/><F42/><W18/><G106/><T92/><D41/><U125/><E125/><V91/><F91/><RYUUKYOKU ba="1,0" sc="190,-10,259,-10,181,-10,370,30" hai3="5,8,9,12,15,18,26,27,86,90,95,97,98" /><INIT seed="2,2,0,2,3,8" ten="180,249,171,400" oya="2" hai0="83,40,47,11,36,132,50,28,91,109,12,76,100" hai1="26,23,99,66,27,2,53,14,41,77,130,10,113" hai2="29,42,75,58,87,31,111,1,124,126,16,73,30" hai3="63,55,6,121,62,19,54,92,105,22,39,119,94"/><V101/><F1/><W120/><G105/><T9/><D132/><U45/><E113/><V48/><F101/><W60/><G39/><T3/><D109/><U15/><E130/><V17/><F87/><W123/><G119/><T69/><D69/><U38/><E66/><V72/><F111/><W71/><G6/><T102/><D28/><U110/><E110/><V82/><F82/><W33/><G33/><T96/><D3/><U52/><E77/><V114/><F114/><W4/><G4/><T57/><D9/><U18/><E2/><V51/><F42/><W135/><G135/><T25/><D25/><U84/><E84/><V5/><F5/><W78/><G78/><T115/><D115/><U21/><E99/><V49/><REACH who="2" step="1"/><F58/><REACH who="2" ten="180,249,161,400" step="2"/><W20/><G71/><T81/><D83/><U35/><E35/><V90/><F90/><W80/><G80/><T85/><D91/><U128/><E128/><V0/><F0/><W129/><G129/><T108/><D108/><U61/><E53/><V56/><F56/><W7/><G7/><T133/><D133/><U70/><E70/><V118/><F118/><W86/><G86/><T13/><D102/><U117/><E117/><V34/><F34/><W107/><G107/><T89/><D89/><U67/><E52/><N who="3" m="20010" /><G94/><T79/><D79/><U125/><E41/><V74/><N who="2" m="18432" /><DORA hai="98" /><V97/><F97/><W88/><G88/><T44/><D57/><U122/><E122/><V37/><F37/><W93/><G92/><T64/><D64/><U103/><E38/><V24/><F24/><N who="3" m="14367" /><G93/><T134/><D134/><U32/><E103/><RYUUKYOKU ba="2,1" sc="180,-15,249,-15,161,15,400,15" hai2="16,17,29,30,31,48,49,51,124,126" hai3="22,60,62,63,120,121,123" /><INIT seed="2,3,1,4,2,97" ten="165,234,176,415" oya="2" hai0="42,78,51,82,127,68,122,113,32,67,1,37,72" hai1="131,65,30,96,61,22,6,19,25,50,71,55,23" hai2="134,26,45,2,75,18,80,92,57,112,85,64,81" hai3="119,43,77,90,13,123,91,39,128,46,8,86,118"/><V28/><F2/><W56/><G123/><T111/><RYUUKYOKU type="yao9" ba="3,1" sc="165,0,234,0,176,0,415,0" hai0="1,32,37,42,51,67,68,72,78,82,111,113,122,127" /><INIT seed="2,4,1,3,2,89" ten="165,234,176,415" oya="2" hai0="79,93,60,104,116,86,46,18,59,2,129,87,83" hai1="42,57,30,31,34,14,24,102,56,55,36,61,22" hai2="66,8,19,81,38,26,23,112,68,1,39,78,13" hai3="85,25,135,0,74,15,131,91,80,122,99,32,119"/><V96/><F68/><W21/><G0/><T75/><D2/><U41/><E36/><V10/><F66/><W45/><G122/><T95/><D46/><U108/><E108/><V134/><F112/><W16/><G119/><T94/><D18/><U44/><E44/><V101/><F134/><W64/><G131/><T47/><D47/><U58/><E58/><V43/><F10/><W49/><G135/><T125/><D59/><U105/><E57/><V77/><F43/><W76/><G64/><T123/><D60/><U121/><E121/><V120/><F120/><W12/><G99/><T20/><D20/><U132/><E132/><V17/><F1/><W111/><G32/><T84/><D123/><U37/><E37/><V82/><F82/><W70/><G70/><T52/><D52/><U65/><E65/><V124/><F124/><W103/><G103/><T69/><D69/><U106/><E30/><V109/><F109/><W54/><G111/><T33/><D33/><U9/><E34/><V6/><F6/><W40/><G40/><T48/><D48/><U63/><E63/><V117/><F117/><W27/><G12/><T98/><D116/><U110/><E110/><V3/><F3/><W71/><G71/><T73/><D129/><U72/><E72/><N who="0" m="27721" /><D125/><U118/><E118/><V133/><F133/><W128/><G128/><T67/><D67/><U90/><E41/><V35/><F35/><W4/><G4/><T130/><D130/><U88/><E42/><V7/><F7/><W5/><G5/><T107/><D98/><N who="1" m="61655" /><E106/><AGARI ba="4,1" hai="79,83,84,86,87,93,94,95,104,106,107" m="27721" machi="106" ten="40,16000,3" yaku="35,5,52,3" doraHai="89" who="0" fromWho="1" sc="165,182,234,-172,176,0,415,0" /><INIT seed="3,0,0,2,4,99" ten="347,62,176,415" oya="3" hai0="14,26,109,54,60,55,39,29,72,50,62,86,101" hai1="57,106,78,114,65,59,1,85,7,88,94,32,92" hai2="107,37,51,45,35,108,93,5,80,71,111,130,66" hai3="110,97,135,105,40,134,74,100,33,124,23,104,52"/><W95/><G74/><T53/><D72/><U16/><E114/><V83/><F107/><W9/><G33/><T127/><D39/><U128/><E128/><V15/><F130/><W17/><G40/><T113/><D109/><U58/><E32/><V75/><F35/><W84/><G9/><T11/><D113/><U20/><E7/><V103/><F37/><W61/><G124/><T90/><D127/><U24/><E1/><V133/><F133/><N who="3" m="50699" /><G84/><T2/><D2/><U122/><E106/><V46/><F66/><W49/><G61/><T70/><D70/><U41/><E41/><V67/><F67/><W44/><G110/><N who="2" m="42025" /><F71/><W68/><G68/><T63/><D101/><U18/><E65/><V73/><F46/><W21/><G21/><T123/><D123/><U48/><E122/><V19/><F5/><W12/><AGARI ba="0,0" hai="12,17,23,44,49,52,95,97,100,104,105" m="50699" machi="12" ten="30,6000,0" yaku="20,1,52,1,54,1" doraHai="99" who="3" fromWho="3" sc="347,-20,62,-20,176,-20,415,60" /><INIT seed="3,1,0,5,4,33" ten="327,42,156,475" oya="3" hai0="92,97,93,51,27,53,72,48,77,69,132,82,0" hai1="63,55,129,120,116,133,123,75,56,87,118,94,9" hai2="5,11,39,128,90,35,67,21,19,122,71,10,121" hai3="60,32,86,126,102,38,68,80,23,25,131,8,14"/><W135/><G38/><T114/><D69/><U91/><E129/><V52/><F67/><W6/><G32/><T98/><D132/><U74/><E133/><V84/><F71/><W4/><G126/><T108/><D108/><U115/><E115/><V78/><F78/><W62/><G131/><T40/><D114/><U127/><E127/><V83/><F39/><W125/><G135/><T13/><D27/><U70/><E70/><V18/><F35/><W134/><G68/><T47/><D13/><U20/><E20/><V50/><F11/><W37/><G37/><T89/><D0/><U17/><E17/><V43/><F43/><W76/><G6/><T49/><REACH who="0" step="1"/><D53/><REACH who="0" ten="317,42,156,475" step="2"/><U81/><E120/><V85/><F128/><W58/><G125/><T28/><D28/><U30/><E123/><V7/><F122/><W44/><G134/><T99/><D99/><U12/><E30/><V101/><F121/><W61/><G102/><AGARI ba="1,1" hai="40,47,48,49,51,72,77,82,89,92,93,97,98,102" machi="102" ten="30,2000,0" yaku="1,1,7,1,53,0" doraHai="33" doraHaiUra="112" who="0" fromWho="3" sc="317,33,42,0,156,0,475,-23" /><INIT seed="4,0,0,2,5,55" ten="350,42,156,452" oya="0" hai0="9,100,89,128,99,14,95,127,60,131,40,34,70" hai1="87,61,15,92,1,11,21,45,132,80,102,52,2" hai2="22,126,107,0,4,51,104,69,125,88,73,41,124" hai3="72,108,48,81,29,93,36,23,67,47,57,82,121"/><T28/><D40/><U98/><E132/><V90/><F69/><W135/><G108/><T20/><D34/><U97/><E21/><V83/><F22/><W7/><G36/><T53/><D127/><U50/><E97/><V91/><F51/><W6/><G72/><T120/><D120/><U129/><E61/><V58/><F41/><N who="3" m="24687" /><G93/><T38/><D38/><U114/><E114/><V115/><F4/><N who="3" m="1579" /><G135/><T13/><D70/><U17/><REACH who="1" step="1"/><E129/><REACH who="1" ten="350,32,156,452" step="2"/><N who="0" m="49737" /><D28/><U62/><E62/><V32/><F115/><W77/><G121/><T49/><D60/><U18/><E18/><V25/><F32/><W84/><G29/><T8/><D20/><U78/><AGARI ba="0,1" hai="1,2,11,15,17,45,50,52,78,80,87,92,98,102" machi="78" ten="20,5200,0" yaku="1,1,0,1,7,1,54,1,53,0" doraHai="55" doraHaiUra="59" who="1" fromWho="1" sc="350,-26,32,62,156,-13,452,-13" /><INIT seed="5,0,0,5,5,131" ten="324,94,143,439" oya="1" hai0="88,42,100,39,0,63,37,128,28,19,3,117,22" hai1="102,130,107,135,122,92,115,77,50,66,103,15,62" hai2="12,56,32,57,10,104,61,23,59,71,86,99,134" hai3="24,83,20,72,27,90,40,65,126,133,73,109,44"/><U8/><E122/><V95/><F104/><W78/><G109/><T84/><D117/><U127/><E107/><V26/><F32/><W112/><G126/><T34/><D128/><U48/><E130/><V7/><F86/><W67/><G112/><T46/><D39/><U58/><E127/><V132/><F71/><W74/><G90/><T55/><D100/><N who="1" m="38443" /><E135/><N who="2" m="51755" /><F61/><W120/><G120/><T93/><D34/><U4/><E115/><V94/><F99/><W53/><G53/><T101/><D101/><U129/><E129/><V13/><F13/><W108/><G133/><T5/><D5/><U16/><E77/><V30/><AGARI ba="0,0" hai="7,10,12,23,26,30,56,57,59,94,95" m="51755" machi="30" ten="30,7900,0" yaku="20,1,52,3" doraHai="131" who="2" fromWho="2" sc="324,-20,94,-39,143,79,439,-20" /><INIT seed="6,0,0,1,4,58" ten="304,55,222,419" oya="2" hai0="38,117,9,69,47,14,120,13,7,105,27,4,93" hai1="59,123,129,11,8,118,2,56,99,119,106,96,121" hai2="32,131,100,97,51,45,16,75,107,114,111,133,83" hai3="73,70,135,74,126,39,76,49,23,95,15,21,61"/><V90/><F32/><W17/><G39/><T12/><D105/><U92/><E92/><V33/><F33/><W55/><G126/><T57/><D69/><U53/><E129/><V46/><F131/><W67/><G135/><T125/><D38/><U35/><E35/><V36/><F133/><W6/><G6/><T63/><D120/><U42/><E2/><V65/><F36/><W5/><G5/><T104/><D104/><U109/><E42/><V71/><F114/><W88/><G23/><T127/><D47/><U122/><E122/><V60/><F111/><W128/><G76/><T124/><D93/><U50/><E50/><V40/><F46/><W34/><G34/><T87/><D87/><U1/><E1/><V25/><F75/><W101/><G101/><T72/><D72/><U68/><E53/><V37/><F37/><W0/><G0/><T78/><D78/><U79/><E79/><V102/><F102/><W10/><G10/><T108/><D108/><U22/><E106/><V82/><REACH who="2" step="1"/><F90/><REACH who="2" ten="304,55,212,419" step="2"/><W113/><G128/><T130/><D130/><U44/><E44/><V84/><F84/><N who="3" m="52615" /><G113/><T62/><D117/><U80/><E109/><V52/><F52/><W54/><G55/><T3/><D7/><U64/><E121/><V103/><F103/><W30/><G73/><T98/><D98/><U91/><E123/><V18/><F18/><W66/><G74/><T24/><D57/><U134/><E118/><V81/><F81/><W116/><G116/><T31/><D31/><U48/><E119/><V89/><F89/><W110/><G110/><T20/><D20/><AGARI ba="0,1" hai="16,20,25,40,45,51,60,65,71,82,83,97,100,107" machi="20" ten="40,12000,1" yaku="1,1,6,1,52,1,54,1,53,0" doraHai="58" doraHaiUra="132" who="2" fromWho="0" sc="304,-120,55,0,212,130,419,0" /><INIT seed="6,1,0,3,0,11" ten="184,55,342,419" oya="2" hai0="8,6,85,88,62,59,20,55,77,25,24,19,81" hai1="87,47,14,52,122,101,121,2,29,23,127,42,92" hai2="10,13,107,49,44,27,82,54,28,91,39,128,18" hai3="16,83,79,102,0,105,78,125,46,41,60,93,12"/><V110/><F107/><W109/><G0/><T45/><D77/><U1/><E127/><V123/><F123/><W114/><G105/><T58/><D45/><U50/><E42/><V115/><F115/><W65/><G109/><T89/><D89/><U34/><E34/><V32/><F110/><W104/><G104/><T94/><D59/><U67/><E67/><V97/><F39/><W22/><G114/><T61/><D81/><U53/><E53/><V9/><F128/><W74/><G125/><T99/><D25/><U48/><E48/><V33/><F97/><W119/><G119/><T130/><D130/><U17/><E29/><V117/><F9/><W4/><G4/><T71/><D71/><U21/><E21/><V70/><F70/><W98/><G79/><T26/><D26/><U112/><E112/><V108/><F108/><W135/><G135/><T66/><D66/><U37/><E37/><V118/><F33/><W106/><G106/><T129/><D129/><U69/><E69/><V133/><F133/><W120/><G120/><N who="1" m="46186" /><E101/><V15/><F15/><W31/><G31/><T43/><D43/><U3/><E1/><V63/><F63/><W103/><G103/><T126/><D126/><U76/><E76/><V68/><F68/><W72/><G72/><T40/><D40/><U86/><E86/><AGARI ba="1,0" hai="10,13,18,27,28,32,44,49,54,82,86,91,117,118" machi="86" ten="40,7700,0" yaku="25,2,52,1" doraHai="11" who="2" fromWho="1" sc="184,0,55,-80,342,80,419,0" owari="184,-22.0,-25,-53.0,422,53.0,419,22.0" /></mjloggm>