<mjloggm ver="2.3"><GO type="225" lobby="0"/><UN n0="%E5%B0%B1%E6%B4%BB%E7%94%9F%40%E5%B7%9D%E6%9D%91%E8%BB%8D%E5%9B%A3" n1="%72%75%75%72%75%75" n2="%E3%81%93%E3%81%86%E3%82%89%E3%82%93%E3%80%82" n3="%E6%A1%9C%E8%8A%B1%E9%96%83%E3%80%85" dan="16,16,16,17" rate="2145.86,2062.30,2076.29,2208.39" sx="M,M,M,M"/><TAIKYOKU oya="0"/><INIT seed="0,0,0,1,5,17" ten="250,250,250,250" oya="0" hai0="57,96,120,95,87,64,91,80,106,55,79,102,58" hai1="63,77,50,34,73,82,3,42,59,118,129,110,2" hai2="14,20,30,47,84,94,56,24,1,121,126,61,72" hai3="60,99,128,74,62,114,90,0,98,132,39,10,66"/><T92/><D120/><U11/><E110/><V107/><F1/><W89/><G114/><T8/><D64/><U31/><E118/><V75/><F121/><W71/><G39/><T70/><D70/><U25/><E129/><V35/><F107/><W52/><G74/><T15/><D55/><U68/><E68/><V37/><F126/><W85/><G128/><T43/><D43/><U53/><E11/><V29/><F29/><W54/><G132/><T18/><REACH who="0" step="1"/><D95/><REACH who="0" ten="240,250,250,250" step="2"/><U127/><E127/><V38/><F38/><W22/><G54/><T67/><D67/><U19/><E42/><V5/><F37/><W119/><G52/><T124/><D124/><U51/><E2/><V134/><F94/><W83/><G66/><T101/><D101/><U27/><E3/><V116/><F134/><W36/><G71/><T123/><D123/><U86/><E73/><AGARI ba="0,1" hai="8,15,18,57,58,73,79,80,87,91,92,96,102,106" machi="73" ten="30,11600,0" yaku="1,1,7,1,24,2,53,0" doraHai="17" doraHaiUra="45" who="0" fromWho="1" sc="240,126,250,-116,250,0,250,0" /><INIT seed="0,1,0,0,1,116" ten="366,134,250,250" oya="0" hai0="103,10,46,40,115,93,51,24,41,102,57,60,2" hai1="47,98,61,66,104,56,62,119,85,90,54,38,67" hai2="89,99,53,20,44,9,117,97,101,114,27,113,71" hai3="3,55,39,131,5,7,32,121,28,105,133,81,4"/><T77/><D115/><U78/><E78/><V25/><F117/><W0/><G105/><T95/><D77/><U80/><E119/><V26/><F71/><W34/><G39/><T72/><D72/><U111/><E111/><V42/><F114/><W96/><G96/><T65/><D40/><U134/><E134/><V69/><F113/><W123/><G133/><T87/><D24/><U17/><E104/><V43/><F69/><W110/><G110/><T59/><D59/><U19/><E98/><V15/><F20/><W107/><G107/><T135/><D135/><U91/><E91/><V50/><F89/><W124/><G124/><T128/><D128/><U31/><E31/><V126/><F126/><W76/><G55/><T129/><D129/><U21/><E38/><V6/><REACH who="2" step="1"/><F99/><REACH who="2" ten="366,134,240,250" step="2"/><W37/><G131/><T94/><D102/><U13/><E21/><V112/><F112/><W48/><G32/><T18/><D103/><U127/><E127/><V73/><F73/><N who="3" m="43151" /><G34/><T130/><D130/><U84/><E90/><V79/><F79/><W108/><G108/><T109/><D109/><U8/><E8/><V14/><F14/><W68/><G68/><T88/><D2/><U1/><E13/><AGARI ba="1,1" hai="10,13,18,41,46,51,57,60,65,87,88,93,94,95" machi="13" ten="40,3900,0" yaku="8,1,54,1" doraHai="116" who="0" fromWho="1" sc="366,52,134,-42,240,0,250,0" /><INIT seed="0,2,0,3,0,99" ten="418,92,240,250" oya="0" hai0="16,135,115,108,48,65,37,58,23,45,13,10,43" hai1="28,11,80,131,92,116,127,98,22,112,111,94,33" hai2="85,114,62,73,82,17,14,77,67,122,3,61,78" hai3="46,29,110,49,129,74,109,59,100,102,91,64,107"/><T121/><D121/><U52/><E111/><N who="3" m="42506" /><G107/><T15/><D108/><U9/><E33/><V66/><F122/><W40/><G129/><T20/><D115/><U93/><E112/><V34/><F3/><W118/><G118/><T125/><D125/><U68/><E68/><V105/><F34/><W0/><G74/><T87/><D135/><U132/><E132/><V134/><F105/><W7/><G29/><T44/><D87/><U83/><E131/><V103/><F103/><N who="3" m="39467" /><G91/><T5/><D58/><U117/><E127/><V86/><F134/><W53/><G64/><T38/><D65/><U57/><E117/><V119/><F119/><W18/><G18/><T8/><D38/><U60/><E116/><V75/><F114/><W30/><G30/><T36/><D37/><U72/><E98/><V35/><F75/><W31/><G31/><T51/><D36/><U32/><E32/><V97/><F73/><W54/><G59/><T81/><D81/><N who="1" m="31307" /><E72/><V12/><F82/><W76/><G76/><T130/><D130/><U70/><E70/><V41/><F66/><W95/><G95/><N who="1" m="24322" /><U90/><DORA hai="42" /><E90/><V63/><F67/><W120/><G120/><T79/><D79/><U113/><E113/><V19/><F78/><W1/><G1/><T55/><AGARI ba="2,0" hai="5,8,10,13,15,16,20,23,43,44,45,48,51,55" machi="55" ten="20,18000,2" yaku="0,1,7,1,8,1,52,2,54,1" doraHai="99,42" who="0" fromWho="0" sc="418,186,92,-62,240,-62,250,-62" /><INIT seed="0,3,0,1,3,118" ten="604,30,178,188" oya="0" hai0="2,37,20,21,58,5,95,31,75,69,131,63,10" hai1="27,59,70,45,133,52,83,16,126,132,46,15,101" hai2="110,80,105,14,119,47,93,40,91,104,7,81,122" hai3="111,18,82,99,102,4,74,38,35,44,129,125,116"/><T120/><D37/><U6/><E70/><V113/><F113/><W54/><G35/><T87/><D75/><U9/><E126/><V106/><F110/><W121/><G4/><T109/><D69/><U25/><E101/><V72/><F119/><W30/><G30/><T60/><D109/><U0/><E83/><V48/><F122/><W86/><G74/><T94/><D120/><U124/><E124/><V112/><F112/><W68/><G68/><T79/><D131/><U56/><E27/><V36/><F36/><W11/><G125/><T107/><D107/><U85/><E85/><V134/><F134/><N who="1" m="51817" /><E25/><V114/><F114/><W67/><G86/><T88/><D79/><U73/><E73/><V49/><F49/><W90/><G82/><T100/><D63/><N who="1" m="36231" /><E59/><V117/><F117/><W17/><G102/><T3/><D31/><U55/><E55/><V135/><F135/><W97/><G54/><T89/><D100/><U77/><E77/><V65/><F72/><W92/><G116/><T61/><D61/><U130/><E130/><V98/><F65/><W51/><G67/><T28/><D28/><U41/><E41/><V66/><F66/><W23/><G129/><T108/><D108/><U13/><E13/><V19/><REACH who="2" step="1"/><F7/><REACH who="2" ten="604,30,168,188" step="2"/><W50/><G111/><T34/><D5/><U33/><E33/><V96/><F96/><W29/><G97/><T127/><D60/><U32/><E32/><V64/><F64/><W39/><G99/><T84/><D34/><U128/><E128/><V57/><F57/><W26/><G39/><T76/><D127/><U103/><E103/><RYUUKYOKU ba="3,1" sc="604,-15,30,15,168,15,188,-15" hai1="0,6,9,15,16,45,46" hai2="14,19,40,47,48,80,81,91,93,98,104,105,106" /><INIT seed="1,4,1,4,5,0" ten="589,45,183,173" oya="1" hai0="47,54,65,67,55,86,6,74,63,130,35,7,20" hai1="103,57,133,102,12,124,22,28,120,25,129,37,122" hai2="91,125,107,31,46,3,72,29,71,89,34,90,97" hai3="33,2,121,116,17,135,113,21,112,1,127,64,48"/><U96/><E124/><V68/><F3/><N who="3" m="1035" /><G48/><N who="0" m="28959" /><D35/><U131/><E133/><V81/><F125/><W93/><G93/><T88/><D74/><U51/><E37/><V39/><F107/><W15/><G64/><N who="0" m="24651" /><D130/><N who="1" m="49675" /><E12/><V11/><F11/><W13/><G127/><T50/><D20/><U78/><E78/><V80/><F97/><W77/><G77/><T95/><D63/><U56/><E103/><V19/><F19/><N who="3" m="10479" /><G135/><T104/><D104/><N who="1" m="63559" /><E51/><V79/><F81/><W40/><G33/><T83/><D83/><U32/><E32/><V62/><F62/><W52/><G15/><T42/><D42/><U58/><AGARI ba="4,1" hai="22,25,28,56,57,58,120,122" m="63559,49675" machi="58" ten="30,1500,0" yaku="19,1" doraHai="0" who="1" fromWho="1" sc="589,-9,45,37,183,-9,173,-9" /><INIT seed="1,5,0,2,5,33" ten="580,82,174,164" oya="1" hai0="63,5,15,25,56,35,0,85,103,124,44,57,101" hai1="110,89,73,130,80,13,55,7,107,50,37,108,18" hai2="29,111,4,45,78,77,94,100,6,17,60,113,114" hai3="8,72,19,119,83,67,122,117,20,120,127,70,48"/><U91/><E37/><V52/><F111/><N who="1" m="42537" /><E130/><V81/><F29/><W62/><G127/><T39/><D0/><U53/><E107/><V87/><F77/><N who="3" m="44455" /><G48/><T36/><D35/><U98/><E7/><V42/><F17/><W116/><G8/><T115/><D115/><N who="2" m="44042" /><F42/><W1/><G1/><T125/><D5/><U128/><E128/><V74/><F74/><W82/><G82/><T2/><D2/><U54/><E98/><N who="2" m="59479" /><F45/><W22/><G22/><T123/><D39/><U26/><E26/><AGARI ba="5,0" hai="19,20,26,62,67,70,116,117,119,120,122" m="44455" machi="26" ten="30,1000,0" yaku="12,1" doraHai="33" who="3" fromWho="1" sc="580,0,82,-25,174,0,164,25" /><INIT seed="2,0,0,0,0,81" ten="580,57,174,189" oya="2" hai0="24,21,7,26,11,42,96,83,31,73,126,105,33" hai1="30,128,89,90,69,78,45,38,1,59,6,100,66" hai2="65,117,17,82,56,93,84,51,19,103,129,109,74" hai3="0,22,43,57,3,133,112,55,15,20,72,134,88"/><V14/><F117/><W32/><G72/><T98/><D126/><U124/><E128/><V87/><F129/><W53/><G32/><T16/><D105/><U4/><E124/><V101/><F74/><W119/><G43/><T39/><D39/><U27/><E69/><V95/><F109/><W46/><G119/><T10/><D42/><U48/><E38/><V25/><F25/><W118/><G118/><T114/><D114/><U13/><E78/><V9/><F19/><N who="3" m="10367" /><G112/><T131/><D131/><U108/><E1/><V77/><F77/><W125/><G22/><T115/><D115/><U116/><E108/><V91/><F95/><W18/><G18/><T86/><D73/><U34/><E100/><V54/><F65/><W102/><G102/><N who="2" m="38921" /><F82/><W132/><G125/><T12/><D11/><U5/><E13/><V35/><F35/><W92/><G0/><T62/><D62/><U106/><E106/><V52/><F54/><W97/><G3/><T41/><D41/><U70/><E70/><V68/><F68/><W135/><G135/><T61/><D61/><U94/><E116/><V104/><F104/><W49/><G55/><T8/><D8/><U67/><E59/><AGARI ba="0,0" hai="46,49,53,57,59,88,92,97,132,133,134" m="10367" machi="59" ten="30,2000,0" yaku="20,1,54,1" doraHai="81" who="3" fromWho="1" sc="580,0,57,-20,174,0,189,20" /><INIT seed="3,0,0,1,0,51" ten="580,37,174,209" oya="3" hai0="78,72,96,8,22,47,0,130,127,103,81,126,89" hai1="53,50,125,102,93,55,112,4,67,73,20,29,124" hai2="134,74,27,26,94,116,32,84,2,6,100,33,117" hai3="99,101,115,121,69,38,85,3,9,63,92,120,65"/><W76/><G38/><T68/><D68/><U61/><E73/><V39/><F74/><W1/><G115/><T57/><D130/><U62/><E4/><V45/><F134/><W23/><G23/><T105/><D47/><N who="1" m="27871" /><E20/><V110/><F110/><W15/><G1/><T43/><D43/><U59/><E29/><V104/><F104/><W18/><G3/><T41/><D41/><U21/><E21/><V11/><F39/><W95/><G76/><T52/><D22/><U60/><E93/><V135/><F135/><W7/><G7/><T82/><D8/><U122/><E102/><V31/><F45/><W24/><G24/><T37/><D37/><U34/><E34/><V90/><F100/><W80/><G95/><T79/><D0/><U87/><E87/><V88/><F90/><W133/><G133/><T25/><D25/><U30/><E30/><AGARI ba="0,0" hai="2,6,11,26,27,30,31,32,33,84,88,94,116,117" machi="30" ten="40,2600,0" yaku="9,1,54,1" doraHai="51" who="2" fromWho="1" sc="580,0,37,-26,174,26,209,0" owari="580,68.0,11,-49.0,200,-20.0,209,1.0" /></mjloggm>