<mjloggm ver="2.3"><GO type="169" lobby="0"/><UN n0="%E3%83%89%E3%83%BC%E3%83%B3%E3%83%89" n1="%4B%E3%80%82" n2="%7A%65%6C%64%69%6E%61" n3="%E3%82%A6%E3%83%AB%E3%83%88%E3%83%A9%E7%AB%8B%E7%9B%B4" dan="16,17,17,17" rate="2034.79,2154.50,2141.25,2189.75" sx="M,M,M,M"/><TAIKYOKU oya="0"/><INIT seed="0,0,0,2,2,103" ten="250,250,250,250" oya="0" hai0="88,41,66,135,104,126,23,46,133,50,97,53,6" hai1="100,71,87,123,3,52,28,24,94,67,35,27,64" hai2="18,114,115,116,83,44,120,40,79,39,107,76,85" hai3="1,96,93,134,5,70,105,7,26,8,90,80,42"/><T4/><D126/><U78/><E123/><V73/><F120/><W0/><G134/><N who="0" m="51211" /><D66/><U43/><E3/><V20/><F116/><W32/><G70/><T56/><D23/><U111/><E43/><V91/><F107/><W101/><G42/><T38/><D104/><U74/><E71/><V49/><F39/><W92/><G80/><T57/><D56/><U81/><E111/><V14/><REACH who="2" step="1"/><F76/><REACH who="2" ten="250,250,240,250" step="2"/><W33/><G105/><T34/><D34/><U102/><E35/><V124/><F124/><W118/><G118/><T22/><D22/><U63/><E78/><V65/><F65/><W82/><G33/><T15/><D15/><U37/><E67/><V59/><F59/><W110/><G32/><T19/><D19/><U121/><E64/><V25/><F25/><W132/><G26/><T60/><D38/><U106/><E37/><V16/><F16/><W109/><G132/><T54/><D41/><U117/><E106/><V72/><F72/><W108/><G0/><T30/><D30/><U68/><E28/><V47/><F47/><W10/><G1/><T31/><D31/><U113/><E117/><V12/><F12/><W55/><G110/><T45/><D46/><U122/><E121/><V95/><AGARI ba="0,1" hai="14,18,20,40,44,49,73,79,83,85,91,95,114,115" machi="95" ten="20,5200,0" yaku="1,1,0,1,7,1,53,1" doraHai="103" doraHaiUra="13" who="2" fromWho="2" sc="250,-26,250,-13,240,62,250,-13" /><INIT seed="1,0,0,4,0,130" ten="224,237,302,237" oya="1" hai0="30,117,70,123,134,115,42,9,60,45,44,133,23" hai1="35,25,87,32,10,19,129,49,38,56,28,54,48" hai2="67,118,120,135,18,59,107,126,78,85,131,63,110" hai3="26,3,14,11,15,8,101,71,99,33,61,108,109"/><U106/><E129/><V125/><F120/><W68/><G3/><T100/><D115/><U80/><E38/><V124/><F107/><W2/><G2/><T91/><D117/><U104/><E35/><V103/><F131/><W51/><G51/><T4/><D123/><U79/><E10/><V5/><F103/><W86/><G86/><T113/><D100/><U58/><REACH who="1" step="1"/><E19/><REACH who="1" ten="224,227,302,237" step="2"/><V72/><F124/><W81/><G8/><T27/><D113/><U17/><E17/><V105/><F18/><W76/><G11/><T34/><D34/><U77/><E77/><V37/><F78/><W52/><G33/><T47/><D42/><U6/><E6/><V7/><F37/><W24/><G76/><T116/><D116/><U97/><E97/><V102/><F5/><W82/><G99/><T92/><D9/><U39/><E39/><V69/><F7/><W22/><G22/><T111/><D4/><U16/><E16/><V88/><F125/><W41/><G41/><T94/><D111/><U121/><E121/><V74/><F110/><W89/><G109/><T62/><D70/><U84/><E84/><V93/><F85/><W46/><G108/><T36/><D36/><U114/><E114/><V53/><F69/><W95/><G71/><T64/><D64/><U65/><E65/><V83/><F67/><W75/><G68/><T43/><D43/><U12/><E12/><V119/><F126/><W29/><G14/><T127/><D127/><U57/><E57/><V50/><F118/><W1/><G15/><T98/><D92/><U112/><E112/><V55/><F119/><RYUUKYOKU ba="0,1" sc="224,15,227,15,302,-15,237,-15" hai0="23,27,30,44,45,47,60,62,91,94,98,133,134" hai1="25,28,32,48,49,54,56,58,79,80,87,104,106" /><INIT seed="1,1,1,3,4,32" ten="239,242,287,222" oya="1" hai0="97,119,134,1,105,77,45,113,21,8,27,17,5" hai1="57,72,28,20,127,116,84,73,59,118,133,81,117" hai2="111,102,101,41,103,24,132,14,83,6,91,100,2" hai3="126,69,89,12,65,34,129,31,39,35,71,85,0"/><U78/><E127/><V10/><F132/><W115/><G39/><T9/><D113/><U7/><E133/><V76/><F111/><W114/><G0/><T47/><D134/><U95/><E7/><V67/><F41/><W80/><G126/><T49/><D119/><U50/><E95/><V74/><F67/><W120/><G120/><T87/><D105/><U70/><E70/><V55/><F24/><W106/><G106/><T18/><D97/><U104/><E104/><V33/><F33/><W52/><G129/><T125/><D125/><U88/><E78/><V107/><F91/><W98/><G98/><T93/><D18/><U90/><E90/><V44/><F107/><W11/><G35/><T38/><D38/><U66/><E50/><V108/><F108/><W63/><G71/><T112/><D112/><U68/><E68/><V43/><F55/><W23/><G23/><T51/><D9/><U61/><REACH who="1" step="1"/><E59/><REACH who="1" ten="239,232,287,222" step="2"/><V109/><F109/><W123/><G89/><N who="0" m="53439" /><D77/><U48/><E48/><V128/><F103/><W54/><G115/><T99/><D51/><U25/><AGARI ba="1,2" hai="20,25,28,57,61,66,72,73,81,84,88,116,117,118" machi="25" ten="40,12000,1" yaku="1,1,0,1,54,1,53,1" doraHai="32" doraHaiUra="16" who="1" fromWho="1" sc="239,-41,232,143,287,-41,222,-41" /><INIT seed="1,2,0,0,0,108" ten="198,375,246,181" oya="1" hai0="48,103,29,34,19,64,120,55,7,13,102,56,111" hai1="77,65,75,25,86,83,46,126,80,49,129,67,68" hai2="107,69,87,124,92,45,59,42,18,30,17,11,88" hai3="74,1,100,116,78,101,32,91,131,2,33,95,54"/><U38/><E126/><V9/><F69/><W61/><G78/><T76/><D120/><U118/><E118/><V26/><F107/><W119/><G74/><T60/><D7/><U63/><E129/><V6/><F124/><W81/><G81/><T27/><D111/><U128/><E128/><V15/><F59/><W5/><G61/><T37/><D37/><U4/><E67/><V72/><F72/><W58/><G58/><T10/><REACH who="0" step="1"/><D76/><REACH who="0" ten="188,375,246,181" step="2"/><U51/><E4/><V14/><F6/><W70/><G5/><T36/><D36/><U0/><E38/><V132/><F132/><W39/><G39/><T123/><D123/><U115/><E77/><V71/><F71/><AGARI ba="2,1" hai="10,13,19,27,29,34,48,55,56,60,64,71,102,103" machi="71" ten="30,3900,0" yaku="1,1,7,1,53,1" doraHai="108" doraHaiUra="21" who="0" fromWho="2" sc="188,55,375,0,246,-45,181,0" /><INIT seed="2,0,0,4,5,35" ten="243,375,201,181" oya="2" hai0="41,7,58,95,126,24,44,60,20,130,46,118,1" hai1="99,28,63,66,124,103,33,87,129,30,105,64,85" hai2="19,79,123,37,3,13,125,78,45,53,104,132,39" hai3="10,61,94,107,84,86,71,51,102,68,82,31,101"/><V131/><F123/><W42/><G107/><T92/><D126/><U48/><E124/><V56/><F104/><W116/><G116/><T128/><D118/><U11/><E129/><N who="0" m="49769" /><D1/><U5/><E64/><V108/><F125/><W26/><G10/><T77/><D7/><U15/><E48/><V16/><F3/><W100/><G94/><N who="0" m="35883" /><D41/><U114/><E114/><V98/><F131/><W40/><G51/><T81/><D20/><U89/><E89/><V8/><F98/><W50/><G50/><T110/><D24/><N who="1" m="18567" /><E30/><V121/><F121/><W62/><G26/><T59/><D110/><U119/><E119/><V97/><F97/><W93/><G93/><T120/><D120/><U0/><E15/><V96/><F96/><W112/><G31/><T76/><D59/><U14/><E14/><V22/><F108/><W65/><G112/><T36/><D36/><U133/><E133/><V74/><F132/><W54/><G54/><N who="0" m="33879" /><D77/><U47/><E47/><V17/><F79/><W67/><REACH who="3" step="1"/><G82/><REACH who="3" ten="243,375,201,171" step="2"/><T9/><D9/><U70/><AGARI ba="0,1" hai="0,5,11,63,66,70,85,87,99,103,105" m="18567" machi="70" ten="30,2000,0" yaku="25,1,52,1" doraHai="35" who="1" fromWho="1" sc="243,-5,375,30,201,-10,171,-5" /><INIT seed="3,0,0,1,3,2" ten="238,405,191,166" oya="3" hai0="89,125,37,76,4,3,49,23,135,12,113,19,91" hai1="68,100,60,41,131,77,126,6,65,24,123,9,124" hai2="78,57,48,1,34,114,63,85,101,62,95,84,79" hai3="80,66,53,67,32,129,71,104,28,130,20,54,105"/><W26/><G80/><T15/><D76/><N who="2" m="29226" /><F1/><W134/><G20/><T33/><D37/><U45/><E123/><V82/><F34/><W27/><G134/><T93/><D89/><U90/><E131/><N who="3" m="50186" /><G26/><T94/><D93/><U98/><E77/><N who="2" m="46159" /><F114/><W5/><G5/><T44/><D125/><U64/><E24/><V115/><F115/><W121/><G121/><T31/><D135/><U112/><E90/><N who="2" m="53711" /><F101/><W128/><N who="3" m="50194" /><W73/><DORA hai="35" /><G73/><T97/><D113/><U22/><E112/><V13/><F13/><W0/><G0/><T92/><D12/><U88/><E100/><V117/><F117/><W42/><G42/><T86/><D31/><U81/><E41/><V47/><F57/><W25/><G25/><T69/><D33/><U127/><E127/><V122/><F122/><W99/><G99/><T107/><D97/><U21/><E98/><V40/><AGARI ba="0,0" hai="40,47,48,62,63" m="53711,46159,29226" machi="40" ten="30,1100,0" yaku="8,1" doraHai="2,35" who="2" fromWho="2" sc="238,-3,405,-3,191,11,166,-5" /><INIT seed="4,0,0,3,1,75" ten="235,402,202,161" oya="0" hai0="78,107,99,105,4,61,3,134,67,101,57,28,80" hai1="60,68,5,53,132,86,89,85,76,124,54,121,129" hai2="44,97,39,83,0,32,115,103,130,43,123,93,51" hai3="116,91,42,52,96,41,29,133,84,17,24,135,18"/><T12/><D134/><N who="3" m="51209" /><G96/><T65/><D28/><U98/><E121/><V16/><F130/><W128/><G116/><T126/><D126/><U26/><E68/><V125/><F0/><W14/><G128/><T81/><D3/><U87/><E129/><V109/><F125/><W6/><G6/><T114/><D114/><U69/><E69/><V7/><F7/><W59/><G24/><T20/><D80/><U8/><E60/><V64/><F32/><W36/><G29/><T77/><D81/><U104/><E26/><V108/><F115/><W92/><G36/><T117/><D107/><U33/><E33/><V23/><F123/><W38/><G38/><T48/><D117/><U95/><E104/><V90/><F64/><W88/><G91/><T19/><D4/><U25/><E25/><V79/><F39/><W112/><G112/><T40/><REACH who="0" step="1"/><D67/><REACH who="0" ten="225,402,202,161" step="2"/><U56/><E5/><V50/><F109/><W62/><G18/><T100/><D100/><U127/><E124/><V35/><F108/><W46/><G46/><AGARI ba="0,1" hai="12,19,20,40,46,48,57,61,65,77,78,99,101,105" machi="46" ten="40,7700,0" yaku="1,1,52,2,53,0" doraHai="75" doraHaiUra="119" who="0" fromWho="3" sc="225,87,402,0,202,0,161,-77" /><INIT seed="4,1,0,2,3,86" ten="312,402,202,84" oya="0" hai0="115,65,43,96,46,126,59,83,57,121,104,1,103" hai1="56,11,48,74,26,89,106,85,99,122,70,82,102" hai2="81,23,111,20,108,73,29,3,88,9,105,19,109" hai3="123,94,84,55,38,72,118,124,98,50,75,61,91"/><T134/><D121/><U60/><E122/><V107/><F29/><W6/><G38/><T47/><D115/><U68/><E48/><V132/><F132/><W128/><G123/><T113/><D1/><U33/><E11/><V69/><F69/><W28/><G118/><T25/><D126/><U77/><E26/><V40/><F40/><W7/><G124/><T10/><D10/><U120/><E33/><V30/><F73/><W90/><G128/><T58/><D65/><U41/><E41/><V78/><F78/><W92/><G28/><T79/><D113/><U13/><E13/><V18/><F30/><W53/><G61/><T117/><D25/><U35/><E35/><V127/><F127/><W64/><G64/><T76/><D76/><U110/><E110/><V67/><F67/><W34/><G34/><T93/><D134/><U97/><E97/><V42/><F42/><W32/><G32/><T44/><D117/><U125/><E125/><V4/><F23/><W31/><G31/><T101/><D43/><U21/><E21/><V0/><F0/><W80/><G80/><T37/><D37/><U27/><E27/><V52/><F52/><W22/><G22/><T45/><N who="0" m="11264" /><DORA hai="17" /><T12/><D12/><U51/><E120/><V116/><F19/><W114/><G114/><T54/><D54/><N who="1" m="31839" /><E60/><V112/><F116/><W95/><G75/><T2/><D2/><U8/><E8/><V100/><F112/><W36/><G72/><N who="0" m="43495" /><D104/><U24/><E24/><N who="2" m="14359" /><F100/><N who="3" m="60487" /><G36/><T129/><D103/><U15/><E15/><V119/><F119/><W135/><G135/><T130/><AGARI ba="1,0" hai="57,58,59,93,96,101,129,130" m="43495,11264" machi="130" ten="50,2400,0" yaku="5,1" doraHai="86,17" who="0" fromWho="0" sc="312,27,402,-9,202,-9,84,-9" /><INIT seed="4,2,0,3,0,99" ten="339,393,193,75" oya="0" hai0="117,62,84,131,16,12,0,61,54,126,35,18,44" hai1="129,13,53,66,94,86,17,100,119,52,90,127,93" hai2="95,97,26,57,105,14,87,69,115,88,30,107,73" hai3="71,38,21,10,58,85,15,24,122,72,64,48,79"/><T121/><D117/><U34/><E119/><V33/><F73/><W42/><G122/><T47/><D0/><U120/><E120/><V75/><F75/><W28/><G72/><T55/><D35/><U27/><E127/><V103/><F115/><W63/><G79/><T70/><D121/><U41/><E129/><V1/><F1/><W31/><G85/><T106/><D106/><U110/><E110/><V109/><F109/><W96/><G96/><T65/><D126/><U8/><E41/><V50/><F69/><W98/><G98/><T80/><D131/><U112/><E112/><V20/><F107/><W81/><G81/><T3/><D3/><U68/><E68/><V102/><F97/><W4/><G38/><T128/><D128/><U5/><E66/><V130/><F105/><W46/><REACH who="3" step="1"/><G71/><REACH who="3" ten="339,393,193,65" step="2"/><T29/><D84/><U91/><E86/><V108/><F130/><W2/><G2/><T43/><D80/><U45/><E93/><V37/><F37/><W76/><G76/><T124/><D70/><U118/><E94/><V114/><F114/><W134/><G134/><T125/><D124/><U133/><E133/><V101/><F108/><W19/><AGARI ba="2,1" hai="4,10,15,19,21,24,28,31,42,46,48,58,63,64" machi="19" ten="20,8000,1" yaku="1,1,0,1,7,1,8,1,53,1" doraHai="99" doraHaiUra="56" who="3" fromWho="3" sc="339,-42,393,-22,193,-22,65,96" /><INIT seed="5,0,0,1,5,110" ten="297,371,171,161" oya="1" hai0="33,38,83,103,1,5,40,27,135,98,44,31,55" hai1="61,77,54,100,74,99,130,125,4,119,29,104,107" hai2="62,26,35,50,41,128,59,97,7,47,10,122,131" hai3="3,105,85,81,65,115,57,79,102,19,112,34,71"/><U123/><E119/><V16/><F122/><W37/><G3/><T51/><D135/><U126/><E123/><V42/><F42/><W134/><G37/><T76/><D98/><U89/><E4/><V28/><F97/><N who="3" m="61647" /><G19/><T84/><D103/><U8/><E8/><V60/><F60/><N who="3" m="40359" /><G57/><T118/><D118/><U32/><E130/><V80/><F80/><W78/><G78/><T94/><D94/><U70/><E89/><V48/><F48/><W67/><G67/><T88/><D5/><U2/><E104/><V20/><F59/><W109/><G109/><T9/><D9/><U64/><E54/><V58/><F58/><W52/><G52/><T36/><D1/><U101/><E101/><V113/><F62/><W73/><G85/><T87/><D55/><U14/><E2/><V66/><F66/><W90/><G90/><T114/><D38/><U0/><E0/><N who="2" m="359" /><F131/><W56/><G56/><T127/><D36/><U13/><E14/><N who="2" m="9239" /><F128/><W11/><G11/><T121/><D121/><U68/><E68/><V72/><F72/><W69/><G69/><T116/><D116/><U133/><E70/><V22/><F22/><W25/><G134/><T6/><D40/><U49/><E133/><V15/><F15/><W39/><G39/><T43/><D43/><U120/><E13/><V63/><F63/><W75/><G75/><T30/><D51/><U45/><E120/><V93/><F93/><W111/><G111/><T23/><D44/><U129/><E61/><V117/><F117/><W91/><G91/><T132/><D132/><U92/><E64/><V17/><F17/><RYUUKYOKU ba="0,0" sc="297,-15,371,-15,171,15,161,15" hai2="26,28,35,41,47,50,113" hai3="25,34,73,79,81,112,115" /><INIT seed="6,1,0,4,4,31" ten="282,356,186,176" oya="2" hai0="23,83,81,122,18,85,71,41,64,51,53,6,94" hai1="76,108,95,121,72,27,98,8,73,35,62,92,129" hai2="40,99,70,130,34,125,39,3,14,52,101,87,45" hai3="107,38,115,103,102,7,89,74,50,49,126,33,127"/><V11/><F3/><W90/><G38/><T1/><D122/><U66/><E108/><V13/><F70/><W133/><G7/><T12/><D41/><U105/><E8/><V61/><F130/><W97/><G74/><T77/><D64/><U26/><E26/><V118/><F118/><W5/><G5/><T37/><D37/><U116/><E116/><V86/><F125/><N who="3" m="47627" /><G133/><T0/><D71/><U65/><E65/><V9/><F34/><W132/><G132/><T17/><D94/><U112/><E112/><V135/><F135/><W82/><G115/><T16/><D83/><U58/><E95/><V91/><F9/><W96/><G82/><T63/><D63/><U114/><E129/><V30/><F30/><W109/><G109/><T117/><D117/><U79/><E73/><V42/><F42/><W84/><G84/><T36/><D36/><U88/><E72/><V22/><F22/><W120/><G120/><T119/><D119/><U48/><E114/><V80/><F87/><W128/><G128/><T29/><D29/><U2/><E121/><V47/><F11/><W4/><G4/><T68/><D68/><U59/><E2/><N who="0" m="1129" /><D6/><U131/><E131/><V78/><F78/><W46/><G33/><T44/><D12/><U75/><E75/><V69/><F69/><W106/><G50/><T113/><D113/><U110/><E110/><V93/><REACH who="2" step="1"/><F61/><REACH who="2" ten="282,356,176,176" step="2"/><W25/><G25/><T10/><D10/><U56/><E27/><V57/><F57/><W54/><AGARI ba="1,1" hai="46,49,54,89,90,96,97,102,103,106,107" m="47627" machi="54" ten="30,1100,0" yaku="18,1" doraHai="31" who="3" fromWho="3" sc="282,-4,356,-4,176,-6,176,24" /><INIT seed="7,0,0,1,3,1" ten="278,352,170,200" oya="3" hai0="52,92,107,18,53,86,35,39,62,61,16,102,114" hai1="115,89,55,48,11,26,19,81,8,5,108,68,94" hai2="3,105,84,44,75,134,25,113,36,127,98,119,129" hai3="63,29,67,10,104,13,17,122,30,59,46,91,118"/><W66/><G104/><T65/><D39/><U87/><E68/><V71/><F25/><W79/><G122/><T51/><D35/><U70/><E70/><V131/><F44/><W111/><G118/><T57/><D107/><U14/><E108/><V38/><F84/><W126/><G126/><T0/><D0/><U22/><E115/><V6/><F98/><W100/><G100/><T24/><D114/><U112/><E112/><V99/><F6/><N who="3" m="3287" /><G79/><T125/><D125/><U124/><E124/><V34/><F99/><W50/><G111/><T74/><D74/><U88/><E11/><V130/><F129/><W12/><G67/><T135/><D135/><U90/><E94/><V33/><F36/><W40/><G91/><N who="0" m="53367" /><D102/><U133/><E133/><V103/><F103/><W2/><G2/><T37/><D37/><U120/><E120/><V27/><F27/><W123/><G123/><T21/><D62/><U28/><E28/><V9/><F9/><AGARI ba="0,0" hai="9,12,17,29,30,40,46,50,59,63,66" m="3287" machi="9" ten="30,2900,0" yaku="8,1,52,1" doraHai="1" who="3" fromWho="2" sc="278,0,352,0,170,-29,200,29" /><INIT seed="7,1,0,1,3,117" ten="278,352,141,229" oya="3" hai0="44,89,76,62,39,109,82,53,25,110,85,95,104" hai1="116,101,86,87,30,24,61,78,58,60,74,65,50" hai2="15,3,21,56,107,130,33,51,20,123,108,121,84" hai3="57,1,23,49,7,115,18,111,13,54,92,66,97"/><W31/><G115/><T133/><D39/><U43/><E74/><V11/><F107/><W46/><G31/><T2/><D2/><U63/><E78/><V71/><F71/><W68/><G68/><T91/><D104/><U99/><E116/><V103/><F3/><W128/><G128/><T5/><D5/><U40/><E61/><V90/><F103/><W105/><G111/><T100/><D133/><U125/><E63/><V93/><F33/><W75/><G75/><T29/><D100/><U81/><E81/><V37/><F37/><W79/><G79/><T77/><D89/><U67/><E67/><V72/><F72/><W73/><G73/><T126/><D126/><U112/><E125/><V114/><F114/><W64/><G105/><T17/><D17/><U47/><E43/><V83/><F130/><W80/><G80/><T119/><D119/><U129/><E129/><V120/><F108/><W113/><G113/><T59/><D44/><U41/><E41/><V122/><F122/><W132/><G132/><T134/><D134/><U96/><E112/><V9/><F83/><W55/><G7/><T106/><D77/><U36/><E36/><V14/><F56/><W22/><G1/><T102/><D102/><U32/><E99/><V48/><F51/><W27/><G57/><T4/><D4/><U8/><E8/><N who="2" m="3147" /><F48/><W131/><G131/><T0/><D0/><U42/><E42/><V118/><F118/><W38/><G38/><T127/><D127/><U26/><E26/><V16/><F21/><W35/><G35/><N who="0" m="20911" /><D106/><AGARI ba="1,0" hai="24,30,32,40,47,50,58,60,65,86,87,96,101,106" machi="106" ten="30,1000,0" yaku="7,1" doraHai="117" who="1" fromWho="0" sc="278,-13,352,13,141,0,229,0" owari="265,7.0,365,46.0,141,-36.0,229,-17.0" /></mjloggm>