<mjloggm ver="2.3"><GO type="169" lobby="0"/><UN n0="%73%68%61%6F" n1="%E7%A5%9E%E7%AE%97%E9%AC%BC%E8%AC%80%E3%81%AE%E6%A5%B5%E3%81%BF" n2="%E3%82%A6%E3%83%AB%E3%83%88%E3%83%A9%E7%AB%8B%E7%9B%B4" n3="%E3%83%9F%E3%83%A9%E3%82%AF%E3%83%AB%E3%81%8A%E3%81%98%E3%81%95%E3%82%93" dan="18,16,17,17" rate="2183.58,2067.64,2128.48,2149.35" sx="M,F,M,M"/><TAIKYOKU oya="0"/><INIT seed="0,0,0,2,2,122" ten="250,250,250,250" oya="0" hai0="56,37,102,30,101,53,61,112,69,2,33,41,85" hai1="0,15,3,38,96,65,107,88,7,82,121,13,39" hai2="50,89,81,43,90,127,21,55,51,32,111,99,71" hai3="78,1,104,52,14,109,134,42,5,62,75,34,24"/><T35/><D112/><U128/><E121/><V20/><F32/><W135/><G1/><T129/><D2/><U19/><E65/><V100/><F71/><W87/><G75/><T132/><D69/><U66/><E66/><V28/><F127/><W17/><G104/><T73/><D73/><U12/><E128/><V67/><F67/><W72/><G72/><T44/><D129/><U60/><E60/><V120/><F120/><W115/><G115/><T48/><D132/><U119/><E119/><V130/><F130/><W40/><G5/><T6/><D6/><U27/><E107/><V133/><F133/><N who="3" m="50699" /><G78/><T59/><D85/><U79/><E79/><V63/><F63/><W95/><G87/><T94/><D30/><U125/><E3/><V11/><F89/><W105/><G105/><T76/><D76/><U124/><E7/><V54/><F90/><W47/><G95/><T31/><D94/><N who="1" m="56391" /><E82/><V92/><F81/><W93/><G93/><T84/><D84/><U77/><E77/><V74/><F92/><W106/><G106/><T68/><D68/><U16/><E0/><V123/><F99/><W103/><G103/><T45/><D101/><U91/><E91/><V86/><F100/><W49/><G62/><N who="0" m="36111" /><D102/><U46/><E124/><V23/><F86/><W83/><G83/><T64/><D31/><U26/><E125/><V116/><F28/><N who="3" m="19719" /><G109/><T25/><D25/><U29/><E26/><V80/><F111/><W36/><G36/><N who="1" m="13866" /><E46/><V110/><F110/><W117/><G117/><T108/><D108/><U114/><E114/><V98/><F116/><W113/><G113/><RYUUKYOKU ba="0,0" sc="250,10,250,10,250,-30,250,10" hai0="33,35,37,41,44,45,48,59,61,64" hai1="12,13,15,16,19,27,29" hai3="14,17,40,42,47,49,52" /><INIT seed="0,1,0,3,1,134" ten="260,260,220,260" oya="0" hai0="19,11,79,25,46,96,123,58,27,40,28,1,130" hai1="105,18,117,81,30,39,112,116,35,129,37,87,122" hai2="68,56,8,70,124,127,86,67,114,74,65,118,64" hai3="2,132,10,26,103,94,57,107,14,82,17,52,93"/><T69/><D69/><N who="2" m="26730" /><F86/><W75/><G132/><T61/><D123/><U125/><E122/><V111/><F8/><W126/><G126/><N who="2" m="48169" /><F118/><W108/><G108/><T104/><D79/><U47/><E125/><V110/><F114/><W42/><G42/><T16/><D40/><U80/><E112/><V38/><F38/><W23/><G2/><T120/><D1/><U9/><E87/><V21/><F74/><W128/><G128/><T83/><D130/><U102/><E129/><V44/><F44/><W106/><G75/><T6/><D46/><U12/><E47/><V97/><F97/><W63/><G82/><T20/><D83/><U101/><E81/><V3/><F3/><W119/><G119/><T77/><D96/><U53/><E80/><V89/><F89/><W84/><G103/><T49/><D11/><U73/><E101/><V33/><F33/><W7/><REACH who="3" step="1"/><G84/><REACH who="3" ten="260,260,220,250" step="2"/><T72/><D72/><U98/><E73/><V91/><F91/><W66/><G66/><N who="2" m="25705" /><F21/><W5/><G5/><T113/><D6/><U59/><E117/><V135/><F135/><W31/><G31/><T133/><D28/><U100/><E102/><V4/><F4/><W51/><G51/><T36/><D49/><N who="1" m="31151" /><E116/><V48/><F48/><W92/><AGARI ba="1,1" hai="7,10,14,17,23,26,52,57,63,92,93,94,106,107" machi="92" ten="30,4000,0" yaku="1,1,0,1,54,1,53,0" doraHai="134" doraHaiUra="41" who="3" fromWho="3" sc="260,-21,260,-11,220,-11,250,53" /><INIT seed="1,0,0,3,3,37" ten="239,249,209,303" oya="1" hai0="17,65,94,60,103,11,77,96,116,108,83,4,106" hai1="101,109,21,124,128,35,93,64,22,119,13,38,41" hai2="8,122,1,19,95,76,3,90,85,46,79,25,86" hai3="62,12,125,50,63,99,42,2,40,74,6,113,36"/><U81/><E119/><V32/><F122/><W114/><G2/><T69/><D116/><U87/><E35/><V123/><F123/><W102/><G74/><T84/><D108/><U66/><E128/><V51/><F1/><W44/><G125/><T59/><D17/><U111/><E124/><V34/><F34/><W39/><G6/><T10/><D4/><U112/><E112/><V53/><F3/><W131/><G131/><T43/><D69/><U120/><E120/><V28/><F86/><W57/><G12/><T107/><REACH who="0" step="1"/><D43/><REACH who="0" ten="229,249,209,303" step="2"/><U82/><E41/><V134/><F134/><W23/><G42/><T129/><D129/><U118/><E118/><V27/><F27/><W26/><G114/><T56/><D56/><U73/><E109/><V24/><F24/><W45/><G113/><T133/><D133/><U48/><E111/><V100/><F19/><W68/><G68/><T89/><D89/><U75/><E101/><V16/><F100/><W15/><G57/><T88/><D88/><U55/><E13/><V5/><F5/><W97/><G15/><T117/><D117/><U7/><E7/><V18/><F18/><W31/><G102/><T127/><D127/><U110/><E110/><V72/><F16/><W54/><G39/><T29/><D29/><U126/><E38/><V33/><F8/><AGARI ba="0,1" hai="8,10,11,59,60,65,77,83,84,94,96,103,106,107" machi="8" ten="40,1300,0" yaku="1,1,53,0" doraHai="37" doraHaiUra="9" who="0" fromWho="2" sc="229,23,249,0,209,-13,303,0" /><INIT seed="2,0,0,0,0,116" ten="252,249,196,303" oya="2" hai0="47,119,79,74,9,125,12,109,42,108,10,101,25" hai1="41,46,62,86,94,54,107,44,117,7,45,135,60" hai2="4,112,133,40,95,37,2,8,55,15,1,68,51" hai3="129,130,73,78,91,34,87,28,127,76,83,132,67"/><V122/><F112/><W131/><G67/><T23/><D119/><U75/><E107/><V72/><F72/><W97/><G28/><T110/><D125/><U30/><E75/><V71/><F122/><W36/><G34/><T56/><D101/><U24/><E117/><V17/><F133/><W19/><G19/><T105/><D105/><U22/><E7/><V53/><F37/><W121/><G36/><T104/><D104/><U89/><E135/><V114/><F114/><W18/><G18/><N who="0" m="12535" /><D56/><U52/><REACH who="1" step="1"/><E41/><REACH who="1" ten="252,239,196,303" step="2"/><V66/><F40/><W81/><G132/><T64/><D74/><U93/><E93/><V57/><F4/><W100/><G127/><T90/><D42/><U26/><E26/><V43/><F43/><W111/><G111/><T38/><D38/><U115/><E115/><V29/><F1/><W123/><G78/><T84/><D79/><U3/><E3/><V49/><F2/><W50/><G50/><T65/><D110/><U106/><E106/><AGARI ba="0,1" hai="73,76,81,83,87,91,97,100,106,121,123,129,130,131" machi="106" ten="40,12000,2" yaku="19,1,34,3,52,2" doraHai="116" who="3" fromWho="1" sc="252,0,239,-120,196,0,303,130" /><INIT seed="3,0,0,3,5,113" ten="252,119,196,433" oya="3" hai0="28,70,98,40,128,103,74,100,99,10,123,41,18" hai1="106,60,56,14,124,32,3,82,48,110,29,25,91" hai2="92,31,57,129,37,42,21,7,55,117,88,84,72" hai3="34,46,114,116,120,9,16,81,64,101,122,105,69"/><W36/><G114/><T71/><D74/><U112/><E112/><V73/><F117/><W96/><G34/><T89/><D123/><U78/><E3/><V11/><F129/><W94/><G105/><T20/><D128/><U5/><E106/><V121/><F121/><W115/><G115/><T54/><D89/><U133/><E110/><V62/><F37/><W130/><G130/><T83/><D83/><U17/><E133/><V85/><F42/><W45/><G81/><T15/><D54/><U95/><E5/><V58/><F85/><W135/><G135/><T13/><D28/><U23/><E48/><V52/><F21/><W61/><G46/><T90/><D90/><U19/><E124/><V97/><F31/><W108/><G108/><T53/><D53/><U30/><E19/><V65/><F65/><W35/><G35/><T4/><D71/><U27/><E82/><V119/><F119/><W47/><G47/><T80/><D70/><U127/><E78/><V1/><F84/><W59/><G69/><T102/><D80/><U109/><E127/><V68/><F68/><W107/><G107/><T111/><D111/><U33/><E109/><V79/><F79/><W8/><G116/><T2/><D2/><U24/><E32/><V86/><F86/><W126/><G126/><T134/><D134/><U131/><E33/><V0/><F0/><W26/><G122/><T39/><D39/><U51/><E131/><V50/><AGARI ba="0,0" hai="1,7,11,50,52,55,57,58,62,72,73,88,92,97" machi="50" ten="20,5200,0" yaku="0,1,7,1,54,2" doraHai="113" who="2" fromWho="2" sc="252,-13,119,-13,196,52,433,-26" /><INIT seed="4,0,0,4,1,128" ten="239,106,248,407" oya="0" hai0="97,44,13,59,115,82,2,29,91,118,96,51,73" hai1="52,72,30,49,54,48,85,84,7,110,117,3,107" hai2="39,68,121,89,33,104,43,65,126,16,116,19,8" hai3="119,130,53,45,95,135,64,21,122,109,66,24,108"/><T20/><D2/><U74/><E107/><V112/><F33/><W34/><G119/><T6/><D118/><U100/><E117/><V113/><F104/><W47/><G34/><T15/><D115/><N who="2" m="44106" /><F121/><W105/><G105/><T93/><D59/><U71/><E30/><V83/><F126/><W67/><G130/><T55/><D73/><U88/><E71/><V12/><F116/><W38/><G122/><T36/><D36/><U57/><E100/><V5/><F43/><W131/><G131/><T25/><D82/><U133/><E133/><V69/><F39/><W101/><G38/><T125/><D125/><U26/><E26/><V99/><F69/><W61/><G61/><T27/><D6/><U58/><E110/><V86/><F99/><W56/><G109/><T106/><REACH who="0" step="1"/><D27/><REACH who="0" ten="229,106,248,407" step="2"/><U37/><E37/><V87/><F68/><W123/><G24/><T132/><D132/><U80/><E7/><V14/><F65/><W23/><G66/><T127/><D127/><U18/><E3/><V11/><F5/><W75/><G64/><T32/><D32/><U4/><E4/><V81/><F81/><W78/><G67/><T46/><D46/><U124/><E124/><V90/><F83/><W50/><G47/><T94/><D94/><U1/><E1/><V79/><F79/><W17/><G95/><T22/><D22/><U42/><E74/><V28/><F11/><W10/><G75/><T70/><D70/><U76/><E72/><V9/><F8/><W77/><G10/><T31/><D31/><U92/><E18/><V0/><F19/><W41/><G17/><RYUUKYOKU ba="0,1" sc="229,15,106,15,248,-15,407,-15" hai0="13,15,20,25,29,44,51,55,91,93,96,97,106" hai1="42,48,49,52,54,57,58,76,80,84,85,88,92" /><INIT seed="4,1,1,3,1,35" ten="244,121,233,392" oya="0" hai0="103,29,45,94,88,129,0,65,101,120,131,21,9" hai1="49,124,5,116,34,86,18,11,59,16,111,121,84" hai2="10,135,2,130,36,109,12,30,118,132,98,57,72" hai3="13,17,83,6,38,115,100,15,70,76,97,44,110"/><T28/><D120/><U33/><E116/><V68/><F68/><W46/><G110/><T52/><D65/><U66/><E121/><V74/><F109/><W123/><G123/><T55/><D103/><U14/><E111/><V125/><F36/><W69/><G115/><T99/><D101/><U85/><E124/><V113/><F113/><W62/><G6/><N who="0" m="1223" /><D45/><U25/><E33/><V40/><F40/><W107/><G13/><T47/><D47/><U58/><E34/><V133/><F125/><W102/><G100/><T128/><D21/><U75/><E75/><V90/><F57/><W60/><G70/><T80/><D80/><U7/><E58/><V43/><F43/><W87/><G38/><T104/><D104/><U27/><E27/><V64/><F74/><W96/><G96/><T37/><D37/><U112/><E112/><V63/><F98/><W50/><G69/><T81/><D81/><U24/><E24/><V108/><F72/><W1/><G1/><T126/><D126/><U20/><REACH who="1" step="1"/><E49/><REACH who="1" ten="244,111,233,392" step="2"/><V8/><F108/><W26/><G26/><T134/><D134/><U61/><AGARI ba="1,2" hai="5,7,11,14,16,18,20,25,59,61,66,84,85,86" machi="61" ten="30,8000,1" yaku="1,1,2,1,0,1,8,1,54,1,53,0" doraHai="35" doraHaiUra="95" who="1" fromWho="1" sc="244,-41,111,103,233,-21,392,-21" /><INIT seed="5,0,0,3,2,87" ten="203,214,212,371" oya="1" hai0="48,83,125,105,71,120,119,113,40,96,22,29,24" hai1="123,20,90,97,0,102,1,56,12,72,5,37,106" hai2="131,129,19,121,64,84,7,50,124,133,2,54,85" hai3="52,109,75,8,35,91,81,49,107,23,59,42,14"/><U36/><E72/><V110/><F110/><W63/><G35/><T32/><D119/><U55/><E123/><V116/><F121/><W13/><G109/><T65/><D120/><U135/><E135/><V67/><F116/><W6/><G107/><T62/><D113/><U66/><E66/><V89/><F7/><W3/><G23/><T108/><D108/><U17/><E37/><V43/><F2/><W122/><G122/><T4/><D125/><U68/><E36/><V101/><F101/><W70/><G75/><T16/><D4/><U115/><E68/><V93/><F43/><W74/><G74/><T78/><D48/><U31/><E31/><V88/><F19/><W51/><G51/><T103/><D40/><U47/><E47/><N who="2" m="27999" /><F124/><W18/><G18/><T80/><D78/><U104/><E106/><V86/><F133/><W94/><G81/><T26/><AGARI ba="0,0" hai="16,22,24,26,29,32,62,65,71,80,83,96,103,105" machi="26" ten="20,8000,1" yaku="0,1,7,1,25,2,54,1" doraHai="87" who="0" fromWho="0" sc="203,80,214,-40,212,-20,371,-20" /><INIT seed="6,0,0,3,1,97" ten="283,174,192,351" oya="2" hai0="39,123,118,112,125,99,131,16,64,87,120,127,59" hai1="70,75,33,34,8,40,72,106,12,25,60,102,35" hai2="2,121,100,98,88,73,62,47,53,133,10,30,76" hai3="91,18,21,93,114,56,20,74,71,38,6,111,77"/><V81/><F133/><W55/><G71/><T86/><D39/><U82/><E12/><V52/><F121/><W27/><G111/><T101/><D112/><U128/><E8/><V130/><F130/><W129/><G38/><T23/><D131/><U24/><E40/><V89/><F30/><W13/><G129/><T37/><D37/><U5/><E5/><V28/><F28/><W94/><G114/><T79/><D118/><U31/><E25/><V85/><F47/><W32/><G32/><N who="1" m="12394" /><E82/><V63/><F89/><W105/><G105/><N who="0" m="63679" /><D59/><U122/><E122/><V46/><F46/><W116/><G116/><T4/><D64/><N who="1" m="41223" /><E128/><V84/><F2/><W126/><G13/><N who="0" m="9615" /><D4/><U61/><E61/><N who="2" m="23051" /><F10/><W108/><G6/><T134/><D134/><U50/><E50/><V26/><F26/><W42/><G27/><T44/><D44/><U107/><E106/><N who="2" m="63767" /><F85/><W92/><G91/><T119/><D119/><U90/><E90/><V14/><F14/><W103/><G74/><T11/><D11/><U69/><E69/><V54/><F54/><W57/><G55/><T68/><D68/><U41/><E41/><V110/><F110/><W45/><G42/><T135/><D135/><U36/><E36/><V66/><F66/><W48/><G108/><T43/><D43/><U115/><E115/><V17/><F17/><W7/><G18/><T19/><D19/><U49/><E49/><V67/><F67/><W80/><G7/><T124/><D87/><U132/><E132/><V65/><F65/><W9/><G9/><T29/><D29/><U22/><E35/><V15/><F15/><RYUUKYOKU ba="0,0" sc="283,10,174,10,192,10,351,-30" hai0="79,86,120,123,124,125,127" hai1="22,24,31,72,75,102,107" hai2="52,53,73,76,81,84,88" /><INIT seed="6,1,0,1,3,20" ten="293,184,202,321" oya="2" hai0="102,39,132,99,100,86,52,67,125,38,97,75,35" hai1="36,59,60,53,70,129,78,69,47,15,7,41,114" hai2="37,58,13,133,76,8,87,109,95,27,82,79,17" hai3="77,29,108,31,131,56,83,46,127,81,107,88,6"/><V118/><F133/><W50/><G108/><T94/><D75/><U32/><E32/><V134/><F134/><W18/><G107/><T128/><D132/><U57/><E114/><V115/><F115/><W12/><G131/><T1/><D1/><U33/><E33/><V30/><F118/><W43/><G127/><T3/><D3/><U93/><E78/><V0/><F0/><W21/><G6/><T23/><D35/><U74/><E74/><V44/><F109/><W105/><G105/><T73/><D73/><U5/><E129/><V80/><F95/><W63/><G77/><T54/><D86/><U112/><E112/><V64/><F37/><W62/><G62/><T101/><D125/><U90/><E57/><V130/><F44/><W72/><G72/><T85/><D85/><U135/><E135/><V45/><F45/><W26/><G88/><T10/><D10/><U119/><E119/><V68/><F68/><W98/><G98/><T25/><D67/><U24/><E69/><V48/><F130/><W91/><G91/><T4/><D4/><U117/><E70/><V110/><F110/><W28/><G12/><T49/><D128/><U14/><E117/><V42/><F42/><W2/><G2/><T103/><D99/><N who="1" m="57783" /><E5/><V126/><F126/><W66/><AGARI ba="1,0" hai="18,21,26,28,29,31,43,46,50,56,63,66,81,83" machi="66" ten="30,4000,0" yaku="0,1,8,1,52,1" doraHai="20" who="3" fromWho="3" sc="293,-11,184,-11,202,-21,321,43" /><INIT seed="7,0,0,4,2,100" ten="282,173,181,364" oya="3" hai0="79,126,78,61,21,111,1,82,60,101,36,33,52" hai1="131,71,73,68,74,108,10,93,15,58,27,95,92" hai2="117,53,77,56,113,3,20,102,59,32,43,89,125" hai3="6,115,69,104,96,7,45,16,94,22,46,85,64"/><W5/><G115/><T63/><D101/><U18/><E108/><V17/><F32/><W98/><G104/><T9/><D36/><U57/><E131/><V0/><F113/><W128/><G128/><T55/><D79/><U123/><E123/><V97/><F117/><W72/><G72/><T25/><D126/><U76/><E27/><V90/><F125/><W122/><G122/><T80/><D80/><U51/><E51/><V41/><F77/><W106/><G106/><T127/><D33/><U8/><E76/><V38/><F0/><W24/><G85/><T105/><D105/><U35/><E35/><V28/><F3/><W67/><G69/><N who="1" m="26698" /><E18/><V99/><F28/><W30/><G30/><T87/><D111/><U81/><E15/><N who="2" m="9279" /><F38/><W42/><G98/><N who="2" m="37385" /><F102/><N who="3" m="60695" /><G42/><N who="2" m="15881" /><F59/><N who="1" m="22537" /><E81/><V65/><F65/><AGARI ba="0,0" hai="5,6,7,16,22,24,45,46,64,65,67" m="60695" machi="65" ten="30,2900,0" yaku="8,1,54,1" doraHai="100" who="3" fromWho="2" sc="282,0,173,0,181,-29,364,29" owari="282,8.0,173,-23.0,152,-35.0,393,50.0" /></mjloggm>