<mjloggm ver="2.3"><GO type="169" lobby="0"/><UN n0="%E3%82%B5%E3%83%9C" n1="%E3%83%92%E3%83%84%E3%83%AB%E3%82%B9%E3%83%9A%E3%83%AB%E3%82%AC%E3%83%BC" n2="%67%61%72%75%63%69%61" n3="%E3%82%A6%E3%83%AB%E3%83%88%E3%83%A9%E7%AB%8B%E7%9B%B4" dan="17,16,16,17" rate="2164.81,2066.05,2071.21,2155.27" sx="M,M,M,M"/><TAIKYOKU oya="0"/><INIT seed="0,0,0,3,2,7" ten="250,250,250,250" oya="0" hai0="66,119,9,29,27,134,91,4,111,79,92,125,37" hai1="52,40,132,33,5,67,64,25,15,48,44,120,104" hai2="57,2,117,45,50,49,70,118,85,76,130,74,26" hai3="54,116,87,131,14,72,0,108,126,88,58,16,19"/><T62/><D119/><N who="2" m="45578" /><F85/><W93/><G116/><T114/><D114/><U127/><E120/><V65/><F26/><W106/><G0/><T61/><D37/><U99/><E127/><V135/><F2/><W122/><G126/><T42/><D125/><U110/><E110/><V81/><F70/><W23/><G72/><T107/><D107/><U95/><E104/><V43/><F130/><W38/><G131/><T102/><D102/><U89/><E132/><V115/><F115/><W80/><G108/><T75/><D111/><U56/><E25/><V41/><F135/><W8/><G38/><T101/><D101/><U10/><REACH who="1" step="1"/><E33/><REACH who="1" ten="250,240,250,250" step="2"/><V124/><F124/><W128/><G106/><T63/><D134/><U96/><E96/><V133/><F133/><W98/><G122/><T121/><D121/><U18/><E18/><V17/><F17/><N who="3" m="8391" /><G128/><T12/><D27/><U68/><E68/><V73/><F73/><W34/><G34/><T77/><D75/><U28/><E28/><V21/><F74/><W6/><G23/><T35/><D35/><U30/><E30/><V24/><F24/><W51/><G6/><T82/><D29/><U55/><E55/><N who="2" m="31983" /><F21/><W71/><G71/><N who="0" m="42447" /><D42/><U3/><E3/><V22/><F22/><W47/><G19/><T60/><D82/><U129/><E129/><V78/><F81/><W123/><G16/><T31/><D31/><U69/><E69/><V59/><F41/><W46/><G123/><T36/><D36/><AGARI ba="0,1" hai="5,10,15,36,40,44,48,52,56,64,67,89,95,99" machi="36" ten="30,8000,1" yaku="1,1,7,1,52,1,54,1,53,1" doraHai="7" doraHaiUra="94" who="1" fromWho="0" sc="250,-80,240,90,250,0,250,0" /><INIT seed="1,0,0,2,2,87" ten="170,330,250,250" oya="1" hai0="78,1,4,97,5,125,27,101,92,23,42,123,29" hai1="124,8,31,115,85,100,52,89,82,133,66,130,15" hai2="57,67,24,70,91,49,99,55,108,73,90,62,18" hai3="30,86,77,63,126,127,118,93,69,16,58,95,12"/><U56/><E115/><V71/><F73/><W34/><G69/><T109/><D109/><U7/><E124/><N who="3" m="47658" /><G118/><T25/><D125/><U20/><E130/><V117/><F117/><W111/><G111/><T9/><D123/><U44/><E133/><V128/><F108/><W132/><G132/><T51/><D78/><U38/><E100/><V6/><F128/><W60/><G63/><T37/><D37/><U88/><E66/><V121/><F121/><W65/><G30/><T36/><D36/><U106/><E106/><V76/><F76/><W84/><G34/><T35/><D5/><U48/><E89/><V98/><F71/><W120/><G120/><T103/><D51/><U45/><E38/><V80/><F6/><W21/><G86/><T102/><REACH who="0" step="1"/><D42/><REACH who="0" ten="160,330,250,250" step="2"/><U46/><E46/><N who="2" m="28087" /><F70/><W43/><G43/><T119/><D119/><U110/><E110/><V94/><F80/><AGARI ba="0,1" hai="12,16,21,58,60,65,77,80,84,93,95" m="47658" machi="80" ten="30,2000,0" yaku="18,1,54,1" doraHai="87" who="3" fromWho="2" sc="160,0,330,0,250,-20,250,30" /><INIT seed="2,0,0,2,2,81" ten="160,330,230,280" oya="2" hai0="15,121,52,35,43,116,16,17,120,93,40,61,105" hai1="112,71,115,94,8,102,5,45,119,131,55,31,21" hai2="126,68,60,13,91,66,114,73,4,48,38,12,29" hai3="85,99,124,24,42,88,77,130,127,67,18,74,117"/><V79/><F38/><W128/><G117/><T89/><D105/><U62/><E119/><V97/><F114/><W118/><G118/><T65/><D35/><U49/><E131/><N who="3" m="50218" /><G67/><T78/><D116/><U64/><E31/><V53/><F126/><N who="3" m="48171" /><G42/><T44/><D78/><U98/><REACH who="1" step="1"/><E21/><REACH who="1" ten="160,320,230,280" step="2"/><V25/><F29/><W107/><G74/><T90/><D120/><U27/><E27/><V92/><F25/><W123/><G123/><T20/><D121/><U76/><E76/><V110/><F79/><W19/><G24/><T135/><D17/><U50/><E50/><V83/><F48/><W134/><G77/><T23/><D23/><U132/><E132/><V32/><F32/><W96/><G134/><T63/><D135/><U82/><E82/><V39/><F39/><W1/><G1/><AGARI ba="0,1" hai="1,5,8,45,49,55,62,64,71,94,98,102,112,115" machi="1" ten="30,2000,0" yaku="1,1,7,1,53,0" doraHai="81" doraHaiUra="100" who="1" fromWho="3" sc="160,0,320,30,230,0,280,-20" /><INIT seed="3,0,0,5,0,73" ten="160,350,230,260" oya="3" hai0="79,98,94,40,39,67,15,55,88,133,44,113,66" hai1="125,8,72,50,28,115,38,109,116,4,70,120,13" hai2="78,74,49,65,91,84,30,81,53,46,2,108,107" hai3="111,47,124,35,62,134,80,104,110,135,43,9,48"/><W130/><G104/><T19/><D133/><N who="3" m="50697" /><G35/><T103/><D113/><U129/><E38/><V0/><F108/><N who="3" m="41515" /><G124/><T112/><D112/><U68/><E125/><V71/><F107/><W32/><G32/><T119/><D119/><U64/><E116/><V22/><F71/><W76/><G9/><T14/><D55/><U128/><E115/><V89/><F65/><W96/><G96/><T114/><D114/><U37/><E64/><V127/><F127/><W24/><G24/><T34/><D34/><U105/><E105/><V121/><F121/><W132/><G132/><T126/><D126/><U118/><E120/><V59/><F91/><W69/><G130/><T17/><D103/><U6/><E118/><V7/><F7/><W63/><G69/><T18/><D67/><U3/><E109/><V36/><F36/><W27/><G27/><T52/><D66/><U57/><E37/><V99/><F99/><W42/><G42/><T31/><D31/><U117/><E28/><V82/><F30/><W100/><G100/><T1/><D1/><U77/><E117/><V131/><F131/><N who="1" m="50249" /><E4/><V58/><REACH who="2" step="1"/><F22/><REACH who="2" ten="160,350,220,260" step="2"/><W106/><G106/><T41/><D39/><U87/><E70/><V123/><F123/><W51/><G51/><N who="0" m="28775" /><D40/><U95/><E68/><V12/><F12/><N who="0" m="4650" /><D41/><U83/><E13/><V102/><F102/><W26/><G26/><T92/><D92/><U29/><E95/><V16/><F16/><N who="0" m="4098" /><T11/><DORA hai="90" /><D11/><U5/><E8/><V56/><AGARI ba="0,1" hai="0,2,46,49,53,56,58,59,74,78,81,82,84,89" machi="56" ten="30,12000,2" yaku="1,1,0,1,52,1,53,3" doraHai="73,90" doraHaiUra="21,54" who="2" fromWho="2" sc="160,-30,350,-30,220,130,260,-60" /><INIT seed="4,0,0,1,4,107" ten="130,320,350,200" oya="0" hai0="34,127,133,82,51,81,13,9,134,129,58,7,87" hai1="56,18,90,63,30,111,6,93,71,109,24,128,2" hai2="35,44,98,52,118,47,59,23,75,74,38,102,16" hai3="42,26,32,88,19,41,91,72,80,27,79,115,85"/><T50/><D34/><U119/><E71/><V123/><F35/><W49/><G115/><T135/><D127/><U53/><E119/><V54/><F123/><W4/><G4/><T37/><D37/><U64/><E128/><V112/><F112/><W99/><G99/><T126/><D126/><U77/><E77/><V10/><F10/><W122/><G122/><T84/><D129/><U65/><E18/><V31/><F31/><W0/><G0/><T15/><D15/><U113/><E113/><V22/><F118/><W68/><G68/><T106/><D106/><U114/><E114/><V46/><F38/><W94/><G49/><T66/><D51/><U108/><E6/><V48/><F23/><W121/><G121/><T29/><D29/><U40/><E40/><V89/><F89/><W100/><G100/><T131/><D131/><U78/><E78/><V57/><F54/><W69/><G69/><T92/><D92/><U62/><E2/><V104/><REACH who="2" step="1"/><F59/><REACH who="2" ten="130,320,340,200" step="2"/><W67/><G91/><T130/><D130/><U21/><REACH who="1" step="1"/><E63/><REACH who="1" ten="130,310,340,200" step="2"/><V73/><F73/><W125/><G125/><T45/><D58/><U86/><AGARI ba="0,2" hai="21,24,30,53,56,62,64,65,86,90,93,108,109,111" machi="86" ten="30,4000,0" yaku="1,1,2,1,0,1,53,0" doraHai="107" doraHaiUra="8" who="1" fromWho="1" sc="130,-20,310,60,340,-10,200,-10" /><INIT seed="5,0,0,0,4,1" ten="110,370,330,190" oya="1" hai0="84,122,26,128,108,33,38,2,100,64,85,81,104" hai1="63,98,132,101,50,86,59,91,6,45,54,32,36" hai2="105,34,47,60,119,118,7,4,133,74,71,66,15" hai3="75,22,58,97,125,124,23,49,69,42,127,18,35"/><U72/><E72/><V120/><F120/><W51/><G69/><T92/><D108/><U31/><E36/><V24/><F74/><W56/><G35/><T28/><D128/><U43/><E132/><V88/><F133/><W130/><G75/><T107/><D122/><U68/><E68/><V61/><F15/><W3/><G3/><T5/><D38/><U11/><E31/><V94/><F105/><W123/><G123/><T109/><D109/><U110/><E32/><V19/><F60/><W116/><G130/><T48/><D64/><U67/><E110/><V14/><F47/><N who="3" m="25847" /><G116/><T10/><D48/><U95/><E67/><V65/><F65/><W114/><G114/><T82/><D100/><U106/><REACH who="1" step="1"/><E11/><REACH who="1" ten="110,360,330,190" step="2"/><V77/><F119/><W117/><G117/><T70/><D70/><U44/><E44/><V9/><F118/><W96/><G56/><T12/><D2/><U39/><E39/><V78/><F34/><W89/><G58/><T112/><D112/><U25/><E25/><V115/><F115/><W121/><G121/><T46/><D46/><U131/><E131/><V87/><REACH who="2" step="1"/><F24/><REACH who="2" ten="110,360,320,190" step="2"/><N who="3" m="14423" /><G127/><T20/><D33/><U13/><E13/><V27/><F27/><W129/><G125/><T111/><D111/><U53/><E53/><V52/><F52/><W113/><G124/><T21/><D21/><U134/><E134/><V8/><F8/><W41/><G23/><T37/><D37/><U40/><E40/><V57/><F57/><W29/><G41/><T99/><D20/><U103/><E103/><V0/><F0/><W135/><G135/><T30/><D26/><RYUUKYOKU ba="0,2" sc="110,-15,360,15,320,15,190,-15" hai1="6,43,45,50,54,59,63,86,91,95,98,101,106" hai2="4,7,9,14,19,61,66,71,77,78,87,88,94" /><INIT seed="5,1,2,3,5,75" ten="95,375,335,175" oya="1" hai0="118,85,53,62,66,77,132,2,35,88,26,1,58" hai1="23,17,125,114,29,90,112,121,94,0,5,119,117" hai2="92,123,64,84,56,36,89,57,34,24,16,78,51" hai3="124,109,60,129,7,106,37,4,86,44,108,69,134"/><U67/><E121/><V127/><F36/><W30/><G106/><T71/><D118/><U13/><E67/><V28/><F123/><W130/><G30/><T128/><D128/><N who="3" m="49257" /><G86/><T49/><D132/><U82/><E82/><V122/><F122/><W65/><G134/><T3/><D35/><U38/><E38/><V113/><F113/><N who="1" m="43625" /><E29/><V72/><F127/><W22/><G22/><T104/><D26/><U19/><E125/><V103/><F103/><W9/><G124/><T61/><D104/><U120/><E120/><V33/><F33/><W32/><G32/><T95/><REACH who="0" step="1"/><D62/><REACH who="0" ten="85,375,335,175" step="2"/><U10/><E117/><V45/><F64/><W98/><G60/><T21/><D21/><U31/><E119/><V20/><F34/><W52/><G65/><T80/><D80/><U100/><E23/><V93/><F93/><W25/><G25/><T102/><D102/><U105/><E100/><V55/><F28/><W6/><G108/><T73/><D73/><U131/><E31/><V111/><F111/><W81/><G109/><T63/><D63/><U133/><E105/><V50/><F72/><W39/><G81/><T47/><D47/><U11/><E133/><V115/><F115/><W101/><G101/><T110/><D110/><U59/><E131/><V76/><F45/><W126/><G126/><T8/><D8/><U54/><E11/><V18/><F18/><W42/><G9/><T15/><D15/><U48/><E13/><V27/><F27/><W43/><G44/><T12/><D12/><U46/><E46/><V135/><F135/><W40/><G39/><T14/><D14/><RYUUKYOKU ba="1,3" sc="85,10,375,10,335,10,175,-30" hai0="1,2,3,49,53,58,61,66,71,77,85,88,95" hai1="0,5,10,17,19,48,54,59,90,94" hai2="16,20,24,50,51,55,56,57,76,78,84,89,92" /><INIT seed="5,2,3,5,2,94" ten="95,385,345,145" oya="1" hai0="61,41,102,37,72,56,60,69,23,28,52,26,89" hai1="3,87,6,114,93,71,97,45,32,70,121,119,133" hai2="36,128,82,1,79,109,112,66,126,101,48,18,25" hai3="77,132,74,5,39,10,76,57,111,117,20,68,42"/><U123/><E119/><V73/><F36/><W43/><G111/><T96/><D72/><U129/><E32/><V115/><F1/><W116/><G68/><T29/><D89/><U49/><E114/><N who="2" m="43563" /><F109/><W55/><G132/><T106/><D37/><U11/><E87/><V4/><F4/><W24/><G77/><T47/><D69/><U131/><E133/><V120/><F120/><W80/><G20/><T85/><D85/><U135/><E135/><V46/><F66/><W127/><G24/><T90/><D90/><N who="1" m="55479" /><E123/><V51/><F126/><W64/><G64/><T31/><REACH who="0" step="1"/><D61/><REACH who="0" ten="85,385,345,145" step="2"/><U62/><E62/><V125/><F125/><W91/><G91/><T65/><D65/><U27/><E121/><V59/><F128/><W40/><G127/><T9/><D9/><U21/><E129/><V54/><F101/><W67/><G67/><T58/><D58/><U134/><E131/><V0/><F0/><W14/><G39/><T118/><D118/><U53/><E134/><V98/><F59/><W130/><G130/><T107/><D107/><U81/><E71/><V13/><F73/><W34/><G117/><T16/><D16/><U99/><E70/><V113/><F113/><W78/><G116/><T88/><D88/><U105/><E105/><V108/><F108/><W110/><G110/><T50/><AGARI ba="2,4" hai="23,26,28,29,31,41,47,50,52,56,60,96,102,106" machi="50" ten="20,12000,2" yaku="1,1,0,1,7,1,52,1,54,1,53,1" doraHai="94" doraHaiUra="103" who="0" fromWho="0" sc="85,166,385,-62,345,-32,145,-32" /><INIT seed="6,0,0,1,3,119" ten="251,323,313,113" oya="2" hai0="57,84,55,62,116,77,123,73,50,82,97,127,38" hai1="61,21,41,74,67,14,104,3,29,112,16,5,117" hai2="101,36,58,68,13,125,66,100,4,91,17,95,92" hai3="25,75,88,11,80,6,22,89,30,34,72,48,9"/><V0/><F36/><W105/><G105/><T53/><D38/><U10/><E117/><V83/><F68/><W31/><G11/><T2/><D116/><U71/><E74/><V110/><F0/><W122/><G122/><T33/><D2/><U85/><E104/><V64/><F110/><W107/><G107/><T113/><D33/><U46/><E112/><V98/><F125/><W135/><G135/><T99/><D113/><U118/><E118/><V43/><F4/><W19/><G48/><T131/><D127/><U126/><E126/><V133/><F133/><W45/><G45/><T35/><D35/><U120/><E29/><V108/><F108/><W124/><G124/><T60/><D131/><U76/><E120/><V78/><F43/><W63/><G63/><T111/><D111/><U109/><E109/><V115/><F115/><W56/><G56/><T47/><D123/><U87/><E76/><V96/><F58/><W18/><G31/><T70/><D70/><U86/><E86/><N who="2" m="50655" /><F78/><W114/><G114/><T12/><D73/><U129/><E129/><V8/><AGARI ba="0,0" hai="8,13,17,64,66,92,95,96,98,100,101" m="50655" machi="8" ten="30,1500,0" yaku="8,1" doraHai="119" who="2" fromWho="2" sc="251,-5,323,-5,313,15,113,-5" /><INIT seed="6,1,0,2,1,126" ten="246,318,328,108" oya="2" hai0="32,97,83,3,42,115,21,8,105,98,107,74,78" hai1="104,90,114,109,49,35,75,12,92,79,62,66,43" hai2="57,34,39,59,24,68,77,76,18,9,28,111,51" hai3="124,1,116,11,100,70,38,96,13,133,131,17,37"/><V23/><F39/><W25/><G116/><T20/><D115/><U117/><E109/><V112/><F68/><W86/><G1/><T19/><D32/><U22/><E35/><V84/><F112/><W91/><G70/><T41/><D98/><U0/><E0/><V5/><F111/><W4/><G124/><T85/><D21/><U118/><E104/><V106/><F106/><W127/><G127/><T63/><D63/><U55/><E43/><V129/><F129/><W82/><G133/><T125/><D107/><U56/><E114/><V47/><F34/><W58/><G58/><N who="2" m="22025" /><F28/><W103/><G103/><T88/><D125/><U121/><E121/><V101/><F101/><W15/><G25/><T110/><D110/><U108/><E108/><V99/><F99/><W87/><G86/><T6/><D97/><U10/><E75/><V93/><F9/><W54/><G54/><T135/><D105/><U44/><E79/><V50/><F5/><W30/><G30/><T122/><D135/><U67/><E22/><V130/><F130/><W89/><G89/><T14/><REACH who="0" step="1"/><D122/><REACH who="0" ten="236,318,328,108" step="2"/><U7/><E67/><V52/><F51/><W65/><G65/><T29/><D29/><U16/><E117/><V94/><F84/><W132/><G132/><T64/><D64/><U26/><E118/><V81/><F81/><AGARI ba="1,1" hai="3,6,8,14,19,20,41,42,74,78,81,83,85,88" machi="81" ten="30,3900,0" yaku="1,1,7,1,54,1,53,0" doraHai="126" doraHaiUra="31" who="0" fromWho="2" sc="236,52,318,0,328,-42,108,0" /><INIT seed="7,0,0,3,4,3" ten="288,318,286,108" oya="3" hai0="10,124,84,28,43,123,45,70,40,51,126,102,26" hai1="72,15,49,89,23,88,24,128,99,50,38,76,54" hai2="22,95,29,60,30,108,109,27,64,62,37,83,68" hai3="115,18,80,36,32,106,33,96,41,39,55,118,133"/><W47/><G118/><T69/><D123/><U7/><E38/><V98/><F37/><W110/><G115/><T122/><D122/><U53/><E128/><V78/><F30/><W116/><G116/><T111/><D111/><U93/><E76/><V67/><F83/><W113/><G113/><T121/><D121/><U71/><E71/><V134/><F78/><W104/><G110/><T13/><D102/><N who="1" m="60783" /><E72/><V107/><F107/><W91/><G133/><T9/><D43/><U12/><E49/><V105/><F105/><W1/><G1/><T100/><D100/><U130/><E130/><V48/><F48/><W119/><G119/><T114/><D84/><U11/><E15/><V77/><F77/><W117/><G117/><T2/><D114/><U21/><E21/><V132/><F132/><W86/><G36/><T6/><D69/><U5/><E5/><V81/><F81/><W0/><G0/><T46/><D46/><N who="1" m="27863" /><E54/><V17/><F17/><AGARI ba="0,0" hai="7,11,12,17,23,24,88,89" m="27863,60783" machi="17" ten="30,3900,0" yaku="8,1,52,1,54,1" doraHai="3" who="1" fromWho="2" sc="288,0,318,39,286,-39,108,0" owari="288,9.0,357,45.0,247,-15.0,108,-39.0" /></mjloggm>