<mjloggm ver="2.3"><GO type="97" lobby="0"/><UN n0="%E5%B0%B1%E6%B4%BB%E7%94%9F%40%E5%B7%9D%E6%9D%91%E8%BB%8D%E5%9B%A3" n1="%67%69%6F" n2="%53%4E%46" n3="%E4%B8%89%E5%B0%8B%E6%9C%A8%E5%92%8F" dan="15,14,15,13" rate="2005.90,1937.72,2009.32,1896.75" sx="M,M,M,F"/><TAIKYOKU oya="0"/><INIT seed="0,0,0,2,4,67" ten="250,250,250,250" oya="0" hai0="53,57,45,46,126,123,1,131,44,107,37,31,98" hai1="30,82,36,35,10,42,77,76,129,83,89,80,68" hai2="114,41,104,47,73,134,124,72,93,109,115,84,11" hai3="65,16,71,38,116,132,122,64,110,63,54,97,49"/><T128/><D1/><U59/><E129/><N who="0" m="49737" /><D31/><U17/><E35/><V101/><F11/><W66/><G97/><T52/><D123/><U105/><E105/><V22/><F104/><W99/><G99/><T62/><D126/><U75/><E30/><V96/><F124/><W60/><G122/><T26/><D26/><U21/><E10/><V40/><F109/><W33/><G110/><T29/><D29/><U25/><E42/><V51/><F134/><W6/><G132/><T32/><D32/><U117/><E117/><V28/><F41/><W85/><G85/><T92/><D107/><U74/><E36/><V94/><F28/><W61/><G6/><T27/><D27/><U91/><E68/><V0/><F0/><W108/><G16/><T111/><D111/><U5/><E5/><V4/><F4/><W127/><G116/><T18/><D18/><U125/><E125/><V55/><F22/><W19/><G19/><T58/><D98/><U2/><E2/><V3/><F3/><W81/><G81/><T9/><D92/><U100/><E100/><V23/><F23/><W95/><G95/><T119/><D9/><U14/><E25/><V113/><REACH who="2" step="1"/><F40/><REACH who="2" ten="250,250,240,250" step="2"/><W43/><G127/><T39/><D119/><U69/><E69/><V8/><F8/><W48/><G108/><T120/><D120/><U13/><E13/><V103/><F103/><W121/><G121/><T70/><D70/><U102/><E102/><V24/><F24/><W87/><G71/><T135/><D135/><U79/><E59/><V12/><F12/><W118/><G118/><T130/><D130/><RYUUKYOKU ba="0,1" sc="250,10,250,10,240,10,250,-30" hai0="37,39,44,45,46,52,53,57,58,62" hai1="14,17,21,74,75,76,77,79,80,82,83,89,91" hai2="47,51,55,72,73,84,93,94,96,101,113,114,115" /><INIT seed="0,1,1,3,1,78" ten="260,260,250,220" oya="0" hai0="89,124,105,26,24,122,47,1,131,68,46,92,110" hai1="54,69,114,20,30,109,99,8,84,97,96,102,43" hai2="66,79,83,95,32,40,80,127,5,103,88,101,15" hai3="63,55,9,70,57,18,93,39,64,56,37,44,41"/><T117/><D105/><U135/><E69/><V98/><F32/><W90/><G9/><T134/><D68/><U16/><E109/><V52/><F66/><W82/><G18/><T2/><D117/><U7/><E135/><V111/><F40/><W60/><G93/><T21/><D122/><U104/><E43/><V76/><F127/><W106/><G106/><T10/><D124/><U0/><E114/><V120/><F120/><W91/><G82/><N who="2" m="31273" /><F111/><W132/><G132/><T67/><D67/><U86/><E104/><V22/><F22/><W133/><G133/><T12/><D134/><U4/><E4/><V31/><F31/><W130/><G130/><T23/><D131/><U71/><E71/><V112/><F112/><W25/><G25/><T115/><D110/><U29/><E102/><N who="2" m="38923" /><F52/><N who="3" m="33799" /><G91/><T3/><D115/><U53/><E53/><V129/><F129/><W50/><G90/><T45/><D24/><U27/><E54/><V49/><F49/><AGARI ba="1,1" hai="37,39,41,44,49,50,55,57,63,64,70" m="33799" machi="49" ten="30,12000,2" yaku="35,5,54,1" doraHai="78" who="3" fromWho="2" sc="260,0,260,0,250,-123,220,133" /><INIT seed="1,0,0,4,1,72" ten="260,260,127,353" oya="1" hai0="73,53,37,15,105,81,75,7,70,13,33,87,116" hai1="46,127,76,60,93,77,124,135,40,28,94,134,32" hai2="86,120,88,38,108,21,131,115,132,113,128,16,65" hai3="58,82,26,96,23,106,27,42,3,126,99,49,69"/><U50/><E32/><V84/><F38/><W19/><G3/><T17/><D116/><U121/><E121/><V112/><F65/><W45/><G58/><T71/><D37/><U114/><E114/><V104/><F104/><W18/><G126/><N who="1" m="48170" /><E28/><V122/><F21/><W130/><G130/><N who="2" m="49705" /><F16/><W35/><G69/><T103/><D33/><U4/><E4/><V119/><F84/><W51/><G106/><T29/><D29/><U11/><E11/><V63/><F63/><W55/><G82/><T118/><D7/><U74/><E74/><V90/><F119/><W14/><G35/><T43/><D75/><U64/><E94/><N who="2" m="54551" /><F90/><W91/><G91/><T111/><D73/><U100/><E100/><V47/><F47/><N who="3" m="28095" /><G27/><T44/><D103/><U1/><E1/><V41/><F41/><W34/><G34/><T85/><D118/><U97/><E97/><V129/><N who="2" m="49713" /><V22/><DORA hai="83" /><F22/><AGARI ba="0,0" hai="14,18,19,22,23,26,42,45,51,96,99" m="28095" machi="22" ten="30,1000,0" yaku="8,1" doraHai="72,83" who="3" fromWho="2" sc="260,0,260,0,127,-10,353,10" /><INIT seed="2,0,0,4,4,107" ten="260,260,117,363" oya="2" hai0="54,14,132,86,7,21,111,118,72,1,74,25,119" hai1="101,5,96,78,44,30,52,91,17,24,65,45,43" hai2="49,46,61,56,116,133,8,22,98,3,88,121,77" hai3="26,13,115,95,28,18,39,110,27,70,60,82,117"/><V126/><F121/><W103/><G39/><T40/><D1/><U100/><E5/><V123/><F116/><N who="0" m="44586" /><D111/><U19/><E65/><V53/><F123/><W20/><G110/><T69/><D69/><U83/><E91/><V58/><F133/><W87/><G115/><T92/><D40/><U105/><E105/><V127/><F77/><W55/><G117/><T15/><D54/><U57/><E45/><V99/><F56/><N who="3" m="34847" /><G70/><T0/><D0/><U47/><E47/><V104/><F104/><W35/><G35/><T71/><D71/><U76/><E76/><V66/><F8/><W94/><G28/><N who="0" m="17455" /><D132/><U124/><E124/><V63/><F3/><W85/><G85/><T32/><D32/><U62/><E30/><V34/><F34/><W11/><G20/><T122/><D122/><U31/><E31/><V130/><F130/><W135/><G135/><T12/><D7/><U10/><E19/><V4/><F4/><W125/><G125/><N who="2" m="47625" /><F63/><W129/><G129/><T81/><D92/><N who="3" m="35369" /><G103/><T134/><D134/><U80/><E80/><V84/><F22/><W73/><G82/><AGARI ba="0,0" hai="46,49,53,58,61,66,82,84,88,98,99" m="47625" machi="82" ten="30,2900,0" yaku="18,1,54,1" doraHai="107" who="2" fromWho="3" sc="260,0,260,0,117,29,363,-29" /><INIT seed="2,1,0,4,0,24" ten="260,260,146,334" oya="2" hai0="2,105,59,28,73,129,30,116,33,99,82,83,127" hai1="107,26,109,66,39,96,98,123,97,100,117,17,0" hai2="76,10,8,13,54,34,114,86,25,89,101,115,49" hai3="20,55,92,132,16,42,62,79,14,88,87,113,131"/><V133/><F133/><W102/><G42/><T37/><D37/><U67/><E117/><V126/><F126/><W22/><G132/><T78/><D33/><U75/><E75/><V18/><F101/><W65/><G131/><T104/><D2/><U106/><E0/><V51/><F76/><W84/><G113/><T29/><D116/><U124/><E109/><V134/><F134/><W41/><G41/><T19/><D127/><U4/><E124/><V95/><F49/><W108/><G108/><T110/><D110/><U93/><E39/><V53/><F53/><W56/><G102/><T85/><D129/><U12/><E4/><V69/><F69/><W90/><G79/><T80/><D99/><U130/><E130/><V72/><F72/><W64/><G22/><T60/><D19/><U135/><E135/><V71/><F71/><W23/><G23/><T11/><D11/><U128/><E128/><V15/><F25/><W103/><G103/><T94/><D94/><AGARI ba="1,0" hai="14,16,20,55,56,62,64,65,84,87,88,90,92,94" machi="94" ten="30,8000,1" yaku="7,1,9,1,8,1,54,2" doraHai="24" who="3" fromWho="0" sc="260,-83,260,0,146,0,334,83" /><INIT seed="3,0,0,5,5,3" ten="177,260,146,417" oya="3" hai0="77,36,57,46,118,127,96,129,17,31,11,5,100" hai1="66,74,60,115,0,18,40,30,103,135,53,12,20" hai2="51,6,64,119,44,65,55,48,101,97,79,81,84" hai3="7,9,61,56,10,4,72,88,78,128,106,52,28"/><W114/><G106/><T49/><D118/><U69/><E74/><V105/><F119/><W14/><G114/><T23/><D127/><U45/><E115/><V62/><F62/><W16/><G128/><T111/><D129/><U102/><E135/><V42/><REACH who="2" step="1"/><F6/><REACH who="2" ten="177,260,136,417" step="2"/><W76/><G7/><T19/><D111/><U113/><E113/><V41/><F41/><W26/><G72/><T21/><D36/><U22/><E0/><V123/><F123/><W68/><G68/><T107/><D77/><U24/><REACH who="1" step="1"/><E53/><REACH who="1" ten="177,250,136,417" step="2"/><V124/><F124/><W131/><G131/><T130/><D130/><U70/><E70/><V94/><F94/><W2/><G88/><T85/><D107/><U27/><E27/><V37/><F37/><AGARI ba="0,2" hai="12,18,20,22,24,30,37,40,45,60,66,69,102,103" machi="37" ten="30,7700,0" yaku="1,1,7,1,53,2" doraHai="3" doraHaiUra="99" who="1" fromWho="2" sc="177,0,250,97,136,-77,417,0" owari="177,-22.0,347,15.0,59,-44.0,417,51.0" /></mjloggm>