<mjloggm ver="2.3"><GO type="169" lobby="0"/><UN n0="%E3%83%88%E3%83%88%E3%83%AA%E5%85%88%E7%94%9F%31%39%E6%AD%B3" n1="%E5%A3%87%E2%98%86%E8%9C%9C" n2="%74%75%75%6B%61%69%33" n3="%E3%83%9E%E3%83%84%E3%82%B6%E3%82%AD" dan="18,16,17,17" rate="2197.06,2104.39,2173.61,2138.56" sx="F,M,M,M"/><TAIKYOKU oya="0"/><INIT seed="0,0,0,5,2,79" ten="250,250,250,250" oya="0" hai0="95,86,88,14,110,50,46,97,123,121,63,85,124" hai1="114,55,104,42,57,90,101,51,32,81,105,134,72" hai2="116,35,113,128,22,80,40,26,48,36,96,1,103" hai3="98,59,109,10,117,49,60,94,126,77,99,82,107"/><T102/><D124/><U44/><E32/><V6/><F35/><W8/><G126/><T29/><D110/><U2/><E2/><V47/><F113/><W68/><G117/><T28/><D86/><U62/><E134/><V61/><F128/><W33/><G109/><T16/><D63/><U34/><E34/><V70/><F116/><W93/><G33/><T73/><D73/><U91/><E114/><V21/><F1/><W54/><G107/><T66/><D66/><U125/><E125/><V120/><F6/><W19/><G19/><T130/><D130/><U119/><E119/><V58/><F120/><W129/><G129/><T17/><D123/><U108/><E108/><V4/><F4/><W67/><G94/><N who="0" m="58679" /><D121/><U87/><E72/><V5/><F5/><W13/><G13/><T39/><D39/><U71/><E71/><V111/><F111/><W52/><G54/><N who="0" m="30039" /><D17/><U127/><E127/><V24/><F36/><W38/><G38/><T45/><D45/><U89/><REACH who="1" step="1"/><E101/><REACH who="1" ten="250,240,250,250" step="2"/><V75/><F103/><W92/><G99/><T115/><D115/><U106/><AGARI ba="0,1" hai="42,44,51,55,57,62,81,87,89,90,91,104,105,106" machi="106" ten="30,12000,2" yaku="1,1,2,1,0,1,52,1,53,3" doraHai="79" doraHaiUra="100" who="1" fromWho="1" sc="250,-60,240,130,250,-30,250,-30" /><INIT seed="1,0,0,1,3,25" ten="190,370,220,220" oya="1" hai0="6,16,65,41,62,130,18,90,12,74,2,58,26" hai1="7,91,27,10,89,66,38,72,81,116,37,68,83" hai2="114,15,78,53,87,104,47,23,40,56,88,21,52" hai3="50,82,64,106,43,34,112,63,134,133,44,1,118"/><U71/><E116/><V29/><F104/><W9/><G118/><T108/><D74/><U103/><E103/><V131/><F131/><W84/><G106/><T117/><D117/><U126/><E126/><V59/><F114/><W86/><G112/><T45/><D2/><U98/><E98/><V69/><F69/><N who="3" m="42143" /><G34/><T13/><D130/><U49/><E49/><N who="2" m="26855" /><F78/><W97/><G97/><T110/><D6/><U113/><E113/><V122/><F122/><W42/><G42/><T102/><D102/><U135/><E66/><V28/><F53/><W77/><G1/><T54/><D90/><U46/><E46/><V105/><F105/><W94/><G9/><T93/><D93/><U119/><E119/><V32/><F32/><W31/><G31/><N who="2" m="11849" /><F15/><N who="0" m="5706" /><D26/><U127/><E27/><V132/><F132/><N who="3" m="50795" /><G94/><T35/><D35/><U22/><E135/><V92/><F59/><W79/><G79/><T70/><D70/><U39/><E71/><V124/><F124/><W99/><G99/><T11/><D54/><U76/><E68/><V75/><F75/><AGARI ba="0,0" hai="43,44,50,75,77,82,84,86" m="50795,42143" machi="75" ten="30,1000,0" yaku="20,1" doraHai="25" who="3" fromWho="2" sc="190,0,370,0,220,-10,220,10" /><INIT seed="2,0,0,0,0,3" ten="190,370,210,230" oya="2" hai0="23,80,105,20,99,1,44,65,21,48,33,53,91" hai1="81,57,120,16,34,83,129,50,49,2,130,110,69" hai2="42,32,78,87,67,10,35,76,9,117,28,36,135" hai3="72,106,122,63,88,31,124,107,73,4,45,116,30"/><V97/><F117/><W92/><G122/><T114/><D114/><U119/><E69/><V79/><F135/><W39/><G116/><T101/><D33/><U40/><E119/><V7/><F67/><W98/><G124/><T68/><D1/><U14/><E2/><V13/><F97/><W41/><G63/><T5/><D91/><U18/><E34/><V104/><F104/><W127/><G127/><T54/><D80/><U17/><E110/><V46/><F87/><W111/><G111/><T24/><D5/><U12/><E120/><V102/><F102/><W115/><G115/><T75/><D75/><U100/><E100/><V70/><F70/><W93/><G93/><T77/><D77/><U71/><E71/><V128/><F128/><W121/><G121/><T66/><D68/><U94/><E94/><V27/><F35/><W0/><G107/><T51/><REACH who="0" step="1"/><D24/><REACH who="0" ten="180,370,210,230" step="2"/><U134/><E81/><V25/><F27/><W89/><G89/><T47/><AGARI ba="0,1" hai="20,21,23,44,47,48,51,53,54,65,66,99,101,105" machi="47" ten="30,7900,0" yaku="1,1,2,1,0,1,9,1,53,0" doraHai="3" doraHaiUra="118" who="0" fromWho="0" sc="180,89,370,-20,210,-39,230,-20" /><INIT seed="3,0,0,0,3,64" ten="269,350,171,210" oya="3" hai0="20,81,35,75,82,132,115,7,46,89,116,37,90" hai1="124,32,14,23,3,111,6,34,110,98,88,104,63" hai2="66,119,108,118,54,51,21,38,74,62,36,83,96" hai3="53,76,93,25,131,79,84,49,134,125,48,73,121"/><W92/><G121/><T120/><D116/><U13/><E124/><V128/><F96/><W44/><G125/><T59/><D120/><U80/><E3/><V55/><F83/><W117/><G117/><N who="2" m="44553" /><F21/><W12/><G134/><T107/><D35/><U0/><E0/><V4/><F4/><W86/><G131/><T18/><D107/><U24/><E63/><V40/><F74/><W16/><G25/><T127/><D127/><U33/><E104/><V19/><F19/><W87/><G49/><T22/><D132/><U47/><E47/><N who="2" m="26087" /><F108/><N who="1" m="41513" /><E6/><V135/><F135/><W102/><G73/><T60/><D7/><U28/><E98/><V10/><F10/><N who="3" m="6167" /><G102/><T29/><D75/><U77/><E77/><AGARI ba="0,0" hai="44,48,53,76,77,79,84,86,87,92,93" m="6167" machi="77" ten="30,2900,0" yaku="8,1,54,1" doraHai="64" who="3" fromWho="1" sc="269,0,350,-29,171,0,210,29" /><INIT seed="3,1,0,3,1,81" ten="269,321,171,239" oya="3" hai0="4,107,89,71,126,91,99,46,132,101,62,50,109" hai1="66,40,57,86,74,17,45,117,29,92,12,49,15" hai2="108,70,98,115,133,61,18,27,11,54,80,94,58" hai3="100,6,68,129,122,16,121,9,42,73,52,39,111"/><W77/><G68/><T22/><D109/><U72/><E117/><V130/><F108/><W1/><G111/><T8/><D132/><U7/><E29/><V63/><F115/><W118/><G118/><T38/><D126/><U47/><E47/><V120/><F130/><W67/><G129/><T131/><D131/><U37/><E74/><V35/><F133/><W102/><G67/><T124/><D124/><U43/><E72/><V95/><F120/><N who="3" m="46187" /><G52/><T3/><D38/><U84/><E37/><V0/><F80/><N who="3" m="45103" /><G16/><T31/><D71/><U105/><E105/><V25/><F35/><W41/><G41/><T116/><D116/><U33/><E92/><V119/><F70/><W135/><G135/><T88/><D62/><N who="1" m="38223" /><E33/><V14/><F119/><W106/><G106/><T56/><D56/><U64/><E64/><V127/><F127/><W34/><G34/><T85/><D22/><N who="1" m="11559" /><E43/><V76/><F0/><W30/><G30/><T2/><D31/><U103/><E103/><N who="2" m="60887" /><F95/><W90/><G90/><T114/><D2/><U96/><E96/><V104/><F104/><W79/><G79/><T125/><D125/><U5/><E15/><V75/><F75/><W44/><AGARI ba="1,0" hai="1,6,9,39,42,44,100,102" m="45103,46187" machi="44" ten="30,1500,0" yaku="25,1" doraHai="81" who="3" fromWho="3" sc="269,-6,321,-6,171,-6,239,18" /><INIT seed="3,2,0,5,2,107" ten="263,315,165,257" oya="3" hai0="27,97,69,31,47,2,58,124,48,17,46,18,98" hai1="88,131,10,7,29,13,12,43,127,71,108,74,0" hai2="4,60,41,72,24,57,103,30,45,22,39,126,80" hai3="102,14,32,36,70,11,119,50,93,37,90,53,118"/><W6/><G32/><T134/><D69/><U9/><E71/><V117/><F117/><W96/><G70/><T115/><D2/><U75/><E108/><V104/><F126/><W86/><G119/><T40/><D124/><U67/><E127/><V78/><F104/><W100/><G118/><T133/><D115/><U38/><E67/><V3/><F103/><W111/><G111/><T5/><D5/><U21/><E131/><V44/><F44/><W110/><G110/><T113/><D113/><U95/><E43/><V28/><F28/><W85/><G102/><T84/><D84/><U122/><E38/><V114/><F114/><W8/><G8/><T79/><D79/><U23/><E122/><V129/><F129/><W77/><G77/><T66/><D47/><U89/><E0/><V19/><F19/><N who="0" m="7178" /><D58/><U109/><E109/><V64/><F3/><W81/><REACH who="3" step="1"/><G85/><REACH who="3" ten="263,315,165,247" step="2"/><T42/><D133/><U52/><E9/><V116/><F116/><W59/><AGARI ba="2,1" hai="6,11,14,36,37,50,53,59,81,86,90,93,96,100" machi="59" ten="20,7800,0" yaku="1,1,2,1,0,1,7,1,53,0" doraHai="107" doraHaiUra="135" who="3" fromWho="3" sc="263,-28,315,-28,165,-28,247,94" /><INIT seed="3,3,0,4,3,120" ten="235,287,137,341" oya="3" hai0="128,97,112,114,103,133,20,130,22,104,119,106,67" hai1="37,5,33,105,23,92,95,83,0,10,87,73,61" hai2="38,53,34,58,125,109,77,11,54,2,134,9,27" hai3="55,13,101,32,98,35,56,91,111,123,88,29,59"/><W135/><G123/><T90/><D67/><U62/><E33/><V117/><F117/><W129/><G129/><N who="0" m="49771" /><D20/><U16/><E105/><V89/><F38/><W14/><G135/><T25/><D119/><U64/><E37/><V118/><F118/><W100/><G98/><N who="0" m="61559" /><D133/><U81/><E73/><V121/><F134/><W126/><G55/><T7/><D7/><U65/><E83/><V3/><F121/><W78/><G78/><T94/><D106/><U57/><E62/><V51/><F77/><W66/><G66/><T52/><D52/><U63/><E63/><V46/><F125/><W41/><G41/><T50/><D50/><U4/><E4/><V71/><F71/><W1/><G1/><T19/><AGARI ba="3,0" hai="19,22,25,90,94,97,112,114" m="61559,49771" machi="19" ten="30,1100,0" yaku="19,1" doraHai="120" who="0" fromWho="0" sc="235,20,287,-6,137,-6,341,-8" /><INIT seed="4,0,0,0,2,57" ten="255,281,131,333" oya="0" hai0="75,8,7,113,62,90,56,131,2,116,53,70,92" hai1="18,5,87,103,134,110,12,39,129,95,130,38,14" hai2="26,84,20,24,79,108,11,66,0,91,42,59,32" hai3="112,60,107,17,102,121,31,3,105,10,37,89,96"/><T132/><D113/><U118/><E110/><V63/><F108/><W97/><G37/><T1/><D131/><N who="1" m="50187" /><E134/><V36/><F79/><W72/><G72/><T61/><D132/><U99/><E118/><V50/><F36/><N who="1" m="13865" /><E5/><V85/><F32/><W16/><G112/><T82/><D116/><U81/><E18/><V15/><F0/><W123/><G31/><T13/><D82/><U6/><E6/><V100/><F100/><N who="3" m="62599" /><G89/><AGARI ba="0,0" hai="12,14,81,87,89,95,99,103" m="13865,50187" machi="89" ten="30,1000,0" yaku="19,1" doraHai="57" who="1" fromWho="3" sc="255,0,281,10,131,0,333,-10" /><INIT seed="5,0,0,5,4,63" ten="255,291,131,323" oya="1" hai0="45,2,102,68,49,22,94,83,31,42,62,79,67" hai1="53,74,11,39,71,16,48,121,58,73,61,35,80" hai2="127,26,37,114,87,85,46,33,6,82,66,122,52" hai3="92,88,90,117,76,15,132,98,135,129,0,5,72"/><U120/><E35/><V130/><F122/><W131/><G0/><T128/><D128/><N who="3" m="49225" /><G117/><T34/><D2/><U75/><E39/><V21/><F130/><W124/><G124/><T103/><D34/><U47/><E71/><V19/><F33/><W64/><G64/><T13/><D94/><U125/><E125/><V44/><F127/><W51/><G51/><T118/><D118/><U54/><REACH who="1" step="1"/><E80/><REACH who="1" ten="255,281,131,323" step="2"/><V8/><F114/><W99/><G135/><T7/><D31/><U36/><E36/><V126/><F37/><W1/><G132/><T112/><D112/><U95/><E95/><V96/><F126/><W32/><G32/><T23/><D23/><U97/><E97/><V104/><F96/><W12/><G99/><T108/><D22/><U65/><E65/><V133/><F133/><W78/><G98/><T9/><REACH who="0" step="1"/><D108/><REACH who="0" ten="245,281,131,323" step="2"/><U109/><E109/><V59/><F104/><W113/><G92/><T28/><D28/><U27/><E27/><V4/><F26/><W119/><G119/><T56/><D56/><U20/><E20/><V77/><F59/><W100/><G113/><T110/><D110/><U10/><E10/><V107/><F8/><W43/><G100/><T17/><D17/><U14/><AGARI ba="0,2" hai="11,14,16,47,48,53,54,58,61,73,74,75,120,121" machi="14" ten="40,7800,0" yaku="1,1,0,1,54,1,53,0" doraHai="63" doraHaiUra="101" who="1" fromWho="1" sc="245,-26,281,98,131,-26,323,-26" /><INIT seed="5,1,0,2,2,20" ten="219,379,105,297" oya="1" hai0="9,52,113,106,55,34,66,110,4,117,96,83,89" hai1="60,114,28,58,71,14,2,73,49,29,70,107,133" hai2="10,131,125,62,134,39,111,90,51,8,103,132,63" hai3="50,15,13,11,44,46,7,21,109,82,33,45,108"/><U67/><E2/><V99/><F39/><W98/><G33/><T121/><D117/><U42/><E107/><V129/><F111/><W75/><G98/><T61/><D110/><U130/><E73/><V94/><F51/><W25/><G15/><T64/><D113/><U126/><E114/><V24/><F103/><W72/><G72/><T85/><D121/><U16/><E133/><N who="2" m="51307" /><F63/><W79/><REACH who="3" step="1"/><G50/><REACH who="3" ten="219,379,105,287" step="2"/><T76/><D34/><U112/><E112/><V65/><F62/><W88/><G88/><T115/><D115/><U74/><E74/><V41/><F65/><W31/><AGARI ba="1,1" hai="7,11,13,21,25,31,44,45,46,75,79,82,108,109" machi="31" ten="30,4000,0" yaku="1,1,0,1,52,1,53,0" doraHai="20" doraHaiUra="54" who="3" fromWho="3" sc="219,-11,379,-21,105,-11,287,53" /><INIT seed="6,0,0,2,3,105" ten="208,358,94,340" oya="2" hai0="7,108,75,53,55,120,78,103,54,90,17,118,24" hai1="110,102,84,134,63,122,2,13,36,127,95,35,70" hai2="100,66,59,11,8,16,50,130,69,125,40,37,45" hai3="119,131,23,27,77,64,126,71,6,97,15,114,80"/><V20/><F125/><W65/><G119/><T99/><D120/><U60/><E2/><V39/><F130/><W41/><G126/><T133/><D108/><U92/><E36/><V9/><F100/><W5/><G131/><T21/><D118/><U86/><E35/><V83/><F83/><W44/><G97/><T19/><D133/><U85/><E134/><V81/><F81/><W4/><G15/><T32/><D32/><U107/><E110/><V124/><F124/><W26/><G114/><T22/><D7/><U30/><E30/><V3/><F3/><W48/><G71/><T10/><D10/><U87/><E70/><V88/><F69/><W58/><G58/><T61/><D90/><N who="1" m="53343" /><E107/><V93/><F66/><W38/><G38/><T116/><D116/><U73/><E73/><V68/><F68/><W113/><G113/><T79/><D61/><U31/><E31/><V33/><F33/><W67/><REACH who="3" step="1"/><G23/><REACH who="3" ten="208,358,94,330" step="2"/><T34/><D34/><U76/><E127/><V106/><F59/><W25/><G25/><T43/><D22/><U112/><E13/><V132/><F132/><W111/><G111/><T104/><D21/><U74/><E112/><V52/><F40/><W117/><G117/><T115/><D115/><U62/><E122/><V57/><F106/><W82/><G82/><N who="0" m="45407" /><D43/><U29/><E76/><V121/><F121/><W1/><G1/><T28/><D79/><U72/><E29/><V47/><F37/><W109/><G109/><T18/><D28/><U101/><E101/><V49/><F39/><W129/><G129/><T98/><D24/><U89/><E102/><RYUUKYOKU ba="0,1" sc="208,10,358,10,94,-30,330,10" hai0="17,18,19,53,54,55,98,99,103,104" hai1="60,62,63,72,74,84,85,86,89,95" hai3="4,5,6,26,27,41,44,48,64,65,67,77,80" /><INIT seed="7,1,1,3,3,99" ten="218,368,64,340" oya="3" hai0="46,31,123,116,37,129,67,25,114,95,117,111,115" hai1="113,15,7,50,76,89,5,57,78,18,103,108,53" hai2="30,90,130,79,135,8,72,74,87,88,127,51,16" hai3="12,81,66,3,41,43,122,48,24,61,110,85,132"/><W6/><G122/><T100/><D123/><U75/><E75/><V1/><F1/><W134/><G3/><T9/><D9/><N who="1" m="6511" /><E108/><V27/><F127/><W28/><G110/><T55/><D111/><U39/><E39/><V80/><F130/><W92/><G92/><T49/><D25/><U38/><E38/><V120/><F120/><W101/><G101/><T126/><D31/><U93/><E103/><V52/><F135/><N who="3" m="51755" /><G48/><N who="0" m="29079" /><D95/><U118/><E118/><V54/><F72/><W22/><G12/><T13/><D100/><U36/><E36/><V34/><F74/><W10/><G10/><T68/><D13/><U58/><E58/><V63/><F63/><W2/><G6/><N who="1" m="2058" /><E113/><N who="0" m="43017" /><D37/><U133/><E133/><V42/><F42/><W59/><G2/><T125/><D129/><U44/><E44/><V128/><F128/><W33/><G33/><T56/><D68/><U109/><E109/><V96/><F96/><AGARI ba="1,1" hai="50,53,57,76,78,89,93,96" m="2058,6511" machi="96" ten="30,1000,0" yaku="8,1" doraHai="99" who="1" fromWho="2" sc="218,0,368,23,64,-13,340,0" owari="218,-18.0,391,49.0,51,-45.0,340,14.0" /></mjloggm>