<mjloggm ver="2.3"><GO type="97" lobby="0"/><UN n0="%E3%81%8C%E3%81%A1%E3%82%83%EF%BC%A0%E5%B7%9D%E6%9D%91%E8%BB%8D%E5%9B%A3" n1="%E8%8C%A8%E3%81%AE%E5%90%9B" n2="%E9%AE%AD%E3%81%AE%E3%83%9B%E3%82%A4%E3%83%AB%E7%84%BC%E3%81%8D" n3="%E5%B0%B1%E6%B4%BB%E7%94%9F%40%E5%B7%9D%E6%9D%91%E8%BB%8D%E5%9B%A3" dan="15,14,14,14" rate="2072.74,1962.96,1935.92,1996.82" sx="M,M,M,M"/><TAIKYOKU oya="0"/><INIT seed="0,0,0,1,3,80" ten="250,250,250,250" oya="0" hai0="29,104,97,33,128,7,123,41,120,96,109,46,124" hai1="76,49,107,51,127,115,110,15,66,21,23,19,34" hai2="9,135,57,35,118,89,63,85,129,32,30,122,125" hai3="133,17,16,13,53,54,108,58,73,3,113,121,77"/><T18/><D7/><U25/><E107/><V0/><F122/><W114/><G3/><T65/><D65/><U94/><E110/><V90/><F129/><W40/><G108/><T93/><D109/><U106/><E106/><V38/><F38/><W12/><G121/><T79/><D79/><U69/><E127/><V27/><F125/><W100/><G100/><T81/><D124/><U70/><E34/><V67/><F135/><W91/><G133/><T48/><D128/><U55/><E115/><V74/><F74/><W14/><G40/><T116/><D116/><U52/><E66/><V99/><F118/><W101/><G101/><T112/><D112/><U36/><E36/><V103/><F32/><W39/><G39/><T119/><D119/><U71/><E94/><V83/><F0/><W31/><G31/><T117/><D81/><U22/><E76/><V105/><REACH who="2" step="1"/><F9/><REACH who="2" ten="250,250,240,250" step="2"/><W78/><G73/><T68/><D33/><U50/><REACH who="1" step="1"/><E22/><REACH who="1" ten="250,240,240,250" step="2"/><V132/><F132/><W92/><G114/><T102/><D120/><U61/><E61/><V44/><F44/><W43/><G113/><T11/><D123/><U6/><E6/><V95/><F95/><W5/><G5/><T111/><D117/><U59/><E59/><V42/><F42/><W4/><G4/><T20/><D111/><U8/><E8/><V64/><F64/><W134/><G43/><T28/><D11/><U75/><E75/><V47/><F47/><W62/><G134/><T24/><D68/><U88/><E88/><AGARI ba="0,2" hai="27,30,35,57,63,67,83,85,88,89,90,99,103,105" machi="88" ten="30,7700,0" yaku="1,1,7,1,52,1,54,1,53,0" doraHai="80" doraHaiUra="126" who="2" fromWho="1" sc="250,0,240,-77,240,97,250,0" /><AGARI ba="0,0" hai="18,20,24,28,29,41,46,48,88,93,96,97,102,104" machi="88" ten="30,2900,0" yaku="7,1,54,1" doraHai="80" who="0" fromWho="1" sc="250,29,163,-29,337,0,250,0" /><INIT seed="0,1,0,1,4,62" ten="279,134,337,250" oya="0" hai0="13,82,54,128,40,59,26,106,42,116,88,6,21" hai1="44,11,93,71,80,119,15,78,129,10,60,132,7" hai2="46,135,0,51,23,131,70,110,48,104,96,61,107" hai3="36,105,134,4,19,91,45,1,120,31,8,27,114"/><T117/><D106/><U77/><E119/><V41/><F0/><W73/><G114/><T83/><D128/><U22/><E129/><V30/><F131/><W9/><G120/><T111/><D117/><U101/><E132/><V3/><F3/><W63/><G134/><T92/><D116/><U102/><E22/><V76/><F110/><W64/><G73/><T127/><D111/><U65/><E44/><V52/><F76/><W74/><G74/><T53/><D127/><U121/><E121/><V99/><F135/><W49/><G36/><T109/><D109/><U130/><E130/><V118/><F118/><W2/><G105/><T112/><D112/><U58/><E71/><V16/><F30/><W34/><G91/><T103/><D103/><U72/><E93/><V84/><F104/><W115/><G115/><T66/><D66/><U75/><REACH who="1" step="1"/><E10/><REACH who="1" ten="279,124,337,250" step="2"/><V90/><F107/><W95/><G95/><T122/><D122/><U55/><E55/><V124/><F70/><W85/><G8/><N who="0" m="4247" /><D54/><U38/><E38/><V67/><F52/><W97/><G9/><T113/><D113/><U133/><E133/><V50/><F23/><W87/><G34/><T33/><D33/><U56/><E56/><V37/><F46/><W108/><G45/><T32/><D32/><U125/><E125/><V79/><F124/><W24/><G108/><T20/><D20/><U89/><E89/><V69/><F90/><W100/><G100/><T35/><D35/><U126/><E126/><V47/><F37/><W86/><G31/><T25/><D88/><U57/><E57/><V81/><F47/><RYUUKYOKU ba="1,1" sc="279,-10,124,30,337,-10,250,-10" hai1="7,11,15,58,60,65,72,75,77,78,80,101,102" /><INIT seed="1,2,1,5,4,52" ten="269,154,327,240" oya="1" hai0="110,50,66,72,0,97,45,132,58,115,104,122,54" hai1="91,51,113,75,83,63,40,24,7,18,118,87,112" hai2="56,41,107,6,4,84,69,74,16,100,62,30,21" hai3="34,22,80,44,47,61,23,114,129,39,14,111,71"/><U131/><E118/><V3/><F74/><W78/><G34/><T85/><D72/><U93/><E131/><V92/><F69/><W79/><G114/><T121/><D0/><U37/><E37/><V20/><F3/><W130/><G111/><T43/><D115/><U46/><E7/><V134/><F41/><W135/><G135/><T13/><D110/><U5/><E5/><V10/><F107/><W120/><G120/><T126/><D132/><U128/><E128/><N who="3" m="49258" /><G39/><T106/><D126/><U82/><E63/><V67/><F10/><W60/><G14/><T59/><D13/><U108/><E108/><V102/><F30/><W94/><G94/><T33/><D33/><U77/><REACH who="1" step="1"/><E93/><REACH who="1" ten="269,144,327,240" step="2"/><V28/><F92/><W70/><G61/><N who="0" m="38207" /><D121/><U109/><E109/><V8/><F134/><W26/><G60/><N who="0" m="35927" /><D122/><U1/><E1/><V125/><F4/><W95/><G95/><T42/><D106/><U96/><E96/><V127/><F6/><W15/><G71/><T35/><D97/><U55/><E55/><V99/><F99/><W64/><G70/><T76/><D104/><U11/><E11/><V117/><F8/><W25/><G64/><T36/><D36/><U53/><E53/><V119/><F67/><W73/><G47/><T124/><D45/><U31/><E31/><V81/><F28/><W32/><G44/><T17/><D50/><U86/><E86/><V88/><F119/><W123/><G123/><T101/><D85/><U103/><E103/><N who="2" m="39467" /><F117/><W19/><G73/><T133/><D133/><U65/><E65/><V12/><F125/><W89/><G32/><RYUUKYOKU ba="2,2" sc="269,-10,144,30,327,-10,240,-10" hai1="18,24,40,46,51,75,77,82,83,87,91,112,113" /><INIT seed="1,3,2,5,2,42" ten="259,174,317,230" oya="1" hai0="28,17,134,51,63,1,90,8,24,21,121,133,110" hai1="43,55,65,48,67,57,99,71,58,129,13,68,23" hai2="128,107,33,47,6,98,84,73,2,46,109,113,96" hai3="39,36,52,75,122,72,127,61,103,50,16,101,130"/><U81/><E81/><V123/><F73/><W19/><G122/><T91/><D121/><U26/><E13/><V14/><F2/><W88/><G127/><T78/><D110/><U70/><E99/><V62/><F109/><W38/><G130/><T114/><D114/><U56/><E23/><V41/><F128/><W25/><G61/><T115/><D115/><U92/><E92/><V124/><F124/><W3/><G3/><T118/><D118/><U116/><E26/><V106/><F33/><W7/><G7/><T40/><D78/><U59/><E129/><V29/><F29/><W66/><G66/><N who="1" m="25098" /><E116/><V77/><F6/><W131/><G131/><T102/><D102/><U82/><E82/><V5/><F14/><W69/><G69/><N who="1" m="17666" /><U31/><DORA hai="11" /><E31/><V22/><F22/><W44/><G75/><T135/><D1/><U93/><E93/><V9/><F96/><W105/><G105/><T35/><D8/><U85/><E85/><V126/><F84/><W89/><G72/><T10/><D10/><U111/><E111/><V0/><F98/><W132/><G103/><T86/><D86/><U15/><E15/><V18/><F107/><W117/><G101/><T34/><D34/><U53/><E43/><V37/><F41/><W32/><G117/><T12/><D35/><U64/><N who="1" m="25106" /><U27/><DORA hai="83" /><E27/><V112/><F113/><W104/><G104/><T49/><D24/><U97/><E97/><V4/><F112/><W120/><G120/><T108/><D108/><U30/><E30/><V87/><F123/><W45/><G32/><T95/><D28/><RYUUKYOKU ba="3,2" sc="259,-10,174,30,317,-10,230,-10" hai1="48,53,55,56,57,58,59" /><INIT seed="1,4,2,4,2,25" ten="249,204,307,220" oya="1" hai0="24,132,97,91,114,105,126,84,27,57,102,39,133" hai1="30,63,36,86,69,61,38,2,77,80,9,42,107" hai2="14,113,64,106,120,23,32,108,12,31,41,127,124" hai3="78,94,81,134,117,104,50,51,66,89,119,96,19"/><U47/><E107/><V29/><F106/><W7/><G7/><T87/><D126/><N who="2" m="48170" /><F120/><W98/><G134/><N who="0" m="51819" /><D114/><U85/><E36/><V103/><F113/><W13/><G66/><T8/><D39/><U26/><E69/><V1/><F108/><W101/><G78/><T72/><D72/><N who="1" m="43047" /><E61/><V109/><F109/><W112/><G81/><N who="0" m="49551" /><D8/><U35/><E63/><V121/><F121/><W0/><G0/><T73/><D73/><U54/><E54/><V40/><F1/><W110/><G110/><T79/><D57/><U71/><E71/><V82/><F103/><W125/><G125/><T129/><D129/><U68/><E68/><V34/><F82/><AGARI ba="4,2" hai="24,27,79,82,87,97,102,105" m="49551,51819" machi="82" ten="30,1000,0" yaku="20,1" doraHai="25" who="0" fromWho="2" sc="249,42,204,0,307,-22,220,0" /><INIT seed="2,0,0,0,5,70" ten="291,204,285,220" oya="2" hai0="96,125,60,67,100,42,54,24,28,122,4,59,81" hai1="6,23,127,57,116,98,97,82,120,114,79,17,16" hai2="86,80,88,33,65,73,43,56,20,50,0,108,77" hai3="53,126,117,104,101,91,52,87,25,69,11,78,106"/><V22/><F33/><W83/><G117/><T66/><D122/><U111/><E116/><V76/><F0/><W84/><G69/><T19/><D125/><U124/><E114/><V95/><F108/><W29/><G126/><N who="1" m="48170" /><E111/><V128/><F128/><W85/><G11/><T118/><D118/><U93/><E120/><V92/><F77/><W62/><G101/><T37/><D4/><U89/><E6/><V13/><F95/><W14/><G14/><T38/><D81/><U130/><E130/><V7/><F65/><W64/><G106/><T61/><D19/><N who="1" m="7243" /><E23/><V41/><F41/><W30/><G104/><T71/><D42/><U75/><E57/><V49/><F49/><W51/><G29/><T9/><D9/><U26/><E26/><V5/><F56/><N who="3" m="36935" /><G78/><T109/><D109/><U40/><E40/><V135/><F135/><W103/><G103/><T31/><D67/><U107/><E107/><V21/><REACH who="2" step="1"/><F13/><REACH who="2" ten="291,204,275,220" step="2"/><W15/><G15/><T90/><D66/><U123/><E123/><V112/><F112/><W68/><G68/><T132/><D71/><U10/><E10/><V105/><F105/><W131/><G131/><T45/><D132/><U8/><E8/><V34/><F34/><W58/><G53/><T47/><D54/><U99/><AGARI ba="0,1" hai="75,79,82,89,93,97,98,99" m="7243,48170" machi="99" ten="30,2000,0" yaku="18,1,54,1" doraHai="70" who="1" fromWho="1" sc="291,-5,204,30,275,-10,220,-5" /><INIT seed="3,0,0,4,0,86" ten="286,234,265,215" oya="3" hai0="43,119,89,64,97,94,18,9,30,76,72,120,8" hai1="88,109,48,96,130,13,53,73,112,87,32,37,91" hai2="95,49,66,131,123,11,46,132,16,40,2,26,135" hai3="126,116,23,128,63,127,19,133,7,134,36,122,52"/><W56/><G122/><T98/><D120/><U107/><E73/><V15/><F123/><W25/><G116/><T124/><D119/><U55/><E37/><V38/><F131/><W85/><G36/><T60/><D124/><N who="3" m="47657" /><G7/><T102/><D43/><U17/><E32/><V68/><F2/><W129/><G85/><T31/><D76/><U27/><E112/><V39/><F66/><W21/><G23/><T100/><D72/><U6/><E109/><V106/><F106/><W54/><G54/><N who="1" m="20490" /><E130/><AGARI ba="0,0" hai="19,21,25,52,56,63,128,129,130,133,134" m="47657" machi="130" ten="30,12000,1" yaku="30,2,19,1,18,1,54,1" doraHai="86" who="3" fromWho="1" sc="286,0,234,-120,265,0,215,120" owari="286,9.0,114,-39.0,265,-13.0,335,43.0" /></mjloggm>