<mjloggm ver="2.3"><GO type="169" lobby="0"/><UN n0="%E3%82%A6%E3%83%AB%E3%83%88%E3%83%A9%E7%AB%8B%E7%9B%B4" n1="%E5%85%AB%E4%BA%91%E7%B4%AB" n2="%E3%81%8B%E3%81%AB%E3%83%9E%E3%82%B8%E3%83%B3" n3="%74%61%63%6F%73" dan="16,16,17,17" rate="2170.94,2079.03,2150.05,2150.63" sx="M,F,M,M"/><TAIKYOKU oya="0"/><INIT seed="0,0,0,5,0,83" ten="250,250,250,250" oya="0" hai0="97,8,25,67,70,61,37,108,1,9,21,34,76" hai1="55,115,119,10,15,41,66,52,14,46,50,31,57" hai2="91,128,79,88,4,17,80,131,43,101,16,103,20" hai3="42,47,13,40,63,126,68,28,39,82,60,3,35"/><T12/><D108/><U23/><E119/><V112/><F4/><W49/><G3/><T48/><D37/><U30/><E115/><V129/><F43/><W111/><G111/><T116/><D116/><U72/><E72/><V96/><F112/><W120/><G28/><T32/><D76/><U18/><E66/><V125/><F125/><W87/><G35/><T110/><D110/><U93/><E93/><N who="2" m="56359" /><F91/><W89/><G126/><T19/><D97/><U109/><E109/><V95/><F95/><W78/><G120/><T24/><D48/><U44/><E44/><V54/><F54/><W107/><G107/><T133/><D133/><U118/><E55/><V132/><F132/><W75/><G68/><T45/><D45/><U106/><E106/><V59/><F59/><W113/><G113/><T62/><D62/><U104/><E104/><V38/><F38/><W71/><G71/><T135/><D135/><U27/><E14/><N who="2" m="9239" /><F17/><W134/><G134/><T92/><D92/><U122/><E118/><V99/><F99/><W127/><G127/><T121/><D121/><U98/><E98/><V114/><F114/><W73/><G73/><AGARI ba="0,0" hai="73,79,80,101,103,128,129,131" m="9239,56359" machi="73" ten="30,3900,0" yaku="19,1,54,2" doraHai="83" who="2" fromWho="3" sc="250,0,250,0,250,39,250,-39" /><INIT seed="1,0,0,2,2,129" ten="250,250,289,211" oya="1" hai0="114,72,79,77,127,97,85,61,47,35,126,44,8" hai1="109,102,112,16,111,70,115,63,25,130,87,43,53" hai2="51,88,74,118,80,33,94,37,3,23,91,128,54" hai3="108,66,59,124,57,28,18,2,123,38,86,76,132"/><U34/><E130/><V98/><F33/><W20/><G38/><T1/><D114/><U0/><E0/><V29/><F128/><W62/><G123/><T107/><D35/><U17/><E43/><V135/><F37/><W7/><G28/><T50/><D72/><U55/><E102/><V15/><F3/><W32/><G32/><T125/><D61/><U121/><E121/><V69/><F69/><W5/><G108/><N who="1" m="41546" /><E87/><V27/><F118/><W95/><G124/><T122/><D122/><U12/><E70/><V67/><F67/><W6/><G2/><T120/><D120/><U89/><E89/><V65/><F65/><W41/><G41/><T40/><D85/><U82/><E82/><V106/><F106/><W46/><G76/><T133/><D47/><U30/><E17/><V21/><F74/><W83/><G83/><T36/><D36/><U100/><E100/><V90/><F80/><W84/><G84/><T68/><D68/><U119/><E119/><V71/><F71/><W14/><G86/><T11/><D79/><U49/><E63/><V22/><F91/><W78/><G78/><T56/><D77/><U75/><E75/><V19/><F90/><W10/><G95/><T24/><D1/><U42/><E42/><V9/><F29/><W60/><G18/><T52/><D126/><U13/><E13/><V4/><F19/><W39/><G14/><T117/><D125/><U48/><E115/><V104/><F15/><W101/><G101/><N who="0" m="62895" /><D127/><U131/><E112/><V103/><F104/><W92/><G39/><N who="0" m="21535" /><D117/><U116/><E116/><V96/><F103/><RYUUKYOKU ba="0,0" sc="250,0,250,0,289,0,211,0" /><INIT seed="2,1,0,5,3,24" ten="250,250,289,211" oya="2" hai0="87,132,119,23,85,19,75,104,0,26,95,65,122" hai1="97,115,5,37,68,117,8,66,22,17,76,126,111" hai2="94,52,127,67,79,107,36,112,61,25,31,123,14" hai3="83,93,73,125,29,84,41,101,4,129,30,15,27"/><V74/><F107/><W120/><G120/><T133/><D122/><U113/><E117/><V40/><F123/><W55/><G73/><T109/><D104/><U34/><E37/><V7/><F112/><W91/><G41/><T56/><D75/><U72/><E34/><V11/><F127/><W46/><G125/><T64/><D119/><U98/><E126/><V48/><F36/><W100/><G129/><T32/><D0/><U6/><E68/><V1/><F40/><W57/><G46/><T2/><D2/><U128/><E66/><V134/><F134/><N who="0" m="51818" /><D109/><U121/><E111/><V3/><F94/><W20/><G29/><N who="0" m="19511" /><D56/><U33/><E72/><V10/><F79/><W18/><G4/><T108/><D108/><U102/><E5/><V9/><F74/><W47/><G47/><T69/><D69/><U45/><E6/><V21/><F1/><W39/><G39/><T88/><D87/><U116/><E116/><V106/><F106/><W70/><G70/><T89/><D89/><U12/><E76/><V43/><F43/><W105/><G105/><T131/><D131/><U13/><E128/><V58/><F3/><W44/><G44/><AGARI ba="1,0" hai="7,9,10,11,14,21,25,31,44,48,52,58,61,67" machi="44" ten="30,11600,0" yaku="7,1,8,1,52,1,54,1" doraHai="24" who="2" fromWho="3" sc="250,0,250,0,289,119,211,-119" /><INIT seed="2,2,0,5,2,53" ten="250,250,408,92" oya="2" hai0="64,1,60,4,116,120,46,16,129,28,25,38,37" hai1="97,127,90,3,112,48,115,89,44,99,117,102,130" hai2="39,98,71,121,80,18,21,20,73,101,126,110,59" hai3="33,111,77,49,7,78,43,125,86,24,123,67,27"/><V6/><F121/><W113/><G123/><T14/><D120/><U55/><E117/><V62/><F39/><W96/><G111/><T135/><D116/><U84/><E3/><V124/><F110/><W32/><G67/><T82/><D135/><U74/><E74/><V63/><F63/><W128/><G7/><T30/><D129/><U61/><E130/><V108/><F71/><W85/><G128/><T100/><D100/><U42/><E127/><N who="2" m="48683" /><F6/><W12/><G125/><T41/><D82/><U52/><E89/><V35/><F35/><W36/><G36/><T40/><D1/><U65/><E115/><V133/><F133/><W72/><G72/><T103/><D103/><U15/><E15/><V79/><F18/><W68/><G68/><T94/><D4/><U56/><E112/><V104/><F108/><W34/><G113/><T50/><D25/><U106/><REACH who="1" step="1"/><E99/><REACH who="1" ten="250,240,408,92" step="2"/><V23/><F23/><W31/><G96/><T131/><D14/><U95/><AGARI ba="2,1" hai="42,44,48,52,55,56,61,65,84,90,95,97,102,106" machi="95" ten="20,12000,2" yaku="1,1,2,1,0,1,7,1,52,1,54,1,53,1" doraHai="53" doraHaiUra="81" who="1" fromWho="1" sc="250,-32,240,136,408,-62,92,-32" /><INIT seed="3,0,0,1,4,135" ten="218,376,346,60" oya="3" hai0="117,22,53,30,123,34,16,7,134,111,15,51,84" hai1="61,66,91,41,20,63,52,24,45,57,26,125,93" hai2="6,65,78,92,12,79,35,113,88,85,116,49,44" hai3="8,13,27,126,37,64,110,132,1,18,86,59,17"/><W76/><G37/><T129/><D123/><U10/><E125/><V96/><F116/><W23/><G132/><T56/><D117/><U69/><E10/><N who="2" m="4183" /><F35/><W43/><G43/><T36/><D134/><U3/><E3/><V95/><F65/><W62/><G110/><T127/><D111/><U121/><E121/><V70/><F70/><W94/><G1/><T42/><D129/><U73/><E73/><V106/><F106/><W48/><G48/><T80/><D127/><U89/><E91/><N who="2" m="55423" /><F113/><W38/><G38/><T9/><D34/><U118/><E118/><V46/><F46/><W50/><G50/><T120/><D120/><U119/><E119/><V47/><F47/><W60/><G60/><T21/><D30/><U128/><E128/><V133/><F133/><W74/><G74/><T58/><D58/><U99/><REACH who="1" step="1"/><E20/><REACH who="1" ten="218,366,346,60" step="2"/><V87/><F85/><W4/><G126/><T75/><D75/><U54/><E54/><AGARI ba="0,1" hai="44,49,54,78,79,87,88,92" m="55423,4183" machi="54" ten="30,2000,0" yaku="8,1,54,1" doraHai="135" who="2" fromWho="1" sc="218,0,366,-20,346,30,60,0" /><INIT seed="4,0,0,1,0,46" ten="218,346,376,60" oya="0" hai0="55,2,7,114,53,16,104,109,28,106,51,22,70" hai1="100,116,85,4,131,34,37,122,118,74,123,36,26" hai2="108,112,45,6,21,13,130,111,15,54,30,61,117" hai3="50,44,10,81,78,56,103,84,35,126,75,5,101"/><T25/><D114/><U9/><E74/><V76/><F76/><W113/><G35/><T12/><D70/><U39/><E100/><V67/><F112/><W134/><G113/><T86/><D109/><U71/><E71/><V20/><F130/><W93/><G126/><T98/><D86/><U31/><E85/><V65/><F117/><W95/><G134/><T128/><D128/><U58/><E58/><V125/><F125/><W133/><G133/><T92/><D55/><U87/><E87/><V94/><F94/><W24/><G24/><T48/><D7/><U23/><E23/><V40/><F54/><W88/><G56/><T49/><D2/><N who="1" m="151" /><E131/><V63/><F6/><W102/><G95/><T17/><D53/><U42/><E42/><V59/><F30/><W132/><G132/><T1/><D1/><U80/><E80/><V91/><F91/><W8/><REACH who="3" step="1"/><G5/><REACH who="3" ten="218,346,376,50" step="2"/><T27/><D27/><U41/><E118/><V0/><F59/><W60/><G60/><T83/><D104/><U120/><E116/><V89/><F61/><W47/><G47/><T90/><D106/><U107/><E107/><V57/><F45/><W69/><G69/><T96/><D83/><U129/><E129/><V105/><F57/><W68/><G68/><T3/><D3/><U19/><E34/><V72/><F63/><W127/><G127/><T52/><D96/><U62/><E62/><V38/><F105/><W99/><G99/><T11/><D28/><U33/><E19/><V14/><F108/><W121/><G121/><T124/><D124/><U43/><E123/><V110/><F110/><RYUUKYOKU ba="0,1" sc="218,10,346,10,376,-30,50,10" hai0="11,12,16,17,22,25,48,49,51,52,90,92,98" hai1="26,31,33,36,37,39,41,43,120,122" hai3="8,10,44,50,75,78,81,84,88,93,101,102,103" /><INIT seed="4,1,1,1,1,19" ten="228,356,346,60" oya="0" hai0="44,6,133,37,69,122,75,89,103,134,58,27,21" hai1="10,60,132,40,16,91,119,93,5,98,123,80,49" hai2="51,32,28,35,71,3,2,86,95,15,17,84,92" hai3="124,104,50,53,7,120,55,12,115,22,13,67,97"/><T11/><D122/><U23/><E119/><V90/><F71/><W24/><G120/><T96/><D69/><U116/><E116/><V26/><F35/><W110/><G110/><T42/><D89/><U126/><E126/><V8/><F86/><W130/><G124/><T61/><D75/><U102/><E123/><V39/><F39/><W25/><G130/><T0/><D58/><U76/><E132/><V94/><REACH who="2" step="1"/><F51/><REACH who="2" ten="228,356,336,60" step="2"/><W43/><G50/><T34/><D34/><U88/><E49/><V18/><F18/><W29/><G29/><T9/><D61/><U4/><E4/><V107/><F107/><W68/><G7/><T1/><D1/><AGARI ba="1,2" hai="1,2,3,8,15,17,26,28,32,84,90,92,94,95" machi="1" ten="40,1300,0" yaku="1,1,53,0" doraHai="19" doraHaiUra="131" who="2" fromWho="0" sc="228,-16,356,0,336,36,60,0" /><INIT seed="5,0,0,4,2,2" ten="212,356,372,60" oya="1" hai0="55,103,45,4,94,30,41,65,11,91,78,108,100" hai1="20,67,127,66,106,19,46,12,119,61,124,48,71" hai2="82,69,35,21,57,49,88,0,39,97,105,44,29" hai3="54,90,83,123,96,122,121,84,43,95,31,114,86"/><U111/><E119/><V50/><F69/><W60/><G43/><T62/><D30/><U99/><E67/><V17/><F0/><W116/><G31/><T3/><D55/><U52/><E111/><V24/><F105/><W93/><G60/><T18/><D18/><U135/><E135/><V26/><F57/><W13/><G54/><T76/><D108/><U53/><E53/><V85/><REACH who="2" step="1"/><F97/><REACH who="2" ten="212,356,362,60" step="2"/><W120/><G116/><T118/><D118/><U32/><REACH who="1" step="1"/><E32/><REACH who="1" ten="212,346,362,60" step="2"/><V25/><F25/><W117/><G117/><T14/><D65/><U10/><E10/><V126/><F126/><W27/><G27/><T36/><D11/><U130/><E130/><V133/><F133/><W98/><G121/><T15/><D41/><AGARI ba="0,2" hai="17,21,24,26,29,35,39,41,44,49,50,82,85,88" machi="41" ten="40,2600,0" yaku="1,1,54,1,53,0" doraHai="2" doraHaiUra="131" who="2" fromWho="0" sc="212,-26,346,0,362,46,60,0" /><INIT seed="6,0,0,2,1,84" ten="186,346,408,60" oya="2" hai0="19,20,132,66,80,43,57,75,12,59,3,4,121" hai1="60,101,9,88,81,16,33,116,115,63,65,78,5" hai2="134,106,111,72,25,86,6,11,110,109,105,50,64" hai3="135,133,124,38,97,92,53,93,117,35,45,70,73"/><V1/><F134/><N who="3" m="51211" /><G70/><T100/><D121/><U47/><E116/><V79/><F64/><W23/><G73/><T49/><D132/><U107/><E33/><V125/><F125/><W30/><G117/><T2/><D100/><U52/><E107/><V24/><F50/><N who="3" m="28879" /><G38/><T94/><D59/><U0/><E101/><V68/><F68/><W28/><G35/><T74/><D80/><U95/><E115/><V119/><F72/><W128/><G128/><T54/><D43/><U48/><E65/><V127/><F127/><W108/><G108/><T131/><D131/><U90/><E63/><V82/><F119/><W98/><G124/><T69/><D3/><U102/><E60/><V32/><F32/><W39/><G39/><T120/><D120/><U103/><E16/><V58/><F58/><W85/><G85/><T29/><D29/><N who="3" m="11369" /><G23/><T15/><D75/><U123/><E123/><V34/><F34/><W76/><G76/><T17/><D74/><U42/><E42/><V14/><F1/><W71/><G71/><T8/><D69/><U113/><E113/><V21/><F21/><W31/><N who="3" m="11377" /><W7/><DORA hai="104" /><G7/><T118/><D118/><U22/><E22/><V18/><F6/><W89/><G93/><T61/><D94/><U37/><E37/><V40/><F105/><W51/><G97/><T46/><D2/><U67/><E67/><V62/><F106/><W77/><G77/><T96/><D96/><N who="1" m="57447" /><E78/><V126/><F126/><W26/><G26/><N who="2" m="10345" /><F40/><W56/><G56/><T129/><D129/><U130/><E130/><V36/><F36/><W27/><G27/><RYUUKYOKU ba="0,0" sc="186,0,346,0,408,0,60,0" hai0="4,8,12,15,17,19,20,46,49,54,57,61,66" hai1="0,5,9,47,48,52,81,90,102,103" hai2="11,14,18,62,79,82,86,109,110,111" hai3="51,89,92,98" /><INIT seed="6,1,0,1,2,95" ten="186,346,408,60" oya="2" hai0="11,103,19,34,64,28,50,58,7,67,70,121,122" hai1="22,97,75,41,129,9,25,134,74,4,98,106,57" hai2="94,79,32,2,5,16,99,101,42,125,56,6,52" hai3="82,66,12,68,108,132,10,112,37,90,104,86,77"/><V111/><F32/><W118/><G37/><T17/><D67/><U120/><E129/><V65/><F125/><W119/><G108/><T35/><D70/><U72/><E134/><V92/><F111/><W30/><G132/><T39/><D39/><U26/><E106/><V15/><F2/><W96/><G112/><T20/><D50/><U115/><E115/><V89/><F79/><W14/><G30/><T33/><D58/><U71/><E71/><V51/><F42/><W133/><G133/><T21/><D64/><U47/><E57/><V116/><F65/><W46/><G46/><T1/><D103/><U69/><E69/><V40/><F40/><W130/><G130/><T93/><D93/><U45/><E45/><V49/><F49/><W126/><G126/><T109/><D109/><U110/><E110/><V59/><F59/><W76/><G14/><T62/><D62/><U83/><E83/><V0/><F0/><W123/><G123/><T78/><D78/><U53/><E53/><V81/><F81/><W60/><G77/><T91/><D91/><U127/><E127/><V3/><F3/><W61/><G61/><T24/><D28/><U18/><E26/><AGARI ba="1,0" hai="1,7,11,17,19,20,21,24,26,33,34,35,121,122" machi="26" ten="40,8000,1" yaku="9,1,34,3" doraHai="95" who="0" fromWho="1" sc="186,83,346,-83,408,0,60,0" /><INIT seed="7,0,0,2,1,52" ten="269,263,408,60" oya="3" hai0="124,12,79,87,131,30,98,94,53,60,22,1,58" hai1="112,40,50,108,118,34,45,107,63,129,56,103,68" hai2="33,39,126,113,119,73,71,9,77,89,23,11,6" hai3="41,117,49,27,104,25,14,48,84,57,36,3,62"/><W127/><G3/><T69/><D1/><U133/><E108/><V96/><F89/><W10/><G104/><T85/><D124/><U18/><E68/><V55/><F96/><W0/><G0/><T132/><D132/><U80/><E34/><V70/><F23/><W54/><G117/><T46/><D69/><U35/><E35/><V19/><F11/><W29/><G127/><T76/><D131/><U115/><E129/><V4/><F9/><W102/><G102/><T66/><D87/><U32/><E133/><V75/><F19/><W2/><G2/><T121/><D85/><U61/><E32/><V74/><F77/><W21/><G27/><T106/><D106/><U51/><E118/><V135/><F74/><W110/><G110/><T7/><D7/><U116/><E116/><V95/><F4/><W5/><REACH who="3" step="1"/><G84/><REACH who="3" ten="269,263,408,50" step="2"/><T43/><D121/><U59/><E103/><V91/><F126/><W111/><G111/><T122/><D122/><U90/><E107/><V82/><F119/><W24/><G24/><T99/><D12/><U86/><E112/><V101/><F101/><W83/><G83/><T15/><D15/><U42/><E115/><V123/><F82/><W72/><G72/><T26/><D99/><U64/><E18/><V31/><F113/><W81/><G81/><T16/><D98/><U8/><E8/><V37/><F135/><W28/><G28/><T120/><D30/><U114/><E114/><V78/><F31/><W20/><G20/><T38/><D120/><U47/><E64/><V97/><F123/><W44/><AGARI ba="0,1" hai="5,10,14,21,25,29,36,41,44,48,49,54,57,62" machi="44" ten="30,6000,0" yaku="1,1,0,1,52,1,53,0" doraHai="52" doraHaiUra="65" who="3" fromWho="3" sc="269,-20,263,-20,408,-20,50,70" /><INIT seed="7,1,0,2,2,28" ten="249,243,388,120" oya="3" hai0="26,85,119,93,19,82,95,126,88,122,55,111,78" hai1="106,116,8,50,25,32,83,110,49,114,86,16,22" hai2="64,43,77,52,45,33,66,6,74,30,70,90,27" hai3="104,97,113,81,53,3,112,67,0,23,72,135,2"/><W51/><G67/><T38/><D38/><U130/><E110/><V127/><F127/><W129/><G129/><T125/><D111/><U98/><E130/><V31/><F31/><W65/><G65/><T14/><D122/><U9/><E32/><V132/><F132/><W63/><G63/><T134/><D119/><U102/><E114/><N who="3" m="44138" /><G135/><T94/><D26/><U15/><E116/><V100/><F64/><W133/><G133/><T61/><D134/><U60/><E60/><V12/><F66/><W87/><G72/><T68/><D68/><U59/><E59/><V17/><F74/><W96/><G23/><T7/><D7/><U115/><E8/><V57/><F6/><W128/><G104/><T124/><D55/><U41/><E41/><V36/><F70/><W75/><G75/><N who="0" m="43359" /><D61/><U39/><E39/><V117/><F43/><W120/><G120/><T89/><D85/><U101/><E101/><V118/><F100/><W37/><G37/><T40/><D40/><U48/><E115/><V79/><F36/><W131/><G131/><T1/><D1/><N who="3" m="257" /><W11/><DORA hai="107" /><G11/><AGARI ba="1,0" hai="11,14,19,88,89,93,94,95,124,125,126" m="43359" machi="11" ten="40,5200,0" yaku="18,1,52,1,54,1" doraHai="28,107" who="0" fromWho="3" sc="249,55,243,0,388,0,120,-55" owari="304,10.0,243,-16.0,388,49.0,65,-43.0" /></mjloggm>