<mjloggm ver="2.3"><GO type="225" lobby="0"/><UN n0="%E5%90%91%E4%BA%95%E7%90%86" n1="%E3%83%88%E3%83%88%E3%83%AA%E5%85%88%E7%94%9F%31%39%E6%AD%B3" n2="%E5%8E%A8%E8%B5%B0" n3="%EF%BC%BC%28%EF%BC%BE%6F%EF%BC%BE%29%EF%BC%8F%E2%98%85" dan="16,17,18,16" rate="2088.14,2186.86,2228.79,2059.12" sx="M,F,M,M"/><TAIKYOKU oya="0"/><INIT seed="0,0,0,1,2,130" ten="250,250,250,250" oya="0" hai0="112,123,11,124,66,49,85,129,69,52,51,13,29" hai1="12,100,120,18,134,78,103,131,109,53,110,21,113" hai2="57,3,61,118,38,81,35,102,34,1,71,28,76" hai3="64,45,5,114,132,96,47,67,119,94,133,107,43"/><T19/><D123/><U117/><E117/><V0/><F118/><W87/><G119/><T88/><D112/><U25/><E120/><V31/><F102/><N who="1" m="38953" /><E131/><V17/><F17/><W60/><G107/><T46/><D129/><U6/><E113/><V106/><F106/><W23/><G114/><T74/><D74/><U63/><E78/><V91/><F91/><N who="3" m="55391" /><G5/><T92/><D124/><U97/><E97/><V22/><F38/><W24/><G87/><T83/><D29/><U56/><E6/><V86/><F71/><W77/><G77/><T10/><D69/><U2/><E2/><V4/><F4/><W108/><G108/><N who="1" m="41578" /><E134/><N who="3" m="51818" /><G60/><T68/><D68/><U99/><E99/><V75/><F75/><W55/><G55/><N who="0" m="30135" /><D66/><N who="3" m="25129" /><G43/><T126/><D126/><U79/><E79/><V40/><F40/><W44/><G44/><N who="0" m="27751" /><D92/><U116/><E116/><V7/><F7/><W111/><G111/><T48/><D48/><U62/><E62/><V127/><F127/><W70/><G70/><T72/><D72/><U135/><E135/><V115/><F115/><W27/><G27/><AGARI ba="0,0" hai="12,18,21,25,27,53,56,63" m="41578,38953" machi="27" ten="30,1000,0" yaku="14,1" doraHai="130" who="1" fromWho="3" sc="250,0,250,10,250,0,250,-10" /><INIT seed="1,0,0,1,1,112" ten="250,260,250,240" oya="1" hai0="111,17,99,19,80,98,9,28,23,34,135,108,76" hai1="95,18,110,14,27,67,131,55,12,72,22,86,100" hai2="106,127,44,49,79,89,121,58,3,83,7,109,105" hai3="61,134,85,0,88,96,57,93,35,56,48,24,62"/><U77/><E72/><V15/><F121/><W29/><G0/><T37/><D37/><U43/><E131/><V63/><F3/><W13/><G134/><T8/><D34/><U66/><E110/><N who="0" m="42025" /><D135/><U118/><E118/><V47/><F109/><W92/><G13/><N who="1" m="5226" /><E43/><V4/><F89/><W38/><G38/><T30/><D80/><N who="1" m="47375" /><E55/><V115/><F105/><W64/><G48/><T94/><D76/><U97/><AGARI ba="0,0" hai="18,22,27,66,67,95,97,100" m="47375,5226" machi="97" ten="30,1500,0" yaku="8,1" doraHai="112" who="1" fromWho="1" sc="250,-5,260,15,250,-5,240,-5" /><INIT seed="1,1,0,2,0,20" ten="245,275,245,235" oya="1" hai0="57,49,88,75,102,0,8,109,21,32,107,108,96" hai1="73,94,14,90,89,18,105,86,116,91,25,41,19" hai2="99,50,131,82,124,84,104,44,56,22,106,71,53" hai3="13,7,76,125,29,74,72,133,117,97,100,115,45"/><U38/><E116/><V47/><F71/><W135/><G115/><T16/><D32/><U69/><E69/><V92/><F131/><W30/><G117/><T54/><D75/><U5/><E105/><V120/><F120/><W101/><G125/><T31/><D31/><U78/><E38/><V77/><F124/><W28/><G45/><T128/><D128/><U126/><E41/><V61/><F22/><W52/><G76/><T63/><D63/><U85/><E126/><V98/><F44/><W12/><G7/><T15/><D0/><U66/><E66/><V40/><REACH who="2" step="1"/><F99/><REACH who="2" ten="245,275,235,235" step="2"/><W122/><G97/><T2/><D21/><N who="1" m="13503" /><E73/><V59/><F59/><W123/><G30/><T93/><REACH who="0" step="1"/><D2/><REACH who="0" ten="235,275,235,235" step="2"/><U130/><E130/><V46/><F46/><W3/><G3/><T42/><D42/><U48/><E86/><AGARI ba="1,2" hai="8,15,16,49,54,57,86,88,93,96,102,107,108,109" machi="86" ten="40,5200,0" yaku="1,1,54,2,53,0" doraHai="20" doraHaiUra="68" who="0" fromWho="1" sc="235,75,275,-55,235,0,235,0" /><INIT seed="2,0,0,0,0,51" ten="310,220,235,235" oya="2" hai0="103,60,133,48,80,52,73,120,63,130,47,26,79" hai1="58,77,129,85,122,112,125,94,39,21,2,81,111" hai2="31,14,15,102,12,96,101,11,10,116,13,43,135" hai3="57,17,89,61,18,24,36,71,92,75,86,70,37"/><V118/><F135/><W117/><G75/><T64/><D133/><U20/><E112/><V38/><F31/><W7/><G117/><T9/><D120/><U119/><E119/><V105/><F101/><W23/><G7/><T83/><D130/><U25/><E39/><V46/><REACH who="2" step="1"/><F10/><REACH who="2" ten="310,220,225,235" step="2"/><W134/><G134/><T108/><D9/><U113/><E122/><V84/><F84/><W41/><G86/><T97/><D103/><U72/><E113/><V106/><F106/><W67/><G23/><T40/><D73/><U1/><E21/><V33/><F33/><W82/><G37/><T131/><D131/><U34/><E129/><V110/><F110/><W16/><G36/><T44/><D108/><U127/><E34/><V132/><F132/><W109/><G109/><T45/><D97/><U66/><E111/><V59/><F59/><W90/><G71/><T50/><D45/><U126/><E58/><V56/><F56/><W76/><G70/><T93/><D44/><U8/><E8/><V54/><F54/><W104/><G104/><T107/><D107/><U69/><E69/><V115/><F115/><W29/><G29/><T3/><D52/><U55/><E55/><V28/><F28/><W124/><G57/><T42/><D47/><U53/><E53/><V0/><F0/><W88/><G67/><T4/><D64/><U100/><E66/><V32/><F32/><W114/><G114/><T91/><D3/><U87/><E87/><V5/><AGARI ba="0,1" hai="5,11,12,13,14,15,38,43,46,96,102,105,116,118" machi="5" ten="30,3000,0" yaku="1,1,0,1,53,0" doraHai="51" doraHaiUra="35" who="2" fromWho="2" sc="310,-10,220,-10,225,40,235,-10" /><INIT seed="2,1,0,3,3,101" ten="300,210,265,225" oya="2" hai0="83,31,55,0,46,69,50,11,61,47,96,117,78" hai1="91,86,121,129,53,93,14,6,37,2,23,41,130" hai2="80,42,132,16,43,45,49,116,19,66,118,63,85" hai3="12,131,5,75,48,68,4,133,36,18,110,25,57"/><V94/><F132/><W58/><G68/><T9/><D31/><U82/><E121/><V59/><F43/><W1/><G36/><T79/><D117/><U56/><E2/><V29/><F29/><W113/><G75/><T54/><D96/><U87/><E41/><V38/><F94/><W34/><G110/><T128/><D128/><N who="1" m="49259" /><E37/><V122/><F122/><W20/><G131/><T65/><D0/><U126/><E126/><V39/><F39/><W90/><G113/><T10/><D83/><U104/><E104/><V27/><F38/><W107/><G133/><T84/><D84/><N who="1" m="52455" /><E82/><V100/><F100/><W97/><G1/><T105/><D105/><U15/><E15/><V95/><F95/><W24/><G90/><T22/><D22/><U119/><E119/><V123/><F123/><W134/><G134/><T124/><D124/><U98/><E98/><V103/><F103/><W115/><G97/><T77/><D77/><U127/><E127/><V71/><F118/><W60/><G107/><T40/><D40/><U13/><E13/><V89/><F116/><W32/><G115/><T74/><D74/><U51/><E6/><N who="3" m="2666" /><G34/><T21/><D21/><U92/><E92/><V114/><F114/><W120/><G32/><T112/><D112/><U88/><E88/><V73/><F73/><W99/><G99/><T135/><D135/><U44/><E44/><V125/><F125/><W70/><G120/><T35/><D35/><U111/><E111/><V26/><F71/><W62/><G70/><T28/><D28/><U30/><E30/><V67/><F67/><N who="3" m="39311" /><G48/><AGARI ba="1,0" hai="9,10,11,46,47,48,50,54,55,61,65,69,78,79" machi="48" ten="40,1300,0" yaku="9,1" doraHai="101" who="0" fromWho="3" sc="300,16,210,0,265,0,225,-16" /><INIT seed="3,0,0,0,4,113" ten="316,210,265,209" oya="3" hai0="123,97,63,125,96,102,43,2,128,62,26,22,59" hai1="39,73,129,133,122,31,126,72,98,84,53,41,121" hai2="66,120,81,46,52,42,83,27,95,13,68,57,114" hai3="100,80,10,111,118,4,55,56,130,7,131,9,15"/><W64/><G64/><T70/><D2/><U36/><E31/><V117/><F117/><W79/><G118/><T86/><D123/><U16/><E129/><N who="3" m="49162" /><G100/><T51/><D128/><U112/><E112/><V30/><F114/><W35/><G35/><T75/><D75/><U107/><E16/><V82/><F120/><W90/><G90/><T124/><D86/><U3/><E3/><V65/><F68/><W99/><G99/><N who="0" m="37963" /><D70/><U37/><E84/><V77/><F77/><W87/><G111/><T12/><D12/><U105/><E126/><N who="0" m="48745" /><D102/><U71/><E71/><V29/><F66/><W47/><G47/><N who="0" m="26111" /><D59/><U21/><E122/><V14/><F65/><W93/><G93/><T45/><D45/><U49/><E121/><V115/><F95/><W24/><G24/><T116/><D116/><U74/><E105/><V58/><F115/><W5/><G15/><N who="2" m="5641" /><F27/><W28/><G28/><AGARI ba="0,0" hai="22,26,28,62,63" m="26111,48745,37963" machi="28" ten="30,1000,0" yaku="18,1" doraHai="113" who="0" fromWho="3" sc="316,10,210,0,265,0,209,-10" owari="326,42.0,210,-19.0,265,7.0,199,-30.0" /></mjloggm>