<mjloggm ver="2.3"><GO type="41" lobby="0"/><UN n0="%E6%96%97%E5%A4%A2%E5%AE%97%E8%B0%B7" n1="%E3%82%BF%E3%82%AD%E3%83%88%E3%83%BC%E3%83%AB" n2="%E5%B0%B1%E6%B4%BB%E7%94%9F%40%E5%B7%9D%E6%9D%91%E8%BB%8D%E5%9B%A3" n3="%62%62%62%6F%6F" dan="13,14,17,14" rate="2083.58,1981.74,2130.13,1897.36" sx="M,M,M,M"/><TAIKYOKU oya="0"/><INIT seed="0,0,0,1,0,112" ten="250,250,250,250" oya="0" hai0="27,11,58,134,2,19,40,54,85,108,67,32,50" hai1="0,41,122,3,76,20,119,130,71,105,92,94,73" hai2="65,6,126,59,17,46,61,96,21,7,39,23,86" hai3="63,37,114,53,95,33,129,132,56,113,9,45,55"/><T127/><D108/><U28/><E122/><V89/><F126/><W18/><G33/><T42/><D127/><U90/><E105/><V98/><F23/><W133/><G129/><T8/><D134/><N who="3" m="51817" /><G95/><T36/><D36/><U35/><E35/><V123/><F123/><W5/><G18/><T49/><D85/><U74/><E41/><N who="0" m="15977" /><D2/><U44/><E44/><V14/><F46/><W93/><G93/><T124/><D124/><U12/><E20/><V87/><F39/><W70/><G70/><T88/><D32/><U84/><E71/><V68/><F68/><W51/><G37/><T117/><D117/><U80/><E28/><V103/><F87/><W69/><G69/><T109/><D109/><U38/><E38/><V91/><F89/><W29/><G29/><T26/><D88/><U100/><E90/><V13/><F13/><AGARI ba="0,0" hai="5,9,13,45,51,53,55,56,63,113,114" m="51817" machi="13" ten="30,1000,0" yaku="20,1" doraHai="112" who="3" fromWho="2" sc="250,0,250,0,250,-10,250,10" /><INIT seed="1,0,0,1,5,111" ten="250,250,240,260" oya="1" hai0="35,97,49,114,115,127,58,113,101,92,24,38,13" hai1="29,50,7,133,62,69,44,130,73,68,37,129,104" hai2="2,19,87,119,63,85,134,9,107,135,57,41,55" hai3="5,27,42,10,125,1,121,43,99,8,15,72,4"/><U83/><E104/><V16/><F107/><W94/><G121/><T25/><D38/><U110/><E29/><V96/><F119/><W6/><G72/><T31/><D127/><U105/><E105/><V28/><F41/><W123/><G123/><T116/><D116/><U89/><E110/><V34/><F96/><W76/><G76/><T132/><D132/><N who="2" m="50730" /><F34/><W88/><G125/><T52/><REACH who="0" step="1"/><D13/><REACH who="0" ten="240,250,240,260" step="2"/><U17/><E133/><V46/><F2/><W93/><G5/><T47/><D47/><U70/><E37/><V117/><F117/><W75/><G75/><T90/><D90/><U98/><E73/><V91/><F46/><W51/><G27/><AGARI ba="0,1" hai="24,25,27,31,35,49,52,58,92,97,101,113,114,115" machi="27" ten="40,8000,1" yaku="1,1,52,3,54,1,53,0" doraHai="111" doraHaiUra="79" who="0" fromWho="3" sc="240,90,250,0,240,0,260,-80" /><INIT seed="2,0,0,4,5,32" ten="330,250,240,180" oya="2" hai0="120,110,13,64,105,94,98,57,8,89,107,75,40" hai1="85,51,29,36,134,62,38,92,101,10,6,44,33" hai2="128,4,11,102,125,72,135,48,103,112,96,73,0" hai3="111,121,42,130,65,122,87,97,109,124,23,132,35"/><V43/><F112/><W100/><G42/><T39/><D120/><N who="3" m="46185" /><G65/><T20/><D110/><N who="3" m="41993" /><G35/><T76/><D20/><U37/><E134/><V52/><F128/><W99/><G23/><T3/><D64/><U68/><E85/><V27/><F135/><W31/><G31/><T28/><D28/><U70/><E92/><V116/><F125/><W21/><G21/><T80/><D57/><U129/><E101/><V93/><F116/><W53/><G53/><T61/><D61/><U83/><E83/><V49/><F103/><W24/><G24/><T1/><D39/><U79/><E79/><V113/><F113/><W54/><G54/><T16/><REACH who="0" step="1"/><D40/><REACH who="0" ten="320,250,240,180" step="2"/><U7/><E62/><V78/><F43/><W84/><G132/><T41/><D41/><U115/><E115/><V127/><F127/><W106/><G124/><T88/><D88/><U91/><E91/><V119/><F119/><W25/><G25/><T22/><D22/><U69/><E29/><V59/><F78/><W47/><G47/><T131/><D131/><U56/><E129/><V5/><F27/><W19/><G130/><T34/><D34/><U118/><E33/><V90/><F49/><W126/><G126/><T9/><D9/><U66/><E10/><V63/><F48/><W114/><G114/><T81/><D81/><U18/><E118/><V123/><F123/><W74/><G74/><T104/><AGARI ba="0,1" hai="1,3,8,13,16,75,76,80,89,94,98,104,105,107" machi="104" ten="30,8000,1" yaku="1,1,0,1,52,2,54,1,53,0" doraHai="32" doraHaiUra="45" who="0" fromWho="0" sc="320,90,250,-20,240,-40,180,-20" /><INIT seed="3,0,0,2,0,67" ten="410,230,200,160" oya="3" hai0="104,82,109,101,102,33,57,48,132,66,65,134,46" hai1="130,81,128,96,60,21,20,29,24,95,2,116,72" hai2="90,80,59,40,7,122,119,45,50,89,56,83,11" hai3="35,74,127,73,43,42,39,51,111,38,25,30,76"/><W44/><G127/><T15/><D33/><U100/><E2/><V78/><F119/><W70/><G51/><T9/><D109/><U0/><E0/><V49/><F122/><W58/><G58/><T19/><D82/><U112/><E112/><V84/><F50/><W13/><G13/><T79/><D79/><U87/><E116/><V16/><F16/><W71/><G111/><T108/><D108/><U5/><E5/><V85/><REACH who="2" step="1"/><F78/><REACH who="2" ten="410,230,190,160" step="2"/><W8/><G76/><T52/><D134/><U94/><E20/><V92/><F92/><W77/><G77/><T31/><D132/><U61/><E94/><V135/><F135/><W62/><G8/><T1/><D31/><U75/><E75/><N who="3" m="28682" /><G62/><N who="0" m="36135" /><D104/><U37/><E72/><V22/><F22/><W118/><G118/><T97/><D1/><AGARI ba="0,1" hai="1,7,11,40,45,49,56,59,80,83,84,85,89,90" machi="1" ten="30,3900,0" yaku="1,1,7,1,9,1,53,0" doraHai="67" doraHaiUra="12" who="2" fromWho="0" sc="410,-39,230,0,190,49,160,0" /><INIT seed="4,0,0,2,1,111" ten="371,230,239,160" oya="0" hai0="106,78,32,9,89,121,45,74,101,112,132,52,107" hai1="130,119,26,42,92,133,14,51,128,54,55,114,58" hai2="80,129,34,93,36,50,27,67,117,76,127,122,105" hai3="5,20,134,104,94,33,29,73,77,48,11,57,90"/><T98/><D32/><U21/><E119/><V87/><F105/><W83/><G104/><T64/><D64/><U72/><E72/><V30/><F36/><W41/><G134/><T126/><D9/><U131/><E133/><V37/><F37/><W118/><G118/><T108/><D132/><U79/><E79/><V10/><F122/><W44/><G33/><T12/><D12/><U109/><E109/><V61/><F117/><W7/><G57/><T125/><D108/><U62/><E42/><V81/><F129/><W113/><G113/><T8/><D8/><U38/><E38/><V3/><F127/><N who="0" m="48650" /><D121/><U103/><E14/><V25/><F25/><W75/><G73/><T88/><D107/><U65/><E114/><V60/><F60/><W100/><G100/><T46/><D46/><U120/><E51/><V123/><F123/><W53/><G53/><T6/><D6/><U39/><E39/><V16/><F50/><W66/><G66/><T85/><D74/><U59/><E58/><V15/><F3/><W124/><G124/><T35/><D35/><U2/><E2/><V18/><F93/><W47/><G47/><T95/><D78/><U91/><E120/><V0/><F81/><W49/><G49/><N who="0" m="28719" /><D89/><U63/><E91/><V43/><F0/><W69/><G69/><T86/><D86/><U19/><E63/><V22/><F43/><W56/><G56/><T97/><D97/><AGARI ba="0,0" hai="19,21,26,54,55,59,62,65,92,97,103,128,130,131" machi="97" ten="40,1300,0" yaku="19,1" doraHai="111" who="1" fromWho="0" sc="371,-13,230,13,239,0,160,0" /><INIT seed="5,0,0,5,1,13" ten="358,243,239,160" oya="1" hai0="43,96,37,10,119,82,1,20,73,64,74,66,0" hai1="25,134,107,18,131,112,8,77,90,76,75,102,39" hai2="80,117,49,85,133,126,121,51,29,23,56,59,17" hai3="19,87,89,53,54,125,48,101,61,30,4,109,9"/><U28/><E39/><V65/><F121/><W5/><G109/><T127/><D119/><U21/><E134/><V68/><F117/><W104/><G125/><T130/><D127/><U99/><E131/><V100/><F126/><W98/><G30/><T62/><D130/><U57/><E112/><V97/><F133/><W67/><G54/><T32/><D32/><U7/><E75/><V40/><F29/><W69/><G89/><T128/><D128/><U50/><E90/><V24/><F68/><W114/><G87/><T108/><D108/><U92/><E107/><V95/><F65/><W113/><G113/><T63/><D96/><U72/><E28/><V16/><F17/><W12/><REACH who="3" step="1"/><G114/><REACH who="3" ten="358,243,239,150" step="2"/><T27/><D73/><U105/><E72/><V31/><F31/><W83/><G83/><T111/><D74/><U46/><E77/><N who="2" m="46223" /><F40/><W123/><G123/><T118/><D82/><U106/><E76/><V115/><F115/><W81/><G81/><T45/><D111/><U91/><E91/><V132/><F132/><W135/><G135/><T44/><D118/><U2/><REACH who="1" step="1"/><E57/><AGARI ba="0,1" hai="16,23,24,49,51,56,57,59,95,97,100" m="46223" machi="57" ten="30,3900,0" yaku="8,1,52,1,54,1" doraHai="13" who="2" fromWho="1" sc="358,0,243,-39,239,49,150,0" /><AGARI ba="0,0" hai="4,5,9,12,19,48,53,57,61,67,69,98,101,104" machi="57" ten="30,7700,0" yaku="1,1,7,1,52,1,53,1" doraHai="13" doraHaiUra="55" who="3" fromWho="1" sc="358,0,204,-77,288,0,150,77" /><INIT seed="6,0,0,3,1,96" ten="358,127,288,227" oya="2" hai0="26,36,71,8,34,118,98,10,113,2,131,20,84" hai1="41,48,100,99,44,45,121,129,73,86,43,25,114" hai2="105,7,74,89,15,4,32,35,59,91,101,38,78" hai3="107,85,46,62,18,90,83,50,77,54,123,40,92"/><V16/><F38/><W1/><G123/><T19/><D36/><U9/><E73/><V125/><F125/><W103/><G1/><T110/><D71/><U93/><E121/><V23/><F74/><W60/><G18/><T6/><D98/><U80/><E129/><V120/><F120/><W94/><G94/><T42/><D84/><U76/><E114/><V5/><F78/><W65/><G65/><T30/><D42/><U127/><E127/><V88/><REACH who="2" step="1"/><F59/><REACH who="2" ten="358,127,278,227" step="2"/><W29/><G29/><T72/><D72/><U95/><E95/><V64/><F64/><W97/><REACH who="3" step="1"/><G40/><REACH who="3" ten="358,127,278,217" step="2"/><T104/><D118/><U3/><E3/><V111/><F111/><W130/><G130/><T27/><D110/><U58/><E58/><V109/><F109/><W13/><G13/><N who="0" m="7591" /><D131/><U135/><E135/><V116/><F116/><W53/><G53/><T63/><D104/><U37/><E25/><V0/><F0/><W108/><G108/><T119/><D119/><U24/><E24/><V22/><F22/><W106/><G106/><T112/><D63/><U124/><E124/><V87/><F87/><AGARI ba="0,2" hai="46,50,54,60,62,77,83,85,87,90,92,97,103,107" machi="87" ten="30,3900,0" yaku="1,1,7,1,52,1,53,0" doraHai="96" doraHaiUra="14" who="3" fromWho="2" sc="358,0,127,0,278,-39,217,59" /><INIT seed="7,0,0,1,4,116" ten="358,127,239,276" oya="3" hai0="56,76,120,101,33,73,21,109,28,48,0,121,100" hai1="37,12,110,68,2,63,6,24,127,82,81,53,115" hai2="98,105,103,88,93,74,54,40,59,36,96,45,133" hai3="26,126,34,49,35,46,11,23,132,58,29,14,60"/><W86/><G126/><T15/><D109/><U104/><E110/><V5/><F5/><W64/><G132/><T8/><D0/><U124/><E53/><V117/><F133/><W39/><G39/><T18/><D33/><U9/><E12/><V32/><F32/><W27/><G27/><T119/><D119/><U106/><E81/><V90/><F117/><W61/><G61/><T111/><D111/><U129/><E24/><V66/><F74/><W112/><G112/><T47/><D56/><U79/><E115/><V113/><F113/><W91/><G91/><T57/><D57/><U125/><E129/><V122/><F66/><W108/><G86/><T4/><D28/><U42/><E82/><V71/><F71/><W85/><G85/><T44/><D73/><U38/><E79/><V51/><REACH who="2" step="1"/><F122/><REACH who="2" ten="358,127,229,276" step="2"/><W67/><G64/><T55/><D121/><U130/><E130/><V52/><F52/><W62/><G108/><T75/><D120/><U97/><E97/><V10/><F10/><W99/><G62/><T77/><D75/><U13/><E13/><V17/><F17/><W7/><REACH who="3" step="1"/><G99/><REACH who="3" ten="358,127,229,266" step="2"/><T135/><D135/><U69/><E63/><V107/><F107/><W128/><G128/><T80/><D48/><U131/><E131/><V94/><F94/><W72/><G72/><T92/><D76/><U84/><E84/><V89/><AGARI ba="0,2" hai="36,40,45,51,54,59,88,89,90,93,96,98,103,105" machi="89" ten="20,5200,0" yaku="1,1,0,1,7,1,54,1,53,0" doraHai="116" doraHaiUra="31" who="2" fromWho="2" sc="358,-13,127,-13,229,72,266,-26" owari="345,45.0,114,-39.0,301,10.0,240,-16.0" /></mjloggm>