<mjloggm ver="2.3"><GO type="41" lobby="0"/><UN n0="%E5%B0%B1%E6%B4%BB%E7%94%9F%40%E5%B7%9D%E6%9D%91%E8%BB%8D%E5%9B%A3" n1="%E3%81%9F%E3%81%A0%E3%81%82%E3%81%8D" n2="%E3%83%95%E3%82%A1%E3%82%BD" n3="%E7%99%BD%E7%81%AB" dan="14,14,13,15" rate="1921.47,1874.59,1856.36,1960.11" sx="M,M,M,M"/><TAIKYOKU oya="0"/><INIT seed="0,0,0,1,5,0" ten="250,250,250,250" oya="0" hai0="57,132,47,129,104,65,66,98,102,113,11,128,27" hai1="124,109,72,81,4,97,131,10,20,105,90,82,62" hai2="75,94,133,40,123,83,106,34,89,73,6,42,3" hai3="29,17,52,2,100,8,19,122,7,112,70,23,59"/><T80/><D113/><U35/><E35/><V121/><F106/><W16/><G112/><T38/><D132/><U13/><E109/><V48/><F34/><W111/><G70/><T125/><D125/><U86/><E131/><V127/><F127/><W36/><G36/><T25/><D80/><U115/><E115/><V96/><F133/><W64/><G64/><T1/><D38/><U58/><E124/><V43/><F48/><W119/><G111/><T92/><D104/><U114/><E114/><V46/><F46/><W28/><G119/><T22/><D47/><U39/><E39/><V87/><F6/><W134/><G122/><T78/><D78/><U67/><E20/><V56/><F56/><W55/><G55/><T69/><D69/><U44/><E44/><V63/><F63/><W101/><G134/><T45/><D45/><U15/><E97/><V84/><F84/><W60/><REACH who="3" step="1"/><G23/><REACH who="3" ten="250,250,250,240" step="2"/><T14/><D65/><U116/><E116/><V99/><F123/><W37/><G37/><T24/><D128/><U18/><E105/><V32/><F121/><W74/><G74/><T41/><D129/><U9/><E72/><V50/><F75/><W30/><AGARI ba="0,1" hai="2,7,8,16,17,19,28,29,30,52,59,60,100,101" machi="30" ten="30,8000,1" yaku="1,1,0,1,52,1,54,2,53,0" doraHai="0" doraHaiUra="135" who="3" fromWho="3" sc="250,-40,250,-20,250,-20,240,90" /><INIT seed="1,0,0,4,0,5" ten="210,230,230,330" oya="1" hai0="19,10,34,77,106,62,74,49,58,20,114,134,130" hai1="94,89,129,121,4,124,33,80,42,0,68,55,111" hai2="45,103,26,18,3,131,37,16,36,125,120,122,24" hai3="11,112,70,60,2,109,8,79,119,30,56,39,22"/><U57/><E121/><N who="2" m="46699" /><F103/><W90/><G109/><T97/><D114/><U47/><E33/><V92/><F92/><W75/><G75/><T73/><D130/><U15/><E68/><V48/><F131/><W101/><G79/><T41/><D34/><U72/><E0/><V7/><F48/><W27/><G2/><T13/><D134/><U71/><E71/><V110/><F45/><W87/><G119/><T113/><D113/><U61/><E111/><V88/><F110/><W46/><G112/><T135/><D135/><U63/><E63/><V98/><F98/><W14/><G14/><T104/><D77/><U9/><E129/><V81/><F81/><W21/><G21/><T83/><D83/><U67/><E124/><V116/><F7/><W69/><G101/><T127/><D127/><U108/><E108/><V17/><F125/><W78/><G78/><T128/><D128/><U59/><E80/><V38/><F3/><W99/><G99/><T126/><D126/><U35/><E35/><V118/><F88/><W82/><G69/><T43/><D74/><U50/><E72/><V31/><F31/><W133/><G70/><T53/><D73/><U100/><E100/><V28/><F28/><W132/><G132/><T117/><D117/><AGARI ba="0,0" hai="16,17,18,24,26,36,37,38,116,117,118" m="46699" machi="117" ten="40,5200,0" yaku="28,2,54,1" doraHai="5" who="2" fromWho="0" sc="210,-52,230,0,230,52,330,0" /><INIT seed="2,0,0,0,0,9" ten="158,230,282,330" oya="2" hai0="52,21,11,46,69,53,109,1,125,119,50,54,117" hai1="133,26,81,5,63,20,35,13,45,111,64,62,55" hai2="108,29,95,24,3,107,93,114,58,61,23,18,112" hai3="84,116,31,25,89,28,10,132,37,74,120,100,124"/><V33/><F107/><W16/><G74/><T48/><D1/><U17/><E35/><V80/><F3/><W86/><G120/><T135/><D11/><U99/><E111/><V90/><F108/><W87/><G116/><N who="0" m="44619" /><D21/><U115/><E115/><V67/><F112/><W85/><G37/><T51/><D109/><U105/><E133/><V49/><F114/><W4/><G124/><T75/><D75/><U129/><E129/><V122/><F122/><W97/><G132/><T134/><D125/><U15/><E81/><V113/><F113/><W70/><G70/><T0/><D0/><U83/><E83/><V2/><F2/><W92/><G25/><T27/><D27/><U40/><E5/><V66/><F33/><W8/><G8/><T36/><D69/><U121/><E121/><V71/><F29/><W59/><G59/><N who="0" m="33159" /><D36/><U110/><E110/><V38/><F38/><W104/><G4/><T76/><D76/><U130/><E130/><V102/><F67/><W94/><G104/><T103/><D103/><U79/><E79/><V41/><F102/><W47/><G47/><AGARI ba="0,0" hai="46,47,50,51,53,54,134,135" m="33159,44619" machi="47" ten="30,7700,0" yaku="12,1,34,2,54,1" doraHai="9" who="0" fromWho="3" sc="158,77,230,0,282,0,330,-77" /><INIT seed="3,0,0,1,1,119" ten="235,230,282,253" oya="3" hai0="96,5,64,3,100,68,106,30,129,4,2,61,78" hai1="97,23,91,9,131,46,109,75,95,38,110,74,43" hai2="52,111,69,17,83,123,135,125,32,45,57,59,80" hai3="103,14,128,16,134,81,92,54,90,60,31,82,99"/><W67/><G134/><T48/><D129/><U15/><E23/><V126/><F32/><W22/><G128/><T41/><D78/><U132/><E132/><V70/><F17/><W104/><G54/><T76/><D76/><U85/><E85/><V35/><F35/><W50/><G50/><T13/><D30/><U7/><REACH who="1" step="1"/><E131/><REACH who="1" ten="235,220,282,253" step="2"/><V19/><F135/><W44/><G31/><T117/><D117/><U105/><E105/><V133/><F133/><W116/><G116/><T18/><D2/><U101/><E101/><V33/><F33/><W1/><G1/><T118/><D3/><U40/><E40/><V66/><F111/><AGARI ba="0,1" hai="7,9,15,38,43,46,74,75,91,95,97,109,110,111" machi="111" ten="40,5200,0" yaku="1,1,14,1,53,1" doraHai="119" doraHaiUra="84" who="1" fromWho="2" sc="235,0,220,62,282,-52,253,0" /><INIT seed="4,0,0,3,1,77" ten="235,282,230,253" oya="0" hai0="82,61,46,44,83,14,57,101,100,120,42,56,87" hai1="30,128,106,3,64,89,81,12,90,34,17,50,16" hai2="10,20,15,118,71,60,117,124,111,122,116,68,53" hai3="33,103,110,114,134,112,107,84,72,18,25,43,37"/><T129/><D120/><U55/><E106/><V22/><F122/><W29/><G72/><T121/><D121/><U74/><E3/><V4/><F111/><W11/><G110/><T35/><D35/><U79/><E128/><V108/><F108/><W132/><G84/><T99/><D129/><U66/><E17/><V40/><F40/><W123/><G11/><T88/><D56/><U45/><E30/><V80/><F124/><W119/><G18/><T19/><D82/><U113/><E34/><V48/><F60/><W75/><G75/><T69/><D69/><U86/><E113/><N who="3" m="43626" /><G119/><T102/><D99/><U8/><E90/><V47/><REACH who="2" step="1"/><F80/><AGARI ba="0,0" hai="8,12,16,45,50,55,64,66,74,79,80,81,86,89" machi="80" ten="30,12000,2" yaku="7,1,25,2,52,2,54,1" doraHai="77" who="1" fromWho="2" sc="235,0,282,120,230,-120,253,0" /><INIT seed="5,0,0,3,0,72" ten="235,402,110,253" oya="1" hai0="83,61,38,28,3,99,46,31,63,69,19,78,135" hai1="59,51,76,27,18,79,70,82,54,56,13,118,2" hai2="96,60,92,131,111,122,17,30,42,50,7,57,15" hai3="112,97,67,126,130,128,101,89,20,109,53,100,11"/><U64/><E2/><V103/><F122/><W49/><G109/><T88/><D3/><U39/><E82/><V113/><F111/><W33/><G33/><T55/><D135/><U133/><E39/><V26/><F113/><W132/><G112/><T4/><D69/><U25/><E70/><V43/><F131/><W80/><G67/><T121/><D121/><U35/><E35/><V6/><F50/><W105/><G11/><T102/><D4/><U41/><E41/><V120/><F120/><W94/><G101/><T24/><D19/><U74/><E74/><V134/><F134/><W93/><G20/><T123/><D123/><U124/><E124/><V114/><F114/><W12/><G12/><T125/><D125/><U21/><E133/><V32/><F43/><W48/><G48/><T40/><D55/><U36/><E36/><V81/><F42/><W10/><G10/><T84/><D28/><U98/><E98/><V0/><F81/><W5/><G5/><T129/><D129/><N who="3" m="49769" /><G126/><T71/><D71/><U45/><E118/><V86/><F86/><N who="3" m="50375" /><G132/><T8/><D8/><U107/><E107/><V16/><F0/><W65/><G65/><T104/><REACH who="0" step="1"/><D78/><REACH who="0" ten="225,402,110,253" step="2"/><N who="1" m="29739" /><E64/><V68/><F68/><W110/><G110/><T9/><D9/><U95/><E95/><V108/><F108/><W62/><G94/><T14/><D14/><U22/><E13/><V47/><F15/><W1/><G93/><T127/><D127/><U23/><E23/><AGARI ba="0,1" hai="23,24,31,38,40,46,61,63,83,84,88,99,102,104" machi="23" ten="30,7700,0" yaku="1,1,7,1,54,1,53,1" doraHai="72" doraHaiUra="77" who="0" fromWho="1" sc="225,87,402,-77,110,0,253,0" /><INIT seed="6,0,0,3,0,9" ten="312,325,110,253" oya="2" hai0="47,33,36,129,54,63,90,49,82,29,79,100,55" hai1="34,135,48,35,57,53,77,12,32,92,112,5,56" hai2="69,131,107,62,104,23,40,86,94,116,37,103,2" hai3="71,0,123,1,66,111,8,17,122,45,68,74,102"/><V42/><F116/><W64/><G74/><T88/><D36/><U26/><E135/><V30/><F2/><N who="3" m="1131" /><G8/><T118/><D118/><U110/><E110/><V73/><F73/><W58/><G45/><T93/><D129/><U51/><E77/><V76/><F131/><W105/><G58/><T89/><D33/><U95/><E12/><V124/><F124/><W108/><G17/><T133/><D133/><U15/><E26/><V6/><F6/><W91/><G91/><T84/><D29/><U18/><E5/><V85/><F37/><W31/><G31/><T22/><D22/><U128/><E128/><V106/><F69/><N who="3" m="26699" /><G102/><T127/><D127/><U44/><E112/><V27/><F62/><W46/><G46/><T7/><D7/><U130/><E57/><V121/><F121/><N who="3" m="46091" /><G105/><T120/><D120/><U4/><E4/><V87/><REACH who="2" step="1"/><F76/><REACH who="2" ten="312,325,100,253" step="2"/><W38/><G38/><T24/><D63/><U125/><E125/><V52/><F52/><W113/><G113/><T43/><D55/><U96/><E130/><V115/><F115/><W109/><AGARI ba="0,1" hai="64,66,108,109,111" m="46091,26699,1131" machi="109" ten="50,3200,0" yaku="28,2" doraHai="9" who="3" fromWho="3" sc="312,-8,325,-8,100,-16,253,42" /><INIT seed="7,0,0,3,5,104" ten="304,317,84,295" oya="3" hai0="52,71,14,23,77,103,132,64,135,85,100,93,28" hai1="50,47,99,34,72,15,134,5,80,118,55,48,129" hai2="10,106,105,6,53,91,87,125,9,33,13,56,25" hai3="12,24,98,61,88,58,116,79,44,66,17,51,3"/><W31/><G116/><T69/><D77/><U37/><E34/><V21/><F125/><W123/><G3/><T39/><D39/><U101/><E118/><V70/><F70/><W57/><G79/><T75/><D75/><U76/><E37/><V63/><F33/><W7/><G7/><T32/><D32/><U131/><E134/><N who="0" m="51241" /><D64/><U114/><E114/><V117/><F117/><W92/><G123/><T133/><D133/><U59/><E15/><V111/><F111/><W78/><G78/><T0/><D0/><U1/><E5/><V42/><F42/><W110/><G110/><T115/><D115/><U89/><E89/><V84/><F84/><W19/><G58/><T97/><D103/><U35/><E35/><V126/><F126/><W73/><G73/><T94/><D94/><U128/><E1/><V36/><F36/><W68/><G68/><T67/><D67/><U102/><E99/><V74/><F74/><W90/><G90/><T16/><D85/><U121/><REACH who="1" step="1"/><E121/><REACH who="1" ten="304,307,84,295" step="2"/><V108/><F108/><W122/><G122/><T120/><D120/><U96/><E96/><V119/><F119/><W45/><G12/><T95/><D95/><U107/><E107/><V82/><REACH who="2" step="1"/><F9/><REACH who="2" ten="304,307,74,295" step="2"/><W65/><G98/><T41/><D97/><U86/><E86/><V20/><F20/><W54/><G66/><T26/><D23/><U81/><E81/><V29/><AGARI ba="0,2" hai="6,10,13,21,25,29,53,56,63,82,87,91,105,106" machi="29" ten="20,2700,0" yaku="1,1,0,1,7,1,53,0" doraHai="104" doraHaiUra="38" who="2" fromWho="2" sc="304,-7,307,-7,74,47,295,-13" owari="297,10.0,300,40.0,121,-38.0,282,-12.0" /></mjloggm>