<mjloggm ver="2.3"><GO type="169" lobby="0"/><UN n0="%53%48%49%53%55%4B%45" n1="%E3%82%A6%E3%83%AB%E3%83%88%E3%83%A9%E7%AB%8B%E7%9B%B4" n2="%6E%61%69%74%61" n3="%E3%83%AD%E3%83%B3%E3%82%88%E3%82%8A%E8%A8%BC%E6%8B%A0" dan="16,17,16,16" rate="2103.04,2216.87,2119.44,2067.82" sx="M,M,M,M"/><TAIKYOKU oya="0"/><INIT seed="0,0,0,2,5,85" ten="250,250,250,250" oya="0" hai0="46,62,131,5,130,118,6,124,19,58,21,99,94" hai1="63,133,47,87,67,73,84,39,44,72,57,41,129" hai2="116,3,112,26,88,135,132,42,4,65,15,105,89" hai3="66,20,110,127,35,53,55,45,7,125,30,28,114"/><T59/><D118/><U100/><E133/><N who="2" m="51275" /><F116/><W86/><G114/><T98/><D124/><U43/><E129/><N who="0" m="49161" /><D46/><U81/><E100/><V122/><F112/><W56/><G35/><T134/><D134/><U101/><E101/><V16/><F105/><W83/><G110/><T10/><D10/><U108/><E108/><V22/><F122/><W103/><G103/><N who="0" m="60887" /><D99/><U119/><E84/><V9/><F65/><W91/><G45/><T13/><D59/><U11/><E11/><N who="2" m="2463" /><F42/><W69/><G69/><T126/><D126/><U64/><E64/><AGARI ba="0,0" hai="5,6,13,19,21,58,62,64" m="60887,49161" machi="64" ten="30,1500,0" yaku="19,1" doraHai="85" who="0" fromWho="1" sc="250,15,250,-15,250,0,250,0" /><INIT seed="0,1,0,5,2,54" ten="265,235,250,250" oya="0" hai0="29,82,90,40,72,106,58,88,9,76,12,119,89" hai1="17,84,47,50,15,102,53,48,63,85,30,6,28" hai2="83,4,87,105,33,55,94,22,61,126,113,135,39" hai3="78,34,1,2,93,127,11,70,100,52,66,37,65"/><T95/><D119/><U26/><E6/><V16/><F113/><W5/><G37/><T51/><D106/><U96/><E63/><V38/><F105/><W20/><G34/><T36/><D36/><U64/><E64/><V46/><F135/><W14/><G127/><T117/><D117/><U75/><E75/><V101/><F126/><W99/><G78/><T68/><D68/><U97/><E26/><V69/><F33/><W21/><G2/><T115/><D115/><U81/><E50/><V32/><F32/><W112/><G112/><T103/><D29/><U124/><E124/><V19/><F4/><W49/><G70/><T35/><D35/><U79/><E84/><V91/><F69/><W45/><G1/><T108/><D108/><U0/><E0/><V123/><F123/><W111/><G111/><T42/><D103/><U13/><E13/><V73/><F19/><W8/><G8/><T41/><D58/><U10/><E97/><V120/><F120/><W60/><G60/><T86/><REACH who="0" step="1"/><D51/><REACH who="0" ten="255,235,250,250" step="2"/><U129/><E129/><V92/><F39/><W77/><G66/><T31/><D31/><U125/><E125/><V118/><F38/><W80/><REACH who="3" step="1"/><G65/><REACH who="3" ten="255,235,250,240" step="2"/><T104/><D104/><AGARI ba="1,2" hai="10,15,17,28,30,47,48,53,79,81,85,96,102,104" machi="104" ten="30,1000,0" yaku="7,1" doraHai="54" who="1" fromWho="0" sc="255,-13,235,33,250,0,240,0" /><INIT seed="1,0,0,1,0,114" ten="242,268,250,240" oya="1" hai0="101,107,82,78,60,59,135,75,4,20,31,32,104" hai1="10,122,27,96,26,97,132,124,112,121,42,87,13" hai2="115,53,23,100,48,55,6,1,12,92,94,33,73" hai3="98,88,22,34,63,45,65,46,44,47,57,83,25"/><U0/><E0/><V17/><F73/><W14/><G34/><T99/><D135/><U69/><E69/><V35/><F115/><W106/><G106/><T108/><D108/><U123/><E112/><V95/><F100/><W117/><G14/><T103/><D32/><U43/><E132/><V120/><F120/><W80/><G117/><T131/><D131/><U86/><E13/><V81/><F81/><W18/><N who="3" m="11264" /><DORA hai="66" /><W70/><G70/><T51/><D4/><U102/><E102/><V15/><F1/><W3/><G3/><T68/><D51/><U89/><E89/><V119/><F119/><W24/><G24/><T130/><D68/><U67/><E67/><V29/><F29/><W61/><G61/><T58/><D130/><U127/><REACH who="1" step="1"/><E122/><REACH who="1" ten="242,258,250,240" step="2"/><V49/><F12/><W129/><G129/><T126/><D103/><U77/><E77/><V19/><F15/><W38/><G38/><T37/><D37/><U9/><AGARI ba="0,1" hai="9,10,26,27,42,43,86,87,96,97,121,123,124,127" machi="9" ten="25,18000,2" yaku="1,1,0,1,22,2,53,2" doraHai="114,66" doraHaiUra="134,8" who="1" fromWho="1" sc="242,-60,258,190,250,-60,240,-60" /><INIT seed="1,1,0,4,4,128" ten="182,448,190,180" oya="1" hai0="51,92,65,59,111,18,23,52,78,79,43,84,95" hai1="125,39,66,112,69,120,103,15,32,131,19,102,70" hai2="42,123,98,122,0,116,73,127,91,109,71,13,67" hai3="97,68,106,37,53,62,20,9,22,113,11,56,30"/><U46/><E32/><V114/><F116/><W10/><G113/><T129/><D111/><U8/><E112/><V115/><F73/><W89/><G37/><T55/><D129/><U28/><E120/><V85/><F0/><W7/><G7/><T2/><D2/><U21/><E131/><V36/><F115/><W100/><G68/><T26/><D43/><U133/><E125/><V4/><F36/><W27/><REACH who="3" step="1"/><G89/><REACH who="3" ten="182,448,190,170" step="2"/><N who="0" m="53287" /><D65/><U88/><E66/><V24/><F114/><W107/><G107/><T90/><D55/><U16/><E70/><V14/><F109/><W38/><G38/><T83/><D83/><U99/><E69/><V110/><F122/><W121/><G121/><T94/><D94/><U3/><E88/><V25/><F123/><W80/><G80/><T6/><D6/><U117/><E39/><V126/><F110/><W108/><G108/><T74/><D74/><U33/><E117/><V44/><F126/><W40/><G40/><T130/><D130/><U118/><E118/><V48/><F127/><W77/><G77/><T135/><D79/><U60/><E103/><V45/><F71/><W54/><G54/><T12/><D78/><U134/><E102/><V119/><F119/><W104/><G104/><T35/><D95/><U49/><E3/><V64/><F4/><W41/><G41/><T124/><D90/><U31/><E99/><V105/><F105/><W76/><G76/><T75/><D75/><U57/><E33/><AGARI ba="1,1" hai="9,10,11,20,22,27,30,33,53,56,62,97,100,106" machi="33" ten="40,1300,0" yaku="1,1,53,0" doraHai="128" doraHaiUra="81" who="3" fromWho="1" sc="182,0,448,-16,190,0,170,26" /><INIT seed="2,0,0,3,5,108" ten="182,432,190,196" oya="2" hai0="101,77,30,58,18,126,117,25,24,11,42,79,123" hai1="104,127,97,111,124,130,29,37,78,5,122,112,69" hai2="61,33,63,31,4,66,7,2,106,59,67,99,56" hai3="14,83,85,133,90,128,107,132,47,48,73,105,38"/><V52/><F2/><W16/><G38/><T134/><D123/><U115/><E69/><V51/><F33/><W88/><G73/><T35/><D126/><N who="1" m="48171" /><E37/><V19/><F31/><W120/><G120/><T68/><D68/><U49/><E122/><V54/><F106/><W8/><G128/><T96/><D134/><N who="3" m="51817" /><G90/><T121/><D121/><U87/><E111/><V39/><F39/><W28/><G28/><T64/><D117/><U3/><E29/><V98/><F19/><W32/><G32/><T75/><D75/><U26/><E26/><V27/><F27/><W119/><G119/><T40/><D25/><U93/><E104/><V116/><F116/><W20/><G20/><T95/><D11/><U114/><E130/><V62/><F62/><W76/><G76/><T102/><D18/><U15/><E49/><AGARI ba="0,0" hai="4,7,49,51,52,54,56,59,61,63,66,67,98,99" machi="49" ten="25,9600,0" yaku="22,2,8,1,54,1" doraHai="108" who="2" fromWho="1" sc="182,0,432,-96,190,96,196,0" /><INIT seed="2,1,0,1,5,72" ten="182,336,286,196" oya="2" hai0="58,34,134,10,46,97,2,0,107,13,3,1,109" hai1="112,87,106,83,60,108,132,122,129,8,121,65,103" hai2="28,101,77,12,99,52,51,50,73,44,75,78,130" hai3="42,113,116,40,80,135,21,100,126,95,26,27,7"/><V4/><F28/><W105/><G105/><T119/><D109/><U124/><E112/><V20/><F130/><W115/><G116/><T43/><D119/><U82/><E129/><V31/><F73/><W53/><G7/><T89/><D34/><U104/><E108/><V91/><F91/><W48/><G135/><T55/><D134/><U9/><E132/><V114/><F114/><N who="3" m="43531" /><G126/><T23/><D23/><U85/><E60/><V64/><F64/><W63/><G63/><T62/><N who="0" m="0" /><DORA hai="6" /><T11/><D13/><U17/><E17/><N who="2" m="10279" /><F75/><W32/><G32/><T54/><D54/><U96/><E65/><V86/><F4/><W18/><G27/><T39/><REACH who="0" step="1"/><D89/><REACH who="0" ten="172,336,286,196" step="2"/><U118/><E118/><V57/><F31/><W93/><G53/><T38/><D38/><U133/><E133/><V56/><F86/><W76/><G42/><T94/><D94/><U30/><E30/><V81/><F81/><W84/><G100/><AGARI ba="1,1" hai="10,11,39,43,46,55,58,62,97,100,107" m="0" machi="100" ten="70,8000,1" yaku="1,1,52,2,53,0" doraHai="72,6" doraHaiUra="61,90" who="0" fromWho="3" sc="172,93,336,0,286,0,196,-83" /><INIT seed="3,0,0,5,5,32" ten="265,336,286,113" oya="3" hai0="33,72,81,76,69,97,88,49,101,75,63,17,80" hai1="37,109,20,15,90,116,8,121,65,43,38,129,110" hai2="71,50,108,42,47,54,98,119,123,130,30,53,39" hai3="133,3,57,24,73,52,31,134,29,117,114,118,82"/><W25/><G114/><T62/><D33/><U26/><E121/><V115/><F115/><W16/><G73/><T58/><D69/><U67/><E129/><V64/><F123/><W111/><G82/><T85/><D72/><U100/><E100/><V126/><F119/><W120/><G120/><T10/><D49/><U103/><E103/><V48/><F98/><W87/><G87/><T127/><D127/><U104/><E104/><V89/><F108/><W4/><G111/><T36/><D36/><U66/><E116/><N who="3" m="44650" /><G52/><N who="2" m="20073" /><F30/><N who="3" m="11275" /><G57/><T41/><D41/><U135/><E109/><V28/><F28/><W83/><G83/><T22/><D58/><U95/><E110/><V1/><F89/><W70/><G70/><T9/><D62/><U91/><E90/><V92/><F92/><W59/><G59/><T0/><D63/><U56/><E56/><V11/><F126/><W18/><G25/><T99/><D101/><U60/><E26/><V51/><F130/><W78/><G78/><T132/><D99/><U105/><E60/><N who="2" m="40327" /><F11/><N who="0" m="4106" /><D97/><U77/><E95/><V19/><F19/><N who="3" m="7211" /><G24/><T7/><D75/><U113/><E113/><V125/><F125/><W96/><G96/><T55/><D76/><U128/><E77/><V40/><F40/><W34/><G34/><T86/><D80/><U35/><E35/><V93/><F93/><W46/><G46/><T102/><D81/><U14/><E43/><V27/><F27/><W12/><G12/><T94/><D94/><U79/><E15/><V6/><F39/><W84/><G84/><T2/><D86/><U124/><E38/><V21/><F47/><RYUUKYOKU ba="0,0" sc="265,-10,336,-10,286,-10,113,30" hai3="3,4,133,134" /><INIT seed="3,1,0,2,1,63" ten="255,326,276,143" oya="3" hai0="134,80,33,49,1,40,82,23,102,54,22,111,32" hai1="90,7,120,11,62,43,103,125,113,18,12,131,27" hai2="48,96,106,31,108,13,79,71,50,51,73,89,105" hai3="86,58,45,119,8,97,107,15,70,124,122,66,6"/><W65/><G119/><T53/><D1/><U95/><E120/><V24/><F71/><W0/><G122/><T92/><D111/><U10/><E113/><V94/><F108/><W61/><G124/><T52/><D134/><U99/><E125/><V132/><F132/><W20/><G45/><N who="0" m="25767" /><D33/><U72/><E72/><V93/><F13/><W47/><G47/><T56/><D32/><U126/><E131/><V35/><REACH who="2" step="1"/><F93/><REACH who="2" ten="255,326,266,143" step="2"/><W112/><G112/><T130/><D130/><U104/><E126/><V117/><F117/><W98/><G107/><T109/><D109/><U115/><E115/><V16/><F16/><W76/><G0/><T88/><D56/><U59/><E104/><V129/><F129/><W39/><G39/><T44/><D44/><U60/><E59/><V74/><F74/><W128/><G128/><T3/><D3/><U127/><E127/><V2/><F2/><W17/><G6/><T34/><D34/><U14/><E7/><V78/><F78/><W25/><G8/><T4/><D4/><U77/><E10/><V64/><F64/><N who="3" m="24683" /><G15/><T69/><D69/><U37/><E14/><V118/><F118/><W123/><G70/><T135/><D135/><U19/><E37/><V67/><F67/><N who="3" m="39351" /><G123/><T21/><D21/><U38/><E38/><V121/><F121/><W101/><G101/><T9/><D102/><U75/><E103/><V68/><F68/><W26/><G26/><T41/><D9/><U81/><E43/><V114/><F114/><W91/><G76/><T110/><D110/><U28/><E12/><V116/><F116/><W85/><G91/><RYUUKYOKU ba="1,1" sc="255,-15,326,-15,266,15,143,15" hai2="24,31,35,48,50,51,73,79,89,94,96,105,106" hai3="17,20,25,85,86,97,98" /><INIT seed="3,2,1,2,5,78" ten="240,311,281,158" oya="3" hai0="102,10,71,38,8,64,22,105,74,61,3,50,34" hai1="82,90,127,106,98,12,75,18,110,100,83,121,108" hai2="122,19,60,2,55,85,36,80,7,109,89,23,47" hai3="114,66,77,43,118,95,35,84,79,31,96,15,4"/><W73/><G114/><T0/><D38/><U13/><E121/><V124/><F109/><N who="1" m="42089" /><E75/><V27/><F124/><W70/><G118/><T128/><D128/><U39/><E39/><V21/><F122/><W59/><G70/><T28/><D22/><N who="1" m="11591" /><E127/><V93/><F2/><W29/><G73/><T104/><D50/><U6/><E90/><V130/><F7/><W131/><G43/><T112/><D112/><U120/><E120/><V107/><F107/><W20/><G35/><T126/><D126/><U99/><E99/><V87/><F130/><W54/><G66/><T103/><D103/><U69/><E69/><V113/><F113/><W11/><G131/><T16/><D105/><U44/><E44/><V68/><F68/><W58/><G58/><T45/><D45/><U53/><E53/><V63/><F36/><W62/><G20/><T40/><D40/><U116/><E116/><V46/><F21/><W91/><G79/><T81/><D74/><U1/><E1/><V49/><REACH who="2" step="1"/><F46/><REACH who="2" ten="240,311,271,158" step="2"/><W30/><REACH who="3" step="1"/><G77/><AGARI ba="2,2" hai="19,23,27,47,49,55,60,63,77,80,85,87,89,93" machi="77" ten="30,8000,1" yaku="1,1,2,1,7,1,8,1,52,1,53,0" doraHai="78" doraHaiUra="132" who="2" fromWho="3" sc="240,0,311,0,271,106,158,-86" /><INIT seed="4,0,0,0,1,19" ten="240,311,377,72" oya="0" hai0="46,122,80,81,119,60,51,135,105,131,28,79,125" hai1="127,85,87,107,29,57,18,7,24,3,74,52,68" hai2="133,94,116,25,120,96,38,11,65,58,54,102,128" hai3="73,100,50,27,39,47,88,89,48,53,121,90,6"/><T4/><D122/><U112/><E68/><V72/><F120/><W113/><G121/><T22/><D119/><U44/><E74/><V40/><F116/><W56/><G73/><T63/><D135/><U77/><E107/><V12/><F72/><W104/><G113/><T114/><D114/><U61/><E127/><V76/><F76/><W95/><G39/><T126/><D105/><U91/><E77/><V82/><F133/><W37/><G37/><T62/><D131/><U33/><E3/><V26/><F128/><W42/><G6/><T93/><D4/><U30/><E7/><V45/><F82/><W84/><REACH who="3" step="1"/><G27/><REACH who="3" ten="240,311,377,62" step="2"/><N who="0" m="16503" /><D125/><U101/><E24/><V129/><F129/><W98/><AGARI ba="0,1" hai="42,47,48,50,53,56,84,88,89,90,95,98,100,104" machi="98" ten="30,4000,0" yaku="1,1,0,1,54,1,53,0" doraHai="19" doraHaiUra="132" who="3" fromWho="3" sc="240,-20,311,-10,377,-10,62,50" /><INIT seed="5,0,0,2,4,66" ten="220,301,367,112" oya="1" hai0="7,96,77,93,94,90,48,50,11,130,29,39,121" hai1="104,30,51,95,99,27,16,81,83,74,102,60,78" hai2="3,84,103,20,76,1,45,14,33,119,132,25,75" hai3="19,68,42,36,124,8,10,47,100,108,111,62,134"/><U43/><E83/><V67/><F75/><W80/><G134/><T89/><D39/><U9/><E43/><V6/><F119/><W88/><G124/><T65/><D130/><U110/><E110/><V28/><F132/><W120/><G120/><T15/><D121/><U133/><E133/><V69/><F103/><W55/><G100/><T127/><D127/><U129/><E129/><V40/><F69/><W2/><G10/><T61/><D29/><U32/><E51/><V97/><F67/><W46/><G2/><T106/><D106/><U117/><E117/><V31/><F97/><W107/><G107/><T112/><D77/><U5/><E60/><V37/><F31/><W58/><G47/><T41/><D41/><U131/><E131/><V24/><F24/><W63/><G63/><T13/><D13/><U56/><E56/><V92/><F33/><W54/><G54/><T52/><D112/><U82/><E82/><V125/><F125/><W59/><G59/><N who="0" m="35047" /><D65/><U12/><REACH who="1" step="1"/><E104/><REACH who="1" ten="220,291,367,112" step="2"/><V71/><F71/><W49/><G49/><T0/><D50/><U128/><E128/><V53/><F40/><W115/><G68/><T38/><D48/><U91/><E91/><V126/><F126/><W116/><G116/><T109/><D109/><U101/><E101/><V23/><F37/><W18/><G115/><T21/><D38/><U123/><E123/><V22/><F45/><W73/><G111/><T118/><D118/><U113/><E113/><V87/><F76/><N who="3" m="44047" /><G108/><T98/><D90/><U105/><E105/><V114/><F114/><W44/><G88/><T135/><D135/><RYUUKYOKU ba="0,1" sc="220,-10,291,30,367,-10,112,-10" hai1="5,9,12,16,27,30,32,74,78,81,95,99,102" /><INIT seed="5,1,1,0,5,21" ten="210,321,357,102" oya="1" hai0="68,30,114,28,109,108,59,4,47,3,18,112,85" hai1="115,121,0,99,9,127,86,19,1,16,102,58,131" hai2="81,92,34,17,63,135,15,98,10,35,83,7,84" hai3="38,56,130,14,12,29,69,46,133,42,124,60,44"/><U106/><E121/><V23/><F135/><W113/><G69/><T82/><D68/><U13/><E115/><N who="0" m="44073" /><D59/><U91/><E127/><V95/><F63/><W8/><G113/><T39/><D39/><U72/><E72/><V93/><F98/><W26/><G133/><T2/><D47/><U110/><E131/><V77/><REACH who="2" step="1"/><F81/><REACH who="2" ten="210,321,347,102" step="2"/><W70/><G130/><T43/><D82/><U37/><E110/><N who="0" m="42601" /><D85/><U89/><E86/><V49/><F49/><W40/><G124/><T51/><D51/><U117/><E37/><V118/><F118/><W57/><G70/><T11/><D43/><U31/><E117/><V94/><N who="2" m="23552" /><DORA hai="129" /><V54/><F54/><W55/><G57/><T87/><D87/><U90/><E58/><V104/><F104/><W71/><G71/><T45/><D45/><U32/><E99/><V52/><F52/><W5/><G46/><T65/><D65/><U119/><E119/><V123/><F123/><W107/><G42/><T132/><D132/><U126/><E106/><V62/><F62/><W33/><REACH who="3" step="1"/><G107/><REACH who="3" ten="210,321,347,92" step="2"/><T96/><D96/><U88/><E126/><V41/><F41/><W122/><G122/><T50/><D50/><U97/><E97/><V20/><F20/><W27/><G27/><AGARI ba="1,3" hai="7,10,15,17,23,27,34,35,77,83,84" m="23552" machi="27" ten="50,6400,0" yaku="1,1,52,1,53,1" doraHai="21,129" doraHaiUra="74,48" who="2" fromWho="3" sc="210,0,321,0,347,97,92,-67" /><INIT seed="6,0,0,2,0,58" ten="210,321,444,25" oya="2" hai0="43,33,25,36,15,104,44,68,67,3,1,63,133" hai1="6,98,127,45,116,54,89,18,57,82,77,7,65" hai2="66,76,129,40,102,80,32,97,119,34,19,73,120" hai3="134,23,121,90,2,79,21,114,69,39,87,22,74"/><V126/><F119/><W81/><G121/><T118/><D118/><U130/><E116/><V59/><F120/><W12/><G2/><T101/><D15/><U24/><E65/><V106/><F129/><W103/><G39/><T105/><D133/><U42/><E127/><V113/><F113/><W20/><G134/><T125/><D125/><U52/><E54/><V4/><F126/><W60/><G114/><T50/><D50/><U28/><E130/><V84/><F4/><W135/><G135/><T71/><D71/><U70/><E70/><V131/><F131/><W128/><G128/><T51/><D51/><U29/><E29/><V92/><F40/><W109/><G109/><T13/><D13/><U38/><E18/><V95/><F19/><W111/><G111/><T115/><D115/><U31/><E31/><V10/><F10/><W56/><G103/><T110/><D110/><U62/><E98/><V53/><F66/><W93/><G69/><T99/><D105/><U35/><REACH who="1" step="1"/><E89/><REACH who="1" ten="210,311,444,25" step="2"/><N who="2" m="53287" /><F95/><W107/><G107/><T48/><D48/><AGARI ba="0,1" hai="32,34,48,53,59,73,76,80,97,102,106" m="53287" machi="48" ten="30,1500,0" yaku="24,1" doraHai="58" who="2" fromWho="0" sc="210,-15,311,0,444,25,25,0" /><INIT seed="6,1,0,4,2,17" ten="195,311,469,25" oya="2" hai0="42,130,27,20,8,78,10,119,13,28,76,39,30" hai1="97,129,0,59,96,79,53,66,62,122,25,56,47" hai2="5,19,64,86,51,49,23,3,80,134,92,90,117" hai3="85,46,7,125,101,123,75,118,54,44,29,121,105"/><V52/><F117/><W32/><G118/><T102/><D130/><U74/><E0/><V26/><F134/><W34/><G75/><T89/><D119/><U69/><E69/><V18/><F64/><W99/><G125/><T38/><D102/><U81/><E129/><V115/><F115/><W37/><G7/><T93/><D30/><U120/><E47/><V36/><F36/><W55/><G85/><T65/><D65/><U48/><REACH who="1" step="1"/><E25/><REACH who="1" ten="195,301,469,25" step="2"/><N who="2" m="14583" /><F3/><W110/><G46/><T132/><D132/><U111/><E111/><V35/><F35/><W108/><G108/><T98/><D39/><U68/><E68/><V40/><F40/><W107/><G110/><T33/><D42/><U116/><E116/><V124/><F124/><W109/><G109/><T91/><D38/><U4/><E4/><V112/><F5/><W83/><G34/><T9/><D33/><U57/><E57/><V22/><F112/><W14/><G37/><T131/><D131/><U31/><E31/><V70/><F70/><W45/><G45/><T127/><D127/><U104/><E104/><V72/><F72/><W43/><G29/><T94/><REACH who="0" step="1"/><D13/><REACH who="0" ten="185,301,469,25" step="2"/><U41/><E41/><V95/><F49/><W73/><G14/><T87/><AGARI ba="1,2" hai="8,9,10,20,27,28,76,78,87,89,91,93,94,98" machi="87" ten="30,8000,1" yaku="1,1,2,1,0,1,8,1,52,1,53,0" doraHai="17" doraHaiUra="11" who="0" fromWho="0" sc="185,103,301,-21,469,-41,25,-21" /><INIT seed="7,0,0,0,2,43" ten="288,280,428,4" oya="3" hai0="98,28,53,93,49,10,100,50,35,15,108,79,24" hai1="68,26,134,12,54,97,83,41,67,74,4,69,133" hai2="40,3,38,62,60,111,34,91,14,116,66,84,63" hai3="73,101,39,70,56,57,103,25,75,27,71,88,77"/><W99/><G39/><T19/><D108/><U64/><E41/><V55/><F116/><W80/><G99/><T112/><D112/><U115/><E115/><V118/><F118/><W33/><G80/><T21/><D79/><N who="1" m="44535" /><E54/><V107/><F107/><W126/><G77/><T23/><D50/><U42/><E42/><V78/><F111/><W110/><G33/><T76/><D76/><U72/><E72/><V96/><F3/><W46/><G110/><T135/><D135/><N who="1" m="51723" /><E26/><V86/><F34/><W7/><G7/><T124/><D124/><U20/><E97/><V106/><F40/><W61/><G61/><T16/><D19/><N who="1" m="10343" /><E4/><V109/><F38/><W119/><G119/><T32/><D32/><U92/><E92/><N who="2" m="56351" /><F106/><W17/><G17/><T59/><AGARI ba="0,0" hai="10,15,16,21,23,24,28,35,49,53,59,93,98,100" machi="59" ten="20,2700,0" yaku="0,1,7,1,54,1" doraHai="43" who="0" fromWho="0" sc="288,27,280,-7,428,-7,4,-13" owari="315,12.0,273,-13.0,421,52.0,-9,-51.0" /></mjloggm>