<mjloggm ver="2.3"><GO type="97" lobby="0"/><UN n0="%64%68%69%6E%61%64%61%6E" n1="%E2%98%85%E9%9B%85%E2%98%85" n2="%E5%B0%B1%E6%B4%BB%E7%94%9F%40%E5%B7%9D%E6%9D%91%E8%BB%8D%E5%9B%A3" n3="%E5%B0%8F%E6%89%8B%E8%BF%94%E6%92%B2%E6%BB%85%E4%BC%9A%E9%95%B7" dan="14,15,15,14" rate="1915.42,1994.73,2011.98,1913.42" sx="M,M,M,M"/><TAIKYOKU oya="0"/><INIT seed="0,0,0,5,3,89" ten="250,250,250,250" oya="0" hai0="130,128,39,56,8,32,23,34,12,20,74,108,62" hai1="84,82,72,76,6,7,112,85,124,25,30,79,127" hai2="29,59,94,100,22,67,111,65,68,116,69,43,15" hai3="26,98,53,81,35,131,51,75,129,66,24,58,21"/><T134/><D74/><U16/><E112/><V40/><F116/><W113/><G113/><T86/><D39/><U87/><E76/><V115/><F115/><W48/><G35/><N who="0" m="13355" /><D86/><U83/><E83/><V47/><F111/><W90/><G75/><T50/><D50/><U126/><E30/><V63/><F67/><W132/><G132/><T9/><D134/><U109/><E109/><V93/><F68/><W103/><G66/><T42/><D42/><U49/><E49/><N who="2" m="26855" /><F69/><W27/><G51/><T17/><D108/><U120/><REACH who="1" step="1"/><E120/><REACH who="1" ten="250,240,250,250" step="2"/><V46/><F29/><W64/><G81/><T0/><D62/><U105/><E105/><V88/><F63/><W55/><G48/><T60/><D60/><U10/><E10/><V96/><F43/><W31/><G31/><T104/><D104/><U102/><E102/><V133/><F133/><W71/><G103/><T57/><D57/><U5/><E5/><V101/><F46/><W38/><G58/><T92/><D56/><U99/><E99/><N who="2" m="57767" /><F59/><W45/><G71/><T14/><D0/><U110/><E110/><V123/><F123/><W3/><G45/><T36/><D36/><U13/><E13/><V80/><F101/><W73/><G3/><T4/><D92/><U2/><E2/><V11/><F80/><W54/><G38/><T18/><D4/><U70/><E70/><V19/><F65/><W97/><G64/><T78/><D78/><U44/><E44/><V37/><F37/><W1/><G1/><T61/><D61/><U107/><E107/><V52/><F52/><W33/><G55/><T114/><D114/><RYUUKYOKU ba="0,1" sc="250,10,240,10,250,10,250,-30" hai0="8,9,12,14,17,18,20,23,128,130" hai1="6,7,16,25,72,79,82,84,85,87,124,126,127" hai2="11,15,19,22,94,96,100" /><INIT seed="0,1,1,1,2,123" ten="260,250,260,220" oya="0" hai0="120,77,10,119,75,87,127,34,85,111,94,65,14" hai1="46,67,97,129,86,105,18,29,102,15,66,108,52" hai2="91,31,70,112,110,27,35,62,125,135,2,117,92" hai3="48,12,76,8,13,6,4,57,3,45,99,36,5"/><T115/><D120/><U132/><E129/><V55/><F2/><W134/><G36/><T106/><D115/><U128/><E128/><V118/><F112/><W89/><G134/><T54/><D119/><N who="2" m="45578" /><F135/><W133/><G133/><T56/><D106/><U42/><E132/><V121/><F121/><W38/><G38/><T104/><D104/><U81/><E29/><V122/><F122/><W71/><G71/><T32/><D65/><U84/><E42/><V78/><F78/><W131/><G76/><T101/><D75/><U44/><E86/><N who="2" m="52343" /><F125/><W17/><G3/><T95/><D127/><U68/><E68/><V114/><F114/><W103/><G57/><T60/><D34/><U116/><E44/><V93/><F93/><N who="3" m="56751" /><G103/><T64/><D32/><U126/><E126/><V74/><F74/><W41/><G131/><T69/><D101/><U51/><E116/><V88/><F88/><W37/><G37/><T24/><D77/><U1/><E1/><V11/><F11/><AGARI ba="1,1" hai="4,5,6,8,11,12,13,17,41,45,48" m="56751" machi="11" ten="30,1000,0" yaku="8,1" doraHai="123" who="3" fromWho="2" sc="260,0,250,0,260,-13,220,23" /><INIT seed="1,0,0,4,0,129" ten="260,250,247,243" oya="1" hai0="4,59,100,122,115,78,6,17,40,125,12,73,19" hai1="55,49,15,35,18,94,123,135,22,38,3,97,113" hai2="117,14,74,116,33,101,0,52,98,2,32,36,120" hai3="1,69,85,105,89,5,65,41,88,13,90,118,37"/><U82/><E123/><V54/><F74/><W34/><G105/><T68/><D115/><U127/><E113/><V128/><F36/><W16/><G34/><T112/><D68/><U50/><E38/><V53/><F128/><W42/><G37/><T58/><D112/><U57/><E35/><V99/><F120/><W131/><G118/><N who="2" m="45673" /><F101/><W111/><G5/><T48/><D122/><U114/><E3/><N who="2" m="1067" /><F14/><W76/><G1/><T26/><D100/><U44/><E114/><V39/><F39/><W133/><G65/><T119/><D119/><U72/><E127/><V60/><F60/><W29/><G29/><T63/><D12/><U93/><E72/><V121/><F121/><W70/><G69/><T51/><D73/><U66/><E66/><V30/><F30/><W83/><G70/><T80/><D63/><U86/><E97/><AGARI ba="0,0" hai="32,33,52,53,54,97,98,99" m="1067,45673" machi="97" ten="40,5200,0" yaku="28,2,54,1" doraHai="129" who="2" fromWho="1" sc="260,0,250,-52,247,52,243,0" /><INIT seed="2,0,0,1,0,82" ten="260,198,299,243" oya="2" hai0="7,93,88,69,95,63,84,42,115,105,53,14,30" hai1="9,80,81,59,3,22,130,97,31,90,83,75,102" hai2="0,76,70,21,100,37,43,65,79,60,10,72,117" hai3="74,52,6,48,19,11,92,16,108,101,62,91,89"/><V35/><F35/><W106/><G74/><T57/><D105/><U96/><E130/><V73/><F117/><W15/><G106/><T123/><D123/><U28/><E75/><V131/><F100/><W118/><G62/><T29/><D115/><U114/><E114/><V120/><F120/><W67/><G67/><T61/><D42/><U119/><E119/><V34/><F34/><W129/><G129/><T25/><D25/><U128/><E128/><V26/><F37/><W110/><G101/><T17/><D7/><U112/><E112/><V51/><F0/><W36/><G36/><T113/><D113/><U38/><E38/><V98/><F73/><W20/><G19/><T12/><D12/><U107/><E22/><V86/><F72/><W56/><G118/><T134/><D134/><U87/><E96/><V121/><F121/><W133/><G133/><T32/><D32/><U39/><E39/><V24/><F98/><W109/><G92/><T94/><D63/><U2/><E59/><V23/><F10/><W116/><G116/><T127/><D69/><U71/><E71/><V41/><F131/><W27/><AGARI ba="0,0" hai="6,11,15,16,20,27,48,52,56,89,91,108,109,110" machi="27" ten="30,7900,0" yaku="0,1,14,1,54,2" doraHai="82" who="3" fromWho="3" sc="260,-20,198,-20,299,-39,243,79" /><INIT seed="3,0,0,5,5,38" ten="240,178,260,322" oya="3" hai0="75,78,62,123,117,29,1,89,130,125,10,102,31" hai1="116,114,72,95,92,76,111,65,134,18,23,7,118" hai2="43,49,25,39,13,73,82,94,106,34,83,71,112" hai3="132,44,63,17,33,26,27,80,124,77,84,122,113"/><W42/><G113/><T131/><D123/><U20/><E7/><V133/><F106/><W74/><G124/><T104/><D117/><U21/><E114/><V81/><F71/><W58/><G132/><T41/><D125/><U108/><E65/><V109/><F73/><W85/><G33/><T57/><D78/><U19/><E76/><V32/><F39/><W52/><G122/><T36/><D75/><U2/><E2/><V93/><F112/><W35/><G35/><T22/><D89/><U101/><E72/><V90/><F133/><W59/><G59/><T99/><D22/><U86/><E86/><V61/><F109/><N who="1" m="42057" /><E101/><V56/><F13/><W45/><G45/><N who="0" m="23719" /><D10/><U107/><E107/><V103/><F103/><W100/><G100/><T129/><D1/><U67/><E67/><AGARI ba="0,0" hai="29,31,57,62,67,99,102,104,129,130,131" m="23719" machi="67" ten="30,2000,0" yaku="19,1,52,1" doraHai="38" who="0" fromWho="1" sc="240,20,178,-20,260,0,322,0" owari="260,6.0,158,-34.0,260,-14.0,322,42.0" /></mjloggm>