<mjloggm ver="2.3"><GO type="41" lobby="0"/><UN n0="%E5%B0%B1%E6%B4%BB%E7%94%9F%40%E5%B7%9D%E6%9D%91%E8%BB%8D%E5%9B%A3" n1="%44%2E%4C%75%6B%65" n2="%E9%96%8B%E9%81%8B%E5%BE%A1%E5%AE%88" n3="%6B%75%69%74%61%6E%31%30" dan="16,14,15,13" rate="2143.55,1918.88,2091.90,1836.27" sx="M,M,M,M"/><TAIKYOKU oya="0"/><INIT seed="0,0,0,3,3,123" ten="250,250,250,250" oya="0" hai0="65,16,63,71,107,68,44,3,27,36,23,69,116" hai1="61,67,21,59,9,135,132,70,80,57,110,48,89" hai2="64,129,85,127,42,39,100,25,84,62,38,60,125" hai3="17,111,8,2,99,7,41,114,92,66,113,96,126"/><T18/><D116/><U30/><E9/><V83/><F100/><W112/><G41/><T93/><D107/><U58/><E89/><V134/><F25/><W26/><G66/><T47/><D3/><U124/><E80/><V122/><F122/><W31/><G99/><T86/><D18/><U45/><E21/><V118/><F118/><W20/><G96/><T56/><REACH who="0" step="1"/><D36/><REACH who="0" ten="240,250,250,250" step="2"/><U95/><E30/><V97/><F39/><W19/><G17/><T74/><D74/><U73/><E73/><V105/><F38/><W104/><G104/><T5/><D5/><U117/><E117/><V54/><F105/><W12/><G92/><T108/><D108/><U22/><E95/><V133/><F127/><W101/><G111/><T82/><D82/><U15/><E110/><V32/><F83/><W4/><G4/><T121/><D121/><U24/><E124/><V77/><F125/><W76/><G126/><T88/><AGARI ba="0,1" hai="16,23,27,44,47,56,63,65,68,69,71,86,88,93" machi="88" ten="40,12000,1" yaku="1,1,0,1,54,2,53,0" doraHai="123" doraHaiUra="46" who="0" fromWho="0" sc="240,130,250,-40,250,-40,250,-40" /><INIT seed="0,1,0,4,3,55" ten="370,210,210,210" oya="0" hai0="80,135,51,87,109,126,131,41,35,91,81,121,65" hai1="72,5,56,74,3,40,23,110,38,97,93,73,106" hai2="82,57,127,86,119,54,123,117,130,104,12,118,1" hai3="108,33,29,64,19,76,15,70,116,61,94,129,2"/><T133/><D35/><U31/><E106/><V79/><F123/><W59/><G116/><T132/><D121/><U67/><E3/><V45/><F104/><W78/><G108/><T92/><D109/><U105/><E105/><V42/><F1/><W111/><G111/><T101/><D131/><U58/><E5/><V25/><F25/><W125/><G2/><T18/><D126/><U128/><E110/><V52/><F130/><W124/><G129/><T85/><D65/><U107/><E107/><V17/><F127/><N who="3" m="48715" /><G29/><T49/><D18/><U50/><E38/><V7/><F7/><W4/><G33/><T66/><D66/><U13/><E128/><V84/><F86/><W114/><G4/><T0/><D0/><U75/><N who="1" m="18944" /><DORA hai="89" /><U103/><E13/><V36/><REACH who="2" step="1"/><F57/><REACH who="2" ten="370,210,200,210" step="2"/><W53/><G114/><T11/><D87/><U24/><REACH who="1" step="1"/><E67/><REACH who="1" ten="370,200,200,210" step="2"/><V8/><AGARI ba="1,2" hai="8,12,17,36,42,45,52,54,79,82,84,117,118,119" machi="8" ten="30,12000,2" yaku="1,1,2,1,0,1,12,1,54,1,53,1" doraHai="55,89" doraHaiUra="68,134" who="2" fromWho="2" sc="370,-61,200,-31,200,143,210,-31" /><INIT seed="1,0,0,4,0,103" ten="309,169,343,179" oya="1" hai0="58,72,82,122,57,61,87,130,111,91,69,77,48" hai1="10,125,85,127,92,60,64,26,7,115,131,97,44" hai2="78,25,34,13,81,95,20,59,36,30,2,132,99" hai3="47,76,28,42,107,38,123,27,29,33,135,75,93"/><U45/><E115/><V89/><F132/><W124/><G93/><T8/><D122/><U17/><E131/><V119/><F36/><W126/><G123/><T73/><D130/><U6/><E85/><V19/><F2/><W9/><G29/><T65/><D111/><U90/><E127/><V14/><F59/><W55/><G55/><T16/><D48/><U18/><E125/><N who="3" m="48234" /><G135/><T24/><D72/><U21/><E18/><V98/><F98/><W105/><G9/><T102/><D102/><U1/><REACH who="1" step="1"/><E7/><REACH who="1" ten="309,159,343,179" step="2"/><V11/><F119/><W120/><G120/><T129/><D129/><U4/><E4/><V0/><F19/><W52/><G52/><T114/><D114/><U23/><E23/><V101/><F20/><W50/><G50/><T35/><D35/><U46/><E46/><V15/><F34/><W3/><G3/><T51/><D8/><U84/><E84/><V80/><F11/><W109/><G109/><T88/><D73/><U100/><E100/><V83/><F0/><W68/><G68/><AGARI ba="0,1" hai="1,6,10,17,21,26,44,45,60,64,68,90,92,97" machi="68" ten="30,2900,0" yaku="1,1,7,1,53,0" doraHai="103" doraHaiUra="116" who="1" fromWho="3" sc="309,0,159,39,343,0,179,-29" /><INIT seed="1,1,0,0,3,42" ten="309,198,343,150" oya="1" hai0="89,65,52,10,22,29,69,74,95,23,80,84,104" hai1="25,82,17,0,98,113,59,79,70,41,101,115,46" hai2="20,77,44,35,107,37,3,78,129,12,110,73,116" hai3="33,135,16,125,121,45,48,64,91,96,123,66,57"/><U132/><E70/><V103/><F77/><W111/><G33/><T109/><D104/><U105/><E132/><V75/><F20/><W97/><G135/><T114/><D114/><U130/><E0/><V2/><F12/><W108/><G125/><T118/><D118/><U112/><E59/><V102/><F78/><W47/><G91/><T83/><D109/><U93/><E130/><V18/><F18/><W9/><G48/><T124/><D124/><U128/><E128/><V131/><F110/><W88/><G88/><T127/><D127/><U92/><E17/><V72/><F72/><W61/><G57/><T56/><D65/><U8/><E8/><V31/><F31/><W36/><G36/><T67/><D67/><U7/><E25/><V122/><F37/><W11/><G16/><T94/><D69/><U55/><E55/><V30/><F30/><W49/><G49/><T71/><D71/><U62/><E62/><AGARI ba="1,0" hai="9,11,45,47,61,62,64,66,96,97,108,111,121,123" machi="62" ten="25,6400,0" yaku="22,2,52,2" doraHai="42" who="3" fromWho="1" sc="309,0,198,-67,343,0,150,67" /><INIT seed="2,0,0,4,3,102" ten="309,131,343,217" oya="2" hai0="88,55,39,110,134,83,100,51,133,115,131,97,135" hai1="77,116,99,5,2,125,120,71,30,98,1,64,32" hai2="72,106,7,114,66,68,8,119,109,42,76,126,94" hai3="67,127,112,20,79,37,10,38,113,129,70,48,24"/><V17/><F119/><W3/><G79/><T31/><D39/><U87/><E116/><V65/><F114/><N who="3" m="44139" /><G10/><T82/><D115/><U89/><E120/><V29/><F29/><N who="3" m="17543" /><G3/><T21/><D131/><U27/><E77/><V62/><F17/><W91/><G129/><T108/><D21/><U86/><E86/><V47/><F126/><W123/><G123/><T41/><D31/><U11/><E125/><V69/><F94/><W9/><G9/><T26/><D41/><U103/><E98/><V61/><F109/><N who="0" m="42090" /><D26/><U45/><E45/><V101/><F76/><W130/><G130/><T46/><D88/><U44/><E44/><V19/><F19/><W105/><G105/><AGARI ba="0,0" hai="46,51,55,82,83,97,100,105,133,134,135" m="42090" machi="105" ten="40,5200,0" yaku="20,1,14,1,52,1" doraHai="102" who="0" fromWho="3" sc="309,52,131,0,343,0,217,-52" /><INIT seed="3,0,0,0,0,103" ten="361,131,343,165" oya="3" hai0="19,74,108,95,46,71,76,70,112,1,52,127,53" hai1="96,83,122,93,38,22,110,88,14,75,39,3,114" hai2="48,98,69,131,124,115,65,7,107,44,30,10,104" hai3="32,135,6,97,58,42,100,80,134,33,29,106,21"/><W35/><G42/><T79/><D1/><U111/><E3/><V26/><F115/><W25/><G80/><T68/><D74/><U37/><E122/><V11/><F131/><W77/><G77/><N who="0" m="29771" /><D112/><U62/><E75/><V113/><F113/><W50/><REACH who="3" step="1"/><G6/><REACH who="3" ten="361,131,343,155" step="2"/><T43/><D43/><U128/><E83/><V92/><F7/><W28/><G28/><T57/><D127/><U105/><E114/><V101/><F124/><W36/><G36/><T63/><D108/><U41/><E128/><V116/><F116/><W61/><G61/><T56/><D71/><U47/><E62/><V84/><F69/><W5/><G5/><T59/><D70/><U133/><E133/><V16/><F30/><W64/><G64/><T125/><D68/><U18/><E111/><V67/><F65/><W9/><G9/><T66/><D125/><U99/><E110/><V126/><F67/><W121/><G121/><T60/><D66/><U118/><E118/><V81/><F126/><W119/><G119/><T85/><D46/><U120/><E120/><V0/><F11/><W2/><G2/><T87/><D60/><U73/><E73/><V51/><F10/><W17/><G17/><T91/><D63/><U55/><E55/><AGARI ba="0,1" hai="21,25,29,32,33,35,50,55,58,97,100,106,134,135" machi="55" ten="50,4800,0" yaku="1,1,52,1,53,0" doraHai="103" doraHaiUra="123" who="3" fromWho="1" sc="361,0,131,-48,343,0,155,58" /><INIT seed="3,1,0,1,2,91" ten="361,83,343,213" oya="3" hai0="47,15,59,4,109,58,73,128,83,20,42,27,111" hai1="96,103,24,100,106,5,13,125,112,129,8,108,28" hai2="61,19,22,120,62,48,35,84,40,25,134,107,123" hai3="74,67,60,98,102,124,32,92,79,88,94,33,126"/><W52/><G74/><T116/><D116/><U1/><E108/><N who="0" m="41545" /><D128/><U121/><E121/><V105/><F134/><W51/><G79/><N who="0" m="44527" /><D15/><U41/><E129/><V68/><F68/><W118/><G118/><T10/><D10/><U65/><E112/><V29/><F84/><W135/><G135/><T114/><D4/><U14/><E41/><V82/><F82/><W6/><G6/><T44/><D114/><U77/><E77/><V66/><F66/><W133/><G133/><T23/><D23/><U38/><E38/><V97/><F97/><W113/><G113/><T86/><D86/><U122/><E103/><V34/><F34/><W63/><G32/><T119/><D119/><U72/><E72/><V39/><F123/><W30/><G30/><N who="0" m="17767" /><D44/><U69/><E122/><V93/><F29/><W99/><G33/><T55/><D55/><U3/><E3/><V75/><F35/><W54/><G54/><T50/><AGARI ba="1,0" hai="42,47,50,58,59" m="17767,44527,41545" machi="50" ten="30,1100,0" yaku="14,1" doraHai="91" who="0" fromWho="0" sc="361,14,83,-4,343,-4,213,-6" /><INIT seed="4,0,0,0,0,54" ten="375,79,339,207" oya="0" hai0="7,14,0,37,25,76,16,55,108,79,57,106,21" hai1="85,51,46,131,1,9,117,84,22,116,10,130,12" hai2="68,103,107,71,3,133,74,28,18,6,97,92,104" hai3="67,72,30,134,15,61,40,115,48,95,86,91,33"/><T66/><D106/><U8/><E1/><V118/><F74/><W53/><G72/><T129/><D129/><N who="1" m="49163" /><E51/><V111/><F111/><W83/><G115/><T27/><D108/><U100/><E46/><V132/><F28/><W77/><G134/><N who="2" m="51817" /><F118/><N who="1" m="45673" /><E100/><V11/><F18/><AGARI ba="0,0" hai="8,9,10,12,18,22,84,85" m="45673,49163" machi="18" ten="40,1300,0" yaku="19,1" doraHai="54" who="1" fromWho="2" sc="375,0,79,13,339,-13,207,0" /><INIT seed="5,0,0,4,5,29" ten="375,92,326,207" oya="1" hai0="32,74,30,76,59,87,128,15,70,49,41,57,14" hai1="91,95,37,115,134,133,103,44,65,19,83,58,125" hai2="5,109,60,16,24,85,99,36,47,7,17,11,67" hai3="53,77,3,79,28,98,38,13,111,78,73,0,104"/><U107/><E107/><V66/><F109/><W35/><G38/><T27/><D74/><U90/><E125/><V101/><F85/><W131/><G111/><T113/><D70/><U124/><E124/><V68/><F67/><W23/><G73/><T105/><D105/><U12/><E115/><V54/><F17/><W82/><G131/><T62/><D128/><U71/><E71/><V80/><F80/><W22/><G82/><T4/><D4/><U10/><E65/><V64/><F64/><W46/><G13/><T135/><D113/><U51/><E58/><V127/><F127/><W6/><G6/><T123/><D135/><N who="1" m="51723" /><E37/><V43/><F54/><W52/><G46/><T94/><D123/><U26/><E26/><V116/><F116/><W40/><G79/><T20/><D32/><U75/><E103/><V118/><F118/><W9/><G104/><T72/><D72/><U117/><E117/><V81/><F81/><W93/><G93/><T33/><D33/><U92/><E92/><V1/><F1/><W126/><G35/><T84/><D59/><U31/><E31/><V69/><F69/><W89/><G28/><T97/><D62/><U106/><E106/><N who="2" m="63807" /><F24/><W48/><G126/><T61/><D61/><U39/><E39/><V50/><F36/><W45/><G0/><T114/><D114/><U112/><E112/><V63/><F63/><W110/><G3/><T130/><D130/><U120/><E120/><V121/><F121/><W88/><G110/><T56/><D30/><U108/><E108/><V21/><F68/><W122/><G122/><T34/><D27/><RYUUKYOKU ba="0,0" sc="375,0,92,0,326,0,207,0" /><INIT seed="6,1,0,0,0,6" ten="375,92,326,207" oya="2" hai0="38,79,68,22,36,114,126,47,90,10,8,86,7" hai1="99,115,105,83,66,124,37,11,122,97,27,31,132" hai2="30,84,89,129,96,51,76,23,14,24,42,128,102" hai3="127,25,72,48,85,33,44,98,2,49,34,12,131"/><V117/><F117/><W73/><G2/><T82/><D68/><U80/><E37/><V41/><F76/><W15/><G131/><N who="2" m="50249" /><F51/><W81/><G98/><T52/><D126/><U113/><E124/><V29/><F29/><W108/><G127/><T120/><D114/><U50/><E50/><V69/><F69/><W60/><G44/><T65/><D120/><U63/><E122/><V3/><F3/><W94/><G108/><T101/><D7/><U71/><E132/><V70/><F70/><W54/><G60/><T135/><D135/><U4/><E99/><V18/><F89/><W92/><G85/><N who="0" m="48351" /><D38/><U93/><E115/><V45/><F45/><W123/><G123/><T130/><D101/><U91/><E105/><N who="2" m="63687" /><F84/><W110/><G110/><T26/><D36/><U5/><E113/><V106/><F106/><W39/><G39/><T100/><D65/><U78/><E78/><V95/><F95/><W56/><G54/><T17/><D100/><U134/><E134/><V9/><AGARI ba="1,0" hai="9,14,18,23,24,30,41,42" m="63687,50249" machi="9" ten="30,3000,0" yaku="19,1,52,1" doraHai="6" who="2" fromWho="2" sc="375,-11,92,-11,326,33,207,-11" /><INIT seed="6,2,0,2,4,97" ten="364,81,359,196" oya="2" hai0="49,80,108,75,26,59,21,22,105,43,81,85,98" hai1="128,17,24,0,10,52,122,129,7,72,5,56,68" hai2="120,50,77,119,47,96,135,4,99,113,79,57,44" hai3="64,65,107,110,28,19,35,125,60,109,40,37,74"/><V25/><F120/><W112/><G74/><T62/><D108/><U23/><E68/><V46/><F119/><W14/><G107/><T131/><D131/><U116/><E72/><V48/><F113/><W31/><G35/><T82/><D75/><U38/><E38/><V3/><F3/><W30/><G112/><T67/><D85/><U66/><E66/><V71/><F71/><W83/><G83/><T127/><D127/><U115/><E116/><V121/><F121/><W87/><G87/><T1/><D1/><U78/><E115/><V133/><F4/><W126/><G64/><T34/><D34/><U63/><E122/><V84/><F25/><W54/><G54/><T69/><D26/><U29/><E78/><N who="2" m="29707" /><F84/><W32/><G126/><T61/><D98/><N who="2" m="37418" /><F57/><W6/><G32/><T88/><D105/><U103/><E7/><V132/><AGARI ba="2,0" hai="44,46,47,48,50,132,133,135" m="37418,29707" machi="132" ten="40,7800,0" yaku="28,2,20,1" doraHai="97" who="2" fromWho="2" sc="364,-28,81,-28,359,84,196,-28" /><INIT seed="6,3,0,0,5,8" ten="336,53,443,168" oya="2" hai0="113,30,54,19,33,97,27,92,93,62,37,86,127" hai1="50,84,59,24,106,118,103,3,94,11,53,17,23" hai2="120,85,87,40,38,128,70,75,49,45,88,102,69" hai3="2,34,61,9,5,39,105,135,110,14,0,22,64"/><V67/><F120/><W52/><G110/><T98/><D37/><U129/><E106/><V29/><F75/><W109/><G109/><T77/><D113/><U131/><E118/><V72/><F72/><W74/><G74/><T112/><D127/><U121/><E121/><V35/><F102/><W31/><G105/><T1/><D1/><U123/><E123/><V81/><F128/><W36/><G135/><T57/><D112/><U96/><E129/><V104/><F104/><W101/><G101/><T130/><D130/><U21/><E131/><V46/><F67/><W132/><G52/><T66/><D19/><U82/><E3/><V20/><F35/><W44/><G44/><T63/><D92/><U48/><E23/><V90/><F20/><W18/><G0/><T134/><D134/><U42/><E11/><V108/><F29/><W28/><G31/><T83/><REACH who="0" step="1"/><D93/><REACH who="0" ten="326,53,443,168" step="2"/><U41/><REACH who="1" step="1"/><E50/><REACH who="1" ten="326,43,443,168" step="2"/><V13/><F108/><W56/><G132/><T89/><D89/><AGARI ba="3,2" hai="17,21,24,41,42,48,53,59,82,84,89,94,96,103" machi="89" ten="30,8000,1" yaku="1,1,2,1,7,1,8,1,53,1" doraHai="8" doraHaiUra="79" who="1" fromWho="0" sc="326,-89,43,109,443,0,168,0" /><INIT seed="7,0,0,4,5,124" ten="237,152,443,168" oya="3" hai0="59,109,48,102,27,90,19,120,17,40,46,23,11" hai1="114,62,51,121,39,128,63,28,18,52,119,131,44" hai2="115,89,132,103,111,41,97,101,71,65,2,95,54" hai3="125,56,10,86,96,98,80,8,88,100,5,25,15"/><W122/><G122/><T107/><D109/><U70/><E121/><V16/><F2/><W31/><G125/><T34/><D120/><U35/><E35/><V67/><F71/><W64/><G10/><T61/><D34/><U55/><E28/><V47/><F41/><W37/><G100/><T94/><D107/><U9/><E114/><V72/><F115/><W20/><REACH who="3" step="1"/><G37/><REACH who="3" ten="237,152,443,158" step="2"/><T106/><D102/><U50/><E39/><V133/><F103/><W42/><G42/><T26/><D106/><U93/><E119/><V32/><F101/><W78/><G78/><T68/><D11/><U24/><E70/><V126/><F126/><W116/><G116/><T3/><D68/><U129/><E93/><V1/><F95/><W123/><G123/><T4/><D3/><U57/><E9/><V38/><F1/><W117/><G117/><T13/><D4/><U127/><E127/><V105/><F38/><W108/><G108/><T135/><D135/><U83/><E83/><V53/><F105/><W6/><G6/><T22/><D90/><U85/><E85/><V104/><F89/><W58/><G58/><T12/><D94/><U66/><E66/><AGARI ba="0,1" hai="12,13,17,19,22,23,26,27,40,46,48,59,61,66" machi="66" ten="30,3900,0" yaku="7,1,9,1,8,1" doraHai="124" who="0" fromWho="1" sc="237,49,152,-39,443,0,158,0" owari="286,9.0,113,-39.0,443,54.0,158,-24.0" /></mjloggm>