<mjloggm ver="2.3"><GO type="43" lobby="0"/><UN n0="%E3%82%A6%E3%83%AB%E3%83%88%E3%83%A9%E7%AB%8B%E7%9B%B4" n1="%E3%81%84%E3%81%AA%E3%81%97%E3%82%93%E3%80%82" n2="%E7%9C%9F%E9%89%84" n3="%64%61%6E%6E%63%68%69" dan="17,16,15,14" rate="2113.68,2087.52,1970.41,1939.47" sx="M,F,M,M"/><TAIKYOKU oya="0"/><INIT seed="0,0,0,0,4,55" ten="250,250,250,250" oya="0" hai0="131,29,32,14,118,113,7,122,61,62,84,94,109" hai1="13,27,93,100,111,125,91,39,73,102,38,87,26" hai2="80,81,15,63,103,69,0,64,45,6,1,89,59" hai3="128,36,3,9,44,132,74,96,86,4,48,37,11"/><T57/><D122/><U56/><E73/><V108/><F103/><N who="1" m="39465" /><E39/><V115/><F115/><W41/><G74/><T134/><D113/><U121/><E38/><V116/><F108/><W120/><G120/><T65/><D118/><U110/><E121/><V112/><F112/><W133/><G128/><T126/><D131/><U19/><E125/><V83/><F1/><W66/><G96/><T124/><D109/><N who="1" m="41483" /><E56/><V21/><F69/><W8/><G37/><T95/><D134/><U114/><E114/><V85/><F0/><W60/><G36/><T12/><D126/><U98/><E87/><V49/><F116/><W119/><G86/><T117/><D124/><U104/><E104/><V10/><REACH who="2" step="1"/><F21/><AGARI ba="0,0" hai="13,19,21,26,27,91,93,98" m="41483,39465" machi="21" ten="30,1000,0" yaku="14,1" doraHai="55" who="1" fromWho="2" sc="250,0,250,10,250,-10,250,0" /><INIT seed="1,0,0,1,5,123" ten="250,260,240,250" oya="1" hai0="50,126,47,130,129,61,8,22,21,53,135,91,31" hai1="11,64,58,65,57,28,109,101,18,95,97,16,68" hai2="85,0,73,120,69,75,79,49,15,86,82,25,55" hai3="7,127,63,106,110,35,122,96,88,52,39,78,13"/><U67/><E68/><V1/><F69/><W6/><G35/><T29/><D126/><U32/><E32/><V76/><F120/><W60/><G39/><T87/><D135/><U100/><E28/><V84/><F25/><W128/><G122/><T81/><D129/><U102/><E109/><V103/><F15/><W56/><G127/><T59/><D130/><U104/><E104/><V111/><F103/><W99/><G78/><T118/><D118/><U12/><REACH who="1" step="1"/><E18/><REACH who="1" ten="250,250,240,250" step="2"/><V38/><F111/><W30/><G110/><T114/><D31/><U45/><E45/><V116/><F116/><W51/><G106/><T92/><D29/><U94/><E94/><V48/><F38/><W119/><G30/><T34/><D34/><U46/><E46/><V23/><F23/><W27/><G119/><T10/><D114/><U124/><E124/><V14/><F14/><W2/><G128/><T105/><D105/><U133/><E133/><V107/><F107/><W72/><G2/><T74/><D21/><U3/><E3/><V108/><F108/><W42/><G27/><T77/><REACH who="0" step="1"/><D22/><REACH who="0" ten="240,250,240,250" step="2"/><U89/><AGARI ba="0,2" hai="11,12,16,57,58,64,65,67,89,95,97,100,101,102" machi="89" ten="30,6000,0" yaku="1,1,0,1,8,1,53,0" doraHai="123" doraHaiUra="19" who="1" fromWho="1" sc="240,-20,250,80,240,-20,250,-20" /><INIT seed="1,1,0,5,2,31" ten="220,330,220,230" oya="1" hai0="2,122,88,10,74,26,1,62,115,129,134,114,61" hai1="19,94,98,119,46,104,55,25,43,14,96,40,123" hai2="33,79,17,102,95,21,16,120,80,82,51,126,116" hai3="68,65,112,103,128,4,100,125,69,93,71,12,109"/><U15/><E123/><V101/><F116/><W32/><G112/><T35/><D88/><U22/><E119/><V38/><F33/><W111/><G125/><T5/><D62/><U73/><E73/><V133/><F38/><W84/><G65/><T7/><D61/><U52/><E104/><V54/><F120/><W59/><G59/><T117/><D74/><U105/><E105/><V11/><F133/><W106/><G106/><T83/><D83/><U36/><E40/><V20/><F11/><N who="3" m="4199" /><G32/><T90/><D90/><U56/><E98/><N who="2" m="59615" /><F102/><W18/><G128/><T127/><D122/><U44/><E44/><N who="2" m="28007" /><F79/><W13/><G84/><T63/><D63/><U42/><E42/><V37/><F37/><W49/><G93/><T27/><D117/><U50/><REACH who="1" step="1"/><E52/><REACH who="1" ten="220,320,220,230" step="2"/><V30/><F126/><W66/><G66/><T34/><D127/><U99/><E99/><V6/><F6/><W107/><G107/><T77/><D129/><U0/><E0/><V110/><F110/><W89/><G109/><T87/><D87/><U9/><E9/><V132/><F132/><W118/><G111/><T130/><D130/><U121/><E121/><V108/><F108/><W92/><G118/><T75/><D134/><U39/><E39/><V24/><F30/><W29/><G29/><T58/><D75/><U81/><E81/><V41/><F41/><W64/><G64/><T47/><D1/><U60/><E60/><V53/><F53/><W48/><G48/><T135/><D2/><U45/><E45/><V23/><F21/><N who="3" m="11471" /><G49/><T3/><D3/><U124/><E124/><V76/><F76/><RYUUKYOKU ba="1,1" sc="220,-30,320,10,220,10,230,10" hai1="14,15,19,22,25,36,43,46,50,55,56,94,96" hai2="16,17,20,23,24,80,82" hai3="68,69,71,89,92,100,103" /><INIT seed="1,2,1,3,1,124" ten="190,330,230,240" oya="1" hai0="74,15,113,106,53,41,50,39,81,132,26,20,13" hai1="10,54,109,63,101,46,3,2,58,61,122,42,133" hai2="89,131,91,135,35,44,21,6,18,128,102,11,34" hai3="51,16,116,17,96,110,111,52,4,67,70,120,37"/><U19/><E122/><V77/><F102/><W119/><G37/><T123/><D113/><U125/><E125/><V8/><F77/><W71/><G4/><T100/><D123/><U31/><E133/><V23/><F135/><W29/><G29/><T103/><D132/><U117/><E117/><N who="3" m="45130" /><G120/><T105/><D39/><U86/><E31/><V68/><F44/><N who="3" m="27751" /><G96/><T30/><D41/><U87/><E63/><V107/><F107/><W82/><G82/><T45/><D105/><U60/><E60/><V40/><F40/><W90/><G90/><T7/><D106/><U108/><E101/><N who="0" m="38985" /><D74/><U32/><E32/><N who="2" m="12331" /><F68/><N who="3" m="26155" /><G67/><T28/><D28/><U56/><E56/><V25/><F89/><W115/><G115/><T83/><D7/><N who="1" m="1399" /><E3/><N who="2" m="95" /><F91/><W129/><G17/><T49/><D83/><U43/><E19/><N who="2" m="12479" /><F11/><W27/><G111/><N who="1" m="42570" /><E42/><V62/><F62/><W94/><G110/><T79/><D81/><U76/><E76/><V64/><F64/><W99/><G94/><T9/><D79/><U93/><E93/><V55/><F55/><W73/><G73/><T22/><D9/><U121/><E121/><V134/><F134/><W75/><G75/><T38/><D38/><AGARI ba="2,1" hai="38,43,46,54,58,61,86,87" m="42570,1399" machi="38" ten="30,2900,0" yaku="14,1,10,1" doraHai="124" who="1" fromWho="0" sc="190,-35,330,45,230,0,240,0" /><INIT seed="1,3,0,1,0,97" ten="155,375,230,240" oya="1" hai0="45,79,1,61,73,32,4,92,40,107,116,84,104" hai1="44,108,38,78,17,133,35,30,99,42,135,90,18" hai2="72,129,113,76,7,109,8,26,75,43,96,123,126" hai3="103,22,21,37,132,101,25,87,9,102,130,60,56"/><U82/><E108/><V94/><F109/><W34/><G37/><T105/><D32/><U117/><E117/><V24/><F123/><W131/><G132/><N who="1" m="50762" /><E30/><V67/><F67/><N who="3" m="39303" /><G87/><T28/><D28/><U106/><E35/><V86/><F126/><W98/><G9/><T66/><D116/><U52/><E52/><V114/><F129/><N who="3" m="49163" /><G34/><T127/><D127/><U83/><E83/><N who="2" m="47463" /><F43/><W58/><G58/><T53/><D53/><U111/><E111/><V55/><F55/><W134/><G134/><T95/><D84/><N who="1" m="48215" /><E90/><N who="2" m="55383" /><F24/><W15/><G15/><T36/><D61/><U88/><E88/><V27/><F26/><W3/><G3/><T51/><D66/><U19/><E19/><V115/><F27/><W13/><G13/><AGARI ba="3,0" hai="7,8,13,72,75,113,114,115" m="55383,47463" machi="13" ten="30,1000,0" yaku="11,1" doraHai="97" who="2" fromWho="3" sc="155,0,375,0,230,19,240,-19" /><INIT seed="2,0,0,3,2,77" ten="155,375,249,221" oya="2" hai0="56,30,63,106,40,96,34,4,98,66,108,62,68" hai1="130,126,100,90,16,71,88,94,112,58,53,5,12" hai2="122,125,57,32,28,48,79,128,78,80,114,37,43" hai3="95,99,11,82,15,9,74,25,115,69,31,61,65"/><V2/><F122/><W131/><G131/><T76/><D108/><U105/><E71/><V47/><F114/><W35/><G115/><T22/><D34/><U27/><E112/><V101/><F125/><W0/><G0/><T83/><D106/><U36/><E36/><V20/><F32/><W111/><G111/><T133/><D133/><U44/><E126/><V97/><F2/><W60/><G60/><T135/><D135/><U120/><E130/><V132/><F132/><W81/><G74/><T64/><D40/><U72/><E72/><V124/><F124/><W7/><REACH who="3" step="1"/><G11/><REACH who="3" ten="155,375,249,211" step="2"/><T123/><D123/><U21/><E120/><V75/><F128/><W23/><G23/><T84/><REACH who="0" step="1"/><D4/><REACH who="0" ten="145,375,249,211" step="2"/><U18/><E5/><V55/><F75/><W118/><G118/><T10/><D10/><U67/><E105/><V113/><F20/><W29/><G29/><T26/><AGARI ba="0,2" hai="22,26,30,56,62,63,64,66,68,76,83,84,96,98" machi="26" ten="30,4000,0" yaku="1,1,0,1,52,1,53,0" doraHai="77" doraHaiUra="51" who="0" fromWho="0" sc="145,60,375,-10,249,-20,211,-10" /><INIT seed="3,0,0,4,5,81" ten="205,365,229,201" oya="3" hai0="117,29,95,1,61,17,62,50,16,48,69,9,113" hai1="96,22,6,127,15,39,123,83,91,120,53,27,32" hai2="73,63,65,64,90,85,76,28,122,75,93,119,107" hai3="80,2,79,124,24,25,56,18,45,74,84,4,52"/><W106/><G106/><T46/><D117/><U47/><E32/><V94/><F28/><W130/><G130/><T5/><D113/><U129/><E129/><V20/><F119/><W55/><G124/><T102/><D29/><U87/><E127/><V108/><F64/><W115/><G115/><T112/><D112/><U3/><E3/><V89/><F20/><W59/><G74/><N who="2" m="28169" /><F63/><N who="0" m="24074" /><D1/><U66/><E66/><V72/><F65/><W103/><G103/><T98/><D69/><U78/><E6/><V114/><F114/><W128/><G128/><T77/><D77/><U109/><E15/><V26/><F26/><N who="3" m="10347" /><G2/><T125/><D125/><U86/><E96/><N who="2" m="57391" /><F108/><W13/><G4/><T19/><D5/><U33/><E33/><V71/><F71/><W134/><G134/><T97/><D9/><U44/><E109/><V38/><F38/><W54/><G45/><T100/><D46/><U101/><E39/><V36/><F36/><W126/><G126/><T105/><D19/><N who="1" m="12767" /><E44/><V111/><F111/><W58/><G58/><T70/><D17/><U133/><E133/><V131/><F131/><W132/><G132/><T68/><D16/><U82/><E47/><V118/><F118/><W135/><G135/><T49/><D70/><U42/><E42/><V43/><F43/><W30/><G30/><T67/><D68/><U21/><E53/><N who="3" m="13570" /><W35/><DORA hai="11" /><G35/><T7/><D7/><U14/><E14/><V8/><F8/><AGARI ba="0,0" hai="8,13,18,56,59,79,80,84" m="13570,10347" machi="8" ten="30,5800,0" yaku="8,1,52,2" doraHai="81,11" who="3" fromWho="2" sc="205,0,365,0,229,-58,201,58" /><INIT seed="3,1,0,4,4,111" ten="205,365,171,259" oya="3" hai0="96,52,48,33,67,113,93,114,106,45,4,99,49" hai1="9,15,50,37,41,51,2,44,129,104,83,74,118" hai2="70,68,59,47,122,102,80,100,91,14,0,89,30" hai3="124,26,32,112,79,71,76,120,42,5,88,69,117"/><W22/><G112/><N who="0" m="43115" /><D33/><U119/><E104/><V123/><F30/><W34/><G34/><T110/><D110/><U81/><E129/><V105/><F0/><W18/><G32/><T25/><D67/><U61/><E61/><V40/><F14/><W86/><G117/><N who="1" m="44554" /><E2/><V103/><F59/><W101/><G120/><N who="2" m="46121" /><F105/><W133/><G133/><T97/><D106/><U12/><E12/><V29/><F29/><W19/><G124/><T8/><D25/><U7/><E74/><V13/><F13/><W39/><G69/><N who="2" m="26729" /><F80/><AGARI ba="1,0" hai="7,9,15,37,41,44,50,51,80,81,83" m="44554" machi="80" ten="30,1000,0" yaku="12,1" doraHai="111" who="1" fromWho="2" sc="205,0,365,13,171,-13,259,0" /><INIT seed="4,0,0,4,2,119" ten="205,378,158,259" oya="0" hai0="53,89,117,115,114,132,109,70,13,123,84,69,22" hai1="107,67,5,44,1,82,19,79,26,125,113,12,131" hai2="72,101,33,73,62,56,14,85,102,4,16,94,3" hai3="55,11,25,64,134,75,38,58,105,30,95,90,20"/><T45/><D117/><U108/><E107/><V10/><F33/><W39/><G105/><T54/><D109/><U48/><E108/><V130/><F130/><W36/><G75/><T29/><D132/><U112/><E67/><V103/><F85/><W96/><G134/><T60/><D45/><U111/><E111/><V97/><F72/><W80/><G64/><T118/><D118/><U78/><E26/><V43/><F43/><W106/><G106/><T126/><D123/><U9/><E131/><V66/><REACH who="2" step="1"/><F73/><REACH who="2" ten="205,378,148,259" step="2"/><W18/><G80/><T86/><D84/><U32/><E32/><V110/><F110/><W61/><G39/><T41/><D41/><N who="1" m="24591" /><E82/><V57/><F57/><W71/><G71/><T49/><D70/><U7/><E125/><V77/><F77/><W28/><G38/><T34/><D126/><U87/><E87/><V8/><AGARI ba="0,1" hai="3,4,8,10,14,16,56,62,66,94,97,101,102,103" machi="8" ten="20,2700,0" yaku="1,1,0,1,7,1,53,0" doraHai="119" doraHaiUra="42" who="2" fromWho="2" sc="205,-13,378,-7,148,37,259,-7" /><INIT seed="5,0,0,1,1,62" ten="192,371,185,252" oya="1" hai0="29,69,125,112,135,15,83,86,133,96,123,6,95" hai1="22,71,55,45,47,94,80,100,34,126,35,63,19" hai2="21,61,88,3,43,79,40,103,8,33,113,99,17" hai3="59,130,104,121,92,131,98,50,23,128,105,118,115"/><U7/><E7/><V110/><F110/><W49/><G121/><T84/><D123/><U107/><E107/><V81/><F33/><W114/><G23/><T10/><D125/><U119/><E119/><V0/><F3/><W73/><G73/><T37/><D112/><N who="3" m="43049" /><G118/><T2/><D37/><U12/><E126/><V56/><F88/><N who="3" m="55559" /><G59/><T52/><D29/><U101/><E80/><V39/><F39/><W102/><G102/><T30/><D30/><U31/><E35/><V14/><F21/><W64/><G64/><T26/><D26/><U122/><E122/><V74/><F0/><W41/><G41/><T109/><D69/><U4/><E4/><V44/><F44/><W20/><G20/><T65/><D65/><U42/><E34/><V25/><F25/><W46/><G46/><T111/><D2/><U129/><E31/><V127/><F127/><W68/><G68/><T11/><D52/><U32/><E32/><V91/><F113/><W93/><G93/><T18/><D95/><U27/><E27/><V36/><F36/><W66/><G66/><T116/><D116/><U5/><E71/><V85/><F56/><W54/><G54/><T75/><D75/><U124/><E124/><V106/><F61/><W87/><G87/><N who="0" m="33323" /><D96/><U48/><E55/><V82/><AGARI ba="0,0" hai="8,14,17,40,43,74,79,81,82,85,91,99,103,106" machi="82" ten="20,1500,0" yaku="0,1,7,1" doraHai="62" who="2" fromWho="2" sc="192,-4,371,-7,185,15,252,-4" /><INIT seed="6,0,0,3,1,123" ten="188,364,200,248" oya="2" hai0="69,38,46,59,57,51,109,54,1,29,68,132,12" hai1="127,56,115,14,89,60,37,134,122,118,75,30,101" hai2="90,22,87,61,100,15,117,63,32,78,45,74,81" hai3="19,82,17,52,113,71,47,64,129,27,86,106,133"/><V36/><F117/><W135/><G106/><T114/><D1/><U94/><E75/><V119/><F32/><W107/><G107/><T13/><D29/><U126/><E37/><V98/><F119/><W25/><G71/><N who="0" m="27211" /><D12/><U111/><E101/><V83/><F36/><W40/><G19/><T103/><D103/><U125/><E118/><V31/><F45/><W96/><G17/><T131/><D13/><U23/><E134/><V110/><F110/><W26/><G96/><T105/><D105/><U48/><E111/><V77/><F100/><W121/><G121/><T18/><D18/><N who="1" m="10711" /><E48/><V3/><F3/><W72/><G72/><T88/><D88/><U35/><E115/><V55/><F15/><W93/><G113/><T39/><D114/><U41/><E41/><V95/><REACH who="2" step="1"/><F55/><REACH who="2" ten="188,364,190,248" step="2"/><W67/><G52/><N who="0" m="29815" /><D109/><U128/><E122/><V49/><F49/><N who="3" m="26855" /><G135/><T92/><D132/><U9/><E35/><V124/><F124/><W99/><G133/><T116/><D116/><U120/><E120/><V16/><F16/><W130/><G130/><T28/><D131/><U21/><E125/><V20/><F20/><W97/><G129/><T53/><D28/><U11/><E21/><V42/><F42/><W108/><G108/><T102/><D102/><U43/><E128/><V66/><F66/><W10/><G26/><AGARI ba="0,1" hai="22,26,31,61,63,74,77,78,81,83,87,90,95,98" machi="26" ten="40,2000,0" yaku="1,1,53,0" doraHai="123" doraHaiUra="8" who="2" fromWho="3" sc="188,0,364,0,190,30,248,-20" /><INIT seed="6,1,0,2,5,31" ten="188,364,220,228" oya="2" hai0="22,57,135,54,27,69,5,43,124,3,89,125,113" hai1="61,132,97,59,6,56,26,46,4,47,131,36,86" hai2="106,38,65,25,96,95,0,9,55,12,2,15,129" hai3="18,52,123,10,103,81,119,121,21,14,127,75,66"/><V1/><F38/><W133/><G119/><T82/><D69/><U13/><E36/><V79/><F106/><W114/><G127/><N who="0" m="48715" /><D43/><U90/><E97/><V112/><F65/><W74/><G133/><T98/><D135/><U128/><E26/><V64/><F129/><N who="1" m="49737" /><E132/><V41/><F64/><W33/><G33/><T87/><D98/><U80/><E59/><V60/><F41/><W73/><G66/><T94/><D113/><U53/><E13/><V44/><F79/><W19/><G103/><T39/><D39/><U29/><E29/><V111/><F112/><W83/><G114/><T120/><D120/><U72/><E72/><V50/><F60/><W7/><G121/><T126/><N who="0" m="48723" /><T130/><DORA hai="68" /><D130/><U100/><E100/><V101/><F111/><W51/><G123/><T67/><D67/><U109/><E109/><V76/><F76/><W92/><G74/><T104/><D104/><U42/><E46/><V24/><REACH who="2" step="1"/><F12/><REACH who="2" ten="188,364,210,228" step="2"/><N who="3" m="9447" /><G75/><T8/><D54/><U108/><E108/><V71/><F71/><W48/><G73/><T116/><D116/><U122/><E122/><V105/><F105/><W70/><G70/><T40/><D40/><U16/><E42/><V63/><F63/><W102/><G52/><T34/><D57/><U107/><E107/><V85/><F85/><W84/><G84/><T28/><D82/><U93/><E80/><V115/><F115/><W77/><G83/><T99/><D87/><U30/><E86/><V35/><F35/><AGARI ba="1,1" hai="3,5,8,22,27,28,34,35,89,94,99" m="48723" machi="35" ten="40,5200,0" yaku="18,1,52,2" doraHai="31,68" who="0" fromWho="2" sc="188,65,364,0,210,-55,228,0" /><INIT seed="7,0,0,5,1,122" ten="253,364,155,228" oya="3" hai0="125,92,128,45,4,114,38,63,54,113,135,73,101" hai1="25,32,100,74,44,84,96,97,89,36,104,46,124" hai2="120,2,109,83,23,76,41,28,133,12,130,134,0" hai3="126,121,47,62,79,64,34,57,22,75,123,110,26"/><W50/><G34/><T77/><D4/><U53/><E74/><V94/><F41/><W43/><G126/><T70/><D92/><U31/><E97/><V65/><F65/><W60/><G75/><T10/><D101/><U80/><E124/><V107/><F107/><W87/><G79/><T7/><D54/><U99/><E99/><V17/><F94/><W11/><G87/><T72/><D128/><U119/><E119/><V105/><F105/><W59/><G11/><T42/><D135/><N who="2" m="51722" /><F83/><W1/><G1/><N who="2" m="617" /><F76/><W132/><G132/><T15/><D125/><U55/><E36/><V66/><F66/><W117/><G117/><T35/><D77/><U19/><E19/><V111/><F130/><W116/><G116/><T52/><D73/><U106/><E106/><V81/><F81/><W18/><G60/><T127/><D72/><U9/><E53/><V98/><F98/><W91/><G59/><T51/><D127/><U37/><E37/><V85/><F85/><W102/><G102/><T95/><D95/><U8/><E55/><V78/><F78/><W14/><G91/><T115/><D38/><U13/><E46/><V93/><F93/><W24/><G121/><T5/><D42/><U112/><E44/><V40/><F40/><W90/><G123/><T131/><D131/><U21/><E104/><V39/><F39/><W58/><G90/><T67/><D45/><U103/><E89/><V27/><F120/><W29/><G43/><T69/><D67/><U6/><E103/><V129/><F129/><W82/><G64/><T88/><D88/><U30/><E100/><RYUUKYOKU ba="0,0" sc="253,-10,364,-10,155,30,228,-10" hai2="12,17,23,27,28,109,111" owari="243,4.0,354,45.0,185,-31.0,218,-18.0" /></mjloggm>