<mjloggm ver="2.3"><GO type="97" lobby="0"/><UN n0="%54%2E%68%65%61%72%6E%73" n1="%E5%B0%B1%E6%B4%BB%E7%94%9F%40%E5%B7%9D%E6%9D%91%E8%BB%8D%E5%9B%A3" n2="%73%61%74%65%6E%5F%72" n3="%E4%BB%8A%E6%97%A5%E3%81%A0%E3%81%91%E3%81%8C%E3%82%93%E3%81%B0%E3%82%8B" dan="13,14,15,13" rate="1841.08,1974.22,1911.35,1919.35" sx="M,M,M,M"/><TAIKYOKU oya="0"/><INIT seed="0,0,0,5,1,74" ten="250,250,250,250" oya="0" hai0="102,10,35,91,24,114,100,60,75,1,44,38,103" hai1="12,131,69,49,22,0,51,54,119,97,77,124,112" hai2="129,17,58,93,84,134,62,78,107,43,104,41,117" hai3="122,99,23,90,9,29,85,6,115,18,11,42,66"/><T70/><D114/><U98/><E0/><V68/><F68/><W46/><G122/><T3/><D75/><U28/><E119/><V34/><F34/><W31/><G115/><T125/><D125/><U96/><E69/><V81/><F117/><W48/><G66/><T13/><D91/><U80/><E112/><V53/><F129/><W32/><G32/><T105/><D105/><U27/><E124/><V87/><F134/><W45/><G99/><T19/><D60/><U94/><E131/><V120/><F120/><W132/><G132/><T30/><D70/><U67/><E67/><V76/><F17/><W57/><G57/><T82/><D82/><U109/><E109/><V2/><F2/><W47/><G47/><T128/><D128/><U113/><E113/><V50/><F78/><W56/><G56/><T36/><D44/><U110/><E110/><V15/><F15/><N who="3" m="5559" /><G11/><T88/><D38/><U63/><E12/><V126/><F126/><W37/><G37/><T71/><D36/><U14/><E14/><V65/><F93/><N who="3" m="54479" /><G46/><T111/><D71/><U33/><E33/><V135/><F135/><W25/><AGARI ba="0,0" hai="18,23,25,29,31,42,45,48" m="54479,5559" machi="25" ten="30,1100,0" yaku="8,1" doraHai="74" who="3" fromWho="3" sc="250,-5,250,-3,250,-3,250,11" /><INIT seed="1,0,0,1,3,102" ten="245,247,247,261" oya="1" hai0="1,48,62,37,35,91,57,89,45,84,124,71,76" hai1="66,60,55,75,94,25,15,129,113,112,27,3,53" hai2="77,120,106,123,41,59,114,90,63,34,23,12,125" hai3="46,78,127,8,128,97,58,88,82,11,103,92,81"/><U109/><E3/><V7/><F34/><W131/><G127/><T108/><D1/><U38/><E38/><V64/><F125/><W105/><G58/><T36/><D35/><U18/><E75/><V42/><F77/><W70/><G70/><T33/><D33/><U52/><E109/><V130/><F130/><N who="3" m="49707" /><G46/><T61/><D76/><U2/><E2/><V118/><F118/><W20/><G20/><T121/><D124/><U104/><E104/><V68/><F68/><W31/><G31/><T132/><D91/><U133/><E129/><V80/><F114/><W14/><G14/><T101/><D101/><U24/><E133/><V29/><F106/><W98/><G82/><T28/><D132/><U83/><E94/><V116/><F116/><W72/><AGARI ba="0,0" hai="8,11,72,78,81,88,92,97,98,103,105" m="49707" machi="72" ten="30,4000,0" yaku="19,1,52,1,54,1" doraHai="102" who="3" fromWho="3" sc="245,-10,247,-20,247,-10,261,40" /><INIT seed="2,0,0,2,4,128" ten="235,227,237,301" oya="2" hai0="63,93,21,134,81,18,59,40,41,43,113,74,61" hai1="60,17,20,133,106,126,22,122,75,91,118,38,25" hai2="54,3,101,71,120,0,86,67,115,117,32,42,87" hai3="51,5,37,108,124,53,92,111,78,110,34,112,6"/><V31/><F115/><W109/><G34/><T2/><D2/><U27/><E106/><V70/><F117/><W127/><G37/><T55/><D113/><U105/><E105/><V1/><F120/><W14/><G112/><T50/><D93/><U116/><E75/><V100/><F42/><W44/><G78/><T36/><D36/><U79/><E38/><V77/><F54/><W52/><N who="3" m="27648" /><DORA hai="13" /><W7/><G92/><T98/><D98/><U48/><E79/><V56/><F56/><W29/><G29/><T11/><D11/><U23/><E60/><V65/><F31/><W84/><G84/><N who="2" m="32297" /><F77/><W135/><G135/><T30/><D134/><U39/><E39/><V62/><F32/><W76/><G76/><T102/><D74/><U125/><E48/><V26/><F26/><N who="1" m="9737" /><E91/><V15/><F15/><W12/><G53/><T46/><D30/><U69/><E69/><N who="2" m="26123" /><F62/><W132/><G132/><T88/><D63/><U64/><E64/><AGARI ba="0,0" hai="0,1,3,64,65,67,100,101" m="26123,32297" machi="64" ten="40,3900,0" yaku="28,2" doraHai="128,13" who="2" fromWho="1" sc="235,0,227,-39,237,39,301,0" /><INIT seed="2,1,0,4,0,73" ten="235,188,276,301" oya="2" hai0="70,93,97,131,37,44,120,122,86,84,7,15,127" hai1="83,52,95,109,81,56,104,124,113,28,3,69,53" hai2="94,35,23,123,114,5,132,24,57,91,101,21,100" hai3="47,41,72,30,106,26,118,87,121,0,125,67,105"/><V42/><F114/><W32/><G121/><T90/><D70/><U10/><E104/><V61/><F123/><W88/><G72/><T135/><D135/><U117/><E69/><V79/><F132/><W31/><G118/><T134/><D134/><U96/><E117/><V14/><F42/><W27/><G0/><T68/><D68/><U6/><E113/><V74/><F35/><W76/><G76/><T46/><D131/><U20/><E124/><V43/><F43/><W49/><G67/><T128/><D128/><U99/><E109/><V115/><F115/><W58/><G125/><T92/><D127/><U78/><E53/><N who="2" m="33967" /><F74/><W36/><G36/><T110/><D37/><U65/><E65/><V116/><F79/><W40/><G40/><T9/><D110/><U82/><E78/><V16/><F5/><W112/><G112/><T45/><D45/><U13/><E95/><V64/><F64/><W2/><G2/><T62/><D122/><U51/><REACH who="1" step="1"/><E3/><REACH who="1" ten="235,178,276,301" step="2"/><V111/><F111/><W8/><G106/><T34/><D120/><U89/><E89/><V63/><F116/><W129/><G105/><T19/><D90/><U80/><N who="1" m="20992" /><DORA hai="102" /><U39/><E39/><V119/><F119/><W4/><G129/><T50/><D92/><U33/><E33/><V77/><F77/><W107/><G88/><T98/><D93/><U66/><E66/><V48/><F91/><W126/><G107/><T18/><D34/><U54/><E54/><V25/><F94/><W17/><G126/><T11/><D11/><U75/><E75/><V59/><F101/><W12/><G32/><RYUUKYOKU ba="1,1" sc="235,-10,178,30,276,-10,301,-10" hai1="6,10,13,20,28,51,52,56,96,99" /><INIT seed="3,2,1,5,5,19" ten="225,208,266,291" oya="3" hai0="125,124,38,109,75,23,60,20,127,50,90,93,40" hai1="82,79,92,11,31,122,41,70,51,25,107,49,22" hai2="134,84,65,24,55,57,118,113,45,63,117,102,123" hai3="30,119,16,61,98,5,78,88,105,47,52,14,126"/><W97/><G119/><T120/><D109/><U133/><E107/><V76/><F102/><W58/><G126/><T103/><D75/><U83/><E70/><V21/><F113/><W48/><G30/><T28/><D28/><U27/><E122/><V2/><F2/><W95/><G105/><T73/><D73/><U43/><E133/><V85/><F123/><W100/><G5/><T132/><D132/><U37/><E37/><V77/><F134/><W12/><G78/><N who="2" m="30313" /><F118/><W62/><G62/><T10/><D38/><U42/><E27/><V131/><F131/><W8/><G12/><T74/><D74/><U64/><E64/><V1/><F1/><W121/><G121/><T68/><D103/><U67/><E67/><V35/><F35/><W56/><G61/><T39/><D39/><U66/><E66/><V59/><F45/><W15/><G15/><T106/><D60/><U130/><E130/><V6/><F6/><W86/><G100/><T71/><D106/><U110/><E110/><V54/><F117/><W89/><G89/><T129/><D129/><U53/><E92/><V18/><F55/><W104/><G104/><T4/><D120/><U9/><E51/><AGARI ba="2,1" hai="18,21,24,51,54,57,59,63,65,84,85" m="30313" machi="51" ten="30,2000,0" yaku="8,1,52,1" doraHai="19" who="2" fromWho="1" sc="225,0,208,-26,266,36,291,0" owari="225,-17.0,182,-32.0,302,40.0,291,9.0" /></mjloggm>