<mjloggm ver="2.3"><GO type="41" lobby="0"/><UN n0="%61%6B%61%74" n1="%E3%81%94%E3%82%8A%E3%81%88%E3%82%82%E3%82%93" n2="%50%61%64%73%61%6E" n3="%E5%B0%B1%E6%B4%BB%E7%94%9F%40%E5%B7%9D%E6%9D%91%E8%BB%8D%E5%9B%A3" dan="14,13,13,14" rate="1863.98,1974.23,1824.97,1939.46" sx="M,M,M,M"/><TAIKYOKU oya="0"/><INIT seed="0,0,0,0,0,68" ten="250,250,250,250" oya="0" hai0="100,129,40,109,87,111,32,116,78,19,84,70,14" hai1="23,61,29,89,88,132,10,58,11,118,113,25,56" hai2="106,91,9,4,135,131,24,8,98,60,115,26,59" hai3="86,28,51,13,79,85,122,72,104,5,94,55,15"/><T108/><D116/><U41/><E118/><V17/><F115/><W71/><G104/><T16/><D70/><U121/><E121/><V73/><F73/><W30/><G71/><T47/><D32/><U42/><E113/><V112/><F112/><W65/><G65/><T119/><D119/><U124/><E124/><V133/><F131/><W43/><G72/><T7/><D100/><U134/><E58/><V37/><F37/><W126/><G126/><T12/><D129/><U107/><E107/><V75/><F75/><W52/><G122/><T93/><D7/><U123/><E123/><V97/><F106/><W99/><G43/><N who="1" m="16394" /><E11/><V76/><F76/><W120/><G120/><T3/><D3/><U77/><E10/><V22/><F24/><W18/><G55/><T0/><D0/><U103/><E103/><V36/><F36/><W83/><G85/><N who="0" m="32843" /><D93/><U45/><E45/><V57/><F8/><N who="3" m="6439" /><G15/><N who="0" m="5675" /><D78/><U48/><E77/><V101/><F101/><N who="3" m="60663" /><G5/><T1/><D1/><U27/><E27/><V50/><F9/><W2/><G2/><T82/><D82/><U63/><E134/><N who="2" m="51211" /><F4/><W125/><G125/><T105/><D105/><U92/><E132/><V31/><F31/><W62/><G62/><N who="1" m="23562" /><E92/><N who="2" m="56479" /><F60/><W117/><G117/><T69/><D69/><U6/><E6/><V130/><F130/><W95/><G95/><T46/><D46/><AGARI ba="0,0" hai="28,30,46,51,52,79,83,86" m="60663,6439" machi="46" ten="30,2000,0" yaku="8,1,54,1" doraHai="68" who="3" fromWho="0" sc="250,-20,250,0,250,0,250,20" /><INIT seed="1,0,0,0,1,111" ten="230,250,250,270" oya="1" hai0="128,77,103,54,90,34,40,118,132,116,115,53,13" hai1="7,23,4,28,29,37,87,98,9,93,48,31,82" hai2="46,70,22,1,55,81,107,135,6,99,101,106,127" hai3="84,21,24,19,15,26,0,42,92,97,95,123,91"/><U125/><E37/><V85/><F127/><W122/><G0/><T124/><D115/><U60/><E125/><V33/><F135/><W66/><G66/><T78/><D124/><U96/><E23/><V58/><F70/><W100/><REACH who="3" step="1"/><G42/><REACH who="3" ten="230,250,250,260" step="2"/><T16/><D132/><U130/><E130/><V79/><F1/><W133/><G133/><T5/><D128/><U35/><E35/><V113/><F33/><W57/><G57/><T12/><D34/><U117/><E117/><V76/><F58/><W44/><G44/><T2/><D40/><U47/><E60/><V11/><F46/><W43/><G43/><T41/><D2/><U14/><E4/><V112/><F6/><W119/><G119/><T121/><D41/><N who="1" m="24687" /><E93/><V94/><F94/><W83/><G83/><T10/><D116/><U109/><E109/><V36/><F36/><W27/><AGARI ba="0,1" hai="15,19,21,24,26,27,84,91,92,95,97,100,122,123" machi="27" ten="30,2000,0" yaku="1,1,0,1,53,0" doraHai="111" doraHaiUra="3" who="3" fromWho="3" sc="230,-5,250,-10,250,-5,260,30" /><INIT seed="2,0,0,0,4,8" ten="225,240,245,290" oya="2" hai0="62,11,97,95,67,122,42,51,50,34,33,53,48" hai1="107,117,44,19,35,63,66,55,29,17,10,110,16" hai2="81,128,32,96,45,54,120,93,108,124,49,102,72" hai3="115,83,94,80,135,3,77,87,119,59,61,105,23"/><V104/><F120/><W99/><G3/><T56/><D122/><U131/><E117/><V109/><F32/><W111/><G119/><T28/><D42/><U2/><E107/><V15/><F124/><W64/><G115/><T74/><D74/><U85/><E110/><N who="2" m="42603" /><F128/><W22/><G111/><T125/><D125/><U37/><E131/><V0/><F0/><W76/><G105/><T89/><D11/><U5/><E85/><V31/><F31/><W9/><G135/><T68/><REACH who="0" step="1"/><D28/><REACH who="0" ten="215,240,245,290" step="2"/><U127/><E29/><V121/><F121/><W40/><G9/><T84/><D84/><U12/><E127/><V26/><F72/><W112/><G40/><T30/><D30/><U69/><E35/><AGARI ba="0,1" hai="33,34,35,48,50,51,53,56,62,67,68,89,95,97" machi="35" ten="40,1300,0" yaku="1,1,53,0" doraHai="8" doraHaiUra="114" who="0" fromWho="1" sc="215,23,240,-13,245,0,290,0" /><INIT seed="3,0,0,4,5,0" ten="238,227,245,290" oya="3" hai0="33,78,13,109,44,101,81,63,128,57,90,105,20" hai1="2,102,124,103,104,50,68,118,6,91,74,97,88" hai2="117,53,116,119,98,79,106,1,17,133,75,125,4" hai3="61,69,134,23,86,22,7,115,66,93,110,121,60"/><W127/><G121/><T95/><D33/><U35/><E68/><V31/><F17/><W131/><G131/><T43/><D109/><U82/><E35/><V10/><F53/><W70/><G115/><T100/><D128/><U80/><E124/><V36/><F31/><W16/><G110/><T120/><D120/><U89/><E118/><V42/><F125/><W135/><G127/><T64/><D105/><U65/><E65/><V76/><F133/><N who="3" m="50699" /><G22/><T21/><D78/><U34/><E34/><V25/><F25/><N who="3" m="14567" /><G7/><T56/><D81/><U9/><E74/><V113/><F113/><W123/><G123/><T48/><D21/><U71/><E71/><N who="3" m="27146" /><G66/><T73/><D20/><U24/><E24/><V55/><F55/><W11/><G11/><T84/><D73/><U130/><E130/><V30/><F30/><W87/><G87/><T72/><D72/><U39/><E39/><V62/><F62/><W59/><G59/><N who="0" m="36991" /><D13/><U5/><E5/><V92/><F117/><W26/><G26/><T46/><D46/><U51/><E51/><V129/><F119/><W15/><G15/><T47/><D47/><U41/><E50/><V122/><F116/><W99/><G86/><T94/><D57/><U112/><E112/><V37/><F122/><W29/><G29/><T19/><D56/><U3/><E3/><V114/><F129/><W18/><G18/><T77/><D19/><U27/><E27/><V85/><F114/><W12/><G12/><T126/><D126/><U49/><E49/><V58/><F1/><W38/><G38/><T54/><D48/><U52/><E2/><RYUUKYOKU ba="0,0" sc="238,-10,227,-10,245,-10,290,30" hai3="60,61,93,99" /><INIT seed="3,1,0,1,2,73" ten="228,217,235,320" oya="3" hai0="129,41,49,124,111,3,118,34,70,113,30,26,77" hai1="64,95,134,24,1,117,22,132,127,32,13,133,99" hai2="61,14,115,67,19,91,89,28,112,0,82,48,50" hai3="2,72,98,106,38,101,130,40,125,71,12,131,110"/><W29/><G2/><T43/><D77/><U63/><E1/><V119/><F119/><W116/><G116/><T81/><D49/><U47/><E117/><V51/><F0/><W128/><G71/><T79/><D43/><U39/><E39/><V6/><F6/><W93/><G125/><T27/><D41/><U23/><E127/><V15/><F28/><W16/><G110/><T11/><D81/><U135/><E47/><V59/><F82/><W92/><G72/><T44/><D79/><U53/><E133/><V85/><F85/><W120/><G120/><T126/><D44/><U83/><E83/><V62/><F61/><W74/><G74/><T66/><D66/><U123/><E53/><V52/><F67/><W122/><G122/><T114/><D113/><U31/><E123/><V104/><F104/><W86/><G29/><T5/><D27/><U10/><E10/><V18/><F115/><W78/><G78/><T9/><D11/><U36/><E13/><N who="2" m="4619" /><F112/><W54/><G86/><T100/><D9/><U65/><E36/><V103/><F103/><W45/><REACH who="3" step="1"/><G54/><REACH who="3" ten="228,217,235,310" step="2"/><T42/><D70/><N who="1" m="42271" /><E65/><V69/><F69/><W105/><G105/><T4/><D118/><U96/><E96/><V84/><F84/><W75/><G75/><T8/><D126/><U33/><E33/><V88/><AGARI ba="1,1" hai="18,19,48,50,51,52,59,62,88,89,91" m="4619" machi="88" ten="40,5200,0" yaku="8,1,54,2" doraHai="73" who="2" fromWho="2" sc="228,-14,217,-14,235,65,310,-27" /><INIT seed="4,0,0,2,0,103" ten="214,203,300,283" oya="0" hai0="86,53,21,102,108,56,117,133,20,18,40,87,60" hai1="52,127,2,48,24,80,42,64,15,22,39,99,135" hai2="23,111,124,104,14,113,109,77,4,26,1,63,41" hai3="114,44,70,128,81,115,75,121,36,94,35,67,76"/><T126/><D117/><U28/><E2/><V37/><F113/><N who="3" m="43019" /><G128/><T59/><D133/><U120/><E120/><V116/><F124/><W46/><G121/><T105/><D126/><U45/><E127/><V38/><F116/><W85/><G36/><T34/><D34/><U79/><E135/><V84/><F104/><W69/><G35/><T95/><D108/><U131/><E131/><V9/><F63/><N who="3" m="40191" /><G70/><T57/><D40/><U78/><E64/><V101/><F101/><W10/><G10/><T112/><D112/><U82/><E99/><V58/><F58/><N who="0" m="22634" /><D105/><U29/><E29/><V73/><F73/><W54/><G54/><T51/><D21/><U129/><E129/><V62/><F62/><W125/><G125/><T93/><D60/><U12/><E42/><V98/><F98/><W31/><G31/><T72/><D72/><U6/><E39/><V11/><F111/><W0/><G0/><T49/><D49/><U68/><E68/><V96/><F96/><W97/><G75/><T132/><D132/><U90/><E22/><V30/><F109/><W119/><G119/><T16/><D20/><U65/><E65/><V83/><F41/><W8/><G8/><T100/><D100/><AGARI ba="0,0" hai="44,46,76,81,85,94,97,100" m="40191,43019" machi="100" ten="30,1000,0" yaku="15,1" doraHai="103" who="3" fromWho="0" sc="214,-10,203,0,300,0,283,10" /><INIT seed="5,0,0,1,2,41" ten="204,203,300,293" oya="1" hai0="52,76,17,116,49,72,43,133,31,5,19,11,48" hai1="9,10,63,22,121,75,82,129,36,89,100,0,44" hai2="97,80,35,27,64,16,8,37,109,127,40,115,6" hai3="120,105,86,132,58,87,54,15,24,73,88,77,94"/><U2/><E121/><V114/><F109/><W102/><G120/><T45/><D116/><U104/><E129/><V38/><F127/><W55/><G132/><T117/><D117/><U112/><E112/><N who="2" m="43051" /><F64/><W70/><G70/><T62/><D62/><U123/><E123/><V14/><F97/><N who="3" m="61647" /><G24/><T71/><D71/><U108/><E108/><V4/><F80/><N who="3" m="45103" /><G15/><T65/><D133/><U60/><E9/><V12/><F14/><W83/><G58/><T130/><D65/><U59/><E22/><V57/><F57/><W53/><G53/><T78/><D130/><U79/><E89/><AGARI ba="0,0" hai="54,55,83,86,87,88,89,94" m="45103,61647" machi="89" ten="30,2000,0" yaku="24,1,54,1" doraHai="41" who="3" fromWho="1" sc="204,0,203,-20,300,0,293,20" /><INIT seed="6,0,0,0,4,60" ten="204,183,300,313" oya="2" hai0="34,19,62,125,55,22,95,67,31,8,49,23,127" hai1="44,20,79,51,84,126,120,77,83,63,54,56,0" hai2="78,48,35,105,39,24,91,85,75,96,98,101,116" hai3="64,86,131,92,4,74,112,110,9,5,87,97,115"/><V26/><F116/><W134/><G110/><T16/><D95/><U30/><E120/><V66/><F39/><W106/><G106/><T104/><D104/><U118/><E126/><N who="0" m="48137" /><D34/><U32/><E118/><V70/><F48/><W17/><G74/><T94/><D94/><U114/><E114/><N who="3" m="43562" /><G131/><T33/><D33/><U133/><E32/><V89/><F98/><W7/><G64/><T45/><D8/><U38/><E38/><V107/><F75/><W88/><G134/><T111/><D111/><U82/><E133/><V68/><F68/><W108/><G108/><T76/><D76/><U73/><E0/><V123/><F123/><W121/><G121/><T58/><D31/><U10/><E10/><V53/><F107/><W135/><G135/><T57/><D45/><U11/><E11/><V69/><F69/><W124/><G124/><T15/><D15/><AGARI ba="0,0" hai="4,5,7,9,15,17,86,87,88,92,97" m="43562" machi="15" ten="30,3900,0" yaku="15,1,11,1,54,1" doraHai="60" who="3" fromWho="0" sc="204,-39,183,0,300,0,313,39" /><INIT seed="7,0,0,3,0,23" ten="165,183,300,352" oya="3" hai0="99,67,33,110,49,95,60,17,47,90,124,22,50" hai1="46,14,106,43,81,34,16,129,116,98,53,75,78" hai2="3,71,73,125,57,135,115,63,12,42,5,29,39" hai3="133,107,21,58,44,93,108,10,74,68,105,118,134"/><W13/><G68/><T38/><D33/><U127/><E34/><V7/><F71/><W104/><G74/><T117/><D124/><U40/><E127/><V70/><F70/><W123/><G123/><T130/><D117/><U91/><E116/><V132/><F125/><W120/><G120/><T111/><D130/><U19/><E129/><V25/><F115/><W8/><G108/><T37/><D38/><U56/><E19/><V6/><F73/><W28/><G118/><T1/><D1/><U69/><E69/><V61/><F3/><W103/><G44/><T4/><D4/><U20/><E46/><N who="2" m="23903" /><F57/><W80/><G58/><T9/><D9/><U86/><E98/><V126/><F12/><W84/><G93/><T66/><D37/><U30/><E30/><V59/><F59/><W41/><G103/><T65/><D60/><U131/><E106/><V112/><F112/><W55/><G55/><T102/><D102/><U32/><E32/><V85/><F85/><W35/><G35/><T48/><REACH who="0" step="1"/><D47/><REACH who="0" ten="155,183,300,352" step="2"/><U121/><E131/><V94/><F126/><W87/><G10/><T26/><AGARI ba="0,1" hai="17,22,26,48,49,50,65,66,67,90,95,99,110,111" machi="26" ten="30,7900,0" yaku="1,1,2,1,0,1,52,1,53,0" doraHai="23" doraHaiUra="113" who="0" fromWho="0" sc="155,89,183,-20,300,-20,352,-39" owari="244,-16.0,163,-34.0,280,8.0,313,42.0" /></mjloggm>