<mjloggm ver="2.3"><GO type="169" lobby="0"/><UN n0="%E3%82%A6%E3%83%AB%E3%83%88%E3%83%A9%E7%AB%8B%E7%9B%B4" n1="%E3%83%95%E3%83%AA%E3%83%86%E3%83%B3" n2="%E3%81%82%E3%81%B2%E3%82%8B%E3%81%95%E3%82%93" n3="%4E%6E%31%33%34" dan="17,17,16,16" rate="2159.63,2144.91,2043.10,2115.66" sx="M,M,M,M"/><TAIKYOKU oya="0"/><INIT seed="0,0,0,4,0,60" ten="250,250,250,250" oya="0" hai0="129,17,54,28,20,74,26,91,127,113,86,57,23" hai1="49,105,58,110,3,92,97,93,117,12,99,94,73" hai2="118,35,56,108,22,81,59,53,131,30,101,87,89" hai3="65,11,124,9,13,120,83,38,104,0,69,29,122"/><T78/><D113/><U71/><E3/><V55/><F35/><W79/><G38/><T25/><D127/><U44/><E71/><V61/><F108/><W10/><G104/><T119/><D119/><U36/><E117/><V126/><F118/><W34/><G0/><T7/><D129/><U15/><E73/><V80/><F126/><W41/><G41/><T27/><D7/><U135/><E36/><V45/><F101/><W51/><G51/><T66/><D74/><U4/><E110/><V2/><F2/><W123/><G124/><T128/><D128/><U39/><E39/><V77/><F45/><W40/><G40/><T62/><D78/><U46/><E105/><V134/><F131/><W32/><G13/><T114/><D114/><U52/><E135/><V6/><F134/><W37/><G29/><T72/><D72/><U107/><E107/><V63/><F6/><W84/><REACH who="3" step="1"/><G37/><REACH who="3" ten="250,250,250,240" step="2"/><T75/><D75/><U8/><E15/><V121/><F30/><W116/><G116/><T24/><REACH who="0" step="1"/><D54/><REACH who="0" ten="240,250,250,240" step="2"/><U98/><AGARI ba="0,2" hai="4,8,12,44,46,49,52,58,92,93,94,97,98,99" machi="98" ten="30,4000,0" yaku="0,1,8,1,54,1" doraHai="60" who="1" fromWho="1" sc="240,-20,250,60,250,-10,240,-10" /><INIT seed="1,0,0,3,4,13" ten="220,310,240,230" oya="1" hai0="8,128,52,130,83,24,79,17,71,30,132,63,56" hai1="14,134,47,86,45,76,33,119,38,18,84,73,61" hai2="87,127,107,34,31,124,95,9,92,131,7,81,21" hai3="109,88,102,115,53,46,35,117,6,97,101,120,133"/><U59/><E33/><V123/><F107/><W2/><G35/><T50/><D132/><U75/><E119/><V64/><F34/><W15/><G2/><T89/><D89/><U108/><E134/><V23/><F123/><W10/><G115/><T0/><D0/><U104/><E104/><V135/><F135/><W29/><G133/><T99/><D99/><U112/><E112/><V16/><F31/><W121/><G117/><T49/><D30/><U4/><E4/><V65/><F131/><N who="0" m="50218" /><D71/><U85/><E38/><V105/><F105/><W94/><G29/><T36/><D36/><U129/><E129/><V57/><F7/><W82/><G109/><T93/><D93/><U41/><E108/><V116/><F116/><W69/><G69/><T70/><D70/><U62/><E76/><V111/><F111/><W26/><G102/><T43/><D43/><U66/><E41/><V40/><F40/><W91/><G91/><T80/><D80/><U60/><E60/><V39/><F39/><W42/><G42/><T100/><D100/><U96/><E62/><V74/><F74/><W55/><G82/><T12/><D24/><U125/><E96/><V19/><F81/><W58/><G26/><T37/><D37/><U48/><E48/><V118/><F118/><W126/><G101/><T78/><D78/><U68/><E68/><V20/><F87/><AGARI ba="0,0" hai="8,12,17,49,50,52,56,63,79,83,87" m="50218" machi="87" ten="30,3900,0" yaku="19,1,52,1,54,1" doraHai="13" who="0" fromWho="2" sc="220,39,310,0,240,-39,230,0" /><INIT seed="2,0,0,2,5,97" ten="259,310,201,230" oya="2" hai0="68,56,125,16,7,108,129,120,132,45,80,49,12" hai1="39,124,23,20,17,28,3,119,122,67,96,18,107" hai2="64,52,101,38,93,77,43,57,71,103,75,102,62" hai3="37,32,116,134,66,78,10,59,14,26,121,92,91"/><V33/><F33/><W41/><G116/><T88/><D68/><U51/><E39/><V50/><F93/><W48/><G37/><T24/><D125/><U6/><E67/><V115/><F115/><W126/><G78/><T113/><D113/><U22/><E51/><V1/><F1/><W110/><G121/><T44/><D120/><U130/><E122/><V30/><F30/><W114/><G126/><T72/><D72/><U54/><E54/><V135/><F135/><W73/><G73/><T42/><D129/><U19/><E124/><V46/><F75/><W53/><G41/><T82/><D108/><U90/><E90/><V89/><F89/><W83/><G110/><T98/><D45/><U40/><E40/><V15/><F77/><W9/><G83/><T95/><D132/><U117/><E96/><V60/><F15/><W131/><G131/><T127/><D127/><U21/><E107/><V133/><F133/><W118/><G118/><N who="1" m="45066" /><E130/><V58/><F62/><N who="3" m="38239" /><G14/><T87/><D87/><U112/><E112/><V76/><REACH who="2" step="1"/><F76/><REACH who="2" ten="259,310,191,230" step="2"/><W5/><G134/><T111/><D111/><U63/><E63/><V100/><N who="2" m="26112" /><DORA hai="128" /><V8/><F8/><W85/><G10/><T31/><D31/><U86/><E23/><V29/><F29/><N who="3" m="19511" /><G114/><T0/><D0/><U25/><E86/><V69/><AGARI ba="0,1" hai="38,43,46,50,52,57,58,60,64,69,71" m="26112" machi="69" ten="40,24000,3" yaku="1,1,0,1,52,4,54,1,53,1" doraHai="97,128" doraHaiUra="11,47" who="2" fromWho="2" sc="259,-80,310,-80,191,250,230,-80" /><INIT seed="2,1,0,3,3,77" ten="179,230,441,150" oya="2" hai0="99,113,88,104,122,101,87,20,28,62,71,3,17" hai1="9,30,94,131,22,15,115,57,118,48,85,33,32" hai2="31,106,117,36,13,102,63,135,120,69,82,52,65" hai3="70,72,58,56,116,7,80,23,128,86,66,123,54"/><V42/><F117/><W74/><G116/><T50/><D3/><U35/><E118/><V95/><F120/><W4/><G123/><T39/><D39/><U119/><E115/><V19/><F106/><W126/><G70/><T27/><D122/><U5/><E131/><V55/><F135/><W75/><G126/><T26/><D113/><U130/><E130/><V34/><F42/><W14/><G128/><T59/><D50/><U45/><E57/><V76/><F36/><W109/><G109/><T83/><D71/><U121/><E121/><V103/><F31/><W2/><G2/><T114/><D114/><U67/><E67/><V18/><F34/><W24/><G66/><T49/><D49/><U132/><E132/><V92/><F19/><W108/><G14/><T110/><D110/><U129/><E129/><V91/><F95/><W37/><G37/><T89/><D89/><U93/><E85/><V41/><F41/><W112/><G108/><T25/><REACH who="0" step="1"/><D28/><REACH who="0" ten="169,230,441,150" step="2"/><U46/><E119/><V133/><F133/><W51/><G112/><T10/><D10/><U73/><E9/><V68/><F69/><W61/><G51/><T81/><D81/><U64/><E48/><V6/><F82/><W127/><G127/><T60/><D60/><U111/><E30/><V96/><F63/><W97/><G80/><T0/><D0/><U100/><E111/><V40/><F68/><W47/><G61/><T124/><D124/><U79/><E46/><V44/><F44/><W43/><G47/><T84/><D84/><U107/><E45/><V21/><F40/><W8/><G43/><RYUUKYOKU ba="1,1" sc="169,30,230,-10,441,-10,150,-10" hai0="17,20,25,26,27,59,62,83,87,88,99,101,104" /><INIT seed="3,2,1,0,5,117" ten="199,220,431,140" oya="3" hai0="95,18,23,7,10,48,100,1,82,113,111,0,19" hai1="132,109,123,70,2,56,66,99,21,32,63,9,91" hai2="5,131,67,27,110,77,69,119,133,90,102,8,86" hai3="108,52,49,121,124,135,104,16,33,96,105,42,46"/><W20/><G33/><T92/><D113/><U72/><E72/><V54/><F102/><W47/><G135/><T122/><D1/><U126/><E32/><V36/><F36/><W3/><G3/><T129/><D129/><U6/><E123/><V14/><F77/><W45/><G124/><T75/><D111/><U118/><E109/><V62/><F110/><W87/><G108/><T88/><D122/><U38/><E38/><V4/><F119/><W89/><G121/><T34/><D34/><U57/><E118/><V55/><F131/><W28/><G28/><T83/><D75/><U22/><E132/><V79/><F79/><W44/><G96/><T94/><D48/><U24/><E22/><V112/><F112/><W40/><G105/><T61/><D61/><U134/><E126/><V78/><F78/><W53/><G53/><T71/><D71/><U15/><E2/><V103/><F133/><W26/><REACH who="3" step="1"/><G104/><REACH who="3" ten="199,220,431,130" step="2"/><T12/><D0/><U128/><E134/><V39/><F55/><W64/><G64/><T106/><D106/><U84/><E99/><V41/><F54/><W30/><G30/><T35/><D35/><U68/><E128/><V31/><F31/><W107/><G107/><T125/><D125/><U11/><E66/><V37/><F67/><W73/><G73/><T81/><D100/><U85/><E85/><V13/><F86/><W130/><G130/><T98/><D7/><U25/><E6/><V74/><F4/><W50/><G50/><T120/><D120/><U101/><E101/><V116/><F103/><W127/><G127/><T97/><D97/><RYUUKYOKU ba="2,2" sc="199,15,220,-15,431,-15,130,15" hai0="10,12,18,19,23,81,82,83,88,92,94,95,98" hai3="16,20,26,40,42,44,45,46,47,49,52,87,89" /><INIT seed="3,3,2,2,1,38" ten="214,205,416,145" oya="3" hai0="20,106,8,75,131,66,101,43,114,95,72,73,13" hai1="97,30,105,115,135,17,107,96,4,47,12,119,18" hai2="31,58,64,99,77,67,132,91,61,42,118,29,44" hai3="32,129,79,40,110,9,87,76,60,2,57,48,90"/><W53/><G32/><T84/><D131/><U86/><E115/><V23/><F118/><W78/><G129/><T104/><D114/><U92/><E119/><V70/><F132/><W33/><G33/><T74/><N who="0" m="18432" /><DORA hai="71" /><T56/><D20/><U46/><E86/><V50/><F77/><W123/><G123/><T113/><D113/><U93/><E4/><V62/><F23/><W124/><G124/><T108/><D108/><U26/><E12/><V111/><F111/><W21/><G110/><T55/><D66/><U116/><E116/><V63/><F62/><W49/><G40/><T10/><D10/><U68/><E68/><V122/><F122/><W35/><G35/><T11/><D11/><U83/><E83/><V22/><F22/><W80/><REACH who="3" step="1"/><G21/><REACH who="3" ten="214,205,416,135" step="2"/><T134/><D43/><U94/><E26/><V41/><F42/><W19/><G19/><T59/><D134/><U7/><E135/><V1/><F29/><W125/><G125/><T130/><D130/><U133/><E30/><V14/><F31/><W24/><G24/><T54/><D54/><U5/><E133/><V45/><F41/><W39/><G39/><T117/><D55/><U127/><E127/><V69/><F64/><W82/><G82/><T28/><D117/><U25/><E25/><V27/><F27/><W52/><G52/><T128/><D128/><U81/><E81/><V15/><F67/><W0/><G0/><T6/><D28/><U126/><E126/><V103/><F70/><W16/><G16/><T51/><D13/><U120/><E120/><V65/><F15/><W34/><G34/><RYUUKYOKU ba="3,3" sc="214,-10,205,-10,416,-10,135,30" hai3="2,9,48,49,53,57,60,76,78,79,80,87,90" /><INIT seed="3,4,3,2,5,25" ten="204,195,406,165" oya="3" hai0="100,56,66,120,34,74,7,121,6,15,65,10,13" hai1="114,61,93,86,2,31,123,26,53,23,0,5,36" hai2="76,55,44,89,52,80,94,68,124,49,12,73,59" hai3="40,113,67,38,21,3,133,132,32,92,131,71,69"/><W45/><G113/><T22/><D74/><U95/><E114/><V87/><F124/><W42/><G131/><T29/><D100/><U48/><E36/><V27/><F68/><W19/><G32/><T58/><D34/><U135/><E123/><V83/><F12/><N who="3" m="9447" /><G3/><T127/><D127/><U101/><E61/><V84/><F27/><W104/><G104/><T109/><D22/><U16/><E135/><N who="3" m="51786" /><G67/><T82/><D82/><U110/><E110/><V43/><REACH who="2" step="1"/><F59/><REACH who="2" ten="204,195,396,165" step="2"/><W51/><G92/><T46/><D58/><N who="1" m="33063" /><E0/><V63/><F63/><W125/><G125/><T64/><D56/><U1/><E2/><V33/><F33/><W98/><G71/><T79/><D15/><U99/><E1/><V54/><F54/><N who="3" m="30063" /><G69/><T18/><D13/><U78/><E5/><V102/><F102/><W24/><G24/><T37/><D6/><U134/><E134/><V118/><F118/><W62/><G62/><T28/><D7/><U47/><E95/><V17/><F17/><W4/><G4/><T70/><D18/><U81/><E47/><V88/><AGARI ba="4,4" hai="43,44,49,52,55,73,76,80,83,84,87,88,89,94" machi="88" ten="20,8000,1" yaku="1,1,0,1,7,1,54,2,53,0" doraHai="25" doraHaiUra="130" who="2" fromWho="2" sc="204,-24,195,-24,396,132,165,-44" /><INIT seed="4,0,0,1,4,7" ten="180,171,528,121" oya="0" hai0="10,12,23,116,57,11,125,49,28,134,133,127,107" hai1="126,56,25,131,106,120,111,34,55,59,44,79,115" hai2="112,95,75,99,45,2,130,31,101,27,50,6,118" hai3="108,5,66,24,18,110,84,87,89,42,0,105,88"/><T83/><D107/><U47/><E106/><V29/><F75/><W20/><G105/><T60/><D116/><U71/><E71/><V86/><F112/><W124/><G124/><N who="0" m="47691" /><D49/><U135/><E111/><V73/><F73/><W102/><G102/><T14/><D83/><U8/><E135/><N who="0" m="51721" /><D28/><U58/><E126/><V17/><F31/><W61/><G42/><T22/><D57/><U33/><E59/><V129/><F29/><W69/><G89/><T76/><D76/><U70/><E58/><V39/><F50/><W98/><G110/><T62/><D62/><U78/><E56/><V38/><F38/><W94/><REACH who="3" step="1"/><G108/><REACH who="3" ten="180,171,528,111" step="2"/><T74/><D74/><U13/><E78/><V92/><F101/><W54/><G54/><T81/><D81/><U119/><E55/><V123/><F95/><W36/><G36/><T67/><D60/><U63/><E63/><V1/><F39/><W72/><G72/><T3/><D67/><U117/><E79/><V46/><F92/><W97/><G97/><T68/><D68/><U9/><E70/><V128/><F99/><W51/><G51/><T52/><D52/><U48/><E48/><V103/><F103/><W40/><G40/><T93/><D93/><U109/><E109/><V100/><F100/><W4/><G4/><N who="0" m="3175" /><D3/><U19/><E117/><V15/><F118/><W21/><G21/><T37/><D37/><U53/><E119/><V85/><F1/><W65/><G65/><T90/><D90/><U91/><E91/><V32/><F2/><W80/><G80/><T122/><D122/><U30/><E120/><V121/><F123/><RYUUKYOKU ba="0,1" sc="180,15,171,-15,528,-15,111,15" hai0="10,14,22,23" hai3="0,5,18,20,24,61,66,69,84,87,88,94,98" /><INIT seed="4,1,1,2,5,49" ten="195,156,513,126" oya="0" hai0="61,111,45,39,125,103,24,36,41,12,74,104,78" hai1="26,6,83,88,70,22,4,60,73,75,117,92,129" hai2="107,30,2,18,130,76,91,108,44,65,10,23,57" hai3="114,25,134,90,52,96,81,127,32,40,5,105,116"/><T98/><D125/><U16/><E117/><V97/><F108/><W122/><G116/><T20/><D111/><U69/><E129/><V58/><F30/><W48/><G40/><T47/><D12/><U1/><E83/><V34/><F34/><W59/><G127/><T80/><D61/><U55/><E70/><V31/><F31/><W82/><G114/><T68/><D68/><U132/><E132/><V37/><F76/><W72/><G32/><T126/><D126/><U53/><E69/><V21/><F65/><W11/><G134/><T66/><D66/><U113/><E113/><V54/><F37/><W119/><G119/><T35/><D35/><U64/><E64/><V85/><F44/><W0/><G122/><T84/><D84/><U77/><E77/><V50/><F85/><W106/><G25/><T46/><REACH who="0" step="1"/><D39/><REACH who="0" ten="185,156,513,126" step="2"/><U14/><E14/><V121/><F121/><W133/><G133/><T135/><D135/><U79/><E60/><V87/><F87/><W128/><G128/><T118/><D118/><U3/><E6/><V27/><F130/><W112/><G112/><T42/><D42/><U93/><E4/><V33/><F33/><W95/><REACH who="3" step="1"/><G72/><REACH who="3" ten="185,156,513,116" step="2"/><T8/><D8/><U63/><E75/><V86/><F10/><W94/><G94/><T17/><AGARI ba="1,3" hai="17,20,24,36,41,45,46,47,74,78,80,98,103,104" machi="17" ten="20,3900,0" yaku="1,1,0,1,7,1,53,0" doraHai="49" doraHaiUra="67" who="0" fromWho="0" sc="185,72,156,-14,513,-14,116,-14" /><INIT seed="4,2,0,1,0,33" ten="257,142,499,102" oya="0" hai0="85,75,117,123,32,87,80,125,0,18,64,21,132" hai1="2,19,106,25,1,122,42,107,120,109,67,47,60" hai2="10,135,90,115,34,5,16,26,49,68,127,91,119" hai3="82,46,59,61,96,38,93,17,53,6,76,100,78"/><T24/><D123/><N who="1" m="47147" /><E19/><V45/><F68/><W133/><G133/><T39/><D39/><N who="1" m="21983" /><E25/><V37/><F37/><W77/><G17/><T71/><D117/><U58/><E58/><V88/><F115/><W23/><G23/><T56/><D71/><N who="1" m="42471" /><E109/><V128/><F119/><W31/><G31/><T130/><D32/><U13/><E13/><V50/><F26/><W102/><G6/><T103/><D132/><U9/><E9/><V97/><F16/><W114/><G114/><T15/><D87/><U112/><E112/><V36/><F10/><W3/><G59/><T94/><D56/><U12/><E12/><V52/><F5/><W27/><G27/><T55/><D64/><U41/><E41/><V57/><F34/><W30/><G30/><T121/><D55/><U51/><E51/><V35/><F35/><W29/><G29/><T73/><D15/><U124/><E124/><V134/><F127/><W44/><G53/><T81/><D125/><U28/><E28/><V69/><F50/><W89/><G61/><T11/><D121/><U113/><E113/><V95/><F69/><W43/><G46/><T54/><D54/><U62/><E62/><N who="2" m="36135" /><F36/><W99/><G38/><T7/><D85/><U65/><E65/><V22/><F22/><W83/><G43/><T72/><D81/><U86/><E86/><V8/><F135/><W104/><G44/><T84/><D80/><N who="3" m="30761" /><G89/><N who="2" m="34409" /><F134/><W70/><G70/><T74/><N who="0" m="18432" /><DORA hai="20" /><T14/><D14/><U48/><E48/><V92/><F8/><W129/><G76/><T131/><D84/><U79/><E79/><V110/><F45/><RYUUKYOKU ba="2,0" sc="257,15,142,15,499,-15,102,-15" hai0="0,7,11,18,21,24,94,103,130,131" hai1="1,2,106,107" /><INIT seed="4,3,0,3,5,70" ten="272,157,484,87" oya="0" hai0="108,18,14,121,89,3,12,98,105,33,88,22,39" hai1="4,127,129,119,113,81,62,37,10,126,20,93,40" hai2="74,77,24,92,102,61,123,13,31,59,130,80,91" hai3="63,116,95,97,26,57,128,9,114,84,46,19,41"/><T27/><D121/><U44/><E119/><V15/><F130/><W99/><G116/><T124/><D3/><N who="1" m="287" /><E129/><V85/><F123/><W86/><G114/><T49/><D108/><U79/><E113/><V17/><F17/><W35/><G128/><T131/><D131/><U28/><E93/><V55/><F102/><W29/><G9/><T112/><D112/><U21/><E62/><V32/><AGARI ba="3,0" hai="13,15,24,31,32,55,59,61,74,77,80,85,91,92" machi="32" ten="20,1500,0" yaku="0,1,7,1" doraHai="70" who="2" fromWho="2" sc="272,-10,157,-7,484,24,87,-7" /><INIT seed="5,0,0,2,1,109" ten="262,150,508,80" oya="1" hai0="103,123,61,91,13,43,62,4,116,130,99,104,52" hai1="118,83,114,55,107,78,23,113,88,71,58,79,9" hai2="85,1,19,38,80,73,26,24,89,32,75,125,25" hai3="16,12,77,94,8,127,30,72,40,48,50,106,34"/><U100/><E71/><V60/><F38/><W90/><G127/><T35/><D35/><U102/><E118/><V39/><F39/><W59/><G106/><T66/><D123/><U10/><E23/><V97/><F1/><W121/><G121/><T44/><D116/><U69/><E69/><V117/><F32/><W98/><G77/><T76/><D76/><U22/><E22/><V129/><F129/><W92/><G72/><T2/><D2/><U115/><E88/><V74/><F117/><W87/><G40/><T18/><D4/><U53/><E79/><V45/><F125/><W64/><G34/><T6/><D6/><U86/><E55/><V122/><F122/><W95/><G30/><T36/><D130/><U133/><E133/><V0/><F0/><W128/><G128/><T20/><D66/><U14/><E107/><V111/><F111/><W47/><G47/><T41/><D41/><U57/><E57/><V131/><F131/><W21/><G21/><T110/><D110/><U82/><E82/><V51/><F74/><W15/><G15/><T70/><D70/><U49/><E10/><V68/><F75/><W7/><G7/><AGARI ba="0,0" hai="7,9,14,49,53,58,78,83,86,100,102,113,114,115" machi="7" ten="40,12000,1" yaku="15,1,52,3" doraHai="109" who="1" fromWho="3" sc="262,0,150,120,508,0,80,-120" owari="262,-14.0,270,7.0,508,61.0,-40,-54.0" /></mjloggm>