<mjloggm ver="2.3"><GO type="97" lobby="0"/><UN n0="%E5%B0%B1%E6%B4%BB%E7%94%9F%40%E5%B7%9D%E6%9D%91%E8%BB%8D%E5%9B%A3" n1="%E3%81%82%E3%81%A4%E3%81%82%E3%81%A4%E6%B9%AF%E5%A9%86%E5%A9%86" n2="%65%71%6D%6D" n3="%E6%85%8E%E9%87%8D%E3%81%95%E3%81%93%E3%81%9D" dan="14,16,13,14" rate="1972.16,2031.96,1890.48,1925.51" sx="M,M,M,M"/><TAIKYOKU oya="0"/><INIT seed="0,0,0,1,5,33" ten="250,250,250,250" oya="0" hai0="48,107,126,127,49,124,100,13,121,102,15,47,94" hai1="41,96,129,25,89,106,75,117,104,113,66,61,20" hai2="98,105,1,8,134,26,21,80,31,12,18,62,60" hai3="27,82,10,93,101,86,131,4,120,133,43,97,38"/><T45/><D121/><U30/><E75/><V17/><F134/><W63/><G133/><T67/><D67/><U55/><E117/><V19/><F80/><W128/><G120/><T109/><D107/><U108/><E113/><V95/><F105/><W92/><G27/><T125/><N who="0" m="32256" /><DORA hai="69" /><T90/><D109/><U6/><E41/><V2/><F60/><W123/><G123/><T7/><D7/><U54/><E6/><V51/><F51/><N who="0" m="19530" /><D90/><U22/><E108/><V130/><F130/><N who="3" m="49707" /><G63/><T11/><D94/><U5/><E5/><V73/><F73/><W23/><G23/><T119/><D11/><U29/><E129/><V88/><REACH who="2" step="1"/><F62/><REACH who="2" ten="250,250,240,250" step="2"/><W40/><G92/><T115/><D115/><U34/><E106/><V85/><F85/><W32/><G82/><T28/><D119/><U16/><E104/><V74/><F74/><W0/><G86/><T59/><D59/><U36/><E61/><V132/><F132/><W135/><G135/><T114/><D114/><U24/><E66/><V70/><F70/><W39/><G32/><T9/><D9/><U111/><E111/><V68/><F68/><W110/><G110/><T37/><D37/><AGARI ba="0,1" hai="0,4,10,37,38,39,40,43,93,97,101" m="49707" machi="37" ten="30,8000,1" yaku="19,1,52,4" doraHai="33,69" who="3" fromWho="0" sc="250,-80,250,0,240,0,250,90" /><INIT seed="1,0,0,3,2,133" ten="170,250,240,340" oya="1" hai0="122,108,114,66,88,112,4,1,24,76,98,14,92" hai1="109,10,74,11,129,82,32,15,2,90,126,71,91" hai2="57,69,31,17,42,94,70,6,40,54,33,35,51" hai3="111,119,26,47,97,34,65,25,52,103,120,95,56"/><U9/><E71/><V100/><F6/><W7/><G120/><T44/><D122/><U105/><E105/><V18/><F69/><W107/><G119/><T113/><D1/><U21/><E32/><V59/><F70/><W13/><G111/><T28/><D108/><U83/><E109/><V58/><F35/><W64/><G34/><T16/><D4/><U79/><E2/><V41/><F33/><W62/><G107/><T132/><D132/><U5/><E129/><V80/><F80/><W121/><G121/><T104/><D104/><U48/><E48/><V110/><F31/><W60/><G47/><T55/><D76/><U19/><E5/><V27/><F110/><W131/><G131/><T36/><D66/><N who="3" m="25705" /><G62/><T102/><D102/><U8/><E8/><AGARI ba="0,0" hai="7,8,13,25,26,52,56,60,95,97,103" m="25705" machi="8" ten="30,2000,0" yaku="8,1,54,1" doraHai="133" who="3" fromWho="1" sc="170,0,250,-20,240,0,340,20" /><INIT seed="2,0,0,5,1,131" ten="170,230,240,360" oya="2" hai0="16,126,34,69,80,66,112,37,86,91,121,117,93" hai1="134,36,127,83,45,120,60,67,41,125,104,21,53" hai2="85,15,6,129,99,103,51,133,17,30,101,39,89" hai3="75,132,108,20,115,62,4,59,28,33,78,0,72"/><V49/><F39/><W107/><G107/><T82/><D37/><U92/><E104/><V19/><F129/><W73/><G115/><T61/><D121/><U26/><E120/><V52/><F30/><W42/><G108/><T1/><D1/><U118/><E118/><V84/><F133/><W63/><G42/><T56/><D34/><U81/><E92/><N who="2" m="58599" /><F103/><W25/><G33/><T123/><D117/><U10/><E10/><N who="2" m="4567" /><F49/><W44/><G44/><T48/><D123/><U70/><E53/><V100/><F100/><W116/><G116/><T47/><D112/><U46/><E46/><N who="2" m="27767" /><F84/><W38/><G38/><T113/><D113/><U12/><E12/><V18/><F18/><W13/><G0/><T57/><D126/><N who="1" m="48139" /><E134/><V8/><F8/><W58/><G132/><T102/><D102/><U31/><AGARI ba="0,0" hai="21,26,31,36,41,45,60,67,70,81,83" m="48139" machi="31" ten="30,1100,0" yaku="18,1" doraHai="131" who="1" fromWho="1" sc="170,-3,230,11,240,-5,360,-3" /><INIT seed="3,0,0,5,1,80" ten="167,241,235,357" oya="3" hai0="93,78,11,98,1,82,130,36,44,94,69,77,61" hai1="16,108,129,39,121,24,56,124,71,30,41,95,112" hai2="74,91,99,128,110,57,70,55,106,35,101,18,76" hai3="37,26,92,28,105,111,47,6,23,17,126,120,133"/><W81/><G120/><T38/><D130/><U89/><E71/><V45/><F70/><W0/><G105/><T62/><D69/><U132/><E121/><V25/><F128/><W115/><G115/><T65/><D78/><U104/><E104/><V59/><F110/><W42/><G126/><T96/><D65/><U52/><E129/><V85/><F45/><W73/><G111/><T103/><D1/><U31/><E112/><V12/><F25/><W34/><G133/><T40/><D36/><U127/><E108/><V58/><F35/><W43/><G92/><T50/><D38/><U131/><E131/><V22/><F76/><W2/><G43/><T64/><D64/><U7/><E7/><V68/><F68/><W49/><G6/><T4/><D4/><U122/><E122/><V63/><REACH who="2" step="1"/><F74/><REACH who="2" ten="167,241,225,357" step="2"/><W19/><G34/><T75/><REACH who="0" step="1"/><D11/><REACH who="0" ten="157,241,225,357" step="2"/><U83/><E127/><V117/><F117/><W97/><G2/><T107/><D107/><U67/><E124/><V86/><F86/><W51/><G0/><T119/><D119/><U118/><E118/><V90/><F90/><AGARI ba="0,2" hai="40,44,50,61,62,75,77,82,90,93,94,96,98,103" machi="90" ten="30,2000,0" yaku="1,1,7,1,53,0" doraHai="80" doraHaiUra="13" who="0" fromWho="2" sc="157,40,241,0,225,-20,357,0" owari="197,-30.0,241,4.0,205,-19.0,357,45.0" /></mjloggm>