<mjloggm ver="2.3"><GO type="41" lobby="0"/><UN n0="%73%66%68%6E%36%30" n1="%6B%6F%6B%75%73%68%69%61" n2="%E5%B0%B1%E6%B4%BB%E7%94%9F%40%E5%B7%9D%E6%9D%91%E8%BB%8D%E5%9B%A3" n3="%E3%83%89%E3%83%A9%E3%82%B4%E3%83%B3%E3%81%A4%E3%81%8B%E3%81%84" dan="14,17,15,15" rate="1888.12,2088.54,2010.64,2004.50" sx="M,M,M,M"/><TAIKYOKU oya="0"/><INIT seed="0,0,0,5,3,80" ten="250,250,250,250" oya="0" hai0="135,105,95,129,97,115,88,9,19,65,12,53,2" hai1="67,125,118,69,7,94,119,109,59,32,54,74,66" hai2="60,76,102,78,77,46,8,15,132,71,91,104,85" hai3="126,112,57,127,30,131,101,70,14,130,1,5,56"/><T40/><D115/><U39/><E32/><V62/><F132/><W113/><G101/><T33/><D135/><U93/><E39/><V29/><F29/><W81/><G70/><T17/><D2/><U61/><E74/><V35/><F35/><W37/><G37/><T122/><D122/><U90/><E109/><V68/><F102/><W107/><G107/><T123/><D123/><U25/><E125/><N who="3" m="47626" /><G1/><T58/><D33/><U44/><E7/><V64/><F104/><W52/><G30/><T89/><D129/><N who="3" m="49161" /><G81/><T38/><D105/><U134/><E134/><V42/><F71/><W92/><G92/><T48/><D65/><U84/><E44/><V23/><F23/><W121/><G121/><T114/><D114/><U36/><E36/><V133/><F133/><W103/><G103/><T45/><D89/><U75/><E67/><V34/><F34/><W41/><G41/><T6/><AGARI ba="0,0" hai="6,9,12,17,19,38,40,45,48,53,58,88,95,97" machi="6" ten="20,3900,0" yaku="0,1,7,1,54,1" doraHai="80" who="0" fromWho="0" sc="250,39,250,-13,250,-13,250,-13" /><INIT seed="0,1,0,1,4,114" ten="289,237,237,237" oya="0" hai0="99,12,67,108,81,87,70,75,29,7,17,121,57" hai1="83,40,53,95,45,1,73,16,60,120,48,42,132" hai2="123,35,43,49,20,113,22,50,52,125,44,27,85" hai3="79,10,106,116,37,56,72,47,102,130,103,78,58"/><T94/><D121/><U135/><E120/><V61/><F113/><W65/><G130/><T41/><D70/><U107/><E1/><V33/><F123/><W133/><G133/><T86/><D7/><U89/><E107/><V66/><F125/><W5/><G78/><T9/><D29/><U84/><E73/><V54/><F85/><W31/><G31/><T26/><D26/><U59/><E83/><V92/><F92/><W15/><G106/><T21/><D41/><U6/><E6/><V62/><F43/><W88/><G116/><T18/><D108/><U34/><E34/><V93/><F93/><W28/><G28/><T14/><D75/><U8/><REACH who="1" step="1"/><E42/><REACH who="1" ten="289,227,237,237" step="2"/><V82/><F82/><W11/><G72/><T134/><D134/><U36/><E36/><V32/><F27/><W19/><G5/><T119/><D119/><U38/><E38/><V39/><F39/><W109/><G37/><T23/><D81/><U63/><E63/><V77/><F77/><W127/><G127/><T71/><D71/><U46/><E46/><V25/><F25/><W64/><G47/><T24/><D24/><U51/><E51/><V68/><REACH who="2" step="1"/><F62/><REACH who="2" ten="289,227,227,237" step="2"/><W122/><G122/><T69/><D69/><U101/><E101/><V96/><F96/><W55/><G103/><N who="0" m="60919" /><D9/><U131/><E131/><V98/><F98/><W110/><G102/><T76/><D76/><U117/><E117/><V4/><F4/><W80/><G10/><T13/><D13/><AGARI ba="1,2" hai="8,13,16,40,45,48,53,59,60,84,89,95,132,135" machi="13" ten="40,8000,1" yaku="1,1,54,1,53,2" doraHai="114" doraHaiUra="128" who="1" fromWho="0" sc="289,-83,227,103,227,0,237,0" /><INIT seed="1,0,0,5,5,131" ten="206,330,227,237" oya="1" hai0="5,9,124,112,64,21,87,127,39,44,70,125,11" hai1="129,88,117,104,50,89,58,20,32,18,133,34,12" hai2="46,1,116,108,35,13,114,109,92,15,27,77,75" hai3="86,22,79,66,37,14,115,43,65,63,6,26,17"/><U10/><E117/><V3/><F75/><W102/><G115/><T118/><D118/><U132/><E129/><V82/><F46/><W85/><G102/><T25/><D112/><U49/><E104/><V130/><F92/><W98/><G98/><T54/><D70/><U29/><E49/><V97/><F114/><W31/><G6/><T2/><D64/><U7/><E29/><N who="2" m="19903" /><F97/><W135/><G79/><T67/><D67/><U99/><E50/><V121/><F82/><W110/><G110/><N who="2" m="42601" /><F77/><W81/><G66/><T83/><D11/><U59/><E59/><V123/><F116/><W53/><G53/><T94/><D94/><N who="1" m="56775" /><E89/><V96/><F96/><W71/><G81/><T126/><N who="0" m="32256" /><DORA hai="134" /><T72/><D54/><U101/><E58/><V47/><F47/><W128/><G71/><T4/><D4/><U42/><E42/><V30/><F30/><W36/><G43/><N who="0" m="22655" /><D87/><U90/><E101/><V73/><F73/><W113/><G86/><T0/><D83/><U100/><E100/><V19/><F15/><W69/><G14/><N who="0" m="5423" /><D72/><U57/><E90/><V8/><F130/><W74/><G74/><T45/><D45/><U122/><E122/><AGARI ba="0,0" hai="1,3,8,13,19,121,122,123" m="42601,19903" machi="122" ten="30,3900,0" yaku="14,1,34,2" doraHai="131,134" who="2" fromWho="1" sc="206,0,330,-39,227,39,237,0" /><INIT seed="2,0,0,3,4,130" ten="206,291,266,237" oya="2" hai0="50,89,83,114,74,4,14,48,98,61,57,128,6" hai1="17,9,3,126,8,76,90,36,91,109,21,85,80" hai2="66,11,5,87,24,75,124,131,108,65,104,123,30" hai3="45,105,86,25,132,122,37,117,55,20,129,67,119"/><V23/><F75/><W77/><G122/><T120/><D128/><U63/><E36/><V127/><F123/><W10/><G105/><T115/><D120/><U95/><E126/><N who="2" m="48171" /><F131/><W82/><G129/><T97/><D115/><U94/><E109/><V102/><F87/><W7/><G67/><T73/><D114/><U60/><E94/><V15/><F108/><W112/><G112/><T125/><D125/><U111/><E111/><V41/><F41/><W54/><G117/><T27/><D27/><U96/><E90/><V47/><F47/><W79/><G79/><T42/><D74/><U35/><E35/><V28/><F28/><W39/><G119/><T12/><D73/><U52/><E3/><V34/><F34/><W53/><G45/><T56/><D42/><U38/><E38/><V121/><F121/><W46/><G46/><T2/><D2/><U134/><E134/><V44/><F44/><W22/><G37/><T72/><D72/><U51/><E51/><N who="0" m="19497" /><D83/><U58/><REACH who="1" step="1"/><E63/><REACH who="1" ten="206,281,266,237" step="2"/><V59/><F104/><W49/><G39/><T26/><D61/><U135/><E135/><V19/><F102/><W33/><G132/><T78/><D78/><U70/><E70/><V92/><F92/><W107/><G49/><T99/><D89/><U16/><E16/><V68/><F68/><W13/><G107/><T93/><D93/><U118/><E118/><V71/><F71/><W116/><G116/><T69/><D69/><U81/><E81/><V32/><F59/><N who="0" m="22602" /><D26/><AGARI ba="0,1" hai="8,9,17,21,26,52,58,60,76,80,85,91,95,96" machi="26" ten="30,12000,2" yaku="1,1,7,1,25,2,8,1,54,1,53,1" doraHai="130" doraHaiUra="84" who="1" fromWho="0" sc="206,-120,281,130,266,0,237,0" /><AGARI ba="0,0" hai="5,11,15,19,23,24,26,30,32,65,66" m="48171" machi="26" ten="30,1500,0" yaku="18,1" doraHai="130" who="2" fromWho="0" sc="86,-15,411,0,266,15,237,0" /><INIT seed="2,1,0,4,2,126" ten="71,411,281,237" oya="2" hai0="46,132,135,38,75,80,1,124,22,16,69,29,65" hai1="4,63,52,116,40,49,73,90,100,108,118,92,17" hai2="98,102,44,119,107,23,125,110,68,130,42,120,129" hai3="55,11,9,5,56,133,57,103,41,61,0,48,54"/><V97/><F68/><W117/><G117/><T50/><D38/><U91/><E73/><V74/><F119/><W32/><G133/><N who="0" m="51275" /><D1/><U89/><E108/><V45/><F74/><W79/><G41/><N who="0" m="24911" /><D29/><U13/><E4/><V10/><F120/><W37/><G37/><T36/><D36/><U39/><E39/><V96/><F10/><W53/><G79/><N who="0" m="44159" /><D124/><U77/><E77/><V95/><F125/><W27/><G9/><T8/><D8/><U122/><E122/><V83/><F110/><W28/><G103/><T111/><D111/><U35/><E35/><V34/><F34/><W84/><G84/><T21/><D21/><U64/><E40/><V71/><F71/><W43/><G43/><T112/><D112/><U121/><E121/><V104/><F23/><W33/><G33/><T72/><D72/><U3/><E3/><V134/><F134/><W93/><G93/><T2/><D2/><U94/><E100/><N who="2" m="62863" /><F42/><W85/><G85/><T105/><D105/><U47/><E118/><V25/><F25/><W70/><G70/><T67/><D69/><U19/><E116/><V76/><F44/><W78/><G78/><T87/><D87/><U15/><E94/><V30/><F45/><W123/><G123/><T14/><AGARI ba="1,0" hai="14,16,22,65,67" m="44159,24911,51275" machi="14" ten="30,2000,0" yaku="20,1,54,1" doraHai="126" who="0" fromWho="0" sc="71,23,411,-6,281,-11,237,-6" /><INIT seed="3,0,0,0,3,50" ten="94,405,270,231" oya="3" hai0="22,128,120,57,122,33,45,129,107,56,7,10,64" hai1="28,3,75,135,98,15,93,97,9,101,14,49,43" hai2="46,72,115,25,61,37,70,2,26,18,29,74,53" hai3="133,16,99,27,44,31,108,79,55,121,6,89,71"/><W20/><G121/><T69/><D107/><U48/><E75/><V54/><F2/><W58/><G71/><T85/><D33/><U96/><E135/><V111/><F115/><W39/><G133/><T47/><D22/><U1/><E28/><V76/><F111/><W88/><G6/><T92/><D85/><U41/><E101/><V24/><F29/><W63/><G79/><T12/><D92/><U11/><E98/><V13/><F37/><W8/><G108/><T102/><D102/><U5/><E93/><V42/><F70/><W119/><G99/><T68/><D12/><U123/><REACH who="1" step="1"/><E5/><REACH who="1" ten="94,395,270,231" step="2"/><V23/><F74/><W106/><G106/><T81/><D7/><U62/><E62/><V103/><F72/><W82/><G82/><T124/><D81/><U77/><E77/><V67/><F76/><W105/><G105/><T73/><D73/><U30/><E30/><V80/><F103/><W40/><G119/><T95/><D95/><U19/><E19/><V0/><F0/><W126/><G126/><T84/><D84/><U125/><E125/><V118/><F80/><W36/><G31/><T91/><D91/><U104/><E104/><V109/><F109/><W100/><G100/><T51/><D124/><U52/><E52/><N who="2" m="20075" /><F118/><W113/><G113/><T94/><D94/><U66/><E66/><V90/><F90/><N who="3" m="34923" /><G8/><T38/><D10/><U87/><E87/><V131/><F61/><W110/><G110/><T130/><D64/><U34/><E34/><V114/><F67/><W86/><G86/><T65/><D65/><U60/><E60/><V112/><F112/><RYUUKYOKU ba="0,1" sc="94,-15,395,15,270,-15,231,15" hai1="1,3,9,11,14,15,41,43,48,49,96,97,123" hai3="16,20,27,36,39,40,44,55,58,63" /><INIT seed="3,1,1,4,3,77" ten="79,410,255,246" oya="3" hai0="123,99,16,107,117,68,91,89,106,50,93,90,27" hai1="33,43,18,4,130,82,34,12,49,80,59,56,36" hai2="104,118,37,52,108,17,29,70,24,78,40,57,39" hai3="55,61,38,115,86,58,42,76,31,132,53,129,47"/><W0/><G115/><T97/><D68/><U128/><E36/><V75/><F108/><W102/><G0/><T48/><D123/><U112/><E112/><V8/><F118/><W69/><G69/><T35/><D35/><N who="1" m="13323" /><E4/><V98/><F70/><W71/><G71/><T72/><D117/><U6/><E6/><V133/><F133/><W103/><G31/><T85/><D72/><U60/><E43/><V134/><F134/><W64/><G132/><T2/><D2/><U116/><E49/><N who="0" m="19049" /><D107/><U94/><E94/><V5/><F40/><W45/><G129/><N who="1" m="49770" /><E116/><V20/><F29/><W25/><G25/><T113/><D106/><U28/><E28/><V127/><F127/><W125/><G125/><T26/><D113/><U22/><E59/><V32/><F32/><W105/><G47/><T14/><D85/><U63/><E63/><V100/><F78/><W110/><G110/><T131/><D131/><U67/><AGARI ba="1,1" hai="12,18,22,56,60,67,80,82" m="49770,13323" machi="67" ten="30,4000,0" yaku="19,1,52,2" doraHai="77" who="1" fromWho="1" sc="79,-11,410,53,255,-11,246,-21" /><INIT seed="4,0,0,3,1,29" ten="68,463,244,225" oya="0" hai0="124,99,74,33,42,28,68,100,70,2,129,16,55" hai1="23,18,5,114,95,7,56,40,3,87,134,109,65" hai2="130,89,115,94,19,50,128,103,113,22,107,83,69" hai3="81,90,110,9,62,15,88,116,106,51,14,78,57"/><T21/><D2/><U59/><E114/><N who="2" m="43531" /><F69/><W61/><G116/><T77/><D129/><N who="2" m="49770" /><F50/><W135/><G110/><T13/><D124/><U75/><E75/><V6/><F6/><N who="1" m="2057" /><E3/><V98/><F22/><W79/><G106/><T123/><D123/><U133/><E109/><V119/><F19/><N who="3" m="8655" /><G135/><T127/><D127/><U58/><E65/><V25/><F25/><W125/><G125/><T132/><D132/><U86/><E40/><V96/><F83/><W131/><G131/><T43/><D43/><U36/><E36/><V31/><F31/><W0/><G0/><T117/><D117/><AGARI ba="0,0" hai="89,94,96,98,103,107,117,119" m="49770,43531" machi="117" ten="40,8000,1" yaku="15,1,19,1,34,2" doraHai="29" who="2" fromWho="0" sc="68,-80,463,0,244,80,225,0" owari="-12,-51.0,463,56.0,324,12.0,225,-17.0" /></mjloggm>