<mjloggm ver="2.3"><GO type="169" lobby="0"/><UN n0="%E3%83%88%E3%83%88%E3%83%AA%E5%85%88%E7%94%9F%31%39%E6%AD%B3" n1="%4E%47%EF%BC%A0%E5%B7%9D%E6%9D%91%E8%BB%8D%E5%9B%A3" n2="%E3%83%A9%E3%83%A0%E3%83%80%E3%81%95%E3%82%93" n3="%E3%81%86%E3%82%89%E3%81%97%E3%81%92%E3%82%8B" dan="18,17,16,16" rate="2226.69,2134.99,2175.59,2120.78" sx="F,M,M,M"/><TAIKYOKU oya="0"/><INIT seed="0,0,0,3,5,6" ten="250,250,250,250" oya="0" hai0="5,24,51,11,111,41,94,37,90,29,134,3,92" hai1="13,58,35,20,123,76,8,87,117,115,107,31,80" hai2="132,43,9,118,119,73,33,70,98,1,53,106,28" hai3="122,105,68,86,34,79,131,4,14,91,84,125,18"/><T75/><D75/><U10/><E117/><V23/><F23/><W54/><G34/><T39/><D134/><U116/><E116/><N who="2" m="44587" /><F53/><W59/><G125/><T72/><D72/><U88/><E123/><V104/><F43/><W55/><G68/><T63/><D111/><U89/><E107/><N who="2" m="41003" /><F73/><W21/><G122/><T15/><D92/><U82/><E115/><V62/><F98/><W101/><G131/><T12/><D63/><U30/><E35/><V7/><F132/><W0/><G0/><T48/><D48/><U32/><E32/><V74/><F74/><W49/><G4/><T19/><D51/><U128/><E128/><V66/><F33/><W114/><G114/><T124/><D124/><U121/><E121/><V112/><F28/><N who="1" m="10793" /><E58/><V85/><F85/><W25/><G79/><T135/><D135/><U36/><E36/><V113/><AGARI ba="0,0" hai="1,7,9,62,66,70,112,113" m="41003,44587" machi="113" ten="40,5200,0" yaku="12,1,23,1,52,1" doraHai="6" who="2" fromWho="2" sc="250,-26,250,-13,250,52,250,-13" /><INIT seed="1,0,0,1,4,94" ten="224,237,302,237" oya="1" hai0="105,57,22,124,81,78,3,117,34,32,42,45,41" hai1="26,127,35,108,103,132,110,101,8,106,17,116,62" hai2="11,87,131,69,89,92,59,23,30,98,77,44,54" hai3="121,79,135,13,134,6,21,70,48,83,96,64,84"/><U18/><E116/><V80/><F69/><W38/><G38/><T90/><D117/><U126/><E132/><V29/><F131/><W111/><G121/><T95/><D105/><U133/><E133/><N who="3" m="50698" /><G111/><N who="1" m="42538" /><E62/><V109/><F109/><W115/><G115/><T7/><D124/><N who="1" m="47659" /><E8/><V97/><F44/><W75/><G64/><T65/><D41/><U114/><E114/><V50/><F11/><N who="3" m="4343" /><G70/><T100/><D42/><U28/><E103/><V123/><F123/><W24/><G48/><T31/><D100/><U37/><E37/><V14/><REACH who="2" step="1"/><F98/><AGARI ba="0,0" hai="17,18,26,28,35,98,101,106" m="47659,42538" machi="98" ten="30,11600,0" yaku="14,1,10,1,18,1,52,1" doraHai="94" who="1" fromWho="2" sc="224,0,237,116,302,-116,237,0" /><INIT seed="1,1,0,1,0,66" ten="224,353,186,237" oya="1" hai0="110,29,107,131,113,134,95,98,132,61,58,133,37" hai1="88,8,90,124,19,65,55,108,24,32,11,100,126" hai2="86,118,52,45,16,129,80,60,39,127,119,105,1" hai3="56,120,63,33,85,106,76,43,87,96,22,51,10"/><U57/><E65/><V0/><F105/><W99/><G33/><T116/><D113/><U102/><E108/><V89/><F129/><W53/><G106/><T71/><D116/><U20/><E32/><V94/><F127/><N who="1" m="48681" /><E102/><V4/><F0/><W103/><G120/><T17/><D37/><U49/><E100/><V75/><F4/><W7/><G22/><T30/><D107/><U54/><E55/><V47/><F1/><W104/><G99/><T68/><D110/><U59/><E59/><V62/><F75/><W5/><G76/><T46/><D17/><U28/><E19/><V40/><F80/><W114/><G114/><T97/><D46/><U36/><E36/><V112/><F112/><W21/><G21/><T84/><D84/><U81/><E81/><V12/><F62/><W42/><G5/><T79/><D79/><U31/><E31/><N who="0" m="11785" /><D131/><U18/><E18/><V67/><F67/><W109/><G109/><T23/><D23/><U15/><E15/><V14/><F14/><W25/><G25/><T111/><D111/><U6/><E6/><V44/><F44/><W121/><G121/><T35/><D35/><U123/><E123/><V92/><F92/><W115/><G115/><T82/><D82/><U13/><E13/><V70/><F70/><N who="0" m="26666" /><D95/><U26/><E26/><V48/><REACH who="2" step="1"/><F60/><REACH who="2" ten="224,353,176,237" step="2"/><W135/><G63/><T73/><D73/><U130/><E130/><V50/><F50/><W41/><REACH who="3" step="1"/><G135/><REACH who="3" ten="224,353,176,227" step="2"/><T69/><N who="0" m="26674" /><T93/><DORA hai="38" /><D93/><U101/><E24/><V3/><F3/><AGARI ba="1,2" hai="3,7,10,41,42,43,51,53,56,85,87,96,103,104" machi="3" ten="40,8000,1" yaku="1,1,52,3,53,0" doraHai="66,38" doraHaiUra="64,122" who="3" fromWho="2" sc="224,0,353,0,176,-83,227,103" /><INIT seed="2,0,0,0,2,91" ten="224,353,93,330" oya="2" hai0="101,50,57,131,92,4,40,33,41,74,18,93,107" hai1="48,65,109,37,14,43,31,134,115,95,119,67,125" hai2="116,35,47,104,118,71,111,88,135,112,90,36,133" hai3="30,79,82,5,132,34,20,102,121,130,76,10,38"/><V96/><F71/><W114/><G121/><T72/><D33/><U24/><E119/><N who="2" m="45611" /><F35/><W127/><G127/><T54/><D131/><U19/><E115/><V21/><F36/><W87/><G130/><T26/><D4/><U106/><E106/><V45/><F21/><W51/><G38/><T128/><D128/><U22/><E37/><V75/><F47/><W16/><G114/><T55/><D74/><U49/><E125/><V97/><F45/><W23/><G34/><T9/><D72/><U120/><E120/><V89/><F112/><W123/><G123/><T124/><D101/><U39/><E39/><V117/><N who="2" m="45619" /><V11/><DORA hai="32" /><F11/><W7/><G102/><T110/><D107/><U25/><E25/><V61/><F61/><W17/><G30/><T29/><D110/><U108/><E134/><N who="2" m="51211" /><F111/><W100/><G132/><T0/><D124/><U15/><E43/><N who="0" m="16457" /><D0/><U84/><E109/><V53/><F53/><W6/><G10/><T129/><D129/><U98/><E108/><V81/><F104/><W62/><G62/><N who="0" m="36151" /><D29/><U2/><E2/><V99/><F75/><W46/><G23/><N who="0" m="13687" /><D9/><U59/><E31/><V70/><F70/><W68/><G20/><T122/><D122/><U66/><E22/><V44/><F44/><AGARI ba="0,0" hai="44,50,55,92,93" m="13687,36151,16457" machi="44" ten="30,3900,0" yaku="8,1,52,2" doraHai="91,32" who="0" fromWho="2" sc="224,39,353,0,93,-39,330,0" /><INIT seed="3,0,0,5,3,7" ten="263,353,54,330" oya="3" hai0="130,12,98,93,125,9,99,67,14,29,43,104,37" hai1="10,116,50,66,39,122,111,127,123,28,109,114,4" hai2="21,87,23,92,73,102,48,81,110,44,24,131,1" hai3="119,118,30,42,75,19,91,36,133,16,0,25,97"/><W89/><G75/><T103/><D130/><U85/><E39/><V90/><F1/><W57/><G0/><T26/><D125/><U55/><E127/><V76/><F131/><W71/><G71/><T35/><D67/><U32/><E66/><V70/><F70/><W96/><G133/><T13/><D43/><U45/><E114/><V82/><F110/><N who="1" m="41993" /><E116/><V61/><F61/><W132/><G132/><T11/><REACH who="0" step="1"/><D37/><REACH who="0" ten="253,353,54,330" step="2"/><U107/><E123/><V113/><F113/><W95/><G42/><T22/><D22/><U135/><E122/><V58/><F21/><N who="3" m="15663" /><G36/><T78/><D78/><U6/><E135/><V68/><F23/><W15/><G119/><T56/><D56/><U105/><E32/><V18/><F58/><W77/><G118/><T94/><D94/><U80/><E107/><V46/><F92/><N who="3" m="56335" /><G77/><T38/><D38/><U49/><E105/><V52/><F68/><W84/><G84/><T69/><D69/><U51/><E85/><V63/><F76/><W40/><G40/><T17/><D17/><U47/><E47/><V60/><F46/><W124/><G124/><T74/><D74/><U83/><E45/><V59/><F73/><W115/><G115/><T126/><D126/><U117/><E117/><V64/><F44/><W134/><G134/><T112/><D112/><U20/><E20/><V2/><F18/><N who="3" m="6699" /><G57/><T65/><D65/><U8/><E83/><V88/><F81/><W129/><G129/><T33/><D33/><U121/><E80/><V79/><F82/><W34/><G34/><T54/><D54/><U106/><E55/><V86/><F52/><RYUUKYOKU ba="0,1" sc="253,15,353,-15,54,-15,330,15" hai0="9,11,12,13,14,26,29,35,93,98,99,103,104" hai3="15,91,95,97" /><INIT seed="3,1,1,0,5,55" ten="268,338,39,345" oya="3" hai0="95,62,5,98,130,63,32,91,3,81,85,106,67" hai1="135,104,29,56,102,83,122,99,114,49,121,120,123" hai2="68,118,27,26,128,100,134,97,57,40,11,88,71" hai3="105,6,92,0,110,93,22,1,76,66,8,113,20"/><W87/><G113/><T107/><D32/><U73/><E114/><V69/><F118/><W74/><G74/><T14/><D3/><U64/><E135/><V37/><F134/><W23/><G105/><T96/><D130/><U17/><E29/><V21/><F128/><W125/><G125/><T53/><D96/><U89/><E123/><V24/><F37/><W34/><G34/><T15/><D53/><U39/><E39/><V111/><F40/><W51/><G110/><T48/><D48/><U25/><E25/><V42/><F42/><W61/><G51/><T108/><D62/><U19/><E49/><V72/><F72/><W54/><G54/><T50/><D50/><U132/><E132/><V10/><F21/><W86/><G0/><T9/><D15/><U47/><E47/><V13/><F111/><W12/><G1/><T38/><D38/><U94/><E64/><V78/><F78/><W60/><G60/><T115/><D115/><U45/><E45/><V46/><F46/><W58/><G76/><T90/><REACH who="0" step="1"/><D108/><REACH who="0" ten="258,338,39,345" step="2"/><U75/><E122/><V131/><F131/><W65/><G65/><T43/><D43/><U36/><E36/><V129/><F129/><W41/><G41/><T77/><D77/><U127/><E121/><V7/><F13/><W70/><G70/><AGARI ba="1,2" hai="5,9,14,63,67,70,81,85,90,91,95,98,106,107" machi="70" ten="30,2000,0" yaku="1,1,7,1,53,0" doraHai="55" doraHaiUra="124" who="0" fromWho="3" sc="258,43,338,0,39,0,345,-23" /><INIT seed="4,0,0,5,2,115" ten="301,338,39,322" oya="0" hai0="134,34,33,10,47,31,119,96,54,133,28,88,69" hai1="8,2,99,20,36,110,25,61,67,68,37,0,116" hai2="83,65,48,45,32,23,50,58,49,70,16,120,126" hai3="81,40,21,87,17,91,114,35,84,104,132,89,44"/><T101/><D69/><U108/><E116/><V39/><F120/><W46/><G35/><N who="0" m="13323" /><D10/><U73/><E73/><V100/><F32/><W130/><G114/><T92/><D101/><U125/><E125/><V56/><F126/><W98/><G130/><T41/><D54/><U72/><E72/><V55/><F100/><W5/><G132/><N who="0" m="50795" /><D119/><U74/><E74/><V105/><F105/><W117/><G117/><T7/><D7/><U42/><E99/><V106/><F106/><W107/><G98/><T30/><D30/><U43/><E43/><V11/><F11/><W13/><G5/><T18/><D18/><U93/><E93/><V22/><F22/><W62/><G62/><T103/><D103/><U38/><E42/><V80/><F70/><W128/><G128/><T90/><D90/><U135/><E135/><V97/><F97/><W77/><G77/><T12/><D12/><U24/><E8/><V14/><F39/><AGARI ba="0,0" hai="28,31,39,41,47,88,92,96" m="50795,13323" machi="39" ten="30,2900,0" yaku="20,1,54,1" doraHai="115" who="0" fromWho="2" sc="301,29,338,0,39,-29,322,0" /><INIT seed="4,1,0,5,2,17" ten="330,338,10,322" oya="0" hai0="44,10,117,108,90,78,97,12,94,68,28,24,118" hai1="107,112,11,100,8,131,35,61,125,2,56,55,116" hai2="46,84,130,42,87,132,36,134,135,9,111,101,96" hai3="40,76,18,52,6,81,103,126,72,3,122,13,95"/><T25/><D68/><U26/><E116/><V77/><F111/><W14/><G126/><T109/><D78/><U71/><E125/><V57/><F130/><W37/><G122/><T7/><D25/><U41/><E41/><V19/><F57/><W129/><G129/><T127/><D127/><U106/><E131/><V32/><F32/><W128/><G128/><T115/><D115/><U0/><E71/><V86/><F77/><W114/><G114/><T104/><D104/><U66/><E55/><V5/><F19/><W20/><G52/><T23/><REACH who="0" step="1"/><D44/><REACH who="0" ten="320,338,10,322" step="2"/><U73/><E107/><V65/><F65/><W69/><G69/><T123/><D123/><U15/><E106/><V48/><F36/><W133/><G37/><T60/><D60/><U63/><E61/><V82/><F101/><W16/><G133/><T75/><D75/><U38/><E73/><V51/><F51/><W113/><G113/><T92/><D92/><U79/><E100/><V34/><F34/><W120/><G120/><T83/><D83/><U98/><E79/><N who="2" m="46175" /><F96/><W110/><G95/><T39/><D39/><U53/><E98/><V88/><F88/><W93/><G103/><T29/><D29/><N who="1" m="19895" /><E38/><V121/><F121/><W119/><G93/><T49/><D49/><N who="1" m="30767" /><E112/><V31/><F31/><W124/><G124/><T50/><D50/><U27/><E66/><V1/><AGARI ba="1,1" hai="1,5,9,42,46,48,86,87,132,134,135" m="46175" machi="1" ten="30,1100,0" yaku="20,1" doraHai="17" who="2" fromWho="2" sc="320,-6,338,-4,10,24,322,-4" /><INIT seed="5,0,0,0,0,128" ten="314,334,34,318" oya="1" hai0="93,99,110,55,24,125,21,103,85,28,71,43,87" hai1="82,131,46,130,119,19,81,33,11,29,53,108,129" hai2="95,127,39,76,51,30,44,27,13,59,47,26,104" hai3="20,67,126,62,42,112,10,22,48,98,91,106,74"/><U17/><E119/><V7/><F104/><W36/><G74/><T97/><D110/><U86/><E108/><V77/><F127/><W101/><G36/><T78/><D71/><U80/><E86/><V115/><F115/><W25/><G126/><T9/><D125/><U72/><E72/><V65/><F39/><W23/><G112/><T49/><D43/><U15/><E19/><V68/><F68/><W113/><G113/><T64/><D64/><U123/><E123/><V132/><F132/><W102/><G102/><T90/><D9/><U37/><E37/><V18/><F7/><W134/><G10/><T121/><D121/><U117/><E117/><V120/><F120/><W0/><G0/><T114/><D114/><U100/><E100/><V109/><F109/><W105/><G105/><T14/><D14/><U3/><E3/><V34/><F27/><W107/><G107/><T118/><D118/><U56/><E46/><V88/><F47/><W58/><G134/><T57/><REACH who="0" step="1"/><D103/><REACH who="0" ten="304,334,34,318" step="2"/><U8/><E11/><V75/><F65/><W63/><G42/><T89/><D89/><U6/><E6/><V40/><F13/><W116/><G116/><T73/><D73/><U16/><E17/><V66/><F75/><W84/><G67/><T35/><D35/><U12/><E12/><V2/><F18/><W1/><G1/><T79/><D79/><U32/><REACH who="1" step="1"/><E29/><REACH who="1" ten="304,324,34,318" step="2"/><V61/><REACH who="2" step="1"/><F2/><REACH who="2" ten="304,324,24,318" step="2"/><W41/><G106/><T70/><D70/><U52/><E52/><V50/><F50/><AGARI ba="0,3" hai="8,15,16,32,33,50,53,56,80,81,82,129,130,131" machi="50" ten="50,12000,1" yaku="1,1,19,1,54,1,53,1" doraHai="128" doraHaiUra="54" who="1" fromWho="2" sc="304,0,324,150,24,-120,318,0" owari="304,-10.0,474,58.0,-96,-60.0,318,12.0" /></mjloggm>