<mjloggm ver="2.3"><GO type="97" lobby="0"/><UN n0="%E3%82%AF%E3%83%AC%E3%83%BC%E6%8E%A2%E5%81%B5" n1="%52%2E%4E%2E%E3%81%9B%E3%82%93%E3%81%9A%E3%82%8A" n2="%E5%B0%B1%E6%B4%BB%E7%94%9F%40%E5%B7%9D%E6%9D%91%E8%BB%8D%E5%9B%A3" n3="%E6%AD%A3%E5%A4%AB" dan="13,14,15,14" rate="1811.89,1959.52,1957.85,1895.25" sx="M,M,M,M"/><TAIKYOKU oya="0"/><INIT seed="0,0,0,0,1,128" ten="250,250,250,250" oya="0" hai0="77,87,21,0,20,108,100,11,117,42,122,78,133" hai1="1,124,90,83,26,62,33,79,23,71,22,47,115" hai2="97,25,49,75,35,51,6,41,85,61,10,131,119" hai3="130,81,118,38,12,92,103,3,102,45,44,24,48"/><T125/><D122/><U135/><E1/><V7/><F75/><W80/><G118/><T46/><D117/><U98/><E124/><V58/><F119/><W66/><G3/><T72/><D100/><U99/><E115/><V17/><F131/><W28/><G130/><T55/><D125/><U14/><E33/><V113/><F113/><W94/><G38/><T50/><D133/><U13/><E135/><V18/><F97/><W57/><G12/><T34/><D34/><U132/><E132/><V59/><F85/><W67/><G57/><T95/><D108/><U31/><E47/><V64/><F35/><W37/><G37/><T73/><D73/><U127/><E127/><V60/><F25/><W56/><G56/><T54/><D77/><U40/><E40/><V111/><F111/><W29/><REACH who="3" step="1"/><G48/><REACH who="3" ten="250,250,250,240" step="2"/><T76/><D50/><U96/><E71/><V116/><F116/><W104/><G104/><T112/><D0/><U123/><E123/><V106/><F106/><W19/><G19/><T36/><D36/><U107/><E14/><V68/><F68/><W4/><G4/><T93/><D112/><U15/><E15/><V9/><F64/><W88/><G88/><T69/><D69/><U84/><E107/><V39/><F39/><W129/><G129/><T121/><D121/><U105/><E105/><V89/><F89/><W30/><G30/><T101/><D78/><U5/><E79/><V82/><F41/><W109/><G109/><T114/><D76/><U53/><E5/><V8/><F8/><W16/><G16/><T32/><D114/><U63/><E53/><RYUUKYOKU ba="0,1" sc="250,-30,250,10,250,10,240,10" hai1="13,22,23,26,31,62,63,83,84,90,96,98,99" hai2="6,7,9,10,17,18,49,51,58,59,60,61,82" hai3="24,28,29,44,45,66,67,80,81,92,94,102,103" /><INIT seed="1,1,1,0,2,130" ten="220,260,260,250" oya="1" hai0="21,36,133,86,46,27,98,71,34,102,44,116,9" hai1="45,60,25,3,91,129,41,78,56,87,69,95,127" hai2="66,48,18,22,132,68,5,51,37,100,32,76,16" hai3="70,75,90,94,113,125,40,118,1,49,42,73,128"/><U84/><E129/><V39/><F32/><W83/><G128/><T114/><D114/><U64/><E127/><V6/><F76/><W23/><G113/><T85/><D34/><U81/><E3/><V103/><F22/><W54/><G70/><T50/><D71/><U20/><E69/><V17/><F68/><W101/><G1/><T134/><D116/><U124/><E124/><V126/><F126/><W123/><G125/><T55/><D9/><U29/><E45/><V4/><F132/><N who="0" m="50794" /><D36/><N who="2" m="13898" /><F66/><W47/><G123/><T63/><D63/><U11/><E11/><V131/><F131/><W67/><G67/><T15/><D15/><U74/><REACH who="1" step="1"/><E41/><REACH who="1" ten="220,250,260,250" step="2"/><V120/><F120/><W61/><G40/><T26/><D46/><U31/><E31/><V72/><F72/><AGARI ba="1,2" hai="20,25,29,56,60,64,72,74,78,81,84,87,91,95" machi="72" ten="40,2000,0" yaku="1,1,53,0" doraHai="130" doraHaiUra="109" who="1" fromWho="2" sc="220,0,250,43,260,-23,250,0" /><INIT seed="1,2,0,2,2,36" ten="220,293,237,250" oya="1" hai0="1,42,47,115,112,130,6,17,45,101,25,78,129" hai1="87,53,40,29,132,50,110,113,121,3,117,92,76" hai2="135,51,38,116,10,49,91,122,8,14,100,61,90" hai3="20,33,59,2,22,128,69,127,24,15,103,64,81"/><U102/><E113/><V62/><F122/><W83/><G2/><T23/><D101/><U114/><E117/><V31/><F38/><W35/><G69/><T43/><D78/><U88/><E114/><V134/><F31/><W71/><G71/><T70/><D70/><U99/><E121/><V79/><F79/><W30/><G127/><T54/><D54/><U86/><E3/><V46/><F46/><W123/><G123/><T89/><D6/><U97/><E132/><N who="2" m="50731" /><F100/><W34/><G128/><N who="0" m="49259" /><D1/><U7/><E7/><V104/><F104/><W72/><G103/><T82/><D115/><U124/><E124/><V48/><F14/><W80/><G72/><T77/><D89/><N who="2" m="33802" /><F116/><W21/><G15/><T39/><D112/><U125/><E76/><V94/><F94/><W32/><G59/><T67/><D67/><AGARI ba="2,0" hai="20,21,22,24,30,32,33,34,35,64,67,80,81,83" machi="67" ten="50,3200,0" yaku="29,2" doraHai="36" who="3" fromWho="0" sc="220,-38,293,0,237,0,250,38" /><INIT seed="2,0,0,1,1,18" ten="182,293,237,288" oya="2" hai0="26,45,23,27,8,110,11,0,93,52,111,95,15" hai1="35,79,129,114,44,65,85,49,28,1,43,87,42" hai2="120,57,14,118,130,54,91,20,113,7,124,96,84" hai3="68,108,58,63,4,66,31,47,24,133,75,32,135"/><V127/><F118/><W2/><G75/><T62/><D0/><U112/><E1/><V69/><F69/><W99/><G108/><N who="0" m="41515" /><D27/><U10/><E129/><V61/><F120/><W100/><G58/><N who="0" m="35143" /><D45/><U106/><E44/><V105/><F113/><W98/><G47/><T89/><D15/><U41/><E112/><V78/><F78/><W72/><G72/><T6/><D6/><U37/><E79/><V125/><F130/><W16/><G16/><N who="0" m="12647" /><D95/><U126/><E106/><V64/><F105/><N who="3" m="63639" /><G99/><AGARI ba="0,0" hai="8,11,89,93,99" m="12647,35143,41515" machi="99" ten="30,8000,1" yaku="25,1,14,1,52,1,54,2" doraHai="18" who="0" fromWho="3" sc="182,80,293,0,237,0,288,-80" /><INIT seed="3,0,0,1,3,57" ten="262,293,237,208" oya="3" hai0="39,53,18,46,48,89,12,33,20,96,25,73,37" hai1="80,8,132,22,93,7,114,13,63,109,64,99,56" hai2="70,14,52,128,110,115,111,124,55,66,117,92,74" hai3="90,127,123,119,41,120,58,3,95,4,77,84,31"/><W44/><G119/><T38/><D73/><U106/><E109/><N who="2" m="41483" /><F74/><W71/><G71/><T102/><D89/><U1/><E132/><V54/><F117/><W35/><G127/><T21/><D33/><U26/><E114/><V15/><F115/><W116/><G116/><T50/><D50/><U34/><E106/><V23/><F124/><W60/><G77/><T94/><REACH who="0" step="1"/><D39/><REACH who="0" ten="252,293,237,208" step="2"/><U30/><E34/><V19/><F128/><W75/><G75/><T82/><D82/><U65/><E80/><V9/><F92/><W67/><G35/><T28/><AGARI ba="0,1" hai="12,18,20,21,25,28,37,38,46,48,53,94,96,102" machi="28" ten="20,2700,0" yaku="1,1,0,1,7,1,53,0" doraHai="57" doraHaiUra="61" who="0" fromWho="0" sc="252,37,293,-7,237,-7,208,-13" /><INIT seed="4,0,0,3,2,0" ten="289,286,230,195" oya="0" hai0="16,129,25,17,39,14,132,103,82,60,126,79,41" hai1="13,98,135,76,119,33,23,37,131,81,102,122,92" hai2="89,64,32,124,101,130,51,11,66,99,10,15,55" hai3="57,21,1,105,31,5,52,107,104,28,22,26,116"/><T120/><D120/><U47/><E122/><V72/><F32/><W12/><G116/><T18/><D126/><U133/><E119/><V58/><F124/><W113/><G113/><T134/><D129/><U8/><E33/><V88/><F72/><W50/><G1/><T44/><D103/><U85/><E131/><V95/><F130/><W61/><G12/><T35/><D60/><U42/><E23/><V97/><F11/><W108/><G108/><T127/><D127/><U40/><E40/><V117/><F117/><W53/><G5/><T27/><D14/><U38/><E38/><V114/><F114/><W84/><G84/><N who="0" m="48223" /><D35/><U115/><E115/><V68/><F68/><W30/><REACH who="3" step="1"/><G26/><REACH who="3" ten="289,286,230,185" step="2"/><T69/><D69/><U67/><E13/><V48/><F48/><W56/><AGARI ba="0,1" hai="21,22,28,30,31,50,52,53,56,57,61,104,105,107" machi="56" ten="40,8000,1" yaku="1,1,2,1,0,1,54,1,53,0" doraHai="0" doraHaiUra="70" who="3" fromWho="3" sc="289,-40,286,-20,230,-20,185,90" /><INIT seed="5,0,0,0,2,54" ten="249,266,210,275" oya="1" hai0="3,51,115,125,98,77,36,56,94,103,57,130,18" hai1="49,2,59,26,107,47,15,25,78,131,92,6,108" hai2="83,96,87,102,124,35,110,17,64,14,121,33,55" hai3="46,8,50,43,42,118,29,97,91,133,31,128,32"/><U85/><E107/><V7/><F121/><W90/><G118/><T39/><D115/><U53/><E2/><V41/><F110/><W20/><G32/><T114/><D114/><U40/><E131/><V123/><F123/><W16/><G128/><T62/><D130/><U73/><E73/><V69/><F124/><W93/><G133/><T127/><D3/><U106/><E106/><V95/><F7/><W58/><G42/><T116/><D116/><U79/><E108/><V24/><F41/><W113/><G113/><T52/><D77/><U132/><E132/><V60/><F55/><W11/><G90/><T67/><REACH who="0" step="1"/><D18/><REACH who="0" ten="239,266,210,275" step="2"/><U100/><E79/><V68/><F68/><W72/><G31/><T37/><AGARI ba="0,1" hai="36,37,39,51,52,56,57,62,67,94,98,103,125,127" machi="37" ten="40,12000,2" yaku="1,1,2,1,0,1,52,2,54,1,53,0" doraHai="54" doraHaiUra="10" who="0" fromWho="0" sc="239,130,266,-60,210,-30,275,-30" owari="369,46.0,206,-19.0,180,-32.0,245,5.0" /></mjloggm>