<mjloggm ver="2.3"><GO type="169" lobby="0"/><UN n0="%E3%83%8F%E3%82%A4%E3%83%86%E3%83%B3%E3%83%9C%E3%83%BC" n1="%E6%AD%A6%E8%A3%85%E5%95%86%E8%88%B9%E5%9B%A3" n2="%73%68%61%6F" n3="%E3%82%A6%E3%83%AB%E3%83%88%E3%83%A9%E7%AB%8B%E7%9B%B4" dan="16,17,17,17" rate="2111.23,2272.38,2160.56,2213.63" sx="M,M,M,M"/><TAIKYOKU oya="0"/><INIT seed="0,0,0,0,3,20" ten="250,250,250,250" oya="0" hai0="117,91,118,4,70,53,19,131,90,88,101,120,42" hai1="69,124,111,61,104,89,32,74,15,56,125,24,48" hai2="26,79,107,9,6,80,46,12,63,132,123,27,119" hai3="10,51,11,18,114,67,129,36,35,71,94,57,38"/><T130/><D70/><U49/><E111/><V87/><F123/><W73/><G73/><T21/><D120/><U40/><E74/><V62/><F107/><W55/><G35/><T23/><D101/><U13/><E104/><V93/><F132/><W58/><G10/><T45/><D4/><U25/><E69/><V14/><F119/><W78/><G78/><T60/><D60/><U31/><E89/><V1/><F1/><W83/><G18/><T97/><D53/><U115/><E115/><V68/><F14/><N who="1" m="5129" /><E32/><V34/><F34/><W127/><G11/><T81/><D81/><U135/><E135/><V112/><F112/><W47/><G94/><T65/><D65/><N who="1" m="39079" /><E31/><V106/><F106/><W85/><G83/><T44/><D97/><U39/><E39/><V5/><F5/><W105/><G105/><T29/><D29/><U37/><E37/><V128/><F128/><N who="0" m="49194" /><D42/><U96/><E96/><V92/><F63/><W33/><G129/><T16/><D23/><U134/><E134/><V76/><F76/><W50/><G33/><T75/><D75/><U122/><E122/><V22/><F22/><W66/><G114/><T108/><D108/><U30/><E30/><V113/><F113/><W82/><G71/><T52/><D21/><U116/><E116/><N who="0" m="44649" /><D52/><U99/><E99/><V98/><F68/><W3/><G55/><T2/><D2/><U8/><E40/><V133/><F133/><W103/><G67/><T102/><D102/><U95/><E8/><V64/><F64/><W17/><G66/><T121/><D121/><U126/><E95/><V77/><F93/><RYUUKYOKU ba="0,0" sc="250,15,250,15,250,-15,250,-15" hai0="16,19,44,45,88,90,91" hai1="24,25,48,49,124,125,126" /><INIT seed="0,1,0,0,0,36" ten="265,265,235,235" oya="0" hai0="102,78,52,134,82,89,94,70,54,35,100,106,127" hai1="8,88,90,34,50,20,92,110,97,67,113,42,66" hai2="13,32,15,49,112,16,131,31,132,45,38,58,55" hai3="128,33,14,69,30,62,81,19,72,11,98,4,57"/><T123/><D123/><U124/><E34/><V21/><F112/><W46/><G69/><T2/><D70/><U26/><E113/><V80/><F131/><W12/><G128/><T10/><D35/><U41/><E124/><V47/><F132/><W117/><G117/><T76/><D134/><U74/><E74/><V96/><F15/><W18/><G30/><T111/><D127/><U17/><E110/><V105/><F80/><W56/><G56/><T84/><D111/><U130/><E130/><V61/><F38/><W9/><G98/><N who="0" m="61783" /><D100/><U135/><E135/><V125/><F125/><W86/><G33/><T95/><D95/><N who="1" m="56567" /><E8/><V24/><F105/><W29/><G29/><T22/><D76/><U43/><E50/><V104/><F104/><W99/><G99/><AGARI ba="1,0" hai="17,20,26,41,42,43,66,67,88,92,99" m="56567" machi="99" ten="30,8000,1" yaku="8,1,52,3,54,1" doraHai="36" who="1" fromWho="3" sc="265,0,265,83,235,0,235,-83" /><INIT seed="1,0,0,4,3,84" ten="265,348,235,152" oya="1" hai0="69,81,1,114,47,38,120,59,95,74,115,48,110" hai1="76,133,7,83,50,102,51,67,5,78,96,24,121" hai2="85,11,98,49,90,123,92,64,61,0,23,2,80" hai3="60,72,66,4,134,63,43,135,15,34,77,30,117"/><U62/><E121/><V8/><F123/><W17/><G4/><T10/><D69/><U112/><E112/><V6/><F23/><W37/><G117/><T94/><D120/><U100/><E133/><V12/><F49/><N who="1" m="18441" /><E24/><V3/><F11/><W68/><G60/><T19/><D59/><N who="1" m="37343" /><E83/><V33/><F33/><W111/><G111/><T39/><D110/><U40/><E40/><V89/><REACH who="2" step="1"/><F3/><REACH who="2" ten="265,348,225,152" step="2"/><W127/><G34/><T21/><D1/><U20/><E20/><V52/><F52/><W28/><G135/><T65/><D10/><U44/><E44/><V55/><F55/><W27/><G134/><T29/><D115/><U18/><E18/><V97/><F97/><W118/><G17/><T124/><D19/><U75/><E5/><V26/><F26/><W108/><G27/><T71/><D47/><U107/><E7/><V70/><AGARI ba="0,1" hai="0,2,6,8,12,61,64,70,80,85,89,90,92,98" machi="70" ten="20,8000,1" yaku="1,1,0,1,7,1,52,2,53,0" doraHai="84" doraHaiUra="122" who="2" fromWho="2" sc="265,-20,348,-40,225,90,152,-20" /><INIT seed="2,0,0,4,3,40" ten="245,308,315,132" oya="2" hai0="54,125,118,47,79,17,73,135,62,36,50,101,75" hai1="35,96,45,126,88,109,127,67,12,132,14,30,63" hai2="11,97,25,51,78,128,91,44,86,49,120,80,31" hai3="21,76,84,108,114,85,107,77,123,64,111,60,46"/><V94/><F120/><W113/><G21/><T70/><D36/><U58/><E109/><N who="3" m="42058" /><G60/><T116/><D101/><U90/><E132/><V41/><F128/><W72/><G64/><T5/><D5/><U16/><E45/><V106/><F106/><W52/><G72/><T37/><D37/><U34/><E30/><V87/><F11/><W8/><G8/><T130/><D135/><U102/><E35/><V93/><F51/><N who="3" m="28791" /><G107/><T112/><D130/><U117/><E34/><V59/><F59/><W22/><G22/><T74/><D62/><U6/><E6/><V26/><REACH who="2" step="1"/><F31/><REACH who="2" ten="245,308,305,132" step="2"/><W104/><G104/><T20/><D70/><U57/><E57/><V124/><F124/><W23/><G123/><T0/><D125/><U99/><E58/><V68/><F68/><W38/><G38/><T119/><D119/><U131/><E117/><V115/><F115/><N who="3" m="44043" /><G23/><T33/><D112/><U3/><E131/><V27/><F27/><W56/><G56/><T1/><D118/><U92/><E127/><V66/><F66/><W28/><G28/><T43/><D116/><U48/><E126/><V29/><F29/><W53/><G53/><T122/><D54/><U10/><E67/><V13/><F13/><W83/><G77/><T81/><D122/><U133/><E12/><V61/><F61/><W69/><G69/><T7/><D79/><U18/><E14/><V39/><F39/><W4/><G4/><T24/><D7/><U15/><E63/><V103/><AGARI ba="0,1" hai="25,26,41,44,49,78,80,86,87,91,93,94,97,103" machi="103" ten="20,12000,1" yaku="1,1,0,1,7,1,8,1,52,1,53,0" doraHai="40" doraHaiUra="65" who="2" fromWho="2" sc="245,-40,308,-40,305,130,132,-40" /><INIT seed="2,1,0,4,0,46" ten="205,268,435,92" oya="2" hai0="117,104,24,0,65,133,13,9,18,119,5,125,83" hai1="4,103,29,31,128,107,122,58,51,116,25,32,127" hai2="12,100,86,94,112,130,38,69,85,64,27,42,10" hai3="67,50,108,118,35,55,101,70,39,115,80,102,21"/><V88/><F112/><W113/><G35/><T59/><D104/><U106/><E116/><V66/><F130/><W17/><G39/><T87/><D24/><U45/><E128/><V1/><F1/><W71/><G118/><N who="0" m="45067" /><D133/><U77/><E127/><V44/><F69/><W3/><G3/><T131/><D131/><U54/><E122/><V53/><F100/><W135/><G80/><T36/><D36/><U95/><E31/><V93/><F27/><W134/><G21/><N who="0" m="11471" /><D125/><U62/><E77/><V22/><F22/><W105/><G17/><T30/><D30/><U74/><E74/><V11/><F11/><W68/><G67/><T96/><D96/><U120/><E120/><V34/><F34/><W43/><G43/><T98/><D98/><U28/><E28/><V48/><F94/><W23/><G105/><T60/><D87/><U97/><REACH who="1" step="1"/><E4/><REACH who="1" ten="205,258,435,92" step="2"/><V7/><REACH who="2" step="1"/><F86/><REACH who="2" ten="205,258,425,92" step="2"/><W129/><G129/><T123/><D123/><U79/><E79/><V57/><AGARI ba="1,2" hai="7,10,12,38,42,44,48,53,57,64,66,85,88,93" machi="57" ten="20,18000,2" yaku="1,1,2,1,0,1,7,1,52,1,54,1,53,0" doraHai="46" doraHaiUra="72" who="2" fromWho="2" sc="205,-61,258,-61,425,203,92,-61" /><INIT seed="2,2,0,5,4,92" ten="144,197,628,31" oya="2" hai0="5,48,102,36,77,24,126,34,4,80,6,78,68" hai1="72,25,66,40,70,26,87,28,67,16,50,123,54" hai2="10,88,11,81,114,23,47,59,32,106,29,52,39" hai3="112,7,104,71,100,17,57,97,3,94,65,119,130"/><V79/><F32/><W133/><G119/><T74/><D36/><U76/><E72/><V56/><F114/><W113/><G71/><T129/><D68/><U84/><E123/><V41/><F106/><W91/><G130/><T20/><D34/><U127/><E127/><V53/><F29/><W35/><G35/><T33/><D33/><U49/><E28/><V120/><F120/><W121/><G121/><T51/><D78/><U8/><E70/><V27/><F59/><W9/><G17/><T108/><D126/><U89/><E40/><V2/><F2/><W73/><G73/><T19/><D129/><U42/><E42/><V64/><F64/><N who="1" m="24617" /><E76/><V75/><F53/><W107/><G133/><T61/><D61/><U115/><E115/><N who="3" m="44106" /><G100/><T105/><REACH who="0" step="1"/><D108/><REACH who="0" ten="134,197,628,31" step="2"/><U103/><E50/><V55/><F39/><W46/><G46/><T117/><D117/><U124/><E49/><V132/><F47/><W90/><G90/><T122/><D122/><U128/><E89/><V1/><F88/><W45/><G45/><T135/><D135/><U13/><E124/><V0/><F132/><W93/><G57/><T21/><D21/><U98/><E128/><V22/><F56/><W18/><G65/><T131/><D131/><U31/><E103/><V110/><F110/><W30/><G30/><T12/><D12/><U85/><E31/><V95/><F79/><W62/><G62/><T38/><D38/><U109/><E109/><V44/><F44/><W116/><G116/><T58/><D58/><U37/><E37/><V134/><F134/><W60/><G60/><T14/><D14/><RYUUKYOKU ba="2,1" sc="134,30,197,-10,628,-10,31,-10" hai0="4,5,6,19,20,24,48,51,74,77,80,102,105" /><INIT seed="3,3,1,5,4,111" ten="164,187,618,21" oya="3" hai0="57,89,119,132,113,44,28,51,98,18,56,79,68" hai1="106,48,71,75,53,114,23,50,115,77,62,20,120" hai2="67,134,105,13,122,130,85,80,84,15,92,22,7" hai3="125,60,33,10,104,97,94,72,30,46,135,93,129"/><W34/><G94/><T69/><D119/><U54/><E120/><V26/><F105/><W37/><G93/><N who="0" m="56623" /><D69/><U103/><E106/><V0/><F0/><W127/><G30/><T88/><D68/><U41/><E103/><V109/><F122/><W82/><G60/><T81/><D79/><U123/><E123/><V100/><F109/><W117/><G117/><T14/><D28/><U66/><E41/><V45/><F67/><W116/><G116/><T102/><D102/><U24/><E50/><V78/><F134/><W35/><G135/><T63/><D63/><U96/><E96/><V55/><F130/><W121/><G121/><T25/><D25/><U2/><E2/><V83/><F92/><W108/><G108/><T31/><D31/><U19/><E23/><V4/><F100/><N who="3" m="62479" /><G129/><T36/><D36/><U101/><E101/><V131/><F131/><W9/><G9/><N who="0" m="6479" /><D57/><U29/><E29/><N who="2" m="17623" /><F15/><W86/><G10/><T128/><D56/><U90/><E90/><N who="2" m="51463" /><F13/><W74/><G86/><N who="0" m="50255" /><D128/><U42/><E77/><V73/><F55/><W49/><G37/><T99/><D99/><U91/><E91/><V95/><F95/><W21/><G21/><T65/><D65/><U112/><REACH who="1" step="1"/><E75/><REACH who="1" ten="164,177,618,21" step="2"/><V110/><F73/><N who="3" m="28267" /><G82/><T133/><D133/><U27/><E27/><V124/><F110/><W39/><G39/><T12/><D132/><U8/><E8/><V58/><F83/><W6/><G6/><T107/><D107/><U17/><E17/><V3/><F7/><W118/><G118/><T32/><D51/><U61/><E61/><V11/><F4/><W1/><G1/><RYUUKYOKU ba="3,2" sc="164,-15,177,15,618,-15,21,15" hai1="19,20,24,42,48,53,54,62,66,71,112,114,115" hai3="33,34,35,46,49,125,127" /><INIT seed="3,4,2,1,4,21" ten="149,192,603,36" oya="3" hai0="93,56,14,119,24,63,89,118,129,102,50,101,57" hai1="8,61,80,110,73,113,5,12,60,66,38,39,109" hai2="59,4,22,40,104,1,126,3,83,36,125,100,81" hai3="42,2,48,85,131,71,88,91,29,67,6,75,62"/><W115/><G115/><T86/><D129/><U18/><E113/><V46/><F100/><W78/><G131/><T49/><D119/><U134/><E134/><V82/><F104/><W37/><G29/><T99/><D102/><U122/><E122/><V116/><F116/><W96/><G96/><T92/><D57/><U25/><E73/><V106/><F106/><W10/><G48/><T111/><D111/><N who="1" m="42507" /><E80/><V28/><F59/><W98/><G98/><T132/><D132/><U103/><E103/><V23/><F23/><W133/><G133/><T69/><D69/><N who="1" m="42183" /><E61/><V58/><F58/><W120/><G85/><T51/><D14/><N who="1" m="5391" /><E25/><N who="2" m="16439" /><F4/><W16/><G120/><T68/><D68/><U121/><E121/><V45/><F45/><N who="3" m="23759" /><G16/><T135/><D135/><U15/><E18/><V72/><F72/><W47/><G47/><T108/><D108/><U130/><E130/><V112/><F112/><W27/><G27/><T55/><D118/><U41/><E41/><V9/><F9/><W74/><G74/><T107/><D107/><U124/><E39/><V128/><F128/><W77/><G77/><T70/><D70/><U26/><E38/><V105/><F105/><W84/><G84/><T44/><REACH who="0" step="1"/><D24/><REACH who="0" ten="139,192,603,36" step="2"/><U52/><E26/><V32/><F32/><W53/><G53/><AGARI ba="4,3" hai="44,49,50,51,53,55,56,63,86,89,92,93,99,101" machi="53" ten="30,7700,0" yaku="1,1,2,1,7,1,8,1,53,0" doraHai="21" doraHaiUra="79" who="0" fromWho="3" sc="139,119,192,0,603,0,36,-89" owari="258,6.0,192,-21.0,603,70.0,-53,-55.0" /></mjloggm>