<mjloggm ver="2.3"><GO type="97" lobby="0"/><UN n0="%6B%61%70%70%61%2D" n1="%E3%82%AB%E3%83%A1%E3%83%AC%E3%82%AA%E3%83%B3%E3%81%AE%E6%B6%99" n2="%E3%83%88%E3%83%88%E3%83%AA%E5%85%88%E7%94%9F%31%39%E6%AD%B3" n3="%E5%85%8E%E2%98%85%E5%96%B0" dan="14,14,14,13" rate="1956.95,1898.06,2032.58,2021.55" sx="M,M,F,F"/><TAIKYOKU oya="0"/><INIT seed="0,0,0,2,3,27" ten="250,250,250,250" oya="0" hai0="112,51,46,16,3,113,22,114,116,49,26,39,87" hai1="118,40,10,111,95,132,41,73,130,12,74,98,64" hai2="85,0,107,13,115,4,76,117,91,89,129,105,21" hai3="60,66,134,77,44,68,126,20,133,59,11,106,29"/><T102/><D116/><U135/><E118/><V125/><F117/><W120/><G106/><T56/><D102/><N who="1" m="60767" /><E130/><V30/><F115/><W108/><G77/><T14/><D3/><U43/><E111/><V122/><F122/><W45/><G11/><T81/><D56/><U15/><E64/><V101/><F0/><W104/><G104/><T78/><REACH who="0" step="1"/><D26/><REACH who="0" ten="240,250,250,250" step="2"/><U75/><E10/><N who="2" m="4295" /><F101/><W94/><G120/><T65/><D65/><U25/><E25/><V50/><F105/><W8/><G8/><T80/><D80/><U61/><E61/><V63/><F63/><N who="3" m="40031" /><G126/><T124/><D124/><U2/><E2/><V79/><F107/><W34/><G108/><T36/><D36/><U6/><E12/><V18/><F125/><W33/><G94/><T54/><D54/><U57/><E57/><V48/><F129/><W121/><G59/><T69/><D69/><U52/><E52/><V128/><F128/><W24/><G60/><T67/><D67/><U28/><E15/><V131/><F131/><W1/><G1/><T70/><D70/><U96/><E6/><V119/><F119/><W123/><G123/><T92/><D92/><U86/><E43/><AGARI ba="0,1" hai="14,16,22,39,43,46,49,51,78,81,87,112,113,114" machi="43" ten="40,12000,1" yaku="1,1,54,1,53,2" doraHai="27" doraHaiUra="47" who="0" fromWho="1" sc="240,130,250,-120,250,0,250,0" /><INIT seed="0,1,0,0,5,74" ten="370,130,250,250" oya="0" hai0="34,31,73,13,113,16,131,102,42,4,26,126,54" hai1="91,114,94,24,23,72,47,30,106,127,80,5,77" hai2="92,69,86,10,93,79,51,108,83,29,65,124,116" hai3="11,18,45,97,89,110,104,120,135,8,43,59,81"/><T7/><D73/><U25/><E114/><V115/><F115/><W48/><G104/><T78/><D113/><U9/><E106/><V57/><F108/><W37/><G110/><T66/><D102/><U82/><E127/><V32/><F124/><W0/><G135/><T55/><D126/><U22/><E47/><V38/><F38/><W87/><G0/><T121/><D121/><U53/><E53/><N who="2" m="31935" /><F32/><W111/><G120/><T103/><D103/><U129/><E82/><V15/><F69/><W105/><G111/><T19/><D131/><U117/><E129/><V14/><F116/><W41/><G18/><T61/><D42/><U70/><E70/><V20/><F65/><W27/><G27/><T88/><D88/><U68/><E68/><V17/><F29/><W95/><G105/><T133/><D133/><U36/><E36/><V118/><F118/><W122/><G122/><T52/><D19/><AGARI ba="1,0" hai="10,14,15,17,19,20,79,83,86,92,93" m="31935" machi="19" ten="30,2000,0" yaku="8,1,52,1" doraHai="74" who="2" fromWho="0" sc="370,-23,130,0,250,23,250,0" /><INIT seed="1,0,0,5,4,5" ten="347,130,273,250" oya="1" hai0="7,109,54,108,78,36,84,94,88,129,8,34,23" hai1="47,44,49,113,68,89,6,110,55,45,116,123,79" hai2="120,57,132,18,22,10,30,106,133,31,63,33,17" hai3="101,80,25,28,72,32,24,135,15,16,86,71,65"/><U75/><E6/><V126/><F106/><W42/><G135/><N who="2" m="51785" /><F120/><W27/><G72/><T73/><D129/><U127/><E123/><V46/><F126/><W41/><G101/><T121/><D34/><U48/><E89/><V85/><F85/><W92/><G92/><T58/><D121/><U117/><E79/><V130/><F130/><W43/><G32/><T99/><D36/><U70/><E75/><V37/><F33/><W56/><G71/><N who="1" m="27178" /><E127/><V64/><F46/><N who="1" m="11777" /><U40/><DORA hai="82" /><E40/><V69/><F37/><W122/><G122/><T67/><D23/><U62/><E113/><V100/><F100/><W52/><G65/><T11/><D7/><U77/><E77/><V4/><F69/><W26/><G28/><N who="2" m="10793" /><F22/><W96/><G96/><T111/><D99/><U115/><E115/><V35/><F35/><W112/><N who="3" m="6144" /><DORA hai="118" /><W14/><G112/><T29/><D29/><U59/><E110/><V87/><F87/><W95/><G95/><T98/><D98/><U128/><E128/><V102/><F102/><W91/><REACH who="3" step="1"/><G16/><REACH who="3" ten="347,130,273,240" step="2"/><T76/><D73/><U53/><E117/><V83/><F83/><W90/><G90/><T0/><D67/><N who="1" m="39391" /><E116/><V114/><F114/><W103/><G103/><T93/><D93/><U39/><E39/><V125/><F125/><W50/><AGARI ba="0,1" hai="14,15,41,42,43,50,52,56,80,86,91" m="6144" machi="50" ten="50,12000,2" yaku="1,1,0,1,8,1,52,1,54,1,53,1" doraHai="5,82,118" doraHaiUra="1,51,105" who="3" fromWho="3" sc="347,-30,130,-60,273,-30,240,130" /><INIT seed="2,0,0,4,1,73" ten="317,70,243,370" oya="2" hai0="0,126,15,128,45,110,54,56,134,6,121,132,43" hai1="85,84,46,70,115,100,114,21,92,133,81,76,104" hai2="130,101,55,67,44,78,88,80,118,57,3,72,52" hai3="65,19,9,38,93,13,89,123,60,127,2,111,75"/><V16/><F118/><W97/><G38/><T40/><D15/><U42/><E21/><V68/><F68/><W109/><G123/><T120/><D6/><U66/><E70/><V124/><F3/><W86/><G75/><T47/><D0/><U117/><E66/><V131/><F124/><W33/><G33/><T59/><D54/><U8/><E46/><N who="0" m="17417" /><D110/><N who="3" m="41993" /><G127/><T96/><D96/><N who="1" m="61447" /><E133/><N who="0" m="51305" /><D126/><U10/><E8/><V129/><F101/><W125/><G125/><T62/><D62/><U105/><E10/><V82/><F44/><W28/><G28/><T87/><D128/><U48/><E48/><V53/><F67/><W95/><G2/><T36/><D36/><U113/><E42/><N who="0" m="15913" /><D87/><N who="1" m="48551" /><E117/><V32/><F32/><W63/><G65/><T41/><D41/><U35/><E35/><V64/><F64/><W20/><G9/><T99/><D99/><U34/><E34/><V39/><F39/><W37/><G37/><T90/><D90/><AGARI ba="0,0" hai="13,19,20,60,63,86,89,90,93,95,97" m="41993" machi="90" ten="30,1000,0" yaku="14,1" doraHai="73" who="3" fromWho="0" sc="317,-10,70,0,243,0,370,10" /><INIT seed="3,0,0,1,3,96" ten="307,70,243,380" oya="3" hai0="124,97,24,130,91,57,2,55,40,32,115,63,46" hai1="71,102,44,36,14,21,45,108,72,0,132,116,127" hai2="13,122,18,125,16,30,54,131,110,119,29,111,61" hai3="92,120,33,73,66,5,76,135,23,42,1,106,113"/><W82/><G120/><T34/><D2/><U78/><E45/><V89/><F119/><W88/><G113/><T59/><D130/><U52/><E116/><V77/><F131/><W85/><G33/><T3/><D3/><U17/><E0/><V50/><F122/><W27/><G66/><T12/><D12/><U69/><E108/><V11/><F125/><W67/><G67/><T104/><D124/><U7/><E127/><V98/><F77/><W129/><G129/><T25/><D115/><U56/><E132/><V75/><F75/><W74/><G106/><T114/><D114/><U47/><E102/><V39/><F39/><W126/><G126/><T123/><D123/><U68/><E36/><V49/><F110/><W94/><G42/><T70/><D70/><U103/><E103/><V133/><F133/><W53/><G53/><T128/><D128/><U62/><REACH who="1" step="1"/><E7/><REACH who="1" ten="307,60,243,380" step="2"/><V22/><F111/><W118/><G5/><T84/><D104/><U134/><E134/><V117/><F117/><W31/><G1/><T99/><D46/><U60/><E60/><V86/><F98/><W35/><G118/><T109/><D40/><U37/><E37/><V51/><F61/><W4/><G4/><T101/><D101/><U90/><E90/><V38/><F38/><W81/><G135/><T95/><D109/><U79/><E79/><V58/><F51/><W20/><G73/><T64/><D99/><U112/><E112/><V83/><REACH who="2" step="1"/><F50/><REACH who="2" ten="307,60,233,380" step="2"/><W105/><G76/><T121/><D97/><U15/><E15/><AGARI ba="0,2" hai="11,13,15,16,18,22,29,30,49,54,58,83,86,89" machi="15" ten="30,12000,2" yaku="1,1,2,1,7,1,8,1,54,1,53,2" doraHai="96" doraHaiUra="10" who="2" fromWho="1" sc="307,0,60,-120,233,140,380,0" owari="307,-9.0,-60,-56.0,373,17.0,380,48.0" /></mjloggm>