<mjloggm ver="2.3"><GO type="97" lobby="0"/><UN n0="%6F%6E%69%72%6F%6B%75" n1="%E9%9C%A7%E5%B3%B6%E6%B7%B1%E5%B1%A4%E6%B0%B4" n2="%E5%B0%B1%E6%B4%BB%E7%94%9F%40%E5%B7%9D%E6%9D%91%E8%BB%8D%E5%9B%A3" n3="%E3%82%8A%E3%81%8B%E3%81%A1%E3%83%BC" dan="14,14,15,15" rate="1969.94,1931.47,1989.47,1987.32" sx="M,M,M,F"/><TAIKYOKU oya="0"/><INIT seed="0,0,0,0,5,83" ten="250,250,250,250" oya="0" hai0="38,95,41,91,55,26,82,56,68,23,45,27,133" hai1="115,132,31,116,87,67,85,51,88,117,47,98,90" hai2="12,46,58,16,59,2,54,108,86,10,0,128,14" hai3="39,93,102,57,50,4,66,53,37,1,63,92,122"/><T71/><D133/><U49/><E31/><V29/><F128/><W130/><G130/><T119/><D82/><U6/><E132/><V20/><F108/><W121/><G4/><T42/><D27/><U113/><E67/><V32/><F32/><W79/><G1/><T15/><D15/><U125/><E6/><V34/><F34/><W40/><G79/><T48/><D42/><U76/><E76/><V61/><F46/><N who="3" m="23839" /><G37/><T36/><D36/><U99/><REACH who="1" step="1"/><E47/><REACH who="1" ten="250,240,250,250" step="2"/><V52/><F29/><W84/><G121/><T21/><D119/><U127/><AGARI ba="0,1" hai="49,51,85,87,88,90,98,99,113,115,116,117,125,127" machi="127" ten="25,16000,3" yaku="1,1,2,1,0,1,22,2,52,2,54,1,53,2" doraHai="83" doraHaiUra="109" who="1" fromWho="1" sc="250,-80,240,170,250,-40,250,-40" /><INIT seed="1,0,0,5,3,91" ten="170,410,210,210" oya="1" hai0="106,12,45,58,61,16,69,125,11,98,104,22,3" hai1="84,1,38,63,92,66,13,52,27,77,86,28,32" hai2="131,50,23,127,103,129,128,48,21,62,99,59,74" hai3="19,114,24,67,76,53,14,25,7,29,37,82,110"/><U80/><E1/><V124/><F74/><W70/><G37/><T6/><D69/><U115/><E38/><V126/><F23/><W94/><G114/><T93/><D125/><U95/><E115/><V54/><REACH who="2" step="1"/><F21/><REACH who="2" ten="170,410,200,210" step="2"/><N who="3" m="11511" /><G110/><T83/><D83/><U30/><E32/><V79/><F79/><W18/><G82/><T123/><D123/><U107/><E80/><V17/><F17/><W134/><G76/><T105/><D105/><AGARI ba="0,1" hai="48,50,54,59,62,99,103,105,124,126,127,128,129,131" machi="105" ten="50,6400,0" yaku="1,1,18,1,19,1,53,0" doraHai="91" doraHaiUra="90" who="2" fromWho="0" sc="170,-64,410,0,200,74,210,0" /><INIT seed="2,0,0,3,1,43" ten="106,410,274,210" oya="2" hai0="8,54,127,69,61,72,134,3,89,101,27,113,84" hai1="64,13,59,133,45,22,99,109,16,52,67,122,78" hai2="80,97,14,47,112,37,90,20,132,100,46,71,57" hai3="48,0,5,7,10,86,65,119,121,115,98,114,105"/><V96/><F71/><W44/><G121/><T39/><D39/><U55/><E122/><V2/><F2/><N who="3" m="311" /><G119/><T12/><D72/><U1/><E133/><V11/><F112/><N who="3" m="43051" /><G65/><N who="1" m="25162" /><E1/><V49/><F132/><W50/><G86/><T110/><D3/><U103/><E109/><V74/><F37/><W6/><G0/><T9/><D134/><U104/><E104/><V118/><F118/><W106/><G50/><T94/><D69/><U82/><E45/><N who="2" m="16907" /><F74/><W107/><G98/><N who="2" m="37993" /><F100/><W76/><G76/><T18/><D110/><U62/><E103/><V116/><F116/><W131/><G131/><T58/><D113/><U66/><E99/><V17/><F90/><W38/><G38/><T23/><D101/><U88/><E78/><V95/><F95/><W25/><G106/><T73/><D73/><U42/><E42/><V93/><F93/><W126/><G105/><T70/><D70/><U15/><E88/><V21/><F80/><W125/><G107/><T41/><D41/><U123/><E82/><V60/><F49/><W53/><G125/><T77/><D127/><U29/><E123/><V92/><F92/><W33/><G126/><T75/><D75/><U35/><E35/><V56/><F56/><W68/><G68/><T91/><D77/><U32/><E32/><V87/><F87/><W26/><G33/><T111/><D111/><U129/><E59/><V4/><F4/><AGARI ba="0,0" hai="4,6,7,25,26,44,48,53" m="43051,311" machi="4" ten="30,2000,0" yaku="11,1,52,1" doraHai="43" who="3" fromWho="2" sc="106,0,410,0,274,-20,210,20" /><INIT seed="3,0,0,4,1,81" ten="106,410,254,230" oya="3" hai0="33,58,25,17,105,120,131,88,134,73,18,60,49" hai1="125,97,75,91,116,38,110,76,54,15,56,72,23" hai2="107,122,42,132,111,19,9,70,4,6,5,83,50" hai3="90,95,29,59,36,40,21,46,13,114,52,55,115"/><W69/><G69/><T11/><D73/><U24/><E38/><V89/><F70/><W106/><G106/><T128/><D105/><U103/><E110/><V129/><F107/><W45/><G45/><T34/><D120/><U112/><E112/><V101/><F111/><W65/><G65/><T84/><D134/><U66/><E66/><V37/><F37/><W35/><G35/><T96/><D96/><U92/><E125/><V57/><F122/><W113/><G59/><T26/><D49/><U63/><E116/><V53/><F129/><W71/><G71/><T82/><D34/><U39/><E39/><V44/><F132/><W10/><G21/><T16/><D33/><U127/><E127/><V14/><F101/><W8/><G29/><T7/><D131/><U62/><E62/><N who="2" m="36143" /><F89/><W85/><REACH who="3" step="1"/><G10/><REACH who="3" ten="106,410,254,220" step="2"/><T61/><D128/><U100/><E23/><V121/><F121/><W12/><G12/><N who="0" m="5247" /><D60/><U78/><E15/><V126/><F126/><W124/><G124/><T74/><D74/><U109/><E72/><V86/><F4/><AGARI ba="0,1" hai="4,8,13,36,40,46,52,55,85,90,95,113,114,115" machi="4" ten="40,7700,0" yaku="1,1,52,1,54,1,53,0" doraHai="81" doraHaiUra="67" who="3" fromWho="2" sc="106,0,410,0,254,-77,220,87" /><INIT seed="3,1,0,3,2,133" ten="106,410,177,307" oya="3" hai0="127,12,15,92,24,73,93,48,78,132,58,86,35" hai1="80,109,105,89,62,5,47,108,30,22,135,90,119" hai2="97,3,26,98,66,53,87,4,59,50,52,1,28" hai3="107,60,72,46,115,61,75,134,34,129,14,84,8"/><W70/><G115/><T114/><D114/><U81/><E105/><V77/><F3/><W99/><G134/><T40/><D132/><U44/><E135/><V124/><F124/><W100/><G34/><T130/><D127/><U106/><E106/><V31/><F1/><W118/><G118/><T33/><D130/><U38/><E5/><V27/><F4/><W128/><G46/><N who="1" m="17450" /><E38/><V101/><F66/><N who="3" m="41287" /><G61/><T39/><D39/><U125/><E125/><V16/><F53/><W19/><G84/><T112/><D112/><U43/><E43/><V79/><F16/><W83/><G83/><N who="1" m="31818" /><E62/><V126/><F126/><W116/><G116/><T96/><D73/><U25/><E119/><V21/><F87/><W7/><G7/><T63/><D35/><U102/><E102/><V49/><F49/><W6/><G6/><T69/><D69/><U121/><E121/><V94/><REACH who="2" step="1"/><F98/><REACH who="2" ten="106,410,167,307" step="2"/><W11/><G72/><T74/><D74/><U23/><E23/><AGARI ba="1,1" hai="21,23,26,27,28,31,50,52,59,77,79,94,97,101" machi="23" ten="30,12000,2" yaku="1,1,2,1,7,1,9,1,8,1,54,1,53,0" doraHai="133" doraHaiUra="68" who="2" fromWho="1" sc="106,0,410,-123,167,133,307,0" owari="106,-39.0,287,-11.0,300,10.0,307,40.0" /></mjloggm>