<mjloggm ver="2.3"><GO type="41" lobby="0"/><UN n0="%E5%B0%B1%E6%B4%BB%E7%94%9F%40%E5%B7%9D%E6%9D%91%E8%BB%8D%E5%9B%A3" n1="%E3%81%B7%E3%81%AA" n2="%73%69%6D%6D%6F%6E" n3="%6D%65%72%72%61%6E" dan="15,14,13,13" rate="1966.37,1956.00,1821.98,1891.46" sx="M,M,M,M"/><TAIKYOKU oya="0"/><INIT seed="0,0,0,5,1,94" ten="250,250,250,250" oya="0" hai0="135,14,26,76,43,130,122,90,82,9,127,101,120" hai1="77,52,80,123,44,98,67,106,33,88,65,31,4" hai2="47,92,50,39,69,124,28,34,114,125,35,25,109" hai3="113,70,112,1,115,24,119,8,129,103,0,85,117"/><T78/><D127/><U118/><E123/><V95/><F114/><W36/><G36/><T40/><D130/><U63/><E118/><V58/><F69/><W49/><G70/><T131/><D131/><U100/><E4/><V59/><F39/><W16/><G129/><T32/><D135/><U37/><E37/><V73/><F73/><W5/><G49/><T6/><D101/><U60/><E31/><V17/><F109/><W11/><G103/><T61/><D61/><U18/><E33/><V79/><F79/><W66/><G66/><T38/><D78/><U121/><E121/><V53/><F17/><W42/><G85/><T91/><D120/><U23/><E63/><V56/><REACH who="2" step="1"/><F35/><REACH who="2" ten="250,250,240,250" step="2"/><W10/><G42/><T110/><D122/><U54/><E77/><V99/><F99/><W116/><G5/><T48/><D110/><U55/><E44/><V41/><F41/><W20/><AGARI ba="0,1" hai="0,1,8,10,11,16,20,24,112,113,115,116,117,119" machi="20" ten="50,12000,2" yaku="0,1,29,2,34,3,54,1" doraHai="94" who="3" fromWho="3" sc="250,-60,250,-30,240,-30,250,130" /><INIT seed="1,0,0,0,2,96" ten="190,220,210,380" oya="1" hai0="80,108,94,122,5,128,82,36,71,76,62,103,1" hai1="0,18,111,99,41,51,125,42,95,93,130,72,102" hai2="27,6,7,25,45,52,37,109,91,133,29,135,86" hai3="14,112,59,49,69,79,123,50,70,120,21,53,75"/><U28/><E72/><V39/><F109/><W56/><G112/><T104/><D108/><U132/><E0/><V61/><F61/><W2/><G2/><T88/><D122/><U22/><E111/><V4/><F52/><W89/><G79/><T73/><D128/><U134/><E130/><V105/><F105/><W107/><G75/><T33/><D33/><U11/><E11/><V81/><F45/><W23/><G107/><T126/><D126/><U116/><E28/><V16/><F16/><W66/><G89/><T124/><D124/><U118/><E125/><V43/><F43/><W97/><G97/><N who="0" m="61551" /><D80/><U121/><E121/><V113/><F113/><W38/><G14/><T68/><D62/><U58/><E95/><V92/><F81/><W101/><G53/><T98/><D36/><U57/><E118/><V12/><F12/><W129/><G129/><T15/><D1/><U31/><E31/><V8/><F8/><W24/><G24/><T78/><D78/><U83/><E116/><V115/><F115/><W10/><G10/><N who="0" m="4559" /><D98/><U85/><E58/><V46/><F46/><W35/><G35/><T30/><D30/><U127/><E127/><V48/><F48/><W54/><G54/><T20/><D20/><U26/><E57/><V44/><F44/><W13/><G38/><N who="2" m="14345" /><F29/><W60/><G60/><T3/><D3/><U67/><E67/><V9/><F9/><W114/><G114/><T131/><D131/><U90/><E51/><V84/><F84/><W47/><G66/><T63/><D63/><U110/><E110/><V17/><F17/><W32/><G123/><RYUUKYOKU ba="0,0" sc="190,10,220,10,210,10,380,-30" hai0="68,71,73,76,82,88,94" hai1="18,22,26,41,42,83,85,90,93,99,102,132,134" hai2="4,6,7,25,27,86,91,92,133,135" /><INIT seed="1,1,0,4,0,70" ten="200,230,220,350" oya="1" hai0="68,33,26,6,15,8,113,53,36,44,51,48,41" hai1="86,98,69,75,96,22,103,59,3,118,82,81,11" hai2="72,109,38,90,58,79,18,23,101,57,2,111,20" hai3="115,47,108,65,21,119,121,29,89,31,129,122,12"/><U114/><E69/><V104/><F2/><W4/><G115/><T99/><D113/><U0/><E114/><V107/><F38/><W87/><G65/><T50/><D68/><U19/><E118/><V63/><F101/><W1/><G1/><T37/><D99/><U80/><E75/><V76/><F72/><W34/><G34/><T54/><D33/><U78/><E98/><V85/><F90/><W106/><G106/><T83/><D26/><U97/><E97/><V105/><F85/><W13/><G122/><T117/><D117/><U35/><E35/><V94/><F94/><W133/><G121/><T88/><REACH who="0" step="1"/><D36/><REACH who="0" ten="190,230,220,350" step="2"/><U5/><E0/><V56/><F63/><W92/><G119/><T123/><D123/><U17/><E59/><V64/><F64/><W52/><G31/><T120/><D120/><U14/><REACH who="1" step="1"/><E19/><REACH who="1" ten="190,220,220,350" step="2"/><V110/><REACH who="2" step="1"/><F18/><REACH who="2" ten="190,220,210,350" step="2"/><W130/><G130/><T27/><D27/><U95/><AGARI ba="1,3" hai="3,5,11,14,17,22,78,80,81,82,86,95,96,103" machi="95" ten="20,12000,1" yaku="1,1,2,1,0,1,7,1,53,1" doraHai="70" doraHaiUra="73" who="1" fromWho="1" sc="190,-41,220,153,210,-41,350,-41" /><INIT seed="1,2,0,1,3,89" ten="149,373,169,309" oya="1" hai0="132,11,127,98,49,12,2,93,76,113,108,78,54" hai1="55,116,75,128,68,27,106,74,85,125,25,87,19" hai2="31,129,3,102,40,43,131,37,39,33,82,111,77" hai3="91,115,62,7,64,0,123,88,122,10,83,114,96"/><U135/><E106/><V28/><F3/><W112/><G91/><T70/><D70/><U118/><E68/><V13/><F111/><W86/><REACH who="3" step="1"/><G96/><REACH who="3" ten="149,373,169,299" step="2"/><T121/><D108/><U1/><E135/><V47/><F102/><W79/><G79/><T35/><D132/><U95/><E125/><V134/><F134/><W6/><G6/><T9/><D78/><U5/><E128/><V4/><F4/><W105/><G105/><T117/><D76/><U67/><E5/><V50/><F77/><W81/><G81/><T63/><D98/><U24/><E1/><V56/><F82/><W99/><G99/><T26/><D2/><U80/><E19/><V52/><F31/><W100/><G100/><T58/><D127/><U15/><E80/><V107/><F107/><W32/><G32/><T130/><D35/><U20/><E75/><V34/><F28/><W45/><G45/><T14/><D130/><U104/><E104/><V16/><F47/><W97/><G97/><T126/><D126/><U46/><E74/><V48/><F16/><W119/><G119/><T72/><D72/><U21/><E118/><V44/><F44/><W94/><G94/><T57/><D93/><U42/><E46/><V69/><F131/><W103/><G103/><T17/><D113/><U65/><E116/><V36/><F129/><W66/><G66/><N who="0" m="39279" /><D117/><U8/><E67/><V84/><F33/><W133/><G133/><T22/><D121/><U51/><E65/><V30/><F34/><W23/><G23/><T124/><D124/><U101/><E101/><V92/><F30/><W29/><G29/><RYUUKYOKU ba="2,1" sc="149,15,373,-15,169,-15,299,15" hai0="9,11,12,14,17,22,26,49,54,58" hai3="0,7,10,62,64,83,86,88,112,114,115,122,123" /><INIT seed="2,3,1,4,1,31" ten="164,358,154,314" oya="2" hai0="62,82,72,84,135,95,8,94,78,124,26,108,75" hai1="53,7,129,126,85,45,42,33,11,110,14,128,123" hai2="17,9,3,5,28,117,86,16,43,81,1,99,34" hai3="107,96,15,50,97,104,133,64,27,98,30,132,60"/><V19/><F117/><W112/><G50/><T76/><D8/><U52/><E123/><V79/><F43/><W106/><G15/><T131/><D62/><U4/><E126/><V120/><F120/><W121/><G121/><T103/><D26/><U6/><E110/><V67/><F67/><W87/><G87/><T48/><D48/><U55/><E33/><V90/><F99/><W10/><G112/><T63/><D63/><U51/><REACH who="1" step="1"/><E85/><REACH who="1" ten="164,348,154,314" step="2"/><V114/><F114/><W13/><G133/><T58/><D84/><U70/><E70/><V100/><F100/><W47/><G132/><T92/><D108/><U77/><E77/><V37/><F37/><W20/><G107/><T116/><D78/><U111/><E111/><V80/><F1/><W105/><G105/><T2/><D2/><U18/><AGARI ba="3,2" hai="4,6,7,11,14,18,42,45,51,52,53,55,128,129" machi="18" ten="40,8000,1" yaku="1,1,0,1,54,1,53,1" doraHai="31" doraHaiUra="40" who="1" fromWho="1" sc="164,-23,348,109,154,-43,314,-23" /><INIT seed="3,0,0,4,4,110" ten="141,457,111,291" oya="3" hai0="124,26,45,39,5,34,132,56,120,7,71,129,27" hai1="130,79,22,92,95,81,108,125,100,113,61,32,15" hai2="111,135,114,68,35,63,96,62,24,10,28,72,6" hai3="117,97,37,80,121,9,66,57,55,49,105,115,53"/><W51/><G121/><T85/><D71/><U54/><E32/><V69/><F114/><W43/><G37/><T133/><D39/><U70/><E113/><V94/><F72/><W52/><G117/><T19/><D45/><U3/><E108/><V2/><F111/><W44/><G115/><T103/><D103/><U18/><E3/><V20/><F135/><N who="0" m="51786" /><D56/><U123/><E123/><V50/><F63/><W112/><G105/><T13/><D85/><U58/><E70/><V0/><F50/><N who="3" m="30871" /><G112/><T48/><D48/><U25/><E100/><V75/><F75/><W77/><G97/><T89/><D89/><U99/><E99/><V118/><F118/><W64/><G9/><N who="0" m="6575" /><D120/><U91/><E91/><V46/><F46/><N who="3" m="27831" /><G77/><T1/><D129/><U107/><E130/><V4/><F62/><W93/><G93/><T127/><D34/><U42/><E95/><V134/><F134/><W73/><G80/><T29/><D1/><U87/><E92/><V14/><F6/><N who="0" m="2058" /><D29/><U88/><E107/><V104/><F104/><W83/><G83/><T67/><D67/><N who="3" m="25641" /><G73/><T119/><D119/><U11/><E81/><V131/><F131/><W40/><AGARI ba="0,0" hai="40,43,44,51,55" m="25641,27831,30871" machi="40" ten="30,18000,2" yaku="8,1,35,5,54,1" doraHai="110" who="3" fromWho="3" sc="141,-60,457,-60,111,-60,291,180" /><INIT seed="3,1,0,5,4,112" ten="81,397,51,471" oya="3" hai0="75,46,27,87,109,80,101,134,125,34,76,93,42" hai1="2,85,17,74,68,71,44,116,36,110,57,25,54" hai2="33,131,61,35,119,7,82,69,106,118,73,126,9" hai3="23,26,39,37,72,70,135,86,6,128,98,114,10"/><W0/><G72/><T120/><D109/><U89/><E74/><V30/><F106/><W55/><G114/><T29/><D120/><U117/><E2/><V3/><F131/><W94/><G70/><T97/><D125/><U67/><E110/><V84/><F126/><W8/><G128/><T88/><D134/><U79/><E79/><V47/><F73/><W56/><G135/><T1/><D1/><U81/><E25/><V123/><F123/><W91/><G10/><T31/><D31/><U107/><E17/><V100/><F100/><W99/><G99/><T115/><D115/><U113/><E107/><V45/><F45/><W124/><G124/><T14/><D14/><U104/><E104/><V90/><F35/><W28/><G86/><T41/><REACH who="0" step="1"/><D46/><REACH who="0" ten="71,397,51,471" step="2"/><U11/><E113/><V32/><F47/><W48/><AGARI ba="1,1" hai="0,6,8,23,26,28,37,39,48,55,56,91,94,98" machi="48" ten="20,2100,0" yaku="0,1,7,1" doraHai="112" who="3" fromWho="3" sc="71,-8,397,-8,51,-8,471,34" /><INIT seed="3,2,0,3,5,28" ten="63,389,43,505" oya="3" hai0="66,92,113,37,46,23,72,121,22,64,26,10,15" hai1="58,130,12,38,68,81,18,35,124,14,31,56,74" hai2="93,4,85,43,114,91,87,33,117,17,97,80,89" hai3="115,103,30,134,1,50,54,42,48,105,98,111,19"/><W110/><G1/><T83/><D121/><U79/><E68/><V101/><F43/><W125/><G115/><T51/><D37/><U63/><E130/><V49/><F4/><W77/><G77/><T73/><D113/><U44/><E124/><V5/><F114/><W86/><G125/><T8/><D92/><U118/><E118/><V9/><F49/><W61/><G30/><T75/><D83/><U84/><E58/><V70/><F70/><W39/><G39/><T132/><D132/><U65/><E14/><V120/><F17/><W108/><G134/><T59/><D59/><U88/><E38/><V96/><F9/><W29/><G29/><T47/><D26/><U71/><E44/><N who="0" m="16937" /><D15/><U53/><E31/><V36/><F5/><W3/><G42/><T41/><D51/><U6/><E6/><V133/><F36/><W100/><G3/><T2/><D41/><U69/><E65/><N who="0" m="25193" /><D2/><U82/><REACH who="1" step="1"/><E35/><REACH who="1" ten="63,379,43,505" step="2"/><V90/><F33/><W13/><G111/><T60/><D60/><U112/><E112/><V131/><F133/><W52/><G110/><T55/><D55/><U11/><AGARI ba="2,1" hai="11,12,18,53,56,63,69,71,74,79,81,82,84,88" machi="11" ten="20,5200,0" yaku="1,1,0,1,7,1,54,1,53,0" doraHai="28" doraHaiUra="20" who="1" fromWho="1" sc="63,-15,379,68,43,-15,505,-28" /><INIT seed="4,0,0,3,3,46" ten="48,447,28,477" oya="0" hai0="122,109,21,27,71,13,76,83,66,135,73,111,53" hai1="22,25,24,108,15,54,6,110,89,45,134,9,88" hai2="84,29,117,128,4,18,74,26,115,67,106,107,97" hai3="40,0,64,5,30,51,20,62,10,104,100,94,113"/><T48/><D122/><U121/><E121/><V99/><F74/><W98/><G104/><T133/><D13/><U41/><E134/><N who="0" m="51209" /><D66/><U31/><E25/><V96/><F4/><W57/><G113/><T12/><D71/><U59/><E110/><N who="0" m="41993" /><D12/><U93/><E108/><V81/><F115/><W14/><G0/><T1/><D1/><U35/><E93/><V77/><F128/><W130/><G130/><T70/><D70/><U39/><REACH who="1" step="1"/><E35/><REACH who="1" ten="48,437,28,477" step="2"/><V92/><F117/><W17/><G40/><T75/><D83/><U16/><E16/><V23/><F67/><W129/><G129/><T105/><D105/><U42/><E42/><V95/><F107/><W72/><G72/><T37/><D37/><U7/><E7/><V131/><F106/><W60/><G60/><AGARI ba="0,1" hai="6,9,15,22,24,31,39,41,45,54,59,60,88,89" machi="60" ten="30,3900,0" yaku="1,1,7,1,54,1,53,0" doraHai="46" doraHaiUra="78" who="1" fromWho="3" sc="48,0,437,49,28,0,477,-39" /><INIT seed="5,0,0,3,1,16" ten="48,486,28,438" oya="1" hai0="56,9,63,75,99,51,52,113,85,55,49,27,77" hai1="78,46,102,2,127,101,110,24,84,29,21,61,3" hai2="134,60,115,91,44,43,116,69,81,104,76,45,122" hai3="42,79,74,41,70,17,19,28,71,39,5,6,0"/><U12/><E110/><V94/><F116/><W66/><G66/><T30/><D75/><U48/><E127/><V58/><F122/><W14/><G14/><T34/><D113/><U126/><E126/><V73/><F69/><W10/><G28/><T95/><D9/><U7/><E2/><V114/><F134/><W82/><G6/><T31/><D34/><U86/><E3/><V131/><F131/><W67/><G42/><T11/><D11/><N who="1" m="4223" /><E61/><V1/><F1/><W120/><G67/><T26/><D85/><N who="1" m="32875" /><E78/><V92/><F104/><W112/><G112/><N who="2" m="43049" /><F91/><W103/><G103/><N who="0" m="60927" /><D77/><U54/><AGARI ba="0,0" hai="21,24,29,46,48,54,101,102" m="32875,4223" machi="54" ten="30,3000,0" yaku="8,1,52,1" doraHai="16" who="1" fromWho="1" sc="48,-10,486,30,28,-10,438,-10" /><INIT seed="5,1,0,0,4,98" ten="38,516,18,428" oya="1" hai0="133,76,103,67,49,38,101,16,82,79,107,51,64" hai1="10,4,78,124,63,102,114,125,31,131,92,40,109" hai2="91,132,73,86,122,41,88,117,21,53,1,135,61" hai3="95,81,56,44,85,126,134,6,24,9,108,50,60"/><U46/><E109/><V127/><F117/><W19/><G134/><T71/><D38/><U113/><E31/><V39/><F122/><W104/><G104/><T75/><D133/><N who="2" m="51274" /><F73/><W43/><G126/><N who="1" m="48746" /><E78/><N who="0" m="29737" /><D71/><U54/><E54/><V57/><F127/><W115/><G115/><N who="1" m="44042" /><E63/><V100/><F1/><W96/><G108/><T22/><D107/><U47/><E131/><V90/><F100/><N who="0" m="38474" /><D82/><U130/><E130/><V129/><F129/><W7/><G81/><T106/><D106/><U118/><E118/><V5/><F5/><W97/><G6/><T70/><D70/><U12/><E40/><V27/><F39/><W123/><G7/><T110/><D75/><U87/><E87/><V48/><F41/><W62/><G85/><T65/><D110/><U28/><E28/><N who="2" m="17519" /><F61/><W11/><G62/><T93/><D93/><AGARI ba="1,0" hai="48,53,57,86,88,90,91,93" m="17519,51274" machi="93" ten="30,2000,0" yaku="20,1,54,1" doraHai="98" who="2" fromWho="0" sc="38,-23,516,0,18,23,428,0" /><INIT seed="6,0,0,5,5,56" ten="15,516,41,428" oya="2" hai0="89,68,108,79,19,48,50,16,121,112,95,1,32" hai1="109,126,13,87,77,130,60,42,132,30,35,17,127" hai2="22,46,29,91,85,106,3,113,26,45,69,27,74" hai3="59,31,70,51,53,129,104,122,41,72,55,98,43"/><V105/><F74/><W92/><G70/><T84/><D68/><U7/><E109/><V88/><F3/><W57/><G104/><T110/><D1/><U0/><E42/><V133/><F113/><W117/><G72/><T124/><D32/><U131/><E77/><V128/><F128/><N who="1" m="49193" /><E87/><V18/><F133/><W116/><G129/><T76/><D121/><U8/><E132/><V39/><F69/><W100/><G122/><T111/><D112/><U47/><E47/><V11/><F39/><W34/><G34/><T44/><D124/><N who="1" m="47659" /><E60/><V114/><F114/><W134/><G134/><T25/><D50/><U15/><E17/><V78/><F78/><W63/><G117/><T99/><D19/><U14/><E35/><V115/><F115/><W65/><G116/><T33/><D84/><U96/><E96/><V102/><F102/><W36/><G36/><T97/><D97/><U10/><E30/><V38/><F38/><W123/><G123/><T119/><D119/><U2/><E2/><V80/><F11/><W71/><G31/><T12/><D33/><U54/><E54/><V61/><F61/><W125/><G125/><T52/><REACH who="0" step="1"/><D12/><REACH who="0" ten="5,516,41,428" step="2"/><U4/><AGARI ba="0,1" hai="0,4,7,8,10,13,14,15" m="47659,49193" machi="4" ten="40,8000,1" yaku="19,1,18,1,34,2" doraHai="56" who="1" fromWho="1" sc="5,-20,516,90,41,-40,428,-20" owari="-15,-52.0,606,71.0,1,-40.0,408,21.0" /></mjloggm>