<mjloggm ver="2.3"><GO type="97" lobby="0"/><UN n0="%E3%83%9E%E3%82%B8%E3%82%81" n1="%E5%B0%B1%E6%B4%BB%E7%94%9F%40%E5%B7%9D%E6%9D%91%E8%BB%8D%E5%9B%A3" n2="%E7%89%9B%E4%B9%B3%E4%B8%80%E6%B0%97%E9%A3%B2%E3%81%BF" n3="%E9%89%84%E6%9D%BF%E3%82%88%E3%81%86%E5%A5%B3" dan="14,15,14,14" rate="1959.81,2073.38,1976.36,1965.64" sx="M,M,M,F"/><TAIKYOKU oya="0"/><INIT seed="0,0,0,2,5,15" ten="250,250,250,250" oya="0" hai0="85,82,98,126,75,101,7,91,115,40,29,32,22" hai1="69,97,130,72,122,62,116,107,16,88,109,12,78" hai2="19,108,111,79,3,18,73,125,27,89,46,94,49" hai3="83,70,35,110,0,54,106,105,129,118,42,87,34"/><T24/><D115/><U84/><E122/><V134/><F3/><W86/><G0/><T10/><D75/><U47/><E116/><V117/><F117/><W48/><G118/><T100/><D126/><U4/><E130/><V135/><F125/><W28/><G42/><T59/><D40/><U51/><E109/><N who="2" m="42059" /><F79/><W127/><G110/><T53/><D98/><U17/><E72/><V50/><F73/><W25/><G70/><T77/><D77/><U20/><E78/><V120/><F27/><W121/><G127/><T45/><D45/><U61/><E69/><V66/><F66/><W63/><G63/><N who="1" m="24074" /><E107/><V64/><F64/><W57/><G121/><T8/><D32/><U114/><E114/><V102/><F102/><N who="0" m="39530" /><D7/><U128/><E97/><N who="2" m="57551" /><F120/><W38/><G35/><T37/><D37/><U9/><E20/><V44/><F44/><W55/><G38/><T56/><D56/><U33/><E33/><V80/><F80/><W112/><G112/><T124/><D124/><U6/><E6/><V21/><F21/><W74/><G106/><T43/><D43/><N who="1" m="25087" /><E128/><V76/><F76/><N who="3" m="44439" /><G129/><T95/><D82/><AGARI ba="0,0" hai="4,9,12,16,17,82,84,88" m="25087,24074" machi="82" ten="30,8000,1" yaku="8,1,52,2,54,2" doraHai="15" who="1" fromWho="0" sc="250,-80,250,80,250,0,250,0" /><INIT seed="1,0,0,1,0,108" ten="170,330,250,250" oya="1" hai0="35,73,134,71,88,7,63,37,114,119,82,4,64" hai1="135,101,117,67,78,91,38,40,79,20,24,51,72" hai2="17,15,83,62,11,23,49,126,116,30,121,122,89" hai3="80,120,124,61,100,0,75,34,14,123,112,70,1"/><U28/><E38/><V97/><F116/><W55/><G34/><T36/><D7/><U111/><E117/><V59/><F126/><W96/><G124/><T47/><D88/><U10/><E111/><V60/><F122/><W12/><G12/><T57/><D119/><U127/><E135/><V53/><F121/><N who="3" m="46667" /><G55/><T118/><D118/><U54/><E127/><V76/><F97/><W131/><G14/><T95/><D95/><U81/><E79/><V103/><F103/><W52/><G52/><N who="0" m="34215" /><D4/><U90/><E101/><V25/><F89/><W65/><G131/><T48/><D82/><U42/><E67/><V3/><REACH who="2" step="1"/><F3/><REACH who="2" ten="170,330,240,250" step="2"/><W16/><G96/><T129/><D35/><U33/><E33/><V110/><F110/><W68/><G100/><T18/><D18/><U115/><E115/><V66/><F66/><W5/><G16/><T43/><D73/><AGARI ba="0,1" hai="11,15,17,23,25,30,49,53,59,60,62,73,76,83" machi="73" ten="30,7700,0" yaku="1,1,7,1,53,2" doraHai="108" doraHaiUra="58" who="2" fromWho="0" sc="170,-77,330,0,240,87,250,0" /><INIT seed="2,0,0,5,3,13" ten="93,330,327,250" oya="2" hai0="120,14,93,1,15,126,70,85,3,109,48,132,100" hai1="69,7,101,46,32,41,68,39,91,43,112,44,30" hai2="12,5,49,54,124,57,45,118,2,75,73,105,10" hai3="76,122,80,79,38,37,117,128,62,53,42,21,56"/><V63/><F118/><W89/><G117/><T26/><D120/><U4/><E112/><V29/><F105/><W110/><G128/><T114/><D70/><U19/><E101/><V103/><F103/><W23/><G122/><T47/><D114/><U81/><E30/><V11/><F29/><W115/><G115/><T40/><D26/><U27/><E32/><V97/><F97/><W59/><G110/><T24/><D100/><U52/><E52/><V130/><F130/><W31/><G42/><T133/><D24/><U99/><E27/><V60/><F124/><W71/><G71/><T134/><D109/><U22/><E7/><V77/><F77/><W95/><G56/><T16/><D126/><U123/><E4/><V86/><F86/><W72/><G76/><T113/><D113/><U25/><E123/><V8/><F63/><W6/><G6/><T90/><REACH who="0" step="1"/><D15/><REACH who="0" ten="83,330,327,250" step="2"/><U135/><E68/><V20/><F75/><W83/><G72/><T67/><D67/><U82/><E69/><V88/><F73/><W34/><G37/><T55/><D55/><U18/><E39/><V51/><F51/><W36/><G38/><T65/><D65/><U28/><E25/><V125/><F125/><W131/><G36/><T33/><D33/><U92/><E28/><V119/><F119/><W74/><G34/><T116/><D116/><U96/><E43/><N who="2" m="24767" /><F88/><W61/><G31/><T58/><D58/><U111/><E91/><V98/><F98/><W121/><G59/><T107/><D107/><U0/><E41/><V66/><F66/><W87/><G89/><T129/><D129/><RYUUKYOKU ba="0,1" sc="83,15,330,-15,327,15,250,-15" hai0="1,3,14,16,40,47,48,85,90,93,132,133,134" hai2="2,5,8,10,11,12,20,54,57,60" /><INIT seed="2,1,1,0,3,87" ten="98,315,342,235" oya="2" hai0="24,125,123,84,126,121,85,105,57,71,17,44,102" hai1="42,43,77,2,127,89,94,32,60,47,67,119,103" hai2="117,61,98,130,58,27,14,76,92,7,38,8,115" hai3="15,51,48,62,96,19,109,26,6,11,54,65,108"/><V31/><F38/><W41/><G41/><T13/><D71/><U21/><E32/><V116/><F115/><W9/><G96/><N who="0" m="61639" /><D44/><U16/><E2/><V91/><F76/><W120/><G120/><N who="0" m="46155" /><D24/><N who="1" m="14375" /><E127/><N who="0" m="48649" /><D57/><N who="1" m="37263" /><E119/><V90/><F130/><W113/><G113/><T112/><D17/><U110/><E110/><N who="3" m="42602" /><G54/><T73/><D13/><U23/><E77/><V114/><F114/><W59/><G26/><T93/><D112/><U25/><E103/><N who="2" m="60871" /><F116/><W39/><G39/><T55/><D55/><U100/><E100/><V106/><F106/><W81/><G9/><T80/><D93/><U95/><E47/><V12/><F12/><W37/><G37/><T122/><N who="0" m="46163" /><T36/><DORA hai="128" /><D36/><U101/><E95/><V66/><F117/><W86/><G6/><T0/><D0/><U129/><E101/><V29/><F27/><W135/><G48/><T63/><D63/><U35/><E35/><V64/><F64/><W131/><G51/><T79/><AGARI ba="1,1" hai="73,79,80,84,85" m="48649,46163,61639" machi="79" ten="50,6400,0" yaku="18,1,34,2" doraHai="87,128" who="0" fromWho="0" sc="98,77,315,-17,342,-33,235,-17" /><INIT seed="3,0,0,1,5,133" ten="175,298,309,218" oya="3" hai0="37,35,73,11,102,124,99,118,54,44,110,109,130" hai1="26,113,61,48,127,76,30,52,31,107,77,67,8" hai2="29,82,49,50,28,13,108,60,6,66,131,21,123" hai3="128,75,85,47,45,89,70,40,69,19,4,46,120"/><W95/><G120/><T57/><D35/><U135/><E127/><V9/><F123/><W90/><G128/><T117/><D11/><U14/><E135/><V88/><F131/><W42/><G75/><T86/><D130/><U94/><E107/><V34/><F34/><W41/><G4/><T119/><D73/><U134/><E134/><V68/><F108/><N who="0" m="41578" /><D86/><U87/><E113/><V1/><F29/><N who="1" m="10761" /><E26/><V114/><F114/><W59/><G59/><T104/><D57/><N who="1" m="37295" /><E94/><V65/><F65/><W103/><G103/><T17/><D17/><N who="1" m="8391" /><E87/><V116/><F116/><N who="0" m="29698" /><T74/><DORA hai="121" /><D54/><U84/><E84/><N who="2" m="50199" /><F1/><W39/><G89/><T83/><D83/><U100/><E100/><V51/><F68/><W101/><G101/><T43/><D74/><U5/><E5/><V20/><F28/><W112/><G112/><T64/><D64/><U79/><E79/><V15/><F15/><W97/><G85/><T93/><D93/><U98/><E98/><V122/><F122/><W2/><G2/><T32/><D124/><U111/><E111/><V58/><AGARI ba="0,0" hai="6,9,13,20,21,49,50,51,58,60,66" m="50199" machi="58" ten="30,2000,0" yaku="8,1,54,1" doraHai="133,121" who="2" fromWho="2" sc="175,-5,298,-5,309,20,218,-10" owari="170,-33.0,293,9.0,329,43.0,208,-19.0" /></mjloggm>