<mjloggm ver="2.3"><GO type="97" lobby="0"/><UN n0="%61%73%61%67%6F%68%61%6E" n1="%4A%50%53%E6%9D%B1%E9%A2%A8" n2="%E5%B0%B1%E6%B4%BB%E7%94%9F%40%E5%B7%9D%E6%9D%91%E8%BB%8D%E5%9B%A3" n3="%69%74%74%75%64%65%6D%69" dan="15,14,15,13" rate="1986.31,1942.85,1995.87,1910.40" sx="M,M,M,M"/><TAIKYOKU oya="0"/><INIT seed="0,0,0,0,1,105" ten="250,250,250,250" oya="0" hai0="15,100,55,77,52,96,36,49,78,121,59,27,93" hai1="132,84,54,25,60,101,48,97,106,76,72,38,63" hai2="12,104,8,90,22,44,20,24,2,124,58,64,1" hai3="69,67,43,5,135,39,31,91,19,28,53,113,45"/><T82/><D36/><U95/><E38/><V7/><F104/><W0/><G113/><T62/><D121/><U40/><E132/><V103/><F103/><W127/><G135/><T61/><D61/><U80/><E40/><V26/><F124/><W21/><G127/><T11/><D27/><U33/><E33/><V57/><F44/><W34/><G34/><T92/><D82/><U13/><E25/><V125/><F125/><W41/><G41/><T108/><D92/><U133/><E13/><V119/><F119/><W42/><G42/><T6/><REACH who="0" step="1"/><D108/><REACH who="0" ten="240,250,250,250" step="2"/><U129/><E133/><V68/><F26/><W87/><G69/><T17/><D17/><U115/><E129/><V107/><F107/><W50/><G67/><T130/><D130/><U79/><E115/><V81/><F24/><W112/><G112/><T116/><D116/><U102/><E76/><V94/><F68/><W35/><G35/><T65/><D65/><U9/><E102/><V128/><F81/><W131/><G131/><T66/><D66/><U74/><E63/><V122/><F64/><W46/><G28/><T70/><D70/><U86/><E60/><V30/><F128/><W32/><G32/><T89/><D89/><U18/><E95/><V71/><F30/><W118/><G31/><T117/><D117/><U126/><E126/><V75/><F71/><W111/><G118/><T88/><D88/><U99/><E79/><V109/><F109/><W83/><G111/><T37/><D37/><U51/><E101/><V85/><F122/><W14/><G5/><T16/><D16/><U3/><E18/><RYUUKYOKU ba="0,1" sc="240,15,250,-15,250,-15,250,15" hai0="6,11,15,49,52,55,59,62,77,78,93,96,100" hai3="0,14,19,21,39,43,45,46,50,53,83,87,91" /><INIT seed="0,1,1,3,4,101" ten="255,235,235,265" oya="0" hai0="81,93,28,55,124,84,116,52,14,60,114,53,108" hai1="65,109,68,98,112,133,97,117,42,36,7,40,123" hai2="15,107,70,3,61,32,77,99,58,33,121,88,102" hai3="37,4,18,100,110,10,78,48,0,63,38,75,41"/><T87/><D116/><U46/><E123/><V49/><F121/><W113/><G113/><T59/><D114/><U122/><E122/><V43/><F3/><W126/><G126/><T1/><D1/><U128/><E117/><V2/><F2/><W62/><G110/><T31/><D124/><U44/><E112/><V57/><F70/><W86/><G100/><T13/><D93/><U96/><E109/><V24/><F77/><W17/><G48/><T82/><D108/><U64/><E133/><V39/><F39/><W89/><G75/><T71/><D71/><U74/><E74/><V103/><F103/><W118/><G78/><T106/><D106/><U135/><E135/><V73/><F73/><W51/><G118/><T104/><D104/><U95/><E128/><V105/><F105/><W34/><G34/><T12/><D59/><U6/><E95/><V72/><F72/><W67/><G38/><T85/><REACH who="0" step="1"/><D60/><REACH who="0" ten="245,235,235,265" step="2"/><U127/><E127/><V16/><F58/><W47/><G62/><T9/><D9/><U54/><E68/><V56/><F57/><W22/><G37/><T23/><D23/><U76/><E36/><V119/><F119/><W35/><G35/><T20/><D20/><U30/><E44/><V29/><F33/><W8/><G8/><T27/><D27/><U91/><E46/><N who="2" m="25823" /><F56/><W125/><G125/><T66/><D66/><U120/><E65/><V94/><F61/><W80/><G22/><T129/><D129/><U25/><E64/><V83/><F83/><AGARI ba="1,2" hai="12,13,14,28,31,52,53,55,81,82,83,84,85,87" machi="83" ten="50,18000,2" yaku="1,1,29,2,28,2,8,1,54,1,53,0" doraHai="101" doraHaiUra="130" who="0" fromWho="2" sc="245,203,235,0,235,-183,265,0" /><INIT seed="0,2,0,1,4,124" ten="448,235,52,265" oya="0" hai0="2,57,74,117,17,35,66,92,64,61,50,30,115" hai1="126,101,6,113,122,41,37,47,8,10,65,81,133" hai2="0,121,135,32,116,95,58,45,110,53,86,26,99" hai3="54,62,31,33,51,69,70,16,48,132,29,111,25"/><T63/><D115/><U15/><E122/><V107/><F0/><W71/><G132/><T94/><D74/><U56/><E126/><V18/><F121/><W114/><G114/><T131/><D117/><U90/><E113/><V112/><F116/><W89/><G111/><T85/><D2/><U9/><E133/><V22/><F112/><W24/><G89/><T127/><D127/><U134/><E134/><V55/><F110/><W20/><G62/><T5/><D5/><U12/><E101/><V21/><F135/><W76/><G76/><T19/><D50/><U3/><E3/><V75/><F32/><W105/><G105/><T38/><D38/><U73/><E12/><V93/><F75/><W44/><G48/><T129/><D30/><U123/><E123/><V87/><F107/><W68/><N who="3" m="17920" /><DORA hai="72" /><W49/><REACH who="3" step="1"/><G49/><REACH who="3" ten="448,235,52,255" step="2"/><T83/><D35/><U13/><E73/><V88/><F45/><W39/><G39/><T43/><D43/><U36/><E47/><V42/><F42/><W119/><G119/><T91/><D63/><U46/><E37/><V103/><F86/><W52/><G52/><T11/><D66/><U82/><E46/><V14/><REACH who="2" step="1"/><F58/><REACH who="2" ten="448,235,42,255" step="2"/><W102/><G102/><T109/><D109/><U7/><E41/><V130/><F130/><W60/><G60/><T80/><D129/><U106/><E36/><V27/><F27/><W40/><G40/><T1/><D131/><U100/><E56/><V108/><F108/><W125/><G125/><T77/><D61/><U128/><E65/><V67/><F67/><W78/><G78/><T23/><D77/><RYUUKYOKU ba="2,2" sc="448,-15,235,-15,42,15,255,15" hai2="14,18,21,22,26,53,55,87,88,93,95,99,103" hai3="16,20,24,25,29,31,33,44,51,54" /><INIT seed="1,3,2,1,4,28" ten="433,220,57,270" oya="1" hai0="29,103,10,19,124,120,11,98,56,80,53,44,34" hai1="33,6,83,18,71,16,59,43,45,47,37,95,117" hai2="89,125,97,88,133,57,55,79,1,27,30,127,67" hai3="9,131,0,76,132,68,4,63,110,50,99,51,93"/><U36/><E117/><V115/><F1/><W130/><G76/><T129/><D44/><U13/><E71/><V122/><F122/><W49/><G132/><T58/><D129/><N who="3" m="49161" /><G110/><T72/><D124/><N who="2" m="47690" /><F79/><W48/><N who="3" m="12800" /><DORA hai="82" /><W22/><G22/><T12/><D34/><U102/><E33/><N who="2" m="20703" /><F115/><W25/><G25/><T17/><D29/><U73/><E59/><V8/><F133/><W84/><G84/><T121/><D53/><U66/><E66/><V54/><F8/><W14/><G0/><T20/><D72/><U39/><E6/><V107/><F107/><W35/><G35/><T41/><D41/><U109/><E109/><V5/><F5/><W119/><G119/><T38/><D38/><U134/><E134/><V42/><F42/><W69/><G63/><T64/><D64/><U106/><E106/><V74/><F74/><W23/><G23/><T70/><D56/><U65/><E18/><V118/><F118/><W112/><G112/><T100/><D58/><U21/><E73/><V81/><F97/><W92/><G92/><T31/><D20/><U128/><E65/><V15/><F15/><W104/><G104/><T135/><D31/><U91/><E128/><V46/><F46/><W105/><G105/><T90/><D135/><U113/><E47/><V24/><F24/><W108/><G108/><T77/><D77/><U26/><E113/><V85/><F89/><AGARI ba="3,2" hai="4,9,14,68,69,89,93,99" m="12800,49161" machi="89" ten="40,1300,0" yaku="19,1" doraHai="28,82" who="3" fromWho="2" sc="433,0,220,0,57,-22,270,42" /><INIT seed="2,0,0,2,1,53" ten="433,220,35,312" oya="2" hai0="96,24,124,15,16,110,20,12,103,62,81,41,57" hai1="49,67,75,5,107,39,42,109,43,25,99,125,113" hai2="36,13,114,64,120,122,22,119,73,132,35,10,61" hai3="117,21,6,68,90,8,127,91,77,85,123,72,87"/><V60/><F35/><W69/><G123/><T121/><D110/><U29/><E75/><V0/><F36/><W89/><G117/><T74/><D124/><U11/><E113/><V94/><F73/><W52/><G127/><T116/><D41/><U14/><E39/><V106/><F119/><W33/><G33/><T70/><D70/><U58/><E109/><V95/><F106/><W129/><G129/><T84/><D74/><U98/><E125/><V104/><F104/><W46/><G21/><T133/><D133/><U111/><E111/><V130/><F0/><W50/><G72/><T93/><D121/><U83/><E83/><V108/><F108/><W51/><G77/><N who="0" m="46127" /><D116/><U19/><E107/><V102/><F114/><W79/><G79/><T105/><D105/><U45/><E42/><V80/><F130/><W44/><G68/><T56/><D56/><U18/><E98/><N who="2" m="59735" /><F132/><W126/><G69/><T55/><AGARI ba="0,0" hai="12,15,16,20,24,55,57,62,93,96,103" m="46127" machi="55" ten="30,4000,0" yaku="8,1,52,1,54,1" doraHai="53" who="0" fromWho="0" sc="433,40,220,-10,35,-20,312,-10" /><INIT seed="3,0,0,1,4,120" ten="473,210,15,302" oya="3" hai0="99,59,98,10,130,8,111,125,7,117,17,56,128" hai1="35,129,104,109,9,92,96,102,73,123,79,2,101" hai2="45,40,68,26,113,16,58,0,37,34,116,5,21" hai3="55,82,13,51,110,75,86,85,66,132,131,91,81"/><W50/><G131/><N who="0" m="50219" /><D117/><U119/><E35/><V22/><F68/><W72/><G132/><T41/><D111/><U28/><E28/><V46/><F116/><W54/><G66/><T1/><D41/><U76/><E119/><V49/><F113/><W93/><G93/><T90/><D125/><U70/><E70/><V42/><F34/><W52/><G13/><N who="0" m="7351" /><D98/><U25/><E25/><V29/><F0/><W53/><N who="3" m="13824" /><DORA hai="14" /><W74/><G110/><T94/><AGARI ba="0,0" hai="1,7,8,56,59,90,94,99" m="7351,50219" machi="94" ten="30,2000,0" yaku="19,1,52,1" doraHai="120,14" who="0" fromWho="0" sc="473,20,210,-5,15,-5,302,-10" owari="493,59.0,205,-19.0,10,-49.0,292,9.0" /></mjloggm>