<mjloggm ver="2.3"><GO type="225" lobby="0"/><UN n0="%E6%9D%BE%E5%B3%B6" n1="%E3%83%9D%E3%82%B3%E3%83%94%E3%83%B3" n2="%E5%B0%B1%E6%B4%BB%E7%94%9F%40%E5%B7%9D%E6%9D%91%E8%BB%8D%E5%9B%A3" n3="%E6%96%B0%E4%B8%96%E7%95%8C%E3%81%AE%E7%B4%99" dan="16,16,17,18" rate="2048.04,2127.83,2079.61,2196.07" sx="M,M,M,M"/><TAIKYOKU oya="0"/><INIT seed="0,0,0,1,5,5" ten="250,250,250,250" oya="0" hai0="101,95,22,120,110,79,72,38,82,30,44,104,49" hai1="54,114,102,126,39,23,14,133,123,48,7,105,116" hai2="32,96,47,71,70,113,68,6,108,130,85,3,66" hai3="94,26,61,34,36,84,63,33,100,0,77,28,13"/><T131/><D120/><U65/><E39/><V24/><F113/><W109/><G0/><T50/><D131/><U90/><E123/><V92/><F130/><W29/><G36/><T88/><D110/><U60/><E126/><V121/><F108/><W8/><G109/><T52/><D38/><U67/><E133/><V107/><F121/><W11/><G33/><T83/><D83/><U87/><E116/><V17/><F107/><W43/><G43/><T69/><D69/><U1/><E60/><V80/><F66/><W25/><G77/><T59/><D101/><U21/><E1/><V93/><F93/><W19/><G11/><T20/><D30/><U55/><E55/><V99/><F99/><W12/><G12/><T41/><D104/><U27/><E102/><V57/><F57/><W125/><G125/><T111/><D111/><U31/><E105/><V45/><F6/><W74/><G74/><T97/><AGARI ba="0,0" hai="20,22,41,44,49,50,52,59,72,79,82,88,95,97" machi="97" ten="20,7800,0" yaku="0,1,7,1,54,2" doraHai="5" who="0" fromWho="0" sc="250,78,250,-26,250,-26,250,-26" /><INIT seed="0,1,0,4,5,135" ten="328,224,224,224" oya="0" hai0="134,127,62,129,20,96,70,93,100,101,15,99,9" hai1="2,111,23,119,13,59,72,51,17,58,120,98,75" hai2="37,54,4,90,123,92,67,86,55,81,79,61,87" hai3="29,12,88,124,84,125,113,7,73,28,74,130,77"/><T76/><D129/><U36/><E119/><V89/><F123/><W52/><G113/><T133/><D127/><N who="3" m="48713" /><G130/><T128/><D76/><U42/><E36/><V115/><F115/><W3/><G3/><T40/><D40/><U108/><E2/><V71/><F37/><W43/><G43/><T19/><D128/><U107/><E120/><V30/><F30/><N who="3" m="11883" /><G77/><T57/><D70/><U47/><E111/><V38/><F38/><W50/><G7/><T44/><D44/><U105/><E108/><V60/><F4/><W112/><G12/><T82/><D82/><U49/><E13/><V6/><F6/><W8/><G8/><T5/><D5/><U109/><E42/><V68/><F79/><W78/><G78/><T132/><D9/><U18/><E109/><V131/><F131/><W80/><G112/><T41/><D41/><U114/><E114/><V22/><F22/><W24/><G24/><T11/><D11/><U106/><E23/><V66/><AGARI ba="1,0" hai="54,55,60,61,66,67,68,71,81,86,87,89,90,92" machi="66" ten="30,2000,0" yaku="0,1,9,1" doraHai="135" who="2" fromWho="2" sc="328,-11,224,-6,224,23,224,-6" /><INIT seed="1,0,0,0,3,42" ten="317,218,247,218" oya="1" hai0="91,59,96,2,95,133,63,31,99,61,54,106,57" hai1="120,69,97,117,45,123,127,105,83,11,3,22,71" hai2="110,89,28,72,18,102,92,33,52,101,6,38,98" hai3="14,130,51,111,0,90,87,103,107,124,21,94,119"/><U75/><E117/><V12/><F72/><W86/><G111/><T4/><D133/><U26/><E127/><V56/><F38/><W134/><G0/><T65/><D31/><U118/><E118/><V39/><F39/><W30/><G119/><T81/><D81/><U13/><E3/><V121/><F121/><W58/><G124/><T19/><D19/><U5/><E71/><V7/><F110/><W115/><G115/><T8/><D106/><U77/><E69/><V35/><F35/><W93/><G134/><T73/><D73/><U24/><E24/><V49/><F28/><W79/><G130/><T114/><D114/><U131/><E131/><V15/><F33/><W82/><G107/><T88/><D96/><U48/><E97/><V66/><F66/><W125/><G125/><T100/><AGARI ba="0,0" hai="2,4,8,54,57,59,61,63,65,88,91,95,99,100" machi="100" ten="20,2700,0" yaku="0,1,7,1,54,1" doraHai="42" who="0" fromWho="0" sc="317,27,218,-13,247,-7,218,-7" /><INIT seed="2,0,0,0,3,128" ten="344,205,240,211" oya="2" hai0="108,112,117,89,64,40,43,26,101,118,116,66,103" hai1="121,32,113,132,49,88,53,111,85,69,8,72,133" hai2="4,119,95,127,35,30,63,120,24,98,109,41,25" hai3="36,92,78,15,80,83,91,1,55,59,126,48,62"/><V2/><F119/><W125/><G1/><T28/><D108/><U99/><E72/><V20/><F120/><W18/><G36/><T115/><D89/><U93/><E111/><V75/><F75/><W39/><G39/><T82/><D82/><U31/><E121/><V0/><F127/><W122/><G122/><T97/><D101/><U33/><E113/><N who="0" m="43593" /><D43/><U114/><E114/><V13/><F109/><W105/><G105/><N who="0" m="63727" /><D40/><U19/><E69/><V50/><F63/><W129/><G129/><T102/><D102/><U17/><E85/><V3/><F50/><W104/><G104/><T134/><D134/><N who="1" m="51819" /><E31/><V123/><F41/><W71/><G71/><T86/><D86/><U5/><E5/><V11/><F123/><W47/><G78/><T68/><D68/><U110/><E110/><V45/><F45/><W51/><G125/><T61/><D61/><U44/><E19/><N who="2" m="12319" /><F95/><W135/><G126/><T65/><D65/><U96/><E99/><V29/><F98/><N who="3" m="57631" /><G135/><T52/><D52/><U73/><E73/><V58/><F58/><W79/><G79/><T87/><D87/><U90/><E90/><V124/><F124/><W22/><G51/><T21/><AGARI ba="0,0" hai="21,26,28,64,66,116,117,118" m="63727,43593" machi="21" ten="40,1500,0" yaku="12,1" doraHai="128" who="0" fromWho="0" sc="344,15,205,-4,240,-7,211,-4" /><INIT seed="3,0,0,1,4,12" ten="359,201,233,207" oya="3" hai0="7,63,49,130,26,116,40,28,3,119,9,27,61" hai1="20,48,96,67,6,46,21,59,113,122,79,85,17" hai2="22,2,90,36,60,5,135,25,64,23,16,102,56" hai3="58,52,44,13,100,73,50,1,71,37,32,65,109"/><W118/><G118/><T43/><D130/><U53/><E122/><V39/><F135/><W33/><G1/><T84/><D27/><U18/><E113/><V29/><F2/><W78/><G100/><T4/><D4/><U51/><E6/><V95/><F5/><W124/><G124/><T123/><D123/><U24/><E96/><N who="2" m="59679" /><F90/><W91/><G109/><T14/><D14/><AGARI ba="0,0" hai="14,16,22,23,25,29,36,39,56,60,64" m="59679" machi="14" ten="30,3900,0" yaku="25,1,52,1,54,1" doraHai="12" who="2" fromWho="0" sc="359,-39,201,0,233,39,207,0" owari="320,42.0,201,-30.0,272,7.0,207,-19.0" /></mjloggm>