<mjloggm ver="2.3"><GO type="97" lobby="0"/><UN n0="%E5%B0%B1%E6%B4%BB%E7%94%9F%40%E5%B7%9D%E6%9D%91%E8%BB%8D%E5%9B%A3" n1="%4B%49%44%4F" n2="%5A%65%6E%6F" n3="%E8%A1%A3%E3%81%95%E3%82%93%EF%BC%A0%E5%A4%A9%E6%B1%9F" dan="15,14,14,13" rate="1957.69,1873.23,1952.76,1812.97" sx="M,M,M,F"/><TAIKYOKU oya="0"/><INIT seed="0,0,0,1,4,69" ten="250,250,250,250" oya="0" hai0="131,97,5,37,29,42,72,39,35,22,52,18,57" hai1="107,38,67,102,10,17,106,118,43,116,33,124,15" hai2="51,19,114,101,74,85,40,48,11,1,36,94,121" hai3="68,123,46,41,70,75,63,84,119,25,24,44,54"/><T92/><D72/><U128/><E128/><V27/><F74/><W73/><G119/><T80/><D131/><U30/><E124/><V112/><F121/><W7/><G75/><T125/><D125/><U104/><E67/><V78/><F48/><W90/><G73/><T117/><D117/><U134/><E102/><V71/><F71/><W2/><G123/><T9/><D29/><U135/><E30/><V21/><F51/><W110/><G70/><T126/><D35/><U77/><E77/><V82/><F1/><W65/><G54/><T132/><D80/><U120/><E33/><V129/><F129/><W64/><G65/><T60/><D42/><U56/><E56/><V6/><F101/><W32/><G46/><T23/><D23/><U4/><E17/><V66/><F66/><W86/><G32/><T133/><D126/><U26/><E26/><V109/><F94/><W47/><G86/><T98/><D98/><U3/><E15/><V8/><F109/><W20/><G47/><T62/><D62/><U81/><E81/><V53/><F53/><W12/><G2/><N who="0" m="183" /><D133/><N who="1" m="50699" /><E120/><V61/><F61/><W113/><G113/><N who="2" m="43625" /><F6/><W28/><G110/><T83/><D132/><U14/><E14/><V76/><F76/><W95/><G28/><T34/><D83/><U93/><E93/><V59/><F59/><W50/><REACH who="3" step="1"/><G7/><REACH who="3" ten="250,250,250,240" step="2"/><T91/><D34/><U111/><E111/><V58/><F58/><W100/><G100/><T87/><D87/><U96/><E96/><V0/><F0/><W108/><G108/><T13/><D97/><U105/><N who="1" m="26624" /><DORA hai="115" /><U89/><E89/><RYUUKYOKU ba="0,1" sc="250,0,250,0,250,0,240,0" hai0="13,18,22,37,39,52,57,60,91,92" hai1="3,4,10,38,43,116,118" hai2="8,11,19,21,27,36,40,78,82,85" hai3="12,20,24,25,41,44,50,63,64,68,84,90,95" /><INIT seed="0,1,1,0,2,6" ten="250,250,250,240" oya="0" hai0="120,37,77,70,73,83,56,49,21,3,40,122,79" hai1="123,127,65,58,126,29,52,76,89,62,100,60,124" hai2="42,95,107,78,64,111,27,90,39,81,80,108,67" hai3="48,32,110,43,93,104,19,9,75,112,38,36,24"/><T88/><D70/><N who="1" m="42279" /><E123/><V129/><F107/><W41/><G112/><T105/><D105/><U92/><E100/><V8/><F129/><W96/><G104/><T45/><D79/><U44/><E44/><N who="2" m="23647" /><F27/><W55/><G75/><T34/><D34/><U18/><E29/><V14/><F95/><W131/><G36/><T87/><D3/><U20/><E76/><V47/><F47/><W132/><G131/><T121/><D21/><U103/><E103/><V134/><F90/><W101/><G38/><T30/><D30/><U91/><E92/><V0/><F0/><W113/><G113/><T22/><D22/><U54/><E54/><V133/><F67/><W82/><G32/><T28/><D28/><U109/><E109/><N who="2" m="42059" /><F64/><W135/><G110/><T25/><D25/><AGARI ba="1,1" hai="18,20,25,52,58,62,89,91,124,126,127" m="42279" machi="25" ten="30,2000,0" yaku="18,1,54,1" doraHai="6" who="1" fromWho="0" sc="250,-23,250,33,250,0,240,0" /><INIT seed="1,0,0,4,5,32" ten="227,283,250,240" oya="1" hai0="73,24,12,125,6,106,50,63,116,115,102,75,62" hai1="51,100,111,21,117,7,130,56,39,0,17,66,64" hai2="123,88,71,38,131,31,40,1,128,93,13,132,74" hai3="35,103,72,54,44,122,52,126,104,127,29,97,70"/><U36/><E117/><V91/><F123/><W118/><G72/><T42/><D116/><U27/><E130/><V113/><F74/><W60/><G122/><T119/><D115/><U23/><E111/><V108/><F108/><W53/><G118/><T47/><D119/><U69/><E69/><V81/><F113/><W120/><G120/><T58/><D125/><N who="3" m="47625" /><G70/><T78/><D62/><U105/><E105/><V95/><F71/><W25/><G44/><T112/><D112/><U43/><E100/><V5/><F40/><W48/><G48/><T67/><D78/><U26/><E43/><V82/><F38/><W94/><G104/><T110/><D110/><U85/><E85/><N who="2" m="52367" /><F31/><W133/><G133/><T14/><D24/><U79/><E79/><V30/><F30/><W37/><G37/><T34/><D34/><U68/><E68/><V135/><F81/><W45/><G45/><T124/><D124/><U3/><E7/><V33/><F82/><W109/><G109/><T84/><D84/><U18/><E51/><V114/><F33/><W121/><G121/><T11/><REACH who="0" step="1"/><D12/><REACH who="0" ten="217,283,250,240" step="2"/><U4/><E4/><V65/><F13/><W8/><G8/><T19/><D19/><U98/><E56/><AGARI ba="0,1" hai="25,29,35,52,53,54,56,60,94,97,103" m="47625" machi="56" ten="30,2000,0" yaku="18,1,54,1" doraHai="32" who="3" fromWho="1" sc="217,0,283,-20,250,0,240,30" /><INIT seed="2,0,0,1,1,127" ten="217,263,250,270" oya="2" hai0="124,85,19,25,118,46,29,95,30,94,79,48,65" hai1="80,74,2,82,119,34,98,110,123,0,104,23,131" hai2="36,78,111,101,81,117,61,112,59,84,32,7,47" hai3="22,10,114,54,15,99,105,129,122,135,68,83,26"/><V44/><F117/><W49/><G122/><T28/><D124/><U69/><RYUUKYOKU type="yao9" ba="0,0" sc="217,0,263,0,250,0,270,0" hai1="0,2,23,34,69,74,80,82,98,104,110,119,123,131" /><INIT seed="2,1,0,3,2,125" ten="217,263,250,270" oya="2" hai0="86,4,129,45,89,73,51,91,101,118,29,17,97" hai1="69,75,92,23,94,12,38,24,40,96,90,127,21" hai2="83,46,112,39,20,9,109,131,34,33,67,61,57" hai3="135,103,19,28,16,117,124,134,110,99,59,104,114"/><V63/><F112/><W42/><G117/><T122/><D118/><U100/><E69/><V121/><F121/><W98/><G114/><T55/><D122/><U62/><E75/><V30/><F9/><W68/><G68/><T48/><D73/><U76/><E127/><V82/><F63/><W47/><G124/><T49/><D4/><U22/><E76/><V120/><F120/><W15/><G28/><T37/><D29/><U58/><E40/><N who="2" m="22815" /><F20/><W71/><G71/><T0/><D0/><U65/><E38/><V105/><F105/><W74/><G74/><T130/><D17/><U93/><E93/><V64/><F64/><W5/><G59/><T95/><D89/><U111/><E111/><V102/><F102/><W35/><G35/><T27/><D27/><U115/><E12/><V50/><F50/><W77/><G77/><T126/><D126/><U18/><REACH who="1" step="1"/><E115/><REACH who="1" ten="217,253,250,270" step="2"/><V8/><F109/><W52/><G110/><T106/><REACH who="0" step="1"/><D55/><REACH who="0" ten="207,253,250,270" step="2"/><U13/><E13/><V25/><F34/><W31/><G52/><T11/><D11/><U128/><E128/><V1/><F131/><W70/><G15/><T7/><D7/><U3/><E3/><V84/><F1/><W123/><G5/><T10/><D10/><U56/><E56/><V78/><F8/><W54/><G123/><T107/><D107/><U43/><E43/><AGARI ba="1,2" hai="37,43,45,48,49,51,86,91,95,97,101,106,129,130" machi="43" ten="40,5200,0" yaku="1,1,52,2,53,0" doraHai="125" doraHaiUra="32" who="0" fromWho="1" sc="207,75,253,-55,250,0,270,0" /><INIT seed="3,0,0,2,3,23" ten="282,198,250,270" oya="3" hai0="83,28,52,77,101,19,78,130,37,24,104,9,110" hai1="108,10,133,25,124,102,47,36,74,42,38,97,48" hai2="16,60,103,111,100,63,123,88,93,119,91,121,53" hai3="32,132,33,65,105,125,114,64,2,30,69,29,55"/><W27/><G105/><T117/><D37/><U15/><E108/><V72/><F119/><W82/><G114/><T89/><D117/><U44/><E74/><V45/><F72/><W59/><G2/><T80/><D110/><U87/><E133/><V61/><F111/><W50/><G132/><T6/><D104/><U70/><E70/><V122/><F16/><W57/><G125/><T31/><D101/><U67/><E67/><V43/><F53/><W68/><G82/><N who="0" m="31275" /><D89/><U115/><E87/><V4/><F4/><W3/><G3/><T0/><D0/><U118/><E118/><V84/><REACH who="2" step="1"/><F91/><REACH who="2" ten="282,198,240,270" step="2"/><W129/><G129/><T128/><D6/><U106/><E124/><V131/><F131/><W49/><G55/><T21/><D130/><U98/><E115/><V99/><F99/><W39/><G39/><AGARI ba="0,1" hai="39,43,45,60,61,63,84,88,93,100,103,121,122,123" machi="39" ten="50,6400,0" yaku="1,1,13,1,54,1,53,0" doraHai="23" doraHaiUra="22" who="2" fromWho="3" sc="282,0,198,0,240,74,270,-64" owari="282,8.0,198,-30.0,314,41.0,206,-19.0" /></mjloggm>