<mjloggm ver="2.3"><GO type="169" lobby="0"/><UN n0="%E3%82%AE%E3%82%BF%E3%83%AB%E3%83%9E" n1="%E6%9D%BE%E5%AE%9F%E7%8E%84%E3%81%98%E3%82%83%E3%81%AA%E3%81%84" n2="%E3%82%A6%E3%83%AB%E3%83%88%E3%83%A9%E7%AB%8B%E7%9B%B4" n3="%E3%81%9B%E3%81%95%E3%81%BF%E3%82%93%E2%99%AA" dan="16,17,17,16" rate="2074.05,2140.63,2188.49,2116.40" sx="M,F,M,F"/><TAIKYOKU oya="0"/><INIT seed="0,0,0,1,4,30" ten="250,250,250,250" oya="0" hai0="109,66,119,72,34,21,63,108,69,88,123,14,100" hai1="102,46,70,61,15,41,74,130,97,38,75,90,115" hai2="133,112,80,44,95,84,77,37,82,10,107,57,129" hai3="89,91,78,13,99,31,1,52,59,17,92,54,86"/><T131/><D119/><U85/><E130/><V114/><F57/><W11/><G1/><T125/><D123/><U48/><E115/><V29/><F10/><W111/><G111/><N who="0" m="42571" /><D125/><U98/><E38/><V50/><F50/><W5/><G31/><T105/><D131/><U68/><E15/><V39/><F44/><W67/><G78/><T127/><D127/><U132/><E98/><V104/><F29/><W35/><G35/><T71/><D72/><U64/><E70/><V128/><F77/><W26/><G67/><T124/><D124/><U96/><E96/><V55/><F84/><W2/><G59/><T58/><D34/><U106/><E132/><V79/><F79/><W49/><G49/><T42/><D42/><U36/><E36/><V101/><F133/><W16/><G26/><T93/><D100/><U12/><E12/><V117/><F117/><W32/><G32/><T22/><D105/><U53/><E41/><V9/><F101/><W7/><G17/><N who="0" m="10423" /><D22/><U19/><E19/><V56/><F128/><W28/><G28/><T110/><N who="0" m="42579" /><T83/><DORA hai="65" /><D83/><AGARI ba="0,0" hai="46,48,53,61,64,68,74,75,83,85,90,97,102,106" machi="83" ten="30,2000,0" yaku="7,1,52,1" doraHai="30,65" who="1" fromWho="0" sc="250,-20,250,20,250,0,250,0" /><INIT seed="1,0,0,1,1,3" ten="230,270,250,250" oya="1" hai0="85,13,69,82,68,66,89,93,87,107,58,70,46" hai1="48,61,105,65,77,29,97,56,91,130,125,2,110" hai2="101,79,64,16,18,41,86,111,17,27,4,63,44" hai3="43,83,0,45,128,129,106,8,103,109,98,67,35"/><U127/><E130/><N who="3" m="50282" /><G109/><T36/><D107/><U90/><E110/><V55/><F101/><W42/><G67/><T62/><D13/><U15/><E2/><V81/><F111/><W6/><G35/><T116/><D116/><U115/><E115/><V38/><F55/><W72/><G45/><T92/><D36/><U24/><E77/><AGARI ba="0,0" hai="0,6,8,42,43,72,77,83,98,103,106" m="50282" machi="77" ten="30,2000,0" yaku="19,1,52,1" doraHai="3" who="3" fromWho="1" sc="230,0,270,-20,250,0,250,20" /><INIT seed="2,0,0,5,5,56" ten="230,250,250,270" oya="2" hai0="44,12,9,50,113,135,70,103,90,69,123,81,116" hai1="68,52,115,134,31,5,55,48,91,109,121,25,58" hai2="114,15,129,10,80,74,22,71,1,46,8,4,76" hai3="40,20,53,130,119,67,33,75,19,51,108,62,105"/><V120/><F120/><W125/><G119/><T28/><D123/><U132/><E121/><V88/><F114/><W42/><G108/><T60/><D113/><U72/><E115/><V128/><F71/><W100/><G130/><N who="2" m="50281" /><F46/><W99/><G125/><T30/><D103/><U27/><E68/><V49/><F49/><W124/><G124/><T0/><D0/><U117/><E117/><V94/><F22/><W21/><G33/><T61/><D116/><U93/><E72/><V54/><F54/><W78/><G75/><T57/><D135/><N who="1" m="51755" /><E5/><V126/><F126/><W73/><G73/><T118/><D118/><U3/><E3/><V16/><F94/><W104/><G20/><T36/><D36/><U65/><E65/><V85/><F74/><W110/><G53/><N who="0" m="29895" /><D57/><N who="1" m="32903" /><E31/><N who="0" m="11817" /><D70/><U41/><E41/><V59/><F59/><W34/><G40/><T18/><D69/><U112/><E109/><V95/><F95/><N who="3" m="58495" /><G110/><T111/><D111/><U37/><E37/><V79/><AGARI ba="0,0" hai="1,4,8,10,15,16,76,79,80,85,88" m="50281" machi="79" ten="30,6000,0" yaku="19,1,54,2" doraHai="56" who="2" fromWho="2" sc="230,-20,250,-20,250,60,270,-20" /><INIT seed="2,1,0,1,2,111" ten="210,230,310,250" oya="2" hai0="75,27,17,52,64,87,113,100,112,28,130,19,117" hai1="127,60,81,116,2,63,80,1,88,79,72,74,49" hai2="41,5,51,13,10,94,98,20,69,132,26,71,102" hai3="99,15,9,128,70,89,57,4,86,118,32,30,114"/><V59/><F132/><W77/><G118/><T135/><D75/><U95/><E116/><V83/><F83/><W24/><G128/><T6/><D117/><U124/><E49/><V93/><F93/><W40/><G70/><T65/><D6/><U85/><E81/><V131/><F131/><W29/><G29/><T50/><D130/><U110/><E74/><V125/><F125/><N who="1" m="48201" /><E110/><V105/><F105/><W53/><G40/><T134/><D100/><U123/><E123/><V12/><F12/><W18/><G77/><T97/><D97/><U133/><E133/><N who="0" m="50697" /><D87/><U67/><E63/><V78/><F78/><W129/><G99/><T21/><D19/><U61/><E61/><V31/><REACH who="2" step="1"/><F59/><AGARI ba="1,0" hai="1,2,59,60,67,72,79,80,85,88,95" m="48201" machi="59" ten="30,2000,0" yaku="18,1,54,1" doraHai="111" who="1" fromWho="2" sc="210,0,230,23,310,-23,250,0" /><INIT seed="3,0,0,5,0,96" ten="210,253,287,250" oya="3" hai0="90,24,31,37,41,94,33,103,42,115,40,18,133" hai1="114,30,57,34,81,11,7,8,64,67,65,23,38" hai2="76,27,132,0,95,49,99,85,92,45,62,39,89" hai3="135,120,66,73,70,124,55,127,131,116,84,74,17"/><W107/><G120/><T77/><D133/><U19/><E38/><V6/><F39/><W88/><G116/><T54/><D115/><U60/><E114/><V69/><F132/><W97/><G135/><T118/><D118/><U52/><E7/><V113/><F113/><W25/><G70/><T46/><D77/><U110/><E110/><V93/><F6/><W86/><G66/><T56/><D18/><U35/><E81/><N who="2" m="47271" /><F0/><W15/><G25/><T1/><D1/><U130/><E130/><V72/><F72/><W80/><G131/><T79/><D79/><U125/><E125/><N who="3" m="48202" /><G55/><T129/><D129/><U29/><E35/><V105/><F69/><W104/><G84/><T47/><D47/><U53/><E53/><V28/><F27/><W75/><G97/><T87/><D103/><U21/><E34/><V59/><F28/><N who="1" m="10857" /><E23/><AGARI ba="0,0" hai="15,17,23,73,74,75,80,86,88,104,107" m="48202" machi="23" ten="40,3900,0" yaku="18,1,54,1" doraHai="96" who="3" fromWho="1" sc="210,0,253,-39,287,0,250,39" /><INIT seed="3,1,0,1,3,118" ten="210,214,287,289" oya="3" hai0="97,88,26,33,16,127,41,31,71,43,133,85,106" hai1="52,30,84,102,50,59,32,64,13,82,4,36,45" hai2="74,60,10,75,46,53,22,113,90,25,89,120,47" hai3="121,18,126,24,77,0,58,15,23,63,91,98,51"/><W38/><G121/><T104/><D71/><U3/><E3/><V40/><F113/><W122/><G122/><T42/><D127/><U14/><E102/><V9/><F60/><W130/><G126/><T123/><D123/><U80/><E4/><V94/><F120/><W62/><G38/><T105/><D133/><U27/><E82/><V119/><F40/><W112/><G0/><T70/><D70/><U29/><E29/><V129/><F53/><N who="3" m="32063" /><G130/><T108/><D108/><U109/><E109/><V131/><F94/><N who="3" m="56671" /><G112/><T125/><D125/><U78/><REACH who="1" step="1"/><E64/><REACH who="1" ten="210,204,287,289" step="2"/><V116/><F116/><W124/><G124/><T135/><D135/><U8/><E8/><V68/><F119/><W87/><G15/><T132/><D132/><U67/><E67/><V79/><F131/><W21/><G21/><T54/><D54/><U73/><E73/><V12/><F22/><W28/><G28/><T44/><D31/><U111/><E111/><V7/><F12/><W117/><G117/><T101/><D33/><U34/><E34/><V37/><F75/><W65/><G65/><T110/><D110/><U35/><E35/><V83/><F74/><W114/><G114/><T107/><D26/><U69/><E69/><V1/><F25/><W128/><G128/><T56/><D106/><U100/><E100/><V5/><F68/><W115/><G115/><T6/><D105/><U99/><E99/><V48/><F129/><W103/><G103/><T2/><D104/><U134/><E134/><V17/><F1/><W61/><G87/><T20/><D2/><U72/><E72/><N who="2" m="43495" /><F9/><W76/><AGARI ba="1,1" hai="18,23,24,61,62,63,76,77" m="56671,32063" machi="76" ten="30,3000,0" yaku="5,1,8,1" doraHai="118" who="3" fromWho="3" sc="210,-11,204,-11,287,-11,289,43" /><INIT seed="3,2,0,4,2,53" ten="199,193,276,332" oya="3" hai0="73,10,8,104,13,41,131,124,72,125,90,66,96" hai1="1,103,36,9,67,98,69,81,118,112,76,58,52" hai2="75,22,51,56,48,40,27,119,87,11,64,61,6" hai3="105,32,80,29,127,133,116,34,59,70,44,38,74"/><W30/><G116/><T43/><D131/><U57/><E112/><V101/><F75/><W25/><G127/><N who="0" m="48715" /><D66/><U42/><E118/><V46/><F119/><W15/><G133/><T37/><D37/><U132/><E132/><V135/><F135/><W47/><G70/><T126/><N who="0" m="48723" /><T5/><DORA hai="16" /><D90/><U82/><E69/><V99/><F87/><W109/><G109/><T84/><D84/><U107/><E67/><V63/><F63/><W14/><G105/><T113/><D113/><U108/><E108/><V62/><F62/><W4/><G38/><T88/><D88/><U93/><E107/><V123/><F123/><W39/><G39/><T130/><D130/><U121/><E121/><V91/><F91/><W26/><G80/><T110/><D110/><U86/><E52/><V33/><F33/><W17/><G74/><N who="0" m="28779" /><D10/><U100/><E100/><AGARI ba="2,0" hai="5,8,13,41,43,96,100,104" m="28779,48723" machi="100" ten="50,1600,0" yaku="18,1" doraHai="53,16" who="0" fromWho="1" sc="199,22,193,-22,276,0,332,0" /><INIT seed="4,0,0,1,2,92" ten="221,171,276,332" oya="0" hai0="76,96,73,69,107,40,121,16,17,65,83,46,49" hai1="103,75,37,34,8,38,95,111,106,117,33,31,0" hai2="44,85,3,82,22,88,89,132,52,113,127,97,30" hai3="58,81,60,10,13,25,66,5,122,28,26,86,23"/><T1/><D121/><U108/><E95/><N who="2" m="56551" /><F3/><W78/><REACH who="3" step="1"/><G26/><REACH who="3" ten="221,171,276,322" step="2"/><T29/><D1/><U84/><E0/><V11/><F113/><W43/><G43/><T18/><D29/><U110/><E31/><V39/><F127/><W119/><G119/><T128/><D128/><U61/><E117/><V35/><F132/><W126/><G126/><T87/><D73/><U63/><E75/><V67/><F35/><W94/><G94/><T120/><D120/><AGARI ba="0,1" hai="5,10,13,23,25,28,58,60,66,78,81,86,120,122" machi="120" ten="40,2600,0" yaku="1,1,53,1" doraHai="92" doraHaiUra="27" who="3" fromWho="0" sc="221,-26,171,0,276,0,322,36" /><INIT seed="5,0,0,3,0,85" ten="195,171,276,358" oya="1" hai0="133,103,77,121,130,1,81,67,69,114,66,51,22" hai1="96,100,16,46,106,32,110,65,73,25,48,72,131" hai2="57,60,92,41,61,112,7,94,122,29,58,132,24" hai3="127,74,83,82,26,93,59,9,98,129,107,117,115"/><U55/><E131/><V8/><F122/><W17/><G129/><T5/><D130/><U86/><E110/><V126/><F41/><W28/><G115/><T23/><D103/><U20/><E65/><V38/><F38/><W21/><G127/><T27/><D121/><U14/><REACH who="1" step="1"/><E86/><REACH who="1" ten="195,161,276,358" step="2"/><V109/><F109/><W30/><G74/><N who="0" m="43191" /><D67/><U36/><E36/><V52/><F126/><W71/><G117/><T35/><D66/><U6/><E6/><V80/><F112/><W111/><G111/><T62/><D5/><U76/><E76/><V49/><F7/><W3/><G71/><T70/><D69/><U68/><E68/><V90/><F132/><W31/><G98/><T2/><D70/><U44/><E44/><V87/><F58/><W79/><G59/><T95/><D114/><U12/><E12/><V0/><F57/><W135/><G79/><T10/><D133/><U89/><E89/><V18/><F90/><W34/><G135/><T42/><D1/><U56/><E56/><V120/><F120/><W33/><G3/><T84/><D2/><U45/><E45/><N who="2" m="27695" /><F0/><W116/><G116/><T19/><D62/><U119/><E119/><V118/><F61/><W43/><G26/><T108/><D108/><U37/><E37/><V53/><F118/><W105/><G33/><T125/><D125/><U97/><E97/><V134/><F134/><W47/><G34/><T75/><D75/><U63/><E63/><V4/><F60/><W123/><G47/><T101/><D27/><U104/><E104/><V50/><F24/><W13/><G105/><T54/><D35/><RYUUKYOKU ba="0,1" sc="195,-10,161,30,276,-10,358,-10" hai1="14,16,20,25,32,46,48,55,72,73,96,100,106" /><INIT seed="5,1,1,5,0,128" ten="185,191,266,348" oya="1" hai0="92,64,82,12,23,36,113,2,126,63,5,86,21" hai1="30,14,39,121,70,57,85,127,88,90,33,9,80" hai2="116,74,19,56,45,35,59,100,6,58,110,32,46" hai3="54,4,24,129,50,79,104,17,38,96,60,26,77"/><U95/><E121/><V75/><F19/><W11/><G38/><T53/><D36/><U124/><E39/><V99/><F6/><W55/><G129/><T117/><D117/><U71/><E57/><V42/><F116/><W94/><G104/><T0/><D0/><U123/><E123/><V13/><F13/><W135/><G60/><T103/><D2/><U37/><E37/><V111/><F99/><W97/><G54/><T44/><D113/><U69/><E33/><N who="2" m="12875" /><F100/><W109/><G109/><N who="2" m="41481" /><F42/><W51/><G17/><T40/><D40/><U89/><E30/><V15/><F15/><W28/><G97/><T131/><D131/><U65/><E65/><V8/><F8/><W10/><G10/><T122/><D64/><U16/><REACH who="1" step="1"/><E95/><REACH who="1" ten="185,181,266,348" step="2"/><V125/><F125/><AGARI ba="1,2" hai="9,14,16,69,70,71,80,85,88,89,90,124,125,127" machi="125" ten="50,18000,2" yaku="1,1,2,1,18,1,54,2,53,1" doraHai="128" doraHaiUra="83" who="1" fromWho="2" sc="185,0,181,203,266,-183,348,0" /><INIT seed="5,2,0,0,3,112" ten="185,384,83,348" oya="1" hai0="53,128,12,130,33,55,70,76,64,96,68,65,87" hai1="66,62,17,84,131,111,102,52,29,28,91,80,75" hai2="110,78,59,134,135,72,123,10,14,48,120,46,5" hai3="73,49,83,114,3,71,69,57,19,0,4,47,129"/><U34/><E131/><N who="0" m="50217" /><D33/><U39/><E39/><V13/><F59/><W6/><G129/><T81/><D96/><U127/><E127/><V15/><F78/><W90/><G114/><T23/><D23/><U41/><E41/><V106/><F72/><W85/><G57/><T82/><D12/><N who="2" m="4714" /><F106/><W89/><G19/><T40/><D40/><U116/><E34/><V42/><F110/><W32/><G73/><N who="0" m="43151" /><D55/><U124/><E52/><V36/><F36/><W126/><G32/><T122/><D53/><U30/><E124/><V79/><F79/><W98/><G126/><T8/><D8/><U118/><E75/><V99/><F99/><W2/><G98/><T60/><D122/><U103/><E111/><V74/><F74/><W22/><G22/><T94/><D94/><U16/><E103/><V54/><F54/><W56/><G2/><T133/><D133/><AGARI ba="2,0" hai="5,10,15,42,46,48,120,123,133,134,135" m="4714" machi="133" ten="30,1000,0" yaku="20,1" doraHai="112" who="2" fromWho="0" sc="185,-16,384,0,83,16,348,0" /><INIT seed="6,0,0,5,3,116" ten="169,384,99,348" oya="2" hai0="48,60,73,100,23,0,114,20,17,123,104,77,10" hai1="124,87,34,27,82,53,37,35,86,119,81,8,69" hai2="19,33,4,55,40,45,7,128,62,50,39,54,49" hai3="90,102,111,101,25,9,120,42,12,71,28,52,36"/><V84/><F33/><W113/><G111/><T14/><D123/><U21/><E69/><V80/><F128/><W127/><G127/><T107/><D73/><U22/><E37/><V134/><F134/><W118/><G118/><T132/><D77/><U85/><E119/><V99/><F99/><W70/><G120/><T57/><D132/><U121/><E121/><V110/><F110/><W93/><G113/><T91/><D114/><U112/><E124/><V66/><F19/><W117/><G117/><T130/><D130/><U51/><E34/><V133/><F133/><W63/><G42/><T24/><D100/><U115/><E35/><V56/><F54/><W95/><G36/><T67/><D91/><U26/><E8/><V58/><REACH who="2" step="1"/><F39/><REACH who="2" ten="169,384,89,348" step="2"/><W47/><G52/><T15/><D0/><U18/><E112/><V92/><F92/><W31/><G95/><T30/><D48/><U79/><E115/><V68/><F68/><W3/><G70/><T125/><D125/><U103/><E53/><V88/><AGARI ba="0,1" hai="4,7,40,45,49,50,55,56,58,62,66,80,84,88" machi="88" ten="20,18000,2" yaku="1,1,0,1,7,1,8,1,54,1,53,1" doraHai="116" doraHaiUra="61" who="2" fromWho="2" sc="169,-60,384,-60,89,190,348,-60" /><INIT seed="6,1,0,0,3,57" ten="109,324,279,288" oya="2" hai0="32,33,37,93,122,26,75,0,109,127,53,116,34" hai1="115,5,58,103,132,47,87,48,101,129,59,45,55" hai2="7,121,63,52,123,42,14,108,16,24,19,81,30" hai3="21,90,43,95,77,113,38,78,11,3,92,120,70"/><V51/><F108/><W96/><G120/><T102/><D53/><U54/><E115/><V91/><F123/><W60/><G113/><T82/><D93/><U56/><E132/><V105/><F105/><W131/><G131/><T31/><D122/><U23/><E129/><V130/><F121/><W119/><G119/><T41/><D116/><U44/><E5/><V9/><F130/><W10/><G38/><T112/><D112/><U46/><E55/><V61/><F42/><W111/><G111/><T73/><D109/><U106/><E106/><V18/><F91/><W99/><G43/><T65/><D127/><U20/><E87/><V12/><F12/><W118/><G118/><T88/><D102/><AGARI ba="1,0" hai="20,23,44,45,46,47,48,54,56,58,59,101,102,103" machi="102" ten="40,1300,0" yaku="8,1" doraHai="57" who="1" fromWho="0" sc="109,-16,324,16,279,0,288,0" /><INIT seed="7,0,0,5,3,41" ten="93,340,279,288" oya="3" hai0="60,92,22,39,27,34,129,109,79,90,105,126,86" hai1="101,46,95,26,125,56,76,17,32,53,115,19,35" hai2="89,38,106,98,45,88,12,68,82,33,83,114,67" hai3="24,78,30,5,77,110,31,103,133,44,52,16,119"/><W102/><G119/><T81/><D105/><U116/><E116/><V55/><F33/><W61/><G133/><T84/><D34/><U28/><E35/><V3/><F3/><W58/><G110/><T70/><D70/><U117/><E117/><V112/><F67/><W121/><G121/><T59/><D39/><U63/><E115/><N who="2" m="44075" /><F68/><W7/><G44/><T97/><D126/><U18/><E76/><N who="3" m="29290" /><G31/><T1/><D129/><U69/><E125/><V113/><N who="2" m="44083" /><V42/><DORA hai="50" /><F55/><W21/><G30/><T128/><D128/><U49/><E69/><V123/><F123/><W80/><G80/><N who="2" m="30761" /><F12/><W13/><G13/><T2/><D109/><U124/><E124/><V66/><F66/><W111/><G111/><T134/><D134/><U11/><E11/><V15/><F15/><W132/><G132/><T62/><D62/><U130/><E130/><V100/><AGARI ba="0,0" hai="38,42,45,88,89,98,100,106" m="30761,44083" machi="100" ten="50,6400,0" yaku="15,1,52,1,54,1" doraHai="41,50" who="2" fromWho="2" sc="93,-16,340,-16,279,64,288,-32" owari="77,-42.0,324,12.0,343,44.0,256,-14.0" /></mjloggm>