<mjloggm ver="2.3"><GO type="97" lobby="0"/><UN n0="%E8%B5%A4%E7%99%BD%E9%9D%92%E7%B4%AB%E9%BB%84%E7%B7%91" n1="%E2%97%86%E7%A5%9E%E7%AB%9C%E2%97%86" n2="%E5%B0%B1%E6%B4%BB%E7%94%9F%40%E5%B7%9D%E6%9D%91%E8%BB%8D%E5%9B%A3" n3="%E3%83%AB%E3%83%BC%E3%83%AB%E3%82%8F%E3%81%8B%E3%82%93%E3%81%AA%E3%81%84" dan="13,13,15,16" rate="1898.10,1852.88,1974.20,2025.81" sx="M,M,M,M"/><TAIKYOKU oya="0"/><INIT seed="0,0,0,3,1,36" ten="250,250,250,250" oya="0" hai0="60,49,43,52,81,11,126,50,91,38,109,22,6" hai1="3,62,37,131,44,128,132,46,61,98,64,0,66" hai2="34,1,76,105,5,58,56,101,68,118,73,45,4" hai3="106,32,93,94,48,116,125,72,130,77,99,122,42"/><T13/><D126/><U47/><E37/><V25/><F118/><W65/><G116/><T67/><D109/><U97/><REACH who="1" step="1"/><E46/><REACH who="1" ten="250,240,250,250" step="2"/><V120/><F45/><W114/><G125/><T113/><D38/><U115/><E115/><V124/><F124/><W112/><G114/><T12/><D113/><U2/><E2/><V133/><F1/><W69/><G112/><T134/><D134/><AGARI ba="0,1" hai="0,3,44,47,61,62,64,66,97,98,128,131,132,134" machi="134" ten="25,3200,0" yaku="1,1,22,2,53,0" doraHai="36" doraHaiUra="117" who="1" fromWho="0" sc="250,-32,240,42,250,0,250,0" /><INIT seed="1,0,0,3,1,2" ten="218,282,250,250" oya="1" hai0="79,66,82,95,5,74,8,60,119,67,93,21,130" hai1="38,6,98,105,97,11,42,44,78,129,90,4,118" hai2="39,23,103,58,10,123,91,92,107,55,85,125,104" hai3="17,29,50,27,45,26,117,84,99,31,71,122,65"/><U88/><E118/><V24/><F123/><W112/><G122/><T12/><D119/><U121/><E121/><V114/><F39/><W3/><G117/><T59/><D130/><U9/><E129/><V40/><F114/><W33/><G112/><T19/><REACH who="0" step="1"/><D67/><REACH who="0" ten="208,282,250,250" step="2"/><U109/><E109/><V89/><F40/><W126/><G65/><T81/><D81/><U86/><E78/><V54/><F54/><W108/><G108/><T128/><D128/><U53/><E53/><V94/><F125/><W76/><G126/><T56/><D56/><U52/><E52/><V135/><F135/><W132/><G132/><T37/><D37/><U51/><E38/><V7/><F58/><W28/><G71/><T70/><D70/><U111/><E111/><V32/><F55/><W100/><G76/><T25/><AGARI ba="0,1" hai="5,8,12,19,21,25,59,60,66,74,79,82,93,95" machi="25" ten="20,5200,0" yaku="1,1,0,1,7,1,52,1,53,0" doraHai="2" doraHaiUra="113" who="0" fromWho="0" sc="208,62,282,-26,250,-13,250,-13" /><INIT seed="2,0,0,4,0,133" ten="270,256,237,237" oya="2" hai0="121,75,26,46,90,32,128,43,20,131,60,25,39" hai1="72,122,81,42,123,120,13,18,2,15,113,23,47" hai2="129,34,50,110,7,12,22,115,11,94,83,130,125" hai3="91,100,28,132,65,108,107,53,112,57,134,80,68"/><V51/><F115/><W74/><G112/><T66/><D121/><U103/><E113/><V98/><F34/><W71/><G65/><T89/><D75/><U109/><E2/><V101/><F110/><W19/><G108/><T69/><D32/><U79/><E103/><V102/><F102/><W55/><G28/><T76/><D76/><U30/><E30/><V116/><F116/><W41/><G55/><T3/><D3/><U17/><E109/><V24/><F83/><W0/><G0/><T62/><D62/><U126/><E126/><V105/><F105/><W44/><G19/><T88/><REACH who="0" step="1"/><D20/><REACH who="0" ten="260,256,237,237" step="2"/><U118/><E118/><V6/><F125/><W48/><G74/><T117/><D117/><U96/><E72/><V99/><F99/><W111/><G111/><T10/><D10/><U104/><E96/><V4/><F129/><AGARI ba="0,1" hai="25,26,39,43,46,60,66,69,88,89,90,128,129,131" machi="129" ten="40,5200,0" yaku="1,1,19,1,54,1,53,0" doraHai="133" doraHaiUra="27" who="0" fromWho="2" sc="260,62,256,0,237,-52,237,0" /><INIT seed="3,0,0,3,5,80" ten="322,256,185,237" oya="3" hai0="8,124,111,42,15,27,50,64,118,32,87,125,96" hai1="38,132,128,78,105,68,61,24,107,14,117,49,58" hai2="116,53,10,74,54,28,26,1,52,91,39,110,135" hai3="99,5,131,83,102,90,95,120,55,59,104,34,72"/><W22/><G120/><T92/><D118/><U6/><E49/><V81/><F116/><W77/><G131/><T66/><D32/><U18/><E78/><V17/><F110/><W11/><G34/><T79/><D111/><U35/><E68/><V85/><F135/><W127/><G127/><N who="0" m="48715" /><D27/><U112/><E38/><V13/><F1/><W30/><G30/><T67/><D50/><U86/><E6/><V48/><F39/><W57/><G22/><T63/><D42/><U126/><E24/><V0/><F0/><W60/><G59/><N who="0" m="36991" /><D87/><U129/><E35/><V25/><F74/><W20/><G20/><T130/><D79/><U37/><E37/><V89/><F89/><W103/><REACH who="3" step="1"/><G104/><REACH who="3" ten="322,256,185,227" step="2"/><T82/><D130/><U75/><E105/><V109/><F109/><W76/><G76/><T119/><D119/><U51/><E107/><V108/><F108/><W29/><G29/><T43/><D43/><U114/><E117/><V12/><F28/><W3/><AGARI ba="0,1" hai="3,5,11,55,57,60,72,77,83,90,95,99,102,103" machi="3" ten="20,7800,0" yaku="1,1,0,1,7,1,53,1" doraHai="80" doraHaiUra="73" who="3" fromWho="3" sc="322,-26,256,-26,185,-26,227,88" owari="296,10.0,230,-17.0,159,-34.0,315,41.0" /></mjloggm>