<mjloggm ver="2.3"><GO type="97" lobby="0"/><UN n0="%E5%B0%B1%E6%B4%BB%E7%94%9F%40%E5%B7%9D%E6%9D%91%E8%BB%8D%E5%9B%A3" n1="%E3%82%AB%E3%83%BC%E3%83%96%E3%83%A9" n2="%54%4B%5A" n3="%E4%B8%83%E8%89%B2%E3%81%BE%E3%82%8A%E3%82%82" dan="15,13,14,13" rate="2056.35,1801.15,1948.04,1825.71" sx="M,M,M,F"/><TAIKYOKU oya="0"/><INIT seed="0,0,0,5,5,87" ten="250,250,250,250" oya="0" hai0="44,113,108,132,27,49,2,111,91,98,135,0,4" hai1="36,38,120,129,123,17,70,59,77,119,34,14,8" hai2="1,16,18,66,54,99,76,45,13,10,9,95,37" hai3="64,117,61,81,121,12,83,58,72,97,93,107,67"/><T127/><D113/><U131/><E77/><V25/><F76/><W78/><G117/><T73/><D73/><U11/><E59/><V130/><F130/><N who="1" m="49673" /><E70/><V62/><F1/><N who="0" m="618" /><D4/><U47/><E47/><V48/><F37/><N who="1" m="14441" /><E119/><V103/><F25/><W94/><G121/><N who="1" m="46666" /><E34/><V51/><F51/><W55/><G12/><T90/><D27/><U89/><E89/><N who="0" m="33801" /><D98/><U28/><E28/><V15/><F62/><W41/><G41/><N who="0" m="24719" /><D127/><U68/><E68/><V134/><F66/><W43/><G43/><T65/><D65/><U56/><E56/><V133/><AGARI ba="0,0" hai="9,10,13,15,16,18,45,48,54,95,99,103,133,134" machi="133" ten="30,4000,0" yaku="0,1,9,1,54,1" doraHai="87" who="2" fromWho="2" sc="250,-20,250,-10,250,40,250,-10" /><INIT seed="1,0,0,3,1,56" ten="230,240,290,240" oya="1" hai0="20,135,32,80,88,101,1,102,41,108,43,79,61" hai1="14,12,98,36,106,66,38,110,109,96,5,74,75" hai2="107,62,15,129,64,123,134,94,113,132,45,9,127" hai3="57,23,128,52,37,69,29,104,6,114,103,60,76"/><U49/><E49/><V115/><F107/><W86/><G37/><N who="1" m="14442" /><E66/><V89/><F123/><W18/><G114/><N who="2" m="43529" /><F45/><W120/><G120/><T130/><D32/><U4/><E106/><V95/><F129/><W71/><G128/><T111/><D1/><U118/><E118/><V125/><F15/><N who="1" m="5673" /><E96/><N who="2" m="57423" /><F9/><W133/><G133/><N who="2" m="51305" /><F95/><W26/><G104/><T65/><D135/><U31/><E31/><V21/><F21/><W85/><G103/><N who="0" m="39435" /><D20/><U28/><E98/><V121/><F121/><W100/><G100/><T0/><D0/><U119/><E119/><V112/><N who="2" m="43537" /><V2/><DORA hai="78" /><F2/><W17/><G6/><N who="1" m="2666" /><E28/><V55/><F55/><W44/><G69/><AGARI ba="0,0" hai="62,64,69,125,127" m="51305,57423,43537" machi="69" ten="50,6400,0" yaku="11,1,20,1,52,1" doraHai="56,78" who="2" fromWho="3" sc="230,0,240,0,290,64,240,-64" /><INIT seed="2,0,0,2,3,49" ten="230,240,354,176" oya="2" hai0="73,13,11,15,104,51,33,57,128,94,54,119,20" hai1="61,116,82,9,40,31,109,12,132,39,5,68,130" hai2="89,122,123,129,71,52,42,48,100,3,131,41,67" hai3="133,124,24,46,63,16,26,127,80,59,112,0,69"/><V27/><F3/><W84/><G0/><T55/><D33/><U34/><E116/><V38/><F100/><W78/><G112/><T93/><D104/><U90/><E130/><N who="2" m="49675" /><F89/><W43/><G133/><T37/><D73/><U72/><E132/><V50/><F50/><W95/><G69/><T126/><D37/><U114/><E114/><V79/><F79/><W64/><G95/><N who="0" m="36363" /><D119/><U10/><E109/><V47/><F27/><W58/><G59/><N who="0" m="33247" /><D126/><N who="3" m="48169" /><G16/><N who="0" m="10271" /><D128/><U14/><E39/><AGARI ba="0,0" hai="24,26,39,43,46,58,63,64,78,80,84" m="48169" machi="39" ten="30,1000,0" yaku="18,1" doraHai="49" who="3" fromWho="1" sc="230,0,240,-10,354,0,176,10" /><INIT seed="3,0,0,2,0,48" ten="230,230,354,186" oya="3" hai0="80,27,97,24,118,131,76,16,18,121,134,89,108" hai1="106,59,117,13,110,58,55,92,1,14,6,99,35" hai2="130,20,9,32,61,53,17,50,38,85,133,128,31" hai3="102,36,51,5,15,57,90,87,40,26,79,2,112"/><W104/><G112/><T60/><D108/><U81/><E106/><V42/><F133/><W78/><G36/><T63/><D131/><N who="2" m="50218" /><F85/><W71/><G71/><T126/><D126/><U67/><E35/><V23/><F61/><N who="0" m="23626" /><D121/><U122/><E122/><V115/><F115/><W113/><G113/><T19/><D118/><U29/><E67/><V132/><F132/><W72/><G72/><T88/><D134/><U39/><E39/><V34/><F42/><W116/><G116/><T127/><D127/><U69/><E117/><V103/><F103/><W66/><G2/><T111/><D111/><U4/><E110/><V10/><F38/><W83/><G104/><T124/><D124/><U129/><E129/><V94/><F94/><W96/><G66/><T68/><D68/><U135/><E135/><V11/><F31/><W82/><G26/><N who="0" m="9771" /><D97/><U56/><E69/><V64/><F64/><W8/><G82/><T12/><D12/><N who="1" m="4715" /><E81/><V119/><F119/><W45/><REACH who="3" step="1"/><G57/><REACH who="3" ten="230,230,354,176" step="2"/><N who="1" m="22122" /><E1/><V46/><F17/><W100/><G100/><T62/><D62/><N who="1" m="36223" /><E29/><V0/><F0/><W120/><G120/><T47/><D19/><U73/><E73/><V28/><F28/><W21/><G21/><AGARI ba="0,1" hai="9,10,11,20,21,23,32,34,46,50,53" m="50218" machi="21" ten="30,2000,0" yaku="19,1,52,1" doraHai="48" who="2" fromWho="3" sc="230,0,230,0,354,30,176,-20" owari="230,3.0,230,-17.0,384,48.0,156,-34.0" /></mjloggm>