<mjloggm ver="2.3"><GO type="97" lobby="0"/><UN n0="%E5%B0%B1%E6%B4%BB%E7%94%9F%40%E5%B7%9D%E6%9D%91%E8%BB%8D%E5%9B%A3" n1="%44%65%61%74%68" n2="%E3%82%BC%E3%83%AD%E3%82%BC%E3%83%AD" n3="%E5%B7%A1%E9%9F%B3%E6%B5%81%E6%AD%8C" dan="14,15,14,15" rate="1942.71,1963.83,1923.13,2062.87" sx="M,M,M,F"/><TAIKYOKU oya="0"/><INIT seed="0,0,0,2,5,13" ten="250,250,250,250" oya="0" hai0="103,119,67,20,89,122,7,120,52,99,131,68,39" hai1="34,55,121,11,70,44,73,96,127,107,24,133,132" hai2="50,0,126,106,9,25,82,81,17,69,36,53,76" hai3="56,110,90,49,38,19,2,5,59,41,112,16,72"/><T4/><D39/><U35/><E11/><V40/><F106/><W27/><G112/><T79/><D119/><U108/><E55/><V125/><F69/><W57/><G72/><T42/><D131/><U102/><E44/><V65/><F65/><W45/><G110/><T64/><D42/><U101/><E102/><V129/><F129/><W130/><G130/><T29/><D79/><U118/><E118/><V123/><F123/><W86/><G27/><T46/><D89/><U94/><E94/><V66/><F66/><W85/><G85/><T87/><D87/><U124/><E121/><V8/><F0/><W1/><G38/><T28/><D68/><U93/><E93/><V135/><F135/><N who="1" m="51785" /><E70/><V117/><F117/><W83/><REACH who="3" step="1"/><G1/><REACH who="3" ten="250,250,250,240" step="2"/><T134/><D120/><U47/><E108/><V30/><F36/><W111/><G111/><T95/><D122/><U15/><E73/><V63/><F25/><W100/><G100/><T62/><D134/><U98/><E24/><V109/><F109/><W37/><G37/><T88/><D103/><U22/><E98/><V6/><F76/><W74/><G74/><T14/><D29/><U116/><E116/><V61/><F30/><W75/><G75/><T104/><D104/><U18/><E47/><V113/><F113/><W92/><G92/><T84/><D84/><U54/><E54/><V23/><F53/><W71/><G71/><T12/><D28/><U26/><E26/><V58/><F40/><W97/><G97/><T91/><D46/><U80/><E80/><V31/><F81/><W21/><G21/><T43/><D20/><RYUUKYOKU ba="0,1" sc="250,-15,250,15,250,-15,240,15" hai1="15,18,22,34,35,96,101,107,124,127" hai3="2,5,16,19,41,45,49,56,57,59,83,86,90" /><INIT seed="1,1,1,3,1,89" ten="235,265,235,255" oya="1" hai0="27,135,85,21,128,71,101,133,5,125,113,30,94" hai1="48,41,112,39,4,26,6,13,98,123,40,18,68" hai2="104,80,129,111,61,74,81,44,60,31,24,0,124" hai3="63,115,33,106,53,2,127,90,1,78,10,7,28"/><U134/><E123/><V59/><F111/><W38/><G115/><T9/><D71/><U42/><E68/><V64/><F129/><W118/><G106/><T58/><D113/><U56/><E112/><V99/><F0/><W46/><G127/><T114/><D114/><U97/><E39/><V117/><F117/><W52/><G118/><T93/><D128/><U25/><E134/><N who="0" m="51209" /><D125/><U32/><E32/><V100/><F124/><W49/><G38/><T122/><D122/><U54/><E4/><V103/><F44/><W79/><G1/><N who="0" m="175" /><D101/><U75/><E75/><V66/><F103/><W72/><G72/><T3/><D3/><U105/><E6/><V86/><F86/><W14/><G2/><T16/><D85/><U50/><E105/><V67/><F74/><W17/><G7/><T36/><D36/><U76/><E76/><V19/><F19/><W82/><G28/><T34/><D58/><U55/><E97/><V35/><REACH who="2" step="1"/><F67/><REACH who="2" ten="235,265,225,255" step="2"/><W37/><G17/><T77/><D77/><U8/><REACH who="1" step="1"/><E98/><REACH who="1" ten="235,255,225,255" step="2"/><V51/><F51/><N who="3" m="28791" /><G78/><T43/><D43/><U108/><E108/><V95/><F95/><W47/><G49/><T57/><D94/><U73/><E73/><V69/><AGARI ba="1,3" hai="24,31,35,59,60,61,64,66,69,80,81,99,100,104" machi="69" ten="20,8000,1" yaku="1,1,0,1,7,1,25,2,53,0" doraHai="89" doraHaiUra="121" who="2" fromWho="2" sc="235,-21,255,-41,225,113,255,-21" /><INIT seed="2,0,0,3,5,114" ten="214,214,338,234" oya="2" hai0="25,43,8,131,74,117,45,51,93,46,13,54,128" hai1="110,10,126,69,67,32,101,61,119,68,22,79,41" hai2="17,80,29,105,40,112,26,27,107,30,44,36,53" hai3="96,78,115,14,87,113,116,133,65,58,75,12,60"/><V50/><F112/><N who="3" m="43083" /><G133/><T127/><D74/><U7/><E22/><V5/><F5/><W16/><G75/><T42/><D127/><U2/><E79/><V91/><F17/><W98/><G12/><T70/><D70/><N who="1" m="42351" /><E126/><V86/><F27/><W55/><G65/><T31/><D93/><U11/><E110/><V3/><F3/><W130/><G130/><N who="0" m="49707" /><D117/><U18/><E18/><V109/><F109/><W52/><G55/><T4/><D46/><U39/><E11/><V66/><F66/><W129/><G129/><T56/><D45/><N who="1" m="23743" /><E101/><V0/><F0/><W84/><G116/><T132/><D132/><U71/><E32/><AGARI ba="0,0" hai="4,8,13,25,31,32,42,43,51,54,56" m="49707" machi="32" ten="30,1000,0" yaku="19,1" doraHai="114" who="0" fromWho="1" sc="214,10,214,-10,338,0,234,0" /><INIT seed="3,0,0,4,3,128" ten="224,204,338,234" oya="3" hai0="63,91,2,89,101,54,9,111,23,98,6,15,66" hai1="132,105,99,100,85,42,12,123,41,107,88,68,79" hai2="26,1,11,97,84,45,5,52,74,30,50,86,32" hai3="81,4,25,76,77,130,0,28,53,35,46,73,129"/><W121/><G121/><T93/><D111/><U118/><E123/><V51/><F74/><W37/><G77/><T61/><D2/><U17/><E68/><V124/><F124/><W80/><G80/><T119/><D119/><U64/><E64/><V49/><F97/><W90/><G90/><N who="0" m="34315" /><D66/><U83/><E118/><V112/><F112/><W47/><G53/><T56/><D23/><U8/><E132/><V43/><F51/><AGARI ba="0,0" hai="6,9,15,51,54,56,61,63,93,98,101" m="34315" machi="51" ten="30,1000,0" yaku="8,1" doraHai="128" who="0" fromWho="2" sc="224,10,204,0,338,-10,234,0" owari="234,3.0,204,-30.0,328,44.0,234,-17.0" /></mjloggm>