<mjloggm ver="2.3"><GO type="169" lobby="0"/><UN n0="%E3%82%A6%E3%83%AB%E3%83%88%E3%83%A9%E7%AB%8B%E7%9B%B4" n1="%62%65%65%73%6F%6E%6F" n2="%E3%81%BD%E3%81%BA%E3%82%93%E3%81%B4%E3%82%93" n3="%74%61%63%6F%73" dan="17,16,16,17" rate="2138.14,2108.22,2125.61,2168.23" sx="M,M,M,M"/><TAIKYOKU oya="0"/><INIT seed="0,0,0,3,5,56" ten="250,250,250,250" oya="0" hai0="59,6,86,82,72,7,30,71,40,38,16,20,23" hai1="76,69,98,67,87,33,27,117,32,22,96,31,134" hai2="90,75,131,58,43,34,77,12,125,26,13,80,10" hai3="100,15,113,25,19,36,55,1,114,124,92,106,93"/><T37/><D71/><U5/><E117/><V11/><F131/><W115/><G1/><T119/><D72/><U118/><E118/><V123/><F123/><W2/><G2/><T126/><D119/><U73/><E73/><V14/><F125/><W17/><G36/><T46/><D126/><U57/><E69/><V63/><F43/><W129/><G124/><T47/><D59/><U97/><E134/><V135/><F135/><W60/><G129/><T85/><D30/><U108/><E108/><V62/><F90/><W84/><G25/><T105/><D105/><U116/><E116/><V3/><F58/><W83/><G106/><T110/><D110/><U81/><REACH who="1" step="1"/><E5/><REACH who="1" ten="250,240,250,250" step="2"/><V95/><F3/><W102/><G114/><T54/><D6/><U35/><E35/><V49/><F34/><W111/><G111/><T122/><D7/><U29/><E29/><V104/><F104/><W9/><G113/><T39/><D122/><U91/><E91/><V94/><F26/><W21/><G115/><T51/><D16/><U78/><E78/><V112/><F112/><W52/><G19/><T127/><D127/><U120/><E120/><V45/><F11/><W42/><G9/><T107/><D107/><U18/><E18/><V68/><F10/><W28/><G28/><T64/><D23/><U74/><E74/><V109/><F68/><W79/><G21/><T101/><D20/><U121/><E121/><V53/><REACH who="2" step="1"/><F109/><REACH who="2" ten="250,240,240,250" step="2"/><W89/><G89/><T133/><D133/><U44/><E44/><V65/><F65/><W132/><G132/><T128/><D64/><U103/><E103/><RYUUKYOKU ba="0,2" sc="250,-15,240,15,240,15,250,-15" hai1="22,27,31,32,33,57,67,76,81,87,96,97,98" hai2="12,13,14,45,49,53,62,63,75,77,80,94,95" /><INIT seed="1,1,2,5,3,21" ten="235,255,255,235" oya="1" hai0="49,28,102,23,32,13,31,22,58,78,111,95,77" hai1="93,2,118,122,63,11,48,113,46,88,8,119,18" hai2="51,36,38,134,99,115,9,132,98,6,3,124,68" hai3="128,39,79,14,4,56,5,92,15,30,85,83,126"/><U94/><E113/><V54/><F68/><W16/><G39/><T53/><D111/><U34/><E122/><V114/><F124/><W120/><G126/><T10/><D32/><U52/><E34/><V73/><F73/><W80/><G120/><T59/><D59/><N who="1" m="35303" /><E2/><V50/><F99/><W29/><G128/><T60/><D49/><N who="2" m="18442" /><F54/><W25/><G14/><T43/><D43/><N who="1" m="24671" /><E118/><V110/><F98/><W57/><G83/><T89/><D102/><U72/><E72/><V112/><F110/><W47/><G47/><T71/><D71/><U41/><E41/><V116/><F116/><W100/><G92/><T26/><D95/><U62/><E62/><V1/><F9/><N who="1" m="3657" /><E119/><V90/><F6/><W121/><G121/><T76/><D60/><U33/><E33/><V20/><F20/><N who="3" m="13447" /><G4/><N who="0" m="3271" /><D58/><N who="3" m="22633" /><G100/><T40/><D40/><U130/><E130/><V0/><F90/><W37/><G37/><AGARI ba="1,2" hai="0,1,3,36,37,38,112,114,115,132,134" m="18442" machi="37" ten="50,6400,0" yaku="28,2,11,1" doraHai="21" who="2" fromWho="3" sc="235,0,255,0,255,87,235,-67" /><INIT seed="2,0,0,5,3,129" ten="235,255,342,168" oya="2" hai0="130,62,133,4,114,51,107,126,26,101,104,1,73" hai1="75,53,54,28,5,82,87,103,63,97,0,39,9" hai2="3,24,80,92,64,70,52,42,94,88,95,81,84" hai3="20,123,127,60,47,106,25,134,89,36,23,68,8"/><V7/><F42/><W96/><G123/><T77/><D51/><U30/><E75/><V22/><F64/><W119/><G119/><T18/><D62/><U31/><E39/><V33/><F70/><W110/><G110/><T46/><D46/><U85/><E85/><V49/><F33/><W57/><G68/><T78/><D18/><U37/><E37/><V32/><F32/><W125/><G8/><T50/><D26/><U109/><E109/><V55/><F7/><W38/><G20/><T113/><D50/><U111/><E111/><V19/><F3/><W115/><G115/><T112/><D4/><U100/><E100/><V66/><F66/><W102/><G89/><T45/><D45/><U16/><E16/><V76/><REACH who="2" step="1"/><F49/><REACH who="2" ten="235,255,332,168" step="2"/><W122/><G38/><T131/><D1/><U67/><E67/><V59/><F59/><W132/><G57/><T58/><D58/><U61/><E61/><V124/><F124/><N who="3" m="47691" /><G60/><T65/><D126/><U56/><E54/><V116/><F116/><W6/><G6/><T35/><D35/><U135/><E53/><V13/><F13/><W48/><G36/><T40/><D113/><U29/><E56/><V11/><F11/><W17/><G122/><T93/><D112/><U83/><E63/><V74/><AGARI ba="0,1" hai="19,22,24,52,55,74,76,80,81,84,88,92,94,95" machi="74" ten="30,11700,0" yaku="1,1,0,1,54,2,53,0" doraHai="129" doraHaiUra="71" who="2" fromWho="2" sc="235,-39,255,-39,332,127,168,-39" /><INIT seed="2,1,0,4,4,106" ten="196,216,459,129" oya="2" hai0="10,78,41,51,74,114,129,98,20,135,26,113,57" hai1="8,45,54,132,73,53,40,52,12,2,121,9,24" hai2="100,15,29,93,65,89,107,35,90,109,131,44,130" hai3="6,27,119,81,116,38,17,82,61,56,94,13,102"/><V30/><F65/><W58/><G38/><T108/><D108/><U70/><E70/><V105/><F44/><W91/><G102/><T46/><D129/><N who="2" m="49162" /><F15/><W39/><G39/><T22/><D135/><U64/><E73/><V128/><N who="2" m="49170" /><V48/><DORA hai="62" /><F48/><W11/><G116/><T96/><D10/><U33/><E121/><V103/><F35/><W36/><G36/><T80/><D57/><U120/><E64/><V14/><F14/><W23/><G119/><T118/><D118/><U72/><E72/><V3/><F93/><W19/><G6/><T67/><D67/><U133/><E120/><V126/><F3/><W85/><REACH who="3" step="1"/><G58/><REACH who="3" ten="196,216,459,119" step="2"/><T34/><D113/><U47/><E132/><V63/><F103/><W99/><G99/><T21/><D114/><U69/><E133/><V122/><F100/><W71/><G71/><T123/><D123/><U66/><E69/><V88/><F122/><W92/><G92/><T28/><AGARI ba="1,1" hai="20,21,22,26,28,34,41,46,51,74,78,80,96,98" machi="28" ten="30,2000,0" yaku="0,1,52,1" doraHai="106,62" who="0" fromWho="0" sc="196,33,216,-6,459,-11,119,-6" /><INIT seed="3,0,0,1,2,25" ten="229,210,448,113" oya="3" hai0="105,41,80,22,116,126,65,90,45,117,49,96,108" hai1="76,106,23,125,86,38,129,100,7,10,53,103,4" hai2="89,6,67,121,71,43,113,69,107,114,2,26,133" hai3="12,131,50,74,35,61,84,93,20,32,18,134,54"/><W127/><G74/><T95/><D126/><U0/><E7/><V5/><F89/><N who="3" m="53415" /><G127/><T97/><D108/><U44/><E125/><V14/><F14/><W68/><G131/><T115/><D115/><U30/><E129/><V51/><F51/><W15/><G134/><T130/><D130/><U123/><E106/><V27/><F43/><W52/><G54/><T58/><D80/><U87/><E123/><V9/><F67/><N who="3" m="41071" /><G12/><T31/><D65/><U110/><E110/><V101/><F133/><W120/><G120/><T92/><D105/><U34/><E23/><V78/><F78/><W11/><G11/><T24/><REACH who="0" step="1"/><D58/><AGARI ba="0,0" hai="15,18,20,32,35,50,52,58" m="41071,53415" machi="58" ten="30,2900,0" yaku="25,1,54,1" doraHai="25" who="3" fromWho="0" sc="229,-29,210,0,448,0,113,29" /><INIT seed="3,1,0,0,0,23" ten="200,210,448,142" oya="3" hai0="25,17,34,107,75,1,39,15,38,121,51,42,33" hai1="7,71,82,5,109,53,13,83,96,70,8,122,115" hai2="60,100,131,67,69,130,18,110,134,80,86,88,91" hai3="6,47,132,21,45,102,105,73,4,28,77,59,101"/><W37/><G132/><T97/><D1/><U125/><E122/><V41/><F110/><W43/><G73/><T20/><D75/><U55/><E115/><V129/><F100/><N who="3" m="38507" /><G37/><T119/><D121/><U120/><E120/><V63/><F41/><W128/><G105/><T66/><D119/><U2/><E96/><V94/><F134/><W98/><G77/><T68/><D107/><U57/><E109/><V0/><F0/><W99/><G59/><T72/><D72/><U76/><E2/><V56/><F18/><W35/><G35/><T62/><D97/><N who="3" m="36873" /><G128/><T117/><D117/><U44/><E57/><V40/><F40/><W49/><G45/><T90/><D90/><U135/><E44/><V93/><F91/><W22/><G22/><T61/><D38/><U58/><E58/><V74/><F74/><W54/><G54/><AGARI ba="1,0" hai="54,56,60,63,67,69,80,86,88,93,94,129,130,131" machi="54" ten="40,2600,0" yaku="19,1,54,1" doraHai="23" who="2" fromWho="3" sc="200,0,210,0,448,29,142,-29" /><INIT seed="4,0,0,3,1,2" ten="200,210,477,113" oya="0" hai0="60,20,55,70,99,88,52,84,51,59,53,17,50" hai1="83,66,71,48,16,21,114,100,102,118,82,24,15" hai2="9,80,33,96,106,133,36,11,79,49,95,109,46" hai3="39,18,85,68,105,8,58,56,76,6,120,86,130"/><T28/><D28/><N who="1" m="17423" /><E71/><V103/><F33/><W30/><G68/><T3/><D3/><U72/><E118/><V63/><F36/><W26/><G39/><T122/><D122/><U81/><E72/><V104/><F109/><W78/><G105/><T119/><D119/><U134/><E134/><V112/><F112/><W10/><G130/><T101/><D70/><U77/><E66/><V132/><F63/><W12/><G120/><T98/><D101/><N who="1" m="39019" /><E114/><V45/><F106/><W23/><G85/><T61/><D61/><U74/><E74/><V124/><F124/><W31/><G31/><T131/><D131/><U127/><E127/><V113/><F113/><W129/><G129/><T116/><D116/><U29/><E29/><V25/><F25/><W117/><G117/><T135/><D135/><N who="2" m="51786" /><F104/><W67/><G67/><N who="0" m="39327" /><D51/><U93/><E93/><V1/><F1/><W4/><G30/><T35/><D50/><U7/><E77/><N who="3" m="29802" /><G86/><T14/><D35/><U73/><E48/><V0/><F0/><W5/><G10/><N who="2" m="3593" /><F49/><W43/><G43/><T126/><D126/><U19/><E73/><AGARI ba="0,0" hai="45,46,73,79,80,95,96,103" m="3593,51786" machi="73" ten="30,1000,0" yaku="20,1" doraHai="2" who="2" fromWho="1" sc="200,0,210,-10,477,10,113,0" /><INIT seed="5,0,0,3,3,27" ten="200,200,487,113" oya="1" hai0="129,58,46,40,17,56,89,59,62,114,63,49,133" hai1="99,61,73,18,22,96,7,112,32,13,105,115,60" hai2="42,121,82,108,26,97,11,2,118,107,65,37,10" hai3="95,16,6,134,102,74,14,104,80,53,8,1,66"/><U98/><E73/><V47/><F108/><W41/><G104/><T93/><D114/><N who="1" m="43563" /><E105/><V79/><F11/><W91/><G134/><T35/><D129/><U101/><E101/><V88/><F88/><W4/><G66/><T126/><D126/><U75/><E75/><N who="2" m="43391" /><F65/><W90/><G41/><T3/><D3/><U31/><E7/><N who="2" m="1399" /><F26/><AGARI ba="0,0" hai="13,18,22,26,31,32,60,61,96,98,99" m="43563" machi="26" ten="30,2900,0" yaku="15,1,52,1" doraHai="27" who="1" fromWho="2" sc="200,0,200,29,487,-29,113,0" /><INIT seed="5,1,0,5,1,54" ten="200,229,458,113" oya="1" hai0="42,87,102,91,127,16,63,37,14,113,66,74,18" hai1="120,3,109,0,15,35,39,5,88,10,9,119,104" hai2="48,78,107,132,90,49,71,19,41,99,135,25,121" hai3="92,73,101,103,33,96,130,117,11,80,17,105,26"/><U118/><E88/><V7/><F71/><W106/><G130/><T50/><D74/><U84/><E84/><V38/><F78/><N who="3" m="44111" /><G33/><T123/><D123/><U126/><E104/><N who="3" m="40042" /><G26/><T57/><D127/><U32/><E39/><V55/><F7/><W46/><G17/><T69/><D102/><N who="3" m="38921" /><G11/><T133/><D14/><N who="1" m="5423" /><E126/><V52/><F19/><W21/><G21/><T45/><D133/><U82/><E82/><V72/><F25/><W30/><G46/><T116/><D116/><N who="1" m="44587" /><E120/><V70/><F121/><W131/><G30/><T111/><D18/><N who="1" m="8567" /><E109/><V53/><F70/><W83/><G131/><T6/><D111/><U94/><E94/><V75/><F38/><W24/><G24/><T114/><D37/><U110/><E110/><V64/><F41/><W29/><G29/><T62/><D42/><U47/><E47/><V67/><F135/><W36/><G117/><T134/><D45/><U20/><E20/><V95/><F132/><W115/><G36/><T122/><D134/><U61/><E61/><V22/><F22/><W28/><G83/><T112/><D63/><U23/><E23/><V97/><F49/><W85/><G85/><T58/><D50/><U51/><E51/><V27/><F48/><W86/><G86/><T124/><D124/><U8/><E8/><V34/><F75/><W44/><G44/><T4/><D122/><U89/><E35/><V31/><F72/><W43/><G43/><T68/><D62/><U125/><E125/><V77/><F77/><W93/><G93/><T56/><D68/><U59/><E32/><V60/><F60/><W129/><G92/><RYUUKYOKU ba="1,0" sc="200,-10,229,-10,458,30,113,-10" hai2="27,31,34,52,53,55,64,67,90,95,97,99,107" /><INIT seed="6,2,0,5,0,44" ten="190,219,488,103" oya="2" hai0="95,2,88,0,14,61,126,33,123,70,9,53,36" hai1="39,78,131,66,17,115,49,121,109,42,67,91,112" hai2="47,100,89,85,20,80,3,101,68,72,108,132,90" hai3="59,87,24,92,114,7,51,124,15,82,97,1,84"/><V52/><F3/><W45/><G1/><T28/><D123/><U77/><E39/><V13/><F72/><W21/><G124/><T106/><D126/><U30/><E109/><V71/><F71/><W135/><G135/><T27/><D106/><U73/><E73/><V5/><F68/><W104/><G104/><T46/><D36/><U10/><E30/><V41/><F41/><W50/><G114/><N who="1" m="43562" /><E91/><N who="2" m="51623" /><F132/><W83/><G59/><T122/><D122/><U35/><E35/><V111/><F5/><W4/><G15/><T34/><D34/><U25/><E131/><V76/><F76/><N who="1" m="29289" /><E121/><V48/><F111/><W32/><G32/><T12/><D12/><N who="1" m="7319" /><E25/><V86/><F108/><W64/><G24/><T120/><D120/><U79/><E79/><V40/><F40/><W22/><G97/><T96/><D70/><U19/><E19/><N who="2" m="10351" /><F90/><W43/><G43/><T38/><D38/><U98/><E98/><V23/><F23/><W134/><G134/><T16/><D0/><U55/><E42/><V117/><F117/><W103/><G103/><T69/><D2/><U29/><E29/><V37/><F37/><W58/><G92/><AGARI ba="2,0" hai="47,48,52,86,89,92,100,101" m="10351,51623" machi="92" ten="30,5800,0" yaku="8,1,52,1,54,1" doraHai="44" who="2" fromWho="3" sc="190,0,219,0,488,64,103,-64" /><INIT seed="6,3,0,3,2,72" ten="190,219,552,39" oya="2" hai0="61,62,127,27,114,31,46,69,122,13,133,107,19" hai1="32,73,10,92,53,1,58,50,117,33,91,102,94" hai2="74,34,113,68,119,51,7,66,21,76,24,83,129" hai3="35,116,98,78,71,99,43,18,96,77,125,12,108"/><V135/><F34/><W20/><G71/><T104/><D122/><U85/><E73/><V55/><F7/><W4/><G116/><T49/><D114/><U100/><E117/><V105/><F105/><W130/><G108/><T70/><D127/><U25/><E33/><V90/><F135/><W2/><G125/><T80/><D133/><U132/><E32/><V38/><F38/><W79/><G35/><T59/><D62/><U82/><E1/><V15/><F129/><W87/><G130/><T41/><D107/><U103/><E132/><V75/><F15/><N who="3" m="9311" /><G2/><T45/><D45/><U128/><E128/><V64/><F90/><W57/><G43/><T47/><D47/><U36/><E36/><V16/><F113/><W44/><G44/><T14/><D104/><U118/><E118/><V40/><F40/><W26/><G26/><T29/><D27/><U67/><E25/><V101/><F101/><W54/><G87/><T86/><D13/><U121/><E121/><V11/><F11/><N who="3" m="4199" /><G99/><T115/><D115/><U123/><E123/><V109/><F109/><W60/><AGARI ba="3,0" hai="54,57,60,77,78,79,96,98" m="4199,9311" machi="60" ten="30,7900,0" yaku="8,1,52,3" doraHai="72" who="3" fromWho="3" sc="190,-23,219,-23,552,-42,39,88" /><INIT seed="7,0,0,5,5,79" ten="167,196,510,127" oya="3" hai0="107,50,96,103,129,92,112,62,6,9,115,123,54" hai1="133,51,43,7,22,61,118,13,8,97,89,52,72" hai2="18,21,100,116,58,55,56,0,26,24,105,88,41" hai3="64,63,3,111,114,19,127,49,102,60,81,98,32"/><W31/><G3/><T30/><D30/><U65/><E72/><V59/><F0/><W85/><G114/><N who="0" m="43563" /><D123/><U5/><E133/><V25/><F41/><W93/><G127/><T42/><D129/><U128/><E128/><V73/><F73/><W27/><G111/><T20/><D20/><U10/><E43/><V45/><F100/><W119/><G119/><T82/><D42/><U35/><E35/><V28/><F105/><W75/><G75/><T122/><D122/><U14/><E22/><V86/><F116/><W80/><G49/><T71/><D82/><U77/><E77/><V53/><F45/><W101/><G101/><T74/><D74/><U78/><E78/><V46/><F46/><W57/><G85/><T124/><D124/><U16/><E118/><V90/><F86/><W125/><G125/><T131/><D131/><U69/><E89/><N who="2" m="34411" /><F28/><W15/><REACH who="3" step="1"/><G60/><REACH who="3" ten="167,196,510,117" step="2"/><T17/><D50/><U76/><E76/><V135/><F135/><W1/><G1/><T66/><D103/><U84/><E84/><V108/><F108/><W4/><G4/><T87/><D87/><U36/><E97/><V47/><F47/><W91/><G91/><N who="0" m="55327" /><D6/><U40/><E7/><V48/><F48/><W110/><G110/><T94/><D107/><U106/><E106/><V37/><F37/><W99/><G99/><T68/><D94/><U33/><E36/><V104/><F104/><W67/><G67/><T70/><D54/><AGARI ba="0,1" hai="18,21,24,25,26,53,54,55,56,58,59" m="34411" machi="54" ten="30,2000,0" yaku="8,1,54,1" doraHai="79" who="2" fromWho="0" sc="167,-20,196,0,510,30,117,0" owari="147,-25.0,196,0.0,540,63.0,117,-38.0" /></mjloggm>