<mjloggm ver="2.3"><GO type="169" lobby="0"/><UN n0="%E6%9D%BE%E5%B1%8B%E3%81%8A%E3%81%98%E3%81%95%E3%82%93" n1="%E3%82%A6%E3%83%AB%E3%83%88%E3%83%A9%E7%AB%8B%E7%9B%B4" n2="%2A%E3%81%B6%E3%81%A3%E3%81%A1%2A" n3="%E3%83%8F%E3%83%AA%E3%83%9C%E3%83%86%E5%A4%A7%E5%B0%86" dan="18,17,17,16" rate="2232.50,2158.30,2165.45,2110.78" sx="M,M,M,M"/><TAIKYOKU oya="0"/><INIT seed="0,0,0,2,4,127" ten="250,250,250,250" oya="0" hai0="58,33,113,38,125,20,8,9,39,90,126,86,41" hai1="104,12,71,36,96,31,89,78,76,60,115,68,131" hai2="30,53,50,122,29,108,49,101,102,100,109,64,130" hai3="15,46,95,134,28,129,106,107,87,77,133,69,66"/><T72/><D33/><U121/><E36/><N who="0" m="13865" /><D72/><U62/><E12/><V51/><F122/><W45/><G28/><T13/><D113/><U92/><E31/><V48/><F64/><W94/><G15/><T52/><D41/><U3/><E104/><V117/><F117/><W105/><G69/><T6/><D6/><U74/><E92/><N who="3" m="35370" /><G66/><T120/><D120/><U43/><E96/><V63/><F63/><W47/><G129/><T132/><D86/><U40/><E131/><V21/><F130/><W2/><G2/><T55/><D90/><U32/><E32/><V24/><REACH who="2" step="1"/><F30/><REACH who="2" ten="250,250,240,250" step="2"/><W82/><G133/><T17/><D132/><U27/><E62/><V81/><F81/><W35/><G134/><T110/><D125/><U116/><E60/><V118/><F118/><W112/><G112/><T85/><D126/><U57/><E115/><V124/><F124/><W22/><G82/><T84/><D110/><U70/><E116/><V59/><AGARI ba="0,1" hai="21,24,29,48,49,50,51,53,59,100,101,102,108,109" machi="59" ten="40,2700,0" yaku="1,1,0,1,53,0" doraHai="127" doraHaiUra="56" who="2" fromWho="2" sc="250,-13,250,-7,240,37,250,-7" /><INIT seed="1,0,0,3,4,124" ten="237,243,277,243" oya="1" hai0="126,109,10,76,22,8,129,35,131,88,39,49,89" hai1="121,66,51,30,81,60,95,86,115,59,50,110,100" hai2="47,43,18,63,9,0,111,33,27,101,25,68,19" hai3="93,128,119,133,42,74,99,78,20,6,72,103,32"/><U14/><E121/><V4/><F111/><W70/><G32/><T116/><D35/><U34/><E115/><V65/><F101/><W31/><G133/><T58/><D39/><U127/><E127/><V24/><REACH who="2" step="1"/><F33/><REACH who="2" ten="237,243,267,243" step="2"/><W64/><G103/><T26/><D126/><U91/><E110/><V48/><AGARI ba="0,1" hai="0,4,9,18,19,24,25,27,43,47,48,63,65,68" machi="48" ten="30,4000,0" yaku="1,1,2,1,0,1,53,0" doraHai="124" doraHaiUra="69" who="2" fromWho="2" sc="237,-10,243,-20,267,50,243,-10" /><INIT seed="2,0,0,3,0,10" ten="227,223,317,233" oya="2" hai0="118,0,120,53,50,99,102,49,37,112,28,48,8" hai1="89,88,70,33,108,4,7,86,122,19,35,9,31" hai2="65,107,51,78,81,56,98,115,32,18,57,110,25" hai3="126,113,59,119,103,15,5,22,127,125,12,11,58"/><V117/><F117/><W26/><G119/><T17/><D118/><U94/><E70/><V38/><F38/><W128/><G103/><T82/><D112/><U111/><E122/><V93/><F115/><W42/><G42/><T3/><D37/><U63/><E63/><V34/><F107/><W91/><G128/><T61/><D28/><U69/><E69/><V1/><F1/><N who="3" m="431" /><G91/><T21/><D120/><U83/><E19/><V71/><F34/><W23/><G113/><T30/><D30/><U14/><E7/><V75/><F71/><W85/><G85/><T60/><D82/><U84/><REACH who="1" step="1"/><E31/><REACH who="1" ten="227,213,317,233" step="2"/><V124/><F18/><N who="3" m="12663" /><G22/><T13/><D53/><U16/><E16/><V130/><F32/><AGARI ba="0,1" hai="4,9,14,32,33,35,83,84,86,88,89,94,108,111" machi="32" ten="40,5200,0" yaku="1,1,52,1,54,1,53,0" doraHai="10" doraHaiUra="47" who="1" fromWho="2" sc="227,0,213,62,317,-52,233,0" /><INIT seed="3,0,0,1,5,42" ten="227,275,265,233" oya="3" hai0="120,9,15,83,112,16,21,13,119,32,93,30,96" hai1="5,104,79,2,35,20,106,102,14,113,132,51,89" hai2="135,47,123,49,53,127,107,25,18,128,57,103,124" hai3="36,115,133,31,100,77,81,82,33,61,55,22,40"/><W86/><G115/><T97/><D119/><U90/><E35/><V48/><F123/><W26/><G133/><T29/><D120/><U75/><E2/><V114/><F114/><W12/><G100/><T64/><D112/><U95/><E20/><N who="2" m="13463" /><F135/><W0/><G0/><T99/><D32/><U8/><E102/><V67/><F128/><W68/><G82/><T60/><D83/><U71/><E71/><V117/><F67/><W24/><G12/><T43/><D43/><U92/><E79/><V111/><F117/><W80/><G80/><T118/><D118/><U38/><E75/><V109/><F103/><W54/><G68/><T125/><D93/><U6/><E38/><V73/><F107/><W126/><G61/><T1/><D1/><U76/><E76/><V88/><F88/><W110/><G110/><N who="2" m="41993" /><F73/><W78/><G78/><T134/><D134/><U7/><E132/><V50/><F50/><W27/><G126/><T69/><REACH who="0" step="1"/><D125/><REACH who="0" ten="217,275,265,233" step="2"/><U87/><E113/><V129/><F129/><W70/><G33/><T39/><D39/><U66/><E106/><V85/><F127/><W108/><G108/><T121/><D121/><U44/><E104/><V98/><F124/><W74/><G74/><T63/><D63/><U101/><E95/><V84/><F49/><W58/><G36/><T41/><D41/><N who="1" m="24975" /><E92/><V17/><F48/><N who="3" m="31047" /><G40/><T23/><D23/><U130/><E130/><V65/><F65/><W10/><G22/><T91/><D91/><N who="1" m="34827" /><E66/><V105/><F105/><W37/><G37/><T11/><D11/><U34/><E34/><V72/><F72/><W28/><G81/><RYUUKYOKU ba="0,1" sc="217,30,275,-10,265,-10,233,-10" hai0="9,13,15,16,21,29,30,60,64,69,96,97,99" /><INIT seed="4,1,1,5,5,77" ten="247,265,255,223" oya="0" hai0="103,121,57,120,85,44,45,2,11,20,131,1,34" hai1="15,135,99,39,66,58,97,110,0,129,102,18,112" hai2="68,127,130,64,13,23,61,51,74,125,105,12,98" hai3="42,81,22,41,71,3,27,40,37,91,47,82,17"/><T73/><D73/><U50/><E39/><V132/><F130/><W101/><G71/><T30/><D34/><U116/><E0/><V84/><F74/><W65/><G3/><T10/><D131/><U78/><E110/><V8/><F132/><W43/><G101/><T9/><D103/><U72/><E116/><V35/><F35/><W86/><REACH who="3" step="1"/><G65/><REACH who="3" ten="247,265,255,213" step="2"/><T95/><D1/><U104/><E102/><V89/><F64/><W113/><G113/><T69/><D69/><U109/><E112/><V94/><F68/><W79/><G79/><T38/><D2/><U92/><E66/><V21/><F127/><W128/><G128/><T46/><D38/><U87/><E129/><V133/><F125/><W134/><G134/><T115/><D115/><U60/><E135/><V76/><F76/><W122/><G122/><T36/><D36/><U117/><E78/><V126/><F133/><W4/><G4/><T28/><D121/><U29/><E117/><V114/><F114/><W62/><G62/><T19/><D120/><U52/><E60/><V26/><F61/><W7/><G7/><T119/><D119/><U48/><E109/><V118/><F118/><W124/><G124/><T67/><D67/><U55/><E50/><V31/><F51/><W16/><G16/><T90/><D57/><U14/><E58/><V80/><F126/><W106/><G106/><T93/><D93/><AGARI ba="1,2" hai="17,22,27,37,40,41,42,43,47,81,82,86,91,93" machi="93" ten="40,5200,0" yaku="1,1,52,2,53,0" doraHai="77" doraHaiUra="25" who="3" fromWho="0" sc="247,-55,265,0,255,0,213,75" /><INIT seed="5,0,0,1,2,97" ten="192,265,255,288" oya="1" hai0="78,41,110,30,117,0,92,15,3,109,19,104,76" hai1="42,124,72,91,116,98,53,14,27,96,99,131,107" hai2="31,49,122,4,90,50,128,23,1,106,34,48,79" hai3="38,5,62,9,6,46,125,83,10,112,93,67,103"/><U88/><E72/><V118/><F122/><W20/><G112/><T134/><D117/><U7/><E107/><V74/><F118/><W37/><G83/><T126/><D104/><U95/><E116/><V51/><F34/><W77/><G77/><T18/><D92/><N who="1" m="56327" /><E42/><V80/><F90/><W75/><G75/><T2/><D15/><U115/><E115/><V26/><F106/><W114/><G114/><T36/><D41/><U129/><E124/><V135/><F128/><N who="1" m="49225" /><E27/><V105/><F105/><W121/><G121/><T123/><D123/><U66/><E66/><V32/><F74/><W21/><G37/><T86/><D36/><U111/><E53/><V25/><F25/><W65/><G38/><T73/><D73/><U127/><E99/><V17/><F26/><W56/><G125/><T102/><D126/><U59/><E59/><V81/><F79/><W45/><G67/><T43/><D43/><U63/><E63/><V16/><F51/><W60/><G60/><T101/><D0/><U28/><E28/><V57/><F31/><W12/><G56/><T87/><REACH who="0" step="1"/><D30/><REACH who="0" ten="182,265,255,288" step="2"/><U40/><E40/><V132/><F1/><W22/><G12/><T89/><D89/><U61/><E127/><V52/><F80/><W29/><G29/><T82/><D82/><U54/><E14/><V133/><F81/><W108/><G108/><T55/><D55/><U113/><E111/><V44/><F52/><W130/><G65/><T24/><D24/><U120/><E113/><V69/><F135/><AGARI ba="0,1" hai="2,3,18,19,76,78,86,87,101,102,109,110,134,135" machi="135" ten="25,8000,1" yaku="1,1,22,2,52,2,53,0" doraHai="97" doraHaiUra="39" who="0" fromWho="2" sc="182,90,265,0,255,-80,288,0" /><INIT seed="6,0,0,2,2,75" ten="272,265,175,288" oya="2" hai0="102,7,11,68,103,38,50,18,98,26,3,88,53" hai1="134,54,40,39,85,76,65,22,36,13,77,129,83" hai2="94,56,135,63,41,6,106,4,48,92,64,122,0" hai3="71,126,123,132,33,84,73,130,91,111,52,89,1"/><V45/><F122/><W116/><RYUUKYOKU type="yao9" ba="0,0" sc="272,0,265,0,175,0,288,0" hai3="1,33,52,71,73,84,89,91,111,116,123,126,130,132" /><INIT seed="6,1,0,0,4,64" ten="272,265,175,288" oya="2" hai0="112,60,20,93,84,83,43,118,101,41,114,2,63" hai1="107,54,38,46,44,115,92,48,96,56,72,82,89" hai2="66,24,121,40,95,79,1,22,70,12,120,5,45" hai3="55,26,113,51,132,80,67,116,30,133,42,130,124"/><V11/><F79/><W65/><G116/><T75/><D75/><U21/><E115/><N who="0" m="44073" /><D2/><U62/><E107/><V39/><F95/><W52/><G113/><T33/><D33/><U57/><E38/><V104/><F104/><W36/><G124/><T123/><D123/><U69/><E69/><V78/><F78/><W127/><G127/><T0/><D0/><U77/><E21/><V29/><REACH who="2" step="1"/><F1/><REACH who="2" ten="272,265,165,288" step="2"/><W117/><G80/><T68/><D83/><U98/><E98/><V7/><F7/><W10/><G133/><T103/><D93/><U131/><E131/><V81/><F81/><W94/><G132/><T6/><D6/><U102/><E102/><V74/><F74/><W28/><G94/><T105/><D103/><U100/><E100/><V97/><F97/><W47/><G130/><T126/><D101/><U61/><E82/><V110/><F110/><W125/><G125/><T23/><D105/><U91/><E77/><V27/><F27/><W85/><G26/><T25/><D126/><U73/><E72/><V18/><F18/><W3/><G3/><T53/><D25/><U13/><E73/><V129/><F129/><W111/><G111/><T135/><D135/><U4/><E96/><V8/><F8/><W49/><G10/><T86/><D86/><U134/><E92/><V50/><F50/><W90/><G51/><T35/><D84/><U14/><E134/><V58/><F58/><W17/><G49/><T76/><D76/><U99/><E48/><V16/><F16/><W32/><G17/><T37/><D37/><U71/><E99/><V31/><F31/><RYUUKYOKU ba="1,1" sc="272,-10,265,-10,165,30,288,-10" hai2="5,11,12,22,24,29,39,40,45,66,70,120,121" /><INIT seed="6,2,1,3,0,117" ten="262,255,195,278" oya="2" hai0="85,5,36,116,26,3,57,20,54,129,24,63,31" hai1="112,14,75,107,17,59,79,48,51,39,84,98,8" hai2="99,121,7,22,6,47,103,92,38,28,50,23,108" hai3="114,11,12,58,4,130,80,65,101,21,15,35,56"/><V18/><F38/><W106/><G35/><T91/><D116/><U44/><E75/><V42/><F108/><W46/><G130/><T33/><D36/><U83/><E112/><V131/><F131/><W122/><G122/><T128/><D5/><U74/><E74/><V120/><F7/><W134/><G134/><T16/><REACH who="0" step="1"/><D3/><REACH who="0" ten="252,255,195,278" step="2"/><U94/><E39/><V0/><F6/><W104/><G4/><T10/><D10/><U95/><E8/><V132/><F0/><W9/><G11/><T43/><D43/><U77/><E14/><V40/><F40/><W2/><G12/><T90/><D90/><U87/><E77/><V32/><F132/><W96/><G9/><T53/><D53/><U73/><E79/><V61/><F32/><W86/><G15/><T115/><D115/><U102/><E102/><V81/><F121/><W88/><G2/><T45/><D45/><U34/><E44/><V105/><F120/><W72/><G46/><T1/><D1/><U68/><E34/><V62/><F42/><W41/><G41/><T19/><D19/><U118/><E17/><V13/><F28/><W78/><G114/><T55/><D55/><U133/><E133/><V27/><F47/><W70/><G21/><T49/><D49/><U93/><E51/><V100/><F50/><W64/><G64/><T37/><D37/><U25/><E48/><V60/><F23/><W119/><G119/><T66/><D66/><U97/><E118/><V135/><F13/><W125/><G78/><T110/><D110/><U124/><E25/><V82/><F135/><W123/><G123/><RYUUKYOKU ba="2,2" sc="252,15,255,-15,195,15,278,-15" hai0="16,20,24,26,31,33,54,57,63,85,91,128,129" hai2="18,22,27,60,61,62,81,82,92,99,100,103,105" /><INIT seed="6,3,2,3,5,25" ten="267,240,210,263" oya="2" hai0="63,105,89,48,104,57,44,102,106,20,7,13,53" hai1="5,51,58,6,14,0,69,42,112,23,75,92,122" hai2="22,134,28,55,4,87,35,31,125,98,100,128,86" hai3="78,85,88,127,115,17,103,67,29,2,114,73,9"/><V33/><F4/><N who="3" m="1175" /><G127/><T46/><D46/><U126/><E69/><V11/><F11/><W110/><G110/><T70/><D70/><U50/><E75/><V118/><F118/><W62/><G103/><T119/><D119/><U72/><E72/><V10/><F125/><W90/><G17/><T99/><D89/><U113/><E0/><V30/><F10/><W93/><G29/><N who="2" m="7425" /><V59/><DORA hai="24" /><F33/><W120/><G120/><T83/><D83/><U64/><E6/><V117/><F35/><W12/><G12/><T40/><D7/><U16/><E5/><V101/><F117/><W52/><G52/><T18/><AGARI ba="3,2" hai="13,18,20,40,44,48,53,57,63,99,102,104,105,106" machi="18" ten="30,1100,0" yaku="0,1" doraHai="25,24" who="0" fromWho="0" sc="267,40,240,-6,210,-8,263,-6" /><INIT seed="7,0,0,3,2,134" ten="307,234,202,257" oya="3" hai0="7,66,28,98,67,101,104,55,37,127,53,17,82" hai1="123,0,34,11,76,105,94,22,130,24,90,57,114" hai2="46,39,91,43,61,44,107,49,48,117,14,56,96" hai3="93,64,122,74,3,113,112,85,71,120,21,16,33"/><W88/><G33/><T111/><D37/><U75/><E105/><V126/><F117/><W30/><G74/><T19/><D7/><U125/><E34/><V58/><F58/><W1/><G30/><T63/><D66/><U40/><E40/><V25/><F126/><W70/><G1/><T103/><D103/><U65/><E125/><V32/><F14/><N who="3" m="9367" /><G3/><T23/><D127/><U36/><E36/><V13/><F13/><W132/><G132/><T102/><D102/><U84/><E130/><V15/><F15/><W119/><G119/><T42/><D42/><U116/><E114/><N who="3" m="44138" /><G64/><T109/><D28/><U41/><E0/><V18/><F32/><W131/><G131/><T86/><D19/><U73/><E11/><V99/><F18/><W83/><G83/><T12/><D109/><U9/><E9/><V50/><F25/><W35/><G35/><T26/><D26/><U6/><E6/><V118/><F118/><W51/><G51/><T95/><D111/><U77/><E24/><V29/><F29/><W68/><AGARI ba="0,0" hai="68,70,71,85,88,93,120,122" m="44138,9367" machi="68" ten="40,7800,0" yaku="15,1,54,2" doraHai="134" who="3" fromWho="3" sc="307,-26,234,-26,202,-26,257,78" owari="281,8.0,208,-19.0,176,-32.0,335,43.0" /></mjloggm>