<mjloggm ver="2.3"><GO type="225" lobby="0"/><UN n0="%E3%82%A4%E3%82%B5%E3%82%AD" n1="%E9%9B%80%E9%BE%8D%E9%96%80%5F%59%75%74%69" n2="%E3%82%AB%E3%83%A9%E3%82%B9%E3%81%AE%E5%AD%90" n3="%E3%83%88%E3%83%88%E3%83%AA%E5%85%88%E7%94%9F%31%39%E6%AD%B3" dan="18,16,16,16" rate="2181.16,2111.88,2126.93,2071.01" sx="M,M,M,F"/><TAIKYOKU oya="0"/><INIT seed="0,0,0,5,1,19" ten="250,250,250,250" oya="0" hai0="0,80,67,58,39,115,5,26,85,64,109,126,35" hai1="125,32,96,90,57,50,79,131,7,118,68,44,123" hai2="73,83,93,128,106,120,117,43,77,41,65,84,71" hai3="88,18,12,1,130,56,99,42,8,116,24,113,54"/><T2/><D39/><U102/><E123/><V22/><F120/><W4/><G113/><T52/><D115/><U72/><E118/><V69/><F106/><W132/><G116/><T15/><D126/><U92/><E68/><V17/><F117/><W51/><G130/><T13/><D109/><U104/><E32/><V55/><F128/><W114/><G114/><T119/><D0/><U48/><E131/><V78/><F78/><W3/><G132/><T86/><D2/><U53/><E125/><V9/><F9/><W30/><G42/><T95/><D35/><U111/><E111/><V94/><F55/><W134/><G134/><T101/><D26/><U59/><E7/><V61/><F71/><W87/><G99/><N who="0" m="59647" /><D119/><U70/><E70/><V10/><F10/><W89/><G89/><N who="0" m="51367" /><D86/><N who="1" m="52311" /><E48/><V34/><F34/><W100/><G100/><T38/><D38/><U36/><E36/><V75/><F75/><W23/><REACH who="3" step="1"/><G30/><REACH who="3" ten="250,250,250,240" step="2"/><T49/><D5/><U62/><E62/><V91/><REACH who="2" step="1"/><F94/><AGARI ba="0,1" hai="1,3,4,8,12,18,23,24,51,54,56,87,88,94" machi="94" ten="30,8000,1" yaku="1,1,2,1,7,1,52,1,54,1,53,0" doraHai="19" doraHaiUra="60" who="3" fromWho="2" sc="250,0,250,0,250,-80,240,90" /><INIT seed="1,0,0,5,0,89" ten="250,250,170,330" oya="1" hai0="120,85,116,4,92,10,31,29,87,80,21,1,37" hai1="95,44,42,99,36,40,25,109,130,122,16,74,91" hai2="18,124,78,97,35,134,68,47,53,71,49,28,126" hai3="84,64,77,81,62,132,102,3,39,82,12,73,33"/><U128/><E122/><V23/><F78/><W58/><G3/><T93/><D116/><U135/><E74/><V70/><F134/><W118/><G132/><T103/><D120/><U46/><E135/><V48/><F35/><W131/><G33/><T56/><D37/><U100/><E109/><V108/><F28/><W86/><G39/><T41/><D41/><U17/><E100/><V127/><F108/><W14/><G131/><N who="1" m="50218" /><E25/><V20/><F18/><W13/><G118/><T94/><D103/><U107/><E107/><V26/><F26/><W101/><REACH who="3" step="1"/><G73/><REACH who="3" ten="250,250,170,320" step="2"/><T110/><D110/><U51/><AGARI ba="0,1" hai="16,17,36,40,42,44,46,51,91,95,99" m="50218" machi="51" ten="30,6000,0" yaku="19,1,52,1,54,1" doraHai="89" who="1" fromWho="1" sc="250,-20,250,70,170,-20,320,-20" /><INIT seed="1,1,0,5,2,2" ten="230,320,150,300" oya="1" hai0="131,95,89,122,68,63,108,24,114,96,115,14,128" hai1="79,5,25,16,48,82,74,102,90,33,88,67,36" hai2="53,7,40,94,64,4,23,134,81,72,3,26,70" hai3="117,39,93,30,51,78,125,52,87,62,58,119,126"/><U18/><E36/><V57/><F3/><W106/><G106/><T69/><D108/><U133/><E133/><V101/><F134/><W34/><G39/><T49/><D122/><U80/><E102/><V47/><F70/><N who="0" m="27242" /><D63/><U28/><E67/><V66/><F64/><N who="3" m="38999" /><G30/><T27/><D49/><U104/><E104/><V55/><F66/><W99/><G34/><T120/><D120/><U20/><E5/><N who="2" m="2123" /><F72/><W10/><G10/><T12/><D12/><U76/><E48/><N who="2" m="26727" /><F81/><N who="3" m="47543" /><G51/><T56/><D115/><U9/><E9/><V71/><F71/><W118/><G52/><N who="2" m="20041" /><F57/><W0/><G0/><T60/><D114/><U73/><E18/><N who="2" m="12663" /><F101/><AGARI ba="1,0" hai="93,99,101,117,118,119,125,126" m="47543,38999" machi="101" ten="30,1000,0" yaku="12,1" doraHai="2" who="3" fromWho="2" sc="230,0,320,0,150,-13,300,13" /><INIT seed="2,0,0,5,0,69" ten="230,320,137,313" oya="2" hai0="37,33,44,117,126,133,111,23,99,128,123,103,52" hai1="21,2,39,70,6,47,87,30,131,61,27,115,62" hai2="113,36,118,73,63,93,13,60,12,101,108,53,50" hai3="92,121,18,76,49,57,66,72,5,120,17,94,105"/><V127/><F118/><W32/><G105/><T34/><D123/><U3/><E115/><V35/><F113/><W51/><G32/><T71/><D71/><U14/><E131/><V125/><F35/><W38/><G5/><T16/><D128/><U77/><E62/><N who="2" m="23595" /><F73/><W91/><G76/><T75/><D75/><U119/><E119/><V64/><F64/><W41/><G72/><T78/><D78/><U80/><E6/><V106/><F106/><W98/><G66/><T112/><D112/><U43/><REACH who="1" step="1"/><E14/><REACH who="1" ten="230,310,137,313" step="2"/><N who="2" m="5739" /><F108/><W25/><G121/><T74/><D111/><U132/><E132/><V67/><F67/><AGARI ba="0,1" hai="2,3,21,27,30,39,43,47,61,67,70,77,80,87" machi="67" ten="40,2600,0" yaku="1,1,52,1,53,0" doraHai="69" doraHaiUra="54" who="1" fromWho="2" sc="230,0,310,36,137,-26,313,0" /><INIT seed="3,0,0,1,3,97" ten="230,346,111,313" oya="3" hai0="114,12,38,11,40,60,96,127,61,108,88,5,53" hai1="100,3,84,77,116,124,86,15,78,20,117,118,110" hai2="32,48,1,109,102,111,81,42,69,104,35,45,80" hai3="94,135,14,107,101,99,67,119,133,24,46,13,103"/><W36/><G119/><T134/><D108/><U19/><E110/><V23/><F69/><W91/><G67/><T98/><D127/><U8/><E124/><V10/><F1/><W43/><G24/><T66/><D134/><N who="3" m="51209" /><G107/><T28/><D28/><U72/><E100/><AGARI ba="0,0" hai="13,14,36,43,46,91,94,99,100,101,103" m="51209" machi="100" ten="30,11600,0" yaku="20,1,52,3" doraHai="97" who="3" fromWho="1" sc="230,0,346,-116,111,0,313,116" owari="230,3.0,230,-17.0,111,-39.0,429,53.0" /></mjloggm>