<mjloggm ver="2.3"><GO type="97" lobby="0"/><UN n0="%E3%83%8A%E3%82%BA%E6%98%9F%40%E6%9D%8F%E6%9D%8F%E8%BB%8D%E5%9C%98" n1="%E3%81%82%E3%82%93%E3%81%A7%E3%81%83" n2="%6B%6F%2D%73%68%69%72%6F" n3="%E5%B0%B1%E6%B4%BB%E7%94%9F%40%E5%B7%9D%E6%9D%91%E8%BB%8D%E5%9B%A3" dan="15,15,14,15" rate="1968.79,2026.59,1930.50,1973.89" sx="F,F,M,M"/><TAIKYOKU oya="0"/><INIT seed="0,0,0,1,1,58" ten="250,250,250,250" oya="0" hai0="78,8,71,34,52,29,77,125,87,68,3,4,98" hai1="25,109,12,97,113,63,126,7,94,36,93,33,79" hai2="61,39,50,48,105,18,1,133,22,119,56,134,45" hai3="121,30,127,104,13,116,42,85,2,54,37,102,43"/><T80/><D125/><U44/><E126/><V124/><F105/><W26/><G2/><T130/><D130/><U66/><E109/><V23/><F124/><W84/><G127/><T69/><D98/><U118/><E118/><V21/><F1/><W28/><G116/><T83/><D29/><U46/><E113/><V112/><F119/><W88/><G37/><T108/><D34/><U38/><E79/><V67/><F112/><W59/><G121/><T62/><D108/><U132/><E132/><N who="2" m="50795" /><F18/><W65/><G65/><T73/><REACH who="0" step="1"/><D52/><REACH who="0" ten="240,250,250,250" step="2"/><U27/><E33/><V106/><F106/><W81/><G30/><T129/><D129/><U19/><E46/><V107/><F107/><W82/><G104/><T75/><D75/><U53/><E53/><V89/><F89/><N who="3" m="51343" /><G102/><T9/><D9/><U14/><E44/><V101/><F101/><W74/><G74/><T123/><D123/><U15/><E97/><V103/><F103/><W41/><G41/><AGARI ba="0,1" hai="21,22,23,39,41,45,48,50,56,61,67" m="50795" machi="41" ten="30,2000,0" yaku="20,1,52,1" doraHai="58" who="2" fromWho="3" sc="240,0,250,0,250,30,250,-20" /><INIT seed="1,0,0,4,0,104" ten="240,250,280,230" oya="1" hai0="123,68,7,12,126,67,94,61,13,25,121,102,56" hai1="116,125,39,8,78,100,19,98,16,38,74,82,135" hai2="55,129,24,65,52,128,122,59,89,21,48,96,23" hai3="15,132,29,80,117,31,45,5,95,83,79,62,85"/><U103/><E116/><V35/><F122/><N who="0" m="46602" /><D126/><U119/><E119/><V4/><F4/><W86/><G117/><T32/><D68/><U91/><E125/><V134/><F134/><W49/><G132/><T46/><D7/><U110/><E135/><V11/><F11/><N who="3" m="4591" /><G62/><T47/><D32/><U51/><E110/><V108/><F108/><W50/><G95/><T81/><D25/><U75/><E74/><V36/><F36/><W107/><G107/><T114/><D114/><U127/><E127/><V18/><F65/><W105/><G105/><T93/><D81/><U6/><E51/><N who="3" m="19466" /><G45/><N who="0" m="16907" /><D93/><U53/><E53/><V112/><F55/><W97/><G97/><AGARI ba="0,0" hai="12,13,56,61,67,94,97,102" m="16907,46602" machi="97" ten="30,1000,0" yaku="13,1" doraHai="104" who="0" fromWho="3" sc="240,10,250,0,280,0,230,-10" /><INIT seed="2,0,0,2,5,86" ten="250,250,280,220" oya="2" hai0="92,0,11,53,19,39,23,3,1,85,17,48,115" hai1="101,43,61,100,110,70,34,58,55,42,59,51,96" hai2="77,33,126,20,8,78,5,62,128,104,89,129,72" hai3="90,6,113,135,49,91,25,31,117,50,65,64,125"/><V67/><F104/><W10/><G117/><T32/><D39/><U46/><E110/><V73/><F126/><W112/><G125/><T108/><D115/><N who="3" m="44105" /><G135/><T14/><D32/><U79/><E34/><V38/><F33/><N who="3" m="20719" /><G49/><T133/><D108/><U21/><E79/><V120/><F120/><W80/><G80/><T4/><D133/><U121/><E121/><V132/><F132/><W95/><G50/><T93/><D85/><U44/><E21/><V88/><F38/><W134/><G134/><T57/><REACH who="0" step="1"/><D19/><REACH who="0" ten="240,250,280,220" step="2"/><U66/><E96/><V106/><F106/><W105/><G105/><T99/><D99/><U111/><E111/><V13/><F72/><W74/><G74/><T27/><AGARI ba="0,1" hai="0,1,3,4,11,14,17,23,27,48,53,57,92,93" machi="27" ten="30,4000,0" yaku="1,1,0,1,53,1" doraHai="86" doraHaiUra="18" who="0" fromWho="0" sc="240,50,250,-10,280,-20,220,-10" /><INIT seed="3,0,0,1,4,49" ten="290,240,260,210" oya="3" hai0="22,102,75,123,96,44,5,15,74,31,38,8,39" hai1="135,67,53,58,76,46,40,50,12,63,125,101,121" hai2="23,122,59,86,65,81,13,111,48,84,26,117,11" hai3="68,110,93,127,6,77,69,104,20,30,18,2,42"/><W109/><G104/><T78/><D123/><U14/><E135/><V98/><F122/><W103/><G127/><T70/><D70/><U60/><E125/><V131/><F117/><W41/><G30/><T113/><D113/><U116/><E116/><V73/><F131/><W34/><G34/><T120/><D120/><U17/><E121/><V90/><F111/><N who="3" m="42507" /><G77/><T126/><D126/><U35/><E35/><V83/><F73/><W92/><G6/><T108/><D108/><U0/><E0/><V47/><F98/><N who="3" m="59847" /><G2/><T71/><D78/><U95/><E76/><V54/><F65/><W3/><G3/><T33/><D33/><U37/><E60/><V4/><F86/><W52/><G93/><T62/><D31/><U99/><REACH who="1" step="1"/><E17/><REACH who="1" ten="290,230,260,210" step="2"/><N who="2" m="12655" /><F81/><W124/><G124/><T130/><D130/><U36/><E36/><V29/><F29/><W28/><G28/><T45/><D38/><U43/><E43/><N who="3" m="16394" /><G52/><T112/><D39/><U105/><E105/><V24/><F24/><AGARI ba="0,1" hai="18,20,24,68,69" m="16394,59847,42507" machi="24" ten="30,2900,0" yaku="14,1,10,1" doraHai="49" who="3" fromWho="2" sc="290,0,230,0,260,-29,210,39" /><INIT seed="3,1,0,2,4,125" ten="290,230,231,249" oya="3" hai0="135,71,47,127,106,133,50,33,11,65,57,53,116" hai1="49,114,93,99,83,87,70,82,132,122,126,42,102" hai2="119,56,72,55,75,35,27,96,107,108,58,84,104" hai3="92,129,134,110,128,9,90,25,34,18,120,73,67"/><W112/><G73/><T24/><D116/><U61/><E114/><V48/><F119/><W60/><G112/><T38/><D127/><U111/><E126/><V14/><F108/><W46/><G120/><T91/><D106/><U59/><E111/><V76/><F14/><N who="3" m="7503" /><G46/><T51/><D11/><U43/><E122/><V44/><F107/><W98/><G110/><T7/><D7/><U94/><E70/><V89/><F35/><W63/><G134/><N who="0" m="51211" /><D38/><U4/><E4/><V2/><F2/><W100/><G67/><T54/><D91/><N who="1" m="53503" /><E132/><V103/><F27/><W0/><G0/><T113/><D113/><U121/><E121/><V29/><F29/><N who="3" m="19759" /><G90/><T115/><D115/><U1/><E1/><V66/><F66/><W5/><G5/><T68/><D65/><N who="1" m="39103" /><E49/><V52/><F55/><W10/><G10/><T17/><D33/><U39/><E39/><V109/><F109/><W12/><G12/><T23/><AGARI ba="1,0" hai="17,23,24,47,50,51,53,54,57,68,71" m="51211" machi="23" ten="30,1100,0" yaku="20,1" doraHai="125" who="0" fromWho="0" sc="290,14,230,-4,231,-4,249,-6" owari="304,40.0,226,-27.0,227,-17.0,243,4.0" /></mjloggm>