<mjloggm ver="2.3"><GO type="225" lobby="0"/><UN n0="%6B%6A%30%38%32%36" n1="%4F%4E%41%4B%41%4E" n2="%4E%47%EF%BC%A0%E5%B7%9D%E6%9D%91%E8%BB%8D%E5%9B%A3" n3="%E5%B0%B1%E6%B4%BB%E7%94%9F%40%E5%B7%9D%E6%9D%91%E8%BB%8D%E5%9B%A3" dan="16,16,17,16" rate="2151.59,2048.13,2164.20,2069.74" sx="M,M,M,M"/><TAIKYOKU oya="0"/><INIT seed="0,0,0,5,5,53" ten="250,250,250,250" oya="0" hai0="68,78,5,23,112,108,88,103,4,8,92,19,90" hai1="123,20,84,122,35,95,43,106,99,62,132,48,24" hai2="17,52,12,79,66,121,45,109,124,134,16,50,41" hai3="28,94,70,91,74,120,11,39,55,128,36,2,114"/><T71/><D78/><U113/><E35/><V93/><F121/><W89/><G114/><T21/><D112/><U107/><E113/><V54/><F109/><W125/><G74/><T7/><D108/><U31/><E132/><V44/><F134/><W118/><G70/><T64/><D103/><U115/><E115/><V13/><F66/><W81/><G28/><T116/><D116/><U135/><E135/><V69/><F69/><W46/><G118/><T67/><D71/><U131/><E131/><V47/><F79/><W61/><G125/><T56/><D68/><U85/><E107/><V37/><F124/><W83/><G128/><T3/><D90/><U30/><E106/><V40/><F93/><W42/><G36/><T119/><D119/><U14/><E31/><V77/><F77/><W9/><G91/><T32/><D32/><U97/><E97/><V57/><F37/><W127/><G127/><T129/><D129/><U104/><E104/><V49/><F49/><W6/><G11/><T117/><D117/><U59/><E14/><N who="2" m="5739" /><F54/><W38/><G38/><T34/><D34/><U51/><E123/><V101/><F101/><W58/><REACH who="3" step="1"/><G120/><REACH who="3" ten="250,250,250,240" step="2"/><T25/><D3/><U27/><E122/><V1/><F1/><W100/><G100/><T33/><D33/><U0/><E0/><V63/><F41/><W65/><G65/><N who="0" m="25163" /><D8/><U22/><E43/><V87/><F40/><W96/><AGARI ba="0,1" hai="2,6,9,39,42,46,55,58,61,81,83,89,94,96" machi="96" ten="20,5200,0" yaku="1,1,0,1,7,1,52,1,53,0" doraHai="53" doraHaiUra="60" who="3" fromWho="3" sc="250,-26,250,-13,250,-13,240,62" /><INIT seed="1,0,0,3,1,97" ten="224,237,237,302" oya="1" hai0="42,14,92,107,20,100,40,85,91,131,39,114,49" hai1="124,127,78,67,116,32,36,133,29,11,96,94,0" hai2="79,95,86,58,128,88,104,98,46,51,117,18,35" hai3="120,75,68,12,62,60,7,80,70,90,84,53,26"/><U3/><E36/><V31/><F117/><W93/><G120/><T72/><D72/><U73/><E116/><V21/><F58/><N who="3" m="34895" /><G68/><T52/><D114/><U132/><E67/><V105/><F128/><W61/><G70/><T34/><D34/><U48/><E48/><V66/><F66/><W99/><G75/><T126/><D126/><N who="1" m="48171" /><E29/><V89/><F79/><N who="3" m="46111" /><G26/><T45/><D131/><U17/><E32/><V119/><F35/><W43/><G43/><T13/><D20/><U1/><E78/><V41/><F31/><W33/><G33/><T16/><D16/><U111/><E73/><V130/><F119/><W9/><AGARI ba="0,0" hai="7,9,12,61,62,90,93,99" m="46111,34895" machi="9" ten="30,1100,0" yaku="8,1" doraHai="97" who="3" fromWho="3" sc="224,-3,237,-5,237,-3,302,11" /><INIT seed="2,0,0,4,5,134" ten="221,232,234,313" oya="2" hai0="70,127,61,2,116,18,35,93,13,54,51,95,97" hai1="109,105,115,32,68,24,67,113,124,45,4,98,92" hai2="12,37,34,73,75,82,49,65,130,77,11,103,120" hai3="15,112,10,71,96,6,41,3,78,56,53,8,42"/><V19/><F37/><W47/><G71/><T125/><D2/><U27/><E109/><V131/><F120/><W64/><G112/><T100/><D35/><U80/><E92/><V59/><F34/><W57/><G78/><T31/><D31/><N who="1" m="19559" /><E4/><V74/><F103/><W23/><G23/><T86/><D116/><U28/><E45/><V46/><F59/><W17/><G96/><T107/><D61/><N who="1" m="40047" /><E80/><V76/><F65/><W30/><G30/><T7/><D7/><U126/><E105/><V25/><F25/><W122/><G122/><T102/><D70/><U91/><E91/><V90/><F90/><W110/><G110/><T63/><D63/><U29/><E98/><V104/><F104/><W83/><G83/><T62/><D62/><U111/><E29/><V48/><F48/><W9/><G64/><T117/><D117/><U0/><E0/><V94/><F94/><W128/><G128/><N who="2" m="49193" /><F82/><W60/><G57/><N who="0" m="32991" /><D102/><U114/><E111/><V16/><F19/><W58/><G58/><T26/><D26/><U84/><E84/><V85/><F85/><W108/><G108/><T21/><D107/><U55/><E55/><AGARI ba="0,0" hai="11,12,16,46,49,55,73,74,75,76,77" m="49193" machi="55" ten="40,3900,0" yaku="19,1,54,1" doraHai="134" who="2" fromWho="1" sc="221,0,232,-39,234,39,313,0" /><INIT seed="2,1,0,2,1,103" ten="221,193,273,313" oya="2" hai0="64,33,84,24,23,97,28,130,83,11,15,132,90" hai1="61,48,91,39,82,112,38,79,129,135,99,128,109" hai2="52,116,46,113,127,124,119,95,26,69,8,2,81" hai3="40,96,118,80,35,93,30,45,107,85,104,125,115"/><V76/><F69/><W133/><G118/><T89/><D132/><U108/><E48/><N who="2" m="28695" /><F113/><W56/><G30/><T72/><D130/><N who="1" m="50283" /><E61/><V49/><F49/><N who="3" m="26791" /><G35/><T66/><D72/><N who="1" m="43367" /><E112/><V37/><F37/><W22/><G133/><T106/><D33/><U44/><E44/><V16/><F95/><W10/><G22/><T34/><D34/><U50/><E50/><V105/><F8/><W73/><G56/><T18/><REACH who="0" step="1"/><D90/><REACH who="0" ten="211,193,273,313" step="2"/><U111/><E135/><V5/><F119/><W88/><G115/><T131/><D131/><U12/><E91/><V17/><F116/><W58/><G73/><T21/><D21/><U62/><E108/><V86/><F127/><W117/><G88/><T121/><D121/><U7/><E109/><V70/><F124/><W31/><G125/><T51/><D51/><U87/><E111/><V102/><F76/><W65/><G10/><T67/><D67/><U20/><E20/><V36/><F36/><W19/><G65/><T14/><D14/><U126/><E126/><V68/><F2/><W13/><G117/><T100/><AGARI ba="1,1" hai="11,15,18,23,24,28,64,66,83,84,89,97,100,106" machi="100" ten="30,4000,0" yaku="1,1,0,1,52,1,53,0" doraHai="103" doraHaiUra="71" who="0" fromWho="0" sc="211,53,193,-11,273,-21,313,-11" /><INIT seed="3,0,0,5,5,118" ten="264,182,252,302" oya="3" hai0="39,114,86,100,45,29,116,119,21,5,59,80,128" hai1="120,64,17,38,15,25,87,62,99,65,90,63,134" hai2="57,74,61,66,88,44,51,127,79,85,94,46,81" hai3="14,133,13,27,28,84,40,16,82,23,78,1,107"/><W71/><G107/><T32/><D32/><U131/><E38/><V135/><F127/><W117/><G117/><T76/><D128/><U108/><E131/><V24/><F135/><W50/><G71/><T101/><D114/><U42/><E134/><V55/><REACH who="2" step="1"/><F24/><REACH who="2" ten="264,182,242,302" step="2"/><W43/><G133/><T130/><D130/><U93/><E108/><V72/><F72/><W98/><G1/><T22/><D116/><U2/><E2/><V26/><F26/><W89/><G14/><T110/><D119/><U96/><E120/><V123/><F123/><W54/><G98/><N who="1" m="37418" /><E25/><V68/><AGARI ba="0,1" hai="44,46,51,55,57,61,66,68,74,79,81,85,88,94" machi="68" ten="20,5200,0" yaku="1,1,0,1,7,1,54,1,53,0" doraHai="118" doraHaiUra="6" who="2" fromWho="2" sc="264,-13,182,-13,242,62,302,-26" owari="251,-15.0,169,-33.0,304,40.0,276,8.0" /></mjloggm>