<mjloggm ver="2.3"><GO type="169" lobby="0"/><UN n0="%E3%82%A6%E3%83%AB%E3%83%88%E3%83%A9%E7%AB%8B%E7%9B%B4" n1="%70%67%61%69%6E" n2="%E5%AE%8C%E5%85%A8%E6%84%9F%E8%A6%9A%44" n3="%7A%6B%75%72%74" dan="16,17,17,18" rate="2116.05,2138.36,2122.65,2207.31" sx="M,M,M,M"/><TAIKYOKU oya="0"/><INIT seed="0,0,0,5,2,68" ten="250,250,250,250" oya="0" hai0="135,94,16,95,19,26,90,14,116,35,3,65,60" hai1="63,41,54,27,49,130,76,32,66,121,48,29,126" hai2="6,0,82,13,133,40,70,69,15,72,132,88,92" hai3="104,57,128,10,87,83,47,131,119,42,55,67,100"/><T86/><D3/><U7/><E121/><V120/><F120/><W122/><G119/><T89/><D116/><U24/><E130/><V31/><F0/><W73/><G73/><T99/><D135/><N who="2" m="51786" /><F31/><W36/><G122/><T4/><D35/><U127/><E7/><V123/><F40/><W1/><G67/><T51/><D51/><U115/><E115/><V22/><F123/><W23/><G23/><T37/><D37/><U109/><E109/><V93/><F6/><W25/><G25/><T8/><REACH who="0" step="1"/><D26/><REACH who="0" ten="240,250,250,250" step="2"/><N who="1" m="18487" /><E49/><V124/><F124/><W30/><G1/><T106/><D106/><U125/><E48/><V85/><F15/><W96/><G128/><T71/><AGARI ba="0,1" hai="4,8,14,16,19,60,65,71,86,89,90,94,95,99" machi="71" ten="20,7800,0" yaku="1,1,0,1,7,1,54,1,53,0" doraHai="68" doraHaiUra="114" who="0" fromWho="0" sc="240,88,250,-26,250,-26,250,-26" /><INIT seed="0,1,0,1,0,117" ten="328,224,224,224" oya="0" hai0="120,16,89,97,37,123,94,24,10,76,98,103,54" hai1="46,20,28,6,8,110,80,72,109,58,17,39,79" hai2="61,44,49,91,33,73,36,53,14,57,65,124,71" hai3="130,131,75,90,99,133,125,106,121,113,67,92,119"/><T7/><D37/><U100/><E28/><V115/><F33/><W74/><G67/><T29/><D76/><U5/><E100/><V42/><F73/><N who="3" m="27659" /><G119/><T108/><D108/><N who="1" m="41579" /><E8/><V43/><F115/><W87/><G113/><T26/><D54/><U132/><E132/><V95/><F14/><W70/><G70/><T56/><D56/><U114/><E58/><V122/><F124/><W127/><G133/><T134/><D134/><U129/><E129/><N who="3" m="49162" /><G121/><T48/><D48/><U88/><E88/><V64/><F65/><W63/><G63/><T93/><D16/><U32/><E32/><V85/><REACH who="2" step="1"/><F42/><REACH who="2" ten="328,224,214,224" step="2"/><W77/><G77/><T51/><D26/><N who="1" m="14607" /><E114/><V50/><F50/><W35/><G35/><T30/><D51/><U82/><E82/><V116/><F116/><W59/><G59/><T62/><D62/><U11/><E11/><V128/><F128/><W60/><G60/><T68/><D68/><U3/><E3/><V78/><F78/><W45/><G45/><T34/><D34/><U104/><E46/><V69/><F69/><W66/><G66/><T4/><D24/><U102/><E39/><V1/><F1/><W86/><G106/><T111/><D111/><U9/><E9/><V22/><F22/><W96/><G127/><T12/><D7/><U55/><E55/><V107/><F107/><W135/><G125/><T31/><AGARI ba="1,1" hai="4,10,12,29,30,31,89,93,94,97,98,103,120,123" machi="31" ten="30,6000,0" yaku="0,1,52,2" doraHai="117" who="0" fromWho="0" sc="328,73,224,-21,214,-21,224,-21" /><INIT seed="0,2,0,3,3,128" ten="401,203,193,203" oya="0" hai0="1,132,129,106,80,17,130,113,31,7,34,19,122" hai1="94,5,4,109,75,27,32,13,110,86,33,3,90" hai2="112,59,49,63,68,81,133,51,52,6,97,78,30" hai3="21,12,47,100,98,16,117,120,105,45,41,36,71"/><T95/><D106/><U65/><E75/><V44/><F112/><W119/><G120/><T131/><D122/><U48/><E65/><V29/><F6/><W93/><G71/><T77/><D113/><U91/><E3/><V70/><F97/><W107/><REACH who="3" step="1"/><G47/><REACH who="3" ten="401,203,193,193" step="2"/><T43/><D129/><U83/><E110/><V111/><F111/><W55/><G55/><T10/><D43/><U99/><E109/><V101/><F70/><W18/><G18/><T88/><D19/><U20/><E5/><V108/><F108/><W11/><G11/><T37/><D17/><N who="1" m="12687" /><E33/><V114/><F114/><W92/><G92/><T50/><D130/><U28/><E32/><V61/><F68/><W58/><G58/><T85/><D34/><U126/><E28/><V64/><F44/><W84/><G84/><T125/><D31/><U104/><E104/><AGARI ba="2,1" hai="12,16,21,36,41,45,93,98,100,104,105,107,117,119" machi="104" ten="40,2600,0" yaku="1,1,54,1,53,0" doraHai="128" doraHaiUra="57" who="3" fromWho="1" sc="401,0,203,-32,193,0,193,42" /><INIT seed="1,0,0,2,1,104" ten="401,171,193,235" oya="1" hai0="99,133,54,111,135,21,121,126,31,110,82,22,34" hai1="18,66,16,123,85,81,6,35,8,100,114,58,9" hai2="89,37,76,125,36,5,45,67,49,134,127,74,27" hai3="69,40,42,93,72,0,124,28,12,48,17,113,13"/><U98/><E114/><V59/><F134/><W84/><G113/><T117/><D117/><U119/><E123/><V51/><F5/><W52/><G0/><T71/><D71/><U15/><E35/><V108/><F108/><N who="0" m="41514" /><D126/><N who="2" m="48138" /><F89/><N who="3" m="53415" /><G69/><T63/><D121/><U47/><E119/><V115/><F115/><W68/><G68/><T80/><D99/><U46/><E58/><V79/><F27/><W116/><G72/><T130/><D34/><U60/><E60/><N who="2" m="38303" /><F51/><W3/><G3/><T55/><D130/><U131/><E66/><V94/><F94/><W101/><G101/><T88/><D63/><U1/><E18/><V90/><F90/><W91/><G28/><T23/><D31/><U105/><REACH who="1" step="1"/><E131/><REACH who="1" ten="401,161,193,235" step="2"/><V14/><F45/><N who="3" m="27663" /><G124/><T95/><D133/><U53/><E53/><V103/><F37/><W118/><G118/><T30/><D135/><U32/><E32/><V78/><F36/><W26/><G116/><T2/><D55/><U43/><E43/><V38/><F38/><W25/><G42/><T57/><D54/><U56/><E56/><V62/><F62/><W112/><G40/><T129/><D57/><U122/><E122/><V128/><F128/><W102/><G112/><T86/><D129/><U65/><E65/><V33/><F33/><W4/><G17/><T107/><D30/><U75/><E75/><V39/><F74/><W11/><G4/><T24/><D24/><U87/><E87/><V10/><F39/><W96/><G26/><T132/><D86/><U64/><E64/><V29/><F29/><W73/><G25/><T70/><D132/><U20/><E20/><RYUUKYOKU ba="0,1" sc="401,-10,161,30,193,-10,235,-10" hai1="1,6,8,9,15,16,46,47,81,85,98,100,105" /><INIT seed="1,1,1,0,2,123" ten="391,191,183,225" oya="1" hai0="53,5,52,88,4,17,77,3,82,27,94,106,108" hai1="41,93,31,112,97,2,134,33,132,118,113,120,12" hai2="68,23,37,42,61,1,90,48,25,10,16,128,46" hai3="135,109,30,36,95,79,114,126,70,105,21,91,104"/><U67/><E120/><V66/><F128/><W11/><G114/><T54/><D106/><U96/><E2/><V55/><F90/><W83/><G36/><T76/><D3/><U51/><E118/><V64/><F64/><W80/><G70/><T99/><D108/><U115/><E67/><V127/><F127/><W63/><G126/><T57/><D57/><U43/><E12/><V35/><F35/><W58/><G135/><N who="1" m="51754" /><E51/><V13/><F1/><W29/><G11/><T59/><D59/><U125/><E125/><V72/><F72/><W86/><G83/><T100/><D100/><N who="1" m="60431" /><E97/><V81/><F81/><W6/><G6/><N who="0" m="2667" /><D82/><U60/><E60/><V71/><F71/><W103/><G109/><T121/><D121/><U40/><E31/><V101/><F101/><W38/><G38/><T18/><D18/><U84/><E84/><V124/><F124/><W0/><G0/><T73/><D73/><U22/><E22/><AGARI ba="1,1" hai="17,22,27,52,53,54,76,77,88,94,99" m="2667" machi="22" ten="30,3900,0" yaku="8,1,54,2" doraHai="123" who="0" fromWho="1" sc="391,52,191,-42,183,0,225,0" /><INIT seed="2,0,0,3,1,54" ten="443,149,183,225" oya="2" hai0="64,12,93,135,70,110,29,125,39,27,18,46,26" hai1="45,50,113,103,23,131,92,16,35,126,6,55,102" hai2="121,36,106,89,4,52,28,116,40,108,44,127,98" hai3="129,19,119,104,34,95,73,21,114,0,48,134,13"/><V107/><F116/><W41/><G119/><T132/><D110/><U61/><E113/><V109/><F121/><W78/><G104/><T63/><D125/><U43/><E126/><V47/><F127/><W53/><G34/><T56/><D93/><U22/><E35/><V37/><F4/><W86/><G0/><T15/><D15/><U76/><E131/><V57/><F28/><W115/><G129/><T66/><D29/><U30/><E6/><V117/><F117/><W128/><G128/><T2/><D2/><U8/><E76/><V100/><F106/><W7/><G7/><T75/><D75/><U33/><E33/><V83/><F89/><W10/><G134/><N who="0" m="51243" /><D66/><U60/><E92/><V91/><F91/><W14/><G73/><T84/><D84/><U58/><E61/><V130/><F83/><W124/><G124/><T94/><D94/><U24/><E8/><V42/><REACH who="2" step="1"/><F130/><REACH who="2" ten="443,149,173,225" step="2"/><W51/><G114/><T1/><D1/><U68/><REACH who="1" step="1"/><E68/><REACH who="1" ten="443,139,173,225" step="2"/><V77/><F77/><W99/><G115/><T9/><D70/><U97/><E97/><V112/><F112/><W101/><G78/><T111/><D111/><U118/><E118/><V31/><F31/><W85/><G99/><T88/><D88/><U87/><E87/><V80/><F80/><W122/><G86/><T17/><D17/><U3/><E3/><V74/><F74/><W20/><G85/><T38/><D18/><U105/><E105/><V59/><F59/><W11/><G19/><T81/><D56/><U62/><E62/><AGARI ba="0,2" hai="36,37,40,42,44,47,52,57,62,98,100,107,108,109" machi="62" ten="40,18000,2" yaku="1,1,9,1,52,1,54,1,53,2" doraHai="54" doraHaiUra="120" who="2" fromWho="1" sc="443,0,139,-180,173,200,225,0" owari="443,54.0,-41,-54.0,373,17.0,225,-17.0" /></mjloggm>