<mjloggm ver="2.3"><GO type="169" lobby="0"/><UN n0="%E9%9B%80%E9%BE%8D%E9%96%80%5F%59%75%74%69" n1="%E3%82%A6%E3%83%AB%E3%83%88%E3%83%A9%E7%AB%8B%E7%9B%B4" n2="%7A%65%6C%64%65%6E" n3="%74%61%6E%61%4B%61" dan="16,17,17,17" rate="2124.45,2151.61,2148.36,2187.63" sx="M,M,M,M"/><TAIKYOKU oya="0"/><INIT seed="0,0,0,0,0,94" ten="250,250,250,250" oya="0" hai0="71,9,62,39,118,98,43,4,100,108,0,19,29" hai1="92,59,67,121,115,99,8,22,79,50,15,134,27" hai2="89,120,36,126,42,84,113,112,2,41,54,78,102" hai3="61,58,119,48,17,24,80,30,133,88,31,104,82"/><T87/><D118/><U7/><E121/><V107/><F120/><W37/><G37/><T35/><D108/><U49/><E134/><V76/><F2/><W10/><G133/><T20/><D87/><U26/><E79/><N who="2" m="30251" /><F54/><W130/><G104/><N who="0" m="63511" /><D19/><U40/><E115/><N who="2" m="44107" /><F36/><W13/><G130/><T96/><D96/><U56/><E40/><V3/><F3/><W135/><G135/><T33/><D20/><U93/><E93/><V63/><F63/><W1/><G1/><T44/><D29/><U125/><E125/><V6/><F6/><W38/><G38/><T114/><D114/><U117/><E117/><V111/><F42/><W91/><G119/><T53/><D53/><U14/><E14/><V123/><F41/><W21/><G48/><N who="1" m="18538" /><E67/><AGARI ba="0,0" hai="0,4,9,33,35,39,43,44,62,67,71" m="63511" machi="67" ten="30,5800,0" yaku="33,2,52,1" doraHai="94" who="0" fromWho="1" sc="250,58,250,-58,250,0,250,0" /><INIT seed="0,1,0,3,0,107" ten="308,192,250,250" oya="0" hai0="52,112,37,24,10,124,17,126,34,67,74,131,69" hai1="44,46,119,78,13,79,23,117,127,99,42,115,90" hai2="110,105,56,45,86,33,58,53,76,75,57,43,114" hai3="62,134,72,80,100,64,123,70,49,91,94,50,103"/><T36/><D112/><U61/><E115/><V106/><F114/><W108/><G108/><T111/><D111/><U8/><E127/><N who="0" m="48681" /><D131/><U21/><E119/><V3/><F110/><W71/><G134/><T0/><D74/><U30/><E117/><V68/><F68/><W60/><G123/><T5/><D17/><U1/><E1/><V14/><F3/><W85/><G103/><T32/><D52/><U29/><E61/><V40/><F33/><N who="0" m="12906" /><D24/><U20/><E30/><V89/><F53/><W82/><G82/><T54/><D54/><U113/><E29/><V16/><F75/><W35/><G35/><T11/><D11/><U81/><E113/><V27/><F27/><W6/><G6/><T22/><D22/><U125/><E125/><V51/><F43/><W77/><REACH who="3" step="1"/><G100/><REACH who="3" ten="308,192,250,240" step="2"/><T66/><D66/><AGARI ba="1,1" hai="49,50,60,62,64,66,70,71,72,77,80,85,91,94" machi="66" ten="40,8000,1" yaku="1,1,2,1,9,1,52,1,53,0" doraHai="107" doraHaiUra="28" who="3" fromWho="0" sc="308,-83,192,0,250,0,240,93" /><INIT seed="1,0,0,4,1,116" ten="225,192,250,333" oya="1" hai0="133,40,105,50,20,76,125,85,57,81,94,86,107" hai1="78,39,84,54,124,56,120,115,66,1,110,4,98" hai2="96,80,117,119,59,132,37,128,0,63,82,90,103" hai3="74,111,108,25,29,27,104,28,16,68,24,118,51"/><U72/><E115/><V19/><F37/><W83/><G104/><T30/><D125/><U129/><E72/><V123/><F0/><W3/><G68/><T89/><D133/><U64/><E39/><V92/><F132/><W97/><G118/><T73/><D86/><U8/><E124/><V99/><F128/><W134/><G134/><T71/><D71/><U79/><E129/><V55/><F123/><W121/><G121/><T32/><D32/><U102/><E120/><V26/><F117/><W67/><G67/><T11/><D11/><U106/><E110/><N who="3" m="42026" /><G3/><T15/><D15/><U100/><E100/><V88/><F119/><W38/><G38/><T10/><D10/><U112/><E112/><V13/><F26/><N who="3" m="10347" /><G51/><T87/><D20/><U127/><E127/><V101/><F101/><W69/><G69/><T93/><D30/><U52/><E54/><V43/><F43/><W41/><G41/><T58/><D107/><U62/><REACH who="1" step="1"/><E79/><REACH who="1" ten="225,182,250,333" step="2"/><V113/><F113/><W31/><G74/><N who="0" m="43159" /><D105/><U91/><E91/><V45/><F90/><W65/><G29/><T70/><D73/><U126/><E126/><V60/><F103/><W48/><G31/><T6/><D89/><U122/><E122/><V114/><F114/><W49/><G28/><T23/><D40/><U47/><E47/><V14/><F45/><W34/><G34/><T46/><D46/><U42/><E42/><V2/><F96/><W44/><G97/><T36/><D36/><U135/><E135/><V35/><F99/><W53/><G44/><T33/><D87/><U21/><E21/><V5/><F88/><RYUUKYOKU ba="0,1" sc="225,-10,182,30,250,-10,333,-10" hai1="1,4,8,52,56,62,64,66,78,84,98,102,106" /><INIT seed="1,1,1,3,3,116" ten="215,212,240,323" oya="1" hai0="122,124,98,57,22,61,49,11,129,113,81,132,70" hai1="64,36,20,123,112,127,2,130,67,62,29,13,77" hai2="45,91,54,117,75,66,92,32,99,27,118,26,102" hai3="78,135,41,86,25,60,96,89,83,30,115,21,43"/><U97/><E2/><V90/><F75/><W51/><G115/><T7/><D113/><U110/><E112/><V28/><F66/><N who="1" m="25129" /><E36/><V107/><F91/><W47/><G60/><T48/><D70/><U39/><E39/><V104/><F104/><W42/><G135/><T103/><D132/><U111/><E62/><V125/><F125/><W0/><G0/><T10/><D124/><U3/><E3/><V131/><F131/><W59/><G59/><T52/><D129/><U17/><E130/><V37/><F27/><W18/><G30/><T87/><D122/><U50/><E127/><V63/><F63/><W133/><G133/><T71/><D71/><U9/><E123/><V15/><F15/><W74/><REACH who="3" step="1"/><G96/><REACH who="3" ten="215,212,240,313" step="2"/><T12/><D22/><U14/><E29/><V114/><F114/><W23/><G23/><T106/><REACH who="0" step="1"/><D10/><REACH who="0" ten="205,212,240,313" step="2"/><U6/><E20/><V44/><F117/><W68/><G68/><T55/><D55/><U94/><E9/><V58/><F118/><W109/><G109/><T24/><D24/><U40/><E111/><V126/><F126/><W38/><G38/><T33/><D33/><U88/><E110/><V72/><F37/><W34/><G34/><T35/><D35/><U1/><E40/><V95/><F32/><W5/><G5/><T84/><D84/><U82/><E6/><V76/><F26/><W134/><G134/><T119/><D119/><U108/><E108/><V120/><F54/><W128/><G128/><T85/><D85/><U8/><E8/><V31/><F120/><W16/><G16/><T53/><D53/><U56/><E17/><RYUUKYOKU ba="1,3" sc="205,15,212,-15,240,-15,313,15" hai0="7,11,12,48,49,52,57,61,81,87,98,103,106" hai3="18,21,25,41,42,43,47,51,74,78,83,86,89" /><INIT seed="2,2,3,3,3,70" ten="220,197,225,328" oya="2" hai0="89,101,9,65,29,97,67,68,86,124,132,23,20" hai1="51,25,100,122,129,21,134,69,84,102,13,37,10" hai2="88,126,109,107,15,47,30,40,92,16,111,78,83" hai3="91,33,6,41,118,128,66,80,120,106,82,24,108"/><V53/><F126/><W12/><G120/><T63/><D124/><U85/><E69/><V115/><F107/><W44/><G118/><T18/><D132/><U7/><E37/><V74/><F30/><W104/><G108/><N who="2" m="41545" /><F53/><W31/><G66/><T90/><D68/><U99/><E129/><V119/><F119/><W123/><G128/><T98/><D101/><N who="1" m="39019" /><E134/><V39/><F115/><W60/><G60/><T58/><D67/><U52/><E122/><V4/><F4/><W133/><G133/><T131/><D131/><U112/><E112/><V50/><F50/><W79/><G91/><N who="0" m="34827" /><D86/><U38/><E38/><V59/><F59/><W117/><G82/><T130/><D130/><U114/><E114/><V113/><F113/><W75/><G123/><T2/><D2/><U94/><E94/><V93/><F88/><W71/><G71/><T11/><D29/><N who="1" m="17583" /><E99/><N who="0" m="37897" /><D23/><AGARI ba="2,3" hai="15,16,23,39,40,47,74,78,83,92,93" m="41545" machi="23" ten="30,11600,0" yaku="14,1,10,1,52,1,54,1" doraHai="70" who="2" fromWho="0" sc="220,-122,197,0,225,152,328,0" /><INIT seed="2,3,0,5,3,78" ten="98,197,377,328" oya="2" hai0="89,31,60,32,61,102,37,3,134,36,64,39,47" hai1="28,126,76,55,44,131,63,33,5,38,133,4,72" hai2="16,99,30,40,104,52,49,58,70,105,15,1,34" hai3="21,18,107,96,27,118,135,114,25,124,65,43,10"/><V81/><F1/><W119/><G65/><T95/><D134/><U7/><E133/><V45/><F70/><W42/><G135/><T90/><D3/><U66/><E126/><V67/><F67/><W46/><G124/><T69/><D47/><U93/><E131/><V128/><F128/><W75/><G75/><T87/><D102/><U9/><E93/><V14/><F14/><W48/><G114/><T116/><D116/><U106/><E106/><V35/><F81/><W0/><G42/><T91/><D32/><U85/><E85/><V94/><F35/><W84/><G27/><T132/><D31/><U23/><E23/><V53/><F30/><W122/><G122/><T79/><D132/><U51/><E38/><V88/><F34/><W26/><G26/><T83/><REACH who="0" step="1"/><D60/><REACH who="0" ten="88,197,377,328" step="2"/><U29/><E33/><V20/><F53/><W74/><G0/><T13/><D13/><U112/><E112/><V54/><F54/><W57/><G46/><T113/><D113/><U68/><E29/><V6/><F6/><W111/><G119/><T86/><AGARI ba="3,1" hai="36,37,39,61,64,69,79,83,86,87,89,90,91,95" machi="86" ten="30,8000,1" yaku="1,1,0,1,52,1,53,2" doraHai="78" doraHaiUra="82" who="0" fromWho="0" sc="88,99,197,-23,377,-43,328,-23" /><INIT seed="3,0,0,5,5,25" ten="187,174,334,305" oya="3" hai0="91,67,28,35,45,5,71,70,4,64,84,22,73" hai1="94,43,101,109,134,20,39,108,126,130,61,85,124" hai2="116,3,127,110,107,17,50,33,93,47,95,53,16" hai3="40,14,76,36,23,115,86,32,57,119,46,26,30"/><W89/><G119/><T58/><D73/><U98/><E43/><V132/><F116/><W79/><G115/><T128/><D35/><U66/><E39/><V106/><F3/><W87/><G87/><T37/><D37/><U29/><E130/><V83/><F33/><W12/><G57/><T18/><D71/><U133/><E20/><V114/><F114/><W42/><G42/><T81/><D70/><U125/><E29/><V121/><F110/><N who="1" m="42601" /><E61/><V62/><F127/><W44/><G44/><T96/><D128/><U48/><E48/><V120/><F132/><N who="1" m="50793" /><E66/><N who="0" m="25129" /><D45/><U69/><E69/><V78/><F62/><W103/><G103/><T92/><D58/><U8/><E8/><V38/><F38/><W123/><G123/><N who="2" m="47177" /><F93/><W72/><G72/><T63/><D63/><U90/><E126/><V56/><F56/><W24/><G46/><T129/><D129/><U102/><E102/><V7/><F7/><W112/><G112/><T68/><D68/><U60/><E60/><V52/><F53/><W15/><G40/><T113/><D113/><U111/><N who="1" m="42609" /><U99/><DORA hai="2" /><E99/><V100/><F17/><W9/><G36/><T75/><D28/><U51/><E51/><V41/><F16/><W49/><G49/><T34/><D34/><U117/><E117/><V6/><F6/><W59/><G59/><T54/><D54/><U10/><E10/><V11/><F11/><W97/><G9/><T105/><D18/><U82/><AGARI ba="0,0" hai="82,85,90,94,98,101,124,125" m="50793,42609" machi="82" ten="50,8000,1" yaku="14,1,20,1,34,2" doraHai="25,2" who="1" fromWho="1" sc="187,-20,174,80,334,-20,305,-40" /><INIT seed="4,0,0,3,5,76" ten="167,254,314,265" oya="0" hai0="69,35,9,108,116,24,122,66,121,102,99,90,106" hai1="3,14,41,78,127,97,29,104,56,80,65,89,119" hai2="101,46,125,113,7,60,57,120,135,83,30,37,107" hai3="6,131,50,38,68,86,94,75,82,25,128,112,16"/><T34/><D116/><U134/><E3/><V26/><F120/><N who="0" m="46186" /><D90/><U79/><E119/><V53/><F7/><W72/><G38/><T85/><D85/><N who="1" m="50343" /><E104/><V44/><F37/><W10/><G68/><T95/><D95/><U19/><E41/><V52/><F107/><W20/><G94/><T43/><D43/><U87/><E97/><V105/><F105/><W67/><G67/><T133/><D133/><U18/><E134/><V48/><F135/><W62/><G62/><N who="0" m="40151" /><D9/><N who="1" m="6479" /><E29/><V91/><F101/><W74/><G112/><T39/><D39/><U22/><E87/><N who="2" m="50687" /><F113/><W103/><G103/><T123/><N who="0" m="46194" /><T64/><DORA hai="12" /><D64/><U54/><E65/><V4/><F30/><W92/><G92/><T28/><D34/><U129/><E79/><V118/><F118/><W61/><G74/><T124/><D108/><U73/><E78/><V111/><F111/><W51/><G75/><T17/><D17/><U71/><E73/><V45/><F53/><W47/><G72/><T59/><D59/><U27/><E71/><V2/><F60/><W117/><G117/><T81/><D81/><U114/><E114/><V58/><F58/><W5/><G82/><T23/><D23/><U13/><E56/><V63/><F63/><W33/><G61/><T126/><AGARI ba="0,0" hai="24,28,35,99,102,106,124,126" m="40151,46194" machi="126" ten="50,4800,0" yaku="25,1,23,1" doraHai="76,12" who="0" fromWho="0" sc="167,48,254,-16,314,-16,265,-16" /><INIT seed="4,1,0,0,5,104" ten="215,238,298,249" oya="0" hai0="14,76,50,59,56,99,91,27,39,130,85,13,12" hai1="123,67,54,84,19,24,94,64,98,89,70,15,116" hai2="107,35,29,52,109,126,57,4,32,51,17,42,103" hai3="6,8,46,125,101,0,117,62,110,53,55,66,93"/><T30/><D39/><U92/><E123/><V41/><F109/><W34/><G110/><T44/><D130/><U112/><E116/><V108/><F108/><W87/><G117/><T10/><D99/><U31/><E70/><V90/><F4/><W97/><G34/><T106/><D106/><U74/><E74/><V7/><F7/><W69/><G125/><T65/><D10/><U95/><E112/><V83/><F126/><W134/><G134/><T18/><D76/><U36/><E36/><V72/><F17/><W127/><G127/><T11/><D13/><U115/><E115/><V81/><F81/><W60/><G60/><T45/><D14/><U26/><E54/><V78/><F90/><W118/><G118/><T5/><D5/><U120/><E120/><V133/><F133/><W38/><G38/><T80/><D65/><N who="1" m="25163" /><E31/><V114/><F114/><W20/><G46/><T73/><D73/><U21/><E95/><V82/><F82/><W77/><G77/><T79/><D79/><U28/><E28/><V113/><F113/><W135/><G135/><T88/><D91/><AGARI ba="1,0" hai="15,19,21,24,26,84,89,91,92,94,98" m="25163" machi="91" ten="30,1000,0" yaku="8,1" doraHai="104" who="1" fromWho="0" sc="215,-13,238,13,298,0,249,0" /><INIT seed="5,0,0,1,3,71" ten="202,251,298,249" oya="1" hai0="90,125,14,22,32,57,97,44,122,0,128,55,11" hai1="73,85,13,19,117,80,33,98,113,27,78,5,134" hai2="21,58,127,102,17,123,40,131,111,66,108,64,41" hai3="100,61,34,105,120,104,16,65,20,18,99,29,94"/><U114/><E117/><V118/><F118/><W129/><G120/><T77/><D32/><U23/><E134/><V60/><F123/><W1/><G1/><T2/><D122/><U31/><E98/><V38/><F102/><W83/><G129/><T76/><D128/><U106/><E106/><V101/><F101/><W84/><G34/><T48/><D125/><U68/><E68/><V54/><F131/><W62/><G62/><T43/><D0/><U4/><REACH who="1" step="1"/><E73/><REACH who="1" ten="202,241,298,249" step="2"/><V130/><F130/><W75/><G75/><T119/><D119/><U3/><E3/><V72/><F72/><W107/><G105/><T24/><D2/><U96/><E96/><V95/><F127/><W50/><G107/><T135/><D135/><U124/><E124/><V12/><F111/><W53/><G104/><T103/><D103/><U52/><E52/><V49/><F108/><W59/><G53/><T45/><D45/><U30/><E30/><V82/><F54/><W39/><G99/><T26/><D55/><U8/><E8/><V86/><F64/><W87/><G65/><T51/><D57/><U63/><E63/><V112/><F66/><W6/><G59/><T56/><D56/><U93/><E93/><V70/><F95/><W79/><G94/><N who="0" m="56535" /><D11/><U36/><E36/><V81/><F38/><W69/><G39/><T35/><D51/><U10/><E10/><V91/><F70/><W92/><G50/><T15/><D35/><U88/><E88/><V121/><F121/><W110/><G69/><T28/><D77/><U37/><E37/><V116/><F116/><W126/><G79/><RYUUKYOKU ba="0,1" sc="202,-10,241,30,298,-10,249,-10" hai1="4,5,13,19,23,27,31,33,78,80,85,113,114" /><INIT seed="5,1,1,1,3,103" ten="192,271,288,239" oya="1" hai0="112,25,29,54,110,27,94,95,107,5,108,133,132" hai1="134,101,111,120,3,45,82,69,9,13,10,60,52" hai2="26,86,23,4,21,87,127,14,50,83,34,55,68" hai3="113,88,38,123,125,66,41,85,96,122,124,74,104"/><U1/><E120/><N who="3" m="46122" /><G66/><T67/><D67/><U46/><E69/><V130/><F68/><W61/><G61/><T63/><D5/><U56/><E134/><N who="0" m="51817" /><D112/><U20/><E3/><V15/><F127/><N who="3" m="48715" /><G74/><T91/><D107/><U116/><E1/><V8/><F130/><W135/><G135/><T7/><D7/><U102/><E116/><V57/><F34/><W53/><G53/><T70/><D70/><U24/><E82/><V81/><F15/><W42/><G38/><T109/><D91/><U48/><E111/><N who="0" m="28417" /><T71/><DORA hai="117" /><D71/><U28/><E45/><V89/><REACH who="2" step="1"/><F26/><REACH who="2" ten="192,271,278,239" step="2"/><N who="0" m="9738" /><D29/><U16/><E10/><V75/><F75/><W106/><G113/><T40/><D40/><AGARI ba="1,2" hai="9,13,16,20,24,28,40,46,48,52,56,60,101,102" machi="40" ten="30,11600,0" yaku="7,1,8,1,54,2" doraHai="103,117" who="1" fromWho="0" sc="192,-119,271,139,278,0,239,0" /><INIT seed="5,2,0,2,3,62" ten="73,410,278,239" oya="1" hai0="101,8,115,90,33,0,5,78,111,81,69,1,129" hai1="40,21,126,71,131,112,20,24,60,95,4,34,135" hai2="98,104,96,39,118,29,54,27,48,12,125,102,43" hai3="82,80,51,67,36,107,37,119,11,16,68,26,72"/><U13/><E112/><V32/><F118/><W85/><G107/><T88/><D111/><U79/><E126/><V6/><F125/><W61/><G119/><T31/><D115/><U63/><E131/><V64/><F98/><W10/><G72/><T15/><D129/><U73/><E135/><V47/><F64/><W22/><G80/><T83/><D69/><U18/><E34/><V50/><F54/><W30/><G51/><T108/><D108/><U14/><E71/><V75/><F75/><W76/><REACH who="3" step="1"/><G30/><REACH who="3" ten="73,410,278,229" step="2"/><T41/><D41/><U123/><E73/><V2/><F48/><W74/><G74/><T117/><D117/><U92/><E40/><V127/><F50/><W106/><G106/><T128/><D128/><U120/><E123/><V132/><F127/><W133/><G133/><T77/><D101/><U65/><E120/><V124/><F124/><W93/><G93/><T49/><D49/><U7/><E95/><V42/><F42/><W25/><G25/><T38/><D38/><AGARI ba="2,1" hai="10,11,16,22,26,36,37,38,61,67,68,76,82,85" machi="38" ten="40,5200,0" yaku="1,1,52,1,54,1,53,0" doraHai="62" doraHaiUra="100" who="3" fromWho="0" sc="73,-58,410,0,278,0,229,68" /><INIT seed="6,0,0,2,1,97" ten="15,410,278,297" oya="2" hai0="114,87,126,70,80,52,134,37,4,79,0,105,35" hai1="72,30,2,83,64,10,19,53,117,112,3,113,44" hai2="92,45,22,73,81,75,28,50,56,106,33,20,48" hai3="26,63,55,76,130,7,100,124,43,107,68,91,25"/><V77/><F106/><W11/><G124/><T34/><D126/><U129/><E64/><V12/><F75/><W49/><G76/><T118/><D114/><N who="1" m="44139" /><E30/><V132/><F132/><W102/><G107/><T27/><D134/><U13/><E129/><V42/><F12/><N who="3" m="5247" /><G130/><T96/><D118/><U23/><E23/><V47/><F56/><N who="3" m="35231" /><G68/><T99/><D70/><U29/><E29/><V94/><F33/><W14/><G14/><T122/><D122/><U46/><E117/><V82/><F82/><W123/><G91/><T67/><D67/><U54/><E54/><V101/><F28/><W111/><G111/><T84/><D37/><U85/><E72/><V5/><F5/><W88/><G88/><T104/><D52/><U62/><E46/><V58/><F58/><W6/><G6/><T17/><D4/><U108/><E108/><V103/><F92/><W61/><G61/><T16/><D79/><N who="1" m="46335" /><E62/><V127/><F127/><W131/><G131/><T135/><D135/><U51/><AGARI ba="0,0" hai="2,3,10,13,19,44,51,53" m="46335,44139" machi="51" ten="30,1100,0" yaku="15,1" doraHai="97" who="1" fromWho="1" sc="15,-3,410,11,278,-5,297,-3" /><INIT seed="7,0,0,1,3,101" ten="12,421,273,294" oya="3" hai0="64,123,88,41,86,134,62,109,105,23,51,17,131" hai1="81,36,18,49,45,16,46,69,76,126,57,61,71" hai2="0,72,120,122,35,54,44,108,114,118,113,92,98" hai3="93,100,87,20,115,66,129,91,21,28,30,5,42"/><W3/><G115/><N who="2" m="44041" /><F0/><W59/><G129/><T78/><D131/><U39/><E18/><V121/><F35/><W104/><G42/><T128/><D128/><U103/><E16/><V50/><F72/><W55/><G66/><T130/><D130/><U38/><E103/><N who="2" m="60871" /><F108/><W90/><G5/><T33/><D109/><U83/><E81/><V1/><F1/><W6/><G6/><T116/><D116/><AGARI ba="0,0" hai="44,50,54,116,118,120,121,122" m="60871,44041" machi="116" ten="40,2600,0" yaku="13,1,15,1" doraHai="101" who="2" fromWho="0" sc="12,-26,421,0,273,26,294,0" owari="-14,-51.0,421,52.0,299,10.0,294,-11.0" /></mjloggm>