<mjloggm ver="2.3"><GO type="169" lobby="0"/><UN n0="%E4%B8%8A%E5%AE%B6%E3%81%AF%E6%80%AA%E3%81%97%E3%81%84%EF%BC%81%EF%BC%81" n1="%E3%82%89%E3%81%84%E3%81%B5%E3%81%8C%E3%83%BC%E3%81%A9%E3%81%99%E3%81%8D" n2="%6B%6C%62%73%74%38%38" n3="%E3%82%A6%E3%83%AB%E3%83%88%E3%83%A9%E7%AB%8B%E7%9B%B4" dan="17,17,16,17" rate="2151.46,2143.67,2140.24,2120.39" sx="M,M,M,M"/><TAIKYOKU oya="0"/><INIT seed="0,0,0,4,2,101" ten="250,250,250,250" oya="0" hai0="12,77,26,56,80,111,79,14,92,130,42,43,74" hai1="57,78,29,86,55,66,96,46,83,10,117,3,84" hai2="126,75,69,65,131,5,38,21,28,100,13,9,40" hai3="95,128,48,37,98,132,76,102,87,8,91,127,11"/><T61/><D130/><U120/><E117/><V70/><F75/><W52/><G37/><T71/><D71/><U17/><E120/><V73/><F73/><W49/><G127/><T129/><D129/><U88/><E66/><V118/><F126/><W99/><G132/><T122/><D122/><U135/><E29/><V72/><F72/><W39/><G39/><T27/><D79/><U110/><E110/><V36/><F100/><W25/><G128/><T85/><D111/><U23/><E46/><V32/><F38/><W133/><G133/><T51/><D92/><U41/><E96/><V109/><F65/><W45/><G25/><N who="0" m="9227" /><D74/><U18/><E41/><N who="0" m="15369" /><D51/><U22/><E135/><V62/><F40/><W108/><G108/><T121/><D121/><U53/><E3/><V90/><F36/><W97/><G49/><T94/><D94/><N who="1" m="54535" /><E10/><N who="3" m="3626" /><G76/><T116/><D116/><U1/><E1/><V114/><F118/><W47/><G47/><T60/><D60/><N who="1" m="35887" /><E55/><AGARI ba="0,0" hai="12,14,55,56,61,77,80,85" m="15369,9227" machi="55" ten="30,1500,0" yaku="8,1" doraHai="101" who="0" fromWho="1" sc="250,15,250,-15,250,0,250,0" /><INIT seed="0,1,0,4,2,92" ten="265,235,250,250" oya="0" hai0="91,64,2,71,104,28,102,128,82,129,101,67,115" hai1="49,65,4,23,133,114,76,73,84,34,7,18,70" hai2="86,105,107,25,123,33,12,51,48,78,69,87,1" hai3="20,19,120,131,98,103,47,72,62,135,16,126,22"/><T80/><D115/><U61/><E34/><V55/><F12/><W110/><G72/><T0/><D28/><U132/><E73/><V29/><F69/><W43/><G110/><T68/><D91/><U37/><E37/><V11/><F55/><W30/><G126/><T60/><D60/><U32/><E32/><V13/><F13/><W113/><G113/><T41/><D41/><U3/><E49/><V5/><F33/><W53/><G131/><T54/><REACH who="0" step="1"/><D54/><REACH who="0" ten="255,235,250,250" step="2"/><U118/><E114/><V127/><F29/><W15/><G30/><T85/><D85/><U31/><E31/><V96/><F87/><W14/><G62/><T99/><D99/><U79/><E84/><V35/><F96/><W38/><G53/><T100/><D100/><U124/><E61/><V75/><F86/><W56/><G56/><T117/><D117/><U119/><E118/><V89/><F35/><W74/><G135/><T130/><D130/><U50/><E119/><V24/><F89/><W17/><G74/><T93/><D93/><U116/><E132/><V112/><F75/><W111/><G111/><T125/><D125/><U6/><E133/><V57/><F57/><W40/><G40/><T42/><D42/><U108/><E124/><V63/><F63/><W88/><G19/><T122/><D122/><U121/><E18/><V9/><F127/><W8/><G120/><T134/><D134/><U46/><E121/><V26/><F123/><W45/><G88/><T10/><D10/><U27/><E116/><V66/><F112/><W21/><G45/><T59/><D59/><U77/><E46/><RYUUKYOKU ba="1,1" sc="255,15,235,-15,250,-15,250,15" hai0="0,2,64,67,68,71,80,82,101,102,104,128,129" hai3="8,14,15,16,17,20,21,22,38,43,47,98,103" /><INIT seed="0,2,1,5,1,49" ten="270,220,235,265" oya="0" hai0="15,86,61,62,36,102,89,104,27,7,95,0,135" hai1="73,71,6,69,16,20,31,99,93,17,72,8,113" hai2="14,55,40,105,74,117,79,124,97,50,3,81,125" hai3="131,48,34,101,46,37,119,56,63,90,13,122,1"/><T25/><D36/><U33/><E113/><V109/><F3/><W134/><G1/><T43/><D43/><U70/><E33/><V83/><F40/><W123/><G34/><T116/><D116/><U77/><E31/><V75/><F117/><W132/><G101/><T24/><D0/><U78/><E6/><V92/><F105/><W65/><G13/><T64/><D135/><N who="3" m="51753" /><G90/><T39/><D39/><U35/><E35/><V133/><F133/><W127/><G119/><T68/><D62/><U9/><E99/><V128/><F128/><W28/><G28/><T98/><D7/><U111/><E93/><V22/><F109/><W108/><G108/><T129/><D129/><U38/><E38/><V2/><F2/><W53/><G131/><T130/><D130/><U5/><E5/><V120/><F81/><W44/><G127/><T85/><D15/><U54/><E111/><V19/><F75/><W41/><AGARI ba="2,1" hai="37,41,44,46,48,53,56,63,65,122,123" m="51753" machi="41" ten="30,7900,0" yaku="20,1,34,2,52,1" doraHai="49" who="3" fromWho="3" sc="270,-41,220,-22,235,-22,265,95" /><INIT seed="1,0,0,4,0,36" ten="229,198,213,360" oya="1" hai0="4,32,46,40,110,0,52,7,102,10,97,113,109" hai1="62,133,88,50,65,56,37,69,23,73,48,16,119" hai2="101,85,77,122,54,105,14,87,111,35,131,57,21" hai3="59,121,51,78,99,118,80,53,31,67,115,132,13"/><U30/><E119/><V26/><F111/><N who="0" m="42506" /><D113/><U112/><E37/><V17/><F131/><W55/><G121/><T19/><D4/><U29/><E112/><V39/><F39/><W2/><G2/><T42/><D32/><U12/><E73/><V11/><F122/><W64/><G118/><T91/><D91/><U41/><E133/><V96/><F77/><W126/><G126/><T74/><D19/><U81/><E69/><V106/><F106/><W120/><G120/><T124/><D74/><U83/><E83/><V22/><F35/><W70/><G70/><T68/><D68/><U38/><E38/><V33/><F33/><W3/><G3/><T134/><D124/><U114/><E114/><V107/><F107/><W128/><G132/><T123/><D134/><U61/><E61/><V129/><F22/><W84/><G31/><T9/><D9/><U1/><E1/><V94/><F105/><W130/><G13/><T116/><D116/><U18/><E18/><V100/><F101/><W44/><G115/><T58/><D46/><N who="1" m="25679" /><E50/><N who="2" m="30935" /><F129/><W24/><G130/><T71/><D71/><U135/><E135/><V8/><F8/><W95/><G128/><T75/><D75/><U15/><E15/><V25/><F25/><W20/><G24/><T104/><D123/><U82/><E82/><V5/><AGARI ba="0,0" hai="5,11,14,17,21,26,85,87,94,96,100" m="30935" machi="5" ten="30,1100,0" yaku="8,1" doraHai="36" who="2" fromWho="2" sc="229,-3,198,-5,213,11,360,-3" /><INIT seed="2,0,0,4,0,118" ten="226,193,224,357" oya="2" hai0="129,2,29,52,117,126,65,58,91,44,124,108,125" hai1="73,39,133,18,9,101,83,43,51,84,106,96,1" hai2="131,15,120,99,4,85,132,35,122,47,28,0,57" hai3="50,64,94,61,70,37,69,41,38,116,115,6,67"/><V98/><F0/><W82/><G6/><T62/><D2/><U97/><E133/><V60/><F35/><W24/><G94/><T5/><D5/><N who="1" m="1199" /><E84/><V3/><F3/><W81/><G24/><T95/><D117/><U32/><E32/><V59/><F28/><W107/><G107/><T63/><D29/><U87/><E87/><V77/><F59/><W93/><G93/><T22/><D22/><U92/><E51/><V114/><F114/><W10/><G10/><T7/><D7/><U103/><E18/><V102/><F47/><W130/><G115/><T121/><D129/><U54/><E54/><V112/><F112/><W53/><G82/><T109/><D121/><U105/><E92/><V46/><F46/><N who="3" m="25935" /><G81/><T74/><D74/><U86/><E86/><V68/><F68/><N who="3" m="26219" /><G130/><T25/><D25/><U100/><E100/><V66/><F131/><W36/><G116/><T11/><D11/><U79/><E43/><V33/><F33/><W49/><G61/><T135/><D62/><U30/><E30/><V134/><F15/><W89/><G89/><T110/><D135/><N who="2" m="51754" /><F4/><W104/><G104/><T119/><D119/><U127/><E106/><N who="2" m="63831" /><F99/><W88/><G88/><T80/><D80/><AGARI ba="0,0" hai="57,60,66,77,80,85,120,122" m="63831,51754" machi="80" ten="30,5800,0" yaku="20,1,52,2" doraHai="118" who="2" fromWho="0" sc="226,-58,193,0,224,58,357,0" /><INIT seed="2,1,0,3,4,130" ten="168,193,282,357" oya="2" hai0="0,75,91,114,51,97,77,40,132,47,26,93,59" hai1="73,49,68,99,129,60,54,100,126,98,62,38,28" hai2="22,23,96,119,61,108,87,33,35,131,18,134,42" hai3="53,17,113,90,7,123,70,112,117,128,125,32,89"/><V95/><F119/><W9/><G117/><T16/><D0/><U127/><E38/><V4/><F131/><W48/><G70/><T57/><D114/><N who="3" m="44137" /><G125/><N who="1" m="47626" /><E73/><V2/><F42/><W37/><G37/><T55/><D40/><U27/><E68/><V41/><F41/><W122/><G17/><T92/><D77/><U94/><E99/><V44/><F44/><N who="3" m="27783" /><G32/><T79/><D132/><U88/><E100/><V76/><F134/><W72/><G72/><T81/><REACH who="0" step="1"/><D93/><REACH who="0" ten="158,193,282,357" step="2"/><U66/><E129/><V82/><F95/><W69/><G128/><T65/><D65/><U5/><E66/><V84/><F2/><N who="3" m="247" /><G69/><T116/><D116/><U31/><E94/><V36/><F36/><W85/><G85/><T39/><D39/><U74/><E74/><V107/><F87/><W24/><G123/><T46/><D46/><U10/><E98/><V120/><F120/><W11/><G122/><T21/><AGARI ba="1,1" hai="16,21,26,47,51,55,57,59,75,79,81,91,92,97" machi="21" ten="30,7900,0" yaku="1,1,0,1,54,1,53,1" doraHai="130" doraHaiUra="20" who="0" fromWho="0" sc="158,92,193,-21,282,-40,357,-21" /><INIT seed="3,0,0,5,2,122" ten="250,172,242,336" oya="3" hai0="44,121,27,82,32,77,12,128,107,123,55,48,127" hai1="70,46,124,75,63,13,88,28,100,103,17,40,65" hai2="26,59,109,131,18,80,60,93,9,117,0,33,91" hai3="67,126,78,72,52,108,35,79,97,47,96,36,85"/><W133/><G35/><T1/><D1/><U130/><E75/><V66/><F117/><W114/><G67/><T84/><D107/><U14/><E130/><V21/><F131/><W54/><G114/><T5/><D128/><U64/><E28/><V92/><F33/><W135/><G72/><T86/><D127/><U50/><E124/><V53/><F92/><W51/><G36/><T43/><D86/><U134/><E64/><V11/><F0/><W69/><G69/><T125/><D125/><U24/><E24/><V102/><F102/><W42/><G126/><T58/><D27/><U73/><E73/><V7/><F7/><W110/><G42/><T3/><D3/><U104/><E104/><V19/><F80/><N who="3" m="47255" /><G54/><T98/><D98/><N who="3" m="37993" /><G79/><T101/><D101/><U57/><E70/><V25/><F66/><W37/><G37/><T87/><D32/><U106/><E106/><V6/><F6/><W99/><G99/><T30/><D87/><U112/><E103/><V23/><F91/><W74/><G74/><T129/><D129/><U16/><E88/><V132/><F93/><W119/><G119/><T39/><D30/><U90/><E90/><V113/><F113/><W29/><G29/><T45/><D123/><U20/><E112/><V2/><F2/><W10/><G10/><N who="0" m="4175" /><D121/><U61/><E100/><V76/><F76/><W111/><AGARI ba="0,0" hai="47,51,52,108,110,111,133,135" m="37993,47255" machi="111" ten="40,18000,2" yaku="14,1,10,1,52,3,54,1" doraHai="122" who="3" fromWho="3" sc="250,-60,172,-60,242,-60,336,180" /><INIT seed="3,1,0,2,4,93" ten="190,112,182,516" oya="3" hai0="126,35,108,21,127,44,103,86,63,4,96,82,120" hai1="95,2,24,121,8,131,75,102,22,50,65,119,107" hai2="27,43,116,130,60,57,18,112,20,5,32,55,46" hai3="6,40,52,98,115,23,80,94,101,97,64,78,110"/><W91/><G115/><T129/><D35/><U37/><E37/><V49/><F112/><W132/><G132/><T14/><D120/><U83/><E121/><V70/><F130/><W114/><G114/><T62/><D108/><U13/><E2/><V17/><F116/><W109/><G40/><T106/><D44/><U7/><E107/><V77/><F32/><W54/><G64/><T1/><D1/><U100/><E131/><V39/><F77/><W92/><G6/><T81/><D81/><U87/><E75/><V41/><F41/><W42/><G42/><T122/><D129/><U56/><E119/><V9/><F5/><W79/><G23/><T135/><D135/><U33/><E33/><V123/><F123/><W69/><G69/><T16/><D4/><U66/><E50/><V133/><F133/><W118/><G118/><T99/><D99/><N who="1" m="59519" /><E56/><V0/><F0/><W128/><G128/><T134/><D122/><U38/><E102/><V28/><REACH who="2" step="1"/><F9/><REACH who="2" ten="190,112,172,516" step="2"/><W105/><G79/><N who="0" m="46431" /><D134/><U104/><E38/><V74/><F74/><W68/><G109/><T67/><D126/><U36/><E36/><V72/><F72/><W12/><G110/><T51/><D127/><U85/><E7/><V3/><F3/><W125/><G125/><T25/><D21/><U34/><E34/><V26/><F26/><W19/><G78/><T31/><D25/><U113/><E24/><V61/><F61/><W15/><G15/><T117/><D14/><U71/><E13/><V29/><F29/><W124/><G12/><T11/><D117/><U10/><E113/><V47/><F47/><RYUUKYOKU ba="1,1" sc="190,-10,112,-10,172,30,516,-10" hai2="17,18,20,27,28,39,43,46,49,55,57,60,70" /><INIT seed="4,2,1,5,1,75" ten="180,102,202,506" oya="0" hai0="43,49,71,34,51,117,54,67,90,16,94,119,112" hai1="58,97,65,96,0,39,113,132,104,12,123,85,111" hai2="5,77,86,81,25,128,14,114,8,32,135,20,36" hai3="37,24,116,55,29,88,110,70,91,64,40,100,11"/><T15/><D34/><U74/><E0/><N who="2" m="39" /><F36/><W45/><G110/><T115/><D43/><U82/><E111/><V124/><F114/><N who="0" m="43562" /><D67/><U53/><E39/><V9/><F9/><W19/><G100/><T99/><D71/><U31/><E113/><V72/><F135/><W1/><G64/><T23/><D51/><U83/><E132/><V102/><F102/><W101/><G116/><T68/><D68/><U52/><E65/><V48/><F48/><W87/><G70/><T3/><D3/><U13/><E123/><V89/><F72/><W33/><G55/><T62/><D62/><U131/><E74/><V61/><F61/><W125/><G40/><T44/><AGARI ba="2,1" hai="15,16,23,44,49,54,90,94,99,117,119" m="43562" machi="44" ten="30,3000,0" yaku="15,1,54,1" doraHai="75" who="0" fromWho="0" sc="180,46,102,-12,202,-12,506,-12" /><INIT seed="4,3,0,4,2,2" ten="226,90,190,494" oya="0" hai0="79,34,29,12,53,123,37,101,135,8,88,49,66" hai1="16,75,78,119,100,95,92,67,69,111,128,130,55" hai2="117,90,73,114,31,61,21,125,99,126,1,47,116" hai3="65,51,91,20,58,6,42,57,102,30,121,84,134"/><T87/><D37/><U122/><E119/><N who="2" m="45643" /><F73/><W112/><G121/><T45/><D123/><U107/><E122/><V82/><F61/><W15/><G134/><T41/><D135/><U103/><E111/><V3/><F47/><W109/><G112/><T104/><D79/><U71/><E107/><V64/><F64/><W97/><G65/><T32/><D66/><U24/><E67/><V40/><F40/><W59/><G97/><T77/><D77/><U54/><E78/><V60/><F60/><W4/><G102/><T62/><D29/><U22/><E75/><V72/><F72/><W23/><G23/><T7/><D101/><N who="1" m="38987" /><E95/><N who="2" m="56823" /><F82/><W0/><G0/><N who="2" m="73" /><F114/><W83/><G109/><T13/><D104/><U52/><E92/><V98/><F98/><W39/><G39/><T35/><D62/><U76/><E76/><V46/><F46/><N who="3" m="26071" /><G15/><T120/><D120/><U56/><E56/><V133/><F133/><W70/><G70/><T86/><D41/><U50/><E50/><V105/><F105/><W14/><G14/><T93/><REACH who="0" step="1"/><D12/><REACH who="0" ten="216,90,190,494" step="2"/><U44/><E44/><V11/><F31/><W115/><G115/><T94/><D94/><U18/><E71/><V129/><F125/><W124/><G124/><T26/><D26/><AGARI ba="3,1" hai="4,6,20,26,30,57,58,59,83,84,91" m="26071" machi="26" ten="30,3900,0" yaku="8,1,52,2" doraHai="2" who="3" fromWho="0" sc="216,-48,90,0,190,0,494,58" /><INIT seed="5,0,0,3,1,16" ten="168,90,190,552" oya="1" hai0="20,26,133,36,32,54,63,81,24,94,107,7,73" hai1="5,126,70,88,109,1,93,47,12,124,35,0,97" hai2="78,114,49,27,48,18,108,43,76,61,84,67,65" hai3="56,103,77,64,95,106,127,22,90,41,57,52,66"/><U101/><E109/><V71/><F108/><W10/><G106/><T125/><D107/><U55/><E70/><V58/><F114/><W33/><G103/><T13/><D36/><U29/><E35/><V59/><F71/><W45/><G33/><T128/><D73/><U53/><E29/><V111/><F111/><W62/><G77/><N who="2" m="29801" /><F84/><W38/><G10/><T122/><D81/><U72/><E72/><V83/><F83/><W113/><G113/><T85/><D122/><U91/><E47/><N who="2" m="25727" /><F49/><W11/><G11/><T129/><D32/><U25/><E1/><V23/><F59/><W120/><G127/><N who="1" m="48682" /><E0/><V15/><F15/><W4/><G4/><T21/><D125/><U60/><E25/><V2/><F2/><W3/><G3/><T115/><D115/><U8/><E55/><AGARI ba="0,0" hai="18,23,27,55,58,61,65,67" m="25727,29801" machi="55" ten="30,2000,0" yaku="8,1,52,1" doraHai="16" who="2" fromWho="1" sc="168,0,90,-20,190,20,552,0" /><INIT seed="6,0,0,0,3,135" ten="168,70,210,552" oya="2" hai0="72,44,85,119,50,1,97,16,27,127,42,11,63" hai1="113,60,83,84,4,47,122,51,76,102,92,18,133" hai2="126,111,61,130,53,78,77,34,73,110,117,49,58" hai3="40,116,129,91,107,3,30,68,71,0,121,22,41"/><V69/><F34/><W64/><G91/><T59/><D72/><U13/><E113/><V128/><F73/><W96/><G22/><N who="0" m="13767" /><D1/><U38/><E133/><V79/><F117/><W87/><G87/><T36/><D36/><U99/><E122/><V7/><F7/><W105/><G30/><T88/><D127/><U57/><E38/><V65/><REACH who="2" step="1"/><F126/><REACH who="2" ten="168,70,200,552" step="2"/><W134/><G116/><T17/><D119/><U25/><E4/><V74/><F74/><W14/><G134/><T8/><D17/><U56/><E25/><V54/><F54/><W24/><G121/><T80/><D97/><U29/><E29/><V124/><F124/><W94/><G96/><T9/><D8/><U32/><E32/><V39/><F39/><W2/><G129/><AGARI ba="0,1" hai="49,53,58,61,65,69,77,78,79,110,111,128,129,130" machi="129" ten="40,3900,0" yaku="1,1,19,1,53,0" doraHai="135" doraHaiUra="31" who="2" fromWho="3" sc="168,0,70,0,200,49,552,-39" /><INIT seed="6,1,0,5,3,24" ten="168,70,249,513" oya="2" hai0="104,7,97,128,91,9,110,36,40,131,55,135,14" hai1="93,107,73,19,47,99,106,1,130,43,85,22,8" hai2="60,41,118,16,122,82,11,115,15,58,92,37,129" hai3="108,120,74,76,65,98,105,62,59,34,25,83,67"/><V96/><F122/><W61/><G108/><T114/><D110/><U48/><E73/><V33/><F118/><W0/><G0/><T121/><D121/><U127/><E127/><V6/><F115/><W20/><G34/><T38/><D114/><U52/><E130/><N who="0" m="49705" /><D135/><U88/><E1/><V50/><F129/><W113/><G113/><T56/><D40/><U63/><E8/><V87/><F33/><W32/><G32/><T117/><D117/><U26/><REACH who="1" step="1"/><E85/><REACH who="1" ten="168,60,249,513" step="2"/><V126/><F126/><W13/><G120/><T95/><D104/><U111/><E111/><V124/><F124/><W94/><G13/><T68/><D68/><U44/><E44/><V116/><F116/><W89/><G105/><T77/><D14/><U101/><E101/><V10/><F10/><W86/><G74/><T64/><D9/><U21/><E21/><V30/><F6/><W27/><G20/><T35/><D7/><U109/><E109/><V29/><F37/><W4/><G4/><T125/><D35/><U12/><E12/><V2/><F2/><W46/><G46/><T84/><D125/><U133/><E133/><V69/><F69/><AGARI ba="1,1" hai="25,27,59,61,62,65,67,69,76,83,86,89,94,98" machi="69" ten="30,1000,0" yaku="7,1" doraHai="24" who="3" fromWho="2" sc="168,0,60,0,249,-13,513,23" /><INIT seed="7,0,0,0,0,20" ten="168,60,236,536" oya="3" hai0="133,66,128,42,115,34,38,85,12,22,93,106,123" hai1="92,31,57,120,112,62,49,23,97,37,103,24,3" hai2="94,13,90,126,117,65,68,72,2,116,80,89,78" hai3="113,52,70,25,135,73,43,44,75,95,122,64,55"/><W48/><G122/><T71/><D34/><U29/><E112/><V8/><F2/><W17/><G135/><T104/><D128/><U15/><E120/><V118/><F126/><W35/><G113/><T98/><D133/><U129/><E3/><V61/><REACH who="2" step="1"/><F94/><REACH who="2" ten="168,60,226,536" step="2"/><W69/><G95/><T100/><D123/><U27/><E129/><V91/><F91/><W83/><G83/><T63/><D115/><U16/><E37/><V82/><F82/><W86/><G86/><T74/><D85/><U102/><E102/><V125/><F125/><W32/><G75/><T67/><D74/><U10/><E49/><V47/><F47/><W77/><G77/><T105/><D93/><U54/><REACH who="1" step="1"/><E27/><REACH who="1" ten="168,50,226,536" step="2"/><V30/><F30/><AGARI ba="0,2" hai="10,15,16,23,24,29,30,31,54,57,62,92,97,103" machi="30" ten="30,12000,2" yaku="1,1,2,1,7,1,8,1,52,1,54,1,53,0" doraHai="20" doraHaiUra="107" who="1" fromWho="2" sc="168,0,50,140,226,-120,536,0" owari="168,-23.0,190,-1.0,106,-39.0,536,63.0" /></mjloggm>