<mjloggm ver="2.3"><GO type="169" lobby="0"/><UN n0="%E3%81%84%E3%81%9F%E3%83%92%E3%83%AD" n1="%74%61%74%73%75%37%30%32" n2="%E3%83%88%E3%83%88%E3%83%AA%E5%85%88%E7%94%9F%31%39%E6%AD%B3" n3="%E3%80%9D%E3%83%A9%E3%83%A0%E3%83%80%E3%83%87%E3%83%AB%E3%82%BF%E3%80%9F" dan="16,16,18,16" rate="2069.72,2184.61,2156.09,2097.91" sx="M,M,F,F"/><TAIKYOKU oya="0"/><INIT seed="0,0,0,2,4,58" ten="250,250,250,250" oya="0" hai0="79,82,104,56,47,110,81,66,114,53,80,88,3" hai1="84,33,115,10,70,35,1,24,62,43,117,98,16" hai2="103,60,34,13,134,14,107,108,30,116,18,37,51" hai3="25,135,83,90,128,68,54,96,69,49,50,39,48"/><T105/><D3/><U26/><E115/><V12/><F37/><W130/><G39/><T6/><D114/><U102/><E117/><V42/><F116/><W124/><G135/><T65/><D6/><U15/><E43/><V123/><F123/><W8/><G124/><T76/><D110/><U92/><E1/><V57/><F108/><W41/><G41/><T4/><D4/><U91/><E35/><V46/><F134/><W73/><G73/><T101/><D101/><U20/><E33/><V2/><F2/><W40/><G40/><T77/><D47/><U100/><E100/><V106/><F103/><W29/><G8/><T97/><D105/><U55/><E10/><V27/><REACH who="2" step="1"/><F18/><REACH who="2" ten="250,250,240,250" step="2"/><W127/><G130/><T111/><D111/><U36/><E36/><V121/><F121/><W17/><G128/><T126/><D126/><U61/><E70/><V64/><AGARI ba="0,1" hai="12,13,14,27,30,34,42,46,51,57,60,64,106,107" machi="64" ten="30,4000,0" yaku="1,1,0,1,52,1,53,0" doraHai="58" doraHaiUra="133" who="2" fromWho="2" sc="250,-20,250,-10,240,50,250,-10" /><INIT seed="1,0,0,1,1,105" ten="230,240,290,240" oya="1" hai0="44,70,103,132,46,26,86,74,75,93,64,134,5" hai1="54,28,66,104,129,84,41,33,94,133,90,76,102" hai2="107,121,38,106,130,30,8,72,37,52,97,114,25" hai3="135,118,29,60,4,7,61,34,81,16,100,53,89"/><U83/><E129/><V99/><F121/><W43/><G118/><T82/><D5/><U85/><E66/><V6/><F130/><W51/><G135/><N who="0" m="51755" /><D64/><U71/><E71/><V112/><F72/><N who="0" m="27690" /><D70/><U58/><E133/><V78/><F78/><W116/><G43/><T87/><D26/><U88/><E41/><V36/><F52/><W73/><G29/><T91/><D103/><U39/><E39/><V124/><F25/><W42/><G34/><T11/><D11/><U27/><E102/><V131/><F30/><W24/><G100/><T0/><D0/><U101/><E101/><V122/><F131/><W117/><G24/><T55/><D55/><U57/><E104/><V80/><F37/><W17/><G42/><T110/><D110/><U96/><REACH who="1" step="1"/><E54/><REACH who="1" ten="230,230,290,240" step="2"/><V108/><F36/><W32/><G53/><T18/><D18/><U119/><E119/><V31/><F38/><W21/><G16/><T12/><D12/><U59/><E59/><V23/><F107/><W9/><G17/><T95/><D95/><AGARI ba="0,1" hai="27,28,33,57,58,76,83,84,85,88,90,94,95,96" machi="95" ten="30,5800,0" yaku="1,1,7,1,54,1,53,0" doraHai="105" doraHaiUra="68" who="1" fromWho="0" sc="230,-58,230,68,290,0,240,0" /><INIT seed="1,1,0,5,3,1" ten="172,298,290,240" oya="1" hai0="13,92,94,68,91,104,43,41,86,39,8,26,17" hai1="85,114,105,49,23,57,2,65,124,66,107,15,133" hai2="19,82,55,62,27,34,117,70,74,128,42,25,71" hai3="30,80,31,109,130,122,9,93,98,59,38,58,61"/><U44/><E2/><V32/><F117/><W113/><G38/><T78/><D104/><U18/><E114/><V89/><F128/><W0/><G122/><T90/><D68/><U54/><E124/><V69/><F42/><W28/><G113/><T24/><D78/><U97/><E133/><V73/><F89/><W123/><G123/><T135/><D135/><U116/><E116/><V7/><F82/><W72/><G130/><T64/><D64/><U118/><E118/><V111/><F111/><W75/><G109/><T11/><D39/><U115/><E115/><V63/><F19/><W126/><G126/><T67/><D67/><U95/><E107/><V102/><F55/><W103/><G80/><T14/><D86/><U132/><E132/><V40/><F40/><W50/><G50/><T51/><D51/><U33/><E33/><V16/><F16/><AGARI ba="1,0" hai="8,11,13,14,16,17,24,26,41,43,90,91,92,94" machi="16" ten="25,6400,0" yaku="22,2,8,1,54,1" doraHai="1" who="0" fromWho="2" sc="172,67,298,0,290,-67,240,0" /><INIT seed="2,0,0,1,4,8" ten="239,298,223,240" oya="2" hai0="94,4,99,133,107,7,116,69,6,55,64,12,111" hai1="121,135,77,30,22,110,101,85,103,1,132,81,32" hai2="130,82,25,2,3,16,28,128,73,67,113,39,36" hai3="90,83,70,76,68,96,123,102,54,23,97,18,14"/><V86/><F113/><W87/><G123/><T74/><D74/><U5/><E32/><V118/><F118/><W119/><G119/><T52/><D107/><U34/><E34/><V56/><F73/><W72/><G54/><T71/><D111/><U58/><E110/><V106/><F106/><W91/><G90/><T26/><D26/><N who="1" m="16727" /><E121/><V78/><F56/><W131/><G131/><N who="2" m="50217" /><F67/><W45/><G45/><T105/><D105/><U66/><E5/><V75/><F86/><W112/><G112/><T0/><D0/><N who="2" m="42" /><F16/><W129/><G129/><T21/><D116/><U13/><E1/><V53/><F53/><W122/><G122/><T62/><D69/><U57/><E135/><V115/><F115/><W61/><G61/><T49/><D133/><U47/><E132/><V124/><F124/><W117/><G117/><T24/><D55/><U114/><E47/><V40/><F40/><W17/><G17/><T42/><D42/><U60/><E58/><V127/><F127/><W19/><G19/><T59/><D71/><U33/><E114/><V29/><F29/><W20/><G20/><AGARI ba="0,0" hai="20,25,28,36,39,75,78,82" m="42,50217" machi="20" ten="30,1500,0" yaku="19,1" doraHai="8" who="2" fromWho="3" sc="239,0,298,0,223,15,240,-15" /><INIT seed="2,1,0,3,1,105" ten="239,298,238,225" oya="2" hai0="108,72,68,47,26,42,66,82,78,4,51,77,35" hai1="100,6,123,50,12,106,8,18,134,53,89,34,36" hai2="16,133,13,5,114,69,67,81,104,112,135,28,25" hai3="103,128,107,91,27,71,7,46,1,90,120,63,43"/><V22/><F104/><W80/><G120/><T87/><D108/><U130/><E123/><V9/><F81/><W118/><G118/><T79/><D68/><U113/><E113/><N who="2" m="43627" /><F67/><W15/><G128/><T110/><D110/><U40/><E34/><N who="2" m="20751" /><F69/><W131/><G131/><T57/><D35/><U94/><E134/><V14/><AGARI ba="1,0" hai="5,9,13,14,16,22,133,135" m="20751,43627" machi="14" ten="30,6000,0" yaku="34,2,54,1" doraHai="105" who="2" fromWho="2" sc="239,-21,298,-21,238,63,225,-21" /><INIT seed="2,2,0,0,4,100" ten="218,277,301,204" oya="2" hai0="32,16,75,26,60,31,63,109,56,107,8,25,34" hai1="86,128,90,80,72,76,73,91,89,10,77,132,122" hai2="123,3,39,15,83,103,135,47,4,17,101,79,36" hai3="116,84,0,114,28,19,49,93,112,71,105,40,98"/><V44/><F123/><W121/><G71/><T125/><D75/><N who="1" m="28747" /><E10/><N who="2" m="4551" /><F39/><W37/><G0/><T21/><D125/><U11/><E11/><V104/><F104/><W64/><G37/><T53/><D109/><U133/><E122/><V113/><F135/><N who="1" m="51785" /><E77/><V88/><F36/><W18/><G64/><T81/><D107/><U23/><E23/><V61/><F113/><N who="3" m="43627" /><G116/><T67/><D81/><U78/><E78/><V12/><F79/><W1/><G1/><T87/><D87/><N who="1" m="48519" /><E128/><V95/><F83/><AGARI ba="2,0" hai="83,86,89,90,91" m="48519,51785,28747" machi="83" ten="30,3900,0" yaku="20,1,34,2" doraHai="100" who="1" fromWho="2" sc="218,0,277,45,301,-45,204,0" /><INIT seed="3,0,0,0,0,119" ten="218,322,256,204" oya="3" hai0="22,11,8,118,35,112,93,14,67,127,4,37,126" hai1="3,72,134,6,44,13,103,78,95,38,5,110,63" hai2="30,68,75,65,9,111,12,106,101,83,51,128,26" hai3="79,96,66,115,76,98,2,31,125,132,124,91,131"/><W48/><G2/><T74/><D35/><U54/><E110/><V109/><F128/><W69/><G31/><T15/><D37/><U7/><E134/><V117/><F117/><W87/><G48/><T49/><D74/><U18/><E3/><V46/><F101/><W73/><G66/><T107/><D107/><U32/><E32/><V52/><F106/><W34/><G69/><T64/><D118/><U36/><E78/><N who="3" m="29738" /><G34/><T130/><D130/><U121/><E121/><V56/><F75/><W102/><G131/><T88/><D112/><U71/><E72/><V58/><F83/><N who="3" m="49663" /><G115/><T116/><D116/><U123/><E123/><V27/><F68/><W77/><G132/><T129/><D129/><U70/><E70/><V28/><F28/><W53/><G53/><T0/><D0/><U55/><E71/><V33/><F27/><W57/><G57/><T92/><D22/><U42/><E38/><V25/><F25/><W61/><G61/><T24/><D24/><U133/><E133/><V89/><F65/><W50/><G50/><T29/><D29/><U100/><E63/><V20/><F33/><W114/><G114/><T135/><D49/><U17/><E17/><V45/><F45/><W113/><G113/><T84/><D135/><U62/><E62/><V47/><F47/><W19/><G19/><T90/><D4/><U122/><E55/><V16/><F109/><W104/><G98/><T108/><D108/><U97/><E54/><V43/><F111/><W1/><G1/><T39/><D39/><U120/><E36/><N who="2" m="21863" /><F56/><W80/><AGARI ba="0,0" hai="73,77,80,96,102,104,124,125" m="49663,29738" machi="80" ten="30,3000,0" yaku="34,2" doraHai="119" who="3" fromWho="3" sc="218,-10,322,-10,256,-10,204,30" /><INIT seed="3,1,0,5,1,40" ten="208,312,246,234" oya="3" hai0="15,44,119,46,81,117,24,51,91,63,132,112,97" hai1="89,95,12,60,23,6,58,27,32,64,31,50,43" hai2="47,1,66,25,80,9,127,72,69,0,77,94,76" hai3="61,84,115,35,111,86,116,83,118,75,5,65,10"/><W105/><G105/><T49/><D112/><U53/><E43/><V57/><F127/><W4/><G35/><T85/><D132/><U59/><E32/><V55/><F76/><W71/><G115/><T7/><D63/><U122/><E122/><V52/><F69/><W125/><G125/><T33/><D33/><U74/><E74/><V110/><F110/><W13/><G4/><T126/><D126/><U56/><E6/><V78/><F9/><W2/><G111/><T68/><D68/><U41/><E41/><V30/><F78/><W42/><G13/><T130/><D130/><U108/><E12/><V38/><F38/><W17/><G17/><T128/><D128/><U120/><E120/><V26/><F94/><W3/><G3/><T90/><D24/><U73/><E73/><V135/><F135/><W133/><G133/><T37/><D37/><U87/><REACH who="1" step="1"/><E108/><REACH who="1" ten="208,302,246,234" step="2"/><V79/><F72/><W11/><G42/><T19/><D7/><U93/><E93/><V45/><F80/><W62/><G75/><T129/><D129/><U99/><E99/><V14/><F14/><W123/><G123/><T114/><D114/><U8/><E8/><V16/><F0/><W96/><G11/><T107/><D15/><U104/><E104/><V113/><F1/><W134/><G134/><T131/><D107/><U29/><E29/><V106/><F106/><W22/><G96/><T100/><D97/><U103/><E103/><V18/><F113/><W121/><G121/><T39/><D131/><U70/><AGARI ba="1,1" hai="23,27,31,50,53,56,58,59,60,64,70,87,89,95" machi="70" ten="20,2700,0" yaku="1,1,0,1,7,1,53,0" doraHai="40" doraHaiUra="101" who="1" fromWho="1" sc="208,-8,302,40,246,-8,234,-14" /><INIT seed="4,0,0,1,0,122" ten="200,342,238,220" oya="0" hai0="17,120,40,97,118,55,132,1,13,58,77,16,123" hai1="57,107,117,83,34,93,73,21,22,64,74,81,38" hai2="59,94,6,19,10,89,0,3,47,91,30,68,42" hai3="26,80,52,135,61,126,8,72,88,111,71,114,105"/><T67/><D1/><U84/><E34/><V115/><F68/><W112/><G111/><T33/><D118/><U69/><E69/><V98/><F115/><N who="3" m="44075" /><G105/><T32/><D67/><U131/><E107/><V37/><F30/><W103/><G103/><T99/><D40/><U24/><E38/><V53/><F19/><W127/><G8/><T18/><D13/><U49/><E131/><V54/><F3/><W23/><G135/><T62/><D77/><U102/><E22/><V109/><F109/><W20/><G72/><T7/><D7/><U82/><E117/><V128/><F128/><W130/><G130/><T65/><D132/><U31/><E49/><V113/><F113/><W79/><G79/><T15/><D15/><U56/><E57/><V35/><F35/><W48/><G61/><T63/><D33/><U2/><E2/><V124/><F124/><N who="3" m="47659" /><G26/><T133/><D32/><U134/><E134/><V5/><F5/><W28/><G28/><T92/><D133/><U87/><E74/><V116/><F116/><W106/><G106/><T66/><D123/><U96/><REACH who="1" step="1"/><E73/><REACH who="1" ten="200,332,238,220" step="2"/><V43/><F0/><W25/><G71/><T76/><D120/><U121/><E121/><V108/><F37/><W100/><G25/><T50/><D63/><AGARI ba="0,1" hai="21,24,31,56,63,64,81,82,83,84,87,93,96,102" machi="63" ten="40,8000,1" yaku="1,1,25,2,8,1,53,0" doraHai="122" doraHaiUra="9" who="1" fromWho="0" sc="200,-80,332,90,238,0,220,0" /><INIT seed="5,0,0,3,4,84" ten="120,422,238,220" oya="1" hai0="83,7,98,131,82,11,135,126,43,15,86,95,24" hai1="38,123,34,76,14,25,79,92,20,103,48,22,1" hai2="89,31,70,35,129,26,32,111,28,39,9,117,0" hai3="108,18,134,65,119,37,73,87,40,75,10,4,115"/><U19/><E38/><V45/><F111/><W17/><G108/><T116/><D116/><U54/><E34/><V133/><F117/><W90/><G115/><T114/><D114/><U78/><E1/><V62/><F89/><W55/><G65/><T50/><D135/><U13/><E123/><V16/><F133/><W63/><G134/><T109/><D109/><U2/><E2/><V102/><F102/><W6/><G119/><T105/><D105/><U52/><E54/><V101/><F101/><W128/><G4/><T122/><D122/><U107/><E107/><V60/><F129/><W94/><G128/><T132/><D132/><U33/><E33/><V112/><F112/><W56/><G40/><T74/><D74/><U85/><E22/><V121/><F70/><W124/><G37/><T12/><D83/><U72/><E72/><V66/><F66/><W57/><G124/><T46/><D126/><U23/><E23/><V88/><F121/><W8/><G8/><T69/><D69/><U106/><E106/><V21/><F31/><W53/><G75/><T130/><D24/><U29/><E29/><V81/><F35/><W91/><G73/><T118/><D15/><U97/><REACH who="1" step="1"/><E85/><REACH who="1" ten="120,412,238,220" step="2"/><N who="2" m="50223" /><F0/><W61/><G10/><T51/><D118/><U93/><E93/><V68/><F9/><W100/><G6/><T59/><D131/><U110/><E110/><V99/><F32/><W3/><G3/><T127/><D130/><U44/><AGARI ba="0,1" hai="13,14,19,20,25,44,48,52,76,78,79,92,97,103" machi="44" ten="30,11700,0" yaku="1,1,0,1,8,1,54,1,53,0" doraHai="84" doraHaiUra="58" who="1" fromWho="1" sc="120,-39,412,127,238,-39,220,-39" /><INIT seed="5,1,0,2,2,22" ten="81,539,199,181" oya="1" hai0="0,91,7,55,43,94,27,129,64,53,123,135,63" hai1="39,14,71,122,99,70,111,130,110,131,96,95,10" hai2="107,101,36,35,16,119,67,102,76,108,32,28,13" hai3="113,2,73,90,106,38,133,134,62,87,18,121,20"/><U127/><E122/><V98/><F119/><W97/><G38/><T42/><D123/><U45/><E127/><V83/><F108/><N who="1" m="41513" /><E39/><V4/><F36/><W6/><G121/><T103/><D103/><N who="1" m="60831" /><E99/><V33/><F101/><W105/><G73/><T30/><D135/><N who="3" m="51721" /><G113/><T104/><D104/><U44/><E44/><V120/><F67/><W78/><G78/><T80/><D80/><U109/><E45/><V47/><F4/><W58/><G97/><T52/><D129/><N who="1" m="49163" /><E109/><V21/><F47/><W54/><G6/><AGARI ba="1,0" hai="6,10,14,70,71" m="49163,60831,41513" machi="6" ten="30,2900,0" yaku="10,1,19,1" doraHai="22" who="1" fromWho="3" sc="81,0,539,32,199,0,181,-32" /><INIT seed="5,2,0,5,4,4" ten="81,571,199,149" oya="1" hai0="115,93,103,85,122,80,100,11,114,120,98,72,135" hai1="133,15,26,24,29,39,8,3,109,125,111,10,13" hai2="90,30,117,130,18,77,17,22,91,33,64,45,69" hai3="78,71,12,51,123,116,53,70,128,88,52,7,6"/><U50/><E39/><V59/><F117/><W2/><G123/><N who="0" m="47147" /><D11/><N who="1" m="4139" /><E3/><V87/><F45/><W106/><G2/><T76/><D135/><U95/><E133/><V81/><F130/><W31/><G106/><T126/><D126/><U62/><E125/><V67/><F33/><W37/><G37/><T60/><D60/><U73/><E73/><V41/><F41/><W38/><G38/><T0/><D0/><U129/><E129/><V58/><F30/><W9/><G31/><T27/><D27/><N who="1" m="10283" /><E29/><V97/><F69/><W124/><G124/><T108/><D108/><N who="1" m="41547" /><E95/><V16/><F22/><W49/><G128/><T25/><D25/><U28/><E28/><V113/><F17/><W36/><G36/><T75/><D103/><U32/><E32/><V61/><F18/><W121/><G121/><T21/><D21/><U5/><E62/><V66/><F16/><N who="3" m="8207" /><G70/><T118/><D118/><U119/><E119/><V105/><F61/><W131/><G71/><T104/><D104/><U44/><E5/><N who="3" m="1546" /><G131/><T134/><D134/><U48/><E44/><V20/><F105/><W42/><G116/><T82/><D72/><U57/><E57/><V110/><F110/><W65/><G65/><T34/><D34/><U14/><AGARI ba="2,0" hai="13,14,15,48,50" m="41547,10283,4139" machi="14" ten="40,18000,2" yaku="28,2,10,1,52,3" doraHai="4" who="1" fromWho="1" sc="81,-62,571,186,199,-62,149,-62" /><INIT seed="5,3,0,3,4,83" ten="19,757,137,87" oya="1" hai0="98,13,26,53,33,17,34,87,129,63,76,132,47" hai1="44,59,60,27,56,29,133,97,28,92,109,135,50" hai2="84,93,30,108,105,1,128,91,122,41,126,7,51" hai3="54,49,35,68,40,74,82,134,115,100,75,32,36"/><U117/><E117/><V120/><F108/><W21/><G115/><T96/><D132/><N who="1" m="50763" /><E109/><V66/><F105/><W78/><G134/><T3/><D3/><U24/><E24/><V25/><F128/><W94/><G74/><T116/><D116/><U61/><E59/><V64/><F126/><W45/><G68/><T103/><D129/><U20/><E56/><V79/><F79/><W90/><G100/><T55/><D96/><U102/><E29/><V88/><F122/><W8/><G21/><T2/><D2/><U69/><E69/><V39/><F39/><W15/><G36/><T114/><D114/><U22/><E22/><N who="2" m="15671" /><F7/><W67/><G67/><T23/><D34/><U11/><E11/><V111/><F1/><W12/><G40/><AGARI ba="3,0" hai="20,27,28,40,44,50,60,61,92,97,102" m="50763" machi="40" ten="30,1500,0" yaku="20,1" doraHai="83" who="1" fromWho="3" sc="19,0,757,24,137,0,87,-24" /><INIT seed="5,4,0,3,4,34" ten="19,781,137,63" oya="1" hai0="96,87,75,121,54,76,23,103,131,135,80,9,134" hai1="128,123,129,47,55,105,38,15,20,97,91,82,32" hai2="11,92,59,18,35,26,60,30,90,98,126,108,7" hai3="53,39,85,109,83,36,3,73,27,70,21,14,89"/><U99/><E32/><V69/><F126/><W120/><G70/><T127/><D9/><U67/><E123/><V77/><F108/><W86/><G120/><T62/><D121/><U10/><E20/><V57/><F77/><W22/><G73/><T12/><D127/><U64/><E99/><V78/><F78/><W107/><G107/><T2/><D131/><N who="1" m="50251" /><E105/><V6/><F6/><W79/><G3/><T95/><D2/><U112/><E112/><V5/><F5/><W28/><G109/><T68/><D75/><U124/><E124/><V19/><F59/><W72/><G72/><T44/><D68/><U16/><E97/><V49/><F49/><W74/><G74/><T110/><D110/><U130/><N who="1" m="50259" /><U84/><DORA hai="88" /><E38/><V43/><F69/><W114/><G114/><T4/><D135/><U125/><E125/><V40/><F19/><W61/><G21/><T93/><D134/><U31/><E31/><V106/><F18/><W65/><G14/><T52/><D4/><U50/><AGARI ba="4,0" hai="10,15,16,47,50,55,64,67,82,84,91" m="50259" machi="50" ten="40,7800,0" yaku="25,1,19,1,54,1" doraHai="34,88" who="1" fromWho="1" sc="19,-30,781,90,137,-30,63,-30" owari="-11,-51.0,871,97.0,107,-9.0,33,-37.0" /></mjloggm>