<mjloggm ver="2.3"><GO type="169" lobby="0"/><UN n0="%E3%82%A6%E3%83%AB%E3%83%88%E3%83%A9%E7%AB%8B%E7%9B%B4" n1="%E3%82%AB%E3%83%A9%E3%82%B9%E3%81%AE%E5%AD%90" n2="%E3%82%B7%E3%83%A3%E3%83%B3%E3%83%86%E3%83%B3%E5%9C%B0%E7%8D%84%E2%98%86" n3="%6C%6F%4A%61%73%6B%69%6E" dan="17,16,18,17" rate="2179.74,2110.82,2198.84,2134.04" sx="M,M,M,M"/><TAIKYOKU oya="0"/><INIT seed="0,0,0,2,2,118" ten="250,250,250,250" oya="0" hai0="116,48,76,60,9,7,18,34,43,72,105,33,125" hai1="51,100,36,62,104,30,120,74,79,67,130,8,107" hai2="20,27,95,83,6,123,19,46,87,117,108,135,45" hai3="80,131,47,14,93,82,11,110,39,114,129,38,101"/><T21/><D105/><U52/><E36/><V64/><F117/><W25/><G114/><T10/><D116/><U4/><E130/><N who="3" m="49674" /><G25/><N who="0" m="14519" /><D72/><U97/><E30/><V128/><F128/><W85/><G80/><T63/><D76/><U12/><E79/><V42/><F108/><W65/><G65/><T103/><D103/><U44/><E74/><V40/><F135/><W56/><G56/><T86/><D86/><U68/><REACH who="1" step="1"/><E107/><REACH who="1" ten="250,240,250,250" step="2"/><V69/><F42/><W28/><G28/><T3/><D43/><U37/><E37/><V111/><F40/><W102/><G39/><T89/><D34/><U26/><E26/><V84/><F27/><W92/><G38/><T94/><D33/><U124/><E124/><V55/><F111/><W66/><G110/><T133/><D125/><U59/><E59/><V16/><F69/><W113/><G47/><T134/><D133/><U115/><E115/><V24/><F45/><W77/><G113/><T54/><D134/><U109/><E109/><V1/><F46/><W31/><G31/><T88/><D63/><U49/><E49/><V81/><F24/><W99/><G66/><T73/><D60/><U119/><E119/><V35/><F64/><W13/><G11/><T126/><D10/><U132/><E132/><V29/><F35/><W121/><G13/><T106/><D126/><U90/><E90/><N who="0" m="34921" /><D73/><U122/><AGARI ba="0,1" hai="4,8,12,44,51,52,62,67,68,97,100,104,120,122" machi="122" ten="30,12000,2" yaku="1,1,0,1,52,2,54,1,53,1" doraHai="118" doraHaiUra="50" who="1" fromWho="1" sc="250,-60,240,130,250,-30,250,-30" /><INIT seed="1,0,0,3,2,35" ten="190,370,220,220" oya="1" hai0="41,83,56,18,90,57,38,74,63,106,8,70,71" hai1="87,108,105,73,4,75,100,89,14,93,61,44,68" hai2="121,131,127,91,117,30,39,119,20,116,62,78,33" hai3="115,133,107,129,111,64,27,29,31,23,101,50,26"/><U135/><E105/><V12/><F121/><W19/><G115/><T66/><D106/><U79/><E135/><V123/><F123/><W40/><G133/><T0/><D18/><U128/><E128/><V102/><F39/><W134/><G129/><T98/><D98/><U16/><E100/><V17/><F102/><W53/><G134/><T24/><D90/><U69/><E4/><V48/><F78/><W36/><G64/><T60/><D24/><U104/><E104/><V85/><F131/><W10/><G111/><T52/><D83/><U32/><E32/><V15/><F127/><W6/><G40/><T13/><D74/><U28/><E28/><V109/><F109/><W94/><G36/><T80/><D80/><U84/><E108/><V130/><F62/><W81/><G81/><T58/><D13/><U47/><E84/><V124/><F124/><W126/><G126/><T37/><D8/><U54/><E79/><V96/><F96/><N who="3" m="59543" /><G26/><T82/><D0/><U55/><E75/><V122/><F122/><W9/><G107/><T22/><D82/><U97/><E73/><V43/><F130/><W114/><G114/><T92/><D92/><U125/><E97/><V21/><F33/><W132/><G132/><T77/><D77/><U110/><E125/><V42/><F42/><W25/><G6/><T7/><D7/><U86/><E86/><V120/><F120/><W113/><G113/><T45/><D37/><U88/><E110/><V2/><F117/><W51/><G27/><T65/><D22/><U5/><E5/><V59/><F116/><W34/><G34/><RYUUKYOKU ba="0,0" sc="190,30,370,-10,220,-10,220,-10" hai0="38,41,45,52,56,57,58,60,63,65,66,70,71" /><INIT seed="2,1,0,0,1,68" ten="220,360,210,210" oya="2" hai0="114,43,78,26,125,23,111,58,35,52,3,30,9" hai1="115,88,57,20,7,14,121,105,63,27,128,0,41" hai2="101,56,82,22,126,127,73,64,72,34,134,39,83" hai3="104,77,120,106,54,40,71,17,59,107,103,132,87"/><V4/><F34/><W51/><G120/><T67/><D114/><U100/><E115/><V85/><F101/><W99/><G71/><T131/><D125/><N who="2" m="47626" /><F134/><W80/><G132/><T44/><D131/><U98/><E128/><V65/><F4/><W48/><G40/><T118/><D67/><N who="2" m="25674" /><F56/><W1/><G1/><T93/><D35/><U92/><E121/><V112/><F112/><W94/><G17/><T47/><D58/><U66/><E0/><V29/><F39/><W130/><G130/><T2/><D2/><U74/><E74/><N who="2" m="28779" /><F85/><W76/><G77/><T36/><D78/><U55/><E41/><V62/><F62/><W16/><G51/><T117/><D3/><U70/><E70/><V122/><F122/><W110/><G110/><T37/><D9/><U25/><E66/><V50/><F50/><W124/><G124/><T129/><D111/><U135/><E135/><V86/><F86/><W113/><G113/><T13/><D129/><U18/><E7/><V10/><F10/><W75/><REACH who="3" step="1"/><G16/><REACH who="3" ten="220,360,210,200" step="2"/><T109/><D109/><U45/><E18/><V84/><F84/><AGARI ba="1,1" hai="48,54,59,75,76,80,84,87,94,99,103,104,106,107" machi="84" ten="40,5200,0" yaku="1,1,2,1,53,1" doraHai="68" doraHaiUra="97" who="3" fromWho="2" sc="220,0,360,0,210,-55,200,65" /><INIT seed="3,0,0,1,2,122" ten="220,360,155,265" oya="3" hai0="84,90,134,24,115,92,26,120,113,128,89,102,91" hai1="38,53,76,17,106,40,35,73,52,86,2,18,78" hai2="57,54,104,4,65,12,99,117,44,83,51,27,36" hai3="125,88,58,71,29,15,25,20,131,8,1,63,82"/><W103/><G131/><T45/><D120/><U97/><E73/><V69/><F117/><W85/><G71/><T19/><D128/><U67/><E2/><V132/><F132/><W105/><G1/><T98/><D134/><U130/><E35/><V48/><F83/><W112/><G125/><T66/><D66/><U123/><E123/><V9/><F36/><W94/><G105/><T114/><D19/><U127/><E130/><V32/><F69/><W5/><G112/><T133/><D133/><U14/><E127/><V75/><F75/><W16/><G103/><T13/><D13/><U61/><E106/><V111/><F65/><N who="3" m="39159" /><G82/><T56/><D56/><N who="1" m="37287" /><E38/><V33/><F27/><N who="0" m="10282" /><D45/><U42/><E97/><V11/><F11/><W79/><G79/><N who="1" m="30250" /><E86/><AGARI ba="0,0" hai="84,86,89,90,91,92,98,102,113,114,115" m="10282" machi="86" ten="40,1300,0" yaku="11,1" doraHai="122" who="0" fromWho="1" sc="220,13,360,-13,155,0,265,0" /><INIT seed="4,0,0,3,0,44" ten="233,347,155,265" oya="0" hai0="134,65,71,127,46,97,116,54,86,49,101,40,55" hai1="94,76,7,41,90,30,91,13,100,11,16,135,110" hai2="21,48,62,5,109,114,88,51,56,27,26,63,132" hai3="120,92,126,85,103,79,34,8,111,50,35,89,115"/><T17/><D116/><U2/><E110/><V123/><F109/><W95/><G111/><T0/><D127/><U106/><E135/><V68/><F123/><W104/><G120/><T129/><D134/><U15/><E106/><V74/><F74/><W53/><G104/><T4/><D129/><U121/><E121/><V64/><F132/><W18/><G126/><T69/><D4/><U122/><E2/><V32/><F5/><W43/><G43/><T61/><D0/><U108/><E122/><V9/><F9/><W29/><G79/><T52/><D86/><U128/><E108/><V75/><F75/><W47/><G29/><T87/><D87/><U77/><E128/><V72/><F72/><W22/><G8/><T28/><D28/><U12/><E30/><V31/><F114/><W133/><G115/><T102/><D71/><U82/><E41/><V80/><F27/><W25/><REACH who="3" step="1"/><G133/><REACH who="3" ten="233,347,155,255" step="2"/><T112/><D112/><U33/><E77/><V78/><F32/><W73/><G73/><T96/><REACH who="0" step="1"/><D17/><REACH who="0" ten="223,347,155,255" step="2"/><U19/><E16/><V23/><F31/><W14/><G14/><T107/><D107/><U117/><E19/><V83/><F26/><W42/><G42/><T37/><D37/><U10/><E15/><V6/><F6/><W93/><G93/><T20/><D20/><U3/><E13/><V84/><F23/><W130/><G130/><T67/><D67/><U118/><E12/><V39/><F21/><W119/><G119/><T81/><D81/><U60/><E118/><V98/><F39/><W105/><G105/><T113/><D113/><U45/><E117/><RYUUKYOKU ba="0,2" sc="223,15,347,-15,155,-15,255,15" hai0="40,46,49,52,54,55,61,65,69,96,97,101,102" hai3="18,22,25,34,35,47,50,53,85,89,92,95,103" /><INIT seed="4,1,2,2,4,3" ten="238,332,140,270" oya="0" hai0="31,42,124,95,96,109,34,130,93,89,88,46,45" hai1="114,0,32,91,80,35,132,116,90,105,64,55,129" hai2="110,112,133,57,56,119,81,118,68,40,74,23,20" hai3="123,111,125,92,53,50,26,128,51,113,18,76,94"/><T106/><D124/><U8/><E116/><N who="2" m="44587" /><F68/><W14/><G111/><T44/><D130/><U100/><E129/><V2/><F110/><W36/><G128/><T21/><D109/><U103/><E132/><V69/><F69/><W48/><G36/><T12/><D106/><U77/><E114/><V87/><F133/><W78/><G113/><T104/><D104/><U22/><E64/><V7/><F112/><W60/><G123/><T58/><D58/><N who="2" m="22634" /><F74/><W49/><G60/><T84/><D34/><U120/><E120/><V86/><F40/><W79/><G26/><N who="0" m="16847" /><D42/><U11/><E32/><V61/><F61/><W102/><G102/><T52/><D12/><U108/><E103/><V4/><F87/><W29/><G29/><T1/><D1/><U16/><E100/><V39/><F39/><W98/><G125/><T5/><D5/><N who="2" m="2122" /><F2/><W30/><G48/><AGARI ba="1,2" hai="44,45,46,48,52,84,88,89,93,95,96" m="16847" machi="48" ten="30,5800,0" yaku="8,1,54,2" doraHai="3" who="0" fromWho="3" sc="238,81,332,0,140,0,270,-61" /><INIT seed="4,2,0,0,3,80" ten="319,332,140,209" oya="0" hai0="121,39,41,20,55,97,60,74,50,4,109,122,44" hai1="28,6,47,51,17,68,135,128,10,95,26,110,87" hai2="76,116,88,14,23,58,115,98,84,0,57,56,34" hai3="48,27,37,67,8,35,11,124,107,96,45,18,71"/><T79/><D4/><U102/><E110/><V13/><F0/><W54/><G37/><T126/><D97/><U81/><E68/><V2/><F2/><W65/><G124/><T112/><D20/><U31/><E135/><V1/><F1/><W125/><G71/><T105/><D105/><U118/><E118/><V130/><F34/><W15/><G125/><T24/><D24/><U89/><E128/><V127/><F127/><W103/><REACH who="3" step="1"/><G11/><REACH who="3" ten="319,332,140,199" step="2"/><T85/><D126/><U36/><E10/><V52/><F116/><W38/><G38/><T72/><D39/><U30/><E36/><V77/><F130/><W100/><G100/><T78/><D109/><U83/><E102/><V25/><F115/><W12/><G12/><N who="2" m="4713" /><F98/><W119/><G119/><T59/><D112/><U133/><E133/><V120/><F120/><W61/><G61/><T22/><D122/><U33/><E33/><V91/><F23/><W43/><G43/><T82/><D121/><U42/><E6/><V9/><F9/><W94/><G94/><T117/><D117/><U113/><E113/><V106/><F106/><W108/><G108/><T123/><D123/><U69/><E69/><V104/><F104/><W16/><G16/><T86/><D22/><AGARI ba="2,1" hai="17,22,26,28,30,31,42,47,51,81,83,87,89,95" machi="22" ten="40,2600,0" yaku="8,1,52,1" doraHai="80" who="1" fromWho="0" sc="319,-32,332,42,140,0,199,0" /><INIT seed="5,0,0,3,2,58" ten="287,374,140,199" oya="1" hai0="68,55,66,119,20,135,83,21,106,63,73,99,57" hai1="56,85,129,90,26,86,27,103,46,132,70,131,128" hai2="44,94,52,93,115,133,40,5,4,3,91,6,30" hai3="81,2,71,130,92,1,24,18,28,43,50,110,98"/><U80/><E70/><V54/><F3/><W82/><G110/><T95/><D106/><U62/><E132/><V97/><F133/><W53/><G71/><T120/><D119/><U42/><E103/><V64/><F30/><W51/><G2/><T48/><D135/><U36/><REACH who="1" step="1"/><E86/><REACH who="1" ten="287,364,140,199" step="2"/><V61/><F115/><W126/><G126/><T41/><D68/><U39/><E39/><V96/><F96/><W111/><G98/><T23/><D120/><U67/><AGARI ba="0,1" hai="26,27,36,42,46,56,62,67,80,85,90,128,129,131" machi="67" ten="30,12000,1" yaku="1,1,0,1,19,1,52,1,53,1" doraHai="58" doraHaiUra="38" who="1" fromWho="1" sc="287,-40,364,130,140,-40,199,-40" /><INIT seed="5,1,0,2,2,87" ten="247,494,100,159" oya="1" hai0="89,94,131,57,101,135,82,0,30,130,111,48,107" hai1="69,51,45,18,97,83,76,80,85,2,10,134,59" hai2="113,14,12,117,29,100,61,9,129,90,21,67,78" hai3="46,16,116,26,55,75,102,79,52,27,110,50,53"/><U106/><E69/><V42/><F117/><W32/><G110/><T127/><D0/><U64/><E134/><V125/><F125/><W7/><G116/><T25/><D111/><U124/><E124/><V73/><F42/><N who="3" m="24919" /><G75/><T119/><D119/><U74/><E106/><V54/><F100/><W15/><G32/><T81/><D127/><U22/><E97/><V13/><F129/><N who="0" m="49162" /><D135/><U31/><E2/><V3/><F3/><W92/><G7/><T93/><D107/><U70/><E70/><V91/><F113/><W1/><G79/><T63/><D48/><U84/><E10/><V37/><F37/><W11/><G1/><T77/><D101/><U20/><E31/><V99/><F73/><W66/><G66/><N who="0" m="39279" /><D77/><U47/><E74/><V126/><F78/><W35/><G35/><N who="0" m="20943" /><D94/><U121/><E121/><V41/><F126/><W114/><G114/><T17/><D17/><U88/><E18/><V68/><F29/><W58/><G58/><T132/><D132/><U33/><E33/><V109/><F109/><W34/><G34/><T105/><D105/><U8/><E8/><V122/><F9/><W43/><G43/><T5/><D5/><U19/><E19/><V65/><F21/><N who="1" m="8297" /><E51/><V39/><F122/><W36/><G36/><T62/><D62/><AGARI ba="1,0" hai="45,47,59,62,64,76,80,83,84,85,88" m="8297" machi="62" ten="30,5800,0" yaku="8,1,52,1,54,1" doraHai="87" who="1" fromWho="0" sc="247,-61,494,61,100,0,159,0" /><INIT seed="5,2,0,4,4,86" ten="186,555,100,159" oya="1" hai0="48,1,40,62,87,77,135,103,32,124,85,55,38" hai1="52,107,76,18,92,69,128,105,72,90,37,60,67" hai2="27,80,83,9,39,0,58,26,131,56,17,94,51" hai3="95,35,134,45,19,12,96,91,44,112,126,79,33"/><U4/><E37/><V7/><F39/><W101/><G112/><T34/><D85/><U100/><E100/><V102/><F131/><W104/><G134/><T28/><D103/><U15/><E128/><V108/><F108/><W116/><G126/><T8/><D62/><U106/><E4/><V123/><F123/><W20/><G79/><T61/><D61/><U53/><E76/><V109/><F109/><W121/><G121/><T42/><D38/><U127/><E72/><V24/><F17/><W125/><G125/><T30/><D34/><U64/><E67/><V46/><F58/><W59/><G116/><T113/><D28/><U78/><E78/><V75/><F75/><W93/><G59/><T16/><D1/><U115/><E115/><V117/><F56/><W13/><G13/><N who="0" m="7207" /><D135/><U118/><E118/><V49/><F117/><W68/><G68/><T65/><D65/><U120/><E120/><V129/><F129/><W70/><G70/><T114/><D124/><U21/><REACH who="1" step="1"/><E127/><REACH who="1" ten="186,545,100,159" step="2"/><V41/><F102/><W54/><G104/><T82/><D114/><U88/><E88/><V6/><F6/><W57/><G91/><T47/><D113/><U122/><E122/><V84/><F7/><W50/><G101/><T111/><D111/><U73/><E73/><V110/><F110/><W132/><G132/><T36/><D36/><U10/><E10/><V43/><F9/><W25/><G35/><T81/><D32/><U11/><E11/><V23/><F23/><W14/><G20/><T31/><D77/><U29/><E29/><V2/><F2/><W22/><G33/><RYUUKYOKU ba="2,1" sc="186,-10,545,30,100,-10,159,-10" hai1="15,18,21,52,53,60,64,69,90,92,105,106,107" /><INIT seed="5,3,1,5,4,77" ten="176,575,90,149" oya="1" hai0="63,116,80,64,129,101,130,1,115,39,23,16,69" hai1="38,92,102,56,22,19,59,10,73,20,88,71,48" hai2="103,65,135,61,31,97,9,47,4,21,15,17,110" hai3="7,125,13,86,107,84,52,134,112,72,76,54,26"/><U70/><E38/><V53/><F110/><W51/><G112/><T96/><D1/><U32/><E73/><V33/><F135/><W55/><G107/><T78/><D39/><U34/><E102/><V66/><F33/><W42/><G125/><T27/><D116/><U123/><E123/><V126/><F31/><W3/><G3/><T122/><D115/><U11/><E48/><N who="2" m="28831" /><F126/><W0/><G134/><T37/><D37/><U50/><E50/><V99/><F103/><W106/><G0/><T8/><D8/><U89/><REACH who="1" step="1"/><E92/><REACH who="1" ten="176,565,90,149" step="2"/><V133/><F133/><W131/><G51/><T132/><D122/><U29/><E29/><V68/><F68/><W14/><G72/><T119/><D132/><U93/><E93/><V5/><F61/><W87/><G106/><T24/><D69/><U108/><E108/><V91/><F91/><W124/><G124/><T74/><D63/><U79/><E79/><V12/><F5/><W6/><G76/><T94/><D78/><U121/><E121/><V100/><F100/><W118/><G118/><T35/><D101/><U45/><E45/><V114/><F114/><W49/><G49/><T104/><D104/><U105/><E105/><V41/><F41/><W117/><G42/><T46/><D46/><U75/><E75/><V120/><F120/><W109/><G117/><T113/><D74/><U67/><E67/><AGARI ba="3,2" hai="4,9,12,15,17,21,65,66,67,97,99" m="28831" machi="67" ten="30,1000,0" yaku="8,1" doraHai="77" who="2" fromWho="1" sc="176,0,565,-19,90,39,149,0" /><INIT seed="6,0,0,0,0,11" ten="176,546,129,149" oya="2" hai0="87,52,125,38,89,36,67,93,31,64,13,112,80" hai1="84,26,79,21,15,70,10,56,96,97,33,90,61" hai2="131,18,43,7,71,103,37,102,120,86,95,58,75" hai3="69,50,42,111,118,135,82,63,76,3,94,55,30"/><V134/><F120/><W91/><G111/><T116/><D38/><U19/><E33/><V28/><F71/><W65/><G3/><T110/><D36/><U54/><E79/><V115/><F75/><W104/><G135/><T132/><D110/><U62/><E70/><V72/><F72/><W29/><G104/><T22/><D132/><U39/><E39/><V5/><F134/><W123/><G123/><T49/><D116/><U105/><E105/><V41/><F28/><W128/><G128/><T4/><D125/><U124/><E62/><V119/><F119/><W74/><G42/><N who="2" m="15881" /><F37/><W122/><G118/><T17/><D112/><U20/><E124/><V51/><F131/><W113/><G113/><T59/><D4/><N who="2" m="1610" /><F115/><W34/><G34/><T60/><D31/><N who="1" m="17863" /><E21/><V88/><F18/><W32/><G32/><T98/><D60/><U25/><E25/><V99/><F99/><W130/><G130/><T14/><D14/><U48/><E61/><V107/><F107/><W23/><G23/><T44/><D98/><U85/><E85/><V12/><F12/><W35/><G35/><T47/><D67/><U129/><E129/><V68/><F68/><W45/><G122/><T126/><D64/><U24/><E24/><V133/><F133/><W121/><G121/><T66/><D66/><U117/><E117/><V101/><F51/><W46/><G46/><N who="0" m="17451" /><D126/><U78/><E97/><AGARI ba="0,0" hai="29,30,45,50,55,63,65,69,74,76,82,91,94,97" machi="97" ten="30,1000,0" yaku="7,1" doraHai="11" who="3" fromWho="1" sc="176,0,546,-10,129,0,149,10" /><INIT seed="7,0,0,3,3,125" ten="176,536,129,159" oya="3" hai0="47,8,110,50,100,7,87,38,36,77,133,95,88" hai1="49,65,19,86,6,134,21,46,9,118,41,10,127" hai2="112,102,1,120,123,85,33,114,67,56,2,57,89" hai3="116,17,71,106,111,79,73,43,94,63,52,115,20"/><W45/><G115/><N who="2" m="44073" /><F33/><W131/><G106/><T80/><D100/><U12/><E127/><V128/><F102/><W117/><G111/><T105/><D133/><U26/><E134/><V0/><F128/><W3/><G131/><T44/><D44/><U40/><E118/><V97/><F97/><W58/><G3/><N who="2" m="769" /><V51/><DORA hai="28" /><F67/><W22/><G71/><T93/><D105/><U68/><E68/><V104/><F104/><W101/><G79/><T126/><D126/><U92/><E65/><V32/><F32/><W59/><G73/><T76/><D110/><U119/><E119/><V25/><F25/><N who="3" m="14479" /><G117/><T31/><D77/><U108/><E108/><V83/><F51/><N who="3" m="27071" /><G116/><T91/><D76/><U78/><E10/><V23/><F23/><W81/><G22/><T30/><D50/><U11/><E11/><V42/><F42/><W4/><G4/><T129/><D7/><U103/><E41/><V53/><F53/><W90/><G101/><T96/><D129/><U18/><E6/><V109/><F109/><W75/><G75/><T5/><D5/><U27/><E78/><V14/><F14/><W130/><G130/><T61/><D8/><U15/><E103/><V66/><F66/><W16/><G16/><T98/><D98/><U84/><E84/><V62/><F62/><W37/><G37/><N who="0" m="14443" /><D61/><U29/><E29/><V132/><F132/><W24/><G24/><T70/><D30/><U60/><E60/><V13/><F13/><W64/><G81/><T135/><D31/><U82/><E82/><V39/><F39/><W122/><G122/><AGARI ba="0,0" hai="56,57,83,85,89,120,122,123" m="769,44073" machi="122" ten="50,3200,0" yaku="13,1,15,1" doraHai="125,28" who="2" fromWho="3" sc="176,0,536,0,129,32,159,-32" owari="176,-2.0,536,63.0,161,-24.0,127,-37.0" /></mjloggm>