<mjloggm ver="2.3"><GO type="169" lobby="0"/><UN n0="%E3%83%88%E3%83%88%E3%83%AA%E5%85%88%E7%94%9F%31%39%E6%AD%B3" n1="%E5%A4%96%E9%81%93" n2="%63%79%62%65%72%E9%9B%80%E3%82%B4%E3%83%AD" n3="%74%61%72%6F%6F" dan="18,17,16,18" rate="2189.47,2160.60,2124.57,2167.88" sx="F,M,M,M"/><TAIKYOKU oya="0"/><INIT seed="0,0,0,3,1,11" ten="250,250,250,250" oya="0" hai0="20,13,64,123,102,84,4,114,85,1,71,32,80" hai1="57,135,133,56,83,38,110,113,62,28,126,47,17" hai2="129,73,130,97,45,119,79,60,37,65,94,86,15" hai3="89,112,8,52,66,53,115,24,54,121,41,19,108"/><T30/><D114/><U61/><E110/><V34/><F34/><W31/><G108/><T9/><D123/><U0/><E113/><V122/><F122/><W12/><G121/><T77/><D102/><U132/><E126/><V101/><F119/><W14/><G66/><T68/><D64/><U49/><E0/><V88/><F45/><W23/><G41/><T99/><D99/><U42/><E28/><V75/><F37/><W21/><REACH who="3" step="1"/><G89/><REACH who="3" ten="250,250,250,240" step="2"/><T70/><D70/><U128/><E128/><V106/><F129/><W59/><G59/><T74/><D68/><U27/><E57/><V87/><F130/><W51/><G51/><T82/><D71/><U58/><E58/><V109/><F109/><W2/><G2/><T105/><D105/><U35/><E56/><V55/><F55/><W125/><G125/><T63/><D63/><U81/><E49/><V36/><F36/><W91/><G91/><T104/><D104/><U111/><E111/><V127/><F127/><W116/><G116/><T44/><D44/><U93/><E62/><V69/><F79/><W118/><G118/><T117/><D117/><U90/><E61/><V16/><REACH who="2" step="1"/><F86/><REACH who="2" ten="250,250,240,240" step="2"/><W72/><G72/><T18/><D74/><U50/><E38/><V124/><F124/><W96/><G96/><T48/><D48/><U43/><E43/><V78/><F78/><W6/><AGARI ba="0,2" hai="6,8,12,14,19,21,23,24,31,52,53,54,112,115" machi="6" ten="30,8000,1" yaku="1,1,0,1,52,2,54,1,53,0" doraHai="11" doraHaiUra="40" who="3" fromWho="3" sc="250,-40,250,-20,240,-20,240,100" /><INIT seed="1,0,0,2,3,124" ten="210,230,220,340" oya="1" hai0="134,83,51,29,92,88,60,13,42,52,67,20,71" hai1="28,45,10,15,122,37,116,105,81,61,85,94,54" hai2="121,135,14,118,38,1,91,3,77,132,50,30,65" hai3="48,123,56,89,35,9,11,58,21,7,23,68,27"/><U44/><E105/><V108/><F38/><W120/><G68/><T130/><D134/><U127/><E116/><V97/><F65/><W25/><G35/><T69/><D130/><U110/><E122/><V115/><F77/><W36/><G36/><T26/><D42/><U18/><E127/><V128/><F50/><W19/><G89/><T8/><D83/><U72/><E72/><V96/><F121/><W49/><G7/><T59/><D8/><U78/><E28/><V95/><F118/><W103/><G19/><T75/><D75/><U111/><E94/><V4/><F30/><W74/><G74/><T133/><D13/><U24/><E24/><V80/><F80/><W40/><G103/><T113/><D133/><N who="2" m="51274" /><F115/><W104/><G104/><T114/><REACH who="0" step="1"/><D71/><REACH who="0" ten="200,230,220,340" step="2"/><U70/><E37/><V55/><F3/><W41/><AGARI ba="0,1" hai="9,11,21,23,25,27,40,41,48,49,56,58,120,123" machi="41" ten="25,3200,0" yaku="0,1,22,2" doraHai="124" who="3" fromWho="3" sc="200,-8,230,-16,220,-8,340,42" /><INIT seed="2,0,0,1,0,29" ten="192,214,212,382" oya="2" hai0="26,23,69,16,75,8,61,19,40,43,0,72,80" hai1="33,123,27,30,96,135,21,65,94,49,112,59,117" hai2="18,37,92,87,45,66,118,64,56,121,133,113,122" hai3="31,14,34,15,5,42,58,129,108,71,44,95,131"/><V1/><F118/><W63/><G108/><T3/><D69/><U115/><E117/><V32/><F113/><W81/><G71/><T70/><D70/><U48/><E135/><V12/><F1/><W41/><G81/><T100/><D61/><U90/><E123/><V104/><F104/><W124/><G124/><T101/><D80/><U11/><E11/><V9/><F133/><W68/><G68/><T55/><D8/><U106/><E106/><V17/><F17/><W126/><G5/><T82/><D82/><U24/><E48/><V50/><F37/><W62/><G95/><T119/><D119/><U116/><E116/><V103/><F32/><W53/><G34/><T51/><D51/><U132/><E132/><V88/><F103/><W54/><G31/><T6/><D55/><U102/><E90/><V10/><F10/><W77/><G77/><T46/><D46/><U52/><E65/><V25/><F25/><W91/><G91/><T67/><D26/><U85/><E85/><V35/><F35/><W13/><G126/><T22/><REACH who="0" step="1"/><D6/><REACH who="0" ten="182,214,212,382" step="2"/><U134/><E134/><V73/><F73/><W76/><G44/><T20/><D20/><U99/><E24/><V128/><F121/><W86/><G54/><T107/><D107/><N who="1" m="63943" /><E21/><V109/><F122/><W83/><G62/><T110/><D110/><U38/><E38/><V130/><F109/><W93/><G93/><T78/><D78/><U114/><E114/><V89/><F89/><W60/><G60/><T36/><D36/><U127/><E127/><V105/><F105/><W84/><G76/><T57/><D57/><RYUUKYOKU ba="0,1" sc="182,15,214,15,212,-15,382,-15" hai0="0,3,16,19,22,23,40,43,67,72,75,100,101" hai1="27,30,33,49,52,59,94,99,112,115" /><INIT seed="3,1,1,5,2,109" ten="197,229,197,367" oya="3" hai0="27,105,6,98,128,21,104,64,83,116,16,17,3" hai1="13,10,90,22,52,108,35,131,45,9,77,25,87" hai2="53,15,46,12,62,119,114,65,80,133,93,54,43" hai3="68,50,57,40,110,74,1,51,95,31,129,23,125"/><W99/><G68/><T102/><D116/><U59/><E108/><V82/><F119/><W5/><G74/><T75/><D128/><U49/><E131/><V14/><F133/><W37/><G129/><T34/><D34/><U60/><E35/><V121/><F93/><W55/><G125/><T127/><D127/><U41/><E13/><V56/><F121/><W120/><G120/><T118/><D118/><U123/><E77/><V36/><F114/><W58/><G37/><T81/><D104/><U103/><E103/><V94/><F94/><W101/><G1/><T122/><D122/><U130/><E130/><V72/><F72/><W39/><G39/><T73/><D73/><U97/><E97/><V71/><REACH who="2" step="1"/><F54/><REACH who="2" ten="197,229,187,367" step="2"/><N who="3" m="31959" /><G110/><T66/><D66/><BYE who="0" /><U107/><E107/><V63/><AGARI ba="1,2" hai="12,14,15,36,43,46,53,56,62,63,65,71,80,82" machi="63" ten="30,2000,0" yaku="1,1,0,1,53,0" doraHai="109" doraHaiUra="126" who="2" fromWho="2" sc="197,-6,229,-6,187,43,367,-11" /><INIT seed="4,0,0,4,4,33" ten="191,223,230,356" oya="0" hai0="49,7,14,75,29,98,126,88,73,111,112,78,106" hai1="115,64,3,34,118,74,55,67,61,4,134,133,37" hai2="86,129,58,69,97,22,6,130,63,53,46,60,101" hai3="131,132,1,42,15,110,24,59,13,32,56,23,12"/><T19/><D19/><U26/><E118/><V68/><F22/><W127/><G110/><T90/><D90/><U103/><E74/><UN n0="%E3%83%88%E3%83%88%E3%83%AA%E5%85%88%E7%94%9F%31%39%E6%AD%B3" /><V117/><F86/><W11/><G127/><T10/><D126/><U9/><E37/><V109/><F6/><N who="3" m="1487" /><G42/><T48/><D111/><U71/><E67/><V113/><F109/><W44/><G44/><T96/><D112/><U85/><E55/><V72/><F72/><W17/><G131/><N who="2" m="50185" /><F113/><W125/><G132/><N who="1" m="50794" /><E115/><V25/><F25/><W114/><G125/><T28/><D75/><U31/><E85/><V45/><F117/><W39/><G39/><T21/><D106/><U66/><E66/><N who="2" m="41055" /><F69/><W8/><G114/><T119/><D119/><U0/><E103/><V43/><F43/><W27/><G27/><T116/><D116/><U102/><E102/><V128/><N who="2" m="50193" /><V41/><DORA hai="36" /><F41/><W76/><G76/><T77/><D73/><U121/><E121/><V2/><F2/><AGARI ba="0,0" hai="0,2,3,4,9,26,31,34,61,64,71" m="50794" machi="2" ten="30,8000,1" yaku="20,1,23,1,52,3" doraHai="33,36" who="1" fromWho="2" sc="191,0,223,80,230,-80,356,0" /><INIT seed="5,0,0,2,5,25" ten="191,303,150,356" oya="1" hai0="115,81,66,30,88,86,107,113,23,42,73,13,62" hai1="51,5,31,19,8,132,63,27,130,116,32,56,123" hai2="35,14,124,26,85,58,98,100,92,64,134,76,2" hai3="103,89,11,72,15,83,90,44,96,91,10,77,3"/><U129/><E116/><V20/><F2/><W101/><G3/><T24/><D107/><U108/><E123/><V135/><F124/><W67/><G67/><T57/><D73/><U71/><E132/><N who="2" m="50731" /><F14/><W39/><G10/><T119/><D119/><U111/><E19/><N who="2" m="12575" /><F35/><W46/><G39/><T29/><D42/><U47/><E71/><V131/><F131/><N who="1" m="50185" /><E63/><N who="2" m="38007" /><F85/><N who="3" m="48367" /><G96/><T21/><D13/><N who="1" m="5263" /><E56/><V80/><F80/><W52/><G72/><T110/><D110/><U84/><E84/><V118/><F76/><W41/><G41/><AGARI ba="0,0" hai="27,31,32,41,47,51,108,111" m="5263,50185" machi="41" ten="30,2900,0" yaku="19,1,52,1" doraHai="25" who="1" fromWho="3" sc="191,0,303,29,150,0,356,-29" /><INIT seed="5,1,0,4,5,112" ten="191,332,150,327" oya="1" hai0="82,103,25,122,97,88,127,48,19,16,117,70,120" hai1="33,40,81,124,47,126,75,133,27,51,125,114,87" hai2="111,76,1,73,62,132,61,57,100,92,74,131,6" hai3="63,38,106,130,8,69,20,134,79,7,2,11,55"/><U45/><E114/><V24/><F111/><W22/><G106/><T50/><D70/><U90/><E133/><V53/><F132/><W46/><G130/><T121/><D117/><U95/><E45/><V107/><F131/><W15/><G134/><T41/><D127/><U28/><REACH who="1" step="1"/><E75/><REACH who="1" ten="191,322,150,327" step="2"/><V110/><F110/><W84/><G46/><T30/><D120/><U109/><E109/><V64/><F74/><W0/><G38/><T4/><D121/><U128/><E128/><V56/><F73/><W35/><G0/><T66/><D122/><U102/><E102/><V116/><F116/><W101/><G101/><T34/><D103/><U115/><E115/><V59/><F107/><W37/><G37/><T12/><D41/><U31/><E31/><V80/><F100/><W77/><G2/><T104/><D104/><U23/><E23/><V91/><F1/><W5/><G20/><T98/><D30/><U17/><E17/><V78/><F6/><W68/><G22/><N who="0" m="13511" /><D4/><U65/><E65/><V10/><F10/><W119/><G8/><T21/><D66/><U93/><AGARI ba="1,1" hai="27,28,33,40,47,51,81,87,90,93,95,124,125,126" machi="93" ten="40,7800,0" yaku="1,1,0,1,18,1,53,0" doraHai="112" doraHaiUra="18" who="1" fromWho="1" sc="191,-27,322,91,150,-27,327,-27" /><INIT seed="5,2,0,1,4,106" ten="164,413,123,300" oya="1" hai0="47,33,128,86,65,14,95,52,82,38,53,88,42" hai1="67,84,127,99,81,44,85,50,80,71,120,10,113" hai2="7,31,97,104,6,20,59,8,91,105,12,32,60" hai3="124,96,123,90,112,75,109,30,79,51,77,56,2"/><U36/><E120/><V78/><F78/><W41/><G2/><T108/><D108/><U16/><E36/><V46/><F7/><W122/><G30/><T40/><D33/><U11/><E113/><V17/><F46/><W83/><G109/><T45/><D128/><U43/><E127/><V21/><F21/><W73/><G41/><T35/><D35/><U69/><E99/><V57/><F57/><W19/><G19/><T126/><D126/><U72/><E72/><N who="3" m="27722" /><G51/><T3/><D3/><U121/><E121/><N who="3" m="46090" /><G56/><T61/><D82/><U25/><E69/><V119/><F119/><W24/><G24/><T70/><D14/><U4/><E67/><V74/><F74/><N who="3" m="43447" /><G124/><T9/><D9/><U93/><E71/><V55/><F31/><W118/><G79/><T54/><D54/><U48/><E44/><V5/><F5/><W1/><G1/><T22/><D22/><U135/><E25/><N who="2" m="14479" /><F32/><W103/><G112/><T49/><AGARI ba="2,0" hai="38,40,42,45,47,49,52,53,61,65,70,86,88,95" machi="49" ten="20,5200,0" yaku="0,1,7,1,54,2" doraHai="106" who="0" fromWho="0" sc="164,58,413,-28,123,-15,300,-15" /><INIT seed="6,0,0,5,2,31" ten="222,385,108,285" oya="2" hai0="2,98,67,80,76,8,134,128,70,88,118,82,124" hai1="29,92,102,15,33,19,71,93,79,1,87,127,120" hai2="45,126,90,83,39,57,24,14,103,36,130,74,81" hai3="107,75,135,112,23,104,113,17,10,133,60,52,50"/><V111/><F103/><W115/><G75/><T59/><D70/><U9/><E71/><V110/><F57/><N who="3" m="32919" /><G10/><T6/><D128/><U63/><E63/><V121/><F121/><W86/><G86/><T13/><D134/><N who="3" m="51209" /><G60/><N who="0" m="38303" /><D2/><U68/><E68/><V42/><F130/><W51/><G51/><T123/><D124/><U64/><E64/><V132/><F126/><W3/><G3/><T48/><D123/><U43/><E43/><V106/><F106/><W53/><G53/><T11/><D118/><U32/><E127/><V22/><F132/><W99/><G99/><T4/><D76/><U78/><E1/><V25/><F39/><W0/><G0/><T37/><D37/><U56/><E120/><V12/><F81/><W58/><G58/><T109/><D109/><N who="2" m="41482" /><F25/><AGARI ba="0,0" hai="17,23,25,104,107,112,113,115" m="51209,32919" machi="25" ten="40,8000,1" yaku="15,1,11,1,20,1,54,1" doraHai="31" who="3" fromWho="2" sc="222,0,385,0,108,-80,285,80" /><INIT seed="7,0,0,5,2,22" ten="222,385,28,365" oya="3" hai0="7,24,117,67,13,83,130,100,102,69,91,3,23" hai1="38,1,76,9,51,46,120,10,32,112,71,79,36" hai2="94,49,86,115,127,6,50,60,41,64,0,89,19" hai3="8,125,27,88,133,74,45,135,58,42,82,54,95"/><W2/><G125/><T87/><D117/><U134/><E71/><V110/><F110/><W123/><G123/><T99/><D3/><U73/><E120/><V70/><F127/><W15/><G2/><T55/><D130/><U116/><E32/><V14/><F115/><W56/><G27/><T90/><D69/><U26/><E26/><V4/><F41/><W62/><G58/><T106/><D67/><U44/><E112/><V53/><F50/><N who="3" m="26935" /><G74/><T43/><D43/><U108/><E108/><V29/><F29/><W68/><G68/><T21/><D21/><U84/><E1/><V132/><F0/><W37/><G37/><T31/><D106/><U20/><E73/><V16/><F19/><N who="3" m="8679" /><G82/><T96/><D13/><U28/><E28/><V93/><F132/><N who="3" m="50763" /><G95/><T72/><D7/><U81/><E134/><V128/><F94/><W104/><G104/><T25/><D72/><U33/><E33/><V107/><F107/><W77/><G77/><T114/><D114/><U40/><E116/><V122/><F122/><W85/><G85/><T63/><D25/><U78/><E20/><N who="2" m="11287" /><F128/><W126/><G126/><T48/><D63/><U11/><REACH who="1" step="1"/><E44/><REACH who="1" ten="222,375,28,365" step="2"/><V17/><F17/><W119/><G119/><T92/><REACH who="0" step="1"/><D99/><REACH who="0" ten="212,375,28,365" step="2"/><U111/><E111/><V118/><F118/><W35/><G35/><T98/><D98/><U59/><E59/><AGARI ba="0,2" hai="4,6,49,53,59,60,64,70,86,89,93" m="11287" machi="59" ten="30,2000,0" yaku="25,1,54,1" doraHai="22" who="2" fromWho="1" sc="212,0,375,-20,28,40,365,0" /><AGARI ba="0,0" hai="23,24,31,48,55,59,83,87,90,91,92,96,100,102" machi="59" ten="30,7700,0" yaku="1,1,7,1,8,1,52,1,53,0" doraHai="22" doraHaiUra="65" who="0" fromWho="1" sc="212,77,355,-77,68,0,365,0" owari="289,9.0,278,-12.0,68,-43.0,365,46.0" /></mjloggm>