<mjloggm ver="2.3"><GO type="225" lobby="0"/><UN n0="%E3%83%88%E3%83%88%E3%83%AA%E5%85%88%E7%94%9F%31%39%E6%AD%B3" n1="%E3%82%A4%E3%82%B5%E3%82%AD" n2="%E3%83%89%E3%83%96%E3%83%8D%E3%82%BA%E3%83%9F" n3="%E4%B8%87%E8%83%BD%E3%81%AD%E3%81%8E" dan="16,18,16,16" rate="2092.07,2183.35,2139.53,2090.17" sx="F,M,M,M"/><TAIKYOKU oya="0"/><INIT seed="0,0,0,3,1,69" ten="250,250,250,250" oya="0" hai0="133,51,118,58,80,84,113,83,93,102,60,67,72" hai1="75,82,131,105,115,33,103,61,24,28,86,22,59" hai2="18,71,116,27,117,32,49,127,132,89,135,64,19" hai3="129,2,43,30,56,100,134,128,85,16,107,119,114"/><T8/><D118/><N who="2" m="45674" /><F49/><W20/><G119/><T125/><D113/><U120/><E120/><V37/><F89/><W26/><G114/><T57/><D125/><U92/><E115/><V50/><F50/><W46/><G2/><T31/><D133/><N who="2" m="51274" /><F37/><N who="3" m="21871" /><G134/><T111/><D31/><U63/><E131/><N who="3" m="50250" /><G85/><T25/><D25/><U7/><E63/><N who="2" m="40351" /><F127/><W53/><G30/><AGARI ba="0,0" hai="18,19,27,30,32" m="40351,51274,45674" machi="30" ten="30,2000,0" yaku="12,1,20,1" doraHai="69" who="2" fromWho="3" sc="250,0,250,0,250,20,250,-20" /><INIT seed="1,0,0,4,0,96" ten="250,250,270,230" oya="1" hai0="6,82,27,35,87,24,51,69,72,71,99,46,115" hai1="111,36,119,85,127,68,47,63,14,108,45,134,75" hai2="34,61,39,65,26,15,59,11,50,28,17,30,90" hai3="126,91,107,21,62,83,1,130,3,20,94,41,22"/><U116/><E75/><V80/><F39/><W8/><G107/><T49/><D115/><U33/><E33/><V4/><F30/><W58/><G126/><T84/><D72/><U98/><E127/><V31/><F31/><W77/><G41/><T70/><D6/><U122/><E122/><V19/><F50/><W5/><G3/><T56/><D56/><U79/><E134/><V110/><F110/><N who="1" m="42025" /><E14/><V37/><F37/><W124/><G124/><T76/><D35/><U104/><E79/><V105/><F105/><W13/><G1/><T132/><D132/><U102/><E85/><V73/><F73/><W60/><G83/><T113/><D113/><U23/><E23/><V16/><F80/><W95/><G77/><T57/><D84/><U0/><E0/><V117/><REACH who="2" step="1"/><F90/><REACH who="2" ten="250,250,260,230" step="2"/><W25/><G91/><T106/><D82/><U67/><E36/><V64/><F64/><W100/><G60/><T48/><D106/><U131/><E131/><V118/><AGARI ba="0,1" hai="4,11,15,16,17,19,26,28,34,59,61,65,117,118" machi="118" ten="30,4000,0" yaku="1,1,0,1,54,1,53,0" doraHai="96" doraHaiUra="88" who="2" fromWho="2" sc="250,-10,250,-20,260,50,230,-10" /><INIT seed="2,0,0,2,4,64" ten="240,230,310,220" oya="2" hai0="9,109,31,48,106,71,4,1,33,22,93,38,67" hai1="116,36,82,72,66,55,96,130,85,113,87,76,56" hai2="73,52,97,54,135,40,94,70,131,8,123,133,16" hai3="101,114,69,102,79,62,27,117,121,57,115,125,126"/><V58/><F123/><W74/><G121/><T98/><D48/><U29/><E113/><N who="3" m="43018" /><G117/><T46/><D93/><U110/><E116/><V45/><F73/><W41/><G41/><N who="0" m="22839" /><D22/><U34/><E36/><N who="2" m="21639" /><F70/><W39/><G39/><T105/><D109/><U17/><E130/><V108/><F131/><W30/><G69/><T7/><D7/><U49/><E110/><V23/><F8/><W90/><G90/><T10/><D10/><U60/><E96/><V84/><F84/><W44/><G44/><T12/><D12/><U127/><E127/><N who="3" m="48650" /><G79/><T104/><D98/><U119/><E119/><V111/><F111/><W28/><G74/><T63/><D104/><U35/><E17/><V15/><F58/><W77/><G77/><T118/><D118/><U59/><E29/><N who="3" m="11370" /><G27/><AGARI ba="0,0" hai="1,4,9,27,31,33,63,67,71,105,106" m="22839" machi="27" ten="30,3900,0" yaku="33,2,52,1" doraHai="64" who="0" fromWho="3" sc="240,39,230,0,310,0,220,-39" /><INIT seed="3,0,0,3,5,91" ten="279,230,310,181" oya="3" hai0="66,123,93,92,51,79,49,40,34,72,29,5,6" hai1="71,70,45,39,135,98,127,87,9,102,54,78,48" hai2="126,95,10,28,100,99,57,36,86,106,104,21,3" hai3="134,101,89,11,108,33,32,14,68,19,55,117,82"/><W88/><G117/><T107/><D107/><U131/><E39/><V133/><F36/><W38/><G38/><T12/><D123/><U105/><E127/><V31/><F133/><W64/><G134/><T24/><D72/><U122/><E122/><V18/><F126/><W46/><G108/><T90/><D79/><U62/><E131/><V1/><F1/><W25/><G101/><T7/><D66/><U77/><E77/><V124/><F3/><W114/><G114/><T15/><D40/><U103/><E103/><V111/><F10/><W17/><G64/><T13/><REACH who="0" step="1"/><D93/><REACH who="0" ten="269,230,310,181" step="2"/><U53/><E78/><V83/><F106/><W61/><G68/><T128/><D128/><U96/><E105/><V84/><F104/><W2/><G2/><T81/><D81/><U130/><E70/><V41/><F41/><W22/><G82/><T73/><D73/><U63/><E71/><V60/><F124/><W4/><G4/><T118/><D118/><U26/><E130/><V37/><F111/><W30/><G30/><N who="2" m="11305" /><F37/><W113/><G113/><T65/><D65/><U125/><E125/><V42/><F42/><W67/><G67/><T69/><D69/><U35/><E135/><V50/><F83/><W76/><G76/><T97/><AGARI ba="0,1" hai="5,6,7,12,13,15,24,29,34,49,51,90,92,97" machi="97" ten="30,4000,0" yaku="1,1,0,1,52,1,53,0" doraHai="91" doraHaiUra="120" who="0" fromWho="0" sc="269,50,230,-10,310,-10,181,-20" owari="319,42.0,220,-18.0,300,10.0,161,-34.0" /></mjloggm>