<mjloggm ver="2.3"><GO type="225" lobby="0"/><UN n0="%E5%85%88%E2%99%80%E7%94%9F" n1="%E3%82%A6%E3%82%A3%E3%83%83%E3%83%81" n2="%E3%83%88%E3%83%88%E3%83%AA%E5%85%88%E7%94%9F%31%39%E6%AD%B3" n3="%53%65%6E%61%72" dan="16,16,17,16" rate="2106.59,2079.28,2125.95,2060.54" sx="F,F,F,M"/><TAIKYOKU oya="0"/><INIT seed="0,0,0,3,3,48" ten="250,250,250,250" oya="0" hai0="91,30,84,37,25,134,9,123,49,19,92,51,44" hai1="111,115,71,45,70,59,28,101,75,90,55,80,18" hai2="87,14,35,125,8,97,76,26,12,4,67,61,60" hai3="78,122,94,135,24,69,42,6,85,31,96,66,118"/><T16/><D123/><U82/><E28/><V46/><F125/><W119/><G122/><T58/><D134/><U43/><E101/><V124/><F124/><W63/><G135/><T113/><D113/><U47/><E115/><V41/><F35/><W39/><G6/><T13/><D37/><U73/><E111/><V17/><F26/><W114/><G114/><T3/><D3/><U0/><E0/><V98/><F87/><W54/><G42/><N who="0" m="24727" /><D30/><U105/><E43/><V116/><F76/><W56/><G39/><T133/><D133/><U103/><E103/><V112/><F116/><W81/><G69/><T74/><D74/><U22/><E59/><V32/><F32/><W1/><G66/><T53/><D25/><U21/><E18/><AGARI ba="0,0" hai="9,13,16,18,19,51,53,58,84,91,92" m="24727" machi="18" ten="30,5800,0" yaku="8,1,52,1,54,1" doraHai="48" who="0" fromWho="1" sc="250,58,250,-58,250,0,250,0" /><INIT seed="0,1,0,0,5,72" ten="308,192,250,250" oya="0" hai0="54,76,122,52,34,22,46,135,56,47,127,41,115" hai1="74,123,116,60,5,16,88,27,90,33,12,97,130" hai2="73,128,126,114,117,134,93,6,113,38,49,40,129" hai3="91,51,118,61,85,98,55,2,101,125,62,70,77"/><T105/><D34/><U26/><E123/><V86/><F6/><W104/><G118/><T87/><D115/><N who="2" m="44042" /><F49/><W92/><G125/><T7/><D122/><U0/><E116/><V31/><F31/><W35/><G35/><T4/><D105/><U50/><E74/><V120/><F40/><W13/><G2/><T121/><D121/><U84/><E130/><N who="2" m="50283" /><F38/><W29/><G29/><T133/><D127/><U100/><E33/><V18/><F18/><W79/><G13/><T48/><D22/><N who="1" m="11527" /><E5/><N who="0" m="2121" /><D54/><U111/><E0/><V25/><F25/><N who="1" m="9225" /><E111/><V89/><F126/><W132/><G132/><N who="0" m="50763" /><D41/><U10/><E60/><V20/><F20/><W112/><G112/><T59/><D46/><U53/><E10/><V68/><F134/><W23/><G23/><T103/><D103/><U124/><E124/><V32/><F32/><W99/><G70/><T102/><D102/><U8/><E8/><V95/><F68/><W9/><G9/><T44/><D44/><N who="1" m="27847" /><E84/><N who="2" m="52391" /><F73/><W21/><G21/><T63/><D63/><U58/><E58/><V67/><F120/><W36/><G62/><T119/><D56/><U131/><E131/><V69/><F117/><W83/><G61/><T94/><D119/><U42/><E42/><V65/><F69/><W82/><G36/><T11/><D11/><U30/><E30/><V108/><F108/><W78/><G55/><T14/><D59/><U75/><E75/><V15/><F15/><W109/><G109/><T81/><D14/><U39/><E39/><V110/><F110/><W64/><G51/><T71/><D71/><U1/><E1/><V45/><F45/><RYUUKYOKU ba="1,0" sc="308,10,192,10,250,10,250,-30" hai0="47,48,52,76,81,87,94" hai1="88,90,97,100" hai2="65,67,86,95" /><INIT seed="0,2,0,2,0,38" ten="318,202,260,220" oya="0" hai0="53,75,5,64,59,94,31,124,43,125,81,49,47" hai1="117,88,121,1,67,7,102,119,17,52,100,90,101" hai2="108,71,82,127,91,134,63,68,111,25,80,122,0" hai3="58,135,118,72,92,96,76,2,130,97,115,34,131"/><T56/><D31/><U35/><E121/><V86/><F122/><W30/><G118/><T61/><D5/><U36/><E35/><V37/><F37/><W46/><G115/><T132/><D94/><U99/><E67/><V83/><F0/><W27/><G2/><T33/><D33/><U55/><E36/><V50/><F134/><W44/><G135/><T112/><D132/><U133/><E133/><V69/><F127/><N who="0" m="48714" /><D112/><U54/><E17/><V4/><F4/><W41/><G58/><N who="0" m="36919" /><D53/><U24/><E99/><V123/><F123/><W6/><G6/><T109/><D109/><N who="2" m="42058" /><F63/><W14/><G14/><T74/><D81/><N who="2" m="31338" /><F50/><W9/><G9/><T113/><D113/><U116/><E24/><AGARI ba="2,0" hai="24,25,68,69,71,83,86,91" m="31338,42058" machi="24" ten="40,1300,0" yaku="14,1" doraHai="38" who="2" fromWho="1" sc="318,0,202,-19,260,19,220,0" /><INIT seed="1,0,0,4,0,33" ten="318,183,279,220" oya="1" hai0="30,37,44,134,110,119,84,16,57,68,4,100,63" hai1="14,48,39,58,64,70,18,116,5,122,129,73,59" hai2="101,52,117,41,96,75,55,38,11,29,22,88,82" hai3="135,19,125,99,9,28,12,115,111,123,3,13,127"/><U86/><E73/><V56/><F117/><W120/><G99/><T92/><D119/><U126/><E116/><V124/><F124/><N who="3" m="47691" /><G115/><T32/><D68/><U40/><E39/><V74/><F55/><W26/><G111/><T15/><D110/><U80/><E126/><V72/><F11/><W1/><G13/><T47/><D4/><U133/><E122/><N who="3" m="46634" /><G135/><T79/><D134/><U23/><E133/><V71/><F71/><W62/><G62/><T118/><D15/><U67/><E70/><V0/><F38/><W97/><G97/><T31/><D37/><U54/><E5/><V130/><F74/><W132/><G132/><T27/><D63/><U91/><E40/><V131/><F41/><W21/><AGARI ba="0,0" hai="1,3,9,12,19,21,26,28" m="46634,47691" machi="21" ten="30,8000,1" yaku="18,1,34,2,52,2" doraHai="33" who="3" fromWho="3" sc="318,-20,183,-40,279,-20,220,80" /><INIT seed="2,0,0,2,1,48" ten="298,143,259,300" oya="2" hai0="120,12,41,65,87,107,27,73,122,79,66,49,42" hai1="17,118,58,61,36,63,113,123,131,114,67,35,83" hai2="92,54,3,126,98,90,130,76,6,11,78,88,18" hai3="93,33,19,22,105,97,46,57,45,121,91,135,111"/><V68/><F68/><W16/><G33/><T10/><D107/><U72/><E36/><V74/><F130/><W39/><G121/><T71/><D73/><U134/><E118/><V37/><F37/><W125/><G111/><T50/><D27/><U86/><E72/><V75/><F126/><W51/><G125/><T59/><D71/><U100/><E123/><V21/><F75/><W94/><G105/><T13/><D87/><U60/><E131/><V2/><F2/><W69/><G69/><T62/><D79/><U25/><E134/><V104/><F74/><W30/><G135/><T101/><D10/><U29/><E100/><V81/><F104/><W28/><G39/><T9/><D9/><U44/><E44/><N who="3" m="17002" /><G93/><T116/><D116/><U14/><E63/><V31/><F31/><N who="3" m="11819" /><G22/><T70/><D70/><U112/><E112/><V40/><F40/><W110/><G110/><T20/><D20/><U4/><E4/><V95/><F81/><W108/><G108/><T124/><D124/><U32/><E32/><V133/><F133/><W52/><AGARI ba="0,0" hai="16,19,51,52,57,91,94,97" m="11819,17002" machi="52" ten="30,7900,0" yaku="8,1,52,1,54,2" doraHai="48" who="3" fromWho="3" sc="298,-20,143,-20,259,-39,300,79" /><INIT seed="3,0,0,4,4,106" ten="278,123,220,379" oya="3" hai0="33,98,76,97,6,64,66,52,19,121,82,83,30" hai1="105,50,25,0,43,9,77,72,59,102,22,61,116" hai2="120,67,41,133,87,7,74,12,40,68,29,85,46" hai3="122,49,129,8,69,115,3,54,84,53,99,126,60"/><W39/><G115/><T28/><D6/><U17/><E116/><V51/><F133/><W108/><G122/><T96/><D121/><U15/><E0/><V57/><F120/><W128/><G39/><T127/><D127/><U58/><E105/><V109/><F109/><W125/><G108/><T104/><D104/><U86/><E102/><V2/><F2/><W107/><G84/><T32/><D19/><U79/><E72/><V48/><F68/><W124/><G107/><T63/><D63/><U95/><E77/><V24/><F74/><W16/><G99/><T80/><D52/><N who="3" m="20073" /><G49/><T90/><D90/><U123/><E123/><V31/><F12/><N who="3" m="7175" /><G3/><T18/><D18/><U62/><E95/><V130/><F7/><W78/><G78/><T55/><D55/><U135/><E135/><V38/><F38/><W75/><G75/><T20/><D20/><U44/><E59/><V1/><F1/><W131/><G126/><T13/><D13/><U111/><E58/><V134/><F57/><W91/><G91/><T70/><D76/><U5/><REACH who="1" step="1"/><E111/><REACH who="1" ten="278,113,220,379" step="2"/><V34/><F134/><W94/><G94/><T117/><D117/><U36/><E36/><V100/><F48/><W114/><G125/><T101/><D101/><U89/><E89/><V21/><F51/><W27/><G124/><T47/><D47/><U10/><E10/><V42/><F46/><W81/><G128/><T93/><D93/><U14/><E14/><V88/><F130/><W71/><G129/><T110/><D110/><U92/><E92/><V4/><F100/><W26/><G131/><T112/><D82/><AGARI ba="0,1" hai="5,9,15,17,22,25,43,44,50,61,62,79,82,86" machi="82" ten="40,8000,1" yaku="1,1,6,1,25,2,8,1,53,0" doraHai="106" doraHaiUra="35" who="1" fromWho="0" sc="278,-80,113,90,220,0,379,0" owari="198,-30.0,203,-20.0,220,2.0,379,48.0" /></mjloggm>