<mjloggm ver="2.3"><GO type="225" lobby="0"/><UN n0="%E3%81%BD%E3%83%BC%E3%82%93%64%65%E3%83%AA%E3%83%B3%E3%82%B0" n1="%56%65%6E%75%73%53%61%79" n2="%53%65%6E%61%72" n3="%E3%83%88%E3%83%88%E3%83%AA%E5%85%88%E7%94%9F%31%39%E6%AD%B3" dan="16,17,17,18" rate="2156.81,2165.64,2100.89,2287.34" sx="M,M,M,F"/><TAIKYOKU oya="0"/><INIT seed="0,0,0,3,5,124" ten="250,250,250,250" oya="0" hai0="58,76,45,15,1,79,104,4,20,90,67,115,78" hai1="54,31,133,32,64,120,103,80,112,99,118,5,98" hai2="131,41,97,101,102,27,59,135,33,29,10,74,66" hai3="48,93,50,117,89,108,132,37,69,92,96,57,121"/><T49/><D115/><U70/><E99/><V24/><F74/><W109/><G117/><T61/><D1/><U51/><E5/><V28/><F135/><W7/><G69/><T22/><D104/><U35/><E80/><V94/><F41/><W11/><G37/><T110/><D110/><N who="3" m="42601" /><G132/><T130/><D130/><U8/><E8/><V106/><F131/><W43/><G43/><N who="0" m="24767" /><D90/><U34/><E133/><V53/><F66/><W100/><G57/><T14/><D4/><U39/><E120/><V6/><F106/><W40/><G40/><T83/><D83/><U105/><E39/><V128/><F128/><W13/><G121/><T47/><D47/><N who="1" m="28031" /><E118/><V9/><F102/><W68/><G68/><T26/><D22/><U72/><E112/><V82/><F82/><W91/><G100/><T12/><D12/><U111/><E111/><V60/><REACH who="2" step="1"/><F6/><REACH who="2" ten="250,250,240,250" step="2"/><W107/><G107/><T62/><D62/><N who="1" m="40215" /><E72/><V42/><F42/><W0/><G0/><T77/><D77/><U36/><E36/><V71/><F71/><W119/><G119/><T123/><D123/><U86/><E105/><V88/><F88/><W81/><G81/><T122/><D122/><U73/><E73/><V126/><F126/><W19/><G7/><T44/><D79/><U75/><E75/><V52/><F52/><W63/><G63/><T30/><D78/><U18/><E103/><V17/><F17/><W134/><G134/><T25/><D76/><U127/><E18/><V56/><F56/><W95/><G95/><T3/><D58/><U55/><E127/><V46/><F46/><W125/><G125/><RYUUKYOKU ba="0,1" sc="250,-15,250,-15,240,15,250,15" hai2="9,10,24,27,28,29,33,53,59,60,94,97,101" hai3="11,13,19,48,50,89,91,92,93,96" /><INIT seed="1,1,1,0,4,68" ten="235,235,255,265" oya="1" hai0="92,104,23,49,28,59,87,65,43,86,2,12,108" hai1="24,107,20,14,89,73,103,13,117,0,67,98,97" hai2="88,105,54,32,83,95,17,113,62,75,70,79,101" hai3="3,114,53,39,27,129,4,57,63,134,72,135,55"/><U15/><E0/><V26/><F113/><W125/><G114/><T18/><D104/><U41/><E73/><V47/><F47/><W77/><G129/><T19/><D2/><U1/><E1/><V7/><F7/><W9/><G125/><T56/><D28/><U94/><E117/><V91/><F17/><W34/><G39/><T31/><D31/><U22/><E67/><V38/><F38/><W121/><G121/><T25/><D108/><U8/><E41/><V126/><F126/><W118/><G118/><T66/><D59/><U116/><E116/><V16/><F32/><W93/><G27/><T128/><D128/><U60/><E60/><V85/><F91/><W50/><G34/><T11/><D92/><U44/><E44/><V81/><F81/><N who="3" m="45223" /><G93/><T52/><REACH who="0" step="1"/><D43/><REACH who="0" ten="225,235,255,265" step="2"/><U124/><E124/><V37/><F70/><W46/><G3/><T127/><D127/><U35/><E35/><V5/><F105/><W48/><G57/><T51/><D51/><U100/><E100/><V119/><F119/><W29/><G29/><T99/><D99/><U80/><E80/><V58/><F101/><W71/><G71/><T115/><D115/><U10/><REACH who="1" step="1"/><E22/><REACH who="1" ten="225,225,255,265" step="2"/><N who="2" m="13639" /><F37/><W42/><G63/><T82/><D82/><U120/><E120/><V36/><F36/><W33/><G33/><T21/><D21/><U69/><E69/><V76/><F83/><W6/><G42/><T123/><D123/><U74/><E74/><V64/><F75/><W45/><G48/><T96/><D96/><U131/><E131/><V61/><F61/><W106/><G50/><T84/><AGARI ba="1,3" hai="11,12,18,19,23,25,49,52,56,65,66,84,86,87" machi="84" ten="30,8000,1" yaku="1,1,5,1,0,1,8,1,54,1,53,0" doraHai="68" doraHaiUra="78" who="0" fromWho="0" sc="225,113,225,-41,255,-21,265,-21" /><INIT seed="2,0,0,0,5,5" ten="338,184,234,244" oya="2" hai0="90,20,15,21,134,110,56,115,67,77,135,35,68" hai1="83,6,93,57,3,95,112,101,11,25,127,120,99" hai2="123,128,42,32,16,109,65,47,82,86,18,91,52" hai3="41,30,22,100,117,116,106,54,9,85,87,14,64"/><V122/><F32/><W43/><G64/><T1/><D115/><U72/><E112/><V130/><F65/><W28/><G106/><T55/><D1/><U48/><E120/><V49/><F109/><W108/><G100/><T92/><D35/><U104/><E127/><V61/><F122/><W96/><G96/><T66/><D77/><U133/><E133/><V102/><F123/><W124/><G108/><T70/><D110/><U59/><E25/><V71/><F102/><W10/><G124/><T33/><D33/><U114/><E114/><V125/><F125/><W7/><G54/><T78/><D78/><U105/><E105/><V17/><F71/><W51/><G51/><N who="0" m="30847" /><D67/><U121/><E121/><V45/><REACH who="2" step="1"/><F61/><REACH who="2" ten="338,184,224,244" step="2"/><W81/><G116/><T119/><D119/><U23/><E101/><V37/><AGARI ba="0,1" hai="16,17,18,37,42,45,47,49,52,82,86,91,128,130" machi="37" ten="30,12000,1" yaku="1,1,2,1,0,1,54,2,53,0" doraHai="5" doraHaiUra="73" who="2" fromWho="2" sc="338,-40,184,-40,224,130,244,-40" /><INIT seed="2,1,0,0,5,122" ten="298,144,354,204" oya="2" hai0="66,120,72,5,42,124,97,54,102,63,40,36,4" hai1="53,131,90,118,65,32,46,28,70,133,103,73,45" hai2="14,9,60,117,49,98,89,74,100,48,75,130,135" hai3="44,20,21,52,0,58,34,15,3,101,61,76,85"/><V56/><F117/><W10/><G34/><T108/><D120/><U134/><E118/><V30/><F30/><W16/><G101/><T43/><D72/><U115/><E73/><V22/><F22/><W119/><G119/><T109/><D124/><U39/><E103/><V114/><F114/><W7/><G21/><T47/><D54/><U37/><E90/><V83/><F130/><W112/><G112/><T68/><D43/><N who="1" m="22767" /><E115/><V25/><F25/><W81/><REACH who="3" step="1"/><G44/><REACH who="3" ten="298,144,354,194" step="2"/><T95/><REACH who="0" step="1"/><D42/><REACH who="0" ten="288,144,354,194" step="2"/><N who="1" m="22879" /><E131/><V127/><F127/><W91/><G91/><T6/><AGARI ba="1,2" hai="4,5,6,36,40,47,63,66,68,95,97,102,108,109" machi="6" ten="30,7900,0" yaku="1,1,0,1,52,2,53,0" doraHai="122" doraHaiUra="86" who="0" fromWho="0" sc="288,102,144,-21,354,-40,194,-21" /><INIT seed="3,0,0,1,0,5" ten="390,123,314,173" oya="3" hai0="23,43,77,110,4,62,130,115,74,51,119,52,111" hai1="88,114,44,113,75,101,66,26,89,127,31,64,125" hai2="20,60,108,91,120,61,92,3,90,112,87,7,12" hai3="107,38,42,73,17,103,96,84,55,32,78,122,50"/><W100/><G122/><T69/><D119/><U131/><E44/><V57/><F112/><N who="1" m="43113" /><E26/><V25/><F108/><W48/><G32/><T135/><D130/><U105/><E101/><V30/><F120/><W45/><G73/><T99/><D135/><U47/><E47/><V80/><F3/><W11/><G55/><T116/><D99/><U102/><E102/><V28/><F28/><W98/><G84/><T63/><D4/><U39/><E31/><V54/><F7/><W14/><REACH who="3" step="1"/><G78/><REACH who="3" ten="390,123,314,163" step="2"/><T0/><D77/><U133/><E75/><V118/><F118/><W124/><G124/><N who="1" m="47690" /><E131/><V29/><F87/><W8/><G8/><T27/><D52/><U13/><E133/><V56/><F54/><W70/><G70/><T6/><D69/><U1/><E1/><V59/><F20/><W121/><G121/><T126/><D23/><U34/><E34/><V19/><F61/><W18/><G18/><T58/><D63/><U82/><E82/><V109/><F60/><W9/><G9/><T79/><D126/><U53/><E53/><V93/><F80/><W76/><G76/><T40/><D115/><U134/><E134/><V46/><F19/><W35/><G35/><T123/><D123/><U128/><E128/><V2/><F2/><W97/><G97/><T85/><D74/><U81/><E81/><V71/><F71/><W65/><G65/><T10/><D79/><U37/><E66/><V72/><F72/><W104/><AGARI ba="0,1" hai="11,14,17,38,42,45,48,50,96,98,100,103,104,107" machi="104" ten="20,12000,1" yaku="1,1,0,1,7,1,9,1,52,1,53,0" doraHai="5" doraHaiUra="22" who="3" fromWho="3" sc="390,-40,123,-40,314,-40,163,130" /><INIT seed="3,1,0,2,0,109" ten="350,83,274,293" oya="3" hai0="111,104,120,63,108,70,42,121,61,79,50,57,97" hai1="15,96,52,56,119,78,128,90,95,21,126,19,62" hai2="11,31,112,8,102,17,101,74,103,43,100,35,107" hai3="51,47,94,85,99,66,37,16,118,89,91,29,1"/><W123/><G123/><T4/><D79/><U45/><E126/><V127/><F127/><W28/><G118/><T33/><D33/><U76/><E128/><V129/><F129/><W113/><G113/><T53/><D4/><U114/><E119/><V125/><F125/><W98/><G37/><T20/><D20/><U88/><E114/><V80/><F112/><W41/><G1/><T83/><D83/><U14/><E45/><V44/><F107/><W24/><G66/><N who="0" m="41311" /><D97/><U59/><E90/><V39/><N who="2" m="25600" /><DORA hai="124" /><V36/><F36/><W22/><G99/><T64/><D42/><U49/><REACH who="1" step="1"/><E15/><REACH who="1" ten="350,73,274,293" step="2"/><V69/><F44/><W135/><G135/><T116/><D116/><U72/><E72/><V48/><F74/><W60/><G60/><T32/><D104/><U55/><AGARI ba="1,1" hai="14,19,21,49,52,55,56,59,62,76,78,88,95,96" machi="55" ten="20,12000,2" yaku="1,1,0,1,7,1,8,1,54,2,53,0" doraHai="109,124" doraHaiUra="105,2" who="1" fromWho="1" sc="350,-31,73,133,274,-31,293,-61" owari="319,42.0,206,-29.0,243,4.0,232,-17.0" /></mjloggm>