<mjloggm ver="2.3"><GO type="97" lobby="0"/><UN n0="%E7%A9%BA%E9%96%91" n1="%E5%B0%B1%E6%B4%BB%E7%94%9F%40%E5%B7%9D%E6%9D%91%E8%BB%8D%E5%9B%A3" n2="%31%35%30%36" n3="%41%E3%82%B9%E3%82%B1" dan="14,15,14,14" rate="1930.19,1961.32,1946.82,1917.65" sx="M,M,M,M"/><TAIKYOKU oya="0"/><INIT seed="0,0,0,4,1,46" ten="250,250,250,250" oya="0" hai0="85,34,92,128,96,21,35,119,77,2,108,82,44" hai1="81,134,12,20,27,127,57,55,17,4,25,109,98" hai2="73,118,49,5,38,42,47,135,110,120,66,0,130" hai3="50,33,8,107,97,131,71,62,93,95,133,122,39"/><T84/><D119/><U72/><E109/><V68/><RYUUKYOKU type="yao9" ba="0,0" sc="250,0,250,0,250,0,250,0" hai2="0,5,38,42,47,49,66,68,73,110,118,120,130,135" /><INIT seed="0,1,0,5,4,9" ten="250,250,250,250" oya="0" hai0="129,29,110,47,59,103,32,104,53,101,66,100,34" hai1="36,102,63,107,108,127,91,87,76,74,58,50,40" hai2="16,7,21,25,72,97,92,80,115,26,85,90,15" hai3="10,71,123,44,116,111,46,45,61,39,89,128,106"/><T117/><D117/><U55/><E127/><V113/><F72/><W23/><G116/><T52/><D129/><U42/><E108/><V77/><REACH who="2" step="1"/><F7/><REACH who="2" ten="250,250,240,250" step="2"/><W93/><G128/><T48/><D104/><U99/><E36/><V35/><F35/><W22/><G111/><T96/><D110/><U65/><E76/><V12/><F12/><W62/><G123/><T118/><D118/><U68/><REACH who="1" step="1"/><E74/><REACH who="1" ten="250,240,240,250" step="2"/><V1/><F1/><W38/><G39/><T69/><D34/><U28/><E28/><V2/><F2/><W30/><G38/><T81/><D32/><U126/><E126/><V75/><F75/><W79/><G79/><T105/><D29/><U112/><E112/><AGARI ba="1,2" hai="15,16,21,25,26,77,80,85,90,92,97,112,113,115" machi="112" ten="40,8000,1" yaku="1,1,52,1,54,1,53,1" doraHai="9" doraHaiUra="18" who="2" fromWho="1" sc="250,0,240,-83,240,103,250,0" /><INIT seed="1,0,0,1,3,76" ten="250,157,343,250" oya="1" hai0="91,20,104,133,32,81,92,106,113,82,42,99,80" hai1="27,41,122,96,129,128,87,123,47,11,67,63,125" hai2="89,103,25,15,135,9,74,130,39,64,23,131,8" hai3="43,126,85,12,66,45,37,115,58,65,14,112,78"/><U75/><E75/><V110/><F39/><W4/><G126/><T55/><D32/><U69/><E96/><V26/><F74/><W24/><G14/><T0/><D0/><U83/><E125/><V22/><F103/><W3/><G3/><T7/><D7/><U102/><E102/><V40/><F40/><W34/><G34/><T95/><D42/><U121/><E27/><N who="2" m="10251" /><F64/><W72/><G72/><T90/><D113/><U36/><REACH who="1" step="1"/><E11/><REACH who="1" ten="250,147,343,250" step="2"/><V28/><F135/><W93/><G24/><T31/><D133/><U120/><N who="1" m="31232" /><DORA hai="50" /><U49/><E49/><V105/><F8/><W119/><G115/><T114/><D114/><U134/><E134/><V132/><F132/><W108/><G112/><T101/><D31/><U100/><E100/><V57/><F28/><W127/><G127/><T38/><D38/><U46/><E46/><V111/><F105/><W52/><G37/><T62/><D106/><U13/><E13/><V54/><F130/><W19/><G12/><T118/><D104/><U17/><E17/><V68/><F131/><W5/><G19/><T35/><D101/><U116/><E116/><V84/><F9/><W70/><G119/><T56/><D118/><U53/><E53/><V59/><F15/><W18/><G18/><T2/><D2/><U30/><E30/><V109/><F54/><W107/><G107/><T10/><D35/><U21/><E21/><V73/><F73/><W79/><G45/><T1/><D20/><U61/><E61/><V48/><F48/><W98/><G52/><T44/><D44/><U71/><E71/><V77/><F68/><RYUUKYOKU ba="0,1" sc="250,-10,147,30,343,-10,250,-10" hai1="36,41,47,63,67,69,83,87,128,129" /><INIT seed="1,1,1,3,4,108" ten="240,177,333,240" oya="1" hai0="122,121,29,112,0,106,21,115,55,68,92,66,19" hai1="31,128,70,105,119,93,82,71,16,42,61,76,5" hai2="49,54,110,124,86,38,95,20,13,14,10,77,114" hai3="118,35,96,50,74,113,75,130,22,123,57,30,24"/><U87/><E105/><V47/><F38/><W27/><G123/><N who="0" m="47115" /><D106/><U39/><E119/><V67/><F110/><W23/><G118/><T88/><D0/><U98/><E5/><V131/><F67/><W107/><G130/><T63/><D29/><U84/><E31/><V97/><F131/><W99/><G35/><T51/><D51/><U134/><E128/><V103/><F114/><W101/><G113/><T37/><D37/><U73/><E134/><V62/><F62/><W36/><G36/><T116/><D55/><U89/><E39/><V44/><F20/><W56/><G96/><N who="0" m="57351" /><D116/><U69/><E42/><V34/><F124/><W52/><REACH who="3" step="1"/><G56/><REACH who="3" ten="240,177,333,230" step="2"/><T78/><D78/><U85/><REACH who="1" step="1"/><E16/><AGARI ba="1,2" hai="16,22,23,24,27,30,50,52,57,74,75,99,101,107" machi="16" ten="30,8000,1" yaku="1,1,2,1,7,1,54,2,53,0" doraHai="108" doraHaiUra="135" who="3" fromWho="1" sc="240,0,177,-83,333,0,230,103" /><INIT seed="2,0,0,2,3,70" ten="240,94,333,333" oya="2" hai0="52,57,0,9,63,81,87,122,91,64,28,97,45" hai1="99,77,22,72,44,37,25,109,49,75,76,82,107" hai2="32,88,2,86,41,128,15,39,106,98,84,74,62" hai3="92,12,121,20,103,21,42,104,120,112,134,54,93"/><V53/><F32/><W85/><G104/><T38/><D122/><U83/><E109/><V48/><F2/><W27/><G134/><T125/><D125/><U96/><E107/><V130/><F74/><W80/><G112/><T131/><D131/><N who="2" m="50218" /><F62/><W116/><G116/><T90/><D28/><U1/><E1/><V34/><F34/><W94/><G103/><T17/><D64/><U68/><E68/><V46/><F15/><W16/><G42/><T40/><D0/><U69/><E69/><V61/><F61/><W100/><G100/><T126/><D126/><U26/><E26/><V123/><F123/><W118/><G118/><T51/><D9/><U115/><E115/><V105/><F105/><W65/><G65/><T18/><D97/><U71/><E71/><V132/><F132/><W73/><G73/><T102/><D102/><U47/><E47/><N who="2" m="27807" /><F106/><W7/><G54/><T43/><D43/><U23/><E23/><V95/><AGARI ba="0,0" hai="39,41,46,84,86,88,95,98" m="27807,50218" machi="95" ten="30,6000,0" yaku="19,1,52,1,54,1" doraHai="70" who="2" fromWho="2" sc="240,-20,94,-20,333,60,333,-20" /><INIT seed="2,1,0,4,4,39" ten="220,74,393,313" oya="2" hai0="4,61,8,45,64,125,135,106,2,54,82,113,79" hai1="99,60,124,114,110,74,127,109,85,38,15,105,100" hai2="14,93,41,3,78,98,26,5,16,63,92,43,122" hai3="108,0,130,71,37,22,55,62,75,96,32,7,48"/><V31/><F122/><W117/><G117/><T68/><D113/><U11/><E38/><V111/><F78/><W129/><G32/><T120/><D120/><U118/><E60/><V65/><F3/><W12/><G75/><T18/><D125/><N who="1" m="48203" /><E15/><V116/><F5/><W134/><G108/><N who="1" m="41578" /><E11/><N who="2" m="6239" /><F116/><W95/><G134/><T27/><D135/><U46/><E46/><V91/><F111/><W30/><G37/><T24/><D106/><U123/><E123/><V101/><F31/><W87/><G87/><T84/><D18/><U76/><E118/><V69/><F26/><W25/><G0/><T20/><D20/><U107/><E114/><V42/><F69/><W17/><G7/><T132/><D132/><U81/><E107/><V9/><F9/><W90/><G71/><T112/><D112/><U126/><N who="1" m="48211" /><U102/><DORA hai="131" /><E102/><V52/><F65/><W35/><REACH who="3" step="1"/><G62/><REACH who="3" ten="220,74,393,303" step="2"/><T77/><D68/><U19/><E19/><V67/><F67/><W51/><G51/><T88/><D61/><U50/><E50/><V1/><F1/><W10/><G10/><T59/><D64/><U13/><E13/><V28/><F63/><W49/><G49/><T57/><D2/><U33/><E33/><V56/><F98/><W29/><G29/><T119/><D4/><U103/><E103/><V115/><F28/><W23/><G23/><T44/><D119/><U80/><E80/><V104/><F115/><W6/><G6/><T53/><D8/><U83/><E83/><V89/><F104/><W121/><G121/><T133/><D133/><U94/><E105/><V36/><F36/><RYUUKYOKU ba="1,1" sc="220,-15,74,15,393,-15,303,15" hai1="74,76,81,85,94,99,100" hai3="12,17,22,25,30,35,48,55,90,95,96,129,130" /><INIT seed="3,2,1,0,4,5" ten="205,89,378,318" oya="3" hai0="10,102,72,117,54,34,130,69,109,38,21,59,106" hai1="133,81,101,134,60,67,19,47,83,62,127,17,28" hai2="22,48,56,18,61,107,108,27,89,98,114,112,13" hai3="68,16,49,41,2,97,53,73,92,29,66,111,105"/><W6/><G73/><T3/><RYUUKYOKU type="yao9" ba="2,1" sc="205,0,89,0,378,0,318,0" hai0="3,10,21,34,38,54,59,69,72,102,106,109,117,130" /><INIT seed="3,3,1,0,1,76" ten="205,89,378,318" oya="3" hai0="130,5,10,95,82,38,53,43,49,45,102,96,58" hai1="62,3,17,63,81,15,35,101,8,98,25,86,13" hai2="11,89,50,60,12,129,59,110,121,31,97,93,88" hai3="87,7,108,127,94,4,99,32,40,30,125,75,128"/><W71/><G71/><T117/><D130/><U124/><E124/><N who="3" m="47690" /><G128/><T22/><D117/><U107/><E3/><V48/><F110/><W132/><G108/><T0/><D22/><U29/><REACH who="1" step="1"/><E13/><REACH who="1" ten="205,79,378,318" step="2"/><V28/><F129/><W57/><G132/><T77/><D0/><U134/><E134/><V46/><F121/><W123/><G123/><T80/><D77/><AGARI ba="3,2" hai="8,15,17,25,29,35,62,63,77,81,86,98,101,107" machi="77" ten="30,3900,0" yaku="1,1,7,1,52,1,53,0" doraHai="76" doraHaiUra="70" who="1" fromWho="0" sc="205,-48,79,68,378,0,318,0" owari="157,-24.0,147,-35.0,378,47.0,318,12.0" /></mjloggm>