<mjloggm ver="2.3"><GO type="169" lobby="0"/><UN n0="%E3%82%A6%E3%83%AB%E3%83%88%E3%83%A9%E7%AB%8B%E7%9B%B4" n1="%E4%B8%80%E9%83%8E%2E" n2="%E6%96%B0%E5%AE%BF%E6%96%B9%E9%9D%A2" n3="%E6%B9%8A%E3%81%AE%E9%87%A3%E5%B8%AB" dan="17,16,17,16" rate="2164.70,2039.33,2139.43,2089.18" sx="M,F,M,M"/><TAIKYOKU oya="0"/><INIT seed="0,0,0,3,0,98" ten="250,250,250,250" oya="0" hai0="24,134,52,68,132,82,88,113,92,123,120,112,47" hai1="118,95,60,119,14,37,91,34,17,99,40,128,107" hai2="3,111,58,11,4,130,8,53,81,66,89,29,127" hai3="41,63,39,45,133,50,43,16,9,30,86,70,69"/><T12/><D68/><U6/><E34/><V65/><F130/><W42/><G30/><T96/><D24/><U48/><E37/><V109/><F29/><W7/><G133/><N who="0" m="51307" /><D12/><U135/><E135/><V94/><F81/><W76/><G39/><T18/><D18/><U101/><E6/><V79/><F79/><W64/><G70/><T21/><D21/><U2/><E2/><V62/><F11/><W74/><G74/><T0/><D0/><U84/><E128/><V80/><F80/><W77/><G16/><T106/><D106/><U93/><E107/><V103/><F127/><W126/><G126/><T71/><D71/><U25/><E25/><V13/><F3/><W54/><G86/><N who="0" m="50263" /><D52/><U10/><REACH who="1" step="1"/><E60/><REACH who="1" ten="250,240,250,250" step="2"/><V108/><F108/><W85/><G7/><T116/><D116/><U32/><E32/><V31/><F111/><W67/><G63/><T1/><D1/><U97/><E97/><V33/><F109/><W114/><G50/><T105/><D105/><U104/><E104/><V15/><F33/><W35/><G35/><T122/><D47/><AGARI ba="0,1" hai="10,14,17,40,47,48,84,91,93,95,99,101,118,119" machi="47" ten="40,2600,0" yaku="1,1,52,1,53,0" doraHai="98" doraHaiUra="56" who="1" fromWho="0" sc="250,-26,240,36,250,0,250,0" /><INIT seed="1,0,0,1,1,17" ten="224,276,250,250" oya="1" hai0="45,50,10,29,98,47,81,6,82,2,62,132,99" hai1="40,80,22,42,95,90,118,39,75,36,66,13,68" hai2="63,135,32,105,5,92,72,114,93,55,77,124,121" hai3="11,108,67,104,4,85,84,33,83,87,96,30,31"/><U102/><E118/><V59/><F121/><W9/><G108/><T24/><D62/><U128/><E128/><V16/><F105/><W54/><G67/><T58/><D58/><U28/><E102/><V91/><F32/><W0/><G11/><T79/><D132/><U46/><E66/><V14/><F135/><W34/><G83/><T131/><D131/><U49/><E68/><V73/><F5/><W103/><G34/><T110/><D47/><U20/><E42/><V125/><F114/><W3/><G3/><T37/><D81/><U106/><E106/><V88/><F93/><W109/><G109/><T116/><D110/><U89/><E28/><V65/><F65/><W133/><G133/><T51/><D51/><U15/><E15/><V19/><F19/><W76/><G76/><T53/><D37/><U60/><E60/><V7/><F7/><W78/><G78/><T52/><D53/><U126/><E126/><N who="2" m="48747" /><F77/><W64/><G64/><T134/><D134/><U112/><E112/><V127/><N who="2" m="48755" /><V8/><DORA hai="117" /><F91/><W94/><G104/><T26/><D116/><U130/><E130/><V74/><F73/><W21/><G33/><T12/><D2/><U119/><E119/><V69/><F69/><W35/><G35/><T44/><D44/><U41/><E75/><V57/><F57/><W1/><G1/><T120/><D120/><U48/><E13/><V43/><F43/><W86/><N who="3" m="21504" /><DORA hai="70" /><W27/><REACH who="3" step="1"/><G54/><REACH who="3" ten="224,276,250,240" step="2"/><T107/><D107/><U97/><E80/><V113/><F113/><W111/><G111/><T61/><D82/><U18/><E95/><RYUUKYOKU ba="0,1" sc="224,-15,276,-15,250,15,240,15" hai2="8,14,16,55,59,63,72,74,88,92" hai3="0,4,9,21,27,30,31,94,96,103" /><INIT seed="2,1,1,4,2,37" ten="209,261,265,255" oya="2" hai0="41,103,112,15,7,22,32,8,26,114,16,84,33" hai1="113,2,39,71,131,3,68,42,69,29,72,52,90" hai2="19,10,94,36,76,111,91,126,106,60,56,107,100" hai3="81,4,13,38,101,47,54,31,83,74,12,96,48"/><V77/><F126/><W27/><G38/><T120/><D103/><U98/><E113/><N who="0" m="43625" /><D84/><U87/><E72/><V21/><F36/><W25/><G74/><T134/><D41/><U99/><E131/><V119/><F119/><W24/><G31/><T97/><D97/><U40/><E3/><V135/><F10/><W17/><G4/><T23/><D120/><U58/><E2/><V43/><F43/><W67/><G67/><T92/><D92/><U115/><E29/><V50/><F50/><W53/><G54/><T121/><D121/><U102/><E115/><V123/><F123/><W0/><G0/><N who="0" m="103" /><D134/><U5/><E5/><V117/><F135/><W51/><G51/><T57/><D57/><U6/><E6/><V116/><F100/><W66/><G66/><T45/><D45/><U44/><E42/><V46/><F46/><W95/><G17/><AGARI ba="1,1" hai="15,16,17,22,23,26,32,33" m="103,43625" machi="17" ten="30,3900,0" yaku="34,2,54,1" doraHai="37" who="0" fromWho="3" sc="209,52,261,0,265,0,255,-42" /><INIT seed="3,0,0,3,2,5" ten="261,261,265,213" oya="3" hai0="66,12,43,106,62,79,6,115,104,22,8,45,112" hai1="26,35,93,105,40,16,20,124,94,10,121,111,9" hai2="52,24,49,91,18,1,32,57,61,41,19,17,71" hai3="89,78,7,100,56,54,11,23,51,134,82,31,97"/><W39/><G39/><T123/><D22/><U92/><E121/><V75/><F75/><W58/><G134/><T34/><D34/><U126/><E105/><V99/><F1/><W65/><G89/><T37/><D79/><U87/><E111/><V38/><F32/><W103/><G97/><T55/><D55/><U63/><E35/><V132/><F132/><W80/><G65/><T129/><D129/><U0/><E0/><V67/><F99/><W127/><G127/><N who="1" m="48682" /><E40/><V29/><F91/><W68/><G68/><T2/><D12/><U25/><E25/><V14/><F24/><N who="3" m="16799" /><G58/><T122/><D122/><U119/><E119/><V59/><F29/><W28/><G28/><T101/><D123/><U83/><E63/><V72/><F59/><W21/><G21/><T114/><D101/><N who="3" m="38985" /><G78/><AGARI ba="0,0" hai="9,10,16,20,26,78,83,87,92,93,94" m="48682" machi="78" ten="30,7700,0" yaku="18,1,52,2,54,1" doraHai="5" who="1" fromWho="3" sc="261,0,261,77,265,0,213,-77" /><INIT seed="4,0,0,0,1,61" ten="261,338,265,136" oya="0" hai0="16,80,112,24,111,14,104,99,87,23,3,120,114" hai1="128,108,133,131,105,54,7,42,17,1,37,4,59" hai2="27,35,118,55,58,69,93,43,121,110,20,5,73" hai3="68,126,56,31,103,124,10,70,29,48,53,109,15"/><T34/><D3/><U79/><E105/><V41/><F110/><W30/><G103/><T122/><D99/><U71/><E71/><V45/><F73/><W74/><G74/><T76/><D104/><U2/><E108/><V40/><F121/><W21/><G109/><T47/><D111/><U85/><E133/><V82/><F69/><W11/><G21/><T25/><D47/><N who="1" m="24015" /><E17/><V135/><F35/><W0/><G0/><T46/><D46/><U89/><E79/><V88/><F82/><W134/><G134/><T96/><D96/><U81/><E7/><V65/><F5/><W64/><G70/><T98/><D98/><U123/><E4/><V38/><F135/><W52/><G15/><T33/><D122/><U66/><E66/><V84/><F118/><W57/><G68/><T75/><D75/><U130/><E123/><V44/><F38/><W6/><G6/><T106/><D106/><U113/><E113/><N who="0" m="43625" /><D120/><U125/><E125/><N who="3" m="48234" /><G53/><T28/><D25/><U67/><E67/><V77/><F65/><W9/><G30/><T26/><D26/><U97/><E97/><V116/><F116/><W92/><G92/><T63/><D63/><AGARI ba="0,0" hai="1,2,54,59,63,81,85,89,128,130,131" m="24015" machi="63" ten="30,1000,0" yaku="19,1" doraHai="61" who="1" fromWho="0" sc="261,-10,338,10,265,0,136,0" /><AGARI ba="0,0" hai="9,10,11,29,31,48,52,56,57,63,64" m="48234" machi="63" ten="30,3900,0" yaku="18,1,52,1,54,1" doraHai="61" who="3" fromWho="0" sc="251,-39,348,0,265,0,136,39" /><INIT seed="5,0,0,0,3,25" ten="212,348,265,175" oya="1" hai0="46,57,104,39,32,117,14,127,114,18,50,5,66" hai1="53,105,16,9,88,77,108,42,30,92,31,90,28" hai2="43,24,118,15,74,62,58,22,44,23,132,131,0" hai3="91,109,34,116,11,129,85,27,130,37,41,124,45"/><U51/><E105/><V134/><F118/><W102/><G109/><T112/><D104/><U65/><E65/><V1/><F74/><W100/><G124/><T3/><D117/><U40/><E108/><V73/><F73/><W4/><G116/><T6/><D127/><U64/><E64/><V8/><F131/><W10/><G10/><T63/><D32/><U122/><E122/><V123/><F123/><W98/><G98/><T99/><D39/><U54/><E77/><V12/><F58/><W60/><G60/><T47/><D99/><N who="1" m="57735" /><E90/><V68/><F62/><W126/><G126/><T52/><D47/><N who="1" m="27903" /><E54/><V55/><F55/><W107/><G107/><T111/><D111/><U38/><E38/><V71/><F68/><W135/><G102/><T84/><D84/><U7/><E7/><V95/><F71/><W115/><G100/><T128/><D128/><N who="3" m="49257" /><G85/><T61/><D3/><U67/><E67/><V69/><F69/><W120/><G91/><T70/><D6/><U81/><E81/><V13/><F1/><N who="3" m="399" /><G120/><T29/><D5/><U78/><E78/><V2/><F2/><W21/><G34/><T80/><D80/><U121/><E121/><V20/><F0/><W86/><G86/><T75/><D75/><U83/><E83/><V101/><F101/><W56/><G37/><T82/><D82/><U35/><E35/><V19/><F95/><W26/><G41/><T72/><D72/><U89/><E89/><V59/><F43/><W125/><G125/><T94/><D94/><U113/><E113/><V96/><F96/><W87/><G115/><T79/><D114/><RYUUKYOKU ba="0,0" sc="212,-10,348,30,265,-10,175,-10" hai1="9,16,28,30,31,40,42" /><INIT seed="5,1,0,1,1,37" ten="202,378,255,165" oya="1" hai0="9,72,5,49,0,117,92,115,129,14,101,104,54" hai1="11,4,45,131,77,113,128,80,123,114,110,3,66" hai2="52,83,79,39,99,44,97,36,107,133,38,73,56" hai3="118,55,60,111,103,134,10,82,96,67,62,93,74"/><U122/><E66/><V63/><F133/><W108/><G111/><T106/><D72/><N who="1" m="43047" /><E45/><V31/><F31/><W22/><G108/><T7/><D117/><U91/><E91/><V35/><F35/><W30/><G134/><T109/><D109/><U112/><E110/><V121/><F121/><AGARI ba="1,0" hai="3,4,11,112,113,114,121,122,123,128,131" m="43047" machi="121" ten="40,3900,0" yaku="15,1,23,1" doraHai="37" who="1" fromWho="2" sc="202,0,378,42,255,-42,165,0" /><INIT seed="5,2,0,4,1,25" ten="202,420,213,165" oya="1" hai0="135,73,33,16,87,42,56,49,94,68,15,89,85" hai1="58,12,30,41,84,18,45,69,116,23,46,108,40" hai2="105,13,62,47,107,70,74,91,128,29,14,132,95" hai3="104,50,101,48,9,31,71,103,78,117,133,99,51"/><U82/><E69/><V81/><F132/><W20/><G133/><T125/><D68/><U35/><E108/><V52/><F128/><W111/><G111/><T134/><D73/><U83/><E116/><V122/><F122/><W53/><G71/><T64/><D33/><U98/><E98/><V75/><F70/><W112/><G117/><T100/><D125/><U17/><E82/><V22/><F107/><W127/><G112/><T10/><D100/><U113/><E113/><V19/><F105/><W129/><G127/><T38/><D38/><U110/><E35/><V3/><F3/><W119/><G119/><T65/><D135/><U109/><E30/><V0/><F0/><W54/><G78/><T6/><D6/><U43/><E58/><V1/><F1/><W130/><G9/><T7/><D7/><U86/><E86/><V59/><F47/><W72/><G72/><T79/><D134/><U97/><E97/><V80/><F75/><W106/><G106/><T76/><D76/><N who="1" m="46183" /><E109/><V67/><F67/><W92/><G104/><T27/><D79/><U37/><E37/><V120/><F120/><W121/><G121/><T93/><D85/><U60/><E60/><V77/><F81/><W28/><G103/><T44/><D56/><U26/><E110/><V36/><F36/><W8/><G8/><AGARI ba="2,0" hai="8,12,17,18,23,26,40,41,43,45,46" m="46183" machi="8" ten="30,1500,0" yaku="8,1" doraHai="25" who="1" fromWho="3" sc="202,0,420,21,213,0,165,-21" /><INIT seed="5,3,0,4,2,101" ten="202,441,213,144" oya="1" hai0="7,68,18,98,118,69,57,11,70,135,30,0,63" hai1="97,16,76,106,129,82,88,23,72,115,9,71,43" hai2="113,39,45,36,27,24,99,54,93,116,66,132,12" hai3="44,35,80,96,84,124,20,13,3,22,95,19,120"/><U103/><E71/><V122/><F116/><W28/><G120/><T14/><D118/><U92/><E115/><V134/><F122/><W62/><G3/><T64/><D135/><N who="2" m="51754" /><F113/><W32/><G124/><T105/><D30/><U61/><E129/><V46/><F66/><W75/><G75/><T51/><D51/><U133/><E133/><V83/><F83/><W4/><G4/><T29/><D29/><U25/><E43/><V42/><F12/><W65/><G44/><T8/><REACH who="0" step="1"/><D98/><REACH who="0" ten="192,441,213,144" step="2"/><U108/><E108/><V112/><F112/><W77/><G28/><T90/><D90/><U89/><E61/><V48/><F39/><W78/><G78/><T47/><D47/><U52/><E89/><AGARI ba="3,1" hai="24,27,36,42,45,46,48,54,89,93,99" m="51754" machi="89" ten="30,1000,0" yaku="20,1" doraHai="101" who="2" fromWho="1" sc="192,0,441,-19,213,29,144,0" /><INIT seed="6,0,0,2,0,99" ten="192,422,242,144" oya="2" hai0="111,117,88,105,44,28,85,97,72,114,110,45,19" hai1="92,27,50,1,15,7,52,135,38,74,58,62,6" hai2="93,95,0,70,71,23,78,103,123,68,75,125,22" hai3="37,108,119,47,39,126,112,29,30,122,56,79,113"/><V34/><F123/><W67/><G79/><T13/><D72/><U4/><E74/><V128/><F34/><W133/><G29/><T131/><D28/><U81/><E38/><N who="3" m="14346" /><G30/><T65/><D19/><U3/><E135/><V73/><F78/><W106/><G106/><T94/><D13/><U40/><E81/><V8/><F71/><W83/><G83/><T127/><D44/><U17/><E27/><V48/><F8/><W91/><G91/><T101/><D45/><U107/><E107/><V115/><F0/><W36/><G122/><T60/><D117/><U77/><E77/><V132/><F132/><W124/><G133/><T2/><D2/><U63/><E92/><V21/><F21/><W32/><G32/><T43/><D110/><U120/><E120/><V84/><F84/><W25/><G25/><T98/><D111/><U64/><E40/><V87/><F87/><W55/><G108/><T134/><D134/><U53/><E53/><V59/><F95/><W129/><G119/><T57/><D85/><U42/><E42/><V116/><F116/><W109/><G109/><T5/><D43/><U41/><E41/><V35/><F75/><W89/><N who="3" m="14354" /><W82/><DORA hai="90" /><G129/><T11/><D131/><U51/><E3/><V26/><F128/><W66/><G47/><T9/><D9/><N who="1" m="6383" /><E1/><V86/><F73/><W76/><G76/><T14/><REACH who="0" step="1"/><D127/><REACH who="0" ten="182,422,242,144" step="2"/><N who="3" m="48681" /><G113/><AGARI ba="0,1" hai="5,11,14,57,60,65,88,94,97,98,101,105,113,114" machi="113" ten="40,8000,1" yaku="1,1,52,2,54,1,53,0" doraHai="99,90" doraHaiUra="31,118" who="0" fromWho="3" sc="182,90,422,0,242,0,144,-80" /><INIT seed="7,0,0,4,1,18" ten="272,422,242,64" oya="3" hai0="121,111,131,101,62,37,2,72,9,36,130,87,3" hai1="20,29,92,16,21,54,0,28,124,38,132,129,79" hai2="75,24,48,6,76,41,12,52,64,5,14,32,4" hai3="126,117,89,128,43,71,88,80,110,27,8,47,90"/><W109/><G117/><T103/><D72/><U133/><E0/><V91/><F75/><W107/><G107/><T120/><D62/><U39/><E79/><V122/><F122/><W40/><G71/><T82/><D9/><U65/><E65/><V119/><F119/><W86/><G128/><T94/><D94/><U30/><E129/><V10/><F76/><W93/><G126/><T99/><D87/><U35/><E35/><V112/><F112/><W85/><G8/><T118/><D118/><U61/><E21/><V116/><F116/><W77/><G27/><T31/><D31/><U115/><E115/><V106/><F64/><W113/><G113/><T123/><D123/><U63/><E92/><V97/><F41/><W59/><G59/><T108/><D82/><U7/><E7/><V96/><F106/><W19/><G19/><T55/><D55/><U67/><E54/><V57/><F10/><W70/><G70/><T58/><D58/><U49/><E49/><V134/><F134/><W15/><G15/><N who="2" m="5673" /><F91/><W1/><G1/><T127/><D127/><U46/><E46/><V114/><F114/><W26/><G26/><T44/><D44/><U45/><E45/><V98/><F32/><W105/><G105/><T83/><D83/><U25/><E124/><V102/><F24/><W60/><G60/><N who="1" m="23114" /><E67/><V13/><N who="2" m="5681" /><V100/><AGARI ba="0,0" hai="4,5,6,48,52,57,96,97,98,100,102" m="5681" machi="100" ten="40,5200,0" yaku="4,1,8,1,54,1" doraHai="18" who="2" fromWho="2" sc="272,-13,422,-13,242,52,64,-26" owari="259,-14.0,409,51.0,294,9.0,38,-46.0" /></mjloggm>