<mjloggm ver="2.3"><GO type="169" lobby="0"/><UN n0="%6C%6F%4A%61%73%6B%69%6E" n1="%E3%82%A6%E3%83%AB%E3%83%88%E3%83%A9%E7%AB%8B%E7%9B%B4" n2="%E5%AE%8C%E5%85%A8%E7%84%A1%E6%95%B5%E5%B0%91%E5%A5%B3%44%58" n3="%28%E3%80%8C%E3%83%BB%60%CF%89%E3%83%BB%29%E3%80%8C" dan="16,18,16,18" rate="2079.88,2192.84,2103.24,2222.31" sx="F,M,M,M"/><TAIKYOKU oya="0"/><INIT seed="0,0,0,2,0,41" ten="250,250,250,250" oya="0" hai0="93,3,103,21,40,124,4,18,11,67,61,126,131" hai1="0,63,96,122,25,81,128,60,133,7,78,129,112" hai2="101,91,69,37,42,127,49,117,56,28,59,27,58" hai3="121,31,88,95,51,135,104,22,108,113,87,48,115"/><T36/><D131/><U116/><E122/><V38/><F127/><W92/><G104/><T105/><D105/><U80/><E116/><V20/><F69/><W34/><G121/><T98/><D40/><U120/><E120/><V9/><F101/><W17/><G108/><T99/><D36/><U54/><E133/><V106/><F106/><W64/><G135/><T73/><D73/><U109/><E109/><V15/><F117/><W77/><G77/><T70/><REACH who="0" step="1"/><D99/><REACH who="0" ten="240,250,250,250" step="2"/><U132/><E96/><V50/><F42/><W12/><G115/><T71/><D71/><U47/><E112/><V79/><F38/><W46/><G113/><T24/><AGARI ba="0,1" hai="3,4,11,18,21,24,61,67,70,93,98,103,124,126" machi="24" ten="30,3000,0" yaku="1,1,0,1,53,0" doraHai="41" doraHaiUra="55" who="0" fromWho="0" sc="240,40,250,-10,250,-10,250,-10" /><INIT seed="0,1,0,0,1,93" ten="280,240,240,240" oya="0" hai0="125,16,43,27,13,39,64,118,105,92,90,82,47" hai1="81,17,22,130,61,76,25,8,33,56,88,49,10" hai2="111,126,14,28,55,38,69,20,59,99,106,109,44" hai3="91,72,67,34,1,23,42,115,123,0,46,110,5"/><T86/><D125/><U26/><E130/><V133/><F126/><W62/><G34/><T112/><D105/><U89/><E49/><V79/><F133/><W3/><G115/><T83/><D112/><U103/><E103/><N who="2" m="62847" /><F79/><W48/><G72/><T58/><D118/><U32/><E32/><V128/><F69/><W29/><G123/><T134/><D134/><U12/><E33/><V35/><F128/><W60/><G110/><N who="2" m="41993" /><F35/><W70/><G60/><T114/><D114/><U21/><E10/><V71/><F71/><W75/><G75/><T132/><D27/><U135/><E135/><V104/><F104/><W129/><G129/><T95/><D95/><U6/><E76/><V77/><F77/><W45/><G45/><T131/><D131/><U53/><REACH who="1" step="1"/><E81/><REACH who="1" ten="280,230,240,240" step="2"/><V94/><F38/><W121/><G121/><T31/><D132/><U63/><E63/><V40/><F40/><W100/><G100/><T52/><D83/><U85/><E85/><V30/><F44/><W9/><G91/><T54/><D82/><U80/><E80/><V102/><F102/><W127/><G127/><T116/><D116/><U11/><E11/><V50/><F94/><W113/><G113/><T65/><D47/><U19/><AGARI ba="1,1" hai="6,8,12,17,19,21,22,25,26,53,56,61,88,89" machi="19" ten="20,12000,2" yaku="1,1,0,1,7,1,9,1,8,1,54,1,53,0" doraHai="93" doraHaiUra="66" who="1" fromWho="1" sc="280,-61,230,133,240,-31,240,-31" /><INIT seed="1,0,0,1,4,22" ten="219,363,209,209" oya="1" hai0="60,96,66,27,90,77,74,56,53,103,4,123,112" hai1="113,68,94,37,97,17,5,110,65,132,101,39,48" hai2="134,2,18,43,115,78,45,92,36,44,108,130,26" hai3="98,21,75,99,38,119,126,79,46,135,125,50,11"/><U3/><E113/><V32/><F2/><W114/><G38/><T23/><D112/><U117/><E117/><V58/><F108/><W47/><G119/><T70/><D123/><U10/><E132/><V116/><F115/><W104/><G135/><T54/><D4/><U34/><E34/><V124/><F116/><W59/><G114/><T63/><D90/><U14/><E110/><V7/><F45/><W72/><G11/><T62/><D54/><U86/><E48/><V127/><F130/><W30/><G59/><T120/><D120/><U1/><E1/><V71/><F71/><W133/><G133/><T20/><D63/><U80/><E65/><V129/><F129/><W102/><G98/><T13/><D13/><U28/><E28/><V64/><F92/><W0/><G0/><T69/><D23/><U83/><E80/><V57/><F7/><W82/><G72/><T29/><D77/><U51/><E51/><V91/><F78/><W25/><REACH who="3" step="1"/><G47/><REACH who="3" ten="219,363,209,199" step="2"/><T12/><D74/><U40/><E39/><V9/><F134/><W95/><G95/><T6/><D70/><U41/><E37/><V107/><F58/><W88/><G88/><T52/><D69/><U87/><E68/><V128/><F128/><W49/><G49/><T19/><D62/><U111/><E111/><V35/><F91/><W122/><G122/><T31/><D6/><U73/><E73/><V106/><F9/><W33/><G33/><N who="2" m="12873" /><F107/><W93/><G93/><N who="0" m="58767" /><D12/><U109/><E109/><V8/><F106/><W67/><G67/><T61/><D61/><U55/><E14/><V16/><F64/><RYUUKYOKU ba="0,1" sc="219,15,363,-15,209,-15,199,15" hai0="19,20,27,29,31,52,53,56,60,66" hai3="21,25,30,46,50,75,79,82,99,102,104,125,126" /><INIT seed="2,1,1,4,4,95" ten="234,348,194,214" oya="2" hai0="62,108,2,55,133,13,81,85,84,10,7,1,0" hai1="41,44,129,113,54,66,110,12,8,68,42,64,33" hai2="121,96,48,69,107,111,91,115,126,82,15,117,120" hai3="3,94,125,31,20,34,23,118,116,78,102,49,46"/><V97/><F69/><W71/><G3/><T124/><D133/><U51/><E33/><V57/><F117/><W100/><G71/><T59/><D108/><U9/><E113/><V90/><F115/><W17/><G78/><T19/><D124/><U21/><E110/><V104/><F126/><W18/><G125/><T27/><D27/><U47/><E129/><V132/><F111/><W37/><G37/><T80/><D80/><U70/><E21/><V6/><F132/><W88/><G34/><T135/><D135/><U74/><E74/><V99/><F6/><W72/><G72/><T114/><D114/><U79/><E79/><V127/><F127/><W63/><G63/><T92/><D92/><U86/><E86/><N who="2" m="50647" /><F15/><W22/><G31/><T4/><REACH who="0" step="1"/><D85/><REACH who="0" ten="224,348,194,214" step="2"/><U45/><E12/><V83/><F104/><W128/><G118/><T122/><D122/><U35/><E35/><V14/><F107/><W112/><G116/><T76/><AGARI ba="1,2" hai="0,1,2,4,7,10,13,19,55,59,62,76,81,84" machi="76" ten="30,2000,0" yaku="1,1,0,1,53,0" doraHai="95" doraHaiUra="134" who="0" fromWho="0" sc="224,43,348,-6,194,-11,214,-6" /><INIT seed="3,0,0,4,3,6" ten="267,342,183,208" oya="3" hai0="33,107,16,11,117,92,0,132,21,35,25,63,14" hai1="111,71,133,101,77,134,91,95,37,128,36,94,17" hai2="52,2,122,75,49,28,87,127,70,69,93,79,108" hai3="113,106,115,60,51,135,34,110,121,61,8,57,62"/><W68/><G106/><T103/><D107/><U54/><E71/><V123/><F108/><W29/><G34/><T88/><D117/><U26/><E111/><V78/><F127/><W20/><G29/><T58/><D103/><U125/><E125/><V74/><F28/><W3/><G110/><T13/><D0/><U76/><E101/><V97/><F2/><W23/><G121/><N who="2" m="46089" /><F69/><W73/><G73/><N who="2" m="27657" /><F70/><W39/><G68/><T90/><D132/><N who="1" m="50795" /><E54/><V131/><F87/><W109/><G109/><T41/><D41/><U32/><E95/><V100/><F131/><W118/><G135/><T46/><D46/><AGARI ba="0,0" hai="46,49,52,78,79,93,97,100" m="27657,46089" machi="46" ten="30,2000,0" yaku="13,1,54,1" doraHai="6" who="2" fromWho="0" sc="267,-20,342,0,183,20,208,0" /><INIT seed="4,0,0,4,1,75" ten="247,342,203,208" oya="0" hai0="14,49,117,73,67,4,46,69,55,120,108,12,135" hai1="5,19,71,72,53,24,115,111,68,86,6,16,101" hai2="93,129,94,20,132,9,23,124,0,47,66,62,52" hai3="64,29,89,119,127,99,109,56,98,22,8,106,78"/><T10/><D120/><U105/><E72/><V57/><F129/><W114/><G109/><T41/><D117/><U26/><E111/><V35/><F35/><W87/><G119/><T118/><D135/><U88/><E101/><V58/><F132/><W80/><G114/><T95/><D118/><U81/><E105/><V100/><F124/><W102/><G127/><T122/><D122/><U134/><E134/><V17/><F47/><W32/><G32/><T43/><D73/><U112/><E53/><V1/><F1/><W50/><G8/><T74/><D74/><U76/><E88/><V38/><F38/><W77/><G98/><T123/><D123/><U63/><E63/><V21/><F100/><W39/><G39/><T65/><D69/><U125/><E125/><V25/><F0/><W15/><G15/><T40/><D108/><U90/><E90/><V30/><F9/><W133/><G133/><T36/><D36/><U96/><E96/><V104/><F104/><W44/><G56/><T130/><D130/><U18/><E68/><V7/><F7/><N who="1" m="2569" /><E71/><V110/><F110/><W51/><G64/><T37/><D37/><U28/><E28/><V116/><F116/><W91/><G91/><T107/><D107/><U85/><E85/><V33/><REACH who="2" step="1"/><F17/><REACH who="2" ten="247,342,193,208" step="2"/><W48/><REACH who="3" step="1"/><G44/><REACH who="3" ten="247,342,193,198" step="2"/><T11/><D10/><U128/><E128/><V113/><F113/><AGARI ba="0,2" hai="16,18,19,24,26,76,81,86,112,113,115" m="2569" machi="113" ten="30,7700,0" yaku="15,1,11,1,52,1,54,1" doraHai="75" who="1" fromWho="2" sc="247,0,342,97,193,-77,198,0" /><INIT seed="5,0,0,0,5,26" ten="247,439,116,198" oya="1" hai0="102,31,112,72,85,62,11,37,1,58,63,10,124" hai1="23,42,22,76,6,84,53,24,96,28,88,113,46" hai2="52,13,38,127,41,27,64,98,25,122,82,111,129" hai3="99,100,92,44,16,78,8,2,80,121,119,18,14"/><U89/><E113/><V48/><F111/><W57/><G2/><T3/><D72/><U34/><E6/><V0/><F0/><W51/><G121/><T81/><D37/><U97/><E53/><V135/><F122/><W21/><G57/><T4/><D112/><U130/><E130/><V114/><F129/><W66/><G66/><T108/><D124/><U120/><E120/><V74/><F127/><W134/><G134/><T15/><D102/><U93/><E76/><V60/><F135/><W101/><G101/><T94/><D94/><U68/><E68/><V59/><F98/><W105/><G105/><T65/><D1/><U17/><E17/><V79/><F13/><W61/><G61/><T95/><D95/><U126/><E126/><V107/><F107/><W30/><G119/><T54/><D108/><U116/><E116/><V5/><F5/><W75/><G30/><T109/><D109/><U50/><E97/><V71/><F114/><W77/><G77/><T132/><D31/><U106/><E106/><V110/><F110/><W123/><G123/><T125/><D125/><U133/><E133/><V49/><F49/><W39/><G39/><T70/><D132/><U19/><E19/><V115/><REACH who="2" step="1"/><F115/><REACH who="2" ten="247,439,106,198" step="2"/><W43/><G51/><T104/><D104/><U35/><E50/><V90/><F90/><W67/><G99/><T36/><D36/><N who="1" m="21831" /><E89/><V7/><F7/><W117/><G117/><T45/><D45/><AGARI ba="0,1" hai="25,27,38,41,45,48,52,59,60,64,71,74,79,82" machi="45" ten="40,8000,1" yaku="1,1,24,2,54,1,53,0" doraHai="26" doraHaiUra="33" who="2" fromWho="0" sc="247,-80,439,0,106,90,198,0" /><INIT seed="6,0,0,5,0,15" ten="167,439,196,198" oya="2" hai0="104,96,65,12,42,99,80,14,58,100,122,30,47" hai1="127,59,48,70,39,95,43,7,87,24,11,101,25" hai2="109,103,3,89,52,4,115,106,61,125,133,9,134" hai3="114,34,94,44,26,38,111,13,35,119,132,21,121"/><V88/><F115/><W67/><G121/><T120/><D30/><U116/><E70/><V82/><F125/><W76/><G119/><T117/><D117/><U23/><E116/><V53/><F109/><W6/><G111/><T129/><D129/><U36/><E25/><V68/><F68/><W28/><G67/><T33/><D33/><U50/><E39/><V17/><F82/><W45/><G76/><T49/><D120/><U81/><E36/><V123/><F123/><W105/><G105/><T60/><D122/><U62/><E43/><V31/><F31/><W75/><G75/><T19/><D80/><U74/><E74/><V130/><F130/><W22/><G132/><N who="2" m="50793" /><F17/><W55/><G114/><T85/><D85/><U97/><E127/><V0/><F0/><W40/><G94/><T16/><D12/><N who="1" m="5247" /><E87/><V64/><F64/><W63/><G6/><T2/><D2/><U77/><E81/><V98/><F61/><W72/><G72/><T46/><D14/><U57/><E77/><V78/><F78/><W135/><G135/><T51/><D99/><U110/><E110/><V41/><F41/><AGARI ba="0,0" hai="16,19,41,42,46,47,49,51,58,60,65,96,100,104" machi="41" ten="30,8000,1" yaku="7,1,9,1,52,2,54,1" doraHai="15" who="0" fromWho="2" sc="167,80,439,0,196,-80,198,0" /><INIT seed="7,0,0,5,3,70" ten="247,439,116,198" oya="3" hai0="23,6,92,4,107,78,126,43,41,27,51,38,105" hai1="20,45,36,101,87,131,14,60,119,74,31,100,113" hai2="65,93,2,77,114,10,99,89,39,117,73,72,75" hai3="62,91,52,49,133,40,116,80,115,83,35,127,63"/><W124/><G35/><T58/><D78/><U59/><E74/><V5/><F117/><W29/><G29/><T17/><D38/><U44/><E36/><V82/><F65/><W16/><G116/><T112/><D107/><U56/><E131/><V90/><F114/><W28/><G28/><T55/><D105/><U37/><E37/><V66/><F66/><W106/><G106/><T71/><D71/><U86/><E113/><V120/><F120/><W15/><G40/><N who="0" m="15435" /><D112/><U8/><E59/><V111/><F111/><W123/><G123/><T26/><D126/><N who="3" m="48169" /><G115/><T24/><D92/><U47/><E119/><V110/><F110/><W118/><G118/><T129/><D129/><U103/><E20/><V121/><F121/><W108/><G108/><T18/><D18/><N who="1" m="8519" /><E31/><V95/><REACH who="2" step="1"/><F39/><REACH who="2" ten="247,439,106,198" step="2"/><W12/><G133/><T32/><D32/><U122/><E122/><V30/><F30/><W68/><G68/><T135/><D135/><U85/><E103/><V61/><F61/><W57/><G63/><T79/><D51/><U67/><AGARI ba="0,1" hai="44,45,47,56,60,67,85,86,87,100,101" m="8519" machi="67" ten="30,1100,0" yaku="8,1" doraHai="70" who="1" fromWho="1" sc="247,-3,439,21,106,-3,198,-5" owari="244,4.0,460,57.0,103,-40.0,193,-21.0" /></mjloggm>