<mjloggm ver="2.3"><GO type="169" lobby="0"/><UN n0="%E3%83%8F%E3%82%A4%E3%83%86%E3%83%B3%E3%83%9C%E3%83%BC" n1="%E3%83%95%E3%83%AC%E3%83%BC%E3%82%BA%E3%83%8E" n2="%E3%82%A6%E3%83%AB%E3%83%88%E3%83%A9%E7%AB%8B%E7%9B%B4" n3="%68%61%79%61%74%6F%E2%98%86" dan="16,16,17,17" rate="2106.55,2097.67,2155.20,2194.86" sx="M,M,M,M"/><TAIKYOKU oya="0"/><INIT seed="0,0,0,0,3,75" ten="250,250,250,250" oya="0" hai0="46,83,87,80,66,16,89,50,126,102,109,55,65" hai1="49,104,110,38,17,10,117,122,31,3,27,13,14" hai2="121,32,130,25,56,40,1,135,84,12,132,37,29" hai3="4,62,57,58,51,96,131,68,113,2,85,81,54"/><T107/><D126/><U59/><E38/><V18/><F40/><W19/><G113/><T22/><D107/><U43/><E104/><V111/><F37/><W42/><G131/><T99/><D109/><U36/><E36/><V91/><F56/><W73/><G73/><T129/><D129/><U98/><E3/><V120/><F1/><W97/><G68/><T114/><D114/><U90/><E117/><V34/><F34/><W6/><G2/><T105/><REACH who="0" step="1"/><D80/><REACH who="0" ten="240,250,250,250" step="2"/><U119/><E110/><V44/><F111/><W45/><G96/><T30/><D30/><U26/><E31/><V79/><F130/><W124/><G97/><T74/><D74/><U21/><E119/><V23/><F121/><W123/><G124/><T39/><D39/><U118/><E118/><V116/><F120/><W15/><G123/><T9/><D9/><U76/><E122/><V133/><F116/><W100/><G100/><T95/><D95/><U78/><E10/><V134/><F134/><W88/><REACH who="3" step="1"/><G58/><REACH who="3" ten="240,250,250,240" step="2"/><T24/><AGARI ba="0,2" hai="16,22,24,46,50,55,65,66,83,87,89,99,102,105" machi="24" ten="20,7800,0" yaku="1,1,0,1,7,1,54,1,53,0" doraHai="75" doraHaiUra="5" who="0" fromWho="0" sc="240,98,250,-26,250,-26,240,-26" /><INIT seed="0,1,0,3,0,120" ten="338,224,224,214" oya="0" hai0="23,68,29,1,87,85,52,109,75,34,102,58,124" hai1="39,118,45,94,41,11,108,130,121,9,106,111,67" hai2="10,36,28,92,98,53,8,50,51,59,119,95,86" hai3="49,22,63,90,5,27,74,116,112,12,42,44,113"/><T133/><D75/><U2/><E106/><V61/><F36/><W126/><G74/><T76/><D68/><U21/><E118/><V114/><F114/><W17/><G116/><T35/><D1/><U91/><E121/><V33/><F33/><W13/><G126/><T71/><D71/><U55/><E130/><V72/><F72/><W101/><G101/><T43/><D43/><U122/><E122/><V20/><F119/><W38/><G38/><T93/><D124/><U117/><E117/><V54/><F61/><W100/><G100/><T103/><D133/><U80/><E80/><V134/><F134/><W40/><G40/><T64/><D64/><U7/><E67/><V37/><F37/><W107/><G107/><T31/><D76/><U60/><E21/><V70/><F70/><W123/><G123/><T62/><D35/><U19/><E19/><V81/><F20/><W65/><G90/><T97/><D34/><U125/><E11/><V88/><F28/><W46/><G5/><T79/><D103/><U132/><E132/><V128/><F128/><W131/><G131/><T48/><D62/><U82/><E82/><V127/><F127/><W30/><G30/><T57/><D57/><U25/><E125/><V66/><F66/><W47/><G112/><T84/><D79/><U0/><E0/><V99/><F95/><W26/><G113/><T104/><D104/><U110/><E25/><V15/><F92/><W105/><G105/><T129/><D129/><U73/><E73/><V3/><F3/><W78/><G78/><T16/><D109/><U24/><E108/><RYUUKYOKU ba="1,0" sc="338,30,224,-10,224,-10,214,-10" hai0="16,23,29,31,48,52,58,84,85,87,93,97,102" /><INIT seed="0,2,0,3,1,58" ten="368,214,214,204" oya="0" hai0="62,123,103,105,28,83,82,90,25,130,61,104,132" hai1="98,100,76,8,106,37,124,79,128,20,30,27,108" hai2="57,131,32,117,41,48,101,7,69,14,18,34,23" hai3="112,42,39,67,15,97,55,80,2,120,45,17,66"/><T64/><D123/><U10/><E108/><V46/><F69/><W54/><G2/><T53/><D130/><U50/><E37/><V47/><F131/><W77/><G112/><T31/><D132/><U4/><E128/><V99/><F117/><W26/><G120/><T59/><D31/><U38/><E38/><V134/><F134/><W87/><G97/><T56/><D103/><U129/><E129/><V119/><F119/><W11/><G55/><T68/><D68/><U95/><E124/><V127/><F127/><W94/><G94/><T88/><D105/><U89/><E50/><V13/><F47/><W22/><REACH who="3" step="1"/><G54/><REACH who="3" ten="368,214,214,194" step="2"/><T114/><D114/><U85/><E106/><V84/><F99/><W70/><G70/><T9/><D104/><U110/><E98/><V73/><F101/><W133/><G133/><T12/><D82/><U0/><E100/><V43/><F43/><W3/><G3/><T29/><D83/><U65/><E110/><V44/><F46/><W72/><G72/><T126/><D126/><U121/><E121/><V35/><F73/><W71/><G71/><T107/><D107/><U81/><E95/><V6/><F84/><W36/><G36/><T135/><D135/><U118/><E118/><V40/><F40/><W1/><G1/><T24/><D29/><AGARI ba="2,1" hai="11,15,17,22,26,29,39,42,45,66,67,77,80,87" machi="29" ten="30,2000,0" yaku="1,1,7,1,53,0" doraHai="58" doraHaiUra="109" who="3" fromWho="0" sc="368,-26,214,0,214,0,194,36" /><INIT seed="1,0,0,1,1,132" ten="342,214,214,230" oya="1" hai0="42,46,77,82,72,74,94,93,15,112,39,116,55" hai1="120,102,96,62,91,126,117,7,50,11,133,32,65" hai2="44,106,71,114,124,127,31,134,17,19,119,34,79" hai3="130,101,12,54,37,58,47,45,33,22,23,24,122"/><U67/><E117/><V21/><F106/><W1/><G1/><T97/><D116/><U88/><E120/><V85/><F119/><W83/><G122/><T57/><D112/><U18/><E32/><V6/><F114/><W13/><G130/><T84/><D15/><U56/><E133/><V108/><F134/><W53/><G101/><T76/><D76/><U14/><E67/><V51/><F71/><W89/><G33/><T3/><D3/><U73/><E73/><V109/><F6/><W70/><G70/><T49/><D94/><U105/><E126/><N who="2" m="48171" /><F34/><W86/><G23/><T59/><D59/><U43/><E7/><V113/><F113/><W27/><G24/><T78/><D78/><U2/><E2/><V60/><F60/><W99/><G99/><T128/><D128/><U100/><E100/><AGARI ba="0,0" hai="39,42,46,49,55,57,72,74,77,82,84,93,97,100" machi="100" ten="30,1000,0" yaku="7,1" doraHai="132" who="0" fromWho="1" sc="342,10,214,-10,214,0,230,0" /><INIT seed="2,0,0,5,0,8" ten="352,204,214,230" oya="2" hai0="29,30,12,70,68,51,27,115,0,31,26,99,63" hai1="46,88,28,125,7,85,91,59,65,119,87,77,5" hai2="14,33,66,50,39,79,16,15,38,98,18,1,55" hai3="74,24,100,54,22,43,41,120,83,86,113,92,116"/><V93/><F33/><W13/><G116/><T127/><D0/><U62/><E119/><V2/><F79/><W61/><G74/><T118/><D118/><U109/><E109/><V3/><F66/><W124/><G113/><T106/><D115/><U134/><E134/><V96/><F50/><W89/><G124/><T132/><D132/><U44/><E28/><V114/><F55/><W69/><G120/><T122/><D122/><U48/><E125/><V10/><F114/><W35/><G35/><T81/><D127/><U52/><E46/><V73/><F73/><W58/><G69/><T111/><D111/><U84/><E77/><V17/><F10/><W67/><G54/><T23/><D81/><U101/><E101/><V129/><F129/><W47/><G47/><T121/><D51/><U20/><E20/><V76/><F76/><W130/><G130/><T108/><D121/><U117/><E117/><V102/><REACH who="2" step="1"/><F96/><REACH who="2" ten="352,204,204,230" step="2"/><W94/><G43/><T57/><D108/><U80/><REACH who="1" step="1"/><E85/><REACH who="1" ten="352,194,204,230" step="2"/><V97/><F97/><W128/><G86/><T72/><D72/><U36/><E36/><AGARI ba="0,2" hai="1,2,3,14,15,16,17,18,36,38,39,93,98,102" machi="36" ten="50,12000,1" yaku="1,1,52,2,54,1,53,0" doraHai="8" doraHaiUra="78" who="2" fromWho="1" sc="352,0,194,-120,204,140,230,0" /><INIT seed="2,1,0,3,5,58" ten="352,74,344,230" oya="2" hai0="64,5,123,87,25,82,43,17,1,75,15,73,38" hai1="4,104,101,89,22,45,67,56,71,16,0,33,3" hai2="47,80,29,12,63,126,60,86,8,99,10,11,30" hai3="21,125,119,131,65,50,59,120,18,109,116,114,48"/><V61/><F126/><W130/><G21/><T19/><D123/><U91/><E33/><V122/><F122/><W102/><G18/><T52/><D1/><U41/><E71/><V74/><F74/><W90/><G102/><T6/><D38/><U96/><E4/><V98/><F47/><W69/><G69/><T133/><D43/><U97/><E97/><N who="2" m="36875" /><F12/><W37/><G90/><AGARI ba="1,0" hai="8,10,11,29,30,60,61,63,80,86,90" m="36875" machi="90" ten="30,11600,0" yaku="8,1,52,3" doraHai="58" who="2" fromWho="3" sc="352,0,74,0,344,119,230,-119" /><INIT seed="2,2,0,3,1,78" ten="352,74,463,111" oya="2" hai0="125,102,115,25,30,59,8,89,80,43,84,29,119" hai1="94,7,5,33,127,114,20,52,132,1,69,12,110" hai2="85,45,18,81,133,4,111,54,88,76,91,82,95" hai3="72,71,28,57,109,83,70,64,22,103,35,123,73"/><V6/><F133/><W48/><G123/><T14/><D115/><U113/><E33/><V50/><F111/><W19/><G103/><T90/><D125/><U24/><E69/><V37/><F37/><W10/><G35/><T32/><D30/><U106/><E106/><V58/><F58/><W97/><G97/><T34/><D102/><U112/><E1/><V62/><F62/><W26/><G109/><T77/><D34/><U79/><E110/><V23/><F91/><W104/><G104/><T105/><D105/><U65/><E65/><V98/><F82/><W101/><G101/><T120/><D120/><U96/><E127/><V66/><F66/><W49/><G72/><T44/><D59/><U9/><E132/><V15/><AGARI ba="2,0" hai="4,6,15,18,23,45,50,54,76,81,85,88,95,98" machi="15" ten="20,12000,1" yaku="0,1,7,1,8,1,52,1,54,1" doraHai="78" who="2" fromWho="2" sc="352,-42,74,-42,463,126,111,-42" /><INIT seed="2,3,0,3,2,47" ten="310,32,589,69" oya="2" hai0="104,53,120,119,123,124,135,87,38,20,69,5,113" hai1="4,33,58,115,56,64,126,122,127,89,79,36,8" hai2="11,130,75,81,39,55,109,95,14,80,108,22,30" hai3="128,133,61,129,110,84,10,96,100,13,16,40,86"/><V72/><F39/><W76/><G133/><T112/><D5/><U48/><E33/><V83/><F130/><N who="3" m="50283" /><G110/><N who="2" m="42601" /><F95/><N who="3" m="58399" /><G40/><T67/><D87/><N who="3" m="33321" /><G61/><T63/><D20/><U85/><E48/><V34/><F34/><W125/><G125/><T111/><D111/><U88/><E58/><V21/><F21/><W41/><G41/><T116/><D53/><U15/><E36/><V1/><F55/><W23/><G76/><T62/><D62/><N who="1" m="37959" /><E122/><N who="0" m="46633" /><D104/><U94/><E115/><N who="0" m="44105" /><D38/><U2/><E79/><V70/><F70/><W12/><G10/><T98/><D98/><U82/><E2/><V118/><F1/><W131/><G131/><T102/><D102/><U132/><E132/><V0/><F0/><W24/><AGARI ba="3,0" hai="12,13,16,23,24" m="33321,58399,50283" machi="24" ten="30,2000,0" yaku="19,1,54,1" doraHai="47" who="3" fromWho="3" sc="310,-8,32,-8,589,-13,69,29" /><INIT seed="3,0,0,5,0,3" ten="302,24,576,98" oya="3" hai0="25,33,84,95,77,19,66,71,75,58,39,51,103" hai1="15,61,132,60,76,22,67,130,16,37,7,44,129" hai2="8,45,35,72,14,10,59,104,0,64,24,81,100" hai3="113,49,90,2,94,13,52,56,73,29,69,120,131"/><W36/><G120/><T119/><D39/><U17/><E132/><V20/><F35/><W78/><G2/><T23/><D119/><U80/><E37/><V43/><F0/><W46/><G69/><T118/><D118/><U134/><E134/><V115/><F115/><W123/><G123/><T85/><D75/><U126/><E126/><V68/><F68/><W65/><G113/><T30/><D71/><U50/><E17/><V70/><F70/><W93/><G131/><N who="1" m="50186" /><E67/><V105/><F8/><W34/><G34/><T108/><D108/><U31/><E31/><V116/><F116/><W122/><G122/><T62/><D51/><U1/><E1/><V12/><F12/><W106/><G106/><T91/><D103/><U26/><E26/><V83/><F100/><W79/><G73/><T98/><D77/><U99/><E7/><N who="2" m="3423" /><F105/><W63/><G36/><T21/><REACH who="0" step="1"/><D33/><REACH who="0" ten="292,24,576,98" step="2"/><U54/><E99/><V102/><F72/><AGARI ba="0,1" hai="15,16,22,44,50,54,60,61,72,76,80" m="50186" machi="72" ten="30,2000,0" yaku="19,1,54,1" doraHai="3" who="1" fromWho="2" sc="292,0,24,30,576,-20,98,0" /><INIT seed="4,0,0,5,5,74" ten="292,54,556,98" oya="0" hai0="119,18,93,83,47,63,127,73,61,101,129,23,84" hai1="102,19,6,82,109,27,104,64,116,3,105,114,133" hai2="110,21,80,131,30,40,126,7,75,8,97,117,94" hai3="124,11,132,53,5,15,0,66,4,31,58,16,96"/><T113/><D119/><U121/><E109/><V59/><F117/><W135/><G124/><T1/><D1/><U128/><E116/><V103/><F110/><W122/><G122/><T123/><D123/><U55/><E121/><V45/><F131/><W28/><G66/><T90/><D127/><U79/><E55/><V71/><F71/><W57/><G96/><T72/><D72/><N who="1" m="43367" /><E19/><V68/><F68/><W13/><G57/><T32/><D32/><U86/><E86/><V10/><F59/><W78/><G78/><T106/><D129/><U48/><E48/><V60/><F60/><N who="3" m="35919" /><G4/><T95/><D106/><U39/><E128/><V24/><F7/><W125/><G0/><T34/><D34/><U41/><E133/><N who="3" m="51274" /><G125/><T85/><D73/><U67/><E102/><V118/><F118/><W50/><G50/><T49/><D95/><U69/><E69/><V98/><F80/><W76/><G76/><N who="0" m="46183" /><D101/><U111/><E111/><V81/><F81/><W14/><G14/><N who="0" m="9687" /><D113/><U130/><E114/><V25/><F75/><W99/><G99/><T92/><D92/><U89/><E130/><V112/><F98/><W38/><G38/><T37/><D37/><U70/><E70/><V2/><F2/><W54/><G54/><AGARI ba="0,0" hai="47,49,54,61,63,85,90,93" m="9687,46183" machi="54" ten="30,2900,0" yaku="8,1,52,1" doraHai="74" who="0" fromWho="3" sc="292,29,54,0,556,0,98,-29" /><INIT seed="4,1,0,3,4,76" ten="321,54,556,69" oya="0" hai0="59,70,18,16,113,128,122,88,5,34,48,43,119" hai1="21,71,86,82,105,23,9,100,83,36,77,80,108" hai2="19,26,0,58,42,92,124,56,52,33,130,87,112" hai3="63,40,47,101,121,12,118,94,67,98,109,62,110"/><T55/><D122/><U85/><E36/><V24/><F0/><W84/><G118/><T97/><D119/><U10/><E71/><V41/><F124/><W7/><G121/><T133/><D70/><U1/><E108/><V20/><F130/><W91/><G63/><T50/><D34/><U95/><E105/><V49/><F112/><W129/><G129/><T53/><D128/><U125/><E125/><V102/><F33/><W3/><G3/><T45/><D113/><U66/><E66/><V37/><F37/><W132/><G132/><T68/><D68/><U35/><E35/><V74/><F74/><W39/><G12/><T127/><D133/><U99/><E1/><V90/><F24/><W4/><G109/><T60/><D5/><U111/><E111/><V131/><F131/><W54/><G54/><T44/><D127/><U29/><E83/><V46/><F102/><W28/><G28/><T30/><D30/><U73/><E73/><V134/><F134/><W69/><REACH who="3" step="1"/><G110/><REACH who="3" ten="321,54,556,59" step="2"/><T13/><D13/><U75/><E75/><V126/><F126/><W93/><AGARI ba="1,1" hai="4,7,39,40,47,62,67,69,84,91,93,94,98,101" machi="93" ten="20,5200,0" yaku="1,1,2,1,0,1,7,1,53,0" doraHai="76" doraHaiUra="114" who="3" fromWho="3" sc="321,-27,54,-14,556,-14,59,65" /><INIT seed="5,0,0,0,3,78" ten="294,40,542,124" oya="1" hai0="7,46,35,69,84,123,134,114,64,104,57,50,101" hai1="25,14,133,1,75,22,18,100,42,24,118,124,76" hai2="91,20,122,36,28,115,49,79,55,65,32,112,59" hai3="74,94,92,67,96,17,15,45,54,51,116,39,121"/><U8/><E118/><V106/><F106/><W70/><G121/><T31/><D123/><U23/><E100/><V33/><F36/><W68/><G116/><T61/><D7/><U71/><E71/><V99/><F79/><W44/><G74/><T130/><D134/><U111/><E133/><V83/><F65/><W60/><G68/><T5/><D5/><U16/><E1/><V98/><F98/><W102/><G39/><T30/><D130/><U13/><E124/><V125/><F125/><W27/><G27/><T10/><D10/><U82/><E111/><V47/><F47/><W105/><G45/><T19/><D19/><U95/><E8/><AGARI ba="0,0" hai="8,15,17,44,51,54,60,67,70,92,94,96,102,105" machi="8" ten="30,1000,0" yaku="7,1" doraHai="78" who="3" fromWho="1" sc="294,0,40,-10,542,0,124,10" /><INIT seed="6,0,0,1,2,51" ten="294,30,542,134" oya="2" hai0="56,71,72,104,16,45,57,29,3,81,17,65,130" hai1="44,12,84,55,127,30,131,134,43,87,47,48,132" hai2="114,101,92,111,14,109,62,10,46,36,97,52,24" hai3="15,105,22,116,99,120,128,9,91,42,50,1,34"/><V41/><F114/><W7/><G34/><T121/><D104/><U129/><E30/><V110/><F24/><W118/><G120/><T103/><D3/><U33/><E33/><V63/><F52/><W4/><G128/><N who="1" m="49226" /><E12/><V100/><F100/><W106/><G22/><T75/><D103/><U74/><E74/><V2/><F2/><W96/><G50/><T126/><D71/><U32/><E32/><V98/><F98/><W82/><G42/><T59/><D29/><U102/><E102/><V0/><F0/><W54/><G91/><T85/><D130/><U73/><E73/><V19/><AGARI ba="0,0" hai="10,14,19,36,41,46,62,63,92,97,101,109,110,111" machi="19" ten="30,3000,0" yaku="0,1,10,1" doraHai="51" who="2" fromWho="2" sc="294,-10,30,-10,542,30,134,-10" /><INIT seed="6,1,0,2,2,99" ten="284,20,572,124" oya="2" hai0="103,52,121,48,77,41,13,50,6,73,117,29,38" hai1="63,88,20,37,5,81,101,69,35,30,102,66,31" hai2="106,125,70,74,44,82,34,60,86,33,27,91,62" hai3="2,123,11,97,132,28,39,19,71,83,0,76,104"/><V22/><F125/><W3/><G71/><T25/><D121/><U15/><E37/><V129/><F129/><W112/><G39/><T87/><D38/><U95/><E35/><V16/><F106/><W64/><G123/><T80/><D73/><U113/><E113/><V42/><F74/><W116/><G116/><T93/><D117/><U130/><E130/><V89/><F89/><W65/><G112/><T109/><D109/><U8/><E81/><V119/><F119/><W10/><G28/><T78/><D78/><U100/><REACH who="1" step="1"/><E20/><REACH who="1" ten="284,10,572,124" step="2"/><V51/><F34/><W75/><G83/><T105/><D80/><U47/><E47/><V108/><F33/><W46/><G46/><T107/><D77/><U26/><E26/><V56/><F108/><W135/><G76/><T9/><D25/><U98/><AGARI ba="1,1" hai="5,8,15,30,31,63,66,69,88,95,98,100,101,102" machi="98" ten="30,12000,2" yaku="1,1,0,1,52,3,54,1,53,0" doraHai="99" doraHaiUra="18" who="1" fromWho="1" sc="284,-31,10,133,572,-61,124,-31" /><INIT seed="7,0,0,1,3,36" ten="253,143,511,93" oya="3" hai0="81,73,23,83,21,28,109,46,42,72,24,4,96" hai1="8,78,70,53,120,44,110,124,123,14,126,116,65" hai2="86,94,17,22,76,54,5,57,60,79,84,35,64" hai3="0,118,55,95,58,67,50,19,125,82,130,62,134"/><W27/><G118/><T127/><D109/><U74/><E110/><V101/><F35/><W45/><G0/><T111/><D111/><U115/><E116/><V29/><F29/><W16/><G125/><N who="1" m="48234" /><E115/><V11/><F11/><W18/><G130/><T122/><D127/><U25/><E25/><V114/><F5/><W30/><G134/><T52/><D122/><U38/><E65/><V48/><F86/><W39/><G39/><T97/><D4/><N who="1" m="3335" /><E70/><V59/><F114/><W89/><G82/><T56/><D73/><U131/><E131/><V103/><F103/><W34/><REACH who="3" step="1"/><G19/><REACH who="3" ten="253,143,511,83" step="2"/><T10/><D83/><N who="1" m="45527" /><E38/><V105/><F17/><W31/><G31/><T93/><D28/><U102/><E102/><V133/><F101/><W77/><G77/><T61/><D81/><U104/><E104/><V119/><F105/><W71/><G71/><T132/><D132/><U63/><E44/><V26/><F133/><W37/><G37/><T88/><D46/><U99/><E99/><AGARI ba="0,1" hai="16,18,27,30,34,45,50,55,58,62,67,89,95,99" machi="99" ten="30,5800,0" yaku="1,1,7,1,54,1,53,0" doraHai="36" doraHaiUra="68" who="3" fromWho="1" sc="253,0,143,-58,511,0,83,68" /><INIT seed="7,1,0,2,0,5" ten="253,85,511,151" oya="3" hai0="134,127,104,54,64,31,106,112,101,34,30,98,90" hai1="41,78,132,22,36,57,110,102,47,18,65,11,67" hai2="27,38,87,62,21,33,88,70,39,66,89,73,50" hai3="123,48,122,97,86,94,69,44,96,63,77,126,28"/><W103/><G126/><T118/><D118/><U26/><E110/><V121/><F33/><W92/><G28/><T32/><D106/><U40/><E132/><V76/><F73/><W95/><G69/><T125/><D134/><U53/><E40/><V84/><F76/><W100/><G63/><T135/><D135/><U16/><E78/><V113/><F113/><W43/><G94/><T37/><D37/><U42/><E42/><V119/><F119/><W52/><G43/><T79/><D79/><U81/><E102/><V120/><F50/><W0/><G0/><T6/><D64/><U130/><E81/><AGARI ba="1,0" hai="44,48,52,77,81,86,92,95,96,97,100,103,122,123" machi="81" ten="40,3900,0" yaku="9,1,54,1" doraHai="5" who="3" fromWho="1" sc="253,0,85,-42,511,0,151,42" /><INIT seed="7,2,0,0,5,48" ten="253,43,511,193" oya="3" hai0="52,65,121,97,58,89,3,107,112,78,87,108,113" hai1="106,16,122,76,132,73,18,111,59,100,40,94,81" hai2="42,90,1,104,57,69,135,49,53,0,61,126,133" hai3="26,46,17,134,30,33,6,84,62,95,125,8,101"/><W68/><G125/><T72/><D3/><U39/><E111/><V14/><F104/><W19/><G46/><T35/><D35/><U10/><E122/><V60/><F126/><W45/><G45/><T123/><D65/><U15/><E132/><V88/><F14/><W130/><G130/><T31/><D31/><U34/><E34/><V37/><F37/><W114/><G114/><N who="0" m="44139" /><D78/><U116/><E116/><V109/><F109/><W22/><G33/><T55/><D72/><U93/><E40/><V75/><F75/><W2/><G134/><T115/><D108/><U41/><E41/><V24/><F42/><W74/><G74/><T4/><D4/><U47/><E47/><V25/><F1/><W118/><G118/><T66/><D66/><U120/><E120/><N who="0" m="46153" /><D58/><U23/><E39/><V54/><F0/><W67/><G101/><N who="0" m="62895" /><D115/><U64/><E106/><V124/><F124/><W102/><G102/><T98/><D98/><U63/><E100/><V105/><F105/><W80/><G95/><AGARI ba="2,0" hai="52,55,87,89,95" m="62895,46153,44139" machi="95" ten="30,8000,1" yaku="15,1,11,1,52,2,54,1" doraHai="48" who="0" fromWho="3" sc="253,86,43,0,511,0,193,-86" owari="339,14.0,43,-46.0,511,61.0,107,-29.0" /></mjloggm>