<mjloggm ver="2.3"><GO type="169" lobby="0"/><UN n0="%EF%BC%A4%EF%BC%B2%EF%BC%AF%EF%BC%B0" n1="%E5%82%B7%E3%81%AF%E6%B5%85%E3%81%84%E3%81%86%E3%81%A1%E3%81%AB" n2="%E3%82%A8%E3%82%B9%E3%83%86%E3%83%BC" n3="%E3%82%A6%E3%83%AB%E3%83%88%E3%83%A9%E7%AB%8B%E7%9B%B4" dan="17,16,17,17" rate="2116.54,2039.16,2100.89,2211.16" sx="M,M,F,M"/><TAIKYOKU oya="0"/><INIT seed="0,0,0,3,4,25" ten="250,250,250,250" oya="0" hai0="32,108,87,81,85,80,7,11,100,9,134,46,10" hai1="94,0,116,28,26,111,40,102,62,117,41,43,13" hai2="92,59,98,77,2,44,95,89,21,53,42,105,69" hai3="106,122,47,88,50,79,49,23,90,93,110,132,16"/><T66/><D134/><U39/><E39/><V30/><F2/><W48/><G106/><T96/><D32/><U1/><E111/><V29/><F69/><W60/><G110/><T115/><D108/><U15/><E62/><V121/><F121/><W64/><G132/><T84/><D115/><U120/><E120/><V119/><F119/><W8/><G8/><T17/><D7/><U61/><E61/><N who="2" m="36079" /><F105/><W37/><G79/><T118/><D118/><U68/><E68/><V76/><F21/><W54/><G37/><T82/><D66/><U18/><E0/><V114/><F114/><W19/><G19/><T51/><D17/><U126/><E1/><V71/><F71/><W56/><G122/><T103/><REACH who="0" step="1"/><D96/><REACH who="0" ten="240,250,250,250" step="2"/><U101/><E18/><V3/><F98/><N who="3" m="57639" /><G90/><T57/><D57/><U31/><E117/><V34/><F89/><W128/><G128/><T33/><D33/><U86/><E116/><V104/><F34/><W131/><G131/><T130/><D130/><U27/><E102/><V5/><F5/><W107/><G107/><T4/><D4/><U135/><E135/><V22/><F104/><W99/><G99/><T45/><D45/><U129/><E101/><V113/><F44/><W109/><G109/><T55/><AGARI ba="0,1" hai="9,10,11,46,51,55,80,81,82,84,85,87,100,103" machi="55" ten="40,12000,1" yaku="1,1,0,1,29,2,8,1,53,0" doraHai="25" doraHaiUra="35" who="0" fromWho="0" sc="240,130,250,-40,250,-40,250,-40" /><INIT seed="0,1,0,2,5,21" ten="370,210,210,210" oya="0" hai0="7,19,40,38,68,94,131,23,66,103,53,97,13" hai1="90,67,3,61,84,92,41,120,16,102,0,117,95" hai2="112,30,6,33,118,42,56,93,32,129,24,31,79" hai3="101,48,11,81,15,72,123,96,85,12,124,125,29"/><T107/><D131/><U127/><E117/><V126/><F112/><W121/><G72/><T73/><D73/><U9/><E120/><V100/><F129/><W58/><G29/><T109/><D7/><U18/><E41/><V25/><F118/><W115/><G115/><T62/><D109/><U8/><E127/><N who="3" m="48714" /><G58/><T80/><D80/><U113/><E113/><V108/><F126/><W71/><G48/><T4/><D4/><U57/><E3/><V54/><F108/><W59/><G59/><T20/><D40/><U128/><E128/><V89/><F6/><N who="3" m="3191" /><G15/><T87/><D38/><U88/><E102/><V45/><F100/><W49/><G49/><T64/><D64/><U51/><E51/><V55/><F79/><N who="3" m="46271" /><G71/><T44/><D44/><U86/><E0/><V106/><F106/><AGARI ba="1,0" hai="96,101,106,121,123" m="46271,3191,48714" machi="106" ten="30,1000,0" yaku="18,1" doraHai="21" who="3" fromWho="2" sc="370,0,210,0,210,-13,210,13" /><INIT seed="1,0,0,5,4,116" ten="370,210,197,223" oya="1" hai0="109,82,62,84,67,35,103,88,80,14,135,104,98" hai1="48,121,83,15,81,16,112,100,4,51,25,47,60" hai2="110,18,95,107,56,6,97,1,68,75,92,26,10" hai3="50,115,24,99,101,8,23,21,69,134,43,22,41"/><U27/><E121/><V129/><F68/><W54/><G115/><T74/><D109/><U65/><E112/><V55/><F110/><W57/><G134/><T34/><D135/><U32/><E100/><V36/><F129/><W37/><G69/><T5/><D74/><U49/><E47/><V64/><F75/><W77/><G77/><T78/><D78/><U33/><E32/><V89/><F36/><W28/><G8/><T70/><REACH who="0" step="1"/><D82/><REACH who="0" ten="360,210,197,223" step="2"/><U63/><E81/><V52/><F107/><W127/><G127/><T126/><D126/><U73/><E83/><V39/><F39/><W0/><G0/><T44/><D44/><U53/><E73/><V40/><F95/><N who="3" m="58623" /><G37/><T3/><D3/><U85/><E33/><V38/><F38/><W118/><G118/><T96/><D96/><U11/><E85/><V2/><F2/><W124/><G124/><T102/><D102/><U58/><REACH who="1" step="1"/><E4/><REACH who="1" ten="360,200,197,223" step="2"/><V123/><F6/><W76/><G76/><T87/><D87/><U108/><E108/><V13/><F97/><W93/><G93/><T66/><D66/><U46/><E46/><V30/><F92/><W94/><G94/><T120/><D120/><U106/><E106/><V9/><F64/><W119/><G119/><T45/><D45/><U133/><E133/><V130/><F123/><W117/><G117/><T91/><D91/><U71/><AGARI ba="0,2" hai="11,15,16,25,27,48,49,51,53,58,60,63,65,71" machi="71" ten="30,6000,0" yaku="1,1,0,1,54,1,53,0" doraHai="116" doraHaiUra="17" who="1" fromWho="1" sc="360,-20,200,80,197,-20,223,-20" /><INIT seed="1,1,0,5,5,67" ten="340,280,177,203" oya="1" hai0="124,65,133,121,64,62,72,71,36,25,101,59,61" hai1="90,28,12,53,4,32,113,73,18,98,119,21,29" hai2="47,135,20,2,81,41,51,69,107,31,48,16,116" hai3="76,46,128,131,66,19,15,96,39,86,9,127,56"/><U108/><E113/><V50/><F116/><W129/><G127/><T49/><D72/><U114/><E114/><V30/><F107/><W23/><G96/><T58/><D101/><U52/><E119/><V122/><F122/><W82/><G23/><T74/><D74/><U5/><E73/><V88/><F2/><W94/><G94/><T37/><D25/><U68/><E68/><V35/><F135/><W109/><G109/><T85/><D85/><U126/><E126/><V54/><F69/><W106/><G106/><T91/><D91/><U77/><E77/><V130/><F130/><W92/><G92/><T102/><D102/><U118/><E118/><V22/><F22/><W110/><G110/><T100/><D100/><U38/><E38/><N who="0" m="14953" /><D124/><U99/><E108/><V0/><F0/><W6/><G19/><T1/><D1/><U112/><E112/><V40/><F35/><W104/><G104/><T97/><D97/><N who="1" m="36875" /><E90/><V120/><F120/><W78/><G78/><T13/><D13/><U79/><E79/><V7/><F7/><N who="1" m="2633" /><E32/><V17/><F17/><W55/><G129/><T33/><D33/><U123/><E123/><V84/><F40/><N who="3" m="22815" /><G131/><T134/><D121/><U60/><E60/><V11/><F11/><W103/><G103/><T26/><D26/><U93/><E93/><V34/><F34/><W70/><G128/><T3/><D3/><U115/><E115/><V63/><F63/><N who="3" m="40287" /><G9/><T111/><D111/><U27/><E27/><N who="2" m="14727" /><F41/><W80/><G6/><T57/><D71/><U117/><E117/><V95/><F95/><W43/><G82/><T24/><D24/><RYUUKYOKU ba="1,0" sc="340,10,280,10,177,10,203,-30" hai0="49,57,58,59,61,62,64,65,133,134" hai1="12,18,21,28,29,52,53" hai2="30,31,47,48,50,51,54,81,84,88" /><INIT seed="1,2,0,1,4,37" ten="350,290,187,173" oya="1" hai0="106,7,13,73,57,65,22,98,77,41,30,104,20" hai1="68,132,97,21,123,94,130,29,101,0,93,112,76" hai2="3,83,120,80,10,24,90,95,78,61,35,72,60" hai3="44,79,88,51,125,2,49,17,32,110,111,53,42"/><U1/><E68/><V46/><F120/><W64/><G2/><T48/><D77/><U74/><E112/><V114/><F114/><W113/><G32/><T26/><D73/><U85/><E74/><V19/><F80/><W67/><G113/><T103/><D104/><U8/><E130/><V36/><F35/><W45/><G79/><T4/><D65/><N who="3" m="25161" /><G17/><T122/><D122/><U38/><E38/><V134/><F134/><W43/><G88/><T47/><D57/><U75/><E75/><V50/><F24/><W33/><G33/><T92/><D106/><U108/><E132/><V16/><F36/><N who="3" m="21575" /><G125/><T59/><D59/><AGARI ba="2,0" hai="43,45,49,51,53,59,110,111" m="21575,25161" machi="59" ten="30,7700,0" yaku="34,2,52,2" doraHai="37" who="3" fromWho="0" sc="350,-83,290,0,187,0,173,83" /><INIT seed="2,0,0,1,1,93" ten="267,290,187,256" oya="2" hai0="111,33,31,134,84,121,123,74,55,69,20,64,37" hai1="63,79,3,101,22,80,2,32,29,44,110,106,90" hai2="125,128,120,42,131,7,24,17,65,46,51,117,129" hai3="41,8,112,76,40,50,135,27,26,45,10,25,4"/><V87/><F120/><W127/><G127/><T94/><D74/><U39/><E110/><V107/><F117/><W36/><G135/><T119/><D33/><U83/><E83/><V116/><F116/><W54/><G112/><T30/><D37/><U132/><E90/><V95/><F107/><W15/><G36/><T88/><D111/><U67/><E22/><N who="2" m="13391" /><F125/><W53/><G76/><T124/><D124/><U60/><E132/><V58/><F7/><W86/><G86/><T78/><D78/><U105/><E105/><V14/><F14/><N who="3" m="5383" /><G41/><T97/><D119/><U57/><E2/><V100/><F87/><W118/><G118/><T52/><D134/><U56/><E3/><V13/><F13/><W115/><G115/><T114/><D84/><U59/><E79/><V38/><F65/><W72/><G72/><T21/><D114/><U98/><E80/><V126/><F126/><W130/><G130/><N who="2" m="33281" /><V91/><DORA hai="1" /><F91/><W6/><AGARI ba="0,0" hai="6,10,15,25,26,27,40,45,50,53,54" m="5383" machi="6" ten="30,4000,0" yaku="8,1,52,2" doraHai="93,1" who="3" fromWho="3" sc="267,-10,290,-10,187,-20,256,40" /><INIT seed="3,0,0,3,3,51" ten="257,280,167,296" oya="3" hai0="84,45,103,123,20,81,116,102,39,114,82,48,125" hai1="134,133,72,5,44,106,59,111,74,76,108,10,94" hai2="117,120,53,12,54,13,34,107,9,129,65,47,130" hai3="43,127,132,135,110,63,38,79,28,50,27,112,90"/><W70/><G112/><T104/><D39/><U115/><E115/><V67/><F117/><W91/><G38/><T57/><D123/><U30/><E106/><V23/><F34/><W49/><G79/><T8/><D104/><U78/><E30/><V17/><F107/><W21/><G127/><T105/><D105/><U101/><E44/><V119/><F119/><W61/><G110/><N who="1" m="42026" /><E59/><V0/><F0/><W24/><G43/><T71/><D71/><U3/><E78/><V32/><F32/><W128/><G70/><T92/><D57/><U77/><E76/><V37/><F120/><W26/><G21/><T73/><D20/><U42/><E42/><N who="2" m="22991" /><F67/><W80/><G28/><T109/><D45/><U124/><E124/><V4/><F65/><W1/><G1/><T69/><D69/><U29/><E29/><V15/><F15/><W2/><G2/><T75/><D125/><U11/><E11/><V40/><F40/><W121/><G121/><T87/><D8/><U83/><E74/><V33/><F33/><W122/><G122/><T22/><D75/><U18/><E18/><V7/><F7/><W19/><G19/><T62/><D73/><U131/><E131/><AGARI ba="0,0" hai="4,9,12,13,17,23,53,54,129,130,131" m="22991" machi="131" ten="30,3900,0" yaku="19,1,52,2" doraHai="51" who="2" fromWho="1" sc="257,0,280,-39,167,39,296,0" /><INIT seed="4,0,0,0,0,125" ten="257,241,206,296" oya="0" hai0="14,103,10,32,21,128,45,104,69,78,20,112,46" hai1="18,85,97,8,86,129,67,33,126,99,26,105,68" hai2="93,36,90,65,13,108,91,55,19,120,47,77,15" hai3="40,80,117,5,83,54,123,17,9,82,56,92,48"/><T101/><D32/><U52/><E126/><V113/><F108/><W27/><G117/><T134/><D69/><U73/><E73/><V28/><F120/><W135/><G135/><T51/><D134/><U2/><E67/><V42/><F113/><W106/><G106/><T127/><D127/><U98/><E68/><V30/><F65/><W115/><G115/><T119/><D119/><U25/><E105/><V39/><F39/><W3/><G40/><T0/><D0/><U58/><E2/><V12/><F77/><W132/><G132/><T22/><D104/><U61/><E129/><V63/><F19/><W35/><G92/><T110/><D110/><U59/><E59/><V16/><F91/><W7/><G7/><T71/><D71/><U53/><E53/><V24/><F63/><W62/><G62/><T121/><D121/><U84/><REACH who="1" step="1"/><E33/><REACH who="1" ten="257,231,206,296" step="2"/><V96/><REACH who="2" step="1"/><F55/><REACH who="2" ten="257,231,196,296" step="2"/><W66/><G54/><N who="0" m="30063" /><D112/><U44/><E44/><V130/><F130/><W116/><G116/><T118/><D46/><U64/><E64/><V79/><F79/><W31/><G66/><T60/><D78/><U29/><E29/><V72/><F72/><W37/><G31/><T111/><D128/><U50/><E50/><V43/><F43/><W95/><G48/><T133/><D118/><U74/><E74/><V41/><F41/><W87/><G123/><T49/><D133/><U124/><E124/><V88/><F88/><W23/><G37/><T107/><D111/><U114/><E114/><V11/><F11/><W81/><G9/><T6/><D49/><U122/><E122/><V102/><F102/><RYUUKYOKU ba="0,2" sc="257,-15,231,15,196,15,296,-15" hai1="8,18,25,26,52,58,61,84,85,86,97,98,99" hai2="12,13,15,16,24,28,30,36,42,47,90,93,96" /><INIT seed="5,1,2,4,0,102" ten="242,246,211,281" oya="1" hai0="101,97,49,62,3,26,40,104,125,16,98,52,34" hai1="23,51,105,86,33,85,124,131,20,111,128,53,79" hai2="66,37,55,18,81,61,93,118,59,14,2,92,28" hai3="36,63,77,58,67,39,69,74,70,31,76,96,32"/><U13/><E33/><V44/><F118/><W27/><G58/><T133/><D3/><U41/><E124/><V46/><F2/><W9/><G77/><T38/><D125/><U48/><E105/><V82/><F28/><W22/><G22/><N who="1" m="8234" /><E13/><V109/><F109/><W127/><G127/><T84/><D16/><U1/><E1/><V126/><F126/><W108/><G9/><T15/><D15/><U72/><E111/><V35/><F35/><W110/><G96/><T50/><D38/><N who="3" m="14377" /><G70/><T114/><D40/><U132/><E132/><V25/><F25/><W7/><G7/><T0/><D0/><U80/><E41/><V122/><F122/><W43/><G43/><T90/><D98/><U113/><E113/><V120/><F120/><W54/><G54/><T47/><D114/><U30/><E30/><V95/><F37/><W121/><G121/><T134/><D34/><U5/><E5/><V71/><F71/><W12/><G12/><T19/><D19/><U6/><E6/><V99/><F99/><W78/><G78/><T103/><D26/><U135/><E135/><V87/><F87/><N who="1" m="33289" /><E53/><V60/><F14/><W45/><G45/><N who="2" m="17513" /><F18/><W75/><G75/><T107/><D133/><U129/><AGARI ba="1,2" hai="48,51,72,79,80,128,129,131" m="33289,8234" machi="129" ten="40,2100,0" yaku="19,1" doraHai="102" who="1" fromWho="1" sc="242,-8,246,44,211,-8,281,-8" /><INIT seed="5,2,0,0,1,34" ten="234,290,203,273" oya="1" hai0="74,23,64,0,77,113,110,124,119,49,27,42,25" hai1="24,28,79,15,6,117,76,45,29,85,83,95,118" hai2="69,105,94,13,134,123,55,126,26,14,58,62,91" hai3="21,52,72,133,122,53,3,40,16,106,19,120,90"/><U8/><E79/><V84/><F123/><W54/><G106/><T128/><D64/><U112/><E112/><V130/><F130/><W131/><G72/><T103/><D27/><U5/><E5/><V10/><F126/><W51/><G131/><T96/><D77/><U61/><E61/><V12/><F134/><W73/><G73/><T109/><D42/><U22/><E29/><V127/><F127/><W80/><G133/><T66/><D66/><U114/><E114/><V7/><F105/><W89/><G3/><T41/><D41/><U57/><E57/><V60/><F69/><W46/><G80/><T1/><D49/><U92/><REACH who="1" step="1"/><E45/><REACH who="1" ten="234,280,203,273" step="2"/><V50/><REACH who="2" step="1"/><F26/><REACH who="2" ten="234,280,193,273" step="2"/><W68/><G68/><T87/><D25/><U31/><E31/><V93/><F93/><AGARI ba="2,2" hai="6,8,15,22,24,28,76,83,85,92,93,95,117,118" machi="93" ten="40,2000,0" yaku="1,1,53,0" doraHai="34" doraHaiUra="101" who="1" fromWho="2" sc="234,0,280,46,193,-26,273,0" /><INIT seed="5,3,0,3,1,105" ten="234,326,167,273" oya="1" hai0="53,80,54,28,97,112,5,0,108,60,135,77,81" hai1="20,29,134,24,85,72,43,124,119,16,90,113,79" hai2="122,107,15,128,99,35,118,39,115,104,44,69,7" hai3="94,52,48,45,88,110,130,126,49,2,63,86,127"/><U36/><E119/><V19/><F122/><W67/><G2/><T6/><D108/><U59/><E113/><V70/><F118/><W91/><G110/><T46/><D28/><U40/><E124/><N who="3" m="47658" /><G130/><T75/><D0/><U103/><E103/><V4/><F128/><W92/><G49/><T31/><D31/><U47/><E43/><V26/><F115/><W23/><G23/><T51/><D135/><U33/><E59/><V34/><F26/><W114/><G114/><T62/><D112/><U11/><E11/><V3/><F3/><W84/><G67/><T58/><D62/><AGARI ba="3,0" hai="45,48,52,62,63,84,86,88,91,92,94" m="47658" machi="62" ten="30,3900,0" yaku="18,1,54,2" doraHai="105" who="3" fromWho="0" sc="234,-48,326,0,167,0,273,48" /><INIT seed="6,0,0,4,3,85" ten="186,326,167,321" oya="2" hai0="79,67,132,124,81,13,32,131,26,89,3,101,119" hai1="121,103,36,117,118,59,130,30,47,9,105,6,27" hai2="74,133,52,77,80,44,94,116,66,90,120,71,108" hai3="78,42,34,2,5,61,113,17,122,68,128,75,123"/><V87/><F116/><W109/><G17/><T41/><D3/><U53/><E130/><V48/><F120/><W39/><G34/><T28/><D101/><U86/><E121/><V14/><F133/><W62/><G62/><T16/><D124/><U51/><E105/><V70/><F108/><W22/><G22/><T114/><D114/><U88/><E103/><V110/><F110/><W97/><G97/><T10/><D131/><U8/><E36/><V64/><REACH who="2" step="1"/><F14/><REACH who="2" ten="186,326,157,321" step="2"/><W7/><G109/><T115/><D132/><U15/><E118/><V33/><F33/><W54/><G122/><T23/><D119/><U107/><E117/><V46/><F46/><W38/><G123/><T99/><D115/><U21/><E47/><V49/><F49/><W98/><G128/><T24/><D32/><U55/><E51/><V76/><F76/><W135/><G78/><T31/><D79/><U18/><E15/><V56/><F56/><W50/><G50/><T72/><D13/><U126/><E59/><V93/><F93/><W4/><G135/><T37/><D37/><U65/><E107/><V100/><F100/><W45/><G113/><T43/><D99/><U83/><E126/><V95/><F95/><W40/><G98/><T106/><D106/><U0/><E0/><V112/><F112/><W1/><G2/><T25/><D81/><U20/><E83/><V73/><F73/><W19/><G1/><T58/><D72/><U134/><E134/><V96/><F96/><W11/><G75/><T125/><D125/><U129/><E129/><V84/><F84/><W92/><G39/><RYUUKYOKU ba="0,1" sc="186,-10,326,-10,157,30,321,-10" hai2="44,48,52,64,66,70,71,74,77,80,87,90,94" /><INIT seed="6,1,1,0,4,10" ten="176,316,187,311" oya="2" hai0="57,49,86,106,116,64,102,30,111,52,6,93,37" hai1="45,114,33,121,112,16,73,0,109,38,75,17,43" hai2="76,71,13,131,12,7,113,128,81,74,27,9,135" hai3="100,69,84,133,41,124,31,34,117,105,118,101,56"/><V126/><F113/><N who="1" m="43625" /><E109/><V42/><F126/><W103/><G69/><T83/><D111/><U92/><E0/><N who="2" m="231" /><F135/><W104/><G34/><T36/><D106/><U78/><E121/><V115/><F115/><W62/><G31/><T65/><D116/><U97/><E33/><V55/><F71/><W122/><G122/><T87/><D30/><U25/><E25/><V66/><F66/><W8/><G8/><T129/><D6/><U3/><E3/><V61/><F27/><W14/><G56/><T5/><D5/><U23/><E23/><V130/><F42/><W60/><G41/><T80/><D64/><U22/><E22/><V35/><F35/><W18/><G124/><T108/><D65/><U72/><E78/><V1/><F1/><W89/><G133/><T58/><D108/><U15/><E15/><V29/><F29/><W125/><G125/><T44/><D58/><AGARI ba="1,1" hai="12,13,55,58,61,74,76,81,128,130,131" m="231" machi="58" ten="30,5800,0" yaku="19,1,52,2" doraHai="10" who="2" fromWho="0" sc="176,-61,316,0,187,71,311,0" /><INIT seed="6,2,0,1,4,21" ten="115,316,258,311" oya="2" hai0="65,126,69,114,48,37,57,122,102,101,15,80,76" hai1="78,33,75,25,133,94,117,29,71,83,104,88,95" hai2="64,74,73,38,14,119,108,42,106,47,124,5,66" hai3="56,23,98,32,16,55,121,4,62,60,52,79,40"/><V135/><F119/><W109/><G32/><T61/><D114/><U63/><E117/><V97/><F124/><W46/><G109/><T112/><D112/><U103/><E133/><V24/><F135/><W115/><G115/><T12/><D126/><U134/><E134/><V111/><F5/><W51/><G121/><T19/><D122/><U17/><E17/><V11/><F14/><W53/><G79/><T43/><D12/><U22/><E22/><V68/><F11/><W120/><G120/><T30/><D30/><U34/><E34/><V31/><F74/><W39/><G4/><T100/><D100/><U86/><E95/><V85/><F85/><W50/><G98/><T90/><D90/><U0/><E0/><V35/><F73/><W20/><G20/><T27/><D27/><U123/><E123/><V6/><F6/><W72/><G72/><T113/><D113/><U45/><E45/><V3/><F3/><W70/><G70/><T7/><D7/><U105/><E103/><N who="2" m="62831" /><F64/><W58/><G53/><N who="0" m="31911" /><D43/><U49/><E105/><V127/><F127/><W82/><G82/><T91/><D37/><U107/><E107/><V41/><F41/><W44/><G44/><T8/><D91/><U89/><E89/><V93/><F93/><W129/><G129/><T77/><D80/><U36/><E36/><V26/><F26/><AGARI ba="2,0" hai="16,23,26,39,40,46,50,51,52,55,56,58,60,62" machi="26" ten="30,8000,1" yaku="7,1,9,1,52,1,54,2" doraHai="21" who="3" fromWho="2" sc="115,0,316,0,258,-86,311,86" /><INIT seed="7,0,0,4,1,32" ten="115,316,172,397" oya="3" hai0="30,112,73,39,91,109,46,101,43,115,127,88,92" hai1="133,51,105,78,13,120,60,2,19,61,26,52,22" hai2="10,122,42,123,77,89,134,100,111,14,64,17,59" hai3="28,41,29,6,94,124,96,74,95,129,33,15,65"/><W0/><G33/><T125/><D109/><U21/><E120/><N who="2" m="46123" /><F111/><W104/><G95/><T117/><D117/><U23/><E105/><V48/><F134/><W121/><G15/><T34/><D73/><U8/><E133/><V66/><F77/><W110/><G94/><T97/><D30/><U102/><E102/><V54/><F100/><W40/><G96/><T86/><D34/><U68/><E68/><V116/><F116/><W35/><G41/><T24/><D24/><U50/><E78/><V135/><F135/><W90/><G40/><T114/><REACH who="0" step="1"/><D91/><REACH who="0" ten="105,316,172,397" step="2"/><U75/><E75/><V99/><F89/><W132/><G28/><T16/><D16/><U76/><E26/><V27/><F27/><W128/><G29/><T72/><D72/><U126/><E126/><V55/><F17/><W119/><G90/><T56/><D56/><U130/><E130/><V83/><F59/><W103/><G74/><T38/><D38/><U4/><E76/><V18/><F18/><W36/><G128/><T45/><D45/><U81/><E81/><AGARI ba="0,1" hai="39,43,46,81,86,88,92,97,101,112,114,115,125,127" machi="81" ten="40,8000,1" yaku="1,1,15,1,11,1,54,1,53,0" doraHai="32" doraHaiUra="53" who="0" fromWho="1" sc="105,90,316,-80,172,0,397,0" owari="195,-20.0,236,4.0,172,-33.0,397,49.0" /></mjloggm>