<mjloggm ver="2.3"><GO type="169" lobby="0"/><UN n0="%E3%82%A6%E3%83%AB%E3%83%88%E3%83%A9%E7%AB%8B%E7%9B%B4" n1="%4A%55%4E%4B%45%52%53" n2="%E3%83%89%E3%83%A9%EF%BC%91%EF%BC%92%EF%BC%90%EF%BC%85" n3="%E5%A4%8F%E5%B7%9D%E3%81%BE%E3%82%86%E3%82%8A" dan="16,18,16,16" rate="2101.52,2232.10,2053.78,2040.43" sx="M,M,M,F"/><TAIKYOKU oya="0"/><INIT seed="0,0,0,3,3,79" ten="250,250,250,250" oya="0" hai0="10,102,116,63,33,129,48,96,55,90,5,26,73" hai1="4,44,108,58,114,50,110,94,16,65,70,84,119" hai2="80,128,49,120,2,107,43,25,75,82,66,40,35" hai3="59,67,27,37,101,17,22,53,18,122,3,98,134"/><T31/><D129/><U61/><E4/><V100/><F128/><W93/><G122/><T109/><D116/><U92/><E119/><V81/><F120/><W13/><G3/><T52/><D109/><N who="1" m="42091" /><E114/><V9/><F66/><W64/><G37/><T112/><D112/><U69/><E16/><V6/><F75/><W28/><G134/><T115/><D115/><U24/><E24/><V77/><F77/><W135/><G135/><T45/><D73/><U111/><E111/><V105/><F49/><W56/><G56/><T30/><D90/><N who="1" m="53319" /><E94/><V38/><F38/><W95/><G93/><T117/><D117/><U87/><E87/><V118/><F118/><W72/><G72/><T47/><D31/><U125/><E125/><V62/><F62/><N who="3" m="36207" /><G28/><T133/><D133/><U86/><E86/><V0/><F0/><W83/><G64/><T14/><D63/><U8/><E8/><V123/><F123/><W104/><G104/><T132/><D132/><U121/><E121/><V124/><F124/><W60/><G67/><T21/><D33/><U91/><E91/><V11/><F11/><N who="3" m="6335" /><G60/><T39/><D39/><U12/><E12/><V19/><F105/><W36/><G36/><T32/><D32/><U51/><E51/><V78/><F78/><W131/><G131/><T71/><D71/><U113/><E113/><V42/><F35/><W1/><G1/><T126/><D126/><U20/><E20/><N who="2" m="13471" /><F107/><W15/><G15/><T74/><D74/><U29/><E29/><V76/><F76/><W23/><G22/><T106/><D48/><U99/><E99/><V88/><F100/><RYUUKYOKU ba="0,0" sc="250,0,250,0,250,0,250,0" hai0="5,10,14,21,26,30,45,47,52,55,96,102,106" hai1="44,50,58,61,65,69,70" hai2="2,6,9,40,42,43,80,81,82,88" hai3="18,23,27,83,95,98,101" /><INIT seed="0,1,0,3,2,83" ten="250,250,250,250" oya="0" hai0="31,11,43,117,124,15,96,71,34,24,39,108,133" hai1="58,12,131,90,45,125,127,35,110,33,37,23,109" hai2="135,113,42,98,99,5,9,111,60,120,49,86,8" hai3="66,126,132,47,57,81,85,65,4,134,105,62,6"/><T130/><D117/><U54/><E131/><V118/><F118/><W30/><G105/><T73/><D130/><U79/><E79/><V80/><F111/><N who="1" m="42505" /><E90/><V53/><F120/><W89/><G126/><N who="1" m="48138" /><E45/><N who="2" m="25783" /><F113/><W0/><G30/><T3/><D73/><U2/><E37/><V82/><F82/><W103/><G103/><T25/><D39/><U44/><E44/><V61/><F135/><N who="3" m="51755" /><G0/><T59/><D133/><U93/><E93/><V52/><F61/><N who="3" m="38063" /><G47/><T116/><D116/><U22/><E2/><V100/><F100/><W112/><G112/><T36/><D3/><U114/><E114/><V18/><F60/><W19/><G19/><T68/><D124/><U29/><E29/><V38/><F18/><W27/><G27/><T21/><D25/><U102/><E102/><V75/><F75/><W46/><G46/><T67/><D24/><U14/><E58/><AGARI ba="1,0" hai="4,6,58,62,66,81,85,89" m="38063,51755" machi="58" ten="30,2000,0" yaku="20,1,52,1" doraHai="83" who="3" fromWho="1" sc="250,0,250,-23,250,0,250,23" /><INIT seed="1,0,0,2,3,57" ten="250,227,250,273" oya="1" hai0="116,43,60,105,5,113,74,132,59,71,84,126,120" hai1="134,124,99,104,66,54,15,75,83,109,4,112,69" hai2="89,121,98,13,96,19,101,86,106,73,24,48,39" hai3="37,111,2,23,122,33,87,11,50,102,10,100,58"/><U51/><E112/><V107/><F39/><W108/><G33/><T72/><D113/><U85/><E75/><V42/><F121/><W53/><G122/><T90/><D116/><U30/><E134/><V18/><F73/><W49/><G37/><T45/><D120/><U110/><E124/><V81/><F24/><W63/><G23/><T80/><D126/><U1/><E1/><V64/><F64/><W31/><G31/><T103/><D71/><U32/><E30/><V76/><F13/><W40/><G87/><T77/><D5/><U36/><E36/><V7/><F7/><N who="3" m="1399" /><G11/><T119/><D132/><U95/><E104/><V130/><F130/><W88/><G88/><T131/><D119/><U68/><E32/><V65/><F65/><W62/><G40/><T94/><D131/><U6/><E15/><V135/><F135/><W16/><G16/><T14/><D14/><U79/><E6/><V44/><F89/><W117/><G117/><T29/><D29/><U125/><E4/><V41/><REACH who="2" step="1"/><F42/><REACH who="2" ten="250,227,240,273" step="2"/><W25/><G25/><T47/><D43/><U27/><E27/><V93/><F93/><W70/><G102/><AGARI ba="0,1" hai="18,19,41,44,48,76,81,86,96,98,101,102,106,107" machi="102" ten="40,2600,0" yaku="1,1,9,1,53,0" doraHai="57" doraHaiUra="123" who="2" fromWho="3" sc="250,0,227,0,240,36,273,-26" /><INIT seed="2,0,0,5,1,89" ten="250,227,276,247" oya="2" hai0="74,49,28,24,48,98,92,30,77,1,65,56,108" hai1="23,58,3,5,117,109,122,42,101,53,134,102,121" hai2="119,39,13,129,103,88,86,57,70,12,18,85,34" hai3="72,105,62,47,50,96,91,125,94,41,69,17,21"/><V97/><F70/><W79/><G105/><T100/><D108/><U107/><E117/><V78/><F119/><W87/><G125/><T130/><D130/><U6/><E109/><V133/><F129/><W83/><G62/><T15/><D1/><U59/><E42/><V120/><F120/><N who="1" m="46185" /><E134/><V64/><F39/><W51/><G69/><T84/><D74/><U33/><E33/><V111/><F34/><W131/><G131/><T114/><D15/><U14/><E3/><V80/><F133/><W95/><G95/><T25/><D114/><U52/><E23/><V76/><F111/><W73/><REACH who="3" step="1"/><G50/><REACH who="3" ten="250,227,276,237" step="2"/><T135/><D135/><U4/><E107/><V60/><F86/><W31/><G31/><T124/><D124/><U27/><E27/><AGARI ba="0,1" hai="17,21,27,41,47,51,72,73,79,83,87,91,94,96" machi="27" ten="30,7700,0" yaku="1,1,7,1,52,1,53,1" doraHai="89" doraHaiUra="93" who="3" fromWho="1" sc="250,0,227,-77,276,0,237,87" /><INIT seed="3,0,0,5,5,64" ten="250,150,276,324" oya="3" hai0="97,82,115,99,10,76,102,51,3,112,90,132,114" hai1="117,30,56,134,65,49,19,104,33,78,66,41,106" hai2="43,39,55,15,110,98,85,21,100,75,54,125,68" hai3="57,80,31,130,2,81,32,62,107,72,17,18,129"/><W58/><G2/><T108/><D108/><U121/><E121/><V101/><F75/><W45/><G107/><T95/><D132/><U74/><E134/><V67/><F110/><W135/><G135/><T91/><D51/><U123/><E123/><V69/><F125/><W131/><G45/><T92/><D10/><U13/><E117/><V113/><F113/><W63/><G31/><T26/><D26/><U29/><E106/><V59/><F67/><W12/><G32/><T96/><D3/><U127/><E104/><V22/><F85/><W109/><G109/><T6/><D6/><U105/><E105/><V11/><F39/><W40/><G40/><T87/><D102/><U118/><E127/><V88/><F43/><W94/><G94/><AGARI ba="0,0" hai="76,82,87,90,91,92,94,95,96,97,99,112,114,115" machi="94" ten="50,8000,1" yaku="11,1,34,3" doraHai="64" who="0" fromWho="3" sc="250,80,150,0,276,0,324,-80" /><INIT seed="4,0,0,0,3,52" ten="330,150,276,244" oya="0" hai0="66,118,77,133,60,104,0,105,35,65,34,21,121" hai1="55,91,119,127,71,10,57,2,90,80,11,122,79" hai2="24,124,51,100,125,46,9,49,27,13,22,94,115" hai3="135,59,89,68,111,132,72,44,78,47,134,117,70"/><T3/><D121/><U40/><E119/><V113/><F100/><W73/><G117/><T54/><D54/><U92/><E122/><V67/><F94/><W63/><G89/><T81/><D21/><U116/><E116/><V14/><F67/><N who="3" m="39423" /><G111/><T64/><D118/><U130/><E71/><N who="3" m="27178" /><G78/><T18/><D18/><U126/><E130/><V53/><F51/><W102/><G102/><T31/><D60/><U29/><E40/><V39/><F39/><W15/><G15/><N who="2" m="5641" /><F9/><W30/><G30/><T16/><D31/><U131/><E131/><V23/><F23/><W8/><G8/><T1/><D16/><U37/><E37/><V36/><F36/><W83/><G83/><T56/><D81/><U4/><E29/><N who="2" m="17559" /><F27/><W128/><G128/><T20/><D20/><U43/><E43/><V61/><F61/><W107/><G107/><T28/><D28/><U69/><E69/><V114/><AGARI ba="0,0" hai="46,49,53,113,114,115,124,125" m="17559,5641" machi="114" ten="40,1500,0" yaku="15,1" doraHai="52" who="2" fromWho="2" sc="330,-7,150,-4,276,15,244,-4" /><INIT seed="5,0,0,1,4,6" ten="323,146,291,240" oya="1" hai0="79,128,33,113,133,34,99,96,122,31,63,135,40" hai1="5,90,65,116,37,45,39,35,20,51,47,107,27" hai2="21,70,10,87,104,9,49,84,92,85,106,114,30" hai3="13,126,28,103,83,125,94,12,110,115,44,105,119"/><U131/><E107/><V71/><F114/><W76/><G115/><T43/><D113/><U22/><E116/><V18/><F30/><W25/><G110/><T32/><D31/><U88/><E35/><V4/><F92/><W121/><G121/><T11/><D122/><U124/><E65/><V48/><F21/><N who="1" m="8297" /><E5/><V77/><F18/><W132/><G105/><N who="2" m="40553" /><F4/><W24/><G132/><N who="0" m="50763" /><D128/><U38/><E27/><V61/><F61/><W112/><G112/><T120/><D120/><U23/><N who="1" m="8305" /><U62/><DORA hai="53" /><E62/><V67/><F67/><W108/><G28/><T93/><D63/><U102/><E102/><V97/><F97/><W58/><G25/><T95/><D99/><U46/><E51/><N who="2" m="19531" /><F77/><W91/><G24/><T89/><D79/><U117/><E117/><V55/><F55/><W134/><G134/><T81/><D96/><U75/><E75/><V56/><F56/><W2/><G58/><T29/><D29/><U0/><E0/><V101/><F101/><W86/><G103/><T127/><D33/><U59/><E59/><V64/><F64/><W1/><G119/><T52/><D34/><U73/><E73/><V82/><F82/><W3/><G44/><T78/><D32/><U8/><E8/><AGARI ba="0,0" hai="8,9,10,70,71,84,85,87" m="19531,40553" machi="8" ten="40,8000,1" yaku="28,2,52,3" doraHai="6,53" who="2" fromWho="1" sc="323,0,146,-80,291,80,240,0" /><INIT seed="6,0,0,0,4,20" ten="323,66,371,240" oya="2" hai0="83,60,1,86,19,82,102,108,121,39,63,55,5" hai1="75,101,30,3,13,58,29,48,123,52,129,116,132" hai2="42,65,62,11,47,130,117,119,18,126,31,16,118" hai3="133,112,33,45,15,114,85,111,72,26,67,40,84"/><V93/><F130/><W44/><G111/><T6/><D108/><U34/><E116/><V43/><F126/><W88/><G72/><T90/><D39/><U105/><E75/><V77/><F77/><W113/><G67/><T35/><D121/><U50/><E3/><V8/><F31/><N who="3" m="19703" /><G133/><T122/><D122/><U4/><E123/><V38/><F93/><N who="3" m="54407" /><G40/><T27/><D102/><U53/><E129/><V96/><F96/><W95/><G15/><T24/><D1/><U131/><E131/><V46/><F8/><W0/><G0/><T91/><D35/><U49/><E132/><V78/><F78/><W54/><G54/><T124/><D124/><U10/><E34/><V115/><F11/><W106/><G106/><T17/><D86/><U59/><E101/><V120/><F120/><W134/><G134/><T51/><D51/><U87/><E105/><V71/><F18/><W25/><G25/><T32/><D32/><U64/><E64/><V22/><F16/><W94/><G94/><T7/><D7/><U135/><E135/><V41/><F22/><W66/><G66/><T68/><D55/><U73/><E73/><V61/><F61/><W28/><G28/><T125/><D125/><U9/><E9/><V14/><F14/><W74/><G74/><T99/><D99/><U69/><E69/><AGARI ba="0,0" hai="5,6,17,19,24,27,60,63,68,69,82,83,90,91" machi="69" ten="25,6400,0" yaku="22,2,52,2" doraHai="20" who="0" fromWho="1" sc="323,64,66,-64,371,0,240,0" /><INIT seed="7,0,0,4,1,13" ten="387,2,371,240" oya="3" hai0="69,108,98,84,58,9,31,128,53,117,124,134,99" hai1="36,52,39,67,3,10,45,111,35,116,70,130,44" hai2="101,15,4,131,133,75,32,12,86,33,5,68,38" hai3="107,42,74,56,37,2,22,118,94,1,7,82,29"/><W19/><G107/><T51/><D69/><U20/><E35/><V114/><F75/><W80/><G29/><T18/><D108/><U112/><E3/><V73/><F73/><W47/><G118/><T93/><D117/><U92/><E116/><V113/><F38/><W105/><G105/><T91/><D124/><U50/><E92/><V88/><F68/><W83/><G56/><T55/><D128/><U81/><E81/><V129/><F101/><W90/><G74/><T125/><D125/><U61/><E20/><V127/><F127/><W100/><G100/><T27/><D134/><U59/><E10/><N who="2" m="4167" /><F133/><W49/><G37/><T85/><D99/><U23/><E23/><V110/><F110/><W79/><G79/><T135/><D135/><U0/><E0/><V11/><F32/><W43/><G43/><T71/><D71/><U115/><E111/><V106/><F106/><W64/><G64/><T60/><D31/><U95/><E95/><N who="2" m="54679" /><F33/><W87/><REACH who="3" step="1"/><G7/><REACH who="3" ten="387,2,371,230" step="2"/><T76/><D76/><U63/><E130/><AGARI ba="0,1" hai="5,11,15,113,114,129,130,131" m="54679,4167" machi="130" ten="30,2000,0" yaku="19,1,54,1" doraHai="13" who="2" fromWho="1" sc="387,0,2,-20,371,30,230,0" owari="387,19.0,-18,-52.0,401,50.0,230,-17.0" /></mjloggm>