<mjloggm ver="2.3"><GO type="225" lobby="0"/><UN n0="%E5%B0%B1%E6%B4%BB%E7%94%9F%40%E5%B7%9D%E6%9D%91%E8%BB%8D%E5%9B%A3" n1="%E3%82%A6%E3%83%92%E3%83%A7%E5%8A%A9" n2="%E3%81%86%E3%82%81%E3%81%99%E3%83%86%E3%83%AB" n3="%E3%83%8B%E3%83%BC%E3%83%88%E7%A4%BE%E9%95%B7" dan="16,18,17,17" rate="2097.37,2220.30,2087.03,2150.71" sx="M,M,F,M"/><TAIKYOKU oya="0"/><INIT seed="0,0,0,0,5,41" ten="250,250,250,250" oya="0" hai0="50,40,97,133,49,128,6,33,26,59,109,38,20" hai1="13,29,18,57,111,77,102,10,78,132,114,16,98" hai2="86,23,5,63,124,115,3,105,90,62,30,45,48" hai3="60,74,53,96,76,73,93,113,87,101,134,47,67"/><T104/><D33/><U119/><E114/><V75/><F75/><W94/><G113/><T118/><D118/><U2/><E119/><V37/><F105/><W51/><G134/><T120/><D120/><U11/><E132/><V42/><F115/><W28/><G28/><T121/><D121/><U80/><E111/><V68/><F124/><W85/><G85/><T72/><D72/><U64/><E29/><V1/><F37/><W103/><G76/><T135/><D38/><U27/><E2/><V22/><F1/><W127/><G127/><T12/><D128/><U56/><E80/><V117/><F117/><W39/><G39/><T34/><D34/><U25/><E64/><V89/><F68/><W43/><G43/><T83/><D109/><U69/><E69/><V110/><F110/><W131/><G131/><T129/><D129/><U71/><E71/><V66/><F66/><W36/><G36/><T8/><D83/><U79/><E102/><V24/><F23/><W70/><REACH who="3" step="1"/><G87/><REACH who="3" ten="250,250,250,240" step="2"/><T7/><D40/><U100/><E98/><AGARI ba="0,1" hai="47,51,53,60,67,70,73,74,93,94,96,98,101,103" machi="98" ten="40,8000,1" yaku="1,1,2,1,9,1,52,1,53,0" doraHai="41" doraHaiUra="14" who="3" fromWho="1" sc="250,0,250,-80,250,0,240,90" /><INIT seed="1,0,0,3,2,23" ten="250,170,250,330" oya="1" hai0="91,30,103,10,130,64,35,110,112,93,132,13,66" hai1="70,5,73,36,88,118,135,99,33,72,101,80,75" hai2="50,58,78,12,8,7,94,56,25,63,108,19,69" hai3="26,65,27,98,77,6,123,115,31,124,2,133,81"/><U122/><E70/><V59/><F108/><W57/><G123/><T15/><D112/><U42/><E122/><V41/><F78/><W45/><G115/><T100/><D130/><U37/><E33/><V120/><F120/><W90/><G31/><T62/><D132/><U55/><E118/><V128/><F128/><W24/><G2/><T84/><D110/><U95/><E135/><V127/><F127/><W68/><G68/><T11/><D35/><U89/><E5/><V44/><F94/><N who="3" m="56663" /><G133/><T109/><D30/><U105/><E55/><N who="2" m="34303" /><F69/><W20/><G124/><T97/><D109/><U106/><E42/><V48/><F48/><W14/><G45/><T74/><D74/><N who="1" m="28779" /><E37/><V79/><F79/><W49/><G77/><T85/><D85/><N who="1" m="50215" /><E36/><V34/><F34/><W51/><G81/><N who="0" m="49551" /><D103/><U86/><E75/><V0/><F0/><W32/><G32/><T60/><D60/><U114/><E114/><V111/><F111/><W87/><G6/><N who="0" m="3287" /><D62/><U119/><E119/><V117/><F117/><W107/><G65/><T29/><D29/><U76/><E76/><V61/><F61/><W43/><G43/><T4/><AGARI ba="0,0" hai="4,11,15,64,66,93,97,100" m="3287,49551" machi="4" ten="30,1100,0" yaku="8,1" doraHai="23" who="0" fromWho="0" sc="250,11,170,-5,250,-3,330,-3" /><INIT seed="2,0,0,4,4,112" ten="261,165,247,327" oya="2" hai0="103,118,121,22,110,68,63,108,120,26,3,119,10" hai1="36,62,38,81,28,87,58,123,115,57,124,32,99" hai2="78,109,9,96,47,125,129,35,89,65,66,13,31" hai3="50,21,70,92,127,133,71,75,12,122,52,51,126"/><V23/><F35/><W105/><G105/><T37/><D103/><U61/><E123/><N who="0" m="47177" /><D37/><U67/><E115/><V73/><F73/><W41/><G133/><T20/><D68/><U104/><E124/><N who="3" m="47658" /><G75/><T95/><D63/><U1/><E1/><V43/><F78/><W135/><G135/><T30/><D95/><U98/><E28/><V55/><F125/><W53/><G41/><T7/><D22/><U77/><E32/><V11/><F55/><W86/><G122/><T91/><D91/><U100/><REACH who="1" step="1"/><E99/><REACH who="1" ten="261,155,247,327" step="2"/><V42/><F96/><W17/><G71/><T46/><D46/><U130/><E130/><V40/><F47/><W74/><G70/><T5/><D5/><U90/><E90/><V18/><F89/><N who="3" m="53303" /><G74/><T72/><D72/><U16/><E16/><V113/><F113/><W101/><G101/><T83/><D83/><U106/><E106/><V14/><F18/><W88/><G88/><T82/><D82/><U0/><E0/><V59/><F31/><W39/><G39/><T49/><D49/><AGARI ba="0,1" hai="12,17,21,49,50,51,52,53" m="53303,47658" machi="49" ten="30,2000,0" yaku="18,1,54,1" doraHai="112" who="3" fromWho="0" sc="261,-20,155,0,247,0,327,30" /><INIT seed="3,0,0,0,3,130" ten="241,155,247,357" oya="3" hai0="23,64,16,125,62,83,95,26,2,44,111,124,106" hai1="3,17,110,12,87,40,54,4,28,88,85,63,112" hai2="41,121,60,9,97,19,101,131,116,80,99,22,25" hai3="72,34,39,7,107,15,92,122,46,119,24,96,76"/><W133/><G107/><T45/><D106/><U42/><E112/><V27/><F116/><W79/><G72/><T8/><D111/><U57/><E110/><V59/><F131/><W68/><G68/><T71/><D83/><U70/><E70/><V120/><F41/><W36/><G7/><N who="0" m="1143" /><D95/><U73/><E73/><V18/><F80/><W123/><G46/><T134/><D134/><U67/><E3/><V31/><F9/><W58/><G133/><T126/><AGARI ba="0,0" hai="16,23,26,44,45,62,64,71,124,125,126" m="1143" machi="126" ten="30,2000,0" yaku="18,1,54,1" doraHai="130" who="0" fromWho="0" sc="241,20,155,-5,247,-5,357,-10" owari="261,6.0,150,-35.0,242,-16.0,347,45.0" /></mjloggm>