<mjloggm ver="2.3"><GO type="41" lobby="0"/><UN n0="%E3%81%8A%E3%81%A3%E3%81%8F" n1="%E5%B0%B1%E6%B4%BB%E7%94%9F%40%E5%B7%9D%E6%9D%91%E8%BB%8D%E5%9B%A3" n2="%E3%82%A8%E3%83%A0%E3%82%BA%E3%82%AC%E3%83%BC%E3%83%87%E3%83%B3" n3="%E3%83%9F%E3%83%8A%E3%83%B3%E3%83%80" dan="15,14,14,14" rate="1928.23,1997.75,1871.90,1954.10" sx="F,M,M,M"/><TAIKYOKU oya="0"/><INIT seed="0,0,0,4,0,37" ten="250,250,250,250" oya="0" hai0="115,58,32,105,82,72,122,50,36,71,48,103,81" hai1="120,7,86,27,13,12,49,31,135,22,53,111,66" hai2="124,104,10,6,24,125,33,38,106,118,30,15,87" hai3="129,69,110,9,62,19,35,60,133,79,108,59,68"/><T114/><D122/><U14/><E120/><V2/><F118/><W116/><G35/><T97/><D36/><U16/><E135/><V25/><F25/><W90/><G116/><T119/><D71/><U40/><E111/><N who="3" m="42538" /><G133/><T99/><D32/><U44/><E7/><V126/><F38/><W93/><G79/><T98/><D48/><U23/><E66/><V8/><F87/><W39/><G39/><T21/><D58/><U26/><E86/><V61/><F61/><W28/><G28/><T65/><D21/><U94/><E94/><V107/><REACH who="2" step="1"/><F10/><REACH who="2" ten="250,250,240,250" step="2"/><W56/><G62/><T91/><D119/><U121/><E121/><V80/><F80/><W17/><G9/><T46/><D81/><U85/><E85/><V127/><N who="2" m="32256" /><DORA hai="1" /><V109/><F109/><W131/><G60/><T57/><D82/><U63/><REACH who="1" step="1"/><E63/><REACH who="1" ten="250,240,240,250" step="2"/><V51/><F51/><W5/><G68/><T77/><D50/><U130/><E130/><V41/><F41/><AGARI ba="0,2" hai="12,13,14,16,22,23,26,27,31,40,41,44,49,53" machi="41" ten="40,8000,1" yaku="1,1,8,1,52,2,54,1,53,0" doraHai="37,1" doraHaiUra="88,70" who="1" fromWho="2" sc="250,0,240,100,240,-80,250,0" /><INIT seed="1,0,0,3,2,62" ten="250,340,160,250" oya="1" hai0="34,26,11,52,64,121,56,123,89,105,87,78,54" hai1="53,25,57,82,97,84,119,77,44,79,129,60,69" hai2="94,68,28,74,43,12,20,104,116,17,85,102,19" hai3="47,72,66,32,88,91,126,114,71,99,40,0,16"/><U90/><E119/><V51/><F116/><W48/><G32/><T29/><D105/><U111/><E129/><V110/><F104/><W27/><G72/><T131/><D78/><U103/><E111/><V70/><F110/><W117/><G0/><T55/><D131/><U134/><E134/><V8/><F74/><W133/><G117/><T76/><D11/><U122/><E122/><N who="0" m="46601" /><D76/><U98/><E69/><V108/><F108/><W107/><G114/><T127/><D127/><U35/><E44/><V125/><F125/><W7/><G7/><T38/><D38/><U1/><E1/><V109/><F28/><W96/><G126/><T50/><D64/><U30/><REACH who="1" step="1"/><E98/><REACH who="1" ten="250,330,160,250" step="2"/><V115/><F109/><W95/><G133/><T42/><D42/><U132/><E132/><V58/><F115/><W135/><G71/><T106/><D106/><AGARI ba="0,1" hai="25,30,35,53,57,60,77,79,82,84,90,97,103,106" machi="106" ten="30,2900,0" yaku="1,1,7,1,53,0" doraHai="62" doraHaiUra="124" who="1" fromWho="0" sc="250,-29,330,39,160,0,250,0" /><INIT seed="1,1,0,4,4,73" ten="221,369,160,250" oya="1" hai0="5,55,91,66,92,69,62,84,64,126,37,130,30" hai1="44,112,83,100,93,108,125,24,25,105,103,57,104" hai2="124,17,65,56,70,20,97,102,68,88,127,3,113" hai3="135,14,54,111,41,23,12,76,67,19,77,39,7"/><U132/><E112/><V118/><F3/><W87/><G111/><T116/><D130/><U22/><E125/><V90/><F118/><W42/><G135/><T119/><D126/><N who="2" m="48170" /><F113/><W46/><G67/><T27/><D37/><U101/><E108/><V82/><F56/><W2/><G2/><T49/><D64/><U75/><E132/><V32/><F32/><W122/><G122/><T110/><D5/><U10/><E10/><V94/><F65/><W134/><G134/><T35/><REACH who="0" step="1"/><D110/><REACH who="0" ten="211,369,160,250" step="2"/><U121/><E121/><V13/><F82/><W72/><G39/><T98/><D98/><U11/><E105/><V21/><F21/><W86/><G7/><T52/><D52/><U71/><E104/><V33/><F33/><W85/><G54/><T45/><AGARI ba="1,1" hai="27,30,35,45,49,55,62,66,69,84,91,92,116,119" machi="45" ten="20,2700,0" yaku="1,1,0,1,7,1,53,0" doraHai="73" doraHaiUra="117" who="0" fromWho="0" sc="211,40,369,-14,160,-8,250,-8" /><INIT seed="2,0,0,1,5,112" ten="251,355,152,242" oya="2" hai0="69,15,104,9,81,123,133,128,48,132,20,42,57" hai1="64,93,30,37,34,24,12,35,127,39,88,91,7" hai2="67,72,83,38,54,13,59,4,87,1,94,99,121" hai3="11,46,70,26,113,33,105,106,52,102,129,131,108"/><V61/><F121/><W27/><G70/><T25/><D128/><N who="3" m="49225" /><G108/><T23/><D123/><U68/><E35/><V125/><F125/><W65/><G65/><T41/><D104/><U71/><E127/><V51/><F72/><W63/><G113/><T47/><D69/><U2/><E2/><V6/><F1/><W116/><G116/><T17/><D81/><U29/><E29/><V117/><F38/><W98/><G106/><T78/><D57/><U101/><E101/><V0/><F0/><W56/><G33/><T126/><D78/><U31/><E31/><V36/><F36/><W76/><G76/><T8/><D126/><U119/><E119/><V86/><F117/><W73/><G73/><T28/><REACH who="0" step="1"/><D42/><REACH who="0" ten="241,355,152,242" step="2"/><U115/><E68/><V111/><F111/><W135/><G46/><T14/><D14/><U58/><E71/><V50/><F13/><W21/><G27/><T5/><D5/><N who="2" m="2154" /><F67/><W45/><G105/><T18/><D18/><U103/><E115/><V60/><F61/><W96/><G63/><T109/><D109/><U122/><E122/><V85/><F83/><W19/><G19/><T84/><D84/><N who="2" m="21506" /><V75/><DORA hai="118" /><F75/><W53/><G26/><T3/><D3/><U74/><E74/><V40/><F40/><W43/><G43/><T124/><D124/><U95/><E64/><V22/><F22/><W82/><G21/><T49/><D49/><U134/><E34/><V79/><F79/><W16/><G16/><T10/><AGARI ba="0,1" hai="8,9,10,15,17,20,23,25,28,41,47,48,132,133" machi="10" ten="30,2000,0" yaku="1,1,0,1,53,0" doraHai="112,118" doraHaiUra="32,62" who="0" fromWho="0" sc="241,30,355,-5,152,-10,242,-5" /><INIT seed="3,0,0,3,3,6" ten="271,350,142,237" oya="3" hai0="93,109,123,56,42,57,71,96,62,54,86,15,11" hai1="20,3,99,88,97,111,104,66,72,92,134,73,7" hai2="82,81,74,67,102,98,2,0,85,53,79,24,117" hai3="22,124,65,122,16,106,78,120,112,49,64,30,46"/><W105/><G112/><T128/><D123/><U107/><E3/><V131/><F117/><W39/><G39/><T13/><D128/><U77/><E7/><V129/><F24/><W34/><G34/><T33/><D109/><U45/><E66/><V47/><F67/><W43/><G30/><T103/><D33/><U12/><E12/><V94/><F47/><W4/><G124/><T108/><D71/><U127/><E20/><V23/><F23/><W118/><G118/><T36/><D108/><U18/><E18/><V1/><REACH who="2" step="1"/><F53/><REACH who="2" ten="271,350,132,237" step="2"/><W113/><G64/><T116/><D116/><U51/><E111/><V115/><F115/><W101/><G113/><T52/><D54/><U26/><E26/><V25/><F25/><W17/><G65/><T61/><D52/><U48/><E45/><V110/><F110/><W133/><G22/><T55/><D42/><U29/><E29/><V9/><F9/><W76/><G122/><T31/><D11/><U83/><E51/><V14/><F14/><W19/><G120/><T40/><D13/><U130/><E48/><V50/><F50/><W126/><G49/><T90/><D15/><U37/><E37/><V80/><F80/><W114/><G46/><N who="0" m="23815" /><D55/><U75/><E130/><V119/><F119/><W63/><G114/><T95/><D31/><U32/><E32/><V125/><F125/><W35/><G126/><T68/><D68/><U38/><E38/><V121/><F121/><W59/><G43/><T69/><D69/><U89/><E127/><V70/><F70/><W84/><G35/><T27/><D27/><U10/><E10/><RYUUKYOKU ba="0,1" sc="271,15,350,-15,132,15,237,-15" hai0="56,57,61,62,86,90,93,95,96,103" hai2="0,1,2,74,79,81,82,85,94,98,102,129,131" /><INIT seed="4,1,1,3,2,84" ten="286,335,147,222" oya="0" hai0="114,12,44,24,46,97,67,78,37,122,45,117,89" hai1="27,21,83,70,39,75,118,85,82,95,68,60,13" hai2="94,129,20,93,106,23,52,98,131,26,53,2,34" hai3="50,32,100,73,134,135,112,107,65,9,43,40,127"/><T56/><D122/><U64/><E118/><V92/><F2/><W8/><G32/><T28/><D114/><U87/><E39/><V33/><F106/><W74/><G112/><T79/><D117/><U105/><E105/><V11/><F11/><N who="3" m="4171" /><G127/><T116/><D37/><U99/><E70/><V80/><F80/><W102/><G65/><T54/><D116/><U86/><E13/><V1/><F1/><W30/><G30/><T110/><D110/><U35/><E35/><N who="2" m="13323" /><F26/><W109/><G109/><T16/><D67/><U128/><E128/><N who="2" m="49227" /><F98/><W111/><G111/><T130/><D130/><U6/><E6/><V76/><F76/><W3/><G3/><T81/><D24/><U17/><REACH who="1" step="1"/><E75/><REACH who="1" ten="286,325,147,222" step="2"/><V41/><F41/><W124/><G43/><T4/><D12/><U123/><E123/><V88/><F88/><AGARI ba="1,2" hai="17,21,27,60,64,68,82,83,85,86,87,88,95,99" machi="88" ten="40,5200,0" yaku="1,1,52,1,54,1,53,0" doraHai="84" doraHaiUra="42" who="1" fromWho="2" sc="286,0,325,75,147,-55,222,0" /><INIT seed="5,0,0,0,5,116" ten="286,400,92,222" oya="1" hai0="102,88,53,0,39,5,30,45,18,109,108,118,71" hai1="41,54,60,31,62,76,126,111,123,36,2,56,40" hai2="86,73,44,14,135,10,28,43,78,80,27,24,128" hai3="96,66,17,133,19,107,69,79,4,72,112,97,99"/><U75/><E2/><V90/><F135/><W104/><G112/><T84/><D118/><U83/><E111/><V89/><F128/><W115/><G115/><T113/><D102/><U120/><E126/><V48/><F27/><W68/><G4/><T63/><D113/><U35/><E62/><V13/><F73/><W47/><G47/><T132/><D132/><U52/><E54/><V57/><F57/><W46/><G46/><T85/><D30/><U117/><E117/><V51/><F51/><W121/><G79/><T67/><D84/><U91/><E91/><V93/><F93/><W25/><G99/><T70/><D71/><U92/><E92/><V131/><F14/><W129/><G25/><T50/><D18/><U26/><REACH who="1" step="1"/><E36/><REACH who="1" ten="286,390,92,222" step="2"/><V29/><F131/><W22/><G129/><T110/><D39/><U122/><AGARI ba="0,1" hai="26,31,35,40,41,52,56,60,75,76,83,120,122,123" machi="122" ten="30,24000,3" yaku="1,1,2,1,0,1,52,3,54,1,53,1" doraHai="116" doraHaiUra="20" who="1" fromWho="1" sc="286,-80,390,250,92,-80,222,-80" /><INIT seed="5,1,0,5,3,72" ten="206,640,12,142" oya="1" hai0="135,85,5,38,47,24,103,41,14,133,82,25,19" hai1="32,71,115,43,26,33,10,81,18,114,124,44,104" hai2="97,89,29,2,0,66,15,127,56,122,1,123,3" hai3="39,21,8,80,119,113,6,48,87,107,74,99,54"/><U92/><E104/><V17/><F127/><W45/><G113/><N who="1" m="43018" /><E71/><V121/><N who="2" m="512" /><DORA hai="4" /><V88/><F29/><W57/><G74/><T11/><D103/><U128/><E128/><V96/><F56/><W23/><G119/><T42/><D42/><U126/><E92/><V90/><F66/><W9/><G107/><T68/><D68/><U106/><E106/><V134/><F134/><N who="0" m="51210" /><D5/><U84/><E26/><V28/><F28/><W53/><G99/><T49/><D38/><N who="1" m="21623" /><E18/><V65/><REACH who="2" step="1"/><F65/><REACH who="2" ten="206,640,2,142" step="2"/><W52/><G57/><T64/><D64/><U70/><E70/><V95/><F95/><W16/><G39/><T69/><D69/><U13/><E33/><V40/><F40/><W34/><G34/><T109/><D109/><U30/><E30/><V91/><N who="2" m="23040" /><DORA hai="110" /><V94/><F94/><W100/><G54/><T61/><D61/><U36/><E32/><V105/><F105/><W58/><G52/><T60/><D60/><U131/><E131/><V111/><F111/><W112/><G112/><T20/><D41/><U51/><E126/><V22/><AGARI ba="1,1" hai="15,17,22,96,97,121,122,123" m="23040,512" machi="22" ten="80,8000,1" yaku="1,1,0,1,29,2,54,1,53,0" doraHai="72,4,110" doraHaiUra="75,83,78" who="2" fromWho="2" sc="206,-21,640,-41,2,93,142,-21" /><INIT seed="6,0,0,0,2,28" ten="185,599,95,121" oya="2" hai0="42,135,132,112,68,13,134,5,110,8,33,126,125" hai1="72,123,65,107,58,60,1,19,81,78,52,74,10" hai2="93,18,111,0,55,32,133,9,130,96,91,64,34" hai3="43,106,12,94,56,127,77,26,100,54,97,129,122"/><V39/><F39/><W114/><G122/><T62/><D112/><U115/><E107/><V73/><F73/><W79/><G129/><T70/><D110/><U121/><E115/><V88/><F130/><W89/><G114/><T98/><D98/><U104/><E104/><V21/><F111/><W20/><G127/><N who="0" m="48651" /><D33/><U113/><E113/><V23/><F133/><W109/><G109/><T49/><D62/><U4/><E74/><V35/><F64/><W45/><G12/><T119/><D119/><U90/><E90/><V22/><F55/><W105/><G105/><T38/><D38/><U61/><REACH who="1" step="1"/><E19/><REACH who="1" ten="185,589,95,121" step="2"/><V128/><F128/><W31/><G89/><T57/><D135/><U71/><AGARI ba="0,1" hai="1,4,10,52,58,60,61,65,71,72,78,81,121,123" machi="71" ten="30,8000,1" yaku="1,1,2,1,0,1,54,1,53,1" doraHai="28" doraHaiUra="67" who="1" fromWho="1" sc="185,-20,589,90,95,-40,121,-20" /><INIT seed="7,0,0,3,0,126" ten="165,679,55,101" oya="3" hai0="121,62,31,87,129,36,98,58,117,68,30,64,125" hai1="13,89,84,135,114,57,40,39,51,12,99,86,47" hai2="88,77,111,93,100,112,74,23,11,43,9,21,116" hai3="17,22,85,24,18,25,53,65,96,20,134,91,81"/><W66/><G134/><T49/><D129/><U83/><E114/><V27/><F112/><W10/><G10/><T55/><D125/><U115/><E115/><V5/><F116/><W52/><G96/><T67/><D121/><U54/><E135/><V95/><F111/><W6/><G6/><T119/><D36/><U103/><E86/><V82/><F43/><W59/><G53/><T15/><D67/><U79/><E79/><V94/><F100/><W0/><G0/><T104/><D87/><U107/><AGARI ba="0,0" hai="12,13,39,40,47,51,54,57,83,84,89,99,103,107" machi="107" ten="20,1500,0" yaku="0,1,7,1" doraHai="126" who="1" fromWho="1" sc="165,-4,679,15,55,-4,101,-7" owari="161,-4.0,694,80.0,51,-45.0,94,-31.0" /></mjloggm>