<mjloggm ver="2.3"><GO type="169" lobby="0"/><UN n0="%E6%96%B0%E6%BD%9F%E3%83%89%E3%83%A9%E3%82%B4%E3%83%B3" n1="%E6%AD%A6%E8%A3%85%E5%95%86%E8%88%B9%E5%9B%A3" n2="%E5%A4%A9%E9%BC%93" n3="%E3%82%A6%E3%83%AB%E3%83%88%E3%83%A9%E7%AB%8B%E7%9B%B4" dan="16,17,17,17" rate="2122.64,2204.56,2210.18,2151.78" sx="M,M,M,M"/><TAIKYOKU oya="0"/><INIT seed="0,0,0,1,5,117" ten="250,250,250,250" oya="0" hai0="5,111,64,96,3,30,29,128,91,13,83,121,45" hai1="51,76,65,92,44,78,84,85,49,46,63,77,135" hai2="132,104,58,68,59,23,103,130,16,80,114,20,17" hai3="102,122,70,97,79,39,56,55,133,72,71,31,36"/><T9/><D121/><U86/><E135/><V26/><F114/><W113/><G79/><T69/><D128/><U81/><E81/><V125/><F132/><W88/><G72/><T34/><D34/><U98/><E63/><V47/><F130/><W53/><G31/><T62/><D111/><U115/><E115/><V52/><F68/><N who="3" m="26155" /><G88/><T42/><D3/><U35/><E65/><V38/><F125/><W131/><G97/><T118/><D118/><U95/><E35/><V127/><F127/><W22/><G22/><T40/><D40/><U0/><E0/><V60/><F59/><W6/><G6/><T27/><D27/><U105/><E105/><V48/><F38/><N who="3" m="14379" /><G102/><T106/><D106/><U2/><E2/><V43/><F80/><W110/><G113/><T119/><D119/><U67/><E67/><V18/><REACH who="2" step="1"/><F26/><REACH who="2" ten="250,250,240,250" step="2"/><W21/><G131/><T101/><D83/><U108/><E108/><V54/><F54/><W123/><G110/><T28/><D91/><U61/><E61/><V33/><F33/><W124/><G124/><T75/><D101/><U109/><E109/><V134/><F134/><W37/><G133/><T14/><D69/><U41/><E98/><AGARI ba="0,1" hai="16,17,18,20,23,43,47,48,52,58,60,98,103,104" machi="98" ten="40,8000,1" yaku="1,1,54,2,53,1" doraHai="117" doraHaiUra="94" who="2" fromWho="1" sc="250,0,250,-80,240,90,250,0" /><INIT seed="1,0,0,0,3,34" ten="250,170,330,250" oya="1" hai0="42,33,81,84,109,87,78,94,118,98,93,111,70" hai1="92,71,104,48,53,15,75,14,31,66,45,122,5" hai2="46,60,1,21,89,132,28,30,36,61,62,69,121" hai3="115,106,133,10,40,130,68,58,13,57,11,99,55"/><U7/><E104/><V103/><F121/><W4/><G115/><T79/><D33/><U88/><E122/><V8/><F132/><W27/><G68/><T49/><D70/><U131/><E75/><V37/><F69/><W39/><G130/><T119/><D49/><U90/><E131/><V29/><F103/><W76/><G133/><T41/><D81/><U3/><E31/><V22/><F89/><W12/><G76/><T20/><D98/><U25/><E25/><V101/><F101/><W120/><G120/><T102/><D102/><U38/><E38/><V65/><F65/><W54/><G99/><T129/><D129/><U127/><E127/><V19/><F19/><W32/><G106/><T16/><D16/><U24/><E24/><V2/><F8/><W107/><G107/><T85/><REACH who="0" step="1"/><D87/><REACH who="0" ten="240,170,330,250" step="2"/><U100/><E100/><V125/><F125/><W135/><G32/><T72/><D72/><U134/><E134/><V47/><F62/><W0/><G135/><T91/><D91/><U52/><E90/><V86/><F30/><W123/><G27/><T110/><D110/><U82/><E82/><V43/><F43/><W96/><G96/><T67/><D67/><U56/><E66/><V126/><F126/><W9/><G123/><T108/><D108/><U128/><E71/><V74/><F74/><W114/><G10/><T97/><D97/><N who="1" m="57479" /><E128/><V18/><F18/><W112/><G9/><T80/><D80/><U83/><E83/><V77/><F86/><W73/><G11/><T117/><D117/><U6/><E3/><V63/><F63/><AGARI ba="0,1" hai="5,6,7,14,15,45,48,52,53,56,63" m="57479" machi="63" ten="30,5800,0" yaku="8,1,54,2" doraHai="34" who="1" fromWho="2" sc="240,0,170,68,330,-58,250,0" /><INIT seed="1,1,0,0,3,118" ten="240,238,272,250" oya="1" hai0="132,5,13,16,97,10,68,23,4,82,65,31,89" hai1="1,114,122,109,102,2,47,74,112,107,117,28,38" hai2="36,66,120,3,104,113,81,46,100,6,106,24,14" hai3="63,51,127,44,133,17,130,39,61,80,58,95,125"/><U56/><E56/><V96/><F113/><N who="1" m="43625" /><E117/><V88/><F120/><W26/><G80/><T18/><D132/><U76/><E28/><V128/><F128/><W71/><G95/><T8/><D31/><U9/><E109/><V91/><F106/><W79/><G79/><T129/><D129/><U72/><E122/><V123/><F123/><W62/><G17/><T41/><D41/><N who="1" m="22967" /><E76/><V54/><F14/><W73/><G26/><T37/><D37/><U42/><E42/><V105/><F105/><W83/><G83/><T85/><D97/><N who="1" m="61903" /><E9/><V110/><F110/><W40/><G73/><AGARI ba="1,0" hai="1,2,72,73,74" m="61903,22967,43625" machi="73" ten="30,1500,0" yaku="23,1" doraHai="118" who="1" fromWho="3" sc="240,0,238,18,272,0,250,-18" /><INIT seed="1,2,0,1,2,55" ten="240,256,272,232" oya="1" hai0="54,99,132,60,0,11,70,46,12,61,85,82,90" hai1="9,98,108,89,31,135,113,37,112,122,40,24,48" hai2="121,88,58,26,35,74,86,19,16,76,66,27,125" hai3="10,103,57,117,107,128,91,33,116,14,39,127,75"/><U78/><E122/><V38/><F38/><W102/><G33/><T67/><D132/><U63/><E37/><V106/><F121/><W77/><G39/><T120/><D120/><U68/><E135/><V104/><F74/><W49/><G77/><T97/><D0/><U4/><E78/><V51/><F106/><W62/><G75/><T101/><D101/><U110/><E40/><V43/><F104/><W7/><G127/><T80/><D80/><U69/><E48/><V111/><F111/><N who="1" m="42537" /><E98/><V123/><F35/><W105/><G128/><T8/><D8/><U13/><E89/><V118/><F118/><N who="3" m="45675" /><G49/><T119/><D119/><U44/><E44/><N who="2" m="26015" /><F125/><W84/><G105/><T23/><D23/><N who="1" m="15775" /><E63/><N who="2" m="38263" /><F76/><W93/><G107/><T45/><D45/><U109/><N who="1" m="42545" /><U41/><DORA hai="131" /><E41/><V3/><F123/><W83/><G103/><T73/><D73/><U114/><AGARI ba="2,0" hai="4,9,13,68,69,112,113,114" m="15775,42545" machi="114" ten="50,4800,0" yaku="14,1,10,1" doraHai="55,131" who="1" fromWho="1" sc="240,-18,256,54,272,-18,232,-18" /><INIT seed="1,3,0,1,1,105" ten="222,310,254,214" oya="1" hai0="125,73,63,74,21,65,25,64,62,120,124,28,12" hai1="101,87,15,34,93,123,91,75,119,127,121,16,55" hai2="7,53,131,82,108,3,0,100,83,77,32,110,95" hai3="37,128,46,9,18,94,49,11,84,104,48,92,56"/><U111/><E119/><V47/><F131/><W33/><G104/><T134/><D134/><U96/><E127/><N who="0" m="48713" /><D120/><U24/><E75/><N who="0" m="28681" /><D12/><U27/><E111/><V117/><F32/><W133/><G33/><T6/><D6/><U79/><E79/><V66/><F7/><W90/><G128/><T72/><N who="0" m="28689" /><T118/><DORA hai="122" /><D118/><U43/><E43/><V23/><F77/><W60/><G133/><T42/><D42/><U88/><E91/><V103/><F117/><W132/><G132/><T81/><D81/><U102/><E102/><V13/><F103/><W51/><G90/><T80/><D80/><U89/><E89/><V50/><F83/><W126/><G126/><T22/><D21/><U40/><E40/><V14/><F82/><W114/><G11/><T135/><D135/><U29/><E55/><V129/><F129/><W1/><G9/><T4/><D4/><U85/><E27/><V41/><F14/><W107/><G1/><T5/><D5/><U116/><E116/><V30/><F13/><W97/><G114/><T19/><D19/><U10/><REACH who="1" step="1"/><E87/><REACH who="1" ten="222,300,254,214" step="2"/><V113/><F41/><W106/><G84/><T39/><D39/><U70/><E70/><V26/><F113/><W38/><G37/><T115/><D115/><U99/><E99/><N who="2" m="59519" /><F66/><AGARI ba="3,1" hai="22,25,28,62,63,64,65,66" m="28689,48713" machi="66" ten="50,8000,1" yaku="18,1,52,4" doraHai="105,122" who="0" fromWho="2" sc="222,99,300,0,254,-89,214,0" /><INIT seed="2,0,0,5,0,75" ten="321,300,165,214" oya="2" hai0="58,50,37,43,22,126,91,101,77,7,70,23,14" hai1="31,124,55,85,5,20,132,117,54,63,40,56,49" hai2="61,133,3,11,57,29,47,17,76,82,13,2,119" hai3="107,62,44,89,18,104,74,60,66,111,6,88,32"/><V92/><F119/><W34/><G74/><T98/><D70/><U110/><E117/><V103/><F133/><W52/><G6/><T96/><D37/><U25/><E132/><V93/><F29/><W115/><G18/><T30/><D77/><U121/><E110/><V67/><F47/><W51/><G111/><T8/><D30/><U48/><E124/><V80/><F80/><W10/><G10/><T59/><D126/><U35/><E121/><V99/><REACH who="2" step="1"/><F93/><REACH who="2" ten="321,300,155,214" step="2"/><W125/><G125/><T84/><D59/><U26/><E31/><V114/><F114/><W12/><G115/><T15/><D58/><U106/><E56/><V69/><F69/><W19/><G104/><T97/><D101/><U130/><E106/><V64/><F64/><W123/><G107/><T131/><D131/><U45/><E45/><V39/><F39/><W16/><G123/><T112/><D112/><U1/><E130/><V94/><F94/><W36/><G36/><T122/><D122/><U4/><E35/><V21/><F21/><N who="3" m="11399" /><G34/><T38/><D38/><U129/><E20/><V71/><F71/><W109/><G32/><T116/><D116/><U135/><E129/><V41/><F41/><W100/><G66/><T127/><D127/><U33/><E40/><V102/><F102/><W86/><G100/><T42/><D43/><U78/><E33/><V105/><F105/><W81/><G109/><T0/><D42/><U118/><E135/><V27/><F27/><W28/><G28/><T72/><D23/><U134/><E118/><V113/><F113/><W24/><G24/><T90/><D22/><RYUUKYOKU ba="0,1" sc="321,-10,300,-10,155,30,214,-10" hai2="2,3,11,13,17,57,61,67,76,82,92,99,103" /><INIT seed="2,1,1,0,3,61" ten="311,290,185,204" oya="2" hai0="47,68,110,17,130,64,27,122,127,45,7,36,133" hai1="31,88,134,49,2,11,115,135,69,105,44,125,38" hai2="74,14,13,94,81,6,46,34,109,123,118,108,54" hai3="15,55,3,40,25,99,101,102,76,4,121,53,19"/><V111/><F123/><W117/><G117/><T28/><D7/><U92/><E115/><V86/><F118/><W20/><G121/><T85/><D85/><U52/><E125/><V75/><F34/><W42/><G3/><T95/><D95/><U113/><E113/><V32/><F32/><W16/><G76/><T51/><D17/><U119/><E119/><V39/><F94/><N who="3" m="58615" /><G4/><T129/><D122/><U37/><E105/><V131/><F131/><W87/><G87/><T59/><D36/><U112/><E112/><V0/><F0/><W57/><G102/><T62/><D127/><U128/><E128/><N who="0" m="49257" /><D110/><U106/><E106/><V79/><F54/><W33/><G55/><N who="0" m="32255" /><D133/><U96/><E31/><V97/><F97/><W60/><G33/><AGARI ba="1,1" hai="27,28,33,45,47,62,64,68" m="32255,49257" machi="33" ten="30,2000,0" yaku="19,1,52,1" doraHai="61" who="0" fromWho="3" sc="311,33,290,0,185,0,204,-23" /><INIT seed="3,0,0,5,3,15" ten="344,290,185,181" oya="3" hai0="58,84,88,0,18,73,82,76,57,20,59,124,123" hai1="41,29,132,51,115,134,46,24,87,21,128,39,49" hai2="62,109,68,47,78,113,6,131,36,69,10,8,102" hai3="93,9,27,16,7,43,61,67,32,40,98,118,126"/><W79/><G118/><T50/><D124/><U101/><E115/><V119/><F113/><W133/><G126/><T111/><D111/><U94/><E128/><V38/><F119/><W52/><G79/><T14/><D0/><U103/><E103/><V13/><F109/><W12/><G133/><N who="1" m="51306" /><E87/><V95/><F131/><W99/><G32/><T135/><D135/><U53/><E53/><V33/><F33/><W42/><G67/><T60/><D123/><U4/><E4/><V114/><F114/><W81/><G81/><T25/><D50/><U80/><E80/><V106/><F106/><W77/><G77/><T70/><D70/><U125/><E125/><V37/><F78/><W100/><G99/><AGARI ba="0,0" hai="21,24,29,39,41,46,49,51,94,99,101" m="51306" machi="99" ten="30,1000,0" yaku="20,1" doraHai="15" who="1" fromWho="3" sc="344,0,290,10,185,0,181,-10" /><INIT seed="4,0,0,1,5,45" ten="344,300,185,171" oya="0" hai0="46,36,110,26,21,28,117,73,31,107,9,92,29" hai1="55,58,22,16,100,88,102,62,44,77,53,125,39" hai2="50,61,116,109,89,40,115,3,23,47,81,133,79" hai3="19,119,82,85,51,65,64,78,121,34,33,105,72"/><T15/><D107/><U69/><E125/><V20/><F109/><W98/><G119/><T75/><D117/><U91/><E77/><V52/><F116/><W5/><G121/><T43/><D110/><U127/><E127/><V49/><F3/><W103/><G5/><T10/><D92/><U80/><E69/><V123/><F123/><W132/><G132/><T101/><D101/><N who="1" m="39019" /><E39/><V112/><F61/><W63/><G19/><T113/><D113/><N who="2" m="43594" /><F89/><N who="1" m="34377" /><E80/><V1/><F1/><W104/><G104/><T96/><D96/><U71/><E71/><V38/><F133/><W94/><G65/><T7/><REACH who="0" step="1"/><D10/><REACH who="0" ten="334,300,185,171" step="2"/><U134/><E134/><V54/><F38/><W6/><G105/><T25/><D25/><N who="1" m="14535" /><E44/><N who="2" m="27687" /><F40/><W24/><G103/><T42/><D42/><U59/><E59/><V131/><F131/><W99/><G99/><T130/><D130/><U67/><AGARI ba="0,1" hai="53,55,58,62,67" m="14535,34377,39019" machi="67" ten="30,4000,0" yaku="8,1,54,2" doraHai="45" who="1" fromWho="1" sc="334,-20,300,50,185,-10,171,-10" /><INIT seed="5,0,0,5,3,90" ten="314,350,175,161" oya="1" hai0="37,3,116,111,115,101,104,89,88,4,0,27,78" hai1="8,105,122,91,82,14,51,97,5,77,23,44,16" hai2="11,123,59,129,96,72,15,19,99,81,34,45,70" hai3="128,28,67,54,36,62,98,103,85,100,134,43,53"/><U121/><E105/><V87/><F70/><W107/><G128/><T124/><D37/><U117/><E117/><V6/><F123/><W135/><G103/><T127/><D111/><U125/><E125/><N who="0" m="48201" /><D78/><U1/><E97/><V57/><F34/><W50/><G28/><T39/><D39/><U30/><E91/><V29/><F72/><W131/><G131/><T17/><D115/><U33/><E30/><V75/><F75/><W133/><G36/><T38/><D38/><U26/><E33/><V65/><F45/><N who="3" m="25919" /><G85/><T21/><D116/><U94/><E94/><V52/><F29/><W83/><G83/><T7/><D4/><U69/><E69/><AGARI ba="0,0" hai="53,54,62,67,69,98,100,107,133,134,135" m="25919" machi="69" ten="30,1000,0" yaku="20,1" doraHai="90" who="3" fromWho="1" sc="314,0,350,-10,175,0,161,10" /><INIT seed="6,0,0,4,2,76" ten="314,340,175,171" oya="2" hai0="23,75,3,78,90,62,34,27,80,89,94,130,87" hai1="5,61,65,96,59,68,44,26,121,64,60,54,8" hai2="101,102,131,53,112,129,118,132,16,15,84,21,19" hai3="1,100,98,120,74,99,58,119,83,77,2,79,126"/><V39/><F118/><W104/><G120/><T122/><D3/><U124/><E121/><V57/><F112/><W95/><G119/><T45/><D34/><U30/><E124/><V123/><F123/><W125/><G58/><T48/><D62/><U70/><E96/><V63/><F39/><W28/><G28/><T25/><D130/><N who="2" m="49674" /><F132/><W9/><G79/><T51/><D122/><U66/><E44/><V47/><F84/><W50/><G50/><T69/><D69/><U17/><E17/><V20/><F47/><W38/><G38/><T42/><D51/><U35/><E70/><V111/><F111/><W106/><G9/><T108/><D108/><U49/><E60/><V6/><F6/><W134/><G134/><T14/><D90/><U24/><E24/><AGARI ba="0,0" hai="15,16,19,20,21,24,53,57,63,101,102" m="49674" machi="24" ten="30,2900,0" yaku="19,1,54,1" doraHai="76" who="2" fromWho="1" sc="314,0,340,-29,175,29,171,0" /><INIT seed="6,1,0,1,1,135" ten="314,311,204,171" oya="2" hai0="62,49,131,133,132,58,40,29,89,16,61,80,67" hai1="95,104,66,46,128,92,7,39,71,23,12,42,120" hai2="13,87,24,121,6,63,88,117,37,101,76,72,10" hai3="55,73,129,1,77,9,53,59,57,34,111,52,25"/><V26/><F117/><W28/><G111/><T31/><D131/><U94/><E128/><V36/><F121/><W124/><G129/><T47/><D62/><U14/><E120/><V11/><F72/><W125/><G77/><T134/><D16/><U114/><E114/><V3/><F76/><W108/><G73/><T118/><D118/><U22/><E104/><V105/><F63/><W115/><G108/><T65/><D67/><U90/><E71/><V79/><F79/><W86/><G86/><AGARI ba="1,0" hai="29,31,40,47,49,58,61,65,80,86,89,132,133,134" machi="86" ten="40,1300,0" yaku="20,1" doraHai="135" who="0" fromWho="3" sc="314,16,311,0,204,0,171,-16" /><INIT seed="7,0,0,2,0,108" ten="330,311,204,155" oya="3" hai0="89,68,123,100,128,23,76,40,82,21,33,98,43" hai1="55,25,115,134,0,72,34,69,66,45,63,131,114" hai2="105,88,109,93,104,7,37,129,86,70,15,26,118" hai3="96,111,83,10,24,29,6,50,91,41,132,57,51"/><W46/><G132/><T2/><D33/><U125/><E134/><V53/><F109/><W80/><G111/><T8/><D68/><U32/><E131/><V59/><F70/><W73/><G73/><T20/><D89/><U35/><E125/><V81/><F37/><W18/><G18/><T49/><D49/><N who="1" m="29103" /><E72/><V16/><F118/><W11/><G96/><T39/><D39/><U78/><E0/><V19/><F105/><W90/><G90/><T84/><D128/><U67/><E78/><N who="2" m="46391" /><F26/><W71/><G71/><T42/><D123/><U3/><E3/><V64/><F64/><W12/><G11/><T9/><D2/><U17/><E67/><V92/><F92/><AGARI ba="0,0" hai="8,9,20,21,23,40,42,43,76,82,84,92,98,100" machi="92" ten="40,1300,0" yaku="8,1" doraHai="108" who="0" fromWho="2" sc="330,13,311,0,204,-13,155,0" owari="343,44.0,311,11.0,191,-21.0,155,-34.0" /></mjloggm>