<mjloggm ver="2.3"><GO type="169" lobby="0"/><UN n0="%E5%B0%B1%E6%B4%BB%E7%94%9F%40%E5%B7%9D%E6%9D%91%E8%BB%8D%E5%9B%A3" n1="%E3%83%87%E3%83%87%E3%82%AD%E3%83%B3%E3%83%88" n2="%E5%8F%AF%E7%87%83%E6%80%A7%E9%AB%98%E5%9C%A7%E3%82%AC%E3%82%B9" n3="%23%37%34%E5%A4%A7%E6%B2%BB%E9%83%8E" dan="16,16,17,16" rate="2090.75,2099.79,2143.33,2073.29" sx="M,M,M,M"/><TAIKYOKU oya="0"/><INIT seed="0,0,0,5,1,74" ten="250,250,250,250" oya="0" hai0="6,14,92,133,4,52,79,45,46,13,105,39,85" hai1="86,128,57,73,83,28,112,89,65,80,32,62,61" hai2="17,72,84,97,54,69,34,25,47,1,121,120,7" hai3="24,106,107,8,70,100,15,16,135,77,12,2,67"/><T56/><D105/><U122/><E128/><V40/><F54/><W64/><G2/><T123/><D123/><U41/><E122/><V96/><F84/><W50/><G135/><T98/><D133/><U38/><E112/><V58/><F58/><W81/><G24/><T99/><D39/><U18/><E32/><V5/><F17/><W131/><G131/><T127/><D127/><U21/><E28/><V108/><F25/><W35/><G35/><T104/><D104/><U49/><E38/><V37/><F34/><W93/><G107/><T130/><D130/><U68/><E41/><V94/><F69/><W82/><G106/><T78/><D85/><U115/><E49/><V71/><F71/><W119/><G119/><T20/><D20/><U87/><E73/><V44/><F44/><N who="0" m="17002" /><D14/><U109/><E115/><V31/><F31/><W129/><G129/><T53/><D98/><U22/><E18/><V59/><F96/><W51/><G70/><T124/><D124/><U9/><E9/><V43/><F97/><W132/><G132/><T55/><D56/><U23/><E86/><V134/><F72/><W3/><G3/><T75/><D75/><U88/><E89/><V91/><F40/><W19/><G100/><N who="0" m="60519" /><D13/><U27/><E27/><V110/><F134/><W10/><G93/><T36/><D36/><U66/><REACH who="1" step="1"/><E80/><REACH who="1" ten="250,240,250,250" step="2"/><V126/><F121/><W63/><REACH who="3" step="1"/><G63/><REACH who="3" ten="250,240,250,240" step="2"/><T116/><D116/><U0/><E0/><V26/><F120/><W29/><G29/><T11/><D11/><U76/><E76/><AGARI ba="0,2" hai="8,10,12,15,16,19,50,51,64,67,76,77,81,82" machi="76" ten="25,12000,2" yaku="1,1,22,2,8,1,52,2,54,1,53,0" doraHai="74" doraHaiUra="125" who="3" fromWho="1" sc="250,0,240,-120,250,0,240,140" /><AGARI ba="0,0" hai="4,6,52,53,55,76,78,79" m="60519,17002" machi="76" ten="30,12000,1" yaku="8,1,52,3,54,1" doraHai="74" who="0" fromWho="1" sc="250,120,120,-120,250,0,380,0" /><INIT seed="0,1,0,5,2,84" ten="370,0,250,380" oya="0" hai0="96,73,112,51,78,36,125,74,120,9,65,102,13" hai1="12,67,114,103,24,72,28,30,55,132,45,46,135" hai2="35,15,0,2,93,49,32,66,69,48,4,101,107" hai3="40,109,6,50,38,91,43,71,56,64,11,33,94"/><T105/><D36/><U82/><E114/><V113/><F113/><W1/><G33/><T18/><D112/><U115/><E115/><V123/><F123/><W58/><G38/><T127/><D120/><U130/><E130/><V75/><F75/><W37/><G37/><T31/><D31/><U95/><E67/><V14/><F93/><W122/><G122/><T60/><D51/><U99/><E12/><V81/><F81/><W129/><G129/><T41/><D41/><U76/><E55/><V100/><F66/><W61/><G109/><T116/><D116/><U133/><E30/><V39/><F39/><W21/><G21/><AGARI ba="1,0" hai="21,24,28,45,46,72,76,82,95,99,103,132,133,135" machi="21" ten="40,1300,0" yaku="20,1" doraHai="84" who="1" fromWho="3" sc="370,0,0,16,250,0,380,-16" /><INIT seed="1,0,0,4,5,17" ten="370,16,250,364" oya="1" hai0="65,91,56,104,30,77,122,34,85,79,23,68,121" hai1="36,73,131,54,88,105,2,74,70,39,38,7,8" hai2="113,28,84,16,94,125,97,120,52,114,3,46,90" hai3="9,42,0,6,13,57,78,58,59,31,18,80,92"/><U25/><E131/><V60/><F120/><N who="0" m="46186" /><D104/><U76/><E105/><V87/><F3/><W128/><G128/><T119/><D68/><U117/><E117/><V20/><F28/><W62/><G92/><N who="0" m="54383" /><D34/><U93/><E70/><V102/><F125/><W49/><G31/><T103/><D103/><U47/><E76/><V81/><F87/><W126/><G126/><T19/><D30/><U75/><E25/><V21/><F60/><W123/><G123/><T134/><D134/><U86/><REACH who="1" step="1"/><E54/><REACH who="1" ten="370,6,250,364" step="2"/><V118/><F118/><W127/><G127/><T15/><D119/><U109/><E109/><V96/><F114/><W99/><G78/><T40/><D40/><AGARI ba="0,1" hai="2,7,8,36,38,39,40,47,73,74,75,86,88,93" machi="40" ten="40,3900,0" yaku="1,1,54,1,53,0" doraHai="17" doraHaiUra="132" who="1" fromWho="0" sc="370,-39,6,49,250,0,364,0" /><INIT seed="1,1,0,1,1,102" ten="331,55,250,364" oya="1" hai0="7,16,70,103,69,18,53,116,61,57,88,24,8" hai1="51,2,68,132,113,11,87,128,130,44,4,84,90" hai2="129,13,26,25,121,56,14,48,107,34,97,23,65" hai3="104,135,71,29,112,89,58,83,133,9,105,110,125"/><U82/><E113/><V38/><F38/><W6/><G71/><T119/><D103/><U1/><E132/><N who="3" m="50762" /><G112/><T123/><D123/><U124/><E124/><V72/><F72/><W28/><G125/><T22/><D18/><U106/><E106/><N who="3" m="41066" /><G110/><T17/><D17/><U127/><E127/><V33/><F121/><W49/><G49/><T3/><REACH who="0" step="1"/><D88/><REACH who="0" ten="321,55,250,364" step="2"/><N who="1" m="51223" /><E4/><V95/><F107/><W54/><G89/><T81/><D81/><N who="1" m="49519" /><E11/><V0/><F97/><W98/><G83/><T122/><D122/><U63/><E2/><V67/><F0/><W78/><G78/><T86/><D86/><U96/><E1/><V31/><F95/><W93/><G93/><T73/><D73/><U52/><E96/><V66/><F13/><W91/><G91/><T45/><D45/><U108/><E108/><V75/><F14/><W46/><G46/><T79/><D79/><U19/><E19/><V94/><F94/><W12/><G98/><T64/><D64/><U74/><E74/><V77/><F66/><W62/><AGARI ba="1,1" hai="6,9,12,28,29,54,58,62" m="41066,50762" machi="62" ten="30,7900,0" yaku="20,1,52,3" doraHai="102" who="3" fromWho="3" sc="321,-21,55,-40,250,-21,364,92" /><INIT seed="2,0,0,2,4,22" ten="300,15,229,456" oya="2" hai0="3,76,121,0,61,133,68,53,112,93,106,17,115" hai1="125,35,52,45,51,123,132,4,124,127,14,16,84" hai2="66,50,96,36,82,75,92,85,94,34,5,128,1" hai3="91,100,119,55,46,135,87,111,63,29,19,7,104"/><V54/><F36/><W37/><G119/><T44/><D106/><U65/><E123/><V97/><F34/><W28/><G111/><T113/><D121/><U41/><E132/><V26/><F128/><W40/><G135/><T32/><D32/><U31/><E4/><V11/><F66/><W23/><G7/><T78/><D133/><U21/><E65/><V108/><F108/><W10/><G10/><T64/><D93/><U95/><E41/><V126/><F126/><W110/><G110/><T69/><D69/><U15/><E15/><V24/><F75/><W39/><G39/><T18/><D44/><U77/><E95/><V117/><F117/><W101/><G63/><T74/><D53/><U71/><E71/><V131/><F131/><W109/><G55/><T89/><D89/><U81/><E31/><V98/><F94/><W70/><G70/><T20/><D18/><U105/><REACH who="1" step="1"/><E35/><REACH who="1" ten="300,5,229,456" step="2"/><V13/><F92/><W122/><G122/><T30/><D30/><U9/><E9/><V134/><F1/><W83/><G109/><T2/><D2/><U116/><E116/><V49/><F134/><W57/><G28/><T27/><D3/><U80/><E80/><V60/><F60/><W129/><G29/><T103/><D0/><U6/><E6/><V48/><REACH who="2" step="1"/><F54/><REACH who="2" ten="300,5,219,456" step="2"/><W120/><G129/><T43/><D61/><U62/><E62/><V33/><F33/><W42/><G120/><T58/><D64/><U67/><E67/><V72/><F72/><W25/><G104/><AGARI ba="0,2" hai="14,16,21,45,51,52,77,81,84,104,105,124,125,127" machi="104" ten="40,8000,1" yaku="1,1,18,1,54,2,53,0" doraHai="22" doraHaiUra="130" who="1" fromWho="3" sc="300,0,5,100,219,0,456,-80" /><INIT seed="3,0,0,3,1,88" ten="300,105,219,376" oya="3" hai0="69,66,84,105,0,92,116,129,52,8,97,16,118" hai1="6,91,67,39,115,73,74,117,119,56,12,13,93" hai2="121,128,100,108,71,18,27,42,65,99,57,83,90" hai3="53,15,81,20,43,133,80,2,55,38,98,21,30"/><W76/><G2/><T104/><D129/><U25/><E39/><V44/><F71/><W86/><G133/><T95/><D69/><U72/><E115/><V77/><F128/><W87/><G98/><T26/><D66/><U59/><E25/><V82/><F108/><W123/><G123/><T51/><D0/><U113/><E113/><V34/><F121/><W4/><G38/><T3/><D3/><U64/><E6/><V22/><F34/><W70/><G70/><T85/><D104/><U78/><E78/><V1/><F1/><W5/><G76/><T96/><D105/><U36/><E36/><V47/><F100/><W134/><G134/><T94/><D116/><N who="1" m="44619" /><E64/><V45/><F42/><W127/><G127/><T68/><D68/><U112/><E112/><V48/><F77/><W32/><G32/><T50/><D50/><U35/><E35/><V122/><F122/><W125/><G125/><T106/><D118/><U28/><E28/><V103/><F103/><W61/><G30/><T24/><D106/><U107/><E107/><V41/><F41/><W109/><G43/><T63/><D63/><N who="1" m="38375" /><E59/><V37/><F37/><W46/><G61/><T31/><D31/><U75/><N who="1" m="18432" /><DORA hai="14" /><U9/><E9/><V124/><F124/><W110/><REACH who="3" step="1"/><G15/><REACH who="3" ten="300,105,219,366" step="2"/><N who="0" m="7271" /><D97/><AGARI ba="0,1" hai="12,13,91,93,97" m="18432,38375,44619" machi="97" ten="60,3900,0" yaku="12,1,52,1" doraHai="88,14" who="1" fromWho="0" sc="300,-39,105,49,219,0,366,0" /><INIT seed="4,0,0,2,0,117" ten="261,154,219,366" oya="0" hai0="122,52,102,13,79,11,70,68,73,29,119,105,54" hai1="24,3,82,40,22,31,71,49,97,46,96,84,64" hai2="16,134,37,109,65,110,62,89,75,41,130,131,43" hai3="35,135,94,48,101,133,121,132,77,112,66,100,127"/><T80/><D119/><U81/><E3/><V69/><F75/><W72/><G35/><T17/><D29/><U20/><E71/><V61/><F89/><W30/><G30/><T123/><D70/><U7/><E64/><V78/><F78/><W53/><G66/><T8/><D68/><U55/><E7/><V108/><F16/><W39/><G39/><T76/><D76/><U128/><E128/><V120/><F134/><W106/><G106/><T19/><D102/><U118/><E118/><V6/><F6/><W111/><G111/><T63/><D105/><U28/><E40/><V25/><F25/><W9/><G9/><T95/><D95/><U42/><E42/><N who="2" m="15883" /><F61/><W83/><G112/><T60/><D60/><U5/><E5/><V57/><F57/><W26/><G26/><T90/><D90/><U126/><E126/><V88/><F88/><W92/><G127/><T18/><D18/><U0/><E0/><V114/><F114/><W34/><G34/><T124/><D124/><U74/><E74/><V15/><F15/><W10/><G10/><T32/><D32/><U116/><E116/><V47/><F47/><N who="3" m="27807" /><G101/><T45/><D45/><U4/><E4/><V27/><F27/><W56/><G56/><T23/><D11/><U99/><E84/><V44/><F44/><W38/><G38/><T125/><D125/><U93/><E93/><N who="3" m="35946" /><G100/><T129/><D129/><N who="2" m="49162" /><F37/><W58/><G58/><N who="0" m="35271" /><D54/><U107/><E107/><V113/><F113/><W14/><G14/><T104/><D104/><U103/><E103/><V59/><F69/><W51/><G72/><T115/><D115/><RYUUKYOKU ba="0,0" sc="261,10,154,10,219,10,366,-30" hai0="8,13,17,19,23,73,79,80,122,123" hai1="20,22,24,28,31,46,49,55,81,82,96,97,99" hai2="59,62,65,108,109,110,120" /><INIT seed="4,1,0,4,4,135" ten="271,164,229,336" oya="0" hai0="91,73,129,26,63,123,7,14,37,0,13,121,96" hai1="124,131,12,71,125,97,19,108,16,88,51,69,45" hai2="29,33,57,94,119,39,23,117,111,77,65,68,50" hai3="32,107,116,2,92,17,6,22,30,67,47,76,72"/><T80/><D37/><U98/><E108/><V43/><F33/><W55/><G107/><T128/><D73/><U122/><E131/><N who="0" m="50249" /><D63/><U58/><E58/><V89/><F77/><W54/><G116/><N who="2" m="44617" /><F111/><W114/><G114/><T115/><D115/><U133/><E133/><V46/><F29/><W104/><G104/><T100/><D26/><U28/><E28/><V85/><F23/><W75/><G67/><T1/><D91/><U44/><E122/><N who="0" m="46601" /><D80/><U56/><E56/><V4/><F4/><W70/><G70/><T90/><D90/><U106/><E106/><V31/><F31/><W5/><G30/><T112/><D112/><U8/><E88/><N who="2" m="53519" /><F68/><W118/><G32/><T84/><D84/><U38/><E38/><V130/><F89/><W41/><G75/><T9/><D1/><U21/><E71/><V120/><F120/><W74/><G2/><T87/><D87/><U83/><E83/><V62/><F130/><W25/><G118/><T101/><D101/><U64/><E69/><V3/><F3/><W109/><G109/><T15/><D0/><U61/><E98/><V11/><F39/><N who="3" m="21951" /><G74/><T40/><D40/><N who="1" m="24967" /><E97/><V20/><F20/><W127/><G72/><T110/><D110/><U49/><E61/><V18/><F18/><W36/><G17/><T102/><D102/><U105/><E105/><AGARI ba="1,0" hai="7,9,13,14,15,96,100,105" m="46601,50249" machi="105" ten="30,1500,0" yaku="19,1" doraHai="135" who="0" fromWho="1" sc="271,18,164,-18,229,0,336,0" /><INIT seed="4,2,0,0,3,44" ten="289,146,229,336" oya="0" hai0="21,97,96,61,92,88,43,118,99,134,0,116,98" hai1="76,10,133,34,55,83,130,62,108,90,22,132,121" hai2="112,33,122,81,18,115,23,65,7,14,41,59,11" hai3="60,67,47,54,2,102,86,135,39,31,107,35,93"/><T101/><D0/><U66/><E34/><V111/><F41/><W84/><G2/><T77/><D43/><U113/><E121/><V27/><F81/><W110/><G110/><T52/><D134/><N who="1" m="51819" /><E108/><V46/><F46/><W3/><G3/><T51/><D77/><U109/><E109/><V48/><F111/><W16/><G135/><T128/><D128/><U71/><E130/><V36/><F36/><W123/><G123/><T63/><D21/><U75/><E10/><V129/><F129/><W24/><G39/><T40/><D40/><U20/><E113/><N who="2" m="43595" /><F122/><W95/><G86/><T106/><D106/><U25/><E90/><V12/><F65/><W89/><G107/><T127/><D127/><U72/><E72/><V26/><F33/><W6/><G102/><T74/><D74/><U120/><E120/><V57/><F57/><W91/><G91/><T94/><D118/><U38/><E38/><V30/><F30/><W56/><G89/><T117/><D117/><U78/><E78/><V105/><F105/><W42/><G84/><N who="0" m="52231" /><D116/><U50/><E25/><V49/><F59/><AGARI ba="2,0" hai="51,52,59,61,63,94,96,97,98,99,101" m="52231" machi="59" ten="30,11600,0" yaku="8,1,52,1,54,2" doraHai="44" who="0" fromWho="2" sc="289,122,146,0,229,-122,336,0" /><AGARI ba="2,0" hai="20,22,50,55,59,62,66,71,75,76,83" m="51819" machi="59" ten="30,2000,0" yaku="20,1,52,1" doraHai="44" who="1" fromWho="2" sc="411,0,146,20,107,-20,336,0" /><INIT seed="4,3,0,0,1,112" ten="411,166,87,336" oya="0" hai0="107,58,9,60,71,110,52,80,96,108,106,87,31" hai1="23,46,18,17,65,14,49,74,53,135,39,118,102" hai2="81,128,61,133,90,62,127,54,56,88,8,125,32" hai3="129,19,95,45,123,98,44,111,38,113,55,29,70"/><T22/><D71/><U37/><E118/><V86/><F32/><W0/><G70/><T131/><D131/><U100/><E135/><V79/><F128/><W104/><G111/><N who="0" m="42539" /><D9/><U26/><E74/><V7/><F133/><W10/><G104/><T50/><D96/><U43/><E65/><V51/><F62/><W83/><G113/><T122/><D122/><U34/><E34/><V1/><REACH who="2" step="1"/><F61/><REACH who="2" ten="411,166,77,336" step="2"/><W33/><G123/><T69/><D60/><U16/><E39/><V48/><F48/><W103/><G38/><T78/><D69/><U82/><E37/><V42/><F42/><W4/><G33/><T94/><D50/><U120/><E120/><V2/><F2/><W63/><G129/><T5/><D58/><U64/><E43/><V124/><AGARI ba="3,1" hai="1,7,8,51,54,56,79,81,86,88,90,124,125,127" machi="124" ten="30,7900,0" yaku="1,1,0,1,18,1,54,1,53,0" doraHai="112" doraHaiUra="24" who="2" fromWho="2" sc="411,-42,166,-23,77,98,336,-23" /><INIT seed="5,0,0,0,5,3" ten="369,143,175,313" oya="1" hai0="80,55,1,7,29,102,35,119,13,121,97,48,22" hai1="99,68,107,128,92,28,98,129,20,122,11,109,134" hai2="54,56,59,135,58,19,95,132,120,61,82,21,41" hai3="30,81,43,133,63,15,85,103,33,57,38,89,104"/><U110/><E122/><V79/><F120/><W52/><G133/><N who="2" m="51273" /><F95/><W112/><G112/><T37/><D37/><U130/><E134/><V76/><F41/><W9/><G43/><T42/><D35/><U4/><E68/><V34/><F34/><W32/><G38/><T2/><D42/><U115/><E115/><V66/><F54/><W46/><G46/><T105/><D121/><U60/><E60/><V91/><F91/><W24/><G103/><T93/><D105/><U96/><E107/><V49/><F49/><W18/><REACH who="3" step="1"/><G104/><REACH who="3" ten="369,143,175,303" step="2"/><T75/><D119/><U0/><E92/><V111/><F111/><W5/><G5/><T27/><D80/><U124/><E124/><V114/><F114/><W10/><G10/><T36/><D36/><U108/><E108/><V26/><F82/><W90/><G90/><T45/><D75/><U101/><E101/><V47/><F47/><W72/><G72/><T113/><D113/><U14/><REACH who="1" step="1"/><E0/><REACH who="1" ten="369,133,175,303" step="2"/><V88/><F88/><W74/><G74/><T87/><D87/><U25/><AGARI ba="0,2" hai="4,11,14,20,25,28,96,98,99,109,110,128,129,130" machi="25" ten="40,12000,1" yaku="1,1,2,1,0,1,19,1,52,1,53,0" doraHai="3" doraHaiUra="70" who="1" fromWho="1" sc="369,-40,133,140,175,-40,303,-40" /><INIT seed="5,1,0,2,4,6" ten="329,273,135,263" oya="1" hai0="105,16,104,119,116,66,86,82,4,103,113,39,106" hai1="75,80,32,54,91,44,93,88,40,87,132,2,76" hai2="15,118,114,108,97,7,10,45,35,130,0,56,61" hai3="94,67,100,31,60,30,83,92,17,95,52,99,96"/><U57/><E132/><V65/><F118/><W79/><G17/><T22/><D39/><U109/><E32/><V129/><F108/><W25/><G25/><T127/><D103/><U3/><E109/><V33/><F97/><W51/><G67/><T123/><D123/><U69/><E69/><V71/><F45/><W24/><G60/><T29/><D29/><U90/><E3/><V42/><F42/><W48/><G94/><T133/><D133/><U107/><E2/><V34/><F56/><W38/><G38/><T18/><D18/><U55/><E107/><V84/><F84/><N who="3" m="48255" /><G24/><T70/><D4/><U89/><REACH who="1" step="1"/><E57/><REACH who="1" ten="329,263,135,263" step="2"/><V81/><F81/><W64/><G51/><AGARI ba="1,1" hai="40,44,51,54,55,75,76,80,87,88,89,90,91,93" machi="51" ten="40,7700,0" yaku="1,1,2,1,54,1,53,0" doraHai="6" doraHaiUra="14" who="1" fromWho="3" sc="329,0,263,90,135,0,263,-80" /><INIT seed="5,2,0,5,0,78" ten="329,353,135,183" oya="1" hai0="42,33,67,107,75,72,44,119,17,19,10,68,87" hai1="20,85,9,38,36,6,95,14,4,0,113,77,16" hai2="58,94,89,39,83,129,121,62,128,118,45,3,50" hai3="90,115,134,102,41,56,64,61,32,47,28,125,104"/><U127/><E113/><V73/><F3/><W12/><G115/><T111/><D111/><U1/><E127/><V55/><F121/><W29/><G125/><T23/><D33/><U124/><E124/><V40/><F118/><W114/><G114/><T81/><D107/><U106/><E106/><V13/><F13/><W24/><G134/><T117/><D68/><U98/><E4/><V97/><F73/><W108/><G108/><T74/><D67/><U66/><E66/><V43/><F43/><W48/><G29/><T60/><D60/><U91/><E1/><V2/><F2/><W54/><G12/><T84/><D84/><U120/><REACH who="1" step="1"/><E120/><REACH who="1" ten="329,343,135,183" step="2"/><V116/><F116/><W71/><G104/><T79/><D119/><U8/><E8/><V26/><F26/><W112/><G112/><T57/><D117/><U122/><E122/><V59/><F59/><W109/><G109/><T131/><D57/><U133/><E133/><V135/><F135/><W70/><G102/><T99/><D10/><U52/><E52/><V22/><F22/><W93/><REACH who="3" step="1"/><G64/><REACH who="3" ten="329,343,135,173" step="2"/><T31/><D23/><U100/><E100/><V96/><F129/><W88/><G88/><T15/><D131/><U130/><E130/><V5/><F128/><W11/><G11/><T53/><D79/><U76/><E76/><V103/><F103/><W101/><G101/><T34/><D34/><U63/><E63/><V86/><F62/><W21/><G21/><T30/><D53/><U25/><E25/><V80/><REACH who="2" step="1"/><F5/><REACH who="2" ten="329,343,125,173" step="2"/><W126/><G126/><T92/><D15/><U65/><E65/><V51/><F51/><RYUUKYOKU ba="2,3" sc="329,-30,343,10,125,10,173,10" hai1="0,6,9,14,16,20,36,38,77,85,91,95,98" hai2="39,40,45,50,55,58,80,83,86,89,94,96,97" hai3="24,28,32,41,47,48,54,56,61,70,71,90,93" /><INIT seed="5,3,3,1,0,89" ten="299,353,135,183" oya="1" hai0="85,120,43,17,99,26,15,106,63,20,9,4,42" hai1="47,75,59,108,114,67,129,70,22,73,82,69,130" hai2="102,135,126,16,125,64,116,66,131,33,28,115,100" hai3="7,24,49,37,40,109,134,46,32,95,39,110,36"/><U57/><E114/><V119/><F28/><W87/><G134/><T1/><D120/><U80/><E108/><V60/><F33/><W55/><G7/><T29/><D63/><U48/><E22/><V97/><F131/><N who="1" m="50185" /><E80/><V35/><F35/><W123/><G32/><N who="0" m="20535" /><D85/><U6/><E6/><V122/><F122/><W25/><G123/><T104/><D104/><U91/><E91/><V31/><F31/><W44/><G25/><T8/><D8/><U27/><E27/><V118/><F135/><W65/><G24/><T10/><D10/><U77/><E75/><V88/><F16/><W83/><G65/><N who="2" m="25193" /><F60/><W112/><G112/><T51/><D51/><U111/><E111/><V52/><F115/><W78/><REACH who="3" step="1"/><G95/><REACH who="3" ten="299,353,135,173" step="2"/><T121/><D121/><U94/><E94/><N who="2" m="56519" /><F119/><W105/><G105/><T79/><D79/><U30/><E67/><V0/><F0/><W103/><G103/><AGARI ba="3,4" hai="1,4,9,15,17,20,42,43,99,103,106" m="20535" machi="103" ten="30,1000,0" yaku="24,1" doraHai="89" who="0" fromWho="3" sc="299,59,353,0,135,0,173,-19" /><INIT seed="6,0,0,5,0,17" ten="358,353,135,154" oya="2" hai0="112,41,33,83,1,130,62,103,94,86,44,106,88" hai1="100,67,120,77,91,38,87,65,5,93,131,133,105" hai2="26,18,123,79,85,135,28,22,50,125,99,23,81" hai3="53,25,60,58,114,89,124,132,108,54,61,56,63"/><V73/><F123/><W52/><G108/><T119/><D33/><U80/><E120/><V72/><F135/><W46/><G132/><T68/><D1/><U71/><E38/><V116/><F116/><W24/><G124/><T51/><D119/><U48/><E133/><V78/><F125/><W97/><G114/><T126/><D126/><U115/><E115/><V75/><F99/><W11/><G11/><T15/><D112/><U30/><E131/><V19/><F50/><N who="3" m="28887" /><G63/><T109/><D109/><U121/><E121/><V96/><F96/><W92/><AGARI ba="0,0" hai="24,25,52,54,56,58,60,61,89,92,97" m="28887" machi="92" ten="30,2000,0" yaku="8,1,54,1" doraHai="17" who="3" fromWho="3" sc="358,-5,353,-5,135,-10,154,20" /><INIT seed="7,0,0,0,1,109" ten="353,348,125,174" oya="3" hai0="85,69,65,71,62,112,83,27,73,3,133,22,42" hai1="95,75,67,66,114,74,43,110,33,79,94,72,89" hai2="35,63,122,36,82,121,111,41,25,87,131,61,59" hai3="39,93,70,96,55,37,15,129,58,4,30,124,40"/><W127/><G70/><T38/><D3/><U125/><E110/><V31/><F111/><W57/><G30/><T16/><D71/><U98/><E114/><V80/><F131/><W108/><G108/><T135/><D112/><U104/><E125/><N who="3" m="48202" /><G129/><T81/><D73/><U54/><E104/><V24/><F41/><W134/><G134/><N who="0" m="51211" /><D85/><U97/><E33/><V52/><F36/><N who="3" m="13899" /><G40/><T68/><D68/><U7/><E43/><V17/><F63/><W91/><G55/><T0/><D0/><U20/><E79/><V2/><F2/><W118/><G118/><T13/><D13/><U50/><E7/><V76/><F80/><W107/><G107/><T113/><D113/><U1/><E20/><V6/><F6/><W32/><G32/><T64/><D64/><U29/><E29/><V23/><REACH who="2" step="1"/><F24/><REACH who="2" ten="353,348,115,174" step="2"/><W115/><G115/><T116/><D116/><U28/><E1/><V44/><F44/><AGARI ba="0,1" hai="16,22,27,38,42,44,62,65,69,81,83" m="51211" machi="44" ten="30,2000,0" yaku="20,1,54,1" doraHai="109" who="0" fromWho="2" sc="353,30,348,0,115,-20,174,0" owari="383,48.0,348,15.0,95,-40.0,174,-23.0" /></mjloggm>