<mjloggm ver="2.3"><GO type="97" lobby="0"/><UN n0="%52%35" n1="%E3%82%B8%E3%82%A7%E3%83%AA%E3%82%B3%E3%81%AE%E5%A3%81" n2="%32%30%30%31%31%32%32%34" n3="%E3%83%88%E3%83%88%E3%83%AA%E5%85%88%E7%94%9F%31%39%E6%AD%B3" dan="15,13,14,15" rate="2005.49,1896.30,1932.04,2008.94" sx="M,M,M,F"/><TAIKYOKU oya="0"/><INIT seed="0,0,0,0,3,9" ten="250,250,250,250" oya="0" hai0="26,74,1,110,21,123,86,0,22,42,87,45,126" hai1="40,95,7,18,34,31,90,67,79,101,114,53,93" hai2="5,64,54,124,91,119,57,68,89,12,27,24,85" hai3="128,83,44,99,62,66,60,59,37,112,48,19,51"/><T39/><D123/><U98/><E114/><V115/><F115/><W71/><G112/><T28/><D74/><U131/><E131/><V107/><F107/><W10/><G128/><T125/><D110/><U32/><E31/><V121/><F121/><W69/><G99/><T104/><D104/><U17/><E7/><V61/><F119/><W76/><G19/><T63/><D22/><U78/><E67/><V23/><F124/><N who="0" m="47722" /><D63/><U118/><E40/><V2/><F2/><AGARI ba="0,0" hai="0,1,2,21,26,28,39,42,45,86,87" m="47722" machi="2" ten="30,1500,0" yaku="18,1" doraHai="9" who="0" fromWho="2" sc="250,15,250,0,250,-15,250,0" /><INIT seed="0,1,0,3,0,127" ten="265,250,235,250" oya="0" hai0="110,35,100,27,49,106,11,103,41,81,40,52,107" hai1="13,123,21,105,3,6,93,70,63,91,48,42,25" hai2="12,112,66,46,36,15,69,125,134,2,71,30,8" hai3="117,90,104,67,95,76,108,132,4,64,58,121,44"/><T102/><D110/><U0/><E105/><V129/><F30/><W10/><G117/><T31/><D107/><U33/><E33/><V60/><F112/><W113/><G113/><T59/><D106/><U51/><E123/><V80/><F71/><W75/><G104/><T77/><REACH who="0" step="1"/><D11/><REACH who="0" ten="255,250,235,250" step="2"/><N who="1" m="4343" /><E3/><V131/><F2/><W133/><G10/><T9/><D9/><U16/><E0/><V84/><F125/><W68/><G108/><T74/><AGARI ba="1,1" hai="27,31,35,40,41,49,52,59,74,77,81,100,102,103" machi="74" ten="30,6000,0" yaku="1,1,0,1,54,1,53,0" doraHai="127" doraHaiUra="82" who="0" fromWho="0" sc="255,73,250,-21,235,-21,250,-21" /><INIT seed="0,2,0,1,0,135" ten="328,229,214,229" oya="0" hai0="40,62,81,50,45,5,10,105,104,123,21,118,106" hai1="119,59,54,95,17,96,111,56,88,61,32,44,6" hai2="36,46,103,134,83,109,13,108,12,3,87,101,89" hai3="114,42,127,86,76,98,84,55,100,2,4,124,97"/><T116/><D123/><U37/><E32/><V30/><F3/><W34/><G114/><T31/><D62/><U63/><E119/><V27/><F134/><W90/><G34/><T57/><D57/><U22/><E6/><V29/><F36/><W129/><G129/><T51/><D51/><U92/><E92/><V113/><F113/><W122/><G122/><T52/><D40/><U107/><E107/><V112/><F112/><W60/><G42/><T94/><D94/><U15/><E111/><N who="2" m="42571" /><F46/><W79/><G4/><T82/><D82/><U73/><E73/><V19/><F29/><W18/><G2/><T49/><D49/><U78/><E78/><N who="3" m="29738" /><G18/><T38/><D81/><U24/><E37/><V128/><F128/><W126/><G90/><T23/><D38/><U47/><E15/><N who="2" m="5707" /><F19/><W99/><G100/><T26/><REACH who="0" step="1"/><D23/><AGARI ba="2,0" hai="23,27,30,83,87,89,101,103" m="5707,42571" machi="23" ten="30,1000,0" yaku="14,1" doraHai="135" who="2" fromWho="0" sc="328,-16,229,0,214,16,229,0" /><INIT seed="1,0,0,1,2,130" ten="312,229,230,229" oya="1" hai0="135,9,95,127,92,70,118,80,133,128,73,6,101" hai1="85,116,87,10,105,42,68,83,91,132,75,24,23" hai2="13,86,113,76,121,33,134,50,52,104,36,30,1" hai3="41,31,93,15,43,89,129,8,65,22,96,47,107"/><U120/><E68/><V99/><F1/><W3/><G129/><T18/><D128/><U63/><E120/><V37/><F121/><W114/><G114/><T61/><D118/><U60/><E116/><V34/><F13/><W100/><G3/><T32/><D32/><U108/><E105/><V57/><F113/><W90/><G65/><T27/><D127/><U2/><E75/><V94/><F104/><W46/><G107/><T39/><D39/><U20/><E42/><N who="3" m="15882" /><G22/><N who="0" m="13783" /><D101/><U77/><E108/><V35/><F30/><W66/><G66/><T122/><D122/><U19/><E10/><V98/><F134/><N who="0" m="51210" /><D61/><U78/><E2/><V69/><F69/><W44/><G31/><T109/><D109/><U88/><E23/><V7/><F7/><AGARI ba="0,0" hai="7,8,15,44,46,47,89,90,93,96,100" m="15882" machi="7" ten="30,1000,0" yaku="8,1" doraHai="130" who="3" fromWho="2" sc="312,0,229,0,230,-10,229,10" /><INIT seed="2,0,0,4,1,54" ten="312,229,220,239" oya="2" hai0="48,28,6,109,108,128,35,0,33,99,94,41,102" hai1="25,62,86,85,81,38,135,69,7,117,73,70,11" hai2="65,45,47,133,64,63,14,125,9,134,89,79,56" hai3="29,126,8,76,106,121,88,103,66,104,71,30,61"/><V1/><F1/><W4/><G121/><T68/><D68/><U23/><E38/><V17/><F125/><W93/><G126/><T83/><D128/><U51/><E117/><V101/><F101/><W2/><G76/><T100/><D100/><U130/><E130/><V112/><F112/><W13/><G2/><T123/><D123/><U75/><E135/><N who="2" m="51723" /><F79/><W49/><G49/><T115/><D115/><U46/><E86/><V36/><F36/><W32/><G103/><T3/><D83/><U15/><E70/><V87/><F65/><W97/><REACH who="3" step="1"/><G32/><REACH who="3" ten="312,229,220,229" step="2"/><T20/><D35/><U116/><E116/><V96/><F96/><W5/><G5/><T132/><D33/><U39/><E39/><V127/><F127/><W19/><G19/><T92/><D132/><U22/><E51/><V55/><F64/><W84/><G84/><T52/><D41/><U98/><E75/><V50/><F50/><W53/><G53/><T110/><D6/><U114/><E98/><V16/><F17/><W122/><G122/><T59/><D28/><AGARI ba="0,1" hai="4,8,13,28,29,30,61,66,71,88,93,97,104,106" machi="28" ten="40,2600,0" yaku="1,1,54,1,53,0" doraHai="54" doraHaiUra="44" who="3" fromWho="0" sc="312,-26,229,0,220,0,229,36" /><INIT seed="3,0,0,2,0,86" ten="286,229,220,265" oya="3" hai0="54,115,2,31,18,103,14,4,82,76,49,94,5" hai1="64,48,67,42,8,104,97,132,29,83,133,3,73" hai2="26,59,81,63,119,72,37,33,90,102,78,52,129" hai3="116,91,112,47,39,100,74,28,13,117,95,35,130"/><W121/><G112/><T58/><D115/><U75/><E29/><V36/><F119/><W12/><G121/><T62/><D31/><U122/><E122/><V24/><F102/><W10/><G74/><T27/><D27/><U25/><E25/><V134/><F129/><W88/><G130/><T85/><D2/><U38/><E75/><V9/><F9/><W93/><G100/><T34/><D34/><U77/><E48/><V131/><F131/><W60/><G35/><T57/><D94/><N who="3" m="35849" /><G39/><T0/><D0/><U61/><E61/><V66/><F134/><N who="1" m="51817" /><E97/><V79/><F79/><W107/><G107/><T46/><D103/><U108/><E104/><V124/><F124/><W56/><G28/><T7/><REACH who="0" step="1"/><D62/><REACH who="0" ten="276,229,220,265" step="2"/><U126/><E126/><V113/><F113/><W89/><G117/><T106/><D106/><U110/><E3/><V44/><F33/><W120/><G116/><T45/><D45/><N who="1" m="23767" /><E8/><AGARI ba="0,1" hai="4,5,7,8,14,18,46,49,54,57,58,76,82,85" machi="8" ten="40,2600,0" yaku="1,1,8,1,53,0" doraHai="86" doraHaiUra="118" who="0" fromWho="1" sc="276,36,229,-26,220,0,265,0" owari="312,41.0,203,-30.0,220,-18.0,265,7.0" /></mjloggm>