<mjloggm ver="2.3"><GO type="41" lobby="0"/><UN n0="%E3%81%BE%E3%82%8B%E3%81%9F%E3%82%8D%E3%81%86" n1="%E5%B0%B1%E6%B4%BB%E7%94%9F%40%E5%B7%9D%E6%9D%91%E8%BB%8D%E5%9B%A3" n2="%69%64%67%6F%72%75%66%75" n3="%52%41%49%4E%4D%41%4E" dan="15,15,13,14" rate="2053.47,1954.44,1845.32,1989.30" sx="M,M,M,M"/><TAIKYOKU oya="0"/><INIT seed="0,0,0,5,2,52" ten="250,250,250,250" oya="0" hai0="130,66,33,9,39,135,96,87,64,82,86,8,13" hai1="80,32,110,31,28,48,104,2,102,68,3,56,72" hai2="100,24,88,34,44,76,10,114,93,81,37,26,97" hai3="84,5,99,107,122,132,40,119,55,126,54,101,61"/><T18/><D39/><U41/><E68/><V118/><F114/><W123/><G119/><T43/><D43/><U29/><E32/><V125/><F118/><W45/><G132/><T60/><D33/><U78/><E110/><V128/><F125/><W106/><G126/><T58/><D135/><U51/><E104/><V6/><F128/><W116/><G116/><T19/><D130/><U67/><E102/><V17/><F34/><W124/><G124/><T15/><D96/><U11/><E11/><V109/><F109/><W83/><G5/><T35/><D35/><U115/><E115/><V74/><F17/><W57/><G107/><T85/><REACH who="0" step="1"/><D64/><REACH who="0" ten="240,250,250,250" step="2"/><U14/><E41/><V21/><F21/><W22/><G22/><T23/><D23/><U103/><E103/><V112/><F112/><W90/><REACH who="3" step="1"/><G55/><REACH who="3" ten="240,250,250,240" step="2"/><T73/><D73/><U89/><E72/><V131/><F131/><W27/><G27/><T38/><D38/><AGARI ba="0,2" hai="38,40,45,54,57,61,83,84,90,99,101,106,122,123" machi="38" ten="40,5200,0" yaku="1,1,52,1,53,1" doraHai="52" doraHaiUra="94" who="3" fromWho="0" sc="240,-52,250,0,250,0,240,72" /><INIT seed="1,0,0,2,3,115" ten="188,250,250,312" oya="1" hai0="120,16,31,99,124,119,77,69,118,117,111,92,71" hai1="103,72,55,39,20,35,57,56,52,19,54,1,100" hai2="29,0,98,125,10,30,81,78,75,27,106,58,11" hai3="94,46,133,47,7,86,95,84,41,14,18,49,82"/><U40/><E35/><V109/><F125/><W90/><G133/><T36/><D124/><U32/><E32/><V66/><F109/><W21/><G7/><T26/><D111/><U28/><E1/><V85/><F75/><W2/><G2/><T80/><D36/><U8/><E72/><V134/><F134/><W132/><G132/><T113/><D113/><U76/><E76/><V15/><F0/><W121/><G121/><T38/><D38/><U17/><E39/><V116/><F116/><W129/><G129/><T131/><D131/><U63/><E40/><V4/><F11/><W87/><G47/><T97/><D120/><U37/><E37/><V50/><F27/><W64/><G64/><T128/><D128/><U68/><E68/><V123/><F123/><W45/><G45/><T73/><D16/><N who="1" m="6219" /><E8/><V53/><F66/><W126/><G126/><T110/><D110/><U3/><E3/><V130/><F130/><W135/><G135/><T93/><D93/><AGARI ba="0,0" hai="14,18,21,41,46,49,82,84,86,87,90,93,94,95" machi="93" ten="40,1300,0" yaku="8,1" doraHai="115" who="3" fromWho="0" sc="188,-13,250,0,250,0,312,13" /><INIT seed="2,0,0,1,1,70" ten="175,250,250,325" oya="2" hai0="40,94,93,50,43,15,104,39,12,76,80,123,25" hai1="134,118,45,60,109,36,41,130,31,44,112,81,56" hai2="71,72,78,88,42,21,119,107,7,106,35,69,79" hai3="22,66,65,117,34,63,62,91,105,121,129,102,116"/><V58/><F119/><W48/><G34/><T68/><D68/><U29/><E118/><V20/><F35/><W30/><G121/><T3/><D3/><U111/><E112/><V128/><F128/><W49/><G91/><T101/><D123/><U126/><E130/><V2/><F58/><W64/><G129/><T14/><D104/><U61/><E126/><V100/><F100/><W87/><G87/><T133/><D133/><U55/><E134/><V37/><F88/><W4/><G4/><T124/><D124/><U1/><E1/><V16/><F21/><W13/><G105/><T52/><D25/><U92/><E81/><N who="2" m="45255" /><F79/><W73/><G73/><T75/><D101/><U46/><E92/><V32/><F32/><W57/><G102/><T90/><D94/><U89/><E89/><V115/><F115/><W33/><G33/><T24/><D24/><U135/><E135/><V95/><F95/><W9/><G117/><T132/><D132/><U8/><E8/><N who="2" m="2167" /><F106/><W18/><G116/><T74/><D74/><U86/><E86/><V131/><F131/><W122/><G122/><T82/><D82/><U114/><E114/><V85/><F85/><W110/><G57/><T120/><D120/><U53/><E31/><V19/><F107/><W0/><G30/><T125/><D125/><U77/><E29/><V10/><F10/><W23/><G22/><T113/><D113/><U103/><E103/><V26/><F19/><W127/><G23/><T27/><D90/><U67/><E77/><V97/><F97/><W5/><G127/><T6/><D76/><U108/><E67/><RYUUKYOKU ba="0,0" sc="175,-15,250,15,250,15,325,-15" hai1="36,41,44,45,46,53,55,56,60,61,108,109,111" hai2="16,20,26,37,42,69,71" /><INIT seed="2,1,0,1,2,104" ten="160,265,265,310" oya="2" hai0="111,85,65,36,133,78,15,97,130,87,70,112,46" hai1="105,80,62,67,101,66,41,42,13,22,27,106,4" hai2="49,86,19,116,6,74,10,14,33,69,29,61,0" hai3="89,94,118,40,117,23,1,60,56,20,11,88,96"/><V71/><F116/><W44/><G1/><T98/><D112/><U95/><E106/><V107/><F107/><W81/><G11/><T131/><D111/><U52/><E105/><V103/><F103/><W110/><G110/><T18/><D133/><U135/><E135/><V126/><F126/><W115/><G115/><T121/><D121/><U127/><E127/><V79/><F49/><N who="3" m="26759" /><G118/><T48/><D36/><U54/><E80/><V102/><F102/><W100/><G117/><T50/><D50/><U120/><E120/><V122/><F86/><N who="0" m="32778" /><D78/><U109/><E109/><V114/><F122/><W35/><G35/><T57/><D70/><U53/><E13/><V77/><F61/><W3/><G3/><T73/><D73/><U63/><E4/><V39/><F39/><W16/><G81/><T82/><D82/><U7/><E7/><V12/><F114/><W76/><G76/><T55/><D65/><U58/><E95/><V68/><F14/><N who="3" m="9239" /><G23/><N who="0" m="11743" /><D46/><U34/><E101/><V93/><F93/><W90/><G100/><T43/><D43/><U47/><E34/><V31/><F74/><W30/><G30/><T113/><D113/><U99/><E47/><V5/><F5/><W108/><G108/><T24/><D24/><U25/><E25/><N who="2" m="18607" /><F31/><W129/><G129/><AGARI ba="1,0" hai="48,55,57,97,98,129,130,131" m="11743,32778" machi="129" ten="30,1000,0" yaku="19,1" doraHai="104" who="0" fromWho="3" sc="160,13,265,0,265,0,310,-13" /><INIT seed="3,0,0,5,5,34" ten="173,265,265,297" oya="3" hai0="126,41,106,30,74,18,104,24,75,133,130,116,119" hai1="89,127,14,63,135,76,134,70,109,94,53,58,67" hai2="111,120,129,73,72,2,85,49,3,9,47,21,90" hai3="125,39,60,82,108,66,7,115,50,71,19,27,132"/><W29/><G39/><T112/><D41/><U33/><E33/><V101/><F129/><W84/><G115/><T28/><D18/><U114/><E114/><V92/><F111/><W123/><G123/><T54/><D54/><U98/><E109/><V1/><F120/><W48/><G108/><T78/><D112/><U38/><E38/><V100/><F9/><W6/><G132/><N who="1" m="50730" /><E127/><V88/><F21/><W5/><G19/><T17/><D17/><U11/><E76/><V4/><F4/><W91/><REACH who="3" step="1"/><G125/><REACH who="3" ten="173,265,265,287" step="2"/><T45/><D126/><U128/><E128/><V96/><F101/><W26/><G26/><T51/><D130/><U16/><E70/><V131/><F131/><W43/><G43/><T25/><D24/><U102/><E102/><V121/><F121/><W62/><G62/><T81/><D25/><U79/><E79/><V15/><F15/><W44/><G44/><T87/><D133/><U77/><E77/><V12/><F12/><W65/><G65/><AGARI ba="0,1" hai="11,14,16,53,58,63,65,67,89,94,98" m="50730" machi="65" ten="30,2000,0" yaku="20,1,54,1" doraHai="34" who="1" fromWho="3" sc="173,0,265,30,265,0,287,-20" /><INIT seed="4,0,0,2,5,63" ten="173,295,265,267" oya="0" hai0="21,130,4,17,19,33,62,11,86,105,37,16,81" hai1="131,124,133,48,126,77,55,96,111,35,80,34,132" hai2="98,7,46,14,128,39,13,85,41,8,73,25,119" hai3="101,40,3,32,50,109,52,107,56,38,53,43,60"/><T42/><D105/><U116/><E111/><V93/><F128/><W1/><G32/><N who="1" m="12330" /><E96/><V110/><F110/><W114/><G109/><T0/><D130/><U88/><E116/><V90/><F119/><W118/><G118/><T27/><D33/><U6/><E6/><V91/><F25/><W66/><G114/><T92/><D92/><U72/><E88/><V2/><REACH who="2" step="1"/><F73/><REACH who="2" ten="173,295,255,267" step="2"/><W117/><G117/><T82/><D82/><AGARI ba="0,1" hai="2,7,8,13,14,39,41,46,82,85,90,91,93,98" machi="82" ten="30,7700,0" yaku="1,1,2,1,7,1,53,1" doraHai="63" doraHaiUra="76" who="2" fromWho="0" sc="173,-77,295,0,255,87,267,0" /><INIT seed="5,0,0,4,1,130" ten="96,295,342,267" oya="1" hai0="76,125,17,53,106,19,121,65,40,67,94,92,68" hai1="61,66,83,80,28,51,49,122,88,60,30,26,5" hai2="119,48,12,116,3,21,43,31,70,2,47,127,72" hai3="93,6,58,128,118,13,14,1,78,4,34,131,87"/><U89/><E122/><V133/><F72/><W45/><G1/><T96/><D121/><U29/><E26/><V20/><F70/><W108/><G108/><T57/><D125/><U82/><E5/><N who="3" m="2154" /><G45/><T42/><D76/><U56/><REACH who="1" step="1"/><E60/><REACH who="1" ten="96,285,342,267" step="2"/><V104/><F127/><W33/><G131/><T59/><D68/><U134/><E134/><V0/><F133/><W8/><G128/><T16/><D67/><U54/><E54/><V27/><F104/><W101/><G118/><T64/><D64/><U135/><E135/><V110/><F110/><W115/><G115/><T109/><D109/><U18/><E18/><V35/><REACH who="2" step="1"/><F12/><REACH who="2" ten="96,285,332,267" step="2"/><W62/><G13/><T55/><D106/><U99/><E99/><V74/><F74/><W123/><G14/><T105/><D105/><U111/><E111/><V95/><F95/><W120/><G93/><T129/><D129/><U81/><N who="1" m="20992" /><DORA hai="102" /><U69/><E69/><V25/><F25/><W75/><G75/><T97/><D97/><U44/><E44/><V38/><F38/><W77/><G123/><T50/><D94/><U52/><E52/><V79/><F79/><W36/><G120/><T46/><D65/><U132/><E132/><V37/><F37/><W41/><G77/><T11/><D46/><U9/><E9/><V100/><F100/><W73/><G8/><T23/><D11/><U86/><E86/><V39/><F39/><W7/><G73/><T84/><D84/><U117/><E117/><AGARI ba="0,2" hai="0,2,3,20,21,27,31,35,43,47,48,116,117,119" machi="117" ten="50,8000,1" yaku="1,1,53,3" doraHai="130,102" doraHaiUra="113,91" who="2" fromWho="1" sc="96,0,285,-80,332,100,267,0" /><INIT seed="6,0,0,1,4,6" ten="96,205,432,267" oya="2" hai0="123,84,25,130,23,11,114,22,106,28,88,75,77" hai1="29,51,4,39,57,65,9,40,0,33,37,100,122" hai2="119,12,131,124,70,26,16,69,48,107,121,111,120" hai3="117,94,71,76,52,83,99,14,82,43,49,91,128"/><V95/><F119/><W96/><G117/><T98/><D123/><U27/><E122/><V134/><F107/><W93/><G71/><T17/><D114/><U67/><E100/><V113/><F113/><W73/><G128/><T54/><D130/><U20/><E33/><V15/><F69/><W66/><G66/><T50/><D75/><U68/><E65/><V86/><F70/><W64/><G64/><T2/><D77/><U81/><E81/><V90/><F124/><W35/><G35/><T19/><D106/><U104/><E104/><V5/><F131/><W102/><G82/><T53/><D98/><U21/><E21/><V63/><F111/><W97/><G97/><T24/><D28/><U41/><E41/><V58/><F134/><W45/><REACH who="3" step="1"/><G14/><REACH who="3" ten="96,205,432,257" step="2"/><N who="0" m="7391" /><D50/><U87/><E68/><V115/><F120/><W56/><G56/><T109/><D2/><U78/><E67/><V32/><F121/><W135/><G135/><T72/><D109/><U103/><E57/><V44/><F32/><W60/><G60/><T105/><D105/><U46/><E103/><V112/><F115/><W108/><G108/><T34/><D34/><U36/><E78/><V85/><F112/><W74/><G74/><T92/><D72/><U127/><E127/><V31/><F58/><W3/><G3/><T125/><D125/><U129/><E129/><V89/><F63/><W101/><G101/><T116/><D116/><U110/><E110/><V133/><F133/><W8/><G8/><T61/><D61/><U18/><E87/><V126/><F126/><W55/><AGARI ba="0,1" hai="43,45,49,52,55,73,76,83,91,93,94,96,99,102" machi="55" ten="30,4000,0" yaku="1,1,0,1,54,1,53,0" doraHai="6" doraHaiUra="132" who="3" fromWho="3" sc="96,-10,205,-10,432,-20,257,50" /><INIT seed="7,0,0,0,2,91" ten="86,195,412,307" oya="3" hai0="51,78,73,108,52,81,133,3,24,123,89,25,20" hai1="67,40,31,38,6,128,97,41,36,8,113,44,92" hai2="2,84,77,62,71,46,55,63,50,27,72,9,110" hai3="42,22,104,39,0,127,115,117,58,111,130,114,112"/><W106/><G0/><T100/><D108/><U82/><E128/><V93/><F110/><W80/><G111/><T7/><D123/><U109/><E109/><V74/><F74/><W48/><G130/><T95/><D133/><U64/><E113/><V135/><F135/><W19/><G117/><T23/><D100/><U119/><E31/><V69/><F72/><W120/><G120/><T103/><D103/><U90/><E119/><V18/><F69/><W132/><G132/><T134/><D134/><U131/><E131/><V16/><F71/><W66/><G39/><T53/><D3/><U102/><E40/><V96/><F2/><W79/><G127/><T4/><D53/><U14/><E38/><V21/><F84/><N who="3" m="48159" /><G42/><T17/><D23/><U13/><E13/><N who="2" m="7215" /><F77/><W124/><G124/><T118/><D25/><U47/><E47/><V28/><F28/><W56/><G66/><T76/><D76/><U61/><E61/><V5/><F5/><W12/><G48/><T107/><D118/><U29/><E29/><V26/><F27/><W116/><G116/><T68/><D107/><AGARI ba="0,0" hai="12,19,22,56,58,104,106,107,112,114,115" m="48159" machi="107" ten="40,2000,0" yaku="15,1" doraHai="91" who="3" fromWho="0" sc="86,-20,195,0,412,0,307,20" /><INIT seed="7,1,0,3,4,82" ten="66,195,412,327" oya="3" hai0="96,55,74,24,37,88,134,57,118,42,106,108,36" hai1="54,27,12,48,3,10,112,43,1,47,26,58,101" hai2="83,109,89,68,124,80,52,129,45,11,39,99,132" hai3="133,49,4,32,31,59,78,135,100,116,64,63,71"/><W0/><G116/><T28/><D74/><U61/><E112/><V15/><F109/><W8/><G100/><T50/><D118/><U44/><E101/><V79/><F124/><W117/><G117/><T127/><D108/><U122/><E122/><V93/><F68/><W131/><G131/><T128/><D127/><U56/><E3/><V98/><F129/><W103/><G103/><T84/><D128/><U23/><E1/><V18/><F132/><N who="3" m="50763" /><G78/><T46/><D134/><U5/><E27/><V104/><F39/><W30/><G32/><T22/><D106/><U35/><E35/><V97/><F104/><W51/><G71/><T113/><D96/><N who="2" m="36970" /><F79/><W62/><G62/><T107/><D107/><U20/><E20/><V73/><F73/><W38/><G38/><T66/><D113/><U53/><E43/><V7/><F7/><W102/><G102/><T123/><D123/><U40/><E40/><V77/><F77/><W126/><G126/><T85/><D66/><U33/><E33/><V29/><F29/><AGARI ba="1,0" hai="0,4,8,29,30,31,49,51,59,63,64" m="50763" machi="29" ten="30,1500,0" yaku="20,1" doraHai="82" who="3" fromWho="2" sc="66,0,195,0,412,-18,327,18" /><AGARI ba="1,0" hai="5,10,12,23,26,29,44,47,48,53,54,56,58,61" machi="29" ten="30,2000,0" yaku="7,1,8,1" doraHai="82" who="1" fromWho="2" sc="66,0,195,20,394,-20,345,0" /><INIT seed="7,2,0,1,1,122" ten="66,215,374,345" oya="3" hai0="117,118,88,73,16,44,82,37,87,116,129,28,127" hai1="67,30,119,89,105,53,91,97,113,69,15,46,72" hai2="128,123,33,17,39,40,104,103,74,83,3,61,101" hai3="66,56,107,75,32,133,38,6,86,25,80,55,94"/><W106/><G38/><T93/><D28/><U124/><E72/><V95/><F123/><W51/><G133/><T81/><D37/><U22/><E124/><V64/><F128/><W99/><G75/><T26/><D44/><U63/><E113/><V114/><F114/><W135/><G135/><T121/><D26/><U36/><E119/><N who="0" m="30465" /><T76/><DORA hai="98" /><D16/><U125/><E125/><V71/><F33/><W10/><G25/><T78/><D127/><U2/><E2/><V48/><F104/><W132/><G32/><T8/><D8/><U29/><E29/><V92/><F3/><W34/><G34/><T111/><D121/><U21/><E21/><V115/><F115/><W11/><G66/><T131/><D131/><U0/><E0/><V84/><F74/><W47/><G47/><T7/><D7/><U1/><E1/><V62/><F17/><W20/><G20/><T79/><D129/><U41/><E53/><V14/><F14/><W58/><G58/><T68/><D68/><U120/><E120/><V102/><F39/><W4/><G132/><T13/><D13/><U108/><E30/><V43/><F62/><W23/><G23/><T65/><D65/><U112/><E22/><V77/><REACH who="2" step="1"/><F48/><REACH who="2" ten="66,215,364,345" step="2"/><W42/><G42/><AGARI ba="2,1" hai="40,42,43,61,64,71,77,83,84,92,95,101,102,103" machi="42" ten="40,8000,1" yaku="1,1,2,1,52,3,53,0" doraHai="122,98" doraHaiUra="27,49" who="2" fromWho="3" sc="66,0,215,0,364,96,345,-86" owari="66,-43.0,215,-18.0,460,55.0,259,6.0" /></mjloggm>