<mjloggm ver="2.3"><GO type="97" lobby="0"/><UN n0="%E6%9C%80%E7%B5%82%E5%85%B5%E5%99%A8%E3%82%AB%E3%83%84%E3%82%AA" n1="%E3%81%A4%E3%81%8D%E3%81%B2%E3%81%8B%E3%82%8B" n2="%E7%82%8E%E3%81%AE%E3%82%B7%E3%83%A5%E3%83%AC%E3%83%B3" n3="%E5%B0%B1%E6%B4%BB%E7%94%9F%40%E5%B7%9D%E6%9D%91%E8%BB%8D%E5%9B%A3" dan="13,15,15,14" rate="1914.16,2023.53,2078.31,1975.03" sx="M,M,M,M"/><TAIKYOKU oya="0"/><INIT seed="0,0,0,1,1,64" ten="250,250,250,250" oya="0" hai0="118,49,23,62,133,128,1,117,40,131,110,94,83" hai1="68,96,79,130,24,47,73,115,30,69,16,0,114" hai2="71,77,4,122,135,21,10,17,111,99,53,55,66" hai3="108,105,102,59,41,50,5,57,7,123,125,74,27"/><T101/><D1/><U72/><E0/><V95/><F122/><W48/><G74/><T107/><D107/><U87/><E87/><V93/><F111/><W58/><G108/><T39/><D39/><U98/><E47/><V67/><F135/><W134/><G123/><T70/><D110/><U124/><E124/><V15/><F77/><W9/><G134/><T38/><D38/><U120/><E120/><V97/><F71/><N who="1" m="27209" /><E16/><V78/><F78/><W90/><G125/><T85/><D133/><U28/><E79/><V63/><F63/><W14/><G7/><T89/><D23/><U43/><E43/><V11/><F66/><W126/><G126/><T91/><D101/><U132/><E132/><V46/><F67/><W13/><G13/><T37/><D37/><U116/><E116/><V54/><F46/><W42/><G27/><T104/><D104/><U25/><E130/><V45/><F45/><W121/><G121/><T106/><D106/><U26/><E73/><V75/><F75/><W51/><REACH who="3" step="1"/><G90/><REACH who="3" ten="250,250,250,240" step="2"/><T81/><D91/><U36/><E72/><V33/><F4/><W88/><G88/><T3/><D3/><U112/><E36/><V52/><N who="2" m="13824" /><DORA hai="31" /><V56/><F15/><W60/><G60/><T19/><D117/><U80/><E80/><N who="0" m="30793" /><D118/><U82/><E82/><V65/><F93/><W109/><G109/><T84/><D62/><U2/><E2/><V76/><F95/><W6/><G6/><T18/><D128/><U22/><E26/><V34/><F76/><W103/><G103/><T113/><D131/><U29/><E29/><V86/><F86/><RYUUKYOKU ba="0,1" sc="250,-15,250,15,250,-15,240,15" hai1="22,24,25,28,30,96,98,112,114,115" hai3="5,9,14,41,42,48,50,51,57,58,59,102,105" /><INIT seed="1,1,1,5,1,119" ten="235,265,235,255" oya="1" hai0="21,79,38,131,59,17,100,39,93,99,28,92,9" hai1="90,20,133,54,49,101,65,113,13,66,8,115,102" hai2="95,31,121,107,25,87,128,19,14,120,47,29,67" hai3="84,125,15,114,11,43,60,103,55,85,22,126,4"/><U30/><E133/><V76/><F107/><W23/><G114/><T105/><D131/><U71/><E115/><V53/><F128/><W78/><G43/><T118/><D118/><U57/><E113/><V132/><F132/><W41/><G41/><T122/><D79/><U88/><E102/><V48/><F67/><N who="1" m="25609" /><E101/><V127/><F127/><N who="3" m="48651" /><G103/><T91/><D28/><U135/><E71/><V34/><F31/><W61/><G61/><T18/><D105/><U68/><E68/><V123/><F95/><W82/><G85/><T124/><D124/><U40/><E40/><V75/><F75/><W112/><G112/><T46/><D59/><AGARI ba="1,1" hai="4,11,15,22,23,55,59,60,78,82,84" m="48651" machi="59" ten="30,1000,0" yaku="18,1" doraHai="119" who="3" fromWho="0" sc="235,-13,265,0,235,0,255,23" /><INIT seed="2,0,0,0,2,35" ten="222,265,235,278" oya="2" hai0="11,101,64,3,77,18,100,115,13,41,60,116,123" hai1="16,45,52,61,31,96,14,27,105,104,0,135,121" hai2="110,117,39,76,49,79,127,20,122,57,89,86,102" hai3="83,129,48,46,103,132,90,10,42,134,87,26,17"/><V120/><F39/><W53/><G129/><T66/><D115/><U93/><E121/><V12/><F117/><W37/><G103/><T67/><D123/><U36/><E135/><N who="3" m="51754" /><G26/><T21/><D116/><U88/><E0/><V118/><F118/><W109/><G109/><T59/><D41/><U128/><E128/><V68/><F68/><W34/><G34/><T125/><D125/><U78/><E78/><V84/><F127/><W9/><G17/><T25/><D3/><U1/><E1/><V124/><F124/><W98/><G98/><T82/><D100/><U29/><E29/><V54/><F102/><W75/><G75/><T114/><D101/><U32/><E36/><V7/><F110/><W44/><AGARI ba="0,0" hai="9,10,37,42,44,46,48,53,83,87,90" m="51754" machi="44" ten="30,1100,0" yaku="20,1" doraHai="35" who="3" fromWho="3" sc="222,-3,265,-3,235,-5,278,11" /><INIT seed="3,0,0,5,4,38" ten="219,262,230,289" oya="3" hai0="65,116,56,125,102,82,1,6,32,53,85,7,86" hai1="29,42,2,13,108,91,44,67,77,131,107,74,11" hai2="15,10,119,109,78,70,104,49,12,27,20,5,132" hai3="30,61,84,21,95,28,122,60,9,112,17,99,130"/><W111/><G122/><T117/><D32/><U63/><E107/><V110/><F104/><W3/><G112/><T71/><D125/><U76/><E2/><V90/><F119/><W96/><G130/><T101/><D1/><U79/><E131/><V121/><F121/><W58/><G9/><T134/><D71/><U25/><E91/><V92/><F132/><W113/><G3/><T43/><D43/><U37/><E108/><N who="2" m="41579" /><F70/><W115/><G111/><T0/><D65/><U19/><E74/><V73/><F49/><W120/><G120/><T128/><D0/><U24/><REACH who="1" step="1"/><E29/><REACH who="1" ten="219,252,230,289" step="2"/><V4/><F73/><W62/><G113/><T51/><D128/><U106/><E106/><V57/><F90/><N who="3" m="53703" /><G115/><T41/><D117/><U133/><E133/><V35/><F78/><W114/><G114/><T100/><D134/><U36/><E36/><V50/><F5/><N who="0" m="1546" /><D116/><U89/><E89/><V18/><F4/><W97/><G58/><AGARI ba="0,1" hai="11,13,19,24,25,37,42,44,58,63,67,76,77,79" machi="58" ten="40,2600,0" yaku="1,1,52,1,53,0" doraHai="38" doraHaiUra="124" who="1" fromWho="3" sc="219,0,252,36,230,0,289,-26" /><INIT seed="4,0,0,2,4,96" ten="219,288,230,263" oya="0" hai0="18,133,85,43,84,76,112,103,24,119,73,94,105" hai1="3,39,114,54,110,16,111,61,89,25,8,135,17" hai2="68,75,122,107,80,123,70,132,127,1,95,64,100" hai3="35,77,108,67,131,31,72,109,50,71,128,58,130"/><T44/><D24/><U41/><E135/><V129/><F1/><W59/><G72/><T22/><D119/><U86/><E41/><V126/><F132/><W121/><G77/><T6/><D133/><U63/><E39/><V27/><F27/><W82/><G31/><T78/><D6/><U113/><E110/><N who="3" m="42602" /><G82/><N who="0" m="45327" /><D78/><U81/><E111/><V23/><F23/><W88/><G35/><T49/><D85/><U7/><E63/><N who="2" m="39967" /><F95/><W9/><G9/><T52/><D22/><U83/><E83/><V91/><F91/><W48/><G88/><N who="0" m="53511" /><D18/><U53/><E25/><V11/><F11/><W38/><G38/><T4/><D112/><N who="1" m="43115" /><E61/><V12/><F80/><W93/><G93/><T87/><D87/><U117/><E117/><V99/><F75/><W57/><G121/><N who="2" m="46089" /><F12/><W125/><G125/><N who="2" m="47625" /><F70/><W2/><G2/><T66/><D4/><U13/><E17/><V40/><F40/><W98/><G98/><N who="0" m="61687" /><D43/><U124/><E124/><V97/><F97/><W47/><G71/><T79/><D79/><U42/><E42/><V90/><F90/><W92/><G92/><T0/><D0/><U15/><E3/><V116/><F116/><W115/><G115/><T120/><D120/><U10/><AGARI ba="0,0" hai="7,8,10,13,15,16,53,54,81,86,89" m="43115" machi="10" ten="30,4000,0" yaku="15,1,11,1,54,1" doraHai="96" who="1" fromWho="1" sc="219,-20,288,40,230,-10,263,-10" owari="199,-30.0,328,43.0,220,-18.0,253,5.0" /></mjloggm>