<mjloggm ver="2.3"><GO type="225" lobby="0"/><UN n0="%E4%B8%8A%E5%AE%B6%E3%81%AF%E6%80%AA%E3%81%97%E3%81%84%EF%BC%81%EF%BC%81" n1="%28%E2%88%A9%E3%83%BB%CF%89%E3%83%BB%29%E2%88%A9" n2="%E6%80%96%E3%81%8F%E3%81%AA%E3%81%84%E3%81%8A" n3="%E5%B0%B1%E6%B4%BB%E7%94%9F%40%E5%B7%9D%E6%9D%91%E8%BB%8D%E5%9B%A3" dan="16,16,17,16" rate="2119.48,2128.65,2204.50,2019.29" sx="M,F,M,M"/><TAIKYOKU oya="0"/><INIT seed="0,0,0,2,2,38" ten="250,250,250,250" oya="0" hai0="76,90,61,94,0,84,44,1,53,110,95,8,129" hai1="47,60,99,131,97,77,91,130,19,39,79,101,71" hai2="75,4,48,43,113,111,12,59,82,64,117,126,120" hai3="2,93,30,28,31,106,127,58,14,96,102,123,55"/><T20/><D129/><N who="1" m="49163" /><E91/><V45/><F120/><W108/><G2/><T29/><D76/><N who="1" m="29259" /><E19/><V40/><F113/><W86/><G123/><T54/><D110/><U65/><E101/><V56/><F75/><W10/><G127/><T104/><D104/><U22/><E22/><V67/><F111/><W17/><G108/><T52/><D8/><U98/><E98/><V132/><F126/><W72/><G72/><T103/><D0/><U74/><E74/><V41/><F117/><W16/><G86/><T24/><D1/><U63/><E63/><V33/><F132/><W21/><G106/><T25/><D24/><U68/><E68/><V109/><F33/><W36/><G36/><T73/><D73/><U42/><AGARI ba="0,0" hai="39,42,47,60,65,71,97,99" m="29259,49163" machi="42" ten="30,2000,0" yaku="19,1,52,1" doraHai="38" who="1" fromWho="1" sc="250,-10,250,20,250,-5,250,-5" /><INIT seed="1,0,0,1,1,105" ten="240,270,245,245" oya="1" hai0="40,102,55,28,16,15,52,54,46,115,4,38,62" hai1="134,76,53,70,1,13,7,65,88,10,12,129,78" hai2="135,131,117,132,130,44,108,47,5,99,87,121,43" hai3="74,23,67,77,84,73,96,93,124,2,133,3,127"/><U69/><E129/><N who="2" m="49163" /><F117/><W60/><G133/><N who="2" m="51273" /><F121/><W36/><G36/><T111/><D115/><U6/><E134/><V116/><F116/><W110/><G110/><T32/><D111/><U51/><E88/><V11/><F108/><W37/><G37/><T39/><D102/><U22/><E69/><V8/><F43/><W33/><G33/><T94/><D94/><U57/><E1/><N who="2" m="47" /><F99/><W24/><G3/><T97/><D97/><U41/><E41/><V56/><F56/><W18/><G2/><T63/><D38/><U48/><E48/><V30/><F30/><W14/><G14/><T89/><D89/><U0/><E0/><V26/><F26/><W27/><G27/><T61/><D28/><U59/><E59/><V120/><F120/><W101/><G84/><T82/><D82/><U80/><E80/><V112/><F112/><W126/><REACH who="3" step="1"/><G77/><REACH who="3" ten="240,270,245,235" step="2"/><T118/><D118/><U90/><E76/><V64/><F87/><W86/><G86/><T113/><D32/><U58/><E78/><V71/><F11/><W123/><G123/><T83/><D113/><U107/><E10/><V29/><F29/><W125/><G125/><T42/><D39/><U75/><E12/><V114/><F114/><W21/><G21/><T85/><D15/><U19/><E13/><V122/><F122/><W92/><G92/><T35/><D35/><U68/><E22/><V81/><F81/><W17/><G17/><T100/><D83/><U20/><E19/><V31/><F31/><W91/><G91/><T95/><D16/><U103/><E90/><V9/><F9/><W49/><G49/><RYUUKYOKU ba="0,1" sc="240,-15,270,-15,245,15,235,15" hai2="44,47,64,71" hai3="18,23,24,60,67,73,74,93,96,101,124,126,127" /><INIT seed="2,1,1,3,3,18" ten="225,255,260,250" oya="2" hai0="45,92,122,78,19,40,58,116,117,1,30,99,129" hai1="33,123,4,107,94,32,25,2,44,71,113,55,53" hai2="59,68,127,87,10,17,16,13,37,69,88,131,120" hai3="41,56,36,124,84,128,115,100,96,60,111,134,6"/><V82/><F120/><W34/><G34/><T95/><D1/><U102/><E71/><V31/><F37/><W0/><G115/><T46/><D122/><U64/><E113/><V93/><F31/><W3/><G124/><T51/><D30/><U11/><E107/><V48/><F127/><W29/><G128/><T101/><D129/><U119/><E64/><V5/><F131/><W132/><G111/><T89/><D78/><U54/><E119/><V126/><F126/><W24/><G41/><T66/><D45/><U75/><E75/><V103/><F69/><W83/><G36/><T52/><D19/><N who="2" m="7242" /><F68/><W27/><G6/><T133/><D66/><U8/><E8/><V74/><F74/><W125/><G125/><T80/><D133/><N who="3" m="51305" /><G96/><T62/><REACH who="0" step="1"/><D80/><REACH who="0" ten="215,255,260,250" step="2"/><U50/><E123/><V90/><F103/><W9/><G100/><T22/><D22/><U112/><E112/><V28/><F28/><W7/><G29/><T21/><D21/><U12/><E33/><V26/><F26/><W14/><G27/><T47/><D47/><U106/><E32/><V70/><F70/><W43/><G43/><T79/><D79/><U104/><E25/><V121/><F121/><W98/><G24/><T67/><D67/><U108/><E102/><V86/><F59/><W118/><G118/><T76/><D76/><U85/><E44/><V38/><F38/><W49/><G3/><T63/><D63/><U72/><E2/><V135/><F135/><W23/><G0/><T109/><D109/><U77/><E108/><V65/><F65/><W35/><G60/><T97/><AGARI ba="1,2" hai="40,46,51,52,58,62,89,92,95,97,99,101,116,117" machi="97" ten="30,8000,1" yaku="1,1,5,1,0,1,54,1,53,1" doraHai="18" doraHaiUra="39" who="0" fromWho="0" sc="215,103,255,-21,260,-41,250,-21" /><INIT seed="3,0,0,0,1,60" ten="318,234,219,229" oya="3" hai0="117,18,134,95,30,11,118,49,53,46,97,86,21" hai1="91,115,133,19,27,120,93,119,84,66,85,15,69" hai2="37,73,26,62,63,28,96,45,50,78,34,56,0" hai3="109,48,22,125,75,71,17,111,4,10,47,54,114"/><W113/><G75/><T116/><D134/><U2/><E115/><V126/><F0/><W131/><G71/><T13/><D86/><U104/><E120/><V79/><F126/><W107/><G107/><T3/><D3/><U76/><E104/><V127/><F127/><W52/><G125/><T129/><D129/><U12/><E2/><V68/><F73/><W33/><G131/><T123/><D123/><U110/><E110/><N who="3" m="41994" /><G33/><T20/><REACH who="0" step="1"/><D30/><REACH who="0" ten="308,234,219,229" step="2"/><U23/><E133/><V130/><F130/><W41/><G10/><T101/><AGARI ba="0,1" hai="11,13,18,20,21,46,49,53,95,97,101,116,117,118" machi="101" ten="30,4000,0" yaku="1,1,2,1,0,1,53,0" doraHai="60" doraHaiUra="35" who="0" fromWho="0" sc="308,50,234,-10,219,-10,229,-20" owari="358,46.0,224,2.0,209,-19.0,209,-29.0" /></mjloggm>