<mjloggm ver="2.3"><GO type="169" lobby="0"/><UN n0="%E3%83%88%E3%83%88%E3%83%AA%E5%85%88%E7%94%9F%31%39%E6%AD%B3" n1="%E9%A3%9B%E6%B2%AB" n2="%E5%A4%A7%E5%AE%AE%E5%BF%8D%76" n3="%EF%BC%9D%E9%AB%98%E6%A9%8B%E3%83%91%E3%83%B3%E3%83%80%EF%BC%9D" dan="18,16,16,16" rate="2260.82,2090.45,2132.93,2131.72" sx="F,M,M,M"/><TAIKYOKU oya="0"/><INIT seed="0,0,0,0,2,9" ten="250,250,250,250" oya="0" hai0="57,113,80,119,1,61,32,106,41,93,21,64,75" hai1="42,84,53,47,128,33,78,74,36,45,65,85,0" hai2="79,37,107,49,89,130,46,16,43,83,103,13,38" hai3="87,68,59,97,50,17,19,134,63,118,44,12,72"/><T31/><D113/><U86/><E33/><V15/><F130/><W129/><G72/><T122/><D119/><U98/><E65/><V114/><F114/><W62/><G118/><T10/><D106/><U104/><E128/><V110/><F110/><W127/><G129/><T4/><D122/><U101/><E0/><V133/><F133/><W102/><G134/><T30/><D32/><U116/><E116/><V48/><F103/><W6/><G68/><T73/><D41/><U111/><E111/><V5/><F107/><W135/><G127/><T11/><D11/><U40/><E53/><V2/><F2/><W67/><G63/><T126/><D126/><U22/><E22/><N who="2" m="11535" /><F49/><W82/><G6/><T99/><D80/><U112/><E74/><V29/><F29/><W28/><G19/><T77/><D77/><U60/><E60/><V100/><F89/><W125/><G28/><T24/><REACH who="0" step="1"/><D31/><REACH who="0" ten="240,250,250,250" step="2"/><U132/><E112/><V108/><F108/><W69/><G125/><T131/><D131/><U94/><E104/><V96/><F83/><W124/><G124/><T20/><D20/><U39/><E132/><V71/><F79/><AGARI ba="0,1" hai="36,39,40,42,45,47,78,79,84,85,86,94,98,101" machi="79" ten="40,1300,0" yaku="9,1" doraHai="9" who="1" fromWho="2" sc="240,0,250,23,250,-13,250,0" /><INIT seed="1,0,0,2,2,126" ten="240,273,237,250" oya="1" hai0="42,69,135,87,130,134,54,102,22,91,121,51,43" hai1="109,127,15,83,3,29,88,19,20,11,81,31,98" hai2="76,40,26,53,68,10,39,89,45,56,17,99,49" hai3="55,9,16,74,8,47,117,106,59,38,133,116,123"/><U58/><E127/><V23/><F68/><W46/><G106/><T52/><D69/><U61/><E109/><V122/><F122/><W63/><G123/><T13/><D121/><U41/><E41/><V66/><F66/><W131/><G74/><T128/><D102/><U105/><E3/><V86/><F76/><W21/><G133/><N who="0" m="50699" /><D43/><U36/><E36/><V110/><F110/><W100/><G100/><T129/><D42/><U118/><E118/><N who="3" m="45674" /><G131/><T93/><D51/><U28/><E11/><N who="3" m="4170" /><G38/><T32/><D32/><U124/><E124/><V64/><F64/><W95/><G95/><T18/><AGARI ba="0,0" hai="13,18,22,52,54,87,91,93,128,129,130" m="50699" machi="18" ten="40,12000,2" yaku="19,1,20,1,52,3,54,1" doraHai="126" who="0" fromWho="0" sc="240,120,273,-60,237,-30,250,-30" /><INIT seed="2,0,0,3,1,63" ten="360,213,207,220" oya="2" hai0="43,15,105,29,51,57,42,108,121,9,102,84,91" hai1="92,106,103,11,75,7,128,12,78,126,49,6,101" hai2="47,131,22,3,30,52,14,85,41,31,125,19,55" hai3="39,48,109,10,46,65,79,95,72,134,99,64,93"/><V129/><F3/><W96/><G39/><T59/><D121/><U120/><E106/><V111/><F125/><W66/><G109/><T123/><D123/><U27/><E120/><V73/><F73/><W26/><G134/><T86/><D108/><U110/><E110/><V88/><F111/><W132/><G132/><T135/><D135/><U118/><E118/><V4/><F4/><W60/><G79/><T53/><D105/><U83/><E7/><V2/><F2/><W25/><G72/><T18/><D102/><U82/><E82/><N who="2" m="49207" /><F30/><W50/><G60/><T117/><D117/><U122/><E128/><N who="2" m="49227" /><F31/><W74/><G74/><T76/><D29/><U98/><E122/><V107/><F107/><W115/><G10/><T87/><D76/><U124/><E124/><V94/><F94/><N who="3" m="35851" /><G115/><T56/><D91/><U38/><E126/><V116/><F116/><W33/><G33/><T40/><AGARI ba="0,0" hai="9,15,18,40,42,43,51,53,56,57,59,84,86,87" machi="40" ten="30,2000,0" yaku="0,1,8,1" doraHai="63" who="0" fromWho="0" sc="360,20,213,-5,207,-10,220,-5" /><INIT seed="3,0,0,0,5,49" ten="380,208,197,215" oya="3" hai0="56,40,109,92,90,125,13,94,58,7,21,113,111" hai1="10,83,12,33,71,116,135,100,80,0,32,19,119" hai2="22,96,131,105,106,108,103,67,9,57,41,102,39" hai3="29,62,52,73,97,93,26,48,6,42,16,110,82"/><W75/><G6/><T89/><D125/><U99/><E71/><V36/><F108/><N who="0" m="41546" /><D113/><U70/><E70/><V54/><F131/><W112/><G110/><T114/><D114/><U77/><E0/><V120/><F67/><W118/><G118/><N who="1" m="45098" /><E135/><V51/><F120/><W124/><G112/><T31/><D40/><U14/><E14/><V17/><F9/><W126/><G42/><T28/><D7/><U59/><E59/><N who="0" m="22569" /><D13/><U11/><E11/><V20/><F41/><W101/><G62/><T50/><D50/><U69/><E69/><V128/><F128/><W98/><G29/><N who="0" m="11339" /><D21/><U115/><E115/><V104/><F22/><N who="3" m="13639" /><G82/><N who="1" m="31274" /><E77/><V86/><F106/><AGARI ba="0,0" hai="10,12,19,32,33,99,100,106" m="31274,45098" machi="106" ten="30,1000,0" yaku="12,1" doraHai="49" who="1" fromWho="2" sc="380,0,208,10,197,-10,215,0" /><INIT seed="4,0,0,1,4,114" ten="380,218,187,215" oya="0" hai0="72,53,117,58,34,74,57,61,43,93,46,105,66" hai1="73,83,122,107,16,65,79,44,22,112,1,124,94" hai2="13,135,40,101,26,128,15,133,64,48,106,100,47" hai3="8,85,55,51,123,132,18,91,20,23,4,119,5"/><T59/><D105/><U87/><E122/><V99/><F128/><W28/><G123/><T127/><D34/><U126/><E1/><V90/><F101/><W120/><G120/><T134/><D117/><U113/><E107/><V56/><F26/><N who="3" m="16479" /><G119/><T37/><D93/><U68/><E44/><V102/><F102/><W33/><G33/><T92/><D92/><U7/><E7/><V25/><F25/><N who="3" m="14487" /><G8/><T45/><D74/><U10/><E10/><V67/><F90/><W70/><G70/><N who="0" m="42319" /><D72/><U129/><E129/><V104/><F104/><W96/><G96/><T95/><D95/><U84/><E65/><V130/><F67/><W111/><G111/><T17/><D17/><U2/><E68/><V80/><F80/><N who="3" m="49575" /><G132/><N who="2" m="50761" /><F130/><W54/><G54/><T9/><D9/><U3/><E73/><V98/><F98/><W75/><G75/><T131/><D134/><U81/><E94/><V19/><F19/><W36/><G36/><N who="0" m="21735" /><D131/><U30/><E30/><V52/><F64/><W31/><G31/><T109/><D109/><U88/><E113/><V63/><AGARI ba="0,0" hai="13,15,40,47,48,52,56,63,99,100,106" m="50761" machi="63" ten="30,2000,0" yaku="20,1,54,1" doraHai="114" who="2" fromWho="2" sc="380,-10,218,-5,187,20,215,-5" /><INIT seed="5,0,0,1,2,112" ten="370,213,207,210" oya="1" hai0="124,115,120,53,38,46,127,58,19,25,77,23,33" hai1="73,108,83,76,66,97,131,39,67,106,30,70,7" hai2="59,130,86,63,117,126,21,82,75,79,28,93,9" hai3="8,80,90,60,2,57,125,4,45,34,110,104,114"/><U14/><E131/><V100/><F130/><W37/><G110/><T16/><D115/><U6/><E108/><V5/><F126/><N who="0" m="48170" /><D120/><U89/><E39/><V134/><F134/><W42/><G114/><T27/><D77/><U72/><E72/><V0/><F75/><W78/><G125/><T102/><D102/><U15/><E30/><V74/><F74/><N who="3" m="43095" /><G34/><T18/><D46/><U43/><E43/><V128/><F128/><W99/><G90/><T36/><D33/><U51/><E51/><V91/><F100/><N who="3" m="62495" /><G57/><T132/><D132/><U119/><E119/><V94/><F117/><W113/><G60/><N who="0" m="35919" /><D27/><U52/><E52/><V40/><F40/><W105/><G113/><T13/><D16/><U118/><E118/><V135/><F135/><W98/><G98/><T54/><D54/><U17/><E70/><V81/><F81/><W62/><G62/><T44/><D44/><U68/><E68/><V109/><F109/><W47/><G47/><T35/><D35/><U85/><E97/><V24/><F79/><W122/><G122/><T11/><AGARI ba="0,0" hai="11,13,18,19,23,25,36,38" m="35919,48170" machi="11" ten="30,1100,0" yaku="18,1" doraHai="112" who="0" fromWho="0" sc="370,11,213,-5,207,-3,210,-3" /><INIT seed="6,0,0,2,4,113" ten="381,208,204,207" oya="2" hai0="84,65,59,87,63,95,55,17,111,3,32,121,126" hai1="6,102,49,97,24,9,127,47,118,109,93,51,16" hai2="26,25,27,21,80,40,10,85,22,120,107,73,2" hai3="115,79,38,67,90,124,116,134,15,5,83,69,108"/><V82/><F120/><W60/><G108/><T56/><D111/><U117/><E109/><V42/><F107/><W41/><G124/><T81/><D3/><U89/><E127/><V54/><F73/><N who="3" m="43503" /><G15/><T57/><D32/><U101/><E101/><V7/><F54/><W104/><G90/><N who="0" m="53727" /><D126/><U34/><E102/><V112/><F112/><W46/><G115/><T75/><D75/><U23/><E34/><V36/><F82/><W8/><G134/><T96/><D96/><U130/><E130/><V18/><F36/><W33/><G33/><T99/><D99/><U61/><E61/><V86/><F86/><W132/><G132/><T105/><D105/><U135/><E49/><V35/><F35/><W52/><G52/><T0/><D0/><U44/><E44/><V110/><F110/><W50/><G50/><T123/><D123/><U122/><E122/><V20/><REACH who="2" step="1"/><F18/><REACH who="2" ten="381,208,194,207" step="2"/><W129/><G104/><T119/><D55/><U74/><E74/><V12/><F12/><W1/><G129/><T88/><D121/><U4/><E135/><V53/><F53/><W43/><G41/><T29/><D17/><U48/><E16/><V58/><F58/><W14/><G14/><T100/><D56/><U125/><E125/><V128/><F128/><W78/><G78/><AGARI ba="0,1" hai="2,7,10,20,21,22,25,26,27,40,42,78,80,85" machi="78" ten="40,2000,0" yaku="1,1,53,0" doraHai="113" doraHaiUra="31" who="2" fromWho="3" sc="381,0,208,0,194,30,207,-20" /><INIT seed="6,1,0,4,3,95" ten="381,208,224,187" oya="2" hai0="118,65,89,64,116,124,41,46,54,26,78,63,108" hai1="36,42,40,98,120,38,73,1,125,121,100,94,135" hai2="3,79,91,130,82,29,134,32,50,57,107,90,35" hai3="22,101,10,68,103,17,132,5,76,52,14,129,0"/><V106/><F3/><W16/><G68/><T117/><D108/><U13/><E1/><V60/><F50/><W70/><G70/><T45/><D124/><U84/><E73/><V80/><F79/><W31/><G132/><T83/><D89/><N who="1" m="53543" /><E13/><V37/><F57/><W92/><G129/><T48/><D26/><U19/><E19/><N who="3" m="7242" /><G0/><T99/><D99/><U25/><E25/><V115/><F130/><W87/><G76/><T59/><D45/><U20/><E20/><V8/><F134/><W113/><G113/><T126/><D126/><U110/><E110/><V75/><F115/><W12/><G12/><T27/><D27/><U51/><E125/><V24/><F75/><AGARI ba="1,0" hai="41,46,48,54,59,63,64,65,75,78,83,116,117,118" machi="75" ten="40,1300,0" yaku="12,1" doraHai="95" who="0" fromWho="2" sc="381,16,208,0,224,-16,187,0" /><INIT seed="7,0,0,1,5,105" ten="397,208,208,187" oya="3" hai0="90,36,133,115,88,28,3,112,104,75,124,31,52" hai1="109,70,111,77,47,25,57,41,48,107,106,22,127" hai2="63,38,1,96,99,125,130,37,58,45,92,86,93" hai3="103,91,33,61,123,6,78,83,29,32,129,49,87"/><W89/><G123/><T73/><D104/><U9/><E70/><V67/><F1/><W0/><G129/><T102/><D102/><U114/><E114/><N who="0" m="43561" /><D3/><U17/><E77/><V35/><F35/><W23/><G103/><T43/><D133/><U122/><E122/><V26/><F125/><W30/><G33/><T7/><D7/><U120/><E120/><V14/><F130/><W10/><G32/><T84/><D124/><U59/><E107/><V121/><F26/><W117/><G117/><T85/><D52/><U118/><E106/><V72/><F72/><N who="0" m="27722" /><D43/><U82/><E118/><V66/><F121/><W132/><G132/><T8/><D8/><U62/><E127/><V13/><F66/><W21/><G61/><T12/><D12/><N who="1" m="7311" /><E62/><V50/><F14/><W68/><G68/><T80/><D36/><U128/><E128/><V116/><F13/><N who="3" m="5335" /><G49/><T110/><D110/><U94/><E109/><V101/><F116/><W134/><G0/><T64/><D64/><U24/><E111/><V76/><F37/><W60/><G60/><T20/><D20/><N who="3" m="7753" /><G134/><T126/><D126/><U11/><E11/><V135/><F38/><W39/><G39/><T42/><D42/><U16/><E41/><N who="2" m="24879" /><F135/><W27/><G27/><T18/><D18/><U40/><E24/><V51/><F51/><W46/><G46/><T98/><D28/><AGARI ba="0,0" hai="28,29,30,78,83,87,89,91" m="7753,5335" machi="28" ten="30,1500,0" yaku="8,1" doraHai="105" who="3" fromWho="0" sc="397,-15,208,0,208,0,187,15" /><INIT seed="7,1,0,3,0,63" ten="382,208,208,202" oya="3" hai0="45,36,95,117,54,122,44,13,100,34,107,5,84" hai1="47,106,132,30,67,130,3,59,37,133,20,70,76" hai2="48,42,57,69,88,124,56,24,35,18,103,6,74" hai3="101,2,112,110,17,58,53,16,55,77,50,126,135"/><W97/><G112/><T128/><D117/><U89/><E130/><V81/><F69/><W29/><G126/><T129/><D122/><U114/><E114/><V38/><F38/><W78/><G2/><T40/><D34/><U21/><E3/><V62/><F103/><W104/><G135/><N who="1" m="51786" /><E76/><V127/><F6/><W75/><G110/><T14/><D107/><U68/><E106/><V31/><F18/><W12/><G29/><T96/><D5/><U41/><E89/><V22/><F35/><W9/><G75/><T98/><D45/><U11/><E11/><V15/><F15/><W134/><G134/><T120/><D54/><U113/><E113/><V80/><F88/><W121/><G121/><T25/><D25/><N who="1" m="16679" /><E21/><V90/><F90/><W23/><REACH who="3" step="1"/><G55/><REACH who="3" ten="382,208,208,192" step="2"/><T33/><D120/><U71/><E71/><V10/><F124/><W7/><G7/><T131/><D131/><U93/><E68/><V19/><F127/><W111/><G111/><T28/><D129/><U105/><E70/><V91/><F74/><W119/><G119/><T61/><D128/><U85/><E41/><V4/><F42/><W72/><G72/><T0/><D0/><U73/><E73/><V52/><F31/><W94/><G94/><T118/><D118/><U66/><E105/><V26/><F80/><W79/><G79/><T109/><D109/><U64/><E93/><V60/><F81/><W123/><G123/><T1/><D1/><U46/><E85/><V32/><F4/><W115/><G115/><T92/><D28/><U27/><E37/><V102/><F52/><W86/><G86/><RYUUKYOKU ba="1,1" sc="382,-10,208,-10,208,-10,192,30" hai3="9,12,16,17,23,50,53,58,77,78,97,101,104" /><INIT seed="7,2,1,4,1,84" ten="372,198,198,222" oya="3" hai0="92,97,95,44,130,41,115,93,70,31,30,52,62" hai1="119,91,129,50,116,103,19,127,61,105,22,1,64" hai2="57,135,20,60,81,63,34,11,49,24,124,8,0" hai3="75,45,29,131,39,38,27,47,106,72,12,71,98"/><W107/><G131/><T54/><D130/><U110/><E110/><V112/><F34/><W66/><G12/><T134/><D115/><U122/><E122/><V123/><F112/><W51/><G51/><N who="0" m="27023" /><D70/><N who="1" m="42255" /><E1/><V16/><F135/><W77/><G47/><T117/><D117/><N who="1" m="45131" /><E127/><V56/><F124/><W10/><G10/><N who="2" m="3625" /><F0/><W53/><G53/><N who="0" m="20587" /><D134/><U85/><E50/><V5/><F5/><W128/><G128/><T13/><D62/><N who="2" m="23594" /><F123/><W15/><G38/><T76/><D76/><U82/><E129/><V108/><F108/><W88/><G77/><T111/><D111/><U100/><E105/><V133/><F133/><W2/><G107/><T25/><D13/><AGARI ba="2,1" hai="13,19,22,82,85,91,100,103" m="45131,42255" machi="13" ten="30,2000,0" yaku="12,1,52,1" doraHai="84" who="1" fromWho="0" sc="372,-26,198,36,198,0,222,0" owari="346,45.0,234,3.0,198,-30.0,222,-18.0" /></mjloggm>