<mjloggm ver="2.3"><GO type="41" lobby="0"/><UN n0="%6A%75%6E%6E%2E%69" n1="%E8%BB%8D%E5%B8%AB%E6%9C%AB%E5%8E%9F" n2="%E5%B0%B1%E6%B4%BB%E7%94%9F%40%E5%B7%9D%E6%9D%91%E8%BB%8D%E5%9B%A3" n3="%6B%61%74%74%6F%38%31%33" dan="15,13,15,14" rate="1935.44,1840.91,2038.60,1911.48" sx="M,F,M,M"/><TAIKYOKU oya="0"/><INIT seed="0,0,0,1,5,92" ten="250,250,250,250" oya="0" hai0="29,52,48,13,74,86,15,64,18,94,8,17,7" hai1="93,34,119,0,4,35,24,54,55,79,129,124,63" hai2="84,80,62,45,83,88,100,1,76,117,116,85,89" hai3="108,2,97,70,20,28,10,91,53,113,126,50,5"/><T78/><D74/><U120/><E119/><N who="2" m="45643" /><F1/><W43/><G113/><T44/><D29/><U123/><E124/><V39/><F62/><W37/><G126/><T49/><D64/><U31/><E129/><V127/><F127/><W67/><G108/><T77/><D94/><U90/><E79/><N who="0" m="30217" /><D86/><U73/><E73/><N who="2" m="43023" /><F45/><W109/><G109/><T99/><D99/><U114/><E35/><V96/><F39/><W111/><G111/><T21/><D48/><U72/><E72/><V134/><F134/><W104/><G37/><T103/><D103/><U40/><E114/><V57/><F57/><W66/><G43/><T14/><D18/><U105/><E105/><N who="2" m="63623" /><F85/><W9/><G70/><T32/><D32/><U101/><E120/><V125/><F125/><W112/><G10/><T121/><D121/><U68/><E123/><V131/><F89/><W107/><G112/><T98/><D98/><U128/><E90/><V47/><F47/><W132/><G132/><T11/><D7/><U46/><E68/><V106/><F106/><W81/><G107/><T25/><AGARI ba="0,0" hai="8,11,13,14,15,17,21,25,44,49,52" m="30217" machi="25" ten="30,3000,0" yaku="8,1,54,1" doraHai="92" who="0" fromWho="0" sc="250,30,250,-10,250,-10,250,-10" /><INIT seed="0,1,0,5,5,132" ten="280,240,240,240" oya="0" hai0="13,117,40,33,46,66,43,36,108,51,135,28,30" hai1="90,128,58,44,88,77,118,115,111,76,86,96,87" hai2="19,68,109,93,134,9,50,54,6,23,10,70,124" hai3="34,37,83,39,100,4,85,29,57,129,2,3,131"/><T48/><D117/><U89/><E118/><V56/><F134/><W125/><G100/><T72/><D72/><U79/><E44/><V69/><F109/><W12/><G57/><T61/><D108/><U17/><E111/><V75/><F75/><W110/><G110/><T31/><D135/><U99/><E17/><V133/><F133/><W80/><G12/><T104/><D104/><U8/><E58/><V22/><F93/><W21/><G21/><T0/><D0/><U82/><E8/><V11/><F22/><W26/><G80/><T53/><D33/><U123/><E123/><V45/><F6/><W27/><G26/><T81/><D81/><U52/><E52/><V32/><F32/><W126/><G2/><T116/><D116/><U95/><E128/><N who="3" m="49226" /><G85/><T101/><D13/><U20/><E20/><V92/><F92/><W59/><G59/><N who="0" m="37183" /><D36/><N who="3" m="13897" /><G83/><T25/><D25/><U103/><E115/><V16/><F19/><W41/><G41/><N who="0" m="24655" /><D101/><N who="1" m="60575" /><E87/><V49/><F16/><W35/><G34/><T102/><D102/><U84/><E84/><V98/><F23/><W63/><G63/><T71/><D71/><U74/><E74/><V113/><F113/><W112/><G112/><T60/><D60/><U120/><E120/><V38/><F38/><W105/><G105/><AGARI ba="1,0" hai="76,77,79,82,86,88,89,90,99,103,105" m="60575" machi="105" ten="30,12000,2" yaku="35,5,54,1" doraHai="132" who="1" fromWho="3" sc="280,0,240,123,240,0,240,-123" /><INIT seed="1,0,0,1,2,97" ten="280,363,240,117" oya="1" hai0="38,76,96,116,132,119,30,34,29,117,73,86,87" hai1="79,127,124,103,81,15,131,39,33,111,115,20,100" hai2="10,8,56,133,69,106,112,14,113,36,102,23,58" hai3="52,84,0,11,126,26,110,55,18,122,78,49,89"/><U44/><E115/><N who="2" m="44107" /><F69/><W67/><G122/><T51/><D38/><U129/><E33/><V72/><F72/><W61/><G110/><T32/><D51/><U66/><E111/><V65/><F36/><W59/><G78/><T41/><D41/><N who="1" m="22591" /><E66/><V109/><F109/><W62/><G126/><N who="1" m="48170" /><E20/><V125/><F125/><W3/><G62/><T57/><D57/><N who="2" m="22122" /><F65/><W45/><G55/><T53/><D53/><U90/><E15/><V88/><F133/><W94/><G26/><T7/><D7/><U17/><E17/><N who="2" m="10679" /><F88/><W6/><REACH who="3" step="1"/><G18/><REACH who="3" ten="280,363,240,107" step="2"/><T64/><D119/><U98/><E79/><V121/><F121/><W48/><G48/><T12/><D76/><U2/><E2/><AGARI ba="0,1" hai="0,2,3,6,11,45,49,52,59,61,67,84,89,94" machi="2" ten="30,3900,0" yaku="1,1,7,1,54,1,53,0" doraHai="97" doraHaiUra="101" who="3" fromWho="1" sc="280,0,363,-39,240,0,107,49" /><INIT seed="2,0,0,4,2,135" ten="280,324,240,156" oya="2" hai0="1,109,84,48,74,30,5,133,95,39,131,69,112" hai1="61,56,3,98,14,122,53,118,70,120,100,103,86" hai2="34,57,29,37,101,121,49,12,78,25,68,87,113" hai3="24,6,18,115,8,66,134,28,89,59,44,26,96"/><V16/><F121/><W32/><G134/><T63/><D84/><U119/><E3/><V43/><F113/><W105/><G115/><T77/><D95/><U38/><E38/><V71/><F37/><W132/><G132/><T9/><D77/><U64/><E86/><V81/><F101/><W91/><G44/><T15/><D48/><U129/><E129/><V23/><REACH who="2" step="1"/><F57/><REACH who="2" ten="280,324,230,156" step="2"/><W7/><G59/><T111/><D39/><U45/><E122/><V20/><F20/><W123/><G123/><T46/><D112/><U55/><E120/><V60/><F60/><W21/><G66/><T85/><D69/><U42/><E103/><V4/><F4/><W51/><G6/><T13/><D5/><U110/><E100/><V99/><F99/><W80/><G51/><T52/><D133/><U90/><E56/><V11/><F11/><W124/><G8/><T83/><D9/><U73/><E118/><V40/><F40/><W97/><G7/><T88/><D63/><U36/><E119/><V2/><F2/><W58/><G58/><T92/><D1/><U41/><E41/><V75/><F75/><W50/><G50/><N who="0" m="28759" /><D74/><U10/><E73/><V108/><F108/><W17/><G105/><T54/><D111/><U27/><E110/><V31/><F31/><W19/><G32/><T104/><D109/><U76/><E98/><V0/><F0/><W22/><G97/><N who="0" m="57479" /><D30/><U62/><E62/><V116/><F116/><W102/><G102/><T35/><D104/><U79/><E70/><V125/><F125/><W128/><G124/><T130/><D35/><U82/><E61/><RYUUKYOKU ba="0,1" sc="280,-10,324,-10,230,30,156,-10" hai2="12,16,23,25,29,34,43,49,68,71,78,81,87" /><INIT seed="2,1,1,4,2,60" ten="270,314,260,146" oya="2" hai0="76,40,68,128,9,108,58,22,44,31,52,106,117" hai1="8,89,56,70,25,45,133,74,41,20,80,46,90" hai2="100,85,61,71,32,127,101,23,105,79,17,96,69" hai3="24,113,28,103,119,130,62,75,109,10,95,86,1"/><V132/><F32/><W64/><G119/><T131/><D106/><U99/><E70/><V33/><F33/><W57/><G75/><T121/><D76/><U0/><E133/><V63/><F101/><W102/><G113/><T39/><D121/><U54/><E45/><V2/><F2/><W129/><G109/><T81/><D81/><U49/><E74/><V72/><F72/><W120/><G120/><T118/><D9/><U73/><E73/><V37/><F37/><W66/><G1/><T87/><D87/><U77/><E99/><V98/><F98/><N who="3" m="59743" /><G10/><T6/><D6/><U36/><E77/><V18/><F127/><W116/><G116/><N who="0" m="44651" /><D108/><U104/><E104/><V4/><F4/><W123/><G103/><T47/><D68/><U135/><E135/><V12/><F132/><W88/><G123/><T42/><D22/><U29/><E80/><V5/><F5/><W43/><G43/><T53/><D31/><U35/><E0/><V13/><F71/><W114/><G114/><T11/><D11/><U134/><E134/><V38/><F38/><W78/><G78/><T126/><D126/><U107/><E107/><V7/><F7/><W110/><G110/><T115/><D115/><U19/><REACH who="1" step="1"/><E8/><REACH who="1" ten="270,304,260,146" step="2"/><N who="2" m="6279" /><F69/><W67/><G130/><N who="0" m="49707" /><D58/><U15/><AGARI ba="1,2" hai="15,19,20,25,29,35,36,41,46,49,54,56,89,90" machi="15" ten="20,2700,0" yaku="1,1,0,1,7,1,53,0" doraHai="60" doraHaiUra="91" who="1" fromWho="1" sc="270,-8,304,50,260,-14,146,-8" /><INIT seed="3,0,0,2,4,68" ten="262,354,246,138" oya="3" hai0="18,79,109,11,64,98,70,16,99,33,13,12,84" hai1="110,19,39,32,60,52,121,28,50,49,40,77,104" hai2="88,132,112,95,81,75,123,93,7,58,129,108,5" hai3="34,128,91,134,107,56,118,10,36,21,135,94,0"/><W130/><G34/><T26/><D70/><U41/><E104/><V116/><F112/><W9/><G107/><T82/><D64/><U6/><E121/><V120/><F116/><W17/><G118/><T67/><D67/><U61/><E110/><V43/><F108/><W51/><G0/><T25/><D109/><U133/><E133/><N who="3" m="50698" /><G36/><T74/><D74/><U131/><E131/><N who="3" m="50218" /><G56/><T24/><REACH who="0" step="1"/><D33/><REACH who="0" ten="252,354,246,138" step="2"/><U31/><E32/><V23/><F129/><W63/><G63/><T127/><D127/><U117/><E61/><V124/><F132/><W8/><G51/><T119/><D119/><U72/><E72/><V125/><F123/><W45/><G45/><T53/><D53/><U66/><E66/><V62/><F75/><W105/><G105/><T20/><AGARI ba="0,1" hai="11,12,13,16,18,20,24,25,26,79,82,84,98,99" machi="20" ten="30,7900,0" yaku="1,1,0,1,8,1,54,1,53,0" doraHai="68" doraHaiUra="47" who="0" fromWho="0" sc="252,89,354,-20,246,-20,138,-39" /><INIT seed="4,0,0,4,0,125" ten="341,334,226,99" oya="0" hai0="120,33,127,112,39,24,79,34,83,6,96,94,111" hai1="49,63,117,46,126,119,64,16,121,72,114,37,71" hai2="41,12,9,32,106,124,99,75,50,118,105,77,129" hai3="95,131,31,36,25,10,109,61,116,69,40,73,21"/><T3/><D120/><U110/><E72/><V85/><F32/><W89/><G109/><T128/><D39/><U100/><E100/><V133/><F75/><W113/><G116/><N who="1" m="44618" /><E16/><V11/><F118/><W27/><G73/><N who="0" m="43503" /><D24/><U135/><E110/><V28/><F124/><W23/><G113/><T78/><D111/><U48/><E135/><V67/><F67/><W91/><G10/><N who="0" m="2399" /><D127/><U115/><E126/><V57/><F28/><W98/><G69/><T19/><D78/><U60/><E121/><V52/><F11/><W44/><G61/><T86/><D19/><U8/><E8/><V134/><F41/><W5/><G5/><T45/><D86/><U65/><E65/><V81/><F99/><W108/><G108/><T107/><D107/><U54/><E37/><V43/><F43/><W76/><G76/><T101/><D112/><N who="1" m="43051" /><E60/><V42/><F42/><W20/><G91/><T80/><D101/><U17/><E17/><N who="2" m="8335" /><F105/><W130/><REACH who="3" step="1"/><G31/><REACH who="3" ten="341,334,226,89" step="2"/><T66/><D66/><U82/><E49/><V70/><F70/><W68/><G68/><T15/><D34/><U88/><E88/><V2/><F133/><W38/><G38/><T84/><D33/><U97/><E97/><V22/><F134/><W123/><G123/><T132/><D132/><U53/><E82/><V90/><F90/><W104/><G104/><T103/><D80/><U4/><E4/><V92/><F106/><W35/><G35/><T51/><D96/><U30/><E30/><V102/><F81/><W62/><G62/><T1/><D103/><U29/><E29/><V56/><F102/><W74/><G74/><RYUUKYOKU ba="0,1" sc="341,-15,334,15,226,-15,89,15" hai1="46,48,53,54,63,64,71" hai3="20,21,23,25,27,36,40,44,89,95,98,130,131" /><INIT seed="5,1,1,4,0,99" ten="326,349,211,104" oya="1" hai0="122,28,12,75,25,102,70,56,82,40,14,103,86" hai1="88,66,38,78,0,124,52,7,76,79,1,62,33" hai2="135,53,69,98,108,114,100,26,41,121,39,133,58" hai3="18,115,132,5,94,29,23,11,3,50,47,73,77"/><U129/><E33/><V105/><F108/><W131/><G132/><N who="2" m="50761" /><F121/><W35/><G131/><T96/><D70/><U57/><E129/><V123/><F123/><W2/><G115/><T68/><D122/><U118/><E118/><V116/><F116/><W31/><G3/><T20/><D68/><U43/><E124/><V4/><F69/><W134/><G134/><T130/><D75/><U22/><E22/><V84/><F114/><W101/><G77/><N who="0" m="46415" /><D130/><U72/><E66/><V65/><F65/><W83/><G73/><T45/><D96/><U49/><E38/><V59/><F4/><W15/><G83/><T97/><D97/><U128/><E128/><V109/><F109/><W60/><G60/><T6/><D56/><N who="2" m="21546" /><F84/><W55/><G94/><T44/><D12/><U113/><E113/><V87/><F87/><W91/><G91/><T92/><D92/><U48/><E72/><V36/><F53/><W30/><REACH who="3" step="1"/><G101/><REACH who="3" ten="326,349,211,94" step="2"/><N who="0" m="38411" /><D40/><U112/><E112/><V90/><F41/><W127/><G127/><T42/><D42/><U37/><E88/><V8/><F90/><W106/><G106/><T110/><D110/><U117/><E43/><V120/><F120/><W64/><G64/><T89/><D89/><U111/><E111/><V125/><F125/><W81/><G81/><T74/><D74/><U9/><E0/><V63/><F39/><W34/><AGARI ba="1,2" hai="2,5,11,15,18,23,29,30,31,34,35,47,50,55" machi="34" ten="30,4000,0" yaku="1,1,0,1,53,1" doraHai="99" doraHaiUra="13" who="3" fromWho="3" sc="326,-11,349,-21,211,-11,94,63" /><INIT seed="6,0,0,1,3,108" ten="315,328,200,157" oya="2" hai0="8,30,115,13,70,101,99,45,54,46,82,79,22" hai1="109,47,102,128,10,129,64,114,103,62,124,123,117" hai2="113,3,33,91,11,4,2,9,73,42,0,72,61" hai3="118,121,59,97,5,32,98,95,12,125,23,17,85"/><V80/><F33/><W40/><G118/><T31/><D70/><U1/><E117/><V48/><F72/><W110/><G121/><T78/><D79/><U120/><E114/><V88/><F61/><W19/><G110/><T6/><D115/><U15/><E109/><V106/><F113/><W76/><G32/><T44/><D54/><U122/><E1/><V38/><F106/><W52/><G40/><T63/><D63/><U51/><E124/><V65/><F65/><W90/><G125/><T50/><D50/><U132/><E132/><V127/><F127/><W84/><G5/><T25/><D31/><U81/><E81/><V131/><F48/><N who="3" m="31111" /><G19/><T60/><D60/><U105/><E105/><V58/><F58/><W126/><G126/><T39/><D39/><U135/><E135/><V41/><F131/><N who="1" m="50249" /><E64/><V18/><F41/><W55/><G55/><T14/><D14/><U35/><E35/><V24/><F42/><W66/><G66/><T94/><REACH who="0" step="1"/><D46/><REACH who="0" ten="305,328,200,157" step="2"/><U43/><E62/><V29/><F38/><W100/><G76/><T68/><D68/><U89/><E89/><V87/><F73/><AGARI ba="0,1" hai="6,8,13,22,25,30,44,45,73,78,82,94,99,101" machi="73" ten="30,2000,0" yaku="1,1,7,1,53,0" doraHai="108" doraHaiUra="133" who="0" fromWho="2" sc="305,30,328,0,200,-20,157,0" /><INIT seed="7,0,0,4,0,88" ten="335,328,180,157" oya="3" hai0="28,8,69,121,25,14,39,24,45,31,85,20,83" hai1="82,66,133,115,67,104,18,96,41,1,16,126,58" hai2="118,56,13,132,128,54,74,70,40,49,112,127,55" hai3="103,122,60,76,95,48,73,90,19,29,7,93,57"/><W65/><G122/><T27/><D69/><U135/><E1/><V0/><F0/><W9/><G29/><N who="0" m="11339" /><D39/><U63/><E115/><V98/><F74/><W80/><G19/><N who="1" m="7210" /><E41/><V99/><F70/><W72/><G72/><T30/><D121/><U32/><E32/><V38/><F118/><W94/><G48/><T15/><D45/><U17/><E82/><V116/><F116/><W37/><G37/><T87/><D87/><U111/><E17/><V36/><F112/><W34/><G34/><T110/><D110/><U84/><E111/><V75/><F75/><W130/><G130/><T51/><D51/><U46/><E84/><V11/><F128/><W89/><REACH who="3" step="1"/><G103/><REACH who="3" ten="335,328,180,147" step="2"/><T42/><D42/><U10/><E126/><V129/><F127/><W53/><G53/><T43/><D43/><U59/><E133/><V3/><F132/><W109/><G109/><T33/><D33/><U77/><E135/><V134/><F134/><W22/><G22/><N who="0" m="15639" /><D8/><U106/><E10/><V62/><F38/><W105/><G105/><T119/><D119/><U86/><E106/><V124/><F36/><W47/><G47/><T44/><D20/><U71/><E46/><V97/><F124/><W81/><G81/><T107/><D44/><U64/><E104/><V12/><F129/><W108/><G108/><T26/><D107/><U120/><E120/><V50/><F40/><W101/><G101/><T21/><D21/><U114/><E114/><V5/><F50/><W35/><G35/><T91/><AGARI ba="0,1" hai="14,15,25,26,27,83,85,91" m="15639,11339" machi="91" ten="30,1100,0" yaku="8,1" doraHai="88" who="0" fromWho="0" sc="335,21,328,-3,180,-3,147,-5" owari="356,45.0,325,13.0,177,-22.0,142,-36.0" /></mjloggm>