<mjloggm ver="2.3"><GO type="225" lobby="0"/><UN n0="%E3%83%90%E3%82%B9%E3%82%BF%E3%83%BC%E5%90%9B" n1="%E3%82%AB%E3%83%A9%E3%82%B9%E3%81%AE%E5%AD%90" n2="%E3%83%88%E3%83%88%E3%83%AA%E5%85%88%E7%94%9F%31%39%E6%AD%B3" n3="%E5%A9%9A%E6%B4%BB%E7%94%9F%40%E5%B7%9D%E6%9D%91%E8%BB%8D%E5%9B%A3" dan="16,16,17,16" rate="2147.81,2085.81,2241.27,2069.69" sx="M,M,F,M"/><TAIKYOKU oya="0"/><INIT seed="0,0,0,4,1,4" ten="250,250,250,250" oya="0" hai0="99,45,28,3,79,102,29,7,0,40,112,82,46" hai1="122,89,103,11,105,119,5,73,12,84,50,130,101" hai2="10,95,41,60,36,59,56,17,30,44,76,70,129" hai3="61,64,49,115,114,16,57,92,127,20,48,42,117"/><T107/><D112/><U93/><E122/><V90/><F129/><W14/><G117/><T54/><D54/><U132/><E119/><V68/><F76/><W74/><G74/><T100/><D100/><U81/><E130/><V67/><F30/><W24/><G127/><T39/><D46/><U110/><E110/><V108/><F108/><W97/><G24/><T85/><REACH who="0" step="1"/><D7/><REACH who="0" ten="240,250,250,250" step="2"/><U78/><E103/><V34/><F44/><W83/><G115/><T80/><D80/><U98/><REACH who="1" step="1"/><E50/><REACH who="1" ten="240,240,250,250" step="2"/><V53/><F36/><W118/><G114/><T113/><D113/><U135/><AGARI ba="0,2" hai="5,11,12,73,78,81,84,89,93,98,101,105,132,135" machi="135" ten="30,12000,2" yaku="1,1,2,1,0,1,24,2,52,1,53,0" doraHai="4" doraHaiUra="47" who="1" fromWho="1" sc="240,-60,240,140,250,-30,250,-30" /><INIT seed="1,0,0,3,4,72" ten="180,380,220,220" oya="1" hai0="107,123,97,64,58,7,131,118,70,19,21,117,51" hai1="121,10,41,127,88,85,135,13,119,105,3,11,111" hai2="49,36,128,55,47,99,61,79,54,9,20,90,12" hai3="0,124,42,132,53,1,104,74,76,125,69,2,95"/><U52/><E121/><V40/><F128/><W116/><G104/><T22/><D123/><U80/><E119/><V115/><F115/><W34/><G34/><T87/><D131/><U82/><E105/><V102/><F20/><W130/><G69/><T17/><D70/><U114/><E114/><V113/><F113/><W112/><G130/><T109/><D7/><U93/><E135/><V37/><F90/><W56/><G132/><T26/><D109/><U8/><E127/><N who="3" m="48714" /><G112/><T25/><D87/><U86/><E3/><N who="3" m="770" /><W18/><DORA hai="15" /><G42/><T134/><D134/><U126/><E126/><V108/><F108/><W29/><G29/><T75/><D75/><U48/><E111/><V91/><F91/><W59/><G116/><T77/><D77/><N who="1" m="46223" /><E13/><V6/><F79/><W84/><G74/><T78/><D78/><U16/><E41/><V65/><F37/><W44/><G18/><T31/><D31/><U33/><E33/><V43/><F43/><W96/><G96/><T23/><D23/><U98/><E98/><V73/><F36/><W30/><G30/><T14/><D14/><N who="1" m="7239" /><E93/><V89/><F73/><W60/><G95/><T27/><D27/><U103/><E103/><V45/><F102/><W133/><G133/><T4/><D4/><U39/><E39/><N who="2" m="21663" /><F99/><W46/><G84/><T67/><D117/><U71/><E71/><N who="2" m="42415" /><F89/><W129/><G76/><T50/><D118/><U101/><E101/><V120/><F120/><W5/><G129/><T35/><D35/><U63/><E63/><V32/><F32/><W100/><G100/><N who="0" m="62863" /><D50/><U62/><E62/><V57/><F49/><RYUUKYOKU ba="0,0" sc="180,15,380,15,220,-15,220,-15" hai0="17,19,21,22,25,26,51,58,64,67" hai1="10,11,48,52,82,86,88" /><INIT seed="1,1,0,3,3,132" ten="195,395,205,205" oya="1" hai0="55,89,7,6,118,29,52,11,99,78,79,23,0" hai1="97,62,41,91,21,80,83,133,116,119,109,82,64" hai2="44,105,106,46,100,70,5,31,96,122,18,127,131" hai3="17,16,19,92,39,42,35,115,94,77,4,69,125"/><U34/><E34/><V120/><F106/><W45/><G69/><T20/><D118/><U87/><E133/><V63/><F131/><W84/><G115/><T75/><D75/><U129/><E129/><V123/><F127/><W88/><G35/><T74/><D74/><U56/><E109/><V14/><F5/><N who="0" m="1546" /><D11/><U66/><E41/><V59/><F31/><W121/><G121/><T90/><D0/><U134/><E134/><V107/><F107/><W85/><G4/><T40/><D40/><U2/><E2/><V9/><REACH who="2" step="1"/><F70/><REACH who="2" ten="195,395,195,205" step="2"/><W93/><G125/><T24/><D23/><U68/><E21/><V117/><F117/><W130/><G130/><T103/><D20/><U25/><E119/><V26/><F26/><W10/><G10/><T22/><D22/><U32/><E116/><V81/><F81/><W13/><G13/><T27/><D24/><U126/><E126/><V3/><F3/><W54/><G19/><T50/><D27/><U72/><E25/><V36/><F36/><W112/><G17/><T8/><D8/><U51/><E32/><V95/><F95/><W28/><G28/><T33/><D29/><U124/><E68/><V67/><AGARI ba="1,1" hai="9,14,18,44,46,59,63,67,96,100,105,120,122,123" machi="67" ten="30,2000,0" yaku="1,1,0,1,53,0" doraHai="132" doraHaiUra="76" who="2" fromWho="2" sc="195,-6,395,-11,195,33,205,-6" /><INIT seed="2,0,0,3,2,64" ten="189,384,228,199" oya="2" hai0="13,1,27,49,56,67,134,135,95,46,42,3,0" hai1="14,105,8,20,93,128,34,115,88,47,101,69,7" hai2="21,123,82,79,111,85,31,83,68,108,57,99,40" hai3="77,96,11,41,62,100,118,78,48,97,86,45,98"/><V4/><F123/><W32/><G118/><T38/><D95/><U6/><E34/><V114/><F114/><W124/><G32/><T102/><D102/><U127/><E115/><V17/><F31/><W30/><G124/><T60/><D13/><U2/><E127/><V35/><F35/><W73/><G73/><T18/><D18/><U84/><E128/><V10/><F40/><W132/><G30/><T15/><D15/><U5/><E2/><N who="2" m="279" /><F99/><W16/><G132/><N who="0" m="50731" /><D27/><U125/><E69/><V87/><F57/><W71/><G100/><T25/><D25/><U39/><E125/><V75/><F68/><W54/><G86/><T58/><D38/><U33/><E33/><V113/><F113/><W76/><G11/><T104/><D104/><U51/><E39/><V36/><F36/><W29/><G29/><T131/><D131/><U122/><E122/><V74/><F17/><W26/><G71/><AGARI ba="0,0" hai="0,1,3,42,46,49,56,58,60,67,71" m="50731" machi="71" ten="40,2600,0" yaku="20,1,52,1" doraHai="64" who="0" fromWho="3" sc="189,26,384,0,228,0,199,-26" /><INIT seed="3,0,0,1,5,103" ten="215,384,228,173" oya="3" hai0="116,129,33,71,13,64,73,16,29,130,65,30,38" hai1="44,56,120,27,124,82,57,119,31,28,74,60,107" hai2="132,1,18,80,135,22,26,25,112,90,47,39,76" hai3="63,8,51,101,66,12,93,23,10,102,14,50,108"/><W48/><G108/><T87/><D73/><U4/><E120/><V133/><F112/><W86/><G23/><T75/><D75/><U84/><E107/><V88/><F1/><W68/><G86/><T69/><D38/><U104/><E119/><V123/><F123/><W85/><G85/><T11/><D116/><U34/><E104/><V72/><F26/><W46/><G46/><T0/><D0/><U134/><E124/><V91/><F47/><W89/><G89/><T113/><D113/><U43/><E134/><V36/><AGARI ba="0,0" hai="18,22,25,36,39,72,76,80,88,90,91,132,133,135" machi="36" ten="40,5200,0" yaku="0,1,20,1,54,1" doraHai="103" who="2" fromWho="2" sc="215,-13,384,-13,228,52,173,-26" owari="202,-20.0,371,47.0,280,8.0,147,-35.0" /></mjloggm>