<mjloggm ver="2.3"><GO type="225" lobby="0"/><UN n0="%E4%BA%8C%E4%BB%A3%E7%9B%AE%E3%82%A2%E3%83%A1%E3%83%96%E3%83%A9" n1="%E3%83%88%E3%83%88%E3%83%AA%E5%85%88%E7%94%9F%31%39%E6%AD%B3" n2="%E6%97%A5%E6%9B%9C%E6%97%A5%E3%82%88%E3%82%8A%E3%81%AE%E4%BD%BF%E8%80%85" n3="%72%6F%6D%61%6E%65%73" dan="16,18,17,16" rate="2197.65,2277.16,2146.79,2104.42" sx="M,F,M,M"/><TAIKYOKU oya="0"/><INIT seed="0,0,0,5,4,98" ten="250,250,250,250" oya="0" hai0="29,123,89,3,51,75,21,61,74,101,67,84,71" hai1="87,131,42,26,88,121,19,18,34,30,49,130,12" hai2="27,9,83,94,76,92,73,104,46,50,52,81,118" hai3="13,41,119,124,28,106,37,60,65,5,66,134,54"/><T116/><D116/><U7/><E121/><V95/><F104/><W11/><G119/><T85/><D123/><U25/><E7/><V31/><F118/><W82/><G124/><T78/><D3/><U122/><E122/><V48/><F9/><W35/><G134/><T135/><D135/><U14/><E42/><V43/><F83/><W1/><G13/><N who="1" m="5226" /><E49/><V10/><F10/><W17/><G17/><T56/><D78/><U33/><E87/><V86/><F73/><W36/><G106/><T39/><D39/><U20/><E88/><V79/><F79/><W62/><G82/><T105/><D85/><U0/><E0/><V120/><F120/><W80/><G80/><T57/><D29/><N who="1" m="19767" /><E33/><V63/><F63/><W77/><G77/><T55/><D21/><U24/><E24/><V15/><F15/><W32/><G41/><T40/><D40/><U109/><E109/><V93/><N who="2" m="24064" /><DORA hai="90" /><V23/><F50/><W97/><G1/><T2/><D2/><U114/><E114/><V58/><F43/><W108/><G11/><T6/><D6/><U22/><E22/><V125/><F125/><W68/><G60/><T47/><D75/><U112/><E112/><V115/><F115/><W8/><G62/><T129/><D74/><U69/><E69/><V103/><F103/><W96/><G68/><T59/><D101/><U91/><E91/><V99/><F99/><W133/><G133/><T111/><D105/><U127/><E127/><V45/><AGARI ba="0,0" hai="23,27,31,45,46,48,52,58,76,81,86" m="24064" machi="45" ten="40,12000,2" yaku="0,1,8,1,52,4,54,1" doraHai="98,90" who="2" fromWho="2" sc="250,-60,250,-30,250,120,250,-30" /><INIT seed="1,0,0,3,0,111" ten="190,220,370,220" oya="1" hai0="3,88,127,37,69,91,108,25,98,133,121,73,54" hai1="2,18,58,128,11,134,29,48,122,0,44,45,49" hai2="115,123,126,60,104,39,27,101,9,46,74,116,47" hai3="107,52,114,103,43,71,33,77,26,8,97,135,38"/><U70/><E122/><V81/><F115/><W72/><G114/><T110/><D121/><U15/><E70/><V94/><F94/><W1/><G135/><T20/><D133/><U86/><E128/><V131/><F47/><N who="3" m="24055" /><G52/><T30/><D37/><U55/><E134/><V16/><F116/><W5/><G71/><T79/><D3/><U109/><E109/><N who="0" m="42089" /><D69/><U21/><E58/><V36/><F126/><W132/><G132/><T14/><D127/><U62/><E62/><V96/><F81/><N who="3" m="45223" /><G26/><T83/><D54/><U24/><REACH who="1" step="1"/><E86/><REACH who="1" ten="190,210,370,220" step="2"/><V89/><F60/><W125/><G125/><T65/><D65/><U78/><E78/><V80/><F131/><W99/><G99/><T32/><D98/><U17/><E17/><AGARI ba="0,1" hai="14,17,20,25,30,32,73,79,83,88,91" m="42089" machi="17" ten="30,2000,0" yaku="14,1,54,1" doraHai="111" who="0" fromWho="1" sc="190,30,210,-20,370,0,220,0" /><INIT seed="2,0,0,2,3,111" ten="220,190,370,220" oya="2" hai0="70,91,21,80,35,126,61,64,98,101,117,59,95" hai1="96,72,46,8,0,67,34,89,45,7,112,83,86" hai2="100,134,66,27,2,26,51,56,84,124,55,37,99" hai3="129,133,52,41,105,12,108,75,79,48,31,13,69"/><V3/><F37/><W60/><G105/><T104/><D35/><U18/><E34/><V36/><F36/><W116/><G116/><T24/><D117/><U15/><E112/><V6/><F124/><W120/><G120/><T53/><D126/><U4/><E72/><V123/><F123/><W16/><G31/><T110/><D110/><U11/><E67/><V115/><F115/><W28/><G108/><T42/><D42/><U62/><E62/><V44/><F134/><W135/><G28/><T93/><D80/><U74/><E74/><V113/><F113/><W78/><G41/><T10/><D10/><U88/><E96/><V39/><F39/><W32/><G32/><T128/><D128/><U87/><REACH who="1" step="1"/><E7/><REACH who="1" ten="220,180,370,220" step="2"/><V54/><F6/><W102/><G75/><T94/><D64/><U121/><E121/><V131/><F99/><W109/><G109/><T30/><REACH who="0" step="1"/><D70/><REACH who="0" ten="210,180,370,220" step="2"/><U90/><E90/><AGARI ba="0,2" hai="21,24,30,53,59,61,90,91,93,94,95,98,101,104" machi="90" ten="40,2600,0" yaku="1,1,2,1,53,0" doraHai="111" doraHaiUra="9" who="0" fromWho="1" sc="210,46,180,-26,370,0,220,0" /><INIT seed="3,0,0,4,3,132" ten="256,154,370,220" oya="3" hai0="51,32,119,39,84,8,85,57,93,44,67,124,33" hai1="102,80,36,78,61,7,77,121,107,100,58,92,2" hai2="20,131,88,50,62,115,16,28,60,6,91,21,26" hai3="87,76,17,82,96,86,117,116,95,12,29,47,73"/><W72/><G29/><T46/><D119/><U30/><E121/><V52/><F6/><W81/><G47/><T5/><D39/><U64/><E107/><V24/><F131/><W111/><G111/><T55/><D124/><U41/><E30/><V66/><F115/><W0/><G0/><T59/><D32/><U71/><E78/><V123/><F123/><W70/><G70/><T37/><D33/><U130/><E130/><V108/><F108/><W104/><G104/><T103/><D37/><U35/><E35/><V9/><F9/><W106/><G106/><T125/><D125/><U69/><E92/><V120/><F120/><W113/><G113/><T19/><D5/><U122/><E122/><V56/><F62/><W40/><G40/><T18/><D67/><U42/><E42/><V49/><F49/><W127/><G127/><T13/><D19/><U135/><E135/><V25/><F26/><W99/><G73/><T1/><D1/><U22/><E22/><V134/><F134/><W68/><G72/><T75/><D75/><U14/><E2/><V53/><F53/><W43/><G43/><T114/><D114/><U105/><E41/><V129/><F129/><W15/><G76/><T23/><D23/><U97/><E36/><V98/><F98/><W109/><G109/><T45/><D57/><AGARI ba="0,0" hai="16,20,21,24,25,28,50,52,56,57,60,66,88,91" machi="57" ten="30,8000,1" yaku="7,1,8,1,54,3" doraHai="132" who="2" fromWho="0" sc="256,-80,154,0,370,80,220,0" owari="176,-22.0,154,-35.0,450,55.0,220,2.0" /></mjloggm>