<mjloggm ver="2.3"><GO type="41" lobby="0"/><UN n0="%E5%B0%B1%E6%B4%BB%E7%94%9F%40%E5%B7%9D%E6%9D%91%E8%BB%8D%E5%9B%A3" n1="%64%64%6E%70%61" n2="%45%69%71%63%68%69" n3="%67%61%79%75%6E%79" dan="16,13,13,14" rate="2186.17,1876.05,1914.91,1911.71" sx="M,M,M,M"/><TAIKYOKU oya="0"/><INIT seed="0,0,0,3,1,13" ten="250,250,250,250" oya="0" hai0="65,14,29,78,109,68,115,73,135,102,56,7,96" hai1="121,47,37,126,41,49,21,104,106,32,76,67,12" hai2="23,1,35,61,27,50,63,71,8,122,114,70,130" hai3="22,83,62,125,85,113,40,91,31,94,118,74,30"/><T45/><D115/><U26/><E121/><V127/><F122/><W112/><G118/><T15/><D68/><U128/><E32/><V6/><F114/><W107/><G125/><T92/><D135/><U133/><E126/><V129/><F127/><W117/><G117/><T16/><D29/><U103/><E133/><V79/><F79/><W93/><G40/><T132/><D132/><U4/><E128/><N who="2" m="49259" /><F35/><W0/><G0/><T90/><D73/><U98/><E76/><V86/><F86/><W19/><G107/><T100/><D78/><U89/><E67/><V131/><F50/><W34/><G34/><T44/><D14/><U33/><E33/><V17/><N who="2" m="49267" /><V116/><DORA hai="64" /><F116/><W10/><G113/><T11/><D7/><U38/><E104/><V18/><F18/><W2/><G112/><T124/><D124/><U123/><E123/><V20/><F20/><W52/><G74/><T36/><D36/><U111/><E89/><V82/><F82/><W9/><G2/><T43/><D43/><U46/><E37/><V51/><F51/><W99/><G94/><T66/><D109/><U97/><E38/><V72/><F72/><W54/><G30/><T24/><D102/><U120/><E111/><V55/><F55/><N who="3" m="21035" /><G62/><AGARI ba="0,0" hai="1,6,8,17,23,27,61,62,63,70,71" m="49267" machi="62" ten="40,8000,1" yaku="19,1,52,3" doraHai="13,64" who="2" fromWho="3" sc="250,0,250,0,250,80,250,-80" /><INIT seed="1,0,0,5,3,81" ten="250,250,330,170" oya="1" hai0="50,23,25,35,83,52,97,105,67,12,6,73,87" hai1="132,3,4,121,90,66,68,56,31,22,47,135,54" hai2="19,32,82,71,79,100,63,65,40,122,93,72,129" hai3="10,49,112,119,88,46,94,127,14,9,45,13,91"/><U7/><E121/><V123/><F32/><W126/><G112/><T62/><D73/><U75/><E75/><V107/><F107/><W116/><G49/><T104/><D35/><U43/><E3/><V55/><F40/><W61/><G61/><T5/><D97/><U134/><E31/><V113/><F129/><W29/><G94/><T51/><D51/><U109/><E109/><V86/><F113/><W1/><G1/><T48/><D48/><N who="1" m="30791" /><E22/><V92/><F100/><W102/><G102/><T16/><D105/><U124/><E90/><V36/><F36/><W2/><G2/><T38/><D38/><N who="1" m="22007" /><E124/><V95/><F72/><W96/><G96/><T28/><D104/><U130/><E130/><V57/><REACH who="2" step="1"/><F19/><REACH who="2" ten="250,250,320,170" step="2"/><W125/><G127/><T20/><D6/><U41/><E41/><V53/><F53/><W133/><REACH who="3" step="1"/><G29/><REACH who="3" ten="250,250,320,160" step="2"/><T108/><D28/><U120/><E120/><V89/><F89/><W34/><G34/><T99/><D108/><U15/><E135/><AGARI ba="0,2" hai="9,10,13,14,45,46,88,91,116,119,125,126,133,135" machi="135" ten="25,6400,0" yaku="1,1,22,2,54,1,53,0" doraHai="81" doraHaiUra="58" who="3" fromWho="1" sc="250,0,250,-64,320,0,160,84" /><INIT seed="2,0,0,2,2,26" ten="250,186,320,244" oya="2" hai0="113,102,124,53,94,23,30,55,16,20,72,100,63" hai1="28,75,19,39,71,18,84,89,15,131,83,77,60" hai2="126,110,42,11,95,64,51,76,33,68,109,108,10" hai3="79,133,13,61,7,120,81,40,22,65,31,115,92"/><V35/><F126/><W130/><G120/><T86/><D72/><U91/><E39/><V103/><F76/><W36/><G130/><T87/><D124/><U29/><E131/><V46/><F64/><W123/><G123/><T6/><D6/><U59/><E71/><V73/><F73/><W128/><G128/><T74/><D74/><U96/><E96/><N who="2" m="59807" /><F68/><W12/><G133/><T34/><D34/><AGARI ba="0,0" hai="10,11,33,34,35,42,46,51,108,109,110" m="59807" machi="34" ten="40,3900,0" yaku="14,1,10,1" doraHai="26" who="2" fromWho="0" sc="250,-39,186,0,320,39,244,0" /><INIT seed="2,1,0,3,0,93" ten="211,186,359,244" oya="2" hai0="88,80,69,74,22,43,135,97,49,58,15,64,42" hai1="99,51,100,0,9,57,26,18,54,28,65,47,48" hai2="120,71,75,41,89,119,11,38,127,52,108,62,14" hai3="116,123,125,114,102,128,101,81,84,90,21,32,118"/><V53/><F120/><W34/><G123/><T104/><D69/><U113/><E113/><V29/><F119/><W130/><G21/><T10/><D104/><U117/><E117/><N who="3" m="45162" /><G114/><T129/><D135/><U132/><E132/><V131/><F131/><N who="3" m="50219" /><G125/><T6/><D74/><U70/><E70/><V2/><F127/><W98/><G34/><T24/><D129/><U60/><E0/><V44/><F2/><W25/><G25/><T68/><D68/><U112/><E112/><V109/><F75/><W83/><G32/><T95/><D80/><N who="3" m="30793" /><G98/><T76/><D76/><U37/><E9/><V66/><F29/><W94/><AGARI ba="1,0" hai="84,90,94,101,102" m="30793,50219,45162" machi="94" ten="40,5200,0" yaku="19,1,34,2" doraHai="93" who="3" fromWho="3" sc="211,-14,186,-14,359,-27,244,55" /><INIT seed="3,0,0,2,1,103" ten="197,172,332,299" oya="3" hai0="93,86,34,43,90,42,79,3,16,76,109,115,41" hai1="126,27,118,11,121,120,14,101,72,24,85,105,123" hai2="6,22,117,36,29,88,26,55,65,13,107,78,102" hai3="70,108,31,80,66,53,45,35,61,127,124,49,84"/><W134/><G134/><T64/><D109/><U54/><E72/><V17/><F107/><W67/><G108/><T132/><D132/><U104/><E118/><V21/><F36/><W32/><G31/><T73/><D3/><U33/><E101/><V87/><F102/><W131/><G67/><T74/><D34/><U52/><E126/><N who="3" m="48170" /><G131/><T95/><D64/><U40/><E40/><V113/><F78/><AGARI ba="0,0" hai="32,35,45,49,53,61,66,70,78,80,84" m="48170" machi="78" ten="30,1500,0" yaku="18,1" doraHai="103" who="3" fromWho="2" sc="197,0,172,0,332,-15,299,15" /><INIT seed="3,1,0,2,1,128" ten="197,172,317,314" oya="3" hai0="71,60,114,87,102,58,30,36,113,105,98,34,52" hai1="63,126,16,103,67,96,132,72,111,31,101,22,25" hai2="107,82,68,123,131,40,55,46,78,119,85,24,116" hai3="47,81,97,3,73,99,94,100,125,6,133,18,0"/><W62/><G125/><T75/><D75/><U112/><E112/><N who="0" m="43113" /><D36/><U37/><E126/><V53/><F68/><W120/><G120/><T39/><D39/><U93/><E111/><V65/><F65/><W49/><G0/><T29/><D34/><U129/><E129/><V106/><F131/><W61/><G3/><T10/><D71/><U42/><E72/><V20/><F123/><W88/><G6/><T41/><D41/><U95/><E42/><V64/><F64/><W54/><G133/><T17/><D87/><U130/><E37/><V127/><F127/><W50/><G50/><T66/><D66/><U70/><E130/><V21/><F20/><W4/><G4/><T69/><D69/><U43/><E43/><V5/><F5/><W2/><G2/><T134/><D134/><U23/><E132/><V26/><F24/><W92/><REACH who="3" step="1"/><G18/><REACH who="3" ten="197,172,317,304" step="2"/><T56/><D56/><U74/><E16/><V44/><F116/><W51/><G51/><T104/><D17/><U57/><E31/><V7/><F7/><W91/><G91/><T35/><D30/><U135/><E135/><V14/><F119/><W110/><G110/><T121/><D29/><U77/><E63/><V27/><F78/><AGARI ba="1,1" hai="47,49,54,61,62,73,78,81,88,92,94,97,99,100" machi="78" ten="40,3900,0" yaku="1,1,54,1,53,0" doraHai="128" doraHaiUra="115" who="3" fromWho="2" sc="197,0,172,0,317,-42,304,52" /><INIT seed="3,2,0,0,1,76" ten="197,172,275,356" oya="3" hai0="35,64,127,128,98,5,70,45,12,55,54,112,50" hai1="66,14,65,24,59,90,3,106,94,133,96,124,17" hai2="37,33,57,84,56,101,16,7,135,2,31,67,117" hai3="53,23,1,114,78,27,60,32,29,51,21,99,85"/><W126/><G114/><T73/><D35/><U48/><E3/><V89/><F37/><W131/><G126/><T61/><D73/><U79/><E106/><V81/><F117/><W95/><G131/><T88/><D127/><U104/><E104/><V97/><F135/><W44/><G1/><T39/><D128/><U0/><E0/><V115/><F115/><W49/><G32/><T91/><D112/><U121/><E124/><V47/><F47/><W58/><G23/><T130/><D130/><U9/><E121/><V109/><F109/><W41/><G51/><T93/><D39/><U22/><E133/><V30/><F7/><W20/><G20/><T46/><D91/><U134/><E134/><V119/><F2/><W116/><G116/><T118/><D118/><U38/><E38/><V13/><F119/><W123/><G123/><T111/><D111/><U86/><E79/><V42/><F42/><W100/><G78/><T74/><D74/><U120/><E120/><V34/><F34/><W28/><G85/><T125/><D125/><U40/><E86/><V68/><F68/><W87/><G87/><T103/><D103/><U6/><E40/><V132/><F132/><W105/><G105/><T36/><D36/><U8/><E8/><N who="2" m="6183" /><F33/><W113/><G113/><T92/><D92/><U75/><E75/><V110/><F110/><W43/><G41/><N who="0" m="24879" /><D46/><U11/><E11/><V102/><F67/><W19/><AGARI ba="2,0" hai="19,21,27,28,29,43,44,49,53,58,60,95,99,100" machi="19" ten="20,3900,0" yaku="0,1,7,1,8,1" doraHai="76" who="3" fromWho="3" sc="197,-15,172,-15,275,-15,356,45" /><INIT seed="3,3,0,5,5,78" ten="182,157,260,401" oya="3" hai0="31,44,83,99,15,126,91,87,36,96,39,116,61" hai1="76,85,90,41,1,40,104,8,92,65,108,70,59" hai2="111,88,53,17,135,105,100,101,55,11,118,86,3" hai3="35,50,51,124,89,19,7,74,34,63,54,29,121"/><W43/><G74/><T13/><D116/><U122/><E122/><V109/><F118/><W58/><G121/><T110/><D110/><N who="2" m="41994" /><F135/><W94/><G124/><T113/><D113/><U52/><E108/><V57/><F105/><W95/><G7/><T0/><D0/><U14/><E104/><V4/><F17/><W68/><G68/><T133/><D126/><U28/><E1/><V5/><F55/><W81/><G34/><T125/><D125/><U134/><E134/><V21/><F21/><W6/><G35/><T48/><D31/><U102/><E102/><V38/><F38/><W56/><G6/><N who="2" m="2665" /><F11/><W132/><G132/><T84/><D61/><U62/><E28/><V66/><F66/><N who="3" m="39271" /><G29/><T32/><D32/><U115/><E115/><V26/><F26/><W79/><G19/><T72/><D133/><U129/><E8/><V80/><F3/><W75/><G75/><T18/><D72/><U47/><E14/><V130/><F130/><W71/><G71/><T77/><D39/><U45/><E129/><V107/><F107/><W12/><G12/><T67/><D67/><U128/><E128/><V98/><F98/><N who="0" m="37418" /><D36/><U103/><E103/><V27/><F27/><W25/><G25/><T106/><D106/><U131/><E131/><V33/><F33/><W30/><G30/><T112/><D112/><U73/><E65/><V23/><F23/><W22/><G22/><T46/><D18/><U24/><E70/><V119/><F119/><W123/><G123/><T114/><D114/><U93/><E24/><V49/><AGARI ba="3,0" hai="49,53,57,80,86,88,100,101" m="2665,41994" machi="49" ten="30,4000,0" yaku="14,1,52,1,54,1" doraHai="78" who="2" fromWho="2" sc="182,-13,157,-13,260,49,401,-23" /><INIT seed="4,0,0,0,5,125" ten="169,144,309,378" oya="0" hai0="91,65,88,15,50,73,62,56,41,74,39,80,81" hai1="48,67,52,132,131,33,64,25,84,19,115,61,46" hai2="21,37,99,44,77,63,60,35,55,34,51,14,6" hai3="112,78,9,36,31,104,32,108,69,85,30,93,76"/><T110/><D39/><U100/><E132/><V11/><F77/><W134/><G104/><T23/><D110/><U133/><E133/><V12/><F37/><W27/><G36/><T90/><D74/><U10/><E100/><V28/><F99/><W38/><G38/><T97/><D73/><U24/><E115/><V5/><F34/><W47/><G112/><T119/><D97/><U57/><E33/><V54/><F35/><W3/><G134/><T130/><D130/><U75/><E75/><V22/><F28/><W26/><G69/><T95/><D95/><U17/><E67/><V118/><F118/><W20/><G108/><T120/><D120/><U42/><E42/><V86/><F86/><W122/><G122/><T13/><D119/><U4/><E131/><V83/><F83/><N who="0" m="31818" /><D23/><U43/><E84/><V16/><F54/><W45/><G3/><T71/><D71/><U103/><E103/><V8/><REACH who="2" step="1"/><F22/><REACH who="2" ten="169,144,299,378" step="2"/><W127/><G20/><T0/><D0/><AGARI ba="0,1" hai="0,5,6,8,11,12,14,16,21,44,51,55,60,63" machi="0" ten="30,8000,1" yaku="1,1,2,1,7,1,54,1,53,1" doraHai="125" doraHaiUra="40" who="2" fromWho="0" sc="169,-80,144,0,299,90,378,0" /><INIT seed="5,0,0,1,0,85" ten="89,144,389,378" oya="1" hai0="9,134,46,23,87,40,1,76,64,84,21,11,35" hai1="53,43,69,33,96,59,41,62,27,111,14,135,131" hai2="15,82,55,47,78,71,99,80,68,39,122,5,45" hai3="34,91,120,133,102,51,93,57,112,63,118,75,100"/><U90/><E111/><V38/><F122/><W3/><G120/><T66/><D35/><U60/><E131/><V101/><F68/><W7/><G75/><T42/><D134/><U24/><E135/><V19/><F71/><W95/><G34/><T124/><D124/><U81/><E69/><V106/><F5/><W18/><G133/><T16/><D1/><U54/><E33/><V70/><F70/><W89/><G118/><T17/><REACH who="0" step="1"/><D46/><REACH who="0" ten="79,144,389,378" step="2"/><U37/><E37/><V115/><F47/><W10/><G112/><T107/><D107/><U119/><E119/><V8/><F45/><W130/><G130/><T127/><D127/><U20/><E41/><V79/><F39/><W28/><G28/><T94/><D94/><N who="1" m="56407" /><E43/><V31/><F38/><W22/><G51/><T125/><D125/><U103/><E81/><V98/><F115/><W117/><G117/><T61/><D61/><U108/><E108/><V97/><F82/><W109/><G109/><T113/><D113/><U132/><E132/><V29/><F80/><W116/><G116/><T114/><D114/><U105/><E105/><V67/><F106/><W0/><G0/><T26/><D26/><N who="1" m="9771" /><E103/><V32/><F101/><W86/><G102/><T56/><D56/><N who="1" m="34831" /><E14/><V121/><F15/><W72/><G100/><T92/><D92/><U12/><E12/><V25/><F32/><W52/><G95/><T104/><D104/><U4/><E4/><V65/><F31/><W2/><G2/><T50/><D50/><U13/><E13/><V44/><F29/><W77/><G93/><T126/><D126/><U128/><E128/><RYUUKYOKU ba="0,1" sc="79,15,144,15,389,-15,378,-15" hai0="9,11,16,17,21,23,40,42,64,66,76,84,87" hai1="20,54,59,62" /><INIT seed="5,1,1,3,4,125" ten="94,159,374,363" oya="1" hai0="119,40,59,126,79,88,0,30,114,51,63,43,38" hai1="122,36,65,67,35,32,91,102,16,112,116,61,54" hai2="132,97,105,120,72,124,33,133,18,77,80,131,64" hai3="57,93,46,134,12,29,1,123,4,13,128,85,5"/><U99/><E122/><V94/><F33/><W34/><G123/><T107/><D119/><U25/><E116/><V92/><F120/><W69/><G69/><T19/><D126/><U129/><E36/><V58/><F64/><W31/><G134/><N who="2" m="51817" /><F124/><W27/><G46/><T78/><D0/><U11/><E112/><V98/><F58/><W113/><G57/><T56/><D107/><U9/><E129/><V81/><F80/><W117/><G85/><T135/><D38/><U55/><E102/><N who="2" m="60727" /><F18/><W89/><G89/><T130/><D114/><U71/><E71/><V3/><F3/><W50/><G93/><T22/><D30/><U60/><E91/><N who="2" m="55583" /><F105/><W121/><G31/><T49/><D135/><U70/><E99/><V76/><F77/><W100/><G1/><T14/><D63/><U39/><E70/><V127/><F127/><W109/><G34/><T111/><D111/><U108/><E39/><V28/><F28/><W115/><G29/><T42/><D59/><U48/><E16/><V84/><F72/><W95/><G109/><T37/><D37/><U17/><E17/><V83/><F83/><W53/><G121/><T20/><D56/><U2/><E2/><V44/><F44/><W75/><G117/><T21/><D19/><U52/><E108/><V10/><F10/><N who="1" m="3593" /><E48/><N who="0" m="18505" /><D14/><U90/><E90/><V23/><F23/><W82/><G75/><T86/><D78/><U104/><E104/><V6/><F6/><W74/><G74/><T24/><D79/><U66/><E32/><V118/><F118/><W45/><G4/><T87/><D24/><U62/><E25/><RYUUKYOKU ba="1,1" sc="94,-15,159,15,374,15,363,-15" hai1="35,52,54,55,60,61,62,65,66,67" hai2="76,81,84,131" /><INIT seed="5,2,1,3,2,24" ten="79,174,389,348" oya="1" hai0="14,94,53,113,80,48,92,130,27,52,6,44,30" hai1="77,95,20,49,41,23,7,28,84,73,35,26,102" hai2="107,2,29,40,68,70,13,0,12,10,60,78,134" hai3="31,106,65,100,1,120,119,62,71,17,117,125,112"/><U83/><E73/><V66/><F107/><W11/><G120/><T82/><D130/><U101/><E7/><V98/><F98/><N who="3" m="61719" /><G112/><T128/><D128/><U75/><E35/><V59/><F134/><W37/><G125/><T74/><D113/><U133/><E133/><V36/><F78/><W109/><G109/><T21/><D53/><U69/><E69/><V56/><F12/><W50/><G37/><T61/><D61/><U111/><E111/><V16/><F68/><W115/><G50/><T64/><D64/><U38/><E38/><V87/><F87/><W123/><G123/><T67/><D67/><U114/><E114/><V19/><F19/><W121/><G121/><T18/><D6/><U116/><E116/><N who="3" m="44618" /><G115/><T55/><D55/><U39/><E39/><V99/><F40/><W79/><G79/><T3/><D3/><U126/><E126/><V96/><F36/><W108/><G108/><T42/><D42/><U104/><E104/><V51/><F2/><W46/><G46/><T85/><D74/><U76/><E20/><V122/><F0/><W57/><G1/><T4/><D4/><U33/><E33/><V132/><F132/><W110/><G110/><T103/><D103/><U8/><E8/><V47/><F122/><W15/><G71/><T105/><D105/><U63/><E63/><N who="2" m="38247" /><F70/><W90/><G90/><N who="0" m="51495" /><D82/><N who="1" m="45343" /><E95/><V22/><F51/><W5/><G5/><T88/><D88/><U45/><E77/><V34/><F47/><W86/><G86/><T129/><D129/><U91/><E91/><V89/><F34/><W81/><G81/><T118/><D118/><RYUUKYOKU ba="2,1" sc="79,10,174,10,389,-30,348,10" hai0="14,18,21,27,30,44,48,52,92,94" hai1="23,26,28,41,45,49,83,84,101,102" hai3="11,15,17,31,57,62,65" /><INIT seed="5,3,1,4,1,93" ten="89,184,359,358" oya="1" hai0="96,73,75,126,107,4,84,90,55,92,33,130,44" hai1="45,24,120,79,3,57,18,34,65,47,105,17,52" hai2="53,43,118,6,134,125,66,112,15,64,82,21,127" hai3="71,103,115,48,87,108,111,99,46,94,69,110,97"/><U91/><E120/><V39/><F118/><W81/><G115/><T102/><D33/><U35/><E105/><V63/><F112/><W123/><G123/><T129/><D4/><U78/><E3/><V38/><F134/><W124/><G124/><N who="2" m="47689" /><F82/><W86/><G99/><N who="0" m="61919" /><D55/><U58/><E65/><N who="2" m="25195" /><F43/><W13/><G13/><T22/><D44/><U54/><E91/><V0/><F0/><W80/><G80/><N who="0" m="49415" /><D22/><U76/><E79/><V106/><F106/><W23/><G87/><T36/><D36/><U5/><REACH who="1" step="1"/><E24/><REACH who="1" ten="89,174,359,358" step="2"/><V8/><F15/><W133/><G133/><T131/><D126/><U109/><E109/><V11/><F38/><W101/><G111/><T56/><D56/><U74/><E74/><V51/><F39/><W98/><G110/><T28/><D28/><U100/><E100/><AGARI ba="3,2" hai="73,75,92,96,100,129,130,131" m="49415,61919" machi="100" ten="30,8000,1" yaku="19,1,34,2,52,2" doraHai="93" who="0" fromWho="1" sc="89,109,174,-89,359,0,358,0" /><INIT seed="6,0,0,3,4,57" ten="198,85,359,358" oya="2" hai0="41,34,87,121,64,43,111,96,95,79,81,32,37" hai1="116,56,5,7,105,0,112,89,47,88,21,18,124" hai2="60,122,2,53,48,68,12,102,92,11,75,49,4" hai3="77,118,131,83,107,71,94,103,44,26,104,29,91"/><V6/><F122/><W23/><G118/><T46/><D121/><U51/><E105/><V54/><F68/><W33/><G131/><T130/><D130/><U9/><E116/><V84/><F75/><W127/><G127/><T27/><D111/><U14/><E124/><V3/><F2/><W90/><G71/><T52/><D43/><U93/><E112/><V133/><F3/><W8/><G107/><T74/><D64/><U82/><E82/><V123/><F123/><W65/><G65/><T128/><D128/><U10/><E56/><N who="2" m="34839" /><F133/><W100/><G104/><T17/><D52/><U80/><E80/><V115/><F115/><W50/><G33/><T119/><D119/><U73/><E73/><V42/><F42/><W78/><G8/><T36/><D36/><U135/><E135/><V76/><F48/><W86/><G78/><T70/><D70/><U101/><E101/><N who="3" m="38986" /><G94/><T126/><D74/><U19/><E19/><N who="2" m="8607" /><F102/><W99/><G99/><T24/><D96/><U108/><E108/><V97/><F97/><W30/><G29/><T28/><D126/><U22/><E22/><V69/><F69/><W129/><G129/><T39/><D39/><U67/><E67/><V61/><F61/><W132/><G132/><T38/><D38/><U15/><REACH who="1" step="1"/><E93/><REACH who="1" ten="198,75,359,358" step="2"/><V106/><F106/><W20/><G23/><T1/><D95/><U25/><E25/><V125/><F125/><W134/><G134/><T63/><D34/><U109/><E109/><V66/><F66/><W85/><G85/><T13/><D32/><U40/><AGARI ba="0,1" hai="0,5,7,9,10,14,15,18,21,40,47,51,88,89" machi="40" ten="20,5200,0" yaku="1,1,0,1,7,1,54,1,53,0" doraHai="57" doraHaiUra="120" who="1" fromWho="1" sc="198,-13,75,62,359,-26,358,-13" /><INIT seed="7,0,0,5,4,35" ten="185,137,333,345" oya="3" hai0="116,52,42,98,53,63,110,130,76,127,92,43,106" hai1="56,61,37,100,48,14,29,113,134,38,1,32,96" hai2="101,5,71,21,10,121,6,66,102,22,4,128,46" hai3="70,111,85,117,81,74,75,125,107,39,47,65,72"/><W33/><G85/><T25/><D110/><U120/><E1/><V30/><F128/><W99/><G117/><T95/><D116/><U64/><E120/><V68/><F121/><W109/><G125/><T8/><D106/><U12/><E113/><V57/><F46/><W133/><G133/><T79/><D130/><U89/><E134/><V135/><F135/><W129/><G129/><T49/><D25/><U73/><E73/><V103/><F68/><W24/><G65/><T69/><D8/><U86/><E29/><V60/><F71/><W45/><G70/><T123/><D123/><U104/><E32/><V20/><REACH who="2" step="1"/><F30/><REACH who="2" ten="185,137,323,345" step="2"/><N who="3" m="19655" /><G81/><T78/><D69/><U44/><E37/><V2/><AGARI ba="0,1" hai="2,4,5,6,10,20,21,22,57,60,66,101,102,103" machi="2" ten="30,7900,0" yaku="1,1,0,1,52,1,53,1" doraHai="35" doraHaiUra="58" who="2" fromWho="2" sc="185,-20,137,-20,323,89,345,-39" owari="165,-23.0,117,-38.0,412,50.0,306,11.0" /></mjloggm>