<mjloggm ver="2.3"><GO type="41" lobby="0"/><UN n0="%E5%B0%B1%E6%B4%BB%E7%94%9F%40%E5%B7%9D%E6%9D%91%E8%BB%8D%E5%9B%A3" n1="%6D%61%65%44" n2="%E3%82%BC%E3%83%AD%E3%82%BC%E3%83%AD" n3="%6A%61%73%6D%69%6E%65%33" dan="15,14,14,14" rate="2005.57,1964.02,1929.15,2057.79" sx="M,M,M,M"/><TAIKYOKU oya="0"/><INIT seed="0,0,0,3,4,118" ten="250,250,250,250" oya="0" hai0="102,100,99,80,14,51,83,124,60,119,37,41,57" hai1="29,86,61,95,76,121,90,110,92,43,25,15,28" hai2="3,62,0,85,75,93,18,64,127,67,26,69,89" hai3="66,132,22,52,30,81,65,125,130,13,55,91,108"/><T33/><D119/><U72/><E43/><V59/><F75/><W117/><G117/><T74/><D37/><U11/><E110/><V77/><F127/><W38/><G38/><T135/><D135/><U101/><E72/><V123/><F123/><W71/><G108/><T133/><D124/><U111/><E76/><V53/><F77/><W58/><G130/><T16/><D133/><U131/><E29/><V36/><F36/><W7/><G125/><T56/><D33/><U116/><E131/><V113/><F113/><W4/><G71/><T39/><D39/><U68/><E61/><V98/><F85/><N who="3" m="50607" /><G55/><N who="0" m="31871" /><D74/><U1/><E1/><N who="2" m="587" /><F69/><W12/><G12/><T112/><D41/><U94/><E68/><V8/><F8/><N who="3" m="4231" /><G7/><T63/><D63/><U17/><E116/><V105/><F105/><W73/><G73/><T103/><D99/><U46/><E46/><V5/><F5/><W78/><G78/><T122/><D122/><U88/><E121/><V31/><F31/><W97/><G97/><T107/><D107/><U40/><E40/><V129/><F129/><W45/><G45/><T24/><D24/><U54/><E54/><V48/><F48/><N who="3" m="30983" /><G132/><T128/><D128/><U32/><E111/><V109/><F109/><W47/><G47/><T2/><D2/><U20/><E32/><V87/><F87/><W6/><G6/><T35/><D35/><U126/><E126/><V96/><F96/><W19/><G30/><T21/><D112/><U34/><E34/><V84/><F84/><W104/><G104/><T70/><D70/><U82/><E101/><N who="0" m="25857" /><T134/><DORA hai="10" /><D134/><RYUUKYOKU ba="0,0" sc="250,0,250,0,250,0,250,0" hai0="14,16,21,57,60,80,83" hai1="11,15,17,20,25,28,82,86,88,90,92,94,95" hai2="18,26,53,59,62,64,67,89,93,98" hai3="19,22,65,66" /><INIT seed="0,1,0,5,4,102" ten="250,250,250,250" oya="0" hai0="40,63,107,2,76,65,123,66,33,122,57,72,75" hai1="88,0,18,3,31,52,35,77,46,81,9,119,83" hai2="34,8,53,26,106,121,60,99,120,108,113,111,58" hai3="62,101,115,17,124,87,15,30,48,85,114,93,24"/><T36/><D33/><U73/><E119/><V134/><F113/><W91/><G124/><T50/><D2/><U92/><E35/><V43/><F43/><W5/><G5/><T135/><D135/><U39/><E31/><N who="2" m="19831" /><F8/><W4/><G4/><T112/><D112/><U71/><E71/><V10/><F10/><W27/><G101/><T29/><D29/><U54/><E39/><V14/><F14/><W55/><G62/><T98/><D76/><U130/><E130/><V1/><F1/><W25/><G85/><T84/><D84/><U23/><E9/><V125/><F134/><W128/><G128/><T21/><D21/><U131/><E83/><V116/><F125/><W44/><G30/><T49/><D40/><U79/><E79/><V7/><F7/><W41/><G41/><T104/><D63/><U59/><E46/><V118/><F121/><W64/><G64/><T82/><D82/><U127/><E131/><V96/><F120/><W80/><REACH who="3" step="1"/><G93/><REACH who="3" ten="250,250,250,240" step="2"/><T45/><D36/><U109/><E127/><V110/><F99/><W42/><G42/><T117/><D98/><U94/><E94/><V89/><F89/><W97/><G97/><T56/><REACH who="0" step="1"/><D117/><REACH who="0" ten="240,250,250,240" step="2"/><N who="2" m="45162" /><F96/><W11/><AGARI ba="1,2" hai="11,15,17,24,25,27,44,48,55,80,87,91,114,115" machi="11" ten="30,8000,1" yaku="1,1,0,1,25,2,53,1" doraHai="102" doraHaiUra="51" who="3" fromWho="3" sc="240,-41,250,-21,250,-21,240,103" /><INIT seed="1,0,0,1,5,86" ten="199,229,229,343" oya="1" hai0="129,41,18,94,98,130,75,68,25,2,47,44,108" hai1="133,51,118,110,36,57,117,81,55,100,72,124,31" hai2="91,30,26,45,23,131,3,32,101,39,50,40,59" hai3="62,79,113,121,73,122,97,63,52,21,95,116,13"/><U80/><E36/><V125/><F131/><N who="0" m="50186" /><D75/><U69/><E69/><V134/><F125/><W27/><G113/><T93/><D2/><U17/><E100/><V67/><F134/><W70/><G116/><T105/><D68/><U0/><E0/><V76/><F3/><W8/><G70/><T126/><D126/><U43/><E43/><V42/><F101/><W34/><G34/><T74/><D74/><U106/><E124/><V109/><F109/><W5/><G79/><T19/><D108/><U120/><E31/><V49/><F76/><W111/><G73/><T46/><D41/><U82/><E72/><V71/><F32/><W11/><G11/><T87/><D25/><U123/><E106/><V33/><F33/><W56/><G62/><T112/><D112/><U4/><E4/><V92/><F40/><W107/><G107/><T114/><D114/><U38/><E38/><V12/><F12/><W16/><REACH who="3" step="1"/><G111/><REACH who="3" ten="199,229,229,333" step="2"/><T77/><D105/><U60/><E110/><V7/><F71/><W135/><G135/><T29/><D29/><U90/><E133/><V53/><F67/><W37/><G37/><T102/><D77/><U1/><E60/><V64/><F64/><W66/><G66/><T85/><D85/><U14/><E118/><V65/><F65/><W103/><AGARI ba="0,1" hai="5,8,13,16,21,27,52,56,63,95,97,103,121,122" machi="103" ten="20,8000,1" yaku="1,1,0,1,7,1,54,2,53,0" doraHai="86" doraHaiUra="104" who="3" fromWho="3" sc="199,-20,229,-40,229,-20,333,90" /><INIT seed="2,0,0,0,5,83" ten="179,189,209,423" oya="2" hai0="49,15,113,107,127,33,116,124,10,135,27,59,26" hai1="80,122,6,77,128,62,12,43,126,70,84,85,129" hai2="7,17,3,106,46,76,78,90,69,50,31,114,0" hai3="82,68,41,71,125,87,5,35,91,60,120,13,22"/><V134/><F114/><W119/><G35/><T112/><D107/><U94/><E43/><V97/><F69/><W47/><G120/><T18/><D49/><U2/><E2/><V4/><F134/><W34/><G34/><T95/><D95/><U105/><E70/><V44/><F31/><W115/><G115/><N who="0" m="44107" /><D59/><U58/><E105/><V67/><F67/><W79/><G60/><T117/><D135/><U56/><E122/><V133/><F133/><W64/><G64/><T72/><D72/><U23/><E126/><N who="0" m="48169" /><D33/><U1/><E1/><V89/><F106/><W42/><G41/><T109/><D109/><U40/><E40/><V81/><F50/><W103/><G42/><T98/><D98/><U52/><E58/><V51/><F51/><W118/><G47/><T74/><D74/><U130/><E6/><V55/><F97/><W14/><G71/><T131/><D131/><U37/><E37/><V48/><F48/><W102/><G68/><T110/><D110/><U45/><E45/><V99/><F99/><W11/><G103/><T96/><D96/><U16/><E94/><V121/><F121/><W20/><G102/><T86/><D86/><AGARI ba="0,0" hai="12,16,23,52,56,62,77,80,84,85,86,128,129,130" machi="86" ten="40,12000,2" yaku="19,1,52,3,54,2" doraHai="83" who="1" fromWho="0" sc="179,-120,189,120,209,0,423,0" /><INIT seed="3,0,0,5,4,133" ten="59,309,209,423" oya="3" hai0="109,24,48,62,40,126,74,6,91,135,79,68,86" hai1="131,130,16,53,23,29,99,121,123,64,67,98,83" hai2="73,7,132,80,114,111,32,35,31,129,18,1,33" hai3="25,20,17,127,75,45,41,65,13,58,92,8,43"/><W89/><G127/><T42/><D135/><U125/><E29/><V102/><F132/><W85/><G75/><T59/><D109/><U27/><E83/><V106/><F111/><W77/><G77/><T96/><D68/><U115/><E53/><V44/><F129/><N who="1" m="49161" /><E115/><V15/><F114/><W0/><G0/><T63/><D74/><U22/><E22/><V39/><F102/><W117/><G117/><T36/><D36/><U110/><E110/><V4/><F106/><W90/><G45/><T93/><D126/><U14/><E14/><V134/><F134/><W60/><REACH who="3" step="1"/><G89/><REACH who="3" ten="59,309,209,413" step="2"/><T119/><D119/><U55/><E125/><V49/><F1/><W95/><G95/><T11/><D79/><U34/><E123/><V97/><F73/><W88/><G88/><T57/><D86/><U101/><E121/><V54/><F80/><W124/><G124/><T128/><D128/><U66/><E99/><V87/><F87/><W26/><G26/><T51/><D24/><U113/><E113/><V50/><F97/><W82/><G82/><T103/><D103/><U28/><E98/><V12/><F44/><W104/><G104/><T84/><D84/><U72/><E101/><V116/><F116/><W37/><G37/><T108/><D108/><U122/><E72/><V120/><F39/><W76/><G76/><T10/><D91/><U105/><E105/><V78/><F78/><W56/><G56/><T70/><D96/><U69/><E122/><V94/><F94/><W3/><G3/><T9/><D93/><U118/><E118/><V30/><F120/><W100/><G100/><RYUUKYOKU ba="0,1" sc="59,-10,309,-10,209,-10,413,30" hai3="8,13,17,20,25,41,43,58,60,65,85,90,92" /><INIT seed="3,1,1,1,5,107" ten="49,299,199,443" oya="3" hai0="77,51,8,34,28,0,95,6,110,131,117,39,94" hai1="30,53,114,108,46,74,37,105,19,76,29,83,65" hai2="15,125,64,129,111,69,115,101,126,73,93,116,13" hai3="38,98,16,4,80,135,86,58,44,128,91,66,100"/><W54/><G4/><T42/><D110/><U82/><E114/><V113/><F116/><W123/><G123/><T49/><D131/><U92/><E105/><V72/><F111/><W106/><G128/><T11/><D117/><U56/><E65/><V3/><F3/><W5/><G5/><T89/><D95/><U75/><E92/><V87/><F129/><W102/><G102/><T2/><D2/><U130/><E130/><V55/><F55/><W85/><G66/><T9/><D9/><U84/><E108/><V109/><F109/><W99/><G99/><T33/><D11/><U7/><E7/><V97/><F69/><W50/><G85/><T121/><D121/><U79/><E84/><V134/><F64/><W81/><G81/><T70/><D70/><U35/><E35/><V27/><F27/><W118/><G118/><T26/><D34/><U12/><E46/><V103/><F134/><W124/><G135/><T45/><REACH who="0" step="1"/><D77/><REACH who="0" ten="39,299,199,443" step="2"/><U132/><E132/><V90/><F115/><W71/><G71/><T23/><D23/><U133/><E133/><V68/><F68/><W40/><G124/><N who="2" m="47721" /><F113/><W127/><G127/><T112/><D112/><U62/><E37/><V41/><F103/><W78/><G78/><T18/><D18/><U22/><AGARI ba="1,2" hai="12,19,22,29,30,53,56,62,74,75,76,79,82,83" machi="22" ten="20,8000,1" yaku="0,1,7,1,9,1,52,2" doraHai="107" who="1" fromWho="1" sc="39,-21,299,103,199,-21,443,-41" /><INIT seed="4,0,0,1,2,5" ten="18,402,178,402" oya="0" hai0="108,131,70,123,51,0,69,23,100,58,36,8,4" hai1="93,99,11,89,119,50,54,10,95,113,63,77,104" hai2="74,114,22,112,3,124,26,66,98,47,31,9,19" hai3="55,61,59,39,21,130,133,48,129,105,82,27,29"/><T117/><D123/><U86/><E104/><V92/><F74/><W25/><G105/><T84/><D117/><U88/><E119/><V44/><F124/><W62/><G39/><T126/><D36/><U33/><E33/><V17/><F66/><W28/><G82/><T127/><D131/><N who="3" m="50185" /><G133/><T43/><D108/><U2/><E2/><V49/><F47/><W78/><G78/><T91/><D100/><U65/><E77/><V128/><F128/><W46/><G46/><N who="0" m="26079" /><D23/><AGARI ba="0,0" hai="21,23,25,27,28,29,48,55,59,61,62" m="50185" machi="23" ten="30,1000,0" yaku="19,1" doraHai="5" who="3" fromWho="0" sc="18,-10,402,0,178,0,402,10" /><INIT seed="5,0,0,3,4,98" ten="8,402,178,412" oya="1" hai0="110,83,16,85,58,51,115,72,102,116,18,13,20" hai1="0,60,104,62,114,130,117,39,6,5,77,23,30" hai2="56,61,80,71,42,131,111,109,127,17,35,124,103" hai3="128,49,48,94,81,15,10,96,9,38,4,32,78"/><U43/><E117/><V12/><F35/><W74/><G32/><T50/><D110/><U28/><E77/><V90/><F131/><W31/><G31/><T93/><D115/><U112/><E104/><V36/><F71/><W70/><G38/><T129/><D116/><U14/><E43/><V75/><F36/><W134/><G70/><T29/><D129/><U92/><E39/><V105/><F42/><W69/><G69/><T82/><D29/><U84/><E84/><V121/><F121/><W3/><G128/><T53/><D18/><U54/><E54/><V27/><F27/><W55/><G55/><T52/><D72/><U22/><E92/><V123/><F123/><W86/><G74/><T41/><D41/><U2/><E130/><V44/><F44/><W73/><G73/><T87/><D87/><U91/><E14/><V26/><F26/><W66/><G66/><T95/><D95/><U45/><E45/><V100/><F105/><W125/><G125/><N who="2" m="48201" /><F90/><AGARI ba="0,0" hai="0,2,5,6,22,23,28,30,60,62,90,91,112,114" machi="90" ten="25,2400,0" yaku="22,2" doraHai="98" who="1" fromWho="2" sc="8,0,402,24,178,-24,412,0" /><INIT seed="5,1,0,1,1,107" ten="8,426,154,412" oya="1" hai0="117,104,13,3,62,27,97,134,119,112,5,56,113" hai1="42,86,67,126,34,79,105,73,15,22,17,32,122" hai2="132,103,90,26,110,84,111,33,7,6,133,82,58" hai3="52,89,45,78,127,85,66,61,108,75,59,44,35"/><U24/><E105/><V10/><F103/><W41/><G108/><T38/><D104/><U118/><E118/><N who="0" m="45065" /><D97/><U125/><E122/><V29/><F58/><W2/><G2/><T76/><D76/><U92/><E67/><V39/><F39/><W23/><G35/><T98/><D98/><U83/><E42/><V64/><F64/><W70/><G127/><N who="1" m="48650" /><E92/><V116/><F116/><W106/><G106/><T28/><D38/><U102/><E102/><V77/><F90/><W8/><G8/><N who="0" m="2111" /><D56/><U121/><E121/><V63/><F63/><W71/><G23/><N who="0" m="15487" /><D62/><U129/><E129/><V74/><F84/><W115/><G115/><N who="0" m="44107" /><D13/><U80/><E15/><V100/><F100/><W40/><G70/><T81/><D81/><U114/><E114/><V31/><F31/><W88/><G41/><T128/><D128/><U124/><E124/><V123/><F123/><W95/><G89/><AGARI ba="1,0" hai="17,22,24,32,34,73,79,80,83,86,89" m="48650" machi="89" ten="30,2900,0" yaku="18,1,52,1" doraHai="107" who="1" fromWho="3" sc="8,0,426,32,154,0,412,-32" /><INIT seed="5,2,0,3,4,36" ten="8,458,154,380" oya="1" hai0="62,25,132,61,109,14,10,93,55,102,51,59,7" hai1="47,74,37,56,112,124,83,67,120,111,30,69,99" hai2="28,50,38,18,39,130,129,94,123,126,40,15,53" hai3="118,117,134,64,79,127,103,12,48,114,105,71,11"/><U106/><E120/><V2/><F2/><W100/><G79/><T54/><D132/><U35/><E56/><V72/><F123/><W13/><G134/><T101/><D109/><U125/><E111/><V116/><F116/><N who="3" m="44651" /><G127/><N who="1" m="48714" /><E112/><V52/><F126/><W66/><G114/><T98/><D25/><N who="1" m="18895" /><E83/><V43/><F72/><W44/><G13/><T86/><D86/><U81/><E81/><V84/><F28/><W128/><G128/><N who="2" m="49257" /><F94/><W9/><G9/><T135/><D135/><U4/><E4/><V85/><F53/><N who="3" m="29831" /><G105/><T16/><D7/><U96/><E74/><V5/><F5/><N who="3" m="3183" /><G71/><T23/><D10/><U90/><E90/><V92/><F85/><W26/><G26/><T27/><D27/><U133/><E133/><V73/><F73/><W60/><G60/><T82/><D82/><U113/><E113/><V46/><F92/><W121/><G121/><T87/><D87/><U0/><E0/><V33/><F84/><W91/><G91/><T42/><D102/><U89/><E89/><V21/><F33/><W34/><G34/><T45/><D61/><N who="1" m="40175" /><E106/><V49/><F49/><W70/><G70/><T8/><D8/><U78/><E78/><V22/><F22/><W29/><G29/><T104/><D104/><U41/><AGARI ba="2,0" hai="37,41,47,96,99" m="40175,18895,48714" machi="41" ten="30,3000,0" yaku="18,1,52,1" doraHai="36" who="1" fromWho="1" sc="8,-12,458,36,154,-12,380,-12" owari="-4,-50.0,494,59.0,142,-26.0,368,17.0" /></mjloggm>