<mjloggm ver="2.3"><GO type="169" lobby="0"/><UN n0="%E6%A3%AE%E5%AE%AE%E8%92%BC%E4%B9%83" n1="%E3%83%94%E3%82%AB%E5%90%BE%E9%83%8E" n2="%E5%86%A5%E5%9C%9F%E3%81%AE%E3%83%AF%E3%83%8B%E8%94%B5" n3="%E5%B0%B1%E6%B4%BB%E7%94%9F%40%E5%B7%9D%E6%9D%91%E8%BB%8D%E5%9B%A3" dan="16,16,18,16" rate="2088.88,2092.05,2241.77,2040.93" sx="M,M,M,M"/><TAIKYOKU oya="0"/><INIT seed="0,0,0,1,5,106" ten="250,250,250,250" oya="0" hai0="29,95,47,4,82,20,21,68,39,131,38,79,134" hai1="62,135,72,0,113,35,127,100,5,15,120,80,13" hai2="107,112,61,54,98,114,102,109,116,42,50,3,31" hai3="115,52,130,133,123,49,8,105,63,9,110,56,118"/><T34/><D34/><U74/><E35/><V16/><F3/><W65/><G118/><T7/><D68/><U91/><E120/><V111/><F116/><W59/><G115/><T125/><D125/><U67/><E113/><V81/><F31/><W126/><G105/><T23/><D29/><U70/><E100/><V121/><F121/><W71/><G123/><T41/><D39/><U85/><E127/><V90/><F42/><W89/><G126/><T33/><D33/><U25/><E25/><V28/><F61/><W83/><G110/><N who="2" m="41993" /><F28/><W76/><G130/><T119/><D119/><U117/><E117/><V101/><F101/><W57/><G133/><T99/><D131/><U64/><E64/><V129/><F129/><W30/><G89/><T44/><D44/><U53/><E53/><V97/><F97/><W36/><G36/><T58/><D58/><U40/><E40/><V32/><F16/><W60/><G30/><T77/><D134/><U78/><E135/><V93/><F81/><W19/><G19/><T128/><D128/><U108/><E108/><V103/><F32/><W75/><REACH who="3" step="1"/><G71/><REACH who="3" ten="250,250,250,240" step="2"/><T73/><REACH who="0" step="1"/><D77/><REACH who="0" ten="240,250,250,240" step="2"/><U43/><E78/><V14/><F112/><W10/><G10/><T96/><D96/><U124/><E124/><V11/><F114/><W51/><G51/><T22/><N who="0" m="5120" /><DORA hai="17" /><T84/><D84/><U69/><E69/><V48/><F48/><W92/><G92/><T26/><D26/><U122/><E122/><V104/><F104/><W2/><G2/><T94/><D94/><U86/><E70/><V1/><F107/><W27/><G27/><RYUUKYOKU ba="0,2" sc="240,15,250,-15,250,-15,240,15" hai0="4,7,38,41,47,73,79,82,95,99" hai3="8,9,49,52,56,57,59,60,63,65,75,76,83" /><INIT seed="0,1,2,0,0,134" ten="255,235,235,255" oya="0" hai0="100,85,73,81,105,37,39,35,15,78,17,118,20" hai1="29,119,51,125,76,80,89,36,132,56,104,117,66" hai2="13,77,27,79,111,61,49,71,91,16,14,113,112" hai3="123,46,86,3,121,1,5,110,41,47,42,129,74"/><T40/><D35/><U23/><E36/><V9/><F111/><W98/><G74/><T116/><D73/><U107/><E89/><V52/><F27/><W10/><G110/><T67/><D67/><U114/><E132/><V102/><F102/><W128/><G98/><T101/><D100/><U88/><E88/><V124/><F124/><W90/><G90/><T126/><D126/><U7/><E7/><V58/><F112/><W75/><G75/><T18/><D40/><N who="3" m="15465" /><G86/><T22/><D39/><U120/><E125/><V127/><F127/><W48/><G48/><T45/><D45/><N who="3" m="16905" /><G1/><T83/><D37/><U38/><E38/><V92/><F113/><W0/><G3/><T133/><D133/><U25/><E114/><V97/><REACH who="2" step="1"/><F14/><REACH who="2" ten="255,235,225,255" step="2"/><W11/><G11/><T31/><D101/><U33/><E107/><V30/><F30/><W43/><G43/><T32/><D105/><U109/><E104/><V131/><F131/><AGARI ba="1,3" hai="0,5,10,121,123,128,129,131" m="16905,15465" machi="131" ten="30,1000,0" yaku="19,1" doraHai="134" who="3" fromWho="2" sc="255,0,235,0,225,-13,255,43" /><INIT seed="1,0,0,1,4,134" ten="255,235,212,298" oya="1" hai0="94,133,76,4,124,3,17,5,41,56,99,70,43" hai1="71,50,31,35,66,69,74,112,91,96,25,1,26" hai2="57,40,122,6,102,95,117,98,30,16,59,33,21" hai3="19,81,53,13,27,12,78,9,79,54,120,115,20"/><U51/><E74/><V58/><F122/><W11/><G120/><T121/><D121/><U129/><E1/><V86/><F117/><W2/><G115/><T49/><D70/><U23/><E112/><V62/><F40/><W82/><G2/><T110/><D110/><U88/><E129/><V38/><F38/><W118/><G118/><T131/><D131/><U77/><E77/><V73/><F73/><W113/><G113/><T103/><D133/><U108/><E108/><V0/><F33/><W101/><G101/><T52/><D76/><U42/><E42/><V119/><F119/><W100/><G100/><T90/><D124/><U15/><E15/><V34/><F34/><W83/><G78/><T45/><D43/><U87/><E96/><V116/><F30/><W92/><G92/><T84/><D17/><U128/><E91/><V123/><F123/><W68/><G68/><T135/><D3/><U127/><E71/><V28/><F28/><W72/><G72/><T111/><D111/><U44/><E128/><V126/><F126/><W130/><G79/><T97/><D135/><U89/><E89/><N who="2" m="53687" /><F6/><N who="0" m="2666" /><D103/><U46/><E127/><V47/><F0/><W80/><G130/><T8/><D8/><U125/><E125/><V55/><F116/><W39/><G39/><T65/><D65/><U18/><E66/><V48/><F62/><AGARI ba="0,0" hai="41,45,49,52,56,62,84,90,94,97,99" m="2666" machi="62" ten="30,2000,0" yaku="8,1,54,1" doraHai="134" who="0" fromWho="2" sc="255,20,235,0,212,-20,298,0" /><INIT seed="2,0,0,2,0,133" ten="275,235,192,298" oya="2" hai0="9,2,4,108,87,6,97,130,32,40,79,129,125" hai1="47,119,42,100,83,45,106,13,33,65,70,25,111" hai2="23,43,62,48,120,112,92,16,52,84,21,19,81" hai3="68,44,71,24,69,0,95,82,113,31,107,63,104"/><V7/><F120/><W76/><G0/><T80/><D108/><U57/><E57/><V46/><F112/><W34/><G113/><T35/><D125/><U54/><E54/><V12/><F92/><W50/><G95/><T128/><D6/><U93/><E93/><V15/><F7/><W28/><G63/><T132/><D132/><U99/><E111/><V66/><F43/><W134/><G134/><T94/><REACH who="0" step="1"/><D40/><REACH who="0" ten="265,235,192,298" step="2"/><U90/><E42/><V103/><F103/><AGARI ba="0,1" hai="2,4,9,32,35,79,80,87,94,97,103,128,129,130" machi="103" ten="40,5200,0" yaku="1,1,2,1,19,1,53,0" doraHai="133" doraHaiUra="116" who="0" fromWho="2" sc="265,62,235,0,192,-52,298,0" /><INIT seed="3,0,0,2,0,82" ten="327,235,140,298" oya="3" hai0="79,2,6,30,118,101,115,88,135,96,56,51,16" hai1="119,77,127,52,38,13,59,23,99,117,20,70,53" hai2="124,76,80,69,67,45,110,87,9,24,47,133,35" hai3="60,25,41,84,64,126,116,106,5,120,31,0,89"/><W17/><G106/><T78/><D118/><N who="1" m="45067" /><E70/><V7/><F110/><W42/><G120/><T3/><D3/><U61/><E38/><V123/><F123/><W40/><G126/><T129/><D129/><U46/><E127/><V28/><F133/><W105/><G105/><T85/><D135/><U15/><E99/><V74/><F124/><W109/><G109/><T71/><D71/><U128/><E77/><V55/><F74/><W32/><G116/><T130/><D130/><U86/><E86/><V134/><F134/><W111/><G111/><T50/><D30/><U63/><E128/><V102/><F102/><W36/><G36/><T48/><D56/><N who="1" m="34951" /><E46/><V54/><F47/><W19/><G5/><T44/><D44/><U4/><E4/><V92/><F92/><W73/><G0/><T95/><D115/><U68/><E68/><V37/><F67/><W90/><G90/><T57/><D57/><U83/><E83/><V12/><REACH who="2" step="1"/><F69/><REACH who="2" ten="327,235,130,298" step="2"/><W43/><G73/><T108/><D108/><U33/><E33/><V62/><F62/><W58/><N who="3" m="10752" /><DORA hai="97" /><W121/><REACH who="3" step="1"/><G121/><REACH who="3" ten="327,235,130,288" step="2"/><T113/><D113/><U1/><E63/><V75/><F75/><W100/><G100/><T114/><D114/><U93/><E1/><V21/><F21/><W29/><G29/><T14/><D2/><U132/><E132/><V66/><F66/><W65/><G65/><T11/><REACH who="0" step="1"/><D6/><REACH who="0" ten="317,235,130,288" step="2"/><U112/><E112/><V26/><F26/><W72/><G72/><T131/><D131/><U39/><E39/><V49/><F49/><W103/><G103/><T107/><AGARI ba="0,3" hai="11,14,16,48,50,51,78,79,85,88,95,96,101,107" machi="107" ten="30,12000,2" yaku="1,1,0,1,52,2,54,2,53,1" doraHai="82,97" doraHaiUra="22,98" who="0" fromWho="0" sc="317,150,235,-30,130,-30,288,-60" /><INIT seed="4,0,0,4,5,74" ten="467,205,100,228" oya="0" hai0="134,8,3,80,99,26,133,69,18,6,66,88,105" hai1="34,56,102,87,129,62,92,22,81,57,75,90,86" hai2="47,21,16,23,132,85,49,101,103,67,135,82,4" hai3="27,98,115,106,65,79,76,53,128,96,0,1,52"/><T131/><D131/><U113/><E34/><V117/><F117/><W33/><G65/><T30/><D18/><U94/><E75/><V121/><F121/><W59/><G115/><T19/><D19/><U2/><E2/><V41/><F67/><W119/><G119/><T54/><D54/><U111/><E111/><V73/><F73/><W13/><G128/><T120/><D120/><U5/><E5/><V123/><F23/><W12/><G59/><T77/><D66/><U36/><E36/><V14/><F123/><W37/><G27/><T63/><D63/><U20/><E129/><V91/><REACH who="2" step="1"/><F4/><REACH who="2" ten="467,205,90,228" step="2"/><W72/><G72/><T107/><D6/><U84/><E113/><V104/><F104/><W29/><G106/><T55/><D105/><U64/><E22/><V32/><F32/><W39/><G29/><T118/><D107/><U97/><E20/><V60/><F60/><W110/><G33/><T122/><D30/><U100/><E62/><V127/><F127/><W61/><G61/><T24/><D118/><U11/><E64/><V71/><F71/><W95/><G110/><T35/><D69/><U46/><E11/><V9/><F9/><W83/><G95/><T112/><D8/><U15/><E94/><V25/><F25/><W44/><G44/><T50/><D24/><U31/><E46/><V17/><F17/><W48/><G83/><T58/><D26/><U51/><E31/><V108/><F108/><W10/><G10/><T126/><D35/><U116/><E116/><V78/><F78/><W109/><G109/><T42/><D122/><U40/><E81/><RYUUKYOKU ba="0,1" sc="467,-15,205,-15,90,15,228,15" hai2="14,16,21,41,47,49,82,85,91,101,103,132,135" hai3="0,1,12,13,37,39,48,52,53,76,79,96,98" /><INIT seed="5,1,1,2,1,52" ten="452,190,105,243" oya="1" hai0="47,126,94,16,76,45,22,49,14,37,19,119,80" hai1="100,117,30,21,104,131,123,67,91,109,40,60,95" hai2="31,78,62,118,121,65,85,18,29,53,15,26,46" hai3="106,50,6,72,90,54,68,36,96,27,73,11,63"/><U64/><E117/><V116/><F121/><W125/><G36/><T130/><D119/><U128/><E123/><V56/><F78/><W7/><G125/><T25/><D126/><U127/><E127/><V2/><F2/><W48/><G27/><T3/><D3/><U51/><E100/><V114/><F114/><W102/><G90/><T82/><D82/><U8/><E104/><V75/><F75/><W12/><G6/><T133/><D133/><U81/><E8/><V69/><F85/><W105/><G105/><T35/><D37/><U38/><E81/><V39/><F31/><W24/><G24/><T70/><D70/><U108/><E38/><V120/><F120/><W101/><G102/><T129/><D94/><U113/><E21/><V13/><F13/><W28/><G28/><T77/><D77/><U9/><E9/><V5/><F5/><W61/><G50/><T42/><D47/><N who="1" m="26087" /><E67/><V59/><F69/><W107/><G107/><T110/><D35/><U83/><E30/><V92/><F92/><W55/><G55/><T112/><D112/><U122/><E83/><V34/><F46/><W17/><G7/><T135/><D135/><U86/><E113/><V124/><F39/><W44/><G68/><T58/><D80/><U79/><E79/><V66/><F124/><W88/><G88/><T111/><D76/><U33/><E33/><V1/><F1/><W87/><G73/><T97/><D22/><U74/><E74/><V115/><F115/><W23/><G72/><T32/><D32/><U93/><E122/><V0/><F116/><W71/><G106/><RYUUKYOKU ba="1,1" sc="452,0,190,0,105,0,243,0" /><INIT seed="6,2,1,2,3,30" ten="452,190,105,243" oya="2" hai0="135,11,13,126,134,130,105,127,132,80,87,117,50" hai1="97,122,90,0,16,60,83,53,119,54,31,41,133" hai2="63,79,131,121,112,106,21,94,27,47,67,61,49" hai3="113,109,35,71,46,73,36,123,55,124,56,78,52"/><V102/><F121/><W77/><G109/><T84/><D105/><U68/><E0/><V1/><F1/><W128/><G71/><T88/><D117/><U32/><E41/><V75/><F106/><W104/><G104/><T70/><D70/><U18/><E119/><V93/><F112/><W89/><G35/><T59/><D84/><U85/><E97/><N who="2" m="59695" /><F75/><W6/><G123/><T100/><D100/><U107/><E107/><V9/><F131/><W51/><G73/><T12/><D130/><U25/><E122/><V26/><F79/><W43/><G124/><N who="0" m="47659" /><D11/><U45/><E133/><V81/><F81/><W29/><G29/><T44/><D59/><U101/><E101/><V129/><F129/><W111/><G6/><T24/><D24/><N who="2" m="9258" /><F21/><W114/><G55/><AGARI ba="2,1" hai="12,13,44,50,55,80,87,88,132,134,135" m="47659" machi="55" ten="40,5200,0" yaku="20,1,18,1,54,1" doraHai="30" who="0" fromWho="3" sc="452,68,190,0,105,0,243,-58" /><INIT seed="7,0,0,3,5,114" ten="520,190,105,185" oya="3" hai0="57,27,9,74,21,82,66,39,64,62,24,86,0" hai1="35,73,85,87,41,3,126,118,50,55,90,61,134" hai2="93,89,25,92,78,113,19,69,14,112,38,67,34" hai3="121,1,53,15,95,115,117,2,54,23,124,45,65"/><W120/><G115/><T119/><D119/><U127/><E73/><V100/><F112/><W49/><G117/><T28/><D74/><U104/><E118/><V42/><F113/><W46/><G124/><N who="1" m="47658" /><E35/><V13/><F78/><W132/><G132/><T48/><D39/><U72/><E72/><V11/><F38/><W101/><G65/><T133/><D133/><U17/><E3/><V52/><F42/><W5/><G101/><T105/><D105/><U96/><E61/><V77/><F77/><W6/><G95/><T129/><D129/><U47/><E134/><V7/><F69/><W103/><G103/><T63/><D48/><N who="1" m="26735" /><E17/><V22/><F67/><W8/><G23/><N who="0" m="15487" /><D9/><U75/><E75/><V70/><F70/><W51/><G15/><T106/><D0/><U79/><E79/><V109/><F109/><W76/><G76/><N who="0" m="46407" /><D106/><U60/><E60/><N who="0" m="23081" /><D57/><N who="1" m="33015" /><E104/><V10/><F34/><W83/><G83/><T37/><D37/><U30/><E30/><AGARI ba="0,0" hai="21,24,30,64,66" m="23081,46407,15487" machi="30" ten="30,1000,0" yaku="8,1" doraHai="114" who="0" fromWho="1" sc="520,10,190,-10,105,0,185,0" owari="530,62.0,180,-22.0,105,-39.0,185,-1.0" /></mjloggm>