<mjloggm ver="2.3"><GO type="97" lobby="0"/><UN n0="%E5%B0%B1%E6%B4%BB%E7%94%9F%40%E5%B7%9D%E6%9D%91%E8%BB%8D%E5%9B%A3" n1="%44%48%4B" n2="%E7%A9%B4%E8%B0%B7%E3%81%AF%E3%82%80" n3="%E7%B7%8B%E3%81%84%E7%8C%AB%EF%BC%9E%EF%BC%9C%EF%BC%81" dan="14,14,14,15" rate="2002.01,2009.00,1910.32,1977.46" sx="M,M,M,F"/><TAIKYOKU oya="0"/><INIT seed="0,0,0,3,3,34" ten="250,250,250,250" oya="0" hai0="17,65,94,70,74,1,55,120,58,80,118,129,85" hai1="77,117,69,90,12,72,97,43,61,45,15,63,95" hai2="32,114,10,75,110,83,2,41,123,52,40,113,126" hai3="29,133,127,33,42,50,59,11,38,104,124,30,78"/><T62/><D120/><U134/><E117/><V64/><F123/><W9/><G104/><T86/><D118/><U48/><E134/><V56/><F64/><W96/><G133/><T36/><D36/><U6/><E69/><V16/><F32/><W5/><G78/><T46/><D129/><U81/><E6/><V18/><F110/><W106/><G38/><T105/><D105/><U24/><E24/><V54/><F126/><N who="3" m="48171" /><G33/><T103/><D46/><U23/><REACH who="1" step="1"/><E12/><REACH who="1" ten="250,240,250,250" step="2"/><V87/><F113/><W68/><G68/><T76/><D1/><U102/><E102/><V128/><F114/><W100/><G5/><T89/><D103/><U37/><E37/><V73/><F128/><W53/><G29/><T115/><D115/><U28/><E28/><V13/><F2/><W108/><G30/><T67/><D17/><AGARI ba="0,1" hai="15,17,23,43,45,48,61,63,72,77,81,90,95,97" machi="17" ten="40,1300,0" yaku="1,1,53,0" doraHai="34" doraHaiUra="99" who="1" fromWho="0" sc="250,-13,240,23,250,0,250,0" /><INIT seed="1,0,0,1,2,135" ten="237,263,250,250" oya="1" hai0="10,95,102,70,41,87,104,112,22,31,71,18,126" hai1="88,32,53,93,25,85,12,35,92,69,108,55,33" hai2="27,94,81,0,105,75,128,86,5,103,8,48,113" hai3="80,2,134,24,62,17,54,78,99,117,45,40,1"/><U38/><E69/><V77/><F128/><W56/><G134/><T114/><D104/><U9/><E38/><V26/><F113/><W61/><G117/><T118/><D118/><U3/><E3/><V120/><F120/><W90/><G62/><T67/><D41/><U76/><E25/><V133/><F133/><W13/><G24/><T57/><D10/><U44/><E76/><V100/><F100/><W60/><G60/><N who="0" m="38287" /><D18/><U107/><E107/><V68/><F68/><N who="0" m="26154" /><D87/><U39/><E108/><V50/><F50/><W127/><G90/><T16/><D16/><U111/><E111/><V124/><F48/><W96/><G1/><T20/><D20/><U73/><E73/><V125/><F105/><W21/><G2/><T30/><D30/><U29/><E29/><V132/><F132/><W98/><G98/><N who="0" m="59743" /><D114/><U66/><E66/><V97/><REACH who="2" step="1"/><F75/><REACH who="2" ten="237,263,240,250" step="2"/><W82/><G61/><T79/><D112/><U28/><E39/><V37/><F37/><W15/><G40/><T46/><D46/><U52/><E44/><V42/><F42/><W89/><G45/><T34/><D34/><U110/><E110/><V51/><F51/><W63/><G63/><T84/><D84/><U121/><E121/><V19/><F19/><W43/><G17/><T101/><D101/><U11/><E28/><V106/><F106/><W72/><G43/><T130/><D130/><U64/><E64/><V23/><F23/><W6/><G21/><T131/><D131/><U123/><E123/><V122/><F122/><W83/><G72/><T7/><D31/><U129/><E129/><V91/><F91/><RYUUKYOKU ba="0,1" sc="237,-10,263,-10,240,30,250,-10" hai2="0,5,8,26,27,77,81,86,94,97,103,124,125" /><INIT seed="2,1,1,3,1,105" ten="227,253,270,240" oya="2" hai0="62,75,103,92,1,22,69,130,121,49,6,58,37" hai1="97,61,117,32,63,73,30,126,120,18,64,91,94" hai2="3,12,133,11,71,43,44,110,19,123,42,8,56" hai3="25,2,72,16,90,15,24,124,38,98,104,76,41"/><V112/><F112/><W82/><G124/><T80/><D121/><U95/><E73/><V21/><F123/><W20/><G2/><T111/><D130/><U79/><E79/><V114/><F71/><W100/><REACH who="3" step="1"/><G90/><REACH who="3" ten="227,253,270,230" step="2"/><T50/><D1/><U39/><E91/><V88/><F114/><W65/><G65/><T34/><D111/><U53/><E64/><V70/><F88/><W67/><G67/><T46/><D69/><U74/><E126/><V113/><F3/><W0/><G0/><T131/><D131/><U116/><E120/><V10/><F70/><W47/><AGARI ba="1,2" hai="15,16,20,24,25,38,41,47,72,76,82,98,100,104" machi="47" ten="30,7900,0" yaku="1,1,0,1,52,1,54,1,53,0" doraHai="105" doraHaiUra="26" who="3" fromWho="3" sc="227,-21,253,-21,270,-40,230,102" /><INIT seed="3,0,0,5,3,117" ten="206,232,230,332" oya="3" hai0="7,109,35,131,51,10,132,67,45,34,14,37,55" hai1="77,133,25,3,118,86,48,19,102,83,31,99,56" hai2="58,116,36,93,122,5,20,17,2,100,124,47,53" hai3="72,92,87,54,111,120,52,73,50,4,30,129,12"/><W114/><G114/><T11/><D109/><U49/><E3/><V123/><F124/><W16/><G4/><T90/><D131/><U15/><E118/><V62/><F116/><W27/><G129/><T60/><D132/><U75/><E75/><V71/><F71/><W105/><G105/><T85/><D37/><U74/><E74/><V91/><F100/><W38/><G38/><T95/><REACH who="0" step="1"/><D10/><REACH who="0" ten="196,232,230,332" step="2"/><U98/><E133/><V130/><F130/><W119/><G111/><T89/><D89/><U135/><E135/><V78/><F78/><W103/><G119/><T1/><D1/><U6/><E102/><V88/><F2/><W8/><G103/><T104/><D104/><U32/><E6/><V128/><F5/><W94/><G8/><T65/><D65/><U101/><E101/><V108/><F108/><W80/><G73/><T76/><D76/><U68/><E68/><AGARI ba="0,1" hai="7,11,14,34,35,45,51,55,60,67,68,85,90,95" machi="68" ten="30,3900,0" yaku="1,1,7,1,53,1" doraHai="117" doraHaiUra="44" who="0" fromWho="1" sc="196,49,232,-39,230,0,332,0" owari="245,5.0,193,-31.0,230,-17.0,332,43.0" /></mjloggm>