<mjloggm ver="2.3"><GO type="97" lobby="0"/><UN n0="%E7%A5%9E%E4%BB%A3%E3%81%AE%E5%B0%8F%E8%90%8C" n1="%E3%83%88%E3%83%88%E3%83%AA%E5%85%88%E7%94%9F%31%39%E6%AD%B3" n2="%E4%BB%A3%E7%90%86%53%61%6B%69" n3="%41%4B%42%2D%34%38" dan="15,14,14,14" rate="2020.46,2047.24,1946.10,1937.92" sx="F,F,M,M"/><TAIKYOKU oya="0"/><INIT seed="0,0,0,0,1,112" ten="250,250,250,250" oya="0" hai0="88,8,106,122,30,126,95,6,15,44,67,93,79" hai1="56,58,4,80,42,50,89,53,27,77,46,78,125" hai2="83,82,121,114,16,12,115,100,70,38,104,62,41" hai3="110,61,64,120,98,66,40,65,91,124,28,21,45"/><T1/><D122/><U76/><E125/><V52/><F121/><W24/><G120/><T102/><D126/><U0/><E0/><V108/><F108/><W97/><G110/><T43/><D67/><U105/><E105/><V25/><F25/><W73/><G73/><T22/><D79/><U10/><E27/><V36/><F36/><W135/><G135/><T111/><D111/><U54/><E89/><V92/><F104/><W84/><G61/><T119/><D119/><U59/><REACH who="1" step="1"/><E80/><REACH who="1" ten="250,240,250,250" step="2"/><V133/><F115/><W20/><G124/><T14/><D1/><U123/><E123/><V72/><F114/><W19/><G91/><T51/><D106/><U31/><E31/><V85/><F133/><W32/><G32/><T7/><D102/><U96/><E96/><N who="2" m="59399" /><F72/><W37/><REACH who="3" step="1"/><G84/><REACH who="3" ten="250,240,250,240" step="2"/><T128/><D88/><U11/><E11/><N who="2" m="6175" /><F85/><W29/><G29/><T74/><D74/><U68/><E68/><V131/><F83/><W130/><G130/><T86/><D128/><U39/><E39/><V34/><F131/><W107/><G107/><T5/><D86/><U94/><E94/><N who="0" m="35849" /><D8/><U99/><E99/><V69/><F82/><W101/><G101/><T47/><D30/><U35/><E35/><V2/><F34/><W109/><G109/><T81/><D81/><U26/><E26/><AGARI ba="0,2" hai="19,20,21,24,26,28,37,40,45,64,65,66,97,98" machi="26" ten="40,5200,0" yaku="1,1,53,2" doraHai="112" doraHaiUra="18" who="3" fromWho="1" sc="250,0,240,-52,250,0,240,72" /><INIT seed="1,0,0,5,5,105" ten="250,188,250,312" oya="1" hai0="31,94,121,83,12,48,49,5,3,122,130,47,7" hai1="116,35,61,129,74,39,45,34,127,20,77,89,28" hai2="128,73,14,114,108,107,81,117,113,51,118,124,125" hai3="15,93,23,16,59,87,120,123,11,2,132,92,10"/><U133/><E116/><N who="2" m="44651" /><F51/><W60/><G132/><T32/><D130/><U26/><E133/><V18/><F128/><W135/><G135/><T88/><D83/><U104/><E129/><V109/><F107/><W42/><G42/><T57/><D3/><U101/><E127/><N who="2" m="48715" /><F73/><W111/><G111/><N who="2" m="42569" /><F81/><W27/><G59/><T50/><D57/><U97/><E61/><V90/><F90/><W95/><G93/><T19/><D47/><U126/><E126/><V65/><F65/><W134/><G95/><T99/><D122/><U62/><E62/><V66/><F66/><W37/><G92/><T84/><D121/><U38/><E89/><V41/><F41/><W131/><G87/><T64/><D64/><U53/><E53/><V46/><F46/><W30/><G37/><T63/><D84/><U96/><E96/><V72/><F72/><W8/><G60/><T1/><D63/><U25/><E45/><V67/><F67/><W76/><G76/><T4/><D48/><U70/><E70/><V36/><F36/><W13/><G134/><T75/><D50/><U9/><E39/><V91/><F91/><W102/><G102/><T82/><D75/><U0/><E38/><V69/><F69/><W29/><G131/><T68/><D82/><N who="1" m="45367" /><E26/><V24/><F24/><W55/><G55/><T112/><D68/><U80/><E80/><V33/><F33/><W56/><G27/><T17/><D32/><U79/><E79/><V98/><F98/><W22/><G123/><T54/><D99/><U85/><E85/><V103/><F103/><W21/><G120/><T86/><D49/><RYUUKYOKU ba="0,0" sc="250,-15,188,15,250,15,312,-15" hai1="0,9,20,25,28,34,35,97,101,104" hai2="14,18,113,114" /><INIT seed="1,1,0,3,2,76" ten="235,203,265,297" oya="1" hai0="20,112,115,91,54,53,63,111,26,0,130,48,85" hai1="79,119,83,15,28,46,12,114,124,86,101,3,71" hai2="24,34,131,68,18,70,65,73,100,89,116,25,121" hai3="10,84,87,59,102,33,17,123,32,81,9,118,135"/><U47/><E114/><V2/><F121/><W8/><G123/><T105/><D105/><U40/><E119/><V21/><F116/><W125/><G118/><T95/><D0/><U93/><E71/><V126/><F2/><W37/><G37/><T14/><D14/><N who="1" m="5163" /><E3/><V49/><F131/><W61/><G17/><T72/><D72/><U99/><E124/><V67/><F126/><W36/><G36/><T6/><D6/><U127/><E127/><V122/><F122/><W103/><G87/><T43/><D130/><U107/><E107/><V39/><F39/><W45/><G45/><N who="1" m="16906" /><E28/><V60/><F100/><W19/><G19/><T78/><D78/><U57/><E57/><V120/><F120/><W90/><G125/><T27/><D43/><AGARI ba="1,0" hai="40,43,79,83,86,93,99,101" m="16906,5163" machi="43" ten="30,2900,0" yaku="8,1,52,1" doraHai="76" who="1" fromWho="0" sc="235,-32,203,32,265,0,297,0" /><INIT seed="1,2,0,5,5,49" ten="203,235,265,297" oya="1" hai0="108,92,30,71,65,24,29,126,111,54,100,12,77" hai1="2,1,4,87,80,112,5,115,135,3,52,14,13" hai2="117,59,44,35,15,23,91,104,132,89,98,61,25" hai3="28,134,60,102,120,76,103,18,129,109,63,22,131"/><U64/><E135/><V106/><F132/><W19/><G134/><T127/><D77/><U11/><E64/><V74/><F117/><W21/><G76/><T107/><D12/><U66/><E66/><V122/><F122/><W128/><G28/><T33/><D30/><U85/><E80/><V58/><F74/><W81/><G81/><T110/><D92/><U114/><E52/><V125/><F125/><N who="0" m="47626" /><D54/><U47/><E47/><V105/><F35/><W0/><G0/><T96/><D65/><U101/><E101/><N who="3" m="38410" /><G109/><N who="0" m="27907" /><T68/><AGARI ba="2,0" hai="24,29,33,68,71,96,100,107" m="27907,47626" machi="68" ten="50,8000,1" yaku="4,1,18,1,14,1,23,1" doraHai="49" who="0" fromWho="0" sc="203,86,235,-42,265,-22,297,-22" /><INIT seed="2,0,0,3,0,31" ten="289,193,243,275" oya="2" hai0="48,112,23,116,42,20,104,87,30,131,124,109,70" hai1="115,63,133,13,11,91,94,96,33,107,24,37,53" hai2="54,95,18,35,2,122,126,34,117,83,86,92,60" hai3="52,44,59,5,41,90,51,17,38,56,98,76,9"/><V40/><F122/><W0/><G76/><T45/><D116/><U135/><E115/><V105/><F117/><W36/><G17/><T61/><D112/><U80/><E37/><V128/><F105/><W118/><G118/><T68/><D124/><U121/><E121/><V75/><F75/><W14/><G0/><T32/><D104/><U106/><E80/><V73/><F73/><W29/><G29/><T39/><D131/><U111/><E111/><V65/><F126/><W72/><G72/><T25/><D109/><U6/><E53/><V28/><F128/><W134/><G134/><N who="1" m="51210" /><E63/><V100/><F2/><W130/><G130/><T64/><D70/><U120/><E120/><V4/><F4/><W7/><G7/><T99/><D99/><U8/><E8/><V84/><F40/><W125/><G125/><T46/><D87/><U82/><E82/><V58/><F95/><W123/><G123/><T132/><D132/><U88/><E91/><V43/><F43/><AGARI ba="0,0" hai="20,23,25,30,32,39,42,43,45,46,48,61,64,68" machi="43" ten="30,2000,0" yaku="7,1,52,1" doraHai="31" who="0" fromWho="2" sc="289,20,193,0,243,-20,275,0" /><INIT seed="3,0,0,3,5,79" ten="309,193,223,275" oya="3" hai0="123,77,116,61,42,7,99,95,65,85,41,55,102" hai1="28,50,6,129,26,111,97,31,53,107,135,80,37" hai2="103,126,12,82,90,15,81,121,30,91,89,120,125" hai3="4,84,122,73,64,88,109,75,5,86,130,62,32"/><W49/><G122/><N who="2" m="47209" /><F30/><W2/><G32/><T71/><D116/><U40/><E111/><V78/><F103/><W19/><G109/><T54/><D123/><U98/><E129/><V1/><F1/><W48/><G130/><T38/><D7/><U3/><E135/><V43/><F43/><W33/><G33/><T124/><D124/><N who="2" m="47722" /><F78/><W105/><G84/><T87/><D85/><U52/><E31/><V21/><F12/><W13/><G105/><T67/><D65/><U66/><E66/><V45/><F45/><W57/><G75/><T35/><D35/><U8/><E80/><N who="2" m="30827" /><F15/><W44/><G73/><T118/><D41/><U74/><E74/><V101/><F101/><W24/><G24/><T56/><D42/><U10/><E10/><V70/><F21/><N who="3" m="11503" /><G2/><T113/><D102/><U69/><E69/><AGARI ba="0,0" hai="69,70,89,90,91" m="30827,47722,47209" machi="69" ten="40,12000,2" yaku="28,2,13,1,18,1,52,3" doraHai="79" who="2" fromWho="1" sc="309,0,193,-120,223,120,275,0" owari="309,11.0,73,-43.0,343,44.0,275,-12.0" /></mjloggm>