<mjloggm ver="2.3"><GO type="97" lobby="0"/><UN n0="%E5%B0%B1%E6%B4%BB%E7%94%9F%40%E5%B7%9D%E6%9D%91%E8%BB%8D%E5%9B%A3" n1="%E3%81%BD%E3%81%A1%E3%81%9F%E3%81%BE%E3%81%95%E3%82%93" n2="%74%65%74%73%75%2E" n3="%74%6F%72%61%26%61%6C%75" dan="15,13,15,13" rate="1992.26,1859.19,2065.42,1811.12" sx="M,M,M,M"/><TAIKYOKU oya="0"/><INIT seed="0,0,0,2,3,20" ten="250,250,250,250" oya="0" hai0="33,21,35,70,39,110,81,34,67,89,38,130,126" hai1="66,5,36,79,23,0,31,75,98,104,83,4,103" hai2="9,107,32,108,109,14,68,80,127,74,122,40,132" hai3="17,30,84,131,25,27,120,117,58,123,41,76,60"/><T8/><D126/><U114/><E36/><V111/><F122/><N who="3" m="46635" /><G117/><T53/><D130/><U48/><E66/><V134/><F127/><W12/><G131/><T87/><D110/><U72/><E114/><V43/><F107/><W65/><G41/><N who="2" m="15945" /><F32/><W50/><G50/><T73/><D73/><U94/><E48/><V92/><F68/><W15/><G30/><T112/><D112/><U24/><E0/><V37/><F37/><W105/><G105/><T97/><D97/><U102/><E75/><V26/><F92/><W10/><G12/><T135/><D135/><N who="2" m="51754" /><F26/><N who="3" m="9739" /><G84/><T71/><D39/><U19/><E104/><V29/><F29/><W121/><N who="3" m="46643" /><W85/><DORA hai="78" /><G85/><T77/><D38/><U96/><E31/><V6/><F74/><W18/><G76/><T46/><D77/><U61/><E61/><V11/><F111/><W28/><G28/><T42/><D87/><U99/><E99/><V54/><F109/><W128/><G128/><T63/><D81/><U115/><E115/><V3/><F80/><W86/><G86/><T64/><D34/><U125/><E125/><V118/><F108/><W95/><G95/><T47/><D35/><U69/><E83/><V59/><F118/><W56/><G56/><T55/><D33/><U124/><E79/><V2/><F59/><W7/><AGARI ba="0,0" hai="7,10,15,17,18,58,60,65" m="9739,46643" machi="7" ten="40,8000,1" yaku="13,1,52,3" doraHai="20,78" who="3" fromWho="3" sc="250,-40,250,-20,250,-20,250,80" /><INIT seed="1,0,0,2,0,123" ten="210,230,230,330" oya="1" hai0="6,80,133,8,97,73,78,81,56,130,12,116,57" hai1="98,59,60,13,108,135,2,90,22,109,64,83,53" hai2="55,106,52,66,87,51,43,25,29,42,38,124,31" hai3="32,79,10,39,111,37,33,104,122,92,127,67,125"/><U84/><E2/><V63/><F106/><W9/><G122/><T126/><D116/><U7/><E135/><V121/><F121/><W21/><G104/><T100/><D130/><U28/><E98/><V105/><F105/><W34/><G79/><T27/><D133/><U1/><E1/><V113/><F124/><N who="3" m="47691" /><G67/><T62/><D126/><U94/><E28/><V101/><F113/><W107/><G107/><T26/><D81/><U102/><E102/><V69/><F101/><W40/><G40/><T23/><D23/><U68/><E83/><V18/><F55/><W114/><G92/><T129/><D129/><U14/><E7/><V118/><F118/><W3/><G21/><T46/><D46/><U74/><E74/><V47/><F87/><W48/><G48/><T16/><D6/><U128/><E128/><V103/><F103/><W131/><G131/><T30/><D30/><U20/><E20/><N who="2" m="13463" /><F42/><W75/><G75/><T91/><D57/><AGARI ba="0,0" hai="29,31,38,43,47,51,52,57,63,66,69" m="13463" machi="57" ten="30,2000,0" yaku="24,1,54,1" doraHai="123" who="2" fromWho="0" sc="210,-20,230,0,230,20,330,0" /><INIT seed="2,0,0,4,1,81" ten="190,230,250,330" oya="2" hai0="76,36,63,12,25,71,80,60,37,84,14,85,17" hai1="111,119,62,88,34,8,18,125,109,69,32,43,10" hai2="83,21,47,115,135,134,98,40,54,102,64,55,116" hai3="2,24,128,30,108,90,96,23,28,93,59,132,44"/><V131/><F116/><W42/><G108/><N who="1" m="41546" /><E119/><V46/><F115/><W33/><G128/><T92/><D37/><U39/><E125/><V31/><F64/><W78/><G132/><N who="2" m="50729" /><F83/><W110/><G110/><T48/><D36/><U79/><E79/><V114/><F114/><W53/><G2/><T5/><D71/><U105/><E105/><N who="2" m="63703" /><F131/><W45/><G78/><T117/><D117/><U6/><E18/><V26/><F47/><W11/><G11/><N who="1" m="4138" /><E6/><V118/><F118/><W91/><G42/><T16/><D5/><U97/><E62/><N who="0" m="23593" /><D48/><AGARI ba="0,0" hai="21,26,31,40,46,48,54,55" m="63703,50729" machi="48" ten="30,1500,0" yaku="20,1" doraHai="81" who="2" fromWho="0" sc="190,-15,230,0,250,15,330,0" /><INIT seed="2,1,0,2,1,20" ten="175,230,265,330" oya="2" hai0="8,95,96,32,88,127,83,11,5,120,42,38,93" hai1="51,104,24,19,79,89,67,39,29,91,80,125,108" hai2="49,57,3,58,66,18,63,54,73,25,0,116,85" hai3="2,15,110,126,41,86,94,122,115,87,99,84,16"/><V62/><F73/><W103/><G122/><T100/><D32/><U92/><E39/><V36/><F116/><W112/><G110/><T65/><D120/><U107/><E108/><V12/><F36/><W22/><G2/><T10/><D127/><U33/><E125/><V48/><F3/><W55/><G126/><T53/><D65/><U128/><E128/><V130/><F0/><W109/><G109/><T1/><D83/><U6/><E6/><V37/><F37/><W82/><G41/><T47/><REACH who="0" step="1"/><D53/><REACH who="0" ten="165,230,265,330" step="2"/><U114/><E67/><N who="2" m="39375" /><F130/><W77/><REACH who="3" step="1"/><G55/><REACH who="3" ten="165,230,265,320" step="2"/><T81/><D81/><U101/><E80/><V21/><F54/><W113/><AGARI ba="1,2" hai="15,16,22,77,82,84,86,87,94,99,103,112,113,115" machi="113" ten="30,8000,1" yaku="1,1,2,1,0,1,11,1,54,1,53,0" doraHai="20" doraHaiUra="64" who="3" fromWho="3" sc="165,-21,230,-21,265,-41,320,103" /><INIT seed="3,0,0,3,1,77" ten="144,209,224,423" oya="3" hai0="93,76,88,52,123,9,87,46,22,108,63,121,34" hai1="99,131,109,2,113,83,89,7,58,127,13,25,116" hai2="11,39,69,61,128,53,104,18,120,111,129,134,4" hai3="85,122,102,66,60,68,74,6,105,26,86,64,30"/><W106/><G122/><T24/><D34/><U21/><E109/><V117/><F39/><W90/><G74/><T42/><D108/><U56/><E131/><N who="2" m="50251" /><F104/><W5/><G102/><T81/><D9/><N who="1" m="4287" /><E2/><V38/><F38/><W57/><G68/><T29/><D42/><U115/><E127/><V78/><F111/><W47/><G47/><T16/><D29/><N who="1" m="17583" /><E116/><V32/><F32/><W130/><G130/><T80/><D46/><U37/><E37/><V133/><F117/><W40/><G40/><T41/><D41/><U54/><E115/><V71/><F78/><W96/><G96/><N who="0" m="57383" /><D81/><U45/><E113/><V107/><F107/><W35/><G66/><T59/><AGARI ba="0,0" hai="16,22,24,52,59,63,76,80,87,121,123" m="57383" machi="59" ten="30,8000,1" yaku="25,1,52,1,54,3" doraHai="77" who="0" fromWho="0" sc="144,80,209,-20,224,-20,423,-40" owari="224,2.0,189,-31.0,204,-20.0,383,49.0" /></mjloggm>