<mjloggm ver="2.3"><GO type="97" lobby="0"/><UN n0="%E3%81%A9%E3%81%86%E3%81%9E%E3%81%94%E8%87%AA%E7%94%B1%E3%81%AB" n1="%6D%61%67%61%6D%69" n2="%E5%B0%B1%E6%B4%BB%E7%94%9F%40%E5%B7%9D%E6%9D%91%E8%BB%8D%E5%9B%A3" n3="%E8%AB%BE" dan="16,17,15,14" rate="2001.44,2075.15,1995.30,1938.20" sx="F,M,M,F"/><TAIKYOKU oya="0"/><INIT seed="0,0,0,3,2,64" ten="250,250,250,250" oya="0" hai0="75,95,121,125,7,60,42,52,127,59,100,5,50" hai1="40,13,88,76,51,112,45,11,54,15,28,73,83" hai2="22,92,124,132,26,37,17,129,80,29,105,131,35" hai3="89,24,9,111,91,96,63,43,71,99,90,16,19"/><T84/><D75/><U25/><E112/><V47/><F105/><W78/><G78/><T14/><D121/><U49/><E88/><N who="3" m="22530" /><W104/><DORA hai="110" /><G43/><T34/><D84/><U107/><E107/><V109/><F92/><W58/><G71/><T106/><D106/><U69/><E69/><V66/><F109/><W68/><G68/><T41/><D34/><U133/><E133/><V74/><F124/><N who="0" m="47690" /><D14/><U38/><E38/><V86/><F132/><W130/><G130/><N who="2" m="49673" /><F74/><W94/><G111/><T134/><D134/><U118/><E118/><V62/><F47/><W82/><G82/><T65/><D95/><U46/><REACH who="1" step="1"/><E11/><REACH who="1" ten="250,240,250,250" step="2"/><V97/><F37/><W20/><G104/><T12/><D100/><U10/><E10/><V103/><F103/><W116/><G94/><T21/><D41/><U67/><E67/><V6/><F80/><W87/><G116/><T8/><D42/><U2/><E2/><V0/><F0/><W77/><G77/><T93/><D93/><U30/><E30/><V39/><F39/><W36/><G36/><T72/><D72/><U81/><E81/><V27/><F97/><N who="3" m="37451" /><G9/><T1/><D1/><U115/><E115/><V56/><F6/><W31/><G87/><AGARI ba="0,1" hai="17,22,26,27,29,35,56,62,66,86,87" m="49673" machi="87" ten="30,1000,0" yaku="19,1" doraHai="64,110" who="2" fromWho="3" sc="250,0,240,0,250,20,250,-10" /><INIT seed="1,0,0,5,1,17" ten="250,240,270,240" oya="1" hai0="101,52,74,107,112,97,71,11,99,92,65,135,73" hai1="113,9,34,126,129,114,108,106,54,29,125,75,42" hai2="55,50,28,46,94,127,118,45,133,2,109,81,8" hai3="103,40,89,130,27,82,44,26,53,95,85,67,5"/><U13/><E106/><V37/><F118/><W61/><G130/><T105/><D112/><N who="1" m="43115" /><E75/><V124/><F28/><W83/><G53/><T115/><D115/><U57/><E42/><N who="2" m="22735" /><F94/><W91/><G5/><T120/><D120/><U76/><E76/><V33/><F33/><W63/><G103/><T116/><D116/><U19/><E129/><V110/><F81/><W90/><G63/><T60/><D135/><U24/><E54/><V93/><F93/><W43/><G40/><T131/><D131/><U69/><E57/><V30/><F30/><W15/><G15/><T100/><D11/><U123/><E69/><V20/><F20/><W84/><G91/><T32/><D32/><U132/><E132/><V122/><F122/><W104/><G95/><T72/><D92/><U59/><E59/><V49/><F8/><W3/><G3/><T111/><D52/><U58/><E58/><N who="2" m="33135" /><F2/><W96/><G96/><T0/><D0/><U64/><E64/><V48/><F133/><W51/><G104/><T18/><D18/><U22/><E123/><V78/><F78/><W86/><G85/><T87/><D87/><U16/><E19/><V117/><F117/><W21/><G21/><T38/><D38/><U88/><E88/><V35/><F35/><W134/><G134/><T25/><D25/><N who="1" m="18735" /><E108/><AGARI ba="0,0" hai="60,65,71,72,73,74,97,99,100,101,105,107,108,111" machi="108" ten="50,6400,0" yaku="9,1,23,2" doraHai="17" who="0" fromWho="1" sc="250,64,240,-64,270,0,240,0" /><INIT seed="2,0,0,5,0,31" ten="314,176,270,240" oya="2" hai0="85,39,14,44,103,123,60,16,99,110,67,124,116" hai1="17,47,72,111,6,81,104,15,130,115,65,50,37" hai2="105,134,28,58,18,94,73,89,129,11,77,70,113" hai3="108,91,127,119,40,34,35,59,46,88,51,20,128"/><V45/><F105/><W62/><G119/><T100/><D116/><U97/><E115/><V133/><F70/><W87/><G108/><T126/><D110/><U92/><E6/><V13/><F113/><W122/><G122/><T3/><D123/><U23/><E111/><V63/><F129/><W30/><G128/><T36/><D3/><U12/><E130/><V71/><F71/><W102/><G127/><T68/><D85/><U83/><E104/><V74/><F28/><W43/><G102/><N who="0" m="38955" /><D44/><U82/><E37/><V135/><F45/><W19/><G30/><T76/><D99/><U112/><E112/><V131/><F77/><W33/><G40/><T64/><D67/><U32/><E32/><V2/><F2/><W90/><G87/><T80/><D76/><U56/><E72/><V55/><REACH who="2" step="1"/><F131/><REACH who="2" ten="314,176,260,240" step="2"/><W120/><G120/><T109/><D109/><U4/><E47/><V9/><F9/><W25/><G25/><T7/><BYE who="3" /><D126/><U75/><E15/><V54/><F54/><W98/><G98/><AGARI ba="0,1" hai="11,13,18,55,58,63,73,74,89,94,98,133,134,135" machi="98" ten="40,12000,1" yaku="1,1,20,1,53,2" doraHai="31" doraHaiUra="107" who="2" fromWho="3" sc="314,0,176,0,260,130,240,-120" /><INIT seed="2,1,0,1,1,53" ten="314,176,390,120" oya="2" hai0="65,24,43,14,128,119,120,131,26,17,99,89,90" hai1="85,41,116,48,13,27,107,38,40,96,7,84,97" hai2="69,30,22,94,123,0,70,52,51,32,58,133,125" hai3="5,100,42,60,82,112,46,76,81,37,121,103,33"/><V105/><F32/><W118/><G118/><T77/><D119/><U113/><E38/><V19/><F105/><W6/><G6/><T55/><D120/><UN n3="%E8%AB%BE" /><U47/><E116/><V20/><F123/><W86/><G121/><T91/><D99/><U63/><E113/><V1/><F125/><W11/><G112/><T122/><D122/><U23/><E107/><V106/><F133/><W79/><G33/><T44/><D65/><U129/><E129/><V28/><F106/><W114/><G60/><T88/><D77/><U25/><E41/><V115/><F115/><W16/><G16/><T12/><D55/><U110/><E110/><V80/><F80/><W71/><G71/><T109/><D109/><U35/><E35/><V83/><F83/><W135/><G135/><T111/><D111/><U67/><E97/><V102/><F69/><W78/><G78/><T54/><D54/><U93/><E7/><V29/><F70/><W61/><G61/><T4/><D4/><U73/><E73/><V92/><F102/><W75/><REACH who="3" step="1"/><G114/><REACH who="3" ten="314,176,390,110" step="2"/><T72/><D17/><N who="1" m="10671" /><E63/><V56/><F1/><AGARI ba="1,1" hai="1,5,11,37,42,46,75,76,79,81,82,86,100,103" machi="1" ten="30,7700,0" yaku="1,1,7,1,25,2,53,0" doraHai="53" doraHaiUra="66" who="3" fromWho="2" sc="314,0,176,0,390,-80,110,90" /><INIT seed="3,0,0,1,1,53" ten="314,176,310,200" oya="3" hai0="96,85,84,108,69,91,45,17,11,112,43,27,79" hai1="115,135,125,38,118,68,111,19,29,40,72,57,104" hai2="107,71,10,44,74,110,67,116,22,131,52,92,75" hai3="70,117,16,12,126,76,20,65,46,93,30,60,34"/><W90/><G117/><T86/><D108/><U35/><RYUUKYOKU type="yao9" ba="0,0" sc="314,0,176,0,310,0,200,0" hai1="19,29,35,38,40,57,68,72,104,111,115,118,125,135" /><INIT seed="3,1,0,2,0,109" ten="314,176,310,200" oya="3" hai0="64,6,21,8,11,118,71,128,130,63,83,105,60" hai1="3,2,1,127,132,43,45,120,22,31,65,35,77" hai2="68,62,135,119,50,38,91,7,92,14,32,28,98" hai3="51,113,96,90,131,84,88,70,134,75,122,80,46"/><W87/><G122/><T12/><D118/><U82/><E120/><V67/><F119/><W49/><G113/><T33/><D33/><U53/><E132/><V30/><F38/><W125/><G70/><T93/><D105/><U54/><E127/><V23/><F135/><W25/><G125/><T79/><D63/><U9/><E65/><V97/><F32/><W24/><G134/><T34/><D34/><U74/><E22/><V47/><F97/><W4/><G131/><N who="0" m="50219" /><D93/><U39/><E53/><V19/><F7/><W10/><G96/><T13/><D21/><U133/><E54/><AGARI ba="1,0" hai="14,19,23,28,30,47,50,54,62,67,68,91,92,98" machi="54" ten="30,1000,0" yaku="7,1" doraHai="109" who="2" fromWho="1" sc="314,0,176,-13,310,13,200,0" owari="314,11.0,163,-34.0,323,43.0,200,-20.0" /></mjloggm>