<mjloggm ver="2.3"><GO type="225" lobby="0"/><UN n0="%53%65%6E%61%72" n1="%E3%81%95%E3%82%80%E3%81%8A" n2="%E3%81%82%E3%82%89%E3%81%8F%E3%82%8C" n3="%E3%83%88%E3%83%88%E3%83%AA%E5%85%88%E7%94%9F%31%39%E6%AD%B3" dan="16,16,17,17" rate="2114.87,2134.23,2132.07,2178.28" sx="M,M,F,F"/><TAIKYOKU oya="0"/><INIT seed="0,0,0,5,4,7" ten="250,250,250,250" oya="0" hai0="73,4,26,104,35,47,97,83,58,78,48,129,114" hai1="32,60,90,57,81,59,68,0,50,67,5,89,69" hai2="18,13,46,11,54,132,30,102,117,135,65,56,23" hai3="95,27,120,130,101,116,31,105,100,34,25,17,115"/><T52/><D114/><U3/><E32/><V108/><F108/><W8/><G115/><T39/><D129/><U131/><E131/><V119/><F102/><W133/><G130/><T82/><D82/><U122/><E122/><V103/><F103/><W112/><G112/><T111/><D111/><U76/><E50/><V44/><F65/><W123/><G116/><N who="2" m="44617" /><F30/><W19/><G133/><N who="2" m="51273" /><F23/><W15/><G105/><T2/><D104/><U80/><E67/><V37/><F37/><W28/><G100/><T124/><D97/><U55/><E5/><V74/><F74/><W87/><G19/><T51/><D35/><U9/><E55/><V98/><F98/><W22/><REACH who="3" step="1"/><G87/><REACH who="3" ten="250,250,250,240" step="2"/><T71/><D73/><U106/><E106/><V107/><F107/><W40/><G40/><T121/><D121/><U77/><REACH who="1" step="1"/><E60/><AGARI ba="0,1" hai="11,13,18,44,46,54,56,60" m="51273,44617" machi="60" ten="30,3900,0" yaku="12,1,20,1,52,1" doraHai="7" who="2" fromWho="1" sc="250,0,250,-39,250,49,240,0" /><INIT seed="1,0,0,1,4,86" ten="250,211,299,240" oya="1" hai0="124,105,62,129,44,110,38,123,58,97,95,83,73" hai1="4,34,21,40,126,100,49,5,85,132,81,135,118" hai2="33,60,25,39,74,72,26,30,29,7,70,52,28" hai3="54,63,98,23,120,99,77,57,53,82,31,131,14"/><U125/><E34/><V47/><F7/><N who="1" m="2633" /><E21/><V37/><F30/><W6/><G120/><T36/><D105/><U65/><E65/><V111/><F111/><W115/><G115/><T122/><D110/><U42/><E100/><V76/><F76/><W133/><G131/><T16/><D129/><U128/><E128/><V24/><F24/><N who="3" m="16799" /><G133/><N who="1" m="51274" /><E118/><V32/><F52/><N who="3" m="34215" /><G82/><T107/><D107/><U12/><E12/><V88/><F88/><W78/><G78/><T2/><D2/><U130/><E130/><V20/><F20/><W121/><G77/><T13/><D13/><U79/><E49/><V127/><F127/><AGARI ba="0,0" hai="40,42,79,81,85,125,126,127" m="51274,2633" machi="127" ten="30,2900,0" yaku="18,1,20,1" doraHai="86" who="1" fromWho="2" sc="250,0,211,29,299,-29,240,0" /><INIT seed="1,1,0,5,4,79" ten="250,240,270,240" oya="1" hai0="66,77,34,124,48,2,135,20,130,12,49,96,133" hai1="127,24,92,54,91,69,60,131,84,109,68,101,39" hai2="107,21,123,7,26,115,11,86,15,120,28,98,70" hai3="62,121,44,103,88,42,0,52,78,64,10,8,1"/><U40/><E127/><V13/><F70/><W19/><G121/><T29/><D2/><U75/><E75/><V43/><F115/><W33/><G33/><T73/><D124/><U41/><E131/><V99/><F43/><W100/><G78/><T4/><D66/><U53/><E69/><V104/><F15/><N who="3" m="7655" /><G1/><T105/><D130/><U23/><E109/><V58/><F58/><N who="3" m="36951" /><G0/><T81/><D34/><U67/><E101/><N who="3" m="38986" /><G10/><N who="0" m="4167" /><D105/><U116/><E116/><V65/><F65/><W5/><G5/><T55/><D55/><U117/><E117/><V72/><F72/><W122/><G122/><T126/><D126/><U57/><E39/><V87/><F120/><W111/><G111/><T83/><D77/><U114/><E114/><V132/><F123/><W80/><G42/><N who="1" m="16490" /><E68/><V9/><F107/><W32/><G32/><T27/><D73/><U31/><AGARI ba="1,0" hai="23,24,31,53,54,57,60,67,84,91,92" m="16490" machi="31" ten="30,1500,0" yaku="8,1" doraHai="79" who="1" fromWho="1" sc="250,-6,240,18,270,-6,240,-6" /><INIT seed="1,2,0,5,5,116" ten="244,258,264,234" oya="1" hai0="2,25,20,85,60,40,115,130,86,64,125,18,132" hai1="124,6,74,0,134,77,43,118,68,61,89,39,23" hai2="102,122,8,97,56,1,106,19,48,54,37,92,62" hai3="93,66,41,70,95,111,128,75,90,28,11,26,117"/><U110/><E118/><V35/><F35/><W14/><G117/><T113/><D132/><U131/><E134/><V34/><F34/><W84/><G75/><T16/><D130/><U79/><E131/><V55/><F37/><W119/><G119/><T107/><D125/><U51/><E124/><V36/><F36/><W22/><G128/><T9/><D107/><U121/><E121/><V47/><F122/><W87/><G111/><T127/><D127/><U30/><E51/><V5/><REACH who="2" step="1"/><F19/><REACH who="2" ten="244,258,254,234" step="2"/><W58/><G28/><T73/><D18/><U38/><E30/><V126/><F126/><W31/><G70/><T33/><D33/><U109/><E39/><V32/><F32/><W46/><G66/><T57/><D113/><U24/><E68/><V133/><F133/><W72/><G72/><T50/><D73/><U120/><E120/><V76/><F76/><W91/><G58/><T96/><D115/><U69/><E74/><V88/><F88/><W44/><REACH who="3" step="1"/><G41/><REACH who="3" ten="244,258,254,224" step="2"/><T13/><D40/><U71/><E43/><V53/><F53/><W17/><AGARI ba="2,2" hai="11,14,17,22,26,31,44,46,84,87,90,91,93,95" machi="17" ten="20,12000,2" yaku="1,1,2,1,0,1,7,1,9,1,8,1,53,0" doraHai="116" doraHaiUra="59" who="3" fromWho="3" sc="244,-32,258,-62,254,-32,224,146" /><INIT seed="2,0,0,2,2,20" ten="212,196,222,370" oya="2" hai0="94,1,103,96,29,5,24,21,55,65,27,93,35" hai1="17,92,48,54,44,106,49,70,51,91,13,59,50" hai2="116,63,79,40,105,41,25,30,119,31,62,16,85" hai3="4,112,80,89,95,130,36,0,66,47,101,76,61"/><V22/><F105/><W73/><G130/><T99/><D65/><U90/><E70/><V78/><F116/><W125/><G125/><T114/><D114/><U28/><E106/><V57/><F119/><W33/><G33/><T34/><D5/><U39/><E28/><N who="2" m="10795" /><F63/><W52/><G112/><T74/><D1/><U3/><E3/><V87/><F87/><W104/><G101/><T2/><D2/><U82/><E39/><V135/><F135/><W81/><G81/><T83/><D55/><U75/><E75/><V68/><F68/><W128/><G104/><T109/><D109/><U18/><E82/><N who="2" m="47319" /><F79/><W37/><G128/><T110/><D110/><U129/><E129/><V122/><F122/><W71/><G0/><T19/><D83/><U121/><E121/><V10/><F10/><W111/><G111/><T124/><D124/><U14/><E44/><V98/><F98/><W53/><G36/><T12/><D74/><U97/><REACH who="1" step="1"/><E91/><REACH who="1" ten="212,186,222,370" step="2"/><V102/><F102/><W60/><G37/><T46/><D46/><U133/><E133/><V126/><F126/><W72/><G47/><T43/><D43/><U42/><E42/><V9/><F9/><W64/><G72/><T7/><D103/><U56/><E56/><V15/><F15/><AGARI ba="0,1" hai="13,14,15,17,18,48,49,50,51,54,59,90,92,97" machi="15" ten="40,5200,0" yaku="1,1,8,1,53,1" doraHai="20" doraHaiUra="88" who="1" fromWho="2" sc="212,0,186,62,222,-52,370,0" /><INIT seed="3,0,0,5,2,93" ten="212,248,170,370" oya="3" hai0="90,112,48,29,16,88,26,113,79,104,129,95,10" hai1="71,130,47,105,68,109,55,110,6,102,40,134,81" hai2="27,13,108,5,46,85,36,77,58,3,132,2,28" hai3="66,51,49,1,34,23,45,63,127,84,78,131,97"/><W120/><G23/><N who="0" m="15583" /><D104/><U86/><E6/><V21/><F108/><N who="1" m="41577" /><E130/><V133/><F58/><W12/><G51/><T31/><D31/><U24/><E134/><N who="2" m="51819" /><F36/><W42/><G12/><N who="0" m="7191" /><D129/><U30/><E55/><V52/><F77/><W100/><G78/><T124/><D124/><U60/><E60/><V53/><F85/><W4/><G84/><T116/><D116/><U91/><E102/><V38/><F38/><W87/><G100/><T33/><D33/><N who="1" m="20679" /><E105/><V11/><F53/><W135/><G135/><T99/><D79/><U41/><E47/><V35/><F46/><W125/><G45/><T61/><D61/><U15/><E15/><N who="2" m="5615" /><F52/><W128/><G131/><T32/><D48/><U19/><E19/><V44/><F44/><W0/><G128/><T114/><D32/><U76/><E76/><V117/><F117/><W64/><G34/><T67/><D67/><U22/><E22/><V98/><F98/><W122/><G97/><T75/><D75/><U111/><E111/><V107/><F107/><W73/><G73/><T89/><AGARI ba="0,0" hai="88,89,90,95,99,112,113,114" m="7191,15583" machi="89" ten="40,8000,1" yaku="11,1,52,1,54,2" doraHai="93" who="0" fromWho="0" sc="212,80,248,-20,170,-20,370,-40" owari="292,9.0,228,-17.0,150,-35.0,330,43.0" /></mjloggm>