<mjloggm ver="2.3"><GO type="97" lobby="0"/><UN n0="%E5%B0%B1%E6%B4%BB%E7%94%9F%40%E5%B7%9D%E6%9D%91%E8%BB%8D%E5%9B%A3" n1="%73%61%69%73%73%37%37%37" n2="%E3%83%8B%E3%82%B3%E5%8E%A8%EF%BC%A0%E5%B7%9D%E6%9D%91%E8%BB%8D%E5%9B%A3" n3="%70%6F%63%6F%63%68%69%6E" dan="14,14,15,14" rate="1901.94,1939.08,2008.85,1904.90" sx="M,M,F,M"/><TAIKYOKU oya="0"/><INIT seed="0,0,0,2,0,111" ten="250,250,250,250" oya="0" hai0="121,105,27,117,101,2,114,120,73,3,20,110,86" hai1="29,91,78,134,97,81,26,0,5,95,102,67,90" hai2="58,135,63,31,118,92,104,106,21,83,96,32,57" hai3="69,10,128,12,82,70,62,66,99,133,30,22,38"/><T71/><D71/><U43/><E134/><V127/><F32/><W28/><G128/><T108/><D73/><U48/><E67/><V74/><F135/><W34/><G34/><T112/><D105/><U109/><E5/><V131/><F127/><W37/><G70/><T93/><D101/><U125/><E0/><N who="0" m="41" /><D93/><U119/><E109/><N who="0" m="42089" /><D86/><U16/><E125/><V39/><F131/><W80/><G133/><T25/><D25/><U123/><E119/><V76/><F39/><W89/><G99/><T52/><D52/><U68/><E68/><V1/><F1/><W79/><G37/><T103/><D103/><U19/><E102/><V116/><F106/><W4/><G38/><T46/><D46/><U61/><E91/><V88/><F104/><W75/><G89/><T129/><D129/><U126/><E126/><V87/><F74/><W11/><G82/><T15/><D15/><U6/><E81/><V65/><F58/><W77/><G77/><T9/><D9/><U53/><E78/><V84/><F84/><W35/><G10/><T51/><D51/><U124/><E124/><V107/><F107/><W33/><G22/><T64/><D64/><U45/><E48/><V113/><REACH who="2" step="1"/><F113/><REACH who="2" ten="250,250,240,250" step="2"/><N who="0" m="43626" /><D117/><U55/><E95/><V59/><F59/><W54/><G35/><T132/><D132/><U44/><E45/><V98/><F98/><W18/><G33/><T14/><D14/><U8/><E44/><V72/><F72/><W41/><G75/><T50/><D50/><U23/><E61/><V100/><F100/><W49/><G62/><T56/><D56/><U115/><E115/><RYUUKYOKU ba="0,1" sc="250,15,250,-15,240,15,250,-15" hai0="20,27,120,121" hai2="21,31,57,63,65,76,83,87,88,92,96,116,118" /><INIT seed="0,1,1,1,3,66" ten="265,235,255,235" oya="0" hai0="59,79,127,3,70,57,103,64,93,53,23,32,16" hai1="104,36,97,62,52,60,22,98,78,116,108,45,31" hai2="46,15,40,54,114,87,1,89,84,128,80,9,81" hai3="86,115,8,109,10,5,120,96,44,47,74,35,124"/><T75/><D32/><U0/><E108/><V133/><F1/><W6/><G35/><T76/><D3/><U88/><E116/><V132/><F114/><W41/><G74/><T12/><D75/><U123/><E0/><V29/><F29/><W61/><G109/><T11/><D127/><U37/><E78/><N who="0" m="29737" /><D70/><U67/><E123/><V30/><F30/><W63/><G86/><T25/><D64/><U125/><E125/><V100/><F100/><W130/><G130/><T48/><D59/><U34/><E34/><V33/><F128/><W131/><G131/><T106/><D106/><U92/><E37/><V20/><F20/><W83/><G83/><T111/><D111/><U134/><E36/><V126/><F126/><W112/><G124/><T55/><D55/><U71/><E104/><V129/><F129/><W94/><G120/><T50/><D50/><U7/><E67/><V95/><F54/><W105/><G105/><T39/><D39/><U58/><E52/><V82/><F33/><W19/><G112/><T119/><D119/><U113/><E58/><V21/><F21/><W49/><G44/><T69/><D69/><U42/><E22/><V65/><F65/><W122/><G122/><T17/><D93/><U117/><E45/><V26/><F26/><W51/><G51/><T18/><D103/><U13/><E117/><V99/><F46/><W43/><G43/><T38/><D38/><U14/><E42/><V102/><F40/><W90/><G115/><T27/><D27/><U28/><E113/><V72/><F72/><W68/><G68/><T101/><D101/><RYUUKYOKU ba="1,1" sc="265,30,235,-10,255,-10,235,-10" hai0="11,12,16,17,18,23,25,48,53,57" /><INIT seed="0,2,1,3,0,16" ten="295,225,245,225" oya="0" hai0="94,2,61,28,78,114,37,119,42,9,32,103,107" hai1="111,81,124,105,57,59,123,38,56,120,6,109,86" hai2="49,46,22,101,117,34,69,18,90,121,127,1,39" hai3="99,134,71,31,79,131,54,110,64,116,51,100,35"/><T47/><D119/><U4/><E105/><V87/><F121/><W36/><G36/><T106/><D114/><U5/><E38/><V112/><F39/><W93/><G116/><T72/><D32/><U44/><E44/><V13/><F117/><W0/><G110/><N who="1" m="41994" /><E124/><V102/><F127/><W27/><G134/><T95/><D28/><U67/><E67/><V80/><F69/><W84/><G0/><T48/><D48/><U62/><E62/><V23/><F34/><W126/><G126/><T66/><D106/><U19/><E19/><N who="2" m="10607" /><F1/><W21/><G131/><T73/><D107/><U77/><AGARI ba="2,1" hai="4,5,6,56,57,59,77,81,86,120,123" m="41994" machi="77" ten="40,1500,0" yaku="14,1" doraHai="16" who="1" fromWho="1" sc="295,-9,225,31,245,-6,225,-6" /><INIT seed="1,0,0,2,3,17" ten="286,256,239,219" oya="1" hai0="135,115,113,23,102,79,21,114,56,53,106,48,65" hai1="125,10,100,54,93,61,22,7,84,128,87,55,119" hai2="122,108,83,86,96,67,71,126,97,0,91,5,36" hai3="2,95,28,38,66,89,25,101,30,105,49,4,1"/><U109/><E119/><V107/><F122/><W6/><G38/><T111/><D79/><U85/><E125/><V31/><F108/><W68/><G49/><T11/><D111/><U64/><E109/><V103/><F36/><W120/><G120/><T121/><D121/><U47/><E128/><V58/><F126/><W60/><G30/><T99/><D135/><U74/><E74/><V63/><F5/><W104/><G104/><T33/><D33/><U123/><E123/><V9/><F9/><W70/><G70/><T62/><REACH who="0" step="1"/><D11/><REACH who="0" ten="276,256,239,219" step="2"/><U82/><E22/><V77/><F77/><W13/><G2/><T110/><D110/><U73/><E10/><V75/><F0/><W131/><G1/><T132/><D132/><U32/><E32/><V40/><F75/><W81/><G131/><T118/><D118/><U78/><E7/><V26/><F40/><W12/><G6/><T15/><D15/><U35/><E35/><V37/><F37/><W52/><G12/><T27/><D27/><U41/><E41/><V130/><F130/><W16/><G13/><T29/><D29/><U46/><E78/><V92/><F71/><AGARI ba="0,1" hai="21,23,48,53,56,62,65,71,99,102,106,113,114,115" machi="71" ten="40,8000,1" yaku="1,1,52,2,53,2" doraHai="17" doraHaiUra="18" who="0" fromWho="2" sc="276,90,256,0,239,-80,219,0" /><INIT seed="2,0,0,3,4,65" ten="366,256,159,219" oya="2" hai0="77,100,10,118,22,26,80,134,108,56,34,125,51" hai1="89,1,133,21,87,37,49,19,50,117,31,76,79" hai2="0,35,27,43,132,119,127,33,83,92,91,75,41" hai3="29,39,12,121,6,64,72,96,61,94,69,102,54"/><V90/><F119/><W53/><G72/><T135/><D34/><U3/><E37/><V59/><F132/><N who="0" m="50730" /><D108/><U99/><E117/><V5/><F127/><W44/><G121/><T78/><D118/><U2/><E99/><V129/><F129/><W115/><G115/><T70/><D70/><U73/><E31/><V122/><F122/><W105/><G94/><T120/><D100/><U46/><E133/><V82/><F5/><W66/><G66/><T32/><D32/><U63/><E63/><V20/><F0/><W68/><G68/><T111/><D111/><U40/><E50/><V8/><F33/><W16/><G6/><T47/><D120/><U23/><E21/><V38/><F35/><W88/><G88/><N who="2" m="33833" /><F8/><W45/><G29/><N who="0" m="17623" /><D80/><N who="2" m="30762" /><F75/><W112/><G112/><T58/><D10/><U13/><REACH who="1" step="1"/><E73/><REACH who="1" ten="366,246,159,219" step="2"/><V123/><F38/><W110/><G39/><T30/><D30/><U25/><E25/><V9/><F123/><W17/><G110/><T24/><D24/><U71/><E71/><V104/><F104/><W101/><G69/><T4/><D51/><U57/><E57/><V107/><F107/><W109/><G105/><T67/><D58/><U86/><E86/><V128/><F9/><W98/><G109/><T85/><D56/><U106/><E106/><V55/><F128/><W18/><G61/><T62/><D85/><U84/><E84/><V116/><F116/><W48/><G48/><T124/><D62/><U52/><E52/><V113/><F113/><W11/><G54/><T95/><D67/><U97/><E97/><N who="3" m="37482" /><G64/><T7/><D125/><U14/><E14/><RYUUKYOKU ba="0,1" sc="366,-10,246,30,159,-10,219,-10" hai1="1,2,3,13,19,23,40,46,49,76,79,87,89" /><INIT seed="3,1,1,5,5,118" ten="356,276,149,209" oya="3" hai0="66,128,125,123,28,8,13,115,120,80,24,22,70" hai1="23,98,89,102,46,51,127,30,48,49,75,47,108" hai2="90,124,132,62,104,96,74,65,121,111,133,35,31" hai3="56,21,27,42,59,116,37,41,17,6,63,58,32"/><W84/><G116/><T4/><D115/><U40/><E108/><V122/><F111/><W68/><G32/><T78/><D128/><U12/><E127/><V71/><F124/><W93/><G37/><T87/><D125/><U44/><E75/><V131/><F74/><W57/><G6/><T52/><D52/><U55/><E89/><V20/><F20/><W64/><N who="3" m="14848" /><DORA hai="114" /><W81/><REACH who="3" step="1"/><G93/><REACH who="3" ten="356,276,149,199" step="2"/><T126/><D126/><U7/><E7/><V61/><F131/><W82/><G82/><T53/><D53/><U0/><E0/><V109/><F62/><W5/><G5/><T106/><D106/><U72/><E49/><V38/><F38/><W54/><G54/><T117/><D117/><U85/><E55/><V91/><F109/><W95/><G95/><T88/><REACH who="0" step="1"/><D78/><AGARI ba="1,2" hai="17,21,27,41,42,63,64,68,78,81,84" m="14848" machi="78" ten="50,4800,0" yaku="1,1,53,1" doraHai="118,114" doraHaiUra="60,45" who="3" fromWho="0" sc="356,-51,276,0,149,0,199,71" /><INIT seed="3,2,0,3,5,50" ten="305,276,149,270" oya="3" hai0="121,127,33,129,54,20,25,3,13,106,83,132,93" hai1="31,81,67,109,1,17,19,27,116,48,43,44,34" hai2="7,72,53,42,115,65,2,21,0,104,135,32,124" hai3="18,100,77,88,82,112,51,6,22,60,16,97,98"/><W76/><G112/><T64/><D106/><U84/><E109/><V9/><F115/><W102/><G6/><T89/><D121/><U126/><E126/><V99/><F42/><W52/><G60/><T110/><D3/><U118/><E1/><V68/><F135/><W37/><G37/><T119/><D119/><N who="1" m="45611" /><E67/><V41/><F41/><W49/><G82/><T74/><D33/><U73/><E73/><V133/><F21/><W131/><G131/><T70/><D70/><U128/><E128/><V14/><F14/><N who="3" m="9495" /><G18/><T35/><D64/><U86/><E86/><V117/><F124/><W103/><G51/><T91/><D35/><U87/><E87/><V69/><F53/><W122/><G122/><T63/><D63/><U108/><E108/><V47/><F117/><W105/><G105/><T11/><D54/><U90/><AGARI ba="2,0" hai="17,19,27,31,34,43,44,48,81,84,90" m="45611" machi="90" ten="30,1100,0" yaku="12,1" doraHai="50" who="1" fromWho="1" sc="305,-5,276,17,149,-5,270,-7" owari="300,41.0,293,9.0,144,-36.0,263,-14.0" /></mjloggm>