<mjloggm ver="2.3"><GO type="169" lobby="0"/><UN n0="%64%61%6E%6E%63%68%69" n1="%E3%82%A6%E3%83%AB%E3%83%88%E3%83%A9%E7%AB%8B%E7%9B%B4" n2="%E3%83%99%E3%82%BF%E3%82%AA%E3%83%AA%E3%82%B9%E3%82%AF" n3="%E3%83%89%E3%83%A9%EF%BC%91%EF%BC%92%EF%BC%90%EF%BC%85" dan="16,17,16,16" rate="2055.64,2117.57,2105.08,2073.25" sx="M,M,M,M"/><TAIKYOKU oya="0"/><INIT seed="0,0,0,2,1,45" ten="250,250,250,250" oya="0" hai0="14,58,46,135,65,81,39,2,115,88,107,17,85" hai1="94,101,91,83,126,55,1,60,54,41,102,33,96" hai2="30,22,28,74,8,82,40,132,72,113,92,59,108" hai3="70,99,76,57,31,77,89,79,67,125,95,50,80"/><T121/><D2/><U44/><E33/><V20/><F113/><W134/><G134/><T73/><D107/><U5/><E126/><V48/><F108/><W123/><G125/><T111/><D121/><U29/><E29/><V114/><F114/><W129/><G129/><T122/><D115/><U27/><E27/><V19/><F8/><W98/><G123/><T16/><D122/><U127/><E127/><V68/><F68/><W97/><G31/><T110/><D73/><U62/><E5/><V131/><F132/><W51/><G70/><T133/><D133/><U120/><E1/><V109/><F109/><N who="0" m="41482" /><D135/><U4/><E4/><V3/><F3/><W26/><G26/><T21/><D17/><U15/><E15/><V71/><F72/><W117/><G117/><T23/><D23/><U112/><E112/><V116/><F22/><W118/><G80/><T11/><D11/><U93/><E83/><V78/><F116/><W64/><G118/><T53/><D65/><N who="3" m="25161" /><G57/><T9/><D9/><U37/><E120/><V56/><F56/><W13/><G13/><T25/><D25/><U103/><REACH who="1" step="1"/><E94/><REACH who="1" ten="250,240,250,250" step="2"/><V38/><F92/><W7/><G7/><T6/><D6/><U119/><E119/><V32/><F32/><W106/><G106/><T49/><D39/><U86/><E86/><AGARI ba="0,1" hai="50,51,76,77,79,86,89,95,97,98,99" m="25161" machi="86" ten="30,3900,0" yaku="8,1,52,2" doraHai="45" who="3" fromWho="1" sc="250,0,240,-39,250,0,250,49" /><INIT seed="1,0,0,4,2,14" ten="250,201,250,299" oya="1" hai0="120,9,65,34,101,4,86,111,126,91,22,50,5" hai1="129,64,20,125,117,102,127,70,44,2,96,23,107" hai2="13,83,39,62,46,115,93,15,61,16,53,98,42" hai3="131,94,57,105,26,130,43,68,1,78,48,75,113"/><U119/><E2/><V67/><F115/><W0/><G105/><T88/><D34/><U122/><E122/><V3/><F3/><W82/><G113/><T118/><D118/><U73/><E73/><V12/><F83/><W58/><G68/><T108/><D101/><U90/><E129/><N who="3" m="49162" /><G57/><T28/><D126/><N who="1" m="48139" /><E44/><V47/><F53/><N who="3" m="32039" /><G43/><T11/><D65/><U114/><E114/><V87/><F47/><W40/><G40/><T6/><D120/><U121/><E121/><V54/><F54/><W33/><G94/><N who="0" m="54551" /><D50/><U25/><E90/><V10/><F62/><W103/><G103/><T27/><D91/><U77/><E77/><V95/><F95/><W133/><G133/><T21/><D108/><U7/><E25/><V19/><F10/><W72/><G72/><T112/><D111/><U66/><E66/><V116/><F116/><N who="1" m="44617" /><E64/><V38/><F38/><W71/><G71/><T59/><D112/><U8/><E70/><V85/><F67/><W24/><G24/><N who="0" m="16399" /><D59/><U18/><E7/><V49/><F39/><W106/><G106/><T80/><D80/><U51/><E51/><V30/><F61/><W45/><G45/><T124/><D124/><U31/><E31/><AGARI ba="0,0" hai="0,1,26,31,33,75,78,82" m="32039,49162" machi="31" ten="30,1000,0" yaku="19,1" doraHai="14" who="3" fromWho="1" sc="250,0,201,-10,250,0,299,10" /><AGARI ba="0,0" hai="4,5,6,9,11,22,27,31" m="16399,54551" machi="31" ten="30,2000,0" yaku="8,1,54,1" doraHai="14" who="0" fromWho="1" sc="250,20,191,-20,250,0,309,0" /><INIT seed="2,0,0,2,5,28" ten="270,171,250,309" oya="2" hai0="33,42,68,100,4,6,9,36,30,54,70,122,29" hai1="19,105,78,31,107,80,8,57,20,14,27,96,58" hai2="67,13,132,76,21,59,64,115,83,108,87,91,93" hai3="119,38,102,16,17,126,10,75,62,53,72,48,123"/><V134/><F115/><W128/><G119/><T117/><D117/><U24/><E107/><V131/><F131/><W63/><G123/><T81/><D100/><U41/><E41/><V69/><F69/><W101/><G38/><T44/><D122/><U46/><E46/><V113/><F113/><W60/><G128/><T90/><D6/><U118/><E118/><V98/><F108/><W65/><G126/><T125/><D54/><U34/><E96/><V35/><F35/><W130/><G130/><T92/><D81/><U26/><E105/><V25/><F13/><N who="3" m="7223" /><G72/><T86/><D125/><U18/><REACH who="1" step="1"/><E26/><REACH who="1" ten="270,161,250,309" step="2"/><V55/><F132/><W110/><G110/><T0/><REACH who="0" step="1"/><D30/><REACH who="0" ten="260,161,250,309" step="2"/><U40/><E40/><V7/><F134/><W103/><G65/><T97/><D97/><U3/><E3/><V56/><F67/><W47/><G103/><T109/><D109/><U51/><E51/><V74/><F64/><W116/><G116/><T84/><D84/><AGARI ba="0,2" hai="8,14,18,19,20,24,27,31,34,57,58,78,80,84" machi="84" ten="30,8000,1" yaku="1,1,7,1,52,1,53,2" doraHai="28" doraHaiUra="52" who="1" fromWho="0" sc="260,-80,161,100,250,0,309,0" /><INIT seed="3,0,0,4,1,102" ten="180,261,250,309" oya="3" hai0="130,7,76,123,120,87,18,39,48,21,64,92,108" hai1="100,134,55,111,86,27,72,1,31,62,95,11,38" hai2="34,117,22,66,97,103,79,50,105,51,83,94,61" hai3="70,35,23,68,81,44,109,90,131,8,12,114,57"/><W14/><G114/><T47/><D39/><U10/><E72/><V107/><F34/><W36/><G131/><T46/><D130/><U2/><E38/><V15/><F117/><W125/><G35/><T42/><D7/><U128/><E111/><V59/><F50/><W135/><G109/><T126/><D108/><U129/><E134/><V110/><F110/><W0/><G135/><T37/><D126/><U4/><E55/><V19/><REACH who="2" step="1"/><F51/><REACH who="2" ten="180,261,240,309" step="2"/><W101/><G36/><T98/><D120/><U30/><E129/><V6/><F6/><W106/><G125/><T104/><D123/><U80/><E4/><V60/><F60/><W54/><G70/><T93/><D37/><U74/><E62/><V113/><F113/><W17/><G68/><T118/><D118/><U29/><E128/><V43/><F43/><W99/><G0/><T75/><D48/><U67/><E1/><V25/><F25/><W41/><G14/><T20/><D42/><U56/><E27/><V52/><F52/><W121/><G41/><T124/><D124/><U73/><E2/><V89/><F89/><W133/><G121/><T45/><D47/><U71/><E67/><V33/><F33/><W24/><G44/><T9/><D46/><U28/><E71/><V3/><F3/><W84/><G133/><T49/><D45/><U58/><E56/><V16/><F16/><N who="3" m="8199" /><G54/><T69/><D49/><U112/><E58/><V5/><F5/><W96/><G57/><T122/><D64/><U85/><N who="1" m="7168" /><DORA hai="65" /><U40/><E112/><V88/><F88/><W91/><G91/><T77/><D69/><RYUUKYOKU ba="0,1" sc="180,-15,261,-15,240,15,309,15" hai2="15,19,22,59,61,66,79,83,94,97,103,105,107" hai3="17,23,24,81,84,90,96,99,101,106" /><INIT seed="3,1,1,3,3,60" ten="165,246,255,324" oya="3" hai0="15,93,134,120,102,2,53,87,5,42,126,56,64" hai1="113,58,25,79,35,34,75,62,112,43,131,135,104" hai2="22,129,20,1,10,57,108,29,130,83,9,8,46" hai3="49,84,39,115,109,51,89,4,63,101,106,47,82"/><W77/><G115/><T40/><D2/><U76/><E104/><V50/><F108/><W118/><G118/><T105/><D120/><U127/><E127/><V110/><F110/><W92/><G109/><T72/><D72/><U99/><E43/><V128/><F1/><W16/><G4/><T81/><D126/><U133/><E99/><V12/><F57/><W6/><G6/><T61/><D105/><U94/><E94/><V23/><F83/><W73/><G63/><T88/><D134/><N who="1" m="51211" /><E131/><V24/><REACH who="2" step="1"/><F12/><REACH who="2" ten="165,246,245,324" step="2"/><W103/><G103/><T132/><D132/><U32/><E75/><V19/><F19/><W125/><G16/><T37/><D15/><U100/><E100/><V7/><F7/><W78/><G125/><T69/><D5/><U11/><E113/><V80/><F80/><W52/><G73/><T65/><D69/><U17/><E112/><V28/><F28/><W30/><G30/><T114/><D114/><U45/><E45/><V14/><F14/><W122/><G101/><T117/><D117/><U90/><E17/><V98/><F98/><W67/><G82/><T0/><D0/><U116/><E116/><V44/><F44/><W38/><G47/><T21/><D102/><U54/><E76/><V119/><F119/><W124/><G78/><T71/><D81/><U70/><E79/><V48/><F48/><W86/><G77/><T13/><D71/><U31/><E70/><V91/><F91/><W111/><G124/><T95/><D13/><U74/><E90/><V59/><F59/><W68/><G111/><T3/><D3/><U33/><E74/><RYUUKYOKU ba="1,2" sc="165,-15,246,15,245,15,324,-15" hai1="11,25,31,32,33,34,35,54,58,62" hai2="8,9,10,20,22,23,24,29,46,50,128,129,130" /><INIT seed="4,2,2,3,2,59" ten="150,261,260,309" oya="0" hai0="32,107,48,106,84,46,42,65,105,18,125,115,135" hai1="131,129,4,76,75,108,29,94,8,83,22,91,28" hai2="120,89,5,113,95,40,14,124,99,102,110,44,104" hai3="21,25,77,82,134,58,63,27,36,100,10,41,43"/><T6/><D115/><U34/><E34/><V9/><F110/><W116/><G116/><T12/><D125/><U118/><E108/><V81/><F120/><W72/><G100/><T11/><D135/><U24/><E118/><V133/><F113/><W31/><G134/><T55/><D32/><U98/><REACH who="1" step="1"/><E29/><REACH who="1" ten="150,251,260,309" step="2"/><V88/><F133/><W2/><G31/><T7/><D65/><U13/><AGARI ba="2,3" hai="4,8,13,22,24,28,75,76,83,91,94,98,129,131" machi="13" ten="30,4000,0" yaku="1,1,2,1,0,1,53,0" doraHai="59" doraHaiUra="62" who="1" fromWho="1" sc="150,-22,251,76,260,-12,309,-12" /><INIT seed="5,0,0,3,0,112" ten="128,327,248,297" oya="1" hai0="134,36,91,81,133,100,30,103,125,43,129,85,56" hai1="58,29,21,92,57,53,10,102,49,88,55,126,114" hai2="22,135,62,89,38,37,42,86,46,82,16,13,47" hai3="68,93,44,124,95,1,48,61,28,87,39,45,77"/><U59/><E126/><V130/><F130/><W117/><G1/><T113/><D30/><U67/><E102/><N who="0" m="38953" /><D56/><U107/><E107/><V110/><F135/><N who="0" m="51722" /><D43/><U97/><E114/><V119/><F110/><W99/><G124/><T105/><D36/><U70/><E70/><V63/><F119/><W120/><G39/><T18/><D18/><U32/><E32/><V4/><F4/><W122/><G28/><T14/><D14/><U96/><E67/><V64/><F64/><W76/><G68/><T23/><D23/><U98/><E10/><V83/><F83/><W109/><G61/><T60/><D60/><N who="1" m="35887" /><E58/><V116/><F116/><W52/><G117/><T121/><D125/><U41/><E41/><AGARI ba="0,0" hai="13,16,22,37,38,41,42,46,47,62,63,82,86,89" machi="41" ten="40,2600,0" yaku="9,1,54,1" doraHai="112" who="2" fromWho="1" sc="128,0,327,-26,248,26,297,0" /><INIT seed="6,0,0,2,4,52" ten="128,301,274,297" oya="2" hai0="0,109,51,83,50,49,20,45,8,58,6,32,121" hai1="88,96,54,101,120,104,78,99,13,103,84,111,129" hai2="113,71,24,11,94,131,75,44,89,133,53,16,29" hai3="19,31,125,5,68,67,90,97,46,4,43,122,2"/><V70/><F75/><W107/><G122/><T132/><D32/><U38/><E38/><V65/><F113/><W23/><G31/><T63/><D121/><U14/><E120/><V87/><F133/><W114/><G114/><T69/><D109/><U76/><E111/><V62/><F131/><W35/><G35/><T48/><D132/><U17/><E54/><V86/><F70/><W27/><G125/><T116/><D116/><U110/><E129/><V56/><F44/><W126/><G2/><T30/><D83/><N who="1" m="49183" /><E104/><V66/><F71/><W127/><G127/><T47/><N who="0" m="12288" /><DORA hai="36" /><T95/><D69/><U26/><E26/><V10/><F87/><W74/><G74/><T41/><D95/><N who="1" m="58527" /><E14/><N who="2" m="7255" /><F11/><W57/><G27/><T55/><REACH who="0" step="1"/><D41/><REACH who="0" ten="118,301,274,297" step="2"/><U80/><E80/><V3/><F3/><W130/><G43/><T25/><AGARI ba="0,1" hai="0,6,8,20,25,30,45,47,55,58,63" m="12288" machi="25" ten="40,8000,1" yaku="1,1,2,1,0,1,52,1,53,0" doraHai="52,36" doraHaiUra="106,135" who="0" fromWho="0" sc="118,90,301,-20,274,-40,297,-20" /><INIT seed="7,0,0,0,0,5" ten="208,281,234,277" oya="3" hai0="0,44,10,97,14,87,6,112,70,74,69,66,35" hai1="93,45,77,24,109,61,132,53,36,90,63,58,64" hai2="37,4,125,25,100,47,134,59,56,84,39,82,118" hai3="26,11,43,117,75,67,21,28,83,79,110,72,34"/><W18/><G117/><T48/><D74/><U126/><E109/><V105/><F118/><W92/><G110/><T16/><D35/><U122/><E122/><V73/><F73/><W62/><G43/><T91/><D112/><U129/><E129/><V95/><F105/><W57/><G75/><T80/><D97/><U46/><E126/><V94/><F134/><W128/><G128/><T96/><D96/><N who="1" m="57399" /><E77/><V30/><F100/><W102/><G11/><N who="0" m="6239" /><D66/><U50/><E36/><V2/><F39/><W114/><G114/><T108/><D108/><U41/><E132/><V111/><F125/><W116/><G116/><T31/><D31/><U19/><E41/><V42/><F111/><W33/><G18/><T104/><D104/><U123/><E123/><V76/><F2/><W86/><G72/><T1/><D1/><U133/><E133/><V54/><F4/><W113/><G113/><T107/><D107/><U51/><E64/><V15/><F15/><W8/><G8/><T89/><D89/><U20/><E61/><V99/><F99/><AGARI ba="0,0" hai="21,26,28,33,34,57,62,67,79,83,86,92,99,102" machi="99" ten="40,3900,0" yaku="25,2" doraHai="5" who="3" fromWho="2" sc="208,0,281,0,234,-39,277,39" owari="208,-19.0,281,8.0,195,-30.0,316,41.0" /></mjloggm>