<mjloggm ver="2.3"><GO type="41" lobby="0"/><UN n0="%E3%83%8D%E3%83%BC%E3%83%A0%E3%83%AC%E3%82%B9%EF%BC%97" n1="%E3%83%93%E3%82%B9%E3%82%AF%E3%83%89%E3%83%BC%E3%83%AB" n2="%54%45%53" n3="%E5%B0%B1%E6%B4%BB%E7%94%9F%40%E5%B7%9D%E6%9D%91%E8%BB%8D%E5%9B%A3" dan="14,15,14,16" rate="1959.65,2042.71,1979.17,2142.10" sx="M,F,M,M"/><TAIKYOKU oya="0"/><INIT seed="0,0,0,4,3,23" ten="250,250,250,250" oya="0" hai0="96,40,71,92,37,84,27,17,120,76,122,13,68" hai1="28,8,45,112,57,78,135,47,67,64,70,6,65" hai2="107,48,88,114,22,104,80,123,108,127,90,74,3" hai3="24,109,25,7,54,89,101,56,102,39,16,77,116"/><T50/><D37/><U33/><E112/><V111/><F114/><W69/><G69/><T49/><D71/><U85/><E70/><V72/><F3/><W119/><G39/><T0/><D68/><U125/><E135/><V61/><F61/><N who="3" m="35991" /><G109/><N who="2" m="42057" /><F48/><W115/><G115/><T20/><D0/><U87/><E57/><V21/><F123/><W124/><G124/><T117/><D117/><U35/><E125/><V129/><F127/><W52/><G7/><T131/><D131/><U60/><E60/><V44/><F44/><W73/><G73/><N who="2" m="28265" /><F129/><W94/><G77/><T55/><D122/><U113/><E78/><V46/><F46/><W130/><G130/><T134/><D120/><U75/><E75/><V5/><F5/><W133/><G133/><T18/><D134/><U36/><E36/><V81/><F22/><N who="3" m="13383" /><G119/><T100/><D40/><U10/><E113/><V1/><F80/><W93/><G116/><T58/><D50/><U9/><E6/><V38/><F1/><W62/><G25/><T121/><D121/><U79/><E79/><V43/><F21/><W15/><G15/><T14/><REACH who="0" step="1"/><D18/><REACH who="0" ten="240,250,250,250" step="2"/><U51/><E51/><V95/><F38/><W2/><G2/><T11/><D11/><U132/><E132/><V126/><F126/><W29/><G29/><T98/><D98/><U105/><E28/><V91/><F43/><W106/><G106/><N who="2" m="40489" /><F81/><AGARI ba="0,1" hai="13,14,17,20,27,49,55,58,76,81,84,92,96,100" machi="81" ten="40,7700,0" yaku="1,1,8,1,52,1,53,0" doraHai="23" doraHaiUra="41" who="0" fromWho="2" sc="240,87,250,0,250,-77,250,0" /><INIT seed="0,1,0,2,1,43" ten="327,250,173,250" oya="0" hai0="12,14,112,106,64,114,35,9,17,66,123,21,26" hai1="89,133,6,82,40,61,83,30,48,4,81,13,36" hai2="52,24,51,80,97,16,91,5,1,73,93,74,63" hai3="88,75,27,69,46,50,15,58,41,87,39,119,105"/><T131/><D106/><U0/><E36/><V130/><F130/><W8/><G75/><T101/><D101/><U129/><E0/><V120/><F120/><W67/><G105/><T37/><D37/><U25/><E129/><V90/><F5/><W102/><G119/><T22/><D131/><U19/><E133/><V111/><F1/><W2/><G2/><T122/><D66/><U107/><E107/><V99/><F111/><W34/><G102/><T55/><D55/><U70/><E89/><V109/><F109/><W65/><G69/><T20/><D64/><U98/><E98/><V127/><F127/><W135/><G135/><T116/><D116/><U60/><E70/><V85/><F99/><W31/><G58/><T132/><D132/><U104/><E104/><V44/><REACH who="2" step="1"/><F63/><REACH who="2" ten="327,250,163,250" step="2"/><W62/><G62/><T32/><D12/><U57/><E61/><V86/><F86/><W71/><G71/><T117/><D117/><U79/><E60/><V72/><F72/><W10/><G39/><T18/><D18/><U115/><E115/><N who="0" m="44073" /><D26/><U76/><E19/><V124/><F124/><W49/><G49/><T118/><D118/><U45/><E13/><V28/><F28/><W128/><G128/><T42/><D42/><U7/><REACH who="1" step="1"/><E57/><REACH who="1" ten="327,240,163,250" step="2"/><V134/><F134/><W126/><G126/><T11/><D11/><U113/><E113/><V68/><F68/><W54/><G10/><T95/><D95/><U121/><E121/><AGARI ba="1,2" hai="9,14,17,20,21,22,32,35,121,122,123" m="44073" machi="121" ten="40,3900,0" yaku="34,2" doraHai="43" who="0" fromWho="1" sc="327,62,240,-42,163,0,250,0" /><INIT seed="0,2,0,3,1,43" ten="389,198,163,250" oya="0" hai0="38,15,104,73,46,37,10,44,86,134,72,109,101" hai1="27,68,19,74,78,34,129,30,110,0,91,102,14" hai2="5,64,8,133,128,70,125,126,25,117,28,61,65" hai3="16,115,45,94,29,112,36,131,84,80,54,4,6"/><T119/><D119/><U82/><E68/><V135/><F117/><W11/><G131/><T76/><D104/><U75/><E75/><V124/><F65/><W77/><G29/><T108/><D101/><U93/><E129/><V49/><F49/><N who="3" m="28975" /><G36/><N who="0" m="13931" /><D86/><U52/><E0/><V42/><F42/><W85/><G112/><T56/><D56/><U88/><E110/><N who="0" m="42601" /><D134/><U130/><E130/><V33/><REACH who="2" step="1"/><F128/><REACH who="2" ten="389,198,153,250" step="2"/><W9/><G115/><T71/><D71/><U31/><E31/><V40/><F40/><W1/><G1/><AGARI ba="2,1" hai="1,5,8,25,28,33,61,64,70,124,125,126,133,135" machi="1" ten="40,8000,1" yaku="1,1,18,1,23,2,53,0" doraHai="43" doraHaiUra="79" who="2" fromWho="3" sc="389,0,198,0,153,96,250,-86" /><INIT seed="1,0,0,1,3,45" ten="389,198,249,164" oya="1" hai0="120,63,26,69,72,106,81,103,110,34,8,13,109" hai1="78,47,112,130,48,31,117,84,17,39,97,32,73" hai2="65,71,54,107,25,33,16,125,9,134,126,104,41" hai3="15,21,46,60,83,28,135,10,122,76,132,85,56"/><U18/><E117/><V82/><F134/><N who="3" m="51243" /><G122/><T68/><D120/><U6/><E112/><V108/><F108/><W49/><G28/><T87/><D72/><U42/><E130/><V128/><F128/><W64/><G21/><T11/><D103/><U35/><E73/><V114/><F114/><W4/><G46/><T115/><D106/><U101/><E6/><V59/><F41/><W23/><G23/><T36/><D36/><U30/><E39/><V55/><F55/><N who="3" m="31855" /><G60/><T116/><D116/><U58/><E35/><V111/><F111/><W52/><G64/><T96/><D115/><U102/><E32/><V37/><F37/><W123/><G123/><T118/><D118/><U57/><E31/><V88/><F65/><W66/><G66/><T24/><D63/><U70/><E30/><V67/><F71/><W89/><G76/><T12/><D34/><U5/><E70/><V121/><F67/><W129/><G129/><T2/><D69/><U62/><E58/><V86/><F33/><W51/><G52/><T29/><D68/><U113/><E57/><V93/><F121/><W44/><G44/><T61/><D61/><U92/><E62/><V124/><F25/><W43/><G43/><T19/><D29/><U75/><E113/><V0/><F0/><W50/><AGARI ba="0,0" hai="4,10,15,50,51,83,85,89" m="31855,51243" machi="50" ten="30,7900,0" yaku="20,1,52,3" doraHai="45" who="3" fromWho="3" sc="389,-20,198,-39,249,-20,164,79" /><INIT seed="2,0,0,3,2,95" ten="369,159,229,243" oya="2" hai0="108,18,112,58,34,72,130,69,62,92,90,22,84" hai1="25,97,1,57,85,101,103,91,13,118,47,96,11" hai2="81,89,45,77,127,64,70,98,15,117,7,66,115" hai3="74,106,110,129,21,19,46,78,32,8,113,9,55"/><V122/><F117/><W82/><G106/><T86/><D112/><U16/><E1/><V105/><F115/><W67/><G32/><T12/><D34/><U52/><E47/><V41/><F122/><W120/><G120/><T28/><D72/><U27/><E118/><V119/><F70/><W100/><G113/><T3/><D3/><U128/><E128/><V132/><F132/><W75/><G110/><T42/><D69/><U24/><E103/><V102/><F89/><W114/><G114/><T116/><D108/><U83/><REACH who="1" step="1"/><E101/><REACH who="1" ten="369,149,229,243" step="2"/><V5/><F119/><W44/><G100/><T121/><D130/><U135/><E135/><V2/><F127/><W37/><G46/><T68/><D116/><U38/><E38/><V39/><F2/><W31/><G37/><T111/><D111/><U104/><E104/><V10/><REACH who="2" step="1"/><F7/><REACH who="2" ten="369,149,219,243" step="2"/><W88/><G129/><T23/><D121/><U131/><E131/><V107/><F107/><W71/><G71/><T125/><D68/><U109/><E109/><V63/><F63/><AGARI ba="0,2" hai="11,13,16,24,25,27,52,57,63,83,85,91,96,97" machi="63" ten="40,12000,2" yaku="1,1,8,1,52,2,54,2,53,0" doraHai="95" doraHaiUra="99" who="1" fromWho="2" sc="369,0,149,140,219,-120,243,0" /><INIT seed="3,0,0,2,3,34" ten="369,289,99,243" oya="3" hai0="2,22,62,8,38,105,91,76,123,83,90,81,71" hai1="98,54,97,6,50,73,114,111,77,60,102,33,5" hai2="100,88,3,117,87,17,93,89,95,36,107,52,47" hai3="29,133,66,24,21,120,72,25,103,113,37,134,68"/><W49/><G72/><T63/><D123/><U86/><E33/><V57/><F117/><W109/><G37/><T27/><D38/><U116/><E73/><V41/><F107/><W125/><G103/><T44/><D105/><U127/><E114/><V14/><F100/><W79/><G79/><T43/><D8/><U96/><E116/><V46/><F46/><W70/><G113/><T61/><D71/><U132/><E102/><V119/><F119/><W74/><G74/><T78/><D2/><U112/><E112/><V59/><F3/><W69/><G120/><T20/><D44/><U9/><E60/><V39/><F39/><W118/><G118/><T56/><D56/><U64/><E64/><V94/><F57/><W28/><G125/><T48/><D48/><U18/><E127/><V121/><F89/><W124/><G124/><T115/><D43/><U82/><E132/><N who="3" m="50794" /><G49/><T40/><D40/><U12/><E111/><V10/><REACH who="2" step="1"/><F121/><REACH who="2" ten="369,289,89,243" step="2"/><W13/><G109/><T101/><D101/><U75/><E75/><V30/><F30/><N who="3" m="11883" /><G66/><T110/><D110/><U122/><E122/><V67/><F67/><W0/><G0/><T55/><D115/><U129/><E77/><V104/><F104/><W16/><AGARI ba="0,1" hai="13,16,21,24,25,68,69,70" m="11883,50794" machi="16" ten="40,3900,0" yaku="20,1,54,1" doraHai="34" who="3" fromWho="3" sc="369,-13,289,-13,89,-13,243,49" /><INIT seed="3,1,0,1,3,51" ten="356,276,76,292" oya="3" hai0="32,125,121,130,74,11,40,117,48,91,72,126,27" hai1="53,75,62,14,90,83,94,118,24,95,58,46,25" hai2="86,131,26,34,56,15,97,50,42,2,122,80,85" hai3="7,44,133,38,112,87,77,128,76,73,0,6,10"/><W21/><G112/><T70/><D117/><U43/><E118/><V103/><F122/><W68/><G68/><T47/><D121/><U28/><E75/><V105/><F131/><W37/><G128/><T66/><D130/><U100/><E100/><V36/><F36/><W57/><G133/><T18/><D66/><U114/><E114/><V52/><F2/><W71/><G71/><T5/><D70/><U3/><E3/><V101/><F101/><W59/><G73/><T109/><D109/><U20/><E14/><V96/><F96/><W9/><G21/><T102/><D102/><U64/><E64/><V106/><F106/><W92/><G0/><T69/><D69/><U129/><E129/><V79/><F42/><W4/><G44/><T132/><D132/><U108/><E108/><V89/><F15/><W107/><G107/><T84/><D18/><U12/><E12/><V1/><F1/><W93/><G6/><T124/><D27/><U60/><E60/><V67/><F67/><W30/><G87/><T8/><D32/><U23/><E83/><V49/><F34/><W41/><REACH who="3" step="1"/><G41/><REACH who="3" ten="356,276,76,282" step="2"/><T120/><D120/><U110/><E110/><V127/><F127/><W65/><G65/><T104/><D104/><U17/><E43/><V119/><F119/><W78/><G78/><T54/><D40/><U98/><E46/><V63/><REACH who="2" step="1"/><F26/><REACH who="2" ten="356,276,66,282" step="2"/><W115/><G115/><T35/><D35/><U82/><E82/><AGARI ba="1,2" hai="49,50,52,56,63,79,80,82,85,86,89,97,103,105" machi="82" ten="30,8000,1" yaku="1,1,2,1,7,1,52,1,54,1,53,0" doraHai="51" doraHaiUra="13" who="2" fromWho="1" sc="356,0,276,-83,66,103,282,0" /><INIT seed="4,0,0,1,5,77" ten="356,193,169,282" oya="0" hai0="97,38,26,126,9,122,3,71,37,53,28,91,43" hai1="55,117,50,72,87,105,34,121,81,63,132,39,24" hai2="113,68,96,98,61,36,69,86,46,111,31,58,90" hai3="49,107,89,4,48,73,59,130,27,32,17,18,124"/><T103/><D122/><U70/><E121/><V116/><F111/><W106/><G73/><T79/><D126/><U134/><E117/><V54/><F113/><W25/><G4/><N who="0" m="1183" /><D91/><U2/><E39/><N who="0" m="14857" /><D53/><U75/><E2/><V23/><F116/><W114/><G89/><T94/><D43/><U52/><E105/><V12/><F68/><W56/><G124/><T6/><D94/><U129/><E129/><V93/><F69/><W62/><G62/><T110/><D6/><U5/><E5/><V8/><F23/><W20/><G20/><T95/><D95/><U11/><E11/><V67/><F31/><W101/><G101/><T65/><D79/><U19/><E55/><V92/><F92/><W1/><G1/><T133/><D110/><U22/><E34/><V108/><F108/><W51/><G32/><N who="0" m="20503" /><D65/><U82/><E50/><N who="2" m="29015" /><F36/><W84/><G84/><T42/><D42/><U21/><E87/><V7/><AGARI ba="0,0" hai="7,8,12,58,61,67,86,90,93,96,98" m="29015" machi="7" ten="30,1100,0" yaku="8,1" doraHai="77" who="2" fromWho="2" sc="356,-5,193,-3,169,11,282,-3" /><INIT seed="5,0,0,3,1,1" ten="351,190,180,279" oya="1" hai0="117,125,130,71,14,82,34,11,109,48,97,112,38" hai1="89,2,58,113,92,27,128,22,52,24,123,10,13" hai2="23,50,121,72,102,53,51,86,131,12,108,127,100" hai3="3,126,78,66,114,124,32,88,7,67,37,95,5"/><U73/><E123/><V118/><F108/><W30/><G114/><T61/><D109/><U45/><E73/><V6/><F118/><W42/><G3/><T84/><D38/><U68/><E68/><V65/><F121/><W98/><G78/><T35/><D117/><U87/><E113/><V63/><F72/><W49/><G37/><T59/><D71/><U41/><E128/><V94/><F131/><W85/><G32/><T64/><D112/><U4/><E2/><V119/><F119/><W39/><G39/><T56/><D130/><U44/><E41/><V101/><F127/><N who="3" m="48683" /><G30/><T75/><D75/><U129/><E129/><V19/><F6/><N who="3" m="2059" /><G98/><T83/><D125/><U96/><E87/><V20/><F20/><W0/><G0/><T76/><D97/><U21/><E22/><V36/><F36/><W104/><G104/><T29/><D29/><N who="1" m="17551" /><E27/><V91/><REACH who="2" step="1"/><F53/><REACH who="2" ten="351,190,170,279" step="2"/><W9/><G9/><T77/><D35/><U70/><E70/><AGARI ba="0,1" hai="12,19,23,50,51,63,65,70,86,91,94,100,101,102" machi="70" ten="40,2600,0" yaku="1,1,2,1,53,0" doraHai="1" doraHaiUra="111" who="2" fromWho="1" sc="351,0,190,-26,170,36,279,0" /><INIT seed="6,0,0,4,0,70" ten="351,164,206,279" oya="2" hai0="49,42,6,81,34,111,3,4,35,61,101,78,58" hai1="36,59,65,110,20,112,79,84,98,9,37,126,85" hai2="21,67,7,27,48,63,8,32,119,89,62,91,50" hai3="74,56,118,41,33,103,87,95,47,12,121,122,100"/><V44/><F119/><W69/><G69/><T31/><D111/><U73/><E110/><V77/><F27/><W90/><G33/><T97/><D49/><N who="2" m="19050" /><F21/><W93/><G118/><T86/><D42/><U114/><E73/><V55/><F32/><W124/><G74/><T134/><D134/><U130/><E9/><V88/><F77/><W116/><G116/><T83/><D83/><U135/><E135/><V60/><F44/><W0/><G0/><T29/><D35/><U123/><E123/><V5/><F67/><W40/><G124/><T16/><D16/><U105/><E126/><V99/><F99/><W72/><G72/><T13/><D3/><U51/><E20/><V22/><F22/><W109/><G109/><T117/><D117/><U53/><E65/><V19/><F55/><W132/><G132/><T66/><D34/><U64/><E64/><V2/><F2/><W113/><G113/><N who="1" m="43626" /><E79/><V94/><F94/><W15/><G47/><T96/><D96/><U26/><E26/><V125/><F125/><W104/><G104/><T107/><REACH who="0" step="1"/><D13/><AGARI ba="0,0" hai="5,7,8,13,19,60,62,63,88,89,91" m="19050" machi="13" ten="40,3900,0" yaku="8,1,54,1" doraHai="70" who="2" fromWho="0" sc="351,-39,164,0,206,39,279,0" /><INIT seed="6,1,0,3,1,123" ten="312,164,245,279" oya="2" hai0="58,128,45,81,12,1,95,134,93,100,34,101,11" hai1="25,48,91,69,16,21,104,111,130,43,131,39,10" hai2="124,37,112,0,42,99,59,46,53,28,119,62,110" hai3="65,17,38,8,105,109,29,19,5,115,127,75,67"/><V40/><F119/><W83/><G105/><T33/><D1/><U74/><E69/><V133/><F0/><W122/><G38/><T66/><D134/><U72/><E104/><V70/><F133/><W106/><G106/><T60/><D128/><U121/><E39/><V57/><F112/><W30/><G122/><T61/><D81/><U6/><E91/><V117/><F117/><W55/><G115/><T97/><D45/><U64/><E64/><V78/><F78/><W49/><G109/><T27/><D27/><U52/><E43/><V54/><F124/><W126/><G75/><T63/><D34/><U114/><E121/><V15/><F28/><N who="3" m="10859" /><G83/><T35/><D35/><U120/><E120/><V20/><F110/><W23/><G5/><N who="0" m="3183" /><D33/><U84/><E84/><V98/><F70/><W107/><G107/><T4/><D4/><U129/><E114/><V86/><F86/><W113/><G113/><T118/><D118/><U132/><E132/><V3/><F3/><W14/><G126/><T68/><D68/><U18/><E18/><V71/><F71/><W85/><G85/><T135/><D135/><U116/><E116/><V31/><F40/><W51/><G51/><T13/><D13/><N who="1" m="5335" /><E111/><V80/><F80/><W108/><G108/><T32/><D32/><U77/><E77/><V44/><F42/><W87/><G87/><T90/><D101/><U56/><AGARI ba="1,0" hai="16,21,25,48,52,56,72,74,129,130,131" m="5335" machi="56" ten="30,4000,0" yaku="19,1,54,2" doraHai="123" who="1" fromWho="1" sc="312,-11,164,43,245,-21,279,-11" /><INIT seed="7,0,0,3,4,19" ten="301,207,224,268" oya="3" hai0="81,60,68,15,123,40,6,103,72,23,89,33,16" hai1="20,105,66,112,46,114,70,18,11,102,121,44,95" hai2="88,65,132,90,133,32,30,25,38,80,113,7,131" hai3="119,104,27,41,71,99,109,61,106,56,101,49,82"/><W50/><G119/><T122/><D33/><U77/><E105/><V31/><F38/><W48/><G106/><T129/><D129/><U92/><E121/><V12/><F131/><W120/><G120/><T17/><D103/><U127/><E77/><V22/><F113/><N who="1" m="43625" /><E11/><N who="2" m="4223" /><F65/><W55/><G109/><T21/><D6/><U93/><E102/><V1/><F1/><W35/><G82/><T0/><D0/><U87/><E87/><N who="2" m="50279" /><F31/><W64/><G35/><T9/><D9/><U67/><E127/><V100/><F100/><W108/><G108/><T10/><D40/><U59/><E70/><V124/><F90/><W5/><G5/><T126/><D126/><U14/><E67/><V28/><F124/><W110/><G110/><T84/><D72/><U39/><E39/><V76/><F76/><W134/><G134/><N who="2" m="51817" /><F30/><W75/><G75/><T62/><D68/><U37/><E37/><V83/><F32/><W85/><G85/><T117/><D117/><U36/><E36/><V111/><F111/><W54/><G41/><T128/><D128/><U107/><E107/><V73/><F83/><W130/><G130/><T69/><D69/><U94/><N who="1" m="24064" /><DORA hai="53" /><U78/><E78/><V79/><F79/><W118/><G118/><T96/><D123/><U52/><E66/><V29/><F29/><W47/><G71/><T4/><D122/><U116/><E116/><V8/><F73/><W57/><G27/><N who="0" m="14759" /><D96/><U3/><E3/><V42/><F42/><W135/><G135/><T24/><AGARI ba="0,0" hai="4,10,15,17,23,24,60,62,81,84,89" m="14759" machi="24" ten="30,7900,0" yaku="8,1,52,2,54,1" doraHai="19,53" who="0" fromWho="0" sc="301,79,207,-20,224,-20,268,-39" owari="380,48.0,187,-31.0,204,-20.0,229,3.0" /></mjloggm>