<mjloggm ver="2.3"><GO type="41" lobby="0"/><UN n0="%E8%97%A4%E6%9D%B1%E7%9F%A5%E5%A4%8F" n1="%E5%B0%B1%E6%B4%BB%E7%94%9F%40%E5%B7%9D%E6%9D%91%E8%BB%8D%E5%9B%A3" n2="%61%70%68%65%78" n3="%E3%81%B2%E3%82%89%E3%81%A3%E3%81%A1" dan="15,14,14,13" rate="1968.42,1960.86,1937.30,1870.94" sx="M,M,M,M"/><TAIKYOKU oya="0"/><INIT seed="0,0,0,1,1,6" ten="250,250,250,250" oya="0" hai0="44,105,127,94,16,130,45,102,34,31,27,111,62" hai1="89,54,26,12,78,58,67,2,63,25,122,88,9" hai2="74,30,99,10,85,104,3,21,72,38,103,55,96" hai3="64,15,52,86,87,82,124,57,129,121,109,61,33"/><T108/><D127/><U100/><E2/><V95/><F38/><W47/><G124/><T22/><D130/><U60/><E122/><V79/><F55/><W29/><G129/><T97/><D62/><U32/><E100/><V4/><F30/><W39/><G109/><N who="0" m="42059" /><D105/><U135/><E78/><V131/><F21/><W0/><G0/><T50/><D50/><U20/><E32/><V7/><F7/><W114/><G114/><T13/><AGARI ba="0,0" hai="13,16,22,27,31,34,44,45,94,97,102" m="42059" machi="13" ten="30,6000,0" yaku="14,1,10,1,54,1" doraHai="6" who="0" fromWho="0" sc="250,60,250,-20,250,-20,250,-20" /><INIT seed="0,1,0,3,3,9" ten="310,230,230,230" oya="0" hai0="61,50,7,115,56,57,48,11,32,103,19,107,27" hai1="21,17,113,22,5,74,77,85,73,13,29,94,25" hai2="108,68,97,95,14,39,23,87,135,8,100,28,64" hai3="78,93,122,43,59,127,124,96,80,105,99,41,117"/><T125/><D115/><U0/><E113/><V104/><F39/><W86/><G117/><T129/><D129/><U82/><E0/><V31/><F108/><W35/><G35/><T120/><D120/><U54/><E5/><V130/><F130/><W134/><G122/><T24/><D125/><N who="3" m="48201" /><G134/><T121/><D121/><U3/><E3/><V10/><F135/><W63/><G105/><T76/><D76/><U84/><E74/><V92/><F31/><W37/><G37/><T36/><D36/><U67/><E67/><V133/><F133/><W60/><G60/><T112/><D112/><U79/><E73/><V72/><F72/><W132/><G132/><T46/><D32/><U65/><E65/><V38/><F38/><W40/><G93/><T88/><D19/><U52/><REACH who="1" step="1"/><E94/><REACH who="1" ten="310,220,230,230" step="2"/><V44/><F95/><W126/><G126/><T102/><D7/><U89/><E89/><V83/><F64/><AGARI ba="1,1" hai="40,41,43,59,63,64,78,80,86,96,99" m="48201" machi="64" ten="30,1000,0" yaku="18,1" doraHai="9" who="3" fromWho="2" sc="310,0,220,0,230,-13,230,23" /><INIT seed="1,0,0,2,1,19" ten="310,220,217,253" oya="1" hai0="108,68,4,107,34,35,98,71,132,58,111,45,62" hai1="8,90,59,88,63,56,118,112,37,5,42,66,28" hai2="69,125,101,38,131,103,116,105,91,113,86,83,50" hai3="94,49,70,41,20,13,128,2,57,12,33,123,81"/><U76/><E118/><V25/><F69/><N who="0" m="26698" /><D4/><U40/><E112/><V11/><F38/><W134/><G123/><T75/><D75/><U23/><E76/><V72/><F113/><W74/><G70/><T54/><D45/><U6/><E59/><V17/><F116/><W30/><G2/><T100/><D132/><U67/><E67/><V121/><F121/><W85/><G134/><T27/><D27/><N who="1" m="16511" /><E37/><V21/><F125/><W55/><G74/><T39/><D39/><U82/><E90/><V32/><F131/><W104/><G104/><T97/><D97/><U15/><E6/><V65/><F72/><W0/><G0/><T46/><D46/><U117/><E117/><V106/><F106/><W44/><G33/><T61/><D61/><U10/><E10/><V120/><F120/><W73/><G73/><T16/><D34/><U95/><E82/><V114/><F32/><W102/><G128/><T53/><D35/><U109/><E109/><V79/><F114/><W7/><G7/><T26/><D111/><U93/><E93/><V9/><F105/><W119/><G119/><T127/><D108/><U1/><E1/><V14/><F65/><W47/><G94/><T60/><D58/><U22/><E22/><V96/><F11/><W77/><G102/><T31/><D107/><U43/><E43/><V18/><F50/><N who="3" m="26895" /><G57/><T99/><D100/><U48/><E48/><V122/><F122/><W130/><G130/><T36/><D36/><U64/><E64/><V51/><F51/><W80/><G81/><T84/><D62/><U3/><E3/><V89/><F103/><RYUUKYOKU ba="0,0" sc="310,-30,220,10,217,10,253,10" hai1="5,8,15,40,42,56,63,66,88,95" hai2="9,14,17,18,21,25,79,83,86,89,91,96,101" hai3="12,13,20,30,47,49,55,77,80,85" /><INIT seed="1,1,0,4,4,33" ten="280,230,227,263" oya="1" hai0="62,84,99,7,135,126,73,34,59,94,119,38,133" hai1="3,64,134,91,9,106,67,61,54,79,44,90,16" hai2="13,52,36,23,5,114,35,43,124,83,74,25,60" hai3="120,58,12,50,92,103,69,68,4,53,116,105,51"/><U129/><E106/><V18/><F124/><W41/><G120/><T82/><D73/><U113/><E113/><V22/><F114/><W21/><G105/><T17/><D38/><U37/><E129/><V19/><F35/><W24/><G116/><T11/><D34/><U100/><E134/><N who="0" m="51209" /><D119/><U30/><E30/><V65/><F5/><W55/><G41/><T14/><D126/><U131/><E131/><V107/><F107/><W130/><G130/><T32/><D32/><U125/><E125/><V29/><F29/><W10/><G92/><T109/><D109/><U31/><E100/><V112/><F112/><W118/><G103/><N who="0" m="60919" /><D17/><U87/><E31/><V111/><F111/><W63/><G63/><T66/><D84/><U75/><E75/><V85/><F74/><W86/><G86/><T71/><D82/><U45/><E79/><N who="2" m="46335" /><F36/><W98/><G98/><T56/><AGARI ba="1,0" hai="7,11,14,56,59,62,66,71" m="60919,51209" machi="56" ten="30,1100,0" yaku="20,1" doraHai="33" who="0" fromWho="0" sc="280,14,230,-6,227,-4,263,-4" /><INIT seed="2,0,0,5,0,46" ten="294,224,223,259" oya="2" hai0="111,52,108,8,133,83,25,5,26,98,38,81,40" hai1="84,49,41,9,96,129,123,45,50,70,124,114,59" hai2="54,87,95,19,101,135,121,92,39,22,69,0,103" hai3="107,37,88,94,100,65,93,72,112,29,131,113,105"/><V80/><F121/><W44/><G65/><T61/><D133/><U67/><E123/><V16/><F0/><W42/><G72/><T109/><D98/><U10/><E114/><N who="3" m="44138" /><G131/><T90/><D40/><U106/><E129/><V115/><F115/><W27/><G100/><N who="2" m="38473" /><F135/><W31/><G94/><N who="2" m="35881" /><F69/><W86/><G31/><T76/><D38/><U36/><E106/><V99/><F99/><W91/><G91/><T14/><D90/><U3/><E96/><V79/><F39/><W35/><AGARI ba="0,0" hai="27,29,35,37,42,44,86,88,93,105,107" m="44138" machi="35" ten="30,2000,0" yaku="11,1,54,1" doraHai="46" who="3" fromWho="3" sc="294,-5,224,-5,223,-10,259,20" /><INIT seed="3,0,0,5,0,8" ten="289,219,213,279" oya="3" hai0="124,131,106,93,115,83,36,16,34,2,61,84,19" hai1="22,58,3,79,73,96,108,110,52,72,97,51,32" hai2="30,101,123,111,37,80,70,119,41,46,24,99,71" hai3="76,129,74,69,132,112,62,17,103,114,64,121,15"/><W104/><G121/><T1/><D106/><U77/><E32/><V55/><F119/><W66/><G129/><T21/><D34/><U23/><E3/><V127/><F123/><W86/><G74/><N who="1" m="28778" /><E22/><V39/><F111/><N who="1" m="42537" /><E23/><V45/><F127/><W0/><G0/><T10/><D124/><U27/><E27/><V105/><F80/><W102/><G132/><T116/><D116/><U42/><E42/><N who="2" m="22735" /><F55/><W135/><G135/><T120/><D36/><U57/><E57/><V87/><F87/><W59/><G112/><T50/><D115/><U14/><E14/><V63/><F63/><W78/><G114/><T7/><D120/><U107/><E107/><V53/><F53/><W29/><G29/><T47/><D61/><U12/><E12/><V18/><F18/><W81/><G104/><T56/><D56/><U11/><E11/><V40/><F40/><W38/><G38/><T92/><D1/><U133/><E133/><V60/><F60/><N who="3" m="37919" /><G76/><AGARI ba="0,0" hai="51,52,58,76,77,79,96,97" m="42537,28778" machi="76" ten="30,2000,0" yaku="14,1,54,1" doraHai="8" who="1" fromWho="3" sc="289,0,219,20,213,0,279,-20" /><INIT seed="4,0,0,1,5,55" ten="289,239,213,259" oya="0" hai0="34,19,94,11,52,127,117,133,65,116,115,86,134" hai1="24,21,89,56,78,31,28,105,68,126,104,57,38" hai2="135,122,66,88,97,119,80,63,107,9,10,48,111" hai3="110,47,20,43,60,35,75,132,40,108,18,8,70"/><T121/><D121/><U4/><E68/><V59/><F122/><W93/><G35/><T82/><D34/><U91/><E38/><V123/><F123/><W72/><G132/><N who="0" m="50795" /><D115/><U114/><E114/><V85/><F135/><W6/><G43/><T41/><D65/><U12/><E126/><V1/><F119/><W61/><G110/><T71/><D71/><U77/><E105/><V17/><F111/><W101/><G108/><T49/><D41/><U125/><E104/><V3/><F10/><W128/><G128/><T50/><D94/><U7/><E125/><V26/><F48/><N who="0" m="18538" /><D52/><U33/><E33/><V124/><F124/><W81/><G70/><T15/><D127/><U16/><E89/><AGARI ba="0,0" hai="11,15,19,82,86,89,116,117" m="18538,50795" machi="89" ten="30,1500,0" yaku="20,1" doraHai="55" who="0" fromWho="1" sc="289,15,239,-15,213,0,259,0" /><INIT seed="4,1,0,0,4,134" ten="304,224,213,259" oya="0" hai0="63,87,130,98,83,27,126,51,36,21,61,66,40" hai1="118,74,11,55,32,88,42,65,16,31,69,15,24" hai2="106,117,44,12,58,93,72,100,112,17,125,46,33" hai3="120,19,103,22,85,64,10,6,23,115,71,128,14"/><T29/><D130/><U3/><E118/><V48/><F112/><W1/><G120/><T86/><D36/><U53/><E74/><V107/><F33/><W131/><G115/><T57/><D126/><U70/><E42/><V13/><F117/><W127/><G103/><T84/><D98/><U5/><E88/><V76/><F76/><W41/><G41/><T90/><REACH who="0" step="1"/><D61/><REACH who="0" ten="294,224,213,259" step="2"/><U7/><E7/><V30/><F125/><W2/><G127/><T68/><D68/><U54/><REACH who="1" step="1"/><E65/><REACH who="1" ten="294,214,213,259" step="2"/><V52/><F107/><W0/><G64/><T18/><D18/><U59/><E59/><V135/><F106/><W105/><G71/><T122/><D122/><U116/><E116/><V113/><F17/><W62/><G105/><T49/><D49/><U111/><E111/><V95/><F48/><W25/><G131/><T45/><AGARI ba="1,2" hai="21,27,29,40,45,51,57,63,66,83,84,86,87,90" machi="45" ten="30,11700,0" yaku="1,1,0,1,8,1,53,1" doraHai="134" doraHaiUra="37" who="0" fromWho="0" sc="294,140,214,-40,213,-40,259,-40" /><INIT seed="4,2,0,5,0,87" ten="434,174,173,219" oya="0" hai0="21,77,127,134,36,41,99,67,70,17,100,110,118" hai1="129,130,85,95,23,38,1,27,71,29,12,65,106" hai2="64,93,126,90,104,128,120,109,20,56,53,35,18" hai3="25,54,4,74,14,34,58,81,10,37,86,123,114"/><T3/><D118/><U13/><E106/><V8/><F120/><W26/><G74/><T31/><D3/><U115/><E1/><V107/><F109/><W46/><G123/><T6/><D6/><U5/><E38/><V19/><F126/><W75/><G75/><T79/><D31/><U105/><E105/><V124/><F124/><W55/><G34/><T0/><D127/><U80/><E115/><V62/><F35/><W97/><G97/><T133/><D0/><U60/><E95/><V111/><F111/><W103/><G103/><T66/><D110/><U2/><E2/><V33/><F33/><W22/><G114/><T52/><D52/><U47/><E47/><V132/><F132/><N who="0" m="50794" /><D41/><U108/><E108/><V83/><F128/><N who="1" m="49257" /><E5/><V44/><F83/><W119/><G119/><T15/><D36/><U11/><E11/><V76/><F76/><AGARI ba="2,0" hai="12,13,23,27,29,60,65,71,76,80,85" m="49257" machi="76" ten="30,1000,0" yaku="19,1" doraHai="87" who="1" fromWho="2" sc="434,0,174,16,173,-16,219,0" /><INIT seed="5,0,0,1,4,44" ten="434,190,157,219" oya="1" hai0="118,91,64,11,38,27,83,46,99,81,105,50,14" hai1="9,135,96,72,133,128,75,60,71,31,124,35,58" hai2="19,98,28,1,85,2,53,88,56,95,86,134,22" hai3="77,90,33,131,42,67,78,130,43,122,8,51,20"/><U4/><E71/><V76/><F134/><N who="1" m="51209" /><E124/><V36/><F36/><W97/><G122/><T102/><D118/><U93/><E128/><N who="3" m="49194" /><G33/><T39/><D64/><N who="1" m="38935" /><E31/><V108/><F108/><W116/><G116/><T69/><D69/><U73/><E35/><V13/><F28/><W114/><G67/><T89/><D27/><U101/><E75/><V82/><REACH who="2" step="1"/><F86/><REACH who="2" ten="434,190,147,219" step="2"/><W63/><G114/><T94/><D38/><U54/><E54/><V48/><AGARI ba="0,1" hai="1,2,13,19,22,48,53,56,76,82,85,88,95,98" machi="48" ten="20,12000,2" yaku="1,1,2,1,0,1,7,1,52,1,54,1,53,0" doraHai="44" doraHaiUra="29" who="2" fromWho="2" sc="434,-30,190,-60,147,130,219,-30" /><INIT seed="6,0,0,5,4,43" ten="404,130,277,189" oya="2" hai0="8,126,62,134,44,84,5,114,39,90,60,101,59" hai1="109,4,61,88,102,72,112,131,89,18,13,23,53" hai2="30,70,64,93,32,1,86,24,106,0,66,25,11" hai3="12,110,99,107,67,52,49,100,41,104,87,55,50"/><V34/><F106/><W122/><G122/><T9/><D101/><U57/><E72/><V31/><F70/><W103/><G110/><T85/><D114/><U115/><E109/><V111/><F111/><W54/><G67/><T35/><D35/><U38/><E38/><V129/><F129/><W22/><G87/><T76/><D126/><U108/><E108/><V14/><F66/><W3/><G3/><T94/><D134/><U26/><E131/><V45/><F64/><W40/><G12/><T6/><D44/><U116/><E116/><V117/><F117/><W121/><G22/><T2/><D39/><U65/><E102/><N who="3" m="38954" /><G99/><T47/><D85/><U69/><E115/><V96/><F86/><W105/><G121/><T56/><D84/><U42/><E42/><AGARI ba="0,0" hai="40,41,42,49,50,52,54,55,104,105,107" m="38954" machi="42" ten="40,5200,0" yaku="28,2,54,1" doraHai="43" who="3" fromWho="1" sc="404,0,130,-52,277,0,189,52" /><INIT seed="7,0,0,3,0,52" ten="404,78,277,241" oya="3" hai0="99,0,23,1,134,123,55,43,40,125,59,22,87" hai1="21,84,118,96,30,100,76,119,90,68,53,32,127" hai2="93,19,70,95,97,85,106,109,37,15,3,39,92" hai3="115,44,102,11,74,64,122,73,28,48,16,124,50"/><W7/><G122/><T129/><D123/><U35/><E68/><V8/><F109/><W61/><G115/><T112/><D99/><U108/><E108/><V4/><F70/><W2/><G28/><T46/><D40/><U6/><E6/><V49/><F49/><W66/><G124/><T79/><D112/><U41/><E41/><V78/><F106/><W58/><G66/><T25/><D22/><U131/><E127/><V75/><F75/><W14/><G50/><T42/><D42/><U128/><E21/><V62/><F62/><W65/><G65/><T24/><D24/><U10/><E10/><V121/><F121/><W29/><G29/><T31/><D125/><U105/><E30/><V27/><F27/><W20/><REACH who="3" step="1"/><G102/><REACH who="3" ten="404,78,277,231" step="2"/><T38/><D31/><U83/><E35/><V18/><F39/><W107/><G107/><T54/><D38/><U33/><E32/><V34/><F37/><W9/><G9/><T98/><D134/><U117/><E33/><V88/><F34/><W60/><G60/><T104/><D104/><U135/><E135/><V77/><F3/><W94/><G94/><N who="2" m="36457" /><F97/><W69/><G69/><T71/><D98/><U57/><REACH who="1" step="1"/><E76/><AGARI ba="0,1" hai="4,8,15,18,19,76,77,78,85,88,95" m="36457" machi="76" ten="30,2000,0" yaku="8,1,54,1" doraHai="52" who="2" fromWho="1" sc="404,0,78,-20,277,30,231,0" owari="404,50.0,58,-44.0,307,11.0,231,-17.0" /></mjloggm>