<mjloggm ver="2.3"><GO type="41" lobby="0"/><UN n0="%E9%BB%84%E6%B3%89%E4%B8%AD%E6%9C%89%E3%81%AE%E6%97%85%E3%81%AE%E9%9B%A8" n1="%79%73%31%31%32%33" n2="%E5%8A%A9%E5%B7%A6%E8%A1%9B%E9%96%80" n3="%E5%B0%B1%E6%B4%BB%E7%94%9F%40%E5%B7%9D%E6%9D%91%E8%BB%8D%E5%9B%A3" dan="14,14,14,15" rate="1926.08,1940.22,1987.45,1954.47" sx="M,M,M,M"/><TAIKYOKU oya="0"/><INIT seed="0,0,0,1,3,22" ten="250,250,250,250" oya="0" hai0="66,27,49,41,89,14,45,126,28,107,79,103,88" hai1="61,100,72,17,111,78,43,121,35,34,117,59,119" hai2="96,20,19,44,128,53,97,131,64,76,11,98,68" hai3="0,42,90,114,65,62,110,24,118,10,85,1,23"/><T86/><D107/><U104/><E111/><V113/><F113/><W51/><G110/><T46/><D103/><U122/><E43/><V3/><F76/><W82/><G114/><T5/><D66/><U18/><E100/><V108/><F108/><W21/><G118/><T109/><D46/><U129/><E104/><V63/><F3/><W71/><G21/><N who="0" m="15471" /><D126/><U9/><E129/><V37/><F11/><W83/><G10/><N who="0" m="4431" /><D109/><U26/><E9/><V101/><F37/><W52/><G83/><AGARI ba="0,0" hai="41,45,49,79,83,86,88,89" m="4431,15471" machi="83" ten="30,11600,0" yaku="25,1,8,1,52,1,54,1" doraHai="22" who="0" fromWho="3" sc="250,116,250,0,250,0,250,-116" /><INIT seed="0,1,0,5,4,37" ten="366,250,250,134" oya="0" hai0="135,23,120,112,56,15,130,41,24,26,18,102,39" hai1="25,129,21,12,97,62,84,34,55,78,6,88,17" hai2="38,126,51,96,48,46,5,116,115,73,82,125,118" hai3="50,40,85,107,75,132,74,98,110,122,83,86,93"/><T65/><D112/><U111/><E111/><V123/><F115/><W124/><G122/><T134/><D120/><U119/><E119/><N who="2" m="45611" /><F123/><W0/><G0/><T101/><D26/><U10/><E129/><V14/><F96/><W16/><G124/><N who="2" m="47721" /><F5/><W106/><G132/><N who="0" m="50731" /><D24/><U42/><E78/><N who="2" m="44367" /><F14/><W64/><G110/><T44/><D130/><U109/><E109/><V7/><F7/><W67/><G75/><T22/><D22/><U69/><E69/><V95/><F95/><W53/><G74/><T61/><AGARI ba="1,0" hai="15,18,23,39,41,44,56,61,65,101,102" m="50731" machi="61" ten="30,3000,0" yaku="20,1,52,1" doraHai="37" who="0" fromWho="0" sc="366,33,250,-11,250,-11,134,-11" /><INIT seed="0,2,0,0,2,100" ten="399,239,239,123" oya="0" hai0="39,16,51,123,40,43,6,20,78,30,98,75,118" hai1="82,99,13,36,77,84,63,15,61,48,29,64,131" hai2="23,113,88,76,49,120,12,91,95,42,44,132,87" hai3="108,101,46,112,85,21,9,0,38,102,122,18,31"/><T125/><D39/><U134/><E36/><V126/><F120/><W62/><G112/><T34/><D123/><U116/><E116/><V53/><F113/><W27/><G122/><T135/><D118/><U66/><E134/><V60/><F132/><W74/><G108/><T17/><D135/><U10/><E131/><V55/><F126/><W127/><G74/><T65/><D75/><U89/><E29/><V5/><F76/><W90/><G127/><T19/><D78/><U22/><E48/><V58/><F91/><W79/><G79/><T7/><D34/><U50/><E50/><V81/><F81/><W35/><G62/><T94/><D65/><U107/><E107/><V129/><F129/><W110/><G110/><T109/><D51/><U121/><E121/><V28/><F28/><W37/><G37/><T47/><D47/><U115/><E115/><V52/><F5/><N who="0" m="1546" /><D109/><U69/><E22/><V114/><F114/><W97/><G9/><T25/><D125/><U111/><E111/><V80/><F80/><W83/><G0/><T11/><D11/><U41/><E41/><V57/><F57/><W73/><G73/><T45/><D45/><U93/><E10/><V71/><F71/><AGARI ba="2,0" hai="13,15,61,63,64,66,69,71,77,82,84,89,93,99" machi="71" ten="30,2000,0" yaku="7,1,9,1" doraHai="100" who="1" fromWho="2" sc="399,0,239,26,239,-26,123,0" /><INIT seed="1,0,0,5,4,118" ten="399,265,213,123" oya="1" hai0="47,85,121,6,12,110,82,66,89,87,120,125,25" hai1="128,79,127,100,41,88,95,134,78,104,63,116,86" hai2="93,135,129,96,81,24,2,9,64,74,65,0,80" hai3="16,109,114,122,58,36,115,130,18,59,45,83,23"/><U77/><E116/><V98/><F74/><W10/><G36/><T8/><D66/><U99/><E41/><V69/><F69/><W123/><G45/><T60/><D60/><U105/><E127/><V35/><F35/><W48/><G48/><T106/><D106/><N who="1" m="63775" /><E134/><V67/><F135/><W43/><G43/><T26/><D125/><U49/><E63/><V17/><F24/><W108/><G83/><T94/><D47/><U73/><E128/><V76/><F9/><W55/><G10/><T21/><D21/><U31/><E31/><V7/><F76/><N who="1" m="29289" /><E49/><V14/><F14/><W131/><G55/><T126/><D126/><U84/><E73/><V72/><F72/><W27/><G23/><T56/><D56/><U119/><E119/><V53/><F7/><W30/><G27/><T46/><D46/><U54/><E54/><V42/><F53/><W29/><AGARI ba="0,0" hai="16,18,29,30,58,59,108,109,114,115,122,123,130,131" machi="29" ten="25,12000,2" yaku="0,1,22,2,52,2,54,1" doraHai="118" who="3" fromWho="3" sc="399,-30,265,-60,213,-30,123,120" /><INIT seed="2,0,0,3,5,116" ten="369,205,183,243" oya="2" hai0="56,30,129,68,71,123,125,38,23,21,35,61,95" hai1="115,69,36,14,121,84,96,120,104,4,113,134,105" hai2="76,58,97,24,16,43,88,63,98,81,19,50,37" hai3="73,70,92,85,99,130,3,77,0,13,109,124,6"/><V32/><F37/><W108/><G70/><T8/><D38/><U2/><E36/><V83/><F32/><W59/><G73/><T102/><D71/><U79/><E14/><V86/><F97/><W55/><G124/><T20/><D68/><U94/><E69/><V118/><F118/><W33/><G33/><T42/><D42/><U25/><E134/><V18/><F24/><W53/><G130/><T87/><D35/><U1/><E25/><V117/><F117/><W26/><G26/><T133/><D8/><U119/><E119/><V122/><F122/><N who="1" m="47209" /><E4/><V82/><F98/><W44/><G44/><T40/><D123/><U22/><E22/><V127/><F76/><W27/><G27/><T31/><D133/><U135/><E135/><V15/><F15/><W90/><G55/><T66/><D125/><U41/><E41/><V51/><F127/><W49/><G13/><T126/><D40/><U131/><E131/><V54/><F50/><W64/><G64/><T91/><D126/><U9/><E9/><V67/><REACH who="2" step="1"/><F43/><REACH who="2" ten="369,205,173,243" step="2"/><W47/><G3/><N who="1" m="1034" /><E79/><V12/><F12/><W132/><G132/><T7/><D129/><U93/><E84/><V45/><AGARI ba="0,1" hai="16,18,19,45,51,54,58,63,67,81,82,83,86,88" machi="45" ten="30,12000,1" yaku="1,1,0,1,8,1,54,2,53,0" doraHai="116" doraHaiUra="11" who="2" fromWho="2" sc="369,-40,205,-40,173,130,243,-40" /><INIT seed="2,1,0,1,2,128" ten="329,165,303,203" oya="2" hai0="26,41,1,42,63,130,18,108,77,119,38,14,85" hai1="61,96,35,102,51,135,56,66,129,122,101,45,25" hai2="115,76,57,40,6,127,98,28,37,133,17,99,131" hai3="94,48,123,20,21,116,100,49,5,2,9,54,120"/><V31/><F115/><W118/><G94/><T22/><D1/><U93/><E129/><V8/><F131/><W83/><G83/><T134/><D130/><U27/><E122/><V44/><F17/><W23/><G100/><T15/><D38/><U46/><E102/><V58/><F127/><W109/><G109/><T36/><D108/><U114/><E114/><V86/><F99/><W53/><G120/><T12/><D36/><U68/><E135/><V111/><F133/><W39/><G39/><T64/><D119/><U89/><E35/><V72/><F98/><W80/><G80/><T92/><D134/><U90/><E68/><V70/><F86/><W7/><G123/><T82/><D92/><U34/><E34/><V29/><F70/><W87/><G87/><T30/><D30/><U55/><REACH who="1" step="1"/><E45/><REACH who="1" ten="329,155,303,203" step="2"/><V91/><F111/><W75/><G75/><T3/><D3/><U125/><E125/><V60/><F72/><W95/><G95/><T126/><D126/><U97/><E97/><V71/><F71/><W11/><G21/><T117/><D117/><U112/><E112/><V4/><F44/><W81/><G81/><T16/><D18/><U32/><E32/><V88/><F31/><W74/><G74/><T105/><D105/><U10/><E10/><V67/><F29/><W132/><G132/><T43/><D26/><AGARI ba="1,1" hai="25,26,27,46,51,55,56,61,66,89,90,93,96,101" machi="26" ten="40,5200,0" yaku="1,1,8,1,53,1" doraHai="128" doraHaiUra="62" who="1" fromWho="0" sc="329,-55,155,65,303,0,203,0" /><INIT seed="3,0,0,5,3,65" ten="274,220,303,203" oya="3" hai0="87,25,55,30,89,125,126,48,10,117,82,60,83" hai1="67,62,106,45,71,8,100,116,128,98,80,7,97" hai2="72,50,6,40,17,32,94,34,79,38,52,22,112" hai3="21,121,75,129,127,109,85,114,53,42,77,93,101"/><W104/><G121/><T122/><D10/><U120/><E120/><V103/><F6/><W91/><G114/><T44/><D122/><U68/><E128/><V15/><F112/><W69/><G127/><T26/><D117/><U24/><E116/><V119/><F38/><W37/><G129/><T36/><D36/><U1/><E80/><V64/><F40/><W20/><G109/><T111/><D111/><U49/><E24/><V133/><F72/><W96/><G53/><T90/><D60/><U56/><REACH who="1" step="1"/><E98/><REACH who="1" ten="274,210,303,203" step="2"/><V4/><F119/><W70/><G42/><AGARI ba="0,1" hai="1,7,8,42,45,49,56,62,67,68,71,97,100,106" machi="42" ten="30,12000,2" yaku="1,1,2,1,7,1,52,2,53,1" doraHai="65" doraHaiUra="99" who="1" fromWho="3" sc="274,0,210,130,303,0,203,-120" /><INIT seed="4,0,0,1,1,96" ten="274,340,303,83" oya="0" hai0="63,46,125,0,25,94,40,39,101,20,71,95,93" hai1="5,49,50,56,32,130,60,112,92,102,44,121,4" hai2="11,110,119,15,91,18,90,78,12,87,45,66,9" hai3="109,13,131,106,47,103,89,23,111,8,132,52,133"/><T30/><D0/><U42/><E121/><V61/><F119/><W113/><G23/><T115/><D71/><U28/><E130/><V116/><F116/><W123/><G123/><T122/><D122/><U58/><E112/><V70/><F110/><N who="3" m="41995" /><G89/><T114/><D125/><U62/><E32/><V67/><F67/><W73/><G73/><T43/><D43/><U77/><E77/><V10/><F45/><W27/><G27/><T41/><D41/><U55/><E28/><V105/><F105/><W129/><G113/><N who="0" m="43019" /><D63/><U107/><E107/><V26/><F26/><W82/><G82/><T127/><D127/><U19/><E19/><V34/><F34/><W48/><G106/><T75/><D75/><U54/><E50/><V17/><F10/><W98/><G13/><T38/><D38/><U7/><E92/><V65/><F65/><W100/><G8/><T84/><D84/><U24/><E24/><V118/><F118/><W74/><G74/><T128/><D128/><N who="3" m="49225" /><G98/><AGARI ba="0,0" hai="20,25,30,39,40,46,93,94,95,98,101" m="43019" machi="98" ten="30,2900,0" yaku="15,1,52,1" doraHai="96" who="0" fromWho="3" sc="274,29,340,0,303,0,83,-29" /><INIT seed="4,1,0,1,3,29" ten="303,340,303,54" oya="0" hai0="81,68,96,102,63,65,103,100,74,1,78,132,110" hai1="79,35,66,109,121,43,72,61,80,104,93,124,67" hai2="11,64,71,86,99,8,26,52,91,70,128,19,54" hai3="16,20,92,125,9,89,123,0,106,111,51,49,40"/><T127/><D1/><U25/><E109/><V17/><F99/><W114/><G106/><T105/><D110/><U95/><E121/><V23/><F128/><W39/><G111/><T77/><D127/><U107/><E124/><V2/><F2/><W84/><G125/><T133/><D78/><U27/><E43/><V32/><F70/><W45/><G123/><T18/><D18/><U76/><E80/><V58/><F71/><W14/><G114/><T31/><D31/><U108/><E108/><V94/><F32/><W129/><G129/><T134/><D102/><U13/><E61/><N who="2" m="37943" /><F19/><W53/><G0/><T75/><D103/><U126/><E126/><V98/><F86/><AGARI ba="1,0" hai="63,65,68,74,75,77,81,86,96,100,105,132,133,134" machi="86" ten="40,2000,0" yaku="20,1" doraHai="29" who="0" fromWho="2" sc="303,23,340,0,303,-23,54,0" /><INIT seed="4,2,0,1,1,12" ten="326,340,280,54" oya="0" hai0="6,129,110,117,88,70,131,16,56,74,75,107,104" hai1="61,22,64,29,5,94,126,54,72,35,43,89,44" hai2="92,66,85,81,49,11,91,134,133,10,62,108,101" hai3="3,21,23,71,47,135,14,53,99,82,103,90,77"/><T45/><D6/><U59/><E72/><N who="0" m="27689" /><D70/><U67/><E126/><V42/><F42/><W55/><G3/><T26/><D45/><U36/><E35/><V69/><F49/><W19/><G71/><T13/><D117/><U46/><E5/><V116/><F116/><W60/><G135/><N who="2" m="51721" /><F108/><W31/><G90/><T17/><D26/><U102/><E102/><V34/><F34/><W68/><G68/><T9/><D56/><U113/><E113/><V97/><AGARI ba="2,0" hai="10,11,62,66,69,81,85,91,92,97,101" m="51721" machi="97" ten="30,1100,0" yaku="20,1" doraHai="12" who="2" fromWho="2" sc="326,-7,340,-5,280,17,54,-5" /><INIT seed="5,0,0,5,0,27" ten="319,335,297,49" oya="1" hai0="76,24,116,135,60,44,111,107,127,46,11,57,88" hai1="123,80,1,104,53,96,113,45,0,19,106,122,42" hai2="18,34,29,26,12,132,33,124,133,62,98,119,75" hai3="126,61,64,114,83,85,105,78,87,66,93,22,43"/><U7/><E113/><V89/><F75/><W84/><G105/><T129/><D107/><U97/><E53/><V49/><F119/><W110/><G110/><T3/><D116/><U77/><E19/><V14/><F34/><W81/><G114/><T39/><D111/><U68/><E68/><V58/><F49/><W47/><G126/><T90/><D127/><U70/><E70/><V101/><F124/><W121/><G121/><T79/><D39/><N who="1" m="21727" /><E0/><V6/><F89/><W54/><G22/><T65/><D11/><N who="1" m="2543" /><E96/><V10/><F12/><W102/><G54/><T120/><D3/><U37/><E37/><V72/><F72/><W118/><G118/><T67/><D120/><N who="1" m="46123" /><E97/><V74/><F74/><AGARI ba="0,0" hai="74,77,80,104,106" m="46123,2543,21727" machi="74" ten="30,2900,0" yaku="25,1,23,1" doraHai="27" who="1" fromWho="2" sc="319,0,335,29,297,-29,49,0" /><INIT seed="5,1,0,0,4,29" ten="319,364,268,49" oya="1" hai0="70,63,27,15,126,42,94,23,118,114,28,132,11" hai1="19,62,17,79,103,3,73,34,64,0,69,52,43" hai2="100,10,78,123,60,128,25,115,50,24,74,109,91" hai3="96,125,133,38,48,2,127,124,46,95,54,53,4"/><U51/><E43/><V121/><F109/><W116/><G4/><T33/><D118/><U80/><E103/><V47/><F100/><W135/><G2/><T82/><D42/><U61/><E34/><V76/><F60/><W16/><G116/><T57/><D70/><U56/><REACH who="1" step="1"/><E51/><REACH who="1" ten="319,354,268,49" step="2"/><V75/><F50/><W106/><G106/><T112/><D33/><U22/><E22/><V107/><F10/><W129/><G38/><T119/><D114/><U90/><E90/><V89/><F107/><W87/><G87/><T77/><D112/><U14/><E14/><V58/><F115/><W97/><G54/><T13/><D119/><U18/><AGARI ba="1,1" hai="0,3,17,18,19,52,56,61,62,64,69,73,79,80" machi="18" ten="30,6000,0" yaku="1,1,0,1,54,1,53,0" doraHai="29" doraHaiUra="113" who="1" fromWho="1" sc="319,-21,354,73,268,-21,49,-21" /><INIT seed="5,2,0,2,1,120" ten="298,427,247,28" oya="1" hai0="29,117,32,76,118,30,84,105,16,20,85,3,87" hai1="97,131,50,21,23,67,123,122,100,42,101,31,37" hai2="70,96,60,130,86,90,81,12,2,47,40,88,129" hai3="135,22,61,125,127,91,66,93,19,43,80,77,133"/><U113/><E37/><V57/><F2/><W25/><G43/><T92/><D105/><U24/><E131/><N who="2" m="50187" /><F70/><W33/><G33/><T114/><D3/><U68/><E113/><V55/><F12/><W104/><G104/><T72/><D92/><U41/><E21/><V36/><F96/><W71/><G91/><AGARI ba="2,0" hai="36,40,47,55,57,60,81,86,88,90,91" m="50187" machi="91" ten="30,2000,0" yaku="19,1,54,1" doraHai="120" who="2" fromWho="3" sc="298,0,427,0,247,26,28,-26" /><INIT seed="6,0,0,0,3,115" ten="298,427,273,2" oya="2" hai0="88,5,80,24,86,65,66,26,4,7,51,18,34" hai1="93,32,55,95,33,47,62,134,120,94,82,135,113" hai2="21,38,17,14,92,28,130,116,125,111,69,1,50" hai3="27,16,53,64,54,31,20,78,119,40,25,8,73"/><V112/><F38/><W87/><G119/><T97/><D34/><N who="1" m="13419" /><E113/><V108/><F112/><W75/><G64/><T100/><D51/><N who="1" m="29183" /><E62/><V128/><F69/><W60/><G40/><T58/><D58/><U90/><E120/><V46/><F1/><W72/><G60/><T36/><D36/><U79/><E79/><V105/><F105/><W71/><G71/><T114/><D114/><U67/><E67/><N who="0" m="25609" /><D18/><U43/><E43/><N who="2" m="24927" /><F116/><W57/><G57/><T91/><D100/><U68/><E82/><V29/><F92/><AGARI ba="0,0" hai="4,5,7,24,26,80,86,88,91,92,97" m="25609" machi="92" ten="30,2000,0" yaku="8,1,54,1" doraHai="115" who="0" fromWho="2" sc="298,20,427,0,273,-20,2,0" /><INIT seed="7,0,0,3,3,64" ten="318,427,253,2" oya="3" hai0="14,71,111,105,77,43,80,19,28,36,115,121,132" hai1="101,126,51,68,83,29,123,118,94,56,104,23,41" hai2="107,85,11,8,54,16,26,17,135,61,27,98,130" hai3="22,103,125,79,96,112,82,60,15,75,120,86,31"/><W67/><G120/><T45/><D14/><U119/><E68/><V124/><F124/><W109/><G109/><T35/><D19/><U13/><E126/><V32/><F135/><W12/><G125/><T58/><D58/><U44/><E123/><V128/><F130/><W93/><G112/><T100/><D121/><U0/><E0/><V70/><F128/><W5/><G75/><N who="0" m="43071" /><D132/><U78/><E104/><V76/><F107/><W10/><G31/><T133/><D133/><U122/><E122/><V73/><F73/><W42/><G42/><T2/><D115/><U21/><E29/><V53/><F98/><W88/><G22/><T6/><D111/><U4/><E56/><V37/><F85/><W3/><G103/><T113/><D113/><U20/><E78/><V110/><F76/><W106/><G106/><T116/><D116/><N who="1" m="44587" /><E83/><V1/><F110/><W7/><G7/><T81/><D81/><U40/><E40/><V63/><F37/><W131/><G131/><T50/><D50/><U55/><E41/><V49/><F49/><W84/><G84/><T117/><D117/><U46/><E46/><V30/><F30/><W91/><G91/><T127/><D127/><U24/><E4/><V89/><F1/><W47/><G47/><T69/><D28/><N who="1" m="17415" /><E13/><V72/><F72/><W66/><G66/><T34/><D100/><U108/><E108/><V48/><F48/><W87/><G87/><T33/><D105/><U38/><E38/><V92/><F89/><W102/><G102/><T52/><D52/><U90/><E101/><V25/><F54/><W18/><G18/><RYUUKYOKU ba="0,0" sc="318,10,427,10,253,-30,2,10" hai0="2,6,33,34,35,36,43,45,69,71" hai1="21,23,44,51,55,90,94" hai3="3,5,10,12,15,60,67,79,82,86,88,93,96" /><INIT seed="7,1,0,5,5,37" ten="328,437,223,12" oya="3" hai0="4,95,58,2,54,10,45,63,76,128,28,125,61" hai1="87,85,48,44,130,30,86,12,117,82,53,62,18" hai2="127,56,78,113,52,108,133,60,97,67,124,14,33" hai3="84,71,43,110,129,132,79,100,111,24,32,17,64"/><W89/><G79/><T96/><D125/><U23/><E130/><V103/><F78/><W112/><G100/><T68/><D128/><U106/><E106/><V114/><F33/><W121/><G121/><T19/><D28/><U27/><E117/><V15/><F133/><W47/><G129/><T80/><D19/><U118/><E118/><V122/><F122/><W73/><G73/><T42/><D68/><U11/><E62/><V83/><F83/><AGARI ba="1,0" hai="11,12,18,23,27,30,44,48,53,82,83,85,86,87" machi="83" ten="40,1300,0" yaku="8,1" doraHai="37" who="1" fromWho="2" sc="328,0,437,16,223,-16,12,0" owari="328,13.0,453,55.0,207,-19.0,12,-49.0" /></mjloggm>