<mjloggm ver="2.3"><GO type="169" lobby="0"/><UN n0="%E3%83%88%E3%83%88%E3%83%AA%E5%85%88%E7%94%9F%31%39%E6%AD%B3" n1="%E5%96%A7%E5%98%A9%E5%B8%AB%E2%98%86%E8%8A%B1%E5%B1%B1" n2="%E2%98%86%EF%BC%B2%EF%BC%8E%EF%BC%A4%EF%BC%8E%E2%98%85" n3="%E3%82%8C%E3%81%A3%E3%81%A9%E3%81%82%E3%81%84" dan="18,16,16,16" rate="2274.71,2092.06,2126.96,2109.86" sx="F,M,M,M"/><TAIKYOKU oya="0"/><INIT seed="0,0,0,3,3,24" ten="250,250,250,250" oya="0" hai0="84,91,49,104,44,41,132,32,9,128,17,116,126" hai1="35,68,75,34,70,82,7,89,43,117,46,22,97" hai2="122,67,25,38,11,37,65,40,21,120,95,127,124" hai3="39,2,96,86,3,27,62,69,125,51,13,56,111"/><T134/><D116/><U16/><E117/><V121/><F95/><W76/><G39/><N who="2" m="14857" /><F11/><W33/><G111/><T118/><D118/><U26/><E7/><V15/><F15/><W66/><G125/><N who="2" m="48201" /><F40/><W90/><G13/><N who="0" m="7343" /><D126/><U98/><E75/><V129/><F129/><W19/><G76/><T88/><D32/><U57/><E82/><V1/><F1/><W105/><G19/><AGARI ba="0,0" hai="19,21,25,65,67,120,121,122" m="48201,14857" machi="19" ten="40,1300,0" yaku="18,1" doraHai="24" who="2" fromWho="3" sc="250,0,250,0,250,13,250,-13" /><INIT seed="1,0,0,1,3,65" ten="250,250,263,237" oya="1" hai0="22,29,75,2,79,50,1,3,86,91,35,40,94" hai1="97,126,61,38,21,31,8,134,114,90,105,129,103" hai2="30,64,26,117,39,73,25,112,57,102,44,62,12" hai3="54,17,76,10,128,43,82,118,41,7,68,55,52"/><U67/><E114/><V33/><F117/><W56/><G118/><T24/><D75/><U116/><E116/><V99/><F73/><W63/><G128/><T85/><D40/><U123/><E129/><V98/><F112/><W127/><G127/><T58/><D50/><U104/><E126/><V115/><F115/><W108/><G108/><T66/><D58/><U5/><E134/><V87/><F26/><W109/><G109/><T20/><D79/><U11/><E38/><V59/><F12/><N who="3" m="7319" /><G63/><T93/><REACH who="0" step="1"/><D66/><REACH who="0" ten="240,250,263,237" step="2"/><U51/><E51/><V32/><F57/><W132/><G132/><T0/><N who="0" m="0" /><DORA hai="84" /><T45/><D45/><U72/><E72/><V96/><F44/><W74/><G43/><T83/><D83/><U92/><E67/><V16/><F39/><W119/><G82/><T49/><D49/><U78/><E78/><V77/><F77/><W4/><G41/><T60/><D60/><U27/><E61/><V106/><F59/><W110/><G76/><T101/><D101/><U28/><E103/><V13/><F62/><W70/><G74/><T36/><D36/><U18/><E123/><V69/><F64/><W15/><G110/><T42/><D42/><U89/><E89/><AGARI ba="0,1" hai="20,22,24,29,35,85,86,89,91,93,94" m="0" machi="89" ten="70,8000,1" yaku="1,1,9,1,52,2,53,0" doraHai="65,84" doraHaiUra="53,125" who="0" fromWho="1" sc="240,90,250,-80,263,0,237,0" /><INIT seed="2,0,0,2,5,22" ten="330,170,263,237" oya="2" hai0="63,52,11,15,53,3,31,129,59,17,133,104,5" hai1="120,88,116,130,43,73,7,135,111,68,80,2,54" hai2="98,30,75,38,46,49,67,110,14,119,91,37,99" hai3="10,58,65,97,0,6,51,93,66,20,41,131,33"/><V121/><F119/><W36/><G131/><T74/><D104/><U118/><E111/><V126/><F121/><W47/><G33/><T26/><D129/><U86/><E130/><V13/><F126/><W95/><G20/><N who="0" m="11327" /><D133/><U60/><E135/><V102/><F75/><W72/><G72/><T1/><D74/><U115/><E115/><V25/><F110/><W27/><G27/><T113/><D3/><U34/><E120/><V32/><F67/><W127/><G127/><T108/><D108/><U40/><E73/><V123/><F123/><W69/><G69/><T56/><D113/><U78/><E78/><V77/><F77/><W18/><G18/><T96/><D96/><U85/><E85/><V90/><F37/><W9/><G9/><T114/><D114/><U100/><E34/><V4/><F38/><W101/><G95/><T124/><D124/><U23/><E2/><V103/><F98/><W125/><G125/><T12/><D12/><U42/><E7/><V24/><F24/><W92/><G92/><T84/><D84/><U122/><E122/><V83/><F13/><W35/><G35/><N who="0" m="20983" /><D56/><N who="1" m="34839" /><E68/><V61/><F32/><W50/><G36/><T117/><D117/><U132/><E132/><V48/><F99/><W45/><REACH who="3" step="1"/><G58/><REACH who="3" ten="330,170,263,227" step="2"/><T70/><D70/><U107/><E23/><V81/><F25/><W112/><G112/><T39/><D39/><U64/><E116/><V89/><F4/><W21/><G21/><T44/><D44/><U29/><E118/><V128/><F46/><W57/><G57/><T28/><D28/><U94/><E29/><V71/><F128/><RYUUKYOKU ba="0,1" sc="330,15,170,-15,263,-15,227,15" hai0="1,5,11,52,53,59,63" hai3="0,6,10,41,45,47,50,51,65,66,93,97,101" /><INIT seed="3,1,1,2,5,37" ten="345,155,248,242" oya="3" hai0="26,61,92,93,43,103,98,68,10,97,75,42,59" hai1="52,50,40,131,53,45,132,6,69,12,112,107,32" hai2="54,9,65,124,90,21,46,41,31,82,22,34,76" hai3="94,47,2,84,62,71,125,83,129,88,7,66,4"/><W115/><G115/><T49/><D75/><U14/><E112/><V20/><F124/><W13/><G125/><T39/><D39/><U78/><E32/><V120/><F120/><W102/><G129/><T91/><D68/><U63/><E107/><V87/><F65/><W79/><G102/><T119/><D119/><U11/><E131/><V60/><F34/><W105/><G105/><T135/><D135/><U126/><E126/><V44/><F9/><W38/><G2/><T67/><D49/><U48/><E132/><V0/><F0/><W106/><G106/><T19/><D10/><U101/><E101/><V118/><F118/><W25/><G25/><T29/><REACH who="0" step="1"/><D19/><REACH who="0" ten="335,155,248,242" step="2"/><U16/><E48/><V133/><F133/><W73/><REACH who="3" step="1"/><G13/><REACH who="3" ten="335,155,248,232" step="2"/><T81/><D81/><U77/><E14/><V109/><F82/><W36/><G36/><T122/><D122/><U24/><E12/><V35/><F109/><W111/><G111/><T121/><D121/><U108/><E108/><V27/><F27/><W74/><G74/><T86/><D86/><U23/><E24/><V130/><F87/><W8/><G8/><T116/><D116/><U117/><E11/><V17/><F130/><W58/><G58/><T72/><D72/><U1/><E117/><V95/><F44/><W57/><G57/><T30/><D30/><U127/><E127/><V113/><F46/><W110/><G110/><T114/><D114/><U80/><E1/><V15/><F15/><W51/><G51/><T99/><D99/><U85/><E50/><V70/><F113/><W128/><G128/><T3/><D3/><RYUUKYOKU ba="1,3" sc="335,15,155,-15,248,-15,232,15" hai0="26,29,42,43,59,61,67,91,92,93,97,98,103" hai3="4,7,38,47,62,66,71,73,79,83,84,88,94" /><INIT seed="3,2,3,2,4,45" ten="350,140,233,247" oya="3" hai0="107,72,54,134,36,22,125,94,33,7,96,73,115" hai1="75,52,1,65,135,29,59,6,132,25,116,110,93" hai2="120,87,106,64,88,12,117,131,113,41,48,103,124" hai3="99,90,34,70,21,67,61,46,55,57,66,74,16"/><W121/><G34/><T20/><D33/><U51/><E75/><V133/><F113/><W38/><G74/><T77/><D107/><U2/><E110/><V13/><F117/><W119/><G119/><T111/><D36/><U104/><E104/><V35/><F35/><W68/><G121/><T123/><D123/><U85/><E116/><V118/><F118/><W105/><G70/><T79/><D111/><U63/><E6/><V80/><F120/><W98/><G98/><T109/><D109/><U26/><E85/><V78/><F124/><W69/><G69/><T50/><D125/><U14/><E14/><V114/><F114/><W89/><G89/><T24/><D134/><N who="1" m="51243" /><E93/><V15/><F131/><W40/><G68/><T86/><D7/><U49/><E26/><V32/><F32/><W11/><G11/><T10/><D10/><U95/><E95/><V18/><F64/><W62/><G62/><T43/><D86/><U71/><E49/><V122/><F122/><W47/><G105/><T76/><D72/><U23/><AGARI ba="2,3" hai="1,2,23,25,29,51,52,59,63,65,71" m="51243" machi="23" ten="30,4000,0" yaku="20,1,52,1,54,1" doraHai="45" who="1" fromWho="1" sc="350,-12,140,76,233,-12,247,-22" /><INIT seed="4,0,0,4,2,67" ten="338,216,221,225" oya="0" hai0="74,59,134,61,13,121,50,119,49,77,103,39,110" hai1="28,62,79,128,116,99,9,115,36,132,93,32,37" hai2="54,26,27,98,120,71,84,15,68,83,70,29,33" hai3="117,101,51,72,48,6,56,1,97,58,35,57,45"/><T18/><D119/><U73/><E116/><V53/><F120/><W123/><G123/><T106/><D121/><U42/><E128/><V0/><F0/><W44/><G35/><T43/><D134/><U47/><E132/><V127/><F127/><W131/><G72/><T17/><D110/><U87/><E73/><V88/><F26/><W85/><G131/><T111/><D111/><U126/><E126/><V7/><REACH who="2" step="1"/><F98/><REACH who="2" ten="338,216,211,225" step="2"/><W25/><G117/><T34/><D13/><U95/><E99/><V64/><F64/><W135/><G25/><T89/><D34/><U55/><E32/><V130/><F130/><W80/><G135/><T90/><D18/><U22/><E28/><V92/><F92/><N who="3" m="58535" /><G1/><T96/><D17/><U16/><E16/><V75/><F75/><W65/><G6/><T122/><D122/><U12/><E95/><V40/><F40/><W10/><G65/><T86/><D74/><U20/><E93/><V105/><F105/><W2/><G2/><T81/><D43/><U60/><E42/><V125/><F125/><W100/><G10/><AGARI ba="0,1" hai="7,10,15,27,29,33,53,54,68,70,71,83,84,88" machi="10" ten="40,8000,1" yaku="1,1,52,3,54,1,53,0" doraHai="67" doraHaiUra="109" who="2" fromWho="3" sc="338,0,216,0,211,90,225,-80" /><INIT seed="5,0,0,0,5,130" ten="338,216,301,145" oya="1" hai0="131,24,50,66,38,52,85,55,17,64,104,119,14" hai1="84,48,28,4,95,6,19,102,112,93,74,79,107" hai2="53,126,127,20,15,96,78,40,34,41,51,33,90" hai3="97,62,99,67,61,10,22,39,103,110,132,134,12"/><U114/><E28/><V109/><F109/><W58/><G110/><T135/><D119/><U59/><E74/><V108/><F108/><W36/><G22/><T115/><D38/><U57/><E107/><V3/><F3/><W105/><G99/><T92/><D104/><U123/><E123/><V21/><F78/><W111/><G111/><T2/><D2/><U71/><E71/><V129/><F129/><W26/><G26/><T82/><D131/><U47/><E19/><N who="2" m="10367" /><F21/><W89/><G89/><N who="0" m="51383" /><D24/><U5/><E102/><V16/><F16/><N who="3" m="8215" /><G61/><T125/><D17/><U68/><E68/><V30/><F90/><W49/><G49/><T77/><D50/><U60/><E79/><V0/><F96/><W80/><G80/><T124/><D14/><U45/><E48/><V101/><F0/><W83/><G83/><T133/><D77/><U43/><E84/><V42/><F101/><W117/><G117/><T70/><D70/><U72/><E72/><V106/><F106/><W81/><G81/><T11/><D11/><U86/><E86/><V31/><F33/><W46/><G46/><T121/><D121/><U23/><E23/><V8/><F8/><W128/><G128/><T44/><D44/><U75/><E75/><V18/><F34/><W27/><G27/><T13/><D92/><U76/><E76/><V98/><F30/><W25/><G25/><T120/><D120/><U1/><E1/><V32/><F32/><W73/><G73/><T122/><D122/><U100/><E100/><V91/><F31/><W56/><G56/><T69/><D69/><U113/><E59/><RYUUKYOKU ba="0,0" sc="338,-10,216,-10,301,-10,145,30" hai3="36,39,58,62,67,97,103,105,132,134" /><INIT seed="6,1,0,2,4,107" ten="328,206,291,175" oya="2" hai0="25,79,24,125,29,119,97,90,131,2,51,105,85" hai1="96,111,27,3,52,31,89,45,134,88,135,72,118" hai2="18,110,0,47,39,26,9,84,94,109,126,44,42" hai3="73,17,66,78,74,55,40,128,113,60,14,65,38"/><V49/><F126/><W81/><G128/><T8/><D131/><U54/><E111/><V58/><F58/><W61/><G113/><T106/><D125/><U132/><E3/><V63/><F63/><W6/><G6/><T123/><D123/><U59/><E118/><V53/><F26/><W28/><G28/><T50/><D79/><U4/><E4/><V16/><F0/><W75/><G55/><N who="1" m="21034" /><E59/><V71/><F71/><W127/><G127/><T117/><D85/><U23/><E45/><V133/><F9/><W64/><G40/><T122/><D90/><N who="1" m="34923" /><E96/><V115/><F44/><W87/><REACH who="3" step="1"/><G38/><REACH who="3" ten="328,206,291,165" step="2"/><T83/><D119/><U21/><E21/><AGARI ba="1,1" hai="14,17,21,60,61,64,65,66,73,74,75,78,81,87" machi="21" ten="50,8000,1" yaku="1,1,2,1,52,3,53,0" doraHai="107" doraHaiUra="30" who="3" fromWho="1" sc="328,0,206,-83,291,0,165,93" /><INIT seed="7,0,0,1,2,20" ten="328,123,291,258" oya="3" hai0="13,110,130,36,9,8,66,82,94,18,87,77,68" hai1="104,69,101,74,30,96,113,122,43,46,51,117,67" hai2="0,92,6,12,62,134,2,65,32,63,31,106,93" hai3="103,78,88,132,11,108,26,37,14,27,131,25,71"/><W23/><G71/><T99/><D110/><U72/><E122/><V48/><F134/><W86/><G37/><T21/><D36/><U85/><E113/><V44/><F106/><W28/><G132/><T133/><D133/><U29/><E29/><V4/><F32/><W60/><G108/><T3/><D130/><U33/><E85/><V91/><F31/><W15/><G131/><T38/><D38/><U55/><E55/><V57/><F62/><W22/><G103/><T41/><D41/><U76/><E76/><V90/><F0/><W114/><G114/><T75/><D3/><U50/><E50/><V119/><F119/><W35/><G78/><T40/><D40/><U128/><E128/><V73/><F2/><W98/><G98/><T52/><D75/><U54/><E54/><N who="2" m="29959" /><F73/><W105/><G105/><T109/><D109/><U53/><E53/><V107/><F107/><W123/><G123/><T19/><D52/><U49/><E49/><V97/><F12/><N who="3" m="4651" /><G60/><T79/><D79/><U58/><E58/><V10/><F10/><W5/><G35/><T83/><D9/><U64/><E64/><V112/><F112/><W118/><G118/><T1/><D66/><U129/><E129/><V42/><F42/><W115/><G115/><T80/><D68/><U45/><E45/><V70/><F70/><W84/><G28/><T135/><D1/><U124/><E124/><V120/><F120/><W7/><G11/><T111/><D111/><U100/><E100/><V125/><F125/><W127/><G127/><T24/><D135/><U102/><E117/><V39/><F39/><RYUUKYOKU ba="0,0" sc="328,15,123,-15,291,15,258,-15" hai0="8,13,18,19,21,24,77,80,82,83,87,94,99" hai2="4,6,57,63,65,90,91,92,93,97" owari="343,44.0,108,-39.0,306,11.0,243,-16.0" /></mjloggm>