<mjloggm ver="2.3"><GO type="169" lobby="0"/><UN n0="%E3%82%B3%E3%83%BC%E3%83%A9%E4%B8%8B%E3%81%95%E3%81%84" n1="%E3%82%A6%E3%83%AB%E3%83%88%E3%83%A9%E7%AB%8B%E7%9B%B4" n2="%E3%81%8D%E3%81%BE%E3%81%99" n3="%6D%6F%79%6F" dan="16,16,16,17" rate="2165.70,2128.17,2097.16,2092.05" sx="M,M,M,F"/><TAIKYOKU oya="0"/><INIT seed="0,0,0,2,2,70" ten="250,250,250,250" oya="0" hai0="81,85,116,114,127,34,96,49,133,83,80,22,100" hai1="51,62,25,88,105,91,119,21,90,45,98,42,89" hai2="102,120,26,113,93,15,71,79,17,58,35,74,84" hai3="38,59,73,124,125,108,75,87,9,101,99,63,54"/><T134/><D34/><U20/><E119/><V8/><F71/><W29/><G108/><T109/><D116/><U50/><E105/><V78/><F113/><W95/><G9/><T117/><D117/><U53/><E62/><V72/><F120/><W12/><G12/><T43/><D22/><U14/><E14/><V60/><F74/><W23/><G87/><T1/><D1/><U103/><E103/><V0/><F0/><W129/><G129/><T33/><D33/><U37/><E37/><V16/><F72/><W128/><G128/><T5/><D5/><U41/><E41/><V67/><F35/><W19/><G29/><T48/><D114/><U18/><E21/><N who="2" m="13615" /><F84/><W86/><G86/><T76/><D127/><N who="3" m="48713" /><G38/><T104/><D109/><U46/><N who="1" m="22528" /><DORA hai="55" /><U107/><REACH who="1" step="1"/><E107/><REACH who="1" ten="250,240,250,250" step="2"/><V123/><F123/><W27/><AGARI ba="0,1" hai="19,23,27,54,59,63,73,75,95,99,101" m="48713" machi="27" ten="30,2000,0" yaku="18,1,52,1" doraHai="70,55" who="3" fromWho="3" sc="250,-10,240,-5,250,-5,250,30" /><INIT seed="1,0,0,3,2,8" ten="240,235,245,280" oya="1" hai0="117,62,17,9,114,134,92,64,21,63,56,111,125" hai1="97,84,19,75,108,28,12,50,101,121,10,77,133" hai2="29,39,13,16,42,26,98,35,127,43,55,32,51" hai3="87,90,45,70,110,118,116,18,124,83,15,61,81"/><U67/><E121/><V131/><F35/><W40/><G110/><T103/><D111/><U31/><E108/><V107/><F131/><W115/><G115/><T106/><D117/><N who="3" m="45161" /><G124/><T89/><D134/><U135/><E75/><V128/><F39/><N who="3" m="21663" /><G61/><T37/><D37/><U132/><E67/><V79/><F79/><W7/><G7/><T6/><D62/><U73/><E84/><V54/><F54/><W38/><G38/><T109/><D125/><U25/><E50/><V3/><F3/><W49/><G49/><T126/><D126/><U82/><REACH who="1" step="1"/><E25/><REACH who="1" ten="240,225,245,280" step="2"/><V46/><F127/><W30/><G87/><T100/><D109/><U68/><E68/><V33/><F128/><W119/><G70/><T65/><D64/><U5/><E5/><V122/><F122/><W48/><G48/><T130/><D130/><U4/><E4/><V91/><F43/><W88/><G119/><T80/><D114/><U95/><AGARI ba="0,1" hai="10,12,19,28,31,73,77,82,95,97,101,132,133,135" machi="95" ten="30,11700,0" yaku="1,1,0,1,20,1,52,1,53,0" doraHai="8" doraHaiUra="71" who="1" fromWho="1" sc="240,-39,225,127,245,-39,280,-39" /><INIT seed="1,1,0,5,2,26" ten="201,352,206,241" oya="1" hai0="120,124,67,123,69,42,121,10,54,133,87,5,24" hai1="94,20,47,79,134,45,83,34,58,55,114,41,40" hai2="81,113,38,9,60,66,78,16,77,6,95,0,92" hai3="107,59,21,57,28,105,73,35,43,4,52,11,56"/><U93/><E34/><V48/><F38/><W82/><G35/><T63/><D124/><U44/><E114/><V19/><F113/><W80/><G43/><N who="1" m="16458" /><E134/><V27/><F48/><W12/><G107/><T104/><D104/><U130/><E130/><V29/><F92/><N who="1" m="35433" /><E20/><V31/><F95/><W75/><G75/><T88/><D42/><U111/><E111/><V72/><F78/><W32/><G32/><T129/><D129/><U33/><E33/><V125/><F125/><W100/><G73/><T96/><D96/><U135/><E135/><V112/><F112/><W68/><G68/><T128/><D128/><U99/><E99/><V53/><F19/><W110/><G110/><T102/><D133/><U106/><E106/><V49/><F16/><W23/><G23/><T74/><D74/><U14/><E14/><V89/><F27/><N who="3" m="16495" /><G105/><T115/><D24/><U37/><E37/><V86/><F72/><W8/><G8/><T70/><D70/><U118/><E118/><V50/><F0/><W65/><G65/><T7/><D115/><U1/><E1/><V108/><F66/><W85/><G12/><T98/><D98/><U61/><E79/><V101/><F77/><W36/><G11/><T127/><D10/><U17/><E17/><V132/><F9/><W64/><G64/><T91/><D127/><U122/><E122/><V117/><F132/><W71/><G71/><T46/><D120/><U25/><E25/><V103/><F108/><W90/><G36/><T62/><D121/><U109/><E109/><V97/><F117/><W76/><G76/><T51/><D123/><RYUUKYOKU ba="1,0" sc="201,-10,352,30,206,-10,241,-10" hai1="44,45,47,55,58,61,83" /><INIT seed="1,2,0,5,4,65" ten="191,382,196,231" oya="1" hai0="19,41,101,126,110,45,92,108,59,61,88,3,62" hai1="55,60,113,75,76,118,48,15,17,7,119,93,32" hai2="37,43,1,53,82,14,35,86,130,72,25,5,74" hai3="36,104,0,44,24,47,54,26,103,83,73,21,30"/><U69/><E32/><V67/><F67/><W87/><G73/><T81/><D3/><U134/><E113/><V46/><F1/><W99/><G0/><T40/><D126/><U111/><E111/><N who="0" m="42537" /><D101/><U2/><E134/><V18/><F130/><W112/><G112/><T56/><D81/><U51/><E7/><V135/><F53/><W77/><G36/><T78/><D78/><U8/><E2/><V42/><F42/><W95/><G54/><N who="0" m="33943" /><D19/><U66/><E51/><V22/><F135/><W4/><G4/><T105/><D105/><U131/><E131/><V20/><F35/><W80/><G80/><T31/><D31/><U129/><E129/><V97/><F5/><W117/><G117/><T133/><D45/><U63/><E76/><V123/><F123/><W13/><G104/><T116/><D116/><U115/><E75/><V128/><F128/><W6/><G26/><T102/><D102/><U106/><E106/><V52/><F74/><W85/><G85/><N who="0" m="52239" /><D133/><U132/><E132/><V89/><F72/><W33/><G33/><T49/><D49/><U107/><E107/><V127/><F127/><W90/><G103/><T120/><D120/><U121/><E121/><V34/><F37/><W70/><G47/><T39/><D39/><U68/><E115/><V125/><F125/><W10/><REACH who="3" step="1"/><G44/><REACH who="3" ten="191,382,196,221" step="2"/><T11/><D41/><U100/><E100/><V96/><F43/><W28/><G28/><T57/><D40/><U109/><E109/><V124/><F124/><W114/><G114/><T58/><D62/><U84/><E63/><V94/><F46/><W9/><G9/><AGARI ba="2,1" hai="9,11,57,58,59" m="52239,33943,42537" machi="9" ten="30,3900,0" yaku="6,1,14,1,54,1" doraHai="65" who="0" fromWho="3" sc="191,55,382,0,196,0,221,-45" /><INIT seed="2,0,0,0,4,113" ten="246,382,196,176" oya="2" hai0="135,18,19,73,9,104,92,51,109,110,36,40,91" hai1="60,41,80,105,0,128,133,37,90,112,3,11,89" hai2="1,32,28,64,124,31,99,93,132,62,8,7,108" hai3="71,127,78,15,107,23,79,4,45,57,125,33,121"/><V118/><F132/><W54/><G33/><T106/><D73/><U117/><E105/><V87/><F32/><W83/><G71/><T34/><D36/><U94/><E112/><V129/><F129/><W27/><G107/><T61/><D135/><U38/><E38/><V30/><F124/><W49/><G121/><T84/><D34/><U59/><E133/><V24/><F108/><N who="0" m="41578" /><D61/><U134/><E134/><V35/><F118/><W111/><G111/><T77/><D77/><U6/><E0/><V120/><F87/><W42/><G79/><T103/><D103/><U119/><E128/><V75/><F75/><W14/><G127/><T20/><D9/><U72/><E90/><V52/><F120/><W114/><G114/><T2/><D18/><U88/><E89/><V86/><F86/><W68/><G68/><T56/><D2/><U44/><E94/><V29/><F52/><W50/><G4/><T39/><D39/><U115/><E115/><V130/><F130/><W58/><G58/><T25/><D40/><U65/><E88/><V17/><F17/><W116/><G116/><T81/><D81/><U43/><E43/><V74/><F74/><W5/><G5/><T22/><D22/><U95/><E95/><V16/><F16/><N who="3" m="12775" /><G125/><T21/><D21/><U70/><E59/><N who="2" m="36959" /><F30/><W47/><G47/><T55/><AGARI ba="0,0" hai="19,20,25,51,55,56,84,91,92,104,106" m="41578" machi="55" ten="30,1100,0" yaku="14,1" doraHai="113" who="0" fromWho="0" sc="246,11,382,-3,196,-5,176,-3" /><INIT seed="3,0,0,5,0,83" ten="257,379,191,173" oya="3" hai0="48,53,6,5,54,102,106,117,46,23,122,8,114" hai1="69,31,56,59,123,10,125,1,78,93,25,12,113" hai2="95,19,116,112,11,96,39,132,131,57,97,77,63" hai3="60,109,20,72,32,128,51,35,17,2,37,47,30"/><W38/><G2/><T18/><D117/><U89/><E69/><V64/><F112/><W135/><G72/><T24/><D122/><U88/><E1/><V134/><F116/><W105/><G105/><T36/><D36/><U33/><E123/><V99/><F39/><W9/><G135/><N who="2" m="51753" /><F77/><W45/><G9/><T75/><D75/><U79/><E113/><V16/><F131/><W50/><G128/><T42/><D114/><U124/><E79/><V3/><F95/><W100/><G100/><T130/><D130/><U73/><E78/><V115/><F115/><W49/><G109/><T67/><D67/><U111/><E73/><V26/><F26/><W4/><G4/><AGARI ba="0,0" hai="3,4,11,16,19,57,63,64,96,97,99" m="51753" machi="4" ten="30,2000,0" yaku="20,1,54,1" doraHai="83" who="2" fromWho="3" sc="257,0,379,0,191,20,173,-20" /><INIT seed="4,0,0,1,4,87" ten="257,379,211,153" oya="0" hai0="63,104,85,19,15,111,124,26,69,88,35,132,2" hai1="44,49,32,43,73,127,56,71,96,102,3,90,70" hai2="7,68,119,74,80,27,11,55,62,86,18,65,128" hai3="118,94,89,134,57,135,36,34,33,42,39,12,120"/><T101/><D2/><U72/><E32/><V114/><F74/><W1/><G1/><T22/><D124/><U41/><E3/><V131/><F114/><W123/><G118/><T16/><D132/><N who="3" m="50729" /><G12/><T83/><D111/><U116/><E127/><V4/><F55/><W106/><G106/><T84/><D104/><U0/><E0/><V110/><F110/><W51/><G57/><T10/><D101/><U78/><E116/><V130/><F119/><W122/><G51/><T61/><D69/><U93/><E73/><V60/><F60/><W67/><G67/><T28/><D84/><U8/><E8/><V82/><F82/><W109/><G109/><T30/><D30/><U14/><E14/><AGARI ba="0,0" hai="10,14,15,16,19,22,26,28,35,61,63,83,85,88" machi="14" ten="30,11600,0" yaku="7,1,52,1,54,2" doraHai="87" who="0" fromWho="1" sc="257,116,379,-116,211,0,153,0" /><INIT seed="4,1,0,2,0,58" ten="373,263,211,153" oya="0" hai0="47,35,24,9,86,43,87,23,115,50,22,91,60" hai1="15,117,78,4,72,77,130,42,95,68,29,94,36" hai2="109,5,70,14,52,84,92,2,54,104,37,55,118" hai3="73,38,107,105,64,103,96,8,49,56,126,11,76"/><T108/><D115/><U97/><E117/><V57/><F109/><W85/><G38/><T121/><D121/><U88/><E130/><V114/><F70/><W93/><G126/><T66/><D108/><U75/><E68/><V27/><F37/><W83/><G107/><T63/><D35/><U16/><E36/><V69/><F104/><W12/><G12/><T98/><D66/><U128/><E128/><V31/><F2/><W102/><G102/><T10/><D98/><N who="1" m="57671" /><E75/><V112/><F69/><W7/><G7/><T39/><D39/><U123/><E72/><V18/><F5/><W44/><G56/><T45/><D45/><U40/><E29/><V113/><F118/><W30/><G30/><N who="0" m="17687" /><D23/><N who="1" m="11679" /><E4/><V90/><F31/><W34/><G64/><T119/><D86/><U1/><E1/><V116/><F116/><W81/><G34/><T61/><D119/><U62/><E62/><N who="2" m="36135" /><F27/><W110/><G110/><T120/><D120/><U53/><E53/><V13/><F13/><W111/><G111/><T28/><D28/><U3/><E3/><V6/><F6/><W0/><G0/><T125/><D125/><U127/><E127/><V82/><F14/><W41/><REACH who="3" step="1"/><G105/><REACH who="3" ten="373,263,211,143" step="2"/><T122/><D122/><U19/><E123/><V79/><F113/><W46/><G46/><T133/><D133/><U100/><E19/><V129/><F18/><W124/><G124/><T48/><D48/><U132/><E132/><V134/><F134/><W17/><G17/><T89/><D50/><U106/><E106/><V101/><F129/><W74/><G74/><T20/><D47/><U26/><E26/><RYUUKYOKU ba="1,1" sc="373,-15,263,15,211,-15,143,15" hai1="40,42,77,78,95,97,100" hai3="8,11,41,44,49,73,76,81,83,85,93,96,103" /><INIT seed="5,2,1,5,4,68" ten="358,278,196,158" oya="1" hai0="13,7,127,115,17,62,76,29,25,126,5,80,55" hai1="56,128,35,135,49,133,20,107,14,18,88,10,27" hai2="124,2,30,98,111,104,96,52,86,95,90,63,1" hai3="106,43,24,87,125,119,8,67,31,122,101,113,50"/><U26/><E107/><V33/><F111/><W36/><G122/><T64/><D55/><U131/><E49/><V39/><F39/><W78/><G50/><T79/><D115/><U0/><E56/><V108/><F108/><W70/><G113/><T100/><D100/><U37/><E88/><V123/><F124/><N who="0" m="47658" /><D79/><U84/><E37/><V83/><F123/><W130/><G8/><N who="0" m="6311" /><D62/><U91/><E84/><V72/><F72/><W132/><G125/><T89/><D89/><U59/><E59/><V47/><F98/><W15/><G78/><T3/><D3/><U4/><E91/><V60/><F104/><W9/><G87/><N who="0" m="48519" /><D64/><U61/><E61/><V38/><F2/><W117/><G117/><T121/><D121/><U42/><E42/><V77/><F1/><W94/><G119/><T85/><D85/><U97/><E97/><V66/><F66/><W41/><G101/><T110/><D110/><U16/><E18/><V71/><F71/><W28/><G67/><T82/><D82/><U103/><E103/><V75/><F75/><W58/><G70/><T74/><D74/><U73/><E73/><V6/><F77/><W134/><G106/><T44/><D44/><U48/><E48/><N who="2" m="28703" /><F38/><W19/><G36/><T129/><D129/><N who="1" m="49739" /><E0/><V93/><F96/><W45/><G130/><T114/><D114/><U54/><E54/><V120/><F120/><W34/><G43/><T22/><AGARI ba="2,1" hai="5,7,22,25,29" m="48519,6311,47658" machi="22" ten="30,1100,0" yaku="18,1" doraHai="68" who="0" fromWho="0" sc="358,27,278,-7,196,-5,158,-5" /><INIT seed="6,0,0,0,4,103" ten="385,271,191,153" oya="2" hai0="106,30,91,7,128,14,85,66,41,17,78,63,36" hai1="60,71,70,116,26,43,1,104,87,31,109,113,13" hai2="92,10,35,122,95,135,82,123,121,133,28,83,62" hai3="102,67,8,48,93,76,59,27,80,101,21,6,119"/><V18/><F62/><W110/><G110/><T3/><D106/><U68/><E1/><V2/><F35/><W9/><G119/><T77/><D30/><U127/><E109/><V84/><F28/><W20/><G20/><T72/><D72/><U131/><E116/><V22/><F10/><W105/><G105/><T117/><D128/><U29/><E29/><V5/><F5/><W47/><G93/><N who="2" m="35913" /><F2/><W49/><G59/><T90/><D90/><U12/><E13/><V86/><F18/><W111/><G67/><T108/><D7/><U130/><E12/><V50/><F50/><N who="3" m="19563" /><G47/><T52/><D3/><U25/><E25/><V88/><F22/><W58/><G58/><N who="0" m="35271" /><D66/><U51/><E68/><V56/><F56/><W65/><G65/><T118/><D108/><U69/><E70/><V124/><F124/><W96/><G6/><T81/><D117/><U134/><E71/><V23/><F23/><W114/><G27/><T125/><D125/><U89/><E26/><V74/><F74/><W37/><G37/><T15/><D15/><U46/><E127/><V126/><F126/><W54/><G9/><N who="0" m="6351" /><D118/><U39/><E39/><V53/><F53/><W73/><G8/><T16/><D16/><U61/><E31/><V75/><F75/><W100/><G111/><T32/><D32/><U11/><E69/><V64/><F64/><W99/><G21/><T4/><D4/><U107/><E11/><V79/><AGARI ba="0,0" hai="79,82,83,84,86,88,121,122,123,133,135" m="35913" machi="79" ten="40,7800,0" yaku="34,2,54,1" doraHai="103" who="2" fromWho="2" sc="385,-26,271,-26,191,78,153,-26" /><INIT seed="6,1,0,3,4,14" ten="359,245,269,127" oya="2" hai0="62,6,128,79,54,18,107,112,65,72,3,109,15" hai1="58,129,123,134,47,82,85,102,96,132,53,55,103" hai2="88,32,101,30,74,42,121,44,77,28,38,98,113" hai3="118,120,48,87,0,124,92,20,56,89,60,19,69"/><V110/><F121/><W13/><G124/><T119/><D109/><U68/><E68/><V81/><F113/><W7/><G118/><T10/><D107/><U31/><E123/><V127/><F127/><W133/><G133/><N who="1" m="51306" /><E129/><V90/><F110/><W135/><G120/><T1/><D54/><U84/><E31/><V71/><F71/><W131/><G131/><T34/><D34/><U21/><E85/><V63/><F63/><W114/><G114/><T57/><D119/><U126/><E126/><V116/><F116/><W108/><G108/><T16/><D112/><U70/><E70/><V22/><F32/><W25/><G135/><T106/><D106/><U12/><E47/><V40/><F40/><W66/><G25/><T91/><D79/><N who="1" m="46175" /><E96/><V100/><F100/><N who="1" m="38441" /><E58/><V83/><F83/><W78/><G78/><T105/><D72/><U104/><E104/><V61/><F61/><W97/><G97/><T49/><D105/><U2/><E2/><V80/><F80/><W51/><REACH who="3" step="1"/><G69/><REACH who="3" ten="359,245,269,117" step="2"/><T45/><D128/><U67/><E67/><V29/><F98/><W75/><G75/><T24/><D24/><U17/><AGARI ba="1,1" hai="12,17,21,53,55" m="38441,46175,51306" machi="17" ten="30,2000,0" yaku="20,1,52,1" doraHai="14" who="1" fromWho="1" sc="359,-6,245,33,269,-11,117,-6" /><INIT seed="7,0,0,1,4,50" ten="353,278,258,111" oya="3" hai0="38,30,23,75,29,80,18,64,48,0,42,11,72" hai1="4,126,103,37,85,107,36,77,63,39,59,121,47" hai2="96,43,56,2,119,6,104,27,87,19,61,7,24" hai3="46,22,74,58,101,40,57,15,106,116,53,95,28"/><W21/><G106/><T16/><D64/><U31/><E121/><V109/><F2/><W108/><G74/><T66/><D66/><U135/><E103/><V33/><F33/><W71/><G71/><T9/><D72/><U92/><E107/><V55/><F109/><W86/><G116/><T54/><D42/><U129/><E31/><V5/><F119/><W88/><G108/><T82/><D38/><U91/><E4/><V114/><F43/><W113/><G113/><T128/><D128/><U73/><E77/><V3/><F3/><W67/><G67/><T117/><D0/><U105/><E105/><V84/><F114/><W125/><G125/><T41/><D41/><N who="1" m="22975" /><E73/><V124/><F124/><W78/><G78/><T89/><D29/><U45/><E45/><V122/><F122/><W25/><G101/><T93/><D30/><U70/><E70/><V14/><F96/><W17/><REACH who="3" step="1"/><G53/><REACH who="3" ten="353,278,258,101" step="2"/><T115/><D115/><U35/><E126/><V26/><F104/><W130/><G130/><T98/><D75/><U111/><E129/><V100/><F100/><W8/><G8/><AGARI ba="0,1" hai="5,6,7,8,14,19,24,26,27,55,56,61,84,87" machi="8" ten="40,2600,0" yaku="8,1,52,1" doraHai="50" who="2" fromWho="3" sc="353,0,278,0,258,36,101,-26" owari="353,45.0,278,-12.0,294,9.0,75,-42.0" /></mjloggm>