<mjloggm ver="2.3"><GO type="169" lobby="0"/><UN n0="%E9%BB%92%E7%8A%AC%40%E3%81%A6%E3%82%93%E3%81%BB%E3%83%BC" n1="%E3%82%A6%E3%83%AB%E3%83%88%E3%83%A9%E7%AB%8B%E7%9B%B4" n2="%7A%6B%75%72%74" n3="%E2%80%90%E8%B5%A4%E7%8A%AC%E2%80%90" dan="16,17,18,16" rate="2021.74,2174.87,2180.76,2069.78" sx="F,M,M,F"/><TAIKYOKU oya="0"/><INIT seed="0,0,0,1,1,38" ten="250,250,250,250" oya="0" hai0="109,113,92,52,34,95,129,83,98,2,71,23,17" hai1="87,82,44,56,26,106,61,74,21,122,25,72,20" hai2="62,66,84,33,91,0,60,117,10,77,133,47,37" hai3="28,103,7,39,102,49,112,128,57,134,12,6,93"/><T9/><D71/><U131/><E106/><V5/><F33/><W130/><G39/><T65/><D34/><U19/><E122/><V18/><F117/><W27/><G134/><T64/><D113/><U99/><E99/><V15/><F133/><W132/><G112/><T30/><D30/><U115/><E131/><N who="3" m="50218" /><G132/><T40/><D129/><U100/><E100/><N who="3" m="38442" /><G93/><T43/><D109/><U48/><E115/><V108/><F108/><W121/><G121/><T94/><D98/><U126/><E126/><V50/><F37/><W24/><G12/><T89/><D9/><U81/><E74/><V29/><F29/><W4/><G28/><T42/><D2/><U118/><E72/><V67/><F77/><W58/><G49/><T96/><D52/><N who="1" m="33927" /><E118/><V14/><F0/><W11/><G11/><T8/><D8/><U127/><E127/><V80/><F14/><W105/><G105/><T104/><D104/><U70/><E70/><V55/><F5/><N who="3" m="1283" /><W31/><DORA hai="85" /><G31/><T120/><D120/><U119/><E119/><V76/><F76/><W110/><G110/><T32/><D32/><U125/><E125/><V73/><F73/><W45/><G45/><T88/><D96/><U63/><E63/><AGARI ba="0,0" hai="10,15,18,47,50,55,60,62,63,66,67,80,84,91" machi="63" ten="40,8000,1" yaku="25,2,8,1,52,1" doraHai="38,85" who="2" fromWho="1" sc="250,0,250,-80,250,80,250,0" /><INIT seed="1,0,0,0,0,76" ten="250,170,330,250" oya="1" hai0="51,91,115,83,29,1,32,30,112,56,114,21,82" hai1="121,59,75,79,27,111,4,53,37,0,104,95,20" hai2="15,57,89,49,9,35,40,77,46,69,88,122,44" hai3="101,55,47,13,124,22,108,84,116,18,80,126,72"/><U41/><E104/><V128/><F122/><W36/><G116/><T52/><D1/><U17/><E121/><V60/><F69/><W110/><G101/><T42/><D32/><U54/><E111/><N who="3" m="42538" /><G72/><T65/><D42/><U107/><E107/><V87/><F35/><W125/><G55/><T38/><D38/><U71/><E71/><V90/><F128/><W6/><G6/><T16/><D65/><U3/><E54/><V50/><F77/><N who="3" m="46095" /><G47/><T92/><D30/><U129/><E129/><V133/><F133/><W85/><G85/><T96/><REACH who="0" step="1"/><D29/><REACH who="0" ten="240,170,330,250" step="2"/><U34/><E34/><V106/><F40/><W86/><G86/><T68/><D68/><U103/><E41/><V24/><F87/><W70/><G70/><T113/><N who="0" m="28672" /><DORA hai="120" /><T81/><D81/><U100/><E37/><AGARI ba="0,1" hai="13,18,22,36,37,124,125,126" m="46095,42538" machi="37" ten="40,12000,2" yaku="18,1,14,1,52,4" doraHai="76,120" who="3" fromWho="1" sc="240,0,170,-120,330,0,250,130" /><INIT seed="2,0,0,0,4,78" ten="240,50,330,380" oya="2" hai0="94,62,41,122,129,33,80,39,32,0,102,29,96" hai1="22,107,60,13,11,56,106,99,21,110,101,24,111" hai2="71,92,121,114,3,86,120,85,37,113,17,2,44" hai3="128,124,76,1,131,42,117,89,31,58,30,133,8"/><V125/><F71/><W59/><G117/><T66/><D0/><U105/><E13/><V61/><F61/><W83/><G89/><T14/><D122/><U88/><E11/><V25/><F125/><W48/><G124/><T40/><D129/><N who="3" m="49737" /><G133/><T127/><D127/><U64/><E88/><V53/><F121/><W104/><G104/><T47/><D40/><U34/><E34/><V112/><F120/><W27/><G27/><T16/><D29/><N who="3" m="10761" /><G8/><T130/><D80/><U98/><E98/><V5/><F92/><W90/><G90/><T19/><D130/><U36/><E36/><V91/><F91/><W6/><G6/><T103/><D103/><U93/><REACH who="1" step="1"/><E21/><REACH who="1" ten="240,40,330,380" step="2"/><V18/><F37/><W49/><G1/><T100/><D102/><U65/><E65/><V116/><F3/><W95/><G95/><T84/><D32/><U63/><E63/><V43/><F2/><W38/><G38/><T4/><D33/><U72/><E72/><V109/><F112/><W123/><G123/><T68/><D14/><U20/><E20/><V74/><F74/><N who="3" m="43415" /><G49/><T126/><D126/><U81/><E81/><V118/><F113/><W87/><G87/><T45/><D84/><U70/><E70/><V9/><F114/><W10/><G10/><T108/><D62/><U23/><E23/><V54/><F86/><W51/><G48/><T35/><D66/><U75/><E75/><V82/><F85/><W119/><G51/><T12/><D68/><U57/><E57/><N who="3" m="21514" /><G42/><T115/><D41/><U73/><E73/><V135/><F43/><W46/><G46/><T79/><D45/><RYUUKYOKU ba="0,1" sc="240,-15,40,15,330,-15,380,15" hai1="22,24,56,60,64,93,99,101,105,106,107,110,111" hai3="119" /><INIT seed="3,1,1,3,5,73" ten="225,55,315,395" oya="3" hai0="47,59,64,132,81,99,61,106,63,126,128,86,72" hai1="44,69,124,121,71,37,34,54,17,4,74,51,98" hai2="122,25,57,104,45,84,130,31,105,77,46,58,123" hai3="66,118,9,24,7,87,15,111,48,80,41,36,52"/><W96/><G118/><T20/><D72/><U55/><E121/><N who="2" m="46091" /><F130/><W113/><G113/><T2/><D2/><U115/><E115/><V3/><F3/><W108/><G96/><T1/><D1/><U68/><E4/><V75/><F75/><W33/><G66/><T135/><D47/><N who="2" m="17930" /><F105/><W89/><G41/><T18/><D128/><U102/><E74/><V83/><F104/><W0/><G36/><T65/><D126/><U119/><E119/><V49/><F49/><W79/><G89/><T120/><D120/><U97/><E124/><V117/><F117/><W32/><G0/><T85/><D106/><U100/><E37/><V30/><F30/><W5/><G5/><T12/><D99/><U94/><E34/><AGARI ba="1,1" hai="25,31,34,57,58,77,83,84" m="17930,46091" machi="34" ten="30,2000,0" yaku="13,1,52,1" doraHai="73" who="2" fromWho="1" sc="225,0,55,-23,315,33,395,0" /><INIT seed="4,0,0,1,1,1" ten="225,32,348,395" oya="0" hai0="120,119,32,28,45,60,123,94,16,59,39,64,133" hai1="61,101,5,38,79,114,30,106,68,65,13,55,53" hai2="50,3,66,125,35,115,12,27,121,124,131,98,56" hai3="25,49,73,87,86,15,110,22,10,95,78,129,130"/><T116/><D32/><U74/><E38/><V81/><F3/><W40/><G110/><T41/><D28/><U18/><E114/><V47/><F115/><W80/><G95/><T7/><D94/><U34/><E79/><V100/><F121/><W9/><G9/><T31/><D31/><U109/><E74/><V63/><F131/><N who="3" m="50187" /><G40/><T85/><D85/><U54/><E109/><V52/><F81/><W108/><G49/><T62/><D7/><U21/><E5/><V111/><F111/><W70/><G70/><T57/><D16/><U71/><E71/><V75/><F75/><W128/><N who="3" m="50195" /><W72/><DORA hai="103" /><G87/><T93/><D93/><U67/><E67/><V107/><F35/><W127/><G127/><N who="2" m="48713" /><F12/><W117/><G117/><T104/><D104/><U135/><E135/><V29/><F29/><N who="3" m="17591" /><G108/><T37/><D133/><U132/><E132/><V17/><F17/><AGARI ba="0,0" hai="10,15,17,72,73,78,80,86" m="17591,50195" machi="17" ten="40,1300,0" yaku="19,1" doraHai="1,103" who="3" fromWho="2" sc="225,0,32,0,348,-13,395,13" /><INIT seed="5,0,0,5,4,21" ten="225,32,335,408" oya="1" hai0="100,19,41,66,127,115,48,62,45,16,46,17,42" hai1="64,105,129,110,103,93,71,76,63,6,11,69,120" hai2="68,14,86,18,61,38,47,25,118,87,65,27,89" hai3="44,43,113,22,23,55,116,106,29,82,8,70,53"/><U28/><E120/><V99/><F118/><W130/><G22/><T131/><D115/><U108/><E129/><V95/><F38/><W67/><G23/><T59/><D131/><U9/><E28/><V85/><REACH who="2" step="1"/><F47/><REACH who="2" ten="225,32,325,408" step="2"/><W121/><G44/><T109/><D109/><N who="1" m="42091" /><E76/><V74/><F74/><W32/><G116/><T78/><D78/><U72/><E72/><V92/><F92/><W39/><G39/><T98/><D127/><U133/><E133/><V134/><F134/><W75/><G75/><T91/><D91/><U57/><E105/><V125/><F125/><W104/><G106/><T102/><REACH who="0" step="1"/><D98/><REACH who="0" ten="215,32,325,408" step="2"/><N who="1" m="59855" /><E11/><AGARI ba="0,2" hai="11,14,18,25,27,61,65,68,85,86,87,89,95,99" machi="11" ten="40,5200,0" yaku="1,1,52,2,53,0" doraHai="21" doraHaiUra="107" who="2" fromWho="1" sc="215,0,32,-52,325,72,408,0" owari="215,-18.0,-20,-52.0,397,20.0,408,50.0" /></mjloggm>