<mjloggm ver="2.3"><GO type="97" lobby="0"/><UN n0="%E6%B5%B7%E6%9C%88%E6%A1%83%E9%A6%99" n1="%E5%B0%B1%E6%B4%BB%E7%94%9F%40%E5%B7%9D%E6%9D%91%E8%BB%8D%E5%9B%A3" n2="%4D%72%2E%42%72%6F%77%6E" n3="%E5%B0%8F%E7%80%AC%E5%B7%9D" dan="14,14,13,14" rate="1905.78,1899.53,1920.00,1920.53" sx="F,M,M,F"/><TAIKYOKU oya="0"/><INIT seed="0,0,0,0,5,5" ten="250,250,250,250" oya="0" hai0="74,18,91,6,129,49,84,73,81,98,90,128,25" hai1="40,34,62,48,12,119,1,95,100,39,88,72,112" hai2="30,4,127,17,132,135,76,78,11,63,50,79,60" hai3="16,65,82,102,75,96,20,13,110,113,111,33,37"/><T36/><D36/><U54/><E1/><V108/><F108/><N who="3" m="41515" /><G113/><T86/><D49/><U104/><E72/><N who="0" m="27753" /><D6/><U120/><E34/><V123/><F123/><W117/><G117/><T92/><D18/><U21/><E39/><V89/><F89/><W41/><G33/><T0/><D0/><U45/><E104/><V44/><F17/><W47/><G65/><T8/><D8/><U124/><E100/><V55/><F30/><W125/><G125/><T26/><D26/><U58/><E124/><V52/><F127/><W70/><G70/><T51/><D51/><U32/><E32/><V131/><F131/><N who="0" m="50250" /><D25/><U118/><E112/><V10/><F4/><W53/><G53/><T29/><D29/><U3/><E3/><V83/><F83/><W38/><G82/><T23/><D23/><U43/><E120/><V122/><F122/><W57/><G75/><T64/><D64/><U42/><E119/><V126/><F126/><W9/><G57/><T115/><D115/><U27/><E118/><V97/><F63/><W56/><G56/><T2/><D2/><U107/><E12/><V121/><F121/><W116/><G116/><T69/><D69/><U28/><E107/><V134/><F97/><AGARI ba="0,0" hai="81,84,86,90,91,92,97,98" m="50250,27753" machi="97" ten="30,5800,0" yaku="19,1,34,2" doraHai="5" who="0" fromWho="2" sc="250,58,250,0,250,-58,250,0" /><AGARI ba="0,0" hai="21,27,28,40,42,43,45,48,54,58,62,88,95,97" machi="97" ten="30,3900,0" yaku="7,1,8,1,54,1" doraHai="5" who="1" fromWho="2" sc="308,0,250,39,192,-39,250,0" /><INIT seed="0,1,0,2,2,15" ten="308,289,153,250" oya="0" hai0="102,99,59,84,111,17,60,28,133,57,20,85,53" hai1="6,61,9,108,96,23,30,117,131,78,97,92,48" hai2="86,3,67,110,12,37,39,87,82,114,38,34,41" hai3="83,14,1,47,24,26,101,73,27,79,129,49,72"/><T4/><D133/><U75/><E117/><V103/><F3/><W95/><G1/><T113/><D113/><U7/><E131/><V16/><F34/><W127/><G73/><T76/><D4/><U121/><E121/><V13/><F114/><W54/><G129/><T43/><D43/><U119/><E119/><V2/><F2/><W134/><G134/><T80/><D28/><U132/><E132/><V29/><F29/><W5/><G127/><T98/><D111/><U128/><E128/><V120/><F12/><W19/><G5/><T44/><D44/><U94/><E75/><V107/><F67/><W63/><G63/><N who="0" m="36271" /><D85/><U88/><E78/><V93/><F120/><W31/><G101/><T62/><D102/><N who="1" m="60679" /><E108/><V36/><F110/><W45/><G95/><T77/><D77/><U130/><E130/><V104/><F87/><W32/><REACH who="3" step="1"/><G47/><REACH who="3" ten="308,289,153,240" step="2"/><T115/><D115/><U112/><E112/><V69/><F104/><W122/><G122/><T123/><D123/><U71/><E61/><N who="0" m="23657" /><D59/><U46/><E71/><V25/><F107/><W64/><G64/><T70/><D70/><U135/><E135/><V118/><F69/><W52/><G52/><T100/><D100/><U21/><E7/><V55/><F55/><W11/><AGARI ba="1,1" hai="11,14,19,24,26,27,31,32,45,49,54,72,79,83" machi="11" ten="20,8000,1" yaku="1,1,0,1,7,1,52,1,53,1" doraHai="15" doraHaiUra="105" who="3" fromWho="3" sc="308,-41,289,-21,153,-21,240,93" /><INIT seed="1,0,0,0,4,31" ten="267,268,132,333" oya="1" hai0="71,102,105,112,77,83,104,18,36,67,92,130,0" hai1="75,8,111,87,125,54,37,11,72,49,126,97,53" hai2="119,24,129,120,80,33,16,9,127,52,48,95,76" hai3="93,121,12,7,118,84,103,69,21,26,106,78,123"/><U39/><E97/><V88/><F120/><W29/><G69/><T15/><D0/><U131/><E49/><V89/><F119/><W27/><G118/><T100/><D36/><N who="1" m="13899" /><E87/><V61/><F61/><W65/><G65/><T1/><D1/><U70/><E70/><V6/><F127/><N who="1" m="48649" /><E131/><V107/><F107/><W81/><G106/><T134/><D71/><U109/><E8/><V32/><F129/><W44/><G44/><T116/><D130/><U42/><E11/><V110/><F110/><N who="1" m="41993" /><E42/><V59/><F89/><W45/><G45/><T86/><D86/><U113/><E113/><V56/><F56/><W58/><G103/><T10/><D102/><U66/><E66/><V90/><F90/><W101/><G101/><T25/><D67/><U3/><E3/><V63/><F48/><W133/><G84/><T115/><D112/><U122/><E122/><V5/><F9/><W85/><G85/><T4/><D115/><U30/><E30/><V19/><F5/><W128/><G7/><T17/><D4/><U34/><E34/><V57/><F57/><W82/><G58/><T14/><D116/><U114/><E114/><V55/><F6/><W62/><G128/><T43/><D43/><U20/><E20/><N who="2" m="13319" /><F55/><AGARI ba="0,0" hai="53,54,55,72,75" m="41993,48649,13899" machi="55" ten="40,12000,1" yaku="28,2,18,1,14,1,10,1" doraHai="31" who="1" fromWho="2" sc="267,0,268,120,132,-120,333,0" /><INIT seed="1,1,0,1,4,35" ten="267,388,12,333" oya="1" hai0="6,75,69,106,117,47,81,72,5,33,27,64,115" hai1="55,18,116,92,24,14,68,126,100,118,95,102,130" hai2="73,26,46,127,42,134,39,54,45,98,79,74,59" hai3="0,111,50,128,124,56,91,76,15,65,9,41,70"/><U60/><E130/><V61/><F127/><W119/><G124/><T53/><D115/><U71/><E126/><V67/><F134/><W23/><G128/><T51/><D117/><U10/><E24/><V1/><F79/><W114/><G0/><T104/><D6/><U90/><E71/><V43/><F26/><W99/><G76/><T19/><D5/><U82/><E82/><V31/><F31/><W29/><G70/><T125/><D125/><U89/><E116/><V105/><F1/><W121/><G119/><T94/><D94/><U133/><E133/><V3/><F3/><W8/><G29/><T12/><D27/><U37/><E37/><V93/><F105/><W20/><G121/><T78/><D75/><U16/><E118/><V110/><F67/><W4/><G65/><T30/><D30/><U131/><E131/><V48/><REACH who="2" step="1"/><F110/><REACH who="2" ten="267,388,2,333" step="2"/><W129/><G111/><T52/><D33/><U2/><E2/><V13/><F13/><N who="3" m="5255" /><G129/><T21/><D64/><U44/><E68/><V22/><F22/><W25/><G23/><T88/><D69/><U7/><E14/><V40/><F40/><W107/><G20/><T101/><D106/><U85/><E10/><V66/><F66/><W49/><G25/><T132/><D132/><U34/><E34/><V122/><F122/><W86/><G41/><T96/><D88/><AGARI ba="1,1" hai="39,42,43,45,46,48,54,59,61,73,74,88,93,98" machi="88" ten="30,3900,0" yaku="1,1,7,1,54,1,53,0" doraHai="35" doraHaiUra="32" who="2" fromWho="0" sc="267,-42,388,0,2,52,333,0" /><INIT seed="2,0,0,5,2,102" ten="225,388,54,333" oya="2" hai0="113,20,51,50,129,4,130,100,33,59,22,52,48" hai1="82,2,80,84,91,19,88,107,90,92,131,62,134" hai2="53,89,95,12,30,68,60,57,128,28,93,74,97" hai3="5,39,21,13,114,127,105,125,7,69,41,24,85"/><V115/><F115/><W103/><G114/><T25/><D4/><U116/><E2/><V108/><F74/><W6/><G69/><T14/><D113/><U73/><E116/><V37/><F37/><W26/><G85/><T87/><D100/><U104/><E19/><V49/><F128/><N who="0" m="49258" /><D87/><N who="1" m="50279" /><E62/><V122/><F122/><W75/><G41/><T35/><D14/><U0/><E0/><V96/><F108/><W18/><G75/><T79/><D79/><N who="1" m="44399" /><E131/><V3/><F3/><W121/><G39/><T132/><D132/><U55/><E55/><V86/><F86/><W133/><G121/><T78/><D78/><U43/><E43/><V23/><F68/><W65/><G65/><T101/><D101/><U99/><E134/><V15/><F60/><W111/><G111/><T16/><D22/><U47/><E47/><V61/><F61/><AGARI ba="0,0" hai="16,20,25,33,35,48,50,51,52,59,61" m="49258" machi="61" ten="30,3900,0" yaku="19,1,54,2" doraHai="102" who="0" fromWho="2" sc="225,39,388,0,54,-39,333,0" /><INIT seed="3,0,0,4,5,29" ten="264,388,15,333" oya="3" hai0="61,60,106,24,111,9,125,41,27,119,19,23,63" hai1="28,30,39,104,22,110,16,108,56,122,46,45,107" hai2="134,33,97,35,44,76,101,124,71,91,42,89,14" hai3="62,96,64,8,11,66,113,47,26,86,38,94,95"/><W83/><G113/><T99/><D119/><U55/><E122/><V54/><F71/><W15/><G26/><T81/><D111/><N who="1" m="42539" /><E46/><V72/><F124/><W49/><G38/><T103/><D125/><U127/><E127/><V12/><F54/><W114/><G114/><T70/><D41/><N who="1" m="22719" /><E30/><V31/><F31/><W6/><G8/><T59/><D70/><U34/><E28/><V85/><F134/><W131/><G131/><T84/><D27/><N who="1" m="14791" /><E34/><V69/><F69/><W115/><G115/><T130/><D130/><U135/><E135/><V3/><F3/><W73/><G73/><T21/><D21/><U40/><E40/><V118/><F14/><W52/><G62/><AGARI ba="0,0" hai="55,56,62,104,107" m="14791,22719,42539" machi="62" ten="30,2000,0" yaku="14,1,54,1" doraHai="29" who="1" fromWho="3" sc="264,0,388,20,15,0,333,-20" owari="264,-14.0,408,51.0,15,-48.0,313,11.0" /></mjloggm>