<mjloggm ver="2.3"><GO type="169" lobby="0"/><UN n0="%E3%83%88%E3%83%88%E3%83%AA%E5%85%88%E7%94%9F%31%39%E6%AD%B3" n1="%E9%BE%8D%E9%96%80%E6%B8%95%E9%80%8F%E8%8A%B1" n2="%6C%69%6C%6C%61%6D%6D%6D" n3="%E5%AE%8C%E5%85%A8%E7%84%A1%E6%95%B5%E5%B0%91%E5%A5%B3%45%58" dan="17,18,16,16" rate="2224.26,2255.38,2057.33,2118.04" sx="F,M,M,M"/><TAIKYOKU oya="0"/><INIT seed="0,0,0,2,3,108" ten="250,250,250,250" oya="0" hai0="88,105,2,110,23,40,42,11,16,94,90,70,82" hai1="30,53,80,48,55,119,66,121,17,39,135,21,93" hai2="54,123,33,58,0,126,37,13,89,81,44,99,87" hai3="109,103,19,104,127,62,61,60,59,49,111,130,124"/><T85/><D105/><U24/><E119/><V29/><F0/><W43/><G104/><T72/><D70/><U31/><E39/><V112/><F123/><W132/><G103/><T76/><D110/><N who="3" m="41993" /><G132/><T96/><D11/><U18/><E121/><V22/><F126/><N who="3" m="48171" /><G130/><T5/><D5/><U67/><E135/><V106/><F33/><W75/><G75/><T77/><D2/><U79/><E31/><V74/><F29/><W41/><G19/><N who="1" m="7178" /><E93/><V78/><F74/><W8/><G8/><T56/><D56/><N who="1" m="32807" /><E55/><AGARI ba="0,0" hai="41,43,49,55,59,60,61,62" m="48171,41993" machi="55" ten="40,8000,1" yaku="14,1,18,1,34,2" doraHai="108" who="3" fromWho="1" sc="250,0,250,-80,250,0,250,80" /><INIT seed="1,0,0,1,4,46" ten="250,170,250,330" oya="1" hai0="5,120,81,106,3,113,92,127,66,111,40,69,65" hai1="28,119,24,123,116,14,84,19,96,115,55,29,52" hai2="122,91,90,129,22,37,104,9,26,60,71,36,89" hai3="57,77,10,133,80,117,63,21,100,121,112,68,62"/><U82/><E115/><V16/><F122/><W38/><G121/><T78/><D106/><U109/><E123/><V98/><F129/><W43/><G112/><T33/><D120/><U58/><E109/><V94/><F104/><W45/><G117/><T53/><D113/><U4/><E4/><V107/><F107/><W47/><G100/><T132/><D33/><U30/><E24/><V93/><F9/><W73/><G133/><T15/><D3/><U72/><E72/><V12/><F26/><W0/><G21/><T124/><D111/><U85/><E55/><V42/><F42/><N who="3" m="22743" /><G57/><T134/><D40/><U31/><N who="1" m="7168" /><DORA hai="18" /><U27/><E27/><V110/><F110/><W17/><G17/><T126/><D92/><U41/><E41/><V67/><REACH who="2" step="1"/><F94/><REACH who="2" ten="250,170,240,330" step="2"/><W8/><G8/><N who="0" m="4495" /><D134/><U75/><E116/><V6/><F6/><N who="3" m="1351" /><G68/><T1/><D132/><U64/><E119/><V70/><F70/><W108/><G108/><T102/><D69/><U105/><E105/><V130/><F130/><W95/><G95/><T76/><D1/><U39/><E39/><AGARI ba="0,1" hai="12,16,22,36,37,39,60,67,71,89,90,91,93,98" machi="39" ten="40,5200,0" yaku="1,1,52,1,54,1,53,0" doraHai="46,18" doraHaiUra="44,114" who="2" fromWho="1" sc="250,0,170,-52,240,62,330,0" /><AGARI ba="0,0" hai="39,43,47,62,63,73,77,80" m="1351,22743" machi="39" ten="30,1000,0" yaku="25,1" doraHai="46,18" who="3" fromWho="1" sc="250,0,118,-10,302,0,330,10" /><INIT seed="2,0,0,3,2,135" ten="250,108,302,340" oya="2" hai0="67,64,56,32,90,123,23,101,94,88,133,5,112" hai1="108,37,10,18,113,99,42,31,130,121,97,17,69" hai2="38,50,105,44,20,116,110,82,48,96,107,70,62" hai3="114,93,26,30,100,87,55,41,127,63,61,77,45"/><V95/><F116/><W128/><G128/><T78/><D32/><U19/><E113/><V119/><F119/><W24/><G114/><T39/><D39/><U16/><E69/><V3/><F3/><W22/><G127/><T6/><D112/><U86/><E108/><V35/><F35/><W75/><G75/><T29/><D123/><U79/><E130/><V59/><F110/><W68/><G68/><T120/><D78/><U13/><E121/><V51/><F70/><W27/><G27/><N who="0" m="16639" /><D120/><U12/><E31/><V54/><F82/><N who="3" m="47567" /><G26/><T83/><D133/><U106/><E106/><V33/><F33/><W58/><G41/><T85/><D101/><U4/><E42/><V15/><F38/><W14/><G45/><T98/><D56/><U60/><E60/><V92/><F92/><W109/><G14/><T11/><D11/><N who="1" m="6207" /><E37/><V72/><F72/><W71/><G109/><T81/><D81/><AGARI ba="0,0" hai="4,10,12,17,18,19,79,81,86,97,99" m="6207" machi="81" ten="30,2000,0" yaku="8,1,54,1" doraHai="135" who="1" fromWho="0" sc="250,-20,108,20,302,0,340,0" /><INIT seed="3,0,0,0,1,4" ten="230,128,302,340" oya="3" hai0="94,26,64,61,40,96,112,123,85,34,12,35,63" hai1="10,103,102,105,101,30,13,89,130,43,132,104,116" hai2="97,59,110,41,27,18,53,54,92,120,8,69,56" hai3="0,5,118,91,84,98,81,114,29,66,125,74,9"/><W23/><G114/><T49/><D123/><U90/><E130/><V21/><F69/><W24/><G118/><T28/><D112/><U82/><E132/><V109/><F41/><W22/><G125/><T113/><D113/><U77/><E30/><V16/><F120/><W52/><G66/><T135/><D135/><U38/><E116/><V86/><F86/><W2/><G74/><T124/><D124/><U108/><E108/><N who="2" m="41579" /><F56/><W44/><G98/><T39/><D39/><U7/><E43/><V119/><F119/><W131/><G131/><T75/><D75/><U67/><E38/><V55/><F59/><W19/><G2/><T36/><D36/><U57/><E104/><V45/><F45/><W117/><G117/><T79/><D35/><U70/><E70/><V11/><F18/><W46/><REACH who="3" step="1"/><G52/><REACH who="3" ten="230,128,302,330" step="2"/><T47/><D64/><U129/><E129/><V17/><F17/><W60/><G60/><T62/><D62/><U14/><E67/><V78/><F78/><W37/><G37/><T20/><D79/><U126/><E126/><V88/><AGARI ba="0,1" hai="8,11,16,21,27,53,54,55,88,92,97" m="41579" machi="88" ten="30,8000,1" yaku="14,1,52,2,54,2" doraHai="4" who="2" fromWho="2" sc="230,-20,128,-20,302,90,330,-40" /><INIT seed="4,0,0,4,0,20" ten="210,108,392,290" oya="0" hai0="121,23,117,12,77,93,104,60,0,103,5,22,126" hai1="112,114,26,45,24,81,43,79,92,49,122,47,76" hai2="32,44,55,71,135,89,61,108,124,30,128,127,102" hai3="1,96,123,4,120,130,116,132,109,63,110,70,68"/><T2/><D117/><U64/><E122/><N who="3" m="46634" /><G116/><T38/><D121/><U75/><E64/><V78/><F108/><N who="3" m="41579" /><G4/><T134/><D38/><U9/><E79/><V67/><F78/><W54/><G1/><T98/><D134/><U94/><E9/><V62/><F135/><W111/><G111/><T88/><D126/><U8/><E8/><V36/><F102/><W74/><G74/><T107/><D107/><U25/><REACH who="1" step="1"/><E47/><REACH who="1" ten="210,98,392,290" step="2"/><V7/><F67/><W80/><G132/><T14/><D77/><U40/><E40/><V3/><F44/><W59/><G130/><T105/><D0/><U99/><E99/><V51/><F128/><W115/><G115/><AGARI ba="0,1" hai="24,25,26,43,45,49,75,76,81,92,94,112,114,115" machi="115" ten="40,12000,2" yaku="1,1,15,1,11,1,52,3,53,0" doraHai="20" doraHaiUra="34" who="1" fromWho="3" sc="210,0,98,130,392,0,290,-120" /><INIT seed="5,0,0,2,4,25" ten="210,228,392,170" oya="1" hai0="90,86,98,89,112,31,92,109,73,36,111,5,135" hai1="63,96,100,62,56,12,125,0,76,52,14,66,81" hai2="1,127,11,114,49,115,6,83,10,8,55,101,106" hai3="94,85,23,75,117,126,30,18,58,128,105,24,41"/><U93/><E0/><V22/><F127/><W48/><G126/><T38/><D73/><U50/><E125/><V60/><F60/><W44/><G128/><T29/><D5/><U132/><E132/><V87/><F22/><W120/><G120/><T47/><D135/><U9/><E9/><V78/><F101/><W35/><G117/><T133/><D133/><U97/><E97/><V42/><F42/><W33/><G75/><T37/><D47/><U122/><E122/><V121/><F106/><W79/><G105/><T82/><REACH who="0" step="1"/><D112/><REACH who="0" ten="200,228,392,170" step="2"/><U65/><E65/><V104/><F121/><W102/><G58/><T131/><D131/><U59/><REACH who="1" step="1"/><E63/><REACH who="1" ten="200,218,392,170" step="2"/><V16/><F115/><W108/><G108/><AGARI ba="0,2" hai="29,31,36,37,38,82,86,89,90,92,98,108,109,111" machi="108" ten="50,6400,0" yaku="1,1,52,2,53,0" doraHai="25" doraHaiUra="15" who="0" fromWho="3" sc="200,84,218,0,392,0,170,-64" /><INIT seed="6,0,0,4,3,13" ten="284,218,392,106" oya="2" hai0="133,95,19,89,58,91,88,109,99,75,20,118,85" hai1="5,49,10,36,44,51,69,33,3,135,123,121,31" hai2="101,21,7,35,112,80,66,83,71,17,4,55,113" hai3="16,29,102,98,14,124,90,68,60,94,97,8,77"/><V126/><F35/><W76/><G124/><T56/><D109/><U117/><E117/><V43/><F126/><W48/><G29/><T105/><D75/><U115/><E69/><V128/><F43/><W57/><G68/><T79/><D118/><U111/><E111/><V15/><F128/><W61/><G61/><T11/><D133/><U73/><E73/><V46/><F101/><W130/><G48/><T131/><D131/><U38/><E115/><N who="2" m="44107" /><F66/><W92/><REACH who="3" step="1"/><G130/><REACH who="3" ten="284,218,392,96" step="2"/><T100/><D56/><U74/><E51/><N who="2" m="29175" /><F71/><W72/><G72/><T103/><D58/><U104/><E74/><V9/><F4/><W62/><G62/><T0/><D105/><U30/><E104/><V1/><AGARI ba="0,1" hai="1,7,9,15,17,21,80,83" m="29175,44107" machi="1" ten="30,3000,0" yaku="15,1,52,1" doraHai="13" who="2" fromWho="2" sc="284,-10,218,-10,392,40,96,-10" /><INIT seed="6,1,0,4,3,25" ten="274,208,432,86" oya="2" hai0="78,76,65,123,40,12,33,122,71,74,85,6,90" hai1="100,117,101,3,61,48,32,29,92,21,15,51,20" hai2="66,54,55,113,50,67,28,105,60,39,0,89,57" hai3="88,53,111,97,30,115,9,56,69,127,58,46,24"/><V62/><F0/><W70/><G111/><T124/><D33/><U77/><E117/><V38/><F105/><W64/><G127/><T63/><D124/><U37/><E37/><N who="2" m="13835" /><F28/><W82/><G115/><T18/><D40/><U94/><E3/><V10/><F89/><W106/><G9/><T119/><D6/><U118/><E32/><V72/><F10/><W103/><G46/><T135/><D135/><U133/><E133/><V17/><F17/><W44/><G44/><T16/><D18/><N who="1" m="10335" /><E77/><V31/><F31/><W91/><G69/><T68/><D68/><U125/><E118/><V134/><F72/><W11/><G11/><T36/><D36/><U104/><E104/><V2/><F2/><W112/><G112/><T107/><D107/><U41/><E125/><V130/><F134/><W7/><G7/><T83/><D119/><U43/><E100/><V26/><F26/><W116/><G116/><T23/><REACH who="0" step="1"/><D76/><REACH who="0" ten="264,208,432,86" step="2"/><U5/><E43/><V42/><F113/><W14/><G106/><T79/><D79/><U96/><E41/><V8/><F42/><W108/><G70/><T47/><D47/><U19/><E5/><V49/><F130/><W120/><G30/><T93/><AGARI ba="1,1" hai="12,16,23,63,65,71,74,78,83,85,90,93,122,123" machi="93" ten="20,5200,0" yaku="1,1,0,1,7,1,54,1,53,0" doraHai="25" doraHaiUra="52" who="0" fromWho="0" sc="264,65,208,-14,432,-27,86,-14" /><INIT seed="7,0,0,3,3,110" ten="329,194,405,72" oya="3" hai0="2,135,104,118,79,65,80,3,132,56,103,18,99" hai1="38,68,108,85,33,1,129,5,123,72,54,52,11" hai2="64,10,23,48,121,35,19,106,81,39,40,34,126" hai3="16,88,98,70,66,26,12,45,32,134,46,113,87"/><W51/><G134/><T15/><D118/><U22/><E108/><V24/><F106/><W20/><G113/><T122/><D122/><U36/><E72/><V14/><F39/><W42/><G98/><T67/><D3/><U7/><E33/><V109/><F109/><W90/><G66/><T30/><D2/><U31/><E68/><V61/><F121/><W100/><G70/><T116/><D30/><U112/><E112/><V6/><F126/><W49/><G100/><T93/><D116/><U63/><E7/><V83/><F35/><W53/><REACH who="3" step="1"/><G87/><REACH who="3" ten="329,194,405,62" step="2"/><N who="0" m="48543" /><D67/><U69/><E85/><V27/><F64/><W102/><G102/><T95/><D132/><U101/><E101/><V43/><F34/><W91/><G91/><T37/><D135/><U47/><E123/><V74/><F74/><W59/><G59/><T17/><D56/><U89/><E89/><V13/><F83/><W84/><G84/><T50/><D65/><U55/><E69/><V21/><F81/><W97/><G97/><T71/><D71/><U78/><E78/><V130/><F130/><W62/><G62/><T25/><D99/><U4/><E129/><V57/><F61/><W86/><G86/><T28/><D103/><U58/><E58/><V94/><F57/><W128/><G128/><T82/><D82/><U60/><E60/><V9/><F94/><W76/><G76/><T124/><D95/><U105/><E63/><V29/><F48/><W44/><G44/><T127/><D93/><U114/><E47/><V119/><F119/><W111/><G111/><T77/><D77/><U73/><E73/><RYUUKYOKU ba="0,1" sc="329,-15,194,-15,405,15,62,15" hai2="6,9,10,13,14,19,21,23,24,27,29,40,43" hai3="12,16,20,26,32,42,45,46,49,51,53,88,90" /><INIT seed="7,1,1,4,0,91" ten="314,179,420,77" oya="3" hai0="107,121,90,112,115,13,81,50,98,57,31,130,62" hai1="80,99,25,85,5,14,40,58,103,46,71,88,73" hai2="19,84,109,124,87,32,102,8,132,16,119,1,122" hai3="27,24,96,42,70,63,117,36,65,18,133,15,47"/><W22/><G117/><T66/><D121/><U48/><E71/><V93/><F109/><W106/><G133/><T30/><D130/><U23/><E73/><V118/><F32/><W105/><G27/><T54/><D107/><U104/><E58/><V17/><F132/><W3/><G3/><T4/><D4/><U39/><E39/><V52/><F124/><W7/><G7/><T11/><D11/><U6/><E14/><V12/><F1/><W72/><G72/><T108/><D13/><U74/><E74/><V94/><F122/><W83/><G83/><T120/><D108/><U0/><E0/><V2/><F2/><W79/><G79/><T77/><D77/><U34/><E34/><V67/><F118/><W49/><G24/><T128/><D128/><U114/><E114/><V55/><F119/><W28/><G28/><AGARI ba="1,1" hai="5,6,23,25,28,40,46,48,80,85,88,99,103,104" machi="28" ten="30,2000,0" yaku="7,1,54,1" doraHai="91" who="1" fromWho="3" sc="314,0,179,33,420,0,77,-23" owari="314,11.0,212,-19.0,420,53.0,54,-45.0" /></mjloggm>