<mjloggm ver="2.3"><GO type="41" lobby="0"/><UN n0="%68%69%6A%69%6B%69%32" n1="%E5%B0%B1%E6%B4%BB%E7%94%9F%40%E5%B7%9D%E6%9D%91%E8%BB%8D%E5%9B%A3" n2="%E7%94%98%E7%B2%95%E3%81%A4%E3%81%B0%E3%82%81" n3="%63%72%61%7A%79%E6%B8%A1%E6%B5%B7" dan="15,15,14,15" rate="1960.71,2016.95,1959.72,1953.41" sx="M,M,F,M"/><TAIKYOKU oya="0"/><INIT seed="0,0,0,2,3,49" ten="250,250,250,250" oya="0" hai0="17,0,99,66,104,10,110,129,43,58,37,115,124" hai1="59,76,23,94,79,9,117,3,83,84,4,95,40" hai2="71,116,44,33,107,8,82,77,127,7,81,55,98" hai3="119,54,106,132,65,22,101,51,45,56,121,1,27"/><T16/><D115/><U62/><E117/><V30/><F116/><W31/><G119/><T50/><D37/><U6/><E6/><V69/><F127/><W100/><G1/><T32/><D124/><U20/><E79/><V134/><F134/><W68/><G132/><T38/><D38/><U89/><E40/><V47/><F33/><W90/><G121/><T18/><D32/><U36/><E36/><V41/><F30/><W86/><G106/><T39/><D39/><U118/><E118/><V112/><F112/><W87/><G68/><T29/><D29/><U108/><E108/><V11/><F41/><W120/><G120/><T72/><D72/><U126/><E126/><V105/><F98/><W63/><REACH who="3" step="1"/><G87/><REACH who="3" ten="250,250,250,240" step="2"/><T92/><D104/><U80/><E23/><V91/><F105/><W133/><G133/><T14/><D0/><U123/><E20/><V93/><F107/><W111/><G111/><T114/><D110/><U78/><E123/><V61/><F8/><W74/><G74/><T48/><D114/><U53/><REACH who="1" step="1"/><E89/><REACH who="1" ten="250,240,250,240" step="2"/><V70/><F91/><W12/><G12/><T52/><D43/><U19/><E19/><V128/><F11/><W64/><G64/><T97/><D66/><U13/><E13/><V96/><F7/><W42/><G42/><T88/><D18/><U85/><AGARI ba="0,2" hai="3,4,9,53,59,62,76,78,80,83,84,85,94,95" machi="85" ten="20,8000,1" yaku="1,1,0,1,7,1,9,1,52,1,53,0" doraHai="49" doraHaiUra="46" who="1" fromWho="1" sc="250,-40,240,100,250,-20,240,-20" /><INIT seed="1,0,0,2,3,117" ten="210,340,230,220" oya="1" hai0="63,35,131,92,90,15,42,14,83,105,118,75,97" hai1="114,4,106,85,59,130,37,68,133,46,112,84,7" hai2="65,128,111,122,98,31,61,23,101,26,62,108,56" hai3="44,25,16,21,69,39,110,103,107,127,132,38,78"/><U64/><E106/><V129/><F122/><W10/><G69/><T115/><D118/><U32/><E68/><V29/><F29/><W5/><G110/><N who="2" m="42025" /><F62/><W52/><G132/><T50/><D35/><U123/><E32/><V100/><F100/><W87/><G127/><T18/><D63/><U76/><E64/><V134/><F134/><W60/><G107/><AGARI ba="0,0" hai="23,26,31,56,61,65,98,101,107,128,129" m="42025" machi="107" ten="30,1000,0" yaku="14,1" doraHai="117" who="2" fromWho="3" sc="210,0,340,0,230,10,220,-10" /><INIT seed="2,0,0,0,1,53" ten="210,340,240,210" oya="2" hai0="119,98,88,99,129,22,89,120,80,101,112,132,0" hai1="52,135,92,9,57,6,5,47,90,126,127,71,113" hai2="51,72,111,26,74,70,20,84,79,50,115,128,108" hai3="2,121,69,3,106,97,35,33,46,24,44,96,19"/><V75/><F115/><W114/><G121/><T12/><D0/><U41/><E113/><V76/><F128/><W82/><G114/><T105/><D112/><U87/><E71/><V91/><F70/><W110/><G69/><T60/><D120/><U10/><E135/><V32/><F32/><W68/><G68/><T59/><D132/><U39/><E10/><V100/><F50/><W107/><G82/><T95/><D129/><U104/><E104/><V86/><F51/><W29/><G24/><T58/><D60/><U77/><E77/><N who="2" m="29771" /><F100/><W64/><G64/><T14/><D119/><U16/><E16/><N who="2" m="12551" /><F91/><W13/><G19/><T66/><D66/><U65/><E65/><V25/><F25/><W28/><REACH who="3" step="1"/><G13/><REACH who="3" ten="210,340,240,200" step="2"/><T36/><D14/><U78/><E78/><V11/><F72/><W83/><G83/><T118/><D118/><U63/><REACH who="1" step="1"/><E6/><REACH who="1" ten="210,330,240,200" step="2"/><V34/><F74/><W94/><G94/><T62/><D95/><U55/><E55/><V93/><F75/><W131/><G131/><T30/><D105/><U37/><E37/><V123/><F93/><W134/><G134/><T48/><D36/><U4/><E4/><V122/><F123/><W40/><G40/><T85/><D12/><AGARI ba="0,2" hai="5,9,12,39,41,47,52,57,63,87,90,92,126,127" machi="12" ten="40,5200,0" yaku="1,1,52,1,54,1,53,0" doraHai="53" doraHaiUra="61" who="1" fromWho="0" sc="210,-52,330,72,240,0,200,0" /><INIT seed="3,0,0,3,1,40" ten="158,402,240,200" oya="3" hai0="101,9,92,86,15,76,78,42,22,28,18,54,124" hai1="7,134,89,130,13,0,79,99,58,87,97,38,19" hai2="12,59,11,128,10,115,6,119,65,61,132,107,103" hai3="116,69,57,37,26,80,77,126,14,46,3,24,133"/><W32/><G3/><T49/><D124/><U23/><E130/><V62/><F119/><W30/><G69/><T29/><D42/><U129/><E129/><V52/><F115/><W127/><G116/><T36/><D36/><U41/><E134/><V47/><F128/><W118/><G118/><T82/><D78/><U21/><E79/><V83/><F132/><W48/><G133/><T104/><D104/><U120/><E120/><V71/><F83/><W55/><G37/><T108/><D108/><U93/><E0/><V50/><F103/><W60/><G24/><T85/><D9/><U43/><E7/><V17/><F107/><W125/><G14/><T56/><REACH who="0" step="1"/><D101/><REACH who="0" ten="148,402,240,200" step="2"/><U5/><E43/><V91/><F91/><AGARI ba="0,1" hai="15,18,22,28,29,49,54,56,76,82,85,86,91,92" machi="91" ten="40,8000,1" yaku="1,1,2,1,25,2,8,1,53,0" doraHai="40" doraHaiUra="106" who="0" fromWho="2" sc="148,90,402,0,240,-80,200,0" /><INIT seed="4,0,0,2,4,20" ten="238,402,160,200" oya="0" hai0="80,85,78,128,86,14,112,29,27,131,118,81,135" hai1="69,24,22,15,53,55,73,119,61,54,75,7,68" hai2="1,35,44,43,11,83,46,76,74,0,115,84,101" hai3="123,107,120,19,39,18,60,32,72,125,100,113,111"/><T47/><D118/><U8/><E119/><V91/><F115/><W58/><G72/><T116/><D116/><U104/><E104/><V130/><F130/><W5/><G113/><T106/><D112/><U45/><E45/><V121/><F121/><N who="3" m="46667" /><G39/><T17/><D106/><U34/><E34/><V92/><F35/><W87/><G111/><T71/><D135/><U90/><E90/><V105/><F11/><W127/><G87/><T13/><D47/><U63/><E63/><V124/><F124/><N who="3" m="47691" /><G100/><T48/><D48/><U77/><E77/><V2/><REACH who="2" step="1"/><F43/><REACH who="2" ten="238,402,150,200" step="2"/><W126/><G126/><T79/><D71/><U9/><E8/><V38/><F38/><W132/><G32/><T64/><D131/><U42/><E42/><V26/><F26/><W129/><G129/><T25/><D128/><U33/><E33/><V66/><F66/><N who="3" m="39191" /><G132/><T96/><D27/><U41/><E41/><V65/><F65/><W67/><G67/><T99/><D64/><U102/><E69/><V117/><F117/><W109/><G109/><T40/><D40/><U12/><E68/><V56/><F56/><W36/><G36/><T88/><D14/><U122/><E15/><V28/><F28/><W62/><G62/><T108/><D108/><U52/><E61/><V57/><F57/><W30/><G30/><T49/><D49/><U134/><E122/><V94/><F94/><W82/><G107/><T21/><REACH who="0" step="1"/><D79/><REACH who="0" ten="228,402,150,200" step="2"/><U51/><E51/><V50/><F50/><W3/><G82/><T89/><D89/><U37/><N who="1" m="13312" /><DORA hai="59" /><U95/><E12/><V10/><F10/><AGARI ba="0,2" hai="3,5,10,18,19" m="39191,47691,46667" machi="10" ten="30,3900,0" yaku="13,1,18,1,52,1" doraHai="20,59" who="3" fromWho="2" sc="228,0,402,0,150,-39,200,59" /><AGARI ba="0,0" hai="10,13,17,21,25,29,78,80,81,85,86,88,96,99" machi="10" ten="30,18000,2" yaku="1,1,7,1,8,1,52,1,54,1,53,2" doraHai="20,59" doraHaiUra="97,93" who="0" fromWho="2" sc="228,180,402,0,111,-180,259,0" owari="408,51.0,402,20.0,-69,-57.0,259,-14.0" /></mjloggm>