<mjloggm ver="2.3"><GO type="97" lobby="0"/><UN n0="%E3%82%B9%E3%83%AB%E3%83%A1" n1="%65%6E%64%6F%6D%69%72" n2="%E7%A5%9E%E4%BB%A3%E3%81%AE%E5%B0%8F%E8%90%8C" n3="%E3%83%88%E3%83%88%E3%83%AA%E5%85%88%E7%94%9F%31%39%E6%AD%B3" dan="14,14,15,14" rate="1927.78,1859.67,2002.34,2038.04" sx="M,M,F,F"/><TAIKYOKU oya="0"/><INIT seed="0,0,0,5,0,127" ten="250,250,250,250" oya="0" hai0="24,25,107,60,10,94,108,134,132,3,119,101,34" hai1="105,126,67,86,42,61,46,26,14,117,18,102,128" hai2="16,19,58,87,123,113,66,104,68,73,55,75,57" hai3="96,15,90,95,51,48,59,85,65,98,124,135,7"/><T89/><D119/><U47/><E117/><V52/><F123/><W17/><G135/><N who="0" m="51755" /><D108/><U118/><E126/><V88/><F113/><W54/><G124/><T53/><D34/><U110/><E110/><V43/><F104/><W77/><G7/><N who="0" m="1407" /><D107/><U38/><E47/><V63/><F43/><W31/><G31/><T129/><D101/><U11/><E26/><V122/><F122/><W29/><G29/><T100/><D100/><U8/><E8/><V28/><F28/><W78/><G65/><T130/><D53/><U49/><E38/><V30/><F30/><W5/><G5/><T37/><D60/><U0/><E0/><V62/><F75/><W23/><G51/><T109/><D37/><U120/><E120/><V93/><F73/><W97/><AGARI ba="0,0" hai="15,17,23,48,54,59,77,78,85,90,95,96,97,98" machi="97" ten="30,7900,0" yaku="0,1,25,2,8,1" doraHai="127" who="3" fromWho="3" sc="250,-39,250,-20,250,-20,250,79" /><INIT seed="1,0,0,4,1,25" ten="211,230,230,329" oya="1" hai0="112,16,85,86,63,6,102,118,28,99,82,125,75" hai1="66,129,119,12,29,47,17,76,2,100,56,73,116" hai2="10,93,20,77,21,19,61,94,97,52,128,60,9" hai3="55,18,113,96,70,50,72,64,42,43,135,58,122"/><U89/><E129/><V71/><F71/><W79/><G113/><T3/><D112/><U30/><E2/><V88/><F128/><W0/><G122/><T33/><D118/><U120/><E120/><V133/><F133/><W8/><G135/><T92/><D125/><U67/><E100/><V114/><F77/><W68/><G72/><T53/><D3/><U26/><E26/><N who="2" m="14623" /><F114/><W110/><G79/><T126/><D126/><U65/><E47/><V4/><F21/><W84/><G110/><T124/><D124/><U57/><E89/><N who="2" m="55471" /><F4/><W7/><G84/><T132/><D132/><U41/><E41/><V101/><F101/><W49/><G96/><T90/><D6/><U69/><E69/><V39/><F39/><W37/><G70/><T111/><D111/><U36/><E36/><V108/><F108/><W87/><G87/><T80/><D16/><U35/><E35/><V46/><F46/><W59/><G37/><T62/><D75/><U51/><E119/><V103/><F103/><W45/><G18/><T98/><D53/><U81/><E116/><V134/><F134/><W22/><G22/><T24/><REACH who="0" step="1"/><D99/><REACH who="0" ten="201,230,230,329" step="2"/><U74/><E74/><V23/><F52/><W109/><G109/><T130/><D130/><U121/><E121/><V5/><F5/><W11/><G11/><N who="2" m="4105" /><F23/><W104/><G43/><T15/><D15/><U13/><E13/><V31/><F31/><W107/><G42/><T131/><D131/><U54/><E17/><V34/><F34/><W78/><G0/><T106/><D106/><U48/><E12/><V95/><F95/><W14/><G104/><RYUUKYOKU ba="0,1" sc="201,10,230,10,230,10,329,-30" hai0="24,28,33,62,63,80,82,85,86,90,92,98,102" hai1="29,30,48,51,54,56,57,65,66,67,73,76,81" hai2="60,61,88,94" /><INIT seed="1,1,1,4,4,15" ten="211,240,240,299" oya="1" hai0="96,47,46,81,31,24,18,116,19,44,35,95,2" hai1="90,86,48,79,45,92,80,67,117,123,63,4,88" hai2="11,133,50,59,26,121,0,82,49,5,107,36,27" hai3="32,129,68,51,73,16,66,38,23,62,135,98,21"/><U42/><E117/><V131/><F121/><W37/><G32/><T25/><D116/><U101/><E123/><V114/><F133/><W104/><G73/><T89/><D2/><U17/><E4/><V40/><F107/><W91/><G135/><T60/><D60/><U108/><E108/><V55/><F114/><W118/><G118/><T125/><D125/><U41/><E41/><V109/><F131/><W85/><G23/><T119/><D119/><U64/><E64/><V10/><F10/><W112/><G112/><T77/><REACH who="0" step="1"/><D25/><REACH who="0" ten="201,240,240,299" step="2"/><U99/><REACH who="1" step="1"/><E17/><REACH who="1" ten="201,230,240,299" step="2"/><V7/><F109/><W124/><G16/><T14/><D14/><U9/><E9/><V56/><F11/><W12/><G124/><T52/><D52/><U43/><E43/><V103/><F55/><W20/><G12/><T8/><D8/><U65/><E65/><V122/><F0/><W13/><G13/><T22/><D22/><U39/><E39/><V54/><F122/><W30/><G37/><T71/><D71/><AGARI ba="1,3" hai="42,45,48,63,67,71,79,80,86,88,90,92,99,101" machi="71" ten="30,12000,1" yaku="1,1,7,1,54,1,53,2" doraHai="15" doraHaiUra="87" who="1" fromWho="0" sc="201,-123,230,153,240,0,299,0" /><INIT seed="1,2,0,2,1,113" ten="78,383,240,299" oya="1" hai0="23,83,43,67,101,112,86,64,40,98,17,76,21" hai1="53,93,9,77,110,52,78,66,60,131,88,38,104" hai2="79,75,35,92,20,1,99,3,6,135,51,54,62" hai3="15,117,82,69,100,22,25,49,47,125,57,2,42"/><U102/><E38/><V36/><F36/><W91/><G69/><T48/><D112/><U14/><E131/><V32/><F135/><W107/><G2/><T26/><D43/><U119/><E119/><V103/><F62/><W5/><G125/><T109/><D109/><U133/><E133/><V116/><F116/><W120/><G120/><T128/><D128/><U73/><E104/><V74/><F20/><W111/><G111/><T124/><D124/><U68/><E102/><V56/><F79/><W19/><G117/><T127/><D127/><U85/><E110/><V29/><F29/><W71/><G71/><T13/><D48/><U118/><E118/><V34/><REACH who="2" step="1"/><F6/><REACH who="2" ten="78,383,230,299" step="2"/><W7/><G5/><T41/><D67/><U59/><E68/><V63/><F63/><W37/><G7/><T33/><D64/><U121/><E121/><V0/><AGARI ba="2,1" hai="0,1,3,32,34,35,51,54,56,74,75,92,99,103" machi="0" ten="40,2700,0" yaku="1,1,0,1,53,0" doraHai="113" doraHaiUra="72" who="2" fromWho="2" sc="78,-9,383,-15,230,43,299,-9" /><INIT seed="2,0,0,1,4,64" ten="69,368,273,290" oya="2" hai0="133,75,16,12,31,119,113,125,39,74,116,13,105" hai1="15,84,34,109,89,14,117,37,28,101,29,65,106" hai2="128,115,56,62,104,110,80,132,32,123,44,33,134" hai3="5,68,9,57,124,111,63,131,91,122,90,121,107"/><V72/><F123/><W135/><G107/><T10/><D105/><U71/><E37/><V114/><F128/><W61/><G131/><T126/><D39/><U24/><E29/><V83/><F110/><W69/><G111/><T2/><D75/><U52/><E52/><N who="2" m="34055" /><F44/><W100/><G100/><T21/><D74/><U25/><E25/><V43/><F43/><W92/><G135/><N who="2" m="51753" /><F104/><W103/><G103/><T78/><D78/><U0/><E0/><V8/><F8/><W23/><G23/><N who="0" m="11663" /><D133/><U66/><E66/><V17/><F17/><W45/><G124/><N who="0" m="47723" /><D113/><N who="2" m="43018" /><F72/><W41/><G121/><T108/><D108/><U98/><E117/><N who="0" m="45129" /><D2/><U102/><E102/><V4/><F4/><W59/><G122/><T48/><D48/><U36/><E36/><V38/><F38/><W11/><G5/><N who="0" m="3151" /><D21/><U7/><E7/><V82/><AGARI ba="0,0" hai="32,33,80,82,83" m="43018,51753,34055" machi="82" ten="40,3900,0" yaku="20,1,54,1" doraHai="64" who="2" fromWho="2" sc="69,-13,368,-13,273,39,290,-13" /><INIT seed="2,1,0,4,4,104" ten="56,355,312,277" oya="2" hai0="78,70,125,96,27,93,45,86,18,16,21,71,133" hai1="5,62,76,95,1,17,53,40,7,54,37,84,128" hai2="131,66,23,59,26,97,42,0,56,48,67,10,60" hai3="103,118,111,75,25,15,81,102,114,121,112,120,99"/><V106/><F131/><W80/><G15/><T57/><D133/><U19/><E128/><V43/><F106/><W129/><G25/><T110/><D125/><U116/><E116/><V29/><F97/><W32/><G32/><T22/><D110/><U82/><E37/><V109/><F109/><W89/><G129/><T47/><D57/><U3/><E40/><N who="2" m="15403" /><F0/><W31/><G31/><T101/><D86/><U123/><E123/><N who="3" m="47178" /><G111/><T108/><D108/><U52/><E62/><N who="2" m="38215" /><F48/><W87/><G118/><T9/><D9/><AGARI ba="1,0" hai="9,10,23,26,29,59,60,67" m="38215,15403" machi="9" ten="30,1500,0" yaku="8,1" doraHai="104" who="2" fromWho="0" sc="56,-18,355,0,312,18,277,0" /><INIT seed="2,2,0,0,1,110" ten="38,355,330,277" oya="2" hai0="79,115,96,133,47,35,70,75,112,54,129,4,27" hai1="98,39,9,92,94,72,105,74,28,45,84,116,76" hai2="91,123,119,103,40,57,120,24,80,108,113,25,48" hai3="6,63,10,102,114,8,49,124,21,38,132,78,22"/><V89/><F119/><W93/><G38/><T101/><D54/><U55/><E116/><V118/><F118/><W69/><G132/><T62/><D133/><U100/><E28/><V44/><F113/><N who="0" m="43594" /><D129/><U107/><E9/><V17/><F108/><W71/><G124/><T88/><D88/><N who="2" m="33866" /><F120/><W23/><G114/><T33/><D4/><U60/><E39/><V83/><F123/><W18/><G78/><T59/><D59/><U127/><E127/><V37/><F37/><W134/><G134/><T11/><D11/><U135/><E135/><V58/><F103/><W68/><G63/><T122/><D122/><U41/><E41/><V77/><F77/><W66/><G66/><N who="0" m="41303" /><D47/><U125/><E125/><V53/><F17/><W29/><G49/><T117/><D27/><N who="2" m="10314" /><F53/><W87/><G18/><T36/><D36/><U50/><E60/><V13/><F13/><W121/><G121/><T61/><D61/><U30/><E94/><V7/><F7/><W95/><G6/><T14/><D14/><U42/><E55/><V51/><F48/><W16/><G16/><T19/><D19/><U5/><E5/><V67/><F67/><W126/><G126/><T2/><D2/><U46/><E46/><V52/><F40/><W20/><G93/><T65/><D65/><U56/><E92/><V109/><F109/><W128/><G128/><T0/><D0/><U43/><E43/><V3/><F3/><W97/><G87/><T130/><D130/><U31/><E50/><V34/><F34/><W85/><G85/><T12/><D12/><U64/><E64/><V73/><F73/><RYUUKYOKU ba="2,0" sc="38,-15,355,-15,330,15,277,15" hai2="44,51,52,57,58,80,83" hai3="8,10,20,21,22,23,29,68,69,71,95,97,102" /><INIT seed="2,3,0,3,2,75" ten="23,340,345,292" oya="2" hai0="72,123,121,71,63,3,27,114,112,34,43,117,70" hai1="66,87,28,40,7,89,61,11,106,129,52,9,109" hai2="53,2,15,41,125,4,21,81,95,79,130,37,6" hai3="90,38,99,133,134,35,12,98,22,74,24,60,94"/><V20/><F130/><W62/><G38/><T111/><D27/><U30/><E106/><V86/><F125/><W127/><G127/><T57/><D57/><U118/><E129/><V49/><F95/><N who="3" m="56695" /><G12/><T85/><D85/><U10/><E7/><N who="2" m="2603" /><F37/><W47/><G47/><T96/><D96/><U100/><E100/><V44/><F2/><W33/><G74/><T17/><D17/><U128/><E128/><V113/><F113/><W58/><G35/><T14/><D14/><U105/><E105/><V55/><F15/><W31/><G33/><T78/><D78/><U120/><E120/><V80/><F80/><W69/><G69/><T76/><D76/><U65/><E40/><V54/><AGARI ba="3,0" hai="20,21,41,44,49,53,54,55,79,81,86" m="2603" machi="54" ten="30,3000,0" yaku="8,1,52,1" doraHai="75" who="2" fromWho="2" sc="23,-13,340,-13,345,39,292,-13" /><INIT seed="2,4,0,5,3,120" ten="10,327,384,279" oya="2" hai0="33,126,94,42,71,86,69,10,52,48,19,92,60" hai1="104,112,98,83,115,75,82,76,91,84,96,106,9" hai2="46,73,6,27,80,54,58,95,40,37,78,32,36" hai3="113,129,47,23,100,34,59,81,87,55,28,74,50"/><V90/><F6/><W45/><G74/><T110/><D110/><U119/><E119/><V1/><F1/><W123/><G123/><T26/><D126/><U17/><E17/><V61/><F32/><W0/><G0/><T88/><D94/><U31/><E31/><V14/><F14/><W108/><G34/><T62/><D42/><U35/><E35/><V12/><F12/><W25/><G129/><T93/><D93/><U30/><E30/><V130/><F130/><W97/><G113/><T99/><D71/><U63/><E9/><V72/><F27/><W53/><G108/><T124/><D124/><U22/><E22/><V103/><F103/><W21/><G21/><T102/><D69/><U49/><E63/><V16/><F16/><W3/><G3/><T20/><D33/><U38/><E49/><V51/><F73/><W101/><G97/><AGARI ba="4,0" hai="36,37,40,46,51,54,58,61,72,78,80,90,95,97" machi="97" ten="30,1500,0" yaku="7,1" doraHai="120" who="2" fromWho="3" sc="10,0,327,0,384,27,279,-27" /><INIT seed="2,5,0,0,3,11" ten="10,327,411,252" oya="2" hai0="52,120,27,100,36,103,63,15,82,20,122,116,6" hai1="93,88,58,40,86,56,92,43,62,48,46,42,60" hai2="115,79,14,25,90,121,37,49,44,70,106,32,68" hai3="129,9,4,8,91,34,127,96,53,30,16,75,78"/><V29/><F121/><W104/><G129/><T76/><D116/><U72/><E72/><V74/><F115/><W3/><G127/><T2/><D2/><U35/><E35/><V80/><F106/><W118/><G118/><T54/><D36/><U57/><REACH who="1" step="1"/><E93/><REACH who="1" ten="10,317,411,252" step="2"/><V108/><F108/><W7/><G75/><T26/><D122/><U113/><E113/><V81/><F74/><W18/><G78/><T67/><D120/><U61/><AGARI ba="5,1" hai="40,42,43,46,48,56,57,58,60,61,62,86,88,92" machi="61" ten="30,7900,0" yaku="1,1,0,1,8,1,54,1,53,0" doraHai="11" doraHaiUra="94" who="1" fromWho="1" sc="10,-25,317,104,411,-44,252,-25" owari="-15,-52.0,421,52.0,367,17.0,227,-17.0" /></mjloggm>