<mjloggm ver="2.3"><GO type="169" lobby="0"/><UN n0="%E3%81%82%E3%82%8B%E3%81%B5%E3%81%81%E3%81%AE%E4%BA%BA" n1="%E3%81%8A%E8%82%89%E3%81%A1%E3%82%83%E3%82%93" n2="%E3%82%A6%E3%83%AB%E3%83%88%E3%83%A9%E7%AB%8B%E7%9B%B4" n3="%35%79%61" dan="16,16,17,16" rate="2064.76,2107.51,2135.17,2109.12" sx="M,M,M,M"/><TAIKYOKU oya="0"/><INIT seed="0,0,0,2,3,69" ten="250,250,250,250" oya="0" hai0="49,55,33,27,0,10,6,4,81,2,8,28,65" hai1="86,51,67,130,74,15,3,102,56,9,133,97,79" hai2="111,58,61,101,64,91,93,22,48,30,112,125,57" hai3="47,104,110,38,94,84,80,70,73,122,43,89,36"/><T26/><D65/><U19/><E74/><V31/><F112/><W124/><G110/><T109/><D109/><U78/><E130/><V12/><F111/><W99/><G124/><T60/><D60/><N who="1" m="38279" /><E3/><V13/><F101/><N who="3" m="62527" /><G70/><T59/><D27/><U123/><E123/><V66/><F125/><W68/><G68/><T16/><D81/><N who="1" m="47415" /><E133/><V132/><F132/><W25/><G25/><T53/><D53/><U52/><E79/><V96/><F13/><W76/><G122/><T126/><D126/><U24/><E24/><V44/><F12/><W85/><G85/><T23/><REACH who="0" step="1"/><D33/><REACH who="0" ten="240,250,250,250" step="2"/><U113/><E113/><V50/><F66/><W116/><G116/><T37/><D37/><AGARI ba="0,1" hai="36,37,38,43,47,73,76,80,84,89,94" m="62527" machi="37" ten="30,7700,0" yaku="24,1,52,3" doraHai="69" who="3" fromWho="0" sc="240,-77,250,0,250,0,250,87" /><INIT seed="1,0,0,4,3,6" ten="163,250,250,337" oya="1" hai0="25,32,50,55,97,33,109,13,28,116,23,91,72" hai1="105,22,24,59,10,9,93,102,85,83,46,117,4" hai2="15,88,61,16,107,26,106,40,115,18,95,76,3" hai3="128,89,45,110,52,14,37,47,35,36,132,79,66"/><U134/><E105/><V71/><F3/><W58/><G110/><T2/><D2/><U69/><E69/><V1/><F1/><W111/><G111/><T41/><D109/><U125/><E4/><V130/><F130/><W92/><G35/><T96/><D72/><U103/><E117/><V87/><F115/><W121/><G121/><T99/><D116/><U81/><E134/><V74/><F40/><W38/><G128/><T19/><D41/><U73/><E73/><V119/><F119/><W133/><G79/><T49/><D49/><U54/><E125/><V82/><F26/><W17/><G66/><T44/><REACH who="0" step="1"/><D91/><REACH who="0" ten="153,250,250,337" step="2"/><N who="1" m="51647" /><E46/><V20/><REACH who="2" step="1"/><F18/><REACH who="2" ten="153,250,240,337" step="2"/><W84/><G133/><T34/><AGARI ba="0,2" hai="13,19,23,25,28,32,33,34,44,50,55,96,97,99" machi="34" ten="30,4000,0" yaku="1,1,0,1,53,1" doraHai="6" doraHaiUra="43" who="0" fromWho="0" sc="153,60,250,-20,240,-10,337,-10" /><INIT seed="2,0,0,0,3,113" ten="213,230,230,327" oya="2" hai0="134,39,102,22,105,36,99,32,117,51,126,76,107" hai1="94,92,82,13,96,98,103,23,74,71,73,54,3" hai2="110,21,47,69,38,27,15,132,2,26,112,72,42" hai3="83,4,14,34,95,55,90,5,100,17,77,104,29"/><V130/><F112/><W70/><G70/><T60/><D32/><U61/><E3/><V48/><F2/><W31/><G104/><T111/><D111/><U1/><E1/><V64/><F110/><W35/><G100/><T128/><D128/><U6/><E82/><V86/><F72/><W108/><G108/><T43/><D107/><U106/><E106/><V87/><F130/><W28/><G55/><T133/><D126/><U45/><E45/><V37/><F132/><N who="0" m="50794" /><D76/><U16/><E6/><V44/><F15/><W91/><G35/><T116/><D60/><U124/><E124/><V123/><F123/><W131/><G34/><T65/><D65/><U30/><E30/><V63/><F27/><W97/><G131/><T80/><D80/><U56/><REACH who="1" step="1"/><E71/><REACH who="1" ten="213,220,230,327" step="2"/><V50/><F38/><N who="0" m="14378" /><D22/><U115/><E115/><V68/><F68/><W8/><REACH who="3" step="1"/><G91/><AGARI ba="0,1" hai="13,16,23,54,56,61,73,74,91,92,94,96,98,103" machi="91" ten="30,8000,1" yaku="1,1,7,1,54,1,53,2" doraHai="113" doraHaiUra="88" who="1" fromWho="3" sc="213,0,220,90,230,0,327,-80" /><INIT seed="3,0,0,3,1,54" ten="213,310,230,247" oya="3" hai0="126,40,132,12,21,90,101,5,100,56,99,0,85" hai1="73,29,27,76,62,36,124,71,67,107,74,91,89" hai2="15,120,58,57,128,122,111,38,31,79,33,16,44" hai3="2,13,11,121,59,39,63,17,96,135,98,25,7"/><W103/><G121/><N who="2" m="46697" /><F128/><W30/><G135/><T14/><D0/><U116/><E36/><V125/><F125/><W88/><G39/><T95/><D132/><U19/><E19/><V77/><F111/><W105/><G98/><T3/><D3/><U83/><E124/><V109/><F109/><W23/><G88/><N who="0" m="55783" /><D40/><U102/><E74/><V110/><F110/><W49/><G49/><T94/><D126/><U84/><E73/><V60/><F60/><W82/><G82/><T50/><D5/><U42/><E42/><N who="2" m="22615" /><F31/><W66/><REACH who="3" step="1"/><G2/><REACH who="3" ten="213,310,230,237" step="2"/><T133/><D133/><U20/><E116/><V87/><F33/><W41/><G41/><T92/><D100/><U37/><E37/><V53/><F79/><W118/><G118/><T6/><D101/><U80/><E102/><V72/><F72/><W68/><G68/><T64/><D50/><U46/><E91/><V34/><F34/><W10/><G10/><T18/><D90/><U24/><E76/><V61/><F77/><W123/><G123/><T131/><D131/><U45/><E89/><V22/><F87/><W81/><G81/><T51/><D85/><U69/><E84/><V117/><F117/><W70/><G70/><T104/><D51/><U8/><E8/><V114/><F114/><W108/><G108/><T1/><D1/><U112/><E112/><V86/><F86/><W9/><G9/><N who="0" m="4151" /><D104/><U97/><E71/><V93/><F93/><W78/><G78/><T47/><D94/><U65/><E69/><V130/><F130/><W32/><G32/><T48/><D92/><U127/><E107/><V113/><F113/><RYUUKYOKU ba="0,1" sc="213,-15,310,-15,230,15,237,15" hai2="15,16,22,53,57,58,61" hai3="7,11,13,17,23,25,30,59,63,66,96,103,105" /><INIT seed="3,1,1,0,1,123" ten="198,295,245,252" oya="3" hai0="42,22,52,103,90,48,81,104,0,117,34,95,28" hai1="51,56,122,128,19,55,99,107,96,45,84,65,2" hai2="115,38,25,53,11,68,76,16,29,135,47,70,33" hai3="79,58,18,32,30,23,6,98,20,40,78,92,9"/><W41/><G58/><T114/><D34/><U15/><E2/><V61/><F115/><W24/><G41/><T101/><D117/><U132/><E107/><V126/><F126/><W83/><G40/><T121/><D104/><U110/><E122/><V82/><F135/><W106/><G106/><T62/><D0/><U63/><E132/><V46/><F38/><W130/><G130/><T36/><D121/><U134/><E134/><V108/><F108/><W21/><G18/><T8/><D8/><N who="1" m="6631" /><E110/><V97/><F97/><N who="1" m="37449" /><E128/><V125/><F125/><W133/><G133/><T85/><D36/><U5/><E84/><V88/><F70/><W86/><G79/><T112/><D42/><U43/><E5/><V87/><F76/><W80/><G80/><T44/><D62/><U54/><AGARI ba="1,1" hai="43,45,51,54,55,56,63,65" m="37449,6631" machi="54" ten="30,1100,0" yaku="8,1" doraHai="123" who="1" fromWho="1" sc="198,-4,295,24,245,-4,252,-6" /><INIT seed="4,0,0,3,2,36" ten="194,319,241,246" oya="0" hai0="27,41,104,22,69,46,65,96,98,55,87,113,43" hai1="132,6,44,4,64,123,111,125,37,74,30,21,109" hai2="52,114,16,84,83,131,93,24,28,79,116,115,76" hai3="128,130,94,118,60,34,100,68,9,59,57,108,32"/><T106/><D113/><N who="2" m="43018" /><F131/><N who="3" m="50219" /><G118/><T85/><D65/><U12/><E64/><V58/><F116/><W1/><G108/><N who="1" m="41546" /><E74/><V49/><F93/><W56/><G1/><T97/><D69/><U89/><E89/><N who="2" m="51359" /><F16/><W122/><G9/><T120/><D120/><U51/><E51/><V121/><F121/><W72/><G72/><T117/><D117/><U48/><E44/><V101/><F101/><W63/><G122/><T47/><D106/><U18/><E48/><V17/><F17/><W23/><G23/><AGARI ba="0,0" hai="23,24,28,49,52,58,76,79" m="51359,43018" machi="23" ten="30,2000,0" yaku="15,1,54,1" doraHai="36" who="2" fromWho="3" sc="194,0,319,0,241,20,246,-20" /><INIT seed="5,0,0,3,4,52" ten="194,319,261,226" oya="1" hai0="125,65,44,48,12,33,115,42,102,26,127,38,20" hai1="119,0,117,71,15,17,30,126,6,66,9,76,104" hai2="111,118,5,97,116,58,133,28,83,77,46,21,2" hai3="4,70,134,39,43,105,56,61,68,62,57,135,128"/><U69/><E104/><V81/><F111/><W40/><G105/><T106/><D115/><U3/><E76/><V64/><F133/><N who="3" m="50699" /><G4/><T27/><D65/><U37/><E37/><V98/><F2/><N who="1" m="553" /><E66/><V54/><F5/><W14/><G14/><T59/><D12/><N who="1" m="5175" /><E69/><N who="3" m="26730" /><G128/><T82/><D82/><N who="2" m="31242" /><F116/><N who="1" m="44617" /><E71/><V73/><F118/><W103/><G103/><T89/><D102/><U74/><E74/><V1/><F1/><W22/><G22/><T121/><D106/><U55/><E55/><V63/><F77/><W88/><G88/><T86/><D20/><N who="1" m="11327" /><E126/><V36/><F36/><W29/><G29/><AGARI ba="0,0" hai="29,30" m="11327,44617,5175,553" machi="29" ten="30,2900,0" yaku="34,2" doraHai="52" who="1" fromWho="3" sc="194,0,319,29,261,0,226,-29" /><INIT seed="5,1,0,1,2,83" ten="194,348,261,197" oya="1" hai0="40,104,10,49,117,79,11,113,127,21,115,47,76" hai1="15,134,85,101,37,70,25,71,54,135,50,86,1" hai2="121,65,89,16,132,12,120,108,133,5,27,126,33" hai3="57,123,2,91,87,75,84,78,17,129,77,122,66"/><U30/><E37/><V53/><F65/><W114/><G2/><T69/><D127/><U73/><E73/><V14/><F53/><W94/><G114/><N who="0" m="43531" /><D69/><N who="1" m="26123" /><E15/><N who="2" m="5675" /><F89/><W61/><G129/><T55/><D104/><U23/><E1/><V42/><F42/><W44/><G44/><N who="0" m="28071" /><D21/><U107/><E107/><V131/><F131/><W22/><G75/><T100/><D100/><U68/><E101/><V26/><F126/><W45/><G45/><T60/><D60/><U111/><E111/><V4/><F108/><W58/><G58/><T52/><D52/><U38/><E38/><V105/><F105/><W88/><G123/><N who="2" m="47177" /><F33/><W29/><G29/><T102/><D102/><U74/><E74/><V110/><F110/><W31/><G31/><T8/><D117/><U119/><E119/><V28/><F28/><W34/><G34/><T13/><D13/><U7/><E68/><V24/><F16/><W124/><G124/><T46/><D46/><N who="1" m="27991" /><E7/><AGARI ba="1,0" hai="4,5,7,24,26,27,132,133" m="47177,5675" machi="7" ten="40,8000,1" yaku="28,2,34,2" doraHai="83" who="2" fromWho="1" sc="194,0,348,-83,261,83,197,0" /><INIT seed="6,0,0,4,3,29" ten="194,265,344,197" oya="2" hai0="108,71,124,100,39,61,76,1,126,111,15,131,89" hai1="112,27,41,5,19,70,85,73,75,55,11,88,9" hai2="92,34,3,50,98,32,48,78,62,31,106,121,95" hai3="123,77,52,30,18,65,104,42,117,114,51,127,13"/><V93/><F3/><W94/><G117/><T81/><D131/><U118/><E70/><V122/><F31/><W79/><G104/><T8/><D1/><U129/><E118/><V113/><F62/><W25/><G123/><N who="2" m="47113" /><F78/><W38/><G114/><T87/><D100/><U14/><E129/><V43/><F43/><W110/><G110/><T6/><D39/><U82/><E112/><V44/><F44/><W24/><G127/><N who="0" m="48683" /><D89/><U67/><E67/><AGARI ba="0,0" hai="6,8,15,61,67,71,76,81,87,108,111" m="48683" machi="67" ten="30,1000,0" yaku="18,1" doraHai="29" who="0" fromWho="1" sc="194,10,265,-10,344,0,197,0" /><INIT seed="7,0,0,3,3,131" ten="204,255,344,197" oya="3" hai0="101,132,66,133,46,94,3,125,85,69,123,105,89" hai1="2,88,22,1,13,35,30,24,128,79,7,82,75" hai2="63,29,45,28,80,40,18,96,130,84,129,76,56" hai3="71,122,126,23,121,114,98,54,57,6,120,43,8"/><W38/><G71/><T111/><D111/><U53/><E128/><N who="2" m="49259" /><F18/><W20/><G114/><T113/><D125/><U67/><E67/><N who="2" m="39399" /><F96/><W12/><G126/><T14/><D3/><U118/><E118/><V97/><F97/><W127/><G127/><T102/><D123/><U15/><E15/><V60/><F60/><W26/><G98/><T78/><D78/><U39/><E39/><AGARI ba="0,0" hai="28,29,39,40,45,76,80,84" m="39399,49259" machi="39" ten="30,1000,0" yaku="19,1" doraHai="131" who="2" fromWho="1" sc="204,0,255,-10,344,10,197,0" owari="204,-20.0,245,5.0,354,45.0,197,-30.0" /></mjloggm>