<mjloggm ver="2.3"><GO type="169" lobby="0"/><UN n0="%E7%B4%A0%E6%9C%B4%E3%81%AA%E5%91%B3%E3%82%8F%E3%81%84" n1="%E6%9D%BE%E5%B1%8B%E3%81%8A%E3%81%98%E3%81%95%E3%82%93" n2="%E3%82%A6%E3%83%AB%E3%83%88%E3%83%A9%E7%AB%8B%E7%9B%B4" n3="%E8%A5%BF%E6%9D%91%E9%9B%84%E4%B8%80%E9%83%8E" dan="16,16,17,16" rate="2087.33,2102.06,2135.85,2122.43" sx="M,M,M,M"/><TAIKYOKU oya="0"/><INIT seed="0,0,0,5,1,25" ten="250,250,250,250" oya="0" hai0="23,104,61,126,67,84,96,77,26,98,30,108,53" hai1="37,43,52,17,49,27,41,13,7,42,119,24,87" hai2="72,63,29,80,6,28,70,56,58,95,102,112,101" hai3="90,92,68,110,117,20,103,57,93,1,36,38,33"/><T106/><D126/><U82/><E119/><V115/><F70/><W109/><G33/><T107/><D108/><U124/><E37/><V85/><F72/><W39/><G68/><T127/><D127/><U116/><E124/><V44/><F115/><W2/><G117/><T9/><D53/><U45/><E7/><V91/><F112/><W94/><G103/><N who="2" m="39433" /><F6/><W73/><G73/><T32/><D32/><U0/><E0/><N who="3" m="106" /><G20/><T10/><D98/><U121/><E121/><V35/><F35/><W129/><G57/><N who="2" m="22121" /><F63/><W135/><G135/><T100/><D9/><N who="1" m="6319" /><E116/><V66/><F66/><W48/><G48/><T133/><D10/><U71/><E71/><V99/><F44/><W11/><G11/><T65/><D133/><U114/><E114/><V12/><F12/><W128/><G90/><AGARI ba="0,0" hai="24,27,41,42,43,45,49,52,82,87,90" m="6319" machi="90" ten="30,3900,0" yaku="25,1,8,1,54,1" doraHai="25" who="1" fromWho="3" sc="250,0,250,39,250,0,250,-39" /><AGARI ba="0,0" hai="28,29,80,85,90,91,95,99" m="22121,39433" machi="90" ten="30,3900,0" yaku="8,1,52,2" doraHai="25" who="2" fromWho="3" sc="250,0,289,0,250,39,211,-39" /><INIT seed="1,0,0,3,5,79" ten="250,289,289,172" oya="1" hai0="69,100,97,25,99,36,118,41,135,125,2,57,93" hai1="10,31,134,18,1,92,38,67,115,130,129,90,119" hai2="48,74,59,78,43,109,60,71,8,72,6,126,77" hai3="114,19,121,11,122,101,124,91,73,88,106,15,35"/><U39/><E119/><V33/><F33/><W64/><G114/><T24/><D69/><U111/><E115/><V120/><F120/><W27/><G124/><T17/><D2/><U127/><E127/><V53/><F126/><W30/><G73/><T65/><D125/><U105/><E105/><V113/><F113/><W108/><G108/><T112/><D118/><U51/><E134/><V29/><F29/><W49/><G64/><T133/><D112/><U0/><E31/><V45/><F109/><W23/><G49/><T84/><D84/><U47/><E67/><V132/><F132/><N who="0" m="50762" /><D17/><U123/><E123/><V7/><F71/><W89/><REACH who="3" step="1"/><G35/><REACH who="3" ten="250,289,289,162" step="2"/><T68/><D68/><U40/><E111/><V86/><F74/><W75/><G75/><T55/><D65/><U80/><E39/><V116/><F72/><W96/><AGARI ba="0,1" hai="11,15,19,23,27,30,88,89,91,96,101,106,121,122" machi="96" ten="30,4000,0" yaku="1,1,0,1,54,1,53,0" doraHai="79" doraHaiUra="66" who="3" fromWho="3" sc="250,-10,289,-20,289,-10,162,50" /><INIT seed="2,0,0,3,5,57" ten="240,269,279,212" oya="2" hai0="105,74,91,125,63,41,97,101,69,86,115,112,58" hai1="90,78,134,50,10,68,52,13,12,20,43,123,64" hai2="111,42,9,40,100,113,121,22,128,132,7,96,37" hai3="31,1,108,119,127,46,88,131,30,120,114,55,29"/><V85/><F121/><W89/><G1/><T110/><D69/><U80/><E134/><V39/><F113/><W133/><G119/><T73/><D41/><U79/><E43/><V76/><F132/><W83/><G133/><T44/><D44/><U71/><E123/><V65/><F128/><W98/><G120/><T3/><D3/><U135/><E135/><V102/><F111/><W75/><G127/><T59/><D110/><U130/><E130/><V36/><F22/><W26/><G131/><T70/><D70/><U0/><E0/><V54/><F65/><W19/><G108/><T5/><D5/><N who="1" m="3151" /><E68/><V109/><F109/><W104/><G104/><T94/><D58/><N who="1" m="33047" /><E64/><V17/><F7/><W99/><G75/><T116/><D125/><U103/><E103/><N who="2" m="39467" /><F54/><W107/><G107/><T51/><D51/><U15/><E71/><V95/><F39/><W117/><G117/><T35/><D35/><U61/><E61/><V49/><F49/><W82/><G114/><T32/><D32/><U84/><E20/><V25/><F37/><W106/><G106/><T53/><D116/><U4/><E13/><N who="2" m="7343" /><F25/><W56/><G26/><T77/><D73/><U2/><E2/><V48/><F48/><W81/><G46/><T47/><D47/><U23/><E23/><V93/><F36/><W72/><G72/><T118/><D118/><U92/><E92/><N who="2" m="35403" /><F96/><N who="3" m="36907" /><G19/><T60/><D60/><AGARI ba="0,0" hai="29,30,31,55,56,60,81,82,83,88,89" m="36907" machi="60" ten="30,3900,0" yaku="8,1,52,1,54,1" doraHai="57" who="3" fromWho="0" sc="240,-39,269,0,279,0,212,39" /><INIT seed="3,0,0,0,4,53" ten="201,269,279,251" oya="3" hai0="44,112,71,5,106,118,133,20,101,24,56,134,80" hai1="13,33,59,85,120,65,94,96,60,132,48,58,125" hai2="115,64,32,29,14,37,92,70,83,75,28,131,63" hai3="27,15,122,95,117,119,109,9,21,110,52,12,40"/><W10/><G40/><T17/><D118/><U3/><E3/><V114/><F92/><W93/><G122/><T72/><D71/><U55/><E120/><V0/><F14/><N who="3" m="5163" /><G95/><T35/><D5/><U23/><E125/><V103/><F29/><N who="3" m="17647" /><G93/><T102/><D35/><U116/><E132/><N who="0" m="50793" /><D106/><U39/><E39/><V1/><F103/><W124/><G124/><T121/><D121/><U113/><E33/><V74/><F37/><W7/><G52/><T91/><D112/><U108/><E113/><V26/><F75/><W42/><G42/><T49/><D56/><N who="1" m="36999" /><E108/><N who="3" m="41578" /><G10/><T18/><D80/><U11/><E85/><V69/><F115/><W62/><G62/><T78/><D72/><U127/><E127/><V82/><F114/><W105/><G105/><T54/><D78/><U2/><E94/><V77/><F83/><W87/><G87/><T128/><D91/><U111/><E96/><V79/><F79/><W123/><G123/><T86/><D86/><U76/><E76/><V51/><F70/><W38/><G38/><T30/><D128/><U107/><E107/><V81/><F81/><W129/><G129/><T99/><D99/><U68/><E68/><V6/><F131/><W47/><G47/><T66/><D66/><U16/><E111/><V126/><F126/><W41/><G41/><T73/><D73/><U67/><E67/><V135/><F135/><W61/><G61/><T88/><D88/><U36/><E36/><V43/><F43/><W34/><G34/><T8/><D8/><U22/><E59/><V104/><F104/><W130/><G130/><T19/><AGARI ba="0,0" hai="17,18,19,20,24,30,44,49,54,101,102" m="50793" machi="19" ten="30,2000,0" yaku="5,1,20,1" doraHai="53" who="0" fromWho="0" sc="201,20,269,-5,279,-5,251,-10" /><INIT seed="4,0,0,3,1,2" ten="221,264,274,241" oya="0" hai0="98,129,104,99,6,33,78,18,22,45,100,123,36" hai1="74,7,39,134,13,117,9,57,109,116,132,87,71" hai2="17,61,86,93,91,29,55,14,118,66,94,11,62" hai3="119,130,64,44,108,69,90,111,135,43,28,115,125"/><T70/><D70/><U113/><E74/><V96/><F118/><W76/><G76/><T73/><D33/><U107/><E107/><V31/><F55/><W52/><G28/><N who="2" m="10825" /><F66/><W25/><G25/><T131/><D123/><U41/><E71/><V105/><F105/><W77/><G77/><T54/><D78/><U133/><E109/><V50/><F50/><W101/><G101/><AGARI ba="0,0" hai="11,14,17,61,62,86,91,93,94,96,101" m="10825" machi="101" ten="30,1000,0" yaku="8,1" doraHai="2" who="2" fromWho="3" sc="221,0,264,0,274,10,241,-10" /><INIT seed="5,0,0,5,3,98" ten="221,264,284,231" oya="1" hai0="35,71,116,19,2,73,86,119,23,126,104,17,48" hai1="80,130,11,115,97,63,21,70,51,55,24,16,67" hai2="112,88,90,31,15,6,124,85,62,22,60,47,87" hai3="5,101,43,75,42,81,74,34,65,72,28,89,26"/><U133/><E115/><V108/><F108/><W50/><G5/><T61/><D73/><U59/><E130/><V132/><F132/><W53/><G65/><T84/><D104/><U0/><E133/><V118/><F124/><W96/><G89/><N who="2" m="34409" /><F118/><W122/><G81/><T1/><D35/><U57/><E80/><V111/><F111/><W49/><G122/><T68/><D48/><U121/><E121/><V127/><F127/><W109/><G49/><T25/><D25/><U94/><E0/><V82/><F47/><W102/><G109/><T83/><D83/><U10/><REACH who="1" step="1"/><E70/><REACH who="1" ten="221,254,284,231" step="2"/><V30/><F112/><W123/><G123/><T76/><D126/><U29/><E29/><V3/><F3/><W128/><G128/><T18/><D1/><U120/><E120/><V110/><F31/><W134/><G134/><T7/><D68/><U92/><E92/><V129/><F129/><W13/><G28/><T131/><D131/><U99/><E99/><V54/><F30/><W37/><G96/><T4/><D2/><U93/><E93/><V113/><F113/><W9/><G34/><T12/><D71/><U58/><E58/><V36/><F110/><W117/><G117/><T107/><D119/><U38/><E38/><V39/><F36/><W56/><G37/><T95/><D116/><U44/><E44/><V79/><F39/><W105/><G105/><T27/><D107/><U33/><E33/><V100/><F82/><W40/><G74/><T135/><D135/><U91/><AGARI ba="0,1" hai="10,11,16,21,24,51,55,57,59,63,67,91,94,97" machi="91" ten="20,12000,1" yaku="1,1,0,1,7,1,8,1,54,1,53,0" doraHai="98" doraHaiUra="77" who="1" fromWho="1" sc="221,-40,254,130,284,-40,231,-40" /><INIT seed="5,1,0,3,0,67" ten="181,384,244,191" oya="1" hai0="122,13,128,35,100,22,91,17,127,68,62,135,82" hai1="130,63,31,64,84,93,26,29,27,61,116,24,46" hai2="120,45,39,81,89,47,58,108,92,126,87,60,111" hai3="74,51,48,134,20,124,97,23,88,66,8,43,131"/><U72/><E72/><V77/><F120/><W7/><G74/><T41/><D35/><U85/><E116/><V42/><F47/><W104/><G124/><T112/><D127/><U19/><E130/><V69/><F126/><W90/><G66/><T105/><D128/><U107/><E107/><V70/><F108/><W119/><G134/><T11/><D112/><U56/><E46/><V110/><F111/><W54/><G43/><T12/><D135/><U106/><E106/><V80/><F80/><W94/><G104/><T14/><D105/><U5/><E5/><V113/><F113/><W75/><G75/><T50/><D100/><U115/><E115/><V101/><F101/><W133/><G48/><T86/><D122/><U132/><E132/><V2/><F2/><W117/><G90/><T53/><D41/><U9/><E63/><V10/><F10/><W40/><G40/><T95/><D68/><U125/><E125/><V118/><F118/><N who="3" m="45067" /><G133/><T59/><D62/><U44/><E44/><V38/><F38/><W99/><G99/><N who="0" m="57855" /><D11/><U36/><E36/><V30/><F110/><W28/><G28/><T71/><D71/><U33/><E33/><V96/><F30/><W129/><G129/><T76/><AGARI ba="1,0" hai="12,13,14,17,22,50,53,59,76,82,86" m="57855" machi="76" ten="30,1100,0" yaku="8,1" doraHai="67" who="0" fromWho="0" sc="181,14,384,-6,244,-4,191,-4" /><INIT seed="6,0,0,4,2,7" ten="195,378,240,187" oya="2" hai0="79,127,103,12,88,80,47,121,23,78,32,25,129" hai1="56,17,101,111,66,135,128,31,13,89,10,39,116" hai2="120,24,40,108,6,46,84,15,11,107,55,27,109" hai3="126,133,97,99,0,35,42,22,113,50,43,53,45"/><V52/><F107/><W72/><G35/><T70/><D70/><U18/><E39/><V82/><F120/><W57/><G72/><T95/><D121/><U20/><E116/><V68/><F68/><W123/><G0/><T112/><D112/><U58/><E111/><N who="2" m="42571" /><F27/><W93/><G123/><T83/><D127/><U33/><E33/><V1/><F24/><W119/><G119/><T5/><D32/><U110/><E31/><V75/><F1/><W60/><G133/><T114/><D114/><U3/><E3/><V76/><F75/><W92/><G113/><T29/><D103/><U54/><E135/><V59/><F59/><W41/><G22/><T115/><D115/><U131/><E110/><V117/><F117/><W2/><G2/><T30/><D30/><U49/><E101/><V9/><F9/><W105/><G105/><T64/><D64/><U94/><E66/><V96/><F96/><N who="3" m="36939" /><G126/><T91/><D47/><N who="1" m="27967" /><E131/><V124/><F124/><W81/><G81/><N who="0" m="31307" /><D129/><U48/><E128/><V8/><F8/><W125/><G125/><T122/><D122/><U132/><E132/><V67/><F67/><AGARI ba="0,0" hai="41,42,43,45,50,53,57,60,67,92,93" m="36939" machi="67" ten="30,1000,0" yaku="8,1" doraHai="7" who="3" fromWho="2" sc="195,0,378,0,240,-10,187,10" /><INIT seed="7,0,0,2,0,0" ten="195,378,230,197" oya="3" hai0="72,105,53,15,71,37,94,112,58,118,116,65,66" hai1="34,31,38,125,57,44,87,82,3,35,95,96,109" hai2="33,99,122,130,27,19,86,32,68,50,106,104,103" hai3="59,83,127,102,8,16,26,92,115,10,135,89,48"/><W75/><G115/><T101/><D72/><U100/><E3/><V7/><F106/><W17/><G135/><T91/><D37/><U41/><E109/><V128/><F122/><W14/><G127/><T123/><D123/><U51/><E125/><V9/><F68/><W69/><G69/><T55/><D105/><U70/><E70/><V20/><F50/><W28/><G102/><T77/><D101/><U124/><E31/><V73/><F86/><W36/><G36/><T129/><D116/><U108/><E108/><V4/><F73/><W93/><G75/><T113/><D118/><U11/><E11/><V97/><F97/><W107/><G107/><T23/><D77/><U63/><E38/><V54/><F54/><N who="0" m="20490" /><D71/><U78/><E124/><V22/><F22/><N who="3" m="15447" /><G48/><T88/><D129/><N who="2" m="49770" /><F9/><N who="3" m="3691" /><G59/><T62/><D112/><U1/><E1/><V132/><F132/><W81/><G14/><T42/><D42/><U64/><AGARI ba="0,0" hai="34,35,41,44,51,57,63,64,78,82,87,95,96,100" machi="64" ten="20,1500,0" yaku="0,1,7,1" doraHai="0" who="1" fromWho="1" sc="195,-4,378,15,230,-4,197,-7" owari="191,-21.0,393,49.0,226,3.0,190,-31.0" /></mjloggm>