<mjloggm ver="2.3"><GO type="169" lobby="0"/><UN n0="%53%69%6D%6F%6F%6E" n1="%E3%82%AB%E3%83%9C%E3%83%81%E3%83%A3%E3%82%BF%E3%83%8D" n2="%E5%B0%B1%E6%B4%BB%E7%94%9F%40%E5%B7%9D%E6%9D%91%E8%BB%8D%E5%9B%A3" n3="%E6%9D%BE%E5%B3%B6" dan="17,17,16,16" rate="2148.06,2147.45,2033.21,2119.00" sx="M,M,M,M"/><TAIKYOKU oya="0"/><INIT seed="0,0,0,5,2,60" ten="250,250,250,250" oya="0" hai0="123,3,17,29,100,58,38,79,89,117,88,40,86" hai1="96,69,15,7,73,75,57,81,10,76,68,133,1" hai2="113,41,87,18,42,110,45,24,59,92,97,5,120" hai3="50,16,32,126,63,9,47,14,131,90,33,95,125"/><T135/><D117/><U65/><E133/><V129/><F113/><W20/><G131/><T11/><D123/><U128/><E128/><V6/><F120/><W43/><G63/><T112/><D112/><U84/><E96/><V26/><F110/><W114/><G114/><T51/><D100/><U46/><E57/><V98/><F129/><W66/><G66/><T12/><D3/><U124/><E124/><N who="3" m="47722" /><G20/><T71/><D71/><U121/><E121/><V39/><F87/><AGARI ba="0,0" hai="9,14,16,32,33,43,47,50,87,90,95" m="47722" machi="87" ten="30,2000,0" yaku="18,1,54,1" doraHai="60" who="3" fromWho="2" sc="250,0,250,0,250,-20,250,20" /><INIT seed="1,0,0,1,4,55" ten="250,250,230,270" oya="1" hai0="64,0,39,18,62,106,70,90,35,27,103,83,15" hai1="133,1,79,72,111,37,45,84,57,66,104,58,9" hai2="117,107,105,128,135,85,82,30,25,33,129,8,41" hai3="53,74,19,75,46,119,71,120,123,86,76,112,109"/><U92/><E104/><V95/><F117/><W52/><G71/><T31/><D0/><U122/><E122/><V108/><F108/><W125/><G119/><T50/><D39/><U121/><E121/><V13/><F135/><W21/><G112/><T134/><D134/><U77/><E133/><V93/><F105/><W4/><G4/><T12/><D50/><U59/><E66/><V32/><F107/><W94/><G109/><T110/><D110/><U42/><E111/><V124/><F33/><W47/><G125/><T56/><D18/><U73/><E92/><V29/><F41/><W113/><G113/><T78/><D90/><U20/><E20/><V97/><F30/><W63/><G75/><T16/><D103/><U60/><E60/><V54/><F54/><W131/><G74/><T68/><D15/><U61/><E61/><V96/><F124/><W101/><G101/><T81/><D106/><U26/><E26/><V23/><F32/><W88/><G76/><T91/><D91/><U102/><E102/><V126/><F126/><W98/><G86/><T132/><D132/><U5/><REACH who="1" step="1"/><E77/><REACH who="1" ten="250,240,230,270" step="2"/><N who="2" m="46287" /><F93/><W43/><G123/><T7/><D78/><U17/><E17/><N who="2" m="8359" /><F95/><W99/><G94/><T2/><D81/><AGARI ba="0,1" hai="1,5,9,37,42,45,57,58,59,72,73,79,81,84" machi="81" ten="40,12000,1" yaku="1,1,52,3,53,0" doraHai="55" doraHaiUra="22" who="1" fromWho="0" sc="250,-120,240,130,230,0,270,0" /><INIT seed="1,1,0,5,3,90" ten="130,370,230,270" oya="1" hai0="61,67,14,18,4,135,36,69,83,41,120,115,34" hai1="38,66,42,98,81,31,125,16,99,43,55,134,65" hai2="108,102,50,29,114,111,133,96,68,33,95,82,118" hai3="91,63,21,97,59,17,78,86,40,79,126,93,5"/><U52/><E134/><V2/><F2/><W76/><G126/><T22/><D115/><U20/><E31/><V19/><F68/><W121/><G121/><T72/><D135/><U113/><E38/><V124/><F33/><W58/><G40/><N who="1" m="15402" /><E81/><V131/><F29/><W103/><G5/><T51/><D120/><U1/><E1/><V15/><F114/><W44/><G44/><T56/><D34/><U123/><E125/><V53/><F124/><W89/><G89/><T6/><D83/><U62/><E123/><V11/><F133/><W35/><G35/><T32/><D72/><U27/><E113/><V100/><F100/><W7/><G7/><T26/><D26/><U107/><E107/><V49/><F49/><W70/><G70/><T122/><D32/><U112/><E112/><V106/><F118/><W39/><G39/><T46/><REACH who="0" step="1"/><D122/><REACH who="0" ten="120,370,230,270" step="2"/><U110/><E110/><N who="2" m="42027" /><F82/><N who="3" m="49623" /><G63/><T88/><D88/><U64/><E62/><V75/><F75/><W74/><G74/><T94/><D94/><U128/><E128/><V37/><F37/><W119/><G119/><T130/><D130/><U12/><E27/><AGARI ba="1,1" hai="17,21,27,58,59,76,78,79,93,97,103" m="49623" machi="27" ten="30,2000,0" yaku="8,1,52,1" doraHai="90" who="3" fromWho="1" sc="120,0,370,-23,230,0,270,33" /><INIT seed="2,0,0,2,0,4" ten="120,347,230,303" oya="2" hai0="74,58,130,110,106,115,108,78,90,36,88,68,135" hai1="125,16,43,32,67,134,129,76,91,29,24,17,53" hai2="119,14,109,8,97,28,41,39,93,51,10,40,20" hai3="86,7,27,84,57,133,99,59,50,87,33,132,46"/><V77/><F119/><W38/><G38/><T81/><D68/><U63/><E134/><N who="3" m="51818" /><G7/><T116/><D36/><U104/><E129/><V52/><F39/><W92/><G27/><T100/><D135/><U5/><E43/><N who="2" m="16459" /><F109/><N who="0" m="42090" /><D58/><N who="3" m="22025" /><G33/><T12/><D12/><U101/><E125/><V13/><F77/><W54/><G99/><N who="0" m="61727" /><D130/><U98/><E53/><V82/><F82/><W66/><G66/><T94/><D115/><U120/><E120/><V107/><F107/><W96/><G96/><N who="0" m="57415" /><D90/><AGARI ba="0,0" hai="46,50,54,84,86,87,90,92" m="22025,51818" machi="90" ten="30,1000,0" yaku="20,1" doraHai="4" who="3" fromWho="0" sc="120,-10,347,0,230,0,303,10" /><INIT seed="3,0,0,3,4,110" ten="110,347,230,313" oya="3" hai0="124,109,81,104,116,24,52,88,97,64,115,46,14" hai1="119,44,102,61,36,32,7,103,67,87,125,95,37" hai2="60,56,59,30,1,86,65,89,45,99,9,91,3" hai3="78,112,6,31,62,29,34,69,50,98,118,63,43"/><W2/><G118/><T128/><D116/><U135/><E32/><V84/><F99/><W41/><G78/><T5/><D109/><U80/><E119/><V107/><F107/><W101/><G112/><T4/><D64/><U39/><E135/><V90/><F30/><W55/><G31/><T73/><D24/><U121/><E121/><V17/><F3/><W33/><G62/><T108/><D108/><U10/><E95/><V93/><F45/><W82/><G82/><T57/><D124/><U8/><E125/><V28/><F28/><W16/><G6/><T26/><D26/><U132/><E44/><V25/><F1/><W79/><G79/><T71/><D71/><U22/><E22/><V129/><F129/><W54/><G2/><T68/><D68/><U127/><E132/><V48/><F86/><W40/><G16/><T38/><D128/><U0/><E8/><V11/><F11/><W23/><G34/><T35/><D35/><U58/><E127/><V120/><F120/><W27/><G33/><T130/><D130/><U133/><REACH who="1" step="1"/><E133/><REACH who="1" ten="110,337,230,313" step="2"/><V113/><F9/><W66/><REACH who="3" step="1"/><G50/><REACH who="3" ten="110,337,230,303" step="2"/><T123/><D123/><U77/><AGARI ba="0,2" hai="0,7,10,36,37,39,58,61,67,77,80,87,102,103" machi="77" ten="30,4000,0" yaku="1,1,2,1,0,1,53,0" doraHai="110" doraHaiUra="117" who="1" fromWho="1" sc="110,-10,337,60,230,-10,303,-20" /><INIT seed="4,0,0,5,1,55" ten="100,397,220,283" oya="0" hai0="123,52,68,15,92,10,116,99,4,18,35,118,49" hai1="16,107,60,39,135,66,94,87,112,80,24,124,72" hai2="105,2,89,34,114,56,37,67,36,11,27,104,61" hai3="3,9,134,64,32,113,119,120,50,103,59,84,111"/><T98/><D123/><U74/><E39/><V88/><F114/><W131/><G9/><T33/><D68/><U79/><E107/><V38/><F105/><W95/><G50/><T6/><D99/><U97/><E135/><V133/><F104/><W29/><G29/><T93/><D93/><U69/><E124/><V26/><F133/><W130/><G64/><T25/><D35/><U47/><E112/><V5/><REACH who="2" step="1"/><F27/><REACH who="2" ten="100,397,210,283" step="2"/><W12/><G134/><T62/><D25/><U20/><E47/><V78/><F78/><W76/><G113/><T102/><D33/><U77/><E79/><V13/><F13/><W73/><G12/><T91/><D102/><AGARI ba="0,1" hai="16,20,24,60,66,69,72,74,77,80,87,94,97,102" machi="102" ten="30,2000,0" yaku="7,1,54,1" doraHai="55" who="1" fromWho="0" sc="100,-20,397,30,210,0,283,0" /><INIT seed="5,0,0,4,1,45" ten="80,427,210,283" oya="1" hai0="40,88,100,54,112,87,18,90,102,13,17,26,97" hai1="113,6,109,133,34,11,52,98,92,119,121,105,43" hai2="31,48,69,22,39,134,67,130,110,74,51,117,128" hai3="36,132,73,55,63,14,16,89,106,56,76,47,101"/><U60/><E34/><V84/><F74/><W82/><G132/><T35/><D112/><U83/><E105/><V64/><F117/><W9/><G89/><T77/><D40/><U79/><E43/><V118/><F118/><W66/><G101/><T7/><D35/><U96/><E96/><V99/><F110/><W94/><G94/><T2/><D2/><U37/><E37/><V0/><F0/><W57/><G106/><T108/><D108/><U86/><E119/><V65/><F39/><W10/><G36/><T44/><D7/><U15/><E113/><V21/><F134/><W61/><REACH who="3" step="1"/><G47/><REACH who="3" ten="80,427,210,273" step="2"/><T124/><D124/><U104/><E104/><V131/><F99/><W53/><G53/><T19/><D26/><U20/><E52/><V116/><F116/><W32/><G32/><T126/><D126/><U24/><E133/><V95/><F69/><W30/><G30/><T70/><D70/><U29/><E109/><V1/><F1/><W3/><G3/><T12/><D77/><U122/><E60/><V111/><F111/><W129/><G129/><T50/><D90/><AGARI ba="0,1" hai="6,11,15,20,24,29,79,83,86,90,92,98,121,122" machi="90" ten="30,1500,0" yaku="7,1" doraHai="45" who="1" fromWho="0" sc="80,-15,427,25,210,0,273,0" /><INIT seed="5,1,0,2,4,89" ten="65,452,210,273" oya="1" hai0="119,0,75,114,45,91,12,134,64,129,66,26,88" hai1="92,93,58,21,116,38,18,47,104,67,97,85,94" hai2="16,29,61,15,118,44,41,82,74,8,76,99,5" hai3="57,50,128,54,65,90,1,111,103,123,110,71,10"/><U28/><E28/><V23/><F118/><W49/><G128/><T115/><D0/><U7/><E38/><V35/><F99/><W31/><G31/><T60/><D75/><U40/><E104/><V83/><F61/><W11/><G103/><T62/><D119/><U122/><E7/><V72/><F29/><W4/><G123/><T63/><D26/><U126/><E126/><V24/><F35/><W98/><G10/><T32/><D129/><U95/><E122/><V48/><REACH who="2" step="1"/><F83/><REACH who="2" ten="65,452,200,273" step="2"/><W22/><G111/><T17/><D134/><U30/><E30/><V80/><F80/><W78/><G110/><T43/><D32/><U127/><E116/><V9/><F9/><W52/><G11/><N who="0" m="6303" /><D64/><U100/><E127/><V39/><F39/><W13/><G65/><T37/><D66/><U36/><E67/><V109/><F109/><W51/><G71/><T20/><D20/><U69/><E69/><V125/><F125/><W42/><G22/><T131/><D131/><U130/><E130/><V27/><F27/><W101/><G1/><T84/><D84/><AGARI ba="1,1" hai="5,8,15,16,23,24,41,44,48,72,74,76,82,84" machi="84" ten="30,8000,1" yaku="1,1,7,1,25,2,54,1,53,0" doraHai="89" doraHaiUra="133" who="2" fromWho="0" sc="65,-83,452,0,200,93,273,0" owari="-18,-52.0,452,56.0,293,9.0,273,-13.0" /></mjloggm>