<mjloggm ver="2.3"><GO type="169" lobby="0"/><UN n0="%E3%81%93%E3%81%A3%E3%81%97%E3%83%BC" n1="%E7%B4%85%E8%A1%A3" n2="%E5%B0%B1%E6%B4%BB%E7%94%9F%40%E5%B7%9D%E6%9D%91%E8%BB%8D%E5%9B%A3" n3="%E6%A1%9C%E8%8A%B1%E9%96%83%E3%80%85" dan="16,16,16,17" rate="2057.08,2076.68,2095.33,2205.09" sx="M,M,M,M"/><TAIKYOKU oya="0"/><INIT seed="0,0,0,0,1,5" ten="250,250,250,250" oya="0" hai0="19,94,87,85,59,44,72,63,54,65,0,70,6" hai1="43,16,75,9,81,90,15,58,78,31,121,46,124" hai2="50,48,35,57,126,64,131,105,51,53,91,2,129" hai3="30,34,37,22,1,14,41,52,103,79,114,56,12"/><T119/><D72/><U7/><E121/><V116/><F35/><W67/><G114/><T117/><D117/><U71/><E124/><V21/><F2/><W49/><G1/><T45/><D0/><U97/><E71/><V86/><F105/><W135/><G34/><T69/><D6/><U4/><E58/><V27/><F116/><W112/><G112/><T13/><D119/><U88/><E31/><V29/><F64/><W17/><G135/><T68/><D94/><U89/><REACH who="1" step="1"/><E97/><REACH who="1" ten="250,240,250,250" step="2"/><V98/><F98/><W130/><G30/><T123/><D123/><U25/><E25/><V134/><F126/><W60/><G56/><T40/><D45/><U122/><E122/><V36/><F134/><W61/><G67/><T18/><D65/><U95/><E95/><V110/><F57/><W120/><G120/><T26/><D44/><U96/><E96/><V62/><F27/><W92/><G92/><T32/><D70/><U83/><E83/><V3/><F29/><W20/><G103/><T93/><D93/><U33/><E33/><V115/><F115/><W23/><G60/><T8/><D69/><U127/><E127/><V82/><F62/><W76/><G61/><T100/><D68/><U108/><E108/><V107/><F82/><W10/><G130/><T80/><D100/><U128/><E128/><V99/><F131/><W101/><G101/><T24/><D80/><U125/><E125/><V55/><F99/><W106/><G106/><T104/><D104/><U66/><E66/><V38/><F107/><W118/><G118/><T77/><D32/><U47/><E47/><RYUUKYOKU ba="0,1" sc="250,-10,240,30,250,-10,250,-10" hai1="4,7,9,15,16,43,46,75,78,81,88,89,90" /><INIT seed="1,1,1,3,0,14" ten="240,270,240,240" oya="1" hai0="99,18,26,57,19,54,62,96,3,66,31,44,12" hai1="8,81,79,45,17,129,52,73,112,36,114,125,82" hai2="20,42,41,105,97,76,101,104,68,21,118,71,122" hai3="5,38,78,113,106,85,83,6,102,90,89,60,132"/><U135/><E135/><V121/><F76/><W4/><G113/><T0/><D3/><U7/><E129/><V27/><F27/><W124/><G132/><T49/><D0/><U22/><E125/><V80/><F80/><W77/><G124/><T24/><D24/><U47/><E82/><V94/><F94/><W37/><G60/><T64/><D64/><U123/><E123/><V130/><F130/><W87/><G102/><T92/><D12/><U100/><E100/><V131/><F131/><W55/><G55/><T28/><D99/><U107/><E107/><V61/><F101/><W23/><G106/><T25/><D25/><N who="1" m="14543" /><E45/><V59/><F97/><W93/><G37/><T9/><D9/><U128/><E52/><V58/><REACH who="2" step="1"/><F61/><REACH who="2" ten="240,270,230,240" step="2"/><W133/><G133/><T74/><D74/><U70/><E128/><V1/><F1/><W65/><G77/><T134/><D134/><U126/><E126/><V117/><AGARI ba="1,2" hai="20,21,41,42,58,59,68,71,104,105,117,118,121,122" machi="117" ten="25,6400,0" yaku="1,1,0,1,22,2,53,0" doraHai="14" doraHaiUra="110" who="2" fromWho="2" sc="240,-17,270,-33,230,87,240,-17" /><INIT seed="2,0,0,1,5,127" ten="223,237,317,223" oya="2" hai0="119,5,16,58,24,98,43,72,31,133,3,64,42" hai1="17,90,65,80,102,56,76,78,44,40,52,62,10" hai2="88,15,101,120,30,93,35,105,115,47,103,124,95" hai3="59,130,4,81,8,18,41,32,38,61,135,49,85"/><V129/><F120/><W33/><G38/><T39/><D133/><U29/><E102/><V77/><F124/><W0/><G135/><T132/><D72/><U60/><E29/><V87/><F35/><W69/><G69/><T79/><D79/><U66/><E66/><V1/><F1/><W36/><G36/><T114/><D114/><U28/><E28/><V53/><F47/><W73/><G73/><T70/><D70/><U27/><E90/><N who="2" m="53471" /><F53/><W125/><G18/><T91/><D5/><U22/><E80/><V83/><F15/><W14/><G0/><T7/><D7/><U134/><E10/><V46/><F46/><N who="3" m="25807" /><G125/><T111/><D3/><U112/><E112/><V92/><F30/><W57/><G57/><T99/><D39/><U122/><E122/><V2/><F2/><W13/><G13/><T86/><D31/><U26/><E26/><V118/><F118/><W116/><G116/><T117/><D132/><U113/><E113/><V108/><F115/><W67/><G130/><T121/><D121/><U104/><E104/><V19/><F19/><W12/><G12/><T9/><D119/><U74/><E74/><N who="2" m="43447" /><F129/><W25/><G25/><T100/><D24/><U131/><E131/><V71/><F71/><W63/><G63/><T54/><D117/><U106/><E134/><V128/><F128/><W21/><G21/><T82/><D54/><U89/><E22/><V107/><F108/><W126/><G126/><T51/><D43/><U37/><E27/><V123/><F123/><W75/><G75/><T45/><D42/><U110/><E110/><V48/><F107/><RYUUKYOKU ba="0,0" sc="223,-10,237,-10,317,-10,223,30" hai3="4,8,14,32,33,59,61,67,81,85" /><INIT seed="3,1,0,2,1,100" ten="213,227,307,253" oya="3" hai0="76,53,46,86,48,81,111,27,69,71,64,31,121" hai1="32,20,18,58,87,103,8,65,108,50,130,72,28" hai2="33,7,135,73,110,59,77,23,124,127,9,43,75" hai3="101,93,116,47,44,25,40,83,88,49,17,12,26"/><W107/><G116/><T117/><D111/><U16/><E72/><V67/><F110/><W85/><G47/><T78/><D121/><U11/><E108/><V129/><F33/><W68/><G68/><T30/><D117/><U63/><E130/><V22/><F129/><W102/><G107/><T2/><D2/><U1/><E103/><N who="3" m="39434" /><G93/><T66/><D71/><U79/><E32/><V89/><F43/><W42/><G42/><T106/><D106/><U133/><E133/><V13/><F135/><W34/><G34/><T55/><D69/><U123/><E123/><V54/><F67/><N who="0" m="25642" /><D76/><U132/><E132/><V97/><F77/><W37/><G37/><T109/><D109/><U15/><E1/><V38/><F38/><W19/><G19/><T51/><D27/><N who="1" m="14743" /><E28/><V70/><F70/><W95/><G95/><T29/><D29/><U115/><E115/><V14/><F75/><W126/><G126/><N who="2" m="48169" /><F73/><W125/><G125/><T113/><D113/><U104/><E104/><V61/><F14/><W112/><G112/><T92/><D92/><AGARI ba="1,0" hai="7,9,13,22,23,54,59,61,89,92,97" m="48169" machi="92" ten="30,1000,0" yaku="18,1" doraHai="100" who="2" fromWho="0" sc="213,-13,227,0,307,13,253,0" /><INIT seed="4,0,0,2,5,27" ten="200,227,320,253" oya="0" hai0="64,126,85,16,76,132,91,87,15,57,40,77,24" hai1="130,22,89,50,28,122,81,12,107,90,96,5,55" hai2="44,109,42,82,7,117,98,36,128,65,86,67,88" hai3="102,31,114,72,71,63,134,95,59,3,125,33,70"/><T94/><D132/><U60/><E122/><V8/><F117/><W46/><G3/><T1/><D126/><U41/><E130/><V83/><F128/><W119/><G72/><T37/><D1/><U53/><E107/><V32/><F32/><W112/><G119/><T51/><D37/><U133/><E133/><V43/><F109/><W26/><G134/><T48/><D24/><U101/><E101/><V100/><F43/><W93/><G46/><N who="0" m="25671" /><D85/><U135/><E135/><V115/><F83/><W20/><G33/><T30/><D30/><U25/><E5/><V79/><F79/><W52/><G125/><T103/><D103/><U129/><E129/><V73/><F73/><W123/><G123/><T66/><D66/><U118/><E118/><V4/><F4/><W39/><G39/><T75/><D75/><U84/><E12/><V80/><F80/><W18/><G18/><T99/><D99/><U68/><E96/><V111/><F111/><W17/><G17/><T74/><D74/><U34/><E34/><V35/><F35/><W56/><G102/><T29/><D29/><U124/><E124/><V13/><REACH who="2" step="1"/><F115/><REACH who="2" ten="200,227,310,253" step="2"/><W49/><G112/><T108/><D108/><U120/><E120/><V121/><F121/><W19/><G114/><T23/><D64/><U92/><E81/><V104/><AGARI ba="0,1" hai="7,8,13,36,42,44,65,67,82,86,88,98,100,104" machi="104" ten="20,12000,2" yaku="1,1,0,1,7,1,54,1,53,2" doraHai="27" doraHaiUra="62" who="2" fromWho="2" sc="200,-60,227,-30,310,130,253,-30" /><INIT seed="5,0,0,1,5,29" ten="140,197,440,223" oya="1" hai0="3,129,96,125,126,52,66,46,111,42,74,64,47" hai1="110,28,61,92,58,97,4,73,80,76,65,37,109" hai2="102,127,87,38,54,69,63,99,59,68,30,81,104" hai3="20,130,100,44,14,79,131,71,120,2,83,36,77"/><U105/><E37/><V53/><F127/><N who="0" m="48650" /><D96/><U43/><E43/><V107/><F107/><W11/><G100/><T113/><D74/><U117/><E105/><V48/><F38/><W101/><G101/><T98/><D98/><U75/><E4/><V31/><F69/><W12/><G79/><T62/><D3/><U60/><E117/><V24/><F68/><W84/><G2/><T89/><D89/><U82/><E28/><V27/><F27/><W132/><G20/><T40/><D111/><N who="1" m="42507" /><E61/><V22/><F31/><W39/><G130/><T57/><D113/><U116/><E116/><V10/><F10/><W86/><G11/><T55/><D129/><U35/><E35/><V108/><F108/><W91/><G91/><T34/><D34/><U115/><E115/><V133/><F133/><W51/><G132/><T7/><D7/><U94/><E97/><V72/><F72/><W45/><G131/><T124/><N who="0" m="48658" /><T15/><DORA hai="16" /><D15/><U56/><E58/><V128/><F128/><W5/><G5/><T49/><D55/><U0/><E0/><V13/><F13/><W17/><G12/><T103/><D103/><U93/><E80/><V88/><F48/><AGARI ba="0,0" hai="40,42,46,47,48,49,52,57,62,64,66" m="48658" machi="48" ten="40,8000,1" yaku="18,1,34,2,54,1" doraHai="29,16" who="0" fromWho="2" sc="140,80,197,0,440,-80,223,0" /><INIT seed="6,0,0,4,0,102" ten="220,197,360,223" oya="2" hai0="51,97,25,112,26,121,64,13,127,53,113,100,54" hai1="7,134,118,86,8,130,91,48,66,56,15,84,70" hai2="83,46,133,4,92,45,12,34,103,77,9,82,73" hai3="131,0,75,110,60,95,98,22,119,132,39,17,79"/><V80/><F34/><W135/><G110/><T14/><D64/><U108/><E118/><V5/><F133/><N who="3" m="51275" /><G39/><T85/><D85/><U10/><E108/><V123/><F123/><W18/><G0/><T59/><D54/><U109/><E109/><V43/><F5/><W89/><G131/><T44/><D127/><U106/><E106/><V49/><F103/><W124/><G119/><T122/><D44/><U47/><E134/><V23/><F92/><W3/><G3/><T107/><D14/><U1/><E130/><V6/><F6/><W21/><G60/><T35/><D13/><U90/><E70/><V62/><F62/><W128/><G124/><T31/><REACH who="0" step="1"/><D26/><REACH who="0" ten="210,197,360,223" step="2"/><U63/><E86/><V88/><F46/><W114/><G128/><T29/><D29/><U71/><E84/><V65/><F65/><W36/><G75/><T55/><D55/><U93/><E71/><V2/><F73/><W72/><G72/><T50/><D50/><U74/><E74/><V101/><F49/><W117/><G117/><T38/><D38/><U105/><E48/><V99/><F45/><W24/><G36/><T81/><D81/><U28/><E47/><V20/><F12/><N who="3" m="9383" /><G79/><T116/><D116/><U58/><E15/><V111/><F2/><W19/><G19/><T52/><D52/><U37/><E1/><V42/><F77/><W126/><G126/><T61/><D61/><U32/><E63/><V11/><F111/><W67/><G67/><T16/><D16/><U96/><E66/><V104/><F43/><W27/><G27/><T78/><D78/><U120/><E37/><RYUUKYOKU ba="0,1" sc="210,15,197,-15,360,-15,223,15" hai0="25,31,35,51,53,59,97,100,107,112,113,121,122" hai3="18,22,24,89,95,98,114" /><INIT seed="7,1,1,3,5,83" ten="225,182,345,238" oya="3" hai0="2,64,11,21,23,126,41,96,112,59,71,65,29" hai1="94,1,105,48,18,44,86,127,57,134,25,55,20" hai2="19,84,62,70,129,132,56,43,17,53,67,111,35" hai3="40,24,104,133,85,66,95,37,51,45,99,118,14"/><W110/><G118/><T81/><D71/><U15/><E105/><V8/><F111/><W100/><G110/><T38/><D126/><U32/><E127/><V9/><F129/><W135/><G66/><T13/><D2/><U60/><E134/><N who="3" m="51210" /><G24/><N who="0" m="16527" /><D41/><U4/><E1/><V109/><F132/><W30/><G30/><T78/><D38/><U72/><E72/><V131/><F109/><W16/><G37/><T114/><D23/><U77/><E32/><V128/><F35/><W106/><G85/><N who="0" m="48311" /><D96/><U101/><E101/><V98/><F84/><W130/><G130/><T46/><D46/><U91/><E77/><V61/><F98/><W74/><G74/><T76/><D76/><U120/><E120/><V22/><F67/><W31/><G31/><T103/><D103/><U5/><REACH who="1" step="1"/><E25/><REACH who="1" ten="225,172,345,238" step="2"/><V124/><F124/><W6/><G6/><N who="0" m="3319" /><D59/><U116/><E116/><V7/><F56/><W58/><G58/><T68/><D68/><U36/><E36/><V89/><F7/><W93/><G106/><T49/><D49/><U0/><E0/><V50/><F70/><W107/><G107/><T39/><D39/><U3/><E3/><V82/><F50/><W123/><G123/><T119/><D119/><U117/><E117/><V34/><F34/><W97/><G104/><T54/><D54/><AGARI ba="1,2" hai="4,5,15,18,20,44,48,54,55,57,60,86,91,94" machi="54" ten="30,7700,0" yaku="1,1,7,1,8,1,52,1,53,0" doraHai="83" doraHaiUra="28" who="1" fromWho="0" sc="225,-80,172,100,345,0,238,0" owari="145,-35.0,272,7.0,345,44.0,238,-16.0" /></mjloggm>