<mjloggm ver="2.3"><GO type="97" lobby="0"/><UN n0="%6B%6F%75%33%32%38%34" n1="%E9%9B%80%E9%AC%BC%EF%BC%9F" n2="%E5%B0%B1%E6%B4%BB%E7%94%9F%40%E5%B7%9D%E6%9D%91%E8%BB%8D%E5%9B%A3" n3="%E3%83%AD%E3%83%8B%E3%82%A4" dan="16,14,15,13" rate="2164.36,1929.50,1961.96,1834.08" sx="F,M,M,M"/><TAIKYOKU oya="0"/><INIT seed="0,0,0,1,0,33" ten="250,250,250,250" oya="0" hai0="109,94,55,87,114,48,19,120,89,39,128,40,8" hai1="126,104,2,65,86,58,27,98,31,54,85,10,13" hai2="66,72,129,118,102,127,101,88,108,115,111,4,42" hai3="5,134,83,45,79,69,17,30,21,123,112,24,12"/><T78/><D114/><U53/><E126/><V61/><F72/><W80/><G112/><T32/><D120/><U63/><E2/><V106/><F115/><W77/><G69/><T133/><D32/><U46/><E104/><V97/><F118/><W20/><G123/><T84/><D133/><U23/><E98/><V3/><F127/><W62/><G134/><T75/><D75/><U57/><E46/><V64/><F42/><W81/><G62/><T56/><D128/><U92/><E92/><N who="2" m="56455" /><F106/><W116/><G116/><T91/><D109/><N who="2" m="42058" /><F129/><W52/><G5/><T132/><D132/><U122/><E122/><V26/><F26/><W50/><AGARI ba="0,0" hai="12,17,20,21,24,30,45,50,52,77,79,80,81,83" machi="50" ten="30,4000,0" yaku="0,1,8,1,54,1" doraHai="33" who="3" fromWho="3" sc="250,-20,250,-10,250,-10,250,40" /><INIT seed="1,0,0,5,4,58" ten="230,240,240,290" oya="1" hai0="68,69,122,124,82,6,60,0,37,4,44,40,118" hai1="133,129,72,41,128,54,9,1,8,61,56,3,80" hai2="77,115,93,114,10,78,121,5,63,99,81,27,90" hai3="89,15,17,51,85,76,22,112,45,46,29,7,109"/><U119/><E119/><V43/><F121/><W97/><G112/><N who="2" m="43049" /><F43/><W42/><G109/><T34/><D118/><U130/><E41/><V11/><F27/><W12/><G76/><T100/><D34/><U98/><E98/><V88/><F63/><W75/><G97/><T24/><D24/><U64/><E133/><V94/><F5/><W48/><G75/><T16/><D100/><U120/><E120/><V117/><F117/><W83/><G7/><T65/><D124/><U74/><E80/><V67/><F67/><W104/><G104/><T127/><D127/><U103/><E103/><V87/><F11/><N who="1" m="4169" /><E64/><V106/><F10/><W108/><G29/><T32/><D32/><U73/><AGARI ba="0,0" hai="1,3,54,56,61,72,73,74,128,129,130" m="4169" machi="73" ten="40,3900,0" yaku="19,1,52,1" doraHai="58" who="1" fromWho="1" sc="230,-13,240,39,240,-13,290,-13" /><INIT seed="1,1,0,2,0,12" ten="217,279,227,277" oya="1" hai0="6,51,19,38,32,2,89,131,104,130,109,84,95" hai1="28,17,66,57,40,72,70,96,67,36,114,85,75" hai2="39,45,69,16,52,56,49,58,127,82,122,20,108" hai3="119,90,81,64,117,25,121,124,87,103,110,46,83"/><U47/><E114/><V23/><F122/><W123/><G64/><T116/><D38/><U24/><E70/><V135/><F69/><W101/><G25/><T129/><D116/><N who="3" m="44617" /><G46/><T77/><D109/><U44/><E96/><V60/><F108/><W99/><G124/><T62/><D32/><U55/><E85/><V11/><F127/><W113/><G113/><T79/><D104/><U93/><E93/><V8/><F135/><W76/><G110/><T0/><D62/><U111/><E111/><V126/><F126/><W118/><N who="3" m="44625" /><W5/><DORA hai="73" /><G5/><T120/><D120/><N who="3" m="46153" /><G103/><T115/><D115/><U26/><E47/><V86/><F39/><W14/><G14/><T65/><D65/><U102/><E102/><V94/><F94/><N who="3" m="58615" /><G83/><T68/><D68/><U106/><E67/><N who="2" m="39303" /><F45/><W33/><G33/><T112/><D112/><U9/><E66/><V59/><F59/><W61/><G61/><T42/><D51/><U30/><E57/><V128/><F128/><W1/><G1/><N who="0" m="619" /><D42/><U92/><E36/><V125/><F125/><W63/><G63/><T43/><D43/><U91/><E40/><V54/><F54/><W80/><G80/><T15/><D6/><U27/><E55/><V74/><F74/><W34/><G34/><T18/><D18/><U22/><E72/><V41/><F41/><W35/><G35/><T53/><D53/><U4/><E75/><V132/><F132/><W71/><G71/><T7/><D7/><U88/><E44/><V50/><F50/><W13/><G13/><T29/><D29/><U37/><E4/><V100/><F49/><RYUUKYOKU ba="1,0" sc="217,15,279,-15,227,-15,277,15" hai0="15,19,77,79,84,89,95,129,130,131" hai3="76,81,87,90" /><INIT seed="2,2,0,2,4,125" ten="232,264,212,292" oya="2" hai0="63,10,50,42,127,67,106,113,6,77,13,109,101" hai1="74,27,95,91,14,132,97,60,48,80,71,117,107" hai2="90,133,65,83,30,54,123,22,52,98,61,34,20" hai3="7,5,15,59,9,128,19,57,104,70,56,47,112"/><V44/><F123/><W79/><G104/><T75/><D113/><U24/><E132/><V96/><F133/><W4/><G70/><T43/><D127/><U32/><E117/><V1/><F1/><W72/><G112/><T37/><D37/><U21/><E107/><V26/><F96/><W45/><REACH who="3" step="1"/><G128/><REACH who="3" ten="232,264,212,282" step="2"/><T114/><D114/><U87/><E32/><V121/><F121/><W131/><G131/><T100/><D106/><U86/><E71/><V3/><F3/><W38/><G38/><T2/><D109/><U64/><E60/><V111/><F111/><W135/><G135/><T129/><D63/><U116/><E64/><V115/><F115/><W53/><G53/><T118/><D67/><U31/><E48/><V94/><F83/><AGARI ba="2,1" hai="4,5,7,9,15,19,45,47,56,57,59,72,79,83" machi="83" ten="40,1300,0" yaku="1,1,53,0" doraHai="125" doraHaiUra="35" who="3" fromWho="2" sc="232,0,264,0,212,-19,282,29" /><INIT seed="3,0,0,2,5,119" ten="232,264,193,311" oya="3" hai0="28,61,102,62,43,92,4,34,0,93,76,37,5" hai1="83,95,64,134,65,32,1,58,130,7,113,82,40" hai2="77,128,42,12,16,99,121,57,24,118,75,15,101" hai3="125,48,19,44,126,94,25,50,104,81,135,55,131"/><W71/><G104/><T69/><D34/><U11/><E113/><V14/><F118/><W66/><G135/><T8/><D28/><U127/><E32/><V90/><F128/><W54/><G131/><T33/><D33/><U72/><E130/><V20/><F42/><W109/><G94/><T88/><D69/><U84/><E72/><V60/><F75/><W106/><G106/><T21/><D21/><U133/><E127/><N who="3" m="48650" /><G19/><T80/><D5/><U70/><E40/><V116/><F116/><W49/><G25/><T39/><D102/><U73/><E70/><V115/><F115/><W117/><G81/><T10/><D10/><U105/><E105/><V103/><F77/><W27/><G27/><T46/><D39/><U56/><E73/><V68/><F68/><W52/><G117/><T30/><D30/><U26/><E95/><N who="0" m="36425" /><D88/><N who="1" m="51223" /><E26/><V6/><F6/><W35/><G35/><T123/><D123/><U9/><E83/><V97/><F121/><W51/><G109/><T17/><D17/><U110/><E110/><V112/><F112/><W114/><G114/><T96/><D96/><N who="2" m="36938" /><F90/><W22/><G22/><T53/><D53/><AGARI ba="0,0" hai="12,14,15,16,20,24,53,57,60,101,103" m="36938" machi="53" ten="30,2000,0" yaku="8,1,54,1" doraHai="119" who="2" fromWho="0" sc="232,-20,264,0,193,20,311,0" owari="212,-29.0,264,6.0,213,-19.0,311,42.0" /></mjloggm>