<mjloggm ver="2.3"><GO type="97" lobby="0"/><UN n0="%E5%B0%B1%E6%B4%BB%E7%94%9F%40%E5%B7%9D%E6%9D%91%E8%BB%8D%E5%9B%A3" n1="%6D%61%65%2D%6B%65%6E%6E" n2="%68%61%74%61%73%61%6E" n3="%E5%A4%A7%E3%83%A4%E3%83%9E%E3%83%88" dan="15,13,13,14" rate="2077.43,1857.02,1801.16,1901.93" sx="M,M,M,M"/><TAIKYOKU oya="0"/><INIT seed="0,0,0,5,1,101" ten="250,250,250,250" oya="0" hai0="46,85,102,70,117,108,73,45,63,26,71,3,32" hai1="93,48,130,76,25,62,36,123,113,133,135,66,95" hai2="122,107,127,44,8,105,98,72,78,40,74,61,84" hai3="89,132,121,49,86,15,94,33,53,129,10,118,60"/><T22/><D73/><U128/><E123/><V99/><F122/><W38/><G33/><T91/><D3/><U111/><E76/><V82/><F61/><W24/><G38/><T57/><D117/><U106/><E25/><V81/><F8/><W43/><G118/><T20/><D32/><U19/><E19/><V100/><F44/><W55/><G121/><T77/><D102/><U50/><E113/><V59/><F59/><W5/><G60/><T29/><D77/><U23/><E23/><V42/><F127/><W28/><G132/><N who="1" m="50762" /><E111/><V35/><F35/><W134/><G134/><T39/><D108/><U12/><E12/><V41/><F82/><W109/><G109/><T31/><D39/><U87/><E95/><V16/><F16/><W119/><G119/><T9/><D9/><U47/><E93/><V110/><F110/><W116/><G116/><T6/><D6/><U4/><E87/><V114/><F114/><W115/><G115/><T56/><D85/><U2/><E4/><V80/><F80/><W125/><G125/><T104/><D63/><U0/><E2/><V17/><F17/><W131/><G28/><T34/><D34/><U27/><E27/><V1/><F1/><W97/><G24/><T58/><D91/><U112/><E0/><V96/><REACH who="2" step="1"/><F100/><REACH who="2" ten="250,250,240,250" step="2"/><W7/><G7/><T30/><D26/><U92/><E112/><V120/><F120/><W37/><G10/><T13/><D13/><U90/><E47/><N who="0" m="17929" /><D22/><U83/><E36/><V103/><F103/><W126/><G37/><T51/><D20/><U79/><E83/><V64/><F64/><RYUUKYOKU ba="0,1" sc="250,-10,250,-10,240,30,250,-10" hai2="40,41,42,72,74,78,81,84,96,98,99,105,107" /><INIT seed="1,1,1,3,2,72" ten="240,240,270,240" oya="1" hai0="28,0,85,120,52,83,57,60,33,77,38,39,44" hai1="133,41,23,74,110,79,134,89,2,126,45,50,14" hai2="16,70,53,97,130,122,42,95,114,61,25,127,4" hai3="30,104,112,123,132,121,81,55,68,92,71,3,125"/><U76/><E2/><V34/><F122/><W31/><G3/><T116/><D116/><U119/><E119/><V69/><F114/><W13/><G112/><T17/><D0/><U26/><E74/><V11/><F127/><W29/><G125/><T32/><D120/><N who="3" m="46153" /><G104/><T66/><D17/><U20/><E126/><V78/><F130/><W98/><G98/><T108/><D108/><U128/><E110/><V91/><F42/><W135/><G92/><T27/><REACH who="0" step="1"/><D32/><REACH who="0" ten="230,240,270,240" step="2"/><U101/><E128/><V109/><F109/><W58/><G13/><T93/><D93/><U48/><E14/><V118/><F34/><W19/><G19/><T5/><D5/><U86/><E101/><V64/><F16/><W111/><G81/><T43/><D43/><U22/><E26/><V103/><F25/><W37/><G111/><T100/><D100/><U56/><E133/><N who="3" m="51274" /><G37/><T21/><D21/><U62/><E134/><V12/><F95/><W65/><G65/><T67/><D67/><N who="1" m="39367" /><E50/><AGARI ba="1,2" hai="29,30,31,50,55,58,68,71" m="51274,46153" machi="50" ten="40,1300,0" yaku="20,1" doraHai="72" who="3" fromWho="1" sc="230,0,240,-16,270,0,240,36" /><AGARI ba="1,0" hai="27,28,33,38,39,44,50,52,57,60,66,77,83,85" machi="50" ten="40,5200,0" yaku="1,1,52,1,54,1,53,0" doraHai="72" doraHaiUra="9" who="0" fromWho="1" sc="230,52,224,-52,270,0,276,0" /><INIT seed="2,0,0,3,5,52" ten="282,172,270,276" oya="2" hai0="95,79,117,99,33,56,54,134,102,93,112,46,31" hai1="23,15,120,107,60,108,53,34,118,14,82,91,122" hai2="73,66,30,103,4,127,11,83,119,1,85,62,63" hai3="21,39,101,123,48,67,18,88,81,116,65,44,7"/><V78/><F119/><W47/><G123/><N who="1" m="47146" /><E107/><V105/><F127/><W70/><G70/><T75/><D112/><U43/><E34/><V69/><F30/><W24/><G101/><T41/><D134/><U2/><E2/><V126/><F126/><W27/><G7/><T106/><D117/><U98/><E118/><V133/><F133/><W36/><G36/><T61/><D75/><U97/><E108/><V84/><REACH who="2" step="1"/><F62/><REACH who="2" ten="282,172,260,276" step="2"/><W109/><G109/><T10/><D31/><U110/><E110/><V100/><F100/><W94/><G116/><T128/><D33/><U111/><E111/><V68/><F68/><W37/><G27/><T35/><D35/><U57/><E23/><V51/><F51/><W58/><G48/><T114/><D114/><U0/><E0/><V59/><F59/><W8/><G58/><T3/><D56/><U38/><E38/><V17/><F17/><W96/><G18/><T125/><D61/><U135/><E135/><V74/><F74/><W71/><G71/><T55/><D102/><U40/><E15/><V29/><F29/><W124/><G21/><T19/><D19/><U92/><E14/><V49/><F49/><W16/><G16/><T87/><D3/><U22/><E22/><V20/><F20/><W13/><G13/><T132/><D125/><U80/><E97/><AGARI ba="0,1" hai="1,4,11,63,66,69,73,78,83,84,85,97,103,105" machi="97" ten="40,3900,0" yaku="1,1,53,1" doraHai="52" doraHaiUra="6" who="2" fromWho="1" sc="282,0,172,-39,260,49,276,0" /><INIT seed="2,1,0,0,2,91" ten="282,133,309,276" oya="2" hai0="64,70,40,21,126,121,102,115,93,97,94,19,26" hai1="9,1,23,45,104,119,48,28,123,132,8,0,120" hai2="25,60,122,72,24,35,98,99,50,128,118,125,112" hai3="83,63,5,14,59,29,11,127,47,77,20,13,133"/><V31/><F122/><N who="1" m="46633" /><E104/><V129/><F118/><W85/><G133/><T56/><D121/><U18/><E48/><V111/><F112/><W30/><G127/><T101/><D115/><U106/><E45/><V108/><F72/><W43/><G20/><T110/><D70/><U15/><E106/><V107/><F125/><W81/><G14/><T41/><D126/><U22/><E132/><V46/><F60/><W38/><G83/><T95/><D110/><N who="2" m="42026" /><F24/><W65/><AGARI ba="1,0" hai="5,11,13,29,30,38,43,47,59,63,65,77,81,85" machi="65" ten="20,1500,0" yaku="0,1,7,1" doraHai="91" who="3" fromWho="3" sc="282,-5,133,-5,309,-8,276,18" /><INIT seed="3,0,0,1,4,27" ten="277,128,301,294" oya="3" hai0="30,78,107,65,95,84,68,60,100,126,125,132,114" hai1="2,59,55,0,66,6,76,4,73,46,69,3,72" hai2="24,62,56,75,40,21,48,35,63,80,25,11,120" hai3="1,42,98,130,32,61,57,44,74,102,134,12,108"/><W10/><G1/><T128/><D114/><U97/><E97/><V51/><F120/><W79/><G130/><T104/><D128/><U58/><E69/><V96/><F35/><W15/><G134/><T19/><D132/><U109/><E109/><V8/><F75/><W119/><G119/><T83/><D19/><U90/><E76/><V88/><F40/><W118/><G118/><T70/><D70/><U121/><E121/><V54/><F63/><W117/><G117/><T47/><D47/><U135/><E135/><V93/><F80/><W17/><G32/><T20/><D95/><U133/><E133/><V14/><F8/><W34/><G34/><T106/><REACH who="0" step="1"/><D100/><REACH who="0" ten="267,128,301,294" step="2"/><U53/><E46/><V36/><F36/><W99/><G102/><T122/><D122/><U112/><E112/><V71/><F71/><W116/><G116/><T94/><D94/><U31/><E66/><V22/><F22/><W23/><G108/><T129/><D129/><U89/><REACH who="1" step="1"/><E3/><REACH who="1" ten="267,118,301,294" step="2"/><V113/><F113/><W9/><G79/><T77/><D77/><U37/><E37/><V127/><F127/><W26/><G44/><T5/><D5/><U39/><E39/><V110/><F110/><W86/><G42/><T13/><D13/><U82/><E82/><V7/><F25/><AGARI ba="0,2" hai="20,25,30,60,65,68,78,83,84,104,106,107,125,126" machi="25" ten="50,3200,0" yaku="1,1,52,1,53,0" doraHai="27" doraHaiUra="50" who="0" fromWho="2" sc="267,52,118,0,301,-32,294,0" owari="319,42.0,118,-38.0,269,-13.0,294,9.0" /></mjloggm>