<mjloggm ver="2.3"><GO type="169" lobby="0"/><UN n0="%E3%82%A6%E3%83%AB%E3%83%88%E3%83%A9%E7%AB%8B%E7%9B%B4" n1="%E3%83%97%E3%83%AD%E3%83%86%E3%82%A4%E3%83%B3%E5%BE%97%E7%9B%9B" n2="%E7%94%B1%E8%89%AF%E6%8B%93%E6%B5%B7" n3="%E3%82%80%E3%81%A8%E3%81%85%E3%83%BC" dan="17,17,16,17" rate="2169.16,2133.68,2035.53,2153.93" sx="M,M,M,M"/><TAIKYOKU oya="0"/><INIT seed="0,0,0,5,1,62" ten="250,250,250,250" oya="0" hai0="135,75,68,92,4,82,132,64,58,59,46,123,120" hai1="87,94,0,32,71,14,70,81,99,69,101,2,24" hai2="52,103,9,73,131,61,84,13,30,6,95,85,54" hai3="1,20,124,121,43,60,122,15,134,55,36,67,127"/><T50/><D4/><U7/><E14/><V38/><F131/><W11/><G1/><T107/><D107/><U110/><E110/><V125/><F125/><N who="3" m="48203" /><G20/><T77/><D92/><U8/><E2/><V65/><F38/><W126/><G134/><N who="0" m="51243" /><D68/><U5/><E5/><V129/><F129/><W47/><N who="3" m="48211" /><W18/><DORA hai="33" /><G55/><N who="0" m="30167" /><D58/><AGARI ba="0,0" hai="11,15,18,36,43,47,58,60,67,121,122" m="48211" machi="58" ten="40,2600,0" yaku="18,1,52,1" doraHai="62,33" who="3" fromWho="0" sc="250,-26,250,0,250,0,250,26" /><INIT seed="1,0,0,1,2,31" ten="224,250,250,276" oya="1" hai0="100,30,127,36,132,24,62,61,16,115,25,9,123" hai1="46,118,60,74,14,8,110,131,134,122,98,27,90" hai2="111,86,85,58,83,69,79,108,40,59,51,50,80" hai3="71,106,23,88,117,104,54,29,2,121,33,13,113"/><U55/><E74/><V1/><F69/><W125/><G2/><T92/><D36/><U39/><E122/><V119/><F1/><W135/><G121/><T10/><D115/><U109/><E118/><V67/><F119/><W52/><G71/><T82/><D123/><U95/><E131/><V19/><F19/><W41/><G113/><T37/><D37/><U94/><E134/><V63/><F40/><W72/><G72/><T6/><D127/><U73/><E73/><V26/><F26/><W70/><G70/><T91/><D82/><U78/><E78/><V21/><F21/><W129/><G41/><T34/><D100/><U102/><E27/><V105/><F105/><W133/><G23/><T48/><D48/><U99/><E39/><V47/><F47/><W11/><G129/><T42/><D42/><U116/><E116/><V66/><REACH who="2" step="1"/><F79/><REACH who="2" ten="224,250,240,276" step="2"/><W128/><G106/><T107/><D107/><U103/><E46/><V18/><F18/><W84/><G104/><T57/><D57/><N who="1" m="34879" /><E110/><V120/><F120/><W20/><G128/><T32/><D132/><U81/><E109/><V0/><F0/><W12/><G117/><T5/><D16/><N who="1" m="8263" /><E81/><V65/><F65/><W49/><G133/><T7/><D7/><U68/><E68/><V15/><F15/><W43/><G13/><T28/><D92/><U93/><E95/><V97/><F97/><W101/><G135/><T126/><D126/><U76/><E76/><V56/><F56/><W114/><G125/><T3/><D3/><U45/><E45/><V53/><F53/><W22/><G52/><T124/><D124/><RYUUKYOKU ba="0,1" sc="224,10,250,10,240,10,276,-30" hai0="5,6,9,10,24,25,28,30,32,34,61,62,91" hai1="90,93,94,98,99,102,103" hai2="50,51,58,59,63,66,67,80,83,85,86,108,111" /><INIT seed="1,1,1,5,4,45" ten="234,260,250,246" oya="1" hai0="49,11,130,132,112,51,7,67,98,48,37,54,123" hai1="23,101,65,20,122,94,2,104,27,30,0,80,78" hai2="86,90,40,3,52,127,64,91,4,95,12,85,57" hai3="87,111,83,74,9,5,82,84,134,79,15,33,25"/><U121/><E104/><V16/><F127/><W38/><G38/><T116/><D37/><U114/><E114/><V59/><F40/><W119/><G119/><T92/><D123/><U109/><E109/><V135/><F135/><W29/><G111/><T73/><D73/><U124/><E124/><V21/><F64/><W103/><G134/><T99/><D132/><U35/><E65/><V117/><F117/><W89/><REACH who="3" step="1"/><G103/><REACH who="3" ten="234,260,250,236" step="2"/><T10/><D112/><U63/><E122/><V70/><F70/><W47/><G47/><T55/><D116/><U96/><E121/><V115/><F115/><W126/><G126/><T60/><D130/><U53/><E0/><V14/><F59/><W102/><G102/><T75/><D75/><AGARI ba="1,2" hai="5,9,15,25,29,33,74,75,79,82,83,84,87,89" machi="75" ten="40,1300,0" yaku="1,1,53,0" doraHai="45" doraHaiUra="50" who="3" fromWho="0" sc="234,-16,260,0,250,0,236,36" /><INIT seed="2,0,0,5,5,24" ten="218,260,250,272" oya="2" hai0="118,18,110,96,26,41,39,132,37,67,86,10,45" hai1="125,98,124,72,16,61,70,23,0,135,19,91,101" hai2="52,8,94,78,131,112,92,47,119,31,97,93,114" hai3="7,88,108,60,69,107,51,89,14,95,6,46,106"/><V73/><F119/><W104/><G108/><T9/><D118/><U133/><E72/><V43/><F131/><W53/><G89/><T21/><D110/><U34/><E34/><V77/><F97/><W109/><G109/><T102/><D132/><N who="1" m="50763" /><E0/><V113/><F8/><W15/><G15/><T38/><D67/><N who="1" m="41327" /><E91/><V121/><F121/><W2/><G2/><T122/><D122/><U35/><E35/><V42/><F31/><W74/><G74/><T71/><D71/><U120/><E120/><V68/><F68/><W57/><G14/><T27/><D27/><N who="1" m="14823" /><E19/><V90/><F90/><W1/><G1/><T28/><D86/><U40/><E40/><V56/><F73/><W11/><G11/><T99/><D99/><U83/><E83/><V84/><F84/><W64/><REACH who="3" step="1"/><G69/><REACH who="3" ten="218,260,250,262" step="2"/><T130/><D9/><U58/><E58/><V100/><F100/><W13/><G13/><T87/><D10/><U115/><E115/><V32/><F56/><W49/><G49/><T65/><D102/><U128/><E128/><V111/><F111/><W105/><N who="3" m="26624" /><DORA hai="76" /><W4/><G4/><T50/><D130/><U3/><E3/><V63/><F114/><W29/><G29/><T54/><D50/><U116/><E116/><V80/><F113/><W127/><G127/><T123/><D28/><U75/><E75/><V17/><F112/><W5/><G5/><T85/><D123/><U134/><E134/><V103/><F103/><W55/><G55/><T117/><D54/><U126/><E101/><V12/><F52/><W36/><G36/><T22/><D38/><U66/><E66/><RYUUKYOKU ba="0,1" sc="218,-15,260,15,250,-15,262,15" hai1="98,124,125,126" hai3="6,7,46,51,53,57,60,64,88,95" /><INIT seed="3,1,1,4,4,104" ten="203,275,235,277" oya="3" hai0="94,93,97,83,48,86,82,132,17,121,6,47,65" hai1="46,126,35,80,122,118,114,91,23,50,101,135,44" hai2="61,127,111,71,115,108,60,40,109,15,57,73,88" hai3="78,131,76,69,28,123,21,34,116,100,75,20,32"/><W107/><G123/><T11/><D132/><U56/><E35/><V129/><F115/><W99/><G116/><T92/><D121/><U30/><E122/><V25/><F129/><W26/><G131/><T51/><D65/><U0/><E0/><V87/><F127/><W81/><G34/><T96/><D6/><U95/><E101/><V119/><F119/><W79/><G79/><T16/><D11/><U33/><E33/><V54/><F40/><W4/><G4/><T13/><D13/><U38/><E38/><V55/><F25/><W63/><G78/><T117/><D117/><U53/><E80/><N who="0" m="30761" /><D86/><U36/><E36/><V37/><F37/><W102/><G100/><T110/><D110/><U18/><E30/><V66/><F15/><W74/><G74/><T31/><D31/><U19/><E135/><V43/><F43/><W84/><G84/><T22/><D22/><U3/><E3/><V7/><F7/><W64/><AGARI ba="1,1" hai="20,21,26,28,32,63,64,69,75,76,81,99,102,107" machi="64" ten="30,11700,0" yaku="0,1,25,2,52,1" doraHai="104" who="3" fromWho="3" sc="203,-40,275,-40,235,-40,277,130" /><INIT seed="3,2,0,1,5,110" ten="163,235,195,407" oya="3" hai0="91,71,58,121,105,84,42,134,5,41,132,127,22" hai1="30,89,92,88,102,106,100,53,17,64,61,7,68" hai2="54,111,46,31,57,108,8,3,62,34,10,76,18" hai3="101,50,129,59,6,82,63,93,14,126,128,52,39"/><W21/><G39/><T27/><D71/><U12/><E106/><V75/><F46/><W117/><G117/><T55/><D105/><U94/><E30/><V1/><F10/><N who="3" m="4439" /><G82/><T2/><D121/><U107/><E107/><V73/><F18/><W37/><G37/><T95/><D127/><U0/><E0/><N who="2" m="75" /><F8/><W65/><G21/><T86/><D5/><U47/><E7/><V56/><F56/><N who="3" m="37095" /><G126/><T23/><D2/><U11/><E47/><V90/><F76/><W15/><G15/><T26/><D58/><U43/><E53/><V114/><F34/><W70/><G70/><T103/><D95/><U28/><E43/><V16/><F31/><W97/><G128/><T60/><D55/><U35/><E28/><V74/><F16/><W49/><G129/><T40/><D40/><U115/><E35/><V25/><F25/><W135/><G135/><T116/><D116/><U120/><E120/><V119/><F119/><W96/><G96/><T83/><D83/><U131/><E131/><V44/><F44/><W51/><AGARI ba="2,0" hai="49,50,51,52,59,93,97,101" m="37095,4439" machi="51" ten="30,3000,0" yaku="8,1,54,1" doraHai="110" who="3" fromWho="3" sc="163,-12,235,-12,195,-12,407,36" /><INIT seed="3,3,0,2,3,5" ten="151,223,183,443" oya="3" hai0="2,28,130,128,118,107,99,88,44,97,54,45,85" hai1="109,67,115,132,95,59,84,76,121,26,42,73,38" hai2="36,113,65,55,105,91,133,129,19,134,29,80,83" hai3="53,89,60,58,41,66,51,64,39,40,110,11,32"/><W104/><G32/><T82/><D2/><U98/><E38/><V119/><F113/><W117/><G104/><T123/><D123/><U92/><E42/><N who="3" m="16490" /><G89/><T70/><D70/><U52/><E73/><V23/><F36/><W30/><G30/><T101/><D118/><U12/><E67/><N who="3" m="25642" /><G11/><T33/><D28/><U1/><E1/><V122/><F105/><W57/><G117/><T86/><D33/><U48/><E121/><V71/><F122/><W37/><G110/><T63/><D99/><U96/><E109/><V22/><F29/><W79/><G79/><T81/><D86/><U75/><E75/><V0/><F0/><W125/><G125/><T10/><D82/><U3/><E3/><V43/><F83/><W77/><G77/><T126/><D10/><U103/><E26/><V102/><F80/><W4/><G4/><T106/><D106/><U14/><E115/><V24/><F24/><W46/><G58/><N who="0" m="35287" /><D126/><U21/><E21/><V50/><F22/><W93/><G93/><T116/><D116/><U61/><E76/><V111/><F23/><W112/><G112/><T47/><D107/><U27/><E84/><V13/><F111/><W108/><G108/><T68/><D101/><U25/><E103/><V74/><F102/><W18/><G18/><T49/><D97/><U56/><E98/><V31/><F19/><W114/><G114/><T131/><D68/><U16/><E96/><V100/><F71/><W124/><G124/><T62/><D62/><U34/><E61/><V6/><F100/><W17/><G17/><T9/><D9/><U8/><E8/><RYUUKYOKU ba="3,0" sc="151,15,223,-15,183,-15,443,15" hai0="44,45,47,49,81,85,88,128,130,131" hai3="37,39,46,51,53,57,60" /><INIT seed="3,4,0,2,4,14" ten="166,208,168,458" oya="3" hai0="34,37,101,130,128,18,132,10,41,23,109,135,43" hai1="21,58,48,94,22,65,81,106,90,8,51,111,105" hai2="117,67,113,75,53,89,36,120,115,25,40,28,88" hai3="6,47,80,84,78,64,24,55,31,17,20,96,16"/><W2/><G64/><T131/><D34/><U32/><E32/><V46/><F117/><W49/><REACH who="3" step="1"/><G96/><REACH who="3" ten="166,208,168,448" step="2"/><T3/><D130/><U11/><E65/><V39/><F67/><W100/><G100/><T59/><D101/><U98/><E98/><V13/><F115/><W92/><G92/><T99/><D99/><U76/><E94/><V93/><F113/><W30/><G30/><T126/><D131/><U71/><E106/><V103/><F93/><W114/><G114/><T97/><D97/><U108/><E105/><V83/><F28/><W121/><G121/><T118/><D128/><U127/><E111/><V77/><F120/><W12/><G12/><T5/><D118/><U15/><E15/><V52/><F103/><W95/><G95/><T57/><D109/><U122/><E108/><V66/><F66/><W87/><G87/><T7/><D135/><U116/><E122/><V42/><F13/><W26/><G26/><T107/><D132/><U85/><E116/><V44/><REACH who="2" step="1"/><F25/><REACH who="2" ten="166,208,158,448" step="2"/><W133/><G133/><T38/><D107/><U56/><E71/><V129/><F129/><W110/><G110/><T70/><D70/><U60/><E81/><V112/><F112/><W119/><G119/><T63/><D3/><U91/><E85/><V0/><F0/><W1/><G1/><T68/><D68/><U123/><E123/><V102/><F102/><W35/><G35/><T79/><D126/><U73/><E127/><V104/><F104/><W50/><G50/><T4/><D38/><U69/><E69/><V124/><F124/><W45/><G45/><T9/><D37/><RYUUKYOKU ba="4,2" sc="166,-15,208,-15,158,15,448,15" hai2="36,39,40,42,44,46,52,53,75,77,83,88,89" hai3="2,6,16,17,20,24,31,47,49,55,78,80,84" /><INIT seed="3,5,2,4,2,97" ten="151,193,173,463" oya="3" hai0="51,11,69,120,75,103,70,32,98,44,3,91,121" hai1="27,20,83,8,45,49,28,119,38,37,54,78,82" hai2="66,59,72,43,107,15,67,93,86,109,108,48,52" hai3="104,46,131,19,0,65,118,1,6,92,36,130,90"/><W127/><G104/><T41/><D32/><U18/><E119/><V113/><F72/><W22/><G65/><T21/><D75/><U34/><E8/><V80/><F107/><W115/><G115/><T58/><D91/><U81/><REACH who="1" step="1"/><E78/><REACH who="1" ten="151,183,173,463" step="2"/><N who="2" m="46359" /><F113/><W16/><G118/><T135/><D11/><U74/><E74/><V134/><F134/><W62/><G131/><T117/><D135/><U71/><E71/><V122/><F122/><W94/><G130/><T85/><D117/><U68/><E68/><V111/><F43/><W101/><G0/><T60/><D3/><U73/><E73/><V26/><F26/><AGARI ba="5,3" hai="18,20,26,27,28,34,37,38,45,49,54,81,82,83" machi="26" ten="40,2600,0" yaku="1,1,53,1" doraHai="97" doraHaiUra="24" who="1" fromWho="2" sc="151,0,183,71,173,-41,463,0" /><INIT seed="4,0,0,1,4,60" ten="151,254,132,463" oya="0" hai0="72,25,82,47,37,46,30,8,71,73,33,129,66" hai1="90,116,119,80,105,40,51,3,76,69,9,57,45" hai2="75,83,101,28,78,110,84,98,104,52,124,94,127" hai3="12,128,56,23,5,85,93,15,120,17,36,29,0"/><T63/><D129/><U131/><E69/><V133/><F28/><W79/><G36/><T102/><D82/><U21/><E105/><V92/><F110/><W130/><G0/><T86/><D86/><U55/><E131/><N who="3" m="50218" /><G29/><T112/><D112/><U68/><E68/><V132/><F52/><W108/><G120/><T111/><D111/><U125/><E125/><N who="2" m="48203" /><F75/><W134/><G134/><AGARI ba="0,0" hai="78,83,84,92,94,98,101,104,132,133,134" m="48203" machi="134" ten="30,7700,0" yaku="20,1,18,1,34,2" doraHai="60" who="2" fromWho="3" sc="151,0,254,0,132,77,463,-77" /><INIT seed="5,0,0,2,4,60" ten="151,254,209,386" oya="1" hai0="101,52,19,106,24,25,112,113,70,26,5,86,55" hai1="45,132,48,39,71,30,85,90,123,4,98,88,31" hai2="53,114,83,104,117,109,7,99,2,32,128,49,115" hai3="37,57,110,96,80,47,84,122,12,134,62,34,126"/><U20/><E39/><V135/><F109/><W124/><G34/><T6/><D101/><U118/><E132/><V33/><F117/><W64/><G134/><T133/><D106/><U63/><E123/><V36/><F135/><W89/><G122/><T40/><D133/><U56/><E71/><V73/><F128/><W9/><G110/><T103/><D103/><U69/><E69/><V27/><F36/><W77/><G37/><T46/><D19/><U65/><E4/><N who="0" m="1641" /><D70/><U50/><E118/><V42/><F42/><W127/><G47/><T125/><D86/><U10/><E10/><N who="2" m="2423" /><F27/><W43/><G43/><T116/><D116/><U121/><E121/><V67/><F104/><W28/><G28/><N who="1" m="10794" /><E20/><V41/><F73/><W130/><G130/><T44/><D40/><U129/><E129/><V97/><F41/><W72/><G96/><T17/><D17/><U66/><E98/><V78/><F97/><W0/><G0/><T59/><D59/><N who="1" m="37119" /><E45/><N who="0" m="17513" /><D125/><U54/><E54/><AGARI ba="0,0" hai="24,25,26,52,54,55,112,113" m="17513,1641" machi="54" ten="40,5200,0" yaku="28,2,54,1" doraHai="60" who="0" fromWho="1" sc="151,52,254,-52,209,0,386,0" /><INIT seed="6,0,0,4,2,16" ten="203,202,209,386" oya="2" hai0="105,57,85,15,123,47,22,55,65,20,108,49,8" hai1="87,82,70,119,18,2,81,98,54,31,112,40,125" hai2="3,52,24,121,91,38,67,89,56,124,109,120,29" hai3="9,59,135,0,35,94,19,99,117,92,79,97,90"/><V101/><F124/><W36/><G35/><T129/><D105/><U107/><E70/><V131/><F131/><W83/><G36/><T113/><D108/><U12/><E2/><V93/><F109/><W21/><G117/><T84/><D123/><U128/><E119/><V102/><F3/><W88/><G135/><T126/><D126/><U25/><E125/><V45/><F67/><W1/><G9/><T111/><D111/><U5/><E5/><V71/><F71/><W64/><G59/><T95/><D129/><U61/><E40/><V23/><F91/><W78/><G64/><T50/><D65/><U51/><E61/><V46/><F121/><W28/><G28/><T96/><D113/><U48/><E112/><V13/><F13/><W122/><G122/><T33/><D33/><U106/><E128/><V41/><F46/><W42/><G42/><N who="0" m="24823" /><D85/><U63/><E63/><V10/><F10/><W27/><G79/><T17/><D84/><AGARI ba="0,0" hai="0,1,19,21,27,78,83,84,88,90,92,94,97,99" machi="84" ten="30,7700,0" yaku="7,1,9,1,52,1,54,1" doraHai="16" who="3" fromWho="0" sc="203,-77,202,0,209,0,386,77" /><INIT seed="7,0,0,0,1,11" ten="126,202,209,463" oya="3" hai0="100,94,10,45,47,83,72,106,38,17,131,37,53" hai1="126,1,130,39,98,62,73,36,50,43,44,93,95" hai2="90,66,129,123,112,49,26,7,33,20,55,12,52" hai3="92,64,24,107,132,104,134,18,59,22,41,101,96"/><W99/><G41/><T6/><D131/><U4/><E73/><V70/><F112/><W105/><G64/><T113/><D106/><U88/><E130/><V81/><F33/><W61/><G61/><T67/><D67/><U27/><E126/><V117/><F117/><W28/><G59/><T120/><D120/><U15/><E1/><V133/><F129/><W76/><G76/><T91/><D113/><U116/><E116/><V63/><F133/><N who="3" m="51307" /><G28/><T125/><D125/><U111/><E111/><V115/><F123/><W87/><G87/><T86/><D6/><U118/><E118/><V19/><F115/><W75/><G75/><T46/><D53/><U79/><E79/><V124/><F124/><W121/><G121/><T78/><REACH who="0" step="1"/><D100/><AGARI ba="0,0" hai="18,22,24,92,96,99,100,101,104,105,107" m="51307" machi="100" ten="30,1500,0" yaku="20,1" doraHai="11" who="3" fromWho="0" sc="126,-15,202,0,209,0,463,15" owari="111,-39.0,202,-20.0,209,1.0,478,58.0" /></mjloggm>