<mjloggm ver="2.3"><GO type="97" lobby="0"/><UN n0="%74%61%64%61%64%61%79%6F" n1="%E5%B0%B1%E6%B4%BB%E7%94%9F%40%E5%B7%9D%E6%9D%91%E8%BB%8D%E5%9B%A3" n2="%E6%B1%A0%E7%94%B0%E7%9C%81%E5%90%BE" n3="%74%6F%79%6F%31%36" dan="13,14,14,14" rate="1808.72,1948.58,1980.23,1939.51" sx="M,M,M,M"/><TAIKYOKU oya="0"/><INIT seed="0,0,0,2,1,25" ten="250,250,250,250" oya="0" hai0="133,13,83,127,65,70,32,111,44,60,112,117,14" hai1="18,34,57,69,41,58,68,94,72,132,62,106,115" hai2="88,128,130,23,17,131,73,51,108,40,28,26,95" hai3="120,46,89,0,100,37,107,121,8,53,4,1,21"/><T125/><D117/><U12/><E106/><V81/><F108/><W98/><G21/><T24/><D112/><U134/><E72/><V96/><F17/><W11/><G89/><T135/><D83/><U7/><E34/><V109/><F109/><W126/><G126/><N who="0" m="48139" /><D111/><U33/><E33/><V67/><F67/><W103/><G103/><T59/><D44/><U122/><E122/><N who="3" m="47210" /><G11/><T129/><D59/><U29/><E7/><V99/><F99/><W118/><G118/><T56/><D56/><U104/><E104/><V82/><F73/><W116/><G116/><T27/><D27/><U85/><E115/><V9/><F9/><W30/><G53/><T80/><D80/><N who="2" m="30826" /><F51/><W6/><G6/><T36/><D36/><U87/><E41/><AGARI ba="0,0" hai="23,26,28,40,41,88,95,96,128,130,131" m="30826" machi="41" ten="40,5200,0" yaku="19,1,52,1,54,1" doraHai="25" who="2" fromWho="1" sc="250,0,250,-52,250,52,250,0" /><INIT seed="1,0,0,1,2,117" ten="250,198,302,250" oya="1" hai0="55,51,17,43,49,126,86,20,133,119,13,116,132" hai1="71,83,65,44,108,77,89,37,113,70,7,91,30" hai2="22,129,57,90,82,3,88,106,34,76,56,52,105" hai3="54,107,6,121,53,96,80,135,40,81,93,98,27"/><U110/><E7/><V111/><F34/><W2/><G121/><T58/><D126/><U9/><E113/><V66/><F3/><W1/><G135/><N who="0" m="51787" /><D86/><U62/><E9/><V78/><F111/><N who="1" m="42537" /><E30/><V120/><F120/><W19/><G107/><T127/><D127/><U97/><E71/><V38/><F38/><W39/><G39/><T123/><D123/><U92/><E37/><V63/><F129/><W99/><G93/><T109/><D109/><U64/><E64/><V35/><F35/><W48/><G6/><T28/><D28/><U103/><E44/><AGARI ba="0,0" hai="13,17,20,43,44,49,51,55,58,116,119" m="51787" machi="44" ten="30,1000,0" yaku="20,1" doraHai="117" who="0" fromWho="1" sc="250,10,198,-10,302,0,250,0" /><INIT seed="2,0,0,3,2,7" ten="260,188,302,250" oya="2" hai0="57,41,74,40,0,85,43,17,87,111,118,26,80" hai1="56,62,91,129,99,117,60,23,77,70,76,134,45" hai2="31,67,15,66,30,107,110,69,34,115,128,39,86" hai3="116,28,100,133,12,47,37,55,135,33,10,16,6"/><V4/><F115/><W24/><G100/><T78/><D111/><U50/><E117/><V102/><F39/><W27/><G37/><T132/><D118/><U88/><E70/><V14/><F110/><W52/><G47/><T108/><D132/><N who="3" m="50761" /><G116/><T2/><D57/><U22/><E129/><V106/><F86/><W54/><G24/><T64/><D64/><U119/><E119/><V3/><F4/><AGARI ba="0,0" hai="4,6,10,12,16,27,28,33,52,54,55" m="50761" machi="4" ten="30,7700,0" yaku="20,1,52,1,54,2" doraHai="7" who="3" fromWho="2" sc="260,0,188,0,302,-77,250,77" /><INIT seed="3,0,0,3,0,70" ten="260,188,225,327" oya="3" hai0="13,23,90,75,37,73,48,107,21,102,8,18,133" hai1="77,7,100,60,40,81,72,76,85,28,22,118,121" hai2="61,16,120,114,131,11,14,4,80,49,91,86,93" hai3="53,126,129,135,3,79,29,50,59,117,25,52,134"/><W105/><G105/><T15/><D133/><N who="3" m="50697" /><G3/><T130/><D130/><U27/><E121/><V9/><F114/><W36/><G79/><T58/><D37/><U84/><E118/><V56/><F120/><W62/><G117/><T94/><D107/><U74/><E100/><V82/><F131/><W103/><G103/><T119/><D102/><U71/><E7/><V57/><F49/><W41/><G126/><T2/><D2/><U101/><E101/><V97/><F97/><W45/><G129/><T122/><D122/><U35/><E35/><V69/><F69/><W33/><G53/><T87/><D119/><U10/><E10/><V112/><F112/><W99/><G99/><T24/><D24/><U110/><E110/><V1/><REACH who="2" step="1"/><F56/><REACH who="2" ten="260,188,215,327" step="2"/><W64/><G64/><AGARI ba="0,1" hai="1,4,9,11,14,16,57,61,64,80,82,86,91,93" machi="64" ten="30,7700,0" yaku="1,1,2,1,7,1,54,1,53,0" doraHai="70" doraHaiUra="104" who="2" fromWho="3" sc="260,0,188,0,215,87,327,-77" owari="260,6.0,188,-31.0,302,40.0,250,-15.0" /></mjloggm>