<mjloggm ver="2.3"><GO type="169" lobby="0"/><UN n0="%E5%AB%8C%E3%81%84%E3%81%98%E3%82%83%E3%81%AA%E3%81%84%E3%82%8F%EF%BC%81" n1="%E5%B0%B1%E6%B4%BB%E7%94%9F%40%E5%B7%9D%E6%9D%91%E8%BB%8D%E5%9B%A3" n2="%6B%6F%64%61%6D%61%2F" n3="%E8%A3%95%E7%BE%8E%E5%AD%90" dan="16,16,16,16" rate="2052.75,2039.17,2073.71,2185.18" sx="M,M,M,F"/><TAIKYOKU oya="0"/><INIT seed="0,0,0,4,5,39" ten="250,250,250,250" oya="0" hai0="2,133,52,134,116,89,125,38,67,19,126,17,25" hai1="122,83,118,97,34,81,51,115,102,120,124,80,45" hai2="104,96,117,58,68,50,130,112,48,24,72,28,27" hai3="49,35,84,36,103,14,1,30,31,85,66,111,69"/><T113/><D116/><U123/><E34/><V108/><F68/><W7/><G111/><T8/><D38/><U41/><E118/><V59/><F72/><W131/><G1/><T61/><D113/><U110/><E110/><V98/><F108/><W82/><G131/><T119/><D119/><U6/><E115/><V20/><F117/><W60/><G36/><T33/><D89/><U88/><E124/><N who="0" m="47721" /><D67/><U55/><E6/><V23/><F104/><W12/><G103/><T105/><D105/><U10/><E10/><V18/><F130/><W43/><G85/><T91/><D91/><U95/><REACH who="1" step="1"/><E55/><REACH who="1" ten="250,240,250,250" step="2"/><V42/><F112/><W76/><G35/><T128/><D128/><U135/><E135/><V79/><F28/><W4/><G7/><N who="0" m="1143" /><D134/><U16/><E16/><V47/><F18/><W87/><G4/><T54/><D54/><U73/><E73/><V3/><F3/><W78/><G31/><N who="0" m="19695" /><D133/><U11/><E11/><V63/><F79/><W65/><G78/><T106/><D106/><U29/><E29/><V22/><F27/><W56/><G30/><T129/><D129/><U46/><E46/><V92/><F24/><W99/><G76/><T77/><D77/><U32/><E32/><V37/><F47/><W64/><G69/><T90/><D19/><U86/><AGARI ba="0,1" hai="41,45,51,80,81,83,86,88,95,97,102,120,122,123" machi="86" ten="40,8000,1" yaku="1,1,0,1,52,1,54,1,53,0" doraHai="39" doraHaiUra="26" who="1" fromWho="1" sc="250,-40,240,90,250,-20,250,-20" /><INIT seed="1,0,0,1,3,107" ten="210,330,230,230" oya="1" hai0="120,75,6,49,78,112,1,91,52,9,26,115,97" hai1="88,89,121,125,35,61,0,131,55,38,93,71,64" hai2="3,32,13,58,101,4,132,109,94,129,83,66,99" hai3="135,84,127,118,42,60,67,51,50,108,53,81,20"/><U76/><E121/><V44/><F3/><W62/><G108/><T79/><D120/><U111/><E38/><V103/><F32/><W116/><G127/><T130/><D130/><U122/><E35/><V74/><F109/><W36/><G135/><T23/><D97/><U2/><E122/><V19/><F4/><W28/><G28/><T56/><D91/><U54/><E111/><V80/><F129/><W119/><G20/><T10/><D10/><U95/><E131/><V27/><F27/><W113/><G84/><T90/><D90/><U11/><E125/><V106/><F103/><W43/><G81/><T98/><D98/><U126/><E126/><V46/><F83/><W17/><G17/><T25/><D25/><U123/><E123/><V77/><F106/><W21/><G21/><T128/><D128/><U37/><E37/><V63/><REACH who="2" step="1"/><F132/><REACH who="2" ten="210,330,220,230" step="2"/><W22/><G118/><T86/><D6/><U110/><E2/><V70/><F70/><W114/><G22/><AGARI ba="0,1" hai="13,19,22,44,46,58,63,66,74,77,80,94,99,101" machi="22" ten="30,7700,0" yaku="1,1,7,1,52,1,53,1" doraHai="107" doraHaiUra="105" who="2" fromWho="3" sc="210,0,330,0,220,87,230,-77" /><INIT seed="2,0,0,4,5,70" ten="210,330,307,153" oya="2" hai0="49,0,79,66,15,123,63,1,119,10,84,35,36" hai1="124,108,6,78,60,94,20,90,110,51,112,105,5" hai2="77,25,3,52,65,127,44,115,22,45,98,38,67" hai3="89,54,7,81,129,29,96,72,102,132,97,46,74"/><V19/><F115/><W101/><G7/><T40/><D35/><U41/><E105/><V75/><F3/><W2/><G2/><T120/><D119/><U125/><E125/><V68/><F68/><W57/><G29/><T64/><D49/><U8/><E124/><V55/><F75/><N who="3" m="28715" /><G57/><T9/><D79/><U30/><E60/><V87/><F127/><W104/><G54/><N who="2" m="20521" /><F38/><W47/><G47/><N who="2" m="17993" /><F98/><N who="3" m="61495" /><G46/><T134/><D40/><U113/><E113/><V61/><F61/><W111/><G132/><T107/><D63/><U128/><E128/><V11/><F11/><W58/><G58/><T91/><D134/><U39/><E39/><V109/><F109/><W103/><G111/><T100/><D36/><U130/><E130/><V43/><F43/><W88/><G129/><T117/><D1/><U106/><E106/><V4/><F4/><W18/><G18/><T59/><D107/><U28/><E28/><V73/><F73/><W13/><G13/><T71/><D15/><U27/><E27/><V48/><F48/><W80/><G97/><T23/><D0/><U133/><E133/><V116/><F116/><W122/><G122/><T50/><D117/><U118/><E118/><V62/><F62/><W131/><G131/><T92/><D120/><U32/><E32/><V69/><F69/><W121/><G121/><T82/><D71/><U85/><E85/><V21/><F22/><W95/><G103/><T31/><D123/><U42/><E42/><V34/><F34/><W99/><G99/><N who="0" m="59495" /><D23/><U135/><E135/><V83/><AGARI ba="0,0" hai="19,21,25,65,67,77,83,87" m="17993,20521" machi="83" ten="30,3000,0" yaku="8,1,54,1" doraHai="70" who="2" fromWho="2" sc="210,-10,330,-10,307,30,153,-10" /><INIT seed="2,1,0,5,4,15" ten="200,320,337,143" oya="2" hai0="125,91,122,2,64,25,40,39,132,48,23,8,117" hai1="43,13,97,135,36,72,110,28,124,6,17,37,75" hai2="107,83,88,123,18,21,52,9,20,71,65,45,62" hai3="33,114,115,86,38,105,57,79,85,95,94,112,11"/><V68/><F107/><W50/><G38/><T98/><D122/><U129/><E129/><V76/><F123/><W113/><N who="3" m="28672" /><DORA hai="54" /><W100/><G33/><T7/><D125/><U60/><E60/><V14/><F71/><W74/><G74/><T103/><D132/><U47/><E47/><V69/><F69/><W26/><G79/><T16/><D117/><U84/><E84/><N who="3" m="32362" /><G26/><T29/><D64/><U53/><E53/><V3/><F3/><W96/><G11/><T59/><D91/><U31/><E31/><V126/><F88/><W102/><G100/><T66/><D39/><U4/><E4/><V111/><F126/><W133/><G133/><T12/><D40/><U119/><E119/><V58/><F45/><W78/><G78/><T104/><D48/><U0/><E0/><V127/><F127/><W49/><G49/><T73/><D73/><U101/><E101/><V61/><REACH who="2" step="1"/><F111/><REACH who="2" ten="200,320,327,143" step="2"/><W121/><G121/><T19/><D2/><U106/><E106/><V67/><F67/><W27/><G27/><T99/><D99/><U131/><E110/><V51/><F51/><W10/><G10/><T90/><D90/><U5/><E124/><V56/><F56/><W32/><G32/><T109/><D109/><U92/><E135/><V82/><F82/><W118/><G118/><T55/><D66/><U108/><E37/><V22/><F22/><W42/><G42/><T93/><D104/><U116/><E36/><V34/><F34/><W87/><G87/><AGARI ba="1,1" hai="9,14,18,20,21,52,58,61,62,65,68,76,83,87" machi="87" ten="30,12000,1" yaku="1,1,7,1,52,2,54,1,53,0" doraHai="15,54" doraHaiUra="128,89" who="2" fromWho="3" sc="200,0,320,0,327,133,143,-123" /><INIT seed="2,2,0,1,0,133" ten="200,320,460,20" oya="2" hai0="127,45,2,26,55,6,78,9,82,108,25,86,5" hai1="42,115,83,8,81,94,62,68,33,111,124,116,97" hai2="20,109,3,77,123,118,104,64,15,99,88,110,52" hai3="37,67,29,16,125,135,121,103,0,54,36,102,84"/><V74/><F3/><W65/><G0/><T66/><D108/><U89/><E33/><V73/><F118/><W119/><G121/><T48/><D66/><U79/><E111/><N who="2" m="42507" /><F64/><W128/><G135/><T43/><D127/><U27/><E116/><V91/><F77/><W126/><G119/><T70/><D70/><U95/><E115/><V34/><F34/><W60/><G29/><T134/><D134/><U50/><E8/><V21/><F104/><W85/><G54/><T18/><D18/><U120/><E120/><V130/><F130/><W129/><G60/><T28/><D28/><U44/><E124/><V131/><F131/><W75/><G75/><N who="2" m="28681" /><F99/><W69/><REACH who="3" step="1"/><G16/><REACH who="3" ten="200,320,460,10" step="2"/><T35/><D35/><U105/><E62/><V47/><F123/><W56/><G56/><T39/><D6/><U106/><E27/><V101/><F15/><W31/><G31/><T12/><D2/><U7/><E7/><V38/><F52/><W40/><G40/><T80/><D43/><U59/><E59/><V23/><F47/><W113/><G113/><T14/><D14/><U117/><E117/><V11/><F11/><W4/><G4/><T17/><D5/><U98/><E68/><AGARI ba="2,1" hai="36,37,65,67,68,69,84,85,102,103,125,126,128,129" machi="68" ten="25,8000,1" yaku="1,1,22,2,52,2,53,0" doraHai="133" doraHaiUra="76" who="3" fromWho="1" sc="200,0,320,-86,460,0,10,96" /><INIT seed="3,0,0,0,1,4" ten="200,234,460,106" oya="3" hai0="31,65,108,24,81,121,34,32,80,98,38,110,29" hai1="113,74,54,13,105,5,84,87,103,111,72,12,49" hai2="89,109,123,61,122,21,76,43,59,47,57,8,19" hai3="48,96,46,0,106,100,85,10,17,52,36,27,130"/><W95/><G130/><T22/><D38/><U33/><E111/><N who="0" m="42537" /><D121/><U50/><E33/><N who="0" m="12905" /><D65/><U6/><E113/><V104/><F104/><W107/><G36/><T20/><D98/><U51/><E54/><V18/><F76/><W127/><G127/><T75/><D75/><N who="1" m="28715" /><E103/><V102/><F102/><W79/><G0/><T42/><D42/><U114/><E105/><V135/><F43/><W23/><REACH who="3" step="1"/><G10/><REACH who="3" ten="200,234,460,96" step="2"/><T91/><D91/><U134/><E114/><V7/><F89/><W62/><G62/><T73/><D73/><U14/><E134/><V40/><F61/><W25/><G25/><AGARI ba="0,1" hai="20,22,24,25,29,31,80,81" m="12905,42537" machi="25" ten="30,1000,0" yaku="14,1" doraHai="4" who="0" fromWho="3" sc="200,20,234,0,460,0,96,-10" /><INIT seed="4,0,0,0,4,2" ten="220,234,460,86" oya="0" hai0="127,107,95,81,15,41,76,51,39,5,59,37,8" hai1="122,119,25,126,82,135,110,92,89,40,61,42,54" hai2="56,111,129,115,11,29,47,4,121,73,55,96,99" hai3="103,118,31,134,58,24,66,125,106,3,21,72,86"/><T77/><D107/><U45/><E119/><V35/><F73/><W60/><G125/><T0/><D127/><U44/><E126/><V48/><F111/><W53/><G72/><T114/><D114/><U94/><E110/><V6/><F121/><W14/><G134/><T46/><D77/><U85/><E122/><V132/><F35/><W23/><G3/><T131/><D131/><U130/><E130/><V68/><F68/><W87/><G118/><T108/><D108/><U105/><E105/><V36/><F29/><W64/><G103/><T84/><D0/><U70/><E70/><V97/><F11/><W27/><G106/><T57/><D95/><N who="1" m="36395" /><E135/><V63/><F36/><AGARI ba="0,0" hai="5,8,15,36,37,39,41,46,51,57,59,76,81,84" machi="36" ten="40,7700,0" yaku="25,2,52,1" doraHai="2" who="0" fromWho="2" sc="220,77,234,0,460,-77,86,0" /><INIT seed="4,1,0,0,3,11" ten="297,234,383,86" oya="0" hai0="74,124,115,2,68,17,3,120,90,77,23,107,57" hai1="33,135,111,114,110,27,12,88,89,130,118,7,46" hai2="132,61,28,113,36,10,100,108,86,52,98,101,58" hai3="34,95,32,45,47,75,1,59,96,78,43,81,121"/><T103/><D120/><U133/><E118/><V60/><F108/><N who="1" m="41513" /><E46/><V49/><F113/><W123/><G47/><T112/><D68/><U69/><E69/><V129/><F132/><N who="1" m="50761" /><E114/><N who="0" m="43561" /><D124/><U92/><E130/><V54/><F36/><W76/><G78/><T13/><D57/><U109/><N who="1" m="41521" /><U30/><DORA hai="93" /><E92/><N who="2" m="58439" /><F101/><W56/><G1/><T38/><D38/><U50/><E50/><N who="2" m="30999" /><F28/><W67/><G59/><T62/><D62/><U83/><E83/><V84/><F129/><W131/><G131/><T22/><D90/><U125/><E125/><V134/><F134/><W26/><G123/><T80/><D23/><U79/><E79/><V87/><F10/><AGARI ba="1,0" hai="7,10,12,27,30,33,88,89" m="50761,41521" machi="10" ten="50,6400,0" yaku="20,1,52,1,54,1" doraHai="11,93" who="1" fromWho="2" sc="297,0,234,67,383,-67,86,0" /><INIT seed="5,0,0,1,0,116" ten="297,301,316,86" oya="1" hai0="90,107,134,73,80,41,43,131,115,22,120,82,57" hai1="105,36,25,98,129,113,6,21,19,84,53,121,127" hai2="133,16,61,88,86,118,52,33,66,72,44,23,103" hai3="63,20,110,79,27,75,10,46,122,5,99,69,17"/><U65/><E36/><V100/><F118/><W114/><G110/><T9/><D9/><U123/><E65/><V68/><F133/><W130/><G114/><T95/><D107/><U74/><E74/><V29/><F33/><W3/><G130/><T54/><D115/><U64/><E64/><V92/><F29/><W128/><G128/><T85/><D134/><U49/><E129/><V67/><F67/><W76/><G69/><T124/><D124/><U102/><E127/><V97/><F72/><W108/><G108/><T18/><D120/><U56/><E113/><V4/><F4/><W135/><G135/><T89/><D131/><U77/><REACH who="1" step="1"/><E6/><REACH who="1" ten="297,291,316,86" step="2"/><V111/><F111/><W11/><G75/><T126/><D126/><U78/><E78/><V112/><F112/><W1/><G79/><T109/><D73/><U91/><E91/><V7/><F7/><W96/><G76/><T2/><D89/><U47/><E47/><V132/><F132/><W104/><G46/><T48/><D109/><U101/><E101/><V51/><REACH who="2" step="1"/><F86/><REACH who="2" ten="297,291,306,86" step="2"/><W119/><G5/><T83/><D2/><U62/><E62/><V55/><F55/><W28/><G63/><T60/><D60/><U40/><E40/><V87/><F87/><W30/><G119/><T81/><N who="0" m="20480" /><DORA hai="38" /><T26/><AGARI ba="0,2" hai="18,22,26,41,43,48,54,57,85,90,95" m="20480" machi="26" ten="40,8000,1" yaku="4,1,0,1,8,1,52,2" doraHai="116,38" who="0" fromWho="0" sc="297,100,291,-40,306,-20,86,-20" /><INIT seed="6,0,0,5,0,9" ten="397,251,286,66" oya="2" hai0="19,42,135,37,100,6,3,53,44,114,8,17,28" hai1="38,33,113,111,16,50,22,25,134,84,15,63,35" hai2="23,81,10,133,97,122,80,107,98,119,90,125,104" hai3="58,118,39,123,105,112,61,75,79,7,2,12,131"/><V92/><F119/><W91/><G91/><T96/><D114/><U55/><E38/><V1/><F122/><W14/><G79/><T72/><D72/><U103/><E111/><V59/><F125/><W5/><G75/><T129/><D28/><U121/><E121/><V116/><F116/><W76/><G123/><T30/><D30/><U70/><E113/><V102/><F59/><W29/><G118/><T115/><D135/><U67/><E134/><V130/><F130/><W43/><G105/><N who="2" m="40521" /><F23/><W95/><G76/><T78/><D78/><U60/><E103/><N who="2" m="60839" /><F10/><W73/><G73/><T41/><D41/><U85/><E63/><V87/><F1/><W127/><G29/><T124/><D124/><U49/><E49/><V77/><F133/><W45/><G131/><T128/><D115/><U31/><REACH who="1" step="1"/><E33/><REACH who="1" ten="397,241,286,66" step="2"/><V109/><F109/><W51/><G127/><T56/><D128/><U24/><E24/><V106/><F77/><W18/><G39/><T57/><D129/><U32/><E32/><V47/><F47/><AGARI ba="0,1" hai="15,16,22,25,31,35,47,50,55,60,67,70,84,85" machi="47" ten="30,12000,2" yaku="1,1,7,1,52,1,54,1,53,2" doraHai="9" doraHaiUra="82" who="1" fromWho="2" sc="397,0,241,130,286,-120,66,0" /><INIT seed="7,0,0,3,1,79" ten="397,371,166,66" oya="3" hai0="105,31,23,55,65,62,80,7,82,102,96,39,45" hai1="30,117,124,99,14,53,89,60,40,1,20,91,93" hai2="12,110,127,98,50,44,37,72,46,71,129,128,92" hai3="112,115,133,75,88,56,25,33,8,3,51,108,61"/><W13/><G75/><T107/><D107/><U132/><E1/><V121/><F71/><W130/><G3/><T77/><D7/><U22/><E117/><V69/><F69/><W122/><G122/><T27/><D77/><U135/><E124/><V70/><F70/><W87/><G108/><T38/><D55/><U119/><E40/><V10/><F37/><W84/><G130/><N who="2" m="50281" /><F72/><W95/><G133/><T24/><D39/><U42/><E42/><N who="2" m="24855" /><F46/><W64/><G51/><T6/><D6/><U118/><E60/><V131/><F131/><W0/><G0/><T101/><D101/><U58/><E58/><V78/><F78/><W4/><REACH who="3" step="1"/><G87/><REACH who="3" ten="397,371,166,56" step="2"/><T43/><D38/><U21/><E132/><V16/><F110/><W17/><G17/><T66/><D31/><AGARI ba="0,1" hai="4,8,13,25,31,33,56,61,64,84,88,95,112,115" machi="31" ten="40,7700,0" yaku="1,1,54,1,53,1" doraHai="79" doraHaiUra="57" who="3" fromWho="0" sc="397,-77,371,0,166,0,56,87" /><INIT seed="7,1,0,0,5,117" ten="320,371,166,143" oya="3" hai0="31,99,78,64,130,135,58,119,92,43,53,56,110" hai1="105,98,42,80,26,109,16,69,68,101,55,74,15" hai2="0,108,125,40,22,124,23,95,17,65,71,79,38" hai3="93,122,24,77,63,121,133,5,14,34,97,37,54"/><W87/><G37/><T104/><D104/><U113/><E109/><V21/><F0/><W50/><G63/><T134/><D110/><U59/><E42/><V4/><F4/><W118/><G118/><T36/><D119/><U132/><E132/><N who="0" m="50729" /><D78/><U102/><E102/><V90/><F79/><W57/><G133/><T45/><D31/><U103/><E103/><V120/><F120/><W128/><G128/><T49/><D92/><U114/><E26/><V75/><F75/><W46/><G77/><T27/><D27/><U106/><E80/><V61/><F108/><W48/><G87/><T115/><D99/><U85/><E85/><N who="2" m="52687" /><F38/><W19/><G5/><T41/><D115/><N who="1" m="44043" /><E74/><V32/><F40/><W89/><G24/><T47/><D130/><U73/><E73/><V83/><F83/><W30/><G30/><T96/><D96/><U66/><E66/><V20/><F32/><W129/><G34/><T52/><D64/><U2/><E2/><V82/><F82/><W12/><G129/><T39/><D53/><U13/><E106/><V10/><F23/><W67/><G67/><T7/><D7/><U86/><E86/><V62/><F62/><W25/><G25/><T6/><D6/><U51/><E15/><V116/><F116/><W127/><G127/><N who="2" m="48713" /><F10/><AGARI ba="1,0" hai="10,13,16,51,55,59,68,69,98,101,105" m="44043" machi="10" ten="30,2000,0" yaku="15,1,54,1" doraHai="117" who="1" fromWho="2" sc="320,0,371,23,166,-23,143,0" owari="320,12.0,394,50.0,143,-26.0,143,-36.0" /></mjloggm>