<mjloggm ver="2.3"><GO type="169" lobby="0"/><UN n0="%EF%BC%88%EF%BC%BE%D0%94%EF%BC%BE%EF%BC%89" n1="%53%48%49%53%55%4B%45" n2="%53%47%59%4D%48%52%4B%31" n3="%E5%B0%B1%E6%B4%BB%E7%94%9F%40%E5%B7%9D%E6%9D%91%E8%BB%8D%E5%9B%A3" dan="17,16,16,16" rate="2178.43,2151.68,2134.36,2118.43" sx="M,M,M,M"/><TAIKYOKU oya="0"/><INIT seed="0,0,0,5,0,121" ten="250,250,250,250" oya="0" hai0="67,104,59,70,58,87,103,31,3,50,119,32,92" hai1="43,78,16,52,40,27,46,36,74,5,9,48,57" hai2="33,49,41,127,79,56,63,23,29,106,108,118,76" hai3="133,93,47,21,125,122,22,51,14,12,60,81,28"/><T26/><D119/><U37/><E43/><V131/><F106/><W117/><G117/><T1/><D59/><U17/><E37/><V64/><F33/><W123/><G133/><T0/><D58/><U73/><E27/><V100/><F118/><W105/><G105/><T7/><D50/><U82/><REACH who="1" step="1"/><E74/><REACH who="1" ten="250,240,250,250" step="2"/><V124/><F41/><W45/><G123/><T134/><D134/><U39/><E39/><V85/><F131/><W101/><G122/><T99/><D87/><U6/><E6/><V24/><F108/><W72/><G72/><T68/><D92/><U55/><E55/><V69/><F127/><W13/><G93/><T95/><D95/><U18/><E18/><V110/><F110/><W34/><G125/><T107/><D107/><U102/><E102/><V135/><F124/><W88/><G101/><T66/><D7/><U71/><E71/><V86/><F135/><W38/><G38/><T115/><D115/><U91/><E91/><V77/><F100/><W10/><G88/><T61/><D68/><U2/><AGARI ba="0,1" hai="2,5,9,16,17,36,40,46,48,52,57,73,78,82" machi="2" ten="20,12000,2" yaku="1,1,0,1,7,1,25,2,54,2,53,0" doraHai="121" doraHaiUra="80" who="1" fromWho="1" sc="250,-60,240,130,250,-30,250,-30" /><INIT seed="1,0,0,1,3,3" ten="190,370,220,220" oya="1" hai0="69,57,65,99,70,98,1,100,85,93,61,113,116" hai1="123,56,17,135,83,13,79,71,107,88,119,24,76" hai2="87,8,59,133,78,53,46,32,38,30,64,134,115" hai3="96,111,124,34,125,26,10,108,37,112,122,117,131"/><U18/><E71/><V63/><F115/><W43/><G43/><T97/><D113/><U109/><E119/><V66/><F30/><N who="3" m="19799" /><G37/><T9/><D116/><U81/><E123/><V28/><F32/><W86/><G96/><T14/><D1/><U4/><E107/><V103/><F28/><W121/><G86/><T105/><D85/><N who="1" m="50239" /><E109/><N who="3" m="42058" /><G117/><T31/><D31/><U60/><E135/><N who="2" m="51723" /><F103/><W101/><G101/><T91/><REACH who="0" step="1"/><D99/><REACH who="0" ten="180,370,220,220" step="2"/><U12/><E76/><V49/><F87/><W47/><G112/><T6/><AGARI ba="0,1" hai="6,9,14,57,61,65,69,70,91,93,97,98,100,105" machi="6" ten="20,8000,1" yaku="1,1,2,1,0,1,7,1,52,1,53,0" doraHai="3" doraHaiUra="72" who="0" fromWho="0" sc="180,90,370,-40,220,-20,220,-20" /><INIT seed="2,0,0,1,3,57" ten="270,330,200,200" oya="2" hai0="24,122,70,2,79,105,127,95,61,94,30,72,75" hai1="110,60,6,78,40,54,129,116,14,47,37,8,48" hai2="46,11,63,25,91,67,33,35,98,45,69,124,109" hai3="51,34,80,112,103,85,9,5,108,31,18,101,74"/><V84/><F124/><W115/><G74/><T21/><D122/><U56/><E116/><V55/><F98/><W96/><G108/><T132/><D105/><U20/><E110/><V13/><F109/><W53/><G18/><T130/><D127/><U39/><E129/><V77/><F77/><N who="3" m="46223" /><G31/><T52/><D2/><U89/><E89/><V29/><F35/><W114/><G34/><T38/><D38/><U3/><E78/><V118/><F55/><W32/><G32/><T133/><D130/><U82/><E82/><V68/><F69/><W36/><G36/><T58/><D70/><U0/><E37/><V62/><F118/><W66/><G66/><T97/><D95/><U100/><E100/><V99/><F99/><W117/><G96/><T17/><D30/><U123/><E123/><V113/><F113/><W90/><G90/><N who="0" m="55511" /><D79/><U50/><E39/><V59/><F91/><W87/><G87/><T19/><D19/><U22/><E3/><V64/><REACH who="2" step="1"/><F84/><REACH who="2" ten="270,330,190,200" step="2"/><W16/><G117/><T43/><D43/><U81/><E40/><V15/><F15/><N who="3" m="7279" /><G5/><AGARI ba="0,1" hai="5,11,13,25,29,33,45,46,59,62,63,64,67,68" machi="5" ten="30,11600,0" yaku="1,1,7,1,52,2,53,0" doraHai="57" doraHaiUra="106" who="2" fromWho="3" sc="270,0,330,0,190,126,200,-116" /><INIT seed="2,1,0,5,0,0" ten="270,330,316,84" oya="2" hai0="34,91,132,46,96,44,86,26,27,125,17,100,98" hai1="40,43,81,127,134,63,52,109,61,99,10,7,3" hai2="64,106,135,33,58,68,130,29,133,35,2,15,131" hai3="19,121,37,114,48,69,85,30,13,50,72,126,73"/><V77/><F106/><W116/><G37/><T36/><D132/><N who="2" m="50762" /><F77/><W97/><G116/><T38/><D125/><U18/><E134/><V65/><F58/><W54/><G121/><T51/><D34/><N who="2" m="12810" /><F68/><W11/><G69/><T115/><D115/><U107/><E127/><V111/><F29/><W4/><G126/><T123/><D123/><U20/><E109/><V95/><F2/><W90/><G114/><T16/><D86/><U117/><E117/><V24/><F24/><W5/><G30/><T88/><D51/><U104/><E104/><V128/><F111/><W89/><G50/><T119/><D119/><U32/><E32/><V83/><F83/><N who="3" m="49343" /><G72/><T53/><D53/><U14/><E81/><V6/><F95/><N who="3" m="56567" /><G73/><T66/><REACH who="0" step="1"/><D100/><REACH who="0" ten="260,330,316,84" step="2"/><U75/><E75/><V47/><F47/><AGARI ba="1,1" hai="4,5,11,13,19,47,48,54" m="56567,49343" machi="47" ten="30,7700,0" yaku="25,1,8,1,52,2" doraHai="0" who="3" fromWho="2" sc="260,0,330,0,316,-80,84,90" /><INIT seed="3,0,0,4,0,124" ten="260,330,236,174" oya="3" hai0="8,100,46,112,44,29,106,28,24,31,61,14,33" hai1="48,74,59,90,110,122,127,55,116,94,68,0,10" hai2="9,71,81,80,1,39,131,130,6,86,13,76,96" hai3="66,25,7,4,40,43,135,2,63,21,34,108,93"/><W87/><G34/><T50/><D112/><U47/><E122/><V120/><F71/><W49/><G135/><T37/><D37/><U11/><E68/><V5/><F120/><W75/><G75/><T17/><D44/><U65/><E74/><V73/><F96/><W91/><G108/><T51/><D50/><U121/><E121/><V113/><F113/><W42/><G49/><T82/><D61/><U107/><E107/><V134/><F134/><W78/><G2/><T115/><D115/><U92/><E127/><V111/><F111/><W30/><REACH who="3" step="1"/><G78/><REACH who="3" ten="260,330,236,164" step="2"/><T41/><D33/><U58/><E110/><V67/><F1/><W77/><G77/><T104/><D51/><U53/><E0/><V32/><F32/><W99/><G99/><T45/><D41/><U84/><E47/><V54/><F39/><W119/><G119/><T12/><D45/><U72/><E72/><V83/><F73/><W23/><G23/><T22/><D46/><U125/><E116/><V70/><F76/><W27/><G27/><T97/><D24/><U129/><E125/><V132/><F132/><W109/><G109/><T57/><D22/><U102/><E48/><V95/><F86/><W105/><G105/><T126/><D106/><U19/><E84/><V123/><F123/><W133/><G133/><T85/><D126/><U79/><E79/><V69/><F9/><W15/><G15/><T18/><D85/><U103/><E10/><V52/><F13/><N who="0" m="5226" /><D8/><U114/><E11/><V35/><F35/><W60/><G60/><T118/><D118/><U101/><E114/><V36/><F36/><RYUUKYOKU ba="0,1" sc="260,-10,330,-10,236,-10,164,30" hai3="4,7,21,25,30,40,42,43,63,66,87,91,93" /><INIT seed="3,1,1,5,5,84" ten="250,320,226,194" oya="3" hai0="42,70,133,118,41,78,95,89,66,17,12,103,74" hai1="37,100,111,3,24,98,29,30,16,77,90,18,69" hai2="88,25,7,67,75,2,113,48,55,54,112,53,115" hai3="13,33,114,119,28,59,46,86,34,71,105,91,11"/><W97/><G71/><T110/><D118/><U117/><E69/><V27/><F75/><W65/><G114/><T81/><D110/><U135/><E37/><V50/><F67/><W47/><G119/><T32/><D32/><U22/><E117/><V87/><F7/><W40/><G105/><T9/><D133/><U125/><E3/><V122/><F2/><W104/><G104/><T51/><D103/><U124/><E77/><V49/><F122/><W102/><G97/><T120/><D120/><U21/><E90/><V132/><F132/><W36/><G47/><T116/><D51/><U23/><E135/><V106/><F106/><W19/><G28/><N who="1" m="10858" /><E111/><V63/><F63/><W85/><G85/><T68/><D68/><U83/><E83/><AGARI ba="1,1" hai="25,27,48,49,50,53,54,55,83,87,88,112,113,115" machi="83" ten="50,8000,1" yaku="29,2,52,1,54,1" doraHai="84" who="2" fromWho="1" sc="250,0,320,-83,226,93,194,0" /><INIT seed="4,0,0,1,0,50" ten="250,237,319,194" oya="0" hai0="71,61,106,120,47,44,65,52,90,97,63,8,84" hai1="35,103,104,88,40,20,62,122,19,49,42,100,99" hai2="96,56,123,18,124,77,60,13,85,79,14,76,86" hai3="11,131,115,92,30,33,68,80,53,67,127,134,37"/><T58/><D120/><U69/><E122/><V9/><F123/><W107/><G107/><T89/><D8/><U94/><E35/><V15/><F124/><W22/><G33/><T2/><D2/><U117/><E117/><V78/><N who="2" m="19456" /><DORA hai="26" /><V28/><F28/><W57/><G80/><T93/><REACH who="0" step="1"/><D106/><REACH who="0" ten="240,237,319,194" step="2"/><U130/><E130/><V16/><F9/><W114/><G11/><T75/><D75/><U45/><E69/><V3/><F3/><W34/><G68/><T4/><D4/><U32/><E32/><V41/><F41/><W66/><G34/><T121/><D121/><U111/><E111/><V12/><N who="2" m="3072" /><DORA hai="128" /><V51/><F96/><W135/><G131/><T1/><D1/><U73/><E73/><V39/><F39/><W74/><G74/><T82/><AGARI ba="0,1" hai="44,47,52,58,61,63,65,71,82,84,89,90,93,97" machi="82" ten="20,18000,2" yaku="1,1,0,1,7,1,52,1,54,1,53,1" doraHai="50,26,128" doraHaiUra="112,54,110" who="0" fromWho="0" sc="240,190,237,-60,319,-60,194,-60" /><INIT seed="4,1,0,3,0,132" ten="430,177,259,134" oya="0" hai0="87,95,74,103,14,126,43,58,105,67,99,26,35" hai1="12,84,21,44,56,86,88,112,108,17,4,15,50" hai2="47,62,63,110,120,113,106,83,78,73,118,116,7" hai3="124,129,34,81,122,38,76,59,68,134,131,111,79"/><T32/><D126/><U16/><E108/><V65/><F106/><W2/><RYUUKYOKU type="yao9" ba="1,0" sc="430,0,177,0,259,0,134,0" hai3="2,34,38,59,68,76,79,81,111,122,124,129,131,134" /><INIT seed="4,2,0,1,2,6" ten="430,177,259,134" oya="0" hai0="82,75,57,38,129,21,127,130,37,62,94,50,47" hai1="65,19,78,101,8,122,43,81,89,32,100,66,114" hai2="111,39,91,107,45,83,59,103,90,88,54,55,92" hai3="46,51,113,86,72,64,56,52,124,63,123,30,68"/><T95/><D127/><U17/><E122/><V34/><F34/><W70/><G72/><T33/><D33/><U3/><E32/><V79/><F111/><W102/><G123/><T77/><D21/><U48/><E114/><V5/><F5/><W112/><G30/><T74/><D74/><U110/><E110/><V61/><F107/><W18/><G102/><T13/><D13/><U121/><E121/><V134/><F134/><W12/><G124/><T126/><D94/><U7/><E89/><V85/><F103/><W133/><G86/><T69/><D95/><U109/><E100/><V99/><F39/><W93/><G93/><T2/><D69/><U135/><E101/><V73/><F73/><W105/><G105/><T1/><D1/><U117/><E117/><V131/><F131/><N who="0" m="50186" /><D2/><U23/><E109/><V76/><F79/><W25/><G25/><T42/><D126/><U71/><E135/><V67/><F67/><AGARI ba="2,0" hai="37,38,42,47,50,57,62,67,75,77,82" m="50186" machi="67" ten="30,1500,0" yaku="19,1" doraHai="6" who="0" fromWho="2" sc="430,21,177,0,259,-21,134,0" /><INIT seed="4,3,0,5,1,94" ten="451,177,238,134" oya="0" hai0="12,123,53,82,65,103,113,19,118,60,99,39,114" hai1="8,88,11,2,45,112,51,4,55,61,107,15,23" hai2="73,21,69,127,100,35,40,105,117,34,42,64,58" hai3="134,98,18,31,62,27,81,87,93,77,79,84,46"/><T3/><D3/><U83/><E107/><V76/><F117/><W9/><G134/><T47/><D118/><U115/><E23/><V125/><F21/><W131/><G131/><T59/><D123/><U16/><E61/><N who="2" m="40079" /><F58/><W89/><G62/><T130/><D130/><U129/><E129/><V92/><F92/><W20/><G46/><T24/><D24/><U74/><E74/><V111/><F111/><W43/><G43/><T36/><D82/><U67/><E67/><V75/><F42/><W95/><G9/><N who="0" m="6543" /><D53/><U29/><E29/><V7/><F7/><W78/><REACH who="3" step="1"/><G31/><REACH who="3" ten="451,177,238,124" step="2"/><T1/><D47/><U120/><E120/><V48/><F40/><W109/><G109/><T22/><D60/><U30/><E30/><V14/><F48/><W68/><G68/><T116/><D39/><U66/><E66/><V71/><F71/><W122/><G122/><T104/><D36/><U80/><E80/><V57/><F57/><W17/><G17/><T37/><D37/><U56/><E56/><V32/><F127/><W91/><AGARI ba="3,1" hai="18,20,27,77,78,79,81,84,87,89,91,93,95,98" machi="91" ten="20,8000,1" yaku="1,1,0,1,7,1,8,1,52,1,53,0" doraHai="94" doraHaiUra="133" who="3" fromWho="3" sc="451,-43,177,-23,238,-23,124,99" /><INIT seed="5,0,0,3,3,89" ten="408,154,215,223" oya="1" hai0="112,32,98,31,49,107,21,46,58,97,28,100,27" hai1="113,3,84,76,24,72,79,5,117,41,127,82,81" hai2="108,18,132,90,67,42,26,95,54,101,119,70,44" hai3="20,56,103,62,104,34,53,40,92,16,75,66,105"/><U43/><E117/><V8/><F108/><W29/><G75/><T128/><D112/><U51/><E113/><V122/><F119/><W83/><G40/><T22/><D128/><U11/><E127/><V130/><F122/><W86/><G34/><T12/><D31/><U35/><REACH who="1" step="1"/><E51/><REACH who="1" ten="408,144,215,223" step="2"/><V33/><F130/><W55/><G29/><AGARI ba="0,1" hai="3,5,11,24,29,35,41,43,72,76,79,81,82,84" machi="29" ten="40,12000,1" yaku="1,1,2,1,53,2" doraHai="89" doraHaiUra="39" who="1" fromWho="3" sc="408,0,144,130,215,0,223,-120" /><INIT seed="5,1,0,4,4,39" ten="408,274,215,103" oya="1" hai0="75,0,51,6,101,49,21,114,132,17,48,134,119" hai1="79,90,22,98,37,81,83,57,9,74,124,2,72" hai2="43,77,25,50,97,42,71,121,45,63,84,64,36" hai3="73,85,28,88,65,96,30,31,54,108,100,131,113"/><U106/><E124/><V58/><F121/><W68/><G73/><T127/><D75/><U46/><E57/><V34/><F97/><W115/><G108/><T23/><D119/><U27/><E106/><V69/><F77/><W62/><G131/><T55/><D114/><U128/><E128/><V11/><F11/><W104/><REACH who="3" step="1"/><G54/><REACH who="3" ten="408,274,215,93" step="2"/><T14/><D55/><U105/><E74/><V94/><F34/><W24/><G24/><T93/><D127/><U118/><E72/><V33/><F25/><W38/><G38/><T135/><D134/><U60/><E27/><V120/><F33/><W61/><G61/><T110/><D132/><U3/><E60/><V47/><F120/><W13/><G13/><T111/><D135/><U1/><E37/><V89/><AGARI ba="1,1" hai="36,42,43,45,47,50,58,63,64,69,71,84,89,94" machi="89" ten="30,4000,0" yaku="0,1,52,2" doraHai="39" who="2" fromWho="2" sc="408,-11,274,-21,215,53,93,-11" /><INIT seed="6,0,0,0,4,40" ten="397,253,268,82" oya="2" hai0="77,45,97,33,25,71,111,66,123,72,43,9,105" hai1="112,94,73,37,88,91,2,53,50,120,79,89,83" hai2="38,131,90,17,114,108,24,55,86,5,51,48,95" hai3="26,117,61,102,98,60,103,121,84,65,58,20,47"/><V13/><F38/><W59/><G121/><T21/><D111/><U62/><E37/><V132/><F108/><W113/><G117/><T1/><D123/><U3/><E120/><V16/><F114/><W52/><G113/><T78/><D72/><U27/><E112/><V81/><F132/><W0/><G0/><T106/><D33/><U64/><E94/><V127/><F131/><W12/><G12/><T57/><D71/><U4/><E27/><V119/><F119/><W125/><G125/><T100/><D106/><U75/><E75/><V85/><F127/><W99/><G84/><T56/><D56/><U104/><E104/><V44/><F51/><W122/><G122/><T6/><D57/><U68/><REACH who="1" step="1"/><E4/><REACH who="1" ten="397,243,268,82" step="2"/><V92/><F24/><W80/><G80/><T82/><D82/><U8/><E8/><N who="2" m="4239" /><F95/><W126/><G126/><T42/><D105/><U115/><E115/><V124/><F124/><W107/><G107/><T109/><D9/><U30/><E30/><V101/><F101/><W46/><G103/><T74/><D6/><U28/><E28/><V110/><F110/><W87/><G87/><T23/><D25/><U7/><E7/><V63/><F63/><W70/><G70/><T130/><D74/><U18/><E18/><V19/><F19/><N who="3" m="12575" /><G102/><T93/><D100/><U54/><E54/><V116/><F116/><W15/><G15/><T118/><D118/><U49/><E49/><V96/><F96/><AGARI ba="0,1" hai="46,47,52,58,59,60,61,65,96,98,99" m="12575" machi="96" ten="30,7700,0" yaku="8,1,52,2,54,1" doraHai="40" who="3" fromWho="2" sc="397,0,243,0,268,-77,82,87" /><INIT seed="7,0,0,4,5,12" ten="397,243,191,169" oya="3" hai0="60,53,119,65,100,25,80,115,118,87,71,59,120" hai1="68,70,45,113,24,77,29,38,93,72,64,1,56" hai2="37,135,3,55,94,78,6,21,125,108,15,69,132" hai3="103,109,19,23,20,121,97,79,128,31,134,33,16"/><W83/><G121/><T107/><D115/><U75/><E1/><V13/><F69/><W43/><G109/><T46/><D120/><U127/><E70/><V61/><F37/><W32/><G128/><T82/><D46/><U76/><E68/><V67/><F108/><W22/><G134/><N who="2" m="51241" /><F125/><W9/><G43/><T0/><D0/><U14/><E93/><V98/><F78/><W62/><G9/><T122/><D122/><U112/><E14/><N who="2" m="5131" /><F67/><W10/><G10/><T44/><D44/><U26/><E45/><V39/><F39/><W17/><G62/><T111/><D80/><U34/><E24/><V105/><F105/><W58/><G58/><T36/><D25/><U41/><E41/><V51/><F21/><W47/><G47/><T92/><D36/><U85/><E85/><V48/><F6/><W63/><G63/><T99/><D107/><U7/><E7/><V130/><F3/><W123/><G31/><T106/><D106/><U8/><E8/><V30/><F30/><W126/><G126/><T35/><D35/><U116/><E127/><V74/><F74/><W89/><G123/><T52/><D111/><U124/><E124/><V131/><F61/><W117/><G117/><T42/><D42/><U18/><E116/><V4/><F4/><W40/><G40/><T50/><D53/><U54/><E54/><V91/><F51/><W2/><G2/><T5/><D5/><U81/><E38/><V27/><F27/><W73/><REACH who="3" step="1"/><G89/><AGARI ba="0,0" hai="50,52,59,60,65,71,82,87,89,92,99,100,118,119" machi="89" ten="30,2000,0" yaku="7,1,54,1" doraHai="12" who="0" fromWho="3" sc="397,20,243,0,191,0,169,-20" owari="417,52.0,243,4.0,191,-21.0,149,-35.0" /></mjloggm>