<mjloggm ver="2.3"><GO type="97" lobby="0"/><UN n0="%E3%81%A9%E3%82%89%E3%81%81%E3%81%BD%E3%82%93" n1="%E5%B0%B1%E6%B4%BB%E7%94%9F%40%E5%B7%9D%E6%9D%91%E8%BB%8D%E5%9B%A3" n2="%E7%88%86%E5%BC%BE%E9%87%8E%E9%83%8E" n3="%E3%81%8B%E3%81%B7%E3%81%8B%E3%81%B7%E3%81%8B%E3%83%BC%E3%81%B7" dan="14,14,13,14" rate="1919.98,1956.00,1848.00,1971.87" sx="M,M,M,F"/><TAIKYOKU oya="0"/><INIT seed="0,0,0,3,5,20" ten="250,250,250,250" oya="0" hai0="86,34,125,1,6,90,71,14,73,121,109,108,132" hai1="130,105,52,72,25,134,128,122,2,74,110,68,40" hai2="27,38,64,124,57,103,26,54,59,24,135,91,80" hai3="49,112,96,33,44,11,8,81,0,65,131,67,13"/><T114/><RYUUKYOKU type="yao9" ba="0,0" sc="250,0,250,0,250,0,250,0" hai0="1,6,14,34,71,73,86,90,108,109,114,121,125,132" /><INIT seed="0,1,0,1,1,81" ten="250,250,250,250" oya="0" hai0="57,106,50,2,25,51,95,9,3,113,49,78,83" hai1="14,87,79,85,109,75,35,125,42,120,61,45,111" hai2="46,17,16,92,104,118,122,59,56,11,127,26,66" hai3="19,97,101,60,37,33,76,121,13,70,32,132,74"/><T100/><D113/><U52/><E120/><V31/><F122/><W86/><G121/><T29/><D106/><U99/><E125/><V43/><F104/><W103/><G37/><T134/><D134/><U65/><E35/><V68/><F127/><W77/><G132/><T114/><D114/><U128/><E128/><V34/><F118/><W80/><G103/><T102/><D9/><U93/><E75/><V36/><F68/><W123/><G123/><T0/><D57/><N who="1" m="34983" /><E14/><V73/><F73/><W108/><G74/><T24/><D95/><U126/><E79/><V117/><F117/><W39/><G39/><T21/><REACH who="0" step="1"/><D24/><REACH who="0" ten="240,250,250,250" step="2"/><U72/><E72/><AGARI ba="1,1" hai="0,2,3,21,25,29,49,50,51,72,78,83,100,102" machi="72" ten="50,4800,0" yaku="1,1,2,1,53,0" doraHai="81" doraHaiUra="12" who="0" fromWho="1" sc="240,61,250,-51,250,0,250,0" /><INIT seed="0,2,0,3,1,10" ten="301,199,250,250" oya="0" hai0="120,84,26,45,57,126,0,123,86,122,63,64,16" hai1="28,69,133,52,114,113,105,101,100,92,29,62,32" hai2="2,17,99,34,56,27,128,31,9,74,103,60,78" hai3="115,94,79,1,58,22,118,117,40,134,111,97,54"/><T124/><D0/><U66/><E105/><V93/><F128/><W108/><G1/><T19/><D45/><U37/><E37/><V68/><F68/><W21/><G79/><T106/><D106/><U102/><E133/><V87/><F74/><W127/><G40/><T49/><D49/><U65/><E92/><V39/><F39/><W25/><G134/><T38/><D38/><U80/><E80/><V70/><F70/><W85/><G85/><T98/><D98/><U13/><E13/><V18/><F2/><W43/><G43/><T46/><D46/><U50/><E65/><V36/><F36/><W90/><G115/><N who="1" m="44042" /><E32/><V6/><F6/><W75/><G75/><T116/><D116/><U44/><AGARI ba="2,0" hai="28,29,44,50,52,62,66,69,100,101,102" m="44042" machi="44" ten="30,2000,0" yaku="11,1,54,1" doraHai="10" who="1" fromWho="1" sc="301,-12,199,26,250,-7,250,-7" /><INIT seed="1,0,0,4,1,116" ten="289,225,243,243" oya="1" hai0="89,77,67,45,1,43,104,42,19,35,98,25,81" hai1="120,88,5,103,111,115,117,91,110,126,53,56,3" hai2="75,40,127,93,119,60,130,100,79,129,86,135,52" hai3="46,7,44,61,32,113,63,71,30,105,10,14,15"/><U23/><E117/><V33/><F119/><W36/><G113/><T50/><D67/><U102/><E115/><V70/><F33/><W21/><G105/><T16/><D43/><U101/><E120/><V80/><F135/><W9/><G32/><T4/><D35/><U94/><E126/><V22/><F127/><W124/><G124/><T133/><D133/><U59/><E23/><V122/><F122/><W83/><G83/><T87/><D25/><U76/><E76/><V20/><F40/><W96/><G96/><T107/><D107/><U49/><E59/><N who="2" m="34919" /><F70/><W64/><G61/><T34/><D34/><U73/><E73/><V125/><F125/><W26/><REACH who="3" step="1"/><G36/><REACH who="3" ten="289,225,243,233" step="2"/><T8/><D104/><U109/><E94/><V0/><F129/><W97/><G97/><T66/><D98/><U55/><E55/><V69/><F130/><W118/><G118/><T27/><D77/><U131/><E131/><V2/><F80/><W128/><G128/><T92/><D81/><U132/><E132/><V74/><F93/><W39/><G39/><T29/><D50/><U72/><E72/><V31/><F79/><W123/><G123/><T90/><D92/><U41/><E41/><V134/><F75/><W48/><G48/><T114/><D114/><U47/><E47/><V106/><F74/><W12/><G12/><T78/><D78/><U121/><E121/><V99/><F134/><W28/><G28/><T84/><D29/><U58/><E58/><V38/><F31/><W18/><AGARI ba="0,1" hai="7,9,10,14,15,18,21,26,30,44,46,63,64,71" machi="18" ten="20,5200,0" yaku="1,1,0,1,7,1,53,1" doraHai="116" doraHaiUra="57" who="3" fromWho="3" sc="289,-13,225,-26,243,-13,233,62" /><INIT seed="2,0,0,0,3,81" ten="276,199,230,295" oya="2" hai0="15,86,77,53,8,32,68,111,66,46,80,106,25" hai1="107,14,2,122,78,126,90,84,83,55,75,18,42" hai2="67,129,121,95,104,50,45,113,1,92,102,120,33" hai3="6,21,73,19,34,56,38,20,49,37,51,69,87"/><V91/><F1/><W59/><G73/><T26/><D111/><U85/><E122/><V115/><F33/><W13/><G69/><T60/><D106/><U114/><E2/><V44/><F67/><W97/><G34/><T65/><D65/><U64/><E114/><N who="2" m="43531" /><F50/><W22/><G97/><T96/><D96/><U0/><E0/><V116/><F45/><W5/><G13/><T89/><D89/><U88/><E126/><V16/><F16/><W54/><G19/><T99/><D99/><U29/><E29/><V76/><F44/><W119/><G119/><T118/><D118/><U128/><E107/><V101/><F116/><W70/><G70/><T74/><D32/><U135/><E135/><V134/><F134/><W112/><G112/><T27/><D74/><U36/><E128/><V7/><F7/><W3/><G3/><T124/><D124/><U105/><E105/><V133/><F104/><W31/><G31/><T98/><D98/><U117/><E117/><V52/><F133/><W127/><G127/><T57/><D68/><U110/><E110/><V28/><F28/><W17/><G17/><N who="0" m="8423" /><D46/><N who="1" m="23879" /><E55/><V62/><F52/><W125/><G125/><T11/><D53/><U71/><E71/><V61/><F129/><W108/><G54/><T123/><D123/><N who="2" m="47178" /><F76/><W82/><G108/><T131/><D131/><U79/><E64/><V40/><F40/><W72/><G72/><T41/><D41/><U24/><E24/><V12/><F12/><W93/><G38/><T4/><D27/><U39/><E39/><V35/><F35/><W9/><G37/><T58/><D26/><RYUUKYOKU ba="0,0" sc="276,0,199,0,230,0,295,0" /><INIT seed="3,1,0,0,2,13" ten="276,199,230,295" oya="3" hai0="68,0,94,83,109,40,36,60,129,55,66,105,96" hai1="41,37,20,116,127,76,69,28,131,65,34,33,101" hai2="19,15,49,99,35,50,5,97,108,117,31,9,111" hai3="98,85,104,86,57,84,61,113,134,126,123,118,26"/><W12/><G123/><T14/><D0/><U95/><E116/><V59/><F117/><W89/><G118/><T25/><D109/><N who="2" m="42058" /><F35/><W43/><G113/><T44/><D129/><U88/><E127/><V80/><F31/><W47/><G126/><T120/><D120/><U130/><E101/><V63/><F80/><W45/><G134/><T133/><D133/><U110/><E110/><V52/><F5/><W30/><G12/><T42/><D105/><U38/><E76/><V21/><F9/><W39/><G47/><T11/><D83/><U53/><E53/><V79/><F79/><W23/><G104/><T135/><D135/><U29/><E65/><V107/><F107/><W71/><G71/><T70/><D25/><U75/><E69/><V27/><F15/><W124/><G124/><T22/><D22/><U114/><E75/><V16/><F19/><W92/><G98/><AGARI ba="1,0" hai="16,21,27,49,50,52,59,63,97,98,99" m="42058" machi="98" ten="30,7700,0" yaku="14,1,52,1,54,2" doraHai="13" who="2" fromWho="3" sc="276,0,199,0,230,80,295,-80" owari="276,8.0,199,-30.0,310,40.0,215,-18.0" /></mjloggm>