<mjloggm ver="2.3"><GO type="97" lobby="0"/><UN n0="%E5%B0%B1%E6%B4%BB%E7%94%9F%40%E5%B7%9D%E6%9D%91%E8%BB%8D%E5%9B%A3" n1="%75%73%77" n2="%E7%B7%8B%E3%81%84%E7%8C%AB%EF%BC%9E%EF%BC%9C%EF%BC%81" n3="%63%68%69%6E%75%35%30" dan="16,15,15,14" rate="2062.77,1987.92,2007.99,1950.40" sx="M,M,F,M"/><TAIKYOKU oya="0"/><INIT seed="0,0,0,5,5,49" ten="250,250,250,250" oya="0" hai0="56,55,64,51,100,31,116,81,40,77,21,95,115" hai1="23,99,50,63,59,3,16,96,83,43,13,12,33" hai2="27,61,106,39,24,97,28,107,41,42,101,120,87" hai3="135,74,32,71,92,17,127,134,123,69,91,90,54"/><T80/><D116/><U22/><E3/><V48/><F120/><W29/><G74/><T122/><D115/><U126/><E33/><V109/><F109/><W44/><G123/><T46/><D122/><U58/><E126/><V4/><F4/><W1/><G127/><T37/><D64/><U86/><E43/><V47/><F106/><W73/><G1/><T36/><D36/><U111/><E111/><V67/><F87/><W9/><G73/><T112/><D112/><U52/><E13/><V113/><F113/><W18/><G91/><T105/><D105/><U93/><E23/><V35/><F27/><W131/><G131/><T15/><D77/><N who="1" m="46447" /><E93/><V108/><F108/><W60/><G29/><T2/><D2/><U124/><E124/><V76/><F76/><W62/><G32/><T14/><D14/><U125/><E125/><V11/><F11/><W10/><G44/><T82/><D15/><U103/><E103/><V5/><F5/><W98/><G90/><T6/><D6/><U85/><E85/><V65/><F65/><AGARI ba="0,0" hai="12,16,22,50,52,58,59,63,65,96,99" m="46447" machi="65" ten="30,7700,0" yaku="8,1,52,1,54,2" doraHai="49" who="1" fromWho="2" sc="250,0,250,77,250,-77,250,0" /><INIT seed="1,0,0,4,2,62" ten="250,327,173,250" oya="1" hai0="111,30,26,6,102,68,103,70,48,122,4,29,116" hai1="114,0,133,132,47,117,91,57,69,135,85,82,72" hai2="21,32,66,56,86,36,25,108,13,54,1,16,27" hai3="64,39,81,100,19,51,93,88,94,11,83,5,31"/><U129/><E0/><V106/><F36/><W44/><G39/><T127/><D116/><U105/><E114/><V3/><F106/><W76/><G31/><T120/><D111/><U87/><E69/><N who="0" m="26729" /><D26/><N who="2" m="9738" /><F1/><W124/><G124/><T63/><D63/><U41/><E129/><V53/><F3/><W12/><G5/><N who="0" m="2155" /><D48/><N who="1" m="26735" /><E105/><V119/><F32/><W34/><G34/><T71/><N who="0" m="26737" /><T42/><DORA hai="125" /><D42/><U77/><E57/><V59/><F108/><W67/><G100/><N who="0" m="38443" /><D127/><U24/><E24/><V98/><F119/><W23/><G23/><T112/><D112/><U107/><E107/><V79/><F98/><N who="3" m="57639" /><G94/><T50/><D50/><U20/><E20/><V96/><F96/><W89/><G89/><T35/><D35/><U37/><E37/><V52/><F79/><W115/><G115/><T60/><D60/><U43/><E43/><V61/><F86/><N who="1" m="32777" /><E91/><V78/><F78/><W84/><G81/><T40/><D40/><AGARI ba="0,0" hai="11,12,19,40,44,51,64,67,76,83,84" m="57639" machi="40" ten="30,7700,0" yaku="8,1,52,2,54,1" doraHai="62,125" who="3" fromWho="0" sc="250,-77,327,0,173,0,250,77" /><INIT seed="2,0,0,4,3,99" ten="173,327,173,327" oya="2" hai0="8,95,1,56,44,76,5,24,111,57,47,18,0" hai1="62,87,25,35,53,15,55,96,130,31,88,58,4" hai2="26,86,94,89,69,100,30,13,12,41,85,91,104" hai3="51,81,134,75,98,114,108,73,80,127,70,131,74"/><V109/><F109/><W66/><G114/><T110/><D1/><U113/><E113/><V122/><F122/><W93/><G108/><T27/><D76/><U59/><E130/><V118/><F118/><W123/><G123/><T16/><D95/><U124/><E124/><V23/><F69/><W37/><G37/><T10/><D0/><U36/><E36/><V22/><F41/><W120/><G120/><T135/><REACH who="0" step="1"/><D5/><REACH who="0" ten="163,327,173,327" step="2"/><U2/><E2/><V14/><F104/><W133/><G127/><T33/><D33/><U28/><E4/><V61/><F61/><W77/><G131/><T29/><D29/><U39/><E31/><V46/><F46/><W116/><G116/><T11/><D11/><U40/><E39/><V49/><F49/><W107/><G107/><T45/><D45/><U115/><E115/><V92/><F23/><W97/><G93/><T50/><D50/><U82/><E40/><V19/><F30/><W117/><G117/><T112/><D112/><U102/><E15/><V48/><F48/><W67/><G51/><T79/><D79/><U34/><E35/><V3/><F3/><W38/><G38/><T126/><D126/><U64/><E58/><V125/><F125/><W72/><G77/><T65/><D65/><U71/><E71/><V78/><F78/><W119/><G119/><T129/><D129/><U83/><E82/><N who="3" m="31850" /><G75/><T105/><D105/><AGARI ba="0,1" hai="25,28,34,53,55,59,62,64,83,87,88,96,102,105" machi="105" ten="30,3900,0" yaku="7,1,52,1,54,1" doraHai="99" who="1" fromWho="0" sc="163,-39,327,49,173,0,327,0" /><INIT seed="3,0,0,0,5,15" ten="124,376,173,327" oya="3" hai0="96,68,67,128,13,131,95,1,57,33,89,115,3" hai1="127,105,59,14,48,44,114,64,5,43,7,46,18" hai2="58,78,53,0,49,133,85,12,54,107,4,125,119" hai3="111,32,122,63,52,9,22,31,88,82,6,99,62"/><W134/><G122/><T29/><D115/><U123/><E105/><V103/><F0/><W25/><G134/><T45/><D68/><U84/><E123/><V69/><F69/><W23/><G111/><T11/><D33/><U76/><E127/><V80/><F133/><W91/><G91/><T110/><D110/><U109/><E109/><V10/><F125/><W26/><G32/><T77/><D29/><U130/><E130/><V42/><F119/><W56/><G82/><T81/><D45/><U90/><E76/><V47/><F58/><W83/><G83/><T27/><D27/><U108/><E46/><V38/><F38/><W65/><G6/><T21/><D21/><N who="1" m="11479" /><E114/><V20/><F20/><W41/><G9/><T51/><D128/><U98/><E98/><AGARI ba="0,0" hai="4,10,12,42,47,49,53,54,78,80,85,98,103,107" machi="98" ten="40,2600,0" yaku="25,2" doraHai="15" who="2" fromWho="1" sc="124,0,376,-26,173,26,327,0" owari="124,-38.0,350,45.0,199,-20.0,327,13.0" /></mjloggm>