<mjloggm ver="2.3"><GO type="169" lobby="0"/><UN n0="%E7%B4%85%E8%8C%B6%30%37" n1="%E3%82%A6%E3%83%AB%E3%83%88%E3%83%A9%E7%AB%8B%E7%9B%B4" n2="%E3%83%9A%E3%83%81%E3%83%A7%E3%83%BC%E3%83%AA%E3%83%B3" n3="%E3%83%87%E3%83%87%E3%82%AD%E3%83%B3%E3%83%88" dan="16,17,16,17" rate="2150.01,2213.56,2061.78,2150.64" sx="M,M,M,M"/><TAIKYOKU oya="0"/><INIT seed="0,0,0,3,2,61" ten="250,250,250,250" oya="0" hai0="118,131,76,120,83,70,0,96,63,40,64,125,98" hai1="38,8,60,32,122,127,106,129,45,104,67,134,86" hai2="88,65,52,109,87,75,53,103,1,41,94,72,13" hai3="48,132,15,74,95,128,24,29,7,82,113,116,21"/><T102/><D120/><U50/><E122/><V11/><F1/><W100/><G113/><T90/><D118/><U77/><E32/><V101/><F109/><W9/><G116/><T20/><D0/><U68/><E127/><V133/><F133/><W37/><G37/><T71/><D131/><U85/><E134/><V43/><F75/><W55/><G128/><T89/><D125/><U44/><E129/><V25/><F72/><W124/><G124/><T17/><D70/><U79/><E8/><V114/><F25/><W19/><G132/><T23/><D40/><N who="2" m="15434" /><F114/><W107/><G107/><T135/><D135/><U42/><E86/><V69/><F69/><W93/><G100/><N who="2" m="38473" /><F65/><W105/><G105/><T112/><D112/><U18/><E85/><V34/><F34/><W35/><G82/><T31/><D31/><U121/><E121/><V3/><F3/><N who="3" m="255" /><G74/><T110/><D110/><U81/><E81/><V54/><F54/><W22/><G22/><T47/><D47/><AGARI ba="0,0" hai="15,19,21,24,29,35,47,48,55,93,95" m="255" machi="47" ten="30,1000,0" yaku="24,1" doraHai="61" who="3" fromWho="0" sc="250,-10,250,0,250,0,250,10" /><INIT seed="1,0,0,0,5,100" ten="240,250,250,260" oya="1" hai0="15,89,109,107,49,56,52,62,103,23,65,90,37" hai1="13,24,124,75,125,54,86,94,34,104,48,114,60" hai2="117,33,123,93,55,71,57,120,128,92,2,40,118" hai3="64,1,38,127,98,20,18,76,10,74,69,32,108"/><U82/><E114/><V77/><F71/><W97/><G32/><T113/><D113/><U131/><E60/><V14/><F2/><W21/><G108/><T3/><D3/><U5/><E75/><V7/><F33/><W43/><G127/><N who="1" m="48714" /><E94/><N who="2" m="36459" /><F77/><W122/><G122/><T45/><D109/><U16/><E131/><V50/><F40/><W126/><G126/><T91/><D37/><U102/><E5/><V110/><F14/><W26/><G69/><T46/><D46/><N who="1" m="27927" /><E24/><V22/><F7/><N who="3" m="1391" /><G64/><T53/><D65/><U44/><E44/><V35/><F35/><W70/><G70/><T11/><D23/><N who="1" m="11663" /><E34/><V132/><F22/><W112/><G21/><T9/><REACH who="0" step="1"/><D15/><REACH who="0" ten="230,250,250,260" step="2"/><U61/><E102/><V81/><F110/><W134/><G112/><T99/><AGARI ba="0,1" hai="9,11,45,49,52,53,56,62,89,90,91,99,103,107" machi="99" ten="30,8000,1" yaku="1,1,2,1,0,1,52,1,54,1,53,0" doraHai="100" doraHaiUra="106" who="0" fromWho="0" sc="230,90,250,-40,250,-20,260,-20" /><INIT seed="2,0,0,2,1,4" ten="320,210,230,240" oya="2" hai0="14,67,47,27,53,3,77,54,17,23,60,56,100" hai1="131,62,43,21,35,12,120,22,7,93,97,130,38" hai2="15,128,65,87,58,48,32,90,134,127,25,71,79" hai3="106,88,52,82,57,61,70,129,117,33,86,69,39"/><V110/><F110/><W126/><G117/><T115/><D3/><U63/><E35/><V59/><F127/><W18/><G126/><T94/><D115/><U118/><E118/><V9/><F134/><W49/><G129/><T124/><D124/><U8/><E120/><V55/><F79/><W95/><G106/><T30/><D77/><U125/><E125/><V46/><F128/><N who="1" m="49193" /><E43/><V92/><F71/><W103/><G39/><T76/><D76/><U44/><E44/><V78/><F78/><W1/><G1/><T135/><D47/><U121/><E38/><V122/><F122/><W31/><G33/><T108/><D108/><U73/><E73/><V111/><F111/><W28/><G70/><T107/><D107/><U119/><E119/><V116/><F116/><W11/><G69/><T36/><D36/><U72/><E72/><V101/><F101/><W113/><G61/><N who="1" m="23050" /><E121/><V99/><F99/><N who="3" m="59903" /><G113/><T0/><D135/><U74/><E74/><V50/><F50/><W85/><G85/><T123/><D123/><U10/><E10/><V91/><F91/><AGARI ba="0,0" hai="7,8,12,21,22,91,93,97" m="23050,49193" machi="91" ten="30,2000,0" yaku="19,1,52,1" doraHai="4" who="1" fromWho="2" sc="320,0,210,20,230,-20,240,0" /><INIT seed="3,0,0,0,4,99" ten="320,230,210,240" oya="3" hai0="105,29,118,14,124,104,47,71,93,43,80,12,114" hai1="4,85,44,81,45,61,20,120,22,58,88,65,130" hai2="67,11,16,101,86,23,28,46,37,68,53,113,56" hai3="73,77,18,42,31,125,78,117,107,50,13,10,111"/><W26/><G117/><T24/><D71/><U97/><E120/><V17/><F113/><W74/><G107/><T21/><D118/><U96/><E130/><V115/><F115/><W48/><G125/><T30/><D30/><U106/><E4/><V19/><F101/><W102/><G102/><T41/><D41/><U15/><E106/><V83/><F11/><W95/><G95/><T49/><D12/><U91/><E20/><V76/><F68/><W79/><G111/><T110/><D110/><U94/><REACH who="1" step="1"/><E97/><REACH who="1" ten="320,220,210,240" step="2"/><V3/><F3/><W98/><G98/><T35/><D21/><U27/><E27/><N who="2" m="16511" /><F37/><W82/><G26/><T87/><D24/><U103/><E103/><V51/><F67/><W7/><G7/><T75/><D105/><U62/><E62/><V2/><F2/><W100/><G100/><T135/><D104/><U126/><E126/><V38/><F38/><W112/><G112/><T116/><D114/><U90/><E90/><V92/><F92/><W0/><G0/><T108/><D93/><U122/><E122/><V119/><F119/><W84/><G31/><T52/><D29/><U39/><E39/><V8/><F8/><W5/><G5/><T128/><D116/><U6/><E6/><V36/><F36/><W109/><G109/><T70/><D108/><U54/><E54/><V33/><F33/><W121/><G121/><T123/><D52/><U66/><E66/><V55/><F55/><W69/><G10/><T57/><D123/><U40/><E40/><V72/><F72/><N who="3" m="27755" /><G42/><N who="0" m="24823" /><D124/><U60/><E60/><V89/><F89/><N who="3" m="51351" /><G69/><T127/><D70/><RYUUKYOKU ba="0,1" sc="320,-30,220,10,210,10,240,10" hai1="15,22,44,45,58,61,65,81,85,88,91,94,96" hai2="16,17,19,46,51,53,56,76,83,86" hai3="13,18,48,50,77,78,79" /><INIT seed="3,1,1,3,0,60" ten="290,230,220,250" oya="3" hai0="106,92,118,35,40,43,68,55,34,63,48,81,65" hai1="36,128,32,45,41,13,46,109,52,64,25,2,94" hai2="95,85,69,23,29,47,86,90,4,93,62,114,70" hai3="9,54,121,75,27,10,42,123,78,108,26,50,112"/><W111/><G112/><T33/><D106/><U103/><E2/><V20/><F114/><W74/><G42/><T76/><D118/><U89/><E109/><N who="3" m="42058" /><G50/><T57/><REACH who="0" step="1"/><D92/><REACH who="0" ten="280,230,220,250" step="2"/><U104/><E94/><V19/><F95/><W115/><G115/><T0/><D0/><U66/><E104/><V124/><F124/><W53/><G121/><T88/><D88/><U59/><E89/><V24/><F4/><W12/><G123/><T73/><AGARI ba="1,2" hai="33,34,35,40,43,48,55,57,63,65,68,73,76,81" machi="73" ten="30,4000,0" yaku="1,1,0,1,52,1,53,0" doraHai="60" doraHaiUra="102" who="0" fromWho="0" sc="280,63,230,-11,220,-11,250,-21" /><INIT seed="4,0,0,1,4,97" ten="343,219,209,229" oya="0" hai0="8,55,1,47,89,100,27,92,132,69,38,25,30" hai1="93,104,77,33,79,49,20,3,13,126,74,87,52" hai2="90,2,64,44,80,128,56,6,42,134,122,65,68" hai3="133,41,108,84,67,73,82,11,115,54,71,45,63"/><T125/><D69/><U62/><E33/><V59/><F122/><W46/><G108/><T21/><D125/><U123/><E3/><V22/><F134/><W116/><G116/><T60/><D38/><U4/><E104/><V95/><F128/><W103/><G133/><T51/><D132/><U75/><E123/><V29/><F80/><W121/><G115/><T127/><D127/><U50/><E75/><V19/><F29/><W99/><G73/><T28/><D60/><U109/><E74/><V7/><F68/><W70/><G121/><T118/><D118/><U35/><E35/><V23/><F2/><W26/><G70/><T94/><D100/><U119/><E119/><V81/><F81/><W58/><G11/><T48/><D89/><U36/><E36/><V135/><F135/><W61/><G26/><T66/><D66/><U124/><E62/><V5/><F23/><W129/><G41/><T130/><D51/><U14/><E50/><N who="2" m="26903" /><F65/><W114/><G114/><T31/><D31/><U85/><E109/><V86/><F64/><W37/><G37/><T113/><D113/><U53/><E49/><V76/><F76/><W15/><G129/><T40/><D1/><U72/><E72/><V78/><F78/><W83/><G83/><T39/><D8/><U18/><E124/><V17/><F17/><W43/><G43/><T16/><D40/><U88/><E126/><V101/><F101/><W111/><G111/><T106/><D130/><U0/><E0/><V96/><F86/><W110/><G110/><T131/><D131/><U57/><E85/><V24/><AGARI ba="0,0" hai="5,6,7,19,22,24,56,59,90,95,96" m="26903" machi="24" ten="30,2000,0" yaku="5,1,8,1" doraHai="97" who="2" fromWho="2" sc="343,-10,219,-5,209,20,229,-5" /><INIT seed="5,0,0,4,0,2" ten="333,214,229,224" oya="1" hai0="134,76,104,43,50,1,85,17,57,127,69,55,47" hai1="14,11,40,80,119,99,60,87,10,135,92,16,96" hai2="88,61,130,44,117,37,64,68,59,42,36,53,72" hai3="33,109,39,71,38,13,131,48,90,113,118,116,89"/><U4/><E135/><V107/><F107/><W111/><G33/><T94/><D104/><U23/><E119/><N who="3" m="45610" /><G113/><T12/><D1/><U86/><E40/><V78/><F117/><W19/><G48/><T95/><D69/><U32/><E32/><V35/><F35/><W9/><G71/><T24/><D24/><N who="1" m="14439" /><E60/><V91/><F130/><W58/><G58/><T98/><D134/><U79/><E11/><V120/><F120/><W108/><G131/><T77/><D43/><U70/><E70/><V121/><F37/><AGARI ba="0,0" hai="9,13,19,37,38,39,89,90,108,109,111" m="45610" machi="37" ten="40,1300,0" yaku="12,1" doraHai="2" who="3" fromWho="2" sc="333,0,214,0,229,-13,224,13" /><INIT seed="6,0,0,4,5,20" ten="333,214,216,237" oya="2" hai0="72,64,28,55,97,19,94,45,35,18,25,100,106" hai1="124,135,29,87,118,53,27,130,78,127,80,9,105" hai2="49,7,99,128,38,10,117,116,47,81,119,8,125" hai3="6,66,17,62,48,104,11,46,93,96,68,26,121"/><V134/><F134/><W101/><G121/><T51/><D72/><U14/><E105/><V84/><F125/><N who="1" m="48201" /><E53/><V37/><F128/><W60/><G60/><T58/><D106/><U79/><E118/><V2/><F99/><W75/><G75/><T31/><D31/><U90/><E135/><V77/><REACH who="2" step="1"/><F10/><REACH who="2" ten="333,214,206,237" step="2"/><W91/><G11/><T54/><D64/><U112/><E130/><V133/><F133/><W82/><G66/><T23/><D35/><N who="1" m="20927" /><E112/><V3/><F3/><W34/><G34/><T111/><D111/><U74/><E74/><V24/><F24/><W52/><G26/><T33/><D33/><U92/><E92/><V98/><F98/><W69/><G104/><T44/><D97/><U4/><AGARI ba="0,1" hai="4,9,14,78,79,80,87,90" m="20927,48201" machi="4" ten="30,2000,0" yaku="18,1,52,1" doraHai="20" who="1" fromWho="1" sc="333,-5,214,30,206,-10,237,-5" /><INIT seed="7,0,0,2,3,134" ten="328,244,196,232" oya="3" hai0="131,3,100,64,4,41,123,82,44,72,92,61,53" hai1="107,108,19,68,2,87,89,101,113,55,77,88,75" hai2="63,98,7,114,54,69,18,128,32,46,11,78,71" hai3="65,94,37,133,30,28,17,50,51,103,12,62,80"/><W24/><G37/><T38/><D53/><U109/><E89/><V90/><F32/><W84/><G133/><T96/><D4/><U124/><E124/><V127/><F127/><W106/><G106/><T112/><D82/><U5/><E19/><V45/><F114/><W27/><G103/><T74/><D44/><U20/><E20/><V13/><F128/><W70/><G94/><T56/><D96/><N who="1" m="61863" /><E55/><V105/><F78/><W130/><G130/><T111/><D41/><U48/><E48/><V95/><F105/><W115/><G115/><T57/><D92/><N who="1" m="54303" /><E68/><V97/><F97/><W8/><G27/><T42/><D72/><U66/><E66/><V121/><F121/><W67/><G67/><T34/><D57/><U132/><E113/><V119/><F119/><W81/><G30/><T21/><D56/><U29/><E29/><V35/><F35/><W83/><REACH who="3" step="1"/><G84/><REACH who="3" ten="328,244,196,222" step="2"/><T33/><D131/><U14/><E132/><V118/><F118/><W91/><G91/><T135/><D135/><U76/><E75/><V47/><F63/><W86/><G86/><T110/><D61/><U9/><E108/><V31/><F31/><W36/><G36/><T25/><D38/><U15/><E109/><V116/><F116/><W59/><G59/><T73/><D110/><U1/><E77/><V104/><F104/><W23/><AGARI ba="0,1" hai="8,12,17,23,24,28,50,51,62,65,70,80,81,83" machi="23" ten="30,6000,0" yaku="1,1,0,1,53,1" doraHai="134" doraHaiUra="22" who="3" fromWho="3" sc="328,-20,244,-20,196,-20,222,70" /><INIT seed="7,1,0,2,3,53" ten="308,224,176,292" oya="3" hai0="82,55,11,126,92,124,7,116,102,22,94,135,88" hai1="71,18,27,38,127,15,120,66,104,39,74,1,75" hai2="121,12,41,105,61,62,69,129,89,9,128,73,0" hai3="28,118,108,93,54,97,5,77,81,125,36,70,51"/><W133/><G118/><T91/><D135/><U80/><E15/><V123/><F105/><W85/><G70/><T4/><D4/><U8/><E18/><V117/><F73/><W26/><G36/><T134/><D55/><U63/><E27/><V100/><F100/><W60/><G133/><T132/><D22/><U72/><E80/><V79/><F79/><W37/><G37/><T6/><D82/><U64/><E64/><V109/><F109/><W30/><G125/><N who="0" m="48235" /><D6/><N who="1" m="1103" /><E127/><V46/><F0/><W110/><G60/><T111/><D111/><N who="3" m="42537" /><G5/><T17/><D17/><U42/><E120/><N who="2" m="46155" /><F117/><W25/><G30/><T34/><D7/><U19/><E19/><N who="2" m="8591" /><F89/><N who="3" m="55471" /><G28/><T29/><D29/><U49/><E74/><V122/><N who="2" m="46163" /><V114/><DORA hai="131" /><F114/><W115/><G115/><T56/><D116/><U95/><E75/><V40/><F69/><W10/><G10/><T20/><D11/><U68/><E72/><V113/><F113/><W57/><AGARI ba="1,0" hai="25,26,51,54,57,77,81,85" m="55471,42537" machi="57" ten="30,3000,0" yaku="10,1,52,1" doraHai="53,131" who="3" fromWho="3" sc="308,-11,224,-11,176,-11,292,33" owari="297,10.0,213,-19.0,165,-33.0,325,42.0" /></mjloggm>