<mjloggm ver="2.3"><GO type="97" lobby="0"/><UN n0="%E3%83%AA%E3%82%B5%E3%81%95%E3%81%BE" n1="%6E%61%72%61%6E%61%72%61" n2="%E5%B0%B1%E6%B4%BB%E7%94%9F%40%E5%B7%9D%E6%9D%91%E8%BB%8D%E5%9B%A3" n3="%67%61%63%68%61%30%30" dan="15,14,14,14" rate="1938.56,1924.40,1917.10,1865.57" sx="M,M,M,M"/><TAIKYOKU oya="0"/><INIT seed="0,0,0,2,4,8" ten="250,250,250,250" oya="0" hai0="113,40,19,71,65,80,115,63,126,83,13,101,108" hai1="100,50,32,33,74,25,51,90,15,116,1,22,111" hai2="9,0,86,17,45,10,112,14,92,61,34,120,2" hai3="72,78,84,104,38,76,129,7,30,133,12,58,124"/><T20/><D126/><U97/><E74/><V54/><F120/><W31/><G38/><T37/><D101/><U18/><E116/><V11/><F34/><W4/><G104/><T55/><D108/><U96/><E111/><V43/><F112/><W64/><G124/><T35/><D35/><U39/><E39/><V47/><F2/><W57/><G72/><T81/><D37/><U68/><E33/><V89/><F0/><W41/><G129/><T91/><D40/><U59/><E96/><V118/><F118/><W131/><G131/><T98/><REACH who="0" step="1"/><D55/><REACH who="0" ten="240,250,250,250" step="2"/><U102/><E102/><V46/><F43/><W122/><G41/><T28/><D28/><U48/><E68/><V99/><F99/><W5/><G30/><T79/><D79/><U36/><E36/><V73/><F73/><W26/><G31/><T135/><D135/><U56/><E32/><V66/><REACH who="2" step="1"/><F54/><REACH who="2" ten="240,250,240,250" step="2"/><W114/><G114/><T128/><D128/><U107/><E1/><V121/><F121/><W3/><G122/><T21/><D21/><U130/><E130/><V62/><F62/><W42/><G3/><T127/><D127/><U103/><E103/><V125/><F125/><W82/><G42/><T16/><D16/><U69/><E69/><AGARI ba="0,2" hai="9,10,11,14,17,45,46,47,61,66,69,86,89,92" machi="69" ten="40,2600,0" yaku="1,1,52,1,53,0" doraHai="8" doraHaiUra="110" who="2" fromWho="1" sc="240,0,250,-26,240,46,250,0" /><INIT seed="1,0,0,4,4,99" ten="240,224,286,250" oya="1" hai0="49,56,17,30,106,42,118,120,47,126,135,79,46" hai1="81,110,115,92,55,98,4,103,32,36,133,7,44" hai2="3,76,59,122,48,57,54,23,71,9,127,111,94" hai3="121,84,77,58,52,85,1,21,60,0,86,61,134"/><U15/><E32/><V109/><F71/><W82/><G121/><T93/><D118/><U10/><E115/><V12/><F122/><W11/><G134/><T31/><D106/><U97/><E133/><V69/><F69/><W117/><G117/><T132/><D126/><U39/><E7/><V129/><F129/><W75/><G21/><T40/><D79/><U100/><E81/><V104/><F104/><W33/><G33/><T119/><D120/><U89/><E110/><N who="2" m="41995" /><F127/><W20/><G20/><T5/><D56/><U28/><E28/><V8/><F76/><W6/><REACH who="3" step="1"/><G60/><REACH who="3" ten="240,224,286,240" step="2"/><T78/><D135/><U64/><E64/><V131/><F23/><W114/><G114/><T43/><D119/><U66/><E66/><V13/><F8/><W87/><N who="3" m="22016" /><DORA hai="105" /><W73/><G73/><T18/><D78/><U67/><E67/><V24/><F9/><W45/><G45/><T62/><D47/><U128/><E128/><V50/><F131/><W37/><G37/><T68/><D68/><U90/><E55/><V80/><F50/><W102/><G102/><T88/><D132/><U29/><E29/><V108/><F48/><W91/><G91/><T41/><D62/><U25/><E25/><V130/><F108/><W70/><G70/><T113/><D113/><U51/><E51/><V124/><F130/><W34/><G34/><T2/><D5/><U96/><E44/><V65/><F65/><W26/><G26/><T53/><N who="0" m="10752" /><DORA hai="72" /><T16/><D2/><AGARI ba="0,1" hai="0,1,2,6,11,52,58,61,75,77,82" m="22016" machi="2" ten="50,24000,4" yaku="1,1,52,2,54,1,53,7" doraHai="99,105,72" doraHaiUra="35,125,83" who="3" fromWho="0" sc="240,-240,224,0,286,0,240,250" /><INIT seed="2,0,0,2,1,115" ten="0,224,286,490" oya="2" hai0="41,24,9,103,84,56,47,75,31,37,125,61,19" hai1="21,78,100,70,18,114,60,106,76,49,133,44,59" hai2="105,134,0,132,116,77,6,13,3,81,96,71,121" hai3="74,95,135,15,82,89,52,80,104,8,42,34,126"/><V107/><BYE who="0" /><F116/><UN n0="%E3%83%AA%E3%82%B5%E3%81%95%E3%81%BE" /><W30/><BYE who="0" /><G104/><T93/><D93/><U7/><E70/><UN n0="%E3%83%AA%E3%82%B5%E3%81%95%E3%81%BE" /><V54/><BYE who="0" /><F121/><UN n0="%E3%83%AA%E3%82%B5%E3%81%95%E3%81%BE" /><W120/><BYE who="0" /><G120/><T25/><D25/><U88/><E114/><V32/><F32/><W66/><G66/><T50/><D50/><U62/><E106/><V65/><F65/><W51/><G42/><T108/><D108/><U57/><E100/><V35/><F71/><W111/><G111/><T53/><D53/><U130/><E7/><V28/><F28/><W20/><G34/><T26/><D26/><U22/><E130/><V38/><F35/><W122/><G122/><T72/><D72/><U110/><E110/><V1/><F38/><W16/><G74/><T46/><D46/><U101/><E101/><V112/><F112/><W124/><G135/><T23/><D23/><U129/><E129/><V128/><F128/><W43/><G43/><T39/><D39/><U36/><E36/><V17/><F6/><N who="3" m="3479" /><G126/><T55/><D55/><U113/><E133/><N who="2" m="51307" /><F54/><W12/><G124/><T98/><D98/><U90/><E113/><V91/><F91/><W63/><G30/><T73/><D73/><U102/><E102/><V131/><F96/><N who="3" m="57455" /><G63/><T109/><D109/><U5/><E5/><V99/><F99/><W58/><AGARI ba="0,0" hai="12,16,20,51,52,58,80,82" m="57455,3479" machi="58" ten="30,4000,0" yaku="8,1,54,2" doraHai="115" who="3" fromWho="3" sc="0,-10,224,-10,286,-20,490,40" owari="-10,-51.0,214,-19.0,266,7.0,530,63.0" /></mjloggm>