<mjloggm ver="2.3"><GO type="169" lobby="0"/><UN n0="%74%6E%66%73%68%32%30%34" n1="%58%E7%8C%AB" n2="%E3%82%A6%E3%83%AB%E3%83%88%E3%83%A9%E7%AB%8B%E7%9B%B4" n3="%E3%83%88%E3%82%B7%E3%83%95%E3%83%BC%E3%83%8B" dan="17,16,17,17" rate="2154.62,2034.85,2151.93,2195.74" sx="M,M,M,M"/><TAIKYOKU oya="0"/><INIT seed="0,0,0,1,5,18" ten="250,250,250,250" oya="0" hai0="33,83,62,60,75,50,82,32,79,68,53,47,100" hai1="96,63,92,66,42,105,48,58,90,112,38,94,12" hai2="4,16,67,126,128,19,89,59,70,97,99,107,127" hai3="74,135,98,30,31,11,27,130,115,49,2,25,86"/><T125/><D125/><N who="2" m="47626" /><F70/><W116/><G74/><T65/><D100/><U34/><E34/><V15/><F128/><W113/><G86/><T120/><D120/><U108/><E108/><V64/><F107/><W106/><G49/><T61/><D62/><U69/><E112/><N who="3" m="43082" /><G98/><N who="2" m="37385" /><F89/><W9/><G106/><T104/><D104/><U22/><E105/><V85/><F85/><W29/><G130/><T44/><D61/><U46/><E94/><V13/><F4/><N who="3" m="1175" /><G116/><T80/><D80/><U52/><E12/><N who="2" m="4683" /><F59/><W123/><G11/><T78/><REACH who="0" step="1"/><D47/><REACH who="0" ten="240,250,250,250" step="2"/><U23/><AGARI ba="0,1" hai="22,23,38,42,46,48,52,58,63,66,69,90,92,96" machi="23" ten="30,12000,2" yaku="0,1,24,2,52,2,54,1" doraHai="18" who="1" fromWho="1" sc="240,-60,250,130,250,-30,250,-30" /><INIT seed="1,0,0,3,5,131" ten="180,380,220,220" oya="1" hai0="53,120,65,37,90,8,50,30,75,99,14,101,125" hai1="134,100,18,20,73,93,49,34,70,112,110,81,96" hai2="87,27,41,7,28,35,79,114,118,23,83,44,3" hai3="66,127,40,124,0,33,88,59,5,15,26,46,11"/><U38/><E112/><V56/><F118/><W119/><G119/><T58/><D75/><U74/><E38/><V22/><F114/><W92/><G0/><T16/><D37/><U106/><E34/><V104/><F104/><W105/><G105/><T84/><D120/><U9/><E9/><V71/><F71/><W13/><G13/><T94/><D125/><U6/><E6/><V133/><F56/><W4/><G4/><T135/><D135/><U63/><E134/><V31/><F133/><W39/><G66/><T98/><D30/><U77/><E110/><V86/><F28/><W32/><G59/><T128/><D128/><U45/><E63/><V113/><F113/><W121/><G121/><T25/><D25/><U69/><E74/><V102/><F102/><W57/><G57/><T60/><REACH who="0" step="1"/><D101/><REACH who="0" ten="170,380,220,220" step="2"/><U89/><E100/><V10/><F87/><N who="3" m="52255" /><G26/><T91/><D91/><U115/><E115/><V17/><F17/><W132/><G132/><T126/><D126/><AGARI ba="0,1" hai="5,11,15,32,33,39,40,46,124,126,127" m="52255" machi="126" ten="30,2000,0" yaku="18,1,54,1" doraHai="131" who="3" fromWho="0" sc="170,-20,380,0,220,0,220,30" /><INIT seed="2,0,0,2,1,122" ten="150,380,220,250" oya="2" hai0="64,53,26,130,31,38,121,51,3,71,126,30,92" hai1="115,46,61,15,79,47,73,131,128,0,129,50,91" hai2="117,95,88,56,17,48,85,118,14,67,119,104,74" hai3="23,44,120,43,123,116,58,86,36,49,66,78,55"/><V106/><F74/><W25/><G116/><T105/><D121/><U11/><E115/><V34/><F34/><W124/><G124/><T19/><D105/><U112/><E112/><V33/><F33/><W87/><G87/><T134/><D3/><U102/><E0/><V82/><F82/><W7/><G7/><T12/><D38/><U113/><E113/><V5/><F5/><W70/><G86/><T54/><D126/><U114/><E114/><V94/><F94/><W63/><REACH who="3" step="1"/><G78/><REACH who="3" ten="150,380,220,240" step="2"/><T75/><D75/><U100/><E79/><V60/><REACH who="2" step="1"/><F48/><REACH who="2" ten="150,380,210,240" step="2"/><W28/><AGARI ba="0,2" hai="23,25,28,36,43,44,49,55,58,63,66,70,120,123" machi="28" ten="20,12000,2" yaku="1,1,2,1,0,1,7,1,24,2,53,1" doraHai="122" doraHaiUra="59" who="3" fromWho="3" sc="150,-30,380,-30,210,-60,240,140" /><INIT seed="3,0,0,4,4,40" ten="120,350,150,380" oya="3" hai0="53,46,47,76,102,69,110,109,81,90,10,19,78" hai1="103,58,24,25,50,22,65,133,118,131,130,56,30" hai2="5,60,122,120,57,37,34,100,68,96,48,94,99" hai3="83,12,16,113,134,2,115,7,17,20,62,13,95"/><W129/><G129/><T82/><D69/><U67/><E103/><V108/><F37/><W71/><G134/><T127/><D127/><U86/><E133/><V44/><F68/><W4/><G95/><T101/><D90/><U98/><E98/><V29/><F5/><W14/><G83/><N who="0" m="31755" /><D53/><N who="1" m="31799" /><E86/><V89/><F108/><N who="0" m="41578" /><D10/><U128/><E58/><V38/><F38/><W36/><G36/><T26/><D26/><U61/><E61/><V92/><F60/><W97/><G97/><T75/><D19/><N who="1" m="12383" /><E118/><V74/><F57/><W6/><G2/><T11/><D11/><U52/><E52/><V45/><F74/><W119/><G119/><T111/><N who="0" m="41586" /><T64/><DORA hai="1" /><D64/><U18/><E18/><V55/><F29/><W125/><G125/><T87/><D75/><U59/><E59/><N who="2" m="33255" /><F34/><AGARI ba="0,0" hai="25,30,34,65,67,128,130,131" m="12383,31799" machi="34" ten="30,1000,0" yaku="19,1" doraHai="40,1" who="1" fromWho="2" sc="120,0,350,10,150,-10,380,0" /><INIT seed="4,0,0,2,2,35" ten="120,360,140,380" oya="0" hai0="61,98,51,77,134,90,7,93,36,84,30,50,59" hai1="133,105,103,29,28,126,88,37,85,62,78,129,38" hai2="55,120,26,21,100,131,91,4,89,58,34,132,43" hai3="45,113,54,114,94,10,46,9,19,2,32,79,115"/><T83/><D134/><U27/><E133/><V82/><F132/><W135/><G32/><T47/><D30/><U48/><E78/><V108/><F108/><W125/><G135/><T39/><D7/><U99/><E126/><V63/><F120/><W14/><G125/><T118/><D118/><U117/><E117/><V6/><F131/><W11/><G79/><T40/><REACH who="0" step="1"/><D36/><REACH who="0" ten="110,360,140,380" step="2"/><U86/><E129/><V44/><F34/><W112/><G112/><T52/><AGARI ba="0,1" hai="39,40,47,50,51,52,59,61,77,83,84,90,93,98" machi="52" ten="20,12000,1" yaku="1,1,2,1,0,1,7,1,54,1,53,0" doraHai="35" doraHaiUra="65" who="0" fromWho="0" sc="110,130,360,-40,140,-40,380,-40" /><BYE who="2" /><INIT seed="4,1,0,2,0,106" ten="240,320,100,340" oya="0" hai0="120,12,135,19,17,84,23,123,112,64,11,43,2" hai1="82,124,94,110,7,44,0,113,45,68,78,86,34" hai2="88,118,95,127,76,47,99,52,126,10,55,61,16" hai3="1,24,66,36,72,46,100,96,98,37,116,60,93"/><T32/><D135/><UN n2="%E3%82%A6%E3%83%AB%E3%83%88%E3%83%A9%E7%AB%8B%E7%9B%B4" /><U26/><E110/><V111/><F118/><W73/><G116/><T59/><D112/><U57/><E68/><V71/><F111/><W3/><G24/><T53/><D32/><U130/><E130/><V4/><F4/><W67/><G46/><T69/><D43/><U62/><E124/><N who="2" m="47659" /><F76/><W89/><G89/><T42/><D42/><U13/><E0/><N who="3" m="74" /><G93/><T9/><D84/><U121/><E113/><V91/><F91/><W79/><G79/><T125/><D125/><U63/><E121/><V132/><F132/><W108/><G108/><T105/><D105/><U14/><E63/><V50/><F71/><N who="3" m="42439" /><G67/><T31/><D31/><U40/><E45/><V134/><F134/><W22/><G22/><T56/><D69/><U70/><E94/><V30/><F30/><W128/><G128/><T80/><D64/><U21/><E34/><V5/><F5/><W20/><G20/><T39/><D23/><U51/><E70/><V49/><F61/><W27/><G27/><T109/><D109/><U92/><E7/><V102/><F102/><W115/><G115/><T41/><D2/><U119/><E119/><V28/><F28/><W75/><G100/><T104/><D104/><U117/><E117/><V54/><F47/><W83/><G83/><T87/><D123/><U25/><E92/><V8/><F8/><W85/><G85/><T35/><D120/><U122/><E122/><V58/><F58/><W74/><N who="3" m="18944" /><DORA hai="65" /><W33/><G33/><T48/><D35/><U6/><E21/><V90/><F90/><W101/><G101/><T18/><D9/><RYUUKYOKU ba="1,0" sc="240,-15,320,-15,100,15,340,15" hai2="10,16,49,50,52,54,55,88,95,99" hai3="36,37,96,98" /><INIT seed="5,2,0,5,4,31" ten="225,305,115,355" oya="1" hai0="36,122,30,83,47,82,121,103,53,133,6,3,19" hai1="106,135,131,16,7,28,130,107,126,12,62,74,76" hai2="93,87,114,67,129,51,22,132,111,102,86,49,65" hai3="60,99,15,42,44,96,9,71,18,90,33,46,57"/><U37/><E7/><V13/><F111/><W101/><G71/><T85/><D133/><U98/><E37/><V63/><F132/><W79/><G33/><T26/><D19/><U84/><E74/><V80/><F129/><N who="1" m="49161" /><E135/><V100/><F114/><W75/><G75/><T20/><D103/><U119/><E119/><V77/><F93/><N who="3" m="58511" /><G79/><T66/><D66/><U91/><E126/><V120/><F120/><N who="0" m="46186" /><D85/><U112/><E112/><V117/><F117/><W70/><G70/><T68/><D68/><U58/><E28/><V32/><F32/><W110/><G110/><T69/><D69/><U59/><E76/><V17/><F87/><W34/><G34/><T41/><D53/><N who="1" m="34127" /><E59/><V25/><F67/><N who="3" m="39311" /><G42/><T39/><D39/><U2/><E2/><V73/><F73/><W52/><G52/><T72/><D72/><U61/><E61/><V123/><F123/><W89/><G99/><T97/><D97/><U78/><E78/><V104/><F104/><W127/><G127/><T88/><D88/><AGARI ba="2,0" hai="9,15,18,44,46,88,89,90" m="39311,58511" machi="88" ten="30,2000,0" yaku="8,1,54,1" doraHai="31" who="3" fromWho="0" sc="225,-26,305,0,115,0,355,26" /><INIT seed="6,0,0,2,5,86" ten="199,305,115,381" oya="2" hai0="19,52,13,119,11,134,15,112,23,4,118,45,88" hai1="26,30,125,90,8,69,9,51,123,129,49,120,20" hai2="103,68,34,121,27,94,41,73,135,40,132,74,99" hai3="50,85,55,77,5,66,89,109,84,24,38,58,35"/><V79/><F68/><W108/><G38/><T64/><D134/><N who="2" m="51242" /><F121/><N who="1" m="46665" /><E125/><V127/><F127/><W53/><G5/><T16/><D64/><U104/><E104/><V87/><F87/><W113/><G113/><T42/><D112/><U75/><E75/><N who="2" m="28683" /><F79/><W114/><G114/><T67/><D67/><U115/><E115/><V70/><F70/><W133/><G66/><T71/><D71/><U60/><E60/><V36/><F36/><W1/><G133/><T80/><D4/><U95/><E129/><V101/><F101/><W65/><G65/><T32/><D32/><U43/><E69/><V98/><F98/><W54/><G77/><T106/><D106/><U83/><E83/><V81/><F81/><W100/><G100/><T72/><D72/><U47/><E51/><V105/><F105/><W37/><G37/><T97/><D42/><U131/><E131/><V22/><F34/><W7/><G35/><T46/><D97/><AGARI ba="0,0" hai="8,9,20,26,30,43,47,49,90,95,97" m="46665" machi="97" ten="30,2000,0" yaku="13,1,52,1" doraHai="86" who="1" fromWho="0" sc="199,-20,305,20,115,0,381,0" /><INIT seed="7,0,0,3,1,77" ten="179,325,115,381" oya="3" hai0="96,6,89,20,12,56,126,132,103,108,54,107,68" hai1="57,72,130,46,53,111,9,86,94,71,10,35,14" hai2="0,128,121,39,44,52,87,11,118,119,62,129,23" hai3="45,97,66,22,92,75,102,37,41,13,93,1,120"/><W106/><G120/><T18/><D108/><U60/><E111/><V76/><F0/><W88/><G1/><T49/><D126/><U15/><E72/><V26/><F11/><W105/><G66/><T100/><D132/><U127/><E35/><V109/><F109/><W69/><G69/><T123/><D123/><U19/><E130/><V50/><F121/><W79/><G79/><T113/><D68/><U40/><E71/><V48/><F23/><W5/><G75/><T34/><D34/><U74/><E74/><V73/><F26/><W28/><G28/><T112/><D6/><U59/><E127/><V43/><F87/><W115/><G115/><N who="0" m="44107" /><D100/><U33/><E33/><V133/><F76/><W29/><G5/><T82/><D89/><U65/><E94/><V131/><F73/><W80/><G93/><T61/><D61/><U101/><E101/><V16/><F16/><W91/><G91/><T125/><D125/><U31/><E31/><V116/><F133/><W27/><G13/><T85/><D85/><U114/><E86/><V78/><F78/><W2/><G102/><T117/><D117/><U104/><E104/><V84/><F84/><W135/><G106/><T36/><D36/><U38/><E114/><V122/><F122/><W98/><G105/><T4/><D4/><U55/><REACH who="1" step="1"/><E59/><AGARI ba="0,0" hai="39,43,44,48,50,52,59,62,116,118,119,128,129,131" machi="59" ten="50,8000,1" yaku="19,1,34,3,54,1" doraHai="77" who="2" fromWho="1" sc="179,0,325,-80,115,80,381,0" owari="179,-32.0,245,5.0,195,-20.0,381,47.0" /></mjloggm>