<mjloggm ver="2.3"><GO type="169" lobby="0"/><UN n0="%74%61%6E%69%6D%6F%40" n1="%E3%82%B5%E3%83%9C" n2="%6B%69%79%6F%6E%61%72%69" n3="%E3%82%A6%E3%83%AB%E3%83%88%E3%83%A9%E7%AB%8B%E7%9B%B4" dan="16,16,16,17" rate="2098.72,2111.30,2078.15,2189.51" sx="M,M,M,M"/><TAIKYOKU oya="0"/><INIT seed="0,0,0,1,5,79" ten="250,250,250,250" oya="0" hai0="93,53,65,133,2,86,28,9,124,23,73,19,1" hai1="35,88,41,59,98,92,113,18,45,67,100,37,97" hai2="31,6,115,101,76,99,3,78,81,66,120,75,50" hai3="135,8,48,29,96,5,125,69,89,119,127,77,61"/><T110/><D73/><U34/><E113/><V128/><F115/><W42/><G119/><T60/><D133/><U30/><E30/><V33/><F120/><W123/><G135/><T32/><D53/><U7/><E7/><V118/><F118/><W16/><G123/><T15/><D124/><N who="3" m="47689" /><G29/><T111/><D32/><U72/><E72/><V130/><F66/><N who="3" m="41167" /><G77/><T39/><D39/><U95/><REACH who="1" step="1"/><E18/><REACH who="1" ten="250,240,250,250" step="2"/><V26/><F75/><W11/><G16/><N who="0" m="8303" /><D28/><U114/><E114/><V20/><F6/><W84/><G5/><T38/><D38/><U68/><E68/><V134/><F134/><W54/><G42/><T51/><D19/><U49/><E49/><V13/><F50/><W106/><G48/><T25/><D51/><U70/><E70/><V126/><F31/><W44/><G44/><T102/><D2/><U43/><E43/><V80/><F3/><W4/><G4/><T47/><D1/><U22/><E22/><V122/><F126/><W91/><G8/><T64/><D47/><U85/><E85/><V103/><F122/><W94/><G11/><T71/><D86/><U27/><E27/><V108/><F20/><W21/><G21/><T131/><D23/><U36/><E36/><V12/><F26/><W117/><G117/><T10/><D25/><U74/><E74/><V112/><F112/><W46/><G46/><T57/><D10/><U24/><E24/><V82/><F33/><W62/><G84/><T14/><D14/><N who="2" m="5738" /><F99/><W63/><G96/><N who="0" m="59663" /><D131/><N who="2" m="50218" /><F108/><N who="0" m="41514" /><D71/><U56/><E56/><V121/><F121/><W0/><G0/><T52/><AGARI ba="0,1" hai="52,57,60,64,65" m="41514,59663,8303" machi="52" ten="30,11700,0" yaku="14,1,10,1,54,2" doraHai="79" who="0" fromWho="0" sc="250,127,240,-39,250,-39,250,-39" /><INIT seed="0,1,0,3,5,70" ten="377,201,211,211" oya="0" hai0="124,79,62,64,63,74,75,45,103,67,95,46,49" hai1="105,41,38,101,57,91,21,122,16,6,47,83,96" hai2="116,133,71,23,54,1,53,72,10,84,32,26,117" hai3="40,48,81,93,61,78,114,20,102,80,90,24,123"/><T68/><D124/><U92/><E122/><V107/><F72/><W121/><G114/><T25/><D79/><U36/><E6/><N who="2" m="1359" /><F32/><W13/><G13/><T108/><D25/><U14/><E57/><V17/><F133/><W130/><G102/><T109/><D95/><U2/><E83/><V66/><F107/><W112/><G112/><T98/><D75/><U18/><E18/><V132/><F84/><W51/><G61/><T73/><D73/><U86/><REACH who="1" step="1"/><E2/><REACH who="1" ten="377,191,211,211" step="2"/><V15/><F132/><W94/><G81/><T88/><D74/><U77/><E77/><V58/><F58/><W39/><G80/><T52/><D45/><U50/><AGARI ba="1,1" hai="14,16,21,36,38,41,47,50,86,91,92,96,101,105" machi="50" ten="20,16000,3" yaku="1,1,0,1,7,1,52,2,54,1,53,2" doraHai="70" doraHaiUra="69" who="1" fromWho="1" sc="377,-81,191,173,211,-41,211,-41" /><INIT seed="1,0,0,5,2,37" ten="296,364,170,170" oya="1" hai0="101,60,6,1,70,110,89,49,43,66,20,102,125" hai1="121,94,128,126,51,130,86,29,135,118,56,90,19" hai2="100,0,129,104,41,48,114,112,62,75,77,91,83" hai3="33,113,61,117,38,134,34,111,22,73,71,64,105"/><U39/><E39/><V103/><F0/><W21/><G61/><T133/><D110/><U28/><E118/><V95/><F62/><W82/><G64/><T23/><D125/><U52/><E121/><V88/><F129/><N who="1" m="49769" /><E135/><V40/><F48/><W84/><G84/><T80/><D133/><U97/><E126/><V53/><F53/><W57/><G82/><T68/><D70/><U96/><E19/><V79/><F79/><W106/><G57/><T65/><D65/><U15/><E15/><V31/><F31/><AGARI ba="0,0" hai="28,29,31,51,52,56,86,90,94,96,97" m="49769" machi="31" ten="30,2900,0" yaku="19,1,54,1" doraHai="37" who="1" fromWho="2" sc="296,0,364,29,170,-29,170,0" /><INIT seed="1,1,0,1,2,130" ten="296,393,141,170" oya="1" hai0="52,46,100,91,95,105,11,14,47,92,84,0,41" hai1="118,59,65,7,37,64,133,112,131,6,16,33,106" hai2="102,49,94,125,62,42,3,36,12,15,81,34,9" hai3="127,68,67,128,38,79,20,66,45,51,57,77,97"/><U53/><E112/><V71/><F34/><W119/><G128/><T126/><D126/><U17/><E118/><V87/><F36/><W90/><G127/><T83/><D0/><U55/><E106/><V19/><F125/><W82/><G119/><T13/><D13/><U107/><E107/><V114/><F3/><W115/><G115/><T50/><D100/><U124/><E37/><V93/><F102/><W89/><G68/><T109/><D109/><U116/><E33/><V23/><F114/><W117/><G38/><T80/><D80/><U1/><E116/><V29/><F29/><W72/><G79/><T44/><D105/><U98/><E131/><V110/><F110/><W76/><G76/><T99/><D41/><U134/><E124/><V75/><F75/><W101/><G117/><T113/><D113/><U26/><E98/><V24/><F62/><W85/><G72/><T18/><REACH who="0" step="1"/><D95/><REACH who="0" ten="286,393,141,170" step="2"/><U60/><E1/><V39/><F15/><W120/><G101/><T32/><D32/><U21/><E7/><V25/><F94/><W58/><G82/><T70/><D70/><U48/><E6/><V30/><F93/><W86/><G77/><T43/><D43/><U27/><E27/><N who="2" m="16767" /><F42/><W56/><G89/><T31/><D31/><U132/><E17/><V61/><F71/><W122/><G90/><T96/><D96/><U74/><E74/><V35/><F35/><W88/><G97/><T4/><D4/><U104/><E104/><V5/><F5/><W22/><G88/><T129/><D129/><U2/><E2/><V69/><F69/><W54/><G86/><RYUUKYOKU ba="1,1" sc="286,15,393,15,141,-15,170,-15" hai0="11,14,18,44,46,47,50,52,83,84,91,92,99" hai1="16,21,26,48,53,55,59,60,64,65,132,133,134" /><INIT seed="1,2,1,3,1,2" ten="301,408,126,155" oya="1" hai0="41,13,20,75,123,10,43,36,70,35,62,29,135" hai1="97,60,27,93,55,19,53,113,59,128,94,111,127" hai2="67,106,66,82,12,39,121,25,126,48,9,107,71" hai3="21,30,17,89,78,134,80,74,105,58,42,118,64"/><U18/><E113/><V38/><F121/><W81/><G105/><T22/><D75/><U31/><E127/><V117/><F117/><W103/><G103/><T65/><D135/><U84/><E128/><V120/><F120/><W54/><G134/><T57/><D123/><U0/><E0/><V47/><F126/><W37/><G118/><T56/><D36/><U69/><E69/><V115/><F115/><W100/><G100/><T76/><D76/><U28/><E111/><V96/><F82/><W114/><G114/><T16/><D35/><U104/><E104/><V133/><F107/><W46/><G30/><T79/><D79/><U129/><E129/><V14/><F25/><W119/><G64/><T7/><D29/><N who="1" m="11339" /><E27/><V110/><F71/><W45/><G119/><T83/><D83/><U1/><E1/><V11/><F106/><W40/><G89/><T77/><D77/><U52/><E84/><V85/><F85/><W125/><G125/><T24/><D70/><U131/><E131/><V72/><F72/><W112/><G112/><T34/><D34/><U87/><E87/><V130/><F110/><W63/><G78/><T90/><D90/><N who="1" m="55479" /><E94/><V6/><F130/><W99/><G99/><T124/><D124/><U5/><E5/><N who="2" m="3119" /><F96/><W8/><G74/><T3/><D3/><U51/><E51/><V32/><F32/><W91/><G81/><T49/><D49/><U92/><E92/><V132/><F132/><W108/><G80/><T116/><D116/><U23/><E23/><V68/><F133/><W102/><G21/><T33/><D22/><U98/><E98/><RYUUKYOKU ba="2,1" sc="301,-10,408,30,126,-10,155,-10" hai1="18,19,52,53,55,59,60" /><INIT seed="1,3,1,1,1,104" ten="291,438,116,145" oya="1" hai0="124,96,48,102,45,28,108,14,3,33,85,74,42" hai1="134,125,107,94,63,73,81,91,27,110,37,75,55" hai2="32,99,29,132,60,54,13,97,82,127,20,0,30" hai3="23,131,26,52,88,24,31,66,49,56,62,83,78"/><U17/><E107/><V64/><F0/><W53/><G131/><T133/><D3/><U130/><E37/><V51/><F32/><W118/><G118/><T35/><D124/><U87/><E130/><V67/><F127/><W69/><G26/><T1/><D1/><U61/><E125/><V2/><F2/><W126/><G126/><T119/><D133/><U128/><E134/><V47/><F132/><W8/><G8/><T111/><D85/><U15/><E128/><V71/><F82/><W120/><G120/><T72/><D14/><U25/><E110/><N who="0" m="42025" /><D119/><U38/><E38/><V43/><F67/><W89/><REACH who="3" step="1"/><G53/><REACH who="3" ten="291,438,116,135" step="2"/><T116/><D116/><U5/><E55/><V113/><F54/><W123/><G123/><T86/><D28/><U101/><E27/><V50/><F30/><W7/><G7/><T22/><D22/><U114/><E25/><V93/><F29/><W100/><G100/><T122/><D122/><U18/><E5/><V57/><F20/><W40/><G40/><T11/><D11/><U39/><E101/><V68/><F113/><W34/><G34/><N who="0" m="12811" /><D86/><AGARI ba="3,2" hai="23,24,31,49,52,56,62,66,69,78,83,86,88,89" machi="86" ten="30,12000,2" yaku="1,1,7,1,54,2,53,2" doraHai="104" doraHaiUra="84" who="3" fromWho="0" sc="291,-129,438,0,116,0,135,149" /><INIT seed="2,0,0,4,0,44" ten="162,438,116,284" oya="2" hai0="71,115,32,52,63,81,35,73,88,9,54,29,51" hai1="18,134,84,30,95,50,22,57,101,48,20,2,83" hai2="10,104,128,116,114,93,74,7,80,131,36,69,86" hai3="122,43,119,129,12,90,38,98,67,34,123,102,37"/><V58/><F114/><W33/><G90/><T125/><D125/><U45/><E2/><V61/><F116/><W113/><G12/><T118/><D115/><U97/><E134/><V3/><F104/><W60/><G129/><N who="2" m="49737" /><F69/><N who="3" m="42215" /><G119/><T53/><D29/><U76/><E30/><V49/><F36/><N who="3" m="13931" /><G43/><T109/><D109/><U110/><E110/><V105/><F105/><N who="3" m="63703" /><G113/><T6/><D118/><U72/><E72/><V124/><F124/><W27/><G27/><T85/><D73/><U96/><E96/><V41/><F74/><W66/><G66/><T75/><D75/><U77/><E77/><N who="2" m="46351" /><F93/><W100/><G100/><T1/><REACH who="0" step="1"/><D51/><REACH who="0" ten="152,438,116,284" step="2"/><N who="1" m="19499" /><E45/><V19/><F49/><W94/><G123/><T31/><D31/><U25/><E57/><V16/><F41/><W121/><G122/><T107/><D107/><U117/><E117/><V78/><F78/><W127/><G121/><T106/><D106/><U8/><E8/><V59/><F58/><W40/><G127/><T120/><D120/><U65/><E65/><AGARI ba="0,1" hai="3,7,10,16,19,59,61,65" m="46351,49737" machi="65" ten="30,2900,0" yaku="19,1,54,1" doraHai="44" who="2" fromWho="1" sc="152,0,438,-29,116,39,284,0" /><AGARI ba="0,0" hai="1,6,9,32,35,52,53,54,63,65,71,81,85,88" machi="65" ten="40,8000,1" yaku="1,1,54,2,53,1" doraHai="44" doraHaiUra="62" who="0" fromWho="1" sc="152,80,409,-80,155,0,284,0" /><INIT seed="2,1,0,1,3,55" ten="232,329,155,284" oya="2" hai0="39,29,8,105,41,12,134,127,49,27,114,88,129" hai1="45,9,73,80,0,120,1,25,15,60,91,63,121" hai2="37,131,128,78,17,16,61,117,35,98,101,109,7" hai3="112,108,64,2,40,46,6,34,13,82,50,119,24"/><V71/><F117/><W87/><G119/><T53/><D105/><U33/><E45/><V77/><F35/><W57/><G108/><T93/><D127/><U96/><E1/><V10/><F37/><W115/><G2/><T90/><D129/><N who="2" m="49738" /><F109/><W3/><G3/><T65/><D65/><U68/><E0/><N who="2" m="359" /><F71/><W54/><G64/><T4/><D134/><U103/><E33/><V135/><F61/><W47/><G24/><T79/><D79/><N who="2" m="30218" /><F135/><W113/><G34/><T132/><D132/><U76/><E68/><V28/><F28/><W48/><G6/><T66/><D39/><U86/><E60/><V32/><F32/><W20/><G113/><T36/><D36/><U52/><E63/><V26/><F26/><W122/><G115/><T30/><D27/><U18/><E25/><V107/><AGARI ba="1,0" hai="16,17,98,101,107" m="30218,359,49738" machi="107" ten="30,3000,0" yaku="19,1,54,1" doraHai="55" who="2" fromWho="2" sc="232,-11,329,-11,155,33,284,-11" /><INIT seed="2,2,0,4,4,45" ten="221,318,188,273" oya="2" hai0="100,52,130,16,42,105,125,104,28,24,74,123,34" hai1="56,1,19,11,46,115,72,78,117,94,17,85,8" hai2="118,119,99,4,103,62,109,77,71,7,26,12,89" hai3="64,76,2,92,54,50,66,18,108,58,55,15,121"/><V69/><F77/><W120/><G2/><T10/><D123/><U61/><E117/><V132/><F89/><W25/><G108/><T27/><D42/><U68/><E115/><V134/><F109/><W126/><G126/><T83/><D130/><U79/><E68/><N who="2" m="26187" /><F62/><W124/><G124/><T67/><D67/><U37/><E1/><V31/><F12/><W14/><G76/><T97/><D125/><U0/><E0/><V111/><F111/><W49/><G25/><T57/><D83/><U47/><E72/><V43/><F43/><W114/><G114/><T39/><D39/><U128/><E128/><V29/><F99/><W75/><G75/><T53/><D74/><U48/><E37/><V101/><F26/><W30/><G92/><T106/><D53/><U70/><E94/><V41/><F41/><W127/><G127/><T23/><D10/><U36/><E11/><V98/><F98/><W84/><G84/><T113/><D113/><U82/><E79/><V73/><F73/><W5/><G58/><T135/><D135/><N who="2" m="51754" /><F119/><W87/><G87/><T20/><D34/><U13/><E70/><V65/><F65/><W35/><G35/><T110/><D110/><U33/><E33/><V107/><F118/><W133/><G133/><T95/><D106/><U60/><E36/><V96/><F103/><W21/><G121/><T129/><D129/><U32/><E32/><V59/><F59/><N who="3" m="33231" /><G120/><T80/><D80/><U22/><E56/><V44/><F44/><N who="3" m="28103" /><G30/><AGARI ba="2,0" hai="4,7,29,30,31,96,101,107" m="51754,26187" machi="30" ten="30,1500,0" yaku="20,1" doraHai="45" who="2" fromWho="3" sc="221,0,318,0,188,21,273,-21" /><INIT seed="2,3,0,3,0,62" ten="221,318,209,252" oya="2" hai0="10,12,124,65,7,40,101,76,98,30,18,67,41" hai1="22,121,16,6,128,95,46,86,42,49,122,8,105" hai2="19,82,108,89,125,63,38,3,61,70,26,132,79" hai3="14,47,36,24,73,34,114,129,15,56,100,2,66"/><V107/><F107/><W133/><G14/><N who="0" m="5471" /><D124/><U25/><E105/><V71/><F3/><W59/><G15/><T28/><D76/><U81/><E128/><V131/><F38/><W64/><G24/><T109/><D109/><U20/><E20/><V96/><F125/><W44/><G100/><T54/><D54/><U85/><E95/><V104/><F131/><W9/><G73/><T33/><D33/><U37/><E37/><V103/><F108/><W94/><G94/><N who="0" m="58583" /><D41/><U57/><E57/><V35/><F89/><W5/><G34/><T90/><D90/><U113/><E113/><V32/><F132/><W102/><G129/><T1/><D40/><U91/><REACH who="1" step="1"/><E86/><REACH who="1" ten="221,308,209,252" step="2"/><V29/><F35/><W93/><G36/><T21/><D1/><AGARI ba="3,1" hai="1,6,8,16,22,25,42,46,49,81,85,91,121,122" machi="1" ten="40,8000,1" yaku="1,1,2,1,54,1,53,1" doraHai="62" doraHaiUra="39" who="1" fromWho="0" sc="221,-89,308,99,209,0,252,0" /><INIT seed="3,0,0,2,1,65" ten="132,407,209,252" oya="3" hai0="97,84,66,56,3,43,23,88,37,127,102,15,59" hai1="39,63,128,126,100,108,117,129,72,68,90,24,89" hai2="2,60,13,19,106,87,130,83,42,22,32,104,0" hai3="9,76,95,132,119,53,40,64,62,91,48,82,131"/><W34/><G119/><T115/><D3/><U103/><E39/><V31/><F130/><N who="1" m="50281" /><E72/><V14/><F42/><W81/><G34/><T111/><D111/><U11/><E108/><V125/><F125/><W1/><G131/><T116/><D116/><U25/><E126/><V93/><F93/><W52/><G132/><T46/><D115/><U79/><E79/><V123/><F31/><W21/><G21/><T10/><D23/><U118/><E11/><V113/><F32/><W44/><G1/><T101/><D127/><U8/><E8/><V6/><F2/><W121/><G9/><T114/><D114/><U109/><E109/><V20/><F0/><W36/><G121/><T35/><D35/><U29/><E29/><V99/><F22/><W78/><G78/><T122/><D122/><U58/><E68/><V54/><F20/><W33/><G33/><T30/><D30/><U86/><E90/><V61/><F19/><W38/><G38/><T12/><D12/><U85/><E85/><V57/><F87/><N who="3" m="52735" /><G76/><T110/><D110/><U51/><E117/><V71/><F14/><W4/><G36/><T50/><D37/><U135/><E135/><V124/><F13/><W27/><G27/><N who="1" m="10314" /><E118/><V107/><F124/><W112/><G112/><T7/><D102/><U120/><E120/><V18/><F113/><W67/><G4/><T94/><REACH who="0" step="1"/><D66/><REACH who="0" ten="122,407,209,252" step="2"/><N who="1" m="39287" /><E103/><V26/><F123/><W96/><G67/><T45/><D45/><U77/><E100/><V80/><F6/><W98/><G64/><T47/><D47/><U75/><E75/><V133/><F133/><W16/><G44/><RYUUKYOKU ba="0,1" sc="122,30,407,-10,209,-10,252,-10" hai0="7,10,15,43,46,50,56,59,84,88,94,97,101" /><INIT seed="4,1,1,3,4,104" ten="152,397,199,242" oya="0" hai0="26,10,91,107,16,134,92,121,89,14,97,99,29" hai1="21,93,122,115,70,118,98,6,108,124,113,63,74" hai2="94,111,42,19,1,38,54,27,57,109,4,9,47" hai3="56,25,32,73,31,8,45,7,103,129,75,11,41"/><T44/><D121/><U128/><E108/><V79/><F79/><W132/><G11/><T17/><D134/><U20/><E118/><V87/><F27/><W119/><G119/><T5/><D44/><U102/><E122/><V95/><F19/><W49/><G132/><T84/><D107/><U116/><E116/><V43/><F43/><W131/><G103/><T106/><D106/><U61/><E6/><V39/><F39/><W110/><G56/><T33/><REACH who="0" step="1"/><D99/><REACH who="0" ten="142,397,199,242" step="2"/><U37/><E98/><V77/><F109/><W112/><G110/><T71/><D71/><U78/><E70/><V18/><F111/><W96/><G96/><T66/><D66/><U22/><E115/><V69/><F69/><W40/><G112/><T105/><D105/><U130/><E113/><V81/><REACH who="2" step="1"/><F18/><REACH who="2" ten="142,397,189,242" step="2"/><W76/><G41/><T0/><D0/><U52/><E37/><V123/><F123/><W85/><G40/><T135/><D135/><U117/><E117/><V35/><F35/><W90/><G32/><T101/><D101/><U3/><E102/><V86/><F86/><W24/><G85/><T80/><AGARI ba="1,3" hai="5,10,14,16,17,26,29,33,80,84,89,91,92,97" machi="80" ten="20,12000,1" yaku="1,1,0,1,7,1,54,1,53,1" doraHai="104" doraHaiUra="28" who="0" fromWho="0" sc="142,153,397,-41,189,-41,242,-41" /><INIT seed="4,2,0,5,5,27" ten="295,356,148,201" oya="0" hai0="131,75,25,132,6,39,121,34,122,42,1,16,59" hai1="109,77,99,8,87,26,12,17,123,134,81,36,67" hai2="54,78,115,98,92,43,45,101,104,93,96,9,106" hai3="62,117,68,58,22,72,80,48,83,15,88,73,66"/><T82/><D131/><U112/><E109/><V20/><F115/><W91/><G117/><T49/><D132/><U70/><E123/><V56/><F78/><W13/><G68/><T23/><D34/><U35/><E36/><V114/><F9/><W126/><G126/><T14/><D1/><U133/><E112/><V79/><F79/><W10/><G73/><T90/><D39/><U71/><E99/><V103/><F20/><W19/><G48/><T102/><D102/><U100/><E100/><V130/><F130/><W37/><G37/><T5/><D75/><U111/><E111/><V113/><F113/><W65/><G65/><T7/><D121/><U28/><E67/><V64/><F64/><W51/><G51/><T127/><D127/><U76/><E77/><V120/><F114/><W53/><G66/><T95/><D82/><N who="3" m="31273" /><G72/><T38/><D38/><U57/><E57/><V0/><F0/><W61/><G61/><T86/><D122/><U108/><E108/><V4/><F4/><AGARI ba="2,0" hai="4,10,13,15,19,22,53,58,62,88,91" m="31273" machi="4" ten="30,2000,0" yaku="8,1,54,1" doraHai="27" who="3" fromWho="2" sc="295,0,356,0,148,-26,201,26" /><INIT seed="5,0,0,3,2,37" ten="295,356,122,227" oya="1" hai0="80,119,34,15,128,85,90,38,5,135,20,42,55" hai1="95,74,77,116,48,64,1,109,133,21,28,31,43" hai2="40,115,57,66,71,26,78,102,13,50,117,105,36" hai3="25,49,99,94,114,33,39,10,53,0,81,126,29"/><U6/><E116/><V27/><F117/><W68/><G39/><T44/><D119/><U76/><E133/><V123/><F123/><W52/><G68/><T72/><D128/><U67/><E109/><V63/><F78/><W30/><G114/><T92/><D34/><U113/><E113/><V88/><F115/><W59/><G126/><T75/><D135/><U65/><E1/><V60/><F13/><W112/><G112/><T51/><D80/><U35/><E35/><V61/><F88/><W125/><G125/><T56/><REACH who="0" step="1"/><D5/><REACH who="0" ten="285,356,122,227" step="2"/><U134/><E134/><V91/><F61/><W12/><G81/><T96/><D96/><U120/><E6/><V58/><F63/><W62/><G33/><T73/><D73/><U83/><E83/><V7/><F7/><W9/><G99/><T131/><D131/><U47/><E74/><V118/><F118/><W86/><G62/><T14/><D14/><U23/><E120/><V17/><F27/><W22/><G12/><T19/><AGARI ba="0,1" hai="15,19,20,38,42,44,51,55,56,72,75,85,90,92" machi="19" ten="30,8000,1" yaku="1,1,0,1,25,2,52,1,53,0" doraHai="37" doraHaiUra="4" who="0" fromWho="0" sc="285,90,356,-40,122,-20,227,-20" /><INIT seed="6,0,0,5,4,43" ten="375,316,102,207" oya="2" hai0="48,124,90,75,60,10,9,19,63,134,116,31,120" hai1="62,70,112,107,56,24,25,114,49,14,12,34,66" hai2="68,133,27,39,16,119,53,20,93,5,67,46,55" hai3="103,78,58,76,35,8,94,45,54,135,80,40,38"/><V123/><F119/><W26/><G135/><T117/><D124/><U97/><E107/><V85/><F123/><W23/><G35/><T21/><D75/><U95/><E56/><V4/><F133/><W82/><G8/><T110/><D120/><U86/><E86/><V109/><F109/><W71/><G71/><T121/><D121/><U89/><E49/><N who="2" m="28855" /><F39/><W22/><G103/><T41/><D31/><U92/><E92/><V113/><F68/><W7/><G7/><T47/><D110/><U57/><E70/><V111/><F111/><W1/><G1/><T73/><D73/><U130/><E130/><V51/><F67/><W79/><G94/><T126/><D126/><U65/><E65/><V74/><F74/><W18/><REACH who="3" step="1"/><G22/><REACH who="3" ten="375,316,102,197" step="2"/><T32/><D32/><U108/><E34/><V2/><F2/><W105/><G105/><T0/><D0/><U87/><E108/><V132/><F132/><W17/><G17/><T131/><D134/><U118/><E118/><V30/><F113/><W122/><G122/><T6/><D6/><U101/><E114/><V127/><F127/><W69/><G69/><T115/><D115/><U37/><E112/><V13/><F93/><W83/><G83/><T88/><D117/><U106/><E106/><V59/><F85/><W15/><G15/><N who="1" m="5674" /><E101/><V3/><F3/><W99/><G99/><T52/><D116/><U36/><E97/><V129/><F129/><W29/><G29/><T102/><D102/><U100/><E100/><V104/><F104/><W33/><G33/><T98/><D131/><U128/><E128/><V72/><F72/><RYUUKYOKU ba="0,1" sc="375,-30,316,10,102,10,197,10" hai1="24,25,36,37,57,62,66,87,89,95" hai2="4,5,13,16,20,27,30,51,55,59" hai3="18,23,26,38,40,45,54,58,76,78,79,80,82" /><INIT seed="6,1,1,2,4,105" ten="345,326,112,207" oya="2" hai0="126,94,38,24,30,106,110,4,66,32,9,18,70" hai1="6,27,8,100,20,2,129,57,34,33,125,26,92" hai2="16,44,107,90,28,96,83,116,10,109,11,65,1" hai3="36,98,5,47,120,130,76,88,122,135,58,108,52"/><V39/><F116/><W69/><G108/><T72/><D94/><U99/><E125/><V123/><F123/><W103/><G5/><T85/><D85/><U80/><E129/><V54/><F28/><W3/><G69/><T119/><D18/><U111/><E111/><V134/><F109/><W25/><G3/><T61/><D110/><U115/><E115/><V40/><F65/><W7/><G7/><T117/><D126/><U62/><E80/><V131/><F131/><W13/><G13/><T48/><D48/><U87/><E87/><V112/><F112/><W79/><G36/><T23/><D23/><U81/><E81/><V133/><F54/><W45/><G135/><N who="2" m="51721" /><F16/><W41/><G130/><T77/><D106/><U89/><E100/><N who="2" m="62855" /><F83/><W50/><G122/><T49/><D38/><U124/><E124/><V64/><F64/><W102/><G120/><T78/><D117/><U22/><E34/><V35/><F90/><W55/><G25/><T95/><D119/><U84/><E33/><V101/><F101/><N who="3" m="38411" /><G55/><T73/><D32/><U29/><E27/><V17/><F35/><W51/><G47/><T60/><D24/><U46/><E46/><V118/><F118/><W37/><G37/><T63/><D66/><N who="1" m="39247" /><E26/><V15/><F1/><W104/><G104/><T127/><D127/><U67/><E67/><V0/><F0/><W59/><G59/><T93/><D70/><U12/><E2/><V31/><F31/><W82/><G82/><T56/><D56/><U113/><E29/><V121/><F121/><W21/><G21/><AGARI ba="1,1" hai="10,11,15,17,21,39,40,44" m="62855,51721" machi="21" ten="30,1500,0" yaku="20,1" doraHai="105" who="2" fromWho="3" sc="345,0,326,0,112,28,207,-18" /><INIT seed="6,2,0,4,1,56" ten="345,326,140,189" oya="2" hai0="52,103,8,107,58,10,90,122,14,130,47,22,15" hai1="44,65,116,61,13,30,82,26,99,114,129,84,69" hai2="121,27,123,92,1,68,53,72,94,124,12,29,63" hai3="102,32,131,120,132,76,106,35,3,79,5,11,113"/><V98/><F1/><W89/><G120/><T88/><D122/><U100/><E116/><V85/><F72/><W34/><G132/><T78/><D78/><U62/><E114/><V83/><F12/><W4/><G113/><T71/><D71/><U77/><E129/><V101/><F94/><W42/><G131/><T60/><D130/><U108/><E108/><V57/><F68/><W45/><G5/><N who="0" m="3343" /><D103/><U73/><E44/><V96/><F96/><N who="3" m="61767" /><G89/><T16/><D107/><U127/><E13/><V115/><F115/><W23/><G79/><T86/><D47/><U135/><E127/><V118/><F124/><W75/><G23/><T91/><D22/><U112/><E112/><V70/><F70/><W7/><G7/><T51/><D51/><U17/><E135/><V64/><F118/><W133/><G133/><T74/><D74/><U110/><E73/><V48/><F48/><W87/><G87/><AGARI ba="2,0" hai="10,15,16,52,58,60,86,87,88,90,91" m="3343" machi="87" ten="30,8000,1" yaku="8,1,52,1,54,3" doraHai="56" who="0" fromWho="3" sc="345,86,326,0,140,0,189,-86" /><INIT seed="7,0,0,4,4,34" ten="431,326,140,103" oya="3" hai0="4,47,90,45,70,22,11,81,85,124,109,79,127" hai1="43,33,102,20,6,62,130,48,19,9,26,55,72" hai2="56,111,78,92,52,106,80,36,133,57,89,30,120" hai3="65,17,75,123,112,50,104,82,60,69,28,21,13"/><W16/><G123/><T83/><D70/><U44/><E72/><V40/><F111/><W24/><G112/><T53/><D22/><U3/><E130/><V101/><F30/><W105/><G17/><T32/><D32/><U99/><E33/><V87/><F120/><W117/><G117/><T66/><D66/><U37/><E62/><V2/><F2/><W54/><G82/><T100/><D100/><U77/><E77/><V107/><F133/><W73/><G75/><T128/><D109/><U27/><E26/><V108/><F108/><W86/><G86/><N who="0" m="48447" /><D53/><U49/><E55/><V98/><F52/><W97/><G73/><T94/><D94/><AGARI ba="0,0" hai="3,6,9,19,20,27,37,43,44,48,49,94,99,102" machi="94" ten="30,2000,0" yaku="7,1,52,1" doraHai="34" who="1" fromWho="0" sc="431,-20,326,20,140,0,103,0" owari="411,51.0,346,15.0,140,-26.0,103,-40.0" /></mjloggm>