<mjloggm ver="2.3"><GO type="97" lobby="0"/><UN n0="%E5%B0%B1%E6%B4%BB%E7%94%9F%40%E5%B7%9D%E6%9D%91%E8%BB%8D%E5%9B%A3" n1="%63%79%63%6C%6F%70%65" n2="%62%6F%6F%6B%6B%65%65%70" n3="%E8%B6%A3%E6%97%A8%E3%83%BB%E8%A6%8F%E7%AF%84" dan="14,14,15,13" rate="1951.27,1903.17,1940.56,1906.04" sx="M,M,M,M"/><TAIKYOKU oya="0"/><INIT seed="0,0,0,2,1,55" ten="250,250,250,250" oya="0" hai0="10,25,46,30,14,126,108,89,134,56,6,104,31" hai1="94,16,47,105,8,83,57,101,43,123,130,131,125" hai2="78,34,106,17,90,115,33,72,111,135,65,79,122" hai3="107,42,48,81,32,87,116,133,84,27,52,51,35"/><T109/><D104/><U102/><E123/><V22/><F122/><W29/><G116/><T103/><D103/><U63/><E125/><V96/><F115/><W12/><G133/><T50/><D126/><U21/><E105/><V114/><F114/><W23/><G107/><T40/><D134/><U118/><E118/><V64/><F33/><W54/><G42/><T53/><D89/><U3/><E83/><V28/><F34/><W49/><G12/><T61/><REACH who="0" step="1"/><D31/><REACH who="0" ten="240,250,250,250" step="2"/><U127/><E127/><V112/><F28/><W110/><G110/><T88/><D88/><U75/><E102/><V82/><F111/><W11/><G29/><T4/><D4/><U121/><E121/><V18/><F90/><W95/><G35/><AGARI ba="0,1" hai="6,10,14,25,30,35,40,46,50,53,56,61,108,109" machi="35" ten="40,3900,0" yaku="1,1,52,1,53,0" doraHai="55" doraHaiUra="19" who="0" fromWho="3" sc="240,49,250,0,250,0,250,-39" /><INIT seed="0,1,0,1,4,124" ten="289,250,250,211" oya="0" hai0="20,11,106,47,100,127,117,92,14,26,109,115,83" hai1="15,39,104,91,54,133,32,21,43,76,75,113,82" hai2="36,10,114,64,5,24,23,27,73,122,52,69,134" hai3="3,102,18,9,55,97,112,12,17,50,68,110,103"/><T57/><D106/><U98/><E32/><V131/><F114/><W28/><G112/><T132/><D117/><U51/><E113/><V44/><F122/><W96/><G68/><T25/><D115/><U30/><E133/><V95/><F134/><W8/><G110/><T119/><D132/><U101/><E39/><V45/><F27/><W19/><G28/><T94/><D119/><U126/><E126/><V125/><F73/><W121/><G121/><T33/><D33/><U2/><E2/><V80/><F80/><W1/><G8/><T88/><D127/><U84/><E43/><V111/><F111/><W81/><G81/><T61/><D109/><U120/><E120/><V0/><F36/><W49/><G49/><T72/><D47/><U90/><E75/><V74/><F74/><W48/><G48/><T130/><D130/><U129/><E129/><V108/><F131/><W105/><G3/><T29/><D26/><U86/><E84/><V93/><F108/><W62/><G62/><T31/><D31/><U65/><E65/><V42/><F42/><W37/><G37/><T78/><D100/><U6/><E30/><N who="2" m="17695" /><F44/><W58/><REACH who="3" step="1"/><G1/><REACH who="3" ten="289,250,250,201" step="2"/><T66/><D11/><U4/><E51/><N who="2" m="28783" /><F125/><W77/><G77/><T63/><D63/><U128/><E128/><V67/><F69/><W7/><G7/><T89/><D78/><U60/><E4/><V123/><F123/><W116/><G116/><T46/><D61/><U53/><E6/><V118/><F118/><W41/><G41/><T13/><D29/><U79/><E60/><V35/><F35/><W87/><G87/><RYUUKYOKU ba="1,1" sc="289,-15,250,-15,250,15,201,15" hai2="0,5,10,64,67,93,95" hai3="9,12,17,18,19,50,55,58,96,97,102,103,105" /><INIT seed="1,2,1,0,0,111" ten="274,235,265,216" oya="1" hai0="93,50,71,79,8,12,7,122,118,11,17,27,55" hai1="117,100,98,18,66,87,80,85,31,103,99,40,53" hai2="1,51,54,75,82,135,96,134,36,19,130,65,14" hai3="43,10,81,13,84,101,47,33,110,58,35,104,94"/><U77/><E117/><V132/><F1/><W20/><G104/><T61/><D118/><U63/><E31/><V78/><F36/><W123/><G123/><T74/><D122/><U129/><E129/><V30/><F30/><W119/><G119/><T64/><D93/><U92/><E40/><V16/><F130/><W68/><G68/><T127/><D127/><U126/><E126/><V73/><F65/><W9/><G20/><T76/><D74/><U59/><E18/><V105/><F73/><W23/><G23/><T91/><D91/><N who="1" m="53359" /><E66/><V88/><F14/><W57/><G9/><T32/><D32/><U69/><E69/><V44/><REACH who="2" step="1"/><F88/><REACH who="2" ten="274,235,255,216" step="2"/><N who="3" m="51215" /><G110/><T95/><D27/><U125/><E125/><V34/><F34/><W2/><G2/><T102/><D76/><U4/><E4/><V112/><F112/><W115/><G115/><T21/><D79/><U56/><E59/><V60/><F60/><W70/><G70/><T72/><D72/><U46/><E46/><V131/><F131/><W107/><G35/><T3/><D61/><U48/><E63/><V124/><F124/><W120/><G33/><T22/><D64/><U62/><E62/><V38/><F38/><W113/><G113/><T97/><D71/><U83/><E80/><V89/><F89/><W108/><G108/><T6/><D6/><U0/><E0/><V67/><F67/><W121/><G121/><T41/><D3/><U109/><E109/><V39/><F39/><W52/><G120/><T5/><D5/><U28/><E28/><V49/><F49/><W24/><G58/><T133/><D12/><RYUUKYOKU ba="2,2" sc="274,-15,235,15,255,15,216,-15" hai1="48,53,56,77,83,87,98,99,100,103" hai2="16,19,44,51,54,75,78,82,96,105,132,134,135" /><INIT seed="1,3,2,4,1,21" ten="259,250,270,201" oya="1" hai0="109,22,26,11,20,95,46,1,93,24,56,123,125" hai1="34,117,113,77,10,29,48,15,58,23,54,83,79" hai2="90,126,7,25,19,73,35,31,43,47,53,71,9" hai3="0,134,8,86,68,118,84,51,96,98,27,40,6"/><U114/><E117/><V128/><F71/><W124/><G68/><T103/><D123/><U82/><E34/><V129/><F73/><W111/><G118/><T63/><D125/><U64/><E64/><V62/><F126/><W37/><G124/><T66/><D109/><U55/><E55/><V42/><F19/><W41/><G37/><T110/><D110/><U2/><E2/><V100/><F100/><W122/><G111/><T59/><D103/><U17/><E114/><V61/><F90/><W14/><G122/><T101/><D101/><U107/><E107/><V5/><F5/><W81/><G0/><T69/><D69/><U127/><E113/><V105/><F105/><W88/><G134/><T135/><D135/><U33/><E127/><V119/><F119/><W99/><G51/><T72/><D72/><U104/><E33/><V52/><F61/><W78/><REACH who="3" step="1"/><G27/><REACH who="3" ten="259,250,270,191" step="2"/><N who="0" m="10283" /><D1/><U28/><E104/><V130/><F130/><W132/><G132/><T89/><D46/><U12/><E48/><V36/><F128/><W57/><G57/><T32/><D32/><U120/><E58/><V76/><F36/><W67/><G67/><T102/><D59/><U75/><E120/><V106/><F129/><W49/><G49/><T50/><D50/><U112/><E112/><V97/><F47/><W30/><G30/><T133/><D133/><U60/><E54/><V91/><F52/><W131/><G131/><T39/><D39/><U4/><REACH who="1" step="1"/><E60/><REACH who="1" ten="259,240,270,191" step="2"/><V121/><F53/><W38/><G38/><T70/><D70/><U87/><AGARI ba="3,4" hai="4,10,12,15,17,23,28,29,75,77,79,82,83,87" machi="87" ten="20,12000,1" yaku="1,1,2,1,0,1,7,1,53,1" doraHai="21" doraHaiUra="18" who="1" fromWho="1" sc="259,-43,240,169,270,-43,191,-43" /><INIT seed="1,4,0,5,1,109" ten="216,409,227,148" oya="1" hai0="128,15,37,72,120,26,53,116,89,68,115,118,92" hai1="5,63,61,41,125,76,10,74,86,16,18,97,44" hai2="31,127,95,2,105,60,56,81,51,25,123,20,111" hai3="6,90,17,103,22,75,58,57,39,71,80,24,112"/><U124/><E74/><V132/><F123/><W32/><G71/><T52/><D72/><U19/><E97/><V135/><F105/><W110/><G39/><T3/><D3/><N who="1" m="319" /><E86/><V113/><F2/><W94/><G110/><T28/><D68/><U54/><E76/><V82/><F111/><W13/><G103/><T27/><D120/><U1/><E1/><V42/><F113/><W49/><G49/><T62/><D37/><N who="1" m="21551" /><E54/><V130/><F130/><W66/><G66/><T117/><D128/><U87/><E87/><V65/><F127/><AGARI ba="4,0" hai="16,18,19,61,63,124,125,127" m="21551,319" machi="127" ten="30,2900,0" yaku="18,1,54,1" doraHai="109" who="1" fromWho="2" sc="216,0,409,41,227,-41,148,0" /><INIT seed="1,5,0,0,3,42" ten="216,450,186,148" oya="1" hai0="130,5,64,117,3,15,79,72,122,0,53,11,28" hai1="29,134,52,24,40,34,129,30,121,118,48,45,133" hai2="18,43,83,35,97,119,92,54,124,110,51,59,8" hai3="73,135,49,126,100,6,132,81,89,102,33,77,25"/><U55/><E121/><V116/><F35/><W61/><G126/><T20/><D117/><U96/><E118/><V107/><F110/><W90/><G6/><T71/><D130/><U104/><E129/><V41/><F124/><W109/><G109/><T26/><D122/><U82/><E82/><V75/><F107/><W98/><G61/><T106/><D106/><U57/><E30/><V60/><F75/><W120/><G120/><T47/><D71/><U87/><E87/><V114/><F83/><W115/><G115/><T78/><D64/><U86/><E86/><V84/><F84/><W99/><G49/><N who="0" m="28863" /><D72/><U66/><E66/><N who="2" m="39199" /><F114/><W69/><G69/><T38/><D38/><U14/><E14/><N who="2" m="7495" /><F119/><W91/><G25/><N who="0" m="16423" /><D0/><U2/><E2/><V12/><F12/><W56/><G56/><T103/><D3/><U80/><E80/><V63/><F63/><W44/><G33/><T58/><D26/><U9/><E24/><V74/><F74/><W123/><G123/><T37/><D37/><U105/><E105/><V67/><F67/><W62/><G62/><T65/><D103/><N who="3" m="39465" /><G44/><T70/><D70/><U21/><E104/><V85/><F116/><W17/><G17/><T93/><D93/><U76/><E45/><N who="2" m="28015" /><F85/><W111/><G111/><T32/><D32/><U88/><E34/><V95/><F95/><W101/><N who="3" m="39473" /><AGARI ba="5,0" hai="41,43,92,97,101" m="28015,7495,39199" machi="101" ten="30,3900,0" yaku="3,1,8,1,52,1" doraHai="42" who="2" fromWho="3" sc="216,0,450,0,186,54,148,-54" /><INIT seed="2,0,0,1,5,1" ten="216,450,240,94" oya="2" hai0="70,25,102,48,121,132,124,8,88,65,14,52,62" hai1="73,118,44,82,81,89,12,50,7,26,55,106,9" hai2="105,42,76,74,129,51,54,60,11,57,85,19,103" hai3="46,64,90,22,130,101,36,116,66,92,126,72,91"/><V5/><F129/><W123/><G116/><T58/><D121/><U128/><E118/><V71/><F74/><W37/><G123/><T87/><D124/><U33/><E106/><V94/><F105/><W15/><G72/><T127/><D127/><U133/><E128/><V39/><F39/><W24/><G126/><T77/><D132/><U115/><E115/><V17/><F71/><W83/><G130/><T27/><D102/><U23/><E133/><V86/><F103/><W0/><G0/><T2/><D2/><U13/><E33/><V56/><F94/><W63/><G101/><T93/><D77/><U20/><E73/><V41/><F41/><W98/><G46/><T99/><D99/><U122/><E122/><V131/><F131/><W125/><G125/><T109/><D109/><U111/><E111/><V120/><F120/><W6/><G83/><T35/><D35/><U104/><E104/><V67/><F42/><W43/><G90/><T38/><D38/><U31/><E89/><V45/><F57/><W110/><G110/><T4/><AGARI ba="0,0" hai="4,8,14,25,27,48,52,58,62,65,70,87,88,93" machi="4" ten="20,8000,1" yaku="0,1,7,1,52,1,54,2" doraHai="1" who="0" fromWho="0" sc="216,80,450,-20,240,-40,94,-20" /><INIT seed="3,0,0,2,2,87" ten="296,430,200,74" oya="3" hai0="4,100,65,135,31,23,30,56,114,132,94,70,67" hai1="16,84,29,1,102,52,90,99,21,93,60,48,81" hai2="61,125,37,101,88,113,68,105,112,14,82,34,54" hai3="33,38,64,85,110,69,7,12,43,20,128,130,126"/><W26/><G33/><T57/><D70/><U127/><E1/><V39/><F125/><W58/><G126/><T50/><D4/><U109/><E109/><V36/><F34/><W107/><G107/><T96/><D114/><U97/><E29/><V62/><F14/><W28/><G110/><T10/><D10/><U55/><E127/><V121/><F121/><W3/><G3/><T118/><D118/><U124/><E124/><V44/><F101/><W131/><G38/><T108/><D108/><U115/><E115/><V19/><F19/><W133/><G133/><N who="0" m="51275" /><D56/><N who="1" m="34823" /><E99/><V76/><F76/><W73/><G73/><T71/><D71/><U18/><E21/><V103/><F103/><W13/><G69/><T2/><D2/><U86/><E86/><V42/><F105/><W47/><G7/><T9/><D9/><U98/><E98/><V134/><F134/><W11/><G11/><T122/><D122/><U75/><E75/><V6/><F6/><W41/><G85/><T72/><D72/><U89/><E102/><V32/><F32/><W46/><G46/><AGARI ba="0,0" hai="16,18,46,48,55,81,84,89,90,93,97" m="34823" machi="46" ten="30,8000,1" yaku="8,1,52,2,54,2" doraHai="87" who="1" fromWho="3" sc="296,0,430,80,200,0,74,-80" owari="296,10.0,510,61.0,200,-20.0,-6,-51.0" /></mjloggm>