<mjloggm ver="2.3"><GO type="41" lobby="0"/><UN n0="%74%65%73%74%77%71" n1="%E3%82%B4%E3%83%AB%E3%82%B4%33%32" n2="%E4%BB%AE%E9%9D%A2%E5%84%AA%E7%AD%89%E7%94%9F" n3="%E3%83%88%E3%83%88%E3%83%AA%E5%85%88%E7%94%9F%31%39%E6%AD%B3" dan="14,14,13,14" rate="1882.06,1939.66,1956.98,2027.77" sx="M,M,F,F"/><TAIKYOKU oya="0"/><INIT seed="0,0,0,2,0,115" ten="250,250,250,250" oya="0" hai0="41,112,67,120,28,86,13,114,105,128,125,92,75" hai1="8,129,30,36,3,113,33,126,98,22,1,119,84" hai2="45,99,135,90,116,132,70,71,14,55,15,26,35" hai3="32,51,5,110,54,60,104,47,117,38,91,73,130"/><T95/><D67/><U21/><E36/><V74/><F74/><W102/><G32/><T44/><D28/><U7/><E98/><V6/><F35/><W108/><G73/><T118/><D118/><U59/><E84/><V131/><F26/><W94/><G130/><T80/><D128/><U50/><E129/><V9/><F131/><W76/><G76/><T100/><D120/><U53/><E113/><V29/><F29/><W93/><G38/><T34/><D34/><U127/><E1/><V12/><F116/><W134/><G117/><T79/><D13/><N who="2" m="5226" /><F45/><W52/><G5/><T20/><D20/><U85/><E119/><V97/><F55/><W31/><G31/><T27/><D27/><U40/><E40/><V42/><F42/><W2/><G2/><T133/><D133/><N who="2" m="51274" /><F90/><W56/><G134/><T123/><D123/><U78/><E33/><V16/><F6/><W122/><G122/><T17/><D17/><U89/><E78/><V25/><F25/><W48/><G48/><N who="0" m="26639" /><D125/><N who="1" m="47627" /><E30/><V101/><F99/><N who="3" m="61535" /><G91/><N who="0" m="53367" /><D95/><AGARI ba="0,0" hai="3,7,8,21,22,50,53,59,85,89,95" m="47627" machi="95" ten="30,1000,0" yaku="18,1" doraHai="115" who="1" fromWho="0" sc="250,-10,250,10,250,0,250,0" /><AGARI ba="0,0" hai="9,15,16,70,71,95,97,101" m="51274,5226" machi="95" ten="30,2000,0" yaku="20,1,54,1" doraHai="115" who="2" fromWho="0" sc="240,-20,260,0,250,20,250,0" /><INIT seed="1,0,0,2,1,17" ten="220,260,270,250" oya="1" hai0="32,39,130,85,108,100,89,23,90,16,3,97,112" hai1="69,43,34,24,110,20,103,37,26,120,87,30,73" hai2="46,2,71,52,99,88,76,116,127,79,133,27,64" hai3="59,111,119,86,13,40,105,19,14,68,8,131,63"/><U10/><E73/><V45/><F116/><W55/><G105/><T107/><D112/><U78/><E69/><V28/><F2/><W135/><G119/><T7/><D39/><U65/><E120/><V25/><F133/><W102/><G135/><T41/><D41/><U106/><E65/><V132/><F132/><W35/><G35/><T21/><D32/><U118/><E118/><V5/><F5/><W11/><G68/><T98/><D108/><U50/><E37/><V62/><F127/><W74/><G74/><T49/><D49/><U31/><E110/><V36/><F27/><W54/><G111/><T123/><D123/><U61/><E61/><V114/><F114/><W95/><G131/><T0/><D130/><U121/><E121/><V96/><F96/><N who="3" m="59679" /><G86/><T101/><D7/><U82/><E10/><V66/><F66/><N who="3" m="39295" /><G40/><T67/><D67/><U75/><E75/><V6/><F6/><AGARI ba="0,0" hai="6,8,11,13,14,19,54,55" m="39295,59679" machi="6" ten="30,1000,0" yaku="8,1" doraHai="17" who="3" fromWho="2" sc="220,0,260,0,270,-10,250,10" /><INIT seed="2,0,0,5,2,14" ten="220,260,260,260" oya="2" hai0="52,97,74,35,131,27,64,11,104,124,53,24,92" hai1="108,47,106,55,87,36,135,112,122,98,118,116,30" hai2="128,121,94,113,84,22,57,6,103,107,114,10,28" hai3="56,134,43,83,99,96,48,34,90,130,26,73,61"/><V80/><F121/><W115/><G130/><T39/><D131/><U105/><E112/><V13/><F128/><W133/><G115/><T117/><D124/><U32/><E122/><V60/><F107/><W79/><G90/><T110/><D110/><U33/><E108/><V76/><F94/><W123/><G123/><T72/><D104/><U42/><E135/><N who="3" m="51722" /><G48/><T16/><D39/><U129/><E129/><V102/><F114/><W67/><G43/><T77/><D64/><U17/><E87/><V101/><F113/><W62/><G62/><T66/><D66/><U21/><E55/><N who="0" m="21065" /><D72/><U5/><E5/><V111/><F111/><W49/><G49/><T86/><D74/><U85/><E85/><V69/><F69/><W127/><G127/><T78/><D35/><U40/><E40/><V38/><F38/><W25/><G34/><T126/><D126/><U45/><E45/><V93/><F93/><W3/><G3/><T44/><D44/><U19/><E33/><V65/><F102/><W95/><G95/><T1/><D1/><U81/><E32/><V91/><F91/><W100/><G100/><N who="0" m="60455" /><D117/><U18/><E81/><V9/><F9/><W89/><G89/><T0/><D0/><U20/><E106/><V50/><F50/><W132/><G132/><T59/><D59/><U120/><E120/><V68/><F68/><W23/><G99/><T12/><D86/><U31/><E98/><V58/><F58/><W15/><G96/><T88/><D88/><U46/><E46/><V125/><F125/><W2/><G2/><T8/><D8/><U4/><E105/><RYUUKYOKU ba="0,0" sc="220,10,260,-30,260,10,260,10" hai0="11,12,16,24,27,77,78" hai2="6,10,13,22,28,57,60,65,76,80,84,101,103" hai3="15,23,25,26,56,61,67,73,79,83" /><INIT seed="2,1,0,2,2,52" ten="230,230,270,270" oya="2" hai0="100,14,88,8,24,63,58,125,117,112,93,38,32" hai1="78,82,62,40,83,106,33,36,124,94,76,51,114" hai2="72,105,65,43,19,132,120,27,69,48,68,118,37" hai3="1,44,18,115,81,41,73,66,9,29,59,113,42"/><V99/><F120/><W133/><G133/><T34/><D112/><N who="3" m="43081" /><G29/><T134/><D134/><U30/><E36/><V22/><F72/><W55/><G66/><T7/><D38/><U130/><E106/><V122/><F122/><W98/><G44/><T121/><D121/><U71/><E114/><V91/><F132/><W85/><G73/><T35/><D100/><U111/><E111/><V104/><F118/><W103/><G18/><T89/><D125/><U96/><E124/><V97/><F37/><W10/><G1/><T16/><D117/><U17/><E130/><V2/><F2/><W135/><G135/><T12/><D24/><U109/><E109/><V87/><F65/><W23/><G23/><T84/><D89/><U61/><E71/><V47/><F69/><W20/><G20/><T131/><D131/><U50/><E30/><V5/><F5/><W0/><G0/><T39/><D39/><U15/><E33/><V67/><F67/><W11/><G85/><T95/><D95/><U64/><E64/><V101/><F68/><W107/><G81/><N who="1" m="30730" /><E78/><V56/><F104/><W45/><G45/><T53/><REACH who="0" step="1"/><D35/><REACH who="0" ten="220,230,270,270" step="2"/><U119/><E119/><V86/><F91/><W79/><G79/><T77/><D77/><U46/><E76/><V4/><F99/><W31/><G31/><T75/><D75/><U28/><E96/><V49/><F4/><W74/><G74/><T70/><D70/><U108/><E108/><V128/><F128/><W25/><G25/><T126/><D126/><U6/><E94/><V129/><F129/><W80/><G80/><T26/><D26/><RYUUKYOKU ba="1,1" sc="220,10,230,-30,270,10,270,10" hai0="7,8,12,14,16,32,34,53,58,63,84,88,93" hai2="19,22,27,43,47,48,49,56,86,87,97,101,105" hai3="9,10,11,41,42,55,59,98,103,107" /><INIT seed="2,2,1,0,0,74" ten="230,200,280,280" oya="2" hai0="78,36,20,132,110,42,102,51,10,1,77,89,114" hai1="17,118,2,24,73,66,28,9,119,112,21,27,94" hai2="116,13,3,129,96,128,81,125,72,71,7,49,105" hai3="92,12,43,133,117,115,29,30,98,113,44,39,50"/><V60/><F116/><W56/><G117/><T19/><D114/><N who="3" m="43529" /><G133/><T58/><D102/><U79/><E112/><V25/><F125/><W95/><G95/><T121/><D121/><U99/><E66/><N who="2" m="41415" /><F13/><W5/><G5/><T63/><D132/><U57/><E57/><V76/><F49/><W135/><G135/><T45/><D36/><U52/><E52/><V62/><F62/><W38/><G12/><N who="0" m="7575" /><D110/><U41/><E41/><V111/><F25/><W93/><G93/><T26/><D89/><U83/><E2/><V61/><F61/><W64/><G64/><N who="0" m="39031" /><D1/><U108/><E108/><V54/><F111/><W68/><G68/><T31/><AGARI ba="2,1" hai="20,26,31,42,45,51,77,78" m="39031,7575" machi="31" ten="30,4000,0" yaku="8,1,52,2" doraHai="74" who="0" fromWho="0" sc="230,56,200,-12,280,-22,280,-12" /><INIT seed="3,0,0,1,1,122" ten="286,188,258,268" oya="3" hai0="130,56,84,83,124,129,33,30,26,75,91,23,40" hai1="42,1,82,52,60,35,55,120,102,92,39,128,79" hai2="88,96,17,44,74,63,57,29,18,10,103,22,133" hai3="109,4,62,110,65,21,134,7,90,16,53,116,89"/><W20/><G116/><T3/><D124/><U50/><E35/><V123/><F123/><W70/><G134/><T101/><D3/><U43/><E1/><V71/><F71/><W28/><G53/><T46/><D101/><U11/><E120/><V95/><F133/><W48/><G48/><T117/><D117/><U27/><E128/><N who="0" m="49257" /><D75/><U119/><E119/><V100/><F74/><W73/><G73/><T131/><N who="0" m="49265" /><T94/><DORA hai="13" /><D56/><U87/><E39/><V24/><F44/><W121/><G121/><T47/><D33/><U2/><E27/><V49/><F49/><W104/><G104/><T19/><D30/><U59/><E11/><V93/><F10/><W113/><G20/><T0/><D0/><U111/><E2/><V118/><F118/><W25/><G113/><T45/><D83/><U105/><E105/><V115/><F115/><W78/><G78/><T86/><D86/><U41/><E111/><N who="3" m="42506" /><G28/><T132/><D132/><U36/><E36/><AGARI ba="0,0" hai="19,23,26,36,40,45,46,47,84,91,94" m="49265" machi="36" ten="40,2600,0" yaku="19,1,52,1" doraHai="122,13" who="0" fromWho="1" sc="286,26,188,-26,258,0,268,0" /><INIT seed="4,0,0,4,5,59" ten="312,162,258,268" oya="0" hai0="18,40,56,127,14,114,20,19,23,32,24,64,102" hai1="121,111,106,134,33,54,108,5,133,125,76,34,128" hai2="101,82,2,96,119,44,77,135,49,110,129,11,58" hai3="27,116,51,57,94,107,3,12,92,79,50,98,37"/><T21/><D114/><U78/><E106/><V38/><F110/><N who="1" m="42025" /><E54/><V85/><F129/><W117/><G3/><T91/><D40/><U9/><E78/><V13/><F135/><N who="1" m="51721" /><E76/><V88/><F2/><W84/><G37/><T97/><D91/><U122/><E125/><V95/><F119/><W0/><G0/><T67/><D127/><U80/><E80/><V86/><F38/><W105/><G79/><T4/><D32/><N who="1" m="12395" /><E128/><V43/><F58/><W22/><G57/><T41/><D41/><U72/><E72/><V28/><F28/><W31/><G107/><T65/><D56/><U63/><E63/><V112/><F112/><W26/><G105/><T123/><D123/><U126/><E126/><V48/><F48/><W124/><G124/><T104/><D104/><U61/><E61/><V109/><F109/><W120/><G120/><T1/><D97/><U42/><E42/><V74/><REACH who="2" step="1"/><F101/><REACH who="2" ten="312,162,248,268" step="2"/><W131/><G131/><T89/><D102/><U46/><E46/><V52/><F52/><W60/><G51/><T115/><D115/><U113/><E113/><V90/><F90/><N who="3" m="53319" /><G50/><T93/><D67/><U73/><E73/><V36/><F36/><W66/><G116/><T35/><D65/><U87/><E87/><V103/><F103/><N who="3" m="60887" /><G117/><T45/><D64/><U16/><E5/><AGARI ba="0,1" hai="5,11,13,43,44,49,74,77,82,85,86,88,95,96" machi="5" ten="30,3900,0" yaku="1,1,7,1,54,1,53,0" doraHai="59" doraHaiUra="69" who="2" fromWho="1" sc="312,0,162,-39,248,49,268,0" /><INIT seed="5,0,0,4,1,38" ten="312,123,297,268" oya="1" hai0="63,28,66,125,134,81,111,116,77,65,8,114,127" hai1="47,68,32,26,0,6,56,18,45,117,91,43,30" hai2="12,3,129,119,95,57,71,113,93,14,115,11,34" hai3="1,62,22,118,52,21,126,82,49,5,4,88,103"/><U80/><E68/><V96/><F119/><W78/><G118/><T54/><D111/><U83/><E117/><V10/><F129/><W79/><G126/><N who="0" m="48139" /><D116/><U72/><E47/><V130/><F130/><W19/><G103/><T35/><D114/><N who="2" m="43530" /><F71/><W7/><G1/><T106/><D134/><U110/><E110/><V61/><F34/><W73/><G62/><T108/><D106/><U132/><E132/><V135/><F135/><W46/><G73/><N who="0" m="43183" /><D8/><N who="2" m="3114" /><F3/><W109/><G109/><T20/><D35/><U98/><E56/><V27/><F27/><N who="3" m="14783" /><G22/><T25/><D108/><U104/><E18/><V40/><F40/><W58/><G58/><AGARI ba="0,0" hai="20,25,28,54,58,63,65,66" m="43183,48139" machi="58" ten="30,1000,0" yaku="18,1" doraHai="38" who="0" fromWho="3" sc="312,10,123,0,297,0,268,-10" /><INIT seed="6,0,0,4,4,110" ten="322,123,297,258" oya="2" hai0="52,21,59,14,43,108,100,28,131,126,124,119,47" hai1="113,104,81,24,36,62,135,23,116,26,129,29,17" hai2="125,10,0,5,114,132,19,96,98,9,1,84,12" hai3="41,50,83,65,67,27,18,63,73,107,22,13,103"/><V93/><F114/><W40/><G107/><T32/><D108/><U79/><E104/><V92/><F132/><W57/><G103/><T55/><D32/><U56/><E36/><V69/><F69/><W31/><G73/><T127/><D131/><U4/><E116/><V38/><F38/><W60/><G83/><T80/><D119/><U68/><E68/><V134/><F134/><W25/><G50/><N who="0" m="27007" /><D100/><U76/><E135/><V72/><F125/><W122/><G122/><T20/><D80/><U58/><E129/><V130/><F72/><W3/><G3/><T90/><D90/><U39/><E4/><V49/><F130/><W95/><G95/><T118/><D118/><U42/><E113/><V45/><F0/><W46/><G46/><T99/><D99/><U2/><E2/><V105/><F105/><W86/><G86/><T106/><D106/><U78/><E39/><V30/><F30/><W121/><G121/><T75/><D75/><U15/><E42/><V51/><F84/><W117/><G25/><N who="0" m="16423" /><D59/><U133/><E133/><V71/><F71/><W89/><G89/><T112/><D112/><U33/><E26/><V87/><F87/><W70/><REACH who="3" step="1"/><G117/><REACH who="3" ten="322,123,297,248" step="2"/><T44/><D44/><U128/><E128/><V77/><F77/><W7/><G7/><T48/><D48/><U94/><E94/><N who="2" m="36459" /><F51/><W115/><G115/><T53/><D14/><U85/><REACH who="1" step="1"/><E58/><REACH who="1" ten="322,113,297,248" step="2"/><V35/><F98/><W64/><G64/><AGARI ba="0,2" hai="15,17,23,24,29,33,56,62,64,76,78,79,81,85" machi="64" ten="30,3900,0" yaku="1,1,2,1,7,1,53,0" doraHai="110" doraHaiUra="111" who="1" fromWho="3" sc="322,0,113,59,297,0,248,-39" /><INIT seed="7,0,0,2,5,11" ten="322,172,297,209" oya="3" hai0="126,31,65,71,54,7,107,108,17,129,5,62,100" hai1="2,127,13,27,111,116,4,123,20,1,95,45,10" hai2="117,112,66,115,24,101,61,79,83,29,35,122,6" hai3="99,18,97,93,124,106,21,76,25,109,50,80,55"/><W48/><G124/><T98/><D108/><U12/><E123/><V30/><F117/><W73/><G109/><T52/><D126/><U33/><E111/><V72/><F30/><W96/><G106/><T36/><D129/><U103/><E127/><V121/><F6/><W47/><REACH who="3" step="1"/><G50/><REACH who="3" ten="322,172,297,199" step="2"/><T34/><D36/><U53/><E116/><V43/><F122/><W135/><G135/><T87/><D17/><U114/><E114/><N who="2" m="43563" /><F121/><W59/><G59/><T78/><D7/><U40/><E1/><V88/><F101/><AGARI ba="0,1" hai="18,21,25,47,48,55,73,76,80,93,96,97,99,101" machi="101" ten="30,2900,0" yaku="1,1,7,1,53,0" doraHai="11" doraHaiUra="82" who="3" fromWho="2" sc="322,0,172,0,297,-29,199,39" /><INIT seed="7,1,0,3,4,12" ten="322,172,268,238" oya="3" hai0="109,64,101,46,24,132,9,34,83,121,102,28,13" hai1="120,44,58,35,116,108,55,91,123,119,129,135,70" hai2="17,117,76,54,113,77,56,40,22,65,20,7,51" hai3="88,110,31,93,52,43,16,112,82,78,21,97,2"/><W25/><G2/><T74/><D109/><U80/><E35/><V42/><F117/><N who="1" m="45129" /><E80/><V48/><F113/><W67/><G112/><T1/><D132/><U125/><E91/><V127/><F7/><W95/><G110/><T114/><D121/><N who="1" m="46667" /><E108/><V133/><F127/><W49/><G67/><T6/><D64/><U45/><E125/><V19/><F65/><W105/><G43/><N who="2" m="16425" /><F51/><W134/><G134/><T118/><D114/><U87/><E87/><V32/><F32/><W86/><G105/><T53/><D118/><U128/><E70/><V130/><F133/><W60/><G60/><T84/><D74/><U94/><E94/><V59/><F130/><N who="1" m="50281" /><E135/><V85/><F56/><N who="3" m="32783" /><G95/><T11/><D11/><U111/><E111/><V104/><F104/><W33/><G33/><T89/><D1/><U26/><E26/><N who="2" m="14607" /><F85/><W50/><G50/><AGARI ba="1,0" hai="44,45,50,55,58" m="50281,46667,45129" machi="50" ten="40,8000,1" yaku="12,1,19,1,34,2" doraHai="12" who="1" fromWho="3" sc="322,0,172,83,268,0,238,-83" owari="322,41.0,255,-14.0,268,7.0,155,-34.0" /></mjloggm>