<mjloggm ver="2.3"><GO type="97" lobby="0"/><UN n0="%E6%B8%8B%E8%B0%B7%E5%B0%AD%E6%B7%B1%EF%BC%A0%E8%99%8E%E5%A7%AB" n1="%E9%83%A1%E5%B1%B1%E7%83%88%E7%81%AB" n2="%4E%6E%31%30%32" n3="%E5%B0%B1%E6%B4%BB%E7%94%9F%40%E5%B7%9D%E6%9D%91%E8%BB%8D%E5%9B%A3" dan="14,15,15,14" rate="1878.81,1959.32,2028.18,1951.30" sx="F,M,M,M"/><TAIKYOKU oya="0"/><INIT seed="0,0,0,5,5,105" ten="250,250,250,250" oya="0" hai0="104,79,3,100,135,60,37,29,94,98,0,42,112" hai1="21,34,63,40,70,11,124,2,15,121,25,74,5" hai2="62,39,52,131,85,48,111,82,43,86,117,50,23" hai3="80,78,47,49,8,89,76,16,125,102,127,55,32"/><T1/><D112/><U83/><E121/><V88/><F111/><W68/><G32/><T41/><D135/><U75/><E40/><V99/><F131/><W122/><G68/><T33/><D60/><U26/><E83/><V19/><F117/><W103/><G122/><T87/><D37/><U93/><E124/><N who="3" m="47690" /><G78/><T54/><D54/><U61/><E93/><N who="2" m="56743" /><F39/><W116/><G116/><T90/><REACH who="0" step="1"/><D79/><REACH who="0" ten="240,250,250,250" step="2"/><U107/><E61/><V6/><F62/><W13/><G89/><T97/><D97/><U132/><E63/><V44/><F82/><W92/><G92/><T30/><D30/><U69/><E107/><V18/><F52/><W110/><G110/><T109/><D109/><U22/><E132/><V17/><F43/><W57/><G57/><T24/><AGARI ba="0,1" hai="0,1,3,24,29,33,41,42,87,90,94,98,100,104" machi="24" ten="40,3900,0" yaku="1,1,0,1,53,0" doraHai="105" doraHaiUra="51" who="0" fromWho="0" sc="240,49,250,-13,250,-13,250,-13" /><INIT seed="0,1,0,3,0,39" ten="289,237,237,237" oya="0" hai0="105,29,110,92,61,26,15,79,13,55,129,56,40" hai1="91,85,90,28,112,102,63,77,121,86,25,48,122" hai2="83,68,0,23,72,98,5,8,132,45,82,19,74" hai3="135,99,134,30,81,71,10,69,106,133,9,109,41"/><T6/><D129/><U66/><E112/><V93/><F132/><W123/><G123/><T42/><D105/><U97/><E48/><V126/><F126/><W27/><G109/><T103/><D110/><U76/><E122/><V108/><F108/><W36/><G81/><T18/><D79/><U124/><E124/><V31/><F68/><N who="3" m="26187" /><G106/><T131/><D131/><U34/><E121/><V57/><F31/><W65/><G65/><T104/><D104/><U49/><E49/><V14/><F45/><N who="3" m="23719" /><G99/><N who="0" m="59879" /><D6/><U22/><E34/><AGARI ba="1,0" hai="9,10,27,30,34,133,134,135" m="23719,26187" machi="34" ten="40,2600,0" yaku="20,1,52,1" doraHai="39" who="3" fromWho="1" sc="289,0,237,-29,237,0,237,29" /><INIT seed="1,0,0,2,0,24" ten="289,208,237,266" oya="1" hai0="104,62,127,90,31,87,41,119,15,48,36,25,92" hai1="37,7,77,132,99,55,84,114,52,13,14,75,38" hai2="78,30,23,58,1,32,130,71,86,27,126,89,66" hai3="135,125,42,29,59,0,79,128,118,12,5,97,61"/><U45/><E114/><V106/><F1/><W85/><G0/><T53/><D127/><U50/><E75/><V26/><F126/><W43/><G125/><T34/><D119/><U69/><E69/><V70/><F130/><W116/><G135/><T33/><D104/><U22/><E132/><V98/><F78/><W115/><G115/><T82/><D62/><U28/><E99/><V17/><F106/><W113/><G113/><T51/><D36/><U19/><E38/><V124/><F124/><W129/><G97/><T54/><D41/><U20/><E37/><V3/><F3/><W47/><G47/><T60/><D60/><U40/><E84/><V73/><F73/><W39/><G39/><T100/><D15/><U88/><E88/><V111/><F111/><W81/><G29/><T18/><D18/><U112/><E77/><V4/><F4/><W44/><G12/><T110/><D110/><U123/><E123/><V46/><F98/><W102/><G5/><T107/><D100/><U133/><E133/><V56/><F46/><W101/><G102/><T35/><D107/><U134/><E134/><V121/><F121/><W131/><G101/><T67/><D82/><U80/><E80/><N who="2" m="49351" /><F71/><W49/><REACH who="3" step="1"/><G42/><REACH who="3" ten="289,208,237,256" step="2"/><T108/><D108/><U95/><E112/><V10/><F10/><W96/><G96/><T11/><D11/><N who="1" m="4351" /><E95/><V94/><F94/><W64/><AGARI ba="0,1" hai="43,44,49,59,61,64,79,81,85,116,118,128,129,131" machi="64" ten="40,5200,0" yaku="1,1,0,1,19,1,53,0" doraHai="24" doraHaiUra="122" who="3" fromWho="3" sc="289,-13,208,-26,237,-13,256,62" /><INIT seed="2,0,0,2,4,13" ten="276,182,224,318" oya="2" hai0="88,61,14,49,41,30,63,99,97,121,78,8,107" hai1="82,73,128,15,114,36,74,89,10,31,59,116,77" hai2="81,33,40,43,90,120,71,34,130,132,100,83,48" hai3="26,17,76,60,72,103,69,21,129,12,52,109,51"/><V53/><F120/><W117/><G117/><T0/><D121/><U1/><E116/><V4/><F71/><W11/><G129/><T42/><D0/><U16/><E114/><V125/><F130/><W25/><G109/><T57/><D78/><U29/><E128/><V3/><F100/><W24/><G103/><T66/><D30/><U102/><E102/><V18/><F132/><W122/><G122/><T108/><D107/><U5/><E74/><V115/><F115/><W80/><G69/><T87/><D108/><U45/><E59/><V23/><F125/><W94/><G94/><N who="0" m="54559" /><D49/><U96/><E96/><N who="0" m="36937" /><D63/><U79/><E79/><V56/><F34/><W131/><G60/><T101/><D101/><U134/><E89/><V62/><F33/><W7/><G131/><T98/><N who="0" m="36945" /><T112/><DORA hai="55" /><D112/><U47/><E47/><AGARI ba="0,0" hai="7,11,12,17,21,24,25,26,47,51,52,72,76,80" machi="47" ten="30,3900,0" yaku="7,1,52,1,54,1" doraHai="13,55" who="3" fromWho="1" sc="276,0,182,-39,224,0,318,39" /><INIT seed="3,0,0,3,2,87" ten="276,143,224,357" oya="3" hai0="80,91,108,133,37,21,100,114,60,13,86,90,96" hai1="42,33,121,35,5,102,85,8,49,88,118,38,62" hai2="58,131,99,74,97,111,16,4,32,79,11,43,123" hai3="31,44,50,115,126,109,122,103,24,61,22,112,73"/><W117/><G73/><T89/><D37/><U77/><E118/><V29/><F43/><W67/><G122/><T98/><D60/><U124/><E124/><V84/><F74/><W113/><G117/><T93/><D133/><U1/><E121/><V28/><F32/><W47/><G126/><T110/><D13/><U119/><E102/><V94/><F4/><W20/><G109/><N who="0" m="42091" /><D21/><U9/><E62/><V48/><F131/><W125/><G125/><T34/><D34/><U64/><E64/><V25/><F99/><W76/><G76/><N who="0" m="46343" /><D114/><U92/><E119/><V40/><F123/><W15/><G103/><T135/><D135/><U36/><E9/><V116/><F116/><W130/><G130/><T10/><D10/><U27/><E27/><V71/><F71/><W39/><G39/><T63/><D63/><U65/><E65/><V55/><F40/><W3/><G3/><T134/><D134/><U45/><E49/><V30/><F111/><W68/><G50/><T46/><D46/><U127/><E36/><V129/><F129/><W66/><G66/><T81/><D81/><U19/><E19/><V56/><F11/><W95/><G47/><T101/><D101/><U18/><E18/><V69/><F16/><W26/><G44/><T70/><D70/><U53/><E53/><V59/><F69/><W72/><G68/><T104/><AGARI ba="0,0" hai="89,90,91,93,96,98,100,104" m="46343,42091" machi="104" ten="30,12000,2" yaku="14,1,34,2,52,3" doraHai="87" who="0" fromWho="0" sc="276,120,143,-30,224,-30,357,-60" owari="396,50.0,113,-39.0,194,-21.0,297,10.0" /></mjloggm>