<mjloggm ver="2.3"><GO type="41" lobby="0"/><UN n0="%E8%82%89%E3%81%86%E3%82%81%E3%81%87" n1="%E5%B0%B1%E6%B4%BB%E7%94%9F%40%E5%B7%9D%E6%9D%91%E8%BB%8D%E5%9B%A3" n2="%72%6B%6B%69%74%61%39" n3="%72%61%70%75%72%61%6E%6E" dan="14,15,13,14" rate="1948.65,1974.94,1867.83,1977.30" sx="M,M,M,M"/><TAIKYOKU oya="0"/><INIT seed="0,0,0,0,2,57" ten="250,250,250,250" oya="0" hai0="73,28,93,135,116,81,100,52,0,94,27,79,56" hai1="34,14,72,129,104,37,15,2,92,19,130,3,82" hai2="111,41,80,6,124,131,77,39,123,119,55,60,46" hai3="32,22,13,35,117,25,115,36,7,105,78,98,102"/><T107/><D116/><U128/><E104/><V126/><F123/><W29/><G115/><T85/><D135/><U4/><E37/><V64/><F119/><W112/><G112/><T75/><D0/><U50/><E72/><V87/><F111/><W63/><G36/><T106/><D106/><U40/><E82/><V67/><F6/><W134/><G134/><T110/><D110/><U5/><E92/><V90/><F131/><W65/><G78/><T114/><D114/><U84/><E84/><V23/><F23/><W83/><G83/><T122/><D122/><U30/><E50/><V127/><F77/><W70/><G117/><T49/><D107/><U17/><E40/><V33/><F33/><W54/><G54/><T89/><D100/><U18/><E30/><V10/><F10/><W45/><G45/><T68/><D94/><U109/><E34/><V108/><F108/><W118/><G118/><T44/><D68/><U38/><E38/><V8/><F8/><W125/><G125/><T88/><D89/><U132/><E132/><V99/><F99/><W61/><G61/><T42/><D73/><U9/><E109/><V133/><F133/><W12/><G7/><N who="1" m="2634" /><E9/><V103/><F103/><W86/><G86/><T26/><D28/><U43/><E43/><V1/><F1/><AGARI ba="0,0" hai="1,2,3,14,15,17,18,19,128,129,130" m="2634" machi="1" ten="40,8000,1" yaku="28,2,19,1,34,2" doraHai="57" who="1" fromWho="2" sc="250,0,250,80,250,-80,250,0" /><INIT seed="1,0,0,0,0,53" ten="250,330,170,250" oya="1" hai0="45,3,7,112,80,52,50,78,108,15,84,85,57" hai1="125,75,25,55,34,17,122,39,113,72,1,90,107" hai2="129,95,11,106,81,20,46,89,26,22,63,124,134" hai3="87,19,58,2,61,99,130,104,62,101,29,132,116"/><U31/><E122/><V114/><F114/><W12/><G2/><T16/><D108/><U135/><E113/><V37/><F124/><W86/><G116/><T64/><D112/><U97/><E125/><V66/><F129/><W71/><G130/><T33/><D33/><U60/><E135/><V120/><F134/><W54/><G29/><T28/><D28/><U36/><E1/><V41/><F106/><W88/><G132/><T127/><D127/><U47/><E17/><V13/><F120/><W32/><G32/><T131/><D131/><U9/><E9/><V111/><F111/><W128/><G128/><T56/><D64/><U4/><E4/><V98/><F81/><W0/><G0/><T65/><D65/><U14/><E14/><V100/><F89/><W21/><G71/><T23/><REACH who="0" step="1"/><D85/><REACH who="0" ten="240,330,170,250" step="2"/><U123/><E123/><V121/><F121/><W43/><G87/><T93/><D93/><U74/><E75/><V96/><F98/><W40/><REACH who="3" step="1"/><G62/><REACH who="3" ten="240,330,170,240" step="2"/><T109/><D109/><U35/><E60/><V94/><F63/><W103/><G103/><T110/><D110/><U44/><E35/><V51/><F100/><W67/><G67/><T77/><D77/><U79/><E72/><V5/><F66/><W83/><AGARI ba="0,2" hai="12,19,21,40,43,54,58,61,83,86,88,99,101,104" machi="83" ten="20,8000,1" yaku="1,1,0,1,7,1,52,1,54,1,53,0" doraHai="53" doraHaiUra="117" who="3" fromWho="3" sc="240,-20,330,-40,170,-20,240,100" /><INIT seed="2,0,0,4,5,88" ten="220,290,150,340" oya="2" hai0="26,116,66,0,58,69,75,15,7,36,48,13,100" hai1="93,65,21,131,42,12,110,11,52,81,63,51,126" hai2="107,98,132,109,33,40,127,31,106,37,18,128,72" hai3="27,97,8,80,3,120,9,134,73,19,44,29,23"/><V61/><F127/><W43/><G120/><T115/><D115/><U67/><E126/><V125/><F125/><W101/><G134/><T112/><D112/><U64/><E131/><V4/><F132/><W39/><G3/><T85/><D75/><U104/><E104/><V79/><F128/><W119/><G119/><T111/><D111/><U86/><E110/><V35/><F109/><W76/><REACH who="3" step="1"/><G19/><REACH who="3" ten="220,290,150,330" step="2"/><T129/><D116/><U57/><E21/><V94/><F18/><W25/><G25/><T117/><D26/><U130/><E130/><V77/><F4/><W68/><G68/><T20/><D69/><U47/><E11/><V62/><F72/><W70/><G70/><T17/><D17/><U108/><E108/><V32/><F31/><W113/><G113/><T38/><D0/><U96/><E12/><V1/><F1/><W114/><G114/><T95/><D15/><U82/><REACH who="1" step="1"/><E86/><REACH who="1" ten="220,280,150,330" step="2"/><V46/><F107/><AGARI ba="0,2" hai="8,9,23,27,29,39,43,44,73,76,80,97,101,107" machi="107" ten="30,3900,0" yaku="1,1,7,1,53,1" doraHai="88" doraHaiUra="74" who="3" fromWho="2" sc="220,0,280,0,150,-39,330,59" /><INIT seed="3,0,0,5,1,42" ten="220,280,111,389" oya="3" hai0="53,63,94,110,112,75,23,55,98,73,102,95,20" hai1="66,124,5,30,7,36,108,85,132,10,21,14,39" hai2="93,113,25,111,41,18,64,116,115,117,16,11,33" hai3="135,52,100,37,99,70,76,12,74,77,58,106,68"/><W65/><G37/><T8/><D110/><U87/><E108/><V51/><F64/><W4/><G135/><T88/><D112/><U81/><E132/><V2/><F93/><W103/><G103/><T86/><D73/><U104/><E104/><V19/><F51/><W119/><G119/><N who="2" m="45641" /><F41/><W97/><G97/><T57/><D75/><U22/><E124/><V133/><F133/><W56/><G70/><T114/><D114/><N who="2" m="43530" /><F111/><W71/><G71/><T134/><D134/><U34/><E34/><V107/><F107/><W122/><G122/><T84/><D84/><U109/><E109/><V118/><N who="2" m="45649" /><V29/><DORA hai="131" /><F11/><W130/><G74/><T79/><D79/><U126/><E66/><V96/><F96/><W15/><G68/><T92/><D92/><U44/><E126/><V105/><F105/><W80/><G65/><T17/><D53/><U101/><E101/><V35/><F2/><W3/><G3/><T127/><D127/><U90/><E5/><V60/><F60/><W49/><G4/><T48/><D63/><U91/><E36/><V40/><F40/><W125/><G125/><T78/><D78/><U6/><E6/><V50/><F50/><W59/><G77/><T28/><D8/><U47/><E39/><V13/><F13/><W120/><G120/><T83/><D94/><N who="1" m="54607" /><E22/><AGARI ba="0,0" hai="16,18,19,22,25,29,33,35" m="43530,45649" machi="22" ten="50,6400,0" yaku="34,2,54,1" doraHai="42,131" who="2" fromWho="1" sc="220,0,280,-64,111,64,389,0" /><INIT seed="4,0,0,1,1,55" ten="220,216,175,389" oya="0" hai0="80,107,104,28,87,77,135,58,38,128,66,31,56" hai1="94,114,120,63,72,57,105,32,67,83,95,93,42" hai2="96,29,97,12,98,21,13,64,90,122,43,37,109" hai3="30,44,51,79,132,108,92,65,10,74,110,134,68"/><T18/><D38/><U34/><E120/><V41/><F109/><W52/><G30/><N who="0" m="11307" /><D66/><U125/><E105/><V22/><F122/><W40/><G92/><T85/><D107/><U36/><E125/><V8/><F37/><W101/><G101/><T54/><D104/><U70/><E114/><V106/><F106/><W86/><G74/><T15/><D128/><U84/><E72/><V16/><F90/><W89/><G79/><N who="0" m="46239" /><D135/><N who="3" m="51753" /><G10/><N who="0" m="6519" /><D54/><U7/><E7/><V62/><F29/><W115/><G115/><T103/><D103/><U48/><E36/><V126/><F126/><W17/><G17/><T71/><D71/><U130/><E130/><V100/><F100/><W127/><G127/><T59/><D87/><U81/><E81/><V102/><F102/><W82/><G40/><N who="2" m="15433" /><F12/><W3/><G3/><T46/><D46/><U91/><REACH who="1" step="1"/><E42/><REACH who="1" ten="220,206,175,389" step="2"/><V88/><F88/><W53/><G110/><T118/><D118/><U131/><E131/><V61/><F64/><W112/><G108/><T19/><D19/><U33/><E33/><V116/><F116/><W76/><G112/><T133/><D133/><U124/><E124/><V75/><F75/><W11/><G65/><T69/><D69/><U60/><E60/><AGARI ba="0,1" hai="8,13,16,21,22,60,61,62,96,97,98" m="15433" machi="60" ten="30,2000,0" yaku="8,1,54,1" doraHai="55" who="2" fromWho="1" sc="220,0,206,-20,175,30,389,0" /><INIT seed="5,0,0,1,0,79" ten="220,186,205,389" oya="1" hai0="1,51,94,23,91,92,80,86,111,18,70,107,11" hai1="89,110,47,102,39,117,125,73,103,65,24,131,30" hai2="57,120,41,40,113,19,46,0,35,33,72,128,100" hai3="81,26,85,76,7,10,42,36,93,71,60,114,115"/><U28/><E117/><V5/><F120/><W3/><G93/><T43/><D111/><U112/><E110/><V122/><F122/><W133/><G26/><T75/><D107/><U95/><E73/><V21/><F128/><W13/><G133/><T82/><D70/><U116/><E116/><V124/><F124/><W132/><G132/><T134/><D134/><U4/><E125/><V29/><F113/><N who="3" m="43019" /><G36/><T45/><D75/><U74/><E74/><V2/><F72/><W68/><G42/><T56/><D94/><U27/><E112/><V98/><F35/><W8/><G60/><T88/><D56/><U12/><E65/><V119/><F119/><W135/><G135/><T108/><D108/><U130/><E47/><V66/><F33/><W58/><G58/><T48/><D48/><U59/><E59/><V77/><F77/><W69/><G69/><T25/><REACH who="0" step="1"/><D91/><REACH who="0" ten="210,186,205,389" step="2"/><U129/><E39/><N who="2" m="21791" /><F57/><W17/><AGARI ba="0,1" hai="3,7,8,10,13,17,68,71,76,81,85" m="43019" machi="17" ten="30,2000,0" yaku="15,1,52,1" doraHai="79" who="3" fromWho="3" sc="210,-5,186,-10,205,-5,389,30" /><INIT seed="6,0,0,3,4,50" ten="205,176,200,419" oya="2" hai0="27,78,107,1,45,77,104,131,129,28,24,134,112" hai1="99,62,96,119,85,67,125,5,127,130,36,128,26" hai2="21,91,126,29,117,42,7,65,89,43,61,110,75" hai3="101,34,39,59,115,124,19,71,93,25,46,17,73"/><V92/><F117/><W88/><G73/><T72/><D1/><U74/><E36/><V135/><F75/><W35/><G71/><T103/><D45/><U68/><E74/><V38/><F126/><N who="1" m="48137" /><E119/><V49/><F135/><W109/><G109/><T14/><D14/><U86/><E5/><V90/><F38/><W55/><G101/><T22/><D27/><U56/><E68/><V81/><F81/><W120/><G115/><T16/><D112/><U98/><E26/><N who="2" m="16591" /><F110/><W6/><G6/><T11/><D134/><U105/><E105/><V10/><F49/><W114/><G114/><T63/><D63/><U122/><E122/><V13/><F92/><W15/><G120/><T106/><D103/><U44/><E44/><V52/><F65/><W30/><G124/><T118/><D118/><U60/><E60/><V66/><F66/><W51/><G35/><N who="0" m="20871" /><D11/><U111/><E111/><V47/><F47/><W87/><G15/><N who="0" m="9503" /><D72/><U82/><E82/><V116/><F116/><W48/><G39/><T70/><D70/><U80/><E80/><V57/><AGARI ba="0,0" hai="7,10,13,42,43,52,57,61,89,90,91" m="16591" machi="57" ten="30,6000,0" yaku="8,1,52,1,54,1" doraHai="50" who="2" fromWho="2" sc="205,-20,176,-20,200,60,419,-20" /><INIT seed="6,1,0,2,1,5" ten="185,156,260,399" oya="2" hai0="103,124,83,116,75,7,108,28,46,132,125,88,81" hai1="91,18,121,52,3,64,22,107,16,61,122,79,74" hai2="120,72,37,48,134,127,14,55,111,114,128,45,126" hai3="113,17,4,131,53,56,117,106,102,70,40,115,49"/><V62/><F72/><W123/><G117/><T133/><D108/><U135/><E107/><V36/><F14/><W96/><G123/><N who="1" m="47114" /><E3/><V80/><F80/><W51/><G131/><T19/><D28/><U47/><E135/><N who="0" m="51785" /><D116/><U59/><E91/><V42/><F134/><W10/><G70/><T92/><D7/><U98/><E98/><V86/><F86/><W6/><G17/><N who="1" m="6762" /><E22/><V24/><F24/><W66/><G66/><T84/><D19/><U11/><E11/><V57/><F120/><W100/><G100/><T97/><D46/><U85/><E74/><V104/><F104/><W76/><G76/><AGARI ba="1,0" hai="75,76,81,83,84,88,92,97,103,124,125" m="51785" machi="76" ten="30,7700,0" yaku="20,1,34,2,54,1" doraHai="5" who="0" fromWho="3" sc="185,80,156,0,260,0,399,-80" /><INIT seed="7,0,0,2,1,116" ten="265,156,260,319" oya="3" hai0="26,7,21,10,6,58,133,60,44,134,119,100,80" hai1="11,127,63,31,35,0,81,110,125,20,69,89,59" hai2="18,90,117,118,88,99,1,128,111,47,130,14,52" hai3="126,77,129,16,84,28,19,72,57,92,3,131,95"/><W34/><G3/><T74/><D119/><N who="2" m="45578" /><F111/><W64/><G126/><T12/><D100/><U75/><E110/><V62/><F1/><W121/><G121/><T71/><D71/><U4/><E69/><V38/><F38/><W48/><G72/><T25/><D44/><U73/><E35/><V96/><F99/><W39/><G39/><T30/><D26/><U104/><E104/><V51/><F96/><W101/><G34/><T65/><D74/><U123/><E89/><V27/><F27/><W43/><G28/><T135/><D80/><U8/><E8/><N who="2" m="6471" /><F62/><N who="3" m="37967" /><G101/><T37/><D37/><U86/><E86/><V105/><F105/><W24/><G24/><T114/><D6/><U55/><E81/><V112/><F112/><AGARI ba="0,0" hai="7,10,12,21,25,30,58,60,65,112,114,133,134,135" machi="112" ten="50,1600,0" yaku="20,1" doraHai="116" who="0" fromWho="2" sc="265,16,156,0,260,-16,319,0" owari="281,8.0,156,-34.0,244,-16.0,319,42.0" /></mjloggm>