<mjloggm ver="2.3"><GO type="169" lobby="0"/><UN n0="%E3%81%8B%E3%82%89%E3%83%BC%E3%81%9C" n1="%E6%9C%B4%E9%BE%8D%E5%AE%88" n2="%28%EF%BC%BE%CF%89%EF%BC%BE%29%E3%81%8A%E3%81%89%E3%82%93" n3="%E3%82%A6%E3%83%AB%E3%83%88%E3%83%A9%E7%AB%8B%E7%9B%B4" dan="16,16,17,17" rate="2106.86,2072.70,2174.92,2214.78" sx="F,M,F,M"/><TAIKYOKU oya="0"/><INIT seed="0,0,0,5,0,6" ten="250,250,250,250" oya="0" hai0="4,85,80,84,111,86,120,27,74,122,52,65,0" hai1="37,25,49,42,57,63,13,107,29,100,34,78,131" hai2="71,7,70,114,24,5,135,62,125,104,96,17,44" hai3="109,61,116,59,117,112,127,68,26,28,105,11,47"/><T89/><D65/><U35/><E37/><V81/><F114/><W15/><G68/><T94/><D27/><U101/><E131/><V106/><F125/><W60/><G105/><T115/><D115/><U128/><E128/><V64/><F135/><W31/><G127/><T32/><D32/><U66/><E35/><V41/><F81/><W118/><G112/><T39/><D39/><U30/><E30/><V38/><F71/><W2/><G2/><T54/><D74/><U77/><E13/><V99/><F99/><W121/><G121/><T83/><D83/><U56/><E107/><V21/><F104/><W3/><G3/><T91/><D85/><U98/><E98/><V69/><REACH who="2" step="1"/><F69/><REACH who="2" ten="250,250,240,250" step="2"/><W53/><G118/><T43/><D120/><U22/><E77/><V73/><F73/><W129/><G117/><T76/><D122/><U51/><E78/><V1/><F1/><W82/><G116/><T97/><D76/><U16/><E34/><V103/><AGARI ba="0,1" hai="5,7,17,21,24,38,41,44,62,64,70,96,103,106" machi="103" ten="30,2000,0" yaku="1,1,0,1,53,0" doraHai="6" doraHaiUra="133" who="2" fromWho="2" sc="250,-10,250,-5,240,30,250,-5" /><INIT seed="1,0,0,3,0,130" ten="240,245,270,245" oya="1" hai0="53,82,42,81,89,43,26,38,47,24,0,97,129" hai1="106,5,111,52,83,90,128,20,30,22,79,87,13" hai2="44,48,88,55,74,49,19,108,1,25,6,39,77" hai3="35,117,3,18,41,63,58,59,21,33,46,92,120"/><U127/><E128/><V4/><F39/><W15/><G3/><T51/><D129/><U78/><E106/><V125/><F125/><W12/><G120/><T112/><D112/><U103/><E127/><V32/><F1/><W119/><G92/><N who="0" m="56463" /><D0/><U123/><E123/><V69/><F69/><W75/><G12/><T10/><D38/><U72/><E103/><V40/><F108/><W9/><G21/><N who="1" m="8298" /><E72/><V50/><F19/><W85/><G85/><T109/><D10/><N who="1" m="4303" /><E111/><V84/><F77/><N who="1" m="29193" /><E52/><V27/><F74/><W8/><G75/><T11/><D11/><U105/><E105/><V62/><F32/><W36/><G8/><T91/><D109/><U28/><AGARI ba="0,0" hai="28,30,83,87,90" m="29193,4303,8298" machi="28" ten="30,1500,0" yaku="8,1" doraHai="130" who="1" fromWho="1" sc="240,-5,245,15,270,-5,245,-5" /><INIT seed="1,1,0,5,0,48" ten="235,260,265,240" oya="1" hai0="47,83,40,124,45,133,135,55,70,79,11,126,13" hai1="134,43,92,114,21,105,110,107,90,104,32,12,119" hai2="46,66,80,56,19,89,9,108,15,17,112,120,85" hai3="96,39,123,49,72,30,6,128,77,65,25,51,41"/><U10/><E119/><V69/><F69/><W64/><G123/><T14/><D70/><U34/><E114/><V127/><F120/><W116/><G39/><T20/><D20/><U33/><E134/><N who="0" m="51209" /><D55/><U95/><E43/><V8/><F112/><W1/><G128/><T74/><D47/><U129/><E129/><V106/><F106/><W109/><G109/><T78/><D78/><U27/><E110/><V2/><F127/><N who="0" m="48682" /><D11/><U88/><E95/><V122/><F8/><W75/><G77/><T94/><D94/><U118/><E92/><V28/><F9/><W16/><G65/><T53/><D53/><U131/><E131/><V52/><F52/><W121/><G64/><T44/><D44/><U35/><N who="1" m="8192" /><DORA hai="31" /><U87/><E87/><V68/><F46/><W115/><G41/><T61/><D61/><U59/><E59/><V111/><F56/><W117/><G115/><T23/><D23/><U62/><E118/><V82/><F66/><W54/><G54/><T18/><D18/><U125/><E62/><V22/><F19/><W101/><G16/><T98/><D98/><U26/><E125/><V38/><F17/><W130/><G130/><T57/><D57/><U113/><E113/><V84/><F22/><N who="3" m="15671" /><G117/><T73/><D73/><U63/><E63/><V86/><F68/><W76/><G116/><T50/><AGARI ba="1,0" hai="13,14,40,45,50,74,79,83" m="48682,51209" machi="50" ten="30,2000,0" yaku="20,1,18,1" doraHai="48,31" who="0" fromWho="0" sc="235,23,260,-11,265,-6,240,-6" /><INIT seed="2,0,0,2,5,53" ten="258,249,259,234" oya="2" hai0="56,89,101,23,29,93,82,74,17,7,28,20,83" hai1="3,11,80,125,77,110,22,106,126,31,70,18,64" hai2="109,112,73,50,102,134,15,122,104,132,99,72,124" hai3="10,32,38,100,59,33,129,0,4,13,108,81,121"/><V95/><F122/><W6/><G38/><T58/><D7/><N who="1" m="1535" /><E106/><V55/><F112/><W127/><G100/><T8/><D8/><U131/><E31/><N who="0" m="11849" /><D74/><N who="1" m="43063" /><E110/><V51/><F51/><W44/><G6/><T88/><D101/><U79/><E79/><V14/><F124/><N who="1" m="47721" /><E131/><V52/><F55/><W62/><G129/><T114/><D114/><U71/><E64/><V25/><F25/><AGARI ba="0,0" hai="18,22,25,70,71" m="47721,43063,1535" machi="25" ten="30,1000,0" yaku="18,1" doraHai="53" who="1" fromWho="2" sc="258,0,249,10,259,-10,234,0" /><INIT seed="3,0,0,1,0,132" ten="258,259,249,234" oya="3" hai0="91,56,30,123,52,69,19,36,72,28,12,110,39" hai1="27,105,103,62,75,95,21,107,122,99,46,59,79" hai2="42,23,66,114,117,129,81,126,106,89,128,131,0" hai3="49,120,102,6,44,121,71,14,86,80,2,10,113"/><W92/><G71/><T11/><D123/><U94/><E122/><V53/><F0/><W78/><G2/><T74/><D69/><U55/><E107/><V16/><F106/><W64/><G64/><T118/><D118/><U116/><E116/><V15/><F117/><W97/><REACH who="3" step="1"/><G113/><REACH who="3" ten="258,259,249,224" step="2"/><T100/><D110/><U8/><E8/><V43/><F114/><W84/><G84/><T63/><D74/><U13/><E75/><V18/><F66/><W115/><G115/><T90/><D72/><U70/><E70/><V45/><F129/><W32/><G32/><T17/><D36/><U31/><E79/><V127/><F128/><W35/><G35/><T83/><D39/><U101/><E99/><V61/><F131/><W77/><G77/><T9/><D9/><U98/><E98/><V67/><F67/><W5/><G5/><T125/><D11/><U4/><E4/><V111/><F23/><W133/><G133/><T34/><D34/><U1/><E21/><V68/><F68/><W108/><G108/><T134/><D134/><U33/><E1/><V119/><F111/><W38/><G38/><T26/><D91/><U40/><E33/><V130/><F89/><W54/><AGARI ba="0,1" hai="6,10,14,44,49,54,78,80,86,92,97,102,120,121" machi="54" ten="20,7800,0" yaku="1,1,0,1,7,1,53,1" doraHai="132" doraHaiUra="88" who="3" fromWho="3" sc="258,-26,259,-26,249,-26,224,88" /><INIT seed="3,1,0,3,5,69" ten="232,233,223,312" oya="3" hai0="24,79,96,131,80,99,18,104,130,50,87,85,121" hai1="37,92,83,74,61,34,110,26,76,0,2,40,114" hai2="125,60,56,107,36,55,66,39,75,126,68,22,43" hai3="67,103,11,132,20,106,102,91,30,108,5,16,53"/><W93/><G106/><T111/><D111/><U122/><E122/><V101/><F75/><W12/><G132/><T72/><D121/><U88/><E114/><V84/><F84/><N who="0" m="32330" /><D50/><U6/><E110/><V119/><F101/><W35/><G67/><T77/><D77/><U117/><E117/><V105/><F119/><W120/><G120/><T90/><D24/><U98/><E61/><N who="2" m="40015" /><F22/><W32/><G32/><T21/><D21/><U115/><E115/><V89/><F89/><W27/><G53/><T100/><D18/><U23/><E34/><V25/><F25/><W41/><G41/><T127/><D127/><N who="2" m="48650" /><F43/><W94/><G108/><T123/><D123/><U78/><E78/><V19/><F19/><W54/><G93/><AGARI ba="1,0" hai="72,79,80,90,93,96,99,100,104,130,131" m="32330" machi="93" ten="30,2000,0" yaku="34,2" doraHai="69" who="0" fromWho="3" sc="232,23,233,0,223,0,312,-23" /><INIT seed="4,0,0,5,1,106" ten="255,233,223,289" oya="0" hai0="104,14,103,112,92,76,6,78,86,7,96,5,9" hai1="111,134,121,122,22,120,123,100,119,17,49,10,45" hai2="84,15,129,38,25,1,33,101,128,68,43,29,61" hai3="90,74,32,117,93,2,77,80,97,91,99,102,109"/><T62/><D112/><U69/><E69/><V135/><F1/><W20/><G32/><T67/><D104/><U4/><E119/><V57/><F68/><W70/><G2/><T75/><D86/><U132/><N who="1" m="30720" /><DORA hai="89" /><U108/><E100/><V127/><F101/><N who="3" m="60591" /><G20/><T24/><D24/><N who="1" m="14415" /><E49/><V118/><F118/><W31/><G31/><T16/><REACH who="0" step="1"/><D75/><REACH who="0" ten="245,233,223,289" step="2"/><U58/><E45/><V95/><F84/><W46/><G117/><T37/><D37/><U66/><E58/><AGARI ba="0,1" hai="5,6,7,9,14,16,58,62,67,76,78,92,96,103" machi="58" ten="40,12000,1" yaku="1,1,8,1,52,1,54,1,53,1" doraHai="106,89" doraHaiUra="11,42" who="0" fromWho="1" sc="245,130,233,-120,223,0,289,0" /><INIT seed="4,1,0,5,3,19" ten="375,113,223,289" oya="0" hai0="97,4,37,63,84,111,76,87,0,51,91,95,42" hai1="107,106,41,11,23,6,64,96,103,7,121,14,39" hai2="126,26,104,109,30,3,102,113,74,31,67,36,117" hai3="101,124,65,78,27,55,2,28,17,22,131,25,123"/><T79/><D37/><U56/><E121/><V135/><F67/><W112/><G2/><T60/><D111/><U114/><E114/><V59/><F59/><W82/><G65/><T71/><D0/><U127/><E127/><V92/><F26/><W69/><G69/><T89/><D4/><U57/><E106/><V29/><F29/><W105/><G112/><T68/><D97/><U21/><E6/><V16/><F16/><W34/><G124/><T66/><D42/><U130/><E130/><V58/><F58/><W40/><G131/><T48/><D66/><U120/><E120/><V52/><F52/><W94/><G105/><T110/><D95/><U90/><E90/><V134/><F31/><W13/><G40/><T85/><D85/><U53/><E64/><V61/><F30/><W72/><G123/><T75/><REACH who="0" step="1"/><D110/><REACH who="0" ten="365,113,223,289" step="2"/><U18/><E39/><V46/><F92/><W43/><G43/><T45/><D45/><U129/><E41/><V122/><F46/><W38/><G38/><T33/><D33/><U50/><E129/><V98/><F98/><W132/><G94/><T32/><D32/><U49/><E7/><V115/><F115/><W8/><G55/><AGARI ba="1,1" hai="11,14,18,21,23,49,50,53,55,56,57,96,103,107" machi="55" ten="40,5200,0" yaku="9,1,52,2" doraHai="19" who="1" fromWho="3" sc="365,0,113,65,223,0,289,-55" /><INIT seed="5,0,0,4,2,43" ten="365,178,223,234" oya="1" hai0="74,95,17,42,90,106,16,20,57,87,70,93,45" hai1="7,24,73,61,1,123,81,84,115,122,119,89,98" hai2="33,126,12,50,118,5,109,41,48,132,131,29,13" hai3="14,6,34,86,62,54,69,52,78,71,128,25,46"/><U0/><E119/><V114/><F118/><W83/><G128/><T82/><D106/><U21/><E73/><V135/><F131/><W101/><G101/><T79/><D70/><U26/><E115/><V27/><F109/><W63/><G34/><T47/><D95/><U65/><E98/><V97/><F126/><W116/><G54/><T58/><D17/><U60/><E61/><V36/><F114/><W133/><G71/><T68/><D68/><U96/><E96/><V99/><F36/><W120/><G133/><N who="2" m="51273" /><F48/><N who="3" m="28695" /><G69/><T80/><D80/><U76/><E76/><V49/><F49/><W108/><G108/><T102/><D102/><U121/><E7/><V127/><F127/><W85/><G120/><T18/><D18/><U112/><E112/><V51/><F51/><W124/><G124/><T117/><D117/><U35/><E35/><V2/><F2/><W134/><G134/><T15/><D47/><U19/><REACH who="1" step="1"/><E26/><REACH who="1" ten="365,168,223,234" step="2"/><V91/><F27/><W107/><G25/><T72/><D74/><U129/><E129/><V103/><F33/><W64/><G116/><T113/><D113/><U28/><E28/><V56/><F29/><W105/><G63/><T9/><D72/><U92/><E92/><V37/><F103/><W67/><G62/><T125/><D125/><U110/><E110/><V75/><F75/><W31/><G31/><T3/><D93/><U4/><E4/><V111/><F5/><W22/><G6/><N who="0" m="1247" /><D79/><U23/><E23/><V10/><F111/><W66/><G105/><T53/><D20/><U100/><E100/><V59/><F99/><W8/><G107/><RYUUKYOKU ba="0,1" sc="365,-10,168,30,223,-10,234,-10" hai1="0,1,19,21,24,60,65,81,84,89,121,122,123" /><INIT seed="5,1,1,1,1,46" ten="355,198,213,224" oya="1" hai0="86,32,116,44,88,108,127,90,87,21,62,80,71" hai1="26,63,68,35,28,53,133,16,2,17,22,15,114" hai2="104,97,7,34,95,124,82,117,112,107,27,33,92" hai3="4,106,111,75,103,119,91,65,76,93,126,122,115"/><U50/><E2/><V57/><F117/><W130/><G65/><T30/><D108/><U77/><E114/><V56/><F112/><W38/><G4/><T45/><D116/><U52/><E133/><V70/><F70/><W84/><G38/><T73/><D32/><U64/><E77/><V3/><F124/><W29/><G29/><T54/><D73/><U24/><REACH who="1" step="1"/><E50/><REACH who="1" ten="355,188,213,224" step="2"/><V19/><F3/><W105/><G115/><T67/><D127/><U9/><AGARI ba="1,2" hai="9,15,16,17,22,24,26,28,35,52,53,63,64,68" machi="9" ten="20,18000,2" yaku="1,1,2,1,0,1,7,1,54,2,53,1" doraHai="46" doraHaiUra="58" who="1" fromWho="1" sc="355,-61,188,203,213,-61,224,-61" /><INIT seed="5,2,0,2,2,12" ten="294,391,152,163" oya="1" hai0="18,95,100,46,0,131,111,52,40,133,37,14,129" hai1="118,44,127,49,33,130,72,4,56,87,125,1,82" hai2="17,3,89,7,80,47,99,91,26,93,11,35,102" hai3="9,120,77,85,23,92,59,60,108,110,34,74,114"/><U68/><E118/><V104/><F35/><W10/><G34/><T20/><D111/><U107/><E68/><V31/><F31/><W76/><G74/><T32/><D32/><U41/><E33/><V25/><F47/><W101/><G120/><T88/><D0/><U105/><E72/><V19/><F91/><N who="3" m="53359" /><G101/><T71/><D71/><U45/><E56/><V24/><REACH who="2" step="1"/><F80/><REACH who="2" ten="294,391,142,163" step="2"/><W103/><G110/><T117/><D88/><N who="1" m="51319" /><E45/><V83/><F83/><W39/><G108/><T84/><D46/><U55/><E44/><V13/><F13/><W134/><G39/><T43/><D37/><U57/><E1/><V75/><F75/><W106/><G134/><T113/><D133/><U67/><E127/><V22/><F22/><W27/><G77/><T79/><D79/><U81/><E125/><V90/><F90/><W50/><G76/><T97/><D20/><U61/><E81/><V116/><F116/><W65/><G103/><T135/><D100/><U112/><E130/><V69/><F69/><W63/><G23/><T115/><D117/><U121/><E121/><V2/><F2/><W123/><G123/><T98/><D135/><U21/><E21/><V86/><AGARI ba="2,1" hai="3,7,11,17,19,24,25,26,86,89,93,99,102,104" machi="86" ten="30,8000,1" yaku="1,1,0,1,52,2,53,1" doraHai="12" doraHaiUra="94" who="2" fromWho="2" sc="294,-22,391,-42,142,96,163,-22" /><INIT seed="6,0,0,2,2,2" ten="272,349,238,141" oya="2" hai0="93,78,1,131,129,55,35,95,13,110,88,106,14" hai1="75,18,130,48,115,101,46,102,15,6,43,80,24" hai2="51,54,85,76,12,125,68,119,50,16,111,60,40" hai3="100,59,120,127,57,123,7,77,11,62,133,49,69"/><V31/><F119/><W42/><G127/><T22/><D110/><U91/><E115/><V0/><F0/><W65/><G133/><T128/><D35/><U36/><E130/><V52/><F125/><W99/><G77/><T9/><D106/><U103/><E36/><V4/><F4/><W86/><G86/><T25/><D78/><U70/><E70/><V96/><F31/><W116/><G116/><T89/><D55/><U20/><E75/><V26/><F26/><W74/><G74/><T108/><D108/><U30/><E6/><V3/><F3/><W10/><G10/><T61/><D61/><U92/><E80/><N who="2" m="47239" /><F68/><W114/><G114/><T117/><D117/><U87/><E101/><V33/><F33/><AGARI ba="0,0" hai="15,18,20,24,30,33,43,46,48,87,91,92,102,103" machi="33" ten="30,1000,0" yaku="7,1" doraHai="2" who="1" fromWho="2" sc="272,0,349,10,238,-10,141,0" /><INIT seed="7,0,0,0,0,85" ten="272,359,228,141" oya="3" hai0="28,49,98,1,69,36,96,132,15,135,110,80,112" hai1="48,84,57,117,82,60,5,18,68,21,78,10,114" hai2="31,38,107,8,130,34,100,39,3,61,92,116,97" hai3="89,77,40,124,118,6,109,41,102,46,99,32,86"/><W33/><G118/><T42/><D110/><U74/><E117/><V104/><F116/><W37/><G109/><T52/><D1/><U94/><E68/><V103/><F130/><W106/><G124/><T63/><D112/><U75/><E114/><V65/><F92/><W131/><G131/><T16/><D28/><U129/><E129/><V19/><F19/><W23/><G41/><T126/><D126/><U111/><E48/><V71/><F8/><W123/><G123/><T44/><D80/><U67/><E111/><V108/><F3/><W54/><G6/><T64/><D36/><U83/><E94/><V45/><F45/><W62/><G77/><T87/><D87/><U43/><E43/><V93/><F93/><W25/><G54/><T70/><D70/><U59/><E59/><V26/><F108/><W50/><G62/><T55/><D55/><U134/><E83/><V66/><F66/><W120/><G37/><T20/><D42/><U53/><E67/><V13/><F13/><W115/><G115/><T51/><D51/><U128/><E134/><AGARI ba="0,0" hai="15,16,20,44,49,52,63,64,69,96,98,132,134,135" machi="134" ten="40,5200,0" yaku="20,1,54,2" doraHai="85" who="0" fromWho="1" sc="272,52,359,-52,228,0,141,0" owari="324,42.0,307,11.0,228,-17.0,141,-36.0" /></mjloggm>