<mjloggm ver="2.3"><GO type="41" lobby="0"/><UN n0="%E5%B0%B1%E6%B4%BB%E7%94%9F%40%E5%B7%9D%E6%9D%91%E8%BB%8D%E5%9B%A3" n1="%73%69%6E%61%6E%6A%75" n2="%E5%AE%A4%E4%BC%8F%E3%82%A2%E3%83%8B%E3%82%AD" n3="%E3%81%BE%E3%81%95%E3%81%A3%E3%81%A1%E3%82%83%E3%82%93" dan="15,16,14,15" rate="2041.79,2046.96,2008.65,1969.31" sx="M,M,M,M"/><TAIKYOKU oya="0"/><INIT seed="0,0,0,3,2,95" ten="250,250,250,250" oya="0" hai0="82,124,55,1,34,28,80,89,97,101,109,51,62" hai1="37,122,56,104,44,15,129,103,39,2,93,107,91" hai2="7,68,54,30,21,5,83,81,48,25,14,6,57" hai3="47,24,43,46,90,114,23,61,27,13,38,45,133"/><T71/><D1/><U111/><E2/><V12/><REACH who="2" step="1"/><F68/><REACH who="2" ten="250,250,240,250" step="2"/><W3/><G114/><T116/><D71/><U31/><E122/><V0/><F0/><W121/><G3/><T11/><D116/><U18/><E129/><V76/><F76/><W53/><G121/><T17/><D124/><U127/><E127/><V22/><F22/><W123/><G123/><T19/><D109/><U32/><E111/><V118/><F118/><W134/><G38/><T106/><D62/><U60/><E39/><V131/><F131/><W100/><G43/><T29/><D34/><U69/><E37/><V20/><F20/><W9/><G23/><T108/><D108/><U88/><E69/><V79/><F79/><W73/><G73/><T8/><D28/><U50/><E31/><V113/><F113/><W119/><G119/><T120/><D120/><U16/><E32/><V67/><F67/><W96/><G61/><T58/><D29/><U36/><E60/><V10/><F10/><W128/><G128/><T87/><REACH who="0" step="1"/><D80/><AGARI ba="0,1" hai="5,6,7,12,14,21,25,30,48,54,57,80,81,83" machi="80" ten="40,5200,0" yaku="21,2,8,1,53,0" doraHai="95" doraHaiUra="74" who="2" fromWho="0" sc="250,-52,250,0,240,62,250,0" /><INIT seed="1,0,0,1,1,100" ten="198,250,302,250" oya="1" hai0="27,83,126,41,90,128,110,62,89,116,109,84,70" hai1="95,0,88,55,9,106,63,12,48,15,93,43,73" hai2="129,117,24,133,86,54,44,114,67,21,85,98,105" hai3="51,77,33,96,135,4,64,82,120,81,76,75,39"/><U66/><E73/><V59/><F117/><W65/><G120/><T10/><D116/><U102/><E43/><V31/><F133/><W124/><G135/><T40/><D126/><U132/><E132/><V35/><F129/><W58/><G124/><T32/><D128/><U113/><E113/><V52/><F35/><W37/><G33/><T42/><D89/><U78/><E78/><V28/><F28/><W8/><G96/><T91/><D91/><U36/><E36/><V7/><F7/><W68/><G68/><T92/><D10/><U1/><E15/><V20/><F20/><W16/><G4/><T29/><REACH who="0" step="1"/><D83/><REACH who="0" ten="188,250,302,250" step="2"/><U108/><E9/><V122/><F122/><W18/><G8/><T17/><D17/><U57/><E1/><V107/><F114/><W56/><G75/><T3/><D3/><U121/><E0/><V45/><F31/><W34/><G34/><T22/><D22/><U5/><E121/><V72/><F21/><W61/><REACH who="3" step="1"/><G61/><REACH who="3" ten="188,250,302,240" step="2"/><T99/><D99/><N who="1" m="59759" /><E63/><V11/><F98/><W2/><G2/><T23/><D23/><U112/><E112/><V123/><F72/><W74/><G74/><T97/><D97/><U6/><E5/><V87/><F123/><W46/><G46/><T127/><D127/><U118/><E6/><V53/><F11/><W69/><G69/><T131/><D131/><U130/><E130/><V71/><F71/><W80/><G80/><T26/><D26/><U104/><E118/><V50/><F24/><W13/><G13/><T14/><D14/><U94/><E12/><V25/><F25/><W103/><G103/><RYUUKYOKU ba="0,2" sc="188,15,250,-15,302,-15,240,15" hai0="27,29,32,40,41,42,62,70,84,90,92,109,110" hai3="16,18,37,39,51,56,58,64,65,76,77,81,82" /><INIT seed="2,1,2,5,3,29" ten="203,235,287,255" oya="2" hai0="127,60,104,22,57,25,44,52,63,134,33,130,66" hai1="6,97,72,91,102,100,89,123,13,135,94,46,45" hai2="15,18,1,107,111,110,75,122,88,64,115,9,119" hai3="20,4,8,65,5,51,117,7,80,19,50,114,105"/><V92/><F115/><W95/><G117/><T2/><D2/><U21/><E72/><V38/><F122/><W116/><G116/><T129/><D104/><U62/><E123/><V78/><F119/><W12/><G105/><T49/><D127/><U81/><E135/><V109/><F107/><W103/><G114/><T74/><D74/><U85/><E62/><V23/><F38/><W71/><G80/><T37/><D134/><U40/><E46/><V124/><F64/><W99/><G71/><T56/><D33/><U126/><E126/><V42/><F42/><W77/><G77/><T59/><D37/><U112/><E112/><V120/><F120/><W0/><G65/><N who="0" m="39047" /><D22/><U73/><E73/><V125/><F78/><W14/><G0/><T11/><D11/><U54/><E54/><V128/><F128/><N who="0" m="49258" /><D25/><U86/><E97/><N who="2" m="57479" /><F75/><W67/><REACH who="3" step="1"/><G67/><REACH who="3" ten="203,235,287,245" step="2"/><T87/><D87/><U76/><E76/><V93/><F93/><W32/><G32/><T68/><AGARI ba="1,3" hai="44,49,52,57,59,63,66,68" m="49258,39047" machi="68" ten="30,7900,0" yaku="19,1,34,2,54,1" doraHai="29" who="0" fromWho="0" sc="203,112,235,-21,287,-40,245,-21" /><INIT seed="3,0,0,3,3,47" ten="315,214,247,224" oya="3" hai0="25,10,15,87,130,131,103,59,115,102,56,77,53" hai1="60,104,135,119,22,44,72,26,52,93,64,36,79" hai2="106,121,3,125,105,108,120,124,66,81,83,29,6" hai3="33,90,9,28,107,20,133,68,49,30,71,132,50"/><W12/><G107/><N who="2" m="40969" /><F108/><W37/><G37/><T17/><D115/><U7/><E104/><V116/><F116/><W114/><G114/><T99/><D25/><U65/><E119/><V34/><F66/><W73/><G73/><T112/><D112/><U35/><E35/><V63/><F63/><W110/><G33/><T128/><D99/><U31/><E7/><V55/><F55/><W39/><G39/><T134/><D134/><N who="3" m="51817" /><G110/><T78/><D56/><U62/><E135/><V45/><F45/><W85/><G20/><T129/><N who="0" m="33280" /><DORA hai="91" /><T41/><D41/><U76/><E36/><V0/><F29/><N who="3" m="11371" /><G71/><T1/><D1/><N who="2" m="586" /><F6/><N who="3" m="3127" /><G68/><T92/><D103/><U11/><E72/><V38/><F38/><W82/><AGARI ba="0,0" hai="49,50,82,85,90" m="3127,11371,51817" machi="82" ten="30,6000,0" yaku="20,1,52,2" doraHai="47,91" who="3" fromWho="3" sc="315,-20,214,-20,247,-20,224,60" /><INIT seed="3,1,0,1,4,14" ten="295,194,227,284" oya="3" hai0="53,54,16,123,77,12,71,4,46,23,119,134,6" hai1="27,73,10,61,33,82,68,9,122,78,34,64,110" hai2="60,116,13,93,0,41,45,42,90,88,94,58,83" hai3="125,91,132,49,63,57,103,98,28,102,2,30,74"/><W76/><G2/><T38/><D71/><U97/><E122/><V20/><F0/><W114/><G114/><T106/><D106/><U92/><E110/><V130/><F130/><W37/><G37/><T109/><D123/><U104/><E92/><V75/><F75/><W1/><G1/><T127/><D119/><U62/><E61/><V72/><F72/><W47/><G125/><T24/><D127/><U36/><E36/><V87/><F116/><W29/><G132/><T113/><D134/><U85/><E73/><V65/><F45/><W117/><G117/><T80/><D113/><U86/><E85/><N who="2" m="52367" /><F83/><W15/><G74/><T18/><D109/><U44/><E44/><V35/><F35/><W84/><G76/><T107/><D107/><U50/><E50/><V5/><F5/><N who="0" m="2154" /><D38/><U3/><E3/><V89/><F89/><W101/><G15/><T40/><D40/><U133/><E34/><V11/><F11/><W55/><G98/><T66/><D66/><U69/><E68/><V108/><F108/><W105/><G105/><T131/><D46/><U79/><E78/><V112/><F112/><W96/><G96/><T100/><D100/><N who="1" m="62479" /><E133/><V39/><F39/><W31/><N who="3" m="7680" /><DORA hai="32" /><W95/><REACH who="3" step="1"/><G103/><REACH who="3" ten="295,194,227,274" step="2"/><T52/><D131/><U70/><E33/><V135/><F135/><W129/><G129/><T7/><D7/><U21/><E79/><V121/><F121/><W56/><G56/><T17/><D12/><U51/><E70/><V67/><F65/><AGARI ba="1,1" hai="47,49,55,57,63,65,84,91,95,101,102" m="7680" machi="65" ten="50,18000,2" yaku="1,1,8,1,53,4" doraHai="14,32" doraHaiUra="118,25" who="3" fromWho="2" sc="295,0,194,0,227,-183,274,193" /><INIT seed="3,2,0,5,1,55" ten="295,194,44,467" oya="3" hai0="19,73,75,100,111,10,76,5,63,105,36,20,30" hai1="48,4,125,117,102,128,108,47,16,9,18,98,135" hai2="23,110,3,79,80,118,119,49,44,92,127,64,40" hai3="56,15,103,42,12,133,116,66,96,107,0,114,32"/><W121/><G121/><T26/><D36/><U46/><E108/><V39/><F127/><W22/><G114/><T11/><D111/><U25/><E125/><V87/><F3/><W61/><G116/><T35/><D76/><U53/><E117/><V129/><F110/><W60/><G0/><T112/><D112/><U83/><E128/><V59/><F129/><W101/><G32/><T134/><D134/><U21/><E135/><V57/><F119/><W120/><G120/><T7/><D100/><U70/><E83/><V24/><F118/><W78/><G133/><T113/><D105/><U34/><E34/><V50/><F39/><W104/><G78/><T86/><D113/><U91/><E91/><V65/><F50/><W124/><G124/><T8/><D63/><U68/><E18/><N who="2" m="12407" /><F92/><W43/><G22/><T62/><D62/><U74/><E46/><V126/><F126/><W84/><G84/><T90/><D75/><U106/><E74/><V95/><F95/><W82/><G82/><T109/><D73/><U13/><AGARI ba="2,0" hai="4,9,13,16,21,25,47,48,53,68,70,98,102,106" machi="13" ten="20,2700,0" yaku="0,1,7,1,54,1" doraHai="55" who="1" fromWho="1" sc="295,-9,194,33,44,-9,467,-15" /><INIT seed="4,0,0,0,1,89" ten="286,227,35,452" oya="0" hai0="107,31,66,40,127,119,23,129,81,58,124,76,80" hai1="14,131,133,6,15,90,71,10,8,13,88,43,18" hai2="98,61,68,121,94,63,103,123,45,49,7,1,47" hai3="51,108,11,106,27,130,104,125,134,85,84,2,29"/><T75/><D107/><U83/><E71/><V19/><F47/><W33/><G108/><T67/><D119/><U109/><E109/><V128/><F128/><W25/><G130/><T77/><D129/><U35/><E131/><V111/><F111/><W26/><G125/><N who="0" m="48203" /><D40/><U122/><E35/><V93/><F19/><W100/><G134/><T135/><D135/><U34/><E133/><V16/><F16/><W86/><G51/><T42/><D42/><U4/><E34/><V54/><F7/><W87/><N who="3" m="22016" /><DORA hai="59" /><W20/><G100/><T132/><D132/><U56/><E43/><V72/><F72/><W112/><G112/><T53/><D77/><U102/><E102/><V17/><F1/><W0/><G11/><T101/><D101/><U73/><E122/><V44/><F44/><W65/><G65/><T64/><D80/><U57/><E73/><V97/><F17/><W41/><G41/><T99/><D99/><U39/><E39/><V21/><F21/><W38/><G38/><T92/><D92/><U105/><E105/><N who="3" m="40554" /><G33/><T115/><D115/><U28/><E83/><V3/><F3/><N who="3" m="1067" /><G20/><T12/><D31/><U37/><E28/><V74/><F74/><W120/><G29/><T55/><D58/><N who="1" m="22635" /><E37/><V91/><REACH who="2" step="1"/><F68/><REACH who="2" ten="286,227,25,452" step="2"/><W24/><G24/><T82/><D82/><U78/><E78/><V52/><F52/><N who="0" m="20042" /><D23/><AGARI ba="0,1" hai="4,6,8,10,13,14,15,18,23,88,90" m="22635" machi="23" ten="30,2000,0" yaku="8,1,54,1" doraHai="89,59" who="1" fromWho="0" sc="286,-20,227,30,25,0,452,0" /><INIT seed="5,0,0,4,5,132" ten="266,257,25,452" oya="1" hai0="134,126,80,57,62,112,42,111,131,37,20,35,32" hai1="58,107,71,85,61,114,64,54,40,51,28,8,75" hai2="66,9,110,48,55,0,34,94,65,127,19,130,11" hai3="83,12,102,4,120,47,129,14,78,135,109,77,52"/><U38/><E75/><V29/><F110/><W26/><G109/><T98/><D111/><U45/><E107/><V68/><F130/><W22/><G120/><T123/><D123/><U18/><E28/><V101/><F68/><W49/><G129/><T105/><D112/><U88/><E114/><V87/><F34/><W125/><G135/><T16/><D134/><U67/><E67/><V113/><F113/><W6/><G102/><T36/><D131/><U133/><E133/><V108/><F29/><W97/><G97/><T30/><D30/><U63/><E61/><V81/><F108/><W23/><G125/><T24/><D80/><N who="1" m="49191" /><E18/><V5/><F19/><N who="3" m="12639" /><G83/><T27/><D126/><U41/><E40/><V128/><F128/><W7/><G23/><T59/><D27/><U117/><E8/><V60/><F9/><W119/><G119/><AGARI ba="0,0" hai="38,41,45,51,54,58,63,64,71,117,119" m="49191" machi="119" ten="30,2900,0" yaku="24,1,54,1" doraHai="132" who="1" fromWho="3" sc="266,0,257,29,25,0,452,-29" /><INIT seed="5,1,0,5,2,77" ten="266,286,25,423" oya="1" hai0="35,42,62,75,85,67,126,45,108,41,115,0,131" hai1="132,43,59,20,114,61,44,52,122,16,21,103,112" hai2="26,71,81,91,56,102,47,97,106,118,96,74,4" hai3="48,3,83,57,10,98,130,111,12,9,22,84,58"/><U128/><E128/><V33/><F118/><W54/><G111/><T66/><D75/><U55/><E122/><V14/><F47/><W88/><G130/><T116/><D0/><U17/><E132/><V109/><F109/><W94/><G3/><T31/><D108/><U121/><E103/><V51/><F96/><W63/><G22/><N who="1" m="8810" /><E121/><V72/><F91/><N who="3" m="55647" /><G12/><T99/><D116/><U93/><E55/><AGARI ba="1,0" hai="9,10,48,54,55,57,58,63,83,84,88" m="55647" machi="55" ten="30,3900,0" yaku="8,1,52,1,54,1" doraHai="77" who="3" fromWho="1" sc="266,0,286,-42,25,0,423,42" /><INIT seed="6,0,0,0,2,88" ten="266,244,25,465" oya="2" hai0="5,35,57,42,109,51,85,126,28,108,97,25,17" hai1="127,43,77,91,69,93,106,79,48,107,116,75,112" hai2="122,102,54,73,36,66,1,14,56,117,50,39,7" hai3="41,64,128,29,82,131,47,99,81,33,11,61,125"/><V12/><F73/><W23/><G33/><T87/><D126/><U49/><E69/><V60/><F122/><W83/><G125/><T27/><D5/><U9/><E127/><V115/><F117/><W111/><G111/><T94/><D108/><U26/><E116/><V110/><F110/><W114/><G114/><T100/><D109/><U6/><E112/><V53/><F115/><W20/><G11/><T118/><D118/><U130/><E130/><N who="3" m="49706" /><G99/><T8/><D57/><U32/><E43/><V15/><F102/><W58/><G29/><T3/><D3/><U30/><E107/><V46/><REACH who="2" step="1"/><F54/><REACH who="2" ten="266,244,15,465" step="2"/><W98/><G98/><T84/><D97/><U52/><E52/><V96/><F96/><W19/><G19/><T24/><D100/><U34/><E75/><V31/><F31/><W70/><G70/><T104/><D28/><U120/><E120/><V4/><F4/><W121/><G121/><T55/><D104/><U78/><E106/><V63/><F63/><W101/><G101/><T67/><D55/><U2/><E34/><V119/><F119/><W65/><G65/><T38/><D67/><U18/><E32/><V103/><F103/><W132/><G132/><T133/><D35/><U123/><E30/><V72/><F72/><W16/><G16/><T71/><D133/><U95/><E123/><V21/><F21/><W59/><G59/><T10/><D17/><U105/><E18/><V92/><F92/><W0/><G0/><T124/><D94/><U74/><E95/><V68/><F68/><W135/><G135/><T86/><N who="0" m="22016" /><DORA hai="113" /><T37/><D71/><RYUUKYOKU ba="0,1" sc="266,-15,244,-15,15,15,465,15" hai2="1,7,12,14,15,36,39,46,50,53,56,60,66" hai3="20,23,41,47,58,61,64,81,82,83" /><INIT seed="6,1,1,3,2,31" ten="251,229,30,480" oya="2" hai0="13,129,55,113,134,133,128,41,88,5,121,114,125" hai1="33,57,4,34,18,109,102,32,107,95,87,60,38" hai2="1,49,59,101,82,112,103,20,37,6,130,91,115" hai3="40,27,73,30,124,22,21,132,111,43,39,26,45"/><V24/><F37/><W68/><G111/><T83/><D41/><U71/><E109/><V122/><F122/><W53/><G124/><T131/><D121/><U84/><E38/><V47/><F130/><W106/><G132/><N who="0" m="50795" /><D125/><U116/><E116/><V52/><F1/><W100/><G43/><T15/><D55/><U44/><E44/><V86/><F6/><W9/><G73/><T65/><D65/><U3/><E71/><V56/><F56/><W96/><G68/><T58/><D58/><U67/><E107/><V28/><REACH who="2" step="1"/><F59/><REACH who="2" ten="251,229,20,480" step="2"/><W110/><G110/><T81/><D5/><U29/><E4/><V14/><F14/><N who="0" m="5130" /><D88/><U93/><E3/><V135/><F135/><W12/><G53/><T118/><D118/><U64/><E57/><V104/><F104/><W92/><G106/><T19/><D19/><U126/><E18/><V90/><F90/><W123/><G123/><T108/><D108/><U98/><E126/><V66/><F66/><W76/><G76/><T94/><D94/><U54/><E67/><V119/><F119/><W63/><G63/><T72/><D72/><U105/><E64/><V46/><F46/><W2/><G2/><T0/><D0/><U62/><E60/><V23/><F23/><W97/><G97/><T79/><D79/><U77/><E77/><V75/><F75/><W74/><G74/><T42/><D42/><U99/><E105/><V78/><F78/><W16/><G12/><T10/><D10/><U80/><E62/><V51/><F51/><W36/><G9/><T48/><D48/><AGARI ba="1,2" hai="16,21,22,26,27,30,36,39,40,45,48,92,96,100" machi="48" ten="30,2000,0" yaku="7,1,54,1" doraHai="31" who="3" fromWho="0" sc="251,-23,229,0,20,0,480,43" /><INIT seed="7,0,0,2,1,61" ten="228,229,20,523" oya="3" hai0="4,80,103,30,23,133,28,53,73,54,108,116,11" hai1="132,67,5,62,87,114,55,129,75,66,74,49,18" hai2="59,22,45,63,36,131,6,35,33,56,39,83,121" hai3="77,102,118,26,19,10,70,7,25,130,89,113,115"/><W20/><G118/><T0/><D108/><U40/><E40/><V106/><F22/><W111/><G102/><T8/><D116/><U38/><E67/><V84/><F6/><W2/><G77/><T101/><D133/><U96/><E38/><V93/><F93/><W37/><G37/><T125/><D125/><U50/><E49/><V86/><F86/><W47/><BYE who="2" /><G47/><T98/><D23/><U68/><E132/><V97/><F97/><W79/><G79/><T120/><D120/><U41/><E41/><V60/><F60/><W82/><G70/><T13/><D73/><U90/><E114/><N who="3" m="43530" /><G130/><T9/><D80/><U15/><E129/><V94/><F94/><W46/><G46/><T100/><D98/><U122/><E96/><V124/><F124/><W44/><G44/><T85/><D85/><U127/><E5/><V31/><F31/><N who="0" m="11818" /><D0/><U110/><E127/><V24/><F24/><N who="3" m="14367" /><G111/><T88/><D88/><U99/><E99/><V117/><F117/><W1/><G1/><T119/><D119/><U42/><E42/><V65/><F65/><W21/><G21/><T14/><D8/><N who="1" m="6503" /><E110/><V51/><F51/><W48/><G48/><T58/><D58/><N who="1" m="33143" /><E122/><V12/><F12/><W107/><G107/><T17/><AGARI ba="0,0" hai="4,9,11,13,14,17,53,54,100,101,103" m="11818" machi="17" ten="30,1100,0" yaku="8,1" doraHai="61" who="0" fromWho="0" sc="228,11,229,-3,20,-3,523,-5" owari="239,4.0,226,-17.0,17,-48.0,518,61.0" /></mjloggm>