<mjloggm ver="2.3"><GO type="97" lobby="0"/><UN n0="%52%2E%41%2E%59%2E" n1="%44%6F%72%61%38" n2="%E5%B0%B1%E6%B4%BB%E7%94%9F%40%E5%B7%9D%E6%9D%91%E8%BB%8D%E5%9B%A3" n3="%E6%B8%85%E6%B0%B4%40%E6%A3%84%E9%BA%BB%E8%BB%8D%E5%9C%98" dan="13,13,14,13" rate="1907.58,1917.33,1962.17,1924.95" sx="M,M,M,M"/><TAIKYOKU oya="0"/><INIT seed="0,0,0,2,4,53" ten="250,250,250,250" oya="0" hai0="51,114,84,65,135,13,129,5,23,124,112,95,106" hai1="61,39,83,77,115,14,29,17,70,19,1,121,15" hai2="92,93,128,88,12,0,89,109,34,105,103,126,81" hai3="63,18,46,80,11,110,98,52,127,31,96,16,118"/><T72/><BYE who="1" /><D106/><U49/><E49/><V120/><F0/><W76/><G118/><T33/><D72/><U64/><E64/><V42/><F120/><W58/><G110/><UN n1="%44%6F%72%61%38" /><T22/><D33/><U94/><E121/><V10/><F34/><W36/><G127/><T87/><D124/><U75/><E94/><V47/><F126/><W117/><G117/><T133/><D65/><U104/><E39/><V38/><F128/><W66/><G31/><T131/><D95/><U24/><E115/><N who="0" m="44073" /><D51/><U67/><E104/><V86/><F109/><W97/><G11/><T125/><D125/><U50/><E50/><V21/><F21/><N who="0" m="7690" /><D13/><U62/><E62/><V122/><F122/><W132/><G132/><N who="0" m="50763" /><D5/><U68/><E68/><V90/><F105/><W79/><G79/><T26/><D26/><U48/><E15/><V27/><F27/><W100/><G100/><T108/><D108/><U25/><E14/><V54/><F103/><W85/><REACH who="3" step="1"/><G66/><REACH who="3" ten="250,250,250,240" step="2"/><T113/><N who="0" m="44081" /><T74/><DORA hai="8" /><D74/><U57/><E67/><V41/><F90/><W60/><G60/><T9/><D9/><U134/><E61/><V91/><F89/><W56/><G56/><T4/><D4/><U123/><E57/><V32/><F91/><W78/><G78/><T101/><D101/><U73/><E123/><V28/><F88/><W7/><G7/><T59/><D59/><U40/><E77/><V20/><F10/><W69/><G69/><T35/><D35/><U55/><E70/><V130/><F32/><W6/><G6/><T45/><D45/><U99/><E134/><V107/><F47/><RYUUKYOKU ba="0,1" sc="250,15,250,-15,250,-15,240,15" hai0="84,87,129,131" hai3="16,18,36,46,52,58,63,76,80,85,96,97,98" /><INIT seed="0,1,1,1,2,74" ten="265,235,235,255" oya="0" hai0="120,132,3,53,121,99,91,48,43,42,44,92,114" hai1="2,52,1,49,68,72,87,12,76,11,113,20,106" hai2="23,63,31,135,67,127,134,133,33,54,128,103,78" hai3="36,98,56,65,96,40,7,131,61,46,9,101,10"/><T84/><D3/><U55/><E68/><V41/><F33/><W51/><G131/><T59/><D114/><U35/><E106/><V125/><F41/><W29/><G29/><T62/><D132/><U71/><E35/><V77/><F103/><W118/><G118/><T0/><D0/><U129/><E72/><V24/><F54/><W34/><G34/><T22/><D43/><U38/><E55/><V123/><F123/><W30/><G30/><T122/><REACH who="0" step="1"/><D22/><REACH who="0" ten="255,235,235,255" step="2"/><U116/><E20/><V37/><F128/><W18/><G36/><T19/><D19/><U4/><E38/><V26/><F37/><W39/><G39/><T21/><D21/><U115/><E129/><V89/><F26/><W81/><G40/><T6/><D6/><U57/><E2/><V28/><F28/><W70/><G7/><T14/><D14/><U97/><E12/><V95/><F125/><W109/><G18/><T124/><D124/><U85/><E116/><V94/><F127/><W102/><G10/><T32/><D32/><U88/><E115/><V50/><F133/><W45/><G9/><T60/><D60/><U105/><E113/><V80/><F134/><W86/><G61/><T126/><D126/><U66/><E11/><V93/><F135/><W69/><G70/><T58/><D58/><U112/><E4/><V104/><F63/><W64/><G69/><T27/><D27/><U111/><E112/><V130/><F24/><W117/><G117/><T17/><D17/><U119/><E119/><V75/><F23/><W8/><G56/><T15/><D15/><U13/><E13/><RYUUKYOKU ba="1,2" sc="255,30,235,-10,235,-10,255,-10" hai0="42,44,48,53,59,62,84,91,92,99,120,121,122" /><INIT seed="0,2,2,5,2,86" ten="285,225,225,245" oya="0" hai0="100,70,102,77,2,91,116,132,95,75,6,71,41" hai1="26,98,35,115,83,57,120,76,24,55,85,64,11" hai2="58,81,49,28,0,7,127,44,108,30,82,106,111" hai3="59,131,93,94,25,63,31,96,43,20,15,23,17"/><T50/><D116/><U67/><E120/><V52/><F106/><W38/><G131/><T113/><D113/><U8/><E35/><V128/><F128/><W90/><G38/><T5/><D132/><U73/><E98/><V45/><F127/><W74/><G74/><T37/><D37/><U60/><E73/><V9/><F45/><W112/><G112/><T121/><D121/><U119/><E119/><V40/><F82/><W56/><G43/><T134/><D134/><U79/><E79/><V97/><F97/><W129/><G129/><T18/><D2/><U61/><E55/><V99/><F99/><W19/><G31/><T87/><D71/><U126/><E115/><V124/><F81/><W33/><G33/><T62/><D70/><U27/><REACH who="1" step="1"/><E126/><REACH who="1" ten="285,215,225,245" step="2"/><V68/><F124/><W92/><REACH who="3" step="1"/><G59/><AGARI ba="2,3" hai="8,11,24,26,27,57,59,60,61,64,67,76,83,85" machi="59" ten="40,12000,2" yaku="1,1,2,1,9,1,8,1,53,3" doraHai="86" doraHaiUra="21" who="1" fromWho="3" sc="285,0,215,156,225,0,245,-126" /><INIT seed="1,0,0,0,2,117" ten="285,371,225,119" oya="1" hai0="65,127,80,87,33,107,73,14,103,5,75,126,29" hai1="23,82,47,98,101,69,16,27,118,76,35,64,74" hai2="19,55,66,67,116,68,89,132,39,123,45,81,94" hai3="79,26,97,77,6,48,56,38,57,43,71,25,125"/><U84/><E84/><V104/><F116/><W115/><G71/><T70/><D29/><U18/><E35/><V30/><F104/><W32/><G38/><T13/><D33/><U111/><E118/><V124/><F123/><W17/><G115/><T120/><D103/><U51/><E69/><V119/><F119/><W60/><G125/><N who="0" m="47627" /><D107/><U105/><E111/><V3/><F3/><W59/><G32/><T7/><D65/><U36/><E36/><V78/><F30/><W96/><G6/><N who="0" m="2059" /><D70/><U31/><E64/><V8/><F132/><W133/><G133/><T93/><D93/><U83/><REACH who="1" step="1"/><E83/><REACH who="1" ten="285,361,225,119" step="2"/><V49/><F68/><W1/><G1/><T44/><D75/><U61/><E61/><V40/><F67/><W135/><G135/><T58/><D87/><U86/><E86/><V72/><F66/><W108/><G108/><T22/><D80/><U52/><AGARI ba="0,1" hai="16,18,23,27,31,47,51,52,74,76,82,98,101,105" machi="52" ten="20,12000,1" yaku="1,1,0,1,7,1,54,2,53,0" doraHai="117" doraHaiUra="63" who="1" fromWho="1" sc="285,-40,361,130,225,-40,119,-40" /><INIT seed="1,1,0,1,0,6" ten="245,491,185,79" oya="1" hai0="25,53,113,64,71,118,89,87,69,104,61,19,95" hai1="52,68,130,59,116,96,97,8,67,4,132,80,103" hai2="120,77,134,24,15,78,94,119,66,5,0,57,114" hai3="105,44,17,48,110,16,99,115,35,73,42,56,23"/><U55/><E116/><V84/><F0/><W62/><G35/><T27/><D118/><U49/><E68/><V108/><F119/><W10/><G115/><T76/><D113/><U28/><E28/><V129/><F129/><W133/><G133/><T63/><D104/><U121/><E121/><V32/><F108/><W41/><G73/><T39/><D39/><U131/><E80/><V51/><F134/><W83/><G110/><T127/><D127/><U36/><E36/><V135/><F135/><W2/><G83/><T123/><D123/><U7/><E67/><V3/><F3/><W38/><G38/><T29/><D76/><U14/><E55/><V33/><F33/><W31/><G41/><T101/><D101/><U90/><E132/><V26/><F32/><W46/><G44/><T107/><D107/><N who="1" m="63975" /><E90/><N who="2" m="53575" /><F120/><W102/><G23/><T91/><D29/><U112/><E97/><V40/><F114/><W117/><G31/><T47/><D47/><U125/><E112/><V34/><F34/><W30/><G30/><T109/><D109/><U12/><E125/><V22/><F66/><W122/><G122/><T21/><D89/><U126/><E126/><V124/><F124/><W50/><G117/><T9/><D9/><N who="1" m="4135" /><E131/><V106/><F106/><W72/><G72/><T92/><D71/><U11/><E11/><N who="2" m="4591" /><F24/><W60/><G2/><T70/><D70/><U74/><E74/><V75/><F75/><W1/><G1/><T111/><D111/><U58/><E130/><V100/><F100/><W45/><G10/><T20/><D69/><U128/><E128/><V86/><F40/><RYUUKYOKU ba="1,0" sc="245,-10,491,30,185,-10,79,-10" hai1="7,8,14,49,52,58,59" /><INIT seed="1,2,0,3,4,126" ten="235,521,175,69" oya="1" hai0="52,62,128,120,58,34,23,66,53,89,106,24,15" hai1="63,79,6,95,33,43,12,131,107,18,73,48,108" hai2="91,0,124,77,132,57,8,71,26,70,117,72,85" hai3="55,135,32,67,80,82,14,109,99,22,9,56,115"/><U40/><E33/><V28/><F124/><W35/><G115/><T116/><D116/><U105/><E6/><V134/><F117/><W101/><G135/><N who="2" m="51753" /><F72/><W50/><G109/><T129/><D106/><U42/><E48/><V7/><F57/><W29/><G67/><T38/><D38/><U61/><E95/><N who="2" m="54767" /><F77/><W37/><G37/><T100/><D100/><U130/><E108/><V110/><F110/><W49/><G50/><T25/><D34/><AGARI ba="2,0" hai="0,7,8,26,28,34,70,71" m="54767,51753" machi="34" ten="30,1000,0" yaku="20,1" doraHai="126" who="2" fromWho="0" sc="235,-16,521,0,175,16,69,0" /><INIT seed="2,0,0,0,4,110" ten="219,521,191,69" oya="2" hai0="92,10,121,89,13,78,103,111,95,57,47,91,53" hai1="58,123,22,32,26,18,125,45,76,115,102,87,127" hai2="43,3,120,0,27,19,80,50,134,5,9,29,31" hai3="107,101,2,51,70,30,66,105,96,62,94,126,46"/><V54/><F120/><W37/><G126/><N who="1" m="48138" /><E32/><V21/><F134/><W116/><G116/><T68/><D121/><U15/><E102/><V7/><F43/><W104/><G37/><T72/><D111/><U59/><E45/><V75/><F7/><W64/><G66/><T14/><D68/><U100/><E100/><V33/><F3/><W63/><G62/><T106/><D78/><U108/><E108/><V38/><F38/><W128/><G128/><T81/><D81/><N who="1" m="47527" /><E123/><V79/><REACH who="2" step="1"/><F33/><REACH who="2" ten="219,521,181,69" step="2"/><W28/><G2/><T114/><D72/><U69/><E15/><V4/><F4/><W129/><REACH who="3" step="1"/><G129/><REACH who="3" ten="219,521,181,59" step="2"/><T12/><D14/><U61/><E26/><V67/><F67/><W42/><AGARI ba="0,2" hai="28,30,42,46,51,63,64,70,94,96,101,104,105,107" machi="42" ten="30,7900,0" yaku="1,1,2,1,0,1,53,1" doraHai="110" doraHaiUra="98" who="3" fromWho="3" sc="219,-20,521,-20,181,-39,59,99" /><INIT seed="3,0,0,5,5,60" ten="199,501,142,158" oya="3" hai0="93,14,121,76,25,124,102,58,112,69,47,119,133" hai1="88,91,80,20,36,122,3,38,97,74,59,18,129" hai2="89,35,2,120,81,134,111,84,99,100,71,10,28" hai3="34,77,53,26,130,70,40,41,43,51,4,0,90"/><W30/><G70/><T39/><D121/><U72/><E122/><V85/><F120/><W117/><G117/><T92/><D119/><U15/><E3/><V54/><F134/><W17/><G130/><T44/><D133/><U21/><E129/><V7/><F111/><W78/><G90/><T104/><D124/><U105/><E59/><V49/><F71/><W68/><G68/><T87/><D112/><U29/><E38/><V42/><F42/><W45/><REACH who="3" step="1"/><G17/><REACH who="3" ten="199,501,142,148" step="2"/><T50/><D69/><U96/><E36/><V66/><F28/><W24/><G24/><T31/><D39/><U116/><E116/><V23/><F23/><W1/><G1/><T108/><D108/><U94/><E18/><V13/><F35/><W135/><G135/><T32/><D32/><U95/><E20/><V101/><F2/><W83/><G83/><T131/><D131/><U48/><E80/><V57/><F85/><W106/><G106/><T103/><D87/><U109/><E21/><V16/><F16/><W128/><G128/><T86/><D104/><U126/><E105/><V132/><F132/><W127/><G127/><T37/><D86/><U114/><E109/><V12/><F12/><W113/><G113/><T46/><D14/><U110/><E15/><V115/><F115/><W123/><G123/><T118/><D118/><U11/><E114/><V67/><F100/><W33/><G33/><T22/><D37/><U61/><E110/><V8/><F8/><AGARI ba="0,1" hai="0,4,8,26,30,34,40,41,43,45,51,53,77,78" machi="8" ten="40,2000,0" yaku="1,1,53,0" doraHai="60" doraHaiUra="65" who="3" fromWho="2" sc="199,0,501,0,142,-20,148,30" /><INIT seed="3,1,0,0,4,8" ten="199,501,122,178" oya="3" hai0="14,4,98,64,66,69,123,95,65,24,30,121,72" hai1="42,97,99,106,79,77,44,92,129,55,12,128,68" hai2="51,90,115,1,100,133,47,89,7,18,81,88,110" hai3="39,52,54,108,80,36,40,71,101,85,117,46,120"/><W63/><G117/><T116/><D69/><U60/><E106/><V20/><F115/><W29/><G120/><T103/><D116/><U86/><E68/><V25/><F133/><W87/><G108/><T94/><D72/><U56/><E86/><V19/><F110/><W109/><G109/><T82/><D82/><U130/><E12/><V16/><F100/><W22/><G101/><T118/><D118/><U104/><E104/><V50/><F50/><W131/><G131/><T84/><D84/><U26/><E99/><V134/><F134/><W74/><G74/><T48/><D48/><N who="1" m="26647" /><E26/><V135/><F135/><W38/><G87/><T28/><D95/><U124/><E124/><V125/><F125/><W23/><G71/><T83/><D83/><U17/><E17/><N who="2" m="12431" /><F7/><W70/><G70/><T61/><D61/><U15/><E15/><V122/><F1/><W73/><G63/><T27/><D27/><U126/><E126/><V43/><F122/><W49/><G73/><T33/><REACH who="0" step="1"/><D28/><REACH who="0" ten="189,501,122,178" step="2"/><U6/><E129/><V5/><F5/><W13/><G29/><T10/><AGARI ba="1,1" hai="4,10,14,24,30,33,64,65,66,94,98,103,121,123" machi="10" ten="30,8000,1" yaku="1,1,2,1,0,1,52,1,53,1" doraHai="8" doraHaiUra="0" who="0" fromWho="0" sc="189,93,501,-21,122,-21,178,-41" owari="282,8.0,480,58.0,101,-40.0,137,-26.0" /></mjloggm>