<mjloggm ver="2.3"><GO type="41" lobby="0"/><UN n0="%E5%B0%B1%E6%B4%BB%E7%94%9F%40%E5%B7%9D%E6%9D%91%E8%BB%8D%E5%9B%A3" n1="%E5%B1%B1%E7%94%B0%E3%81%BE%E3%82%8A%E3%82%8A%E3%82%93" n2="%65%6D%61%6E%6F%6E" n3="%E5%BD%A9%E8%89%B2%E5%93%A5" dan="16,13,13,14" rate="2038.42,1879.53,1833.78,1985.36" sx="M,F,M,M"/><TAIKYOKU oya="0"/><INIT seed="0,0,0,0,2,117" ten="250,250,250,250" oya="0" hai0="43,72,13,1,70,114,0,61,22,35,3,93,83" hai1="25,78,41,64,45,58,96,34,74,108,112,120,79" hai2="44,88,59,86,47,100,33,10,50,107,31,37,80" hai3="129,18,29,113,81,69,92,123,91,17,48,32,65"/><T68/><D35/><U16/><E112/><V39/><F33/><W23/><G113/><T118/><D114/><U111/><E96/><V19/><F31/><W71/><G129/><T90/><D118/><U57/><E34/><V54/><F47/><W106/><G32/><T131/><D131/><U51/><E74/><V135/><F135/><W21/><G106/><T55/><D43/><U97/><E97/><V130/><F130/><W8/><G29/><T124/><D124/><U87/><E64/><V14/><REACH who="2" step="1"/><F59/><REACH who="2" ten="250,250,240,250" step="2"/><W102/><G71/><T84/><D70/><U95/><E58/><V76/><F76/><W99/><G69/><T24/><D68/><U9/><E57/><V132/><F132/><W104/><G23/><T89/><D22/><U62/><E79/><V134/><F134/><W11/><G21/><T28/><D28/><U101/><E78/><V15/><F15/><W119/><G119/><T6/><D13/><U94/><E45/><V116/><F116/><W133/><G133/><T73/><D24/><U66/><E25/><V49/><F49/><W60/><G48/><T128/><D128/><U27/><E51/><V20/><F20/><W7/><G8/><T40/><D40/><U105/><E41/><V103/><F103/><W127/><G11/><T121/><D72/><U85/><E9/><V46/><F46/><W26/><G102/><T63/><D73/><U110/><E27/><V109/><F109/><W98/><G26/><T53/><D1/><U82/><E111/><V42/><F42/><W122/><G127/><T126/><D126/><U2/><E110/><RYUUKYOKU ba="0,1" sc="250,-10,250,-10,240,30,250,-10" hai2="10,14,19,37,39,44,50,54,80,86,88,100,107" /><INIT seed="1,1,1,4,5,130" ten="240,240,270,240" oya="1" hai0="23,97,78,54,80,65,67,70,46,52,77,24,88" hai1="113,124,43,38,36,12,125,33,107,69,73,98,105" hai2="123,60,55,11,86,25,21,7,68,32,29,26,91" hai3="112,9,40,41,53,27,103,62,13,49,58,42,50"/><U39/><E73/><V45/><F123/><W106/><G112/><T20/><D70/><U89/><E113/><V120/><F120/><W37/><G106/><T16/><D23/><U118/><E118/><V30/><F68/><W59/><G103/><T79/><D46/><U132/><E69/><V63/><F45/><W31/><G27/><T116/><D116/><U66/><E66/><N who="0" m="25097" /><D80/><U102/><E33/><V74/><F74/><W47/><G31/><T6/><D6/><U100/><E89/><V28/><F28/><W117/><G13/><T75/><D75/><U14/><E43/><N who="3" m="16458" /><G9/><T133/><D133/><U1/><E1/><V51/><F51/><N who="3" m="31039" /><G117/><T87/><D87/><U93/><E132/><V92/><REACH who="2" step="1"/><F55/><AGARI ba="1,1" hai="37,42,47,49,50,55,59,62" m="31039,16458" machi="55" ten="30,8000,1" yaku="35,5" doraHai="130" who="3" fromWho="2" sc="240,0,240,0,270,-83,240,93" /><INIT seed="2,0,0,4,2,118" ten="240,240,187,333" oya="2" hai0="83,72,125,65,85,106,126,132,89,77,91,59,78" hai1="8,105,61,60,69,70,58,131,103,127,71,10,120" hai2="88,112,49,94,40,34,17,64,53,30,98,2,96" hai3="24,22,20,95,29,76,110,35,87,93,73,99,107"/><V38/><F112/><W111/><G73/><T113/><D65/><U33/><E33/><V62/><F2/><W129/><G129/><T23/><D23/><U102/><E131/><V90/><F34/><W43/><G43/><T21/><D21/><U133/><E133/><V50/><F30/><W117/><G117/><T92/><D59/><U104/><E58/><V16/><F38/><W5/><G5/><T80/><D113/><U124/><E71/><V32/><F40/><W75/><G75/><N who="0" m="43071" /><D132/><U101/><REACH who="1" step="1"/><E103/><REACH who="1" ten="240,230,187,333" step="2"/><V6/><F32/><W44/><G35/><T82/><D106/><U42/><E42/><V66/><F6/><W130/><G107/><T15/><D15/><U3/><E3/><V57/><F57/><W11/><G130/><T39/><D39/><U37/><E37/><V31/><F62/><W48/><G29/><T12/><D12/><U27/><E27/><V55/><F31/><W134/><G24/><T52/><D52/><U1/><E1/><V63/><F63/><W114/><G134/><T0/><D0/><U45/><E45/><V74/><F74/><W116/><G44/><T26/><D26/><U115/><E115/><V4/><F4/><W135/><G135/><T46/><D46/><U119/><E119/><V81/><F81/><W121/><G116/><T100/><D100/><U28/><E28/><V14/><F14/><W51/><G114/><T18/><D18/><U108/><E108/><V13/><F13/><W47/><G110/><T7/><D7/><U19/><E19/><V97/><F97/><AGARI ba="0,1" hai="72,78,82,83,85,89,91,92,97,125,126" m="43071" machi="97" ten="30,2000,0" yaku="34,2" doraHai="118" who="0" fromWho="2" sc="240,30,230,0,187,-20,333,0" /><INIT seed="3,0,0,4,0,97" ten="270,230,167,333" oya="3" hai0="86,80,91,124,27,88,87,17,6,79,46,52,125" hai1="70,118,59,103,98,34,122,112,44,84,83,14,105" hai2="95,66,47,1,36,16,76,19,74,96,85,33,8" hai3="135,49,39,13,107,119,5,123,133,120,115,63,82"/><W10/><G107/><T25/><D6/><U53/><E122/><N who="3" m="46634" /><G39/><T41/><D79/><U45/><E118/><V99/><F33/><W12/><G119/><T104/><D104/><U127/><E112/><V132/><F132/><N who="3" m="50763" /><G115/><T65/><D65/><U31/><E127/><N who="0" m="48713" /><D17/><U128/><E128/><V22/><F66/><W23/><G63/><T116/><D116/><U57/><E70/><V3/><F22/><W110/><G49/><N who="0" m="28727" /><D41/><U68/><E68/><V100/><F96/><W43/><G43/><T113/><D113/><U131/><E131/><V24/><F85/><W109/><G82/><AGARI ba="0,0" hai="25,27,80,82,86,87,88,91" m="28727,48713" machi="82" ten="30,3900,0" yaku="18,1,54,2" doraHai="97" who="0" fromWho="3" sc="270,39,230,0,167,0,333,-39" /><INIT seed="4,0,0,5,3,100" ten="309,230,167,294" oya="0" hai0="3,33,75,57,81,99,62,84,64,68,61,11,119" hai1="107,65,63,121,129,83,122,111,21,1,73,78,87" hai2="97,18,52,12,60,58,106,20,38,128,126,56,113" hai3="103,123,89,96,80,134,90,41,131,115,30,114,74"/><T69/><D33/><U54/><E111/><V42/><F113/><N who="3" m="43019" /><G30/><T127/><D75/><U93/><E1/><V102/><F128/><W40/><G41/><T101/><D119/><U24/><E129/><V104/><F126/><W66/><G40/><T95/><D127/><U120/><E54/><V105/><REACH who="2" step="1"/><F58/><REACH who="2" ten="309,230,157,294" step="2"/><W112/><G112/><T0/><D69/><U118/><E118/><V36/><F36/><W29/><G131/><T28/><D57/><U47/><E122/><V91/><F91/><W13/><G123/><T45/><D68/><U5/><E121/><V26/><F26/><W53/><G89/><T4/><D64/><U16/><E120/><V34/><F34/><W25/><G90/><T85/><D62/><U76/><E63/><V79/><F79/><W49/><G25/><T70/><D61/><U110/><E65/><V124/><F124/><W133/><G66/><T82/><D70/><U19/><E110/><V98/><F98/><W116/><G96/><T27/><D82/><U17/><E78/><V72/><F72/><W43/><G74/><T10/><D81/><U23/><E73/><V50/><F50/><W59/><G80/><T39/><D39/><U14/><E76/><V31/><F31/><W108/><G49/><T44/><D85/><U132/><E83/><V67/><F67/><W46/><G59/><T130/><D84/><U51/><E87/><V7/><F7/><W35/><G29/><T71/><D71/><U15/><E51/><V135/><F135/><W86/><G133/><T92/><D130/><U125/><E132/><V6/><F6/><RYUUKYOKU ba="0,1" sc="309,-10,230,-10,157,30,294,-10" hai2="12,18,20,38,42,52,56,60,97,102,104,105,106" /><INIT seed="5,1,1,2,5,23" ten="299,220,187,284" oya="1" hai0="92,85,25,104,62,107,122,120,112,36,26,74,82" hai1="75,45,31,131,29,106,11,37,67,19,78,58,42" hai2="44,53,34,18,17,71,10,32,77,98,69,50,84" hai3="110,2,51,46,81,95,129,132,6,121,39,5,125"/><U48/><E106/><N who="0" m="40489" /><D36/><U117/><E117/><V87/><F98/><W15/><G95/><T60/><D92/><U94/><E131/><V57/><F18/><W105/><G81/><T41/><D74/><U109/><E109/><V3/><F84/><W55/><G15/><T49/><D41/><U0/><E94/><V73/><F73/><W76/><G55/><T72/><D49/><U47/><E47/><V13/><F3/><W14/><G51/><T91/><D72/><U68/><E68/><V135/><F135/><W118/><G14/><T63/><D112/><U4/><E19/><V80/><F71/><W28/><G28/><T128/><D128/><U70/><E70/><V103/><F103/><W33/><G76/><T61/><N who="0" m="15872" /><DORA hai="130" /><T24/><AGARI ba="1,1" hai="24,25,26,82,85,91,120,122" m="15872,40489" machi="24" ten="50,8000,1" yaku="4,1,52,3" doraHai="23,130" who="0" fromWho="0" sc="299,93,220,-41,187,-21,284,-21" /><INIT seed="6,0,0,3,4,13" ten="392,179,166,263" oya="2" hai0="59,19,130,53,54,15,40,112,108,83,70,73,25" hai1="36,99,6,30,72,84,37,77,86,121,97,27,3" hai2="115,105,21,100,62,87,23,28,24,116,9,75,110" hai3="69,91,4,90,14,32,46,11,81,31,42,98,45"/><V126/><F116/><W12/><G69/><T44/><D70/><U47/><E121/><V124/><F75/><W61/><G31/><T38/><D108/><U85/><E3/><V60/><F110/><W71/><G32/><T133/><D133/><U93/><E6/><V17/><F115/><W0/><G71/><T123/><D123/><U118/><E118/><V131/><F9/><W104/><G61/><T129/><D25/><U113/><E113/><V74/><F131/><N who="0" m="50186" /><D112/><U58/><E58/><V51/><F74/><W134/><G134/><T94/><D94/><U18/><E72/><V127/><F51/><W132/><G132/><T114/><D59/><U34/><E77/><V82/><F105/><W135/><G135/><T10/><D114/><U49/><E97/><V68/><F100/><W66/><G66/><T7/><D7/><U52/><REACH who="1" step="1"/><E18/><REACH who="1" ten="392,169,166,263" step="2"/><V101/><F68/><W63/><G98/><T5/><D5/><U35/><E35/><V119/><F119/><W128/><G4/><T1/><D1/><U92/><E92/><V55/><F101/><AGARI ba="0,1" hai="27,30,34,36,37,47,49,52,84,85,86,93,99,101" machi="101" ten="40,2600,0" yaku="1,1,54,1,53,0" doraHai="13" doraHaiUra="33" who="1" fromWho="2" sc="392,0,169,36,166,-26,263,0" /><INIT seed="7,0,0,2,3,63" ten="392,205,140,263" oya="3" hai0="115,104,93,121,35,107,133,8,77,45,54,87,60" hai1="129,95,108,47,124,27,84,71,31,96,30,14,126" hai2="135,111,7,117,99,18,100,109,132,105,2,20,134" hai3="4,42,118,28,113,3,38,62,46,41,29,106,53"/><W73/><G118/><T57/><D35/><U70/><E108/><V56/><F56/><W51/><G106/><T89/><D121/><U64/><E129/><V37/><F117/><W123/><G123/><T75/><D133/><U74/><E74/><V0/><F20/><W43/><G73/><T80/><D115/><U110/><E110/><V17/><F37/><W114/><G4/><T10/><D45/><U23/><E70/><V122/><F18/><W19/><G19/><T103/><D107/><U72/><E72/><V131/><F17/><W16/><G16/><T34/><D34/><U59/><E71/><V88/><F131/><W40/><G3/><N who="2" m="1065" /><F88/><W11/><G11/><T67/><D67/><U86/><E14/><V9/><F7/><W33/><G33/><T44/><D44/><U90/><E47/><V102/><F9/><W112/><G28/><T26/><D26/><U55/><E31/><V39/><F39/><W116/><G29/><T5/><D5/><U76/><E76/><V69/><F122/><W68/><G116/><T101/><D101/><N who="2" m="39018" /><F69/><W65/><G41/><T125/><D125/><N who="1" m="48235" /><E55/><V12/><F12/><W48/><G51/><T15/><D15/><U6/><E6/><V1/><N who="2" m="1073" /><V83/><DORA hai="79" /><F105/><W13/><G13/><T81/><D81/><U50/><E50/><V24/><F99/><AGARI ba="0,0" hai="8,10,54,57,60,75,77,80,87,89,93,99,103,104" machi="99" ten="40,5200,0" yaku="24,2,52,1" doraHai="63,79" who="0" fromWho="2" sc="392,52,205,0,140,-52,263,0" owari="444,54.0,205,-19.0,88,-41.0,263,6.0" /></mjloggm>