<mjloggm ver="2.3"><GO type="97" lobby="0"/><UN n0="%E3%81%BE%E3%81%8D%E3%81%97%E3%82%82%E3%82%93" n1="%E6%88%AF%E9%AA%B8" n2="%E3%83%89%E3%83%A9%E8%B1%B9" n3="%E5%B0%B1%E6%B4%BB%E7%94%9F%40%E5%B7%9D%E6%9D%91%E8%BB%8D%E5%9B%A3" dan="14,14,14,16" rate="1916.07,1898.12,1984.88,2130.47" sx="M,M,M,M"/><TAIKYOKU oya="0"/><INIT seed="0,0,0,0,2,59" ten="250,250,250,250" oya="0" hai0="19,62,72,114,26,51,75,52,123,44,87,48,130" hai1="74,86,9,5,64,108,77,82,16,132,18,109,17" hai2="61,36,101,122,131,95,45,88,98,21,40,50,57" hai3="128,22,129,30,121,14,127,67,71,103,73,56,10"/><T80/><D123/><U42/><E132/><V84/><F122/><W97/><G73/><T33/><D114/><U47/><E64/><V0/><F131/><N who="3" m="50251" /><G127/><T35/><D130/><U3/><REACH who="1" step="1"/><E86/><REACH who="1" ten="250,240,250,250" step="2"/><V4/><F36/><AGARI ba="0,1" hai="3,5,9,16,17,18,36,42,47,74,77,82,108,109" machi="36" ten="40,8000,1" yaku="1,1,2,1,25,2,54,1,53,0" doraHai="59" doraHaiUra="20" who="1" fromWho="2" sc="250,0,240,90,250,-80,250,0" /><INIT seed="1,0,0,1,5,41" ten="250,330,170,250" oya="1" hai0="55,65,45,135,63,26,18,74,61,57,62,131,124" hai1="71,84,49,81,54,133,24,28,121,96,97,80,132" hai2="129,95,21,102,89,2,128,118,50,90,72,120,110" hai3="104,8,36,34,0,33,37,46,32,103,1,66,52"/><U60/><E121/><V9/><F118/><W48/><G66/><T64/><D74/><U106/><E60/><N who="0" m="23145" /><D18/><U85/><E71/><V7/><F120/><W111/><G111/><T116/><D26/><U82/><E96/><V51/><F72/><W105/><G8/><T38/><D116/><U123/><E97/><N who="2" m="59711" /><F110/><W109/><G109/><T42/><D124/><U44/><E123/><V92/><F21/><W77/><G77/><T134/><D131/><N who="2" m="50250" /><F90/><W59/><G103/><T69/><D69/><U94/><E94/><V22/><F22/><W20/><G20/><T112/><D112/><U91/><E106/><V73/><F73/><W30/><G30/><T10/><D10/><U40/><E40/><V27/><F27/><W86/><G86/><AGARI ba="0,0" hai="2,7,9,50,51,86,89,92" m="50250,59711" machi="86" ten="30,1000,0" yaku="19,1" doraHai="41" who="2" fromWho="3" sc="250,0,330,0,170,10,250,-10" /><INIT seed="2,0,0,3,5,106" ten="250,330,180,240" oya="2" hai0="118,41,94,26,32,5,68,51,84,107,23,63,31" hai1="55,115,39,73,14,11,74,20,49,121,2,93,65" hai2="79,46,110,10,111,103,127,89,15,71,28,27,35" hai3="18,24,92,96,129,59,124,40,36,72,91,82,135"/><V80/><F71/><W112/><G129/><T47/><D107/><U45/><E115/><V64/><F64/><W21/><G135/><T7/><D118/><U83/><E2/><V16/><F103/><W53/><G124/><T3/><D3/><U87/><E39/><V75/><F127/><W100/><G112/><T130/><D130/><U19/><E121/><V102/><F102/><W56/><G56/><T86/><D32/><U43/><E43/><V90/><REACH who="2" step="1"/><F46/><REACH who="2" ten="250,330,170,240" step="2"/><W58/><G58/><T128/><D68/><U57/><E65/><V114/><F114/><W120/><G120/><T76/><D47/><U119/><E119/><V17/><F17/><W113/><G113/><T1/><D128/><U50/><E57/><V12/><F12/><W52/><G59/><T85/><D31/><U116/><E116/><V123/><F123/><W109/><G109/><AGARI ba="0,1" hai="10,15,16,27,28,35,75,79,80,89,90,109,110,111" machi="109" ten="40,12000,1" yaku="1,1,14,1,10,1,52,1,54,1,53,0" doraHai="106" doraHaiUra="34" who="2" fromWho="3" sc="250,0,330,0,170,130,240,-120" /><INIT seed="2,1,0,3,5,57" ten="250,330,300,120" oya="2" hai0="8,48,115,28,117,94,14,47,21,24,1,62,72" hai1="93,110,6,22,127,90,67,40,25,30,42,56,5" hai2="78,35,107,49,66,123,3,46,37,108,82,4,86" hai3="38,98,81,39,122,55,50,100,87,84,44,112,7"/><V60/><F123/><W11/><G122/><T2/><D72/><U12/><E110/><V17/><F107/><W134/><G112/><T101/><D117/><U41/><E127/><V80/><F35/><W85/><G134/><T118/><D115/><U125/><E12/><V71/><F37/><W68/><G68/><T0/><D118/><U70/><E70/><V63/><F108/><W95/><REACH who="3" step="1"/><G81/><REACH who="3" ten="250,330,300,110" step="2"/><T31/><D2/><AGARI ba="1,1" hai="2,7,11,38,39,44,50,55,84,85,87,95,98,100" machi="2" ten="40,2600,0" yaku="1,1,2,1,53,0" doraHai="57" doraHaiUra="119" who="3" fromWho="0" sc="250,-29,330,0,300,0,110,39" /><INIT seed="3,0,0,5,4,98" ten="221,330,300,149" oya="3" hai0="47,128,69,53,8,23,46,110,75,118,130,9,13" hai1="42,122,27,81,90,126,97,61,84,37,40,39,127" hai2="35,134,19,41,2,4,106,32,70,56,95,71,92" hai3="114,107,10,78,77,68,102,100,24,45,88,1,103"/><W80/><G68/><T60/><D118/><U121/><E27/><V55/><F106/><W3/><G114/><T43/><D110/><U123/><E61/><V59/><F41/><N who="1" m="15977" /><E97/><V7/><F2/><W116/><G116/><T135/><D135/><U67/><E67/><V28/><F19/><W64/><G107/><T22/><D75/><U18/><E18/><V30/><REACH who="2" step="1"/><F55/><REACH who="2" ten="221,330,290,149" step="2"/><W109/><G109/><T14/><D53/><U99/><E37/><V15/><F15/><W17/><G3/><T16/><D43/><U5/><E39/><V34/><F34/><W73/><G1/><T85/><D128/><U36/><E36/><V131/><F131/><W29/><G64/><T52/><D52/><U50/><E5/><V124/><F124/><N who="1" m="47657" /><E123/><V51/><F51/><W120/><G120/><T79/><D130/><U57/><E50/><V76/><F76/><N who="3" m="29291" /><G73/><T21/><D14/><U38/><E38/><V58/><F58/><W48/><G29/><T66/><D69/><U91/><E57/><V63/><F63/><W31/><G31/><T93/><D13/><U94/><AGARI ba="0,1" hai="81,84,90,91,94,99,121,122" m="47657,15977" machi="94" ten="30,1100,0" yaku="18,1" doraHai="98" who="1" fromWho="1" sc="221,-3,330,21,290,-3,149,-5" owari="218,-18.0,351,45.0,287,9.0,144,-36.0" /></mjloggm>