<mjloggm ver="2.3"><GO type="169" lobby="0"/><UN n0="%4A%65%66%66" n1="%7A%65%72%6F%52%58" n2="%E5%B0%B1%E6%B4%BB%E7%94%9F%40%E5%B7%9D%E6%9D%91%E8%BB%8D%E5%9B%A3" n3="%E3%81%84%E3%81%A1%E3%81%8B%E3%82%8F%E2%99%AA" dan="16,17,16,16" rate="2083.77,2141.68,2148.77,2065.89" sx="M,M,M,F"/><TAIKYOKU oya="0"/><INIT seed="0,0,0,5,0,130" ten="250,250,250,250" oya="0" hai0="62,6,125,7,73,41,95,75,55,97,100,9,37" hai1="63,53,46,92,49,60,108,81,94,121,17,47,21" hai2="112,0,111,44,31,101,64,10,122,39,129,3,102" hai3="68,105,54,5,115,103,135,18,110,116,83,23,2"/><T132/><D125/><U35/><E35/><V107/><F122/><W109/><G68/><T96/><D132/><U12/><E121/><V59/><F107/><W14/><G115/><T70/><D7/><U45/><E108/><V58/><F31/><W80/><G54/><T131/><D131/><U1/><E1/><V93/><F10/><N who="3" m="2359" /><G116/><T76/><D97/><U106/><E106/><V117/><F64/><W126/><G126/><T25/><D25/><U66/><E81/><N who="3" m="31306" /><G103/><T118/><D118/><U65/><E65/><V24/><F44/><N who="1" m="17001" /><E66/><V89/><F39/><W99/><G99/><T104/><D76/><U15/><E12/><V86/><F24/><W48/><G48/><T128/><D70/><U43/><E43/><V30/><F3/><W69/><G105/><T120/><D128/><U4/><E4/><V34/><F0/><W27/><G14/><T98/><D120/><U71/><E71/><V19/><F111/><N who="3" m="42507" /><G69/><T134/><D55/><U40/><E40/><V33/><F129/><W124/><G124/><T123/><D98/><U74/><E74/><V11/><F101/><W26/><G26/><T72/><D104/><U91/><E91/><V82/><F102/><W127/><G127/><T51/><D123/><U78/><E78/><V20/><F89/><W8/><G8/><T77/><D37/><U67/><E67/><V88/><F11/><W87/><G87/><T36/><D36/><U133/><E63/><V28/><F117/><W119/><G119/><T85/><D62/><U114/><E60/><V52/><F86/><W29/><G29/><T16/><D85/><RYUUKYOKU ba="0,0" sc="250,-10,250,-10,250,-10,250,30" hai3="18,23,27,135" /><INIT seed="1,1,0,3,2,43" ten="240,240,240,280" oya="1" hai0="54,127,114,50,25,29,118,12,33,126,27,3,34" hai1="2,41,31,28,71,123,11,40,36,20,106,135,9" hai2="65,22,97,115,30,77,8,21,117,75,113,88,110" hai3="109,80,6,81,46,99,76,37,105,10,56,5,14"/><U125/><E106/><V79/><F117/><W38/><G109/><T93/><D118/><U13/><E123/><V73/><F65/><W86/><G6/><T70/><D70/><U0/><E71/><V84/><F8/><W17/><G56/><T15/><D114/><N who="2" m="43530" /><F30/><W32/><G32/><T59/><D93/><U107/><E107/><V124/><F124/><N who="0" m="47658" /><D3/><U53/><E125/><V4/><F4/><W48/><G81/><T134/><D134/><U44/><E135/><V51/><F51/><W132/><G17/><T62/><D27/><U95/><E41/><V92/><F22/><W74/><G74/><N who="2" m="28169" /><F21/><W85/><G85/><T45/><D34/><U72/><E72/><V68/><F68/><W26/><G26/><T66/><AGARI ba="1,0" hai="12,15,25,29,33,45,50,54,59,62,66" m="47658" machi="66" ten="30,2000,0" yaku="18,1,52,1" doraHai="43" who="0" fromWho="0" sc="240,23,240,-11,240,-6,280,-6" /><INIT seed="2,0,0,4,2,127" ten="263,229,234,274" oya="2" hai0="43,3,33,16,62,118,59,32,48,111,41,28,35" hai1="85,9,12,39,72,0,5,71,24,95,60,107,116" hai2="75,82,131,105,51,102,119,34,25,53,77,22,30" hai3="17,135,101,134,13,91,100,54,97,67,98,83,108"/><V112/><F119/><W63/><G54/><T38/><D118/><U94/><E107/><V124/><F124/><W133/><G108/><T27/><D3/><U74/><E39/><V1/><F112/><W114/><G114/><T86/><D111/><U2/><E116/><V103/><F1/><W115/><G83/><T55/><D38/><U125/><E0/><V130/><F34/><W46/><G46/><T23/><D86/><U18/><E125/><V56/><REACH who="2" step="1"/><F105/><REACH who="2" ten="263,229,224,274" step="2"/><W58/><G115/><T47/><REACH who="0" step="1"/><D41/><REACH who="0" ten="253,229,224,274" step="2"/><U129/><E2/><V68/><F68/><W8/><G135/><T40/><D40/><U19/><E71/><V132/><F132/><W79/><G134/><T4/><D4/><U106/><E5/><V120/><F120/><W121/><G133/><T81/><D81/><U14/><E106/><V90/><F90/><W61/><G121/><T15/><AGARI ba="0,2" hai="15,16,23,27,28,32,33,35,43,47,48,55,59,62" machi="15" ten="20,5200,0" yaku="1,1,0,1,7,1,54,1,53,0" doraHai="127" doraHaiUra="76" who="0" fromWho="0" sc="253,72,229,-13,224,-26,274,-13" /><INIT seed="3,0,0,0,3,56" ten="325,216,198,261" oya="3" hai0="0,112,38,16,50,25,34,66,7,93,96,110,64" hai1="26,125,67,115,99,45,75,69,36,18,104,62,43" hai2="113,60,98,21,81,61,48,47,78,65,51,49,35" hai3="6,9,107,42,29,91,55,41,92,72,131,80,88"/><W77/><G107/><T11/><D38/><U101/><E115/><V17/><F35/><W22/><G131/><T15/><D112/><U46/><E125/><V83/><F113/><W37/><G55/><T116/><D110/><U30/><E45/><V10/><F10/><W40/><G37/><T74/><D74/><U126/><E126/><V124/><F124/><W95/><G95/><T86/><D86/><U130/><E18/><V12/><F47/><W8/><G91/><T108/><D50/><U68/><E130/><V94/><F65/><W13/><G9/><T24/><D116/><U32/><E69/><V85/><REACH who="2" step="1"/><F81/><REACH who="2" ten="325,216,188,261" step="2"/><W76/><G80/><T5/><D64/><U120/><REACH who="1" step="1"/><E75/><REACH who="1" ten="325,206,188,261" step="2"/><V97/><F97/><N who="3" m="57479" /><G72/><T111/><D108/><U89/><E89/><AGARI ba="0,2" hai="12,17,21,48,49,51,60,61,78,83,85,89,94,98" machi="89" ten="40,8000,1" yaku="1,1,8,1,52,2,53,0" doraHai="56" doraHaiUra="27" who="2" fromWho="1" sc="325,0,206,-80,188,100,261,0" /><INIT seed="4,0,0,1,5,118" ten="325,126,288,261" oya="0" hai0="88,99,87,31,85,90,98,45,52,73,39,128,84" hai1="122,6,41,26,132,123,55,129,67,112,11,38,120" hai2="91,96,53,66,5,48,107,13,68,1,40,70,95" hai3="108,75,24,19,58,106,124,37,18,63,78,135,57"/><T7/><D128/><U79/><E129/><V22/><F1/><W110/><G37/><T28/><D39/><U82/><E67/><V71/><F40/><W16/><G106/><T116/><D116/><U115/><E132/><V80/><F107/><W23/><G124/><T89/><D73/><N who="1" m="43375" /><E55/><V4/><F80/><W104/><G104/><T97/><D7/><U8/><E26/><V59/><F66/><W29/><G135/><T81/><D81/><U121/><E121/><V54/><F53/><W51/><G78/><T125/><D125/><U103/><E103/><V62/><F48/><AGARI ba="0,0" hai="28,31,45,48,52,84,85,87,88,89,90,97,98,99" machi="48" ten="50,12000,1" yaku="29,2,8,1,54,2" doraHai="118" who="0" fromWho="2" sc="325,120,126,0,288,-120,261,0" /><INIT seed="4,1,0,4,4,33" ten="445,126,168,261" oya="0" hai0="63,115,83,0,55,46,79,10,65,68,54,57,5" hai1="47,129,56,72,134,48,73,103,37,126,74,120,130" hai2="67,110,75,114,96,15,2,49,125,124,88,107,111" hai3="113,1,12,38,70,133,52,25,89,3,132,127,21"/><T51/><D115/><U41/><E120/><V64/><F75/><W108/><G70/><T94/><D94/><U31/><E134/><N who="3" m="51818" /><G38/><T91/><D91/><U30/><E126/><N who="2" m="48747" /><F15/><W23/><G127/><T100/><D100/><U98/><E56/><V92/><F114/><W22/><G113/><T69/><REACH who="0" step="1"/><D55/><REACH who="0" ten="435,126,168,261" step="2"/><U112/><E112/><V116/><F107/><W84/><G108/><T58/><D58/><U123/><E123/><V59/><F111/><W95/><G12/><T109/><D109/><U40/><E130/><V32/><F110/><W131/><G131/><T20/><D20/><N who="3" m="7785" /><G52/><T24/><D24/><U128/><E128/><V81/><F59/><W14/><G14/><T78/><D78/><U90/><E129/><V28/><F92/><W42/><G42/><T61/><D61/><U50/><E40/><V43/><F43/><W99/><G99/><T106/><D106/><U82/><E98/><V27/><F96/><W19/><AGARI ba="1,1" hai="1,3,19,23,25,84,89,95" m="7785,51818" machi="19" ten="30,4000,0" yaku="20,1,52,2" doraHai="33" who="3" fromWho="3" sc="435,-21,126,-11,168,-11,261,53" /><INIT seed="5,0,0,1,3,45" ten="414,115,157,314" oya="1" hai0="4,54,33,40,68,80,10,105,38,63,73,26,126" hai1="59,104,34,28,125,115,16,117,128,90,121,118,17" hai2="87,95,130,76,56,9,119,41,123,62,60,39,85" hai3="58,72,2,27,114,8,42,67,14,127,25,94,3"/><U70/><E70/><V129/><F119/><W13/><G72/><T108/><D54/><U64/><E104/><V30/><F123/><W92/><G127/><T36/><D126/><U131/><E90/><V112/><F112/><W51/><G114/><T106/><D108/><U78/><E115/><V1/><F30/><W52/><G2/><N who="0" m="279" /><D26/><N who="3" m="9737" /><G3/><T83/><D80/><U100/><E125/><V43/><F85/><W93/><G67/><N who="0" m="41087" /><D33/><U35/><E100/><V113/><F9/><W116/><G116/><N who="1" m="44650" /><E121/><V21/><F21/><W24/><G24/><T102/><D102/><U48/><E28/><V81/><F60/><W19/><G42/><T47/><D36/><U133/><E78/><AGARI ba="0,0" hai="38,40,47,73,78,83,105,106" m="41087,279" machi="78" ten="30,3900,0" yaku="25,1,33,2" doraHai="45" who="0" fromWho="1" sc="414,39,115,-39,157,0,314,0" /><INIT seed="6,0,0,5,2,134" ten="453,76,157,314" oya="2" hai0="12,56,94,78,72,15,113,8,71,62,89,80,26" hai1="130,110,109,5,1,129,2,101,123,23,17,30,43" hai2="75,16,124,83,96,32,20,114,35,28,49,131,104" hai3="87,82,132,86,39,112,93,108,125,46,92,116,70"/><V47/><F114/><W66/><G108/><N who="1" m="41578" /><E101/><V76/><F131/><N who="1" m="50185" /><E43/><V4/><F4/><W9/><G125/><T61/><D26/><N who="1" m="16735" /><E123/><V41/><F28/><W51/><G39/><T37/><D71/><U64/><E64/><V63/><F63/><W97/><G66/><T73/><D62/><U10/><E17/><V90/><F35/><W34/><G34/><T60/><D61/><U115/><E115/><V81/><F32/><W126/><G70/><T19/><D37/><U127/><E127/><V88/><F124/><W117/><G112/><T95/><D73/><U79/><E79/><V102/><F83/><W36/><G82/><T59/><D59/><U50/><E50/><V54/><REACH who="2" step="1"/><F41/><REACH who="2" ten="453,76,147,314" step="2"/><W31/><G126/><T18/><D113/><U38/><E38/><V103/><F103/><W48/><G36/><T120/><D80/><U29/><E29/><V6/><F6/><W133/><G31/><T33/><D33/><U119/><E119/><V105/><F105/><W52/><G117/><T65/><D60/><U135/><E135/><V22/><F22/><W98/><G116/><T53/><D65/><U13/><AGARI ba="0,1" hai="1,2,5,10,13" m="16735,50185,41578" machi="13" ten="30,4000,0" yaku="19,1,34,2" doraHai="134" who="1" fromWho="1" sc="453,-10,76,50,147,-20,314,-10" /><INIT seed="7,0,0,0,2,37" ten="443,126,127,304" oya="3" hai0="79,97,82,73,61,133,14,19,92,96,128,90,51" hai1="76,53,122,114,54,32,58,25,78,103,89,11,105" hai2="56,16,27,72,126,46,47,35,91,57,22,86,36" hai3="115,80,68,75,12,33,70,81,94,99,4,104,88"/><W125/><G33/><T23/><D128/><U127/><E122/><V40/><F72/><W20/><G115/><T9/><D133/><U42/><E114/><V123/><F123/><W109/><G109/><T3/><D61/><U17/><E105/><V59/><F126/><W2/><G125/><T66/><D66/><U110/><E110/><V124/><F124/><W101/><G2/><T41/><D3/><U134/><E127/><V107/><F107/><W13/><G13/><T21/><D97/><U135/><E103/><V100/><F100/><W132/><G132/><N who="1" m="50730" /><E42/><V64/><F35/><W106/><G106/><T65/><D65/><U69/><E69/><V74/><F74/><W52/><G52/><N who="1" m="20074" /><E58/><V95/><REACH who="2" step="1"/><F47/><REACH who="2" ten="443,126,117,304" step="2"/><W15/><G75/><T85/><D73/><U120/><E120/><V108/><F108/><W50/><G104/><T1/><D1/><U26/><E32/><V118/><F118/><W5/><G101/><T87/><D96/><U131/><E131/><V98/><F98/><W130/><G130/><T44/><AGARI ba="0,1" hai="9,14,19,21,23,41,44,51,79,82,85,87,90,92" machi="44" ten="30,4000,0" yaku="0,1,8,1,52,1" doraHai="37" who="0" fromWho="0" sc="443,50,126,-10,117,-10,304,-20" owari="493,59.0,116,-28.0,107,-39.0,284,8.0" /></mjloggm>