<mjloggm ver="2.3"><GO type="41" lobby="0"/><UN n0="%6E%69%73%75%74%6F" n1="%74%61%6B%65%75" n2="%E5%B0%B1%E6%B4%BB%E7%94%9F%40%E5%B7%9D%E6%9D%91%E8%BB%8D%E5%9B%A3" n3="%E3%81%93%E3%81%86%E3%81%8D%E6%83%A8%E6%95%97%E4%B8%AD" dan="13,13,14,14" rate="1898.36,1889.64,1995.69,1826.77" sx="M,M,M,M"/><TAIKYOKU oya="0"/><INIT seed="0,0,0,2,3,70" ten="250,250,250,250" oya="0" hai0="110,109,84,62,1,49,53,71,75,121,30,9,122" hai1="132,114,10,116,102,58,11,111,59,3,115,113,43" hai2="106,72,80,117,95,52,13,68,42,82,74,48,112" hai3="44,118,64,129,81,19,100,55,4,105,45,90,92"/><T76/><D75/><U125/><E102/><V88/><F106/><W89/><G118/><T124/><D30/><U133/><E3/><V6/><F112/><W63/><G129/><T56/><D124/><U28/><E28/><V15/><F68/><W103/><G4/><T8/><D76/><U120/><E43/><V25/><F117/><W2/><G2/><T91/><D1/><U29/><E29/><V126/><F126/><W39/><G45/><T23/><D23/><U41/><E41/><V67/><F67/><W50/><G39/><T128/><D128/><U98/><E116/><V34/><F42/><W108/><G108/><N who="0" m="41579" /><D71/><U73/><E111/><V36/><F36/><W65/><G19/><T33/><D33/><U131/><E131/><V26/><F72/><W37/><G37/><T5/><D5/><U7/><E98/><N who="2" m="57703" /><F34/><W107/><G105/><T134/><D134/><N who="1" m="51819" /><E7/><V77/><F74/><W86/><G107/><T96/><D96/><U87/><E73/><V35/><F35/><W60/><G65/><T101/><D101/><N who="3" m="38985" /><G64/><T61/><D9/><N who="1" m="3083" /><E125/><V21/><F6/><W93/><G93/><N who="0" m="54503" /><D8/><U38/><E38/><V83/><F77/><W127/><G127/><T99/><D99/><AGARI ba="0,0" hai="44,50,55,60,63,81,86,89,90,92,99" m="38985" machi="99" ten="30,1000,0" yaku="8,1" doraHai="70" who="3" fromWho="0" sc="250,-10,250,0,250,0,250,10" /><INIT seed="1,0,0,5,2,124" ten="240,250,250,260" oya="1" hai0="84,91,31,116,72,115,51,76,108,52,92,24,0" hai1="29,38,128,78,93,50,135,73,48,129,89,7,47" hai2="105,6,119,45,54,8,134,132,125,18,113,120,127" hai3="23,122,110,17,49,13,20,36,83,133,102,4,65"/><U112/><E112/><V75/><F105/><W106/><G36/><T22/><D108/><U39/><E135/><N who="2" m="51755" /><F75/><W44/><G133/><T130/><D130/><N who="1" m="50283" /><E7/><V121/><F113/><W61/><G83/><T42/><D116/><U60/><E29/><V99/><F119/><W64/><G23/><T43/><D0/><U21/><E21/><V107/><F107/><W1/><G1/><T15/><D15/><U126/><E126/><N who="2" m="48139" /><F99/><W53/><G4/><T37/><D37/><N who="1" m="13835" /><E60/><V9/><F54/><W35/><G53/><T111/><D111/><U114/><E114/><V103/><F18/><W87/><G17/><T80/><REACH who="0" step="1"/><D115/><REACH who="0" ten="230,250,250,260" step="2"/><U82/><E47/><AGARI ba="0,1" hai="22,24,31,42,43,47,51,52,72,76,80,84,91,92" machi="47" ten="30,8000,1" yaku="1,1,2,1,7,1,54,1,53,1" doraHai="124" doraHaiUra="46" who="0" fromWho="1" sc="230,90,250,-80,250,0,260,0" /><INIT seed="2,0,0,5,3,97" ten="320,170,250,260" oya="2" hai0="0,73,81,17,112,50,84,110,132,120,55,124,108" hai1="58,42,24,46,56,74,69,92,89,129,21,114,49" hai2="127,116,52,40,32,62,101,36,88,105,82,1,122" hai3="78,75,133,34,123,106,26,30,41,130,14,53,11"/><V77/><F122/><W29/><G123/><T91/><D120/><U6/><E114/><V22/><F116/><W66/><G106/><T111/><D112/><U71/><E129/><V37/><F32/><W93/><G130/><T48/><D0/><U67/><E74/><V38/><F1/><W94/><G133/><T4/><D132/><U61/><E6/><V83/><F127/><W109/><G109/><T13/><D4/><U64/><E69/><V35/><F35/><W98/><G66/><T9/><D124/><U31/><REACH who="1" step="1"/><E67/><REACH who="1" ten="320,160,250,260" step="2"/><V128/><F128/><W15/><G75/><T102/><D73/><U10/><E10/><V100/><F105/><W117/><G11/><T59/><D50/><U70/><E70/><V25/><F40/><W63/><G117/><T60/><D60/><U90/><E90/><V39/><F39/><W3/><G41/><T18/><D18/><U12/><E12/><V119/><F119/><W76/><G15/><T57/><D57/><U20/><E20/><V23/><F23/><W126/><G14/><T80/><D80/><U19/><E19/><N who="2" m="12511" /><F36/><W86/><G3/><T118/><D118/><U121/><E121/><V95/><F37/><W44/><G63/><T5/><D5/><U115/><E115/><V8/><F8/><W79/><G34/><T103/><AGARI ba="0,1" hai="9,13,17,48,55,59,81,84,91,102,103,108,110,111" machi="103" ten="40,8000,1" yaku="0,1,14,1,52,2" doraHai="97" who="0" fromWho="0" sc="320,90,160,-20,250,-40,260,-20" /><INIT seed="3,0,0,3,3,73" ten="410,140,210,240" oya="3" hai0="128,134,23,57,122,95,21,61,80,109,103,96,93" hai1="32,129,117,78,18,121,13,125,15,112,25,120,130" hai2="2,41,113,5,36,16,119,8,55,52,66,115,83" hai3="9,33,54,19,90,43,74,118,111,94,30,71,63"/><W12/><G118/><T60/><D109/><U77/><E117/><V97/><F119/><W75/><G111/><T72/><D122/><N who="1" m="47211" /><E32/><V69/><F97/><W34/><G43/><T100/><D128/><N who="1" m="49259" /><E112/><V56/><F69/><W127/><G127/><T116/><D134/><U101/><E101/><V105/><F105/><W4/><G34/><T48/><D116/><U28/><E125/><V70/><F70/><W29/><G33/><T7/><D7/><U22/><E28/><V44/><F83/><W62/><G75/><T81/><D72/><U126/><E126/><V40/><F40/><W31/><G74/><T51/><D57/><U99/><E99/><AGARI ba="0,0" hai="21,23,48,51,60,61,80,81,93,95,96,99,100,103" machi="99" ten="25,3200,0" yaku="22,2,8,1" doraHai="73" who="0" fromWho="1" sc="410,32,140,-32,210,0,240,0" /><INIT seed="4,0,0,3,5,8" ten="442,108,210,240" oya="0" hai0="16,0,52,7,110,84,6,72,47,68,120,11,87" hai1="95,62,88,132,105,118,127,81,101,32,66,79,30" hai2="54,74,97,76,71,59,60,13,56,116,109,82,18" hai3="111,108,26,104,128,67,78,135,12,70,38,33,77"/><T75/><D120/><U27/><E118/><V49/><F109/><W50/><G38/><T92/><D68/><U3/><E127/><V107/><F116/><W93/><G104/><T36/><D110/><U85/><E132/><V113/><F113/><W25/><G33/><T55/><D6/><U43/><E43/><V45/><F71/><W73/><G70/><T63/><D75/><U124/><E124/><V89/><F60/><W126/><G126/><T117/><D72/><U96/><E3/><V122/><F122/><W133/><G73/><T1/><D1/><U19/><E19/><V99/><F99/><W83/><G128/><T17/><D55/><U5/><E5/><V14/><F14/><W4/><G4/><T134/><D134/><U121/><E121/><V129/><F129/><W131/><G131/><T34/><D34/><U42/><E42/><V2/><F2/><W64/><G93/><T102/><D36/><U40/><E40/><V112/><F112/><W10/><G50/><T53/><D53/><U114/><E114/><V80/><F107/><W58/><G10/><T123/><D123/><U37/><E37/><V21/><F97/><W61/><G61/><T51/><D63/><U91/><REACH who="1" step="1"/><E95/><REACH who="1" ten="442,98,210,240" step="2"/><V35/><F18/><W94/><G94/><T103/><D117/><U106/><E106/><V69/><F80/><W90/><G83/><T57/><D92/><U31/><E31/><V98/><F82/><W23/><G133/><T115/><D115/><U39/><E39/><V46/><F98/><W125/><G135/><T20/><D0/><U9/><E9/><RYUUKYOKU ba="0,1" sc="442,-10,98,30,210,-10,240,-10" hai1="27,30,32,62,66,79,81,85,88,91,96,101,105" /><INIT seed="5,1,1,2,0,36" ten="432,128,200,230" oya="1" hai0="108,90,82,17,98,87,83,70,111,119,19,29,3" hai1="25,71,54,13,18,59,9,11,48,84,117,73,123" hai2="45,75,31,95,99,35,86,80,74,96,121,6,100" hai3="46,118,125,33,64,81,55,32,130,51,112,101,23"/><U92/><E117/><V94/><F121/><W53/><G118/><T132/><D70/><U8/><E123/><V12/><F35/><W60/><G101/><T85/><D3/><U28/><E73/><V102/><F31/><W115/><G81/><T72/><D119/><U122/><E71/><V109/><F109/><W56/><G23/><T49/><D29/><U39/><E39/><V57/><F57/><N who="3" m="36879" /><G32/><T26/><D49/><U37/><E37/><V38/><F6/><W116/><G33/><T120/><D132/><U0/><E0/><V61/><F61/><N who="3" m="35983" /><G116/><T65/><D120/><U128/><E128/><V114/><F12/><W67/><G67/><T50/><D65/><U16/><E122/><V7/><F7/><W76/><G76/><T135/><D72/><U133/><E133/><V15/><F15/><W21/><G21/><T27/><D135/><U63/><E63/><V43/><REACH who="2" step="1"/><F114/><REACH who="2" ten="432,128,190,230" step="2"/><N who="3" m="43563" /><G130/><T2/><D2/><U105/><E105/><V14/><F14/><W106/><G106/><T44/><D111/><U103/><E13/><V62/><F62/><W69/><G69/><T104/><D104/><U78/><E28/><V40/><F40/><W107/><G107/><T52/><D108/><U126/><E25/><V20/><F20/><W110/><G110/><T66/><D27/><U89/><E78/><AGARI ba="1,2" hai="38,43,45,74,75,78,80,86,94,95,96,99,100,102" machi="78" ten="30,7700,0" yaku="1,1,7,1,9,1,52,1,53,0" doraHai="36" doraHaiUra="1" who="2" fromWho="1" sc="432,0,128,-80,190,100,230,0" /><INIT seed="6,0,0,1,2,29" ten="432,48,290,230" oya="2" hai0="111,51,79,119,8,122,94,13,40,89,76,10,63" hai1="87,115,102,78,27,21,71,83,9,129,125,32,57" hai2="98,126,130,105,112,120,82,74,18,36,19,37,39" hai3="106,49,20,96,60,85,56,38,69,73,70,14,41"/><V30/><F120/><W123/><G123/><T68/><D122/><U35/><E115/><V101/><F112/><W80/><G73/><T81/><D111/><U42/><E125/><V97/><F126/><W86/><G38/><T90/><D68/><U17/><E129/><V33/><F130/><W62/><G106/><T5/><D63/><U26/><E71/><V132/><F132/><W28/><G96/><T100/><D79/><U131/><E131/><V50/><F50/><W127/><G127/><T64/><D64/><U72/><E102/><V104/><F18/><W16/><G28/><T12/><D119/><U128/><E128/><V15/><F98/><W3/><G3/><T65/><D65/><U2/><E87/><V135/><F105/><W108/><G108/><T107/><D107/><U75/><E75/><V93/><F135/><W99/><G99/><T121/><D121/><U23/><E57/><V92/><F82/><W110/><G110/><T61/><D94/><U54/><E54/><V43/><F43/><W34/><G34/><T24/><D61/><N who="3" m="23657" /><G86/><T77/><D100/><U0/><E42/><V66/><F74/><W67/><G67/><T22/><D40/><U114/><E114/><V4/><F66/><W84/><G85/><T103/><D51/><U31/><REACH who="1" step="1"/><E9/><REACH who="1" ten="432,38,290,230" step="2"/><N who="2" m="6639" /><F101/><W44/><G56/><T91/><D103/><U134/><E134/><V7/><F97/><W47/><G44/><T48/><D10/><U6/><E6/><V53/><F4/><W124/><G124/><T117/><D5/><U116/><E116/><V109/><F7/><W52/><G41/><RYUUKYOKU ba="0,1" sc="432,-15,38,15,290,-15,230,15" hai1="0,2,17,21,23,26,27,31,32,35,72,78,83" hai3="14,16,20,47,49,52,69,70,80,84" /><INIT seed="7,1,1,2,0,72" ten="417,53,275,245" oya="3" hai0="15,43,56,13,111,95,93,75,9,55,80,114,32" hai1="42,57,70,5,54,38,30,71,46,77,45,24,2" hai2="19,117,21,133,132,124,66,47,120,20,115,61,100" hai3="58,73,14,89,83,127,102,113,49,8,79,74,128"/><W106/><G113/><T116/><D114/><U3/><E46/><V36/><F115/><W40/><G128/><T96/><D111/><U84/><E54/><V125/><F117/><W25/><G127/><N who="2" m="48713" /><F100/><W94/><G25/><T10/><D43/><U86/><E57/><N who="2" m="37167" /><F120/><W18/><G102/><T50/><D93/><U126/><E84/><V0/><F0/><W16/><G106/><T39/><D39/><U35/><E126/><V131/><F131/><W69/><G69/><T130/><D32/><U65/><E86/><V27/><F21/><W81/><G83/><T59/><D130/><U104/><E65/><V11/><F11/><W28/><G28/><T85/><D75/><U78/><E104/><V109/><F109/><W99/><G74/><T33/><D33/><U53/><E53/><V76/><F76/><W87/><G73/><T68/><D68/><U90/><E90/><V91/><F91/><W63/><G63/><T60/><D10/><U98/><E98/><V64/><F64/><W37/><G37/><T41/><D9/><U118/><E118/><V103/><F103/><W107/><G107/><T34/><D34/><U134/><E70/><V123/><F123/><W105/><G105/><T48/><D116/><U88/><E71/><V92/><F92/><W110/><G110/><T82/><D95/><U112/><E112/><V62/><F62/><W119/><G119/><T1/><D1/><N who="1" m="11" /><E5/><V135/><F36/><W101/><G101/><T26/><D60/><U29/><E29/><V23/><F47/><N who="3" m="25831" /><G58/><T51/><D26/><U12/><E12/><N who="2" m="9319" /><F135/><W67/><G67/><RYUUKYOKU ba="1,1" sc="417,-15,53,-15,275,15,245,15" hai2="23,27,132,133" hai3="8,14,16,18,79,81,87,89,94,99" /><INIT seed="7,2,1,4,1,86" ten="402,38,290,260" oya="3" hai0="124,81,133,118,14,31,128,134,93,75,55,45,27" hai1="26,25,38,87,73,107,103,28,77,71,18,3,11" hai2="89,44,96,126,100,76,34,111,97,21,135,6,92" hai3="59,54,24,114,109,113,129,95,84,123,16,88,32"/><W10/><G123/><T119/><D124/><U74/><E87/><V108/><F34/><W80/><G109/><T105/><D105/><U131/><E18/><V53/><F126/><W48/><G129/><T50/><D128/><U41/><E26/><V90/><F135/><N who="0" m="51722" /><D14/><U79/><E77/><V121/><F121/><W46/><G32/><N who="0" m="20607" /><D93/><U42/><E131/><V82/><F6/><W49/><G95/><T52/><D55/><U58/><E58/><V72/><F21/><W64/><G64/><T23/><D23/><U0/><E42/><V112/><F112/><N who="3" m="43115" /><G24/><T36/><D36/><U19/><E19/><V17/><F17/><W5/><G16/><T125/><D125/><U91/><E91/><N who="2" m="34827" /><F53/><W62/><G46/><T98/><D98/><N who="2" m="37994" /><F44/><W56/><G59/><T116/><D116/><U35/><E103/><V22/><F22/><W117/><G117/><T15/><D15/><AGARI ba="2,1" hai="5,10,15,48,49,54,56,62,80,84,88" m="43115" machi="15" ten="30,5800,0" yaku="15,1,52,1,54,1" doraHai="86" who="3" fromWho="0" sc="402,-64,38,0,290,0,260,74" /><INIT seed="7,3,0,3,2,108" ten="338,38,290,334" oya="3" hai0="14,5,31,102,41,92,122,110,129,86,51,88,18" hai1="105,81,32,53,6,65,83,8,52,93,38,124,68" hai2="87,71,109,90,70,94,0,69,16,34,2,13,66" hai3="37,9,116,28,104,40,4,74,125,100,59,25,133"/><W20/><G116/><T50/><D110/><U99/><E124/><V107/><F109/><W63/><G125/><T21/><D129/><U115/><E105/><V36/><F36/><W67/><G74/><T119/><D119/><U42/><E38/><V117/><F117/><W49/><G37/><T73/><D73/><U47/><E42/><V61/><F107/><W26/><G133/><T114/><D114/><U56/><E47/><V45/><F34/><W89/><G89/><T35/><D122/><U79/><E53/><V76/><F76/><W33/><G104/><T10/><D102/><U111/><E56/><V55/><F55/><W17/><G100/><T121/><D121/><U132/><E65/><V62/><F45/><W127/><G127/><T7/><D41/><U78/><E68/><V39/><F39/><W113/><G113/><T48/><D35/><U11/><E52/><V75/><F75/><W82/><G82/><T77/><D77/><U15/><E81/><V118/><F118/><W60/><G63/><T130/><D130/><U91/><E91/><V112/><F112/><W1/><G40/><T96/><D86/><U120/><E115/><V123/><F123/><W27/><G49/><T128/><D128/><U22/><E120/><V54/><F54/><W72/><G72/><T64/><D64/><U24/><E111/><V98/><F87/><W3/><G1/><N who="2" m="617" /><F66/><W57/><G59/><T135/><D135/><U131/><E132/><V58/><F58/><W95/><G95/><T85/><D85/><U106/><E93/><V44/><F44/><W84/><G84/><RYUUKYOKU ba="3,0" sc="338,10,38,-30,290,10,334,10" hai0="5,7,10,14,18,21,31,48,50,51,88,92,96" hai2="13,16,61,62,69,70,71,90,94,98" hai3="3,4,9,17,20,25,26,27,28,33,57,60,67" /><INIT seed="7,4,0,0,2,0" ten="348,8,300,344" oya="3" hai0="5,118,64,36,129,9,124,45,80,24,34,65,112" hai1="69,51,56,43,28,73,100,85,68,133,90,8,23" hai2="39,11,82,113,86,74,98,110,27,66,6,102,89" hai3="61,106,114,2,16,119,96,62,108,35,128,97,126"/><W95/><G119/><T13/><D112/><U83/><E133/><V99/><F110/><W29/><G114/><T135/><D118/><U30/><E30/><V130/><F113/><W125/><G108/><T33/><D135/><U50/><E50/><V88/><F130/><W48/><G128/><T127/><D129/><U4/><E4/><V58/><F39/><W117/><G117/><T92/><D80/><U84/><E84/><N who="2" m="50199" /><F74/><W116/><G116/><T32/><D24/><U107/><E107/><V49/><F27/><N who="3" m="18879" /><G2/><T121/><D92/><U41/><E41/><V72/><F72/><W44/><G16/><T31/><D31/><U15/><E100/><V40/><F102/><N who="3" m="60703" /><G97/><T120/><D45/><U77/><E28/><V54/><F40/><N who="3" m="24583" /><G106/><T71/><D36/><U101/><E43/><V131/><F66/><N who="0" m="25706" /><D71/><U7/><E68/><V17/><F131/><W81/><G81/><T52/><D52/><N who="1" m="31775" /><E69/><V79/><F79/><W14/><G14/><T12/><D12/><U38/><E38/><V19/><F99/><W60/><G126/><AGARI ba="4,0" hai="5,9,13,32,33,34,120,121,124,126,127" m="25706" machi="126" ten="40,2600,0" yaku="18,1,52,1" doraHai="0" who="0" fromWho="3" sc="348,38,8,0,300,0,344,-38" owari="386,48.0,8,-49.0,300,-10.0,306,11.0" /></mjloggm>