<mjloggm ver="2.3"><GO type="41" lobby="0"/><UN n0="%E3%82%A6%E3%82%A3%E3%83%AA%E3%83%BC%E5%B0%8F%E5%83%A7" n1="%E5%B0%B1%E6%B4%BB%E7%94%9F%40%E5%B7%9D%E6%9D%91%E8%BB%8D%E5%9B%A3" n2="%7A%65%69%74%39" n3="%E2%98%86%6B%69%E2%98%86" dan="15,15,14,13" rate="1958.89,2011.18,1911.00,1867.20" sx="M,M,M,M"/><TAIKYOKU oya="0"/><INIT seed="0,0,0,1,0,35" ten="250,250,250,250" oya="0" hai0="91,27,38,90,101,70,47,67,89,93,81,57,15" hai1="98,107,84,59,30,66,111,124,103,117,31,34,8" hai2="129,120,17,7,33,10,131,74,95,79,23,119,87" hai3="62,80,122,52,73,44,99,40,60,37,82,41,53"/><T4/><D70/><U123/><E117/><V64/><F33/><W28/><G28/><T135/><D47/><U97/><E123/><V49/><F119/><W11/><G122/><T46/><D46/><U2/><E124/><V58/><F120/><W16/><G99/><T1/><D1/><U92/><E111/><V71/><F74/><W21/><G73/><T133/><D38/><U54/><E34/><V65/><F71/><W85/><G82/><T63/><D27/><U118/><E118/><V22/><F22/><W5/><G37/><T6/><D81/><U29/><E66/><V76/><F65/><W108/><G108/><T24/><D24/><U109/><E109/><V36/><F36/><W96/><G96/><N who="0" m="59535" /><D15/><U75/><E84/><V127/><F64/><W88/><G53/><T116/><D116/><U77/><E77/><V43/><F79/><W83/><G83/><T51/><D51/><U110/><E110/><V126/><F76/><W32/><G32/><T94/><D94/><U56/><E75/><V39/><F95/><W48/><G11/><T14/><D14/><U45/><E45/><V100/><F43/><N who="3" m="16459" /><G5/><T13/><D13/><AGARI ba="0,0" hai="13,16,21,44,48,52,60,62,80,85,88" m="16459" machi="13" ten="30,7700,0" yaku="8,1,54,3" doraHai="35" who="3" fromWho="0" sc="250,-77,250,0,250,0,250,77" /><INIT seed="1,0,0,4,2,0" ten="173,250,250,327" oya="1" hai0="75,29,20,37,135,112,54,14,134,66,86,28,13" hai1="4,87,72,77,91,88,16,78,18,121,6,53,50" hai2="8,117,62,93,107,9,69,21,108,100,38,120,128" hai3="127,122,109,90,102,82,99,17,34,25,96,118,57"/><U45/><E121/><V101/><F38/><W43/><G122/><T56/><D37/><U103/><E103/><V113/><F107/><W22/><G127/><T73/><D66/><U49/><E72/><N who="0" m="27721" /><D112/><U115/><E115/><V58/><F120/><W125/><G125/><T70/><D70/><U31/><E31/><N who="0" m="11849" /><D86/><U39/><E39/><V46/><F69/><W44/><G109/><T132/><D20/><U123/><E123/><V114/><F108/><W65/><G34/><T27/><D27/><U67/><E67/><V51/><F21/><W89/><G44/><T5/><D5/><N who="1" m="2155" /><E91/><N who="3" m="34826" /><G118/><T40/><D40/><N who="1" m="24743" /><E77/><V61/><F117/><W35/><G43/><T3/><D3/><U19/><E78/><V71/><F101/><W42/><G42/><T106/><D106/><U10/><E10/><V97/><F71/><W47/><G102/><T129/><D129/><U74/><E74/><V1/><F128/><W24/><G35/><T48/><AGARI ba="0,0" hai="13,14,48,54,56,132,134,135" m="11849,27721" machi="48" ten="40,1500,0" yaku="20,1" doraHai="0" who="0" fromWho="0" sc="173,15,250,-7,250,-4,327,-4" /><INIT seed="2,0,0,4,5,109" ten="188,243,246,323" oya="2" hai0="21,126,106,53,71,95,43,79,94,117,32,28,108" hai1="51,70,10,54,134,61,33,67,14,29,128,68,36" hai2="83,16,87,93,20,96,15,80,22,98,112,124,69" hai3="102,90,1,110,100,121,120,104,101,46,63,11,62"/><V38/><F69/><W37/><G104/><T41/><D53/><U107/><E36/><V23/><F112/><W50/><G110/><T135/><D79/><U81/><E128/><V44/><F124/><W123/><G37/><T97/><D71/><U12/><E134/><V40/><F80/><W92/><G1/><T34/><D97/><U75/><E107/><V31/><F31/><W72/><G72/><T82/><D108/><U132/><E132/><V30/><F30/><W2/><G2/><T111/><D82/><U89/><E70/><V19/><F98/><W57/><G11/><T118/><D126/><U18/><E14/><V49/><F19/><W13/><G13/><T3/><D21/><U7/><E7/><V105/><F105/><W77/><G77/><T4/><D4/><U125/><E125/><V24/><F24/><W48/><G46/><T114/><D114/><U64/><E64/><V115/><F38/><W86/><REACH who="3" step="1"/><G63/><REACH who="3" ten="188,243,246,313" step="2"/><T25/><D111/><U6/><E75/><V116/><F116/><W27/><G27/><T76/><D76/><U99/><E6/><V103/><F115/><W55/><AGARI ba="0,1" hai="48,50,55,57,62,86,90,92,100,101,102,120,121,123" machi="55" ten="40,8000,1" yaku="1,1,0,1,53,3" doraHai="109" doraHaiUra="119" who="3" fromWho="3" sc="188,-20,243,-20,246,-40,313,90" /><INIT seed="3,0,0,0,5,130" ten="168,223,206,403" oya="3" hai0="108,72,65,112,20,40,104,67,64,131,10,52,2" hai1="106,119,98,51,71,37,94,127,11,111,120,101,66" hai2="39,123,32,110,62,0,109,54,24,81,26,95,5" hai3="27,23,103,14,43,74,36,85,28,92,34,48,115"/><W87/><G74/><T90/><D131/><U22/><E37/><V63/><F39/><W132/><G36/><T91/><D72/><U6/><E119/><V60/><F123/><W41/><G115/><T7/><D104/><U18/><E120/><V33/><F95/><W44/><G34/><N who="2" m="13417" /><F81/><W9/><G43/><T82/><D112/><U50/><E127/><V77/><F77/><W13/><G13/><T135/><D82/><U45/><E111/><N who="2" m="42507" /><F5/><N who="3" m="3375" /><G132/><T113/><D113/><U121/><E121/><V19/><F0/><W126/><G126/><T42/><D135/><U89/><E71/><V17/><F54/><W56/><G56/><T105/><D20/><U125/><E66/><V47/><F47/><W49/><G49/><T3/><D3/><U4/><E125/><V88/><F88/><W53/><G53/><T84/><D108/><U46/><E46/><V86/><F86/><W134/><G134/><T73/><D73/><U83/><E83/><V128/><F128/><W124/><G124/><T21/><D84/><U107/><E6/><V8/><F8/><W97/><AGARI ba="0,0" hai="23,27,28,41,44,48,85,87,92,97,103" m="3375" machi="97" ten="30,1500,0" yaku="8,1" doraHai="130" who="3" fromWho="3" sc="168,-5,223,-5,206,-5,403,15" /><INIT seed="3,1,0,4,3,40" ten="163,218,201,418" oya="3" hai0="53,69,105,6,70,37,16,60,112,97,18,100,41" hai1="128,123,82,107,85,75,74,12,67,72,103,8,81" hai2="51,87,117,102,64,21,14,4,44,116,86,2,63" hai3="79,113,93,62,33,78,98,19,104,125,129,135,45"/><W38/><G113/><T7/><D112/><U36/><E123/><V10/><F102/><W91/><G104/><T130/><D130/><U47/><E128/><V58/><F2/><W84/><G129/><T119/><D119/><U94/><E107/><V71/><F71/><W89/><G33/><T48/><D70/><U68/><E68/><V13/><F117/><W132/><G125/><T66/><D7/><U11/><E67/><V59/><F59/><W120/><G62/><T0/><D0/><U88/><E103/><V34/><F34/><W96/><G19/><T55/><D6/><U76/><E81/><V131/><F131/><W46/><G38/><T50/><D41/><U124/><E124/><V43/><F116/><W106/><G120/><T56/><D37/><U22/><E22/><V25/><F14/><W29/><G29/><AGARI ba="1,0" hai="4,10,13,21,25,29,43,44,51,58,63,64,86,87" machi="29" ten="30,3900,0" yaku="7,1,8,1,52,1" doraHai="40" who="2" fromWho="3" sc="163,0,218,0,201,42,418,-42" /><INIT seed="4,0,0,5,4,37" ten="163,218,243,376" oya="0" hai0="109,132,22,15,79,0,95,26,54,97,113,69,44" hai1="67,59,66,52,100,62,5,55,125,102,84,118,64" hai2="105,88,134,23,41,53,82,20,99,42,123,133,50" hai3="111,135,121,43,12,104,58,131,119,81,25,108,70"/><T10/><D69/><U86/><E118/><V2/><F123/><W49/><G121/><T116/><D116/><U93/><E125/><V60/><F2/><W39/><G119/><T103/><D0/><U112/><E112/><V101/><F60/><W114/><G39/><T124/><D132/><N who="2" m="50794" /><F82/><W98/><G114/><T127/><D113/><U48/><E5/><V91/><F20/><W129/><G131/><T6/><D79/><U11/><E11/><V122/><F23/><W29/><G70/><T83/><D83/><U51/><E62/><V128/><F128/><W45/><G104/><T115/><D109/><U80/><E93/><V16/><F16/><W74/><G74/><T77/><D77/><N who="1" m="46095" /><E86/><V35/><F35/><W33/><G33/><T34/><D34/><U87/><E87/><V28/><F28/><W65/><G108/><T61/><D115/><U13/><E13/><V7/><F7/><W4/><G129/><T68/><D68/><U96/><E96/><V78/><F78/><W107/><G107/><T8/><D8/><U46/><AGARI ba="0,0" hai="46,48,51,52,55,59,64,66,67,100,102" m="46095" machi="46" ten="30,2000,0" yaku="8,1,54,1" doraHai="37" who="1" fromWho="1" sc="163,-10,218,20,243,-5,376,-5" /><INIT seed="5,0,0,1,2,89" ten="153,238,238,371" oya="1" hai0="55,115,18,96,12,77,31,23,117,15,94,116,22" hai1="132,4,120,7,127,54,2,62,102,34,71,92,37" hai2="79,110,66,65,6,17,104,105,60,125,28,72,14" hai3="13,78,21,86,114,133,119,70,84,43,76,20,74"/><U16/><E37/><V61/><F125/><W41/><G133/><T8/><D115/><U59/><E120/><V0/><F0/><W27/><G114/><T99/><D77/><U90/><E34/><V111/><F79/><W47/><G70/><T85/><D117/><U38/><E38/><V5/><F28/><W83/><G119/><T45/><D31/><U63/><E132/><V53/><F53/><W3/><G3/><T98/><D116/><U87/><E127/><V128/><F14/><W40/><G47/><T88/><D15/><U80/><E2/><V33/><F17/><N who="3" m="10287" /><G74/><T97/><N who="0" m="25088" /><DORA hai="30" /><T58/><REACH who="0" step="1"/><D45/><REACH who="0" ten="143,238,238,371" step="2"/><U121/><E121/><V134/><F134/><W101/><G101/><T36/><D36/><U82/><E102/><V56/><F110/><W26/><G26/><T46/><D46/><U131/><E131/><V81/><F111/><W126/><G126/><T51/><AGARI ba="0,1" hai="8,12,18,22,23,51,55,58,85,88,94" m="25088" machi="51" ten="40,16000,3" yaku="1,1,0,1,8,1,52,1,54,1,53,5" doraHai="89,30" doraHaiUra="95,10" who="0" fromWho="0" sc="143,170,238,-80,238,-40,371,-40" /><INIT seed="6,0,0,2,1,106" ten="313,158,198,331" oya="2" hai0="26,0,56,132,70,44,76,42,33,111,50,58,6" hai1="37,30,72,22,5,131,110,71,130,88,21,123,47" hai2="97,121,118,20,84,103,92,113,75,108,67,87,1" hai3="135,89,112,109,29,101,13,99,134,63,31,68,117"/><V124/><F1/><W10/><G117/><T60/><D6/><U43/><E71/><V115/><F118/><W122/><G109/><T59/><D132/><N who="3" m="50729" /><G122/><T62/><D111/><U100/><E110/><V73/><F108/><W2/><G2/><T52/><D0/><U45/><E123/><V35/><F35/><W7/><G112/><N who="2" m="43081" /><F67/><N who="3" m="41087" /><G89/><T116/><D116/><U64/><E64/><V46/><F46/><W32/><G32/><T25/><D33/><U11/><E100/><V8/><F8/><W48/><G48/><N who="0" m="26647" /><D70/><U120/><E47/><V9/><F9/><W66/><G66/><T34/><D34/><U77/><E120/><V98/><F121/><W102/><G102/><T80/><D25/><U104/><E104/><AGARI ba="0,0" hai="7,10,13,29,31,99,101,104" m="41087,50729" machi="104" ten="30,1000,0" yaku="20,1" doraHai="106" who="3" fromWho="1" sc="313,0,158,-10,198,0,331,10" /><INIT seed="7,0,0,3,5,37" ten="313,148,198,341" oya="3" hai0="102,101,120,110,75,134,130,47,92,27,33,45,117" hai1="85,32,29,51,133,86,66,87,26,78,93,10,131" hai2="94,64,11,122,48,30,35,97,70,121,132,89,23" hai3="104,60,9,44,99,34,13,115,18,116,119,20,54"/><W135/><G135/><T67/><D67/><U81/><E133/><V3/><F132/><W41/><G115/><T73/><D134/><U105/><E131/><V50/><F35/><W15/><G34/><T68/><D92/><U61/><E105/><V57/><F70/><W65/><G54/><T22/><D33/><U82/><E10/><V5/><F64/><W100/><G41/><T80/><D68/><U0/><E0/><V76/><F57/><W12/><G44/><T46/><D117/><U128/><E128/><V126/><F76/><W84/><G84/><T114/><D114/><U36/><E36/><V49/><F126/><W72/><G72/><T28/><D120/><N who="2" m="46186" /><F50/><W113/><G113/><T125/><D125/><U96/><E51/><V71/><F71/><W124/><G124/><T95/><D110/><U123/><E123/><V118/><F118/><W24/><REACH who="3" step="1"/><G9/><REACH who="3" ten="313,148,198,331" step="2"/><T107/><D130/><U88/><REACH who="1" step="1"/><E82/><REACH who="1" ten="313,138,198,331" step="2"/><V79/><F11/><W62/><G62/><T127/><D127/><U2/><E2/><V25/><F3/><W112/><G112/><T40/><D80/><U74/><E74/><V14/><F49/><W58/><AGARI ba="0,2" hai="12,13,15,18,20,24,58,60,65,99,100,104,116,119" machi="58" ten="30,6000,0" yaku="1,1,0,1,53,1" doraHai="37" doraHaiUra="16" who="3" fromWho="3" sc="313,-20,138,-20,198,-20,331,80" owari="293,9.0,118,-38.0,178,-22.0,411,51.0" /></mjloggm>