<mjloggm ver="2.3"><GO type="97" lobby="0"/><UN n0="%E9%81%94%E6%B5%B7%E7%8C%9B" n1="%E5%B0%B1%E6%B4%BB%E7%94%9F%40%E5%B7%9D%E6%9D%91%E8%BB%8D%E5%9B%A3" n2="%E3%81%86%E3%81%AF%E3%81%A1%E3%81%83" n3="%E5%91%B3%E5%B9%B3" dan="14,14,15,15" rate="1922.34,1980.83,2003.94,2003.56" sx="M,M,M,M"/><TAIKYOKU oya="0"/><INIT seed="0,0,0,3,2,89" ten="250,250,250,250" oya="0" hai0="39,99,53,73,9,24,40,18,11,21,125,32,124" hai1="51,97,13,26,83,34,120,122,42,100,36,96,65" hai2="29,37,107,3,86,72,16,108,92,123,74,115,77" hai3="48,12,134,81,15,78,132,94,56,52,44,27,84"/><T5/><D73/><U23/><E36/><V19/><F115/><W20/><G44/><N who="0" m="23583" /><D32/><U118/><E118/><V128/><F107/><W66/><G66/><T88/><D53/><U85/><E34/><V7/><F37/><W25/><G25/><T103/><D5/><U8/><E65/><V98/><F123/><W38/><G38/><T110/><D103/><U60/><E60/><V112/><F112/><W129/><G129/><T59/><D59/><U61/><E61/><V49/><F29/><W121/><G121/><T114/><D114/><U63/><E63/><V0/><F128/><W62/><G62/><T57/><D57/><U82/><E82/><V113/><F113/><W135/><REACH who="3" step="1"/><G94/><REACH who="3" ten="250,250,250,240" step="2"/><N who="0" m="56775" /><D110/><U71/><E71/><V68/><F108/><W70/><G70/><T95/><D95/><N who="1" m="58399" /><E122/><V30/><F68/><W6/><G6/><T127/><AGARI ba="0,1" hai="9,11,18,21,24,124,125,127" m="56775,23583" machi="127" ten="30,6000,0" yaku="18,1,52,1,54,1" doraHai="89" who="0" fromWho="0" sc="250,70,250,-20,250,-20,240,-20" /><INIT seed="0,1,0,1,5,27" ten="320,230,230,220" oya="0" hai0="124,28,37,21,106,63,110,95,101,11,135,83,17" hai1="120,80,89,79,50,56,43,69,15,8,103,4,9" hai2="44,2,70,76,84,48,30,29,5,87,18,39,99" hai3="38,77,40,97,0,41,109,7,114,107,88,92,13"/><T52/><D135/><U26/><E69/><V35/><F70/><W62/><G114/><T113/><D124/><U3/><E120/><V20/><F35/><W47/><G0/><T25/><D113/><U96/><E26/><V115/><F39/><W119/><G119/><T58/><D37/><U104/><E89/><V55/><F115/><W46/><G109/><T6/><D110/><U132/><E132/><V57/><F99/><W68/><G77/><T72/><D106/><U36/><E36/><V108/><F108/><W51/><G107/><T59/><D72/><U128/><E128/><V85/><F5/><W112/><G112/><T54/><D83/><U42/><E56/><V134/><F2/><W12/><G7/><T33/><D101/><U127/><E127/><V133/><F133/><W102/><REACH who="3" step="1"/><G102/><REACH who="3" ten="320,230,230,210" step="2"/><T34/><D6/><U32/><E4/><V74/><F76/><W49/><G49/><T10/><D33/><U73/><E50/><N who="2" m="30967" /><F134/><W65/><AGARI ba="1,1" hai="12,13,38,40,41,46,47,51,62,65,68,88,92,97" machi="65" ten="30,4000,0" yaku="1,1,0,1,54,1,53,0" doraHai="27" doraHaiUra="24" who="3" fromWho="3" sc="320,-21,230,-11,230,-11,210,53" /><INIT seed="1,0,0,1,5,7" ten="299,219,219,263" oya="1" hai0="103,129,108,116,64,77,50,115,60,78,52,100,73" hai1="120,4,51,95,124,98,119,63,81,85,71,118,82" hai2="54,96,24,36,17,55,31,79,40,88,134,5,125" hai3="92,14,8,127,133,32,132,75,80,87,86,109,43"/><U65/><E120/><V122/><F122/><W39/><G32/><T97/><D108/><U37/><E37/><V106/><F134/><N who="3" m="51819" /><G109/><T84/><D116/><U111/><E124/><V128/><F79/><N who="3" m="44159" /><G127/><T59/><D115/><U18/><E111/><V9/><F125/><W41/><G92/><T66/><D129/><U69/><E4/><V107/><F17/><N who="3" m="8391" /><G39/><T26/><D73/><U68/><E51/><V104/><F128/><W10/><G10/><T15/><D50/><U19/><E118/><V101/><F36/><W91/><G91/><T126/><D126/><U135/><E135/><V1/><F40/><AGARI ba="0,0" hai="40,41,43,86,87" m="8391,44159,51819" machi="40" ten="30,2000,0" yaku="20,1,52,1" doraHai="7" who="3" fromWho="2" sc="299,0,219,0,219,-20,263,20" /><INIT seed="2,0,0,3,1,127" ten="299,219,199,283" oya="2" hai0="58,73,29,34,77,107,110,135,12,82,43,83,96" hai1="131,62,66,11,0,124,46,101,122,72,15,21,40" hai2="133,130,112,54,35,91,4,120,99,108,32,52,87" hai3="129,20,78,6,48,90,14,81,25,23,49,53,80"/><V85/><F112/><W61/><G129/><T86/><D110/><U117/><E117/><V67/><F120/><W71/><G71/><T116/><D135/><U68/><E72/><V55/><F133/><W118/><G118/><T8/><D116/><U134/><E124/><V50/><F108/><W57/><G78/><T19/><D43/><U31/><E134/><V95/><F67/><W16/><G6/><T132/><D132/><U128/><E122/><V93/><F130/><N who="1" m="49705" /><E101/><V115/><F115/><W74/><G74/><T24/><D58/><U30/><E21/><V38/><F38/><W3/><G3/><T39/><D39/><N who="1" m="21791" /><E0/><V37/><F37/><W121/><G121/><T22/><D107/><U17/><AGARI ba="0,0" hai="11,15,17,30,31,62,66,68" m="21791,49705" machi="17" ten="30,7900,0" yaku="19,1,52,3" doraHai="127" who="1" fromWho="1" sc="299,-20,219,79,199,-39,283,-20" /><INIT seed="3,0,0,3,4,19" ten="279,298,160,263" oya="3" hai0="119,64,132,66,31,68,12,0,128,18,99,115,129" hai1="49,29,74,98,103,9,124,4,89,77,53,34,107" hai2="92,46,104,41,3,56,23,63,54,131,22,76,52" hai3="21,8,123,90,27,40,101,38,111,51,73,15,60"/><W35/><G123/><T61/><D119/><U106/><E124/><V100/><F104/><W133/><G35/><T28/><D0/><U114/><E114/><V82/><F3/><W14/><G101/><T80/><D115/><U17/><E107/><V96/><F131/><N who="0" m="50250" /><D132/><U105/><E105/><V65/><F54/><W1/><G38/><T81/><D66/><U24/><E17/><V83/><F65/><W59/><G73/><T58/><D99/><U84/><E77/><V95/><F95/><W85/><G133/><T33/><D68/><U112/><E74/><V25/><F25/><W71/><G71/><T20/><D33/><U130/><E130/><V121/><F121/><W108/><G51/><T102/><D102/><U79/><E79/><V86/><F83/><AGARI ba="0,0" hai="12,18,20,28,31,58,61,64,80,81,83" m="50250" machi="83" ten="30,2000,0" yaku="19,1,52,1" doraHai="19" who="0" fromWho="2" sc="279,20,298,0,160,-20,263,0" /><INIT seed="4,0,0,5,2,123" ten="299,298,140,263" oya="0" hai0="43,59,31,87,42,112,88,132,56,40,54,100,96" hai1="126,105,103,129,127,122,19,17,26,90,104,24,95" hai2="65,135,53,108,125,130,67,44,72,0,134,111,60" hai3="86,10,29,27,25,85,51,37,3,13,70,80,110"/><T16/><D132/><N who="2" m="50730" /><F72/><W50/><G37/><T6/><D112/><U9/><E129/><V97/><F0/><W64/><G3/><T116/><D116/><U66/><E66/><N who="2" m="25099" /><F97/><W4/><G64/><T36/><D36/><U121/><E103/><V124/><F130/><W77/><G70/><T78/><D54/><U21/><E104/><V92/><F92/><W115/><G115/><T84/><D31/><U98/><E105/><V47/><F60/><W114/><G114/><T69/><D69/><U133/><E133/><V101/><F101/><W55/><G86/><T118/><D100/><U83/><E83/><V63/><F63/><W119/><G119/><T45/><D118/><U48/><E48/><N who="2" m="28807" /><F47/><W58/><G27/><T22/><D45/><U35/><E35/><V82/><F82/><W8/><G25/><N who="0" m="14535" /><D6/><U20/><E9/><V81/><F81/><W23/><G8/><T76/><D96/><U32/><E32/><V52/><F52/><N who="3" m="32023" /><G4/><T117/><D117/><U106/><E106/><V41/><F41/><W71/><G10/><T49/><D78/><U73/><E73/><V68/><F68/><W102/><G71/><T57/><D76/><U128/><E128/><V107/><F107/><W18/><G102/><T113/><D113/><U61/><E61/><V74/><F74/><W91/><G77/><T1/><D1/><U39/><E39/><V7/><F7/><W11/><G11/><T109/><D84/><U46/><E46/><V30/><F30/><W99/><G29/><T131/><D87/><U2/><E2/><V15/><F15/><W79/><G79/><RYUUKYOKU ba="0,0" sc="299,-15,298,15,140,15,263,-15" hai1="17,19,20,21,24,26,90,95,98,121,122,126,127" hai2="108,111,124,125" owari="284,8.0,313,41.0,155,-34.0,248,-15.0" /></mjloggm>