<mjloggm ver="2.3"><GO type="169" lobby="0"/><UN n0="%E3%82%A6%E3%83%AB%E3%83%88%E3%83%A9%E7%AB%8B%E7%9B%B4" n1="%E3%82%88%E3%83%BC%EF%BC%A0%E3%83%AD%E3%83%83%E3%82%AF" n2="%E3%81%BE%E3%81%93%E3%81%95%E3%81%A8%76%65%72%32" n3="%E6%9D%BE%E5%B1%8B%E3%81%8A%E3%81%98%E3%81%95%E3%82%93" dan="17,16,16,18" rate="2146.13,2118.35,2121.74,2201.27" sx="M,M,M,M"/><TAIKYOKU oya="0"/><INIT seed="0,0,0,2,5,114" ten="250,250,250,250" oya="0" hai0="111,3,21,59,41,40,10,70,78,65,130,106,87" hai1="96,52,26,135,75,89,0,101,48,24,55,125,98" hai2="85,61,11,134,126,31,33,83,53,57,84,37,67" hai3="115,128,95,72,105,122,99,30,82,20,90,58,118"/><T22/><D70/><U1/><E75/><V12/><F134/><W100/><G115/><T116/><D106/><U38/><E38/><V14/><F126/><W63/><G128/><T79/><D130/><U23/><E135/><V5/><F37/><W107/><G122/><T97/><D3/><U62/><E125/><V104/><F104/><W113/><G113/><T2/><D2/><U17/><E89/><V32/><F31/><W43/><G43/><N who="0" m="16459" /><D111/><U54/><E62/><V45/><F14/><W15/><G118/><T18/><D116/><U123/><E123/><V68/><F45/><W66/><G15/><N who="0" m="7543" /><D97/><U13/><E96/><V29/><F29/><W7/><G7/><T86/><D59/><U81/><E0/><V64/><F85/><N who="0" m="32266" /><D65/><U124/><E1/><V110/><F67/><W92/><G72/><T71/><D71/><U117/><E117/><V47/><F47/><W44/><G44/><T73/><D73/><U51/><E124/><V120/><F110/><W69/><G69/><T6/><D6/><U88/><E98/><V8/><F120/><W46/><G107/><T108/><D108/><U119/><E119/><V127/><F127/><W35/><G99/><T132/><D132/><U103/><E26/><V25/><F25/><W131/><G105/><T39/><D39/><U49/><E24/><V77/><F11/><W109/><G131/><T133/><D133/><U34/><E34/><V42/><F42/><W56/><G35/><T9/><D9/><U121/><E121/><V102/><F102/><W112/><G109/><T16/><D22/><U4/><E4/><RYUUKYOKU ba="0,0" sc="250,10,250,10,250,10,250,-30" hai0="16,21,78,79" hai1="13,17,23,48,49,51,52,54,55,81,88,101,103" hai2="5,8,12,32,33,53,57,61,64,68,77,83,84" /><INIT seed="0,1,0,5,2,104" ten="260,260,260,220" oya="0" hai0="6,119,1,58,12,38,135,92,36,70,129,99,30" hai1="39,18,10,96,91,73,50,66,67,132,46,63,90" hai2="21,0,72,118,78,115,25,77,113,124,134,34,101" hai3="84,32,102,29,100,107,93,24,4,57,54,88,42"/><T15/><D119/><U9/><E73/><V64/><F0/><W33/><G33/><T108/><D70/><U11/><E132/><V86/><F34/><W28/><G28/><T110/><D135/><U16/><E39/><N who="0" m="14889" /><D30/><U80/><E96/><V40/><F40/><W43/><G4/><T45/><D45/><U71/><E67/><V114/><F64/><W98/><REACH who="3" step="1"/><G102/><REACH who="3" ten="260,260,260,210" step="2"/><T7/><D7/><U14/><E18/><V127/><F101/><W103/><G103/><N who="0" m="60903" /><D6/><U83/><E16/><N who="2" m="12455" /><F134/><W2/><G2/><T26/><D1/><U3/><E3/><V48/><F118/><W20/><G20/><T52/><D129/><U68/><E9/><V82/><F114/><W65/><G65/><T35/><D35/><U131/><E10/><V49/><F113/><W76/><G76/><T55/><D26/><U111/><E131/><V105/><F115/><W125/><G125/><N who="2" m="48201" /><F105/><W51/><AGARI ba="1,1" hai="24,29,32,42,43,51,54,57,84,88,93,98,100,107" machi="51" ten="20,5200,0" yaku="1,1,0,1,7,1,54,1,53,0" doraHai="104" doraHaiUra="56" who="3" fromWho="3" sc="260,-27,260,-14,260,-14,210,65" /><INIT seed="1,0,0,1,0,102" ten="233,246,246,275" oya="1" hai0="110,80,45,94,105,12,47,122,44,63,115,41,7" hai1="129,46,13,53,79,3,51,96,103,37,21,36,108" hai2="68,49,38,62,39,60,126,101,24,131,73,75,4" hai3="124,74,0,67,71,117,104,89,42,70,119,40,106"/><U97/><E3/><V82/><F4/><W77/><G124/><T2/><D115/><U86/><E129/><V87/><F126/><W30/><G0/><T113/><D113/><U84/><E108/><V17/><F101/><W5/><G5/><T111/><D2/><U114/><E114/><V65/><F62/><N who="3" m="40311" /><G71/><T22/><D122/><U95/><E97/><V59/><F39/><W128/><G128/><T31/><D105/><N who="3" m="40553" /><G89/><T66/><D80/><U127/><E127/><V48/><F48/><W107/><G107/><T118/><D118/><N who="3" m="45065" /><G30/><T76/><D31/><U61/><E36/><V85/><F38/><W132/><G132/><T120/><D7/><U26/><E37/><V1/><F68/><W14/><G14/><T25/><D12/><U43/><E13/><V116/><F1/><W78/><G74/><T55/><D111/><U28/><E61/><V125/><F60/><W29/><G29/><T92/><D63/><U34/><E28/><V99/><F65/><W72/><G72/><T33/><D66/><U57/><E26/><V81/><F75/><W83/><G83/><T50/><D25/><U121/><E121/><V134/><F82/><W58/><G58/><T6/><D120/><U135/><E57/><V19/><F59/><W112/><G112/><T35/><D110/><U54/><E135/><V90/><F73/><W133/><G133/><T27/><D6/><U123/><E123/><V91/><F134/><W93/><G93/><T130/><D92/><U20/><E95/><V11/><F125/><W16/><G16/><T88/><D94/><U8/><E103/><RYUUKYOKU ba="0,0" sc="233,-10,246,-10,246,-10,275,30" hai3="40,42,77,78" /><INIT seed="2,1,0,1,2,5" ten="223,236,236,305" oya="2" hai0="8,72,75,20,58,65,129,106,77,25,12,26,38" hai1="47,11,98,2,107,17,32,52,132,56,1,29,70" hai2="30,127,84,43,81,54,79,119,10,115,133,31,15" hai3="118,86,96,46,121,130,9,126,63,57,67,124,85"/><V101/><F119/><W134/><G118/><T27/><D106/><U21/><E70/><V73/><F115/><W87/><G121/><T34/><D129/><U97/><E132/><V18/><F133/><W92/><G134/><T99/><D38/><U128/><E128/><V117/><F117/><W110/><G130/><T69/><D69/><U80/><E47/><V102/><F127/><N who="3" m="48683" /><G110/><T55/><D65/><U59/><E59/><V82/><F43/><W123/><G123/><T49/><D34/><U51/><E29/><V78/><REACH who="2" step="1"/><F54/><REACH who="2" ten="223,236,226,305" step="2"/><W3/><G46/><T0/><D55/><U116/><E116/><V68/><F68/><W16/><G3/><T64/><D58/><U33/><E1/><V125/><F125/><W7/><G57/><T108/><D0/><U41/><E41/><V62/><F62/><W111/><G63/><T74/><D108/><U113/><E113/><V90/><F90/><W37/><G67/><T53/><D64/><U114/><E114/><V23/><F23/><W89/><G111/><T100/><D20/><U71/><E71/><V95/><F95/><W40/><G40/><T94/><D53/><U88/><E32/><V104/><F104/><W14/><G37/><T60/><D60/><U4/><E33/><V93/><F93/><W120/><G120/><T19/><D49/><U131/><E131/><V35/><F35/><W76/><G76/><T83/><AGARI ba="1,1" hai="8,12,19,25,26,27,72,74,75,77,83,94,99,100" machi="83" ten="30,2000,0" yaku="0,1,52,1" doraHai="5" who="0" fromWho="0" sc="223,33,236,-6,226,-11,305,-6" /><INIT seed="3,0,0,1,2,80" ten="256,230,215,299" oya="3" hai0="42,88,106,115,85,2,90,31,109,132,23,33,49" hai1="6,12,40,103,95,112,9,0,110,58,128,27,62" hai2="130,72,96,16,26,121,116,17,74,43,126,19,122" hai3="91,101,46,79,30,15,84,119,94,113,87,50,77"/><W18/><G113/><T86/><D106/><U82/><E112/><V5/><F116/><W20/><G119/><T69/><D2/><U100/><E110/><V118/><F118/><W75/><G75/><T25/><D115/><U61/><E128/><V83/><F43/><W131/><G131/><T64/><D109/><U44/><E27/><V34/><F130/><W78/><G101/><T133/><D33/><U48/><E95/><V125/><F96/><W35/><G35/><T71/><D64/><U53/><E62/><V93/><F93/><W55/><G30/><T105/><D105/><U45/><E45/><V32/><F5/><W67/><G67/><T29/><D49/><U108/><E108/><V135/><F135/><N who="0" m="51786" /><D42/><U111/><E111/><V47/><F47/><W36/><G36/><T68/><D31/><U21/><E0/><V98/><F98/><AGARI ba="0,0" hai="15,18,20,46,50,55,77,78,79,84,87,91,94,98" machi="98" ten="40,7700,0" yaku="8,1,52,2" doraHai="80" who="3" fromWho="2" sc="256,0,230,0,215,-77,299,77" /><INIT seed="3,1,0,5,2,67" ten="256,230,138,376" oya="3" hai0="23,77,16,119,82,6,1,34,61,50,31,59,109" hai1="111,127,105,134,93,41,20,85,97,92,98,124,113" hai2="57,112,101,84,37,22,33,19,70,10,64,65,75" hai3="80,103,102,36,35,29,68,44,126,4,38,89,117"/><W47/><G117/><T40/><D109/><U17/><E41/><V86/><F75/><W30/><G80/><T58/><D119/><U90/><E20/><V54/><F33/><W91/><G4/><T48/><D40/><U88/><E17/><V74/><F74/><W100/><G35/><T81/><D81/><U83/><E111/><V71/><F112/><W32/><G32/><T123/><D123/><U110/><E110/><V106/><F37/><W14/><G14/><T5/><D58/><U39/><E39/><V15/><F65/><W62/><G103/><T52/><D31/><U87/><E113/><V114/><F114/><W28/><G28/><T73/><D34/><U129/><E134/><V45/><F45/><W78/><G62/><T135/><D135/><U72/><E129/><V115/><F64/><W99/><G99/><N who="1" m="37898" /><E105/><V122/><F101/><W108/><G102/><T94/><D94/><U95/><E95/><V3/><F106/><W133/><G38/><T43/><D43/><U79/><AGARI ba="1,0" hai="72,79,83,85,87,88,90,92,93,124,127" m="37898" machi="79" ten="30,4000,0" yaku="34,2,54,1" doraHai="67" who="1" fromWho="1" sc="256,-11,230,43,138,-11,376,-21" /><INIT seed="4,0,0,1,4,77" ten="245,273,127,355" oya="0" hai0="46,123,69,125,94,20,120,122,1,66,27,85,86" hai1="103,56,83,37,30,32,48,88,128,124,49,22,4" hai2="29,74,59,58,97,53,41,9,102,105,6,57,95" hai3="80,75,14,98,72,70,106,134,11,121,73,89,47"/><T15/><D1/><U2/><E37/><V54/><F29/><W7/><G134/><T64/><D125/><U10/><E32/><V127/><F127/><W108/><G108/><T55/><D15/><U78/><E124/><V16/><F41/><W107/><G70/><T8/><D8/><U0/><E0/><V135/><F135/><W87/><G121/><T114/><D114/><U44/><E128/><V18/><F74/><W62/><G98/><T101/><D101/><U81/><E103/><V111/><F111/><W104/><G62/><T112/><D112/><U43/><E78/><V33/><F33/><W110/><G110/><T65/><D69/><U130/><E130/><V67/><F67/><W60/><G60/><T31/><D94/><U79/><E79/><V50/><F105/><W28/><G28/><T116/><D116/><U132/><E132/><V82/><F82/><W5/><G47/><T35/><D35/><U38/><E56/><V34/><F34/><W115/><REACH who="3" step="1"/><G115/><REACH who="3" ten="245,273,127,345" step="2"/><T40/><REACH who="0" step="1"/><D55/><REACH who="0" ten="235,273,127,345" step="2"/><U113/><E113/><V3/><REACH who="2" step="1"/><F54/><REACH who="2" ten="235,273,117,345" step="2"/><W118/><G118/><T68/><D68/><U129/><E129/><V45/><AGARI ba="0,3" hai="3,6,9,16,18,45,50,53,57,58,59,95,97,102" machi="45" ten="30,7900,0" yaku="1,1,2,1,0,1,54,1,53,0" doraHai="77" doraHaiUra="26" who="2" fromWho="2" sc="235,-39,273,-20,117,109,345,-20" /><INIT seed="5,0,0,5,3,108" ten="196,253,226,325" oya="1" hai0="39,2,21,10,33,42,86,133,97,44,51,72,9" hai1="73,18,130,13,59,7,99,57,117,125,85,90,45" hai2="43,49,14,102,15,120,91,122,40,46,87,29,36" hai3="111,100,116,66,98,126,75,105,38,114,26,89,112"/><U101/><E117/><V83/><F102/><W76/><G38/><T109/><D109/><U31/><E73/><V68/><F68/><W0/><G111/><T65/><D33/><U4/><E31/><V70/><F70/><W121/><G0/><T119/><D119/><U12/><E125/><V48/><F29/><W58/><G116/><T94/><D133/><U69/><E69/><V124/><F36/><W52/><G66/><T11/><D72/><U1/><E1/><V110/><F110/><W134/><G121/><T32/><D32/><U82/><E45/><V34/><F34/><W27/><G126/><T22/><D2/><U47/><E47/><V37/><F124/><W53/><G134/><T92/><D65/><U79/><E79/><V88/><F40/><W19/><G89/><N who="0" m="53303" /><D39/><U104/><E130/><V80/><F37/><W123/><G123/><T24/><D24/><N who="3" m="9257" /><G19/><T103/><AGARI ba="0,0" hai="9,10,11,21,22,42,44,51,94,97,103" m="53303" machi="103" ten="30,1100,0" yaku="8,1" doraHai="108" who="0" fromWho="0" sc="196,11,253,-5,226,-3,325,-3" /><INIT seed="6,0,0,2,4,79" ten="207,248,223,322" oya="2" hai0="130,18,86,6,120,127,88,13,53,19,16,64,69" hai1="92,33,50,123,129,76,71,84,110,77,82,31,39" hai2="28,124,89,36,97,107,21,96,75,63,112,106,67" hai3="85,1,58,91,25,44,73,12,47,111,131,115,70"/><V98/><F36/><W126/><G70/><T61/><D120/><U128/><E110/><V105/><F28/><W38/><G1/><T15/><D127/><U55/><E39/><V81/><F21/><W87/><G73/><T3/><D130/><N who="1" m="50283" /><E71/><V40/><F40/><W78/><G12/><T125/><D125/><U41/><E41/><V4/><F4/><W24/><G47/><T45/><D3/><U65/><E65/><V14/><F14/><W8/><G58/><T113/><D113/><U51/><E51/><V54/><F54/><W43/><G25/><T114/><D114/><U108/><E108/><V132/><F124/><W101/><G24/><T7/><D7/><U60/><E60/><V22/><F22/><W134/><G8/><T119/><D119/><U56/><E92/><V59/><F112/><W122/><G43/><T23/><D53/><U52/><E55/><V32/><F32/><W30/><G38/><T100/><D45/><U95/><E95/><V35/><F35/><W42/><G44/><T83/><REACH who="0" step="1"/><D100/><REACH who="0" ten="197,248,223,322" step="2"/><U135/><E123/><V10/><F132/><W118/><G134/><T68/><D68/><U74/><E135/><V93/><REACH who="2" step="1"/><F10/><AGARI ba="0,1" hai="6,10,13,15,16,18,19,23,61,64,69,83,86,88" machi="10" ten="40,8000,1" yaku="1,1,52,1,54,2,53,0" doraHai="79" doraHaiUra="29" who="0" fromWho="2" sc="197,90,248,0,223,-80,322,0" /><INIT seed="7,0,0,4,1,132" ten="287,248,143,322" oya="3" hai0="80,126,127,113,44,108,67,48,16,49,33,95,46" hai1="3,65,128,83,112,12,89,36,2,6,71,8,59" hai2="47,106,22,115,51,97,0,18,1,68,99,90,35" hai3="19,98,11,100,39,79,15,119,55,94,42,122,17"/><W21/><G119/><T110/><D33/><U27/><E71/><V85/><F35/><W41/><G122/><T28/><D28/><U104/><E104/><V129/><F68/><W116/><G116/><T69/><D80/><U78/><E36/><V50/><F129/><W87/><G39/><T62/><D95/><U131/><E112/><V125/><F115/><W13/><G55/><N who="0" m="30087" /><D16/><U92/><E27/><V75/><F75/><W25/><G25/><T14/><D14/><U56/><E65/><V61/><F61/><W58/><G58/><T63/><D63/><U31/><E31/><V114/><F114/><W117/><G117/><T26/><D26/><U24/><E24/><V54/><F106/><W52/><G52/><N who="0" m="29751" /><D113/><U76/><E2/><V64/><F64/><W118/><G118/><T135/><D135/><U40/><E3/><V74/><F74/><W29/><G29/><T88/><D88/><U53/><E83/><AGARI ba="0,0" hai="11,13,15,17,19,21,41,42,79,83,87,94,98,100" machi="83" ten="40,2000,0" yaku="8,1" doraHai="132" who="3" fromWho="1" sc="287,0,248,-20,143,0,322,20" owari="287,9.0,228,-17.0,143,-36.0,342,44.0" /></mjloggm>