<mjloggm ver="2.3"><GO type="169" lobby="0"/><UN n0="%48%6F%6F%6F%6F%6F%6F%69" n1="%E5%B0%B1%E6%B4%BB%E7%94%9F%40%E5%B7%9D%E6%9D%91%E8%BB%8D%E5%9B%A3" n2="%67%61%6D%6F%33" n3="%62%75%74%69%74%61%6D%61" dan="16,17,16,18" rate="2106.20,2190.63,2113.52,2184.38" sx="M,M,M,M"/><TAIKYOKU oya="0"/><INIT seed="0,0,0,2,1,1" ten="250,250,250,250" oya="0" hai0="73,109,8,12,99,17,84,14,58,111,59,61,36" hai1="69,92,105,104,110,53,87,43,46,13,86,44,32" hai2="7,102,98,131,108,94,91,22,85,16,63,120,64" hai3="5,78,90,37,48,30,29,51,39,134,114,24,19"/><T76/><D73/><U47/><E32/><V18/><F131/><W52/><G114/><T126/><D36/><U125/><E69/><V55/><F108/><N who="0" m="41546" /><D99/><U77/><E110/><V10/><F55/><W62/><G134/><T49/><D126/><U23/><E125/><V74/><F74/><W42/><G37/><T122/><D122/><U4/><E43/><V45/><F45/><N who="3" m="25655" /><G39/><T117/><D117/><U70/><E70/><V68/><F22/><N who="3" m="13407" /><G62/><T33/><D33/><U129/><E129/><V133/><F133/><W96/><G78/><T26/><D26/><U20/><E53/><V124/><F120/><W15/><G90/><T88/><D76/><U6/><E77/><V79/><F79/><W101/><G96/><T54/><D14/><U34/><E13/><V116/><F116/><W75/><G101/><T89/><D84/><N who="1" m="32299" /><E92/><V71/><F71/><W100/><G100/><T50/><D50/><U41/><E34/><V113/><F113/><W66/><G66/><AGARI ba="0,0" hai="8,12,17,49,54,58,59,61,66,88,89" m="41546" machi="66" ten="30,5800,0" yaku="14,1,10,1,54,1" doraHai="1" who="0" fromWho="3" sc="250,58,250,0,250,0,250,-58" /><INIT seed="0,1,0,0,3,6" ten="308,250,250,192" oya="0" hai0="9,86,52,43,39,1,46,122,87,133,77,60,26" hai1="116,99,23,12,106,115,0,27,25,10,41,72,3" hai2="63,75,124,66,95,123,18,88,22,34,126,51,102" hai3="57,73,134,110,32,83,76,119,11,2,111,48,17"/><T14/><D122/><U104/><E72/><V13/><F75/><W19/><G32/><T42/><D42/><U70/><E70/><V16/><F34/><W53/><G119/><T56/><D133/><U79/><E116/><V29/><F102/><W71/><G71/><T80/><D26/><U64/><E64/><V8/><F51/><W109/><REACH who="3" step="1"/><G134/><REACH who="3" ten="308,250,250,182" step="2"/><T15/><D1/><U96/><E115/><V114/><F114/><W101/><G101/><T21/><D21/><U35/><E35/><V4/><F123/><W120/><G120/><T62/><D86/><U7/><E3/><V105/><F105/><W50/><G50/><T38/><D39/><U97/><E27/><V5/><F126/><W135/><G135/><T49/><REACH who="0" step="1"/><D15/><REACH who="0" ten="298,250,250,182" step="2"/><U81/><E0/><V31/><F124/><W40/><G40/><T128/><D128/><U130/><E41/><V92/><F22/><W121/><G121/><T98/><D98/><U67/><E130/><V132/><F132/><W74/><G74/><T78/><D78/><U129/><E129/><V33/><F33/><W113/><G113/><T36/><D36/><U68/><E104/><V55/><F29/><W24/><G24/><T89/><D89/><U131/><E106/><V69/><F31/><W54/><G54/><T47/><D47/><U58/><E131/><V108/><F55/><W117/><G117/><T103/><D103/><U65/><E99/><V85/><F85/><W118/><G118/><T45/><D45/><U93/><E97/><V112/><F88/><W61/><G61/><T59/><D59/><U82/><E96/><RYUUKYOKU ba="1,2" sc="298,15,250,-15,250,-15,182,15" hai0="9,14,38,43,46,49,52,56,60,62,77,80,87" hai3="2,11,17,19,48,53,57,73,76,83,109,110,111" /><INIT seed="0,2,2,0,5,8" ten="313,235,235,197" oya="0" hai0="78,93,31,10,30,96,108,133,129,29,52,82,121" hai1="41,34,107,86,115,118,132,68,35,112,23,42,44" hai2="21,92,58,4,134,15,18,14,94,123,125,116,64" hai3="117,104,16,114,102,105,71,25,33,67,19,27,131"/><T69/><D121/><U126/><E107/><V45/><F123/><W48/><G114/><N who="1" m="43562" /><E68/><V122/><F122/><W13/><G117/><T88/><D69/><U66/><E118/><V79/><F116/><W97/><G105/><T120/><D120/><U135/><E66/><V110/><F110/><W54/><G131/><T2/><D133/><N who="1" m="51275" /><E126/><V47/><F79/><W101/><G101/><T20/><D129/><U50/><E86/><V60/><F125/><W3/><G3/><T12/><D2/><U49/><E23/><V1/><F1/><W0/><G0/><T124/><D124/><U98/><E98/><V74/><F74/><W128/><G128/><T51/><D20/><U100/><E100/><V90/><F134/><W24/><G33/><N who="1" m="12298" /><E44/><N who="2" m="16971" /><F90/><W89/><G89/><T53/><D108/><U113/><N who="1" m="43570" /><U111/><DORA hai="61" /><E111/><V6/><F6/><W73/><G73/><T57/><D53/><U28/><E28/><V72/><F72/><W65/><G71/><T37/><D37/><U127/><E127/><V91/><F91/><W130/><G130/><T119/><D119/><U22/><E22/><V76/><F76/><W7/><G54/><T84/><REACH who="0" step="1"/><D31/><REACH who="0" ten="303,235,235,197" step="2"/><U85/><E85/><V43/><F43/><AGARI ba="2,3" hai="41,42,43,49,50" m="12298,51275,43570" machi="43" ten="50,8000,1" yaku="28,2,11,1,20,1" doraHai="8,61" who="1" fromWho="2" sc="303,0,235,116,235,-86,197,0" /><INIT seed="1,0,0,0,1,116" ten="303,351,149,197" oya="1" hai0="87,124,92,43,62,5,32,66,55,83,31,101,107" hai1="73,89,52,2,79,30,131,108,12,63,47,76,1" hai2="23,61,18,71,126,118,132,111,82,97,7,94,46" hai3="68,86,69,98,90,95,102,16,96,4,39,117,53"/><U64/><E131/><V26/><F118/><W29/><G39/><T3/><D43/><U122/><E122/><V14/><F111/><W56/><G117/><T91/><D5/><U115/><E115/><V85/><F132/><W119/><G119/><T17/><D3/><U44/><E108/><V54/><F126/><W45/><G29/><T135/><D124/><U8/><E30/><V120/><F71/><W51/><G4/><T81/><D55/><U0/><E89/><V128/><F128/><W27/><G45/><T125/><D125/><U49/><E44/><V48/><F61/><W59/><G59/><T40/><D40/><U100/><E100/><V6/><F26/><W38/><G38/><T84/><D17/><U20/><E20/><V13/><F13/><W72/><G72/><T127/><D127/><U19/><REACH who="1" step="1"/><E73/><REACH who="1" ten="303,341,149,197" step="2"/><V99/><F99/><W15/><G98/><N who="0" m="61879" /><D135/><U24/><E24/><V80/><F46/><W21/><REACH who="3" step="1"/><G27/><REACH who="3" ten="303,341,149,187" step="2"/><N who="0" m="18559" /><D87/><U35/><E35/><V104/><F85/><W112/><G112/><T134/><D134/><U9/><E9/><V10/><F10/><W130/><G130/><T34/><D34/><U57/><AGARI ba="0,2" hai="0,1,2,8,12,19,47,49,52,57,63,64,76,79" machi="57" ten="30,6000,0" yaku="1,1,0,1,54,1,53,0" doraHai="116" doraHaiUra="77" who="1" fromWho="1" sc="303,-20,341,80,149,-20,187,-20" /><INIT seed="1,1,0,5,1,67" ten="283,421,129,167" oya="1" hai0="29,3,134,122,118,68,130,95,61,72,97,92,30" hai1="51,69,34,7,39,71,48,123,113,52,79,46,63" hai2="83,9,101,28,10,50,125,80,135,90,36,117,106" hai3="105,109,121,2,100,49,129,107,78,23,40,19,110"/><U120/><E34/><V32/><F36/><W43/><G2/><T64/><D118/><U59/><E79/><V62/><F117/><W13/><G121/><N who="1" m="46666" /><E7/><V16/><F125/><W75/><G100/><T8/><D122/><U0/><E0/><V66/><F50/><N who="1" m="18985" /><E113/><V22/><F135/><W53/><G78/><T133/><D72/><U96/><E96/><V128/><F128/><W11/><G129/><T42/><D130/><U115/><E115/><V89/><F32/><W21/><G75/><T85/><D85/><U54/><E54/><V5/><F28/><W55/><G11/><T86/><D86/><U131/><E131/><V126/><F126/><W73/><G73/><T17/><D95/><U114/><E114/><V132/><F132/><N who="0" m="50794" /><D3/><U47/><E39/><V127/><F127/><W94/><G94/><T33/><D33/><U77/><E77/><V4/><F4/><W58/><G107/><T35/><D35/><U98/><E98/><V87/><F106/><W14/><G105/><T108/><D17/><U70/><AGARI ba="1,0" hai="46,47,52,59,63,69,70,71" m="18985,46666" machi="70" ten="40,18000,2" yaku="34,2,52,3,54,1" doraHai="67" who="1" fromWho="1" sc="283,-61,421,183,129,-61,167,-61" /><INIT seed="1,2,0,5,3,35" ten="222,604,68,106" oya="1" hai0="44,102,89,46,8,110,36,38,65,72,101,111,126" hai1="18,123,51,53,56,45,105,80,134,116,54,97,67" hai2="5,15,50,0,98,20,57,61,47,49,125,73,39" hai3="1,58,40,63,104,28,43,133,127,25,119,16,83"/><U84/><E123/><V27/><F73/><W75/><G104/><T120/><D72/><U132/><E116/><V121/><F121/><W107/><G107/><T124/><D120/><U92/><E105/><V30/><F125/><N who="0" m="48234" /><D89/><U23/><E67/><V91/><F39/><N who="0" m="14890" /><D8/><U77/><E132/><V37/><F37/><W78/><G127/><T122/><D65/><U95/><E134/><V62/><F15/><W55/><G133/><T79/><D79/><U96/><E96/><V66/><F61/><W21/><G119/><T117/><D117/><U86/><E84/><V2/><F5/><W131/><G131/><T29/><D29/><U118/><E118/><V10/><F10/><W85/><G1/><T59/><D59/><U3/><E3/><V88/><F50/><W99/><G99/><T42/><D42/><U129/><E129/><V108/><F108/><N who="0" m="41514" /><D122/><U11/><E11/><V26/><F91/><W14/><REACH who="3" step="1"/><G75/><REACH who="3" ten="222,604,68,96" step="2"/><T31/><D31/><U22/><E97/><V114/><F98/><W12/><G12/><T100/><AGARI ba="2,1" hai="44,46,100,101,102" m="41514,14890,48234" machi="100" ten="40,8000,1" yaku="28,2,18,1,14,1" doraHai="35" who="0" fromWho="0" sc="222,96,604,-42,68,-22,96,-22" /><INIT seed="2,0,0,3,5,13" ten="318,562,46,74" oya="2" hai0="92,82,12,36,77,0,47,37,64,86,53,38,93" hai1="80,119,41,14,19,110,97,44,105,46,60,40,118" hai2="109,50,70,122,62,108,33,28,78,116,100,45,65" hai3="48,102,24,30,90,114,106,15,95,74,27,130,35"/><V57/><F116/><W107/><G74/><T9/><D0/><U135/><E110/><N who="2" m="42603" /><F78/><W21/><G102/><T52/><D64/><U87/><E135/><V42/><F100/><W34/><G130/><T133/><D133/><U89/><E105/><V25/><F70/><W1/><G1/><T26/><D26/><U71/><E71/><V22/><F33/><W54/><G15/><T112/><D112/><U67/><E97/><V99/><F99/><W83/><G83/><T49/><REACH who="0" step="1"/><D53/><REACH who="0" ten="308,562,46,74" step="2"/><U18/><E67/><V7/><F7/><AGARI ba="0,1" hai="7,9,12,36,37,38,47,49,52,77,82,86,92,93" machi="7" ten="40,5200,0" yaku="1,1,2,1,54,1,53,0" doraHai="13" doraHaiUra="121" who="0" fromWho="2" sc="308,62,562,0,46,-52,74,0" owari="370,17.0,562,67.0,-6,-51.0,74,-33.0" /></mjloggm>