<mjloggm ver="2.3"><GO type="169" lobby="0"/><UN n0="%E2%96%A0%E3%82%B9%E3%83%A1%E3%83%A9%E3%82%AE%E2%96%A0" n1="%E3%83%8F%E3%82%A4%E3%83%86%E3%83%B3%E3%83%9C%E3%83%BC" n2="%E3%82%A6%E3%83%AB%E3%83%88%E3%83%A9%E7%AB%8B%E7%9B%B4" n3="%E7%9F%A2%E9%83%A8%E5%90%9B" dan="16,16,17,16" rate="2128.14,2138.24,2202.49,2103.77" sx="M,M,M,M"/><TAIKYOKU oya="0"/><INIT seed="0,0,0,0,0,42" ten="250,250,250,250" oya="0" hai0="6,119,111,65,9,129,75,110,92,31,121,109,73" hai1="33,106,50,23,86,28,62,85,17,56,69,102,108" hai2="79,89,101,39,5,60,3,27,134,103,21,59,35" hai3="51,82,94,54,66,12,118,81,61,70,34,18,49"/><T13/><D121/><U41/><E69/><V132/><F35/><W77/><G34/><T122/><D122/><U114/><E28/><V130/><F79/><W78/><G118/><T10/><D119/><U30/><E30/><V107/><F107/><W2/><G2/><T0/><D129/><U83/><E106/><V36/><F89/><W63/><G63/><T95/><D31/><U19/><E102/><V104/><F104/><W113/><G113/><T96/><D65/><U64/><E114/><V37/><F130/><W4/><G4/><N who="0" m="3239" /><D92/><U57/><E108/><N who="0" m="27649" /><T32/><DORA hai="11" /><D32/><U22/><E33/><V131/><F131/><W93/><G81/><T47/><D47/><N who="1" m="25967" /><E56/><V99/><F59/><W8/><G77/><T126/><D126/><U20/><E86/><V124/><F124/><W125/><G125/><T76/><D76/><AGARI ba="0,0" hai="17,19,20,22,23,57,62,64,76,83,85" m="25967" machi="76" ten="30,2000,0" yaku="8,1,52,1" doraHai="42,11" who="1" fromWho="0" sc="250,-20,250,20,250,0,250,0" /><INIT seed="1,0,0,5,0,94" ten="230,270,250,250" oya="1" hai0="7,128,122,34,89,73,121,10,2,80,123,109,36" hai1="113,28,74,53,50,83,23,31,101,93,127,78,131" hai2="17,48,38,60,125,62,111,1,25,92,90,85,8" hai3="44,66,79,35,110,52,77,68,114,47,132,104,88"/><U102/><E113/><V19/><F38/><W46/><G114/><T106/><D106/><U95/><E131/><V59/><F111/><W30/><G110/><T45/><D34/><U87/><E127/><V75/><F75/><W129/><G129/><T135/><D128/><U39/><E39/><V69/><F69/><W5/><G5/><T120/><D109/><U21/><E74/><V58/><F125/><W0/><G0/><T13/><D135/><U84/><E95/><V81/><F1/><W24/><G132/><T76/><N who="0" m="31232" /><DORA hai="22" /><T71/><D71/><U97/><E87/><V3/><F3/><W130/><G130/><T29/><D29/><N who="1" m="11339" /><E102/><V134/><F134/><W37/><G37/><T40/><D13/><U54/><E54/><V6/><F81/><W51/><G104/><T82/><D82/><U115/><E115/><V67/><F85/><W103/><G103/><T96/><D89/><U86/><E86/><V27/><F90/><W119/><G88/><T4/><D4/><U70/><E70/><V99/><F92/><W72/><G119/><T18/><D18/><U63/><E63/><V116/><F19/><W41/><G72/><T108/><D108/><U43/><E43/><V55/><F17/><W118/><G118/><T105/><D105/><U14/><E14/><N who="2" m="5399" /><F62/><N who="3" m="40023" /><G41/><T42/><D42/><U126/><E126/><V91/><F116/><W9/><G9/><T100/><D100/><U64/><E64/><V26/><F91/><W117/><G117/><T124/><D124/><U98/><E98/><AGARI ba="0,0" hai="25,26,27,48,55,58,59,60,67,98,99" m="5399" machi="98" ten="30,12000,2" yaku="8,1,52,5" doraHai="94,22" who="2" fromWho="1" sc="230,0,270,-120,250,120,250,0" /><AGARI ba="0,0" hai="2,7,10,36,40,45,73,76,80,96,98" m="31232" machi="98" ten="70,8000,1" yaku="25,2,13,1,52,2" doraHai="94,22" who="0" fromWho="1" sc="230,80,150,-80,370,0,250,0" /><INIT seed="2,0,0,5,5,99" ten="310,70,370,250" oya="2" hai0="95,127,25,46,81,56,1,112,41,55,71,11,66" hai1="74,118,40,73,42,75,57,47,38,13,49,5,0" hai2="16,20,114,132,48,94,135,26,14,34,83,68,53" hai3="28,80,35,18,58,91,62,108,61,60,29,130,107"/><V115/><F68/><W109/><G107/><T59/><D127/><U15/><E118/><V89/><F83/><W122/><G122/><T65/><D112/><U124/><E124/><V128/><F128/><W120/><G120/><T24/><D71/><U31/><E31/><V97/><F34/><W123/><G123/><T27/><D95/><U6/><E0/><V51/><F51/><W103/><G130/><T72/><D59/><U45/><E57/><V78/><F78/><W98/><G18/><T87/><D72/><U7/><E49/><V84/><F97/><W134/><G58/><T3/><D3/><U64/><E64/><V111/><F111/><N who="3" m="42571" /><G35/><T21/><D21/><U82/><E82/><V119/><F119/><W23/><G23/><T79/><D1/><U2/><E2/><V106/><F106/><N who="3" m="63863" /><G134/><N who="2" m="51241" /><F26/><W90/><G80/><T104/><D104/><U133/><E133/><V22/><F22/><W116/><G116/><T88/><D79/><U4/><N who="1" m="1024" /><DORA hai="32" /><U101/><E101/><V33/><F33/><W19/><G19/><T52/><D11/><U85/><E85/><V113/><F113/><W100/><G100/><T8/><D8/><U86/><E86/><V17/><F17/><W37/><G37/><T50/><REACH who="0" step="1"/><D55/><REACH who="0" ten="300,70,370,250" step="2"/><U125/><E125/><V30/><F30/><AGARI ba="0,1" hai="28,29,30,60,61,62,90,91" m="63863,42571" machi="30" ten="30,2000,0" yaku="14,1,52,1" doraHai="99,32" who="3" fromWho="2" sc="300,0,70,0,370,-20,250,30" /><INIT seed="3,0,0,3,5,34" ten="300,70,350,280" oya="3" hai0="26,43,133,108,120,3,125,129,29,65,2,90,46" hai1="134,94,135,71,117,109,47,106,101,132,77,114,128" hai2="20,49,30,112,28,80,57,35,13,105,22,86,62" hai3="126,11,66,91,72,52,24,58,111,55,16,4,41"/><W31/><G72/><T9/><D120/><U103/><E71/><V88/><F105/><W95/><G126/><T115/><D65/><U121/><E106/><V14/><F112/><W69/><G41/><T99/><D9/><U78/><E47/><V12/><F49/><W25/><G111/><T130/><D108/><U98/><E109/><V92/><F35/><W124/><G124/><T93/><D125/><U76/><E114/><V74/><F74/><W59/><G69/><T8/><D8/><U75/><E75/><V113/><F113/><W60/><G24/><T6/><D6/><U81/><E121/><V68/><F68/><W37/><G37/><N who="0" m="21871" /><D133/><U67/><E67/><V110/><F110/><W32/><G58/><T84/><D84/><U7/><E7/><V42/><F42/><W44/><G44/><T107/><D107/><U118/><E81/><V97/><F22/><W5/><G5/><T1/><D115/><U83/><E83/><V70/><F20/><W123/><G123/><T15/><D15/><U45/><E45/><V73/><F73/><W39/><G39/><T18/><D18/><U54/><E54/><N who="2" m="34103" /><F70/><W40/><G40/><T10/><D10/><U19/><E19/><V33/><F33/><W131/><G16/><T63/><D63/><U104/><E128/><N who="0" m="49257" /><D26/><U119/><E104/><V23/><F23/><W82/><G131/><T48/><D48/><U64/><E64/><V53/><F53/><W27/><G27/><T79/><D29/><U38/><E38/><V21/><F21/><W87/><G82/><T100/><D79/><AGARI ba="0,0" hai="12,13,14,28,30,79,80,86,88,92,97" m="34103" machi="79" ten="30,2000,0" yaku="8,1,54,1" doraHai="34" who="2" fromWho="0" sc="300,-20,70,0,350,20,280,0" /><INIT seed="4,0,0,0,4,108" ten="280,70,370,280" oya="0" hai0="12,49,22,113,73,104,78,21,44,87,27,60,40" hai1="57,39,128,0,10,32,65,63,71,34,80,103,2" hai2="126,74,36,58,88,15,28,62,132,4,130,69,3" hai3="98,114,5,83,48,127,6,102,24,8,1,51,70"/><T92/><D113/><U59/><E39/><V116/><F3/><W111/><G70/><T97/><D104/><U72/><E128/><V117/><F36/><W47/><G111/><T46/><D73/><U52/><E103/><V13/><F74/><W54/><G127/><T122/><D122/><U31/><E71/><V110/><F69/><W11/><G83/><N who="0" m="47607" /><D60/><U56/><E56/><V19/><F126/><W26/><G48/><N who="0" m="26631" /><D12/><U129/><E129/><V76/><F15/><W94/><G114/><T50/><D50/><U25/><E34/><V37/><F37/><W75/><REACH who="3" step="1"/><G75/><REACH who="3" ten="280,70,370,270" step="2"/><T93/><D27/><U16/><E72/><V95/><F110/><W64/><G64/><T85/><D85/><U86/><E86/><V107/><F130/><W120/><G120/><T66/><D66/><U14/><REACH who="1" step="1"/><E80/><REACH who="1" ten="280,60,370,270" step="2"/><V33/><F117/><W90/><G90/><BYE who="3" /><N who="0" m="55447" /><D93/><UN n3="%E7%9F%A2%E9%83%A8%E5%90%9B" /><U7/><E7/><V79/><F95/><W135/><G135/><T38/><D38/><U89/><E89/><V119/><F88/><W84/><G84/><T53/><AGARI ba="0,2" hai="21,22,46,49,53" m="55447,26631,47607" machi="53" ten="30,1500,0" yaku="8,1" doraHai="108" who="0" fromWho="0" sc="280,35,60,-5,370,-5,270,-5" /><INIT seed="4,1,0,4,1,38" ten="315,55,365,265" oya="0" hai0="28,95,111,11,24,75,118,92,23,86,21,22,129" hai1="44,19,87,57,7,4,114,47,58,20,2,89,105" hai2="14,46,112,72,131,102,45,37,17,108,107,31,40" hai3="42,130,43,100,33,121,126,60,10,5,13,65,18"/><T64/><D75/><U81/><E105/><V77/><F108/><W125/><G33/><T88/><D118/><U124/><E124/><N who="3" m="47722" /><G130/><T67/><D129/><U83/><E2/><V128/><F31/><W15/><G100/><T55/><D111/><U74/><E74/><V32/><F32/><W34/><G34/><T109/><D109/><U120/><E120/><V110/><F14/><W82/><G82/><T90/><D11/><U50/><E81/><N who="2" m="45223" /><F17/><W80/><G80/><T68/><D55/><U54/><E114/><V134/><F110/><W85/><G85/><T93/><D68/><U51/><E4/><V61/><F112/><W59/><G121/><T35/><REACH who="0" step="1"/><D95/><REACH who="0" ten="305,55,365,265" step="2"/><U26/><REACH who="1" step="1"/><E7/><REACH who="1" ten="305,45,365,265" step="2"/><V56/><F128/><W36/><G36/><T39/><D39/><U116/><E116/><V113/><F37/><W12/><G5/><T78/><D78/><U96/><E96/><AGARI ba="1,2" hai="21,22,23,24,28,35,64,67,86,88,90,92,93,96" machi="96" ten="40,3900,0" yaku="1,1,54,1,53,0" doraHai="38" doraHaiUra="53" who="0" fromWho="1" sc="305,62,45,-42,365,0,265,0" /><INIT seed="4,2,0,2,0,49" ten="367,3,365,265" oya="0" hai0="114,34,76,32,12,71,44,75,64,8,109,62,55" hai1="5,48,70,3,40,69,38,26,68,83,124,30,45" hai2="66,14,18,72,39,130,78,31,4,90,0,67,15" hai3="106,101,133,85,22,9,103,81,13,57,79,89,65"/><T56/><D114/><U126/><E48/><V86/><F39/><W77/><G133/><T99/><D109/><U93/><E93/><V117/><F0/><W46/><G22/><T80/><D44/><U135/><E135/><V58/><F130/><W35/><G35/><T123/><D123/><U41/><E41/><V119/><F72/><W87/><G106/><T112/><D112/><U7/><E83/><V82/><F31/><W20/><G20/><T61/><REACH who="0" step="1"/><D99/><REACH who="0" ten="357,3,365,265" step="2"/><U25/><E25/><V96/><F96/><W19/><G46/><T51/><D51/><U108/><E108/><V134/><F134/><W115/><G115/><T37/><D37/><U11/><E7/><AGARI ba="2,1" hai="7,8,12,32,34,55,56,61,62,64,71,75,76,80" machi="7" ten="30,5800,0" yaku="1,1,7,1,52,1,53,0" doraHai="49" doraHaiUra="118" who="0" fromWho="1" sc="357,74,3,-64,365,0,265,0" owari="431,52.0,-61,-56.0,365,17.0,265,-13.0" /></mjloggm>