<mjloggm ver="2.3"><GO type="169" lobby="0"/><UN n0="%73%68%61%70%65%6C%65%72" n1="%E3%82%A6%E3%83%AB%E3%83%88%E3%83%A9%E7%AB%8B%E7%9B%B4" n2="%E6%9D%B1%E9%A2%A8%E3%81%AE%E3%81%B7%E3%83%BC" n3="%E8%A5%BF%E5%9E%A3%E8%AA%A0%E4%B8%80" dan="16,16,16,16" rate="2138.73,2141.04,2077.82,2093.33" sx="M,M,M,M"/><TAIKYOKU oya="0"/><INIT seed="0,0,0,3,1,63" ten="250,250,250,250" oya="0" hai0="67,123,2,99,95,85,26,94,116,11,134,68,82" hai1="105,102,32,97,100,34,71,131,36,65,79,46,18" hai2="37,35,19,83,10,17,72,70,20,109,117,23,21" hai3="74,106,60,45,0,29,39,52,124,30,110,50,87"/><T77/><D123/><U98/><E131/><V129/><F37/><W78/><G74/><T15/><D2/><U103/><E18/><V47/><F129/><W58/><G110/><T8/><D116/><U13/><E13/><V38/><F109/><W59/><G106/><T73/><D134/><U66/><E100/><V101/><F35/><W16/><G0/><T91/><D26/><U89/><E89/><V9/><F117/><W33/><G124/><T43/><D43/><U6/><E6/><V1/><F70/><W118/><G118/><T7/><D11/><U28/><E79/><V62/><F101/><W114/><G114/><T53/><D53/><U69/><E46/><V44/><F38/><W61/><G33/><T49/><D49/><U90/><E90/><V76/><F62/><W113/><G113/><T41/><D41/><U127/><E36/><V86/><F72/><W75/><G75/><T125/><D125/><U119/><E119/><V42/><F1/><W55/><G16/><N who="2" m="6217" /><F42/><N who="3" m="24887" /><G39/><T56/><D68/><U25/><E127/><V14/><F9/><W57/><G57/><T92/><REACH who="0" step="1"/><D73/><REACH who="0" ten="240,250,250,250" step="2"/><U115/><E115/><V51/><F51/><W22/><G22/><T12/><D12/><U54/><E54/><V111/><F111/><W24/><G24/><T112/><D112/><U88/><E69/><V84/><F10/><W93/><G55/><T31/><D31/><U122/><E71/><V133/><F14/><W81/><G30/><T27/><D27/><U135/><E25/><V107/><F23/><W108/><G29/><T130/><D130/><U96/><E28/><RYUUKYOKU ba="0,1" sc="240,30,250,-10,250,-10,250,-10" hai0="7,8,15,56,67,77,82,85,91,92,94,95,99" /><INIT seed="0,1,1,3,0,13" ten="270,240,240,240" oya="0" hai0="51,44,75,106,107,37,38,59,78,108,23,7,26" hai1="82,89,54,97,21,73,130,10,83,79,5,15,95" hai2="131,30,135,34,49,60,16,25,22,20,27,122,112" hai3="134,133,12,84,93,100,72,56,116,11,85,58,74"/><T55/><D7/><U45/><E130/><V119/><F122/><W94/><G116/><T42/><D38/><U118/><E118/><V50/><F119/><W92/><G100/><T110/><D78/><U24/><E45/><V96/><F112/><W115/><G115/><T129/><D75/><N who="3" m="28713" /><G12/><T53/><D53/><U69/><E69/><V132/><F131/><W67/><G11/><T104/><REACH who="0" step="1"/><D129/><REACH who="0" ten="260,240,240,240" step="2"/><U0/><E54/><V127/><F127/><W126/><G126/><T114/><D114/><U48/><E0/><V76/><F76/><W80/><G67/><T81/><D81/><U105/><E83/><V4/><F4/><W29/><G80/><T120/><D120/><U28/><E48/><V102/><F60/><W121/><G121/><T1/><D1/><U35/><E105/><V62/><F62/><W46/><G133/><N who="2" m="51273" /><F34/><W90/><G134/><T109/><D109/><U123/><E123/><V125/><F125/><W43/><G93/><AGARI ba="1,2" hai="16,20,22,25,27,30,49,50,93,96,102" m="51273" machi="93" ten="30,3900,0" yaku="20,1,52,1,54,1" doraHai="13" who="2" fromWho="3" sc="260,0,240,0,240,62,240,-42" /><INIT seed="1,0,0,3,1,87" ten="260,240,302,198" oya="1" hai0="121,108,76,27,19,53,122,41,126,129,45,30,3" hai1="94,74,84,100,75,114,61,26,85,98,35,63,65" hai2="107,8,112,97,18,119,47,14,72,28,9,105,90" hai3="43,80,39,83,13,89,127,82,135,118,25,50,21"/><U58/><E114/><V37/><F119/><W15/><G39/><T56/><D3/><U79/><E85/><V42/><F72/><W29/><G127/><T12/><D76/><U20/><E35/><V52/><F112/><W10/><G135/><T101/><D101/><U22/><E20/><V11/><F28/><W16/><G118/><T5/><D5/><U95/><E63/><V124/><F124/><W44/><G15/><T116/><D116/><U66/><E65/><V1/><F52/><W91/><AGARI ba="0,0" hai="10,13,16,21,25,29,43,44,50,80,82,83,89,91" machi="91" ten="30,8000,1" yaku="0,1,8,1,52,2,54,1" doraHai="87" who="3" fromWho="3" sc="260,-20,240,-40,302,-20,198,80" /><INIT seed="2,0,0,0,5,29" ten="240,200,282,278" oya="2" hai0="64,44,63,22,36,58,130,87,91,129,96,19,102" hai1="117,39,116,121,65,37,9,134,12,74,53,77,110" hai2="21,66,54,43,133,51,16,105,23,46,10,131,101" hai3="57,126,2,112,26,99,47,125,59,70,49,93,119"/><V98/><F131/><N who="0" m="50186" /><D36/><U68/><E110/><V128/><F128/><W86/><G2/><T107/><D44/><U4/><E134/><V35/><F133/><W56/><G119/><T42/><D42/><U84/><E121/><V104/><F105/><W122/><G122/><T118/><D118/><U67/><E74/><V97/><F66/><W114/><G86/><T5/><D5/><U111/><E111/><V80/><F97/><W76/><G76/><T31/><D31/><U7/><E84/><V78/><F54/><N who="3" m="30015" /><G26/><N who="0" m="14687" /><D87/><U28/><E28/><V17/><F35/><W3/><G3/><T106/><D91/><U72/><E77/><V55/><F55/><W0/><G0/><T82/><D82/><U135/><E53/><V113/><F113/><N who="3" m="43627" /><G70/><T41/><D41/><U124/><E68/><V92/><F104/><AGARI ba="0,0" hai="58,63,64,96,102,104,106,107" m="14687,50186" machi="104" ten="30,1000,0" yaku="19,1" doraHai="29" who="0" fromWho="2" sc="240,10,200,0,282,-10,278,0" /><INIT seed="3,0,0,0,0,63" ten="250,200,272,278" oya="3" hai0="6,125,49,102,31,116,53,61,14,46,54,9,13" hai1="55,110,23,90,21,73,60,69,126,107,19,104,119" hai2="7,66,99,28,30,42,67,24,120,92,36,16,83" hai3="122,84,124,89,112,113,131,129,71,109,85,88,59"/><W5/><G71/><T41/><D116/><U105/><E126/><V18/><F120/><W94/><G5/><T58/><D125/><U103/><E110/><V33/><F7/><W40/><G124/><T106/><D31/><N who="2" m="11818" /><F36/><W56/><G40/><T79/><D79/><U17/><E119/><V117/><F117/><W8/><G8/><T82/><D82/><U38/><E38/><V64/><F33/><W1/><G1/><T57/><D106/><U22/><E73/><V26/><F42/><W15/><G15/><N who="0" m="5559" /><D102/><U2/><E2/><V4/><F4/><W87/><G122/><T93/><D93/><U130/><E130/><N who="3" m="49674" /><G109/><T91/><D91/><N who="3" m="34889" /><G94/><T70/><D70/><U115/><E115/><AGARI ba="0,0" hai="56,59,84,85,87,112,113,115" m="34889,49674" machi="115" ten="40,12000,1" yaku="28,2,19,1,54,1" doraHai="63" who="3" fromWho="1" sc="250,0,200,-120,272,0,278,120" /><INIT seed="3,1,0,0,0,116" ten="250,80,272,398" oya="3" hai0="84,131,65,78,27,32,121,31,23,117,49,128,17" hai1="104,108,15,14,103,35,112,50,12,61,58,107,67" hai2="125,53,64,8,69,81,0,80,74,36,73,127,2" hai3="129,87,96,20,133,6,46,105,30,119,9,19,76"/><W99/><G30/><T63/><D117/><U44/><E112/><V54/><F64/><W5/><G119/><T102/><D102/><U100/><E108/><V7/><F36/><W88/><G76/><T55/><D78/><U90/><E35/><V11/><REACH who="2" step="1"/><F7/><REACH who="2" ten="250,80,262,398" step="2"/><W52/><G6/><T70/><D131/><U109/><E109/><V85/><F85/><W120/><G5/><T134/><D128/><U29/><E107/><V72/><F72/><W16/><G129/><T122/><D134/><U124/><E104/><V43/><F43/><W25/><G105/><T77/><D84/><U1/><E124/><V97/><F97/><W48/><G133/><T91/><D77/><U135/><E135/><V26/><F26/><W22/><G120/><T28/><D91/><U62/><E90/><V113/><F113/><W33/><G96/><T21/><D32/><U13/><E103/><V51/><F51/><W41/><G99/><T106/><D106/><U94/><E100/><V132/><F132/><W24/><G33/><T83/><D83/><U57/><E94/><V75/><F75/><W37/><G37/><T71/><D71/><AGARI ba="1,1" hai="0,2,8,11,53,54,69,71,73,74,80,81,125,127" machi="71" ten="25,3200,0" yaku="1,1,22,2,53,0" doraHai="116" doraHaiUra="82" who="2" fromWho="0" sc="250,-35,80,0,262,45,398,0" /><INIT seed="4,0,0,2,5,65" ten="215,80,307,398" oya="0" hai0="53,24,118,29,8,103,52,28,0,50,62,87,121" hai1="31,45,100,58,132,18,32,124,16,7,33,74,9" hai2="84,55,88,115,66,93,23,76,5,63,1,37,72" hai3="96,102,17,6,127,48,35,39,3,30,2,131,126"/><T4/><D121/><U122/><E74/><V123/><F123/><W60/><G39/><T86/><D118/><U67/><E122/><V73/><F115/><W25/><G131/><T106/><D29/><U109/><E109/><V108/><F108/><W80/><G48/><T49/><D62/><U22/><E45/><V15/><F37/><W47/><G47/><T27/><D50/><U46/><E46/><V19/><F55/><W117/><G117/><T61/><D61/><U10/><E100/><V81/><F5/><W135/><G135/><T128/><D128/><U94/><E94/><V105/><F1/><W78/><G17/><N who="1" m="6762" /><E67/><V43/><F105/><N who="3" m="63687" /><G60/><T104/><D27/><N who="1" m="16887" /><E58/><V14/><F43/><W98/><G6/><T110/><D110/><U75/><E75/><V91/><F91/><W13/><G13/><T114/><D114/><U59/><E59/><V101/><F101/><W38/><G98/><T99/><D104/><U40/><E40/><V68/><REACH who="2" step="1"/><F15/><REACH who="2" ten="215,80,297,398" step="2"/><W119/><G38/><T12/><D0/><N who="1" m="231" /><E132/><V95/><F95/><W83/><G119/><T36/><D36/><U112/><E112/><V77/><F77/><W107/><G107/><T51/><D51/><U90/><E90/><V54/><F54/><W20/><G78/><T11/><D53/><U79/><E79/><V42/><F42/><W85/><G80/><T116/><D116/><U120/><E120/><V111/><F111/><W34/><G83/><T113/><D113/><U41/><E41/><V26/><F26/><W92/><G25/><T89/><D106/><U129/><E129/><V56/><F56/><RYUUKYOKU ba="0,1" sc="215,-10,80,-10,297,30,398,-10" hai2="14,19,23,63,66,68,72,73,76,81,84,88,93" /><INIT seed="5,1,1,5,0,33" ten="205,70,327,388" oya="1" hai0="120,23,82,38,97,10,88,47,85,132,116,124,71" hai1="118,72,92,68,32,95,22,112,63,27,42,84,80" hai2="12,93,3,83,26,106,69,125,48,7,114,15,86" hai3="135,108,2,51,78,24,75,53,67,6,134,119,111"/><U126/><E118/><V133/><F133/><N who="3" m="50699" /><G67/><T57/><D71/><U100/><E126/><V89/><F106/><W0/><G119/><T113/><D116/><U16/><E112/><V99/><F125/><W102/><G102/><T18/><D124/><U9/><E72/><V64/><F114/><W77/><G6/><T103/><D113/><U59/><E32/><V70/><F26/><W94/><G94/><T107/><D132/><U44/><E68/><V50/><F69/><W79/><G24/><T31/><D31/><U20/><E20/><V11/><F64/><W13/><G13/><T35/><D35/><U87/><E9/><V62/><F62/><W81/><G81/><T14/><D57/><U8/><E8/><V34/><F70/><W104/><G104/><T5/><D120/><U128/><E128/><V19/><F34/><W45/><G75/><T130/><D130/><U25/><E25/><V55/><F19/><W52/><G53/><T96/><D96/><N who="1" m="59399" /><E95/><V21/><F21/><W30/><G30/><T122/><D122/><U131/><E131/><V39/><F39/><W74/><G74/><T4/><REACH who="0" step="1"/><D23/><REACH who="0" ten="195,70,327,388" step="2"/><U110/><E110/><AGARI ba="1,2" hai="0,2,45,51,52,77,78,79,108,110,111" m="50699" machi="110" ten="40,8000,1" yaku="20,1,52,2,54,1" doraHai="33" who="3" fromWho="1" sc="195,0,70,-83,327,0,388,103" owari="195,-20.0,-13,-51.0,327,13.0,491,58.0" /></mjloggm>