<mjloggm ver="2.3"><GO type="225" lobby="0"/><UN n0="%E3%83%88%E3%83%88%E3%83%AA%E5%85%88%E7%94%9F%31%39%E6%AD%B3" n1="%E9%9D%92%E7%A9%BA%E7%89%87%E6%80%9D%E3%81%84" n2="%E3%82%82%E3%82%81%E3%82%93%E3%81%AA%E3%81%A1%E3%82%83%E3%81%84" n3="%E3%82%A6%E3%82%A3%E3%83%83%E3%83%81" dan="17,16,17,16" rate="2211.31,2136.27,2176.68,2124.79" sx="F,M,M,F"/><TAIKYOKU oya="0"/><INIT seed="0,0,0,1,1,42" ten="250,250,250,250" oya="0" hai0="112,135,18,114,103,67,63,93,36,92,106,57,71" hai1="109,77,19,37,131,33,132,129,58,15,52,94,121" hai2="116,10,115,48,110,90,12,23,3,64,27,25,34" hai3="0,87,82,22,40,61,50,49,75,127,13,59,130"/><T107/><D135/><U104/><E121/><V54/><F115/><W124/><G75/><T118/><D118/><U56/><E104/><V74/><F74/><W95/><G0/><T39/><D71/><U98/><E33/><V1/><F116/><W134/><G134/><T122/><D122/><U46/><E132/><V17/><F110/><W45/><G50/><T5/><D5/><U44/><E77/><V128/><F128/><N who="1" m="49225" /><E37/><V14/><F64/><W108/><G95/><T113/><D18/><U68/><E68/><V100/><F100/><W91/><G108/><T125/><D125/><U30/><E30/><N who="2" m="19807" /><F90/><W11/><G130/><T28/><D28/><U99/><E109/><V88/><F88/><W6/><REACH who="3" step="1"/><G22/><REACH who="3" ten="250,250,250,240" step="2"/><T83/><D93/><U8/><E98/><V81/><F48/><W72/><G72/><T117/><D117/><U9/><E8/><N who="2" m="6279" /><F81/><W133/><G133/><T62/><D83/><U96/><E96/><V70/><F70/><W35/><G35/><T69/><D92/><U55/><E94/><V38/><F38/><W111/><G111/><T24/><D106/><U102/><E102/><V53/><F3/><W51/><G51/><T79/><D103/><U60/><E99/><V66/><F1/><W65/><AGARI ba="0,1" hai="6,11,13,40,45,49,59,61,65,82,87,91,124,127" machi="65" ten="30,4000,0" yaku="1,1,0,1,52,1,53,0" doraHai="42" doraHaiUra="21" who="3" fromWho="3" sc="250,-20,250,-10,250,-10,240,50" /><INIT seed="1,0,0,4,3,10" ten="230,240,240,290" oya="1" hai0="111,79,14,44,131,114,116,70,110,68,8,95,78" hai1="59,11,26,83,102,120,122,72,134,128,27,49,98" hai2="2,1,118,24,94,66,61,82,86,126,17,101,74" hai3="71,93,47,22,30,45,96,33,65,41,5,99,77"/><U16/><E128/><V25/><F118/><W4/><G33/><T18/><D116/><U75/><E134/><V106/><F106/><W52/><G77/><N who="0" m="29195" /><D114/><U38/><E38/><V54/><F54/><W115/><G115/><T127/><D131/><U31/><E83/><V13/><F74/><W100/><G65/><T85/><D127/><U105/><E27/><V76/><F126/><W32/><G71/><T129/><D129/><U87/><E87/><V97/><F1/><W43/><G32/><T84/><D44/><N who="3" m="16969" /><G52/><T130/><D130/><U125/><E125/><V109/><F2/><W42/><G99/><T132/><D132/><U119/><E119/><V135/><F109/><N who="0" m="41482" /><D85/><U57/><E75/><V0/><F0/><W63/><G63/><T58/><D58/><U69/><E72/><V51/><F51/><W9/><G9/><T29/><D29/><U7/><E69/><V20/><REACH who="2" step="1"/><F135/><REACH who="2" ten="230,240,230,290" step="2"/><W39/><G39/><T56/><D56/><AGARI ba="0,1" hai="13,17,20,24,25,56,61,66,76,82,86,94,97,101" machi="56" ten="30,12000,2" yaku="1,1,2,1,7,1,8,1,52,1,53,1" doraHai="10" doraHaiUra="62" who="2" fromWho="0" sc="230,-120,240,0,230,130,290,0" /><INIT seed="2,0,0,0,3,51" ten="110,240,360,290" oya="2" hai0="112,102,95,5,122,97,103,93,37,75,73,118,58" hai1="66,65,81,12,127,134,78,38,27,46,133,124,114" hai2="64,53,21,1,4,111,82,29,131,115,76,113,80" hai3="30,117,92,44,68,85,6,8,43,129,116,52,101"/><V98/><F131/><W77/><G68/><T135/><D37/><U84/><E27/><V28/><F111/><W88/><G129/><T107/><D5/><U89/><E12/><V36/><F36/><W70/><G70/><T17/><D17/><U69/><E114/><V35/><F35/><W104/><G30/><T126/><D58/><U20/><E20/><V59/><F64/><N who="1" m="24681" /><E69/><V83/><F76/><W121/><G121/><T109/><D112/><U11/><E11/><V79/><F79/><W15/><G77/><T57/><D57/><U18/><E18/><V32/><F32/><W24/><G24/><T34/><D34/><U19/><E19/><V106/><F4/><W47/><G47/><T55/><D55/><U132/><E46/><V108/><F1/><W125/><G43/><T96/><D122/><U130/><E38/><V123/><F108/><W7/><G125/><N who="1" m="48202" /><E78/><V14/><F123/><W120/><G7/><T119/><D126/><U87/><E87/><V61/><F14/><W13/><G13/><T16/><D16/><U60/><E60/><V105/><F21/><W0/><G0/><T72/><D109/><U49/><E49/><V39/><F39/><W90/><G120/><T22/><D22/><U100/><E100/><V33/><F33/><W56/><G101/><T91/><REACH who="0" step="1"/><D135/><REACH who="0" ten="100,240,360,290" step="2"/><U3/><E3/><V62/><F115/><W74/><G6/><T128/><D128/><AGARI ba="0,1" hai="81,84,89,128,130,132,133,134" m="48202,24681" machi="128" ten="40,8000,1" yaku="30,2,20,1,18,1" doraHai="51" who="1" fromWho="0" sc="100,-80,240,90,360,0,290,0" /><INIT seed="3,0,0,0,5,57" ten="20,330,360,290" oya="3" hai0="37,110,17,106,102,90,46,95,10,34,115,9,16" hai1="81,58,19,125,65,14,76,25,91,56,122,50,78" hai2="74,42,49,4,87,61,30,108,88,18,119,6,45" hai3="99,97,93,123,55,100,0,131,107,109,33,73,43"/><W12/><G0/><T68/><D95/><U105/><E105/><V96/><F119/><W48/><G123/><T8/><D90/><U121/><E125/><V21/><F74/><W127/><G127/><T70/><D106/><U75/><E75/><V29/><F96/><W54/><G73/><T98/><D98/><U13/><E122/><V111/><F61/><W104/><G33/><T63/><D63/><N who="1" m="38119" /><E121/><V71/><F71/><W120/><G120/><T35/><D46/><U66/><E25/><N who="2" m="14519" /><F108/><W72/><G72/><T40/><D110/><U112/><E112/><V83/><F111/><W5/><G109/><T129/><D115/><U86/><E14/><V135/><F135/><W117/><G131/><T124/><D124/><U31/><E31/><AGARI ba="0,0" hai="4,6,29,30,31,42,45,49,83,87,88" m="14519" machi="31" ten="30,2000,0" yaku="8,1,54,1" doraHai="57" who="2" fromWho="1" sc="20,0,330,-20,360,20,290,0" owari="20,-48.0,310,11.0,380,48.0,290,-11.0" /></mjloggm>