<mjloggm ver="2.3"><GO type="97" lobby="0"/><UN n0="%E8%8D%92%E5%B7%9D%E6%86%A9" n1="%E5%B0%B1%E6%B4%BB%E7%94%9F%40%E5%B7%9D%E6%9D%91%E8%BB%8D%E5%9B%A3" n2="%EF%BD%9E%E3%81%9D%E3%81%86%E3%81%A9%E3%81%AE%EF%BD%9E" n3="%E8%97%A4%E5%A0%82%E8%A6%81" dan="13,14,15,14" rate="1867.61,1986.82,1991.42,1940.67" sx="F,M,M,F"/><TAIKYOKU oya="0"/><INIT seed="0,0,0,3,3,19" ten="250,250,250,250" oya="0" hai0="38,80,115,67,94,4,91,2,101,69,64,79,116" hai1="21,106,124,47,130,45,52,71,3,70,128,129,82" hai2="90,89,100,131,13,120,134,24,105,121,68,114,97" hai3="58,23,55,85,6,40,9,11,63,27,31,35,1"/><T95/><D115/><U18/><E3/><V30/><F68/><W93/><G40/><T103/><D116/><U26/><E106/><V119/><F13/><W14/><G85/><T118/><D118/><U109/><E109/><V81/><F119/><W83/><G83/><T87/><D38/><U78/><E124/><V53/><F114/><W127/><G93/><T57/><D69/><N who="1" m="26123" /><E52/><V29/><F131/><N who="1" m="33537" /><U96/><DORA hai="108" /><E96/><V7/><F134/><W113/><G127/><T46/><D46/><U66/><E66/><V28/><F7/><W56/><G113/><T8/><D64/><U84/><AGARI ba="0,0" hai="18,21,26,45,47,78,82,84" m="33537,26123" machi="84" ten="50,3200,0" yaku="19,1,52,1" doraHai="19,108" who="1" fromWho="1" sc="250,-16,250,32,250,-8,250,-8" /><INIT seed="1,0,0,4,2,49" ten="234,282,242,242" oya="1" hai0="127,35,122,25,99,107,23,110,18,58,131,64,31" hai1="89,102,94,128,101,16,22,68,7,126,125,36,71" hai2="72,0,39,51,79,118,4,130,134,42,2,38,133" hai3="6,108,103,54,84,86,26,28,91,119,83,74,90"/><U45/><E7/><V69/><F118/><W88/><G119/><T62/><D110/><U111/><E111/><V34/><F130/><W24/><G108/><T61/><D127/><N who="1" m="48651" /><E128/><V100/><F100/><N who="1" m="38505" /><E45/><N who="2" m="23767" /><F51/><W97/><G6/><T87/><D131/><U33/><E33/><V80/><F69/><W44/><G74/><T59/><D122/><U8/><E8/><N who="2" m="2055" /><F39/><W9/><G9/><T112/><D112/><U73/><E36/><V52/><F2/><W104/><G28/><T117/><D117/><U55/><E55/><V114/><F114/><W106/><G106/><T47/><D35/><U14/><E73/><V56/><F34/><W57/><G44/><T50/><D107/><U17/><E17/><V75/><F75/><W92/><REACH who="3" step="1"/><G91/><REACH who="3" ten="234,282,242,232" step="2"/><T20/><D31/><U67/><E67/><V15/><F15/><W95/><G95/><T109/><D64/><U66/><E66/><V11/><F11/><W43/><G43/><T123/><D47/><U41/><E41/><V32/><F32/><W5/><G5/><T85/><D109/><U135/><E135/><V81/><F81/><W120/><G120/><T29/><D29/><U37/><E37/><V13/><F13/><W27/><G27/><T78/><D25/><U53/><E94/><V93/><F93/><W121/><G121/><T70/><D123/><U98/><E89/><V65/><F65/><W96/><G96/><T21/><D99/><U63/><E98/><V82/><F82/><W10/><G10/><T76/><D18/><U1/><E1/><V129/><F129/><W124/><G124/><T113/><D113/><RYUUKYOKU ba="0,1" sc="234,-30,282,10,242,10,232,10" hai1="14,16,22,53,63,68,71" hai2="52,56,72,79,80,133,134" hai3="24,26,54,57,83,84,86,88,90,92,97,103,104" /><INIT seed="1,1,1,4,0,72" ten="204,292,252,242" oya="1" hai0="117,116,25,45,109,121,99,131,111,127,102,24,128" hai1="16,9,10,30,66,37,27,68,38,104,105,124,83" hai2="133,58,132,17,135,119,64,6,42,32,33,3,61" hai3="120,73,15,101,21,40,122,87,82,85,20,70,71"/><U115/><E115/><V34/><F119/><N who="0" m="45642" /><D45/><U69/><E124/><V80/><F42/><W112/><G40/><T51/><D51/><U31/><E83/><V90/><F17/><W29/><G29/><T84/><D84/><U50/><E50/><V97/><F6/><W62/><G101/><T54/><D54/><U26/><E16/><V46/><F46/><W1/><G1/><T57/><D57/><U114/><E114/><V60/><F3/><W14/><G73/><T48/><D48/><U100/><E100/><V63/><F97/><W110/><G82/><T39/><D39/><U67/><AGARI ba="1,1" hai="9,10,26,27,30,31,37,38,66,67,68,69,104,105" machi="67" ten="25,4800,0" yaku="0,1,22,2" doraHai="72" who="1" fromWho="1" sc="204,-17,292,61,252,-17,242,-17" /><INIT seed="1,2,0,1,1,84" ten="187,353,235,225" oya="1" hai0="110,18,53,134,44,45,118,56,51,106,11,59,105" hai1="33,90,131,14,113,21,2,54,46,78,128,101,8" hai2="19,40,4,15,126,7,12,86,48,62,116,130,133" hai3="41,95,58,16,89,96,31,27,123,23,36,73,10"/><U135/><E33/><V35/><F116/><W6/><G123/><T115/><D110/><U93/><E2/><V129/><F35/><W111/><G73/><T29/><D134/><U77/><E113/><V125/><F62/><W17/><G111/><T119/><D115/><U22/><E135/><V70/><F70/><W76/><G76/><T67/><D29/><U28/><E101/><V80/><F133/><W117/><G117/><T38/><D11/><U50/><E28/><V124/><F48/><W26/><G26/><T102/><D18/><U57/><E128/><N who="2" m="49259" /><F40/><W88/><G58/><T49/><D102/><U65/><E131/><V97/><F97/><W132/><G132/><T98/><D98/><U107/><E107/><V66/><F66/><W122/><G122/><T104/><D67/><U83/><E65/><V0/><F0/><W37/><G37/><T34/><D34/><U120/><E120/><V20/><F15/><N who="3" m="5591" /><G36/><T47/><D38/><U71/><E71/><V94/><F94/><N who="3" m="56391" /><G41/><T99/><D99/><AGARI ba="2,0" hai="16,17,23,27,31,89,95,99" m="56391,5591" machi="99" ten="30,8000,1" yaku="8,1,52,2,54,2" doraHai="84" who="3" fromWho="0" sc="187,-86,353,0,235,0,225,86" /><INIT seed="2,0,0,5,1,93" ten="101,353,235,311" oya="2" hai0="56,105,95,94,114,81,66,111,21,57,86,80,12" hai1="17,26,15,131,130,133,2,98,27,47,31,60,41" hai2="5,82,42,69,123,70,55,35,79,102,100,127,0" hai3="28,23,104,30,90,85,135,116,6,107,113,126,18"/><V33/><F123/><W1/><G116/><T88/><D111/><U58/><E2/><V4/><F55/><W65/><G65/><T48/><D114/><U34/><E133/><V62/><F62/><W8/><G135/><T22/><D105/><U87/><E87/><V106/><F0/><W109/><G109/><T44/><D66/><U16/><E98/><V71/><F42/><W84/><G84/><T50/><D12/><U101/><E101/><V36/><F36/><W110/><G113/><T39/><D86/><U132/><E27/><V89/><F127/><W29/><G110/><T128/><D128/><N who="1" m="49195" /><E132/><V118/><F89/><W14/><REACH who="3" step="1"/><G126/><REACH who="3" ten="101,353,235,301" step="2"/><T59/><D39/><N who="1" m="21951" /><E15/><V25/><F118/><W99/><G99/><T3/><D3/><U92/><E92/><AGARI ba="0,1" hai="1,6,8,14,18,23,28,29,30,85,90,92,104,107" machi="92" ten="40,1300,0" yaku="1,1,53,0" doraHai="93" doraHaiUra="63" who="3" fromWho="1" sc="101,0,353,-13,235,0,301,23" /><INIT seed="3,0,0,0,1,115" ten="101,340,235,324" oya="3" hai0="2,40,77,75,94,126,14,49,125,99,57,31,82" hai1="90,8,45,32,88,60,27,50,111,33,80,1,43" hai2="123,101,52,6,92,118,107,35,58,81,70,127,76" hai3="103,131,133,63,48,112,30,93,59,55,66,78,113"/><W79/><G131/><T23/><D2/><U47/><E111/><V64/><F107/><W22/><G133/><T41/><D57/><U114/><E114/><V44/><F35/><W109/><G109/><T68/><D68/><U16/><E33/><V122/><F127/><W15/><G112/><T29/><D14/><N who="1" m="7239" /><E1/><V3/><F70/><W117/><G113/><T38/><D38/><U120/><E120/><V20/><F64/><W71/><G117/><T119/><D23/><U17/><E32/><V106/><F106/><W134/><G134/><T100/><D49/><N who="1" m="26815" /><E80/><V74/><F44/><W10/><G30/><T105/><D29/><U5/><E5/><V51/><F118/><W89/><G22/><T72/><D31/><U11/><E60/><V73/><F73/><N who="0" m="28234" /><D41/><N who="1" m="24943" /><E27/><V84/><F3/><W116/><G103/><T62/><D40/><U98/><E98/><V26/><F6/><W18/><REACH who="3" step="1"/><G116/><REACH who="3" ten="101,340,235,314" step="2"/><T95/><D119/><U67/><E67/><V42/><F20/><W135/><G135/><T54/><D54/><U28/><E28/><V110/><F110/><W129/><G129/><T85/><D62/><U36/><E36/><V83/><F52/><W124/><G124/><AGARI ba="0,1" hai="77,82,85,94,95,99,100,105,124,125,126" m="28234" machi="124" ten="30,3900,0" yaku="18,1,34,2" doraHai="115" who="0" fromWho="3" sc="101,49,340,0,235,0,314,-39" owari="150,-35.0,340,43.0,235,-16.0,275,8.0" /></mjloggm>