<mjloggm ver="2.3"><GO type="169" lobby="0"/><UN n0="%7A%65%61%6C%E2%88%AB" n1="%E3%83%96%E3%83%AA%E3%83%86%E3%82%A3" n2="%E3%82%A6%E3%83%AB%E3%83%88%E3%83%A9%E7%AB%8B%E7%9B%B4" n3="%E5%A4%96%E9%81%93" dan="17,16,17,17" rate="2214.14,2028.01,2122.59,2160.51" sx="M,M,M,M"/><TAIKYOKU oya="0"/><INIT seed="0,0,0,0,4,3" ten="250,250,250,250" oya="0" hai0="26,110,60,97,0,101,30,56,70,21,17,94,7" hai1="51,130,50,49,42,41,27,32,126,25,28,118,89" hai2="85,18,36,10,12,83,128,15,78,5,48,59,107" hai3="96,117,92,39,134,121,127,125,31,23,44,33,75"/><T93/><D70/><U111/><E118/><V91/><F107/><W52/><G117/><T131/><D131/><U135/><E130/><V115/><F36/><W73/><G33/><T14/><D110/><U13/><E111/><V114/><F128/><W22/><G134/><T65/><D0/><U40/><E135/><V95/><F59/><W102/><G121/><T4/><REACH who="0" step="1"/><D93/><REACH who="0" ten="240,250,250,250" step="2"/><U105/><E105/><V122/><F122/><W58/><G92/><T77/><D77/><U61/><E126/><V9/><REACH who="2" step="1"/><F48/><REACH who="2" ten="240,250,240,250" step="2"/><W103/><G125/><T66/><D66/><U108/><E108/><V116/><F116/><W38/><G127/><T123/><D123/><U46/><E51/><V132/><F132/><W62/><G39/><T119/><D119/><U72/><E50/><V129/><F129/><W11/><G38/><T133/><D133/><U90/><E49/><V47/><F47/><W120/><G44/><T68/><D68/><U6/><E46/><V99/><AGARI ba="0,2" hai="5,9,10,12,15,18,78,83,85,91,95,99,114,115" machi="99" ten="20,5200,0" yaku="1,1,0,1,7,1,52,1,53,0" doraHai="3" doraHaiUra="20" who="2" fromWho="2" sc="240,-26,250,-13,240,72,250,-13" /><INIT seed="1,0,0,3,0,122" ten="214,237,312,237" oya="1" hai0="88,85,75,74,50,30,87,101,18,83,5,36,65" hai1="48,3,38,59,79,71,94,62,25,0,64,114,9" hai2="84,35,110,63,106,89,80,72,130,77,124,23,13" hai3="91,104,51,29,117,129,24,97,20,12,6,7,135"/><U78/><E114/><V120/><F35/><W93/><G129/><T33/><D36/><U57/><E38/><V116/><F120/><W31/><G135/><T102/><D5/><U70/><E25/><V133/><F116/><W46/><G104/><T56/><D30/><U53/><E94/><V103/><F63/><W22/><G117/><T15/><D33/><U43/><E43/><V11/><F23/><W10/><G6/><T27/><D27/><U41/><E41/><V68/><F68/><W95/><G95/><T1/><D1/><U54/><E71/><V44/><F44/><W52/><REACH who="3" step="1"/><G22/><REACH who="3" ten="214,237,312,227" step="2"/><T2/><D2/><U111/><E0/><V90/><F133/><W134/><G134/><T98/><D83/><U32/><E32/><V86/><F106/><W109/><G109/><T81/><D81/><U96/><E111/><V126/><F80/><W40/><G40/><T112/><D112/><U115/><E115/><V26/><F110/><W107/><G107/><T37/><D75/><U123/><E123/><V119/><F72/><W127/><G127/><T8/><D74/><U39/><E3/><V19/><F130/><W113/><G113/><T128/><D128/><U131/><E131/><V55/><F119/><W14/><G14/><T60/><D15/><U17/><E9/><V100/><F11/><W4/><G4/><T47/><D8/><U82/><E82/><V61/><F126/><W21/><G21/><T105/><D105/><U58/><E78/><V73/><F77/><W16/><AGARI ba="0,1" hai="7,10,12,16,20,24,29,31,46,51,52,91,93,97" machi="16" ten="20,12000,2" yaku="1,1,0,1,7,1,8,1,54,2,53,0" doraHai="122" doraHaiUra="125" who="3" fromWho="3" sc="214,-30,237,-60,312,-30,227,130" /><INIT seed="2,0,0,2,2,128" ten="184,177,282,357" oya="2" hai0="27,67,120,104,65,101,32,6,70,1,18,79,69" hai1="17,22,96,91,41,82,93,103,106,83,21,20,63" hai2="53,105,56,90,86,47,25,113,40,129,81,38,98" hai3="126,118,31,123,19,52,112,33,35,10,16,34,30"/><V92/><F129/><W121/><G52/><T26/><D120/><N who="3" m="46153" /><G118/><T99/><D79/><U115/><E115/><V134/><F113/><W133/><G112/><T73/><D73/><U54/><E41/><V12/><F12/><N who="3" m="7191" /><G133/><T100/><D18/><U39/><E39/><V50/><F25/><W110/><G110/><T59/><D27/><N who="1" m="14735" /><E103/><V42/><F42/><W57/><G57/><T68/><D100/><U61/><E106/><V49/><F105/><W11/><G126/><T15/><D59/><N who="1" m="35063" /><E63/><V0/><F0/><W102/><G102/><T87/><D1/><U111/><E111/><V89/><REACH who="2" step="1"/><F38/><REACH who="2" ten="184,177,272,357" step="2"/><W108/><G108/><T28/><D26/><U74/><E74/><V122/><F122/><W29/><G35/><T116/><D104/><U85/><E83/><V75/><F75/><W76/><G76/><T132/><D32/><U24/><E24/><V5/><F5/><W114/><G114/><T66/><D6/><U64/><E85/><V58/><F58/><W2/><G2/><T43/><D87/><U14/><E82/><V72/><F72/><W46/><G46/><T45/><D45/><U109/><E109/><V88/><F88/><W37/><G37/><T94/><D43/><U13/><E13/><AGARI ba="0,1" hai="11,13,19,29,30,31,33,34" m="7191,46153" machi="13" ten="30,3900,0" yaku="34,2,54,1" doraHai="128" who="3" fromWho="1" sc="184,0,177,-39,272,0,357,49" /><INIT seed="3,0,0,5,1,39" ten="184,138,272,406" oya="3" hai0="5,74,109,80,27,99,70,103,45,7,46,49,18" hai1="91,67,0,65,72,44,22,9,135,56,25,95,102" hai2="132,55,19,75,43,51,119,124,53,126,16,76,101" hai3="10,104,62,64,13,86,107,94,31,106,11,117,92"/><W118/><G31/><T47/><D109/><U83/><E135/><V111/><F119/><W40/><G40/><T133/><D133/><U116/><E116/><V6/><F132/><W90/><G94/><T35/><D70/><U110/><E110/><V113/><F113/><W122/><G122/><T93/><D74/><U15/><E0/><V32/><F32/><W24/><G24/><T120/><D80/><U17/><E102/><V69/><F69/><W12/><G12/><T82/><D82/><U23/><E44/><N who="0" m="17001" /><D35/><U77/><E56/><N who="2" m="32831" /><F6/><W58/><REACH who="3" step="1"/><G11/><REACH who="3" ten="184,138,272,396" step="2"/><T20/><D120/><U14/><E14/><V29/><F29/><W63/><G63/><T125/><D125/><U38/><E38/><V71/><F111/><W84/><G84/><T96/><D99/><U87/><E23/><V54/><F43/><AGARI ba="0,1" hai="5,7,18,20,27,43,47,49,93,96,103" m="17001" machi="43" ten="30,2000,0" yaku="8,1,52,1" doraHai="39" who="0" fromWho="2" sc="184,30,138,0,272,-20,396,0" /><INIT seed="4,0,0,0,1,35" ten="214,138,252,396" oya="0" hai0="125,39,135,13,7,19,91,69,109,82,26,119,80" hai1="126,124,87,16,60,129,24,55,70,29,52,64,98" hai2="48,103,43,76,114,65,121,95,42,51,134,108,34" hai3="74,6,46,127,14,33,54,15,123,104,92,21,116"/><T22/><D119/><U66/><E129/><V88/><F34/><W102/><G104/><T61/><D125/><N who="1" m="48235" /><E66/><V71/><F71/><W115/><G33/><T77/><D135/><U3/><E87/><V118/><F108/><W133/><G74/><T17/><D109/><U122/><E122/><V132/><F114/><W73/><G73/><T59/><D39/><U37/><E37/><V105/><F76/><W110/><G102/><T49/><D49/><N who="2" m="19018" /><F65/><W57/><G54/><N who="0" m="34039" /><D69/><U38/><E38/><V78/><F78/><W12/><G46/><T4/><D91/><U53/><E98/><N who="2" m="61687" /><F121/><W2/><G116/><T106/><D106/><U40/><E40/><V18/><F118/><W23/><G133/><N who="2" m="51305" /><F18/><W32/><G32/><T89/><D89/><U111/><E111/><V63/><F63/><W86/><G110/><T56/><D56/><U120/><E120/><V75/><F75/><W117/><G57/><T47/><D47/><U128/><E128/><V100/><F100/><W50/><G117/><T36/><D36/><U107/><E107/><V41/><F41/><W83/><G115/><T62/><D62/><U68/><E68/><V58/><F58/><W112/><G112/><T79/><D79/><U27/><E29/><V11/><F43/><W99/><G127/><T30/><D30/><U72/><E72/><V25/><F42/><W67/><G123/><T45/><D45/><U31/><E31/><V10/><F95/><W20/><G92/><T96/><D77/><U113/><E113/><V94/><F94/><W131/><G50/><T81/><D96/><U0/><E16/><RYUUKYOKU ba="0,0" sc="214,15,138,15,252,-15,396,-15" hai0="4,7,13,17,19,22,26,80,81,82" hai1="0,3,24,27,52,53,55,60,64,70" /><INIT seed="4,1,0,5,3,70" ten="229,153,237,381" oya="0" hai0="65,123,24,110,116,64,10,28,126,103,66,15,46" hai1="29,85,16,105,112,106,51,0,14,3,47,68,109" hai2="25,57,27,135,99,5,82,23,63,129,88,128,2" hai3="107,89,38,121,104,20,1,40,134,75,26,131,54"/><T4/><D116/><U84/><E109/><V80/><F5/><W120/><G1/><T74/><D126/><U83/><E68/><V62/><F2/><W53/><G75/><T31/><D123/><U118/><E118/><V93/><F135/><W17/><G134/><T91/><D110/><U130/><E130/><N who="2" m="50283" /><F27/><W41/><G41/><T102/><D74/><U113/><E29/><N who="0" m="11337" /><D24/><U11/><E0/><V115/><F115/><N who="1" m="44105" /><E3/><V76/><F76/><W94/><G104/><N who="1" m="40042" /><E83/><N who="2" m="31787" /><F57/><W30/><G107/><T6/><D46/><U78/><E78/><V90/><F90/><W36/><G131/><T61/><D91/><U13/><E13/><V72/><F72/><W95/><G89/><T101/><D61/><U58/><E58/><V73/><F73/><W98/><G30/><AGARI ba="1,0" hai="23,25,30,62,63,88,93,99" m="31787,50283" machi="30" ten="30,2000,0" yaku="19,1,54,1" doraHai="70" who="2" fromWho="3" sc="229,0,153,0,237,23,381,-23" /><INIT seed="5,0,0,3,5,119" ten="229,153,260,358" oya="1" hai0="90,5,80,100,102,65,9,36,30,20,51,25,75" hai1="11,111,124,96,29,135,45,70,50,61,32,120,57" hai2="40,76,33,28,106,59,54,132,130,85,16,4,41" hai3="86,121,26,8,133,92,74,10,42,99,23,73,49"/><U114/><E70/><V84/><F106/><W88/><G121/><T31/><D36/><U58/><E120/><V44/><F33/><W82/><G133/><T97/><D31/><U17/><E135/><V91/><F4/><W72/><G49/><T53/><D65/><U68/><E68/><V77/><F28/><W78/><REACH who="3" step="1"/><G42/><REACH who="3" ten="229,153,260,348" step="2"/><T35/><D51/><U3/><E111/><V64/><F41/><W34/><G34/><T129/><D35/><U21/><E32/><V134/><F40/><W48/><G48/><T116/><D116/><U112/><E124/><V1/><F132/><W105/><G105/><T123/><D123/><U18/><E50/><V87/><F134/><W55/><G55/><T0/><D53/><U62/><E45/><V56/><F54/><W104/><G104/><T103/><D129/><U13/><E29/><AGARI ba="0,1" hai="8,10,23,26,29,72,73,74,78,82,86,88,92,99" machi="29" ten="40,2600,0" yaku="1,1,54,1,53,0" doraHai="119" doraHaiUra="108" who="3" fromWho="1" sc="229,0,153,-26,260,0,348,36" /><INIT seed="6,0,0,2,1,14" ten="229,127,260,384" oya="2" hai0="95,55,18,31,0,11,36,119,92,41,78,126,7" hai1="54,133,130,34,105,8,107,52,15,90,72,115,63" hai2="125,101,20,64,86,79,82,9,17,85,120,5,83" hai3="93,67,4,16,69,106,61,25,66,114,121,19,76"/><V23/><F120/><W2/><G106/><T57/><D126/><U35/><E115/><V129/><F129/><W33/><G66/><T49/><D119/><U39/><E39/><V91/><F64/><W38/><G38/><T110/><D110/><U77/><E130/><V135/><F135/><W112/><G76/><T56/><D31/><U108/><E108/><V122/><F122/><W97/><G4/><T88/><D78/><U46/><E133/><V73/><F73/><W44/><G2/><T42/><D95/><U109/><E109/><V74/><F74/><W27/><G44/><T128/><D128/><U21/><E21/><V58/><F58/><W117/><G117/><T1/><D36/><U80/><E107/><V59/><F59/><W22/><G121/><T37/><D37/><U13/><E105/><V116/><F125/><W84/><G84/><T26/><D1/><U29/><E29/><V40/><F40/><W89/><G33/><T103/><D103/><U3/><E3/><V132/><F132/><W10/><G10/><T65/><D57/><U53/><E63/><V62/><F62/><W99/><G99/><T124/><D65/><U60/><E60/><V100/><F116/><W127/><G127/><T28/><D124/><U87/><E46/><V6/><F23/><AGARI ba="0,0" hai="16,19,22,23,25,27,61,67,69,89,93,97,112,114" machi="23" ten="40,8000,1" yaku="9,1,52,2,54,1" doraHai="14" who="3" fromWho="2" sc="229,0,127,0,260,-80,384,80" /><INIT seed="7,0,0,0,1,65" ten="229,127,180,464" oya="3" hai0="121,4,83,33,2,112,44,59,119,57,58,80,130" hai1="8,54,13,111,86,0,107,78,5,56,67,89,123" hai2="95,76,11,36,82,6,48,122,18,128,14,69,45" hai3="35,74,125,91,129,1,109,90,29,7,9,40,114"/><W84/><G74/><T101/><D119/><U42/><E111/><V19/><F36/><W117/><G117/><T68/><D121/><U73/><E123/><V93/><F69/><W120/><G120/><T100/><D68/><U46/><E107/><V52/><F128/><W3/><G3/><T88/><D33/><U79/><E67/><V64/><F64/><W63/><G40/><T15/><D2/><U71/><E71/><V22/><F122/><W106/><G106/><T108/><D108/><U55/><E13/><V99/><F99/><W115/><G63/><T21/><D130/><U127/><E127/><V92/><REACH who="2" step="1"/><F22/><REACH who="2" ten="229,127,170,464" step="2"/><W51/><G129/><T113/><D21/><U98/><E98/><V16/><F16/><W110/><G35/><T27/><D113/><U97/><E97/><V103/><F103/><W50/><G115/><T37/><D101/><U25/><E25/><V20/><F20/><W34/><G34/><T105/><D27/><U133/><E133/><V39/><F39/><W70/><G114/><T17/><D100/><U75/><E75/><AGARI ba="0,1" hai="6,11,14,18,19,45,48,52,75,76,82,92,93,95" machi="75" ten="40,2600,0" yaku="1,1,54,1,53,0" doraHai="65" doraHaiUra="135" who="2" fromWho="1" sc="229,0,127,-26,170,36,464,0" owari="229,3.0,101,-40.0,206,-19.0,464,56.0" /></mjloggm>