<mjloggm ver="2.3"><GO type="169" lobby="0"/><UN n0="%E8%85%90%E7%94%9F%E8%B1%9A%E3%82%B3%E3%83%84%E3%83%9C%E3%83%BC" n1="%E4%B8%89%E8%89%B2%E5%90%8C%E5%88%BB%E2%98%86" n2="%E5%B0%B1%E6%B4%BB%E7%94%9F%40%E5%B7%9D%E6%9D%91%E8%BB%8D%E5%9B%A3" n3="%E3%81%86%E3%81%AA%E3%81%8E" dan="17,16,17,16" rate="2109.33,2108.55,2196.18,2018.30" sx="M,M,M,F"/><TAIKYOKU oya="0"/><INIT seed="0,0,0,0,1,21" ten="250,250,250,250" oya="0" hai0="111,31,66,9,117,76,110,126,18,64,45,7,120" hai1="92,105,90,127,41,128,91,16,134,75,73,70,52" hai2="98,67,83,78,25,15,19,20,59,125,22,1,135" hai3="6,103,53,65,84,72,12,71,116,123,85,109,40"/><T32/><D120/><U38/><E105/><V46/><F1/><W43/><G116/><T82/><D117/><U58/><E70/><V30/><F125/><W37/><G72/><T49/><D126/><U27/><E127/><V39/><F135/><W101/><G123/><T132/><D18/><U54/><E134/><V79/><F98/><W121/><G121/><T10/><D132/><U106/><E106/><V17/><F30/><W11/><G109/><N who="0" m="41483" /><D31/><U129/><E41/><V35/><F35/><W88/><G53/><N who="1" m="20586" /><E58/><V94/><F94/><W48/><G37/><T28/><D49/><U2/><E2/><V69/><F69/><W34/><G34/><T130/><D45/><U62/><E62/><V104/><F104/><W80/><G84/><N who="0" m="48199" /><D130/><N who="1" m="50283" /><E38/><V119/><F119/><W60/><REACH who="3" step="1"/><G48/><REACH who="3" ten="250,250,250,240" step="2"/><T74/><D74/><N who="1" m="28171" /><E92/><V131/><F131/><W36/><G36/><T81/><D81/><U96/><E96/><V47/><F39/><W89/><G89/><T51/><D51/><U115/><E115/><V0/><F83/><W57/><G57/><T122/><D122/><U55/><E55/><V100/><F78/><W24/><G24/><N who="0" m="18439" /><D7/><U8/><E27/><V87/><F87/><W108/><G108/><T95/><D95/><U33/><E33/><V4/><F79/><W112/><G112/><T23/><D23/><U93/><E93/><V114/><F114/><W124/><G124/><T97/><D97/><U77/><E77/><V86/><F86/><W3/><G3/><T56/><D56/><U44/><E44/><V26/><F0/><W50/><G50/><T63/><D63/><RYUUKYOKU ba="0,1" sc="250,10,250,10,250,-30,240,10" hai0="9,10,64,66" hai1="8,16,90,91" hai3="6,11,12,40,43,60,65,71,80,85,88,101,103" /><INIT seed="0,1,1,5,3,109" ten="260,260,220,250" oya="0" hai0="10,99,51,9,83,26,0,119,71,29,84,85,132" hai1="61,75,129,121,107,6,95,12,68,55,8,82,22" hai2="38,49,134,42,64,74,27,24,70,135,7,97,56" hai3="2,65,21,72,50,39,78,11,104,17,81,113,30"/><T36/><D36/><U69/><E107/><V120/><F74/><W130/><G39/><T58/><D71/><U124/><E121/><V73/><F73/><W31/><G104/><T25/><D119/><U18/><E129/><V5/><F120/><W1/><G130/><T103/><D132/><N who="2" m="50730" /><F70/><W53/><G65/><T88/><D85/><U133/><E124/><V3/><F38/><W35/><G113/><T76/><D76/><U46/><E133/><V131/><F131/><W20/><G20/><N who="0" m="15527" /><D26/><N who="2" m="9770" /><F3/><W60/><G60/><T98/><D0/><U111/><E61/><N who="2" m="37927" /><F97/><N who="0" m="36874" /><D103/><U44/><E69/><V123/><F123/><W48/><G2/><T16/><D16/><U66/><E18/><V116/><F116/><W63/><G1/><T105/><D105/><U110/><E68/><V128/><F128/><W118/><G118/><T101/><D101/><U40/><E75/><V77/><F77/><W28/><G35/><T45/><D58/><U79/><E79/><V91/><F91/><W127/><G127/><T47/><D47/><AGARI ba="1,1" hai="5,7,42,47,49" m="37927,9770,50730" machi="47" ten="30,1000,0" yaku="20,1" doraHai="109" who="2" fromWho="0" sc="260,-13,260,0,220,23,250,0" /><INIT seed="1,0,0,2,1,8" ten="247,260,243,250" oya="1" hai0="5,45,95,32,46,81,57,78,102,19,22,0,123" hai1="33,9,14,69,68,38,105,4,56,42,121,48,43" hai2="93,134,130,90,51,17,132,18,101,31,83,15,89" hai3="2,60,115,34,72,118,100,12,66,54,113,77,133"/><U91/><E121/><V119/><F119/><W109/><G2/><T104/><D32/><U36/><E33/><V103/><F31/><W76/><G34/><T80/><D123/><U88/><E105/><V61/><F130/><W92/><G118/><T124/><D104/><U29/><E29/><V35/><F35/><W63/><G109/><T135/><D124/><U3/><E3/><V85/><F61/><W108/><G108/><T58/><D135/><N who="2" m="51754" /><F51/><W74/><G133/><T128/><D128/><U39/><E43/><V28/><F28/><W55/><G92/><T107/><D107/><U23/><E23/><N who="2" m="11711" /><F18/><W116/><G116/><T75/><D5/><U44/><REACH who="1" step="1"/><E56/><REACH who="1" ten="247,250,243,250" step="2"/><V62/><F62/><W82/><G63/><T112/><D57/><U86/><E86/><AGARI ba="0,1" hai="83,85,86,89,90,93,101,103" m="11711,51754" machi="86" ten="30,2000,0" yaku="20,1,52,1" doraHai="8" who="2" fromWho="1" sc="247,0,250,-20,243,30,250,0" /><INIT seed="2,0,0,1,2,75" ten="247,230,273,250" oya="2" hai0="73,48,62,11,30,26,92,74,120,88,57,18,21" hai1="130,89,98,117,118,20,91,82,31,114,9,25,135" hai2="119,22,3,53,44,90,124,14,79,27,76,52,54" hai3="4,38,101,102,116,23,115,87,68,109,105,40,24"/><V85/><F3/><W70/><G116/><T111/><D111/><U55/><E114/><V6/><F119/><W39/><G109/><T64/><D120/><U46/><E130/><V131/><F124/><W125/><G125/><T56/><D48/><U72/><E135/><V126/><F126/><W58/><G4/><T95/><D95/><U100/><E9/><N who="2" m="4407" /><F44/><W113/><G87/><T81/><D57/><U80/><E117/><V59/><F59/><W123/><G123/><T69/><D69/><U10/><E10/><V36/><F36/><W110/><G110/><T7/><D81/><U133/><E133/><V67/><F67/><W5/><G5/><T45/><D45/><U13/><E13/><V28/><F131/><W93/><G105/><T61/><D61/><U35/><E35/><V8/><F8/><W122/><G122/><T50/><D50/><N who="1" m="29143" /><E72/><V104/><F104/><W99/><G101/><T66/><D66/><U2/><E2/><V17/><F28/><N who="3" m="17439" /><G58/><T103/><D103/><U129/><E129/><V106/><F106/><W134/><G134/><T77/><D73/><U65/><E65/><V127/><F127/><W47/><G38/><T32/><D32/><U15/><E118/><V34/><F34/><W60/><G60/><T83/><D62/><U107/><E15/><V49/><F49/><W86/><G70/><T19/><D64/><U84/><E84/><V43/><F43/><W71/><G86/><N who="0" m="52247" /><D56/><U0/><E0/><V29/><F29/><W128/><G128/><T132/><D132/><U51/><E51/><V108/><F108/><W97/><G97/><RYUUKYOKU ba="0,0" sc="247,0,230,0,273,0,250,0" hai0="7,11,18,19,21,26,30,74,77,83" hai1="20,25,31,80,82,89,91,98,100,107" hai2="17,22,27,52,53,54,76,79,85,90" hai3="39,40,47,68,71,93,99,102,113,115" /><INIT seed="2,1,0,5,4,19" ten="247,230,273,250" oya="2" hai0="29,124,22,135,133,111,73,36,58,78,26,34,113" hai1="47,37,81,107,27,4,17,55,76,67,90,60,91" hai2="125,94,0,5,20,42,12,100,126,119,84,129,51" hai3="128,86,38,62,10,50,49,118,9,2,64,75,1"/><V109/><F119/><W66/><G38/><T65/><D36/><U101/><E4/><V33/><F33/><W23/><G118/><T61/><D113/><U132/><E132/><N who="0" m="50761" /><D111/><U46/><E101/><V59/><F0/><W116/><G116/><T6/><D6/><U11/><E107/><V117/><F117/><W77/><G86/><T96/><D96/><U41/><E47/><N who="2" m="26103" /><F59/><W105/><G105/><T123/><D123/><U54/><E55/><V104/><F104/><W57/><G128/><T56/><D124/><N who="2" m="47722" /><F129/><W72/><G66/><T80/><D56/><U71/><E54/><V112/><F112/><W89/><G2/><T134/><N who="0" m="50769" /><T87/><DORA hai="35" /><D73/><U122/><E122/><V14/><F109/><W99/><G1/><T7/><D7/><U3/><E3/><V83/><F5/><W32/><G32/><AGARI ba="1,0" hai="22,26,29,32,34,58,61,65,78,80,87" m="50769" machi="32" ten="40,2600,0" yaku="20,1,52,1" doraHai="19,35" who="0" fromWho="3" sc="247,29,230,0,273,0,250,-29" /><INIT seed="3,0,0,5,0,93" ten="276,230,273,221" oya="3" hai0="103,131,52,123,33,39,116,109,43,12,135,101,8" hai1="27,23,92,16,4,54,110,41,117,119,49,30,80" hai2="42,134,11,35,130,46,78,61,104,36,21,87,120" hai3="124,59,128,64,68,58,108,77,72,111,94,22,75"/><W73/><G128/><T90/><D33/><U1/><E41/><V99/><F35/><W53/><G124/><T82/><D123/><U28/><E110/><N who="3" m="42026" /><G77/><T70/><D70/><U48/><E80/><V25/><F120/><W57/><G22/><T45/><D109/><U95/><E49/><V76/><F130/><W89/><G64/><T63/><D131/><U107/><E107/><V38/><F38/><W67/><G67/><T51/><D63/><U29/><E4/><V126/><F134/><W112/><G68/><T115/><D116/><N who="1" m="44619" /><E1/><V56/><F11/><W83/><G112/><T7/><D135/><U122/><E122/><V9/><F9/><W74/><N who="3" m="18944" /><DORA hai="44" /><W100/><G100/><T5/><D5/><U55/><E55/><V79/><F126/><W105/><G83/><T3/><D3/><U98/><E98/><V91/><F21/><W13/><G13/><T106/><D115/><U97/><E97/><V47/><F25/><W96/><G105/><T26/><D26/><U20/><E23/><V121/><F121/><W85/><G85/><N who="0" m="50487" /><D106/><U18/><E20/><V10/><F10/><W50/><AGARI ba="0,0" hai="50,53,57,58,59,89,94,96" m="18944,42026" machi="50" ten="60,12000,1" yaku="14,1,10,1,52,2" doraHai="93,44" who="3" fromWho="3" sc="276,-40,230,-40,273,-40,221,120" /><INIT seed="3,1,0,0,5,21" ten="236,190,233,341" oya="3" hai0="10,29,26,8,34,36,71,120,106,22,41,88,133" hai1="64,20,123,92,116,35,77,23,66,19,12,96,83" hai2="24,100,14,28,111,126,87,16,132,81,117,15,89" hai3="42,39,6,51,37,103,74,59,95,17,124,60,3"/><W125/><G74/><T61/><D106/><U68/><E35/><V9/><F117/><W122/><G122/><T45/><D120/><U52/><E123/><V93/><F111/><W80/><G80/><T18/><D133/><U40/><E40/><V78/><F126/><N who="3" m="48747" /><G6/><T70/><D88/><N who="1" m="55303" /><E68/><V25/><F132/><W55/><G3/><T91/><D91/><U129/><E129/><V79/><F28/><W101/><G17/><T109/><D109/><U69/><E69/><V75/><F79/><W27/><G27/><T112/><D112/><U97/><E97/><V1/><F1/><W72/><G72/><T86/><D86/><N who="1" m="48495" /><E116/><V67/><F67/><W90/><G42/><T50/><D36/><U57/><E23/><V98/><REACH who="2" step="1"/><F14/><REACH who="2" ten="236,190,223,341" step="2"/><W62/><G37/><T13/><REACH who="0" step="1"/><D71/><REACH who="0" ten="226,190,223,341" step="2"/><U65/><E65/><AGARI ba="1,2" hai="8,10,13,18,22,26,29,34,41,45,50,61,65,70" machi="65" ten="40,5200,0" yaku="1,1,2,1,52,1,53,0" doraHai="21" doraHaiUra="32" who="0" fromWho="1" sc="226,75,190,-55,223,0,341,0" /><INIT seed="4,0,0,1,4,108" ten="301,135,223,341" oya="0" hai0="35,29,76,48,94,55,111,19,13,107,89,18,93" hai1="7,2,27,129,109,123,52,124,97,113,132,42,73" hai2="59,114,17,5,95,68,103,98,117,91,28,87,120" hai3="11,64,46,39,56,90,36,51,78,81,34,83,45"/><T60/><D107/><U66/><E66/><V70/><F120/><W31/><G11/><T49/><D111/><U85/><E42/><V62/><F117/><W44/><G31/><T23/><D76/><U26/><E85/><V115/><F5/><W47/><G34/><T100/><D35/><U69/><E97/><V30/><F17/><W77/><G90/><T110/><D29/><U54/><E7/><V12/><F12/><W74/><G56/><N who="0" m="34847" /><D110/><U65/><E65/><N who="2" m="39135" /><F30/><W75/><G64/><T80/><D100/><U24/><E109/><V133/><F28/><W53/><AGARI ba="0,0" hai="36,39,44,45,46,47,51,53,74,75,77,78,81,83" machi="53" ten="30,2000,0" yaku="0,1,9,1" doraHai="108" who="3" fromWho="3" sc="301,-10,135,-5,223,-5,341,20" /><INIT seed="5,0,0,5,3,108" ten="291,130,218,361" oya="1" hai0="107,106,101,120,127,63,109,122,13,62,41,52,25" hai1="20,119,74,30,73,93,135,53,1,39,48,37,0" hai2="50,112,77,12,129,82,38,97,118,43,102,46,86" hai3="125,54,130,15,51,33,61,29,70,19,95,111,78"/><U16/><E119/><V36/><F118/><W2/><G111/><T58/><D109/><U113/><E30/><V55/><F129/><W75/><G2/><N who="1" m="1130" /><E93/><V4/><F112/><W96/><G78/><T104/><D127/><U31/><E31/><V128/><F128/><W105/><G75/><N who="1" m="28682" /><E113/><V40/><F40/><W68/><G125/><T28/><D13/><U45/><E135/><V115/><F115/><W60/><G130/><T56/><D41/><U69/><E69/><V72/><F55/><W18/><G95/><T71/><D71/><U79/><E79/><V23/><F23/><W57/><G70/><T26/><D101/><U88/><E88/><V124/><F72/><W89/><G89/><T22/><REACH who="0" step="1"/><D26/><REACH who="0" ten="281,130,218,361" step="2"/><U121/><E121/><V81/><F124/><W17/><G68/><T92/><D92/><U27/><E27/><V10/><F82/><W84/><G15/><T14/><D14/><U116/><E116/><V24/><F24/><W94/><G94/><AGARI ba="0,1" hai="4,10,12,36,38,43,46,50,77,81,86,94,97,102" machi="94" ten="30,3900,0" yaku="7,1,25,2" doraHai="108" who="2" fromWho="3" sc="281,0,130,0,218,49,361,-39" /><INIT seed="6,0,0,0,1,2" ten="281,130,267,322" oya="2" hai0="45,89,95,63,119,33,107,27,98,73,71,112,16" hai1="135,72,7,8,43,103,9,62,80,90,15,38,92" hai2="22,101,41,130,64,10,32,1,70,17,57,31,105" hai3="37,55,96,76,69,30,18,11,46,84,29,49,58"/><V61/><F130/><W121/><G69/><T81/><D112/><U129/><E129/><V25/><F41/><W21/><G121/><T34/><D119/><U88/><E135/><V26/><F57/><W110/><G110/><T6/><D107/><U39/><E62/><V113/><F113/><W40/><G96/><T124/><D124/><U118/><E118/><V85/><F85/><W77/><G11/><T75/><D45/><U115/><E115/><V23/><F1/><W82/><REACH who="3" step="1"/><G77/><REACH who="3" ten="281,130,267,312" step="2"/><T97/><D71/><U125/><E125/><V28/><F10/><W123/><G123/><T120/><D98/><U0/><E103/><V50/><F101/><W83/><G83/><T114/><D81/><U60/><E60/><V91/><F105/><W106/><G106/><T102/><D63/><U74/><E90/><V42/><F91/><W3/><G3/><T86/><D120/><U4/><E80/><V133/><F133/><W93/><G93/><T67/><D114/><U65/><E65/><V19/><F32/><W94/><G94/><T24/><D67/><U108/><E108/><V48/><REACH who="2" step="1"/><F42/><REACH who="2" ten="281,130,257,312" step="2"/><W14/><AGARI ba="0,2" hai="14,18,21,29,30,37,40,46,49,55,58,76,82,84" machi="14" ten="20,2700,0" yaku="1,1,0,1,7,1,53,0" doraHai="2" doraHaiUra="20" who="3" fromWho="3" sc="281,-7,130,-7,257,-13,312,47" /><INIT seed="7,0,0,0,3,17" ten="274,123,244,359" oya="3" hai0="97,119,55,49,67,62,88,22,75,5,9,37,31" hai1="99,76,0,80,21,70,11,134,68,117,73,113,47" hai2="63,7,40,57,103,65,6,118,78,3,102,122,107" hai3="72,84,36,85,110,12,94,42,125,101,60,86,114"/><W82/><G60/><T1/><D75/><U98/><E113/><V133/><F118/><W26/><G114/><T128/><D37/><U69/><E134/><V43/><F122/><W10/><G12/><T121/><D121/><U126/><E126/><V4/><F3/><W116/><G10/><T48/><D128/><U54/><E117/><V135/><F78/><N who="3" m="44359" /><G26/><T115/><D119/><U23/><E54/><V53/><F53/><W131/><G42/><T14/><D115/><U39/><E99/><V123/><F123/><W51/><G51/><T108/><D108/><U127/><E98/><V129/><F129/><W30/><G30/><T56/><D49/><U87/><E87/><V29/><F29/><W105/><G36/><T34/><D34/><U32/><E32/><V13/><F13/><W19/><G19/><T46/><D1/><U2/><E127/><V79/><F79/><W132/><G131/><T71/><D71/><U112/><E112/><V77/><F77/><W109/><G125/><T61/><D61/><U106/><E106/><V92/><F107/><W44/><G105/><T64/><D64/><U58/><E58/><V20/><F20/><W104/><G104/><T33/><D33/><U74/><E74/><V100/><F92/><W52/><G116/><T8/><D8/><U96/><E96/><V93/><F93/><W28/><G94/><N who="0" m="56519" /><D22/><U95/><E95/><V41/><AGARI ba="0,0" hai="4,6,7,40,41,43,57,63,65,100,102,103,133,135" machi="41" ten="40,5200,0" yaku="0,1,29,2" doraHai="17" who="2" fromWho="2" sc="274,-13,123,-13,244,52,359,-26" owari="261,-14.0,110,-39.0,296,10.0,333,43.0" /></mjloggm>