<mjloggm ver="2.3"><GO type="97" lobby="0"/><UN n0="%E5%B0%B1%E6%B4%BB%E7%94%9F%40%E5%B7%9D%E6%9D%91%E8%BB%8D%E5%9B%A3" n1="%6D%6F%6D%69%61%67%65%30" n2="%70%75%72%75%33%38%35" n3="%41%55%2D%CE%B1%36%30%37" dan="14,15,13,14" rate="2010.28,2014.04,1889.60,1966.75" sx="M,M,M,M"/><TAIKYOKU oya="0"/><INIT seed="0,0,0,3,1,77" ten="250,250,250,250" oya="0" hai0="87,42,65,66,72,25,41,55,32,112,116,2,30" hai1="115,51,19,100,60,81,39,109,70,62,4,8,73" hai2="35,93,47,48,71,104,79,21,123,10,97,24,108" hai3="90,22,1,113,53,131,58,92,27,36,133,127,88"/><T0/><D72/><U134/><E39/><V126/><F123/><W28/><G113/><T107/><D112/><U74/><E109/><V15/><F71/><W103/><G1/><T3/><D107/><U110/><E110/><V128/><F128/><W59/><G131/><T61/><D116/><U33/><E134/><V44/><F108/><W94/><G36/><T84/><D55/><U86/><E33/><V68/><F68/><W105/><G133/><T26/><D61/><U130/><E130/><V69/><F69/><W34/><G34/><T23/><D23/><U124/><E124/><V12/><F126/><W37/><G37/><T5/><D5/><U99/><E51/><V82/><F104/><W7/><G7/><T119/><D119/><U9/><E19/><V54/><F35/><W106/><G127/><T11/><D11/><U96/><E115/><V46/><F15/><W98/><G59/><T6/><D6/><U56/><E70/><V114/><F114/><W64/><G64/><N who="0" m="24683" /><D30/><U76/><E9/><V20/><F20/><W122/><G122/><T16/><D16/><U67/><E62/><V31/><F12/><W125/><G125/><T63/><D63/><U14/><E99/><V95/><F10/><W89/><G103/><T132/><D132/><U117/><E117/><V75/><F95/><AGARI ba="0,0" hai="4,8,14,56,60,67,73,74,76,81,86,95,96,100" machi="95" ten="30,2000,0" yaku="7,1,52,1" doraHai="77" who="1" fromWho="2" sc="250,0,250,20,250,-20,250,0" /><INIT seed="1,0,0,3,2,21" ten="250,270,230,250" oya="1" hai0="87,63,88,103,13,81,52,82,44,18,23,39,65" hai1="68,86,41,123,33,54,8,107,38,101,91,36,43" hai2="129,92,50,94,45,108,118,132,96,25,113,17,58" hai3="97,32,79,66,55,42,56,46,83,121,62,119,114"/><U130/><E123/><V76/><F118/><W98/><G121/><T48/><D39/><U40/><E33/><V116/><F116/><W6/><G119/><T27/><D103/><U78/><E78/><V29/><F108/><W75/><G114/><T106/><D106/><U9/><E68/><V80/><F132/><W37/><G32/><T16/><D82/><U105/><E130/><V73/><F129/><W74/><G74/><T19/><D13/><U5/><E101/><V89/><F113/><W115/><G115/><T95/><D81/><U60/><E60/><V69/><F69/><AGARI ba="0,0" hai="16,18,19,23,27,44,48,52,63,65,69,87,88,95" machi="69" ten="30,8000,1" yaku="7,1,52,1,54,3" doraHai="21" who="0" fromWho="2" sc="250,80,270,0,230,-80,250,0" /><INIT seed="2,0,0,2,1,88" ten="330,270,150,250" oya="2" hai0="16,12,106,84,43,80,4,41,129,68,127,5,46" hai1="24,30,11,112,86,34,50,51,58,120,21,135,119" hai2="74,37,40,62,22,59,105,31,26,65,66,73,81" hai3="52,49,126,39,104,69,9,91,125,108,28,6,134"/><V64/><F105/><W48/><G104/><T116/><D106/><U114/><E135/><V23/><F37/><W97/><G39/><T72/><D68/><U25/><E119/><V76/><F40/><N who="0" m="15434" /><D72/><U121/><E86/><V93/><F73/><W131/><G134/><T101/><D116/><U54/><E11/><V42/><F42/><W82/><G69/><T133/><D129/><U87/><E87/><V15/><F15/><W128/><G48/><T78/><D133/><U38/><E50/><V14/><F14/><N who="3" m="5431" /><G28/><T92/><D46/><U56/><E56/><V63/><F23/><W107/><G107/><T60/><D60/><U130/><E130/><N who="3" m="49706" /><G108/><T85/><D127/><U0/><E0/><V70/><REACH who="2" step="1"/><F65/><REACH who="2" ten="330,270,140,250" step="2"/><W77/><G126/><T71/><D12/><U90/><E38/><V53/><F53/><W102/><G125/><T20/><D5/><U96/><E54/><V99/><F99/><W18/><G52/><T55/><D4/><U57/><E96/><V29/><F29/><W75/><G18/><T10/><D55/><U132/><E30/><V33/><F33/><W44/><G44/><T110/><D16/><U19/><E34/><V27/><F27/><W17/><G17/><T113/><D20/><U95/><E19/><V115/><F115/><W13/><G13/><T67/><D67/><U36/><E21/><V1/><F1/><W83/><G49/><T7/><D7/><U109/><E51/><V123/><F123/><W61/><G61/><T94/><D10/><U124/><E120/><V47/><F47/><W103/><G97/><T117/><D117/><RYUUKYOKU ba="0,1" sc="330,-15,270,-15,140,15,250,15" hai2="22,26,31,59,62,63,64,66,70,74,76,81,93" hai3="75,77,82,83,91,102,103" /><INIT seed="2,1,1,5,2,34" ten="315,255,155,265" oya="2" hai0="40,112,91,45,135,36,48,61,95,3,75,81,12" hai1="32,96,98,15,120,86,67,57,6,109,52,49,23" hai2="97,38,131,115,73,39,47,13,28,82,19,93,118" hai3="50,60,111,132,116,62,8,4,90,18,11,14,108"/><V121/><F121/><W21/><G116/><T99/><D3/><U87/><E32/><V71/><F118/><W122/><G122/><T84/><D112/><U31/><E109/><N who="3" m="42058" /><G132/><T70/><D135/><U16/><E120/><V63/><F115/><W74/><G74/><T58/><D75/><U55/><E67/><V100/><F131/><W20/><G50/><T46/><D70/><U101/><E6/><V127/><F127/><W54/><G90/><N who="0" m="55799" /><D36/><U27/><E55/><V35/><F47/><W107/><G107/><T117/><D117/><U123/><E123/><V124/><F124/><W114/><G114/><T2/><D2/><U22/><REACH who="1" step="1"/><E96/><REACH who="1" ten="315,245,155,265" step="2"/><V42/><F42/><W44/><G54/><N who="0" m="34007" /><D46/><U113/><E113/><V128/><F128/><W92/><G44/><T33/><D33/><U104/><AGARI ba="1,2" hai="15,16,22,23,27,31,49,52,57,86,87,98,101,104" machi="104" ten="20,8000,1" yaku="1,1,0,1,7,1,54,2,53,0" doraHai="34" doraHaiUra="30" who="1" fromWho="1" sc="315,-21,245,103,155,-41,265,-21" /><INIT seed="3,0,0,0,0,60" ten="294,348,114,244" oya="3" hai0="128,8,111,96,133,120,54,71,118,53,117,28,31" hai1="134,49,58,110,115,126,84,9,5,98,36,56,103" hai2="12,124,43,16,23,51,100,104,63,79,1,34,81" hai3="45,74,76,55,92,112,20,59,13,65,68,47,91"/><W72/><G112/><T19/><D71/><U131/><E36/><V106/><F124/><W80/><G72/><T32/><D120/><U30/><E110/><V37/><F37/><W50/><G68/><T95/><D111/><U85/><E134/><V52/><F34/><W57/><G57/><T107/><D107/><U3/><E131/><V101/><F1/><W93/><G93/><T66/><D133/><U17/><E126/><V123/><F123/><W108/><G108/><T48/><D128/><U38/><E38/><V114/><F114/><W39/><G39/><T61/><D32/><U90/><E30/><V109/><F109/><W33/><G33/><T2/><D54/><U116/><E17/><V119/><F119/><W105/><G105/><T122/><D122/><U129/><E129/><V21/><F106/><W102/><G102/><T40/><D40/><U15/><E115/><V86/><F104/><W7/><G7/><T121/><D121/><U97/><E3/><V0/><F0/><W125/><G125/><T42/><D42/><U88/><E49/><V10/><F23/><W73/><G73/><T135/><D135/><U78/><E78/><V94/><F43/><W11/><G11/><T70/><D117/><U6/><E9/><V22/><F22/><W127/><G127/><T41/><D41/><U99/><E116/><V14/><F63/><W35/><G35/><T77/><D118/><U4/><E103/><V87/><F87/><N who="1" m="33353" /><E15/><V75/><F75/><W62/><G13/><N who="0" m="7591" /><D2/><U69/><E69/><V24/><F94/><W27/><G47/><N who="0" m="27807" /><D77/><U46/><E46/><RYUUKYOKU ba="0,0" sc="294,15,348,15,114,-15,244,-15" hai0="28,31,61,66,70,95,96" hai1="4,5,6,56,58,88,90,97,98,99" owari="309,11.0,363,46.0,99,-40.0,229,-17.0" /></mjloggm>