<mjloggm ver="2.3"><GO type="41" lobby="0"/><UN n0="%E3%82%81%E3%82%93%E3%81%BC%E3%83%BC" n1="%E5%B0%B1%E6%B4%BB%E7%94%9F%40%E5%B7%9D%E6%9D%91%E8%BB%8D%E5%9B%A3" n2="%E7%99%BD%E7%81%AB" n3="%E6%99%82%E9%9B%A8%E6%AB%BB" dan="14,15,14,14" rate="1859.85,2068.10,1981.32,1892.51" sx="M,M,M,M"/><TAIKYOKU oya="0"/><INIT seed="0,0,0,2,3,23" ten="250,250,250,250" oya="0" hai0="96,2,86,117,67,41,63,30,76,134,18,15,113" hai1="6,71,45,9,118,48,64,98,120,27,39,44,75" hai2="102,60,81,65,17,82,12,62,95,110,128,33,56" hai3="116,93,131,38,79,54,14,124,22,50,125,46,108"/><T32/><D113/><U103/><E120/><V80/><F33/><W84/><G116/><T122/><D117/><U73/><E118/><V21/><F110/><W126/><G108/><T58/><D122/><U49/><E39/><V10/><F128/><W34/><G34/><T31/><D2/><U99/><E64/><V11/><F62/><W66/><G66/><T4/><D4/><U40/><E71/><V92/><F92/><W88/><G79/><T24/><D31/><U29/><E9/><V74/><F74/><W25/><G14/><T53/><D134/><U94/><E98/><AGARI ba="0,0" hai="10,11,12,17,21,56,60,65,80,81,82,95,98,102" machi="98" ten="40,1300,0" yaku="8,1" doraHai="23" who="2" fromWho="1" sc="250,0,250,-13,250,13,250,0" /><INIT seed="1,0,0,5,3,60" ten="250,237,263,250" oya="1" hai0="25,47,72,17,0,100,116,13,40,94,126,30,38" hai1="46,114,76,5,34,23,128,91,35,120,113,3,121" hai2="43,39,32,79,115,118,31,22,54,66,135,68,77" hai3="81,133,123,102,96,129,87,110,117,48,16,52,44"/><U131/><E76/><V106/><F118/><W103/><G110/><T98/><D126/><U83/><E83/><V37/><F135/><W41/><G123/><N who="1" m="47178" /><E46/><V132/><F132/><W69/><G133/><T73/><D116/><U65/><E91/><V50/><F106/><W75/><G75/><T42/><D40/><U24/><E65/><V64/><F32/><N who="1" m="12329" /><E5/><V33/><F33/><W104/><G102/><T97/><D97/><U95/><E95/><V70/><F43/><W15/><G69/><T4/><D4/><U105/><E105/><V85/><F115/><N who="1" m="44041" /><E3/><V99/><F50/><W8/><G117/><T90/><D0/><U10/><E10/><V18/><F99/><W88/><REACH who="3" step="1"/><G41/><REACH who="3" ten="250,237,263,240" step="2"/><T29/><D100/><U130/><E130/><AGARI ba="0,1" hai="8,15,16,44,48,52,81,87,88,96,103,104,129,130" machi="130" ten="40,12000,2" yaku="1,1,2,1,25,2,54,3,53,0" doraHai="60" doraHaiUra="28" who="3" fromWho="1" sc="250,0,237,-120,263,0,240,130" /><INIT seed="2,0,0,4,2,95" ten="250,117,263,370" oya="2" hai0="96,79,59,47,26,10,118,108,13,48,45,94,89" hai1="104,63,119,129,40,28,103,87,98,27,76,128,54" hai2="80,123,112,50,82,51,44,97,38,66,1,35,34" hai3="70,127,2,122,24,64,107,71,0,12,33,83,101"/><V130/><F123/><W43/><G122/><T115/><D108/><U21/><E119/><V23/><F1/><W49/><G127/><T60/><D118/><U69/><E40/><V7/><F112/><W117/><G12/><T75/><D115/><U57/><E76/><V46/><F7/><W88/><G49/><T73/><D79/><U78/><E78/><V9/><F9/><W134/><G43/><T14/><D26/><U116/><E116/><V5/><F5/><W61/><G71/><T25/><D13/><U113/><E113/><V125/><F23/><W81/><G134/><T120/><D120/><U133/><E69/><V11/><F11/><W92/><G81/><T121/><D121/><U6/><E133/><V4/><F4/><W65/><G83/><T124/><D25/><U17/><E6/><V39/><F130/><W90/><G65/><T86/><D124/><U29/><REACH who="1" step="1"/><E87/><REACH who="1" ten="250,107,263,370" step="2"/><V105/><F125/><W52/><G117/><T109/><D109/><U111/><E111/><V16/><F38/><W135/><G135/><T30/><D86/><U126/><E126/><V18/><F39/><W100/><G70/><T132/><D132/><U114/><E114/><V55/><F105/><W131/><G131/><AGARI ba="0,1" hai="17,21,27,28,29,54,57,63,98,103,104,128,129,131" machi="131" ten="40,8000,1" yaku="1,1,19,1,52,1,53,1" doraHai="95" doraHaiUra="53" who="1" fromWho="3" sc="250,0,107,90,263,0,370,-80" /><INIT seed="3,0,0,4,3,26" ten="250,197,263,290" oya="3" hai0="38,88,124,119,41,70,80,49,96,129,51,35,46" hai1="9,92,111,48,69,3,71,134,40,82,63,39,21" hai2="133,22,132,107,57,62,25,73,8,29,1,13,65" hai3="89,126,85,68,131,31,110,100,16,5,101,109,7"/><W112/><G68/><T42/><D119/><U123/><E123/><V44/><F107/><W74/><G74/><T79/><D70/><U12/><E111/><N who="3" m="42506" /><G112/><T91/><D124/><U87/><E134/><V118/><F73/><W67/><G67/><T104/><D129/><U115/><E115/><V27/><F1/><W135/><G135/><N who="2" m="51785" /><F25/><W36/><G36/><T66/><D66/><U130/><E39/><V52/><F44/><W127/><G131/><T23/><D35/><U24/><E130/><V54/><F118/><W56/><G56/><T20/><D91/><U77/><E3/><V18/><AGARI ba="0,0" hai="8,13,18,22,27,29,52,54,57,62,65" m="51785" machi="18" ten="30,4000,0" yaku="20,1,52,1,54,1" doraHai="26" who="2" fromWho="2" sc="250,-10,197,-10,263,40,290,-20" /><INIT seed="4,0,0,2,4,66" ten="240,187,303,270" oya="0" hai0="44,86,9,73,53,124,89,19,54,39,60,77,79" hai1="8,61,126,109,57,14,2,92,16,82,17,75,41" hai2="122,123,104,20,56,129,67,42,21,22,46,83,102" hai3="120,12,11,37,52,96,74,108,55,59,28,68,6"/><T135/><D135/><U132/><E109/><V4/><F129/><W10/><G37/><T130/><D124/><U13/><E126/><V112/><F4/><W125/><G74/><T81/><D130/><U38/><E132/><V105/><F112/><W15/><G108/><T43/><D60/><U47/><E2/><V90/><F104/><W95/><G120/><T85/><D77/><U27/><E27/><V70/><F105/><W64/><G28/><T45/><D45/><U117/><E117/><V76/><F102/><W1/><G125/><T115/><D115/><U99/><E82/><V35/><F35/><W0/><G68/><T34/><D34/><U100/><E75/><V87/><F90/><W134/><G64/><T97/><D97/><U18/><REACH who="1" step="1"/><E14/><REACH who="1" ten="240,177,303,270" step="2"/><V50/><F123/><W103/><G134/><T49/><D39/><U94/><E94/><V48/><F122/><W32/><G1/><T133/><D133/><U62/><E62/><V84/><F83/><W114/><G0/><T69/><D73/><U106/><E106/><V5/><F20/><W118/><G118/><T23/><D9/><U111/><E111/><V88/><F21/><W33/><G114/><T36/><D36/><U40/><E40/><V51/><F22/><W7/><G55/><AGARI ba="0,1" hai="8,13,16,17,18,38,41,47,55,57,61,92,99,100" machi="55" ten="30,3900,0" yaku="1,1,7,1,54,1,53,0" doraHai="66" doraHaiUra="72" who="1" fromWho="3" sc="240,0,177,49,303,0,270,-39" /><INIT seed="5,0,0,5,0,67" ten="240,226,303,231" oya="1" hai0="11,25,69,9,1,127,102,109,42,105,117,103,89" hai1="104,111,90,126,115,40,7,14,19,12,73,21,28" hai2="56,52,57,94,8,120,46,29,39,108,74,114,85" hai3="36,75,84,27,17,41,130,91,76,82,23,10,116"/><U43/><E73/><V135/><F108/><W59/><G130/><T55/><D109/><U66/><E104/><V124/><F120/><W45/><G116/><T129/><D117/><U47/><E115/><V97/><F135/><W77/><G10/><T134/><D129/><U49/><E111/><V106/><F74/><W83/><G59/><T0/><D134/><U63/><E126/><V125/><F29/><W34/><G34/><T58/><D127/><U79/><E79/><V62/><F114/><W80/><REACH who="3" step="1"/><G77/><REACH who="3" ten="240,226,303,221" step="2"/><T133/><D58/><N who="1" m="37239" /><E28/><V107/><F57/><W98/><G98/><T3/><D133/><U123/><E123/><V54/><F97/><W95/><AGARI ba="0,1" hai="17,23,27,36,41,45,75,76,80,82,83,84,91,95" machi="95" ten="20,2700,0" yaku="1,1,0,1,7,1,53,0" doraHai="67" doraHaiUra="131" who="3" fromWho="3" sc="240,-7,226,-13,303,-7,221,37" /><INIT seed="6,0,0,1,4,79" ten="233,213,296,258" oya="2" hai0="108,25,90,102,3,42,5,120,61,44,46,126,66" hai1="69,54,81,7,45,36,76,132,72,58,51,99,131" hai2="17,43,40,11,65,113,32,53,71,4,27,101,106" hai3="114,64,34,38,107,97,20,129,130,47,127,6,82"/><V78/><F78/><W122/><G34/><T125/><D108/><U124/><E131/><V15/><F53/><W83/><G122/><T85/><D120/><U118/><E118/><V115/><F106/><W88/><G127/><T56/><D102/><U9/><E69/><V87/><F101/><W96/><G64/><T91/><D3/><U22/><E124/><N who="0" m="47721" /><D5/><U104/><E132/><V95/><F71/><W110/><G110/><T12/><D12/><U116/><E116/><V70/><F65/><W23/><G6/><T73/><D73/><U49/><E22/><N who="2" m="13775" /><F70/><W1/><G1/><T86/><D25/><U30/><E30/><V94/><F32/><W98/><G114/><N who="2" m="43529" /><F95/><W84/><G107/><T121/><D121/><U18/><E18/><V8/><F8/><W16/><G82/><N who="0" m="49463" /><D42/><N who="1" m="22727" /><E104/><V13/><F13/><W100/><G100/><T111/><D111/><U119/><E119/><V50/><F50/><W14/><G23/><T103/><D103/><U60/><E99/><V29/><F29/><W75/><G75/><T48/><D48/><U19/><E19/><V62/><F62/><W77/><G77/><T67/><D67/><U2/><AGARI ba="0,0" hai="2,7,9,49,51,54,58,60,72,76,81" m="22727" machi="2" ten="30,2000,0" yaku="25,1,52,1" doraHai="79" who="1" fromWho="1" sc="233,-5,213,20,296,-10,258,-5" /><INIT seed="7,0,0,2,2,78" ten="228,233,286,253" oya="3" hai0="47,112,85,32,20,22,128,87,99,102,108,88,52" hai1="37,61,25,80,94,121,62,44,67,49,58,69,122" hai2="111,82,55,83,10,106,13,120,96,54,86,124,133" hai3="90,105,130,11,118,31,126,101,72,115,129,74,75"/><W98/><G118/><T100/><D108/><U19/><E94/><V36/><F36/><W127/><G115/><T8/><D32/><U38/><E25/><V91/><F111/><W42/><G42/><T135/><D112/><U123/><E19/><V134/><F124/><N who="3" m="47659" /><G31/><T3/><D128/><N who="3" m="49257" /><G11/><T60/><D135/><N who="2" m="51722" /><F120/><W77/><G90/><T48/><D60/><U57/><E80/><AGARI ba="0,0" hai="72,74,75,77,80,98,101,105" m="49257,47659" machi="80" ten="30,18000,2" yaku="18,1,19,1,23,1,34,2,52,1" doraHai="78" who="3" fromWho="1" sc="228,0,233,-180,286,0,253,180" owari="228,-17.0,53,-45.0,286,9.0,433,53.0" /></mjloggm>