<mjloggm ver="2.3"><GO type="41" lobby="0"/><UN n0="%E5%AE%8D%E6%88%B8" n1="%E3%82%B7%E3%83%A5%E3%82%A6%E3%82%A9%E3%83%83%E3%83%81" n2="%E5%B0%B1%E6%B4%BB%E7%94%9F%40%E5%B7%9D%E6%9D%91%E8%BB%8D%E5%9B%A3" n3="%E3%81%8D%E3%81%9F%E3%81%8B%E3%81%9C%EF%BC%A0" dan="14,14,15,14" rate="1876.23,1932.45,2019.89,1917.70" sx="M,M,M,M"/><TAIKYOKU oya="0"/><INIT seed="0,0,0,1,1,102" ten="250,250,250,250" oya="0" hai0="78,19,82,130,97,126,27,2,79,14,9,69,16" hai1="51,64,83,117,103,116,85,80,128,100,120,93,90" hai2="91,12,33,50,0,108,10,70,66,110,57,111,20" hai3="32,31,88,47,106,101,86,23,17,39,112,104,65"/><T135/><D69/><U75/><E64/><V28/><F70/><W54/><G112/><T131/><D2/><U41/><E120/><V125/><F125/><W94/><G65/><T129/><D126/><U73/><E41/><V42/><F33/><W132/><G132/><T25/><D135/><U119/><E51/><V127/><F127/><W76/><G76/><N who="0" m="29227" /><D82/><N who="1" m="31275" /><E128/><V35/><F35/><W3/><G3/><T109/><D109/><U105/><E103/><V24/><F0/><W81/><G31/><T56/><D56/><U26/><E26/><V72/><F72/><N who="1" m="27721" /><E100/><V89/><F42/><W59/><G32/><T113/><D113/><U98/><E98/><V36/><F36/><W61/><G47/><T133/><D133/><U62/><E62/><N who="2" m="38223" /><F50/><W21/><G39/><T121/><D121/><U53/><E53/><V60/><F60/><W8/><G8/><T37/><D37/><U30/><E30/><V55/><F55/><W34/><G34/><T58/><D58/><U95/><E95/><V67/><F67/><W114/><G114/><T18/><D97/><U96/><E96/><V48/><F48/><W123/><G123/><T7/><AGARI ba="0,0" hai="7,9,14,16,18,19,25,27,129,130,131" m="29227" machi="7" ten="40,3900,0" yaku="19,1,54,1" doraHai="102" who="0" fromWho="0" sc="250,39,250,-13,250,-13,250,-13" /><INIT seed="0,1,0,3,4,131" ten="289,237,237,237" oya="0" hai0="67,27,6,23,37,62,49,13,70,81,94,80,15" hai1="83,129,115,133,44,79,101,120,96,18,92,117,84" hai2="71,72,50,68,28,108,22,45,128,54,17,105,85" hai3="0,65,9,33,52,19,110,89,95,100,77,4,125"/><T58/><D37/><U88/><E120/><V61/><F72/><W91/><G125/><T46/><D70/><U134/><E117/><V99/><F128/><W31/><G110/><T109/><D109/><U11/><E129/><V113/><F108/><W25/><G65/><T32/><D32/><U57/><E115/><V20/><F113/><W114/><G114/><T10/><D15/><N who="1" m="7551" /><E57/><V8/><F28/><W38/><G38/><T119/><D94/><U122/><E122/><V124/><F124/><W34/><G34/><T87/><D87/><U21/><E21/><V86/><F105/><W64/><G64/><T90/><D90/><U106/><E44/><V47/><F47/><W59/><G77/><T97/><D97/><U103/><E103/><V36/><F36/><W69/><G69/><T14/><D14/><U121/><E121/><V135/><F99/><W93/><G19/><T116/><D119/><U16/><E16/><V35/><F35/><W66/><G66/><T111/><D111/><U107/><E79/><V130/><F20/><W1/><G1/><T40/><REACH who="0" step="1"/><D116/><REACH who="0" ten="279,237,237,237" step="2"/><U74/><E74/><V126/><F71/><W51/><G100/><T112/><D112/><U24/><E24/><V53/><F68/><W132/><G91/><T123/><D123/><U7/><E107/><V127/><F130/><W102/><G102/><T63/><D63/><U104/><E104/><V98/><F126/><W12/><G89/><T41/><D41/><U5/><E106/><V78/><F127/><W82/><G12/><T73/><D73/><U2/><E2/><V43/><F43/><RYUUKYOKU ba="1,1" sc="279,15,237,15,237,-15,237,-15" hai0="6,10,13,23,27,40,46,49,58,62,67,80,81" hai1="5,7,83,84,88,92,96,101,133,134" /><INIT seed="0,2,1,0,3,76" ten="294,252,222,222" oya="0" hai0="110,8,87,45,91,104,85,53,109,38,4,97,57" hai1="19,90,89,120,66,11,61,77,101,9,60,12,106" hai2="51,42,105,54,20,50,28,44,107,93,111,129,52" hai3="125,43,56,55,95,115,83,22,72,117,123,18,73"/><T2/><D45/><U5/><E120/><V40/><F129/><W80/><G117/><T98/><D38/><U31/><E31/><V13/><F111/><N who="0" m="42506" /><D104/><U6/><E77/><V21/><F28/><W100/><G115/><T86/><D91/><U35/><E35/><V27/><F27/><W63/><G125/><T1/><D1/><U34/><E34/><V92/><F13/><W131/><G131/><T14/><D2/><U16/><E60/><AGARI ba="2,1" hai="4,8,14,53,57,60,85,86,87,97,98" m="42506" machi="60" ten="30,2900,0" yaku="14,1,10,1" doraHai="76" who="0" fromWho="1" sc="294,45,252,-35,222,0,222,0" /><INIT seed="0,3,0,4,5,46" ten="339,217,222,222" oya="0" hai0="77,51,42,5,62,68,121,58,43,64,97,15,49" hai1="3,91,111,99,87,83,60,28,20,2,66,105,108" hai2="106,21,6,125,45,1,7,13,26,82,134,14,54" hai3="96,124,56,95,9,133,116,120,8,119,122,11,52"/><T84/><D68/><U98/><E2/><V126/><F106/><W86/><G133/><T32/><D32/><U4/><E4/><N who="2" m="1579" /><F82/><W103/><G86/><T101/><D15/><N who="2" m="5642" /><F45/><W16/><G124/><N who="2" m="47721" /><F54/><W115/><G115/><T27/><D27/><N who="1" m="16487" /><E3/><V18/><F1/><W80/><G80/><N who="0" m="47119" /><D5/><U70/><E105/><V81/><F81/><W59/><G16/><T92/><D121/><N who="3" m="46697" /><G59/><T104/><D104/><U67/><E67/><V53/><F53/><W48/><AGARI ba="3,0" hai="8,9,11,48,52,56,95,96,103,116,119" m="46697" machi="48" ten="30,4000,0" yaku="13,1,52,1,54,1" doraHai="46" who="3" fromWho="3" sc="339,-23,217,-13,222,-13,222,49" /><INIT seed="1,0,0,5,0,113" ten="316,204,209,271" oya="1" hai0="58,48,24,16,12,76,83,111,132,109,123,5,107" hai1="45,10,43,4,20,86,6,19,106,97,88,57,112" hai2="80,69,67,120,7,121,13,102,99,66,72,87,125" hai3="17,41,61,37,1,105,134,133,131,36,59,90,64"/><U101/><E112/><V62/><F72/><W34/><G105/><T55/><D107/><U100/><E100/><V108/><F125/><W85/><G34/><T82/><D123/><U78/><E78/><V110/><F67/><W91/><G1/><T92/><D132/><N who="3" m="50793" /><G131/><T74/><D5/><U103/><E103/><V81/><F7/><W22/><G41/><T84/><D24/><U122/><E57/><V71/><F71/><W126/><G126/><T53/><D55/><U115/><E10/><V35/><F35/><W46/><G46/><T124/><D124/><U52/><E122/><V119/><F13/><N who="3" m="9519" /><G91/><T26/><D26/><U60/><E43/><V14/><F14/><W75/><G75/><T40/><D40/><U32/><E32/><V116/><F120/><W47/><G47/><T135/><D135/><U127/><E127/><V118/><F121/><W30/><G30/><T63/><D74/><U96/><E115/><V9/><F9/><W98/><G98/><N who="1" m="37994" /><E101/><V18/><F18/><W51/><G51/><T27/><D76/><U73/><E73/><V21/><F21/><W49/><G49/><T11/><D58/><N who="1" m="34887" /><E45/><V117/><N who="2" m="30208" /><DORA hai="70" /><V15/><F15/><W2/><G2/><T95/><D12/><N who="1" m="9319" /><E106/><N who="2" m="63839" /><F87/><W79/><G79/><T33/><D84/><U23/><E23/><V39/><F39/><W29/><G29/><T89/><D33/><U94/><AGARI ba="0,0" hai="4,6,86,88,94" m="9319,34887,37994" machi="94" ten="30,6000,0" yaku="8,1,54,2" doraHai="113,70" who="1" fromWho="1" sc="316,-20,204,60,209,-20,271,-20" /><INIT seed="1,1,0,5,1,97" ten="296,264,189,251" oya="1" hai0="42,128,0,110,84,93,31,74,113,118,130,124,102" hai1="112,38,90,88,126,2,95,14,40,89,60,75,77" hai2="103,85,106,99,125,13,26,107,129,51,98,67,71" hai3="4,62,134,65,101,1,3,34,48,37,27,58,73"/><U16/><E2/><V7/><F125/><W135/><G73/><T96/><D31/><U72/><E112/><V92/><F129/><W49/><G37/><T22/><D42/><U69/><E126/><V91/><F26/><W46/><G48/><T63/><D22/><U23/><E38/><V17/><F7/><W29/><G101/><T64/><D63/><U21/><E40/><V43/><F71/><W105/><G105/><T41/><D41/><U12/><E69/><V100/><F67/><W56/><G56/><T15/><D64/><U108/><E108/><V78/><F43/><N who="3" m="24799" /><G4/><T76/><D0/><U122/><E122/><V94/><F51/><W111/><G111/><T28/><D110/><U54/><E77/><V39/><F39/><W5/><G5/><T6/><D76/><U117/><E117/><V11/><F78/><W57/><G57/><T8/><D128/><U83/><E75/><V131/><REACH who="2" step="1"/><F131/><REACH who="2" ten="296,264,179,251" step="2"/><W33/><G33/><T55/><D130/><U127/><E127/><V44/><F44/><W20/><G34/><T36/><D124/><U82/><E72/><V116/><F116/><W18/><G29/><T47/><D28/><U80/><E60/><V68/><F68/><W61/><G61/><T133/><D74/><U115/><E115/><V81/><AGARI ba="1,1" hai="11,13,17,81,85,91,92,94,98,99,100,103,106,107" machi="81" ten="20,12000,2" yaku="1,1,0,1,7,1,9,1,52,2,53,1" doraHai="97" doraHaiUra="86" who="2" fromWho="2" sc="296,-31,264,-61,179,133,251,-31" /><INIT seed="2,0,0,0,1,45" ten="265,203,312,220" oya="2" hai0="97,116,133,11,95,122,117,64,119,128,17,55,54" hai1="13,37,83,56,123,7,114,9,4,52,72,27,18" hai2="73,131,34,96,109,15,85,129,25,124,31,112,47" hai3="33,12,100,0,44,130,92,126,66,78,87,19,106"/><V29/><F73/><W8/><G130/><N who="2" m="49673" /><F112/><W103/><G126/><T81/><D128/><U82/><E37/><V104/><F124/><W70/><G33/><T14/><D122/><U88/><E114/><V75/><F75/><W5/><G106/><T90/><D133/><U6/><E123/><V89/><F109/><W35/><G35/><T49/><D55/><U60/><E72/><V32/><F104/><W74/><G74/><T58/><D64/><U36/><E36/><V118/><F118/><W28/><G28/><N who="2" m="10825" /><F96/><W43/><G66/><T93/><D97/><U110/><E110/><V107/><F107/><W40/><G70/><T108/><D108/><U23/><E83/><V102/><F102/><W111/><G111/><T41/><D41/><U101/><E101/><V98/><F98/><W2/><G2/><T38/><D38/><U86/><AGARI ba="0,0" hai="4,6,7,9,13,18,23,27,52,56,60,82,86,88" machi="86" ten="30,7900,0" yaku="0,1,8,1,54,2" doraHai="45" who="1" fromWho="1" sc="265,-20,203,79,312,-39,220,-20" /><INIT seed="3,0,0,3,2,126" ten="245,282,273,200" oya="3" hai0="129,16,101,19,70,100,56,23,33,25,79,69,21" hai1="113,124,105,84,67,112,110,14,29,121,4,0,73" hai2="65,71,32,133,59,117,68,58,83,102,63,13,50" hai3="118,51,74,80,11,12,1,115,40,28,64,47,85"/><W122/><G118/><T92/><D79/><U95/><E121/><V114/><F32/><W2/><G122/><T39/><D33/><U119/><E67/><V135/><F102/><W116/><G116/><T10/><D10/><U53/><E119/><V45/><F13/><W26/><G115/><T82/><D82/><U17/><E105/><V111/><F83/><W31/><G74/><T20/><D23/><U127/><E73/><V38/><F117/><W37/><G64/><T90/><D39/><U57/><E29/><V87/><F87/><W7/><G37/><T36/><D36/><U128/><E110/><V49/><F114/><W55/><G55/><T134/><D56/><N who="2" m="21546" /><F111/><W99/><G99/><T60/><D60/><U132/><E132/><N who="2" m="50763" /><F71/><W86/><G31/><T75/><D134/><U30/><E30/><V120/><F120/><W81/><G86/><T43/><D75/><U61/><E0/><V130/><F130/><W125/><G81/><T107/><D129/><U54/><E128/><V42/><AGARI ba="0,0" hai="38,42,45,49,50,63,65,68" m="50763,21546" machi="42" ten="30,4000,0" yaku="20,1,34,2" doraHai="126" who="2" fromWho="2" sc="245,-10,282,-10,273,40,200,-20" /><INIT seed="4,0,0,2,1,77" ten="235,272,313,180" oya="0" hai0="33,68,73,21,102,1,124,72,115,131,107,42,103" hai1="90,123,30,18,66,104,40,57,11,55,15,28,35" hai2="65,62,81,97,99,53,27,36,122,69,91,16,39" hai3="85,47,78,109,2,48,67,129,86,50,119,51,45"/><T110/><RYUUKYOKU type="yao9" ba="0,0" sc="235,0,272,0,313,0,180,0" hai0="1,21,33,42,68,72,73,102,103,107,110,115,124,131" /><INIT seed="4,1,0,3,2,118" ten="235,272,313,180" oya="0" hai0="79,66,101,77,64,120,67,87,119,78,134,34,9" hai1="27,57,40,115,89,30,113,53,106,127,98,37,4" hai2="46,75,74,15,70,21,103,10,69,121,73,93,49" hai3="71,22,12,133,42,88,47,63,122,51,128,41,65"/><T85/><D119/><U129/><E4/><V2/><F2/><W54/><G133/><T104/><D134/><U16/><E129/><V18/><F121/><W102/><G128/><T33/><D9/><U97/><E127/><V91/><F103/><W68/><G102/><T36/><D36/><U14/><E37/><V132/><F132/><W108/><G108/><T105/><D101/><U72/><E40/><N who="3" m="15466" /><G88/><T7/><D7/><U86/><E72/><V125/><F125/><W114/><G22/><T23/><D23/><U124/><E124/><V48/><F10/><W60/><G12/><T112/><D120/><U13/><E13/><V135/><F135/><W38/><G122/><T76/><D112/><N who="1" m="43083" /><E27/><V19/><F19/><W80/><G80/><T131/><D131/><U39/><E30/><V107/><F107/><N who="0" m="41034" /><D78/><U116/><E39/><V99/><F48/><W111/><G114/><T35/><AGARI ba="1,0" hai="33,34,35,64,66,67,76,77,79,85,87" m="41034" machi="35" ten="50,12000,1" yaku="29,2,28,2" doraHai="118" who="0" fromWho="0" sc="235,123,272,-41,313,-41,180,-41" /><INIT seed="4,2,0,5,2,89" ten="358,231,272,139" oya="0" hai0="20,85,99,125,72,71,118,15,1,62,16,106,134" hai1="8,10,58,54,116,130,126,113,81,79,47,86,87" hai2="24,119,132,135,22,109,48,18,3,42,36,30,45" hai3="104,107,67,43,23,75,108,17,84,78,103,38,37"/><T12/><D1/><U76/><E116/><V52/><F3/><W91/><G108/><T105/><D72/><U21/><E130/><V115/><F119/><W32/><G32/><T60/><D118/><U7/><E126/><V114/><F109/><W70/><G70/><T44/><D125/><U33/><E33/><V111/><F111/><W95/><G67/><T13/><D134/><N who="2" m="51242" /><F30/><W46/><G38/><T93/><D85/><U80/><E113/><N who="2" m="43019" /><F36/><W57/><G57/><T73/><D73/><U98/><E21/><V53/><AGARI ba="2,0" hai="18,22,24,42,45,48,52,53" m="43019,51242" machi="53" ten="40,5200,0" yaku="20,1,15,1,54,1" doraHai="89" who="2" fromWho="2" sc="358,-28,231,-15,272,58,139,-15" /><INIT seed="5,0,0,5,0,35" ten="330,216,330,124" oya="1" hai0="2,72,17,85,46,74,69,73,14,117,57,122,32" hai1="13,8,87,116,20,34,66,59,67,84,52,22,79" hai2="6,16,71,62,7,125,30,60,12,4,135,100,128" hai3="45,27,124,29,26,68,15,134,96,113,51,11,95"/><U39/><E116/><V38/><F38/><W65/><G134/><T80/><D32/><U114/><E39/><V25/><F135/><W78/><G124/><T106/><D69/><U89/><E34/><V36/><F36/><W127/><G127/><T56/><D106/><U75/><E75/><V120/><F120/><W3/><G113/><T115/><D115/><U54/><E114/><V43/><F43/><W58/><G68/><T121/><D2/><U111/><E111/><V130/><F100/><W105/><G105/><T81/><D46/><U10/><E13/><V104/><F104/><W99/><G78/><T119/><D14/><U21/><E59/><N who="0" m="22601" /><D17/><U132/><E132/><V24/><F125/><W133/><G133/><T90/><D85/><U63/><E63/><V93/><F93/><W47/><G47/><T101/><D90/><U91/><E22/><V9/><F71/><W19/><G3/><T1/><D101/><U126/><E126/><V55/><F55/><N who="3" m="30191" /><G29/><T109/><D1/><U108/><E108/><V76/><F76/><AGARI ba="0,0" hai="8,10,20,21,52,54,66,67,76,79,84,87,89,91" machi="76" ten="25,9600,0" yaku="22,2,8,1,54,1" doraHai="35" who="1" fromWho="2" sc="330,0,216,96,330,-96,124,0" /><INIT seed="5,1,0,3,2,95" ten="330,312,234,124" oya="1" hai0="89,123,57,7,4,76,70,10,35,14,3,118,69" hai1="91,115,106,93,62,74,96,71,30,79,135,107,26" hai2="9,38,129,52,101,85,23,78,56,97,102,68,131" hai3="104,49,28,31,19,48,103,1,5,77,124,36,125"/><U54/><E115/><V13/><F68/><W72/><G36/><T110/><D35/><U64/><E135/><V12/><F38/><W44/><G19/><T47/><D118/><U87/><E74/><V65/><F65/><W111/><G111/><T66/><D110/><U29/><E29/><V98/><F129/><W63/><G63/><T126/><D123/><U84/><E54/><V127/><F127/><N who="3" m="48715" /><G77/><T15/><D76/><U8/><E8/><V83/><F131/><W6/><G72/><T67/><D10/><U99/><E107/><V86/><F86/><W40/><G49/><T21/><D126/><U20/><E106/><V58/><F58/><W100/><G100/><N who="2" m="38505" /><F23/><W116/><G116/><T108/><D21/><U117/><E117/><V121/><F121/><W51/><G51/><T105/><D57/><U59/><E71/><V82/><F82/><AGARI ba="1,0" hai="20,26,30,59,62,64,79,82,84,87,91,93,96,99" machi="82" ten="40,7700,0" yaku="8,1,52,2" doraHai="95" who="1" fromWho="2" sc="330,0,312,80,234,-80,124,0" /><INIT seed="5,2,0,5,1,35" ten="330,392,154,124" oya="1" hai0="12,101,63,36,121,44,13,19,58,108,122,67,53" hai1="3,45,17,76,90,0,75,97,135,88,20,113,111" hai2="27,120,84,46,96,119,61,22,47,51,102,134,15" hai3="132,116,78,56,50,37,32,21,4,5,11,77,110"/><U92/><E111/><V98/><F120/><W72/><G110/><T79/><D108/><U70/><E70/><V129/><F119/><W105/><G32/><T57/><D79/><U33/><E33/><V94/><F134/><W30/><G37/><T123/><D101/><U34/><E34/><V125/><F129/><W80/><G132/><T99/><D99/><U10/><E135/><V103/><F125/><W69/><G69/><T71/><D19/><U64/><E64/><V109/><F109/><W16/><G116/><T133/><D133/><U87/><E113/><V89/><F15/><N who="3" m="7295" /><G72/><T41/><REACH who="0" step="1"/><D58/><REACH who="0" ten="320,392,154,124" step="2"/><U107/><E76/><V83/><F98/><W73/><G73/><T66/><D66/><U52/><E75/><V86/><F102/><W43/><G105/><T127/><D127/><U54/><E107/><V104/><F104/><W14/><G56/><T131/><D131/><U112/><E112/><V74/><F74/><W115/><G115/><T62/><AGARI ba="2,1" hai="12,13,36,41,44,53,57,62,63,67,71,121,122,123" machi="62" ten="40,8000,1" yaku="1,1,0,1,13,1,53,1" doraHai="35" doraHaiUra="48" who="0" fromWho="0" sc="320,96,392,-42,154,-22,124,-22" /><INIT seed="6,0,0,5,0,126" ten="416,350,132,102" oya="2" hai0="37,102,133,8,127,75,48,9,81,92,79,31,76" hai1="74,11,129,121,67,104,58,109,108,107,130,18,114" hai2="80,55,23,36,21,134,71,115,82,3,89,65,64" hai3="125,17,10,124,16,90,110,112,7,1,35,88,106"/><V43/><F3/><W84/><G110/><T61/><D127/><N who="3" m="48713" /><G112/><T15/><D37/><U5/><E74/><V32/><F32/><W51/><G106/><N who="1" m="40490" /><E18/><N who="3" m="7274" /><G35/><T29/><D75/><U123/><E114/><V120/><F120/><N who="1" m="46153" /><E58/><V131/><F131/><N who="1" m="50185" /><E67/><V72/><F115/><W96/><G96/><T13/><D8/><U50/><E50/><V44/><F134/><W94/><G51/><T49/><D48/><U57/><E57/><V83/><F72/><W45/><G90/><T53/><D49/><U78/><E78/><V25/><F55/><W54/><G54/><T40/><D53/><U56/><E56/><V93/><F71/><W19/><N who="3" m="7282" /><W103/><DORA hai="20" /><G103/><T118/><D102/><U122/><E122/><V101/><F101/><W2/><G2/><AGARI ba="0,0" hai="2,5,11,108,109" m="50185,46153,40490" machi="2" ten="40,12000,2" yaku="13,1,19,1,23,1,52,3" doraHai="126,20" who="1" fromWho="3" sc="416,0,350,120,132,0,102,-120" owari="416,22.0,470,57.0,132,-27.0,-18,-52.0" /></mjloggm>