<mjloggm ver="2.3"><GO type="97" lobby="0"/><UN n0="%73%69%6E%6B%69%72%6F%75" n1="%E6%9C%88%E3%83%9F%E7%85%A7%E2%98%86" n2="%E5%91%B3%E3%82%8F%E3%81%84%E3%82%AB%E3%83%AA%E3%83%B3" n3="%E3%83%88%E3%83%88%E3%83%AA%E5%85%88%E7%94%9F%31%39%E6%AD%B3" dan="13,15,15,15" rate="1891.73,1991.48,1952.14,2026.91" sx="M,M,F,F"/><TAIKYOKU oya="0"/><INIT seed="0,0,0,5,4,41" ten="250,250,250,250" oya="0" hai0="34,13,51,36,95,121,62,64,128,0,103,46,61" hai1="118,59,124,122,111,125,130,116,50,7,11,37,56" hai2="49,72,119,28,102,6,40,53,79,134,83,114,85" hai3="16,4,23,87,94,75,97,77,132,84,1,69,112"/><T55/><D0/><U105/><E105/><V98/><F114/><W18/><G112/><T133/><D34/><U17/><E37/><V14/><F28/><W92/><G69/><T115/><D115/><U5/><E122/><V81/><F40/><W90/><G132/><T52/><D121/><U39/><E39/><V123/><F134/><W45/><G75/><T89/><D133/><U110/><E17/><V33/><F33/><W25/><G1/><T35/><D35/><U60/><E50/><V99/><F123/><W73/><G4/><T74/><D74/><U31/><E31/><V107/><F119/><W101/><G73/><T82/><D128/><U47/><E60/><N who="0" m="23145" /><D36/><U48/><E48/><V100/><F14/><W27/><G45/><T65/><D55/><U32/><E32/><V26/><F26/><W57/><G57/><N who="1" m="22090" /><E47/><V80/><F6/><N who="1" m="2057" /><E11/><V70/><F70/><W117/><G117/><N who="1" m="45162" /><E130/><V15/><F15/><W12/><G18/><T108/><D108/><AGARI ba="0,0" hai="108,110,111,124,125" m="45162,2057,22090" machi="108" ten="40,5200,0" yaku="28,2,14,1" doraHai="41" who="1" fromWho="0" sc="250,-52,250,52,250,0,250,0" /><INIT seed="1,0,0,4,5,133" ten="198,302,250,250" oya="1" hai0="99,93,78,79,12,113,22,42,13,85,105,123,135" hai1="44,25,9,126,75,100,40,30,111,80,72,112,39" hai2="31,120,5,52,33,47,34,32,98,38,110,132,62" hai3="35,74,63,1,127,20,54,104,101,18,114,88,37"/><U56/><E112/><V83/><F120/><W29/><G114/><T117/><D113/><U106/><E111/><V90/><F5/><W129/><G1/><T2/><D2/><U108/><E108/><V55/><F55/><W45/><G74/><T95/><D117/><U68/><E68/><V69/><F31/><W26/><G129/><T50/><D42/><U19/><E56/><V96/><F110/><W103/><G104/><T130/><D50/><U6/><E19/><V76/><F132/><W91/><G127/><T14/><D135/><U102/><E126/><V43/><F90/><W73/><G73/><T86/><D130/><U36/><E36/><V7/><F7/><W64/><G103/><T3/><D3/><N who="1" m="223" /><E106/><V65/><REACH who="2" step="1"/><F52/><REACH who="2" ten="198,302,240,250" step="2"/><W61/><G101/><T92/><D123/><U49/><E102/><V128/><F128/><W0/><G0/><T66/><D66/><U107/><E100/><V11/><F11/><W41/><G54/><T23/><D105/><U70/><E107/><V15/><F15/><W82/><G61/><T58/><D58/><U27/><E30/><V46/><F46/><W125/><G125/><T115/><D115/><U84/><E44/><V134/><F134/><W109/><G109/><T8/><D8/><U28/><E28/><V67/><F67/><W131/><G131/><T116/><D116/><U71/><E71/><V118/><F118/><W122/><G122/><T121/><D121/><U4/><E70/><V17/><F17/><W94/><G35/><T77/><D99/><U48/><E4/><V119/><F119/><W24/><G45/><RYUUKYOKU ba="0,1" sc="198,15,302,-15,240,15,250,-15" hai0="12,13,14,22,23,77,78,79,85,86,92,93,95" hai2="32,33,34,38,43,47,62,65,69,76,83,96,98" /><INIT seed="2,1,1,0,3,124" ten="213,287,255,235" oya="2" hai0="118,130,86,81,128,117,62,109,10,70,92,108,88" hai1="60,20,90,50,17,77,2,79,1,74,43,85,14" hai2="83,63,119,34,56,123,80,55,12,64,132,23,111" hai3="21,75,4,51,97,22,8,65,31,18,66,44,67"/><V9/><F34/><W46/><G75/><T115/><D10/><U94/><E60/><V15/><F119/><N who="0" m="45578" /><D115/><U38/><E38/><V29/><F123/><W131/><G131/><N who="0" m="50219" /><D70/><U122/><E122/><V27/><F132/><W3/><G51/><T40/><D40/><U39/><E39/><V41/><F41/><W133/><G133/><T103/><D62/><U58/><E74/><V28/><F111/><W68/><G68/><T16/><D16/><U78/><E43/><V7/><F29/><W33/><G18/><T98/><AGARI ba="1,1" hai="81,86,88,92,98,103,108,109" m="50219,45578" machi="98" ten="40,16000,3" yaku="12,1,19,1,34,2,52,3,54,1" doraHai="124" who="0" fromWho="0" sc="213,173,287,-41,255,-81,235,-41" /><INIT seed="3,0,0,5,1,63" ten="386,246,174,194" oya="3" hai0="26,43,53,8,94,41,28,59,17,39,10,79,51" hai1="113,78,115,128,131,68,49,18,69,7,75,86,110" hai2="40,117,80,3,24,99,21,74,100,35,31,36,96" hai3="25,71,38,60,48,135,101,123,4,108,15,11,12"/><W65/><G123/><T133/><D133/><U50/><E75/><V97/><F117/><W84/><G38/><T73/><D39/><U42/><E7/><V54/><F3/><W20/><G135/><T52/><D79/><U87/><E18/><V2/><F2/><W32/><G108/><T64/><D73/><U121/><E78/><V81/><F74/><W16/><G101/><T34/><D64/><U112/><E112/><V22/><F100/><W6/><G32/><T56/><D94/><U0/><E0/><V120/><F120/><W102/><G102/><T83/><D83/><U29/><E121/><V23/><F36/><W109/><G109/><T126/><D126/><U58/><E58/><V88/><F40/><W76/><G76/><T114/><D114/><U111/><E29/><V14/><F54/><W70/><G84/><T33/><D34/><U66/><E42/><V67/><F14/><W130/><G130/><T118/><D118/><U124/><E124/><V119/><F119/><W90/><G90/><T95/><D95/><U122/><E122/><V116/><F116/><W27/><G70/><T104/><D104/><U19/><E19/><V125/><F125/><W127/><G127/><T77/><D77/><U89/><E89/><V103/><F103/><W45/><G6/><T46/><D46/><U107/><E107/><V9/><F9/><W82/><G82/><T85/><D85/><U57/><E57/><V105/><F105/><W30/><G30/><T134/><D134/><U62/><E62/><V91/><F67/><AGARI ba="0,0" hai="49,50,66,67,68,69,86,87,110,111,113,115,128,131" machi="67" ten="25,6400,0" yaku="22,2,52,2" doraHai="63" who="1" fromWho="2" sc="386,0,246,64,174,-64,194,0" owari="386,49.0,310,11.0,110,-39.0,194,-21.0" /></mjloggm>