<mjloggm ver="2.3"><GO type="41" lobby="0"/><UN n0="%E3%82%8F%E3%81%9F%E3%81%86%E3%83%BC%E3%81%B4%E3%82%93" n1="%E5%B0%B1%E6%B4%BB%E7%94%9F%40%E5%B7%9D%E6%9D%91%E8%BB%8D%E5%9B%A3" n2="%4E%2E%4B%3B" n3="%68%61%6C%61%73%79" dan="13,16,15,15" rate="1895.85,2162.92,2033.95,1964.57" sx="M,M,M,F"/><TAIKYOKU oya="0"/><INIT seed="0,0,0,1,2,9" ten="250,250,250,250" oya="0" hai0="78,10,57,119,110,7,92,29,67,82,18,52,61" hai1="38,121,72,77,17,69,35,115,31,33,99,37,14" hai2="84,15,107,54,128,94,102,5,130,73,122,90,28" hai3="23,68,126,6,106,20,40,42,30,2,129,95,43"/><T27/><D119/><U66/><E121/><V96/><F122/><W79/><G106/><T83/><D18/><U62/><E115/><V11/><F28/><W109/><G126/><T103/><D110/><U114/><E114/><V53/><REACH who="2" step="1"/><F73/><REACH who="2" ten="250,250,240,250" step="2"/><W113/><G109/><T4/><D29/><U12/><E31/><V117/><F117/><W125/><G30/><T70/><D4/><U25/><E35/><V58/><F58/><W46/><G6/><T63/><D78/><U131/><E33/><V104/><F104/><W39/><G79/><T26/><D26/><U60/><E77/><V120/><F120/><W116/><G113/><T112/><D27/><U76/><E76/><V89/><F89/><W91/><G116/><T74/><D74/><U13/><E72/><V22/><F22/><W8/><G91/><T47/><D112/><U50/><E25/><V133/><F133/><W48/><G20/><T24/><D24/><U132/><E132/><V105/><F105/><W21/><G23/><T16/><D47/><U101/><E101/><V80/><F80/><W127/><G21/><T81/><D7/><U135/><E69/><V93/><F93/><W88/><G46/><T55/><D81/><U123/><E135/><V108/><F108/><W3/><G68/><T124/><D82/><U100/><E123/><V85/><F85/><W75/><G88/><T97/><D83/><U34/><E100/><V64/><F64/><W59/><G75/><T49/><D70/><U65/><E66/><V41/><F41/><W118/><G42/><T1/><D67/><U56/><E65/><RYUUKYOKU ba="0,1" sc="250,-10,250,-10,240,30,250,-10" hai2="5,11,15,53,54,84,90,94,96,102,107,128,130" /><INIT seed="1,1,1,1,1,75" ten="240,240,270,240" oya="1" hai0="31,35,130,2,6,39,82,94,95,8,109,21,63" hai1="84,104,89,51,114,101,9,43,53,40,25,46,38" hai2="17,42,68,30,135,57,60,33,26,93,108,113,29" hai3="24,0,59,80,102,90,125,83,54,5,119,28,127"/><U81/><E114/><V52/><F113/><W129/><G119/><T62/><D109/><U69/><E69/><V99/><F108/><W70/><G70/><T14/><D130/><U7/><E25/><V115/><F115/><W121/><G121/><T15/><D39/><U11/><E11/><V79/><F135/><W77/><G129/><T32/><D32/><U98/><REACH who="1" step="1"/><E38/><REACH who="1" ten="240,230,270,240" step="2"/><V91/><F68/><W85/><G24/><T1/><D8/><U18/><E18/><V12/><F30/><W131/><G28/><T27/><D31/><U120/><E120/><V133/><F133/><W106/><G131/><T117/><D27/><U97/><E97/><V107/><F107/><W116/><G116/><T100/><D117/><U37/><E37/><V86/><F42/><W64/><G5/><T10/><D6/><U126/><E126/><V34/><F34/><W92/><G127/><T50/><D35/><U4/><E4/><V105/><F105/><W78/><G125/><T71/><D10/><U22/><E22/><V58/><F99/><W72/><G106/><T67/><D21/><U47/><E47/><V13/><F17/><W3/><G3/><AGARI ba="1,2" hai="3,7,9,40,43,46,51,53,81,84,89,98,101,104" machi="3" ten="30,2900,0" yaku="1,1,7,1,53,0" doraHai="75" doraHaiUra="134" who="1" fromWho="3" sc="240,0,230,52,270,0,240,-32" /><INIT seed="1,2,0,2,4,14" ten="240,282,270,208" oya="1" hai0="133,10,75,112,119,100,3,102,88,83,95,125,134" hai1="91,4,110,94,17,1,18,46,63,25,81,126,93" hai2="56,98,116,20,35,74,123,101,97,47,129,108,78" hai3="61,8,50,103,38,48,72,7,44,127,67,23,113"/><U53/><E126/><V26/><F123/><W11/><G113/><T70/><D70/><U73/><E1/><V115/><F116/><W57/><G72/><T132/><D10/><U31/><E110/><V99/><F115/><W36/><G127/><T29/><D112/><U60/><E73/><V51/><F108/><W27/><G50/><T16/><D3/><U65/><E4/><V42/><F129/><W105/><G11/><T124/><D29/><U118/><E118/><V39/><F35/><W68/><G103/><N who="0" m="39467" /><D119/><U122/><E122/><V69/><F69/><W107/><G105/><T6/><D6/><U13/><E13/><V43/><F78/><W32/><G32/><T9/><D83/><U87/><E31/><V59/><F74/><W37/><G107/><T90/><D75/><U121/><E121/><V76/><F76/><W135/><G135/><T80/><D80/><U77/><E25/><V28/><F101/><W89/><G89/><N who="0" m="34411" /><D95/><N who="1" m="36363" /><E77/><V30/><F30/><W62/><G37/><T66/><D66/><U33/><E33/><V85/><F85/><W82/><G82/><T40/><D40/><N who="2" m="15402" /><F39/><W0/><G38/><T58/><D58/><N who="1" m="37015" /><E63/><V54/><AGARI ba="2,0" hai="20,26,28,47,51,54,56,59,97,98,99" m="15402" machi="54" ten="30,1100,0" yaku="8,1" doraHai="14" who="2" fromWho="2" sc="240,-5,282,-7,270,17,208,-5" /><INIT seed="2,0,0,4,1,73" ten="235,275,287,203" oya="2" hai0="135,88,99,64,27,114,83,119,78,103,132,23,28" hai1="26,90,100,13,104,34,75,50,41,122,98,77,54" hai2="127,17,133,130,10,125,115,19,49,51,80,9,94" hai3="20,86,52,108,109,40,14,65,47,63,37,42,58"/><V30/><F115/><W79/><G40/><T21/><D114/><U82/><E122/><V55/><F30/><W57/><G20/><N who="0" m="15463" /><D119/><U53/><E90/><V123/><F123/><W66/><G14/><T72/><D64/><U95/><E104/><V70/><F70/><W60/><REACH who="3" step="1"/><G66/><REACH who="3" ten="235,275,287,193" step="2"/><T113/><D113/><U84/><E41/><V97/><F133/><N who="0" m="51274" /><D88/><U3/><E3/><V0/><F130/><W126/><G126/><T120/><D120/><U105/><E13/><V106/><F0/><W48/><G48/><T61/><D61/><U59/><E26/><V46/><F125/><W128/><G128/><T33/><D33/><U29/><E34/><V7/><F127/><W15/><G15/><T129/><D129/><U6/><E50/><V18/><F7/><W39/><G39/><T124/><D124/><U4/><E4/><V74/><F106/><AGARI ba="0,1" hai="21,23,72,78,83,99,103,106" m="51274,15463" machi="106" ten="30,2000,0" yaku="20,1,52,1" doraHai="73" who="0" fromWho="2" sc="235,30,275,0,287,-20,193,0" /><INIT seed="3,0,0,1,2,56" ten="265,275,267,193" oya="3" hai0="104,109,75,126,44,57,72,80,82,94,42,55,68" hai1="13,131,28,40,77,114,41,100,2,22,31,24,48" hai2="90,103,45,16,52,89,43,30,125,88,17,54,105" hai3="117,58,71,53,96,6,124,63,62,50,112,14,3"/><W83/><G117/><T70/><D104/><U35/><E2/><V116/><F116/><W76/><G112/><T38/><D109/><U59/><E114/><V101/><F105/><W61/><G124/><T32/><D126/><U15/><E131/><V29/><F125/><W95/><G3/><T46/><D32/><U102/><E77/><V87/><F87/><N who="3" m="48615" /><G71/><T93/><D57/><U8/><E31/><N who="2" m="11787" /><F43/><N who="1" m="16457" /><E35/><V47/><F45/><N who="3" m="27855" /><G14/><N who="1" m="5130" /><E8/><V120/><F120/><W119/><G6/><T20/><D42/><U33/><E33/><V60/><F60/><W19/><G19/><N who="2" m="7241" /><F47/><W69/><G69/><T64/><D20/><U66/><E66/><V130/><F130/><W129/><G129/><T74/><D64/><U39/><E39/><V27/><F27/><W84/><G84/><T110/><D75/><U123/><E123/><V132/><F132/><W23/><G23/><T11/><D110/><U135/><E135/><V79/><F79/><W1/><G1/><T0/><D0/><U127/><E127/><V49/><F49/><W118/><G119/><T81/><D38/><U7/><E7/><V78/><F78/><W25/><G25/><T99/><D68/><U51/><E51/><V133/><F133/><W34/><G34/><T108/><D70/><U115/><E115/><V91/><N who="2" m="23040" /><DORA hai="65" /><V86/><F86/><W9/><G118/><T18/><D108/><U97/><E97/><V26/><F26/><W5/><G58/><T67/><D72/><U122/><E122/><V107/><F107/><W85/><G85/><T98/><D99/><U10/><E10/><V36/><F36/><RYUUKYOKU ba="0,0" sc="265,-15,275,15,267,15,193,-15" hai1="22,24,28,48,59,100,102" hai2="52,54,101,103" /><INIT seed="4,1,0,0,5,75" ten="250,290,282,178" oya="0" hai0="18,103,118,29,43,98,89,95,38,63,35,39,80" hai1="46,96,69,117,120,134,51,121,105,31,1,56,11" hai2="40,133,119,76,128,74,68,126,37,72,109,48,88" hai3="86,130,97,7,20,104,108,122,45,23,77,90,87"/><T9/><D118/><U124/><E69/><V102/><F48/><W129/><G122/><T21/><D43/><U83/><E117/><V99/><F88/><W135/><G108/><T4/><D35/><U15/><E1/><V49/><F49/><W116/><G116/><T8/><D29/><U22/><E124/><V41/><F119/><W17/><G7/><T113/><D113/><U132/><E56/><V28/><F126/><W27/><G130/><T2/><D9/><U100/><E83/><V131/><F40/><W60/><G135/><N who="1" m="51754" /><E22/><V58/><F58/><W101/><G129/><N who="2" m="49737" /><F133/><W91/><G45/><T125/><D63/><U111/><E111/><V3/><F28/><W112/><G60/><T71/><D71/><U19/><E31/><V6/><F109/><W123/><G123/><T93/><D80/><U32/><E32/><V34/><F34/><W54/><G112/><T47/><D47/><U64/><E64/><V24/><F24/><W106/><G54/><AGARI ba="1,0" hai="11,15,19,46,51,54,96,100,105,120,121" m="51754" machi="54" ten="30,1000,0" yaku="20,1" doraHai="75" who="1" fromWho="3" sc="250,0,290,13,282,0,178,-13" /><INIT seed="5,0,0,3,2,77" ten="250,303,282,165" oya="1" hai0="34,80,121,130,19,23,65,134,117,83,20,40,105" hai1="35,128,8,13,135,54,10,56,60,63,24,6,132" hai2="106,127,51,70,97,15,98,21,81,88,125,16,133" hai3="50,119,123,126,29,84,93,37,131,68,62,102,87"/><U111/><E128/><V22/><F70/><W92/><G123/><T75/><D117/><U32/><E111/><V61/><F106/><W89/><G119/><T73/><D34/><N who="1" m="12843" /><E60/><V95/><F133/><N who="1" m="51273" /><E24/><V122/><F122/><W18/><G126/><N who="2" m="48137" /><F61/><W66/><G37/><T94/><D134/><U28/><E28/><V107/><F51/><W115/><G131/><T44/><D105/><U47/><E47/><V71/><F71/><W31/><G115/><T64/><D130/><U5/><E10/><N who="2" m="6263" /><F107/><W4/><G50/><N who="0" m="26887" /><D73/><U103/><E103/><V104/><F104/><W7/><G102/><T43/><D75/><U9/><E9/><V52/><F52/><W85/><G68/><T129/><D121/><U96/><E96/><V17/><F98/><W78/><G78/><T124/><D124/><U74/><E74/><V118/><F118/><W57/><G93/><T55/><D43/><U11/><E11/><V101/><F17/><AGARI ba="0,0" hai="5,6,8,13,17,54,56,63" m="51273,12843" machi="17" ten="30,1500,0" yaku="20,1" doraHai="77" who="1" fromWho="2" sc="250,0,303,15,282,-15,165,0" /><INIT seed="5,1,0,4,5,112" ten="250,318,267,165" oya="1" hai0="28,41,53,54,1,67,84,8,25,24,99,79,40" hai1="19,102,74,36,83,59,120,86,133,104,6,3,62" hai2="42,18,85,113,66,124,63,70,12,89,65,134,110" hai3="30,2,103,115,26,101,15,87,56,73,31,78,32"/><U47/><E120/><V116/><F113/><W109/><G115/><T92/><D67/><U49/><E74/><V23/><F110/><W21/><G73/><T114/><D114/><U29/><E133/><V5/><F134/><W117/><G109/><T129/><D129/><U90/><E36/><V77/><F124/><W95/><G2/><T96/><D1/><U123/><E123/><V7/><F116/><W11/><G32/><T13/><D79/><U119/><E29/><V80/><F42/><N who="0" m="16490" /><D84/><U27/><E6/><V81/><REACH who="2" step="1"/><F66/><REACH who="2" ten="250,318,257,165" step="2"/><W22/><G117/><T105/><D53/><U38/><E38/><V9/><F9/><W82/><G11/><T125/><D54/><U46/><E46/><V45/><F45/><W55/><G55/><T111/><D125/><U107/><E47/><V20/><F20/><W48/><G22/><T121/><D111/><U98/><E59/><V60/><F60/><W135/><G56/><T58/><D121/><U94/><E62/><V35/><F35/><W10/><G21/><T72/><D58/><U130/><E49/><V91/><F91/><W131/><G48/><T128/><D128/><U68/><E119/><V127/><F127/><W0/><G131/><T39/><D39/><U75/><E130/><V126/><F126/><W97/><G135/><T52/><D52/><U17/><E90/><V33/><F33/><W51/><G51/><T93/><D8/><U44/><E44/><V16/><F16/><W69/><G10/><T64/><D64/><U118/><E19/><V100/><F100/><W4/><G101/><T50/><D50/><RYUUKYOKU ba="1,1" sc="250,-10,318,-10,257,30,165,-10" hai2="5,7,12,18,23,63,65,70,77,80,81,85,89" /><INIT seed="6,2,1,4,2,97" ten="240,308,287,155" oya="2" hai0="120,70,23,89,37,112,28,74,91,59,90,17,130" hai1="66,36,44,6,3,58,68,105,15,127,5,19,41" hai2="53,29,132,22,100,124,38,115,103,96,128,119,107" hai3="4,54,25,84,121,92,45,0,95,71,85,16,11"/><V78/><F119/><W77/><G121/><T131/><D70/><U109/><E109/><V80/><F38/><W40/><G71/><T30/><D120/><U24/><E127/><V65/><F124/><W135/><G135/><T52/><D112/><U99/><E3/><V117/><F117/><W123/><G123/><T88/><D74/><U56/><E24/><V76/><F132/><W14/><G25/><N who="0" m="14575" /><D37/><U55/><E68/><V83/><F128/><N who="0" m="49194" /><D91/><U87/><E66/><V10/><F65/><W18/><G18/><T46/><D46/><U32/><E58/><V93/><F10/><W116/><G116/><T73/><D73/><U108/><E32/><V60/><F53/><W67/><G67/><T57/><D57/><U133/><E133/><V69/><F60/><AGARI ba="2,1" hai="28,30,52,59,60,88,89,90" m="49194,14575" machi="60" ten="30,3900,0" yaku="19,1,54,2" doraHai="97" who="0" fromWho="2" sc="240,55,308,0,287,-45,155,0" /><INIT seed="7,0,0,5,1,117" ten="295,308,242,155" oya="3" hai0="30,17,127,41,13,6,70,110,98,47,113,59,37" hai1="97,12,108,61,50,44,109,25,69,90,63,107,84" hai2="120,15,57,115,26,133,48,135,88,62,27,130,100" hai3="78,104,64,45,42,93,33,80,106,67,76,105,89"/><W58/><G33/><T101/><D110/><U112/><E112/><V125/><F115/><W91/><G58/><T38/><D70/><U7/><E69/><V51/><F100/><W40/><G45/><T118/><D118/><U5/><E109/><V43/><F130/><W134/><G134/><N who="2" m="51209" /><F125/><W53/><G53/><T116/><D116/><U20/><E108/><V28/><F15/><W72/><G78/><T56/><D37/><U95/><E107/><V124/><F124/><W66/><REACH who="3" step="1"/><G91/><REACH who="3" ten="295,308,242,145" step="2"/><T8/><D127/><U0/><E44/><V87/><F120/><W24/><G24/><N who="2" m="9257" /><F28/><W55/><G55/><T14/><D113/><U103/><E90/><V10/><F10/><W114/><G114/><T11/><D30/><U83/><E61/><V29/><F29/><W73/><G73/><T46/><D46/><U36/><E63/><V122/><F122/><W60/><G60/><T35/><D35/><U132/><E132/><V99/><F43/><W9/><G9/><T49/><D38/><U1/><E36/><V23/><F23/><W31/><G31/><T54/><D41/><U77/><E20/><V111/><F111/><W18/><G18/><T22/><D11/><U126/><E126/><V96/><F62/><W4/><G4/><T121/><D121/><U131/><E50/><N who="2" m="18987" /><F57/><W85/><AGARI ba="0,1" hai="40,42,64,66,67,72,76,80,85,89,93,104,105,106" machi="85" ten="40,3900,0" yaku="1,1,0,1,53,0" doraHai="117" doraHaiUra="34" who="3" fromWho="3" sc="295,-13,308,-13,242,-13,145,49" /><INIT seed="7,1,0,2,2,62" ten="282,295,229,194" oya="3" hai0="19,103,125,114,40,49,78,12,23,22,43,17,42" hai1="13,7,91,122,51,94,34,113,120,72,93,100,76" hai2="97,84,101,28,37,69,124,131,123,129,44,112,107" hai3="85,20,48,81,61,95,50,89,82,18,59,53,116"/><W110/><G110/><T86/><D125/><U36/><E36/><V67/><F124/><W4/><G4/><T135/><D135/><U33/><E33/><V80/><F112/><W21/><G116/><T6/><D114/><U119/><E34/><V87/><F123/><W98/><G82/><N who="0" m="47447" /><D103/><U128/><E128/><N who="2" m="49227" /><F28/><W14/><REACH who="3" step="1"/><G20/><REACH who="3" ten="282,295,229,184" step="2"/><N who="0" m="7723" /><D49/><U46/><E119/><V70/><F70/><W64/><G64/><T5/><D5/><U41/><E113/><V126/><F126/><W11/><G11/><AGARI ba="1,1" hai="6,11,12,17,19,40,42,43" m="7723,47447" machi="11" ten="30,1000,0" yaku="8,1" doraHai="62" who="0" fromWho="3" sc="282,23,295,0,229,0,184,-13" owari="305,40.0,295,10.0,229,-17.0,171,-33.0" /></mjloggm>