<mjloggm ver="2.3"><GO type="41" lobby="0"/><UN n0="%E4%B8%89%E4%BD%90" n1="%6D%6F%6E%6F%2D%31%34" n2="%E3%81%8A%E3%81%A8%E3%81%86%E3%81%A8%E2%99%AA" n3="%E5%B0%B1%E6%B4%BB%E7%94%9F%40%E5%B7%9D%E6%9D%91%E8%BB%8D%E5%9B%A3" dan="13,13,14,14" rate="1839.05,1838.15,1948.87,1998.28" sx="M,M,M,M"/><TAIKYOKU oya="0"/><INIT seed="0,0,0,2,2,100" ten="250,250,250,250" oya="0" hai0="0,101,72,55,69,53,109,46,124,51,59,8,5" hai1="49,14,4,88,2,91,79,44,115,107,9,82,22" hai2="54,118,37,12,92,99,128,41,71,123,43,121,42" hai3="103,113,26,50,93,58,28,40,116,66,39,130,34"/><T134/><D72/><U76/><E115/><V10/><F71/><W38/><G113/><T106/><D69/><U30/><E79/><V68/><F68/><W110/><G116/><T105/><D124/><U133/><E107/><V1/><F1/><W20/><G130/><T94/><D134/><U122/><E133/><V125/><F125/><W36/><G110/><T31/><D31/><U11/><E122/><V27/><F128/><W135/><G135/><T85/><D109/><U131/><E131/><V77/><F77/><W47/><G34/><T6/><D6/><U24/><E11/><V95/><F37/><W67/><G58/><T60/><REACH who="0" step="1"/><D85/><REACH who="0" ten="240,250,250,250" step="2"/><U32/><E32/><V3/><F118/><W65/><G36/><T112/><D112/><U108/><E108/><V35/><F123/><W132/><G132/><T96/><AGARI ba="0,1" hai="0,5,8,46,51,53,55,59,60,94,96,101,105,106" machi="96" ten="30,11700,0" yaku="1,1,0,1,52,2,53,0" doraHai="100" doraHaiUra="129" who="0" fromWho="0" sc="240,127,250,-39,250,-39,250,-39" /><INIT seed="0,1,0,4,1,43" ten="367,211,211,211" oya="0" hai0="33,128,84,119,90,53,50,12,56,45,95,63,18" hai1="67,122,85,71,132,2,17,39,15,127,106,42,72" hai2="121,133,22,31,5,24,87,134,120,68,38,93,4" hai3="116,52,49,1,48,112,77,19,58,23,79,3,75"/><T111/><D119/><U40/><E42/><V8/><F68/><W26/><G116/><T98/><D128/><U9/><E72/><V28/><F38/><W70/><G112/><T16/><D33/><U60/><E106/><V32/><F93/><W13/><G70/><T125/><D125/><U21/><E127/><V100/><F87/><W91/><G1/><T59/><D111/><U55/><E55/><V64/><F100/><W96/><G3/><T97/><D59/><U36/><E132/><N who="2" m="50795" /><F64/><W124/><G124/><T94/><D95/><U37/><E122/><N who="2" m="47211" /><F8/><W41/><G13/><T108/><D12/><U44/><E85/><V7/><F32/><W114/><G114/><T25/><D108/><U103/><E103/><V65/><F65/><W29/><G29/><AGARI ba="1,0" hai="4,5,7,22,24,28,29,31" m="47211,50795" machi="29" ten="40,5200,0" yaku="20,1,34,2" doraHai="43" who="2" fromWho="3" sc="367,0,211,0,211,55,211,-55" /><INIT seed="1,0,0,4,1,81" ten="367,211,266,156" oya="1" hai0="106,44,31,113,126,76,70,47,25,46,91,32,23" hai1="0,122,88,74,93,121,125,111,6,119,124,14,73" hai2="86,66,120,50,109,33,60,8,103,102,27,1,4" hai3="41,43,118,3,5,29,80,21,67,98,69,58,28"/><U49/><E0/><V56/><F120/><N who="1" m="46185" /><E14/><V83/><F109/><W82/><G69/><T114/><D113/><U112/><E6/><V99/><F99/><W26/><G118/><T135/><D70/><U30/><E30/><V61/><F50/><W59/><G3/><T7/><D114/><U45/><E112/><V13/><F1/><W131/><G131/><T40/><D32/><U57/><E57/><V37/><F37/><W104/><G5/><T94/><D7/><U75/><E49/><V79/><F61/><W68/><G68/><T72/><D47/><U77/><E45/><V9/><F9/><W132/><G104/><T101/><D44/><U116/><E77/><V65/><F65/><W115/><G98/><T53/><D53/><U129/><E129/><V11/><F11/><W22/><G115/><T10/><D46/><U123/><N who="1" m="46193" /><U34/><DORA hai="38" /><E34/><V55/><REACH who="2" step="1"/><F66/><REACH who="2" ten="367,211,256,156" step="2"/><W48/><G67/><T87/><D10/><U78/><E111/><V63/><F63/><W133/><G48/><T52/><D40/><U85/><E78/><V42/><F42/><W17/><G17/><T105/><D52/><U97/><E97/><V54/><F54/><W134/><G134/><T128/><D135/><U64/><E64/><V20/><F20/><W107/><G107/><T19/><D23/><U51/><E51/><V35/><F35/><W108/><G108/><T62/><D19/><U100/><E100/><V110/><F110/><W95/><G26/><T15/><D101/><U84/><E119/><V39/><F39/><W130/><G130/><T89/><D25/><RYUUKYOKU ba="0,1" sc="367,-15,211,-15,256,15,156,15" hai2="4,8,13,27,33,55,56,60,79,83,86,102,103" hai3="21,22,28,29,41,43,58,59,80,82,95,132,133" /><INIT seed="2,1,1,0,0,85" ten="352,196,271,171" oya="2" hai0="14,67,1,16,65,53,96,52,119,43,122,86,18" hai1="109,71,24,59,40,64,37,22,47,88,5,134,19" hai2="21,74,90,32,77,106,9,38,125,132,83,91,129" hai3="4,84,120,10,131,51,46,94,62,44,121,124,81"/><V42/><F32/><W104/><G104/><T7/><D122/><U48/><E134/><V57/><F106/><W105/><G105/><T113/><D113/><U20/><E109/><V39/><F132/><W28/><G124/><T34/><D34/><U118/><E5/><V100/><F100/><W117/><G131/><T17/><D1/><U23/><E118/><V128/><F125/><W115/><G117/><T102/><D119/><U29/><E71/><V108/><F108/><W101/><G115/><T60/><D43/><U68/><E68/><V61/><F21/><W45/><G28/><T6/><D86/><U49/><E37/><V56/><F56/><W12/><G62/><T79/><D79/><U63/><E49/><V82/><F82/><W135/><G135/><T130/><D130/><N who="2" m="50282" /><F9/><W33/><G33/><T35/><D35/><U36/><E36/><N who="2" m="13867" /><F42/><W73/><G120/><T99/><D102/><U123/><E123/><V93/><F93/><W76/><G121/><T116/><D116/><U114/><E114/><V75/><F75/><W95/><G95/><T127/><D127/><U25/><REACH who="1" step="1"/><E22/><REACH who="1" ten="352,186,271,171" step="2"/><V8/><F8/><W55/><G73/><T13/><D6/><U126/><E126/><V2/><F2/><W103/><G103/><T70/><D7/><U26/><E26/><V133/><F133/><W30/><G101/><T97/><D70/><U15/><E15/><V11/><F11/><W110/><G12/><T31/><D13/><U69/><E69/><V54/><AGARI ba="1,2" hai="54,57,61,74,77,83,90,91" m="13867,50282" machi="54" ten="30,6000,0" yaku="19,1,52,2" doraHai="85" who="2" fromWho="2" sc="352,-21,186,-21,271,83,171,-21" /><INIT seed="2,2,0,2,4,42" ten="331,165,354,150" oya="2" hai0="67,115,86,91,33,31,82,110,102,54,55,59,126" hai1="5,104,2,45,107,74,51,130,73,71,50,69,37" hai2="105,118,95,93,35,89,83,98,119,12,131,4,34" hai3="17,108,1,111,85,76,52,13,46,133,135,80,62"/><V53/><F105/><W61/><G1/><T79/><D110/><N who="3" m="42025" /><G62/><T122/><D115/><U14/><E14/><V63/><F83/><W75/><G75/><N who="1" m="28682" /><E51/><V19/><F4/><W129/><G129/><T48/><D122/><U41/><E50/><V125/><F131/><W120/><G120/><T97/><D126/><U78/><E78/><V113/><F113/><W49/><G61/><N who="0" m="38335" /><D31/><U6/><E6/><V117/><F125/><W106/><G106/><N who="1" m="40490" /><E130/><V60/><F95/><W10/><AGARI ba="2,0" hai="10,13,17,46,49,52,76,80,85,133,135" m="42025" machi="10" ten="30,4000,0" yaku="14,1,52,1,54,1" doraHai="42" who="3" fromWho="3" sc="331,-12,165,-12,354,-22,150,46" /><INIT seed="3,0,0,5,5,124" ten="319,153,332,196" oya="3" hai0="80,84,3,107,39,128,129,38,119,33,116,86,122" hai1="85,6,76,17,16,59,135,118,42,98,36,134,37" hai2="89,103,105,11,74,92,44,67,90,29,57,93,81" hai3="126,104,15,31,71,115,28,121,34,130,91,43,53"/><W123/><G104/><T63/><D107/><U40/><E98/><V127/><F127/><W46/><G71/><T7/><D33/><U120/><E85/><N who="0" m="32873" /><D122/><U133/><E59/><V62/><F105/><W49/><G126/><T95/><D95/><U12/><E12/><V70/><F70/><W69/><G69/><T101/><D101/><U117/><E6/><V102/><F11/><W96/><G115/><T108/><D108/><U78/><REACH who="1" step="1"/><E135/><REACH who="1" ten="319,143,332,196" step="2"/><V106/><F106/><W65/><G123/><AGARI ba="0,1" hai="16,17,36,37,40,42,76,78,117,118,120,123,133,134" machi="123" ten="25,8000,1" yaku="1,1,2,1,22,2,54,1,53,0" doraHai="124" doraHaiUra="61" who="1" fromWho="3" sc="319,0,143,90,332,0,196,-80" /><INIT seed="4,0,0,0,3,88" ten="319,233,332,116" oya="0" hai0="39,73,70,86,80,55,87,117,29,1,24,4,48" hai1="7,120,133,49,134,32,54,2,103,9,116,41,132" hai2="21,92,104,37,97,52,107,12,10,124,119,69,14" hai3="122,6,91,25,130,74,82,106,56,75,127,114,40"/><T17/><D70/><U100/><E120/><V81/><F69/><W53/><G106/><T96/><D39/><U129/><E32/><V95/><F37/><W111/><G122/><T108/><D117/><U18/><E116/><V20/><F81/><W27/><G111/><T15/><D73/><U36/><E129/><V26/><F119/><W28/><G130/><T3/><D108/><U125/><E125/><V16/><F124/><W50/><G127/><T34/><D96/><U66/><E66/><V71/><F71/><W131/><G131/><T113/><D113/><U101/><E18/><V64/><F64/><W89/><G114/><T8/><D1/><U30/><E30/><V110/><F110/><W65/><G6/><T44/><REACH who="0" step="1"/><D80/><REACH who="0" ten="309,233,332,116" step="2"/><U61/><E36/><V5/><F107/><W38/><G75/><T77/><D77/><U62/><REACH who="1" step="1"/><E41/><REACH who="1" ten="309,223,332,116" step="2"/><V13/><F104/><W126/><G40/><T22/><AGARI ba="0,2" hai="3,4,8,15,17,22,24,29,34,44,48,55,86,87" machi="22" ten="20,12000,1" yaku="1,1,0,1,7,1,24,2,53,0" doraHai="88" doraHaiUra="58" who="0" fromWho="0" sc="309,140,223,-40,332,-40,116,-40" /><INIT seed="4,1,0,1,4,62" ten="449,183,292,76" oya="0" hai0="100,40,45,15,77,43,28,54,17,27,114,112,116" hai1="18,5,10,33,108,87,69,96,135,25,120,111,95" hai2="98,11,19,32,61,127,49,63,46,88,73,118,3" hai3="44,122,29,121,35,123,26,22,128,16,125,83,97"/><T86/><D116/><U89/><E120/><V59/><F32/><W66/><G125/><T79/><D100/><U113/><E69/><V60/><F73/><W57/><G128/><T110/><D54/><U93/><E135/><V38/><F38/><W78/><G44/><T51/><D40/><U85/><E85/><V101/><F101/><W13/><G97/><T80/><D110/><U133/><E133/><V30/><F30/><W71/><G71/><T56/><D56/><U39/><E39/><V130/><F130/><W42/><G42/><T106/><D106/><U23/><E33/><V41/><F3/><W74/><G57/><T7/><D7/><U24/><E25/><V115/><F115/><W0/><G0/><T8/><REACH who="0" step="1"/><D79/><REACH who="0" ten="439,183,292,76" step="2"/><U55/><E55/><N who="2" m="33919" /><F118/><W68/><G68/><T131/><D131/><U107/><E107/><V102/><F102/><W76/><G76/><T6/><D6/><U34/><E111/><V50/><F127/><W4/><G4/><T47/><D47/><U104/><E104/><V94/><F50/><W117/><G117/><T64/><D64/><AGARI ba="1,1" hai="13,16,22,26,29,35,64,66,74,78,83,121,122,123" machi="64" ten="40,8000,1" yaku="13,1,52,2,54,1" doraHai="62" who="3" fromWho="0" sc="439,-83,183,0,292,0,76,93" /><INIT seed="5,0,0,2,3,95" ten="356,183,292,169" oya="1" hai0="76,62,115,94,107,20,48,110,66,55,125,108,38" hai1="131,60,13,78,122,0,75,129,4,128,77,92,29" hai2="37,65,19,100,45,11,111,52,83,40,97,26,67" hai3="23,1,61,113,126,15,93,5,72,6,12,7,82"/><U98/><E0/><V112/><F111/><W28/><G113/><T3/><D107/><U106/><E106/><V133/><F112/><W99/><G126/><T17/><D115/><U53/><E29/><V73/><F133/><W69/><G1/><T35/><D3/><U46/><E122/><V14/><F26/><W44/><G44/><T58/><D38/><U81/><E78/><V42/><F42/><W118/><G118/><T63/><D35/><U57/><E46/><V117/><F117/><W121/><G121/><T135/><D135/><U43/><E43/><V25/><F25/><W31/><G72/><T47/><D76/><U132/><E132/><V103/><F103/><W123/><G123/><T120/><D120/><U134/><E134/><V2/><F2/><W49/><G82/><T9/><D9/><U71/><E71/><V91/><F73/><W30/><G49/><T86/><D63/><U79/><E79/><V116/><F116/><W56/><G69/><T27/><D125/><U96/><E92/><V104/><F91/><N who="3" m="55743" /><G23/><T127/><D127/><U109/><E109/><V51/><F83/><W8/><G8/><AGARI ba="0,0" hai="4,8,13,53,57,60,75,77,81,96,98,128,129,131" machi="8" ten="40,7700,0" yaku="19,1,52,2" doraHai="95" who="1" fromWho="3" sc="356,0,183,77,292,0,169,-77" /><INIT seed="5,1,0,4,1,59" ten="356,260,292,92" oya="1" hai0="69,105,82,19,88,37,28,0,23,126,101,133,87" hai1="100,132,123,60,53,10,93,71,72,102,16,52,120" hai2="95,25,63,84,91,29,119,107,130,116,30,86,5" hai3="76,131,27,20,92,103,134,118,51,104,78,26,129"/><U47/><E72/><V33/><F107/><W58/><G104/><T41/><D69/><U94/><E132/><V90/><F5/><W7/><G118/><T46/><D0/><U39/><E39/><V106/><F106/><W35/><G35/><T114/><D133/><U40/><E40/><V111/><F111/><W8/><G134/><T122/><D122/><U125/><E125/><V45/><F45/><W80/><G103/><T54/><D54/><U128/><E128/><V89/><F130/><W127/><G92/><T98/><D126/><U73/><E73/><V121/><F121/><W68/><G68/><T12/><D114/><U9/><E71/><V65/><F30/><W31/><G127/><T32/><D28/><U117/><E47/><V44/><F44/><W48/><G27/><T4/><D4/><U38/><E38/><V96/><F96/><W110/><G110/><T55/><D55/><U109/><E109/><V6/><F6/><W74/><G78/><T83/><D32/><U42/><E42/><V99/><F99/><W115/><G115/><T70/><D70/><U13/><E117/><V75/><F75/><W113/><G113/><T97/><D98/><U67/><E67/><V64/><F64/><W62/><G131/><T112/><D112/><U3/><E3/><V135/><F135/><W11/><G129/><T1/><D1/><U34/><E34/><V124/><F124/><W22/><G22/><T49/><D37/><U2/><E2/><V108/><F108/><W36/><G36/><T24/><D24/><U61/><E13/><V17/><F119/><RYUUKYOKU ba="1,0" sc="356,15,260,15,292,-15,92,-15" hai0="12,19,23,41,46,49,82,83,87,88,97,101,105" hai1="9,10,16,52,53,60,61,93,94,100,102,120,123" /><INIT seed="5,2,0,4,1,52" ten="371,275,277,77" oya="1" hai0="29,40,27,82,87,125,12,62,74,77,71,101,9" hai1="0,17,23,22,130,37,1,19,31,18,2,64,119" hai2="44,118,72,81,69,36,115,96,121,24,98,111,88" hai3="114,25,80,104,46,67,55,73,128,120,63,5,131"/><U134/><E37/><V116/><F111/><W56/><G104/><T54/><D74/><U49/><E119/><V90/><F121/><W83/><G120/><T33/><D125/><U7/><E64/><V70/><F24/><W78/><G114/><T103/><D40/><U68/><E68/><V105/><F105/><W61/><G5/><T3/><D3/><N who="1" m="1099" /><E49/><V48/><F36/><W117/><G117/><T59/><D71/><U85/><E85/><V15/><F15/><W89/><G25/><T51/><D51/><U110/><E134/><V6/><F6/><AGARI ba="2,0" hai="6,9,12,27,29,33,54,59,62,77,82,87,101,103" machi="6" ten="30,2000,0" yaku="7,1,52,1" doraHai="52" who="0" fromWho="2" sc="371,26,275,0,277,-26,77,0" /><INIT seed="6,0,0,5,0,109" ten="397,275,251,77" oya="2" hai0="46,14,38,135,51,64,96,23,16,119,75,61,70" hai1="124,105,66,72,60,88,30,57,56,0,102,18,116" hai2="129,85,24,115,107,25,43,111,112,101,125,44,126" hai3="86,74,50,45,9,132,4,122,98,2,110,99,17"/><V31/><F111/><W34/><G74/><T91/><D75/><U71/><E0/><V27/><F129/><W80/><G122/><T54/><D38/><U123/><E72/><V42/><F31/><W113/><G110/><T89/><D119/><U47/><E123/><V134/><F134/><W78/><G34/><T19/><D135/><U103/><E30/><V52/><F85/><W127/><G132/><T104/><D104/><U90/><E18/><V128/><F128/><W7/><G127/><N who="2" m="48649" /><F101/><W59/><G7/><T76/><D76/><U8/><E8/><V11/><F11/><W87/><G17/><T106/><REACH who="0" step="1"/><D19/><REACH who="0" ten="387,275,251,77" step="2"/><U82/><E124/><V121/><F107/><W48/><G113/><N who="2" m="43593" /><F121/><W117/><G117/><T62/><D62/><U93/><E105/><V1/><F1/><W12/><G2/><T65/><D65/><U100/><E116/><V95/><F95/><W97/><G78/><T35/><D35/><U39/><E93/><V55/><F43/><N who="3" m="24639" /><G80/><T92/><D92/><U53/><E82/><V68/><F68/><W94/><G94/><T81/><D81/><U77/><E77/><V114/><N who="2" m="43601" /><V32/><DORA hai="15" /><F32/><W37/><G37/><AGARI ba="0,1" hai="24,25,27,37,42,44,52,55" m="43601,48649" machi="37" ten="50,18000,2" yaku="18,1,15,1,52,4,54,1" doraHai="109,15" who="2" fromWho="3" sc="387,0,275,0,251,190,77,-180" owari="387,19.0,275,-12.0,441,53.0,-103,-60.0" /></mjloggm>