<mjloggm ver="2.3"><GO type="41" lobby="0"/><UN n0="%E3%81%8A%E3%81%A3%E3%81%8F" n1="%E3%81%AA%E3%81%93%E3%81%A1%E3%81%A8%E3%82%93" n2="%E5%B0%B1%E6%B4%BB%E7%94%9F%40%E5%B7%9D%E6%9D%91%E8%BB%8D%E5%9B%A3" n3="%67%75%73%68" dan="14,15,16,15" rate="1875.86,2030.30,2091.06,2003.75" sx="M,F,M,M"/><TAIKYOKU oya="0"/><INIT seed="0,0,0,1,4,126" ten="250,250,250,250" oya="0" hai0="22,94,124,18,63,114,99,72,90,7,10,1,108" hai1="135,77,6,97,59,106,11,70,69,45,62,49,47" hai2="33,20,73,19,100,2,28,79,87,75,104,34,66" hai3="52,60,53,39,42,9,68,92,107,35,38,84,43"/><T5/><D124/><U101/><E135/><V71/><F2/><W74/><G74/><T67/><D114/><U12/><E77/><V40/><F40/><N who="3" m="15403" /><G35/><T109/><D72/><U82/><E82/><V54/><F54/><N who="3" m="21099" /><G9/><T32/><D32/><U103/><E49/><V125/><F125/><W76/><G107/><T85/><D99/><U31/><E31/><V93/><F28/><W128/><G92/><T37/><D37/><N who="3" m="13833" /><G84/><T91/><D91/><U3/><E103/><V89/><F75/><W102/><G102/><T111/><D10/><U24/><E24/><V117/><F117/><W48/><G76/><T17/><D1/><U61/><E3/><V121/><F121/><W122/><G122/><T116/><D116/><U83/><E83/><V133/><F133/><W64/><G48/><T21/><D21/><U58/><E106/><V119/><F119/><W13/><G13/><N who="0" m="9519" /><D18/><U46/><E101/><V14/><F79/><W86/><G86/><T8/><D8/><U50/><E97/><V29/><F73/><W57/><G128/><T132/><D132/><U95/><E50/><V78/><F78/><W36/><N who="3" m="13841" /><W80/><DORA hai="55" /><G80/><T123/><D123/><U30/><E95/><V16/><F29/><W105/><G105/><T127/><D127/><U15/><E30/><V81/><F104/><W110/><G110/><N who="0" m="28163" /><T27/><DORA hai="96" /><D27/><U130/><E130/><V134/><F134/><W51/><G51/><T129/><D129/><U25/><E25/><V56/><F19/><W131/><G131/><T41/><D41/><U113/><E11/><V120/><F33/><RYUUKYOKU ba="0,0" sc="250,15,250,-15,250,-15,250,15" hai0="5,7,63,67,85,90,94" hai3="57,60,64,68" /><INIT seed="0,1,0,0,4,108" ten="265,235,235,265" oya="0" hai0="100,129,105,60,3,46,106,49,65,92,119,15,78" hai1="10,22,98,71,126,39,8,122,52,113,80,75,20" hai2="59,70,107,24,11,33,47,130,35,12,42,103,2" hai3="41,133,87,43,121,74,118,28,77,102,62,104,13"/><T123/><D129/><U67/><E122/><V53/><F70/><W134/><G74/><T29/><D123/><U109/><E109/><V94/><F2/><W61/><G118/><T50/><D119/><U54/><E39/><V88/><F130/><W48/><G121/><T99/><D3/><U4/><E71/><V111/><F103/><W55/><G28/><T56/><D78/><U57/><E67/><V58/><F107/><W68/><G13/><T84/><D50/><U40/><E40/><N who="3" m="15434" /><G68/><T135/><D29/><U30/><E126/><V93/><F58/><W115/><G115/><T95/><D135/><N who="3" m="51721" /><G102/><T34/><D34/><U9/><E4/><V44/><F111/><W21/><G21/><T6/><D92/><U66/><E30/><V112/><F44/><N who="3" m="28039" /><G104/><T85/><D105/><U19/><E20/><V124/><F24/><W79/><G79/><T117/><D117/><U7/><E7/><V16/><F35/><W51/><G51/><T26/><D26/><N who="1" m="14687" /><E75/><V127/><F33/><W37/><G37/><T18/><D6/><U128/><E128/><V64/><F124/><W17/><G17/><T63/><D106/><U91/><E113/><V27/><F112/><W132/><G132/><T131/><D131/><U101/><E101/><V83/><F127/><W31/><G31/><T96/><D96/><U1/><E1/><V45/><F27/><W89/><G77/><T90/><D100/><U114/><E114/><V32/><F32/><W23/><G23/><N who="0" m="11743" /><D60/><N who="1" m="38159" /><E98/><V97/><F97/><W36/><G36/><T5/><D5/><U72/><E72/><V110/><F110/><RYUUKYOKU ba="1,0" sc="265,10,235,10,235,-30,265,10" hai0="46,49,56,63,65,84,85,90,95,99" hai1="8,9,10,52,54,80,91" hai3="61,62,87,89" /><INIT seed="0,2,0,4,5,91" ten="275,245,205,275" oya="0" hai0="28,22,56,130,126,102,48,92,51,99,29,14,9" hai1="4,20,24,97,36,66,109,26,105,61,44,37,82" hai2="3,63,5,84,122,74,27,110,49,59,81,131,13" hai3="57,8,21,93,96,33,100,95,132,31,35,123,104"/><T34/><D130/><U53/><E109/><V71/><F110/><W12/><G132/><T1/><D126/><U40/><E37/><V119/><F122/><W41/><G123/><T115/><D1/><U58/><E4/><V0/><F119/><W125/><G125/><T103/><D115/><U113/><E113/><V79/><F71/><W101/><G41/><T106/><D34/><U16/><E82/><V88/><F131/><W70/><G70/><T46/><D106/><U42/><E42/><V117/><F117/><W114/><G114/><T107/><D107/><U54/><E105/><V80/><F49/><W67/><G104/><T121/><D121/><U78/><E78/><V85/><F74/><W83/><G83/><T120/><D120/><U6/><E6/><V133/><F133/><W72/><G72/><T18/><D9/><U98/><E26/><V90/><F79/><W64/><G33/><T128/><D103/><U50/><REACH who="1" step="1"/><E54/><REACH who="1" ten="275,235,205,275" step="2"/><V89/><F27/><N who="3" m="16879" /><G35/><T124/><D128/><U68/><AGARI ba="2,1" hai="16,20,24,36,40,44,50,53,58,61,66,68,97,98" machi="68" ten="20,12000,2" yaku="1,1,0,1,7,1,24,2,54,1,53,1" doraHai="91" doraHaiUra="43" who="1" fromWho="1" sc="275,-62,235,136,205,-32,275,-32" /><INIT seed="1,0,0,0,1,97" ten="213,371,173,243" oya="1" hai0="99,37,63,25,98,16,92,121,30,71,58,17,56" hai1="20,22,114,5,77,26,70,72,15,52,133,83,0" hai2="134,11,107,132,74,135,36,95,29,53,87,126,50" hai3="125,112,76,12,116,111,108,81,14,122,127,61,60"/><U82/><E114/><V51/><F107/><W128/><G112/><T4/><D37/><U130/><E0/><V40/><F74/><W34/><G34/><T96/><D4/><U62/><E133/><V109/><F36/><W120/><G116/><T68/><D121/><N who="3" m="46697" /><G128/><T21/><D92/><U23/><E130/><V66/><F126/><N who="3" m="48139" /><G81/><T105/><D105/><U41/><E41/><V94/><F109/><N who="3" m="42059" /><G76/><T8/><D8/><U100/><E100/><V33/><F33/><W46/><G46/><T35/><D17/><U9/><E83/><V118/><F29/><W10/><G10/><T106/><D56/><U101/><E101/><V39/><F118/><W45/><G45/><T31/><D106/><U42/><E42/><V38/><F11/><W91/><G91/><T93/><D93/><U28/><E70/><V84/><F40/><W49/><G49/><T7/><D7/><U102/><E102/><V6/><F50/><W115/><G115/><T24/><REACH who="0" step="1"/><D31/><REACH who="0" ten="203,371,173,243" step="2"/><U86/><E72/><V75/><F75/><W47/><G47/><T73/><D73/><U27/><E28/><V88/><F6/><W89/><G89/><T80/><D80/><U113/><E113/><V110/><F110/><W2/><G2/><T59/><D59/><AGARI ba="0,1" hai="5,9,15,20,22,23,26,27,52,59,62,77,82,86" machi="59" ten="40,3900,0" yaku="8,1,54,1" doraHai="97" who="1" fromWho="0" sc="203,-39,371,49,173,0,243,0" /><INIT seed="1,1,0,0,4,53" ten="164,420,173,243" oya="1" hai0="114,30,3,95,131,43,72,40,27,63,123,89,77" hai1="8,15,116,0,37,130,133,36,31,65,62,68,90" hai2="22,24,74,45,33,20,9,11,60,25,113,26,88" hai3="52,80,51,39,110,111,135,58,38,109,71,87,105"/><U18/><E116/><V48/><F33/><W83/><G105/><T92/><D131/><U85/><E130/><V14/><F74/><W118/><G118/><T64/><D123/><U44/><E133/><V49/><F113/><W127/><G135/><T28/><D114/><U129/><E129/><V101/><F101/><W73/><G71/><T117/><D3/><U91/><E0/><V46/><F60/><W100/><G100/><T59/><D30/><U69/><E69/><V47/><F88/><N who="3" m="51303" /><G127/><T41/><D95/><U10/><E31/><V134/><F134/><W12/><G12/><T1/><D117/><U93/><E44/><V86/><F86/><W35/><G35/><T132/><D132/><U56/><E10/><N who="2" m="3595" /><F14/><W66/><G66/><T106/><D106/><U13/><E13/><V112/><F112/><W6/><G6/><T7/><D7/><U75/><E75/><V103/><F103/><W125/><G125/><T23/><D1/><U54/><E91/><V104/><F104/><W42/><G42/><T70/><D70/><U128/><E128/><V124/><F124/><W67/><G67/><T2/><D2/><U97/><E85/><V82/><F82/><W81/><G81/><N who="0" m="45223" /><D41/><U115/><E115/><V107/><F107/><W57/><G57/><T19/><D28/><U96/><E96/><V99/><F99/><W108/><G109/><T61/><D61/><AGARI ba="1,0" hai="8,15,18,36,37,54,56,61,62,65,68,90,93,97" machi="61" ten="30,2900,0" yaku="7,1,52,1" doraHai="53" who="1" fromWho="0" sc="164,-32,420,32,173,0,243,0" /><INIT seed="1,2,0,1,0,40" ten="132,452,173,243" oya="1" hai0="129,17,52,112,66,39,50,85,106,88,75,24,7" hai1="58,102,62,70,93,60,108,111,103,67,45,73,10" hai2="68,79,117,28,77,49,47,16,26,114,20,6,80" hai3="134,115,61,44,53,57,54,72,64,92,118,37,21"/><U18/><E73/><V95/><F117/><W126/><G72/><T132/><D129/><U4/><E18/><V74/><F68/><N who="3" m="41999" /><G21/><T43/><D132/><U133/><E133/><V135/><F135/><W81/><G81/><T8/><D112/><U87/><E87/><V51/><F114/><W121/><G92/><T41/><D75/><U119/><E119/><V25/><F79/><W82/><G82/><T105/><D66/><N who="1" m="39191" /><E93/><V12/><F95/><W48/><G134/><T15/><D39/><U110/><E45/><V98/><F98/><W123/><G115/><T116/><D116/><U35/><E35/><V125/><F125/><W1/><G1/><AGARI ba="2,0" hai="1,4,10,62,67,70,102,103,108,110,111" m="39191" machi="1" ten="30,2900,0" yaku="14,1,10,1" doraHai="40" who="1" fromWho="3" sc="132,0,452,35,173,0,243,-35" /><INIT seed="1,3,0,2,3,60" ten="132,487,173,208" oya="1" hai0="51,106,134,91,53,13,33,62,40,77,65,88,90" hai1="20,15,43,48,64,104,2,42,109,7,10,16,131" hai2="92,71,24,127,107,22,94,31,5,23,97,57,74" hai3="17,93,14,61,72,4,102,26,9,35,118,121,123"/><U19/><E104/><V21/><F127/><W124/><G72/><T84/><D134/><U70/><E131/><V85/><F71/><W133/><G118/><T34/><D106/><U87/><E109/><V83/><F74/><W89/><G133/><T54/><D77/><U119/><E119/><V18/><F107/><W25/><G124/><T41/><D84/><U36/><E36/><V117/><F117/><W11/><G102/><T67/><D13/><U29/><E87/><V73/><F73/><W101/><G101/><T50/><D91/><U130/><E130/><V135/><F5/><W47/><G47/><T114/><REACH who="0" step="1"/><D62/><REACH who="0" ten="122,487,173,208" step="2"/><U3/><E3/><V68/><F135/><W69/><G61/><T108/><D108/><U100/><E2/><V78/><F94/><W27/><G89/><T112/><AGARI ba="3,1" hai="33,34,40,41,50,51,53,54,65,67,88,90,112,114" machi="112" ten="25,16000,3" yaku="1,1,0,1,22,2,52,2,54,1,53,2" doraHai="60" doraHaiUra="49" who="0" fromWho="0" sc="122,179,487,-83,173,-43,208,-43" /><INIT seed="2,0,0,1,5,35" ten="301,404,130,165" oya="2" hai0="27,113,115,34,75,50,64,99,126,16,15,93,61" hai1="92,91,87,40,97,54,72,127,65,111,56,26,46" hai2="39,84,132,12,1,17,33,100,45,62,112,80,13" hai3="23,117,51,125,108,106,116,79,48,18,102,2,37"/><V63/><F112/><W98/><G37/><T60/><D126/><U107/><E127/><V29/><F132/><W22/><G125/><T105/><D75/><U38/><E111/><V119/><F119/><W42/><G79/><T88/><D105/><U59/><E65/><V134/><F134/><W122/><G122/><T57/><D60/><U77/><E26/><V123/><F123/><W90/><G108/><T73/><D50/><U135/><E135/><V74/><F74/><W89/><G2/><T120/><D73/><U28/><E28/><V44/><F1/><W66/><G66/><T55/><D120/><U30/><E30/><V31/><F100/><W7/><G7/><T82/><D34/><U36/><E36/><V9/><F39/><W4/><G4/><T0/><D27/><U96/><E96/><V78/><F33/><W124/><G124/><T109/><D0/><U83/><E54/><V94/><F94/><W43/><G98/><T8/><D109/><U19/><E19/><N who="2" m="8591" /><F31/><W81/><G18/><T110/><D110/><U70/><E70/><V53/><F29/><W68/><G81/><T11/><D11/><U41/><E41/><V128/><F128/><W76/><G68/><T25/><D25/><U24/><E24/><V58/><F63/><W69/><G69/><N who="0" m="42127" /><D82/><U67/><E67/><V14/><F14/><W95/><G106/><T10/><D10/><AGARI ba="0,0" hai="10,13,17,44,45,53,58,62,78,80,84" m="8591" machi="10" ten="30,1500,0" yaku="8,1" doraHai="35" who="2" fromWho="0" sc="301,-15,404,0,130,15,165,0" /><INIT seed="2,1,0,4,3,131" ten="286,404,145,165" oya="2" hai0="62,130,124,18,5,21,125,30,40,52,85,69,96" hai1="58,121,112,70,8,93,114,59,95,104,16,100,120" hai2="31,134,89,20,32,122,90,71,51,123,2,102,83" hai3="0,25,47,29,23,82,68,113,24,42,57,49,67"/><V37/><F37/><W133/><G0/><T94/><D40/><U26/><E104/><V128/><F71/><W78/><G113/><T119/><D130/><U63/><E70/><V19/><F2/><W110/><G110/><T106/><D119/><U12/><E26/><V17/><F128/><W4/><G4/><T10/><D106/><U45/><E45/><V33/><F102/><W108/><G108/><T9/><D30/><U132/><E132/><V22/><F51/><W109/><G109/><T65/><D85/><U60/><E60/><V66/><F66/><W80/><G68/><T54/><D10/><U88/><E100/><V86/><F86/><W1/><G1/><N who="0" m="175" /><D18/><U111/><E111/><V35/><F31/><W3/><G3/><T50/><D21/><N who="2" m="8298" /><F134/><W75/><G24/><T14/><D50/><U99/><E95/><V39/><F83/><W101/><G82/><T44/><D14/><U98/><E98/><V79/><F79/><W74/><G133/><T116/><D44/><U38/><E38/><V127/><F127/><N who="0" m="48714" /><D116/><U46/><E46/><V77/><F77/><W73/><REACH who="3" step="1"/><G101/><AGARI ba="1,0" hai="52,54,62,65,69,94,96,101" m="48714,175" machi="101" ten="30,2000,0" yaku="18,1,54,1" doraHai="131" who="0" fromWho="3" sc="286,23,404,0,145,0,165,-23" /><INIT seed="3,0,0,3,0,87" ten="309,404,145,142" oya="3" hai0="96,19,97,78,1,53,24,82,127,18,6,117,39" hai1="124,111,106,68,75,28,105,73,37,50,22,59,27" hai2="57,48,49,69,4,58,121,44,42,26,10,79,3" hai3="12,85,120,135,54,112,36,40,64,115,129,52,122"/><W114/><G12/><T130/><D127/><U9/><E37/><V8/><F121/><N who="3" m="46699" /><G85/><T110/><D130/><U15/><E68/><V89/><F69/><W116/><G129/><T92/><D117/><U31/><E111/><V2/><F79/><W77/><G77/><T101/><D110/><U13/><E124/><V107/><F107/><W66/><G116/><T33/><D39/><U113/><E113/><V46/><F26/><W25/><G25/><T35/><D1/><U43/><E75/><V74/><F74/><W132/><G40/><T55/><D6/><U41/><E73/><V100/><F100/><W61/><G36/><T5/><D5/><U76/><E76/><V104/><F104/><W123/><N who="3" m="46707" /><W32/><DORA hai="45" /><G32/><T94/><D35/><U119/><E119/><V125/><F125/><W20/><G20/><T38/><D24/><U62/><E41/><V118/><F118/><W16/><G16/><N who="0" m="6187" /><D38/><U98/><E105/><V14/><F89/><W88/><G88/><N who="0" m="55303" /><D33/><U109/><E27/><V84/><F84/><AGARI ba="0,0" hai="53,55,78,82,84,94,97,101" m="55303,6187" machi="84" ten="30,7700,0" yaku="8,1,52,1,54,2" doraHai="87,45" who="0" fromWho="2" sc="309,77,404,0,145,-77,142,0" /><INIT seed="4,0,0,2,4,109" ten="386,404,68,142" oya="0" hai0="55,15,14,113,53,49,27,112,98,82,114,117,131" hai1="135,105,48,37,63,25,93,35,128,130,20,91,134" hai2="81,74,40,34,80,118,64,75,46,26,73,70,58" hai3="123,18,104,103,90,102,65,79,29,129,13,24,45"/><T124/><D131/><N who="1" m="50219" /><E37/><V44/><F118/><W0/><G0/><T84/><D124/><U38/><E38/><V57/><F70/><W3/><G3/><T10/><D117/><U83/><E105/><V19/><F64/><W62/><G79/><N who="0" m="46175" /><D98/><N who="1" m="57663" /><E35/><V36/><F46/><W33/><G129/><T12/><D27/><U88/><E48/><V17/><F34/><W121/><G45/><N who="0" m="27823" /><D55/><U28/><E63/><V69/><F69/><N who="3" m="42167" /><G90/><T41/><D41/><U39/><E39/><V77/><F26/><W126/><G104/><T89/><D89/><U66/><E66/><V31/><F31/><W52/><G126/><T111/><D111/><U87/><AGARI ba="0,0" hai="20,25,28,83,87,88,134,135" m="57663,50219" machi="87" ten="30,2000,0" yaku="19,1,54,1" doraHai="109" who="1" fromWho="1" sc="386,-10,404,20,68,-5,142,-5" /><INIT seed="5,0,0,5,2,11" ten="376,424,63,137" oya="1" hai0="34,103,124,102,115,19,125,35,53,37,72,85,61" hai1="10,39,20,68,109,133,29,116,25,43,117,67,40" hai2="47,5,38,98,82,99,126,108,75,96,16,0,122" hai3="129,52,71,79,56,91,81,28,45,69,14,17,73"/><U7/><E133/><V132/><F122/><W110/><G110/><T59/><D37/><U100/><E109/><V2/><F132/><W95/><G28/><T55/><D72/><U27/><E100/><N who="0" m="38441" /><D115/><U33/><E67/><V134/><F134/><W36/><G36/><T74/><D74/><U135/><E68/><V130/><F108/><W49/><G45/><T31/><D31/><U1/><E135/><V118/><F118/><W94/><G129/><T106/><D106/><U9/><E9/><V119/><F119/><W12/><G95/><T62/><D85/><U90/><E43/><V87/><F75/><W22/><REACH who="3" step="1"/><G12/><REACH who="3" ten="376,424,63,127" step="2"/><T70/><D34/><U128/><E39/><V3/><F130/><W24/><G24/><T97/><D35/><U114/><E128/><V58/><F126/><W113/><G113/><T30/><D30/><U18/><E114/><V42/><F58/><W26/><G26/><T88/><D59/><U120/><E120/><V66/><F66/><W63/><G63/><T32/><D62/><U23/><E40/><V54/><F54/><W8/><G8/><T65/><D53/><U80/><E117/><V86/><F82/><W46/><G46/><T105/><D55/><U121/><E116/><V4/><REACH who="2" step="1"/><F16/><REACH who="2" ten="376,424,53,127" step="2"/><W60/><G60/><T64/><D19/><N who="1" m="12447" /><E121/><V76/><F76/><W44/><G44/><T50/><D61/><U93/><E80/><V21/><F21/><W127/><G127/><T15/><D125/><U104/><E18/><V13/><F13/><W57/><G57/><T123/><D124/><U101/><E23/><V111/><F111/><RYUUKYOKU ba="0,2" sc="376,-15,424,-15,53,15,127,15" hai2="0,2,3,4,5,38,42,47,86,87,96,98,99" hai3="14,17,22,49,52,56,69,71,73,79,81,91,94" /><INIT seed="6,1,2,3,5,96" ten="361,409,68,142" oya="2" hai0="86,76,14,75,84,29,58,52,49,33,71,37,98" hai1="103,42,54,35,109,92,114,93,90,1,130,105,59" hai2="64,19,65,95,4,6,110,32,45,133,46,102,128" hai3="100,23,99,112,40,50,31,68,111,124,11,94,78"/><V101/><F32/><W122/><G68/><T43/><D71/><U63/><E109/><V41/><F110/><W2/><G111/><T61/><D14/><U77/><E1/><V15/><F128/><W119/><G119/><T28/><D33/><U73/><E35/><V66/><F95/><W106/><G122/><T88/><D37/><U72/><E114/><V39/><F133/><W91/><G78/><T7/><D98/><U89/><E130/><V48/><F6/><W104/><G112/><T16/><D7/><U97/><E42/><V125/><F4/><W121/><G121/><T82/><D75/><U8/><E8/><V118/><F118/><W22/><G106/><T30/><D16/><U123/><E123/><V25/><F25/><W69/><G69/><T67/><D67/><U127/><E127/><V83/><F83/><W108/><G124/><T132/><D132/><U134/><E134/><V53/><REACH who="2" step="1"/><F125/><REACH who="2" ten="361,409,58,142" step="2"/><W81/><G81/><N who="0" m="47143" /><D29/><U80/><E105/><V60/><F60/><W116/><G116/><T5/><D5/><U10/><E93/><V0/><F0/><W117/><G117/><T44/><AGARI ba="1,3" hai="28,30,43,44,49,52,58,61,82,86,88" m="47143" machi="44" ten="30,4000,0" yaku="8,1,54,2" doraHai="96" who="0" fromWho="0" sc="361,73,409,-11,58,-21,142,-11" /><INIT seed="7,0,0,3,1,62" ten="434,398,37,131" oya="3" hai0="64,74,84,134,71,35,37,22,73,66,17,104,30" hai1="44,128,58,106,15,120,23,92,36,60,135,12,8" hai2="97,3,25,72,40,99,50,88,102,132,57,125,7" hai3="111,41,91,14,56,124,96,59,4,13,6,126,133"/><W11/><G111/><T1/><D37/><U85/><E120/><V114/><F72/><W103/><G41/><T112/><D1/><U129/><E106/><V29/><F114/><W80/><G133/><T43/><D112/><U75/><E75/><V77/><F77/><W109/><G109/><T94/><D134/><U51/><E135/><V68/><F68/><W107/><G80/><T70/><D43/><U48/><E36/><V87/><F125/><N who="3" m="48235" /><G91/><T108/><D104/><U113/><E113/><V33/><F132/><W121/><G121/><T2/><D70/><U49/><E128/><V24/><F24/><W117/><G117/><T130/><D2/><U38/><E38/><V131/><F131/><W47/><G47/><T28/><D73/><U101/><E129/><V78/><F78/><W26/><G26/><T83/><D74/><U93/><E44/><V67/><F40/><W54/><G54/><T18/><D71/><U76/><E23/><V110/><F110/><W5/><G14/><T81/><D22/><U98/><E8/><V34/><F34/><W61/><G61/><T20/><D35/><U122/><E122/><V55/><F67/><W90/><G90/><T21/><D64/><N who="1" m="38935" /><E76/><V16/><F102/><W115/><G115/><T46/><D130/><U52/><E52/><V45/><F45/><W32/><G32/><T119/><D46/><U86/><E86/><V39/><F39/><W27/><G27/><T127/><D84/><U105/><E105/><V65/><F65/><W53/><G53/><T9/><D66/><U31/><E31/><V118/><F118/><RYUUKYOKU ba="0,0" sc="434,-15,398,15,37,-15,131,15" hai1="12,15,48,49,51,85,92,93,98,101" hai3="4,5,6,11,13,56,59,96,103,107" /><INIT seed="7,1,0,4,2,7" ten="419,413,22,146" oya="3" hai0="33,90,40,124,68,127,130,36,72,15,104,41,94" hai1="82,103,57,47,28,20,64,2,86,58,59,10,18" hai2="117,112,118,50,133,43,85,13,9,120,111,100,105" hai3="62,63,116,119,35,1,69,73,99,88,109,60,46"/><W17/><G35/><T32/><D68/><U98/><E2/><V22/><F111/><W121/><G73/><T129/><D104/><U93/><E10/><V5/><F120/><W39/><G121/><T106/><D15/><N who="1" m="9311" /><E28/><V31/><F112/><W30/><G30/><T128/><D72/><U83/><E47/><V4/><F133/><W53/><G1/><T51/><D106/><U71/><E71/><V48/><F117/><W14/><G69/><T21/><D51/><U131/><E131/><V29/><F118/><W96/><G109/><T19/><D36/><U61/><E82/><V3/><F105/><W75/><G75/><T34/><D19/><U84/><E84/><V16/><F100/><W49/><G39/><T6/><D6/><U135/><E135/><V79/><F48/><W87/><G119/><T23/><D21/><U12/><E12/><V37/><F37/><W134/><G134/><T122/><D23/><U97/><E98/><V108/><F108/><W110/><G110/><T25/><D25/><U114/><E114/><V78/><F78/><AGARI ba="1,0" hai="57,58,59,61,64,78,83,86,93,97,103" m="9311" machi="78" ten="30,1000,0" yaku="8,1" doraHai="7" who="1" fromWho="2" sc="419,0,413,13,22,-13,146,0" owari="419,22.0,426,52.0,9,-49.0,146,-25.0" /></mjloggm>