<mjloggm ver="2.3"><GO type="97" lobby="0"/><UN n0="%70%6F%6E%74%69%74%69" n1="%E3%81%92%E3%82%93%E3%81%8D%E3%81%A1" n2="%74%69%2D%68%6F%2D" n3="%E3%83%88%E3%83%88%E3%83%AA%E5%85%88%E7%94%9F%31%39%E6%AD%B3" dan="14,14,14,15" rate="1920.68,1954.21,1993.55,2036.01" sx="M,M,M,F"/><TAIKYOKU oya="0"/><INIT seed="0,0,0,5,1,91" ten="250,250,250,250" oya="0" hai0="89,20,127,120,82,109,110,115,49,128,32,43,102" hai1="112,135,124,57,29,31,129,121,53,123,122,37,70" hai2="80,81,116,26,51,105,85,125,69,33,7,133,23" hai3="30,52,14,126,79,12,130,72,6,103,97,21,36"/><T60/><D32/><U113/><E70/><V41/><F69/><W4/><G36/><T0/><D120/><U46/><E31/><V15/><F33/><W106/><G130/><T18/><D0/><U95/><E29/><V38/><F38/><W101/><G126/><T67/><D115/><N who="1" m="44107" /><E129/><V84/><F105/><W34/><G34/><T1/><D1/><U50/><E124/><V111/><F125/><W94/><G72/><T61/><D127/><U9/><E9/><N who="2" m="4543" /><F133/><W131/><G79/><T16/><D102/><N who="3" m="38921" /><G106/><T8/><D8/><U117/><E135/><V86/><F111/><N who="0" m="42506" /><D128/><U13/><E13/><N who="3" m="5226" /><G131/><T35/><D35/><U47/><E117/><V78/><F81/><W40/><G40/><T65/><D49/><U48/><E37/><V132/><F116/><W119/><G119/><T22/><D43/><N who="1" m="24671" /><E95/><V5/><F5/><W56/><G30/><T96/><D82/><U25/><E25/><V64/><F132/><W77/><G21/><N who="0" m="8299" /><D96/><U107/><E107/><V100/><F100/><N who="3" m="60471" /><G6/><T99/><D99/><U11/><E11/><V98/><F98/><W19/><G4/><T90/><D89/><U114/><N who="1" m="44115" /><U45/><AGARI ba="0,0" hai="45,47,50,53,57,121,122,123" m="24671,44115" machi="45" ten="50,8000,1" yaku="4,1,11,1,34,2" doraHai="91" who="1" fromWho="1" sc="250,-40,250,80,250,-20,250,-20" /><INIT seed="1,0,0,1,0,93" ten="210,330,230,230" oya="1" hai0="21,81,102,77,91,113,83,135,62,124,86,87,121" hai1="127,100,104,88,70,5,15,28,42,94,11,49,18" hai2="99,75,39,53,118,16,33,30,126,25,108,80,72" hai3="20,9,64,73,24,130,117,67,40,115,27,48,89"/><U128/><E70/><V84/><F39/><W12/><G115/><T114/><D62/><U6/><E128/><V92/><F118/><W65/><G73/><T31/><D31/><U107/><E127/><V120/><F120/><W10/><G130/><T38/><D38/><U51/><E28/><V3/><F3/><W119/><G89/><T1/><D1/><U45/><E51/><V98/><F126/><W14/><G48/><T96/><D21/><U71/><E71/><V103/><F108/><W134/><G20/><T109/><D124/><U105/><REACH who="1" step="1"/><E100/><REACH who="1" ten="210,320,230,230" step="2"/><V129/><F129/><W43/><G119/><T133/><D121/><U78/><E78/><V79/><F53/><W22/><G117/><T97/><D109/><U63/><E63/><V8/><F72/><W60/><G60/><T52/><D52/><U57/><E57/><V26/><F75/><W112/><G43/><T7/><D7/><U44/><E44/><V41/><F41/><W29/><G40/><T37/><D37/><U101/><E101/><V122/><F122/><W2/><G29/><T23/><D23/><U111/><E111/><V58/><F58/><W36/><G22/><T106/><REACH who="0" step="1"/><D97/><AGARI ba="0,1" hai="5,6,11,15,18,42,45,49,88,94,97,104,105,107" machi="97" ten="40,12000,1" yaku="1,1,52,1,54,1,53,1" doraHai="93" doraHaiUra="85" who="1" fromWho="0" sc="210,-120,320,130,230,0,230,0" /><INIT seed="1,1,0,0,1,2" ten="90,450,230,230" oya="1" hai0="49,35,34,73,14,48,10,28,69,71,116,68,50" hai1="86,57,65,64,74,19,61,81,6,22,82,78,54" hai2="9,38,77,96,40,102,123,20,3,92,44,30,127" hai3="45,4,43,56,106,53,24,87,100,101,12,31,47"/><U104/><E104/><V21/><F123/><W125/><G125/><T70/><N who="0" m="17920" /><DORA hai="41" /><T18/><D73/><U115/><E115/><V29/><F127/><W52/><G106/><T91/><D116/><U89/><REACH who="1" step="1"/><E6/><REACH who="1" ten="90,440,230,230" step="2"/><N who="2" m="1247" /><F29/><W0/><G4/><T111/><D111/><U76/><E76/><V124/><F30/><W27/><G31/><T13/><D28/><U67/><E67/><V94/><F124/><W110/><G110/><T7/><REACH who="0" step="1"/><D91/><REACH who="0" ten="80,440,230,230" step="2"/><U135/><E135/><V39/><F102/><W32/><G101/><T46/><D46/><U107/><E107/><V17/><F44/><W8/><G100/><T131/><D131/><U51/><E51/><V129/><F129/><W85/><G45/><T63/><D63/><U80/><E80/><V120/><F38/><W134/><G47/><T112/><D112/><U130/><E130/><V55/><F39/><W11/><G134/><T132/><D132/><U93/><E93/><V37/><F37/><W25/><G43/><T79/><D79/><U98/><E98/><V128/><F40/><W97/><G97/><T5/><D5/><U62/><E62/><V72/><F77/><W118/><G118/><T16/><D16/><U60/><E60/><V59/><F17/><W83/><G83/><T105/><D105/><U90/><E90/><V26/><F96/><W109/><G109/><T99/><D99/><U95/><E95/><V119/><F92/><W88/><G88/><T66/><D66/><U33/><E33/><V103/><F94/><W117/><G32/><T122/><D122/><U108/><E108/><V1/><F128/><RYUUKYOKU ba="1,2" sc="80,15,440,15,230,-15,230,-15" hai0="7,10,13,14,18,34,35,48,49,50" hai1="19,22,54,57,61,64,65,74,78,81,82,86,89" /><INIT seed="1,2,2,5,3,117" ten="95,455,215,215" oya="1" hai0="68,43,2,57,99,52,4,55,59,19,106,83,66" hai1="96,123,61,127,131,7,121,40,73,105,26,118,10" hai2="34,47,111,133,53,1,93,80,129,22,36,20,89" hai3="6,11,120,24,97,79,101,94,113,37,15,84,71"/><U90/><E118/><V63/><F34/><W132/><G113/><T135/><D135/><U9/><E73/><V27/><F1/><W91/><G37/><T13/><D43/><U114/><E114/><V72/><F133/><W102/><G71/><T64/><D68/><U107/><E40/><V45/><F36/><W60/><G132/><T115/><D115/><U3/><E26/><V74/><F129/><W8/><G120/><T16/><D2/><U32/><E32/><V51/><F111/><W30/><G60/><N who="0" m="35879" /><D106/><N who="1" m="40459" /><E90/><V21/><F63/><W46/><G46/><T76/><D99/><U110/><E96/><V56/><F80/><N who="3" m="47135" /><G11/><N who="0" m="6207" /><D19/><U14/><E14/><V18/><F74/><W44/><G44/><N who="2" m="16969" /><F72/><W31/><G24/><T122/><D4/><N who="1" m="1183" /><E61/><V5/><F5/><W50/><G50/><N who="0" m="31223" /><D122/><N who="1" m="46603" /><E110/><V12/><F27/><W49/><G49/><T92/><D92/><U77/><E77/><V81/><F81/><W23/><G6/><T87/><AGARI ba="2,2" hai="64,66,76,83,87" m="31223,6207,35879" machi="87" ten="30,4000,0" yaku="8,1,54,2" doraHai="117" who="0" fromWho="0" sc="95,66,455,-22,215,-12,215,-12" /><INIT seed="2,0,0,5,3,120" ten="161,433,203,203" oya="2" hai0="75,55,17,36,93,128,67,42,94,57,65,68,119" hai1="121,86,115,54,61,50,48,135,0,132,76,111,123" hai2="59,127,6,7,112,79,133,89,62,25,35,105,49" hai3="110,47,16,77,73,37,39,12,15,134,96,26,29"/><V8/><F105/><W34/><G134/><N who="1" m="51242" /><E111/><V38/><F38/><W126/><G126/><T117/><D75/><U66/><E0/><V51/><F133/><W125/><G125/><T70/><D17/><U83/><E115/><V90/><F112/><W4/><G110/><T41/><D128/><U92/><E92/><V69/><F69/><N who="0" m="26730" /><D36/><U45/><E48/><N who="2" m="18507" /><F35/><W87/><G73/><T53/><D57/><AGARI ba="0,0" hai="45,50,54,57,61,66,76,83,86,121,123" m="51242" machi="57" ten="30,1000,0" yaku="20,1" doraHai="120" who="1" fromWho="0" sc="161,-10,433,10,203,0,203,0" /><INIT seed="3,0,0,0,1,39" ten="151,443,203,203" oya="3" hai0="18,16,98,117,3,57,88,84,130,135,86,55,91" hai1="108,104,132,87,82,44,31,109,126,123,13,9,127" hai2="118,100,59,15,17,111,27,63,58,24,76,85,64" hai3="47,26,66,8,102,10,41,60,35,103,120,77,49"/><W29/><G120/><T43/><D3/><U113/><E104/><V110/><F118/><W30/><G77/><T65/><D117/><U2/><E123/><V68/><F100/><W1/><G30/><T95/><D65/><U62/><E2/><V38/><F38/><W119/><G119/><T93/><D135/><U90/><E132/><V48/><F76/><W69/><REACH who="3" step="1"/><G10/><REACH who="3" ten="151,443,203,193" step="2"/><T89/><D130/><U116/><E31/><V54/><F85/><W0/><G0/><T67/><D67/><U114/><E116/><V131/><F131/><W106/><G106/><T25/><D25/><U32/><E87/><V97/><F97/><W80/><G80/><T72/><D72/><U22/><E82/><V101/><F101/><W92/><G92/><N who="0" m="56583" /><D43/><U4/><E90/><V33/><F33/><W105/><G105/><T14/><D14/><U129/><E32/><V45/><F24/><W112/><G112/><T11/><D11/><U134/><E129/><V37/><F27/><W124/><G124/><N who="1" m="47658" /><E134/><V40/><REACH who="2" step="1"/><F68/><REACH who="2" ten="151,443,193,193" step="2"/><W23/><G23/><AGARI ba="0,2" hai="15,17,23,37,40,45,48,54,58,59,63,64,110,111" machi="23" ten="40,8000,1" yaku="1,1,2,1,52,1,53,1" doraHai="39" doraHaiUra="51" who="2" fromWho="3" sc="151,0,443,0,193,100,193,-80" owari="151,-25.0,443,55.0,293,9.0,113,-39.0" /></mjloggm>