<mjloggm ver="2.3"><GO type="169" lobby="0"/><UN n0="%E9%AD%94%E8%A1%93%E5%B8%AB%E3%83%A1%E3%83%AA%E3%83%BC" n1="%E3%82%A6%E3%83%AB%E3%83%88%E3%83%A9%E7%AB%8B%E7%9B%B4" n2="%E6%96%B0%E9%96%8B%E5%96%84%E6%96%87" n3="%E3%83%9F%E3%83%A9%E3%82%AF%E3%83%AB%E3%81%8A%E3%81%98%E3%81%95%E3%82%93" dan="16,17,17,17" rate="2064.16,2180.67,2159.22,2126.21" sx="F,M,F,M"/><TAIKYOKU oya="0"/><INIT seed="0,0,0,3,4,118" ten="250,250,250,250" oya="0" hai0="39,74,7,60,112,61,99,135,108,28,59,132,122" hai1="58,37,95,98,47,121,88,97,50,10,26,102,40" hai2="31,0,113,12,22,14,111,27,75,72,126,114,86" hai3="45,76,77,8,119,127,129,34,56,29,62,83,71"/><T94/><D74/><U64/><E121/><V73/><F0/><W110/><G71/><T109/><D39/><U66/><E10/><V78/><F111/><N who="0" m="42570" /><D112/><U44/><E58/><V79/><F126/><W46/><G110/><T48/><D28/><U23/><E47/><V11/><F86/><W124/><G119/><T33/><D33/><U125/><E37/><V130/><F130/><W4/><G129/><T81/><D81/><U131/><E131/><V20/><F73/><N who="3" m="43407" /><G77/><T107/><D107/><U90/><E125/><N who="3" m="48202" /><G29/><T105/><D105/><U93/><E102/><V51/><F31/><AGARI ba="0,0" hai="23,26,31,40,44,50,64,66,88,90,93,95,97,98" machi="31" ten="30,7700,0" yaku="7,1,9,1,8,1,54,1" doraHai="118" who="1" fromWho="2" sc="250,0,250,77,250,-77,250,0" /><INIT seed="1,0,0,4,4,71" ten="250,327,173,250" oya="1" hai0="2,94,87,77,91,96,73,23,132,52,107,80,74" hai1="63,123,11,110,53,31,29,112,92,100,105,66,50" hai2="114,12,82,21,84,135,15,127,26,131,83,67,113" hai3="103,8,34,46,95,98,124,20,130,97,93,62,38"/><U108/><E105/><V65/><F131/><W3/><G34/><T1/><D132/><U101/><E123/><V134/><F127/><W33/><G33/><T27/><D74/><U116/><E116/><V55/><F55/><W18/><G130/><T35/><D35/><U13/><E112/><N who="2" m="43115" /><F26/><W19/><G124/><T54/><D1/><U79/><E79/><V111/><F111/><N who="1" m="42537" /><E92/><V16/><F12/><W7/><G62/><T99/><D2/><U120/><E120/><V126/><F126/><W90/><REACH who="3" step="1"/><G20/><REACH who="3" ten="250,327,173,240" step="2"/><T47/><D107/><U44/><E63/><V60/><F60/><W24/><G24/><T30/><D99/><U25/><E25/><V119/><F119/><W39/><G39/><T22/><D22/><U57/><E66/><N who="2" m="25099" /><F83/><W69/><G69/><T32/><D32/><U0/><E50/><V70/><F70/><W75/><G75/><T72/><D73/><U128/><E128/><V133/><F134/><W5/><G5/><T106/><D106/><U58/><E29/><V51/><F51/><W86/><G86/><T42/><D72/><U68/><E31/><V36/><F36/><AGARI ba="0,1" hai="23,27,30,36,42,47,52,54,77,80,87,91,94,96" machi="36" ten="30,3900,0" yaku="7,1,52,1,54,1" doraHai="71" who="0" fromWho="2" sc="250,49,327,0,173,-39,240,0" /><INIT seed="2,0,0,1,0,47" ten="299,327,134,240" oya="2" hai0="82,41,101,2,42,48,15,76,90,55,73,107,113" hai1="116,88,8,105,19,125,18,127,96,134,34,104,98" hai2="31,69,67,91,115,133,57,36,25,100,71,21,126" hai3="43,135,9,114,109,110,46,40,54,131,14,20,92"/><V60/><F115/><W84/><G20/><T39/><D2/><U6/><E34/><V45/><F133/><W130/><G135/><T99/><D39/><U128/><E134/><V129/><F129/><N who="3" m="49163" /><G114/><T78/><D113/><U117/><E128/><V80/><F126/><W61/><G92/><T10/><D90/><U65/><E65/><V0/><F0/><W93/><G93/><T26/><D26/><U23/><E23/><V38/><F100/><W1/><G1/><T30/><D30/><U83/><E83/><V121/><F121/><W89/><G89/><T22/><D22/><U94/><E6/><V81/><F36/><N who="3" m="21767" /><G84/><T32/><D32/><U119/><E8/><V27/><F27/><W50/><G61/><T51/><D78/><U97/><E19/><V72/><F81/><W4/><G43/><T86/><D42/><U123/><E18/><V120/><F120/><W5/><G4/><T95/><D41/><U11/><E11/><V29/><F29/><W118/><G118/><T74/><D73/><U85/><E123/><V16/><F31/><W111/><G54/><T87/><D87/><U7/><E7/><V49/><F38/><W70/><G70/><T3/><D55/><U64/><E64/><V68/><F91/><W122/><G122/><T103/><D3/><U56/><E105/><V108/><F80/><W35/><G35/><T13/><D101/><U33/><E104/><V62/><F72/><W53/><G53/><T132/><D132/><U37/><E33/><V28/><F28/><W44/><G44/><T17/><D15/><U102/><E116/><RYUUKYOKU ba="0,0" sc="299,15,327,-15,134,-15,240,15" hai0="10,13,17,48,51,74,76,82,86,95,99,103,107" hai3="5,9,14,50,109,110,111" /><INIT seed="3,1,0,5,2,85" ten="314,312,119,255" oya="3" hai0="34,134,55,79,112,13,53,132,135,17,59,115,0" hai1="75,35,82,97,2,78,123,105,48,103,28,104,29" hai2="16,39,98,14,56,116,133,117,91,32,83,38,63" hai3="8,77,106,52,107,94,7,27,9,40,81,102,24"/><W69/><G69/><T89/><D0/><U58/><E123/><V127/><F32/><W30/><G40/><T23/><D34/><U66/><E2/><V1/><F1/><W18/><G18/><T26/><D79/><U130/><E130/><V60/><F127/><W111/><G111/><T122/><D122/><U131/><E131/><V71/><F71/><W128/><G128/><T119/><D119/><U120/><E120/><V73/><F63/><W57/><G94/><T47/><D47/><U44/><E105/><V90/><F116/><W92/><G92/><T49/><D55/><U31/><E58/><V64/><F117/><W93/><G93/><T95/><REACH who="0" step="1"/><D26/><REACH who="0" ten="304,312,119,255" step="2"/><U109/><E35/><V21/><F133/><W19/><G27/><T72/><D72/><U113/><E109/><V3/><F3/><W86/><G24/><T126/><D126/><U61/><E113/><V50/><F50/><W45/><G52/><T129/><D129/><U51/><E44/><V62/><F62/><W46/><G45/><T76/><D76/><U41/><E41/><V125/><F125/><W4/><G46/><T70/><D70/><U124/><E124/><V6/><F98/><AGARI ba="1,1" hai="13,17,23,49,53,59,89,95,98,112,115,132,134,135" machi="98" ten="40,5200,0" yaku="1,1,20,1,52,1,53,0" doraHai="85" doraHaiUra="43" who="0" fromWho="2" sc="304,65,312,0,119,-55,255,0" /><INIT seed="4,0,0,1,5,62" ten="369,312,64,255" oya="0" hai0="22,20,68,111,61,55,102,97,31,19,124,104,35" hai1="130,24,106,48,67,4,132,81,116,126,101,11,44" hai2="134,80,43,66,15,25,38,59,42,50,32,0,113" hai3="120,119,1,27,103,133,46,118,57,13,127,105,36"/><T58/><D124/><U88/><E116/><V84/><F0/><W51/><G1/><T135/><D135/><U18/><E126/><V41/><F134/><W117/><G133/><T129/><D129/><U8/><E132/><V6/><F113/><W21/><G127/><T54/><D111/><U2/><E130/><V93/><F38/><W73/><G73/><T112/><D112/><U14/><E106/><V125/><F125/><W7/><G36/><T107/><D107/><U10/><E101/><V79/><F93/><W110/><G110/><T39/><D39/><U92/><E67/><V98/><F98/><W90/><G120/><T16/><D54/><U87/><E92/><V96/><F96/><W63/><G103/><T29/><D35/><U95/><E95/><V94/><F94/><W37/><G105/><T86/><D86/><U3/><E24/><V75/><F75/><W28/><G37/><T131/><D131/><U114/><E114/><V109/><F109/><W40/><G90/><T56/><D68/><U12/><E11/><N who="2" m="4599" /><F32/><W99/><G99/><T121/><D121/><U45/><E45/><N who="2" m="25903" /><F25/><W26/><G26/><T34/><D34/><U65/><E65/><V82/><F82/><W122/><G122/><T100/><D104/><U83/><E83/><V70/><F70/><W71/><G71/><T30/><D97/><U91/><E91/><V72/><F72/><W33/><G33/><T85/><D85/><U123/><E123/><V53/><F66/><N who="3" m="39279" /><G118/><T74/><D74/><U69/><E69/><V47/><F47/><W49/><G49/><T128/><D128/><RYUUKYOKU ba="0,0" sc="369,-30,312,10,64,10,255,10" hai1="2,3,4,8,10,12,14,18,44,48,81,87,88" hai2="42,43,53,59,79,80,84" hai3="7,13,21,27,28,40,46,51,117,119" /><INIT seed="5,1,0,2,3,8" ten="339,322,74,265" oya="1" hai0="18,110,22,102,119,39,11,68,40,12,130,4,72" hai1="34,66,3,2,58,36,47,116,24,109,33,21,52" hai2="26,17,51,14,111,23,121,50,112,126,67,70,106" hai3="16,73,99,82,46,105,79,91,56,41,15,69,86"/><U60/><E116/><V113/><F106/><W123/><G69/><T49/><D39/><U100/><E109/><V53/><F121/><W30/><G30/><T29/><D72/><U32/><E100/><V101/><F101/><W93/><G56/><T28/><D119/><U114/><E114/><N who="2" m="44139" /><F111/><W27/><G27/><T62/><D130/><U134/><E134/><V95/><F126/><W124/><G123/><T37/><D37/><U128/><E128/><V122/><F122/><W38/><G124/><T35/><D35/><U132/><E132/><V25/><F95/><W43/><G43/><T88/><D102/><U90/><E90/><V7/><F7/><W104/><REACH who="3" step="1"/><G73/><REACH who="3" ten="339,322,74,255" step="2"/><T48/><D40/><U64/><E47/><N who="2" m="27871" /><F51/><W98/><G98/><T20/><D48/><U57/><E36/><V94/><F94/><W13/><G13/><T31/><D49/><U96/><E96/><V107/><F107/><W9/><AGARI ba="1,1" hai="9,15,16,38,41,46,79,82,86,91,93,99,104,105" machi="9" ten="20,8000,1" yaku="1,1,0,1,7,1,52,1,54,1,53,0" doraHai="8" doraHaiUra="108" who="3" fromWho="3" sc="339,-21,322,-41,74,-21,255,93" /><INIT seed="6,0,0,1,1,113" ten="318,281,53,348" oya="2" hai0="19,123,92,101,51,75,1,7,42,47,132,108,64" hai1="63,111,128,60,2,46,59,133,71,130,110,15,93" hai2="38,3,94,90,76,81,29,97,120,25,11,41,53" hai3="117,78,114,23,10,84,102,73,45,28,37,0,124"/><V100/><F120/><W24/><G102/><T13/><D123/><U8/><E2/><V30/><F30/><W105/><G84/><T109/><D75/><U31/><E31/><V68/><F68/><W9/><G105/><T35/><D35/><U86/><E93/><V127/><F127/><W125/><G114/><T34/><D34/><U44/><E86/><V40/><F38/><W107/><G107/><T66/><D1/><U58/><E15/><V26/><F26/><W121/><G121/><T87/><D7/><U6/><E8/><V72/><F53/><W119/><G10/><T54/><D109/><U126/><E6/><V91/><F91/><W21/><G21/><T95/><D108/><U52/><E71/><V83/><F83/><N who="3" m="45519" /><G125/><T79/><D95/><U129/><E126/><V77/><F77/><W112/><G112/><T115/><D115/><U16/><E16/><V56/><F56/><W116/><G124/><T103/><D79/><U17/><E17/><V88/><F90/><W96/><G96/><T20/><D87/><U104/><E104/><V70/><F70/><W135/><G135/><T122/><D132/><U65/><E133/><V48/><F48/><W98/><G98/><N who="0" m="59591" /><D103/><U62/><E62/><V61/><F61/><W5/><G119/><T57/><D122/><U36/><E36/><V55/><F100/><W27/><G27/><T85/><D85/><U43/><E43/><AGARI ba="0,0" hai="0,5,9,23,24,28,37,43,45,116,117" m="45519" machi="43" ten="30,3900,0" yaku="25,1,52,2" doraHai="113" who="3" fromWho="1" sc="318,0,281,-39,53,0,348,39" /><INIT seed="7,0,0,3,5,35" ten="318,242,53,387" oya="3" hai0="102,68,80,134,65,75,16,118,13,64,77,72,82" hai1="78,51,42,57,119,115,47,121,36,132,104,1,130" hai2="48,125,11,100,9,21,23,93,107,15,133,34,25" hai3="7,10,117,3,106,83,60,92,86,4,38,127,74"/><W129/><G106/><T88/><D134/><U54/><E104/><V114/><F93/><W24/><G117/><T123/><D123/><U30/><E121/><V37/><F100/><W18/><G38/><T98/><D118/><U81/><E119/><V19/><F48/><W29/><G7/><T14/><D68/><U45/><E130/><V0/><F37/><W58/><G18/><T89/><D102/><U122/><E115/><V101/><F101/><W22/><G92/><T43/><D43/><U108/><E132/><V26/><F107/><W99/><G99/><T33/><D33/><U50/><E108/><V71/><F71/><W5/><G5/><T62/><D98/><U8/><E30/><V96/><F96/><W97/><G97/><T95/><D95/><U69/><E69/><V59/><F59/><W103/><G103/><T12/><D62/><U52/><E122/><V31/><F133/><W49/><G58/><T27/><D27/><U2/><E8/><V128/><F128/><W111/><G10/><T20/><D12/><U6/><E6/><V116/><F116/><W131/><G4/><T66/><REACH who="0" step="1"/><D13/><REACH who="0" ten="308,242,53,387" step="2"/><U85/><AGARI ba="0,1" hai="1,2,36,42,45,47,50,51,52,54,57,78,81,85" machi="85" ten="20,8000,1" yaku="0,1,7,1,52,2,54,1" doraHai="35" who="1" fromWho="1" sc="308,-20,242,90,53,-20,387,-40" owari="288,-11.0,332,13.0,33,-47.0,347,45.0" /></mjloggm>