<mjloggm ver="2.3"><GO type="225" lobby="0"/><UN n0="%E3%81%86%E3%81%A9%E3%82%93%E5%B1%8B" n1="%E3%83%88%E3%83%88%E3%83%AA%E5%85%88%E7%94%9F%31%39%E6%AD%B3" n2="%46%4C%41%4D%45" n3="%E6%B4%BE%E9%81%A3%E3%81%AE%E3%82%B8%E3%83%A3%E3%83%83%E3%82%AF" dan="17,16,16,17" rate="2153.53,2155.55,2163.06,2177.55" sx="M,F,M,M"/><TAIKYOKU oya="0"/><INIT seed="0,0,0,5,0,91" ten="250,250,250,250" oya="0" hai0="9,35,45,57,18,60,50,114,66,46,64,87,120" hai1="15,30,133,53,11,16,123,81,65,117,48,132,59" hai2="51,58,54,12,134,5,63,88,90,97,86,126,118" hai3="121,130,21,78,122,62,102,10,116,96,29,74,113"/><T71/><D35/><U107/><E117/><V80/><F118/><W52/><G116/><T32/><D32/><U0/><E123/><V7/><F126/><W14/><G113/><T94/><D114/><U23/><E107/><V6/><F134/><N who="1" m="51817" /><E65/><V33/><F33/><W31/><G130/><T104/><D104/><U4/><E81/><V98/><F12/><W108/><G108/><T127/><D120/><U110/><E30/><V27/><F27/><W25/><G31/><T77/><D127/><U34/><E34/><V79/><F63/><W44/><G74/><T93/><D71/><U72/><E72/><V67/><F67/><W69/><G78/><T101/><D66/><U84/><E84/><V39/><F39/><W105/><G69/><T106/><D106/><U124/><E124/><V128/><F128/><W47/><G121/><T135/><D101/><U22/><E22/><V55/><F55/><W1/><G122/><T89/><D77/><U41/><E41/><V109/><F109/><AGARI ba="0,0" hai="0,4,11,15,16,23,48,53,59,109,110" m="51817" machi="109" ten="30,2000,0" yaku="20,1,54,1" doraHai="91" who="1" fromWho="2" sc="250,0,250,20,250,-20,250,0" /><INIT seed="1,0,0,3,0,6" ten="250,270,230,250" oya="1" hai0="58,117,15,51,50,24,46,72,26,92,53,23,134" hai1="122,80,14,129,66,31,37,88,5,135,48,10,100" hai2="25,28,21,81,106,18,131,12,64,35,29,97,114" hai3="36,105,90,57,71,89,62,86,47,17,118,19,110"/><U27/><E122/><V96/><F131/><W7/><G105/><T67/><D72/><U94/><E37/><V119/><F119/><W130/><G71/><T73/><D73/><U109/><E129/><V126/><F126/><W98/><G130/><T11/><D117/><U40/><E135/><V82/><F114/><W87/><G110/><T74/><D74/><U8/><E109/><V78/><F29/><W2/><G118/><T59/><D134/><U76/><E66/><V30/><F30/><W124/><G98/><T85/><D23/><N who="1" m="15871" /><E100/><V60/><F78/><W1/><G124/><T4/><D67/><U79/><E80/><V95/><F106/><W68/><G68/><T34/><D34/><U113/><E113/><V75/><F75/><W54/><G47/><T111/><D111/><U39/><E39/><V38/><F38/><W45/><G45/><T41/><D59/><U9/><E48/><V123/><F123/><W0/><G36/><T63/><D51/><U3/><E3/><V84/><F84/><W91/><G7/><T32/><D32/><U120/><E40/><V83/><REACH who="2" step="1"/><F95/><REACH who="2" ten="250,270,220,250" step="2"/><W125/><G125/><T116/><D116/><U61/><E120/><V65/><F65/><W20/><G86/><T70/><D70/><AGARI ba="0,1" hai="12,18,21,25,28,35,60,64,70,81,82,83,96,97" machi="70" ten="40,1300,0" yaku="1,1,53,0" doraHai="6" doraHaiUra="108" who="2" fromWho="0" sc="250,-13,270,0,220,23,250,0" /><INIT seed="2,0,0,1,3,116" ten="237,270,243,250" oya="2" hai0="56,12,23,129,9,26,92,42,17,33,84,7,114" hai1="73,8,22,83,94,97,67,11,91,115,27,18,79" hai2="10,88,135,48,37,82,70,132,50,111,19,64,118" hai3="62,110,69,113,95,5,38,34,15,127,28,35,55"/><V24/><F37/><W57/><G38/><T133/><D114/><U99/><E115/><V59/><F118/><W98/><G113/><T96/><D129/><U105/><E105/><V72/><F72/><W121/><G69/><T13/><D133/><N who="2" m="51274" /><F70/><W31/><G110/><T25/><D42/><U63/><REACH who="1" step="1"/><E97/><REACH who="1" ten="237,260,243,250" step="2"/><V102/><F111/><W126/><G98/><T112/><D112/><U46/><E46/><V125/><F125/><W39/><G126/><T51/><D96/><U1/><E1/><V108/><F108/><W54/><G127/><T119/><D119/><U4/><E4/><V65/><F102/><W43/><G5/><T81/><D7/><U49/><E49/><V100/><F100/><W52/><G39/><T130/><D51/><U90/><E90/><V61/><F50/><W101/><G101/><T87/><D130/><U120/><E120/><V117/><F48/><W58/><G121/><T44/><D44/><U124/><E124/><V3/><F3/><W74/><G43/><T6/><D6/><U2/><E2/><V107/><F107/><W29/><G62/><T122/><D122/><U85/><E85/><N who="2" m="50231" /><F117/><W76/><G74/><T103/><D103/><U77/><E77/><V16/><F61/><W89/><G76/><T134/><D134/><U80/><E80/><V75/><F75/><W109/><G109/><T14/><D81/><U131/><E131/><V0/><F0/><W66/><G89/><T68/><D87/><U21/><E21/><N who="2" m="13375" /><F59/><AGARI ba="0,1" hai="8,11,18,22,27,59,63,67,73,79,83,91,94,99" machi="59" ten="30,3900,0" yaku="1,1,7,1,53,1" doraHai="116" doraHaiUra="104" who="1" fromWho="2" sc="237,0,260,49,243,-39,250,0" /><INIT seed="3,0,0,3,3,33" ten="237,309,204,250" oya="3" hai0="82,25,62,123,76,81,36,133,57,115,87,52,27" hai1="64,65,32,98,74,41,61,14,35,56,95,116,28" hai2="17,117,111,102,13,91,79,39,84,31,18,45,120" hai3="75,73,109,1,113,55,104,86,90,88,42,68,93"/><W26/><G113/><T49/><D36/><U44/><E74/><V71/><F117/><W8/><G104/><T132/><D123/><U9/><E116/><V118/><F118/><W110/><G68/><T66/><D115/><U128/><E128/><V10/><F71/><W63/><G42/><T30/><D82/><U124/><E124/><V107/><F120/><W77/><G77/><T126/><D126/><U94/><E64/><V108/><F79/><W34/><G90/><T80/><D80/><U22/><E22/><V23/><F31/><N who="3" m="19831" /><G55/><T59/><REACH who="0" step="1"/><D25/><REACH who="0" ten="227,309,204,250" step="2"/><U105/><E35/><AGARI ba="0,1" hai="27,30,35,49,52,57,59,62,66,76,81,87,132,133" machi="35" ten="40,5200,0" yaku="1,1,2,1,54,1,53,0" doraHai="33" doraHaiUra="37" who="0" fromWho="1" sc="227,62,309,-52,204,0,250,0" /><INIT seed="4,0,0,4,2,123" ten="289,257,204,250" oya="0" hai0="19,67,124,58,119,116,16,132,5,10,82,51,107" hai1="85,50,94,114,30,103,53,91,4,73,22,102,122" hai2="52,74,101,38,130,23,133,33,96,135,126,1,106" hai3="8,109,60,110,47,15,12,80,77,0,105,70,129"/><T54/><D107/><U64/><E122/><V49/><F33/><W97/><G105/><T48/><D132/><N who="2" m="50762" /><F38/><W93/><G129/><T7/><D124/><U45/><E73/><V35/><F35/><W72/><G15/><T2/><D67/><U83/><E114/><V79/><F1/><W111/><G47/><T104/><D104/><U44/><E4/><V68/><F68/><W113/><G113/><T112/><D112/><U62/><E44/><N who="2" m="27687" /><F130/><W65/><G0/><T131/><D131/><U29/><E83/><N who="2" m="45559" /><F23/><W59/><G70/><T78/><D5/><U36/><E36/><V88/><F88/><W6/><G109/><T31/><D31/><U115/><E115/><V34/><F34/><W89/><AGARI ba="0,0" hai="6,8,12,59,60,65,72,77,80,89,93,97,110,111" machi="89" ten="20,5200,0" yaku="0,1,7,1,52,2" doraHai="123" who="3" fromWho="3" sc="289,-26,257,-13,204,-13,250,52" owari="263,6.0,244,-16.0,191,-31.0,302,41.0" /></mjloggm>