<mjloggm ver="2.3"><GO type="97" lobby="0"/><UN n0="%E5%B0%B1%E6%B4%BB%E7%94%9F%40%E5%B7%9D%E6%9D%91%E8%BB%8D%E5%9B%A3" n1="%E6%AC%A1%E4%BA%9C%E5%A1%A9%E7%B4%A0%E9%85%B8" n2="%4B%2D%59%41%53" n3="%E5%B0%8F%E6%9D%8E%E5%BA%83" dan="14,14,14,14" rate="1974.73,1892.59,1913.98,1907.53" sx="M,M,M,M"/><TAIKYOKU oya="0"/><INIT seed="0,0,0,2,4,73" ten="250,250,250,250" oya="0" hai0="80,54,53,43,107,97,89,19,22,3,28,49,21" hai1="68,36,85,13,45,79,63,46,15,51,105,66,106" hai2="92,110,10,20,114,70,0,112,14,116,34,40,42" hai3="52,30,87,6,39,100,50,18,135,94,91,65,119"/><T38/><D3/><U47/><E36/><V83/><F34/><W64/><G39/><T103/><D38/><U48/><E105/><V96/><F110/><W77/><G135/><T17/><D43/><U7/><E106/><V5/><F116/><W129/><G30/><T1/><D1/><U62/><E62/><V26/><F70/><W69/><G69/><T29/><D89/><U8/><REACH who="1" step="1"/><E15/><REACH who="1" ten="250,240,250,250" step="2"/><V58/><F14/><W4/><G119/><T131/><D131/><U108/><E108/><V32/><F112/><W104/><G129/><T76/><D49/><U113/><E113/><V2/><F114/><W84/><G104/><T16/><D22/><U117/><E117/><V81/><F20/><W72/><G65/><T55/><REACH who="0" step="1"/><D21/><REACH who="0" ten="240,240,250,250" step="2"/><U35/><E35/><V24/><F32/><W115/><G115/><T23/><D23/><U75/><E75/><AGARI ba="0,2" hai="16,17,19,28,29,53,54,55,75,76,80,97,103,107" machi="75" ten="40,7700,0" yaku="1,1,52,1,54,1,53,0" doraHai="73" doraHaiUra="44" who="0" fromWho="1" sc="240,97,240,-77,250,0,250,0" /><INIT seed="0,1,0,4,4,51" ten="337,163,250,250" oya="0" hai0="78,122,65,130,62,3,107,99,17,111,29,55,41" hai1="82,118,104,4,54,16,61,86,35,12,93,101,121" hai2="67,46,71,131,105,76,108,124,5,42,32,49,22" hai3="95,8,1,97,7,18,38,128,40,59,43,132,30"/><T11/><D122/><U75/><E75/><V112/><F112/><W45/><G128/><T9/><D41/><U135/><E121/><V117/><F32/><W100/><G30/><T57/><D130/><U20/><E35/><V27/><F131/><W26/><G132/><T80/><D111/><U33/><E33/><V94/><F105/><W6/><G43/><T53/><D29/><U113/><E104/><V13/><F108/><W84/><G84/><N who="0" m="48151" /><D3/><U73/><E118/><V15/><F124/><W21/><G7/><T127/><D107/><U23/><E73/><V74/><F117/><W123/><G123/><T63/><D63/><U85/><E135/><V115/><F115/><W52/><G59/><T109/><D109/><U120/><E120/><V14/><F71/><W28/><REACH who="3" step="1"/><G18/><REACH who="3" ten="337,163,250,240" step="2"/><T24/><D57/><N who="1" m="34999" /><E4/><V69/><F5/><W68/><G68/><T96/><D17/><N who="1" m="10279" /><E113/><V114/><F114/><W37/><G37/><T36/><D36/><U106/><E106/><V25/><F69/><W90/><G90/><T0/><D127/><U87/><E101/><V110/><F110/><W89/><G89/><T2/><D2/><U116/><E116/><V19/><F19/><W88/><G88/><T72/><D0/><U134/><E134/><V58/><F42/><W103/><G103/><T125/><D72/><U39/><E39/><V81/><F74/><W56/><G56/><T44/><D125/><U98/><E85/><V126/><F126/><W77/><G77/><T83/><D99/><U133/><E133/><V60/><F76/><W92/><G92/><T48/><D96/><RYUUKYOKU ba="1,1" sc="337,-10,163,-10,250,-10,240,30" hai3="1,6,8,21,26,28,38,40,45,52,95,97,100" /><INIT seed="1,2,1,0,0,116" ten="327,153,240,270" oya="1" hai0="18,104,54,48,55,16,45,51,126,63,102,95,2" hai1="14,53,114,30,101,60,134,98,44,7,57,89,87" hai2="128,46,90,96,103,106,19,130,83,13,81,9,25" hai3="29,11,38,66,94,32,6,62,50,76,84,85,105"/><U43/><E114/><V42/><F25/><W23/><G38/><T69/><D2/><U41/><E134/><V52/><F90/><W21/><G105/><T74/><D74/><U82/><E30/><V26/><F26/><W122/><G122/><T123/><D104/><U36/><E36/><N who="2" m="21831" /><F52/><W20/><G50/><T135/><D123/><U5/><E14/><V37/><F37/><W121/><G121/><T24/><D24/><U113/><E113/><V39/><F39/><W79/><G32/><T129/><D126/><U4/><REACH who="1" step="1"/><E44/><REACH who="1" ten="327,143,240,270" step="2"/><V65/><F65/><W56/><G29/><T17/><D135/><U100/><E100/><V61/><F61/><W47/><G47/><N who="0" m="27935" /><D129/><AGARI ba="2,2" hai="9,13,19,81,83,96,103,106,128,129,130" m="21831" machi="129" ten="30,1000,0" yaku="19,1" doraHai="116" who="2" fromWho="0" sc="327,-16,143,0,240,36,270,0" /><INIT seed="2,0,0,0,0,40" ten="311,143,276,270" oya="2" hai0="15,50,126,84,48,83,12,88,82,112,87,96,75" hai1="28,51,91,55,109,61,45,54,80,102,56,123,63" hai2="124,59,44,110,122,33,101,42,58,132,119,19,64" hai3="129,62,14,69,103,60,47,81,130,77,92,105,5"/><V128/><F119/><W16/><G105/><T116/><D112/><U21/><E102/><V35/><F122/><W6/><G103/><T66/><D116/><U27/><E109/><V98/><F132/><W120/><G120/><T53/><D126/><U32/><E123/><V2/><F2/><W13/><G92/><N who="0" m="56327" /><D66/><U39/><E39/><V36/><F124/><W108/><G108/><T0/><D75/><U24/><E80/><N who="0" m="30761" /><D0/><U10/><E91/><V30/><F110/><W115/><G115/><T73/><D73/><U100/><E100/><V38/><F128/><N who="3" m="49259" /><G81/><T4/><D50/><U23/><E10/><V117/><F117/><W52/><G77/><T127/><D127/><U94/><E94/><V106/><F38/><W8/><G14/><N who="0" m="5163" /><D4/><N who="3" m="1641" /><G69/><T78/><D78/><U41/><REACH who="1" step="1"/><E27/><REACH who="1" ten="311,133,276,270" step="2"/><V49/><F36/><W90/><G90/><T43/><D87/><U93/><E93/><V26/><F35/><W72/><G72/><T11/><D84/><U18/><E18/><V99/><F99/><W29/><G29/><T25/><D25/><U34/><E34/><V68/><F19/><W46/><G52/><T97/><D11/><U134/><E134/><V70/><REACH who="2" step="1"/><F70/><REACH who="2" ten="311,133,266,270" step="2"/><W1/><G1/><T65/><D97/><U114/><E114/><V7/><F7/><W107/><G107/><T95/><D95/><U57/><AGARI ba="0,2" hai="21,23,24,28,32,41,45,51,54,55,56,57,61,63" machi="57" ten="30,7900,0" yaku="1,1,0,1,9,1,52,1,53,0" doraHai="40" doraHaiUra="133" who="1" fromWho="1" sc="311,-20,133,99,266,-39,270,-20" /><INIT seed="3,0,0,4,3,55" ten="291,232,227,250" oya="3" hai0="80,0,90,9,53,24,8,127,50,16,6,109,12" hai1="5,49,69,124,15,94,107,60,93,120,64,10,2" hai2="103,77,46,33,58,34,121,32,106,108,36,135,101" hai3="3,40,86,79,126,99,66,41,91,92,74,61,54"/><W68/><G3/><T18/><D127/><U70/><E107/><V23/><F108/><W82/><G126/><T56/><D109/><U30/><E120/><V112/><F112/><W31/><G31/><T48/><D24/><U43/><E70/><V130/><F135/><W22/><G22/><T81/><D90/><U14/><E124/><V102/><F130/><W125/><G125/><T105/><D105/><U129/><E129/><V67/><F121/><W111/><G111/><T115/><D115/><U65/><E65/><V87/><F106/><W95/><REACH who="3" step="1"/><G54/><REACH who="3" ten="291,232,227,240" step="2"/><N who="0" m="31815" /><D0/><U123/><E30/><V110/><F110/><W51/><G51/><T133/><D133/><U128/><E49/><V11/><F23/><W20/><G20/><T47/><D9/><U35/><E10/><V131/><F131/><W119/><G119/><T71/><D71/><U98/><E2/><V62/><F11/><W42/><G42/><T84/><D53/><U122/><E43/><V78/><REACH who="2" step="1"/><F87/><REACH who="2" ten="291,232,217,240" step="2"/><W117/><G117/><T89/><D84/><U113/><E35/><V4/><F4/><W29/><G29/><T96/><D8/><U73/><E5/><V116/><F116/><W88/><AGARI ba="0,2" hai="40,41,61,66,68,74,79,82,86,88,91,92,95,99" machi="88" ten="20,18000,2" yaku="1,1,0,1,7,1,54,1,53,2" doraHai="55" doraHaiUra="85" who="3" fromWho="3" sc="291,-60,232,-60,217,-60,240,200" owari="231,3.0,172,-23.0,157,-34.0,440,54.0" /></mjloggm>