<mjloggm ver="2.3"><GO type="41" lobby="0"/><UN n0="%4A%2E%63%6F%6D%40%4B%31" n1="%E5%B0%B1%E6%B4%BB%E7%94%9F%40%E5%B7%9D%E6%9D%91%E8%BB%8D%E5%9B%A3" n2="%50%55%59%4F%50%4F%50" n3="%79%6D%69%6C%6B%79" dan="14,15,15,13" rate="1896.82,2020.33,2033.21,1958.94" sx="F,M,M,M"/><TAIKYOKU oya="0"/><INIT seed="0,0,0,5,5,51" ten="250,250,250,250" oya="0" hai0="88,14,111,21,58,101,56,48,89,85,32,73,95" hai1="94,9,118,70,47,102,8,33,90,87,39,80,15" hai2="25,78,79,12,104,99,96,22,103,54,110,115,45" hai3="84,26,126,16,61,134,91,29,72,117,2,81,107"/><T38/><D32/><U7/><E33/><V120/><F120/><W131/><G107/><T112/><D38/><U10/><E118/><V28/><F115/><W69/><G117/><T92/><D112/><U128/><E70/><V129/><F129/><W20/><G131/><T4/><D73/><U50/><E128/><V30/><F110/><W40/><G126/><T17/><D101/><U31/><E39/><V19/><F96/><W74/><G2/><T77/><D77/><U75/><E31/><V132/><F132/><W108/><G108/><T42/><D111/><U63/><E63/><V46/><F46/><W65/><G134/><T36/><D36/><U66/><E66/><V100/><F100/><W55/><G40/><T86/><D4/><U68/><E68/><V3/><F3/><W82/><G82/><T113/><D113/><U123/><E123/><V116/><F116/><W106/><G106/><T105/><D105/><U64/><E64/><V109/><F109/><W71/><G71/><T124/><D124/><U43/><E75/><V122/><F122/><W93/><G81/><T49/><D49/><U67/><E67/><V57/><F45/><AGARI ba="0,0" hai="14,17,21,42,45,48,56,58,85,86,88,89,92,95" machi="45" ten="40,7700,0" yaku="9,1,8,1,54,1" doraHai="51" who="0" fromWho="2" sc="250,77,250,0,250,-77,250,0" /><INIT seed="0,1,0,4,4,49" ten="327,250,173,250" oya="0" hai0="54,21,29,9,78,37,27,32,71,31,17,16,83" hai1="113,64,6,5,119,120,58,45,22,112,0,134,96" hai2="51,46,61,52,131,104,18,93,108,129,133,20,2" hai3="118,128,68,86,15,75,109,7,106,111,44,74,25"/><T1/><D71/><U67/><E0/><V102/><F104/><W73/><G106/><T4/><D37/><U59/><E120/><V8/><F108/><W10/><G68/><T24/><REACH who="0" step="1"/><D54/><REACH who="0" ten="317,250,173,250" step="2"/><U65/><E119/><V38/><F133/><W114/><G118/><T105/><D105/><U125/><E134/><V30/><F38/><W132/><G132/><T28/><D28/><U77/><E113/><V69/><F30/><W91/><G114/><T126/><D126/><U41/><E125/><V115/><F115/><W63/><G128/><T88/><D88/><U26/><E112/><V92/><F129/><W122/><G122/><T116/><D116/><U80/><E67/><V97/><F131/><W60/><G44/><T40/><D40/><U55/><E65/><V14/><F69/><W53/><G53/><T36/><D36/><U13/><E64/><V100/><F100/><W103/><G103/><T135/><D135/><U42/><E42/><V117/><F117/><W95/><G111/><T48/><D48/><U121/><E55/><V33/><F61/><W50/><G109/><T35/><D35/><U130/><E41/><V11/><F33/><W85/><G50/><T23/><D23/><U82/><E22/><V76/><F76/><W127/><G127/><T56/><D56/><U107/><E59/><V34/><F34/><W72/><G63/><T87/><AGARI ba="1,1" hai="1,4,9,16,17,21,24,27,29,31,32,78,83,87" machi="87" ten="20,7800,0" yaku="1,1,0,1,7,1,54,1,53,0" doraHai="49" doraHaiUra="99" who="0" fromWho="0" sc="317,91,250,-27,173,-27,250,-27" /><INIT seed="0,2,0,1,3,85" ten="408,223,146,223" oya="0" hai0="125,6,75,55,129,81,13,94,62,118,96,9,123" hai1="83,29,28,61,4,34,103,31,23,116,47,113,2" hai2="93,66,45,99,56,92,111,98,44,18,53,72,67" hai3="30,5,15,114,43,52,101,126,124,79,106,41,17"/><T76/><D118/><U115/><E34/><V7/><F111/><W46/><G5/><T11/><D123/><U132/><E116/><V54/><F72/><W112/><G30/><T109/><D125/><N who="3" m="48233" /><G79/><T21/><D129/><U51/><E132/><V57/><REACH who="2" step="1"/><F7/><REACH who="2" ten="408,223,136,223" step="2"/><W107/><G101/><T22/><D6/><U69/><E103/><V37/><F37/><W63/><G112/><T104/><D75/><U82/><E4/><V91/><F91/><W64/><G114/><T119/><D109/><U33/><E113/><V8/><F8/><N who="3" m="6375" /><G52/><T25/><D9/><U27/><E115/><V87/><F87/><W78/><G78/><T88/><D11/><U84/><E33/><V32/><F32/><W130/><G41/><T95/><D55/><U121/><E121/><V80/><F80/><W133/><G130/><T127/><D81/><U77/><E83/><V3/><F3/><W1/><G1/><T108/><D108/><U39/><E39/><V122/><F122/><W68/><G133/><T0/><D0/><U100/><E100/><V26/><F26/><W60/><G60/><T48/><D62/><U50/><E2/><V38/><F38/><AGARI ba="2,1" hai="38,43,46,63,64,68,106,107" m="6375,48233" machi="38" ten="30,1000,0" yaku="18,1" doraHai="85" who="3" fromWho="2" sc="408,0,223,0,136,-16,223,26" /><INIT seed="1,0,0,1,5,92" ten="408,223,120,249" oya="1" hai0="132,20,61,100,94,39,68,11,77,14,41,58,30" hai1="32,85,28,80,73,105,86,69,122,120,88,125,98" hai2="84,112,78,72,37,4,97,60,93,16,124,59,115" hai3="31,8,134,15,64,89,131,111,63,54,108,0,1"/><U29/><E69/><V56/><F37/><W57/><G31/><T9/><D68/><U126/><E32/><V129/><F4/><W75/><G75/><T114/><D77/><N who="1" m="44079" /><E29/><V74/><F129/><W76/><G134/><T2/><D30/><U23/><E23/><V66/><F124/><N who="1" m="47721" /><E28/><V18/><F84/><N who="1" m="32361" /><E105/><V33/><F33/><W106/><G76/><T48/><D20/><U81/><E81/><N who="2" m="45255" /><F74/><W65/><G131/><T79/><D79/><U67/><E67/><V87/><F87/><W10/><G106/><T117/><D9/><U35/><E35/><V102/><F59/><W34/><G34/><T71/><D11/><U19/><E19/><V49/><F49/><W40/><G40/><T17/><D48/><U53/><E53/><V96/><F96/><W121/><G54/><T110/><D41/><U123/><E123/><V130/><F130/><W44/><G121/><T90/><D71/><U91/><E91/><V26/><F26/><W55/><G89/><T38/><D90/><U62/><E62/><V43/><F43/><W116/><G55/><T21/><D61/><U103/><E103/><V119/><F60/><W99/><G63/><T50/><D100/><U36/><E36/><V42/><F66/><W113/><G57/><T25/><D58/><U27/><E27/><V51/><F56/><W52/><G52/><T47/><D25/><U133/><E133/><V70/><F70/><W12/><G65/><T127/><D38/><U95/><AGARI ba="0,0" hai="88,95,98,120,122" m="32361,47721,44079" machi="95" ten="30,12000,1" yaku="18,1,34,2,52,1,54,1" doraHai="92" who="1" fromWho="1" sc="408,-40,223,120,120,-40,249,-40" /><INIT seed="1,1,0,4,0,18" ten="368,343,80,209" oya="1" hai0="128,16,84,19,51,97,60,122,44,7,22,11,99" hai1="62,130,58,93,132,103,27,113,10,3,49,34,39" hai2="66,112,123,35,50,119,2,4,31,65,5,109,77" hai3="1,25,116,125,69,114,117,56,42,95,85,115,26"/><U17/><E39/><V110/><F123/><W40/><G69/><T8/><D128/><U102/><E113/><N who="3" m="43018" /><G56/><T6/><D122/><U90/><E130/><V67/><F112/><W133/><G1/><T70/><D70/><U46/><E132/><V98/><F119/><N who="3" m="45643" /><G133/><T126/><D60/><U72/><E72/><V127/><F127/><W92/><G85/><T129/><D84/><U76/><E76/><V73/><F98/><N who="0" m="37386" /><D126/><U81/><E81/><V48/><F77/><W94/><G125/><T86/><D86/><N who="1" m="52439" /><E34/><V53/><F73/><W20/><G20/><T96/><D96/><U131/><E3/><V75/><F75/><W28/><G28/><T30/><D30/><U100/><E131/><V105/><F105/><W101/><G101/><T74/><D74/><U33/><E33/><V134/><F134/><W47/><G47/><T106/><D44/><U14/><E27/><AGARI ba="1,0" hai="25,26,27,40,42,92,94,95" m="45643,43018" machi="27" ten="40,5200,0" yaku="28,2,12,1" doraHai="18" who="3" fromWho="1" sc="368,0,343,-55,80,0,209,55" /><INIT seed="2,0,0,2,2,70" ten="368,288,80,264" oya="2" hai0="116,95,132,93,117,24,33,92,21,135,126,64,129" hai1="12,112,32,90,134,20,62,131,113,15,127,53,56" hai2="101,81,60,3,75,2,114,51,38,63,6,52,16" hai3="77,73,61,14,45,110,123,97,109,19,39,105,80"/><V88/><F38/><W118/><G118/><T8/><D64/><U91/><E32/><V7/><F114/><W115/><G123/><T68/><D68/><U125/><E131/><V71/><F2/><W76/><G76/><T42/><D126/><N who="1" m="48139" /><E134/><N who="0" m="51241" /><D129/><U89/><E20/><V69/><F69/><W1/><G1/><T119/><D8/><U59/><E59/><N who="2" m="33183" /><F3/><W84/><G61/><N who="2" m="23625" /><F75/><W28/><G28/><N who="0" m="17423" /><D33/><U74/><E74/><V25/><F71/><W34/><G34/><T46/><D117/><U54/><E54/><V49/><F49/><AGARI ba="0,0" hai="42,46,49,92,93,95,116,119" m="17423,51241" machi="49" ten="30,1000,0" yaku="20,1" doraHai="70" who="0" fromWho="2" sc="368,10,288,0,80,-10,264,0" /><INIT seed="3,0,0,5,4,97" ten="378,288,70,264" oya="3" hai0="71,49,115,133,42,3,25,94,104,8,129,37,50" hai1="85,110,122,40,5,132,13,124,113,118,82,14,43" hai2="20,53,57,83,16,116,1,66,95,130,89,96,91" hai3="4,121,0,100,60,28,70,30,24,2,102,41,34"/><W72/><G121/><T36/><D104/><U7/><E110/><V52/><F116/><W6/><G72/><T61/><D129/><U119/><E113/><V75/><F1/><W67/><G41/><N who="1" m="15946" /><E132/><V125/><F125/><W46/><G46/><T32/><D94/><U131/><E124/><V33/><F33/><W86/><G86/><T103/><D61/><U108/><E108/><V64/><F130/><W106/><G30/><T128/><D25/><U56/><E56/><V74/><F74/><W84/><G84/><T109/><D8/><U48/><E48/><N who="2" m="30855" /><F53/><W51/><G51/><T127/><D42/><U69/><E69/><V45/><F45/><W76/><G76/><T78/><D49/><U73/><E73/><V47/><F47/><W99/><REACH who="3" step="1"/><G102/><REACH who="3" ten="378,288,70,254" step="2"/><T27/><D103/><U62/><E122/><V93/><F75/><W107/><G107/><T98/><D78/><N who="1" m="46295" /><E131/><V15/><F83/><W54/><G54/><T59/><D50/><U18/><E119/><V38/><F38/><W101/><G101/><T112/><D36/><U44/><E118/><V126/><F126/><W123/><G123/><T111/><D37/><U120/><E44/><V31/><F31/><W88/><G88/><N who="2" m="33865" /><F96/><W81/><G81/><T77/><D98/><U90/><E90/><V92/><AGARI ba="0,1" hai="15,16,20,64,66,92,93,95" m="33865,30855" machi="92" ten="30,7900,0" yaku="8,1,54,3" doraHai="97" who="2" fromWho="2" sc="378,-20,288,-20,70,89,254,-39" /><INIT seed="4,0,0,5,3,19" ten="358,268,159,215" oya="0" hai0="44,35,83,124,111,3,108,34,36,69,53,100,106" hai1="131,12,25,32,127,59,50,57,1,27,46,90,72" hai2="75,54,113,58,29,10,104,64,118,15,71,77,7" hai3="80,13,2,132,99,105,73,67,112,103,130,74,78"/><T119/><D3/><U8/><E1/><V66/><F104/><W4/><G112/><T26/><D69/><U98/><E72/><V51/><F113/><W18/><G130/><T22/><D119/><U126/><E131/><V47/><F118/><W9/><G132/><T39/><D124/><N who="1" m="47659" /><E90/><V95/><F71/><W16/><G73/><T45/><D83/><U38/><E98/><V28/><F77/><W40/><G67/><T129/><D26/><N who="1" m="9739" /><E38/><V42/><F75/><W81/><G81/><T68/><D129/><U114/><E32/><V65/><REACH who="2" step="1"/><F95/><REACH who="2" ten="358,268,149,215" step="2"/><W110/><G110/><T14/><D106/><U24/><E114/><V56/><F56/><W133/><G133/><T117/><D68/><U43/><E24/><V91/><F91/><W128/><G128/><T120/><D117/><U6/><AGARI ba="0,1" hai="6,8,12,43,46,50,57,59" m="9739,47659" machi="6" ten="30,1100,0" yaku="18,1" doraHai="19" who="1" fromWho="1" sc="358,-5,268,21,149,-3,215,-3" /><INIT seed="5,0,0,3,4,106" ten="353,289,146,212" oya="1" hai0="71,53,40,54,50,28,95,11,82,9,75,81,121" hai1="65,15,92,18,34,97,57,60,130,132,69,23,33" hai2="80,14,70,93,114,44,63,103,126,10,90,37,0" hai3="128,58,73,119,109,26,110,61,134,42,35,94,125"/><U41/><E130/><V1/><F126/><W21/><G35/><T102/><D71/><U47/><E132/><V99/><F114/><W112/><G112/><T48/><D28/><U89/><REACH who="1" step="1"/><E69/><REACH who="1" ten="353,279,146,212" step="2"/><V43/><F70/><W67/><G128/><T117/><D117/><U127/><E127/><V88/><F63/><W52/><G125/><T7/><D121/><U20/><E20/><V123/><F123/><W66/><G134/><T22/><D22/><U19/><E19/><V108/><F108/><W86/><G119/><T116/><D116/><U83/><E83/><V62/><F62/><W13/><G110/><T25/><D81/><U4/><E4/><V31/><F31/><W5/><G109/><T76/><D82/><U59/><E59/><V68/><F68/><W100/><G67/><T72/><D7/><U17/><E17/><V79/><F80/><W55/><G66/><T24/><D9/><U135/><E135/><V131/><F131/><W96/><G61/><T46/><D11/><U122/><E122/><V6/><F79/><W78/><G58/><T12/><D76/><U85/><E85/><V2/><AGARI ba="0,1" hai="0,1,2,6,10,14,37,43,44,88,90,93,99,103" machi="2" ten="30,2000,0" yaku="0,1,54,1" doraHai="106" who="2" fromWho="2" sc="353,-5,279,-10,146,30,212,-5" /><INIT seed="6,0,0,1,3,118" ten="348,269,176,207" oya="2" hai0="92,88,50,134,24,77,42,12,44,36,130,41,29" hai1="17,22,120,76,129,31,8,6,30,81,72,57,15" hai2="87,10,83,32,52,21,109,34,101,114,117,58,3" hai3="11,70,16,95,82,127,20,75,131,14,40,23,46"/><V9/><F117/><W89/><G127/><T39/><D77/><U18/><E129/><V84/><F101/><W67/><G131/><T94/><D134/><U0/><E120/><V91/><F114/><W13/><G67/><T80/><D50/><U105/><E105/><V65/><F65/><W132/><G70/><T47/><D12/><U45/><E18/><V107/><F107/><W60/><G60/><T71/><D71/><U99/><E99/><V85/><F109/><W128/><G128/><T53/><D53/><U124/><E124/><V79/><F3/><W135/><G82/><T119/><D119/><U123/><E123/><V43/><F43/><W97/><G75/><T112/><D112/><U115/><E115/><V28/><F34/><W126/><G126/><T90/><D80/><U51/><E57/><V49/><F32/><W104/><G104/><T33/><D130/><U78/><E78/><V111/><F111/><W108/><G108/><T48/><D48/><U121/><E121/><V25/><REACH who="2" step="1"/><F87/><REACH who="2" ten="348,269,166,207" step="2"/><W63/><G135/><T125/><D125/><U113/><E113/><V1/><F1/><W27/><G132/><T61/><D33/><U68/><E68/><V86/><F86/><W54/><G40/><AGARI ba="0,1" hai="0,6,8,15,17,22,30,31,40,45,51,72,76,81" machi="40" ten="30,1000,0" yaku="7,1" doraHai="118" who="1" fromWho="3" sc="348,0,269,20,166,0,207,-10" /><INIT seed="7,0,0,5,5,119" ten="348,289,166,197" oya="3" hai0="62,6,132,18,99,55,4,32,92,88,64,130,24" hai1="87,114,47,45,31,94,85,71,74,128,0,54,126" hai2="40,44,10,79,29,27,96,93,15,9,42,28,20" hai3="106,21,104,101,124,117,2,23,49,68,125,109,80"/><W108/><G2/><T100/><D55/><U95/><E74/><V66/><F79/><W50/><G68/><N who="0" m="42007" /><D18/><U110/><E114/><V82/><F82/><W73/><G101/><T19/><D19/><U77/><E126/><N who="3" m="48746" /><G80/><T122/><D130/><U39/><E110/><N who="3" m="42602" /><G73/><T83/><D83/><U17/><E71/><V129/><F129/><W7/><G7/><T53/><D100/><U33/><E0/><V48/><F28/><W12/><G117/><T25/><D4/><U60/><E128/><V69/><F69/><W133/><G133/><T123/><D6/><U115/><E31/><V8/><F66/><W113/><G113/><T37/><D132/><U91/><E33/><V76/><F76/><W51/><G12/><T14/><D14/><U34/><E39/><V127/><F127/><W90/><G90/><T98/><D37/><U75/><E34/><V134/><F134/><W59/><G59/><T57/><D32/><U61/><E75/><V112/><F112/><W41/><G41/><T84/><D57/><U11/><E115/><V121/><F121/><W56/><G56/><T35/><D35/><U135/><E135/><V63/><F63/><W131/><G131/><T30/><D122/><U3/><E3/><V118/><F118/><W26/><G26/><T43/><D123/><U102/><E77/><V116/><F116/><W5/><G5/><T13/><D24/><U65/><E60/><V52/><REACH who="2" step="1"/><F15/><REACH who="2" ten="348,289,156,197" step="2"/><W22/><AGARI ba="0,1" hai="21,22,23,49,50,51,104,106" m="42602,48746" machi="22" ten="40,12000,1" yaku="28,2,18,1,10,1" doraHai="119" who="3" fromWho="3" sc="348,-40,289,-40,156,-40,197,130" owari="308,11.0,249,-15.0,116,-38.0,327,42.0" /></mjloggm>