<mjloggm ver="2.3"><GO type="169" lobby="0"/><UN n0="%E3%82%A6%E3%83%AB%E3%83%88%E3%83%A9%E7%AB%8B%E7%9B%B4" n1="%6D%61%67%69%63%6F" n2="%E3%83%A4%E3%82%B3%E3%83%96%E3%82%B3%E3%83%BC%E3%82%A8%E3%83%B3" n3="%D0%A1%E3%82%AB%E3%83%83%E3%83%97%E5%A4%A7%E9%96%A2" dan="17,16,17,16" rate="2127.70,2088.82,2230.51,2064.21" sx="M,M,M,M"/><TAIKYOKU oya="0"/><INIT seed="0,0,0,0,1,90" ten="250,250,250,250" oya="0" hai0="67,18,41,98,1,2,103,65,133,109,17,96,8" hai1="0,131,47,82,92,101,44,52,69,122,77,32,10" hai2="126,72,106,39,115,66,51,71,50,130,48,13,59" hai3="46,119,135,104,83,35,124,74,21,61,3,79,84"/><T7/><D133/><U25/><E69/><V26/><F72/><W70/><G35/><T49/><D109/><U112/><E122/><V36/><F106/><W58/><G3/><T40/><D49/><U73/><E131/><V6/><F6/><W127/><G104/><T20/><D7/><U12/><E0/><V43/><F13/><W105/><G105/><T100/><REACH who="0" step="1"/><D20/><REACH who="0" ten="240,250,250,250" step="2"/><U76/><E32/><V34/><F34/><W99/><G21/><T86/><D86/><U95/><E73/><V102/><F130/><W5/><G5/><T27/><D27/><U114/><E25/><V120/><F26/><W53/><G74/><T121/><D121/><U4/><E112/><V33/><F115/><W80/><G135/><T129/><D129/><U16/><E114/><V110/><F33/><W55/><G119/><T128/><D128/><U97/><E4/><V75/><F75/><W125/><G125/><T56/><D56/><U93/><E44/><N who="2" m="23679" /><F126/><W68/><G127/><T78/><D78/><N who="1" m="30315" /><E82/><V118/><F120/><W54/><G83/><T108/><D108/><U42/><E42/><V123/><F123/><W113/><G124/><T31/><D31/><U94/><E47/><V91/><F110/><W60/><G113/><T87/><D87/><U111/><E111/><V134/><F134/><W37/><G37/><T116/><D116/><U89/><E101/><V38/><F118/><W64/><G46/><T81/><D81/><U57/><E57/><V24/><F24/><W23/><G23/><T63/><D63/><U9/><E9/><AGARI ba="0,1" hai="1,2,8,9,17,18,40,41,65,67,96,98,100,103" machi="9" ten="25,4800,0" yaku="1,1,22,2,53,0" doraHai="90" doraHaiUra="28" who="0" fromWho="1" sc="240,58,250,-48,250,0,250,0" /><INIT seed="0,1,0,0,0,2" ten="298,202,250,250" oya="0" hai0="104,59,42,47,79,76,26,61,105,8,69,78,113" hai1="43,115,6,83,63,95,120,65,56,11,75,21,20" hai2="135,60,128,129,96,16,82,100,109,49,37,24,85" hai3="0,54,52,3,30,22,80,111,53,89,45,94,123"/><T86/><D69/><U18/><E120/><V67/><F37/><W5/><G111/><T114/><D86/><U106/><E106/><V19/><F109/><W71/><G71/><T99/><D26/><U130/><E130/><N who="2" m="50283" /><F49/><W58/><G123/><T66/><D8/><U91/><E115/><V4/><F4/><W77/><G45/><T92/><D105/><U127/><E127/><V90/><F24/><W121/><G121/><T87/><D104/><U40/><E75/><V98/><F135/><W133/><G133/><T132/><D87/><U57/><E83/><V33/><F33/><W25/><G58/><T17/><D17/><N who="2" m="6730" /><F100/><W36/><G36/><T51/><REACH who="0" step="1"/><D132/><REACH who="0" ten="288,202,250,250" step="2"/><U39/><E11/><V13/><F13/><W125/><G125/><T62/><D62/><U14/><E14/><V110/><F110/><W10/><G0/><T134/><D134/><U9/><E18/><V84/><F84/><W118/><G118/><T23/><D23/><U108/><E9/><V102/><F102/><AGARI ba="1,1" hai="42,47,51,59,61,66,76,78,79,92,99,102,113,114" machi="102" ten="40,2000,0" yaku="1,1,53,0" doraHai="2" doraHaiUra="28" who="0" fromWho="2" sc="288,33,202,0,250,-23,250,0" /><INIT seed="0,2,0,5,4,117" ten="321,202,227,250" oya="0" hai0="33,134,17,86,16,104,125,119,66,39,55,101,131" hai1="28,72,41,24,92,132,58,43,79,122,60,75,46" hai2="100,19,114,124,127,30,78,18,48,13,73,21,25" hai3="14,10,51,123,8,36,50,61,15,98,89,76,115"/><T109/><D119/><U70/><E70/><V56/><F56/><W99/><G36/><T130/><D39/><U29/><E132/><V44/><F44/><W38/><G38/><T27/><D134/><U81/><E72/><V103/><F103/><W47/><G115/><T94/><D66/><U77/><E77/><V74/><F74/><W3/><G3/><T88/><D55/><U65/><E122/><V23/><F23/><W54/><G123/><T116/><D116/><U96/><E46/><V69/><F69/><W59/><G76/><T71/><D71/><U135/><E28/><V110/><F110/><W35/><G35/><T6/><D6/><U120/><E135/><V108/><F108/><W82/><G51/><T1/><D1/><U7/><E7/><V9/><F9/><N who="3" m="3691" /><G82/><T12/><D12/><N who="3" m="4649" /><G89/><T128/><D109/><U34/><E120/><V133/><F133/><W112/><G112/><T107/><D125/><U20/><REACH who="1" step="1"/><E34/><REACH who="1" ten="321,192,227,250" step="2"/><V32/><F32/><W87/><G87/><T91/><D33/><U67/><E67/><AGARI ba="2,1" hai="47,50,54,59,61,67,98,99" m="4649,3691" machi="67" ten="30,1000,0" yaku="8,1" doraHai="117" who="3" fromWho="1" sc="321,0,192,-16,227,0,250,26" /><INIT seed="1,0,0,5,2,45" ten="321,176,227,276" oya="1" hai0="69,83,124,119,58,70,120,43,72,8,6,71,39" hai1="135,34,127,19,54,106,4,96,46,40,81,49,63" hai2="53,15,27,102,64,32,51,111,52,128,131,30,11" hai3="75,112,110,100,48,85,47,82,23,99,104,59,123"/><U86/><E34/><V24/><F111/><W67/><G110/><T56/><D119/><U2/><E127/><V84/><F27/><W73/><G112/><T66/><D124/><U22/><E135/><V60/><F84/><W62/><G123/><T134/><D134/><U5/><E2/><V10/><F102/><W114/><G114/><T122/><D58/><U55/><E106/><V94/><F94/><W125/><G125/><T74/><D56/><N who="1" m="35231" /><E96/><V118/><F118/><W9/><G23/><T91/><D66/><U31/><E31/><V90/><F90/><W61/><G62/><T44/><D91/><N who="1" m="51663" /><E40/><V132/><F132/><W79/><REACH who="3" step="1"/><G9/><REACH who="3" ten="321,176,227,266" step="2"/><T17/><D8/><U12/><AGARI ba="0,1" hai="4,5,12,19,22,46,49,54" m="51663,35231" machi="12" ten="30,3000,0" yaku="8,1,52,1" doraHai="45" who="1" fromWho="1" sc="321,-10,176,40,227,-10,266,-10" /><INIT seed="1,1,0,4,3,120" ten="311,216,217,256" oya="1" hai0="59,72,62,88,92,135,73,34,129,45,6,47,118" hai1="65,46,60,67,36,21,35,81,29,95,119,17,19" hai2="32,8,56,0,61,7,40,100,128,15,111,121,20" hai3="114,122,26,3,125,38,78,97,74,126,75,22,99"/><U28/><E119/><V108/><F121/><W5/><G122/><T1/><D34/><U52/><E35/><V71/><F71/><W79/><G38/><T91/><D118/><U86/><E36/><V105/><F40/><W12/><G3/><T57/><D6/><U94/><E28/><V133/><F133/><W55/><G114/><T85/><D1/><U25/><E94/><V50/><F50/><W127/><G55/><T117/><D117/><U31/><E31/><V90/><F90/><W30/><G5/><T9/><D9/><U66/><E95/><V10/><F20/><W104/><G12/><T131/><D85/><U77/><REACH who="1" step="1"/><E60/><REACH who="1" ten="311,206,217,256" step="2"/><V70/><F32/><W82/><G104/><T44/><D92/><U64/><N who="1" m="16384" /><DORA hai="96" /><U123/><E123/><V24/><F70/><W103/><G103/><T42/><D62/><U43/><E43/><V89/><F100/><W49/><G127/><T4/><D42/><U33/><E33/><V83/><F105/><W113/><G126/><T93/><D93/><U107/><E107/><V68/><F68/><W134/><G125/><T109/><D135/><U53/><E53/><N who="2" m="33935" /><F128/><W106/><G134/><T18/><D129/><U39/><E39/><V98/><F98/><W23/><G106/><T14/><D131/><U37/><E37/><V11/><F0/><W54/><G99/><T80/><D59/><U13/><E13/><V116/><F24/><W41/><G97/><T69/><D57/><U84/><E84/><N who="2" m="50335" /><F116/><W101/><G41/><T58/><D14/><U87/><E87/><V110/><AGARI ba="1,1" hai="7,8,10,11,15,108,110,111" m="50335,33935" machi="110" ten="30,7900,0" yaku="14,1,52,3" doraHai="120,96" who="2" fromWho="2" sc="311,-21,206,-40,217,92,256,-21" /><INIT seed="2,0,0,5,0,110" ten="290,166,309,235" oya="2" hai0="31,53,100,131,118,49,108,55,54,41,82,44,62" hai1="86,98,8,119,70,19,75,37,29,18,39,16,56" hai2="26,24,63,58,126,91,79,3,77,97,32,116,90" hai3="88,50,115,127,51,28,87,78,74,5,92,57,132"/><V13/><F3/><W4/><G132/><T34/><D118/><U9/><E70/><V95/><F116/><W117/><G117/><T67/><D108/><U47/><E75/><V1/><F1/><W134/><G134/><T123/><D123/><U112/><E119/><V15/><F126/><W23/><G127/><T111/><D111/><U76/><E29/><V10/><F15/><W130/><G130/><T0/><D0/><U113/><E56/><V94/><F32/><W45/><G74/><T85/><D100/><U106/><E76/><V61/><F61/><W114/><G78/><T104/><D104/><U93/><E106/><V36/><F36/><W128/><G128/><T20/><D34/><U43/><E86/><V122/><F122/><W99/><G87/><T124/><D124/><U103/><REACH who="1" step="1"/><E37/><REACH who="1" ten="290,156,309,235" step="2"/><V21/><F79/><W135/><G135/><T60/><D131/><U22/><E22/><V83/><F21/><W101/><G23/><T38/><D38/><U80/><E80/><V133/><F83/><W12/><G28/><T25/><D67/><U84/><E84/><N who="2" m="52551" /><F77/><AGARI ba="0,1" hai="20,25,31,41,44,49,53,54,55,60,62,77,82,85" machi="77" ten="40,1300,0" yaku="8,1" doraHai="110" who="0" fromWho="2" sc="290,23,156,0,309,-13,235,0" /><INIT seed="3,0,0,1,5,26" ten="313,156,296,235" oya="3" hai0="0,93,95,44,66,27,122,22,130,105,110,91,87" hai1="50,18,3,74,79,116,70,4,10,15,86,75,107" hai2="49,103,6,51,89,53,43,29,101,97,128,90,77" hai3="118,104,5,28,47,132,9,38,24,119,2,45,52"/><W83/><G132/><T124/><D105/><U36/><E36/><V82/><F128/><W127/><G127/><T76/><D0/><U129/><E107/><V71/><F71/><W54/><G104/><T121/><D76/><U63/><E116/><V109/><F109/><W31/><G83/><T99/><D130/><U96/><E96/><V64/><F64/><W72/><G72/><T35/><D35/><U37/><E37/><V88/><F6/><W57/><G24/><T19/><D110/><U55/><E129/><V68/><F68/><W92/><G92/><T108/><D108/><U126/><E126/><V106/><F103/><W8/><G38/><T85/><D85/><U120/><E120/><V61/><F29/><W125/><G125/><T134/><D134/><U98/><E98/><V1/><F1/><W21/><G57/><T46/><D124/><U20/><E63/><V131/><F43/><W39/><G39/><T78/><D122/><U23/><E70/><V17/><F17/><W12/><G21/><T7/><D7/><U33/><E33/><V102/><F102/><W117/><G47/><N who="0" m="17963" /><D66/><U69/><E69/><V111/><F111/><W30/><REACH who="3" step="1"/><G45/><REACH who="3" ten="313,156,296,225" step="2"/><T65/><D121/><U16/><E74/><V13/><F131/><W135/><G135/><T94/><D94/><U114/><E75/><V58/><F82/><W41/><G41/><T60/><D95/><U62/><E23/><V100/><F106/><W113/><G113/><T123/><D123/><U115/><E20/><V48/><F97/><W59/><G59/><N who="0" m="37023" /><D99/><U34/><E114/><V11/><F77/><RYUUKYOKU ba="0,1" sc="313,10,156,-30,296,10,225,10" hai0="19,22,27,78,87,91,93" hai2="11,13,48,49,51,53,58,61,88,89,90,100,101" hai3="2,5,8,9,12,28,30,31,52,54,117,118,119" /><INIT seed="3,1,1,0,0,120" ten="323,126,306,235" oya="3" hai0="62,73,58,25,118,14,47,105,35,15,53,107,78" hai1="72,125,111,55,101,43,108,36,123,109,8,51,129" hai2="98,71,132,37,12,48,63,81,24,106,119,23,85" hai3="45,110,112,92,100,32,19,10,84,126,20,18,115"/><W66/><G32/><T11/><D73/><U50/><E72/><V44/><F37/><W102/><G66/><T68/><D78/><U90/><E123/><V79/><F119/><W88/><G126/><T16/><D68/><U83/><E125/><V2/><F2/><W127/><G127/><T52/><D118/><U74/><E129/><V95/><F106/><W31/><G31/><T103/><D103/><U54/><E101/><V131/><F132/><W86/><G45/><T56/><D47/><N who="1" m="24039" /><E8/><V69/><F131/><W91/><G10/><T60/><D15/><U121/><E121/><V3/><F12/><W99/><G92/><T117/><D117/><U89/><E74/><V124/><F3/><W29/><G29/><AGARI ba="1,1" hai="11,14,16,25,29,35,52,53,56,58,60,62,105,107" machi="29" ten="40,5200,0" yaku="9,1,54,2" doraHai="120" who="0" fromWho="3" sc="323,65,126,0,306,0,235,-55" /><INIT seed="4,0,0,4,3,98" ten="388,126,306,180" oya="0" hai0="2,101,1,89,22,51,125,100,60,6,52,117,15" hai1="93,0,75,63,9,34,26,29,30,3,107,104,50" hai2="77,84,44,68,129,36,24,105,121,67,76,70,109" hai3="96,122,42,116,112,35,110,54,133,135,62,5,66"/><T58/><D2/><U91/><E75/><V46/><F121/><W94/><G110/><T23/><D1/><U95/><E50/><V49/><F105/><W72/><G5/><T13/><D125/><U119/><E26/><V131/><F109/><W19/><G72/><T7/><D117/><U103/><E9/><V55/><F67/><W99/><G42/><T132/><D132/><U79/><E91/><V97/><F97/><W18/><G35/><T115/><D115/><U111/><E111/><V134/><F134/><W82/><G116/><T86/><D23/><U87/><E119/><V88/><F24/><W48/><G82/><N who="0" m="49367" /><D60/><U78/><E87/><V12/><F12/><N who="0" m="4682" /><D22/><U130/><E63/><V41/><F68/><W45/><G112/><T32/><D32/><U61/><E61/><V65/><F65/><W20/><G122/><T14/><D6/><U81/><E34/><V126/><F70/><W128/><G128/><N who="2" m="49225" /><F126/><W92/><G133/><T53/><D53/><U40/><E130/><V31/><F31/><W25/><G135/><T43/><D43/><U114/><E40/><V127/><F127/><W11/><G11/><AGARI ba="0,0" hai="7,11,14,51,52,58,100,101" m="4682,49367" machi="11" ten="30,11600,0" yaku="8,1,52,2,54,1" doraHai="98" who="0" fromWho="3" sc="388,116,126,0,306,0,180,-116" /><INIT seed="4,1,0,3,3,106" ten="504,126,306,64" oya="0" hai0="132,26,60,66,31,47,127,70,85,76,22,7,28" hai1="52,126,16,62,12,71,99,63,89,86,5,37,55" hai2="87,33,34,14,46,2,58,95,69,64,80,120,13" hai3="111,121,53,98,44,122,17,27,107,90,133,97,128"/><T50/><D127/><U104/><E37/><V113/><F2/><W103/><G111/><T4/><D132/><U117/><E117/><V91/><F120/><W82/><G133/><T74/><D31/><U134/><E134/><V48/><F113/><W19/><G128/><T23/><D23/><U41/><E41/><V77/><F69/><W78/><G44/><T56/><D70/><U61/><E71/><V109/><F109/><W101/><G27/><T3/><D74/><U68/><E68/><V11/><F58/><W88/><G53/><T6/><D3/><U1/><E126/><V131/><F64/><W125/><G125/><T72/><D72/><U79/><E5/><V75/><F14/><W45/><G45/><T20/><D20/><N who="1" m="11271" /><E104/><V115/><F115/><W112/><G112/><T119/><D119/><U81/><E1/><V9/><F9/><W8/><G8/><T15/><D15/><U83/><E83/><V65/><F65/><W116/><G116/><T135/><D135/><U29/><E29/><V100/><F100/><W30/><G30/><T36/><D36/><U93/><AGARI ba="1,0" hai="52,55,61,62,63,79,81,86,89,93,99" m="11271" machi="93" ten="30,4000,0" yaku="8,1,54,2" doraHai="106" who="1" fromWho="1" sc="504,-21,126,43,306,-11,64,-11" /><INIT seed="5,0,0,2,2,63" ten="483,169,295,53" oya="1" hai0="78,92,129,47,64,12,6,13,87,60,73,5,132" hai1="25,23,121,119,67,97,34,84,79,44,33,120,105" hai2="115,81,65,86,112,106,108,49,7,4,18,99,69" hai3="85,110,62,70,75,17,96,100,114,24,0,26,45"/><U135/><E119/><V22/><F108/><W104/><G110/><T88/><D73/><U130/><E130/><V126/><F126/><W91/><G75/><T72/><D72/><U111/><E111/><V66/><F69/><W113/><G0/><T134/><D78/><U94/><E105/><V31/><F31/><W37/><G37/><T40/><D129/><U76/><E135/><N who="0" m="51753" /><D13/><U58/><E120/><V74/><F74/><W128/><G128/><T77/><D12/><U8/><E121/><V35/><F35/><W16/><G45/><T122/><D77/><U93/><E8/><V125/><F125/><W98/><G98/><T61/><D61/><N who="1" m="38327" /><E76/><N who="2" m="46375" /><F99/><W53/><G26/><T80/><D80/><N who="1" m="47135" /><E93/><V46/><F106/><W42/><G42/><T48/><D122/><U59/><E44/><V131/><F131/><W90/><G90/><T20/><D20/><U116/><E59/><AGARI ba="0,0" hai="5,6,40,47,48,59,60,64,87,88,92" m="51753" machi="59" ten="30,3900,0" yaku="20,1,52,1,54,1" doraHai="63" who="0" fromWho="1" sc="483,39,169,-39,295,0,53,0" /><INIT seed="6,0,0,4,5,68" ten="522,130,295,53" oya="2" hai0="127,11,70,53,26,17,5,63,114,40,76,18,23" hai1="38,134,121,120,128,52,6,124,46,54,87,39,89" hai2="42,97,112,31,14,117,37,94,100,79,0,91,104" hai3="84,48,10,102,88,50,69,65,57,132,111,43,20"/><V51/><F0/><W62/><G111/><T125/><D40/><U3/><E124/><V47/><F112/><W55/><G132/><T83/><D18/><U44/><E134/><V92/><F117/><W60/><G102/><T45/><D114/><U78/><E128/><V29/><F79/><W72/><G72/><T135/><D135/><U8/><E78/><V56/><F14/><W73/><G73/><T85/><D70/><U106/><E106/><V109/><F109/><W133/><G133/><T49/><D63/><U90/><E44/><V101/><F104/><W113/><G113/><T96/><D96/><U1/><E1/><V2/><F2/><W12/><G20/><T99/><D99/><U75/><E75/><V66/><F101/><W61/><G48/><T64/><D64/><U30/><E30/><V27/><F27/><W74/><G43/><T16/><D17/><U19/><E19/><V25/><F25/><W22/><G22/><T13/><AGARI ba="0,0" hai="5,11,13,16,23,26,45,49,53,76,83,85,125,127" machi="13" ten="30,2000,0" yaku="0,1,54,1" doraHai="68" who="0" fromWho="0" sc="522,20,130,-5,295,-10,53,-5" /><INIT seed="7,0,0,3,5,71" ten="542,125,285,48" oya="3" hai0="108,39,9,134,42,70,88,16,23,78,97,99,96" hai1="0,118,72,82,120,117,30,63,26,98,77,113,27" hai2="35,89,64,119,49,121,51,54,24,95,73,62,90" hai3="12,21,67,31,65,25,29,74,129,7,126,112,6"/><W20/><G74/><T56/><D70/><U4/><E120/><V75/><F119/><N who="1" m="45577" /><E113/><V53/><F121/><W86/><G112/><T114/><D78/><U68/><E98/><V135/><F135/><W85/><G126/><T50/><D9/><N who="1" m="2183" /><E30/><V59/><F24/><W87/><G129/><T69/><D88/><U8/><E8/><V92/><F35/><W103/><G103/><T79/><D50/><U107/><E107/><V36/><F36/><W115/><G115/><T127/><D56/><U93/><E93/><V11/><F11/><N who="3" m="4215" /><G7/><T58/><D42/><U66/><AGARI ba="0,0" hai="26,27,63,66,68,72,77,82" m="2183,45577" machi="66" ten="30,1100,0" yaku="12,1" doraHai="71" who="1" fromWho="1" sc="542,-3,125,11,285,-3,48,-5" owari="539,64.0,136,-26.0,282,8.0,43,-46.0" /></mjloggm>