<mjloggm ver="2.3"><GO type="97" lobby="0"/><UN n0="%E3%82%AB%E3%83%A1%E3%83%AC%E3%82%AA%E3%83%B3%E3%81%AE%E6%B6%99" n1="%E3%81%8A%E3%82%80%E6%9A%97%E5%88%BB" n2="%E9%A3%9B%E3%81%B9%E3%81%AA%E3%81%84%E9%AD%9A%EF%BC%93" n3="%E5%B0%B1%E6%B4%BB%E7%94%9F%40%E5%B7%9D%E6%9D%91%E8%BB%8D%E5%9B%A3" dan="14,13,16,15" rate="1972.41,1913.98,2091.49,2044.02" sx="M,F,M,M"/><TAIKYOKU oya="0"/><INIT seed="0,0,0,0,3,126" ten="250,250,250,250" oya="0" hai0="55,16,28,118,15,37,67,19,23,41,2,132,110" hai1="90,77,72,130,97,10,6,103,121,44,106,21,111" hai2="109,66,1,87,83,79,58,42,56,101,127,62,104" hai3="46,27,20,3,117,81,38,100,95,65,75,120,102"/><T125/><D125/><U96/><E121/><V30/><F109/><W57/><G3/><T59/><D118/><U84/><E21/><V131/><F1/><W93/><G117/><T25/><D110/><U5/><E5/><V86/><F127/><W114/><G114/><T26/><D132/><U8/><E111/><V88/><F42/><W48/><G38/><T115/><D2/><U50/><E97/><V52/><F30/><W40/><G120/><T108/><D108/><U76/><E76/><V14/><F14/><W89/><G75/><T49/><D115/><U123/><E123/><V69/><F131/><W43/><G43/><T73/><D73/><U70/><E70/><V22/><F22/><W60/><G81/><T54/><D37/><U105/><E105/><V45/><F104/><W33/><G33/><T11/><D41/><U124/><E124/><V47/><F101/><N who="3" m="39019" /><G89/><T98/><D98/><U113/><E113/><V112/><F112/><W31/><AGARI ba="0,0" hai="20,27,31,40,46,48,57,60,65,93,95" m="39019" machi="31" ten="30,1100,0" yaku="8,1" doraHai="126" who="3" fromWho="3" sc="250,-5,250,-3,250,-3,250,11" /><INIT seed="1,0,0,0,2,37" ten="245,247,247,261" oya="1" hai0="34,127,42,128,125,91,117,78,105,30,106,17,130" hai1="77,31,57,61,41,12,49,65,108,69,70,59,28" hai2="68,135,48,51,64,19,100,47,72,124,50,38,116" hai3="54,132,103,3,98,93,80,71,76,11,115,95,75"/><U36/><E77/><V88/><F72/><W102/><G71/><T119/><D78/><U133/><E133/><V8/><F116/><N who="0" m="44618" /><D91/><U85/><E85/><V16/><F124/><N who="0" m="47690" /><D17/><U89/><E89/><V114/><F135/><W73/><G132/><T56/><D56/><U4/><E59/><V74/><F74/><W7/><G115/><T82/><D82/><U0/><E0/><V6/><F114/><W87/><G54/><T107/><D42/><U44/><E108/><V134/><F134/><W101/><G103/><T66/><D66/><U121/><E121/><V32/><F32/><W9/><G9/><T122/><D122/><U23/><E70/><V131/><F100/><W79/><G79/><T129/><D30/><U84/><E84/><V39/><F131/><W27/><G101/><T14/><D14/><U83/><E83/><V63/><F88/><W20/><G95/><T53/><D53/><N who="1" m="31919" /><E23/><V52/><F39/><W90/><G76/><T62/><D62/><U25/><E25/><V29/><F29/><AGARI ba="0,0" hai="3,7,11,20,27,29,73,75,80,87,90,93,98,102" machi="29" ten="30,1000,0" yaku="7,1" doraHai="37" who="3" fromWho="2" sc="245,0,247,0,247,-10,261,10" /><INIT seed="2,0,0,2,1,14" ten="245,247,237,271" oya="2" hai0="6,20,53,8,132,57,79,4,125,130,24,93,120" hai1="2,41,48,11,33,38,135,12,25,119,51,94,52" hai2="77,78,134,36,116,126,63,98,109,21,68,95,37" hai3="70,82,50,43,102,62,28,90,99,10,40,111,64"/><V65/><F116/><W1/><G111/><T0/><D120/><U104/><E119/><V103/><F134/><W31/><G1/><T123/><D132/><U72/><E104/><V114/><F114/><W5/><G90/><T16/><D123/><U96/><E72/><V67/><F126/><W124/><G82/><T60/><D125/><U127/><E2/><V75/><F109/><W88/><G124/><T106/><D106/><U13/><E127/><V34/><F34/><W113/><G113/><T44/><D130/><U56/><E135/><V3/><F3/><W58/><G70/><T47/><D6/><U32/><E13/><V59/><F21/><W35/><G35/><T100/><D79/><U42/><E25/><V26/><F26/><W15/><G102/><T39/><D39/><U85/><E38/><V121/><F121/><W66/><G66/><T92/><REACH who="0" step="1"/><D100/><REACH who="0" ten="235,247,237,271" step="2"/><U128/><E128/><V107/><F107/><W133/><G133/><T89/><D89/><U19/><E33/><V74/><F78/><W83/><G88/><T18/><D18/><U76/><E32/><V69/><F77/><W80/><G31/><T27/><D27/><U129/><E129/><V17/><F17/><W131/><G28/><T22/><D22/><U91/><E48/><V46/><F37/><W84/><G131/><T55/><D55/><U117/><E117/><V118/><F118/><W115/><G115/><T112/><D112/><U29/><E29/><V86/><F36/><W81/><G50/><T87/><D87/><U7/><E7/><V122/><F103/><W23/><G84/><RYUUKYOKU ba="0,1" sc="235,15,247,15,237,-15,271,-15" hai0="0,4,8,16,20,24,44,47,53,57,60,92,93" hai1="11,12,19,41,42,51,52,56,76,85,91,94,96" /><INIT seed="3,1,1,0,2,19" ten="250,262,222,256" oya="3" hai0="56,94,6,58,135,98,50,100,11,76,40,96,81" hai1="18,27,120,35,55,34,12,128,70,8,33,88,1" hai2="132,75,66,25,121,4,61,26,17,77,65,86,10" hai3="22,104,52,126,0,91,127,105,106,78,116,111,7"/><W109/><G116/><T60/><D135/><U2/><E70/><V42/><F132/><W103/><G78/><T110/><D110/><N who="3" m="41993" /><G103/><T23/><D98/><U45/><E120/><V85/><F75/><W43/><G43/><T44/><D23/><U16/><E128/><V79/><F42/><W99/><G52/><T123/><D123/><U114/><E114/><V134/><F134/><W80/><G22/><T133/><D133/><U82/><E18/><V112/><F121/><W73/><G7/><T125/><D60/><U68/><E68/><V67/><F61/><W59/><G59/><T51/><D51/><N who="1" m="29167" /><E27/><N who="2" m="10251" /><F17/><W62/><G62/><T39/><D39/><U32/><E32/><V13/><F112/><W107/><G0/><T24/><D125/><N who="3" m="47625" /><G107/><T53/><D24/><U102/><E102/><V63/><F63/><W130/><G130/><T101/><D53/><U38/><E38/><V46/><F46/><W31/><G31/><T131/><D101/><U84/><AGARI ba="1,1" hai="1,2,8,12,16,33,34,35,82,84,88" m="29167" machi="84" ten="40,5200,0" yaku="25,1,54,2" doraHai="19" who="1" fromWho="1" sc="250,-14,262,65,222,-14,256,-27" owari="236,4.0,327,42.0,208,-29.0,229,-17.0" /></mjloggm>