<mjloggm ver="2.3"><GO type="97" lobby="0"/><UN n0="%E3%83%94%E3%83%B3%E3%82%AF%E7%88%BA" n1="%E5%B0%B1%E6%B4%BB%E7%94%9F%40%E5%B7%9D%E6%9D%91%E8%BB%8D%E5%9B%A3" n2="%6D%61%73%61%31%30%31%33" n3="%E6%94%BE%E6%B5%AA%E3%81%AE%E3%83%97%E3%83%AA%E3%83%B3%E3%82%B9" dan="13,15,15,16" rate="1912.79,2009.68,2063.76,1958.26" sx="M,M,M,M"/><TAIKYOKU oya="0"/><INIT seed="0,0,0,5,2,79" ten="250,250,250,250" oya="0" hai0="65,36,17,51,33,99,20,75,116,97,43,58,123" hai1="135,26,38,11,78,118,62,29,60,10,84,126,68" hai2="105,67,117,103,87,48,113,50,100,130,56,91,74" hai3="76,24,27,125,44,46,82,9,31,127,90,98,112"/><T40/><D33/><U30/><E118/><V0/><F0/><W72/><G112/><T52/><D75/><U64/><E38/><V81/><F117/><W1/><G27/><T114/><D123/><U53/><E126/><N who="3" m="48138" /><G98/><T85/><D116/><U107/><E107/><V66/><F113/><W120/><G120/><T42/><D36/><U83/><E135/><V63/><F130/><W94/><G94/><T61/><D85/><U57/><REACH who="1" step="1"/><E30/><REACH who="1" ten="250,240,250,250" step="2"/><V70/><F105/><W101/><G101/><T106/><D114/><U55/><E55/><V92/><F103/><W73/><G90/><T18/><D106/><U5/><E5/><V134/><F134/><W108/><G108/><T21/><D18/><U45/><E45/><V89/><F100/><W15/><G46/><T22/><REACH who="0" step="1"/><D17/><REACH who="0" ten="240,240,250,250" step="2"/><U32/><AGARI ba="0,2" hai="10,11,26,29,32,53,57,60,62,64,68,78,83,84" machi="32" ten="20,12000,2" yaku="1,1,0,1,7,1,52,1,53,2" doraHai="79" doraHaiUra="59" who="1" fromWho="1" sc="240,-60,240,140,250,-30,250,-30" /><INIT seed="1,0,0,3,1,103" ten="180,380,220,220" oya="1" hai0="17,51,63,49,135,120,43,18,132,25,112,133,102" hai1="91,105,80,32,118,70,57,40,82,106,14,2,3" hai2="38,87,19,28,127,56,1,122,121,104,86,42,35" hai3="117,130,45,6,129,9,113,88,96,111,81,99,100"/><U89/><E70/><V8/><F127/><W23/><G113/><T55/><D102/><U131/><E118/><V69/><F69/><W62/><G117/><T10/><D112/><U73/><E40/><V21/><F35/><W93/><G111/><T98/><D98/><U114/><E114/><V116/><F116/><W134/><G134/><T95/><D95/><U11/><E32/><V58/><F28/><W123/><G123/><T26/><D120/><U125/><E125/><V36/><F42/><W72/><G45/><T4/><D43/><U16/><E131/><N who="3" m="50186" /><G23/><T64/><D4/><U48/><E73/><V68/><F21/><W75/><G62/><T50/><D10/><U47/><E57/><V108/><F8/><W12/><G81/><T29/><D55/><N who="1" m="30111" /><E89/><V94/><F68/><W33/><G33/><T31/><D31/><U13/><E13/><V52/><F108/><W22/><G22/><T85/><D85/><N who="1" m="50599" /><E82/><V78/><F121/><W79/><G79/><T109/><D109/><U46/><E46/><V84/><F122/><W65/><G65/><T27/><REACH who="0" step="1"/><D29/><REACH who="0" ten="170,380,220,220" step="2"/><U0/><AGARI ba="0,1" hai="0,2,3,11,14,16,105,106" m="50599,30111" machi="0" ten="30,11700,0" yaku="25,1,52,2,54,1" doraHai="103" who="1" fromWho="1" sc="170,-39,380,127,220,-39,220,-39" /><INIT seed="1,1,0,1,0,5" ten="131,507,181,181" oya="1" hai0="54,113,21,128,17,125,71,55,123,18,109,130,48" hai1="15,57,9,121,98,86,31,38,26,93,67,107,41" hai2="78,99,87,117,22,88,44,25,95,103,66,47,80" hai3="97,81,32,114,70,28,61,91,110,76,119,112,111"/><U14/><E121/><V79/><F117/><W12/><G119/><T35/><D71/><U50/><E107/><V6/><F66/><N who="3" m="41295" /><G12/><T126/><D35/><U49/><E38/><V85/><F6/><W1/><G1/><T30/><D113/><N who="3" m="43625" /><G91/><T23/><D48/><U132/><E132/><V89/><F79/><W118/><G97/><T46/><D46/><N who="2" m="17450" /><F87/><W64/><G64/><T0/><D55/><U83/><E49/><V39/><F39/><W116/><G116/><T7/><D54/><N who="1" m="31959" /><E67/><V94/><F94/><W135/><G118/><T124/><D109/><U129/><E41/><V58/><F58/><W13/><G13/><N who="1" m="4618" /><E9/><V74/><F74/><N who="3" m="43159" /><G135/><T105/><D123/><U68/><E68/><V75/><F75/><W108/><G111/><T24/><D105/><U43/><E43/><V106/><F106/><W27/><AGARI ba="1,0" hai="27,28,32,108,110" m="43159,43625,41295" machi="27" ten="30,1100,0" yaku="23,1" doraHai="5" who="3" fromWho="3" sc="131,-4,507,-6,181,-4,181,14" /><INIT seed="2,0,0,1,0,26" ten="127,501,177,195" oya="2" hai0="130,126,84,115,39,15,119,134,16,123,69,8,118" hai1="121,10,129,62,31,64,120,42,102,35,30,89,63" hai2="0,60,133,100,75,25,24,7,70,6,107,97,43" hai3="51,65,5,79,21,38,44,88,41,74,59,73,113"/><V14/><F133/><W83/><G113/><T71/><D8/><U55/><E129/><V90/><F75/><W125/><G125/><T122/><D15/><U54/><E35/><V98/><F0/><W11/><G74/><T77/><D16/><U57/><E102/><V112/><F112/><W67/><G21/><T61/><D77/><U124/><E124/><V3/><F3/><N who="3" m="447" /><G88/><T85/><D61/><U32/><E32/><V116/><F116/><W92/><G92/><T106/><D84/><U108/><E108/><V49/><F25/><W81/><G81/><T110/><D85/><U13/><E120/><V86/><F97/><W46/><G59/><T4/><D4/><N who="1" m="3271" /><E121/><V109/><F109/><W28/><G28/><N who="1" m="10794" /><E62/><V17/><F60/><W104/><G104/><T22/><D22/><U18/><E42/><AGARI ba="0,0" hai="38,41,42,44,46,51,65,67,73,79,83" m="447" machi="42" ten="30,1000,0" yaku="25,1" doraHai="26" who="3" fromWho="1" sc="127,0,501,-10,177,0,195,10" /><INIT seed="3,0,0,2,5,35" ten="127,491,177,205" oya="3" hai0="30,116,57,34,115,40,85,46,5,88,87,26,19" hai1="56,23,101,22,60,41,11,3,51,47,118,45,132" hai2="89,65,12,15,93,10,91,39,27,81,70,97,63" hai3="133,72,55,83,102,48,117,69,130,53,111,95,8"/><W0/><G117/><T106/><D115/><U36/><E118/><V131/><F131/><W94/><G69/><T90/><D116/><U78/><E132/><V32/><F39/><W38/><G38/><T42/><D106/><U24/><E78/><V54/><F54/><W14/><G133/><T129/><D129/><U37/><E101/><V43/><F43/><W100/><G130/><T29/><D29/><U108/><E108/><V122/><F122/><W110/><G0/><T58/><D42/><U134/><E134/><V82/><F15/><W33/><G33/><T128/><D128/><U105/><E105/><V17/><F32/><W20/><G20/><T28/><D28/><U77/><E77/><V112/><F112/><W62/><G62/><T120/><D120/><U4/><E45/><V52/><F27/><W59/><G55/><T2/><D19/><U75/><E75/><V119/><F119/><W25/><G25/><T96/><D96/><U80/><E80/><V1/><F1/><W66/><G66/><T71/><D71/><U68/><E68/><V16/><F17/><W121/><G121/><T76/><D76/><U7/><E7/><V44/><REACH who="2" step="1"/><F91/><REACH who="2" ten="127,491,167,205" step="2"/><W125/><G53/><T18/><D18/><U107/><E107/><V123/><F123/><W79/><G14/><T103/><D103/><U6/><E6/><V74/><F74/><W73/><G72/><T84/><D90/><U31/><E23/><V86/><F86/><W64/><G73/><T21/><D34/><U99/><E99/><V135/><F135/><W124/><G102/><T109/><D109/><RYUUKYOKU ba="0,1" sc="127,-15,491,15,167,15,205,-15" hai1="3,4,11,22,24,31,36,37,41,47,51,56,60" hai2="10,12,16,44,52,63,65,70,81,82,89,93,97" owari="112,-39.0,516,62.0,182,-22.0,190,-1.0" /></mjloggm>