<mjloggm ver="2.3"><GO type="97" lobby="0"/><UN n0="%E3%83%87%E3%82%B9%E3%83%86%E3%83%8B%E3%83%BC%E3%83%84%E3%83%A2" n1="%E5%B0%B1%E6%B4%BB%E7%94%9F%40%E5%B7%9D%E6%9D%91%E8%BB%8D%E5%9B%A3" n2="%E3%82%BF%E3%82%B3%EF%BC%92%EF%BC%95%EF%BC%92%EF%BC%95" n3="%74%72%79" dan="14,14,15,13" rate="1876.09,2008.71,1986.56,1888.06" sx="M,M,M,M"/><TAIKYOKU oya="0"/><INIT seed="0,0,0,0,4,36" ten="250,250,250,250" oya="0" hai0="114,5,116,98,80,106,59,26,63,91,16,109,133" hai1="74,103,86,37,67,115,49,111,92,35,1,58,51" hai2="131,62,100,7,55,135,119,70,56,66,102,31,30" hai3="14,110,117,8,79,78,101,95,124,45,77,38,68"/><T24/><D114/><U87/><E1/><V107/><F119/><W25/><G117/><T125/><D116/><U132/><E35/><V65/><F7/><W42/><G68/><T99/><D125/><U130/><E37/><V69/><F131/><W40/><G124/><T33/><D133/><U64/><E74/><V81/><F135/><W105/><G105/><T34/><D109/><U50/><E132/><V122/><F122/><W108/><G25/><T21/><D5/><U44/><E130/><V97/><F81/><W3/><G3/><T128/><D106/><U11/><E115/><V75/><F75/><W57/><G57/><T53/><D34/><U20/><E111/><N who="3" m="42538" /><G45/><T83/><D128/><U113/><E113/><V12/><F12/><W39/><G39/><T32/><D32/><U82/><E20/><V54/><F107/><W52/><G52/><T43/><D43/><N who="1" m="24735" /><E11/><V93/><F56/><W120/><G120/><T126/><D126/><U129/><E129/><V9/><F9/><W88/><G101/><T90/><D33/><U73/><E73/><V84/><F62/><W29/><G29/><T96/><D26/><U118/><E118/><V61/><F61/><W13/><G38/><T19/><D19/><U2/><E2/><V134/><F134/><W72/><G72/><T48/><D63/><N who="1" m="38007" /><E67/><V104/><F66/><W76/><N who="3" m="19968" /><DORA hai="46" /><W22/><G22/><T15/><D24/><U85/><E82/><AGARI ba="0,0" hai="15,16,21,48,53,59,80,82,83,90,91,96,98,99" machi="82" ten="40,7700,0" yaku="8,1,52,1,54,1" doraHai="36,46" who="0" fromWho="1" sc="250,77,250,-77,250,0,250,0" /><INIT seed="0,1,0,5,2,11" ten="327,173,250,250" oya="0" hai0="118,26,38,109,116,71,114,97,125,130,81,46,74" hai1="119,93,78,32,133,73,39,47,127,23,4,83,103" hai2="63,115,62,104,40,65,37,3,108,12,6,53,77" hai3="91,82,10,96,56,112,42,58,94,67,0,8,80"/><T85/><D26/><U28/><E119/><V107/><F3/><W16/><G112/><T121/><D46/><U20/><E127/><V45/><F115/><W43/><G0/><T92/><D116/><U110/><E133/><V100/><F108/><W54/><G67/><T25/><D25/><U59/><E110/><V33/><F33/><W84/><G82/><T122/><D92/><U95/><E32/><V98/><F77/><W111/><G111/><T126/><D97/><U49/><E39/><V52/><F63/><W5/><G5/><T88/><D122/><U87/><E73/><V22/><F104/><W76/><G58/><T61/><D61/><U102/><E4/><V75/><F75/><W90/><G76/><T128/><D128/><U101/><E59/><V66/><F66/><W132/><G132/><T134/><D88/><U19/><E28/><V15/><F15/><N who="3" m="7271" /><G10/><T72/><D85/><U34/><E34/><V14/><F14/><W18/><G18/><T123/><D121/><U64/><E64/><V89/><F89/><W31/><G31/><T30/><D74/><U99/><E99/><V57/><REACH who="2" step="1"/><F22/><REACH who="2" ten="327,173,240,250" step="2"/><N who="1" m="8233" /><E19/><V70/><F70/><W21/><G21/><T48/><D71/><U2/><E2/><V51/><F51/><AGARI ba="1,1" hai="42,43,51,54,56,80,84,90,91,94,96" m="7271" machi="51" ten="30,3900,0" yaku="8,1,52,1,54,1" doraHai="11" who="3" fromWho="2" sc="327,0,173,0,240,-42,250,52" /><INIT seed="1,0,0,1,4,127" ten="327,173,198,302" oya="1" hai0="84,115,119,29,94,86,24,78,67,20,13,74,103" hai1="77,54,63,75,6,111,129,88,89,101,109,105,30" hai2="3,102,52,16,39,79,59,120,25,43,45,14,33" hai3="104,12,114,38,92,23,27,107,4,96,8,47,48"/><U15/><E30/><V21/><F120/><W56/><G38/><T65/><D119/><U2/><E2/><V128/><F128/><W70/><G70/><T131/><D115/><U36/><E36/><V87/><F102/><W126/><G126/><T46/><D74/><U91/><E129/><V69/><F69/><W19/><G56/><T41/><D13/><U108/><E75/><V98/><F98/><W42/><REACH who="3" step="1"/><G114/><REACH who="3" ten="327,173,198,292" step="2"/><T26/><D67/><U49/><E63/><V133/><F133/><W99/><G99/><T5/><D65/><U97/><E77/><V32/><F79/><W7/><G7/><T28/><D5/><U81/><E81/><V100/><F87/><W82/><G82/><T122/><D78/><U130/><E130/><V62/><F3/><W72/><G72/><T57/><D131/><U85/><E85/><V11/><REACH who="2" step="1"/><F100/><AGARI ba="0,1" hai="4,8,12,19,23,27,42,47,48,92,96,100,104,107" machi="100" ten="30,2000,0" yaku="1,1,7,1,53,0" doraHai="127" doraHaiUra="35" who="3" fromWho="2" sc="327,0,173,0,198,-20,292,30" /><INIT seed="2,0,0,1,2,19" ten="327,173,178,322" oya="2" hai0="93,69,98,128,20,131,32,22,39,52,12,88,84" hai1="97,63,56,4,86,51,130,13,89,109,68,127,120" hai2="31,24,94,117,25,80,105,100,78,79,123,124,62" hai3="107,33,116,14,119,113,82,11,81,59,58,122,15"/><V108/><F123/><W49/><G122/><T104/><D39/><U54/><E120/><V44/><F117/><W50/><G11/><T121/><D32/><U5/><E127/><V38/><F124/><W102/><G102/><N who="0" m="62551" /><D69/><U35/><E35/><V132/><F105/><W134/><G33/><T61/><D121/><U34/><E34/><V85/><F108/><W28/><G28/><T106/><D12/><U23/><E109/><V47/><F132/><W70/><G70/><T66/><D52/><N who="1" m="34183" /><E68/><V41/><F62/><W37/><G37/><T7/><D7/><U42/><E42/><V53/><F24/><W57/><G107/><T26/><D26/><U76/><E130/><N who="0" m="49705" /><D106/><U43/><E97/><N who="2" m="59447" /><F38/><W9/><G134/><T67/><D61/><U65/><E43/><V95/><F41/><W112/><G59/><T17/><D17/><N who="1" m="10671" /><E76/><N who="2" m="46215" /><F95/><W60/><G9/><T16/><D16/><U40/><E40/><V133/><F133/><W99/><G60/><T103/><D103/><U27/><E65/><AGARI ba="0,0" hai="20,22,65,66,67,84,88,93" m="49705,62551" machi="65" ten="30,7700,0" yaku="19,1,52,2,54,1" doraHai="19" who="0" fromWho="1" sc="327,77,173,-77,178,0,322,0" /><INIT seed="3,0,0,1,4,123" ten="404,96,178,322" oya="3" hai0="5,29,50,94,129,59,108,20,71,19,3,17,31" hai1="16,24,43,91,87,76,121,109,100,104,110,77,47" hai2="83,45,117,13,14,60,42,81,93,101,69,67,116" hai3="18,10,97,72,118,85,132,89,79,21,98,135,131"/><W92/><G118/><T40/><D71/><U41/><E121/><V99/><F116/><W80/><G10/><T15/><D129/><U73/><E104/><V0/><F0/><W88/><G18/><T56/><D3/><U39/><E100/><V115/><F115/><W111/><G21/><T23/><D94/><U11/><E43/><V113/><F117/><W84/><G111/><N who="1" m="42506" /><E73/><V70/><F113/><W1/><G1/><T26/><D5/><U27/><E11/><V102/><F70/><W2/><G2/><T38/><D38/><U6/><E6/><V28/><F28/><W122/><G122/><T58/><D108/><U78/><E16/><V68/><F68/><W36/><G36/><T114/><D114/><U57/><E57/><V37/><F102/><W61/><G61/><T48/><D48/><U55/><E55/><V103/><F103/><W32/><G32/><T82/><D82/><U7/><E7/><V35/><F35/><W4/><G4/><T106/><D106/><U90/><E90/><V25/><F25/><W44/><G44/><AGARI ba="0,0" hai="15,17,19,20,23,26,29,31,40,44,50,56,58,59" machi="44" ten="40,1300,0" yaku="8,1" doraHai="123" who="0" fromWho="3" sc="404,13,96,0,178,0,322,-13" owari="417,51.0,96,-40.0,178,-22.0,309,11.0" /></mjloggm>