<mjloggm ver="2.3"><GO type="97" lobby="0"/><UN n0="%E5%B0%B1%E6%B4%BB%E7%94%9F%40%E5%B7%9D%E6%9D%91%E8%BB%8D%E5%9B%A3" n1="%E3%83%9B%E3%83%B3%E3%83%80%E3%81%95%E3%82%93" n2="%E3%83%98%E3%83%AA%E3%82%B3%E3%83%90%E3%82%AF%E3%82%BF%E3%83%BC%50" n3="%75%6F%74%61" dan="15,15,14,13" rate="1947.07,1974.34,1988.00,1835.08" sx="M,F,M,M"/><TAIKYOKU oya="0"/><INIT seed="0,0,0,4,3,45" ten="250,250,250,250" oya="0" hai0="116,117,99,40,66,49,84,102,68,55,17,111,50" hai1="60,2,132,72,74,1,53,5,23,64,106,108,48" hai2="14,43,6,63,70,103,95,92,119,105,21,77,69" hai3="130,112,39,47,107,41,135,57,98,56,42,10,94"/><T51/><D111/><U73/><E106/><V7/><F77/><W97/><G112/><T65/><D40/><U131/><E108/><V91/><F105/><W85/><G135/><T16/><D68/><U29/><E132/><V13/><F43/><W83/><G130/><T59/><D116/><U24/><E131/><V125/><F63/><W124/><G124/><T52/><D117/><U118/><E118/><V101/><F119/><W67/><G107/><T71/><D71/><U34/><E34/><V96/><F21/><W18/><G42/><T79/><D99/><U61/><E5/><V128/><F128/><W75/><G75/><T87/><D102/><U27/><E27/><V121/><F121/><W80/><G80/><N who="0" m="47135" /><D87/><U82/><E82/><V126/><F91/><W133/><G133/><T0/><D0/><U9/><E9/><V35/><REACH who="2" step="1"/><F96/><REACH who="2" ten="250,250,240,250" step="2"/><W58/><G98/><T36/><D36/><U37/><E37/><V3/><F3/><W19/><G10/><T109/><D109/><U33/><E61/><V46/><F46/><W25/><G47/><N who="0" m="27711" /><D50/><U54/><E33/><AGARI ba="0,1" hai="6,7,13,14,33,35,69,70,92,95,101,103,125,126" machi="33" ten="25,3200,0" yaku="1,1,22,2,53,0" doraHai="45" doraHaiUra="81" who="2" fromWho="1" sc="250,0,250,-32,240,42,250,0" /><INIT seed="1,0,0,4,2,11" ten="250,218,282,250" oya="1" hai0="14,30,124,45,51,79,76,41,0,93,38,72,125" hai1="131,39,32,4,8,109,29,3,13,130,26,85,100" hai2="135,113,40,58,104,129,117,33,102,9,54,36,31" hai3="84,12,62,108,69,120,52,59,81,17,132,22,112"/><U34/><E39/><V114/><F117/><W42/><G112/><N who="2" m="43113" /><F40/><W20/><G108/><T127/><D0/><U56/><E56/><V28/><F36/><W35/><G120/><T23/><D72/><U63/><E63/><V110/><F110/><W115/><G132/><T53/><D93/><U94/><E100/><V121/><F121/><W122/><G122/><T89/><D89/><U57/><E57/><V7/><F129/><N who="1" m="49161" /><E94/><V98/><F135/><W83/><G35/><T87/><D87/><U55/><E55/><V101/><F33/><W19/><G115/><T5/><D30/><U37/><E37/><V134/><F102/><W1/><G1/><T10/><REACH who="0" step="1"/><D23/><REACH who="0" ten="240,218,282,250" step="2"/><U71/><E85/><V24/><F134/><W126/><G84/><T103/><D103/><U78/><E78/><V73/><F73/><W128/><G128/><T91/><D91/><U47/><E109/><V49/><F24/><W99/><G99/><T75/><D75/><U74/><E74/><V46/><F31/><W90/><G90/><T50/><D50/><U60/><E3/><N who="2" m="255" /><F28/><W70/><G83/><T118/><D118/><U82/><E82/><V21/><F21/><W111/><G22/><T86/><D86/><U119/><E119/><V123/><F123/><W6/><G81/><T48/><D48/><U15/><E34/><V64/><F98/><W105/><G111/><T61/><D61/><U67/><E47/><AGARI ba="0,1" hai="5,10,14,38,41,45,47,51,53,76,79,124,125,127" machi="47" ten="40,8000,1" yaku="1,1,18,1,52,1,53,1" doraHai="11" doraHaiUra="2" who="0" fromWho="1" sc="240,90,218,-80,282,0,250,0" /><INIT seed="2,0,0,3,3,76" ten="330,138,282,250" oya="2" hai0="83,65,3,82,125,32,134,48,91,109,121,67,18" hai1="11,6,74,89,85,106,26,70,21,127,108,57,8" hai2="66,13,5,101,41,43,78,132,122,110,99,111,73" hai3="25,10,95,35,129,42,63,20,39,60,77,87,47"/><V56/><F122/><W45/><G129/><T71/><D32/><U88/><E70/><V27/><F132/><W75/><G35/><T55/><D3/><U79/><E106/><V115/><F115/><W72/><G47/><N who="0" m="28063" /><D71/><U30/><E127/><V2/><F2/><W98/><G75/><T24/><D121/><U100/><E100/><V131/><F131/><W64/><G72/><T22/><D125/><U51/><E108/><N who="2" m="41515" /><F27/><W52/><G10/><T37/><D37/><U128/><E74/><V33/><F33/><W0/><G0/><T114/><D114/><U84/><E128/><V14/><F73/><W94/><G64/><N who="0" m="24651" /><D134/><U59/><E79/><V124/><F78/><W49/><G95/><T130/><D130/><U113/><E113/><V97/><F124/><W62/><G98/><N who="2" m="37385" /><F101/><W120/><G120/><T135/><D109/><U46/><E6/><V54/><F66/><W81/><G94/><T102/><D135/><U103/><E103/><V12/><F5/><W119/><G119/><T112/><D112/><U50/><E46/><V123/><F123/><W93/><G93/><T58/><D102/><U90/><E8/><V61/><AGARI ba="0,0" hai="12,13,14,41,43,54,56,61" m="37385,41515" machi="61" ten="40,3900,0" yaku="14,1,10,1" doraHai="76" who="2" fromWho="2" sc="330,-13,138,-13,282,39,250,-13" /><INIT seed="2,1,0,0,2,47" ten="317,125,321,237" oya="2" hai0="42,2,82,100,19,56,67,111,29,88,3,73,115" hai1="81,89,78,69,105,77,14,128,87,75,110,26,134" hai2="55,125,107,112,9,16,123,132,30,10,119,92,40" hai3="106,27,117,116,25,39,99,109,91,33,0,31,135"/><V71/><F107/><W98/><G39/><T86/><D115/><U93/><E69/><V50/><F112/><W57/><G0/><T80/><D100/><U127/><E14/><V102/><F119/><W60/><G109/><T108/><D42/><U121/><E26/><V51/><F123/><W79/><G135/><T85/><D29/><U61/><E61/><V37/><F71/><W24/><G79/><N who="0" m="46239" /><D73/><U101/><E121/><V59/><F37/><W66/><G99/><T74/><D19/><U15/><E15/><V97/><F30/><W49/><G117/><T64/><D74/><U12/><E12/><V45/><F132/><W1/><G1/><N who="0" m="11" /><D56/><U118/><E134/><V8/><F125/><W43/><G116/><T13/><D13/><AGARI ba="1,0" hai="8,9,10,13,16,40,45,50,51,55,59,92,97,102" machi="13" ten="40,12000,1" yaku="8,1,52,2,54,1" doraHai="47" who="2" fromWho="0" sc="317,-123,125,0,321,123,237,0" /><INIT seed="2,2,0,0,5,13" ten="194,125,444,237" oya="2" hai0="15,68,93,57,40,126,41,104,95,135,129,22,81" hai1="130,60,89,119,115,34,16,106,120,76,97,123,0" hai2="112,107,44,8,113,132,21,54,39,20,5,84,94" hai3="77,124,87,105,118,83,85,43,1,32,49,47,4"/><V24/><F107/><W96/><G118/><T102/><D68/><U35/><E0/><V121/><F121/><N who="1" m="46665" /><E119/><V30/><F132/><W6/><G124/><T131/><D135/><U98/><E115/><V56/><F44/><W17/><G32/><N who="1" m="12330" /><E76/><V14/><F39/><W71/><G71/><T36/><D126/><U79/><E79/><V92/><F112/><W116/><G116/><T133/><D133/><U19/><E130/><N who="0" m="49673" /><D36/><U114/><E114/><V99/><F99/><N who="1" m="37897" /><E60/><V128/><F128/><W110/><G110/><T101/><D104/><U125/><E125/><V59/><F59/><W11/><G6/><T134/><D57/><U103/><E89/><V66/><F66/><W45/><G45/><T90/><D134/><U65/><E65/><V51/><F113/><W69/><G69/><T80/><D102/><U7/><E7/><V18/><F84/><W42/><G105/><T27/><D15/><AGARI ba="2,0" hai="5,8,14,15,18,20,21,24,30,51,54,56,92,94" machi="15" ten="30,5800,0" yaku="7,1,8,1,52,1" doraHai="13" who="2" fromWho="0" sc="194,-64,125,0,444,64,237,0" /><INIT seed="2,3,0,3,2,2" ten="130,125,508,237" oya="2" hai0="113,1,97,134,33,111,21,11,83,27,86,25,29" hai1="54,9,75,63,18,45,64,51,125,60,72,95,50" hai2="116,6,87,0,88,62,39,104,126,91,107,90,84" hai3="129,69,112,127,10,20,49,119,77,133,96,117,79"/><V80/><F39/><W123/><G123/><T70/><D70/><U41/><E125/><V24/><F116/><W16/><G69/><T124/><D124/><U13/><E95/><V31/><F126/><W35/><G127/><T52/><D113/><U3/><E3/><V130/><F130/><W94/><G35/><T68/><D68/><U26/><E26/><V109/><F109/><W98/><G129/><T44/><D134/><U73/><REACH who="1" step="1"/><E64/><REACH who="1" ten="130,115,508,237" step="2"/><V106/><F24/><W61/><G117/><T76/><D111/><U57/><AGARI ba="3,1" hai="9,13,18,41,45,50,51,54,57,60,63,72,73,75" machi="57" ten="30,7900,0" yaku="1,1,2,1,0,1,53,1" doraHai="2" doraHaiUra="14" who="1" fromWho="1" sc="130,-23,115,98,508,-42,237,-23" /><INIT seed="3,0,0,2,0,83" ten="107,213,466,214" oya="3" hai0="102,105,84,20,91,100,103,22,34,117,128,62,68" hai1="106,67,97,42,37,30,10,28,12,133,94,7,132" hai2="109,57,92,76,52,46,53,63,11,74,87,72,114" hai3="93,59,118,65,17,16,119,110,129,123,40,0,18"/><W135/><G123/><T115/><D34/><U70/><E106/><V4/><F114/><W38/><G0/><T116/><D128/><U36/><E42/><V2/><F109/><W101/><G129/><T108/><D108/><U98/><E70/><V130/><F130/><W35/><G110/><T96/><D115/><U60/><E67/><V131/><F131/><W23/><G35/><T86/><D68/><U43/><E60/><V26/><F26/><W56/><G135/><N who="1" m="51786" /><E43/><V21/><F21/><N who="0" m="8298" /><D62/><U14/><E14/><V90/><F76/><W122/><G122/><T29/><D29/><N who="1" m="11371" /><E97/><V33/><F33/><W3/><G3/><T79/><D79/><U6/><E6/><V15/><F2/><W134/><G134/><T45/><D45/><U121/><E121/><V51/><AGARI ba="0,0" hai="4,11,15,46,51,52,53,57,63,72,74,87,90,92" machi="51" ten="30,4000,0" yaku="0,1,52,1,54,1" doraHai="83" who="2" fromWho="2" sc="107,-10,213,-10,466,40,214,-20" owari="97,-40.0,203,0.0,506,61.0,194,-21.0" /></mjloggm>