<mjloggm ver="2.3"><GO type="169" lobby="0"/><UN n0="%E3%81%BF%E3%81%8D%E3%81%BF%E3%81%8D%E2%99%AA" n1="%79%6F%6B%6F%77%61%73%68" n2="%E3%82%A6%E3%83%AB%E3%83%88%E3%83%A9%E7%AB%8B%E7%9B%B4" n3="%6D%6F%79%6F" dan="16,16,17,16" rate="2010.12,2057.05,2162.30,2027.01" sx="M,M,M,F"/><TAIKYOKU oya="0"/><INIT seed="0,0,0,1,4,16" ten="250,250,250,250" oya="0" hai0="67,94,118,97,36,49,59,74,121,100,87,119,11" hai1="86,14,135,101,44,112,78,122,3,63,115,96,108" hai2="85,8,71,82,95,116,10,120,62,24,88,125,107" hai3="68,64,55,66,6,89,39,53,50,60,56,57,93"/><T75/><D121/><U5/><E122/><V35/><F107/><W25/><G6/><T81/><D36/><U127/><E3/><V131/><F120/><W65/><G25/><T19/><D11/><U54/><E14/><V15/><F125/><W72/><G72/><T38/><D38/><U114/><E127/><V105/><F105/><W110/><G110/><T83/><D19/><U30/><E5/><V9/><F131/><W51/><G93/><T42/><D42/><U69/><E135/><V76/><F116/><W111/><G89/><T134/><D134/><U17/><E17/><V73/><F71/><W109/><G109/><T98/><D75/><U128/><E30/><V23/><F62/><W40/><G111/><T34/><D74/><U104/><E108/><V103/><F35/><W27/><G27/><T20/><D34/><U80/><E128/><V48/><F48/><W2/><G2/><T1/><D1/><U0/><E0/><V29/><F103/><W91/><G91/><T18/><D118/><U133/><E133/><V123/><F123/><W22/><G22/><T12/><D119/><U92/><E69/><V43/><REACH who="2" step="1"/><F43/><REACH who="2" ten="250,250,240,250" step="2"/><W132/><G132/><T117/><D117/><U31/><E104/><V13/><AGARI ba="0,1" hai="8,9,10,13,15,23,24,29,73,76,82,85,88,95" machi="13" ten="30,8000,1" yaku="1,1,2,1,0,1,52,1,54,1,53,0" doraHai="16" doraHaiUra="37" who="2" fromWho="2" sc="250,-40,250,-20,240,90,250,-20" /><INIT seed="1,0,0,3,2,23" ten="210,230,330,230" oya="1" hai0="24,87,67,54,28,103,93,30,42,108,115,135,33" hai1="104,85,8,89,88,116,69,32,17,92,86,77,2" hai2="65,55,121,110,134,79,106,11,82,46,35,80,111" hai3="50,49,109,31,72,107,7,0,113,102,133,20,125"/><U117/><E104/><V126/><F121/><W73/><G113/><T78/><D115/><U3/><E69/><V119/><F119/><W64/><G133/><T10/><D135/><U131/><E77/><V1/><F134/><W53/><G125/><T19/><D108/><N who="2" m="41514" /><F126/><W34/><G34/><T61/><D42/><U74/><E74/><V100/><F35/><W58/><G109/><T41/><D41/><U81/><E131/><V22/><F22/><W36/><G36/><T48/><D30/><U68/><E32/><V63/><F55/><W114/><G114/><T18/><D10/><U91/><E68/><V105/><F46/><W12/><G64/><T90/><D78/><U57/><E57/><N who="2" m="37103" /><F100/><W38/><G102/><T14/><D103/><U84/><E2/><V76/><F82/><W27/><G0/><T62/><D67/><U71/><E71/><V4/><F79/><W120/><G120/><T25/><D33/><U70/><E70/><V96/><F96/><W97/><G97/><T94/><D54/><U128/><E3/><V83/><F83/><W122/><G122/><T21/><D93/><U13/><E128/><V39/><F39/><W127/><G38/><T43/><D43/><U99/><E99/><V124/><F124/><W98/><G127/><T118/><D118/><U5/><E117/><V112/><F112/><W52/><G98/><T95/><D95/><U16/><E116/><V6/><F6/><W47/><G107/><T45/><D45/><U101/><E101/><V9/><F9/><W129/><G129/><T132/><D132/><U15/><E92/><RYUUKYOKU ba="0,0" sc="210,-15,230,-15,330,15,230,15" hai2="1,4,11,76,80,105,106" hai3="7,12,20,27,31,47,49,50,52,53,58,72,73" /><INIT seed="2,1,0,4,1,96" ten="195,215,345,245" oya="2" hai0="131,133,80,2,40,79,109,98,85,43,132,120,53" hai1="108,62,10,103,122,119,49,27,4,28,115,83,24" hai2="121,128,78,69,9,73,95,8,127,71,15,67,51" hai3="100,32,82,118,116,59,129,110,36,33,18,93,107"/><V90/><F121/><W97/><G36/><T45/><D120/><U68/><E122/><V84/><F127/><W5/><G129/><T126/><D109/><U16/><E108/><V113/><F113/><W50/><G110/><T91/><D126/><U35/><E115/><V61/><F128/><W60/><G82/><T88/><D2/><U72/><E119/><V20/><F71/><W124/><G124/><T81/><D131/><U135/><E135/><N who="0" m="51785" /><D53/><U41/><E41/><V64/><F64/><W101/><G118/><T114/><D114/><U76/><E49/><V75/><F78/><W25/><G116/><T111/><D111/><U130/><E130/><V46/><F20/><N who="3" m="13463" /><G5/><T19/><D19/><U117/><E117/><V92/><F92/><W37/><G37/><N who="0" m="21743" /><D40/><U104/><E4/><V26/><F26/><W44/><G107/><T7/><D7/><U99/><E27/><V86/><F9/><W42/><G32/><T17/><D17/><U112/><E112/><V11/><F8/><W94/><G33/><T47/><D47/><U125/><E125/><V38/><F11/><W123/><G123/><T12/><D12/><U65/><E16/><V55/><F15/><W56/><G60/><T102/><D81/><U21/><E10/><V77/><F38/><W134/><G134/><T58/><D58/><U87/><E21/><V0/><F0/><W6/><G6/><T105/><AGARI ba="1,0" hai="79,80,85,88,91,98,102,105" m="21743,51785" machi="105" ten="30,4000,0" yaku="20,1,52,1,54,1" doraHai="96" who="0" fromWho="0" sc="195,43,215,-11,345,-21,245,-11" /><INIT seed="3,0,0,0,2,114" ten="238,204,324,234" oya="3" hai0="25,130,111,19,53,113,101,69,62,82,80,61,73" hai1="27,52,105,29,99,126,118,2,58,68,39,119,35" hai2="3,41,20,44,11,4,106,77,128,9,10,92,84" hai3="131,67,45,30,31,40,132,76,79,57,43,54,15"/><W65/><G131/><T89/><D111/><U93/><E39/><V71/><F106/><W46/><G132/><T22/><D130/><U107/><E126/><V50/><F71/><W49/><G15/><T95/><D73/><U12/><E68/><V87/><F128/><W6/><G6/><T51/><D113/><U14/><E2/><V121/><F121/><W120/><G120/><T59/><D101/><U32/><E35/><V47/><F20/><W70/><G70/><T90/><D90/><N who="1" m="55735" /><E105/><V37/><F84/><W127/><G49/><T48/><D48/><N who="1" m="30983" /><E107/><V64/><F64/><W23/><G57/><T72/><D72/><U109/><E109/><V129/><F129/><W66/><G127/><T24/><D24/><U85/><E85/><V60/><F60/><N who="0" m="23146" /><D69/><U115/><E115/><V102/><F102/><W97/><G66/><T83/><D83/><U28/><E29/><V1/><F1/><W94/><G31/><T5/><D5/><U122/><E122/><V8/><F92/><W74/><G94/><T26/><D26/><U116/><AGARI ba="0,0" hai="12,14,27,28,32,116,118,119" m="30983,55735" machi="116" ten="30,8000,1" yaku="12,1,52,3,54,1" doraHai="114" who="1" fromWho="1" sc="238,-20,204,80,324,-20,234,-40" /><INIT seed="4,0,0,3,5,35" ten="218,284,304,194" oya="0" hai0="41,134,119,0,80,1,87,71,133,81,83,29,65" hai1="84,85,37,116,16,61,32,4,60,27,100,101,89" hai2="109,72,19,108,31,3,15,9,57,99,79,23,5" hai3="11,40,20,13,33,14,95,115,92,17,82,98,107"/><T24/><D119/><U131/><E116/><V75/><F99/><W121/><G33/><T36/><D87/><U25/><E37/><V39/><F39/><W21/><G115/><T42/><D65/><U77/><E131/><V43/><F43/><N who="0" m="16394" /><D36/><U45/><E45/><V10/><F57/><W47/><G107/><T130/><D71/><U64/><E4/><N who="2" m="1183" /><F79/><W88/><G121/><T74/><D74/><U86/><E77/><V26/><F75/><W126/><G82/><T28/><D130/><U120/><E120/><V70/><F70/><W117/><G117/><T66/><D66/><U73/><E73/><V8/><F72/><W97/><G14/><AGARI ba="0,0" hai="5,8,10,14,15,19,23,26,31,108,109" m="1183" machi="14" ten="30,3900,0" yaku="34,2,52,1" doraHai="35" who="2" fromWho="3" sc="218,0,284,0,304,39,194,-39" /><INIT seed="5,0,0,1,0,51" ten="218,284,343,155" oya="1" hai0="80,130,100,12,96,89,118,16,45,47,132,49,8" hai1="41,34,58,24,35,48,105,60,67,75,9,46,10" hai2="111,114,102,117,122,4,79,62,101,127,50,94,56" hai3="43,135,112,26,109,66,134,39,7,65,97,31,129"/><U11/><E75/><V92/><F122/><W77/><G77/><T42/><D118/><U120/><E120/><V124/><F111/><W27/><G109/><T81/><D130/><U108/><E108/><V73/><F117/><W121/><G129/><T57/><D132/><N who="3" m="50729" /><G121/><T70/><D70/><U13/><E105/><V128/><F128/><W69/><G112/><T93/><D57/><U98/><E98/><V72/><F50/><W14/><G97/><T64/><D64/><U59/><E13/><V18/><F18/><W115/><G115/><T103/><REACH who="0" step="1"/><D47/><REACH who="0" ten="208,284,343,155" step="2"/><U87/><E58/><V33/><F56/><W82/><G66/><T104/><D104/><U32/><REACH who="1" step="1"/><E87/><REACH who="1" ten="208,274,343,155" step="2"/><V83/><F73/><W37/><G69/><T85/><D85/><U123/><E123/><V40/><F72/><W86/><G86/><T71/><D71/><U99/><E99/><V107/><F107/><W125/><G65/><T131/><D131/><U44/><E44/><V3/><F114/><W5/><G82/><AGARI ba="0,2" hai="8,12,16,42,45,49,80,81,82,89,93,96,100,103" machi="82" ten="40,8000,1" yaku="1,1,8,1,54,1,53,1" doraHai="51" doraHaiUra="84" who="0" fromWho="3" sc="208,100,274,0,343,0,155,-80" /><INIT seed="6,0,0,4,1,0" ten="308,274,343,75" oya="2" hai0="93,108,7,127,19,38,22,132,21,135,14,11,42" hai1="55,90,5,49,44,80,113,98,76,122,13,115,52" hai2="120,57,33,85,66,29,32,35,24,126,18,30,2" hai3="101,104,84,40,67,15,79,94,106,20,121,39,114"/><V133/><F120/><W17/><G121/><T28/><D108/><U92/><E122/><V9/><F85/><W75/><G114/><N who="1" m="43530" /><E13/><N who="2" m="7471" /><F57/><W47/><G67/><T63/><D127/><U73/><E5/><V27/><F66/><W131/><G131/><T1/><D93/><U59/><E59/><V43/><F43/><AGARI ba="0,0" hai="43,44,49,52,55,73,76,80,90,92,98" m="43530" machi="43" ten="30,2000,0" yaku="15,1,54,1" doraHai="0" who="1" fromWho="2" sc="308,0,274,20,343,-20,75,0" /><INIT seed="7,0,0,3,0,121" ten="308,294,323,75" oya="3" hai0="81,96,103,74,11,130,36,90,94,86,21,83,52" hai1="78,23,84,88,117,79,100,135,46,20,48,39,113" hai2="56,22,19,131,133,73,69,38,37,115,12,29,35" hai3="53,57,1,18,51,30,28,2,27,26,77,3,127"/><W98/><G127/><T122/><D122/><U31/><E39/><V82/><F69/><W87/><G98/><T24/><D130/><U16/><E113/><V6/><F115/><W41/><G18/><N who="0" m="12343" /><D36/><U58/><E135/><V134/><F131/><W110/><G41/><T105/><D105/><U108/><E108/><V61/><F6/><W107/><G107/><T129/><D129/><U45/><E100/><V15/><F15/><W119/><G119/><T32/><D32/><U128/><E128/><V43/><F43/><W9/><G9/><T75/><D75/><U44/><E23/><V132/><F29/><W40/><G40/><T60/><D11/><U42/><E31/><V93/><F93/><W76/><G87/><T65/><D65/><U116/><E117/><V25/><F35/><W91/><G91/><T55/><D74/><U80/><E116/><V72/><F25/><W17/><G17/><T8/><D8/><U47/><E58/><V49/><F49/><W99/><G99/><T126/><D126/><U5/><E5/><V68/><F68/><W85/><G85/><N who="0" m="50495" /><D60/><U54/><E42/><V63/><F63/><W62/><G62/><T97/><D97/><U109/><E109/><V50/><F50/><W101/><G101/><T104/><D104/><U4/><E4/><V95/><F95/><W118/><G118/><T33/><D33/><U13/><AGARI ba="0,0" hai="13,16,20,44,45,46,47,48,54,78,79,80,84,88" machi="13" ten="30,7900,0" yaku="0,1,8,1,54,2" doraHai="121" who="1" fromWho="1" sc="308,-20,294,79,323,-20,75,-39" owari="288,-11.0,373,47.0,303,10.0,36,-46.0" /></mjloggm>