<mjloggm ver="2.3"><GO type="169" lobby="0"/><UN n0="%E5%B0%B1%E6%B4%BB%E7%94%9F%40%E5%B7%9D%E6%9D%91%E8%BB%8D%E5%9B%A3" n1="%E7%B4%97%E6%9C%89" n2="%50%48%59%4F" n3="%E3%81%A8%E3%83%BC%E3%82%84%E3%82%93" dan="16,16,16,16" rate="2144.36,2087.49,2061.45,2145.50" sx="M,F,M,M"/><TAIKYOKU oya="0"/><INIT seed="0,0,0,1,3,55" ten="250,250,250,250" oya="0" hai0="19,82,110,51,101,44,71,52,111,13,129,78,18" hai1="126,0,8,75,60,115,86,91,81,97,112,105,100" hai2="116,123,131,135,48,67,73,102,32,31,36,106,9" hai3="118,38,70,11,65,15,87,66,57,121,108,47,117"/><T28/><D71/><U119/><E119/><V77/><F48/><W58/><G87/><T74/><D129/><U80/><E0/><V40/><F9/><W104/><G104/><T132/><D132/><U98/><E8/><V62/><F123/><W94/><G94/><T30/><D101/><N who="1" m="62639" /><E60/><V99/><F131/><W3/><G3/><T2/><D2/><U59/><E59/><N who="3" m="22538" /><G15/><T114/><D114/><N who="1" m="43563" /><E126/><V124/><F124/><W22/><G22/><N who="0" m="11599" /><D19/><U103/><E98/><V23/><F23/><W35/><G35/><T69/><D69/><U61/><E61/><V63/><F135/><W107/><G11/><T89/><D89/><U4/><E4/><V39/><F116/><N who="3" m="44651" /><G70/><T130/><D130/><U93/><E81/><V88/><F73/><W96/><G121/><T122/><D122/><U56/><E56/><V7/><F77/><AGARI ba="0,0" hai="75,77,80,86,91,93,100,103" m="43563,62639" machi="77" ten="30,7700,0" yaku="24,1,11,1,34,2" doraHai="55" who="1" fromWho="2" sc="250,0,250,77,250,-77,250,0" /><INIT seed="1,0,0,3,1,131" ten="250,327,173,250" oya="1" hai0="5,67,64,61,110,106,55,128,133,26,80,59,107" hai1="115,28,31,111,116,112,113,123,102,125,34,0,78" hai2="19,51,119,95,40,45,92,77,14,25,12,76,89" hai3="60,65,126,11,37,104,88,20,1,9,38,15,85"/><U54/><E78/><V108/><F108/><W62/><G104/><T52/><D128/><U96/><E116/><V32/><F119/><W132/><G20/><T43/><D110/><U57/><E123/><V46/><F95/><W99/><G99/><T71/><D43/><U48/><E0/><V124/><F124/><W98/><G98/><T134/><D5/><U33/><E125/><V94/><F94/><W30/><G30/><T127/><D127/><U17/><E17/><V101/><F101/><W72/><G126/><T84/><D26/><U47/><E47/><V44/><F32/><W75/><G85/><T39/><D39/><U103/><E103/><V35/><F77/><W8/><G11/><T118/><D55/><U36/><E36/><V87/><F76/><W3/><G15/><N who="2" m="5673" /><F35/><W70/><G65/><N who="0" m="25163" /><D71/><U122/><E122/><V29/><F29/><W24/><G70/><T81/><D118/><U73/><E73/><V121/><F121/><W21/><G24/><T129/><D129/><U41/><E111/><V18/><F25/><W50/><G21/><T68/><D68/><U2/><E2/><V86/><F86/><W16/><G16/><AGARI ba="0,0" hai="16,18,19,40,44,45,46,51,87,89,92" m="5673" machi="16" ten="30,2000,0" yaku="8,1,54,1" doraHai="131" who="2" fromWho="3" sc="250,0,327,0,173,20,250,-20" /><INIT seed="2,0,0,0,4,131" ten="250,327,193,230" oya="2" hai0="133,38,7,120,26,75,80,127,46,60,39,93,61" hai1="101,130,31,27,62,132,79,78,6,24,97,28,89" hai2="49,33,36,13,5,37,29,95,17,119,76,86,98" hai3="72,23,22,109,67,83,8,110,68,99,112,81,32"/><V42/><F119/><W11/><G99/><T104/><D120/><U128/><E6/><V53/><F33/><W90/><G67/><T65/><D104/><U135/><E89/><V2/><F29/><W66/><G66/><T103/><D7/><U19/><E19/><V96/><F2/><W10/><G90/><T40/><D127/><U41/><E41/><V111/><F5/><W124/><G72/><T71/><D26/><U91/><E91/><V12/><F111/><W100/><G32/><T102/><D61/><U70/><E70/><V50/><F37/><W63/><G63/><T48/><D93/><U34/><E62/><V44/><F36/><W4/><G100/><T118/><D118/><U74/><E74/><V107/><F107/><W45/><G124/><T15/><D15/><N who="2" m="5706" /><F17/><W122/><G11/><T59/><D39/><U94/><E78/><V58/><F95/><W43/><G4/><T125/><D125/><U30/><E79/><V57/><F57/><W117/><G43/><T115/><D115/><U82/><E82/><AGARI ba="0,0" hai="42,44,49,50,53,58,76,82,86,96,98" m="5706" machi="82" ten="30,1500,0" yaku="8,1" doraHai="131" who="2" fromWho="1" sc="250,0,327,-15,193,15,230,0" /><INIT seed="2,1,0,3,1,111" ten="250,312,208,230" oya="2" hai0="123,48,62,21,2,36,30,83,55,107,104,105,103" hai1="18,32,89,53,15,90,75,78,96,77,74,12,125" hai2="0,119,130,9,51,29,8,115,97,10,84,128,63" hai3="49,43,5,61,25,3,1,135,33,52,7,121,59"/><V66/><F119/><W87/><G121/><T72/><D2/><U94/><E32/><V34/><F0/><W92/><G135/><T4/><D123/><U19/><E125/><V50/><F97/><W132/><G132/><T42/><D4/><U27/><E27/><N who="2" m="18751" /><F84/><W113/><G113/><T110/><D110/><U131/><E131/><N who="2" m="50219" /><F115/><W47/><G3/><T80/><D62/><U124/><E124/><V122/><F122/><W70/><G1/><T23/><D30/><U81/><E53/><V73/><F73/><W108/><G108/><T114/><D72/><U13/><E90/><V134/><F134/><W99/><G87/><T101/><D114/><U57/><E57/><AGARI ba="1,0" hai="8,9,10,50,51,57,63,66" m="50219,18751" machi="57" ten="30,1500,0" yaku="19,1" doraHai="111" who="2" fromWho="1" sc="250,0,312,-18,208,18,230,0" /><INIT seed="2,2,0,1,1,22" ten="250,294,226,230" oya="2" hai0="69,52,84,6,32,14,2,67,81,77,79,4,132" hai1="3,104,43,18,82,29,115,85,124,86,91,120,13" hai2="134,103,31,42,59,53,131,48,26,58,10,72,47" hai3="100,16,34,94,37,127,135,27,60,23,33,56,123"/><V125/><F72/><W0/><G123/><T80/><D32/><U41/><E115/><V19/><F134/><W76/><G37/><T68/><D2/><U74/><E74/><V98/><F131/><W95/><G0/><T129/><D129/><U83/><E3/><V11/><F125/><W92/><G135/><T15/><D132/><U126/><E104/><V118/><F118/><W121/><G121/><T73/><D67/><U28/><E120/><V5/><F19/><W114/><G127/><N who="1" m="48682" /><E41/><V45/><F45/><W46/><G114/><T54/><D73/><U109/><E43/><V7/><F11/><W61/><G34/><T108/><REACH who="0" step="1"/><D84/><REACH who="0" ten="240,294,226,230" step="2"/><U113/><E113/><V119/><F119/><W90/><G33/><T101/><D101/><U122/><E122/><V51/><F59/><W21/><G100/><T62/><D62/><U71/><E71/><V112/><F112/><W57/><G61/><T12/><D12/><U102/><E102/><V106/><REACH who="2" step="1"/><F10/><REACH who="2" ten="240,294,216,230" step="2"/><W75/><G57/><T89/><D89/><U70/><E91/><V111/><F111/><AGARI ba="2,2" hai="4,6,14,15,52,54,68,69,77,79,80,81,108,111" machi="111" ten="25,6400,0" yaku="1,1,22,2,54,1,53,0" doraHai="22" doraHaiUra="17" who="0" fromWho="2" sc="240,90,294,0,216,-70,230,0" /><INIT seed="3,0,0,4,1,46" ten="330,294,146,230" oya="3" hai0="28,47,11,135,100,77,125,114,112,19,25,86,43" hai1="82,124,29,52,22,68,118,10,113,116,27,89,80" hai2="51,56,7,32,17,39,41,13,84,33,54,15,99" hai3="3,101,74,49,2,14,64,96,110,121,119,53,120"/><W76/><G119/><N who="1" m="45610" /><E113/><N who="0" m="43625" /><D125/><U75/><E124/><V37/><F7/><W71/><G110/><T48/><D135/><U42/><E42/><V61/><F99/><W45/><G120/><T57/><D100/><U16/><E68/><V65/><F84/><W67/><G121/><T38/><D11/><U44/><E75/><V94/><F13/><W97/><G74/><T4/><D4/><U8/><E89/><V93/><F39/><W108/><G108/><T62/><D19/><U1/><E1/><V40/><F33/><W26/><G3/><T18/><D18/><U0/><E0/><V104/><F32/><W31/><G2/><T21/><D86/><U95/><E95/><N who="2" m="36363" /><F37/><W122/><G122/><T36/><D77/><U79/><E79/><V134/><F134/><W131/><G76/><T60/><D60/><U30/><E30/><V106/><F106/><W59/><G97/><T9/><D9/><N who="1" m="3691" /><E29/><V109/><F104/><W102/><G96/><T133/><D133/><U92/><E92/><V117/><F117/><W132/><G132/><T35/><D35/><U91/><E91/><V107/><F107/><W126/><G102/><T23/><D23/><U87/><E87/><V5/><F5/><W50/><G126/><T83/><D83/><U58/><E82/><V69/><F109/><W90/><G101/><T34/><D34/><U128/><E80/><V130/><F41/><W105/><G105/><T73/><D73/><U24/><E22/><N who="2" m="11583" /><F40/><N who="3" m="24743" /><G90/><T63/><D63/><U85/><E24/><V103/><F103/><W55/><G31/><T98/><D98/><U72/><E27/><RYUUKYOKU ba="0,0" sc="330,15,294,-15,146,15,230,-15" hai0="21,25,28,36,38,43,47,48,57,62" hai2="51,54,56,61,65,69,130" /><INIT seed="4,1,0,5,5,51" ten="345,279,161,215" oya="0" hai0="58,83,107,88,11,27,68,125,8,30,21,116,56" hai1="101,43,106,90,80,87,40,9,114,31,41,110,74" hai2="84,28,81,2,54,18,52,89,53,72,82,100,16" hai3="123,111,130,19,32,59,113,35,29,63,104,94,105"/><T22/><D68/><U98/><E110/><V17/><F2/><W126/><G105/><T15/><D107/><U85/><E31/><V46/><F100/><W70/><G111/><T73/><D116/><U48/><E114/><V127/><F127/><W13/><G35/><T128/><D128/><U69/><E69/><V14/><F28/><W34/><G32/><T86/><D73/><U93/><E9/><N who="0" m="3657" /><D125/><U1/><E1/><V20/><F46/><W5/><G34/><T23/><D23/><U95/><E74/><V103/><F103/><W71/><G104/><T12/><D12/><U129/><E129/><V0/><F0/><W122/><G71/><T64/><D64/><U25/><E25/><V133/><F133/><W78/><G70/><T66/><D66/><U121/><E121/><V135/><F135/><W115/><G126/><T62/><D62/><U117/><E117/><V61/><F61/><W36/><G130/><T119/><D119/><U75/><E75/><V10/><F72/><W57/><G123/><T99/><D99/><U26/><E26/><N who="2" m="14599" /><F82/><W24/><G36/><T42/><D42/><U102/><E106/><V91/><F91/><W120/><G113/><T49/><D49/><U50/><E102/><V65/><F65/><W96/><G120/><T6/><D6/><AGARI ba="1,0" hai="6,10,14,17,18,52,53,54,81,84,89" m="14599" machi="6" ten="30,12000,2" yaku="8,1,52,3,54,2" doraHai="51" who="2" fromWho="0" sc="345,-123,279,0,161,123,215,0" /><INIT seed="5,0,0,3,3,85" ten="222,279,284,215" oya="1" hai0="44,114,131,78,35,84,120,9,97,134,108,118,99" hai1="95,57,75,112,51,87,19,23,41,70,12,110,81" hai2="7,0,68,117,58,5,91,92,73,14,54,42,65" hai3="101,126,20,47,125,36,60,98,88,90,64,116,94"/><U133/><E70/><V46/><F73/><W1/><G1/><T17/><D35/><U89/><E112/><V71/><F117/><W111/><G116/><T55/><D118/><U80/><E133/><V31/><F0/><W129/><G111/><T18/><D108/><U29/><E110/><V102/><F102/><W4/><G129/><T62/><D120/><U40/><E75/><V109/><F109/><W83/><G4/><T82/><D131/><U72/><E72/><V76/><F76/><W113/><G113/><T8/><D134/><U56/><E29/><V26/><F68/><W37/><G20/><T2/><D114/><U15/><E15/><V67/><F71/><W132/><G132/><T121/><D121/><U61/><E57/><V104/><F104/><W16/><G16/><N who="0" m="6251" /><D2/><U77/><E77/><V53/><F53/><W115/><G115/><T27/><D27/><U135/><E135/><V25/><F25/><W39/><G47/><T123/><D123/><U79/><E79/><V86/><F7/><W21/><G21/><T119/><D119/><U49/><E41/><V130/><F130/><W3/><G3/><T38/><D38/><U100/><E40/><V128/><F128/><W69/><G83/><N who="1" m="31818" /><E100/><V96/><F5/><W127/><AGARI ba="0,0" hai="36,37,39,60,64,69,88,90,94,98,101,125,126,127" machi="127" ten="40,8000,1" yaku="0,1,18,1,52,2,54,1" doraHai="85" who="3" fromWho="3" sc="222,-20,279,-40,284,-20,215,80" /><INIT seed="6,0,0,0,4,127" ten="202,239,264,295" oya="2" hai0="133,56,105,22,108,45,47,83,50,119,100,10,79" hai1="33,84,134,35,104,5,102,91,18,16,76,75,25" hai2="115,12,129,14,8,67,48,128,27,54,7,17,65" hai3="41,126,0,125,38,52,86,9,2,113,132,53,68"/><V110/><F27/><W74/><G68/><T70/><D108/><U130/><E5/><V94/><F115/><W59/><G74/><T107/><D119/><U63/><E134/><V13/><F110/><W124/><G132/><T32/><D70/><U95/><E63/><V29/><F29/><W106/><G106/><T36/><D32/><U40/><E40/><V92/><F67/><W101/><G101/><T123/><D123/><U46/><E46/><V21/><F65/><W73/><G73/><T19/><D133/><U89/><E89/><V98/><F13/><W81/><G113/><T15/><D36/><U20/><E18/><V6/><F6/><W11/><G41/><T131/><D131/><N who="2" m="50250" /><F98/><W135/><G38/><T99/><D105/><U42/><E42/><V93/><F93/><W109/><G53/><T87/><D56/><AGARI ba="0,0" hai="7,8,12,14,17,21,48,54,56,92,94" m="50250" machi="56" ten="30,11600,0" yaku="19,1,52,3" doraHai="127" who="2" fromWho="0" sc="202,-116,239,0,264,116,295,0" /><INIT seed="6,1,0,3,0,87" ten="86,239,380,295" oya="2" hai0="18,105,92,90,74,16,133,63,1,116,134,126,106" hai1="56,60,41,59,14,43,19,82,95,122,50,131,89" hai2="58,3,112,53,39,68,34,119,7,117,26,73,27" hai3="132,55,51,110,98,67,61,101,103,69,12,17,40"/><V28/><F73/><W97/><G110/><T46/><D1/><U80/><E122/><V77/><F68/><W9/><G132/><N who="0" m="50795" /><D74/><U31/><E131/><V25/><F39/><W71/><G71/><T113/><D46/><N who="1" m="25951" /><E31/><V64/><F77/><W94/><G40/><T49/><D49/><U76/><E41/><V120/><F64/><W35/><G35/><T0/><D0/><U44/><E44/><V5/><F120/><W45/><G98/><N who="0" m="57623" /><D116/><U2/><E2/><V48/><F112/><W21/><REACH who="3" step="1"/><G9/><REACH who="3" ten="86,239,380,285" step="2"/><T100/><D113/><U111/><E111/><V93/><F119/><W107/><G107/><N who="0" m="40971" /><D100/><AGARI ba="1,1" hai="12,17,21,45,51,55,61,67,69,94,97,100,101,103" machi="100" ten="30,2000,0" yaku="1,1,7,1,53,0" doraHai="87" doraHaiUra="104" who="3" fromWho="0" sc="86,-23,239,0,380,0,285,33" /><INIT seed="7,0,0,0,5,117" ten="63,239,380,318" oya="3" hai0="15,30,44,54,126,3,84,82,85,11,75,5,104" hai1="71,32,116,120,133,109,45,43,95,130,121,48,83" hai2="69,72,1,119,134,37,13,64,33,132,68,74,86" hai3="19,0,90,42,38,87,70,58,118,40,128,76,73"/><W66/><G118/><T101/><D15/><U34/><E116/><V77/><F119/><W2/><G70/><N who="2" m="27241" /><F37/><W112/><G73/><T56/><D84/><U108/><E95/><V4/><F33/><N who="1" m="12905" /><E48/><V49/><F1/><N who="3" m="619" /><G38/><T8/><D8/><U79/><E45/><V12/><F64/><W135/><G76/><T60/><D85/><U51/><E51/><V35/><F35/><W39/><G19/><T115/><D30/><U47/><E47/><V100/><F74/><W123/><G39/><T25/><D25/><U99/><E43/><N who="3" m="16426" /><G66/><T107/><D101/><U122/><E99/><V106/><F72/><W53/><G90/><T24/><D24/><U23/><E23/><V127/><F106/><W52/><G58/><T50/><D82/><U65/><E130/><V7/><F100/><W10/><G10/><T59/><D75/><N who="1" m="43519" /><E133/><N who="2" m="51307" /><F49/><W98/><G98/><T62/><D126/><U28/><E28/><V105/><F127/><W61/><G61/><AGARI ba="0,0" hai="61,65,71,108,109,120,121,122" m="43519,12905" machi="61" ten="40,8000,1" yaku="23,1,52,3" doraHai="117" who="1" fromWho="3" sc="63,0,239,80,380,0,318,-80" owari="63,-44.0,319,12.0,380,48.0,238,-16.0" /></mjloggm>