<mjloggm ver="2.3"><GO type="97" lobby="0"/><UN n0="%33%30%25" n1="%E5%B0%B1%E6%B4%BB%E7%94%9F%40%E5%B7%9D%E6%9D%91%E8%BB%8D%E5%9B%A3" n2="%69%64%69%6F%74%6F%70" n3="%72%65%69%73%61%6E" dan="14,15,14,13" rate="1979.23,2084.00,1919.71,1819.57" sx="F,M,M,M"/><TAIKYOKU oya="0"/><INIT seed="0,0,0,3,2,28" ten="250,250,250,250" oya="0" hai0="79,130,89,90,67,115,62,15,123,27,86,66,44" hai1="75,117,81,50,36,129,110,3,91,37,118,87,103" hai2="63,23,131,58,132,24,43,13,85,116,57,133,95" hai3="59,80,25,46,40,93,30,100,107,55,56,54,98"/><T22/><D115/><U109/><E3/><V42/><F131/><W2/><G2/><T34/><D123/><U77/><E37/><V65/><F116/><N who="1" m="44649" /><E36/><V19/><F58/><W20/><G80/><T14/><D130/><U106/><E50/><V70/><F70/><W112/><G112/><T35/><D44/><U101/><E129/><V125/><F125/><W16/><G107/><T124/><D79/><U49/><E49/><V38/><F38/><W134/><G134/><T31/><D124/><U32/><E32/><V41/><F85/><W69/><G69/><T12/><D67/><U135/><E135/><N who="2" m="51787" /><F95/><W94/><G94/><T9/><D9/><U96/><E103/><V76/><F76/><W102/><G102/><T127/><D90/><U99/><E99/><V0/><F0/><W114/><G114/><T17/><D127/><U6/><E6/><V45/><F24/><W64/><G59/><T120/><D120/><U78/><E78/><V33/><F45/><W10/><G40/><T73/><D31/><U61/><E61/><V105/><F105/><W121/><G121/><T128/><D128/><U53/><E53/><V1/><F1/><W11/><G46/><T7/><D7/><U18/><E18/><V122/><F122/><W83/><G83/><AGARI ba="0,0" hai="75,77,81,83,87,91,96,101,106,109,110" m="44649" machi="83" ten="30,2000,0" yaku="34,2" doraHai="28" who="1" fromWho="3" sc="250,0,250,20,250,0,250,-20" /><INIT seed="1,0,0,2,2,102" ten="250,270,250,230" oya="1" hai0="43,88,21,72,94,54,64,107,77,1,86,65,70" hai1="25,17,104,76,39,58,69,80,55,46,90,6,29" hai2="41,27,73,131,24,44,67,82,112,36,97,5,0" hai3="57,114,95,23,10,61,26,62,122,16,84,134,56"/><U9/><E69/><V22/><F131/><W37/><G122/><T98/><D1/><U19/><E104/><V116/><F116/><W92/><G114/><T78/><D43/><U99/><E39/><V3/><F3/><W129/><G37/><T119/><D119/><U4/><E46/><V113/><F67/><W15/><G134/><T111/><D111/><U118/><E118/><V133/><F133/><W117/><G117/><T42/><D42/><U75/><E90/><V115/><F97/><W109/><G109/><T48/><D21/><U79/><E99/><V20/><F20/><W106/><G106/><T18/><D18/><U66/><E66/><V52/><F52/><N who="3" m="33927" /><G129/><T35/><D35/><U38/><E76/><N who="0" m="29289" /><D70/><U30/><E38/><V47/><F47/><W126/><G126/><T7/><D107/><U34/><E30/><V93/><F44/><W28/><G84/><T110/><D72/><U132/><E132/><V50/><F73/><W2/><G2/><T87/><D110/><U71/><E71/><V101/><F36/><W63/><G63/><T11/><D86/><U105/><E6/><V127/><F112/><W103/><G103/><T51/><D98/><U135/><E135/><V91/><F113/><W124/><G124/><T128/><D128/><U74/><E105/><V83/><F115/><W53/><AGARI ba="0,0" hai="10,15,16,23,26,28,53,57,62,92,95" m="33927" machi="53" ten="30,4000,0" yaku="8,1,54,2" doraHai="102" who="3" fromWho="3" sc="250,-10,270,-20,250,-10,230,40" /><INIT seed="2,0,0,1,2,86" ten="240,250,240,270" oya="2" hai0="90,89,15,67,56,33,60,103,30,69,17,63,1" hai1="85,61,64,127,41,128,27,58,135,40,68,102,29" hai2="75,16,101,13,8,66,108,65,80,36,31,37,129" hai3="94,92,45,0,87,46,97,118,134,70,114,78,71"/><V22/><F129/><W122/><G122/><T28/><D1/><U4/><E128/><V126/><F126/><W34/><G118/><T107/><D103/><U111/><E111/><V112/><F112/><W50/><G34/><T21/><D107/><U11/><E135/><V130/><F130/><W54/><G0/><T105/><D105/><U57/><E102/><V20/><F101/><W53/><G134/><T18/><D33/><U2/><E127/><V121/><F108/><W26/><G114/><T77/><D77/><U84/><E57/><V106/><F106/><W113/><G113/><T48/><D48/><U23/><E68/><V132/><F121/><W124/><G124/><T38/><D38/><U109/><E109/><V12/><F132/><W117/><G117/><T43/><D43/><U19/><E84/><V131/><F36/><W10/><G10/><T52/><REACH who="0" step="1"/><D18/><REACH who="0" ten="230,250,240,270" step="2"/><U74/><E74/><V93/><F37/><W35/><G35/><T49/><D49/><U3/><E3/><V72/><F75/><W62/><G50/><T116/><D116/><U81/><REACH who="1" step="1"/><E19/><REACH who="1" ten="230,240,240,270" step="2"/><N who="2" m="10343" /><F72/><W100/><G78/><AGARI ba="0,2" hai="2,4,11,23,27,29,40,41,58,61,64,78,81,85" machi="78" ten="30,2000,0" yaku="1,1,7,1,53,0" doraHai="86" doraHaiUra="91" who="1" fromWho="3" sc="230,0,240,40,240,0,270,-20" /><INIT seed="3,0,0,4,3,12" ten="230,280,240,250" oya="3" hai0="110,135,114,129,118,36,99,119,124,42,122,58,21" hai1="79,83,94,98,51,87,20,108,109,131,50,33,34" hai2="111,103,45,86,32,73,30,15,67,132,80,84,41" hai3="17,66,14,3,76,88,64,29,4,100,48,104,59"/><W91/><G3/><T61/><D122/><U107/><E107/><V72/><F111/><N who="1" m="42569" /><E131/><V23/><F132/><W89/><G4/><T24/><D110/><U106/><E106/><V71/><F103/><W85/><G29/><T115/><D135/><U25/><E51/><V52/><F32/><W18/><G100/><T92/><D129/><U56/><E56/><V0/><F0/><W49/><G104/><T120/><D120/><U37/><E50/><N who="3" m="19562" /><G14/><T28/><D124/><U9/><E9/><V44/><F67/><N who="3" m="25643" /><G59/><T6/><D6/><U8/><E8/><V38/><F73/><W81/><AGARI ba="0,0" hai="17,18,76,81,85,88,89,91" m="25643,19562" machi="81" ten="40,12000,1" yaku="8,1,52,2,54,1" doraHai="12" who="3" fromWho="3" sc="230,-40,280,-40,240,-40,250,120" owari="190,-31.0,240,4.0,200,-20.0,370,47.0" /></mjloggm>