<mjloggm ver="2.3"><GO type="169" lobby="0"/><UN n0="%30%30%73%61%69" n1="%E3%82%A6%E3%83%AB%E3%83%88%E3%83%A9%E7%AB%8B%E7%9B%B4" n2="%E3%83%94%E3%82%B3%E3%83%9E%E3%82%B9%E3%83%86%E3%82%A3%E3%83%95" n3="%E5%AE%AE%E9%96%93%E5%A4%95%E8%8F%9C" dan="18,17,16,16" rate="2154.42,2172.83,2147.26,2113.93" sx="M,M,M,F"/><TAIKYOKU oya="0"/><INIT seed="0,0,0,5,3,94" ten="250,250,250,250" oya="0" hai0="34,89,12,57,96,133,32,93,44,40,48,64,23" hai1="95,105,122,112,111,91,0,100,79,18,7,82,90" hai2="107,31,110,101,2,13,102,1,41,51,6,73,38" hai3="60,75,123,104,71,69,130,27,24,135,46,50,25"/><T16/><REACH who="0" step="1"/><D133/><REACH who="0" ten="240,250,250,250" step="2"/><U58/><E122/><V11/><F110/><W5/><G135/><T22/><D22/><U4/><E111/><V81/><F31/><W78/><G123/><T59/><D59/><U17/><E58/><V63/><F63/><AGARI ba="0,1" hai="12,16,23,32,34,40,44,48,57,63,64,89,93,96" machi="63" ten="40,12000,1" yaku="21,2,52,1,54,1,53,0" doraHai="94" doraHaiUra="97" who="0" fromWho="2" sc="240,130,250,0,250,-120,250,0" /><INIT seed="0,1,0,4,3,5" ten="370,250,130,250" oya="0" hai0="3,78,67,17,9,19,66,107,97,126,134,75,63" hai1="90,49,44,93,57,124,127,94,29,70,24,115,86" hai2="71,53,50,14,15,11,41,82,129,36,98,48,120" hai3="99,16,20,1,105,104,0,118,84,133,28,101,85"/><T45/><D126/><N who="1" m="48171" /><E70/><V117/><F120/><W92/><G118/><T116/><D116/><U56/><E94/><V54/><F117/><W119/><G119/><T113/><D113/><U35/><E115/><V12/><F71/><W39/><G39/><T69/><D134/><U106/><E106/><V123/><F123/><W128/><G133/><T110/><D67/><U88/><E90/><V33/><F33/><W21/><G105/><T34/><D110/><U108/><E108/><V130/><F36/><W79/><G128/><N who="2" m="49257" /><F98/><W30/><G104/><T100/><D34/><U47/><E47/><N who="2" m="25711" /><F82/><N who="3" m="47199" /><G0/><T22/><D45/><U135/><E135/><V91/><F91/><W7/><G1/><T102/><D100/><U81/><E81/><V132/><F132/><W87/><G7/><T73/><D78/><U23/><E35/><V27/><F27/><N who="3" m="16495" /><G30/><T103/><D103/><U125/><N who="1" m="48179" /><U112/><DORA hai="122" /><E112/><V2/><F2/><W76/><G76/><T80/><D80/><U61/><E61/><V38/><F38/><W58/><G58/><T59/><D59/><U64/><E64/><V40/><F40/><AGARI ba="1,0" hai="23,24,29,40,44,49,56,57,86,88,93" m="48179" machi="40" ten="40,2600,0" yaku="18,1,54,1" doraHai="5,122" who="1" fromWho="2" sc="370,0,250,29,130,-29,250,0" /><INIT seed="1,0,0,0,4,38" ten="370,279,101,250" oya="1" hai0="102,112,60,110,15,132,106,105,125,5,58,77,50" hai1="118,109,135,41,98,119,74,100,26,51,87,66,65" hai2="90,4,103,18,48,49,123,124,28,120,29,43,99" hai3="32,63,7,73,127,84,53,71,97,111,82,12,19"/><U62/><E74/><V36/><F124/><W34/><G127/><T70/><D125/><U108/><E87/><V86/><F4/><W40/><G73/><T76/><D112/><U14/><E14/><V35/><F35/><W45/><G7/><T69/><D102/><U33/><E26/><V130/><F36/><W27/><G111/><N who="1" m="42570" /><E33/><V44/><F130/><W107/><G27/><T23/><D15/><U134/><E98/><V46/><F123/><W129/><G129/><T93/><D77/><U121/><E100/><V25/><F120/><W89/><G107/><T61/><D76/><U6/><E6/><V114/><F114/><W31/><G31/><T133/><D5/><U42/><E121/><V21/><F99/><W1/><G1/><T95/><D110/><U54/><E134/><V8/><F103/><W10/><G97/><T116/><D23/><U22/><E22/><V115/><F8/><W24/><G24/><T16/><D106/><U113/><E113/><V20/><F20/><W91/><G89/><T67/><D105/><U96/><E96/><V117/><F117/><N who="1" m="44553" /><E135/><V0/><F0/><W122/><G122/><T59/><D116/><U13/><E13/><V52/><F115/><W75/><G75/><T79/><D79/><U68/><E65/><V126/><F126/><W17/><G32/><T94/><D94/><AGARI ba="0,0" hai="18,21,25,28,29,43,44,46,48,49,52,86,90,94" machi="94" ten="30,7700,0" yaku="7,1,8,1,52,1,54,1" doraHai="38" who="2" fromWho="0" sc="370,-77,279,0,101,77,250,0" /><INIT seed="2,0,0,5,0,30" ten="293,279,178,250" oya="2" hai0="36,131,25,105,78,46,70,64,93,129,74,85,72" hai1="86,39,97,113,96,88,13,111,3,63,58,5,117" hai2="35,76,112,7,24,68,20,100,118,11,62,19,60" hai3="91,32,29,115,17,28,42,102,49,34,101,83,2"/><V133/><F112/><W61/><G115/><T52/><D105/><U127/><E117/><V54/><F118/><W104/><G2/><T27/><D70/><U87/><E113/><V66/><F133/><W89/><G104/><T67/><D36/><U23/><E127/><V31/><F76/><W51/><G61/><T65/><D93/><N who="1" m="54431" /><E3/><V106/><F60/><W1/><G1/><T130/><D85/><U41/><E111/><V37/><F54/><W48/><G17/><T38/><D78/><U0/><E0/><N who="2" m="487" /><F20/><W108/><G42/><T81/><D81/><U114/><E41/><V121/><F19/><W18/><G18/><T75/><D38/><U125/><E39/><V47/><F121/><W135/><G51/><AGARI ba="0,0" hai="25,27,46,51,52,64,65,67,72,74,75,129,130,131" machi="51" ten="60,8000,1" yaku="29,2,19,1,54,1" doraHai="30" who="0" fromWho="3" sc="293,80,279,0,178,0,250,-80" /><INIT seed="3,0,0,4,3,71" ten="373,279,178,170" oya="3" hai0="17,114,130,119,45,78,97,22,113,89,132,60,6" hai1="24,92,83,106,85,33,131,48,102,69,122,88,11" hai2="123,126,66,129,115,55,96,43,127,23,18,98,91" hai3="90,72,70,118,12,16,104,34,73,111,20,120,19"/><W101/><G118/><T51/><D119/><U52/><E122/><V10/><F115/><W116/><G116/><T40/><D130/><U29/><E69/><V3/><F66/><W27/><G120/><T59/><D132/><U103/><E131/><V81/><F129/><W128/><G128/><T80/><D6/><U105/><E11/><V50/><F123/><W14/><G70/><T46/><D46/><U62/><E62/><V86/><F43/><W49/><G34/><T76/><D113/><U4/><E4/><V65/><F65/><W133/><G133/><T38/><D38/><U44/><REACH who="1" step="1"/><E92/><REACH who="1" ten="373,269,178,170" step="2"/><V28/><F10/><W32/><G104/><AGARI ba="0,1" hai="24,29,33,44,48,52,83,85,88,102,103,104,105,106" machi="104" ten="40,8000,1" yaku="1,1,2,1,54,2,53,0" doraHai="71" doraHaiUra="13" who="1" fromWho="3" sc="373,0,269,90,178,0,170,-80" /><INIT seed="4,0,0,0,3,73" ten="373,359,178,90" oya="0" hai0="39,115,65,24,120,91,52,116,45,60,26,11,106" hai1="5,34,77,12,28,98,82,122,125,84,66,105,15" hai2="128,119,86,41,123,48,124,126,110,68,79,22,35" hai3="72,102,88,30,93,135,36,131,63,80,76,17,57"/><T21/><D116/><U100/><E122/><V59/><F35/><W87/><G135/><T40/><D120/><U130/><E130/><V25/><F123/><W78/><G131/><T101/><D115/><U117/><E117/><V10/><F128/><W92/><G36/><T49/><D106/><U44/><E125/><N who="2" m="48235" /><F68/><W31/><G72/><T112/><D112/><U58/><E44/><N who="2" m="25615" /><F119/><W121/><G121/><T1/><D101/><U7/><E28/><N who="3" m="10794" /><G17/><T109/><D21/><U99/><E34/><V134/><F110/><W16/><G16/><T38/><D91/><U9/><E99/><V94/><F10/><W13/><G13/><T81/><D109/><U56/><REACH who="1" step="1"/><E66/><REACH who="1" ten="373,349,178,90" step="2"/><V4/><F134/><W8/><G8/><AGARI ba="0,1" hai="5,7,8,9,12,15,56,58,77,82,84,98,100,105" machi="8" ten="40,8000,1" yaku="1,1,2,1,9,1,52,1,53,0" doraHai="73" doraHaiUra="69" who="1" fromWho="3" sc="373,0,349,90,178,0,90,-80" /><INIT seed="5,0,0,3,0,10" ten="373,439,178,10" oya="1" hai0="49,17,126,103,98,118,7,100,132,38,65,56,84" hai1="112,11,111,128,3,110,133,108,62,115,2,52,106" hai2="42,13,30,74,73,20,123,102,54,82,50,45,39" hai3="99,116,89,61,107,51,55,48,26,90,4,134,18"/><U32/><E106/><V71/><F123/><W23/><G134/><T12/><D118/><U5/><E128/><V130/><F102/><W88/><G116/><T44/><D132/><U81/><E133/><V40/><F71/><W78/><G78/><T31/><D126/><U72/><E32/><V16/><F130/><W24/><G4/><T129/><D129/><U41/><E41/><V124/><F124/><W92/><G107/><T68/><D7/><U9/><E81/><V28/><F74/><W19/><G51/><T43/><D31/><U1/><E72/><V122/><F122/><W85/><G85/><T117/><D117/><U76/><E76/><V59/><F40/><W21/><REACH who="3" step="1"/><G61/><REACH who="3" ten="373,439,178,0" step="2"/><N who="0" m="39983" /><D84/><U57/><E5/><V114/><F73/><W8/><G8/><AGARI ba="0,1" hai="1,2,3,8,9,11,52,57,62,108,110,111,112,115" machi="8" ten="50,4800,0" yaku="10,1,54,1" doraHai="10" who="1" fromWho="3" sc="373,0,439,58,178,0,0,-48" owari="373,17.0,497,60.0,178,-22.0,-48,-55.0" /></mjloggm>