<mjloggm ver="2.3"><GO type="169" lobby="0"/><UN n0="%E7%88%86%E5%BC%BE%E4%BA%94%E9%83%8E%EF%BC%92" n1="%E5%B0%B1%E6%B4%BB%E7%94%9F%40%E5%B7%9D%E6%9D%91%E8%BB%8D%E5%9B%A3" n2="%79%6F%6A%6F" n3="%74%61%74%73%75%37%30%32" dan="16,17,16,17" rate="2137.73,2188.82,2170.50,2260.02" sx="M,M,F,M"/><TAIKYOKU oya="0"/><INIT seed="0,0,0,2,1,127" ten="250,250,250,250" oya="0" hai0="53,121,7,46,59,94,100,57,116,135,18,88,63" hai1="129,73,66,51,39,30,38,95,74,108,72,26,75" hai2="43,101,98,105,9,84,32,123,89,37,40,22,79" hai3="56,62,115,34,12,110,92,86,2,23,103,122,126"/><T97/><D121/><U45/><E108/><V83/><F32/><W3/><G110/><T125/><D116/><U55/><E66/><V112/><F112/><W49/><G115/><T28/><D125/><U19/><N who="1" m="18944" /><DORA hai="119" /><U133/><E133/><V67/><F123/><W106/><G34/><T117/><D117/><U65/><E65/><V36/><F67/><W93/><G62/><T87/><D135/><U52/><E129/><V0/><F79/><W96/><G106/><T77/><D77/><U27/><E95/><V91/><F91/><N who="3" m="53367" /><G122/><T44/><D57/><U69/><E69/><V15/><F0/><W29/><G29/><T58/><D58/><U4/><E4/><V78/><F78/><W8/><G8/><T70/><D70/><U113/><E113/><V130/><F130/><W109/><G109/><T1/><D28/><U120/><E120/><V85/><F22/><W61/><G61/><T33/><D33/><U41/><E19/><V80/><F80/><W68/><G126/><T17/><D7/><U31/><E39/><V90/><F90/><W134/><G68/><T25/><D1/><U6/><E6/><V76/><F89/><W35/><G35/><T50/><D25/><U107/><E107/><V5/><REACH who="2" step="1"/><F85/><REACH who="2" ten="250,250,240,250" step="2"/><W42/><G134/><T60/><D46/><U64/><E64/><V13/><F13/><W82/><G2/><T132/><D132/><U124/><E124/><V111/><F111/><W102/><G3/><T47/><D47/><U11/><E45/><V10/><F10/><W21/><G12/><T99/><D87/><U24/><E11/><RYUUKYOKU ba="0,1" sc="250,-10,250,-10,240,30,250,-10" hai2="5,9,15,36,37,40,43,76,83,84,98,101,105" /><INIT seed="1,1,1,0,1,80" ten="240,240,270,240" oya="1" hai0="114,62,18,100,40,116,17,25,5,65,78,42,94" hai1="127,57,133,2,70,53,8,120,69,130,48,126,30" hai2="90,13,119,58,19,0,87,47,7,49,86,12,46" hai3="28,109,83,38,43,10,101,105,75,64,21,74,98"/><U71/><E30/><V106/><F106/><W107/><G105/><T14/><D114/><U135/><E2/><V104/><F104/><W3/><G109/><T96/><D116/><U20/><E8/><N who="2" m="4127" /><F0/><W56/><G43/><T52/><D78/><U117/><E20/><N who="2" m="11375" /><F119/><W131/><G38/><T22/><D5/><U113/><E117/><V93/><F87/><W99/><G99/><T51/><D62/><U72/><E72/><V37/><F37/><W128/><G10/><N who="0" m="6359" /><D65/><U124/><E113/><V60/><F49/><W89/><G3/><T36/><D36/><U50/><E120/><V79/><F79/><W84/><G75/><T112/><D112/><U76/><E76/><V66/><AGARI ba="1,1" hai="46,47,58,60,66,86,90,93" m="11375,4127" machi="66" ten="30,2000,0" yaku="8,1,52,1" doraHai="80" who="2" fromWho="2" sc="240,-6,240,-11,270,33,240,-6" /><INIT seed="2,0,0,4,3,10" ten="234,229,303,234" oya="2" hai0="94,95,20,65,44,68,98,112,127,124,48,103,47" hai1="109,40,104,84,114,19,135,66,77,22,93,46,39" hai2="31,110,96,67,2,7,13,37,29,4,130,120,121" hai3="62,73,0,89,53,54,42,27,38,63,35,36,74"/><V119/><F37/><W118/><G0/><T24/><D112/><U41/><E104/><V34/><F67/><W92/><G118/><T52/><D47/><U14/><E114/><V18/><F96/><W125/><G125/><N who="0" m="48203" /><D65/><U55/><E135/><V70/><F70/><W134/><G134/><T30/><D68/><U1/><E1/><V11/><F119/><W60/><G42/><T50/><D48/><U81/><E109/><V16/><F110/><W87/><G38/><T100/><D100/><U51/><E66/><V113/><F113/><W101/><G36/><T21/><D21/><U58/><E40/><V128/><F7/><W57/><G101/><T133/><D133/><U64/><E64/><V43/><F43/><W25/><G35/><T59/><D44/><U72/><REACH who="1" step="1"/><E93/><AGARI ba="0,0" hai="20,24,30,50,52,59,93,94,95,98,103" m="48203" machi="93" ten="30,2000,0" yaku="18,1,54,1" doraHai="10" who="0" fromWho="1" sc="234,20,229,-20,303,0,234,0" /><INIT seed="3,0,0,5,4,90" ten="254,209,303,234" oya="3" hai0="6,88,130,37,20,61,111,26,92,105,7,35,12" hai1="135,16,28,15,98,78,118,60,2,81,51,73,0" hai2="19,115,134,14,3,95,49,79,13,91,121,70,120" hai3="103,27,29,57,9,99,42,21,123,113,116,64,8"/><W47/><G113/><T59/><D37/><U24/><E118/><V48/><F115/><W65/><G123/><N who="2" m="47177" /><F3/><W33/><G33/><T69/><D69/><U25/><E135/><V66/><F134/><W68/><G68/><T119/><D105/><U122/><E122/><V87/><F79/><W32/><G32/><T126/><D119/><U129/><E129/><V114/><F114/><W34/><G34/><T11/><D35/><U40/><E60/><N who="2" m="40263" /><F13/><W71/><G71/><T45/><D130/><U102/><E51/><V97/><F97/><W17/><G17/><N who="0" m="8351" /><D45/><U85/><E40/><V107/><F107/><W132/><G116/><T96/><D126/><U52/><E52/><V101/><F101/><W100/><G100/><T117/><D111/><U108/><E108/><V106/><F106/><W67/><G57/><T93/><D93/><U127/><E127/><V77/><F77/><W82/><G82/><T31/><D117/><U58/><E58/><V72/><F72/><W5/><G5/><T112/><D112/><U50/><E50/><V124/><F124/><W54/><G132/><T75/><D75/><U38/><E73/><V104/><F104/><N who="3" m="63615" /><G42/><T41/><D41/><U23/><E38/><V128/><F128/><W89/><G89/><T63/><D63/><U131/><E131/><V109/><F109/><W62/><G62/><T22/><D22/><AGARI ba="0,0" hai="14,19,22,48,49,87,91,95" m="40263,47177" machi="22" ten="30,2000,0" yaku="13,1,52,1" doraHai="90" who="2" fromWho="0" sc="254,-20,209,0,303,20,234,0" /><INIT seed="4,0,0,1,2,87" ten="234,209,323,234" oya="0" hai0="40,104,27,17,94,85,88,31,74,2,133,117,8" hai1="18,24,126,102,72,115,10,129,73,3,76,132,78" hai2="35,96,38,48,34,91,128,113,99,16,4,110,112" hai3="32,111,114,107,41,60,125,9,50,36,0,25,84"/><T120/><D74/><U63/><E126/><V1/><F110/><W56/><G111/><T123/><D104/><U100/><E3/><V51/><F38/><W105/><G125/><T26/><D117/><U61/><E10/><V106/><F128/><W12/><G114/><T70/><D70/><U92/><E24/><V82/><F4/><W89/><G0/><T58/><D133/><U53/><E129/><V77/><F1/><W97/><G36/><T81/><D40/><U46/><E92/><V20/><F106/><W45/><G97/><T23/><D58/><U65/><E46/><V103/><F103/><W116/><G25/><T30/><D94/><U119/><E115/><V131/><F131/><W98/><G98/><T109/><D109/><U57/><E132/><V66/><F66/><W69/><G32/><T55/><D55/><U39/><E39/><V127/><F127/><W80/><G69/><T64/><D64/><U118/><E18/><V21/><F82/><W134/><G116/><T79/><D79/><U124/><E124/><V19/><F77/><W122/><G122/><T44/><D44/><U130/><E130/><V28/><F28/><W135/><G135/><T68/><D68/><U101/><E76/><V108/><F108/><W54/><REACH who="3" step="1"/><G134/><REACH who="3" ten="234,209,323,224" step="2"/><T37/><D37/><U42/><E118/><V121/><F121/><W11/><G11/><T14/><D2/><U7/><E119/><V67/><F112/><W6/><AGARI ba="0,1" hai="6,9,12,41,45,50,54,56,60,80,84,89,105,107" machi="6" ten="20,5200,0" yaku="1,1,0,1,7,1,52,1,53,0" doraHai="87" doraHaiUra="71" who="3" fromWho="3" sc="234,-26,209,-13,323,-13,224,62" /><INIT seed="5,0,0,4,0,30" ten="208,196,310,286" oya="1" hai0="110,49,4,93,100,44,12,130,8,104,9,39,87" hai1="17,52,124,64,122,24,90,111,126,88,19,77,32" hai2="120,119,95,23,70,7,59,31,10,45,68,16,116" hai3="78,114,101,20,92,89,1,57,47,73,135,41,36"/><U98/><E122/><V43/><F120/><W91/><G1/><T118/><D39/><U107/><E111/><V69/><F31/><W3/><G3/><T131/><D104/><U134/><E64/><V56/><F95/><W0/><G0/><T112/><D110/><U13/><E77/><V133/><F133/><W99/><G135/><T11/><D118/><U113/><E113/><V5/><F59/><W81/><G114/><T79/><D112/><U128/><E134/><V117/><F10/><W2/><G2/><T42/><D131/><U37/><E37/><V61/><F61/><W63/><REACH who="3" step="1"/><G20/><REACH who="3" ten="208,196,310,276" step="2"/><T54/><D130/><U86/><E128/><V29/><F117/><W84/><G84/><T66/><D66/><AGARI ba="0,1" hai="36,41,47,57,63,66,73,78,81,89,91,92,99,101" machi="66" ten="30,2000,0" yaku="1,1,7,1,53,0" doraHai="30" doraHaiUra="33" who="3" fromWho="0" sc="208,-20,196,0,310,0,276,30" /><INIT seed="6,0,0,4,3,58" ten="188,196,310,306" oya="2" hai0="78,12,75,112,103,111,109,87,118,80,94,117,88" hai1="133,49,91,45,123,77,57,89,30,56,110,90,22" hai2="21,53,42,85,115,40,95,13,5,46,50,48,39" hai3="71,28,125,26,27,20,84,119,76,108,41,55,65"/><V101/><F115/><W36/><G119/><N who="0" m="45579" /><D12/><U106/><E110/><N who="0" m="41993" /><D103/><U17/><E133/><V7/><F39/><W38/><G125/><T127/><D112/><U24/><E106/><V92/><F42/><W34/><G41/><T6/><D6/><U129/><E129/><V62/><F5/><W128/><G128/><T3/><D3/><U10/><E77/><V4/><F7/><W43/><G43/><T134/><D134/><U98/><E98/><V132/><F132/><W33/><G55/><T23/><D23/><N who="1" m="15647" /><E10/><V32/><F32/><W59/><G71/><T113/><D113/><U114/><E123/><V16/><F4/><W83/><G108/><T126/><AGARI ba="0,0" hai="75,78,80,87,88,94,126,127" m="41993,45579" machi="126" ten="40,8000,1" yaku="12,1,34,2,54,1" doraHai="58" who="0" fromWho="0" sc="188,80,196,-20,310,-40,306,-20" /><INIT seed="7,0,0,5,4,76" ten="268,176,270,286" oya="3" hai0="99,72,2,33,21,59,63,14,13,38,134,126,127" hai1="122,133,94,104,55,16,0,82,46,60,66,47,44" hai2="41,65,17,102,11,8,81,121,88,116,31,113,10" hai3="78,42,48,89,80,75,23,22,12,91,114,128,34"/><W119/><G34/><T1/><D38/><U93/><E104/><V85/><F116/><W123/><G123/><T40/><D40/><U51/><E0/><V84/><F113/><W32/><G32/><T24/><D72/><U3/><E122/><V43/><F121/><W57/><G119/><T62/><D62/><U6/><E133/><V26/><F102/><W109/><G114/><T27/><D99/><U5/><E3/><N who="0" m="1033" /><D63/><U101/><E6/><V111/><F111/><W120/><G120/><T131/><D59/><U18/><E5/><V30/><F65/><W7/><G128/><T68/><D68/><U70/><E82/><N who="2" m="49175" /><F17/><W117/><G109/><T100/><D100/><U112/><E112/><V53/><F53/><N who="3" m="31911" /><G42/><N who="2" m="15881" /><F26/><W61/><G61/><T39/><D39/><U28/><E28/><V125/><F125/><N who="0" m="47626" /><D131/><U4/><E4/><V50/><F50/><W105/><G117/><T118/><D118/><U15/><E18/><V108/><F108/><W92/><G105/><T115/><D134/><U25/><E25/><V97/><F97/><N who="3" m="57487" /><G75/><T73/><D73/><U35/><E35/><V49/><F49/><W45/><G45/><T95/><D115/><U64/><E64/><V86/><F86/><N who="3" m="50631" /><G78/><AGARI ba="0,0" hai="8,10,11,30,31,78,81,85" m="15881,49175" machi="78" ten="30,7700,0" yaku="8,1,52,2,54,1" doraHai="76" who="2" fromWho="3" sc="268,0,176,0,270,77,286,-77" owari="268,7.0,176,-32.0,347,44.0,209,-19.0" /></mjloggm>