<mjloggm ver="2.3"><GO type="169" lobby="0"/><UN n0="%73%68%69%6E%6B%61%77%61" n1="%E3%81%91%E3%82%93%31%39%37%30" n2="%50%6F%78%79" n3="%E3%82%A6%E3%83%AB%E3%83%88%E3%83%A9%E7%AB%8B%E7%9B%B4" dan="16,16,16,17" rate="2065.49,2091.36,2099.92,2131.86" sx="M,M,M,M"/><TAIKYOKU oya="0"/><INIT seed="0,0,0,5,3,4" ten="250,250,250,250" oya="0" hai0="84,78,15,106,17,52,0,116,98,135,117,67,128" hai1="75,55,111,18,1,132,83,57,64,3,100,8,54" hai2="40,92,130,43,119,74,48,26,112,32,35,29,51" hai3="133,19,88,114,69,93,99,79,68,45,120,81,80"/><T59/><D0/><U70/><E111/><V89/><F112/><W95/><G114/><T129/><D67/><U101/><E132/><V115/><F115/><W125/><G133/><T10/><D135/><U134/><E55/><V50/><F74/><W2/><G125/><T122/><D122/><U42/><E42/><V37/><F130/><N who="0" m="50282" /><D78/><U113/><E3/><V11/><F119/><W71/><G2/><T22/><D84/><U96/><E113/><V58/><F58/><W62/><G120/><T131/><N who="0" m="50290" /><T107/><DORA hai="91" /><D22/><U109/><E64/><V31/><F37/><W53/><G79/><T76/><D76/><U87/><E75/><V118/><F118/><N who="0" m="45674" /><D98/><U110/><E70/><V13/><F35/><W61/><G68/><T14/><D14/><N who="1" m="7495" /><E1/><V6/><REACH who="2" step="1"/><F31/><REACH who="2" ten="250,250,240,250" step="2"/><W86/><G69/><T77/><D77/><U38/><E134/><V82/><F82/><W20/><G71/><T36/><D36/><U44/><E38/><V47/><F47/><W21/><G80/><T121/><D121/><U97/><E44/><V39/><F39/><W41/><G81/><T102/><D102/><U126/><E110/><V30/><F30/><W63/><G45/><T85/><D85/><AGARI ba="0,1" hai="6,11,13,26,29,32,40,43,48,50,51,85,89,92" machi="85" ten="40,5200,0" yaku="1,1,52,2,53,0" doraHai="4,91" doraHaiUra="108,123" who="2" fromWho="0" sc="250,-52,250,0,240,62,250,0" /><INIT seed="1,0,0,2,2,132" ten="198,250,302,250" oya="1" hai0="24,44,4,16,45,127,37,12,117,121,15,35,39" hai1="73,49,41,120,29,86,46,47,28,124,67,81,53" hai2="60,74,110,93,19,99,30,1,17,103,23,114,118" hai3="135,21,62,69,131,7,22,122,64,27,63,9,126"/><U89/><E120/><V101/><F110/><W51/><G122/><T113/><D121/><U48/><E73/><V11/><F118/><W8/><G135/><T34/><D117/><U70/><E70/><V56/><F74/><W57/><G131/><T76/><D76/><U38/><E67/><V84/><F103/><W68/><G68/><T75/><D75/><U82/><E124/><V90/><F114/><W87/><G51/><T72/><D72/><U130/><E130/><V65/><F1/><W133/><G133/><T58/><D127/><U52/><E82/><V91/><F11/><W31/><G126/><T0/><D0/><U97/><E97/><V111/><F111/><W32/><G87/><T83/><D58/><AGARI ba="0,0" hai="28,29,38,41,46,47,48,49,52,53,58,81,86,89" machi="58" ten="30,2900,0" yaku="7,1,54,1" doraHai="132" who="1" fromWho="0" sc="198,-29,250,29,302,0,250,0" /><INIT seed="1,1,0,0,0,2" ten="169,279,302,250" oya="1" hai0="58,64,107,128,16,30,18,114,118,100,115,84,72" hai1="79,50,31,68,12,127,55,5,27,124,44,88,82" hai2="93,6,134,87,43,39,63,53,121,117,77,36,97" hai3="83,104,133,0,45,8,4,74,103,14,41,13,131"/><U19/><E68/><V40/><F117/><W11/><G131/><T59/><D72/><U38/><E38/><V113/><F121/><W110/><G110/><T105/><D30/><U102/><E102/><V71/><F134/><W67/><G133/><T3/><D3/><U132/><E132/><V46/><F113/><W54/><G67/><T52/><D118/><U119/><E119/><V75/><F75/><W32/><G32/><T116/><D116/><U7/><E79/><V37/><F6/><N who="1" m="2057" /><E31/><V99/><F99/><W85/><G74/><T73/><D73/><U78/><E27/><V109/><F71/><W34/><G34/><T91/><D128/><U28/><E28/><V94/><F109/><W86/><G103/><T70/><D70/><U81/><E78/><V42/><F77/><W26/><G26/><T80/><D100/><U69/><E69/><V25/><F25/><W89/><G104/><T66/><D107/><U29/><E29/><V48/><F36/><W135/><G135/><T35/><D35/><U56/><E56/><V33/><F33/><W112/><G112/><T9/><D105/><U10/><E82/><V111/><F37/><W17/><G0/><T122/><D122/><U92/><E92/><V90/><F39/><N who="3" m="21695" /><G83/><T76/><D115/><U51/><E50/><V123/><F123/><W61/><G89/><T65/><D114/><U98/><E98/><V101/><F111/><W108/><G108/><T20/><D91/><U96/><E96/><V129/><F129/><W57/><G86/><AGARI ba="1,0" hai="10,12,19,44,51,55,81,86,88,124,127" m="2057" machi="86" ten="30,12000,1" yaku="25,1,52,3,54,1" doraHai="2" who="1" fromWho="3" sc="169,0,279,123,302,0,250,-123" /><INIT seed="1,2,0,2,1,122" ten="169,402,302,127" oya="1" hai0="135,46,91,36,117,116,78,53,39,76,16,9,37" hai1="81,15,62,6,49,109,31,66,5,11,113,77,132" hai2="92,105,35,38,121,118,96,0,123,8,94,17,2" hai3="13,33,128,110,107,133,131,130,22,98,69,29,42"/><U125/><E113/><V61/><F38/><W111/><G69/><T56/><D135/><U79/><E132/><V80/><F35/><W129/><N who="3" m="32768" /><DORA hai="97" /><W64/><G133/><T102/><D46/><U34/><E125/><V83/><F118/><W23/><G64/><T124/><D124/><U18/><E79/><V103/><F61/><W28/><G42/><T95/><D76/><U59/><E31/><N who="3" m="11850" /><G33/><T3/><D78/><U134/><E34/><V112/><F112/><W12/><G98/><T106/><D3/><U71/><E134/><V88/><F0/><W86/><G86/><T114/><D114/><U25/><E25/><V126/><F126/><W7/><G107/><T93/><D106/><U52/><REACH who="1" step="1"/><E109/><REACH who="1" ten="169,392,302,127" step="2"/><N who="3" m="41482" /><G7/><T30/><D117/><U60/><E60/><V108/><F108/><W1/><G1/><T20/><D116/><U21/><E21/><AGARI ba="2,1" hai="12,13,21,22,23" m="41482,11850,32768" machi="21" ten="60,16000,3" yaku="28,2,19,1,14,1,34,2,52,3" doraHai="122,97" who="3" fromWho="1" sc="169,0,392,-166,302,0,127,176" /><INIT seed="2,0,0,1,0,7" ten="169,226,302,303" oya="2" hai0="124,54,31,129,12,88,74,39,79,103,71,97,60" hai1="56,10,125,51,50,57,11,52,43,25,40,38,90" hai2="119,19,4,47,100,115,34,128,120,112,17,76,14" hai3="41,13,68,75,18,15,122,81,92,108,20,9,117"/><V28/><F119/><W83/><G68/><T104/><D39/><U98/><E125/><V59/><F100/><W77/><G122/><T16/><D124/><U29/><E38/><V82/><F120/><W48/><G117/><T8/><D129/><U2/><E2/><V87/><F128/><W63/><G63/><T61/><D31/><U133/><E133/><V49/><F59/><W5/><G108/><T55/><D74/><U132/><E132/><V44/><F28/><W114/><G114/><T109/><D79/><U105/><E43/><N who="2" m="24735" /><F47/><N who="3" m="25711" /><G77/><T6/><D109/><U127/><E127/><V67/><F67/><W72/><G72/><T111/><D111/><U134/><E134/><V94/><F94/><W91/><G75/><T53/><D71/><U37/><E37/><V24/><F112/><W36/><G36/><T113/><D113/><U22/><E105/><V30/><F115/><W27/><G27/><T78/><D78/><U99/><E40/><V126/><F126/><W0/><G0/><T96/><REACH who="0" step="1"/><D6/><REACH who="0" ten="159,226,302,303" step="2"/><U1/><E1/><V62/><F30/><W35/><G35/><T42/><D42/><U95/><E99/><AGARI ba="0,1" hai="5,9,13,15,18,20,81,83,91,92,99" m="25711" machi="99" ten="30,2000,0" yaku="8,1,52,1" doraHai="7" who="3" fromWho="1" sc="159,0,226,-20,302,0,303,30" /><INIT seed="3,0,0,0,2,93" ten="159,206,302,333" oya="3" hai0="77,128,5,74,46,79,53,73,7,15,88,66,61" hai1="113,95,75,37,31,63,44,50,48,112,102,129,127" hai2="19,14,12,123,33,49,47,21,115,38,96,101,3" hai3="132,126,108,78,135,130,86,30,57,134,55,43,45"/><W13/><G30/><T114/><D128/><U52/><E75/><V117/><F3/><W8/><G130/><T71/><D114/><U58/><E129/><V118/><F115/><W94/><G126/><T59/><D46/><U34/><E127/><V81/><F33/><W68/><G68/><T100/><D100/><U28/><E28/><V62/><F123/><W6/><G108/><T124/><D124/><U1/><E1/><V2/><F2/><W98/><G86/><T41/><D41/><U39/><E50/><V9/><F38/><W18/><G78/><T32/><D32/><U99/><E112/><V89/><F62/><W80/><G80/><T69/><D69/><U23/><E34/><V116/><F81/><W16/><G45/><T64/><D64/><U87/><E87/><V109/><F89/><N who="3" m="55631" /><G43/><T20/><D74/><U90/><E90/><V42/><F109/><W72/><G72/><T97/><D73/><U67/><E113/><V121/><F121/><W27/><G27/><AGARI ba="0,0" hai="23,27,31,37,39,44,48,52,58,63,67,95,99,102" machi="27" ten="40,8000,1" yaku="25,2,52,1,54,1" doraHai="93" who="1" fromWho="3" sc="159,0,206,80,302,0,333,-80" /><INIT seed="4,0,0,4,5,57" ten="159,286,302,253" oya="0" hai0="72,62,13,111,2,83,94,45,120,23,102,8,89" hai1="28,76,81,84,98,11,110,87,61,63,74,9,49" hai2="50,107,55,6,104,112,3,56,71,60,113,20,16" hai3="124,17,15,24,125,67,133,22,31,65,114,37,10"/><T14/><D120/><U39/><E110/><V19/><F3/><W79/><G37/><T36/><D111/><U90/><E39/><V95/><F6/><W29/><G133/><T73/><D73/><U96/><E74/><V33/><F33/><W46/><G114/><N who="2" m="44137" /><F95/><W12/><G79/><T59/><D102/><U129/><E129/><V54/><F71/><W128/><G46/><T51/><D36/><U108/><E28/><N who="3" m="10826" /><G15/><T25/><D2/><U5/><E49/><V0/><F0/><W53/><G53/><N who="0" m="34159" /><D72/><U82/><E108/><V7/><F7/><N who="3" m="3167" /><G128/><T118/><D83/><U132/><E132/><V115/><F115/><W44/><G44/><T21/><D118/><U69/><E69/><V41/><F41/><W123/><G123/><T122/><D122/><U93/><E98/><V68/><F68/><W135/><G135/><T100/><D100/><U30/><E30/><V70/><F70/><W92/><G92/><T42/><D25/><U52/><E52/><V43/><F43/><W127/><AGARI ba="0,0" hai="17,22,24,65,67,124,125,127" m="3167,10826" machi="127" ten="40,1500,0" yaku="18,1" doraHai="57" who="3" fromWho="3" sc="159,-7,286,-4,302,-4,253,15" /><INIT seed="5,0,0,3,0,53" ten="152,282,298,268" oya="1" hai0="75,34,94,42,77,26,106,32,8,109,51,1,98" hai1="4,5,61,131,78,71,84,83,46,79,58,17,110" hai2="6,133,39,43,15,62,113,19,118,119,76,114,63" hai3="67,25,16,2,31,14,73,3,7,107,54,116,115"/><U37/><E131/><V13/><F133/><W23/><G107/><T22/><D106/><U87/><E71/><V101/><F101/><W69/><G73/><T102/><D109/><U100/><E110/><V126/><F126/><W104/><G104/><T20/><D75/><U70/><E70/><V28/><F76/><W72/><G72/><T81/><D32/><U111/><E100/><V45/><F28/><W56/><G115/><N who="2" m="44041" /><F6/><W12/><G67/><T44/><D34/><U89/><E111/><V49/><F39/><W92/><G69/><T108/><D108/><U24/><E37/><V122/><F122/><W85/><G116/><N who="2" m="44585" /><F13/><W132/><G132/><T48/><D1/><U93/><E46/><V41/><F43/><W124/><G14/><T130/><D130/><U47/><E47/><V10/><AGARI ba="0,0" hai="10,15,19,41,45,49,62,63" m="44585,44041" machi="10" ten="30,2000,0" yaku="15,1,11,1" doraHai="53" who="2" fromWho="2" sc="152,-5,282,-10,298,20,268,-5" /><INIT seed="6,0,0,0,0,76" ten="147,272,318,263" oya="2" hai0="121,41,126,92,115,8,90,46,50,108,20,17,55" hai1="70,71,128,130,21,80,102,5,33,87,103,111,16" hai2="18,94,58,97,45,25,30,36,15,57,118,106,131" hai3="132,109,123,73,52,65,60,100,1,9,72,0,114"/><V135/><F106/><W56/><G123/><T61/><D108/><U113/><E111/><V23/><F131/><N who="1" m="50217" /><E33/><V42/><F135/><W107/><G109/><T81/><D121/><U133/><E5/><V40/><F40/><W77/><G132/><T120/><D120/><U99/><E133/><V35/><REACH who="2" step="1"/><F118/><REACH who="2" ten="147,272,308,263" step="2"/><W24/><G107/><T124/><D126/><U51/><E113/><V127/><F127/><W31/><G114/><T26/><D124/><U74/><E70/><V29/><F29/><W28/><G28/><T13/><D115/><U64/><E71/><V44/><F44/><W116/><G31/><T22/><D41/><U98/><E102/><AGARI ba="0,1" hai="15,18,23,25,30,35,36,42,45,57,58,94,97,102" machi="102" ten="30,2900,0" yaku="1,1,7,1,53,0" doraHai="76" doraHaiUra="78" who="2" fromWho="1" sc="147,0,272,-29,308,39,263,0" /><INIT seed="6,1,0,5,1,10" ten="147,243,347,263" oya="2" hai0="67,7,31,52,28,12,72,36,62,65,49,4,128" hai1="64,46,122,60,32,90,26,41,95,104,55,1,68" hai2="61,98,34,102,117,69,39,124,107,127,133,92,5" hai3="56,126,27,131,100,66,108,79,89,81,15,99,130"/><V45/><F117/><W76/><G27/><T118/><D36/><U71/><E1/><V86/><F133/><W121/><G121/><T115/><D72/><U23/><E32/><V30/><F5/><W77/><G56/><T82/><D115/><U13/><E104/><V74/><F74/><W21/><G66/><T57/><D128/><N who="3" m="49193" /><G108/><T113/><D113/><U35/><E35/><V50/><F92/><N who="3" m="58471" /><G126/><T87/><D118/><U106/><E106/><V8/><F69/><W85/><G21/><T59/><D65/><U24/><E55/><V48/><F61/><W2/><G2/><T110/><D110/><U17/><E71/><V29/><F107/><W58/><G58/><T73/><D73/><U6/><E6/><V70/><F70/><W42/><G42/><T14/><D7/><U3/><E3/><V101/><F34/><W83/><G15/><N who="0" m="5675" /><D4/><U53/><E122/><V11/><F39/><W20/><G20/><T80/><D80/><AGARI ba="1,0" hai="76,77,79,80,81,83,85,89" m="58471,49193" machi="80" ten="30,3900,0" yaku="19,1,34,2" doraHai="10" who="3" fromWho="0" sc="147,-42,243,0,347,0,263,42" /><INIT seed="7,0,0,0,2,71" ten="105,243,347,305" oya="3" hai0="126,10,36,21,135,6,56,15,65,92,115,2,28" hai1="37,103,96,51,94,100,116,69,52,99,133,55,41" hai2="59,107,17,87,47,62,119,91,81,89,108,39,110" hai3="120,50,127,122,101,80,11,43,40,112,46,26,88"/><W38/><G101/><T130/><D92/><U61/><E133/><V53/><F119/><W66/><G66/><T102/><D56/><U1/><E1/><V22/><F107/><W48/><G38/><T134/><D65/><U8/><E116/><V60/><F60/><W33/><G11/><T83/><D102/><U9/><E69/><V67/><F91/><W4/><G4/><T24/><D83/><U90/><E61/><V114/><F114/><W77/><G77/><T44/><D44/><U132/><E132/><V31/><F31/><W121/><G112/><T109/><D36/><U98/><E37/><V113/><F113/><W125/><G26/><T5/><D115/><U97/><E41/><V105/><F105/><W30/><G30/><T75/><D75/><U25/><E25/><V49/><F39/><W86/><G33/><T42/><D42/><U64/><E64/><V82/><F82/><W58/><G58/><T20/><D109/><U29/><E29/><V111/><F108/><W13/><G13/><AGARI ba="0,0" hai="13,17,22,47,49,53,59,62,67,81,87,89,110,111" machi="13" ten="30,1000,0" yaku="7,1" doraHai="71" who="2" fromWho="3" sc="105,0,243,0,347,10,305,-10" owari="105,-39.0,243,-16.0,357,45.0,295,10.0" /></mjloggm>