<mjloggm ver="2.3"><GO type="97" lobby="0"/><UN n0="%E5%B0%B1%E6%B4%BB%E7%94%9F%40%E5%B7%9D%E6%9D%91%E8%BB%8D%E5%9B%A3" n1="%E5%9C%B0%E5%A8%81%E9%AC%BC%E7%A5%9E%E5%85%89%E6%8B%B3" n2="%E3%81%99%E3%82%80%E3%81%99%E3%82%80" n3="%E7%99%BD%E9%8A%80%E3%81%8F%E3%82%93" dan="14,13,13,15" rate="2023.33,1812.76,1900.29,1969.06" sx="M,M,M,M"/><TAIKYOKU oya="0"/><INIT seed="0,0,0,0,4,58" ten="250,250,250,250" oya="0" hai0="55,29,96,12,19,73,56,31,110,81,80,100,118" hai1="66,105,49,2,133,128,27,124,60,94,52,103,123" hai2="35,116,104,46,115,101,64,84,54,61,33,14,50" hai3="102,0,79,91,132,20,85,98,11,83,120,82,59"/><T47/><D118/><U51/><E123/><V99/><F115/><W74/><G132/><T109/><D47/><U1/><E105/><V89/><F116/><W48/><G120/><T41/><D41/><U113/><E133/><V130/><F130/><W43/><G20/><T92/><D81/><U75/><E75/><V44/><F44/><W22/><G22/><T93/><D80/><U71/><E128/><V10/><F10/><W34/><G34/><T5/><D5/><U3/><E113/><V112/><F112/><W28/><G28/><T97/><D73/><U129/><E129/><V62/><F14/><W63/><G0/><T42/><D42/><U30/><E124/><V57/><REACH who="2" step="1"/><F62/><REACH who="2" ten="250,250,240,250" step="2"/><W108/><G11/><N who="0" m="6559" /><D109/><U4/><E4/><V111/><F111/><W106/><G108/><T77/><D110/><U6/><E6/><V88/><F88/><W114/><G114/><T13/><D13/><U70/><E1/><V40/><F40/><W122/><G122/><T38/><D38/><U107/><E2/><V7/><F7/><W90/><G43/><T131/><D77/><U125/><E3/><V126/><F126/><W36/><G36/><T17/><D131/><U117/><E125/><V26/><F26/><W72/><G48/><N who="0" m="30823" /><D17/><U69/><E117/><V121/><F121/><W87/><G91/><AGARI ba="0,1" hai="29,31,91,92,93,96,97,100" m="30823,6559" machi="91" ten="30,1500,0" yaku="8,1" doraHai="58" who="0" fromWho="3" sc="250,25,250,0,240,0,250,-15" /><INIT seed="0,1,0,5,4,98" ten="275,250,240,235" oya="0" hai0="82,1,52,118,129,41,133,29,87,66,109,2,50" hai1="11,57,0,21,70,13,99,84,114,73,55,67,22" hai2="4,60,3,45,53,126,115,111,64,32,43,23,59" hai3="19,77,89,86,116,104,58,135,72,49,127,14,105"/><T85/><D118/><U15/><E73/><V112/><F32/><W7/><G116/><T9/><D129/><U96/><E0/><V28/><F3/><W25/><G127/><T38/><D29/><U71/><E114/><V61/><F28/><W39/><G39/><T106/><D106/><U88/><E70/><V17/><F4/><W76/><G135/><T24/><D133/><U12/><E71/><V108/><F126/><W37/><G37/><T26/><D66/><U62/><E67/><V36/><F23/><N who="1" m="8713" /><E11/><V68/><F17/><W44/><G25/><T20/><D109/><AGARI ba="1,0" hai="36,43,45,53,59,60,61,64,68,108,109,111,112,115" machi="109" ten="40,8000,1" yaku="14,1,34,3" doraHai="98" who="2" fromWho="0" sc="275,-83,250,0,240,83,235,0" /><INIT seed="1,0,0,0,4,104" ten="192,250,323,235" oya="1" hai0="56,15,5,89,41,72,29,73,65,61,86,106,74" hai1="132,37,42,76,9,103,13,12,97,130,6,53,122" hai2="107,96,93,45,35,23,133,19,94,63,62,24,33" hai3="129,32,66,83,128,82,20,54,85,114,2,99,18"/><U67/><E122/><V7/><F133/><W112/><G32/><T127/><D106/><U58/><E67/><V81/><F7/><W55/><G2/><T98/><D127/><U77/><E132/><V43/><F81/><W101/><G66/><T109/><D109/><U88/><E130/><N who="3" m="50282" /><G55/><T57/><D29/><U69/><E69/><V8/><F107/><N who="3" m="63935" /><G54/><T70/><D41/><U125/><E125/><V117/><F117/><W16/><G18/><T39/><D98/><U95/><E42/><V105/><F105/><W84/><G16/><T135/><D39/><U31/><E31/><V115/><F115/><N who="3" m="44075" /><G20/><T26/><D26/><U131/><E37/><V121/><F8/><W36/><G36/><T50/><D135/><U91/><E131/><V38/><F121/><W22/><G22/><T92/><REACH who="0" step="1"/><D50/><REACH who="0" ten="182,250,323,235" step="2"/><N who="1" m="31031" /><E13/><V113/><F43/><W126/><G126/><T108/><D108/><U90/><AGARI ba="0,1" hai="6,9,12,76,77,88,90,91,95,97,103" m="31031" machi="90" ten="30,3000,0" yaku="8,1,54,1" doraHai="104" who="1" fromWho="1" sc="182,-10,250,40,323,-10,235,-10" /><INIT seed="1,1,0,4,3,119" ten="172,290,313,225" oya="1" hai0="30,96,113,109,23,12,99,59,106,114,123,13,88" hai1="127,91,68,60,108,86,102,97,16,67,3,100,133" hai2="134,4,70,43,101,135,15,62,126,74,124,47,58" hai3="77,110,14,120,26,84,76,116,41,49,105,44,89"/><U111/><E3/><V48/><F74/><W31/><G105/><T5/><D109/><N who="1" m="42059" /><E133/><N who="2" m="50699" /><F70/><W42/><G116/><T132/><D132/><U17/><E127/><N who="2" m="48683" /><F101/><N who="1" m="39017" /><E97/><V61/><F4/><W80/><G120/><T53/><D106/><U115/><E115/><V33/><F33/><W103/><G103/><T73/><D73/><U125/><E125/><V65/><F15/><W79/><G110/><T1/><D1/><U0/><E0/><V18/><F18/><W118/><G118/><T11/><D123/><U82/><AGARI ba="1,0" hai="16,17,60,67,68,82,86,91" m="39017,42059" machi="82" ten="30,6000,0" yaku="14,1,10,1,54,1" doraHai="119" who="1" fromWho="1" sc="172,-21,290,63,313,-21,225,-21" /><INIT seed="1,2,0,4,5,33" ten="151,353,292,204" oya="1" hai0="54,130,59,82,111,113,134,96,121,53,14,106,94" hai1="0,116,67,27,68,17,99,70,71,101,69,42,49" hai2="75,72,129,104,114,16,35,36,30,74,12,58,76" hai3="55,90,57,10,37,85,124,29,120,46,24,73,117"/><U6/><E116/><V15/><F36/><W115/><G120/><T44/><D106/><U60/><E42/><V103/><F104/><W23/><G73/><T11/><D113/><U28/><E49/><V2/><F103/><W132/><G115/><T47/><D121/><U20/><E6/><V131/><F114/><W87/><G117/><T123/><D123/><U61/><E0/><V122/><F122/><W127/><G132/><T107/><D107/><U45/><E45/><V50/><F2/><W77/><G77/><T93/><D134/><U97/><N who="1" m="17408" /><DORA hai="22" /><U135/><E135/><V89/><F89/><W40/><G10/><T66/><D130/><N who="2" m="49674" /><F15/><W26/><G26/><T32/><D32/><U8/><E67/><V110/><F76/><W98/><G98/><T48/><D111/><U109/><E109/><V56/><F110/><W79/><G79/><T1/><D1/><U112/><E112/><V84/><F84/><W25/><G25/><T39/><D82/><U80/><E80/><V34/><F50/><W102/><G102/><T18/><D96/><U133/><E133/><V43/><F43/><W21/><G21/><T95/><D39/><U7/><E7/><V119/><F119/><W38/><G38/><T88/><D66/><U4/><E17/><V5/><F5/><W62/><REACH who="3" step="1"/><G90/><REACH who="3" ten="151,353,292,194" step="2"/><T118/><D118/><U128/><E128/><V63/><F35/><W100/><G100/><T31/><D31/><U41/><E101/><V13/><F34/><W81/><G81/><T51/><D88/><U3/><E99/><V83/><F30/><W108/><G108/><RYUUKYOKU ba="2,1" sc="151,15,353,-15,292,-15,194,15" hai0="11,14,18,44,47,48,51,53,54,59,93,94,95" hai3="23,24,29,37,40,46,55,57,62,85,87,124,127" /><INIT seed="2,3,1,1,1,2" ten="166,338,277,209" oya="2" hai0="121,82,24,26,58,38,8,78,89,134,66,46,22" hai1="52,73,0,53,117,131,23,64,97,21,109,69,88" hai2="120,74,77,80,103,100,119,35,7,116,75,94,106" hai3="14,84,93,96,19,12,61,70,115,49,43,50,92"/><V83/><F35/><W47/><G115/><T79/><D121/><U123/><E117/><N who="2" m="45131" /><F7/><W48/><G84/><N who="0" m="50327" /><D134/><U87/><E0/><V132/><F120/><W4/><G4/><T31/><D38/><U95/><E123/><V34/><F34/><W114/><G114/><T112/><D112/><U105/><E23/><V57/><F57/><W55/><G70/><T36/><D36/><U130/><E21/><V33/><F33/><W56/><G93/><T111/><D111/><U102/><E109/><V85/><F132/><W9/><REACH who="3" step="1"/><G14/><REACH who="3" ten="166,338,277,199" step="2"/><T29/><D46/><U1/><E1/><V11/><F106/><W108/><G108/><T67/><D8/><U30/><E73/><V39/><F11/><W71/><G71/><T122/><D122/><U37/><E69/><V5/><F5/><W81/><G81/><T99/><D99/><U27/><E95/><V28/><F83/><W59/><G59/><T65/><D58/><U10/><E10/><V91/><F39/><W104/><G104/><T101/><D101/><AGARI ba="3,2" hai="9,12,19,43,47,48,49,50,55,56,61,92,96,101" machi="101" ten="30,7700,0" yaku="1,1,7,1,8,1,53,1" doraHai="2" doraHaiUra="98" who="3" fromWho="0" sc="166,-86,338,0,277,0,199,106" /><INIT seed="3,0,0,4,4,14" ten="80,338,277,305" oya="3" hai0="101,96,117,31,52,87,97,32,20,118,12,89,71" hai1="10,55,74,114,17,59,131,40,73,1,6,65,58" hai2="62,29,35,51,111,64,27,77,93,24,134,110,84" hai3="57,41,104,68,21,43,98,2,23,60,82,25,38"/><W106/><G68/><T90/><D71/><U126/><E114/><V16/><F134/><W56/><G2/><T37/><D37/><U113/><E113/><V36/><F36/><W105/><G98/><T80/><D32/><U5/><E65/><V91/><F51/><W63/><G82/><T13/><D117/><U39/><E73/><V66/><F77/><W69/><G69/><T103/><D118/><U115/><E115/><V128/><F128/><W70/><G70/><T18/><D31/><U44/><E131/><V109/><F62/><W54/><G38/><T50/><D12/><U53/><E126/><V92/><F92/><W26/><G106/><T88/><D97/><U116/><E116/><V85/><F85/><W45/><G54/><N who="1" m="20490" /><E17/><V100/><F100/><W119/><G119/><T94/><REACH who="0" step="1"/><D103/><REACH who="0" ten="70,338,277,305" step="2"/><U15/><E15/><V132/><F132/><W42/><G42/><T78/><D78/><U120/><E5/><V61/><F61/><W107/><G107/><T47/><AGARI ba="0,1" hai="13,18,20,47,50,52,80,87,88,89,90,94,96,101" machi="47" ten="20,12000,2" yaku="1,1,0,1,7,1,8,1,52,1,54,2,53,0" doraHai="14" doraHaiUra="67" who="0" fromWho="0" sc="70,130,338,-30,277,-30,305,-60" owari="200,-30.0,308,40.0,247,5.0,245,-15.0" /></mjloggm>