<mjloggm ver="2.3"><GO type="97" lobby="0"/><UN n0="%E6%AB%9B%E6%A3%AE" n1="%E5%B0%B1%E6%B4%BB%E7%94%9F%40%E5%B7%9D%E6%9D%91%E8%BB%8D%E5%9B%A3" n2="%E5%A4%A7%E8%94%B5%E9%81%8A%E6%98%9F" n3="%6B%6F%75%6A%69%32%37" dan="14,14,13,13" rate="1905.15,1978.21,2034.45,1935.69" sx="F,M,F,M"/><TAIKYOKU oya="0"/><INIT seed="0,0,0,3,2,95" ten="250,250,250,250" oya="0" hai0="1,28,127,130,81,79,65,41,46,12,104,29,47" hai1="52,2,9,111,94,21,39,66,101,86,122,96,108" hai2="133,105,58,120,5,37,64,23,35,116,59,13,78" hai3="99,88,103,49,8,112,80,91,15,40,54,135,6"/><T51/><D104/><U42/><E122/><V67/><F35/><W114/><G135/><T3/><D130/><U62/><E2/><V69/><F105/><W125/><G125/><T118/><D127/><U32/><E32/><V4/><F37/><W11/><G11/><T60/><D118/><U83/><E9/><V134/><F78/><W82/><G40/><T109/><D109/><N who="1" m="42059" /><E21/><V131/><F23/><W76/><G114/><T89/><D89/><N who="1" m="51423" /><E39/><V124/><F124/><W22/><G22/><T74/><D74/><U19/><E42/><V132/><F120/><W16/><G6/><T113/><D113/><U68/><E19/><V90/><F133/><W126/><G126/><T70/><D70/><U73/><E73/><V100/><F69/><W7/><G7/><T24/><D24/><U102/><E52/><V34/><F34/><W85/><G112/><T119/><D119/><U53/><E53/><V0/><F116/><W57/><REACH who="3" step="1"/><G80/><REACH who="3" ten="250,250,250,240" step="2"/><T129/><D41/><U98/><E94/><AGARI ba="0,1" hai="8,15,16,49,54,57,76,82,85,88,91,94,99,103" machi="94" ten="30,16000,3" yaku="1,1,2,1,7,1,8,1,52,1,54,2,53,1" doraHai="95" doraHaiUra="45" who="3" fromWho="1" sc="250,0,250,-160,250,0,240,170" /><INIT seed="1,0,0,3,3,62" ten="250,90,250,410" oya="1" hai0="50,29,92,42,27,126,86,12,13,57,53,32,22" hai1="37,31,36,120,52,1,113,55,88,60,84,59,70" hai2="102,109,56,30,123,14,79,51,64,10,17,135,6" hai3="74,25,114,100,41,83,7,16,75,40,21,71,131"/><U105/><E120/><V112/><F123/><W111/><G114/><T46/><D126/><U26/><E113/><V124/><F112/><W128/><G100/><T76/><D32/><U127/><E1/><V49/><F124/><W122/><G122/><T134/><D134/><U80/><E105/><V125/><F125/><W97/><G71/><T43/><D43/><U48/><E127/><V54/><F135/><W72/><G7/><T91/><REACH who="0" step="1"/><D76/><REACH who="0" ten="240,90,250,410" step="2"/><U47/><REACH who="1" step="1"/><E70/><REACH who="1" ten="240,80,250,410" step="2"/><V81/><F109/><W119/><G111/><T2/><D2/><U90/><E90/><V96/><F79/><W18/><G119/><T23/><D23/><AGARI ba="0,2" hai="23,26,31,36,37,47,48,52,55,59,60,80,84,88" machi="23" ten="30,11600,0" yaku="1,1,7,1,54,2,53,0" doraHai="62" doraHaiUra="38" who="1" fromWho="0" sc="240,-116,80,136,250,0,410,0" /><INIT seed="1,1,0,5,2,41" ten="124,216,250,410" oya="1" hai0="7,42,96,98,28,36,109,15,86,59,111,117,113" hai1="72,128,21,24,63,83,135,102,55,121,105,118,132" hai2="26,11,103,77,131,100,134,110,40,93,65,87,50" hai3="125,106,14,20,0,114,79,62,124,8,25,4,2"/><U34/><E121/><V104/><F104/><W48/><G106/><T112/><D28/><U75/><E118/><V49/><F65/><W3/><G79/><T81/><D59/><N who="1" m="35327" /><E34/><V126/><F40/><W31/><G48/><T122/><D15/><U51/><E128/><V37/><F77/><W84/><G84/><T17/><D17/><U27/><E102/><V89/><F37/><W22/><G62/><T6/><D6/><U56/><E105/><V1/><F49/><W44/><G44/><T16/><D16/><N who="1" m="12327" /><E27/><V60/><F26/><W32/><G114/><N who="0" m="44139" /><D7/><U70/><E83/><V97/><F103/><W67/><REACH who="3" step="1"/><G67/><REACH who="3" ten="124,216,250,400" step="2"/><T58/><D36/><U10/><E75/><V64/><F64/><W54/><G54/><T19/><D42/><U108/><E72/><V66/><F66/><W91/><G91/><N who="0" m="51663" /><D19/><U94/><E108/><N who="0" m="41545" /><D122/><U127/><E70/><V73/><F110/><W82/><G82/><T74/><D74/><U123/><E123/><V120/><F120/><W95/><G95/><T68/><D68/><U101/><E94/><V46/><F93/><W29/><G29/><T47/><D47/><U23/><E56/><V119/><F73/><W116/><G116/><T71/><D71/><U57/><E57/><V92/><F119/><W69/><G69/><T12/><D117/><U61/><E61/><V53/><F60/><W85/><G85/><T43/><D43/><U129/><E51/><V18/><F50/><W115/><G115/><T39/><D39/><U52/><E52/><V38/><F53/><W30/><G30/><T78/><D58/><U5/><E129/><RYUUKYOKU ba="1,1" sc="124,-10,216,-10,250,-10,400,30" hai3="0,2,3,4,8,14,20,22,25,31,32,124,125" /><INIT seed="2,2,1,2,4,87" ten="114,206,240,430" oya="2" hai0="39,54,118,105,0,62,131,81,128,38,46,132,121" hai1="119,111,120,37,57,112,35,11,6,73,123,67,70" hai2="30,133,75,100,78,1,86,47,61,18,94,93,108" hai3="89,64,114,106,25,44,130,3,71,29,83,126,107"/><V101/><F1/><W48/><G3/><T23/><D121/><N who="1" m="46667" /><E73/><V53/><F75/><W20/><G130/><N who="0" m="49707" /><D0/><U115/><E35/><V109/><F30/><W102/><G126/><T135/><D105/><U97/><E37/><N who="0" m="13833" /><D23/><U129/><E129/><V2/><F2/><W5/><G114/><N who="1" m="43562" /><E70/><V41/><F133/><N who="0" m="51274" /><D81/><U98/><E119/><V80/><F18/><W19/><G5/><T79/><D79/><U110/><E57/><N who="2" m="34991" /><F94/><W28/><G107/><T32/><D32/><U122/><E67/><V43/><F93/><W8/><G106/><T88/><D88/><U99/><BYE who="0" /><N who="1" m="46675" /><U56/><DORA hai="4" /><E56/><V85/><F47/><W7/><G102/><N who="2" m="39529" /><F86/><W92/><G83/><T51/><D51/><U116/><E116/><V21/><F21/><W95/><G95/><T65/><D65/><U34/><E34/><V77/><F77/><W58/><G64/><T68/><D68/><U10/><E6/><V84/><F84/><W52/><G71/><UN n0="%E6%AB%9B%E6%A3%AE" /><T69/><D69/><U14/><E14/><V26/><F26/><W40/><G8/><AGARI ba="2,1" hai="8,10,11,97,98,99,110,111" m="43562,46675" machi="8" ten="50,12000,2" yaku="28,2,13,1,52,3" doraHai="87,4" who="1" fromWho="3" sc="114,0,206,136,240,0,430,-126" /><INIT seed="3,0,0,4,2,6" ten="114,342,240,304" oya="3" hai0="62,120,83,65,53,64,56,118,92,95,68,22,91" hai1="127,128,2,40,85,121,75,72,59,111,86,69,35" hai2="134,74,89,98,24,108,4,71,110,50,122,9,123" hai3="60,39,84,114,132,3,46,13,77,76,106,117,102"/><W25/><G117/><T19/><D120/><N who="2" m="46122" /><F71/><W135/><G3/><T28/><D118/><U32/><E69/><V20/><F74/><W43/><G114/><T90/><D68/><U52/><E2/><N who="2" m="151" /><F50/><W44/><G44/><T104/><D104/><U0/><E0/><V47/><F47/><W113/><G113/><T116/><D116/><U37/><E121/><V36/><F36/><W41/><G41/><T124/><D124/><U66/><E127/><V54/><F54/><W115/><G115/><T61/><D28/><U31/><E66/><V112/><F98/><W29/><G13/><T30/><D30/><U5/><E5/><V130/><F89/><W27/><G60/><T10/><D83/><U55/><E31/><N who="2" m="17799" /><F112/><W87/><G76/><T94/><D22/><U67/><E67/><V97/><F97/><W48/><G39/><T26/><D26/><U12/><E40/><V15/><F134/><N who="3" m="51243" /><G106/><T93/><N who="0" m="24064" /><DORA hai="1" /><T119/><D119/><U129/><E37/><V42/><F42/><W79/><G102/><T33/><D33/><U125/><E59/><V45/><F45/><W82/><G77/><T17/><D53/><U78/><E125/><V80/><F80/><W18/><G87/><T99/><D99/><U51/><E78/><V103/><F103/><W34/><G25/><T126/><D126/><U7/><E51/><V88/><F88/><W105/><G105/><T109/><D109/><N who="2" m="42090" /><F15/><W16/><AGARI ba="0,0" hai="16,18,27,29,34,43,46,48,79,82,84" m="51243" machi="16" ten="30,3000,0" yaku="20,1,54,1" doraHai="6,1" who="3" fromWho="3" sc="114,-10,342,-10,240,-10,304,30" owari="104,-40.0,332,13.0,230,-17.0,334,44.0" /></mjloggm>