<mjloggm ver="2.3"><GO type="97" lobby="0"/><UN n0="%E3%83%AD%E3%82%B8%E3%82%AB%E3%83%AB" n1="%E3%83%88%E3%83%88%E3%83%AA%E5%85%88%E7%94%9F%31%39%E6%AD%B3" n2="%E3%83%98%E3%82%A4%E3%83%9C%E3%83%BC%E3%82%A4" n3="%E3%82%B1%E3%82%A4%E3%83%88" dan="15,15,14,13" rate="1974.04,2012.79,1895.21,1907.58" sx="M,F,M,M"/><TAIKYOKU oya="0"/><INIT seed="0,0,0,4,2,89" ten="250,250,250,250" oya="0" hai0="53,31,119,128,0,3,61,83,1,2,133,84,34" hai1="121,110,72,45,132,88,40,100,92,74,14,19,15" hai2="85,122,103,36,33,76,79,26,95,114,91,71,17" hai3="50,107,35,70,22,62,56,125,75,77,64,12,98"/><T23/><D119/><U108/><E121/><V58/><F114/><W127/><G35/><T109/><D128/><U81/><E100/><V67/><F122/><W21/><G75/><T130/><D130/><U7/><E7/><V112/><F112/><W120/><G77/><T113/><D113/><U39/><E132/><V82/><F71/><W46/><G120/><T28/><D133/><U126/><E126/><V106/><F36/><W55/><G107/><T78/><D34/><U59/><E59/><V94/><F106/><W135/><G98/><T131/><D131/><U52/><E52/><V115/><F115/><W65/><G12/><T9/><N who="0" m="512" /><DORA hai="99" /><T49/><D9/><U102/><E102/><V134/><F134/><W38/><G21/><T5/><D5/><U68/><E68/><V51/><F33/><W24/><G22/><T4/><D4/><U96/><E14/><V16/><F26/><W90/><G90/><T86/><D109/><N who="1" m="42091" /><E81/><V25/><F25/><W123/><G24/><T47/><D61/><U87/><E96/><N who="2" m="59799" /><F82/><W80/><G80/><T20/><REACH who="0" step="1"/><D86/><REACH who="0" ten="240,250,250,250" step="2"/><U18/><E18/><N who="2" m="7275" /><F67/><W42/><G135/><T105/><D105/><U66/><E66/><N who="3" m="25706" /><G123/><T11/><D11/><AGARI ba="0,1" hai="11,15,19,39,40,45,72,74,87,88,92" m="42091" machi="11" ten="30,3900,0" yaku="14,1,52,1,54,1" doraHai="89,99" who="1" fromWho="0" sc="240,-39,250,49,250,0,250,0" /><INIT seed="1,0,0,2,5,104" ten="201,299,250,250" oya="1" hai0="29,77,97,21,44,125,18,9,33,26,60,112,23" hai1="124,28,133,39,96,41,42,57,4,59,95,54,12" hai2="80,43,110,14,75,88,46,135,5,113,6,74,70" hai3="61,105,126,82,129,89,78,51,55,37,114,119,72"/><U13/><E133/><V45/><F113/><W76/><G114/><T66/><D112/><U85/><E124/><V120/><F120/><W79/><G37/><T52/><D125/><U101/><E39/><V117/><F117/><W73/><G126/><T131/><D131/><U65/><E28/><V87/><F70/><W38/><G38/><T50/><D77/><U103/><E103/><V67/><F67/><W102/><G119/><T19/><D97/><U63/><E85/><V128/><F128/><W40/><G40/><N who="1" m="15466" /><E4/><V30/><F135/><W107/><G61/><AGARI ba="0,0" hai="12,13,54,57,59,61,63,65,95,96,101" m="15466" machi="61" ten="30,1500,0" yaku="8,1" doraHai="104" who="1" fromWho="3" sc="201,0,299,15,250,0,250,-15" /><INIT seed="1,1,0,2,0,55" ten="201,314,250,235" oya="1" hai0="60,122,30,67,46,34,118,54,32,101,11,123,81" hai1="93,17,25,80,38,3,56,106,22,63,135,76,112" hai2="62,129,91,113,43,110,83,6,45,13,102,37,4" hai3="78,66,10,12,104,84,124,90,128,115,27,132,20"/><U2/><E112/><V95/><F113/><W1/><G115/><T65/><D118/><U29/><E106/><V94/><F110/><W40/><G104/><T111/><D101/><U92/><E38/><V24/><F129/><W61/><G128/><T89/><D111/><U23/><E135/><V18/><F24/><W36/><G132/><T58/><D11/><U9/><E9/><V85/><F102/><W28/><G124/><T109/><D109/><U70/><E70/><V71/><F6/><W86/><G1/><T77/><D89/><U49/><E49/><V19/><F4/><W121/><G40/><T68/><D46/><U96/><E23/><V44/><F44/><W134/><G36/><T87/><D30/><U126/><E126/><V47/><F47/><W107/><G107/><T31/><D31/><U100/><E93/><V73/><F73/><W88/><G121/><N who="0" m="46091" /><D68/><U98/><E98/><V133/><F133/><W117/><G117/><T75/><D75/><U119/><E17/><V33/><F33/><AGARI ba="1,0" hai="32,33,34,54,58,60,65,67,77,81,87" m="46091" machi="33" ten="30,2000,0" yaku="13,1,52,1" doraHai="55" who="0" fromWho="2" sc="201,23,314,0,250,-23,235,0" /><INIT seed="2,0,0,3,4,113" ten="224,314,227,235" oya="2" hai0="22,89,61,104,133,39,62,124,46,73,57,14,125" hai1="13,8,18,3,65,129,23,105,80,106,28,122,135" hai2="112,114,115,71,70,25,87,76,4,130,15,27,123" hai3="48,21,97,47,134,17,35,77,2,120,63,116,108"/><V54/><F123/><W44/><G120/><T111/><D104/><U88/><E122/><V6/><F130/><W64/><G2/><T9/><D73/><U55/><E129/><V66/><F54/><W37/><G35/><T102/><D133/><U99/><E135/><V52/><F66/><W30/><G30/><T121/><D102/><U26/><E65/><V109/><F109/><W12/><G108/><T40/><D111/><U56/><E3/><V68/><F52/><W132/><G116/><T20/><D121/><U0/><E0/><V67/><F67/><W78/><G97/><T31/><D89/><U32/><E32/><V72/><F72/><W42/><G134/><T96/><D96/><U83/><E106/><V51/><F51/><W92/><G92/><T107/><D107/><U93/><E105/><V100/><F100/><W75/><G75/><T34/><D34/><U118/><E118/><V19/><F19/><W127/><G127/><N who="0" m="48715" /><D31/><U60/><AGARI ba="0,0" hai="8,13,18,23,26,28,55,56,60,80,83,88,93,99" machi="60" ten="20,5200,0" yaku="0,1,7,1,8,1,54,1" doraHai="113" who="1" fromWho="1" sc="224,-13,314,52,227,-26,235,-13" /><INIT seed="3,0,0,2,3,41" ten="211,366,201,222" oya="3" hai0="50,98,67,36,8,59,104,100,57,37,25,4,113" hai1="63,31,93,130,96,120,42,32,10,40,88,92,129" hai2="76,118,124,128,35,75,58,109,3,13,54,101,34" hai3="23,11,12,55,127,52,49,45,20,77,89,131,47"/><W65/><G131/><N who="1" m="50186" /><E120/><V86/><F128/><W46/><G127/><T116/><D116/><U125/><E125/><V87/><F124/><W5/><G77/><T70/><D113/><U26/><E63/><V16/><F3/><W19/><G65/><T24/><D37/><U81/><E81/><V18/><F118/><W133/><G133/><T64/><D36/><U121/><E121/><V53/><F109/><W105/><G105/><T68/><D67/><U83/><E83/><V14/><F101/><W132/><G132/><T123/><D123/><U9/><E9/><V61/><F76/><W114/><G114/><T80/><D80/><U97/><E10/><V72/><F61/><W43/><G89/><AGARI ba="0,0" hai="26,31,32,40,42,88,89,92,93,96,97" m="50186" machi="89" ten="30,2000,0" yaku="19,1,54,1" doraHai="41" who="1" fromWho="3" sc="211,0,366,20,201,0,222,-20" owari="211,1.0,386,49.0,201,-30.0,202,-20.0" /></mjloggm>