<mjloggm ver="2.3"><GO type="97" lobby="0"/><UN n0="%E5%A4%A9%E6%89%8D%E3%82%A4%E3%83%99%E3%83%AA%E3%82%B3%E8%B1%9A" n1="%E5%B0%B1%E6%B4%BB%E7%94%9F%40%E5%B7%9D%E6%9D%91%E8%BB%8D%E5%9B%A3" n2="%6B%61%73%75%67%65%2D" n3="%73%68%6F%6B%6F%6C%61%32" dan="15,14,14,14" rate="2061.22,1996.72,1923.46,1910.29" sx="F,M,M,M"/><TAIKYOKU oya="0"/><INIT seed="0,0,0,4,4,135" ten="250,250,250,250" oya="0" hai0="5,76,13,18,27,99,59,104,60,106,89,24,30" hai1="53,121,32,102,34,12,22,66,112,81,23,52,6" hai2="14,115,55,45,77,134,72,64,65,103,39,116,36" hai3="85,90,105,79,80,17,110,83,58,4,29,44,120"/><T111/><D76/><U28/><E121/><V124/><F115/><W128/><G29/><T97/><D111/><U71/><E112/><V0/><F0/><W49/><G4/><T37/><D37/><U9/><E102/><V50/><F134/><W11/><G105/><T132/><D132/><U10/><E71/><V3/><F3/><W96/><G110/><T122/><D122/><U15/><E66/><V62/><F116/><W108/><G108/><T7/><D30/><U93/><E93/><V20/><F103/><W61/><G128/><T31/><D31/><U100/><E100/><V82/><F65/><W38/><G38/><T101/><D106/><U114/><E114/><V127/><F36/><W47/><G120/><T21/><D89/><U94/><E94/><V35/><F35/><W42/><G47/><T84/><D84/><U46/><E46/><V98/><F98/><W92/><G83/><T51/><D51/><U16/><E81/><V69/><F39/><W133/><G133/><T8/><D97/><U2/><E28/><V129/><F129/><W131/><G131/><T57/><D57/><U109/><E109/><V48/><F50/><W113/><G113/><T126/><D5/><N who="1" m="3119" /><E53/><V119/><F119/><W1/><G1/><T130/><D130/><U26/><E52/><V107/><F107/><W123/><G123/><T91/><D91/><U118/><E118/><V67/><F67/><N who="3" m="39351" /><G11/><T43/><D43/><U40/><E40/><V125/><F124/><W54/><G54/><N who="0" m="33911" /><D126/><U75/><E75/><V19/><AGARI ba="0,0" hai="14,19,20,45,48,55,62,64,69,72,77,82,125,127" machi="19" ten="30,4000,0" yaku="0,1,52,2" doraHai="135" who="2" fromWho="2" sc="250,-20,250,-10,250,40,250,-10" /><INIT seed="1,0,0,3,2,76" ten="230,240,290,240" oya="1" hai0="15,124,3,54,8,86,87,128,97,99,71,56,95" hai1="16,63,127,116,49,20,41,51,2,75,14,39,19" hai2="121,93,64,59,100,70,107,33,1,23,77,125,18" hai3="52,30,17,85,65,29,45,44,94,61,46,31,130"/><U10/><E116/><V117/><F121/><W108/><G108/><T53/><D124/><U28/><E127/><V27/><F125/><W122/><G122/><T84/><D128/><U135/><E75/><V74/><F117/><W22/><G130/><T67/><D3/><U7/><E135/><V129/><F1/><W88/><G65/><T131/><D131/><U13/><E28/><V82/><F129/><W5/><G5/><T89/><D71/><U68/><E39/><V112/><F112/><W9/><G9/><T21/><D21/><U83/><E41/><V110/><F110/><W119/><G119/><T58/><D67/><U4/><E4/><V38/><F38/><W50/><REACH who="3" step="1"/><G61/><REACH who="3" ten="230,240,290,230" step="2"/><N who="0" m="35983" /><D8/><U118/><E118/><V35/><F70/><W111/><G111/><T34/><D34/><U81/><E63/><V79/><F35/><W24/><AGARI ba="0,1" hai="17,22,24,29,30,31,44,45,46,50,52,85,88,94" machi="24" ten="30,8000,1" yaku="1,1,0,1,8,1,54,2,53,0" doraHai="76" doraHaiUra="123" who="3" fromWho="3" sc="230,-20,240,-40,290,-20,230,90" /><INIT seed="2,0,0,4,3,8" ten="210,200,270,320" oya="2" hai0="86,19,84,76,81,101,132,22,118,100,10,130,127" hai1="45,83,55,99,122,15,50,102,40,128,90,34,11" hai2="111,32,87,44,63,52,93,124,3,6,4,113,117" hai3="97,39,107,92,29,96,21,67,108,95,73,58,26"/><V42/><F117/><W24/><G108/><T79/><D127/><U71/><E122/><V89/><F111/><W59/><G39/><T18/><D130/><U64/><E128/><V126/><F113/><W94/><G73/><T68/><D132/><U28/><E71/><V43/><F32/><W37/><G37/><T36/><D68/><U119/><E119/><V5/><F3/><W13/><G107/><T72/><D36/><U62/><E34/><V82/><F82/><W41/><G41/><T70/><D70/><U12/><E28/><V75/><F75/><W103/><G67/><T38/><D38/><U80/><E11/><V74/><F74/><W123/><G123/><T114/><D114/><U46/><E64/><V110/><F110/><W69/><G69/><T104/><D104/><U116/><E116/><V106/><F106/><W31/><G13/><N who="1" m="5194" /><E102/><V2/><F2/><W17/><G17/><T61/><D118/><U65/><E65/><V48/><F63/><W20/><G95/><T109/><D61/><U91/><E62/><V115/><REACH who="2" step="1"/><F115/><REACH who="2" ten="210,200,260,320" step="2"/><W25/><REACH who="3" step="1"/><G25/><REACH who="3" ten="210,200,260,310" step="2"/><T47/><D109/><U98/><E83/><V51/><F51/><W30/><G30/><T23/><D81/><U120/><E80/><V16/><F16/><W85/><G85/><T14/><D72/><U27/><E120/><V135/><F135/><W88/><AGARI ba="0,2" hai="20,21,24,26,29,31,58,59,88,92,94,96,97,103" machi="88" ten="20,12000,2" yaku="1,1,0,1,7,1,9,1,8,1,54,1,53,0" doraHai="8" doraHaiUra="1" who="3" fromWho="3" sc="210,-30,200,-30,260,-60,310,140" /><INIT seed="3,0,0,2,2,43" ten="180,170,200,450" oya="3" hai0="103,95,36,69,67,19,121,64,5,15,119,96,11" hai1="24,12,66,13,4,124,32,26,23,60,52,129,18" hai2="133,75,17,84,116,92,65,86,55,100,14,78,83" hai3="134,56,89,33,120,131,126,104,2,30,127,115,51"/><W61/><G120/><T79/><D121/><U72/><E72/><V105/><F116/><W85/><G104/><T128/><D119/><U135/><E124/><N who="3" m="47658" /><G115/><T57/><D36/><U87/><E135/><V44/><F86/><W35/><G131/><T58/><D69/><U38/><E129/><V101/><F55/><W77/><G2/><T45/><D45/><U106/><E38/><V63/><F17/><W107/><G107/><T112/><D128/><U98/><E87/><V99/><F14/><N who="1" m="5737" /><E106/><V62/><F44/><W46/><G77/><T94/><D79/><U82/><E32/><V20/><F20/><W88/><G30/><T1/><D112/><U118/><E118/><V28/><F63/><W0/><G0/><T110/><D110/><U39/><E39/><V9/><F101/><W41/><G134/><T54/><D94/><U7/><E26/><V70/><F28/><W48/><G48/><N who="0" m="30919" /><D1/><U42/><E42/><V97/><F133/><W50/><G50/><T34/><D34/><N who="3" m="12809" /><G85/><T111/><D111/><U49/><E98/><V123/><F123/><W31/><G31/><T130/><D130/><U80/><E4/><V47/><F84/><W132/><G132/><T109/><D109/><U108/><E7/><V27/><F27/><W93/><G93/><T73/><D73/><U3/><E3/><V91/><F47/><W122/><G122/><T81/><D81/><U6/><E6/><V125/><F125/><W21/><G21/><N who="0" m="11519" /><D58/><N who="1" m="37143" /><E108/><V8/><AGARI ba="0,0" hai="8,9,62,65,70,75,78,83,91,92,97,99,100,105" machi="8" ten="30,1100,0" yaku="0,1" doraHai="43" who="2" fromWho="2" sc="180,-3,170,-3,200,11,450,-5" owari="177,-22.0,167,-33.0,211,1.0,445,54.0" /></mjloggm>