<mjloggm ver="2.3"><GO type="41" lobby="0"/><UN n0="%E5%B0%B1%E6%B4%BB%E7%94%9F%40%E5%B7%9D%E6%9D%91%E8%BB%8D%E5%9B%A3" n1="%EF%BC%A1%EF%BC%AB%EF%BC%B2%33%2E%37" n2="%E3%83%A0%E3%83%A1%E3%82%A4" n3="%4A%65%66%66" dan="15,14,15,15" rate="1976.33,1908.96,2011.48,1946.21" sx="M,M,M,M"/><TAIKYOKU oya="0"/><INIT seed="0,0,0,5,0,36" ten="250,250,250,250" oya="0" hai0="135,7,35,69,43,28,132,92,118,59,89,82,55" hai1="103,70,44,80,10,24,83,112,34,122,38,39,42" hai2="129,33,23,74,115,57,131,126,6,25,93,3,58" hai3="95,102,100,48,130,73,8,14,17,9,2,84,128"/><T66/><D118/><U65/><E122/><V91/><F115/><W108/><G73/><T105/><D105/><U18/><E112/><V97/><F74/><W68/><G68/><T31/><D7/><U0/><E18/><V5/><F33/><W81/><G108/><T98/><D69/><U13/><E13/><V51/><F126/><W63/><G63/><T133/><D66/><U40/><E103/><V12/><F3/><W121/><G121/><T107/><D107/><U71/><E10/><N who="2" m="4175" /><F51/><W120/><G120/><T47/><D82/><U119/><E0/><V60/><F6/><W64/><G64/><T45/><D45/><U32/><E119/><V125/><F60/><W87/><G2/><T77/><D77/><U41/><E44/><V88/><F91/><W127/><G9/><T72/><D35/><N who="1" m="13355" /><E65/><V19/><F125/><W116/><G127/><T96/><D96/><U111/><E24/><V37/><F37/><N who="1" m="13833" /><E111/><V21/><F21/><W117/><G102/><T4/><D4/><U101/><E101/><V52/><F52/><W29/><G100/><T27/><D72/><U11/><E11/><V85/><F97/><W53/><G116/><T26/><D47/><U76/><E71/><V114/><F114/><W124/><G117/><T1/><D1/><U99/><E99/><V49/><F49/><W75/><G48/><N who="0" m="31207" /><D43/><U94/><E70/><V106/><F106/><W30/><G75/><T15/><D15/><U110/><E110/><V78/><F78/><W109/><G14/><T86/><D98/><U134/><E76/><V67/><F67/><W54/><G124/><RYUUKYOKU ba="0,0" sc="250,15,250,-15,250,15,250,-15" hai0="26,27,28,31,86,89,92,132,133,135" hai2="19,23,25,57,58,85,88,93,129,131" /><INIT seed="0,1,0,0,1,127" ten="265,235,265,235" oya="0" hai0="57,26,33,55,133,51,49,41,72,105,93,90,32" hai1="128,126,25,2,7,36,103,60,99,67,69,121,91" hai2="14,77,59,38,0,100,123,119,50,81,87,86,40" hai3="46,63,79,64,130,52,18,5,84,1,45,70,42"/><T95/><D72/><U98/><E121/><V110/><F123/><W82/><G130/><T94/><D105/><U37/><E128/><V62/><F0/><W111/><G111/><T73/><D73/><U21/><E126/><V68/><F110/><W113/><G113/><T71/><D71/><U131/><E131/><V9/><F119/><W104/><G104/><T96/><D133/><U78/><E78/><V74/><F100/><W88/><G1/><T39/><D39/><U23/><E23/><V35/><F35/><W83/><G5/><T132/><D132/><U97/><E91/><V8/><F38/><W112/><G112/><T12/><D33/><U75/><E75/><V106/><F106/><W115/><G115/><T76/><D76/><U11/><REACH who="1" step="1"/><E103/><REACH who="1" ten="265,225,265,235" step="2"/><V13/><F74/><W54/><G79/><T58/><D32/><U53/><E53/><V102/><F102/><W85/><G52/><N who="0" m="31887" /><D26/><U129/><E129/><V27/><F27/><W135/><G54/><T134/><D134/><U107/><E107/><V6/><F77/><W47/><G135/><T117/><D117/><U31/><AGARI ba="1,1" hai="2,7,11,21,25,31,36,37,60,67,69,97,98,99" machi="31" ten="30,4000,0" yaku="1,1,0,1,53,1" doraHai="127" doraHaiUra="4" who="1" fromWho="1" sc="265,-21,225,53,265,-11,235,-11" /><INIT seed="1,0,0,2,5,0" ten="244,278,254,224" oya="1" hai0="70,125,127,89,38,31,30,5,45,115,112,84,40" hai1="123,7,128,47,107,104,94,85,11,49,58,74,71" hai2="113,95,52,110,87,13,117,64,118,14,33,59,37" hai3="27,126,114,90,17,96,133,12,88,28,57,46,134"/><U75/><E71/><V48/><F37/><W22/><G114/><T1/><D70/><U60/><E123/><V61/><F33/><W53/><G126/><T29/><D1/><U80/><E128/><V72/><F72/><W130/><G46/><T81/><REACH who="0" step="1"/><D5/><REACH who="0" ten="234,278,254,224" step="2"/><U20/><E7/><V6/><F113/><AGARI ba="0,1" hai="29,30,31,38,40,45,81,84,89,112,113,115,125,127" machi="113" ten="40,2600,0" yaku="1,1,2,1,53,0" doraHai="0" doraHaiUra="21" who="0" fromWho="2" sc="234,36,278,0,254,-26,224,0" /><INIT seed="2,0,0,3,1,58" ten="270,278,228,224" oya="2" hai0="104,52,86,34,73,85,60,79,31,98,96,105,14" hai1="83,106,55,101,100,45,69,51,133,102,11,7,40" hai2="26,23,4,97,125,103,91,57,77,24,17,93,115" hai3="37,80,68,92,53,111,1,135,8,107,113,9,38"/><V126/><F115/><W95/><G107/><T89/><D73/><U114/><E114/><V122/><F122/><W70/><G80/><N who="0" m="47263" /><D34/><U59/><E133/><V27/><F77/><W127/><G113/><T54/><D105/><U47/><E69/><V39/><F39/><W120/><G1/><T35/><D35/><U3/><E106/><V50/><F4/><W36/><G135/><T72/><D72/><U88/><E40/><V84/><F126/><W12/><G127/><T2/><D2/><U112/><E112/><V78/><F78/><W0/><G0/><T28/><D14/><U56/><E45/><V49/><F125/><W99/><G120/><T22/><D104/><U13/><E3/><V18/><F18/><W71/><G111/><T62/><D96/><U132/><E132/><V61/><F27/><W66/><G53/><N who="0" m="20587" /><D98/><U116/><E116/><V94/><REACH who="2" step="1"/><F26/><REACH who="2" ten="270,278,218,224" step="2"/><W76/><G38/><T90/><D90/><U46/><E7/><V10/><F10/><W82/><G8/><T48/><D48/><U119/><E119/><V65/><AGARI ba="0,1" hai="17,23,24,49,50,57,61,65,84,91,93,94,97,103" machi="65" ten="20,12000,1" yaku="1,1,0,1,7,1,8,1,52,1,53,0" doraHai="58" doraHaiUra="32" who="2" fromWho="2" sc="270,-40,278,-40,218,130,224,-40" /><INIT seed="2,1,0,5,1,48" ten="230,238,348,184" oya="2" hai0="125,92,61,133,102,43,80,115,5,117,78,106,101" hai1="33,91,18,27,40,84,88,96,95,124,108,14,19" hai2="16,63,134,90,111,76,13,0,26,51,85,68,47" hai3="23,66,67,97,89,31,94,113,3,22,24,1,120"/><V119/><F0/><W114/><G120/><T82/><D5/><U129/><E40/><V60/><F119/><W110/><G110/><T69/><D69/><U53/><E108/><V130/><F111/><W44/><G44/><T9/><D9/><U62/><E129/><V64/><F130/><W70/><G23/><T10/><D10/><U112/><E112/><V20/><F134/><W132/><G132/><T34/><D34/><U54/><E62/><V123/><F123/><W93/><G70/><T109/><D43/><U103/><E33/><V46/><F76/><W30/><G30/><T104/><D61/><U50/><E50/><V87/><F63/><W58/><G94/><T11/><D11/><N who="1" m="6495" /><E91/><V7/><F90/><W122/><G58/><T59/><D59/><U81/><E124/><V17/><F7/><W35/><G35/><T135/><D109/><U98/><E98/><V131/><F131/><W45/><G45/><T12/><D12/><U8/><E8/><V107/><F107/><W6/><G122/><T28/><D125/><U25/><E25/><V57/><F68/><W37/><G114/><T83/><D115/><U36/><E36/><V15/><F47/><W116/><G37/><T4/><D117/><U42/><E42/><N who="2" m="25047" /><F26/><W32/><G113/><T21/><D78/><U29/><E29/><V56/><F56/><W77/><G116/><T126/><D126/><U99/><E99/><V72/><F72/><W52/><G1/><T65/><D104/><U71/><E71/><V74/><F74/><W121/><G3/><T39/><D106/><U128/><E128/><RYUUKYOKU ba="1,0" sc="230,-15,238,15,348,15,184,-15" hai1="19,27,53,54,81,84,88,95,96,103" hai2="13,15,16,17,20,57,60,64,85,87" /><INIT seed="2,2,0,4,5,10" ten="215,253,363,169" oya="2" hai0="104,38,121,116,50,96,109,68,17,118,70,13,49" hai1="32,100,53,28,4,75,80,31,101,67,120,30,60" hai2="128,91,33,43,6,73,11,1,62,61,130,25,78" hai3="69,36,86,93,18,24,58,123,72,89,108,40,122"/><V3/><F3/><W82/><G69/><T114/><D38/><U2/><E32/><V21/><F33/><W95/><G108/><T19/><D114/><U41/><E53/><V94/><F43/><W63/><G72/><T44/><D121/><U48/><E120/><V83/><F130/><W117/><G117/><N who="0" m="45163" /><D109/><U54/><E41/><V135/><F135/><W65/><G122/><T90/><D19/><U132/><E132/><V59/><F128/><W56/><G123/><T84/><D96/><U98/><E4/><V5/><F5/><W14/><G24/><T124/><D104/><U16/><E2/><V64/><F62/><W51/><G36/><T99/><D99/><U27/><E80/><V22/><F25/><W8/><REACH who="3" step="1"/><G58/><REACH who="3" ten="215,253,363,159" step="2"/><T106/><D124/><U55/><E75/><V74/><F74/><W127/><G127/><T45/><D70/><U105/><E27/><V9/><F73/><W26/><G26/><T76/><D68/><U115/><E115/><V113/><F59/><W23/><G23/><N who="0" m="11695" /><D106/><U129/><E129/><V29/><F113/><W85/><G85/><T7/><D45/><AGARI ba="2,1" hai="8,14,18,40,45,51,56,63,65,82,86,89,93,95" machi="45" ten="40,8000,1" yaku="1,1,8,1,52,1,53,1" doraHai="10" doraHaiUra="12" who="3" fromWho="0" sc="215,-86,253,0,363,0,159,96" /><INIT seed="3,0,0,3,0,69" ten="129,253,363,255" oya="3" hai0="116,23,1,7,58,124,6,41,77,26,135,31,30" hai1="66,63,110,20,16,92,125,102,59,10,53,133,94" hai2="74,44,34,95,98,119,21,19,48,60,54,122,8" hai3="32,86,27,80,131,114,129,62,36,88,100,35,45"/><W104/><G114/><T24/><D77/><U39/><E133/><V84/><F119/><W130/><G62/><T113/><D41/><U49/><E125/><V73/><F34/><W76/><G27/><T50/><D50/><U99/><E110/><V22/><F122/><W29/><G29/><T123/><D58/><U91/><E10/><V87/><F74/><W51/><G36/><T112/><D123/><U3/><E3/><V68/><F73/><W117/><G117/><T12/><D116/><U38/><E94/><V120/><F120/><W9/><G9/><N who="0" m="2255" /><D135/><U72/><E102/><V17/><F8/><W81/><G100/><T28/><D124/><U67/><E72/><V71/><F71/><W11/><G11/><N who="0" m="4223" /><D113/><U97/><E97/><V128/><F60/><W101/><G101/><T75/><D75/><U118/><E67/><V64/><F64/><W40/><G104/><T132/><D132/><U126/><E126/><V82/><F68/><W13/><G13/><T79/><D79/><U127/><E118/><V37/><F84/><AGARI ba="0,0" hai="32,35,40,45,51,76,80,81,84,86,88,129,130,131" machi="84" ten="40,3900,0" yaku="19,1,54,1" doraHai="69" who="3" fromWho="2" sc="129,0,253,0,363,-39,255,39" /><INIT seed="3,1,0,4,4,115" ten="129,253,324,294" oya="3" hai0="45,66,74,27,65,78,88,46,96,90,100,29,123" hai1="31,70,52,73,12,19,56,83,61,102,21,134,68" hai2="48,77,10,84,101,16,17,20,80,42,120,129,72" hai3="118,39,43,86,28,44,92,76,127,26,94,121,18"/><W34/><G121/><T5/><D123/><U2/><E2/><V71/><F71/><W30/><G127/><T116/><D74/><U93/><E31/><V105/><F120/><W87/><G118/><T25/><D78/><U79/><E134/><V97/><F129/><W81/><G30/><T130/><D5/><U41/><E41/><V107/><F72/><W13/><REACH who="3" step="1"/><G86/><REACH who="3" ten="129,253,324,284" step="2"/><T55/><D29/><U40/><E40/><V33/><F33/><W24/><G24/><T51/><D130/><U14/><E14/><V23/><F84/><W85/><G85/><T103/><D96/><U35/><REACH who="1" step="1"/><E35/><REACH who="1" ten="129,243,324,284" step="2"/><V3/><F97/><AGARI ba="1,2" hai="12,19,21,52,56,61,68,70,73,79,83,93,97,102" machi="97" ten="40,5200,0" yaku="1,1,2,1,54,1,53,0" doraHai="115" doraHaiUra="47" who="1" fromWho="2" sc="129,0,243,75,324,-55,284,0" /><INIT seed="4,0,0,3,3,6" ten="129,318,269,284" oya="0" hai0="31,19,129,131,76,103,29,56,126,115,109,30,96" hai1="86,61,121,107,34,72,9,110,46,78,68,2,32" hai2="82,119,41,15,8,60,40,117,38,36,97,114,116" hai3="57,100,45,83,22,112,27,55,62,93,77,63,125"/><T73/><D73/><U89/><E110/><V105/><F114/><W4/><G125/><T84/><D109/><U64/><E107/><V124/><F124/><W3/><G112/><T120/><D120/><U5/><E121/><V37/><F82/><W13/><G45/><T66/><D115/><U104/><E104/><V108/><F108/><W95/><G3/><T123/><D123/><U35/><E46/><V0/><F0/><W122/><G63/><N who="0" m="38247" /><D126/><U102/><E102/><N who="2" m="62671" /><F60/><W65/><G122/><T59/><D59/><U18/><E18/><AGARI ba="0,0" hai="8,15,18,36,37,38,40,41,116,117,119" m="62671" machi="18" ten="40,2600,0" yaku="12,1,52,1" doraHai="6" who="2" fromWho="1" sc="129,0,318,-26,269,26,284,0" /><INIT seed="5,0,0,0,2,99" ten="129,292,295,284" oya="1" hai0="84,79,121,123,117,0,128,8,45,126,96,11,97" hai1="29,80,50,53,30,46,106,109,70,59,75,54,20" hai2="122,132,7,21,61,108,114,14,13,92,105,85,95" hai3="56,48,15,2,115,77,24,110,93,119,65,68,103"/><U64/><E106/><V83/><F122/><W62/><G2/><T28/><D117/><U39/><E109/><V66/><F108/><W101/><G115/><T107/><D28/><U38/><E38/><V102/><F132/><W116/><G77/><T112/><D112/><U10/><E10/><V6/><F114/><W127/><G110/><T19/><D126/><U104/><E104/><V135/><F135/><W31/><G15/><T3/><D128/><U23/><E80/><V86/><F105/><W94/><G127/><T32/><D32/><U9/><E9/><V1/><F1/><W26/><G48/><T12/><D107/><U43/><E54/><V51/><F51/><W73/><G73/><T63/><D63/><N who="1" m="40223" /><E75/><V82/><F21/><AGARI ba="0,0" hai="20,21,23,29,30,39,43,46,50,53,59" m="40223" machi="21" ten="30,1500,0" yaku="24,1" doraHai="99" who="1" fromWho="2" sc="129,0,292,15,295,-15,284,0" /><INIT seed="5,1,0,2,5,45" ten="129,307,280,284" oya="1" hai0="125,90,107,49,105,114,64,46,34,40,113,63,12" hai1="92,132,89,71,15,121,30,25,131,108,85,95,42" hai2="9,69,96,4,51,60,14,65,111,27,100,23,44" hai3="84,43,122,126,13,41,101,87,129,57,72,127,33"/><U115/><E71/><V8/><F111/><W86/><G72/><T116/><D116/><U31/><E121/><V133/><F133/><W98/><G33/><T135/><D34/><U103/><E132/><V91/><F9/><W21/><G122/><T102/><D135/><U124/><E108/><V81/><F81/><W106/><G129/><T11/><D125/><N who="3" m="47625" /><G57/><T29/><D29/><U99/><E131/><V7/><F7/><W104/><G104/><T54/><D102/><U16/><E115/><V83/><F83/><W78/><G78/><T2/><D2/><U1/><E1/><V52/><F91/><W37/><G37/><T19/><D40/><N who="3" m="15433" /><G13/><T70/><REACH who="0" step="1"/><D90/><REACH who="0" ten="119,307,280,284" step="2"/><U120/><E124/><V20/><F27/><W48/><G21/><T18/><D18/><U59/><E42/><V110/><F110/><W38/><G38/><T79/><D79/><U88/><E89/><V24/><F24/><W53/><G101/><T17/><D17/><U55/><E25/><V93/><AGARI ba="1,1" hai="4,8,14,20,23,44,51,52,60,65,69,93,96,100" machi="93" ten="20,5200,0" yaku="0,1,7,1,52,1,54,1" doraHai="45" who="2" fromWho="2" sc="119,-14,307,-27,280,65,284,-14" /><INIT seed="6,0,0,2,5,72" ten="105,280,345,270" oya="2" hai0="109,48,29,2,45,68,43,14,32,52,99,113,80" hai1="122,31,55,103,56,41,36,132,84,125,13,91,115" hai2="38,50,118,6,5,54,46,106,96,93,121,77,8" hai3="44,135,65,69,107,57,71,82,78,73,98,95,26"/><V126/><F118/><W40/><G107/><T74/><D109/><U17/><E31/><V35/><F121/><W89/><G135/><T53/><D2/><U0/><E0/><V22/><F35/><W83/><G26/><T102/><D68/><U42/><E103/><V67/><F126/><W79/><G65/><T101/><D113/><U123/><E132/><V124/><F124/><W47/><G57/><T128/><D128/><U37/><E125/><V33/><F33/><W117/><G117/><T66/><D66/><U11/><E115/><V21/><F106/><W20/><G20/><T110/><D110/><U92/><E41/><V85/><F67/><W34/><G34/><T16/><D29/><U120/><REACH who="1" step="1"/><E42/><REACH who="1" ten="105,270,345,270" step="2"/><V49/><F38/><W60/><G60/><AGARI ba="0,1" hai="11,13,17,36,37,55,56,60,84,91,92,120,122,123" machi="60" ten="40,8000,1" yaku="1,1,2,1,13,1,53,1" doraHai="72" doraHaiUra="15" who="1" fromWho="3" sc="105,0,270,90,345,0,270,-80" /><INIT seed="7,0,0,1,3,76" ten="105,360,345,190" oya="3" hai0="31,97,62,92,37,44,1,55,42,81,64,133,85" hai1="36,113,0,19,78,48,15,56,75,105,24,52,120" hai2="26,111,5,13,9,10,65,130,38,53,22,89,134" hai3="83,30,28,88,123,82,39,129,71,74,4,84,122"/><W33/><G71/><T45/><D133/><U20/><E105/><V115/><F134/><W66/><G39/><T60/><D1/><U80/><E36/><V29/><F111/><W63/><G33/><T100/><D31/><U109/><E109/><V34/><F38/><W8/><G129/><T117/><D117/><U104/><E104/><V32/><F65/><W46/><G46/><T112/><D112/><U51/><E113/><V21/><F89/><W7/><G4/><T132/><D132/><U118/><E0/><N who="2" m="167" /><F53/><W57/><G30/><T110/><D110/><U90/><E120/><V107/><F107/><W2/><REACH who="3" step="1"/><G28/><REACH who="3" ten="105,360,345,180" step="2"/><T99/><D99/><U58/><E118/><V70/><F130/><W116/><G116/><T102/><D102/><U114/><E114/><V87/><F70/><W54/><G54/><T41/><D55/><U73/><E58/><V61/><F34/><W125/><G125/><T91/><REACH who="0" step="1"/><D64/><REACH who="0" ten="95,360,345,180" step="2"/><U16/><E56/><V128/><F115/><W23/><G23/><T77/><D77/><AGARI ba="0,2" hai="2,7,8,57,63,66,74,77,82,83,84,88,122,123" machi="77" ten="40,12000,1" yaku="1,1,52,2,54,1,53,0" doraHai="76" doraHaiUra="96" who="3" fromWho="0" sc="95,-120,360,0,345,0,180,140" owari="-25,-53.0,360,46.0,345,15.0,320,-8.0" /></mjloggm>