<mjloggm ver="2.3"><GO type="41" lobby="0"/><UN n0="%E9%BB%99%E3%82%8C%E3%83%8F%E3%82%B2" n1="%79%61%73%75%31%38" n2="%E5%B0%B1%E6%B4%BB%E7%94%9F%40%E5%B7%9D%E6%9D%91%E8%BB%8D%E5%9B%A3" n3="%E9%80%A2%E5%9D%82%E5%A4%A7%E6%B2%B3%21" dan="13,14,15,13" rate="1837.09,1948.99,1958.99,1916.35" sx="M,M,M,M"/><TAIKYOKU oya="0"/><INIT seed="0,0,0,1,3,118" ten="250,250,250,250" oya="0" hai0="9,35,82,14,97,92,38,22,86,69,41,59,80" hai1="19,5,129,85,40,48,0,68,26,45,44,125,8" hai2="36,57,87,128,133,132,31,124,88,103,112,115,95" hai3="13,37,126,131,110,121,114,107,73,52,55,56,34"/><T32/><D69/><U15/><E125/><V10/><F36/><W84/><RYUUKYOKU type="yao9" ba="0,0" sc="250,0,250,0,250,0,250,0" hai3="13,34,37,52,55,56,73,84,107,110,114,121,126,131" /><INIT seed="0,1,0,1,4,74" ten="250,250,250,250" oya="0" hai0="105,89,30,5,81,37,91,69,115,48,42,53,2" hai1="76,129,113,117,103,13,45,61,65,96,6,58,90" hai2="107,11,77,116,36,12,114,118,86,23,109,124,49" hai3="112,130,120,41,97,34,94,39,35,134,19,106,82"/><T63/><D115/><U22/><E113/><V98/><F36/><W133/><G112/><T132/><D105/><U26/><E129/><V99/><F114/><W110/><G130/><T46/><D132/><N who="3" m="50793" /><G106/><T9/><D30/><U127/><E117/><N who="2" m="45163" /><F124/><W84/><G120/><T119/><D119/><U57/><E127/><V104/><F109/><W128/><G128/><T126/><D126/><U40/><E90/><V78/><F23/><W31/><G110/><T4/><D4/><U135/><E135/><V38/><F38/><W33/><G19/><T29/><D29/><U7/><E13/><V73/><F73/><W71/><G71/><T32/><D32/><U70/><E58/><V83/><F104/><W64/><G64/><T56/><D81/><U52/><E45/><V27/><F27/><N who="3" m="18687" /><G41/><T20/><REACH who="0" step="1"/><D20/><REACH who="0" ten="240,250,250,250" step="2"/><U15/><E6/><N who="2" m="3191" /><F107/><W44/><G35/><T8/><D8/><U59/><E7/><V18/><F18/><W131/><G34/><T1/><D1/><U79/><E15/><V66/><F66/><AGARI ba="1,1" hai="2,5,9,37,42,46,48,53,56,63,66,69,89,91" machi="66" ten="40,7700,0" yaku="1,1,24,2,53,0" doraHai="74" doraHaiUra="123" who="0" fromWho="2" sc="240,90,250,0,250,-80,250,0" /><INIT seed="0,2,0,0,3,8" ten="330,250,170,250" oya="0" hai0="27,103,114,41,32,37,107,105,91,78,92,88,36" hai1="128,72,83,96,133,74,86,130,101,106,102,19,52" hai2="56,85,0,127,87,76,118,93,112,13,39,80,59" hai3="135,77,2,53,115,64,123,116,60,22,48,120,90"/><T46/><D114/><U51/><E102/><V14/><F0/><W4/><G2/><T95/><D78/><U70/><E70/><V117/><F39/><W67/><G4/><T44/><D32/><U119/><E119/><N who="2" m="45579" /><F127/><W122/><G116/><T1/><D1/><U82/><E133/><V131/><F131/><N who="1" m="50217" /><E19/><V73/><F112/><W58/><G77/><T110/><D27/><U50/><E50/><V54/><F59/><N who="3" m="33191" /><G90/><T61/><D61/><U3/><E3/><V49/><F73/><N who="1" m="28265" /><E86/><V104/><F104/><W57/><G22/><T7/><D7/><U66/><E66/><N who="3" m="25130" /><G115/><T113/><D113/><U43/><E43/><V134/><F134/><W20/><G20/><T84/><D103/><U81/><E81/><N who="2" m="47271" /><F93/><W40/><G40/><T111/><D41/><U69/><E69/><V18/><F18/><W132/><G58/><AGARI ba="2,0" hai="51,52,58,82,83,96,101,106" m="28265,50217" machi="58" ten="30,2000,0" yaku="19,1,54,1" doraHai="8" who="1" fromWho="3" sc="330,0,250,26,170,0,250,-26" /><INIT seed="1,0,0,5,0,78" ten="330,276,170,224" oya="1" hai0="65,84,17,117,113,88,14,30,19,81,119,103,47" hai1="32,49,7,111,31,73,27,64,135,2,46,102,24" hai2="8,6,5,43,75,124,127,109,15,128,3,92,23" hai3="89,86,52,74,68,91,39,96,105,130,40,82,115"/><U129/><E73/><V58/><F75/><W134/><G115/><T55/><D113/><U38/><E38/><V12/><F43/><W90/><G68/><T114/><D114/><U83/><E135/><V13/><F13/><W120/><BYE who="2" /><G39/><T37/><D65/><U71/><E102/><UN n2="%E5%B0%B1%E6%B4%BB%E7%94%9F%40%E5%B7%9D%E6%9D%91%E8%BB%8D%E5%9B%A3" /><V80/><F92/><N who="3" m="56335" /><G40/><T4/><D103/><U62/><E129/><V53/><F109/><W67/><G67/><T106/><D30/><U61/><E111/><V77/><F128/><W104/><G130/><T0/><D106/><N who="3" m="41065" /><G52/><T99/><D0/><U112/><E61/><V126/><F23/><W16/><G16/><T44/><D4/><U116/><E112/><V35/><F35/><W87/><G120/><T94/><D37/><U41/><E27/><V36/><F36/><W63/><G63/><T122/><D122/><U93/><E93/><V45/><F45/><W33/><G33/><T132/><D132/><U10/><REACH who="1" step="1"/><E116/><REACH who="1" ten="330,266,170,224" step="2"/><V21/><F6/><W59/><G59/><T18/><D119/><U20/><E20/><V22/><F21/><W25/><G134/><T107/><D117/><U29/><E29/><V133/><F22/><W9/><G25/><T56/><D107/><U100/><E100/><V85/><REACH who="2" step="1"/><F133/><REACH who="2" ten="330,266,160,224" step="2"/><W110/><G110/><T70/><D47/><U101/><E101/><V125/><N who="2" m="32256" /><DORA hai="28" /><V60/><AGARI ba="0,2" hai="3,5,8,12,15,53,58,60,77,80,85" m="32256" machi="60" ten="60,12000,2" yaku="1,1,4,1,0,1,18,1,52,1,53,2" doraHai="78,28" doraHaiUra="76,48" who="2" fromWho="2" sc="330,-30,266,-60,160,140,224,-30" /><INIT seed="2,0,0,4,3,56" ten="300,206,300,194" oya="2" hai0="42,2,48,54,59,82,15,30,36,35,13,80,101" hai1="115,71,103,123,76,12,96,25,19,61,113,131,17" hai2="83,111,57,78,24,84,75,69,40,63,47,97,122" hai3="0,68,37,119,128,89,129,28,67,65,74,95,109"/><V132/><F122/><W127/><G0/><T130/><D2/><U117/><E123/><V118/><F69/><W135/><G74/><T34/><D130/><N who="3" m="50281" /><G119/><T23/><D101/><U87/><E131/><V85/><F118/><W58/><G37/><T102/><D102/><U6/><E117/><V9/><F132/><W20/><G135/><T7/><D36/><U33/><E6/><V38/><F111/><W32/><G32/><T134/><D42/><U66/><E87/><V93/><F9/><W73/><G73/><T99/><D134/><U90/><E90/><V4/><F4/><W45/><G68/><T49/><D99/><U125/><E76/><V62/><F24/><N who="3" m="16391" /><G109/><T29/><D7/><U22/><E125/><V43/><F43/><W86/><G127/><T124/><D23/><U104/><REACH who="1" step="1"/><E17/><REACH who="1" ten="300,196,300,194" step="2"/><V1/><F84/><W60/><G45/><T114/><D124/><U14/><E14/><V81/><F1/><W120/><G120/><T92/><D114/><U106/><E106/><V44/><F44/><W31/><G31/><AGARI ba="0,1" hai="12,19,22,25,31,33,61,66,71,96,103,104,113,115" machi="31" ten="40,8000,1" yaku="1,1,25,2,52,1,53,1" doraHai="56" doraHaiUra="16" who="1" fromWho="3" sc="300,0,196,90,300,0,194,-80" /><INIT seed="3,0,0,0,5,87" ten="300,286,300,114" oya="3" hai0="5,13,31,102,91,36,109,26,54,34,105,104,94" hai1="10,25,65,27,90,125,134,117,63,6,9,21,78" hai2="128,70,95,45,99,118,49,7,81,29,93,33,30" hai3="43,60,80,130,113,121,86,35,14,114,89,131,51"/><W112/><G35/><T120/><D120/><U119/><E125/><V56/><F70/><W135/><G121/><T123/><D36/><U11/><E134/><V69/><F69/><W32/><G32/><T64/><D123/><U116/><E78/><V57/><F33/><W8/><G60/><T3/><D109/><U82/><E6/><V22/><F118/><W38/><G38/><T12/><D64/><U100/><E100/><V127/><F127/><W101/><G101/><T58/><D102/><U103/><E103/><V67/><F7/><W111/><G111/><T62/><D3/><U73/><E73/><V4/><F4/><W84/><G84/><T76/><D76/><U41/><E41/><V68/><F68/><W97/><G97/><T28/><D28/><U52/><E21/><V16/><F81/><W47/><REACH who="3" step="1"/><G135/><REACH who="3" ten="300,286,300,104" step="2"/><T77/><D105/><U106/><E106/><V88/><F128/><W126/><G126/><T71/><D104/><U15/><E65/><V83/><F83/><W46/><G46/><T66/><D77/><U1/><E1/><V48/><F95/><W24/><G24/><T19/><D71/><U50/><E63/><N who="2" m="38375" /><F57/><W92/><G92/><T124/><D124/><U133/><E15/><N who="2" m="9503" /><F48/><W107/><G107/><T132/><D132/><U42/><E133/><V98/><F98/><W75/><G75/><T53/><D5/><AGARI ba="0,1" hai="5,8,14,43,47,51,80,86,89,112,113,114,130,131" machi="5" ten="40,7700,0" yaku="1,1,52,1,53,1" doraHai="87" doraHaiUra="39" who="3" fromWho="0" sc="300,-77,286,0,300,0,104,87" /><INIT seed="3,1,0,5,0,54" ten="223,286,300,191" oya="3" hai0="98,94,86,117,127,34,128,100,126,17,6,15,20" hai1="106,65,109,25,73,22,83,69,13,129,55,101,12" hai2="19,110,56,60,111,107,59,32,58,74,91,88,132" hai3="90,102,50,61,108,14,63,41,82,16,75,4,7"/><W5/><G108/><N who="2" m="41513" /><F132/><W89/><G102/><T64/><D117/><U40/><E106/><V49/><F32/><W116/><G116/><T51/><D34/><U30/><E101/><V115/><F115/><W52/><G41/><T26/><D128/><U71/><E129/><V113/><F113/><W10/><G75/><T45/><D64/><U46/><E109/><V125/><F125/><W135/><G135/><T27/><D86/><U43/><E43/><V53/><F107/><W85/><G90/><N who="2" m="34345" /><F74/><W2/><G2/><T68/><D68/><U130/><E130/><V33/><F33/><W62/><G5/><T77/><D77/><U9/><E65/><N who="2" m="39047" /><F19/><W72/><G72/><T87/><D87/><U134/><E134/><V0/><F0/><W36/><G36/><T114/><D114/><U67/><E73/><V104/><F104/><W133/><G133/><T29/><D6/><U47/><E30/><V70/><F70/><W120/><G120/><T1/><D1/><U37/><E69/><V121/><F121/><W78/><G78/><T131/><D131/><U93/><E71/><V66/><F66/><W79/><G79/><T35/><REACH who="0" step="1"/><D26/><REACH who="0" ten="213,286,300,191" step="2"/><U84/><E25/><V95/><F95/><W42/><G42/><AGARI ba="1,1" hai="15,17,20,27,29,35,42,45,51,94,98,100,126,127" machi="42" ten="40,2600,0" yaku="1,1,2,1,53,0" doraHai="54" doraHaiUra="112" who="0" fromWho="3" sc="213,39,286,0,300,0,191,-29" /><INIT seed="4,0,0,3,1,79" ten="252,286,300,162" oya="0" hai0="109,9,18,19,133,3,98,76,8,103,56,97,0" hai1="10,82,6,87,23,118,47,36,46,2,128,113,91" hai2="86,72,50,111,108,40,100,22,26,81,32,49,61" hai3="131,114,69,45,120,55,68,107,80,73,78,51,64"/><T106/><D133/><U94/><E118/><V95/><F32/><W93/><G107/><T88/><D76/><U101/><E128/><V31/><F72/><W63/><G114/><T60/><D109/><U74/><E36/><V77/><F61/><W89/><G131/><T75/><D75/><U90/><E101/><V30/><F30/><W123/><REACH who="3" step="1"/><G69/><REACH who="3" ten="252,286,300,152" step="2"/><T16/><D0/><U127/><E113/><V124/><F108/><W62/><G62/><T99/><D3/><U15/><E127/><V24/><F111/><W12/><G12/><T117/><D117/><U105/><E105/><V135/><F124/><W54/><G54/><N who="0" m="33815" /><D106/><U126/><E126/><V104/><F104/><W102/><G102/><T96/><D103/><U132/><E132/><V4/><F135/><W7/><G7/><T44/><D44/><U85/><E74/><V25/><F4/><W116/><G116/><T130/><D130/><U122/><E122/><V14/><F40/><W1/><G1/><T53/><D53/><U70/><E70/><V84/><F31/><W121/><G121/><T29/><D29/><U37/><E37/><V43/><F43/><W66/><G66/><T92/><AGARI ba="0,1" hai="8,9,16,18,19,88,92,96,97,98,99" m="33815" machi="92" ten="40,7800,0" yaku="8,1,54,2" doraHai="79" who="0" fromWho="0" sc="252,88,286,-26,300,-26,152,-26" /><INIT seed="4,1,0,3,3,58" ten="340,260,274,126" oya="0" hai0="120,125,85,30,70,97,88,2,62,78,27,31,24" hai1="10,71,55,77,134,36,0,101,48,107,68,121,103" hai2="74,53,135,112,35,20,127,93,75,16,119,115,19" hai3="72,66,69,1,64,126,94,116,124,76,4,129,80"/><T56/><D120/><U83/><E36/><V8/><F35/><W90/><G116/><T12/><D70/><U45/><E121/><V32/><F32/><W128/><G4/><T132/><D2/><U18/><E134/><V6/><F119/><W86/><G1/><T42/><D132/><U21/><E103/><V106/><F106/><W92/><G92/><N who="0" m="56455" /><D125/><U84/><E101/><V49/><F135/><W82/><G82/><N who="0" m="47319" /><D42/><U96/><E96/><V105/><F93/><W41/><G41/><T28/><D12/><U37/><E107/><V25/><F105/><W131/><REACH who="3" step="1"/><G69/><REACH who="3" ten="340,260,274,116" step="2"/><T9/><D9/><U61/><E71/><V98/><F8/><W91/><G91/><T57/><D57/><U14/><E68/><V34/><F127/><AGARI ba="1,1" hai="64,66,72,76,80,86,90,94,124,126,127,128,129,131" machi="127" ten="50,6400,0" yaku="1,1,18,1,19,1,53,0" doraHai="58" doraHaiUra="100" who="3" fromWho="2" sc="340,0,260,0,274,-67,116,77" /><INIT seed="5,0,0,2,2,71" ten="340,260,207,193" oya="1" hai0="110,34,104,45,19,24,46,26,36,85,54,51,65" hai1="67,107,115,13,74,116,38,96,56,50,28,73,68" hai2="112,63,100,47,88,90,35,91,1,75,135,103,99" hai3="127,5,37,122,123,105,129,58,102,59,98,69,2"/><U76/><E116/><V39/><F35/><W27/><G69/><T25/><D110/><U6/><E68/><V64/><F1/><W9/><G127/><T30/><D104/><U23/><E38/><V82/><F135/><W14/><G129/><T53/><D65/><U49/><E49/><V52/><F112/><W8/><G27/><T33/><D85/><U41/><E115/><V81/><F75/><W62/><G37/><T119/><D119/><U32/><E32/><V134/><F134/><W17/><REACH who="3" step="1"/><G59/><REACH who="3" ten="340,260,207,183" step="2"/><T83/><D36/><U66/><E56/><N who="2" m="36967" /><F39/><W111/><G111/><T44/><D30/><U113/><E28/><V95/><F103/><W16/><G16/><T120/><D19/><U97/><E6/><V124/><F124/><W4/><G4/><T10/><D33/><U121/><E113/><V132/><F132/><W0/><G0/><T60/><D34/><U133/><E133/><V29/><F29/><W118/><G118/><T93/><D25/><U130/><E13/><V61/><F61/><W7/><G7/><T131/><D60/><U86/><E130/><V22/><F22/><W128/><G128/><T21/><D26/><U11/><E23/><V94/><F94/><W106/><G106/><T20/><D93/><U84/><E107/><V117/><F117/><W80/><G80/><T101/><D83/><U114/><E114/><V125/><F125/><W15/><G15/><T92/><D24/><U126/><E126/><V18/><F18/><W40/><G40/><T72/><D20/><U70/><E70/><V43/><F43/><W55/><AGARI ba="0,1" hai="2,5,8,9,14,17,55,58,62,98,102,105,122,123" machi="55" ten="20,5200,0" yaku="1,1,5,1,0,1,7,1,53,0" doraHai="71" doraHaiUra="87" who="3" fromWho="3" sc="340,-13,260,-26,207,-13,183,62" /><INIT seed="6,0,0,4,5,107" ten="327,234,194,245" oya="2" hai0="8,115,20,49,90,47,117,101,48,12,64,51,52" hai1="74,26,60,15,113,83,3,89,61,71,17,32,50" hai2="121,104,88,120,22,73,13,57,33,36,27,103,0" hai3="131,38,54,114,99,124,44,4,110,108,53,37,56"/><V87/><F36/><N who="3" m="13931" /><G99/><T127/><D115/><U66/><E3/><V28/><F0/><W126/><G4/><T96/><D127/><N who="3" m="48681" /><G131/><T62/><D117/><U86/><E74/><V31/><F73/><W112/><G44/><T80/><D20/><U69/><E113/><N who="3" m="43626" /><G56/><T134/><D134/><U18/><E50/><V98/><F57/><W55/><AGARI ba="0,0" hai="53,54,55,108,110" m="43626,48681,13931" machi="55" ten="40,12000,2" yaku="28,2,18,1,15,1,11,1,34,2" doraHai="107" who="3" fromWho="3" sc="327,-30,234,-30,194,-60,245,120" /><INIT seed="7,0,0,5,0,83" ten="297,204,134,365" oya="3" hai0="61,107,80,87,96,72,33,105,125,133,85,38,84" hai1="32,112,0,48,106,27,56,12,43,22,1,98,120" hai2="69,54,40,129,132,88,25,76,39,108,21,26,127" hai3="44,34,128,18,86,118,29,116,6,28,135,75,15"/><W13/><G75/><T82/><D33/><U60/><E112/><V51/><F108/><W93/><G44/><T68/><D38/><U79/><E120/><V131/><F69/><W16/><G93/><T20/><D68/><U110/><E110/><V100/><F76/><W55/><G55/><T111/><D61/><U70/><E79/><V124/><F100/><W92/><G92/><T115/><D20/><U81/><E81/><N who="0" m="31337" /><D111/><U57/><E57/><V130/><F40/><W49/><G49/><T109/><D109/><U58/><E58/><N who="2" m="33119" /><F39/><W53/><G53/><T64/><D64/><U122/><E122/><V126/><F21/><W62/><G62/><T103/><D125/><N who="2" m="32002" /><V17/><DORA hai="99" /><F17/><W94/><G34/><T113/><D133/><U90/><E90/><V117/><F117/><W45/><G135/><T36/><D36/><U50/><E56/><V66/><F66/><W19/><G19/><T5/><D5/><U95/><E22/><V46/><F46/><W102/><G16/><T71/><D71/><U9/><E32/><V35/><F35/><W37/><G18/><T42/><D42/><U11/><E43/><V89/><F132/><W2/><G6/><T134/><D134/><U123/><E70/><V4/><F4/><W73/><G37/><T77/><D77/><U3/><E123/><V97/><F97/><W74/><G116/><T30/><D30/><U104/><E98/><V52/><F52/><W10/><G29/><T8/><D8/><U31/><E31/><V78/><F78/><W47/><G28/><T41/><D41/><U14/><E9/><RYUUKYOKU ba="0,0" sc="297,-10,204,-10,134,30,365,-10" hai2="25,26,88,89,129,130,131" owari="287,9.0,194,-21.0,164,-34.0,355,46.0" /></mjloggm>