<mjloggm ver="2.3"><GO type="97" lobby="0"/><UN n0="%E3%83%88%E3%83%88%E3%83%AA%E5%85%88%E7%94%9F%31%39%E6%AD%B3" n1="%35%39%33%30%39" n2="%41%36%4D%35" n3="%68%61%6E%61%6E%61" dan="14,15,14,14" rate="2029.38,1945.35,1877.57,1966.10" sx="F,M,M,M"/><TAIKYOKU oya="0"/><INIT seed="0,0,0,1,3,79" ten="250,250,250,250" oya="0" hai0="122,112,118,15,65,48,57,13,59,28,84,17,123" hai1="39,32,25,50,21,1,85,54,101,58,20,27,126" hai2="36,92,68,131,51,52,37,56,30,104,135,109,9" hai3="74,60,113,106,40,19,16,35,62,14,43,5,6"/><T2/><D112/><U107/><E39/><V73/><F73/><W81/><G113/><T98/><D118/><U18/><E32/><V129/><F104/><W75/><G106/><T117/><D117/><U89/><E1/><V130/><F68/><W116/><G116/><T95/><D2/><U133/><E133/><V99/><F135/><W86/><G35/><T119/><D119/><U29/><E107/><V77/><F77/><W33/><G33/><T102/><D28/><U63/><E101/><V71/><F71/><W121/><G121/><T0/><D0/><U69/><E69/><V91/><F30/><W11/><G86/><T38/><D38/><U34/><E34/><V8/><F109/><W53/><G53/><T83/><D15/><U55/><E126/><V31/><F31/><W100/><G100/><T23/><D48/><U66/><REACH who="1" step="1"/><E50/><REACH who="1" ten="250,240,250,250" step="2"/><V93/><F37/><W72/><G14/><T49/><D49/><U80/><AGARI ba="0,1" hai="18,20,21,25,27,29,54,55,58,63,66,80,85,89" machi="80" ten="20,12000,2" yaku="1,1,2,1,0,1,7,1,8,1,52,1,53,0" doraHai="79" doraHaiUra="97" who="1" fromWho="1" sc="250,-60,240,130,250,-30,250,-30" /><INIT seed="1,0,0,2,3,84" ten="190,370,220,220" oya="1" hai0="80,121,114,58,43,129,79,27,13,75,1,83,82" hai1="7,64,128,88,108,67,124,133,70,78,107,25,17" hai2="65,42,89,3,135,33,125,95,52,30,48,101,131" hai3="8,2,31,126,66,111,6,127,73,40,91,5,117"/><U100/><E133/><V62/><F125/><N who="3" m="47627" /><G73/><T15/><D114/><U54/><E128/><V28/><F135/><W36/><G66/><T134/><D1/><U23/><E70/><V132/><F131/><W60/><G60/><T44/><D134/><U110/><E7/><V81/><F132/><W59/><G59/><T69/><D129/><U49/><E78/><V99/><F3/><W50/><G36/><T93/><D69/><U96/><E88/><V47/><F33/><W21/><G50/><N who="0" m="26911" /><D75/><U55/><E55/><V45/><F81/><W105/><G40/><T14/><D121/><U123/><E124/><V71/><F101/><W118/><G91/><T4/><D79/><U38/><E38/><AGARI ba="0,0" hai="28,30,38,42,45,47,48,52,62,65,71,89,95,99" machi="38" ten="30,3900,0" yaku="7,1,52,1,54,1" doraHai="84" who="2" fromWho="1" sc="190,0,370,-39,220,39,220,0" /><INIT seed="2,0,0,3,2,8" ten="190,331,259,220" oya="2" hai0="71,2,115,132,27,101,131,82,61,100,120,48,93" hai1="35,122,69,58,102,87,96,110,66,32,44,14,16" hai2="15,33,130,37,45,60,29,119,72,109,59,40,7" hai3="95,98,50,18,107,13,125,26,86,123,4,54,43"/><V103/><F119/><W91/><G123/><T28/><D115/><U24/><E110/><V89/><F72/><W41/><G125/><T64/><D120/><U57/><E24/><V53/><F109/><W63/><G107/><T36/><D2/><U31/><E31/><V6/><F130/><W38/><G38/><T106/><D36/><U78/><E35/><V126/><F126/><W124/><G124/><T34/><D131/><U51/><E32/><V70/><F103/><W19/><G63/><T67/><D132/><U65/><E69/><V108/><F108/><W73/><G73/><T74/><D67/><N who="1" m="25611" /><E96/><V105/><F70/><W23/><G98/><N who="0" m="61751" /><D100/><U118/><E102/><V77/><F105/><W97/><G97/><T42/><D93/><U134/><E118/><V55/><F77/><W0/><G4/><T62/><D62/><U46/><E134/><V17/><F55/><W111/><G0/><T113/><D113/><U20/><E122/><V121/><F121/><W25/><G111/><T114/><D114/><U76/><E76/><V127/><F127/><W90/><G90/><T128/><D128/><U75/><E75/><V21/><REACH who="2" step="1"/><F89/><REACH who="2" ten="190,331,249,220" step="2"/><W52/><G54/><T117/><D117/><U83/><E58/><V1/><F1/><W84/><G84/><T81/><D74/><U39/><E39/><V112/><F112/><W12/><G43/><T10/><D42/><U116/><E116/><V5/><F5/><W129/><G41/><T104/><D104/><U88/><E88/><V56/><F56/><N who="3" m="32791" /><G129/><T9/><D48/><U22/><E57/><V80/><F80/><AGARI ba="0,1" hai="9,10,27,28,34,61,64,71,80,81,82" m="61751" machi="80" ten="30,2000,0" yaku="6,1,25,1" doraHai="8" who="0" fromWho="2" sc="190,30,331,0,249,-20,220,0" /><INIT seed="3,0,0,4,3,98" ten="220,331,229,220" oya="3" hai0="19,124,130,70,54,120,112,17,1,87,61,105,92" hai1="7,101,116,23,118,90,13,43,28,22,72,24,52" hai2="38,126,11,133,6,123,33,100,67,135,110,60,66" hai3="36,103,131,128,4,69,2,106,39,125,107,45,59"/><W21/><G69/><T46/><D120/><U81/><E43/><V134/><F110/><W119/><G119/><N who="1" m="45610" /><E101/><V122/><F126/><W44/><G125/><T55/><D124/><U62/><E13/><N who="2" m="5367" /><F33/><W80/><G80/><T64/><D1/><U89/><E22/><V20/><F38/><N who="3" m="14379" /><G21/><T78/><D105/><N who="3" m="39945" /><G59/><T5/><D5/><U3/><E3/><V83/><F83/><W113/><G4/><T86/><D70/><U30/><E30/><V26/><F100/><W82/><G82/><T129/><D17/><U41/><E41/><V51/><F51/><W63/><G2/><T99/><D19/><U58/><E7/><V115/><F115/><W132/><G103/><N who="0" m="60903" /><D112/><U65/><E65/><N who="2" m="24587" /><F60/><W35/><G35/><T31/><D31/><AGARI ba="0,0" hai="20,26,31,122,123,133,134,135" m="24587,5367" machi="31" ten="40,1300,0" yaku="20,1" doraHai="98" who="2" fromWho="0" sc="220,-13,331,0,229,13,220,0" owari="207,-29.0,331,43.0,242,4.0,220,-18.0" /></mjloggm>