<mjloggm ver="2.3"><GO type="41" lobby="0"/><UN n0="%73%74%6F%6E%65%30%30%30" n1="%EF%BC%9D%E9%B7%BA%E6%A3%AE%E7%81%BC%EF%BC%9D" n2="%E5%B0%B1%E6%B4%BB%E7%94%9F%40%E5%B7%9D%E6%9D%91%E8%BB%8D%E5%9B%A3" n3="%E3%82%84%E3%82%93%E3%82%84%36" dan="13,14,14,13" rate="1871.09,1934.81,1921.35,1894.23" sx="M,F,M,M"/><TAIKYOKU oya="0"/><INIT seed="0,0,0,5,1,49" ten="250,250,250,250" oya="0" hai0="115,60,86,33,58,99,81,25,101,0,5,16,59" hai1="85,109,31,79,80,8,89,52,13,128,84,4,19" hai2="35,51,15,28,127,29,32,10,119,66,18,122,107" hai3="30,73,1,24,54,108,46,27,106,26,63,40,57"/><T68/><D115/><U126/><E109/><V37/><F37/><W71/><G106/><T131/><D131/><U110/><E110/><V7/><F107/><W124/><G73/><T120/><D120/><U2/><E128/><V91/><F66/><W97/><G1/><T88/><D68/><U100/><E126/><V114/><F91/><W121/><G124/><T132/><D132/><U123/><E123/><V102/><F102/><W45/><G121/><T103/><D0/><U90/><E100/><V14/><F51/><W95/><G108/><T17/><D5/><U23/><E31/><N who="2" m="11851" /><F122/><W34/><G46/><T65/><D33/><N who="2" m="12874" /><F127/><W44/><G44/><T67/><D25/><U76/><REACH who="1" step="1"/><E52/><REACH who="1" ten="250,240,250,250" step="2"/><V12/><F114/><W116/><G116/><T87/><D103/><U134/><E134/><V42/><F42/><W3/><G34/><T36/><D101/><U39/><E39/><V113/><F113/><W22/><G3/><T56/><D36/><U74/><E74/><V21/><F119/><W50/><REACH who="3" step="1"/><G71/><REACH who="3" ten="250,240,250,240" step="2"/><T133/><D133/><U135/><E135/><V47/><F47/><W9/><G9/><T61/><D67/><U48/><E48/><V94/><F94/><AGARI ba="0,2" hai="2,4,8,13,19,23,76,79,80,84,85,89,90,94" machi="94" ten="30,3900,0" yaku="1,1,7,1,53,1" doraHai="49" doraHaiUra="77" who="1" fromWho="2" sc="250,0,240,59,250,-39,240,0" /><INIT seed="1,0,0,4,4,134" ten="250,299,211,240" oya="1" hai0="42,27,79,10,57,128,39,107,51,97,85,91,101" hai1="106,100,5,102,80,38,111,118,4,125,40,6,59" hai2="68,25,33,70,130,84,36,112,52,121,50,34,14" hai3="54,135,18,53,20,12,71,44,76,56,98,93,95"/><U116/><E125/><V48/><F121/><W87/><G71/><T127/><D127/><U77/><E111/><V109/><F36/><W94/><G135/><T131/><D39/><U92/><E106/><V21/><F109/><W63/><G76/><T119/><D119/><U61/><E38/><V104/><F104/><W113/><G113/><T32/><D10/><U0/><E40/><V74/><F74/><W72/><G72/><T16/><D79/><U99/><E102/><V103/><F112/><W58/><G44/><T30/><D16/><U110/><E110/><V129/><F103/><W41/><G41/><T45/><REACH who="0" step="1"/><D57/><REACH who="0" ten="240,299,211,240" step="2"/><U122/><E122/><V31/><F68/><W89/><REACH who="3" step="1"/><G98/><REACH who="3" ten="240,299,211,230" step="2"/><T66/><D66/><U120/><E120/><V83/><F70/><W90/><G90/><T2/><D2/><U62/><E0/><V17/><F129/><W132/><G132/><T1/><D1/><U81/><E118/><V88/><F130/><W47/><G47/><T117/><D117/><U115/><E116/><V37/><F37/><W23/><G23/><T64/><D64/><U11/><E115/><V67/><F67/><W86/><G86/><T114/><D114/><U55/><E11/><V43/><F33/><W19/><G19/><T108/><D108/><U78/><E78/><V73/><F73/><W60/><AGARI ba="0,2" hai="12,18,20,53,54,56,58,60,63,87,89,93,94,95" machi="60" ten="20,8000,1" yaku="1,1,0,1,7,1,9,1,8,1,53,0" doraHai="134" doraHaiUra="126" who="3" fromWho="3" sc="240,-20,299,-40,211,-20,230,100" /><INIT seed="2,0,0,1,4,108" ten="220,259,191,330" oya="2" hai0="54,122,105,36,129,11,13,133,15,33,37,81,19" hai1="5,103,83,3,38,106,25,43,130,131,80,26,65" hai2="125,75,113,132,1,120,100,41,107,68,39,12,30" hai3="7,34,2,116,40,91,88,118,101,126,69,95,71"/><V62/><RYUUKYOKU type="yao9" ba="0,0" sc="220,0,259,0,191,0,330,0" hai2="1,12,30,39,41,62,68,75,100,107,113,120,125,132" /><INIT seed="2,1,0,2,0,37" ten="220,259,191,330" oya="2" hai0="117,52,33,116,72,99,55,12,21,125,104,14,27" hai1="38,71,23,135,0,31,121,114,127,15,105,122,86" hai2="94,74,75,85,6,112,68,113,84,3,107,29,70" hai3="77,100,108,106,96,28,47,93,103,111,34,79,118"/><V43/><F107/><W36/><G118/><N who="0" m="45675" /><D72/><U5/><E105/><V83/><F29/><W56/><G106/><T126/><D104/><U60/><E38/><V39/><F94/><W102/><G28/><N who="0" m="17519" /><D99/><U49/><E49/><V67/><F67/><W53/><G34/><T57/><D33/><U90/><E60/><V24/><F24/><W62/><G79/><T1/><D1/><U11/><E71/><V18/><F18/><W32/><G77/><T61/><D55/><U30/><E114/><V2/><F83/><W119/><G32/><T63/><D63/><U48/><E127/><AGARI ba="1,0" hai="12,14,52,57,61,125,126,127" m="17519,45675" machi="127" ten="30,3900,0" yaku="18,1,12,1,54,1" doraHai="37" who="0" fromWho="1" sc="220,42,259,-42,191,0,330,0" /><INIT seed="3,0,0,3,3,123" ten="262,217,191,330" oya="3" hai0="107,34,108,66,99,30,44,49,7,120,68,103,58" hai1="112,56,97,86,62,78,37,65,121,76,125,126,117" hai2="105,15,85,77,110,32,53,18,5,1,27,52,122" hai3="20,9,127,79,73,95,50,72,64,35,31,33,130"/><W25/><G130/><T90/><D108/><U41/><E121/><V23/><F122/><W13/><G127/><N who="1" m="48650" /><E112/><V69/><F69/><W43/><G64/><T57/><D120/><U48/><E117/><V102/><F110/><W134/><G134/><T3/><D3/><U67/><E37/><V24/><F24/><W60/><G60/><T113/><D113/><U21/><E67/><V81/><F105/><W96/><G35/><T87/><D7/><U42/><E97/><V8/><REACH who="2" step="1"/><F102/><REACH who="2" ten="262,217,181,330" step="2"/><W131/><G131/><T82/><D68/><U74/><E41/><V61/><F61/><W89/><G43/><T70/><D70/><U114/><E42/><V45/><F45/><W10/><G33/><T28/><D66/><U93/><E65/><V14/><F14/><W109/><G13/><T63/><D63/><U83/><E62/><V36/><F36/><W119/><G109/><T0/><D0/><U19/><E114/><V111/><F111/><W80/><G119/><T132/><D132/><U71/><E71/><V51/><F51/><W55/><G50/><T128/><D128/><U94/><E48/><V104/><F104/><W116/><G116/><T12/><D12/><N who="1" m="9447" /><E56/><V75/><F75/><N who="3" m="43135" /><G55/><T2/><D2/><U26/><E26/><V118/><F118/><W115/><G115/><T29/><REACH who="0" step="1"/><D34/><REACH who="0" ten="252,217,181,330" step="2"/><U16/><E74/><V129/><F129/><W47/><G47/><T106/><D106/><U46/><E46/><V135/><F135/><W4/><G4/><T54/><AGARI ba="0,2" hai="28,29,30,44,49,54,57,58,82,87,90,99,103,107" machi="54" ten="30,4000,0" yaku="1,1,0,1,53,1" doraHai="123" doraHaiUra="101" who="0" fromWho="0" sc="252,60,217,-10,181,-10,330,-20" /><INIT seed="4,0,0,3,2,108" ten="312,207,171,310" oya="0" hai0="51,27,60,113,109,15,2,44,46,77,12,30,55" hai1="125,96,79,61,57,76,71,3,118,33,49,127,0" hai2="75,22,1,13,48,78,111,89,39,37,26,28,17" hai3="18,114,69,112,80,53,84,14,117,41,8,134,126"/><T58/><D2/><U16/><E118/><V100/><F111/><W24/><G69/><T5/><D113/><N who="3" m="43625" /><G117/><T62/><D109/><U122/><E122/><V83/><F100/><W91/><G134/><T63/><D77/><N who="1" m="29771" /><E33/><V4/><F89/><W104/><G104/><T29/><D5/><U59/><E71/><V47/><F4/><N who="3" m="3335" /><G41/><T103/><D103/><U132/><E132/><V32/><REACH who="2" step="1"/><F1/><REACH who="2" ten="312,207,161,310" step="2"/><W123/><G123/><T107/><D107/><U101/><E0/><V121/><F121/><W65/><G126/><T21/><D30/><U87/><E3/><V72/><F72/><W11/><G65/><T42/><REACH who="0" step="1"/><D46/><REACH who="0" ten="302,207,161,310" step="2"/><U7/><E101/><V43/><AGARI ba="0,2" hai="13,17,22,26,28,32,37,39,43,47,48,75,78,83" machi="43" ten="20,2700,0" yaku="1,1,0,1,7,1,53,0" doraHai="108" doraHaiUra="110" who="2" fromWho="2" sc="302,-13,207,-7,161,47,310,-7" /><INIT seed="5,0,0,3,0,26" ten="289,200,208,303" oya="1" hai0="108,91,61,71,1,112,20,9,21,6,16,84,34" hai1="39,57,87,72,49,38,19,2,129,85,105,31,92" hai2="127,123,75,8,131,73,23,53,58,100,104,27,77" hai3="74,50,81,59,106,135,88,126,94,64,32,111,36"/><U80/><E105/><V10/><F123/><W52/><G36/><T78/><D108/><U125/><E72/><V40/><F131/><W48/><G111/><T14/><D34/><U12/><E2/><V120/><F120/><W130/><G106/><T46/><D112/><U124/><E129/><V95/><F127/><N who="1" m="48713" /><E31/><V103/><F104/><W67/><G32/><T82/><D21/><N who="1" m="11495" /><E87/><V66/><F66/><N who="3" m="25131" /><G74/><T117/><D117/><U93/><E93/><V7/><F40/><W47/><G130/><T132/><D132/><U4/><E4/><V30/><F8/><W96/><G135/><T51/><D61/><U15/><E15/><V68/><F68/><W86/><G126/><T89/><REACH who="0" step="1"/><D71/><REACH who="0" ten="279,200,208,303" step="2"/><U13/><E38/><V62/><F75/><W101/><G47/><T17/><D17/><U28/><E39/><V76/><F73/><W65/><G65/><T3/><D3/><U18/><E28/><V11/><F11/><W42/><G42/><AGARI ba="0,1" hai="1,6,9,14,16,20,42,46,51,78,82,84,89,91" machi="42" ten="30,3900,0" yaku="1,1,7,1,54,1,53,0" doraHai="26" doraHaiUra="133" who="0" fromWho="3" sc="279,49,200,0,208,0,303,-39" /><INIT seed="6,0,0,4,2,86" ten="328,200,208,264" oya="2" hai0="32,132,42,16,97,123,63,5,58,80,94,7,60" hai1="99,120,75,67,125,129,65,38,134,43,62,133,72" hai2="89,15,127,98,48,1,36,96,88,102,71,22,69" hai3="83,24,30,50,39,45,20,64,25,111,100,66,46"/><V124/><F1/><W33/><G111/><T108/><D108/><U114/><E99/><N who="2" m="37931" /><F36/><W4/><G100/><T8/><D123/><U6/><E6/><N who="0" m="2057" /><D32/><U37/><E75/><V105/><F105/><W61/><G4/><T18/><D42/><U78/><E120/><V119/><F102/><W31/><G83/><T57/><D80/><U19/><E78/><V27/><F15/><W131/><G131/><T110/><D132/><N who="1" m="50795" /><E72/><V122/><F122/><W93/><G93/><T40/><D40/><U2/><E2/><V95/><F48/><W92/><G92/><T84/><D84/><U11/><E129/><V113/><F95/><W29/><G29/><T70/><D70/><N who="2" m="26634" /><F113/><W126/><G126/><N who="2" m="48169" /><F119/><W9/><G9/><T28/><D28/><AGARI ba="0,0" hai="22,27,28,88,89" m="48169,26634,37931" machi="28" ten="30,11600,0" yaku="18,1,52,2,54,1" doraHai="86" who="2" fromWho="0" sc="328,-116,200,0,208,116,264,0" /><INIT seed="6,1,0,3,4,123" ten="212,200,324,264" oya="2" hai0="79,18,5,98,134,14,112,51,127,107,22,53,92" hai1="90,129,39,97,55,133,91,29,125,128,60,37,130" hai2="76,19,94,34,100,50,30,101,38,68,15,10,41" hai3="62,104,124,16,75,69,31,3,118,64,21,0,40"/><V111/><F68/><W11/><G75/><T45/><D127/><U52/><E125/><V6/><F38/><N who="1" m="14345" /><E133/><V110/><F76/><W105/><G118/><T8/><D134/><U114/><E114/><V72/><F72/><W67/><G124/><T132/><D132/><U99/><E29/><V20/><F41/><W96/><G40/><T42/><D112/><U70/><E70/><V87/><F50/><W47/><G47/><T27/><D107/><U131/><N who="1" m="32768" /><DORA hai="43" /><U26/><E26/><N who="2" m="18775" /><F87/><W1/><G67/><T17/><D79/><U85/><E60/><V81/><F81/><W119/><G119/><T48/><D48/><U59/><E59/><V71/><F71/><W121/><G121/><T120/><D120/><U2/><E2/><N who="2" m="343" /><F94/><W86/><G31/><N who="0" m="17911" /><D42/><U78/><E78/><V82/><F82/><W65/><G65/><T24/><D24/><U113/><E85/><V32/><F32/><W56/><G69/><T126/><D126/><U83/><E83/><V95/><F95/><W122/><G122/><T46/><D46/><U88/><E113/><V13/><F13/><W9/><G104/><T77/><D77/><U116/><E116/><V61/><F61/><W115/><G86/><T28/><D28/><U25/><E25/><V63/><F63/><W44/><G115/><T108/><D92/><U80/><E80/><V106/><F106/><W84/><G84/><T102/><D102/><AGARI ba="1,0" hai="15,19,20,100,101,102,110,111" m="343,18775" machi="102" ten="30,5800,0" yaku="24,1,52,2" doraHai="123,43" who="2" fromWho="0" sc="212,-61,200,0,324,61,264,0" /><INIT seed="6,2,0,2,3,55" ten="151,200,385,264" oya="2" hai0="126,56,78,96,10,0,106,12,128,105,30,82,133" hai1="1,91,103,124,110,16,54,73,108,49,101,51,15" hai2="88,109,80,98,53,6,76,50,123,39,46,86,89" hai3="87,111,34,19,84,33,48,121,99,130,75,117,79"/><V107/><F123/><W97/><G117/><T17/><D133/><U66/><E1/><V114/><F114/><W8/><G121/><T26/><D128/><U13/><E73/><V37/><F109/><W100/><G130/><T119/><D126/><U85/><E124/><V44/><F6/><W58/><G111/><T59/><D119/><U45/><E66/><V21/><F21/><W11/><G75/><T102/><D0/><U132/><E132/><V63/><F63/><W116/><G116/><T25/><D106/><U57/><E13/><V38/><REACH who="2" step="1"/><F44/><REACH who="2" ten="151,200,375,264" step="2"/><W67/><G34/><T42/><D42/><N who="1" m="24759" /><E110/><V74/><F74/><W64/><G33/><T32/><REACH who="0" step="1"/><D26/><REACH who="0" ten="141,200,375,264" step="2"/><U112/><E108/><V2/><F2/><W81/><G8/><T70/><D70/><U27/><E27/><V40/><F40/><W94/><G11/><T83/><D83/><N who="1" m="49599" /><E112/><V95/><F95/><W52/><G94/><T92/><D92/><U7/><E7/><V22/><F22/><AGARI ba="2,2" hai="15,16,22,51,54,57,101,103" m="49599,24759" machi="22" ten="30,3900,0" yaku="8,1,52,1,54,1" doraHai="55" who="1" fromWho="2" sc="141,0,200,65,375,-45,264,0" /><INIT seed="7,0,0,0,1,99" ten="141,265,330,264" oya="3" hai0="82,45,100,118,69,131,124,112,26,16,34,5,63" hai1="91,84,117,116,18,103,114,56,25,28,19,134,27" hai2="85,130,83,123,44,70,81,13,12,113,7,67,48" hai3="60,41,135,6,77,66,90,122,62,68,108,93,4"/><W36/><G122/><T125/><D45/><U8/><E114/><V58/><F70/><W126/><G108/><T132/><D82/><N who="1" m="49559" /><E134/><V98/><F130/><W21/><G135/><T133/><D118/><N who="1" m="45675" /><E103/><V9/><F113/><W79/><G126/><T54/><D54/><U105/><BYE who="0" /><E105/><V40/><F123/><W35/><G35/><T80/><D80/><N who="2" m="30794" /><F98/><W52/><G21/><T30/><D30/><U49/><E8/><N who="2" m="4127" /><F85/><W47/><G77/><T115/><D115/><U102/><E102/><V46/><F46/><W96/><REACH who="3" step="1"/><G79/><REACH who="3" ten="141,265,330,254" step="2"/><T95/><D95/><U32/><E32/><V11/><F13/><W20/><G20/><T109/><D109/><U129/><E129/><V59/><F59/><AGARI ba="0,1" hai="4,6,36,41,47,52,59,60,62,66,68,90,93,96" machi="59" ten="40,7700,0" yaku="1,1,54,1,53,1" doraHai="99" doraHaiUra="71" who="3" fromWho="2" sc="141,0,265,0,330,-77,254,87" owari="141,-36.0,265,7.0,253,-15.0,341,44.0" /></mjloggm>