<mjloggm ver="2.3"><GO type="169" lobby="0"/><UN n0="%E4%BF%BA%E9%81%94%E7%82%8E%E4%B8%8A%E6%97%8F" n1="%E3%83%92%E3%81%A8%E3%82%B7" n2="%E3%82%A6%E3%83%AB%E3%83%88%E3%83%A9%E7%AB%8B%E7%9B%B4" n3="%47%E3%83%A8%E9%BE%8D%E9%96%80" dan="16,16,17,16" rate="2131.09,2112.04,2139.45,2115.39" sx="M,M,M,M"/><TAIKYOKU oya="0"/><INIT seed="0,0,0,2,0,79" ten="250,250,250,250" oya="0" hai0="12,82,104,77,81,95,132,58,86,60,34,50,75" hai1="72,69,13,48,59,129,94,25,124,40,15,88,51" hai2="31,9,8,54,44,20,6,68,3,106,38,39,7" hai3="62,90,80,61,0,119,19,83,70,135,112,89,131"/><T37/><D37/><U56/><E69/><V71/><F106/><W105/><G112/><T111/><D104/><U16/><E72/><V14/><F39/><W130/><G119/><T22/><D34/><U66/><E124/><V126/><F126/><W122/><G122/><T128/><D128/><N who="3" m="49193" /><G135/><T26/><D132/><U118/><E118/><V91/><F91/><N who="3" m="34827" /><G0/><T65/><D111/><U11/><E129/><V5/><F5/><W108/><G108/><T93/><D12/><U96/><E25/><V41/><REACH who="2" step="1"/><F54/><REACH who="2" ten="250,250,240,250" step="2"/><W64/><G105/><T116/><D116/><U85/><E66/><V121/><F121/><W24/><G62/><T134/><D134/><U74/><E74/><V76/><F76/><W30/><G19/><T103/><D50/><N who="1" m="18987" /><E40/><V113/><F113/><W87/><G87/><T84/><D103/><N who="1" m="60823" /><E15/><V18/><F18/><W53/><G53/><T45/><D45/><U35/><E35/><AGARI ba="0,1" hai="24,30,35,61,64,70,80,83" m="34827,49193" machi="35" ten="30,3900,0" yaku="19,1,52,2" doraHai="79" who="3" fromWho="1" sc="250,0,250,-39,240,0,250,49" /><INIT seed="1,0,0,0,4,83" ten="250,211,240,299" oya="1" hai0="14,44,57,58,64,10,113,117,78,96,42,49,135" hai1="107,39,94,60,80,124,103,67,2,5,34,29,51" hai2="9,122,91,27,109,70,12,128,115,1,3,71,47" hai3="110,77,26,120,24,92,133,126,121,102,97,118,28"/><U41/><E124/><V81/><F122/><W130/><G126/><T6/><D113/><U36/><E51/><V119/><F119/><W98/><G118/><T8/><D117/><U55/><E55/><V87/><F109/><W31/><G110/><T69/><D135/><U52/><E52/><V84/><F128/><W46/><G130/><T33/><D78/><U61/><E61/><V95/><F115/><W59/><G133/><T48/><D33/><U134/><E134/><V85/><F3/><W76/><G46/><T13/><D49/><U72/><E94/><V62/><F1/><W75/><G59/><T17/><REACH who="0" step="1"/><D96/><REACH who="0" ten="240,211,240,299" step="2"/><N who="1" m="61927" /><E39/><V104/><F104/><W88/><G120/><T32/><D32/><U123/><E36/><V22/><F47/><W43/><G121/><T105/><D105/><U99/><E99/><N who="2" m="57855" /><F70/><W68/><G68/><T89/><D89/><U63/><E34/><V100/><F71/><W86/><G98/><T38/><D38/><U37/><E37/><V45/><F45/><W30/><G75/><T129/><D129/><U15/><E72/><V11/><F100/><W101/><G101/><T50/><D50/><U93/><E123/><V108/><F108/><W112/><G112/><T79/><D79/><N who="3" m="30281" /><G43/><T54/><D54/><U21/><E41/><V35/><F35/><W25/><G102/><T116/><D116/><U16/><E63/><AGARI ba="0,1" hai="6,8,10,13,14,17,42,44,48,57,58,63,64,69" machi="63" ten="40,2600,0" yaku="1,1,53,1" doraHai="83" doraHaiUra="66" who="0" fromWho="1" sc="240,36,211,-26,240,0,299,0" /><INIT seed="2,0,0,4,5,49" ten="276,185,240,299" oya="2" hai0="34,32,42,129,120,1,81,15,9,75,133,126,80" hai1="40,113,10,104,69,26,103,61,91,106,87,88,50" hai2="39,12,74,112,118,124,67,33,60,73,76,97,84" hai3="35,107,125,20,121,65,83,2,18,127,116,62,93"/><V59/><F118/><W66/><G116/><T58/><D120/><U53/><E113/><V13/><F112/><W78/><G107/><T134/><D1/><U96/><E40/><V54/><F124/><N who="3" m="47691" /><G35/><T0/><D0/><U14/><E104/><V52/><F39/><W11/><G93/><T85/><D126/><U31/><E69/><V47/><F33/><N who="0" m="12906" /><D75/><U114/><E61/><V99/><F74/><N who="3" m="43479" /><G62/><T19/><D129/><U3/><E3/><V128/><F73/><W55/><G55/><N who="2" m="21033" /><F128/><W101/><G101/><T44/><D58/><N who="1" m="33079" /><E114/><V102/><F47/><W71/><G71/><T68/><D68/><U117/><E106/><V72/><F72/><W4/><G121/><T63/><D63/><U23/><E117/><V43/><F43/><W27/><AGARI ba="0,0" hai="2,4,11,18,20,27,65,66" m="43479,47691" machi="27" ten="30,1100,0" yaku="18,1" doraHai="49" who="3" fromWho="3" sc="276,-3,185,-3,240,-5,299,11" /><INIT seed="3,0,0,2,5,90" ten="273,182,235,310" oya="3" hai0="102,69,56,12,44,24,32,117,112,3,4,13,6" hai1="70,113,120,110,28,25,42,29,135,133,40,60,64" hai2="107,5,38,52,16,123,77,134,62,115,88,95,21" hai3="87,61,58,48,81,114,30,66,84,53,109,37,68"/><W41/><G114/><T125/><D69/><U73/><E113/><V132/><F107/><W74/><G109/><T45/><D112/><U43/><E110/><V131/><F115/><W20/><G74/><T128/><D3/><U59/><E120/><V85/><F38/><W96/><G96/><T122/><D117/><U0/><E0/><V91/><F77/><W99/><G99/><T79/><D122/><U119/><E73/><V124/><F123/><W94/><G81/><T118/><D118/><U57/><E119/><V27/><F124/><W76/><G76/><T82/><D102/><U126/><E126/><V2/><F131/><W78/><G78/><T18/><D32/><U93/><E93/><V36/><F36/><W23/><G30/><T14/><D128/><U35/><REACH who="1" step="1"/><E28/><REACH who="1" ten="273,172,235,310" step="2"/><V46/><F2/><W98/><G20/><T71/><D125/><U26/><E26/><V104/><F104/><W130/><G23/><T100/><D24/><U47/><E47/><V83/><F5/><W89/><G130/><T9/><D4/><U34/><E34/><V8/><F8/><W129/><G129/><T65/><D6/><U31/><E31/><V67/><F46/><AGARI ba="0,1" hai="37,41,46,48,53,58,61,66,68,84,87,89,94,98" machi="46" ten="40,7700,0" yaku="24,2,52,1" doraHai="90" who="3" fromWho="2" sc="273,0,172,0,235,-77,310,87" /><INIT seed="3,1,0,1,2,90" ten="273,172,158,397" oya="3" hai0="96,67,118,86,114,132,20,42,113,130,17,46,8" hai1="115,106,69,66,22,77,65,112,0,105,40,14,98" hai2="44,74,39,80,18,102,89,10,131,30,135,2,122" hai3="35,94,28,53,56,15,82,31,121,26,57,120,4"/><W7/><G31/><T119/><D130/><U100/><E0/><V27/><F131/><W38/><G38/><T127/><D132/><U133/><E133/><V51/><F135/><W95/><G82/><T1/><D127/><U76/><E105/><V59/><F122/><W84/><G84/><T34/><D34/><U128/><E128/><V24/><F102/><W6/><G15/><N who="0" m="9279" /><D67/><U32/><E32/><V93/><F39/><W71/><G71/><T60/><D60/><U104/><E104/><V37/><F37/><W125/><G125/><T55/><D55/><U116/><E40/><V101/><F59/><W21/><G57/><T64/><D64/><U47/><E47/><V25/><F101/><W124/><G124/><T9/><D86/><U50/><E50/><V52/><F30/><W129/><G129/><T29/><D29/><U33/><E66/><V83/><F74/><W36/><G36/><N who="0" m="21831" /><D96/><U108/><E33/><V63/><F63/><W5/><G5/><N who="0" m="1071" /><D9/><U19/><E116/><V87/><F2/><W134/><G134/><T111/><D111/><U11/><E108/><V23/><F10/><W58/><G58/><T126/><D126/><U81/><E11/><V88/><F89/><W49/><REACH who="3" step="1"/><G35/><REACH who="3" ten="273,172,158,387" step="2"/><T13/><D13/><AGARI ba="1,1" hai="13,18,23,24,25,27,44,51,52,80,83,87,88,93" machi="13" ten="40,8000,1" yaku="8,1,52,1,54,2" doraHai="90" who="2" fromWho="0" sc="273,-83,172,0,158,93,387,0" /><INIT seed="4,0,0,1,2,89" ten="190,172,251,387" oya="0" hai0="20,90,65,78,39,1,70,110,101,82,71,29,6" hai1="85,111,87,114,9,72,49,19,105,117,97,42,113" hai2="92,132,13,86,37,48,57,96,84,4,18,107,25" hai3="58,64,118,122,28,106,69,56,131,98,120,102,115"/><T124/><D39/><U104/><E72/><V77/><F37/><W134/><G118/><T23/><D124/><U24/><E117/><V130/><F107/><N who="1" m="41033" /><E111/><V126/><F126/><W3/><G115/><N who="1" m="44042" /><E97/><V91/><F130/><W51/><G134/><T44/><D110/><U93/><E9/><N who="2" m="4263" /><F77/><W38/><G3/><T112/><D101/><U31/><E19/><V125/><F132/><W46/><G28/><T22/><D29/><U53/><E42/><V123/><F123/><N who="3" m="47147" /><G38/><T133/><D133/><U40/><E40/><V94/><F125/><W26/><G131/><T17/><D112/><U36/><E36/><V43/><F43/><N who="3" m="25055" /><G26/><T35/><D17/><U5/><E5/><V27/><F18/><W79/><G79/><T66/><D78/><U68/><E68/><V83/><F27/><W50/><G69/><T63/><D71/><U100/><E100/><V59/><F25/><W0/><G98/><T76/><D70/><U95/><E87/><V127/><F127/><W33/><G102/><T14/><D6/><U47/><E85/><V30/><F30/><W67/><G33/><AGARI ba="0,0" hai="24,31,33,47,49,53,93,95" m="44042,41033" machi="33" ten="30,7700,0" yaku="15,1,11,1,52,2" doraHai="89" who="1" fromWho="3" sc="190,0,172,77,251,0,387,-77" /><INIT seed="5,0,0,3,5,42" ten="190,249,251,310" oya="1" hai0="80,26,44,110,125,98,87,78,117,132,89,79,94" hai1="28,130,93,120,46,58,47,128,106,127,50,7,29" hai2="112,70,88,77,91,32,118,72,105,83,108,76,119" hai3="63,43,67,113,18,5,131,0,61,69,126,66,124"/><U95/><E106/><V13/><F70/><N who="3" m="42319" /><G113/><T51/><D110/><U102/><E120/><V11/><F32/><W103/><G131/><N who="1" m="50218" /><E127/><N who="3" m="48682" /><G103/><N who="0" m="60887" /><D117/><U14/><E7/><V114/><F108/><W129/><G129/><T109/><D109/><U25/><E14/><V75/><F13/><W33/><G18/><T2/><D132/><U45/><E102/><V56/><F11/><N who="3" m="2471" /><G43/><N who="0" m="24991" /><D2/><U60/><E50/><V49/><F49/><W86/><G86/><T123/><D123/><U100/><E100/><V27/><F105/><W99/><G99/><T62/><D125/><U48/><E48/><V9/><F9/><W84/><G84/><T19/><D62/><U16/><E16/><V6/><F6/><W82/><G82/><T121/><D121/><U3/><E3/><V36/><F83/><W65/><G65/><T115/><D115/><U81/><E81/><V15/><F114/><W1/><G1/><T30/><D30/><N who="1" m="11883" /><E25/><V134/><F27/><W22/><G22/><AGARI ba="0,0" hai="19,22,26,78,79,80,87,89" m="24991,60887" machi="22" ten="30,2000,0" yaku="8,1,52,1" doraHai="42" who="0" fromWho="3" sc="190,20,249,0,251,0,310,-20" /><INIT seed="6,0,0,3,2,113" ten="210,249,251,290" oya="2" hai0="28,1,121,32,86,19,51,10,55,30,68,35,6" hai1="17,36,82,46,63,110,114,73,4,108,116,95,50" hai2="42,96,23,129,67,133,60,105,37,22,83,62,93" hai3="124,91,92,118,127,3,132,84,33,31,70,8,12"/><V41/><F105/><W69/><G118/><T0/><D68/><U87/><E116/><V2/><F2/><W25/><G3/><T80/><D0/><U43/><E4/><V120/><F120/><W72/><G72/><T94/><D121/><U20/><E114/><V71/><F129/><W34/><G34/><T107/><D107/><U126/><E126/><N who="3" m="48170" /><G132/><T59/><D94/><U49/><E73/><V26/><F133/><W29/><G29/><T74/><D74/><U15/><E95/><V47/><F42/><W115/><G115/><T53/><D35/><U45/><E63/><V81/><F62/><W79/><G79/><T27/><D30/><U125/><E125/><V64/><F64/><W16/><AGARI ba="0,0" hai="8,12,16,25,31,33,69,70,84,91,92" m="48170" machi="16" ten="30,2000,0" yaku="18,1,54,1" doraHai="113" who="3" fromWho="3" sc="210,-5,249,-5,251,-10,290,20" /><INIT seed="7,0,0,3,5,27" ten="205,244,241,310" oya="3" hai0="34,119,84,26,71,96,53,37,49,116,43,63,130" hai1="77,6,70,101,32,17,0,125,44,135,4,30,129" hai2="3,58,61,132,133,28,19,106,45,8,56,104,74" hai3="75,121,123,42,126,64,98,107,40,60,76,38,127"/><W114/><G114/><T115/><D115/><U91/><E70/><V134/><F74/><W73/><G98/><T18/><D130/><U46/><E101/><V120/><F120/><W110/><G107/><N who="2" m="41001" /><F28/><W118/><G118/><T79/><D37/><U2/><E125/><N who="3" m="47626" /><G110/><T23/><D34/><U65/><E135/><V24/><F45/><N who="3" m="23703" /><G42/><T94/><D43/><U108/><E129/><V51/><F51/><W47/><G47/><T55/><D84/><U103/><E46/><V102/><F102/><W124/><G124/><T105/><D105/><U100/><E44/><V48/><F48/><W7/><G7/><T54/><D79/><U87/><E77/><V66/><F58/><N who="3" m="36887" /><G76/><T14/><D49/><U117/><E108/><V36/><F36/><W39/><G39/><T22/><D71/><U82/><E6/><N who="2" m="1119" /><F19/><W9/><G9/><T109/><D63/><U122/><E17/><V69/><F24/><W59/><G59/><T131/><D131/><U10/><E117/><V67/><F69/><W15/><G15/><T112/><D112/><U88/><E122/><AGARI ba="0,0" hai="73,75,121,122,123" m="36887,23703,47626" machi="122" ten="30,1500,0" yaku="18,1" doraHai="27" who="3" fromWho="1" sc="205,0,244,-15,241,0,310,15" owari="205,-29.0,229,-17.0,241,4.0,325,42.0" /></mjloggm>