<mjloggm ver="2.3"><GO type="97" lobby="0"/><UN n0="%E3%81%88%E3%82%8A%E3%81%8B%E3%81%9A" n1="%6D%6F%6D%69%61%67%65%30" n2="%E3%83%88%E3%83%88%E3%83%AA%E5%85%88%E7%94%9F%31%39%E6%AD%B3" n3="%E3%82%B4%E3%83%9F%E3%82%AF%E3%82%BA%E4%B8%83%E6%AE%B5" dan="14,15,14,17" rate="1972.71,1987.66,2018.99,2099.20" sx="M,M,F,F"/><TAIKYOKU oya="0"/><INIT seed="0,0,0,4,3,37" ten="250,250,250,250" oya="0" hai0="122,47,61,131,101,25,123,55,87,31,18,117,58" hai1="71,45,40,93,27,11,102,92,119,30,22,113,86" hai2="83,124,63,72,79,48,115,8,66,54,10,121,56" hai3="77,51,133,33,109,132,64,96,36,73,97,105,16"/><T129/><D101/><U3/><E113/><V7/><F115/><W85/><G36/><T134/><D117/><U41/><E71/><V29/><F121/><W112/><G33/><N who="0" m="20719" /><D134/><N who="3" m="51817" /><G109/><T32/><D32/><U38/><E119/><V108/><F108/><W110/><G73/><T67/><D18/><U125/><E125/><V34/><F124/><W82/><G105/><T126/><D126/><U20/><E102/><V135/><F135/><W120/><G120/><N who="0" m="46123" /><D87/><U43/><E20/><V76/><F76/><W46/><G110/><T95/><D95/><U21/><E21/><V94/><F94/><W99/><G112/><T91/><D91/><U84/><E38/><V19/><F19/><W35/><G35/><T53/><D47/><U74/><E45/><V107/><F107/><W68/><G16/><T44/><D44/><U6/><E74/><V23/><F34/><W2/><G2/><T12/><D12/><U62/><REACH who="1" step="1"/><E62/><REACH who="1" ten="250,240,250,250" step="2"/><V75/><F75/><W65/><G68/><T0/><D0/><U50/><E50/><V111/><F111/><W17/><G51/><T24/><D24/><U89/><E89/><V70/><F23/><W69/><G46/><T127/><D127/><U106/><E106/><V103/><F103/><W90/><G69/><T130/><AGARI ba="0,1" hai="53,55,58,61,67,129,130,131" m="46123,20719" machi="130" ten="40,2100,0" yaku="19,1" doraHai="37" who="0" fromWho="0" sc="250,31,240,-7,250,-7,250,-7" /><INIT seed="0,1,0,1,3,18" ten="281,233,243,243" oya="0" hai0="110,132,8,10,36,117,30,5,19,126,90,47,2" hai1="27,56,22,94,112,122,92,119,98,82,105,87,130" hai2="64,88,12,57,113,123,53,104,93,77,78,97,73" hai3="41,58,99,91,51,96,34,7,3,35,50,129,49"/><T21/><D117/><U37/><E122/><V54/><F113/><W71/><G71/><T20/><D90/><U60/><E130/><V125/><F123/><W17/><G129/><T38/><D47/><U124/><E124/><V109/><F125/><W100/><G41/><T63/><D126/><U114/><E119/><V67/><F109/><W33/><G17/><T4/><D63/><U28/><E37/><V65/><F104/><W74/><G74/><T84/><D84/><U66/><E105/><V26/><F73/><W128/><G128/><T79/><D79/><U45/><E45/><V120/><F120/><W70/><G70/><T1/><D110/><U83/><E83/><V40/><F53/><W89/><G58/><T0/><D132/><U116/><E116/><V24/><F12/><W62/><G62/><T121/><D121/><U14/><E14/><V127/><F127/><W101/><G7/><N who="0" m="2635" /><D19/><U115/><E98/><N who="3" m="37418" /><G3/><T80/><D30/><U107/><REACH who="1" step="1"/><E107/><REACH who="1" ten="281,223,243,243" step="2"/><V52/><F40/><W32/><N who="3" m="8192" /><DORA hai="9" /><W59/><G59/><T25/><D80/><U42/><E42/><V118/><F118/><W95/><G95/><T72/><D25/><U134/><E134/><V106/><F106/><W23/><G23/><N who="0" m="8779" /><D72/><U55/><E55/><N who="2" m="21035" /><F57/><W111/><G111/><T43/><D43/><U103/><E103/><AGARI ba="1,1" hai="49,50,51,89,91,100,101,103" m="8192,37418" machi="103" ten="60,3900,0" yaku="28,2" doraHai="18,9" who="3" fromWho="1" sc="281,0,223,-42,243,0,243,52" /><INIT seed="1,0,0,5,0,96" ten="281,181,243,295" oya="1" hai0="43,68,83,70,30,36,126,134,10,94,56,19,50" hai1="117,45,118,116,127,123,64,25,2,65,59,90,11" hai2="78,7,119,1,55,8,41,132,72,3,63,125,133" hai3="129,106,38,31,113,34,121,9,51,20,71,16,93"/><U77/><E123/><V80/><F119/><W23/><G121/><T112/><D36/><U6/><E127/><V109/><F125/><W58/><G113/><T74/><D30/><U14/><E77/><V103/><F109/><W84/><G106/><T37/><D37/><U26/><E2/><V42/><F3/><W29/><G38/><T124/><D112/><U39/><E90/><V101/><F55/><N who="3" m="32127" /><G71/><T104/><D104/><U47/><E59/><V28/><F28/><N who="3" m="10827" /><G129/><T13/><D134/><N who="2" m="51818" /><F63/><W99/><G34/><T92/><D124/><U107/><E107/><V67/><F67/><W53/><G84/><T33/><D126/><U89/><E89/><V91/><F91/><N who="3" m="55743" /><G53/><T76/><D33/><U88/><E88/><V54/><F54/><W44/><G44/><T131/><D131/><U15/><E39/><V87/><F87/><W61/><G61/><T86/><D74/><U111/><E111/><V95/><F95/><W73/><G73/><T108/><D108/><U135/><E135/><V97/><F97/><W79/><G79/><T81/><D94/><U40/><E117/><V35/><F35/><W12/><AGARI ba="0,0" hai="9,12,16,20,23" m="55743,10827,32127" machi="12" ten="30,2000,0" yaku="8,1,54,1" doraHai="96" who="3" fromWho="3" sc="281,-5,181,-10,243,-5,295,20" /><INIT seed="2,0,0,5,5,98" ten="276,171,238,315" oya="2" hai0="129,6,60,79,50,46,4,106,116,66,20,124,122" hai1="47,72,96,40,107,35,91,1,80,90,37,71,108" hai2="114,18,14,44,54,61,43,132,51,95,11,84,45" hai3="17,123,134,63,77,32,83,64,59,93,110,81,10"/><V88/><F132/><W76/><G123/><T19/><D122/><U82/><E108/><V29/><F114/><W119/><G119/><T24/><D106/><U92/><E71/><V65/><F29/><W105/><G32/><T94/><D116/><U87/><E35/><V33/><F33/><W104/><G110/><T22/><D124/><U62/><E1/><V102/><F102/><W5/><G134/><T55/><D129/><U130/><E130/><V89/><F89/><W118/><G118/><T115/><D115/><U56/><E107/><V112/><F112/><W39/><G39/><T131/><D131/><U0/><E0/><V52/><REACH who="2" step="1"/><F45/><REACH who="2" ten="276,171,228,315" step="2"/><W101/><G101/><T26/><D79/><U42/><E42/><V69/><AGARI ba="0,1" hai="11,14,18,43,44,51,52,54,61,65,69,84,88,95" machi="69" ten="20,18000,2" yaku="1,1,2,1,0,1,7,1,54,2,53,0" doraHai="98" doraHaiUra="117" who="2" fromWho="2" sc="276,-60,171,-60,228,190,315,-60" /><INIT seed="2,1,0,3,0,118" ten="216,111,418,255" oya="2" hai0="60,97,19,7,102,70,100,11,134,77,99,86,85" hai1="106,125,80,63,127,34,62,14,115,31,42,123,12" hai2="65,109,21,23,18,93,57,68,91,13,50,94,69" hai3="81,92,126,56,131,61,32,6,3,84,133,104,98"/><V1/><F1/><W38/><G32/><T44/><D134/><U108/><E106/><V119/><F119/><W111/><G38/><T26/><D44/><U122/><E115/><V58/><F109/><W22/><G111/><T5/><D70/><U95/><E108/><V88/><F65/><W75/><G133/><T73/><D73/><U64/><E42/><V39/><F13/><N who="1" m="5225" /><E95/><V51/><F18/><W59/><G126/><N who="1" m="48138" /><E80/><V48/><REACH who="2" step="1"/><F51/><REACH who="2" ten="216,111,408,255" step="2"/><W55/><G3/><T53/><D7/><U135/><E135/><V128/><F128/><W46/><G6/><T72/><D5/><U35/><E64/><V78/><F78/><W41/><G131/><T67/><D19/><U74/><E31/><V114/><F114/><W105/><G61/><N who="1" m="23050" /><E74/><V52/><F52/><W28/><G75/><T40/><D53/><U17/><E17/><V33/><F33/><AGARI ba="1,1" hai="33,34,35,122,123" m="23050,48138,5225" machi="33" ten="40,8000,1" yaku="28,2,18,1,52,2" doraHai="118" who="1" fromWho="2" sc="216,0,111,93,408,-83,255,0" /><INIT seed="3,0,0,5,2,104" ten="216,204,325,255" oya="3" hai0="31,112,91,125,28,21,53,13,40,135,1,76,26" hai1="105,116,55,84,98,81,79,30,5,121,64,15,73" hai2="132,8,0,35,95,70,9,18,41,7,68,72,38" hai3="10,14,111,25,107,97,17,113,67,77,42,22,93"/><W4/><G113/><T57/><D1/><U56/><E121/><V39/><F35/><W109/><G107/><T58/><D76/><U46/><E116/><V52/><F132/><W44/><G67/><T37/><D112/><U32/><E32/><V2/><F72/><W122/><G122/><T69/><D69/><U82/><E30/><V85/><F52/><W99/><G77/><T100/><D100/><U86/><E105/><V74/><F74/><W120/><G120/><T130/><D135/><U66/><E98/><V108/><F108/><N who="3" m="41547" /><G93/><T87/><D125/><U127/><E46/><V80/><F95/><W29/><G4/><T96/><D96/><U54/><E127/><V110/><F7/><W6/><G6/><T114/><D114/><U20/><E55/><V89/><F68/><W92/><G92/><T117/><D117/><U133/><E133/><V43/><F70/><W106/><G106/><T16/><D130/><U49/><E86/><V83/><F85/><W119/><G119/><T71/><D71/><U63/><E63/><V47/><F110/><W128/><G128/><T131/><D131/><U45/><E45/><V12/><F47/><W123/><G123/><T11/><D37/><AGARI ba="0,0" hai="10,14,17,22,25,29,37,42,44,97,99" m="41547" machi="37" ten="30,2900,0" yaku="14,1,10,1" doraHai="104" who="3" fromWho="0" sc="216,-29,204,0,325,0,255,29" /><INIT seed="3,1,0,5,4,123" ten="187,204,325,284" oya="3" hai0="96,124,112,49,105,132,44,103,93,4,95,41,57" hai1="9,66,86,61,23,121,53,3,119,94,92,48,74" hai2="5,77,88,22,54,18,75,106,98,114,17,39,21" hai3="13,122,19,118,55,111,89,116,35,108,59,46,131"/><W0/><G122/><T110/><D4/><U62/><E74/><V51/><F114/><W36/><G0/><T126/><D112/><U7/><E119/><V25/><F39/><W15/><G35/><T34/><D34/><U10/><E10/><V79/><F75/><W11/><G131/><T24/><D132/><U50/><E23/><V6/><F106/><W102/><G102/><T71/><D71/><U60/><E121/><V64/><F64/><W27/><G27/><T128/><D128/><U109/><E109/><N who="3" m="42058" /><G13/><T30/><D110/><U52/><E86/><V107/><F107/><W28/><G28/><T101/><D57/><U47/><E66/><V43/><F98/><W83/><G36/><T82/><D82/><U70/><E70/><V81/><F81/><W31/><G31/><T125/><REACH who="0" step="1"/><D103/><REACH who="0" ten="177,204,325,284" step="2"/><U78/><E78/><V135/><F79/><W63/><G46/><AGARI ba="1,1" hai="3,7,9,46,47,48,50,52,53,60,61,62,92,94" machi="46" ten="40,2600,0" yaku="9,1,54,1" doraHai="123" who="1" fromWho="3" sc="177,0,204,39,325,0,284,-29" owari="177,-32.0,243,-16.0,325,42.0,255,6.0" /></mjloggm>