<mjloggm ver="2.3"><GO type="169" lobby="0"/><UN n0="%E5%B0%B1%E6%B4%BB%E7%94%9F%40%E5%B7%9D%E6%9D%91%E8%BB%8D%E5%9B%A3" n1="%E9%BA%BB%E9%9B%80%E7%89%87%E6%83%B3%E3%81%84" n2="%E3%83%8B%E3%83%A3%E3%83%83%E3%83%94%E3%83%BC%E5%A4%8F%E7%9B%AE" n3="%E6%B8%8B%E8%B0%B7%E3%81%AE%64%6F%76%65" dan="16,17,17,16" rate="2112.55,2144.65,2181.12,2165.59" sx="M,M,M,M"/><TAIKYOKU oya="0"/><INIT seed="0,0,0,3,2,74" ten="250,250,250,250" oya="0" hai0="51,120,22,50,43,59,24,7,86,94,75,67,129" hai1="25,79,32,65,8,107,122,91,49,126,64,4,23" hai2="135,58,36,38,15,106,114,76,10,52,110,105,133" hai3="20,73,60,69,72,89,100,35,46,48,97,115,127"/><T116/><D120/><U41/><E122/><V2/><F2/><W112/><G127/><T5/><D75/><U14/><E107/><N who="2" m="40971" /><F114/><W85/><G35/><T71/><D116/><U99/><E126/><V1/><F1/><W44/><G73/><T83/><D129/><U53/><E32/><V29/><F29/><W103/><G72/><T3/><D71/><U54/><E41/><V121/><F76/><W30/><G44/><N who="0" m="25887" /><D3/><U113/><E79/><V125/><F121/><W102/><G97/><T39/><D94/><N who="1" m="56799" /><E113/><V18/><F110/><W82/><G60/><N who="0" m="38303" /><D51/><U98/><E98/><V96/><F96/><W81/><G69/><T93/><D93/><U90/><E90/><V27/><F27/><W61/><G61/><T21/><D39/><U63/><E63/><N who="2" m="36295" /><F125/><W6/><G81/><T92/><D92/><U31/><E53/><V33/><F33/><W111/><G111/><T88/><D22/><U123/><E123/><V12/><F38/><W16/><G112/><T134/><D134/><U42/><E42/><V109/><F109/><W118/><G115/><T124/><D124/><U84/><E84/><V13/><F36/><W40/><G118/><T101/><D101/><U77/><E77/><V9/><F9/><W119/><G119/><T108/><D108/><U55/><E55/><V19/><F10/><W128/><G128/><T132/><D132/><AGARI ba="0,0" hai="12,13,15,18,19,132,133,135" m="36295,40971" machi="132" ten="40,2600,0" yaku="20,1,54,1" doraHai="74" who="2" fromWho="0" sc="250,-26,250,0,250,26,250,0" /><INIT seed="1,0,0,0,5,26" ten="224,250,276,250" oya="1" hai0="112,12,57,40,48,22,133,59,103,134,91,79,58" hai1="49,38,4,7,99,55,0,43,36,10,116,31,110" hai2="17,20,70,117,37,71,93,6,32,94,106,45,18" hai3="102,25,41,76,72,30,120,53,69,13,89,130,34"/><U126/><E116/><V121/><F106/><W131/><G120/><T109/><D112/><U123/><E123/><V62/><F32/><W16/><G69/><T86/><D109/><U2/><E110/><V27/><F121/><W15/><G41/><T35/><D35/><U105/><E126/><V128/><F117/><W39/><G39/><T84/><D103/><U92/><E105/><V111/><F111/><W63/><G102/><T64/><D64/><U42/><E42/><V119/><F119/><W9/><G89/><T107/><D107/><U68/><E68/><V124/><F6/><W135/><G135/><T125/><D125/><U60/><E60/><V104/><F104/><W97/><G97/><T95/><D79/><U96/><E43/><V122/><F122/><W8/><G76/><T114/><D114/><U127/><E127/><V44/><F124/><W33/><G72/><T81/><D81/><U23/><E38/><V101/><F37/><W80/><G80/><T74/><D74/><U113/><E36/><V51/><F128/><N who="3" m="49195" /><G53/><N who="0" m="31911" /><D84/><U54/><E113/><V61/><F71/><W115/><G63/><T100/><D100/><U78/><E78/><V118/><F101/><W85/><G115/><T5/><D40/><U129/><E129/><V52/><F118/><W50/><G85/><T67/><D67/><U87/><E87/><V1/><F70/><W75/><G75/><T66/><D66/><U28/><E55/><V83/><F52/><W73/><G73/><T82/><D82/><U24/><E54/><V56/><F83/><W77/><G77/><T21/><D134/><RYUUKYOKU ba="0,0" sc="224,0,250,0,276,0,250,0" /><INIT seed="2,1,0,3,3,58" ten="224,250,276,250" oya="2" hai0="67,68,65,113,43,114,100,21,13,7,4,92,110" hai1="27,125,83,11,135,15,116,76,74,87,112,94,109" hai2="84,132,107,66,69,124,12,101,91,82,102,59,122" hai3="50,9,57,55,1,130,117,54,121,128,45,103,123"/><V5/><F69/><W118/><G103/><T52/><D110/><U119/><E112/><V8/><F122/><N who="3" m="46603" /><G1/><T48/><D113/><U86/><E109/><V16/><F132/><W63/><G9/><T75/><D75/><U20/><E135/><V44/><F124/><W24/><G24/><T108/><D108/><U42/><E125/><V30/><F30/><W3/><G3/><T46/><D68/><U89/><E42/><V106/><F106/><W95/><G95/><T40/><D114/><U22/><E74/><V47/><F107/><W115/><G115/><T61/><D7/><U72/><E72/><V14/><F102/><W53/><G53/><T85/><D4/><U56/><E56/><V71/><F71/><W25/><G25/><T35/><D35/><U33/><E33/><V23/><F101/><W62/><G62/><AGARI ba="1,0" hai="5,8,12,14,16,23,44,47,59,62,66,82,84,91" machi="62" ten="40,7700,0" yaku="8,1,52,1,54,1" doraHai="58" who="2" fromWho="3" sc="224,0,250,0,276,80,250,-80" /><INIT seed="2,2,0,4,3,66" ten="224,250,356,170" oya="2" hai0="93,103,54,82,102,94,57,125,52,5,59,40,39" hai1="2,106,130,13,29,58,53,49,16,7,107,126,129" hai2="87,48,116,74,46,88,21,118,127,43,117,15,108" hai3="77,0,61,109,6,51,30,11,1,28,24,115,37"/><V67/><F74/><W42/><G109/><T69/><D125/><U25/><E126/><V4/><F127/><W83/><G115/><T60/><D5/><U36/><E36/><V47/><F108/><W35/><G28/><T14/><D69/><U99/><E7/><V89/><F67/><W121/><G121/><T81/><D39/><U113/><E2/><V31/><F47/><W33/><G33/><T64/><D40/><U38/><E38/><V97/><F97/><W45/><G61/><N who="0" m="36007" /><D64/><U44/><E99/><V111/><F111/><W86/><REACH who="3" step="1"/><G37/><REACH who="3" ten="224,250,356,160" step="2"/><T10/><D103/><U17/><E113/><V50/><F31/><W71/><G71/><T123/><D102/><U90/><E129/><V32/><F32/><W27/><G27/><T79/><D123/><U128/><E25/><V19/><F118/><W75/><G75/><T100/><D100/><U20/><E29/><V98/><F117/><W104/><G104/><T105/><D105/><U76/><E106/><V56/><F116/><W78/><G78/><T132/><D79/><U119/><E76/><V26/><F26/><W68/><G68/><T63/><D63/><N who="1" m="36303" /><E107/><V131/><F131/><W22/><G22/><T8/><D132/><U85/><E119/><V112/><F21/><W114/><G114/><T72/><D72/><U23/><E128/><V80/><F112/><W134/><G134/><T133/><D133/><U120/><E130/><V65/><F65/><W73/><G73/><T135/><D135/><U91/><E120/><V62/><F62/><W124/><G124/><T55/><D60/><U41/><E85/><RYUUKYOKU ba="2,1" sc="224,-15,250,15,356,-15,160,15" hai1="13,16,17,20,23,41,44,49,90,91" hai3="0,1,6,11,24,30,35,42,45,51,77,83,86" /><INIT seed="3,3,1,3,0,125" ten="209,265,341,175" oya="3" hai0="33,29,107,14,0,119,17,49,42,30,66,120,128" hai1="67,68,112,95,53,87,83,126,37,98,41,25,18" hai2="122,113,24,69,40,56,84,106,9,99,117,32,93" hai3="4,44,114,79,135,71,57,75,97,60,132,3,96"/><W61/><G114/><T43/><D0/><U133/><E112/><V7/><F69/><W20/><G44/><T58/><D107/><U34/><E126/><V15/><F113/><W102/><G71/><T35/><D119/><U12/><E133/><N who="3" m="51274" /><G20/><N who="0" m="11319" /><D33/><U51/><E41/><N who="0" m="15369" /><D35/><U77/><E37/><V8/><F117/><W31/><G31/><T45/><D128/><U74/><E67/><V127/><F127/><W65/><G60/><N who="0" m="38167" /><D120/><U131/><E68/><V50/><F122/><W2/><G4/><T89/><D89/><U47/><E34/><V63/><F32/><W64/><G64/><T78/><D78/><U110/><E131/><V91/><F106/><N who="3" m="63815" /><G97/><T118/><D118/><U124/><E124/><V123/><F99/><W52/><G65/><T101/><D101/><U6/><E74/><V11/><F123/><W23/><G23/><T19/><D19/><U38/><E6/><V46/><F24/><W90/><G90/><T55/><AGARI ba="3,1" hai="29,30,45,49,55" m="38167,15369,11319" machi="55" ten="30,1100,0" yaku="8,1" doraHai="125" who="0" fromWho="0" sc="209,30,265,-6,341,-6,175,-8" /><INIT seed="4,0,0,1,2,108" ten="239,259,335,167" oya="0" hai0="96,9,26,53,19,87,97,113,94,125,132,28,16" hai1="42,119,134,57,61,130,17,118,80,59,115,135,126" hai2="102,7,82,47,117,67,4,93,122,92,43,105,34" hai3="106,20,98,25,2,58,48,110,71,35,85,29,73"/><T33/><D125/><U3/><E3/><V36/><F34/><W86/><G73/><T89/><D132/><N who="1" m="50731" /><E126/><V38/><F122/><W18/><G110/><T131/><D131/><U44/><E80/><V56/><F38/><W30/><G71/><T75/><D75/><U27/><E27/><V11/><F117/><N who="1" m="44553" /><E17/><V12/><F4/><W114/><G30/><T128/><D128/><U69/><E130/><V31/><F31/><W100/><G114/><T14/><D113/><U116/><E116/><V50/><F82/><W21/><G21/><T88/><D89/><U32/><E32/><V65/><F105/><W52/><REACH who="3" step="1"/><G2/><REACH who="3" ten="239,259,335,157" step="2"/><T54/><D19/><U41/><E115/><V76/><F7/><W45/><G45/><T112/><D112/><U103/><E69/><V55/><F11/><W104/><G104/><T83/><D83/><U84/><E44/><V74/><F47/><W49/><G49/><T72/><D72/><U66/><E59/><V39/><F56/><W70/><G70/><T79/><D33/><U51/><E51/><V133/><F50/><W121/><G121/><T129/><D28/><U13/><E57/><V60/><F74/><W24/><AGARI ba="0,1" hai="18,20,24,25,29,35,48,52,58,85,86,98,100,106" machi="24" ten="20,8000,1" yaku="1,1,0,1,7,1,54,1,53,1" doraHai="108" doraHaiUra="46" who="3" fromWho="3" sc="239,-40,259,-20,335,-20,157,90" /><INIT seed="5,0,0,3,5,11" ten="199,239,315,247" oya="1" hai0="119,107,15,12,130,8,106,56,102,111,124,16,88" hai1="121,132,131,50,58,113,71,41,28,76,89,79,63" hai2="108,112,65,123,87,128,1,101,44,93,17,67,115" hai3="57,37,20,116,34,7,72,95,127,6,23,104,73"/><U75/><E121/><V92/><F123/><W99/><G104/><T109/><D119/><U25/><E113/><N who="2" m="43595" /><F108/><W33/><G37/><T27/><D124/><U94/><E132/><V48/><F128/><W35/><G57/><T30/><D130/><U66/><E75/><V54/><F1/><W86/><G86/><T38/><D38/><U125/><E125/><V118/><F118/><W59/><G127/><T98/><D107/><U42/><E131/><V134/><F134/><W105/><G105/><T103/><D103/><U4/><E4/><V83/><F17/><W129/><G129/><T78/><D78/><U18/><E18/><V24/><F24/><W10/><G59/><T80/><D15/><U36/><E36/><V46/><F46/><W39/><G39/><T49/><D49/><U32/><E42/><V117/><F117/><W91/><G116/><T135/><D56/><U53/><REACH who="1" step="1"/><E41/><REACH who="1" ten="199,229,315,247" step="2"/><V19/><F19/><W122/><G122/><T55/><D135/><U81/><E81/><V62/><F83/><W47/><G6/><T60/><D109/><U84/><AGARI ba="0,1" hai="25,28,32,50,53,58,63,66,71,76,79,84,89,94" machi="84" ten="20,7800,0" yaku="1,1,0,1,7,1,53,1" doraHai="11" doraHaiUra="45" who="1" fromWho="1" sc="199,-26,229,88,315,-26,247,-26" /><INIT seed="5,1,0,2,3,96" ten="173,317,289,221" oya="1" hai0="66,52,37,83,68,119,74,131,102,122,94,58,48" hai1="49,114,61,130,34,51,9,101,81,117,7,106,43" hai2="79,46,21,30,92,24,5,115,78,108,126,39,75" hai3="129,107,13,42,70,44,26,98,121,86,125,14,132"/><U118/><E130/><V10/><F108/><W87/><G121/><T124/><D119/><U8/><E114/><V82/><F115/><W134/><G70/><T15/><D122/><U2/><E9/><V62/><F126/><W113/><G113/><T90/><D124/><U133/><E133/><N who="3" m="51306" /><G129/><T89/><D131/><U32/><E49/><V57/><F92/><W11/><G125/><T104/><D37/><U135/><E135/><V59/><F79/><W110/><G110/><T63/><D15/><N who="3" m="5641" /><G11/><T41/><D41/><U127/><E127/><V72/><F72/><W25/><G98/><T100/><D104/><U53/><E81/><V29/><F29/><W55/><G55/><T56/><D68/><U1/><E1/><N who="2" m="303" /><F62/><W16/><G107/><T95/><D74/><U22/><E61/><V97/><F97/><W31/><G16/><T12/><D83/><U120/><E120/><V47/><F47/><W67/><G67/><T88/><D12/><U6/><E53/><V60/><F60/><W0/><G0/><T18/><D18/><U35/><E7/><V76/><F76/><W77/><G77/><T64/><REACH who="0" step="1"/><D66/><REACH who="0" ten="163,317,289,221" step="2"/><U36/><E118/><V105/><F105/><W80/><G80/><T128/><D128/><U123/><E106/><V3/><F3/><W84/><G31/><T65/><D65/><U103/><E2/><V19/><F19/><W73/><G73/><T69/><D69/><U20/><E117/><V38/><F38/><AGARI ba="1,1" hai="25,26,38,42,44,84,86,87" m="5641,51306" machi="38" ten="30,1000,0" yaku="20,1" doraHai="96" who="3" fromWho="2" sc="163,0,317,0,289,-13,221,23" /><INIT seed="6,0,0,1,1,37" ten="163,317,276,244" oya="2" hai0="62,87,29,8,41,75,40,118,133,130,49,86,28" hai1="71,88,120,60,5,134,106,36,52,53,38,109,39" hai2="30,35,11,64,107,125,59,43,54,66,61,34,97" hai3="101,91,92,57,98,46,1,110,9,13,58,73,84"/><V45/><F125/><W19/><G73/><T83/><D75/><U119/><E109/><V132/><F132/><W65/><G110/><T56/><D133/><U85/><E106/><V117/><F117/><W79/><G79/><T112/><D130/><U129/><E119/><V89/><F11/><W99/><G1/><T127/><D112/><U2/><E129/><V68/><F30/><N who="0" m="11882" /><D127/><U10/><E134/><V108/><F108/><W102/><G65/><N who="0" m="39111" /><D118/><U67/><REACH who="1" step="1"/><E120/><REACH who="1" ten="163,307,276,244" step="2"/><V15/><F107/><W131/><G131/><T77/><D49/><U42/><E42/><N who="0" m="16489" /><D87/><U72/><E72/><V94/><F68/><W44/><G84/><T6/><D8/><U111/><E111/><V48/><F35/><W74/><G74/><T123/><D123/><U103/><E103/><V21/><F34/><W24/><G102/><T115/><D115/><U69/><E69/><V121/><F121/><W47/><G101/><T135/><D135/><U3/><E3/><V81/><F48/><W116/><G116/><T14/><D14/><U70/><E70/><V16/><F15/><W26/><G26/><T20/><D6/><U51/><E51/><V25/><F61/><W104/><G24/><T23/><AGARI ba="0,1" hai="20,23,77,83,86" m="16489,39111,11882" machi="23" ten="30,7900,0" yaku="8,1,52,3" doraHai="37" who="0" fromWho="0" sc="163,89,307,-20,276,-39,244,-20" /><INIT seed="7,0,0,0,3,123" ten="252,287,237,224" oya="3" hai0="53,39,100,30,18,104,76,68,10,67,84,124,94" hai1="81,98,17,13,49,71,34,2,63,134,130,41,129" hai2="5,95,56,32,4,54,82,9,77,118,72,109,43" hai3="7,110,89,47,58,27,103,66,111,57,38,75,21"/><W83/><G103/><T107/><D39/><U79/><E2/><V73/><F32/><W46/><G7/><T106/><D124/><U45/><E34/><V62/><F118/><W85/><G75/><T35/><D76/><U86/><E134/><V127/><F127/><W42/><G47/><T131/><D131/><U14/><E98/><V122/><F122/><W116/><G116/><T40/><D40/><U0/><E0/><V33/><F33/><W105/><G105/><T113/><D113/><U44/><E14/><V8/><F43/><W29/><REACH who="3" step="1"/><G66/><REACH who="3" ten="252,287,237,214" step="2"/><T51/><D100/><U108/><E45/><V24/><F73/><W48/><G48/><T31/><D106/><U50/><E130/><V97/><F4/><W25/><G25/><T114/><D104/><U52/><E129/><V102/><F24/><W61/><G61/><T11/><D107/><U112/><E63/><V37/><F37/><W115/><G115/><T70/><D67/><U23/><E112/><V3/><F5/><W15/><G15/><T78/><D114/><U87/><E50/><V117/><F117/><W91/><G91/><T28/><D51/><U101/><E101/><V59/><F3/><W55/><G55/><T6/><D53/><U119/><E52/><V36/><F36/><W125/><G125/><T22/><D6/><U26/><E13/><V65/><F65/><W135/><G135/><T120/><D120/><U93/><E119/><V92/><F62/><W133/><G133/><T19/><D78/><U96/><E79/><V69/><F77/><W60/><G60/><T12/><D35/><RYUUKYOKU ba="0,1" sc="252,-10,287,-10,237,-10,214,30" hai3="21,27,29,38,42,46,57,58,83,85,89,110,111" /><INIT seed="7,1,1,3,3,53" ten="242,277,227,244" oya="3" hai0="28,73,118,120,114,59,35,80,9,7,23,94,72" hai1="98,38,92,5,66,40,119,84,115,47,17,107,104" hai2="33,58,24,44,29,57,76,1,126,34,106,65,3" hai3="77,70,37,55,8,42,86,87,101,39,50,15,102"/><W41/><G70/><T20/><D120/><U132/><E115/><V26/><F106/><W67/><G67/><T108/><D108/><U48/><E132/><V31/><F126/><W10/><G77/><T93/><D35/><U2/><E119/><V99/><F76/><W103/><G15/><T68/><D68/><U96/><E66/><V27/><F65/><W32/><G32/><N who="2" m="12393" /><F44/><W14/><G14/><N who="0" m="5439" /><D73/><U134/><E134/><V124/><F99/><W128/><G128/><T105/><D105/><U113/><E113/><V46/><F46/><W25/><G25/><N who="0" m="16423" /><D72/><U109/><E109/><V135/><F135/><W85/><G55/><T11/><D11/><N who="3" m="4137" /><G50/><T16/><D114/><U21/><E38/><AGARI ba="1,1" hai="37,38,39,41,42,85,86,87,101,102,103" m="4137" machi="38" ten="40,3900,0" yaku="28,2" doraHai="53" who="3" fromWho="1" sc="242,0,277,-42,227,0,244,52" /><INIT seed="7,2,0,4,5,19" ten="242,235,227,296" oya="3" hai0="41,62,76,114,126,70,12,56,119,108,132,95,100" hai1="30,28,6,61,36,106,77,4,1,93,63,73,13" hai2="87,15,18,22,10,21,125,78,25,24,45,82,51" hai3="35,32,0,92,123,96,94,20,90,102,72,69,133"/><W127/><G0/><T43/><D70/><U29/><E106/><V34/><F125/><W52/><G123/><T47/><D108/><U83/><E36/><V65/><F65/><W49/><G72/><T112/><D119/><U116/><E116/><V37/><F37/><W103/><G69/><T26/><D76/><U7/><E1/><V122/><F122/><W68/><G68/><T107/><D107/><U89/><REACH who="1" step="1"/><E13/><REACH who="1" ten="242,225,227,296" step="2"/><V135/><F135/><W88/><G133/><T98/><D132/><U53/><E53/><N who="2" m="29935" /><F34/><W110/><G32/><T134/><D134/><U67/><E67/><V59/><F59/><W71/><G35/><T2/><D2/><U121/><E121/><V27/><AGARI ba="2,1" hai="10,15,18,21,22,24,25,27,78,82,87" m="29935" machi="27" ten="30,4000,0" yaku="8,1,52,2" doraHai="19" who="2" fromWho="2" sc="242,-12,225,-12,227,56,296,-22" /><INIT seed="8,0,0,0,1,92" ten="230,213,283,274" oya="0" hai0="120,60,34,17,32,41,124,51,11,110,61,27,134" hai1="16,8,109,33,67,117,29,55,63,131,46,56,115" hai2="59,128,47,65,3,102,79,31,26,50,38,22,20" hai3="80,74,62,72,126,111,119,0,95,107,21,127,24"/><T28/><D120/><U7/><E109/><V104/><F3/><W68/><G111/><T75/><D75/><U23/><E131/><V18/><F128/><W108/><G108/><T48/><D110/><U85/><E115/><V10/><F38/><W15/><G107/><T98/><D124/><N who="3" m="47657" /><G0/><T135/><D41/><U73/><E117/><V1/><F104/><W13/><G119/><T4/><D17/><U35/><E73/><V84/><F102/><W96/><G72/><T123/><D123/><U121/><E121/><V9/><F1/><W129/><G129/><T57/><D34/><U42/><E29/><V40/><F65/><N who="3" m="41015" /><G80/><T114/><D114/><U70/><E85/><V132/><F59/><W112/><G74/><T100/><D51/><N who="1" m="30847" /><E7/><V66/><F66/><W105/><G105/><T93/><D48/><U122/><E8/><V83/><F132/><N who="0" m="50730" /><D57/><U87/><E122/><V12/><AGARI ba="0,0" hai="9,10,12,18,20,22,26,31,40,47,50,79,83,84" machi="12" ten="20,2700,0" yaku="0,1,7,1,8,1" doraHai="92" who="2" fromWho="2" sc="230,-13,213,-7,283,27,274,-7" owari="217,-18.0,206,-29.0,310,40.0,267,7.0" /></mjloggm>