<mjloggm ver="2.3"><GO type="169" lobby="0"/><UN n0="%E3%82%A6%E3%83%AB%E3%83%88%E3%83%A9%E7%AB%8B%E7%9B%B4" n1="%EF%BC%A4%EF%BC%B2%EF%BC%AF%EF%BC%B0" n2="%74%61%6B%75%61%6B%61" n3="%E5%8F%8A%E5%B7%9D%E5%86%B0%E9%BA%97" dan="17,16,17,16" rate="2202.21,2041.07,2178.78,2081.30" sx="M,M,M,M"/><TAIKYOKU oya="0"/><INIT seed="0,0,0,0,5,16" ten="250,250,250,250" oya="0" hai0="98,125,10,89,27,124,133,91,95,11,19,62,23" hai1="32,29,12,45,33,49,67,102,99,71,80,114,120" hai2="132,75,9,135,24,25,108,1,78,63,65,59,118" hai3="31,42,77,123,39,87,103,7,85,36,106,115,60"/><T93/><D133/><N who="2" m="51274" /><F108/><W116/><G116/><T69/><D69/><U129/><E120/><V51/><F118/><W104/><G115/><T28/><D62/><U113/><E129/><V43/><F78/><W20/><G7/><T117/><D117/><U82/><E12/><V73/><F1/><W35/><G35/><T61/><D61/><N who="1" m="40431" /><E82/><V48/><F9/><W79/><G60/><T127/><REACH who="0" step="1"/><D28/><REACH who="0" ten="240,250,250,250" step="2"/><U70/><E70/><V56/><F63/><W134/><G31/><T84/><AGARI ba="0,1" hai="10,11,19,23,27,84,89,91,93,95,98,124,125,127" machi="84" ten="30,12000,1" yaku="1,1,2,1,0,1,18,1,52,1,53,0" doraHai="16" doraHaiUra="54" who="0" fromWho="0" sc="240,130,250,-40,250,-40,250,-40" /><INIT seed="0,1,0,1,1,114" ten="370,210,210,210" oya="0" hai0="123,15,41,104,127,17,50,25,92,105,75,65,46" hai1="34,107,1,93,122,55,4,16,32,134,70,43,12" hai2="133,94,118,113,102,30,115,24,59,44,135,86,40" hai3="5,103,96,116,31,90,61,19,27,111,47,29,23"/><T128/><D123/><U36/><E107/><V131/><F86/><W71/><G111/><T3/><D3/><U54/><E70/><V64/><F94/><W37/><G90/><T6/><D127/><U8/><E122/><V108/><F102/><W45/><G5/><T80/><D128/><U11/><E134/><N who="2" m="51211" /><F108/><W121/><G121/><T110/><D110/><U101/><E43/><V51/><F131/><W49/><G37/><T53/><D65/><U42/><E42/><V68/><F24/><W78/><G78/><T112/><D112/><N who="2" m="43082" /><F30/><W100/><G29/><T57/><D25/><U2/><E36/><V62/><F118/><W117/><G100/><T7/><D104/><U21/><E2/><V84/><F84/><W74/><G74/><T18/><D105/><U132/><E93/><V99/><F99/><W109/><G96/><T125/><D75/><U76/><E101/><V60/><F60/><W56/><G103/><T52/><D80/><U120/><E76/><V87/><F87/><W48/><G109/><T72/><D72/><U97/><E97/><V39/><F39/><W63/><G31/><T81/><D81/><U85/><E85/><V129/><F129/><W79/><G79/><T106/><D106/><U119/><E119/><V82/><F82/><W98/><G98/><T88/><D88/><U38/><E132/><V77/><F77/><W73/><G73/><T0/><D92/><U58/><E38/><V69/><AGARI ba="1,0" hai="40,44,51,59,62,64,68,69" m="43082,51211" machi="69" ten="40,5200,0" yaku="20,1,34,2" doraHai="114" who="2" fromWho="2" sc="370,-27,210,-14,210,55,210,-14" /><INIT seed="1,0,0,1,1,63" ten="343,196,265,196" oya="1" hai0="5,47,92,66,79,49,24,53,61,48,115,90,44" hai1="6,55,33,124,9,95,16,57,67,58,109,14,13" hai2="93,129,21,8,103,36,110,12,102,111,60,97,133" hai3="28,121,71,64,22,0,31,101,116,20,56,26,112"/><U94/><E33/><V46/><F129/><W100/><G112/><T52/><D115/><U127/><E109/><N who="2" m="41483" /><F133/><W35/><G121/><T42/><D79/><U134/><E134/><V1/><F1/><W96/><G0/><T41/><D24/><U106/><E106/><V108/><F21/><W43/><G116/><T51/><D5/><U107/><E107/><V62/><F102/><W68/><G43/><N who="0" m="16395" /><D90/><U122/><E122/><V3/><F3/><W72/><G72/><T82/><D92/><U37/><E37/><V81/><F46/><N who="0" m="17450" /><D82/><U78/><E78/><V23/><F36/><W132/><G132/><T32/><D32/><U117/><E117/><V74/><F23/><W87/><G35/><T30/><D30/><U69/><E69/><AGARI ba="0,0" hai="48,49,51,52,53,61,66,69" m="17450,16395" machi="69" ten="30,12000,2" yaku="35,5,52,1,54,1" doraHai="63" who="0" fromWho="1" sc="343,120,196,-120,265,0,196,0" /><INIT seed="2,0,0,2,1,76" ten="463,76,265,196" oya="2" hai0="75,11,72,33,20,36,21,71,131,81,97,54,91" hai1="67,17,0,133,4,80,10,6,117,44,25,3,122" hai2="19,66,52,108,47,34,85,38,132,102,28,130,1" hai3="120,77,128,134,112,93,62,13,22,23,115,107,39"/><V87/><F130/><W88/><G120/><T7/><D33/><U98/><E67/><V129/><F129/><W29/><G107/><T83/><D71/><U84/><E117/><V14/><F1/><W49/><G39/><T79/><D36/><U92/><E122/><V101/><F66/><W40/><G128/><T114/><D131/><U37/><E133/><V109/><F132/><W26/><G62/><T119/><D114/><N who="3" m="43561" /><G77/><T116/><D54/><U99/><E99/><V57/><F28/><W106/><G106/><T12/><D97/><U110/><E110/><N who="2" m="42603" /><F34/><N who="3" m="20791" /><G134/><T82/><D79/><U86/><E86/><N who="2" m="32779" /><F47/><N who="3" m="25831" /><G13/><T9/><D116/><U58/><E0/><V41/><F41/><W31/><G31/><T30/><D30/><U90/><E3/><V2/><F38/><W124/><G124/><T46/><D46/><U126/><E126/><V121/><F2/><W42/><G42/><T89/><D119/><U135/><E135/><V111/><F121/><W125/><G125/><T18/><D11/><U78/><E44/><V74/><F74/><W27/><G27/><T48/><D72/><U64/><E37/><V63/><N who="2" m="42611" /><V103/><DORA hai="35" /><F103/><W65/><G65/><T32/><D75/><U56/><E64/><V51/><F63/><W55/><G55/><T95/><D32/><U8/><E8/><AGARI ba="0,0" hai="8,14,19,51,52,57,101,102" m="32779,42611" machi="8" ten="40,7700,0" yaku="14,1,10,1,54,1" doraHai="76,35" who="2" fromWho="1" sc="463,0,76,-77,265,77,196,0" owari="463,56.0,-1,-50.0,342,14.0,196,-20.0" /></mjloggm>