<mjloggm ver="2.3"><GO type="97" lobby="0"/><UN n0="%E3%83%88%E3%83%88%E3%83%AA%E5%85%88%E7%94%9F%31%39%E6%AD%B3" n1="%63%74%75%6B%6C%79%6C%69" n2="%61%6B%61%75%73%61%67%69" n3="%6E%79%6C%6F%6E%36%36%38" dan="15,14,14,13" rate="2026.68,1914.90,1960.44,1885.66" sx="F,M,M,M"/><TAIKYOKU oya="0"/><INIT seed="0,0,0,4,0,33" ten="250,250,250,250" oya="0" hai0="53,50,84,130,96,44,73,111,100,125,25,11,45" hai1="110,7,66,71,127,95,43,39,79,118,15,82,41" hai2="122,121,126,42,105,108,63,46,116,98,129,23,40" hai3="92,48,67,77,61,14,91,0,113,86,57,8,29"/><T101/><D73/><U34/><E34/><V132/><F105/><W120/><G113/><T78/><D130/><U103/><E118/><V32/><F32/><W93/><G77/><T134/><D134/><U94/><E127/><V112/><F98/><W128/><G29/><T80/><D125/><U117/><E117/><V133/><F23/><W24/><G24/><T97/><D111/><U38/><E110/><V18/><F18/><W70/><G128/><T87/><D25/><U47/><E103/><N who="0" m="39497" /><D11/><U28/><E28/><V2/><F126/><W106/><G106/><T59/><D84/><U75/><E15/><V124/><F124/><W81/><G0/><T107/><D107/><U30/><E30/><V27/><F129/><W49/><G120/><T115/><D115/><U135/><E7/><V60/><F27/><W55/><G48/><N who="0" m="31143" /><D45/><U90/><E135/><V3/><F46/><W37/><REACH who="3" step="1"/><G37/><REACH who="3" ten="250,250,250,240" step="2"/><T109/><D109/><U62/><E90/><V6/><F108/><W52/><G52/><AGARI ba="0,1" hai="44,50,52,78,80,87,96,97" m="31143,39497" machi="52" ten="30,2900,0" yaku="8,1,54,1" doraHai="33" who="0" fromWho="3" sc="250,39,250,0,250,0,240,-29" /><INIT seed="0,1,0,0,2,90" ten="289,250,250,211" oya="0" hai0="82,73,126,0,95,64,58,134,83,132,121,17,122" hai1="9,128,54,77,56,119,46,120,37,133,89,24,135" hai2="55,26,98,31,63,67,20,79,100,85,33,39,66" hai3="22,88,12,130,75,127,103,8,59,106,60,93,13"/><T71/><D0/><U51/><E120/><N who="0" m="46185" /><D71/><U44/><E77/><V68/><F39/><W124/><G75/><T52/><D64/><U19/><E119/><V81/><F67/><W27/><G103/><T72/><D17/><U76/><E76/><V11/><F11/><W10/><G106/><T32/><D32/><U116/><E116/><V42/><F42/><W4/><G130/><T18/><D18/><U69/><E9/><V15/><F55/><W36/><G36/><T125/><D73/><U16/><E24/><V53/><F53/><W45/><G45/><N who="1" m="17514" /><E69/><V110/><F15/><W80/><G80/><N who="0" m="30763" /><D95/><U48/><E37/><V30/><F30/><N who="3" m="17783" /><G4/><T2/><D2/><U92/><E128/><V78/><F33/><W87/><G10/><T115/><D72/><U61/><E61/><V62/><F62/><W112/><G8/><T14/><D14/><U117/><E117/><V57/><F68/><W107/><G107/><T94/><D94/><U29/><E51/><V129/><F129/><W123/><G112/><T23/><D23/><U65/><E65/><V1/><F1/><W49/><G123/><T35/><D115/><U91/><E29/><V113/><F113/><W41/><G49/><N who="0" m="30991" /><D35/><U118/><E118/><V38/><F38/><W5/><G41/><T104/><D104/><U109/><E89/><N who="2" m="51375" /><F110/><W7/><G12/><T96/><D96/><N who="1" m="57375" /><E109/><V6/><F78/><W84/><G13/><T111/><D111/><U102/><E102/><V131/><F79/><W108/><G108/><T114/><D114/><U43/><E43/><V40/><F131/><W3/><G3/><RYUUKYOKU ba="1,0" sc="289,15,250,15,250,-15,211,-15" hai0="125,126,132,134" hai1="16,19,48,54,56,133,135" /><INIT seed="0,2,0,3,0,28" ten="304,265,235,196" oya="0" hai0="68,62,31,93,126,13,116,14,50,27,30,77,74" hai1="110,3,76,34,80,78,128,45,122,129,18,123,29" hai2="54,41,86,112,120,57,113,19,63,133,42,56,2" hai3="47,73,40,51,99,6,71,131,134,49,127,35,111"/><T44/><D116/><U106/><E3/><V118/><F120/><W84/><G73/><T32/><D126/><U83/><E45/><V61/><F2/><W92/><G71/><T121/><D121/><N who="1" m="46091" /><E18/><V7/><F7/><W105/><G105/><T26/><D93/><U52/><E52/><V64/><F86/><W117/><G117/><T59/><D68/><U39/><E39/><V46/><F19/><W124/><G35/><T36/><D36/><U1/><E1/><V33/><F33/><W24/><G134/><T15/><D77/><N who="1" m="29803" /><E29/><V82/><F118/><W87/><G111/><T43/><D74/><U38/><E34/><V88/><F133/><W135/><G135/><T107/><D107/><U75/><E38/><V16/><F46/><W81/><G131/><N who="1" m="50250" /><E110/><V5/><F5/><W79/><G6/><T91/><D30/><U22/><E22/><V103/><F16/><W119/><G119/><T98/><D27/><U21/><E21/><V96/><F42/><W85/><G24/><T94/><D14/><U20/><E20/><V67/><F41/><W108/><G108/><T114/><REACH who="0" step="1"/><D114/><REACH who="0" ten="294,265,235,196" step="2"/><U10/><E106/><V8/><F113/><W104/><G104/><T125/><D125/><U23/><E75/><V60/><F112/><W0/><G0/><T72/><D72/><U58/><E83/><V115/><F82/><W132/><G132/><T89/><D89/><U25/><E80/><V55/><F88/><N who="3" m="55687" /><G127/><T4/><D4/><U130/><E130/><V37/><F115/><W90/><G124/><T65/><AGARI ba="2,1" hai="13,15,26,31,32,43,44,50,59,62,65,91,94,98" machi="65" ten="20,7800,0" yaku="1,1,0,1,7,1,52,1,53,0" doraHai="28" doraHaiUra="101" who="0" fromWho="0" sc="294,94,265,-28,235,-28,196,-28" /><INIT seed="0,3,0,3,1,38" ten="388,237,207,168" oya="0" hai0="57,117,28,127,121,24,103,104,91,105,80,62,86" hai1="108,25,71,45,13,19,50,55,44,23,68,53,18" hai2="130,89,46,40,84,102,30,6,2,114,16,15,95" hai3="126,93,77,43,10,72,122,96,3,33,67,106,48"/><T82/><D117/><U81/><E108/><V1/><F114/><W66/><G106/><T37/><D121/><U49/><REACH who="1" step="1"/><E81/><REACH who="1" ten="388,227,207,168" step="2"/><V27/><F130/><W101/><G122/><T64/><D82/><U134/><E134/><V123/><F123/><W110/><G110/><T58/><D80/><U133/><E133/><V83/><F83/><W35/><G72/><T115/><D115/><U34/><E34/><V87/><F95/><W14/><G33/><T135/><D105/><U109/><E109/><V73/><F73/><W61/><G35/><T17/><D104/><U129/><E129/><V132/><F132/><W76/><G126/><T125/><D135/><U63/><E63/><V36/><F102/><W22/><G61/><T59/><D103/><U100/><E100/><V52/><F89/><W47/><G77/><T118/><D118/><U41/><E41/><V116/><F116/><W20/><G76/><T98/><D62/><U21/><AGARI ba="3,1" hai="13,18,19,21,23,25,44,45,49,50,53,55,68,71" machi="21" ten="20,5200,0" yaku="1,1,0,1,7,1,9,1,53,0" doraHai="38" doraHaiUra="70" who="1" fromWho="1" sc="388,-29,227,71,207,-16,168,-16" /><INIT seed="1,0,0,0,4,54" ten="359,298,191,152" oya="1" hai0="47,62,27,86,80,135,25,33,74,53,28,44,69" hai1="40,79,110,64,92,38,81,130,107,73,75,94,129" hai2="116,68,23,36,29,95,132,35,71,114,18,45,11" hai3="15,6,90,89,88,113,87,63,39,127,100,134,105"/><U60/><E107/><V24/><F116/><W31/><G39/><T102/><D74/><U91/><E75/><V10/><F132/><W120/><G120/><T4/><D135/><U46/><E110/><V67/><F114/><W133/><G113/><T56/><D69/><U82/><E82/><V101/><F71/><W104/><G31/><T125/><D125/><U43/><E43/><V58/><F68/><W96/><G63/><T21/><D4/><U14/><E14/><V78/><F78/><W32/><G32/><T72/><D72/><U83/><E83/><V20/><F36/><W121/><G121/><T19/><REACH who="0" step="1"/><D102/><REACH who="0" ten="349,298,191,152" step="2"/><U76/><E79/><AGARI ba="0,1" hai="19,21,25,27,28,33,44,47,53,56,62,79,80,86" machi="79" ten="30,12000,2" yaku="1,1,2,1,7,1,52,1,53,2" doraHai="54" doraHaiUra="22" who="0" fromWho="1" sc="349,130,298,-120,191,0,152,0" /><INIT seed="2,0,0,1,1,109" ten="479,178,191,152" oya="2" hai0="132,78,30,119,55,60,34,86,126,15,125,33,10" hai1="113,38,104,53,73,4,0,101,99,6,100,122,116" hai2="57,11,89,93,128,114,135,41,35,95,67,40,62" hai3="13,84,56,123,27,17,74,82,79,63,65,47,39"/><V106/><F114/><W28/><G123/><T129/><D30/><U134/><E116/><V48/><F35/><W72/><G39/><T59/><D119/><U92/><E38/><V20/><F106/><W70/><G47/><T91/><D78/><U18/><E73/><V26/><F135/><W105/><G105/><T43/><D43/><U5/><E0/><V90/><F11/><W64/><G64/><T2/><D2/><U7/><E113/><V85/><F48/><W3/><G3/><T107/><D107/><U108/><E108/><V58/><F58/><W131/><G131/><T111/><D111/><U71/><E71/><V37/><F37/><W25/><G70/><T21/><D21/><U19/><E7/><V8/><F8/><W127/><G127/><N who="0" m="48651" /><D129/><U96/><E122/><V46/><F46/><W102/><G102/><T117/><D132/><U75/><E134/><V44/><F44/><W32/><REACH who="3" step="1"/><G27/><REACH who="3" ten="479,178,191,142" step="2"/><T115/><D117/><U124/><E124/><V81/><F128/><W83/><G83/><N who="0" m="49631" /><D115/><U16/><E75/><V88/><F81/><W130/><G130/><T61/><D55/><U110/><E110/><V80/><F95/><W36/><G36/><T54/><D54/><U68/><E53/><V45/><F45/><W50/><G50/><T121/><D61/><U94/><E68/><V112/><F112/><W66/><G66/><N who="0" m="39199" /><D121/><U97/><E104/><V120/><F120/><W12/><G12/><T42/><D42/><N who="2" m="16490" /><F93/><AGARI ba="0,1" hai="4,5,6,16,18,19,92,93,94,96,97,99,100,101" machi="93" ten="50,12000,2" yaku="29,2,28,2,8,1,54,1" doraHai="109" who="1" fromWho="2" sc="479,0,178,130,191,-120,142,0" /><INIT seed="3,0,0,1,2,119" ten="479,308,71,142" oya="3" hai0="28,64,112,94,71,125,61,16,66,51,110,123,126" hai1="100,85,73,89,83,62,26,39,40,45,36,120,78" hai2="14,32,74,124,115,46,69,114,49,130,24,79,56" hai3="60,111,22,77,122,13,12,35,58,80,50,0,11"/><W106/><G106/><T43/><D110/><U101/><E26/><V54/><F69/><W132/><G35/><T52/><D123/><U98/><E120/><V6/><F130/><W21/><G0/><T1/><D1/><U59/><E36/><V82/><F124/><W3/><G122/><T91/><D28/><U129/><E129/><V133/><F133/><W10/><G3/><T90/><D43/><U99/><E99/><V118/><F118/><W93/><G132/><T27/><D66/><U4/><E4/><V47/><F115/><W95/><G111/><T81/><D112/><U53/><E98/><V2/><F114/><W29/><G50/><T134/><D81/><AGARI ba="0,0" hai="39,40,45,53,59,62,73,78,81,83,85,89,100,101" machi="81" ten="30,1000,0" yaku="7,1" doraHai="119" who="1" fromWho="0" sc="479,-10,308,10,71,0,142,0" owari="469,57.0,318,12.0,71,-43.0,142,-26.0" /></mjloggm>