<mjloggm ver="2.3"><GO type="169" lobby="0"/><UN n0="%62%75%74%69%74%61%6D%61" n1="%74%61%72%6F%33%39%30%30" n2="%E3%82%A6%E3%83%AB%E3%83%88%E3%83%A9%E7%AB%8B%E7%9B%B4" n3="%68%61%79%61%74%6F%E2%98%86" dan="17,17,17,17" rate="2166.38,2194.93,2134.56,2150.21" sx="M,M,M,M"/><TAIKYOKU oya="0"/><INIT seed="0,0,0,3,3,115" ten="250,250,250,250" oya="0" hai0="2,28,109,3,58,16,56,91,64,23,18,45,8" hai1="1,123,31,19,11,86,77,71,49,84,7,27,131" hai2="62,61,95,119,117,97,80,48,122,55,52,41,59" hai3="132,118,60,57,121,113,30,105,73,65,10,72,98"/><T78/><D109/><U107/><E123/><V51/><F80/><W106/><G113/><T126/><D126/><U4/><E71/><V87/><F87/><W46/><G121/><T104/><D104/><U13/><E107/><V93/><F122/><W37/><G30/><T50/><D78/><U34/><E131/><V108/><F41/><W129/><G129/><T124/><D124/><U36/><E36/><V99/><F59/><W112/><G112/><T111/><D111/><AGARI ba="0,0" hai="48,51,52,55,61,62,93,95,97,99,108,111,117,119" machi="111" ten="25,8000,1" yaku="22,2,52,2,54,1" doraHai="115" who="2" fromWho="0" sc="250,-80,250,0,250,80,250,0" /><INIT seed="1,0,0,1,0,100" ten="170,250,330,250" oya="1" hai0="24,108,56,64,109,63,86,123,83,105,8,82,58" hai1="9,90,6,40,110,36,7,25,10,77,0,61,121" hai2="71,88,125,52,23,79,98,27,34,47,120,128,39" hai3="84,122,112,80,4,19,69,13,118,67,85,73,95"/><U11/><E121/><V57/><F71/><W60/><G122/><T59/><D123/><U30/><E77/><V101/><F125/><W62/><G112/><T96/><D8/><U132/><E132/><V28/><F128/><W74/><G118/><T114/><D114/><U46/><E110/><N who="0" m="42601" /><D24/><U131/><E131/><V119/><F119/><W43/><G43/><T45/><D45/><U75/><E75/><V113/><F79/><W116/><G4/><T20/><D20/><U130/><E130/><V66/><F66/><W107/><G116/><T35/><D35/><U44/><E61/><V21/><F113/><W117/><G62/><T50/><D50/><U55/><E90/><V133/><F88/><W81/><G117/><T135/><D135/><U3/><E55/><V124/><F124/><W22/><G95/><T1/><D1/><U49/><E9/><V42/><F133/><W37/><G37/><T72/><D72/><U102/><E102/><V87/><F120/><W99/><G73/><T26/><D26/><U65/><E65/><V48/><F87/><W89/><G74/><T38/><D38/><U97/><E97/><V126/><F126/><W111/><G111/><T54/><D54/><U76/><E76/><V134/><F134/><W115/><G115/><T78/><D83/><U2/><E2/><V68/><F68/><W91/><G99/><T16/><D16/><U33/><E36/><V103/><F103/><AGARI ba="0,0" hai="56,58,59,63,64,78,82,86,96,103,105" m="42601" machi="103" ten="30,2000,0" yaku="14,1,52,1" doraHai="100" who="0" fromWho="2" sc="170,20,250,0,330,-20,250,0" /><INIT seed="2,0,0,4,2,44" ten="190,250,310,250" oya="2" hai0="58,55,53,132,100,71,129,72,70,28,40,77,125" hai1="98,60,122,17,86,63,83,4,87,121,8,6,43" hai2="117,135,133,27,110,112,36,48,91,111,51,45,103" hai3="31,116,74,115,46,84,26,79,99,73,130,13,21"/><V134/><F117/><W33/><G116/><T90/><D28/><U52/><E43/><N who="2" m="22759" /><F112/><W10/><G130/><T5/><D100/><U54/><E98/><V107/><F103/><W67/><G67/><T119/><D5/><N who="1" m="2155" /><E8/><V16/><F107/><W75/><G115/><T38/><D77/><U97/><E17/><V62/><F62/><N who="1" m="23593" /><E97/><V64/><F64/><W20/><G99/><T14/><D90/><U82/><E122/><V34/><F91/><W1/><G1/><T3/><D72/><U66/><E66/><V92/><F92/><W39/><G79/><T78/><D78/><N who="1" m="46423" /><E121/><V15/><F27/><W109/><G84/><T127/><D14/><U30/><E30/><V123/><F34/><W23/><G33/><T106/><D3/><U108/><E108/><N who="2" m="41515" /><F123/><W12/><G109/><T124/><D106/><U50/><E83/><V24/><F24/><W18/><G12/><T85/><D119/><U2/><E2/><V131/><F131/><W47/><G26/><T49/><D129/><U0/><E0/><V65/><F65/><W56/><G31/><T95/><D95/><U76/><E76/><V59/><F59/><W120/><G120/><T88/><D58/><N who="1" m="33047" /><E87/><V25/><F25/><W89/><G39/><T68/><D38/><U29/><E29/><V80/><F80/><W22/><G73/><T35/><D35/><U11/><E54/><V61/><F61/><W128/><G74/><T19/><D53/><U41/><E41/><V93/><F93/><W32/><G32/><T9/><D40/><U104/><E104/><V114/><F114/><W7/><G75/><RYUUKYOKU ba="0,0" sc="190,-15,250,15,310,15,250,-15" hai1="11" hai2="15,16,48,51,133,134,135" /><INIT seed="2,1,0,3,1,114" ten="175,265,325,235" oya="2" hai0="63,89,8,28,126,25,47,42,118,123,66,59,17" hai1="107,34,97,46,106,30,9,78,134,108,55,84,3" hai2="60,2,112,10,35,110,109,70,23,48,33,94,52" hai3="133,61,92,40,44,130,73,4,26,13,1,77,80"/><V117/><F112/><W65/><G130/><T102/><D123/><U53/><E108/><N who="2" m="41579" /><F117/><W16/><G133/><T49/><D126/><U19/><E134/><V120/><F120/><W68/><G26/><T96/><D89/><U43/><E30/><V135/><F135/><W76/><G76/><T93/><D118/><U67/><E34/><N who="2" m="12811" /><F23/><W6/><G92/><T122/><D122/><U15/><E3/><V74/><F94/><W116/><G1/><T5/><D17/><U103/><E107/><V100/><F100/><W57/><G68/><T105/><D105/><U72/><E72/><V86/><F86/><W12/><G12/><T104/><D104/><U22/><E22/><V24/><F74/><W90/><G90/><T88/><D102/><U20/><E20/><V32/><F32/><W125/><G125/><T37/><D25/><U127/><E127/><V75/><F75/><W132/><G116/><T18/><D28/><U62/><E84/><V0/><F10/><W113/><G113/><T38/><REACH who="0" step="1"/><D18/><REACH who="0" ten="165,265,325,235" step="2"/><U64/><E78/><V11/><F24/><W99/><G132/><T119/><D119/><U91/><E91/><V71/><F11/><W98/><G98/><T51/><D51/><U87/><E97/><V131/><F131/><W83/><G99/><T39/><D39/><U69/><E106/><V85/><F48/><W56/><G16/><T121/><D121/><U128/><E103/><V29/><F29/><W45/><G77/><T41/><D41/><U21/><E19/><V36/><F36/><W81/><G40/><T95/><D95/><U58/><E43/><RYUUKYOKU ba="1,1" sc="165,30,265,-10,325,-10,235,-10" hai0="5,8,37,38,42,47,49,59,63,66,88,93,96" /><INIT seed="3,2,1,5,5,64" ten="195,255,315,225" oya="3" hai0="70,95,99,9,111,45,82,7,131,44,73,112,116" hai1="54,121,75,97,12,23,3,106,72,37,16,132,113" hai2="62,39,2,92,87,57,8,93,90,96,25,13,40" hai3="68,1,88,38,78,123,115,50,43,125,74,51,108"/><W101/><G101/><T61/><D116/><U69/><E16/><N who="2" m="8231" /><F39/><W20/><G20/><T53/><D111/><U49/><E54/><N who="2" m="34103" /><F2/><W102/><G108/><T104/><D131/><U47/><E97/><V66/><F66/><W80/><G1/><T21/><D104/><U110/><E49/><V98/><F40/><W48/><G115/><T109/><D109/><U4/><E47/><V63/><F63/><W65/><G123/><T94/><D94/><N who="2" m="36458" /><F25/><W29/><G43/><T119/><D119/><U89/><E75/><V76/><F76/><W126/><G38/><T55/><D112/><U118/><E37/><V30/><F30/><W130/><G29/><T5/><D55/><U19/><E113/><V127/><F127/><N who="3" m="48651" /><G130/><T42/><D42/><U79/><E118/><V34/><F34/><W114/><G114/><T77/><D53/><U86/><E3/><V124/><F124/><W103/><G65/><T0/><D0/><U24/><E110/><V128/><F128/><W46/><G68/><T36/><D70/><U41/><E69/><V83/><AGARI ba="2,1" hai="83,87,90,96,98" m="36458,34103,8231" machi="83" ten="30,2000,0" yaku="8,1,54,1" doraHai="64" who="2" fromWho="2" sc="195,-7,255,-7,315,36,225,-12" /><INIT seed="4,0,0,4,5,26" ten="188,248,351,213" oya="0" hai0="39,100,43,83,103,56,3,53,55,6,116,69,124" hai1="51,0,113,52,118,95,16,87,45,88,9,7,119" hai2="64,78,89,73,34,5,106,8,23,66,38,25,102" hai3="94,47,58,74,21,15,134,123,63,82,20,81,98"/><T36/><D69/><U127/><E127/><V35/><F38/><W80/><G74/><T32/><D32/><U107/><E107/><V11/><F78/><W18/><G134/><T90/><D116/><U33/><E33/><V2/><F73/><W40/><G123/><T96/><D124/><U92/><E113/><V91/><F102/><W68/><G68/><T42/><D39/><U104/><E104/><V54/><F25/><W67/><G21/><T17/><D55/><U84/><E16/><V48/><F23/><W76/><G76/><T71/><D71/><U109/><E109/><V59/><F48/><W125/><G125/><T130/><D130/><U30/><E30/><V99/><F59/><W10/><G10/><T117/><D117/><U57/><E57/><V120/><F99/><W19/><G19/><T50/><D36/><U121/><E121/><V86/><F86/><W79/><G79/><T14/><D6/><U129/><E129/><V105/><F54/><W62/><G62/><T70/><D3/><U135/><E135/><V65/><F65/><W112/><G112/><T1/><D1/><U46/><E46/><V12/><F2/><W72/><G72/><T75/><D70/><U108/><E108/><V44/><F44/><W126/><G126/><T93/><D75/><U22/><E22/><V114/><F5/><W29/><G47/><T61/><D61/><U41/><E41/><N who="0" m="15369" /><D83/><U85/><E92/><V49/><F120/><W28/><G40/><T37/><D37/><U4/><E4/><V13/><F114/><W111/><G111/><T27/><D27/><RYUUKYOKU ba="0,0" sc="188,0,248,0,351,0,213,0" hai0="14,17,50,53,56,90,93,96,100,103" hai1="0,7,9,45,51,52,84,85,87,88,95,118,119" hai2="8,11,12,13,34,35,49,64,66,89,91,105,106" hai3="15,18,20,28,29,58,63,67,80,81,82,94,98" /><INIT seed="4,1,0,3,3,46" ten="188,248,351,213" oya="0" hai0="88,0,55,49,113,50,53,16,130,93,135,25,8" hai1="134,26,2,1,28,111,104,52,118,61,77,30,14" hai2="4,95,27,98,23,18,78,20,91,34,132,100,82" hai3="13,123,89,67,35,68,62,106,21,120,109,121,90"/><T66/><D113/><U83/><E111/><V17/><F34/><W47/><G106/><T58/><D135/><U110/><E110/><V38/><F38/><W75/><G75/><T33/><D130/><U128/><E118/><V102/><F4/><W44/><G35/><T3/><D66/><U105/><E128/><V10/><F10/><W73/><G73/><T39/><D39/><U80/><E134/><V81/><F132/><W45/><G109/><T119/><D119/><U99/><E14/><V41/><F41/><W22/><REACH who="3" step="1"/><G13/><REACH who="3" ten="188,248,351,203" step="2"/><N who="0" m="7207" /><D33/><U65/><E105/><V116/><F116/><W36/><G36/><T84/><D0/><U7/><E1/><V71/><F27/><W37/><G37/><T48/><D3/><U94/><E104/><V92/><F23/><AGARI ba="1,1" hai="21,22,23,44,45,47,62,67,68,89,90,120,121,123" machi="23" ten="50,3200,0" yaku="1,1,13,1,53,0" doraHai="46" doraHaiUra="97" who="3" fromWho="2" sc="188,0,248,0,351,-35,203,45" /><INIT seed="5,0,0,3,1,105" ten="188,248,316,248" oya="1" hai0="56,39,118,91,65,83,116,74,132,47,76,34,86" hai1="3,98,120,73,58,48,90,68,10,43,20,97,102" hai2="61,103,60,77,17,80,127,21,71,9,40,94,6" hai3="89,64,50,79,88,25,123,41,22,121,30,112,8"/><U111/><E68/><V63/><F71/><W119/><G64/><T122/><D34/><U113/><E120/><V42/><F127/><W38/><G38/><T1/><D122/><U35/><E35/><V117/><F117/><W99/><G119/><T18/><D132/><U70/><E70/><V72/><F103/><W114/><G79/><T104/><D104/><U129/><E113/><N who="3" m="43626" /><G8/><T13/><D1/><U78/><E129/><V29/><F29/><W75/><G75/><T27/><D27/><U23/><E111/><V46/><F94/><N who="3" m="56775" /><G89/><T133/><D133/><U135/><E135/><V125/><F125/><W16/><G30/><T109/><D109/><U115/><E115/><V59/><F21/><W106/><G106/><T2/><D2/><U128/><E128/><V131/><F17/><W4/><G4/><T24/><D24/><U67/><E90/><V134/><F131/><W53/><G41/><T12/><D12/><U32/><E43/><V7/><F7/><W26/><G26/><T124/><D124/><U108/><E108/><V101/><F42/><W81/><G81/><T66/><D118/><U87/><E10/><V5/><F5/><W57/><AGARI ba="0,0" hai="16,22,25,50,53,57,121,123" m="56775,43626" machi="57" ten="30,4000,0" yaku="15,1,54,2" doraHai="105" who="3" fromWho="3" sc="188,-10,248,-20,316,-10,248,40" /><INIT seed="6,0,0,4,3,36" ten="178,228,306,288" oya="2" hai0="82,112,70,45,133,128,66,80,50,6,108,24,87" hai1="37,125,12,76,47,135,78,121,40,25,27,130,61" hai2="129,113,97,83,11,119,126,39,105,115,88,100,120" hai3="122,131,56,5,77,96,99,71,31,21,48,127,14"/><V53/><F39/><W54/><G71/><T73/><D108/><U69/><E130/><V94/><F11/><W63/><G122/><T85/><D128/><U35/><E135/><V46/><F129/><W111/><G111/><T10/><D133/><U124/><E121/><V134/><F134/><W72/><G127/><N who="1" m="48714" /><E12/><V20/><F20/><W32/><G32/><T42/><D112/><N who="2" m="43082" /><F126/><W116/><G116/><T22/><D70/><U41/><E41/><V132/><F132/><W110/><G110/><T28/><D66/><N who="1" m="41167" /><E25/><V57/><F46/><W92/><G131/><T106/><D106/><U4/><E4/><V8/><F8/><W52/><G5/><T84/><REACH who="0" step="1"/><D73/><REACH who="0" ten="168,228,306,288" step="2"/><U68/><E68/><V1/><F120/><W91/><G72/><T67/><D67/><U18/><E18/><V51/><F119/><W93/><G31/><AGARI ba="0,1" hai="27,31,35,37,40,47,76,78" m="41167,48714" machi="31" ten="30,2000,0" yaku="18,1,52,1" doraHai="36" who="1" fromWho="3" sc="168,0,228,30,306,0,288,-20" /><INIT seed="7,0,0,4,1,19" ten="168,258,306,268" oya="3" hai0="7,102,98,31,91,116,56,21,20,81,113,5,62" hai1="76,28,69,8,53,94,49,100,71,36,97,64,34" hai2="72,79,40,110,45,2,134,135,63,128,93,83,131" hai3="35,55,133,59,48,105,9,89,87,39,70,90,80"/><W106/><G35/><T15/><D116/><U43/><E76/><V27/><F2/><W52/><G39/><T103/><D113/><U0/><E43/><V42/><F42/><W46/><G70/><T121/><D121/><U18/><E36/><N who="2" m="21639" /><F110/><W24/><G133/><N who="2" m="50697" /><F27/><W37/><G37/><T115/><D115/><U127/><E127/><V74/><F74/><W25/><G9/><T112/><D112/><U75/><E75/><V23/><F23/><N who="0" m="8778" /><D31/><U126/><E126/><V104/><F104/><W14/><G14/><T123/><D123/><U124/><E124/><V1/><F1/><W33/><G90/><T84/><D98/><U114/><E114/><V85/><F63/><W96/><G96/><T130/><D130/><U41/><E71/><V54/><F54/><W61/><REACH who="3" step="1"/><G24/><REACH who="3" ten="168,258,306,258" step="2"/><T95/><D81/><U13/><E0/><V16/><F16/><W101/><G101/><N who="0" m="38411" /><D15/><U119/><E13/><V11/><F11/><W107/><G107/><T122/><D122/><U22/><E8/><V10/><F10/><W88/><G88/><AGARI ba="0,1" hai="72,79,83,85,88,93,128,131" m="50697,21639" machi="88" ten="30,2000,0" yaku="20,1,54,1" doraHai="19" who="2" fromWho="3" sc="168,0,258,0,306,30,258,-20" owari="168,-33.0,258,6.0,336,43.0,238,-16.0" /></mjloggm>