<mjloggm ver="2.3"><GO type="169" lobby="0"/><UN n0="%E6%9D%89%E6%B5%A6%E4%BC%8A%E6%BE%84" n1="%74%61%6B%75%61%6B%61" n2="%E3%83%8D%E3%83%BC%E3%83%A0%E3%83%AC%E3%82%B9%EF%BC%97" n3="%E3%82%A6%E3%83%AB%E3%83%88%E3%83%A9%E7%AB%8B%E7%9B%B4" dan="17,17,17,17" rate="2208.35,2115.34,2153.69,2164.30" sx="M,M,M,M"/><TAIKYOKU oya="0"/><INIT seed="0,0,0,3,1,22" ten="250,250,250,250" oya="0" hai0="60,99,31,87,110,73,107,135,108,3,56,132,58" hai1="125,18,29,115,109,36,126,15,11,26,8,34,79" hai2="96,78,124,20,133,89,116,131,12,4,6,114,43" hai3="91,130,52,129,14,77,82,49,45,121,30,134,19"/><T28/><D73/><U95/><E109/><N who="0" m="42089" /><D3/><U70/><E36/><V113/><F78/><W1/><G1/><T13/><D87/><U112/><E70/><V81/><F43/><W42/><G91/><T23/><D58/><U71/><E71/><V38/><F38/><W59/><G82/><T62/><D62/><U127/><E95/><V25/><F96/><W75/><G77/><T123/><D123/><U46/><E46/><V54/><F89/><W16/><G75/><T94/><D107/><U40/><E40/><V118/><F81/><W9/><G121/><T5/><D5/><U64/><E64/><V80/><F80/><W105/><G105/><T53/><D13/><N who="1" m="7463" /><E79/><V55/><F12/><W97/><G97/><T66/><D53/><U41/><E41/><V117/><F55/><W0/><G59/><T48/><D48/><U90/><E90/><V2/><F54/><W27/><G42/><T67/><D67/><U51/><E51/><V37/><F37/><W74/><G74/><T98/><D98/><U85/><E85/><V72/><F72/><W68/><G68/><T61/><D61/><U24/><E24/><V21/><F2/><W44/><G0/><T111/><N who="0" m="42097" /><T83/><DORA hai="32" /><D83/><U101/><E101/><V120/><F120/><W65/><G65/><T88/><D31/><U106/><E106/><V10/><F118/><W69/><G30/><T17/><D28/><U104/><E104/><V47/><F117/><W102/><G69/><T100/><D100/><U86/><E86/><V63/><F116/><W103/><G49/><T122/><D122/><RYUUKYOKU ba="0,0" sc="250,15,250,15,250,-15,250,-15" hai0="17,23,56,60,66,88,94,99,132,135" hai1="11,15,26,29,34,112,115,125,126,127" /><INIT seed="0,1,0,5,5,98" ten="265,265,235,235" oya="0" hai0="17,108,120,52,115,39,3,56,94,58,34,112,49" hai1="74,106,97,122,131,125,59,42,86,47,12,68,61" hai2="0,19,44,45,104,36,119,63,41,124,130,103,71" hai3="126,83,111,55,43,11,128,93,60,4,100,89,65"/><T116/><D120/><U121/><E74/><V132/><F19/><W53/><G126/><T13/><D116/><U66/><E125/><V6/><F124/><W22/><G128/><T28/><D3/><U80/><E131/><V16/><F16/><W101/><G43/><T14/><D39/><U114/><E114/><V78/><F78/><W73/><G111/><T2/><D2/><U99/><E68/><V84/><F84/><W95/><G22/><T129/><D129/><U110/><E12/><V117/><F45/><W107/><G107/><T24/><D108/><U96/><E110/><V81/><F81/><W15/><G73/><T5/><D58/><U133/><E133/><V69/><F132/><W32/><G32/><T8/><REACH who="0" step="1"/><D94/><REACH who="0" ten="255,265,235,235" step="2"/><U77/><REACH who="1" step="1"/><E106/><REACH who="1" ten="255,255,235,235" step="2"/><V38/><F130/><W37/><G93/><T48/><D48/><AGARI ba="1,2" hai="42,47,48,59,61,66,77,80,86,96,97,99,121,122" machi="48" ten="40,5200,0" yaku="1,1,2,1,53,1" doraHai="98" doraHaiUra="75" who="1" fromWho="0" sc="255,-55,255,75,235,0,235,0" /><INIT seed="1,0,0,3,2,112" ten="200,330,235,235" oya="1" hai0="18,131,20,117,16,11,75,73,7,3,60,106,91" hai1="103,71,113,132,128,92,70,56,90,125,83,100,39" hai2="26,121,68,67,134,72,57,74,130,114,116,107,0" hai3="102,120,122,69,51,129,94,38,93,61,12,111,97"/><U65/><E113/><V96/><RYUUKYOKU type="yao9" ba="0,0" sc="200,0,330,0,235,0,235,0" hai2="0,26,57,67,68,72,74,96,107,114,116,121,130,134" /><INIT seed="1,1,0,3,3,110" ten="200,330,235,235" oya="1" hai0="60,72,2,1,59,94,85,116,19,7,80,46,3" hai1="35,112,24,69,133,107,120,64,114,57,103,40,71" hai2="11,50,93,87,81,75,17,58,56,98,55,132,113" hai3="97,101,90,73,53,65,16,119,42,100,52,88,41"/><U30/><E120/><V37/><F75/><W36/><G73/><T29/><D116/><U118/><E118/><V117/><F37/><W127/><G119/><T109/><D109/><U38/><E133/><V78/><F132/><W0/><G0/><T21/><D29/><U15/><E15/><N who="2" m="7423" /><F113/><N who="1" m="43625" /><E57/><N who="2" m="33015" /><F117/><W86/><G65/><T8/><D46/><N who="1" m="23831" /><E64/><V124/><F124/><W39/><G127/><T126/><D94/><U13/><E13/><V135/><F135/><W122/><G122/><T33/><D33/><U34/><E34/><V106/><F106/><W89/><G89/><AGARI ba="1,0" hai="56,58,78,81,87,89,93,98" m="33015,7423" machi="89" ten="30,1000,0" yaku="8,1" doraHai="110" who="2" fromWho="3" sc="200,0,330,0,235,13,235,-13" /><INIT seed="2,0,0,3,4,49" ten="200,330,248,222" oya="2" hai0="51,56,75,131,43,128,0,126,16,11,32,99,62" hai1="132,69,116,42,94,53,83,76,5,114,60,30,122" hai2="80,65,104,98,120,18,54,130,36,123,97,12,133" hai3="70,79,34,112,66,68,134,85,63,58,57,10,46"/><V48/><F36/><W31/><G34/><T8/><D32/><U17/><E116/><V23/><F104/><W20/><G112/><T95/><D75/><U74/><E30/><V25/><F65/><W15/><G134/><T87/><D126/><U90/><E114/><V86/><F133/><W2/><G2/><T28/><D28/><U129/><E129/><N who="0" m="49737" /><D87/><U37/><E5/><V125/><F125/><W82/><G46/><N who="0" m="26079" /><D0/><U102/><E102/><V93/><F130/><W91/><G79/><T101/><D16/><U55/><E122/><V19/><F123/><W77/><G31/><T44/><D44/><U24/><E37/><V115/><F115/><W88/><G20/><T35/><D35/><U78/><E78/><V40/><F120/><W96/><G96/><T111/><D111/><U45/><E17/><V59/><F40/><W33/><G33/><T72/><D72/><U52/><E24/><V103/><F98/><W3/><G3/><T27/><D27/><U64/><E132/><V41/><F41/><W6/><REACH who="3" step="1"/><G70/><REACH who="3" ten="200,330,248,212" step="2"/><T13/><D13/><U9/><E9/><N who="2" m="6415" /><F86/><W109/><G109/><T26/><D26/><U117/><E45/><V105/><F105/><W100/><G100/><T47/><D47/><U4/><E42/><V92/><F97/><W38/><G38/><T106/><D106/><U71/><E71/><V84/><F103/><W124/><G124/><T118/><D118/><U14/><E117/><V1/><F1/><W81/><G81/><T108/><D108/><U22/><E83/><V121/><F121/><W89/><AGARI ba="0,1" hai="6,10,15,57,58,63,66,68,77,82,85,88,89,91" machi="89" ten="30,4000,0" yaku="1,1,0,1,54,1,53,0" doraHai="49" doraHaiUra="21" who="3" fromWho="3" sc="200,-10,330,-10,248,-20,212,50" /><INIT seed="3,0,0,0,0,19" ten="190,320,228,262" oya="3" hai0="73,49,96,16,57,124,129,79,43,77,45,30,78" hai1="47,64,20,51,63,32,28,76,122,88,34,87,109" hai2="33,126,42,97,70,130,5,133,94,112,54,35,132" hai3="82,123,90,119,31,58,68,4,115,60,18,36,106"/><W25/><G123/><T23/><D129/><U113/><E122/><V116/><F70/><W128/><G119/><T40/><D124/><U92/><E109/><V71/><F71/><W108/><G115/><T56/><D73/><U95/><E113/><V22/><F42/><W105/><G68/><T38/><D30/><U0/><E0/><V65/><F65/><W46/><G4/><T93/><D43/><N who="1" m="25087" /><E34/><V98/><F98/><W11/><G128/><T26/><REACH who="0" step="1"/><D38/><REACH who="0" ten="180,320,228,262" step="2"/><U72/><E72/><V118/><F126/><W107/><G36/><T104/><D104/><U66/><E28/><V135/><F130/><W83/><G106/><T41/><D41/><U84/><E66/><V127/><F127/><W7/><G107/><T131/><D131/><U52/><E64/><V50/><F112/><W117/><G105/><T120/><D120/><U29/><E29/><V61/><F118/><W24/><G31/><T101/><AGARI ba="0,1" hai="16,23,26,40,45,49,56,57,77,78,79,93,96,101" machi="101" ten="30,8000,1" yaku="1,1,0,1,8,1,52,1,54,1,53,0" doraHai="19" doraHaiUra="62" who="0" fromWho="0" sc="180,90,320,-20,228,-20,262,-40" /><INIT seed="4,0,0,4,1,59" ten="270,300,208,222" oya="0" hai0="101,5,12,52,99,36,39,22,3,117,10,41,130" hai1="40,19,9,100,69,35,115,45,20,57,62,43,92" hai2="29,63,77,2,48,102,49,31,125,127,126,6,56" hai3="70,83,107,53,85,93,110,42,132,103,128,89,74"/><T124/><D117/><U94/><E35/><V76/><F102/><W24/><G42/><T60/><D130/><U11/><E115/><V79/><F6/><W16/><G110/><T21/><D124/><U109/><E69/><V1/><F56/><W37/><G37/><T34/><D34/><U44/><E109/><V30/><REACH who="2" step="1"/><F63/><REACH who="2" ten="270,300,198,222" step="2"/><W7/><G7/><T26/><D60/><U133/><E100/><V18/><F18/><W96/><G128/><T47/><D101/><U87/><E57/><V51/><AGARI ba="0,1" hai="1,2,29,30,31,48,49,51,76,77,79,125,126,127" machi="51" ten="50,32000,5" yakuman="40" doraHai="59" doraHaiUra="71" who="2" fromWho="2" sc="270,-160,300,-80,198,330,222,-80" /><INIT seed="5,0,0,1,2,26" ten="110,220,528,142" oya="1" hai0="131,81,82,86,5,41,61,63,73,9,19,27,1" hai1="65,113,24,124,10,20,36,0,125,68,99,57,83" hai2="17,56,28,45,107,80,60,52,123,47,135,15,43" hai3="55,50,116,21,118,39,74,59,85,132,94,130,108"/><U109/><E113/><V2/><F2/><W16/><G39/><T111/><D111/><U120/><E120/><V23/><F107/><W70/><G70/><T133/><D131/><U38/><E68/><V14/><F123/><W115/><G74/><T95/><D133/><U18/><E109/><V71/><F71/><W72/><G72/><T42/><D95/><U119/><E119/><N who="3" m="45610" /><G108/><T88/><D42/><U92/><E83/><V22/><F43/><W75/><G75/><T110/><D110/><U12/><E0/><V79/><F135/><W58/><G130/><T129/><D129/><U128/><E128/><V40/><F40/><W11/><G11/><T106/><D106/><U34/><E34/><V76/><F80/><W127/><G127/><N who="1" m="48714" /><E57/><V89/><F89/><N who="3" m="53551" /><G132/><T100/><D73/><U67/><E65/><V51/><F45/><N who="3" m="28111" /><G115/><T91/><D81/><U32/><E67/><V114/><F114/><W121/><G121/><T90/><D82/><U122/><E32/><V126/><F126/><W37/><G37/><T44/><D9/><U33/><E33/><V84/><F84/><W6/><G6/><T31/><D86/><U64/><E64/><N who="2" m="38919" /><F15/><AGARI ba="0,0" hai="15,16,21,58,59" m="28111,53551,45610" machi="15" ten="30,2000,0" yaku="12,1,54,1" doraHai="26" who="3" fromWho="2" sc="110,0,220,0,528,-20,142,20" /><INIT seed="6,0,0,5,2,74" ten="110,220,508,162" oya="2" hai0="33,56,135,86,6,114,17,83,96,0,101,105,16" hai1="36,75,35,23,120,12,9,42,38,71,58,51,63" hai2="19,61,109,111,107,91,124,30,70,52,132,127,84" hai3="110,67,7,66,1,11,98,65,90,10,41,103,50"/><V21/><F107/><W93/><G110/><T97/><D114/><U13/><E35/><V81/><F30/><W49/><G41/><T119/><D135/><U55/><E75/><V102/><F102/><W15/><REACH who="3" step="1"/><G103/><REACH who="3" ten="110,220,508,152" step="2"/><T128/><D119/><U32/><E42/><V77/><F111/><W72/><G72/><T57/><D128/><U88/><E120/><V37/><F109/><W18/><AGARI ba="0,1" hai="1,7,10,11,15,18,49,50,65,66,67,90,93,98" machi="18" ten="30,2000,0" yaku="1,1,0,1,53,0" doraHai="74" doraHaiUra="76" who="3" fromWho="3" sc="110,-5,220,-5,508,-10,152,30" /><INIT seed="7,0,0,1,2,41" ten="105,215,498,182" oya="3" hai0="125,40,116,104,87,91,107,43,39,86,124,129,83" hai1="62,133,88,113,94,110,9,20,35,111,73,106,21" hai2="14,92,10,3,51,103,49,34,68,5,120,55,82" hai3="28,74,1,6,132,84,114,81,97,18,99,89,77"/><W70/><G70/><T69/><D69/><U115/><E106/><V63/><F34/><W123/><G123/><T44/><D116/><U50/><E35/><V8/><F82/><W25/><G6/><T22/><D129/><U102/><E102/><V53/><F103/><W75/><G1/><T105/><D22/><N who="1" m="8811" /><E73/><V76/><F76/><W37/><G28/><T126/><D87/><N who="1" m="52511" /><E62/><V17/><F92/><W96/><G37/><T54/><D43/><U65/><E65/><V128/><F128/><W58/><G132/><T29/><D29/><U2/><E50/><V26/><F26/><W12/><G25/><T24/><D24/><U27/><E27/><V119/><F119/><W19/><G75/><T30/><D30/><U11/><E133/><V31/><F31/><W95/><G12/><T72/><D72/><U135/><E135/><V118/><F118/><W33/><G33/><T93/><REACH who="0" step="1"/><D54/><REACH who="0" ten="95,215,498,182" step="2"/><U32/><E32/><V117/><F117/><W0/><G84/><T36/><D36/><U131/><E131/><V59/><F120/><W100/><G74/><T23/><D23/><U122/><E122/><V15/><F68/><W61/><G97/><T64/><D64/><U71/><E71/><V7/><F55/><W112/><G99/><T4/><D4/><U79/><E111/><V85/><F85/><W16/><G96/><T56/><D56/><U47/><E110/><V130/><F130/><W108/><G58/><T45/><D45/><U66/><E47/><V80/><F80/><AGARI ba="0,1" hai="39,40,44,80,83,86,91,93,104,105,107,124,125,126" machi="80" ten="50,6400,0" yaku="1,1,18,1,52,1,53,0" doraHai="41" doraHaiUra="60" who="0" fromWho="2" sc="95,74,215,0,498,-64,182,0" owari="169,-33.0,215,2.0,434,53.0,182,-22.0" /></mjloggm>