<mjloggm ver="2.3"><GO type="41" lobby="0"/><UN n0="%E3%83%9E%E3%83%A4%E3%82%A6%E3%83%AB%E2%98%86" n1="%E3%81%AF%E3%81%90%E3%82%8A%E3%82%93%EF%BC%A0" n2="%E5%B0%B1%E6%B4%BB%E7%94%9F%40%E5%B7%9D%E6%9D%91%E8%BB%8D%E5%9B%A3" n3="%E5%85%83%E7%8F%8D" dan="13,17,15,15" rate="1908.12,2003.82,2014.23,2048.74" sx="F,M,M,M"/><TAIKYOKU oya="0"/><INIT seed="0,0,0,2,3,9" ten="250,250,250,250" oya="0" hai0="25,50,75,47,94,42,34,115,68,99,33,48,24" hai1="43,15,106,18,51,6,17,55,88,77,133,85,105" hai2="69,107,103,112,125,40,57,44,62,32,109,126,1" hai3="63,53,64,2,21,129,89,61,78,0,45,93,29"/><T67/><D115/><U100/><E133/><V54/><F32/><W91/><G129/><T110/><D75/><U36/><E77/><V80/><F1/><W131/><G131/><T98/><D98/><U19/><E100/><V127/><F107/><W41/><G78/><T31/><D110/><U58/><E36/><N who="2" m="21511" /><F103/><W97/><G53/><T101/><D67/><U20/><E43/><V60/><F80/><W26/><G91/><T135/><D68/><U56/><E6/><V132/><F112/><W90/><G90/><T65/><D65/><U30/><E30/><V35/><F35/><W28/><G28/><T118/><D135/><U96/><E58/><N who="2" m="34903" /><F132/><W13/><G63/><T46/><D118/><U92/><E96/><V121/><F121/><W8/><G45/><T59/><D59/><U122/><E122/><V66/><F109/><W72/><G41/><T74/><D74/><U39/><E39/><V84/><F84/><W12/><G72/><T130/><D130/><U37/><E37/><V3/><F3/><W134/><G134/><T113/><D113/><U83/><E83/><V23/><F23/><W128/><G128/><T117/><D117/><U38/><E38/><V16/><F16/><AGARI ba="0,0" hai="15,16,17,18,19,20,51,55,56,85,88,92,105,106" machi="16" ten="40,8000,1" yaku="25,2,52,1,54,2" doraHai="9" who="1" fromWho="2" sc="250,0,250,80,250,-80,250,0" /><INIT seed="1,0,0,3,5,65" ten="250,330,170,250" oya="1" hai0="114,32,14,24,82,80,73,62,33,18,23,110,95" hai1="94,57,46,8,29,98,79,55,40,9,19,92,135" hai2="71,104,10,50,53,69,43,96,113,22,38,129,115" hai3="112,108,107,34,59,54,41,117,2,99,72,5,12"/><U15/><E135/><V75/><F75/><W11/><G112/><N who="2" m="43081" /><F10/><W88/><G34/><T91/><D114/><U63/><E79/><V103/><F129/><W127/><G72/><T1/><D1/><U39/><E29/><V0/><F0/><W4/><G108/><T3/><D3/><U83/><E83/><V61/><F61/><W47/><G127/><T51/><D110/><U21/><REACH who="1" step="1"/><E92/><REACH who="1" ten="250,320,170,250" step="2"/><V7/><F7/><W76/><G107/><T87/><D82/><U74/><E74/><V121/><F121/><W16/><G117/><T64/><D73/><U101/><AGARI ba="0,1" hai="8,9,15,19,21,39,40,46,55,57,63,94,98,101" machi="101" ten="20,3900,0" yaku="1,1,0,1,7,1,53,0" doraHai="65" doraHaiUra="25" who="1" fromWho="1" sc="250,-13,320,49,170,-13,250,-13" /><INIT seed="1,1,0,5,0,16" ten="237,369,157,237" oya="1" hai0="37,14,128,104,62,91,111,65,105,96,120,66,100" hai1="54,46,10,102,17,43,89,124,115,92,0,90,118" hai2="132,52,67,51,113,41,123,114,76,97,85,39,69" hai3="5,18,25,53,57,49,21,29,107,34,121,108,130"/><U99/><E118/><V11/><F123/><W84/><G121/><T64/><D105/><U35/><E115/><N who="2" m="44043" /><F97/><W31/><G107/><T7/><D37/><U122/><E122/><V129/><F11/><W45/><G108/><T78/><D78/><U8/><E124/><V61/><F76/><W103/><G130/><T116/><D116/><U72/><E72/><V131/><F85/><W1/><G103/><T98/><D128/><N who="2" m="49226" /><F132/><W47/><G31/><T77/><D77/><U70/><E35/><V27/><F27/><W55/><G55/><T75/><D75/><U68/><E10/><V32/><F32/><W20/><G34/><T126/><D98/><U83/><E54/><V44/><F39/><W80/><G5/><T4/><D4/><U9/><E9/><V40/><AGARI ba="1,0" hai="40,41,44,51,52,61,67,69" m="49226,44043" machi="40" ten="40,8000,1" yaku="11,1,19,1,34,2,54,1" doraHai="16" who="2" fromWho="2" sc="237,-21,369,-41,157,83,237,-21" /><INIT seed="2,0,0,4,3,103" ten="216,328,240,216" oya="2" hai0="61,33,23,29,57,2,109,40,38,21,4,105,116" hai1="83,119,85,99,20,129,93,107,13,120,25,87,117" hai2="97,71,8,76,104,43,70,124,51,42,41,78,59" hai3="26,115,101,81,55,102,127,7,111,28,11,35,36"/><V123/><F123/><W86/><G36/><T15/><D2/><U48/><E120/><V73/><F124/><W6/><G111/><T56/><D33/><U45/><E129/><V19/><F73/><W63/><G127/><T95/><D116/><U24/><E107/><V17/><F51/><W64/><G55/><T30/><D109/><U68/><E68/><V66/><F59/><W88/><G115/><T133/><D105/><U91/><E119/><V49/><F49/><W94/><G81/><T46/><D133/><U122/><E117/><V14/><F19/><W92/><G92/><T77/><D56/><U130/><E130/><V134/><F134/><W128/><G128/><T54/><D77/><U47/><E87/><V31/><F31/><W131/><G7/><T53/><D53/><U34/><E34/><V113/><F113/><W9/><G9/><T18/><D4/><U112/><E112/><V50/><F50/><W74/><G74/><T100/><D100/><U132/><E122/><V60/><REACH who="2" step="1"/><F70/><REACH who="2" ten="216,328,230,216" step="2"/><W135/><G135/><T98/><D30/><U110/><E132/><V44/><F44/><W126/><G131/><T90/><D29/><U108/><E47/><V106/><F106/><W82/><G126/><T69/><D69/><U67/><E108/><V84/><F84/><W16/><G16/><T72/><D72/><U89/><E110/><V5/><F5/><W27/><G6/><T121/><D121/><U79/><E48/><V10/><F10/><AGARI ba="0,1" hai="10,15,18,21,23,38,40,46,54,57,61,90,95,98" machi="10" ten="30,1000,0" yaku="7,1" doraHai="103" who="0" fromWho="2" sc="216,20,328,0,230,-10,216,0" /><INIT seed="3,0,0,4,5,116" ten="236,328,220,216" oya="3" hai0="34,125,60,91,70,95,46,135,27,38,100,108,42" hai1="40,134,128,80,49,12,53,37,104,59,14,68,96" hai2="39,63,74,72,84,127,31,119,6,87,130,78,44" hai3="45,92,121,25,66,48,110,16,21,29,86,67,107"/><W115/><G107/><T106/><D108/><U98/><E128/><V0/><F119/><W43/><G115/><T62/><D125/><U133/><E68/><V82/><F127/><W17/><G110/><T94/><D135/><N who="1" m="51723" /><E80/><V26/><F74/><W5/><G121/><T118/><D118/><U75/><E75/><V111/><F63/><W71/><G5/><T89/><D62/><U52/><E53/><V30/><F130/><W76/><G71/><T117/><D117/><U11/><E104/><V101/><F101/><W105/><G105/><T1/><D1/><U22/><E22/><N who="2" m="15703" /><F31/><W54/><G43/><T93/><D100/><U112/><E112/><V4/><F4/><W58/><G45/><T18/><D106/><U90/><E90/><V103/><F103/><W109/><G109/><T7/><D70/><U47/><E14/><V64/><F64/><N who="3" m="24619" /><G76/><T65/><D65/><U99/><E98/><V113/><F113/><W3/><G3/><T69/><D69/><U13/><E13/><V81/><F111/><W9/><G9/><T88/><D60/><U23/><E23/><V73/><F6/><AGARI ba="0,0" hai="6,11,12,37,40,47,49,52,59,96,99" m="51723" machi="6" ten="30,2000,0" yaku="20,1,54,1" doraHai="116" who="1" fromWho="2" sc="236,0,328,20,220,-20,216,0" /><INIT seed="4,0,0,0,1,114" ten="236,348,200,216" oya="0" hai0="8,126,15,109,62,88,53,6,64,28,129,65,128" hai1="98,124,38,5,44,82,76,18,41,22,17,110,14" hai2="74,11,1,52,61,80,78,75,48,99,69,96,16" hai3="4,9,130,24,30,118,7,108,0,70,105,31,90"/><T63/><D126/><U85/><E124/><V39/><F75/><W107/><G70/><T32/><D32/><U36/><E110/><V116/><F39/><W51/><G108/><T89/><D28/><U73/><E38/><V93/><F1/><W94/><G130/><N who="0" m="50283" /><D109/><U26/><E98/><V117/><F69/><W135/><G135/><T86/><D89/><U29/><E5/><V87/><F61/><N who="0" m="23050" /><D53/><U57/><E57/><N who="2" m="32903" /><F74/><W122/><G122/><T133/><D133/><U3/><E3/><V112/><F93/><AGARI ba="0,0" hai="6,8,15,64,65,86,88,93" m="23050,50283" machi="93" ten="30,2900,0" yaku="19,1,54,1" doraHai="114" who="0" fromWho="2" sc="236,29,348,0,200,-29,216,0" /><INIT seed="4,1,0,0,1,79" ten="265,348,171,216" oya="0" hai0="36,78,23,73,21,35,50,105,123,130,25,45,75" hai1="48,93,39,3,74,101,70,100,27,92,28,30,65" hai2="124,11,55,68,53,15,60,24,81,66,61,131,88" hai3="51,1,47,46,42,52,104,40,13,34,8,2,118"/><T127/><D36/><U103/><E39/><V94/><F131/><W59/><G118/><T107/><D35/><U84/><E74/><V117/><F124/><W43/><G104/><T119/><D75/><U12/><E3/><V126/><F126/><W120/><G34/><T129/><D123/><U102/><E70/><V121/><F121/><W37/><G120/><T0/><D0/><U56/><E12/><V17/><F117/><W76/><G76/><T72/><D72/><U5/><E5/><V49/><F24/><W63/><REACH who="3" step="1"/><G43/><REACH who="3" ten="265,348,171,206" step="2"/><T125/><D107/><U108/><E108/><V22/><F61/><W57/><G57/><T54/><D105/><U67/><E56/><V98/><F49/><W10/><G10/><T20/><D119/><U87/><E48/><V86/><REACH who="2" step="1"/><F11/><REACH who="2" ten="265,348,161,206" step="2"/><W29/><G29/><T109/><D125/><U106/><E30/><V44/><F44/><W32/><G32/><T9/><D9/><U16/><E28/><V91/><AGARI ba="1,2" hai="15,17,22,53,55,60,66,68,81,86,88,91,94,98" machi="91" ten="20,8000,1" yaku="1,1,0,1,7,1,52,1,54,1,53,0" doraHai="79" doraHaiUra="96" who="2" fromWho="2" sc="265,-41,348,-21,161,103,206,-21" /><INIT seed="5,0,0,1,2,55" ten="224,327,264,185" oya="1" hai0="91,64,16,117,97,54,118,47,57,81,116,51,52" hai1="84,94,104,109,20,124,77,115,36,121,130,2,37" hai2="78,28,42,90,75,108,92,7,119,63,135,56,17" hai3="44,38,23,31,68,19,3,35,133,73,107,93,48"/><U88/><E121/><V111/><F119/><W106/><G38/><T43/><D64/><U110/><E115/><V76/><F135/><W99/><G73/><T82/><D91/><U85/><E2/><V95/><F7/><W123/><G123/><T40/><D97/><U134/><E37/><V70/><F70/><W71/><G3/><T102/><D102/><U127/><E36/><V66/><F28/><W30/><G133/><T11/><D40/><U0/><E0/><V86/><F42/><W98/><G71/><T96/><D96/><U125/><E134/><V41/><F41/><W79/><G79/><T74/><D74/><U132/><E132/><V101/><F17/><W1/><G1/><T8/><D8/><U69/><E69/><V45/><F45/><W83/><G83/><T61/><D11/><U32/><E32/><V120/><F120/><W15/><G68/><T18/><REACH who="0" step="1"/><D43/><REACH who="0" ten="214,327,264,185" step="2"/><U80/><E125/><V49/><F75/><W89/><G99/><T6/><D6/><U22/><E124/><V87/><F101/><W25/><REACH who="3" step="1"/><G31/><REACH who="3" ten="214,327,264,175" step="2"/><T5/><D5/><U65/><E127/><V59/><F78/><W60/><G60/><T112/><D112/><U33/><E77/><V100/><F76/><W29/><G29/><T128/><D128/><U122/><E130/><V27/><F63/><W58/><G58/><T50/><D50/><U129/><E129/><V39/><F49/><W72/><G72/><T34/><D34/><U24/><E33/><V26/><F39/><W67/><G67/><T12/><D12/><U126/><E126/><V46/><F66/><RYUUKYOKU ba="0,2" sc="214,15,327,-15,264,-15,175,15" hai0="16,18,47,51,52,54,57,61,81,82,116,117,118" hai3="15,19,23,25,30,35,44,48,89,93,98,106,107" /><INIT seed="6,1,2,1,2,5" ten="229,312,249,190" oya="2" hai0="78,37,59,43,58,45,84,47,133,118,10,51,11" hai1="74,49,68,105,56,27,89,20,128,81,1,73,113" hai2="111,94,98,22,117,132,26,131,61,122,21,69,97" hai3="3,100,31,60,85,38,14,33,30,109,102,9,17"/><V83/><F117/><W4/><G109/><T19/><D118/><U55/><E113/><V57/><F122/><W123/><G123/><T28/><D133/><U106/><E68/><V24/><F69/><W15/><G38/><T91/><D78/><U70/><E70/><V86/><F132/><W35/><G35/><T75/><D75/><U88/><E1/><V114/><F131/><W46/><G46/><N who="0" m="26079" /><D28/><N who="3" m="10793" /><G3/><T63/><D37/><U115/><E115/><V52/><F114/><W90/><G60/><T25/><D19/><U80/><E128/><V121/><F111/><W6/><G33/><T62/><D25/><N who="2" m="9834" /><F121/><W72/><G72/><T23/><D23/><N who="2" m="8714" /><F94/><N who="3" m="54607" /><G6/><T116/><D116/><U53/><E20/><AGARI ba="1,2" hai="4,9,14,15,17,20,100,102" m="54607,10793" machi="20" ten="30,2000,0" yaku="8,1,52,1" doraHai="5" who="3" fromWho="1" sc="229,0,312,-23,249,0,190,43" /><INIT seed="7,0,0,5,3,103" ten="229,289,249,233" oya="3" hai0="38,42,110,52,123,105,35,58,127,75,71,43,114" hai1="5,81,133,22,8,39,41,113,84,48,115,95,122" hai2="85,16,76,74,129,11,66,30,97,27,13,1,12" hai3="128,112,14,83,9,60,25,69,10,34,67,44,72"/><W132/><G112/><N who="1" m="43082" /><E122/><V98/><F74/><W131/><G132/><T134/><D110/><U31/><E133/><V33/><F129/><N who="3" m="49739" /><G44/><T32/><D75/><U51/><E95/><V61/><F1/><W91/><G14/><T59/><D105/><U100/><E100/><V79/><F13/><W109/><G109/><T117/><D71/><U7/><E39/><V111/><F111/><W17/><G17/><T21/><D38/><U119/><E119/><V102/><F85/><N who="3" m="50623" /><G72/><T0/><D117/><U53/><E41/><V63/><F98/><W65/><G65/><T93/><D43/><U89/><E53/><V94/><F63/><W124/><G124/><T56/><D42/><U88/><E89/><V28/><REACH who="2" step="1"/><F30/><AGARI ba="0,0" hai="9,10,25,30,34,60,67,69" m="50623,49739" machi="30" ten="30,1500,0" yaku="19,1" doraHai="103" who="3" fromWho="2" sc="229,0,289,0,249,-15,233,15" /><INIT seed="7,1,0,0,4,133" ten="229,289,234,248" oya="3" hai0="93,24,88,4,19,48,6,116,59,53,82,84,121" hai1="50,14,67,125,83,77,57,15,12,110,132,113,0" hai2="68,34,1,28,31,27,126,20,130,41,112,61,111" hai3="13,102,124,63,127,117,23,129,72,33,7,40,44"/><W91/><G117/><T92/><D121/><U39/><E110/><V120/><F111/><W122/><G33/><T128/><D116/><U87/><E39/><V115/><F41/><W37/><G122/><T36/><D128/><U22/><E0/><V79/><F120/><W107/><G72/><T55/><D36/><U8/><E132/><V101/><F101/><W65/><G129/><T98/><D93/><U18/><E113/><N who="2" m="43595" /><F1/><W26/><G91/><T46/><D24/><N who="1" m="14423" /><E125/><N who="3" m="48202" /><G102/><T118/><D19/><N who="1" m="8583" /><E50/><V108/><F126/><W62/><G107/><T17/><D17/><U80/><E83/><V42/><F108/><W90/><G90/><T85/><D85/><U51/><E51/><V73/><F130/><W123/><G123/><T11/><D118/><U29/><E29/><V69/><F34/><W97/><G97/><T47/><D47/><U16/><E16/><V3/><F3/><W32/><G32/><T52/><D59/><U49/><E49/><V64/><F69/><W43/><G43/><T86/><D86/><U99/><E99/><V35/><F42/><W71/><G63/><AGARI ba="1,0" hai="14,15,57,63,67,77,80,87" m="8583,14423" machi="63" ten="30,1000,0" yaku="8,1" doraHai="133" who="1" fromWho="3" sc="229,0,289,13,234,0,248,-13" owari="229,-27.0,302,40.0,234,-17.0,235,4.0" /></mjloggm>