<mjloggm ver="2.3"><GO type="225" lobby="0"/><UN n0="%E5%A4%A9%E7%A9%BA%73%61%79%61" n1="%E3%81%8A%E3%83%BC%E3%81%8F%E3%82%8A%E3%83%BC%E2%99%AA" n2="%E5%B0%B1%E6%B4%BB%E7%94%9F%40%E5%B7%9D%E6%9D%91%E8%BB%8D%E5%9B%A3" n3="%E6%B7%AB%E7%8D%A3%E5%AE%AE%E8%97%A4" dan="16,17,16,16" rate="2149.11,2147.50,2049.98,2143.01" sx="M,M,M,M"/><TAIKYOKU oya="0"/><INIT seed="0,0,0,3,0,3" ten="250,250,250,250" oya="0" hai0="13,95,34,84,113,30,93,26,109,39,72,60,127" hai1="49,7,106,86,2,25,134,125,57,132,121,0,61" hai2="104,5,114,20,67,82,77,98,44,69,31,29,105" hai3="62,40,76,115,103,92,28,130,46,78,11,74,87"/><T6/><D113/><U131/><E106/><V1/><F114/><W118/><G118/><T116/><D72/><U96/><E121/><V73/><F20/><W71/><G115/><T91/><D116/><U54/><E125/><V16/><F16/><W85/><G130/><T48/><D39/><U21/><E131/><V55/><F55/><W89/><G74/><T102/><D127/><U15/><E96/><V112/><F31/><W56/><G71/><T117/><D117/><U41/><E86/><V68/><F29/><W32/><G103/><T37/><D37/><U133/><E41/><V36/><F112/><W64/><G85/><T129/><D129/><U94/><E94/><V65/><F65/><W66/><G66/><T22/><D109/><U111/><E49/><V14/><F14/><W35/><G11/><N who="0" m="4343" /><D34/><U47/><E47/><V80/><F80/><W81/><G28/><T110/><D110/><U83/><E83/><V9/><F67/><W63/><G63/><T24/><D24/><U119/><E111/><V128/><F128/><W123/><G123/><T58/><D48/><U51/><E51/><V100/><F105/><W59/><G59/><T38/><D38/><U135/><E119/><V90/><REACH who="2" step="1"/><F90/><REACH who="2" ten="250,250,240,250" step="2"/><W101/><G32/><T53/><D102/><U4/><E132/><V42/><AGARI ba="0,1" hai="1,5,9,36,42,44,68,69,73,77,82,98,100,104" machi="42" ten="30,16000,3" yaku="1,1,2,1,0,1,25,2,33,3,52,1,53,1" doraHai="3" doraHaiUra="99" who="2" fromWho="2" sc="250,-80,250,-40,240,170,250,-40" /><INIT seed="1,0,0,5,0,65" ten="170,210,410,210" oya="1" hai0="96,64,17,131,126,125,133,114,134,108,79,78,122" hai1="20,123,118,30,132,36,15,89,92,0,88,113,9" hai2="3,22,49,40,120,42,66,48,39,23,44,61,129" hai3="74,85,84,8,38,25,33,124,28,73,47,91,34"/><U29/><E118/><V127/><F3/><W111/><G34/><T35/><D64/><U99/><E113/><V5/><F120/><W37/><G124/><N who="0" m="47723" /><D35/><U104/><E123/><V31/><F127/><W46/><G111/><T75/><D122/><U43/><E104/><V10/><F129/><W52/><G46/><T19/><D114/><U68/><E68/><V70/><F31/><W54/><G84/><T121/><D121/><U97/><E0/><V76/><F76/><N who="0" m="29226" /><D108/><U101/><E132/><N who="0" m="50793" /><D75/><U109/><E109/><V83/><F83/><W7/><G74/><T93/><D131/><U55/><E55/><V4/><F39/><W86/><G73/><T80/><D80/><U130/><E130/><V41/><F48/><W57/><G47/><T6/><D6/><N who="1" m="3511" /><E43/><V102/><F102/><AGARI ba="0,0" hai="17,19,93,96,102" m="50793,29226,47723" machi="102" ten="30,2000,0" yaku="18,1,20,1" doraHai="65" who="0" fromWho="2" sc="170,20,210,0,410,-20,210,0" /><INIT seed="2,0,0,1,4,20" ten="190,210,390,210" oya="2" hai0="111,130,1,11,70,84,117,9,103,49,57,50,51" hai1="128,79,83,64,4,114,13,129,40,34,92,121,63" hai2="88,59,85,80,132,66,131,52,60,77,54,67,5" hai3="56,74,30,116,58,68,6,72,0,109,27,91,48"/><V118/><F118/><W89/><G68/><T112/><D103/><U22/><E34/><V62/><F131/><N who="1" m="50249" /><E114/><V134/><F5/><W55/><G116/><T21/><D70/><N who="1" m="42271" /><E40/><V2/><F2/><W75/><G109/><T31/><D117/><U19/><E92/><V125/><F125/><W3/><G58/><T124/><D124/><U101/><E101/><V47/><F77/><W115/><G115/><T133/><D130/><U99/><E99/><V86/><F86/><W110/><G110/><T126/><D126/><U42/><E42/><V26/><F26/><W69/><G69/><T32/><D32/><U65/><E65/><V7/><F7/><W38/><G38/><T78/><D112/><U123/><E4/><V119/><F119/><W97/><G6/><T96/><D111/><U35/><E35/><V23/><F23/><W36/><G36/><T24/><D1/><U107/><E107/><V15/><F15/><W93/><REACH who="3" step="1"/><G91/><REACH who="3" ten="190,210,390,200" step="2"/><T82/><D133/><N who="2" m="51306" /><F47/><W41/><G41/><T8/><D96/><U105/><E105/><V94/><F66/><W53/><G53/><AGARI ba="0,1" hai="8,9,11,21,24,31,49,50,51,53,57,78,82,84" machi="53" ten="40,2600,0" yaku="8,1,52,1" doraHai="20" who="0" fromWho="3" sc="190,36,210,0,390,0,200,-26" /><INIT seed="3,0,0,2,4,11" ten="226,210,390,174" oya="3" hai0="27,94,34,125,85,81,63,75,70,131,134,113,108" hai1="12,132,47,56,50,5,41,45,28,20,72,48,118" hai2="73,62,128,52,90,98,105,119,42,39,133,23,29" hai3="57,53,51,107,61,135,59,88,55,49,104,97,30"/><W9/><G135/><T21/><D108/><U100/><E72/><V6/><F73/><W124/><G124/><T44/><D75/><U77/><E132/><V26/><F119/><W66/><G30/><T109/><D109/><U86/><E100/><V25/><F133/><W115/><G115/><T112/><D34/><U32/><E32/><V114/><F128/><W7/><G97/><T101/><D134/><U17/><E118/><V54/><F114/><N who="0" m="44138" /><D131/><U89/><E77/><V13/><F26/><W65/><G88/><N who="0" m="51247" /><D44/><U129/><E129/><V130/><F130/><W18/><G18/><T16/><D125/><U99/><E56/><V120/><F39/><W127/><G127/><T19/><D101/><U10/><E28/><V76/><F42/><W8/><REACH who="3" step="1"/><G7/><REACH who="3" ten="226,210,390,164" step="2"/><T35/><D19/><U60/><E99/><V1/><F98/><W33/><G33/><T95/><D35/><U96/><E96/><V22/><F6/><W116/><G116/><T103/><D103/><U84/><E89/><V82/><F90/><W38/><G38/><T67/><AGARI ba="0,1" hai="16,21,27,63,67,70,94,95" m="51247,44138" machi="67" ten="30,4000,0" yaku="11,1,54,2" doraHai="11" who="0" fromWho="0" sc="226,50,210,-10,390,-10,164,-20" owari="276,8.0,200,-20.0,380,48.0,144,-36.0" /></mjloggm>