<mjloggm ver="2.3"><GO type="169" lobby="0"/><UN n0="%74%6E%66%73%68%32%30%34" n1="%E3%82%A6%E3%83%AB%E3%83%88%E3%83%A9%E7%AB%8B%E7%9B%B4" n2="%6B%61%64%75%6B%69%69" n3="%E5%AE%8C%E5%85%A8%E7%84%A1%E6%95%B5%E5%B0%91%E5%A5%B3%44%58" dan="17,16,16,16" rate="2215.14,2108.81,2114.35,2084.38" sx="M,M,M,M"/><TAIKYOKU oya="0"/><INIT seed="0,0,0,0,0,127" ten="250,250,250,250" oya="0" hai0="129,50,66,21,48,72,115,4,33,88,27,54,57" hai1="43,17,65,42,121,106,111,131,123,85,112,97,107" hai2="35,29,64,114,0,52,6,38,11,73,26,51,135" hai3="49,126,15,77,82,44,47,1,39,71,10,128,113"/><T69/><D115/><U8/><E8/><V116/><F114/><W89/><G71/><T32/><D72/><U84/><E17/><V19/><F135/><W108/><G113/><T102/><D102/><U78/><E112/><V23/><F38/><W90/><G126/><T63/><D4/><U34/><E65/><V100/><F73/><N who="3" m="43311" /><G108/><T40/><D40/><U70/><E78/><V105/><F64/><W9/><G128/><T5/><D5/><U22/><E97/><V124/><F124/><W59/><G59/><T125/><D129/><U132/><E22/><V133/><F133/><W31/><G31/><T109/><D125/><U55/><E55/><V99/><F116/><W67/><G67/><T45/><D109/><U14/><E111/><V91/><F91/><W118/><G118/><T98/><D50/><U7/><E7/><V130/><F130/><W18/><G49/><T62/><D62/><U25/><E131/><V56/><REACH who="2" step="1"/><F19/><REACH who="2" ten="250,250,240,250" step="2"/><W68/><G39/><T36/><D36/><U20/><E132/><V87/><F87/><W101/><G90/><T46/><D88/><U80/><E85/><V24/><F24/><W16/><G89/><T75/><D66/><U12/><E25/><V92/><F92/><W94/><G18/><T103/><D27/><U61/><E84/><V95/><F95/><W13/><G16/><T83/><D75/><U53/><E107/><V110/><F110/><W76/><G101/><T3/><D103/><U74/><E106/><V60/><F60/><W86/><G94/><T117/><D117/><U28/><E61/><V96/><F96/><RYUUKYOKU ba="0,1" sc="250,-10,250,-10,240,30,250,-10" hai2="0,6,11,23,26,29,35,51,52,56,99,100,105" /><INIT seed="1,1,1,0,2,84" ten="240,240,270,240" oya="1" hai0="98,72,91,112,14,129,68,124,29,118,67,76,101" hai1="30,117,75,59,12,27,90,87,16,33,6,34,86" hai2="37,133,35,64,102,66,53,125,111,45,127,108,19" hai3="18,40,93,119,50,97,63,104,57,5,122,47,23"/><U128/><E75/><V51/><F35/><W43/><G122/><T113/><D118/><U26/><E117/><V116/><F102/><W74/><G74/><T25/><D124/><N who="2" m="47690" /><F19/><W134/><G119/><T32/><D129/><U88/><E128/><V70/><F116/><W81/><G104/><N who="0" m="63543" /><D14/><U39/><E6/><V82/><F82/><W31/><G134/><T8/><D8/><U99/><E99/><V89/><F89/><N who="1" m="34409" /><E30/><V0/><F0/><W1/><G81/><N who="0" m="45191" /><D91/><U52/><E34/><V105/><F105/><W131/><G5/><T126/><D126/><U83/><E33/><V58/><F133/><W54/><G1/><T69/><D69/><U9/><E39/><V55/><F70/><W106/><G106/><T123/><D123/><U22/><E83/><V80/><F80/><W114/><G31/><T24/><D29/><N who="1" m="17623" /><E27/><V3/><F3/><W10/><G131/><T100/><D24/><U109/><E109/><N who="2" m="42059" /><F37/><W121/><G121/><T96/><D25/><U41/><E41/><V135/><F135/><W110/><G43/><T21/><D32/><U44/><E44/><V7/><F7/><W120/><G110/><T73/><D73/><U85/><E85/><V28/><F28/><W60/><G120/><T15/><D96/><U107/><E107/><V103/><F103/><W77/><G97/><T46/><D100/><U13/><E13/><V94/><F94/><W132/><G93/><T95/><D95/><U130/><E130/><V115/><F115/><W20/><G114/><T78/><D113/><U38/><E38/><V4/><F4/><W42/><G132/><RYUUKYOKU ba="1,1" sc="240,-15,240,15,270,15,240,-15" hai1="9,12,16,52,59,86,87" hai2="45,51,53,55,58,64,66" /><INIT seed="1,2,1,5,0,33" ten="225,255,285,225" oya="1" hai0="93,61,29,130,97,14,104,99,94,45,109,11,73" hai1="102,3,69,62,48,66,25,126,28,64,103,127,10" hai2="50,131,34,110,76,80,100,21,40,12,95,101,81" hai3="128,49,67,98,74,123,115,134,5,85,129,59,8"/><U112/><E112/><V44/><F110/><W65/><G115/><T43/><D73/><U113/><E113/><V87/><F131/><N who="3" m="50251" /><G74/><T90/><D130/><U37/><E37/><V124/><F124/><N who="1" m="47657" /><E64/><V83/><F34/><W96/><G134/><T26/><D109/><U55/><E10/><V86/><F95/><W107/><G123/><T56/><D104/><U15/><E15/><V36/><F36/><W35/><G35/><T27/><D29/><U125/><N who="1" m="47665" /><U70/><DORA hai="108" /><E3/><V122/><F122/><W60/><G107/><T17/><D43/><U4/><E4/><V89/><F81/><W116/><G116/><T75/><D45/><N who="1" m="28047" /><E70/><V32/><F32/><AGARI ba="2,1" hai="25,28,32,62,66,69,102,103" m="28047,47665" machi="32" ten="40,2000,0" yaku="18,1" doraHai="33,108" who="1" fromWho="2" sc="225,0,255,36,285,-26,225,0" /><INIT seed="1,3,0,0,1,33" ten="225,291,259,225" oya="1" hai0="22,60,39,10,6,23,113,26,107,58,126,45,86" hai1="30,19,125,120,123,43,57,78,110,103,67,3,42" hai2="63,70,2,102,61,99,11,17,34,64,79,111,36" hai3="95,8,91,12,96,73,27,37,51,132,100,82,129"/><U71/><E71/><V72/><F17/><W53/><G37/><T94/><D113/><U74/><E30/><V28/><F63/><W56/><G132/><T124/><D107/><U87/><E19/><V44/><F111/><W83/><G129/><T21/><D26/><U80/><E57/><V127/><F127/><W130/><G130/><T47/><D86/><U121/><E67/><V32/><F28/><W75/><G27/><T65/><D94/><U84/><E125/><N who="0" m="48233" /><D39/><U54/><E54/><V48/><F99/><W104/><G75/><T119/><D119/><U1/><E110/><V89/><F89/><W4/><REACH who="3" step="1"/><G73/><REACH who="3" ten="225,291,259,215" step="2"/><T112/><D112/><U68/><E74/><V97/><F36/><W131/><G131/><T106/><D106/><U105/><E105/><V109/><F109/><W134/><G134/><T81/><D81/><U29/><E80/><V114/><F114/><W18/><G18/><T25/><D25/><U16/><E16/><V14/><F72/><W90/><G90/><T133/><D133/><U88/><E88/><V108/><F108/><W128/><G128/><T46/><D23/><U40/><E121/><V77/><F77/><W101/><G101/><T135/><D135/><U62/><E103/><V5/><F79/><W55/><G55/><T115/><D115/><U98/><E78/><V92/><F102/><W52/><G52/><T93/><D93/><U50/><E120/><V15/><F92/><W117/><G117/><T0/><AGARI ba="3,1" hai="0,6,10,21,22,45,46,47,58,60,65" m="48233" machi="0" ten="30,2000,0" yaku="18,1,52,1" doraHai="33" who="0" fromWho="0" sc="225,39,291,-13,259,-8,215,-8" /><INIT seed="2,0,0,4,5,120" ten="264,278,251,207" oya="2" hai0="119,37,92,71,106,112,19,33,77,131,61,116,74" hai1="18,35,3,21,99,36,2,4,32,123,38,117,66" hai2="87,79,124,46,17,108,98,94,100,128,60,58,118" hai3="15,8,13,65,26,114,96,130,59,109,55,86,113"/><V49/><F118/><W68/><G130/><T56/><D112/><N who="3" m="43113" /><G68/><T89/><D37/><U125/><E99/><V64/><F124/><W134/><G65/><T81/><D131/><U107/><E66/><V20/><F128/><W25/><G134/><T23/><D106/><U11/><E107/><V104/><F104/><W52/><G96/><T16/><D33/><N who="1" m="12875" /><E38/><V47/><F108/><W1/><G109/><T82/><D71/><U80/><E80/><N who="2" m="47519" /><F49/><N who="3" m="31119" /><G1/><T45/><D82/><U122/><E36/><V57/><F58/><W85/><G55/><T88/><D45/><U111/><E117/><N who="0" m="45129" /><D92/><U75/><E111/><V91/><F100/><W12/><G8/><T97/><D97/><U95/><E2/><V83/><F83/><W51/><G51/><T41/><D41/><U9/><E95/><V27/><AGARI ba="0,0" hai="17,20,27,46,47,57,60,64,91,94,98" m="47519" machi="27" ten="30,1500,0" yaku="8,1" doraHai="120" who="2" fromWho="2" sc="264,-5,278,-5,251,15,207,-5" /><INIT seed="2,1,0,0,0,110" ten="259,273,266,202" oya="2" hai0="29,4,3,69,49,117,61,125,65,24,129,66,118" hai1="67,106,31,62,56,55,9,107,28,75,78,20,52" hai2="88,80,35,23,99,113,133,115,1,72,39,54,43" hai3="130,64,74,85,16,84,119,120,25,132,73,123,18"/><V8/><F35/><W51/><G64/><T112/><D125/><U134/><E134/><V108/><F54/><W37/><G130/><T27/><D129/><U10/><E75/><V7/><F133/><W42/><G132/><T128/><D128/><U57/><E78/><N who="2" m="44103" /><F23/><W101/><G101/><T47/><D66/><U17/><E67/><V33/><F33/><W77/><G77/><T81/><D81/><U90/><E90/><V63/><F63/><W89/><G51/><T58/><D69/><U76/><E76/><V122/><F122/><W114/><G89/><T11/><D27/><U95/><E95/><N who="2" m="56807" /><F108/><W70/><G25/><T98/><D24/><U14/><E106/><V0/><F0/><W97/><G42/><T26/><D26/><U93/><E107/><V21/><F21/><W2/><G2/><T131/><D131/><U94/><E28/><V71/><F71/><W40/><G40/><T60/><D29/><U5/><E31/><V91/><F91/><W45/><G70/><T111/><D111/><U32/><E32/><V44/><AGARI ba="1,0" hai="1,7,8,39,43,44,113,115" m="56807,44103" machi="44" ten="30,11700,0" yaku="25,1,52,2,54,1" doraHai="110" who="2" fromWho="2" sc="259,-40,273,-40,266,120,202,-40" /><INIT seed="2,2,0,3,1,3" ten="219,233,386,162" oya="2" hai0="1,101,80,13,44,52,50,83,123,91,98,92,37" hai1="128,60,54,36,43,73,121,104,38,28,58,57,25" hai2="122,5,35,120,77,81,100,135,20,116,72,76,33" hai3="9,23,126,93,69,127,79,118,82,108,40,27,45"/><V117/><F20/><W46/><G108/><T18/><D123/><U75/><E104/><V51/><F51/><W53/><G69/><T113/><D113/><U103/><E121/><N who="2" m="46699" /><F5/><W61/><G118/><N who="2" m="45673" /><F35/><W19/><G93/><T112/><D112/><U62/><E103/><V65/><F33/><W115/><G115/><T21/><D1/><U78/><E128/><V90/><F65/><W10/><G61/><T48/><D37/><U129/><E129/><V89/><F135/><W24/><G53/><T59/><REACH who="0" step="1"/><D101/><REACH who="0" ten="209,233,386,162" step="2"/><U26/><E38/><V88/><F100/><W110/><G126/><T66/><D66/><U6/><E36/><V30/><F30/><W49/><G127/><T63/><D63/><U106/><E60/><V85/><F77/><W34/><G79/><T68/><D68/><U16/><E78/><V41/><F41/><AGARI ba="2,1" hai="13,18,21,41,44,48,50,52,59,80,83,91,92,98" machi="41" ten="30,8000,1" yaku="1,1,7,1,8,1,54,1,53,1" doraHai="3" doraHaiUra="14" who="0" fromWho="2" sc="209,96,233,0,386,-86,162,0" /><INIT seed="3,0,0,1,2,66" ten="305,233,300,162" oya="3" hai0="107,2,125,80,131,124,46,135,115,21,44,54,37" hai1="82,64,105,6,74,41,40,30,68,123,97,104,15" hai2="17,76,127,25,48,56,51,83,10,112,72,85,42" hai3="118,18,38,75,108,116,93,26,47,100,81,70,36"/><W34/><G116/><T122/><D122/><U39/><E15/><N who="2" m="7415" /><F112/><W79/><G118/><T7/><D107/><U102/><E40/><V99/><F127/><N who="0" m="48714" /><D115/><U96/><E6/><V120/><F72/><W110/><G47/><T31/><D131/><U134/><E30/><V121/><F25/><W4/><G4/><T91/><D135/><U59/><E59/><V5/><F5/><W101/><G70/><T49/><D31/><U117/><E134/><V20/><F20/><N who="3" m="13591" /><G34/><T28/><D21/><U62/><E117/><V1/><F1/><W63/><G63/><T133/><D28/><U35/><E35/><V33/><F33/><W113/><G113/><T89/><D133/><U13/><E13/><V29/><F29/><W11/><G11/><N who="0" m="2551" /><D80/><U73/><E82/><V32/><F32/><W119/><G119/><T94/><D94/><U60/><E60/><V52/><F42/><AGARI ba="0,0" hai="37,42,44,46,49,54,89,91" m="2551,48714" machi="42" ten="30,1000,0" yaku="18,1" doraHai="66" who="0" fromWho="2" sc="305,10,233,0,300,-10,162,0" /><INIT seed="4,0,0,2,1,120" ten="315,233,290,162" oya="0" hai0="20,71,14,128,96,133,123,113,13,54,9,94,103" hai1="65,83,55,121,80,101,110,24,104,33,89,74,3" hai2="124,98,45,90,67,41,32,77,59,4,115,35,66" hai3="27,105,95,70,43,85,53,135,99,50,126,68,109"/><T56/><D123/><U21/><E3/><V118/><F115/><W23/><G135/><T19/><D71/><U37/><E37/><V92/><F124/><W111/><G126/><T48/><D133/><U114/><E121/><V107/><F107/><W47/><G105/><T31/><D113/><U51/><E33/><V82/><F118/><W49/><G85/><T60/><D128/><U129/><E114/><V69/><F69/><W5/><G5/><T58/><D31/><U100/><E104/><V106/><F106/><W26/><G70/><T122/><D122/><U78/><E65/><V18/><F18/><W88/><G68/><T132/><D132/><U79/><E89/><V1/><F59/><W125/><G125/><T29/><D29/><U130/><E110/><V40/><F40/><W119/><G119/><T22/><REACH who="0" step="1"/><D14/><REACH who="0" ten="305,233,290,162" step="2"/><U91/><E129/><V25/><F35/><W102/><G102/><T2/><D2/><U46/><E130/><V97/><F32/><W63/><G63/><T30/><D30/><U134/><E134/><V72/><F1/><W38/><G38/><T108/><D108/><U7/><E101/><V34/><F34/><W117/><G117/><T8/><D8/><U131/><E100/><V75/><F25/><W15/><G15/><T6/><D6/><U0/><E7/><V12/><F4/><W84/><G27/><T16/><D16/><U64/><E0/><V61/><F12/><W87/><G109/><T10/><D10/><U39/><E24/><V116/><F116/><W86/><G111/><T112/><D112/><U28/><E131/><RYUUKYOKU ba="0,1" sc="305,30,233,-10,290,-10,162,-10" hai0="9,13,19,20,22,48,54,56,58,60,94,96,103" /><INIT seed="4,1,1,4,3,124" ten="335,223,280,152" oya="0" hai0="123,53,104,129,116,40,125,13,1,31,23,70,43" hai1="109,75,134,89,51,28,47,37,127,68,62,74,95" hai2="48,8,91,29,12,83,7,87,93,71,79,67,69" hai3="52,41,84,86,82,113,119,17,2,128,25,122,3"/><T103/><D123/><U14/><E109/><V106/><F106/><W130/><G119/><T34/><D116/><U33/><E127/><V36/><F36/><W32/><G122/><T9/><D70/><U10/><E134/><V35/><F67/><W16/><G113/><T72/><D72/><U22/><E37/><V98/><F35/><W39/><G39/><T78/><D125/><U133/><E33/><V110/><F29/><W44/><G41/><T115/><D1/><U92/><E92/><V64/><F64/><W61/><G84/><T94/><D104/><U81/><E81/><V5/><F110/><W30/><G3/><T100/><D94/><U58/><E68/><V49/><F49/><N who="3" m="28711" /><G2/><T101/><D34/><U59/><E75/><V85/><F7/><W114/><G61/><T0/><D0/><U88/><E74/><V76/><F48/><W108/><G114/><T27/><D115/><U15/><E62/><V21/><F21/><W135/><G135/><T117/><D117/><U19/><E133/><V96/><F96/><W80/><G80/><AGARI ba="1,1" hai="5,8,12,69,71,76,79,80,83,85,87,91,93,98" machi="80" ten="40,1300,0" yaku="9,1" doraHai="124" who="2" fromWho="3" sc="335,0,223,0,280,26,152,-16" /><INIT seed="5,0,0,2,1,110" ten="335,223,306,136" oya="1" hai0="41,57,96,26,109,85,20,94,44,126,129,87,72" hai1="3,66,63,56,29,83,111,55,122,9,69,32,88" hai2="24,39,106,64,98,43,130,135,36,123,91,92,19" hai3="18,84,120,133,40,35,102,37,5,61,115,22,65"/><U119/><E122/><V15/><F123/><W53/><G120/><T82/><D109/><U52/><E119/><V128/><F106/><W71/><G133/><T33/><D126/><U132/><E111/><V59/><F135/><W62/><G5/><T79/><D33/><U48/><E132/><V101/><F24/><W116/><G116/><T131/><D57/><U76/><E55/><V86/><F64/><W125/><G125/><T114/><D87/><U77/><E29/><V34/><F59/><W100/><G35/><T90/><D72/><U127/><E32/><V10/><F34/><W23/><G84/><T67/><D67/><U118/><E118/><V50/><F50/><W38/><G40/><T42/><D42/><U51/><E51/><V11/><F11/><W117/><G117/><T6/><D6/><U73/><E127/><V105/><F43/><W2/><G2/><T0/><D0/><U25/><E25/><V27/><F27/><W17/><G65/><T1/><D1/><U70/><E88/><V28/><F28/><W45/><G45/><T75/><D75/><U21/><E21/><V12/><F12/><W54/><REACH who="3" step="1"/><G71/><REACH who="3" ten="335,223,306,126" step="2"/><T13/><D44/><U99/><E70/><V31/><F31/><W7/><G7/><T97/><D85/><U108/><E108/><V14/><F39/><W47/><G47/><T80/><D41/><U104/><E73/><V78/><F36/><W124/><G124/><T49/><D96/><U58/><E69/><V4/><F78/><W134/><G134/><T60/><D97/><U68/><E77/><V93/><F86/><RYUUKYOKU ba="0,1" sc="335,-10,223,-10,306,-10,126,30" hai3="17,18,22,23,37,38,53,54,61,62,100,102,115" /><INIT seed="6,1,1,4,1,129" ten="325,213,296,156" oya="2" hai0="59,86,55,87,13,4,83,122,128,0,89,107,25" hai1="6,84,39,31,7,1,62,71,46,73,16,11,98" hai2="81,119,24,130,125,23,114,69,19,28,105,66,120" hai3="20,92,47,33,94,80,85,109,50,12,102,108,32"/><V51/><F105/><W44/><G32/><T118/><D122/><U53/><E7/><V82/><F120/><W34/><G12/><T127/><D107/><U29/><E98/><V75/><F114/><W5/><G20/><T22/><D128/><U93/><E73/><V103/><F119/><W67/><G102/><T115/><D118/><U15/><E93/><V56/><F130/><W123/><G67/><T134/><D0/><U76/><E84/><V40/><F125/><W54/><G123/><T42/><D127/><U14/><E76/><V58/><F69/><W36/><G5/><T3/><D3/><U97/><E97/><V117/><F117/><W96/><G34/><T18/><D42/><U45/><E1/><V78/><F82/><W68/><G68/><T133/><D86/><U10/><E71/><V106/><F106/><W124/><G33/><T60/><D115/><U8/><E8/><V88/><F103/><W17/><G17/><T111/><D111/><U126/><E126/><V26/><F66/><W99/><G124/><T37/><D37/><U77/><E77/><V9/><F9/><W116/><G116/><T41/><D41/><U91/><E91/><V38/><F88/><N who="3" m="51239" /><G108/><T95/><D83/><U135/><E39/><V100/><F38/><W52/><G109/><T49/><D60/><U61/><E6/><V64/><F64/><W104/><G104/><T74/><D74/><U121/><E121/><V63/><F63/><W21/><G36/><T101/><D101/><U110/><E110/><V35/><F75/><W43/><G96/><T113/><D113/><RYUUKYOKU ba="1,1" sc="325,30,213,-10,296,-10,156,-10" hai0="4,13,18,22,25,49,55,59,87,89,95,133,134" /><INIT seed="7,2,1,3,5,96" ten="355,203,286,146" oya="3" hai0="45,97,19,98,129,110,20,1,8,69,99,115,9" hai1="33,13,56,54,122,108,125,84,17,76,95,132,109" hai2="48,131,130,21,106,40,49,18,28,113,6,118,25" hai3="78,111,43,93,10,51,61,85,104,0,86,12,83"/><W114/><G104/><T102/><D110/><U42/><E33/><V35/><F106/><W126/><G111/><T22/><D129/><N who="2" m="49162" /><F118/><W67/><G0/><T79/><D69/><U7/><E7/><V128/><F40/><W26/><G114/><T82/><D115/><U117/><E76/><V29/><F113/><W100/><G126/><T62/><D45/><U32/><E32/><V89/><F128/><W31/><G51/><N who="2" m="19529" /><F6/><W120/><G43/><T53/><D62/><U57/><E13/><N who="2" m="9423" /><F89/><N who="3" m="53431" /><G120/><T112/><D112/><U127/><E84/><V119/><F119/><W60/><G67/><T124/><D124/><U46/><E95/><V16/><F29/><W68/><G68/><T66/><D66/><U36/><E17/><AGARI ba="2,1" hai="16,17,25,28,35" m="9423,19529,49162" machi="17" ten="30,2000,0" yaku="19,1,54,1" doraHai="96" who="2" fromWho="1" sc="355,0,203,-26,286,36,146,0" owari="355,45.0,177,-22.0,322,12.0,146,-35.0" /></mjloggm>