<mjloggm ver="2.3"><GO type="97" lobby="0"/><UN n0="%E3%83%95%E3%83%83%E3%82%BF%E3%83%BC" n1="%E5%AE%87%E5%AE%99%E8%B1%A1" n2="%E5%9E%A2%E5%89%8A%E9%99%A4%EF%BC%A0%E5%B7%9D%E6%9D%91%E8%BB%8D%E5%9B%A3" n3="%E5%B0%B1%E6%B4%BB%E7%94%9F%40%E5%B7%9D%E6%9D%91%E8%BB%8D%E5%9B%A3" dan="13,14,14,16" rate="1925.71,1929.02,1959.05,2168.43" sx="M,M,F,M"/><TAIKYOKU oya="0"/><INIT seed="0,0,0,0,5,29" ten="250,250,250,250" oya="0" hai0="15,33,11,113,114,111,105,58,68,63,120,125,4" hai1="108,82,116,20,78,127,117,52,54,134,77,26,83" hai2="40,64,10,23,0,50,60,12,126,103,73,56,131" hai3="80,36,99,101,79,98,95,71,122,121,46,93,102"/><T66/><D120/><N who="3" m="46185" /><G71/><T135/><D135/><U115/><E134/><V72/><F126/><W19/><G19/><T81/><D125/><U2/><E127/><V67/><F131/><W129/><G46/><T88/><D111/><U132/><E132/><V97/><F67/><W48/><G48/><T61/><D105/><U31/><E2/><V85/><F0/><W94/><G36/><T42/><D42/><U128/><E108/><V30/><F85/><N who="3" m="48287" /><G129/><T37/><D37/><U92/><E128/><V123/><F123/><W41/><G41/><T87/><D33/><U16/><E31/><V106/><F50/><W47/><G47/><T76/><REACH who="0" step="1"/><D76/><REACH who="0" ten="240,250,250,250" step="2"/><U34/><E78/><V7/><F40/><W28/><G28/><T100/><D100/><AGARI ba="0,1" hai="93,94,95,98,99,100,101,102" m="48287,46185" machi="100" ten="30,3900,0" yaku="13,1,34,2" doraHai="29" who="3" fromWho="0" sc="240,-39,250,0,250,0,250,49" /><INIT seed="1,0,0,4,4,48" ten="201,250,250,299" oya="1" hai0="55,15,87,40,12,135,107,16,54,47,119,76,93" hai1="45,104,120,67,132,74,85,7,96,122,29,31,19" hai2="92,42,43,82,125,86,20,126,130,11,94,41,56" hai3="32,1,109,59,72,25,97,13,5,81,18,28,90"/><U68/><E74/><V70/><F70/><W9/><G109/><T112/><D119/><U89/><E7/><V24/><F11/><W117/><G117/><T127/><D112/><U65/><E132/><V123/><F123/><W49/><G72/><T50/><D135/><U118/><E118/><V4/><F4/><W102/><G81/><N who="0" m="47527" /><D127/><N who="2" m="48650" /><F130/><W113/><G90/><T26/><D107/><U99/><E45/><V22/><F56/><W2/><G113/><T91/><D26/><U78/><E78/><N who="2" m="46423" /><F22/><W88/><G5/><T30/><D30/><AGARI ba="0,0" hai="20,24,30,41,42,43,92,94" m="46423,48650" machi="30" ten="30,1000,0" yaku="18,1" doraHai="48" who="2" fromWho="0" sc="201,-10,250,0,250,10,299,0" /><INIT seed="2,0,0,5,1,19" ten="191,250,260,299" oya="2" hai0="118,121,122,61,31,129,45,60,114,128,41,28,103" hai1="76,108,55,123,46,52,135,58,89,96,111,127,94" hai2="30,70,54,39,125,57,7,17,62,12,83,98,10" hai3="69,104,40,97,77,72,91,5,34,44,49,113,33"/><V3/><F125/><W59/><G69/><T115/><D103/><U36/><E127/><V92/><F70/><W132/><G132/><T100/><D100/><U93/><E135/><V85/><F39/><W22/><G5/><T13/><D13/><U11/><E76/><V87/><F30/><W15/><G113/><N who="0" m="43019" /><D31/><U6/><E123/><N who="0" m="47113" /><D28/><U116/><E116/><V23/><F83/><W1/><G1/><T120/><N who="0" m="47121" /><T0/><DORA hai="119" /><D0/><U18/><E18/><V64/><F64/><W102/><G91/><AGARI ba="0,0" hai="3,7,10,12,17,23,54,57,62,85,87,91,92,98" machi="91" ten="30,2900,0" yaku="7,1,52,1" doraHai="19,119" who="2" fromWho="3" sc="191,0,250,0,260,29,299,-29" /><INIT seed="2,1,0,1,4,24" ten="191,250,289,270" oya="2" hai0="39,61,25,81,9,62,132,71,107,31,17,30,85" hai1="46,19,70,42,131,83,34,56,64,84,94,23,76" hai2="3,27,52,63,133,35,74,13,16,128,73,66,117" hai3="21,48,121,106,82,114,6,113,92,77,123,51,59"/><V127/><F117/><W88/><G106/><T97/><D39/><U28/><E131/><V112/><F112/><N who="3" m="43115" /><G6/><T47/><D132/><U115/><E115/><V41/><F3/><W95/><G21/><T80/><D47/><U14/><E94/><N who="3" m="35882" /><G59/><T91/><D107/><U93/><E93/><V29/><F127/><W130/><G130/><T102/><D102/><U15/><E70/><V12/><F133/><W40/><G40/><T119/><D97/><U98/><E98/><V89/><F41/><W45/><G45/><T37/><D37/><U49/><E34/><V116/><F12/><W104/><G104/><T5/><D119/><U122/><E122/><N who="3" m="46602" /><G88/><T67/><D61/><N who="1" m="37927" /><E15/><V101/><F128/><W99/><G99/><T57/><D71/><U110/><E42/><V44/><F89/><W22/><G22/><N who="0" m="13519" /><D81/><U79/><E83/><V105/><F105/><W96/><G96/><T32/><D32/><U43/><E43/><V55/><F101/><W54/><G54/><T10/><D5/><U108/><E46/><V68/><F116/><W111/><G111/><T36/><D36/><U18/><E108/><V90/><F90/><W4/><G4/><T50/><D50/><U109/><E49/><V58/><F44/><W65/><G65/><T103/><D103/><U8/><E109/><V33/><F33/><W38/><G38/><T7/><D7/><U53/><E110/><V78/><F55/><W129/><G129/><T0/><D0/><U20/><E53/><V60/><F13/><W75/><AGARI ba="1,0" hai="48,51,75,77,82" m="46602,35882,43115" machi="75" ten="40,1500,0" yaku="11,1" doraHai="24" who="3" fromWho="3" sc="191,-5,250,-5,289,-8,270,18" /><INIT seed="3,0,0,0,0,115" ten="186,245,281,288" oya="3" hai0="14,135,101,85,120,54,31,44,83,130,57,109,133" hai1="37,47,102,23,121,117,105,24,131,134,38,123,43" hai2="17,53,107,66,3,6,91,98,119,27,95,96,0" hai3="1,61,74,60,69,13,18,79,46,50,32,51,92"/><W132/><G1/><T87/><D130/><U128/><E38/><V42/><F119/><W49/><G32/><T55/><D120/><U81/><E134/><N who="0" m="51209" /><D109/><U28/><E117/><V7/><F42/><N who="3" m="24791" /><G69/><T56/><D101/><U110/><E110/><V12/><F66/><W106/><G106/><T97/><D31/><U2/><E2/><V52/><F107/><W20/><G74/><T75/><D97/><N who="1" m="61647" /><E81/><V84/><F27/><W30/><G79/><N who="0" m="44543" /><D44/><U8/><E8/><N who="2" m="6279" /><F3/><W108/><G108/><T36/><D14/><U25/><E25/><V126/><F126/><W67/><G132/><T35/><D35/><U33/><E33/><V125/><F125/><W111/><G111/><T86/><D36/><U22/><E37/><V70/><F70/><W10/><G92/><T19/><D19/><U41/><E28/><V59/><F0/><W71/><G71/><T11/><D11/><U122/><E122/><V39/><F39/><W58/><G61/><T103/><D103/><U48/><E123/><V73/><F73/><W29/><G29/><T127/><D127/><U64/><E121/><V45/><F45/><W94/><G94/><T15/><D15/><U34/><E47/><V90/><F90/><W63/><G63/><T26/><D26/><AGARI ba="0,0" hai="10,13,18,20,26,30,50,51,58,60,67" m="24791" machi="26" ten="30,1500,0" yaku="8,1" doraHai="115" who="3" fromWho="0" sc="186,-15,245,0,281,0,288,15" owari="171,-33.0,245,-15.0,281,8.0,303,40.0" /></mjloggm>