<mjloggm ver="2.3"><GO type="41" lobby="0"/><UN n0="%E3%81%82%E3%81%94%E9%9B%80%E5%A3%AB" n1="%70%73%6D%66%6B%65%6A%65" n2="%E5%B0%B1%E6%B4%BB%E7%94%9F%40%E5%B7%9D%E6%9D%91%E8%BB%8D%E5%9B%A3" n3="%E3%81%93%E3%83%BC%E3%81%9F%E3%82%93" dan="14,13,14,15" rate="1979.75,1923.86,1997.18,2045.44" sx="M,M,M,M"/><TAIKYOKU oya="0"/><INIT seed="0,0,0,3,2,81" ten="250,250,250,250" oya="0" hai0="37,69,92,130,67,26,82,13,114,12,73,103,3" hai1="75,118,48,5,51,99,27,68,40,14,132,87,119" hai2="109,32,93,102,72,35,19,123,24,124,1,46,90" hai3="56,95,0,20,66,57,77,108,88,6,11,33,104"/><T7/><D130/><U96/><E75/><V10/><F72/><W83/><G104/><T41/><D114/><U86/><E68/><V23/><F123/><W120/><G33/><T91/><D69/><U105/><E105/><V8/><F124/><W74/><G120/><T65/><D3/><U135/><E40/><V36/><F109/><W61/><G108/><T116/><D116/><U34/><E5/><V53/><F102/><W50/><G20/><T133/><D133/><U59/><E59/><V110/><F110/><W16/><G50/><T122/><D103/><U44/><E44/><V63/><F36/><W100/><G100/><T30/><D82/><U112/><E14/><V21/><F21/><W107/><G107/><T47/><D73/><U15/><E15/><V62/><F62/><W97/><REACH who="3" step="1"/><G57/><REACH who="3" ten="250,250,250,240" step="2"/><T49/><D37/><U54/><E34/><V29/><F35/><W39/><G39/><T60/><D122/><U70/><E70/><V4/><F32/><W111/><G111/><T25/><D60/><U98/><E119/><V106/><F106/><W55/><G55/><T101/><D101/><U28/><E118/><V128/><F10/><W64/><G64/><T78/><D65/><U89/><E135/><V42/><F42/><W121/><G121/><T113/><D67/><U134/><E132/><V94/><F8/><W9/><G9/><N who="0" m="4159" /><D113/><U17/><E112/><V76/><F23/><W117/><G117/><T85/><D13/><U58/><E134/><V129/><F1/><W45/><G45/><T126/><D126/><U2/><E2/><V84/><F46/><RYUUKYOKU ba="0,1" sc="250,-10,250,-10,250,-10,240,30" hai3="0,6,11,16,56,61,66,74,77,83,88,95,97" /><INIT seed="1,1,1,1,3,96" ten="240,240,240,270" oya="1" hai0="42,56,50,57,84,90,100,106,111,114,92,60,83" hai1="4,116,132,112,52,19,133,51,25,41,61,65,95" hai2="16,86,53,2,46,85,76,118,88,39,72,0,5" hai3="3,110,91,70,120,134,10,54,79,18,20,37,13"/><U101/><E112/><V7/><F118/><W29/><G70/><T94/><D111/><U78/><E116/><V28/><F28/><W48/><G37/><T87/><D114/><U126/><E78/><V15/><F72/><W102/><G120/><T73/><D73/><U12/><E4/><V45/><F39/><W98/><G79/><T26/><D26/><U32/><E41/><V97/><F2/><W59/><G110/><T128/><D128/><U21/><E32/><V66/><F66/><W81/><G134/><N who="1" m="51818" /><E12/><V89/><F76/><W80/><G3/><T30/><D30/><U82/><E82/><N who="2" m="49207" /><F97/><W34/><G34/><T108/><D108/><U74/><E74/><V38/><F38/><W36/><G36/><T75/><D75/><U24/><E126/><V125/><F125/><W11/><G91/><N who="0" m="51615" /><D106/><U47/><E25/><V9/><F0/><W99/><G99/><N who="0" m="59495" /><D60/><U107/><E107/><V113/><F113/><W63/><G63/><T43/><D43/><U40/><E40/><V44/><F53/><W1/><G29/><T22/><D22/><U31/><E31/><V23/><F23/><W33/><G33/><T58/><D42/><U35/><E35/><V131/><F131/><W103/><G98/><T121/><D121/><U62/><E65/><V119/><F119/><W49/><G1/><T104/><D104/><U71/><E71/><V117/><F117/><W8/><G49/><AGARI ba="1,1" hai="49,50,56,57,58,87,90,94" m="59495,51615" machi="49" ten="30,2000,0" yaku="8,1,52,1" doraHai="96" who="0" fromWho="3" sc="240,33,240,0,240,0,270,-23" /><INIT seed="2,0,0,2,5,54" ten="273,240,240,247" oya="2" hai0="98,8,135,31,24,112,85,29,20,26,82,76,107" hai1="93,4,16,78,130,0,127,90,64,53,110,19,52" hai2="22,91,1,128,120,47,58,118,104,124,39,89,84" hai3="80,114,100,74,7,25,40,45,48,83,51,86,65"/><V131/><F118/><W129/><G129/><N who="2" m="49737" /><F120/><W21/><G114/><T27/><D112/><U57/><E130/><V73/><F73/><W55/><G65/><T43/><D135/><U94/><E127/><V11/><F104/><W3/><G74/><T32/><D43/><U17/><E110/><V134/><F134/><W117/><G117/><T113/><D113/><U87/><E0/><V108/><F124/><W77/><G83/><T109/><D109/><U15/><E78/><V38/><F108/><W41/><G3/><T68/><D68/><U35/><E94/><V61/><F22/><W10/><G100/><T59/><D8/><N who="1" m="4487" /><E35/><V121/><F121/><W126/><G126/><T62/><D29/><U14/><E14/><V66/><F47/><W132/><G132/><T69/><D69/><U36/><E36/><N who="2" m="13867" /><F84/><W60/><G10/><T33/><D20/><U88/><E90/><V2/><F2/><W28/><G7/><AGARI ba="0,0" hai="1,7,11,58,61,66,89,91" m="13867,49737" machi="7" ten="30,2900,0" yaku="19,1,52,1" doraHai="54" who="2" fromWho="3" sc="273,0,240,0,240,29,247,-29" /><INIT seed="2,1,0,2,5,37" ten="273,240,269,218" oya="2" hai0="59,75,133,29,1,66,47,42,46,110,36,124,83" hai1="106,122,15,97,77,70,90,95,53,82,109,55,126" hai2="78,111,31,14,58,13,63,88,81,103,40,105,65" hai3="57,86,12,11,45,89,50,44,112,84,28,33,91"/><V80/><F111/><W125/><G125/><T71/><D29/><U107/><E70/><V26/><F105/><W3/><G3/><T134/><D1/><U49/><E126/><V100/><F40/><N who="3" m="24839" /><G33/><T43/><D110/><U27/><E122/><V2/><F2/><W10/><G28/><T41/><D124/><U52/><E49/><V8/><F80/><N who="3" m="49287" /><G112/><T119/><D119/><U132/><E132/><N who="0" m="50793" /><D36/><U35/><E15/><V51/><F51/><W76/><G76/><N who="0" m="44447" /><D71/><U6/><E6/><V121/><F121/><W64/><G45/><T30/><D30/><U61/><E61/><AGARI ba="1,0" hai="41,42,43,46,47,59,61,66" m="44447,50793" machi="61" ten="30,7700,0" yaku="20,1,52,3" doraHai="37" who="0" fromWho="1" sc="273,80,240,-80,269,0,218,0" /><INIT seed="3,0,0,0,4,0" ten="353,160,269,218" oya="3" hai0="29,36,25,72,11,86,82,88,8,63,112,81,77" hai1="48,106,23,110,104,117,97,101,91,27,56,38,35" hai2="78,100,33,14,41,47,122,4,53,125,96,115,15" hai3="24,108,135,133,39,90,16,121,51,75,113,5,128"/><W34/><G75/><T3/><D36/><U130/><E38/><V37/><F33/><W49/><G39/><T9/><D112/><U127/><E117/><V66/><F122/><W64/><G121/><T26/><D3/><U62/><E35/><V83/><F115/><W69/><G113/><T70/><D70/><U89/><E106/><V102/><F125/><W103/><G103/><T126/><D126/><U85/><E130/><V134/><F134/><N who="3" m="51211" /><G128/><T124/><D124/><U59/><E127/><V67/><F53/><W84/><G34/><T60/><REACH who="0" step="1"/><D26/><REACH who="0" ten="343,160,269,218" step="2"/><U71/><E71/><V43/><F37/><W13/><G69/><T116/><D116/><U58/><E110/><V6/><F47/><W99/><G64/><T131/><D131/><U21/><E62/><V57/><F57/><W92/><G108/><T119/><D119/><U114/><E114/><V52/><F96/><W79/><G99/><T31/><D31/><U20/><E48/><N who="3" m="18506" /><G79/><T7/><D7/><U17/><REACH who="1" step="1"/><E91/><REACH who="1" ten="343,150,269,218" step="2"/><V95/><F100/><W55/><G24/><T12/><D12/><U68/><E68/><V107/><F102/><W44/><G44/><T73/><D73/><U109/><E109/><V74/><F15/><W30/><G30/><T40/><D40/><U123/><E123/><V94/><F14/><W1/><G1/><T98/><D98/><U93/><AGARI ba="0,2" hai="17,20,21,23,27,56,58,59,85,89,93,97,101,104" machi="93" ten="30,2000,0" yaku="1,1,0,1,53,0" doraHai="0" doraHaiUra="10" who="1" fromWho="1" sc="343,-5,150,40,269,-5,218,-10" /><INIT seed="4,0,0,1,1,101" ten="338,190,264,208" oya="0" hai0="37,103,125,19,94,133,60,32,97,57,9,38,34" hai1="30,131,7,105,77,98,110,67,99,15,64,85,68" hai2="118,14,135,71,121,120,50,109,132,17,46,124,36" hai3="126,43,65,107,88,95,33,127,6,92,73,31,12"/><T123/><D123/><N who="2" m="47178" /><F71/><W29/><G73/><T27/><D9/><N who="1" m="4543" /><E67/><V22/><F36/><W8/><G43/><T81/><D81/><N who="1" m="47279" /><E64/><V129/><F118/><W72/><G72/><T130/><D19/><U63/><E63/><V61/><F109/><W91/><G65/><T89/><D89/><N who="3" m="34377" /><G107/><T51/><D51/><U18/><E68/><V75/><F75/><W23/><G33/><T100/><D100/><U48/><E110/><V111/><F111/><W0/><G0/><T35/><D125/><N who="3" m="47625" /><G23/><T1/><D1/><U5/><E18/><V66/><F61/><W2/><G2/><T114/><D27/><U112/><E5/><V79/><F66/><W119/><G119/><T69/><D69/><U128/><E30/><AGARI ba="0,0" hai="6,8,12,29,30,31,92,95" m="47625,34377" machi="30" ten="30,2000,0" yaku="18,1,54,1" doraHai="101" who="3" fromWho="1" sc="338,0,190,-20,264,0,208,20" /><INIT seed="5,0,0,0,2,1" ten="338,170,264,228" oya="1" hai0="71,24,8,61,89,125,18,111,50,54,92,47,32" hai1="3,6,91,94,66,135,37,104,63,115,39,35,46" hai2="62,90,43,31,79,110,49,123,124,81,11,21,45" hai3="130,10,114,9,41,103,97,126,70,100,69,58,84"/><U13/><E104/><V7/><F110/><W78/><G114/><T77/><D77/><U26/><E3/><V19/><F123/><W88/><G78/><T36/><D36/><U99/><E135/><V127/><F31/><W118/><G41/><T76/><D76/><U29/><E115/><V25/><F62/><W12/><G10/><T134/><D125/><U106/><E106/><V0/><REACH who="2" step="1"/><F90/><REACH who="2" ten="338,170,254,228" step="2"/><W38/><G126/><T5/><D111/><U109/><E109/><V68/><F68/><W95/><G70/><T30/><D71/><U60/><E60/><V51/><F51/><W17/><G69/><T102/><D61/><U4/><E13/><V74/><AGARI ba="0,1" hai="0,7,11,19,21,25,43,45,49,74,79,81,124,127" machi="74" ten="30,4000,0" yaku="1,1,0,1,52,1,53,0" doraHai="1" doraHaiUra="48" who="2" fromWho="2" sc="338,-10,170,-20,254,50,228,-10" /><INIT seed="6,0,0,2,0,37" ten="328,150,304,218" oya="2" hai0="43,95,107,60,8,21,52,57,75,93,0,56,58" hai1="54,73,1,71,96,9,38,119,7,79,120,81,110" hai2="92,14,118,68,63,20,10,72,26,86,102,108,84" hai3="27,131,77,133,82,34,13,24,104,2,127,40,97"/><V130/><F72/><W5/><G131/><T103/><D75/><U19/><E110/><V112/><F118/><W113/><G133/><T32/><D32/><U18/><E119/><V15/><F112/><W33/><G127/><T117/><D43/><U99/><E120/><V42/><F108/><W64/><G64/><T31/><D117/><U69/><E54/><V11/><F130/><W128/><G128/><T98/><D57/><U48/><E48/><V135/><F135/><W70/><G70/><T23/><D0/><U129/><E129/><V134/><F134/><W122/><G122/><T44/><D44/><U39/><E71/><V67/><F42/><W90/><G13/><T109/><D8/><U45/><E69/><V35/><F35/><W50/><G113/><T132/><D109/><U76/><E76/><V61/><F102/><W89/><G5/><T22/><D132/><U125/><E39/><V123/><F123/><W36/><G2/><T41/><D41/><N who="1" m="22711" /><E125/><V106/><F106/><W105/><G36/><T62/><REACH who="0" step="1"/><D31/><REACH who="0" ten="318,150,304,218" step="2"/><U88/><E99/><V116/><F116/><W65/><G97/><T46/><D46/><U100/><E100/><V28/><F11/><W25/><G40/><T30/><D30/><U16/><E18/><V53/><F10/><W4/><G4/><T85/><D85/><U51/><E51/><V91/><F84/><N who="3" m="48207" /><G50/><T66/><AGARI ba="0,1" hai="21,22,23,52,56,58,60,62,66,93,95,98,103,107" machi="66" ten="30,4000,0" yaku="1,1,0,1,54,1,53,0" doraHai="37" doraHaiUra="126" who="0" fromWho="0" sc="318,50,150,-10,304,-20,218,-10" /><INIT seed="7,0,0,4,5,85" ten="368,140,284,208" oya="3" hai0="19,83,60,108,100,12,94,72,76,17,59,90,0" hai1="98,42,71,63,8,125,103,35,84,64,45,51,101" hai2="30,67,40,102,4,5,16,129,22,114,28,93,73" hai3="78,57,50,117,122,132,82,9,61,87,27,29,95"/><W77/><G122/><T43/><D0/><U91/><E125/><V3/><F73/><W32/><G117/><T119/><D108/><U113/><E113/><V110/><F110/><W20/><G132/><T69/><D69/><U56/><E35/><V115/><F129/><W15/><G32/><T99/><D43/><U123/><E123/><V128/><F128/><W44/><G95/><T6/><D119/><U14/><E98/><N who="2" m="59727" /><F40/><W121/><G121/><T53/><D6/><N who="2" m="2666" /><F67/><W62/><G78/><T34/><D34/><U65/><E65/><V49/><F49/><W86/><G86/><N who="0" m="52567" /><D12/><U124/><E71/><V74/><F74/><W23/><G23/><T81/><D81/><U96/><E96/><V10/><F10/><W18/><REACH who="3" step="1"/><G57/><REACH who="3" ten="368,140,284,198" step="2"/><T11/><D11/><U105/><E124/><V52/><F114/><W75/><G75/><T48/><D59/><U120/><E120/><V131/><F115/><W107/><G107/><T2/><D76/><U38/><E105/><V112/><F131/><W70/><G70/><T31/><D72/><U37/><E103/><V47/><F112/><W7/><G7/><T13/><D100/><U109/><E109/><V24/><F3/><W89/><G89/><T79/><D2/><U127/><E127/><V97/><F97/><W133/><G133/><T1/><D99/><U33/><E33/><V106/><F106/><W39/><G39/><T66/><D1/><U111/><E111/><V36/><F36/><W118/><G118/><T104/><D104/><U92/><E101/><V55/><F47/><W88/><G88/><T25/><D79/><RYUUKYOKU ba="0,1" sc="368,-30,140,10,284,10,198,10" hai1="8,14,37,38,42,45,51,56,63,64,84,91,92" hai2="16,22,24,28,30,52,55" hai3="9,15,18,20,27,29,44,50,61,62,77,82,87" /><INIT seed="7,1,1,5,5,53" ten="338,150,294,208" oya="3" hai0="127,99,104,76,7,90,17,126,135,4,13,87,101" hai1="131,108,26,23,66,96,93,27,133,30,14,100,128" hai2="78,12,124,48,91,39,0,20,72,8,31,68,54" hai3="77,107,52,6,85,2,25,57,86,95,71,114,3"/><W125/><G107/><T123/><D135/><U41/><E108/><V64/><F39/><W47/><G71/><T80/><D123/><U120/><E120/><V130/><F0/><W70/><G70/><T40/><D40/><U37/><E133/><V33/><F33/><W29/><G125/><N who="0" m="47627" /><D76/><U119/><E119/><V36/><F36/><W89/><G114/><T134/><D134/><U106/><E106/><V103/><F103/><W49/><G6/><T75/><D75/><U65/><E14/><V102/><F102/><W43/><G77/><T55/><D55/><U16/><E41/><V24/><F124/><W34/><REACH who="3" step="1"/><G86/><REACH who="3" ten="338,150,294,198" step="2"/><T1/><D1/><U121/><E121/><V42/><F78/><W84/><G84/><T28/><D28/><U5/><E5/><V35/><F72/><W58/><G58/><T111/><D111/><U59/><E37/><AGARI ba="1,2" hai="2,3,25,29,34,37,43,47,49,52,57,85,89,95" machi="37" ten="30,11600,0" yaku="1,1,7,1,52,1,54,1,53,0" doraHai="53" doraHaiUra="63" who="3" fromWho="1" sc="338,0,150,-119,294,0,198,139" /><INIT seed="7,2,0,3,5,83" ten="338,31,294,337" oya="3" hai0="50,38,34,10,76,91,64,101,88,120,71,53,87" hai1="107,112,1,124,40,6,109,100,81,78,68,117,31" hai2="118,116,52,60,35,134,85,82,98,80,86,5,77" hai3="23,90,11,104,30,54,135,129,4,19,49,36,58"/><W130/><G104/><T3/><D38/><U61/><E117/><V18/><F35/><W122/><G122/><T24/><D120/><U115/><E109/><V14/><F134/><W45/><G135/><T51/><D76/><U44/><E31/><V17/><F98/><W113/><G30/><T2/><D71/><U28/><E28/><V126/><F126/><W16/><G113/><N who="1" m="43594" /><E124/><V7/><F118/><W13/><G90/><T70/><D91/><U105/><E100/><V27/><F116/><W106/><G106/><T75/><D75/><N who="1" m="43231" /><E6/><N who="2" m="2059" /><F27/><W93/><G93/><N who="0" m="54431" /><D101/><U103/><E103/><V55/><F60/><N who="3" m="35927" /><G36/><T21/><D34/><U8/><E8/><N who="2" m="6343" /><F18/><W114/><G114/><T9/><D2/><U26/><E26/><V95/><F95/><W132/><G132/><T67/><D3/><U37/><E1/><V20/><F20/><W73/><G73/><T0/><D0/><U22/><E22/><V108/><F108/><W89/><G89/><AGARI ba="2,0" hai="52,55,77,80,82,85,86,89" m="6343,2059" machi="89" ten="30,7700,0" yaku="8,1,52,2,54,1" doraHai="83" who="2" fromWho="3" sc="338,0,31,0,294,83,337,-83" owari="338,14.0,31,-47.0,377,48.0,254,-15.0" /></mjloggm>