<mjloggm ver="2.3"><GO type="97" lobby="0"/><UN n0="%E6%BC%81%E5%A4%AB%E3%81%AE%E5%88%A9" n1="%E3%83%88%E3%83%88%E3%83%AA%E5%85%88%E7%94%9F%31%39%E6%AD%B3" n2="%E6%9C%88%E6%98%A0%E5%A4%A9%E8%93%8B" n3="%E5%9D%82%E4%B8%8A%E9%97%98%E7%9C%9F" dan="16,15,14,13" rate="2023.39,2068.68,1876.55,1831.56" sx="M,F,F,M"/><TAIKYOKU oya="0"/><INIT seed="0,0,0,2,0,43" ten="250,250,250,250" oya="0" hai0="15,99,93,45,101,51,124,59,17,41,29,61,92" hai1="67,63,107,72,11,100,105,116,44,89,60,129,19" hai2="82,62,50,25,32,117,86,95,128,78,115,2,33" hai3="3,9,123,103,110,90,55,8,113,109,127,46,130"/><T34/><D124/><U23/><E116/><V79/><F115/><W98/><G113/><T71/><D71/><U52/><E72/><V56/><F2/><W76/><G127/><T132/><D132/><U27/><E129/><V30/><F117/><W64/><G130/><T133/><D133/><U58/><E100/><V39/><F39/><W12/><G123/><T24/><D93/><U96/><E11/><V28/><F128/><W118/><G76/><T69/><D69/><U21/><E21/><V120/><F120/><W121/><G64/><T57/><REACH who="0" step="1"/><D61/><REACH who="0" ten="240,250,250,250" step="2"/><U22/><E105/><V97/><F95/><N who="3" m="56695" /><G118/><T81/><D81/><U84/><E107/><V87/><F62/><W37/><G121/><T49/><D49/><N who="1" m="28711" /><E63/><V85/><F50/><N who="3" m="29143" /><G37/><T108/><D108/><N who="3" m="41577" /><G3/><T80/><D80/><U42/><E67/><V18/><F82/><W102/><G9/><AGARI ba="0,1" hai="9,15,17,24,29,34,41,45,51,57,59,92,99,101" machi="9" ten="30,5800,0" yaku="1,1,7,1,52,1,53,0" doraHai="43" doraHaiUra="16" who="0" fromWho="3" sc="240,68,250,0,250,0,250,-58" /><INIT seed="0,1,0,2,3,35" ten="308,250,250,192" oya="0" hai0="118,57,60,3,112,17,100,68,12,130,67,129,113" hai1="4,63,5,40,117,125,33,29,135,32,101,2,23" hai2="119,54,82,105,84,106,78,58,62,74,14,43,28" hai3="81,98,65,41,31,128,104,75,8,92,126,131,44"/><T51/><D100/><U77/><E117/><V55/><F119/><W49/><G104/><T30/><D30/><U95/><E135/><V72/><F43/><W50/><G65/><T36/><D118/><U20/><E125/><V120/><F120/><W87/><G75/><T1/><D36/><U88/><E101/><V47/><F28/><W91/><G126/><T133/><D133/><U79/><E40/><V94/><F72/><W89/><G31/><T7/><D7/><U25/><E5/><V0/><F0/><N who="0" m="74" /><D68/><U96/><E23/><V93/><F74/><W99/><G8/><N who="0" m="6279" /><D51/><U69/><E69/><V127/><F127/><W97/><G50/><T116/><D116/><U22/><E22/><V124/><F124/><W48/><REACH who="3" step="1"/><G49/><REACH who="3" ten="308,250,250,182" step="2"/><T11/><D11/><U34/><REACH who="1" step="1"/><E63/><REACH who="1" ten="308,240,250,182" step="2"/><V37/><F62/><W110/><G110/><T46/><D60/><U102/><E102/><V71/><F37/><W85/><AGARI ba="1,2" hai="41,44,48,81,85,87,89,91,92,97,98,99,128,131" machi="85" ten="30,2000,0" yaku="1,1,0,1,53,0" doraHai="35" doraHaiUra="13" who="3" fromWho="3" sc="308,-11,240,-6,250,-6,182,43" /><INIT seed="1,0,0,4,0,104" ten="297,234,244,225" oya="1" hai0="50,99,102,129,70,46,10,108,131,98,39,64,62" hai1="42,63,130,73,60,82,113,114,41,101,121,95,125" hai2="67,45,86,6,61,26,120,135,119,14,38,35,48" hai3="43,9,76,24,75,7,13,96,2,27,12,79,3"/><U66/><E121/><V54/><F120/><W105/><G43/><T128/><D108/><U107/><E130/><V58/><F119/><W18/><G96/><T124/><D124/><U22/><E125/><V127/><F127/><W106/><G18/><T71/><D71/><U36/><E107/><V117/><F117/><W112/><G9/><T28/><D28/><U89/><E101/><V40/><F135/><W49/><G49/><T133/><D133/><U91/><E22/><V19/><F6/><W55/><G55/><T0/><D39/><U57/><E63/><V20/><F86/><W65/><G65/><T126/><D126/><U29/><E29/><V56/><F35/><W94/><G94/><T31/><D31/><U8/><E8/><V74/><REACH who="2" step="1"/><F26/><REACH who="2" ten="297,234,234,225" step="2"/><W32/><G32/><T85/><D85/><U47/><E114/><V103/><F103/><W51/><G112/><T88/><D102/><U53/><E113/><V115/><F115/><W17/><G7/><T37/><D131/><U11/><E36/><V30/><F30/><W44/><G51/><T84/><D37/><U93/><E60/><V52/><F52/><W122/><G122/><T132/><D132/><U90/><E53/><V110/><F110/><W33/><G33/><T100/><D100/><U87/><E87/><V23/><F23/><W34/><G34/><T92/><D129/><U116/><E11/><V15/><F15/><W123/><G123/><T134/><D134/><U83/><E116/><V72/><AGARI ba="0,1" hai="14,19,20,38,40,45,48,54,56,58,61,67,72,74" machi="72" ten="30,7900,0" yaku="1,1,0,1,52,2,53,0" doraHai="104" doraHaiUra="5" who="2" fromWho="2" sc="297,-20,234,-39,234,89,225,-20" /><INIT seed="2,0,0,2,0,76" ten="277,195,323,205" oya="2" hai0="13,119,134,82,42,125,109,72,107,40,9,81,128" hai1="135,129,8,32,112,56,4,39,73,17,116,35,120" hai2="16,44,86,59,77,64,85,45,130,89,127,100,133" hai3="74,117,95,27,91,2,80,126,93,15,21,3,1"/><V123/><F123/><W22/><G117/><T19/><D119/><U113/><E39/><V52/><F130/><W23/><G15/><T57/><D128/><U65/><E129/><V70/><F127/><W29/><G126/><T61/><D125/><U10/><E116/><V118/><F118/><W0/><N who="3" m="512" /><DORA hai="101" /><W26/><G29/><T31/><D72/><U122/><E73/><V84/><F100/><W104/><G104/><T18/><D107/><U78/><E78/><V115/><F115/><N who="1" m="44105" /><E56/><V38/><F38/><W36/><G36/><T75/><D75/><U6/><E65/><V96/><F77/><W37/><G37/><T71/><D71/><U97/><E17/><V5/><F5/><N who="1" m="2153" /><E97/><V47/><F64/><W28/><G28/><T12/><D31/><U50/><E50/><N who="2" m="31127" /><F70/><W55/><G74/><T69/><D69/><U103/><E103/><V24/><F133/><W99/><G55/><N who="0" m="33983" /><D134/><U60/><E60/><V20/><F96/><W63/><G63/><T67/><D67/><U87/><E87/><V110/><F110/><W68/><G68/><T124/><D109/><U30/><E135/><V131/><F131/><W49/><G49/><T11/><D124/><U92/><E35/><V14/><F24/><W79/><G95/><AGARI ba="0,0" hai="14,16,20,44,45,47,84,85,86,89,95" m="31127" machi="95" ten="30,11600,0" yaku="25,1,8,1,54,2" doraHai="76,101" who="2" fromWho="3" sc="277,0,195,0,323,116,205,-116" /><INIT seed="2,1,0,2,5,42" ten="277,195,439,89" oya="2" hai0="128,11,51,90,118,84,95,131,67,122,43,77,83" hai1="69,87,133,56,63,103,41,40,38,92,79,24,60" hai2="66,25,127,50,0,108,115,71,13,9,75,88,112" hai3="62,86,20,65,121,23,64,44,110,102,49,21,54"/><V3/><F75/><W16/><G121/><T70/><D122/><U29/><E133/><V33/><F127/><W28/><G110/><T101/><D118/><U74/><E74/><V124/><F124/><W78/><G102/><T117/><D117/><U99/><E38/><V30/><F108/><W96/><G96/><T107/><D70/><U105/><E63/><V52/><F66/><W48/><G28/><T120/><D67/><U53/><E69/><V58/><F71/><W123/><G123/><T37/><D37/><U22/><E105/><V39/><F39/><W89/><G78/><T61/><D61/><U114/><E114/><V113/><REACH who="2" step="1"/><F88/><REACH who="2" ten="277,195,429,89" step="2"/><W12/><G64/><T14/><D120/><U32/><E87/><V132/><F132/><W100/><G100/><T126/><D126/><U68/><E68/><V81/><F81/><W31/><G31/><T130/><D101/><U4/><E79/><V106/><F106/><W10/><G65/><T76/><D107/><U80/><E80/><V59/><F59/><W46/><G62/><T19/><D83/><U7/><E92/><V1/><F1/><W135/><G135/><T104/><D104/><U134/><E99/><V55/><F55/><N who="3" m="30087" /><G23/><T26/><D77/><U94/><E134/><V91/><F91/><W125/><G125/><T47/><D76/><U8/><E22/><V45/><F45/><W85/><G85/><T111/><D111/><U36/><E36/><V35/><F35/><W57/><G57/><T72/><D72/><U82/><E103/><V2/><F2/><W5/><G21/><T17/><D131/><RYUUKYOKU ba="1,1" sc="277,15,195,-15,429,15,89,-15" hai0="11,14,17,19,26,43,47,51,84,90,95,128,130" hai2="0,3,9,13,25,30,33,50,52,58,112,113,115" /><INIT seed="2,2,1,1,1,127" ten="292,180,444,74" oya="2" hai0="14,110,56,55,120,3,17,12,53,81,116,0,77" hai1="57,46,6,131,102,132,7,118,93,34,106,133,54" hai2="135,92,112,60,86,79,39,99,130,103,124,74,38" hai3="50,114,5,28,85,63,43,125,69,32,61,115,21"/><V84/><F112/><N who="3" m="43051" /><G125/><T48/><D120/><U19/><E34/><V122/><F122/><W80/><G32/><T31/><D116/><U65/><E106/><V47/><F124/><W100/><G100/><T59/><D31/><U9/><E118/><V67/><F135/><N who="1" m="51785" /><E65/><V128/><F74/><W10/><G69/><T27/><D27/><U49/><E131/><N who="2" m="50219" /><F47/><N who="3" m="25983" /><G21/><T35/><D35/><U90/><E102/><V22/><F22/><W97/><G28/><T87/><D110/><U68/><E68/><N who="2" m="42087" /><F79/><N who="3" m="46239" /><G97/><T76/><D76/><U108/><E108/><V121/><F121/><W36/><G36/><AGARI ba="2,1" hai="36,38,39,84,86,92,99,103" m="42087,50219" machi="36" ten="30,11600,0" yaku="19,1,52,3" doraHai="127" who="2" fromWho="3" sc="292,0,180,0,444,132,74,-122" owari="292,9.0,180,-22.0,576,68.0,-48,-55.0" /></mjloggm>