<mjloggm ver="2.3"><GO type="97" lobby="0"/><UN n0="%E5%B0%B1%E6%B4%BB%E7%94%9F%40%E5%B7%9D%E6%9D%91%E8%BB%8D%E5%9B%A3" n1="%E8%92%BC%E8%99%8E" n2="%73%69%72%61%6B%65" n3="%E5%A5%B3%E5%9B%9A%E3%81%95%E3%81%9D%E3%82%8A" dan="14,14,14,14" rate="1973.59,1958.41,1943.66,1940.74" sx="M,M,M,F"/><TAIKYOKU oya="0"/><INIT seed="0,0,0,1,5,70" ten="250,250,250,250" oya="0" hai0="26,92,43,44,55,107,72,32,118,11,101,4,84" hai1="129,109,97,114,90,6,5,100,77,51,15,115,23" hai2="67,65,135,50,12,13,108,88,16,95,31,126,124" hai3="22,94,57,62,85,61,58,123,134,73,39,45,78"/><T132/><D72/><U86/><E77/><V8/><F31/><W103/><G134/><T128/><D118/><U56/><E129/><V131/><F108/><W106/><G123/><T37/><D107/><U40/><E109/><V59/><F13/><W25/><G73/><T130/><D132/><U121/><E121/><V111/><F111/><W69/><G106/><T53/><D32/><U36/><E36/><V133/><F131/><N who="0" m="50218" /><D26/><U110/><E110/><V74/><F74/><W29/><G69/><T18/><D18/><U99/><E99/><N who="2" m="57831" /><F133/><W46/><G103/><T20/><D20/><U27/><E15/><V122/><F122/><W127/><G127/><N who="2" m="48681" /><F135/><W81/><G94/><T120/><D120/><U105/><E115/><V125/><N who="2" m="48689" /><V21/><DORA hai="82" /><F8/><W63/><REACH who="3" step="1"/><G39/><REACH who="3" ten="250,250,250,240" step="2"/><T9/><D101/><U17/><E114/><V3/><F3/><W116/><G116/><T35/><D37/><U89/><E100/><V52/><AGARI ba="0,1" hai="12,16,21,50,52,59,65,67" m="48689,57831" machi="52" ten="40,8000,1" yaku="18,1,54,3" doraHai="70,82" who="2" fromWho="2" sc="250,-40,250,-20,250,90,240,-20" /><INIT seed="1,0,0,1,2,65" ten="210,230,340,220" oya="1" hai0="73,112,47,31,91,27,38,102,50,30,20,46,96" hai1="113,101,39,111,60,18,56,84,10,45,114,58,53" hai2="125,28,13,132,98,1,44,126,29,86,89,25,17" hai3="49,116,135,131,37,118,129,107,123,127,21,80,134"/><U6/><E101/><V57/><F1/><W63/><G123/><T9/><D73/><U32/><E32/><V52/><F44/><W69/><G107/><T130/><D112/><U14/><E111/><V75/><F98/><W128/><G37/><T11/><D130/><U66/><E39/><V72/><F72/><W122/><G122/><T93/><D31/><U103/><E103/><V67/><F67/><N who="3" m="41215" /><G80/><T42/><REACH who="0" step="1"/><D102/><REACH who="0" ten="200,230,340,220" step="2"/><U24/><E114/><V77/><F29/><W78/><G78/><T8/><D8/><U124/><E113/><V41/><F77/><W59/><G21/><T110/><D110/><U117/><E10/><V120/><F75/><W0/><G0/><T109/><D109/><U105/><E105/><V40/><F120/><W100/><G100/><T35/><D35/><U4/><E4/><V55/><F28/><W83/><G127/><T74/><D74/><U36/><E124/><V23/><F126/><W76/><G76/><T88/><D88/><U64/><E6/><V81/><F125/><W115/><G115/><T104/><D104/><U16/><E18/><V70/><F17/><W15/><G83/><T19/><D19/><U33/><E16/><V22/><F89/><W133/><G15/><T99/><D99/><U94/><E14/><V71/><F13/><W12/><G12/><T61/><D61/><U48/><E60/><V2/><F2/><W43/><G43/><AGARI ba="0,1" hai="9,11,20,27,30,38,42,43,46,47,50,91,93,96" machi="43" ten="30,2000,0" yaku="1,1,7,1,53,0" doraHai="65" doraHaiUra="3" who="0" fromWho="3" sc="200,30,230,0,340,0,220,-20" /><INIT seed="2,0,0,0,2,86" ten="230,230,340,200" oya="2" hai0="90,58,116,103,46,115,119,49,44,54,21,68,84" hai1="66,6,127,98,17,20,35,133,124,80,125,43,71" hai2="129,61,117,75,94,88,40,102,52,122,134,104,128" hai3="87,111,107,97,3,62,85,1,73,24,15,72,57"/><V32/><F32/><W70/><G111/><T74/><D74/><U123/><E123/><V10/><F75/><W135/><G135/><T65/><D115/><U95/><E35/><V130/><F117/><N who="0" m="45130" /><D103/><U89/><E133/><V30/><F134/><W47/><G70/><T114/><D114/><U55/><E43/><V31/><F40/><W8/><G24/><T34/><D34/><U100/><E6/><V18/><F102/><W11/><G73/><T112/><D112/><U82/><E55/><V126/><F104/><W50/><G72/><T29/><D68/><U45/><E45/><V101/><F101/><W16/><G107/><T7/><D7/><U79/><E79/><V63/><F63/><W48/><G97/><T64/><D29/><U36/><E36/><V5/><F18/><W69/><G69/><T99/><D99/><N who="1" m="57839" /><E66/><N who="0" m="25705" /><D21/><U39/><E71/><V2/><F122/><W42/><G62/><T4/><D4/><U26/><E39/><V41/><F41/><W96/><G96/><T9/><D9/><U108/><E108/><V110/><F110/><W77/><G11/><T51/><D51/><U67/><E67/><V106/><F106/><AGARI ba="0,0" hai="17,20,26,80,82,98,100,106,124,125,127" m="57839" machi="106" ten="30,2000,0" yaku="18,1,52,1" doraHai="86" who="1" fromWho="2" sc="230,0,230,20,340,-20,200,0" /><INIT seed="3,0,0,4,2,115" ten="230,250,320,200" oya="3" hai0="29,9,117,68,48,62,2,1,106,26,60,127,97" hai1="0,53,37,69,47,70,98,119,129,3,74,79,105" hai2="109,18,36,118,134,30,88,94,116,103,87,34,67" hai3="27,101,6,5,125,44,11,20,95,54,123,42,12"/><W33/><G123/><T39/><D117/><U38/><E119/><V4/><F36/><W59/><G33/><N who="0" m="20663" /><D60/><U13/><E13/><V56/><F109/><W107/><G107/><T58/><D127/><U19/><E19/><V16/><F134/><W124/><G6/><T28/><D28/><U65/><E53/><V63/><F4/><W72/><G72/><T31/><D31/><U32/><E32/><V40/><F40/><W99/><G44/><T75/><D75/><U50/><E50/><V121/><F121/><W61/><REACH who="3" step="1"/><G42/><REACH who="3" ten="230,250,320,190" step="2"/><T89/><D2/><U128/><E47/><V25/><F118/><W122/><G122/><T86/><D1/><U52/><E0/><V49/><F116/><W133/><G133/><T85/><D39/><U111/><E3/><V78/><F34/><W55/><G55/><N who="0" m="32103" /><D9/><U81/><E52/><V126/><F126/><W90/><G90/><T96/><D89/><U10/><E10/><V51/><F88/><W77/><G77/><T131/><D131/><N who="1" m="50251" /><E111/><V113/><F113/><W24/><G24/><T35/><D35/><U91/><E91/><V22/><F78/><W102/><G102/><N who="0" m="62791" /><D97/><U112/><E112/><V104/><F103/><W135/><G135/><T7/><D7/><U71/><E65/><AGARI ba="0,1" hai="62,65,68,85,86" m="62791,32103,20663" machi="65" ten="30,1000,0" yaku="25,1" doraHai="115" who="0" fromWho="1" sc="230,20,250,-10,320,0,190,0" owari="250,5.0,240,-16.0,320,42.0,190,-31.0" /></mjloggm>