<mjloggm ver="2.3"><GO type="41" lobby="0"/><UN n0="%E6%A1%83%E7%B5%84%E3%81%95%E3%81%A1%E3%81%93" n1="%33%6F%6E%33" n2="%E5%B0%B1%E6%B4%BB%E7%94%9F%40%E5%B7%9D%E6%9D%91%E8%BB%8D%E5%9B%A3" n3="%E7%99%BD%E5%98%98" dan="13,13,16,16" rate="1818.01,1900.46,2169.52,2024.36" sx="M,M,M,M"/><TAIKYOKU oya="0"/><INIT seed="0,0,0,4,5,12" ten="250,250,250,250" oya="0" hai0="17,104,109,88,41,67,47,123,96,114,65,73,116" hai1="68,34,25,83,29,126,111,26,58,18,110,98,82" hai2="108,59,106,40,62,91,71,86,74,10,100,22,24" hai3="23,57,112,33,103,2,64,95,127,121,70,99,7"/><T117/><D114/><U53/><E68/><V113/><F74/><W107/><G33/><T52/><D123/><U89/><E126/><V4/><F113/><W115/><G70/><T135/><D109/><U8/><E98/><V36/><F71/><W37/><G127/><T45/><D135/><U128/><E128/><V55/><F108/><N who="1" m="41513" /><E89/><V131/><F131/><W31/><G121/><T11/><D73/><U87/><E87/><V94/><F36/><W92/><G37/><T102/><D116/><U119/><E119/><V76/><F40/><W66/><G95/><T13/><D117/><U16/><E8/><V118/><F118/><W69/><G69/><T43/><D43/><U38/><E38/><V90/><F106/><W84/><G66/><T130/><D130/><U28/><E82/><V129/><F129/><W93/><G93/><T51/><D45/><U77/><E83/><V133/><F133/><W15/><G84/><T85/><D41/><U101/><E101/><V61/><F76/><W124/><G124/><T46/><D46/><U30/><E77/><V21/><F100/><W56/><G107/><T49/><D49/><N who="1" m="31023" /><E30/><V81/><F62/><N who="3" m="37959" /><G57/><T132/><D132/><U78/><E78/><V134/><F134/><W97/><G97/><T48/><D48/><U125/><E125/><V39/><F39/><W32/><G115/><T6/><D6/><U120/><E120/><V50/><F61/><W60/><G112/><T44/><D44/><U27/><E27/><V63/><F63/><W9/><G60/><T5/><D5/><U1/><E1/><N who="2" m="271" /><F24/><N who="3" m="16799" /><G2/><T72/><D72/><RYUUKYOKU ba="0,0" sc="250,0,250,0,250,0,250,0" hai0="11,13,17,47,51,52,65,67,85,88,96,102,104" hai1="16,18,25,26,28,29,34" hai2="21,22,50,55,59,81,86,90,91,94" hai3="7,9,15,32,92,99,103" /><INIT seed="0,1,0,1,5,59" ten="250,250,250,250" oya="0" hai0="66,47,96,10,95,37,24,44,20,57,121,42,108" hai1="19,81,103,86,106,128,53,125,28,124,94,62,109" hai2="6,3,12,40,88,16,25,74,18,41,48,83,102" hai3="112,104,91,134,123,14,21,36,4,61,77,87,69"/><T58/><D121/><U72/><E28/><V80/><F3/><W17/><G36/><T43/><D108/><U76/><E109/><V100/><F74/><W89/><G123/><T13/><D66/><U79/><E19/><N who="2" m="7211" /><F25/><W93/><G104/><T55/><D42/><N who="2" m="16490" /><F48/><W63/><G69/><T52/><D44/><U32/><E32/><V65/><F65/><W33/><G33/><T70/><D70/><U135/><E128/><V38/><F38/><W122/><G122/><T101/><D57/><N who="1" m="35119" /><E135/><V116/><F116/><W54/><G112/><T98/><D58/><U115/><E115/><V8/><F83/><N who="3" m="47599" /><G54/><T1/><D1/><U97/><E79/><V29/><F29/><W34/><G34/><T120/><D120/><U49/><E49/><V114/><F114/><W35/><G35/><T5/><REACH who="0" step="1"/><D98/><REACH who="0" ten="240,250,250,250" step="2"/><U0/><E0/><V22/><F22/><W118/><G134/><T105/><D105/><U23/><E23/><V84/><AGARI ba="1,1" hai="6,8,12,80,84,88,100,102" m="16490,7211" machi="84" ten="30,4000,0" yaku="8,1,54,2" doraHai="59" who="2" fromWho="2" sc="240,-21,250,-11,250,53,250,-11" /><INIT seed="1,0,0,0,1,54" ten="219,239,303,239" oya="1" hai0="107,114,110,89,62,47,83,73,58,68,118,133,21" hai1="108,28,7,53,44,92,39,69,82,43,101,38,25" hai2="109,128,123,97,34,98,49,51,135,84,87,66,10" hai3="6,50,124,63,129,91,37,24,14,79,120,112,90"/><U27/><E69/><V122/><F34/><W88/><G120/><N who="2" m="46121" /><F10/><W132/><G37/><T100/><D114/><U36/><E7/><V2/><F2/><W15/><G112/><T125/><D118/><U72/><E108/><V111/><F66/><W115/><G115/><T26/><D110/><N who="2" m="41994" /><F135/><W16/><G132/><T52/><D133/><U74/><E53/><V121/><F121/><W11/><G124/><T32/><D125/><U134/><E134/><V59/><F59/><W20/><G129/><T95/><D100/><U131/><E131/><V106/><F106/><W29/><G79/><T130/><D107/><U71/><E71/><V9/><F9/><W13/><G50/><N who="2" m="18953" /><F128/><W76/><G76/><T22/><D130/><U70/><E70/><V126/><F126/><W42/><G42/><T93/><D68/><U45/><E82/><V81/><F81/><W18/><REACH who="3" step="1"/><G63/><REACH who="3" ten="219,239,303,229" step="2"/><T41/><D32/><U61/><E61/><V85/><AGARI ba="0,1" hai="84,85,87,97,98" m="18953,41994,46121" machi="85" ten="40,5200,0" yaku="28,2,14,1" doraHai="54" who="2" fromWho="2" sc="219,-13,239,-26,303,62,229,-13" /><INIT seed="2,0,0,0,2,93" ten="206,213,365,216" oya="2" hai0="27,82,114,66,0,42,15,83,16,24,65,117,54" hai1="46,68,91,113,13,123,61,108,2,115,49,34,8" hai2="23,85,77,58,38,135,6,43,72,59,105,134,106" hai3="109,107,124,97,84,37,57,4,126,78,81,33,133"/><V88/><F72/><W76/><G33/><T25/><D114/><U21/><E34/><V94/><F77/><N who="3" m="46127" /><G37/><T44/><D117/><U36/><E36/><V121/><F121/><W87/><G4/><T51/><D0/><U55/><E123/><V53/><F38/><W131/><G57/><T62/><D66/><U9/><E108/><V40/><F6/><W125/><G109/><T26/><N who="0" m="6656" /><DORA hai="102" /><T99/><D42/><N who="2" m="15914" /><F23/><W112/><G112/><T89/><D89/><U128/><E128/><V70/><F70/><W71/><G71/><T80/><D99/><U69/><E69/><V95/><F59/><W74/><G133/><N who="2" m="50697" /><F95/><W50/><G50/><AGARI ba="0,0" hai="50,53,58,85,88,94,105,106" m="50697,15914" machi="50" ten="30,11600,0" yaku="20,1,52,2,54,1" doraHai="93,102" who="2" fromWho="3" sc="206,0,213,0,365,116,216,-116" /><INIT seed="2,1,0,2,4,70" ten="206,213,481,100" oya="2" hai0="126,18,55,8,59,51,100,121,125,90,42,96,110" hai1="99,106,119,44,50,88,23,129,69,79,12,97,61" hai2="25,87,91,83,115,112,94,10,1,104,34,16,85" hai3="132,6,105,127,58,92,74,41,11,102,13,98,128"/><V36/><F104/><W28/><G132/><T15/><D121/><U4/><E119/><V123/><F123/><W27/><G127/><N who="0" m="48651" /><D110/><U80/><E129/><V81/><F94/><W38/><G128/><T72/><D72/><U57/><E69/><V71/><F71/><W67/><G74/><T76/><D76/><U62/><E106/><V21/><F34/><W73/><G73/><T43/><D90/><U78/><E61/><V118/><F118/><W133/><G133/><T108/><D108/><U20/><E20/><V22/><F36/><W32/><G41/><T54/><D54/><U131/><E131/><V5/><REACH who="2" step="1"/><F22/><REACH who="2" ten="206,213,471,100" step="2"/><W114/><G114/><T3/><D3/><U109/><E109/><V75/><F75/><W68/><G68/><T135/><D135/><U47/><E23/><V2/><F2/><W107/><G38/><T48/><D48/><U134/><E134/><V113/><F113/><W53/><REACH who="3" step="1"/><G67/><REACH who="3" ten="206,213,471,90" step="2"/><T33/><D33/><U101/><E50/><AGARI ba="1,2" hai="6,11,13,27,28,32,50,53,58,92,98,102,105,107" machi="50" ten="30,3900,0" yaku="1,1,2,1,7,1,53,0" doraHai="70" doraHaiUra="40" who="3" fromWho="1" sc="206,0,213,-42,471,0,90,62" /><INIT seed="3,0,0,1,1,5" ten="206,171,471,152" oya="3" hai0="131,58,103,16,55,61,71,68,94,3,77,14,66" hai1="13,22,48,104,86,11,112,23,24,42,85,84,121" hai2="51,30,19,97,62,118,129,47,35,73,80,132,117" hai3="125,44,115,0,76,20,99,98,101,32,88,83,110"/><W36/><G115/><T100/><D131/><U64/><E112/><V4/><F129/><W124/><G32/><T6/><D77/><U87/><E121/><V41/><F132/><W15/><G0/><T93/><D6/><U81/><E104/><V8/><F97/><W10/><G110/><T105/><D3/><U109/><E109/><V29/><F62/><W134/><G134/><T25/><D25/><U82/><E64/><V43/><F43/><W89/><G20/><T52/><D68/><U17/><N who="1" m="22016" /><DORA hai="7" /><U102/><E102/><V127/><F127/><N who="3" m="48715" /><G44/><T39/><D39/><U27/><E23/><V95/><F95/><N who="0" m="36362" /><D105/><U28/><E24/><V119/><F35/><W92/><G99/><T91/><D91/><U111/><E111/><V133/><F133/><W70/><G36/><T40/><D40/><U50/><REACH who="1" step="1"/><E42/><REACH who="1" ten="206,161,471,152" step="2"/><V1/><F41/><W59/><G70/><T46/><D71/><U26/><E26/><V114/><F114/><W120/><G120/><T37/><D37/><U33/><E33/><V130/><F117/><W96/><G98/><T63/><D63/><U34/><E34/><V54/><F119/><W49/><G49/><AGARI ba="0,1" hai="11,13,17,22,27,28,48,49,50,81,82" m="22016" machi="49" ten="50,8000,1" yaku="1,1,8,1,52,2,53,0" doraHai="5,7" doraHaiUra="31,123" who="1" fromWho="3" sc="206,0,161,90,471,0,152,-80" /><INIT seed="4,0,0,0,3,58" ten="206,251,471,72" oya="0" hai0="89,38,112,118,113,37,13,47,18,124,79,8,81" hai1="19,35,106,5,39,92,101,6,73,33,23,121,120" hai2="60,99,7,75,72,96,1,53,59,55,111,91,62" hai3="130,24,74,15,0,84,126,135,64,26,17,76,43"/><T95/><D118/><U85/><E73/><V114/><F111/><W78/><G74/><T105/><D124/><U11/><E39/><V42/><F42/><W32/><G0/><T127/><D105/><U45/><E106/><V57/><F114/><N who="0" m="44138" /><D127/><U115/><E115/><V56/><F91/><W63/><G126/><T77/><D47/><U117/><E117/><V88/><F88/><W21/><G135/><T90/><D90/><U51/><E85/><V103/><F57/><W122/><G122/><T110/><D110/><U41/><E5/><V87/><F87/><W104/><G104/><T123/><D123/><U83/><E83/><V9/><F99/><W86/><G43/><T107/><D107/><AGARI ba="0,0" hai="1,7,9,53,55,56,59,60,62,72,75,96,103,107" machi="107" ten="30,7700,0" yaku="7,1,9,1,52,2" doraHai="58" who="2" fromWho="0" sc="206,-77,251,0,471,77,72,0" /><INIT seed="5,0,0,5,3,45" ten="129,251,548,72" oya="1" hai0="79,22,10,33,70,44,131,135,99,16,20,130,19" hai1="75,28,65,54,57,81,6,21,127,24,110,1,40" hai2="112,11,9,101,116,3,36,122,14,119,4,13,30" hai3="87,88,80,51,84,59,128,39,85,89,104,103,15"/><U98/><E65/><V63/><F36/><W23/><G39/><T77/><D70/><U134/><E40/><V118/><F101/><W58/><G128/><N who="0" m="49195" /><D135/><U34/><E134/><V95/><F95/><W76/><G104/><T37/><D33/><U94/><E127/><V31/><F63/><W46/><G103/><T42/><D10/><U56/><E110/><V117/><F122/><W49/><G15/><N who="0" m="9247" /><D99/><U109/><E109/><V113/><F119/><W41/><G23/><T66/><D66/><U32/><E57/><V133/><F133/><W96/><G96/><T82/><D82/><U61/><E6/><N who="2" m="3255" /><F3/><W97/><G97/><T38/><D38/><U17/><E1/><V50/><F50/><N who="3" m="26959" /><G76/><T78/><D78/><U115/><E115/><AGARI ba="0,0" hai="4,11,14,30,31,112,113,115,116,117,118" m="3255" machi="115" ten="40,8000,1" yaku="15,1,11,1,34,2" doraHai="45" who="2" fromWho="1" sc="129,0,251,-80,548,80,72,0" /><INIT seed="6,0,0,0,1,26" ten="129,171,628,72" oya="2" hai0="82,11,50,118,127,25,69,114,81,28,104,86,61" hai1="2,112,3,92,45,119,17,15,97,67,128,44,100" hai2="10,91,16,78,43,59,49,41,53,63,40,80,90" hai3="84,46,94,122,58,109,57,126,117,31,23,75,51"/><V121/><F121/><W73/><G122/><T65/><D114/><U39/><E112/><V135/><F135/><W33/><G109/><T130/><D127/><U56/><E119/><V4/><F63/><W113/><G113/><T89/><D130/><U60/><E128/><V85/><REACH who="2" step="1"/><F16/><REACH who="2" ten="129,171,618,72" step="2"/><W30/><G126/><T18/><D118/><U64/><E67/><V9/><F9/><W42/><G117/><T71/><D104/><U115/><E115/><V13/><AGARI ba="0,1" hai="4,10,13,40,41,43,49,53,59,78,80,85,90,91" machi="13" ten="30,18000,2" yaku="1,1,0,1,8,1,53,3" doraHai="26" doraHaiUra="38" who="2" fromWho="2" sc="129,-60,171,-60,618,190,72,-60" /><INIT seed="6,1,0,5,1,80" ten="69,111,808,12" oya="2" hai0="56,2,109,61,89,81,30,95,127,134,86,107,133" hai1="75,11,104,60,15,27,16,41,8,110,135,21,124" hai2="121,85,46,122,33,52,13,37,115,70,45,63,106" hai3="77,43,126,9,67,23,99,32,103,35,101,18,76"/><V72/><F106/><W108/><G108/><T92/><D109/><U113/><E75/><V128/><F72/><W117/><G117/><T120/><D120/><U38/><E110/><V91/><F33/><W14/><G67/><T53/><D2/><U73/><E104/><V6/><F128/><W50/><G103/><T25/><D127/><U55/><E73/><V116/><F116/><W131/><G126/><T19/><D19/><U62/><E124/><V130/><F130/><W102/><G131/><T1/><D1/><U90/><E135/><N who="0" m="51721" /><D107/><U129/><E129/><V4/><F70/><W39/><G39/><T44/><D44/><U114/><E41/><V94/><F37/><W51/><G102/><T97/><D97/><U29/><E38/><V93/><F93/><N who="3" m="58607" /><G35/><AGARI ba="1,0" hai="25,30,35,53,56,61,81,86,89,92,95" m="51721" machi="35" ten="30,2000,0" yaku="20,1,52,1" doraHai="80" who="0" fromWho="3" sc="69,23,111,0,808,0,12,-23" owari="92,-31.0,111,-9.0,808,91.0,-11,-51.0" /></mjloggm>