<mjloggm ver="2.3"><GO type="41" lobby="0"/><UN n0="%E6%BF%83%E3%81%84%E7%B4%85%E8%8C%B6" n1="%E5%B0%B1%E6%B4%BB%E7%94%9F%40%E5%B7%9D%E6%9D%91%E8%BB%8D%E5%9B%A3" n2="%E9%AB%98%E5%9E%A3%E6%A5%93" n3="%6B%61%69%2D%6B%75%6E" dan="14,16,14,15" rate="1934.67,2175.24,1927.74,2056.73" sx="M,M,M,M"/><TAIKYOKU oya="0"/><INIT seed="0,0,0,4,2,98" ten="250,250,250,250" oya="0" hai0="102,113,103,39,127,115,36,48,20,9,40,31,14" hai1="54,46,55,22,2,67,33,110,109,38,79,49,75" hai2="85,76,84,63,93,129,17,125,29,5,92,50,133" hai3="121,114,117,21,23,135,87,94,122,13,28,68,118"/><T25/><D127/><U101/><E33/><V71/><F129/><W77/><G68/><T111/><D111/><N who="1" m="42507" /><E2/><V72/><F133/><W132/><G77/><T7/><D115/><U83/><E38/><V134/><F134/><N who="3" m="51243" /><G87/><T52/><D113/><U66/><E101/><V30/><F5/><W100/><G94/><T82/><D40/><U96/><E96/><V116/><F50/><W107/><G114/><T35/><D35/><U64/><E22/><N who="3" m="8202" /><G28/><T61/><D61/><U80/><E80/><V69/><F63/><W24/><G24/><T43/><D43/><AGARI ba="0,0" hai="43,46,49,54,55,64,66,67,75,79,83" m="42507" machi="43" ten="30,1000,0" yaku="14,1" doraHai="98" who="1" fromWho="0" sc="250,-10,250,10,250,0,250,0" /><INIT seed="1,0,0,1,0,63" ten="240,260,250,250" oya="1" hai0="117,69,52,118,54,30,15,112,59,41,79,108,2" hai1="57,13,132,76,12,46,75,64,115,27,45,7,9" hai2="96,125,60,4,50,74,31,92,106,10,32,130,101" hai3="42,126,77,90,84,65,44,21,122,66,100,107,109"/><U38/><E115/><V5/><F125/><W133/><G122/><T91/><D112/><U34/><E132/><V53/><F74/><W1/><G133/><T71/><D2/><U51/><E38/><V8/><F130/><W29/><G126/><T70/><D30/><U20/><E34/><V25/><F60/><W113/><G1/><T19/><D108/><U43/><E46/><V99/><F8/><W120/><G120/><T67/><D67/><U55/><E64/><V89/><REACH who="2" step="1"/><F10/><REACH who="2" ten="240,260,240,250" step="2"/><W82/><G113/><T98/><D118/><U128/><E128/><V94/><F94/><W83/><G109/><T33/><D117/><U35/><E75/><V129/><F129/><W58/><G107/><T104/><D104/><U68/><E68/><V37/><F37/><W14/><G83/><T134/><D134/><U116/><E116/><V78/><F78/><W123/><G82/><T124/><D79/><U49/><E76/><V93/><F93/><W0/><G123/><T23/><D124/><U26/><E35/><V110/><F110/><W22/><G77/><T28/><D71/><U102/><E102/><V103/><F103/><W97/><G100/><T11/><D70/><U86/><E86/><V105/><F105/><W6/><G84/><T36/><D69/><U24/><REACH who="1" step="1"/><E20/><REACH who="1" ten="240,250,240,250" step="2"/><V81/><F81/><W87/><G22/><T62/><D33/><U85/><E85/><V88/><F88/><W119/><G87/><T121/><D36/><U95/><E95/><V111/><F111/><W135/><G90/><T131/><D91/><U61/><E61/><V3/><F3/><AGARI ba="0,2" hai="3,7,9,12,13,24,26,27,43,45,49,51,55,57" machi="3" ten="40,3900,0" yaku="1,1,6,1,53,0" doraHai="63" doraHaiUra="18" who="1" fromWho="2" sc="240,0,250,59,240,-39,250,0" /><INIT seed="1,1,0,2,2,99" ten="240,309,201,250" oya="1" hai0="1,100,62,123,30,36,57,78,34,49,80,97,91" hai1="16,76,47,124,9,58,4,94,68,65,23,125,15" hai2="130,42,135,60,21,29,26,6,114,46,73,7,98" hai3="70,40,111,24,10,90,3,122,113,66,82,71,39"/><U85/><E68/><V75/><F130/><W31/><G122/><T2/><D123/><U104/><E104/><V17/><F135/><W61/><G113/><T0/><D36/><U102/><E76/><V38/><F114/><W45/><G111/><T5/><D91/><U54/><E65/><V89/><F60/><W88/><G71/><T120/><D120/><U121/><E47/><V112/><F112/><W25/><G25/><T32/><D49/><U115/><E121/><V133/><F133/><W63/><G63/><T107/><D30/><U44/><E44/><V20/><F75/><W27/><G27/><T118/><D5/><U18/><E115/><V109/><F73/><W37/><G37/><T119/><D119/><U127/><E23/><V55/><F55/><W86/><G3/><T87/><REACH who="0" step="1"/><D118/><REACH who="0" ten="230,309,201,250" step="2"/><U84/><E18/><V110/><F109/><W126/><G126/><T22/><D22/><U33/><E4/><V105/><F110/><W117/><G117/><T14/><D14/><U106/><E33/><V108/><F89/><W116/><G116/><T56/><D56/><U67/><E15/><N who="2" m="9279" /><F108/><W13/><G86/><T132/><D132/><U129/><E85/><V69/><F69/><W134/><G134/><T128/><D128/><U79/><E84/><V11/><F11/><W72/><G72/><T51/><D51/><U131/><E129/><V43/><F43/><W96/><G96/><T8/><D8/><U52/><E131/><V35/><F35/><W101/><G90/><T83/><D83/><U28/><E127/><V53/><F38/><W12/><G88/><RYUUKYOKU ba="1,1" sc="230,30,309,-10,201,-10,250,-10" hai0="0,1,2,32,34,57,62,78,80,87,97,100,107" /><INIT seed="2,2,1,2,4,7" ten="260,299,191,240" oya="2" hai0="79,82,93,85,34,17,44,39,64,123,112,132,3" hai1="130,106,105,78,62,97,116,46,53,71,125,122,1" hai2="38,124,90,25,101,96,58,37,14,61,56,102,120" hai3="129,23,48,81,113,75,51,118,92,36,131,30,135"/><V104/><F120/><W103/><G118/><T19/><D123/><U87/><E116/><V9/><F124/><W76/><G113/><T95/><D112/><U6/><E122/><V28/><F101/><W43/><G36/><T65/><D132/><U15/><E1/><V10/><F90/><W68/><G68/><T33/><D3/><U109/><E109/><V13/><F38/><W63/><G135/><T41/><D93/><U8/><E125/><V117/><F37/><W5/><G5/><T126/><D126/><U88/><E78/><V0/><F0/><W27/><G63/><T108/><D108/><U16/><E6/><V40/><F40/><W111/><G111/><T24/><D95/><U12/><E12/><V86/><F86/><W115/><G115/><T83/><D83/><N who="1" m="49279" /><E130/><N who="3" m="49674" /><G43/><T121/><D121/><U42/><E42/><V35/><F61/><W21/><G21/><T59/><D34/><U99/><E105/><V80/><F80/><W91/><G103/><T72/><D33/><U4/><E106/><V133/><F117/><W2/><G2/><T127/><D127/><U77/><E77/><V110/><F110/><W84/><AGARI ba="2,1" hai="23,27,30,48,51,75,76,81,84,91,92" m="49674" machi="84" ten="30,1100,0" yaku="19,1" doraHai="7" who="3" fromWho="3" sc="260,-5,299,-5,191,-7,240,27" /><INIT seed="3,0,0,5,1,81" ten="255,294,184,267" oya="3" hai0="108,8,9,60,63,26,92,52,89,123,106,33,115" hai1="112,49,111,12,32,45,57,23,70,114,20,35,58" hai2="3,46,130,47,44,127,85,28,36,133,41,51,22" hai3="53,93,73,118,2,79,15,31,61,68,134,109,56"/><W126/><G118/><T10/><D123/><U4/><E70/><V78/><F3/><W87/><G2/><T64/><D108/><U37/><E37/><V125/><F130/><W88/><G109/><T132/><D106/><U62/><E111/><V39/><F133/><W99/><G126/><N who="2" m="48137" /><F28/><W29/><G134/><T116/><D116/><U5/><E62/><V121/><F22/><W71/><G73/><T24/><D132/><U122/><E12/><V30/><F30/><W69/><G79/><T16/><D115/><U76/><E76/><V101/><F101/><W119/><G119/><T83/><D83/><U19/><E19/><V75/><F75/><W55/><G15/><T40/><D40/><U131/><E131/><V48/><F121/><W104/><REACH who="3" step="1"/><G55/><REACH who="3" ten="255,294,184,257" step="2"/><T94/><D52/><U102/><E122/><V91/><F78/><W65/><G65/><T0/><D0/><U67/><E67/><V25/><F25/><W50/><G50/><N who="2" m="18985" /><F41/><W1/><G1/><T42/><D24/><U38/><E49/><V95/><AGARI ba="0,1" hai="36,39,44,46,47,85,91,95" m="18985,48137" machi="95" ten="40,2700,0" yaku="18,1,52,1" doraHai="81" who="2" fromWho="2" sc="255,-7,294,-7,184,37,257,-13" /><INIT seed="4,0,0,0,4,78" ten="248,287,221,244" oya="0" hai0="125,83,30,65,69,6,107,87,94,21,24,97,1" hai1="66,116,5,133,64,25,43,84,130,50,36,81,119" hai2="120,80,70,42,100,90,77,58,88,117,124,17,131" hai3="18,128,129,12,96,132,39,48,27,52,0,34,35"/><T62/><D125/><U3/><E36/><V98/><F70/><W37/><G0/><T74/><D74/><U92/><E133/><V53/><F120/><W101/><G132/><T68/><D107/><U76/><E130/><N who="3" m="50282" /><G96/><T14/><D1/><U60/><E64/><V61/><F124/><W47/><G101/><T31/><D30/><U67/><E67/><V41/><F117/><W91/><G91/><T13/><D68/><U108/><E108/><V11/><F131/><W85/><G85/><T118/><D118/><U89/><E25/><V46/><F11/><N who="3" m="6431" /><G35/><T4/><D4/><U111/><E5/><V22/><F100/><W122/><G122/><T10/><D10/><U95/><E3/><V33/><F33/><W126/><G126/><T26/><D26/><U135/><E135/><V110/><F110/><W59/><G59/><T112/><D6/><U54/><E111/><V99/><F99/><W123/><G123/><T9/><D9/><U51/><E92/><N who="2" m="56583" /><F90/><W109/><G109/><T115/><D115/><U20/><E95/><V106/><F106/><W29/><AGARI ba="0,0" hai="27,29,34,37,39,47,48,52" m="6431,50282" machi="29" ten="30,2000,0" yaku="19,1,54,1" doraHai="78" who="3" fromWho="3" sc="248,-10,287,-5,221,-5,244,20" /><INIT seed="5,0,0,1,3,30" ten="238,282,216,264" oya="1" hai0="92,130,69,84,31,91,53,20,109,52,87,46,47" hai1="65,61,117,0,2,102,122,78,13,51,124,96,41" hai2="100,72,9,70,39,60,113,94,90,56,121,18,110" hai3="11,17,37,57,81,42,14,105,44,4,24,23,58"/><U85/><E122/><V66/><F110/><W55/><G105/><T76/><D130/><U126/><E117/><V7/><F121/><W114/><G114/><T134/><D134/><U112/><E112/><V88/><F39/><W5/><G81/><N who="0" m="47143" /><D69/><U71/><E13/><N who="2" m="5311" /><F72/><W74/><G74/><T36/><D36/><U32/><E32/><V3/><F3/><W16/><REACH who="3" step="1"/><G57/><REACH who="3" ten="238,282,216,254" step="2"/><T59/><D109/><U21/><E71/><V35/><F70/><W107/><G107/><T116/><D116/><U104/><E104/><V129/><F129/><W132/><G132/><T62/><D53/><U54/><E54/><V123/><F123/><W40/><G40/><T115/><D115/><U103/><E41/><V12/><F113/><W79/><G79/><T101/><D101/><U77/><E78/><V48/><F100/><W38/><G38/><T125/><D125/><U99/><E77/><V26/><F56/><W64/><G64/><T127/><D127/><U63/><E65/><V33/><F66/><W95/><G95/><T83/><D92/><U93/><E93/><V86/><F94/><W119/><G119/><T6/><D83/><U106/><E106/><V28/><F90/><W43/><G43/><T19/><D91/><U67/><E67/><V89/><F88/><W50/><AGARI ba="0,1" hai="4,5,11,14,16,17,23,24,37,42,44,50,55,58" machi="50" ten="20,8000,1" yaku="1,1,0,1,7,1,54,1,53,1" doraHai="30" doraHaiUra="45" who="3" fromWho="3" sc="238,-20,282,-40,216,-20,254,90" /><INIT seed="6,0,0,3,0,35" ten="218,242,196,344" oya="2" hai0="103,86,28,69,0,85,47,34,96,6,43,79,66" hai1="16,113,104,41,80,101,18,7,45,78,99,3,17" hai2="134,128,9,135,49,108,22,39,71,27,107,36,123" hai3="38,126,70,119,129,132,83,29,33,98,111,65,68"/><V67/><F123/><W21/><G21/><T133/><D133/><N who="2" m="50698" /><F107/><W60/><G83/><T90/><D79/><U58/><E113/><V116/><F116/><W37/><G119/><T131/><D131/><U93/><E104/><V13/><F128/><W53/><G111/><T94/><D69/><U44/><E58/><V50/><F108/><W95/><G70/><T110/><D110/><U105/><E105/><V51/><F67/><W102/><G129/><T89/><D66/><U11/><REACH who="1" step="1"/><E41/><REACH who="1" ten="218,232,196,344" step="2"/><V1/><F71/><W14/><G126/><T19/><D43/><U62/><E62/><V59/><F59/><W82/><G132/><T106/><D106/><U81/><E81/><V26/><F36/><W32/><G82/><T97/><D94/><U23/><E23/><V8/><F39/><W46/><G95/><T112/><D47/><U84/><AGARI ba="0,1" hai="3,7,11,16,17,18,44,45,78,80,84,93,99,101" machi="84" ten="30,7900,0" yaku="1,1,0,1,52,1,54,1,53,0" doraHai="35" doraHaiUra="122" who="1" fromWho="1" sc="218,-20,232,89,196,-39,344,-20" /><INIT seed="7,0,0,0,2,125" ten="198,321,157,324" oya="3" hai0="82,63,3,76,38,75,23,6,89,88,131,91,84" hai1="113,66,48,42,98,87,31,80,35,92,40,5,17" hai2="36,9,57,103,78,29,129,32,79,118,115,128,74" hai3="37,117,124,51,68,20,27,106,45,112,111,13,8"/><W2/><G117/><T55/><D38/><U22/><E35/><V126/><F126/><W41/><G124/><T96/><D131/><N who="2" m="50250" /><F115/><W43/><G112/><T101/><D3/><U0/><E0/><V33/><F118/><W99/><G111/><T28/><D6/><U107/><E107/><V119/><F119/><W90/><G68/><T46/><D28/><U24/><E113/><V67/><F36/><W60/><G2/><T16/><D46/><N who="1" m="25671" /><E5/><V52/><F67/><W81/><G106/><T69/><D55/><U71/><E71/><V44/><F44/><W56/><G37/><T123/><D123/><U49/><E66/><V130/><N who="2" m="50258" /><V95/><DORA hai="83" /><F9/><W72/><G72/><T133/><D133/><U70/><E70/><V110/><F110/><W105/><G43/><T30/><D30/><U132/><E132/><V19/><F19/><N who="3" m="12703" /><G105/><T21/><D69/><U77/><E31/><V34/><F29/><W59/><G60/><T7/><D63/><U93/><E98/><N who="2" m="59871" /><F74/><W94/><G81/><T58/><D75/><U18/><E18/><AGARI ba="0,0" hai="8,13,18,41,45,51,56,59,90,94,99" m="12703" machi="18" ten="30,1500,0" yaku="8,1" doraHai="125,83" who="3" fromWho="1" sc="198,0,321,-15,157,0,324,15" owari="198,-20.0,306,11.0,157,-34.0,339,43.0" /></mjloggm>