<mjloggm ver="2.3"><GO type="97" lobby="0"/><UN n0="%62%61%62%79%66%61%63%65" n1="%E5%B0%B1%E6%B4%BB%E7%94%9F%40%E5%B7%9D%E6%9D%91%E8%BB%8D%E5%9B%A3" n2="%E5%92%B2%EF%BC%A0%E7%9B%A3%E7%9D%A3" n3="%63%68%69%6E%75%35%30" dan="14,15,14,14" rate="1891.72,2002.04,1885.47,1976.78" sx="M,M,M,M"/><TAIKYOKU oya="0"/><INIT seed="0,0,0,3,5,45" ten="250,250,250,250" oya="0" hai0="52,11,111,94,8,107,17,123,80,67,118,38,2" hai1="16,4,62,23,134,110,103,35,74,93,41,28,30" hai2="49,101,79,99,54,24,92,73,115,114,6,58,77" hai3="39,113,97,86,85,13,127,10,59,40,132,57,65"/><T34/><D118/><U135/><E74/><V29/><F6/><W102/><G113/><T56/><D107/><U61/><E110/><V91/><F73/><W14/><G132/><N who="1" m="50730" /><E41/><V131/><F131/><W96/><G127/><T109/><D38/><U20/><E4/><V70/><F70/><W81/><G39/><T48/><D34/><U126/><E23/><V36/><F36/><W84/><G40/><T104/><D104/><U44/><E44/><V98/><F115/><W43/><G43/><T112/><D112/><U88/><E103/><V128/><F128/><W71/><G71/><T124/><D124/><U90/><E90/><V130/><F130/><W64/><G81/><T78/><D123/><U108/><E108/><N who="0" m="41545" /><D2/><U32/><E32/><V33/><F114/><W22/><G22/><T51/><D17/><U76/><E76/><V18/><F18/><W75/><G75/><N who="0" m="43103" /><D94/><AGARI ba="0,0" hai="24,29,33,49,54,58,77,79,91,92,94,98,99,101" machi="94" ten="30,2000,0" yaku="7,1,52,1" doraHai="45" who="2" fromWho="0" sc="250,-20,250,0,250,20,250,0" /><INIT seed="1,0,0,5,0,57" ten="230,250,270,250" oya="1" hai0="75,1,91,23,94,48,95,17,77,27,16,29,65" hai1="40,99,118,132,11,26,128,5,98,51,47,103,126" hai2="107,80,96,124,24,10,22,100,6,38,64,123,79" hai3="52,113,78,87,28,45,59,88,42,122,73,121,93"/><U58/><E118/><V115/><F123/><W112/><G28/><T97/><D1/><U62/><E128/><V56/><F38/><W134/><G134/><T104/><D104/><U90/><E132/><V131/><F131/><W13/><G73/><T86/><D65/><U83/><E126/><V70/><F124/><W130/><G130/><T35/><D35/><U108/><E108/><V116/><F116/><W55/><G78/><T129/><D129/><U53/><E26/><V7/><F7/><W19/><G55/><T44/><D77/><U49/><E103/><V33/><F115/><W25/><G25/><T41/><REACH who="0" step="1"/><D75/><REACH who="0" ten="220,250,270,250" step="2"/><U119/><E119/><V111/><F33/><W101/><G113/><T120/><D120/><U36/><E99/><V74/><F111/><W117/><G112/><T110/><D110/><U2/><REACH who="1" step="1"/><E98/><REACH who="1" ten="220,240,270,250" step="2"/><V89/><F96/><W71/><G117/><T15/><D15/><U54/><E54/><V109/><F109/><W46/><G122/><T69/><D69/><U84/><AGARI ba="0,2" hai="2,5,11,36,40,47,49,51,53,58,62,83,84,90" machi="84" ten="30,6000,0" yaku="1,1,0,1,52,1,53,0" doraHai="57" doraHaiUra="9" who="1" fromWho="1" sc="220,-20,240,80,270,-20,250,-20" /><INIT seed="1,1,0,5,3,17" ten="200,320,250,230" oya="1" hai0="92,24,91,4,112,36,51,48,32,0,94,6,129" hai1="135,99,86,116,18,53,114,90,44,31,102,61,87" hai2="98,109,21,57,105,131,100,2,59,19,15,5,39" hai3="72,47,71,128,20,25,9,104,89,84,23,69,108"/><U75/><E75/><V38/><F131/><W34/><G104/><T134/><D36/><U81/><E116/><V26/><F109/><W35/><G72/><T8/><D112/><U58/><E114/><V132/><F132/><W12/><G108/><T121/><D129/><U113/><E113/><V118/><F118/><W27/><G128/><T93/><D134/><U106/><E135/><V45/><F2/><W7/><G47/><T49/><D121/><U103/><E31/><V110/><F110/><W115/><G115/><T119/><D119/><U85/><E102/><V16/><F5/><W78/><G78/><T54/><D6/><U127/><E127/><V125/><F125/><W111/><G111/><T29/><REACH who="0" step="1"/><D54/><REACH who="0" ten="190,320,250,230" step="2"/><U130/><E130/><V1/><F39/><W13/><G71/><T62/><D62/><U95/><E106/><V83/><F38/><W63/><G69/><T33/><D33/><U22/><REACH who="1" step="1"/><E44/><REACH who="1" ten="190,310,250,230" step="2"/><V65/><F45/><W11/><G7/><T64/><D64/><U101/><E101/><V107/><F65/><W124/><G124/><T50/><N who="0" m="12800" /><DORA hai="77" /><T55/><D55/><U67/><E67/><V14/><F107/><W117/><G117/><T126/><D126/><U10/><E10/><V120/><F120/><W40/><G9/><T80/><D80/><U76/><E76/><V82/><F83/><W79/><G11/><T73/><D73/><U70/><E70/><V74/><F82/><W30/><G79/><T96/><AGARI ba="1,2" hai="0,4,8,24,29,32,91,92,93,94,96" m="12800" machi="96" ten="40,12000,2" yaku="1,1,0,1,53,4" doraHai="17,77" doraHaiUra="68,46" who="0" fromWho="0" sc="190,143,310,-61,250,-31,230,-31" /><INIT seed="2,0,0,0,4,20" ten="333,249,219,199" oya="2" hai0="8,3,18,128,103,33,118,46,113,53,47,97,120" hai1="61,126,45,132,92,43,29,2,88,42,60,85,11" hai2="133,127,94,109,101,35,19,77,104,21,27,78,100" hai3="5,106,117,7,63,13,4,59,116,52,62,40,17"/><V36/><F36/><W14/><G106/><T64/><D120/><U112/><E112/><V25/><F104/><W95/><G40/><T49/><D113/><U121/><E121/><V129/><F129/><W91/><G63/><T75/><D75/><U56/><E126/><V84/><F127/><W51/><G14/><T26/><D128/><U102/><E132/><V82/><F133/><W99/><REACH who="3" step="1"/><G62/><REACH who="3" ten="333,249,219,189" step="2"/><T34/><D3/><U105/><E43/><V74/><F109/><W55/><G55/><T108/><D53/><U54/><E60/><V0/><F0/><W22/><AGARI ba="0,1" hai="4,5,7,13,17,22,51,52,59,91,95,99,116,117" machi="22" ten="30,4000,0" yaku="1,1,0,1,54,1,53,0" doraHai="20" doraHaiUra="23" who="3" fromWho="3" sc="333,-10,249,-10,219,-20,189,50" /><INIT seed="3,0,0,1,2,49" ten="323,239,199,239" oya="3" hai0="125,47,3,92,13,93,14,116,71,20,24,109,35" hai1="40,111,44,127,100,78,21,16,80,85,99,56,55" hai2="32,30,69,0,33,91,106,66,42,62,25,15,39" hai3="27,84,107,128,131,83,7,114,130,76,17,37,31"/><W98/><G37/><T108/><D116/><U122/><E111/><N who="0" m="42569" /><D71/><U121/><E127/><V94/><F0/><W126/><G17/><T104/><D104/><U123/><E44/><V74/><F74/><W112/><G7/><T65/><D65/><U58/><E40/><V43/><F39/><W29/><G29/><T52/><D3/><U82/><E82/><V67/><F33/><W81/><G126/><T79/><D35/><U50/><E58/><V68/><F106/><W95/><G107/><T8/><D79/><U61/><E61/><V59/><F15/><W60/><G60/><T117/><D117/><U48/><E48/><V51/><F67/><W6/><G6/><T73/><D73/><U4/><E4/><V132/><F132/><W110/><G110/><T22/><D14/><U72/><E72/><V41/><REACH who="2" step="1"/><F51/><REACH who="2" ten="323,239,189,239" step="2"/><W101/><REACH who="3" step="1"/><G83/><REACH who="3" ten="323,239,189,229" step="2"/><T19/><D125/><U113/><E80/><V53/><F53/><W90/><G90/><T88/><D88/><U46/><E55/><V1/><F1/><W18/><G18/><T124/><D124/><U75/><E16/><V12/><F12/><W11/><G11/><T2/><D8/><U86/><E121/><V118/><F118/><W54/><G54/><T77/><D2/><U70/><E122/><V10/><F10/><W135/><G135/><T64/><D64/><U133/><E133/><V28/><F28/><W97/><G97/><AGARI ba="0,2" hai="25,30,32,41,42,43,59,62,66,68,69,91,94,97" machi="97" ten="40,1300,0" yaku="1,1,53,0" doraHai="49" doraHaiUra="120" who="2" fromWho="3" sc="323,0,239,0,189,33,229,-13" owari="323,42.0,239,4.0,222,-18.0,216,-28.0" /></mjloggm>