<mjloggm ver="2.3"><GO type="97" lobby="0"/><UN n0="%E5%90%89%E5%B7%9D%E3%81%8D%E3%81%8F" n1="%E5%8F%8B%47%46%49" n2="%E5%B0%B1%E6%B4%BB%E7%94%9F%40%E5%B7%9D%E6%9D%91%E8%BB%8D%E5%9B%A3" n3="%47%6F%72%75%64%6F%66%75" dan="15,15,14,14" rate="1956.32,2029.54,1974.06,1934.84" sx="F,M,M,M"/><TAIKYOKU oya="0"/><INIT seed="0,0,0,1,5,88" ten="250,250,250,250" oya="0" hai0="3,28,119,124,101,128,16,37,72,13,99,7,69" hai1="20,121,6,31,68,39,23,9,76,102,86,2,108" hai2="113,4,127,5,50,62,100,64,41,14,131,123,77" hai3="51,71,45,122,135,130,21,24,110,53,116,78,63"/><T8/><D69/><U84/><E121/><V81/><F123/><W30/><G122/><T44/><D72/><U17/><E68/><V42/><F113/><W65/><G116/><T57/><D119/><U60/><E39/><V11/><F131/><W103/><G130/><T75/><D75/><U47/><E108/><V74/><F127/><W15/><G110/><T35/><D128/><U26/><E102/><V92/><F4/><W56/><G135/><T97/><D97/><U19/><E60/><V107/><F107/><W112/><G78/><T33/><D28/><U55/><E76/><V34/><F34/><W25/><G103/><T67/><D124/><U91/><E31/><V106/><F50/><W117/><G112/><T0/><D0/><U43/><E91/><V1/><F106/><W38/><G25/><T82/><D82/><U96/><E96/><V46/><F46/><W66/><G117/><T61/><D44/><U27/><REACH who="1" step="1"/><E55/><REACH who="1" ten="250,240,250,250" step="2"/><V133/><F133/><W129/><G129/><T114/><D37/><U134/><E134/><V120/><F120/><W94/><G38/><T48/><D114/><U93/><E93/><V90/><F100/><W70/><G94/><T109/><D109/><U85/><E85/><N who="2" m="52303" /><F42/><W40/><G71/><T87/><D87/><U54/><E54/><V118/><F41/><W89/><G70/><T125/><D125/><U73/><E73/><V95/><F95/><W115/><G115/><T79/><D79/><U132/><E132/><V83/><F118/><W22/><G89/><T52/><D101/><U58/><E58/><N who="2" m="36951" /><F83/><W29/><G29/><RYUUKYOKU ba="0,1" sc="250,-30,240,10,250,10,250,10" hai1="2,6,9,17,19,20,23,26,27,43,47,84,86" hai2="1,5,11,14,74,77,81" hai3="15,21,22,24,30,40,45,51,53,56,63,65,66" /><INIT seed="1,1,1,1,0,87" ten="220,250,260,260" oya="1" hai0="26,75,34,4,114,132,9,101,122,130,8,88,52" hai1="98,107,48,94,21,93,64,1,32,36,29,59,23" hai2="69,71,2,27,105,62,121,16,18,53,82,73,24" hai3="127,42,128,84,22,39,90,11,106,6,28,119,5"/><U49/><E36/><V63/><F105/><W56/><G106/><T116/><D114/><U109/><E1/><V111/><F2/><W134/><G134/><T61/><D122/><U25/><E109/><V41/><F121/><W133/><G133/><T118/><D130/><U51/><E107/><V3/><F3/><W58/><G128/><T30/><D75/><U60/><REACH who="1" step="1"/><E94/><REACH who="1" ten="220,240,260,260" step="2"/><V89/><F111/><W46/><G119/><T103/><D132/><U70/><E70/><V108/><F108/><W115/><G115/><T112/><D112/><U100/><AGARI ba="1,2" hai="21,23,25,29,32,48,49,51,59,60,64,93,98,100" machi="100" ten="30,3000,0" yaku="1,1,0,1,53,0" doraHai="87" doraHaiUra="43" who="1" fromWho="1" sc="220,-11,240,53,260,-11,260,-11" /><INIT seed="1,2,0,5,1,40" ten="209,293,249,249" oya="1" hai0="54,69,125,126,121,93,16,84,28,92,20,130,35" hai1="62,15,94,33,134,19,90,85,63,17,129,67,49" hai2="11,135,66,47,96,132,133,80,5,89,52,13,70" hai3="79,44,37,106,97,12,104,46,65,103,81,123,58"/><U10/><E33/><V43/><F70/><W30/><G123/><T14/><D69/><U77/><E134/><V41/><F66/><W82/><G82/><T115/><D115/><U25/><E129/><V6/><F6/><W1/><G1/><T118/><D118/><U42/><E77/><V112/><F112/><W68/><G58/><T83/><D130/><U76/><E76/><V87/><F96/><W102/><G12/><T55/><D121/><U18/><E67/><V3/><F3/><W95/><G95/><N who="0" m="36427" /><D28/><U45/><REACH who="1" step="1"/><E25/><REACH who="1" ten="209,283,249,249" step="2"/><V128/><F128/><W9/><G79/><N who="0" m="46207" /><D35/><U98/><E98/><V99/><F99/><W0/><G97/><T100/><D100/><U26/><E26/><V108/><F108/><W23/><G103/><T71/><D71/><U117/><E117/><V2/><F2/><W4/><G102/><T57/><D126/><U36/><E36/><V91/><F91/><W53/><G37/><T27/><D27/><U50/><E50/><AGARI ba="2,1" hai="5,11,13,41,43,47,50,52,80,87,89,132,133,135" machi="50" ten="40,5200,0" yaku="20,1,52,1,54,1" doraHai="40" who="2" fromWho="1" sc="209,0,283,-58,249,68,249,0" /><INIT seed="2,0,0,5,0,76" ten="209,225,317,249" oya="2" hai0="55,73,92,125,90,42,82,117,32,108,58,121,119" hai1="78,109,116,43,13,46,66,93,130,54,135,5,60" hai2="56,104,75,105,38,69,134,101,128,99,133,25,97" hai3="9,81,115,72,34,120,86,77,83,10,59,11,53"/><V124/><F69/><W132/><G120/><T96/><D32/><U41/><E116/><N who="0" m="44617" /><D125/><U68/><E78/><V118/><F38/><W37/><G37/><T4/><D121/><U87/><E109/><V114/><F118/><W39/><G39/><T67/><D108/><U14/><E135/><N who="2" m="51723" /><F25/><W28/><G115/><T31/><D4/><U48/><E130/><V126/><F56/><W127/><G132/><T52/><D31/><U63/><E63/><V20/><F20/><W24/><G127/><N who="2" m="48681" /><F114/><W23/><G34/><T12/><D12/><U123/><E123/><V94/><F75/><W95/><G95/><T111/><D111/><U26/><E26/><V129/><F105/><W107/><G107/><T16/><D42/><U85/><E43/><V57/><F57/><W103/><G103/><AGARI ba="0,0" hai="94,97,99,101,103,104,128,129" m="48681,51723" machi="103" ten="40,18000,2" yaku="30,2,20,1,18,1,34,2" doraHai="76" who="2" fromWho="3" sc="209,0,225,0,317,180,249,-180" /><INIT seed="2,1,0,0,2,87" ten="209,225,497,69" oya="2" hai0="49,57,90,127,68,33,67,15,115,48,92,120,28" hai1="98,101,65,134,12,31,13,128,80,53,95,73,78" hai2="43,6,62,70,16,69,32,10,105,106,22,18,129" hai3="19,51,125,52,25,109,117,71,97,93,66,23,40"/><V11/><F32/><W91/><G117/><T113/><D120/><U107/><E134/><V111/><F129/><W88/><G109/><T2/><D2/><U123/><E128/><V17/><F43/><W14/><G125/><T50/><D127/><U44/><E123/><V102/><F102/><W79/><G71/><N who="2" m="27145" /><F22/><W7/><G66/><T20/><D33/><U56/><E31/><V131/><F131/><W29/><G79/><T75/><D75/><U83/><E83/><V37/><F6/><W54/><G7/><T64/><D68/><U38/><E65/><V132/><F62/><W104/><G104/><N who="2" m="40041" /><F37/><W58/><G54/><T119/><D119/><U45/><E107/><V94/><F94/><W30/><G40/><T59/><D15/><U103/><E103/><V110/><F132/><W100/><G30/><T116/><D116/><U47/><REACH who="1" step="1"/><E38/><REACH who="1" ten="209,215,497,69" step="2"/><V99/><F99/><W126/><REACH who="3" step="1"/><G126/><REACH who="3" ten="209,215,497,59" step="2"/><T108/><D28/><U114/><E114/><V85/><F111/><W55/><G55/><T76/><D108/><U82/><E82/><V42/><F110/><W135/><G135/><T96/><D113/><U3/><E3/><V121/><F42/><W4/><G4/><T133/><D115/><U118/><E118/><V36/><F121/><W112/><G112/><T86/><D133/><U24/><E24/><V9/><F36/><W1/><G1/><T41/><D41/><U74/><E74/><V26/><F26/><W60/><G60/><AGARI ba="1,2" hai="12,13,44,45,47,53,56,60,73,78,80,95,98,101" machi="60" ten="40,1300,0" yaku="1,1,53,0" doraHai="87" doraHaiUra="63" who="1" fromWho="3" sc="209,0,215,36,497,0,59,-16" /><INIT seed="3,0,0,4,0,53" ten="209,251,497,43" oya="3" hai0="45,56,86,26,134,125,47,79,92,105,98,123,94" hai1="39,49,57,115,2,122,60,62,108,28,85,135,68" hai2="80,81,74,6,24,1,90,17,58,13,88,97,72" hai3="61,95,70,89,121,101,50,41,5,65,40,64,66"/><W131/><G121/><T69/><D123/><U27/><E122/><V114/><F114/><W31/><G131/><T30/><D69/><U73/><E73/><V35/><F1/><W7/><G101/><T3/><D3/><U107/><E2/><V14/><F74/><W113/><G113/><T100/><D134/><U84/><E115/><V37/><F37/><W29/><G70/><T42/><D125/><U16/><E107/><V106/><F106/><W18/><G18/><T87/><D79/><U103/><E135/><V52/><F72/><W46/><G41/><T54/><D45/><U23/><E39/><V120/><F35/><W127/><G127/><T117/><D117/><U38/><E38/><V102/><F120/><W8/><G8/><T75/><D75/><U34/><E108/><V21/><F102/><W77/><G77/><T104/><D104/><U33/><E103/><V124/><F124/><W48/><G48/><N who="0" m="26743" /><D105/><U118/><E118/><V99/><F6/><W91/><G61/><N who="0" m="35991" /><D94/><U112/><E112/><V111/><F111/><W15/><G15/><N who="2" m="5641" /><F90/><W19/><G19/><T36/><D36/><U109/><E109/><V119/><F119/><W128/><G128/><T55/><D55/><N who="1" m="31983" /><E34/><V82/><F88/><N who="3" m="33867" /><G95/><T4/><D4/><AGARI ba="0,0" hai="4,5,7,29,31,40,46,50,64,65,66" m="33867" machi="4" ten="30,2900,0" yaku="8,1,54,1" doraHai="53" who="3" fromWho="0" sc="209,-29,251,0,497,0,43,29" /><INIT seed="3,1,0,2,0,99" ten="180,251,497,72" oya="3" hai0="72,105,73,97,38,69,132,112,28,118,9,81,122" hai1="68,106,85,134,54,79,52,51,53,12,39,133,87" hai2="35,70,110,14,111,109,129,48,100,127,44,86,11" hai3="5,77,90,10,50,98,63,93,16,61,17,33,56"/><W59/><G33/><T128/><D9/><U34/><E39/><V8/><F70/><W75/><G75/><T41/><D28/><U74/><E68/><V64/><F35/><W116/><G77/><T123/><D97/><U124/><E124/><V13/><F127/><W49/><G116/><T36/><D81/><N who="1" m="45303" /><E106/><V40/><F64/><W71/><G71/><T95/><D95/><U67/><E67/><V57/><F57/><W22/><G17/><T47/><D47/><U114/><E114/><V121/><F121/><W27/><G59/><T102/><D102/><U96/><E96/><V58/><F58/><W107/><G63/><T23/><D23/><U94/><E94/><V78/><F129/><W45/><G45/><T7/><D7/><U20/><E51/><V119/><F119/><W120/><G120/><T88/><D88/><U26/><E12/><N who="2" m="4715" /><F100/><W21/><G21/><T18/><D18/><N who="1" m="12567" /><E34/><V135/><F135/><AGARI ba="1,0" hai="52,53,54,85,87,133,134,135" m="12567,45303" machi="135" ten="30,2000,0" yaku="20,1,54,1" doraHai="99" who="1" fromWho="2" sc="180,0,251,23,497,-23,72,0" owari="180,-22.0,274,7.0,474,58.0,72,-43.0" /></mjloggm>