<mjloggm ver="2.3"><GO type="169" lobby="0"/><UN n0="%41%79%65%73%68%61" n1="%E3%82%A6%E3%83%AB%E3%83%88%E3%83%A9%E7%AB%8B%E7%9B%B4" n2="%E5%83%95%E3%83%A2%E3%83%8E%E3%82%AF%E3%83%9E%E3%81%86%E3%81%B7%E3%81%B7" n3="%E3%83%8D%E3%83%BC%E3%83%A0%E3%83%AC%E3%82%B9%EF%BC%97" dan="16,16,17,17" rate="2189.00,2105.56,2194.47,2180.52" sx="F,M,M,M"/><TAIKYOKU oya="0"/><INIT seed="0,0,0,4,0,42" ten="250,250,250,250" oya="0" hai0="129,96,91,92,116,40,20,86,3,12,61,25,95" hai1="134,26,30,62,8,75,123,70,57,64,124,97,48" hai2="28,2,109,58,47,56,5,99,125,22,7,101,122" hai3="11,52,36,133,33,27,34,71,83,29,106,93,121"/><T13/><D116/><U45/><E123/><V112/><F122/><W63/><G106/><T68/><D3/><U80/><E124/><V74/><F112/><W49/><G121/><T131/><D40/><U88/><E134/><V15/><F125/><W78/><G36/><T0/><D0/><U32/><E8/><V135/><F74/><W10/><G133/><T85/><D68/><U110/><E110/><V21/><F135/><W60/><G34/><T18/><D61/><U113/><E113/><V24/><F109/><W6/><G93/><T108/><D108/><U89/><E97/><V104/><F2/><W118/><G118/><T39/><D39/><U77/><REACH who="1" step="1"/><E70/><REACH who="1" ten="250,240,250,250" step="2"/><V128/><F99/><W111/><G111/><T51/><D96/><U53/><AGARI ba="0,1" hai="26,30,32,45,48,53,57,62,64,75,77,80,88,89" machi="53" ten="20,12000,2" yaku="1,1,2,1,0,1,7,1,52,1,54,1,53,0" doraHai="42" doraHaiUra="9" who="1" fromWho="1" sc="250,-60,240,130,250,-30,250,-30" /><INIT seed="1,0,0,0,1,11" ten="190,370,220,220" oya="1" hai0="36,101,118,104,116,68,20,103,132,18,84,47,135" hai1="107,25,31,78,90,64,70,92,94,33,108,58,6" hai2="29,102,120,133,110,131,24,71,81,67,61,76,5" hai3="123,127,37,119,124,55,129,73,122,100,88,40,32"/><U42/><E108/><V54/><F120/><W14/><G73/><T93/><D68/><U96/><E78/><V15/><F110/><W0/><G0/><T74/><D36/><U9/><E58/><V82/><F131/><W2/><G2/><T106/><D47/><U10/><E42/><V80/><F133/><N who="0" m="51274" /><D20/><U87/><E6/><V79/><F102/><N who="0" m="38922" /><D18/><U60/><E107/><N who="0" m="41001" /><D74/><U45/><E45/><V95/><F54/><W105/><G32/><T4/><D4/><U43/><E43/><V30/><F5/><W59/><G40/><T99/><D84/><U75/><E75/><V91/><F15/><W112/><G37/><T98/><D93/><U114/><E114/><V41/><F41/><W52/><G112/><T66/><D66/><U63/><E63/><V50/><F50/><W21/><G59/><T23/><D23/><U17/><E17/><V62/><F62/><W109/><G105/><T38/><D38/><U16/><E16/><V128/><F30/><W19/><G19/><T44/><D44/><U130/><E9/><V117/><F29/><W53/><G21/><T126/><D126/><U113/><E113/><V111/><F24/><W49/><G127/><T1/><D1/><U97/><E10/><V57/><F57/><W51/><G124/><T83/><D83/><U134/><E134/><V27/><F27/><W121/><G51/><T3/><D3/><U56/><E70/><V77/><F71/><W8/><G122/><T28/><D28/><U39/><E39/><V22/><F22/><W7/><G121/><T89/><D89/><N who="1" m="55375" /><E87/><V46/><F46/><RYUUKYOKU ba="0,0" sc="190,15,370,15,220,-15,220,-15" hai0="98,99,116,118" hai1="25,31,33,56,60,64,90,92,97,130" /><INIT seed="1,1,0,3,0,135" ten="205,385,205,205" oya="1" hai0="54,67,8,62,86,87,65,7,58,52,78,133,42" hai1="56,20,123,22,94,93,72,37,117,12,85,83,134" hai2="27,70,61,10,131,43,60,79,31,11,16,109,32" hai3="0,101,114,53,121,74,48,30,102,1,45,129,34"/><U108/><E37/><V81/><F109/><W99/><G121/><T28/><D133/><U15/><E72/><V2/><F131/><W75/><G114/><T77/><D42/><U25/><E123/><V120/><F120/><W64/><G129/><T122/><D122/><U66/><E117/><V24/><F43/><W13/><G64/><T17/><D28/><U39/><E39/><V104/><F104/><W76/><G13/><N who="0" m="7335" /><D7/><U82/><E108/><V19/><F70/><W5/><G102/><T110/><D110/><U6/><E83/><V23/><F10/><W127/><G127/><T80/><D54/><U3/><E3/><V69/><F69/><W89/><G89/><T105/><D105/><U68/><E68/><V88/><F88/><W92/><G5/><T126/><D126/><U111/><E111/><V71/><F71/><W118/><G118/><T40/><D40/><U91/><E22/><V125/><F125/><W115/><G115/><T46/><D46/><U90/><E82/><AGARI ba="1,0" hai="52,58,62,65,67,77,78,80,82,86,87" m="7335" machi="82" ten="30,2000,0" yaku="8,1,54,1" doraHai="135" who="0" fromWho="1" sc="205,23,385,-23,205,0,205,0" /><INIT seed="2,0,0,4,4,53" ten="228,362,205,205" oya="2" hai0="8,22,40,29,4,35,31,61,85,60,73,0,120" hai1="16,103,56,112,23,1,133,39,28,98,128,84,19" hai2="118,131,81,111,71,119,88,3,49,129,42,90,94" hai3="99,117,25,54,30,76,11,89,48,102,32,92,17"/><V37/><F3/><W121/><G117/><N who="2" m="44553" /><F71/><W113/><G121/><T110/><D73/><U64/><E1/><V91/><F37/><W127/><G127/><T87/><D120/><U74/><E39/><V59/><F42/><W104/><G113/><T109/><D40/><U105/><E19/><V38/><F38/><W63/><G76/><T115/><D115/><U97/><E16/><V7/><F7/><W27/><G63/><N who="0" m="24139" /><D35/><U83/><E23/><V26/><F26/><W126/><G126/><T33/><D33/><U18/><E28/><N who="0" m="10825" /><D22/><U65/><E64/><V66/><F66/><W116/><G116/><T93/><D93/><U132/><E65/><V80/><F94/><W57/><G25/><T134/><D134/><U130/><E133/><V41/><F41/><W106/><REACH who="3" step="1"/><G102/><REACH who="3" ten="228,362,205,195" step="2"/><T82/><D82/><U95/><E132/><V9/><F80/><W6/><G6/><T12/><D0/><U68/><E83/><V96/><F81/><W114/><G114/><T15/><D109/><U24/><E112/><V34/><F111/><W101/><G101/><T79/><D110/><U50/><E103/><V122/><F122/><W124/><G124/><T75/><D79/><U62/><E24/><V86/><F91/><W44/><G44/><T51/><D75/><U13/><E74/><V43/><F90/><W20/><G20/><T47/><D47/><U78/><E78/><V55/><F88/><W58/><G58/><T21/><D51/><U36/><E50/><V45/><F49/><W46/><G46/><T107/><D107/><U135/><E135/><V10/><F34/><RYUUKYOKU ba="0,1" sc="228,15,362,-15,205,-15,195,15" hai0="4,8,12,15,21,85,87" hai3="11,17,27,30,32,48,54,57,89,92,99,104,106" /><INIT seed="3,1,1,0,2,89" ten="243,347,190,210" oya="3" hai0="53,40,24,135,10,5,26,86,61,103,44,19,13" hai1="127,99,3,17,21,70,117,56,41,104,112,33,115" hai2="54,14,46,106,97,23,15,130,45,37,94,78,49" hai3="121,88,58,35,125,126,83,122,100,11,71,81,102"/><W132/><G71/><T123/><D123/><N who="3" m="47113" /><G35/><T38/><D135/><U0/><E70/><V80/><F130/><W92/><G132/><T16/><D103/><N who="3" m="39465" /><G58/><T29/><D86/><U101/><E33/><V131/><F131/><W42/><G42/><T105/><D105/><U1/><E41/><V2/><F2/><W91/><G11/><T18/><D29/><U90/><E56/><V28/><F106/><W48/><G48/><T66/><REACH who="0" step="1"/><D53/><REACH who="0" ten="233,347,190,210" step="2"/><U77/><E104/><V32/><F28/><W4/><G4/><T96/><D96/><U47/><E99/><V59/><F97/><N who="3" m="57479" /><G83/><T60/><D60/><U65/><E115/><V39/><F80/><W57/><G57/><AGARI ba="1,2" hai="5,10,13,16,18,19,24,26,38,40,44,57,61,66" machi="57" ten="40,2600,0" yaku="1,1,54,1,53,0" doraHai="89" doraHaiUra="118" who="0" fromWho="3" sc="233,49,347,0,190,0,210,-29" /><INIT seed="4,0,0,4,5,16" ten="282,347,190,181" oya="0" hai0="96,79,72,45,86,50,58,28,127,38,131,123,14" hai1="43,61,90,21,41,13,57,125,94,128,66,37,6" hai2="110,78,118,105,92,71,42,31,46,80,88,23,48" hai3="25,82,107,111,9,15,119,89,67,73,122,20,120"/><T30/><D123/><N who="3" m="47145" /><G111/><T32/><D131/><U19/><E125/><V75/><F110/><W62/><G107/><T10/><D127/><U5/><E128/><V69/><F105/><W29/><G119/><T2/><D72/><U130/><E130/><V34/><F34/><W24/><G24/><T126/><D126/><U12/><E37/><V135/><F135/><W7/><G89/><T114/><D38/><U18/><E6/><V91/><F118/><W134/><G134/><T40/><D114/><U70/><E5/><V133/><F133/><W83/><G73/><T52/><D2/><U0/><E70/><AGARI ba="0,0" hai="7,9,15,20,25,29,62,67,70,82,83" m="47145" machi="70" ten="30,2000,0" yaku="13,1,52,1" doraHai="16" who="3" fromWho="1" sc="282,0,347,-20,190,0,181,20" /><INIT seed="5,0,0,1,1,87" ten="282,327,190,201" oya="1" hai0="56,110,63,101,32,124,52,77,118,61,33,47,43" hai1="53,117,86,99,0,103,107,93,4,116,2,21,3" hai2="113,76,55,128,96,91,25,54,22,64,70,108,26" hai3="14,44,105,5,60,29,62,106,84,11,95,73,88"/><U122/><E122/><V59/><F108/><W72/><G29/><T7/><D118/><U130/><E4/><V129/><F113/><W46/><G73/><T31/><D110/><U135/><E130/><N who="2" m="50283" /><F76/><W94/><G72/><T12/><D124/><U6/><E6/><V81/><F70/><W49/><G46/><T15/><D101/><U89/><E135/><V17/><F26/><W10/><G10/><T67/><D77/><U65/><E65/><V1/><F1/><W119/><G119/><T45/><D31/><U121/><E121/><V30/><F30/><W58/><G95/><T38/><D45/><U28/><E53/><N who="2" m="19979" /><F81/><W40/><REACH who="3" step="1"/><G58/><REACH who="3" ten="282,327,190,191" step="2"/><T19/><D32/><U57/><E57/><V82/><F82/><W35/><G35/><T75/><D33/><U134/><E134/><V115/><F115/><W13/><G13/><T71/><D75/><U74/><E74/><V8/><F8/><W39/><G39/><T123/><D123/><U42/><E116/><V100/><F59/><W51/><G51/><N who="0" m="30751" /><D7/><U36/><E117/><V104/><F64/><W79/><G79/><T132/><D132/><U69/><E0/><V90/><AGARI ba="0,1" hai="17,22,25,90,91,96,100,104" m="19979,50283" machi="90" ten="30,4000,0" yaku="19,1,52,2" doraHai="87" who="2" fromWho="2" sc="282,-10,327,-20,190,50,191,-10" /><INIT seed="6,0,0,1,2,59" ten="272,307,240,181" oya="2" hai0="110,92,134,79,107,26,126,97,0,96,76,21,25" hai1="66,88,71,104,49,9,62,43,10,132,78,32,111" hai2="83,119,22,114,4,133,11,93,16,82,31,123,39" hai3="131,129,40,99,2,48,8,87,127,27,50,57,118"/><V95/><F119/><W101/><G118/><T60/><D110/><U64/><E111/><V19/><F39/><W86/><G127/><T12/><D134/><U81/><E32/><V56/><F123/><W73/><G73/><T74/><D0/><U85/><E104/><V122/><F122/><W75/><G75/><T55/><D126/><U65/><E132/><V103/><F133/><W23/><G8/><N who="1" m="3178" /><E71/><V98/><F114/><W89/><G2/><T61/><D107/><U90/><E62/><N who="0" m="24169" /><D74/><U84/><E84/><V46/><F46/><AGARI ba="0,0" hai="43,46,49,64,65,66,78,81,85,88,90" m="3178" machi="46" ten="30,2000,0" yaku="8,1,54,1" doraHai="59" who="1" fromWho="2" sc="272,0,307,20,240,-20,181,0" /><INIT seed="7,0,0,1,5,60" ten="272,327,220,181" oya="3" hai0="23,93,98,106,117,28,108,13,86,74,0,122,43" hai1="65,69,11,131,33,35,5,19,99,116,21,90,39" hai2="56,37,40,132,58,124,46,55,34,45,100,73,53" hai3="16,126,78,48,26,61,89,134,91,59,95,20,120"/><W135/><G120/><T12/><D122/><U118/><E39/><N who="2" m="21663" /><F73/><W64/><G126/><T77/><D117/><U114/><E131/><V79/><F79/><W119/><G119/><N who="1" m="45610" /><E69/><V80/><F80/><W102/><G78/><T41/><D12/><N who="1" m="9447" /><E65/><V25/><F100/><W31/><G48/><T71/><D86/><U76/><E76/><V49/><F25/><W9/><G102/><T112/><D93/><N who="1" m="56759" /><E114/><V18/><F18/><W81/><G81/><T104/><D112/><U128/><E128/><V17/><F17/><W62/><G62/><T83/><D108/><U84/><E84/><V51/><F34/><W7/><G31/><T10/><D71/><U22/><E22/><V109/><F109/><W8/><G8/><T15/><D0/><AGARI ba="0,0" hai="0,5,11,33,35" m="56759,9447,45610" machi="0" ten="30,1000,0" yaku="12,1" doraHai="60" who="1" fromWho="0" sc="272,-10,327,10,220,0,181,0" owari="262,6.0,337,44.0,220,-18.0,181,-32.0" /></mjloggm>