<mjloggm ver="2.3"><GO type="97" lobby="0"/><UN n0="%E5%B0%B1%E6%B4%BB%E7%94%9F%40%E5%B7%9D%E6%9D%91%E8%BB%8D%E5%9B%A3" n1="%E9%B3%B3%E5%87%B0%E5%A4%A9%E3%82%88%E3%82%8A%E5%A0%95%E3%81%A1" n2="%E3%82%88%E3%83%BC%E3%81%A1%E3%82%83%E3%82%93" n3="%77%69%74%74" dan="15,13,14,15" rate="1954.63,1907.88,1947.15,2003.76" sx="M,M,M,M"/><TAIKYOKU oya="0"/><INIT seed="0,0,0,2,1,62" ten="250,250,250,250" oya="0" hai0="50,45,89,77,46,90,68,100,7,19,135,133,23" hai1="121,79,106,104,91,17,35,26,81,94,96,72,88" hai2="95,132,49,60,58,129,127,16,93,55,1,27,126" hai3="87,48,4,43,65,57,116,84,130,11,107,15,14"/><T113/><D68/><U124/><E121/><V105/><F129/><W54/><G107/><T32/><D32/><U42/><E124/><N who="2" m="47659" /><F132/><N who="0" m="50762" /><D113/><U3/><E3/><V125/><N who="2" m="47667" /><V108/><DORA hai="51" /><F105/><W34/><G34/><T36/><D7/><U78/><E78/><V103/><F108/><W38/><G130/><T53/><D100/><U10/><E42/><V119/><F1/><W83/><G116/><T69/><D69/><U111/><E111/><V39/><F39/><W102/><G102/><T22/><D77/><U110/><E110/><V98/><F119/><W109/><G109/><T59/><BYE who="3" /><D22/><U114/><E114/><V37/><F37/><W64/><G64/><T73/><D73/><UN n3="%77%69%74%74" /><U0/><E91/><N who="0" m="34825" /><D36/><U24/><E35/><V21/><F95/><W28/><G38/><T25/><AGARI ba="0,0" hai="19,23,25,45,46,50,53,59" m="34825,50762" machi="25" ten="30,3000,0" yaku="20,1,52,1" doraHai="62,51" who="0" fromWho="0" sc="250,30,250,-10,250,-10,250,-10" /><INIT seed="0,1,0,3,5,124" ten="280,240,240,240" oya="0" hai0="118,27,29,121,37,75,130,28,68,117,44,84,41" hai1="9,72,24,91,65,102,134,98,0,36,77,4,97" hai2="31,81,113,15,25,120,129,18,95,92,16,30,127" hai3="131,67,73,90,3,2,46,54,22,94,83,106,40"/><T21/><D121/><U23/><E134/><V89/><F120/><W12/><G106/><T20/><D75/><U96/><E36/><V100/><F113/><W5/><G67/><T48/><D68/><U135/><E135/><V45/><F127/><W85/><G54/><T13/><D37/><U38/><E38/><V57/><F129/><W128/><G22/><T6/><D130/><N who="3" m="49705" /><G12/><T55/><D41/><U61/><E91/><V110/><F110/><W50/><G5/><T17/><D6/><U132/><E132/><V116/><F116/><W70/><G70/><T99/><D29/><N who="2" m="10762" /><F45/><W86/><G73/><T53/><D53/><U104/><E77/><AGARI ba="1,0" hai="2,3,40,46,50,77,83,85,86,90,94" m="49705" machi="77" ten="30,7700,0" yaku="19,1,52,3" doraHai="124" who="3" fromWho="1" sc="280,0,240,-80,240,0,240,80" /><INIT seed="1,0,0,0,0,87" ten="280,160,240,320" oya="1" hai0="32,14,49,8,9,62,132,53,101,10,92,85,72" hai1="43,108,38,17,63,56,15,58,33,134,39,121,110" hai2="115,128,5,135,1,46,76,80,4,47,6,89,25" hai3="124,120,67,51,90,118,96,30,34,36,126,64,93"/><U91/><E33/><V131/><F115/><W27/><G36/><T105/><D72/><U18/><E121/><V88/><F135/><W77/><G120/><T61/><D32/><U54/><E134/><V35/><F1/><W99/><G118/><T23/><D132/><U102/><E102/><V66/><F66/><W113/><G113/><T84/><D105/><U109/><E43/><V11/><F11/><N who="0" m="4170" /><D23/><N who="1" m="11711" /><E18/><V42/><F42/><W114/><G114/><T82/><D101/><U26/><E26/><V24/><F35/><W125/><G77/><N who="0" m="46159" /><D92/><U75/><E75/><V79/><F6/><W73/><G73/><T119/><D85/><U117/><E117/><V48/><F48/><W123/><G123/><T100/><D100/><U68/><E68/><V116/><F80/><W70/><G70/><T59/><D119/><AGARI ba="0,0" hai="4,5,24,25,46,47,76,79,88,89,116,119,128,131" machi="119" ten="25,8000,1" yaku="22,2,52,2,54,1" doraHai="87" who="2" fromWho="0" sc="280,-80,160,0,240,80,320,0" /><INIT seed="2,0,0,5,0,4" ten="200,160,320,320" oya="2" hai0="3,47,108,67,24,42,91,94,33,39,0,109,9" hai1="104,115,70,31,17,120,90,114,82,54,124,61,32" hai2="95,92,87,34,78,85,135,117,44,52,76,25,13" hai3="16,129,15,125,98,45,60,8,107,20,56,58,37"/><V29/><F117/><W83/><G125/><T123/><D123/><U27/><E124/><V22/><F135/><W130/><G83/><T5/><D67/><U63/><E120/><V113/><F113/><W71/><G71/><T79/><D79/><N who="2" m="30250" /><F34/><W2/><G37/><T65/><D65/><U19/><E104/><V93/><F13/><W49/><G98/><T96/><REACH who="0" step="1"/><D0/><REACH who="0" ten="190,160,320,320" step="2"/><U97/><E115/><V7/><F7/><W128/><G2/><T112/><D112/><U21/><E114/><V121/><F121/><W80/><G128/><T86/><D86/><U132/><E132/><V105/><F87/><W134/><G130/><T57/><D57/><U12/><E70/><V23/><F85/><W59/><G129/><T111/><D111/><U66/><E66/><V48/><F44/><W43/><G134/><T77/><D77/><U38/><E82/><V103/><F95/><W133/><G80/><T28/><AGARI ba="0,1" hai="3,5,9,24,28,33,39,42,47,91,94,96,108,109" machi="28" ten="30,4000,0" yaku="1,1,0,1,52,1,53,0" doraHai="4" doraHaiUra="119" who="0" fromWho="0" sc="190,50,160,-10,320,-20,320,-10" /><INIT seed="3,0,0,0,3,121" ten="240,150,300,310" oya="3" hai0="135,61,9,4,97,1,116,118,111,38,42,74,43" hai1="123,30,99,108,89,112,17,18,90,98,82,8,129" hai2="79,70,66,113,103,11,47,120,36,125,78,33,91" hai3="28,27,101,31,83,26,68,10,58,72,29,19,64"/><W45/><G68/><T87/><D135/><U88/><E112/><V94/><F113/><W2/><G2/><T5/><D74/><U127/><E123/><V93/><F120/><W21/><G72/><T24/><D5/><U117/><E127/><V86/><F125/><W6/><G101/><T65/><D97/><U41/><E129/><V96/><F33/><W51/><G83/><T133/><D133/><U23/><E117/><V100/><F100/><W40/><G10/><T119/><D24/><U106/><E41/><V80/><F80/><W54/><G6/><T13/><D87/><U12/><E108/><V104/><F104/><W92/><G92/><T107/><D107/><U35/><E35/><V49/><F36/><W22/><G64/><T131/><D131/><U71/><E71/><V56/><F70/><W114/><G114/><T20/><D111/><U67/><E67/><V46/><F11/><W32/><G32/><T52/><D38/><AGARI ba="0,0" hai="19,21,22,26,27,28,29,31,38,40,45,51,54,58" machi="38" ten="30,1500,0" yaku="7,1" doraHai="121" who="3" fromWho="0" sc="240,-15,150,0,300,0,310,15" owari="225,-17.0,150,-35.0,300,10.0,325,42.0" /></mjloggm>