<mjloggm ver="2.3"><GO type="225" lobby="0"/><UN n0="%72%69%6F%75%63%68%61%6E" n1="%E3%83%88%E3%83%88%E3%83%AA%E5%85%88%E7%94%9F%31%39%E6%AD%B3" n2="%E5%AE%AE%E6%9C%AC%E4%BE%86%E5%A4%8F" n3="%E9%8C%AF%E4%B9%B1%E3%82%AB%E3%83%AB%E3%83%94%E3%82%B9" dan="17,17,17,17" rate="2145.82,2229.53,2173.07,2142.14" sx="M,F,F,F"/><TAIKYOKU oya="0"/><INIT seed="0,0,0,0,4,114" ten="250,250,250,250" oya="0" hai0="92,52,117,50,103,125,122,47,78,61,93,76,124" hai1="127,108,106,11,132,39,104,133,115,107,81,110,28" hai2="87,25,113,44,35,51,70,2,32,105,100,5,18" hai3="77,12,121,10,19,99,20,65,131,89,85,60,14"/><T68/><D122/><U75/><E39/><V31/><F113/><W42/><G131/><T54/><D117/><U55/><E28/><V23/><F70/><W62/><G121/><T17/><D17/><U73/><E115/><V3/><F35/><W46/><G99/><N who="0" m="59879" /><D93/><U8/><E55/><N who="0" m="21033" /><D68/><U79/><E127/><N who="0" m="48713" /><D61/><N who="3" m="23657" /><G77/><T38/><D38/><U45/><E45/><V118/><F118/><W126/><G65/><T112/><D112/><U16/><E16/><V21/><F5/><N who="3" m="3151" /><G126/><T59/><D59/><U36/><E36/><V135/><F105/><W119/><G119/><T130/><D130/><U24/><E107/><V97/><F18/><W98/><G98/><T56/><D56/><U111/><E104/><V1/><F97/><W26/><G46/><T80/><D80/><U83/><E106/><V63/><F44/><W30/><G42/><AGARI ba="0,0" hai="42,47,50,76,78" m="48713,21033,59879" machi="42" ten="30,2900,0" yaku="18,1,54,1" doraHai="114" who="0" fromWho="3" sc="250,29,250,0,250,0,250,-29" /><INIT seed="0,1,0,5,1,126" ten="279,250,250,221" oya="0" hai0="113,83,19,8,79,133,25,26,11,44,135,29,128" hai1="64,130,87,34,60,70,81,103,116,112,123,33,134" hai2="107,7,124,35,122,78,67,111,56,85,50,2,28" hai3="20,38,92,69,120,1,72,73,16,96,129,108,14"/><T68/><D128/><U40/><E116/><V84/><F122/><W101/><G108/><T43/><D113/><U121/><E112/><V75/><F107/><W23/><G120/><T5/><D68/><U66/><E134/><N who="0" m="51209" /><D19/><U41/><E130/><V118/><F111/><W93/><G129/><T65/><D65/><U91/><E123/><V82/><F124/><W22/><G1/><N who="0" m="47" /><D11/><U21/><E121/><V125/><F125/><W132/><G132/><T119/><D119/><U39/><E66/><V0/><F118/><W99/><G69/><T61/><D61/><U10/><E10/><V88/><F75/><W127/><G127/><T109/><D109/><U114/><E114/><V89/><F7/><W55/><G38/><N who="0" m="21623" /><D29/><U90/><E103/><V105/><F67/><W12/><G55/><T86/><AGARI ba="1,0" hai="25,26,79,83,86" m="21623,47,51209" machi="86" ten="30,1500,0" yaku="20,1" doraHai="126" who="0" fromWho="0" sc="279,18,250,-6,250,-6,221,-6" /><INIT seed="0,2,0,2,4,116" ten="297,244,244,215" oya="0" hai0="58,111,131,5,10,73,29,133,83,76,81,0,47" hai1="74,12,129,44,46,1,49,36,34,82,88,98,69" hai2="127,78,17,32,45,11,27,85,21,112,3,114,89" hai3="118,14,102,135,53,130,56,48,91,40,57,39,103"/><T109/><D131/><U108/><E1/><V41/><F78/><W64/><G118/><T31/><D133/><U123/><E123/><V33/><F127/><W71/><G71/><T86/><D58/><U50/><E34/><V97/><F97/><W84/><G135/><T63/><D63/><U117/><E117/><V134/><F134/><W24/><G130/><T60/><D60/><U55/><E129/><V59/><F59/><W95/><G64/><T79/><REACH who="0" step="1"/><D47/><REACH who="0" ten="287,244,244,215" step="2"/><U54/><E46/><V62/><F62/><W113/><G56/><T51/><D51/><U120/><E44/><V100/><F45/><N who="3" m="25639" /><G39/><T96/><D96/><U87/><E98/><V119/><F119/><W115/><G113/><T28/><AGARI ba="2,1" hai="0,5,10,28,29,31,73,76,79,81,83,86,109,111" machi="28" ten="30,3000,0" yaku="1,1,0,1,53,0" doraHai="116" doraHaiUra="126" who="0" fromWho="0" sc="287,46,244,-12,244,-12,215,-12" /><INIT seed="0,3,0,4,4,92" ten="333,232,232,203" oya="0" hai0="71,109,29,7,38,36,30,125,23,20,64,68,5" hai1="8,75,73,134,67,44,90,131,17,106,121,50,129" hai2="39,49,104,10,11,47,35,127,51,80,45,72,88" hai3="31,14,102,116,56,33,52,58,55,95,119,13,9"/><T27/><D64/><U48/><E121/><V112/><F112/><W76/><G33/><T93/><D93/><U91/><E134/><V97/><F35/><W86/><G31/><N who="0" m="11787" /><D27/><U34/><E34/><V1/><F127/><W89/><G116/><T113/><D113/><U100/><E67/><V65/><F65/><W40/><G119/><T82/><D82/><U110/><E110/><V135/><F135/><W120/><G120/><T132/><D125/><U94/><E100/><V21/><F72/><W3/><G3/><T19/><D19/><U84/><E106/><V123/><F123/><W28/><G28/><T6/><D109/><U74/><E91/><V59/><F104/><W12/><G40/><T81/><D81/><U118/><E118/><V0/><F80/><N who="3" m="47367" /><G9/><T53/><D53/><N who="3" m="20553" /><G102/><T46/><D46/><U22/><E8/><V101/><F101/><W115/><G115/><T61/><D132/><U57/><E44/><V105/><F105/><W130/><G130/><N who="1" m="49674" /><E57/><V78/><F59/><W16/><G16/><T25/><D71/><U69/><E69/><V18/><F1/><W103/><G103/><T77/><D68/><U117/><E117/><V26/><F0/><W43/><G43/><T99/><D38/><U15/><AGARI ba="3,0" hai="15,17,22,48,50,73,74,75,84,90,94" m="49674" machi="15" ten="40,1500,0" yaku="19,1" doraHai="92" who="1" fromWho="1" sc="333,-10,232,24,232,-7,203,-7" /><INIT seed="1,0,0,2,1,56" ten="323,256,225,196" oya="1" hai0="52,22,132,86,87,10,20,17,41,16,125,54,93" hai1="42,72,110,119,9,120,43,97,27,109,67,58,7" hai2="21,60,63,81,131,105,70,26,92,76,102,90,78" hai3="123,89,31,8,57,19,135,51,106,69,80,11,49"/><U118/><E120/><V84/><F70/><W83/><G123/><T45/><D125/><U114/><E114/><V103/><F131/><W71/><G106/><T108/><D108/><N who="1" m="41579" /><E72/><V62/><F105/><W95/><G135/><T18/><D10/><N who="3" m="3625" /><G71/><T59/><D132/><U73/><E73/><V50/><F50/><N who="3" m="18955" /><G69/><T65/><D45/><U46/><E27/><V104/><F104/><W38/><G38/><T3/><D41/><N who="1" m="15371" /><E97/><N who="2" m="57495" /><F78/><W94/><G31/><AGARI ba="0,0" hai="21,26,31,60,62,63,76,81,84,102,103" m="57495" machi="31" ten="30,7700,0" yaku="8,1,52,3" doraHai="56" who="2" fromWho="3" sc="323,0,256,0,225,77,196,-77" /><INIT seed="2,0,0,3,0,64" ten="323,256,302,119" oya="2" hai0="47,6,98,0,50,41,19,34,4,58,51,134,48" hai1="113,122,39,5,131,20,12,9,22,129,40,105,31" hai2="1,25,121,8,132,116,29,97,24,80,36,55,104" hai3="14,81,118,123,74,100,94,17,53,110,49,90,108"/><V66/><F116/><W43/><G123/><T75/><D34/><U125/><E105/><V56/><F36/><W85/><G118/><T106/><D75/><U32/><E40/><V91/><F121/><W11/><G74/><T23/><D0/><U13/><E39/><V127/><F132/><W3/><G3/><T73/><D73/><U99/><E99/><V109/><F127/><W96/><REACH who="3" step="1"/><G43/><REACH who="3" ten="323,256,302,109" step="2"/><T103/><D41/><U107/><E122/><V117/><F1/><W38/><G38/><T135/><D134/><U44/><E125/><V68/><F117/><W61/><G61/><T45/><D135/><U86/><E129/><V42/><F42/><W7/><G7/><T63/><D4/><U112/><E131/><V79/><F109/><W15/><G15/><N who="0" m="9727" /><D6/><U76/><E13/><V88/><F25/><W84/><G84/><T124/><D124/><U33/><E12/><V60/><F24/><W21/><G21/><T120/><D120/><U59/><E5/><V46/><F60/><W114/><G114/><T77/><D50/><U65/><E22/><V102/><F8/><W30/><G30/><T71/><D51/><U57/><E9/><V119/><F29/><W72/><G72/><T16/><D48/><U82/><E20/><V95/><F119/><W35/><G35/><T115/><D115/><U18/><E113/><V93/><F97/><W111/><G111/><T37/><D37/><U62/><E112/><V128/><F128/><W133/><G133/><T67/><D16/><U87/><E32/><V130/><F130/><W69/><G69/><T83/><D71/><RYUUKYOKU ba="0,1" sc="323,15,256,-15,302,-15,109,15" hai0="45,47,58,63,67,77,83,98,103,106" hai3="11,14,17,49,53,81,85,90,94,96,100,108,110" /><INIT seed="3,1,1,3,3,38" ten="338,241,287,124" oya="3" hai0="74,67,47,59,103,30,51,53,121,130,90,34,80" hai1="7,116,49,98,110,42,72,62,28,120,124,40,64" hai2="88,4,63,52,122,19,70,48,135,33,100,56,22" hai3="31,102,65,69,77,26,6,35,108,50,36,24,86"/><W37/><G108/><T92/><D121/><U93/><E120/><V1/><F33/><W134/><G134/><T55/><D67/><U15/><E72/><V23/><F122/><W114/><G114/><T8/><D130/><U0/><E0/><V87/><F100/><W111/><G111/><T115/><D115/><U125/><E110/><V128/><F128/><W27/><G36/><T113/><D113/><U118/><E28/><V58/><F70/><W43/><G37/><T106/><D34/><U117/><E15/><N who="2" m="9599" /><F1/><W96/><G6/><T84/><D30/><U17/><E17/><V76/><F4/><W112/><G112/><T68/><D68/><N who="1" m="42007" /><E7/><V131/><F131/><W85/><G85/><N who="0" m="52303" /><D74/><U3/><E3/><V81/><F23/><W107/><G86/><T132/><D132/><U99/><E49/><V79/><F135/><W95/><G77/><N who="0" m="46095" /><D106/><U10/><E10/><V104/><F104/><W57/><G107/><T44/><D103/><N who="1" m="60879" /><E99/><V83/><F83/><W32/><G32/><T29/><D29/><U39/><E39/><V78/><F78/><W91/><G102/><T82/><D8/><U109/><E109/><V41/><F41/><AGARI ba="1,1" hai="40,41,42,116,117,118,124,125" m="60879,42007" machi="41" ten="40,8000,1" yaku="12,1,52,3" doraHai="38" who="1" fromWho="2" sc="338,0,241,93,287,-83,124,0" owari="338,45.0,334,13.0,204,-20.0,124,-38.0" /></mjloggm>