<mjloggm ver="2.3"><GO type="169" lobby="0"/><UN n0="%E5%B0%B1%E6%B4%BB%E7%94%9F%40%E5%B7%9D%E6%9D%91%E8%BB%8D%E5%9B%A3" n1="%65%72%61%6E%76%69%74%61" n2="%E3%81%BF%E3%81%8B%E3%82%93%E3%82%B5%E3%83%A0%E3%83%A9%E3%82%A4" n3="%E2%98%86%EF%BC%B2%EF%BC%8E%EF%BC%A4%EF%BC%8E%E2%98%85" dan="16,16,16,16" rate="2045.60,2110.69,2098.43,2096.33" sx="M,M,M,M"/><TAIKYOKU oya="0"/><INIT seed="0,0,0,0,1,101" ten="250,250,250,250" oya="0" hai0="21,78,97,8,100,104,90,67,10,114,106,73,12" hai1="60,18,1,22,93,42,65,50,68,45,33,0,40" hai2="11,124,54,120,58,69,117,103,88,113,52,79,122" hai3="115,77,71,6,26,43,38,17,72,128,76,51,86"/><T20/><D114/><U35/><E40/><V39/><F113/><W48/><G115/><T3/><D67/><U23/><E23/><V85/><F69/><W63/><G72/><T41/><D41/><U82/><E82/><V81/><F39/><W80/><G128/><T110/><D3/><U116/><E116/><V123/><F124/><W59/><G71/><T32/><D32/><U44/><E44/><V57/><F117/><W74/><G74/><T133/><D133/><U49/><E49/><N who="3" m="19018" /><G6/><T61/><D61/><U7/><E93/><V135/><F135/><W129/><G43/><T111/><D90/><U112/><E112/><V94/><F103/><W34/><G34/><T19/><D21/><U118/><E118/><V56/><REACH who="2" step="1"/><F11/><REACH who="2" ten="250,250,240,250" step="2"/><W37/><G38/><T66/><D10/><U131/><E42/><V5/><F5/><W55/><G37/><T24/><D66/><U102/><E7/><V91/><F91/><N who="3" m="51655" /><G129/><T108/><D78/><U27/><E131/><V83/><F83/><W107/><G77/><T92/><REACH who="0" step="1"/><D73/><AGARI ba="0,1" hai="52,54,56,57,58,73,79,81,85,88,94,120,122,123" machi="73" ten="50,6400,0" yaku="1,1,54,2,53,0" doraHai="101" doraHaiUra="14" who="2" fromWho="0" sc="250,-64,250,0,240,74,250,0" /><INIT seed="1,0,0,1,2,15" ten="186,250,314,250" oya="1" hai0="48,66,17,52,50,67,39,82,129,79,80,105,109" hai1="84,130,121,83,128,111,127,27,3,133,87,28,8" hai2="91,93,104,98,54,125,47,75,36,58,59,78,106" hai3="51,33,114,68,12,42,53,6,115,70,95,90,77"/><U108/><E121/><V119/><F119/><W29/><G42/><T23/><D105/><U97/><E97/><V65/><F125/><W49/><G77/><T92/><D39/><U72/><E127/><V88/><F75/><W94/><G33/><T7/><D7/><N who="1" m="1151" /><E72/><V81/><F78/><W13/><G29/><T30/><D129/><N who="1" m="49771" /><E133/><V21/><F65/><N who="0" m="24586" /><D109/><N who="1" m="42059" /><E83/><N who="0" m="31785" /><D79/><U46/><E46/><V74/><F74/><W63/><G115/><T107/><D107/><U120/><E120/><V22/><F98/><W16/><G114/><T1/><D1/><U5/><E5/><V38/><F81/><W4/><G68/><T41/><D41/><U103/><E103/><V86/><F47/><W60/><G70/><T131/><D131/><U35/><AGARI ba="0,0" hai="27,28,35,84,87" m="42059,49771,1151" machi="35" ten="30,6000,0" yaku="19,1,14,1,10,1" doraHai="15" who="1" fromWho="1" sc="186,-20,250,60,314,-20,250,-20" /><INIT seed="1,1,0,4,5,13" ten="166,310,294,230" oya="1" hai0="58,110,14,108,128,70,106,31,107,129,2,17,51" hai1="36,11,92,21,84,118,25,9,115,28,47,96,76" hai2="100,126,109,65,72,122,75,39,62,54,82,68,32" hai3="125,133,38,63,29,81,95,33,116,103,49,24,101"/><U102/><E118/><V69/><F122/><W57/><G38/><T67/><D2/><U120/><E115/><V27/><F39/><W117/><G125/><T134/><D70/><U94/><E120/><V90/><F69/><W60/><G133/><T26/><D134/><U131/><E131/><N who="0" m="50249" /><D67/><U10/><E36/><V4/><F126/><W78/><G49/><T91/><D91/><U3/><E3/><V86/><F109/><N who="0" m="42090" /><D51/><U23/><E47/><V20/><F32/><W113/><G113/><T98/><D98/><U66/><E66/><V16/><F4/><W44/><G44/><T64/><D64/><U5/><E5/><V35/><F35/><W46/><G46/><T59/><D59/><U104/><E76/><V30/><F30/><W12/><G117/><T8/><D58/><U80/><E80/><V41/><F41/><W43/><G43/><T105/><D105/><U53/><E53/><V0/><F0/><W74/><G63/><T88/><D88/><U18/><REACH who="1" step="1"/><E84/><REACH who="1" ten="166,300,294,230" step="2"/><V19/><F54/><W85/><G116/><T97/><D97/><U89/><E89/><V77/><F100/><W99/><G103/><T15/><D15/><AGARI ba="1,1" hai="9,10,11,15,18,21,23,25,28,92,94,96,102,104" machi="15" ten="40,3900,0" yaku="1,1,52,1,53,0" doraHai="13" doraHaiUra="119" who="1" fromWho="0" sc="166,-42,300,52,294,0,230,0" /><INIT seed="1,2,0,0,3,4" ten="124,352,294,230" oya="1" hai0="49,131,117,25,96,51,14,93,33,56,43,64,60" hai1="101,0,104,105,6,118,74,99,113,103,13,122,26" hai2="107,132,47,16,30,81,76,50,55,2,29,42,52" hai3="69,12,68,67,130,57,65,126,121,114,9,94,89"/><U123/><E74/><V41/><F2/><W100/><G121/><T77/><D117/><U32/><E113/><V134/><F107/><W97/><G114/><T53/><D131/><U75/><E75/><V23/><F55/><W5/><G130/><T34/><D77/><U38/><E13/><V63/><F134/><W106/><G126/><T17/><D43/><N who="2" m="16394" /><F132/><W127/><G127/><T98/><D25/><U129/><E38/><V86/><F63/><W111/><G111/><T62/><D34/><U1/><E118/><V28/><F28/><W61/><REACH who="3" step="1"/><G65/><REACH who="3" ten="124,352,294,220" step="2"/><T21/><D33/><U79/><E129/><V36/><F36/><W92/><G92/><T72/><D72/><U102/><E123/><V109/><F109/><W22/><G22/><T78/><D78/><U124/><E124/><V73/><F73/><W7/><G7/><T18/><D18/><U31/><E79/><V83/><F83/><W116/><G116/><T20/><D20/><U112/><E112/><V27/><AGARI ba="2,1" hai="16,23,27,29,30,47,50,52,76,81,86" m="16394" machi="27" ten="30,4000,0" yaku="8,1,54,2" doraHai="4" who="2" fromWho="2" sc="124,-12,352,-22,294,56,220,-12" /><INIT seed="2,0,0,5,2,23" ten="112,330,350,208" oya="2" hai0="43,26,27,5,6,93,25,14,51,89,40,54,100" hai1="114,74,61,15,131,92,94,119,32,67,65,97,24" hai2="28,103,30,76,58,13,118,113,79,98,16,2,35" hai3="134,128,59,96,105,45,124,120,52,41,37,46,10"/><V110/><F113/><W8/><G120/><T78/><D100/><U75/><E119/><V126/><F118/><W33/><G33/><T116/><D78/><U56/><E114/><V63/><F2/><W64/><G124/><T48/><D48/><U135/><E131/><V132/><F126/><W66/><G134/><T29/><D29/><N who="2" m="11370" /><F35/><W3/><G128/><T104/><D104/><U11/><E75/><V127/><F127/><W4/><G8/><N who="0" m="4367" /><D6/><U44/><E74/><V50/><F132/><W18/><G45/><N who="0" m="28015" /><D116/><U95/><E44/><V72/><F72/><W108/><G108/><T102/><D102/><U84/><E32/><V17/><F110/><W7/><G7/><T90/><D90/><U85/><E135/><V81/><F50/><W34/><G34/><T0/><D0/><U55/><E61/><V129/><F129/><W106/><G18/><T87/><AGARI ba="0,0" hai="25,26,27,40,43,87,89,93" m="28015,4367" machi="87" ten="30,7900,0" yaku="8,1,52,3" doraHai="23" who="0" fromWho="0" sc="112,79,330,-20,350,-39,208,-20" /><INIT seed="3,0,0,0,4,107" ten="191,310,311,188" oya="3" hai0="91,85,98,10,97,131,113,81,127,82,93,89,56" hai1="9,54,52,106,3,1,55,33,74,110,114,6,30" hai2="124,44,79,86,22,28,27,61,104,53,121,109,36" hai3="118,41,14,16,120,117,24,69,73,125,111,129,62"/><W49/><G120/><T70/><D70/><U32/><E106/><V40/><F104/><W45/><G125/><T12/><D113/><U72/><E114/><V134/><F124/><W34/><G129/><T68/><D68/><U64/><E1/><V48/><F134/><W63/><G111/><T15/><D127/><U50/><E110/><V77/><F109/><W112/><G112/><T130/><D56/><U108/><E108/><V133/><F133/><W84/><G73/><T42/><D42/><U71/><E50/><V78/><F121/><W92/><G34/><T17/><D15/><U132/><E132/><V4/><F4/><W119/><G24/><T23/><D10/><U67/><E71/><V29/><F61/><W115/><G115/><T116/><D116/><U43/><E43/><V100/><F100/><W20/><REACH who="3" step="1"/><G69/><REACH who="3" ten="191,310,311,178" step="2"/><T5/><D5/><U47/><E33/><V122/><F122/><W101/><G101/><T99/><REACH who="0" step="1"/><D81/><REACH who="0" ten="181,310,311,178" step="2"/><U2/><E32/><V66/><F66/><W59/><G59/><T103/><D103/><U105/><E67/><V102/><F102/><W58/><G58/><T18/><D18/><U76/><E64/><V135/><F135/><W90/><AGARI ba="0,2" hai="14,16,20,41,45,49,62,63,84,90,92,117,118,119" machi="90" ten="40,7800,0" yaku="1,1,0,1,54,1,53,0" doraHai="107" doraHaiUra="65" who="3" fromWho="3" sc="181,-26,310,-26,311,-26,178,98" /><INIT seed="3,1,0,1,2,72" ten="155,284,285,276" oya="3" hai0="26,82,115,104,106,116,29,110,135,4,87,57,37" hai1="121,128,55,41,65,8,125,70,11,24,114,48,79" hai2="77,34,64,31,30,46,97,25,59,95,43,103,73" hai3="19,63,35,16,133,108,84,9,6,61,40,92,105"/><W74/><G133/><T12/><D37/><U36/><E114/><V66/><F31/><W101/><G105/><T75/><D75/><U47/><E121/><V93/><F59/><W107/><G107/><T0/><D0/><U90/><E125/><V68/><F68/><W62/><G108/><T124/><D124/><U113/><E113/><V112/><F112/><W86/><G35/><T32/><D115/><U71/><E128/><V17/><F17/><N who="3" m="6731" /><G74/><T2/><D2/><U130/><E130/><V81/><REACH who="2" step="1"/><F95/><REACH who="2" ten="155,284,275,276" step="2"/><W80/><G80/><T119/><D119/><U7/><E71/><V111/><F111/><W13/><G40/><T76/><D116/><U69/><E41/><V123/><F123/><W52/><G52/><T118/><D118/><U20/><E55/><V60/><F60/><W42/><G42/><T15/><D110/><U99/><E69/><V54/><F54/><W129/><G129/><T5/><D135/><U102/><E70/><V122/><F122/><W21/><G21/><T33/><D33/><U83/><E20/><V50/><AGARI ba="1,1" hai="25,30,34,43,46,50,64,66,73,77,81,93,97,103" machi="50" ten="20,5200,0" yaku="1,1,0,1,7,1,52,1,53,0" doraHai="72" doraHaiUra="53" who="2" fromWho="2" sc="155,-14,284,-14,275,65,276,-27" /><INIT seed="4,0,0,2,1,106" ten="141,270,340,249" oya="0" hai0="63,80,5,135,99,36,75,114,111,4,22,126,94" hai1="37,54,69,21,39,61,68,7,56,115,53,73,13" hai2="104,98,60,105,122,11,109,38,102,28,1,84,43" hai3="93,24,26,91,50,81,110,100,47,113,18,16,95"/><T62/><D36/><U118/><E118/><V6/><F122/><W85/><G110/><T92/><D114/><U58/><E115/><V48/><F109/><W78/><G113/><T70/><D111/><U74/><E7/><V124/><F38/><W44/><G44/><T29/><D126/><U59/><E13/><V12/><F124/><W31/><G100/><T90/><D135/><U55/><E21/><V108/><F108/><W19/><G31/><T8/><D94/><N who="3" m="35849" /><G78/><T87/><D75/><N who="1" m="28683" /><E61/><V23/><F105/><W15/><G15/><T112/><D112/><U82/><E82/><V76/><F60/><W20/><G20/><T121/><D121/><U52/><N who="1" m="13312" /><DORA hai="41" /><U96/><E96/><V34/><F98/><W64/><G64/><T120/><D120/><U14/><E14/><V131/><F12/><W49/><G49/><T66/><D63/><U30/><E30/><V2/><F48/><W65/><G65/><T132/><D132/><U107/><E107/><V42/><F28/><W10/><G10/><T128/><D128/><U133/><E133/><V134/><F131/><W27/><G24/><T116/><D116/><U86/><E86/><V71/><F84/><W57/><G26/><N who="0" m="16599" /><D8/><U3/><E3/><V97/><F11/><W51/><G27/><T101/><D70/><AGARI ba="0,0" hai="37,39,56,58,59,68,69,70" m="13312,28683" machi="70" ten="50,12000,2" yaku="28,2,52,3,54,1" doraHai="106,41" who="1" fromWho="0" sc="141,-120,270,120,340,0,249,0" /><INIT seed="5,0,0,3,4,135" ten="21,390,340,249" oya="1" hai0="53,77,128,38,73,27,111,94,43,93,116,25,86" hai1="76,71,96,106,129,95,26,31,81,97,130,91,107" hai2="134,101,119,121,132,69,20,2,54,62,92,112,0" hai3="14,47,19,68,114,39,87,110,74,123,80,49,98"/><U8/><E71/><V45/><F119/><W131/><G110/><T58/><D73/><U64/><E64/><V13/><F121/><W90/><G123/><T133/><D133/><N who="2" m="51306" /><F112/><W113/><G39/><T60/><D116/><U48/><E48/><N who="2" m="28943" /><F101/><W78/><G68/><T50/><D111/><U122/><E122/><V124/><F124/><W117/><G98/><T3/><D3/><U59/><E59/><V79/><F79/><W82/><G131/><N who="1" m="50186" /><E8/><V67/><F92/><W99/><G99/><T23/><D128/><U37/><E37/><V120/><F120/><W29/><G117/><T61/><D38/><U102/><E102/><V52/><F52/><W11/><REACH who="3" step="1"/><G29/><REACH who="3" ten="21,390,340,239" step="2"/><T18/><D25/><U15/><E97/><V75/><F75/><W88/><G88/><T125/><D125/><U127/><E127/><V36/><F36/><W89/><G89/><T115/><D115/><U42/><E96/><V41/><F41/><AGARI ba="0,1" hai="11,14,19,41,47,49,74,78,80,82,87,90,113,114" machi="41" ten="40,1300,0" yaku="1,1,53,0" doraHai="135" doraHaiUra="118" who="3" fromWho="2" sc="21,0,390,0,340,-13,239,23" /><INIT seed="6,0,0,1,2,52" ten="21,390,327,262" oya="2" hai0="44,20,27,86,29,18,110,58,41,30,98,104,81" hai1="19,130,105,31,135,75,126,21,46,66,125,88,49" hai2="53,114,10,119,6,80,100,15,103,0,3,17,84" hai3="33,8,35,39,68,91,111,134,74,76,122,69,120"/><V118/><F3/><W129/><G91/><T25/><D110/><U14/><E75/><V38/><F38/><W43/><G111/><T123/><D123/><N who="3" m="47145" /><G134/><T115/><D115/><U26/><E105/><V61/><F114/><W70/><G8/><T92/><D104/><U9/><E135/><V48/><F61/><W99/><G99/><T32/><D18/><U12/><E66/><V37/><F37/><W5/><G5/><T94/><D98/><U77/><E77/><V63/><F63/><W50/><G50/><T131/><D131/><U124/><E130/><V90/><F103/><W59/><G59/><T67/><D67/><U36/><E36/><V72/><F100/><W82/><G129/><T23/><D32/><U62/><E62/><V2/><F72/><W112/><G112/><T42/><D44/><AGARI ba="0,0" hai="33,35,39,43,44,68,69,70,74,76,82" m="47145" machi="44" ten="40,1300,0" yaku="23,1" doraHai="52" who="3" fromWho="0" sc="21,-13,390,0,327,0,262,13" /><INIT seed="7,0,0,2,1,12" ten="8,390,327,275" oya="3" hai0="107,103,57,50,20,66,122,29,13,72,104,31,42" hai1="67,47,98,28,51,58,30,87,131,4,24,38,121" hai2="90,69,108,115,126,80,129,75,37,55,25,92,106" hai3="76,132,2,10,117,100,73,77,49,17,102,118,44"/><W112/><G112/><T16/><D122/><U3/><E121/><V9/><F106/><W18/><G132/><T68/><D72/><U113/><E38/><V54/><F69/><W34/><G34/><T124/><D124/><U123/><E113/><V36/><F115/><W41/><G2/><T22/><D68/><U109/><E109/><V52/><F108/><W63/><G63/><T116/><D116/><U1/><E123/><V53/><F126/><W35/><G35/><T128/><D128/><U111/><E131/><V8/><F129/><W119/><G10/><T95/><D104/><U96/><E1/><V11/><N who="2" m="13312" /><DORA hai="15" /><V125/><F125/><W101/><REACH who="3" step="1"/><G73/><REACH who="3" ten="8,390,327,265" step="2"/><T14/><D107/><U40/><E3/><V60/><F60/><W48/><G48/><T97/><D66/><U81/><E51/><V71/><F71/><W0/><G0/><T61/><D61/><U78/><E67/><V79/><REACH who="2" step="1"/><F25/><REACH who="2" ten="8,390,317,265" step="2"/><W23/><G23/><T86/><D86/><AGARI ba="0,2" hai="8,9,11,36,37,75,79,80,86,90,92" m="13312" machi="86" ten="50,8000,1" yaku="1,1,2,1,54,1,53,1" doraHai="12,15" doraHaiUra="93,85" who="2" fromWho="0" sc="8,-80,390,0,317,100,265,0" owari="-72,-57.0,390,19.0,417,51.0,265,-13.0" /></mjloggm>