<mjloggm ver="2.3"><GO type="97" lobby="0"/><UN n0="%E5%B0%B1%E6%B4%BB%E7%94%9F%40%E5%B7%9D%E6%9D%91%E8%BB%8D%E5%9B%A3" n1="%68%61%6E%69%74%61%6B%61" n2="%E3%81%BE%E3%82%81%E6%B4%97%E5%9D%82" n3="%6D%6F%62%62%64%65%65%70" dan="15,13,14,13" rate="2058.78,1899.39,1934.33,1842.77" sx="M,M,M,M"/><TAIKYOKU oya="0"/><INIT seed="0,0,0,0,0,84" ten="250,250,250,250" oya="0" hai0="8,36,37,44,73,100,113,103,112,14,39,106,12" hai1="26,16,71,17,96,64,22,13,32,45,41,38,27" hai2="31,34,19,122,5,65,40,90,7,49,127,78,74" hai3="56,48,23,4,132,10,89,15,2,125,99,123,79"/><T134/><D73/><U87/><E32/><V95/><F122/><W47/><G132/><T135/><D44/><U82/><E96/><V118/><F118/><W101/><G125/><T129/><D129/><U126/><E126/><V94/><F127/><W62/><G79/><T114/><D106/><U69/><E64/><V104/><F104/><W61/><G123/><T51/><D51/><U55/><E55/><V119/><F65/><W52/><G62/><T75/><D75/><U77/><REACH who="1" step="1"/><E27/><REACH who="1" ten="250,240,250,250" step="2"/><V6/><F119/><W88/><G99/><T28/><D134/><U68/><E68/><V133/><F133/><W124/><G124/><T128/><D135/><U86/><E86/><V60/><F60/><W43/><REACH who="3" step="1"/><G101/><REACH who="3" ten="250,240,250,240" step="2"/><T83/><D103/><U115/><E115/><V33/><F74/><W120/><G120/><T91/><D100/><U11/><AGARI ba="0,2" hai="11,13,16,17,22,26,38,41,45,69,71,77,82,87" machi="11" ten="20,8000,1" yaku="1,1,0,1,7,1,54,1,53,1" doraHai="84" doraHaiUra="18" who="1" fromWho="1" sc="250,-40,240,100,250,-20,240,-20" /><INIT seed="1,0,0,2,4,45" ten="210,340,230,220" oya="1" hai0="78,41,91,135,87,84,15,46,47,58,94,106,88" hai1="93,90,22,54,36,133,118,116,124,39,122,115,81" hai2="42,104,95,7,100,27,128,57,3,16,24,113,121" hai3="9,83,40,66,105,50,110,70,48,44,114,120,107"/><U5/><E115/><V33/><F104/><W11/><G114/><T61/><D106/><N who="3" m="40457" /><G83/><N who="0" m="47223" /><D135/><U6/><E133/><V111/><F113/><W67/><G70/><T25/><D25/><U52/><E122/><V28/><F121/><W69/><G69/><T37/><D37/><U75/><E124/><V19/><F42/><W4/><G4/><T49/><D46/><U38/><E22/><N who="2" m="13383" /><F57/><W55/><G44/><T125/><D125/><U129/><E129/><V112/><F112/><W32/><G32/><T59/><D61/><U98/><E5/><V89/><F100/><W77/><G40/><T73/><D73/><U82/><E6/><V103/><F103/><W12/><G120/><T8/><D91/><U34/><E34/><V134/><F134/><W60/><G60/><T86/><D87/><U1/><E1/><V35/><F128/><W101/><G101/><T20/><D20/><U130/><E130/><V17/><F35/><W56/><G77/><T131/><D131/><U63/><E75/><V0/><F89/><W43/><G43/><T74/><D74/><U99/><E63/><V53/><F95/><W23/><G23/><T96/><D96/><U62/><E62/><V85/><F0/><W21/><G21/><T108/><D108/><U31/><E31/><V126/><F111/><W26/><G110/><T97/><D97/><U51/><E99/><V127/><F126/><W119/><G119/><N who="1" m="45610" /><E54/><V30/><F53/><W79/><G79/><T80/><D80/><N who="1" m="30827" /><E36/><V64/><F127/><W102/><G55/><T109/><D109/><U123/><E123/><V68/><F33/><RYUUKYOKU ba="0,0" sc="210,15,340,15,230,-15,220,-15" hai0="8,15,41,47,49,58,59,86,88,94" hai1="38,39,51,52,90,93,98" /><INIT seed="1,1,0,0,0,99" ten="225,355,215,205" oya="1" hai0="125,66,110,134,82,3,61,65,71,70,33,60,21" hai1="102,32,27,19,57,74,133,91,67,59,49,30,128" hai2="72,112,1,108,37,120,48,111,28,39,130,51,129" hai3="22,17,25,115,13,88,0,93,42,9,116,76,38"/><U96/><E128/><N who="2" m="49259" /><F28/><N who="3" m="17463" /><G0/><T7/><D33/><U16/><E133/><V36/><F1/><W90/><G38/><T24/><D134/><U15/><E74/><V98/><F72/><W55/><G115/><T127/><D110/><N who="2" m="42026" /><F98/><N who="3" m="57639" /><G116/><T35/><D35/><U122/><E122/><V85/><F85/><W56/><G76/><T47/><D82/><U92/><E15/><V109/><N who="2" m="42034" /><V29/><DORA hai="103" /><F29/><W53/><G42/><T5/><D3/><U117/><E117/><V58/><F112/><W78/><G78/><T31/><D47/><U63/><REACH who="1" step="1"/><E91/><REACH who="1" ten="225,345,215,205" step="2"/><V124/><F120/><W104/><G90/><T34/><D5/><U11/><E11/><V97/><F97/><W123/><G123/><T81/><D7/><U75/><E75/><V89/><F89/><W94/><G9/><T46/><D125/><U114/><E114/><V41/><F124/><W79/><G13/><T40/><D127/><U54/><AGARI ba="1,1" hai="16,19,27,30,32,49,54,57,59,63,67,92,96,102" machi="54" ten="30,18000,2" yaku="1,1,0,1,52,1,54,1,53,2" doraHai="99,103" doraHaiUra="12,113" who="1" fromWho="1" sc="225,-61,345,193,215,-61,205,-61" /><INIT seed="1,2,0,5,0,116" ten="164,538,154,144" oya="1" hai0="85,39,108,26,132,112,6,57,71,52,104,72,43" hai1="84,96,65,81,10,21,9,36,27,134,4,15,83" hai2="42,97,103,7,64,90,89,74,3,35,80,73,17" hai3="16,5,24,107,77,105,50,68,45,29,67,19,124"/><U122/><E122/><V46/><F64/><W135/><G77/><T78/><D104/><U94/><E134/><V56/><F56/><W37/><G37/><T118/><D71/><U8/><E36/><V69/><F69/><W98/><G107/><T120/><D112/><U59/><E65/><V127/><F35/><N who="3" m="20903" /><G5/><T92/><D72/><U48/><E48/><V93/><F17/><W58/><G58/><T106/><D106/><U70/><E70/><V53/><F53/><N who="3" m="29903" /><G135/><T128/><D118/><U82/><E59/><V125/><F7/><W75/><G75/><T38/><D6/><U20/><E84/><N who="2" m="50311" /><F3/><W130/><G130/><T111/><D132/><U87/><E87/><N who="2" m="52447" /><F46/><W102/><G124/><N who="2" m="47689" /><F42/><W76/><G76/><T99/><D128/><U28/><REACH who="1" step="1"/><E21/><REACH who="1" ten="164,528,154,144" step="2"/><V129/><F129/><W110/><G110/><T88/><D39/><U131/><E131/><V79/><F79/><W49/><G49/><T14/><D38/><U2/><E2/><V33/><F33/><W66/><G66/><T47/><D78/><U119/><E119/><V32/><F32/><W54/><G54/><T23/><D108/><U121/><E121/><V61/><F61/><AGARI ba="2,1" hai="16,19,61,67,68,98,102,105" m="29903,20903" machi="61" ten="30,2000,0" yaku="25,1,54,1" doraHai="116" who="3" fromWho="2" sc="164,0,528,0,154,-26,144,36" /><INIT seed="2,0,0,2,5,28" ten="164,528,128,180" oya="2" hai0="85,79,87,106,78,73,135,67,84,94,32,128,7" hai1="83,65,16,75,132,20,90,99,134,105,127,15,19" hai2="123,76,48,81,88,103,38,25,59,50,35,122,93" hai3="46,56,66,9,113,34,43,52,11,104,97,126,117"/><V124/><F38/><W101/><G117/><T77/><D32/><U114/><E114/><V129/><F124/><W125/><G66/><T5/><D106/><U64/><E127/><N who="3" m="48650" /><G34/><T96/><D73/><U8/><E105/><V112/><F112/><W31/><G31/><T95/><D128/><U118/><E118/><V0/><F103/><W61/><G113/><T30/><D135/><N who="1" m="51755" /><E99/><V107/><F0/><W71/><G71/><T44/><D67/><U89/><E89/><V69/><F107/><W62/><G62/><T109/><D30/><U37/><E37/><AGARI ba="0,0" hai="9,11,37,43,46,52,56,61,97,101,104" m="48650" machi="37" ten="30,2000,0" yaku="18,1,54,1" doraHai="28" who="3" fromWho="1" sc="164,0,528,-20,128,0,180,20" /><INIT seed="3,0,0,0,0,65" ten="164,508,128,200" oya="3" hai0="47,51,112,76,23,68,14,132,106,130,72,67,36" hai1="84,6,31,133,20,89,0,124,55,129,61,87,103" hai2="41,85,131,122,75,35,95,90,70,120,69,29,115" hai3="49,88,8,71,127,40,38,119,125,64,113,91,108"/><W43/><G119/><T92/><D106/><U135/><E103/><V78/><F115/><W19/><G113/><T22/><D36/><U33/><E33/><V10/><F41/><N who="3" m="15947" /><G38/><T94/><D112/><U104/><E104/><V12/><F131/><W96/><G49/><T102/><D130/><U48/><E129/><V45/><F45/><W27/><G96/><T13/><D132/><N who="1" m="50763" /><E124/><N who="3" m="47690" /><G108/><T73/><D67/><U82/><E61/><V118/><F118/><W54/><G54/><T109/><D109/><U28/><E84/><V52/><F52/><W62/><G27/><T17/><D51/><U93/><E93/><V2/><F2/><W80/><G80/><T126/><D47/><N who="1" m="28063" /><E20/><V30/><F78/><W74/><G74/><T58/><D73/><U42/><E42/><V99/><F75/><W26/><G26/><T56/><D76/><U32/><E32/><V9/><F85/><W11/><G11/><AGARI ba="0,0" hai="0,6,11,28,31,82,87,89" m="28063,50763" machi="11" ten="30,1000,0" yaku="20,1" doraHai="65" who="1" fromWho="3" sc="164,0,508,10,128,0,200,-10" owari="164,-24.0,518,62.0,128,-37.0,190,-1.0" /></mjloggm>