<mjloggm ver="2.3"><GO type="169" lobby="0"/><UN n0="%E3%82%89%E3%81%8F%E3%81%A0%EF%BC%90%EF%BC%91%EF%BC%90%EF%BC%99" n1="%74%75%75%6B%61%69%33" n2="%E3%82%81%E3%82%8D%E3%82%93%E3%81%9D%E3%83%BC%E3%81%A0" n3="%E3%82%A6%E3%83%AB%E3%83%88%E3%83%A9%E7%AB%8B%E7%9B%B4" dan="16,16,16,17" rate="2076.08,2172.60,2097.79,2129.90" sx="M,M,F,M"/><TAIKYOKU oya="0"/><INIT seed="0,0,0,0,5,9" ten="250,250,250,250" oya="0" hai0="41,72,115,12,37,75,122,101,74,83,103,46,89" hai1="68,124,131,52,95,51,28,121,24,8,38,2,0" hai2="55,79,66,16,27,73,23,102,32,58,118,26,112" hai3="14,97,22,86,87,54,88,132,43,13,119,81,127"/><T82/><D122/><U30/><E121/><V114/><F118/><W62/><G119/><T128/><D115/><U77/><E38/><V50/><F102/><W126/><G132/><T63/><D128/><U98/><E68/><V120/><F120/><W117/><G117/><T11/><D63/><U104/><E104/><V39/><F39/><W48/><G43/><T59/><D59/><U133/><E77/><V61/><F79/><N who="3" m="46399" /><G97/><T78/><D89/><U45/><E124/><N who="3" m="47658" /><G22/><T113/><D113/><U53/><E133/><V31/><REACH who="2" step="1"/><F73/><REACH who="2" ten="250,250,240,250" step="2"/><W29/><G62/><T116/><D116/><U36/><E131/><V123/><F123/><W56/><G29/><T76/><REACH who="0" step="1"/><D75/><REACH who="0" ten="240,250,240,250" step="2"/><U42/><E30/><V10/><F10/><W125/><G125/><T60/><D60/><U4/><E28/><V67/><F67/><W80/><AGARI ba="0,2" hai="13,14,48,54,56,80,87,88" m="47658,46399" machi="80" ten="30,7900,0" yaku="18,1,52,2,54,1" doraHai="9" who="3" fromWho="3" sc="240,-39,250,-20,240,-20,250,99" /><INIT seed="1,0,0,3,1,78" ten="201,230,220,349" oya="1" hai0="15,108,37,127,105,41,19,48,69,124,90,5,114" hai1="38,71,51,63,99,58,116,45,32,13,110,61,102" hai2="134,33,49,53,28,52,42,24,27,59,123,104,34" hai3="22,122,126,120,17,31,107,23,57,98,133,91,132"/><U0/><E0/><V20/><F123/><W46/><G126/><N who="0" m="48171" /><D69/><U121/><E32/><V66/><F104/><W125/><G125/><T16/><D105/><U36/><E13/><V129/><F134/><N who="3" m="51819" /><G57/><T96/><D114/><U50/><E102/><V43/><F129/><W80/><G46/><N who="0" m="25679" /><D37/><N who="1" m="14443" /><E99/><V55/><F34/><W72/><G31/><T83/><D108/><U30/><E30/><V54/><REACH who="2" step="1"/><F66/><REACH who="2" ten="201,230,210,349" step="2"/><W135/><G135/><T26/><D26/><U75/><E121/><V115/><F115/><W128/><G107/><T82/><D5/><U100/><E116/><V68/><F68/><W70/><G128/><T117/><D117/><U62/><E110/><V64/><F64/><W106/><G70/><T3/><D3/><U39/><E71/><V1/><F1/><W60/><G106/><T18/><D15/><U93/><E39/><V131/><F131/><W74/><G122/><T79/><D79/><U87/><E63/><V29/><AGARI ba="0,1" hai="20,24,27,28,29,33,42,43,49,52,53,54,55,59" machi="29" ten="30,4000,0" yaku="1,1,0,1,54,1,53,0" doraHai="78" doraHaiUra="103" who="2" fromWho="2" sc="201,-10,230,-20,210,50,349,-10" /><INIT seed="2,0,0,5,2,125" ten="191,210,260,339" oya="2" hai0="81,49,101,111,74,110,28,114,35,14,38,115,73" hai1="122,87,118,17,102,96,107,12,39,34,50,131,120" hai2="132,112,57,86,32,40,79,105,117,6,85,52,69" hai3="20,22,4,91,67,26,2,15,59,8,90,77,113"/><V104/><F112/><N who="0" m="43050" /><D38/><U127/><E39/><V64/><F117/><W78/><G2/><T103/><D49/><U7/><E118/><V46/><F32/><W29/><G22/><T129/><D14/><U61/><E34/><V75/><F6/><W108/><G108/><N who="0" m="41515" /><D28/><U135/><E7/><V45/><F132/><W119/><G119/><T82/><D35/><U134/><E127/><V70/><F75/><N who="0" m="28682" /><D129/><U98/><E50/><V58/><F64/><W62/><G113/><T89/><D89/><AGARI ba="0,0" hai="4,8,15,20,26,29,59,62,67,77,78,89,90,91" machi="89" ten="40,1300,0" yaku="8,1" doraHai="125" who="3" fromWho="0" sc="191,-13,210,0,260,0,339,13" /><INIT seed="3,0,0,2,0,24" ten="178,210,260,352" oya="3" hai0="65,69,73,31,47,93,112,59,109,46,9,132,104" hai1="120,105,122,113,124,1,87,49,14,86,134,7,20" hai2="82,84,26,80,64,116,70,50,119,30,110,48,23" hai3="3,25,42,90,118,0,5,107,35,16,55,128,96"/><W12/><G118/><T58/><D104/><U94/><E105/><V54/><F110/><W83/><G128/><T88/><D73/><U125/><E113/><V102/><F102/><W133/><G133/><T111/><D112/><U11/><E49/><V121/><F121/><W56/><G42/><T75/><D75/><U78/><E87/><V32/><F50/><W17/><G83/><T99/><D132/><U130/><E134/><V76/><F32/><W52/><G55/><T92/><D9/><U135/><E135/><V126/><F126/><N who="1" m="48745" /><E130/><V89/><F70/><W57/><G56/><T68/><D31/><U40/><E40/><V29/><F64/><W19/><G107/><T15/><D15/><U62/><E62/><V51/><F51/><N who="3" m="30879" /><G0/><T129/><D129/><U61/><E61/><V71/><F71/><W100/><G3/><T38/><D38/><U22/><E1/><V127/><F127/><W106/><G106/><T60/><D69/><U74/><E74/><V97/><F119/><W77/><G77/><T41/><D41/><U43/><E43/><V95/><F116/><W101/><G35/><T79/><D79/><U72/><E72/><V44/><REACH who="2" step="1"/><F82/><REACH who="2" ten="178,210,250,352" step="2"/><W91/><G100/><N who="0" m="60519" /><D68/><U63/><E122/><V10/><F10/><N who="3" m="4175" /><G101/><T103/><D103/><U45/><E120/><V81/><F81/><W117/><G117/><T8/><D109/><U18/><E11/><V33/><F33/><W131/><G131/><T67/><D111/><U4/><E78/><V2/><F2/><W66/><G66/><T13/><D65/><U108/><E108/><V98/><F98/><RYUUKYOKU ba="0,1" sc="178,-10,210,-10,250,30,352,-10" hai2="23,26,29,30,44,48,54,76,80,84,89,95,97" /><INIT seed="4,1,1,0,2,22" ten="168,200,280,342" oya="0" hai0="81,77,29,79,103,4,95,2,10,47,98,61,50" hai1="124,54,105,97,1,36,56,110,0,27,80,99,38" hai2="71,127,116,82,55,123,65,101,90,94,45,129,132" hai3="96,102,93,13,67,43,28,31,33,35,41,63,121"/><T8/><D29/><U114/><E110/><V14/><F123/><W20/><G121/><T66/><D8/><U106/><E80/><V92/><F71/><W83/><G35/><T131/><D81/><U17/><E124/><V57/><F65/><W89/><G33/><T134/><D134/><U111/><E111/><V12/><F45/><W7/><G31/><T64/><D131/><U60/><E114/><V51/><F127/><W30/><G30/><T16/><D16/><U11/><E11/><V23/><F116/><W130/><G130/><T34/><D34/><U118/><E118/><V108/><F132/><W126/><G126/><T115/><D115/><U113/><E113/><V53/><F108/><W25/><G13/><T19/><D19/><U88/><E99/><N who="2" m="59639" /><F82/><W6/><G7/><T18/><D18/><U119/><E119/><V44/><F23/><W74/><G6/><T48/><D48/><U5/><E106/><V107/><F107/><W104/><G104/><T62/><D62/><U70/><E70/><V109/><F129/><W24/><G74/><T75/><D75/><U32/><E105/><V117/><F117/><W58/><G83/><T69/><REACH who="0" step="1"/><D66/><REACH who="0" ten="158,200,280,342" step="2"/><U37/><E5/><V86/><F109/><W9/><G9/><T3/><D3/><U84/><E32/><V40/><F51/><W120/><G67/><T49/><D49/><U112/><E112/><V46/><F14/><W42/><G20/><T39/><D39/><U122/><E36/><V128/><F12/><W85/><G28/><T52/><AGARI ba="1,2" hai="2,4,10,47,50,52,61,64,69,77,79,95,98,103" machi="52" ten="20,7800,0" yaku="1,1,0,1,7,1,54,1,53,0" doraHai="22" doraHaiUra="125" who="0" fromWho="0" sc="158,101,200,-27,280,-27,342,-27" /><INIT seed="4,2,0,1,4,105" ten="259,173,253,315" oya="0" hai0="135,65,87,98,115,117,131,106,129,33,39,13,118" hai1="25,38,54,127,36,17,22,100,71,86,29,104,21" hai2="2,73,32,3,1,40,35,122,88,59,101,64,52" hai3="31,68,30,27,91,62,77,132,66,120,72,53,8"/><T79/><D39/><U51/><E71/><V70/><F122/><W94/><G132/><T119/><D33/><U112/><E104/><V134/><F134/><W14/><G120/><T96/><D65/><U113/><E100/><V103/><F73/><W126/><G126/><T102/><D135/><U78/><E86/><V125/><F125/><W4/><G53/><T82/><D13/><N who="1" m="9391" /><E78/><V28/><F40/><W26/><G31/><T116/><N who="0" m="29696" /><DORA hai="81" /><T89/><D115/><N who="1" m="44107" /><E127/><V10/><F10/><W84/><REACH who="3" step="1"/><G30/><REACH who="3" ten="259,173,253,305" step="2"/><T111/><D111/><U56/><AGARI ba="2,1" hai="22,25,29,36,38,51,54,56" m="44107,9391" machi="56" ten="30,2000,0" yaku="15,1,11,1" doraHai="105,81" who="1" fromWho="1" sc="259,-12,173,36,253,-7,305,-7" /><INIT seed="5,0,0,4,2,51" ten="247,209,246,298" oya="1" hai0="106,72,81,37,124,38,36,133,12,5,27,74,57" hai1="59,35,102,99,112,83,86,66,26,113,67,39,135" hai2="79,104,84,107,98,42,49,134,63,71,55,1,131" hai3="75,64,114,130,126,20,25,16,15,13,91,73,40"/><U95/><E39/><V118/><F1/><W70/><G70/><T31/><D106/><U28/><E135/><V68/><F118/><W92/><G64/><T109/><D109/><U76/><REACH who="1" step="1"/><E59/><REACH who="1" ten="247,199,246,298" step="2"/><N who="2" m="35327" /><F134/><W96/><G126/><T30/><D133/><U97/><E97/><V85/><F98/><W128/><G114/><AGARI ba="0,1" hai="26,28,35,66,67,76,83,86,95,99,102,112,113,114" machi="114" ten="40,3900,0" yaku="1,1,15,1,53,0" doraHai="51" doraHaiUra="45" who="1" fromWho="3" sc="247,0,199,49,246,0,298,-39" /><INIT seed="5,1,0,3,5,81" ten="247,248,246,259" oya="1" hai0="30,28,120,59,118,124,127,27,80,3,32,126,113" hai1="82,115,14,33,68,75,112,121,67,7,103,19,72" hai2="18,97,2,104,77,20,51,47,63,16,119,15,76" hai3="17,49,23,66,37,122,48,39,24,1,13,34,50"/><U131/><E121/><V111/><F119/><W91/><G122/><T87/><D120/><U100/><E33/><V11/><F111/><W5/><G66/><T108/><D118/><U79/><E72/><V109/><F109/><W41/><G41/><T10/><D108/><U38/><E38/><V45/><F63/><W84/><G1/><T96/><D113/><N who="1" m="43595" /><E7/><V101/><F47/><W123/><G123/><T21/><D96/><U61/><E131/><V69/><F69/><W107/><G107/><T56/><D30/><U55/><E55/><V29/><F29/><W89/><G89/><N who="0" m="51431" /><D32/><U43/><E43/><V125/><F125/><W53/><G34/><T26/><D26/><U93/><E93/><V106/><F106/><W135/><G135/><T85/><D85/><U132/><E132/><V105/><F105/><W71/><G39/><T83/><D83/><U44/><E44/><V134/><F134/><W9/><G37/><T78/><D78/><U8/><AGARI ba="1,0" hai="8,14,19,61,67,68,75,79,82,100,103" m="43595" machi="8" ten="30,1500,0" yaku="15,1" doraHai="81" who="1" fromWho="1" sc="247,-6,248,18,246,-6,259,-6" /><INIT seed="5,2,0,4,3,39" ten="241,266,240,253" oya="1" hai0="57,9,122,105,84,70,95,117,135,99,40,134,68" hai1="75,34,29,53,22,101,5,36,97,80,10,108,69" hai2="89,113,41,0,8,123,28,64,121,3,46,20,83" hai3="91,102,116,92,6,118,60,43,132,128,85,79,59"/><U13/><E34/><V21/><F64/><W2/><G128/><T120/><D117/><N who="3" m="45161" /><G132/><N who="0" m="50731" /><D105/><U54/><E69/><N who="0" m="26729" /><D84/><U17/><E29/><V30/><F113/><W94/><G79/><T96/><D9/><U55/><E108/><V48/><F8/><N who="3" m="2135" /><G43/><T52/><D40/><U88/><E36/><V73/><F73/><W100/><G94/><T72/><D72/><U26/><E75/><V104/><F104/><W98/><G85/><T45/><D45/><U103/><REACH who="1" step="1"/><E97/><REACH who="1" ten="241,256,240,253" step="2"/><N who="0" m="37449" /><D95/><U61/><E61/><AGARI ba="2,1" hai="52,57,61,120,122" m="37449,26729,50731" machi="61" ten="40,2600,0" yaku="20,1,54,1" doraHai="39" who="0" fromWho="1" sc="241,42,256,-32,240,0,253,0" /><INIT seed="6,0,0,0,2,62" ten="283,224,240,253" oya="2" hai0="65,12,76,92,68,22,135,29,109,104,2,86,98" hai1="113,125,89,8,107,114,14,46,53,17,131,43,35" hai2="121,19,36,72,69,97,83,47,40,3,127,24,110" hai3="134,80,87,6,52,9,122,59,91,67,34,119,116"/><V39/><F121/><W30/><G122/><T50/><D2/><U42/><E35/><V81/><F3/><W66/><G134/><T38/><D38/><U32/><E32/><V18/><F39/><W45/><G34/><T130/><D135/><U64/><E107/><V4/><F4/><W10/><G119/><T106/><D109/><U41/><E125/><V60/><F127/><W1/><G116/><T16/><D130/><U132/><E132/><V99/><F110/><W93/><G30/><T88/><D29/><U57/><E89/><V85/><F72/><W126/><G126/><T70/><D70/><U129/><E46/><V115/><F115/><N who="1" m="44041" /><E64/><N who="3" m="24618" /><G1/><T49/><D106/><U103/><E103/><V123/><F123/><W33/><G33/><T95/><D104/><U105/><E105/><V63/><F36/><W37/><G37/><T55/><D68/><U111/><E111/><V108/><F69/><W84/><G45/><T48/><D65/><U78/><E78/><V71/><F47/><W7/><G6/><T15/><D76/><U20/><E8/><V58/><F71/><W61/><G7/><T13/><D55/><U28/><E28/><V79/><F108/><W117/><G117/><T0/><D0/><U96/><E96/><V100/><F99/><W77/><AGARI ba="0,0" hai="9,10,52,59,61,77,80,84,87,91,93" m="24618" machi="77" ten="30,8000,1" yaku="8,1,52,3,54,1" doraHai="62" who="3" fromWho="3" sc="283,-20,224,-20,240,-40,253,80" /><INIT seed="7,0,0,4,4,81" ten="263,204,200,333" oya="3" hai0="118,86,19,21,31,60,35,0,111,34,71,17,133" hai1="2,11,33,103,12,104,82,108,40,129,130,66,128" hai2="22,126,65,72,77,37,1,74,51,134,23,27,50" hai3="18,44,14,24,49,105,57,106,41,73,114,95,76"/><W9/><G114/><T83/><D118/><U68/><E2/><V36/><F1/><W94/><G95/><T127/><D111/><U5/><E33/><V64/><F27/><W29/><G94/><T59/><D71/><U26/><E108/><V38/><F77/><W112/><G112/><T46/><D0/><U4/><E26/><V123/><F123/><W30/><G30/><T39/><D133/><U62/><E40/><V63/><F134/><W48/><G73/><N who="2" m="28265" /><F63/><W80/><G57/><T75/><D75/><U6/><E82/><V58/><F58/><W117/><G49/><N who="2" m="18441" /><F126/><W92/><G92/><T87/><D60/><U93/><E93/><V101/><F101/><W79/><G79/><T98/><D83/><U96/><AGARI ba="0,0" hai="4,5,6,11,12,62,66,68,96,103,104,128,129,130" machi="96" ten="40,2700,0" yaku="0,1,19,1" doraHai="81" who="1" fromWho="1" sc="263,-7,204,27,200,-7,333,-13" owari="256,6.0,231,-17.0,193,-31.0,320,42.0" /></mjloggm>