<mjloggm ver="2.3"><GO type="225" lobby="0"/><UN n0="%E3%83%88%E3%83%88%E3%83%AA%E5%85%88%E7%94%9F%31%39%E6%AD%B3" n1="%E2%98%86%E6%A8%AA%E5%B1%B1%E7%94%B1%E4%BE%9D%E2%98%86" n2="%6C%65%74%69%74%62%65" n3="%E3%82%AD%E3%83%B3%E3%82%B0%E3%81%B9%E3%83%92%E3%82%93%E3%82%82%E3%82%B9" dan="18,16,16,16" rate="2274.28,2065.10,2124.17,2130.26" sx="F,F,F,M"/><TAIKYOKU oya="0"/><INIT seed="0,0,0,2,2,32" ten="250,250,250,250" oya="0" hai0="133,110,53,85,2,125,130,65,13,131,48,36,129" hai1="116,93,31,25,70,54,22,4,49,62,114,38,92" hai2="19,63,30,118,60,27,56,127,28,20,24,77,7" hai3="79,8,112,46,73,87,86,33,61,5,51,102,99"/><T113/><D113/><U128/><E116/><V107/><F107/><W123/><G33/><T17/><D36/><U74/><E38/><V72/><F118/><W84/><G112/><T95/><D133/><U0/><E114/><V76/><F127/><W135/><G135/><T40/><D125/><U117/><E117/><V83/><F76/><W108/><G108/><T37/><D110/><U121/><E121/><V109/><F109/><W94/><G123/><T71/><D37/><U52/><E74/><V35/><F28/><W98/><G61/><T96/><D40/><U67/><E128/><V21/><F35/><W3/><G98/><T39/><D39/><U26/><E26/><V50/><F7/><W97/><G97/><T78/><D65/><U1/><E54/><V115/><F115/><W59/><G59/><T12/><D71/><U105/><E105/><V15/><F15/><W42/><REACH who="3" step="1"/><G73/><REACH who="3" ten="250,250,250,240" step="2"/><T126/><D126/><U132/><E132/><V88/><F56/><W55/><G55/><T120/><D120/><U58/><REACH who="1" step="1"/><E4/><REACH who="1" ten="250,240,250,240" step="2"/><V14/><F60/><W106/><G106/><T124/><D124/><U81/><E81/><AGARI ba="0,2" hai="3,5,8,42,46,51,79,81,84,86,87,94,99,102" machi="81" ten="40,2600,0" yaku="1,1,52,1,53,0" doraHai="32" doraHaiUra="111" who="3" fromWho="1" sc="250,0,240,-26,250,0,240,46" /><INIT seed="1,0,0,5,2,132" ten="250,214,250,286" oya="1" hai0="105,113,91,133,115,31,83,43,106,68,100,128,112" hai1="36,45,78,101,124,67,22,79,65,120,99,60,87" hai2="96,71,9,119,104,114,55,17,121,14,88,59,76" hai3="32,11,4,16,85,117,86,52,46,130,125,63,111"/><U127/><E120/><V24/><F71/><W12/><G32/><T109/><D68/><U15/><E36/><V84/><F119/><W57/><G111/><T3/><D3/><U77/><E45/><V69/><F69/><W129/><G117/><T44/><D109/><U13/><E87/><V116/><F116/><W41/><G125/><N who="1" m="48202" /><E22/><V92/><F121/><W118/><G118/><T20/><D133/><U95/><E67/><V26/><F114/><W35/><G35/><T39/><D44/><U134/><E134/><V29/><F29/><W70/><G70/><AGARI ba="0,0" hai="13,15,60,65,70,77,78,79,95,99,101" m="48202" machi="70" ten="30,11600,0" yaku="18,1,52,3" doraHai="132" who="1" fromWho="3" sc="250,0,214,116,250,0,286,-116" /><INIT seed="1,1,0,1,4,47" ten="250,330,250,170" oya="1" hai0="132,115,36,48,1,59,87,55,111,11,62,129,72" hai1="91,23,29,19,20,110,65,56,90,0,128,120,134" hai2="80,81,54,27,21,51,102,113,123,94,66,3,84" hai3="75,8,68,7,124,44,35,135,61,30,58,31,26"/><U28/><E0/><V9/><F123/><W125/><G31/><T103/><D115/><U38/><E38/><V117/><F117/><W32/><G135/><T49/><D72/><U14/><E134/><V33/><F33/><W133/><G133/><T71/><D36/><U99/><E120/><V69/><F113/><W37/><G75/><T25/><D132/><U40/><E40/><V52/><F54/><W2/><G32/><T82/><D111/><U130/><E110/><V6/><F66/><W4/><G4/><T101/><D129/><U13/><E65/><V57/><F69/><W74/><G74/><T109/><D71/><U67/><E67/><V118/><F118/><W107/><G107/><T98/><D109/><U60/><E60/><V92/><F92/><W10/><G10/><T104/><D101/><U119/><E119/><V86/><F86/><W70/><G58/><T85/><D85/><U53/><E56/><V89/><REACH who="2" step="1"/><F102/><REACH who="2" ten="250,330,240,170" step="2"/><W12/><G68/><T22/><D103/><U18/><E53/><V63/><F63/><W16/><G61/><T45/><D62/><U50/><E99/><V79/><F79/><W105/><G70/><T100/><D87/><U42/><E42/><V97/><F97/><W76/><G105/><T41/><D82/><U77/><E77/><V83/><F83/><W64/><G64/><T108/><D108/><U5/><E130/><V116/><F116/><W95/><G95/><T39/><D98/><U93/><E128/><V43/><F43/><N who="3" m="22639" /><G76/><T114/><D104/><U46/><E93/><V131/><F131/><W106/><G106/><RYUUKYOKU ba="1,1" sc="250,-15,330,-15,240,15,170,15" hai2="3,6,9,21,27,51,52,57,80,81,84,89,94" hai3="2,7,8,12,16,26,30,35,124,125" /><INIT seed="2,2,1,4,3,64" ten="235,315,255,185" oya="2" hai0="110,23,4,11,9,133,42,31,17,105,56,130,51" hai1="87,122,27,37,61,75,62,118,128,109,86,107,126" hai2="119,97,102,22,26,89,3,32,76,8,52,123,55" hai3="10,134,100,1,73,24,0,39,65,43,16,90,59"/><V80/><F123/><W13/><G73/><T49/><D105/><U93/><E107/><V124/><F119/><W81/><G100/><T7/><D110/><U47/><E75/><V106/><F32/><W125/><G125/><T91/><D130/><U69/><E126/><V35/><F35/><W114/><G134/><T95/><D133/><U29/><E109/><V77/><F124/><W115/><G43/><T101/><D31/><U50/><E37/><V131/><F131/><W53/><G39/><T116/><D101/><U94/><E118/><V72/><F77/><W5/><G65/><T98/><D116/><U60/><E122/><V57/><F89/><W103/><G103/><T67/><D49/><U14/><E14/><V99/><F99/><W71/><G24/><T96/><D96/><U121/><E121/><V104/><F104/><W74/><G74/><T120/><D120/><U82/><E69/><V34/><F34/><W41/><G41/><T25/><D67/><U33/><E128/><V66/><F66/><W18/><G1/><T68/><D68/><U36/><E36/><V28/><REACH who="2" step="1"/><F57/><REACH who="2" ten="235,315,245,185" step="2"/><W129/><G129/><T44/><D56/><U15/><E33/><V40/><F40/><W46/><G59/><T113/><D113/><N who="3" m="43017" /><G71/><T117/><D117/><U127/><E127/><V132/><F132/><W38/><G90/><T21/><D98/><U83/><E47/><V78/><F78/><W92/><G46/><T48/><D91/><U84/><E83/><V108/><F108/><W63/><G81/><T54/><D44/><U135/><E82/><V2/><F2/><RYUUKYOKU ba="2,2" sc="235,-10,315,-10,245,30,185,-10" hai2="3,8,22,26,28,52,55,72,76,80,97,102,106" /><INIT seed="2,3,2,2,2,29" ten="225,305,275,175" oya="2" hai0="83,51,21,70,108,0,126,60,76,99,77,69,81" hai1="66,62,27,105,23,68,38,93,124,79,135,48,72" hai2="59,84,100,85,129,53,14,102,41,94,56,8,134" hai3="116,101,109,125,5,12,39,103,20,117,57,90,6"/><V74/><F74/><W107/><G39/><T127/><D0/><U45/><E124/><N who="0" m="47657" /><D108/><U37/><E105/><V33/><F33/><W75/><G125/><T88/><D21/><U82/><E135/><V112/><F112/><W30/><G109/><T132/><D132/><U80/><E80/><N who="0" m="30793" /><D51/><U17/><E93/><V71/><F134/><W31/><G75/><T113/><D113/><U133/><E133/><V91/><F71/><N who="0" m="27146" /><D60/><U11/><E11/><V73/><F73/><W123/><G123/><T26/><D26/><U34/><E34/><V24/><F24/><N who="3" m="16647" /><G117/><T10/><D10/><U98/><E98/><V122/><F122/><W96/><G116/><T35/><D35/><U49/><E49/><V43/><F8/><N who="3" m="4111" /><G107/><T13/><D13/><U92/><E92/><AGARI ba="3,2" hai="76,77,88,92,99" m="27146,30793,47657" machi="92" ten="40,2600,0" yaku="18,1,54,1" doraHai="29" who="0" fromWho="1" sc="225,55,305,-35,275,0,175,0" /><INIT seed="3,0,0,1,2,105" ten="280,270,275,175" oya="3" hai0="2,86,107,130,123,34,63,77,11,61,117,65,56" hai1="110,62,14,57,64,133,113,132,83,89,68,99,55" hai2="104,0,45,71,60,85,37,84,35,44,92,119,52" hai3="118,124,75,5,39,40,26,1,21,93,17,102,42"/><W127/><G118/><T53/><D117/><U54/><E113/><V50/><F104/><W70/><G70/><T3/><D123/><U24/><E110/><V101/><F0/><W90/><G102/><T49/><D34/><U28/><E14/><V129/><F35/><W80/><G1/><T72/><D107/><U59/><E68/><V12/><F119/><W15/><G39/><T32/><D32/><U76/><E89/><V38/><F129/><W4/><G42/><T58/><D130/><U74/><E99/><V81/><F12/><W25/><G40/><T33/><D33/><U13/><E13/><V87/><F81/><W97/><G25/><T73/><D49/><U120/><E120/><V9/><F9/><W131/><G131/><T98/><D98/><U51/><REACH who="1" step="1"/><E64/><REACH who="1" ten="280,260,275,175" step="2"/><V46/><F71/><W7/><REACH who="3" step="1"/><G15/><REACH who="3" ten="280,260,275,165" step="2"/><T43/><D3/><U29/><E29/><V114/><F101/><W125/><G125/><T103/><D103/><U82/><E82/><V94/><F114/><W36/><G36/><T106/><D2/><U96/><E96/><V10/><F37/><W16/><G16/><T115/><D115/><U31/><E31/><V95/><F38/><W69/><G69/><T19/><D19/><U121/><E121/><V126/><F126/><W27/><G27/><T78/><D106/><U41/><E41/><V135/><F94/><W91/><G91/><T111/><D43/><U30/><E30/><V6/><F95/><W20/><G20/><AGARI ba="0,2" hai="20,24,28,51,54,55,57,59,62,74,76,83,132,133" machi="20" ten="40,5200,0" yaku="1,1,52,1,53,1" doraHai="105" doraHaiUra="22" who="1" fromWho="3" sc="280,0,260,72,275,0,165,-52" owari="280,8.0,332,43.0,275,-12.0,113,-39.0" /></mjloggm>