<mjloggm ver="2.3"><GO type="225" lobby="0"/><UN n0="%E3%81%B6%E3%81%9F%EF%BC%A0%E3%81%A1%E3%82%85%E3%81%86" n1="%E4%BA%8C%E4%BB%A3%E7%9B%AE%E3%82%A2%E3%83%A1%E3%83%96%E3%83%A9" n2="%E3%81%86%E3%81%A9%E3%82%93%E5%B1%8B" n3="%E3%83%88%E3%83%88%E3%83%AA%E5%85%88%E7%94%9F%31%39%E6%AD%B3" dan="16,16,16,17" rate="2055.87,2170.63,2089.77,2135.80" sx="M,M,M,F"/><TAIKYOKU oya="0"/><INIT seed="0,0,0,4,3,54" ten="250,250,250,250" oya="0" hai0="56,49,99,8,7,0,134,80,66,70,133,16,25" hai1="60,33,28,103,112,125,4,38,106,57,29,67,1" hai2="55,18,81,14,135,88,31,12,35,36,78,76,95" hai3="124,120,130,116,111,87,115,119,45,97,24,32,109"/><T105/><D70/><U82/><E38/><V84/><F36/><W77/><G45/><T62/><D49/><U79/><E125/><V52/><F135/><N who="0" m="51722" /><D80/><U132/><E132/><V96/><F35/><W30/><G124/><T72/><D72/><U53/><E112/><V37/><F37/><W83/><G115/><T3/><D3/><U122/><E122/><V9/><F31/><W63/><G120/><T13/><D25/><U128/><E128/><V74/><F74/><W123/><G123/><T117/><D117/><U48/><E33/><V94/><F78/><W85/><G130/><T113/><D113/><U50/><E50/><V71/><F71/><W100/><G87/><T15/><D16/><U59/><E4/><N who="2" m="3111" /><F95/><W104/><REACH who="3" step="1"/><G63/><REACH who="3" ten="250,250,250,240" step="2"/><T129/><D129/><U118/><E118/><AGARI ba="0,1" hai="24,30,32,77,83,85,97,100,104,109,111,116,118,119" machi="118" ten="40,2600,0" yaku="1,1,2,1,53,0" doraHai="54" doraHaiUra="110" who="3" fromWho="1" sc="250,0,250,-26,250,0,240,36" /><INIT seed="1,0,0,3,0,33" ten="250,224,250,276" oya="1" hai0="119,60,101,100,109,82,68,77,21,53,24,9,125" hai1="84,28,102,95,8,80,79,25,56,43,112,48,127" hai2="67,110,135,5,72,57,15,83,107,40,104,120,6" hai3="69,22,7,17,44,87,78,130,115,64,4,55,12"/><U39/><E112/><V94/><F120/><W3/><G115/><T124/><D119/><U133/><E39/><V32/><F32/><W121/><G121/><T26/><D109/><U47/><E133/><V93/><F110/><W99/><G130/><T71/><D9/><U20/><E127/><N who="0" m="48713" /><D53/><U2/><E56/><V58/><F40/><W105/><G3/><T11/><D11/><U29/><E29/><V129/><F129/><W117/><G117/><T30/><D26/><U90/><E102/><N who="0" m="39529" /><D60/><U37/><E37/><V62/><F62/><W131/><G55/><T52/><D52/><U54/><E43/><V61/><F61/><W73/><G7/><T113/><D113/><U36/><E36/><V108/><F5/><W123/><G4/><T91/><D91/><U46/><E46/><V65/><F6/><W59/><G44/><T18/><D18/><U85/><REACH who="1" step="1"/><E8/><REACH who="1" ten="250,214,250,276" step="2"/><V76/><F108/><W23/><G123/><T14/><D30/><U41/><E41/><V1/><F135/><W10/><G10/><T128/><D128/><U35/><E35/><V111/><F111/><W134/><G131/><T126/><D126/><U103/><E103/><V70/><F58/><W114/><G59/><T92/><D71/><U31/><E31/><V38/><F70/><W16/><G134/><T97/><D68/><U34/><E34/><V118/><F57/><W116/><G114/><T42/><D42/><U63/><E63/><V50/><F38/><W75/><G69/><T132/><D132/><U45/><E45/><V96/><F67/><W74/><G64/><T106/><D21/><RYUUKYOKU ba="0,1" sc="250,-10,214,30,250,-10,276,-10" hai1="2,20,25,28,47,48,54,79,80,84,85,90,95" /><INIT seed="1,1,1,2,3,80" ten="240,244,240,266" oya="1" hai0="25,75,41,44,97,9,18,27,118,40,45,105,66" hai1="68,47,28,131,71,77,113,99,86,108,23,76,49" hai2="124,16,130,96,93,89,2,15,33,22,126,43,0" hai3="135,100,111,54,110,59,132,4,84,65,56,134,104"/><U78/><E113/><V129/><F33/><W14/><G65/><T51/><D75/><U5/><E131/><N who="2" m="50187" /><F43/><W107/><G100/><T73/><D73/><U114/><E114/><V72/><F72/><W82/><G14/><T69/><D118/><U50/><E108/><N who="3" m="41514" /><G4/><T85/><D69/><U87/><E71/><V102/><F102/><W122/><G122/><T103/><D66/><U36/><E68/><V52/><F52/><W62/><G56/><T125/><D125/><AGARI ba="1,1" hai="0,2,15,16,22,89,93,96,124,125,126" m="50187" machi="125" ten="30,3900,0" yaku="18,1,19,1,54,1" doraHai="80" who="2" fromWho="0" sc="240,-42,244,0,240,52,266,0" /><INIT seed="2,0,0,0,0,36" ten="198,244,292,266" oya="2" hai0="34,7,133,42,35,25,105,38,58,94,98,72,83" hai1="109,40,90,50,27,108,73,134,49,17,102,13,43" hai2="95,104,14,99,10,68,71,11,80,22,23,44,20" hai3="48,9,128,24,33,85,3,70,64,63,117,116,39"/><V82/><F104/><W62/><G39/><T47/><D105/><U119/><E119/><V5/><F71/><W16/><G128/><T101/><D133/><U69/><E134/><V96/><F68/><W21/><G62/><T56/><D7/><U8/><E69/><V2/><F44/><W126/><G126/><T67/><D25/><U84/><E27/><V122/><F122/><W127/><G127/><T124/><D124/><U66/><E66/><V110/><F110/><N who="1" m="42601" /><E102/><V77/><F77/><W1/><G33/><T0/><D0/><U131/><E73/><V15/><F2/><W60/><G60/><T118/><D118/><U78/><E78/><V79/><F79/><W31/><G3/><T100/><D100/><U57/><E131/><V19/><F99/><W75/><G75/><T12/><D83/><N who="1" m="49439" /><E57/><V86/><F86/><W129/><G129/><T45/><D72/><U106/><E106/><V32/><F32/><W111/><G85/><T59/><D67/><U130/><E130/><V91/><AGARI ba="0,0" hai="5,10,11,14,15,19,20,22,23,80,82,91,95,96" machi="91" ten="30,3000,0" yaku="0,1,8,1" doraHai="36" who="2" fromWho="2" sc="198,-10,244,-10,292,30,266,-10" /><INIT seed="2,1,0,1,3,77" ten="188,234,322,256" oya="2" hai0="31,33,47,114,6,94,81,34,64,96,24,65,0" hai1="42,106,11,118,126,69,63,22,38,10,74,124,109" hai2="4,48,15,134,102,14,84,16,82,43,79,25,45" hai3="7,95,55,98,89,110,91,93,44,66,50,60,56"/><V100/><F134/><W86/><REACH who="3" step="1"/><G7/><REACH who="3" ten="188,234,322,246" step="2"/><T70/><D114/><U111/><E118/><V28/><F4/><W133/><G133/><T101/><D34/><U113/><E113/><V29/><F29/><W119/><G119/><T37/><D6/><U112/><E112/><V85/><F28/><W83/><G83/><T76/><D0/><U3/><E3/><V121/><F121/><W92/><G92/><T116/><D116/><U131/><E106/><V123/><F123/><W103/><G103/><T23/><D33/><U88/><E109/><AGARI ba="1,1" hai="44,50,55,56,60,66,86,89,91,93,95,98,109,110" machi="109" ten="40,2600,0" yaku="21,2,53,0" doraHai="77" doraHaiUra="1" who="3" fromWho="1" sc="188,0,234,-29,322,0,246,39" /><INIT seed="3,0,0,2,3,124" ten="188,205,322,285" oya="3" hai0="70,127,13,94,60,36,109,57,50,48,47,26,112" hai1="68,44,20,34,15,4,120,27,90,37,118,58,130" hai2="79,103,25,56,121,64,9,39,114,38,69,55,108" hai3="80,89,101,31,30,125,6,61,49,87,35,8,82"/><W98/><G125/><T119/><D127/><U95/><E120/><V116/><F103/><W62/><G80/><T72/><D72/><U135/><E68/><V134/><F79/><W19/><G19/><T78/><D78/><U54/><E34/><V81/><F81/><W0/><G49/><T115/><D119/><U46/><E118/><V1/><F25/><W7/><G7/><T17/><D26/><U91/><E135/><V133/><F116/><W71/><G35/><T99/><D70/><U97/><E130/><V16/><F114/><N who="0" m="43562" /><D36/><U42/><E91/><V51/><F121/><W59/><G71/><T105/><D105/><U113/><E113/><V75/><F75/><W83/><G83/><T18/><D109/><U21/><E46/><V92/><F92/><W28/><REACH who="3" step="1"/><G59/><REACH who="3" ten="188,205,322,275" step="2"/><T32/><D32/><U102/><E58/><V67/><F69/><W126/><G126/><T3/><D3/><U117/><E117/><V128/><F1/><W45/><G45/><T63/><D50/><U12/><E44/><V76/><F51/><W100/><G100/><N who="0" m="60535" /><D57/><U129/><E102/><V73/><F56/><W66/><G66/><T22/><D18/><U96/><E4/><V93/><F67/><W85/><G85/><T65/><D65/><U53/><E37/><V84/><F64/><W122/><G122/><T86/><D86/><U107/><E129/><V23/><F128/><W106/><AGARI ba="0,1" hai="0,6,8,28,30,31,61,62,82,87,89,98,101,106" machi="106" ten="30,3000,0" yaku="1,1,0,1,53,0" doraHai="124" doraHaiUra="104" who="3" fromWho="3" sc="188,-10,205,-10,322,-10,275,40" owari="178,-32.0,195,-20.0,312,11.0,315,41.0" /></mjloggm>