<mjloggm ver="2.3"><GO type="225" lobby="0"/><UN n0="%E9%8C%AF%E4%B9%B1%E3%82%AB%E3%83%AB%E3%83%94%E3%82%B9" n1="%E3%83%89%E3%83%BC%E3%83%A0%E3%81%AE%E8%81%B7%E4%BA%BA" n2="%E5%B0%B1%E6%B4%BB%E7%94%9F%40%E5%B7%9D%E6%9D%91%E8%BB%8D%E5%9B%A3" n3="%47%E3%83%A8%E9%BE%8D%E9%96%80" dan="18,18,16,17" rate="2094.41,2249.05,2115.04,2120.68" sx="F,M,M,M"/><TAIKYOKU oya="0"/><INIT seed="0,0,0,2,0,40" ten="250,250,250,250" oya="0" hai0="68,71,76,81,100,38,113,110,102,116,31,84,123" hai1="24,75,55,61,118,59,9,120,111,63,44,97,32" hai2="109,101,3,16,35,134,57,92,51,4,2,104,119" hai3="105,49,10,64,43,82,0,135,132,41,131,130,30"/><T27/><D113/><U39/><E120/><V14/><F104/><W53/><G105/><T34/><D123/><U52/><E118/><V46/><F35/><W26/><G0/><T50/><D116/><U88/><E75/><V22/><F119/><W18/><G82/><T106/><D38/><U17/><E111/><V69/><F109/><W56/><G10/><T60/><D110/><U58/><E32/><V67/><F69/><W28/><G18/><T6/><D6/><U121/><E121/><V133/><F4/><W112/><G112/><T65/><D68/><U74/><E74/><V1/><F57/><W87/><G87/><T90/><D106/><U48/><E39/><V98/><REACH who="2" step="1"/><F67/><REACH who="2" ten="250,250,240,250" step="2"/><W25/><G64/><T125/><D125/><U129/><E129/><V89/><F89/><W83/><G131/><T126/><D126/><U15/><E24/><V95/><F95/><W73/><G130/><T108/><D108/><U114/><E114/><V107/><F107/><W72/><G25/><T47/><REACH who="0" step="1"/><D90/><REACH who="0" ten="240,250,240,250" step="2"/><U103/><E88/><V93/><F93/><W80/><G72/><T86/><D86/><U29/><E97/><V13/><F13/><W7/><G73/><T85/><D85/><U127/><E127/><V79/><F79/><W20/><G7/><T99/><D99/><U5/><E5/><V117/><F117/><W23/><G26/><T42/><AGARI ba="0,2" hai="27,31,34,42,47,50,60,65,71,76,81,84,100,102" machi="42" ten="20,12000,1" yaku="1,1,0,1,7,1,52,1,53,1" doraHai="40" doraHaiUra="36" who="0" fromWho="0" sc="240,140,250,-40,240,-40,250,-40" /><INIT seed="0,1,0,3,1,93" ten="380,210,200,210" oya="0" hai0="113,71,102,7,63,65,116,76,114,13,135,101,106" hai1="123,20,8,59,107,0,89,60,64,1,3,91,47" hai2="42,128,40,25,95,37,18,88,131,41,16,90,84" hai3="53,48,132,24,82,94,78,26,22,39,108,4,45"/><T105/><D116/><U69/><E123/><V99/><F37/><W104/><G104/><T30/><D135/><U27/><E107/><V87/><F87/><W34/><G132/><T122/><D122/><U125/><E125/><V109/><F109/><W5/><G108/><T117/><D117/><U97/><E69/><V81/><REACH who="2" step="1"/><F25/><REACH who="2" ten="380,210,190,210" step="2"/><W58/><G26/><T96/><D114/><U121/><E121/><V17/><AGARI ba="1,1" hai="16,17,18,40,41,42,81,84,88,90,95,99,128,131" machi="17" ten="40,12000,2" yaku="1,1,2,1,0,1,52,1,54,2,53,0" doraHai="93" doraHaiUra="112" who="2" fromWho="2" sc="380,-61,210,-31,190,133,210,-31" /><INIT seed="1,0,0,5,3,8" ten="319,179,323,179" oya="1" hai0="101,90,99,116,98,29,112,73,18,80,87,35,20" hai1="14,5,0,94,64,47,1,41,106,75,111,133,89" hai2="70,25,65,92,97,84,117,119,11,100,31,107,78" hai3="123,2,67,37,131,72,115,45,7,36,69,56,33"/><U24/><E106/><V85/><F11/><W44/><G7/><T30/><D112/><U55/><E75/><V83/><F85/><W57/><G2/><T127/><D116/><U68/><E24/><V61/><REACH who="2" step="1"/><F92/><REACH who="2" ten="319,179,313,179" step="2"/><W40/><G72/><T129/><D73/><U10/><E133/><V6/><F6/><W71/><G33/><AGARI ba="0,1" hai="25,31,33,61,65,70,78,83,84,97,100,107,117,119" machi="33" ten="30,7700,0" yaku="1,1,7,1,25,2,53,0" doraHai="8" doraHaiUra="54" who="2" fromWho="3" sc="319,0,179,0,313,87,179,-77" /><INIT seed="2,0,0,1,0,24" ten="319,179,400,102" oya="2" hai0="34,70,108,37,135,59,71,73,104,67,16,40,7" hai1="97,42,120,36,66,11,126,119,124,94,33,93,78" hai2="116,132,31,17,72,9,5,129,61,109,54,13,90" hai3="102,92,19,84,131,4,125,106,55,130,111,21,65"/><V64/><F72/><W45/><G111/><T53/><D104/><U46/><E119/><V41/><F41/><W63/><G125/><N who="1" m="48234" /><E120/><V62/><F109/><W99/><G4/><T80/><D73/><U52/><E33/><V43/><F43/><W25/><G45/><N who="0" m="23695" /><D7/><U58/><E78/><V8/><F54/><W29/><G55/><T85/><D85/><U107/><E11/><V77/><F90/><W95/><G19/><T89/><D89/><U22/><E66/><V10/><F62/><W14/><G14/><T91/><D80/><U68/><E22/><V51/><F51/><W47/><G47/><T1/><D1/><U18/><E18/><V2/><F61/><W27/><G27/><T60/><D91/><U87/><E68/><N who="0" m="26153" /><D16/><U121/><E87/><V12/><F64/><W23/><G23/><T76/><D34/><U115/><E121/><V103/><F103/><W69/><REACH who="3" step="1"/><G84/><REACH who="3" ten="319,179,400,92" step="2"/><T49/><D108/><U79/><E46/><V88/><F5/><W98/><G98/><T105/><D105/><U127/><E127/><V112/><F12/><W44/><G44/><N who="0" m="27815" /><D76/><U118/><E97/><V133/><F77/><W96/><G96/><T26/><D26/><U75/><E79/><V86/><F13/><W0/><G0/><T38/><D135/><U123/><E75/><V114/><F17/><W83/><G83/><T81/><D81/><U101/><E42/><V100/><F2/><W3/><G3/><T48/><D48/><U32/><E32/><V39/><F86/><W128/><AGARI ba="0,1" hai="21,25,29,63,65,69,92,95,99,102,106,128,130,131" machi="128" ten="30,7900,0" yaku="1,1,0,1,19,1,52,1,53,0" doraHai="24" doraHaiUra="74" who="3" fromWho="3" sc="319,-20,179,-20,400,-39,92,89" /><INIT seed="3,0,0,5,0,94" ten="299,159,361,181" oya="3" hai0="115,81,52,0,134,62,103,42,128,65,67,46,30" hai1="120,38,108,130,14,20,25,117,107,48,31,118,41" hai2="8,12,129,37,29,49,86,22,111,83,93,131,58" hai3="100,133,68,89,34,53,109,98,24,51,77,73,116"/><W60/><G116/><N who="1" m="44650" /><E120/><V96/><F111/><W10/><G109/><T76/><D0/><U17/><E108/><V84/><F37/><W54/><G133/><T127/><D134/><U11/><E130/><N who="2" m="49675" /><F22/><W102/><G10/><T9/><D127/><U15/><E38/><V6/><F29/><N who="3" m="19751" /><G89/><T32/><D115/><U16/><E107/><V88/><F83/><N who="3" m="45487" /><G102/><T36/><D128/><U105/><E105/><V119/><F119/><W43/><G43/><T87/><D9/><N who="1" m="6223" /><E48/><V26/><F26/><W82/><G51/><T95/><D30/><U70/><E41/><V135/><F135/><W101/><G101/><T35/><D35/><N who="1" m="20975" /><E70/><V2/><F12/><W72/><G72/><T123/><D32/><U78/><E78/><V113/><F113/><W124/><G82/><T3/><D123/><U91/><E91/><V47/><F58/><W55/><G124/><T28/><D67/><U18/><E20/><V112/><F112/><W23/><G23/><T21/><D65/><U74/><E74/><V64/><F64/><N who="3" m="40967" /><G53/><AGARI ba="0,0" hai="2,6,8,47,49,53,84,86,88,93,96" m="49675" machi="53" ten="30,3900,0" yaku="19,1,52,1,54,1" doraHai="94" who="2" fromWho="3" sc="299,0,159,0,361,39,181,-39" owari="299,10.0,159,-24.0,400,50.0,142,-36.0" /></mjloggm>