<mjloggm ver="2.3"><GO type="169" lobby="0"/><UN n0="%E3%82%A6%E3%83%AB%E3%83%88%E3%83%A9%E7%AB%8B%E7%9B%B4" n1="%E3%81%86%E3%81%83%E3%83%BC%E3%81%A1%E3%82%83%E3%82%93" n2="%68%61%73%75%6F%69%6B%65" n3="%E3%81%86%E3%81%8D%E3%81%A7%E3%82%93" dan="17,16,16,17" rate="2109.61,2137.13,2054.85,2128.01" sx="M,M,M,M"/><TAIKYOKU oya="0"/><INIT seed="0,0,0,2,2,124" ten="250,250,250,250" oya="0" hai0="108,90,86,131,62,37,70,123,3,78,24,93,117" hai1="119,29,76,100,69,71,58,97,59,31,118,98,42" hai2="49,15,113,36,25,17,26,130,5,66,61,4,63" hai3="35,77,12,75,110,74,105,33,64,18,135,73,7"/><T112/><D123/><U81/><E42/><V111/><F36/><W30/><G110/><T83/><D117/><U89/><E89/><V79/><F113/><W92/><G105/><T126/><D112/><U99/><E81/><V39/><F39/><W109/><G109/><T21/><D108/><U34/><E76/><V13/><F111/><W22/><G135/><T11/><D37/><U127/><E34/><V9/><F79/><W43/><G77/><T54/><D126/><U8/><E8/><V101/><F101/><W102/><G43/><T45/><D70/><U2/><E127/><V68/><F130/><W60/><G7/><T88/><D131/><U0/><REACH who="1" step="1"/><E99/><REACH who="1" ten="250,240,250,250" step="2"/><V28/><F9/><W134/><G134/><T40/><D90/><U44/><E44/><V51/><F5/><W23/><G35/><T19/><D40/><U106/><E106/><V65/><F4/><W14/><G33/><T125/><D125/><U50/><E50/><V133/><F133/><W16/><G23/><T128/><D11/><U10/><E10/><V121/><F51/><W129/><G22/><T85/><D3/><U114/><E114/><V20/><F49/><W132/><G132/><T115/><D115/><U80/><E80/><V57/><F20/><W82/><G82/><T56/><D128/><U55/><E55/><V96/><F96/><N who="3" m="59655" /><G129/><T103/><D45/><U32/><E32/><V122/><F122/><W27/><G60/><T95/><D95/><U41/><E41/><V48/><F121/><W94/><G94/><T6/><D6/><U52/><E52/><V38/><F38/><RYUUKYOKU ba="0,1" sc="250,15,240,15,250,-15,250,-15" hai0="19,21,24,54,56,62,78,83,85,86,88,93,103" hai1="0,2,29,31,58,59,69,71,97,98,100,118,119" /><INIT seed="0,1,1,5,3,34" ten="265,255,235,235" oya="0" hai0="105,27,48,79,46,121,55,33,36,125,95,12,100" hai1="29,68,37,63,90,52,43,57,30,109,80,131,104" hai2="82,108,0,75,13,124,81,66,49,93,87,56,71" hai3="114,19,70,72,22,111,103,58,16,98,126,96,6"/><T7/><D121/><U35/><E131/><V38/><F38/><W135/><G114/><T106/><D125/><U115/><E115/><V31/><F71/><W133/><G70/><T134/><D134/><N who="3" m="51209" /><G126/><T130/><D130/><U4/><E104/><V97/><F108/><W101/><G111/><T42/><D79/><U17/><E109/><V83/><F0/><W119/><G119/><T24/><D106/><U44/><E4/><V76/><F124/><W41/><G72/><T107/><D105/><U1/><E1/><V120/><F120/><W3/><G41/><T59/><D107/><U8/><E68/><V128/><F31/><W85/><G85/><T89/><D100/><N who="3" m="38473" /><G58/><T25/><D33/><U28/><E35/><V77/><F128/><W39/><G39/><T20/><D7/><U102/><E102/><V64/><F83/><W132/><G132/><T47/><D47/><U11/><REACH who="1" step="1"/><E17/><REACH who="1" ten="265,245,235,235" step="2"/><N who="3" m="6730" /><G22/><T5/><D5/><U91/><E91/><V127/><F127/><W60/><G60/><T122/><D122/><U26/><E26/><V18/><F18/><W21/><G21/><T51/><D12/><U94/><E94/><V2/><F13/><W86/><G86/><AGARI ba="1,2" hai="8,11,28,29,30,37,43,44,52,57,63,80,86,90" machi="86" ten="40,2600,0" yaku="1,1,54,1,53,0" doraHai="34" doraHaiUra="92" who="1" fromWho="3" sc="265,0,245,49,235,0,235,-29" /><INIT seed="1,0,0,0,3,49" ten="265,294,235,206" oya="1" hai0="41,114,89,66,7,13,102,29,108,39,80,48,57" hai1="82,21,97,76,64,99,24,9,92,35,127,101,81" hai2="119,120,75,117,38,113,132,4,68,90,15,67,131" hai3="31,34,11,25,55,121,3,5,20,110,105,96,93"/><U72/><E127/><V45/><F75/><W44/><G110/><T33/><D114/><U62/><E35/><V112/><F120/><W19/><G121/><T12/><D108/><U42/><E42/><N who="2" m="22743" /><F132/><W128/><G128/><T61/><D102/><U26/><E9/><N who="2" m="4519" /><F131/><W22/><G105/><T27/><D39/><U53/><E82/><V133/><F133/><W2/><G2/><T69/><D7/><U6/><E6/><V1/><F1/><W115/><G115/><N who="2" m="44105" /><F90/><W77/><G77/><T28/><D28/><U58/><E99/><V51/><F51/><W32/><G44/><T91/><D41/><U73/><E73/><V87/><F87/><W18/><G55/><T106/><D106/><U74/><E74/><V107/><F107/><W54/><G54/><T23/><D33/><U130/><E130/><V135/><F135/><W83/><G83/><T79/><D91/><U46/><E46/><V16/><F16/><N who="3" m="12423" /><G93/><T88/><D79/><U71/><REACH who="1" step="1"/><E21/><REACH who="1" ten="265,284,235,206" step="2"/><V100/><F119/><W95/><G96/><T50/><D80/><U129/><E129/><V70/><F117/><W47/><G47/><T0/><D23/><U65/><E65/><V10/><F67/><W84/><G22/><T52/><D66/><U86/><E86/><V118/><F118/><W122/><G34/><T43/><D43/><U60/><AGARI ba="0,1" hai="24,26,53,58,60,62,64,71,72,76,81,92,97,101" machi="60" ten="20,18000,2" yaku="1,1,0,1,7,1,52,1,53,2" doraHai="49" doraHaiUra="59" who="1" fromWho="1" sc="265,-60,284,190,235,-60,206,-60" /><INIT seed="1,1,0,1,1,103" ten="205,474,175,146" oya="1" hai0="74,119,56,84,118,87,115,17,36,27,112,13,117" hai1="75,125,62,1,132,51,120,106,12,92,0,107,18" hai2="26,42,98,5,110,124,104,47,32,69,10,21,86" hai3="79,46,105,89,67,111,65,43,95,109,2,71,45"/><U102/><E120/><V76/><F32/><W93/><G2/><T14/><D74/><U24/><E75/><V58/><F69/><W44/><G43/><T131/><D36/><U122/><E122/><V59/><F110/><N who="3" m="41995" /><G71/><T3/><D3/><U6/><E51/><V37/><F124/><W41/><G41/><T16/><D56/><U96/><E24/><V8/><F8/><W114/><G79/><T50/><D50/><U20/><E125/><V77/><F98/><N who="3" m="57647" /><G114/><N who="0" m="43563" /><D27/><U30/><E30/><V133/><F59/><W40/><G40/><T7/><D7/><U130/><E130/><V53/><F5/><W28/><G28/><T97/><D97/><U128/><E132/><V39/><F58/><W73/><G73/><T38/><D38/><U15/><E128/><V101/><F39/><W23/><G23/><T33/><D33/><U29/><E29/><V68/><F68/><W34/><G34/><T31/><D31/><U63/><E1/><V9/><F9/><W55/><G55/><T80/><D131/><U19/><E6/><V78/><F10/><W11/><G11/><T49/><D80/><U57/><E0/><V66/><F66/><N who="3" m="25099" /><G95/><T126/><D49/><U134/><E134/><V72/><F53/><W91/><G91/><T25/><D25/><U70/><E70/><V135/><F72/><W60/><G60/><N who="1" m="23082" /><E57/><V85/><F133/><W64/><G64/><T127/><D126/><U35/><E35/><V100/><F135/><W48/><G48/><T54/><D127/><U88/><E88/><V123/><F123/><W52/><G52/><T121/><D54/><RYUUKYOKU ba="1,0" sc="205,-15,474,15,175,-15,146,15" hai1="12,15,18,19,20,92,96,102,106,107" hai3="44,45,46,105" /><INIT seed="1,2,0,5,4,6" ten="190,489,160,161" oya="1" hai0="133,58,15,90,23,123,130,89,7,54,12,43,65" hai1="129,96,118,67,115,20,93,121,105,128,73,42,24" hai2="45,62,74,16,5,40,135,109,0,111,11,119,83" hai3="3,132,1,103,99,19,37,2,51,122,85,9,88"/><U131/><E73/><V38/><F119/><W95/><G122/><T59/><D123/><U44/><E121/><V36/><F135/><W66/><G37/><T81/><D133/><U84/><E118/><V57/><F36/><W86/><G132/><T97/><D130/><U61/><E115/><V63/><F16/><W29/><G29/><T68/><D68/><U50/><E84/><V64/><REACH who="2" step="1"/><F63/><REACH who="2" ten="190,489,150,161" step="2"/><W17/><G17/><T116/><D116/><U26/><E20/><V120/><F120/><W94/><G51/><T39/><D39/><U34/><E34/><V75/><F75/><W25/><G19/><T77/><D23/><U27/><E105/><V79/><AGARI ba="2,1" hai="0,5,11,38,40,45,57,62,64,74,79,83,109,111" machi="79" ten="30,8000,1" yaku="1,1,0,1,25,2,52,1,53,0" doraHai="6" doraHaiUra="18" who="2" fromWho="2" sc="190,-22,489,-42,150,96,161,-22" /><INIT seed="2,0,0,1,1,121" ten="168,447,246,139" oya="2" hai0="27,11,96,19,78,127,102,105,20,132,76,99,7" hai1="8,50,120,106,34,43,95,18,70,55,131,103,33" hai2="108,29,51,40,124,68,5,90,72,60,134,4,94" hai3="41,52,2,0,21,39,113,122,28,16,86,9,10"/><V98/><F72/><W59/><G122/><T101/><D127/><U97/><E131/><V81/><F124/><W38/><G113/><T91/><D91/><U3/><E70/><V130/><F134/><W92/><G28/><T128/><D128/><U56/><E120/><V133/><F133/><W36/><G41/><T114/><D114/><U66/><E43/><V26/><F130/><W37/><G2/><T85/><D85/><U89/><E66/><V88/><F108/><W6/><G10/><T129/><D129/><U58/><E58/><V47/><F68/><W83/><G39/><T107/><REACH who="0" step="1"/><D132/><REACH who="0" ten="158,447,246,139" step="2"/><U15/><REACH who="1" step="1"/><E3/><AGARI ba="0,1" hai="3,7,11,19,20,27,76,78,96,99,101,102,105,107" machi="3" ten="30,7700,0" yaku="1,1,2,1,7,1,9,1,53,0" doraHai="121" doraHaiUra="126" who="0" fromWho="1" sc="158,87,447,-77,246,0,139,0" /><INIT seed="3,0,0,0,1,30" ten="245,370,246,139" oya="3" hai0="118,96,53,106,73,125,68,27,107,75,98,88,76" hai1="122,13,80,10,22,5,116,34,126,90,20,1,133" hai2="113,102,114,131,21,78,46,11,41,17,58,49,0" hai3="4,48,47,117,93,97,74,111,19,37,105,45,72"/><W16/><G117/><T129/><D53/><U67/><E116/><V70/><F70/><W99/><G111/><T121/><D68/><U12/><E122/><V85/><F131/><W124/><G124/><T36/><D27/><U60/><E126/><V135/><F135/><W39/><G4/><T87/><D36/><N who="3" m="13897" /><G105/><N who="0" m="39947" /><D125/><U61/><E133/><V50/><F102/><W109/><G93/><N who="0" m="54431" /><D118/><U57/><E34/><V43/><F78/><W89/><G89/><T56/><D56/><U81/><E1/><V115/><F85/><W3/><G109/><T31/><D31/><U91/><E57/><V51/><F11/><W128/><G128/><T44/><D44/><N who="3" m="16969" /><G48/><T15/><D15/><U25/><E25/><V112/><F0/><W110/><G110/><T52/><D129/><U33/><E33/><V66/><F112/><W101/><G101/><T8/><D8/><U55/><E10/><V40/><F115/><W120/><G120/><T127/><D121/><U23/><E23/><V103/><F103/><W2/><G2/><T92/><D127/><U108/><E108/><V132/><F132/><W71/><G71/><T38/><D92/><U64/><E5/><V79/><F21/><W86/><G3/><T54/><D76/><U119/><E119/><V7/><F7/><W77/><G19/><T100/><D38/><U104/><E104/><V9/><F17/><W26/><G16/><T94/><D98/><N who="3" m="37385" /><G26/><T14/><D14/><U84/><E55/><N who="0" m="21033" /><D100/><U134/><E134/><V63/><F114/><W130/><G130/><T83/><D83/><U123/><E123/><V82/><F113/><RYUUKYOKU ba="0,0" sc="245,10,370,10,246,-30,139,10" hai0="73,75,94,96" hai1="12,13,20,22,60,61,64,67,80,81,84,90,91" hai3="72,74,77,86" /><INIT seed="3,1,0,5,0,100" ten="255,380,216,149" oya="3" hai0="71,116,115,43,111,128,21,118,88,64,134,101,95" hai1="62,86,93,59,8,80,133,84,9,127,17,46,132" hai2="68,112,28,87,57,69,36,2,7,52,44,76,48" hai3="121,56,65,51,45,124,23,135,29,92,42,10,53"/><W14/><G124/><T99/><D115/><U24/><E127/><V91/><F76/><W73/><G135/><N who="1" m="51786" /><E46/><V126/><F112/><W83/><G121/><T1/><D134/><U6/><E93/><V82/><F126/><W13/><G92/><T130/><D1/><U102/><E102/><V38/><F28/><W18/><G65/><T79/><D43/><U120/><E120/><V41/><REACH who="2" step="1"/><F38/><REACH who="2" ten="255,380,206,149" step="2"/><W33/><G29/><T22/><D116/><U97/><E97/><V94/><F94/><W40/><G33/><T50/><D118/><U0/><E86/><V3/><F3/><W75/><G83/><T55/><D79/><U19/><E84/><V109/><F109/><W70/><G70/><T105/><D111/><U90/><E80/><V54/><F54/><W11/><G42/><T60/><D128/><U107/><E107/><V117/><F117/><W37/><REACH who="3" step="1"/><G11/><AGARI ba="1,1" hai="2,7,11,36,41,44,48,52,57,68,69,82,87,91" machi="11" ten="40,2600,0" yaku="1,1,54,1,53,0" doraHai="100" doraHaiUra="61" who="2" fromWho="3" sc="255,0,380,0,206,39,149,-29" /><INIT seed="4,0,0,4,4,17" ten="255,380,245,120" oya="0" hai0="72,67,4,135,20,51,65,50,54,110,93,120,60" hai1="119,62,91,134,86,45,125,74,21,77,123,88,70" hai2="112,35,75,71,90,107,84,99,97,114,5,104,37" hai3="24,36,31,22,8,108,57,10,15,82,61,126,34"/><T13/><D120/><U106/><E123/><V133/><F71/><W55/><G108/><T117/><D117/><U127/><E119/><V48/><F37/><W115/><G115/><T40/><D110/><U79/><E106/><N who="2" m="40491" /><F35/><W92/><G126/><N who="1" m="48138" /><E134/><V105/><F5/><W39/><G82/><T129/><D72/><U95/><E45/><V49/><F48/><N who="0" m="18474" /><D129/><U113/><E113/><N who="2" m="43627" /><F49/><W122/><G122/><T81/><D135/><U80/><E21/><V58/><F58/><W76/><G76/><N who="1" m="29258" /><E62/><V30/><F30/><W102/><G34/><T111/><D40/><U85/><E70/><V131/><F75/><AGARI ba="0,0" hai="74,75,80,85,86,88,91,95" m="29258,48138" machi="75" ten="30,7700,0" yaku="18,1,34,2,54,1" doraHai="17" who="1" fromWho="2" sc="255,0,380,77,245,-77,120,0" /><INIT seed="5,0,0,0,0,51" ten="255,457,168,120" oya="1" hai0="37,48,15,57,85,65,100,108,19,125,4,3,39" hai1="107,91,66,99,44,89,18,0,22,119,40,98,130" hai2="27,80,122,127,60,116,28,29,49,126,132,105,53" hai3="5,47,58,74,134,79,56,128,25,68,17,77,32"/><U12/><E130/><V111/><F122/><W123/><G123/><T84/><D108/><U103/><E119/><V67/><F116/><W76/><G128/><T101/><D125/><N who="2" m="47626" /><F80/><W87/><G134/><T36/><D4/><U102/><E0/><V6/><F105/><W135/><G135/><T118/><D3/><U38/><REACH who="1" step="1"/><E66/><REACH who="1" ten="255,447,168,120" step="2"/><V120/><F67/><W86/><G74/><T43/><D118/><U23/><E23/><V64/><F64/><W124/><G124/><T9/><D65/><U117/><E117/><V30/><F132/><W45/><G32/><T78/><D9/><U31/><E31/><V55/><F30/><W34/><G34/><T73/><D36/><U26/><E26/><V71/><F27/><W33/><G33/><T69/><D39/><U52/><E52/><V24/><F24/><W106/><G25/><T121/><D37/><U59/><E59/><V113/><F53/><W8/><G58/><T88/><D57/><U110/><E110/><V112/><F111/><W50/><G56/><T133/><D133/><U70/><E70/><V82/><F71/><W109/><G68/><T97/><D69/><U114/><E114/><V75/><F55/><W96/><G109/><T21/><D121/><U72/><E72/><V1/><F120/><W63/><G47/><T92/><D73/><U10/><E10/><V104/><F75/><W11/><G45/><T94/><D48/><U81/><E81/><V46/><F113/><W42/><G50/><T61/><D61/><U14/><E14/><V129/><F49/><W54/><G63/><T62/><D62/><RYUUKYOKU ba="0,1" sc="255,-10,447,30,168,-10,120,-10" hai1="12,18,22,38,40,44,89,91,98,99,102,103,107" /><INIT seed="5,1,1,1,5,12" ten="245,477,158,110" oya="1" hai0="124,76,65,89,121,129,43,115,90,104,91,118,53" hai1="49,42,18,101,51,111,123,106,64,117,122,97,44" hai2="67,119,74,17,27,135,33,50,66,71,8,21,28" hai3="11,96,3,81,55,22,95,134,88,100,59,92,127"/><U132/><E117/><V79/><F119/><W19/><G127/><T25/><D118/><U36/><E111/><V35/><F35/><W85/><G134/><T60/><D124/><U29/><E132/><V78/><F71/><W52/><G3/><T93/><D104/><U2/><E2/><V45/><F135/><W40/><G40/><T10/><D115/><U131/><E29/><V107/><F107/><W48/><G11/><T47/><D129/><U34/><E131/><V4/><F79/><W126/><G126/><T7/><D76/><U41/><E34/><V112/><F112/><W94/><REACH who="3" step="1"/><G55/><REACH who="3" ten="245,477,158,100" step="2"/><T87/><D53/><U86/><E41/><V0/><F8/><W37/><G37/><T77/><D10/><U99/><E123/><V26/><F0/><W32/><G32/><T102/><D43/><U114/><E122/><V1/><F33/><W125/><G125/><T14/><D121/><U84/><E114/><V110/><F1/><W24/><AGARI ba="1,2" hai="19,22,24,48,52,59,81,85,88,92,94,95,96,100" machi="24" ten="20,12000,2" yaku="1,1,0,1,7,1,8,1,52,1,54,2,53,0" doraHai="12" doraHaiUra="57" who="3" fromWho="3" sc="245,-31,477,-61,158,-31,100,143" /><INIT seed="6,0,0,4,5,84" ten="214,416,127,243" oya="2" hai0="21,18,33,120,7,75,32,12,103,46,58,62,98" hai1="134,53,45,126,6,54,4,17,0,113,8,96,88" hai2="50,128,43,116,101,111,92,16,93,55,24,73,117" hai3="30,104,87,56,124,10,122,130,1,108,41,11,125"/><V5/><F73/><W22/><G108/><T94/><D120/><U77/><E126/><N who="3" m="48746" /><G130/><T114/><D114/><U112/><E134/><V31/><F128/><W47/><G1/><T26/><D75/><U2/><E77/><V48/><F111/><W79/><G104/><T74/><D74/><U119/><E119/><V68/><F68/><W121/><G56/><T135/><D135/><U42/><E17/><V51/><F43/><W86/><G86/><T27/><D46/><U80/><E6/><V13/><F5/><W64/><G64/><T65/><D27/><U90/><E2/><V28/><F55/><N who="1" m="21001" /><E80/><V131/><F131/><W102/><G102/><T60/><D60/><U109/><E96/><N who="2" m="59527" /><F117/><W71/><G71/><T81/><D81/><U83/><E83/><V20/><F116/><W72/><G79/><T49/><D49/><N who="2" m="12546" /><V110/><DORA hai="63" /><F110/><W95/><G72/><T3/><D3/><U106/><E106/><V36/><F36/><W67/><G47/><T82/><D82/><U37/><E109/><V107/><F107/><W133/><G41/><T78/><D78/><U97/><E97/><V14/><F93/><W69/><G133/><T15/><D7/><U52/><N who="1" m="21009" /><U19/><DORA hai="23" /><E113/><V40/><F40/><W44/><G44/><T9/><D33/><U57/><E112/><V34/><F34/><W118/><G118/><T35/><D35/><U100/><E0/><V70/><F70/><W59/><G69/><T85/><D32/><U25/><E37/><V115/><F115/><W38/><G38/><T127/><D127/><U132/><E42/><RYUUKYOKU ba="0,0" sc="214,-10,416,-10,127,30,243,-10" hai2="13,14,16,20,24,28,31" /><INIT seed="6,1,0,5,1,101" ten="204,406,157,233" oya="2" hai0="99,122,89,75,102,14,49,74,108,61,72,81,19" hai1="78,79,124,113,51,31,90,111,121,7,65,134,11" hai2="127,125,68,16,129,77,86,98,112,37,97,3,70" hai3="87,133,20,84,47,10,104,32,57,109,80,36,53"/><V119/><F119/><W117/><G109/><T23/><D108/><U116/><E65/><V135/><F37/><W88/><G32/><T17/><D122/><U41/><E90/><V21/><F3/><W42/><G117/><T9/><D61/><U94/><E31/><V12/><F112/><W40/><G40/><T43/><D43/><U76/><E94/><V15/><F135/><W118/><G118/><T39/><D49/><U52/><E121/><V132/><F132/><W1/><G104/><T95/><D39/><U107/><E116/><V48/><F129/><W82/><G20/><T85/><REACH who="0" step="1"/><D75/><REACH who="0" ten="194,406,157,233" step="2"/><U100/><E111/><V50/><F50/><W22/><G36/><T46/><D46/><U126/><E51/><V5/><F48/><W83/><G42/><T128/><D128/><U64/><E41/><V60/><F60/><W33/><G47/><T123/><D123/><U25/><E134/><V130/><F130/><W120/><G120/><T131/><D131/><U0/><E124/><N who="2" m="47691" /><F70/><W114/><G133/><T96/><D96/><U44/><E126/><V106/><F68/><W63/><G63/><T29/><D29/><U27/><E44/><V45/><F45/><W54/><G114/><T6/><D6/><U35/><E7/><V93/><F106/><W18/><G57/><T8/><D8/><U4/><E11/><N who="2" m="4591" /><F93/><W105/><G105/><T115/><D115/><U103/><E107/><V92/><F92/><W71/><G71/><T38/><D38/><U59/><E113/><V58/><F58/><W62/><G62/><T26/><AGARI ba="1,1" hai="9,14,17,19,23,26,72,74,81,85,89,95,99,102" machi="26" ten="20,2700,0" yaku="1,1,0,1,7,1,53,0" doraHai="101" doraHaiUra="24" who="0" fromWho="0" sc="194,40,406,-8,157,-14,233,-8" /><INIT seed="7,0,0,4,3,85" ten="234,398,143,225" oya="3" hai0="94,109,76,0,131,12,14,71,75,120,70,110,104" hai1="44,22,105,65,87,5,83,33,99,115,127,41,55" hai2="72,24,53,61,4,15,108,35,29,52,66,90,102" hai3="2,123,133,11,112,78,92,86,27,121,1,84,74"/><W111/><G112/><T113/><D76/><U117/><E33/><V93/><F108/><W119/><G119/><T122/><D75/><U26/><E65/><V128/><F128/><W50/><G111/><T130/><D94/><U3/><E117/><V58/><F72/><W38/><G38/><T103/><D103/><U89/><E127/><V64/><F102/><W18/><G133/><T118/><D118/><U9/><E115/><V98/><REACH who="2" step="1"/><F64/><REACH who="2" ten="234,398,133,225" step="2"/><W82/><G74/><T79/><D131/><U96/><E55/><V45/><F45/><W30/><G123/><T77/><D130/><U43/><E105/><V80/><F80/><W36/><G121/><T97/><D104/><U32/><E32/><V63/><F63/><W13/><G82/><T69/><D110/><U19/><E43/><V68/><F68/><W21/><G92/><T31/><D70/><U132/><E132/><V124/><F124/><W34/><G34/><T126/><D71/><U8/><E8/><V39/><F39/><W47/><G36/><T37/><D69/><U81/><E83/><V101/><F101/><W62/><G62/><T40/><D37/><AGARI ba="0,1" hai="3,5,9,19,22,26,37,41,44,81,87,89,96,99" machi="37" ten="30,2000,0" yaku="7,1,52,1" doraHai="85" who="1" fromWho="0" sc="234,-20,398,30,133,0,225,0" owari="214,-19.0,428,53.0,133,-37.0,225,3.0" /></mjloggm>