<mjloggm ver="2.3"><GO type="97" lobby="0"/><UN n0="%69%64%67%6F%72%75%66%75" n1="%E3%83%88%E3%83%88%E3%83%AA%E5%85%88%E7%94%9F%31%39%E6%AD%B3" n2="%75%69%69%70%67" n3="%41%55%2D%CE%B1%36%30%37" dan="15,15,13,13" rate="1935.64,2010.70,1845.02,1961.05" sx="M,F,M,M"/><TAIKYOKU oya="0"/><INIT seed="0,0,0,2,5,40" ten="250,250,250,250" oya="0" hai0="91,71,80,114,45,55,90,51,95,89,41,68,4" hai1="75,108,27,62,119,0,32,74,37,117,118,39,125" hai2="34,69,120,102,134,72,105,79,93,36,67,70,103" hai3="100,5,94,7,14,110,97,17,31,28,78,109,13"/><T3/><D114/><U84/><E0/><V131/><F120/><W53/><G78/><T60/><D80/><U86/><E108/><N who="3" m="41578" /><G53/><T57/><D3/><U123/><E123/><V10/><F93/><W63/><G63/><T85/><D4/><N who="3" m="1609" /><G14/><T42/><D41/><U127/><E62/><N who="2" m="40183" /><F10/><AGARI ba="0,0" hai="10,13,17,28,31,94,97,100" m="1609,41578" machi="10" ten="30,1000,0" yaku="14,1" doraHai="40" who="3" fromWho="2" sc="250,0,250,0,250,-10,250,10" /><INIT seed="1,0,0,1,5,104" ten="250,250,240,260" oya="1" hai0="62,29,113,46,88,60,120,25,128,95,127,75,69" hai1="92,16,30,102,73,101,13,34,131,2,77,6,37" hai2="58,12,14,24,53,40,96,18,71,41,9,17,83" hai3="98,109,0,124,10,100,105,118,123,135,48,117,26"/><U42/><E131/><V66/><F71/><W20/><G123/><T85/><D120/><U68/><E68/><V4/><F24/><W35/><G135/><T39/><D128/><U108/><E108/><V122/><F122/><W64/><G109/><T70/><D127/><U78/><E92/><V103/><F83/><W114/><G114/><T63/><D113/><U81/><E78/><V32/><F32/><W93/><G124/><T28/><D75/><U133/><E133/><V51/><F66/><W27/><G35/><T125/><D125/><U3/><E30/><V132/><F132/><W79/><G64/><T21/><REACH who="0" step="1"/><D29/><REACH who="0" ten="240,250,240,260" step="2"/><U15/><E73/><V7/><F4/><W74/><G74/><T82/><D82/><U23/><E81/><V90/><F7/><W49/><G79/><T106/><D106/><U38/><E77/><V97/><F90/><W91/><G91/><T50/><D50/><U72/><E72/><V80/><F80/><W19/><G105/><T129/><D129/><U110/><E6/><V134/><F134/><W65/><G49/><T36/><D36/><U8/><E110/><V47/><F103/><W22/><G48/><T52/><D52/><U57/><E101/><V84/><F41/><AGARI ba="0,1" hai="21,25,28,39,41,46,60,62,63,69,70,85,88,95" machi="41" ten="40,2600,0" yaku="1,1,54,1,53,0" doraHai="104" doraHaiUra="111" who="0" fromWho="2" sc="240,36,250,0,240,-26,260,0" /><INIT seed="2,0,0,4,2,80" ten="276,250,214,260" oya="2" hai0="67,23,96,10,36,59,101,63,134,17,48,66,45" hai1="15,131,79,108,52,60,29,3,35,76,112,87,42" hai2="61,95,102,106,20,11,69,117,122,7,84,72,65" hai3="104,81,77,126,6,123,40,25,132,22,33,53,5"/><V38/><F38/><W100/><G123/><T113/><D113/><U127/><E112/><V82/><F122/><W18/><G33/><T12/><D134/><U92/><E3/><V115/><F117/><W129/><G129/><T54/><D36/><U133/><E133/><V94/><F115/><W98/><G132/><T109/><D109/><U75/><E75/><V27/><F72/><W78/><G78/><N who="1" m="29738" /><E35/><V111/><F111/><W97/><G97/><T99/><D67/><U28/><E108/><V89/><F102/><W124/><G40/><T86/><D101/><U91/><E42/><V19/><REACH who="2" step="1"/><F106/><REACH who="2" ten="276,250,204,260" step="2"/><W51/><G104/><T56/><D45/><U24/><E131/><V71/><F71/><W57/><G100/><T8/><D99/><U88/><E127/><N who="3" m="48682" /><G98/><T37/><D96/><N who="1" m="57351" /><E24/><V74/><F74/><AGARI ba="0,1" hai="5,6,18,22,25,51,53,57,74,77,81" m="48682" machi="74" ten="30,1000,0" yaku="18,1" doraHai="80" who="3" fromWho="2" sc="276,0,250,0,204,-10,260,20" /><INIT seed="3,0,0,2,3,127" ten="276,250,194,280" oya="3" hai0="116,36,94,60,95,22,42,69,97,96,9,87,114" hai1="84,102,91,23,58,52,135,104,109,70,26,55,131" hai2="14,3,75,85,88,89,34,8,118,99,11,0,124" hai3="5,53,33,40,16,41,7,93,30,80,130,113,112"/><W21/><G130/><T57/><D116/><U74/><E70/><V18/><F118/><W83/><G33/><T44/><D114/><U78/><E109/><V86/><F75/><W47/><G30/><T107/><D69/><U54/><E135/><V71/><F34/><W48/><G93/><T132/><D132/><U66/><E131/><V19/><F71/><W134/><G134/><T12/><D107/><U63/><E74/><V126/><F99/><W129/><G129/><T101/><D87/><U38/><E38/><V100/><F100/><W90/><G113/><T25/><D12/><AGARI ba="0,0" hai="0,3,8,11,12,14,18,19,85,86,88,89,124,126" machi="12" ten="25,3200,0" yaku="22,2,54,1" doraHai="127" who="2" fromWho="0" sc="276,-32,250,0,194,32,280,0" /><INIT seed="4,0,0,4,5,30" ten="244,250,226,280" oya="0" hai0="52,97,44,55,99,45,14,39,91,48,92,86,6" hai1="94,108,33,78,129,113,8,68,131,34,5,19,90" hai2="100,74,28,87,20,40,124,31,70,121,105,61,111" hai3="60,43,135,123,62,122,75,12,36,73,47,59,106"/><T127/><D127/><U65/><E108/><V66/><F121/><N who="3" m="46091" /><G106/><T46/><D39/><U114/><E19/><V104/><F74/><W41/><G12/><T79/><D79/><U16/><E16/><V17/><F124/><W29/><G29/><T85/><D99/><N who="1" m="57815" /><E78/><V35/><F111/><W11/><G11/><N who="0" m="4471" /><D55/><U115/><E65/><V84/><F40/><W98/><G41/><T134/><D134/><U110/><E68/><V101/><F105/><W126/><G126/><T93/><D85/><U88/><E88/><AGARI ba="0,0" hai="44,45,46,48,52,86,88,91,92,93,97" m="4471" machi="88" ten="30,5800,0" yaku="8,1,54,2" doraHai="30" who="0" fromWho="1" sc="244,58,250,-58,226,0,280,0" owari="302,40.0,192,-31.0,226,-17.0,280,8.0" /></mjloggm>