<mjloggm ver="2.3"><GO type="169" lobby="0"/><UN n0="%E3%81%8A%E3%81%98%E3%81%95%E3%82%93" n1="%E3%82%A6%E3%83%AB%E3%83%88%E3%83%A9%E7%AB%8B%E7%9B%B4" n2="%E3%81%8D%E3%81%BE%E3%81%99" n3="%E9%AC%BC%E5%8F%A3%E3%81%BE%E3%81%93%E3%81%A8" dan="16,16,17,16" rate="2188.46,2127.24,2182.97,2077.99" sx="M,M,M,M"/><TAIKYOKU oya="0"/><INIT seed="0,0,0,5,2,127" ten="250,250,250,250" oya="0" hai0="87,14,132,10,54,43,47,36,101,95,110,68,114" hai1="58,26,9,18,108,64,130,29,118,21,4,107,66" hai2="20,112,44,102,2,69,37,131,90,50,1,89,33" hai3="113,6,124,0,93,5,74,40,104,128,105,31,28"/><T3/><D114/><U25/><E107/><V51/><F33/><W111/><G93/><T62/><D132/><U32/><E118/><V77/><F69/><W17/><G40/><T122/><D122/><U78/><E108/><V61/><F61/><W24/><G74/><T125/><D125/><U92/><E78/><V119/><F112/><W84/><G124/><T39/><D39/><U100/><E58/><V70/><F70/><W52/><G84/><T55/><D3/><U134/><E134/><V126/><F126/><W98/><G24/><T79/><D110/><U30/><E18/><V53/><F37/><W8/><G17/><T133/><D133/><U97/><E130/><V83/><F102/><W85/><G85/><T48/><D79/><U116/><REACH who="1" step="1"/><E116/><REACH who="1" ten="250,240,250,250" step="2"/><V76/><F131/><W41/><G128/><T35/><D68/><U15/><AGARI ba="0,1" hai="4,9,15,21,25,26,29,30,32,64,66,92,97,100" machi="15" ten="20,5200,0" yaku="1,1,2,1,0,1,7,1,53,0" doraHai="127" doraHaiUra="109" who="1" fromWho="1" sc="250,-26,240,62,250,-13,250,-13" /><INIT seed="1,0,0,1,5,4" ten="224,302,237,237" oya="1" hai0="73,93,44,86,80,25,70,63,14,103,59,72,126" hai1="9,135,94,29,30,111,99,33,10,120,35,102,90" hai2="45,79,8,118,55,112,123,53,101,62,7,36,41" hai3="12,106,78,28,1,121,65,27,5,117,134,75,24"/><U39/><E39/><V128/><F118/><W133/><G106/><T31/><D126/><U6/><E120/><V115/><F128/><W100/><G100/><T68/><D44/><U85/><E135/><N who="3" m="51722" /><G65/><T91/><D72/><U11/><E111/><V129/><F129/><W127/><G121/><T38/><D38/><U92/><REACH who="1" step="1"/><E6/><REACH who="1" ten="224,292,237,237" step="2"/><V15/><F123/><W3/><G117/><T116/><D116/><U0/><E0/><V69/><F112/><W87/><G3/><T18/><D73/><U42/><E42/><V88/><F115/><W26/><G1/><T58/><D70/><U21/><E21/><V81/><F101/><W96/><G75/><T51/><D68/><U40/><E40/><V89/><F69/><W32/><G127/><T56/><D103/><U22/><E22/><V107/><F107/><W13/><G5/><T57/><D51/><U130/><E130/><V46/><F62/><W84/><G32/><AGARI ba="0,1" hai="9,10,11,29,30,32,33,35,85,90,92,94,99,102" machi="32" ten="40,12000,1" yaku="1,1,52,3,53,0" doraHai="4" doraHaiUra="108" who="1" fromWho="3" sc="224,0,292,130,237,0,237,-120" /><INIT seed="1,1,0,4,0,86" ten="224,422,237,117" oya="1" hai0="26,30,23,120,135,94,74,65,124,73,72,116,105" hai1="14,111,59,109,81,108,118,104,69,7,106,127,18" hai2="34,71,130,19,101,129,77,61,45,76,89,55,1" hai3="21,100,97,132,0,60,88,29,42,49,12,80,68"/><U35/><E69/><V4/><F101/><W28/><G0/><T27/><D116/><U33/><E118/><V114/><F34/><N who="1" m="12809" /><E127/><V56/><F114/><W123/><G132/><T41/><D135/><U98/><E7/><V119/><F119/><W85/><G123/><T6/><D120/><U64/><E98/><V133/><F71/><W107/><G42/><T16/><D105/><U75/><E59/><V122/><F122/><W50/><G29/><T90/><D124/><U20/><E64/><V48/><F19/><W46/><G46/><T17/><D65/><U44/><E44/><V13/><F1/><W102/><G102/><T39/><D6/><U78/><AGARI ba="1,0" hai="14,18,20,75,78,81,104,106,108,109,111" m="12809" machi="78" ten="40,3900,0" yaku="14,1,10,1" doraHai="86" who="1" fromWho="1" sc="224,-14,422,42,237,-14,117,-14" /><INIT seed="1,2,0,0,2,121" ten="210,464,223,103" oya="1" hai0="72,55,92,27,80,61,60,66,117,101,21,14,98" hai1="68,10,26,123,0,31,100,12,36,108,64,7,28" hai2="83,15,5,69,18,51,53,59,54,89,81,131,67" hai3="20,3,30,37,52,134,58,45,130,86,77,50,62"/><U22/><E36/><V135/><F5/><W70/><G3/><T132/><D117/><U25/><E100/><V42/><F42/><W127/><G127/><T38/><D38/><U111/><E123/><V71/><F135/><W93/><G134/><T43/><D132/><U44/><E44/><V103/><F103/><W115/><G130/><T91/><D43/><U133/><E133/><V128/><F67/><W41/><G115/><T19/><D55/><U40/><E40/><V116/><F116/><W33/><G33/><T88/><D66/><U79/><E79/><V105/><F105/><W24/><G77/><T109/><D109/><N who="1" m="42059" /><E68/><V102/><F69/><W74/><G74/><T47/><D47/><U113/><E64/><V76/><F102/><W84/><G93/><T48/><D48/><U110/><N who="1" m="42067" /><U63/><DORA hai="2" /><E63/><V56/><F71/><W17/><G17/><T46/><D46/><U16/><E113/><V13/><F76/><W6/><G6/><T87/><D72/><U4/><E0/><V34/><F128/><W78/><G78/><T107/><D107/><U95/><E95/><V119/><F131/><W94/><G94/><T8/><REACH who="0" step="1"/><D101/><REACH who="0" ten="200,464,223,103" step="2"/><U124/><E124/><V35/><F119/><W85/><REACH who="3" step="1"/><G70/><REACH who="3" ten="200,464,223,93" step="2"/><T32/><D32/><AGARI ba="2,2" hai="4,7,10,12,16,22,25,26,28,31,32" m="42067" machi="32" ten="40,36000,4" yaku="14,1,10,1,34,2,52,6,54,1" doraHai="121,2" who="1" fromWho="0" sc="200,-366,464,386,223,0,93,0" owari="-166,-67.0,850,96.0,223,2.0,93,-31.0" /></mjloggm>