<mjloggm ver="2.3"><GO type="97" lobby="0"/><UN n0="%31%36%31%35%32%36%31%33" n1="%E4%B8%89%E8%89%B2%E4%B8%89%E7%AF%80%E9%AB%98" n2="%E6%A0%97%E3%83%8D%E3%83%BC%E3%83%AB" n3="%E5%B0%B1%E6%B4%BB%E7%94%9F%40%E5%B7%9D%E6%9D%91%E8%BB%8D%E5%9B%A3" dan="13,13,14,15" rate="1871.80,1852.63,1879.43,1997.02" sx="M,M,F,M"/><TAIKYOKU oya="0"/><INIT seed="0,0,0,5,2,17" ten="250,250,250,250" oya="0" hai0="24,123,68,131,3,85,72,22,96,51,93,135,66" hai1="0,12,11,78,90,70,8,112,128,75,30,60,106" hai2="97,31,132,87,35,5,127,59,76,65,89,47,48" hai3="45,100,98,55,119,104,54,81,118,94,37,67,122"/><T82/><D123/><U32/><E128/><V115/><F5/><W29/><G122/><T16/><D3/><U19/><E112/><V71/><F31/><W63/><G29/><T49/><D72/><U107/><E90/><V9/><F35/><W44/><G81/><T110/><D110/><U46/><E46/><V41/><F9/><W133/><G133/><T86/><D135/><U20/><E11/><V109/><F76/><W21/><G104/><T1/><D1/><U114/><E114/><V101/><F71/><W64/><G64/><T73/><D73/><U113/><E113/><V43/><F115/><W108/><G108/><T80/><D131/><U91/><E91/><V134/><F109/><W79/><G79/><T10/><D10/><U84/><E75/><V4/><F4/><W121/><G121/><T57/><D68/><U38/><E38/><V117/><F117/><W103/><G103/><T14/><D14/><U39/><E39/><V13/><F101/><W88/><G100/><N who="0" m="60431" /><D66/><N who="1" m="41287" /><E84/><N who="0" m="32361" /><D57/><U126/><E78/><V58/><F13/><W7/><G7/><T92/><D92/><U15/><E126/><V42/><F58/><W69/><G69/><T28/><D28/><U2/><E2/><V125/><F59/><W27/><G67/><T99/><D99/><U62/><E62/><V124/><F132/><W83/><G63/><T23/><D23/><U95/><E95/><V34/><F134/><W130/><G130/><T53/><D53/><N who="3" m="19977" /><G83/><AGARI ba="0,0" hai="16,22,24,49,51,80,82,83" m="32361,60431" machi="83" ten="30,5800,0" yaku="8,1,52,1,54,1" doraHai="17" who="0" fromWho="3" sc="250,58,250,0,250,0,250,-58" /><INIT seed="0,1,0,0,4,105" ten="308,250,250,192" oya="0" hai0="70,81,89,4,86,130,77,17,131,98,39,5,78" hai1="28,117,19,66,108,7,12,113,84,114,6,128,59" hai2="102,119,38,52,104,125,116,101,49,72,61,43,83" hai3="54,82,21,45,75,46,85,93,53,8,67,126,91"/><T94/><D70/><U64/><E108/><V11/><F125/><W14/><G126/><T1/><D39/><U73/><E117/><N who="2" m="45131" /><F61/><W56/><G67/><T71/><D71/><U100/><E128/><N who="0" m="49193" /><D17/><U41/><E41/><V111/><F104/><W48/><G21/><T88/><D1/><U40/><E40/><V99/><F99/><W95/><G75/><N who="0" m="43199" /><D4/><N who="1" m="1579" /><E73/><V2/><F2/><W10/><G10/><T37/><D5/><U80/><E28/><V112/><F11/><W3/><G3/><T57/><D37/><U51/><E100/><V58/><F112/><N who="1" m="43113" /><E51/><V42/><F111/><W9/><G9/><T120/><D120/><U90/><E59/><V20/><F20/><AGARI ba="1,0" hai="12,19,20,64,66,80,84,90" m="43113,1579" machi="20" ten="30,1000,0" yaku="11,1" doraHai="105" who="1" fromWho="2" sc="308,0,250,13,250,-13,192,0" /><INIT seed="1,0,0,3,4,29" ten="308,263,237,192" oya="1" hai0="63,114,66,77,133,38,127,67,50,39,76,87,64" hai1="13,28,120,20,68,75,121,47,74,16,101,65,107" hai2="59,60,99,132,115,124,46,8,78,111,4,108,54" hai3="55,34,15,134,53,86,130,97,43,31,98,52,45"/><U83/><E75/><V32/><F78/><W94/><G130/><T61/><D114/><U91/><E28/><V79/><F115/><W105/><G134/><T26/><D26/><U14/><E47/><V109/><F79/><W7/><G105/><T6/><D6/><U0/><E0/><N who="2" m="7" /><F99/><W11/><G86/><T72/><D87/><U3/><E3/><V125/><F132/><W19/><G7/><T37/><D133/><U88/><E13/><V33/><F46/><W85/><G85/><T122/><D72/><U22/><E22/><V5/><F5/><W58/><G58/><T35/><D122/><U126/><E126/><AGARI ba="0,0" hai="32,33,54,59,60,108,109,111,124,125,126" m="7" machi="126" ten="40,8000,1" yaku="14,1,18,1,52,2" doraHai="29" who="2" fromWho="1" sc="308,0,263,-80,237,80,192,0" /><INIT seed="2,0,0,2,2,38" ten="308,183,317,192" oya="2" hai0="104,103,131,9,2,75,24,86,32,10,91,39,51" hai1="134,108,125,127,97,70,49,27,66,110,116,107,105" hai2="56,135,42,0,121,130,45,84,87,128,102,106,21" hai3="5,22,123,94,52,36,4,31,20,101,54,58,16"/><V98/><F0/><W74/><G36/><T85/><D39/><U111/><E116/><V78/><F121/><W83/><G123/><T48/><D75/><U64/><E27/><V26/><F78/><W90/><G74/><T43/><D104/><N who="1" m="40011" /><E97/><V76/><F56/><W59/><G101/><T40/><D103/><U61/><E134/><V133/><F76/><W18/><G31/><T23/><D32/><U95/><E95/><V88/><F84/><N who="0" m="32362" /><D91/><U62/><E49/><N who="0" m="19017" /><D131/><N who="2" m="50218" /><F21/><W99/><G83/><T120/><D2/><U12/><E12/><V33/><F26/><N who="3" m="14599" /><G58/><AGARI ba="0,0" hai="58,61,62,64,66,70,108,110,111,125,127" m="40011" machi="58" ten="40,1300,0" yaku="14,1" doraHai="38" who="1" fromWho="3" sc="308,0,183,13,317,0,192,-13" /><INIT seed="3,0,0,2,2,116" ten="308,196,317,179" oya="3" hai0="37,110,99,121,66,26,118,16,8,91,79,6,10" hai1="41,12,51,46,60,71,33,24,109,101,56,0,78" hai2="72,9,30,102,130,52,5,77,70,134,69,84,88" hai3="58,23,39,103,15,59,4,50,20,19,107,126,83"/><W117/><G117/><T53/><D118/><U108/><E0/><V17/><F30/><W120/><G39/><T7/><D110/><N who="1" m="42603" /><E71/><V86/><F102/><W73/><G126/><T135/><D121/><U133/><E133/><V92/><F17/><W122/><G4/><T47/><D79/><U125/><E125/><V62/><F72/><W76/><G23/><T42/><D66/><U18/><E78/><V74/><F130/><W75/><G75/><T14/><D53/><N who="1" m="33807" /><E101/><V40/><F74/><W112/><G112/><T54/><D54/><U87/><E87/><V123/><F40/><W49/><G59/><T127/><D135/><U124/><E124/><V113/><F134/><W104/><G104/><T80/><D127/><U94/><E94/><V32/><F84/><W44/><G58/><T48/><D37/><U119/><E119/><V38/><F77/><W111/><G111/><T11/><D26/><U100/><E100/><V55/><F38/><W25/><G50/><T3/><D3/><U65/><E65/><V115/><F69/><W2/><G2/><T35/><D35/><U64/><E64/><V31/><F32/><W105/><G105/><T27/><D27/><U129/><E129/><V13/><F70/><W28/><G103/><T36/><D36/><U68/><E68/><V57/><F113/><W67/><G67/><T85/><D99/><U131/><E33/><V90/><F115/><W63/><G63/><T81/><D81/><U96/><E96/><V1/><F62/><W34/><G107/><T97/><D97/><U98/><E98/><V82/><F1/><RYUUKYOKU ba="0,0" sc="308,15,196,-15,317,-15,179,15" hai0="6,7,8,10,11,14,16,42,47,48,80,85,91" hai3="15,19,20,25,28,34,44,49,73,76,83,120,122" /><INIT seed="3,1,0,4,4,97" ten="323,181,302,194" oya="3" hai0="129,63,128,83,23,13,62,87,37,134,109,66,115" hai1="47,34,96,44,123,9,82,52,31,38,48,76,32" hai2="49,60,12,22,57,125,20,43,10,98,81,42,104" hai3="99,121,0,46,111,113,6,4,14,119,93,90,127"/><W130/><G0/><T88/><D115/><U112/><E112/><V67/><F125/><W108/><G119/><T105/><D109/><N who="3" m="42057" /><G113/><T101/><D37/><U3/><E123/><V131/><F131/><N who="0" m="50250" /><D134/><U30/><E96/><V29/><F81/><W78/><G121/><T11/><D23/><U75/><E31/><V71/><F29/><W124/><G130/><T56/><D63/><U68/><E30/><V39/><F43/><W18/><G78/><T132/><D132/><U40/><E68/><V2/><F2/><W107/><G107/><T16/><D101/><U95/><E95/><V80/><F80/><W94/><G94/><T85/><D85/><U110/><E110/><V77/><F77/><W114/><G114/><T106/><AGARI ba="1,0" hai="11,13,16,56,62,66,83,87,88,105,106" m="50250" machi="106" ten="30,4000,0" yaku="19,1,54,2" doraHai="97" who="0" fromWho="0" sc="323,43,181,-11,302,-11,194,-21" owari="366,47.0,170,-33.0,291,9.0,173,-23.0" /></mjloggm>