<mjloggm ver="2.3"><GO type="41" lobby="0"/><UN n0="%53%61%64%53%74%6F%72%79" n1="%E5%B0%B1%E6%B4%BB%E7%94%9F%40%E5%B7%9D%E6%9D%91%E8%BB%8D%E5%9B%A3" n2="%E3%81%82%E3%82%89%E3%81%9F%E3%81%9D" n3="%E3%83%A9%E3%83%83%E3%82%AD%E3%83%BC%EF%BC%A4" dan="14,15,15,14" rate="2123.21,2071.32,2020.95,1901.43" sx="M,M,F,M"/><TAIKYOKU oya="0"/><INIT seed="0,0,0,4,5,63" ten="250,250,250,250" oya="0" hai0="120,86,55,99,15,6,47,100,2,22,31,103,114" hai1="84,61,37,121,53,10,95,65,9,124,1,107,46" hai2="128,83,69,92,96,70,129,42,8,118,43,12,126" hai3="26,106,33,40,130,117,111,38,81,101,85,41,16"/><T131/><D114/><U60/><E107/><V125/><F83/><W98/><G111/><T23/><D23/><U64/><E121/><V45/><F118/><W49/><G117/><T134/><D120/><U52/><E124/><N who="2" m="47723" /><F12/><W4/><G130/><N who="2" m="50281" /><F8/><N who="1" m="3177" /><E1/><V80/><F80/><W62/><G38/><T54/><D15/><U57/><E37/><N who="2" m="21711" /><F43/><W20/><G4/><T29/><D6/><U27/><E27/><V14/><F14/><W90/><G33/><T50/><D2/><U32/><E32/><V25/><F25/><W13/><G26/><T66/><D131/><U88/><E46/><V119/><F119/><W108/><G108/><T87/><D47/><U113/><E113/><V127/><N who="2" m="47731" /><V77/><DORA hai="0" /><F77/><W67/><REACH who="3" step="1"/><G49/><REACH who="3" ten="250,250,250,240" step="2"/><T82/><D50/><U73/><E73/><V51/><F51/><W24/><G24/><T91/><D91/><AGARI ba="0,1" hai="69,70,91,92,96" m="21711,50281,47731" machi="91" ten="40,2600,0" yaku="18,1,19,1" doraHai="63,0" who="2" fromWho="0" sc="250,-26,250,0,250,36,240,0" /><INIT seed="1,0,0,4,0,27" ten="224,250,286,240" oya="1" hai0="107,55,121,70,68,50,18,61,127,112,8,110,0" hai1="29,85,9,48,43,21,24,120,42,19,22,89,39" hai2="45,78,105,60,63,115,103,6,128,125,32,93,38" hai3="65,72,114,106,102,80,116,100,84,82,58,47,3"/><U62/><E120/><V88/><F125/><W14/><G3/><T97/><D112/><U75/><E75/><V118/><F118/><W34/><G114/><T59/><D121/><U30/><E39/><V135/><F115/><W130/><G130/><T124/><D110/><U37/><E37/><V132/><F32/><W51/><G34/><T92/><D107/><U7/><E62/><V77/><F128/><W74/><G116/><T56/><D0/><U53/><E7/><V95/><F105/><W131/><G131/><T54/><D18/><U15/><E22/><V1/><F1/><W94/><G65/><T13/><D13/><U108/><E108/><V11/><F11/><W69/><G58/><T28/><D8/><U23/><E23/><V26/><F26/><W73/><G69/><T41/><D41/><U122/><E122/><V4/><F45/><W2/><G2/><T35/><D124/><U52/><E30/><V44/><F44/><W99/><G14/><T87/><D87/><U81/><E53/><V83/><F38/><W71/><G71/><T46/><D127/><U123/><E123/><V17/><F83/><W57/><G57/><AGARI ba="0,0" hai="9,15,19,21,24,29,42,43,48,52,57,81,85,89" machi="57" ten="30,11600,0" yaku="7,1,8,1,52,1,54,1" doraHai="27" who="1" fromWho="3" sc="224,0,250,116,286,0,240,-116" /><INIT seed="1,1,0,1,3,43" ten="224,366,286,124" oya="1" hai0="25,131,125,78,40,135,46,124,60,126,45,107,82" hai1="56,72,7,93,130,50,57,84,99,71,88,19,48" hai2="89,24,31,114,112,103,52,26,6,86,0,118,117" hai3="104,76,119,73,69,53,42,87,110,100,83,11,55"/><U116/><E72/><V21/><F103/><W36/><G110/><T127/><D107/><U17/><E71/><V134/><F134/><W132/><G69/><T49/><D135/><U22/><E116/><V35/><F52/><W95/><G132/><T18/><N who="0" m="31744" /><DORA hai="13" /><T61/><D131/><U63/><E130/><V122/><F122/><W15/><G119/><T96/><D96/><U2/><E2/><V81/><F6/><W101/><G101/><T33/><D46/><U108/><E108/><V91/><F0/><W70/><G70/><T1/><D1/><U98/><E7/><V5/><F5/><W34/><G34/><T80/><D80/><U123/><E123/><V77/><F117/><W79/><G79/><T109/><D109/><U59/><E63/><V133/><F133/><W16/><G36/><T8/><D8/><U10/><E10/><V44/><F44/><W58/><G42/><T30/><REACH who="0" step="1"/><D18/><REACH who="0" ten="214,366,286,124" step="2"/><N who="1" m="6667" /><E22/><V39/><F21/><W38/><G38/><T92/><D92/><N who="1" m="54279" /><E99/><V4/><F39/><W65/><G11/><T111/><D111/><U3/><E3/><V75/><F118/><W62/><G104/><T23/><D23/><U102/><AGARI ba="1,1" hai="48,50,56,57,59,93,98,102" m="54279,6667" machi="102" ten="30,12000,1" yaku="8,1,52,3,54,1" doraHai="43,13" who="1" fromWho="1" sc="214,-41,366,133,286,-41,124,-41" /><INIT seed="1,2,0,0,1,20" ten="173,499,245,83" oya="1" hai0="103,83,27,6,16,13,45,99,48,61,122,11,107" hai1="97,129,41,72,70,1,34,57,23,9,31,30,71" hai2="120,28,100,89,108,102,62,66,43,32,26,96,105" hai3="52,112,76,115,65,47,85,74,84,93,113,88,131"/><U69/><E72/><V91/><F120/><W75/><G65/><T67/><D122/><U53/><E129/><V94/><F108/><W50/><REACH who="3" step="1"/><G131/><REACH who="3" ten="173,499,245,73" step="2"/><T49/><D67/><U104/><E71/><N who="2" m="42455" /><F43/><W123/><G123/><T63/><D48/><U79/><E70/><V54/><F54/><W130/><G130/><T73/><D73/><U24/><E69/><V95/><F95/><W17/><G17/><T3/><D83/><AGARI ba="2,1" hai="47,50,52,74,75,76,83,84,85,88,93,112,113,115" machi="83" ten="40,5200,0" yaku="1,1,54,2,53,0" doraHai="20" doraHaiUra="127" who="3" fromWho="0" sc="173,-58,499,0,245,0,73,68" /><INIT seed="2,0,0,5,1,66" ten="115,499,245,141" oya="2" hai0="93,75,80,91,29,4,133,18,90,41,14,23,92" hai1="115,108,109,132,5,37,30,54,60,97,22,124,87" hai2="17,128,49,121,104,131,33,1,95,98,88,69,84" hai3="105,85,52,74,135,8,125,100,101,46,117,31,77"/><V0/><F121/><W76/><G117/><T103/><D133/><U122/><E37/><V123/><F123/><W34/><G34/><T70/><D70/><U39/><E39/><V11/><F69/><W126/><G31/><T113/><D113/><U112/><E5/><V43/><F33/><W81/><G8/><T89/><D41/><U62/><E97/><V16/><F43/><W120/><G120/><T51/><D51/><U32/><E32/><V40/><F40/><W78/><G46/><T83/><D4/><U61/><E87/><V57/><F49/><W110/><G52/><T72/><D29/><U19/><E30/><V7/><F0/><W28/><G28/><T50/><D50/><U20/><E122/><V130/><F57/><W6/><G6/><T116/><D14/><U79/><E79/><N who="3" m="30282" /><G135/><T73/><D18/><N who="2" m="7274" /><F104/><W127/><G110/><N who="1" m="42602" /><E124/><V59/><F59/><W118/><G118/><T96/><D23/><N who="1" m="8747" /><E19/><V82/><F98/><N who="3" m="61591" /><G101/><T63/><D63/><U114/><E132/><V47/><F47/><W36/><G36/><T38/><D38/><U58/><AGARI ba="0,0" hai="54,58,60,61,62,112,114,115" m="8747,42602" machi="58" ten="40,1500,0" yaku="14,1" doraHai="66" who="1" fromWho="1" sc="115,-4,499,15,245,-7,141,-4" /><INIT seed="3,0,0,5,0,87" ten="111,514,238,137" oya="3" hai0="86,52,41,131,134,104,29,98,114,115,122,55,116" hai1="133,125,39,126,74,97,80,63,81,68,123,59,36" hai2="90,70,71,8,26,43,38,18,111,0,94,89,45" hai3="61,127,11,135,42,58,77,79,124,73,78,15,48"/><W84/><G73/><T66/><D122/><U7/><E68/><V1/><F1/><W64/><G135/><T109/><D116/><U99/><E123/><V37/><F37/><N who="1" m="14409" /><E133/><V103/><F111/><W88/><G48/><T46/><D109/><U91/><E74/><V93/><F103/><W113/><G42/><T25/><D131/><U23/><E23/><V65/><F65/><W10/><G113/><N who="0" m="43019" /><D134/><U3/><E3/><V2/><F2/><W14/><G14/><T33/><D66/><N who="1" m="39295" /><E7/><V34/><F34/><W128/><G128/><T105/><D98/><N who="1" m="37387" /><E91/><V120/><F0/><W50/><G50/><N who="0" m="26959" /><D86/><U21/><E21/><V57/><F26/><W129/><G129/><T47/><D47/><U100/><E100/><V9/><F9/><W75/><G75/><T53/><AGARI ba="0,0" hai="25,29,33,52,53,55,104,105" m="26959,43019" machi="53" ten="30,2000,0" yaku="11,1,54,1" doraHai="87" who="0" fromWho="0" sc="111,20,514,-5,238,-5,137,-10" /><INIT seed="4,0,0,4,4,40" ten="131,509,233,127" oya="0" hai0="97,66,5,88,84,22,132,49,90,93,134,46,135" hai1="72,70,52,26,56,47,38,1,130,87,105,11,0" hai2="83,54,16,77,81,119,95,71,104,3,21,14,99" hai3="92,68,96,111,106,57,73,24,103,110,100,112,102"/><T82/><D66/><U34/><E70/><V37/><F37/><W18/><G68/><T43/><D22/><U122/><E122/><V114/><F114/><W128/><G57/><T80/><D5/><U79/><E130/><V109/><F109/><W129/><G18/><T127/><D127/><U36/><E105/><V67/><F3/><W89/><G24/><T7/><D7/><U123/><E123/><V55/><F104/><W133/><G112/><T50/><REACH who="0" step="1"/><D82/><REACH who="0" ten="121,509,233,127" step="2"/><U10/><E1/><V101/><F81/><W48/><G111/><T8/><D8/><U108/><E0/><V45/><F67/><W17/><G110/><T115/><D115/><U118/><E10/><V62/><F83/><W33/><G33/><T59/><D59/><U98/><E11/><V23/><F21/><W60/><G129/><T4/><D4/><U75/><E34/><V27/><F23/><W15/><G128/><T29/><D29/><U12/><E108/><V32/><F32/><W94/><G133/><T74/><D74/><U86/><E118/><V35/><F35/><W91/><G73/><T28/><D28/><U117/><E72/><V20/><F20/><W58/><G106/><T125/><D125/><U85/><E75/><V6/><F6/><W9/><G9/><T131/><D131/><U113/><E26/><V69/><F27/><W39/><G58/><T61/><D61/><U44/><E12/><V19/><F14/><W76/><G60/><T121/><D121/><U25/><E25/><V31/><F62/><W78/><G17/><T53/><D53/><U124/><E113/><RYUUKYOKU ba="0,1" sc="121,30,509,-10,233,-10,127,-10" hai0="43,46,49,50,80,84,88,90,93,97,132,134,135" /><INIT seed="4,1,1,2,2,43" ten="151,499,223,117" oya="0" hai0="32,69,25,93,49,95,116,35,67,15,86,112,119" hai1="102,91,17,12,16,134,72,118,127,71,38,96,52" hai2="114,39,101,89,108,120,64,94,124,87,100,5,14" hai3="37,103,7,85,75,110,51,56,34,18,47,63,68"/><T53/><D112/><U21/><E71/><V73/><F120/><W76/><G75/><T83/><D35/><U123/><E123/><V26/><F108/><W6/><G68/><T44/><D116/><U84/><E72/><V131/><F114/><W48/><G34/><T58/><D119/><U80/><E118/><V8/><F124/><W60/><G110/><T50/><D67/><U135/><E38/><V29/><F131/><W10/><G37/><T9/><D69/><U46/><E127/><V132/><F132/><N who="1" m="50729" /><E17/><V4/><F39/><W98/><G48/><T36/><D36/><U126/><E126/><V41/><F41/><W24/><G76/><T20/><D32/><U121/><E121/><V40/><F40/><W2/><G85/><T129/><D129/><U130/><E130/><V133/><F73/><W22/><G7/><N who="0" m="3519" /><D58/><U19/><E19/><V11/><F64/><W88/><G56/><T109/><D50/><N who="1" m="28759" /><E96/><V125/><F125/><W45/><G45/><T111/><D109/><U70/><E70/><V42/><F42/><W97/><G97/><T28/><D111/><U74/><E74/><V59/><F59/><W107/><REACH who="3" step="1"/><G88/><AGARI ba="1,1" hai="20,25,28,44,49,53,83,86,88,93,95" m="3519" machi="88" ten="30,5800,0" yaku="8,1,52,1,54,1" doraHai="43" who="0" fromWho="3" sc="151,71,499,0,223,0,117,-61" /><INIT seed="4,2,0,4,1,84" ten="222,499,223,56" oya="0" hai0="70,20,122,131,114,29,79,61,62,115,43,4,56" hai1="31,53,15,90,35,32,109,88,107,81,45,65,112" hai2="42,24,135,77,30,108,99,49,51,6,80,2,111" hai3="106,132,71,44,83,5,64,13,129,14,120,85,50"/><T39/><D122/><U47/><E107/><V23/><F135/><W7/><G106/><T16/><D131/><U105/><E105/><V46/><F99/><W126/><G132/><T37/><D29/><U75/><E109/><V58/><F6/><W94/><G129/><T117/><D117/><U101/><E101/><V98/><F2/><W86/><G120/><T124/><D124/><U52/><E112/><N who="0" m="43049" /><D4/><U121/><E121/><V59/><F59/><W38/><G126/><T69/><D79/><U19/><E65/><V18/><F98/><W21/><G38/><N who="0" m="14347" /><D43/><U128/><E128/><V103/><F103/><W134/><G134/><T91/><D91/><N who="1" m="34859" /><E35/><V41/><F30/><W119/><G119/><T67/><D62/><U113/><E113/><V25/><F25/><AGARI ba="2,0" hai="16,20,25,56,61,67,69,70" m="14347,43049" machi="25" ten="30,2900,0" yaku="15,1,54,1" doraHai="84" who="0" fromWho="2" sc="222,35,499,0,223,-35,56,0" /><INIT seed="4,3,0,2,4,31" ten="257,499,188,56" oya="0" hai0="134,27,20,64,122,132,70,57,126,1,108,22,52" hai1="77,38,68,133,99,35,10,9,62,112,51,3,81" hai2="107,84,115,0,66,46,12,5,30,15,60,14,39" hai3="127,40,34,63,7,79,98,2,61,45,109,71,73"/><T121/><D64/><U93/><E38/><V75/><F75/><W33/><G61/><N who="0" m="36007" /><D70/><U85/><E35/><N who="3" m="13322" /><G109/><T80/><D1/><U26/><E112/><V24/><F107/><W111/><G111/><T88/><D108/><U41/><E133/><N who="0" m="51305" /><D126/><U69/><E26/><V67/><F115/><W116/><G116/><T49/><D49/><U91/><E3/><V59/><F66/><N who="3" m="41439" /><G98/><T95/><D80/><U76/><E76/><V118/><F118/><W32/><N who="3" m="13330" /><W17/><DORA hai="125" /><G17/><N who="0" m="12687" /><D22/><U78/><E78/><V117/><F117/><W48/><G48/><T42/><D42/><U11/><E62/><V129/><F84/><AGARI ba="3,0" hai="84,88,95,121,122" m="12687,51305,36007" machi="84" ten="30,5800,0" yaku="20,1,54,2" doraHai="31,125" who="0" fromWho="2" sc="257,67,499,0,188,-67,56,0" /><INIT seed="4,4,0,1,3,129" ten="324,499,121,56" oya="0" hai0="100,40,107,52,92,1,47,18,60,62,63,120,78" hai1="102,24,115,15,13,131,117,98,128,126,49,50,42" hai2="53,35,75,10,69,33,31,118,71,90,135,57,83" hai3="39,116,12,112,119,84,88,61,14,38,99,73,106"/><T91/><D120/><U2/><E2/><V65/><F118/><W0/><G73/><T68/><D1/><U133/><E133/><V89/><F135/><W43/><G0/><T110/><D110/><U103/><E117/><V70/><F65/><W21/><G112/><T113/><D113/><U104/><E115/><V122/><F122/><W80/><G61/><T51/><D100/><U37/><E126/><V79/><F10/><W87/><G87/><N who="0" m="52351" /><D68/><U123/><E123/><V22/><F22/><W94/><G106/><T96/><D107/><U16/><E103/><V105/><F105/><W76/><G43/><T67/><D78/><U29/><E37/><V108/><F108/><W27/><G39/><T5/><D5/><U124/><E124/><V30/><F30/><W95/><G38/><T54/><D96/><U64/><E64/><V28/><F28/><W130/><G130/><N who="1" m="49706" /><E42/><V82/><F31/><W77/><G119/><T125/><D125/><U41/><E41/><V111/><F111/><W101/><G116/><T34/><D34/><N who="1" m="20775" /><E13/><V44/><F44/><W45/><G45/><T55/><D67/><U121/><E121/><V20/><F33/><W36/><G36/><T93/><D18/><U23/><AGARI ba="4,0" hai="15,16,23,49,50,98,102,104" m="20775,49706" machi="23" ten="30,2000,0" yaku="19,1,54,1" doraHai="129" who="1" fromWho="1" sc="324,-14,499,32,121,-9,56,-9" /><INIT seed="5,0,0,3,1,131" ten="310,531,112,47" oya="1" hai0="102,104,73,129,120,22,21,75,67,45,23,70,62" hai1="110,97,94,107,108,122,118,60,32,6,121,98,84" hai2="87,71,44,2,112,74,19,106,115,28,81,89,80" hai3="46,53,109,20,64,50,42,125,72,61,25,13,86"/><U56/><E32/><V92/><F71/><W135/><G72/><T59/><D129/><U113/><E6/><V31/><F2/><W119/><G109/><N who="1" m="42090" /><E56/><V91/><F44/><W4/><G119/><T69/><D120/><N who="1" m="46187" /><E60/><V16/><F106/><W77/><G125/><T99/><REACH who="0" step="1"/><D45/><REACH who="0" ten="300,531,112,47" step="2"/><U47/><E47/><V18/><F74/><AGARI ba="0,1" hai="21,22,23,59,62,67,69,70,73,74,75,99,102,104" machi="74" ten="40,5200,0" yaku="1,1,2,1,53,1" doraHai="131" doraHaiUra="63" who="0" fromWho="2" sc="300,62,531,0,112,-52,47,0" /><INIT seed="6,0,0,0,1,90" ten="362,531,60,47" oya="2" hai0="127,75,10,31,102,28,15,6,130,39,80,105,64" hai1="71,117,40,69,52,109,118,18,53,87,47,5,125" hai2="83,100,85,103,19,126,25,51,65,43,101,129,45" hai3="63,37,106,81,120,72,116,49,2,124,33,115,123"/><V62/><F126/><W98/><RYUUKYOKU type="yao9" ba="0,0" sc="362,0,531,0,60,0,47,0" hai3="2,33,37,49,63,72,81,98,106,115,116,120,123,124" /><INIT seed="6,1,0,3,3,38" ten="362,531,60,47" oya="2" hai0="114,26,68,39,104,135,120,5,43,131,121,36,109" hai1="20,116,97,83,76,125,7,8,25,126,58,72,0" hai2="46,34,13,64,67,73,77,35,134,132,37,51,80" hai3="12,4,61,66,47,100,30,123,106,101,75,82,96"/><V94/><F37/><W133/><G123/><T17/><D17/><N who="1" m="12431" /><E116/><V11/><F34/><W10/><G30/><T129/><D26/><U52/><E97/><V113/><F35/><W91/><G133/><N who="2" m="51305" /><F113/><W31/><G31/><T32/><D5/><U118/><E118/><V18/><F94/><W54/><G100/><T70/><D43/><AGARI ba="1,0" hai="11,13,18,43,46,51,64,67,73,77,80" m="51305" machi="43" ten="30,2900,0" yaku="20,1,52,1" doraHai="38" who="2" fromWho="0" sc="362,-32,531,0,60,32,47,0" /><INIT seed="6,2,0,5,3,27" ten="330,531,92,47" oya="2" hai0="122,134,18,79,50,8,77,83,69,117,127,71,5" hai1="99,132,89,126,76,54,51,102,7,37,123,72,3" hai2="82,124,29,4,60,121,107,106,130,68,64,135,21" hai3="28,35,9,112,1,101,11,91,109,47,58,84,114"/><V78/><F121/><W38/><G109/><T104/><D122/><U56/><E37/><V46/><F124/><W98/><G1/><T65/><D127/><U133/><E123/><V25/><F130/><W90/><G38/><T44/><D117/><U108/><E108/><V59/><F135/><N who="1" m="51785" /><E126/><V111/><F111/><W20/><G47/><T74/><D104/><U34/><E34/><V66/><F4/><W92/><G35/><T45/><D134/><U52/><E89/><V62/><REACH who="2" step="1"/><F46/><REACH who="2" ten="330,531,82,47" step="2"/><W118/><G118/><T26/><D5/><U14/><E7/><V39/><F39/><W41/><G114/><T43/><D45/><U103/><E3/><V116/><F116/><W86/><G112/><T96/><D44/><U49/><E72/><AGARI ba="2,1" hai="21,25,29,59,60,62,64,66,68,72,78,82,106,107" machi="72" ten="30,5800,0" yaku="1,1,7,1,52,1,53,0" doraHai="27" doraHaiUra="129" who="2" fromWho="1" sc="330,0,531,-64,82,74,47,0" /><INIT seed="6,3,0,1,0,32" ten="330,467,156,47" oya="2" hai0="115,0,1,47,78,85,54,31,90,8,18,5,49" hai1="120,108,74,79,22,112,116,80,33,95,98,128,3" hai2="28,44,23,99,117,30,14,67,103,119,87,51,41" hai3="130,6,104,60,7,35,43,84,75,77,39,110,83"/><V105/><F67/><W82/><G110/><T86/><D115/><U57/><E108/><V42/><F42/><W124/><G124/><T11/><D31/><U37/><E37/><V126/><F126/><W26/><G130/><T13/><D78/><U133/><E116/><V52/><F87/><W10/><G104/><T106/><D106/><U2/><E33/><V40/><F40/><W72/><G7/><T129/><D129/><U56/><E112/><V21/><F30/><W121/><G121/><T111/><D111/><U58/><E120/><V94/><F105/><W93/><G93/><T50/><D50/><U73/><E73/><V24/><REACH who="2" step="1"/><F41/><REACH who="2" ten="330,467,146,47" step="2"/><W20/><G43/><T34/><D86/><U4/><E128/><V92/><F92/><W123/><G123/><T16/><D34/><U12/><E95/><V25/><F25/><W15/><G39/><T81/><D18/><AGARI ba="3,1" hai="14,18,21,23,24,28,44,51,52,94,99,103,117,119" machi="18" ten="40,3900,0" yaku="1,1,54,1,53,0" doraHai="32" doraHaiUra="64" who="2" fromWho="0" sc="330,-48,467,0,146,58,47,0" /><INIT seed="6,4,0,1,2,16" ten="282,467,204,47" oya="2" hai0="24,10,59,108,52,66,17,69,37,26,1,40,110" hai1="92,31,89,12,93,115,38,87,22,20,45,114,81" hai2="99,111,0,96,7,120,127,132,134,126,34,83,75" hai3="77,102,85,25,13,70,15,63,56,60,73,67,84"/><V104/><F34/><W2/><G2/><T109/><D1/><U5/><E38/><V49/><F120/><W64/><G102/><T53/><D17/><N who="1" m="10279" /><E5/><V8/><F111/><N who="0" m="28418" /><T130/><DORA hai="90" /><D10/><U46/><E114/><V80/><F49/><W28/><G73/><T74/><D24/><N who="1" m="16791" /><E115/><V100/><F99/><W82/><REACH who="3" step="1"/><G85/><REACH who="3" ten="282,467,204,37" step="2"/><T128/><D74/><U103/><E103/><V94/><F104/><W48/><G48/><T65/><D37/><U29/><E29/><V47/><F75/><W27/><G27/><T101/><D26/><U113/><E113/><V14/><F100/><W32/><AGARI ba="4,1" hai="13,15,25,28,32,56,60,63,64,67,70,77,82,84" machi="32" ten="20,5200,0" yaku="1,1,0,1,7,1,53,1" doraHai="16,90" doraHaiUra="54,91" who="3" fromWho="3" sc="282,-17,467,-17,204,-30,37,74" /><INIT seed="7,0,0,4,1,110" ten="265,450,174,111" oya="3" hai0="28,1,109,106,43,76,104,31,7,61,79,116,99" hai1="129,48,67,24,90,5,112,11,100,68,62,77,16" hai2="57,65,122,15,49,45,133,134,117,42,41,113,34" hai3="72,89,13,9,91,75,53,87,59,83,125,121,88"/><W82/><G121/><T51/><D61/><U63/><E112/><V123/><F113/><W105/><G105/><T119/><D109/><U80/><E129/><V118/><F34/><W44/><G125/><T12/><D51/><U21/><E100/><V55/><F15/><W131/><G131/><T130/><D12/><U107/><E107/><V115/><F115/><W94/><G82/><T132/><D99/><U66/><E48/><N who="2" m="30951" /><F65/><W2/><G2/><T124/><D130/><U47/><E47/><N who="2" m="25839" /><F123/><W84/><G91/><T103/><D103/><U20/><E90/><V50/><F122/><W25/><G25/><T33/><D33/><U4/><E21/><V95/><F95/><W10/><G10/><T128/><D128/><U27/><E27/><V111/><F111/><W101/><G101/><T71/><D71/><U52/><E52/><V0/><F0/><W26/><G26/><T22/><D1/><U126/><E126/><V114/><F114/><W86/><G86/><T73/><D124/><U64/><E11/><V37/><F37/><W17/><REACH who="3" step="1"/><G44/><REACH who="3" ten="265,450,174,101" step="2"/><T14/><D116/><AGARI ba="0,1" hai="42,45,50,116,117,118,133,134" m="25839,30951" machi="116" ten="30,2000,0" yaku="34,2" doraHai="110" who="2" fromWho="0" sc="265,-20,450,0,174,30,101,0" owari="245,5.0,450,55.0,204,-20.0,101,-40.0" /></mjloggm>