<mjloggm ver="2.3"><GO type="169" lobby="0"/><UN n0="%E3%83%88%E3%83%88%E3%83%AA%E5%85%88%E7%94%9F%31%39%E6%AD%B3" n1="%E6%BA%9D%E5%86%85%E5%A4%A7%E6%A8%B9" n2="%77%61%72%75" n3="%E3%81%8D%E3%81%97%E3%82%8A%E3%81%A3%E3%81%97%E3%82%85" dan="18,17,16,16" rate="2189.37,2115.58,2071.56,2038.39" sx="F,M,M,M"/><TAIKYOKU oya="0"/><INIT seed="0,0,0,2,4,43" ten="250,250,250,250" oya="0" hai0="93,34,22,131,129,114,29,37,117,17,65,10,105" hai1="78,20,35,0,92,30,133,110,120,85,60,7,55" hai2="61,52,115,70,75,125,27,58,79,68,31,46,47" hai3="124,109,21,67,113,25,106,99,56,88,116,69,13"/><T50/><D114/><U4/><E120/><V19/><F115/><W130/><G69/><T49/><D117/><U80/><E35/><V33/><F125/><W3/><G3/><T83/><D105/><U98/><E110/><V11/><F79/><W39/><G116/><T121/><D121/><U53/><E0/><V32/><F75/><W2/><G2/><T9/><D37/><U63/><E133/><V51/><F33/><W107/><G107/><T59/><D34/><U24/><E60/><V118/><F118/><W77/><G109/><T96/><D83/><U132/><E132/><V66/><REACH who="2" step="1"/><F47/><REACH who="2" ten="250,250,240,250" step="2"/><W127/><G113/><T26/><D131/><U12/><E12/><AGARI ba="0,1" hai="11,12,19,27,31,32,46,51,52,58,61,66,68,70" machi="12" ten="40,8000,1" yaku="1,1,2,1,52,1,54,1,53,0" doraHai="43" doraHaiUra="89" who="2" fromWho="1" sc="250,0,250,-80,240,90,250,0" /><INIT seed="1,0,0,3,4,6" ten="250,170,330,250" oya="1" hai0="75,68,26,53,125,24,74,121,33,126,11,115,90" hai1="40,116,31,13,62,56,49,79,51,106,58,133,103" hai2="36,47,107,88,38,12,16,60,124,29,59,112,117" hai3="14,97,22,4,21,100,98,80,9,39,48,0,19"/><U101/><E116/><V25/><F107/><W5/><G39/><T15/><D115/><U44/><E133/><V73/><F73/><N who="0" m="27658" /><D33/><U76/><E31/><V2/><F2/><W91/><G4/><N who="0" m="3559" /><D68/><U20/><E51/><V42/><F117/><W8/><G48/><T92/><D53/><N who="1" m="34127" /><E106/><V50/><F124/><N who="0" m="47722" /><D121/><U129/><E129/><V54/><F112/><W83/><G83/><T93/><D93/><U61/><E79/><V23/><REACH who="2" step="1"/><F88/><REACH who="2" ten="250,170,320,250" step="2"/><W94/><G80/><T3/><D3/><U113/><E113/><V110/><F110/><W66/><G66/><T131/><D131/><U132/><E76/><V77/><F77/><W65/><G65/><T111/><D111/><U55/><E132/><V127/><F127/><W96/><G97/><AGARI ba="0,1" hai="24,26,90,92,97" m="47722,3559,27658" machi="97" ten="30,2000,0" yaku="18,1,52,1" doraHai="6" who="0" fromWho="3" sc="250,30,170,0,320,0,250,-20" /><INIT seed="2,0,0,1,5,7" ten="280,170,320,230" oya="2" hai0="120,38,72,133,26,92,48,113,125,100,54,106,76" hai1="118,39,14,111,60,93,29,116,46,8,62,77,58" hai2="47,35,6,65,97,112,68,66,99,20,130,117,75" hai3="49,34,126,103,128,134,59,109,13,37,101,53,5"/><V64/><F112/><W42/><G34/><T57/><D113/><U89/><E111/><V11/><F117/><W31/><G31/><T27/><D106/><U25/><E77/><V33/><F75/><W18/><G109/><T32/><D38/><U50/><E39/><V108/><F68/><W4/><G128/><T17/><D120/><U124/><E124/><V88/><F108/><W45/><G126/><T107/><D107/><U15/><E15/><V67/><N who="2" m="16384" /><DORA hai="21" /><V73/><F73/><W22/><REACH who="3" step="1"/><G134/><REACH who="3" ten="280,170,320,220" step="2"/><T83/><D133/><U52/><E116/><V129/><F35/><W24/><G24/><T86/><D125/><U30/><E118/><V2/><F33/><W56/><G56/><T123/><D123/><U96/><E58/><V70/><F70/><W122/><G122/><T3/><D32/><U98/><E25/><V36/><F130/><W119/><G119/><T115/><D115/><U81/><E30/><V84/><F129/><W23/><G23/><T78/><D27/><U19/><E29/><V16/><F47/><W43/><G43/><T91/><D26/><U94/><REACH who="1" step="1"/><E81/><REACH who="1" ten="280,160,320,220" step="2"/><V80/><REACH who="2" step="1"/><F36/><REACH who="2" ten="280,160,310,220" step="2"/><W85/><G85/><N who="0" m="48375" /><D57/><U90/><AGARI ba="0,3" hai="8,14,19,46,50,52,60,62,89,90,93,94,96,98" machi="90" ten="20,16000,3" yaku="1,1,0,1,7,1,9,1,8,1,52,1,54,1,53,1" doraHai="7,21" doraHaiUra="135,44" who="1" fromWho="1" sc="280,-40,160,190,310,-80,220,-40" /><INIT seed="3,0,0,1,4,0" ten="240,350,230,180" oya="3" hai0="62,86,16,131,77,121,5,50,8,128,99,117,24" hai1="112,23,119,28,12,49,26,2,94,64,90,56,97" hai2="82,19,33,91,4,100,51,111,7,61,17,58,47" hai3="60,40,20,65,130,10,13,57,63,41,120,74,101"/><W71/><G120/><T35/><D117/><U113/><E2/><V55/><F33/><W69/><G74/><T70/><D121/><U73/><E73/><V59/><F111/><W1/><G130/><N who="0" m="49707" /><D99/><U15/><E119/><V3/><F3/><W104/><G1/><N who="0" m="47" /><D50/><U76/><E76/><V126/><F126/><W103/><G20/><N who="0" m="13319" /><D35/><U11/><E49/><V6/><F100/><W80/><G103/><T87/><D77/><U72/><E72/><V135/><F135/><W134/><G134/><T93/><D93/><U43/><E112/><V125/><F125/><W31/><G80/><T81/><D81/><U114/><E113/><V83/><F83/><W68/><G101/><T42/><D42/><U107/><E43/><N who="2" m="25087" /><F59/><W96/><G96/><T54/><D54/><U118/><E118/><V38/><F38/><W37/><G37/><T84/><D62/><N who="1" m="37959" /><E107/><V39/><F39/><W109/><G104/><T22/><D22/><U34/><E34/><V110/><F110/><W102/><G109/><T78/><D78/><U133/><E133/><V122/><F122/><W98/><G63/><T27/><D27/><U18/><E114/><V132/><F132/><W29/><G41/><T124/><D70/><U67/><E67/><V108/><F108/><W106/><REACH who="3" step="1"/><G40/><REACH who="3" ten="240,350,230,170" step="2"/><T116/><D116/><U45/><E97/><V127/><F127/><AGARI ba="0,1" hai="84,86,87,124,127" m="13319,47,49707" machi="127" ten="40,5200,0" yaku="19,1,52,1,54,1" doraHai="0" who="0" fromWho="2" sc="240,62,350,0,230,-52,170,0" /><INIT seed="4,0,0,2,5,29" ten="302,350,178,170" oya="0" hai0="113,71,59,102,98,57,81,119,42,25,91,111,101" hai1="18,15,34,16,73,24,30,108,122,60,52,8,47" hai2="11,127,20,96,41,64,19,100,26,82,103,126,84" hai3="68,128,72,95,36,63,74,99,116,37,67,124,135"/><T109/><D119/><U58/><E122/><V9/><F41/><W7/><G116/><T134/><D71/><U1/><E73/><V66/><F126/><W45/><G124/><T27/><D113/><U129/><E129/><V97/><F127/><W14/><G128/><T70/><D70/><U49/><E108/><N who="0" m="41545" /><D134/><U21/><E1/><V3/><F3/><W44/><G135/><T51/><D42/><N who="1" m="24823" /><E34/><V107/><F66/><W105/><G45/><T120/><D120/><U75/><E75/><V125/><F64/><W28/><G44/><T35/><D51/><U106/><E106/><V53/><F53/><W87/><G105/><N who="0" m="63671" /><D102/><U132/><E132/><V89/><F125/><W133/><G133/><T32/><D25/><U2/><E2/><V43/><REACH who="2" step="1"/><F43/><REACH who="2" ten="302,350,168,170" step="2"/><W80/><G37/><T79/><D59/><U92/><E92/><AGARI ba="0,1" hai="9,11,19,20,26,82,84,89,92,96,97,100,103,107" machi="92" ten="30,8000,1" yaku="1,1,2,1,7,1,53,2" doraHai="29" doraHaiUra="5" who="2" fromWho="1" sc="302,0,350,-80,168,90,170,0" /><INIT seed="5,0,0,4,1,99" ten="302,270,258,170" oya="1" hai0="69,39,96,104,113,37,32,38,125,40,34,81,95" hai1="77,59,74,124,76,102,94,68,106,21,103,8,45" hai2="75,28,88,49,10,126,51,48,62,89,24,80,42" hai3="9,44,87,5,47,79,122,35,112,29,66,14,63"/><U56/><E68/><V30/><F126/><W23/><G112/><T36/><D113/><U55/><E124/><V98/><F10/><W119/><G122/><T70/><D125/><U92/><E106/><V43/><F62/><W131/><G131/><T6/><D95/><N who="1" m="36395" /><E74/><V108/><F108/><W133/><G133/><T41/><D6/><U1/><E1/><V11/><F11/><W73/><G73/><T16/><D81/><U17/><E8/><V100/><F75/><W53/><G35/><N who="0" m="13355" /><D16/><U25/><E45/><V86/><F89/><W123/><G123/><T97/><D39/><U31/><E17/><V13/><F13/><W121/><G121/><T67/><D67/><U84/><E59/><V0/><F0/><W54/><G66/><T101/><D40/><U20/><E20/><V52/><F52/><W2/><G54/><T58/><D58/><U61/><E77/><V110/><F110/><W130/><G2/><T117/><D41/><U7/><E7/><V85/><F85/><W22/><G87/><T90/><D90/><U50/><E61/><V4/><F4/><W46/><G79/><T127/><D127/><U107/><E107/><V114/><F114/><W18/><G5/><T64/><D117/><U78/><E78/><V3/><F3/><W19/><G119/><T83/><D64/><U15/><E15/><V118/><F118/><W116/><G116/><T27/><D70/><U33/><E33/><V65/><F65/><W26/><G9/><T115/><D69/><U82/><AGARI ba="0,0" hai="21,25,31,50,55,56,76,82,84,102,103" m="36395" machi="82" ten="30,6000,0" yaku="8,1,52,2" doraHai="99" who="1" fromWho="1" sc="302,-20,270,60,258,-20,170,-20" /><INIT seed="5,1,0,1,2,36" ten="282,330,238,150" oya="1" hai0="133,105,82,66,3,130,79,10,95,30,87,99,16" hai1="77,69,62,116,60,71,23,94,93,50,70,100,38" hai2="124,43,106,131,40,111,96,81,72,92,121,134,22" hai3="41,126,129,42,113,28,11,85,57,55,15,20,125"/><U67/><E77/><V63/><F111/><W44/><G129/><T2/><D105/><U78/><E78/><V102/><F121/><W49/><G113/><T135/><D130/><U32/><E32/><V120/><F120/><W6/><G85/><T56/><D30/><U73/><E73/><V14/><F131/><W24/><REACH who="3" step="1"/><G57/><REACH who="3" ten="282,330,238,140" step="2"/><T112/><D112/><U39/><E71/><V75/><F75/><W19/><G19/><T86/><D86/><U84/><E84/><V25/><F72/><W122/><G122/><T89/><D56/><U114/><E114/><V4/><F4/><W1/><G1/><T76/><D76/><U132/><E70/><V109/><F109/><W97/><G97/><T7/><D3/><U35/><E69/><V5/><F5/><W12/><G12/><N who="0" m="7191" /><D7/><U37/><E116/><V54/><F14/><W68/><G68/><T74/><D2/><U21/><E132/><N who="0" m="50761" /><D74/><U123/><E123/><V47/><F134/><W61/><G61/><T128/><D128/><U26/><E62/><V13/><F13/><W115/><G115/><T104/><D79/><U90/><E60/><V103/><F63/><W9/><G9/><T98/><D98/><U88/><E67/><V31/><F96/><W48/><G48/><T107/><D66/><U118/><E50/><V110/><F110/><W119/><G119/><T8/><D8/><U18/><E118/><V91/><F103/><W83/><G83/><T46/><D82/><U52/><E100/><V29/><F81/><W45/><G45/><T53/><D99/><U65/><E38/><V58/><F58/><RYUUKYOKU ba="1,1" sc="282,15,330,-15,238,-15,140,15" hai0="46,53,87,89,95,104,107" hai3="6,11,15,20,24,28,41,42,44,49,55,125,126" /><INIT seed="6,2,1,1,5,31" ten="297,315,223,155" oya="2" hai0="13,51,88,7,30,122,135,100,5,20,38,72,18" hai1="96,47,58,62,131,86,116,69,66,120,40,32,44" hai2="93,129,104,84,65,24,111,121,10,92,53,82,26" hai3="110,6,118,115,16,130,109,4,94,70,105,127,128"/><V52/><F121/><W113/><G105/><T45/><D122/><U37/><E120/><V56/><F104/><W21/><G70/><T11/><D38/><U57/><E96/><V9/><F129/><N who="3" m="49771" /><G118/><T64/><D72/><U85/><E131/><V103/><F111/><N who="3" m="42507" /><G127/><T98/><D135/><U48/><E116/><V108/><F108/><W124/><G94/><N who="2" m="36457" /><F103/><W101/><G101/><T78/><D64/><U74/><E74/><V117/><F117/><W3/><G3/><T75/><D78/><U87/><E69/><V89/><F65/><W79/><G79/><T55/><D75/><U67/><E67/><V81/><F82/><W83/><G83/><T91/><D100/><U90/><E66/><V132/><F132/><W46/><G124/><T76/><D76/><U50/><E90/><N who="0" m="34345" /><D98/><U133/><E133/><V49/><F53/><W77/><G46/><T126/><D126/><U61/><E47/><V54/><F54/><W0/><G77/><T15/><D55/><U134/><E44/><V34/><F34/><W41/><G41/><T107/><D107/><U68/><E40/><V63/><F63/><W39/><G39/><T1/><D45/><U17/><E37/><V73/><F73/><W119/><G119/><T33/><D1/><U12/><E62/><V106/><F106/><W35/><G35/><T22/><D33/><U36/><E32/><V60/><F60/><W80/><G80/><T97/><D97/><U71/><E61/><V14/><F10/><N who="3" m="2311" /><G6/><AGARI ba="2,1" hai="6,9,14,24,26,49,52,56,81,84,89" m="36457" machi="6" ten="30,2900,0" yaku="8,1,54,1" doraHai="31" who="2" fromWho="3" sc="297,0,315,0,223,45,155,-35" /><INIT seed="6,3,0,0,2,118" ten="297,315,268,120" oya="2" hai0="35,129,58,37,63,0,115,86,25,126,80,102,53" hai1="130,133,50,135,28,122,5,97,22,123,10,73,36" hai2="67,75,70,82,77,116,93,103,1,54,81,19,66" hai3="27,124,65,109,68,79,44,98,104,51,33,119,89"/><V127/><F116/><W74/><G109/><T13/><D0/><N who="1" m="295" /><E36/><V84/><F1/><W43/><G119/><T85/><D37/><U4/><E73/><V31/><F31/><W29/><G124/><T92/><D115/><U59/><E4/><V8/><F127/><W21/><G74/><T52/><D129/><U7/><E7/><V96/><F54/><W87/><G79/><N who="0" m="46239" /><D35/><U14/><E130/><V38/><F38/><W16/><G68/><T15/><D126/><U34/><E34/><V12/><REACH who="2" step="1"/><F70/><REACH who="2" ten="297,315,258,120" step="2"/><W88/><G65/><T17/><D53/><N who="1" m="32183" /><E28/><V128/><F128/><W120/><G120/><N who="1" m="46122" /><E97/><V76/><AGARI ba="3,1" hai="8,12,19,66,67,75,76,77,81,82,84,93,96,103" machi="76" ten="20,3900,0" yaku="1,1,0,1,7,1,53,0" doraHai="118" doraHaiUra="131" who="2" fromWho="2" sc="297,-16,315,-16,258,58,120,-16" /><INIT seed="6,4,0,2,5,81" ten="281,299,316,104" oya="2" hai0="66,92,62,21,39,0,115,24,12,34,74,26,49" hai1="48,45,109,35,106,102,58,65,124,69,44,80,75" hai2="38,56,119,93,57,59,19,99,114,40,6,1,84" hai3="5,41,135,88,123,14,90,107,133,118,82,95,33"/><V73/><F119/><W132/><G33/><T67/><D39/><U117/><E109/><V64/><F73/><W78/><G41/><T53/><D0/><U20/><E35/><V85/><F114/><W131/><G118/><T13/><D74/><U101/><E69/><V86/><F40/><W120/><G5/><T43/><D34/><U97/><E102/><N who="2" m="60783" /><F1/><W89/><G14/><N who="0" m="5739" /><D115/><U96/><E96/><V60/><F38/><W11/><G11/><T17/><D43/><U3/><E3/><V121/><F6/><W50/><G50/><T8/><D62/><U103/><E103/><V113/><F113/><W79/><G131/><T70/><D70/><U100/><E101/><V108/><F121/><N who="3" m="46667" /><G107/><T52/><D8/><U104/><E104/><V9/><F108/><W51/><G51/><T18/><D92/><U116/><E106/><V23/><F9/><W122/><N who="3" m="46675" /><W112/><DORA hai="30" /><G112/><T29/><D53/><U36/><E36/><V127/><F127/><W28/><G28/><T63/><D63/><U37/><E124/><V91/><F91/><N who="3" m="34891" /><G82/><T4/><D4/><U71/><E80/><V125/><F125/><W16/><G16/><N who="0" m="6251" /><D26/><AGARI ba="4,0" hai="19,23,26,56,57,59,60,64,84,85,86" m="60783" machi="26" ten="30,11600,0" yaku="8,1,52,3" doraHai="81,30" who="2" fromWho="0" sc="281,-128,299,0,316,128,104,0" /><INIT seed="6,5,0,0,1,50" ten="153,299,444,104" oya="2" hai0="116,45,47,81,80,119,125,14,29,26,17,117,31" hai1="46,12,53,109,112,18,60,4,91,43,37,23,21" hai2="121,86,77,7,36,16,98,76,13,40,111,63,89" hai3="61,104,55,35,57,90,79,102,96,33,8,41,126"/><V68/><F121/><W6/><G126/><T73/><D125/><U58/><E109/><V128/><F7/><W67/><G79/><T118/><N who="0" m="29696" /><DORA hai="62" /><T25/><D25/><U114/><E4/><V27/><F111/><W52/><G41/><T10/><D31/><U84/><REACH who="1" step="1"/><E23/><REACH who="1" ten="153,289,444,104" step="2"/><V107/><F128/><W85/><G35/><T51/><D73/><U28/><E28/><V49/><F27/><W72/><G33/><N who="0" m="20663" /><D47/><U11/><E11/><V129/><F129/><W130/><G72/><T2/><D2/><U1/><E1/><V95/><F16/><W103/><G130/><T59/><D59/><U88/><E88/><V0/><F0/><W75/><G103/><T123/><D123/><U127/><E127/><V83/><F13/><W108/><G108/><T39/><D39/><U65/><E65/><V74/><F36/><W22/><G22/><T69/><D69/><U120/><E120/><V3/><F3/><W34/><G34/><T15/><D15/><U44/><E44/><V24/><F24/><W122/><G75/><T100/><D100/><U48/><E48/><V54/><F68/><W94/><REACH who="3" step="1"/><G122/><REACH who="3" ten="153,289,444,94" step="2"/><T5/><D5/><U135/><E135/><V20/><F20/><W124/><G124/><T97/><D10/><U131/><E131/><V105/><F77/><W71/><G71/><T66/><D17/><U132/><E132/><V42/><F42/><W38/><G38/><T56/><D14/><AGARI ba="5,2" hai="6,8,14,52,55,57,61,67,85,90,94,96,102,104" machi="14" ten="30,12000,2" yaku="1,1,7,1,52,3,54,1,53,0" doraHai="50,62" doraHaiUra="32,78" who="3" fromWho="0" sc="153,-135,289,0,444,0,94,155" /><INIT seed="7,0,0,2,3,38" ten="18,289,444,249" oya="3" hai0="79,131,33,54,70,120,101,10,132,12,108,58,24" hai1="15,56,14,116,112,8,31,126,49,23,113,7,22" hai2="47,103,92,51,69,76,94,3,83,127,82,29,97" hai3="64,88,16,26,20,133,6,95,96,99,43,55,62"/><W66/><G133/><T5/><D58/><U130/><E130/><V44/><F3/><W30/><G6/><T27/><D54/><N who="1" m="31823" /><E126/><V86/><F69/><W85/><G30/><T9/><D79/><U61/><E116/><V91/><F127/><W77/><G43/><T50/><D101/><U81/><E81/><N who="2" m="30731" /><F29/><W122/><G122/><T19/><D50/><U93/><E93/><V110/><F110/><W40/><G40/><T18/><D70/><U45/><E31/><V68/><F68/><W123/><G123/><T102/><D102/><U25/><E25/><V46/><F76/><W34/><G34/><T2/><D131/><U135/><E135/><V21/><F21/><W80/><G99/><T124/><D132/><U117/><E117/><V105/><F105/><W41/><G41/><AGARI ba="0,0" hai="41,44,46,47,51,86,91,92,94,97,103" m="30731" machi="41" ten="30,2000,0" yaku="8,1,52,1" doraHai="38" who="2" fromWho="3" sc="18,0,289,0,444,20,249,-20" owari="18,-48.0,289,9.0,464,56.0,229,-17.0" /></mjloggm>