<mjloggm ver="2.3"><GO type="97" lobby="0"/><UN n0="%54%45%4E%31%31" n1="%64%68%69%6E%61%64%61%6E" n2="%E5%B0%B1%E6%B4%BB%E7%94%9F%40%E5%B7%9D%E6%9D%91%E8%BB%8D%E5%9B%A3" n3="%70%6F%6F%63%68%61%6E%68" dan="14,14,15,13" rate="1970.89,1923.42,2024.73,1842.97" sx="F,M,M,M"/><TAIKYOKU oya="0"/><INIT seed="0,0,0,3,2,130" ten="250,250,250,250" oya="0" hai0="71,131,31,82,6,113,115,56,106,17,35,41,44" hai1="1,8,26,15,67,19,134,47,100,74,25,48,92" hai2="79,114,23,133,24,84,10,40,101,5,60,42,102" hai3="0,68,13,94,12,76,124,11,2,125,110,127,32"/><T132/><D71/><U78/><E1/><N who="3" m="618" /><G68/><T51/><D106/><U14/><E67/><V87/><F114/><W90/><G76/><T18/><D131/><U91/><E100/><N who="2" m="38507" /><F133/><W53/><G53/><T4/><D132/><U45/><E134/><V116/><F60/><W75/><G75/><T16/><D113/><U20/><E78/><V86/><F79/><W126/><N who="3" m="32256" /><DORA hai="123" /><W29/><G94/><T95/><D115/><U122/><E74/><V128/><F128/><W3/><G90/><T9/><D82/><U54/><E47/><V69/><F69/><W49/><G49/><T22/><D35/><U33/><E33/><V30/><F116/><W85/><G85/><N who="2" m="21761" /><V105/><DORA hai="99" /><F105/><W37/><G37/><T52/><D9/><U27/><E8/><V83/><F83/><W104/><G104/><T121/><D121/><U112/><E122/><V63/><F63/><W109/><N who="3" m="626" /><AGARI ba="0,0" hai="3,5,10,23,24,30,40,42" m="21761,38507" machi="3" ten="30,7700,0" yaku="3,1,52,3" doraHai="130,123,99" who="2" fromWho="3" sc="250,0,250,0,250,77,250,-77" /><INIT seed="1,0,0,5,1,25" ten="250,250,327,173" oya="1" hai0="17,75,36,72,80,35,64,27,108,41,124,127,81" hai1="15,49,114,131,46,90,9,73,16,2,103,93,85" hai2="1,47,132,118,52,48,125,82,40,38,100,5,122" hai3="3,67,79,53,56,23,88,91,10,50,112,62,119"/><U39/><E114/><V26/><F118/><W18/><G112/><T7/><D108/><U44/><E73/><V71/><F122/><W69/><G119/><T54/><D7/><U98/><E131/><V84/><F71/><W110/><G110/><T87/><D64/><U24/><E2/><V83/><F125/><N who="0" m="48202" /><D54/><U104/><E39/><V102/><F132/><W76/><G76/><T0/><D0/><U34/><REACH who="1" step="1"/><E49/><REACH who="1" ten="250,240,327,173" step="2"/><V99/><F1/><W121/><G121/><T135/><D75/><U107/><E107/><V109/><F38/><W21/><G3/><T129/><D72/><U30/><AGARI ba="0,1" hai="9,15,16,24,30,34,44,46,85,90,93,98,103,104" machi="30" ten="30,12000,1" yaku="1,1,0,1,52,1,54,1,53,1" doraHai="25" doraHaiUra="86" who="1" fromWho="1" sc="250,-40,240,130,327,-40,173,-40" /><INIT seed="1,1,0,4,0,40" ten="210,370,287,133" oya="1" hai0="57,39,103,17,127,132,121,111,64,46,21,87,30" hai1="63,71,118,37,1,117,32,33,42,133,85,52,112" hai2="122,23,86,124,82,12,89,41,101,0,114,96,13" hai3="56,14,99,108,95,51,76,31,109,34,8,91,25"/><U120/><E1/><V68/><F122/><W55/><G55/><T73/><D73/><U100/><E100/><V4/><F114/><W106/><G106/><T45/><D121/><U126/><E32/><V123/><F68/><W43/><G43/><T78/><D111/><U59/><E33/><V84/><F123/><W38/><G38/><T61/><D132/><U36/><E85/><V94/><F124/><W27/><G27/><N who="0" m="16751" /><D127/><U81/><E81/><V88/><F41/><W35/><G76/><T129/><D39/><N who="1" m="14923" /><E120/><V2/><F13/><W119/><G119/><T11/><D129/><U134/><E126/><V116/><F116/><N who="1" m="44649" /><E112/><V92/><REACH who="2" step="1"/><F23/><REACH who="2" ten="210,370,277,133" step="2"/><W72/><G35/><T67/><D67/><N who="1" m="41471" /><E42/><V107/><F107/><W20/><G34/><T70/><D11/><AGARI ba="1,1" hai="0,2,4,11,12,82,84,86,88,89,92,94,96,101" machi="11" ten="40,2600,0" yaku="1,1,54,1,53,0" doraHai="40" doraHaiUra="69" who="2" fromWho="0" sc="210,-29,370,0,277,39,133,0" /><INIT seed="2,0,0,3,1,132" ten="181,370,316,133" oya="2" hai0="8,63,93,67,106,131,50,60,116,24,86,3,68" hai1="32,29,91,52,35,57,118,39,109,79,80,4,73" hai2="97,37,120,117,95,47,114,51,18,125,89,46,124" hai3="126,0,44,123,75,113,78,13,77,19,108,7,22"/><V110/><F117/><W111/><G75/><T59/><D106/><U64/><E109/><N who="3" m="42058" /><G44/><T1/><D116/><U9/><E64/><V42/><F110/><W61/><G61/><T85/><D131/><U70/><E70/><V98/><F120/><W81/><G78/><T84/><D50/><U30/><E35/><V115/><F97/><W58/><G58/><T103/><D24/><U119/><E39/><V62/><F62/><W10/><G81/><T100/><D8/><U87/><E32/><V54/><REACH who="2" step="1"/><F18/><REACH who="2" ten="181,370,306,133" step="2"/><W94/><G123/><T49/><D63/><U16/><E119/><V11/><F11/><N who="3" m="2535" /><G77/><T17/><D60/><U15/><E118/><V53/><F53/><W105/><G105/><T122/><D122/><U96/><E96/><V121/><F121/><W133/><G94/><T130/><D93/><U43/><E43/><V40/><F40/><W90/><G90/><T74/><D17/><U65/><E16/><V33/><F33/><W36/><G36/><T45/><D67/><U104/><E65/><V55/><F55/><W71/><G71/><T82/><D68/><U27/><E104/><V135/><F135/><W129/><G133/><T76/><D76/><U102/><E79/><V99/><F99/><W48/><G48/><T127/><D49/><U21/><E52/><V83/><F83/><W5/><G113/><AGARI ba="0,1" hai="37,42,46,47,51,54,89,95,98,113,114,115,124,125" machi="113" ten="40,7700,0" yaku="1,1,52,2,53,0" doraHai="132" doraHaiUra="23" who="2" fromWho="3" sc="181,0,370,0,306,87,133,-77" /><INIT seed="2,1,0,1,4,43" ten="181,370,393,56" oya="2" hai0="9,4,83,59,68,40,35,94,21,44,62,1,26" hai1="22,131,107,5,133,15,25,67,100,129,122,23,70" hai2="110,128,79,24,45,28,124,2,89,116,30,92,115" hai3="6,57,77,108,127,32,87,112,18,134,48,120,58"/><V17/><F116/><W8/><G120/><T61/><D35/><U33/><E107/><V111/><F115/><W19/><G32/><T42/><D68/><U126/><E100/><V69/><F2/><W34/><G34/><T63/><D59/><U13/><E70/><V12/><F69/><W16/><G112/><T53/><D83/><U39/><E67/><V52/><F79/><W104/><G104/><T46/><D94/><U103/><E103/><V55/><F124/><W130/><G127/><T64/><D64/><U119/><E39/><V123/><F123/><W11/><G134/><T105/><D105/><U98/><E98/><N who="2" m="57615" /><F45/><W41/><G130/><T109/><D109/><N who="2" m="41482" /><F128/><W114/><G108/><T93/><D93/><U101/><E126/><V88/><F88/><W118/><G114/><T82/><D82/><U84/><E119/><V56/><F24/><W27/><G118/><T10/><D10/><U72/><E25/><V125/><F125/><W73/><G73/><T78/><D78/><U36/><E122/><V95/><F95/><W65/><G27/><T76/><D76/><U38/><E72/><V29/><F56/><N who="3" m="21611" /><G65/><T99/><D99/><U132/><E129/><V14/><F14/><W54/><G41/><T60/><N who="0" m="15360" /><DORA hai="106" /><T51/><REACH who="0" step="1"/><D46/><REACH who="0" ten="171,370,393,56" step="2"/><U80/><E131/><V49/><F49/><W20/><G6/><T37/><D37/><U47/><E38/><V0/><F0/><W117/><G117/><T66/><D66/><U113/><E36/><V50/><F50/><W97/><G97/><T91/><D91/><U7/><E133/><V85/><F85/><RYUUKYOKU ba="1,1" sc="171,15,370,-15,393,15,56,-15" hai0="1,4,9,21,26,40,42,44,51,53" hai2="12,17,28,29,30,52,55" /><INIT seed="2,2,1,0,3,42" ten="186,355,408,41" oya="2" hai0="95,5,131,71,44,89,119,28,123,50,21,91,103" hai1="19,13,120,134,84,74,99,79,130,36,72,32,27" hai2="45,14,46,58,100,54,132,53,96,52,68,75,1" hai3="51,102,106,66,126,48,135,109,41,29,124,65,76"/><V121/><F68/><W82/><G29/><T6/><D71/><U59/><E134/><V7/><F1/><W111/><G102/><T107/><D123/><U39/><E130/><V34/><F34/><W69/><G82/><T97/><D131/><U8/><E120/><V16/><F75/><W98/><G76/><T3/><D119/><U90/><E99/><V113/><F113/><W77/><G98/><T93/><D107/><U10/><E10/><N who="2" m="4447" /><F132/><W115/><G77/><T37/><D37/><U67/><E79/><V9/><F58/><W127/><G106/><T108/><D108/><N who="3" m="41545" /><G135/><T62/><D62/><U60/><E74/><V57/><F57/><W30/><G30/><T110/><D110/><U25/><E72/><V133/><F133/><W20/><G20/><T78/><D78/><U88/><E32/><V47/><F121/><W114/><G69/><T101/><D3/><U105/><E105/><V61/><F61/><W94/><G94/><T11/><D11/><U55/><E60/><V83/><F83/><W43/><G66/><T23/><D28/><U35/><E67/><V86/><F86/><W12/><G65/><T24/><D24/><U22/><E27/><V104/><F104/><W112/><G12/><T63/><D63/><U0/><E25/><V18/><F9/><W56/><G56/><T70/><D70/><U15/><E59/><V80/><F80/><W73/><G73/><T87/><D87/><U38/><E84/><V116/><F116/><W40/><AGARI ba="2,1" hai="40,41,43,48,51,112,114,115,124,126,127" m="41545" machi="40" ten="50,16000,3" yaku="29,2,28,2,11,1,18,1,14,1,34,2" doraHai="42" who="3" fromWho="3" sc="186,-42,355,-42,408,-82,41,176" /><INIT seed="3,0,0,2,4,8" ten="144,313,326,217" oya="3" hai0="105,77,130,34,50,109,120,132,80,117,1,128,89" hai1="95,13,44,123,0,66,86,63,14,68,47,72,64" hai2="91,73,15,112,46,84,99,29,53,93,108,129,60" hai3="114,78,35,124,70,113,37,39,85,131,121,18,119"/><W98/><G98/><T7/><D34/><U26/><E0/><V31/><F73/><W79/><G79/><T56/><D1/><U133/><E72/><V55/><F112/><W2/><G2/><T36/><D36/><U90/><E123/><V118/><F118/><W104/><G104/><T102/><D7/><U75/><E75/><V83/><F108/><W65/><G65/><N who="1" m="25194" /><E68/><V45/><F129/><N who="0" m="49770" /><D56/><U62/><E26/><V17/><F31/><W52/><G52/><N who="2" m="20041" /><F29/><W22/><G22/><T49/><D49/><U48/><E133/><V122/><F60/><N who="1" m="23081" /><E44/><V3/><F3/><W33/><G33/><T28/><D50/><U96/><E96/><V125/><F125/><W103/><G103/><T54/><D54/><AGARI ba="0,0" hai="13,14,47,48,54,86,90,95" m="23081,25194" machi="54" ten="30,3900,0" yaku="8,1,52,2" doraHai="8" who="1" fromWho="0" sc="144,-39,313,39,326,0,217,0" owari="105,-39.0,352,44.0,326,13.0,217,-18.0" /></mjloggm>