<mjloggm ver="2.3"><GO type="169" lobby="0"/><UN n0="%77%68%69%74%65%72" n1="%E3%82%A6%E3%83%AB%E3%83%88%E3%83%A9%E7%AB%8B%E7%9B%B4" n2="%6E%65%75%74%72%6F%6E" n3="%70%6F%6E%2D%65%6E" dan="16,17,16,17" rate="2080.90,2154.05,2135.84,2140.84" sx="M,M,M,M"/><TAIKYOKU oya="0"/><INIT seed="0,0,0,4,0,64" ten="250,250,250,250" oya="0" hai0="16,121,51,99,3,17,5,36,4,104,55,124,135" hai1="60,26,107,32,131,82,129,1,133,86,120,113,22" hai2="74,33,12,108,128,24,28,31,84,97,42,46,119" hai3="102,83,54,67,58,72,47,57,65,101,18,71,59"/><T78/><D121/><U8/><E120/><V14/><F74/><W118/><G72/><T111/><D36/><U114/><E32/><V27/><F97/><W105/><G105/><T70/><D3/><U29/><E107/><V30/><F84/><W66/><G83/><T87/><D135/><U73/><E73/><V117/><F46/><W89/><G89/><T95/><D124/><U56/><E133/><V125/><F42/><W48/><G18/><N who="0" m="7275" /><D70/><U93/><E93/><V134/><F134/><W116/><REACH who="3" step="1"/><G71/><REACH who="3" ten="250,250,250,240" step="2"/><T75/><D75/><U90/><E90/><V34/><F125/><W37/><G37/><T115/><D104/><U68/><E68/><V126/><F126/><W132/><G132/><T91/><D115/><U96/><E82/><V92/><F92/><W79/><G79/><T69/><D69/><U98/><E114/><V40/><F31/><W53/><G53/><T11/><D111/><U15/><E29/><V103/><F103/><AGARI ba="0,1" hai="47,48,54,57,58,59,65,66,67,101,102,103,116,118" machi="103" ten="40,2600,0" yaku="1,1,53,1" doraHai="64" doraHaiUra="44" who="3" fromWho="2" sc="250,0,250,0,250,-26,240,36" /><INIT seed="1,0,0,1,1,94" ten="250,250,224,276" oya="1" hai0="69,121,45,90,132,111,124,112,53,47,7,99,67" hai1="12,66,59,6,32,33,91,95,104,8,11,61,3" hai2="114,127,120,110,36,23,4,102,85,14,78,97,10" hai3="24,25,58,19,17,98,51,16,64,93,60,49,74"/><U87/><REACH who="1" step="1"/><E104/><REACH who="1" ten="250,240,224,276" step="2"/><V2/><F114/><W133/><G133/><T26/><D112/><U31/><E31/><V34/><F120/><W1/><G74/><T21/><D121/><U63/><E63/><V81/><F127/><W35/><G1/><T116/><D124/><U55/><E55/><V82/><F2/><W38/><G38/><T44/><D132/><U56/><E56/><V41/><F36/><W92/><G35/><T89/><D53/><U75/><E75/><V15/><F34/><W103/><REACH who="3" step="1"/><G93/><REACH who="3" ten="250,240,224,266" step="2"/><T37/><D37/><U70/><E70/><V123/><F123/><W108/><G108/><T117/><D111/><U118/><E118/><V115/><F110/><W86/><G86/><T29/><D116/><U71/><E71/><V73/><F73/><W83/><G83/><T18/><D117/><U48/><E48/><AGARI ba="0,2" hai="16,17,19,24,25,48,49,51,58,60,64,92,98,103" machi="48" ten="40,8000,1" yaku="1,1,8,1,52,1,54,1,53,0" doraHai="94" doraHaiUra="130" who="3" fromWho="1" sc="250,0,240,-80,224,0,266,100" /><INIT seed="2,0,0,4,2,62" ten="250,160,224,366" oya="2" hai0="37,59,34,88,68,39,121,95,6,77,111,100,106" hai1="16,66,91,127,81,38,56,21,98,110,4,119,135" hai2="134,15,11,107,132,23,14,96,84,129,105,54,130" hai3="28,33,51,82,120,25,69,133,52,73,9,92,19"/><V83/><F54/><W114/><G120/><T64/><D121/><U74/><E119/><V108/><F23/><W22/><G69/><T65/><D34/><U2/><E127/><V123/><F123/><W43/><G43/><T55/><D68/><U94/><E135/><N who="2" m="51755" /><F15/><W85/><G114/><T31/><D31/><U30/><E110/><V104/><F108/><W76/><G133/><T71/><D71/><U1/><E38/><V13/><F13/><W103/><G9/><T18/><D6/><U45/><E30/><V78/><F14/><W24/><G103/><T10/><D77/><U40/><E4/><V5/><F11/><W63/><G63/><N who="0" m="36351" /><D39/><U113/><E113/><V20/><F20/><W125/><G125/><T36/><D36/><U60/><E74/><V67/><F67/><N who="0" m="25674" /><D37/><U99/><E1/><V50/><F5/><W0/><G0/><T80/><D106/><U47/><E2/><V124/><F124/><W97/><G73/><T48/><D48/><U116/><E116/><V128/><F50/><W61/><G61/><T101/><D80/><U90/><E81/><V49/><F49/><W70/><G70/><T112/><D112/><U122/><E122/><V86/><F86/><W26/><G33/><T7/><D7/><U115/><E115/><V126/><F126/><W29/><G29/><T102/><D111/><U12/><E40/><V117/><F117/><W35/><G35/><T3/><D3/><U53/><E53/><V75/><F75/><W8/><G28/><T109/><D109/><U79/><E79/><V87/><F87/><W131/><G85/><RYUUKYOKU ba="0,0" sc="250,-15,160,15,224,15,366,-15" hai1="12,16,21,45,47,56,60,66,90,91,94,98,99" hai2="78,83,84,96,104,105,107,128,129,130" /><INIT seed="2,1,0,3,4,4" ten="235,175,239,351" oya="2" hai0="71,103,118,54,43,97,58,9,104,56,59,30,99" hai1="116,89,70,107,0,95,134,13,37,126,45,121,80" hai2="23,46,35,76,49,62,90,117,66,44,57,68,42" hai3="26,75,79,33,41,128,47,101,16,132,31,6,53"/><V5/><F35/><W88/><G128/><T10/><D71/><U11/><E116/><V48/><F117/><W50/><G132/><T12/><D118/><U109/><E134/><V69/><F76/><W124/><G124/><T55/><D43/><U52/><E126/><V20/><F90/><W85/><G101/><T96/><D30/><U15/><E107/><V14/><F69/><W125/><G125/><T102/><D12/><U2/><E109/><V40/><F68/><W94/><G6/><T74/><D74/><U24/><E121/><V133/><F133/><W105/><G105/><T64/><D64/><U114/><E70/><V61/><F61/><W86/><G75/><T83/><D83/><U17/><E114/><V1/><F1/><W131/><G131/><T129/><D129/><U135/><E135/><V63/><REACH who="2" step="1"/><F62/><REACH who="2" ten="235,175,229,351" step="2"/><W18/><G79/><T78/><D78/><U110/><E0/><V38/><F38/><W100/><G100/><N who="0" m="38443" /><D104/><U34/><E37/><V19/><F19/><W108/><G108/><T130/><D130/><U32/><E2/><V122/><F122/><W39/><G86/><T112/><D112/><U8/><E110/><V51/><F51/><W25/><G25/><T127/><D127/><U81/><E24/><V115/><F115/><W3/><G3/><T60/><D60/><U93/><E34/><V106/><F106/><W22/><G33/><T28/><D28/><U65/><E32/><V92/><F92/><N who="1" m="35401" /><E89/><V67/><F67/><W123/><G123/><T77/><D77/><U119/><E65/><V7/><F7/><W91/><G91/><RYUUKYOKU ba="1,1" sc="235,10,175,-30,229,10,351,10" hai0="9,10,54,55,56,58,59,96,97,99" hai2="5,14,20,23,40,42,44,46,48,49,57,63,66" hai3="16,18,22,26,31,39,41,47,50,53,85,88,94" /><INIT seed="2,2,1,3,0,55" ten="245,145,239,361" oya="2" hai0="5,24,135,95,121,115,25,75,51,124,8,39,3" hai1="15,84,57,34,30,37,42,134,82,114,76,43,65" hai2="97,26,23,103,122,7,130,80,101,41,4,125,1" hai3="106,22,52,64,89,119,100,9,118,92,53,10,108"/><V59/><F122/><W13/><G64/><T6/><D121/><U31/><E114/><V127/><F41/><N who="1" m="15369" /><E34/><V18/><F80/><W49/><G53/><T36/><D75/><U98/><E37/><V79/><F79/><W45/><G108/><T123/><D123/><U86/><E134/><V68/><F68/><W113/><G113/><T104/><D104/><U120/><E120/><V0/><F130/><W128/><G128/><T35/><D115/><U16/><E98/><V32/><F32/><W67/><G106/><T2/><D51/><U131/><E84/><V62/><F4/><W77/><G49/><T50/><D50/><U58/><E131/><V73/><F73/><W109/><G109/><T133/><D35/><U33/><E33/><V102/><F97/><W69/><G69/><T117/><D95/><U74/><E74/><V110/><F110/><W132/><G92/><T88/><D8/><N who="1" m="6247" /><E65/><N who="2" m="39135" /><F7/><W29/><G119/><T61/><D61/><U20/><E30/><V129/><F129/><W66/><G29/><T83/><D117/><U111/><E111/><V47/><F47/><W71/><G45/><T91/><REACH who="0" step="1"/><D83/><REACH who="0" ten="235,145,239,361" step="2"/><U46/><E46/><V60/><F60/><W21/><G118/><T56/><D56/><U99/><E99/><V11/><F11/><W81/><G9/><T14/><D14/><U105/><E105/><V87/><F87/><W40/><G13/><T27/><D27/><AGARI ba="2,2" hai="20,27,31,57,58,76,82,86" m="6247,15369" machi="27" ten="30,7700,0" yaku="8,1,52,2,54,1" doraHai="55" who="1" fromWho="0" sc="235,-83,145,103,239,0,361,0" /><INIT seed="3,0,0,3,0,77" ten="152,248,239,361" oya="3" hai0="123,81,111,33,130,65,32,112,46,10,80,11,9" hai1="58,124,3,78,90,55,84,67,38,68,132,5,87" hai2="95,28,17,134,56,0,71,23,70,127,110,19,133" hai3="15,100,113,62,41,48,97,25,104,93,49,54,116"/><W16/><G113/><T37/><D123/><U31/><E38/><V120/><F0/><W118/><G25/><T63/><D112/><U50/><E124/><V52/><F120/><W51/><G104/><T14/><D14/><U96/><E132/><V99/><F127/><W135/><G135/><N who="2" m="51721" /><F28/><W47/><G62/><T22/><D22/><U20/><E68/><N who="2" m="26155" /><F23/><W21/><REACH who="3" step="1"/><G51/><REACH who="3" ten="152,248,239,351" step="2"/><T34/><D130/><U106/><E106/><V76/><F110/><W2/><G2/><T27/><D111/><U119/><E3/><V94/><F76/><W30/><G30/><T91/><D27/><U109/><E78/><V79/><F79/><W44/><AGARI ba="0,1" hai="15,16,21,41,44,47,48,49,54,93,97,100,116,118" machi="44" ten="20,18000,2" yaku="1,1,0,1,7,1,54,1,53,2" doraHai="77" doraHaiUra="42" who="3" fromWho="3" sc="152,-60,248,-60,239,-60,351,190" /><INIT seed="3,1,0,4,3,104" ten="92,188,179,541" oya="3" hai0="69,45,126,54,33,30,123,131,57,129,1,135,11" hai1="112,121,86,75,51,87,100,71,66,28,127,103,107" hai2="98,42,58,65,36,130,78,53,6,20,113,9,18" hai3="94,16,29,85,37,93,99,50,35,25,84,41,22"/><W111/><G37/><T116/><D69/><U61/><E121/><V68/><F113/><W67/><G111/><T19/><D123/><U32/><E112/><V83/><F98/><W74/><G74/><T81/><D116/><U3/><E3/><V91/><F91/><W88/><G67/><T13/><D126/><U4/><E4/><V110/><F110/><W44/><REACH who="3" step="1"/><G94/><REACH who="3" ten="92,188,179,531" step="2"/><T128/><D128/><U38/><E38/><V23/><F65/><W134/><G134/><T97/><D135/><U117/><E75/><V39/><F39/><W34/><G34/><T106/><D131/><U14/><E32/><V125/><F36/><W27/><AGARI ba="1,1" hai="16,22,25,27,29,35,41,44,50,84,85,88,93,99" machi="27" ten="20,12000,1" yaku="1,1,0,1,7,1,54,2,53,0" doraHai="104" doraHaiUra="108" who="3" fromWho="3" sc="92,-41,188,-41,179,-41,531,133" /><INIT seed="3,2,0,1,4,34" ten="51,147,138,664" oya="3" hai0="42,51,112,79,39,55,60,119,23,107,71,101,82" hai1="8,61,54,81,109,66,96,47,18,68,110,26,111" hai2="62,88,130,1,5,103,12,28,3,105,75,37,114" hai3="58,59,2,9,87,126,0,124,95,43,72,41,123"/><W30/><G72/><T50/><D119/><U56/><E96/><V77/><F28/><W85/><G30/><T65/><D112/><U20/><E81/><V120/><F88/><N who="3" m="53647" /><G9/><T132/><D132/><U67/><E68/><V19/><F19/><W36/><G87/><T118/><D118/><U22/><E22/><V57/><F12/><W31/><G31/><T116/><D116/><U53/><E8/><V125/><F57/><N who="3" m="21515" /><G123/><T91/><D39/><U24/><E24/><V27/><F27/><W10/><G10/><T86/><D23/><U102/><E26/><V98/><F37/><W129/><G129/><T14/><D14/><U63/><E20/><V121/><F1/><N who="3" m="619" /><G36/><T35/><D35/><U45/><E18/><V32/><F3/><W133/><G133/><T4/><D4/><U84/><E84/><V33/><F75/><W7/><G7/><T38/><D55/><N who="1" m="21003" /><E102/><V11/><F103/><W93/><G93/><T83/><D101/><U70/><AGARI ba="2,0" hai="45,47,56,61,63,66,67,70,109,110,111" m="21003" machi="70" ten="40,5200,0" yaku="14,1,34,2" doraHai="34" who="1" fromWho="1" sc="51,-15,147,58,138,-15,664,-28" /><INIT seed="4,0,0,5,2,127" ten="36,205,123,636" oya="0" hai0="30,13,89,51,34,107,62,135,68,83,43,106,4" hai1="120,55,102,81,31,25,60,77,47,79,90,0,131" hai2="78,118,94,1,116,112,80,57,113,16,10,23,39" hai3="126,111,37,84,114,29,117,19,103,32,17,74,14"/><T76/><D135/><U9/><E102/><V73/><F39/><W96/><G74/><T41/><D89/><U101/><E55/><V63/><F94/><W48/><G37/><T125/><D125/><U86/><E47/><V26/><F10/><W44/><G84/><N who="0" m="48231" /><D34/><U85/><E60/><V124/><F1/><W132/><G96/><T18/><D30/><U119/><E119/><V7/><F7/><W104/><G117/><N who="2" m="45161" /><F124/><W99/><G103/><T98/><D98/><U130/><E86/><V134/><F134/><W40/><G99/><T2/><D2/><U11/><E101/><V36/><F36/><W64/><G29/><T59/><D4/><U45/><E120/><V72/><F72/><W5/><G5/><T93/><D93/><U52/><E0/><V100/><F100/><W6/><G6/><T49/><D68/><U71/><E71/><V3/><F3/><W123/><G32/><T58/><D107/><U92/><E92/><V56/><F56/><N who="0" m="21546" /><D106/><U115/><E90/><V91/><F91/><W88/><G104/><T110/><D62/><U35/><E79/><V109/><F109/><W12/><G111/><T61/><D61/><U28/><E28/><V53/><AGARI ba="0,0" hai="16,23,26,53,57,63,73,78,80,112,113" m="45161" machi="53" ten="30,2000,0" yaku="12,1,54,1" doraHai="127" who="2" fromWho="2" sc="36,-10,205,-5,123,20,636,-5" /><INIT seed="5,0,0,0,0,47" ten="26,200,143,631" oya="1" hai0="107,86,52,92,91,69,124,133,48,90,11,22,25" hai1="5,29,112,7,1,71,89,103,74,28,99,4,113" hai2="55,118,88,110,127,77,24,120,84,132,59,46,65" hai3="54,101,82,20,104,19,80,60,8,105,16,75,68"/><U27/><E71/><V21/><F110/><W114/><G82/><N who="0" m="49495" /><D107/><U49/><E74/><V111/><F120/><W18/><G19/><N who="0" m="12511" /><D69/><U87/><E1/><V34/><F118/><W109/><G54/><T115/><D133/><U61/><E61/><V117/><F132/><W70/><G18/><T45/><D124/><U37/><E37/><V2/><F34/><W23/><G60/><T130/><D130/><U134/><E134/><V125/><F2/><W122/><G101/><T63/><D115/><U38/><E38/><V35/><F35/><W10/><G8/><T131/><D131/><U81/><E27/><V108/><F117/><W128/><G75/><T6/><D63/><U50/><E29/><V0/><F0/><W30/><G30/><T14/><D92/><N who="1" m="58855" /><E28/><V73/><F73/><W79/><G70/><T83/><D83/><U56/><E113/><V106/><F106/><W93/><G68/><T94/><D94/><U96/><E96/><V31/><F111/><W39/><G105/><T12/><D12/><U85/><E85/><V116/><F116/><W97/><G104/><T67/><D67/><U95/><E95/><V119/><F119/><W58/><G93/><T43/><D91/><N who="1" m="51695" /><E112/><V76/><F108/><W72/><G109/><T33/><D33/><U44/><E89/><V62/><F125/><W57/><G114/><T78/><D78/><U41/><E5/><V13/><F127/><W42/><G128/><T32/><D32/><U126/><E126/><V3/><F3/><W135/><G135/><T100/><D100/><U40/><E56/><N who="3" m="21610" /><G39/><T51/><D43/><RYUUKYOKU type="nm" ba="0,0" sc="26,-20,200,-40,143,80,631,-20" hai0="6,11,14,45,48,51,52" hai1="4,7,40,41,44,49,50" /><INIT seed="5,1,0,2,3,86" ten="6,160,223,611" oya="1" hai0="14,11,129,30,92,58,16,102,96,38,4,20,120" hai1="106,116,130,68,6,37,75,9,114,56,78,18,8" hai2="103,36,82,91,44,135,88,43,94,55,23,100,87" hai3="27,93,74,90,7,40,0,111,62,52,79,60,133"/><U132/><E68/><V110/><F110/><W124/><G40/><T1/><D38/><U65/><E116/><V84/><F135/><W33/><G0/><T28/><D120/><U2/><E132/><V29/><F55/><W64/><G7/><T49/><D129/><U134/><E134/><V107/><F107/><W21/><G33/><T76/><D76/><U80/><E130/><V83/><F94/><W50/><G124/><T48/><D58/><U22/><E114/><V73/><F73/><W122/><G64/><T128/><D128/><U15/><E106/><V25/><AGARI ba="1,0" hai="23,25,29,36,43,44,82,83,84,87,88,91,100,103" machi="25" ten="30,8000,1" yaku="0,1,9,1,52,2,54,1" doraHai="86" who="2" fromWho="2" sc="6,-21,160,-41,223,83,611,-21" owari="-15,-52.0,119,-28.0,306,11.0,590,69.0" /></mjloggm>