<mjloggm ver="2.3"><GO type="97" lobby="0"/><UN n0="%E3%83%99%E3%83%9B%E3%82%A4%E3%83%9F" n1="%54%41%59%4C%4F%52%E6%96%B0%E6%BD%9F" n2="%E3%83%88%E3%83%88%E3%83%AA%E5%85%88%E7%94%9F%31%39%E6%AD%B3" n3="%E9%B7%B9%EF%BC%93" dan="15,13,15,14" rate="1972.98,1898.26,2025.91,1959.32" sx="M,M,F,M"/><TAIKYOKU oya="0"/><INIT seed="0,0,0,0,3,42" ten="250,250,250,250" oya="0" hai0="117,3,106,133,19,28,105,2,96,34,64,116,124" hai1="67,65,59,37,107,8,113,121,50,66,128,93,103" hai2="60,91,68,7,70,81,46,62,73,132,11,135,10" hai3="57,54,100,25,48,126,112,90,9,5,101,89,84"/><T43/><D64/><U109/><E121/><V110/><F110/><W75/><G126/><T63/><D63/><N who="2" m="24106" /><F91/><W69/><G112/><T94/><D124/><U39/><E107/><V130/><F130/><W71/><G75/><T23/><D43/><U49/><E109/><V104/><F104/><W45/><G25/><T78/><D78/><U21/><E128/><V44/><F81/><W102/><G57/><T125/><D28/><U87/><E8/><N who="2" m="3115" /><F7/><W108/><G108/><T129/><D106/><U86/><E113/><V41/><F41/><W76/><G76/><T114/><D114/><U38/><E21/><V16/><F16/><W118/><G118/><T61/><D105/><U36/><N who="1" m="9728" /><DORA hai="92" /><U12/><E12/><V53/><F53/><W79/><G79/><T85/><D125/><U33/><E33/><V26/><F26/><W74/><G74/><T47/><D34/><U122/><E122/><V134/><F73/><W29/><G29/><T97/><D129/><U0/><E0/><V80/><F80/><W14/><REACH who="3" step="1"/><G90/><REACH who="3" ten="250,250,250,240" step="2"/><T20/><D116/><U131/><E131/><V52/><F44/><W18/><G18/><T4/><D47/><U99/><REACH who="1" step="1"/><E59/><REACH who="1" ten="250,240,250,240" step="2"/><V77/><F77/><W127/><G127/><T51/><D117/><U95/><E95/><AGARI ba="0,2" hai="5,9,14,45,48,54,69,71,84,89,95,100,101,102" machi="95" ten="40,5200,0" yaku="1,1,52,1,53,1" doraHai="42,92" doraHaiUra="31,83" who="3" fromWho="1" sc="250,0,240,-52,250,0,240,72" /><INIT seed="1,0,0,3,1,84" ten="250,188,250,312" oya="1" hai0="47,96,4,13,124,105,66,91,40,129,69,50,79" hai1="117,6,29,133,54,56,103,85,21,23,93,78,92" hai2="0,109,12,58,59,63,80,132,45,94,33,127,52" hai3="17,42,64,32,100,131,27,31,81,108,55,5,104"/><U77/><E117/><V73/><F0/><W68/><G131/><T76/><D129/><U98/><E6/><V18/><F33/><W19/><G108/><T82/><D105/><U135/><E29/><V8/><F109/><W41/><G5/><T113/><D113/><U121/><E121/><V10/><F132/><W49/><G81/><T30/><D124/><U83/><E78/><V34/><F34/><W114/><G114/><T28/><D69/><U3/><E3/><V116/><F116/><W11/><G68/><T24/><D66/><U111/><E111/><V38/><F127/><W44/><G64/><T128/><D128/><U20/><REACH who="1" step="1"/><E93/><REACH who="1" ten="250,178,250,312" step="2"/><V48/><F94/><W2/><G2/><T101/><D76/><U61/><AGARI ba="0,1" hai="20,21,23,54,56,61,77,83,85,92,98,103,133,135" machi="61" ten="30,6000,0" yaku="1,1,2,1,0,1,53,0" doraHai="84" doraHaiUra="125" who="1" fromWho="1" sc="250,-20,178,70,250,-20,312,-20" /><INIT seed="1,1,0,4,1,102" ten="230,248,230,292" oya="1" hai0="71,112,52,6,46,133,18,97,124,95,68,45,12" hai1="25,119,40,41,31,98,66,24,101,59,90,62,117" hai2="33,48,92,103,64,107,106,69,55,113,7,78,26" hai3="8,118,84,129,74,109,115,127,77,23,63,128,126"/><U36/><E90/><V15/><F113/><W16/><G115/><T0/><D112/><U104/><E25/><V13/><F78/><W91/><G118/><T125/><D133/><U34/><REACH who="1" step="1"/><E36/><REACH who="1" ten="230,238,230,292" step="2"/><V80/><F26/><N who="3" m="14695" /><G109/><T10/><D125/><N who="3" m="47625" /><G63/><T17/><D124/><U21/><E21/><V38/><F38/><W130/><G8/><T132/><D10/><U20/><E20/><V96/><F33/><W73/><G77/><T76/><D76/><U99/><E99/><V29/><F96/><W105/><G105/><T30/><D97/><U116/><AGARI ba="1,1" hai="24,31,34,40,41,59,62,66,98,101,104,116,117,119" machi="116" ten="30,6000,0" yaku="1,1,0,1,52,1,53,0" doraHai="102" doraHaiUra="19" who="1" fromWho="1" sc="230,-21,238,73,230,-21,292,-21" /><INIT seed="1,2,0,4,2,123" ten="209,311,209,271" oya="1" hai0="67,38,103,8,128,119,104,31,115,54,93,53,118" hai1="75,55,30,3,108,129,125,32,44,65,66,13,69" hai2="124,16,113,89,47,11,135,24,121,98,36,29,59" hai3="102,2,132,9,109,33,105,127,85,88,43,28,68"/><U86/><E75/><V39/><F121/><W10/><G68/><T25/><D38/><U94/><E3/><V42/><F135/><W79/><G132/><T48/><D104/><U45/><E32/><V5/><F124/><W90/><G127/><T37/><D37/><U114/><E30/><V4/><F39/><W126/><G126/><T14/><D115/><U63/><E125/><V83/><F113/><W131/><G131/><T34/><D67/><U120/><E114/><V58/><F4/><W15/><G2/><T26/><D26/><U71/><E120/><V6/><F5/><W21/><G33/><T117/><D128/><U84/><E129/><V7/><F6/><W97/><G43/><T1/><D1/><U22/><E94/><V57/><F7/><W78/><G109/><T62/><D62/><U87/><E108/><V110/><F110/><W95/><G90/><T122/><D122/><U74/><E74/><V133/><F133/><W56/><G56/><T92/><D103/><U107/><E107/><V12/><F98/><W112/><G112/><T41/><D41/><U101/><E101/><V51/><F36/><W77/><REACH who="3" step="1"/><G28/><REACH who="3" ten="209,311,209,261" step="2"/><T134/><D134/><U91/><E91/><V116/><F89/><W61/><G61/><T73/><D34/><U23/><E71/><V50/><F50/><W76/><G76/><T130/><D48/><U106/><E69/><V52/><F42/><W40/><G40/><T0/><D130/><U96/><E63/><V35/><F83/><W80/><G80/><T81/><D81/><U20/><E44/><V70/><F70/><RYUUKYOKU ba="2,1" sc="209,-15,311,-15,209,15,261,15" hai2="11,12,16,24,29,35,47,51,52,57,58,59,116" hai3="9,10,15,21,77,78,79,85,88,95,97,102,105" /><INIT seed="2,3,1,3,5,124" ten="194,296,224,276" oya="2" hai0="53,49,17,113,115,83,93,80,33,129,89,73,121" hai1="39,34,61,65,82,109,16,15,9,95,84,37,79" hai2="41,75,29,25,99,106,105,54,18,22,47,135,62" hai3="5,77,21,56,30,57,130,14,102,96,3,133,27"/><V0/><F0/><W134/><G130/><T10/><D121/><U43/><E34/><V35/><F75/><W60/><G77/><T4/><D33/><U70/><E109/><V42/><F135/><N who="3" m="51723" /><G3/><T7/><D17/><U123/><E123/><V97/><F106/><N who="3" m="63815" /><G60/><T125/><D125/><U117/><E117/><V52/><F42/><W90/><G90/><T64/><D129/><U128/><E128/><V32/><F32/><W119/><G119/><T45/><D73/><U1/><E1/><V6/><F6/><W46/><G46/><T122/><D4/><U48/><E95/><V92/><F105/><W36/><G36/><T11/><D122/><U86/><E86/><V44/><F44/><W88/><G88/><T69/><D7/><U78/><E79/><V2/><F2/><W103/><G103/><T67/><D69/><U76/><E76/><V51/><F62/><W120/><G120/><T19/><D115/><U98/><E98/><V104/><F104/><W85/><G85/><N who="0" m="52399" /><D113/><U91/><E78/><V40/><F40/><W38/><G38/><T31/><D31/><U116/><E116/><V59/><F59/><W107/><G107/><T55/><D55/><U13/><REACH who="1" step="1"/><E15/><REACH who="1" ten="194,286,224,276" step="2"/><N who="2" m="9567" /><F99/><W112/><G112/><T131/><D131/><U68/><E68/><V108/><F108/><W20/><G14/><N who="0" m="7639" /><D83/><U72/><E72/><V87/><F97/><W81/><G81/><T94/><D94/><U111/><E111/><V63/><F92/><W127/><G127/><T101/><D80/><U132/><E132/><V126/><F126/><W118/><G118/><T26/><D101/><RYUUKYOKU ba="3,2" sc="194,-10,286,30,224,-10,276,-10" hai1="9,13,16,37,39,43,48,61,65,70,82,84,91" /><INIT seed="3,4,2,0,3,116" ten="184,316,214,266" oya="3" hai0="85,27,42,7,4,127,110,121,58,50,43,93,34" hai1="60,15,74,66,54,0,99,68,112,135,129,89,122" hai2="64,83,51,77,40,98,36,37,14,13,133,113,52" hai3="134,29,23,130,61,31,1,28,97,39,22,120,55"/><W3/><G120/><T30/><D121/><U65/><E122/><V78/><F113/><W96/><G39/><T18/><D18/><U114/><E74/><V6/><F133/><W132/><G130/><T72/><D72/><U94/><E0/><N who="3" m="74" /><G55/><N who="0" m="32119" /><D34/><U76/><E76/><N who="2" m="29291" /><F37/><W11/><G11/><T20/><D127/><U103/><E135/><N who="3" m="51754" /><G61/><T63/><D110/><U33/><E33/><V44/><F36/><W46/><G46/><T87/><D63/><U82/><E129/><V81/><F64/><W88/><G88/><N who="0" m="53391" /><D87/><U57/><E15/><N who="2" m="5643" /><F6/><AGARI ba="4,2" hai="4,6,7,20,27,30,42,43" m="53391,32119" machi="6" ten="30,2000,0" yaku="8,1,54,1" doraHai="116" who="0" fromWho="2" sc="184,52,316,0,214,-32,266,0" owari="236,-16.0,316,41.0,182,-32.0,266,7.0" /></mjloggm>