<mjloggm ver="2.3"><GO type="97" lobby="0"/><UN n0="%E3%81%B1%E3%81%BF%E3%82%85%E3%81%AE%E6%84%9A%E6%81%AF" n1="%44%65%78%4D" n2="%E7%B6%BE%E7%80%AC%E5%A5%88%E9%83%BD%E5%B8%8C" n3="%E5%B0%B1%E6%B4%BB%E7%94%9F%40%E5%B7%9D%E6%9D%91%E8%BB%8D%E5%9B%A3" dan="13,15,15,15" rate="1862.32,1947.12,1984.83,2008.58" sx="M,M,F,M"/><TAIKYOKU oya="0"/><INIT seed="0,0,0,1,0,62" ten="250,250,250,250" oya="0" hai0="118,57,39,130,109,34,63,74,81,125,113,8,99" hai1="68,1,135,5,52,9,11,73,19,30,22,17,129" hai2="134,58,28,20,66,14,116,87,93,32,83,132,3" hai3="48,108,4,112,69,95,124,7,10,84,42,31,41"/><T88/><D118/><U94/><E73/><V44/><F3/><W29/><G112/><T123/><D113/><U36/><E36/><V72/><F116/><W24/><G69/><T78/><D123/><U89/><E68/><V92/><F72/><W16/><G108/><T97/><D34/><U107/><E107/><V90/><F32/><W15/><G124/><T98/><D125/><U100/><E100/><V38/><F38/><W12/><G7/><T25/><D39/><U104/><E104/><V96/><F44/><N who="3" m="25615" /><G42/><T55/><D130/><U71/><E71/><V23/><F28/><W21/><G24/><T59/><D109/><U67/><E129/><V70/><F70/><W75/><G75/><T91/><D8/><U114/><E114/><V40/><F40/><W86/><G86/><T110/><D110/><U102/><E102/><N who="2" m="60679" /><F14/><W127/><G127/><T106/><D106/><U111/><E111/><V77/><F132/><W103/><G103/><T128/><D128/><U53/><E135/><V80/><F134/><W0/><G0/><T120/><D120/><U43/><E43/><V50/><F87/><W105/><G105/><T18/><D57/><U45/><E30/><V47/><F58/><W101/><G101/><T60/><REACH who="0" step="1"/><D60/><REACH who="0" ten="240,250,250,250" step="2"/><U13/><E11/><V117/><F117/><W61/><G61/><T115/><D115/><U76/><E13/><V64/><F20/><AGARI ba="0,1" hai="18,20,25,55,59,63,74,78,81,88,91,97,98,99" machi="20" ten="40,12000,1" yaku="1,1,54,1,53,2" doraHai="62" doraHaiUra="85" who="0" fromWho="2" sc="240,130,250,0,250,-120,250,0" /><INIT seed="0,1,0,2,1,12" ten="370,250,130,250" oya="0" hai0="73,132,51,43,9,89,124,62,68,113,59,46,103" hai1="38,44,96,0,128,105,49,57,86,121,17,30,1" hai2="131,58,3,48,135,91,87,126,114,94,20,45,25" hai3="5,110,50,111,6,108,35,72,31,16,82,63,100"/><T21/><D73/><U36/><E121/><V65/><F114/><W75/><G63/><T85/><D113/><U37/><E30/><V107/><F126/><W77/><G75/><T129/><D124/><U71/><E71/><V39/><F135/><W81/><G81/><T26/><D129/><U92/><E128/><V42/><F131/><W122/><G122/><T32/><D132/><U80/><E105/><V109/><F109/><W55/><G100/><T120/><D120/><U4/><E57/><V102/><F3/><W2/><G2/><T104/><D68/><U97/><E17/><V40/><F40/><W29/><G29/><N who="0" m="17615" /><D32/><U117/><E117/><V83/><F107/><W93/><G93/><N who="0" m="54447" /><D104/><U7/><E1/><V8/><F8/><W70/><G70/><T24/><D24/><U84/><E0/><V112/><F112/><W10/><G31/><T78/><D9/><U27/><E27/><V33/><F33/><W79/><G35/><T125/><D125/><U95/><E7/><V127/><F127/><W61/><G61/><T90/><D90/><U133/><E4/><V118/><F118/><W115/><G79/><T66/><D103/><U18/><E133/><V52/><F65/><W28/><G28/><T15/><D15/><U130/><E130/><V23/><REACH who="2" step="1"/><F25/><REACH who="2" ten="370,250,120,250" step="2"/><W76/><G115/><T22/><D22/><U60/><E38/><V123/><F123/><W56/><G76/><AGARI ba="1,1" hai="43,46,51,59,62,66,76,78" m="54447,17615" machi="76" ten="30,1500,0" yaku="8,1" doraHai="12" who="0" fromWho="3" sc="370,28,250,0,120,0,250,-18" /><INIT seed="0,2,0,5,4,1" ten="398,250,120,232" oya="0" hai0="125,126,63,26,90,37,107,57,104,47,128,2,55" hai1="108,114,28,76,7,103,14,27,82,134,98,78,80" hai2="9,24,83,66,13,81,94,105,58,44,21,62,38" hai3="102,29,50,53,34,17,4,23,12,100,19,87,132"/><T118/><D118/><U10/><E108/><V68/><F105/><W131/><G132/><T129/><D2/><U79/><E134/><V121/><F121/><W35/><G131/><N who="0" m="50251" /><D26/><U109/><E109/><V43/><F68/><W71/><G71/><T130/><D90/><U111/><E111/><V99/><F21/><N who="3" m="11431" /><G34/><T49/><D107/><U96/><E114/><V84/><F84/><W127/><G4/><T69/><N who="0" m="50259" /><T97/><DORA hai="56" /><D97/><U123/><E123/><V36/><F36/><W72/><G29/><T30/><D30/><U70/><E70/><V52/><F66/><W60/><G72/><T51/><D104/><U95/><REACH who="1" step="1"/><E98/><REACH who="1" ten="398,240,120,232" step="2"/><V65/><F65/><W116/><G116/><T42/><D69/><U46/><E46/><V110/><F110/><W86/><G127/><AGARI ba="2,1" hai="37,42,47,49,51,55,57,63,125,126,127" m="50259" machi="127" ten="40,12000,1" yaku="18,1,19,1,34,2,52,1" doraHai="1,56" who="0" fromWho="3" sc="398,136,240,0,120,0,232,-126" /><INIT seed="0,3,0,3,0,86" ten="534,240,120,106" oya="0" hai0="55,65,97,26,5,74,47,135,67,75,78,126,60" hai1="38,103,95,87,84,114,54,127,19,27,50,100,22" hai2="83,71,121,8,13,7,108,94,88,21,70,90,134" hai3="56,59,109,16,76,130,11,18,53,117,62,30,42"/><T98/><D126/><U57/><E38/><V85/><F121/><W110/><G117/><T29/><D5/><U20/><E127/><V116/><F116/><W39/><G130/><T122/><D122/><U37/><E37/><V66/><F108/><N who="3" m="41579" /><G76/><T120/><D120/><U63/><E114/><V132/><F21/><W36/><G30/><T52/><D135/><N who="2" m="51754" /><F66/><N who="0" m="25098" /><D75/><U41/><E22/><V48/><F48/><W23/><G56/><N who="0" m="34823" /><D78/><U124/><E124/><V4/><F4/><W12/><G42/><T77/><D77/><U125/><E125/><V2/><F2/><W101/><G101/><N who="1" m="38986" /><E95/><V89/><F89/><W96/><G96/><AGARI ba="3,0" hai="7,8,13,70,71,83,85,88,90,94,96" m="51754" machi="96" ten="30,7700,0" yaku="20,1,52,2,54,1" doraHai="86" who="2" fromWho="3" sc="534,0,240,0,120,86,106,-86" /><INIT seed="1,0,0,1,4,46" ten="534,240,206,20" oya="1" hai0="48,1,94,5,122,132,116,16,44,133,28,79,10" hai1="54,53,71,21,31,120,114,38,15,106,102,13,34" hai2="88,32,113,67,0,17,56,51,73,69,129,77,75" hai3="89,119,58,84,128,105,49,35,90,124,11,23,93"/><U101/><E114/><V3/><F129/><W39/><G35/><T130/><D122/><U14/><E120/><V131/><F131/><W82/><G39/><T66/><D116/><U85/><E38/><V24/><F32/><W55/><G105/><T110/><D110/><U50/><E71/><V62/><F77/><W117/><G124/><T97/><D79/><U43/><E34/><V96/><F75/><W41/><G128/><T134/><D66/><U27/><E106/><V81/><F73/><W47/><G11/><T98/><D130/><U29/><E29/><V135/><F135/><W95/><G23/><T111/><D111/><U25/><E25/><V112/><F112/><W7/><G7/><T115/><D115/><U18/><E85/><V12/><F24/><W36/><REACH who="3" step="1"/><G82/><REACH who="3" ten="534,240,206,10" step="2"/><T100/><D132/><U78/><E21/><V60/><F81/><W61/><G61/><T123/><D133/><U108/><E108/><V72/><F62/><W107/><G107/><T74/><D134/><U76/><E102/><V68/><F60/><W64/><G64/><T126/><D126/><U33/><E101/><V63/><F67/><W20/><G20/><T104/><D123/><U127/><E33/><V99/><F63/><W6/><G6/><T121/><D121/><U52/><E127/><V37/><F37/><W4/><G4/><T19/><D5/><U8/><E8/><V87/><F113/><W91/><G91/><T59/><D10/><U118/><E118/><V109/><F88/><W42/><G42/><T92/><D104/><U22/><E31/><V57/><F109/><RYUUKYOKU ba="0,1" sc="534,-15,240,15,206,-15,10,15" hai1="13,14,15,18,22,27,43,50,52,53,54,76,78" hai3="36,41,47,49,55,58,84,89,90,93,95,117,119" /><INIT seed="1,1,1,2,4,36" ten="519,255,191,25" oya="1" hai0="54,57,20,117,7,107,130,72,120,79,134,114,44" hai1="62,2,23,84,135,118,98,128,67,10,71,127,12" hai2="119,116,76,6,129,96,1,49,25,21,74,50,45" hai3="124,133,126,81,105,9,60,40,103,51,55,104,43"/><U78/><E118/><V85/><F129/><W38/><G133/><T106/><D117/><U22/><E135/><V89/><F96/><W99/><G104/><T70/><D70/><U31/><E128/><V113/><F113/><W37/><G60/><T94/><D130/><U86/><E2/><V131/><F131/><W24/><G24/><T17/><D134/><U101/><E127/><N who="3" m="48682" /><G9/><T8/><D114/><U132/><E132/><V93/><F6/><W83/><G38/><T35/><D35/><U13/><E13/><V58/><F1/><W0/><G0/><T19/><D19/><U95/><E31/><N who="2" m="17839" /><F74/><W82/><G37/><T123/><D94/><U5/><REACH who="1" step="1"/><E78/><REACH who="1" ten="519,245,191,25" step="2"/><V39/><F76/><W88/><G88/><T30/><D79/><U27/><E27/><V64/><F89/><W53/><G53/><T102/><D54/><U110/><E110/><V14/><F119/><W11/><G11/><T61/><D8/><U80/><E80/><N who="3" m="20482" /><W122/><DORA hai="109" /><G122/><T115/><D123/><U87/><AGARI ba="1,2" hai="5,10,12,22,23,62,67,71,84,86,87,95,98,101" machi="87" ten="30,6000,0" yaku="1,1,0,1,53,1" doraHai="36,109" doraHaiUra="90,112" who="1" fromWho="1" sc="519,-21,245,83,191,-21,25,-21" /><INIT seed="1,2,0,3,5,54" ten="498,328,170,4" oya="1" hai0="4,134,133,125,108,101,99,48,74,29,38,95,34" hai1="43,47,9,65,17,6,25,5,70,123,100,89,118" hai2="119,10,13,56,113,18,62,93,7,39,41,63,130" hai3="28,53,45,1,112,72,90,0,40,58,92,22,44"/><U8/><E123/><V91/><F119/><W122/><G72/><T73/><D38/><U76/><E118/><V16/><F130/><W82/><G122/><T131/><D131/><U61/><E100/><V21/><F113/><W128/><G112/><T88/><D125/><U52/><E76/><V35/><F35/><W83/><G128/><T30/><D108/><U20/><E89/><V110/><F110/><W64/><G1/><T104/><D4/><U85/><E85/><N who="2" m="52463" /><F39/><W66/><G0/><T31/><D48/><U60/><E6/><V79/><F79/><W102/><G102/><T106/><D34/><U23/><E5/><V71/><F71/><W103/><G103/><T68/><D68/><U124/><E23/><V37/><F37/><W27/><G82/><T120/><D120/><U96/><E96/><V12/><F41/><W114/><G83/><T55/><D55/><U111/><E124/><V86/><F86/><N who="3" m="52311" /><G114/><T59/><D59/><U109/><E43/><V2/><F2/><W107/><G107/><N who="0" m="41003" /><D101/><U117/><E117/><V81/><F81/><W129/><G129/><T26/><D26/><U87/><E111/><V19/><F56/><W69/><G69/><T50/><D50/><N who="1" m="28767" /><E109/><V11/><F11/><N who="1" m="4169" /><E61/><AGARI ba="2,0" hai="7,10,12,13,16,18,19,21,61,62,63" m="52463" machi="61" ten="30,2000,0" yaku="8,1,54,1" doraHai="54" who="2" fromWho="1" sc="498,0,328,-26,170,26,4,0" /><INIT seed="2,0,0,3,1,129" ten="498,302,196,4" oya="2" hai0="52,54,12,77,59,32,40,105,89,11,100,28,115" hai1="14,47,80,31,128,35,58,29,116,94,76,5,124" hai2="74,90,24,66,95,125,73,84,1,122,13,92,86" hai3="49,33,8,46,98,18,99,107,101,63,10,68,4"/><V36/><F122/><W132/><G10/><T97/><D40/><U135/><E116/><V79/><F1/><N who="3" m="15" /><G18/><T96/><D77/><U110/><E35/><V2/><F36/><W123/><G98/><T88/><D28/><U38/><E38/><V17/><F2/><W62/><G62/><T78/><D78/><U70/><E70/><V56/><F125/><W26/><G123/><T93/><D32/><U57/><E110/><V45/><F24/><W15/><G15/><T87/><D115/><U121/><E121/><V126/><F126/><W75/><G49/><T53/><D89/><U16/><E124/><V83/><F45/><W91/><G46/><T48/><D97/><U109/><E109/><V130/><F130/><W127/><G91/><T37/><D37/><U23/><E128/><V108/><F108/><W22/><G22/><T106/><D106/><U25/><E5/><AGARI ba="0,0" hai="5,11,12,48,52,53,54,59,87,88,93,96,100,105" machi="5" ten="30,3900,0" yaku="7,1,54,2" doraHai="129" who="0" fromWho="1" sc="498,39,302,-39,196,0,4,0" /><INIT seed="3,0,0,4,0,46" ten="537,263,196,4" oya="3" hai0="86,133,25,121,131,17,26,110,8,50,96,62,40" hai1="128,81,36,42,107,85,104,68,64,18,132,124,52" hai2="47,77,82,57,7,135,27,15,120,67,70,35,41" hai3="38,130,3,32,51,44,48,63,98,4,74,10,76"/><W60/><G130/><T89/><D133/><U118/><E18/><V80/><F135/><W127/><G127/><T31/><D110/><U88/><E132/><V54/><F120/><W97/><G32/><T87/><D31/><U102/><E102/><V75/><F80/><N who="3" m="45079" /><G63/><T30/><D30/><U13/><E13/><V92/><F35/><W33/><G33/><T114/><D131/><U95/><E128/><V0/><F0/><W90/><G60/><T116/><D62/><N who="1" m="39959" /><E81/><V126/><F70/><W59/><G59/><T109/><D50/><N who="3" m="18985" /><G90/><T65/><D116/><U73/><E73/><V49/><F126/><W113/><G113/><T58/><D114/><U12/><E124/><V125/><F67/><W129/><G129/><T5/><D65/><U112/><E112/><V39/><F125/><W6/><G6/><T105/><D5/><U83/><E95/><V16/><F92/><W91/><G91/><T66/><D58/><U9/><E52/><V20/><REACH who="2" step="1"/><F7/><REACH who="2" ten="537,263,186,4" step="2"/><W115/><G115/><T34/><D121/><U19/><E83/><V103/><F103/><W72/><G72/><T11/><D105/><U2/><E107/><V28/><F28/><W119/><G119/><T134/><D34/><U56/><E104/><V99/><F99/><W45/><G45/><T37/><D96/><U1/><E2/><V100/><F100/><W21/><G21/><T122/><D122/><U22/><E1/><V69/><F69/><W29/><G29/><T111/><D111/><U43/><E22/><V78/><F78/><W55/><G55/><T101/><D109/><U123/><E123/><RYUUKYOKU ba="0,1" sc="537,-15,263,-15,186,15,4,15" hai2="15,16,20,27,39,41,47,49,54,57,75,77,82" hai3="3,4,10,38,44,97,98" /><INIT seed="3,1,1,5,0,83" ten="522,248,201,19" oya="3" hai0="36,76,54,69,78,27,22,51,1,24,87,116,30" hai1="45,59,40,5,55,75,109,133,129,114,117,21,79" hai2="89,74,103,62,20,86,112,123,56,124,18,19,48" hai3="77,93,97,73,135,29,119,70,96,108,34,52,118"/><W68/><G135/><T98/><D69/><U23/><E114/><V8/><F112/><W14/><G108/><T38/><D1/><U122/><E122/><V101/><F123/><W66/><G34/><T39/><D116/><U10/><E109/><V33/><F74/><W130/><G29/><T125/><D125/><U126/><E133/><V4/><F124/><W106/><G106/><T105/><D87/><U121/><E121/><V104/><F104/><W53/><G130/><T35/><D98/><U91/><E126/><V47/><F8/><W71/><G66/><T100/><D105/><U131/><E117/><V61/><F4/><W2/><G2/><T67/><D100/><N who="2" m="38474" /><F33/><W111/><G111/><T134/><D67/><U28/><E91/><V13/><F18/><W16/><G77/><T46/><D46/><U88/><E88/><V49/><F49/><W127/><G73/><T94/><D94/><U113/><E113/><V44/><F44/><W42/><G42/><T58/><D134/><U60/><E79/><V65/><F47/><W92/><G127/><T6/><D6/><U107/><E75/><V9/><F9/><N who="3" m="6223" /><G119/><T80/><D80/><U17/><E107/><V115/><F115/><W31/><G31/><T85/><D76/><U132/><E28/><V37/><F37/><W25/><G25/><N who="0" m="18895" /><D22/><U32/><E32/><V82/><F65/><W81/><G118/><T26/><D78/><U63/><E132/><V84/><F48/><W57/><G81/><T3/><D3/><U102/><E131/><V99/><F82/><W50/><G53/><T90/><D39/><RYUUKYOKU ba="1,1" sc="522,15,248,-15,201,-15,19,15" hai0="24,26,27,36,38,51,54,58,85,90" hai3="50,52,57,68,70,71,92,93,96,97" /><INIT seed="3,2,1,2,2,39" ten="537,233,186,34" oya="3" hai0="25,31,78,128,21,97,76,94,67,9,44,86,110" hai1="42,38,51,98,12,91,32,64,109,90,33,22,66" hai2="6,5,101,82,34,7,49,81,56,68,105,48,88" hai3="84,134,114,50,65,19,26,70,120,57,17,2,16"/><W107/><G120/><T115/><D110/><U116/><E38/><V54/><F68/><W117/><G114/><T89/><D128/><U43/><E33/><V14/><F34/><W103/><G117/><T79/><D115/><U40/><E32/><V122/><F122/><W71/><G134/><T108/><D108/><U59/><E109/><V104/><F104/><W111/><G111/><T135/><D135/><U11/><E116/><V13/><F101/><W73/><G2/><T121/><D121/><U63/><E22/><V0/><F0/><W99/><G73/><T10/><D67/><U96/><E66/><V45/><F105/><W3/><G3/><T126/><D126/><U119/><E119/><V118/><F118/><W27/><G84/><T37/><D37/><U133/><E133/><V93/><F82/><W61/><REACH who="3" step="1"/><G71/><REACH who="3" ten="537,233,186,24" step="2"/><T52/><D86/><U77/><E98/><N who="2" m="57639" /><F81/><W106/><G106/><T30/><D30/><U62/><E96/><V127/><F127/><W47/><G47/><T100/><D97/><U132/><E132/><V18/><F45/><W55/><AGARI ba="2,2" hai="16,17,19,26,27,50,55,57,61,65,70,99,103,107" machi="55" ten="30,6000,0" yaku="1,1,0,1,54,1,53,0" doraHai="39" doraHaiUra="112" who="3" fromWho="3" sc="537,-22,233,-22,186,-22,24,86" /><INIT seed="3,3,0,2,4,111" ten="515,211,164,110" oya="3" hai0="72,7,18,62,120,55,131,23,94,132,27,56,17" hai1="38,24,53,2,70,16,83,11,47,126,130,74,102" hai2="101,40,84,13,26,9,68,49,67,110,5,34,122" hai3="61,129,133,32,85,90,76,20,3,65,107,10,66"/><W121/><G121/><T37/><D120/><U57/><E70/><V96/><F122/><W127/><G127/><T87/><D72/><U69/><E69/><V89/><F110/><W52/><G129/><T100/><D37/><U35/><E102/><V71/><F71/><W81/><G107/><T39/><D39/><U73/><E130/><V97/><F68/><W109/><G133/><T91/><D132/><U78/><E74/><V44/><F67/><N who="3" m="25611" /><G32/><T79/><D131/><U106/><E106/><V6/><F6/><W118/><G118/><T21/><D7/><N who="1" m="1527" /><E126/><V43/><F43/><W75/><G109/><T104/><D104/><U99/><E99/><V114/><F114/><W0/><G0/><T28/><D79/><U8/><E8/><V12/><F101/><W15/><G3/><T45/><D45/><U36/><E36/><V1/><F1/><W59/><G75/><T77/><D77/><U92/><E92/><V64/><F64/><W86/><G20/><N who="0" m="15463" /><D100/><U117/><E117/><V125/><F125/><W63/><G63/><T124/><D124/><U95/><E95/><V88/><F34/><W19/><G85/><T134/><D134/><U33/><E24/><V51/><F84/><W30/><G30/><T128/><D128/><U135/><E135/><V22/><F26/><W58/><G58/><T48/><D62/><N who="1" m="36143" /><E16/><AGARI ba="3,0" hai="16,17,18,21,23,48,55,56,87,91,94" m="15463" machi="16" ten="30,2000,0" yaku="8,1,54,1" doraHai="111" who="0" fromWho="1" sc="515,29,211,-29,164,0,110,0" owari="544,65.0,182,-2.0,164,-24.0,110,-39.0" /></mjloggm>