<mjloggm ver="2.3"><GO type="169" lobby="0"/><UN n0="%E3%83%88%E3%83%88%E3%83%AA%E5%85%88%E7%94%9F%31%39%E6%AD%B3" n1="%43%48%49%52%4F%52%55" n2="%E3%83%90%E3%83%90%E3%82%A2%E3%81%AE%E6%97%A5%E5%82%98" n3="%77%61%72%75" dan="17,17,17,16" rate="2143.69,2114.97,2096.23,2083.23" sx="F,M,F,M"/><TAIKYOKU oya="0"/><INIT seed="0,0,0,3,2,7" ten="250,250,250,250" oya="0" hai0="88,43,105,2,120,81,83,125,19,69,21,85,122" hai1="10,41,89,61,15,29,44,70,30,22,108,17,56" hai2="128,24,92,113,36,39,12,35,4,76,84,130,51" hai3="79,28,114,58,96,74,102,87,48,110,9,1,73"/><T63/><D105/><U52/><E108/><V34/><F113/><W90/><G114/><T23/><D2/><U59/><E70/><V97/><F51/><W54/><G110/><T112/><D112/><U127/><E127/><V6/><F76/><W5/><G28/><T126/><D43/><U26/><E59/><V78/><F84/><W65/><G65/><N who="0" m="41151" /><D81/><U53/><E89/><V77/><F78/><W38/><G38/><T98/><D98/><U60/><E60/><V100/><F77/><W106/><REACH who="3" step="1"/><G79/><REACH who="3" ten="250,250,250,240" step="2"/><T62/><D122/><U118/><E118/><V66/><F36/><W27/><G27/><T111/><D120/><U132/><E132/><V91/><F39/><W95/><AGARI ba="0,1" hai="1,5,9,48,54,58,73,74,87,90,95,96,102,106" machi="95" ten="20,5200,0" yaku="1,1,0,1,7,1,52,1,53,0" doraHai="7" doraHaiUra="57" who="3" fromWho="3" sc="250,-26,250,-13,250,-13,240,62" /><INIT seed="1,0,0,2,2,29" ten="224,237,237,302" oya="1" hai0="65,91,4,112,28,102,69,26,111,32,87,8,115" hai1="53,18,109,106,7,39,37,134,33,19,62,130,103" hai2="36,97,89,85,38,67,52,74,17,3,81,57,27" hai3="5,11,86,63,15,10,79,76,122,83,100,72,99"/><U107/><E7/><V119/><F74/><W128/><G122/><T43/><D111/><U13/><E109/><V49/><F119/><W54/><G128/><T55/><D102/><U135/><E130/><V88/><F3/><W123/><G123/><T59/><D43/><U127/><E103/><V30/><F17/><N who="1" m="6153" /><E13/><V21/><REACH who="2" step="1"/><F67/><REACH who="2" ten="224,237,227,302" step="2"/><W40/><G72/><T25/><D65/><U41/><E135/><V90/><F90/><W114/><G76/><T77/><D77/><U2/><E2/><V104/><F104/><W113/><G11/><T71/><D8/><U22/><E106/><V51/><F51/><W1/><G1/><T16/><D4/><U101/><E107/><V12/><F12/><W124/><G79/><T68/><D16/><U126/><E134/><V133/><F133/><W82/><G15/><T78/><D78/><U48/><E101/><V6/><F6/><W61/><G5/><T70/><D26/><U80/><E48/><V98/><F98/><W125/><G99/><T105/><D105/><U50/><E50/><V93/><AGARI ba="0,1" hai="21,27,30,36,38,49,52,57,81,85,88,89,93,97" machi="93" ten="30,7900,0" yaku="1,1,0,1,54,2,53,0" doraHai="29" doraHaiUra="132" who="2" fromWho="2" sc="224,-20,237,-39,227,89,302,-20" /><INIT seed="2,0,0,0,4,47" ten="204,198,316,282" oya="2" hai0="98,41,87,24,75,56,73,27,29,16,132,69,28" hai1="22,42,43,117,65,46,83,119,118,120,126,108,55" hai2="70,9,0,77,85,130,116,91,61,86,3,100,39" hai3="53,44,62,112,107,110,95,135,105,50,78,71,19"/><V21/><F116/><W82/><G110/><T111/><D69/><U31/><E31/><V101/><F39/><W128/><G128/><T102/><D111/><U40/><E22/><V57/><F70/><W124/><G124/><T93/><D132/><U51/><E83/><V45/><F77/><W81/><G135/><T66/><D41/><U52/><E108/><V67/><F130/><W63/><G95/><T114/><D114/><U58/><E126/><V122/><F85/><W104/><G112/><T79/><D73/><U32/><E32/><V96/><F122/><W4/><G4/><T7/><D75/><U10/><E10/><V94/><F101/><W12/><G82/><N who="0" m="47583" /><D7/><U35/><E35/><V129/><F129/><W34/><G34/><T123/><D27/><U25/><E25/><V64/><F64/><W38/><G38/><T2/><D2/><U54/><E120/><V88/><F91/><W5/><G5/><T15/><D24/><U106/><E106/><V11/><F21/><W48/><G71/><T26/><D26/><U36/><E36/><V18/><F45/><W23/><REACH who="3" step="1"/><G50/><REACH who="3" ten="204,198,316,272" step="2"/><T127/><D127/><U103/><E103/><V60/><F94/><W14/><G14/><T30/><D123/><U76/><E76/><V84/><F0/><W49/><G49/><T17/><D15/><U134/><E134/><V131/><F3/><W68/><G68/><T6/><D6/><U80/><E80/><V1/><F1/><W33/><G33/><T133/><D133/><U37/><E37/><V125/><F131/><W13/><G13/><T92/><D92/><RYUUKYOKU ba="0,1" sc="204,10,198,10,316,-30,272,10" hai0="16,17,28,29,30,56,66,93,98,102" hai1="40,42,43,46,51,52,54,55,58,65,117,118,119" hai3="12,19,23,44,48,53,62,63,78,81,104,105,107" /><INIT seed="3,1,1,4,0,106" ten="214,208,286,282" oya="3" hai0="105,91,10,42,89,96,0,84,16,125,118,88,4" hai1="35,123,50,132,120,49,31,115,46,22,43,135,75" hai2="116,14,108,102,73,8,72,61,15,37,104,98,39" hai3="103,128,92,51,90,30,126,93,29,97,127,33,17"/><W78/><G128/><T80/><D118/><U111/><E35/><V114/><F116/><W21/><G78/><T134/><D134/><N who="1" m="51243" /><E75/><V68/><F114/><W100/><G33/><T38/><D125/><N who="3" m="47625" /><G51/><T99/><D16/><U112/><E31/><N who="3" m="11786" /><G93/><T23/><D23/><U101/><E22/><V59/><F68/><W94/><G92/><T64/><D64/><U1/><E1/><V67/><F108/><W19/><G19/><T53/><D53/><U24/><E24/><AGARI ba="1,1" hai="17,21,24,90,94,97,100,103" m="11786,47625" machi="24" ten="30,1500,0" yaku="18,1" doraHai="106" who="3" fromWho="1" sc="214,0,208,-18,286,0,282,28" /><INIT seed="3,2,0,2,5,85" ten="214,190,286,310" oya="3" hai0="69,108,31,102,10,36,23,40,41,56,127,4,83" hai1="77,90,21,80,101,133,118,99,25,92,5,110,88" hai2="105,42,68,84,58,34,1,97,128,135,33,124,32" hai3="114,28,43,123,20,98,11,94,120,9,95,52,45"/><W119/><G114/><T72/><D69/><U15/><E110/><V14/><F68/><W49/><G119/><T126/><D108/><U86/><E118/><V115/><F1/><W121/><G95/><T117/><D117/><U51/><E133/><V17/><F115/><W96/><G96/><T12/><D102/><U37/><E37/><V22/><F135/><W39/><G28/><T38/><D56/><U122/><E122/><V30/><F124/><N who="0" m="47658" /><D38/><U55/><E15/><V59/><F128/><W132/><G20/><T8/><D36/><U16/><REACH who="1" step="1"/><E5/><REACH who="1" ten="214,180,286,310" step="2"/><V48/><F14/><W18/><G132/><T27/><D10/><U65/><E65/><V111/><F111/><W79/><G9/><T81/><D72/><U53/><E53/><V29/><F42/><AGARI ba="2,1" hai="4,8,12,23,27,31,40,41,42,81,83" m="47658" machi="42" ten="30,1000,0" yaku="18,1" doraHai="85" who="0" fromWho="2" sc="214,26,180,0,286,-16,310,0" /><INIT seed="4,0,0,1,2,92" ten="240,180,270,310" oya="0" hai0="112,102,82,44,91,6,114,80,49,19,66,56,116" hai1="131,17,5,12,86,60,93,45,4,53,74,14,21" hai2="130,121,22,39,77,120,43,35,110,83,70,61,8" hai3="72,97,84,125,46,37,135,38,63,29,99,0,111"/><T90/><D116/><U109/><E74/><V65/><F110/><W26/><G111/><T16/><D6/><N who="1" m="2667" /><E131/><V96/><F130/><W81/><G0/><T33/><D33/><U124/><E124/><V79/><F35/><W101/><G125/><T32/><D32/><U36/><E36/><V9/><F22/><W54/><G72/><T59/><D102/><U115/><E115/><N who="0" m="44073" /><D82/><U69/><E69/><V41/><F8/><W85/><G135/><T129/><D129/><U119/><E119/><V76/><F9/><W31/><G101/><T50/><D50/><N who="1" m="28879" /><E60/><V104/><F83/><W11/><G11/><T10/><D66/><U23/><E109/><V1/><F1/><W133/><G133/><T18/><D10/><N who="1" m="6295" /><E14/><V27/><F39/><W103/><G63/><T51/><D51/><U55/><E55/><V67/><F67/><W132/><G132/><T117/><D117/><U94/><E94/><V7/><F7/><W118/><G118/><T40/><D80/><U123/><E123/><V64/><F64/><W75/><G75/><T30/><D30/><U127/><E127/><V71/><F71/><W126/><G126/><T100/><D56/><U98/><E86/><V34/><F34/><W25/><G81/><T107/><D59/><U24/><E24/><V62/><F27/><W87/><G54/><T78/><D78/><U57/><E57/><V108/><F61/><W28/><G46/><T122/><D122/><N who="2" m="47210" /><F108/><W20/><G20/><T13/><D13/><U89/><AGARI ba="0,0" hai="21,23,89,93,98" m="6295,28879,2667" machi="89" ten="30,2000,0" yaku="8,1,52,1" doraHai="92" who="1" fromWho="1" sc="240,-10,180,20,270,-5,310,-5" /><INIT seed="5,0,0,1,5,89" ten="230,200,265,305" oya="1" hai0="5,90,116,118,131,19,61,73,93,123,87,14,112" hai1="20,83,125,16,108,67,124,21,50,44,81,40,7" hai2="101,38,62,58,92,135,33,126,75,51,57,27,117" hai3="11,49,12,82,45,130,78,34,25,60,41,109,52"/><U47/><E108/><V54/><F38/><W56/><G109/><T48/><D73/><U22/><E7/><V28/><F117/><W64/><G130/><T100/><D131/><U36/><E67/><V6/><F126/><N who="1" m="48745" /><E16/><V24/><F135/><W15/><G34/><T122/><D112/><U43/><AGARI ba="0,0" hai="20,21,22,36,40,43,44,47,50,81,83" m="48745" machi="43" ten="40,2100,0" yaku="18,1" doraHai="89" who="1" fromWho="1" sc="230,-7,200,21,265,-7,305,-7" /><INIT seed="5,1,0,4,1,108" ten="223,221,258,298" oya="1" hai0="54,39,110,106,52,5,113,100,38,0,116,68,123" hai1="49,34,101,129,53,51,12,133,73,72,44,9,126" hai2="31,28,33,127,29,112,77,81,18,15,102,120,122" hai3="132,45,114,7,107,76,23,135,67,89,4,11,3"/><U111/><E34/><V56/><F102/><W43/><G107/><T48/><D116/><U8/><E111/><V92/><F92/><W61/><G89/><T84/><D110/><U124/><E129/><V36/><F36/><N who="3" m="21735" /><G23/><T2/><D68/><U16/><E133/><N who="3" m="51274" /><G76/><T62/><D123/><U35/><E35/><V17/><F127/><N who="1" m="48681" /><E101/><V103/><F112/><W71/><G7/><T131/><D113/><AGARI ba="1,0" hai="3,4,11,61,67,71,113,114" m="51274,21735" machi="113" ten="30,7700,0" yaku="20,1,23,1,52,2" doraHai="108" who="3" fromWho="0" sc="223,-80,221,0,258,0,298,80" /><INIT seed="6,0,0,1,4,3" ten="143,221,258,378" oya="2" hai0="56,2,44,73,60,121,95,88,115,108,83,69,52" hai1="15,14,65,106,29,12,81,54,5,30,31,129,51" hai2="49,102,90,87,62,28,116,46,124,91,76,23,132" hai3="109,78,25,39,105,84,18,8,80,10,24,120,53"/><V13/><F116/><W89/><G39/><T77/><D108/><U59/><E106/><V130/><F124/><W27/><G105/><T1/><D121/><U45/><E129/><V92/><F132/><W82/><G120/><T75/><D75/><U0/><E0/><V110/><F130/><W7/><G109/><T85/><D115/><U119/><E119/><V35/><F35/><W34/><G34/><T100/><D69/><U123/><E123/><V113/><F113/><W122/><G122/><T97/><REACH who="0" step="1"/><D44/><REACH who="0" ten="133,221,258,378" step="2"/><U127/><E127/><V33/><F46/><W128/><G128/><T72/><D72/><U133/><E133/><V99/><F110/><W101/><G78/><T38/><D38/><U19/><E45/><V9/><F76/><W36/><G36/><T107/><AGARI ba="0,1" hai="1,2,52,56,60,73,77,83,85,88,95,97,100,107" machi="107" ten="20,12000,2" yaku="1,1,0,1,7,1,24,2,54,2,53,0" doraHai="3" doraHaiUra="11" who="0" fromWho="0" sc="133,130,221,-30,258,-60,378,-30" /><INIT seed="7,0,0,5,1,43" ten="263,191,198,348" oya="3" hai0="94,129,112,59,102,32,47,126,91,118,80,134,26" hai1="42,38,127,67,89,77,103,66,50,68,111,98,51" hai2="65,93,72,19,27,92,95,60,132,11,4,99,97" hai3="125,16,56,63,135,3,44,73,76,6,62,85,109"/><W81/><G125/><T22/><D118/><U53/><E111/><V15/><F72/><W69/><G16/><N who="0" m="12615" /><D32/><U20/><E127/><V84/><F132/><W105/><G105/><T107/><D107/><U119/><E119/><V29/><F84/><W54/><G135/><T71/><D71/><U124/><E124/><V2/><F2/><W25/><G25/><T24/><D129/><U12/><E77/><V35/><REACH who="2" step="1"/><F4/><REACH who="2" ten="263,191,188,348" step="2"/><W55/><G73/><T40/><D134/><U128/><E128/><V9/><F9/><W13/><G3/><T28/><D126/><U64/><E89/><V7/><F7/><W88/><G6/><T115/><D91/><U1/><E1/><V117/><F117/><W100/><G88/><T46/><D112/><U39/><E68/><AGARI ba="0,1" hai="11,15,19,27,29,35,60,65,68,92,93,95,97,99" machi="68" ten="40,1300,0" yaku="1,1,53,0" doraHai="43" doraHaiUra="41" who="2" fromWho="1" sc="263,0,191,-13,188,23,348,0" owari="263,6.0,178,-32.0,211,-19.0,348,45.0" /></mjloggm>