<mjloggm ver="2.3"><GO type="97" lobby="0"/><UN n0="%E3%81%9F%E3%81%93%E3%81%99%E3%82%86%E3%83%BC%E3%81%8D" n1="%E3%83%88%E3%83%88%E3%83%AA%E5%85%88%E7%94%9F%31%39%E6%AD%B3" n2="%E6%A8%99%E6%BA%96%E9%9B%80%E5%A3%AB" n3="%70%75%72%75%33%38%35" dan="14,14,15,14" rate="1974.05,2029.70,2011.35,1941.97" sx="F,F,M,M"/><TAIKYOKU oya="0"/><INIT seed="0,0,0,1,0,67" ten="250,250,250,250" oya="0" hai0="82,10,39,130,106,40,48,86,29,90,65,110,12" hai1="74,101,76,28,88,9,58,68,121,7,134,103,45" hai2="25,72,69,22,78,114,31,42,38,27,80,133,127" hai3="108,16,57,84,20,122,2,112,135,132,99,33,116"/><T63/><D106/><U95/><E121/><V100/><F114/><W60/><G112/><T94/><D39/><U73/><E134/><N who="3" m="51242" /><G116/><T129/><D29/><U55/><E68/><V87/><F133/><W1/><G122/><T8/><D110/><U0/><E45/><V3/><F3/><W56/><G33/><T89/><D40/><U53/><E28/><V37/><F127/><W46/><G46/><T93/><D48/><U26/><E26/><V117/><F117/><W113/><G113/><T35/><D35/><U43/><E55/><V24/><F69/><W36/><G36/><T17/><D8/><U59/><E43/><V77/><F100/><W104/><G108/><T75/><D75/><U81/><E74/><V66/><F66/><W71/><G84/><T19/><D19/><U107/><E107/><V54/><F37/><W131/><G131/><N who="0" m="50187" /><D90/><U118/><E118/><V41/><F38/><W44/><G44/><T23/><D23/><U120/><E120/><V105/><F72/><W79/><G79/><T11/><D11/><U47/><E47/><V13/><F77/><W32/><G32/><T4/><D4/><U83/><E76/><V91/><F78/><W92/><G104/><T111/><D111/><U126/><E73/><V62/><F105/><W51/><G51/><T125/><D125/><U30/><E126/><V5/><F5/><W21/><G21/><T97/><D97/><N who="1" m="57575" /><E30/><V34/><F31/><W64/><G2/><T85/><D85/><U109/><E109/><V49/><F22/><W124/><G124/><T61/><D61/><N who="1" m="36047" /><E59/><AGARI ba="0,0" hai="10,12,17,59,63,65,82,86,89,93,94" m="50187" machi="59" ten="30,1500,0" yaku="19,1" doraHai="67" who="0" fromWho="1" sc="250,15,250,-15,250,0,250,0" /><INIT seed="0,1,0,1,2,111" ten="265,235,250,250" oya="0" hai0="35,32,42,37,75,135,3,124,36,38,1,71,105" hai1="73,115,48,68,63,47,104,16,129,20,62,110,97" hai2="58,118,100,43,126,106,109,87,98,57,30,0,53" hai3="21,120,77,17,67,95,66,25,107,52,50,79,41"/><T33/><D124/><U84/><E73/><V22/><F109/><W80/><G107/><T88/><D42/><U55/><E110/><V114/><F126/><W15/><G120/><T119/><D88/><U90/><E129/><V29/><F0/><W89/><G41/><T78/><D119/><U39/><E39/><V117/><F43/><W45/><G79/><T91/><D91/><U31/><E68/><V134/><F134/><W19/><G77/><T61/><D135/><U116/><E116/><N who="2" m="44651" /><F87/><N who="3" m="50407" /><G95/><T101/><D78/><U14/><E115/><V122/><F122/><W83/><G83/><T131/><D131/><U24/><E97/><V60/><F22/><AGARI ba="1,0" hai="15,17,19,21,22,25,45,50,52,66,67" m="50407" machi="22" ten="30,2000,0" yaku="8,1,54,1" doraHai="111" who="3" fromWho="2" sc="265,0,235,0,250,-23,250,23" /><INIT seed="1,0,0,1,2,126" ten="265,235,227,273" oya="1" hai0="30,86,37,65,2,4,83,27,6,45,102,26,32" hai1="43,28,132,88,68,41,60,95,18,78,96,25,114" hai2="133,135,104,17,74,127,93,59,31,94,103,99,10" hai3="36,20,131,13,91,77,129,70,76,105,63,51,113"/><U75/><E114/><V33/><F74/><W11/><G36/><T130/><D65/><U116/><E116/><V58/><F127/><W35/><G35/><T109/><D102/><U111/><E132/><N who="2" m="50763" /><F33/><W110/><G105/><T119/><D119/><U90/><E111/><V97/><F31/><W128/><G113/><T21/><D109/><U48/><E18/><V82/><F82/><W29/><G110/><T34/><D2/><U81/><E48/><V5/><F17/><W92/><G51/><T12/><D12/><U44/><E44/><V23/><F23/><W9/><G70/><T50/><D37/><U117/><E117/><V72/><F72/><W62/><G11/><T85/><D85/><U89/><E60/><N who="3" m="23082" /><G29/><T19/><D34/><U66/><E66/><V73/><F73/><W8/><G20/><T39/><D130/><U55/><E55/><V1/><F104/><W49/><G49/><T57/><D57/><U121/><E68/><V84/><F84/><N who="3" m="52327" /><G9/><T38/><D38/><U53/><E53/><V61/><F61/><W118/><G118/><T22/><D32/><U71/><E71/><V24/><F24/><W123/><G123/><T120/><D39/><U98/><E121/><V52/><F52/><W124/><G124/><T0/><D0/><U108/><E108/><V134/><N who="2" m="50771" /><V47/><DORA hai="46" /><F47/><W80/><G80/><T122/><D122/><U7/><E95/><V112/><F112/><W87/><G87/><T79/><D120/><U56/><E75/><V115/><F115/><W101/><G101/><AGARI ba="0,0" hai="1,5,10,58,59,93,94,97,99,101,103" m="50771" machi="101" ten="40,1300,0" yaku="20,1" doraHai="126,46" who="2" fromWho="3" sc="265,0,235,0,227,13,273,-13" /><INIT seed="2,0,0,1,5,114" ten="265,235,240,260" oya="2" hai0="94,11,22,107,29,47,108,105,96,53,80,19,69" hai1="8,67,62,112,123,102,60,119,20,4,84,7,90" hai2="9,86,76,98,132,117,103,135,5,12,2,111,133" hai3="115,121,21,93,49,0,23,35,122,31,127,48,87"/><V88/><F117/><W120/><G0/><T30/><D69/><U52/><E112/><V38/><F38/><W106/><G115/><T109/><D80/><U95/><E123/><V113/><F113/><W27/><G106/><T39/><D11/><U126/><E119/><V34/><F34/><W63/><G127/><T71/><D71/><U72/><E72/><V74/><F74/><W25/><G63/><T100/><D107/><U37/><E37/><V43/><F43/><W13/><G13/><T61/><D105/><U17/><E126/><V118/><F118/><W32/><G87/><T14/><D39/><U18/><E102/><V99/><F76/><W59/><G93/><T78/><D78/><U42/><E42/><V33/><F33/><N who="3" m="12875" /><G59/><T1/><D1/><U55/><E18/><V68/><F68/><W77/><G77/><T79/><D79/><U104/><E104/><N who="2" m="63607" /><F111/><N who="0" m="42570" /><D61/><N who="1" m="23659" /><E67/><V44/><F44/><W58/><G58/><T128/><D128/><U16/><E17/><V50/><F50/><AGARI ba="0,0" hai="14,19,22,29,30,47,50,53,94,96,100" m="42570" machi="50" ten="30,1000,0" yaku="14,1" doraHai="114" who="0" fromWho="2" sc="265,10,235,0,240,-10,260,0" /><INIT seed="3,0,0,4,5,126" ten="275,235,230,260" oya="3" hai0="42,118,81,45,105,76,68,16,4,27,48,62,103" hai1="64,85,29,77,111,41,95,25,10,5,84,11,15" hai2="120,24,93,52,70,22,60,20,80,50,88,129,37" hai3="116,73,107,14,122,12,101,123,99,66,2,102,28"/><W9/><G116/><T40/><D118/><U96/><E111/><V78/><F37/><W39/><G39/><T125/><D125/><U98/><E41/><V115/><F129/><W49/><G73/><T113/><D113/><U109/><E109/><V130/><F130/><W43/><G28/><T21/><D4/><U83/><E64/><V63/><F115/><W33/><G33/><T100/><D40/><U34/><E95/><V6/><F6/><W17/><G66/><T108/><D108/><U114/><E114/><V74/><F70/><W54/><G43/><T121/><D121/><U110/><E110/><V131/><F131/><W56/><G2/><T87/><REACH who="0" step="1"/><D105/><REACH who="0" ten="265,235,230,260" step="2"/><U82/><REACH who="1" step="1"/><E11/><REACH who="1" ten="265,225,230,260" step="2"/><V69/><F120/><W3/><G123/><T104/><D104/><U19/><E19/><V89/><F69/><W90/><G122/><T92/><D92/><U72/><E72/><V7/><F93/><N who="3" m="56759" /><G107/><T55/><D55/><U35/><E35/><V58/><F52/><W119/><G119/><T36/><D36/><U51/><E51/><V132/><F50/><W134/><G3/><T106/><D106/><U1/><E1/><V31/><F7/><N who="3" m="3135" /><G134/><T0/><D0/><U18/><E18/><V94/><F132/><W47/><G47/><T57/><D57/><U128/><E128/><V61/><F58/><W59/><G59/><T23/><D23/><AGARI ba="0,2" hai="14,17,23,49,54,56,101,102" m="3135,56759" machi="23" ten="30,1500,0" yaku="8,1" doraHai="126" who="3" fromWho="0" sc="265,-15,225,0,230,0,260,35" /><INIT seed="3,1,0,2,5,94" ten="250,225,230,295" oya="3" hai0="132,107,83,40,99,66,130,55,77,6,80,72,129" hai1="58,119,97,2,16,79,42,25,68,17,116,30,7" hai2="95,14,29,41,127,122,70,13,4,104,103,125,65" hai3="113,1,34,48,76,0,24,10,22,111,5,92,64"/><W123/><G123/><T20/><D66/><U75/><E68/><V131/><F104/><W61/><G113/><T60/><D40/><U112/><E112/><V90/><F122/><W11/><G111/><T27/><D6/><U31/><E42/><V15/><F131/><N who="0" m="50186" /><D83/><N who="1" m="45567" /><E58/><V87/><F103/><W114/><G114/><T62/><D132/><U53/><E53/><V28/><F41/><W91/><G34/><T43/><D43/><U100/><E7/><V86/><F4/><W9/><G76/><T106/><D106/><N who="1" m="63759" /><E2/><V134/><F134/><W109/><G109/><T51/><D51/><U50/><E50/><V98/><F65/><W49/><G1/><T78/><D78/><U19/><E25/><V57/><F70/><W74/><G74/><T89/><D55/><U44/><E44/><V124/><F57/><N who="3" m="36911" /><G5/><T108/><D108/><U128/><E128/><V21/><F21/><W73/><G73/><T93/><D107/><U96/><E96/><V105/><F105/><W59/><G0/><T54/><D54/><U120/><E120/><V39/><F39/><W82/><G59/><T12/><D12/><U84/><E84/><AGARI ba="1,0" hai="13,14,15,28,29,84,86,87,90,95,98,124,125,127" machi="84" ten="50,3200,0" yaku="18,1,52,1" doraHai="94" who="2" fromWho="1" sc="250,0,225,-35,230,35,295,0" /><INIT seed="4,0,0,0,1,1" ten="250,190,265,295" oya="0" hai0="78,124,34,127,33,42,56,28,55,99,3,108,74" hai1="63,110,54,73,11,22,131,58,47,126,2,113,83" hai2="41,4,52,96,8,15,20,115,120,116,0,66,121" hai3="17,32,105,88,95,90,64,10,134,35,25,81,103"/><T117/><D117/><U37/><E110/><V7/><F115/><W92/><G134/><T5/><D108/><U123/><E123/><V45/><F66/><W87/><G64/><T119/><D119/><U91/><E22/><V14/><F116/><W59/><G105/><T62/><D42/><N who="1" m="22991" /><E91/><V50/><F96/><W12/><G103/><T49/><D99/><U94/><E94/><V27/><F7/><W93/><G59/><N who="0" m="33263" /><D28/><U65/><E65/><V107/><F107/><W38/><G38/><T40/><D40/><U16/><E16/><V129/><F129/><W76/><G35/><T72/><D62/><U44/><E44/><V24/><F24/><W135/><G135/><T57/><D57/><U80/><E131/><V97/><F97/><W18/><G32/><N who="0" m="12395" /><D56/><U114/><E73/><V109/><F109/><W98/><G98/><T31/><D31/><U101/><E101/><V89/><F89/><W61/><G61/><T71/><D71/><U6/><E83/><V68/><F68/><W132/><G132/><T86/><D86/><U43/><E80/><V29/><F41/><W67/><G67/><T53/><D53/><U106/><E43/><V60/><F60/><W85/><G85/><T26/><D26/><U118/><E118/><V133/><F133/><W21/><AGARI ba="0,0" hai="10,12,17,18,21,25,76,81,87,88,90,92,93,95" machi="21" ten="30,4000,0" yaku="0,1,8,1,54,1" doraHai="1" who="3" fromWho="3" sc="250,-20,190,-10,265,-10,295,40" owari="230,-17.0,180,-32.0,255,6.0,335,43.0" /></mjloggm>