<mjloggm ver="2.3"><GO type="169" lobby="0"/><UN n0="%E7%A2%BA%E7%8E%87%E9%BA%BB%E9%9B%80" n1="%E5%8E%9F%E6%9D%91%E3%81%AE%E3%81%AE%E3%81%8B" n2="%E3%82%A6%E3%83%AB%E3%83%88%E3%83%A9%E7%AB%8B%E7%9B%B4" n3="%E7%AB%8B%E8%8F%AF%E5%A5%8F" dan="17,16,16,17" rate="2138.01,2061.16,2134.90,2192.19" sx="M,F,M,F"/><TAIKYOKU oya="0"/><INIT seed="0,0,0,3,5,63" ten="250,250,250,250" oya="0" hai0="65,82,76,20,41,50,104,7,109,87,92,111,48" hai1="39,15,18,132,75,4,134,126,9,118,91,66,27" hai2="24,74,56,25,30,60,108,44,35,13,8,102,45" hai3="70,100,29,133,122,1,31,23,85,12,28,47,110"/><T135/><D104/><U42/><E118/><V131/><F108/><N who="0" m="41546" /><D135/><N who="1" m="51755" /><E75/><V94/><F131/><W17/><G110/><T95/><D7/><U117/><E117/><V78/><F25/><W125/><G133/><T69/><D20/><N who="1" m="13719" /><E126/><V98/><F78/><W64/><G125/><T5/><D5/><U89/><E66/><V33/><F74/><W79/><G122/><T62/><D50/><U19/><E42/><V36/><F36/><W129/><G129/><T16/><D16/><U14/><E39/><V49/><F49/><W107/><G1/><T84/><D84/><U26/><E26/><V10/><F35/><W112/><G112/><T53/><D41/><U0/><E0/><V130/><F130/><W11/><G85/><T121/><D121/><U83/><E83/><V55/><F8/><AGARI ba="0,0" hai="4,8,9,14,15,19,89,91" m="13719,51755" machi="8" ten="30,1000,0" yaku="20,1" doraHai="63" who="1" fromWho="2" sc="250,0,250,10,250,-10,250,0" /><INIT seed="1,0,0,0,2,110" ten="250,260,240,250" oya="1" hai0="105,22,111,133,79,97,13,96,84,37,98,125,94" hai1="103,29,1,23,18,2,52,67,65,75,39,40,66" hai2="3,93,114,113,43,90,124,21,108,56,57,107,64" hai3="6,28,59,123,45,69,41,73,17,87,60,9,55"/><U0/><E75/><V82/><F107/><W83/><G123/><T80/><D111/><U32/><E103/><V62/><F108/><W118/><G118/><T85/><D133/><U14/><E39/><V88/><F3/><W77/><G28/><T38/><D125/><U134/><E40/><V115/><F124/><W101/><G101/><T131/><D131/><U16/><E134/><V46/><F21/><W74/><G17/><T31/><D105/><U51/><E29/><V47/><F57/><W104/><G69/><T76/><D76/><U19/><REACH who="1" step="1"/><E32/><REACH who="1" ten="250,250,240,250" step="2"/><V106/><F106/><W34/><G34/><T61/><D38/><U11/><E11/><V58/><F43/><W24/><G104/><T30/><D37/><U91/><E91/><V8/><F8/><W7/><G74/><T89/><D31/><U50/><E50/><V130/><F130/><W71/><G73/><T127/><D127/><U117/><E117/><V10/><F10/><W27/><G9/><T121/><D121/><U100/><E100/><V119/><F119/><W99/><G6/><T36/><D36/><U44/><AGARI ba="0,1" hai="0,1,2,14,16,18,19,23,44,51,52,65,66,67" machi="44" ten="40,12000,1" yaku="1,1,0,1,54,2,53,0" doraHai="110" doraHaiUra="26" who="1" fromWho="1" sc="250,-40,250,130,240,-40,250,-40" /><INIT seed="1,1,0,0,3,13" ten="210,380,200,210" oya="1" hai0="42,15,1,123,128,114,5,27,44,57,34,7,125" hai1="120,89,127,135,85,52,87,102,131,104,121,80,134" hai2="23,10,64,51,97,58,119,81,73,79,96,101,17" hai3="75,66,12,53,55,77,72,109,98,24,32,9,45"/><U6/><E6/><V99/><F119/><W126/><G109/><T37/><D114/><U93/><E52/><V108/><F10/><W46/><G126/><T90/><D125/><U26/><E26/><V78/><F78/><W76/><G98/><T92/><D1/><U56/><E56/><V18/><F108/><W8/><G24/><T50/><D128/><U82/><E127/><V91/><F91/><W2/><G12/><T112/><D112/><U11/><E11/><V70/><F23/><W122/><G66/><T107/><D107/><U39/><E39/><V100/><F70/><W86/><G86/><T67/><D123/><N who="1" m="47179" /><E131/><V110/><F110/><W103/><G122/><T116/><D116/><U19/><E19/><V74/><F74/><W62/><G62/><T14/><D7/><U35/><E35/><V30/><F30/><W133/><G103/><N who="2" m="39497" /><F73/><W111/><G111/><T21/><D34/><U88/><E104/><V113/><F113/><W16/><G32/><T40/><D5/><U63/><E63/><N who="2" m="38007" /><F51/><W3/><G133/><N who="1" m="50698" /><E102/><V132/><F132/><W105/><G105/><T33/><D33/><U115/><E115/><V36/><F36/><W118/><G118/><T25/><D37/><U129/><E129/><V69/><F69/><W49/><G49/><T0/><D0/><U68/><E68/><V94/><F17/><AGARI ba="1,0" hai="2,3,8,9,16,17,45,46,53,55,72,75,76,77" machi="17" ten="25,8000,1" yaku="22,2,52,2,54,1" doraHai="13" who="3" fromWho="2" sc="210,0,380,0,200,-83,210,83" /><INIT seed="2,0,0,5,2,83" ten="210,380,117,293" oya="2" hai0="44,97,21,40,36,60,90,58,108,98,8,91,34" hai1="29,70,116,52,122,79,0,65,4,61,47,48,67" hai2="37,80,23,114,95,38,107,105,62,135,64,73,124" hai3="76,115,25,13,84,103,75,2,71,118,6,14,45"/><V72/><F114/><W35/><G115/><T125/><D34/><U87/><E116/><V94/><F124/><W112/><G112/><T106/><D125/><U110/><E110/><V17/><F135/><W18/><G118/><T119/><D108/><U9/><E29/><V101/><F80/><W120/><G120/><T1/><D119/><U66/><E122/><V130/><F130/><W132/><G132/><T129/><D129/><U81/><AGARI ba="0,0" hai="0,4,9,47,48,52,61,65,66,67,70,79,81,87" machi="81" ten="30,4000,0" yaku="0,1,52,1,54,1" doraHai="83" who="1" fromWho="1" sc="210,-10,380,40,117,-20,293,-10" /><INIT seed="3,0,0,0,1,38" ten="200,420,97,283" oya="3" hai0="21,4,64,123,70,130,25,102,120,22,9,44,93" hai1="7,50,27,112,131,1,104,11,65,10,45,13,48" hai2="114,56,75,86,127,39,107,26,125,60,42,28,116" hai3="132,63,99,53,78,110,89,17,36,88,34,128,106"/><W32/><G128/><T15/><D130/><U18/><E112/><V84/><F114/><W37/><G132/><T103/><D70/><U41/><E131/><V122/><F116/><W76/><G110/><T16/><D64/><U111/><E111/><V113/><F113/><W105/><G63/><T30/><D44/><U82/><E104/><V115/><F115/><W69/><G69/><T83/><D83/><U134/><E134/><V118/><F118/><W57/><G57/><T24/><REACH who="0" step="1"/><D93/><REACH who="0" ten="190,420,97,283" step="2"/><U129/><E129/><V81/><F107/><W100/><G106/><T77/><D77/><U47/><E65/><V68/><F68/><W55/><G105/><T135/><D135/><U66/><E66/><V80/><F122/><AGARI ba="0,1" hai="4,9,15,16,21,22,24,25,30,102,103,120,122,123" machi="122" ten="40,2600,0" yaku="1,1,54,1,53,0" doraHai="38" doraHaiUra="51" who="0" fromWho="2" sc="190,36,420,0,97,-26,283,0" /><INIT seed="4,0,0,2,2,6" ten="226,420,71,283" oya="0" hai0="114,25,128,130,118,52,45,77,53,71,31,85,122" hai1="37,94,7,97,2,82,78,46,32,17,69,90,28" hai2="83,48,127,4,65,104,117,40,89,70,13,44,87" hai3="63,1,51,43,110,93,42,120,41,95,132,68,9"/><T49/><D122/><U8/><E69/><V73/><F127/><W88/><G110/><T103/><D118/><U58/><E58/><V0/><F117/><W100/><G132/><T81/><D71/><U59/><E59/><V36/><F104/><W121/><G100/><T16/><D114/><U14/><E28/><V5/><F73/><W119/><G119/><T72/><D103/><U135/><E32/><V129/><F129/><N who="0" m="49770" /><D72/><N who="1" m="43335" /><E135/><V105/><F105/><W50/><G68/><T98/><D98/><U108/><E108/><V62/><F0/><W102/><G63/><T30/><D53/><U75/><E75/><V64/><F64/><W34/><G34/><T99/><D99/><U66/><E66/><V126/><F126/><W125/><G125/><T29/><D16/><U67/><E67/><V35/><F35/><AGARI ba="0,0" hai="25,29,30,31,35,45,49,52,77,81,85" m="49770" machi="35" ten="30,2900,0" yaku="19,1,54,1" doraHai="6" who="0" fromWho="2" sc="226,29,420,0,71,-29,283,0" /><INIT seed="4,1,0,4,2,3" ten="255,420,42,283" oya="0" hai0="69,127,25,40,118,55,71,64,32,16,49,54,128" hai1="29,110,88,134,122,30,34,9,121,116,82,57,109" hai2="42,83,26,45,100,98,132,68,38,78,35,8,129" hai3="102,65,103,51,94,17,135,28,107,0,62,11,56"/><T5/><D118/><U19/><E116/><V59/><F59/><W97/><G135/><T22/><D128/><U72/><E34/><V23/><F132/><W24/><G51/><T111/><D127/><U96/><E134/><V10/><F129/><W31/><G103/><T120/><D120/><U89/><E82/><V41/><F41/><W115/><G115/><T48/><D111/><U7/><E96/><V6/><F68/><W126/><G126/><T93/><D32/><U39/><E39/><V123/><F35/><W130/><G130/><T27/><D40/><U37/><E37/><V66/><F66/><W1/><G107/><T44/><D64/><U86/><E72/><V99/><F10/><W76/><G76/><T70/><D93/><U4/><E9/><V119/><F100/><W33/><G31/><T101/><D101/><U61/><E61/><V90/><F90/><W63/><G63/><T12/><REACH who="0" step="1"/><D5/><REACH who="0" ten="245,420,42,283" step="2"/><U53/><E122/><V36/><F123/><W14/><AGARI ba="1,1" hai="0,1,11,14,17,24,28,33,56,62,65,94,97,102" machi="14" ten="30,1100,0" yaku="0,1" doraHai="3" who="3" fromWho="3" sc="245,-6,420,-4,42,-4,283,24" /><INIT seed="5,0,0,0,0,6" ten="239,416,38,307" oya="1" hai0="51,0,27,75,98,47,12,1,123,71,61,46,70" hai1="93,97,96,116,69,53,8,131,84,42,30,94,127" hai2="114,28,88,86,58,24,118,112,95,87,18,48,108" hai3="10,122,64,74,60,134,13,19,34,31,92,119,22"/><U120/><E116/><V132/><F108/><W113/><G122/><T54/><D123/><U102/><E69/><V36/><F36/><W85/><G74/><T80/><D47/><U78/><E127/><V91/><F118/><W77/><G119/><T63/><D71/><U115/><E120/><V5/><F132/><W50/><G134/><T90/><D27/><U26/><E131/><V52/><F18/><W59/><G113/><N who="2" m="43625" /><F5/><W68/><G34/><T17/><D63/><U35/><E115/><V39/><F39/><W107/><G107/><T41/><D75/><U49/><E42/><V37/><F37/><W76/><G68/><T110/><D110/><U82/><E8/><V129/><F129/><W2/><G50/><T83/><D83/><U109/><E109/><V55/><F55/><W11/><G2/><T15/><D15/><U25/><E30/><V32/><F91/><N who="3" m="53359" /><G31/><T23/><D80/><U73/><E73/><V128/><F128/><W44/><G44/><T14/><D12/><U67/><E67/><V133/><F133/><W81/><G81/><T57/><D70/><U4/><E4/><V7/><F7/><W104/><G104/><T126/><D126/><U9/><E9/><AGARI ba="0,0" hai="9,10,11,13,19,22,59,60,64,76,77" m="53359" machi="9" ten="30,7700,0" yaku="8,1,52,3" doraHai="6" who="3" fromWho="1" sc="239,0,416,-77,38,0,307,77" /><INIT seed="6,0,0,0,5,104" ten="239,339,38,384" oya="2" hai0="31,94,128,37,119,103,116,88,129,8,48,16,117" hai1="45,50,7,27,44,121,57,110,26,2,115,10,84" hai2="125,29,24,56,86,67,30,52,34,3,114,9,108" hai3="90,39,20,102,81,38,107,74,89,83,47,22,126"/><V28/><F125/><W1/><G126/><T133/><D37/><U0/><E0/><V93/><F114/><W71/><G107/><T17/><D103/><U4/><E110/><V55/><F108/><W135/><G102/><T68/><D68/><U91/><E115/><V11/><F67/><W51/><G71/><T41/><D31/><U85/><E121/><V23/><F34/><W35/><G35/><T21/><D133/><U53/><E7/><V97/><F86/><W12/><G1/><T98/><D8/><N who="2" m="3146" /><F3/><W111/><G111/><T63/><D63/><U96/><E96/><V13/><F13/><W65/><G65/><T77/><D77/><U79/><E85/><V61/><F55/><W87/><G135/><T92/><D92/><U118/><E118/><V124/><F124/><W113/><G113/><T5/><D5/><U36/><E79/><V82/><F82/><W80/><G12/><T33/><D33/><U70/><E70/><V42/><F42/><W14/><G14/><T19/><D21/><U105/><E105/><V54/><F54/><W64/><G64/><T132/><D132/><U46/><REACH who="1" step="1"/><E36/><REACH who="1" ten="239,329,38,384" step="2"/><V127/><F127/><W134/><G38/><T130/><D19/><U62/><E62/><V6/><F6/><W123/><G39/><T40/><D41/><U69/><E69/><V112/><F112/><W60/><G60/><T49/><D49/><U99/><E99/><V131/><F131/><W101/><G123/><T75/><D75/><U43/><E43/><V100/><AGARI ba="0,1" hai="23,24,28,29,30,52,56,61,93,97,100" m="3146" machi="100" ten="30,3000,0" yaku="8,1,54,1" doraHai="104" who="2" fromWho="2" sc="239,-10,329,-10,38,40,384,-10" /><INIT seed="6,1,0,3,2,83" ten="229,319,78,374" oya="2" hai0="70,55,89,92,9,5,45,20,124,66,120,41,134" hai1="90,102,132,103,0,128,105,32,37,82,126,57,74" hai2="18,30,54,46,118,17,33,16,7,104,51,36,6" hai3="94,119,88,60,84,58,81,122,28,86,99,15,63"/><V24/><F104/><W91/><G119/><T110/><D110/><U107/><E0/><V21/><F118/><W48/><G122/><T22/><D120/><U64/><E32/><V8/><F36/><W133/><G133/><T93/><D134/><U71/><E71/><V14/><REACH who="2" step="1"/><F6/><REACH who="2" ten="229,319,68,374" step="2"/><W73/><G73/><T97/><D124/><U77/><E37/><V109/><F109/><W85/><G28/><T59/><D70/><U53/><E107/><V12/><AGARI ba="1,1" hai="7,8,12,14,16,17,18,21,24,30,33,46,51,54" machi="12" ten="20,12000,1" yaku="1,1,0,1,7,1,54,1,53,1" doraHai="83" doraHaiUra="43" who="2" fromWho="2" sc="229,-41,319,-41,68,133,374,-41" /><INIT seed="6,2,0,4,0,37" ten="188,278,201,333" oya="2" hai0="0,74,27,64,133,11,86,105,97,10,127,100,135" hai1="112,53,130,17,73,91,6,33,132,77,32,31,34" hai2="58,5,13,107,40,56,67,15,80,116,54,103,102" hai3="22,50,95,93,8,128,21,52,25,18,20,65,36"/><V83/><F107/><W28/><G36/><T125/><D74/><U115/><E130/><V19/><F116/><W104/><G104/><T120/><D120/><U42/><E132/><N who="0" m="50761" /><D64/><U118/><E118/><V113/><F113/><N who="1" m="43593" /><E6/><V16/><F5/><W23/><G128/><T61/><D61/><U29/><E73/><V108/><F67/><W55/><G65/><T60/><D60/><U109/><E77/><V110/><F54/><N who="3" m="20523" /><G50/><T126/><D0/><U3/><E3/><V57/><REACH who="2" step="1"/><F58/><REACH who="2" ten="188,278,191,333" step="2"/><W111/><G111/><T4/><D4/><U96/><E53/><V119/><F119/><W47/><G47/><T101/><D101/><U39/><E109/><V71/><F71/><W35/><G35/><T38/><D38/><U59/><E59/><V2/><F2/><W76/><G76/><T131/><D131/><U7/><E7/><V41/><AGARI ba="2,1" hai="13,15,16,19,40,41,56,57,80,83,102,103,108,110" machi="41" ten="25,18000,2" yaku="1,1,0,1,22,2,52,2,54,1,53,0" doraHai="37" doraHaiUra="88" who="2" fromWho="2" sc="188,-62,278,-62,191,196,333,-62" /><INIT seed="6,3,0,2,2,2" ten="126,216,387,271" oya="2" hai0="30,124,8,53,96,25,38,107,123,100,131,54,89" hai1="118,52,22,6,127,42,125,91,109,116,39,11,3" hai2="78,65,103,130,58,86,61,97,47,135,62,60,112" hai3="80,5,117,14,106,77,90,134,105,79,4,67,133"/><V87/><F112/><W129/><G117/><T34/><D123/><U115/><E109/><V119/><F119/><W20/><G129/><T50/><D38/><U9/><E115/><V55/><F135/><N who="3" m="51723" /><G67/><T36/><D36/><U13/><E22/><V82/><F87/><N who="3" m="50535" /><G20/><T44/><D131/><U84/><E39/><V31/><F31/><W56/><G14/><T102/><D124/><N who="1" m="47691" /><E42/><V122/><F122/><W7/><G56/><T41/><D102/><U40/><E40/><V45/><F130/><W12/><G12/><T23/><D34/><U10/><E116/><V18/><F18/><W74/><G74/><T32/><D32/><U48/><E3/><V66/><F66/><W33/><G33/><T68/><D68/><U120/><E120/><V59/><F62/><W27/><G27/><T92/><REACH who="0" step="1"/><D8/><REACH who="0" ten="116,216,387,271" step="2"/><U69/><E69/><V64/><F65/><W71/><G71/><T114/><D114/><U93/><E118/><V83/><F64/><W43/><G43/><T49/><D49/><U128/><E128/><V111/><F61/><W121/><G121/><T101/><D101/><U72/><E72/><V46/><F60/><W99/><G99/><AGARI ba="3,1" hai="23,25,30,41,44,50,53,54,89,92,96,99,100,107" machi="99" ten="30,2000,0" yaku="1,1,7,1,53,0" doraHai="2" doraHaiUra="76" who="0" fromWho="3" sc="116,39,216,0,387,0,271,-29" /><INIT seed="7,0,0,4,1,114" ten="155,216,387,242" oya="3" hai0="15,97,69,58,3,62,88,116,17,84,118,35,61" hai1="4,95,134,60,94,67,98,123,80,129,72,50,63" hai2="89,13,46,8,103,71,29,117,7,16,40,1,110" hai3="56,55,108,49,75,32,119,111,112,47,5,92,54"/><W24/><G75/><T36/><D3/><U68/><E123/><V79/><F71/><W44/><G5/><T9/><D36/><U121/><E121/><V48/><F110/><N who="3" m="42027" /><G92/><T57/><D69/><U135/><E129/><V2/><F103/><W41/><G32/><T37/><D37/><U33/><E33/><V90/><F1/><W39/><G24/><T74/><D74/><U12/><E50/><V130/><F130/><W21/><G21/><T14/><D35/><U132/><E63/><V77/><F29/><W42/><G112/><T11/><D97/><U70/><E70/><V78/><F117/><W124/><G124/><T133/><D133/><U73/><E80/><V81/><REACH who="2" step="1"/><F81/><REACH who="2" ten="155,216,377,242" step="2"/><W83/><G83/><T102/><D102/><N who="1" m="60759" /><E95/><V28/><F28/><W104/><G104/><T43/><D43/><U66/><E66/><V120/><F120/><W100/><G100/><T65/><D88/><U128/><E128/><V20/><AGARI ba="0,1" hai="2,7,8,13,16,20,40,46,48,77,78,79,89,90" machi="20" ten="30,7900,0" yaku="1,1,0,1,54,1,53,1" doraHai="114" doraHaiUra="18" who="2" fromWho="2" sc="155,-20,216,-20,377,89,242,-39" owari="135,-36.0,196,-20.0,466,56.0,203,0.0" /></mjloggm>