<mjloggm ver="2.3"><GO type="169" lobby="0"/><UN n0="%E4%B8%89%E9%83%8E%44%58" n1="%E3%82%A8%E3%82%B9%E3%83%86%E3%83%BC" n2="%E3%82%82%E3%82%81%E3%82%93%E3%81%AA%E3%81%A1%E3%82%83%E3%81%84" n3="%E5%B0%B1%E6%B4%BB%E7%94%9F%40%E5%B7%9D%E6%9D%91%E8%BB%8D%E5%9B%A3" dan="16,17,16,16" rate="2083.56,2183.55,2145.38,2057.76" sx="M,F,F,M"/><TAIKYOKU oya="0"/><INIT seed="0,0,0,3,4,78" ten="250,250,250,250" oya="0" hai0="20,63,115,91,85,90,126,123,24,61,64,135,62" hai1="34,111,125,30,40,127,79,3,120,28,58,6,81" hai2="118,9,48,84,83,88,77,15,35,134,132,2,7" hai3="47,10,100,69,23,92,25,94,66,130,72,99,43"/><T109/><D123/><U128/><E120/><V106/><F118/><W93/><G72/><T22/><D115/><U39/><E111/><V96/><F35/><W16/><G130/><T131/><D126/><U110/><E110/><V76/><F48/><W13/><G69/><T86/><D109/><U87/><E128/><V21/><F21/><W113/><G66/><T108/><D108/><U41/><E58/><V71/><F71/><W73/><G73/><T8/><D131/><U49/><E39/><V1/><F106/><W95/><G113/><T57/><D8/><N who="1" m="2143" /><E34/><V112/><F112/><W97/><N who="3" m="23552" /><DORA hai="17" /><W44/><G100/><T119/><D24/><U5/><E5/><V89/><F96/><N who="3" m="36939" /><G43/><T74/><D74/><U122/><E40/><V46/><F46/><W32/><G32/><T45/><D135/><N who="2" m="51754" /><F89/><N who="0" m="33802" /><D45/><N who="1" m="25775" /><E122/><V37/><F37/><W52/><G52/><N who="0" m="33959" /><D119/><U12/><E125/><V101/><F101/><W27/><G27/><T19/><D19/><AGARI ba="0,0" hai="10,13,16,19,23,25,44,47" m="36939,23552" machi="19" ten="40,5200,0" yaku="8,1,52,1,54,1" doraHai="78,17" who="3" fromWho="0" sc="250,-52,250,0,250,0,250,52" /><INIT seed="1,0,0,4,1,42" ten="198,250,250,302" oya="1" hai0="20,117,19,77,124,128,16,90,88,7,75,83,49" hai1="30,41,45,47,64,8,62,37,127,122,39,98,15" hai2="108,44,18,11,93,97,102,134,70,10,135,24,55" hai3="14,36,21,89,82,115,4,125,32,0,95,107,72"/><U80/><E122/><V68/><F108/><W71/><G107/><T67/><D117/><U12/><E127/><V112/><F112/><W25/><G71/><T113/><D124/><U114/><E114/><V38/><F24/><W120/><G32/><T13/><D113/><U104/><E30/><V31/><F31/><W35/><G36/><T78/><D128/><U28/><E28/><V85/><F85/><W66/><G35/><T60/><D7/><U34/><E34/><V103/><F103/><W40/><G66/><T99/><D78/><U27/><E27/><V118/><F118/><W23/><G82/><T119/><D119/><U111/><E111/><V57/><F18/><W63/><G40/><T105/><D49/><U131/><E131/><V91/><F102/><W2/><G4/><T73/><D73/><U116/><E116/><V126/><F126/><W5/><G25/><T81/><D81/><U94/><E80/><V22/><F22/><W43/><G72/><T109/><D109/><U26/><E26/><V54/><F70/><W132/><G23/><T3/><D19/><U51/><E104/><V65/><F68/><W48/><G21/><T56/><REACH who="0" step="1"/><D3/><REACH who="0" ten="188,250,250,302" step="2"/><U79/><E79/><V53/><F38/><W96/><G5/><T130/><D130/><U123/><E37/><V129/><F129/><W74/><G0/><T52/><D52/><N who="1" m="29807" /><E123/><V59/><F65/><W46/><G2/><T69/><D69/><N who="1" m="42135" /><E8/><N who="2" m="3115" /><F59/><W133/><G120/><T58/><D58/><U84/><E39/><V87/><F57/><W100/><G125/><T33/><D33/><U106/><E41/><RYUUKYOKU ba="0,1" sc="188,30,250,-10,250,-10,302,-10" hai0="13,16,20,56,60,67,75,77,83,88,90,99,105" /><INIT seed="2,1,1,0,2,1" ten="218,240,240,292" oya="2" hai0="105,80,110,58,12,67,31,118,2,14,77,65,60" hai1="103,132,119,99,13,81,17,26,120,104,86,56,134" hai2="102,20,89,133,46,54,72,8,0,37,44,78,50" hai3="48,129,39,121,10,130,97,15,85,55,123,84,115"/><V95/><F133/><N who="1" m="51305" /><E120/><N who="3" m="46154" /><G39/><T76/><D105/><U113/><E113/><V127/><F127/><W30/><G30/><T79/><D2/><U11/><E119/><V27/><F102/><W68/><G68/><T106/><D106/><U93/><E56/><V47/><F72/><W112/><G97/><T28/><D118/><U45/><E45/><V108/><F78/><W87/><G55/><T21/><D110/><U29/><E93/><V33/><F33/><W25/><G48/><T135/><D135/><U92/><E92/><V122/><F122/><W64/><G25/><T18/><D80/><U100/><E99/><V19/><F108/><W7/><G64/><T94/><D94/><U3/><E3/><V75/><F75/><W124/><G124/><T116/><D116/><U35/><E104/><V111/><F111/><W51/><G51/><T88/><D88/><AGARI ba="1,1" hai="11,13,17,26,29,35,81,86,88,100,103" m="51305" machi="88" ten="30,2000,0" yaku="20,1,54,1" doraHai="1" who="1" fromWho="0" sc="218,-23,240,33,240,0,292,0" /><INIT seed="3,0,0,0,2,18" ten="195,273,240,292" oya="3" hai0="31,34,107,114,0,100,10,54,66,130,83,70,16" hai1="115,9,94,20,27,133,72,124,123,4,82,50,106" hai2="22,111,75,59,79,119,117,30,43,118,5,40,19" hai3="62,69,80,91,87,48,90,2,12,78,103,35,41"/><W112/><G2/><T28/><D114/><U96/><E123/><V93/><F111/><W21/><G35/><T7/><D130/><U26/><E115/><V14/><F5/><W24/><G112/><T60/><D83/><U52/><E106/><V17/><F30/><W29/><G103/><T122/><D122/><U92/><E133/><V3/><F3/><W23/><G69/><T134/><D134/><U126/><E27/><V102/><F75/><W127/><G62/><T129/><D129/><U77/><E9/><V97/><F79/><W1/><G1/><T49/><D34/><U8/><E8/><V108/><F108/><W121/><G121/><T74/><D74/><U73/><E4/><V6/><F6/><W76/><G76/><T85/><D85/><U65/><E65/><V13/><REACH who="2" step="1"/><F59/><REACH who="2" ten="195,273,230,292" step="2"/><W51/><G127/><N who="1" m="48682" /><E72/><V47/><F47/><N who="3" m="26095" /><G48/><T15/><D107/><U32/><E32/><V125/><F125/><W109/><G109/><T113/><D113/><U55/><E50/><V44/><F44/><W37/><G37/><T68/><D68/><U98/><E73/><V11/><AGARI ba="0,1" hai="11,13,14,17,19,22,40,43,93,97,102,117,118,119" machi="11" ten="30,4000,0" yaku="1,1,0,1,52,1,53,0" doraHai="18" doraHaiUra="57" who="2" fromWho="2" sc="195,-10,273,-10,230,50,292,-20" /><INIT seed="4,0,0,1,3,63" ten="185,263,280,272" oya="0" hai0="104,109,8,64,17,86,12,3,0,93,74,135,5" hai1="76,83,43,18,10,73,29,90,95,80,102,31,115" hai2="114,48,66,97,55,36,57,116,23,77,6,85,37" hai3="20,45,26,67,14,56,130,40,50,99,106,128,120"/><T52/><D104/><U117/><E117/><V131/><F116/><W105/><G120/><T84/><D74/><U30/><E115/><V16/><F114/><W58/><G14/><T127/><D109/><U81/><E102/><V62/><F131/><N who="3" m="50219" /><G99/><T96/><D135/><U61/><E43/><V82/><F6/><W13/><G13/><T42/><D42/><U72/><E18/><V68/><REACH who="2" step="1"/><F97/><REACH who="2" ten="185,263,270,272" step="2"/><W91/><G105/><T79/><D127/><U33/><E72/><V38/><F38/><W4/><G4/><T9/><D79/><U19/><E76/><V27/><AGARI ba="0,1" hai="16,23,27,36,37,48,55,57,62,66,68,77,82,85" machi="27" ten="20,12000,2" yaku="1,1,0,1,7,1,52,1,54,1,53,2" doraHai="63" doraHaiUra="69" who="2" fromWho="2" sc="185,-60,263,-30,270,130,272,-30" /><INIT seed="5,0,0,4,0,13" ten="125,233,400,242" oya="1" hai0="24,83,67,28,109,35,29,81,51,105,69,106,11" hai1="5,6,100,37,44,65,97,126,56,42,85,16,80" hai2="71,64,113,36,87,57,23,14,47,93,128,50,48" hai3="32,95,33,119,31,58,61,122,19,114,118,99,41"/><U123/><E123/><V20/><F128/><W1/><G122/><T38/><D109/><U78/><E126/><V45/><F113/><W117/><G1/><T135/><D38/><U4/><E65/><V30/><F71/><W68/><G68/><T18/><D135/><U94/><E56/><V116/><F116/><W91/><G114/><T132/><D29/><U79/><E79/><V52/><F36/><W125/><G125/><T77/><D132/><U22/><REACH who="1" step="1"/><E5/><REACH who="1" ten="125,223,400,242" step="2"/><V111/><F64/><W8/><G58/><T53/><D81/><U124/><E124/><V9/><F57/><W2/><G118/><T120/><D120/><U12/><AGARI ba="0,1" hai="4,6,12,16,22,37,42,44,78,80,85,94,97,100" machi="12" ten="20,12000,1" yaku="1,1,0,1,7,1,52,1,54,1,53,0" doraHai="13" doraHaiUra="66" who="1" fromWho="1" sc="125,-40,223,130,400,-40,242,-40" /><INIT seed="5,1,0,0,4,100" ten="85,353,360,202" oya="1" hai0="39,131,107,13,117,85,108,71,80,103,10,74,133" hai1="43,14,22,98,96,68,92,23,112,78,94,72,12" hai2="70,46,57,79,60,45,8,42,106,64,101,0,97" hai3="69,87,63,77,44,28,38,21,29,135,122,82,109"/><U67/><E112/><V4/><F79/><W119/><G109/><T54/><D117/><U93/><E43/><V111/><F111/><W6/><G122/><T66/><D108/><U41/><E41/><V24/><F57/><W124/><G135/><T36/><D39/><U15/><E72/><V27/><REACH who="2" step="1"/><F46/><REACH who="2" ten="85,353,350,202" step="2"/><W73/><G44/><T52/><D36/><AGARI ba="1,1" hai="0,4,8,24,27,36,42,45,60,64,70,97,101,106" machi="36" ten="30,12000,2" yaku="1,1,2,1,7,1,52,1,53,2" doraHai="100" doraHaiUra="20" who="2" fromWho="0" sc="85,-123,353,0,350,133,202,0" owari="-38,-54.0,353,15.0,483,59.0,202,-20.0" /></mjloggm>