<mjloggm ver="2.3"><GO type="233" lobby="0"/><UN n0="%E3%82%A6%E3%83%AB%E3%83%88%E3%83%A9%E7%AB%8B%E7%9B%B4" n1="%E5%A4%A7%E6%AD%A3%E7%BE%A9%E9%87%8E%E7%90%83%E5%A8%98" n2="%79%61%6E%6F%70%61%6E" n3="%E3%81%94%E3%82%93%E3%81%96%E3%81%B6%E3%82%8D%E3%83%BC" dan="17,16,16,17" rate="2186.84,2162.21,2073.78,2124.22" sx="M,F,M,M"/><TAIKYOKU oya="0"/><INIT seed="0,0,0,1,4,108" ten="250,250,250,250" oya="0" hai0="60,78,118,12,6,57,10,49,20,11,133,111,79" hai1="38,126,93,58,91,13,5,7,70,35,33,37,54" hai2="71,106,75,53,69,16,15,130,39,68,100,112,88" hai3="61,66,34,95,55,30,77,98,124,8,128,51,132"/><T21/><D118/><U17/><E70/><V115/><F75/><W76/><G128/><T97/><D111/><U48/><E35/><V44/><F130/><W31/><G124/><T94/><D133/><U99/><E33/><V104/><F88/><W113/><G113/><T28/><D49/><U18/><E18/><V32/><F32/><W131/><G131/><T86/><D11/><U29/><E29/><V56/><F39/><W27/><G8/><T74/><D74/><U92/><E126/><V1/><F1/><W72/><G31/><T120/><D120/><U42/><E42/><V89/><F89/><W23/><G34/><T36/><D36/><U4/><REACH who="1" step="1"/><E93/><REACH who="1" ten="250,240,250,250" step="2"/><V87/><F68/><W125/><G125/><T73/><D28/><U96/><E96/><V103/><F16/><W43/><G43/><T107/><D107/><U127/><E127/><V2/><F104/><W26/><G26/><T117/><D117/><U85/><E85/><V46/><F106/><W0/><G72/><T47/><D73/><U19/><E19/><V41/><F41/><W84/><G84/><T109/><D109/><U116/><E116/><V67/><F87/><W114/><G132/><T80/><D78/><U62/><E62/><V40/><F71/><W101/><G114/><T81/><D81/><U50/><E50/><V122/><F69/><W25/><G25/><T83/><D83/><U9/><AGARI ba="0,1" hai="4,5,7,9,13,17,37,38,48,54,58,91,92,99" machi="9" ten="30,2000,0" yaku="1,1,0,1,53,0" doraHai="108" doraHaiUra="59" who="1" fromWho="1" sc="250,-10,240,30,250,-5,250,-5" /><INIT seed="1,0,0,2,4,80" ten="240,270,245,245" oya="1" hai0="88,71,69,99,3,115,13,14,120,42,75,24,9" hai1="86,0,58,134,64,121,83,63,17,73,93,8,49" hai2="4,46,5,126,59,31,53,23,35,113,108,124,41" hai3="132,85,87,60,39,40,22,116,111,54,92,131,61"/><U133/><E121/><V106/><F106/><W48/><G116/><T51/><D3/><U12/><E0/><V47/><F35/><W11/><G111/><T15/><D75/><U70/><E73/><V52/><F108/><W94/><G131/><T109/><D71/><U89/><E70/><V65/><F65/><W125/><G125/><N who="2" m="48233" /><F113/><W107/><G107/><T95/><D69/><U112/><E112/><V37/><F47/><N who="3" m="25703" /><G39/><T26/><D109/><U82/><E49/><N who="2" m="31119" /><F53/><W6/><G132/><AGARI ba="0,0" hai="8,12,17,58,63,64,82,83,86,89,93,132,133,134" machi="132" ten="40,3900,0" yaku="20,1,52,1" doraHai="80" who="1" fromWho="3" sc="240,0,270,39,245,0,245,-39" /><INIT seed="1,1,0,4,4,125" ten="240,309,245,206" oya="1" hai0="91,23,103,58,15,129,99,75,3,48,21,121,92" hai1="97,110,88,111,117,52,28,9,38,17,37,127,130" hai2="47,5,73,2,26,112,60,101,14,30,123,89,128" hai3="84,4,56,39,11,80,10,65,82,53,105,41,93"/><U107/><E117/><V126/><F123/><W34/><G105/><T0/><D75/><U70/><E127/><V86/><F73/><W24/><G65/><T85/><D121/><U32/><E70/><V25/><F2/><W27/><G41/><T40/><D129/><U50/><E130/><V16/><F5/><W72/><G39/><T20/><D15/><N who="1" m="7407" /><E32/><V57/><F128/><W36/><G36/><T7/><D7/><U18/><E28/><V66/><F126/><W45/><G45/><T77/><D77/><U64/><E18/><V115/><F47/><W102/><G34/><T19/><D19/><U104/><E64/><V78/><F101/><W90/><G102/><T55/><REACH who="0" step="1"/><D40/><REACH who="0" ten="230,309,245,206" step="2"/><U108/><E37/><V134/><F78/><W100/><G72/><T35/><D35/><U79/><E38/><V113/><F30/><W96/><G11/><T61/><D61/><U68/><E79/><V33/><F33/><W22/><G10/><T8/><D8/><U87/><E68/><V63/><F63/><W124/><G4/><T42/><D42/><U62/><E62/><V6/><F6/><W98/><G124/><T59/><D59/><N who="1" m="33175" /><E97/><V83/><F16/><N who="3" m="12359" /><G27/><N who="2" m="10249" /><F14/><W67/><G67/><T94/><AGARI ba="1,1" hai="0,3,20,21,23,48,55,58,85,91,92,94,99,103" machi="94" ten="30,4000,0" yaku="1,1,0,1,53,1" doraHai="125" doraHaiUra="49" who="0" fromWho="0" sc="230,53,309,-21,245,-11,206,-11" /><INIT seed="2,0,0,5,2,4" ten="283,288,234,195" oya="2" hai0="24,60,110,54,98,69,107,42,37,51,97,16,91" hai1="55,129,9,88,99,50,18,125,2,19,35,75,133" hai2="56,63,118,3,53,78,28,109,20,95,8,70,44" hai3="57,0,40,131,84,65,105,122,134,59,119,68,47"/><V7/><F118/><W67/><G105/><T114/><D114/><U90/><E75/><V62/><F109/><W121/><G0/><T85/><D110/><U87/><E35/><V124/><F124/><W120/><G84/><T30/><D37/><U34/><E34/><V45/><F78/><W93/><G93/><T128/><D128/><U58/><E129/><V116/><F116/><W112/><G131/><T77/><D77/><U92/><E125/><V83/><F83/><W101/><G101/><T5/><D5/><U80/><REACH who="1" step="1"/><E133/><REACH who="1" ten="283,278,234,195" step="2"/><V64/><REACH who="2" step="1"/><F95/><REACH who="2" ten="283,278,224,195" step="2"/><W79/><G119/><T130/><D130/><U96/><E96/><V27/><AGARI ba="0,2" hai="3,7,8,20,27,28,44,45,53,56,62,63,64,70" machi="27" ten="30,12000,1" yaku="1,1,2,1,0,1,52,1,53,1" doraHai="4" doraHaiUra="52" who="2" fromWho="2" sc="283,-40,278,-40,224,140,195,-40" /><INIT seed="2,1,0,2,3,94" ten="243,238,364,155" oya="2" hai0="92,70,87,122,123,79,85,103,134,36,47,127,107" hai1="115,67,105,25,114,64,29,131,102,42,4,96,72" hai2="10,89,97,128,120,27,13,119,12,77,109,132,118" hai3="78,39,124,111,54,133,65,44,30,52,126,32,17"/><V16/><F120/><W49/><G78/><T31/><D70/><U53/><E72/><V15/><F118/><W5/><G5/><T69/><D69/><U84/><E42/><V88/><F119/><W116/><G116/><T57/><D57/><U86/><E4/><V95/><F132/><W18/><G133/><T90/><D47/><U110/><E110/><V19/><F109/><W51/><G39/><T100/><D36/><U61/><E53/><V73/><F128/><W22/><G65/><T38/><D38/><U11/><E11/><V40/><F40/><W74/><G74/><T26/><D26/><U113/><E64/><V21/><REACH who="2" step="1"/><F89/><REACH who="2" ten="243,238,354,155" step="2"/><W55/><G111/><T135/><D135/><U45/><E131/><V112/><F112/><W82/><G44/><T1/><D90/><U129/><E45/><V83/><AGARI ba="1,1" hai="10,12,13,15,16,19,21,27,73,77,83,88,95,97" machi="83" ten="30,12000,1" yaku="1,1,0,1,52,1,54,2,53,0" doraHai="94" doraHaiUra="41" who="2" fromWho="2" sc="243,-41,238,-41,354,133,155,-41" /><INIT seed="2,2,0,4,0,117" ten="202,197,487,114" oya="2" hai0="62,104,119,26,44,110,9,11,63,29,83,131,65" hai1="115,34,76,3,107,24,84,10,31,108,71,116,121" hai2="93,99,96,12,61,30,2,35,125,79,130,55,38" hai3="16,103,70,50,68,37,28,98,5,118,48,129,22"/><V43/><F2/><W88/><G118/><T0/><D0/><U81/><E115/><V124/><F130/><W21/><G37/><T91/><D104/><U66/><E116/><V19/><F79/><W54/><G129/><T85/><D110/><U7/><E108/><V113/><F113/><W128/><G128/><T105/><D119/><U122/><REACH who="1" step="1"/><E107/><REACH who="1" ten="202,187,487,114" step="2"/><V4/><F124/><W45/><G5/><T14/><D105/><U41/><E41/><V101/><F125/><W133/><G133/><T95/><D131/><U27/><E27/><V92/><F43/><W56/><G68/><T64/><D26/><U73/><E73/><V67/><F4/><W57/><G70/><T32/><D32/><U97/><E97/><V82/><F35/><W127/><G127/><T75/><D75/><U78/><E78/><V106/><F96/><W126/><G126/><T90/><D85/><U72/><E72/><V18/><F99/><W114/><G114/><T74/><D74/><U25/><E25/><V109/><F106/><W112/><G112/><T13/><D95/><U51/><E51/><V40/><F93/><N who="3" m="58831" /><G48/><T17/><D83/><U120/><E120/><V60/><F82/><W59/><G88/><T33/><D33/><U86/><E86/><V111/><F92/><W100/><G50/><T39/><D91/><U8/><E8/><V36/><F111/><W102/><G22/><T134/><D90/><U80/><E80/><V123/><F109/><W23/><G23/><T15/><D134/><U77/><E77/><V6/><F101/><W1/><G102/><T135/><D135/><RYUUKYOKU ba="2,1" sc="202,-10,187,30,487,-10,114,-10" hai1="3,7,10,24,31,34,66,71,76,81,84,121,122" /><INIT seed="3,3,1,1,0,78" ten="192,217,477,104" oya="3" hai0="96,125,35,43,29,57,102,87,124,44,71,73,109" hai1="45,75,103,133,106,27,55,60,49,82,115,66,94" hai2="6,108,100,107,63,127,129,16,104,130,26,33,92" hai3="90,7,59,116,54,117,118,93,64,20,2,134,67"/><W77/><G7/><T97/><D73/><U50/><E115/><V110/><F127/><N who="0" m="48714" /><D71/><U31/><E133/><V32/><F6/><W72/><G2/><T41/><D109/><N who="2" m="42090" /><F63/><W119/><N who="3" m="30208" /><DORA hai="88" /><W112/><G112/><T22/><D35/><N who="2" m="13386" /><F92/><W48/><G134/><T14/><D43/><U95/><E106/><N who="2" m="40491" /><F100/><W128/><G128/><N who="2" m="49257" /><F26/><W28/><G72/><T39/><D102/><U69/><E103/><V38/><F16/><W68/><G68/><T24/><D87/><U121/><E50/><V11/><F11/><W34/><G77/><T76/><D76/><U56/><E69/><V58/><F58/><W81/><G34/><N who="0" m="20775" /><D57/><U98/><E56/><V105/><F105/><W79/><G79/><T84/><D84/><U19/><E45/><V3/><F38/><W86/><REACH who="3" step="1"/><G93/><REACH who="3" ten="192,217,477,94" step="2"/><T101/><D101/><U17/><E95/><V123/><F3/><W10/><G10/><T4/><D4/><U23/><E94/><V8/><F8/><W36/><G36/><T37/><D37/><U18/><E23/><V70/><F70/><W25/><AGARI ba="3,2" hai="20,25,28,48,54,59,64,67,81,86,90" m="30208" machi="25" ten="60,12000,1" yaku="1,1,0,1,52,1,53,2" doraHai="78,88" doraHaiUra="83,47" who="3" fromWho="3" sc="192,-43,217,-43,477,-43,94,149" /><INIT seed="3,4,0,0,2,20" ten="149,174,434,243" oya="3" hai0="19,68,7,112,29,54,85,63,119,100,73,108,118" hai1="86,66,91,60,23,77,113,78,123,12,70,92,71" hai2="74,44,97,25,9,11,3,18,84,15,101,0,90" hai3="35,36,80,67,45,42,111,27,122,4,62,32,55"/><W134/><G122/><T14/><D73/><U1/><E113/><V133/><F74/><W127/><G127/><T126/><D126/><U64/><E1/><V131/><F131/><W105/><G105/><T116/><D112/><U5/><E123/><V39/><F133/><W99/><G111/><T104/><D108/><U53/><E53/><V57/><F57/><W31/><G134/><T43/><D43/><U58/><E58/><V124/><F124/><W135/><G135/><T132/><D132/><U109/><E109/><V38/><F38/><W87/><G4/><T75/><D75/><U10/><REACH who="1" step="1"/><E23/><REACH who="1" ten="149,164,434,243" step="2"/><N who="2" m="13559" /><F3/><W88/><G55/><T41/><D54/><U129/><E129/><V106/><F0/><W117/><G117/><T37/><D118/><U110/><E110/><V13/><F44/><W52/><G52/><T102/><D119/><U40/><E40/><V30/><F11/><W51/><G35/><T6/><D41/><U56/><E56/><V61/><F9/><W81/><G67/><T107/><D116/><U98/><E98/><V65/><F97/><W33/><G33/><T34/><D34/><U48/><E48/><V49/><F49/><W125/><G125/><T130/><D130/><U128/><E128/><V69/><F65/><W46/><G62/><AGARI ba="4,1" hai="5,10,12,60,62,64,66,70,71,77,78,86,91,92" machi="62" ten="40,2600,0" yaku="1,1,9,1,53,0" doraHai="20" doraHaiUra="47" who="1" fromWho="3" sc="149,0,164,48,434,0,243,-38" /><INIT seed="4,0,0,5,1,48" ten="149,212,434,205" oya="0" hai0="89,125,94,61,53,33,128,130,68,123,110,34,67" hai1="1,2,73,56,131,26,96,23,71,49,66,20,78" hai2="21,93,6,0,32,118,70,12,5,58,114,106,50" hai3="103,15,30,52,17,74,59,105,38,18,46,31,102"/><T135/><D123/><U4/><E71/><V41/><F93/><W115/><G74/><T134/><D110/><U44/><E131/><N who="0" m="50217" /><D125/><U51/><E78/><V83/><F21/><N who="3" m="11455" /><G105/><T11/><D11/><U47/><E73/><V54/><F83/><W112/><G38/><T101/><D101/><N who="3" m="38409" /><G46/><T65/><D65/><U117/><E117/><V7/><F118/><W76/><G76/><T19/><D19/><U126/><E4/><V82/><F6/><W43/><G43/><T77/><D77/><U57/><E126/><V45/><F41/><W64/><G64/><T3/><D3/><U98/><E66/><V116/><F5/><W97/><G97/><N who="0" m="57551" /><D53/><U113/><E26/><V37/><F7/><W27/><G115/><AGARI ba="0,0" hai="1,2,20,23,44,47,49,51,56,57,96,98,113,115" machi="115" ten="25,1600,0" yaku="22,2" doraHai="48" who="1" fromWho="3" sc="149,0,212,16,434,0,205,-16" /><INIT seed="5,0,0,3,1,44" ten="149,228,434,189" oya="1" hai0="110,120,17,24,119,51,46,63,29,12,4,50,79" hai1="85,131,59,70,127,102,57,31,106,22,26,39,115" hai2="92,16,98,18,9,97,95,123,33,40,21,126,74" hai3="25,35,2,111,103,0,81,7,114,55,13,38,100"/><U45/><E70/><V36/><F33/><W28/><G38/><T65/><D110/><U133/><E133/><V71/><F123/><W86/><G111/><T1/><D119/><U48/><E115/><V66/><F74/><W56/><G114/><T43/><D120/><U124/><E39/><V109/><F109/><W107/><G13/><T134/><D134/><U80/><E131/><V69/><F126/><N who="1" m="48169" /><E102/><V62/><F9/><W14/><G14/><T78/><D4/><U135/><E106/><V75/><F75/><W83/><G83/><T132/><D1/><U77/><E135/><V104/><F104/><W68/><G68/><T121/><D132/><U96/><E96/><V99/><F71/><W64/><G64/><T72/><D72/><U89/><E77/><V76/><F76/><W52/><G103/><T61/><D121/><U47/><E47/><V118/><F118/><W67/><G100/><T49/><D78/><U88/><E89/><V94/><F36/><W129/><G107/><T41/><D79/><U54/><AGARI ba="0,0" hai="22,26,31,45,48,54,57,59,80,85,88" m="48169" machi="54" ten="30,6000,0" yaku="18,1,52,1,54,1" doraHai="44" who="1" fromWho="1" sc="149,-20,228,60,434,-20,189,-20" /><INIT seed="5,1,0,5,3,129" ten="129,288,414,169" oya="1" hai0="6,53,113,56,37,128,120,3,40,51,30,1,126" hai1="24,31,97,60,70,32,115,78,114,18,132,100,95" hai2="125,8,61,127,58,45,117,12,130,59,133,101,94" hai3="17,35,57,77,102,90,69,81,80,110,47,27,43"/><U106/><E78/><V109/><F117/><W124/><G69/><T21/><D113/><N who="1" m="43019" /><E18/><V0/><F109/><W85/><G124/><N who="2" m="47689" /><F0/><W84/><G110/><T74/><D74/><U34/><E95/><V55/><F130/><W22/><G35/><T52/><D40/><U54/><E34/><V13/><F45/><W91/><G102/><T64/><D37/><U88/><E88/><V98/><F8/><W131/><G131/><T123/><D64/><N who="1" m="41223" /><E54/><V105/><F94/><W73/><G73/><T71/><D53/><U79/><E79/><V48/><F13/><W14/><G14/><T89/><D52/><U111/><E111/><V87/><F12/><W103/><G103/><T99/><D89/><U62/><E62/><V39/><F87/><W112/><G77/><T107/><D1/><U26/><E24/><V36/><F61/><W38/><G112/><T9/><D3/><U135/><AGARI ba="1,0" hai="26,31,32,97,100,106,132,135" m="41223,43019" machi="135" ten="30,12000,1" yaku="25,1,15,1,23,1,52,2" doraHai="129" who="1" fromWho="1" sc="129,-41,288,123,414,-41,169,-41" /><INIT seed="5,2,0,1,0,105" ten="88,411,373,128" oya="1" hai0="18,63,88,0,133,62,56,91,13,114,57,5,10" hai1="112,85,20,1,65,32,134,117,86,101,26,80,92" hai2="72,123,130,49,103,106,68,69,9,59,135,126,7" hai3="44,96,120,55,16,28,24,128,19,81,35,97,33"/><U121/><E121/><V60/><F123/><W75/><G128/><T42/><D114/><U94/><E1/><V98/><F130/><W37/><G120/><T34/><D133/><U84/><E32/><V8/><F135/><W12/><G35/><T23/><D42/><U40/><E117/><V73/><F126/><W46/><G46/><T79/><D79/><U83/><E112/><V3/><F49/><W43/><G55/><T6/><D6/><U87/><E40/><V111/><F111/><W36/><G36/><T51/><D51/><U77/><E65/><V104/><F104/><W108/><G108/><T93/><D34/><U21/><E21/><V45/><F45/><W41/><G41/><T66/><REACH who="0" step="1"/><D93/><REACH who="0" ten="78,411,373,128" step="2"/><U113/><E134/><V54/><REACH who="2" step="1"/><F8/><REACH who="2" ten="78,411,363,128" step="2"/><W22/><REACH who="3" step="1"/><G19/><REACH who="3" ten="78,411,363,118" step="2"/><T38/><D38/><U11/><E113/><V119/><F119/><W2/><G2/><T29/><D29/><U127/><E83/><V82/><F82/><W71/><G71/><AGARI ba="2,3" hai="3,7,9,54,59,60,68,69,71,72,73,98,103,106" machi="71" ten="40,5200,0" yaku="1,1,52,2,53,0" doraHai="105" doraHaiUra="27" who="2" fromWho="3" sc="78,0,411,0,363,88,118,-58" /><INIT seed="6,0,0,5,1,6" ten="78,411,451,60" oya="2" hai0="74,31,11,15,41,65,40,69,46,98,61,79,114" hai1="23,129,104,27,119,50,93,33,5,56,63,97,4" hai2="122,2,70,126,59,19,57,14,81,128,42,68,64" hai3="28,86,30,99,38,58,77,72,1,35,24,52,43"/><V132/><F122/><W94/><G1/><T100/><D114/><U120/><E33/><V7/><F42/><W39/><G72/><T131/><D131/><U66/><E104/><V107/><F107/><W48/><G35/><T10/><D31/><N who="1" m="17919" /><E119/><V44/><F128/><W84/><G77/><T106/><D15/><U123/><E129/><V89/><F44/><W67/><G67/><T16/><D16/><U54/><E120/><V8/><F126/><W109/><G109/><T103/><D103/><N who="1" m="60847" /><E123/><V3/><F3/><W121/><G30/><T88/><D88/><U101/><E101/><V113/><F113/><W73/><G73/><T32/><D32/><U116/><E116/><V71/><F132/><W102/><G121/><T82/><D41/><U115/><E115/><V37/><F37/><AGARI ba="0,0" hai="10,11,37,40,46,61,65,69,74,79,82,98,100,106" machi="37" ten="30,3900,0" yaku="7,1,52,2" doraHai="6" who="0" fromWho="2" sc="78,39,411,0,451,-39,60,0" /><INIT seed="7,0,0,2,1,23" ten="117,411,412,60" oya="3" hai0="68,2,47,20,83,131,109,77,87,8,58,88,14" hai1="124,105,117,19,42,127,63,79,29,13,103,98,120" hai2="97,123,50,10,9,101,30,28,96,90,24,99,89" hai3="55,66,61,43,130,128,17,71,25,106,111,115,57"/><W92/><G106/><T82/><D68/><U107/><E120/><V104/><F123/><W125/><G92/><T56/><D109/><U11/><E117/><V64/><F104/><W27/><G111/><T78/><D2/><U102/><E29/><N who="2" m="11371" /><F101/><N who="1" m="38409" /><E98/><V119/><F119/><W75/><G75/><T134/><D131/><N who="3" m="50217" /><G125/><N who="1" m="48202" /><E79/><N who="0" m="30217" /><D134/><U93/><E93/><V133/><F133/><W100/><G100/><T108/><D108/><U73/><E73/><V49/><F64/><W37/><G17/><N who="0" m="8391" /><D82/><U85/><E85/><V4/><F4/><W81/><G81/><T60/><D60/><U113/><E113/><V70/><F99/><W135/><G135/><T46/><D20/><U34/><E34/><V35/><F97/><W6/><G115/><T67/><D67/><U114/><E114/><V1/><F96/><W38/><G6/><T18/><D18/><U118/><E118/><V122/><F122/><W74/><G74/><T65/><D65/><U51/><E63/><V22/><F35/><W53/><G53/><T45/><AGARI ba="0,0" hai="45,46,47,56,58,83,87,88" m="8391,30217" machi="45" ten="30,2000,0" yaku="8,1,54,1" doraHai="23" who="0" fromWho="0" sc="117,20,411,-5,412,-5,60,-10" owari="137,-26.0,406,21.0,407,50.0,50,-45.0" /></mjloggm>