<mjloggm ver="2.3"><GO type="169" lobby="0"/><UN n0="%E6%9C%88%E8%A9%A0%E3%81%95%E3%82%93" n1="%E3%83%88%E3%83%88%E3%83%AA%E5%85%88%E7%94%9F%31%39%E6%AD%B3" n2="%74%61%6B%75%61%6B%61" n3="%E3%82%88%E3%81%A4%E3%81%B0%E3%81%A8%EF%BC%81" dan="16,18,17,17" rate="2142.41,2237.61,2124.91,2162.56" sx="F,F,M,F"/><TAIKYOKU oya="0"/><INIT seed="0,0,0,1,3,3" ten="250,250,250,250" oya="0" hai0="40,57,124,75,120,10,104,118,23,59,83,129,42" hai1="112,67,35,36,60,69,31,32,14,119,50,61,2" hai2="74,58,107,44,53,122,105,34,94,85,93,95,97" hai3="18,80,103,132,133,62,134,13,115,41,91,86,51"/><T39/><D120/><U5/><E119/><V113/><F113/><W56/><G103/><T99/><D118/><U101/><E36/><V26/><F122/><W130/><G130/><T106/><D129/><U108/><E108/><V79/><F44/><W131/><G131/><T11/><D39/><U6/><E2/><V77/><F34/><W7/><G115/><T24/><D75/><U28/><E112/><V89/><F26/><W90/><G51/><T126/><D83/><U46/><E14/><V12/><F12/><W25/><G41/><T19/><D99/><U127/><E127/><N who="0" m="48681" /><D59/><U65/><E101/><N who="2" m="60591" /><F53/><W52/><G25/><T21/><D57/><U27/><E50/><V87/><F58/><W96/><G96/><T72/><D72/><U84/><E84/><N who="2" m="32331" /><F74/><W114/><G114/><T125/><D125/><U110/><E27/><V15/><F15/><W70/><G70/><T76/><D23/><U48/><E110/><V37/><F37/><W116/><G116/><T43/><D11/><U117/><E117/><V71/><F71/><W135/><G135/><T16/><D10/><U63/><E69/><V109/><F109/><W4/><G91/><T121/><D121/><U78/><E60/><V54/><F54/><W0/><G0/><T49/><D49/><U66/><E66/><V17/><F17/><N who="0" m="6730" /><D76/><N who="2" m="29258" /><F89/><W123/><G123/><T82/><D24/><U98/><E78/><V22/><F22/><AGARI ba="0,0" hai="4,7,13,18,22,52,56,62,80,86,90,132,133,134" machi="22" ten="40,8000,1" yaku="20,1,52,2,54,1" doraHai="3" who="3" fromWho="2" sc="250,0,250,0,250,-80,250,80" /><INIT seed="1,0,0,2,0,101" ten="250,250,170,330" oya="1" hai0="47,65,121,36,38,112,52,119,102,28,107,11,24" hai1="9,87,118,42,44,5,97,83,77,15,3,131,80" hai2="46,72,1,133,32,63,109,19,111,82,74,85,98" hai3="18,33,55,25,6,62,104,94,91,45,22,70,66"/><U21/><E131/><V86/><F1/><W13/><G104/><T88/><D119/><U114/><E114/><V35/><F133/><W10/><G33/><N who="2" m="12873" /><F46/><W7/><G45/><T135/><D112/><U48/><E118/><V64/><F19/><W93/><G55/><T125/><D65/><U95/><E80/><V68/><F98/><W108/><G108/><N who="2" m="41545" /><F86/><W92/><REACH who="3" step="1"/><G7/><REACH who="3" ten="250,250,170,320" step="2"/><T69/><D47/><U130/><E130/><V128/><F128/><W20/><G20/><T75/><D135/><U59/><E21/><V14/><F14/><W43/><G43/><T37/><D37/><U31/><E3/><V127/><F127/><W129/><G129/><T23/><D125/><U78/><E42/><V39/><F39/><W58/><G58/><T60/><D38/><U84/><E59/><V73/><F73/><W8/><G8/><T106/><D75/><U117/><E117/><V57/><F57/><W76/><G76/><AGARI ba="0,1" hai="63,64,68,72,74,76,82,85" m="41545,12873" machi="76" ten="30,1000,0" yaku="14,1" doraHai="101" who="2" fromWho="3" sc="250,0,250,0,170,20,320,-10" /><INIT seed="2,0,0,0,4,31" ten="250,250,190,310" oya="2" hai0="15,20,102,24,38,92,88,116,7,16,0,130,124" hai1="128,134,73,114,35,125,77,66,111,106,123,70,121" hai2="46,43,26,112,61,59,3,83,33,57,81,5,104" hai3="127,101,53,78,84,74,86,49,10,30,51,55,4"/><V17/><F112/><W109/><G101/><T19/><D38/><U42/><E77/><V87/><F104/><W96/><G96/><T75/><D75/><U50/><E50/><V69/><F69/><W37/><G37/><T22/><D130/><U52/><E52/><V14/><F3/><W29/><G127/><T93/><D124/><U60/><E42/><V9/><F43/><W132/><G109/><T110/><D110/><U90/><E90/><V119/><F46/><W97/><G97/><N who="0" m="59695" /><D0/><U91/><E91/><V67/><F119/><W23/><G132/><T117/><D117/><U13/><E13/><V63/><F87/><W94/><G74/><T45/><D116/><U64/><E60/><V54/><REACH who="2" step="1"/><F33/><REACH who="2" ten="250,250,180,310" step="2"/><W27/><G84/><N who="0" m="52231" /><D45/><U41/><E41/><V105/><F105/><W32/><G32/><T135/><D135/><U48/><E35/><V80/><F80/><W103/><G86/><T107/><D107/><U71/><E106/><V28/><F28/><W58/><G29/><T126/><D126/><U76/><E114/><V40/><F40/><W65/><G94/><T25/><D7/><U99/><E125/><V115/><F115/><W131/><G4/><T108/><D108/><U36/><E111/><V21/><AGARI ba="0,1" hai="5,9,14,17,21,26,54,57,59,61,63,67,81,83" machi="21" ten="30,11700,0" yaku="1,1,0,1,8,1,53,1" doraHai="31" doraHaiUra="2" who="2" fromWho="2" sc="250,-39,250,-39,180,127,310,-39" /><INIT seed="2,1,0,4,2,64" ten="211,211,307,271" oya="2" hai0="101,121,47,110,16,11,133,102,119,106,5,45,132" hai1="14,129,28,75,105,104,18,122,21,78,6,117,41" hai2="25,71,43,89,23,7,87,93,96,98,20,123,50" hai3="85,70,36,61,2,97,80,27,74,94,111,128,92"/><V40/><F123/><W82/><G2/><T0/><D121/><U39/><E117/><V8/><F71/><W48/><G36/><T130/><D119/><U135/><E122/><V30/><F23/><W131/><G111/><T62/><D110/><U73/><E129/><V19/><F30/><W54/><G74/><T72/><D72/><U79/><E135/><V63/><F63/><W9/><G9/><T44/><D130/><N who="3" m="49705" /><G27/><T95/><D106/><U69/><E69/><V86/><F86/><W90/><G61/><T46/><N who="0" m="11264" /><DORA hai="26" /><T116/><D116/><U58/><E41/><V114/><F50/><W34/><G34/><T65/><D16/><U53/><E39/><V91/><F114/><W99/><G70/><T1/><D1/><U4/><E73/><V118/><F118/><W100/><G54/><T3/><D3/><U76/><E75/><V15/><REACH who="2" step="1"/><F98/><REACH who="2" ten="211,211,297,271" step="2"/><W35/><G48/><T24/><D132/><U125/><E28/><V29/><F29/><W32/><G35/><T12/><D133/><U134/><E134/><V42/><F42/><W22/><G22/><T109/><D109/><U57/><E21/><V56/><F56/><W120/><G32/><T49/><D49/><U112/><E57/><V124/><F124/><W52/><G120/><T77/><D62/><N who="1" m="36175" /><E125/><V13/><F13/><W37/><G37/><T108/><D12/><U83/><E112/><V84/><F84/><W67/><G85/><T59/><D0/><U66/><E14/><V38/><F38/><W17/><G97/><T126/><D108/><U55/><E66/><V81/><AGARI ba="1,1" hai="7,8,15,19,20,25,40,43,81,87,89,91,93,96" machi="81" ten="20,18000,2" yaku="1,1,5,1,0,1,7,1,8,1,53,1" doraHai="64,26" doraHaiUra="88,107" who="2" fromWho="2" sc="211,-61,211,-61,297,193,271,-61" /><INIT seed="2,2,0,3,1,35" ten="150,150,490,210" oya="2" hai0="84,74,6,93,58,36,89,39,96,2,45,131,38" hai1="16,19,33,50,7,8,134,120,108,37,46,90,97" hai2="27,5,11,122,20,71,132,115,88,48,15,110,135" hai3="59,61,72,29,118,26,69,112,100,125,82,76,23"/><V78/><F122/><W18/><G118/><T75/><D131/><U52/><E33/><V83/><F71/><W79/><G79/><T51/><D58/><U70/><E120/><V102/><F115/><W126/><G69/><T109/><D109/><U63/><E108/><V4/><F102/><W56/><G100/><T28/><D28/><U121/><E121/><V66/><F66/><W14/><G112/><T65/><D65/><U22/><E134/><V34/><F34/><W49/><G49/><T40/><REACH who="0" step="1"/><D96/><REACH who="0" ten="140,150,490,210" step="2"/><U95/><E70/><V81/><F110/><W92/><G56/><T87/><D87/><U85/><E37/><V53/><F132/><W114/><G114/><T30/><D30/><U133/><E133/><V107/><F135/><W98/><G59/><T111/><D111/><U17/><E63/><V68/><F68/><W129/><G61/><T3/><D3/><U106/><E106/><V64/><F64/><W127/><G129/><T42/><D42/><U123/><E123/><V60/><F60/><W57/><G57/><T31/><D31/><U25/><E97/><V113/><F113/><W9/><G98/><T86/><D86/><U67/><E67/><V47/><F107/><W130/><G130/><T21/><D21/><U73/><E73/><V41/><F41/><W103/><G125/><T116/><D116/><U32/><E32/><V101/><F20/><W128/><G128/><T117/><D117/><U104/><E104/><V0/><F0/><AGARI ba="2,1" hai="0,7,8,16,17,19,22,25,46,50,52,85,90,95" machi="0" ten="30,7700,0" yaku="7,1,52,1,54,2" doraHai="35" who="1" fromWho="2" sc="140,0,150,93,490,-83,210,0" /><INIT seed="3,0,0,3,5,123" ten="140,243,407,210" oya="3" hai0="70,49,133,31,125,93,33,110,120,81,14,78,21" hai1="97,51,42,91,117,127,64,6,75,9,50,18,105" hai2="32,5,76,86,68,118,67,114,85,4,126,37,16" hai3="65,69,116,35,47,8,12,84,89,124,34,92,2"/><W52/><G2/><T95/><D120/><U48/><E75/><V132/><F114/><W36/><G116/><T83/><D70/><U77/><E77/><V15/><F118/><W58/><G124/><T54/><D33/><U102/><E127/><V61/><F126/><W38/><G69/><T106/><D106/><U11/><E117/><V59/><F37/><W98/><G65/><T101/><D125/><U82/><E64/><V1/><F32/><W13/><G13/><T107/><D107/><U72/><E18/><V7/><F132/><W129/><G129/><T79/><D133/><U109/><E11/><V62/><F1/><W60/><G36/><T119/><D119/><U40/><E109/><V56/><F76/><W27/><G27/><T43/><D43/><U23/><E23/><N who="2" m="11679" /><F68/><W55/><G98/><T41/><D41/><U45/><E42/><V57/><F57/><W71/><G71/><T53/><D14/><U39/><E91/><V25/><F25/><W66/><G38/><T122/><D122/><U19/><E19/><V99/><F99/><W30/><G30/><T115/><D31/><U112/><E112/><V121/><F121/><W90/><G47/><T108/><D115/><U29/><E29/><V96/><F96/><N who="3" m="57359" /><G34/><T17/><D17/><U104/><E104/><V73/><F73/><W134/><G35/><T87/><D21/><U24/><E24/><V131/><F131/><W100/><G134/><T128/><D128/><U74/><E74/><V44/><F44/><W20/><G20/><T130/><D130/><U88/><E72/><V46/><F46/><RYUUKYOKU ba="0,0" sc="140,-10,243,-10,407,30,210,-10" hai2="4,5,7,56,59,61,62,67,85,86" /><INIT seed="4,1,0,4,3,23" ten="130,233,437,200" oya="0" hai0="22,44,132,112,3,85,95,40,57,96,106,32,81" hai1="24,14,37,72,35,97,43,66,7,26,122,127,50" hai2="69,75,105,70,58,130,51,30,11,110,98,114,78" hai3="28,8,103,61,124,104,68,27,5,125,56,13,128"/><T16/><D32/><U99/><E122/><V82/><F110/><W29/><G29/><T25/><D3/><U87/><E72/><V47/><F114/><W20/><G128/><T62/><D112/><U10/><E37/><V60/><F30/><W48/><G68/><T121/><D121/><U9/><E127/><N who="3" m="48714" /><G48/><N who="0" m="26631" /><D106/><U45/><E35/><V0/><F11/><W123/><G123/><T133/><D133/><U49/><E66/><V102/><F0/><W55/><G103/><T38/><D38/><U135/><E135/><V53/><REACH who="2" step="1"/><F130/><REACH who="2" ten="130,233,427,200" step="2"/><W118/><G118/><T41/><D132/><U131/><E131/><V86/><F86/><W73/><G73/><T89/><D41/><AGARI ba="1,1" hai="41,47,51,53,58,60,69,70,75,78,82,98,102,105" machi="41" ten="30,2000,0" yaku="1,1,7,1,53,0" doraHai="23" doraHaiUra="4" who="2" fromWho="0" sc="130,-23,233,0,427,33,200,0" /><INIT seed="5,0,0,3,5,14" ten="107,233,460,200" oya="1" hai0="110,18,15,61,11,13,79,70,100,132,118,92,40" hai1="77,76,124,127,8,97,60,33,29,48,120,31,22" hai2="131,75,52,105,30,5,36,0,45,38,49,133,115" hai3="51,114,81,57,17,10,80,96,130,55,7,94,25"/><U89/><E120/><V119/><F119/><W128/><G114/><T111/><D118/><U106/><E33/><V112/><F75/><W123/><G123/><T72/><D132/><U46/><E60/><V108/><F105/><W58/><G58/><T2/><D2/><U35/><E35/><V82/><F30/><W78/><G25/><T90/><D40/><U63/><E63/><V103/><F103/><W84/><G80/><T34/><D34/><U113/><E113/><N who="2" m="43595" /><F131/><W12/><REACH who="3" step="1"/><G7/><REACH who="3" ten="107,233,460,190" step="2"/><T122/><D122/><U98/><E124/><V85/><F5/><W50/><G50/><T87/><D70/><U73/><E48/><V67/><F49/><W4/><G4/><T93/><D61/><U107/><E127/><V71/><F82/><W74/><G74/><T53/><D72/><U47/><E73/><V129/><F38/><W99/><G99/><N who="0" m="59503" /><D111/><U83/><E98/><V20/><F36/><W42/><G42/><T21/><D110/><U9/><E97/><V135/><F108/><W37/><G37/><T88/><D53/><U95/><E83/><V117/><F52/><W59/><G59/><T23/><D79/><U16/><E77/><V44/><F135/><W62/><G62/><T39/><D39/><U109/><E76/><V19/><F133/><W6/><G6/><N who="0" m="3319" /><D90/><AGARI ba="0,1" hai="10,12,17,51,55,57,78,81,84,90,94,96,128,130" machi="90" ten="40,2600,0" yaku="1,1,52,1,53,0" doraHai="14" doraHaiUra="101" who="3" fromWho="0" sc="107,-26,233,0,460,0,190,36" /><INIT seed="6,0,0,1,4,24" ten="81,233,460,226" oya="2" hai0="134,12,80,67,23,85,94,92,98,77,102,30,69" hai1="130,10,58,9,125,83,19,116,133,112,79,34,20" hai2="41,33,36,11,74,2,118,44,81,90,117,99,108" hai3="89,78,101,107,59,119,56,55,45,87,128,105,0"/><V104/><F33/><W49/><G0/><T135/><D69/><U132/><E116/><V75/><F108/><W62/><G119/><T131/><D67/><U53/><E34/><V73/><F81/><W123/><G123/><T91/><D12/><N who="1" m="9319" /><E130/><V13/><F90/><W47/><G78/><T72/><D23/><U16/><E112/><V5/><REACH who="2" step="1"/><F13/><REACH who="2" ten="81,233,450,226" step="2"/><W42/><G89/><T6/><D131/><U48/><E83/><V71/><F71/><W14/><G14/><T52/><D6/><U40/><E79/><V68/><F68/><W126/><G128/><T7/><D7/><U18/><E132/><V61/><F61/><W121/><G62/><T26/><D26/><U97/><E133/><V66/><F66/><W96/><G121/><T115/><D30/><U109/><E109/><V84/><F84/><W51/><G87/><T50/><REACH who="0" step="1"/><D115/><REACH who="0" ten="71,233,450,226" step="2"/><U127/><E18/><V27/><F27/><W28/><G28/><T106/><D106/><U82/><E16/><V64/><F64/><W93/><G105/><T32/><D32/><U15/><E15/><V21/><F21/><W114/><G107/><T25/><D25/><U63/><E10/><V22/><F22/><W43/><G114/><T57/><AGARI ba="0,2" hai="50,52,57,72,77,80,85,91,92,94,98,102,134,135" machi="57" ten="30,7900,0" yaku="1,1,0,1,54,1,53,1" doraHai="24" doraHaiUra="86" who="0" fromWho="0" sc="71,99,233,-20,450,-39,226,-20" /><INIT seed="7,0,0,0,1,14" ten="170,213,411,206" oya="3" hai0="63,120,38,52,23,29,133,85,57,110,105,35,15" hai1="42,100,80,73,62,13,118,107,75,89,6,46,111" hai2="26,84,99,78,3,104,22,68,49,117,103,18,135" hai3="82,88,40,59,122,123,95,1,51,58,98,129,25"/><W96/><G1/><T109/><D105/><U21/><E111/><V32/><F68/><W50/><G129/><T131/><D120/><U0/><E0/><V128/><F117/><W7/><G7/><T94/><D38/><U55/><E118/><V90/><F3/><W27/><G82/><T102/><D131/><U10/><E21/><V125/><F135/><W114/><G114/><T43/><D43/><U28/><E28/><V108/><F108/><W81/><G81/><T31/><D133/><U113/><E113/><V86/><F78/><W119/><G119/><T132/><D132/><U69/><E100/><V20/><F32/><W53/><G96/><T48/><D35/><U97/><E107/><V45/><F125/><W44/><REACH who="3" step="1"/><G59/><REACH who="3" ten="170,213,411,196" step="2"/><N who="0" m="33159" /><D110/><U60/><E97/><V112/><F112/><W33/><G33/><T66/><D109/><U126/><E80/><V12/><F128/><W115/><G115/><T74/><D74/><U19/><E75/><V47/><F99/><W127/><G127/><T17/><D102/><U9/><E73/><V70/><F103/><W76/><G76/><T36/><D36/><N who="1" m="21831" /><E126/><V67/><F86/><W64/><G64/><T56/><D56/><N who="1" m="34847" /><E89/><AGARI ba="0,1" hai="15,17,23,29,31,57,63,66,85,89,94" m="33159" machi="89" ten="30,7700,0" yaku="25,1,8,1,52,1,54,1" doraHai="14" who="0" fromWho="1" sc="170,87,213,-77,411,0,196,0" owari="257,6.0,136,-36.0,411,50.0,196,-20.0" /></mjloggm>