<mjloggm ver="2.3"><GO type="97" lobby="0"/><UN n0="%E5%B0%B1%E6%B4%BB%E7%94%9F%40%E5%B7%9D%E6%9D%91%E8%BB%8D%E5%9B%A3" n1="%E3%81%AE%E3%83%BC%E3%81%BF%E3%81%9D%E3%81%93%E3%81%AD%E3%81%93%E3%81%AD" n2="%75%73%68%69%6B%6F" n3="%E3%81%B5%E3%82%82%E3%81%82" dan="15,14,13,15" rate="1975.53,2026.92,1879.17,1931.42" sx="M,M,M,M"/><TAIKYOKU oya="0"/><INIT seed="0,0,0,0,5,45" ten="250,250,250,250" oya="0" hai0="119,133,78,103,21,110,40,6,7,122,107,96,82" hai1="9,33,73,129,68,5,49,115,90,53,108,57,56" hai2="4,86,31,16,52,106,37,124,51,11,105,72,2" hai3="95,24,32,8,118,126,3,91,121,36,0,39,71"/><T69/><D119/><U92/><E68/><V127/><F37/><W23/><G118/><T128/><D122/><U100/><E73/><V25/><F72/><W63/><G121/><T64/><D128/><U1/><E129/><V84/><F84/><W102/><G32/><T70/><D133/><U83/><E33/><V89/><F31/><W22/><G102/><T12/><D40/><U123/><E123/><V93/><F106/><W17/><G126/><N who="2" m="48169" /><F105/><W62/><G62/><T85/><D110/><U109/><E115/><V15/><F25/><W76/><G76/><T46/><D46/><U135/><E135/><V77/><F77/><W42/><G42/><T13/><D64/><U54/><E100/><V134/><F134/><W30/><G71/><T75/><D75/><U48/><REACH who="1" step="1"/><E83/><REACH who="1" ten="250,240,250,250" step="2"/><V65/><F65/><W41/><G39/><T101/><D101/><U117/><E117/><V131/><F131/><W59/><G36/><T132/><D132/><U18/><E18/><V125/><F125/><W29/><G17/><T104/><D104/><U34/><E34/><V74/><F74/><W47/><G30/><T79/><D70/><U60/><E60/><V38/><F38/><W67/><G29/><T88/><D69/><U112/><E112/><V10/><F4/><W66/><G63/><T58/><D7/><U120/><E120/><V50/><F2/><W55/><G3/><T114/><D114/><U80/><E80/><V111/><F111/><W61/><G0/><T97/><D6/><U26/><E26/><V81/><F81/><W20/><G24/><T27/><D82/><RYUUKYOKU ba="0,1" sc="250,-10,240,30,250,-10,250,-10" hai1="1,5,9,48,49,53,54,56,57,90,92,108,109" /><INIT seed="1,1,1,3,0,117" ten="240,270,240,240" oya="1" hai0="65,105,85,128,22,113,31,47,127,95,129,81,112" hai1="27,74,24,94,99,79,0,64,33,41,12,40,38" hai2="102,30,103,5,69,84,80,120,122,19,16,32,109" hai3="72,86,57,124,92,100,134,11,60,123,104,70,82"/><U21/><E0/><V76/><F69/><W37/><G37/><T87/><D65/><U111/><E33/><V77/><F109/><W62/><G70/><T91/><D47/><U49/><E38/><V13/><F5/><W56/><G134/><T17/><D31/><U121/><E12/><V68/><F68/><W48/><G124/><T118/><D118/><U130/><E64/><V66/><F66/><W43/><G72/><T20/><D105/><U6/><E6/><V101/><F30/><W83/><G104/><T18/><D127/><U125/><E49/><V35/><F13/><W135/><G123/><N who="2" m="47145" /><F84/><W106/><G135/><T131/><D20/><U29/><E21/><V63/><F80/><W110/><G83/><T44/><D44/><U67/><E121/><V25/><F25/><W23/><G86/><T93/><D93/><U71/><E67/><V52/><F52/><N who="3" m="31751" /><G82/><T96/><D87/><U42/><E71/><V2/><F63/><W26/><G92/><T59/><D59/><U45/><E94/><V53/><F53/><W8/><G110/><T114/><REACH who="0" step="1"/><D22/><REACH who="0" ten="230,270,240,240" step="2"/><U116/><E111/><V10/><F10/><W34/><G11/><T4/><D4/><U108/><E108/><V58/><F58/><W54/><G8/><T39/><D39/><U1/><E116/><V98/><F98/><N who="3" m="61719" /><G23/><T61/><D61/><U15/><E125/><V75/><F75/><W126/><G126/><T132/><D132/><U3/><E74/><V78/><F2/><W51/><G43/><T89/><AGARI ba="1,2" hai="17,18,81,85,89,91,95,96,112,113,114,128,129,131" machi="89" ten="40,5200,0" yaku="1,1,0,1,19,1,53,0" doraHai="117" doraHaiUra="50" who="0" fromWho="0" sc="230,75,270,-27,240,-14,240,-14" /><INIT seed="2,0,0,3,4,109" ten="305,243,226,226" oya="2" hai0="80,102,113,36,85,119,126,73,123,43,121,5,69" hai1="128,28,117,2,23,35,132,18,133,22,82,98,51" hai2="83,55,50,79,20,37,34,124,24,66,29,60,78" hai3="103,81,17,116,6,57,135,10,54,111,33,41,87"/><V27/><F124/><W88/><G116/><T97/><BYE who="2" /><D69/><U13/><E117/><V101/><F101/><W46/><G33/><T56/><D119/><U94/><E2/><V118/><F118/><W40/><G111/><T84/><D73/><U65/><E35/><V104/><F104/><W9/><G135/><N who="1" m="51786" /><E65/><V90/><F90/><W134/><G134/><T72/><D113/><U64/><E64/><V11/><F11/><W53/><G103/><T77/><D36/><U70/><E70/><V30/><F30/><W48/><G17/><T96/><D43/><N who="3" m="16457" /><G6/><T71/><D71/><U39/><E39/><V4/><F4/><W12/><G12/><T122/><D5/><U112/><E51/><AGARI ba="0,0" hai="9,10,46,48,51,53,54,57,81,87,88" m="16457" machi="51" ten="30,2000,0" yaku="8,1,54,1" doraHai="109" who="3" fromWho="1" sc="305,0,243,-20,226,0,226,20" /><INIT seed="3,0,0,0,3,108" ten="305,223,226,246" oya="3" hai0="65,47,129,76,102,7,60,4,25,91,43,69,51" hai1="1,2,11,12,99,23,101,68,82,109,34,54,123" hai2="44,50,106,92,20,110,97,96,112,5,104,53,41" hai3="18,28,94,6,134,22,72,67,79,126,62,77,133"/><W56/><G126/><T135/><D76/><U13/><E34/><V84/><F84/><W83/><G6/><T21/><D102/><U15/><E68/><V35/><F35/><W117/><G117/><T81/><D129/><U115/><E109/><V121/><F121/><W29/><G94/><T125/><D125/><U114/><E123/><V103/><F103/><W86/><G79/><T90/><D135/><N who="3" m="51721" /><G72/><T58/><D69/><U24/><E82/><V32/><F32/><W78/><G78/><T3/><D3/><N who="1" m="1035" /><E54/><V113/><F113/><N who="1" m="43017" /><E99/><V105/><F105/><W19/><G19/><N who="0" m="12479" /><D81/><U27/><E101/><V48/><F48/><W111/><G111/><T73/><D73/><U120/><E120/><V75/><F75/><W61/><G61/><T36/><D36/><U64/><E64/><V119/><F119/><W10/><G10/><T95/><D91/><U52/><E52/><V30/><F30/><W31/><G31/><T100/><D100/><U130/><E130/><V88/><F88/><W118/><G118/><T116/><D116/><U59/><E59/><V14/><F14/><AGARI ba="0,0" hai="14,18,22,28,29,56,62,67,77,83,86" m="51721" machi="14" ten="30,1500,0" yaku="20,1" doraHai="108" who="3" fromWho="2" sc="305,0,223,0,226,-15,246,15" /><INIT seed="3,1,0,0,0,61" ten="305,223,211,261" oya="3" hai0="114,14,52,1,40,46,68,92,84,62,42,79,3" hai1="103,5,16,39,44,115,106,85,55,56,25,65,4" hai2="38,69,34,89,26,126,32,66,116,108,41,110,50" hai3="0,125,77,36,18,98,58,105,73,118,99,109,100"/><W12/><G118/><T83/><D114/><U8/><E115/><V10/><F10/><W113/><G113/><T57/><D68/><U112/><E112/><V95/><F95/><W71/><G0/><T54/><D54/><U87/><E39/><V9/><F9/><W96/><G71/><T53/><D53/><U28/><E106/><V124/><F124/><W119/><G36/><T37/><D42/><U132/><E103/><V23/><F23/><W107/><G119/><T135/><D135/><U80/><E87/><V70/><F70/><W117/><G117/><T64/><D14/><N who="1" m="7239" /><E28/><V78/><F78/><W59/><G125/><T91/><D52/><U101/><E101/><V60/><F60/><W15/><G107/><T30/><D30/><U19/><E19/><V102/><F102/><W43/><G43/><T48/><D37/><U88/><E25/><V27/><F27/><W31/><G31/><T35/><D35/><U11/><E11/><V134/><F134/><W20/><G109/><T93/><D93/><U63/><E132/><V2/><F2/><W128/><G128/><T131/><D131/><U94/><E94/><V133/><F133/><W86/><G73/><AGARI ba="1,0" hai="1,3,40,46,48,57,62,64,73,79,83,84,91,92" machi="73" ten="30,2000,0" yaku="7,1,52,1" doraHai="61" who="0" fromWho="3" sc="305,23,223,0,211,0,261,-23" owari="328,43.0,223,-18.0,211,-29.0,238,4.0" /></mjloggm>