<mjloggm ver="2.3"><GO type="169" lobby="0"/><UN n0="%E3%82%A6%E3%83%AB%E3%83%88%E3%83%A9%E7%AB%8B%E7%9B%B4" n1="%55%52%41%4E" n2="%6B%69%79%6F%64%61%69" n3="%73%68%6F%6F%74%33%39" dan="17,16,17,19" rate="2203.38,2041.06,2176.27,2207.62" sx="M,F,M,M"/><TAIKYOKU oya="0"/><INIT seed="0,0,0,2,5,1" ten="250,250,250,250" oya="0" hai0="63,47,104,10,33,127,43,69,27,56,86,135,32" hai1="106,2,122,46,120,30,77,91,55,72,81,19,75" hai2="89,101,107,66,11,125,65,21,64,114,113,117,4" hai3="36,95,40,128,24,92,45,26,87,34,119,126,118"/><T103/><D127/><U48/><E106/><V130/><F125/><W100/><G126/><T50/><D135/><U90/><E75/><V74/><F74/><W115/><G115/><T12/><D69/><U102/><E102/><V52/><F130/><W0/><G128/><T88/><D27/><U49/><E2/><V58/><F117/><W79/><G0/><T96/><D56/><U124/><E124/><V29/><F89/><W28/><G24/><T41/><D63/><U53/><E30/><V112/><F21/><W105/><G105/><T17/><REACH who="0" step="1"/><D43/><REACH who="0" ten="240,250,250,250" step="2"/><U110/><E120/><V133/><F133/><W6/><G40/><T42/><D42/><U71/><E122/><V39/><F114/><W73/><G26/><T116/><D116/><U67/><E71/><V38/><F113/><W85/><G119/><T16/><D16/><U23/><E19/><V44/><F29/><W78/><G28/><T31/><D31/><U59/><E59/><V132/><F132/><W80/><G118/><T99/><D99/><U123/><E123/><V108/><F112/><W13/><G34/><T37/><D37/><U57/><E57/><V9/><F58/><W111/><G36/><T54/><D54/><U76/><E55/><V61/><F61/><W7/><G45/><T121/><D121/><U3/><E53/><V70/><F70/><W14/><G7/><T84/><D84/><U134/><E46/><V22/><F4/><W131/><G6/><T68/><D68/><U20/><E72/><V94/><F38/><W97/><G73/><T109/><D109/><U98/><E134/><RYUUKYOKU ba="0,1" sc="240,30,250,-10,250,-10,250,-10" hai0="10,12,17,32,33,41,47,50,86,88,96,103,104" /><INIT seed="0,1,1,3,3,63" ten="270,240,240,240" oya="0" hai0="112,79,105,117,123,16,41,110,13,58,113,109,8" hai1="2,99,36,74,23,89,106,12,24,47,116,134,27" hai2="111,115,30,119,50,19,66,77,108,51,98,70,92" hai3="64,52,132,93,56,60,43,4,49,46,3,75,127"/><T85/><D105/><U5/><E2/><V129/><F115/><W53/><G75/><T122/><D41/><U72/><E116/><V10/><F119/><W76/><G76/><T35/><D117/><U91/><E134/><V67/><F30/><W15/><G3/><T17/><D79/><U94/><E106/><V84/><F70/><W88/><G132/><T39/><D39/><U133/><E133/><V29/><F29/><W20/><G127/><T37/><D37/><U120/><E120/><N who="0" m="46121" /><D35/><U25/><E89/><V73/><F73/><W68/><G68/><T6/><D85/><U96/><E96/><V42/><F42/><W14/><G4/><T125/><D58/><U90/><E90/><V34/><F34/><W54/><G20/><N who="0" m="11279" /><D17/><U78/><E78/><V31/><F31/><W44/><G44/><T1/><D125/><U97/><E47/><V87/><F87/><AGARI ba="1,1" hai="14,15,43,46,49,52,53,54,56,60,64,87,88,93" machi="87" ten="40,8000,1" yaku="8,1,52,1,54,2" doraHai="63" who="3" fromWho="2" sc="270,0,240,0,240,-83,240,93" /><INIT seed="1,0,0,4,3,59" ten="270,240,157,333" oya="1" hai0="107,134,46,110,37,4,42,44,14,54,130,36,89" hai1="65,60,41,76,8,122,72,23,92,84,58,12,109" hai2="87,2,26,56,131,90,62,24,67,57,81,112,105" hai3="115,1,51,99,6,80,53,63,125,68,103,27,33"/><U11/><E122/><V82/><F105/><W10/><G115/><T94/><D107/><U39/><E72/><V86/><F2/><W28/><G125/><T85/><D130/><U21/><E8/><V78/><F131/><W43/><G43/><T95/><D110/><U15/><E15/><V50/><F112/><W47/><G80/><T48/><D134/><U20/><E109/><V114/><F114/><W75/><G75/><T17/><D4/><N who="1" m="3175" /><E39/><V117/><F117/><W113/><G113/><T91/><D37/><U31/><E41/><V18/><F18/><W64/><G99/><T73/><D73/><U40/><E40/><V19/><F19/><W66/><G66/><T74/><D74/><U133/><E133/><V29/><F29/><W49/><G49/><T123/><D123/><U52/><E65/><V25/><REACH who="2" step="1"/><F50/><REACH who="2" ten="270,240,147,333" step="2"/><W111/><G111/><T126/><D36/><U106/><E106/><V124/><F124/><W83/><G51/><T121/><D126/><U13/><E31/><V55/><F55/><W128/><G53/><T69/><D54/><U71/><E71/><AGARI ba="0,1" hai="24,25,26,56,57,62,67,71,78,81,82,86,87,90" machi="71" ten="40,2600,0" yaku="1,1,52,1,53,0" doraHai="59" doraHaiUra="132" who="2" fromWho="1" sc="270,0,240,-26,147,36,333,0" /><INIT seed="2,0,0,2,3,31" ten="270,214,183,333" oya="2" hai0="6,127,62,53,119,42,125,82,27,24,35,64,51" hai1="10,93,38,60,100,112,96,111,109,128,84,2,99" hai2="16,25,90,45,107,135,95,77,36,73,130,44,72" hai3="50,4,76,32,129,71,68,1,87,65,101,12,78"/><V85/><F107/><W9/><G101/><T89/><D42/><U17/><E38/><V134/><F130/><W39/><G39/><T59/><D6/><N who="1" m="1367" /><E112/><V3/><F3/><W63/><G71/><T98/><D119/><U67/><E128/><V30/><F16/><W69/><G69/><T19/><D19/><U106/><E17/><V43/><F45/><W102/><G12/><T29/><D27/><U56/><E84/><V115/><F115/><W28/><G129/><T105/><D82/><U124/><E124/><V18/><F18/><W126/><G126/><T116/><D116/><U21/><E21/><V61/><F61/><W122/><G87/><T26/><D26/><U114/><E114/><V132/><REACH who="2" step="1"/><F77/><REACH who="2" ten="270,214,173,333" step="2"/><W52/><G78/><T13/><D13/><U33/><E106/><V8/><F8/><W48/><G76/><T103/><REACH who="0" step="1"/><D89/><REACH who="0" ten="260,214,173,333" step="2"/><U121/><E111/><V79/><F79/><W81/><G1/><T54/><D54/><U15/><E109/><V37/><F37/><W91/><G52/><T22/><D22/><AGARI ba="0,2" hai="22,25,30,36,43,44,72,73,85,90,95,132,134,135" machi="22" ten="40,12000,1" yaku="1,1,20,1,53,2" doraHai="31" doraHaiUra="104" who="2" fromWho="0" sc="260,-120,214,0,173,140,333,0" /><INIT seed="2,1,0,2,5,115" ten="140,214,313,333" oya="2" hai0="79,135,101,52,128,8,33,120,92,41,11,54,28" hai1="42,9,3,93,58,82,117,43,95,97,102,100,26" hai2="30,14,88,29,73,103,83,110,118,133,12,6,57" hai3="99,49,23,81,39,32,27,22,25,104,55,134,0"/><V21/><F118/><W24/><G39/><T70/><D70/><U76/><E26/><V68/><F68/><W4/><G134/><T2/><D120/><U80/><E117/><V96/><F133/><W127/><G127/><T131/><D135/><U37/><E37/><V71/><F71/><W13/><G81/><T53/><D79/><U61/><E3/><V125/><F125/><W132/><G49/><T107/><D107/><U112/><E9/><V46/><F73/><W66/><G55/><T78/><D78/><U129/><E129/><N who="0" m="49737" /><D41/><N who="1" m="15371" /><E76/><V20/><F46/><W47/><G47/><T91/><D101/><U105/><E105/><V85/><F110/><W64/><G104/><T130/><N who="0" m="49745" /><T124/><DORA hai="75" /><D124/><U1/><E112/><V63/><F103/><W16/><G66/><T36/><D36/><U123/><E123/><V60/><F60/><W106/><G64/><T77/><D77/><U94/><E102/><V5/><F63/><W35/><G106/><T69/><D2/><U87/><E1/><V119/><F119/><W84/><G132/><T45/><D45/><U116/><E116/><V18/><F57/><W108/><G108/><T50/><D50/><U51/><E51/><V111/><F111/><W113/><G113/><T15/><D69/><U56/><E56/><V44/><F44/><W40/><G40/><T67/><D67/><N who="1" m="39351" /><E87/><V114/><F114/><W59/><G84/><N who="0" m="52327" /><D15/><U34/><E100/><V38/><F38/><W72/><G72/><T48/><D48/><U31/><E97/><V17/><F96/><W86/><G59/><T109/><D109/><RYUUKYOKU ba="1,0" sc="140,10,214,10,313,10,333,-30" hai0="8,11,28,33,52,53,54" hai1="31,34,80,82,93,94,95" hai2="5,6,12,14,17,18,20,21,29,30,83,85,88" /><INIT seed="2,2,0,3,0,38" ten="150,224,323,303" oya="2" hai0="19,3,41,31,92,7,20,23,64,129,82,85,114" hai1="68,133,123,107,59,78,99,77,43,37,112,97,70" hai2="53,25,103,84,0,5,2,60,66,35,127,52,86" hai3="126,56,93,102,109,6,125,134,14,61,44,71,130"/><V21/><F35/><W128/><G102/><T94/><D114/><U46/><E112/><V74/><F74/><W45/><G93/><T106/><D106/><U124/><E133/><V50/><F127/><N who="3" m="48651" /><G6/><T22/><D129/><N who="3" m="49769" /><G14/><T110/><D110/><U118/><E124/><V117/><F117/><W36/><G109/><T24/><D64/><U88/><E118/><V132/><F103/><W96/><G96/><T111/><D3/><U57/><E123/><V32/><F5/><W26/><G26/><T27/><D7/><U28/><E28/><V80/><F25/><W58/><G134/><T10/><D111/><U30/><E30/><V89/><F132/><W47/><G36/><T135/><D135/><U105/><E37/><V67/><F2/><W116/><G116/><T72/><D10/><U95/><E95/><V18/><F0/><W101/><G101/><T83/><D22/><U49/><E105/><V34/><F34/><W98/><G98/><T104/><D104/><U15/><E107/><V4/><F4/><W100/><G100/><T73/><D31/><U81/><E15/><N who="2" m="9439" /><F32/><W39/><G39/><T1/><D1/><U33/><E97/><V119/><F119/><W55/><G58/><N who="1" m="22026" /><E33/><V120/><F80/><W65/><G71/><N who="1" m="27178" /><E99/><V87/><F89/><W131/><G131/><T11/><D19/><U122/><E88/><V121/><F121/><W115/><G115/><T69/><D11/><U29/><E122/><V90/><F90/><W113/><G113/><T54/><D69/><U75/><E78/><V48/><F120/><W51/><AGARI ba="2,0" hai="44,45,47,51,55,56,61,65" m="49769,48651" machi="51" ten="40,8000,1" yaku="18,1,19,1,34,2" doraHai="38" who="3" fromWho="3" sc="150,-22,224,-22,323,-42,303,86" /><INIT seed="3,0,0,1,5,56" ten="128,202,281,389" oya="3" hai0="117,15,8,39,1,32,60,85,50,45,94,31,52" hai1="33,96,89,109,105,73,28,38,101,19,75,122,79" hai2="115,87,86,5,24,9,67,125,103,97,66,100,11" hai3="47,104,129,82,114,2,17,30,69,0,98,21,25"/><W108/><G114/><T128/><D39/><U35/><E122/><V91/><F115/><W14/><G129/><T51/><D1/><U110/><E38/><V4/><F24/><W126/><G126/><T78/><D117/><U74/><E79/><V99/><REACH who="2" step="1"/><F91/><REACH who="2" ten="128,202,271,389" step="2"/><W23/><G25/><T54/><D128/><U83/><E89/><V131/><F131/><W40/><G108/><T119/><D119/><U7/><E109/><V123/><F123/><W20/><G30/><T93/><D31/><U63/><E28/><V134/><F134/><W59/><G0/><T88/><D32/><U71/><E35/><V112/><F112/><W106/><G2/><T61/><D78/><U34/><E33/><V120/><F120/><W133/><G133/><T22/><D94/><U53/><E34/><V77/><F77/><W49/><G14/><T130/><D130/><U132/><E132/><V36/><F36/><W68/><G106/><T16/><REACH who="0" step="1"/><D8/><REACH who="0" ten="118,202,271,389" step="2"/><U55/><E110/><V95/><F95/><W124/><G104/><T118/><D118/><U70/><E105/><V10/><F10/><W57/><G23/><T48/><D48/><U29/><E29/><V127/><AGARI ba="0,2" hai="4,5,9,11,66,67,86,87,97,99,100,103,125,127" machi="127" ten="25,6400,0" yaku="1,1,0,1,22,2,53,0" doraHai="56" doraHaiUra="76" who="2" fromWho="2" sc="118,-16,202,-16,271,84,389,-32" /><INIT seed="4,0,0,2,5,113" ten="102,186,355,357" oya="0" hai0="56,125,44,24,67,15,23,38,132,11,52,6,13" hai1="69,64,102,48,42,25,17,104,120,88,28,92,0" hai2="46,32,34,19,81,118,8,128,87,75,135,78,106" hai3="90,21,109,94,74,129,116,131,27,101,95,121,41"/><T86/><D125/><U93/><E0/><V14/><F106/><W68/><G68/><T26/><D132/><U40/><E120/><V72/><F135/><W66/><G74/><T45/><D67/><U77/><E77/><V79/><F118/><W43/><G109/><T10/><D86/><U134/><E134/><V5/><F128/><W35/><G35/><T18/><D38/><U39/><E92/><V54/><F54/><W108/><G108/><T47/><REACH who="0" step="1"/><D10/><REACH who="0" ten="92,186,355,357" step="2"/><U114/><E39/><V123/><F87/><W2/><G66/><T111/><D111/><U133/><E64/><V103/><F72/><W73/><G73/><T33/><D33/><U115/><E133/><V96/><F34/><W51/><G131/><T20/><D20/><U57/><E114/><V36/><F32/><W100/><G21/><T97/><D97/><U49/><E115/><V12/><F36/><W1/><G129/><T71/><D71/><U85/><E69/><V37/><F37/><W4/><G121/><T16/><D16/><U122/><E17/><V98/><F98/><W130/><G130/><T63/><AGARI ba="0,1" hai="6,11,13,15,18,23,24,26,44,45,47,52,56,63" machi="63" ten="30,11700,0" yaku="1,1,0,1,8,1,54,1,53,0" doraHai="113" doraHaiUra="62" who="0" fromWho="0" sc="92,127,186,-39,355,-39,357,-39" /><INIT seed="4,1,0,0,0,94" ten="219,147,316,318" oya="0" hai0="43,62,7,109,132,47,135,21,121,83,26,91,30" hai1="19,86,25,65,23,79,34,27,57,90,71,4,44" hai2="59,38,119,52,10,111,96,61,113,68,48,9,50" hai3="42,70,13,8,81,84,105,120,128,127,36,37,17"/><T106/><D121/><U32/><E71/><V67/><F111/><W78/><G70/><T72/><D106/><U115/><E4/><V20/><F113/><W31/><G120/><T14/><D109/><U112/><E79/><V114/><F114/><N who="1" m="43561" /><E44/><V99/><F38/><W125/><G128/><T63/><D72/><U5/><E5/><V93/><F99/><W29/><G105/><T18/><D7/><U45/><E45/><V22/><F50/><W41/><G37/><T88/><D62/><N who="1" m="38095" /><E27/><V123/><F119/><W85/><G36/><T54/><D63/><U35/><E34/><V103/><F123/><W131/><G131/><T75/><D54/><U76/><E76/><V77/><F77/><W110/><G110/><T82/><D75/><U64/><E64/><V107/><F107/><W130/><G130/><T69/><D69/><U122/><E122/><V16/><F20/><W1/><G1/><T126/><D47/><U74/><E74/><V24/><AGARI ba="1,0" hai="9,10,16,22,24,48,52,59,61,67,68,93,96,103" machi="24" ten="20,8000,1" yaku="0,1,7,1,52,1,54,2" doraHai="94" who="2" fromWho="2" sc="219,-41,147,-21,316,83,318,-21" /><INIT seed="5,0,0,3,5,116" ten="178,126,399,297" oya="1" hai0="135,79,69,7,117,44,122,42,73,108,11,131,16" hai1="57,56,40,94,28,2,52,83,101,133,54,59,112" hai2="50,5,22,72,102,62,92,81,105,21,47,24,45" hai3="29,129,91,110,20,41,33,107,78,84,70,13,85"/><U74/><E2/><V113/><F105/><W76/><G70/><T53/><D69/><U63/><E112/><V77/><F113/><W48/><G33/><T95/><D53/><N who="1" m="20587" /><E74/><V124/><F124/><W125/><G125/><T71/><D71/><U130/><E130/><V109/><F109/><W75/><G107/><T8/><D131/><U35/><E35/><V32/><F32/><W68/><G68/><T96/><D73/><U97/><E133/><V6/><F22/><W64/><G64/><T31/><D108/><U34/><E34/><V88/><F102/><W36/><G20/><T65/><D65/><N who="1" m="39167" /><E28/><V4/><F62/><W51/><G29/><T58/><D31/><U18/><E40/><V128/><F128/><W127/><G41/><T120/><D135/><U93/><E83/><V90/><F50/><W1/><G51/><T134/><D134/><U126/><E126/><V49/><F49/><W123/><G48/><T98/><D117/><U99/><E18/><V100/><F81/><W9/><G36/><T23/><D42/><U15/><E15/><V86/><F72/><W12/><G75/><T104/><D104/><U17/><E17/><V67/><F67/><W55/><G55/><T0/><D58/><U43/><E43/><V111/><F111/><W82/><G110/><T30/><D44/><U119/><E119/><V25/><F45/><W3/><G129/><T103/><D30/><U27/><E27/><V14/><F24/><W118/><G118/><T121/><D0/><U115/><E115/><V87/><F47/><W89/><G127/><T66/><D16/><RYUUKYOKU ba="0,0" sc="178,-10,126,30,399,-10,297,-10" hai1="56,57,93,94,97,99,101" /><INIT seed="5,1,0,0,0,121" ten="168,156,389,287" oya="1" hai0="107,112,47,71,59,54,3,53,7,77,5,61,120" hai1="105,45,75,123,26,99,56,92,98,60,42,0,87" hai2="106,94,111,49,23,16,4,129,127,104,126,24,62" hai3="41,31,38,13,18,11,63,36,1,83,85,17,134"/><U19/><E75/><V14/><F111/><W124/><G1/><T9/><D107/><U133/><E0/><V88/><F129/><W44/><G31/><T30/><D112/><U33/><E123/><V79/><F79/><W117/><G134/><T25/><D71/><U91/><E133/><V109/><F109/><W89/><G124/><N who="2" m="47657" /><F49/><W110/><G110/><T67/><D120/><U55/><E105/><V118/><F118/><W58/><G117/><T10/><D77/><U34/><E34/><V22/><F62/><W28/><G28/><T102/><D47/><U2/><E2/><V43/><F43/><W132/><G132/><T46/><D102/><U35/><E35/><V52/><F52/><W125/><G125/><T70/><D46/><U48/><REACH who="1" step="1"/><E33/><REACH who="1" ten="168,146,389,287" step="2"/><V93/><F106/><W20/><G38/><T32/><D70/><U108/><E108/><V116/><F104/><W73/><G73/><T128/><D128/><U57/><E57/><V78/><F116/><W90/><G58/><T82/><D82/><U68/><E68/><V8/><F94/><W29/><G36/><T84/><D84/><U113/><E113/><V81/><F93/><W95/><G83/><T66/><D66/><U135/><E135/><V65/><F65/><W131/><G85/><T51/><D51/><U96/><E96/><V86/><F81/><W72/><G95/><T40/><D40/><U6/><E6/><V130/><F130/><W39/><G131/><T74/><D74/><U97/><E97/><V80/><F78/><W50/><G41/><T15/><AGARI ba="1,1" hai="3,5,7,9,10,15,25,30,32,53,54,59,61,67" machi="15" ten="20,1500,0" yaku="0,1,7,1" doraHai="121" who="0" fromWho="0" sc="168,28,146,-8,389,-5,287,-5" /><INIT seed="6,0,0,0,1,55" ten="196,138,384,282" oya="2" hai0="117,54,109,110,99,94,71,35,119,75,100,18,60" hai1="121,81,74,103,70,61,41,62,63,86,2,125,45" hai2="24,77,113,52,53,83,82,69,68,97,21,135,134" hai3="89,123,87,114,102,30,32,48,33,111,4,44,131"/><V76/><F97/><W112/><G111/><T124/><D75/><U129/><E2/><V78/><F21/><W34/><G123/><T64/><D35/><U120/><E74/><V116/><F24/><W0/><G102/><T101/><D124/><U106/><E125/><V127/><F127/><W47/><G131/><T58/><D18/><U66/><E129/><V46/><F46/><W13/><G0/><T10/><D10/><U37/><E106/><V96/><F96/><W15/><G30/><T25/><D25/><U1/><E103/><V12/><F12/><W42/><G47/><T90/><D101/><U128/><E1/><V126/><F126/><W5/><G15/><T98/><D54/><N who="2" m="21098" /><F113/><N who="3" m="43627" /><G13/><T107/><REACH who="0" step="1"/><D71/><REACH who="0" ten="186,138,384,282" step="2"/><U51/><E128/><V36/><F68/><W93/><AGARI ba="0,1" hai="4,5,32,33,34,42,44,48,87,89,93" m="43627" machi="93" ten="40,2700,0" yaku="15,1,11,1" doraHai="55" who="3" fromWho="3" sc="186,-7,138,-7,384,-13,282,37" /><INIT seed="7,0,0,1,2,125" ten="179,131,371,319" oya="3" hai0="74,129,5,48,33,116,110,8,85,23,79,77,29" hai1="123,54,40,112,83,87,24,92,111,113,120,47,55" hai2="4,37,22,76,73,132,118,90,3,105,49,44,28" hai3="27,99,59,6,88,95,21,78,108,43,131,63,19"/><W133/><G133/><T17/><D74/><U42/><E111/><V96/><F37/><W39/><G108/><T68/><D68/><U80/><E24/><N who="2" m="16407" /><F105/><W62/><G131/><T119/><D129/><U32/><E32/><V86/><F73/><W52/><G6/><T31/><D48/><U106/><E106/><V91/><F3/><W103/><G78/><T66/><D66/><U45/><E92/><N who="2" m="56351" /><F118/><W41/><G39/><T81/><D77/><U89/><REACH who="1" step="1"/><E87/><REACH who="1" ten="179,121,371,319" step="2"/><V109/><F109/><W36/><G36/><T1/><D110/><U107/><E107/><V35/><F35/><W60/><G103/><T13/><D31/><U58/><E58/><V10/><F132/><W115/><G115/><T18/><D29/><U70/><E70/><V124/><F124/><W16/><G19/><T2/><D33/><U64/><E64/><V135/><F135/><W61/><AGARI ba="0,1" hai="16,21,27,41,43,52,59,60,61,62,63,88,95,99" machi="61" ten="30,18000,2" yaku="0,1,25,2,8,1,54,3" doraHai="125" who="3" fromWho="3" sc="179,-60,121,-60,371,-60,319,190" owari="119,-28.0,61,-44.0,311,11.0,509,61.0" /></mjloggm>