<mjloggm ver="2.3"><GO type="41" lobby="0"/><UN n0="%69%2E%6B%33%2F%31%38" n1="%E7%A5%9E%E9%A2%A8%E7%89%B9%E5%88%A5%E6%94%BB%E9%98%B2%E9%9A%8A" n2="%E3%81%95%E3%81%A8%E3%81%91" n3="%E5%B0%B1%E6%B4%BB%E7%94%9F%40%E5%B7%9D%E6%9D%91%E8%BB%8D%E5%9B%A3" dan="14,13,13,14" rate="1813.98,1867.81,1834.51,1960.09" sx="M,M,M,M"/><TAIKYOKU oya="0"/><INIT seed="0,0,0,0,3,112" ten="250,250,250,250" oya="0" hai0="29,30,127,86,84,116,60,72,130,8,35,108,132" hai1="68,101,54,26,7,3,131,88,87,81,50,74,119" hai2="120,59,22,76,102,20,37,95,66,78,70,61,6" hai3="123,104,18,64,98,49,135,83,125,82,15,13,114"/><T92/><D72/><U10/><E68/><V48/><F37/><W89/><G114/><T62/><D116/><U77/><E131/><V85/><F120/><W75/><G123/><T11/><D132/><U118/><E101/><V2/><F2/><W129/><G129/><T52/><D130/><U55/><E26/><V46/><F6/><W94/><G125/><T40/><D127/><U12/><E3/><V1/><F1/><W47/><G135/><T39/><D39/><U91/><E91/><V105/><F105/><W17/><G104/><T93/><D40/><U109/><E109/><V111/><F70/><W97/><G64/><T5/><D35/><U110/><E55/><V96/><F111/><W25/><G25/><T103/><D108/><U27/><E27/><V51/><F51/><W99/><G75/><T115/><D115/><U121/><E110/><V58/><F58/><W134/><G134/><T28/><D28/><U45/><E121/><V124/><F124/><W53/><G15/><T73/><D73/><U100/><E100/><V32/><F32/><W31/><G31/><T67/><D103/><U80/><AGARI ba="0,0" hai="7,10,12,45,50,54,74,77,80,81,87,88,118,119" machi="80" ten="20,8000,1" yaku="0,1,7,1,52,2,54,1" doraHai="112" who="1" fromWho="1" sc="250,-40,250,80,250,-20,250,-20" /><INIT seed="1,0,0,5,3,46" ten="210,330,230,230" oya="1" hai0="73,8,125,127,118,31,126,62,68,69,29,99,133" hai1="13,124,77,108,67,85,70,59,122,135,17,33,51" hai2="49,42,131,52,103,87,96,71,84,132,106,24,95" hai3="63,104,4,35,117,38,45,23,109,48,64,76,15"/><U61/><E122/><V28/><F71/><W101/><G35/><T102/><D73/><U123/><E33/><V54/><F132/><W19/><G117/><T128/><D118/><U105/><E123/><V98/><F131/><W16/><G38/><T93/><D8/><U26/><E105/><V58/><F42/><W3/><G109/><T100/><D128/><U74/><E135/><V53/><F53/><W18/><G76/><T5/><D5/><U57/><E108/><V66/><F66/><W41/><G3/><T107/><D133/><U113/><E74/><V110/><F110/><W39/><G39/><T6/><D6/><U25/><E113/><V75/><F75/><W14/><G101/><T65/><D68/><U2/><E2/><V111/><F111/><W129/><G129/><T50/><D102/><U119/><E119/><V97/><F97/><W79/><G79/><T78/><D78/><U81/><E70/><V56/><F106/><W12/><G104/><T36/><D36/><U91/><E124/><V86/><F98/><W21/><REACH who="3" step="1"/><G4/><REACH who="3" ten="210,330,230,220" step="2"/><T9/><D107/><U40/><E77/><V22/><REACH who="2" step="1"/><F87/><REACH who="2" ten="210,330,220,220" step="2"/><W43/><G43/><T116/><D116/><U32/><E40/><V55/><F55/><W92/><G92/><T94/><D93/><U112/><E85/><V27/><F27/><W20/><G20/><T82/><D82/><U89/><E25/><V120/><F120/><W47/><G47/><T37/><D125/><U134/><E26/><V90/><F90/><W60/><G60/><AGARI ba="0,2" hai="22,24,28,49,52,54,56,58,60,84,86,95,96,103" machi="60" ten="30,8000,1" yaku="1,1,7,1,8,1,52,1,54,1,53,0" doraHai="46" doraHaiUra="115" who="2" fromWho="3" sc="210,0,330,0,220,100,220,-80" /><INIT seed="2,0,0,4,5,11" ten="210,330,320,140" oya="2" hai0="28,135,124,134,39,46,31,106,129,45,128,80,81" hai1="44,59,68,37,54,20,75,133,130,73,32,89,33" hai2="104,121,51,35,74,118,48,82,126,92,0,102,30" hai3="69,114,1,8,43,70,125,99,120,65,72,127,21"/><V62/><F121/><W58/><G72/><T105/><D39/><U19/><E68/><N who="3" m="26218" /><G1/><T7/><D7/><U84/><E133/><N who="0" m="50697" /><D31/><U112/><E130/><N who="0" m="50281" /><D28/><U5/><E112/><V115/><F0/><W36/><G8/><T14/><D14/><U41/><E5/><V64/><F115/><W116/><G21/><T96/><D45/><U79/><E79/><V119/><F92/><W113/><G99/><T107/><D46/><U86/><E33/><V17/><F17/><W2/><G2/><T61/><D61/><U91/><E32/><V76/><F51/><W83/><G83/><T53/><D53/><U66/><E66/><V38/><F48/><W63/><G120/><T87/><D87/><U15/><E86/><V110/><F38/><W34/><G34/><T22/><D22/><U93/><E91/><V24/><F110/><W18/><G18/><T90/><D90/><U67/><E67/><V131/><F131/><W111/><G111/><T101/><D80/><U26/><E26/><V85/><F85/><W100/><G100/><T78/><D78/><U9/><E9/><V3/><F3/><W6/><G6/><T13/><D13/><U23/><E23/><V55/><F55/><W60/><G116/><N who="2" m="44585" /><F64/><W103/><G103/><T52/><D52/><U50/><AGARI ba="0,0" hai="15,19,20,37,41,44,50,54,59,73,75,84,89,93" machi="50" ten="20,8000,1" yaku="0,1,7,1,25,2,52,1" doraHai="11" who="1" fromWho="1" sc="210,-20,330,80,320,-40,140,-20" /><INIT seed="3,0,0,4,0,33" ten="190,410,280,120" oya="3" hai0="0,92,80,28,123,104,101,133,120,113,25,116,118" hai1="112,53,50,69,105,109,2,107,61,12,17,19,99" hai2="51,31,91,59,21,119,23,89,72,114,122,77,38" hai3="100,34,95,67,11,45,8,24,7,73,56,121,131"/><W87/><G121/><T3/><D80/><U41/><E112/><V64/><F38/><W57/><G73/><T86/><D86/><U37/><E109/><V74/><F119/><N who="0" m="45610" /><D92/><U125/><E125/><V78/><F122/><N who="0" m="46634" /><D113/><U9/><E2/><N who="0" m="553" /><D25/><U68/><E61/><V29/><F114/><W90/><G131/><T76/><D76/><U126/><E126/><V127/><F51/><W115/><G115/><T135/><D101/><U49/><E41/><V71/><F59/><W44/><G100/><T39/><D39/><U20/><E37/><V55/><F127/><W134/><G134/><N who="0" m="51211" /><D28/><U60/><E107/><AGARI ba="0,0" hai="104,107" m="51211,553,46634,45610" machi="107" ten="40,16000,3" yaku="28,2,20,1,31,2,52,3" doraHai="33" who="0" fromWho="1" sc="190,160,410,-160,280,0,120,0" /><INIT seed="4,0,0,0,1,133" ten="350,250,280,120" oya="0" hai0="21,126,109,83,13,15,76,115,37,135,97,112,34" hai1="128,72,90,122,29,31,42,63,58,116,100,18,82" hai2="114,24,77,41,134,50,60,108,123,35,0,86,88" hai3="11,65,39,14,56,16,54,32,70,8,99,45,36"/><T3/><D37/><U94/><E122/><V10/><F108/><W67/><G32/><T85/><D34/><U98/><E116/><V12/><F123/><W111/><G111/><T118/><D109/><U79/><E128/><V110/><F110/><W66/><G70/><T89/><D3/><U84/><E42/><V131/><F134/><W46/><G39/><T53/><D135/><U2/><E18/><V7/><F131/><W9/><G36/><T103/><D118/><U28/><E2/><V74/><F60/><W68/><G68/><T96/><D53/><U75/><E75/><V130/><F130/><W95/><G46/><T48/><D48/><U129/><E129/><V106/><F106/><W49/><REACH who="3" step="1"/><G45/><REACH who="3" ten="350,250,280,110" step="2"/><T87/><D103/><AGARI ba="0,1" hai="8,9,11,14,16,49,54,56,65,66,67,95,99,103" machi="103" ten="40,8000,1" yaku="1,1,2,1,8,1,54,1,53,1" doraHai="133" doraHaiUra="51" who="3" fromWho="0" sc="350,-80,250,0,280,0,110,90" /><INIT seed="5,0,0,5,1,61" ten="270,250,280,200" oya="1" hai0="116,121,55,53,126,29,14,23,33,22,39,124,122" hai1="76,3,70,38,97,5,74,127,47,46,118,135,27" hai2="1,133,131,18,34,86,132,40,26,105,107,72,101" hai3="57,87,37,130,100,93,60,67,84,65,25,16,66"/><U69/><E118/><V0/><F72/><W31/><G37/><T11/><D39/><U19/><E38/><V125/><F40/><W108/><G108/><T98/><D116/><U112/><E74/><V91/><F101/><W110/><G110/><T51/><D53/><U43/><E43/><V12/><F125/><N who="0" m="48234" /><D98/><U128/><E127/><V13/><F131/><W106/><G106/><T71/><D71/><U90/><E128/><V115/><F115/><W10/><G130/><T62/><D62/><U4/><E112/><V48/><F48/><W35/><G100/><T6/><D33/><U114/><E114/><V73/><F73/><W92/><G92/><T9/><D9/><U58/><E76/><V15/><F86/><W134/><G134/><N who="2" m="51817" /><F91/><W113/><G113/><T54/><D54/><U68/><E135/><V59/><F59/><W129/><G129/><T117/><D117/><U50/><E3/><N who="2" m="1099" /><F18/><W21/><G93/><T20/><D29/><AGARI ba="0,0" hai="12,13,15,26,29,34,105,107" m="1099,51817" machi="29" ten="40,1300,0" yaku="20,1" doraHai="61" who="2" fromWho="0" sc="270,-13,250,0,280,13,200,0" /><INIT seed="6,0,0,4,2,39" ten="257,250,293,200" oya="2" hai0="112,97,6,124,128,46,22,72,13,11,90,2,52" hai1="54,3,24,55,65,74,38,17,91,132,61,68,48" hai2="100,80,14,135,107,67,0,134,98,87,23,8,125" hai3="27,81,32,83,105,106,51,84,5,16,50,115,47"/><V28/><F0/><W36/><G5/><T33/><D72/><U29/><E74/><V37/><F125/><W85/><G36/><T130/><D33/><U30/><E3/><V127/><F127/><W69/><G69/><T118/><D124/><U12/><E38/><V75/><F67/><W103/><G115/><T93/><D112/><U44/><E132/><N who="2" m="50731" /><F37/><W42/><G103/><T43/><D118/><U123/><E123/><V94/><F28/><W76/><G51/><N who="0" m="27103" /><D2/><U53/><E30/><V4/><F23/><W92/><G92/><T89/><D22/><U64/><E64/><V19/><F75/><W58/><G58/><T21/><D21/><U41/><E91/><N who="2" m="51687" /><F4/><W99/><G99/><T111/><D111/><U57/><E68/><V126/><F126/><W79/><REACH who="3" step="1"/><G16/><REACH who="3" ten="257,250,293,190" step="2"/><N who="0" m="8255" /><D128/><U73/><E24/><V129/><F129/><W117/><G117/><T40/><D130/><U113/><E29/><AGARI ba="0,1" hai="27,29,32,42,47,50,76,79,81,83,84,85,105,106" machi="29" ten="40,5200,0" yaku="1,1,9,1,52,1,53,0" doraHai="39" doraHaiUra="116" who="3" fromWho="1" sc="257,0,250,-52,293,0,190,62" /><INIT seed="7,0,0,3,0,96" ten="257,198,293,252" oya="3" hai0="21,119,17,40,84,83,15,1,122,114,47,55,35" hai1="92,28,115,69,44,54,12,33,128,22,77,0,46" hai2="60,49,75,93,108,129,25,16,13,126,8,97,48" hai3="72,131,116,50,30,39,34,4,112,37,127,123,104"/><W57/><RYUUKYOKU type="yao9" ba="0,0" sc="257,0,198,0,293,0,252,0" hai3="4,30,34,37,39,50,57,72,104,112,116,123,127,131" /><INIT seed="7,1,0,3,4,44" ten="257,198,293,252" oya="3" hai0="22,4,116,20,46,24,89,78,54,1,14,100,69" hai1="118,13,43,40,114,108,99,57,70,131,2,45,97" hai2="61,125,103,50,101,47,36,76,84,124,112,111,39" hai3="91,106,53,115,26,17,90,105,113,27,107,11,29"/><W62/><G62/><T37/><D116/><U75/><E75/><V135/><F111/><W12/><G53/><T123/><D123/><U68/><E108/><V56/><F112/><N who="3" m="43083" /><G27/><T35/><D69/><U79/><E114/><V48/><F135/><W110/><G110/><T98/><D1/><U73/><E73/><V92/><F47/><W41/><G41/><T6/><D78/><U109/><E109/><V126/><F76/><W83/><G83/><T93/><D35/><AGARI ba="1,0" hai="11,12,17,26,29,35,90,91,105,106,107" m="43083" machi="35" ten="40,2000,0" yaku="15,1" doraHai="44" who="3" fromWho="0" sc="257,-23,198,0,293,0,252,23" /><INIT seed="7,2,0,2,3,79" ten="234,198,293,275" oya="3" hai0="70,113,96,88,21,23,67,121,132,48,66,130,49" hai1="90,55,51,4,99,71,82,69,72,104,134,46,116" hai2="93,63,74,94,103,0,86,35,30,10,8,19,127" hai3="5,28,123,73,115,45,58,18,57,118,11,34,56"/><W105/><G105/><T100/><D121/><U50/><E134/><V15/><F74/><W91/><G118/><T128/><D132/><U61/><E61/><V1/><F127/><W112/><G123/><T13/><D100/><U97/><E116/><V38/><F38/><W39/><G73/><T9/><D67/><U54/><E99/><V126/><F126/><W81/><G18/><T75/><D75/><U59/><E4/><V32/><F32/><W106/><G106/><T119/><D119/><U17/><E17/><V114/><F114/><N who="3" m="43563" /><G28/><T76/><D113/><U43/><E43/><V29/><F35/><W129/><G34/><T64/><D76/><U25/><E25/><V16/><F63/><W122/><G122/><T37/><D37/><U120/><E120/><V78/><F78/><W2/><G129/><N who="0" m="49771" /><D66/><U107/><E107/><V124/><F124/><W20/><G20/><N who="0" m="7755" /><D64/><U60/><E60/><V62/><F62/><W14/><G2/><T26/><D70/><U84/><REACH who="1" step="1"/><E72/><REACH who="1" ten="234,188,293,275" step="2"/><V7/><F7/><W133/><G133/><T125/><D125/><U52/><E52/><V40/><F40/><N who="3" m="22687" /><G56/><T24/><D26/><U101/><AGARI ba="2,1" hai="46,50,51,54,55,59,69,71,82,84,90,97,101,104" machi="101" ten="30,4000,0" yaku="1,1,0,1,52,1,53,0" doraHai="79" doraHaiUra="27" who="1" fromWho="1" sc="234,-12,188,56,293,-12,275,-22" /><INIT seed="8,0,0,0,4,90" ten="222,244,281,253" oya="0" hai0="116,121,57,78,83,61,36,126,79,125,56,47,7" hai1="76,100,135,66,96,48,94,91,102,30,130,12,4" hai2="111,19,45,123,99,68,71,85,49,35,106,43,51" hai3="104,28,119,117,53,16,131,3,52,8,84,41,89"/><T114/><D121/><U77/><E135/><V29/><F111/><W23/><G104/><T70/><D114/><U31/><E130/><V38/><F123/><W55/><G131/><T33/><D33/><U118/><E118/><V5/><F5/><W22/><G41/><T73/><D70/><U25/><E66/><V108/><F108/><W65/><G65/><T37/><D79/><N who="1" m="30283" /><E48/><V122/><F122/><W97/><G97/><T14/><D116/><N who="3" m="44617" /><G28/><N who="1" m="10794" /><E25/><V64/><F68/><W0/><G8/><AGARI ba="0,0" hai="4,8,12,91,94,96,100,102" m="10794,30283" machi="8" ten="30,2000,0" yaku="8,1,52,1" doraHai="90" who="1" fromWho="3" sc="222,0,244,20,281,0,253,-20" /><INIT seed="9,0,0,2,4,16" ten="222,264,281,233" oya="1" hai0="28,80,100,73,9,41,85,18,66,102,68,130,74" hai1="48,78,61,11,31,126,75,54,43,8,5,103,46" hai2="56,90,13,81,53,115,122,45,123,119,132,117,24" hai3="133,19,17,95,10,58,67,44,30,2,84,94,59"/><U26/><E126/><V124/><F124/><W89/><G133/><T34/><D130/><U63/><E75/><V86/><F132/><W40/><G30/><T4/><D41/><U129/><E129/><V118/><F115/><W55/><G67/><T21/><D73/><U77/><E103/><V38/><F13/><W125/><G125/><T104/><D74/><U98/><E98/><V131/><F131/><W91/><G2/><T60/><D104/><U36/><E36/><V52/><F24/><W49/><G10/><T88/><D28/><U3/><E11/><V39/><F45/><W69/><G69/><T71/><D34/><U113/><E113/><V37/><F53/><W50/><REACH who="3" step="1"/><G59/><REACH who="3" ten="222,264,281,223" step="2"/><T35/><D71/><U70/><E70/><V76/><F76/><W6/><G6/><T22/><D35/><U96/><E78/><V114/><F114/><W121/><G121/><T32/><D32/><U33/><E77/><V15/><F15/><W25/><G25/><T0/><REACH who="0" step="1"/><D22/><REACH who="0" ten="212,264,281,223" step="2"/><U110/><E33/><V108/><F108/><W109/><G109/><T101/><D101/><U12/><E110/><V87/><F123/><W112/><G112/><T107/><D107/><U99/><E3/><V64/><F122/><W7/><G7/><T79/><D79/><U128/><E128/><V134/><F134/><W27/><G27/><AGARI ba="0,2" hai="0,4,9,18,21,27,60,66,68,80,85,88,100,102" machi="27" ten="30,7700,0" yaku="1,1,7,1,52,1,54,1,53,0" doraHai="16" doraHaiUra="51" who="0" fromWho="3" sc="212,97,264,0,281,0,223,-77" owari="309,41.0,264,-14.0,281,8.0,146,-35.0" /></mjloggm>