<mjloggm ver="2.3"><GO type="41" lobby="0"/><UN n0="%E3%81%97%E3%82%8D%E3%83%AF%E3%83%83%E3%82%B5%E3%83%B3" n1="%7A%65%70%68%79%72%37%35" n2="%E5%B0%B1%E6%B4%BB%E7%94%9F%40%E5%B7%9D%E6%9D%91%E8%BB%8D%E5%9B%A3" n3="%E3%82%80%E3%82%89%E3%83%BC%E3%81%8D%E3%83%BC" dan="15,13,15,14" rate="1974.37,1836.84,1958.99,2002.95" sx="M,M,M,M"/><TAIKYOKU oya="0"/><INIT seed="0,0,0,1,3,41" ten="250,250,250,250" oya="0" hai0="109,119,90,48,2,11,26,13,126,59,66,100,81" hai1="92,33,132,67,110,116,77,86,105,9,16,36,75" hai2="45,6,31,51,135,102,103,99,123,114,40,82,71" hai3="131,19,42,91,101,32,49,0,120,70,117,111,21"/><T18/><D119/><U37/><E116/><V10/><F135/><W118/><G101/><T68/><D68/><U87/><E33/><V112/><F123/><W28/><G49/><T69/><D69/><U47/><E67/><V64/><F31/><W104/><G91/><T83/><D2/><U129/><E132/><V27/><F27/><W4/><G42/><T44/><D126/><U7/><E129/><V88/><F71/><W15/><G104/><T125/><D125/><U57/><E105/><V56/><F64/><W3/><G70/><T17/><D109/><U133/><E37/><V108/><F56/><W73/><G73/><T134/><D100/><U106/><E106/><V20/><F20/><W35/><G131/><T5/><D134/><U74/><E74/><V95/><F108/><W24/><G111/><T60/><D26/><U98/><E133/><V46/><F46/><W65/><G65/><T85/><D83/><N who="1" m="45503" /><E57/><V39/><F39/><W84/><G84/><T34/><D34/><N who="3" m="12841" /><G120/><T96/><D96/><U53/><E110/><V54/><F54/><AGARI ba="0,0" hai="5,11,13,17,18,44,48,54,59,60,66,81,85,90" machi="54" ten="30,5800,0" yaku="7,1,8,1,52,1" doraHai="41" who="0" fromWho="2" sc="250,58,250,0,250,-58,250,0" /><INIT seed="0,1,0,0,1,119" ten="308,250,192,250" oya="0" hai0="17,124,5,42,134,132,8,27,51,41,16,126,38" hai1="68,24,39,129,70,96,123,64,115,59,44,121,114" hai2="89,90,109,60,11,15,58,102,112,28,21,25,122" hai3="73,103,66,20,82,76,87,84,118,85,57,7,3"/><T125/><D38/><U34/><E96/><V116/><F112/><N who="1" m="43049" /><E129/><V55/><F116/><W100/><G118/><T71/><D71/><N who="1" m="27179" /><E24/><V56/><F109/><W50/><G20/><N who="0" m="13703" /><D17/><U48/><E34/><V91/><F102/><W6/><G3/><N who="0" m="63" /><D51/><U77/><E77/><V12/><F122/><W105/><G105/><T14/><D14/><U106/><E106/><V32/><F32/><W92/><G73/><T133/><AGARI ba="1,0" hai="41,42,124,125,126,132,133,134" m="63,13703" machi="133" ten="40,7800,0" yaku="18,1,20,1,54,1" doraHai="119" who="0" fromWho="0" sc="308,81,250,-27,192,-27,250,-27" /><INIT seed="0,2,0,2,0,112" ten="389,223,165,223" oya="0" hai0="25,102,96,135,15,104,121,26,62,13,90,84,60" hai1="95,131,59,14,51,41,82,36,56,88,108,32,39" hai2="31,110,119,6,74,57,81,132,67,79,61,58,44" hai3="126,80,130,120,28,64,76,46,85,105,52,77,17"/><T29/><D121/><U107/><E32/><V89/><F110/><W87/><G105/><T97/><D97/><U99/><E108/><V91/><F132/><W24/><G126/><T128/><D128/><U122/><E122/><V129/><F129/><W49/><G120/><T10/><D15/><U16/><E131/><V18/><F31/><W114/><G130/><T4/><D135/><U70/><E70/><V40/><F6/><W116/><G114/><T75/><D75/><U5/><E5/><V68/><F119/><W124/><G124/><T35/><REACH who="0" step="1"/><D25/><REACH who="0" ten="379,223,165,223" step="2"/><U118/><E107/><V106/><F106/><W37/><G116/><T69/><D69/><U92/><E118/><V34/><F34/><W78/><G37/><T83/><AGARI ba="2,1" hai="4,10,13,26,29,35,60,62,83,84,90,96,102,104" machi="83" ten="20,3900,0" yaku="1,1,0,1,7,1,53,0" doraHai="112" doraHaiUra="19" who="0" fromWho="0" sc="379,55,223,-15,165,-15,223,-15" /><INIT seed="0,3,0,1,3,59" ten="434,208,150,208" oya="0" hai0="49,75,77,99,24,6,62,14,134,41,115,121,0" hai1="66,20,13,117,28,43,53,9,7,46,73,35,71" hai2="70,120,67,63,113,116,44,55,60,68,4,131,122" hai3="98,94,1,27,74,109,31,130,21,97,119,132,40"/><T93/><D0/><U22/><E73/><V12/><F4/><W112/><G119/><T125/><D115/><U45/><E117/><V92/><F12/><W82/><G112/><T36/><D36/><U95/><E35/><V50/><F113/><W26/><G1/><T39/><D39/><U81/><E81/><V86/><F116/><W16/><G132/><T72/><D24/><U111/><E111/><V18/><F18/><W42/><G130/><T106/><D106/><U37/><E28/><V83/><F131/><W17/><G109/><T32/><D32/><U85/><E46/><V101/><F101/><W84/><G74/><T47/><D121/><U65/><E65/><V103/><F103/><W2/><G2/><T33/><D33/><U105/><E105/><V56/><F92/><W80/><G80/><T96/><D75/><U23/><E53/><V126/><F126/><W90/><G98/><T5/><D125/><U38/><E38/><V48/><F86/><W52/><G52/><T108/><D108/><U107/><E107/><V87/><F50/><W79/><REACH who="3" step="1"/><G17/><REACH who="3" ten="434,208,150,198" step="2"/><T124/><D134/><U10/><E85/><V100/><F100/><W88/><G88/><T61/><D72/><U133/><E133/><V128/><F128/><W8/><G8/><T76/><D99/><U114/><E10/><V118/><F118/><W54/><G54/><T19/><D124/><U30/><E114/><V78/><F70/><W51/><G51/><T129/><D129/><U89/><E30/><V29/><F29/><W127/><G127/><T57/><D96/><N who="1" m="57455" /><E71/><V3/><F3/><RYUUKYOKU ba="3,1" sc="434,-30,208,10,150,10,198,10" hai1="7,9,13,20,22,23,37,43,45,66" hai2="44,48,55,56,60,63,67,68,78,83,87,120,122" hai3="16,21,26,27,31,40,42,79,82,84,90,94,97" /><INIT seed="1,4,1,1,4,115" ten="404,218,160,208" oya="1" hai0="47,23,15,33,7,59,107,62,65,29,119,112,8" hai1="79,71,17,96,80,40,39,123,130,89,110,125,53" hai2="26,37,94,109,111,106,118,88,114,14,113,69,108" hai3="9,58,75,70,66,3,24,49,86,16,90,12,134"/><U95/><E71/><V74/><F69/><W102/><G75/><T0/><D112/><N who="2" m="43114" /><F37/><W30/><G134/><T36/><D107/><U1/><E123/><V68/><F68/><W85/><G3/><T10/><D36/><U63/><E1/><V11/><F106/><W51/><G70/><T131/><D47/><U76/><E76/><V81/><F26/><W104/><G102/><T20/><D131/><U67/><E130/><V129/><F129/><W77/><G104/><T2/><D23/><U56/><E125/><V82/><F74/><W25/><G77/><T117/><D0/><U6/><E6/><N who="2" m="3447" /><F118/><W61/><G85/><AGARI ba="4,1" hai="81,82,85,88,94,108,109,111" m="3447,43114" machi="85" ten="40,5200,0" yaku="14,1,11,1,54,1" doraHai="115" who="2" fromWho="3" sc="404,0,218,0,160,74,208,-64" /><INIT seed="2,0,0,5,3,47" ten="404,218,234,144" oya="2" hai0="66,128,123,15,29,104,77,0,92,103,24,13,69" hai1="100,64,78,120,53,116,134,70,88,51,61,79,93" hai2="4,28,84,44,37,94,1,96,22,132,131,41,73" hai3="8,43,98,31,86,38,33,81,2,3,14,21,102"/><V74/><F131/><W39/><G33/><T68/><D128/><U16/><E116/><V17/><F132/><W113/><G113/><T110/><D110/><U125/><E134/><V52/><F28/><W71/><G71/><T118/><D0/><U42/><E42/><V76/><F84/><W10/><G10/><T36/><D36/><U27/><E100/><V65/><F65/><W85/><G85/><T105/><D123/><U75/><E75/><V119/><F119/><W95/><G21/><T122/><D122/><U7/><E7/><V80/><F4/><W46/><G31/><T57/><D77/><U34/><E125/><V60/><F1/><W48/><G3/><T106/><D69/><U62/><E62/><V112/><F112/><W83/><G83/><T18/><D68/><U127/><E127/><V130/><F130/><W117/><G2/><T89/><D103/><U109/><E109/><V90/><F73/><W63/><G63/><T129/><D129/><U30/><E120/><V19/><REACH who="2" step="1"/><F22/><REACH who="2" ten="404,218,224,144" step="2"/><W97/><G97/><N who="0" m="57487" /><D29/><U121/><E121/><V99/><F99/><W111/><G111/><T91/><D66/><U126/><E126/><V114/><F114/><W135/><G135/><T32/><D118/><U12/><E12/><V107/><F107/><W26/><G117/><T67/><D15/><U108/><E108/><V40/><F40/><W45/><G26/><T72/><D13/><U133/><E133/><V23/><F23/><W55/><G14/><T54/><D67/><U56/><E16/><V87/><F87/><AGARI ba="0,1" hai="27,30,34,51,53,56,61,64,70,78,79,87,88,93" machi="87" ten="30,3900,0" yaku="7,1,52,1,54,1" doraHai="47" who="1" fromWho="2" sc="404,0,218,49,224,-39,144,0" /><INIT seed="3,0,0,0,3,58" ten="404,267,185,144" oya="3" hai0="27,121,97,6,41,8,60,82,120,64,48,110,1" hai1="65,46,73,19,10,20,101,134,111,39,118,128,102" hai2="5,85,69,22,43,12,25,15,100,2,126,17,106" hai3="114,23,133,3,24,49,115,80,53,92,116,87,0"/><W31/><G116/><T104/><D110/><U109/><E73/><V32/><F69/><W124/><G124/><T40/><D82/><U44/><E10/><N who="2" m="2359" /><F43/><W47/><G92/><T68/><D41/><U94/><E118/><V132/><F106/><W81/><G133/><T95/><D27/><U88/><E39/><V36/><F36/><W38/><G38/><T130/><D104/><U113/><E113/><V119/><F100/><N who="1" m="38505" /><E128/><V89/><F85/><W16/><G31/><T127/><D127/><U77/><E77/><V4/><F89/><W61/><G61/><T90/><D130/><U117/><E117/><V29/><F126/><W122/><G122/><T34/><D34/><U131/><E131/><V13/><F119/><W125/><G125/><T26/><D26/><N who="1" m="14623" /><E65/><V107/><F107/><W57/><G57/><T66/><D64/><U108/><E134/><V67/><F67/><W76/><REACH who="3" step="1"/><G80/><REACH who="3" ten="404,267,185,134" step="2"/><T63/><D95/><U33/><E33/><V62/><F62/><W98/><G98/><AGARI ba="0,1" hai="44,46,88,94,98,108,109,111" m="14623,38505" machi="98" ten="30,2000,0" yaku="14,1,54,1" doraHai="58" who="1" fromWho="3" sc="404,0,267,30,185,0,134,-20" /><INIT seed="4,0,0,0,2,2" ten="404,297,185,114" oya="0" hai0="21,20,90,96,73,6,125,84,78,87,132,52,91" hai1="42,13,31,75,37,124,105,116,72,118,101,55,100" hai2="4,17,8,67,114,51,135,38,134,121,40,133,30" hai3="11,33,62,53,97,36,29,83,107,16,58,35,106"/><T24/><D132/><U26/><E124/><V128/><F121/><W102/><G36/><T123/><D123/><U3/><E13/><V120/><F38/><W70/><G70/><T130/><D125/><U32/><E55/><V69/><F120/><W1/><G106/><T71/><D71/><U108/><E108/><V45/><F128/><W10/><G29/><T27/><D130/><U64/><E100/><V47/><F114/><W59/><G83/><T129/><D129/><U122/><E122/><V22/><F30/><W66/><G10/><T127/><D73/><U5/><E64/><V104/><F104/><W88/><G88/><T44/><D78/><U111/><E111/><V28/><F28/><W126/><G126/><T94/><D127/><U112/><E112/><V46/><F67/><W95/><G107/><T12/><D96/><N who="1" m="61607" /><E116/><V48/><F69/><W39/><G39/><T49/><D21/><U85/><E85/><V23/><F17/><W65/><G65/><T61/><D61/><U80/><E80/><V76/><F76/><W18/><G18/><N who="0" m="10311" /><D6/><U86/><E86/><V7/><F46/><W41/><G41/><T60/><D60/><U50/><E50/><V119/><F119/><W25/><G25/><T115/><D115/><U34/><E34/><V82/><F82/><AGARI ba="0,0" hai="24,27,44,49,52,82,84,87,90,91,94" m="10311" machi="82" ten="30,2900,0" yaku="8,1,54,1" doraHai="2" who="0" fromWho="2" sc="404,29,297,0,185,-29,114,0" /><INIT seed="4,1,0,3,4,134" ten="433,297,156,114" oya="0" hai0="72,56,24,49,90,100,52,115,101,116,126,17,109" hai1="121,98,32,78,42,12,112,124,70,29,120,34,86" hai2="68,14,71,94,40,13,88,114,61,133,59,103,26" hai3="131,102,84,58,83,122,117,15,96,106,36,85,25"/><T66/><D116/><U37/><E70/><V27/><F133/><W63/><G36/><T41/><D72/><U91/><E42/><V53/><F114/><W119/><G122/><T97/><D115/><U62/><E37/><V79/><F79/><W11/><G131/><T129/><D129/><U95/><E62/><V30/><F103/><W43/><G43/><T110/><D41/><U20/><E112/><V81/><F40/><W46/><G46/><T3/><D3/><U47/><E47/><V74/><F74/><W50/><G50/><T54/><D66/><U82/><E34/><V128/><F81/><W1/><G1/><T107/><D90/><U104/><E32/><V108/><F108/><N who="0" m="41578" /><D101/><N who="1" m="62519" /><E12/><V67/><F128/><W35/><G35/><T45/><D24/><U10/><E10/><V132/><F132/><W51/><G51/><N who="0" m="28783" /><D17/><U125/><E20/><V38/><F38/><W93/><G25/><T23/><D23/><U92/><E29/><V69/><F67/><W123/><G123/><N who="1" m="47178" /><E95/><V28/><F27/><W22/><G106/><T75/><D75/><AGARI ba="1,0" hai="75,78,82,86,91,92,124,125" m="47178,62519" machi="75" ten="30,8000,1" yaku="24,1,34,2,52,2" doraHai="134" who="1" fromWho="0" sc="433,-83,297,83,156,0,114,0" /><INIT seed="5,0,0,1,0,44" ten="350,380,156,114" oya="1" hai0="48,118,93,106,116,75,126,110,70,73,26,103,97" hai1="120,56,67,127,66,98,37,7,0,60,125,94,80" hai2="68,12,134,46,81,40,122,2,129,69,54,128,49" hai3="90,92,91,50,96,8,20,35,108,78,57,100,87"/><U27/><E120/><V38/><F2/><W89/><G35/><T121/><D110/><U21/><E37/><V24/><F24/><W10/><G108/><T32/><D70/><N who="2" m="27242" /><F12/><W64/><G20/><T13/><D126/><N who="1" m="48139" /><E80/><V117/><F81/><W63/><REACH who="3" step="1"/><G50/><REACH who="3" ten="350,380,156,104" step="2"/><T15/><D32/><U55/><E0/><V36/><F122/><W5/><G5/><T19/><D121/><U105/><E7/><V47/><F117/><W31/><G31/><T112/><D118/><U18/><E105/><V16/><F16/><W41/><G41/><T28/><D116/><U133/><E133/><V3/><F3/><W124/><G124/><T131/><D106/><U39/><E39/><N who="2" m="14891" /><F134/><W76/><G76/><T84/><D19/><U58/><E58/><N who="2" m="33103" /><F40/><W34/><G34/><T11/><D13/><U9/><E9/><V119/><F119/><W6/><G6/><T71/><D11/><U62/><E18/><V102/><F102/><W114/><G114/><T74/><D112/><U29/><E21/><V45/><AGARI ba="0,1" hai="45,46,47,128,129" m="33103,14891,27242" machi="45" ten="40,5200,0" yaku="34,2,52,1" doraHai="44" who="2" fromWho="2" sc="350,-13,380,-26,156,62,104,-13" /><INIT seed="6,0,0,5,0,38" ten="337,354,218,91" oya="2" hai0="71,110,100,84,130,49,125,114,36,14,44,90,87" hai1="39,43,108,94,32,131,93,67,89,70,92,77,102" hai2="53,82,69,97,21,35,55,19,42,107,51,47,78" hai3="25,26,76,27,104,13,124,63,66,81,105,133,6"/><V45/><F35/><W9/><G133/><T46/><D110/><U96/><E32/><V101/><F69/><W41/><G124/><T113/><D125/><U116/><E108/><V86/><REACH who="2" step="1"/><F45/><REACH who="2" ten="337,354,208,91" step="2"/><W64/><G64/><T83/><D46/><U50/><E116/><V109/><F109/><W129/><G129/><T88/><D44/><U98/><E131/><V111/><F111/><W135/><G135/><T58/><D130/><U2/><E39/><V22/><F22/><W59/><REACH who="3" step="1"/><G41/><REACH who="3" ten="337,354,208,81" step="2"/><T0/><D113/><U73/><E67/><V80/><F80/><W65/><G65/><T95/><D114/><U8/><E70/><V34/><F34/><W17/><G17/><T30/><D71/><U103/><E43/><V40/><F40/><W16/><G16/><T54/><D36/><U85/><E8/><V123/><F123/><W5/><G5/><T28/><D83/><N who="1" m="45487" /><E2/><V1/><F1/><W75/><AGARI ba="0,2" hai="6,9,13,25,26,27,59,63,66,75,76,81,104,105" machi="75" ten="30,2000,0" yaku="1,1,0,1,53,0" doraHai="38" doraHaiUra="115" who="3" fromWho="3" sc="337,-5,354,-5,208,-10,81,40" /><INIT seed="7,0,0,5,0,127" ten="332,349,198,121" oya="3" hai0="118,26,123,117,83,64,18,33,81,131,36,106,54" hai1="40,29,116,135,86,108,9,21,128,102,51,90,132" hai2="30,56,96,89,52,85,44,99,50,113,98,130,80" hai3="122,32,112,34,41,120,1,119,5,46,13,74,12"/><W0/><G74/><T8/><D106/><U105/><E108/><V15/><F113/><W6/><G46/><T27/><D123/><U77/><E9/><V65/><F130/><W45/><G45/><T87/><D36/><U53/><E40/><V4/><F30/><W47/><G47/><T42/><D42/><U31/><E128/><V110/><F110/><W55/><G55/><T61/><D54/><U66/><E66/><V101/><F101/><W16/><G41/><T63/><D131/><U78/><E116/><V125/><F125/><W93/><G93/><T39/><D39/><U92/><E102/><V43/><F65/><W28/><G119/><T88/><D83/><U38/><E105/><V79/><F4/><N who="3" m="1643" /><G112/><T91/><D91/><U121/><E121/><N who="3" m="46698" /><G13/><T68/><D63/><U49/><E49/><N who="2" m="26783" /><F15/><W100/><G100/><T7/><D118/><U82/><E38/><V97/><F97/><W10/><G28/><N who="1" m="10826" /><E21/><V107/><F107/><W71/><G71/><T109/><D117/><U134/><E82/><V25/><F25/><W114/><G114/><T57/><D109/><U70/><E70/><V84/><F84/><W94/><G94/><AGARI ba="0,0" hai="50,52,56,79,80,85,89,94,96,98,99" m="26783" machi="94" ten="30,2000,0" yaku="8,1,54,1" doraHai="127" who="2" fromWho="3" sc="332,0,349,0,198,20,121,-20" owari="332,13.0,349,45.0,218,-18.0,101,-40.0" /></mjloggm>