<mjloggm ver="2.3"><GO type="169" lobby="0"/><UN n0="%E3%83%94%E3%82%B3%E3%83%9E%E3%82%B9%E3%83%86%E3%82%A3%E3%83%95" n1="%E3%83%8A%E3%82%AC%E3%83%A4%E3%83%9E" n2="%E5%B0%B1%E6%B4%BB%E7%94%9F%40%E5%B7%9D%E6%9D%91%E8%BB%8D%E5%9B%A3" n3="%53%69%6D%6F%6F%6E" dan="16,16,17,16" rate="2159.40,2059.91,2118.70,2084.80" sx="M,M,M,M"/><TAIKYOKU oya="0"/><INIT seed="0,0,0,0,5,85" ten="250,250,250,250" oya="0" hai0="125,103,32,110,11,84,135,54,50,30,121,130,19" hai1="78,89,83,25,128,16,81,91,117,55,111,87,116" hai2="108,40,53,100,4,9,10,74,131,0,35,12,73" hai3="129,1,51,44,70,47,93,22,102,127,75,31,23"/><T38/><D121/><U112/><E111/><V3/><F35/><W101/><G75/><T48/><D38/><U46/><E128/><V18/><F131/><W98/><G70/><T2/><D130/><U95/><E112/><V120/><F120/><W26/><G1/><T14/><D110/><U124/><E124/><V45/><F108/><W65/><G129/><T43/><D125/><U71/><E71/><V106/><F3/><W66/><G127/><T126/><D135/><U58/><E46/><V79/><F53/><W17/><G101/><T21/><D126/><U90/><E81/><V69/><F69/><W82/><G82/><T39/><D103/><U123/><E123/><V49/><REACH who="2" step="1"/><F79/><REACH who="2" ten="250,250,240,250" step="2"/><W133/><G133/><T68/><D68/><U122/><E122/><V56/><F56/><W115/><G115/><T27/><D54/><U59/><E59/><V52/><F52/><N who="3" m="29799" /><G47/><T104/><D32/><U62/><REACH who="1" step="1"/><E95/><REACH who="1" ten="250,240,240,250" step="2"/><V37/><F37/><W80/><G80/><T105/><D39/><U97/><E97/><AGARI ba="0,2" hai="0,4,9,10,12,18,40,45,49,73,74,97,100,106" machi="97" ten="40,1300,0" yaku="1,1,53,0" doraHai="85" doraHaiUra="88" who="2" fromWho="1" sc="250,0,240,-13,240,33,250,0" /><INIT seed="1,0,0,3,5,119" ten="250,227,273,250" oya="1" hai0="84,57,114,64,12,113,46,53,6,93,72,33,90" hai1="62,130,50,27,18,75,49,108,112,43,120,48,61" hai2="104,105,125,102,88,3,89,7,118,31,40,82,66" hai3="5,11,51,76,25,9,41,65,129,85,60,97,32"/><U54/><E112/><V92/><F31/><W55/><G129/><T21/><D33/><U135/><E75/><V63/><F40/><W15/><G41/><T121/><D72/><U68/><E130/><V132/><F118/><W67/><G97/><T131/><D131/><U126/><E126/><V28/><F132/><W80/><G11/><T110/><D110/><U24/><E135/><V99/><F125/><W38/><G38/><T71/><D71/><U78/><E78/><V26/><F82/><W10/><G10/><N who="0" m="4183" /><D121/><U94/><E108/><V19/><F19/><W58/><G32/><T13/><D113/><U17/><E120/><V111/><F111/><W20/><REACH who="3" step="1"/><G60/><REACH who="3" ten="250,227,273,240" step="2"/><N who="0" m="37903" /><D114/><U134/><E134/><V39/><F39/><W103/><G103/><T101/><D101/><U42/><E42/><V86/><F3/><W83/><G83/><T4/><D4/><U30/><E43/><V22/><F7/><W45/><G45/><T16/><D46/><U37/><E37/><V56/><F105/><W116/><G116/><T23/><D23/><U34/><E34/><V107/><F107/><W0/><G0/><T29/><D21/><U74/><E61/><V123/><F104/><W47/><G47/><T122/><D122/><U1/><E62/><V91/><F123/><W2/><G2/><T109/><D109/><U8/><E1/><V81/><AGARI ba="0,1" hai="22,26,28,56,63,66,81,86,88,89,91,92,99,102" machi="81" ten="20,12000,2" yaku="0,1,7,1,25,2,8,1,54,1" doraHai="119" who="2" fromWho="2" sc="250,-30,227,-60,273,130,240,-30" /><INIT seed="2,0,0,4,0,114" ten="220,167,403,210" oya="2" hai0="115,48,6,88,5,9,8,60,127,68,110,75,22" hai1="39,35,56,23,80,13,132,76,74,130,94,37,33" hai2="77,31,108,111,24,18,129,109,38,91,65,107,42" hai3="16,15,34,11,81,32,86,131,83,44,66,124,118"/><V100/><F129/><W2/><G2/><T70/><D115/><U36/><E130/><V117/><F117/><W126/><G131/><T47/><D75/><U7/><E132/><V12/><F77/><W51/><G66/><T20/><D127/><N who="3" m="48681" /><G118/><T104/><D110/><U45/><E56/><V121/><F121/><W3/><G3/><T92/><D104/><U85/><E45/><V71/><F91/><N who="3" m="51663" /><G83/><T134/><D134/><U54/><E54/><AGARI ba="0,0" hai="11,15,16,32,34,44,51,54" m="51663,48681" machi="54" ten="30,3900,0" yaku="25,1,18,1,54,1" doraHai="114" who="3" fromWho="1" sc="220,0,167,-39,403,0,210,39" /><INIT seed="3,0,0,0,1,88" ten="220,128,403,249" oya="3" hai0="118,69,54,15,130,46,39,27,84,10,57,29,21" hai1="89,76,85,135,100,34,14,6,98,87,79,45,63" hai2="113,52,94,91,55,110,134,2,105,128,4,111,33" hai3="75,7,70,115,124,73,12,114,119,32,50,31,77"/><W36/><G50/><T3/><D118/><U95/><E34/><V60/><F128/><W103/><G12/><T67/><D130/><U49/><E135/><V1/><F134/><W25/><G7/><T48/><D3/><U61/><E6/><V92/><F105/><W51/><G51/><T59/><D39/><U47/><E14/><V43/><F33/><W5/><G5/><T66/><D69/><U107/><E45/><V97/><F43/><W56/><G56/><N who="0" m="21579" /><D84/><U83/><REACH who="1" step="1"/><E79/><REACH who="1" ten="220,118,403,249" step="2"/><V121/><F4/><AGARI ba="0,1" hai="4,10,15,21,27,29,46,48,54,66,67" m="21579" machi="4" ten="30,1000,0" yaku="8,1" doraHai="88" who="0" fromWho="2" sc="220,20,118,0,403,-10,249,0" /><INIT seed="4,0,0,5,4,69" ten="240,118,393,249" oya="0" hai0="87,102,42,75,78,35,50,17,135,96,108,95,16" hai1="39,22,1,20,71,59,61,91,85,65,38,47,8" hai2="99,9,83,94,28,11,3,57,86,122,68,110,64" hai3="60,101,19,52,40,115,88,54,107,12,81,18,70"/><T66/><D35/><U27/><E71/><V13/><F110/><W29/><G115/><T114/><D114/><U109/><E109/><V90/><F68/><W127/><G127/><T124/><D108/><U84/><E47/><V82/><F122/><W10/><G40/><T74/><D124/><U104/><E104/><V24/><F3/><W33/><G33/><T111/><D111/><U112/><E112/><V106/><F106/><W118/><G118/><T134/><D66/><U67/><E67/><V5/><F9/><W53/><G29/><T41/><D87/><U45/><E45/><V37/><F37/><W76/><G107/><T97/><D97/><U126/><E84/><V77/><F83/><W73/><G101/><T7/><D7/><U120/><E120/><V51/><F51/><W121/><G121/><T58/><D78/><U123/><E123/><V49/><F49/><W21/><G88/><T132/><D41/><U79/><E79/><V131/><F131/><W117/><G117/><T133/><N who="0" m="33792" /><DORA hai="4" /><T92/><D92/><N who="1" m="54383" /><E20/><N who="2" m="15367" /><F64/><W46/><G46/><N who="0" m="25943" /><D58/><AGARI ba="0,0" hai="5,11,13,57,58,77,82,86,90,94,99" m="15367" machi="58" ten="30,2000,0" yaku="8,1,52,1" doraHai="69,4" who="2" fromWho="0" sc="240,-20,118,0,393,20,249,0" /><INIT seed="5,0,0,5,1,107" ten="220,118,413,249" oya="1" hai0="116,101,90,23,33,89,84,56,0,83,36,130,15" hai1="35,26,110,60,127,39,76,113,94,75,57,58,49" hai2="121,97,119,70,52,87,17,13,5,27,53,112,2" hai3="12,50,25,48,37,99,135,103,126,133,47,10,19"/><U96/><E39/><V44/><F70/><W73/><G126/><T68/><D68/><U7/><E127/><V69/><F69/><W124/><G124/><T38/><D0/><U30/><E113/><V6/><F121/><W67/><G67/><T134/><D33/><U21/><E110/><V65/><F65/><W88/><G37/><T28/><D116/><U40/><E7/><N who="2" m="2571" /><F2/><W32/><G73/><T63/><D134/><N who="3" m="51209" /><G47/><T86/><D101/><U80/><E35/><V106/><F106/><N who="3" m="63871" /><G88/><T59/><D130/><U109/><E109/><V62/><F97/><W85/><G85/><T131/><D131/><U14/><E14/><V9/><F62/><W42/><G42/><T74/><D74/><U105/><E105/><V64/><F64/><W118/><G118/><T8/><D36/><U114/><E114/><V22/><F44/><W4/><G4/><N who="0" m="3463" /><D63/><U111/><E111/><V11/><F11/><W72/><G72/><T128/><D38/><U16/><E60/><V78/><F112/><W55/><G55/><T123/><D123/><U79/><E79/><V54/><F119/><W100/><G100/><T132/><D128/><U122/><E122/><V91/><F78/><W95/><G95/><N who="0" m="54695" /><D132/><U120/><E120/><V92/><F9/><W82/><G82/><T41/><D41/><U1/><E1/><V98/><F87/><W18/><G32/><T81/><D81/><U3/><E3/><V77/><F77/><W125/><G125/><T115/><D115/><U102/><E30/><V29/><F29/><W93/><G93/><T34/><D34/><U20/><E20/><AGARI ba="0,0" hai="10,12,18,19,20,25,48,50" m="63871,51209" machi="20" ten="30,2000,0" yaku="6,1,20,1" doraHai="107" who="3" fromWho="1" sc="220,0,118,-20,413,0,249,20" /><INIT seed="6,0,0,2,2,28" ten="220,98,413,269" oya="2" hai0="119,11,18,117,111,9,81,63,102,8,101,76,71" hai1="56,0,54,13,131,73,98,86,104,62,67,27,20" hai2="108,103,36,132,68,30,74,124,47,75,12,129,128" hai3="4,130,19,77,49,118,40,88,61,112,37,133,14"/><V87/><F68/><W23/><G118/><N who="0" m="45067" /><D111/><U78/><E0/><V25/><F108/><W55/><G77/><T92/><D18/><U126/><E73/><V97/><F124/><W115/><G130/><T33/><D33/><U44/><E126/><V21/><F132/><W45/><G133/><T32/><D32/><U39/><E131/><V53/><F87/><W31/><G61/><T83/><D92/><U123/><E123/><V46/><F46/><W26/><G4/><T3/><D3/><U91/><E78/><V60/><F128/><W122/><G122/><T113/><D113/><N who="3" m="43593" /><G88/><T121/><D121/><U105/><E13/><V114/><F12/><W7/><G7/><T1/><D1/><U100/><E104/><V34/><F97/><W35/><G55/><T38/><D38/><AGARI ba="0,0" hai="14,19,23,26,31,35,37,38,40,45,49" m="43593" machi="38" ten="30,3900,0" yaku="15,1,11,1,52,1" doraHai="28" who="3" fromWho="0" sc="220,-39,98,0,413,0,269,39" /><INIT seed="7,0,0,4,3,12" ten="181,98,413,308" oya="3" hai0="4,94,50,33,49,120,3,10,132,6,0,72,93" hai1="44,55,108,86,65,131,60,88,39,128,47,51,76" hai2="81,101,126,111,35,40,28,85,130,43,68,104,97" hai3="54,46,24,67,98,117,95,122,27,118,13,57,42"/><W36/><G122/><T75/><D33/><U103/><E108/><V30/><F111/><W91/><G67/><T61/><D61/><U14/><E76/><V109/><F109/><W32/><G24/><T23/><D23/><U59/><E103/><V114/><F114/><W20/><G13/><T34/><D34/><U83/><E39/><V41/><F130/><W107/><G32/><T96/><D96/><U53/><REACH who="1" step="1"/><E14/><REACH who="1" ten="181,88,413,308" step="2"/><V58/><F101/><W19/><REACH who="3" step="1"/><G107/><REACH who="3" ten="181,88,413,298" step="2"/><T78/><D0/><U129/><E129/><V22/><F104/><W105/><G105/><T37/><D3/><U56/><E56/><V100/><F58/><W64/><G64/><T9/><D120/><U17/><E17/><V71/><F35/><W11/><G11/><T123/><D123/><U66/><E66/><V69/><F22/><W106/><G106/><T125/><D9/><U99/><E99/><V8/><F8/><W16/><G16/><T80/><D10/><U121/><E121/><V7/><F7/><W21/><G21/><T84/><D4/><U38/><E38/><V26/><F26/><W135/><G135/><T52/><D6/><U115/><E115/><V73/><F30/><W29/><G29/><T5/><D37/><U18/><E18/><V92/><F28/><W134/><G134/><T45/><D5/><U25/><E25/><V110/><F110/><W127/><G127/><T63/><D125/><U79/><E79/><N who="2" m="46271" /><F126/><W2/><G2/><T102/><D132/><U82/><E82/><V112/><F112/><W87/><G87/><T89/><D84/><U77/><E77/><RYUUKYOKU ba="0,2" sc="181,-30,88,10,413,10,298,10" hai1="44,47,51,53,55,59,60,65,83,86,88,128,131" hai2="40,41,43,68,69,71,73,92,97,100" hai3="19,20,27,36,42,46,54,57,91,95,98,117,118" /><INIT seed="7,1,2,4,2,127" ten="151,98,423,308" oya="3" hai0="64,51,31,66,20,25,5,44,101,13,77,63,0" hai1="29,4,32,61,54,35,126,45,105,102,52,27,103" hai2="37,83,50,46,112,132,116,115,122,85,62,119,3" hai3="23,80,130,19,110,106,71,17,68,49,8,57,78"/><W7/><G106/><T33/><D77/><U40/><E126/><V67/><F3/><W86/><G130/><T60/><D101/><U133/><E35/><V74/><F74/><W47/><G57/><T43/><D0/><U9/><E133/><V36/><F122/><W28/><G110/><T65/><D33/><U82/><E82/><V98/><F98/><W135/><G135/><T107/><D107/><U97/><E61/><N who="0" m="23625" /><D13/><U59/><E59/><N who="2" m="37343" /><F132/><W108/><G108/><T100/><D100/><U16/><E102/><V21/><F21/><W75/><G75/><T26/><D26/><U96/><E96/><V120/><F120/><W70/><G28/><T39/><D39/><N who="2" m="14922" /><F85/><W41/><REACH who="3" step="1"/><G23/><REACH who="3" ten="151,98,423,298" step="2"/><T129/><D129/><U38/><REACH who="1" step="1"/><E16/><REACH who="1" ten="151,88,423,298" step="2"/><V18/><F18/><W76/><G76/><T95/><D65/><U134/><E134/><V14/><F119/><W94/><G94/><T55/><D66/><U69/><E69/><V109/><F116/><W88/><G88/><T104/><D64/><U34/><E34/><V11/><F109/><W22/><G22/><T73/><D95/><U30/><E30/><V92/><F92/><W90/><G90/><T118/><D118/><U123/><E123/><V6/><F83/><W1/><AGARI ba="1,4" hai="1,7,8,17,19,41,47,49,68,70,71,78,80,86" machi="1" ten="30,11700,0" yaku="1,1,0,1,53,2" doraHai="127" doraHaiUra="12" who="3" fromWho="3" sc="151,-40,88,-40,423,-40,298,160" owari="111,-29.0,48,-45.0,383,18.0,458,56.0" /></mjloggm>