<mjloggm ver="2.3"><GO type="169" lobby="0"/><UN n0="%E7%B4%A0%E6%9C%B4%E3%81%AA%E5%91%B3%E3%82%8F%E3%81%84" n1="%74%61%6B%75%61%6B%61" n2="%E3%82%A6%E3%83%AB%E3%83%88%E3%83%A9%E7%AB%8B%E7%9B%B4" n3="%E3%82%B7%E3%83%B3%E3%83%87%E3%83%AB%E3%83%A9" dan="16,16,17,16" rate="2084.18,2089.33,2159.09,2082.58" sx="M,M,M,M"/><TAIKYOKU oya="0"/><INIT seed="0,0,0,4,2,1" ten="250,250,250,250" oya="0" hai0="134,23,8,57,109,73,97,53,5,41,124,40,104" hai1="127,131,54,76,34,90,102,49,99,94,105,82,28" hai2="74,83,108,87,115,130,22,59,52,17,45,48,50" hai3="86,84,95,65,106,69,31,75,110,0,123,92,19"/><T21/><D73/><U71/><E71/><V27/><F130/><W80/><G110/><T111/><D124/><U47/><E131/><V58/><F108/><N who="0" m="41546" /><D134/><U72/><E127/><V113/><F74/><W91/><G123/><T107/><D21/><U15/><E15/><V38/><F38/><W43/><G106/><N who="0" m="40491" /><D97/><U78/><E78/><V133/><F133/><W29/><G75/><T122/><D23/><U93/><REACH who="1" step="1"/><E90/><REACH who="1" ten="250,240,250,250" step="2"/><V125/><F125/><W9/><G91/><T60/><D122/><U51/><E51/><V89/><REACH who="2" step="1"/><F59/><REACH who="2" ten="250,240,240,250" step="2"/><W118/><G69/><T98/><D98/><U13/><E13/><AGARI ba="0,2" hai="5,8,13,40,41,53,57,60" m="40491,41546" machi="13" ten="30,5800,0" yaku="14,1,10,1,52,1" doraHai="1" who="0" fromWho="1" sc="250,78,240,-58,240,0,250,0" /><INIT seed="0,1,0,5,2,88" ten="328,182,240,250" oya="0" hai0="9,31,121,89,127,128,39,73,14,133,54,23,42" hai1="80,6,115,47,104,35,25,4,58,67,109,71,100" hai2="38,135,10,105,36,49,21,69,15,110,77,53,43" hai3="50,45,11,99,97,123,68,98,17,131,74,3,19"/><T5/><D121/><U59/><E109/><V41/><F110/><W86/><G131/><T30/><D73/><U84/><E115/><V1/><F135/><W61/><G123/><T112/><D112/><U90/><E47/><V106/><F69/><W2/><G74/><T48/><D127/><U16/><E59/><V107/><F77/><W0/><G86/><T65/><D133/><U63/><E58/><V134/><F134/><W125/><G125/><T55/><D128/><U8/><E8/><V126/><F126/><W32/><G32/><T46/><D65/><U108/><E108/><V91/><F21/><W79/><G79/><T66/><D66/><U28/><REACH who="1" step="1"/><E16/><REACH who="1" ten="328,172,240,250" step="2"/><V26/><F10/><W62/><G68/><T120/><D46/><U76/><E76/><V60/><F26/><W130/><G130/><T24/><D9/><U56/><E56/><V34/><F38/><W117/><G11/><T52/><D24/><U57/><E57/><V7/><F36/><W83/><G17/><T51/><D39/><U95/><E95/><V22/><F106/><W44/><G19/><T101/><D5/><U12/><E12/><V37/><F15/><W64/><G44/><T116/><D14/><U81/><E81/><V124/><F105/><W119/><G83/><T129/><D129/><U20/><E20/><V18/><F107/><W118/><G64/><T111/><D23/><U94/><E94/><V70/><F22/><W93/><G93/><T113/><D111/><U114/><E114/><V102/><F7/><W78/><G78/><T92/><D113/><U27/><E27/><RYUUKYOKU ba="1,1" sc="328,-15,172,15,240,-15,250,15" hai1="4,6,25,28,35,63,67,71,80,84,90,100,104" hai3="0,2,3,45,50,61,62,97,98,99,117,118,119" /><INIT seed="1,2,1,4,0,100" ten="313,187,225,265" oya="1" hai0="95,81,50,120,128,37,68,22,29,86,44,5,40" hai1="0,20,63,23,64,101,1,13,118,99,62,126,45" hai2="4,122,11,106,135,110,78,49,108,47,119,35,46" hai3="91,96,76,85,89,132,27,121,69,34,54,66,123"/><U28/><E118/><V80/><F119/><W82/><G132/><T9/><D120/><U117/><E117/><V131/><F122/><W32/><G54/><T67/><D95/><U109/><E62/><V17/><F135/><W116/><G116/><T77/><D128/><U124/><E45/><V98/><F17/><W33/><G27/><T42/><D67/><U60/><E60/><V112/><F35/><W74/><G66/><T18/><D68/><U83/><E83/><V93/><F131/><W56/><G56/><T115/><D29/><U55/><E55/><V43/><F47/><W14/><G69/><T38/><D115/><U94/><E20/><V125/><F106/><W21/><G96/><T53/><D53/><U52/><E109/><V15/><F125/><N who="1" m="48233" /><E52/><V73/><REACH who="2" step="1"/><F112/><REACH who="2" ten="313,187,215,265" step="2"/><W30/><G123/><T36/><D40/><U127/><E127/><V10/><F10/><W87/><G121/><T12/><REACH who="0" step="1"/><D38/><REACH who="0" ten="303,187,215,265" step="2"/><U24/><E13/><AGARI ba="2,3" hai="5,9,12,13,18,22,36,37,42,44,50,77,81,86" machi="13" ten="30,12000,2" yaku="1,1,2,1,7,1,25,2,53,1" doraHai="100" doraHaiUra="72" who="0" fromWho="1" sc="303,156,187,-126,215,0,265,0" /><INIT seed="2,0,0,4,0,43" ten="459,61,215,265" oya="2" hai0="66,7,94,56,57,105,75,46,82,34,74,99,92" hai1="19,115,119,12,21,67,79,11,23,122,6,52,83" hai2="118,18,15,60,24,89,26,38,0,50,124,63,30" hai3="44,68,87,1,127,29,120,32,134,9,114,103,58"/><V65/><F38/><W48/><G127/><T3/><D34/><U131/><E119/><V27/><F118/><W13/><G134/><T80/><D7/><U108/><E115/><V96/><F0/><W126/><G126/><T93/><D3/><U53/><E108/><V109/><F109/><W72/><G120/><T135/><D135/><U62/><E131/><V84/><F124/><W54/><G114/><T16/><D16/><U73/><E122/><V111/><F111/><W121/><G121/><T20/><D20/><U133/><E133/><V37/><F37/><W39/><G72/><T91/><D105/><U76/><E23/><V98/><F30/><W130/><G130/><T10/><D10/><U25/><REACH who="1" step="1"/><E79/><REACH who="1" ten="459,51,215,265" step="2"/><V106/><F27/><W61/><G32/><T125/><D125/><U101/><E101/><V51/><F26/><W88/><G103/><T123/><D123/><U31/><E31/><V59/><F24/><W102/><G29/><T17/><D74/><U132/><E132/><V2/><F106/><W71/><G102/><T64/><D75/><U104/><E104/><V97/><F2/><W86/><G1/><T78/><D78/><U36/><E36/><V4/><F89/><W5/><G39/><T42/><D91/><U77/><E77/><V85/><F4/><W95/><REACH who="3" step="1"/><G86/><REACH who="3" ten="459,51,215,255" step="2"/><T47/><D99/><U100/><E100/><V112/><F112/><W28/><G28/><T90/><D90/><U107/><E107/><V41/><F85/><W45/><G45/><T69/><D47/><U128/><E128/><V8/><F84/><W110/><G110/><RYUUKYOKU ba="0,2" sc="459,-15,51,15,215,-15,255,15" hai1="6,11,12,19,21,25,52,53,62,67,73,76,83" hai3="5,9,13,44,48,54,58,61,68,71,87,88,95" /><INIT seed="3,1,2,1,5,73" ten="444,66,200,270" oya="3" hai0="108,56,128,50,17,100,2,84,79,70,122,13,121" hai1="52,127,59,41,11,42,98,36,22,60,3,37,80" hai2="15,7,40,14,62,68,135,95,24,57,19,131,109" hai3="64,33,119,82,123,46,125,77,106,97,133,74,87"/><W85/><G33/><T71/><D2/><U90/><E127/><V102/><F68/><W48/><G119/><T4/><D108/><U83/><E36/><V114/><F114/><W103/><G123/><T28/><D28/><U45/><E41/><V51/><F109/><W31/><G133/><T43/><D128/><U92/><REACH who="1" step="1"/><E22/><REACH who="1" ten="444,56,200,270" step="2"/><N who="2" m="13407" /><F131/><W32/><G125/><T35/><D43/><U30/><E30/><V94/><F135/><W20/><G20/><T89/><D122/><U25/><E25/><V126/><F126/><W47/><G31/><T93/><D121/><U12/><E12/><V55/><F15/><W27/><G27/><T18/><D13/><U53/><E53/><V10/><F102/><W66/><G32/><T88/><D100/><U54/><E54/><N who="2" m="34103" /><F40/><W117/><G103/><T16/><D35/><U107/><E107/><V120/><F120/><W118/><G106/><T63/><D71/><U38/><E38/><V0/><F0/><W72/><G118/><T111/><D70/><U44/><E44/><AGARI ba="1,3" hai="7,10,14,44,51,55,94,95" m="34103,13407" machi="44" ten="30,1000,0" yaku="8,1" doraHai="73" who="2" fromWho="1" sc="444,0,56,-13,200,43,270,0" /><INIT seed="4,0,0,2,5,46" ten="444,43,243,270" oya="0" hai0="124,25,126,26,135,80,44,131,3,69,95,59,120" hai1="39,16,11,99,64,53,118,62,74,31,7,127,119" hai2="19,108,109,37,113,81,30,52,91,28,43,36,48" hai3="14,18,79,60,50,87,1,41,114,132,32,86,82"/><T15/><D120/><U96/><E74/><V68/><F68/><W6/><G114/><T5/><D3/><U10/><E39/><V47/><F113/><W107/><G132/><T63/><D69/><U106/><E31/><V93/><F81/><W129/><G129/><T112/><D112/><U125/><E106/><V133/><F133/><W105/><G32/><T8/><D135/><U122/><E122/><V76/><F76/><W134/><G134/><T67/><D131/><U45/><E7/><V121/><F121/><W65/><G86/><T71/><D80/><U94/><E64/><V66/><F66/><W117/><G117/><T88/><D71/><U92/><E45/><V9/><F37/><W103/><G1/><T55/><D44/><U58/><E58/><V17/><F17/><W83/><G83/><T61/><D61/><U75/><E75/><V40/><F36/><W78/><G78/><T130/><D67/><U115/><E115/><V90/><F90/><W38/><G38/><T34/><D130/><U84/><E62/><V57/><F109/><W111/><G111/><T4/><D4/><U56/><E56/><V54/><F108/><W89/><G6/><T128/><D128/><U104/><E104/><V102/><F102/><W27/><G103/><T97/><D34/><U98/><E118/><V33/><F33/><W77/><G107/><T35/><D35/><U73/><E119/><V123/><F123/><W21/><G105/><T100/><D100/><U23/><E73/><V13/><F43/><W70/><G27/><T22/><D22/><U2/><E23/><RYUUKYOKU ba="0,0" sc="444,15,43,-15,243,-15,270,15" hai0="5,8,15,25,26,55,59,63,88,95,97,124,126" hai3="14,18,21,41,50,60,65,70,77,79,82,87,89" /><INIT seed="4,1,0,1,3,96" ten="459,28,228,285" oya="0" hai0="66,44,67,86,49,79,123,89,98,63,128,103,55" hai1="99,54,122,107,120,80,56,112,118,15,82,131,3" hai2="51,57,34,16,18,133,61,40,132,77,92,29,93" hai3="114,53,11,26,6,73,111,90,126,7,39,60,25"/><T31/><D123/><U33/><E118/><V2/><F2/><W108/><G114/><T135/><D128/><U62/><E131/><V70/><F77/><W24/><G126/><T69/><D67/><U38/><E3/><V115/><F115/><W17/><G39/><T129/><D129/><U124/><E38/><V8/><F29/><W106/><G73/><T110/><D135/><U85/><E124/><V14/><F34/><W46/><G106/><T58/><D79/><U20/><E33/><V87/><F87/><W71/><G71/><T75/><D75/><U74/><E74/><V94/><F70/><W81/><G111/><T36/><D31/><U9/><E20/><V116/><F116/><W19/><G108/><T127/><D127/><U42/><E42/><V83/><F83/><W91/><G6/><T64/><D64/><U119/><E119/><V72/><F72/><W59/><G46/><T84/><D110/><U101/><E112/><V65/><F18/><N who="3" m="6667" /><G81/><T130/><D130/><U0/><E0/><V35/><F35/><W104/><G104/><N who="0" m="63607" /><D89/><U68/><E68/><V45/><AGARI ba="1,0" hai="8,14,16,40,45,51,57,61,65,92,93,94,132,133" machi="45" ten="30,2000,0" yaku="0,1,54,1" doraHai="96" who="2" fromWho="2" sc="459,-11,28,-6,228,23,285,-6" /><INIT seed="5,0,0,1,1,118" ten="448,22,251,279" oya="1" hai0="119,88,10,94,72,112,105,27,42,76,98,93,8" hai1="127,108,29,13,40,122,97,114,54,4,53,67,121" hai2="113,41,133,50,96,33,14,101,89,44,107,74,21" hai3="23,100,132,80,82,115,31,81,68,37,24,18,63"/><U55/><E114/><V52/><F113/><W92/><G115/><T22/><D112/><RYUUKYOKU type="kaze4" ba="0,0" sc="448,0,22,0,251,0,279,0" /><INIT seed="5,1,0,3,3,13" ten="448,22,251,279" oya="1" hai0="90,35,70,8,43,117,80,115,15,113,101,116,104" hai1="21,18,45,5,4,132,32,20,73,2,97,26,88" hai2="127,37,50,36,46,75,78,82,95,62,19,29,22" hai3="65,24,64,23,107,58,118,0,55,59,40,76,28"/><U49/><E73/><V16/><F127/><W111/><G111/><T83/><D70/><U67/><E32/><V110/><F110/><W48/><G118/><T126/><D35/><U66/><E132/><V125/><F125/><W119/><G119/><T131/><D126/><U92/><E21/><V93/><F29/><W41/><G107/><T130/><D43/><N who="3" m="16457" /><G0/><T114/><D101/><U68/><E68/><V31/><F31/><W133/><G133/><T120/><D104/><U98/><E98/><V30/><F30/><W39/><G39/><T103/><D103/><U60/><E2/><V108/><F108/><W96/><G76/><T109/><D109/><U3/><E3/><V54/><F62/><N who="3" m="37983" /><G96/><T44/><D120/><U7/><REACH who="1" step="1"/><E60/><REACH who="1" ten="448,12,251,279" step="2"/><V52/><F22/><W102/><G23/><T69/><D69/><U100/><E100/><V87/><F75/><W53/><G102/><T1/><D1/><U27/><E27/><V122/><F122/><W79/><G24/><T9/><D117/><U106/><E106/><V128/><F37/><W63/><G63/><T84/><D116/><U121/><E121/><V51/><F36/><W33/><G33/><T91/><D115/><U71/><E71/><V105/><F105/><W34/><G34/><T11/><D114/><U86/><E86/><V57/><F128/><W99/><G99/><T124/><D113/><U72/><E72/><V6/><F87/><W42/><G48/><T85/><D131/><U135/><E135/><V134/><F51/><W77/><G65/><T89/><D130/><U38/><E38/><V74/><F134/><RYUUKYOKU ba="1,1" sc="448,-10,12,30,251,-10,279,-10" hai1="4,5,7,18,20,26,45,49,66,67,88,92,97" /><INIT seed="5,2,1,4,0,126" ten="438,42,241,269" oya="1" hai0="13,73,46,114,31,55,49,3,21,10,14,53,16" hai1="27,63,103,104,37,115,43,106,24,100,130,99,65" hai2="116,56,76,51,88,97,111,2,18,98,5,71,123" hai3="36,78,124,128,11,112,108,41,82,30,79,4,28"/><U15/><E115/><V86/><F111/><W66/><G128/><T135/><D3/><U134/><E134/><V81/><F71/><W118/><G108/><T95/><D73/><U7/><E130/><V84/><F116/><W38/><G124/><T80/><D114/><U32/><E37/><V107/><F107/><W35/><G112/><T44/><D135/><U120/><E120/><V133/><F123/><W68/><G118/><T117/><D80/><U59/><E43/><V121/><F121/><W93/><G93/><T39/><D39/><U17/><E7/><V50/><F133/><W29/><G35/><T113/><D113/><U69/><E59/><V105/><F105/><W62/><G41/><T40/><D117/><U87/><E87/><V70/><F70/><W57/><G68/><T6/><D31/><U25/><E32/><V34/><F34/><W33/><G33/><T72/><D72/><U102/><REACH who="1" step="1"/><E104/><REACH who="1" ten="438,32,241,269" step="2"/><V131/><F131/><W23/><G38/><T127/><D40/><U91/><E91/><V90/><F56/><W19/><G36/><T67/><D6/><U132/><E132/><V22/><F90/><W85/><G85/><T77/><D127/><U74/><E74/><V83/><F5/><W109/><G109/><T110/><D110/><U1/><E1/><V26/><F2/><W61/><G57/><T0/><D0/><U122/><E122/><V96/><AGARI ba="2,2" hai="18,22,26,50,51,76,81,83,84,86,88,96,97,98" machi="96" ten="30,4000,0" yaku="0,1,8,1,54,1" doraHai="126" who="2" fromWho="2" sc="438,-12,32,-22,241,66,269,-12" /><INIT seed="6,0,0,4,1,85" ten="426,10,307,257" oya="2" hai0="42,78,98,63,75,38,8,52,41,34,68,32,27" hai1="3,29,70,15,101,106,104,113,6,84,39,66,45" hai2="2,82,92,17,77,46,115,130,118,18,128,83,47" hai3="30,48,96,121,13,123,19,37,76,72,132,109,74"/><V49/><F118/><W80/><G109/><T25/><D98/><U119/><E119/><V14/><F2/><W10/><G132/><T22/><D8/><U125/><E125/><V33/><F33/><W44/><G37/><T126/><D126/><U129/><E129/><N who="2" m="49771" /><F115/><W114/><G114/><T16/><D27/><U5/><E5/><V23/><F77/><W69/><G69/><T120/><D120/><U35/><E35/><V73/><F73/><W65/><G65/><T24/><D38/><U60/><E60/><V110/><F110/><W1/><G30/><T53/><D68/><U81/><E81/><N who="2" m="30731" /><F49/><W58/><G72/><T71/><D78/><U67/><E67/><V26/><F92/><W112/><G112/><T40/><D75/><U0/><E0/><V124/><F124/><W93/><G58/><N who="0" m="35271" /><D71/><U51/><E51/><V28/><F28/><W116/><G1/><T111/><D34/><U56/><E56/><V134/><F134/><W122/><G116/><T105/><D105/><U21/><E21/><AGARI ba="0,0" hai="14,17,18,21,23,26,46,47" m="30731,49771" machi="21" ten="30,1500,0" yaku="19,1" doraHai="85" who="2" fromWho="1" sc="426,0,10,-15,307,15,257,0" owari="426,53.0,-5,-51.0,322,12.0,257,-14.0" /></mjloggm>