<mjloggm ver="2.3"><GO type="97" lobby="0"/><UN n0="%E5%8D%9A%E5%BE%92" n1="%E5%B0%B1%E6%B4%BB%E7%94%9F%40%E5%B7%9D%E6%9D%91%E8%BB%8D%E5%9B%A3" n2="%E3%82%B1%E3%83%B3%E5%9D%8A" n3="%E9%95%B7%E5%B7%9E%E3%81%AE%E5%85%8B" dan="17,15,14,15" rate="2080.51,1978.38,1911.56,1977.36" sx="M,M,M,M"/><TAIKYOKU oya="0"/><INIT seed="0,0,0,0,3,47" ten="250,250,250,250" oya="0" hai0="63,57,97,23,54,3,134,68,110,80,50,130,104" hai1="135,5,1,84,32,129,14,103,4,132,7,124,48" hai2="15,74,13,73,89,0,118,79,20,128,81,65,58" hai3="2,115,114,102,71,106,41,119,25,76,117,64,46"/><T11/><D134/><N who="1" m="51243" /><E1/><V40/><F118/><W9/><G25/><T22/><D130/><U8/><E124/><V70/><F0/><W94/><G106/><T37/><D80/><U19/><E129/><V99/><F70/><W38/><G102/><T28/><D28/><U43/><E103/><V90/><F128/><W17/><G94/><T92/><D37/><U87/><E32/><V95/><F73/><W91/><G91/><N who="0" m="55455" /><D68/><U85/><E43/><V34/><F34/><W59/><G17/><T67/><D3/><U107/><E107/><V86/><F40/><W123/><G76/><T122/><D104/><U126/><E126/><V131/><F131/><W93/><G93/><T27/><D27/><U21/><E48/><V60/><REACH who="2" step="1"/><F20/><REACH who="2" ten="250,250,240,250" step="2"/><W6/><G119/><T24/><D23/><U49/><E21/><V108/><F108/><W42/><G117/><T105/><D110/><U113/><E113/><V82/><AGARI ba="0,1" hai="13,15,58,60,65,74,79,81,82,86,89,90,95,99" machi="82" ten="20,2700,0" yaku="1,1,0,1,7,1,53,0" doraHai="47" doraHaiUra="18" who="2" fromWho="2" sc="250,-13,250,-7,240,37,250,-7" /><INIT seed="1,0,0,0,2,104" ten="237,243,277,243" oya="1" hai0="85,82,75,86,99,110,31,116,63,58,93,69,130" hai1="72,65,52,60,128,16,77,133,22,66,95,79,80" hai2="90,2,84,50,7,47,118,67,25,39,64,107,28" hai3="45,10,12,17,74,109,88,38,36,4,21,115,98"/><U108/><E128/><V61/><F118/><W71/><G71/><T114/><D114/><U8/><E133/><V126/><F126/><W35/><G109/><T124/><D116/><U0/><E108/><V106/><F39/><W34/><G38/><T53/><D110/><U135/><E135/><V30/><F64/><W105/><G115/><T51/><D124/><U37/><E37/><V73/><F73/><W78/><G105/><T13/><D31/><U3/><E79/><V14/><F2/><W92/><G36/><T18/><D130/><U15/><E95/><V121/><F121/><W113/><G45/><N who="0" m="27887" /><D75/><U5/><REACH who="1" step="1"/><E0/><REACH who="1" ten="237,233,277,243" step="2"/><V129/><F129/><W96/><G113/><T43/><D82/><U1/><E1/><V103/><F107/><W120/><G120/><T24/><D93/><U132/><E132/><V89/><F106/><W68/><G78/><T134/><D134/><U101/><E101/><V41/><F103/><W91/><G91/><T46/><D43/><U56/><AGARI ba="0,1" hai="3,5,8,15,16,22,52,56,60,65,66,72,77,80" machi="56" ten="30,12000,1" yaku="1,1,0,1,52,1,54,2,53,0" doraHai="104" doraHaiUra="117" who="1" fromWho="1" sc="237,-40,233,130,277,-40,243,-40" /><INIT seed="1,1,0,5,4,103" ten="197,363,237,203" oya="1" hai0="107,72,123,87,84,128,5,114,42,129,91,2,131" hai1="99,83,93,60,92,56,44,105,6,39,109,97,7" hai2="67,32,41,130,34,0,133,17,8,36,45,33,53" hai3="26,74,16,119,111,126,116,104,50,4,117,121,102"/><U40/><E105/><V66/><F133/><W49/><G121/><T52/><D42/><U54/><E109/><V134/><F130/><W35/><G111/><T98/><D114/><U22/><E83/><V1/><F134/><W69/><G74/><T19/><D123/><U113/><E113/><V61/><F17/><W9/><G69/><T3/><D72/><U76/><E76/><V78/><F53/><W64/><G64/><T89/><D19/><U75/><E75/><V68/><F67/><W21/><G35/><T127/><D127/><U77/><E77/><V125/><F125/><W59/><G59/><T94/><D5/><U90/><REACH who="1" step="1"/><E22/><REACH who="1" ten="197,353,237,203" step="2"/><V118/><F78/><W25/><G126/><T82/><D107/><U124/><E124/><V122/><F122/><W73/><G73/><T57/><D98/><U135/><E135/><V13/><F118/><W80/><G80/><T132/><D132/><U108/><E108/><V95/><F95/><W101/><G104/><T29/><D82/><U58/><E58/><V11/><F11/><W120/><G120/><T18/><D94/><U85/><E85/><V27/><F8/><W100/><REACH who="3" step="1"/><G26/><REACH who="3" ten="197,353,237,193" step="2"/><T15/><D128/><U47/><E47/><V28/><REACH who="2" step="1"/><F13/><AGARI ba="1,2" hai="4,9,13,16,21,25,49,50,100,101,102,116,117,119" machi="13" ten="50,8000,1" yaku="1,1,2,1,12,1,54,1,53,0" doraHai="103" doraHaiUra="62" who="3" fromWho="2" sc="197,0,353,0,237,-83,193,103" /><INIT seed="2,0,0,2,3,103" ten="197,353,154,296" oya="2" hai0="111,78,64,79,95,90,98,93,0,36,77,131,29" hai1="21,87,84,133,35,128,34,105,74,55,57,72,44" hai2="70,117,59,19,14,58,108,129,110,122,101,23,11" hai3="94,71,18,118,85,132,41,13,63,69,81,9,61"/><V67/><F122/><W97/><G118/><T92/><D36/><U28/><E105/><V5/><F117/><W47/><G132/><T1/><D111/><N who="2" m="42538" /><F129/><W31/><G31/><T46/><D131/><U54/><E128/><V2/><F101/><W16/><G18/><T25/><D64/><U88/><E133/><V115/><F115/><W32/><G32/><T107/><D46/><U134/><E134/><V127/><F127/><W73/><G69/><T75/><D75/><U12/><E74/><V104/><F104/><W124/><G71/><T96/><D107/><U91/><E72/><V53/><F53/><W114/><G124/><T26/><D90/><N who="1" m="34347" /><E35/><V8/><F8/><W99/><G114/><T66/><D66/><U42/><E34/><V119/><F119/><W33/><G33/><T7/><D7/><U120/><E120/><V123/><F123/><W6/><G73/><T68/><D68/><U112/><E112/><V43/><F43/><W130/><G130/><T86/><D29/><U17/><E28/><V10/><F10/><W62/><G94/><T15/><D92/><U40/><E54/><V24/><F2/><W60/><G6/><T125/><D125/><U113/><E113/><V109/><N who="2" m="42546" /><V45/><DORA hai="76" /><F45/><W30/><G30/><T27/><D93/><U126/><E126/><V37/><F37/><W106/><G106/><T49/><D95/><U22/><E44/><V82/><F82/><W89/><N who="3" m="15872" /><DORA hai="121" /><W3/><REACH who="3" step="1"/><G3/><REACH who="3" ten="197,353,154,286" step="2"/><T50/><D1/><U20/><E40/><V135/><F135/><W116/><G116/><T102/><D0/><RYUUKYOKU ba="0,1" sc="197,-15,353,-15,154,15,286,15" hai2="5,11,14,19,23,24,58,59,67,70" hai3="9,13,16,41,47,81,85,89,97,99" /><INIT seed="2,1,1,4,0,115" ten="182,338,169,301" oya="2" hai0="45,23,67,41,61,75,97,106,131,127,87,102,104" hai1="88,13,44,110,126,92,105,36,10,128,39,133,118" hai2="74,81,101,5,132,78,116,56,77,91,16,76,85" hai3="0,60,32,48,100,18,59,111,21,135,22,95,68"/><V15/><F116/><W11/><G32/><T43/><D75/><U27/><E118/><V1/><F132/><W108/><G68/><T35/><D35/><U90/><E105/><V109/><F101/><W53/><G135/><T31/><D127/><U8/><E110/><N who="3" m="42026" /><G100/><T51/><D131/><U37/><E126/><V103/><F109/><W114/><G114/><T98/><D87/><U55/><E128/><V125/><F103/><W84/><G95/><N who="0" m="58687" /><D98/><U79/><E79/><V130/><F125/><W86/><G0/><T54/><D104/><U47/><E133/><V46/><F130/><W73/><G73/><T121/><D121/><U134/><E134/><V107/><F107/><W25/><G11/><T52/><D43/><U40/><E27/><V96/><F96/><W2/><G2/><T99/><D99/><U20/><E20/><V63/><F46/><N who="3" m="27799" /><G21/><T112/><D112/><U70/><E70/><V4/><F1/><W38/><G38/><T12/><D106/><U28/><E10/><N who="2" m="6263" /><F74/><W49/><G49/><T64/><D31/><U17/><E28/><V93/><F93/><W129/><G129/><T30/><D30/><U66/><E66/><AGARI ba="1,1" hai="4,5,56,63,66,76,77,78,81,85,91" m="6263" machi="66" ten="30,2900,0" yaku="8,1,54,1" doraHai="115" who="2" fromWho="1" sc="182,0,338,-32,169,42,301,0" /><AGARI ba="1,0" hai="18,22,25,59,60,66,84,86" m="27799,42026" machi="66" ten="30,1000,0" yaku="14,1" doraHai="115" who="3" fromWho="1" sc="182,0,306,-10,211,0,301,10" /><INIT seed="2,2,0,0,2,64" ten="182,296,211,311" oya="2" hai0="119,85,133,96,71,94,11,91,24,34,88,109,127" hai1="19,95,60,112,10,75,102,98,103,117,81,73,28" hai2="43,14,6,92,12,59,97,129,49,115,41,76,80" hai3="55,16,29,9,17,37,57,23,108,105,113,134,0"/><V7/><F115/><W93/><G105/><T69/><D109/><U83/><E117/><V86/><F129/><W48/><G37/><T50/><D119/><U26/><E112/><V77/><F77/><W36/><G36/><T82/><D127/><U131/><E131/><V65/><F43/><W100/><G108/><T52/><D133/><U67/><E103/><N who="2" m="60839" /><F41/><W107/><G107/><T35/><D11/><U99/><E99/><V101/><F101/><W74/><G74/><T5/><D5/><N who="2" m="1546" /><F49/><W2/><G134/><T1/><D1/><U40/><E40/><V132/><F132/><W20/><G113/><T3/><D3/><U116/><E116/><V78/><F78/><W15/><G2/><T21/><D35/><U120/><E120/><V8/><F8/><W118/><G118/><T126/><D34/><U25/><E73/><V128/><F128/><W123/><G123/><T27/><D126/><U63/><E75/><V61/><AGARI ba="2,0" hai="12,14,59,61,65,76,80,86" m="1546,60839" machi="61" ten="30,1500,0" yaku="8,1" doraHai="64" who="2" fromWho="2" sc="182,-7,296,-7,211,21,311,-7" /><INIT seed="2,3,0,0,1,132" ten="175,289,232,304" oya="2" hai0="38,17,41,90,69,44,40,63,77,73,6,127,128" hai1="121,72,89,79,122,134,20,34,123,50,28,30,18" hai2="51,32,75,112,53,80,27,125,70,118,33,64,66" hai3="78,62,31,135,59,56,10,65,100,0,102,14,46"/><V8/><F118/><W93/><G0/><T126/><D128/><U24/><E134/><V99/><F112/><W131/><G135/><T21/><D41/><U106/><E106/><V29/><F33/><W42/><G31/><T37/><D6/><U57/><E89/><V103/><F8/><W111/><G111/><T114/><D114/><U11/><E11/><V26/><F26/><W45/><G78/><T91/><D38/><U16/><E18/><V98/><F64/><W95/><G56/><T35/><D35/><U115/><E115/><V92/><F75/><W129/><G102/><T2/><D2/><U19/><E19/><V61/><F80/><W1/><G1/><T7/><D7/><U105/><E105/><N who="2" m="63735" /><F99/><W12/><G100/><T109/><D109/><U76/><E72/><V108/><F92/><N who="3" m="35403" /><G42/><T130/><D130/><N who="3" m="49673" /><G14/><N who="0" m="9399" /><D77/><N who="1" m="29771" /><E34/><V23/><F108/><W116/><G116/><T119/><D73/><U133/><E133/><V43/><F43/><W52/><G65/><N who="0" m="41151" /><D119/><U85/><E85/><V120/><F23/><W88/><G88/><T81/><D81/><U84/><E84/><V94/><F94/><W97/><G97/><T71/><D71/><U5/><E5/><AGARI ba="3,0" hai="5,10,12,45,46,52,59,62" m="49673,35403" machi="5" ten="30,2000,0" yaku="19,1,54,1" doraHai="132" who="3" fromWho="1" sc="175,0,289,-29,232,0,304,29" /><INIT seed="3,0,0,1,1,108" ten="175,260,232,333" oya="3" hai0="35,120,37,94,110,40,3,58,15,67,17,91,117" hai1="74,115,13,118,27,121,119,10,135,46,109,80,51" hai2="28,1,134,49,43,82,73,2,18,20,66,57,41" hai3="45,70,61,72,98,88,133,100,54,128,113,106,38"/><W55/><G113/><T22/><D110/><U71/><E71/><V24/><F134/><W29/><G72/><T105/><D120/><U101/><E115/><V123/><F123/><W6/><G133/><T93/><D117/><N who="1" m="44555" /><E109/><V48/><F73/><W69/><G6/><T85/><D105/><U52/><E135/><V114/><F114/><W126/><G126/><T36/><D3/><U5/><E121/><V81/><F2/><W7/><G7/><T104/><D104/><U125/><E125/><V107/><F1/><W4/><G4/><T112/><D35/><U130/><E130/><V60/><F107/><W64/><G128/><T96/><D112/><U83/><E101/><V44/><REACH who="2" step="1"/><F28/><REACH who="2" ten="175,260,222,333" step="2"/><W95/><G29/><T84/><D40/><U76/><E74/><V131/><F131/><W16/><G106/><T9/><D84/><U14/><E27/><V32/><F32/><W132/><G132/><T26/><D37/><U53/><E53/><V122/><F122/><W33/><G55/><T39/><D39/><U47/><E47/><AGARI ba="0,1" hai="18,20,24,41,43,44,47,48,49,57,60,66,81,82" machi="47" ten="40,8000,1" yaku="1,1,9,1,8,1,53,2" doraHai="108" doraHaiUra="42" who="2" fromWho="1" sc="175,0,260,-80,222,90,333,0" owari="175,-32.0,180,-22.0,312,11.0,333,43.0" /></mjloggm>