<mjloggm ver="2.3"><GO type="169" lobby="0"/><UN n0="%54%2E%54%2E%38" n1="%E5%B0%B1%E6%B4%BB%E7%94%9F%40%E5%B7%9D%E6%9D%91%E8%BB%8D%E5%9B%A3" n2="%77%61%77%61%33%30%33%30" n3="%E3%81%84%E3%81%AA%E3%81%97%E3%82%93%E3%80%82" dan="16,16,16,16" rate="2112.46,2045.18,2144.98,2140.10" sx="M,M,M,F"/><TAIKYOKU oya="0"/><INIT seed="0,0,0,1,2,126" ten="250,250,250,250" oya="0" hai0="121,73,109,110,116,115,53,6,36,51,79,20,11" hai1="4,120,88,13,67,119,0,69,78,61,95,71,16" hai2="123,59,35,131,72,94,111,37,21,17,104,29,31" hai3="45,15,12,113,49,41,96,5,99,122,68,18,85"/><T132/><D121/><U135/><E119/><V52/><F104/><W77/><G68/><T2/><D116/><U133/><E120/><V40/><F72/><W117/><G117/><T60/><D115/><U48/><E78/><V101/><F123/><W50/><G113/><T130/><D36/><U92/><E92/><V65/><F111/><N who="0" m="42506" /><D60/><U112/><E112/><V83/><F65/><W46/><G122/><T42/><D132/><N who="1" m="50763" /><E48/><V64/><F64/><W43/><G5/><T129/><D42/><U38/><E38/><V125/><F83/><W70/><G70/><T81/><D20/><N who="1" m="11279" /><E4/><V27/><F125/><W8/><G15/><T3/><D3/><U1/><E71/><V55/><F35/><W47/><REACH who="3" step="1"/><G46/><AGARI ba="0,0" hai="2,6,11,46,51,53,73,79,81,129,130" m="42506" machi="46" ten="30,11600,0" yaku="14,1,10,1,52,2" doraHai="126" who="0" fromWho="3" sc="250,116,250,0,250,0,250,-116" /><INIT seed="0,1,0,4,5,101" ten="366,250,250,134" oya="0" hai0="88,113,28,66,116,90,125,37,103,11,44,133,62" hai1="9,41,10,72,110,8,55,79,32,58,33,20,51" hai2="36,119,111,134,93,128,56,22,80,24,70,7,86" hai3="99,135,75,85,69,71,126,87,59,35,39,19,14"/><T95/><D116/><U43/><E110/><V127/><F56/><W121/><G75/><T18/><D113/><U3/><E3/><V81/><F7/><W1/><G35/><T104/><D133/><U15/><E72/><V13/><F13/><W25/><G1/><T120/><D120/><U54/><E79/><V67/><F67/><W91/><G135/><T31/><D125/><U46/><E20/><V92/><F36/><W132/><G126/><T52/><D90/><U100/><E100/><V23/><F24/><W45/><G132/><T53/><D31/><U112/><E112/><V122/><F134/><W40/><G121/><T114/><D114/><U130/><E130/><V68/><F128/><W108/><G108/><T26/><D18/><U42/><REACH who="1" step="1"/><E15/><REACH who="1" ten="366,240,250,134" step="2"/><V17/><F111/><W109/><G109/><T4/><D11/><U98/><E98/><V47/><F127/><W94/><G25/><T12/><D12/><U96/><E96/><V73/><F73/><W30/><G30/><T78/><D78/><U102/><E102/><V123/><F119/><W27/><G27/><T5/><D103/><U2/><E2/><V129/><F129/><W64/><G59/><T106/><D28/><U21/><E21/><V131/><F131/><W60/><REACH who="3" step="1"/><G71/><REACH who="3" ten="366,240,250,124" step="2"/><T50/><D26/><U77/><E77/><V89/><F70/><W97/><G97/><T0/><D0/><U6/><E6/><V117/><F68/><W65/><G65/><T49/><D4/><U29/><E29/><V48/><F122/><W115/><G115/><T38/><D5/><U34/><E34/><RYUUKYOKU ba="1,2" sc="366,-15,240,15,250,-15,124,15" hai1="8,9,10,32,33,41,42,43,46,51,54,55,58" hai3="14,19,39,40,45,60,64,69,85,87,91,94,99" /><INIT seed="1,2,2,5,4,40" ten="351,255,235,139" oya="1" hai0="101,109,27,48,29,81,2,38,111,52,24,6,78" hai1="76,58,116,125,17,99,11,65,9,33,96,19,66" hai2="25,62,41,93,44,91,94,49,69,84,63,95,14" hai3="83,4,75,129,45,107,15,26,102,35,73,72,124"/><U128/><E33/><V60/><F69/><W67/><G129/><T0/><D101/><U131/><E116/><V85/><F25/><N who="0" m="9802" /><D38/><U46/><E76/><V22/><F85/><W133/><G133/><T74/><D29/><U10/><E125/><V126/><F126/><W97/><G124/><T100/><D6/><U55/><E46/><V114/><F114/><W121/><G121/><T32/><D100/><U30/><E30/><V117/><F117/><W103/><G103/><T106/><D106/><U20/><E128/><V118/><F118/><W57/><G83/><T12/><D12/><N who="1" m="9255" /><E19/><AGARI ba="2,2" hai="14,19,22,41,44,49,60,62,63,84,91,93,94,95" machi="19" ten="40,2600,0" yaku="8,1,52,1" doraHai="40" who="2" fromWho="1" sc="351,0,255,-32,235,52,139,0" /><INIT seed="2,0,0,0,2,70" ten="351,223,287,139" oya="2" hai0="76,133,40,132,42,78,4,71,16,5,91,120,134" hai1="94,85,62,47,74,84,51,21,68,22,129,109,66" hai2="65,61,17,56,69,124,104,3,44,75,29,2,103" hai3="35,60,102,12,130,36,49,59,48,11,90,119,128"/><V100/><F124/><W41/><G35/><T34/><D34/><U135/><E74/><V107/><F75/><W93/><G102/><T115/><D71/><U31/><E109/><V63/><F29/><W50/><G119/><T6/><D115/><U114/><E114/><V64/><F17/><W32/><G32/><T18/><D91/><U10/><E129/><N who="3" m="49770" /><G90/><T39/><D120/><U131/><E131/><V37/><F100/><W33/><G33/><T77/><REACH who="0" step="1"/><D39/><REACH who="0" ten="341,223,287,139" step="2"/><U45/><E68/><V126/><F69/><W80/><G80/><T118/><D118/><U92/><E135/><V24/><F37/><W27/><G27/><T89/><D89/><U121/><E121/><V25/><F24/><W122/><G122/><T28/><D28/><U116/><E31/><V57/><F25/><W111/><G111/><T125/><D125/><U79/><E79/><V43/><F126/><W82/><G82/><T86/><D86/><U13/><E85/><V95/><F103/><W67/><G93/><T54/><D54/><U117/><E84/><V99/><F95/><W105/><G105/><T106/><D106/><U81/><E81/><V9/><F104/><W83/><G83/><T98/><D98/><U7/><E116/><V30/><F107/><W46/><G36/><T113/><D113/><U101/><E117/><V58/><F99/><W123/><G123/><T15/><D15/><U110/><E101/><V8/><F30/><W26/><G26/><T108/><D108/><U23/><E94/><V53/><F3/><W20/><G20/><N who="1" m="7786" /><E92/><V112/><F112/><W88/><G88/><RYUUKYOKU ba="0,1" sc="341,15,223,-15,287,-15,139,15" hai0="4,5,6,16,18,40,42,76,77,78,132,133,134" hai3="11,12,41,46,48,49,50,59,60,67" /><INIT seed="3,1,1,1,5,83" ten="356,208,272,154" oya="3" hai0="14,47,99,67,62,27,90,50,9,112,55,63,132" hai1="88,46,114,118,127,85,74,69,107,56,66,110,3" hai2="78,59,20,54,121,105,34,72,126,0,86,75,120" hai3="94,101,61,39,116,22,125,52,7,41,89,6,100"/><W5/><G116/><T23/><D112/><U102/><E74/><V71/><F34/><W97/><G125/><T84/><D132/><U87/><E3/><V44/><F126/><W25/><G41/><T16/><D99/><U80/><E69/><V133/><F71/><W79/><G79/><T8/><D67/><U65/><E114/><V113/><F113/><W81/><G39/><T18/><REACH who="0" step="1"/><D8/><REACH who="0" ten="346,208,272,154" step="2"/><U29/><E118/><V19/><F133/><W11/><G11/><T98/><D98/><U26/><E66/><V38/><F120/><W68/><G68/><T35/><D35/><U36/><E127/><V93/><F121/><W42/><G42/><T45/><D45/><U40/><E110/><V12/><F44/><W10/><G10/><T17/><D17/><U43/><E43/><V15/><F19/><N who="3" m="12511" /><G81/><AGARI ba="1,2" hai="9,14,16,18,23,27,47,50,55,62,63,81,84,90" machi="81" ten="30,16000,3" yaku="1,1,7,1,25,2,8,1,52,1,54,1,53,2" doraHai="83" doraHaiUra="13" who="0" fromWho="3" sc="346,183,208,0,272,0,154,-163" owari="529,63.0,208,-19.0,272,7.0,-9,-51.0" /></mjloggm>