<mjloggm ver="2.3"><GO type="225" lobby="0"/><UN n0="%E3%81%86%E3%82%81%E3%81%99%E3%83%86%E3%83%AB" n1="%E5%B0%B1%E6%B4%BB%E7%94%9F%40%E5%B7%9D%E6%9D%91%E8%BB%8D%E5%9B%A3" n2="%E5%A4%A9%E7%A9%BA%73%61%79%61" n3="%E9%A4%8A%E5%88%86%E4%B8%80%E7%A2%BA" dan="17,17,16,17" rate="2086.71,2094.33,2153.51,2187.50" sx="F,M,M,M"/><TAIKYOKU oya="0"/><INIT seed="0,0,0,5,2,8" ten="250,250,250,250" oya="0" hai0="59,114,14,91,51,18,25,82,12,98,124,106,22" hai1="67,19,71,127,94,61,100,39,21,116,132,131,69" hai2="9,76,10,133,54,121,49,52,58,92,105,66,68" hai3="86,38,101,109,2,62,15,46,83,123,17,87,60"/><T20/><D114/><U70/><E116/><V134/><F105/><W50/><G2/><T93/><D106/><U72/><E72/><V84/><F121/><W117/><G38/><T23/><D124/><U128/><E39/><V16/><F68/><W36/><G36/><T99/><D99/><N who="1" m="59511" /><E132/><N who="2" m="50795" /><F66/><W41/><G117/><T119/><D119/><U43/><E43/><V80/><F92/><W96/><G109/><T81/><D22/><U53/><E53/><N who="2" m="32047" /><F10/><N who="3" m="6391" /><G123/><T11/><D20/><U48/><E48/><V129/><F129/><N who="1" m="49737" /><E127/><V79/><F79/><N who="3" m="46463" /><G96/><T31/><REACH who="0" step="1"/><D14/><AGARI ba="0,0" hai="14,19,21,61,67,69,70,71" m="49737,59511" machi="14" ten="30,2000,0" yaku="19,1,52,1" doraHai="8" who="1" fromWho="0" sc="250,-20,250,20,250,0,250,0" /><AGARI ba="0,0" hai="9,14,16,52,54,76,80,84" m="32047,50795" machi="14" ten="30,7700,0" yaku="20,1,52,1,54,2" doraHai="8" who="2" fromWho="0" sc="230,-77,270,0,250,77,250,0" /><INIT seed="1,0,0,0,5,120" ten="153,270,327,250" oya="1" hai0="62,76,41,123,94,113,35,73,43,53,21,5,3" hai1="57,72,55,134,37,25,106,8,112,74,116,115,133" hai2="49,30,16,122,60,19,67,52,54,70,93,64,10" hai3="4,24,6,108,45,40,135,78,39,107,47,69,13"/><U63/><E106/><V105/><F105/><W59/><G69/><T15/><D35/><U50/><E8/><V46/><F122/><W38/><G135/><N who="1" m="51722" /><E25/><V32/><F64/><W0/><G0/><T92/><D123/><U99/><E99/><V88/><F10/><W23/><G78/><T27/><D113/><N who="1" m="43595" /><E74/><V89/><F89/><W85/><G108/><T104/><D104/><U2/><E2/><V80/><F80/><W42/><G107/><T98/><D3/><U96/><E96/><V75/><F75/><W7/><G59/><T95/><D98/><U36/><E72/><V11/><F11/><W71/><G71/><T17/><D76/><U26/><E26/><V65/><F65/><W90/><G13/><T1/><D73/><U56/><E116/><V84/><REACH who="2" step="1"/><F54/><AGARI ba="0,0" hai="36,37,50,54,55,56,57,63" m="43595,51722" machi="54" ten="30,5800,0" yaku="20,1,34,2" doraHai="120" who="1" fromWho="2" sc="153,0,270,58,327,-58,250,0" /><INIT seed="1,1,0,5,4,84" ten="153,328,269,250" oya="1" hai0="86,103,75,61,19,54,25,125,135,43,53,95,96" hai1="64,120,124,40,31,60,126,27,55,7,87,17,130" hai2="39,114,121,30,101,63,46,56,131,79,47,113,127" hai3="49,38,20,52,66,116,3,94,57,15,68,45,105"/><U99/><E120/><V41/><F121/><W90/><G105/><T42/><D75/><U13/><E130/><V73/><F131/><W11/><G3/><T72/><D72/><U107/><E40/><V10/><F127/><N who="1" m="48681" /><E7/><V83/><F101/><W97/><G116/><T129/><D125/><U48/><E87/><V14/><F30/><W100/><G20/><N who="0" m="13471" /><D135/><U8/><E99/><V108/><F47/><W69/><G100/><T74/><D74/><U23/><E107/><V118/><F108/><W67/><G38/><T4/><D129/><U62/><E64/><N who="3" m="24618" /><G69/><T123/><D123/><U104/><E104/><V111/><F111/><W33/><G33/><T22/><D4/><U78/><E78/><V80/><F118/><W109/><G68/><T98/><D96/><U32/><E32/><V44/><F79/><W133/><G133/><T134/><D134/><U12/><E12/><V65/><F73/><W112/><G112/><N who="2" m="43113" /><F41/><N who="0" m="15370" /><D86/><U81/><E81/><N who="2" m="31307" /><F39/><W132/><G132/><T93/><D93/><U16/><E31/><V6/><AGARI ba="1,0" hai="6,10,14,44,46,56,63,65" m="31307,43113" machi="6" ten="30,1100,0" yaku="11,1" doraHai="84" who="2" fromWho="2" sc="153,-4,328,-6,269,14,250,-4" /><INIT seed="2,0,0,2,1,48" ten="149,322,283,246" oya="2" hai0="57,46,66,8,122,125,90,65,113,116,130,71,36" hai1="1,21,70,47,129,24,107,114,132,134,33,38,56" hai2="58,54,20,30,19,86,5,83,115,97,14,80,29" hai3="100,78,41,34,99,55,103,31,25,26,17,93,60"/><V23/><F115/><W35/><G41/><N who="0" m="22823" /><D8/><U96/><E70/><V32/><F32/><W119/><G119/><T2/><D90/><U128/><E1/><V74/><F74/><W40/><G40/><T85/><D85/><U49/><E33/><V81/><F5/><W15/><G78/><T77/><D77/><U16/><E114/><V42/><F42/><W109/><G109/><T53/><D2/><U12/><E38/><V63/><F86/><W51/><G100/><T68/><D113/><U9/><E56/><V131/><F131/><N who="1" m="50249" /><E96/><V121/><F121/><W117/><G117/><T79/><D79/><U72/><E72/><V108/><F108/><W62/><G26/><T4/><D4/><N who="1" m="3111" /><E107/><V91/><REACH who="2" step="1"/><F20/><REACH who="2" ten="149,322,273,246" step="2"/><W102/><G35/><T6/><D6/><U59/><E132/><V88/><F88/><W37/><G102/><T112/><D112/><U3/><E134/><V64/><F64/><N who="0" m="24682" /><D116/><U73/><E73/><V126/><F126/><W118/><G118/><T95/><D122/><U52/><E3/><V28/><F28/><W75/><G75/><T39/><D125/><U43/><E43/><V27/><F27/><W7/><G7/><T123/><D123/><U133/><E133/><V50/><F50/><W111/><G111/><T84/><D39/><U45/><AGARI ba="0,1" hai="16,21,24,45,47,49,52,59" m="3111,50249" machi="45" ten="30,7900,0" yaku="19,1,52,1,54,2" doraHai="48" who="1" fromWho="1" sc="149,-20,322,89,273,-39,246,-20" /><INIT seed="3,0,0,2,2,38" ten="129,411,234,226" oya="3" hai0="98,92,7,67,28,20,54,13,86,131,68,60,11" hai1="69,75,35,46,19,134,36,119,9,88,40,63,118" hai2="62,120,124,1,73,0,16,79,87,14,39,115,108" hai3="74,102,5,18,29,123,105,72,17,129,125,2,22"/><W4/><G123/><T100/><D131/><U96/><E35/><V42/><F115/><W58/><G129/><T107/><D54/><U70/><E75/><V25/><F120/><W43/><G125/><T89/><D28/><U80/><E134/><V48/><F73/><W91/><G72/><T127/><D20/><U128/><E128/><V114/><F114/><W33/><G74/><T117/><D117/><N who="1" m="44555" /><E63/><V12/><F39/><W104/><G18/><T110/><D127/><U52/><E52/><V30/><F108/><W41/><G58/><T126/><D126/><U85/><E96/><V50/><F62/><W65/><G65/><T3/><D110/><U53/><E53/><V23/><F124/><W24/><G91/><T57/><D68/><U37/><E37/><V32/><F42/><N who="3" m="15883" /><G5/><T121/><D121/><U31/><E31/><V93/><F30/><W95/><G95/><T78/><D78/><U77/><E77/><V64/><F93/><W84/><G84/><T21/><D3/><U83/><E83/><N who="2" m="47615" /><F32/><W135/><G102/><T122/><D122/><U15/><AGARI ba="0,0" hai="9,15,19,36,40,46,69,70,80,85,88" m="44555" machi="15" ten="30,4000,0" yaku="12,1,52,1,54,1" doraHai="38" who="1" fromWho="1" sc="129,-10,411,40,234,-10,226,-20" owari="119,-38.0,451,55.0,224,2.0,206,-19.0" /></mjloggm>