<mjloggm ver="2.3"><GO type="41" lobby="0"/><UN n0="%E5%91%A8%E9%98%B2%E5%A4%A9%E9%9F%B3" n1="%E5%90%9F%E9%A6%99%E9%B3%A5%E9%A3%BC" n2="%4D%59%45%52%45%53" n3="%E5%B0%B1%E6%B4%BB%E7%94%9F%40%E5%B7%9D%E6%9D%91%E8%BB%8D%E5%9B%A3" dan="14,15,15,14" rate="1946.88,2017.73,1955.45,1958.48" sx="M,F,M,M"/><TAIKYOKU oya="0"/><INIT seed="0,0,0,5,5,111" ten="250,250,250,250" oya="0" hai0="132,65,71,75,38,60,123,16,69,84,18,43,0" hai1="124,20,97,81,120,85,9,29,116,55,108,73,28" hai2="4,86,68,14,74,126,78,53,51,112,40,32,79" hai3="114,21,77,44,25,31,12,15,33,46,17,102,131"/><T50/><D75/><U91/><E116/><V117/><F126/><W113/><G102/><T107/><D123/><U88/><E120/><V24/><F68/><W104/><G104/><T62/><D107/><U134/><E108/><V2/><F2/><W87/><G131/><T66/><D0/><U36/><E36/><V83/><F117/><W58/><G58/><T128/><D132/><U34/><E134/><V42/><F112/><W133/><G133/><T3/><D3/><U7/><E124/><V90/><F74/><W23/><G87/><T67/><D128/><U80/><E34/><V52/><F32/><W41/><G77/><N who="2" m="29193" /><F24/><W13/><G44/><T39/><D84/><U110/><E110/><V6/><F14/><W70/><G70/><N who="0" m="42279" /><D18/><U22/><E73/><V98/><F98/><W45/><G45/><N who="0" m="25919" /><D16/><U130/><E130/><V30/><F30/><W105/><G105/><T82/><D82/><U103/><E80/><V59/><F53/><W1/><G1/><T99/><D99/><U101/><E55/><V37/><F37/><W118/><G118/><T27/><D27/><U92/><E28/><V35/><F35/><W119/><G119/><T96/><D96/><U94/><E29/><V64/><F64/><W11/><G21/><T135/><D135/><U100/><REACH who="1" step="1"/><E81/><REACH who="1" ten="250,240,250,250" step="2"/><V106/><F106/><W49/><G33/><T125/><D125/><U10/><E10/><V122/><F122/><W89/><G31/><T5/><D38/><U56/><E56/><V8/><F8/><W76/><G11/><T72/><D39/><U47/><E47/><V61/><F83/><RYUUKYOKU ba="0,1" sc="250,-10,240,30,250,-10,250,-10" hai1="7,9,20,22,85,88,91,92,94,97,100,101,103" /><INIT seed="1,1,1,1,0,88" ten="240,270,240,240" oya="1" hai0="33,71,73,50,68,104,39,78,80,36,130,44,79" hai1="23,70,6,120,86,131,100,43,66,3,51,0,102" hai2="45,67,101,62,119,47,18,118,117,27,14,41,48" hai3="22,57,124,55,84,37,26,21,129,134,10,87,109"/><U133/><E120/><V107/><F27/><W13/><G37/><T12/><D130/><U96/><E131/><V114/><F114/><W16/><G129/><T69/><D79/><U123/><E123/><V24/><F24/><W77/><G124/><T106/><D12/><U103/><E133/><V111/><F111/><W9/><G134/><T135/><D135/><U63/><E6/><V92/><F107/><W35/><G109/><T95/><D33/><U17/><E96/><V74/><F74/><W58/><G35/><T54/><D106/><U40/><E86/><N who="3" m="32810" /><G77/><T7/><D104/><U128/><E128/><V98/><F47/><W83/><G83/><T20/><D7/><U29/><E29/><V38/><F38/><W32/><G32/><T105/><D105/><U112/><E112/><V99/><F99/><W28/><G58/><T30/><D30/><U89/><E89/><V94/><F94/><W127/><G127/><T65/><D65/><U126/><E126/><V46/><F46/><W42/><G42/><T108/><D108/><U8/><E43/><V72/><F72/><W2/><G2/><T34/><D34/><U122/><E122/><V90/><F101/><W85/><N who="3" m="32818" /><W116/><DORA hai="132" /><G116/><T125/><D125/><U59/><E70/><V93/><F93/><W113/><G113/><T97/><REACH who="0" step="1"/><D20/><REACH who="0" ten="230,270,240,240" step="2"/><U81/><E23/><N who="2" m="11735" /><F119/><W91/><G91/><AGARI ba="1,2" hai="36,39,44,50,54,68,69,71,73,78,80,91,95,97" machi="91" ten="40,2600,0" yaku="1,1,52,1,53,0" doraHai="88,132" doraHaiUra="52,56" who="0" fromWho="3" sc="230,49,270,0,240,0,240,-29" /><INIT seed="2,0,0,4,5,134" ten="279,270,240,211" oya="2" hai0="115,95,62,98,70,121,123,102,27,28,24,45,61" hai1="80,53,66,86,0,38,88,15,13,31,43,91,33" hai2="14,60,20,132,135,17,122,69,34,3,8,2,42" hai3="114,127,87,120,37,90,129,9,130,59,117,4,116"/><V101/><F122/><W73/><G37/><T112/><D27/><U36/><E0/><V78/><F42/><W103/><G59/><T71/><D45/><U21/><E33/><V107/><F78/><W7/><G120/><T39/><D39/><U16/><E66/><N who="2" m="41159" /><F34/><W52/><G73/><T11/><D11/><U82/><E38/><V76/><F76/><W133/><G133/><N who="2" m="51273" /><F20/><W94/><G114/><T18/><D18/><N who="1" m="10447" /><E31/><V29/><F29/><W55/><G103/><T23/><D62/><U74/><E74/><V47/><F47/><W131/><G127/><T108/><D71/><U19/><E43/><V113/><F113/><W68/><G68/><T57/><D70/><U48/><E36/><V77/><F77/><W32/><G32/><T79/><D79/><U99/><E15/><V65/><F65/><W51/><G51/><T67/><REACH who="0" step="1"/><D108/><REACH who="0" ten="269,270,240,211" step="2"/><U85/><E99/><AGARI ba="0,1" hai="2,3,8,14,17,99,101,107" m="51273,41159" machi="99" ten="30,1500,0" yaku="20,1" doraHai="134" who="2" fromWho="1" sc="269,0,270,-15,240,25,211,0" /><INIT seed="2,1,0,3,4,90" ten="269,255,265,211" oya="2" hai0="120,53,17,127,64,36,121,100,124,51,130,76,105" hai1="47,35,26,126,88,40,71,24,38,29,57,91,45" hai2="16,30,81,112,74,44,65,42,106,132,1,117,31" hai3="23,59,104,70,27,72,69,46,2,110,129,116,93"/><V48/><F117/><W10/><G104/><T25/><D36/><U101/><E71/><V92/><F112/><W89/><G72/><T41/><D76/><U52/><E126/><N who="0" m="48169" /><D130/><U86/><E101/><V67/><F106/><W28/><G129/><T20/><D41/><U123/><E123/><V82/><F1/><W97/><G116/><T113/><D64/><U56/><E26/><V78/><F132/><W111/><G46/><N who="0" m="27895" /><D113/><U50/><REACH who="1" step="1"/><E91/><REACH who="1" ten="269,245,265,211" step="2"/><V118/><F118/><W21/><G69/><T103/><D103/><U61/><E61/><V49/><F78/><W95/><G70/><T99/><AGARI ba="1,1" hai="17,20,25,99,100,105,120,121" m="27895,48169" machi="99" ten="30,1100,0" yaku="18,1" doraHai="90" who="0" fromWho="0" sc="269,24,245,-4,265,-6,211,-4" /><INIT seed="3,0,0,0,3,52" ten="293,241,259,207" oya="3" hai0="121,106,71,4,84,134,44,36,35,127,3,113,7" hai1="85,115,130,2,51,47,67,37,31,116,9,126,60" hai2="16,15,23,63,104,135,54,109,49,12,77,105,88" hai3="59,20,33,90,103,65,76,28,81,56,66,30,68"/><W132/><G33/><T10/><RYUUKYOKU type="yao9" ba="0,0" sc="293,0,241,0,259,0,207,0" hai0="3,4,7,10,35,36,44,71,84,106,113,121,127,134" /><INIT seed="3,1,0,5,0,19" ten="293,241,259,207" oya="3" hai0="15,28,10,57,43,90,25,11,98,73,88,2,105" hai1="18,61,52,129,108,54,97,12,55,41,6,72,107" hai2="115,131,1,130,56,44,112,58,80,23,121,75,29" hai3="66,70,120,37,5,81,22,9,32,42,127,8,79"/><W27/><G120/><T17/><D73/><U119/><E72/><V51/><F121/><W60/><G32/><T65/><D43/><U46/><E108/><V62/><F1/><W91/><G127/><T95/><D105/><U21/><E129/><N who="2" m="49163" /><F75/><W128/><G128/><T47/><D47/><U78/><E78/><V96/><F96/><W76/><G37/><T33/><D65/><U71/><E119/><V68/><F80/><W133/><G42/><T116/><D116/><U109/><E109/><V26/><F68/><W77/><G133/><T31/><D57/><N who="2" m="22122" /><F62/><W126/><G126/><T63/><D63/><U3/><E3/><V124/><F124/><W7/><G7/><T89/><REACH who="0" step="1"/><D31/><REACH who="0" ten="283,241,259,207" step="2"/><U14/><E61/><V74/><F74/><W53/><G53/><AGARI ba="1,1" hai="23,26,29,44,51,53,112,115" m="22122,49163" machi="53" ten="30,2000,0" yaku="19,1,52,1" doraHai="19" who="2" fromWho="3" sc="283,0,241,0,259,33,207,-23" /><INIT seed="4,0,0,4,4,14" ten="283,241,292,184" oya="0" hai0="101,55,77,133,73,63,48,99,34,67,123,100,129" hai1="82,15,42,109,92,66,130,27,70,8,17,105,33" hai2="25,116,90,125,94,31,84,43,64,75,83,61,68" hai3="112,18,11,28,57,4,47,134,79,88,41,96,95"/><T58/><D123/><U1/><E105/><V51/><F116/><W26/><G134/><T22/><D34/><U93/><E109/><V81/><F125/><W108/><G108/><T78/><D129/><U85/><E42/><V72/><F43/><W49/><G112/><T6/><D133/><U80/><E130/><V10/><F51/><W103/><G79/><T71/><D6/><U9/><E70/><V5/><F81/><W38/><G57/><T132/><D132/><U106/><E66/><V53/><F53/><W69/><G69/><T24/><D73/><U40/><E106/><V107/><F107/><W3/><G18/><T110/><D110/><U54/><E40/><V0/><REACH who="2" step="1"/><F83/><REACH who="2" ten="283,241,282,184" step="2"/><W120/><G120/><T124/><D124/><U39/><E82/><V98/><F98/><W104/><G104/><T131/><D131/><U111/><E54/><V30/><F30/><W21/><REACH who="3" step="1"/><G103/><REACH who="3" ten="283,241,282,174" step="2"/><T45/><D101/><U59/><E111/><V127/><F127/><W32/><G32/><AGARI ba="0,2" hai="0,5,10,25,31,32,61,64,68,72,75,84,90,94" machi="32" ten="30,2000,0" yaku="1,1,7,1,53,0" doraHai="14" doraHaiUra="50" who="2" fromWho="3" sc="283,0,241,0,282,40,174,-20" /><INIT seed="5,0,0,4,0,129" ten="283,241,322,154" oya="1" hai0="1,24,85,36,26,122,25,32,80,30,8,70,81" hai1="110,131,135,91,42,27,10,100,112,4,73,99,45" hai2="97,68,19,51,119,67,79,52,78,20,47,102,63" hai3="128,118,61,54,109,89,127,98,2,114,34,132,40"/><U93/><E112/><V123/><F119/><W12/><G12/><T38/><D70/><U57/><E131/><V62/><F123/><W121/><G89/><T23/><D122/><U56/><E73/><V133/><F63/><W113/><G98/><T117/><D117/><U90/><E110/><V21/><F133/><W87/><G87/><T115/><D115/><U75/><E75/><V125/><F125/><W44/><G54/><T53/><D81/><U18/><E135/><V106/><REACH who="2" step="1"/><F21/><REACH who="2" ten="283,241,312,154" step="2"/><W104/><G61/><T7/><D32/><U58/><E58/><V96/><F96/><W69/><G44/><T43/><D23/><U9/><E57/><V101/><F101/><W35/><G35/><T120/><D120/><U83/><E56/><V116/><F116/><W33/><G33/><T82/><D30/><U22/><E83/><V39/><F39/><W17/><G17/><T55/><D38/><U66/><E66/><V92/><F92/><W41/><G41/><T84/><D82/><U16/><E18/><V11/><F11/><W134/><G40/><T29/><D29/><U46/><E46/><V0/><F0/><W37/><G132/><T5/><D43/><U71/><E71/><V65/><F65/><W6/><G6/><T74/><D36/><N who="1" m="21703" /><E10/><V60/><F60/><W105/><G105/><T48/><D8/><U86/><E9/><V3/><F3/><W76/><G76/><T124/><D1/><U107/><E4/><V14/><AGARI ba="0,1" hai="14,19,20,47,51,52,62,67,68,78,79,97,102,106" machi="14" ten="20,8000,1" yaku="1,1,0,1,7,1,54,1,53,1" doraHai="129" doraHaiUra="64" who="2" fromWho="2" sc="283,-20,241,-40,312,90,154,-20" /><INIT seed="6,0,0,1,0,11" ten="263,201,402,134" oya="2" hai0="125,60,23,92,47,68,67,34,70,69,91,65,0" hai1="28,103,33,27,13,1,81,74,84,3,30,90,77" hai2="15,72,37,94,31,96,41,123,114,108,8,52,40" hai3="88,10,45,133,24,100,104,51,49,61,78,63,44"/><V82/><F114/><W116/><G116/><T25/><D34/><U127/><E127/><V48/><F31/><W117/><G117/><T76/><D0/><U132/><E132/><V89/><F37/><W21/><G133/><T130/><D125/><U99/><E28/><V6/><F123/><W58/><G104/><T120/><D120/><U2/><E2/><V119/><F119/><W54/><G100/><T113/><D113/><U32/><E32/><V5/><F108/><W110/><G78/><T56/><D76/><U62/><E62/><V106/><F106/><W7/><G110/><T112/><D112/><U131/><E131/><V19/><F72/><W109/><G109/><T126/><D126/><U129/><E129/><V46/><REACH who="2" step="1"/><F82/><REACH who="2" ten="263,201,392,134" step="2"/><W42/><G58/><T36/><D130/><U118/><E118/><V121/><F121/><W87/><G10/><T59/><D36/><U17/><E74/><V18/><F18/><N who="3" m="12343" /><G7/><AGARI ba="0,1" hai="5,6,7,8,15,19,40,41,46,48,52,89,94,96" machi="7" ten="40,12000,1" yaku="1,1,8,1,52,1,54,1,53,0" doraHai="11" doraHaiUra="107" who="2" fromWho="3" sc="263,0,201,0,392,130,134,-120" /><INIT seed="6,1,0,0,0,44" ten="263,201,522,14" oya="2" hai0="55,120,121,73,124,107,95,20,9,40,15,11,104" hai1="65,91,39,5,116,118,53,85,87,94,112,21,31" hai2="108,32,100,3,93,111,45,14,89,54,68,16,17" hai3="98,84,36,35,47,28,13,62,90,37,34,79,26"/><V46/><F32/><W129/><G35/><T78/><D124/><U56/><E112/><V74/><F74/><W101/><G129/><T123/><D40/><U0/><E39/><V97/><F68/><W6/><G79/><T70/><D70/><U49/><E65/><V110/><F3/><W126/><G126/><T130/><D130/><U134/><E134/><V131/><F131/><W81/><G62/><T8/><D78/><U77/><E0/><V60/><F17/><W92/><G6/><T119/><D73/><U128/><E5/><V59/><REACH who="2" step="1"/><F100/><REACH who="2" ten="263,201,512,14" step="2"/><W33/><G33/><T125/><D125/><U41/><E128/><V102/><F102/><W69/><G69/><T105/><D119/><U103/><E103/><V23/><AGARI ba="1,1" hai="14,16,23,45,46,54,59,60,89,93,97,108,110,111" machi="23" ten="30,11700,0" yaku="1,1,0,1,10,1,54,1,53,0" doraHai="44" doraHaiUra="1" who="2" fromWho="2" sc="263,-40,201,-40,512,130,14,-40" owari="223,2.0,161,-24.0,642,75.0,-26,-53.0" /></mjloggm>