<mjloggm ver="2.3"><GO type="169" lobby="0"/><UN n0="%E7%B4%97%E6%9C%89" n1="%E3%81%AE%E3%81%86%E3%81%AA%E3%82%81%E3%82%8D%E3%82%93" n2="%43%69%6E%65%63%75%73%73" n3="%E5%B0%B1%E6%B4%BB%E7%94%9F%40%E5%B7%9D%E6%9D%91%E8%BB%8D%E5%9B%A3" dan="17,16,17,17" rate="2062.44,2109.38,2164.40,2170.71" sx="F,M,M,M"/><TAIKYOKU oya="0"/><INIT seed="0,0,0,4,5,84" ten="250,250,250,250" oya="0" hai0="79,129,15,31,11,64,103,41,67,101,52,70,106" hai1="37,1,66,57,121,17,109,56,7,3,120,75,125" hai2="99,51,105,47,102,90,65,86,2,33,21,111,13" hai3="8,14,92,0,46,124,45,58,30,35,34,97,26"/><T32/><D41/><U68/><E75/><V117/><F33/><W62/><G124/><T23/><D32/><U89/><E37/><V85/><F2/><W59/><G35/><T91/><D79/><U16/><E68/><V60/><F117/><W9/><G58/><T77/><D77/><U112/><E109/><V94/><F111/><W118/><G0/><T12/><D70/><U110/><E110/><V36/><F36/><W74/><G74/><T134/><D129/><U123/><E125/><V55/><F13/><W50/><G50/><T24/><D134/><U104/><E104/><V116/><F21/><W131/><G131/><T133/><D133/><U128/><E128/><V73/><F73/><W82/><G82/><T63/><D15/><U61/><E112/><V39/><F39/><W72/><G72/><T81/><D11/><U53/><E3/><V48/><F48/><W71/><G71/><T76/><D12/><U108/><E108/><V126/><F116/><W27/><G27/><T10/><D10/><U80/><E1/><V107/><F126/><W132/><G132/><T98/><D106/><U38/><E38/><V49/><F49/><W113/><G9/><T22/><D22/><U44/><E7/><V135/><F135/><W114/><G118/><T119/><D119/><U40/><E40/><V130/><F130/><W19/><G113/><T83/><D23/><U100/><E44/><V127/><F127/><W4/><G114/><T6/><D6/><U95/><E121/><V96/><F107/><W122/><G4/><T42/><D42/><U18/><E123/><RYUUKYOKU ba="0,0" sc="250,-10,250,-10,250,30,250,-10" hai2="47,51,55,60,65,85,86,90,94,96,99,102,105" /><INIT seed="1,1,0,1,2,51" ten="240,240,280,240" oya="1" hai0="8,104,132,27,0,128,76,103,68,69,37,82,5" hai1="15,73,74,67,26,101,16,17,129,114,107,70,31" hai2="124,54,10,42,46,75,61,53,19,109,122,14,18" hai3="23,112,62,95,38,39,11,108,34,99,13,119,4"/><U97/><E114/><V49/><F75/><W105/><G34/><T116/><D128/><U135/><E129/><V24/><F109/><W33/><G33/><T131/><D131/><U50/><E135/><V32/><F124/><W66/><G108/><T22/><D132/><U45/><E67/><V130/><F130/><W52/><G105/><T84/><D37/><U125/><E70/><V83/><F122/><W72/><G72/><T115/><D116/><U28/><E125/><V9/><F83/><W36/><G112/><T64/><D115/><U117/><E117/><V127/><F127/><W7/><G23/><T1/><D1/><U90/><E90/><V35/><F35/><W21/><G21/><T86/><D86/><U43/><E17/><V25/><F32/><W100/><G119/><T3/><D3/><U29/><REACH who="1" step="1"/><E26/><REACH who="1" ten="240,230,280,240" step="2"/><V85/><F25/><W126/><G126/><T58/><D69/><U56/><E56/><N who="2" m="34967" /><F24/><W40/><G7/><T92/><D68/><U110/><E110/><V121/><F121/><W118/><G118/><T55/><D64/><U65/><E65/><V120/><F120/><W60/><G66/><T98/><D27/><U63/><E63/><V41/><F19/><W102/><G102/><T79/><D103/><U87/><E87/><V123/><F123/><W48/><REACH who="3" step="1"/><G40/><REACH who="3" ten="240,230,280,230" step="2"/><T81/><D5/><U94/><E94/><V71/><F71/><W20/><G20/><AGARI ba="1,2" hai="15,16,20,28,29,31,43,45,50,73,74,97,101,107" machi="20" ten="40,3900,0" yaku="1,1,54,1,53,0" doraHai="51" doraHaiUra="80" who="1" fromWho="3" sc="240,0,230,62,280,0,230,-42" /><INIT seed="1,2,0,4,3,93" ten="240,292,280,188" oya="1" hai0="96,68,84,37,119,65,112,47,28,72,30,13,94" hai1="17,20,131,130,3,12,97,79,49,133,73,101,128" hai2="24,4,109,67,100,46,78,115,19,122,33,102,22" hai3="58,7,113,26,27,9,92,21,35,44,2,114,91"/><U52/><E3/><V135/><F122/><W81/><G35/><T45/><D119/><U124/><E133/><V61/><F135/><W54/><G44/><T11/><D72/><U104/><E124/><V77/><F109/><W14/><G81/><T85/><D112/><U38/><E38/><V121/><F121/><W29/><G26/><T6/><D68/><U53/><E49/><V86/><F115/><W63/><REACH who="3" step="1"/><G2/><REACH who="3" ten="240,292,280,178" step="2"/><T134/><D134/><U110/><E110/><V76/><F33/><W40/><G40/><T55/><D47/><U16/><E17/><V90/><F46/><W89/><G89/><T108/><D108/><U69/><E69/><V39/><F39/><W60/><G60/><T18/><D37/><U59/><E59/><N who="2" m="37311" /><F4/><W75/><G75/><T71/><D6/><U87/><E73/><V129/><F129/><W51/><G51/><N who="0" m="29167" /><D71/><U48/><E48/><V107/><F107/><W41/><G41/><T105/><D105/><U56/><E56/><V64/><F64/><W5/><G5/><T116/><D65/><U82/><AGARI ba="2,1" hai="12,16,20,52,53,79,82,87,97,101,104,128,130,131" machi="82" ten="40,12000,1" yaku="0,1,19,1,52,1,54,2" doraHai="93" who="1" fromWho="1" sc="240,-42,292,136,280,-42,178,-42" /><INIT seed="1,3,0,2,1,114" ten="198,428,238,136" oya="1" hai0="89,130,121,131,80,3,108,127,122,112,84,109,79" hai1="128,92,25,62,75,32,15,43,60,56,4,86,104" hai2="85,12,9,34,103,8,44,97,110,101,57,96,27" hai3="5,74,93,45,91,10,102,95,52,111,77,11,37"/><U65/><E75/><V70/><F70/><W48/><G111/><N who="0" m="42571" /><D3/><U22/><E104/><V123/><F110/><W125/><G125/><T71/><D71/><U94/><E32/><V78/><F123/><N who="0" m="47114" /><D112/><U23/><E128/><N who="0" m="49193" /><D127/><U2/><E2/><V73/><F73/><W76/><G37/><T39/><D39/><U129/><E129/><V67/><F44/><W55/><G74/><T99/><D99/><U40/><E43/><V81/><F97/><N who="3" m="59695" /><G55/><T135/><D135/><U33/><E40/><V51/><F96/><N who="3" m="57471" /><G5/><T98/><D98/><U132/><E4/><V35/><F35/><W117/><G117/><T16/><D16/><N who="1" m="10527" /><E33/><V69/><F69/><W107/><G107/><T47/><D47/><U116/><E132/><V134/><F134/><W0/><G0/><T38/><D38/><U66/><E86/><V21/><F34/><W68/><G68/><T100/><D100/><U30/><E92/><V42/><F103/><W124/><G124/><T14/><D14/><U63/><E94/><V87/><F12/><W90/><G90/><AGARI ba="3,0" hai="79,80,84,89,90" m="49193,47114,42571" machi="90" ten="40,8000,1" yaku="14,1,13,1,19,1,34,2" doraHai="114" who="0" fromWho="3" sc="198,89,428,0,238,0,136,-89" /><INIT seed="2,0,0,5,0,2" ten="287,428,238,47" oya="2" hai0="32,70,133,15,98,25,130,110,23,19,109,101,27" hai1="38,17,88,51,39,126,16,123,49,118,87,13,7" hai2="48,103,85,81,9,54,44,1,42,106,129,66,94" hai3="116,21,8,96,3,22,59,61,82,52,102,114,80"/><V6/><F106/><W26/><G116/><T90/><D70/><U29/><E118/><V63/><F129/><W127/><G127/><T36/><D36/><U100/><E100/><V62/><F103/><W86/><G114/><T75/><D75/><U40/><E29/><V128/><F94/><W4/><G86/><T97/><D130/><U91/><E126/><V45/><F128/><W131/><G131/><T119/><D119/><U41/><E87/><V105/><F105/><W10/><G10/><T117/><D117/><U99/><E13/><V11/><F11/><W12/><G12/><T72/><D72/><U68/><E68/><V120/><F66/><W65/><G22/><T125/><D125/><U92/><E92/><V58/><F120/><W30/><REACH who="3" step="1"/><G65/><REACH who="3" ten="287,428,238,37" step="2"/><T135/><D32/><U89/><E123/><V104/><F9/><W64/><G64/><T74/><D74/><U28/><E99/><V47/><F1/><W57/><G57/><T79/><D98/><U43/><E28/><V24/><F58/><W34/><G34/><T60/><D97/><U73/><E73/><V111/><F45/><W69/><G69/><T108/><D110/><U71/><E71/><V121/><F47/><W93/><AGARI ba="0,1" hai="3,4,8,21,26,30,52,59,61,80,82,93,96,102" machi="93" ten="20,8000,1" yaku="1,1,0,1,7,1,52,1,54,1,53,0" doraHai="2" doraHaiUra="112" who="3" fromWho="3" sc="287,-20,428,-20,238,-40,37,90" /><INIT seed="3,0,0,1,5,133" ten="267,408,198,127" oya="3" hai0="15,90,40,130,61,49,114,124,54,21,35,81,110" hai1="9,0,17,78,44,33,89,83,39,125,31,65,132" hai2="42,36,30,95,86,113,67,87,88,50,43,107,103" hai3="23,128,29,99,71,6,109,105,79,112,74,52,80"/><W104/><G112/><T131/><D35/><U22/><E132/><V66/><F36/><W32/><G32/><T100/><D110/><U72/><E65/><N who="2" m="24587" /><F107/><W51/><G71/><T18/><D100/><U13/><E89/><N who="2" m="53687" /><F103/><W38/><G38/><T119/><D124/><U76/><E78/><V77/><F77/><W120/><G120/><T117/><D40/><N who="1" m="22559" /><E31/><V41/><F30/><W37/><G37/><T3/><D61/><U92/><E92/><N who="2" m="54303" /><F113/><W1/><G128/><N who="0" m="49195" /><D3/><U58/><E33/><V102/><F102/><W118/><G118/><T126/><D114/><U63/><E0/><V2/><F2/><W53/><G53/><T75/><D75/><U24/><E72/><V111/><F111/><W127/><G127/><T116/><D126/><U47/><E76/><V11/><F11/><W91/><G109/><T115/><D115/><U57/><E125/><V134/><F134/><W7/><G104/><T46/><D90/><U19/><E83/><AGARI ba="0,0" hai="15,18,21,46,49,54,81,83,116,117,119" m="49195" machi="83" ten="40,1300,0" yaku="19,1" doraHai="133" who="0" fromWho="1" sc="267,13,408,-13,198,0,127,0" /><INIT seed="4,0,0,5,1,31" ten="280,395,198,127" oya="0" hai0="82,4,86,14,102,55,116,1,128,18,17,114,28" hai1="112,70,126,65,13,99,42,98,59,109,6,123,124" hai2="57,27,110,134,35,93,64,122,97,107,20,81,121" hai3="127,19,95,60,72,7,24,92,43,120,77,100,61"/><T36/><D36/><U83/><E70/><V0/><F0/><W37/><G120/><T51/><D114/><U71/><E71/><V34/><F110/><W106/><G106/><T117/><BYE who="3" /><D128/><U103/><E109/><V46/><F107/><W90/><G90/><T132/><D132/><U113/><E123/><V12/><F81/><W125/><G125/><N who="1" m="48234" /><E42/><V29/><F134/><W78/><G78/><T3/><D102/><U130/><E130/><V52/><F121/><W119/><G119/><T10/><D28/><U88/><E65/><V15/><F122/><W67/><G67/><T85/><D85/><N who="1" m="50239" /><E59/><V105/><F105/><W84/><G84/><T111/><D111/><U87/><E87/><V26/><F26/><W101/><G101/><T49/><D49/><U115/><E103/><N who="2" m="60847" /><F12/><W133/><G133/><T50/><D50/><U11/><AGARI ba="0,0" hai="6,11,13,98,99,112,113,115" m="50239,48234" machi="11" ten="40,8000,1" yaku="15,1,11,1,18,1,54,1" doraHai="31" who="1" fromWho="1" sc="280,-40,395,80,198,-20,127,-20" /><INIT seed="5,0,0,0,3,45" ten="240,475,178,107" oya="1" hai0="87,93,134,38,68,63,27,81,103,102,28,84,47" hai1="58,59,92,53,99,110,22,77,65,75,69,37,1" hai2="20,57,26,74,25,90,106,9,112,97,49,101,89" hai3="67,66,71,41,96,109,131,48,79,70,61,54,64"/><U35/><E35/><V85/><F74/><W94/><G94/><T12/><D134/><U17/><E1/><V95/><F112/><W118/><G118/><T31/><D87/><U50/><E37/><V91/><F25/><W11/><G11/><T127/><D127/><U122/><E122/><V114/><F114/><W126/><G126/><T108/><D108/><U83/><E110/><V76/><F76/><W80/><G80/><T33/><D31/><U125/><E125/><V42/><F9/><W30/><G30/><T18/><D93/><U5/><E5/><V111/><F111/><W46/><G46/><T39/><D68/><U119/><E69/><V130/><F130/><W115/><G115/><T16/><D18/><U129/><E129/><V19/><F42/><W98/><G98/><T24/><D24/><U88/><E119/><V132/><F132/><W55/><G55/><T100/><D63/><U73/><E65/><V120/><F120/><W34/><G34/><T86/><D47/><U3/><E3/><V104/><F104/><W0/><G0/><T23/><REACH who="0" step="1"/><D86/><REACH who="0" ten="230,475,178,107" step="2"/><U6/><E6/><V15/><F26/><W56/><G56/><T105/><D105/><U7/><E7/><V21/><F21/><W36/><G36/><T2/><D2/><U128/><E128/><V124/><F124/><W107/><G107/><T135/><D135/><U62/><E59/><V10/><F10/><W121/><G121/><T32/><D32/><U52/><E73/><V8/><F8/><W123/><G123/><T14/><D14/><U78/><E75/><V43/><F106/><RYUUKYOKU ba="0,1" sc="230,30,475,-10,178,-10,107,-10" hai0="12,16,23,27,28,33,38,39,81,84,100,102,103" /><INIT seed="6,1,1,5,2,17" ten="260,465,168,97" oya="2" hai0="75,122,76,36,5,56,110,77,98,64,12,118,27" hai1="40,111,89,87,63,69,133,82,57,90,46,47,132" hai2="48,121,4,134,119,26,106,120,10,45,14,53,43" hai3="30,83,0,41,130,49,37,86,115,129,35,80,1"/><V25/><F106/><W95/><G95/><T11/><D110/><U58/><E111/><V16/><F119/><W61/><G61/><N who="0" m="37927" /><D75/><U32/><E32/><V7/><F134/><N who="1" m="51817" /><E47/><V85/><F121/><W105/><G105/><T52/><D122/><U13/><E13/><V107/><F107/><W96/><G96/><T68/><D36/><N who="1" m="21767" /><E90/><V94/><F120/><W65/><G65/><AGARI ba="1,1" hai="57,58,63,65,69,82,87,89" m="21767,51817" machi="65" ten="30,1000,0" yaku="20,1" doraHai="17" who="1" fromWho="3" sc="260,0,465,23,168,0,97,-13" /><INIT seed="7,0,0,0,3,15" ten="260,488,168,84" oya="3" hai0="73,107,67,131,4,116,35,3,52,55,81,119,85" hai1="1,69,44,105,133,32,118,5,58,9,104,14,86" hai2="113,125,36,97,63,91,108,74,61,17,100,13,88" hai3="47,129,48,66,38,99,90,24,121,110,49,120,6"/><W59/><G59/><T102/><D35/><U37/><E69/><V72/><F36/><W33/><G33/><T126/><D73/><U12/><E32/><V34/><F108/><W57/><G57/><T26/><D67/><U106/><E133/><V11/><F125/><W39/><G39/><T0/><D126/><U10/><E118/><V7/><F113/><W8/><G8/><T16/><D102/><U134/><E134/><V70/><F34/><W51/><G51/><T62/><D107/><U28/><E28/><V56/><F70/><W123/><G123/><T75/><D75/><U132/><E132/><V111/><F74/><W82/><G82/><T114/><D114/><U117/><E117/><V54/><F72/><W25/><G25/><T46/><D46/><U53/><E86/><V103/><F111/><W96/><G96/><T45/><D45/><U83/><E83/><V20/><F63/><W18/><G18/><T22/><D81/><U31/><E31/><V23/><F23/><W19/><G19/><T87/><D22/><U76/><E76/><V95/><F91/><W130/><G130/><T84/><D84/><U124/><E124/><V135/><F135/><W109/><G109/><T21/><D131/><U65/><E65/><V122/><F122/><W128/><G128/><T42/><D119/><U98/><E105/><V64/><F64/><W29/><G29/><T60/><D116/><U77/><E106/><V68/><F68/><W89/><G89/><T43/><D21/><U101/><E104/><V79/><F79/><W93/><G93/><T115/><D115/><RYUUKYOKU ba="0,0" sc="260,-10,488,-10,168,30,84,-10" hai2="7,11,13,17,20,54,56,61,88,95,97,100,103" owari="250,5.0,478,58.0,198,-20.0,74,-43.0" /></mjloggm>