<mjloggm ver="2.3"><GO type="225" lobby="0"/><UN n0="%E8%A6%AA%E6%8C%87%EF%BC%88%E5%A4%A7%EF%BC%89" n1="%E9%A3%9B%E3%81%B3%E3%82%B7%E3%83%A3%E3%83%81" n2="%E3%83%88%E3%83%88%E3%83%AA%E5%85%88%E7%94%9F%31%39%E6%AD%B3" n3="%E3%83%AA%E3%83%AA%E3%82%A2%E3%83%BC%E3%83%8C" dan="16,16,18,17" rate="2084.35,2090.18,2283.18,2192.50" sx="M,F,F,F"/><TAIKYOKU oya="0"/><INIT seed="0,0,0,2,2,78" ten="250,250,250,250" oya="0" hai0="47,34,43,96,74,113,97,62,127,53,117,81,114" hai1="38,126,59,19,6,68,84,93,101,61,21,49,45" hai2="39,24,65,66,115,16,41,18,86,124,100,9,98" hai3="130,128,121,28,10,95,89,106,1,20,17,110,104"/><T72/><D117/><U13/><E68/><V4/><F115/><W50/><G121/><T22/><D34/><U57/><E38/><V25/><F124/><W29/><G110/><T58/><D127/><U116/><E126/><V54/><F39/><W80/><G50/><T123/><D123/><U15/><E116/><V102/><F41/><W8/><G80/><T134/><D134/><U42/><E61/><V46/><F86/><W36/><G36/><T132/><D132/><U90/><REACH who="1" step="1"/><E101/><REACH who="1" ten="250,240,250,250" step="2"/><V118/><F118/><W33/><G130/><T133/><D133/><U79/><E79/><V129/><F100/><W120/><G128/><T83/><D114/><U64/><E64/><V91/><F129/><W12/><G120/><T51/><D113/><U56/><E56/><V32/><F66/><W14/><G89/><T108/><D108/><U107/><E107/><V37/><F65/><W67/><G67/><T119/><D119/><U55/><E55/><V135/><F135/><W52/><G52/><T112/><D112/><U23/><E23/><V27/><F91/><W48/><G106/><T7/><D22/><U99/><E99/><V31/><F54/><W77/><G77/><T111/><D111/><U60/><E60/><V82/><F98/><W76/><G76/><T85/><D85/><U44/><E44/><V2/><F102/><W109/><G104/><T131/><D131/><U5/><E5/><V0/><F46/><W75/><G109/><T69/><D69/><U94/><E94/><V87/><F37/><W73/><G20/><T122/><D122/><U71/><E71/><RYUUKYOKU ba="0,1" sc="250,-10,240,30,250,-10,250,-10" hai1="6,13,15,19,21,42,45,49,57,59,84,90,93" /><INIT seed="1,1,1,1,2,36" ten="240,270,240,240" oya="1" hai0="39,13,52,28,32,102,92,57,81,22,40,12,127" hai1="43,118,107,15,114,90,135,41,116,18,63,103,74" hai2="45,71,51,44,17,134,24,80,88,54,0,123,76" hai3="121,130,11,129,62,7,26,77,105,101,78,119,73"/><U20/><E74/><V109/><F71/><W6/><G121/><T133/><D32/><U59/><E114/><V38/><F0/><W5/><G119/><T100/><D133/><U21/><E135/><V56/><F123/><W23/><G11/><T132/><D132/><U75/><E75/><V29/><F134/><W8/><G8/><T89/><D127/><U19/><E118/><V117/><F117/><W55/><G73/><T112/><D112/><U37/><E37/><V96/><F109/><W84/><G101/><T108/><D108/><U98/><E90/><V104/><F17/><W106/><G55/><T93/><D81/><U83/><E83/><V113/><F113/><W111/><G62/><T65/><D65/><U82/><E82/><V94/><F104/><N who="3" m="40043" /><G84/><T61/><D39/><U35/><E35/><V131/><F38/><W4/><G4/><T95/><D89/><U25/><E116/><V48/><F48/><W30/><G111/><T14/><REACH who="0" step="1"/><D40/><REACH who="0" ten="230,270,240,240" step="2"/><U33/><E33/><V58/><F80/><W68/><G68/><T72/><D72/><U27/><REACH who="1" step="1"/><E15/><REACH who="1" ten="230,260,240,240" step="2"/><V86/><F88/><W87/><G77/><T120/><D120/><U10/><E10/><V9/><F76/><W91/><G78/><T122/><D122/><U124/><E124/><V60/><F9/><W79/><G79/><T97/><D97/><U67/><AGARI ba="1,3" hai="18,19,20,21,25,27,41,43,59,63,67,98,103,107" machi="67" ten="20,18000,2" yaku="1,1,0,1,7,1,9,1,52,2,53,0" doraHai="36" doraHaiUra="85" who="1" fromWho="1" sc="230,-61,260,213,240,-61,240,-61" /><INIT seed="1,2,0,3,0,88" ten="169,473,179,179" oya="1" hai0="24,11,70,20,38,59,125,47,46,129,91,112,2" hai1="71,65,41,103,27,69,132,76,114,13,32,34,9" hai2="26,96,40,80,14,92,135,115,67,44,17,15,60" hai3="75,134,62,110,5,97,84,10,93,29,45,106,55"/><U123/><E123/><V105/><F105/><W56/><G75/><T16/><D70/><U51/><E114/><V104/><F135/><W108/><G134/><T42/><D112/><U43/><E132/><V52/><F104/><W28/><G106/><T99/><D129/><U22/><E76/><V57/><F115/><W120/><G84/><T83/><D125/><U109/><E109/><N who="3" m="42090" /><G45/><T68/><D68/><U39/><E39/><V78/><F67/><W7/><G120/><T73/><D59/><U89/><E103/><V53/><F53/><W8/><G8/><T63/><D63/><U30/><E69/><V35/><F35/><W131/><G131/><T36/><D73/><U50/><E89/><N who="2" m="55311" /><F80/><W18/><G18/><T118/><D118/><U133/><E133/><V4/><F4/><N who="3" m="1611" /><G10/><T61/><D11/><U72/><E72/><V102/><F78/><W128/><G128/><T12/><D2/><U113/><E113/><V127/><F127/><W37/><G37/><T107/><D107/><U31/><E34/><V79/><F79/><W116/><G116/><T23/><D83/><U87/><E87/><V33/><F44/><W121/><G121/><T98/><D47/><U54/><E32/><V58/><F40/><W21/><G21/><T90/><D38/><U49/><E22/><N who="2" m="13647" /><F33/><W19/><G19/><N who="0" m="12415" /><D46/><U77/><E77/><V85/><F85/><W66/><G66/><T81/><D42/><U48/><E65/><V82/><F82/><W74/><G74/><T100/><D36/><U0/><E43/><V126/><F126/><W64/><G64/><T95/><D81/><RYUUKYOKU ba="2,0" sc="169,-10,473,-10,179,-10,179,30" hai3="28,29,55,56,62,93,97" /><INIT seed="2,3,0,1,1,52" ten="159,463,169,209" oya="2" hai0="93,130,75,18,53,65,90,54,72,35,68,39,44" hai1="77,47,13,121,117,49,87,114,134,110,33,119,21" hai2="126,50,125,66,86,3,48,135,74,108,62,43,96" hai3="124,51,26,131,80,15,56,129,94,6,99,88,10"/><V107/><F74/><W42/><G124/><N who="2" m="47721" /><F3/><W109/><G109/><T24/><D130/><N who="3" m="49673" /><G26/><T16/><D72/><U111/><E114/><V29/><F135/><W60/><G80/><T70/><D75/><U23/><E134/><V83/><F108/><W98/><G51/><N who="2" m="19497" /><F43/><W8/><G8/><T104/><D104/><U84/><E111/><V31/><F96/><N who="3" m="57415" /><G42/><T63/><D70/><U118/><E110/><V0/><F0/><W58/><G58/><T5/><D5/><U30/><E119/><V85/><F107/><W92/><G92/><T34/><D44/><U28/><E118/><V2/><F2/><W89/><G89/><T81/><D81/><U32/><E117/><V40/><F40/><W133/><G133/><T95/><D95/><U127/><E127/><V79/><F86/><W11/><G11/><T100/><D100/><U27/><E87/><V102/><F102/><W71/><G71/><AGARI ba="3,0" hai="29,31,62,66,71,79,83,85" m="19497,47721" machi="71" ten="30,1500,0" yaku="18,1" doraHai="52" who="2" fromWho="3" sc="159,0,463,0,169,24,209,-24" /><INIT seed="2,4,0,4,3,49" ten="159,463,193,185" oya="2" hai0="128,8,3,85,28,125,41,93,123,7,130,54,16" hai1="51,72,92,66,5,103,43,42,108,101,87,118,83" hai2="109,63,53,120,59,124,57,18,75,27,115,69,21" hai3="121,90,82,44,71,131,45,111,132,23,107,70,105"/><V88/><F115/><W80/><G23/><T25/><D123/><U135/><E108/><V126/><F120/><W96/><G121/><T0/><D41/><U133/><E118/><V116/><F116/><W39/><G39/><T122/><D122/><U117/><E117/><V119/><F119/><W30/><G30/><T100/><D125/><N who="2" m="48234" /><F75/><W52/><G90/><T110/><D110/><U73/><E66/><V35/><F109/><W34/><G111/><T81/><D0/><U86/><E5/><V14/><F69/><W113/><G96/><T98/><D16/><U79/><E72/><V29/><F59/><W40/><G40/><T99/><D99/><U1/><E73/><V60/><F88/><W33/><G132/><N who="1" m="50762" /><E1/><V47/><F47/><W58/><G58/><T36/><D36/><U2/><E2/><V64/><F60/><W91/><G91/><T102/><D102/><N who="1" m="38923" /><E51/><V24/><F14/><W74/><G74/><T56/><D25/><U94/><E42/><V20/><F35/><W15/><G15/><T48/><REACH who="0" step="1"/><D28/><REACH who="0" ten="149,463,193,185" step="2"/><U9/><E43/><V19/><F29/><W114/><G131/><T17/><D17/><U55/><E9/><V31/><F31/><W67/><G67/><AGARI ba="4,1" hai="18,19,20,21,24,27,53,57,63,64,67" m="48234" machi="67" ten="30,2900,0" yaku="18,1,52,1" doraHai="49" who="2" fromWho="3" sc="149,0,463,0,193,51,185,-41" /><INIT seed="2,5,0,2,5,30" ten="149,463,244,144" oya="2" hai0="4,20,126,125,63,27,5,120,111,97,90,56,34" hai1="51,86,123,28,46,60,108,107,124,65,77,121,16" hai2="7,106,57,36,43,70,18,82,74,113,128,114,52" hai3="76,0,62,112,88,135,29,117,23,12,37,83,78"/><V105/><F70/><W69/><G0/><T104/><D120/><N who="1" m="46155" /><E107/><V54/><F128/><W134/><G37/><T61/><D111/><U103/><E103/><V66/><F66/><N who="3" m="41175" /><G117/><T38/><D38/><U55/><E108/><V11/><F18/><N who="3" m="10695" /><G29/><N who="0" m="17639" /><D34/><U71/><E124/><N who="0" m="47721" /><D90/><U129/><E129/><V68/><F68/><W44/><G44/><T25/><D25/><U40/><E28/><V14/><F54/><W75/><G75/><T15/><D15/><U87/><E77/><V81/><F43/><W99/><G112/><T13/><D13/><U45/><E16/><V58/><F36/><AGARI ba="5,0" hai="36,40,45,46,51,55,60,65,71,86,87" m="46155" machi="36" ten="30,1000,0" yaku="13,1" doraHai="30" who="1" fromWho="2" sc="149,0,463,25,244,-25,144,0" /><INIT seed="3,0,0,2,4,26" ten="149,488,219,144" oya="3" hai0="40,102,77,20,85,29,39,90,11,49,109,18,32" hai1="42,124,106,112,10,24,119,79,82,30,131,25,135" hai2="125,31,94,22,97,7,65,51,75,71,0,23,56" hai3="120,6,5,87,101,54,52,80,95,126,36,113,89"/><W19/><G36/><T108/><D39/><U3/><E106/><V9/><F75/><W134/><G113/><T17/><D77/><U83/><E112/><V14/><F125/><W55/><G120/><T104/><D32/><U103/><E124/><V91/><F71/><W111/><G126/><T73/><D73/><U50/><E119/><V107/><F107/><W62/><G134/><T115/><D115/><U61/><E61/><N who="2" m="38055" /><F0/><W12/><G62/><T34/><D34/><U16/><E10/><V15/><F31/><W116/><G116/><T117/><D117/><U38/><E25/><V99/><F15/><W68/><G68/><T21/><D102/><U27/><E82/><V105/><F105/><W130/><G130/><T86/><D104/><U92/><E103/><V132/><F132/><W58/><G58/><T35/><D35/><U72/><E92/><N who="2" m="56479" /><F51/><W63/><G63/><T76/><D29/><U67/><E42/><V88/><AGARI ba="0,0" hai="7,9,14,22,23,88,94,99" m="56479,38055" machi="88" ten="30,2000,0" yaku="8,1,54,1" doraHai="26" who="2" fromWho="2" sc="149,-5,488,-5,219,20,144,-10" owari="144,-26.0,483,59.0,239,4.0,134,-37.0" /></mjloggm>