<mjloggm ver="2.3"><GO type="169" lobby="0"/><UN n0="%73%68%69%6E%6F%21%21" n1="%E3%82%AB%E3%83%AA%E3%83%95%E3%82%A9%E3%83%AB%E3%83%8B%E3%82%A2%E9%A2%A8" n2="%E3%83%88%E3%83%88%E3%83%AA%E5%85%88%E7%94%9F%31%39%E6%AD%B3" n3="%30%30%73%61%69" dan="17,17,17,17" rate="2173.54,2150.30,2243.31,2122.35" sx="M,M,F,F"/><TAIKYOKU oya="0"/><INIT seed="0,0,0,3,1,68" ten="250,250,250,250" oya="0" hai0="114,63,25,57,90,120,31,32,75,64,61,43,85" hai1="38,103,26,79,6,24,111,131,101,60,11,52,1" hai2="45,95,80,106,15,27,12,86,99,125,35,4,59" hai3="72,87,62,66,81,105,129,77,56,91,102,9,5"/><T37/><D114/><U74/><E131/><V44/><F106/><W94/><G129/><T70/><D75/><U3/><E3/><V71/><F71/><W55/><G66/><T0/><D0/><U133/><E26/><V10/><F125/><W20/><G20/><T53/><D120/><U134/><E24/><V67/><F35/><W96/><G9/><T116/><D116/><U130/><E130/><V21/><F15/><W110/><REACH who="3" step="1"/><G5/><REACH who="3" ten="250,250,250,240" step="2"/><T40/><REACH who="0" step="1"/><D37/><REACH who="0" ten="240,250,250,240" step="2"/><U123/><E38/><V112/><F112/><W73/><G73/><T46/><D46/><U115/><E74/><V128/><F128/><W42/><G42/><T89/><D89/><U93/><E115/><V36/><F36/><W107/><G107/><T51/><D51/><U49/><E49/><V65/><F44/><W76/><G76/><T109/><D109/><AGARI ba="0,2" hai="55,56,62,72,77,81,87,91,94,96,102,105,109,110" machi="109" ten="40,5200,0" yaku="1,1,24,2,53,0" doraHai="68" doraHaiUra="8" who="3" fromWho="0" sc="240,-52,250,0,250,0,240,72" /><INIT seed="1,0,0,3,1,125" ten="188,250,250,312" oya="1" hai0="59,13,86,76,110,80,9,63,75,39,58,130,78" hai1="22,64,134,87,89,115,5,100,112,132,122,95,41" hai2="29,66,84,96,23,28,73,97,77,65,81,12,105" hai3="4,0,27,54,72,38,32,102,7,93,83,49,123"/><U2/><E41/><V15/><F73/><W121/><G38/><T46/><D110/><U90/><E64/><N who="2" m="24683" /><F105/><W1/><G93/><T79/><D75/><U14/><E122/><V117/><F117/><W116/><G102/><T24/><D24/><U120/><E120/><V40/><F40/><W52/><G72/><T133/><D133/><N who="1" m="51307" /><E100/><V104/><F104/><W30/><G116/><T126/><D126/><U26/><E2/><V51/><F51/><W114/><G49/><T43/><D130/><U67/><E67/><V17/><F15/><W62/><G62/><T16/><REACH who="0" step="1"/><D63/><REACH who="0" ten="178,250,250,312" step="2"/><U45/><E26/><N who="2" m="16479" /><F29/><W8/><G30/><T36/><D36/><U74/><E74/><V35/><F35/><W101/><G32/><T127/><D127/><U42/><E115/><V88/><F77/><AGARI ba="0,1" hai="9,13,16,39,43,46,58,59,76,77,78,79,80,86" machi="77" ten="40,2600,0" yaku="1,1,54,1,53,0" doraHai="125" doraHaiUra="33" who="0" fromWho="2" sc="178,36,250,0,250,-26,312,0" /><INIT seed="2,0,0,0,5,10" ten="214,250,224,312" oya="2" hai0="78,130,71,60,65,55,12,86,124,102,62,128,93" hai1="54,22,96,47,111,67,80,34,110,76,21,105,5" hai2="18,64,1,28,113,79,101,121,66,33,134,61,58" hai3="24,35,20,72,117,27,56,81,29,82,125,123,39"/><V53/><F113/><W49/><G39/><T77/><D124/><U32/><E67/><V26/><F121/><W119/><G125/><T89/><D102/><U15/><E105/><V120/><F120/><W42/><G123/><T2/><D2/><U41/><E96/><V3/><F134/><W97/><G97/><T63/><D12/><U50/><E54/><V75/><F101/><W13/><G13/><T84/><D55/><U122/><E122/><V51/><F66/><W116/><G56/><T25/><D25/><U133/><E133/><V68/><REACH who="2" step="1"/><F18/><REACH who="2" ten="214,250,214,312" step="2"/><N who="3" m="12311" /><G119/><T98/><D65/><U95/><E111/><V107/><F107/><W92/><G117/><T38/><D71/><U17/><E17/><V85/><F85/><W48/><G116/><T127/><D127/><U83/><E110/><V57/><F57/><W106/><G106/><T43/><D86/><U88/><E47/><V6/><F6/><W36/><G72/><T7/><D7/><U103/><E103/><V45/><F45/><W46/><G46/><N who="0" m="23927" /><D84/><U19/><E19/><V16/><F16/><W30/><G30/><T118/><D118/><U90/><E5/><V99/><F99/><W59/><G29/><T135/><D135/><U109/><E109/><V100/><F100/><W73/><G73/><T69/><D69/><U114/><E114/><V87/><F87/><W115/><G59/><T74/><D74/><U37/><E90/><V14/><F14/><W131/><G115/><T4/><D4/><U8/><E15/><V0/><F0/><W94/><G27/><T52/><D98/><U31/><E31/><RYUUKYOKU ba="0,1" sc="214,-10,250,-10,214,30,312,-10" hai2="1,3,26,28,33,51,53,58,61,64,68,75,79" /><INIT seed="2,1,1,0,3,10" ten="204,240,244,302" oya="2" hai0="84,124,64,44,59,27,35,30,60,88,28,31,130" hai1="39,109,3,74,120,126,57,29,90,117,19,69,33" hai2="65,112,81,24,37,121,99,104,48,115,9,123,80" hai3="16,132,87,14,91,105,4,1,56,26,61,45,95"/><V122/><F37/><W72/><G105/><T53/><D124/><U93/><RYUUKYOKU type="yao9" ba="1,1" sc="204,0,240,0,244,0,302,0" hai1="3,19,29,33,39,57,69,74,90,93,109,117,120,126" /><INIT seed="2,2,1,2,1,66" ten="204,240,244,302" oya="2" hai0="20,27,104,75,63,106,102,76,112,98,45,12,114" hai1="68,118,122,121,133,0,85,1,77,109,105,80,97" hai2="34,103,23,83,123,115,95,25,100,91,70,67,113" hai3="7,47,124,117,126,5,22,15,26,94,18,6,116"/><V131/><F123/><N who="1" m="47113" /><E118/><N who="3" m="45674" /><G47/><T40/><D106/><U9/><E109/><V49/><F34/><W128/><G94/><T51/><D12/><U71/><E133/><V78/><F131/><W28/><G128/><T37/><D37/><U43/><E43/><V53/><F113/><W132/><G132/><T29/><D75/><U39/><E39/><V69/><F115/><W44/><G44/><T31/><D76/><U16/><E16/><V62/><F69/><N who="1" m="26697" /><E9/><AGARI ba="2,1" hai="5,6,7,9,15,18,22,26,28,124,126" m="45674" machi="9" ten="30,2000,0" yaku="34,2" doraHai="66" who="3" fromWho="1" sc="204,0,240,-26,244,0,302,36" /><INIT seed="3,0,0,4,1,11" ten="204,214,244,338" oya="3" hai0="4,94,98,93,103,53,50,0,19,34,7,80,60" hai1="16,48,133,73,5,18,125,96,32,10,35,3,36" hai2="13,74,90,108,95,65,25,117,110,30,124,105,42" hai3="24,56,75,79,58,28,1,132,66,22,118,88,87"/><W15/><G1/><T44/><D34/><U130/><E36/><V62/><F117/><W107/><G107/><T63/><D0/><U89/><E73/><V33/><F105/><W120/><G75/><T84/><D94/><U45/><E125/><V114/><F114/><W17/><G79/><T134/><D134/><U14/><E133/><V52/><F74/><W115/><G120/><T23/><D4/><U111/><E130/><V40/><F124/><W102/><G102/><T82/><D7/><U8/><E111/><N who="2" m="42539" /><F13/><W126/><G118/><T135/><D135/><U55/><E18/><V72/><F72/><W109/><G115/><T51/><D51/><U81/><REACH who="1" step="1"/><E96/><REACH who="1" ten="204,204,244,338" step="2"/><V54/><F40/><W116/><G126/><T78/><REACH who="0" step="1"/><D82/><REACH who="0" ten="194,204,244,338" step="2"/><U67/><E67/><V128/><F128/><W106/><G66/><T2/><D2/><U37/><E37/><V49/><F42/><W21/><G132/><T39/><D39/><U77/><E77/><V59/><F49/><W57/><G109/><T129/><D129/><U70/><E70/><V104/><F104/><W97/><G106/><T131/><D131/><U9/><E9/><V127/><F127/><W100/><G116/><T71/><D71/><U85/><AGARI ba="0,2" hai="3,5,8,10,14,16,32,35,45,48,55,81,85,89" machi="85" ten="30,12000,2" yaku="1,1,0,1,25,2,52,1,54,1,53,0" doraHai="11" doraHaiUra="99" who="1" fromWho="1" sc="194,-30,204,140,244,-30,338,-60" /><INIT seed="4,0,0,1,3,50" ten="164,344,214,278" oya="0" hai0="62,90,65,80,15,101,11,58,66,40,68,108,18" hai1="94,13,98,93,5,79,104,10,130,82,74,121,60" hai2="43,1,83,91,6,23,29,131,3,44,128,51,97" hai3="52,0,57,84,109,86,132,2,87,67,81,110,92"/><T95/><D108/><U22/><E121/><V73/><F6/><W113/><G67/><T127/><D127/><U32/><E32/><V103/><F29/><W49/><G113/><T96/><D40/><U55/><E130/><N who="2" m="49707" /><F23/><W7/><G132/><T111/><D111/><U41/><E41/><V24/><F24/><W72/><G92/><T4/><D4/><U99/><E22/><V34/><F34/><W30/><G30/><T27/><D27/><U61/><E104/><N who="2" m="63599" /><F91/><W124/><G124/><T78/><D90/><U14/><E14/><V71/><F71/><W126/><G126/><T36/><D36/><U89/><E98/><V56/><F56/><W105/><G105/><T53/><REACH who="0" step="1"/><D68/><REACH who="0" ten="154,344,214,278" step="2"/><U100/><E89/><V31/><F31/><W21/><G109/><T76/><D76/><AGARI ba="0,1" hai="1,3,43,44,51,73,76,83" m="63599,49707" machi="76" ten="30,1000,0" yaku="19,1" doraHai="50" who="2" fromWho="0" sc="154,-10,344,0,214,20,278,0" /><INIT seed="5,0,0,4,0,45" ten="144,344,234,278" oya="1" hai0="77,110,82,86,71,31,88,64,80,27,114,75,26" hai1="84,126,20,30,92,25,79,32,56,5,122,128,85" hai2="51,60,17,115,65,11,135,22,78,43,6,35,100" hai3="49,90,99,48,108,52,118,106,24,134,58,50,132"/><U46/><E122/><V89/><F35/><W69/><G108/><T113/><D110/><U1/><E126/><V124/><F124/><W12/><G69/><T21/><REACH who="0" step="1"/><D26/><REACH who="0" ten="134,344,234,278" step="2"/><U0/><E25/><V3/><F135/><W119/><G24/><T18/><D18/><U112/><E30/><V10/><F17/><W37/><G132/><T105/><D105/><U14/><E5/><V131/><F6/><W54/><G106/><T101/><D101/><U76/><E128/><V28/><F100/><W53/><G134/><T57/><D57/><U74/><E56/><V104/><F28/><W111/><G58/><T121/><D121/><U33/><E33/><V4/><F104/><W59/><G59/><T47/><D47/><U7/><E46/><V61/><F131/><W63/><G111/><T8/><D8/><U44/><E44/><V70/><F10/><W42/><G118/><T9/><D9/><U34/><E7/><V2/><F11/><W123/><G119/><T87/><D87/><U68/><E84/><V95/><F4/><W93/><G123/><T97/><D97/><U72/><E85/><V39/><F70/><W107/><G107/><T130/><D130/><U109/><E68/><V16/><F16/><W41/><G12/><T29/><D29/><U55/><E14/><V40/><F22/><W125/><G125/><T102/><D102/><U73/><E20/><V13/><F13/><W129/><G129/><T38/><D38/><U66/><E32/><V103/><F39/><W94/><G37/><T133/><D133/><U15/><E34/><V98/><F103/><RYUUKYOKU ba="0,1" sc="134,30,344,-10,234,-10,278,-10" hai0="21,27,31,64,71,75,77,80,82,86,88,113,114" /><INIT seed="6,1,1,4,4,102" ten="164,334,224,268" oya="2" hai0="122,130,110,94,29,41,87,0,126,77,48,116,2" hai1="97,8,39,99,12,125,117,78,46,67,60,124,58" hai2="132,49,114,31,64,62,63,111,59,37,33,105,16" hai3="128,3,120,123,83,51,85,121,76,30,14,66,56"/><V88/><F37/><W98/><G3/><T15/><D110/><U131/><E117/><V38/><F38/><W108/><G108/><T80/><D122/><U42/><E78/><V36/><F36/><W10/><G30/><T113/><D116/><U84/><E84/><V112/><F111/><W57/><G128/><T68/><D68/><U75/><E75/><V103/><F132/><W95/><G66/><T9/><D130/><U5/><E131/><V19/><F49/><W55/><G56/><T106/><D113/><N who="2" m="43626" /><F88/><W22/><G22/><T101/><D29/><U54/><E67/><N who="2" m="39391" /><F33/><W65/><G65/><T81/><D81/><U82/><E82/><V134/><F31/><W45/><G45/><T115/><D115/><U53/><E54/><V50/><F50/><W6/><G121/><T73/><D126/><AGARI ba="1,1" hai="5,8,12,39,42,46,53,58,60,97,99,124,125,126" machi="126" ten="40,1300,0" yaku="18,1" doraHai="102" who="1" fromWho="0" sc="164,-16,334,26,224,0,268,0" /><INIT seed="7,0,0,5,2,66" ten="148,360,224,268" oya="3" hai0="52,14,101,37,113,27,15,56,130,105,38,67,41" hai1="32,114,106,65,83,119,102,12,3,53,61,23,88" hai2="128,84,116,48,58,31,82,134,57,9,123,124,8" hai3="98,0,22,103,20,18,93,107,19,76,135,74,120"/><W92/><G0/><T127/><D127/><U133/><E32/><V80/><F116/><W69/><G69/><T16/><D130/><U33/><E33/><V24/><F128/><W89/><G76/><T79/><D79/><U7/><E3/><V81/><F124/><W68/><G68/><T73/><D73/><U71/><E119/><V115/><F115/><W90/><G74/><T36/><D113/><U34/><E34/><V117/><F117/><W29/><G29/><T4/><D41/><U72/><E114/><V112/><F112/><W5/><G5/><T45/><D45/><U122/><E122/><V132/><F123/><W77/><G77/><T97/><D67/><U17/><E7/><V43/><F84/><W49/><G135/><N who="2" m="51753" /><F43/><W70/><G107/><T2/><D2/><U64/><E64/><V86/><F86/><W10/><G98/><T28/><D4/><U44/><E133/><V46/><F46/><W126/><G126/><T87/><D87/><U30/><E30/><V110/><F110/><W60/><G20/><T42/><D42/><U94/><E102/><V121/><F121/><W62/><G22/><T6/><D6/><U39/><E106/><V95/><F9/><W59/><G10/><T99/><D99/><U63/><E39/><V85/><F8/><W55/><G103/><T50/><REACH who="0" step="1"/><D28/><REACH who="0" ten="138,360,224,268" step="2"/><U35/><E44/><V108/><F31/><W40/><G40/><T131/><D131/><U47/><E47/><V75/><F85/><W125/><G125/><T118/><D118/><U129/><E129/><V13/><F75/><W109/><G120/><RYUUKYOKU ba="0,1" sc="138,30,360,-10,224,-10,268,-10" hai0="14,15,16,27,36,37,38,50,52,56,97,101,105" owari="168,-33.0,360,46.0,214,-19.0,258,6.0" /></mjloggm>