<mjloggm ver="2.3"><GO type="169" lobby="0"/><UN n0="%35%79%61" n1="%65%72%61%6E%76%69%74%61" n2="%E3%81%8F%E3%82%8D%E3%81%AF%E3%81%A1" n3="%E3%82%A6%E3%83%AB%E3%83%88%E3%83%A9%E7%AB%8B%E7%9B%B4" dan="16,16,16,17" rate="2091.66,2056.95,2104.50,2174.25" sx="M,M,M,M"/><TAIKYOKU oya="0"/><INIT seed="0,0,0,4,3,25" ten="250,250,250,250" oya="0" hai0="79,82,75,2,19,111,54,7,65,26,37,59,128" hai1="12,106,104,135,33,11,35,71,78,77,87,50,56" hai2="47,13,86,10,92,1,29,103,100,110,122,118,119" hai3="83,20,0,99,9,125,129,41,27,126,114,55,21"/><T49/><D128/><U131/><E71/><V95/><F1/><W14/><G41/><T39/><D111/><U63/><E50/><V84/><F122/><W73/><G99/><T85/><D65/><U98/><E131/><V130/><F130/><W48/><G129/><T28/><D19/><U67/><E135/><V6/><F110/><W24/><G0/><T61/><D75/><U115/><E115/><V38/><F92/><W68/><G68/><T72/><D72/><U74/><E87/><N who="2" m="33323" /><F29/><N who="3" m="17543" /><G83/><T17/><D17/><U81/><E77/><V97/><F95/><W127/><G73/><T134/><D134/><U121/><E121/><V69/><F97/><W94/><G94/><T53/><D7/><U117/><E117/><N who="2" m="44555" /><F69/><W22/><G114/><T116/><D2/><U96/><E96/><V52/><F38/><W57/><G27/><T44/><REACH who="0" step="1"/><D116/><REACH who="0" ten="240,250,250,250" step="2"/><U112/><E112/><V70/><F70/><W105/><G105/><T45/><D45/><U31/><E106/><V120/><F120/><W88/><G126/><T42/><D42/><U5/><E104/><V34/><F100/><W16/><G125/><T102/><D102/><U80/><E74/><V43/><F103/><W64/><G127/><T23/><AGARI ba="0,1" hai="23,26,28,37,39,44,49,53,54,59,61,79,82,85" machi="23" ten="20,7800,0" yaku="1,1,0,1,7,1,52,1,53,0" doraHai="25" doraHaiUra="3" who="0" fromWho="0" sc="240,88,250,-26,250,-26,250,-26" /><INIT seed="0,1,0,1,0,75" ten="328,224,224,224" oya="0" hai0="17,74,21,93,124,80,59,25,91,26,22,73,16" hai1="29,42,135,20,51,40,24,64,118,105,49,115,128" hai2="104,97,46,102,100,55,89,60,30,52,4,53,119" hai3="37,121,88,96,98,65,12,61,99,82,79,125,84"/><T107/><D107/><U27/><E105/><V87/><F102/><W0/><G0/><T10/><D124/><U15/><E118/><V134/><F134/><W122/><G37/><T117/><D117/><U106/><E106/><V109/><F119/><W103/><G12/><T127/><D127/><U9/><E64/><V110/><F30/><W18/><G18/><T95/><D10/><U1/><E1/><V31/><F31/><W50/><G50/><N who="1" m="18954" /><E135/><V62/><F4/><W35/><G35/><T32/><D32/><U36/><E36/><V78/><F46/><W48/><G48/><T47/><D47/><U63/><E63/><V28/><F28/><W3/><G3/><T6/><D6/><N who="1" m="3511" /><E128/><V34/><F34/><W76/><G125/><T11/><D11/><U69/><E69/><V43/><F43/><N who="1" m="16425" /><E115/><V120/><F120/><N who="3" m="46187" /><G103/><T123/><D123/><U44/><E27/><V81/><REACH who="2" step="1"/><F89/><REACH who="2" ten="328,224,214,224" step="2"/><W126/><G126/><T71/><D91/><U72/><E44/><V23/><F23/><W108/><G108/><AGARI ba="1,1" hai="52,53,55,60,62,78,81,87,97,100,104,108,109,110" machi="108" ten="40,8000,1" yaku="1,1,14,1,52,1,54,1,53,0" doraHai="75" doraHaiUra="14" who="2" fromWho="3" sc="328,0,224,0,214,93,224,-83" /><INIT seed="1,0,0,4,3,24" ten="328,224,307,141" oya="1" hai0="41,28,39,117,58,81,49,125,48,94,62,92,88" hai1="87,33,78,90,52,86,95,75,73,105,37,3,64" hai2="84,89,110,119,16,17,61,111,34,46,43,63,115" hai3="76,121,47,31,93,29,129,11,1,67,22,101,19"/><U12/><E3/><V18/><F119/><W55/><G121/><T112/><D117/><U72/><E37/><V5/><F5/><W120/><G120/><T15/><D112/><U113/><E64/><V30/><F115/><W130/><G76/><T106/><D106/><U126/><E33/><V27/><F84/><W23/><G67/><T96/><D125/><U8/><E113/><V36/><REACH who="2" step="1"/><F89/><REACH who="2" ten="328,224,297,141" step="2"/><W135/><G135/><T7/><D88/><N who="1" m="53663" /><E126/><V50/><F50/><N who="3" m="29151" /><G1/><T70/><D7/><N who="1" m="3103" /><E75/><V13/><F13/><N who="3" m="7615" /><G130/><T128/><D49/><U26/><E73/><V68/><F68/><W102/><G129/><T0/><D48/><U83/><E72/><V127/><F127/><W104/><G104/><T131/><D70/><U132/><E105/><V100/><F100/><N who="3" m="38507" /><G93/><T91/><D94/><U38/><E78/><V4/><F4/><W25/><G25/><T42/><D92/><U80/><E132/><V56/><F56/><W21/><AGARI ba="0,1" hai="21,22,23,29,31" m="38507,7615,29151" machi="21" ten="30,4000,0" yaku="8,1,52,2" doraHai="24" who="3" fromWho="3" sc="328,-10,224,-20,297,-10,141,50" /><INIT seed="2,0,0,0,1,91" ten="318,204,287,191" oya="2" hai0="125,124,86,76,5,9,117,30,29,102,83,103,13" hai1="24,94,93,40,98,72,119,57,96,61,131,49,95" hai2="126,118,129,6,75,38,50,55,3,132,99,1,44" hai3="0,25,62,114,115,32,34,22,54,8,74,2,89"/><V92/><F118/><W4/><G74/><T71/><D71/><U48/><E72/><V37/><F75/><W133/><G54/><T66/><D66/><U39/><E39/><V80/><F80/><W78/><G62/><T88/><D117/><U128/><E119/><V14/><F1/><W20/><G78/><T52/><D76/><U12/><E24/><V122/><F3/><W18/><G89/><T33/><D33/><N who="3" m="12905" /><G133/><T107/><D107/><U36/><E36/><V121/><F37/><W81/><G81/><T109/><D109/><U65/><E12/><V101/><F38/><W130/><G130/><N who="1" m="49706" /><E40/><V67/><F129/><W112/><G22/><T27/><D27/><U70/><E70/><V120/><F67/><W134/><G134/><T85/><D85/><U21/><E21/><V26/><F132/><W28/><G0/><T64/><D64/><U73/><E73/><V53/><F120/><W15/><G2/><T68/><D68/><U11/><E11/><N who="2" m="4471" /><F121/><W84/><G84/><T16/><D5/><AGARI ba="0,0" hai="4,5,8,15,18,20,25,28,112,114,115" m="12905" machi="5" ten="40,5200,0" yaku="11,1,34,2" doraHai="91" who="3" fromWho="0" sc="318,-52,204,0,287,0,191,52" /><INIT seed="3,0,0,1,0,0" ten="266,204,287,243" oya="3" hai0="55,84,115,38,85,72,49,104,58,126,124,78,110" hai1="29,31,70,120,77,95,59,44,80,27,74,125,100" hai2="131,25,106,128,36,81,86,105,67,8,21,133,6" hai3="15,119,130,47,43,50,92,71,82,63,118,114,35"/><W73/><G114/><T132/><D115/><U64/><E70/><V53/><F36/><W3/><G3/><T5/><D38/><U10/><E120/><V56/><F67/><W20/><G35/><T16/><D104/><U37/><E125/><N who="0" m="48233" /><D110/><U109/><E109/><V135/><F105/><W97/><G130/><N who="2" m="49705" /><F106/><W13/><G71/><T121/><D121/><U1/><E27/><V96/><F96/><W111/><G111/><T61/><D132/><U75/><E75/><V9/><F9/><W103/><G63/><T69/><D5/><N who="1" m="1327" /><E59/><V11/><F11/><W62/><G62/><T90/><D90/><U107/><E64/><V34/><F34/><W19/><REACH who="3" step="1"/><G13/><REACH who="3" ten="266,204,287,233" step="2"/><T54/><D69/><U94/><E29/><V127/><F127/><W102/><G102/><T66/><D61/><U134/><E31/><V89/><F133/><W28/><G28/><T2/><D2/><U42/><E134/><V41/><F135/><W65/><G65/><T51/><D66/><U117/><E117/><V32/><F32/><W4/><G4/><T76/><D16/><U87/><E100/><V17/><F6/><W45/><G45/><T91/><D58/><U129/><E129/><V46/><F56/><W23/><G23/><T24/><D24/><U57/><E57/><V83/><F8/><W122/><G122/><T113/><D113/><U30/><E30/><V7/><F7/><W79/><AGARI ba="0,1" hai="15,19,20,43,47,50,73,79,82,92,97,103,118,119" machi="79" ten="30,3000,0" yaku="1,1,0,1,53,0" doraHai="0" doraHaiUra="123" who="3" fromWho="3" sc="266,-10,204,-10,287,-10,233,40" /><INIT seed="3,1,0,4,5,103" ten="256,194,277,273" oya="3" hai0="35,85,10,23,76,79,2,69,7,86,12,15,135" hai1="36,60,31,47,132,128,89,90,107,116,65,9,34" hai2="87,130,52,61,84,98,64,27,106,101,49,40,124" hai3="74,108,81,127,126,118,129,110,71,99,91,24,75"/><W93/><G71/><T56/><D135/><U77/><E132/><V68/><F124/><N who="3" m="47659" /><G118/><T38/><D69/><U115/><E77/><V105/><F130/><W72/><G24/><T14/><D38/><U33/><E128/><V44/><F106/><W97/><G129/><T13/><D35/><U134/><E134/><V32/><F40/><W95/><G81/><T83/><D56/><U19/><E31/><AGARI ba="1,0" hai="27,31,32,44,49,52,61,64,68,84,87,98,101,105" machi="31" ten="40,8000,1" yaku="25,2,52,1,54,1" doraHai="103" who="2" fromWho="1" sc="256,0,194,-83,277,83,273,0" /><INIT seed="4,0,0,2,0,126" ten="256,111,360,273" oya="0" hai0="76,23,89,12,38,79,115,22,9,133,17,121,52" hai1="46,106,67,19,112,0,49,125,99,132,3,95,54" hai2="119,30,75,102,103,78,135,32,92,58,91,34,66" hai3="128,26,48,5,8,124,97,123,117,2,14,108,21"/><T98/><D121/><U50/><E106/><V7/><F7/><W27/><G117/><T114/><D133/><U130/><E112/><N who="0" m="43049" /><D38/><U39/><E39/><V81/><F135/><W109/><G48/><T11/><D23/><U70/><E125/><V36/><F36/><W111/><G97/><T71/><D71/><U118/><E118/><V42/><F42/><W20/><G124/><T57/><D98/><U45/><E132/><V47/><F47/><W16/><G123/><T104/><D89/><U6/><E70/><V110/><F34/><W127/><G127/><T56/><D104/><U35/><E35/><V72/><F91/><W18/><G128/><T28/><D57/><U87/><E67/><V43/><F58/><W120/><G120/><T65/><D65/><U94/><E87/><V61/><F32/><W51/><G51/><N who="0" m="30751" /><D28/><U60/><E130/><V90/><F30/><W29/><G29/><T134/><D134/><U33/><E60/><V100/><F61/><W1/><AGARI ba="0,0" hai="1,2,5,8,14,16,18,20,21,26,27,108,109,111" machi="1" ten="40,12000,2" yaku="0,1,9,1,34,3,54,1" doraHai="126" who="3" fromWho="3" sc="256,-60,111,-30,360,-30,273,120" /><INIT seed="5,0,0,3,4,74" ten="196,81,330,393" oya="1" hai0="93,27,2,70,124,90,58,118,76,116,107,67,60" hai1="30,49,16,86,42,63,108,103,54,43,33,21,127" hai2="69,41,78,84,45,57,110,62,20,83,119,75,80" hai3="4,117,121,79,61,65,23,22,77,14,9,100,135"/><U98/><E127/><V126/><F110/><W12/><G121/><T123/><D123/><U44/><E108/><V115/><F126/><W5/><G135/><T82/><D107/><U29/><E86/><V104/><F104/><W3/><G3/><T10/><D124/><U99/><E99/><V48/><F115/><W111/><G111/><T26/><D70/><U72/><E72/><V39/><F119/><W129/><G129/><T71/><D71/><U106/><E33/><V94/><F94/><W11/><G100/><T0/><D118/><U59/><REACH who="1" step="1"/><E43/><REACH who="1" ten="196,71,330,393" step="2"/><V125/><F125/><W97/><G97/><T15/><D116/><U38/><E38/><V8/><F39/><W50/><G117/><T36/><D36/><U1/><E1/><V51/><F84/><W56/><G50/><T120/><D0/><U128/><E128/><V53/><F48/><W13/><G13/><AGARI ba="0,1" hai="13,16,21,29,30,42,44,49,54,59,63,98,103,106" machi="13" ten="30,12000,1" yaku="1,1,7,1,54,1,53,2" doraHai="74" doraHaiUra="25" who="1" fromWho="3" sc="196,0,71,130,330,0,393,-120" /><INIT seed="5,1,0,1,2,10" ten="196,201,330,273" oya="1" hai0="24,64,93,128,68,60,103,127,85,32,6,134,34" hai1="121,123,78,105,91,49,109,30,13,102,33,0,58" hai2="48,87,80,66,5,133,70,28,135,92,107,2,81" hai3="94,41,26,120,19,35,126,11,7,52,54,67,4"/><U124/><E0/><V104/><F28/><W106/><G106/><T17/><D128/><U50/><E78/><V63/><F2/><W9/><G120/><T125/><D134/><N who="2" m="51210" /><F5/><W117/><G126/><N who="0" m="48139" /><D6/><U115/><E115/><V51/><F92/><W130/><G130/><T55/><D55/><U31/><E109/><V65/><F65/><W73/><G73/><T118/><D118/><U132/><E132/><V61/><F61/><W44/><G94/><T96/><D85/><U1/><E124/><V25/><F25/><W101/><G101/><T12/><D24/><U29/><E1/><V84/><F84/><W129/><G67/><T79/><D79/><U122/><E33/><V82/><F87/><W111/><G111/><T40/><D40/><U16/><E58/><V3/><F3/><W42/><G42/><T97/><D97/><U36/><E91/><V77/><F77/><W46/><G41/><T83/><D83/><U47/><E102/><V43/><F43/><W116/><G35/><T95/><D95/><U23/><REACH who="1" step="1"/><E105/><AGARI ba="1,0" hai="48,51,63,66,70,80,81,82,104,105,107" m="51210" machi="105" ten="40,1300,0" yaku="20,1" doraHai="10" who="2" fromWho="1" sc="196,0,201,-16,330,16,273,0" /><INIT seed="6,0,0,1,3,38" ten="196,185,346,273" oya="2" hai0="22,3,36,54,51,93,26,12,2,35,100,122,129" hai1="77,132,95,62,30,47,41,6,101,114,71,75,131" hai2="7,10,49,32,70,110,104,18,116,69,108,8,58" hai3="28,96,65,115,29,94,83,44,78,107,5,74,67"/><V82/><F104/><W126/><G126/><T48/><D36/><U50/><E114/><V61/><F32/><W27/><G115/><T46/><D122/><U133/><E6/><V33/><F33/><W1/><G107/><T102/><D129/><U25/><E131/><V63/><F116/><W56/><G28/><T76/><D76/><U52/><E75/><V37/><F37/><W84/><G74/><T4/><D35/><U91/><E77/><V81/><F49/><W23/><G1/><T128/><D128/><U45/><E101/><V34/><F34/><W99/><G5/><T24/><D24/><U85/><E71/><V88/><F18/><W124/><G124/><T134/><D134/><N who="1" m="51819" /><E62/><V97/><F61/><W121/><G121/><T127/><D127/><U130/><E130/><V57/><F63/><W20/><G65/><T135/><D135/><U106/><E106/><V13/><F7/><W86/><G67/><T14/><D2/><U72/><E72/><V87/><F69/><W112/><G112/><T89/><D3/><U39/><E39/><V120/><F70/><W31/><G78/><T15/><D4/><U90/><E90/><V64/><F64/><W66/><G66/><T111/><D111/><U40/><E47/><V103/><F110/><W16/><G44/><T19/><REACH who="0" step="1"/><D51/><REACH who="0" ten="186,185,346,273" step="2"/><U68/><E68/><V113/><F108/><W80/><G27/><T117/><D117/><U42/><E25/><V119/><F119/><W9/><G31/><AGARI ba="0,1" hai="30,31,40,41,42,45,50,52,85,91,95" m="51819" machi="31" ten="30,8000,1" yaku="20,1,52,3,54,1" doraHai="38" who="1" fromWho="3" sc="186,0,185,90,346,0,273,-80" /><INIT seed="7,0,0,5,3,89" ten="186,275,346,193" oya="3" hai0="6,63,14,67,110,58,113,64,105,21,100,121,57" hai1="62,41,59,12,94,95,48,71,124,108,116,127,50" hai2="87,44,120,134,39,103,42,1,34,112,78,2,123" hai3="84,80,10,119,118,9,51,18,91,52,129,75,107"/><W5/><G129/><T83/><D121/><U27/><E71/><V22/><F34/><W3/><G107/><T133/><D110/><U92/><E116/><V23/><F103/><W55/><G75/><T73/><D133/><U35/><E108/><V85/><F134/><W111/><G111/><T79/><D113/><U45/><E12/><V126/><F112/><W36/><G36/><T19/><D6/><U69/><E69/><V15/><F1/><W70/><G70/><T17/><D17/><U128/><E128/><V74/><F2/><W24/><G55/><T99/><D67/><U104/><E104/><V0/><F0/><W38/><G38/><T31/><D31/><U125/><E27/><V122/><F126/><W53/><G53/><T54/><D54/><N who="1" m="34167" /><E35/><V96/><F74/><W76/><G76/><T97/><D97/><U29/><E29/><V115/><F78/><W46/><G24/><T102/><D102/><U82/><E82/><V56/><F115/><W131/><G131/><T49/><D49/><AGARI ba="0,0" hai="41,45,48,49,50,92,94,95,124,125,127" m="34167" machi="49" ten="40,8000,1" yaku="18,1,52,3" doraHai="89" who="1" fromWho="0" sc="186,-80,275,80,346,0,193,0" owari="106,-39.0,355,45.0,346,15.0,193,-21.0" /></mjloggm>