<mjloggm ver="2.3"><GO type="41" lobby="0"/><UN n0="%6B%2D%62%6D%77" n1="%E3%81%97%E3%83%BC%E3%81%BA%E3%81%B5" n2="%E6%82%B2%E3%81%97%E3%81%BF%E3%81%AE%E9%83%BD%E4%BC%9A%E7%A0%82%E6%BC%A0" n3="%E5%B0%B1%E6%B4%BB%E7%94%9F%40%E5%B7%9D%E6%9D%91%E8%BB%8D%E5%9B%A3" dan="14,15,13,14" rate="1844.51,1909.08,1841.78,1954.48" sx="M,M,F,M"/><TAIKYOKU oya="0"/><INIT seed="0,0,0,0,4,123" ten="250,250,250,250" oya="0" hai0="103,48,43,84,121,89,109,112,14,93,55,101,50" hai1="20,67,7,62,21,71,70,44,113,72,78,135,110" hai2="25,66,51,16,29,31,76,134,132,120,4,100,23" hai3="80,32,52,47,106,98,90,40,8,77,128,104,36"/><T57/><D121/><U58/><E135/><N who="2" m="51755" /><F120/><W13/><G128/><T49/><D112/><U111/><E113/><V27/><F4/><W59/><G32/><T34/><D34/><U92/><E7/><V79/><F100/><N who="0" m="38474" /><D109/><N who="1" m="41483" /><E92/><V24/><F66/><W11/><G90/><T1/><D1/><U124/><E44/><V39/><F39/><W129/><G98/><T86/><D86/><U26/><E124/><V81/><F51/><N who="0" m="19530" /><D14/><U61/><E61/><V10/><F10/><W64/><G11/><T95/><D95/><U118/><E118/><V41/><F41/><AGARI ba="0,0" hai="41,43,50,55,57,84,89,93" m="19530,38474" machi="41" ten="30,1500,0" yaku="8,1" doraHai="123" who="0" fromWho="2" sc="250,15,250,0,250,-15,250,0" /><INIT seed="0,1,0,5,1,84" ten="265,250,235,250" oya="0" hai0="23,95,50,103,14,73,21,78,94,72,47,31,74" hai1="59,123,58,98,121,28,22,114,33,29,24,135,55" hai2="129,48,80,18,101,60,20,104,66,120,65,105,87" hai3="57,118,41,6,9,30,49,127,128,26,82,3,51"/><T13/><D103/><U113/><E135/><V43/><F120/><W116/><G127/><T70/><D70/><U12/><E98/><V108/><F108/><W32/><G128/><T97/><D78/><U106/><E106/><V83/><F129/><W40/><G40/><T93/><D97/><U132/><E132/><V100/><F43/><W92/><G51/><T39/><D39/><U86/><E86/><V126/><F126/><W111/><G111/><T52/><REACH who="0" step="1"/><D31/><REACH who="0" ten="255,250,235,250" step="2"/><U5/><E29/><V34/><F101/><W124/><G30/><T131/><D131/><U133/><E133/><V63/><F100/><W16/><G124/><T119/><D119/><U79/><E79/><V27/><F104/><W69/><G69/><T99/><D99/><U112/><E33/><V10/><F105/><W19/><G32/><T42/><D42/><U56/><E121/><V102/><F102/><W0/><G41/><T2/><D2/><U91/><E123/><V77/><F34/><W8/><G0/><T67/><D67/><U89/><E55/><V36/><F36/><W134/><G3/><T96/><D96/><U25/><E24/><V62/><F77/><W1/><G26/><T81/><D81/><U61/><E61/><V76/><F83/><W109/><G82/><T115/><D115/><U68/><E68/><V17/><F48/><W44/><G1/><T4/><D4/><U71/><E71/><V11/><F18/><W125/><G6/><T130/><D130/><U38/><E38/><V45/><F45/><W53/><G118/><T46/><D46/><U90/><E113/><RYUUKYOKU ba="1,1" sc="255,10,250,10,235,10,250,-30" hai0="13,14,21,23,47,50,52,72,73,74,93,94,95" hai1="5,12,22,25,28,56,58,59,89,90,91,112,114" hai2="10,11,17,20,27,60,62,63,65,66,76,80,87" /><INIT seed="0,2,1,2,0,102" ten="265,260,245,220" oya="0" hai0="3,25,82,80,111,99,10,53,26,98,24,107,9" hai1="68,55,84,125,130,13,29,103,95,75,104,61,32" hai2="64,106,96,41,7,16,108,66,77,14,28,19,12" hai3="15,112,117,105,109,135,1,86,33,35,11,49,76"/><T37/><D37/><U97/><E75/><V116/><F108/><W110/><G1/><T58/><D111/><N who="3" m="42505" /><G117/><T118/><D118/><U27/><E125/><V85/><F116/><W20/><G112/><T87/><D3/><U47/><E130/><V89/><F77/><W21/><G135/><T59/><D107/><U74/><E74/><V62/><F28/><W30/><G49/><T23/><D23/><N who="3" m="8777" /><G105/><T54/><D26/><U18/><E95/><V94/><F41/><W121/><G121/><T83/><D83/><U43/><E84/><AGARI ba="2,1" hai="9,10,24,25,53,54,58,59,80,82,84,87,98,99" machi="84" ten="25,4800,0" yaku="22,2,8,1" doraHai="102" who="0" fromWho="1" sc="265,64,260,-54,245,0,220,0" /><INIT seed="0,3,0,0,3,99" ten="329,206,245,220" oya="0" hai0="33,25,83,14,106,30,115,77,69,105,65,67,44" hai1="56,120,63,107,123,40,5,2,24,17,58,41,119" hai2="134,103,6,129,64,8,124,104,78,50,80,70,32" hai3="94,116,36,87,34,130,110,27,93,12,131,127,23"/><T43/><D115/><U91/><E107/><N who="0" m="40969" /><D14/><U60/><E119/><V42/><F134/><W1/><G36/><N who="0" m="21607" /><D67/><U53/><E5/><V125/><F129/><N who="3" m="49163" /><G1/><T9/><D65/><U133/><E2/><N who="2" m="87" /><F32/><W66/><G116/><T47/><D47/><U61/><E133/><V15/><F15/><W19/><G110/><T85/><D9/><U55/><E91/><V122/><F42/><N who="1" m="16489" /><E24/><V79/><F50/><W31/><G127/><T81/><D81/><U97/><E17/><V88/><F64/><W7/><G66/><T111/><D85/><U52/><E97/><V28/><F124/><W113/><G113/><T68/><D111/><U48/><E48/><V92/><F125/><W37/><G37/><T39/><D39/><U21/><E21/><V62/><F62/><W117/><G117/><T51/><D51/><U101/><E101/><V118/><F103/><W45/><G45/><T100/><D100/><U4/><E4/><V10/><F118/><W73/><G73/><N who="0" m="43439" /><D68/><U108/><E108/><V102/><F70/><W20/><G7/><T13/><D69/><U112/><E112/><V109/><F109/><W128/><N who="3" m="49171" /><W135/><DORA hai="82" /><G135/><T22/><D13/><U49/><E49/><V38/><F38/><W35/><G94/><T18/><D22/><U121/><AGARI ba="3,0" hai="52,53,55,56,58,60,61,63,120,121,123" m="16489" machi="121" ten="40,12000,2" yaku="29,2,28,2,34,2,54,1" doraHai="99,82" who="1" fromWho="1" sc="329,-63,206,129,245,-33,220,-33" /><INIT seed="1,0,0,5,4,12" ten="266,335,212,187" oya="1" hai0="132,19,99,80,133,115,34,25,86,60,2,27,47" hai1="52,94,50,3,118,26,104,96,92,74,49,54,65" hai2="56,64,48,134,83,32,70,106,85,105,89,13,37" hai3="101,45,51,29,61,128,33,110,21,82,109,14,24"/><U77/><E118/><V73/><F37/><W120/><G120/><T38/><D115/><U81/><E3/><V46/><F134/><N who="0" m="51818" /><D2/><U16/><E104/><V30/><F70/><W117/><G117/><T114/><D114/><U42/><E65/><V72/><F105/><W67/><G128/><T36/><D99/><U62/><E62/><V90/><F106/><W126/><G126/><T124/><D124/><U58/><E42/><V103/><F103/><W78/><G101/><T59/><D47/><U63/><E63/><V44/><F64/><W0/><G0/><T88/><D27/><U43/><E43/><V84/><F56/><W71/><G14/><T57/><D57/><U18/><E92/><V113/><F113/><W6/><G6/><T1/><D1/><U22/><E54/><V8/><F32/><W69/><G69/><T28/><D19/><U66/><E66/><AGARI ba="0,0" hai="25,28,34,36,38,59,60,66,80,86,88" m="51818" machi="66" ten="30,2000,0" yaku="20,1,54,1" doraHai="12" who="0" fromWho="1" sc="266,20,335,-20,212,0,187,0" /><INIT seed="2,0,0,4,5,0" ten="286,315,212,187" oya="2" hai0="79,113,1,26,52,42,90,51,43,44,130,29,74" hai1="19,81,122,75,126,50,6,35,56,85,11,58,78" hai2="117,92,119,89,12,54,25,61,83,39,134,70,22" hai3="16,23,99,21,120,13,95,20,131,100,82,2,9"/><V94/><F39/><W60/><G120/><T38/><D130/><U96/><E126/><V71/><F134/><W127/><G131/><T80/><D113/><U124/><E35/><V129/><F129/><W101/><G127/><T135/><D135/><U49/><E124/><V8/><F119/><W84/><G60/><T97/><D1/><U91/><E122/><V125/><F117/><W24/><G2/><T103/><D90/><U88/><E91/><V30/><F125/><W114/><G101/><T65/><D65/><U68/><E68/><V33/><F33/><W31/><REACH who="3" step="1"/><G114/><REACH who="3" ten="286,315,212,177" step="2"/><T7/><D38/><U32/><E50/><V73/><F71/><W59/><G59/><T77/><D77/><AGARI ba="0,1" hai="9,13,16,20,21,23,24,31,77,82,84,95,99,100" machi="77" ten="30,7700,0" yaku="1,1,7,1,8,1,54,1,53,0" doraHai="0" doraHaiUra="123" who="3" fromWho="0" sc="286,-77,315,0,212,0,177,87" /><INIT seed="3,0,0,1,3,57" ten="209,315,212,264" oya="3" hai0="2,9,37,110,17,82,8,5,89,106,70,56,95" hai1="52,124,115,67,91,83,126,48,14,105,45,93,28" hai2="94,30,20,69,73,7,19,96,72,98,100,58,55" hai3="32,108,22,59,36,27,34,42,63,71,11,62,26"/><W25/><G108/><T130/><D70/><U99/><E115/><V134/><F134/><W86/><G71/><T33/><D37/><U47/><E28/><V66/><F7/><W102/><G34/><T31/><D106/><U12/><E83/><V112/><F112/><W44/><G32/><T23/><D82/><U90/><E105/><V13/><F30/><W43/><G43/><T135/><D56/><U51/><E67/><V49/><REACH who="2" step="1"/><F96/><REACH who="2" ten="209,315,202,264" step="2"/><W38/><G38/><T10/><D135/><U50/><E124/><V97/><F97/><W120/><G120/><T132/><D132/><U117/><E117/><V39/><F39/><W74/><G74/><T76/><D110/><U24/><E126/><V104/><F104/><W0/><G102/><T68/><D33/><U122/><E122/><V116/><F116/><W109/><G109/><T65/><D31/><U113/><E113/><V114/><F114/><W81/><G22/><T103/><D103/><U87/><E99/><V107/><F107/><W131/><G131/><T129/><D23/><U111/><E111/><V119/><F119/><W75/><G75/><T78/><D78/><U4/><E4/><V46/><F46/><W29/><G29/><T101/><D76/><U16/><E47/><V125/><F125/><W53/><G11/><T15/><D101/><U18/><E45/><V40/><F40/><W54/><G0/><T128/><D8/><U133/><E133/><V64/><F64/><W61/><REACH who="3" step="1"/><G59/><REACH who="3" ten="209,315,202,254" step="2"/><T21/><D10/><U84/><E90/><AGARI ba="0,2" hai="25,26,27,36,42,44,53,54,61,62,63,81,86,90" machi="90" ten="40,12000,1" yaku="1,1,2,1,52,3,53,0" doraHai="57" doraHaiUra="35" who="3" fromWho="1" sc="209,0,315,-120,202,0,254,140" /><INIT seed="3,1,0,2,5,75" ten="209,195,202,394" oya="3" hai0="73,21,64,0,28,3,79,113,69,20,61,18,117" hai1="43,126,5,6,60,122,94,57,132,92,121,99,30" hai2="35,24,131,16,103,23,72,71,49,44,87,32,128" hai3="119,110,62,46,123,63,47,111,41,127,90,107,27"/><W66/><G107/><T134/><D117/><U51/><E126/><V95/><F72/><W31/><G123/><T91/><D134/><U42/><E132/><V89/><F71/><W37/><G119/><T85/><D113/><U56/><E30/><V102/><F102/><W116/><G116/><T108/><D108/><N who="3" m="41513" /><G127/><T2/><D28/><U9/><E51/><V130/><REACH who="2" step="1"/><F103/><REACH who="2" ten="209,195,192,394" step="2"/><W93/><G66/><T38/><D73/><U59/><E122/><V55/><AGARI ba="1,1" hai="16,23,24,32,35,44,49,55,87,89,95,128,130,131" machi="55" ten="30,8000,1" yaku="1,1,2,1,0,1,19,1,54,1,53,0" doraHai="75" doraHaiUra="11" who="2" fromWho="2" sc="209,-21,195,-21,192,93,394,-41" /><INIT seed="4,0,0,4,5,53" ten="188,174,285,353" oya="0" hai0="51,107,91,110,115,124,48,112,105,99,10,76,106" hai1="61,57,77,11,14,83,42,88,131,108,55,67,2" hai2="123,9,134,22,93,121,119,66,4,62,127,50,81" hai3="130,90,30,111,35,0,104,65,86,84,31,113,49"/><T117/><D117/><U122/><E108/><V103/><F119/><W7/><G104/><T72/><D110/><U132/><E2/><V25/><F134/><W114/><G111/><T120/><D10/><U26/><E122/><V89/><F127/><W94/><G130/><T8/><D8/><U21/><E131/><V32/><F32/><W37/><G37/><T23/><D124/><U19/><E132/><V128/><F128/><W20/><G35/><T75/><D120/><U16/><E42/><V64/><F50/><N who="0" m="18986" /><D23/><U101/><E101/><V95/><F81/><W118/><G118/><T59/><D59/><U28/><E28/><V13/><F103/><W126/><G0/><T96/><D91/><U27/><E27/><V60/><F121/><W80/><G7/><T87/><D87/><N who="1" m="50303" /><E77/><V100/><F123/><W1/><G1/><T71/><D76/><U133/><E133/><V78/><F78/><N who="3" m="46103" /><G20/><T69/><D99/><U46/><E46/><V70/><F100/><W43/><G126/><T44/><D96/><U40/><E40/><V135/><F135/><W56/><G43/><T45/><D44/><U36/><E36/><V24/><F24/><W82/><G82/><T74/><D45/><U15/><E15/><V29/><F89/><W68/><G30/><T102/><D102/><U33/><E33/><V97/><F97/><W38/><G31/><T109/><D109/><U52/><AGARI ba="0,0" hai="11,14,16,19,21,26,52,55,57,61,67" m="50303" machi="52" ten="30,8000,1" yaku="8,1,52,1,54,3" doraHai="53" who="1" fromWho="1" sc="188,-40,174,80,285,-20,353,-20" /><INIT seed="5,0,0,5,4,79" ten="148,254,265,333" oya="1" hai0="15,46,86,122,69,31,43,91,102,57,81,29,134" hai1="5,93,103,32,132,24,120,78,14,28,6,121,109" hai2="52,49,22,72,59,30,35,51,107,130,47,104,88" hai3="123,37,34,33,125,84,3,67,19,101,25,85,41"/><U114/><E132/><V106/><F72/><W27/><G3/><T63/><D134/><U8/><E109/><V73/><F73/><W65/><G123/><N who="1" m="47178" /><E78/><V117/><F117/><W87/><G125/><T9/><D122/><U58/><E58/><V7/><F7/><W100/><G19/><T77/><D69/><U42/><E42/><V11/><F11/><W131/><G131/><T13/><D102/><N who="3" m="39529" /><G41/><T45/><D91/><U71/><E93/><V20/><F130/><W75/><G75/><T94/><D94/><U68/><E103/><V23/><F35/><N who="3" m="13323" /><G37/><T96/><D96/><U89/><E89/><V38/><F38/><W56/><G56/><T70/><D70/><U133/><E133/><V111/><F111/><W118/><G118/><T119/><D119/><U17/><E71/><V124/><F124/><W62/><G62/><T44/><D43/><U92/><E92/><V135/><F135/><W18/><G18/><T97/><D97/><U40/><E40/><V113/><F104/><W129/><G129/><T126/><D126/><U108/><E68/><V36/><F107/><W105/><G105/><T112/><D112/><U66/><E114/><V116/><F113/><W128/><G128/><T60/><D60/><U76/><E76/><V54/><F36/><W53/><G53/><T1/><D63/><U74/><E74/><V64/><F106/><W110/><G110/><T83/><D57/><U55/><E55/><V12/><F116/><W10/><G10/><T50/><D9/><U98/><E108/><V16/><F64/><AGARI ba="0,0" hai="25,27,64,65,67,84,85,87" m="13323,39529" machi="64" ten="40,2600,0" yaku="28,2" doraHai="79" who="3" fromWho="2" sc="148,0,254,0,265,-26,333,26" /><INIT seed="6,0,0,4,0,4" ten="148,254,239,359" oya="2" hai0="31,34,74,46,28,21,2,108,7,81,88,117,110" hai1="90,85,47,119,64,65,86,129,3,16,97,100,96" hai2="68,69,128,22,9,62,76,32,6,71,112,52,107" hai3="54,79,59,26,29,122,33,92,14,77,1,126,78"/><V132/><F32/><W84/><G1/><T66/><D66/><U61/><E119/><V103/><F112/><W95/><G122/><T13/><D74/><U41/><E3/><V24/><F132/><W67/><G126/><T5/><D46/><U17/><E129/><V20/><F128/><W45/><G67/><T10/><D81/><U115/><E115/><V105/><F76/><W63/><G84/><T82/><D82/><U25/><E25/><V131/><F131/><W80/><G80/><T109/><D88/><U93/><E97/><V42/><F42/><W55/><G14/><T120/><D120/><U121/><E121/><V37/><F37/><W111/><G111/><T44/><D44/><U0/><E0/><V73/><F73/><W23/><G33/><T94/><D94/><U30/><E30/><V104/><F103/><W58/><G45/><T38/><D38/><U19/><E61/><AGARI ba="0,0" hai="23,26,29,54,55,58,59,61,63,77,78,79,92,95" machi="61" ten="40,2600,0" yaku="9,1,8,1" doraHai="4" who="3" fromWho="1" sc="148,0,254,-26,239,0,359,26" /><INIT seed="7,0,0,5,5,53" ten="148,228,239,385" oya="3" hai0="81,55,127,116,13,73,94,122,68,112,98,16,37" hai1="0,41,87,101,5,20,92,47,100,45,123,86,24" hai2="107,39,66,124,111,48,97,74,133,59,49,38,54" hai3="91,7,2,1,89,14,114,8,25,115,46,15,22"/><W51/><G14/><T56/><D68/><U27/><E123/><V50/><F74/><W29/><G91/><T120/><D116/><U126/><E5/><V125/><F111/><W76/><G89/><T90/><D127/><N who="2" m="48714" /><F133/><W69/><G69/><T61/><D112/><N who="3" m="43049" /><G76/><T12/><D37/><N who="2" m="13834" /><F66/><W130/><G130/><T67/><D67/><U77/><E0/><V28/><F28/><W33/><G33/><T102/><D12/><U80/><E126/><V58/><F54/><AGARI ba="0,0" hai="1,2,7,8,15,22,25,29,46,51,54" m="43049" machi="54" ten="30,1500,0" yaku="15,1" doraHai="53" who="3" fromWho="2" sc="148,0,228,0,239,-15,385,15" owari="148,-35.0,228,3.0,224,-18.0,400,50.0" /></mjloggm>