<mjloggm ver="2.3"><GO type="41" lobby="0"/><UN n0="%46%52%4B%5A" n1="%E5%B0%B1%E6%B4%BB%E7%94%9F%40%E5%B7%9D%E6%9D%91%E8%BB%8D%E5%9B%A3" n2="%73%61%64%61%6B%75%72%6F" n3="%E3%81%8F%E3%82%8D%E3%81%AD%E3%81%93%EF%BC%A0" dan="13,16,15,15" rate="1915.23,2072.74,1968.56,1952.89" sx="F,M,M,F"/><TAIKYOKU oya="0"/><INIT seed="0,0,0,5,5,56" ten="250,250,250,250" oya="0" hai0="120,21,15,79,43,119,91,68,23,93,69,20,135" hai1="80,33,65,112,82,77,42,66,118,14,76,103,109" hai2="83,8,100,90,25,114,116,13,75,89,54,38,92" hai3="41,30,18,70,51,99,63,131,133,52,128,19,29"/><T106/><D119/><U35/><E42/><V22/><F114/><W105/><G133/><T62/><D120/><U97/><E112/><V16/><F38/><W81/><G81/><T36/><D106/><U71/><E118/><V12/><F116/><W123/><G41/><T39/><D135/><U113/><E113/><V5/><F75/><W40/><G40/><T67/><D79/><U115/><E109/><V85/><F100/><W104/><G123/><T31/><D43/><U87/><E115/><V107/><F107/><W47/><G104/><T10/><D31/><N who="3" m="11785" /><G99/><T44/><D44/><U122/><E14/><V24/><REACH who="2" step="1"/><F54/><REACH who="2" ten="250,250,240,250" step="2"/><N who="3" m="30079" /><G105/><T11/><D36/><U2/><E122/><V58/><F58/><N who="3" m="35271" /><G70/><T1/><D39/><U84/><E71/><V50/><F50/><W95/><G131/><T124/><D68/><U126/><E126/><V27/><F27/><W88/><G128/><T7/><D124/><U3/><E103/><V102/><F102/><W73/><G73/><T55/><D55/><U57/><E57/><V28/><F28/><W110/><G110/><T26/><D26/><U49/><E49/><V60/><F60/><W59/><G59/><T64/><D69/><U34/><E34/><V72/><F72/><W96/><AGARI ba="0,1" hai="18,19,88,95,96" m="35271,30079,11785" machi="96" ten="30,7900,0" yaku="8,1,52,1,54,2" doraHai="56" who="3" fromWho="3" sc="250,-39,250,-20,240,-20,250,89" /><INIT seed="1,0,0,4,3,102" ten="211,230,220,339" oya="1" hai0="19,129,68,61,122,98,28,83,101,124,100,121,64" hai1="11,6,95,35,0,40,2,96,30,105,10,128,73" hai2="70,16,26,12,82,7,57,120,123,89,13,115,99" hai3="27,132,33,92,94,126,17,133,107,4,88,90,54"/><U86/><E128/><V24/><F70/><W118/><G4/><T65/><D19/><U80/><E73/><V97/><F115/><W43/><G126/><T8/><D124/><U134/><E134/><N who="3" m="51818" /><G118/><T52/><D8/><U23/><E35/><V25/><F120/><N who="0" m="46186" /><D28/><U41/><E105/><V45/><F123/><W108/><G107/><N who="0" m="63895" /><D83/><U114/><E114/><V59/><F45/><W125/><G125/><T63/><D101/><U20/><E2/><V74/><F7/><W91/><G108/><T29/><D29/><U79/><E11/><N who="2" m="6175" /><F13/><W112/><G33/><T32/><D32/><U62/><E62/><V110/><F74/><W49/><G43/><T44/><D129/><U78/><E78/><V31/><F31/><W69/><G69/><N who="0" m="42127" /><D44/><U9/><E9/><V135/><F135/><W53/><G112/><T117/><D52/><U22/><REACH who="1" step="1"/><E30/><REACH who="1" ten="211,220,220,339" step="2"/><V21/><F21/><N who="3" m="13743" /><G54/><T56/><D117/><U72/><E72/><V37/><F110/><W51/><G53/><T58/><AGARI ba="0,1" hai="56,58,63,65,68" m="42127,63895,46186" machi="58" ten="30,2000,0" yaku="13,1,52,1" doraHai="102" who="0" fromWho="0" sc="211,30,220,-10,220,-5,339,-5" /><INIT seed="2,0,0,1,4,63" ten="241,210,215,334" oya="2" hai0="34,88,83,49,90,115,67,98,125,1,35,13,62" hai1="74,91,26,124,80,12,20,24,122,64,133,46,108" hai2="58,29,96,71,95,126,66,38,52,44,65,54,121" hai3="47,134,131,81,3,25,106,85,18,28,103,69,128"/><V56/><F121/><W82/><G3/><T119/><D1/><U50/><E122/><V0/><F0/><W84/><G18/><T99/><D115/><U111/><E133/><V117/><F117/><W11/><G11/><T19/><D125/><U70/><E124/><V100/><F126/><W10/><G10/><T120/><D120/><U79/><E91/><V53/><F71/><W104/><G47/><T9/><D119/><U37/><E37/><V135/><F135/><W68/><G25/><T39/><D39/><U77/><E77/><V113/><F113/><W87/><G28/><T6/><D35/><U130/><E130/><N who="3" m="49706" /><G134/><T17/><D34/><U15/><E26/><V114/><F114/><W59/><G59/><N who="2" m="22569" /><F38/><W75/><G103/><T89/><D49/><U27/><E27/><V101/><F29/><W30/><G30/><T127/><D83/><N who="3" m="31753" /><G75/><T110/><D127/><U32/><E32/><V123/><F123/><W2/><G2/><T16/><REACH who="0" step="1"/><D110/><REACH who="0" ten="231,210,215,334" step="2"/><U60/><E111/><V132/><F132/><W51/><G51/><T92/><D92/><U5/><E108/><V116/><F116/><W94/><G94/><T86/><D86/><U57/><E70/><AGARI ba="0,1" hai="68,69,70,84,85,87,104,106" m="31753,49706" machi="70" ten="40,5200,0" yaku="28,2,19,1" doraHai="63" who="3" fromWho="1" sc="231,0,210,-52,215,0,334,62" /><AGARI ba="0,0" hai="6,9,13,16,17,19,62,67,70,88,89,90,98,99" machi="70" ten="40,8000,1" yaku="1,1,52,1,54,2,53,0" doraHai="63" doraHaiUra="112" who="0" fromWho="1" sc="231,80,158,-80,215,0,396,0" /><INIT seed="3,0,0,0,4,125" ten="311,78,215,396" oya="3" hai0="123,19,32,79,68,56,127,106,101,58,80,11,86" hai1="50,55,65,133,12,96,126,21,49,131,78,124,25" hai2="110,74,3,100,90,43,41,105,20,40,120,73,51" hai3="13,59,0,26,134,30,37,24,69,75,94,64,85"/><W62/><G0/><T84/><D32/><U112/><E78/><V38/><F3/><W46/><G75/><T15/><D68/><U14/><E112/><V70/><F70/><W27/><G134/><T102/><D127/><N who="1" m="48683" /><E65/><V34/><F38/><W2/><G2/><T16/><D123/><U83/><E83/><V115/><F34/><W97/><G85/><N who="0" m="48287" /><D106/><U77/><E77/><V31/><F115/><W28/><G13/><N who="1" m="5226" /><E96/><V108/><F100/><N who="0" m="38506" /><D19/><N who="1" m="12479" /><E133/><V119/><F105/><W10/><G69/><T122/><D122/><U44/><E50/><V93/><F120/><W33/><G46/><T6/><D6/><U114/><E114/><V98/><F51/><W60/><G37/><T54/><D58/><U66/><E66/><V63/><F63/><AGARI ba="0,0" hai="11,15,16,54,56,63,84,86" m="38506,48287" machi="63" ten="30,2000,0" yaku="8,1,54,1" doraHai="125" who="0" fromWho="2" sc="311,20,78,0,215,-20,396,0" /><INIT seed="4,0,0,1,1,40" ten="331,78,195,396" oya="0" hai0="31,13,116,11,1,92,78,16,12,49,129,101,65" hai1="63,33,60,132,94,53,79,83,74,85,117,122,81" hai2="48,46,68,5,77,96,109,55,113,47,128,67,103" hai3="126,25,59,27,38,124,82,72,34,18,15,107,23"/><T91/><D1/><U58/><E33/><V104/><F109/><W121/><G107/><T19/><D65/><U134/><E117/><V39/><F113/><W66/><G38/><T106/><D129/><U21/><E122/><V102/><F128/><W127/><G121/><T20/><D116/><U62/><E94/><V2/><F103/><W26/><G66/><T115/><D115/><U95/><E95/><V111/><F111/><W61/><G61/><T114/><D114/><U42/><E42/><V71/><F77/><N who="3" m="44327" /><G59/><T135/><D135/><U50/><REACH who="1" step="1"/><E21/><REACH who="1" ten="331,68,195,396" step="2"/><V7/><F39/><W44/><G34/><T4/><D106/><U119/><E119/><V86/><F2/><W30/><G30/><T10/><D92/><U29/><E29/><V0/><F0/><W93/><G93/><T87/><D101/><U41/><E41/><V112/><F112/><W97/><G97/><T56/><D31/><U105/><E105/><V45/><F71/><W37/><G37/><T75/><D20/><U43/><E43/><V36/><F36/><W9/><G23/><T98/><D98/><U84/><E84/><V118/><F86/><W24/><N who="3" m="6656" /><DORA hai="80" /><W88/><G127/><T108/><D108/><U131/><E131/><V51/><F118/><W35/><G35/><T8/><D87/><U110/><E110/><V130/><F130/><W100/><G126/><T57/><D75/><U22/><E22/><V70/><F70/><W123/><G124/><T32/><D32/><U54/><E54/><V89/><F55/><W99/><G123/><T120/><D120/><U125/><E125/><RYUUKYOKU ba="0,1" sc="331,-10,68,30,195,-10,396,-10" hai1="50,53,58,60,62,63,74,79,81,83,85,132,134" /><INIT seed="5,1,1,2,0,131" ten="321,98,185,386" oya="1" hai0="55,7,92,18,43,130,52,134,56,32,6,0,65" hai1="101,125,49,26,126,31,25,12,57,95,22,120,1" hai2="45,63,8,5,53,9,42,111,96,135,34,89,127" hai3="83,88,107,35,37,76,110,109,28,58,119,67,90"/><U105/><E120/><V82/><F111/><W48/><G37/><T112/><D32/><U61/><E105/><V117/><F117/><W94/><G107/><T33/><D33/><U20/><E1/><V132/><F127/><N who="1" m="48649" /><E49/><V40/><F34/><W38/><G38/><T129/><D0/><U10/><E95/><V17/><F9/><W13/><G90/><T133/><D43/><U72/><E101/><V77/><F17/><W54/><G67/><T86/><D112/><U60/><E72/><V23/><F23/><N who="1" m="8745" /><E31/><V21/><F21/><W71/><G48/><T46/><D18/><N who="1" m="8471" /><E61/><V39/><F42/><W47/><G94/><T15/><D15/><U81/><E81/><V80/><F96/><W114/><G13/><T3/><D3/><U84/><E84/><V29/><F29/><W121/><G28/><T51/><D86/><U24/><E26/><V85/><F63/><W106/><G83/><T41/><D92/><U124/><N who="1" m="48657" /><U68/><DORA hai="98" /><E68/><V50/><F82/><W115/><G71/><T62/><D65/><AGARI ba="1,1" hai="24,25,57,60,65" m="8471,8745,48657" machi="65" ten="40,2000,0" yaku="18,1" doraHai="131,98" who="1" fromWho="0" sc="321,-23,98,33,185,0,386,0" /><INIT seed="5,2,0,2,1,92" ten="298,131,185,386" oya="1" hai0="7,90,71,130,75,53,112,109,68,22,77,38,67" hai1="128,48,64,14,15,62,91,32,96,120,66,16,80" hai2="125,52,108,81,98,9,26,54,13,49,83,100,104" hai3="65,10,131,18,0,27,20,42,63,117,102,5,88"/><U3/><E120/><V45/><F108/><W115/><G42/><T95/><D109/><U2/><E32/><V133/><F133/><W11/><G115/><T132/><D38/><U119/><E119/><V50/><F125/><W82/><G131/><T57/><D112/><U129/><E3/><V30/><F13/><W126/><G126/><T37/><D37/><U51/><E2/><V44/><REACH who="2" step="1"/><F9/><REACH who="2" ten="298,131,175,386" step="2"/><W76/><G11/><T34/><D132/><U6/><E15/><V25/><F25/><W93/><G117/><T47/><D130/><N who="1" m="50283" /><E6/><V123/><F123/><W122/><G122/><T39/><D7/><U78/><E78/><V84/><F84/><W79/><G10/><T69/><D34/><AGARI ba="2,1" hai="26,30,34,44,45,49,50,52,54,81,83,98,100,104" machi="34" ten="30,12000,2" yaku="1,1,7,1,9,1,52,1,54,1,53,2" doraHai="92" doraHaiUra="46" who="2" fromWho="0" sc="298,-126,131,0,175,136,386,0" /><INIT seed="6,0,0,3,5,33" ten="172,131,311,386" oya="2" hai0="79,70,1,30,46,103,105,19,99,107,88,66,98" hai1="20,7,133,75,0,110,14,125,115,42,64,87,96" hai2="11,124,123,112,104,114,62,41,68,49,118,128,90" hai3="83,48,29,12,108,37,81,60,106,86,50,5,131"/><V35/><F123/><W2/><G2/><T32/><D79/><U116/><E75/><V57/><F118/><W74/><G37/><T56/><D56/><U16/><E116/><V73/><F104/><W78/><G106/><T126/><D19/><U129/><E110/><V44/><F35/><W39/><G39/><T120/><D126/><U28/><E28/><V52/><F73/><W51/><G108/><T21/><D21/><U93/><E125/><V92/><F124/><W54/><G29/><T134/><D88/><U69/><E42/><V9/><F128/><W27/><G27/><T130/><D130/><U26/><E129/><V36/><F68/><W85/><G131/><T101/><D134/><U25/><E133/><V34/><F34/><W45/><G60/><N who="0" m="40263" /><D46/><U95/><E115/><N who="2" m="44075" /><F62/><W53/><G74/><T58/><D58/><U61/><E87/><AGARI ba="0,0" hai="9,11,36,41,44,49,52,57,87,90,92" m="44075" machi="87" ten="30,2900,0" yaku="15,1,54,1" doraHai="33" who="2" fromWho="1" sc="172,0,131,-29,311,29,386,0" /><INIT seed="6,1,0,3,3,31" ten="172,102,340,386" oya="2" hai0="12,121,132,41,86,49,46,15,90,58,51,70,28" hai1="129,50,111,60,2,128,79,89,45,27,9,5,103" hai2="93,69,24,114,4,95,83,20,18,1,122,76,78" hai3="81,56,104,107,113,123,109,75,23,105,92,108,66"/><V100/><F114/><W125/><G23/><T116/><D121/><U14/><E111/><V133/><F122/><W120/><G56/><T73/><D73/><U8/><E79/><V38/><F69/><W131/><G66/><T85/><D70/><U48/><E103/><V135/><F38/><W82/><G113/><T71/><D71/><U34/><E60/><V40/><F40/><W126/><G92/><T44/><D132/><N who="2" m="50762" /><F100/><W57/><G57/><T110/><D110/><N who="3" m="42601" /><G131/><T36/><D36/><U17/><E89/><V33/><F33/><W6/><G6/><T55/><D116/><U35/><E48/><V130/><F130/><N who="1" m="50281" /><E27/><V97/><F97/><W3/><G3/><T102/><D102/><U118/><E118/><V10/><F78/><N who="3" m="44255" /><G82/><T80/><D28/><U37/><E37/><V53/><F53/><AGARI ba="1,0" hai="2,5,8,9,14,17,34,35,45,50,53" m="50281" machi="53" ten="30,3900,0" yaku="19,1,52,2" doraHai="31" who="1" fromWho="2" sc="172,0,102,42,340,-42,386,0" /><INIT seed="7,0,0,5,5,54" ten="172,144,298,386" oya="3" hai0="67,118,14,87,29,101,77,20,0,25,126,6,91" hai1="112,134,36,114,43,49,57,102,39,92,121,123,8" hai2="50,73,76,86,48,71,9,52,7,130,96,120,10" hai3="70,42,78,23,32,106,45,127,62,119,109,107,117"/><W131/><G23/><T37/><D37/><N who="1" m="14411" /><E8/><V100/><F130/><W93/><G45/><T30/><D67/><U116/><E102/><V64/><F120/><N who="1" m="46153" /><E92/><V82/><F50/><W125/><G42/><T21/><D101/><U18/><E18/><V44/><F64/><N who="3" m="41239" /><G131/><T22/><D91/><U5/><E5/><V26/><F71/><W13/><G13/><T124/><D87/><U98/><E98/><V38/><F38/><W74/><G109/><T33/><D77/><U99/><E99/><V47/><F47/><W1/><G93/><T95/><D95/><U90/><E90/><V132/><F132/><W85/><G85/><T88/><D88/><U16/><E16/><V2/><F26/><W129/><G129/><T104/><D104/><N who="3" m="39977" /><G32/><N who="0" m="20527" /><D118/><N who="3" m="45065" /><G1/><T122/><D122/><U128/><E128/><V40/><F10/><W84/><G84/><T55/><D55/><N who="1" m="31983" /><E116/><V97/><F100/><W31/><G31/><T80/><D80/><AGARI ba="0,0" hai="74,78,80,125,127" m="45065,39977,41239" machi="80" ten="40,2000,0" yaku="23,1" doraHai="54" who="3" fromWho="0" sc="172,-20,144,0,298,0,386,20" owari="152,-25.0,144,-36.0,298,10.0,406,51.0" /></mjloggm>