<mjloggm ver="2.3"><GO type="169" lobby="0"/><UN n0="%E5%8D%97%E5%9B%BD%E3%81%97%E3%82%8D%E3%81%8F%E3%81%BE" n1="%E3%81%9F%E3%82%93%E3%81%AB%E3%82%83%E3%81%8A%EF%BC%81" n2="%E3%82%A6%E3%83%AB%E3%83%88%E3%83%A9%E7%AB%8B%E7%9B%B4" n3="%E3%82%B5%E3%82%A6%E3%83%AA%E3%83%BC" dan="16,16,17,16" rate="2137.17,2069.39,2190.27,2076.15" sx="M,M,M,M"/><TAIKYOKU oya="0"/><INIT seed="0,0,0,2,2,50" ten="250,250,250,250" oya="0" hai0="34,16,82,87,131,103,53,123,64,19,65,2,117" hai1="22,39,77,36,113,70,104,43,51,132,97,105,93" hai2="33,80,84,128,32,81,91,74,35,12,23,13,14" hai3="38,124,57,18,129,102,108,37,119,60,46,122,118"/><T4/><D123/><U58/><E70/><V40/><F128/><W115/><G122/><T63/><D34/><U10/><E132/><V110/><F110/><W15/><G129/><T29/><D29/><U30/><E113/><V134/><F134/><W7/><G115/><T96/><D131/><U47/><E77/><V79/><REACH who="2" step="1"/><F40/><REACH who="2" ten="250,250,240,250" step="2"/><W89/><G108/><T78/><D117/><U17/><E43/><V86/><F86/><W62/><G118/><T26/><D2/><U99/><E99/><V75/><F75/><W66/><G119/><T101/><D96/><U25/><E97/><V42/><F42/><W107/><G124/><T31/><D4/><U8/><E39/><V121/><F121/><W41/><G38/><T109/><D109/><U98/><E36/><V28/><F28/><W6/><G107/><T24/><D31/><U94/><E104/><V52/><F52/><W114/><G114/><T85/><D85/><U1/><E105/><V100/><F100/><W45/><G102/><T21/><D103/><U71/><E98/><V69/><F69/><W111/><G111/><T116/><D101/><U44/><E71/><V127/><F127/><W73/><G73/><T88/><D116/><U11/><E30/><V76/><F76/><W83/><G89/><T92/><D53/><N who="1" m="32063" /><E1/><V95/><F95/><AGARI ba="0,1" hai="8,10,11,17,22,25,44,47,93,94,95" m="32063" machi="95" ten="30,2000,0" yaku="8,1,52,1" doraHai="50" who="1" fromWho="2" sc="250,0,250,30,240,-20,250,0" /><INIT seed="1,0,0,4,3,6" ten="250,280,220,250" oya="1" hai0="12,83,24,98,40,1,73,71,48,70,14,35,114" hai1="9,78,79,72,2,58,60,108,62,28,91,0,47" hai2="112,121,128,131,123,69,118,16,13,90,27,129,52" hai3="23,133,10,119,63,116,126,46,92,3,41,76,5"/><U81/><E108/><V77/><F69/><W7/><G126/><T132/><D1/><U94/><E79/><V109/><F118/><W124/><G124/><T53/><D114/><U75/><E75/><V38/><F38/><W101/><G133/><T61/><D132/><U88/><E62/><V22/><F109/><W86/><G63/><T110/><D110/><U59/><E58/><V120/><F77/><W18/><G7/><T113/><D113/><U117/><E117/><V37/><F37/><W130/><G130/><T8/><D14/><U45/><E28/><V32/><F112/><W49/><G101/><T80/><D98/><U97/><E91/><V17/><F90/><W102/><G102/><T57/><D73/><U87/><E72/><V105/><F105/><W25/><REACH who="3" step="1"/><G92/><REACH who="3" ten="250,280,220,240" step="2"/><T68/><D61/><U56/><E60/><V122/><F122/><W111/><G111/><T26/><D68/><U85/><E94/><V82/><F82/><AGARI ba="0,1" hai="3,5,10,18,23,25,41,46,49,76,82,86,116,119" machi="82" ten="40,5200,0" yaku="1,1,52,1,53,1" doraHai="6" doraHaiUra="39" who="3" fromWho="2" sc="250,0,280,0,220,-52,240,62" /><INIT seed="2,0,0,3,1,69" ten="250,280,168,302" oya="2" hai0="104,3,66,52,72,78,89,49,63,129,6,75,92" hai1="84,110,94,106,90,119,71,57,40,95,7,93,23" hai2="11,38,25,15,121,117,99,28,82,17,9,135,5" hai3="100,4,74,73,107,14,46,42,128,1,81,87,127"/><V32/><F135/><W109/><G109/><T97/><D104/><U103/><E71/><V61/><F121/><W0/><G128/><T12/><D3/><U114/><E110/><V59/><F117/><W68/><G127/><T65/><D129/><U62/><E114/><V37/><F82/><W116/><G116/><T43/><D43/><U10/><E119/><V132/><F132/><W35/><G68/><T41/><D41/><U8/><E40/><V18/><F99/><W53/><G35/><T26/><D26/><U22/><E106/><V85/><F85/><W19/><G74/><T55/><D55/><U48/><E48/><V125/><F125/><W47/><G73/><T27/><D27/><U51/><E51/><V101/><F101/><W34/><G34/><T124/><D124/><U50/><E50/><V36/><REACH who="2" step="1"/><F11/><REACH who="2" ten="250,280,158,302" step="2"/><W13/><G100/><T108/><D75/><U76/><E103/><V24/><F24/><W79/><G87/><T70/><D72/><U80/><E8/><V54/><AGARI ba="0,1" hai="5,9,15,17,18,25,28,32,36,37,38,54,59,61" machi="54" ten="30,18000,2" yaku="1,1,0,1,52,3,53,1" doraHai="69" doraHaiUra="30" who="2" fromWho="2" sc="250,-60,280,-60,158,190,302,-60" /><INIT seed="2,1,0,5,3,98" ten="190,220,348,242" oya="2" hai0="50,21,28,63,34,0,111,26,99,61,67,71,93" hai1="129,1,74,91,17,85,126,30,118,18,120,108,47" hai2="127,115,70,123,104,22,59,113,125,65,16,46,45" hai3="25,89,132,27,10,58,56,62,82,94,90,49,35"/><V69/><F104/><W122/><G122/><T36/><D36/><U130/><E74/><V33/><F33/><W39/><G132/><T68/><D0/><U4/><E118/><V78/><F78/><W79/><G39/><T87/><D111/><U95/><E108/><V97/><F97/><W7/><G35/><T38/><D38/><U76/><E126/><N who="2" m="48139" /><F123/><W15/><G49/><T75/><D75/><U31/><E120/><V6/><F6/><W131/><G131/><N who="1" m="50186" /><E47/><N who="2" m="17931" /><F16/><N who="1" m="6249" /><E76/><V133/><F22/><W102/><G58/><T23/><D87/><U52/><E1/><V29/><F29/><W42/><G42/><T128/><D128/><U96/><E4/><V124/><F133/><W24/><G94/><T44/><D34/><U119/><E119/><V55/><F65/><N who="3" m="39111" /><G102/><T19/><D28/><U3/><E3/><V72/><F72/><W116/><G116/><T88/><D23/><U83/><E83/><V100/><F100/><W37/><G79/><T92/><D88/><N who="3" m="33897" /><G82/><T64/><D99/><U5/><E85/><V14/><F124/><W112/><G7/><T2/><D2/><U11/><E5/><V20/><F14/><W114/><G15/><T57/><D68/><N who="2" m="26218" /><F20/><W135/><G135/><T103/><D103/><U73/><E73/><V109/><F109/><W41/><G10/><T12/><D12/><U51/><E11/><V48/><AGARI ba="1,0" hai="48,55,59,113,115" m="26218,17931,48139" machi="48" ten="40,7800,0" yaku="18,1,34,2" doraHai="98" who="2" fromWho="2" sc="190,-27,220,-27,348,81,242,-27" /><INIT seed="2,2,0,1,1,46" ten="163,193,429,215" oya="2" hai0="63,2,98,3,16,1,10,45,4,86,130,24,27" hai1="77,76,126,34,75,94,80,0,37,73,109,52,115" hai2="38,132,11,58,69,118,41,124,106,92,133,20,70" hai3="40,101,84,17,135,71,61,26,110,105,119,53,21"/><V65/><F106/><W131/><G119/><T123/><D123/><U54/><E0/><V25/><F118/><W111/><G131/><T91/><D130/><U30/><E37/><V95/><F11/><W103/><G135/><T125/><D125/><U102/><E115/><V51/><F38/><W12/><G40/><T121/><D121/><U68/><E68/><V127/><F20/><W35/><G35/><T56/><D98/><U59/><E126/><V55/><F25/><W114/><G114/><T15/><D45/><U29/><E109/><N who="3" m="41482" /><G105/><T6/><D27/><U112/><E112/><V47/><F95/><W83/><G26/><T89/><D24/><U23/><E23/><V28/><F92/><W22/><G22/><T128/><D128/><U67/><E67/><V42/><F28/><W113/><G113/><T49/><D49/><U88/><E102/><V99/><F99/><W122/><G122/><T81/><REACH who="0" step="1"/><D91/><REACH who="0" ten="153,193,429,215" step="2"/><U108/><E108/><V116/><F127/><W96/><G96/><T107/><D107/><U82/><E34/><V44/><F124/><W72/><G72/><T36/><D36/><U66/><E88/><V32/><F116/><W39/><G39/><T33/><D33/><U64/><E75/><V57/><F32/><W50/><G50/><T100/><D100/><U134/><E73/><V14/><F51/><W117/><G117/><T18/><D18/><U104/><E104/><V9/><F133/><W78/><G101/><T97/><D97/><U93/><E134/><V87/><F132/><W90/><G103/><T7/><D7/><U74/><E74/><RYUUKYOKU ba="2,1" sc="153,15,193,15,429,-15,215,-15" hai0="1,2,3,4,6,10,15,16,56,63,81,86,89" hai1="29,30,52,54,59,64,66,76,77,80,82,93,94" /><INIT seed="3,3,1,2,2,114" ten="168,208,414,200" oya="3" hai0="53,102,90,5,101,21,4,94,112,89,99,14,111" hai1="1,64,132,133,54,59,118,38,123,125,76,36,126" hai2="52,107,109,15,16,31,85,88,120,110,68,8,116" hai3="57,50,129,17,65,93,92,41,87,135,119,25,67"/><W19/><G129/><T61/><D112/><U98/><E1/><V40/><F107/><W127/><G127/><N who="1" m="48650" /><E76/><V49/><F68/><W45/><G135/><N who="1" m="51786" /><E98/><V105/><F105/><W82/><G119/><T131/><D131/><U100/><E100/><N who="0" m="38505" /><D111/><N who="2" m="42506" /><F116/><W10/><G57/><N who="0" m="34991" /><D90/><U26/><E26/><V44/><F31/><W62/><G62/><T39/><D39/><U48/><E123/><V63/><F120/><W70/><G70/><T75/><D75/><U117/><E64/><N who="3" m="24650" /><G25/><T80/><D80/><U55/><E38/><V128/><F128/><W72/><G72/><T108/><D108/><U47/><E36/><V43/><F63/><AGARI ba="3,1" hai="47,48,54,55,59,63,117,118" m="51786,48650" machi="63" ten="30,12000,2" yaku="18,1,20,1,34,2,52,2" doraHai="114" who="1" fromWho="2" sc="168,0,208,139,414,-129,200,0" /><INIT seed="4,0,0,0,0,106" ten="168,347,285,200" oya="0" hai0="59,102,111,109,93,90,25,2,72,74,65,1,36" hai1="27,119,97,12,45,7,54,21,130,126,6,94,69" hai2="75,127,92,29,64,84,16,28,20,26,39,98,86" hai3="104,125,47,100,113,43,121,31,85,23,112,10,135"/><T76/><D36/><U46/><E69/><V55/><F39/><W56/><G121/><T58/><D102/><U44/><E119/><V77/><F127/><W38/><G125/><T134/><D76/><U34/><E34/><V107/><F107/><W117/><G117/><T18/><D134/><U131/><E126/><V0/><F0/><W115/><G135/><T118/><D118/><U50/><E130/><V35/><F64/><W24/><G104/><T87/><D25/><U51/><E131/><V32/><F32/><W99/><G10/><T53/><D65/><U95/><E95/><V13/><F29/><W88/><G100/><T120/><D120/><U15/><E15/><V116/><F55/><W81/><G56/><T128/><D128/><U83/><E83/><V80/><REACH who="2" step="1"/><F116/><REACH who="2" ten="168,347,275,200" step="2"/><W132/><G132/><T89/><D2/><U30/><E45/><V60/><F60/><W114/><N who="3" m="28672" /><DORA hai="52" /><W96/><AGARI ba="0,1" hai="23,24,31,38,43,47,81,85,88,96,99" m="28672" machi="96" ten="60,8000,1" yaku="4,1,0,1,15,1,54,1" doraHai="106,52" who="3" fromWho="3" sc="168,-40,347,-20,275,-20,200,90" /><INIT seed="5,0,0,1,4,36" ten="128,327,255,290" oya="1" hai0="69,4,78,73,112,97,86,118,31,70,124,7,80" hai1="134,81,44,72,64,47,1,16,71,48,34,30,110" hai2="3,2,74,35,10,116,41,121,33,84,130,24,43" hai3="109,79,102,87,114,11,133,77,14,13,122,50,55"/><U91/><E134/><V29/><F74/><W46/><G109/><T0/><D118/><U93/><E1/><V113/><F116/><W111/><G111/><T76/><D124/><U39/><E110/><V89/><F121/><W101/><G133/><T92/><D112/><U27/><E39/><V82/><F113/><W126/><G126/><T56/><D31/><U18/><E47/><V45/><F130/><W15/><G114/><T37/><D7/><U53/><E71/><V85/><F35/><W119/><G119/><T51/><D86/><U115/><E64/><V120/><F120/><W96/><G122/><T67/><D76/><N who="3" m="29257" /><G87/><T95/><D95/><U52/><E115/><V62/><F85/><W38/><G38/><T22/><D37/><U103/><E72/><V61/><F45/><W19/><G96/><T5/><D0/><U135/><E135/><V127/><F2/><W68/><G68/><T88/><D22/><N who="1" m="15735" /><E103/><AGARI ba="0,0" hai="11,13,14,15,19,46,50,55,101,102,103" m="29257" machi="103" ten="30,1000,0" yaku="8,1" doraHai="36" who="3" fromWho="1" sc="128,0,327,-10,255,0,290,10" /><INIT seed="6,0,0,5,1,2" ten="128,317,255,300" oya="2" hai0="23,38,47,102,90,8,5,28,7,88,70,51,36" hai1="60,55,134,64,27,71,35,98,106,89,135,34,100" hai2="72,30,129,67,26,14,94,128,16,126,12,116,91" hai3="74,57,105,3,49,31,25,11,121,48,59,101,97"/><V1/><F72/><W62/><G121/><T79/><D70/><U29/><E35/><N who="2" m="20951" /><F67/><W111/><G74/><T58/><D102/><U117/><E117/><V81/><F81/><W110/><G59/><T15/><D79/><U40/><E40/><V124/><F116/><W86/><G86/><T41/><D38/><U133/><E89/><N who="0" m="34409" /><D36/><U84/><E55/><V61/><F61/><W20/><G110/><T37/><D37/><U18/><E18/><V82/><F82/><W112/><G111/><T127/><D127/><N who="2" m="48682" /><F1/><W122/><G122/><T118/><D118/><U85/><AGARI ba="0,0" hai="27,29,34,60,64,71,84,85,98,100,106,133,134,135" machi="85" ten="40,8000,1" yaku="0,1,25,2,20,1" doraHai="2" who="1" fromWho="1" sc="128,-20,317,80,255,-40,300,-20" /><INIT seed="7,0,0,4,5,0" ten="108,397,215,280" oya="3" hai0="121,82,5,33,60,36,10,113,61,63,8,97,20" hai1="75,12,58,115,72,87,16,83,68,109,95,112,7" hai2="14,27,108,124,48,84,46,67,106,26,62,15,100" hai3="50,3,54,104,92,24,111,32,102,1,125,105,43"/><W19/><G125/><T49/><D36/><U17/><E109/><V6/><F108/><W65/><G111/><T128/><D33/><U101/><E68/><V34/><F124/><W78/><G78/><T123/><D128/><U13/><E7/><V99/><F84/><W79/><G79/><T120/><D20/><N who="1" m="11279" /><E58/><V11/><F15/><W96/><G65/><T85/><D97/><N who="1" m="59583" /><E87/><V42/><REACH who="2" step="1"/><F34/><REACH who="2" ten="108,397,205,280" step="2"/><W132/><G3/><T131/><D131/><U66/><E83/><V29/><F29/><W40/><G1/><T126/><D126/><U89/><E89/><V23/><F23/><W73/><G73/><T9/><D113/><N who="1" m="43595" /><E66/><V69/><AGARI ba="0,1" hai="6,11,14,26,27,42,46,48,62,67,69,99,100,106" machi="69" ten="20,8000,1" yaku="1,1,0,1,7,1,52,1,53,1" doraHai="0" doraHaiUra="103" who="2" fromWho="2" sc="108,-20,397,-20,205,90,280,-40" owari="88,-41.0,377,47.0,295,10.0,240,-16.0" /></mjloggm>