<mjloggm ver="2.3"><GO type="169" lobby="0"/><UN n0="%E5%B0%B1%E6%B4%BB%E7%94%9F%40%E5%B7%9D%E6%9D%91%E8%BB%8D%E5%9B%A3" n1="%43%52%41%5A%59%42%45%45" n2="%E3%81%9C%E3%82%8D%E3%82%81%E3%81%90" n3="%E3%82%B9%E3%82%B1%E3%83%BC%E3%82%BF%E3%83%BC" dan="17,16,16,17" rate="2155.93,2120.82,2029.02,2110.61" sx="M,M,F,M"/><TAIKYOKU oya="0"/><INIT seed="0,0,0,0,5,42" ten="250,250,250,250" oya="0" hai0="61,56,83,41,0,92,81,95,29,32,4,26,1" hai1="36,86,39,114,67,54,22,130,89,121,50,60,33" hai2="126,82,118,110,100,90,37,80,34,51,125,122,105" hai3="101,47,27,71,117,93,113,45,131,69,8,115,68"/><T66/><D41/><U87/><E121/><V5/><F37/><W18/><G117/><T64/><D64/><U13/><E33/><V63/><F122/><W14/><G131/><T84/><D83/><U62/><E130/><V46/><F118/><W19/><G101/><T132/><D132/><U16/><E114/><V3/><F110/><W111/><G111/><T15/><D15/><U120/><E120/><V17/><F34/><W28/><G18/><T129/><D129/><U44/><E86/><V128/><F128/><W72/><G72/><T109/><D109/><U57/><REACH who="1" step="1"/><E62/><REACH who="1" ten="250,240,250,250" step="2"/><V21/><F63/><W31/><G93/><AGARI ba="0,1" hai="13,16,22,36,39,44,50,54,57,60,67,87,89,93" machi="93" ten="30,8000,1" yaku="1,1,2,1,7,1,52,1,54,1,53,0" doraHai="42" doraHaiUra="23" who="1" fromWho="3" sc="250,0,240,90,250,0,250,-80" /><INIT seed="1,0,0,2,2,76" ten="250,330,250,170" oya="1" hai0="11,5,86,47,35,19,95,92,60,89,75,15,71" hai1="94,98,90,119,124,99,135,37,121,30,77,96,34" hai2="31,79,10,74,20,13,2,26,17,50,51,54,8" hai3="59,123,111,106,134,42,24,61,27,97,70,120,16"/><U102/><E37/><V43/><F2/><W3/><G70/><T40/><D75/><U104/><E121/><V105/><F105/><W18/><G3/><T80/><D35/><U45/><E119/><V118/><F118/><W131/><G111/><T93/><D71/><U46/><E124/><V1/><F1/><W100/><G131/><T4/><REACH who="0" step="1"/><D60/><REACH who="0" ten="240,330,250,170" step="2"/><U14/><E34/><V81/><F43/><W107/><G42/><T44/><D44/><U133/><E46/><V53/><REACH who="2" step="1"/><F10/><REACH who="2" ten="240,330,240,170" step="2"/><W0/><G123/><T114/><D114/><U7/><E104/><V22/><F22/><W38/><G120/><T128/><D128/><U65/><E133/><V29/><F29/><W28/><G134/><T21/><D21/><U115/><E30/><V108/><F108/><W87/><G107/><T68/><D68/><U64/><E135/><V85/><F85/><W69/><G69/><T132/><D132/><U33/><E115/><V88/><F88/><W130/><G130/><T112/><D112/><U12/><E90/><V78/><F78/><W127/><G87/><T6/><D6/><U56/><E7/><V39/><F39/><AGARI ba="0,2" hai="4,5,11,15,19,39,40,47,80,86,89,92,93,95" machi="39" ten="40,2600,0" yaku="1,1,52,1,53,0" doraHai="76" doraHaiUra="58" who="0" fromWho="2" sc="240,46,330,0,240,-26,170,0" /><INIT seed="2,0,0,0,2,122" ten="286,330,214,170" oya="2" hai0="113,100,3,43,125,47,19,21,36,124,104,18,120" hai1="65,98,96,9,81,109,69,70,5,12,11,102,133" hai2="84,116,7,62,6,24,46,110,44,73,28,22,123" hai3="34,55,80,127,90,118,115,106,16,14,25,39,105"/><V103/><F123/><W60/><G118/><T114/><D3/><U75/><E133/><V57/><F73/><W99/><G39/><T30/><D120/><U112/><E112/><N who="0" m="43113" /><D30/><U94/><E65/><V31/><F116/><W26/><G115/><T48/><D36/><U56/><E56/><V64/><F31/><W131/><G131/><T71/><D71/><U91/><E9/><V66/><F66/><W52/><G127/><N who="0" m="48715" /><D21/><U53/><E53/><V4/><F103/><W40/><G34/><T87/><D87/><U49/><E102/><V13/><F84/><N who="3" m="50439" /><G106/><T129/><D129/><U92/><E69/><V10/><REACH who="2" step="1"/><F110/><REACH who="2" ten="286,330,204,170" step="2"/><W67/><G67/><T61/><D100/><U128/><E109/><V68/><F68/><W23/><G99/><T1/><D104/><U101/><E70/><V108/><F108/><W132/><G105/><T17/><D1/><U38/><E128/><V59/><F59/><N who="3" m="34919" /><G132/><T27/><D27/><N who="3" m="10249" /><G55/><T79/><D43/><AGARI ba="0,1" hai="14,16,23,40,43" m="10249,34919,50439" machi="43" ten="30,3900,0" yaku="8,1,54,2" doraHai="122" who="3" fromWho="0" sc="286,-39,330,0,204,0,170,49" /><INIT seed="3,0,0,2,1,12" ten="247,330,204,219" oya="3" hai0="133,45,26,49,44,90,97,119,17,123,41,9,5" hai1="47,76,102,109,38,92,120,73,54,64,121,29,74" hai2="116,57,75,127,61,112,37,39,52,106,32,88,78" hai3="115,87,98,42,27,91,95,128,3,104,13,11,31"/><W63/><G115/><T132/><D123/><U71/><E54/><V89/><F112/><W82/><G128/><T16/><D119/><U24/><E92/><V8/><F116/><W96/><G3/><N who="0" m="191" /><D26/><U125/><E109/><V22/><F32/><W25/><G42/><N who="0" m="24727" /><D97/><N who="3" m="37481" /><G104/><T126/><D90/><U110/><E102/><V111/><F111/><W68/><G68/><T114/><D114/><U113/><E110/><V15/><F106/><W33/><G33/><T81/><D81/><N who="1" m="45199" /><E74/><V20/><F39/><W34/><G34/><T6/><D6/><U84/><E113/><V30/><F37/><W2/><G2/><T4/><D4/><U10/><E38/><V118/><F118/><W35/><G35/><T21/><D21/><U62/><E121/><V66/><F22/><N who="3" m="15799" /><G27/><T18/><D126/><U107/><E24/><V131/><F127/><W130/><G82/><T85/><D85/><U36/><E84/><V122/><F122/><W67/><G130/><T83/><D83/><U100/><E120/><V72/><F131/><W105/><G105/><T135/><D18/><U80/><E80/><V117/><F117/><W0/><G0/><T28/><D28/><U40/><E29/><V48/><F75/><W79/><G79/><T56/><D56/><U50/><E125/><V93/><F78/><W58/><G11/><T14/><D14/><AGARI ba="0,0" hai="13,14,58,63,67,87,91,95" m="15799,37481" machi="14" ten="30,1500,0" yaku="8,1" doraHai="12" who="3" fromWho="0" sc="247,-15,330,0,204,0,219,15" /><INIT seed="3,1,0,3,2,79" ten="232,330,204,234" oya="3" hai0="47,34,7,118,57,77,12,121,51,59,58,132,69" hai1="72,105,128,56,21,3,90,89,125,81,119,6,133" hai2="37,74,117,97,76,33,96,127,87,112,93,68,103" hai3="1,92,27,39,62,8,134,104,18,41,100,35,48"/><W36/><G104/><T15/><D69/><U135/><E105/><V63/><F37/><W80/><G134/><N who="1" m="51210" /><E128/><V110/><F33/><W116/><G116/><T84/><D34/><U24/><E125/><V13/><F117/><W55/><G62/><T106/><D106/><U78/><E119/><V2/><F2/><W94/><G41/><T85/><D118/><U53/><E6/><V28/><F28/><W102/><G1/><T30/><D121/><U0/><E0/><V98/><F127/><W22/><G35/><T17/><D30/><N who="1" m="17679" /><E3/><V9/><F112/><W113/><G113/><T131/><D77/><U129/><E129/><V11/><F110/><W61/><G61/><AGARI ba="1,0" hai="53,56,61,72,78,81,89,90" m="17679,51210" machi="61" ten="30,2000,0" yaku="20,1,52,1" doraHai="79" who="1" fromWho="3" sc="232,0,330,23,204,0,234,-23" /><INIT seed="4,0,0,2,5,61" ten="232,353,204,211" oya="0" hai0="117,63,95,74,18,72,83,94,68,47,44,67,110" hai1="93,11,26,42,103,60,92,7,128,118,121,48,19" hai2="132,51,70,24,101,100,59,30,135,28,1,22,15" hai3="38,69,77,125,36,46,6,64,87,88,58,8,133"/><T98/><D117/><U134/><E118/><V37/><F1/><W5/><G69/><T114/><D114/><U104/><E121/><V56/><F70/><W113/><G77/><T130/><D130/><U120/><E120/><V23/><F37/><W123/><G113/><T119/><D119/><U65/><E134/><V84/><F84/><W41/><G123/><T13/><D110/><U57/><E128/><V9/><F51/><W102/><G102/><T78/><D94/><U122/><E122/><V89/><F15/><W10/><G38/><T62/><D62/><U96/><E19/><V25/><F9/><W124/><G133/><T2/><D2/><U105/><E26/><V35/><REACH who="2" step="1"/><F89/><REACH who="2" ten="232,353,194,211" step="2"/><W32/><G10/><T76/><D74/><U81/><E11/><V52/><F52/><W17/><G8/><T129/><D129/><U106/><E48/><V85/><F85/><W108/><G87/><T71/><D71/><U111/><E111/><V0/><F0/><W127/><G108/><T45/><D76/><U34/><E7/><V31/><F31/><W40/><G88/><T53/><D53/><U97/><E103/><V131/><F131/><W73/><G73/><T21/><D47/><U99/><E97/><V16/><F16/><W115/><G115/><T27/><REACH who="0" step="1"/><D13/><REACH who="0" ten="222,353,194,211" step="2"/><U126/><E99/><V49/><F49/><W3/><G3/><T91/><AGARI ba="0,2" hai="18,21,27,44,45,63,67,68,72,78,83,91,95,98" machi="91" ten="20,18000,2" yaku="1,1,2,1,0,1,7,1,52,1,53,1" doraHai="61" doraHaiUra="20" who="0" fromWho="0" sc="222,200,353,-60,194,-60,211,-60" /><INIT seed="4,1,0,1,0,68" ten="422,293,134,151" oya="0" hai0="41,51,117,31,59,7,37,122,82,39,108,121,0" hai1="30,25,42,87,52,80,43,74,76,109,99,71,133" hai2="54,12,17,55,40,105,67,29,70,78,6,85,120" hai3="132,3,86,8,77,101,111,49,72,83,118,28,89"/><T9/><D117/><U106/><E109/><V112/><F120/><W128/><G111/><T79/><D108/><U2/><E2/><V23/><F112/><W35/><G118/><T33/><D59/><U10/><E133/><V44/><F105/><W73/><G132/><T66/><D66/><U13/><E71/><V88/><F78/><W4/><G101/><T107/><D51/><U45/><E74/><V93/><F29/><W96/><G96/><T65/><D65/><U14/><E14/><V116/><F116/><W56/><G128/><T92/><D92/><U22/><E99/><V104/><F104/><W18/><G18/><T97/><D41/><U21/><E21/><V103/><F103/><W24/><G77/><T50/><D50/><N who="1" m="28751" /><E106/><V47/><F6/><AGARI ba="1,0" hai="6,10,13,22,25,30,42,43,76,80,87" m="28751" machi="6" ten="30,2000,0" yaku="8,1,54,1" doraHai="68" who="1" fromWho="2" sc="422,0,293,23,134,-23,151,0" /><INIT seed="5,0,0,1,1,59" ten="422,316,111,151" oya="1" hai0="28,23,115,129,73,116,99,95,55,51,125,100,49" hai1="117,2,82,61,3,56,22,50,19,81,122,31,48" hai2="60,52,120,10,118,57,35,37,92,87,7,80,75" hai3="11,130,5,97,21,133,16,42,40,77,4,106,113"/><U62/><E117/><V46/><F118/><W54/><G113/><T18/><D73/><U30/><E122/><V17/><F120/><W72/><G130/><T14/><D116/><U128/><E128/><V108/><F108/><W15/><G5/><T33/><D115/><U102/><E102/><V127/><F127/><W53/><G133/><T109/><D109/><U135/><E135/><V103/><F35/><W119/><G119/><T32/><D125/><U89/><E56/><V98/><F75/><W114/><G114/><T88/><D28/><U39/><E39/><V134/><F134/><W84/><G72/><T25/><D25/><U112/><E112/><V20/><F46/><W43/><G97/><T66/><D66/><U36/><E36/><V83/><F37/><W63/><G106/><T0/><D0/><U104/><E22/><V38/><F38/><W78/><G84/><T74/><D74/><U105/><E89/><V96/><F96/><W58/><REACH who="3" step="1"/><G54/><REACH who="3" ten="422,316,111,141" step="2"/><T8/><D55/><U71/><E104/><V86/><F86/><W90/><G90/><T68/><D88/><U27/><E105/><V132/><F132/><W44/><G44/><T47/><D47/><U67/><E81/><V131/><F131/><W111/><G111/><T29/><D99/><U64/><E82/><V65/><F87/><W70/><G70/><T126/><D68/><U76/><E71/><V124/><F124/><W101/><G101/><T1/><D129/><U121/><E121/><V85/><F85/><W9/><G9/><T12/><D126/><U94/><E94/><V123/><F123/><RYUUKYOKU ba="0,1" sc="422,-10,316,-10,111,-10,141,30" hai3="4,11,15,16,21,40,42,43,53,58,63,77,78" /><INIT seed="6,1,1,5,3,19" ten="412,306,101,171" oya="2" hai0="133,103,12,25,127,87,55,80,94,126,28,1,96" hai1="109,40,113,99,57,115,29,73,37,6,3,7,130" hai2="53,27,5,60,132,77,67,81,44,9,110,128,0" hai3="102,119,50,121,78,65,122,104,16,98,70,20,62"/><V56/><F132/><W76/><G119/><T32/><D133/><U83/><E109/><V112/><F110/><W131/><G131/><T111/><D111/><U38/><E130/><V86/><F128/><W34/><G34/><T108/><D108/><U69/><E69/><V2/><F112/><W90/><G90/><N who="0" m="51559" /><D55/><U100/><E3/><V82/><F82/><W15/><REACH who="3" step="1"/><G50/><REACH who="3" ten="412,306,101,161" step="2"/><T31/><D32/><U22/><E113/><V92/><F92/><W39/><G39/><T79/><D94/><U11/><E38/><V10/><F27/><W75/><G75/><T45/><D25/><U54/><E37/><V59/><F44/><W120/><AGARI ba="1,2" hai="15,16,20,62,65,70,76,78,98,102,104,120,121,122" machi="120" ten="30,7900,0" yaku="1,1,0,1,52,1,54,1,53,0" doraHai="19" doraHaiUra="89" who="3" fromWho="3" sc="412,-21,306,-21,101,-40,161,102" /><INIT seed="7,0,0,5,3,89" ten="391,285,61,263" oya="3" hai0="64,23,100,134,96,18,30,117,102,16,97,86,20" hai1="132,41,32,55,110,129,99,38,1,101,34,50,81" hai2="114,29,104,88,83,119,54,68,14,7,61,58,47" hai3="75,9,36,130,91,3,37,73,69,124,109,85,93"/><W0/><G69/><T98/><D134/><U116/><E110/><V59/><F114/><W87/><G109/><T78/><D117/><U19/><E1/><N who="3" m="586" /><G9/><T125/><D30/><U107/><E132/><V62/><F119/><W80/><G124/><T39/><D39/><N who="3" m="14921" /><G130/><T82/><D64/><U94/><E116/><V10/><F104/><W95/><G80/><T27/><D125/><U45/><E129/><V108/><F108/><W72/><G91/><T49/><D49/><U46/><E107/><V40/><F68/><W22/><G22/><T84/><D84/><AGARI ba="0,0" hai="72,73,75,84,85,87,93,95" m="14921,586" machi="84" ten="40,18000,2" yaku="28,2,26,2,52,2" doraHai="89" who="3" fromWho="0" sc="391,-180,285,0,61,0,263,180" owari="211,-19.0,285,9.0,61,-44.0,443,54.0" /></mjloggm>