<mjloggm ver="2.3"><GO type="225" lobby="0"/><UN n0="%E3%83%88%E3%83%88%E3%83%AA%E5%85%88%E7%94%9F%31%39%E6%AD%B3" n1="%63%6F%61" n2="%E7%AB%B6%E9%A6%AC%E7%A0%94%E7%A9%B6%E6%89%80" n3="%4D%72%2E%6E%69%6B%75%39" dan="18,16,17,17" rate="2271.92,2114.85,2211.46,2148.22" sx="F,M,M,M"/><TAIKYOKU oya="0"/><INIT seed="0,0,0,3,1,2" ten="250,250,250,250" oya="0" hai0="10,0,5,105,66,25,77,45,98,89,15,94,29" hai1="86,91,93,52,71,26,64,127,131,123,95,102,99" hai2="54,107,126,62,21,101,42,124,59,37,103,9,85" hai3="116,84,35,38,75,88,16,121,104,135,58,48,53"/><T36/><D105/><U31/><E123/><V73/><F73/><W110/><G116/><T24/><D66/><U55/><E131/><V92/><F107/><W112/><G112/><T82/><D15/><U115/><E115/><V129/><F129/><W32/><G75/><N who="0" m="43327" /><D29/><U44/><E127/><N who="2" m="48683" /><F21/><W20/><G38/><T11/><D11/><U119/><E119/><V3/><F42/><AGARI ba="0,0" hai="0,5,10,24,25,36,42,45,89,94,98" m="43327" machi="42" ten="30,2900,0" yaku="25,1,52,1" doraHai="2" who="0" fromWho="2" sc="250,29,250,0,250,-29,250,0" /><INIT seed="0,1,0,2,5,12" ten="279,250,221,250" oya="0" hai0="71,103,35,72,16,80,116,48,5,126,130,78,120" hai1="58,62,23,13,11,68,32,73,98,104,74,61,37" hai2="46,96,92,44,90,52,17,27,91,21,86,115,107" hai3="84,38,6,20,47,108,105,14,28,69,57,51,111"/><T85/><D116/><U129/><E32/><V75/><F75/><W93/><G69/><T59/><D120/><U26/><E37/><V8/><F115/><W97/><G38/><T42/><D71/><U117/><E117/><V2/><F2/><W106/><G84/><T45/><D35/><U15/><E15/><V112/><F112/><W89/><G57/><T50/><D130/><U25/><E25/><V43/><F43/><W101/><G28/><T87/><D126/><U124/><E124/><V56/><F8/><N who="3" m="4375" /><G20/><T132/><D132/><U67/><E129/><V7/><F7/><W31/><G89/><T24/><D103/><U114/><E114/><V9/><F9/><W60/><G60/><T82/><D5/><U22/><E22/><V88/><F107/><W4/><G31/><T131/><D131/><U127/><E127/><V109/><F109/><N who="3" m="42059" /><G4/><T128/><D128/><U95/><E104/><V83/><F91/><W1/><G1/><T123/><D72/><U19/><E11/><V94/><F94/><W40/><AGARI ba="1,0" hai="40,47,51,93,97,101,105,106" m="42059,4375" machi="40" ten="30,1100,0" yaku="14,1" doraHai="12" who="3" fromWho="3" sc="279,-6,250,-4,221,-4,250,14" /><INIT seed="1,0,0,0,1,21" ten="273,246,217,264" oya="1" hai0="116,60,101,130,95,132,85,82,2,92,20,13,37" hai1="91,26,68,93,70,62,54,128,24,58,111,94,0" hai2="25,78,102,29,126,19,86,38,96,4,51,49,14" hai3="119,35,104,53,127,107,59,90,45,3,112,76,1"/><U100/><E0/><V84/><F38/><W133/><G112/><T124/><D116/><U75/><E75/><V88/><F126/><W41/><G76/><T31/><D2/><U122/><E122/><V8/><F78/><W66/><G35/><T39/><D124/><U33/><E33/><V61/><F61/><W9/><G66/><T73/><D73/><U121/><E121/><V42/><F4/><W83/><G1/><T118/><D118/><U80/><E128/><V44/><F51/><W114/><G133/><T97/><D130/><U11/><E11/><V113/><F113/><W43/><G43/><T109/><D109/><U22/><E111/><V10/><F10/><W30/><G9/><T36/><D132/><U110/><E110/><V134/><F134/><W65/><G3/><T23/><D60/><U98/><E80/><V40/><F40/><W115/><G41/><T123/><D123/><U48/><E48/><V131/><F131/><W52/><G65/><T106/><D20/><U6/><E6/><V57/><F57/><W15/><G59/><T129/><D129/><U99/><REACH who="1" step="1"/><E26/><REACH who="1" ten="273,236,217,264" step="2"/><V125/><F125/><W89/><G127/><T135/><D135/><U28/><AGARI ba="0,1" hai="22,24,28,54,58,62,68,70,91,93,94,98,99,100" machi="28" ten="20,12000,1" yaku="1,1,2,1,0,1,7,1,52,1,53,0" doraHai="21" doraHaiUra="108" who="1" fromWho="1" sc="273,-40,236,130,217,-40,264,-40" /><INIT seed="1,1,0,1,2,49" ten="233,366,177,224" oya="1" hai0="101,84,15,123,43,97,48,113,50,128,56,17,100" hai1="119,38,53,34,5,70,35,125,79,132,93,33,134" hai2="129,59,77,82,95,58,10,102,64,76,99,7,75" hai3="87,16,40,83,23,27,57,21,42,39,89,46,88"/><U111/><E119/><V65/><F129/><W28/><G42/><T92/><D113/><U110/><E70/><V116/><F116/><W80/><G57/><T69/><D69/><U115/><E115/><V37/><F37/><W44/><G44/><T96/><D128/><U78/><E38/><V47/><F47/><W121/><G121/><T104/><D123/><U133/><E125/><V124/><F124/><W60/><G60/><T71/><D71/><U120/><E120/><V68/><F77/><W2/><G2/><T3/><D3/><U20/><E5/><V36/><F36/><W14/><REACH who="3" step="1"/><G89/><REACH who="3" ten="233,366,177,214" step="2"/><T122/><D122/><U74/><E132/><V81/><F65/><W26/><G26/><T41/><D50/><U19/><E134/><V112/><F112/><W105/><G105/><T9/><D48/><U55/><E133/><V18/><F18/><W91/><G91/><T1/><D1/><U85/><E19/><V63/><REACH who="2" step="1"/><F81/><AGARI ba="1,1" hai="14,16,21,23,27,28,39,40,46,80,81,83,87,88" machi="81" ten="30,7700,0" yaku="1,1,7,1,54,2,53,0" doraHai="49" doraHaiUra="106" who="3" fromWho="2" sc="233,0,366,0,177,-80,214,90" /><INIT seed="2,0,0,5,2,97" ten="233,366,97,304" oya="2" hai0="33,53,135,56,45,43,0,35,7,83,117,5,115" hai1="62,128,23,61,4,21,47,44,60,121,113,99,101" hai2="119,87,27,85,2,46,32,79,6,129,57,76,59" hai3="80,40,10,93,111,114,125,49,19,31,22,71,14"/><V123/><F119/><W78/><G111/><T30/><D115/><U103/><E113/><V88/><F123/><W106/><G106/><T100/><D117/><U107/><E121/><V95/><F129/><W55/><G71/><T77/><D135/><U39/><E128/><V92/><F2/><W64/><G64/><T50/><D100/><N who="1" m="38475" /><E107/><V9/><F32/><W84/><G125/><T1/><D7/><U126/><E39/><V69/><F69/><W16/><G114/><T24/><D5/><U41/><E126/><V81/><F27/><N who="3" m="16887" /><G93/><T52/><D35/><U120/><E120/><V58/><F46/><N who="1" m="17449" /><E41/><V104/><F104/><W20/><G40/><T68/><D68/><U94/><E4/><V54/><F95/><W18/><G20/><T42/><D42/><U102/><AGARI ba="0,0" hai="21,23,60,61,62,94,99,102" m="17449,38475" machi="102" ten="30,8000,1" yaku="8,1,52,4" doraHai="97" who="1" fromWho="1" sc="233,-20,366,80,97,-40,304,-20" /><INIT seed="3,0,0,5,2,62" ten="213,446,57,284" oya="3" hai0="38,39,127,17,106,19,113,59,26,37,27,10,123" hai1="92,40,22,124,41,80,23,57,81,75,79,70,110" hai2="69,29,56,105,90,36,99,117,65,9,107,126,130" hai3="116,96,50,34,11,85,133,52,33,118,15,64,44"/><W84/><G133/><T129/><D10/><U115/><E70/><V77/><F56/><W49/><G96/><T134/><D59/><U120/><E120/><V1/><F90/><W102/><G102/><T100/><D100/><U74/><E115/><V97/><F97/><W72/><G72/><T98/><D98/><U73/><E110/><V121/><F99/><W112/><G112/><T83/><D113/><U18/><E124/><V48/><F48/><W61/><G34/><T47/><D127/><U54/><E92/><V24/><F77/><W55/><G33/><T94/><D94/><U109/><E109/><V3/><F126/><W60/><G60/><T13/><D13/><U128/><E128/><V0/><F121/><W31/><G31/><T82/><D123/><U103/><E103/><V68/><F117/><W108/><G108/><T42/><D129/><U119/><E119/><V45/><F130/><W35/><G35/><T114/><D114/><U93/><E93/><V104/><F9/><W30/><G30/><T89/><D134/><U101/><E101/><V78/><F78/><W20/><G118/><T12/><D106/><U76/><E75/><V16/><F16/><N who="0" m="6218" /><D12/><U58/><E18/><V63/><F69/><N who="3" m="42127" /><G116/><T111/><D111/><U6/><E6/><V67/><F67/><W5/><G20/><T135/><D135/><U21/><E21/><V125/><F125/><W7/><G7/><T2/><D2/><U14/><E14/><V46/><F36/><N who="0" m="13930" /><D89/><U95/><E95/><V4/><F4/><W8/><G8/><T86/><D86/><U66/><E66/><RYUUKYOKU ba="0,0" sc="213,0,446,0,57,0,284,0" hai0="26,27,39,42,47,82,83" hai1="22,23,40,41,54,57,58,73,74,76,79,80,81" hai2="0,1,3,24,29,45,46,63,65,68,104,105,107" hai3="5,11,15,44,49,50,52,55,84,85" /><INIT seed="3,1,0,3,5,102" ten="213,446,57,284" oya="3" hai0="65,42,77,60,118,88,57,98,104,69,6,26,24" hai1="80,109,4,48,41,107,83,56,71,43,59,116,101" hai2="61,134,20,106,30,64,7,39,1,16,122,119,66" hai3="76,49,28,3,129,17,58,94,67,95,23,55,62"/><W13/><G129/><T0/><D118/><U133/><E71/><V68/><F119/><W128/><G128/><T92/><D77/><U14/><E116/><V126/><F134/><W18/><G3/><T8/><D42/><N who="1" m="15883" /><E133/><V79/><F126/><W35/><G76/><T108/><D108/><U40/><E109/><V27/><F122/><W2/><G2/><T22/><D22/><U96/><E107/><V53/><F39/><W131/><G131/><T110/><D110/><U86/><E96/><V44/><F79/><W130/><G130/><T46/><D46/><N who="1" m="25671" /><E101/><V73/><F73/><W113/><G113/><T89/><D104/><U100/><E100/><V78/><F78/><W125/><G125/><T97/><D69/><U99/><E99/><V50/><F66/><W25/><REACH who="3" step="1"/><G18/><REACH who="3" ten="213,446,57,274" step="2"/><T52/><D65/><U114/><E114/><V36/><F36/><W37/><G37/><T120/><D120/><U34/><E34/><V21/><F1/><W132/><G132/><T33/><D33/><U123/><E123/><V85/><F7/><W93/><G93/><AGARI ba="1,1" hai="0,6,8,24,26,52,57,60,88,89,92,93,97,98" machi="93" ten="40,5200,0" yaku="9,1,54,2" doraHai="102" who="0" fromWho="3" sc="213,65,446,0,57,0,274,-55" owari="278,8.0,446,54.0,57,-44.0,219,-18.0" /></mjloggm>