<mjloggm ver="2.3"><GO type="169" lobby="0"/><UN n0="%E3%83%A9%E3%83%A0%E3%83%80%E3%81%95%E3%82%93" n1="%E3%82%B7%E3%83%B3%E3%83%87%E3%83%AB%E3%83%A9" n2="%E3%82%A6%E3%83%AB%E3%83%88%E3%83%A9%E7%AB%8B%E7%9B%B4" n3="%E6%96%B0%E4%B8%96%E7%95%8C%E3%81%AE%E7%B4%99" dan="16,16,16,18" rate="2093.96,2070.06,2105.12,2228.95" sx="M,M,M,M"/><TAIKYOKU oya="0"/><INIT seed="0,0,0,0,1,128" ten="250,250,250,250" oya="0" hai0="123,68,7,116,111,49,36,13,31,131,87,75,121" hai1="69,118,26,109,94,2,112,105,93,25,23,124,22" hai2="89,52,117,88,83,63,72,100,122,82,10,126,102" hai3="71,43,17,50,110,54,15,132,55,51,85,32,103"/><T113/><D75/><U120/><E118/><V78/><F117/><W30/><G71/><T48/><D116/><U125/><E120/><V47/><F122/><W106/><G110/><T44/><D68/><U77/><E109/><V27/><F126/><N who="1" m="48745" /><E112/><V12/><F27/><W19/><G32/><T127/><D127/><U98/><E69/><V81/><F72/><W101/><G30/><T76/><D113/><U35/><E2/><V9/><F78/><W21/><G43/><T0/><D0/><U134/><E134/><V39/><F39/><W5/><G5/><T66/><D111/><U114/><E114/><V33/><F33/><W1/><G1/><T97/><D36/><U67/><E67/><V90/><F10/><N who="3" m="6391" /><G106/><T6/><D131/><U34/><E77/><V133/><F133/><W84/><G51/><T11/><D66/><U96/><E105/><V42/><F42/><W58/><G55/><T28/><D121/><U135/><E135/><V8/><F8/><W57/><G57/><T119/><D123/><U14/><E14/><V80/><N who="2" m="20480" /><DORA hai="18" /><V95/><F95/><N who="1" m="36361" /><E35/><V73/><F73/><W56/><G132/><T3/><D13/><U16/><E34/><V45/><F12/><N who="3" m="9447" /><G56/><T37/><D3/><U29/><AGARI ba="0,0" hai="16,22,23,25,26,29,96,98" m="36361,48745" machi="29" ten="30,7900,0" yaku="18,1,52,2,54,1" doraHai="128,18" who="1" fromWho="1" sc="250,-39,250,79,250,-20,250,-20" /><INIT seed="1,0,0,0,1,79" ten="211,329,230,230" oya="1" hai0="124,110,95,78,121,42,117,97,96,75,11,73,58" hai1="72,105,135,132,128,16,74,134,86,13,46,43,14" hai2="22,51,113,6,19,92,68,129,115,98,91,26,35" hai3="63,126,104,50,21,52,31,84,55,83,87,62,45"/><U93/><E128/><V24/><F68/><W116/><G126/><T38/><D117/><U101/><E105/><V12/><F129/><W71/><G116/><T109/><D58/><U89/><E101/><V90/><F35/><W123/><G104/><T81/><D11/><N who="1" m="6207" /><E14/><V77/><F77/><N who="3" m="46191" /><G71/><T106/><D42/><U4/><E4/><V37/><F37/><AGARI ba="0,0" hai="37,43,46,72,74,86,89,93,132,134,135" m="6207" machi="37" ten="30,2900,0" yaku="20,1,54,1" doraHai="79" who="1" fromWho="2" sc="211,0,329,29,230,-29,230,0" /><INIT seed="1,1,0,2,0,130" ten="211,358,201,230" oya="1" hai0="85,110,30,99,29,19,103,86,6,118,2,113,26" hai1="55,95,101,21,120,43,18,40,80,27,121,117,132" hai2="59,52,93,12,100,53,11,65,47,127,42,5,45" hai3="135,104,94,125,133,75,108,111,129,58,35,61,22"/><U4/><E132/><N who="3" m="50762" /><G104/><T49/><D113/><U74/><E117/><V56/><F127/><W24/><G125/><T109/><D118/><U25/><E4/><V77/><F65/><N who="3" m="39095" /><G129/><T122/><D122/><U106/><E106/><V28/><F28/><N who="3" m="19847" /><G75/><T37/><D30/><U107/><E107/><V96/><F77/><W13/><G94/><T31/><D31/><U51/><E121/><V97/><F97/><W7/><G22/><T105/><D105/><U134/><E134/><V8/><F8/><AGARI ba="1,0" hai="7,8,13,108,111" m="19847,39095,50762" machi="8" ten="30,7700,0" yaku="20,1,52,3" doraHai="130" who="3" fromWho="2" sc="211,0,358,0,201,-80,230,80" /><INIT seed="2,0,0,1,0,46" ten="211,358,121,310" oya="2" hai0="81,49,109,31,100,121,80,57,110,26,40,65,77" hai1="122,4,128,47,23,3,91,130,76,106,64,111,84" hai2="10,38,99,28,89,22,72,87,61,9,11,104,19" hai3="63,68,129,103,36,20,131,14,48,13,55,127,52"/><V45/><F72/><W74/><G36/><T95/><D121/><U29/><E111/><N who="0" m="42505" /><D65/><U97/><E122/><V94/><F28/><W124/><G74/><T62/><D62/><U15/><E64/><V115/><F115/><W70/><G103/><T133/><D133/><U41/><E76/><V86/><F104/><W50/><G20/><T117/><D117/><U79/><E79/><V135/><F135/><W118/><REACH who="3" step="1"/><G63/><REACH who="3" ten="211,358,121,300" step="2"/><T132/><D100/><U58/><E23/><V27/><F38/><W54/><G54/><T105/><D132/><U16/><E41/><V1/><F1/><W42/><G42/><T7/><D40/><U123/><E3/><V43/><F43/><W2/><G2/><T75/><D75/><U24/><E123/><V83/><F61/><W98/><G98/><T113/><D113/><U6/><E97/><V92/><F99/><W71/><G71/><T59/><D105/><U32/><E106/><V35/><F35/><W93/><G93/><T134/><D95/><U107/><E107/><V30/><F94/><W116/><AGARI ba="0,1" hai="13,14,48,50,52,55,68,70,116,118,124,127,129,131" machi="116" ten="25,12000,2" yaku="1,1,0,1,22,2,52,2,54,1,53,0" doraHai="46" doraHaiUra="108" who="3" fromWho="3" sc="211,-30,358,-30,121,-60,300,130" /><INIT seed="3,0,0,4,1,114" ten="181,328,61,430" oya="3" hai0="20,7,15,94,123,86,21,8,11,131,73,17,77" hai1="119,89,90,105,25,48,3,93,81,41,70,51,88" hai2="36,34,135,26,53,29,83,30,42,56,128,98,102" hai3="43,0,104,68,32,91,112,79,97,19,44,54,76"/><W39/><G112/><T1/><D123/><U2/><E119/><V71/><F128/><W23/><G32/><T110/><D131/><U52/><E105/><V35/><F135/><W100/><G0/><T101/><D110/><U121/><E121/><V28/><F42/><W122/><G122/><T125/><D125/><U82/><E70/><V13/><F36/><W92/><G54/><T24/><D73/><U33/><E93/><V10/><F71/><W106/><G68/><T31/><D77/><U117/><E117/><V113/><F83/><W59/><G59/><T84/><D101/><U124/><E124/><V62/><F113/><W107/><REACH who="3" step="1"/><G100/><REACH who="3" ten="181,328,61,420" step="2"/><T45/><D45/><N who="1" m="25647" /><E2/><V111/><F111/><W50/><G50/><T18/><D1/><U74/><E3/><V78/><F35/><W75/><G75/><T126/><D126/><U69/><E74/><V130/><F130/><W115/><G115/><T133/><D133/><U87/><E69/><V57/><F57/><W96/><G96/><T108/><D108/><U129/><E129/><V134/><F134/><W109/><G109/><T4/><D86/><U5/><E87/><V61/><F61/><W16/><G16/><N who="0" m="6251" /><D84/><U49/><E5/><N who="0" m="2121" /><D94/><U103/><E103/><V6/><REACH who="2" step="1"/><F78/><REACH who="2" ten="181,328,51,420" step="2"/><W63/><G63/><T58/><D58/><N who="1" m="33039" /><E51/><V64/><F64/><W46/><G46/><T55/><D55/><U132/><E132/><V27/><F27/><AGARI ba="0,2" hai="19,23,27,39,43,44,76,79,91,92,97,104,106,107" machi="27" ten="40,2000,0" yaku="1,1,53,0" doraHai="114" doraHaiUra="127" who="3" fromWho="2" sc="181,0,328,0,51,-20,420,40" /><INIT seed="3,1,0,3,5,127" ten="181,328,31,460" oya="3" hai0="80,54,100,113,72,46,40,109,111,78,116,53,39" hai1="131,135,115,55,2,106,105,85,28,108,130,71,64" hai2="35,41,132,83,112,25,73,86,13,30,49,63,118" hai3="99,77,119,16,47,26,57,60,68,43,92,51,36"/><W96/><G119/><T5/><D116/><U11/><E115/><V10/><F118/><W9/><G77/><T79/><D113/><U87/><E108/><N who="0" m="41545" /><D100/><U114/><E114/><V61/><F112/><W20/><G68/><T18/><D5/><N who="1" m="1463" /><E28/><V81/><F73/><W122/><G122/><T82/><D18/><U67/><E55/><V19/><F132/><W29/><G36/><T110/><N who="0" m="41553" /><T124/><DORA hai="89" /><D124/><U23/><E23/><V120/><F120/><W90/><G96/><T75/><AGARI ba="1,0" hai="39,40,46,53,54,72,75,78,79,80,82" m="41553" machi="75" ten="40,1500,0" yaku="14,1" doraHai="127,89" who="0" fromWho="0" sc="181,18,328,-5,31,-5,460,-8" /><INIT seed="4,0,0,3,1,45" ten="199,323,26,452" oya="0" hai0="65,77,71,134,73,23,25,66,59,89,55,2,131" hai1="3,99,69,27,127,93,50,85,118,103,119,94,110" hai2="38,10,46,104,78,91,114,8,117,43,98,42,36" hai3="64,24,48,40,129,56,54,74,70,49,31,125,18"/><T29/><D2/><U60/><E110/><V135/><F117/><W87/><G74/><T132/><D71/><U121/><E121/><V9/><F135/><N who="0" m="51754" /><D131/><U30/><E3/><V111/><F111/><W61/><G125/><T13/><D89/><U6/><E6/><V20/><F114/><W115/><G115/><T17/><D77/><U92/><E127/><V97/><F78/><W113/><G113/><T67/><D73/><U41/><E85/><V88/><F20/><W21/><G129/><T44/><D44/><U11/><E11/><V63/><F63/><W100/><G100/><T95/><D95/><U57/><E69/><V47/><F104/><W33/><G87/><T126/><D126/><U107/><E119/><V76/><F76/><W34/><G31/><T128/><D128/><U112/><E112/><V102/><F102/><W53/><G40/><T123/><D123/><U58/><E118/><V62/><REACH who="2" step="1"/><F62/><REACH who="2" ten="199,323,16,452" step="2"/><W83/><G33/><N who="0" m="20655" /><D66/><U116/><E116/><V52/><F52/><W4/><G34/><T106/><D106/><U72/><E107/><V90/><AGARI ba="0,1" hai="8,9,10,36,38,42,43,46,47,88,90,91,97,98" machi="90" ten="30,7900,0" yaku="1,1,0,1,9,1,54,1,53,0" doraHai="45" doraHaiUra="120" who="2" fromWho="2" sc="199,-39,323,-20,16,89,452,-20" /><INIT seed="5,0,0,4,2,92" ten="160,303,105,432" oya="1" hai0="101,47,78,77,93,73,3,60,125,75,90,89,13" hai1="24,14,9,54,87,30,5,98,118,33,39,63,116" hai2="22,128,81,120,0,86,127,64,119,135,7,117,51" hai3="34,10,94,67,130,43,123,131,45,126,48,36,26"/><U133/><E133/><V100/><F120/><W50/><G123/><T107/><D3/><U134/><E134/><V11/><F135/><W32/><G126/><T113/><D13/><U102/><E39/><V82/><F127/><W27/><G67/><T83/><D60/><U62/><E87/><V44/><F128/><N who="3" m="49195" /><G10/><T8/><D8/><U95/><REACH who="1" step="1"/><E54/><REACH who="1" ten="160,293,105,432" step="2"/><V6/><F86/><W85/><G36/><T129/><D125/><U109/><E109/><V56/><F117/><AGARI ba="0,1" hai="5,9,14,24,30,33,62,63,95,98,102,116,117,118" machi="117" ten="40,3900,0" yaku="1,1,52,1,53,0" doraHai="92" doraHaiUra="61" who="1" fromWho="2" sc="160,0,293,49,105,-39,432,0" /><INIT seed="5,1,0,2,4,97" ten="160,342,66,432" oya="1" hai0="75,54,120,45,79,66,9,53,88,3,1,90,83" hai1="85,24,109,32,76,89,55,111,122,114,133,43,87" hai2="40,98,104,25,37,20,36,73,103,52,35,41,131" hai3="71,132,116,60,44,2,72,23,21,119,42,62,86"/><U123/><E43/><V78/><F131/><W84/><G72/><T29/><D120/><U64/><E64/><V74/><F35/><W110/><G110/><N who="1" m="41994" /><E55/><V22/><F41/><W56/><G132/><T39/><D66/><U11/><E11/><V57/><F22/><N who="3" m="8203" /><G2/><T4/><D1/><U67/><E67/><V28/><F40/><W16/><G71/><T15/><D29/><N who="1" m="19495" /><E114/><V92/><F104/><W94/><G16/><T19/><D39/><U124/><E124/><V99/><F99/><W68/><G68/><T106/><D106/><U27/><E27/><V91/><F91/><N who="3" m="53607" /><G56/><T26/><D26/><U134/><E76/><V81/><REACH who="2" step="1"/><F74/><REACH who="2" ten="160,342,56,432" step="2"/><W93/><G42/><T63/><D90/><U50/><E123/><V135/><F135/><W8/><G119/><T101/><D88/><U17/><E122/><V48/><AGARI ba="1,1" hai="20,25,28,36,37,48,52,57,73,78,81,92,98,103" machi="48" ten="20,8000,1" yaku="1,1,0,1,7,1,52,1,54,1,53,0" doraHai="97" doraHaiUra="115" who="2" fromWho="2" sc="160,-21,342,-41,56,93,432,-21" /><INIT seed="6,0,0,3,3,5" ten="139,301,149,411" oya="2" hai0="25,101,113,41,26,31,29,76,120,24,131,104,33" hai1="134,90,42,21,22,98,50,43,1,34,128,16,93" hai2="102,60,135,65,77,38,59,51,57,71,79,108,106" hai3="117,15,44,12,19,129,10,82,116,115,54,107,53"/><V0/><F0/><W27/><G107/><T35/><D120/><U14/><E128/><V3/><F3/><W72/><G115/><T68/><D68/><U28/><E134/><V83/><F38/><W67/><G27/><T110/><D110/><U30/><E34/><V40/><F135/><W63/><G129/><T17/><D131/><U85/><E1/><V36/><F108/><W70/><G72/><T2/><D113/><U61/><E61/><V121/><F121/><W127/><G127/><T13/><D2/><U75/><E75/><V48/><F36/><W124/><G124/><T37/><D76/><N who="2" m="29258" /><F71/><W56/><G82/><T32/><D101/><U45/><E42/><V92/><F106/><W64/><G64/><T46/><REACH who="0" step="1"/><D104/><REACH who="0" ten="129,301,149,411" step="2"/><U86/><E90/><V81/><F102/><W47/><G70/><T118/><D118/><U7/><E30/><V66/><F92/><W58/><G117/><T96/><D96/><U4/><E98/><V103/><F103/><W39/><G116/><T111/><D111/><U49/><E93/><V52/><F66/><W62/><G67/><T8/><AGARI ba="0,1" hai="8,13,17,24,25,26,29,31,32,33,35,37,41,46" machi="8" ten="40,5200,0" yaku="1,1,0,1,52,1,53,0" doraHai="5" doraHaiUra="84" who="0" fromWho="0" sc="129,62,301,-13,149,-26,411,-13" /><INIT seed="7,0,0,0,5,79" ten="191,288,123,398" oya="3" hai0="87,28,72,123,37,10,26,34,47,111,131,127,54" hai1="62,63,46,1,0,88,43,8,110,13,116,25,24" hai2="96,48,124,2,134,68,78,11,66,92,132,77,61" hai3="100,95,20,30,32,135,75,38,65,7,9,41,31"/><W17/><G75/><T35/><D111/><U29/><E110/><V91/><F2/><W73/><G73/><T81/><D123/><U15/><E88/><V36/><F36/><W64/><G38/><T5/><D72/><U113/><E113/><V93/><F124/><W59/><G41/><T42/><D127/><U117/><E43/><V114/><F114/><W49/><G32/><T70/><D70/><U104/><E8/><V107/><F107/><W97/><G135/><T71/><D71/><U102/><E104/><V51/><F11/><W56/><G7/><T101/><D131/><U14/><E46/><V60/><F68/><W67/><G9/><T57/><D101/><U108/><E102/><V133/><F66/><W18/><G18/><T3/><D34/><U130/><E108/><V40/><F40/><W103/><G103/><T16/><D16/><U6/><E6/><V84/><F96/><W94/><G94/><N who="2" m="36457" /><F91/><W80/><G80/><T90/><D57/><N who="3" m="22089" /><G49/><N who="2" m="19017" /><F84/><W126/><G126/><T106/><D106/><U55/><E130/><V27/><F27/><AGARI ba="0,0" hai="17,20,27,30,31,64,65,67,95,97,100" m="22089" machi="27" ten="30,1500,0" yaku="8,1" doraHai="79" who="3" fromWho="2" sc="191,0,288,0,123,-15,398,15" owari="191,-21.0,288,9.0,108,-39.0,413,51.0" /></mjloggm>