<mjloggm ver="2.3"><GO type="97" lobby="0"/><UN n0="%EF%BC%A1%EF%BC%AB%EF%BC%B2%33%2E%37" n1="%E5%B0%B1%E6%B4%BB%E7%94%9F%40%E5%B7%9D%E6%9D%91%E8%BB%8D%E5%9B%A3" n2="%E3%81%BF%E3%81%93%E3%81%A3%E3%81%A6%E3%81%83" n3="%E3%83%91%E3%83%8E%E3%83%97%E3%83%86%E3%82%A3%E3%82%B3%E3%83%B3" dan="13,15,14,14" rate="1878.07,2008.06,1898.35,1996.99" sx="M,M,F,M"/><TAIKYOKU oya="0"/><INIT seed="0,0,0,4,1,79" ten="250,250,250,250" oya="0" hai0="39,26,0,44,37,20,17,91,65,53,1,122,60" hai1="14,32,7,16,88,85,75,29,64,58,5,11,89" hai2="95,49,115,129,111,6,130,61,12,113,22,134,74" hai3="112,87,43,99,126,56,35,55,128,13,34,21,15"/><T97/><D122/><U118/><E75/><V103/><F74/><W135/><G112/><T124/><D124/><U31/><E118/><V73/><F73/><W90/><G43/><T70/><D37/><U100/><E100/><V93/><F134/><W41/><G41/><T71/><D71/><U38/><E38/><V80/><F111/><W72/><G72/><T120/><D120/><U45/><E45/><V42/><F61/><W107/><G128/><N who="2" m="49257" /><F80/><W117/><G117/><T50/><D39/><U2/><E32/><V82/><F82/><W84/><G135/><T98/><D98/><U48/><E89/><V86/><F95/><N who="3" m="56823" /><G107/><T68/><D68/><U4/><E2/><V123/><F123/><W40/><G126/><T33/><D33/><U114/><E114/><V81/><F103/><W52/><G40/><T116/><D116/><U9/><E9/><N who="2" m="4151" /><F22/><W127/><G35/><T78/><D78/><U28/><E64/><V102/><F102/><W96/><G127/><T109/><D109/><U25/><E25/><V47/><F93/><W18/><G34/><T119/><D119/><U30/><N who="1" m="7168" /><DORA hai="36" /><U3/><E3/><V108/><F108/><W77/><G77/><AGARI ba="0,0" hai="42,47,49,77,81,86,113,115" m="4151,49257" machi="77" ten="30,7700,0" yaku="25,1,19,1,52,2" doraHai="79,36" who="2" fromWho="3" sc="250,0,250,0,250,77,250,-77" /><INIT seed="1,0,0,3,3,50" ten="250,250,327,173" oya="1" hai0="4,131,125,24,44,32,107,47,79,29,66,54,45" hai1="28,57,109,129,38,69,133,61,98,108,55,92,53" hai2="84,71,16,3,87,86,40,9,74,90,14,99,78" hai3="46,117,11,128,106,93,0,75,130,135,100,88,103"/><U80/><E38/><V5/><F71/><W43/><G0/><T27/><D107/><U8/><E69/><V36/><F99/><N who="3" m="61823" /><G11/><T121/><D121/><U134/><E28/><V122/><F122/><W20/><G20/><T39/><D66/><N who="1" m="39215" /><E80/><V48/><F36/><W59/><G59/><T49/><D125/><U33/><E33/><V89/><F74/><W31/><G31/><T91/><D131/><N who="3" m="50217" /><G46/><T96/><D79/><U42/><E8/><V2/><F78/><W104/><G43/><T77/><D77/><U114/><E42/><V97/><F2/><W101/><G75/><T111/><D111/><N who="1" m="42571" /><E129/><V126/><F126/><W124/><G124/><T76/><D76/><U94/><E94/><V118/><F3/><W25/><G25/><T67/><D24/><U123/><E123/><V63/><F5/><W82/><G117/><T65/><D4/><U18/><E18/><V110/><F40/><W1/><G1/><T51/><D39/><U102/><E114/><V17/><F110/><W81/><G135/><AGARI ba="0,0" hai="53,55,92,98,102,133,134,135" m="42571,39215" machi="135" ten="30,12000,1" yaku="20,1,14,1,10,1,52,2" doraHai="50" who="1" fromWho="3" sc="250,0,250,120,327,0,173,-120" /><INIT seed="1,1,0,3,3,33" ten="250,370,327,53" oya="1" hai0="120,109,54,13,124,59,1,47,130,22,92,25,3" hai1="81,78,117,132,73,96,12,27,21,49,72,51,64" hai2="44,35,70,11,14,94,122,123,106,56,40,63,108" hai3="114,5,75,46,45,128,30,85,65,17,74,125,89"/><U127/><E117/><V2/><F106/><W66/><G114/><T34/><D120/><U87/><E132/><V105/><F105/><W39/><G39/><T7/><D124/><U26/><E127/><V104/><F35/><W113/><G113/><T19/><D47/><U38/><E38/><V67/><F104/><W82/><G125/><T115/><D115/><U121/><E121/><V31/><F31/><W135/><G135/><T91/><D130/><U32/><E32/><V98/><F70/><W79/><G128/><T37/><D37/><U116/><E64/><V42/><F42/><W76/><G30/><T20/><D7/><U4/><E116/><V90/><F108/><W0/><G17/><T126/><D34/><U15/><E96/><V68/><F68/><W8/><G76/><T10/><D22/><U43/><E73/><V6/><F14/><W53/><G75/><T71/><D71/><U84/><E72/><V110/><F110/><W36/><G46/><T131/><D131/><U88/><E43/><V61/><F61/><W80/><REACH who="3" step="1"/><G53/><REACH who="3" ten="250,370,327,43" step="2"/><T77/><D77/><U102/><E78/><V95/><F123/><W69/><G69/><T99/><D126/><U97/><E4/><V23/><F122/><W9/><G9/><T50/><D109/><U52/><E52/><V55/><F55/><W83/><G83/><T57/><D57/><U60/><E81/><V58/><F58/><W134/><G134/><T48/><D48/><U28/><E28/><V119/><F119/><W62/><G62/><T29/><AGARI ba="1,1" hai="1,3,10,13,19,20,25,29,50,54,59,91,92,99" machi="29" ten="20,5200,0" yaku="0,1,7,1,52,2" doraHai="33" who="0" fromWho="0" sc="250,65,370,-27,327,-14,43,-14" /><INIT seed="2,0,0,4,1,36" ten="315,343,313,29" oya="2" hai0="34,9,132,93,21,111,115,72,67,40,95,64,123" hai1="28,2,3,63,12,122,99,109,66,45,50,1,133" hai2="127,78,23,14,120,88,112,56,0,117,107,46,81" hai3="103,125,119,11,8,96,51,129,37,30,108,57,55"/><V48/><F117/><W31/><G119/><T44/><D72/><U110/><E122/><V113/><F120/><W49/><G125/><T17/><D34/><U41/><E133/><V118/><F118/><W87/><G37/><T19/><D115/><U79/><E79/><V130/><F107/><W86/><G129/><T54/><D54/><U128/><E128/><V4/><F130/><W84/><G108/><N who="1" m="41578" /><E99/><V106/><F0/><W73/><G73/><T32/><D32/><U5/><E28/><V35/><F127/><W91/><G91/><T70/><D70/><N who="1" m="42335" /><E12/><V90/><F35/><W65/><G65/><T33/><D33/><U16/><E16/><N who="2" m="10647" /><F113/><W68/><G68/><T59/><D132/><U75/><E75/><V24/><F112/><W18/><G51/><T85/><D123/><U94/><E94/><V6/><F106/><W76/><G76/><T77/><D111/><U101/><E101/><V69/><F69/><W89/><G89/><N who="2" m="34409" /><F24/><W62/><G62/><T102/><D95/><U26/><E26/><V114/><F114/><W116/><G116/><T80/><D93/><U98/><E98/><V52/><F78/><W10/><REACH who="3" step="1"/><G18/><REACH who="3" ten="315,343,313,19" step="2"/><T105/><D19/><U20/><E5/><N who="2" m="2155" /><F81/><W58/><G58/><AGARI ba="0,1" hai="46,48,52,56,58" m="2155,34409,10647" machi="58" ten="30,11600,0" yaku="8,1,54,3" doraHai="36" who="2" fromWho="3" sc="315,0,343,0,313,126,19,-116" owari="315,-8.0,343,14.0,439,54.0,-97,-60.0" /></mjloggm>