<mjloggm ver="2.3"><GO type="169" lobby="0"/><UN n0="%E3%81%B5%E3%81%98%E3%81%8A" n1="%E9%AC%BC%E5%8F%A3%E3%81%BE%E3%81%93%E3%81%A8" n2="%E3%82%A6%E3%83%AB%E3%83%88%E3%83%A9%E7%AB%8B%E7%9B%B4" n3="%E3%81%8F%E3%82%8D%E3%81%AF%E3%81%A1" dan="18,17,18,16" rate="2262.66,2149.34,2209.46,2097.21" sx="M,M,M,M"/><TAIKYOKU oya="0"/><INIT seed="0,0,0,3,0,44" ten="250,250,250,250" oya="0" hai0="84,43,67,5,75,118,94,89,122,87,34,25,52" hai1="60,96,128,27,45,17,2,23,19,62,124,88,119" hai2="12,133,21,117,106,127,40,55,11,41,29,22,24" hai3="131,13,79,31,111,1,28,121,8,35,90,26,99"/><T97/><D122/><U39/><E2/><V10/><F106/><W132/><G79/><T32/><D75/><U0/><E0/><V51/><F127/><W126/><G126/><T73/><D73/><U74/><E74/><V80/><F133/><W18/><G132/><T66/><D118/><U83/><E119/><V76/><F117/><W47/><G121/><T93/><D43/><U7/><E7/><V101/><F101/><W109/><G131/><T4/><D25/><U61/><E128/><V77/><F21/><W16/><G28/><T116/><D116/><U46/><E39/><V82/><F11/><W123/><G123/><T36/><D36/><U38/><E38/><V92/><F92/><N who="3" m="56727" /><G47/><N who="1" m="17930" /><E124/><V30/><F30/><W64/><G64/><T68/><D89/><U48/><E17/><V53/><F53/><W65/><G65/><T70/><D97/><U86/><E96/><V71/><F71/><W125/><G1/><T20/><D20/><U3/><E3/><V9/><F41/><W110/><G125/><T50/><REACH who="0" step="1"/><D52/><REACH who="0" ten="240,250,250,250" step="2"/><U59/><E48/><AGARI ba="0,1" hai="4,5,32,34,48,50,66,67,68,70,84,87,93,94" machi="48" ten="25,18000,2" yaku="1,1,2,1,22,2,52,2,53,0" doraHai="44" doraHaiUra="58" who="0" fromWho="1" sc="240,190,250,-180,250,0,250,0" /><INIT seed="0,1,0,1,1,94" ten="430,70,250,250" oya="0" hai0="70,60,59,29,91,58,28,72,118,67,37,97,81" hai1="88,7,86,92,121,125,85,130,61,50,36,42,98" hai2="55,3,114,115,20,45,82,131,123,71,68,122,64" hai3="76,103,95,22,38,107,111,100,66,135,116,4,102"/><T27/><D37/><U132/><E36/><V35/><F20/><W13/><G116/><T113/><D118/><U78/><E121/><V93/><F93/><W44/><G107/><T110/><D113/><U65/><E132/><V63/><F82/><W34/><G34/><T75/><D29/><U21/><E130/><V80/><F80/><W31/><G111/><T134/><D110/><U84/><E125/><V18/><F18/><W6/><G135/><T87/><D134/><U1/><E78/><V119/><F3/><W48/><G38/><T26/><D26/><U62/><E21/><V54/><F35/><W33/><G33/><T127/><D127/><U30/><E30/><V14/><F14/><W41/><G66/><T108/><D108/><U117/><E117/><V99/><F119/><W57/><G57/><T56/><REACH who="0" step="1"/><D97/><REACH who="0" ten="420,70,250,250" step="2"/><U83/><E83/><V11/><F99/><W10/><G31/><T47/><D47/><U23/><E98/><V128/><F45/><W5/><G44/><T43/><D43/><U109/><E42/><V16/><F115/><W79/><G41/><T9/><D9/><U106/><E109/><V90/><F114/><W19/><G10/><T8/><D8/><U32/><E32/><AGARI ba="1,1" hai="27,28,32,56,58,59,60,67,70,72,75,81,87,91" machi="32" ten="40,3900,0" yaku="1,1,53,1" doraHai="94" doraHaiUra="77" who="0" fromWho="1" sc="420,52,70,-42,250,0,250,0" /><INIT seed="0,2,0,0,1,103" ten="472,28,250,250" oya="0" hai0="55,111,89,53,57,129,85,88,45,70,114,68,133" hai1="119,5,42,34,1,33,131,25,118,58,97,92,105" hai2="69,108,82,127,72,101,26,35,64,61,23,120,124" hai3="96,110,128,134,51,94,50,83,54,116,106,9,107"/><T67/><D114/><U20/><E42/><V78/><F120/><W99/><G116/><N who="1" m="44586" /><E58/><V29/><F23/><W17/><G110/><T66/><D89/><U77/><E77/><V125/><REACH who="2" step="1"/><F101/><REACH who="2" ten="472,28,240,250" step="2"/><W16/><G128/><T27/><D129/><U71/><E131/><V76/><F76/><W52/><G134/><T80/><D133/><U109/><E20/><V91/><F91/><W41/><G9/><T39/><D111/><AGARI ba="2,1" hai="26,29,35,61,64,69,72,78,82,108,111,124,125,127" machi="111" ten="50,8000,1" yaku="1,1,18,1,23,2,53,0" doraHai="103" doraHaiUra="10" who="2" fromWho="0" sc="472,-86,28,0,240,96,250,0" /><INIT seed="1,0,0,1,2,46" ten="386,28,336,250" oya="1" hai0="85,54,82,120,15,118,77,62,73,87,119,50,123" hai1="27,86,13,65,69,64,21,132,29,104,20,51,125" hai2="110,94,100,80,71,11,122,111,78,95,17,133,7" hai3="66,112,47,135,103,37,36,121,107,34,116,35,134"/><U55/><E104/><V129/><F122/><N who="0" m="46634" /><D62/><U33/><E132/><N who="3" m="50730" /><G121/><T39/><D39/><U48/><E125/><V76/><F71/><W32/><G112/><T124/><D124/><U22/><E69/><V117/><F117/><N who="0" m="44554" /><D15/><U127/><E127/><V68/><F68/><W126/><G126/><T113/><D113/><U26/><E13/><V44/><F17/><W2/><G116/><T56/><AGARI ba="0,0" hai="50,54,56,73,77,82,85,87" m="44554,46634" machi="56" ten="30,2000,0" yaku="13,1,52,1" doraHai="46" who="0" fromWho="0" sc="386,20,28,-10,336,-5,250,-5" /><INIT seed="2,0,0,2,0,77" ten="406,18,331,245" oya="2" hai0="116,21,31,37,111,1,83,90,135,26,100,72,133" hai1="22,7,52,105,119,35,6,110,49,93,91,82,53" hai2="128,122,59,86,23,73,89,98,94,102,117,130,71" hai3="101,103,113,12,88,61,67,123,64,42,54,2,19"/><V34/><F34/><W46/><G123/><T5/><D111/><U16/><E35/><V33/><F33/><W17/><G2/><T43/><D116/><U112/><E105/><V36/><F71/><W84/><G113/><T48/><D100/><U30/><E30/><V87/><F36/><W50/><G54/><N who="1" m="21098" /><E112/><V97/><F59/><W39/><G39/><T126/><D126/><U76/><E119/><V51/><F51/><W95/><G17/><T28/><D48/><U80/><E49/><V69/><F23/><W124/><G124/><T57/><D57/><U8/><E110/><V68/><F117/><W132/><G132/><T38/><D28/><U63/><E63/><V55/><F55/><W14/><G14/><T44/><D38/><U78/><E78/><V56/><F56/><N who="3" m="36903" /><G67/><T114/><D114/><U18/><E76/><V79/><F122/><W108/><G108/><T27/><D72/><U121/><E121/><V127/><F127/><W62/><G62/><T20/><D1/><U120/><E120/><V29/><F29/><W81/><G95/><T11/><D31/><U0/><E0/><V75/><F68/><W96/><G96/><N who="2" m="36969" /><F69/><W74/><G74/><N who="2" m="28169" /><F102/><W13/><G13/><N who="0" m="5359" /><D26/><N who="1" m="14663" /><E18/><V45/><F45/><W25/><G25/><T60/><D60/><U58/><E58/><V92/><F79/><W40/><G42/><T70/><D70/><U66/><E66/><V24/><F24/><W10/><AGARI ba="0,0" hai="10,12,19,40,46,50,81,84,88,101,103" m="36903" machi="10" ten="30,4000,0" yaku="8,1,52,1,54,1" doraHai="77" who="3" fromWho="3" sc="406,-10,18,-10,331,-20,245,40" /><INIT seed="3,0,0,2,1,125" ten="396,8,311,285" oya="3" hai0="99,114,66,26,84,19,34,74,67,124,72,78,23" hai1="24,11,105,52,49,64,111,86,61,92,123,45,58" hai2="65,135,109,130,17,15,27,4,54,29,98,126,96" hai3="25,129,59,132,131,28,21,14,80,107,48,55,6"/><W112/><G112/><T31/><D124/><U16/><E105/><V18/><F109/><W38/><G38/><T56/><D99/><U102/><E111/><V12/><F135/><W97/><G132/><T51/><D114/><U119/><E119/><V39/><F4/><W118/><G118/><T85/><D74/><U133/><E133/><V100/><F65/><W68/><G68/><T104/><D104/><U115/><E115/><V1/><F1/><W101/><REACH who="3" step="1"/><G80/><REACH who="3" ten="396,8,311,275" step="2"/><T44/><D67/><U43/><E123/><V30/><F39/><W42/><G42/><T88/><D66/><U95/><E102/><V2/><F100/><W76/><G76/><T83/><D78/><U79/><E64/><V75/><F126/><W22/><G22/><T122/><D122/><U41/><E41/><V3/><F54/><W32/><G32/><T69/><D69/><U8/><E8/><AGARI ba="0,1" hai="6,8,14,21,25,28,48,55,59,97,101,107,129,131" machi="8" ten="40,7700,0" yaku="1,1,52,2,53,0" doraHai="125" doraHaiUra="134" who="3" fromWho="1" sc="396,0,8,-77,311,0,275,87" owari="396,50.0,-69,-57.0,311,-9.0,362,16.0" /></mjloggm>