<mjloggm ver="2.3"><GO type="169" lobby="0"/><UN n0="%E3%82%86%E3%81%A3%E3%81%8F%E3%82%8A%E5%A6%96%E5%A4%A2" n1="%E7%99%BD%E9%BB%92%E7%A5%9E" n2="%50%6F%78%79" n3="%E3%82%A6%E3%83%AB%E3%83%88%E3%83%A9%E7%AB%8B%E7%9B%B4" dan="16,16,16,16" rate="2139.24,2167.33,2107.77,2103.33" sx="M,F,M,M"/><TAIKYOKU oya="0"/><INIT seed="0,0,0,5,3,135" ten="250,250,250,250" oya="0" hai0="68,89,110,19,60,80,127,116,46,3,93,85,123" hai1="87,131,10,8,25,53,50,103,78,59,129,121,102" hai2="105,36,67,128,74,126,134,55,100,20,86,79,23" hai3="57,64,132,2,18,119,5,130,47,118,9,124,44"/><T112/><D123/><U13/><E121/><V84/><F36/><W35/><G64/><T48/><D116/><U71/><E71/><V21/><F67/><W41/><G57/><T133/><D112/><U56/><E25/><V75/><F134/><W43/><G18/><T92/><D133/><U83/><E59/><V26/><F128/><N who="1" m="49225" /><E10/><V16/><F105/><W31/><G31/><T63/><D110/><U98/><E98/><V0/><F0/><W33/><G130/><T32/><D32/><U38/><E38/><V42/><F42/><W65/><G65/><T115/><D115/><U28/><E28/><V7/><F7/><AGARI ba="0,0" hai="7,8,13,50,53,56,78,83,87,102,103" m="49225" machi="7" ten="30,1000,0" yaku="19,1" doraHai="135" who="1" fromWho="2" sc="250,0,250,10,250,-10,250,0" /><INIT seed="1,0,0,0,2,1" ten="250,260,240,250" oya="1" hai0="14,37,3,11,31,25,107,18,30,33,82,32,117" hai1="85,102,8,114,118,109,35,12,72,128,76,135,105" hai2="96,120,42,46,24,116,73,59,52,91,29,22,7" hai3="97,5,89,134,9,39,36,15,63,80,95,127,101"/><U104/><E114/><V64/><F73/><W92/><G127/><T124/><D107/><U16/><E35/><V130/><F130/><W112/><G112/><T75/><D37/><U13/><E118/><V126/><F126/><W108/><G108/><T49/><D117/><U122/><E122/><V84/><F120/><W34/><G34/><T131/><D124/><U41/><E128/><V119/><F96/><W83/><G134/><T56/><D131/><U68/><E68/><V4/><F64/><W71/><G39/><T62/><D49/><U57/><E135/><V58/><F116/><W87/><G36/><T90/><D3/><U23/><E72/><V133/><F133/><W51/><G51/><T17/><D75/><U44/><E102/><V100/><F100/><W113/><REACH who="3" step="1"/><G113/><REACH who="3" ten="250,260,240,240" step="2"/><T78/><D33/><U26/><E109/><V27/><F119/><W129/><G129/><T2/><D32/><U40/><E41/><V81/><F42/><W94/><G94/><T61/><D62/><U45/><E105/><V67/><F67/><AGARI ba="0,1" hai="5,9,15,63,67,71,80,83,87,89,92,95,97,101" machi="67" ten="40,2600,0" yaku="1,1,52,1,53,0" doraHai="1" doraHaiUra="38" who="3" fromWho="2" sc="250,0,260,0,240,-26,240,36" /><INIT seed="2,0,0,2,5,55" ten="250,260,214,276" oya="2" hai0="99,70,22,124,104,125,102,10,58,51,11,36,79" hai1="116,80,46,83,7,120,135,130,61,106,109,75,9" hai2="13,28,38,132,41,91,82,45,34,49,31,48,129" hai3="89,63,97,20,69,24,94,92,68,25,119,71,14"/><V6/><F129/><W19/><G119/><T123/><D123/><U84/><E116/><V110/><F110/><W23/><G94/><T32/><D32/><U76/><E109/><V93/><F132/><W101/><G101/><T117/><D70/><U90/><E135/><V5/><F82/><W87/><G87/><T107/><D36/><U127/><E130/><V64/><F64/><W81/><G81/><T128/><D128/><U53/><E106/><V86/><F34/><W62/><REACH who="3" step="1"/><G14/><REACH who="3" ten="250,260,214,266" step="2"/><T44/><D117/><U27/><E120/><V26/><F13/><W37/><G37/><T121/><D121/><U39/><E39/><V113/><F38/><W96/><G96/><T29/><D99/><U8/><E83/><V60/><F86/><W42/><G42/><T2/><D102/><U122/><E84/><V72/><F41/><W21/><G21/><T16/><D22/><U105/><E80/><V15/><F15/><W111/><G111/><T3/><D107/><U57/><E122/><V65/><F93/><W12/><G12/><T95/><D95/><U126/><E105/><V98/><F98/><W85/><G85/><T118/><D104/><U74/><E75/><V115/><F72/><W40/><G40/><T108/><D118/><U17/><E74/><V33/><F33/><W47/><G47/><T73/><D44/><U133/><E46/><V50/><F45/><W59/><G59/><T66/><D58/><U30/><E57/><V0/><F91/><W134/><G134/><T52/><D73/><U103/><E90/><V35/><F35/><W88/><G88/><RYUUKYOKU ba="0,1" sc="250,-10,260,-10,214,-10,266,30" hai3="19,20,23,24,25,62,63,68,69,71,89,92,97" /><INIT seed="3,1,1,1,1,56" ten="240,250,204,296" oya="3" hai0="110,93,81,27,33,95,47,1,70,111,106,83,38" hai1="101,105,85,107,43,121,6,127,76,119,26,86,104" hai2="130,42,131,28,135,66,53,118,114,69,133,34,23" hai3="129,16,5,75,89,113,116,123,11,22,40,0,60"/><W120/><G75/><T4/><D106/><U96/><E6/><V61/><F34/><W17/><G116/><T71/><D1/><U91/><E43/><V80/><F28/><W24/><G113/><T39/><D4/><U32/><E119/><V59/><F23/><W9/><G40/><T41/><D41/><U68/><E68/><V55/><F80/><W52/><G89/><T12/><D33/><U87/><E32/><V94/><F94/><W99/><G99/><T92/><D93/><N who="1" m="58511" /><E26/><V100/><F100/><W108/><G129/><N who="2" m="49161" /><F118/><W51/><G11/><T78/><D47/><U29/><E29/><V103/><F103/><W77/><G17/><T10/><D27/><U31/><E31/><V18/><F18/><W14/><G24/><T117/><D117/><U67/><E121/><V45/><F114/><W125/><G120/><T82/><D82/><N who="1" m="47303" /><E67/><V49/><F55/><W128/><G128/><T124/><D78/><U2/><E2/><V90/><F90/><W79/><G77/><T50/><D12/><U73/><E73/><V37/><AGARI ba="1,1" hai="37,42,45,49,53,59,61,66,69,133,135" m="49161" machi="37" ten="30,8000,1" yaku="24,1,19,1,34,2,52,1" doraHai="56" who="2" fromWho="2" sc="240,-21,250,-21,204,93,296,-41" /><INIT seed="4,0,0,5,1,50" ten="219,229,297,255" oya="0" hai0="80,57,44,76,128,63,30,120,105,86,35,134,87" hai1="21,43,22,4,68,117,12,115,16,25,100,5,122" hai2="17,53,19,95,46,106,40,3,78,7,28,9,71" hai3="0,130,123,70,20,61,14,113,109,31,83,116,47"/><T107/><D120/><U39/><E68/><V13/><F106/><W18/><G0/><T72/><D134/><U37/><E122/><V60/><F28/><W58/><G116/><T103/><D128/><U81/><E117/><V118/><F118/><W101/><G109/><T89/><D44/><U111/><E111/><V75/><F95/><W79/><G113/><T42/><D42/><U36/><E115/><V45/><F45/><W135/><G135/><T90/><D72/><U67/><E67/><V33/><F33/><W112/><G70/><T52/><D103/><U56/><E100/><V108/><F13/><W51/><G112/><T24/><REACH who="0" step="1"/><D76/><REACH who="0" ten="209,229,297,255" step="2"/><U84/><E43/><V77/><F78/><W94/><G130/><T11/><D11/><U121/><E121/><V98/><F77/><W48/><G47/><T10/><D10/><U114/><E114/><V65/><F75/><W93/><G101/><T2/><D2/><U129/><E129/><V97/><F40/><W96/><G79/><T69/><D69/><U119/><E119/><V73/><F73/><W91/><G123/><T82/><AGARI ba="0,1" hai="24,30,35,52,57,63,80,82,86,87,89,90,105,107" machi="82" ten="20,18000,2" yaku="1,1,0,1,7,1,9,1,52,1,54,1,53,1" doraHai="50" doraHaiUra="49" who="0" fromWho="0" sc="209,190,229,-60,297,-60,255,-60" /><INIT seed="4,1,0,4,4,38" ten="399,169,237,195" oya="0" hai0="135,70,21,49,111,5,36,65,79,89,56,18,24" hai1="71,19,85,60,20,11,106,110,109,51,133,130,99" hai2="126,27,10,4,74,112,81,42,123,17,6,125,84" hai3="77,61,2,100,90,46,88,59,119,117,94,121,63"/><T62/><D135/><U7/><E133/><V69/><F74/><W3/><G77/><T80/><D111/><U98/><E130/><V9/><F69/><W64/><G100/><T45/><D5/><U104/><E85/><V14/><F123/><W108/><G108/><T122/><D122/><U107/><E109/><V54/><F54/><W48/><G121/><T124/><D124/><N who="2" m="47722" /><F112/><W91/><G94/><T37/><D89/><U115/><E115/><V87/><F42/><W67/><G2/><T13/><D24/><U28/><E28/><V101/><F101/><W47/><G3/><T16/><D18/><U127/><E127/><V32/><F81/><W52/><REACH who="3" step="1"/><G46/><REACH who="3" ten="399,169,237,185" step="2"/><T78/><D79/><U93/><E93/><V97/><F97/><W29/><G29/><T0/><D0/><U86/><E99/><V72/><F72/><W103/><G103/><T15/><D45/><U8/><E98/><V102/><F102/><W53/><G53/><T26/><D78/><U44/><E110/><V58/><F84/><W76/><G76/><T33/><D80/><U105/><E86/><V35/><F87/><W132/><G132/><T82/><D82/><U68/><E106/><V75/><F75/><W43/><G43/><T12/><D33/><U134/><E134/><V113/><F32/><W25/><G25/><T96/><D96/><U39/><E107/><V83/><F35/><W95/><G95/><T23/><D26/><U120/><E105/><V73/><F27/><W50/><G50/><T114/><D49/><U40/><E104/><V128/><F73/><W30/><G30/><RYUUKYOKU ba="1,1" sc="399,-10,169,-10,237,-10,185,30" hai3="47,48,52,59,61,63,64,67,88,90,91,117,119" /><INIT seed="5,2,1,3,3,72" ten="389,159,227,215" oya="1" hai0="55,36,37,60,16,25,111,38,132,104,88,58,93" hai1="45,3,126,130,32,9,34,86,123,110,71,112,100" hai2="67,46,128,6,114,134,82,43,1,105,125,124,39" hai3="115,79,76,109,35,50,10,83,23,44,97,102,51"/><U62/><E123/><V122/><F122/><W4/><G35/><T33/><D111/><U95/><E110/><V75/><F128/><W22/><G115/><T47/><D104/><U64/><E130/><V41/><F41/><W54/><G51/><T101/><D132/><U73/><E73/><V118/><F118/><W99/><G109/><T80/><D101/><U108/><E108/><V133/><F67/><W56/><G56/><T81/><D47/><U0/><E112/><V117/><F105/><W53/><G53/><T12/><D33/><U121/><E121/><V92/><F92/><N who="3" m="58663" /><G83/><T106/><D106/><U94/><E126/><N who="2" m="48747" /><F117/><W7/><G99/><N who="0" m="57767" /><D12/><U77/><E45/><V78/><F114/><W27/><G22/><AGARI ba="2,1" hai="16,22,25,36,37,38,55,58,60,80,81" m="57767" machi="22" ten="30,3900,0" yaku="25,1,54,2" doraHai="72" who="0" fromWho="3" sc="389,55,159,0,227,0,215,-45" /><INIT seed="6,0,0,5,1,28" ten="444,159,227,170" oya="2" hai0="33,41,36,81,25,78,115,120,117,76,63,51,132" hai1="31,114,56,58,8,11,106,37,54,42,26,102,127" hai2="72,3,16,38,62,65,123,105,34,99,128,12,2" hai3="7,109,129,93,77,113,111,90,6,55,100,17,103"/><V14/><F123/><W53/><G77/><T68/><D36/><U108/><E108/><V27/><F72/><W20/><G129/><T67/><D115/><U118/><E118/><V133/><F12/><W1/><G1/><T91/><D132/><U135/><E135/><V116/><F38/><W130/><G130/><T70/><D70/><U101/><E114/><V15/><F15/><W126/><G126/><T29/><D117/><U97/><E127/><V69/><F116/><W88/><G113/><T48/><D120/><U22/><E101/><N who="3" m="38986" /><G109/><T92/><D41/><U19/><E58/><V60/><F60/><W64/><G64/><T82/><D81/><U40/><E40/><V75/><F75/><W0/><G0/><T104/><D104/><U122/><E122/><V49/><F49/><W96/><G90/><T4/><D4/><N who="3" m="1577" /><G111/><T32/><D32/><U44/><REACH who="1" step="1"/><E31/><REACH who="1" ten="444,149,227,170" step="2"/><V21/><F133/><W39/><G39/><T112/><D112/><U83/><E83/><V71/><F128/><W79/><G79/><T50/><D82/><U52/><E52/><V45/><F71/><W119/><G119/><T9/><D29/><U94/><E94/><V47/><F69/><W73/><G73/><T74/><D74/><U10/><E10/><V24/><F105/><W87/><G96/><N who="0" m="57375" /><D9/><U23/><E23/><V110/><F21/><W95/><G95/><T134/><D134/><U85/><E85/><V13/><F99/><W124/><G124/><T121/><D121/><U35/><E35/><V61/><F34/><W18/><G20/><T66/><D78/><U131/><E131/><RYUUKYOKU ba="0,1" sc="444,-15,149,15,227,-15,170,15" hai1="8,11,19,22,26,37,42,44,54,56,97,102,106" hai3="17,18,53,55,87,88,93" /><INIT seed="7,1,1,4,1,56" ten="429,164,212,185" oya="3" hai0="134,9,40,131,52,113,82,19,2,28,103,90,88" hai1="11,112,118,10,77,72,44,45,122,71,47,86,135" hai2="55,76,54,120,4,92,35,63,25,14,8,80,13" hai3="100,87,12,46,59,39,15,105,73,43,67,129,26"/><W62/><G73/><T132/><D40/><U98/><E122/><V23/><F35/><W37/><G37/><T93/><D28/><U0/><E71/><V65/><F92/><W104/><G129/><T57/><D131/><U36/><E112/><V70/><F14/><W61/><G26/><T119/><D119/><U127/><E118/><V68/><F70/><W16/><G100/><T30/><D30/><U124/><E135/><V84/><F120/><W130/><G130/><T115/><D82/><N who="1" m="47439" /><E72/><V41/><F41/><W66/><G87/><T117/><D90/><U53/><E98/><V33/><F33/><W133/><G133/><N who="0" m="51307" /><D103/><U5/><E11/><V21/><F21/><W34/><G34/><T79/><D79/><U31/><E31/><AGARI ba="1,1" hai="4,8,13,23,25,31,54,55,63,65,68,76,80,84" machi="31" ten="30,2000,0" yaku="7,1,52,1" doraHai="56" who="2" fromWho="1" sc="429,0,164,-23,212,33,185,0" owari="429,52.0,141,-36.0,245,5.0,185,-21.0" /></mjloggm>