<mjloggm ver="2.3"><GO type="169" lobby="0"/><UN n0="%E3%81%8D%E3%81%8F%E3%81%A6%E3%81%83%E3%81%99%E2%98%86" n1="%67%6F%75%73%69" n2="%E3%82%A6%E3%83%AB%E3%83%88%E3%83%A9%E7%AB%8B%E7%9B%B4" n3="%E3%82%89%E3%81%84%E3%81%A1%E3%82%87%E3%81%86" dan="17,16,17,17" rate="2157.21,2067.16,2159.33,2195.52" sx="M,M,M,M"/><TAIKYOKU oya="0"/><INIT seed="0,0,0,4,4,101" ten="250,250,250,250" oya="0" hai0="41,22,132,116,69,115,124,89,117,35,59,131,26" hai1="42,135,65,88,25,23,121,90,79,62,110,46,28" hai2="17,112,125,99,80,87,4,71,12,78,54,109,37" hai3="43,61,108,57,123,19,130,134,76,11,18,64,67"/><T100/><D69/><U114/><E121/><V52/><F52/><N who="3" m="33959" /><G123/><T15/><D115/><U48/><E114/><V122/><F122/><W113/><G113/><T50/><D132/><U98/><E135/><V77/><F112/><W47/><G134/><T20/><D35/><U60/><E110/><V75/><F109/><W93/><G108/><T13/><D100/><U96/><E79/><V68/><F71/><W133/><G133/><T51/><D131/><U103/><E96/><V7/><F68/><W86/><G130/><T66/><D124/><U49/><E49/><V36/><F37/><W118/><G118/><T119/><D41/><U120/><E120/><V107/><F36/><W45/><G11/><T31/><D22/><U70/><REACH who="1" step="1"/><E62/><REACH who="1" ten="250,240,250,250" step="2"/><V105/><F78/><W127/><G76/><T38/><D38/><U53/><E53/><V72/><F99/><W81/><G127/><T73/><D51/><U10/><E10/><V5/><F54/><W106/><G43/><T29/><D50/><U91/><E91/><V129/><F125/><W39/><G39/><T2/><D89/><U30/><E30/><V33/><F129/><W44/><G67/><T94/><D31/><U6/><E6/><V55/><F55/><W111/><G64/><T102/><D66/><U95/><AGARI ba="0,1" hai="23,25,28,42,46,48,60,65,70,88,90,95,98,103" machi="95" ten="20,5200,0" yaku="1,1,0,1,7,1,54,1,53,0" doraHai="101" doraHaiUra="83" who="1" fromWho="1" sc="250,-26,240,62,250,-13,250,-13" /><INIT seed="1,0,0,0,4,87" ten="224,302,237,237" oya="1" hai0="133,102,11,40,28,26,118,71,35,108,84,69,7" hai1="66,39,1,53,65,77,134,20,56,36,59,93,126" hai2="82,9,91,57,81,86,90,95,5,119,96,6,38" hai3="76,73,106,127,2,123,92,14,24,50,70,64,42"/><U44/><E1/><V129/><F38/><W43/><G123/><T89/><D118/><U0/><E0/><V49/><F119/><W98/><G2/><T46/><D108/><U128/><E77/><V13/><F129/><W33/><G127/><T22/><D133/><U15/><E15/><V72/><F72/><W114/><G50/><T105/><D35/><U27/><E128/><V74/><F74/><W67/><G14/><T32/><D32/><U125/><E20/><V111/><F111/><W116/><G116/><T3/><D102/><U23/><E23/><V58/><F82/><W25/><G114/><T97/><D97/><U34/><E27/><V63/><F49/><W83/><G25/><T101/><D101/><U132/><E93/><V48/><F48/><W8/><G8/><T62/><D105/><U88/><E34/><V31/><F31/><N who="3" m="19687" /><G67/><T75/><D62/><U124/><E44/><V100/><F100/><N who="3" m="62743" /><G92/><T37/><REACH who="0" step="1"/><D75/><REACH who="0" ten="214,302,237,237" step="2"/><U112/><E125/><V12/><F63/><AGARI ba="0,1" hai="42,43,63,64,70,73,76,83" m="62743,19687" machi="63" ten="30,1000,0" yaku="25,1" doraHai="87" who="3" fromWho="2" sc="214,0,302,0,237,-10,237,20" /><INIT seed="2,0,0,1,4,118" ten="214,302,227,257" oya="2" hai0="114,58,47,46,6,2,116,50,76,41,135,34,101" hai1="14,15,35,69,64,42,55,73,31,13,17,90,1" hai2="82,123,89,113,72,56,120,75,125,133,26,86,106" hai3="88,39,49,102,70,134,67,61,3,92,79,29,103"/><V77/><F26/><W121/><G39/><T19/><D116/><U66/><E73/><N who="2" m="28235" /><F56/><W12/><G3/><T110/><D114/><U96/><E1/><V129/><F113/><W71/><G71/><T117/><D117/><U32/><E42/><V126/><F129/><W104/><G79/><T51/><D34/><U85/><E17/><V108/><F133/><W100/><G134/><T27/><D135/><U45/><E45/><V38/><F38/><W95/><G95/><T132/><D76/><U127/><E55/><V23/><F23/><W97/><G29/><T65/><D132/><U124/><E69/><V130/><F130/><W59/><G12/><T7/><D2/><U43/><E43/><V109/><F106/><W30/><G104/><T28/><D19/><U8/><E8/><V4/><F4/><W40/><G30/><T52/><D58/><U20/><E20/><V99/><F99/><W24/><G24/><T22/><D65/><N who="1" m="25195" /><E96/><V25/><F25/><W33/><G33/><T48/><D48/><U57/><E57/><V37/><F37/><W68/><G68/><T63/><D63/><U122/><E31/><V128/><F128/><W98/><G98/><T115/><D115/><U111/><E35/><V91/><F77/><W93/><G70/><T53/><D41/><U54/><E32/><V112/><F112/><W0/><G40/><T94/><D28/><U21/><E21/><V5/><F5/><W83/><G0/><T107/><D107/><U80/><E54/><V18/><F18/><W87/><G49/><T60/><D7/><U36/><E36/><RYUUKYOKU ba="0,0" sc="214,0,302,0,227,0,257,0" /><INIT seed="3,1,0,5,1,9" ten="214,302,227,257" oya="3" hai0="34,21,25,109,40,59,126,80,2,33,119,116,133" hai1="50,83,49,124,75,69,127,111,93,60,3,78,94" hai2="23,66,96,12,36,130,11,39,106,128,46,18,64" hai3="53,37,30,100,89,91,19,72,48,26,131,105,44"/><W17/><G72/><T61/><D2/><U16/><E3/><V81/><F81/><W47/><G131/><N who="2" m="50217" /><F23/><W28/><G105/><T63/><D109/><U99/><E111/><V118/><F118/><W29/><G100/><T114/><D133/><U112/><E112/><V102/><F46/><W42/><REACH who="3" step="1"/><G26/><REACH who="3" ten="214,302,227,247" step="2"/><T82/><D25/><U7/><E75/><V56/><F66/><W57/><G57/><T88/><D59/><U98/><E69/><V103/><F102/><W87/><G87/><T77/><D119/><U71/><E71/><V70/><F56/><W73/><G73/><T10/><D116/><U121/><E99/><V14/><F64/><W113/><G113/><T120/><D114/><U79/><E98/><V117/><F70/><W95/><G95/><T32/><D120/><U1/><E121/><V54/><F117/><W123/><G123/><T65/><D65/><U45/><E93/><V51/><F96/><W107/><G107/><T84/><D84/><U92/><E94/><V58/><F103/><W13/><G13/><T110/><D110/><U4/><E92/><V108/><F106/><W132/><G132/><T24/><D24/><U134/><E134/><V76/><F108/><W0/><G0/><T125/><D82/><U20/><E83/><V90/><F14/><W85/><G85/><T97/><D80/><U135/><E135/><V129/><F129/><W55/><G55/><T104/><D104/><U6/><E1/><V122/><F122/><W31/><N who="3" m="7680" /><DORA hai="101" /><W115/><G115/><T27/><D27/><U22/><E78/><V41/><F76/><RYUUKYOKU ba="1,1" sc="214,-10,302,-10,227,-10,247,30" hai3="17,19,37,42,44,47,48,53,89,91" /><INIT seed="3,2,1,5,1,79" ten="204,292,217,277" oya="3" hai0="36,110,129,46,4,105,86,125,56,59,15,32,29" hai1="64,23,60,20,7,101,28,16,134,74,63,12,131" hai2="71,8,99,27,126,14,116,69,0,127,24,68,37" hai3="6,133,18,76,45,48,34,67,31,33,106,35,53"/><W9/><G106/><T73/><D110/><U61/><E74/><V117/><F37/><W123/><G123/><T91/><D73/><U57/><E131/><V54/><F0/><W1/><G133/><T66/><D105/><U128/><E128/><V10/><F99/><W47/><G67/><T3/><D3/><U93/><E134/><V11/><F14/><W43/><G76/><T107/><D129/><U115/><E7/><V89/><F89/><W121/><G121/><T98/><D125/><N who="2" m="47626" /><F54/><W109/><G109/><T85/><D98/><N who="1" m="59599" /><E115/><V112/><F112/><W41/><G18/><T2/><D15/><U49/><E49/><V102/><F102/><W103/><G103/><T26/><D91/><U124/><E124/><V42/><F42/><W21/><REACH who="3" step="1"/><G47/><REACH who="3" ten="204,292,217,267" step="2"/><T104/><D46/><U132/><E132/><V82/><F117/><W5/><G5/><T17/><D4/><U90/><E90/><V62/><F116/><W40/><G40/><T72/><D66/><U13/><E28/><V84/><F69/><W55/><G55/><T65/><D65/><U81/><E64/><V78/><F68/><W25/><AGARI ba="2,2" hai="1,6,9,21,25,31,33,34,35,41,43,45,48,53" machi="25" ten="40,3900,0" yaku="1,1,0,1,53,0" doraHai="79" doraHaiUra="75" who="3" fromWho="3" sc="204,-15,292,-15,217,-15,267,65" /><INIT seed="3,3,0,0,1,37" ten="189,277,202,332" oya="3" hai0="92,84,86,11,38,27,89,58,79,111,26,60,19" hai1="99,108,65,22,44,32,9,115,24,97,116,106,104" hai2="91,78,49,76,64,42,96,98,34,52,124,10,3" hai3="59,14,47,62,82,127,23,128,131,129,63,39,110"/><W125/><G110/><T95/><D111/><U102/><E108/><V25/><F34/><W117/><G82/><N who="0" m="47199" /><D38/><U41/><E115/><V12/><F124/><N who="3" m="47691" /><G23/><N who="0" m="13695" /><D27/><U133/><E133/><V46/><F3/><W75/><G14/><T69/><D69/><U80/><E32/><V121/><F121/><W28/><G28/><T109/><D109/><U61/><E80/><V29/><F64/><N who="3" m="39007" /><G75/><T101/><D11/><U122/><E122/><V30/><F25/><W18/><G18/><T4/><D4/><U100/><E9/><V70/><F70/><W113/><G113/><T36/><D36/><U20/><E116/><V67/><F30/><W126/><G117/><T56/><D60/><U66/><E61/><V68/><F29/><W1/><G1/><T130/><D130/><U17/><REACH who="1" step="1"/><E20/><REACH who="1" ten="189,267,202,332" step="2"/><V7/><F10/><W135/><G126/><T21/><D21/><U107/><E107/><V83/><F83/><W0/><G135/><T45/><D95/><U54/><E54/><V2/><F52/><W6/><G63/><T40/><D92/><U103/><E103/><V8/><F2/><W74/><G0/><T71/><D101/><U118/><E118/><V120/><F120/><W50/><G74/><T87/><D71/><U112/><E112/><V33/><F33/><W85/><G131/><T16/><D89/><U114/><E114/><V72/><F91/><W13/><G129/><T81/><D81/><U15/><E15/><V77/><F72/><W119/><G128/><T94/><D94/><U132/><E132/><V57/><F68/><W105/><G119/><T48/><D87/><RYUUKYOKU ba="3,1" sc="189,-15,267,15,202,15,332,-15" hai1="17,22,24,41,44,65,66,97,99,100,102,104,106" hai2="7,8,12,42,46,49,57,67,76,77,78,96,98" /><INIT seed="4,4,1,0,0,77" ten="174,282,217,317" oya="0" hai0="47,72,21,54,103,131,95,9,45,51,67,130,40" hai1="27,23,75,70,123,4,55,127,56,96,80,111,65" hai2="15,97,57,32,6,92,60,29,68,10,113,118,13" hai3="104,19,0,126,18,34,125,112,37,105,122,71,86"/><T48/><D72/><U7/><E123/><V58/><F113/><W106/><G112/><T2/><D21/><U108/><E65/><V76/><F118/><W33/><G122/><T91/><D103/><U39/><E70/><V8/><F76/><W43/><G0/><T129/><D67/><U90/><E39/><V83/><F83/><W81/><G71/><T94/><REACH who="0" step="1"/><D91/><REACH who="0" ten="164,282,217,317" step="2"/><U44/><E111/><V30/><F32/><W134/><G34/><T120/><D120/><U3/><E108/><V100/><F68/><W109/><G33/><T117/><D117/><U46/><E75/><V24/><F24/><W59/><G109/><T5/><AGARI ba="4,2" hai="2,5,9,40,45,47,48,51,54,94,95,129,130,131" machi="5" ten="40,7800,0" yaku="1,1,0,1,19,1,53,0" doraHai="77" doraHaiUra="116" who="0" fromWho="0" sc="164,110,282,-30,217,-30,317,-30" /><INIT seed="4,5,0,1,3,57" ten="274,252,187,287" oya="0" hai0="122,28,48,2,27,102,101,44,74,43,36,84,78" hai1="110,30,24,72,23,113,34,119,58,70,79,86,31" hai2="14,80,124,41,16,60,96,71,87,131,94,13,61" hai3="37,93,15,120,112,52,56,66,85,68,25,90,129"/><T98/><D122/><U105/><E70/><V115/><F71/><W116/><G116/><T0/><D74/><U89/><E105/><V55/><F124/><W50/><G120/><T134/><D134/><U47/><E119/><V92/><F131/><W65/><G129/><T91/><D78/><U95/><E110/><V133/><F133/><W81/><G37/><T67/><D102/><U35/><E72/><V9/><F115/><W1/><G1/><T22/><D67/><U64/><E79/><N who="2" m="46495" /><F41/><W7/><G112/><T46/><D84/><U99/><E113/><V63/><F96/><N who="3" m="57399" /><G68/><T126/><D126/><U132/><E132/><V59/><F14/><W103/><G25/><T62/><D91/><U54/><E86/><V108/><F108/><W29/><G29/><T83/><D83/><U19/><E35/><V51/><AGARI ba="5,0" hai="9,13,16,51,55,59,60,61,63,92,94" m="46495" machi="51" ten="30,8000,1" yaku="8,1,52,3,54,1" doraHai="57" who="2" fromWho="2" sc="274,-45,252,-25,187,95,287,-25" /><INIT seed="5,0,0,5,2,114" ten="229,227,282,262" oya="1" hai0="98,66,21,101,53,90,105,59,72,95,24,50,79" hai1="32,78,80,110,112,30,28,1,83,23,11,94,67" hai2="118,89,49,12,93,52,107,71,126,74,87,2,134" hai3="117,73,38,99,44,100,96,37,31,60,19,132,29"/><U120/><E120/><V46/><F2/><W15/><G73/><T104/><D66/><U91/><E32/><V42/><F126/><W63/><G132/><T86/><D105/><U69/><E112/><V81/><F134/><W45/><G15/><T61/><D72/><U62/><E110/><V26/><F71/><W75/><G75/><T82/><D104/><U48/><E48/><V121/><F121/><W76/><G19/><T34/><D34/><U113/><E113/><V4/><F107/><W128/><G76/><T108/><D108/><U106/><E106/><V135/><F118/><W124/><G124/><T58/><D79/><U41/><E41/><V133/><F26/><W77/><G77/><T9/><D9/><U116/><E116/><V16/><F4/><W97/><G97/><T36/><D36/><U17/><E78/><V56/><F74/><W122/><G122/><T84/><D59/><N who="1" m="37343" /><E11/><V129/><F129/><W51/><G51/><T43/><D43/><U6/><E6/><V3/><F3/><W13/><G13/><T109/><D109/><U33/><E1/><V27/><F27/><W68/><G117/><T127/><D127/><U115/><E69/><V35/><F35/><W18/><G68/><T55/><D50/><U119/><E119/><V88/><F42/><W47/><G128/><T39/><D39/><U0/><E0/><V103/><F46/><W125/><G125/><T14/><D14/><N who="1" m="9655" /><E115/><V70/><F70/><W54/><G47/><T65/><REACH who="0" step="1"/><D86/><REACH who="0" ten="219,227,282,262" step="2"/><N who="1" m="52599" /><E33/><V111/><F111/><W22/><G38/><T8/><D8/><U131/><E131/><RYUUKYOKU ba="0,1" sc="219,15,227,15,282,-15,262,-15" hai0="21,24,53,55,58,61,65,82,84,90,95,98,101" hai1="28,30,80,83" /><INIT seed="5,1,1,1,4,62" ten="234,242,267,247" oya="1" hai0="76,34,97,133,39,104,10,1,116,49,26,79,134" hai1="130,14,77,87,17,3,59,29,9,44,56,22,21" hai2="55,88,63,98,82,109,38,102,90,106,48,65,135" hai3="40,60,100,46,69,107,19,41,80,126,53,111,7"/><U89/><E130/><V123/><F38/><W122/><G111/><T125/><D39/><U32/><E77/><V11/><F109/><W74/><G122/><T27/><D116/><U92/><E44/><V118/><F118/><W6/><G126/><T25/><D125/><U101/><E101/><V58/><F123/><W91/><G19/><T35/><D104/><U68/><E68/><V128/><F128/><W67/><G53/><T23/><D23/><U42/><E42/><V31/><F135/><N who="0" m="51722" /><D97/><U103/><E103/><V33/><F11/><W37/><G41/><T15/><D1/><U51/><E51/><V54/><F54/><W132/><G132/><T47/><D79/><U94/><E94/><V66/><F82/><W4/><G74/><T57/><D76/><U2/><E22/><V117/><F117/><W12/><G12/><T131/><D57/><U78/><E78/><V99/><F99/><W119/><G119/><T24/><N who="0" m="6144" /><DORA hai="84" /><T52/><D131/><U5/><E2/><V110/><F110/><W105/><REACH who="3" step="1"/><G100/><REACH who="3" ten="234,242,267,237" step="2"/><T43/><D43/><U16/><E17/><AGARI ba="1,2" hai="10,15,17,34,35,47,49,52" m="6144,51722" machi="17" ten="40,2600,0" yaku="20,1,54,1" doraHai="62,84" who="0" fromWho="1" sc="234,49,242,-29,267,0,237,0" /><INIT seed="6,0,0,2,3,124" ten="283,213,267,237" oya="2" hai0="93,100,21,7,55,67,95,1,4,16,108,20,12" hai1="30,97,78,66,121,83,29,43,33,39,132,36,64" hai2="72,11,117,88,46,31,34,92,24,47,63,51,37" hai3="130,82,101,52,23,27,49,75,38,111,74,25,102"/><V87/><F72/><W116/><G111/><T57/><D108/><U58/><E33/><V54/><F63/><W126/><G116/><T71/><D1/><U53/><E97/><V89/><F117/><W41/><G126/><T134/><D134/><U98/><E98/><V10/><REACH who="2" step="1"/><F89/><REACH who="2" ten="283,213,257,237" step="2"/><W76/><G75/><T9/><D100/><U79/><E79/><V13/><F13/><W86/><G74/><T135/><D135/><U18/><E78/><V2/><F2/><W8/><G76/><T50/><D71/><U106/><E132/><V3/><F3/><W19/><G102/><T70/><D70/><U62/><E121/><V103/><F103/><W5/><G101/><T84/><D12/><U14/><E14/><V65/><F65/><W15/><G15/><T110/><D67/><U68/><E64/><V32/><F32/><W129/><G8/><T133/><D9/><U125/><E66/><V0/><F0/><W44/><G5/><T6/><D133/><U80/><E68/><V60/><F60/><W96/><G27/><T48/><D110/><U22/><E62/><V120/><F120/><W40/><G25/><T59/><D6/><U45/><E125/><V42/><AGARI ba="0,1" hai="10,11,24,31,34,37,42,46,47,51,54,87,88,92" machi="42" ten="30,6000,0" yaku="1,1,0,1,54,1,53,0" doraHai="124" doraHaiUra="114" who="2" fromWho="2" sc="283,-20,213,-20,257,70,237,-20" /><INIT seed="6,1,0,0,4,6" ten="263,193,327,217" oya="2" hai0="35,111,2,82,72,46,131,54,3,75,114,58,65" hai1="41,67,52,50,88,70,100,130,40,16,5,128,76" hai2="8,49,33,28,95,80,121,89,116,118,43,104,92" hai3="37,122,120,86,21,126,12,112,78,91,115,56,9"/><V87/><F104/><W110/><G110/><T63/><D111/><U73/><E100/><V60/><F121/><W62/><G37/><T79/><D35/><U99/><E5/><V22/><F33/><W113/><G21/><T30/><D30/><U31/><E31/><V25/><F118/><W26/><G26/><T81/><D114/><U18/><E76/><V103/><F103/><W39/><G39/><T38/><D131/><N who="1" m="50219" /><E73/><V59/><F49/><W19/><G78/><T36/><D36/><U10/><E67/><N who="2" m="39327" /><F43/><N who="1" m="16457" /><E70/><V84/><F116/><W27/><G27/><T23/><D75/><U24/><E24/><V85/><F80/><N who="3" m="49607" /><G126/><T135/><D72/><U17/><E99/><N who="2" m="57743" /><F95/><W69/><G69/><T134/><D79/><U133/><E88/><V71/><F71/><W125/><G125/><T13/><D82/><U129/><E133/><V94/><F94/><W57/><G57/><T124/><D81/><U15/><N who="1" m="50227" /><U132/><DORA hai="11" /><E132/><V42/><F85/><W53/><AGARI ba="1,0" hai="9,12,19,53,56,62,112,113,115,120,122" m="49607" machi="53" ten="30,7900,0" yaku="15,1,11,1,52,2" doraHai="6,11" who="3" fromWho="3" sc="263,-21,193,-21,327,-40,217,82" /><INIT seed="7,0,0,5,4,30" ten="242,172,287,299" oya="3" hai0="26,22,122,110,95,90,36,68,47,117,10,55,105" hai1="116,72,12,3,133,44,34,43,89,21,70,42,35" hai2="27,28,52,109,54,88,115,128,58,13,71,7,79" hai3="73,103,76,16,107,29,51,11,38,2,50,41,83"/><W23/><G29/><T87/><D110/><U113/><E3/><V132/><F71/><W130/><G130/><T4/><D117/><U60/><E72/><V100/><F109/><W6/><G103/><T57/><D105/><U1/><E1/><V134/><F128/><W67/><G67/><T77/><D122/><U53/><E116/><V61/><F79/><W14/><G107/><T91/><D68/><U45/><E133/><N who="2" m="51307" /><F88/><W93/><G93/><T5/><D77/><U97/><E113/><V31/><F100/><W56/><G56/><T37/><D47/><AGARI ba="0,0" hai="2,6,11,14,16,23,38,41,47,50,51,73,76,83" machi="47" ten="40,7700,0" yaku="25,2,54,1" doraHai="30" who="3" fromWho="0" sc="242,-77,172,0,287,0,299,77" owari="165,-33.0,172,-23.0,287,9.0,376,47.0" /></mjloggm>