<mjloggm ver="2.3"><GO type="97" lobby="0"/><UN n0="%36%36%31%36%30%36" n1="%E4%B8%AD%E3%81%AE%E4%B8%8A" n2="%E5%B0%B1%E6%B4%BB%E7%94%9F%40%E5%B7%9D%E6%9D%91%E8%BB%8D%E5%9B%A3" n3="%68%69%6A%6F%64%65%70%75" dan="13,15,15,14" rate="1922.68,1994.18,1999.63,2017.35" sx="M,M,M,M"/><TAIKYOKU oya="0"/><INIT seed="0,0,0,5,2,102" ten="250,250,250,250" oya="0" hai0="127,60,88,78,49,30,13,23,85,31,101,6,43" hai1="132,121,57,120,104,26,124,107,125,17,28,19,97" hai2="90,36,2,135,83,52,61,25,115,129,20,118,7" hai3="123,71,64,112,42,29,21,117,108,82,32,1,134"/><T113/><D113/><U119/><E119/><V95/><F36/><W98/><G21/><T15/><D127/><N who="1" m="48715" /><E132/><V59/><F115/><W62/><G82/><N who="0" m="49207" /><D101/><N who="1" m="62511" /><E107/><V12/><F118/><W131/><G42/><T86/><D60/><U4/><E4/><V96/><F129/><W69/><G69/><T39/><D39/><U8/><E57/><V14/><F135/><W11/><G112/><T22/><D22/><N who="1" m="15447" /><E8/><V66/><F7/><W51/><G51/><T58/><D6/><U105/><E105/><V76/><F2/><W33/><G134/><T18/><D15/><U133/><E133/><V116/><F116/><W5/><G117/><T46/><D58/><U92/><E92/><V77/><F66/><W111/><G131/><T24/><D13/><N who="2" m="5226" /><F83/><AGARI ba="0,0" hai="18,23,24,30,31,43,46,49,78,83,86" m="49207" machi="83" ten="30,2900,0" yaku="8,1,54,1" doraHai="102" who="0" fromWho="2" sc="250,29,250,0,250,-29,250,0" /><INIT seed="0,1,0,3,1,100" ten="279,250,221,250" oya="0" hai0="120,59,77,109,24,62,41,38,89,82,104,33,34" hai1="76,114,44,21,4,111,57,39,7,129,51,46,68" hai2="125,70,130,90,133,91,131,63,71,123,42,107,2" hai3="0,122,93,69,103,35,116,43,12,61,64,115,94"/><T17/><D120/><U47/><E68/><N who="2" m="26155" /><F2/><W5/><G0/><T22/><D89/><N who="2" m="33802" /><F42/><W14/><G35/><T121/><D121/><U119/><E119/><V56/><F123/><W50/><G116/><T96/><D109/><U127/><E129/><N who="2" m="49163" /><F133/><W65/><G122/><T72/><D41/><U28/><E111/><V78/><F78/><W26/><G69/><T102/><REACH who="0" step="1"/><D38/><REACH who="0" ten="269,250,221,250" step="2"/><U95/><E39/><V134/><F134/><W20/><G43/><T97/><D97/><U135/><E135/><V124/><F56/><W9/><G115/><T16/><D16/><U101/><E57/><V80/><F80/><W81/><G81/><T110/><D110/><U113/><E114/><V53/><F53/><AGARI ba="1,1" hai="17,22,24,33,34,53,59,62,72,77,82,96,102,104" machi="53" ten="30,5800,0" yaku="1,1,7,1,52,1,53,0" doraHai="100" doraHaiUra="10" who="0" fromWho="2" sc="269,71,250,0,221,-61,250,0" /><INIT seed="0,2,0,0,1,83" ten="340,250,160,250" oya="0" hai0="7,53,26,98,117,115,96,94,119,35,0,84,1" hai1="116,24,36,89,6,56,128,112,113,13,57,80,110" hai2="73,88,93,66,61,124,4,100,75,87,27,37,71" hai3="31,131,132,30,5,79,12,121,99,92,42,118,109"/><T114/><D53/><U44/><E110/><V25/><F37/><W51/><G118/><N who="0" m="45067" /><D26/><U38/><E116/><V21/><F124/><W65/><G109/><T97/><D35/><U133/><E128/><V16/><F4/><W77/><G131/><T127/><D7/><U10/><E133/><V129/><F129/><W45/><G132/><T123/><D123/><U28/><E57/><V135/><F135/><W48/><G121/><T62/><D62/><U95/><E80/><V120/><F120/><W126/><G126/><T32/><D32/><N who="1" m="20487" /><E56/><V11/><F11/><N who="3" m="4207" /><G65/><T72/><D127/><U46/><E44/><V69/><F69/><W8/><G8/><T20/><D20/><U54/><E54/><V107/><REACH who="2" step="1"/><F25/><REACH who="2" ten="340,250,150,250" step="2"/><W29/><G51/><T105/><D1/><U23/><E38/><V122/><F122/><W59/><G59/><T103/><D0/><U101/><E36/><V81/><F81/><W82/><G82/><T43/><D115/><U125/><E125/><V91/><F91/><AGARI ba="2,1" hai="29,30,31,42,45,48,77,79,91,92,99" m="4207" machi="91" ten="30,1000,0" yaku="8,1" doraHai="83" who="3" fromWho="2" sc="340,0,250,0,150,-16,250,26" /><INIT seed="1,0,0,2,5,38" ten="340,250,134,276" oya="1" hai0="63,122,79,118,135,52,36,133,56,119,85,14,110" hai1="23,21,104,124,31,80,25,98,134,120,132,97,75" hai2="101,112,13,114,18,88,62,45,55,57,28,7,46" hai3="73,102,121,76,69,24,0,47,61,70,129,40,39"/><U3/><E120/><V10/><F101/><W30/><G129/><T109/><D122/><U128/><E124/><V105/><F105/><W4/><G121/><T71/><D14/><U107/><E128/><V92/><F28/><W12/><G12/><T48/><D85/><U33/><E3/><V26/><F114/><W54/><G102/><T65/><D36/><U100/><E98/><V35/><F112/><W81/><G54/><T90/><D90/><U125/><E107/><V51/><F35/><N who="3" m="20935" /><G61/><T86/><D86/><U115/><E125/><V22/><REACH who="2" step="1"/><F51/><REACH who="2" ten="340,250,124,276" step="2"/><W123/><G123/><T37/><D37/><U106/><E104/><V78/><F78/><W83/><G83/><T99/><D79/><N who="1" m="44159" /><E115/><V64/><F64/><W96/><G96/><AGARI ba="0,1" hai="7,10,13,18,22,26,45,46,55,57,62,88,92,96" machi="96" ten="30,12000,2" yaku="1,1,7,1,25,2,8,1,54,1,53,1" doraHai="38" doraHaiUra="91" who="2" fromWho="3" sc="340,0,250,0,124,130,276,-120" /><INIT seed="2,0,0,3,0,132" ten="340,250,254,156" oya="2" hai0="51,86,61,107,122,131,128,72,109,80,52,7,76" hai1="27,127,101,84,102,70,94,67,95,97,38,47,124" hai2="40,39,64,105,63,111,37,33,92,23,133,1,57" hai3="121,134,44,13,65,24,100,46,114,93,104,118,89"/><V25/><F33/><W120/><G118/><T31/><D109/><U90/><E27/><V21/><F105/><W22/><G134/><T112/><D112/><U103/><E70/><V83/><F1/><W79/><G65/><T108/><D108/><U96/><E67/><V88/><F133/><W106/><G114/><T123/><D107/><N who="1" m="63911" /><E38/><V69/><F111/><W9/><G79/><T53/><D31/><U15/><E15/><V98/><F69/><W77/><G77/><T35/><D35/><U87/><E47/><V30/><F40/><W14/><G14/><T126/><D7/><U49/><E49/><V110/><F110/><W26/><G26/><T113/><D61/><U42/><E42/><V41/><F41/><W28/><G104/><T71/><D53/><U34/><E34/><V55/><F23/><W45/><G106/><T18/><D18/><U2/><E2/><V32/><F32/><W43/><G43/><T73/><D113/><U60/><E60/><V74/><F64/><W130/><G130/><N who="0" m="49707" /><D71/><U135/><E135/><V16/><F30/><W3/><G3/><T68/><D68/><U125/><E103/><V36/><F36/><W8/><G100/><T75/><D52/><U4/><E4/><V129/><F129/><W10/><REACH who="3" step="1"/><G13/><REACH who="3" ten="340,250,254,146" step="2"/><T50/><D75/><U6/><E102/><V17/><F17/><W20/><G20/><T0/><D72/><U5/><E6/><V81/><F74/><W48/><G48/><N who="0" m="18475" /><D73/><U78/><E5/><V117/><F117/><W62/><G62/><T82/><D0/><U56/><E127/><V99/><F63/><RYUUKYOKU ba="0,1" sc="340,-10,250,-10,254,-10,146,30" hai3="8,9,10,22,24,28,44,45,46,89,93,120,121" /><INIT seed="3,1,1,4,2,89" ten="330,240,244,176" oya="3" hai0="56,33,130,20,84,14,21,90,67,37,35,27,18" hai1="133,53,109,71,121,123,76,128,110,61,59,108,9" hai2="100,2,79,95,98,31,94,106,124,80,132,0,69" hai3="19,104,129,51,81,52,17,45,57,39,30,7,50"/><W72/><G129/><T66/><D37/><U22/><E128/><V107/><F69/><W68/><G68/><T101/><D130/><U42/><E133/><V105/><F31/><W25/><G104/><N who="2" m="40041" /><F2/><W64/><G7/><T65/><D101/><U1/><E76/><V26/><F26/><W41/><G64/><T111/><D111/><U38/><E71/><V58/><F58/><W28/><G28/><N who="0" m="17519" /><D90/><U77/><E77/><V115/><F0/><W85/><G72/><T49/><D33/><U126/><E126/><V62/><F62/><W4/><G4/><T134/><D134/><U16/><E9/><V114/><F124/><W88/><G39/><T99/><D35/><AGARI ba="1,1" hai="17,19,25,30,35,41,45,50,51,52,57,81,85,88" machi="35" ten="30,5800,0" yaku="7,1,54,2" doraHai="89" who="3" fromWho="0" sc="330,-61,240,0,244,0,176,71" /><INIT seed="3,2,0,4,0,28" ten="269,240,244,247" oya="3" hai0="21,132,37,40,42,78,1,41,66,16,59,88,13" hai1="73,82,107,65,81,72,23,8,124,96,86,80,20" hai2="111,12,126,26,75,43,46,14,56,118,104,71,112" hai3="9,116,91,67,129,83,102,101,4,61,94,125,121"/><W76/><G116/><T117/><D1/><U109/><E109/><V89/><F71/><W25/><G121/><T17/><D117/><U64/><E124/><V113/><F104/><W90/><G125/><T128/><D78/><U48/><E107/><V27/><F75/><W133/><G129/><T35/><D35/><U2/><E2/><V6/><F111/><W10/><G133/><T36/><D128/><U92/><E72/><V87/><F118/><W53/><G53/><T49/><D132/><U77/><E8/><V69/><F69/><W54/><G54/><N who="0" m="32207" /><D66/><N who="1" m="25707" /><E73/><V63/><F126/><W52/><G52/><T120/><D120/><U99/><E48/><N who="2" m="26719" /><F112/><W62/><G25/><N who="2" m="9225" /><F6/><W100/><G76/><T39/><D39/><U93/><E77/><V19/><F19/><W98/><G67/><T38/><D38/><U3/><E86/><V135/><F135/><W130/><G130/><T74/><D37/><U110/><E3/><V55/><F113/><W119/><G119/><T134/><D36/><U106/><E106/><V114/><F114/><W0/><G0/><T68/><D68/><U34/><E34/><V122/><F122/><W123/><G123/><T60/><D74/><U51/><E51/><V97/><F97/><N who="1" m="37449" /><E110/><V7/><F7/><W30/><G30/><T44/><D134/><U5/><E5/><V18/><F18/><N who="0" m="7274" /><D60/><N who="3" m="23145" /><G4/><T58/><D44/><U131/><E131/><V11/><F11/><W127/><G127/><T29/><D29/><U84/><E84/><AGARI ba="2,0" hai="9,10,83,84,90,91,94,98,100,101,102" m="23145" machi="84" ten="30,1500,0" yaku="8,1" doraHai="28" who="3" fromWho="1" sc="269,0,240,-21,244,0,247,21" /><INIT seed="3,3,0,2,1,39" ten="269,219,244,268" oya="3" hai0="100,3,108,34,114,37,70,69,126,12,94,110,89" hai1="18,54,66,16,8,32,44,135,98,56,106,131,121" hai2="77,85,45,102,7,68,86,50,0,14,46,125,59" hai3="129,40,24,103,48,83,57,27,128,35,130,28,132"/><W113/><G113/><T15/><D3/><U64/><E121/><V6/><F68/><W10/><G132/><T117/><D117/><U124/><E32/><V21/><F0/><W65/><G103/><T19/><D34/><U73/><E73/><V84/><F125/><W20/><G10/><T33/><D33/><U71/><E71/><V13/><F77/><W67/><G83/><T26/><D100/><U96/><E135/><V119/><F119/><W76/><G76/><T95/><D37/><U49/><E131/><V115/><F115/><W38/><G38/><T90/><D114/><U51/><E124/><V74/><F74/><W55/><G40/><T53/><D126/><U52/><E106/><V62/><F102/><W2/><REACH who="3" step="1"/><G2/><REACH who="3" ten="269,219,244,258" step="2"/><T127/><D127/><U17/><REACH who="1" step="1"/><E8/><REACH who="1" ten="269,209,244,258" step="2"/><V79/><F79/><W42/><G42/><T29/><D89/><U112/><E112/><V78/><F78/><W75/><G75/><T81/><D90/><U4/><E4/><V87/><F7/><W91/><G91/><T11/><D11/><U122/><E122/><V116/><F6/><W93/><G93/><T111/><D94/><U58/><E58/><V41/><F116/><W31/><AGARI ba="3,2" hai="20,24,27,28,31,35,48,55,57,65,67,128,129,130" machi="31" ten="40,12000,1" yaku="1,1,0,1,19,1,53,2" doraHai="39" doraHaiUra="61" who="3" fromWho="3" sc="269,-43,209,-43,244,-43,258,149" owari="226,3.0,166,-33.0,201,-20.0,407,50.0" /></mjloggm>