<mjloggm ver="2.3"><GO type="41" lobby="0"/><UN n0="%E3%81%AF%E3%81%9B%E3%81%8C%E3%82%8F" n1="%E3%81%8D%E3%81%BF%E3%81%9F%E3%81%BE%E3%81%94" n2="%E3%83%88%E3%83%88%E3%83%AA%E5%85%88%E7%94%9F%31%39%E6%AD%B3" n3="%E3%81%AD%E3%81%98%E3%81%97%E3%81%8D" dan="13,15,15,15" rate="1806.94,2019.86,2043.47,1960.79" sx="M,M,F,M"/><TAIKYOKU oya="0"/><INIT seed="0,0,0,4,4,32" ten="250,250,250,250" oya="0" hai0="19,50,76,90,98,134,57,65,26,120,16,110,23" hai1="3,48,129,112,69,126,13,34,33,125,59,51,15" hai2="124,82,8,92,46,31,45,47,67,10,85,64,80" hai3="9,77,2,56,122,105,113,94,96,44,104,62,58"/><T14/><D120/><U11/><E69/><V91/><F31/><W128/><G122/><T52/><D110/><U102/><E102/><V73/><F73/><W4/><G113/><T25/><D134/><U70/><E70/><V84/><F124/><N who="1" m="47721" /><E112/><V24/><F24/><W22/><G128/><T130/><D130/><U123/><E123/><V39/><F39/><W121/><G77/><T55/><D65/><N who="2" m="25162" /><F82/><W37/><G22/><T88/><D76/><AGARI ba="0,0" hai="8,10,45,46,47,76,80,84,85,91,92" m="25162" machi="76" ten="30,1000,0" yaku="8,1" doraHai="32" who="2" fromWho="0" sc="250,-10,250,0,250,10,250,0" /><INIT seed="1,0,0,0,2,44" ten="240,250,260,250" oya="1" hai0="124,96,126,23,71,4,98,20,130,131,72,115,19" hai1="0,70,1,43,47,10,29,3,116,41,86,57,82" hai2="36,5,61,110,30,51,16,2,24,119,83,18,58" hai3="117,13,81,108,78,35,125,92,59,60,63,109,114"/><U49/><E70/><V118/><F36/><W28/><G114/><T48/><D71/><U84/><E116/><V27/><F110/><N who="3" m="42603" /><G125/><N who="0" m="48235" /><D72/><U113/><E113/><V33/><F83/><W65/><G92/><T80/><D115/><U40/><E29/><V135/><F135/><W95/><G95/><T88/><D4/><U134/><E134/><V111/><F111/><W55/><G13/><N who="0" m="9327" /><D23/><U106/><E106/><V52/><F27/><N who="3" m="18847" /><G117/><T22/><D22/><U38/><E10/><V101/><F119/><W37/><G37/><T42/><D42/><U85/><E82/><V69/><F118/><W107/><G107/><T68/><D68/><U102/><REACH who="1" step="1"/><E102/><REACH who="1" ten="240,240,260,250" step="2"/><V50/><F69/><W122/><G81/><T129/><D80/><U31/><E31/><V67/><F101/><W8/><G8/><T64/><D88/><U127/><E127/><V11/><F18/><W77/><G78/><T62/><D96/><U97/><E97/><V39/><F16/><W123/><G77/><T12/><D98/><U7/><E7/><V91/><F91/><W53/><G123/><T45/><D131/><U26/><E26/><V128/><F128/><W14/><G122/><T17/><D17/><U74/><E74/><V34/><F34/><W104/><G104/><T103/><D103/><U75/><E75/><V133/><F133/><W46/><G63/><T132/><D130/><U66/><E66/><V120/><F120/><W112/><G112/><T100/><D100/><U121/><E121/><V105/><F105/><W15/><G65/><T94/><D129/><U54/><AGARI ba="0,1" hai="0,1,3,38,40,41,43,47,49,54,57,84,85,86" machi="54" ten="40,7800,0" yaku="1,1,0,1,52,1,53,0" doraHai="44" doraHaiUra="87" who="1" fromWho="1" sc="240,-26,240,88,260,-26,250,-26" /><INIT seed="1,1,0,2,3,121" ten="214,328,234,224" oya="1" hai0="60,17,84,95,16,88,112,33,50,66,101,56,120" hai1="124,45,35,0,72,41,8,78,65,29,20,93,123" hai2="42,25,34,19,21,75,115,52,70,30,39,81,28" hai3="36,63,118,86,18,1,7,105,44,117,64,114,71"/><U22/><E123/><V40/><F70/><W107/><G114/><T79/><D120/><U127/><E35/><V92/><F115/><W58/><G86/><T69/><D33/><U102/><E65/><V2/><F2/><W82/><G18/><T94/><D112/><U89/><E102/><V83/><F39/><W3/><G58/><T47/><D69/><U51/><E72/><V54/><F92/><W24/><G24/><T99/><REACH who="0" step="1"/><D79/><REACH who="0" ten="204,328,234,224" step="2"/><U111/><E78/><V131/><F34/><W90/><G71/><T6/><D6/><U98/><E29/><V68/><F68/><W11/><G7/><T109/><D109/><U27/><E111/><V116/><F30/><W46/><G117/><T129/><D129/><U67/><E124/><V13/><F131/><W12/><G118/><T26/><D26/><U96/><E27/><V134/><F116/><W62/><G12/><T59/><D59/><U73/><E127/><V106/><F25/><W126/><G1/><T48/><D48/><U119/><E119/><V9/><F13/><W55/><G3/><T100/><D100/><U77/><E77/><V91/><F28/><W4/><G4/><T43/><AGARI ba="1,1" hai="16,17,43,47,50,56,60,66,84,88,94,95,99,101" machi="43" ten="20,12000,2" yaku="1,1,0,1,7,1,8,1,54,2,53,0" doraHai="121" doraHaiUra="108" who="0" fromWho="0" sc="204,133,328,-61,234,-31,224,-31" /><INIT seed="2,0,0,2,2,29" ten="337,267,203,193" oya="2" hai0="81,89,47,64,11,22,53,15,6,52,85,82,37" hai1="67,9,17,59,19,111,118,35,25,116,88,133,124" hai2="127,72,77,5,86,4,122,32,45,24,103,130,18" hai3="90,132,73,57,120,42,54,13,112,106,3,49,84"/><V33/><F72/><W134/><G73/><T135/><D135/><N who="3" m="51753" /><G3/><T115/><D115/><U78/><E78/><V80/><F122/><W55/><G106/><T2/><D2/><U109/><E133/><V58/><F130/><W61/><G112/><T41/><D64/><U10/><E67/><V100/><F127/><W101/><G101/><T125/><D125/><U34/><E59/><V40/><F58/><W71/><G120/><T62/><D62/><U69/><E88/><V83/><F83/><N who="3" m="49439" /><G13/><T70/><D70/><U56/><E56/><V76/><F76/><W92/><G92/><T129/><D129/><U102/><E102/><V44/><F103/><W123/><G123/><T0/><REACH who="0" step="1"/><D82/><REACH who="0" ten="327,267,203,193" step="2"/><U20/><E69/><V91/><F80/><W114/><G114/><T104/><D104/><U43/><E124/><V99/><F77/><W108/><G108/><T95/><D95/><U68/><E68/><V26/><F86/><W36/><G71/><T31/><D31/><U50/><E50/><V126/><F126/><W16/><G61/><T60/><D60/><U14/><E43/><V105/><F105/><W110/><G110/><N who="1" m="41994" /><E10/><V79/><F79/><W28/><G28/><T119/><D119/><AGARI ba="0,1" hai="9,14,17,19,20,25,34,35,116,118,119" m="41994" machi="119" ten="30,8000,1" yaku="14,1,34,2,52,2" doraHai="29" who="1" fromWho="0" sc="327,-80,267,90,203,0,193,0" /><INIT seed="3,0,0,4,0,61" ten="247,357,203,193" oya="3" hai0="20,132,24,110,98,120,52,75,18,0,54,127,43" hai1="29,109,41,25,108,56,15,21,94,48,116,2,81" hai2="39,30,73,128,68,11,124,118,104,95,49,16,5" hai3="82,38,55,106,111,88,112,13,133,14,10,123,22"/><W71/><G112/><T35/><D120/><U78/><E2/><V135/><F39/><W100/><G123/><T31/><D132/><U3/><E3/><V4/><F118/><W113/><G113/><T8/><D75/><U87/><E116/><V62/><F104/><W44/><G133/><T92/><D110/><U76/><E94/><V101/><F73/><W66/><G111/><N who="1" m="42570" /><E15/><V32/><F135/><W57/><G100/><T27/><D43/><U89/><E41/><V79/><F79/><N who="1" m="30249" /><E48/><V40/><F95/><W90/><G106/><T97/><D97/><U60/><E60/><V64/><F101/><W130/><G130/><T96/><D96/><U119/><E56/><V105/><F105/><W115/><G115/><T99/><D99/><U121/><E119/><V19/><F128/><W122/><G122/><AGARI ba="0,0" hai="21,25,29,81,87,89,121,122" m="30249,42570" machi="122" ten="30,1000,0" yaku="14,1" doraHai="61" who="1" fromWho="3" sc="247,0,357,10,203,0,193,-10" /><INIT seed="4,0,0,4,0,88" ten="247,367,203,183" oya="0" hai0="73,126,93,11,108,60,1,30,7,4,38,25,100" hai1="114,70,82,9,135,35,103,69,18,91,131,128,65" hai2="48,14,105,125,50,83,44,129,71,117,27,54,64" hai3="99,104,26,79,96,53,39,10,97,134,119,110,15"/><T75/><D108/><U133/><E35/><V29/><F105/><W31/><G110/><T95/><D126/><U2/><E103/><V112/><F112/><W57/><G119/><T56/><D38/><U5/><E18/><V113/><F113/><W102/><G134/><N who="1" m="51210" /><E114/><V21/><F125/><W22/><G79/><T45/><D45/><U61/><E69/><V72/><F117/><W120/><G120/><T86/><D7/><U115/><E115/><V12/><F129/><W6/><REACH who="3" step="1"/><G39/><REACH who="3" ten="247,367,203,173" step="2"/><T130/><D130/><U66/><E128/><V87/><F72/><W77/><G77/><T47/><D75/><U127/><E131/><V58/><F71/><W46/><G46/><T40/><D73/><U124/><E124/><V132/><F132/><W101/><G101/><T89/><D47/><U106/><E127/><V42/><REACH who="2" step="1"/><F64/><REACH who="2" ten="247,367,193,173" step="2"/><W90/><G90/><AGARI ba="0,2" hai="12,14,21,27,29,42,44,48,50,54,58,83,87,90" machi="90" ten="30,7700,0" yaku="1,1,2,1,7,1,8,1,53,0" doraHai="88" doraHaiUra="62" who="2" fromWho="3" sc="247,0,367,0,193,97,173,-77" /><INIT seed="5,0,0,1,1,58" ten="247,367,290,96" oya="1" hai0="9,1,37,66,69,18,61,81,50,97,4,104,79" hai1="19,109,8,68,54,39,125,64,46,56,55,12,22" hai2="89,21,120,57,94,45,98,77,0,87,62,84,16" hai3="131,3,38,43,128,40,29,85,7,24,108,14,63"/><U114/><E114/><V26/><F120/><W124/><G108/><T28/><D37/><U41/><E125/><V31/><F0/><W132/><G124/><T95/><D104/><U93/><E109/><V67/><F77/><W83/><G132/><T118/><D118/><U80/><E80/><V115/><F115/><W17/><G3/><T105/><D105/><U126/><E55/><V117/><F117/><W48/><G7/><T96/><D28/><U13/><E126/><V36/><F36/><W6/><G6/><T111/><D111/><U99/><E68/><V32/><REACH who="2" step="1"/><F45/><REACH who="2" ten="247,367,280,96" step="2"/><W30/><G38/><T27/><D79/><U52/><E46/><V116/><F116/><W51/><G128/><T44/><D1/><U35/><E39/><V88/><F88/><W42/><G131/><T65/><D69/><U106/><E35/><V23/><F23/><W73/><G73/><T34/><D34/><U133/><E133/><V113/><F113/><W75/><G75/><T112/><D112/><U130/><E130/><V86/><F86/><W123/><G123/><T101/><D97/><U53/><E22/><V20/><F20/><N who="3" m="11319" /><G24/><AGARI ba="0,1" hai="16,21,24,26,31,32,57,62,67,84,87,89,94,98" machi="24" ten="30,7700,0" yaku="1,1,7,1,52,1,54,1,53,0" doraHai="58" doraHaiUra="72" who="2" fromWho="3" sc="247,0,367,0,280,87,96,-77" /><INIT seed="6,0,0,1,0,19" ten="247,367,367,19" oya="2" hai0="55,35,45,27,125,126,112,74,97,99,70,21,77" hai1="105,107,31,58,89,109,33,69,118,71,23,28,121" hai2="43,68,76,14,84,127,83,6,120,46,24,134,3" hai3="91,9,2,49,80,50,32,53,18,90,73,44,42"/><V131/><F120/><W96/><G32/><T116/><D116/><U59/><E109/><V10/><F68/><N who="1" m="26185" /><E89/><V94/><F131/><W29/><G29/><N who="1" m="11338" /><E33/><V7/><F134/><W102/><G73/><T100/><D35/><U38/><E38/><V25/><F127/><N who="0" m="48650" /><D70/><U4/><E4/><V101/><F6/><W65/><G65/><T87/><D74/><U103/><E103/><V75/><F3/><W85/><G2/><T39/><D112/><U8/><E8/><V64/><F64/><W36/><G90/><T22/><D27/><U122/><E23/><N who="0" m="8713" /><D100/><U63/><E118/><V93/><F75/><W132/><G132/><T104/><D104/><N who="1" m="40011" /><E63/><V0/><F0/><W20/><G9/><T51/><D39/><U1/><E1/><V34/><F34/><W78/><G102/><T13/><D13/><U37/><E37/><V72/><F72/><W82/><G96/><T130/><D130/><U86/><E86/><V95/><F101/><W113/><G113/><T30/><D30/><U48/><E121/><V133/><F133/><W41/><G36/><T98/><D77/><U67/><E122/><V26/><F26/><N who="3" m="14615" /><G78/><T60/><D60/><U129/><E129/><V57/><F25/><W108/><G108/><T135/><D135/><U11/><E67/><V79/><F24/><W124/><G124/><T88/><D99/><U117/><E117/><V61/><F79/><N who="3" m="46239" /><G50/><T123/><D123/><U66/><E48/><N who="2" m="26719" /><F61/><W92/><G82/><AGARI ba="0,0" hai="45,51,55,82,87,88,97,98" m="8713,48650" machi="82" ten="30,8000,1" yaku="18,1,52,3,54,1" doraHai="19" who="0" fromWho="3" sc="247,80,367,0,367,0,19,-80" owari="327,-7.0,367,46.0,367,17.0,-61,-56.0" /></mjloggm>