<mjloggm ver="2.3"><GO type="41" lobby="0"/><UN n0="%E5%B0%B1%E6%B4%BB%E7%94%9F%40%E5%B7%9D%E6%9D%91%E8%BB%8D%E5%9B%A3" n1="%E5%8D%B1%E8%84%B3%E4%B8%B8" n2="%E3%83%9D%E3%83%AB%E3%83%BB%E3%83%9D%E3%83%88%E3%81%AE%E5%BC%9F%E5%AD%90" n3="%61%71%75%61%72%69%75%73" dan="17,15,15,14" rate="2234.11,2024.42,1952.74,1946.83" sx="M,M,M,M"/><TAIKYOKU oya="0"/><INIT seed="0,0,0,5,5,69" ten="250,250,250,250" oya="0" hai0="50,43,129,19,125,81,17,77,67,49,91,95,51" hai1="46,117,26,124,105,12,98,72,23,71,14,40,30" hai2="102,118,133,13,10,7,62,75,97,58,5,80,99" hai3="94,92,64,68,121,44,28,39,42,38,96,119,87"/><T111/><D125/><U27/><E72/><V82/><F133/><W61/><G119/><T79/><D129/><U6/><E71/><V107/><F118/><W76/><G121/><T104/><D104/><U2/><E117/><V59/><F59/><W47/><G28/><T9/><D111/><U131/><E131/><V36/><F36/><W114/><G114/><T66/><D43/><U20/><E124/><V56/><F56/><W54/><G54/><T1/><D1/><U86/><E86/><V113/><F113/><W32/><G32/><T112/><D112/><U123/><E123/><V37/><F37/><W41/><G96/><T48/><N who="0" m="12800" /><DORA hai="60" /><T89/><D9/><U130/><E130/><V15/><F15/><W93/><G76/><N who="0" m="29259" /><D81/><U106/><E106/><V126/><F126/><W109/><REACH who="3" step="1"/><G87/><REACH who="3" ten="250,250,250,240" step="2"/><N who="0" m="52671" /><D91/><U85/><E85/><V63/><F99/><W31/><G31/><T100/><D100/><U52/><E98/><V122/><F122/><W103/><G103/><T21/><D19/><U22/><E105/><V127/><F102/><W3/><G3/><T53/><D53/><U116/><E116/><V132/><F107/><W88/><G88/><T78/><D78/><U33/><E40/><V55/><F127/><W108/><AGARI ba="0,1" hai="38,39,41,42,44,47,61,64,68,92,93,94,108,109" machi="108" ten="30,12000,2" yaku="1,1,0,1,9,1,52,3,53,0" doraHai="69,60" doraHaiUra="35,84" who="3" fromWho="3" sc="250,-60,250,-30,250,-30,240,130" /><INIT seed="1,0,0,1,1,17" ten="190,220,220,370" oya="1" hai0="108,52,38,76,128,63,3,21,2,54,5,94,96" hai1="95,39,114,4,40,117,22,102,88,19,26,44,68" hai2="90,48,65,47,106,24,36,6,33,110,111,71,57" hai3="78,91,16,123,41,86,14,85,1,132,89,81,50"/><U12/><E68/><V11/><F106/><W25/><G132/><T83/><D38/><U28/><E117/><V61/><F90/><W70/><G70/><T43/><D108/><N who="2" m="41514" /><F36/><W56/><G1/><T103/><D128/><U130/><E130/><V10/><F71/><W55/><G123/><T31/><D43/><U64/><E64/><V112/><F112/><W13/><G41/><T60/><D5/><U87/><E4/><V18/><F6/><W66/><G66/><T120/><D120/><U109/><E109/><V72/><F72/><W23/><G78/><T135/><D135/><U7/><E7/><V118/><F118/><W51/><G50/><T45/><D3/><U58/><E58/><V115/><F115/><W134/><G134/><T93/><D93/><AGARI ba="0,0" hai="13,14,16,23,25,51,55,56,81,85,86,89,91,93" machi="93" ten="30,7700,0" yaku="7,1,8,1,52,1,54,1" doraHai="17" who="3" fromWho="0" sc="190,-77,220,0,220,0,370,77" /><INIT seed="2,0,0,5,4,124" ten="113,220,220,447" oya="2" hai0="125,97,112,89,43,69,93,101,117,108,120,57,128" hai1="63,82,10,27,85,37,129,58,40,4,94,109,3" hai2="2,78,16,81,42,104,38,60,22,53,51,28,84" hai3="34,114,99,14,115,8,66,80,56,132,6,7,11"/><V71/><F104/><W74/><G34/><T77/><D69/><U52/><E109/><V9/><F28/><W17/><G99/><T31/><D120/><U91/><E37/><V103/><F103/><W107/><G107/><T25/><D112/><N who="3" m="43049" /><G66/><T49/><D117/><U35/><E40/><V121/><F121/><W76/><G56/><T135/><D108/><U79/><E129/><V70/><F70/><W122/><G122/><T95/><D125/><U59/><E59/><V67/><F42/><W75/><G132/><T41/><D135/><U50/><E35/><V111/><F111/><W83/><G8/><T21/><D77/><AGARI ba="0,0" hai="6,7,11,14,17,74,75,76,77,80,83" m="43049" machi="77" ten="30,1000,0" yaku="11,1" doraHai="124" who="3" fromWho="0" sc="113,-10,220,0,220,0,447,10" /><INIT seed="3,0,0,5,3,101" ten="103,220,220,457" oya="3" hai0="6,88,63,69,41,47,31,0,96,122,22,24,54" hai1="102,43,100,50,71,124,75,49,34,77,105,117,76" hai2="13,133,65,18,130,42,107,83,135,70,33,55,38" hai3="84,44,28,19,66,82,115,4,90,119,91,112,128"/><W93/><G119/><T46/><D122/><U85/><E71/><V121/><F33/><W104/><G128/><T132/><D132/><U113/><E34/><V94/><F130/><W30/><G4/><T40/><D0/><U106/><E85/><V86/><F121/><W116/><G116/><T110/><D110/><U78/><E117/><V123/><F123/><W11/><G66/><T127/><D6/><U134/><E134/><V48/><F94/><W32/><G104/><N who="1" m="40042" /><E75/><V7/><F107/><W97/><G32/><T126/><D69/><U81/><E81/><V73/><F73/><W51/><G112/><T9/><D9/><U80/><E80/><V68/><F68/><W17/><G115/><T1/><D1/><U61/><E113/><V57/><F70/><W12/><REACH who="3" step="1"/><G17/><REACH who="3" ten="103,220,220,447" step="2"/><T20/><D126/><U108/><E124/><V89/><F18/><W16/><G16/><T36/><D127/><U67/><E67/><V35/><F7/><W99/><G99/><T45/><D36/><U23/><E108/><V103/><F38/><W95/><G95/><N who="0" m="56423" /><D22/><U5/><E23/><V39/><F35/><W56/><G56/><AGARI ba="0,1" hai="20,24,31,40,41,45,46,47,54,56,63" m="56423" machi="56" ten="30,2000,0" yaku="8,1,54,1" doraHai="101" who="0" fromWho="3" sc="103,30,220,0,220,0,447,-20" /><INIT seed="4,0,0,5,2,121" ten="133,220,220,427" oya="0" hai0="111,46,128,100,6,12,4,34,10,117,67,13,105" hai1="9,61,32,54,101,134,35,83,1,129,89,124,122" hai2="81,116,18,82,64,47,63,78,114,103,130,84,85" hai3="23,73,72,107,97,93,53,65,79,74,0,109,125"/><T94/><D117/><U8/><E122/><V133/><F114/><W58/><G125/><T20/><D105/><U16/><E124/><V52/><F130/><W56/><G0/><T95/><D34/><U66/><E129/><V98/><F133/><W7/><G7/><T68/><D128/><U110/><E110/><V55/><F116/><W92/><G65/><T44/><D68/><U108/><E108/><V127/><F18/><W119/><G119/><T43/><D67/><U75/><E101/><V26/><F26/><W106/><G23/><T69/><D69/><U51/><E134/><V49/><F55/><W118/><G118/><T11/><D100/><U37/><E37/><V33/><F33/><W48/><G56/><T87/><D111/><U104/><E104/><V2/><F2/><W36/><G36/><T39/><D44/><U120/><E120/><V112/><F112/><W30/><G30/><T90/><REACH who="0" step="1"/><D20/><REACH who="0" ten="123,220,220,427" step="2"/><U115/><E35/><V42/><F127/><W5/><G106/><T45/><D45/><U21/><E32/><V96/><F64/><W3/><G107/><T14/><D14/><U88/><E66/><V102/><F103/><W28/><G3/><T71/><D71/><U135/><E21/><V62/><F102/><W70/><G70/><T99/><D99/><U29/><E1/><V86/><F98/><W17/><G97/><T76/><D76/><U80/><E115/><V132/><F96/><W77/><G77/><T60/><D60/><N who="2" m="23082" /><F132/><W22/><G79/><T57/><D57/><U50/><E135/><V24/><F78/><W19/><G22/><RYUUKYOKU ba="0,1" sc="123,30,220,-10,220,-10,427,-10" hai0="4,6,10,11,12,13,39,43,46,87,90,94,95" /><INIT seed="4,1,1,4,0,15" ten="153,210,210,417" oya="0" hai0="66,11,4,80,93,127,130,122,89,17,10,44,41" hai1="105,88,39,123,21,45,53,128,81,49,96,79,99" hai2="24,26,46,67,106,64,62,75,42,35,111,134,18" hai3="25,132,30,9,51,50,74,129,78,113,65,33,133"/><T69/><D122/><U12/><E123/><V102/><F111/><W57/><G113/><T103/><D127/><U135/><E135/><N who="3" m="51786" /><G129/><T54/><D130/><U85/><E128/><V109/><F64/><W14/><G78/><T104/><D104/><U3/><E3/><V108/><F24/><W76/><G76/><T77/><D103/><U6/><E105/><V90/><F90/><W119/><G74/><T100/><D100/><U91/><E39/><V13/><F46/><W94/><G119/><T23/><D66/><U73/><E91/><V7/><F62/><N who="3" m="38095" /><G94/><T20/><D54/><U117/><E117/><V34/><F106/><W2/><G2/><T86/><D69/><U121/><E121/><V36/><F75/><W16/><AGARI ba="1,1" hai="9,14,16,25,30,33,50,51" m="38095,51786" machi="16" ten="30,4000,0" yaku="20,1,52,1,54,1" doraHai="15" who="3" fromWho="3" sc="153,-21,210,-11,210,-11,417,53" /><INIT seed="5,0,0,4,4,57" ten="132,199,199,470" oya="1" hai0="25,113,99,120,129,104,6,86,72,84,60,95,26" hai1="10,37,47,90,8,109,133,65,62,118,67,52,97" hai2="110,73,34,0,98,44,55,29,30,58,122,16,82" hai3="87,50,36,115,83,108,51,56,121,48,134,5,46"/><U126/><E118/><V42/><F110/><W88/><G134/><T114/><D72/><U119/><E119/><V27/><F30/><W14/><G121/><T7/><D104/><U61/><E37/><V64/><F0/><W107/><G107/><T28/><D120/><U69/><E133/><V81/><F64/><W123/><G123/><T53/><D129/><U128/><E128/><V111/><F111/><W92/><G108/><T1/><D1/><U78/><E78/><V80/><F122/><W68/><G68/><T9/><D9/><N who="1" m="3691" /><E69/><V59/><F98/><W101/><G115/><T112/><D7/><U63/><E126/><V20/><F55/><W31/><G31/><T43/><D43/><U40/><E40/><V66/><F66/><W103/><G36/><T15/><D15/><U74/><E74/><V76/><F59/><W77/><G56/><N who="0" m="34831" /><D6/><U70/><E70/><V4/><F58/><W3/><G3/><T117/><D117/><U19/><E19/><V135/><F4/><W125/><G125/><T127/><D127/><U131/><E131/><V39/><REACH who="2" step="1"/><F135/><REACH who="2" ten="132,199,189,470" step="2"/><W85/><G46/><T106/><D106/><U94/><E109/><V18/><F18/><W24/><G5/><T45/><D45/><U54/><E54/><V75/><F75/><W11/><G48/><AGARI ba="0,1" hai="47,48,52,61,62,63,65,67,90,94,97" m="3691" machi="48" ten="30,12000,1" yaku="8,1,52,3,54,1" doraHai="57" who="1" fromWho="3" sc="132,0,199,130,189,0,470,-120" /><INIT seed="5,1,0,1,0,119" ten="132,329,189,350" oya="1" hai0="27,29,63,134,79,21,1,36,45,126,135,84,59" hai1="103,111,46,107,32,10,57,125,39,31,77,85,55" hai2="74,131,114,28,104,40,115,123,25,41,76,87,117" hai3="6,73,62,26,92,124,24,34,52,93,100,43,83"/><U118/><E118/><V20/><F117/><W53/><G124/><T44/><D1/><U127/><E111/><V15/><F131/><W94/><G43/><T14/><D126/><N who="1" m="48139" /><E10/><V16/><F74/><W89/><G6/><T88/><D79/><U80/><E32/><V38/><F123/><W130/><G130/><T0/><D0/><U11/><E31/><V33/><F104/><W105/><G34/><T60/><D60/><U47/><E39/><V37/><F37/><W72/><G24/><T13/><D134/><U65/><E65/><V96/><F96/><N who="3" m="61575" /><G26/><T9/><D135/><U17/><E103/><V70/><F70/><W58/><G72/><T133/><D133/><U12/><E107/><V82/><F38/><W7/><G7/><T81/><D36/><U120/><E120/><V8/><F33/><W49/><G53/><T99/><D99/><U2/><E2/><V4/><F4/><W86/><G49/><AGARI ba="1,0" hai="11,12,17,46,47,49,55,57,77,80,85" m="48139" machi="49" ten="30,1500,0" yaku="18,1" doraHai="119" who="1" fromWho="3" sc="132,0,329,18,189,0,350,-18" /><INIT seed="5,2,0,1,1,122" ten="132,347,189,332" oya="1" hai0="21,124,11,121,134,100,105,51,101,83,69,50,123" hai1="106,49,132,54,117,31,128,87,26,126,131,107,25" hai2="135,116,56,74,3,18,34,23,118,6,28,75,97" hai3="67,17,98,38,62,19,44,27,12,85,55,82,112"/><U120/><E120/><N who="0" m="46153" /><D69/><U72/><E72/><V88/><F135/><W129/><G129/><N who="1" m="49738" /><E117/><V76/><F74/><W109/><G109/><T2/><D134/><U52/><E132/><V43/><F43/><W86/><G112/><T5/><D124/><U30/><E87/><V111/><F75/><W24/><G98/><N who="0" m="61591" /><D101/><U22/><E126/><V94/><F76/><W33/><G33/><T102/><D102/><U133/><E133/><V78/><F78/><W4/><G38/><T53/><D83/><U1/><E1/><V63/><F111/><W42/><G82/><T79/><D79/><U0/><E0/><V29/><F34/><W57/><G86/><T65/><D65/><U68/><E68/><V20/><F118/><W77/><G85/><T113/><D113/><U58/><E54/><V36/><F116/><W35/><G77/><T64/><D64/><U41/><E41/><V37/><F36/><W39/><G67/><T99/><D99/><U80/><E80/><V84/><F37/><W59/><G42/><T90/><D90/><U13/><E13/><V8/><F97/><W14/><G39/><T32/><D32/><AGARI ba="2,0" hai="22,25,26,30,31,32,49,52,58,106,107" m="49738" machi="32" ten="30,2900,0" yaku="19,1,54,1" doraHai="122" who="1" fromWho="0" sc="132,-35,347,35,189,0,332,0" /><INIT seed="5,3,0,2,3,81" ten="97,382,189,332" oya="1" hai0="3,11,34,60,18,43,38,133,56,71,62,23,51" hai1="104,96,135,14,108,125,94,13,82,41,9,59,129" hai2="124,52,58,65,101,123,8,31,132,73,5,39,134" hai3="42,97,19,67,46,45,70,55,12,0,118,17,87"/><U114/><E104/><V121/><F73/><W30/><G118/><T86/><D34/><U119/><E119/><V7/><F39/><W37/><G0/><T27/><D133/><N who="2" m="51306" /><F124/><W95/><G30/><T57/><D38/><U32/><E32/><V105/><F65/><W29/><G29/><T90/><D71/><U75/><E125/><V115/><F115/><W130/><G130/><T102/><D102/><U69/><E69/><V10/><F31/><W117/><G117/><T98/><D98/><U91/><E114/><V113/><F113/><W120/><G120/><T76/><D76/><U35/><E35/><V6/><F101/><W54/><G46/><T28/><D43/><U83/><E129/><V47/><F47/><W2/><G2/><T78/><D78/><U112/><E75/><V50/><F105/><W103/><G19/><T72/><D72/><U100/><E108/><V16/><F8/><W131/><G131/><T89/><D89/><U79/><E79/><V126/><F126/><W80/><G67/><T68/><D68/><U53/><E41/><V128/><F128/><W24/><G70/><T127/><D127/><U25/><E112/><V107/><F107/><W44/><G44/><T93/><D51/><N who="1" m="31167" /><E100/><V21/><F10/><N who="3" m="6295" /><G24/><AGARI ba="3,0" hai="5,6,7,16,21,24,50,52,58,121,123" m="51306" machi="24" ten="30,3900,0" yaku="20,1,54,2" doraHai="81" who="2" fromWho="3" sc="97,0,382,0,189,48,332,-48" /><INIT seed="6,0,0,5,0,34" ten="97,382,237,284" oya="2" hai0="95,97,63,129,99,52,1,62,43,113,44,130,35" hai1="5,131,28,100,71,72,116,41,101,0,31,45,92" hai2="70,3,22,7,132,67,120,85,30,90,50,51,14" hai3="61,119,111,79,123,77,122,65,104,53,86,25,13"/><V88/><F120/><W59/><G111/><T134/><D35/><U69/><E116/><V39/><F39/><W98/><G119/><T91/><D134/><U115/><E115/><V80/><F132/><W2/><G2/><T4/><D113/><U47/><E131/><V17/><F30/><W9/><G25/><T76/><D76/><U126/><E126/><V96/><F70/><W103/><G65/><T121/><D121/><U23/><E23/><V133/><F67/><W125/><G125/><T68/><D68/><U83/><E92/><V87/><F96/><W10/><G10/><T109/><D109/><U66/><E66/><V29/><F133/><W6/><REACH who="3" step="1"/><G86/><REACH who="3" ten="97,382,237,274" step="2"/><T89/><D129/><U15/><E0/><V18/><F3/><W8/><G8/><T12/><D130/><U36/><E71/><V33/><F87/><W55/><G55/><T74/><D74/><U16/><E69/><V42/><F85/><W94/><G94/><T82/><D1/><U105/><E72/><V75/><F75/><W56/><G56/><T81/><D43/><U114/><E41/><V27/><F42/><W21/><G21/><T106/><D106/><U64/><E105/><V93/><F22/><W38/><G38/><T78/><D78/><AGARI ba="0,1" hai="6,9,13,53,59,61,77,78,79,98,103,104,122,123" machi="78" ten="40,1300,0" yaku="1,1,53,0" doraHai="34" doraHaiUra="26" who="3" fromWho="0" sc="97,-13,382,0,237,0,274,23" /><INIT seed="7,0,0,5,5,86" ten="84,382,237,297" oya="3" hai0="102,4,30,43,108,78,25,15,115,53,21,0,124" hai1="22,24,26,94,55,58,6,48,18,128,49,1,44" hai2="39,33,50,90,57,105,74,106,8,83,10,118,45" hai3="96,100,46,23,81,95,123,109,56,73,20,54,63"/><W7/><G109/><T70/><D70/><U130/><E94/><V104/><F33/><W13/><G123/><T110/><D102/><U71/><E71/><V77/><F39/><W93/><G73/><T17/><D78/><U79/><E79/><V80/><F57/><W62/><G81/><T114/><D43/><U11/><REACH who="1" step="1"/><E26/><REACH who="1" ten="84,372,237,297" step="2"/><V12/><F77/><W32/><G32/><T40/><D40/><AGARI ba="0,1" hai="1,6,11,18,22,24,40,44,48,49,55,58,128,130" machi="40" ten="40,2600,0" yaku="1,1,2,1,53,0" doraHai="86" doraHaiUra="134" who="1" fromWho="0" sc="84,-26,372,36,237,0,297,0" owari="58,-44.0,408,50.0,237,-16.0,297,10.0" /></mjloggm>