<mjloggm ver="2.3"><GO type="97" lobby="0"/><UN n0="%E3%81%A6%E3%82%93%E3%81%93%E3%81%A6%E3%82%93%E3%81%93" n1="%4C%65%6F%6E%61%72%64%6F" n2="%E4%B8%99%E5%8D%88" n3="%E3%83%88%E3%83%88%E3%83%AA%E5%85%88%E7%94%9F%31%39%E6%AD%B3" dan="14,15,15,14" rate="1865.21,2024.93,1996.71,2010.22" sx="M,M,M,F"/><TAIKYOKU oya="0"/><INIT seed="0,0,0,2,5,126" ten="250,250,250,250" oya="0" hai0="48,37,58,5,62,101,10,74,31,114,17,67,120" hai1="1,21,77,11,135,25,44,129,118,72,98,54,9" hai2="94,124,60,131,7,41,70,95,49,2,76,90,96" hai3="109,14,132,93,8,105,88,16,113,61,46,53,83"/><T38/><D120/><U78/><E118/><V52/><F124/><W117/><G117/><T71/><D114/><U57/><E135/><V20/><F76/><N who="1" m="29289" /><E72/><V112/><F112/><W18/><G113/><T86/><D74/><U99/><E1/><V63/><F41/><W108/><G105/><T6/><D6/><U123/><E44/><V35/><F35/><W73/><G132/><T50/><D38/><U43/><E43/><V42/><F42/><W104/><G104/><T92/><D37/><U36/><E36/><V28/><F70/><W27/><G83/><T97/><D31/><N who="1" m="17839" /><E129/><V130/><F7/><W134/><G73/><T81/><D71/><U116/><E116/><V29/><F95/><W45/><G134/><T32/><D17/><U34/><E34/><V119/><F2/><W56/><G108/><T82/><D82/><U55/><E55/><V15/><F119/><W87/><G109/><T80/><D80/><U26/><E26/><N who="2" m="16455" /><F15/><N who="3" m="7271" /><G27/><T121/><D32/><U13/><E123/><V102/><F102/><W47/><G47/><T3/><D121/><U133/><E133/><V65/><F65/><W127/><G127/><T69/><D69/><U12/><E12/><V79/><F79/><AGARI ba="0,0" hai="3,5,10,48,50,58,62,67,79,81,86,92,97,101" machi="79" ten="30,1500,0" yaku="7,1" doraHai="126" who="0" fromWho="2" sc="250,15,250,0,250,-15,250,0" /><INIT seed="0,1,0,0,3,52" ten="265,250,235,250" oya="0" hai0="48,51,110,108,116,38,3,35,78,39,60,42,11" hai1="2,133,125,118,95,27,107,75,94,115,61,34,92" hai2="16,13,111,122,70,58,127,55,88,76,19,130,25" hai3="106,99,124,84,44,62,23,105,117,74,32,41,4"/><T49/><D35/><U1/><E75/><V72/><F122/><W26/><G117/><T6/><D116/><U135/><E118/><V31/><F70/><W79/><G74/><T17/><D78/><U53/><E107/><V113/><F113/><W114/><G114/><T29/><D29/><N who="1" m="19775" /><E115/><V33/><F130/><W128/><G32/><T63/><D42/><U129/><E129/><V73/><F127/><W71/><G124/><T45/><D17/><U30/><E30/><V86/><F111/><N who="0" m="42538" /><D45/><U93/><E125/><V7/><F76/><W89/><G79/><T104/><D104/><U28/><E28/><V85/><F85/><W0/><G128/><T15/><D3/><U54/><N who="1" m="24064" /><DORA hai="59" /><U40/><E40/><V50/><F7/><W20/><G4/><T69/><D69/><U101/><E54/><V14/><F14/><W82/><G0/><T10/><D11/><U83/><E83/><V36/><F36/><AGARI ba="1,0" hai="6,10,15,36,38,39,48,49,51,60,63" m="42538" machi="36" ten="40,12000,1" yaku="14,1,10,1,52,2" doraHai="52,59" who="0" fromWho="2" sc="265,123,250,0,235,-123,250,0" /><INIT seed="0,2,0,2,4,38" ten="388,250,112,250" oya="0" hai0="3,14,41,58,102,108,98,135,78,111,113,37,15" hai1="106,65,76,9,4,118,19,28,93,121,103,69,6" hai2="92,114,56,63,52,10,12,34,33,88,95,134,77" hai3="70,116,110,17,35,80,16,122,105,97,42,100,25"/><T36/><D113/><U73/><E121/><V30/><F114/><W27/><G116/><T96/><D135/><U132/><E118/><V112/><F112/><W123/><G70/><T57/><D3/><U45/><E106/><V87/><F134/><W23/><G110/><N who="0" m="42027" /><D78/><U109/><E132/><V61/><F61/><W48/><G80/><T131/><D131/><U43/><E28/><V59/><F59/><N who="0" m="22538" /><D102/><U60/><E76/><V130/><F130/><W107/><G107/><T46/><D37/><U66/><E73/><V79/><F95/><W67/><G67/><T126/><D126/><U1/><E66/><V124/><F124/><W50/><G50/><T47/><D46/><U128/><E128/><V89/><F89/><W51/><G51/><T68/><D68/><U49/><E109/><V75/><F30/><W32/><G122/><T72/><D72/><U115/><E115/><V62/><F62/><W26/><G123/><T101/><D98/><U71/><E71/><V120/><F120/><W84/><G84/><T133/><D133/><U40/><E4/><V64/><F64/><W127/><G127/><T44/><D44/><U11/><E103/><V85/><F75/><W74/><G74/><T129/><D129/><U22/><E93/><AGARI ba="2,0" hai="14,15,36,41,47,93,96,101" m="22538,42027" machi="93" ten="30,5800,0" yaku="14,1,10,1,52,1" doraHai="38" who="0" fromWho="1" sc="388,64,250,-64,112,0,250,0" /><INIT seed="0,3,0,2,0,55" ten="452,186,112,250" oya="0" hai0="75,80,0,8,81,61,13,104,9,39,101,94,27" hai1="6,44,52,133,89,99,59,106,111,96,40,41,128" hai2="78,90,3,130,115,79,62,51,32,28,118,20,37" hai3="53,29,22,23,64,18,58,71,26,5,56,100,126"/><T34/><D39/><U66/><E111/><V97/><F37/><W25/><G126/><T4/><D104/><U60/><E128/><V10/><F115/><W48/><G71/><T127/><D75/><U117/><E117/><V70/><F130/><W1/><G1/><T109/><D127/><U19/><E133/><V131/><F118/><W24/><G5/><T108/><D34/><U116/><E116/><V30/><F131/><W119/><G119/><T132/><D27/><U135/><E135/><V92/><F32/><W122/><G122/><T113/><D113/><U102/><E6/><V49/><F30/><W47/><G64/><T38/><D38/><U95/><E19/><V11/><F3/><W12/><G100/><T63/><D9/><N who="2" m="3082" /><F62/><W43/><REACH who="3" step="1"/><G58/><REACH who="3" ten="452,186,112,240" step="2"/><T124/><D0/><U67/><REACH who="1" step="1"/><E40/><REACH who="1" ten="452,176,112,240" step="2"/><V107/><F70/><W76/><G76/><N who="2" m="29225" /><F107/><W129/><G129/><T91/><D124/><U42/><E42/><V121/><F121/><W134/><G134/><T45/><D132/><U14/><E14/><V114/><F114/><W15/><G15/><T93/><D13/><U98/><E98/><V110/><F110/><W65/><G65/><T83/><D108/><U72/><E72/><V82/><F82/><W50/><AGARI ba="3,2" hai="12,18,22,23,24,25,26,29,43,47,48,50,53,56" machi="50" ten="20,8000,1" yaku="1,1,0,1,7,1,8,1,52,1,53,0" doraHai="55" doraHaiUra="33" who="3" fromWho="3" sc="452,-43,176,-23,112,-23,240,109" /><INIT seed="1,0,0,3,1,28" ten="409,153,89,349" oya="1" hai0="96,75,68,130,126,123,54,107,37,91,99,24,33" hai1="50,132,30,111,19,115,5,31,76,18,35,26,84" hai2="102,97,60,20,25,106,57,128,2,109,38,58,63" hai3="108,81,72,90,110,125,12,77,80,89,8,119,48"/><U129/><E115/><V22/><F128/><W49/><G125/><T23/><D126/><U83/><E129/><V113/><F113/><W42/><G119/><T70/><D75/><U92/><E132/><V14/><F2/><W59/><G49/><T71/><D37/><U95/><E111/><N who="3" m="42538" /><G81/><T46/><D130/><U82/><E5/><V39/><F109/><W45/><G59/><T86/><D123/><U131/><E131/><V67/><F14/><W134/><G134/><T0/><D0/><U127/><E127/><V56/><F22/><W79/><G79/><T103/><D99/><U61/><E30/><V1/><F1/><W105/><G105/><T66/><D23/><U64/><E50/><V10/><F10/><W112/><G112/><T120/><D46/><U101/><E95/><V117/><F117/><W3/><G3/><T122/><D54/><U15/><E15/><V114/><F114/><W51/><G51/><T94/><D122/><U118/><E118/><V34/><F58/><W121/><G121/><T135/><D135/><U100/><E100/><V85/><F85/><W53/><G53/><T55/><D55/><U98/><REACH who="1" step="1"/><E83/><REACH who="1" ten="409,143,89,349" step="2"/><V62/><F39/><W104/><G104/><T6/><D120/><U124/><E124/><V65/><F38/><W4/><AGARI ba="0,1" hai="4,8,12,42,45,48,72,77,80,89,90" m="42538" machi="4" ten="30,1100,0" yaku="14,1" doraHai="28" who="3" fromWho="3" sc="409,-3,143,-5,89,-3,349,21" /><INIT seed="2,0,0,1,2,120" ten="406,138,86,370" oya="2" hai0="27,10,95,39,134,14,60,18,48,92,79,94,114" hai1="85,36,32,0,55,81,21,111,56,26,96,129,101" hai2="71,46,35,64,5,80,84,33,20,135,70,116,30" hai3="29,88,132,52,121,97,15,124,61,43,7,66,75"/><V126/><F116/><W17/><G121/><T73/><D114/><U78/><E36/><V4/><F135/><W25/><G75/><T125/><D39/><U12/><E0/><V37/><F126/><W1/><G132/><T72/><D125/><U119/><E32/><V106/><F106/><W59/><G124/><T2/><D134/><U58/><E12/><V8/><F5/><W24/><G43/><T16/><D2/><U68/><E68/><V76/><F33/><W99/><G1/><T42/><D60/><U28/><E129/><V108/><F35/><W115/><G7/><T13/><D27/><N who="3" m="10313" /><G29/><T107/><D107/><U45/><E119/><V131/><F131/><W123/><G115/><T113/><D113/><U102/><E111/><V63/><F70/><W38/><G38/><T109/><D109/><U91/><E45/><V62/><F62/><W40/><G40/><T77/><D73/><U34/><E34/><V53/><F37/><W90/><G123/><T130/><D130/><U9/><E9/><V19/><F30/><W104/><G104/><T49/><D72/><U51/><E58/><N who="2" m="36983" /><F108/><W6/><G6/><T41/><D92/><AGARI ba="0,0" hai="21,26,28,51,55,56,78,81,85,91,92,96,101,102" machi="92" ten="40,1300,0" yaku="8,1" doraHai="120" who="1" fromWho="0" sc="406,-13,138,13,86,0,370,0" /><INIT seed="3,0,0,5,2,73" ten="393,151,86,370" oya="3" hai0="105,64,100,77,60,29,88,48,102,66,17,22,53" hai1="121,80,20,114,31,68,92,131,14,19,25,99,86" hai2="38,63,112,90,85,113,52,78,116,12,9,46,74" hai3="94,103,110,84,111,33,21,32,62,133,50,106,51"/><W119/><G119/><T124/><D105/><U30/><E121/><V127/><F116/><W70/><G133/><T34/><D34/><N who="3" m="13417" /><G106/><T130/><D29/><U135/><E68/><V76/><F127/><W95/><G103/><T65/><D124/><U35/><E135/><V118/><F118/><W56/><G70/><T24/><D77/><N who="2" m="29802" /><F74/><W101/><G21/><T107/><D107/><U1/><E1/><V59/><F38/><W67/><G84/><T109/><D130/><U49/><E131/><V98/><F113/><W83/><G83/><T108/><D60/><U125/><E125/><V41/><F112/><W97/><G95/><T71/><D71/><U27/><E49/><N who="2" m="26831" /><F98/><W13/><G13/><T55/><D55/><U96/><E114/><V42/><F42/><W37/><G37/><T10/><D10/><U7/><E92/><N who="2" m="54351" /><F12/><W72/><G72/><T120/><D120/><U4/><E99/><V91/><F9/><W15/><G15/><T3/><D3/><U43/><E96/><V79/><N who="2" m="29810" /><V82/><DORA hai="58" /><F91/><W44/><G44/><N who="0" m="27783" /><D88/><U18/><E43/><V93/><F93/><W134/><G134/><T16/><D17/><U129/><E129/><V11/><F11/><W57/><G57/><T40/><D40/><U45/><E45/><V5/><F5/><N who="1" m="2121" /><E80/><AGARI ba="0,0" hai="52,59,63,80,82" m="54351,26831,29810" machi="80" ten="30,12000,2" yaku="8,1,52,5,54,1" doraHai="73,58" who="2" fromWho="1" sc="393,0,151,-120,86,120,370,0" owari="393,49.0,31,-47.0,206,-19.0,370,17.0" /></mjloggm>