<mjloggm ver="2.3"><GO type="169" lobby="0"/><UN n0="%70%69%65%72%72%65%5F%41" n1="%43%48%49%52%4F%52%55" n2="%E3%81%8F%E3%81%86%E3%81%93" n3="%E5%B0%B1%E6%B4%BB%E7%94%9F%40%E5%B7%9D%E6%9D%91%E8%BB%8D%E5%9B%A3" dan="17,17,16,16" rate="2139.25,2101.99,2096.95,2040.99" sx="M,M,M,M"/><TAIKYOKU oya="0"/><INIT seed="0,0,0,1,2,12" ten="250,250,250,250" oya="0" hai0="121,43,108,57,66,130,92,28,46,39,3,67,69" hai1="118,6,52,105,54,117,102,68,17,41,86,5,125" hai2="97,26,73,19,48,72,63,4,116,129,104,10,78" hai3="81,16,62,123,115,20,70,89,13,83,65,77,27"/><T9/><D121/><U93/><E68/><V49/><F116/><W100/><G123/><T40/><D130/><U95/><E105/><V82/><F129/><W38/><G115/><T91/><D108/><U1/><E1/><V71/><F73/><W135/><G38/><T106/><D106/><U111/><E111/><V25/><F25/><W119/><G119/><T132/><D69/><U122/><E122/><V127/><F127/><W112/><G112/><T18/><D132/><U60/><E125/><V124/><F124/><W128/><G135/><T114/><D114/><U75/><E75/><V36/><F36/><W87/><G128/><T103/><D103/><U14/><E41/><V32/><F4/><N who="1" m="1641" /><E118/><V56/><F71/><W55/><G100/><T85/><D3/><U90/><E60/><V133/><F32/><W80/><G55/><N who="1" m="21034" /><E117/><V21/><F10/><W96/><G27/><T53/><D43/><U126/><E126/><V0/><F0/><W11/><G11/><T24/><D28/><U79/><E79/><V15/><F26/><W2/><G2/><T31/><D31/><U94/><E102/><V37/><F37/><W84/><G96/><T8/><D8/><AGARI ba="0,0" hai="8,14,17,86,90,93,94,95" m="21034,1641" machi="8" ten="30,3900,0" yaku="8,1,52,1,54,1" doraHai="12" who="1" fromWho="0" sc="250,-39,250,39,250,0,250,0" /><INIT seed="1,0,0,1,5,55" ten="211,289,250,250" oya="1" hai0="85,96,118,128,57,33,44,8,12,103,94,43,54" hai1="86,20,135,87,134,65,4,117,3,32,75,132,2" hai2="112,30,70,5,27,133,53,37,46,116,108,129,119" hai3="110,97,80,15,99,123,49,105,42,74,7,69,67"/><U73/><E32/><V106/><F5/><W24/><G123/><T26/><D128/><U45/><E117/><V84/><F84/><N who="1" m="32297" /><E65/><V115/><F27/><W90/><G90/><T0/><D0/><N who="1" m="43" /><E4/><V56/><F30/><W113/><G24/><T60/><D118/><U50/><E20/><V64/><F106/><W131/><G80/><T9/><D33/><U29/><E29/><V13/><F13/><W19/><G7/><T111/><D26/><U41/><AGARI ba="0,0" hai="41,45,50,73,75,132,134,135" m="43,32297" machi="41" ten="40,2100,0" yaku="20,1" doraHai="55" who="1" fromWho="1" sc="211,-7,289,21,250,-7,250,-7" /><INIT seed="1,1,0,5,5,19" ten="204,310,243,243" oya="1" hai0="101,78,8,12,131,97,135,1,25,17,56,93,94" hai1="98,2,120,81,51,90,85,123,7,58,121,36,72" hai2="68,126,129,108,34,61,64,71,57,37,118,48,77" hai3="53,86,5,38,22,134,63,76,62,104,82,122,95"/><U49/><E36/><V132/><F34/><W73/><G104/><T40/><D131/><U74/><E2/><V124/><F77/><W41/><G122/><T130/><D130/><U10/><E98/><V92/><F129/><W59/><G134/><T89/><D135/><U24/><E24/><V102/><F132/><W105/><G105/><T30/><D78/><U69/><E69/><N who="2" m="42127" /><F92/><W39/><G5/><T70/><D70/><N who="2" m="26666" /><F102/><W16/><G41/><T80/><D40/><U46/><E10/><V33/><F33/><W67/><G63/><T35/><D56/><U54/><REACH who="1" step="1"/><E7/><REACH who="1" ten="204,300,243,243" step="2"/><V20/><F37/><W55/><G38/><T11/><D1/><U60/><E60/><V45/><F118/><W96/><G39/><T127/><D8/><U116/><E116/><V15/><F126/><W114/><G114/><T14/><D127/><U110/><E110/><V128/><F124/><W103/><G73/><T112/><D112/><U28/><E28/><V65/><F108/><W106/><G106/><T32/><D11/><U0/><E0/><V21/><F128/><W13/><AGARI ba="1,1" hai="13,16,22,53,55,59,62,67,76,82,86,95,96,103" machi="13" ten="20,8000,1" yaku="0,1,7,1,8,1,52,1,54,1" doraHai="19" who="3" fromWho="3" sc="204,-21,300,-41,243,-21,243,93" /><INIT seed="2,0,0,1,2,17" ten="183,259,222,336" oya="2" hai0="125,47,14,1,75,131,87,108,27,5,15,81,116" hai1="38,22,25,110,63,58,121,61,76,86,11,50,20" hai2="95,43,84,102,36,56,29,41,104,70,57,96,94" hai3="32,124,115,18,10,117,100,126,92,54,111,9,74"/><V33/><F70/><W2/><G74/><T37/><D108/><U30/><E38/><V16/><F36/><W65/><G117/><T109/><D109/><U89/><E110/><V64/><F104/><W123/><G111/><T42/><D116/><U60/><E121/><V120/><F120/><W26/><G123/><T51/><D131/><U4/><E76/><V99/><F84/><W12/><G65/><T80/><D125/><N who="3" m="48233" /><G54/><T55/><D27/><U122/><E122/><V103/><F33/><W119/><G119/><T83/><D75/><U7/><E22/><V69/><F29/><N who="3" m="19511" /><G92/><T46/><REACH who="0" step="1"/><D87/><REACH who="0" ten="173,259,222,336" step="2"/><U13/><E4/><V40/><F64/><W112/><G100/><T24/><D24/><U49/><REACH who="1" step="1"/><E58/><REACH who="1" ten="173,249,222,336" step="2"/><V107/><F69/><W88/><G115/><T6/><D6/><U129/><E129/><V106/><F106/><W90/><G112/><T34/><D34/><U93/><AGARI ba="0,2" hai="7,11,13,20,25,30,49,50,60,61,63,86,89,93" machi="93" ten="30,7900,0" yaku="1,1,0,1,8,1,52,1,53,0" doraHai="17" doraHaiUra="31" who="1" fromWho="1" sc="173,-20,249,99,222,-39,336,-20" /><INIT seed="3,0,0,4,5,25" ten="153,348,183,316" oya="3" hai0="114,9,57,70,125,101,121,39,82,1,83,108,22" hai1="55,41,13,106,24,95,32,43,64,52,61,49,7" hai2="2,85,93,53,112,123,54,27,87,109,19,135,122" hai3="90,133,14,40,56,132,16,59,46,97,104,120,65"/><W105/><G120/><T67/><D121/><U102/><E106/><V10/><F112/><W75/><G75/><T3/><D114/><U60/><E32/><V23/><F109/><W31/><G105/><T26/><D125/><U91/><E102/><V58/><F54/><N who="1" m="20521" /><E24/><V62/><F135/><N who="3" m="51787" /><G65/><T37/><D108/><U99/><E64/><V69/><F69/><W42/><G31/><T81/><D70/><U126/><E126/><V4/><F123/><W113/><G42/><N who="1" m="15882" /><E49/><V44/><F122/><W77/><G77/><T79/><D101/><U6/><E13/><V107/><F107/><W118/><G118/><T98/><D79/><U5/><AGARI ba="0,0" hai="5,6,7,60,61,91,95,99" m="15882,20521" machi="5" ten="30,2000,0" yaku="8,1,54,1" doraHai="25" who="1" fromWho="1" sc="153,-5,348,20,183,-5,316,-10" /><INIT seed="4,0,0,4,2,12" ten="148,368,178,306" oya="0" hai0="20,61,21,127,64,2,13,110,25,43,66,100,114" hai1="27,32,102,75,54,3,133,6,90,18,1,99,35" hai2="80,45,86,67,65,131,82,60,55,46,26,38,53" hai3="30,63,73,120,98,97,92,132,14,85,118,77,70"/><T89/><D2/><U93/><E75/><V130/><F26/><W40/><G73/><T50/><D114/><U124/><E133/><V95/><F95/><W11/><G132/><T91/><D127/><U112/><E124/><V49/><F86/><W51/><G30/><T5/><D100/><U17/><E112/><V52/><F80/><N who="3" m="47247" /><G118/><T129/><D129/><N who="2" m="49162" /><F82/><W28/><G28/><T41/><D110/><U106/><E54/><N who="2" m="29999" /><F60/><W57/><G70/><T104/><D104/><U103/><E27/><V33/><F33/><W34/><G34/><T84/><D89/><U8/><E93/><V37/><F46/><N who="3" m="26055" /><G92/><T125/><D125/><U15/><E35/><V116/><F116/><W71/><G71/><T113/><D113/><U68/><E32/><V16/><F16/><N who="3" m="8287" /><G120/><T58/><D64/><AGARI ba="0,0" hai="37,38,52,53,55,64,65,67" m="29999,49162" machi="64" ten="30,7700,0" yaku="19,1,34,2,54,1" doraHai="12" who="2" fromWho="0" sc="148,-77,368,0,178,77,306,0" /><AGARI ba="0,0" hai="57,63,64,97,98" m="8287,26055,47247" machi="64" ten="30,3900,0" yaku="8,1,52,1,54,1" doraHai="12" who="3" fromWho="0" sc="71,-39,368,0,255,0,306,39" /><INIT seed="5,0,0,2,1,27" ten="32,368,255,345" oya="1" hai0="4,38,121,92,14,20,107,135,122,7,83,52,34" hai1="2,5,102,50,0,32,13,116,99,37,40,19,62" hai2="3,103,105,77,79,23,96,114,124,126,1,91,128" hai3="18,10,66,9,36,131,49,25,65,74,33,46,57"/><U41/><E37/><V130/><F23/><W60/><G74/><T73/><D107/><U35/><E116/><V30/><F1/><W89/><G36/><T129/><D34/><U76/><E76/><N who="2" m="29259" /><F30/><W81/><G66/><T109/><D73/><U53/><E62/><V117/><F3/><W84/><G131/><N who="2" m="50217" /><F117/><W72/><G72/><T119/><D129/><U15/><E2/><V63/><F63/><W82/><G82/><T6/><D119/><U95/><E0/><V75/><F75/><W123/><G123/><T64/><D109/><U134/><E35/><V59/><F59/><W100/><G100/><T68/><D135/><U108/><E134/><V39/><F39/><W21/><REACH who="3" step="1"/><G33/><REACH who="3" ten="32,368,255,335" step="2"/><T125/><D38/><U45/><E32/><V31/><F91/><W127/><G127/><N who="2" m="48681" /><F31/><W80/><G80/><T118/><D118/><U113/><E108/><V24/><F24/><W97/><G97/><T28/><D125/><U101/><E99/><V8/><F8/><W132/><G132/><T26/><D122/><U22/><E22/><V115/><AGARI ba="0,1" hai="96,103,105,114,115" m="48681,50217,29259" machi="115" ten="40,8000,1" yaku="19,1,18,1,34,2" doraHai="27" who="2" fromWho="2" sc="32,-20,368,-40,255,90,335,-20" /><INIT seed="6,0,0,3,3,15" ten="12,328,345,315" oya="2" hai0="110,39,52,104,117,20,21,27,114,44,36,96,26" hai1="60,61,98,31,103,59,58,75,90,102,73,95,91" hai2="55,11,16,25,112,78,126,113,128,118,68,24,69" hai3="67,63,132,119,70,107,19,13,56,10,7,37,51"/><V42/><F118/><W0/><G37/><T99/><D117/><U33/><E33/><V85/><F128/><W79/><G119/><T1/><D114/><N who="2" m="44138" /><F126/><W53/><G132/><T105/><D44/><U64/><E31/><V30/><F42/><W89/><G107/><T17/><D1/><U29/><E29/><V47/><F47/><W9/><G79/><T14/><D14/><U80/><E73/><V131/><F55/><W100/><G89/><T38/><D52/><N who="1" m="33863" /><E75/><V46/><F46/><W116/><G116/><T45/><D45/><U108/><E108/><V93/><F131/><W74/><REACH who="3" step="1"/><G74/><REACH who="3" ten="12,328,345,305" step="2"/><T66/><D66/><U133/><E133/><V129/><F129/><W5/><G5/><T86/><D86/><AGARI ba="0,1" hai="59,61,64,80,86,90,91,95,98,102,103" m="33863" machi="86" ten="30,2000,0" yaku="8,1,54,1" doraHai="15" who="1" fromWho="0" sc="12,-20,328,30,345,0,305,0" owari="-8,-51.0,358,45.0,345,15.0,305,-9.0" /></mjloggm>