<mjloggm ver="2.3"><GO type="169" lobby="0"/><UN n0="%E3%82%B1%E3%82%A4%EF%BC%91%EF%BC%93" n1="%E3%82%A6%E3%83%AB%E3%83%88%E3%83%A9%E7%AB%8B%E7%9B%B4" n2="%E6%98%9F%E9%99%8D%E3%82%8B%E5%A4%9C" n3="%4D%72%2E%6E%69%6B%75%39" dan="16,17,16,16" rate="2064.56,2118.09,2099.08,2148.94" sx="M,M,F,F"/><TAIKYOKU oya="0"/><INIT seed="0,0,0,0,2,105" ten="250,250,250,250" oya="0" hai0="135,40,4,21,49,2,63,120,67,38,62,44,80" hai1="131,31,33,91,73,64,85,32,22,25,104,115,111" hai2="28,60,69,23,79,26,116,48,106,57,112,24,130" hai3="45,134,107,51,117,126,9,6,72,75,61,39,50"/><T13/><D2/><U65/><E104/><V132/><F116/><W10/><G117/><T122/><D135/><U86/><E131/><V118/><F112/><W90/><G39/><T124/><D124/><U30/><E22/><V94/><F132/><W74/><G134/><T92/><D63/><U12/><E12/><V59/><F106/><W47/><G107/><T1/><D1/><U11/><E11/><V46/><F130/><W102/><G102/><T83/><D83/><U17/><E17/><V84/><F26/><W3/><G126/><T113/><D113/><U101/><E101/><V77/><F69/><W82/><G61/><T68/><D38/><U42/><E25/><V19/><F28/><W76/><G90/><T108/><D108/><U18/><E91/><N who="2" m="53607" /><F118/><W110/><G110/><T88/><D80/><U95/><E31/><V119/><F119/><W16/><G47/><T55/><D40/><U100/><E42/><N who="2" m="24663" /><F59/><W58/><G58/><T14/><D14/><U127/><E127/><V89/><F89/><W96/><G96/><T41/><D41/><U70/><E70/><V35/><F35/><W93/><G93/><T27/><D13/><U15/><E15/><V34/><F34/><W43/><G10/><T128/><D4/><U37/><E37/><V129/><F129/><W53/><G16/><N who="0" m="12711" /><D128/><U36/><E36/><V56/><F56/><W20/><G20/><T54/><D54/><AGARI ba="0,0" hai="19,23,24,54,57,60,77,79" m="24663,53607" machi="54" ten="30,1000,0" yaku="8,1" doraHai="105" who="2" fromWho="0" sc="250,-10,250,0,250,10,250,0" /><INIT seed="1,0,0,5,0,18" ten="240,250,260,250" oya="1" hai0="32,82,63,6,49,56,79,70,43,94,125,71,116" hai1="3,121,13,113,60,123,42,19,11,55,66,78,86" hai2="15,118,95,1,53,106,46,83,127,119,33,65,75" hai3="115,9,68,8,92,134,39,104,26,120,34,29,103"/><U27/><E113/><V107/><F1/><W126/><G120/><T105/><D105/><U52/><E3/><V131/><F33/><W40/><G115/><T72/><D32/><U41/><E123/><V12/><F65/><W0/><G134/><T102/><D6/><U87/><E121/><V98/><F107/><W67/><G92/><T22/><D125/><U2/><E2/><V17/><F127/><W135/><G135/><T38/><D38/><U122/><E122/><V85/><F75/><W48/><G48/><T61/><D61/><U99/><E99/><V133/><F106/><W124/><G9/><T25/><D116/><U109/><E109/><V129/><F12/><W91/><G91/><T89/><D49/><U81/><E87/><V5/><F5/><N who="3" m="1063" /><G40/><N who="1" m="15466" /><E27/><V58/><F46/><W97/><G39/><T73/><D43/><U50/><E50/><V108/><F133/><W14/><G14/><T20/><D102/><U16/><E19/><V128/><F17/><W69/><G69/><T117/><D73/><U7/><E7/><V51/><F15/><W44/><G44/><T59/><D117/><U62/><E62/><AGARI ba="0,0" hai="26,29,34,62,67,68,97,103,104,124,126" m="1063" machi="62" ten="30,2000,0" yaku="25,1,23,1" doraHai="18" who="3" fromWho="1" sc="240,0,250,-20,260,0,250,20" /><INIT seed="2,0,0,0,5,28" ten="240,230,260,270" oya="2" hai0="15,12,7,32,24,14,115,122,107,16,5,123,60" hai1="124,61,52,40,98,35,41,63,108,48,62,29,97" hai2="54,104,103,38,8,86,87,116,57,65,118,11,131" hai3="95,31,132,6,71,80,81,46,96,51,129,0,21"/><V120/><F120/><W69/><G129/><T72/><D107/><U55/><E124/><V39/><F65/><W58/><G132/><T128/><D115/><U125/><E125/><V19/><F131/><W34/><G21/><N who="0" m="13351" /><D72/><U42/><E108/><V3/><F3/><W114/><G114/><T102/><D102/><U106/><E106/><V105/><F103/><W50/><G6/><N who="0" m="2059" /><D60/><U109/><E109/><V44/><F19/><W133/><G0/><T91/><D91/><U99/><E48/><V10/><F10/><W117/><G51/><T77/><D77/><U100/><E100/><V30/><F44/><W20/><G46/><T25/><D128/><U18/><E18/><V93/><F93/><W67/><G50/><T127/><D127/><U56/><E56/><V110/><F110/><W27/><G71/><T121/><D121/><U84/><E84/><V92/><F92/><W26/><G69/><T126/><D126/><U82/><E82/><V83/><F83/><W94/><G94/><T64/><D64/><U111/><E111/><V2/><F104/><W1/><G81/><T47/><D47/><U9/><E9/><V59/><F105/><W101/><G80/><T130/><D130/><U49/><E49/><V113/><F113/><W88/><G101/><T85/><D85/><U89/><E89/><V134/><F39/><W90/><G90/><T4/><D4/><U75/><E75/><V45/><F38/><W37/><G37/><T17/><D17/><U119/><E119/><V66/><F116/><W78/><G117/><T73/><D73/><U23/><E99/><RYUUKYOKU ba="0,0" sc="240,30,230,-10,260,-10,270,-10" hai0="12,14,15,25,32,122,123" /><INIT seed="3,1,0,2,3,119" ten="270,220,250,260" oya="3" hai0="78,74,86,108,120,28,106,131,66,32,83,55,44" hai1="11,61,104,134,12,114,39,88,3,110,75,133,30" hai2="94,92,23,118,93,105,47,6,24,111,116,58,42" hai3="124,45,59,56,40,65,0,79,18,2,8,15,122"/><W128/><G122/><T16/><D106/><U62/><E3/><V100/><F6/><W48/><G128/><T34/><D120/><U99/><E39/><V4/><F4/><W9/><G124/><T54/><D108/><U20/><E75/><V102/><F111/><W90/><G79/><T37/><D28/><U91/><E114/><V126/><F58/><W97/><G9/><T80/><D54/><U21/><E104/><V135/><F135/><N who="1" m="51721" /><E110/><V98/><F102/><W82/><G59/><T73/><D66/><U7/><E30/><V31/><REACH who="2" step="1"/><F126/><REACH who="2" ten="270,220,240,260" step="2"/><W38/><G2/><T123/><D131/><U68/><E68/><V35/><F35/><W43/><G0/><T81/><D32/><U33/><E33/><V19/><F19/><W127/><G127/><T107/><D16/><U132/><E132/><V89/><F89/><W60/><G38/><AGARI ba="1,1" hai="23,24,31,38,42,47,92,93,94,98,100,105,116,118" machi="38" ten="40,1300,0" yaku="1,1,53,0" doraHai="119" doraHaiUra="1" who="2" fromWho="3" sc="270,0,220,0,240,26,260,-16" /><INIT seed="4,0,0,1,2,40" ten="270,220,266,244" oya="0" hai0="123,52,82,94,62,116,88,124,101,104,11,48,64" hai1="5,61,97,26,89,28,67,58,117,133,4,102,131" hai2="12,20,9,7,69,23,53,76,107,99,50,95,92" hai3="43,18,35,105,127,0,16,13,14,91,54,109,118"/><T37/><D37/><U119/><E131/><V115/><F69/><W15/><G105/><T55/><D124/><U49/><E133/><V68/><F68/><W85/><G118/><T39/><D123/><U110/><E110/><V114/><F76/><W2/><G109/><T36/><D55/><U27/><E27/><V29/><F107/><W1/><G35/><T134/><D82/><U129/><E129/><V128/><F128/><W135/><G135/><T121/><D121/><U81/><E117/><V90/><F95/><W47/><G54/><T57/><D116/><U59/><E119/><V21/><REACH who="2" step="1"/><F29/><REACH who="2" ten="270,220,256,244" step="2"/><W78/><G78/><T3/><D104/><U31/><E31/><V111/><F111/><W41/><G127/><T87/><D101/><U93/><E81/><V10/><F10/><W132/><G132/><T120/><D134/><U79/><E79/><V25/><F25/><W33/><G33/><T42/><D120/><U100/><E100/><V38/><F38/><W17/><G47/><AGARI ba="0,1" hai="7,9,12,20,21,23,47,50,53,90,92,99,114,115" machi="47" ten="40,2600,0" yaku="1,1,52,1,53,0" doraHai="40" doraHaiUra="30" who="2" fromWho="3" sc="270,0,220,0,256,36,244,-26" /><INIT seed="5,0,0,1,3,21" ten="270,220,292,218" oya="1" hai0="128,104,121,114,66,87,89,125,122,1,118,12,22" hai1="135,53,67,77,59,20,5,65,101,119,63,9,36" hai2="126,85,3,127,108,27,133,92,95,33,54,75,79" hai3="102,76,39,80,4,15,64,56,123,109,130,14,46"/><U105/><E119/><V48/><F108/><W71/><G71/><T74/><D1/><U98/><E135/><V17/><F75/><W55/><G109/><T83/><D118/><U49/><E36/><V41/><F41/><W38/><G123/><N who="0" m="47115" /><D66/><U99/><E77/><V73/><F73/><W132/><G132/><T82/><D22/><U28/><E98/><V112/><F3/><W110/><G64/><T45/><D45/><U116/><E116/><V106/><F106/><W134/><G134/><T97/><D12/><U2/><REACH who="1" step="1"/><E63/><REACH who="1" ten="270,210,292,218" step="2"/><V34/><F133/><W51/><G39/><T61/><D61/><U43/><E43/><V16/><F79/><W26/><G110/><T68/><D97/><U113/><E113/><V35/><F112/><W91/><G76/><T107/><D114/><U115/><E115/><V120/><F120/><W93/><G38/><T69/><D74/><U7/><E7/><V32/><F126/><W100/><G4/><T58/><D125/><U11/><E11/><V103/><F127/><W90/><G130/><T19/><D128/><U25/><AGARI ba="0,1" hai="2,5,9,20,25,28,49,53,59,65,67,99,101,105" machi="25" ten="30,11700,0" yaku="1,1,0,1,52,1,53,1" doraHai="21" doraHaiUra="23" who="1" fromWho="1" sc="270,-39,210,127,292,-39,218,-39" /><INIT seed="5,1,0,1,2,82" ten="231,337,253,179" oya="1" hai0="119,11,72,68,19,33,21,10,83,135,102,41,95" hai1="39,86,110,48,13,47,66,23,3,30,115,64,96" hai2="75,109,69,127,2,57,46,97,106,98,38,0,122" hai3="107,37,134,114,87,56,55,35,89,25,65,44,77"/><U58/><E3/><V92/><F109/><W43/><G107/><T14/><D68/><U74/><E74/><V88/><F122/><W50/><G134/><T126/><D135/><U121/><E39/><V12/><F69/><W90/><G114/><T129/><D33/><U79/><E121/><V81/><F127/><W9/><G65/><T128/><D126/><U105/><E58/><V4/><F57/><W99/><G99/><N who="0" m="59775" /><D41/><U20/><E105/><V116/><F12/><W34/><G9/><T16/><D119/><U24/><E96/><V18/><F18/><W85/><G77/><N who="0" m="44455" /><D19/><N who="1" m="10351" /><E115/><V100/><F116/><W60/><G37/><T29/><D29/><U120/><E120/><V26/><F4/><W112/><G112/><T93/><D93/><U124/><E124/><V123/><F123/><W78/><G78/><T36/><D36/><U118/><E118/><V62/><F38/><W113/><G113/><T63/><D63/><U130/><E66/><V108/><F62/><W71/><G71/><T51/><D51/><U132/><E64/><V53/><F2/><W117/><G117/><T104/><D104/><U70/><E70/><V52/><F0/><W28/><REACH who="3" step="1"/><G35/><REACH who="3" ten="231,337,253,169" step="2"/><T59/><D10/><U94/><E132/><V5/><F106/><W1/><G1/><T76/><D76/><U84/><E110/><V6/><F108/><W80/><G80/><T103/><D11/><U22/><E79/><V111/><F81/><W15/><G15/><T17/><D103/><U133/><E133/><V67/><F100/><W61/><G61/><T91/><D14/><U32/><E32/><RYUUKYOKU ba="1,1" sc="231,-10,337,-10,253,-10,169,30" hai3="25,28,34,43,44,50,55,56,60,85,87,89,90" /><INIT seed="6,2,1,0,2,97" ten="221,327,243,199" oya="2" hai0="40,117,47,28,56,108,25,52,120,134,67,10,21" hai1="105,82,96,83,6,22,18,81,88,14,135,102,79" hai2="89,101,5,76,4,7,2,35,70,3,12,118,62" hai3="0,39,63,87,27,50,45,61,55,106,15,38,69"/><V64/><F118/><W98/><G0/><T44/><D117/><U17/><E135/><V19/><F35/><W72/><G72/><T123/><D67/><U46/><E6/><V9/><F76/><W125/><G125/><T86/><D108/><U51/><E18/><V31/><F31/><W110/><G110/><T34/><D134/><U53/><E88/><V20/><F20/><W26/><G87/><AGARI ba="2,1" hai="14,17,22,46,51,53,79,81,82,83,87,96,102,105" machi="87" ten="30,2000,0" yaku="7,1,52,1" doraHai="97" who="1" fromWho="3" sc="221,0,327,36,243,0,199,-26" /><INIT seed="7,0,0,3,2,135" ten="221,363,243,173" oya="3" hai0="50,115,109,66,128,120,95,10,132,122,42,35,20" hai1="69,48,29,46,103,80,62,12,121,101,99,39,124" hai2="56,0,83,60,71,100,58,76,126,85,65,27,113" hai3="89,17,97,32,4,110,84,36,34,41,79,9,123"/><W133/><G123/><T33/><D132/><U134/><E39/><V92/><F0/><W108/><G133/><T23/><D109/><N who="3" m="42089" /><G79/><T53/><D42/><U72/><E29/><V77/><F77/><W37/><G97/><T49/><D66/><U98/><E80/><V105/><F105/><W22/><G41/><T127/><D95/><U31/><E99/><V7/><F7/><W118/><G118/><T74/><D74/><U112/><E98/><V78/><F78/><W94/><G17/><T91/><D91/><U1/><E101/><V11/><F11/><W5/><G22/><T21/><D10/><U40/><E103/><V117/><F92/><W125/><G5/><T38/><D23/><U73/><E40/><V8/><F8/><W90/><G90/><T131/><D53/><U54/><E54/><V67/><F100/><W55/><G55/><T107/><D38/><N who="3" m="14953" /><G125/><T51/><D49/><U57/><E124/><V25/><F126/><W44/><G44/><T2/><D127/><U47/><E46/><V111/><F117/><W104/><G104/><T70/><D107/><U15/><E47/><V116/><F116/><W13/><AGARI ba="0,0" hai="4,9,13,32,34,84,89,94" m="14953,42089" machi="13" ten="30,1500,0" yaku="10,1" doraHai="135" who="3" fromWho="3" sc="221,-5,363,-5,243,-5,173,15" /><INIT seed="7,1,0,1,0,91" ten="216,358,238,188" oya="3" hai0="12,119,133,41,92,14,42,123,36,98,6,9,103" hai1="33,11,54,110,26,93,127,31,50,28,32,115,40" hai2="10,62,65,87,116,7,8,134,20,13,96,100,86" hai3="132,47,52,85,102,78,4,118,43,21,68,49,111"/><W23/><G118/><T17/><D36/><U29/><E40/><V56/><F134/><W131/><G68/><T27/><D133/><U114/><E110/><V125/><F125/><W24/><G132/><T84/><D123/><U75/><E75/><V130/><F130/><W126/><G131/><T121/><D121/><U107/><E107/><V60/><F116/><W3/><G126/><T89/><D27/><U69/><E69/><V44/><F44/><W74/><G111/><T46/><D46/><U64/><E64/><V109/><F109/><W70/><G70/><T79/><D79/><U97/><E11/><V117/><F62/><W61/><G74/><T120/><D120/><U30/><E33/><V72/><F72/><W112/><G112/><N who="1" m="43050" /><E127/><V71/><F71/><W57/><G102/><T82/><D119/><U77/><E77/><V106/><F117/><W73/><G73/><T19/><D6/><U88/><E30/><V105/><F105/><W108/><G108/><T129/><D129/><U58/><AGARI ba="1,0" hai="26,28,29,31,32,50,54,58,88,93,97" m="43050" machi="58" ten="30,4000,0" yaku="15,1,52,1,54,1" doraHai="91" who="1" fromWho="1" sc="216,-11,358,43,238,-11,188,-21" owari="205,-19.0,401,49.0,227,3.0,167,-33.0" /></mjloggm>