<mjloggm ver="2.3"><GO type="169" lobby="0"/><UN n0="%E3%82%A6%E3%83%AB%E3%83%88%E3%83%A9%E7%AB%8B%E7%9B%B4" n1="%E3%81%92%E3%82%93%E3%81%9F%E3%82%8D%EF%BD%9E" n2="%E3%83%99%E3%83%AB%E3%81%A0%E3%81%91%E8%A8%AD%E5%AE%9A%EF%BC%96" n3="%E9%97%87%E3%82%B5%E3%83%88%E3%82%B7" dan="17,17,17,16" rate="2131.51,2141.41,2123.91,2106.26" sx="M,M,M,F"/><TAIKYOKU oya="0"/><INIT seed="0,0,0,1,5,82" ten="250,250,250,250" oya="0" hai0="60,116,107,28,69,135,45,100,127,43,67,58,54" hai1="10,23,56,9,134,101,42,99,123,12,49,33,110" hai2="14,39,5,31,70,1,113,46,27,91,80,132,102" hai3="21,32,34,86,108,96,20,83,76,119,93,53,59"/><T36/><D116/><U87/><E33/><V7/><F113/><W18/><G108/><T65/><D28/><U133/><E123/><V3/><F70/><W94/><G119/><T25/><D25/><U120/><E120/><V98/><F132/><N who="1" m="50793" /><E110/><V117/><F117/><W26/><G21/><T19/><D135/><U106/><E23/><V40/><F7/><W8/><G8/><N who="1" m="3178" /><E12/><V13/><F13/><W111/><G94/><T78/><D19/><U17/><E17/><V37/><F37/><W131/><G131/><T89/><D127/><U118/><E118/><V50/><F39/><W121/><G111/><T81/><D89/><U61/><E87/><V90/><F14/><W105/><G105/><T130/><D130/><U2/><E2/><V92/><F5/><W126/><G126/><T63/><D100/><U71/><E71/><V38/><F38/><W73/><G73/><T95/><D95/><U11/><E11/><V64/><F102/><W74/><G74/><T57/><D107/><U103/><E103/><V62/><F1/><W6/><G6/><T51/><D81/><U66/><E49/><V124/><F3/><W41/><G121/><T29/><D29/><U114/><E42/><V55/><F124/><W125/><G41/><T22/><D22/><U104/><E104/><V84/><F40/><W30/><G30/><T122/><D78/><U15/><E15/><V88/><F31/><W77/><G125/><T4/><D122/><U128/><E128/><V0/><F0/><W115/><G77/><T16/><D4/><U129/><E129/><V85/><F27/><RYUUKYOKU ba="0,0" sc="250,15,250,15,250,-15,250,-15" hai0="16,36,43,45,51,54,57,58,60,63,65,67,69" hai1="56,61,66,99,101,106,114" /><INIT seed="0,1,0,0,5,88" ten="265,265,235,235" oya="0" hai0="49,134,40,16,60,90,114,63,68,104,85,47,0" hai1="101,95,29,84,115,128,125,23,78,28,62,35,3" hai2="126,99,89,67,72,38,10,13,107,110,4,116,98" hai3="121,100,130,14,113,73,50,66,45,70,37,41,59"/><T133/><D0/><U131/><E3/><V51/><F38/><W31/><G113/><T74/><D114/><U96/><E115/><V118/><F72/><W77/><G130/><N who="1" m="49706" /><E125/><V43/><F126/><W57/><G121/><T79/><D104/><U80/><E35/><V71/><F110/><W86/><G73/><T132/><D68/><U127/><E127/><V94/><F67/><W108/><G108/><T55/><D16/><U69/><E23/><V24/><F71/><W42/><G31/><T105/><D105/><U32/><E32/><V26/><F43/><N who="3" m="22767" /><G100/><T54/><D79/><U19/><E19/><V91/><F51/><W102/><G102/><T58/><D74/><U20/><E20/><V21/><F107/><W1/><G86/><T61/><REACH who="0" step="1"/><D40/><REACH who="0" ten="255,265,235,235" step="2"/><U119/><E119/><V30/><REACH who="2" step="1"/><F26/><REACH who="2" ten="255,265,225,235" step="2"/><W36/><G36/><T109/><D109/><U6/><E6/><V5/><F5/><W15/><G41/><T135/><N who="0" m="33792" /><DORA hai="124" /><T103/><D103/><U53/><E69/><V22/><F22/><W56/><G42/><T82/><AGARI ba="1,2" hai="47,49,54,55,58,60,61,63,82,85,90" m="33792" machi="82" ten="60,12000,1" yaku="1,1,0,1,20,1,53,1" doraHai="88,124" doraHaiUra="44,112" who="0" fromWho="0" sc="255,143,265,-41,225,-41,235,-41" /><INIT seed="0,2,0,0,1,70" ten="398,224,184,194" oya="0" hai0="8,89,114,44,65,117,113,98,85,74,116,36,62" hai1="19,5,129,25,103,131,100,109,112,0,40,126,133" hai2="63,110,99,72,22,13,16,71,76,94,15,91,11" hai3="35,127,34,101,26,134,83,24,95,77,87,78,107"/><T130/><D74/><U93/><E109/><V61/><F110/><W75/><G127/><T125/><D98/><U4/><E112/><N who="0" m="43113" /><D85/><U17/><E126/><V49/><F71/><W122/><G134/><T12/><D89/><U121/><E121/><V104/><F104/><W50/><G122/><T14/><D12/><U23/><E133/><V41/><F76/><W31/><G107/><T102/><D14/><U42/><E0/><V124/><F72/><W56/><G75/><T97/><D8/><U119/><E93/><V64/><F124/><W105/><G105/><T21/><D21/><U128/><E119/><V18/><REACH who="2" step="1"/><F64/><REACH who="2" ten="398,224,174,194" step="2"/><W84/><G78/><T29/><D125/><U57/><E129/><V118/><F118/><W43/><G77/><T54/><D117/><U88/><E131/><V33/><F33/><W132/><G34/><T27/><D65/><U48/><E128/><V46/><AGARI ba="2,1" hai="11,13,15,16,18,22,41,46,49,61,63,91,94,99" machi="46" ten="30,7900,0" yaku="1,1,0,1,8,1,54,1,53,0" doraHai="70" doraHaiUra="51" who="2" fromWho="2" sc="398,-41,224,-22,174,95,194,-22" /><INIT seed="1,0,0,0,0,78" ten="357,202,269,172" oya="1" hai0="105,88,80,21,26,62,10,127,129,36,130,0,94" hai1="56,16,96,46,118,81,61,69,2,116,33,48,59" hai2="75,68,120,95,6,76,52,19,84,86,102,20,128" hai3="107,82,119,121,22,101,104,7,132,30,12,64,67"/><U123/><E123/><V24/><F120/><W50/><G121/><T47/><D105/><U74/><E33/><V32/><F68/><W131/><G104/><T39/><D127/><U79/><E2/><V115/><F128/><N who="0" m="49258" /><D62/><U11/><E69/><V71/><F71/><W8/><G132/><T135/><D135/><U51/><E96/><V14/><F115/><W29/><G131/><T134/><D134/><U109/><E59/><V31/><F75/><W35/><G35/><T53/><D53/><U87/><E74/><V98/><F76/><W15/><G119/><T25/><D25/><U97/><E109/><V124/><F124/><W43/><G107/><T63/><D63/><U117/><E97/><V77/><F77/><W70/><G101/><T99/><D47/><U92/><E92/><V114/><F114/><W66/><G70/><T65/><D65/><U54/><REACH who="1" step="1"/><E46/><REACH who="1" ten="357,192,269,172" step="2"/><V113/><F113/><W9/><G22/><T17/><D0/><U3/><E3/><V125/><F125/><W55/><G43/><T37/><D10/><U13/><AGARI ba="0,1" hai="11,13,16,48,51,54,56,61,79,81,87,116,117,118" machi="13" ten="40,12000,1" yaku="1,1,0,1,52,1,54,1,53,0" doraHai="78" doraHaiUra="27" who="1" fromWho="1" sc="357,-40,192,130,269,-40,172,-40" /><INIT seed="1,1,0,4,4,111" ten="317,322,229,132" oya="1" hai0="113,73,30,75,100,92,118,98,127,40,22,87,3" hai1="18,124,107,121,45,13,128,12,42,5,115,106,116" hai2="33,99,39,24,130,53,83,135,56,65,57,103,21" hai3="96,108,19,47,70,86,77,112,122,28,37,59,94"/><U101/><E116/><V14/><F130/><W60/><G70/><T62/><D3/><U16/><E121/><V49/><F135/><W26/><G122/><T109/><D118/><U78/><E5/><V32/><F39/><W38/><G108/><T110/><D40/><U20/><E128/><V6/><F83/><W80/><G47/><T11/><D11/><U120/><E120/><V85/><F85/><W102/><G19/><T104/><D62/><U123/><E123/><V82/><F82/><W31/><G31/><T114/><D22/><U71/><E71/><V58/><F14/><W1/><G1/><T68/><D30/><U117/><E117/><V129/><F6/><W29/><G29/><T126/><D68/><U9/><E124/><N who="0" m="47657" /><D110/><U84/><E101/><V133/><F133/><W91/><G77/><T67/><D67/><U54/><E54/><V46/><F129/><W105/><G105/><T0/><D0/><U64/><E64/><V119/><F119/><W4/><G4/><T36/><D36/><U79/><E79/><V41/><F65/><W8/><G8/><T34/><D34/><U61/><E61/><V69/><F69/><W7/><G7/><T74/><D109/><U93/><E78/><V15/><F41/><W125/><G125/><T10/><D10/><U95/><E107/><V25/><F33/><W44/><G38/><T132/><D132/><U48/><E106/><N who="2" m="63871" /><F32/><N who="3" m="20503" /><G37/><T89/><AGARI ba="1,0" hai="73,74,75,87,89,92,98,100,104,113,114" m="47657" machi="89" ten="40,8000,1" yaku="18,1,34,2,52,2" doraHai="111" who="0" fromWho="0" sc="317,83,322,-41,229,-21,132,-21" /><INIT seed="2,0,0,5,5,100" ten="400,281,208,111" oya="2" hai0="18,128,35,57,36,134,92,60,133,125,3,112,72" hai1="23,12,25,45,50,7,81,49,90,34,1,129,84" hai2="11,73,76,48,58,123,99,62,33,55,83,89,124" hai3="10,52,5,63,77,70,21,9,6,59,78,13,86"/><V46/><F123/><W87/><G70/><T56/><D35/><U85/><E129/><V135/><F135/><N who="0" m="51722" /><D72/><U32/><E1/><V15/><F124/><W8/><G21/><T97/><D128/><U111/><E111/><V120/><F120/><W65/><G65/><T106/><D125/><U38/><E38/><V53/><F33/><W108/><G108/><T17/><D106/><U94/><E49/><V114/><F114/><W19/><G86/><T122/><D122/><U54/><E12/><V20/><F20/><W75/><G75/><T127/><D112/><U71/><E71/><V30/><F30/><W37/><G37/><T61/><D3/><U47/><E7/><V121/><F121/><W31/><G31/><T67/><D36/><U96/><E47/><V98/><REACH who="2" step="1"/><F89/><REACH who="2" ten="400,281,198,111" step="2"/><W116/><G116/><T28/><D28/><U68/><E34/><V126/><F126/><W44/><G44/><T93/><D127/><U22/><E32/><V110/><F110/><W119/><G119/><T2/><D2/><U118/><E118/><V4/><AGARI ba="0,1" hai="4,11,15,46,48,53,55,58,62,73,76,83,98,99" machi="4" ten="20,3900,0" yaku="1,1,0,1,7,1,53,0" doraHai="100" doraHaiUra="113" who="2" fromWho="2" sc="400,-13,281,-13,198,49,111,-13" /><INIT seed="2,1,0,4,5,110" ten="387,268,247,98" oya="2" hai0="93,82,87,29,43,75,127,77,131,128,4,113,130" hai1="8,62,15,58,3,1,103,26,117,61,67,50,35" hai2="39,16,129,133,114,41,52,119,74,32,14,10,72" hai3="33,49,46,40,69,116,45,34,79,132,106,11,121"/><V81/><F119/><W98/><G116/><T22/><D4/><U102/><E117/><V73/><F32/><W104/><G121/><T51/><D127/><U25/><E50/><V123/><F123/><W86/><G132/><T20/><D29/><U13/><E58/><V9/><F133/><W64/><G64/><T99/><D75/><U60/><E67/><V57/><F129/><W85/><G69/><T48/><D113/><U122/><E122/><V19/><F114/><W36/><G11/><T89/><D48/><U107/><E107/><V54/><F81/><W84/><G79/><T105/><D105/><U2/><E35/><V135/><F135/><W12/><G12/><N who="1" m="4682" /><E8/><V91/><F91/><W88/><G106/><T71/><D71/><U55/><E55/><V31/><F31/><W27/><G27/><AGARI ba="1,0" hai="1,2,3,25,26,27,60,61,62,102,103" m="4682" machi="27" ten="40,2600,0" yaku="28,2" doraHai="110" who="1" fromWho="3" sc="387,0,268,29,247,0,98,-29" /><INIT seed="3,0,0,5,0,133" ten="387,297,247,69" oya="3" hai0="53,110,26,105,97,58,76,111,22,72,78,107,37" hai1="23,92,102,25,43,30,132,117,47,66,28,90,123" hai2="39,9,108,24,70,61,16,115,12,114,74,44,27" hai3="126,101,35,33,57,131,34,5,94,48,73,41,98"/><W81/><G131/><T100/><D37/><U29/><E123/><V6/><F108/><N who="0" m="41514" /><D72/><U11/><E132/><V2/><F74/><W125/><G5/><T42/><D42/><U1/><E117/><V51/><F39/><W46/><G57/><T130/><D107/><U79/><E79/><V10/><F27/><W69/><G69/><T36/><D36/><U7/><E102/><V99/><F99/><W50/><G50/><N who="0" m="31031" /><D130/><U96/><E66/><V68/><F24/><W56/><G56/><T106/><D106/><U109/><E109/><V128/><F128/><W19/><G19/><AGARI ba="0,0" hai="19,22,26,76,78,97,100,105" m="31031,41514" machi="19" ten="30,1000,0" yaku="14,1" doraHai="133" who="0" fromWho="3" sc="387,10,297,0,247,0,69,-10" /><INIT seed="4,0,0,4,5,127" ten="397,297,247,59" oya="0" hai0="24,53,40,63,55,109,83,65,119,82,34,104,91" hai1="11,95,114,12,32,15,117,76,121,26,52,85,129" hai2="122,17,2,60,68,80,110,75,132,16,50,74,38" hai3="128,25,27,43,92,58,120,57,13,89,102,99,9"/><T130/><D104/><U81/><E117/><V79/><F122/><W41/><G120/><T21/><D119/><U29/><E121/><V71/><F38/><W125/><G125/><T54/><D34/><U94/><E114/><V112/><F110/><W5/><G128/><T107/><D107/><U131/><E15/><V111/><F111/><W86/><G57/><N who="0" m="37103" /><D109/><U23/><E32/><V126/><F126/><W123/><G123/><T44/><D130/><N who="1" m="49675" /><E52/><V18/><F112/><W108/><G108/><T8/><D8/><U1/><E1/><V66/><F2/><W135/><G135/><T133/><D133/><U72/><E72/><V30/><F132/><W100/><G100/><T62/><D62/><U113/><E113/><V101/><F75/><W103/><G103/><T20/><D54/><U88/><E76/><V49/><F71/><W14/><G58/><T106/><D55/><U7/><AGARI ba="0,0" hai="7,11,12,23,26,29,81,85,88,94,95" m="49675" machi="7" ten="30,8000,1" yaku="19,1,52,3,54,1" doraHai="127" who="1" fromWho="1" sc="397,-40,297,80,247,-20,59,-20" /><INIT seed="5,0,0,2,3,83" ten="357,377,227,39" oya="1" hai0="68,38,100,121,37,22,94,116,25,46,84,21,88" hai1="73,109,66,36,47,48,41,111,10,15,63,78,67" hai2="5,39,64,131,122,82,101,125,105,9,80,23,26" hai3="112,123,65,95,50,97,99,52,42,40,69,58,90"/><U74/><E36/><V128/><F39/><W126/><G123/><T113/><D116/><U61/><E61/><V119/><F119/><W110/><G110/><N who="1" m="41994" /><E78/><V8/><F122/><W132/><G112/><T60/><D113/><U53/><E41/><V98/><F125/><W89/><G126/><T57/><D68/><N who="1" m="42079" /><E67/><V45/><F45/><W62/><REACH who="3" step="1"/><G132/><REACH who="3" ten="357,377,227,29" step="2"/><T28/><D121/><U103/><E103/><V0/><F101/><W75/><G75/><T96/><D100/><U51/><E51/><V4/><F128/><W6/><G6/><AGARI ba="0,1" hai="6,10,15,47,48,53,73,74" m="42079,41994" machi="6" ten="30,1500,0" yaku="10,1" doraHai="83" who="1" fromWho="3" sc="357,0,377,25,227,0,29,-15" /><INIT seed="5,1,0,4,3,59" ten="357,402,227,14" oya="1" hai0="85,34,90,37,68,127,25,94,26,33,88,86,52" hai1="129,117,48,97,89,84,120,36,81,134,79,130,96" hai2="23,24,17,69,65,10,103,8,56,1,93,118,124" hai3="60,132,100,92,71,112,98,66,80,16,54,91,128"/><U13/><E36/><V41/><F118/><W44/><G112/><T116/><D37/><U55/><E117/><V35/><F69/><W47/><G128/><N who="1" m="49258" /><E120/><V114/><F124/><W11/><G132/><T99/><D116/><U95/><E13/><V51/><F35/><W28/><G28/><T123/><D127/><U42/><E42/><V102/><F1/><W3/><G54/><T133/><D133/><U107/><E134/><V122/><F122/><W57/><G71/><T76/><D123/><U6/><E6/><V77/><F77/><W27/><G3/><T21/><D68/><U119/><E119/><V82/><F10/><W63/><G63/><T104/><D33/><U12/><E12/><V58/><F8/><W22/><REACH who="3" step="1"/><G11/><REACH who="3" ten="357,402,227,4" step="2"/><T106/><D52/><U126/><E126/><V14/><F114/><W18/><G18/><T2/><D2/><U50/><E55/><V105/><F17/><W108/><G108/><T19/><D19/><U113/><E113/><V46/><F41/><W5/><G5/><T45/><D34/><U31/><E31/><V78/><F23/><W111/><G111/><T61/><D21/><U135/><E135/><V121/><F121/><W67/><G67/><T109/><D61/><U32/><E32/><V115/><F65/><W40/><G40/><T30/><D30/><U29/><E29/><V87/><F115/><W15/><G15/><T131/><D131/><U73/><E107/><N who="0" m="41001" /><D109/><U72/><E72/><V101/><F105/><W70/><G70/><T49/><D25/><U0/><E0/><V43/><F14/><W39/><G39/><RYUUKYOKU ba="1,1" sc="357,-15,402,15,227,-15,4,15" hai1="48,50,73,79,81,84,89,95,96,97" hai3="16,22,27,44,47,57,60,66,80,91,92,98,100" /><INIT seed="5,2,1,4,0,36" ten="342,417,212,19" oya="1" hai0="83,112,113,78,100,2,0,26,19,82,8,134,40" hai1="41,24,118,111,121,1,56,81,120,75,88,119,95" hai2="68,91,74,13,47,77,89,66,42,37,90,70,34" hai3="12,28,5,31,104,53,16,107,125,29,21,128,44"/><U117/><E1/><V63/><F34/><W15/><G125/><T110/><D110/><U17/><E111/><V84/><F70/><W101/><G128/><T35/><D100/><U62/><E41/><V20/><F74/><W11/><REACH who="3" step="1"/><G101/><REACH who="3" ten="342,417,212,9" step="2"/><T93/><D113/><U50/><E119/><V105/><F105/><W55/><G55/><T3/><D112/><U46/><E118/><V18/><F77/><W73/><G73/><T102/><D78/><U4/><E75/><V43/><F43/><W135/><G135/><T116/><D102/><U122/><E117/><V52/><F52/><W39/><G39/><T131/><D40/><U92/><E122/><V94/><AGARI ba="2,2" hai="13,18,20,37,42,47,63,66,68,84,89,90,91,94" machi="94" ten="20,2700,0" yaku="0,1,7,1,52,1" doraHai="36" who="2" fromWho="2" sc="342,-9,417,-15,212,53,9,-9" /><INIT seed="6,0,0,5,3,129" ten="333,402,265,0" oya="2" hai0="121,85,79,10,68,78,107,111,0,126,53,63,88" hai1="122,94,30,32,11,91,48,102,47,16,112,3,83" hai2="54,109,131,12,113,33,97,9,50,28,134,116,46" hai3="82,105,39,98,13,7,62,19,93,118,114,117,135"/><V64/><F116/><W21/><G105/><T36/><D111/><U96/><E112/><V27/><F131/><W123/><G123/><T61/><D107/><U20/><E122/><V23/><F113/><W92/><G39/><T73/><D36/><U87/><E32/><V124/><F109/><W110/><G110/><T52/><D121/><U108/><E108/><V72/><F72/><W75/><G114/><T115/><D126/><U80/><E30/><V18/><F124/><W67/><G135/><T15/><D0/><U90/><E3/><V70/><F97/><W101/><G7/><T89/><D68/><U119/><E11/><V14/><F64/><W38/><G38/><T40/><D40/><N who="1" m="24679" /><E119/><V74/><F74/><W4/><G4/><T55/><D115/><U127/><E127/><V45/><F70/><W99/><G75/><T59/><D73/><U84/><E20/><V130/><F130/><W104/><G82/><N who="0" m="49207" /><D89/><N who="1" m="51359" /><E16/><V51/><F134/><W2/><G2/><T22/><D22/><U25/><E25/><V43/><F33/><W41/><G41/><T76/><D61/><U35/><E35/><V103/><F14/><W37/><G37/><T8/><D8/><U29/><E29/><V5/><F103/><AGARI ba="0,0" hai="80,87,90,91,94,96,102,103" m="51359,24679" machi="103" ten="30,1000,0" yaku="8,1" doraHai="129" who="1" fromWho="2" sc="333,0,402,10,265,-10,0,0" /><INIT seed="7,0,0,1,2,67" ten="333,412,255,0" oya="3" hai0="26,25,17,44,115,88,69,53,128,94,79,108,97" hai1="85,58,93,103,114,87,99,55,134,90,76,82,84" hai2="32,68,71,15,132,4,37,75,59,73,16,64,125" hai3="19,135,1,106,23,104,21,39,123,42,8,35,43"/><W127/><G35/><T102/><D108/><U80/><E114/><V130/><F37/><W129/><G39/><T61/><D115/><U27/><E134/><V131/><F32/><W116/><G116/><T54/><D128/><N who="2" m="49194" /><F4/><W78/><G78/><T111/><D111/><U48/><E27/><V122/><F122/><W29/><G129/><T33/><D79/><U86/><AGARI ba="0,0" hai="48,55,58,76,80,82,84,85,86,87,90,93,99,103" machi="86" ten="20,2700,0" yaku="0,1,7,1,8,1" doraHai="67" who="1" fromWho="1" sc="333,-7,412,27,255,-7,0,-13" owari="326,13.0,439,53.0,248,-15.0,-13,-51.0" /></mjloggm>