<mjloggm ver="2.3"><GO type="41" lobby="0"/><UN n0="%59%61%6B%69%63%68%69" n1="%6C%6F%4A%61%73%6B%69%6E" n2="%E5%B0%B1%E6%B4%BB%E7%94%9F%40%E5%B7%9D%E6%9D%91%E8%BB%8D%E5%9B%A3" n3="%73%75%70%69%77%61" dan="13,14,15,15" rate="1841.98,1943.37,2017.05,1985.37" sx="F,F,M,M"/><TAIKYOKU oya="0"/><INIT seed="0,0,0,3,1,74" ten="250,250,250,250" oya="0" hai0="118,85,112,6,10,81,95,121,125,96,133,36,12" hai1="103,54,68,26,42,100,60,134,63,92,110,23,107" hai2="39,64,101,7,128,135,45,94,58,3,77,97,46" hai3="75,87,61,13,1,0,102,9,50,122,113,15,59"/><T19/><D36/><U98/><E134/><V124/><F135/><W11/><G113/><T38/><D38/><U76/><E110/><V114/><F114/><W73/><G102/><T71/><D71/><U48/><E68/><V32/><F32/><W79/><G122/><T86/><D125/><U25/><E42/><V22/><F124/><W127/><G127/><T24/><D118/><U123/><E123/><V117/><F128/><W52/><G87/><T132/><D121/><U80/><E26/><V28/><F117/><W30/><G30/><T31/><D112/><U41/><E41/><V69/><F69/><W70/><G70/><T16/><D133/><U89/><E103/><V109/><F109/><W57/><G0/><T55/><D55/><U116/><E116/><V83/><F7/><W131/><G1/><T27/><D86/><U84/><E23/><V35/><F3/><W18/><G79/><N who="0" m="46271" /><D132/><U115/><E25/><N who="0" m="9801" /><D31/><U93/><E115/><V119/><F35/><W65/><REACH who="3" step="1"/><G131/><REACH who="3" ten="250,250,250,240" step="2"/><T66/><D66/><U21/><E107/><V56/><F28/><W72/><G72/><T44/><D44/><U17/><E100/><AGARI ba="0,1" hai="6,10,12,16,19,95,96,100" m="9801,46271" machi="100" ten="30,5800,0" yaku="8,1,52,1,54,1" doraHai="74" who="0" fromWho="1" sc="250,68,250,-58,250,0,240,0" /><INIT seed="0,1,0,0,4,40" ten="318,192,250,240" oya="0" hai0="89,13,55,47,1,26,68,100,50,119,5,114,17" hai1="113,108,15,60,34,52,77,81,43,95,135,130,41" hai2="16,36,42,69,132,105,111,63,66,91,25,118,107" hai3="103,126,58,30,45,3,38,131,46,84,9,123,134"/><T97/><D119/><U71/><E34/><V127/><F118/><W64/><G38/><T53/><D68/><U37/><E130/><V109/><F132/><W112/><G112/><T82/><D1/><U22/><E135/><V86/><F127/><W27/><G134/><T101/><D114/><U56/><E113/><V12/><F25/><W29/><G131/><T67/><D67/><U74/><E108/><N who="2" m="41547" /><F36/><W19/><G126/><T94/><D82/><U98/><E71/><V0/><F42/><W96/><G3/><T83/><D83/><U116/><E116/><V24/><F24/><W76/><G123/><T79/><D79/><U128/><E128/><V102/><F102/><N who="0" m="39530" /><D5/><U61/><E37/><V10/><F0/><W35/><G29/><T106/><D106/><U62/><E41/><V122/><F122/><W6/><G6/><T117/><D26/><U32/><E43/><V120/><F120/><W72/><G72/><T88/><D55/><U18/><REACH who="1" step="1"/><E32/><REACH who="1" ten="318,182,250,240" step="2"/><V39/><F39/><W51/><G35/><T31/><D117/><U99/><E99/><V23/><F10/><W48/><G9/><N who="0" m="6319" /><D31/><U92/><E92/><AGARI ba="1,1" hai="12,16,23,63,66,69,86,91,92,105,107" m="41547" machi="92" ten="30,2000,0" yaku="14,1,54,1" doraHai="40" who="2" fromWho="1" sc="318,0,182,-23,250,33,240,0" /><INIT seed="1,0,0,1,4,91" ten="318,159,283,240" oya="1" hai0="129,55,112,5,36,43,72,100,54,22,61,25,3" hai1="28,40,23,126,128,14,35,26,80,90,58,57,86" hai2="75,60,88,42,114,118,107,69,29,18,122,133,20" hai3="68,59,47,9,103,125,12,31,110,19,49,124,98"/><U97/><E128/><V17/><F107/><W45/><G68/><T76/><D129/><U96/><E126/><V24/><F75/><W65/><G31/><T67/><D100/><U77/><E40/><V2/><F2/><W38/><G38/><T27/><D112/><U41/><E41/><V71/><F118/><W109/><G65/><T30/><D43/><U82/><E35/><V8/><F122/><W119/><G59/><T1/><D36/><U105/><E14/><V134/><F42/><W62/><G62/><T123/><D72/><U51/><E105/><V81/><F114/><W84/><G84/><T111/><D76/><U131/><E131/><V117/><F117/><W116/><G119/><T130/><D123/><U34/><E34/><V4/><F18/><W83/><G83/><T63/><D1/><U135/><E135/><N who="2" m="51723" /><F60/><W102/><G116/><T39/><D39/><U127/><E127/><N who="3" m="48714" /><G49/><T15/><D63/><U70/><E70/><V113/><F113/><W48/><G48/><T46/><D61/><U104/><E104/><V56/><F56/><N who="1" m="21609" /><E51/><V94/><F81/><N who="1" m="31337" /><E77/><V6/><F29/><W99/><G102/><T16/><D30/><U21/><E21/><V89/><F89/><W93/><G99/><T44/><D22/><U106/><E106/><V13/><F4/><W101/><G101/><T0/><D5/><U7/><E7/><V95/><F95/><AGARI ba="0,0" hai="23,26,28,86,90,95,96,97" m="31337,21609" machi="95" ten="30,2900,0" yaku="8,1,52,1" doraHai="91" who="1" fromWho="2" sc="318,0,159,29,283,-29,240,0" /><INIT seed="1,1,0,3,5,124" ten="318,188,254,240" oya="1" hai0="113,0,123,47,7,64,117,14,82,135,1,52,6" hai1="12,73,23,54,8,115,48,46,107,22,13,21,30" hai2="122,32,87,108,11,71,28,63,112,50,79,120,93" hai3="41,16,10,98,15,109,128,118,31,91,9,76,39"/><U88/><E115/><V80/><F112/><W5/><G118/><T74/><D113/><U44/><E107/><V69/><F108/><W125/><G125/><T60/><D117/><U17/><E73/><V89/><F32/><W84/><G109/><T99/><D135/><U96/><E44/><V25/><F120/><W130/><G31/><T119/><D119/><U129/><E129/><N who="3" m="49770" /><G39/><T67/><D99/><U51/><E51/><V92/><F122/><W57/><G41/><T116/><D116/><U34/><E34/><V55/><F63/><W42/><G42/><T29/><D29/><U101/><E101/><V85/><F11/><W114/><G114/><T77/><D123/><U97/><E30/><V70/><F25/><W36/><G36/><T4/><D1/><U100/><E100/><V95/><F28/><W111/><G111/><T3/><D3/><U86/><REACH who="1" step="1"/><E13/><REACH who="1" ten="318,178,254,240" step="2"/><V81/><REACH who="2" step="1"/><F71/><REACH who="2" ten="318,178,244,240" step="2"/><W45/><G45/><AGARI ba="1,2" hai="45,50,55,69,70,79,80,81,85,87,89,92,93,95" machi="45" ten="40,8000,1" yaku="1,1,2,1,53,2" doraHai="124" doraHaiUra="78" who="2" fromWho="3" sc="318,0,178,0,244,103,240,-83" /><INIT seed="2,0,0,0,1,56" ten="318,178,347,157" oya="2" hai0="47,89,18,58,88,105,84,97,132,108,25,123,103" hai1="115,28,17,7,131,38,23,35,96,42,27,59,16" hai2="22,73,112,26,48,134,98,71,93,124,41,53,76" hai3="122,64,130,104,19,106,13,43,121,12,83,5,10"/><V90/><F112/><W111/><G130/><T50/><D108/><U51/><E131/><V72/><F71/><W63/><G111/><T60/><D132/><U113/><E38/><V117/><F117/><W11/><G43/><T74/><D74/><U21/><E96/><V39/><F124/><W9/><G83/><T33/><D84/><U101/><E101/><V61/><F134/><W46/><G46/><T65/><D123/><U67/><E7/><V79/><F39/><W125/><G125/><T81/><D81/><U133/><E133/><V62/><F73/><W20/><G121/><T85/><D85/><U37/><E37/><V80/><F41/><W100/><G122/><T119/><D119/><U55/><E42/><V77/><F80/><W109/><G109/><T66/><D66/><U24/><REACH who="1" step="1"/><E67/><REACH who="1" ten="318,168,347,157" step="2"/><V78/><F72/><W32/><G100/><T70/><D97/><U45/><E45/><N who="2" m="27791" /><F77/><W1/><G104/><T94/><D103/><U29/><E29/><AGARI ba="0,1" hai="22,26,29,61,62,76,78,79,90,93,98" m="27791" machi="29" ten="30,5800,0" yaku="8,1,52,2" doraHai="56" who="2" fromWho="1" sc="318,0,168,-58,347,68,157,0" /><INIT seed="2,1,0,5,3,49" ten="318,110,415,157" oya="2" hai0="61,102,55,116,31,17,5,87,121,112,63,26,57" hai1="67,82,86,104,68,77,73,8,25,35,117,95,62" hai2="52,47,78,11,96,4,14,32,76,66,122,48,22" hai3="53,2,126,85,125,101,33,9,41,10,135,20,16"/><V0/><F32/><W50/><G33/><T28/><D112/><U118/><E117/><V100/><F122/><W13/><G41/><T34/><D121/><U113/><E118/><V133/><F133/><W128/><G101/><T91/><D5/><U105/><E113/><V123/><F123/><W59/><G135/><T129/><D129/><U103/><E8/><V51/><F66/><W70/><G70/><T84/><D102/><U92/><E86/><V97/><F97/><W54/><G2/><T115/><D115/><U110/><E110/><V83/><F51/><W93/><G128/><T12/><D116/><U109/><E109/><V75/><F78/><W74/><G74/><T131/><D31/><U6/><E6/><V18/><F96/><W21/><G21/><T27/><D87/><U94/><REACH who="1" step="1"/><E103/><REACH who="1" ten="318,100,415,157" step="2"/><V40/><REACH who="2" step="1"/><F100/><REACH who="2" ten="318,100,405,157" step="2"/><W65/><G126/><T124/><D124/><U111/><E111/><V64/><F64/><W43/><G125/><T80/><D131/><U42/><E42/><AGARI ba="1,2" hai="0,4,11,14,18,22,40,42,47,48,52,75,76,83" machi="42" ten="40,7700,0" yaku="1,1,52,1,54,1,53,0" doraHai="49" doraHaiUra="30" who="2" fromWho="1" sc="318,0,100,-80,405,100,157,0" /><INIT seed="2,2,0,5,4,60" ten="318,20,505,157" oya="2" hai0="126,62,22,122,53,56,74,108,75,27,116,102,78" hai1="10,23,30,15,103,40,112,21,52,85,33,58,73" hai2="29,11,79,38,50,65,105,46,114,24,49,71,12" hai3="57,37,7,81,82,120,28,6,83,84,64,69,87"/><V127/><F105/><W35/><G37/><T59/><D108/><U118/><E73/><V44/><F114/><W45/><G69/><T72/><D122/><U100/><E112/><V5/><F127/><W77/><G35/><T133/><D126/><U128/><E118/><V25/><F38/><W130/><G120/><T31/><D133/><U67/><E128/><V92/><F79/><W2/><G28/><T34/><D102/><U48/><E40/><V39/><F39/><W43/><G130/><T76/><D116/><U32/><E23/><V0/><F0/><W3/><G57/><T14/><D14/><U117/><E117/><V47/><F92/><W20/><G20/><T9/><D9/><U124/><E124/><V115/><F115/><W95/><G95/><T98/><D98/><U63/><E85/><V129/><F129/><W16/><G64/><T70/><D70/><U19/><E32/><V51/><F71/><W104/><G104/><T131/><D34/><U90/><E90/><V18/><F65/><W26/><G2/><T93/><D93/><U1/><E33/><V107/><F107/><W106/><G106/><T119/><D119/><U121/><E121/><V134/><F134/><W80/><G3/><T125/><D125/><U97/><E97/><V66/><F66/><W99/><G99/><T109/><D131/><U88/><E88/><V96/><F96/><W4/><G77/><N who="0" m="29803" /><D59/><N who="1" m="37375" /><E1/><V86/><F86/><N who="3" m="32811" /><G43/><T36/><D36/><U42/><E42/><V54/><F54/><W8/><N who="3" m="20992" /><DORA hai="110" /><W123/><G123/><T13/><D109/><U132/><E132/><RYUUKYOKU ba="2,0" sc="318,15,20,15,505,-15,157,-15" hai0="13,22,27,31,53,56,62,72,74,75" hai1="10,15,19,21,30,48,52,58,100,103" /><INIT seed="3,3,0,5,0,130" ten="333,35,490,142" oya="3" hai0="59,5,132,57,100,96,70,37,84,108,31,53,65" hai1="25,66,104,79,67,0,69,13,23,103,55,11,15" hai2="109,123,74,92,32,78,126,35,60,44,22,131,98" hai3="41,110,75,119,105,72,73,71,106,85,97,114,88"/><W118/><G71/><T28/><D37/><U113/><E113/><V61/><F131/><W16/><G114/><T42/><D108/><U81/><E0/><V94/><F109/><W87/><G41/><T38/><D5/><U86/><E15/><V101/><F123/><W47/><G47/><T90/><D132/><U135/><E135/><V21/><F126/><W1/><G1/><T49/><D70/><U62/><E67/><V115/><F115/><W128/><G128/><T45/><D59/><U58/><E103/><V127/><F127/><W95/><G16/><T107/><D65/><U102/><E102/><V112/><F112/><W120/><G120/><T116/><D116/><N who="3" m="44585" /><G110/><T54/><D54/><U36/><E36/><V4/><F4/><W124/><G124/><T80/><AGARI ba="3,0" hai="28,31,38,42,45,49,53,57,80,84,90,96,100,107" machi="80" ten="20,1500,0" yaku="0,1,7,1" doraHai="130" who="0" fromWho="0" sc="333,24,35,-7,490,-7,142,-10" /><INIT seed="4,0,0,5,3,40" ten="357,28,483,132" oya="0" hai0="124,88,81,31,77,21,104,27,93,51,62,25,32" hai1="100,49,4,134,35,11,80,132,102,130,131,72,119" hai2="18,120,109,106,56,16,19,67,30,90,6,103,26" hai3="101,43,63,78,37,10,73,36,53,14,107,117,79"/><T86/><D104/><U41/><E119/><V108/><F120/><W59/><G117/><T112/><D124/><U23/><E35/><V9/><F90/><W15/><G107/><T98/><D112/><U110/><E23/><V5/><F103/><W87/><G101/><N who="1" m="39018" /><E110/><N who="2" m="42603" /><F56/><W57/><G73/><T66/><D51/><U99/><E99/><V38/><F67/><W111/><G111/><T17/><D62/><U64/><E64/><V44/><F44/><W8/><G87/><T28/><D66/><U135/><E49/><V34/><F106/><W114/><G114/><T121/><D31/><U24/><E41/><V96/><F96/><W50/><G43/><T42/><D42/><U85/><E72/><V29/><F38/><W95/><G95/><T75/><REACH who="0" step="1"/><D75/><REACH who="0" ten="347,28,483,132" step="2"/><U128/><E24/><N who="2" m="18727" /><F9/><W116/><G116/><T97/><D97/><U33/><E131/><V22/><AGARI ba="0,1" hai="5,6,16,18,19,22,26,30" m="18727,42603" machi="22" ten="30,4000,0" yaku="34,2,54,1" doraHai="40" who="2" fromWho="2" sc="347,-20,28,-10,483,50,132,-10" /><INIT seed="5,0,0,5,3,26" ten="327,18,533,122" oya="1" hai0="60,38,133,132,43,27,121,73,130,67,45,80,71" hai1="7,52,127,96,35,104,95,49,94,12,112,56,93" hai2="39,115,69,101,86,34,92,63,64,3,113,13,18" hai3="122,4,102,37,70,23,100,14,107,10,50,32,119"/><U120/><E120/><V58/><F3/><W11/><G122/><T47/><D130/><U106/><E127/><V83/><F39/><W22/><G37/><T99/><D99/><U68/><E112/><N who="2" m="43083" /><F34/><W6/><G70/><T128/><D128/><U2/><E68/><V41/><F41/><W62/><G32/><T123/><D47/><U118/><E118/><V9/><F92/><W1/><G119/><T76/><D27/><U135/><E135/><AGARI ba="0,0" hai="38,43,45,60,67,71,73,76,80,121,123,132,133,135" machi="135" ten="40,5200,0" yaku="20,1,23,2" doraHai="26" who="0" fromWho="1" sc="327,52,18,-52,533,0,122,0" owari="379,18.0,-34,-53.0,533,63.0,122,-28.0" /></mjloggm>