<mjloggm ver="2.3"><GO type="193" lobby="0"/><UN n0="%E3%83%88%E3%83%88%E3%83%AA%E5%85%88%E7%94%9F%31%39%E6%AD%B3" n1="%4B%61%7A%75%6F%4A%61%6D" n2="%E3%82%B1%E3%83%A2%E3%83%8E%E7%8E%8B%E5%AD%90" n3="%6B%6F%75%62%65%6A%61%6E" dan="10,12,11,11" rate="1783.29,1692.65,1544.73,1618.18" sx="F,M,M,M"/><TAIKYOKU oya="0"/><INIT seed="0,0,0,5,0,128" ten="250,250,250,250" oya="0" hai0="110,59,129,45,109,19,48,57,90,54,80,108,102" hai1="113,69,26,116,58,13,10,70,28,91,88,17,78" hai2="75,117,62,24,76,94,74,85,96,46,127,25,35" hai3="106,33,100,87,12,42,60,64,86,30,44,8,1"/><T43/><D129/><U63/><E116/><V83/><F117/><W92/><G106/><T71/><D71/><U4/><E113/><V112/><F112/><W31/><G1/><T104/><D104/><U39/><E39/><V120/><F120/><W114/><G33/><T107/><D107/><U0/><E78/><V126/><F46/><W118/><G114/><T65/><D102/><U115/><E70/><V3/><F3/><W66/><G118/><T47/><D65/><U51/><E51/><V53/><F53/><W21/><G44/><T38/><D19/><U22/><E69/><V77/><F62/><W29/><G42/><T36/><D36/><U34/><E115/><V101/><F24/><W6/><G21/><T132/><D132/><U23/><E23/><V97/><F25/><W105/><G105/><T50/><D38/><U98/><E98/><V18/><F18/><W130/><G130/><T5/><D5/><U119/><E119/><V40/><F40/><W95/><G100/><T81/><D90/><U41/><E41/><V37/><F35/><W14/><G60/><T67/><D67/><AGARI ba="0,0" hai="0,4,10,13,17,22,26,28,34,58,63,67,88,91" machi="67" ten="30,7700,0" yaku="7,1,24,2,54,1" doraHai="128" who="1" fromWho="0" sc="250,-77,250,77,250,0,250,0" /><INIT seed="1,0,0,3,3,135" ten="173,327,250,250" oya="1" hai0="91,59,74,28,51,132,85,19,113,18,61,131,116" hai1="81,14,76,8,107,20,36,120,66,98,11,104,52" hai2="25,73,118,117,31,32,50,29,68,92,101,30,82" hai3="103,16,1,134,63,41,9,22,83,10,88,94,108"/><U95/><E36/><V49/><F68/><W7/><G134/><T67/><D132/><U38/><E38/><V0/><F0/><W110/><G41/><T75/><D113/><U43/><E43/><V121/><F121/><W96/><G63/><T70/><D116/><U127/><E127/><V80/><F118/><W55/><G55/><T123/><D123/><U24/><E66/><V119/><F119/><W15/><G10/><T126/><D131/><U47/><E11/><V114/><F114/><W124/><G124/><T77/><D126/><U64/><E64/><V54/><F117/><W60/><G60/><T84/><D28/><U21/><E107/><V99/><F73/><W122/><G122/><T102/><D102/><N who="1" m="60767" /><E104/><V115/><F50/><W90/><REACH who="3" step="1"/><G83/><REACH who="3" ten="173,327,250,240" step="2"/><T26/><D61/><U97/><E120/><V39/><F39/><W128/><G128/><T6/><D67/><U125/><E125/><V56/><F115/><W2/><G2/><T48/><D51/><U23/><E81/><V27/><F32/><W100/><G100/><T42/><D42/><U112/><E76/><V105/><F105/><W58/><G58/><T33/><D70/><U93/><E112/><V57/><REACH who="2" step="1"/><F57/><REACH who="2" ten="173,327,240,240" step="2"/><W133/><G133/><T62/><D48/><U87/><E47/><V86/><F86/><W79/><G79/><T12/><D77/><U109/><E87/><V37/><F37/><W40/><G40/><T69/><D69/><U129/><E129/><V34/><F34/><W44/><G44/><T35/><D84/><U72/><E72/><V17/><F17/><N who="0" m="6154" /><D85/><U89/><E24/><AGARI ba="0,2" hai="24,25,27,29,30,31,49,54,56,80,82,92,99,101" machi="24" ten="40,5200,0" yaku="1,1,6,1,8,1,53,0" doraHai="135" doraHaiUra="3" who="2" fromWho="1" sc="173,0,327,-52,240,72,240,0" /><INIT seed="2,0,0,3,5,120" ten="173,275,312,240" oya="2" hai0="52,107,98,118,115,15,2,30,128,63,5,70,97" hai1="7,86,26,22,19,73,91,102,35,92,23,17,42" hai2="126,131,132,25,32,48,127,28,111,64,80,12,46" hai3="114,39,11,8,59,112,95,37,88,40,125,16,82"/><V123/><F123/><W94/><G125/><N who="2" m="47625" /><F64/><W135/><G135/><T55/><D115/><N who="3" m="44073" /><G40/><T18/><D128/><U76/><E35/><V43/><F131/><W47/><G47/><T121/><D121/><U74/><E42/><V10/><F132/><W79/><G59/><T134/><D134/><U78/><E7/><N who="2" m="3167" /><F80/><W124/><G124/><T13/><D118/><U3/><E3/><V99/><F99/><N who="3" m="57799" /><G95/><T66/><D2/><U113/><E113/><V29/><F29/><W44/><G44/><T27/><D98/><U33/><E33/><V45/><F45/><W77/><G77/><T20/><D97/><U81/><E102/><V105/><F105/><W1/><G1/><T4/><D107/><U56/><E56/><V38/><F38/><N who="3" m="14347" /><G16/><T67/><D67/><U51/><E51/><V36/><F36/><W89/><G89/><T117/><D117/><U96/><E76/><V54/><F54/><W49/><G49/><T119/><D119/><U41/><REACH who="1" step="1"/><E41/><REACH who="1" ten="173,265,312,240" step="2"/><V34/><F34/><W57/><G57/><T87/><D55/><U101/><E101/><V9/><F9/><W110/><G110/><AGARI ba="0,1" hai="25,28,32,43,46,48,110,111" m="3167,47625" machi="110" ten="30,5800,0" yaku="18,1,52,2" doraHai="120" who="2" fromWho="3" sc="173,0,265,0,312,68,240,-58" /><INIT seed="2,1,0,0,2,102" ten="173,265,380,182" oya="2" hai0="77,33,126,87,106,111,88,129,115,117,28,16,119" hai1="20,104,109,27,65,76,110,83,97,107,36,113,69" hai2="32,79,94,41,68,101,125,67,114,44,78,6,116" hai3="71,70,7,49,63,52,5,121,31,9,39,81,40"/><V134/><F116/><N who="0" m="44618" /><D115/><U53/><E36/><V84/><F114/><W23/><G121/><T130/><D111/><N who="1" m="42507" /><E97/><V0/><F134/><W38/><G81/><N who="0" m="49263" /><D126/><U26/><E113/><V18/><F125/><W57/><G31/><T54/><D77/><U108/><E65/><V1/><F18/><W58/><G23/><T46/><D106/><N who="1" m="40491" /><E69/><N who="3" m="26122" /><G9/><T12/><D46/><U4/><N who="1" m="42515" /><U60/><DORA hai="131" /><E4/><V22/><F32/><W122/><G7/><T98/><D54/><U105/><N who="1" m="40499" /><U35/><DORA hai="91" /><E35/><V118/><F22/><W127/><G5/><T62/><D62/><U56/><E20/><V96/><F118/><W73/><G73/><AGARI ba="1,0" hai="26,27,53,56,60,73,76,83" m="40499,42515" machi="73" ten="60,8000,1" yaku="14,1,52,4" doraHai="102,131,91" who="1" fromWho="3" sc="173,0,265,83,380,0,182,-83" /><INIT seed="3,0,0,3,1,91" ten="173,348,380,99" oya="3" hai0="36,82,111,48,59,40,75,6,63,110,42,44,77" hai1="8,84,66,97,116,115,112,79,69,71,132,96,25" hai2="12,76,34,102,127,47,55,14,16,129,23,54,83" hai3="123,62,22,122,98,9,68,56,113,119,108,67,92"/><W18/><G119/><T24/><D24/><U86/><E116/><V31/><F127/><W106/><G113/><T95/><D95/><U4/><E25/><V41/><F129/><W33/><G106/><T133/><D133/><U38/><E38/><V32/><F14/><W78/><G78/><T43/><D6/><U135/><E66/><V57/><F55/><W70/><G33/><T101/><D101/><U114/><E4/><V90/><F31/><W99/><G108/><N who="0" m="41515" /><D48/><U87/><E8/><V107/><F90/><W105/><G105/><T134/><D134/><N who="1" m="51243" /><E79/><V35/><F35/><W21/><G9/><T109/><D109/><U80/><E80/><V128/><F128/><W53/><G70/><AGARI ba="0,0" hai="69,70,71,84,86,87,96,97,112,114,115" m="51243" machi="70" ten="40,5200,0" yaku="28,2,20,1" doraHai="91" who="1" fromWho="3" sc="173,0,348,52,380,0,99,-52" owari="173,-23.0,400,50.0,380,18.0,47,-45.0" /></mjloggm>