<mjloggm ver="2.3"><GO type="225" lobby="0"/><UN n0="%E5%B0%B1%E6%B4%BB%E7%94%9F%40%E5%B7%9D%E6%9D%91%E8%BB%8D%E5%9B%A3" n1="%E3%83%AF%E3%82%A4%E3%83%AB%E3%83%89" n2="%E3%82%81%E3%81%8C%EF%BC%93" n3="%E9%A7%84%E5%A6%B9" dan="17,16,16,16" rate="2095.51,2134.18,2106.71,2171.34" sx="M,M,M,F"/><TAIKYOKU oya="0"/><INIT seed="0,0,0,0,0,25" ten="250,250,250,250" oya="0" hai0="57,123,52,54,105,29,108,82,9,14,113,94,41" hai1="22,67,79,115,42,23,75,24,21,2,32,93,97" hai2="78,100,134,34,92,36,59,63,106,132,19,55,112" hai3="69,30,4,44,49,104,117,74,51,127,6,50,17"/><T77/><D105/><U68/><E115/><V38/><F112/><W98/><G117/><T116/><D123/><U130/><E2/><V118/><F118/><W95/><G69/><T125/><D116/><U15/><E130/><V16/><F106/><W56/><G74/><T72/><D113/><U45/><E32/><V58/><F78/><W46/><G104/><T65/><D125/><U122/><E122/><V90/><F100/><W84/><G84/><T91/><D108/><U13/><E24/><V64/><F34/><W12/><G30/><T101/><D101/><U128/><E128/><V70/><F70/><W76/><G56/><T81/><D41/><U86/><E75/><V0/><F0/><W103/><G76/><T111/><D111/><U47/><E67/><V61/><F38/><W129/><G127/><T10/><D82/><N who="1" m="47455" /><E68/><V80/><F80/><W39/><G129/><T83/><D83/><U124/><E124/><V28/><F36/><W11/><G39/><T37/><D37/><U96/><E96/><N who="2" m="57367" /><F28/><W102/><REACH who="3" step="1"/><G103/><REACH who="3" ten="250,250,250,240" step="2"/><T135/><D29/><U126/><E126/><V48/><F59/><W71/><G71/><T85/><D135/><N who="2" m="51754" /><F64/><W8/><G8/><T62/><REACH who="0" step="1"/><D10/><REACH who="0" ten="240,250,250,240" step="2"/><U26/><E47/><AGARI ba="0,2" hai="4,6,11,12,17,44,46,47,49,50,51,95,98,102" machi="47" ten="40,5200,0" yaku="1,1,8,1,53,1" doraHai="25" doraHaiUra="99" who="3" fromWho="1" sc="240,0,250,-52,250,0,240,72" /><INIT seed="1,0,0,1,0,62" ten="240,198,250,312" oya="1" hai0="21,86,112,84,55,101,72,132,93,135,53,6,38" hai1="31,26,15,48,23,61,107,19,83,104,33,110,123" hai2="128,78,74,102,106,105,4,51,57,9,36,29,32" hai3="37,121,82,1,64,133,117,34,88,127,27,119,0"/><U49/><E123/><V71/><F128/><W85/><G37/><T80/><D38/><U111/><E83/><N who="2" m="45527" /><F57/><W98/><G121/><T16/><D112/><U5/><E5/><V67/><F51/><W73/><G127/><T12/><D6/><U129/><E129/><V52/><F52/><N who="0" m="20042" /><D101/><U100/><E61/><N who="2" m="40431" /><F102/><W96/><G133/><N who="0" m="51275" /><D93/><U92/><E92/><V116/><F36/><W10/><G73/><T47/><D47/><U89/><E89/><V81/><F81/><W66/><G96/><T114/><D114/><U24/><E15/><V28/><F116/><N who="3" m="44619" /><G98/><T115/><D115/><U35/><E100/><V41/><F41/><W56/><G56/><T75/><D86/><U70/><E70/><V20/><F106/><W91/><G91/><AGARI ba="0,0" hai="12,16,21,72,75,80,84,91" m="51275,20042" machi="91" ten="30,3900,0" yaku="20,1,54,2" doraHai="62" who="0" fromWho="3" sc="240,39,198,0,250,0,312,-39" /><INIT seed="2,0,0,0,2,59" ten="279,198,250,273" oya="2" hai0="41,118,111,110,74,116,8,25,17,5,93,48,24" hai1="7,89,76,101,112,23,72,70,129,14,29,53,92" hai2="95,22,126,133,35,91,34,28,46,108,4,44,42" hai3="85,51,26,127,124,134,39,132,21,107,16,49,58"/><V37/><F126/><N who="3" m="48171" /><G39/><T20/><D74/><U50/><E70/><V135/><F108/><N who="0" m="41514" /><D93/><U68/><E68/><V128/><F128/><W117/><G107/><T80/><D80/><U52/><E112/><V83/><F83/><W90/><G117/><N who="0" m="45163" /><D48/><N who="3" m="18505" /><G58/><T67/><D67/><U40/><E129/><V63/><F44/><W94/><AGARI ba="0,0" hai="16,21,26,85,90,94,132,134" m="18505,48171" machi="94" ten="30,2000,0" yaku="18,1,54,1" doraHai="59" who="3" fromWho="3" sc="279,-5,198,-5,250,-10,273,20" /><INIT seed="3,0,0,1,4,112" ten="274,193,240,293" oya="3" hai0="93,134,64,31,95,124,66,72,41,32,96,71,132" hai1="104,39,63,30,87,65,89,5,102,53,40,52,29" hai2="105,113,11,90,22,123,135,122,35,6,91,17,126" hai3="15,119,88,120,84,12,0,10,25,44,19,55,7"/><W26/><G119/><T3/><D72/><U16/><E5/><V23/><F113/><W69/><G69/><T56/><D3/><U77/><E77/><V51/><F105/><W110/><G120/><N who="2" m="46121" /><F35/><W74/><G74/><T50/><D71/><U60/><E104/><V13/><F126/><W42/><G55/><N who="1" m="21066" /><E39/><V4/><F51/><N who="3" m="27031" /><G0/><T92/><D124/><U75/><E75/><V115/><F115/><W131/><G131/><T28/><D96/><U21/><E40/><V85/><F135/><N who="0" m="51754" /><D32/><U78/><E78/><V107/><F107/><W118/><G118/><T76/><D76/><U70/><E70/><V62/><F62/><N who="1" m="23593" /><E102/><V57/><F57/><W125/><G110/><T86/><D86/><U37/><E37/><V103/><F103/><W97/><G97/><T38/><D38/><U116/><E65/><N who="0" m="25193" /><D56/><U98/><E98/><V121/><F121/><W8/><G125/><T68/><D68/><U27/><E116/><V99/><F99/><W58/><G58/><T79/><D79/><U48/><E48/><V46/><F91/><W117/><G117/><T82/><D82/><AGARI ba="0,0" hai="16,21,27,29,30,82,87,89" m="23593,21066" machi="82" ten="30,3900,0" yaku="8,1,54,2" doraHai="112" who="1" fromWho="0" sc="274,-39,193,39,240,0,293,0" /><AGARI ba="0,0" hai="7,8,10,12,15,19,25,26,82,84,88" m="27031" machi="82" ten="30,2900,0" yaku="8,1,54,1" doraHai="112" who="3" fromWho="0" sc="235,-29,232,0,240,0,293,29" owari="206,-29.0,232,-17.0,240,4.0,322,42.0" /></mjloggm>