<mjloggm ver="2.3"><GO type="97" lobby="0"/><UN n0="%E7%B4%85%40%E6%9D%8F%E6%9D%8F%E8%BB%8D%E5%9C%98" n1="%E6%89%8B%E5%BD%B9%E3%82%A2%E3%83%BC%E3%83%86%E3%82%A3%E3%82%B9%E3%83%88" n2="%E5%B0%B1%E6%B4%BB%E7%94%9F%40%E5%B7%9D%E6%9D%91%E8%BB%8D%E5%9B%A3" n3="%E4%BF%AE%E6%A5%AD%E4%B8%AD" dan="14,15,14,14" rate="1938.46,1963.85,1942.72,1992.18" sx="F,M,M,M"/><TAIKYOKU oya="0"/><INIT seed="0,0,0,3,3,50" ten="250,250,250,250" oya="0" hai0="81,79,131,75,112,105,12,42,133,113,67,127,40" hai1="5,119,121,4,58,13,34,32,8,110,70,106,108" hai2="97,129,16,53,55,14,59,122,2,69,126,17,90" hai3="135,103,39,117,93,88,91,96,24,132,111,86,115"/><T125/><D67/><U89/><E70/><V77/><F69/><W3/><G39/><T124/><D105/><U26/><E106/><V64/><F2/><W87/><G3/><T51/><D12/><U11/><E119/><V10/><F122/><W74/><G24/><T61/><D61/><U47/><E47/><V38/><F38/><W118/><G74/><T120/><D120/><U6/><E89/><N who="3" m="34378" /><G115/><N who="0" m="44107" /><D131/><U54/><E121/><V9/><F129/><W76/><G111/><N who="1" m="42538" /><E26/><V116/><F116/><N who="3" m="44651" /><G76/><T123/><D123/><U83/><E83/><V46/><F126/><W48/><G48/><T107/><D107/><U72/><E72/><V104/><F77/><W43/><G43/><T63/><D63/><N who="1" m="36311" /><E11/><V31/><F31/><W99/><G99/><T28/><D28/><U7/><AGARI ba="0,0" hai="4,5,6,7,8,13,32,34" m="36311,42538" machi="7" ten="30,2000,0" yaku="14,1,52,1" doraHai="50" who="1" fromWho="1" sc="250,-10,250,20,250,-5,250,-5" /><INIT seed="1,0,0,5,5,36" ten="240,270,245,245" oya="1" hai0="99,28,71,15,72,66,112,82,108,60,7,134,43" hai1="68,3,105,111,87,67,50,24,97,70,54,80,9" hai2="121,45,131,91,57,77,78,103,63,98,64,46,47" hai3="30,101,94,120,33,61,100,132,39,13,6,23,35"/><U89/><E111/><V93/><F121/><W126/><G120/><T113/><D28/><U5/><E24/><V0/><F131/><W38/><G126/><T107/><D108/><U12/><E67/><V49/><F0/><W22/><G132/><T18/><D134/><U104/><E3/><V62/><F62/><W42/><G61/><T73/><D7/><U27/><E27/><V90/><REACH who="2" step="1"/><F49/><REACH who="2" ten="240,270,235,245" step="2"/><W81/><G38/><T117/><D117/><U59/><REACH who="1" step="1"/><E97/><REACH who="1" ten="240,260,235,245" step="2"/><V4/><F4/><W32/><G32/><T88/><D99/><U8/><E8/><V31/><F31/><W52/><G30/><T65/><D60/><U29/><E29/><V69/><F69/><AGARI ba="0,2" hai="5,9,12,50,54,59,68,69,70,80,87,89,104,105" machi="69" ten="40,2000,0" yaku="1,1,53,0" doraHai="36" doraHaiUra="95" who="1" fromWho="2" sc="240,0,260,40,235,-20,245,0" /><INIT seed="1,1,0,0,0,26" ten="240,300,215,245" oya="1" hai0="96,127,62,106,49,27,125,99,9,70,117,46,66" hai1="38,39,109,98,42,97,94,92,60,132,134,75,37" hai2="20,67,31,128,47,59,10,84,55,131,18,0,126" hai3="86,87,11,28,115,23,3,104,122,12,4,119,52"/><U76/><E109/><V13/><F126/><N who="0" m="48138" /><D117/><U34/><E42/><V88/><F67/><W93/><G104/><T82/><D106/><U102/><E34/><V89/><F47/><W32/><G122/><T33/><D9/><U129/><E129/><N who="2" m="49739" /><F84/><W120/><G120/><T72/><D72/><U110/><E110/><V116/><F116/><W16/><G115/><T105/><D105/><U1/><E1/><V50/><F0/><W29/><G119/><T124/><D124/><U79/><E60/><V25/><AGARI ba="1,0" hai="10,13,18,20,25,31,50,55,59,88,89" m="49739" machi="25" ten="30,4000,0" yaku="19,1,52,1,54,1" doraHai="26" who="2" fromWho="2" sc="240,-11,300,-21,215,43,245,-11" /><INIT seed="2,0,0,5,1,107" ten="229,279,258,234" oya="2" hai0="114,57,76,106,72,87,50,103,78,46,127,104,28" hai1="91,65,82,56,101,134,45,41,14,13,6,113,31" hai2="66,16,109,37,119,29,79,10,85,0,62,26,81" hai3="18,95,99,53,86,9,88,115,93,128,80,61,71"/><V21/><F119/><W131/><G115/><T83/><D114/><U33/><E101/><V52/><F37/><W120/><G120/><T135/><D28/><U69/><E69/><V59/><F109/><W68/><G95/><T125/><D57/><U89/><E113/><V11/><F0/><W129/><G53/><T70/><D70/><U108/><E108/><V36/><F36/><W133/><G133/><T64/><D64/><U8/><E134/><V98/><F98/><W30/><G30/><T67/><D67/><U3/><E31/><V34/><REACH who="2" step="1"/><F66/><REACH who="2" ten="229,279,248,234" step="2"/><W49/><G61/><T25/><D135/><U75/><E65/><V47/><F47/><W96/><G49/><T124/><D50/><U20/><E3/><V122/><F122/><W77/><G99/><N who="0" m="61567" /><D46/><U112/><E112/><V92/><F92/><W63/><G63/><T5/><D106/><U22/><E56/><V121/><F121/><W55/><G71/><T23/><D5/><U60/><E60/><V7/><F7/><W42/><G68/><T90/><D127/><U48/><E6/><V32/><F32/><W15/><REACH who="3" step="1"/><G55/><REACH who="3" ten="229,279,248,224" step="2"/><T123/><D125/><U105/><E105/><V12/><AGARI ba="0,2" hai="10,11,12,16,21,26,29,34,52,59,62,79,81,85" machi="12" ten="20,12000,1" yaku="1,1,0,1,7,1,54,2,53,0" doraHai="107" doraHaiUra="126" who="2" fromWho="2" sc="229,-40,279,-40,248,140,224,-40" /><INIT seed="2,1,0,2,0,83" ten="189,239,388,184" oya="2" hai0="117,62,92,104,120,82,69,103,51,47,75,27,37" hai1="65,121,74,108,11,123,60,71,112,93,12,107,20" hai2="40,6,127,126,4,52,63,73,113,48,72,33,97" hai3="46,125,124,115,116,21,10,45,109,66,34,9,43"/><V135/><F33/><W118/><G34/><T24/><D120/><N who="1" m="46155" /><E107/><V122/><F122/><W23/><G66/><T128/><D37/><U64/><E74/><N who="2" m="28779" /><F113/><W2/><G43/><T110/><D117/><N who="3" m="45161" /><G115/><T35/><D35/><U86/><E20/><N who="3" m="7754" /><G2/><T84/><D75/><U94/><E108/><V78/><F78/><W18/><G18/><T36/><D110/><U96/><E96/><V58/><F135/><W15/><G109/><T57/><D36/><U85/><E64/><V133/><F133/><W101/><G101/><T67/><D104/><U59/><E71/><V99/><F6/><W41/><G41/><N who="0" m="25071" /><D69/><U16/><E112/><V56/><F4/><W3/><G3/><T17/><D17/><U77/><E77/><V5/><F5/><W76/><G76/><N who="0" m="46151" /><D103/><U49/><E49/><V68/><F40/><W55/><G55/><T32/><D32/><U79/><E79/><V38/><F68/><W114/><G114/><T130/><D92/><AGARI ba="1,0" hai="11,12,16,59,60,65,85,86,92,93,94" m="46155" machi="92" ten="30,7700,0" yaku="13,1,52,2,54,1" doraHai="83" who="1" fromWho="0" sc="189,-80,239,80,388,0,184,0" /><INIT seed="3,0,0,4,5,77" ten="109,319,388,184" oya="3" hai0="14,24,47,30,22,31,53,64,52,117,56,110,40" hai1="3,26,11,38,7,60,8,107,135,106,12,44,42" hai2="50,79,72,132,84,69,108,4,131,33,67,59,91" hai3="125,128,32,89,13,104,2,19,118,99,55,49,103"/><W121/><G121/><T97/><D117/><U75/><E135/><V90/><F33/><W95/><G118/><T45/><D110/><U48/><E26/><V111/><F69/><W122/><G122/><T54/><D97/><U18/><E48/><V134/><F72/><W119/><G119/><T112/><D112/><U114/><E114/><V83/><F131/><W63/><G32/><T21/><D14/><U6/><E18/><V58/><F4/><W61/><G2/><T78/><D78/><U88/><E60/><N who="2" m="38295" /><F59/><W127/><G128/><T96/><D96/><U5/><E5/><V35/><F50/><W41/><G41/><T113/><D113/><U92/><REACH who="1" step="1"/><E75/><REACH who="1" ten="109,309,388,184" step="2"/><N who="2" m="43519" /><F35/><W27/><G27/><T71/><D40/><U98/><AGARI ba="0,1" hai="3,6,7,8,11,12,38,42,44,88,92,98,106,107" machi="98" ten="20,8000,1" yaku="1,1,0,1,7,1,54,1,53,1" doraHai="77" doraHaiUra="68" who="1" fromWho="1" sc="109,-20,309,90,388,-20,184,-40" owari="89,-41.0,399,50.0,368,17.0,144,-26.0" /></mjloggm>