<mjloggm ver="2.3"><GO type="97" lobby="0"/><UN n0="%6F%6E%69%72%6F%6B%75" n1="%E3%83%A2%E3%82%B9%E5%9B%9E%E9%81%BF" n2="%E3%82%89%E3%82%8A%E3%81%8F%E3%81%BE" n3="%E5%B0%B1%E6%B4%BB%E7%94%9F%40%E5%B7%9D%E6%9D%91%E8%BB%8D%E5%9B%A3" dan="13,13,14,16" rate="1911.05,1875.49,1913.12,2085.06" sx="M,M,M,M"/><TAIKYOKU oya="0"/><INIT seed="0,0,0,1,2,16" ten="250,250,250,250" oya="0" hai0="58,103,130,64,1,107,12,39,33,123,109,11,121" hai1="49,37,134,92,95,32,111,113,126,93,9,71,102" hai2="80,5,94,43,20,63,119,100,124,59,69,34,30" hai3="19,122,51,74,131,45,120,115,6,133,26,106,98"/><T61/><D33/><U72/><E32/><V36/><F119/><W62/><G115/><T28/><D1/><U110/><E72/><V17/><F124/><W77/><G6/><T73/><D39/><U47/><E37/><V67/><F5/><W18/><G131/><T35/><D73/><U40/><E71/><V88/><F80/><W46/><G133/><T82/><D35/><U8/><E126/><V76/><F76/><W135/><G135/><T68/><D28/><U101/><E134/><V0/><F0/><W85/><G74/><T70/><D109/><N who="1" m="41483" /><E113/><V86/><F100/><AGARI ba="0,0" hai="8,9,40,47,49,92,93,95,100,101,102" m="41483" machi="100" ten="30,1000,0" yaku="14,1" doraHai="16" who="1" fromWho="2" sc="250,0,250,10,250,-10,250,0" /><INIT seed="1,0,0,2,5,111" ten="250,260,240,250" oya="1" hai0="22,46,60,3,74,58,26,66,24,41,38,83,134" hai1="110,63,18,102,49,84,132,6,78,98,105,87,0" hai2="42,19,16,95,20,96,13,88,27,39,50,43,135" hai3="62,5,29,25,128,7,53,112,23,99,131,31,33"/><U17/><E110/><V117/><F135/><W56/><G112/><T15/><D134/><U109/><E109/><V93/><F39/><W129/><G99/><T76/><D3/><U67/><E132/><V123/><F117/><W79/><G79/><T68/><D15/><U130/><E130/><V124/><F124/><W82/><G82/><T51/><D22/><U8/><E49/><V107/><F107/><W115/><G115/><T37/><REACH who="0" step="1"/><D37/><REACH who="0" ten="240,260,240,250" step="2"/><U12/><E0/><V45/><F123/><W114/><G114/><T71/><D71/><U116/><E116/><V103/><F13/><W122/><G122/><T28/><D28/><U54/><E17/><N who="2" m="12687" /><F43/><W34/><G29/><T40/><D40/><U94/><E18/><V104/><F104/><W85/><G33/><T72/><D72/><U91/><E12/><V65/><F65/><W81/><G34/><T118/><D118/><U100/><E67/><V92/><F92/><W77/><AGARI ba="0,1" hai="5,7,23,25,31,53,56,62,77,81,85,128,129,131" machi="77" ten="30,2000,0" yaku="0,1,19,1" doraHai="111" who="3" fromWho="3" sc="240,-5,260,-10,240,-5,250,30" /><INIT seed="2,0,0,1,1,56" ten="235,250,235,280" oya="2" hai0="6,14,62,26,25,53,127,83,107,0,13,118,19" hai1="77,105,104,32,15,84,55,29,64,119,1,101,80" hai2="24,2,45,23,37,130,8,50,74,71,125,67,40" hai3="128,73,94,96,12,3,68,99,134,63,46,72,57"/><V129/><F74/><W103/><G3/><T131/><D107/><U85/><E1/><V38/><F125/><W59/><G68/><T115/><D115/><U52/><E119/><V20/><F20/><W69/><G69/><T108/><D127/><U65/><E15/><V10/><F10/><W135/><G128/><N who="2" m="49257" /><F8/><W49/><G12/><T31/><D108/><U4/><E4/><V87/><F87/><W133/><G99/><T113/><D131/><U66/><E85/><V61/><F2/><W44/><G59/><N who="0" m="35183" /><D118/><U79/><E79/><V122/><F122/><W82/><G82/><T89/><D113/><U28/><E32/><V21/><F21/><W86/><G86/><N who="0" m="50399" /><D0/><U43/><E43/><V22/><F22/><W58/><G58/><T51/><D31/><AGARI ba="0,0" hai="23,24,31,37,38,40,45,50,61,67,71" m="49257" machi="31" ten="30,2900,0" yaku="19,1,52,1" doraHai="56" who="2" fromWho="0" sc="235,-29,250,0,235,29,280,0" /><INIT seed="2,1,0,3,1,98" ten="206,250,264,280" oya="2" hai0="114,119,34,58,88,84,72,96,107,31,75,43,94" hai1="87,56,30,121,100,27,82,68,8,24,50,57,131" hai2="7,38,65,101,52,93,46,5,32,17,85,1,73" hai3="120,64,134,13,117,62,83,133,53,36,70,12,9"/><V44/><F73/><N who="0" m="28234" /><D58/><U40/><E68/><V2/><F32/><W122/><G36/><T126/><D43/><U89/><E100/><V129/><F129/><W116/><G83/><N who="0" m="49183" /><D31/><U128/><E121/><N who="3" m="46698" /><G13/><T104/><D34/><U29/><E8/><V113/><F113/><W33/><G33/><T19/><D19/><U103/><E103/><V25/><F65/><W45/><G12/><T22/><D22/><U92/><E40/><V10/><F38/><W97/><G97/><T16/><D16/><U86/><E50/><V135/><F101/><W51/><G9/><T79/><D126/><U20/><E128/><V54/><F17/><W18/><G18/><T106/><D114/><U14/><E131/><V111/><F25/><W28/><G28/><T71/><D71/><U4/><E4/><V74/><F74/><W67/><G67/><T102/><D119/><AGARI ba="1,0" hai="45,51,53,62,64,70,116,117,119,133,134" m="46698" machi="119" ten="30,2000,0" yaku="34,2" doraHai="98" who="3" fromWho="0" sc="206,-23,250,0,264,0,280,23" /><INIT seed="3,0,0,2,0,124" ten="183,250,264,303" oya="3" hai0="115,22,41,2,95,98,130,123,64,93,35,13,25" hai1="112,135,59,58,53,107,128,32,37,39,97,118,81" hai2="45,101,57,60,5,49,132,29,26,86,11,33,24" hai3="91,0,15,80,104,20,76,36,46,126,27,114,44"/><W105/><G0/><T43/><D2/><U69/><E32/><V38/><F132/><W119/><G114/><T23/><D35/><U75/><E69/><V47/><F101/><W9/><G119/><T63/><D123/><U30/><E30/><V66/><F26/><W16/><G126/><T4/><D130/><U10/><E112/><V28/><F28/><W85/><G36/><T17/><D93/><U65/><E118/><V71/><F86/><N who="3" m="48391" /><G105/><T83/><D83/><U79/><E135/><V127/><F127/><W61/><G61/><T42/><D4/><U51/><E128/><V111/><F111/><W3/><G3/><T129/><D129/><U133/><E133/><V134/><F134/><W87/><G104/><T84/><D84/><N who="3" m="32329" /><G91/><T52/><D64/><U121/><E121/><V89/><F89/><W108/><G108/><T72/><D72/><U90/><E90/><V106/><F106/><W62/><G62/><T120/><D120/><U1/><E97/><V54/><F38/><W34/><G34/><T92/><D115/><U96/><E96/><V88/><F88/><W109/><G109/><T103/><D95/><U6/><E107/><V116/><F116/><W117/><G117/><T70/><D70/><U77/><E77/><V18/><F18/><AGARI ba="0,0" hai="9,15,16,18,20,27,44,46" m="32329,48391" machi="18" ten="30,2900,0" yaku="8,1,54,1" doraHai="124" who="3" fromWho="2" sc="183,0,250,0,264,-29,303,29" owari="183,-32.0,250,5.0,235,-16.0,332,43.0" /></mjloggm>