<mjloggm ver="2.3"><GO type="97" lobby="0"/><UN n0="%E3%83%97%E3%83%AD%E3%83%96%E3%83%AD%E3%82%AC%E3%83%BC%EF%BC%A0%E9%B7%B9" n1="%E9%9B%80%E9%AC%BC%E3%81%B2%E3%82%8D%E3%81%AB%E3%82%83%E3%82%93" n2="%E5%B0%B1%E6%B4%BB%E7%94%9F%40%E5%B7%9D%E6%9D%91%E8%BB%8D%E5%9B%A3" n3="%E5%AE%87%E5%AE%99%E8%88%B9%E6%8C%AF%E8%BE%BC%E5%8F%B7" dan="15,13,15,14" rate="1963.81,1867.32,1975.90,1929.37" sx="M,F,M,M"/><TAIKYOKU oya="0"/><INIT seed="0,0,0,0,5,72" ten="250,250,250,250" oya="0" hai0="63,76,5,108,56,26,88,48,64,59,51,44,6" hai1="99,132,133,112,121,111,128,83,28,135,130,131,70" hai2="117,118,89,104,46,94,34,54,50,115,21,90,113" hai3="79,62,24,71,102,60,12,1,97,67,42,29,10"/><T110/><D59/><U31/><E70/><V122/><F34/><W68/><G42/><T86/><D26/><U61/><E61/><V8/><F104/><W38/><G38/><T11/><D76/><U126/><E121/><V101/><F122/><W73/><G1/><T13/><D6/><U16/><E111/><N who="0" m="42537" /><D44/><U30/><E112/><N who="2" m="43083" /><F8/><W116/><G116/><N who="2" m="44649" /><F21/><W100/><G71/><T93/><AGARI ba="0,0" hai="5,11,13,48,51,56,63,64,86,88,93" m="42537" machi="93" ten="30,6000,0" yaku="14,1,10,1,54,1" doraHai="72" who="0" fromWho="0" sc="250,60,250,-20,250,-20,250,-20" /><INIT seed="0,1,0,0,2,17" ten="310,230,230,230" oya="0" hai0="85,132,36,45,38,87,99,62,82,9,39,116,0" hai1="105,111,131,11,21,26,124,60,47,83,33,114,20" hai2="108,63,88,59,109,23,40,125,126,51,37,6,135" hai3="71,4,48,107,100,18,118,80,86,55,12,65,13"/><T25/><D116/><U102/><E131/><V52/><F6/><W91/><G118/><T32/><D132/><U28/><E111/><N who="2" m="42571" /><F135/><W97/><G71/><T133/><D133/><U78/><E124/><N who="2" m="47723" /><F23/><W104/><G65/><T27/><D45/><U84/><E114/><V67/><F88/><W77/><G4/><T95/><D85/><U93/><E11/><V10/><F10/><W35/><G35/><T64/><D32/><U73/><E47/><N who="2" m="23951" /><F51/><W15/><G18/><T22/><D9/><U70/><E93/><V89/><F89/><W121/><G91/><T46/><D0/><U123/><E84/><V61/><F61/><W1/><G107/><T122/><D25/><U56/><E123/><V115/><F115/><W24/><G121/><T31/><D122/><U43/><E43/><V49/><F49/><W19/><G1/><T94/><D99/><N who="1" m="61663" /><E56/><V110/><N who="2" m="42579" /><V119/><DORA hai="69" /><F119/><W90/><G90/><T117/><D117/><U5/><E5/><V3/><F3/><W34/><G34/><T127/><D127/><U79/><E79/><V98/><F98/><W30/><G24/><T50/><D87/><U14/><E14/><V57/><F57/><W128/><G86/><T92/><D82/><U58/><E58/><V66/><AGARI ba="1,0" hai="52,59,63,66,67" m="23951,47723,42579" machi="66" ten="50,12000,2" yaku="14,1,18,1,34,2,52,1,54,1" doraHai="17,69" who="2" fromWho="2" sc="310,-61,230,-31,230,123,230,-31" /><INIT seed="1,0,0,2,4,100" ten="249,199,353,199" oya="1" hai0="12,78,15,71,29,26,49,18,116,51,86,79,66" hai1="126,43,60,94,25,89,112,70,133,17,61,48,6" hai2="73,109,114,82,1,10,21,50,134,40,130,4,80" hai3="118,135,47,101,3,81,63,38,8,110,88,92,99"/><U129/><E112/><V108/><F114/><W95/><G118/><T131/><D116/><U34/><E133/><V93/><F134/><W24/><G135/><T36/><D36/><U64/><E129/><V22/><F130/><W14/><G110/><N who="2" m="42601" /><F93/><W0/><G24/><T44/><D131/><U117/><E117/><V53/><F40/><W90/><G63/><T87/><D66/><U23/><E126/><V111/><F111/><W65/><G65/><T45/><D71/><U106/><E6/><V46/><F73/><W19/><G81/><AGARI ba="0,0" hai="1,4,10,21,22,46,50,53,80,81,82" m="42601" machi="81" ten="30,1000,0" yaku="14,1" doraHai="100" who="2" fromWho="3" sc="249,0,199,0,353,10,199,-10" /><INIT seed="2,0,0,4,5,114" ten="249,199,363,189" oya="2" hai0="107,125,100,102,117,95,80,79,39,49,115,40,7" hai1="16,68,118,81,46,109,27,101,110,48,9,47,111" hai2="94,5,61,122,92,25,31,123,73,91,42,55,70" hai3="28,83,33,129,87,131,0,88,135,8,69,52,41"/><V6/><F73/><W93/><G135/><T32/><D39/><U104/><E68/><V112/><F112/><W97/><G69/><T58/><D32/><U67/><E67/><V45/><F5/><W119/><G119/><T36/><D36/><U130/><E130/><N who="3" m="49674" /><G41/><T89/><D107/><U90/><E118/><V78/><F78/><N who="3" m="46583" /><G28/><T76/><D115/><U59/><E101/><V17/><F17/><W38/><G33/><T116/><D125/><U60/><E104/><V34/><F6/><N who="3" m="1095" /><G38/><T23/><D100/><U66/><E48/><V50/><F92/><W133/><G133/><T126/><D102/><U85/><E9/><V30/><F30/><W127/><G127/><T13/><D126/><U74/><E74/><V35/><F35/><W21/><G21/><AGARI ba="0,0" hai="16,21,27,46,47,59,60,66,81,85,90,109,110,111" machi="21" ten="40,2600,0" yaku="14,1,54,1" doraHai="114" who="1" fromWho="3" sc="249,0,199,26,363,0,189,-26" /><INIT seed="3,0,0,3,2,17" ten="249,225,363,163" oya="3" hai0="28,39,13,98,88,119,127,82,48,108,113,97,2" hai1="57,54,50,55,122,8,112,30,125,77,114,72,53" hai2="49,31,46,78,56,65,29,115,21,25,133,16,103" hai3="130,99,73,12,18,75,32,64,40,71,45,104,5"/><W90/><G32/><T11/><D39/><U68/><E68/><V94/><F115/><W4/><G130/><T76/><D2/><U70/><E70/><V67/><F78/><W121/><G121/><T85/><D119/><U66/><E122/><V110/><F110/><W83/><G104/><T34/><D108/><U33/><E8/><V109/><F133/><W101/><G101/><T74/><D127/><U123/><E123/><V36/><F36/><W61/><G99/><T106/><D113/><U87/><E72/><V107/><F107/><W84/><G75/><T26/><D106/><U6/><E6/><V81/><F81/><W116/><G73/><T59/><D59/><U37/><E37/><V92/><F109/><W22/><REACH who="3" step="1"/><G116/><REACH who="3" ten="249,225,363,153" step="2"/><T1/><D74/><U47/><E33/><V15/><F103/><W3/><G3/><T63/><D1/><U120/><E120/><V135/><F135/><W91/><G91/><T38/><D88/><U27/><E114/><V129/><F129/><W58/><G58/><T43/><D97/><U0/><E57/><V80/><F56/><W86/><G86/><T10/><D98/><U132/><E87/><V69/><F69/><W89/><G89/><T117/><D85/><U62/><E0/><V102/><F102/><W100/><G100/><T111/><D34/><U51/><E132/><V79/><F79/><W93/><G93/><T95/><D76/><U60/><E77/><V131/><F131/><W19/><G19/><T96/><D111/><U118/><E112/><V20/><F80/><W44/><G44/><T128/><D82/><RYUUKYOKU ba="0,1" sc="249,-10,225,-10,363,-10,153,30" hai3="4,5,12,18,22,40,45,61,64,71,83,84,90" /><INIT seed="3,1,1,3,3,79" ten="239,215,353,183" oya="3" hai0="62,52,81,134,84,55,112,77,129,96,76,91,19" hai1="15,39,22,16,90,49,29,4,97,89,35,30,92" hai2="106,101,80,46,83,7,119,43,61,124,107,26,57" hai3="1,18,50,64,28,71,41,117,68,53,51,10,110"/><W31/><G117/><T54/><D134/><U95/><E39/><V21/><F119/><W67/><G1/><T115/><D129/><U122/><E122/><V23/><F124/><W20/><G71/><T135/><D135/><U120/><E120/><V34/><F34/><W72/><G68/><T12/><D62/><U36/><E36/><V5/><F107/><W98/><G72/><T73/><D96/><N who="1" m="57359" /><E35/><V86/><F101/><W126/><G126/><T121/><D121/><U42/><E4/><N who="2" m="1611" /><F106/><W2/><G2/><T45/><D45/><AGARI ba="1,1" hai="15,16,22,29,30,42,45,49,90,95,97" m="57359" machi="45" ten="30,2000,0" yaku="8,1,54,1" doraHai="79" who="1" fromWho="0" sc="239,-23,215,33,353,0,183,0" owari="216,-18.0,248,5.0,353,45.0,183,-32.0" /></mjloggm>