<mjloggm ver="2.3"><GO type="169" lobby="0"/><UN n0="%E3%82%A8%E3%83%83%E3%83%95%E3%82%A7%E3%83%AB%E5%A1%94" n1="%61%6D%61%74%6F%75" n2="%E3%82%A6%E3%83%AB%E3%83%88%E3%83%A9%E7%AB%8B%E7%9B%B4" n3="%E3%81%8B%E3%81%AA%E3%81%93%E3%81%89" dan="16,16,17,16" rate="2101.81,2084.83,2197.33,2099.88" sx="M,M,M,M"/><TAIKYOKU oya="0"/><INIT seed="0,0,0,3,4,48" ten="250,250,250,250" oya="0" hai0="35,109,105,58,125,78,112,32,7,127,50,82,65" hai1="118,21,40,28,126,56,23,10,104,20,26,3,83" hai2="6,91,71,37,63,121,122,119,90,62,51,85,54" hai3="44,59,106,92,66,135,77,55,38,111,4,99,8"/><T43/><D112/><U11/><E104/><V110/><F37/><W131/><G111/><T69/><D105/><U49/><E118/><V130/><F119/><W18/><G131/><T33/><D69/><U129/><E129/><V81/><F130/><W12/><G135/><T133/><D7/><U116/><E116/><V64/><F110/><W108/><G108/><T97/><D109/><U100/><E126/><V134/><F134/><W53/><G106/><T123/><D133/><U15/><E100/><V30/><F30/><W128/><G128/><T114/><D97/><U72/><E3/><V74/><F6/><W1/><G77/><T36/><D36/><U80/><E72/><V24/><F74/><W67/><G38/><T13/><D13/><U89/><E80/><V76/><F24/><W103/><G44/><T68/><D68/><U45/><E56/><V96/><F63/><W19/><G55/><T124/><D114/><U34/><REACH who="1" step="1"/><E15/><REACH who="1" ten="250,240,250,250" step="2"/><V107/><F107/><W14/><G1/><T120/><D82/><U79/><E79/><V86/><F76/><W117/><G117/><T57/><D78/><U2/><E2/><V27/><F81/><W47/><G47/><N who="0" m="25983" /><D65/><N who="3" m="24585" /><G14/><T75/><D75/><U95/><E95/><N who="2" m="56447" /><F64/><W9/><G9/><T88/><D88/><U115/><E115/><V46/><F90/><W0/><G0/><T22/><D22/><U29/><E29/><V113/><F113/><W101/><G101/><T5/><D5/><U102/><E102/><V94/><F71/><W98/><G103/><T60/><D58/><U84/><AGARI ba="0,1" hai="10,11,20,21,23,26,28,34,40,45,49,83,84,89" machi="84" ten="30,4000,0" yaku="1,1,0,1,53,1" doraHai="48" doraHaiUra="39" who="1" fromWho="1" sc="250,-20,240,50,250,-10,250,-10" /><INIT seed="1,0,0,0,2,126" ten="230,290,240,240" oya="1" hai0="61,33,28,41,49,47,34,101,104,66,119,115,80" hai1="50,25,90,99,71,59,106,69,46,3,122,40,105" hai2="94,92,1,132,72,127,38,96,64,112,108,62,5" hai3="29,4,14,11,48,102,63,6,130,55,8,44,117"/><U10/><E122/><V43/><F127/><W56/><G117/><T109/><D119/><U83/><E25/><V103/><F132/><W107/><G29/><T86/><D109/><U52/><E71/><V9/><F108/><W116/><G116/><T113/><D34/><U121/><E121/><V77/><F112/><W27/><G27/><T87/><D87/><U67/><E3/><V7/><F7/><W75/><G75/><T2/><D2/><U123/><E123/><V42/><F38/><W84/><G84/><T39/><D49/><U76/><E10/><V135/><F135/><W18/><G107/><T124/><D124/><U89/><E89/><V17/><F77/><W16/><G102/><T74/><D86/><N who="1" m="48487" /><E99/><V15/><F72/><W118/><G118/><T114/><D80/><U91/><E90/><V54/><F92/><W26/><G26/><N who="0" m="18583" /><D74/><U68/><E91/><V129/><F1/><W78/><G78/><T22/><D22/><U120/><E120/><V134/><F134/><W100/><G100/><T98/><D115/><U32/><E32/><V0/><F0/><W24/><G24/><T95/><D95/><U35/><E35/><V45/><F94/><W79/><G79/><T82/><D82/><U30/><E30/><V73/><F103/><W36/><G11/><T13/><D13/><U93/><E93/><V133/><F73/><W88/><G88/><T110/><D110/><U111/><E111/><V21/><F133/><W20/><G8/><T53/><D53/><U31/><E31/><V19/><F54/><W23/><G55/><T131/><D131/><RYUUKYOKU ba="0,0" sc="230,30,290,-10,240,-10,240,-10" hai0="39,41,47,61,66,98,101,104,113,114" /><INIT seed="2,1,0,3,1,70" ten="260,280,230,230" oya="2" hai0="84,88,102,104,109,42,123,79,38,58,47,87,108" hai1="62,111,133,131,112,31,23,40,83,1,55,96,85" hai2="27,26,25,5,106,100,37,24,124,77,53,125,17" hai3="20,45,101,64,119,4,73,110,113,97,103,34,35"/><V46/><F5/><W135/><G119/><T7/><D123/><U12/><E1/><V63/><F77/><W57/><G73/><T129/><D79/><U69/><E112/><V19/><F106/><W66/><G110/><T76/><D76/><U90/><E111/><N who="0" m="42569" /><D7/><U72/><E40/><V56/><F100/><W9/><G135/><T94/><D129/><U33/><E72/><V132/><F132/><W82/><G82/><T114/><D114/><U28/><E133/><V3/><F3/><W18/><G45/><T71/><D71/><U81/><E81/><V60/><F60/><W75/><G75/><T29/><D29/><U54/><E33/><V91/><F91/><W14/><G103/><T43/><D43/><U52/><E131/><V92/><F92/><W59/><G113/><T130/><D130/><U22/><E96/><V126/><N who="2" m="6144" /><DORA hai="11" /><V41/><AGARI ba="1,0" hai="17,19,37,41,46,53,56,63,124,125,126" m="6144" machi="41" ten="50,12000,1" yaku="4,1,0,1,18,1,52,1" doraHai="70,11" who="2" fromWho="2" sc="260,-41,280,-41,230,123,230,-41" /><INIT seed="2,2,0,5,0,20" ten="219,239,353,189" oya="2" hai0="12,108,38,120,94,21,15,85,31,30,43,53,76" hai1="40,37,14,19,89,110,11,16,27,29,87,23,82" hai2="84,4,10,134,92,3,127,54,24,78,70,48,101" hai3="77,50,60,49,62,51,135,63,22,67,65,2,121"/><V42/><F70/><W80/><G2/><T6/><D120/><U96/><E110/><V17/><F127/><W18/><G121/><T5/><D38/><U112/><E112/><V26/><F134/><W102/><G102/><T97/><D43/><U130/><E130/><V66/><F66/><W74/><REACH who="3" step="1"/><G135/><REACH who="3" ten="219,239,353,179" step="2"/><T58/><D108/><U128/><E128/><V122/><F3/><W39/><G39/><T52/><D6/><U0/><E0/><V9/><F101/><W25/><AGARI ba="2,1" hai="18,22,25,49,50,51,60,62,63,65,67,74,77,80" machi="25" ten="30,4000,0" yaku="1,1,0,1,52,1,53,0" doraHai="20" doraHaiUra="1" who="3" fromWho="3" sc="219,-12,239,-12,353,-22,179,56" /><INIT seed="3,0,0,3,3,106" ten="207,227,331,235" oya="3" hai0="73,71,84,45,83,44,90,108,17,80,61,27,55" hai1="86,47,24,94,117,74,42,11,39,119,2,63,21" hai2="9,13,91,25,79,81,114,50,133,120,0,29,54" hai3="52,48,103,57,78,110,121,116,89,112,19,34,6"/><W107/><G112/><T104/><D104/><U98/><E86/><V15/><F133/><W5/><G116/><N who="1" m="44618" /><E63/><V3/><F91/><W67/><G121/><T20/><D108/><U72/><E11/><V68/><F68/><W16/><G34/><T32/><D32/><U87/><E87/><V40/><F13/><W31/><G31/><T26/><D26/><U95/><E2/><V59/><F40/><W129/><G129/><T126/><D126/><U102/><E95/><V7/><F114/><W100/><G110/><T43/><D71/><U38/><E38/><V53/><F53/><W96/><G78/><T75/><D83/><U30/><AGARI ba="0,0" hai="21,24,30,39,42,47,72,74,94,98,102" m="44618" machi="30" ten="30,4000,0" yaku="12,1,52,2" doraHai="106" who="1" fromWho="1" sc="207,-10,227,40,331,-10,235,-20" /><INIT seed="4,0,0,4,1,95" ten="197,267,321,215" oya="0" hai0="78,4,57,115,80,56,6,36,74,99,83,45,54" hai1="50,69,93,40,33,5,42,118,9,135,30,104,7" hai2="81,132,91,17,89,8,88,35,15,29,48,60,28" hai3="22,133,71,18,55,97,77,3,41,79,62,107,34"/><T64/><D115/><U100/><E104/><V131/><F131/><W1/><G133/><T126/><D126/><U122/><E122/><V127/><F127/><W65/><G41/><T63/><D83/><U24/><E69/><V43/><F132/><W130/><G130/><T114/><D114/><U19/><E135/><V44/><F35/><W108/><G108/><T102/><D45/><U128/><E128/><V52/><F81/><W109/><G109/><T113/><D36/><U59/><E19/><V121/><F121/><W72/><G55/><T112/><D112/><U94/><E7/><V119/><F119/><W66/><G66/><T123/><D123/><U68/><E68/><V2/><F2/><W117/><G117/><T134/><D134/><U116/><E94/><V124/><F124/><W31/><G72/><T85/><D74/><U92/><E93/><V120/><F120/><W96/><G1/><T98/><D113/><U61/><E118/><V26/><F26/><N who="3" m="18807" /><G96/><N who="0" m="36907" /><D102/><U75/><E100/><V125/><F125/><W87/><G3/><T23/><D23/><U14/><E75/><V105/><F105/><W73/><G73/><T11/><D11/><U76/><E116/><V111/><F111/><W20/><G22/><T13/><D13/><U51/><E14/><V67/><F43/><W129/><G129/><T106/><D106/><U27/><E42/><V47/><F44/><W103/><G87/><T58/><D57/><AGARI ba="0,0" hai="8,15,17,28,29,47,48,52,57,60,67,88,89,91" machi="57" ten="40,5200,0" yaku="8,1,54,2" doraHai="95" who="2" fromWho="0" sc="197,-52,267,0,321,52,215,0" /><INIT seed="5,0,0,3,0,113" ten="145,267,373,215" oya="1" hai0="89,102,92,9,100,13,69,79,5,47,115,65,8" hai1="28,31,48,4,23,86,91,42,38,84,120,29,104" hai2="61,111,60,108,3,50,123,56,7,40,114,95,67" hai3="77,122,66,25,124,125,85,131,133,93,99,21,30"/><U118/><E104/><V22/><F3/><W19/><G122/><T116/><D115/><U17/><E120/><V10/><F114/><W74/><G74/><T82/><D69/><U6/><E38/><V0/><F123/><W97/><G133/><T15/><D65/><U41/><E118/><V34/><F34/><W33/><G131/><T101/><D47/><N who="1" m="25711" /><E42/><V68/><F95/><W107/><G66/><T27/><D27/><N who="1" m="14831" /><E86/><V121/><F121/><W87/><G107/><T71/><D71/><U32/><E32/><V2/><F2/><W51/><G87/><T18/><D116/><U58/><E58/><V43/><F22/><W105/><G105/><T45/><D45/><U57/><E57/><V36/><F61/><W53/><G33/><T59/><D59/><U106/><E106/><V80/><F43/><W76/><G85/><T39/><D39/><U117/><E117/><V44/><F80/><AGARI ba="0,0" hai="4,6,28,29,31,80,84,91" m="14831,25711" machi="80" ten="30,1500,0" yaku="8,1" doraHai="113" who="1" fromWho="2" sc="145,0,267,15,373,-15,215,0" /><INIT seed="5,1,0,0,2,80" ten="145,282,358,215" oya="1" hai0="130,134,119,81,25,132,0,88,45,49,118,38,56" hai1="121,51,106,108,33,120,61,68,28,7,101,93,18" hai2="126,105,46,52,79,90,72,78,14,103,64,114,131" hai3="107,6,102,92,13,82,11,30,54,50,94,96,122"/><U29/><E7/><V109/><F109/><W67/><G122/><T31/><D0/><U40/><E28/><V15/><F72/><W53/><G67/><T115/><D38/><U66/><E18/><V91/><F105/><W98/><G30/><T35/><D56/><U104/><E106/><V22/><F103/><W84/><G50/><T2/><D2/><U69/><E68/><V24/><F114/><W75/><G75/><T125/><D115/><U117/><E117/><V42/><F42/><W21/><G21/><T17/><D17/><U36/><E51/><N who="2" m="28791" /><F64/><W73/><G73/><T111/><D111/><U34/><E108/><V124/><F131/><W74/><G74/><T133/><D130/><U112/><E112/><V63/><F63/><W71/><G71/><T10/><D10/><U3/><E3/><V5/><F126/><W43/><G43/><N who="0" m="24767" /><D125/><U47/><E93/><V44/><F44/><W32/><G32/><N who="1" m="12394" /><E29/><N who="2" m="17559" /><F124/><W8/><G107/><T12/><D12/><N who="2" m="4650" /><F5/><W55/><G11/><T77/><D77/><AGARI ba="1,0" hai="77,78,79,90,91" m="4650,17559,28791" machi="77" ten="30,2000,0" yaku="8,1,54,1" doraHai="80" who="2" fromWho="0" sc="145,-23,282,0,358,23,215,0" /><INIT seed="6,0,0,1,3,111" ten="122,282,381,215" oya="2" hai0="84,25,62,74,129,130,44,123,133,35,49,80,110" hai1="4,9,76,124,18,105,98,27,28,63,91,12,57" hai2="68,6,0,2,117,118,127,20,135,83,24,48,16" hai3="89,29,64,81,21,121,102,104,60,23,96,67,120"/><V3/><F68/><W87/><G67/><T31/><D110/><U26/><E124/><V56/><F83/><W106/><G106/><T70/><D123/><U94/><E76/><V82/><F82/><W66/><G66/><T90/><D133/><U92/><E105/><V11/><F48/><W113/><G113/><T93/><D70/><U13/><E28/><V53/><F53/><W78/><G23/><T37/><D62/><U99/><E63/><V75/><F56/><W22/><G22/><T46/><D37/><U101/><REACH who="1" step="1"/><E57/><REACH who="1" ten="122,272,381,215" step="2"/><V33/><F127/><W132/><G78/><T88/><D74/><U126/><E126/><V115/><F75/><W5/><G60/><T59/><D59/><U14/><E14/><V107/><F107/><W73/><G73/><T43/><REACH who="0" step="1"/><D46/><REACH who="0" ten="112,272,381,215" step="2"/><U38/><E38/><V54/><F135/><W112/><G132/><T52/><D52/><U109/><E109/><V39/><F54/><W15/><G120/><T69/><D69/><U41/><E41/><V10/><F39/><W95/><G121/><T108/><D108/><U125/><E125/><V34/><F117/><W51/><G64/><T100/><D100/><U8/><AGARI ba="0,2" hai="4,8,9,12,13,18,26,27,91,92,94,98,99,101" machi="8" ten="20,5200,0" yaku="1,1,0,1,7,1,8,1,53,0" doraHai="111" doraHaiUra="122" who="1" fromWho="1" sc="112,-13,272,72,381,-26,215,-13" /><INIT seed="7,0,0,4,3,4" ten="99,344,355,202" oya="3" hai0="43,91,36,12,32,42,126,44,117,68,105,134,81" hai1="72,99,128,33,14,8,114,59,101,56,80,62,118" hai2="83,66,90,73,63,11,1,89,31,125,130,98,113" hai3="107,18,60,108,37,97,124,22,21,93,0,102,46"/><W5/><G124/><T53/><D32/><U65/><E33/><V122/><F125/><W121/><G121/><T20/><D126/><U104/><E114/><V41/><F31/><W78/><G108/><T45/><D105/><U77/><E128/><V85/><F73/><W47/><G78/><T38/><D134/><U92/><E118/><V13/><F1/><W109/><G109/><T34/><D34/><U28/><E28/><V2/><F2/><W106/><G22/><T103/><D103/><U112/><E112/><V27/><F27/><W52/><G5/><T30/><D68/><U39/><E39/><V88/><F41/><W133/><G0/><T135/><D135/><U16/><E92/><V24/><F24/><W111/><G111/><T57/><D117/><U35/><E35/><V58/><F130/><W75/><G75/><T127/><D127/><U29/><E29/><V123/><F113/><W100/><G100/><T26/><D12/><U86/><E72/><V23/><F23/><W119/><G119/><T19/><D91/><U54/><E54/><V70/><F70/><AGARI ba="0,0" hai="8,14,16,56,59,62,65,70,77,80,86,99,101,104" machi="70" ten="30,3900,0" yaku="7,1,52,1,54,1" doraHai="4" who="1" fromWho="2" sc="99,0,344,39,355,-39,202,0" owari="99,-40.0,383,48.0,316,12.0,202,-20.0" /></mjloggm>