<mjloggm ver="2.3"><GO type="97" lobby="0"/><UN n0="%6B%61%73%75%67%65%2D" n1="%6B%79%6F%73%65%6E" n2="%6D%72%6B%6F%6A%69" n3="%E3%83%88%E3%83%88%E3%83%AA%E5%85%88%E7%94%9F%31%39%E6%AD%B3" dan="14,15,13,15" rate="1925.32,1976.72,1829.86,2045.04" sx="M,M,M,F"/><TAIKYOKU oya="0"/><INIT seed="0,0,0,3,4,51" ten="250,250,250,250" oya="0" hai0="111,15,4,40,80,102,24,103,13,125,55,124,8" hai1="87,122,81,110,45,2,77,7,47,104,112,106,101" hai2="113,82,72,0,127,66,1,9,115,78,3,70,74" hai3="71,69,33,105,14,54,61,99,128,93,114,76,57"/><T133/><D133/><U44/><E122/><V132/><F132/><W36/><G114/><T134/><D134/><U19/><E112/><V32/><F32/><W39/><G33/><T94/><D40/><U83/><E110/><V29/><F29/><W90/><G128/><T37/><D37/><U38/><E38/><V35/><F127/><N who="0" m="48714" /><D111/><U12/><E101/><V18/><F9/><W52/><G105/><T75/><D24/><U86/><E7/><V43/><F18/><W129/><G129/><T100/><D15/><U120/><E2/><V135/><F135/><W30/><G30/><T63/><D80/><U5/><E5/><V58/><F43/><W17/><G76/><T121/><D75/><U89/><E120/><V131/><F35/><W73/><G73/><T16/><D4/><U85/><E106/><V130/><F74/><W23/><G39/><T92/><D121/><U95/><E104/><V109/><F115/><W84/><G36/><T79/><D79/><N who="1" m="46271" /><E44/><V126/><F113/><W68/><REACH who="3" step="1"/><G84/><REACH who="3" ten="250,250,250,240" step="2"/><T26/><D26/><U49/><E86/><V46/><F130/><W107/><G107/><T42/><D42/><U11/><E87/><V10/><F126/><W21/><G21/><T108/><D108/><U41/><E41/><V91/><F131/><W118/><G118/><T25/><D25/><U53/><E77/><V119/><F109/><W56/><G56/><AGARI ba="0,1" hai="8,13,16,55,56,63,92,94,100,102,103" m="48714" machi="56" ten="30,5800,0" yaku="18,1,52,1,54,1" doraHai="51" who="0" fromWho="3" sc="250,68,250,0,250,0,240,-58" /><INIT seed="0,1,0,1,0,119" ten="318,250,250,182" oya="0" hai0="18,98,106,75,21,76,13,12,79,124,66,71,97" hai1="27,120,11,89,29,70,28,43,41,1,24,67,32" hai2="81,62,8,60,38,47,101,54,48,44,80,65,69" hai3="57,85,113,34,4,77,128,2,118,132,87,84,74"/><T20/><D124/><U135/><E135/><V16/><F101/><W50/><G113/><T83/><D79/><U94/><E120/><V72/><F72/><W26/><G118/><T105/><D105/><U99/><E70/><V56/><F38/><W91/><G132/><T78/><D78/><U58/><E1/><V9/><F47/><W123/><G128/><T19/><REACH who="0" step="1"/><D106/><REACH who="0" ten="308,250,250,182" step="2"/><U88/><E89/><V73/><F73/><W37/><G91/><T95/><D95/><U108/><E88/><V114/><F114/><W107/><G107/><T6/><D6/><U36/><E94/><V64/><F80/><W40/><G4/><T33/><D33/><U59/><E32/><V30/><F81/><W102/><G34/><T3/><D3/><U90/><E90/><V53/><F30/><W96/><G2/><T17/><D17/><U100/><E29/><V39/><F16/><W35/><G77/><T103/><D103/><U109/><E28/><V0/><F0/><W110/><G74/><T129/><D129/><U46/><E100/><V52/><F39/><W22/><G35/><T92/><D92/><U15/><E36/><V122/><REACH who="2" step="1"/><F122/><REACH who="2" ten="308,250,240,182" step="2"/><W86/><G123/><T126/><D126/><U10/><E99/><V111/><F111/><W31/><G110/><T115/><D115/><U49/><E109/><V112/><F112/><W63/><G37/><T68/><D68/><U45/><E108/><V23/><F23/><W125/><G125/><T127/><D127/><U130/><E130/><V93/><F93/><W117/><G102/><T116/><D116/><U51/><E15/><RYUUKYOKU ba="1,2" sc="308,10,250,10,240,10,182,-30" hai0="12,13,18,19,20,21,66,71,75,76,83,97,98" hai1="10,11,24,27,41,43,45,46,49,51,58,59,67" hai2="8,9,44,48,52,53,54,56,60,62,64,65,69" /><INIT seed="0,2,2,3,0,61" ten="318,260,250,152" oya="0" hai0="57,34,21,29,52,41,93,5,14,54,49,67,82" hai1="113,9,64,98,68,125,88,47,129,36,128,2,77" hai2="132,109,20,108,31,99,74,33,134,72,12,7,26" hai3="66,97,18,133,84,120,87,95,4,89,30,92,55"/><T91/><D34/><U131/><E125/><V16/><F99/><W118/><G118/><T73/><D41/><N who="1" m="22951" /><E113/><V48/><F48/><W10/><G133/><N who="2" m="51305" /><F74/><W126/><G126/><T35/><D35/><U58/><E68/><V28/><F72/><W124/><G124/><T112/><D112/><U104/><E77/><V78/><F78/><W135/><G135/><T42/><D73/><U63/><E104/><V130/><F130/><W101/><G120/><T80/><D42/><U13/><E2/><V1/><F31/><W62/><G55/><T122/><D54/><U121/><E121/><V23/><F33/><W106/><G30/><T50/><D50/><U107/><E107/><V117/><F117/><W3/><G18/><T56/><D122/><U81/><E98/><V0/><F7/><W24/><G24/><T25/><D5/><N who="1" m="3247" /><E81/><V96/><F96/><W6/><G6/><T75/><D75/><U69/><E69/><V90/><F90/><AGARI ba="2,2" hai="58,63,64,88,90,128,129,131" m="3247,22951" machi="90" ten="30,3900,0" yaku="19,1,52,1,54,1" doraHai="61" who="1" fromWho="2" sc="318,0,260,65,250,-45,152,0" /><INIT seed="1,0,0,3,2,70" ten="318,325,205,152" oya="1" hai0="77,0,107,128,4,58,97,17,33,115,68,45,44" hai1="101,85,112,96,94,29,81,123,124,125,102,48,14" hai2="90,5,100,103,34,111,25,51,104,75,7,6,110" hai3="92,108,9,76,131,105,122,26,50,12,13,35,91"/><U118/><E29/><V120/><F75/><W109/><G122/><T67/><D115/><U78/><E112/><V15/><F120/><W31/><G105/><T65/><D68/><U38/><E123/><V42/><F104/><W99/><G131/><T66/><D33/><U87/><E118/><V61/><F61/><W135/><G135/><T24/><D128/><U106/><E48/><V71/><F71/><W18/><G76/><T69/><D69/><U113/><E113/><V55/><F42/><W21/><REACH who="3" step="1"/><G50/><REACH who="3" ten="318,325,205,142" step="2"/><T1/><D77/><U32/><E106/><V88/><F110/><W52/><G52/><T28/><D107/><U83/><E78/><V40/><F111/><W16/><AGARI ba="0,1" hai="9,12,13,16,18,21,26,31,35,91,92,99,108,109" machi="16" ten="30,4000,0" yaku="1,1,0,1,54,1,53,0" doraHai="70" doraHaiUra="53" who="3" fromWho="3" sc="318,-10,325,-20,205,-10,142,50" /><INIT seed="2,0,0,1,4,110" ten="308,305,195,192" oya="2" hai0="22,60,94,120,105,101,86,91,14,92,75,106,122" hai1="97,125,7,13,0,74,72,77,119,42,112,2,104" hai2="67,71,37,69,70,64,126,65,113,49,100,24,34" hai3="25,95,12,35,43,18,10,31,85,109,121,107,68"/><V84/><F100/><W117/><G121/><N who="0" m="46699" /><D60/><U73/><E77/><V41/><F84/><W50/><G117/><T55/><D55/><U21/><E21/><V26/><F34/><W33/><G109/><T52/><D52/><U116/><E13/><V87/><F37/><W99/><G68/><T127/><D14/><U51/><E51/><V111/><F111/><W98/><G33/><T129/><D22/><U54/><E54/><V61/><F87/><W47/><REACH who="3" step="1"/><G107/><REACH who="3" ten="308,305,195,182" step="2"/><T130/><D106/><U90/><E104/><V23/><F70/><W124/><G124/><T40/><D105/><U78/><E125/><V76/><F126/><W39/><G39/><T19/><D127/><U103/><E119/><V16/><F71/><W20/><G20/><T46/><D130/><U6/><E116/><V80/><F24/><W66/><G66/><T57/><D129/><U82/><E72/><V9/><F9/><W128/><G128/><T56/><D75/><U83/><E74/><V30/><F67/><W96/><G96/><T59/><D86/><N who="1" m="50519" /><E97/><V58/><F69/><W28/><G28/><T102/><D101/><U17/><E103/><V4/><F65/><W93/><G93/><T108/><D102/><U44/><E73/><V45/><F30/><W131/><G131/><T115/><D94/><U53/><E83/><V1/><F80/><W62/><G62/><T63/><D63/><U8/><E8/><V36/><F36/><W123/><G123/><T133/><D108/><U29/><E29/><V11/><F76/><W38/><G38/><T114/><D92/><U32/><E32/><RYUUKYOKU ba="0,1" sc="308,-15,305,-15,195,15,182,15" hai2="1,4,11,16,23,26,41,45,49,58,61,64,113" hai3="10,12,18,25,31,35,43,47,50,85,95,98,99" /><INIT seed="2,1,1,2,3,102" ten="293,290,210,197" oya="2" hai0="9,18,40,134,38,48,120,27,22,19,53,47,90" hai1="82,24,79,56,50,113,25,74,116,107,103,8,55" hai2="31,5,89,72,70,11,114,97,61,85,10,109,111" hai3="105,23,45,60,86,43,100,3,28,78,58,118,104"/><V73/><F31/><W69/><G118/><T131/><D120/><U30/><E116/><V119/><F119/><W49/><G3/><T52/><D134/><U29/><E113/><V98/><F70/><W20/><G69/><T112/><D112/><U106/><E103/><V65/><F61/><W77/><G100/><T129/><D90/><U125/><E125/><V124/><F65/><W115/><G115/><T88/><D88/><U132/><E132/><V39/><F114/><W133/><G133/><T35/><D35/><U33/><E8/><V2/><F39/><W110/><G110/><N who="2" m="41993" /><F10/><W122/><G122/><T6/><D18/><U67/><E67/><V80/><F124/><W128/><G128/><N who="0" m="49227" /><D38/><U7/><E7/><V4/><F5/><W96/><G96/><AGARI ba="1,1" hai="2,4,11,72,73,80,85,89,96,97,98" m="41993" machi="96" ten="30,2900,0" yaku="14,1,10,1" doraHai="102" who="2" fromWho="3" sc="293,0,290,0,210,42,197,-32" /><INIT seed="2,2,0,4,5,127" ten="293,290,252,165" oya="2" hai0="24,132,131,71,129,85,78,13,29,113,44,119,8" hai1="45,77,11,42,81,30,69,3,20,7,122,101,83" hai2="102,46,100,43,117,96,125,14,87,90,94,88,112" hai3="74,123,76,95,110,40,18,2,27,36,12,97,65"/><V41/><F125/><W50/><G123/><T32/><D113/><U31/><E69/><V135/><F112/><W126/><G2/><T93/><D71/><U98/><E122/><V5/><F117/><W62/><G126/><T128/><D132/><U58/><E58/><V61/><F61/><W21/><G36/><T70/><D70/><U22/><E22/><V28/><F28/><W56/><G110/><T115/><D115/><U49/><E20/><V10/><F135/><W67/><G74/><T39/><D119/><U16/><E16/><V34/><F34/><W1/><G1/><T107/><D107/><U4/><E4/><V47/><F47/><W109/><G109/><T33/><D33/><U25/><E25/><V130/><F43/><W55/><G76/><T133/><D133/><U37/><E49/><V118/><F118/><W104/><G104/><T103/><D103/><U53/><E53/><V19/><F5/><W92/><G92/><T134/><D134/><U59/><E59/><V66/><F66/><W26/><G40/><N who="0" m="22559" /><D78/><U86/><E83/><V60/><F60/><W105/><G105/><AGARI ba="2,0" hai="3,7,11,30,31,37,42,45,77,81,86,98,101,105" machi="105" ten="30,1000,0" yaku="7,1" doraHai="127" who="1" fromWho="3" sc="293,0,290,16,252,0,165,-16" /><INIT seed="3,0,0,0,4,57" ten="293,306,252,149" oya="3" hai0="7,124,107,76,2,46,0,9,5,103,20,17,99" hai1="24,14,44,64,85,82,134,49,77,126,123,50,30" hai2="62,129,11,68,66,63,38,79,25,8,47,56,72" hai3="33,1,105,12,3,39,92,96,127,67,93,131,70"/><W97/><G39/><T37/><D124/><U106/><E123/><V81/><F25/><W43/><G33/><T121/><D121/><U34/><E126/><V53/><REACH who="2" step="1"/><F129/><REACH who="2" ten="293,306,242,149" step="2"/><W29/><G127/><T23/><D76/><N who="1" m="46279" /><E24/><V16/><F16/><W21/><G131/><T112/><D112/><U128/><E77/><V130/><F130/><W26/><G43/><AGARI ba="0,1" hai="8,11,38,43,47,53,56,62,63,66,68,72,79,81" machi="43" ten="40,5200,0" yaku="1,1,52,2,53,0" doraHai="57" doraHaiUra="13" who="2" fromWho="3" sc="293,0,306,0,242,62,149,-52" owari="293,-11.0,306,41.0,304,10.0,97,-40.0" /></mjloggm>