<mjloggm ver="2.3"><GO type="41" lobby="0"/><UN n0="%6B%69%6D%69%30%33%32%32" n1="%E5%B0%B1%E6%B4%BB%E7%94%9F%40%E5%B7%9D%E6%9D%91%E8%BB%8D%E5%9B%A3" n2="%6D%61%79%6F%6E%32" n3="%E8%8A%B1%E6%A1%9C%E9%87%8C" dan="15,14,14,15" rate="1971.47,1922.26,1910.78,2044.45" sx="M,M,M,M"/><TAIKYOKU oya="0"/><INIT seed="0,0,0,0,4,26" ten="250,250,250,250" oya="0" hai0="107,132,51,59,18,112,15,100,60,12,76,133,32" hai1="38,30,110,50,42,40,101,20,52,95,46,57,67" hai2="61,64,130,96,121,114,131,77,35,34,13,109,39" hai3="122,1,89,36,0,117,62,73,106,108,3,93,128"/><T24/><D112/><U21/><E110/><V103/><F121/><W129/><G106/><T9/><D76/><U48/><E67/><V22/><F109/><W44/><G73/><T2/><D2/><U28/><E38/><V116/><F116/><W41/><G108/><T29/><D51/><U120/><E40/><V124/><F114/><W90/><G117/><T63/><D15/><U119/><E119/><V27/><F39/><W104/><G104/><T19/><D19/><U125/><E125/><V14/><F124/><W45/><G122/><T69/><D60/><U80/><E80/><V23/><F77/><W68/><G45/><T102/><D69/><U94/><E120/><V86/><F86/><W81/><G81/><T111/><D111/><U65/><E65/><V127/><F127/><W55/><G68/><T98/><REACH who="0" step="1"/><D100/><REACH who="0" ten="240,250,250,250" step="2"/><U11/><E101/><V5/><F14/><W54/><G62/><T135/><D135/><U123/><E123/><V134/><F13/><W113/><G113/><T71/><D71/><U87/><E11/><V84/><F134/><W4/><G4/><T126/><D126/><U83/><E20/><V72/><F5/><W7/><G7/><T33/><D33/><U49/><E49/><V16/><F35/><W88/><REACH who="3" step="1"/><G93/><REACH who="3" ten="240,250,250,240" step="2"/><N who="1" m="35338" /><E21/><V70/><F23/><W105/><G105/><T8/><D8/><U92/><E92/><V74/><F22/><W118/><G118/><T56/><D56/><U17/><E17/><V25/><F70/><W78/><G78/><AGARI ba="0,2" hai="28,30,42,46,48,50,52,57,78,83,87" m="35338" machi="78" ten="30,7700,0" yaku="8,1,52,2,54,1" doraHai="26" who="1" fromWho="3" sc="240,0,250,97,250,0,240,-77" /><INIT seed="1,0,0,3,4,50" ten="240,347,250,163" oya="1" hai0="68,71,105,110,21,102,118,37,41,70,101,108,1" hai1="35,45,112,135,39,54,104,84,111,49,96,63,28" hai2="93,77,20,56,123,131,5,15,124,52,59,65,103" hai3="129,42,6,51,32,69,120,117,106,99,44,98,74"/><U113/><E135/><V8/><F123/><W43/><G32/><T79/><D118/><U53/><E39/><V0/><F124/><W11/><G69/><T3/><D79/><U13/><E111/><N who="0" m="42537" /><D21/><U62/><E35/><V130/><F77/><W30/><G74/><T27/><D27/><U73/><E73/><V75/><F75/><W109/><G120/><T125/><D125/><U14/><E28/><V92/><F65/><W83/><G117/><T114/><D114/><U82/><E104/><V60/><F59/><W55/><G106/><T87/><D87/><U72/><E72/><V88/><F103/><N who="0" m="39434" /><D105/><U12/><E96/><N who="2" m="57351" /><F93/><W40/><G109/><T57/><D57/><U76/><E113/><V119/><F119/><W94/><G129/><N who="2" m="49161" /><F20/><W10/><G83/><T46/><AGARI ba="0,0" hai="1,3,37,41,46,68,70,71" m="39434,42537" machi="46" ten="40,1500,0" yaku="14,1" doraHai="50" who="0" fromWho="0" sc="240,15,347,-7,250,-4,163,-4" /><INIT seed="2,0,0,3,4,13" ten="255,340,246,159" oya="2" hai0="104,120,70,35,98,45,28,51,17,124,121,86,30" hai1="83,94,39,73,79,134,61,130,62,78,22,68,95" hai2="91,64,107,103,5,6,2,34,114,52,4,19,131" hai3="57,128,117,8,97,59,49,135,112,113,87,3,7"/><V38/><F2/><W24/><G117/><T96/><D70/><U72/><E39/><V116/><F34/><W32/><G128/><T15/><D124/><U41/><E41/><V132/><F38/><W48/><G135/><T27/><D30/><U76/><E130/><V44/><F132/><W127/><G127/><T47/><D47/><U65/><E134/><V43/><F131/><W58/><G97/><T110/><D110/><U90/><E62/><V40/><F116/><W123/><G87/><T56/><D56/><U55/><E55/><V53/><F114/><N who="3" m="44139" /><G123/><T16/><D86/><U11/><E94/><V108/><F108/><W129/><G129/><T106/><D98/><U1/><E72/><V84/><F103/><W54/><G54/><N who="2" m="21097" /><F107/><W23/><G32/><T119/><D119/><U75/><E75/><V69/><F64/><W29/><AGARI ba="0,0" hai="3,7,8,23,24,29,48,49,57,58,59" m="44139" machi="29" ten="30,1100,0" yaku="11,1" doraHai="13" who="3" fromWho="3" sc="255,-3,340,-3,246,-5,159,11" /><INIT seed="3,0,0,0,5,55" ten="252,337,241,170" oya="3" hai0="121,15,46,17,62,94,51,134,7,87,108,68,29" hai1="102,112,4,96,90,128,122,45,75,10,117,81,13" hai2="98,24,28,125,80,107,131,37,44,31,74,99,93" hai3="92,109,41,123,135,36,39,5,54,49,3,70,2"/><W66/><G123/><T132/><D121/><U73/><E122/><V61/><F125/><W32/><G32/><T52/><D108/><U1/><E112/><V33/><F131/><W48/><G109/><T91/><D7/><U47/><E128/><V111/><F111/><W119/><G119/><T12/><D29/><U18/><E117/><V42/><F31/><W118/><G118/><T20/><D68/><U58/><E75/><V26/><F26/><W88/><G135/><T34/><D34/><U11/><E58/><V127/><F127/><W113/><G113/><T106/><D106/><U72/><E72/><V83/><F74/><W97/><G5/><T116/><D116/><U89/><E73/><V103/><F61/><N who="3" m="40271" /><G49/><T22/><D62/><U38/><E38/><V69/><REACH who="2" step="1"/><F69/><REACH who="2" ten="252,337,231,170" step="2"/><W84/><G36/><T126/><D126/><U79/><E79/><V115/><F115/><W85/><G2/><T53/><D53/><U6/><E1/><V101/><AGARI ba="0,1" hai="24,28,33,37,42,44,80,83,93,98,99,101,103,107" machi="101" ten="20,2700,0" yaku="1,1,0,1,7,1,53,0" doraHai="55" doraHaiUra="60" who="2" fromWho="2" sc="252,-7,337,-7,231,37,170,-13" /><INIT seed="4,0,0,5,2,124" ten="245,330,268,157" oya="0" hai0="56,18,119,118,95,126,80,75,128,12,14,37,47" hai1="111,133,77,6,44,65,51,104,121,49,15,0,130" hai2="9,67,74,125,46,31,81,107,106,24,66,53,40" hai3="64,93,50,60,87,1,4,3,132,88,129,7,114"/><T84/><D75/><U2/><E104/><V32/><F125/><W35/><G114/><T48/><D126/><U21/><E121/><V100/><F53/><W54/><G35/><T99/><D37/><U120/><E120/><V123/><F123/><W68/><G132/><T96/><D56/><U45/><E111/><V117/><F117/><W8/><G129/><T34/><D34/><U26/><E65/><V122/><F122/><W13/><REACH who="3" step="1"/><G7/><REACH who="3" ten="245,330,268,147" step="2"/><T116/><D128/><U30/><E130/><V63/><F9/><W70/><G70/><T98/><D95/><U42/><E133/><V109/><F109/><W127/><G127/><T101/><D101/><U108/><E108/><V25/><F100/><W57/><AGARI ba="0,1" hai="1,3,4,8,13,50,54,57,60,64,68,87,88,93" machi="57" ten="20,5200,0" yaku="1,1,0,1,7,1,54,1,53,0" doraHai="124" doraHaiUra="102" who="3" fromWho="3" sc="245,-26,330,-13,268,-13,147,62" /><INIT seed="5,0,0,2,5,89" ten="219,317,255,209" oya="1" hai0="62,37,23,40,87,5,16,125,103,107,41,90,61" hai1="31,42,28,46,54,94,108,111,118,15,9,80,3" hai2="39,68,93,33,70,64,115,19,129,22,76,35,110" hai3="73,34,59,11,1,86,14,128,47,65,27,112,56"/><U127/><E3/><V43/><F110/><W130/><G73/><T134/><D134/><U63/><E118/><V44/><F129/><W55/><G1/><T133/><D133/><U26/><E127/><V48/><F39/><W74/><G74/><T99/><D125/><U83/><E63/><V121/><F121/><W96/><G112/><T17/><D5/><U69/><E69/><V92/><F115/><W95/><G86/><T85/><D85/><U21/><E54/><V78/><F70/><W57/><G65/><T113/><D113/><U49/><E31/><V58/><F68/><W120/><G120/><T67/><D61/><U45/><E45/><V2/><F2/><W132/><G132/><T77/><D77/><U84/><E94/><N who="2" m="36459" /><F35/><W18/><G34/><T123/><D123/><U8/><E8/><V60/><F33/><W20/><G47/><T91/><D91/><U100/><E100/><V82/><F82/><W135/><G135/><T66/><D66/><U109/><REACH who="1" step="1"/><E84/><REACH who="1" ten="219,307,255,209" step="2"/><V98/><F98/><W32/><G55/><T122/><D122/><U12/><E12/><AGARI ba="0,1" hai="12,19,22,43,44,48,58,60,64,76,78" m="36459" machi="12" ten="30,7700,0" yaku="8,1,52,3" doraHai="89" who="2" fromWho="1" sc="219,0,307,-77,255,87,209,0" /><INIT seed="6,0,0,3,0,124" ten="219,230,342,209" oya="2" hai0="9,119,33,126,5,135,39,68,87,125,101,21,54" hai1="61,88,80,16,14,46,27,93,116,70,89,67,48" hai2="23,104,130,3,74,118,114,62,56,12,58,57,24" hai3="121,45,102,8,43,18,115,78,131,96,35,82,95"/><V20/><F104/><W41/><G35/><T99/><D39/><U69/><E116/><V122/><F74/><W4/><G121/><T13/><D119/><U29/><E70/><V120/><F3/><W30/><G30/><T40/><D40/><U55/><E80/><V31/><F118/><W63/><G115/><T83/><D68/><U65/><E65/><V60/><F114/><W92/><G63/><T86/><D33/><U32/><REACH who="1" step="1"/><E93/><REACH who="1" ten="219,220,342,209" step="2"/><V117/><F117/><W50/><G92/><T128/><D83/><U51/><E51/><V11/><F122/><W111/><G111/><T15/><D125/><U77/><E77/><V110/><F120/><W133/><G133/><T109/><D126/><U85/><E85/><V6/><F110/><W73/><G131/><T28/><D128/><U107/><E107/><V25/><F130/><W91/><G102/><T90/><D86/><U0/><E0/><V17/><AGARI ba="0,1" hai="6,11,12,17,20,23,24,25,31,56,57,58,60,62" machi="17" ten="30,3000,0" yaku="0,1,8,1" doraHai="124" who="2" fromWho="2" sc="219,-10,220,-10,342,40,209,-10" /><INIT seed="6,1,0,0,3,54" ten="209,210,382,199" oya="2" hai0="46,32,129,13,89,23,16,114,33,90,12,52,132" hai1="53,71,122,34,99,19,11,85,101,29,61,103,57" hai2="15,77,80,100,28,110,91,74,111,87,35,30,96" hai3="109,125,20,39,119,121,75,26,84,17,48,63,66"/><V126/><F126/><W60/><G75/><T116/><D129/><U6/><E122/><V88/><F15/><W21/><G39/><T107/><D107/><U64/><E19/><V81/><F35/><W27/><G125/><T8/><D132/><U86/><E29/><V130/><F130/><W72/><G72/><T4/><D114/><U134/><E34/><V82/><F30/><W70/><G121/><T37/><D116/><U1/><E134/><V108/><F28/><W98/><G119/><T7/><D7/><U105/><REACH who="1" step="1"/><E101/><REACH who="1" ten="209,200,382,199" step="2"/><V120/><F120/><W92/><G109/><T25/><D33/><U59/><E59/><V113/><F113/><W135/><G135/><T97/><D32/><U73/><E73/><V14/><F14/><W58/><G20/><T18/><D97/><U31/><E31/><V45/><F45/><W115/><G115/><T42/><D52/><U62/><AGARI ba="1,1" hai="1,6,11,53,57,61,62,64,71,85,86,99,103,105" machi="62" ten="20,5200,0" yaku="1,1,0,1,7,1,52,1,53,0" doraHai="54" doraHaiUra="44" who="1" fromWho="1" sc="209,-14,200,65,382,-27,199,-14" /><INIT seed="7,0,0,3,0,113" ten="195,265,355,185" oya="3" hai0="94,44,101,91,96,77,97,9,119,73,81,12,122" hai1="86,26,59,107,80,127,75,109,88,46,68,84,87" hai2="100,25,95,34,57,61,14,37,105,41,3,114,104" hai3="76,79,99,115,24,0,85,48,72,13,40,53,120"/><W70/><G120/><T102/><D122/><U130/><E68/><V50/><F3/><W90/><G0/><T67/><D67/><U78/><E109/><V71/><F114/><W98/><G70/><T15/><D15/><U42/><E130/><V30/><F14/><W2/><G2/><T18/><D119/><U128/><E128/><V23/><F34/><W33/><G72/><T124/><D124/><U134/><E134/><V106/><F37/><W45/><G33/><T27/><D27/><U111/><E111/><V129/><F129/><W17/><G24/><T6/><D18/><U62/><E107/><V135/><F135/><W123/><G40/><T28/><D28/><U116/><E26/><V64/><F71/><W10/><G123/><T82/><D82/><U60/><E127/><V103/><F103/><W65/><G65/><T126/><D126/><U83/><E62/><V36/><F36/><W20/><G20/><T5/><D5/><U31/><E31/><V19/><F19/><W55/><G55/><T51/><D97/><N who="3" m="36873" /><G115/><T38/><D38/><U35/><E35/><V66/><F66/><W56/><G56/><T47/><D47/><U11/><E11/><V32/><F32/><W7/><G7/><T117/><D117/><U29/><E116/><V93/><F100/><W8/><G8/><T1/><D1/><U112/><E29/><V118/><F118/><W22/><G22/><T43/><AGARI ba="0,0" hai="6,9,12,43,44,51,73,77,81,91,94,96,101,102" machi="43" ten="20,1500,0" yaku="0,1,7,1" doraHai="113" who="0" fromWho="0" sc="195,15,265,-4,355,-4,185,-7" owari="210,-19.0,261,6.0,351,45.0,178,-32.0" /></mjloggm>