<mjloggm ver="2.3"><GO type="41" lobby="0"/><UN n0="%E3%81%94%E3%82%93%E3%81%96%E3%81%B6%E3%82%8D%E3%83%BC" n1="%6D%69%7A%75%6B%69%73%61" n2="%E5%B0%B1%E6%B4%BB%E7%94%9F%40%E5%B7%9D%E6%9D%91%E8%BB%8D%E5%9B%A3" n3="%E9%A6%99%E3%81%B0%E3%81%97%E3%81%84%E3%82%AA%E3%83%83%E3%82%B5%E3%82%BD" dan="15,13,15,14" rate="2003.35,1882.25,1985.03,1988.73" sx="M,M,M,F"/><TAIKYOKU oya="0"/><INIT seed="0,0,0,3,4,128" ten="250,250,250,250" oya="0" hai0="6,99,114,3,106,48,19,67,125,26,25,123,15" hai1="94,13,129,101,52,56,90,110,57,89,119,68,23" hai2="107,82,118,135,60,75,1,103,58,102,62,76,79" hai3="109,0,131,55,105,97,113,115,21,18,42,64,71"/><T104/><D123/><U31/><E68/><V126/><F1/><W32/><G18/><T37/><D37/><U53/><E129/><V2/><F2/><W117/><G21/><T127/><D114/><U28/><E110/><V20/><F118/><W44/><G55/><T120/><D67/><U84/><E119/><V121/><F121/><W51/><G51/><T4/><D120/><U30/><E101/><V80/><F126/><N who="0" m="48138" /><D48/><U65/><E65/><V66/><F107/><N who="0" m="41002" /><D99/><U5/><E89/><V50/><F50/><W108/><G97/><T61/><D61/><U22/><E5/><N who="0" m="2153" /><D3/><U43/><E43/><V130/><F130/><W74/><G42/><T63/><D63/><N who="1" m="36231" /><E13/><V87/><F62/><AGARI ba="0,0" hai="22,23,28,30,31,53,57,62,84,90,94" m="36231" machi="62" ten="30,2000,0" yaku="8,1,54,1" doraHai="128" who="1" fromWho="2" sc="250,0,250,20,250,-20,250,0" /><INIT seed="1,0,0,2,3,6" ten="250,270,230,250" oya="1" hai0="14,102,70,49,42,30,90,75,55,36,28,124,17" hai1="131,91,118,13,61,100,123,93,109,31,12,127,120" hai2="66,95,18,106,121,107,101,7,67,10,113,62,89" hai3="132,81,128,74,47,51,135,41,77,16,29,24,111"/><U112/><E112/><V99/><F121/><W86/><G74/><T43/><D124/><U40/><E118/><V108/><F113/><W134/><G128/><T129/><D75/><U21/><E127/><V96/><F108/><W69/><G69/><T22/><D70/><U110/><E100/><V38/><F38/><W19/><REACH who="3" step="1"/><G111/><REACH who="3" ten="250,270,230,240" step="2"/><N who="1" m="42506" /><E131/><V114/><F114/><W115/><G115/><T80/><D129/><U94/><E40/><V3/><F107/><W83/><G83/><T59/><D43/><U54/><E94/><V52/><REACH who="2" step="1"/><F18/><REACH who="2" ten="250,270,220,240" step="2"/><W119/><G119/><T0/><D17/><U84/><E123/><V92/><F92/><W56/><G56/><AGARI ba="0,2" hai="3,7,10,52,56,62,66,67,89,95,96,99,101,106" machi="56" ten="40,8000,1" yaku="1,1,52,1,54,1,53,2" doraHai="6" doraHaiUra="60" who="2" fromWho="3" sc="250,0,270,0,220,100,240,-80" /><INIT seed="2,0,0,5,3,134" ten="250,270,320,160" oya="2" hai0="110,28,5,93,101,71,108,19,63,62,130,6,34" hai1="100,12,8,10,91,32,126,46,86,2,87,39,114" hai2="117,120,133,72,75,64,22,21,73,106,135,92,37" hai3="122,128,14,112,103,52,111,85,69,121,88,20,11"/><V132/><F106/><W4/><G69/><T74/><D74/><U38/><E32/><V129/><F129/><W47/><G128/><T15/><D130/><U95/><E114/><V26/><F37/><W80/><G112/><T78/><D78/><U54/><E100/><V76/><F117/><W29/><G111/><N who="0" m="42539" /><D28/><U36/><E2/><V125/><F120/><W48/><G103/><T41/><D41/><U66/><E66/><V9/><F76/><W30/><REACH who="3" step="1"/><G20/><REACH who="3" ten="250,270,320,150" step="2"/><N who="0" m="11391" /><D71/><U25/><E39/><V123/><F22/><W3/><G3/><T115/><D115/><U124/><E36/><V50/><F123/><AGARI ba="0,1" hai="4,11,14,29,30,47,48,52,80,85,88,121,122,123" machi="123" ten="40,5200,0" yaku="1,1,54,2,53,0" doraHai="134" doraHaiUra="104" who="3" fromWho="2" sc="250,0,270,0,320,-52,150,62" /><INIT seed="3,0,0,2,2,13" ten="250,270,268,212" oya="3" hai0="20,18,32,82,88,59,4,102,53,33,70,120,35" hai1="132,119,57,29,66,15,0,87,104,8,45,103,91" hai2="21,83,30,5,76,2,27,92,38,31,74,48,112" hai3="98,79,55,51,14,84,73,125,97,54,24,43,118"/><W96/><G73/><T1/><D120/><U80/><E0/><V123/><F112/><W111/><G118/><T85/><D70/><U75/><E119/><V36/><F123/><W116/><G116/><T47/><D102/><U46/><E132/><V90/><F31/><W129/><G129/><T110/><D110/><U50/><E29/><V26/><F26/><W126/><G24/><T52/><D47/><U11/><E75/><V134/><F134/><W94/><G111/><T44/><D44/><U19/><E8/><V130/><F130/><W62/><G62/><T60/><D53/><U3/><E3/><V77/><F77/><W69/><G69/><T23/><REACH who="0" step="1"/><D18/><REACH who="0" ten="240,270,268,212" step="2"/><U81/><E103/><V17/><F38/><W56/><G54/><T108/><D108/><U28/><E46/><V135/><F36/><W58/><G56/><T64/><D64/><U67/><E57/><V6/><F135/><W127/><G43/><T121/><D121/><U25/><E104/><V42/><F30/><W133/><G133/><T117/><D117/><U65/><E67/><V99/><F42/><W61/><G61/><T71/><D71/><U16/><E19/><V7/><REACH who="2" step="1"/><F48/><REACH who="2" ten="240,270,258,212" step="2"/><W12/><G79/><T114/><D114/><U41/><REACH who="1" step="1"/><E81/><REACH who="1" ten="240,260,258,212" step="2"/><V100/><F100/><W39/><G39/><T10/><AGARI ba="0,3" hai="1,4,10,20,23,32,33,35,52,59,60,82,85,88" machi="10" ten="40,8000,1" yaku="1,1,0,1,54,2,53,0" doraHai="13" doraHaiUra="9" who="0" fromWho="0" sc="240,110,260,-20,258,-20,212,-40" /><INIT seed="4,0,0,1,1,37" ten="350,240,238,172" oya="0" hai0="51,67,53,121,115,34,116,84,125,26,135,81,64" hai1="112,8,93,127,90,4,22,88,61,14,42,92,85" hai2="99,19,57,96,38,9,120,124,122,89,97,25,71" hai3="95,68,102,50,60,132,100,128,134,49,129,56,52"/><T105/><D121/><U74/><E74/><V94/><F71/><W39/><G39/><T48/><D105/><U32/><E32/><V110/><F110/><W117/><G95/><T29/><D116/><U13/><E127/><V114/><F114/><W113/><G117/><T31/><D115/><U86/><E112/><V62/><F124/><W5/><G113/><T15/><D125/><U79/><E79/><V24/><F38/><W106/><G106/><T54/><D29/><U27/><E61/><V36/><F36/><W2/><G5/><T109/><D15/><U75/><E75/><V63/><F63/><W72/><G2/><T10/><D10/><U103/><E103/><V58/><F58/><W82/><G82/><T111/><D135/><N who="3" m="51753" /><G72/><T119/><D119/><U0/><REACH who="1" step="1"/><E42/><REACH who="1" ten="350,230,238,172" step="2"/><V16/><F122/><W12/><G102/><T23/><D34/><U78/><E78/><V17/><F120/><W41/><G100/><T80/><D109/><U3/><E3/><V104/><F104/><W77/><G77/><T118/><D118/><U107/><E107/><V83/><F9/><W47/><G12/><T33/><D33/><U69/><E69/><V44/><F25/><W7/><G7/><T1/><D1/><U21/><E21/><V73/><F24/><W133/><G133/><T43/><D111/><U130/><E130/><N who="3" m="50282" /><G68/><T18/><D26/><U46/><E46/><V45/><F73/><W70/><G70/><T55/><D23/><U101/><E101/><V126/><F126/><W91/><G91/><T6/><D6/><U123/><E123/><V108/><F89/><RYUUKYOKU ba="0,1" sc="350,-15,230,15,238,-15,172,15" hai1="0,4,8,13,14,22,27,85,86,88,90,92,93" hai3="41,47,49,50,52,56,60" /><INIT seed="5,1,1,0,4,68" ten="335,245,223,187" oya="1" hai0="85,116,77,27,108,18,10,64,50,7,75,69,40" hai1="25,127,123,62,80,46,109,3,16,118,82,53,106" hai2="23,86,43,117,19,92,55,124,110,72,48,120,89" hai3="59,29,14,76,102,5,113,88,131,132,36,54,130"/><U33/><E118/><V6/><F110/><W128/><G29/><T71/><D108/><U0/><E123/><V57/><F72/><W35/><G35/><T38/><D116/><U41/><E106/><V49/><F117/><W90/><G113/><T96/><D96/><U87/><E109/><V30/><F120/><W125/><G102/><T65/><D85/><U8/><E127/><V31/><F124/><W81/><G125/><T58/><D18/><U26/><E33/><V74/><F6/><W119/><G119/><T79/><D27/><U13/><E0/><V73/><F73/><W93/><G132/><T15/><D75/><U101/><E101/><V135/><F74/><N who="3" m="43159" /><G5/><T100/><D100/><U20/><E3/><V47/><REACH who="2" step="1"/><F135/><REACH who="2" ten="335,245,213,187" step="2"/><W78/><G131/><T11/><D7/><U105/><E105/><V12/><AGARI ba="1,2" hai="12,19,23,30,31,43,47,48,49,55,57,86,89,92" machi="12" ten="20,12000,2" yaku="1,1,2,1,0,1,7,1,25,2,8,1,53,0" doraHai="68" doraHaiUra="114" who="2" fromWho="2" sc="335,-31,245,-61,213,143,187,-31" /><INIT seed="6,0,0,3,2,4" ten="304,184,356,156" oya="2" hai0="64,89,81,12,44,53,57,14,25,82,111,59,2" hai1="13,129,104,38,24,80,50,66,28,68,20,97,54" hai2="16,99,76,114,37,60,27,130,42,40,112,127,94" hai3="121,113,118,106,0,107,71,47,119,18,98,6,90"/><V67/><F76/><W5/><G47/><T100/><D2/><U73/><E129/><V116/><F116/><W65/><G18/><T85/><D111/><U1/><E1/><V115/><F37/><W124/><G90/><T103/><D25/><U126/><E38/><V123/><F123/><W110/><G98/><T88/><D44/><U11/><E126/><V63/><F127/><W135/><G6/><T52/><D64/><U133/><E133/><V43/><F130/><W72/><G5/><T93/><D85/><U17/><E66/><V56/><F63/><W46/><G46/><T69/><D93/><U83/><E68/><AGARI ba="0,0" hai="12,14,52,53,57,59,68,69,81,82,88,89,100,103" machi="68" ten="25,6400,0" yaku="22,2,54,2" doraHai="4" who="0" fromWho="1" sc="304,64,184,-64,356,0,156,0" /><INIT seed="7,0,0,4,3,10" ten="368,120,356,156" oya="3" hai0="70,24,14,1,104,27,93,129,6,17,85,56,23" hai1="47,133,21,97,46,8,124,9,2,92,41,131,51" hai2="20,119,95,90,94,0,111,89,49,72,83,11,67" hai3="38,22,71,135,29,98,54,99,48,105,44,120,18"/><W40/><G71/><T86/><D70/><U116/><E124/><V112/><F111/><W132/><G120/><T113/><D104/><U74/><E131/><V110/><F110/><W3/><G3/><T82/><D129/><U43/><E74/><V122/><F119/><W15/><G29/><T37/><D37/><U76/><E133/><V125/><F125/><W117/><G117/><T128/><D113/><U78/><E116/><V121/><F112/><W75/><G75/><T126/><D126/><U32/><E32/><V81/><F67/><W26/><G105/><T65/><D6/><U91/><E2/><V84/><F20/><W103/><G103/><T96/><D1/><U36/><E8/><V42/><F42/><W55/><G54/><T4/><D4/><U50/><E36/><V123/><F49/><W19/><G132/><T28/><D82/><U68/><E68/><V87/><F72/><W25/><G25/><N who="0" m="9803" /><D28/><U45/><E21/><V34/><F34/><W35/><G135/><T106/><D106/><U64/><E64/><V59/><F59/><W102/><G102/><N who="0" m="60687" /><D128/><U127/><E127/><V7/><AGARI ba="0,0" hai="0,7,11,81,83,84,87,89,90,94,95,121,122,123" machi="7" ten="40,5200,0" yaku="0,1,9,1,13,1" doraHai="10" who="2" fromWho="2" sc="368,-13,120,-13,356,52,156,-26" owari="355,16.0,107,-39.0,408,50.0,130,-27.0" /></mjloggm>