<mjloggm ver="2.3"><GO type="41" lobby="0"/><UN n0="%E3%82%AA%E3%82%AB%E3%83%AB%E3%83%88%E5%8E%A8" n1="%E5%B0%B1%E6%B4%BB%E7%94%9F%40%E5%B7%9D%E6%9D%91%E8%BB%8D%E5%9B%A3" n2="%E4%BB%B2%E6%9D%91%E3%82%86%E3%82%8A" n3="%6D%72%2E%66%72%6F%6E%74" dan="13,15,14,15" rate="1827.46,1976.80,1985.68,1954.64" sx="M,M,F,F"/><TAIKYOKU oya="0"/><INIT seed="0,0,0,5,3,30" ten="250,250,250,250" oya="0" hai0="82,96,32,27,50,10,49,55,5,33,42,121,41" hai1="67,43,52,9,78,111,69,22,102,40,71,58,14" hai2="128,126,89,79,18,47,90,81,88,80,1,31,60" hai3="68,13,3,117,119,124,125,107,6,101,44,120,113"/><T122/><D96/><U83/><E111/><V130/><F1/><W132/><G113/><T39/><D82/><U17/><E102/><V15/><F31/><W92/><G68/><T46/><D27/><U61/><E9/><V51/><F60/><W7/><G132/><T29/><D29/><U11/><E11/><N who="2" m="6527" /><F126/><N who="3" m="48747" /><G44/><T108/><D108/><U23/><E23/><V110/><F110/><W64/><G64/><T118/><D118/><N who="3" m="45065" /><G92/><T56/><D41/><U38/><E38/><V131/><F79/><W105/><G101/><T123/><REACH who="0" step="1"/><D39/><REACH who="0" ten="240,250,250,250" step="2"/><U86/><REACH who="1" step="1"/><E71/><REACH who="1" ten="240,240,250,250" step="2"/><V12/><F128/><W45/><G120/><T135/><D135/><U8/><E8/><V26/><F130/><W106/><G3/><AGARI ba="0,2" hai="3,5,10,32,33,42,46,49,50,55,56,121,122,123" machi="3" ten="40,7700,0" yaku="1,1,52,2,53,0" doraHai="30" doraHaiUra="20" who="0" fromWho="3" sc="240,97,240,0,250,0,250,-77" /><INIT seed="0,1,0,1,3,19" ten="337,240,250,173" oya="0" hai0="67,26,69,32,119,36,128,18,70,77,34,74,62" hai1="50,4,135,118,15,65,23,79,96,132,66,103,100" hai2="78,64,68,117,88,121,14,33,123,116,129,38,0" hai3="2,92,97,124,59,85,114,86,54,12,72,115,120"/><T53/><D119/><U5/><E118/><V60/><F78/><W99/><G2/><T22/><D128/><U29/><E79/><V131/><F33/><W6/><G72/><T87/><D36/><U17/><E29/><V126/><F38/><W40/><G40/><T109/><D70/><U130/><E130/><N who="2" m="49675" /><F0/><W28/><G28/><T94/><D74/><U1/><E50/><V56/><F88/><N who="3" m="55431" /><G6/><N who="1" m="2666" /><E1/><V44/><F14/><W101/><G12/><T21/><D53/><U45/><E45/><V122/><F44/><W91/><G54/><T27/><D109/><U25/><E103/><V112/><F112/><N who="3" m="43051" /><G59/><T80/><D94/><N who="1" m="58391" /><E135/><V81/><F56/><W90/><G124/><T42/><D42/><U24/><E132/><V83/><F126/><W43/><G43/><T95/><D95/><U55/><E55/><V30/><F30/><AGARI ba="1,0" hai="18,21,22,26,27,30,32,34,62,67,69,77,80,87" machi="30" ten="30,5800,0" yaku="7,1,52,2" doraHai="19" who="0" fromWho="2" sc="337,61,240,0,250,-61,173,0" /><INIT seed="0,2,0,0,1,7" ten="398,240,189,173" oya="0" hai0="0,37,115,79,122,72,104,66,85,89,75,111,109" hai1="98,126,116,118,83,5,100,125,108,17,93,82,2" hai2="73,102,15,80,50,41,120,6,107,55,32,28,130" hai3="40,34,49,92,23,27,64,127,96,59,94,47,110"/><T18/><D37/><U30/><E30/><V77/><F120/><W31/><G110/><N who="0" m="41995" /><D0/><U20/><E5/><V62/><F130/><W95/><G127/><N who="1" m="48650" /><E2/><V103/><F62/><W133/><G133/><T123/><D66/><U70/><E70/><V131/><F131/><W25/><G64/><T76/><D18/><U8/><E8/><V46/><F107/><W44/><G44/><T90/><D104/><U114/><E108/><V132/><F132/><W135/><G59/><T54/><D54/><U91/><E114/><V84/><F73/><N who="0" m="28234" /><D115/><U97/><E20/><V63/><F32/><W38/><G38/><T128/><D128/><U35/><E17/><V78/><F28/><W43/><G43/><T129/><D129/><U26/><E35/><V112/><F112/><W58/><G58/><T22/><D22/><U65/><E26/><V48/><F63/><W19/><REACH who="3" step="1"/><G135/><REACH who="3" ten="398,240,189,163" step="2"/><T53/><D53/><U101/><E65/><V71/><F55/><W12/><G12/><T121/><D90/><AGARI ba="2,1" hai="19,23,25,27,31,34,40,47,49,90,92,94,95,96" machi="90" ten="30,2000,0" yaku="1,1,7,1,53,0" doraHai="7" doraHaiUra="134" who="3" fromWho="0" sc="398,-26,240,0,189,0,163,36" /><INIT seed="1,0,0,2,0,101" ten="372,240,189,199" oya="1" hai0="8,126,18,45,39,41,71,14,111,22,2,25,62" hai1="36,89,124,32,84,58,67,73,90,135,68,128,114" hai2="115,125,40,100,97,0,64,1,123,26,104,6,53" hai3="76,37,5,88,24,56,30,82,133,63,91,27,75"/><U80/><E32/><V9/><F123/><W103/><G37/><T10/><D111/><U105/><E68/><V92/><F125/><W98/><G133/><T29/><D126/><U127/><E36/><V102/><F64/><W129/><G5/><T116/><D116/><U3/><E3/><V47/><F53/><W23/><G27/><T21/><D71/><U85/><E114/><V78/><F78/><W117/><G129/><T65/><D65/><U46/><E73/><V4/><F115/><W96/><G96/><T70/><D70/><U121/><E121/><V54/><F26/><W106/><REACH who="3" step="1"/><G117/><REACH who="3" ten="372,240,189,189" step="2"/><T44/><D2/><U59/><E128/><V79/><F6/><W20/><G20/><T99/><D99/><U134/><E67/><AGARI ba="0,1" hai="23,24,30,56,63,67,75,76,82,88,91,98,103,106" machi="67" ten="30,7700,0" yaku="1,1,7,1,52,1,54,1,53,0" doraHai="101" doraHaiUra="118" who="3" fromWho="1" sc="372,0,240,-77,189,0,189,87" /><INIT seed="2,0,0,1,5,67" ten="372,163,189,276" oya="2" hai0="66,42,41,132,102,26,21,111,53,86,3,34,135" hai1="81,71,109,7,106,87,20,1,17,88,119,131,130" hai2="55,22,10,125,89,75,128,37,82,2,69,74,0" hai3="43,104,57,84,44,65,80,110,52,133,47,28,15"/><V32/><F32/><W91/><G110/><T79/><D3/><U123/><E106/><V129/><F125/><W96/><G133/><T103/><D34/><U6/><E119/><V85/><F37/><W39/><G28/><N who="0" m="17487" /><D66/><U100/><E109/><V45/><F22/><W107/><G65/><T25/><D25/><U124/><E124/><V90/><F69/><W54/><G47/><T117/><D117/><U62/><E100/><V83/><F10/><W23/><G54/><T30/><D30/><U8/><E123/><V27/><F27/><W38/><G38/><T78/><D132/><U105/><E105/><V56/><F45/><W5/><G96/><T13/><D13/><U48/><E48/><V77/><F74/><W35/><G35/><T50/><D135/><U101/><E7/><V116/><F90/><W95/><G80/><N who="0" m="47383" /><D79/><U61/><E101/><N who="0" m="38409" /><D111/><U16/><E17/><V9/><F116/><W120/><G120/><T127/><D127/><U134/><E134/><V76/><F77/><W33/><G33/><T64/><D64/><U4/><E4/><V46/><F0/><W60/><REACH who="3" step="1"/><G23/><REACH who="3" ten="372,163,189,266" step="2"/><T59/><AGARI ba="0,1" hai="41,42,50,53,59" m="38409,47383,17487" machi="59" ten="30,1100,0" yaku="8,1" doraHai="67" who="0" fromWho="0" sc="372,21,163,-3,189,-5,266,-3" /><INIT seed="3,0,0,5,3,21" ten="393,160,184,263" oya="3" hai0="28,104,0,128,37,123,40,1,102,23,66,91,52" hai1="12,121,32,35,30,72,19,68,111,114,20,59,38" hai2="48,92,70,117,98,69,61,6,87,2,134,62,110" hai3="14,101,3,135,108,10,22,90,127,29,34,82,71"/><W53/><G71/><T113/><D123/><U36/><E68/><V116/><F134/><W109/><G101/><T64/><D102/><U79/><E121/><V85/><F48/><W103/><G103/><T126/><D104/><U93/><E114/><V84/><F110/><N who="3" m="42603" /><G53/><T47/><D113/><U94/><E111/><V83/><F83/><W54/><G54/><T73/><D73/><U132/><E72/><V119/><F6/><N who="3" m="1375" /><G135/><T95/><D128/><U78/><E132/><V11/><F11/><W8/><G90/><T74/><D126/><U107/><E107/><V115/><F2/><W4/><G82/><T63/><D74/><U60/><E36/><V131/><F115/><W46/><G46/><T15/><D0/><U50/><E38/><V96/><F131/><W122/><G122/><T57/><D1/><U86/><E50/><V89/><F69/><W80/><G80/><T67/><D15/><U7/><E7/><V112/><F70/><W100/><G100/><T24/><REACH who="0" step="1"/><D67/><REACH who="0" ten="383,160,184,263" step="2"/><U58/><E12/><V16/><F112/><W45/><G127/><T18/><D18/><U77/><E19/><V125/><F16/><N who="3" m="10519" /><G29/><T39/><D39/><U42/><E30/><V55/><F125/><W88/><G34/><T33/><D33/><U133/><E35/><V76/><F117/><W43/><G4/><T56/><D56/><U75/><E32/><V118/><F119/><W105/><G105/><T120/><D120/><U13/><E75/><V51/><F118/><W81/><G45/><T5/><D5/><U31/><E59/><N who="2" m="33279" /><F116/><W17/><G17/><T65/><D65/><RYUUKYOKU ba="0,1" sc="383,30,160,-10,184,-10,263,-10" hai0="23,24,28,37,40,47,52,57,63,64,66,91,95" /><INIT seed="4,1,1,0,4,7" ten="413,150,174,253" oya="0" hai0="75,69,5,119,82,64,49,38,118,85,130,61,41" hai1="96,37,113,20,134,52,105,31,73,51,124,127,79" hai2="25,97,117,74,132,71,44,11,0,112,65,48,126" hai3="133,8,34,55,40,6,109,114,81,53,59,80,14"/><T84/><D75/><U120/><E37/><V16/><F74/><W101/><G109/><T93/><D38/><U89/><E120/><V100/><F112/><W87/><G114/><T27/><D5/><U123/><E123/><V78/><F117/><W18/><G133/><T90/><D27/><N who="1" m="16871" /><E134/><V111/><F78/><W36/><G34/><T63/><D63/><U94/><E105/><V9/><F126/><N who="1" m="48169" /><E113/><V92/><F132/><W95/><G36/><T70/><D70/><U56/><E73/><V76/><F76/><AGARI ba="1,1" hai="51,52,56,76,79,89,94,96" m="48169,16871" machi="76" ten="30,2000,0" yaku="18,1,54,1" doraHai="7" who="1" fromWho="2" sc="413,0,150,33,174,-23,253,0" /><INIT seed="5,0,0,4,5,132" ten="413,183,151,253" oya="1" hai0="58,121,48,93,8,80,62,135,115,125,57,71,36" hai1="96,126,75,3,89,56,64,77,61,86,7,65,92" hai2="22,78,90,109,49,118,12,128,111,116,25,19,16" hai3="131,32,91,97,94,44,63,28,84,82,60,54,85"/><U17/><E75/><V68/><F68/><W21/><G131/><T117/><D121/><U124/><E65/><V72/><F90/><W74/><G32/><T73/><D36/><U87/><E7/><V11/><F49/><W29/><G74/><T26/><D71/><U50/><E3/><V30/><F78/><W100/><G85/><T133/><D117/><N who="2" m="45162" /><F72/><W114/><G114/><T14/><D73/><U51/><E17/><N who="2" m="6731" /><F128/><W108/><G108/><T10/><D26/><U13/><E13/><V104/><F104/><W23/><G44/><T18/><D8/><U66/><E66/><V55/><F55/><W98/><G98/><T106/><D106/><U33/><E33/><V37/><F37/><W34/><G34/><T35/><D115/><U4/><E4/><AGARI ba="0,0" hai="4,11,12,22,25,30,109,111" m="6731,45162" machi="4" ten="30,3900,0" yaku="34,2,54,1" doraHai="132" who="2" fromWho="1" sc="413,0,183,-39,151,39,253,0" /><INIT seed="6,0,0,0,0,91" ten="413,144,190,253" oya="2" hai0="2,75,85,82,52,8,31,25,26,36,46,22,86" hai1="97,125,58,45,66,130,40,102,114,33,49,76,109" hai2="43,77,19,42,54,30,90,80,37,108,65,64,28" hai3="69,133,1,53,62,9,5,12,89,48,6,100,71"/><V55/><F37/><W27/><G133/><T120/><D120/><U131/><E33/><V60/><F108/><W95/><G100/><T20/><D75/><U99/><E109/><V17/><F90/><W107/><G107/><T84/><D2/><U57/><E114/><V35/><F35/><W63/><G69/><T88/><D8/><U93/><E125/><V7/><F60/><W70/><G70/><T32/><D32/><U16/><E76/><V38/><F38/><W111/><G111/><T67/><D67/><U106/><E16/><V105/><F105/><W47/><G71/><T110/><D110/><U94/><E106/><V123/><F123/><W0/><G27/><T81/><D81/><U122/><E122/><V11/><F80/><W59/><G6/><T61/><D36/><U124/><E124/><V34/><F34/><W117/><G62/><T44/><D44/><U74/><E74/><V83/><F83/><W14/><G0/><T115/><D115/><U126/><E126/><V103/><F11/><W29/><G29/><N who="0" m="17575" /><D61/><U101/><REACH who="1" step="1"/><E66/><REACH who="1" ten="413,134,190,253" step="2"/><V3/><F77/><W113/><G113/><T68/><D68/><U112/><E112/><V15/><F17/><W98/><G117/><T79/><D79/><U87/><E87/><V73/><F73/><W4/><G4/><T129/><D85/><U13/><E13/><V21/><F64/><AGARI ba="0,1" hai="1,5,9,12,14,47,48,53,59,63,64,89,95,98" machi="64" ten="30,2000,0" yaku="7,1,52,1" doraHai="91" who="3" fromWho="2" sc="413,0,134,0,190,-20,253,30" /><INIT seed="7,0,0,1,3,50" ten="413,134,170,283" oya="3" hai0="115,111,32,27,79,12,58,22,99,69,77,73,45" hai1="3,93,118,38,88,64,81,40,132,68,41,125,63" hai2="59,80,94,106,85,26,55,124,84,7,86,92,60" hai3="97,112,0,74,24,37,57,119,65,98,16,126,110"/><W2/><G37/><T46/><D69/><U134/><E3/><V121/><F106/><W120/><G74/><T105/><D111/><U30/><E30/><V1/><F121/><W67/><G57/><T133/><D32/><U95/><E118/><V15/><F1/><W39/><G39/><T90/><D12/><U18/><E125/><V89/><F124/><W29/><G29/><T17/><D133/><U36/><E81/><V21/><F80/><W107/><G126/><T43/><D73/><U102/><E38/><V127/><F127/><W130/><G65/><T78/><D115/><U66/><E66/><V123/><F123/><W25/><G67/><T48/><D105/><U91/><E102/><V19/><F94/><W11/><G107/><T108/><D45/><U87/><E18/><N who="2" m="12599" /><F7/><N who="3" m="1511" /><G2/><T4/><D4/><U13/><E13/><V28/><F28/><W96/><G120/><T82/><D108/><U33/><E33/><V35/><F35/><W56/><G119/><T103/><D103/><U52/><E52/><V109/><F109/><W49/><G110/><T62/><D99/><U116/><E116/><V61/><F61/><W100/><G100/><T53/><D77/><U34/><E34/><V14/><F14/><W122/><G122/><T75/><D75/><U114/><E114/><V101/><F101/><W6/><G6/><T8/><D8/><AGARI ba="0,0" hai="8,15,19,55,59,60,84,85,86,89,92" m="12599" machi="8" ten="30,2000,0" yaku="8,1,52,1" doraHai="50" who="2" fromWho="0" sc="413,-20,134,0,170,20,283,0" owari="393,50.0,134,-37.0,190,-21.0,283,8.0" /></mjloggm>