<mjloggm ver="2.3"><GO type="97" lobby="0"/><UN n0="%E5%85%A8%E3%83%84%E5%85%A8%E9%B3%B4%E3%81%8D%E3%81%AE%E7%A5%9E" n1="%E3%81%8B%E3%82%93%E3%81%BF%E3%81%AD" n2="%E3%83%88%E3%83%88%E3%83%AA%E5%85%88%E7%94%9F%31%39%E6%AD%B3" n3="%E6%9C%88%E3%83%9F%E7%85%A7%E2%98%86" dan="15,15,14,13" rate="1968.78,2007.74,2037.00,1987.22" sx="M,M,F,M"/><TAIKYOKU oya="0"/><INIT seed="0,0,0,0,2,95" ten="250,250,250,250" oya="0" hai0="10,97,2,120,90,113,1,57,132,80,119,15,7" hai1="130,4,81,131,109,125,128,56,45,74,91,133,76" hai2="12,67,135,61,65,35,103,54,111,79,23,62,58" hai3="19,24,18,52,13,21,98,78,6,16,38,31,108"/><T69/><D120/><U88/><E109/><V107/><F35/><W127/><G38/><T115/><D119/><U59/><E125/><V68/><F111/><W28/><G108/><T105/><D132/><U30/><E133/><V84/><F135/><W66/><G127/><T14/><D69/><U77/><E30/><N who="3" m="11306" /><G66/><T123/><D123/><U92/><E4/><V47/><F47/><W36/><G36/><T106/><D57/><N who="1" m="22091" /><E45/><V34/><F34/><W117/><G117/><T89/><D80/><N who="1" m="45079" /><E92/><V102/><F67/><W46/><G78/><T118/><D118/><U112/><E112/><V63/><F63/><W101/><G101/><T71/><D71/><U43/><E43/><V129/><F107/><W99/><G6/><T33/><D7/><U37/><E37/><V22/><F103/><W27/><G27/><T50/><D33/><U17/><E17/><N who="3" m="6762" /><G24/><T70/><D70/><U96/><E96/><V29/><F102/><W116/><G116/><T72/><D72/><AGARI ba="0,0" hai="72,77,81,88,91,128,130,131" m="45079,22091" machi="72" ten="30,2000,0" yaku="19,1,54,1" doraHai="95" who="1" fromWho="0" sc="250,-20,250,20,250,0,250,0" /><INIT seed="1,0,0,4,0,135" ten="230,270,250,250" oya="1" hai0="38,81,61,3,104,23,19,121,28,109,46,95,129" hai1="64,86,62,90,10,16,42,107,5,52,98,30,60" hai2="56,126,47,63,130,123,79,69,49,114,76,128,99" hai3="119,133,93,7,43,12,97,78,100,58,6,0,21"/><U118/><E118/><V124/><F123/><W35/><G35/><T103/><D121/><U77/><E30/><V102/><F69/><W108/><G133/><T73/><D129/><N who="2" m="49770" /><F114/><W131/><G0/><T120/><D120/><U45/><E77/><N who="2" m="29771" /><F56/><W83/><G131/><T117/><D117/><U50/><E107/><N who="2" m="63967" /><F63/><W57/><G43/><AGARI ba="0,0" hai="43,47,49,124,126" m="63967,29771,49770" machi="43" ten="30,3900,0" yaku="19,1,52,2" doraHai="135" who="2" fromWho="3" sc="230,0,270,0,250,39,250,-39" /><INIT seed="2,0,0,5,0,78" ten="230,270,289,211" oya="2" hai0="102,6,30,67,110,5,96,106,73,21,49,57,29" hai1="130,76,134,66,86,59,43,108,80,10,61,28,18" hai2="100,94,62,129,99,23,84,126,70,20,34,71,135" hai3="48,88,58,19,56,2,93,75,16,109,87,133,9"/><V107/><F129/><W114/><G109/><T123/><D110/><U37/><E108/><V113/><F113/><W69/><G69/><T26/><D73/><U55/><E130/><V33/><F135/><W92/><G75/><T124/><D124/><U46/><E134/><V38/><F38/><W85/><G133/><T64/><D123/><U53/><REACH who="1" step="1"/><E28/><REACH who="1" ten="230,260,289,211" step="2"/><V32/><F126/><W63/><G114/><T41/><D30/><U117/><E117/><V60/><F71/><W115/><G115/><T83/><D29/><U35/><E35/><V65/><F34/><W47/><G2/><T112/><D112/><U121/><E121/><V11/><F33/><W31/><G31/><T14/><D5/><U15/><AGARI ba="0,1" hai="10,15,18,37,43,46,53,55,59,61,66,76,80,86" machi="15" ten="30,7900,0" yaku="1,1,0,1,52,1,53,1" doraHai="78" doraHaiUra="81" who="1" fromWho="1" sc="230,-20,260,89,289,-39,211,-20" /><INIT seed="3,0,0,5,2,2" ten="210,349,250,191" oya="3" hai0="79,4,17,60,118,92,0,56,62,24,122,131,52" hai1="40,33,99,93,31,48,16,49,83,41,82,75,81" hai2="3,71,14,15,96,29,38,42,25,106,22,27,112" hai3="54,21,23,12,8,89,66,86,34,18,68,95,67"/><W84/><G34/><T1/><D118/><U114/><E114/><V6/><F112/><W133/><G133/><T100/><D122/><U94/><E75/><V13/><F71/><W87/><G68/><T125/><D125/><U132/><E132/><V88/><F38/><W44/><G67/><T53/><D131/><U9/><E33/><V101/><F42/><N who="1" m="16489" /><E31/><V64/><F64/><W111/><G111/><T128/><D128/><U51/><E99/><V39/><F39/><W77/><G66/><T102/><D79/><U97/><E97/><V76/><F76/><W50/><REACH who="3" step="1"/><G77/><REACH who="3" ten="210,349,250,181" step="2"/><T10/><D0/><U35/><E35/><V69/><F69/><W63/><G63/><T5/><D62/><U59/><E59/><V135/><F135/><W7/><G7/><T127/><D5/><U32/><E32/><V28/><F3/><W123/><G123/><T126/><D127/><U70/><E70/><V98/><F6/><W108/><G108/><T91/><D126/><U55/><E55/><V43/><F43/><W36/><G36/><T74/><D74/><U58/><E58/><V47/><F47/><W37/><G37/><T72/><D72/><U103/><E103/><V11/><F101/><W134/><G134/><T121/><D53/><U19/><E19/><V46/><F46/><W65/><G65/><T113/><D121/><U61/><E61/><V80/><F29/><W109/><G109/><T73/><D73/><U116/><E116/><V124/><F28/><W130/><G130/><T110/><D110/><U30/><E30/><N who="2" m="17719" /><F124/><W90/><G90/><T104/><D113/><RYUUKYOKU ba="0,1" sc="210,-15,349,15,250,-15,181,15" hai1="9,16,48,49,51,81,82,83,93,94" hai3="8,12,18,21,23,44,50,54,84,86,87,89,95" /><INIT seed="3,1,1,3,0,36" ten="195,364,235,196" oya="3" hai0="117,57,69,115,65,67,110,123,133,13,90,84,20" hai1="51,47,85,16,79,58,116,39,77,101,68,107,72" hai2="97,112,26,121,44,76,7,34,17,50,124,45,108" hai3="126,63,96,0,127,103,134,30,25,129,40,3,9"/><W5/><G3/><T86/><D117/><U109/><E116/><V2/><F112/><W33/><G134/><T54/><D123/><U73/><E68/><V56/><F121/><W21/><G129/><T23/><D115/><U74/><E39/><V92/><F108/><W42/><G63/><T106/><D106/><U114/><E114/><V95/><F124/><N who="3" m="47659" /><G33/><T111/><D133/><U93/><E107/><AGARI ba="1,1" hai="0,5,9,21,25,30,40,42,96,103,107" m="47659" machi="107" ten="30,5800,0" yaku="18,1,52,2" doraHai="36" who="3" fromWho="1" sc="195,0,364,-61,235,0,196,71" /><INIT seed="3,2,0,1,3,62" ten="195,303,235,267" oya="3" hai0="85,25,31,1,133,101,127,33,4,100,46,60,11" hai1="118,124,106,21,59,5,0,22,76,112,30,40,126" hai2="36,20,52,63,111,130,131,82,6,87,134,77,51" hai3="114,3,108,116,39,66,123,9,83,73,91,13,17"/><W55/><G116/><T37/><D133/><U57/><E118/><V92/><F36/><W12/><G39/><T29/><D127/><N who="1" m="48683" /><E106/><V94/><F134/><W2/><G123/><T99/><D31/><U86/><E112/><V120/><F111/><W135/><G135/><T67/><D85/><U15/><E0/><V61/><F120/><W42/><G42/><T7/><D7/><U28/><E40/><V84/><F6/><W32/><G32/><T121/><D121/><U27/><E30/><V93/><F20/><W98/><G55/><T44/><D37/><U69/><E69/><V16/><F16/><W34/><G34/><T96/><D96/><U72/><E72/><V53/><F84/><W113/><G73/><T64/><D101/><U115/><E115/><V117/><F117/><W132/><G108/><T75/><D75/><U41/><E41/><V70/><F53/><W109/><G109/><T24/><D24/><U97/><E97/><V45/><REACH who="2" step="1"/><F70/><REACH who="2" ten="195,303,225,267" step="2"/><W47/><G132/><T90/><D90/><U26/><E5/><V104/><F104/><W43/><G114/><T125/><D125/><U128/><E26/><V119/><F119/><W19/><G113/><T88/><D88/><U18/><E128/><AGARI ba="2,1" hai="45,51,52,61,63,77,82,87,92,93,94,128,130,131" machi="128" ten="40,8000,1" yaku="1,1,19,1,54,1,53,2" doraHai="62" doraHaiUra="56" who="2" fromWho="1" sc="195,0,303,-86,225,96,267,0" owari="195,-30.0,217,-18.0,321,41.0,267,7.0" /></mjloggm>