<mjloggm ver="2.3"><GO type="225" lobby="0"/><UN n0="%E3%83%88%E3%83%88%E3%83%AA%E5%85%88%E7%94%9F%31%39%E6%AD%B3" n1="%E4%BC%9D%E8%AA%AC%E3%81%AE%E3%81%B2%E3%82%88%E3%81%93" n2="%74%61%6E%61%4B%61" n3="%E3%81%BF%E3%81%A3%E3%81%A4%E3%81%83%EF%BD%9E" dan="17,16,17,18" rate="2135.91,2120.99,2175.73,2232.36" sx="F,F,M,F"/><TAIKYOKU oya="0"/><INIT seed="0,0,0,4,5,128" ten="250,250,250,250" oya="0" hai0="102,2,10,22,76,9,55,111,121,95,38,57,91" hai1="89,51,125,109,24,26,81,40,36,13,107,69,80" hai2="92,17,66,119,108,93,29,21,1,31,53,39,115" hai3="71,11,77,126,113,122,74,106,56,120,54,70,59"/><T45/><D121/><N who="3" m="46697" /><G106/><T50/><D111/><U100/><E69/><N who="3" m="26122" /><G74/><T124/><D124/><U78/><E24/><V134/><F115/><W67/><G77/><T72/><D102/><U28/><E13/><V27/><F108/><W48/><G11/><T135/><D135/><U87/><E36/><V123/><F123/><W116/><G113/><T94/><D94/><U101/><E125/><V79/><F1/><W49/><G126/><T6/><D9/><U86/><E107/><V75/><F75/><W46/><G116/><T25/><D76/><U127/><E109/><V90/><F79/><W114/><G114/><T37/><D45/><U12/><E127/><V63/><F93/><W34/><G34/><T20/><D72/><U61/><E61/><V3/><F3/><W52/><G67/><T84/><REACH who="0" step="1"/><D20/><REACH who="0" ten="240,250,250,250" step="2"/><U82/><E100/><V43/><F21/><W47/><AGARI ba="0,1" hai="46,47,48,49,52,54,56,59" m="26122,46697" machi="47" ten="40,8000,1" yaku="13,1,34,2,54,1" doraHai="128" who="3" fromWho="3" sc="240,-40,250,-20,250,-20,250,90" /><INIT seed="1,0,0,5,1,8" ten="200,230,230,340" oya="1" hai0="22,71,51,12,127,120,0,10,103,70,1,107,65" hai1="126,21,69,135,110,83,100,114,72,94,67,46,26" hai2="112,16,131,123,90,61,113,98,55,101,32,60,80" hai3="20,29,117,74,40,115,42,111,86,7,45,13,28"/><U4/><E114/><N who="2" m="44139" /><F123/><W50/><G74/><T35/><D35/><U130/><E130/><V97/><F32/><W6/><G115/><T3/><D120/><U49/><E135/><V63/><F131/><W37/><G117/><T77/><D127/><U17/><E126/><V79/><F90/><W99/><G111/><T73/><D22/><U128/><E128/><V39/><F39/><W92/><G37/><T62/><D51/><U31/><E110/><V15/><F55/><W19/><G42/><T44/><D44/><U133/><E133/><V122/><F101/><W93/><G86/><T24/><D24/><U106/><E106/><V121/><F121/><W66/><G93/><T89/><D89/><U118/><E118/><V56/><F56/><W38/><G66/><T81/><D103/><U132/><E67/><V75/><F122/><W43/><G43/><T108/><D107/><U11/><E69/><V76/><F76/><W9/><G38/><T14/><D108/><U125/><E132/><V58/><F58/><W124/><G124/><T30/><D71/><U2/><E125/><V129/><F129/><W48/><G48/><T57/><D70/><U64/><E64/><V104/><F104/><W23/><G92/><T134/><D134/><U41/><E100/><V34/><F34/><W5/><G99/><T59/><D59/><U109/><E109/><V82/><F82/><W91/><G91/><T47/><D47/><U36/><E94/><V119/><F119/><W96/><G96/><T27/><D10/><AGARI ba="0,0" hai="10,15,16,60,61,63,75,79,80,97,98" m="44139" machi="10" ten="30,3900,0" yaku="11,1,52,1,54,1" doraHai="8" who="2" fromWho="0" sc="200,-39,230,0,230,39,340,0" /><INIT seed="2,0,0,5,4,49" ten="161,230,269,340" oya="2" hai0="33,55,28,119,46,48,88,71,2,92,106,75,100" hai1="108,41,133,30,19,12,9,47,56,123,16,27,91" hai2="115,98,32,132,110,25,67,124,60,94,72,14,22" hai3="61,102,85,62,87,23,20,126,80,29,93,63,107"/><V42/><F115/><W26/><G107/><T131/><D2/><U113/><E113/><V109/><F72/><W66/><G126/><T76/><D71/><U111/><E133/><V128/><F132/><W117/><G117/><T21/><D33/><U6/><E123/><V51/><F124/><W5/><G5/><T8/><D119/><U89/><E89/><V10/><F32/><W122/><G23/><T97/><D131/><U101/><E91/><V39/><F39/><W52/><G66/><T17/><D8/><U82/><E82/><V0/><F0/><W40/><G40/><T112/><D112/><U103/><E101/><N who="2" m="60631" /><F51/><W96/><G122/><T81/><D28/><U121/><E103/><V69/><F42/><W78/><G87/><T116/><D116/><U114/><E114/><V86/><F86/><W1/><G1/><T58/><D46/><U79/><E121/><V45/><F45/><W44/><G44/><T15/><REACH who="0" step="1"/><D88/><REACH who="0" ten="151,230,269,340" step="2"/><U74/><E47/><V104/><F128/><W57/><AGARI ba="0,1" hai="20,26,29,52,57,61,62,63,78,80,85,93,96,102" machi="57" ten="30,7900,0" yaku="0,1,8,1,52,1,54,1" doraHai="49" who="3" fromWho="3" sc="151,-20,230,-20,269,-39,340,89" /><INIT seed="3,0,0,2,0,81" ten="131,210,230,429" oya="3" hai0="77,129,68,15,57,97,65,127,86,80,74,76,39" hai1="108,118,5,89,99,106,42,110,83,44,22,35,103" hai2="117,2,70,17,0,124,61,79,59,55,60,34,11" hai3="112,3,114,43,71,125,121,105,123,122,21,78,91"/><W93/><G71/><T32/><D39/><U52/><E35/><V133/><F117/><W85/><G3/><T104/><D32/><U130/><E5/><V27/><F124/><W37/><G37/><T64/><D68/><U1/><E1/><V10/><F133/><W38/><G38/><T23/><D127/><U24/><E130/><V36/><F36/><W46/><G21/><T58/><D129/><U53/><E118/><V28/><F79/><W69/><G46/><T4/><D74/><U135/><E135/><V84/><F84/><N who="3" m="52455" /><G43/><T54/><D77/><U119/><E89/><V132/><F132/><W16/><G16/><N who="0" m="10655" /><D104/><U50/><E83/><V63/><F2/><W13/><G13/><T40/><D40/><U101/><E101/><V116/><F116/><W29/><G29/><T102/><D4/><U126/><E119/><V41/><F41/><W75/><G69/><T120/><D120/><U56/><E56/><N who="0" m="21609" /><D54/><U51/><E126/><V8/><F70/><W6/><G6/><T115/><D115/><N who="3" m="44073" /><G125/><T12/><D12/><U72/><E72/><V134/><F134/><W109/><G105/><T67/><D97/><U30/><E42/><V45/><F0/><W111/><G75/><T131/><D131/><U88/><E53/><V87/><F55/><W62/><G62/><T94/><D102/><U66/><E52/><V82/><F61/><W25/><G25/><T92/><D76/><U90/><E99/><V100/><F60/><W33/><G33/><T107/><D107/><U73/><E106/><V20/><F63/><W49/><G49/><N who="1" m="18442" /><E73/><V96/><F34/><RYUUKYOKU ba="0,0" sc="131,15,210,-15,230,-15,429,15" hai0="64,65,67,80,86,92,94" hai3="78,85,109,111,121,122,123" owari="146,-35.0,195,-20.0,215,2.0,444,53.0" /></mjloggm>