<mjloggm ver="2.3"><GO type="169" lobby="0"/><UN n0="%E3%83%9E%E3%82%AA%E3%83%8A%E3%83%A2%E3%83%9F" n1="%E9%BA%BB%E7%94%9F%E9%9B%80%E5%AD%90" n2="%E6%A1%9C%E7%94%B0%E3%83%8F%E3%83%AB" n3="%E3%82%A6%E3%83%AB%E3%83%88%E3%83%A9%E7%AB%8B%E7%9B%B4" dan="16,16,16,18" rate="2101.15,2137.48,2110.75,2196.69" sx="M,F,F,M"/><TAIKYOKU oya="0"/><INIT seed="0,0,0,4,1,71" ten="250,250,250,250" oya="0" hai0="115,77,1,60,68,35,87,7,67,89,79,52,26" hai1="61,56,22,110,47,19,43,20,83,130,134,106,86" hai2="85,25,0,99,30,46,58,59,119,98,49,42,4" hai3="116,97,100,39,120,107,132,113,104,124,131,96,36"/><T57/><D115/><U31/><E106/><V48/><F119/><W63/><G116/><T88/><D89/><U45/><E110/><V69/><F69/><W91/><G113/><T94/><D1/><U16/><E130/><V32/><F85/><W82/><G131/><T118/><D118/><U29/><E134/><V55/><F4/><W92/><G132/><T84/><D7/><U3/><E3/><V54/><REACH who="2" step="1"/><F0/><REACH who="2" ten="250,250,240,250" step="2"/><W33/><G120/><T51/><REACH who="0" step="1"/><D84/><REACH who="0" ten="240,250,240,250" step="2"/><U12/><E86/><V14/><F14/><W24/><G100/><T122/><D122/><U105/><E12/><V73/><F73/><W80/><G91/><T135/><D135/><U70/><E83/><V125/><F125/><W111/><G82/><T133/><D133/><U102/><E102/><V108/><F108/><W53/><G80/><T21/><D21/><U129/><E22/><V126/><F126/><W95/><G124/><T38/><D38/><AGARI ba="0,2" hai="25,30,32,38,42,46,48,49,54,55,58,59,98,99" machi="38" ten="30,12000,2" yaku="1,1,7,1,9,1,52,1,53,2" doraHai="71" doraHaiUra="44" who="2" fromWho="0" sc="240,-120,250,0,240,140,250,0" /><INIT seed="1,0,0,5,3,130" ten="120,250,380,250" oya="1" hai0="116,78,82,95,23,6,7,45,25,33,22,126,48" hai1="2,63,70,99,90,39,80,88,72,43,77,105,49" hai2="10,46,55,8,112,26,97,96,15,115,84,64,74" hai3="132,20,131,34,17,57,30,56,27,98,19,67,79"/><U110/><E39/><V5/><F74/><W11/><G131/><T124/><D116/><U117/><E117/><V37/><F64/><W76/><G34/><T127/><D33/><U75/><E2/><V53/><F26/><W41/><G41/><T114/><D114/><U59/><E70/><V86/><F37/><W9/><G98/><T21/><D25/><U123/><E123/><V89/><F46/><W91/><G91/><T4/><D95/><U66/><E72/><V102/><F102/><W120/><G120/><T68/><D68/><U0/><E0/><V29/><F15/><W44/><G44/><T135/><D135/><U18/><E110/><V32/><F32/><W51/><G132/><T106/><D106/><U52/><E43/><V65/><F65/><W3/><G3/><T35/><D35/><U121/><E121/><V62/><F62/><W40/><G40/><T134/><D134/><U42/><E42/><V54/><F29/><W1/><G1/><T119/><D119/><U107/><E18/><V14/><F8/><N who="3" m="3147" /><G67/><T92/><D92/><U103/><REACH who="1" step="1"/><E107/><REACH who="1" ten="120,240,380,250" step="2"/><V118/><F118/><W83/><G17/><T24/><D24/><U125/><E125/><V111/><F111/><W28/><G19/><T93/><D126/><U85/><E85/><V133/><F86/><W58/><G28/><T60/><D124/><U100/><E100/><V129/><F133/><W101/><G101/><T50/><D127/><U36/><E36/><V87/><F87/><W94/><G30/><T71/><D71/><U108/><E108/><V109/><F109/><W13/><G27/><RYUUKYOKU ba="0,1" sc="120,-10,240,30,380,-10,250,-10" hai1="49,52,59,63,66,75,77,80,88,90,99,103,105" /><INIT seed="1,1,1,5,5,9" ten="110,270,370,240" oya="1" hai0="26,21,10,96,32,55,70,73,78,38,101,106,123" hai1="6,57,130,86,8,47,135,120,19,4,56,28,134" hai2="105,112,12,108,94,48,131,111,35,99,18,61,54" hai3="126,71,17,88,66,46,113,97,44,11,89,3,117"/><U40/><E120/><V68/><F105/><W128/><G113/><T100/><D123/><U115/><E28/><V22/><F112/><W15/><G126/><T43/><D32/><U102/><E115/><V20/><F35/><W13/><G3/><T16/><D100/><U24/><E102/><V114/><F114/><W60/><G128/><T2/><D70/><U75/><E130/><V121/><F131/><W49/><G117/><T42/><D38/><U83/><E75/><V81/><F81/><W129/><G129/><T33/><D33/><U29/><E19/><V118/><F118/><W125/><G125/><T25/><D25/><U72/><E72/><V110/><F61/><W59/><G71/><T91/><D91/><N who="3" m="34889" /><G97/><T82/><REACH who="0" step="1"/><D55/><REACH who="0" ten="100,270,370,240" step="2"/><U79/><E24/><V69/><F121/><W37/><G37/><T76/><D76/><U34/><E34/><V98/><F68/><W5/><G49/><T31/><D31/><U64/><E29/><V90/><F69/><W0/><G0/><T84/><D84/><U109/><E86/><V51/><F51/><W116/><G116/><T52/><D52/><U104/><E79/><V122/><F122/><W14/><G5/><AGARI ba="1,2" hai="2,5,10,16,21,26,42,43,73,78,82,96,101,106" machi="5" ten="40,5200,0" yaku="1,1,54,1,53,1" doraHai="9" doraHaiUra="1" who="0" fromWho="3" sc="100,75,270,0,370,0,240,-55" /><INIT seed="2,0,0,5,5,102" ten="175,270,370,185" oya="2" hai0="57,112,62,35,46,68,39,54,0,44,12,74,81" hai1="31,51,132,13,111,25,72,71,21,11,61,93,29" hai2="49,42,120,133,123,122,118,69,73,36,96,52,101" hai3="8,65,82,70,75,85,50,14,94,16,79,10,134"/><V91/><F118/><W22/><G134/><T3/><D112/><U5/><E72/><V9/><F133/><W67/><G70/><T15/><D35/><U43/><E132/><V53/><F73/><W17/><G50/><T129/><D129/><U78/><E111/><V34/><F34/><W83/><G94/><T63/><D46/><U117/><E117/><V109/><F69/><W119/><G119/><T4/><D3/><U108/><E108/><V2/><F109/><W55/><G55/><T45/><D45/><U92/><E31/><V27/><F36/><W104/><G104/><T114/><D114/><U77/><E61/><V130/><F130/><W126/><G126/><T18/><D18/><U60/><E60/><V26/><F42/><W58/><G58/><T56/><D68/><U28/><E28/><V131/><F91/><W127/><G127/><T7/><D7/><U33/><E33/><V64/><F64/><W76/><REACH who="3" step="1"/><G8/><REACH who="3" ten="175,270,370,175" step="2"/><N who="0" m="2055" /><D57/><U115/><E71/><V103/><F131/><W98/><G98/><T105/><D105/><U99/><E92/><V87/><F96/><W88/><G88/><T40/><D62/><U100/><E115/><V6/><F120/><W113/><G113/><T128/><D128/><U110/><E110/><V124/><F124/><W125/><G125/><T19/><D54/><U106/><E106/><V47/><F53/><W86/><G86/><T32/><D56/><U116/><E116/><V1/><F122/><W20/><G20/><N who="0" m="11367" /><D63/><U84/><E84/><V37/><F87/><W48/><G48/><T24/><D32/><U23/><E23/><RYUUKYOKU ba="0,1" sc="175,-15,270,15,370,-15,175,15" hai1="5,11,13,21,25,29,43,51,77,78,93,99,100" hai3="10,14,16,17,22,65,67,75,76,79,82,83,85" /><INIT seed="3,1,1,0,4,41" ten="160,285,355,190" oya="3" hai0="25,131,2,59,48,114,105,55,44,103,82,89,90" hai1="85,62,100,61,6,81,71,87,109,75,118,92,7" hai2="94,67,27,104,58,19,83,119,9,32,5,133,39" hai3="111,26,120,130,51,125,73,46,79,122,31,37,33"/><W113/><G113/><T123/><D123/><U20/><E109/><V0/><F39/><W74/><G51/><T28/><D131/><U80/><E75/><N who="3" m="28682" /><G79/><T42/><D114/><U47/><E71/><V70/><F104/><W22/><G22/><T63/><D2/><U34/><E34/><V127/><F119/><W30/><G30/><T117/><D117/><U43/><E20/><V45/><F70/><W52/><G52/><T106/><D103/><U99/><E118/><V116/><F116/><W36/><G130/><T17/><D17/><U21/><E21/><V40/><F94/><W24/><G24/><T135/><D135/><U102/><E43/><V76/><F133/><W72/><N who="3" m="28690" /><W69/><DORA hai="12" /><G69/><T65/><D89/><U96/><E92/><V93/><F93/><W126/><G111/><T86/><REACH who="0" step="1"/><D65/><REACH who="0" ten="150,285,355,190" step="2"/><U107/><E107/><V129/><F67/><W66/><G66/><T132/><D132/><U13/><E13/><V10/><F129/><W23/><G122/><T56/><D56/><U57/><E57/><V84/><F58/><W53/><G120/><T8/><D8/><U115/><E115/><V68/><F10/><W77/><G77/><T101/><D101/><U11/><E11/><V78/><F76/><W16/><G126/><T1/><D1/><U128/><E128/><V98/><F127/><W54/><G125/><T4/><D4/><U3/><E3/><V64/><F64/><W88/><G88/><T14/><D14/><U91/><E91/><V97/><F68/><W108/><G108/><T134/><D134/><U95/><E100/><RYUUKYOKU ba="1,2" sc="150,30,285,-10,355,-10,190,-10" hai0="25,28,42,44,48,55,59,63,82,86,90,105,106" /><INIT seed="4,2,2,4,4,64" ten="180,275,345,180" oya="0" hai0="94,126,132,59,78,2,55,114,27,90,6,15,123" hai1="113,61,57,19,116,74,110,10,120,16,115,133,93" hai2="17,106,134,98,89,66,128,118,40,77,80,37,117" hai3="25,62,122,18,1,30,84,101,127,11,49,87,7"/><T83/><D123/><U102/><E74/><V71/><F134/><W91/><G122/><T42/><D132/><U9/><E120/><V12/><F128/><W131/><G131/><T109/><D114/><N who="1" m="43531" /><E110/><V50/><F37/><W65/><G127/><T14/><D126/><U8/><E116/><N who="2" m="44651" /><F50/><W95/><G49/><T35/><D109/><U26/><E26/><V88/><F40/><W56/><G18/><T67/><D67/><N who="1" m="39343" /><E133/><V100/><F71/><W103/><REACH who="3" step="1"/><G84/><REACH who="3" ten="180,275,345,170" step="2"/><N who="0" m="48247" /><D42/><U69/><E19/><V13/><F17/><W54/><G54/><T112/><D112/><U125/><E16/><V36/><F36/><W97/><G97/><N who="0" m="57559" /><D6/><U119/><E125/><V43/><F43/><W108/><G108/><T129/><D129/><U51/><E51/><V70/><F77/><W75/><G75/><T72/><D72/><U34/><E119/><V33/><F98/><W73/><G73/><T135/><D135/><U29/><E10/><V76/><F76/><W82/><G82/><T58/><D55/><U3/><E8/><V0/><F80/><W45/><G45/><T52/><D52/><U96/><E9/><V5/><F5/><W111/><G111/><T107/><D58/><U23/><E29/><V53/><F53/><W60/><G60/><T24/><D59/><U130/><E130/><V47/><F47/><W21/><AGARI ba="2,3" hai="1,7,11,21,25,30,56,62,65,87,91,95,101,103" machi="21" ten="20,2700,0" yaku="1,1,0,1,7,1,53,0" doraHai="64" doraHaiUra="121" who="3" fromWho="3" sc="180,-15,275,-9,345,-9,170,63" /><INIT seed="5,0,0,0,4,92" ten="165,266,336,233" oya="1" hai0="17,35,91,48,34,56,93,97,38,23,59,43,120" hai1="108,87,114,3,98,119,31,68,18,76,85,24,73" hai2="109,80,47,53,135,13,16,129,132,96,95,7,14" hai3="62,9,2,46,4,86,45,102,75,27,72,42,41"/><U60/><E119/><V116/><F116/><W40/><G62/><T127/><D120/><U57/><E3/><V70/><F109/><W33/><G86/><T105/><D127/><U26/><E68/><V88/><F70/><W126/><G126/><T125/><D125/><U90/><E108/><V99/><F80/><W30/><REACH who="3" step="1"/><G102/><REACH who="3" ten="165,266,336,223" step="2"/><T81/><D81/><U134/><E85/><V113/><F129/><W78/><G78/><T8/><D105/><U130/><E76/><V29/><F113/><W124/><G124/><T112/><D112/><U89/><E130/><V44/><F132/><W123/><G123/><T28/><D38/><U54/><E134/><V101/><F135/><W39/><G39/><T19/><D34/><U25/><E114/><V106/><F101/><W1/><G1/><T22/><D35/><U50/><E60/><V118/><F106/><W66/><G66/><T51/><D51/><U64/><E64/><V94/><F118/><W55/><G55/><T67/><D67/><U117/><E117/><V15/><F53/><W65/><G65/><T121/><D121/><U20/><E73/><AGARI ba="0,1" hai="2,4,9,27,30,33,40,41,42,45,46,72,73,75" machi="73" ten="40,1300,0" yaku="1,1,53,0" doraHai="92" doraHaiUra="111" who="3" fromWho="1" sc="165,0,266,-13,336,0,223,23" /><INIT seed="6,0,0,2,5,94" ten="165,253,336,246" oya="2" hai0="67,99,38,7,109,63,110,114,116,129,132,66,107" hai1="12,5,2,104,70,43,97,51,85,6,33,105,35" hai2="56,117,78,30,40,9,41,27,58,103,74,64,45" hai3="52,89,124,126,42,130,102,95,0,73,134,75,37"/><V29/><F117/><W47/><G0/><T1/><D63/><U90/><E70/><V59/><F103/><W118/><G118/><T46/><D7/><U44/><E2/><V53/><F74/><W120/><G120/><T32/><D46/><U17/><E35/><V108/><F78/><W15/><G15/><T65/><D67/><U68/><E33/><V113/><F108/><W20/><G20/><T92/><D92/><U96/><E68/><V25/><F113/><W122/><G122/><T127/><D65/><U19/><E105/><V131/><F9/><W50/><G102/><T123/><D99/><N who="1" m="37963" /><E104/><V91/><F91/><W80/><G80/><T11/><D66/><U71/><E71/><V121/><F64/><W100/><G100/><T18/><D18/><N who="1" m="6667" /><E12/><V24/><F121/><W79/><G130/><T14/><D14/><U125/><E125/><V57/><F131/><W88/><G126/><T72/><D11/><U4/><E4/><V26/><F30/><W115/><G124/><T16/><D16/><U23/><E23/><V77/><F29/><W60/><G115/><T22/><D22/><U49/><E51/><V31/><F31/><W133/><G50/><T48/><D48/><U135/><E135/><V28/><F28/><W84/><G134/><T62/><D62/><U93/><AGARI ba="0,0" hai="5,6,43,44,49,85,90,93" m="6667,37963" machi="93" ten="30,7900,0" yaku="8,1,52,3" doraHai="94" who="1" fromWho="1" sc="165,-20,253,79,336,-39,246,-20" /><INIT seed="7,0,0,0,2,70" ten="145,332,297,226" oya="3" hai0="105,90,19,48,25,66,57,7,93,45,60,129,20" hai1="4,126,52,120,10,97,94,11,35,83,121,132,22" hai2="113,122,112,125,114,118,86,23,69,84,101,99,63" hai3="72,61,55,12,115,8,74,96,88,123,27,73,50"/><W131/><G123/><T64/><D129/><U31/><E35/><V130/><F118/><W127/><G61/><T32/><D32/><U89/><E132/><V17/><F130/><W29/><G131/><T5/><D105/><U47/><E126/><V24/><F125/><W28/><G115/><T116/><D66/><U108/><E108/><V30/><F122/><W26/><G127/><T85/><REACH who="0" step="1"/><D116/><REACH who="0" ten="135,332,297,226" step="2"/><U54/><E120/><V46/><F112/><W42/><G72/><T77/><D77/><U95/><E121/><V128/><F113/><W100/><G74/><T78/><D78/><U49/><E54/><V16/><F114/><W107/><G73/><T56/><D56/><U18/><E52/><V71/><F128/><W44/><G55/><T9/><D9/><U21/><E11/><V102/><F69/><W15/><G8/><T58/><D58/><U103/><E10/><V81/><F71/><W53/><G53/><T0/><D0/><U51/><E4/><V3/><F3/><W41/><G107/><T124/><D124/><U135/><E21/><V104/><F104/><W119/><G119/><T36/><D36/><U37/><E37/><V79/><F79/><W82/><G50/><T59/><D59/><U33/><E22/><V43/><F23/><W67/><G67/><T65/><D65/><U91/><E33/><V92/><F63/><W38/><G38/><T106/><D106/><U98/><E49/><V80/><F46/><W76/><G44/><T111/><D111/><U109/><E51/><V75/><F75/><W40/><G76/><T1/><D1/><RYUUKYOKU ba="0,1" sc="135,30,332,-10,297,-10,226,-10" hai0="5,7,19,20,25,45,48,57,60,64,85,90,93" owari="165,-33.0,332,42.0,287,9.0,216,-18.0" /></mjloggm>