<mjloggm ver="2.3"><GO type="233" lobby="0"/><UN n0="%E6%9D%BE%E5%B1%8B%E3%81%8A%E3%81%98%E3%81%95%E3%82%93" n1="%E3%81%8A%E3%81%98%E3%81%95%E3%82%93" n2="%E3%82%A6%E3%83%AB%E3%83%88%E3%83%A9%E7%AB%8B%E7%9B%B4" n3="%6E%61%6B%61%6A%75%75%6E" dan="18,16,17,18" rate="2132.56,2108.03,2196.43,2167.11" sx="M,M,M,M"/><TAIKYOKU oya="0"/><INIT seed="0,0,0,5,0,20" ten="250,250,250,250" oya="0" hai0="54,71,81,127,99,132,120,42,25,72,69,0,1" hai1="10,34,104,134,16,13,79,4,15,95,59,102,74" hai2="39,22,53,110,96,83,3,131,46,86,40,128,32" hai3="118,103,14,29,87,100,116,64,75,67,43,91,109"/><T105/><D120/><U68/><E68/><V18/><F32/><W55/><G75/><T62/><D42/><U65/><E34/><V5/><F110/><W93/><G109/><T97/><D127/><U52/><E104/><V44/><F96/><W111/><G43/><T117/><D117/><U92/><E134/><V119/><F119/><W9/><G111/><T135/><D72/><U90/><E65/><V30/><F30/><W89/><G29/><T17/><D81/><U19/><E79/><V11/><F46/><W37/><G37/><T33/><D99/><N who="1" m="59775" /><E15/><V27/><REACH who="2" step="1"/><F53/><REACH who="2" ten="250,250,240,250" step="2"/><W12/><G55/><T114/><D97/><N who="1" m="57495" /><E74/><V78/><AGARI ba="0,1" hai="3,5,11,18,22,27,39,40,44,78,83,86,128,131" machi="78" ten="30,4000,0" yaku="1,1,0,1,52,1,53,0" doraHai="20" doraHaiUra="60" who="2" fromWho="2" sc="250,-20,250,-10,240,50,250,-10" /><INIT seed="1,0,0,2,2,4" ten="230,240,290,240" oya="1" hai0="39,113,97,101,21,7,37,6,45,15,70,46,34" hai1="50,63,32,23,87,95,92,126,114,67,103,89,17" hai2="61,80,33,115,83,47,100,40,112,22,128,30,14" hai3="0,48,133,9,53,41,119,99,76,73,132,75,58"/><U72/><E32/><V66/><F33/><W81/><G119/><T25/><D70/><U120/><E72/><V69/><F100/><W12/><G0/><T27/><D113/><N who="2" m="43594" /><F128/><W16/><G41/><T55/><D34/><U56/><E114/><V111/><F111/><W8/><G75/><T109/><D109/><U43/><E126/><V88/><F88/><W62/><G99/><T38/><D27/><U135/><E135/><N who="3" m="51786" /><G62/><T105/><D55/><U84/><E120/><V121/><F121/><W35/><G35/><T42/><D45/><N who="1" m="25919" /><E103/><V10/><F22/><AGARI ba="0,0" hai="8,9,12,16,22,48,53,58,73,76,81" m="51786" machi="22" ten="30,7700,0" yaku="20,1,52,2,54,1" doraHai="4" who="3" fromWho="2" sc="230,0,240,0,290,-77,240,77" /><INIT seed="2,0,0,3,4,13" ten="230,240,213,317" oya="2" hai0="115,56,133,33,63,96,26,75,54,102,55,105,77" hai1="15,111,14,47,31,23,126,113,109,73,64,3,88" hai2="4,0,101,59,118,12,135,9,84,76,74,39,29" hai3="17,125,134,61,130,34,68,37,58,67,44,53,1"/><V52/><F118/><W120/><G34/><T8/><D115/><U80/><E113/><V57/><F39/><W45/><G1/><T124/><D124/><U62/><E3/><V22/><F135/><W98/><G120/><T18/><D133/><U30/><E126/><V91/><F101/><W16/><G134/><T19/><D8/><U60/><E47/><V112/><F112/><W49/><G125/><T127/><D127/><U66/><E73/><V122/><F122/><W104/><G130/><T79/><D79/><U103/><E103/><V82/><F29/><W6/><G6/><T86/><D75/><U78/><E78/><V51/><F22/><W11/><G11/><T99/><D99/><U38/><E23/><V93/><REACH who="2" step="1"/><F0/><REACH who="2" ten="230,240,203,317" step="2"/><W2/><G2/><T121/><D121/><U7/><E38/><V69/><F69/><W106/><G106/><T108/><D33/><U107/><E107/><V131/><F131/><W5/><G104/><T25/><D102/><U123/><E123/><V110/><F110/><W42/><G5/><T117/><D105/><U128/><E128/><V21/><F21/><W90/><G68/><T129/><D108/><U65/><E111/><V24/><F24/><W89/><G98/><T70/><D96/><U27/><E109/><V28/><F28/><N who="1" m="10793" /><E27/><N who="0" m="10249" /><D70/><U40/><E7/><V32/><F32/><W20/><G20/><T94/><D117/><U116/><E116/><V97/><F97/><W46/><G37/><T41/><D129/><U36/><E36/><V81/><F81/><W48/><G42/><T50/><D41/><U114/><E40/><RYUUKYOKU ba="0,1" sc="230,-10,240,-10,203,30,317,-10" hai2="4,9,12,51,52,57,59,74,76,82,84,91,93" /><INIT seed="2,1,1,5,1,37" ten="220,230,233,307" oya="2" hai0="15,45,97,102,94,72,83,79,36,128,73,10,115" hai1="1,99,116,16,31,48,132,106,120,92,118,104,47" hai2="133,130,30,50,52,110,65,90,38,2,91,66,101" hai3="88,6,80,5,7,42,74,123,24,134,109,105,135"/><V22/><F2/><W68/><G123/><T78/><D115/><U8/><E31/><V71/><F38/><W46/><G105/><T49/><D36/><U43/><E120/><V63/><F130/><W20/><G68/><T11/><D128/><U93/><E132/><N who="3" m="50730" /><G109/><T62/><D62/><U14/><E1/><V117/><F117/><W84/><G74/><T32/><D32/><U58/><E93/><V126/><F133/><W54/><G54/><T103/><D103/><U82/><E82/><V26/><F110/><W18/><G7/><T44/><D44/><U9/><E9/><V98/><F66/><W35/><G35/><T23/><D79/><U95/><E95/><V55/><F126/><W29/><G29/><T57/><D57/><U27/><E27/><V111/><F111/><W131/><G131/><T85/><D23/><U86/><E86/><V12/><F55/><W40/><G40/><T121/><D11/><U113/><E113/><V13/><F91/><W21/><G21/><T96/><D96/><U25/><E25/><V51/><F90/><W67/><G67/><T3/><D121/><U61/><E118/><V114/><F114/><W124/><G124/><T34/><D34/><U39/><E116/><V0/><F0/><W17/><G17/><T69/><D69/><U60/><E106/><N who="2" m="63799" /><F52/><W4/><G4/><N who="0" m="3527" /><D3/><U76/><E104/><V108/><F108/><W75/><G75/><T53/><D73/><U19/><E76/><V127/><F127/><W100/><G100/><T81/><D72/><U122/><E122/><V129/><F129/><W89/><G89/><RYUUKYOKU ba="1,1" sc="220,10,230,-30,233,10,307,10" hai0="45,49,53,78,81,83,85,94,97,102" hai2="12,13,22,26,30,50,51,63,65,71" hai3="5,6,18,20,24,42,46,80,84,88" /><INIT seed="2,2,1,5,4,73" ten="230,200,243,317" oya="2" hai0="124,39,99,21,28,11,122,54,126,131,79,15,47" hai1="36,118,12,2,49,66,31,19,112,92,90,89,50" hai2="61,29,125,72,98,97,33,80,96,63,106,24,135" hai3="3,8,4,123,104,42,45,27,68,32,40,81,76"/><V95/><F125/><W57/><G68/><T10/><D122/><U38/><E118/><V109/><F135/><W9/><G104/><T120/><D120/><U121/><E121/><V1/><F1/><W74/><G123/><T130/><D99/><U34/><E2/><V78/><F106/><W22/><G32/><T103/><D103/><U14/><E112/><V111/><REACH who="2" step="1"/><F95/><REACH who="2" ten="230,200,233,317" step="2"/><W26/><G3/><T102/><D124/><U114/><E92/><V65/><F65/><W128/><G128/><T0/><D126/><U7/><E66/><V17/><F17/><W20/><G4/><T6/><D130/><U53/><E19/><V107/><F107/><W30/><G57/><T43/><D131/><U86/><E7/><V84/><F84/><W117/><G117/><T127/><D127/><U60/><E86/><V100/><F100/><W56/><G56/><T83/><D102/><U5/><E5/><V44/><F44/><W62/><G45/><T75/><D0/><U119/><E119/><V69/><F69/><W115/><G115/><T35/><D6/><U133/><E133/><V71/><F71/><W55/><G30/><T132/><D132/><U116/><E114/><V58/><F58/><W23/><G74/><T13/><D75/><U113/><E113/><V77/><F77/><W67/><G67/><T94/><D94/><U82/><E116/><V108/><AGARI ba="2,2" hai="24,29,33,61,63,72,78,80,96,97,98,108,109,111" machi="108" ten="40,12000,1" yaku="1,1,0,1,14,1,10,1,52,1,53,0" doraHai="73" doraHaiUra="70" who="2" fromWho="2" sc="230,-42,200,-42,233,146,317,-42" /><INIT seed="2,3,0,4,4,36" ten="188,158,379,275" oya="2" hai0="133,45,49,53,81,115,107,126,73,106,118,39,57" hai1="42,30,127,56,70,28,132,21,130,38,47,124,19" hai2="2,48,112,99,98,26,27,46,43,95,37,135,22" hai3="89,14,67,10,122,18,63,41,65,125,6,16,103"/><V131/><F112/><W62/><G122/><T114/><D126/><N who="1" m="48171" /><E70/><V84/><F2/><W25/><G125/><T93/><D133/><U54/><E132/><V80/><F135/><W97/><G89/><T109/><D109/><U113/><E130/><V83/><F131/><W4/><G41/><T86/><D118/><U40/><E113/><V102/><F37/><W100/><G25/><T77/><D106/><U116/><E116/><V101/><F84/><W1/><G1/><T13/><D107/><U5/><E5/><V23/><F23/><W55/><G55/><T50/><D39/><U35/><E35/><V134/><F134/><W20/><G97/><T75/><D75/><U105/><E105/><V110/><F110/><W0/><G0/><T69/><D69/><U129/><E129/><V91/><F27/><W119/><G119/><T60/><D50/><N who="1" m="30807" /><E42/><V12/><F12/><AGARI ba="3,0" hai="12,19,21,28,30,38,40,47" m="30807,48171" machi="12" ten="30,2000,0" yaku="18,1,52,1" doraHai="36" who="1" fromWho="2" sc="188,0,158,29,379,-29,275,0" /><INIT seed="3,0,0,1,5,57" ten="188,187,350,275" oya="3" hai0="65,51,118,115,58,77,22,13,111,103,107,70,20" hai1="88,117,56,24,35,39,1,113,110,66,52,123,36" hai2="54,75,47,80,12,85,87,109,23,68,84,37,42" hai3="60,122,106,46,92,29,127,55,83,119,121,125,69"/><W129/><G106/><T133/><D111/><U130/><E113/><V9/><F68/><W6/><G6/><T31/><D77/><U108/><E123/><N who="3" m="47114" /><G29/><T16/><D118/><U81/><E117/><V105/><F109/><N who="1" m="42089" /><E130/><V112/><F105/><W41/><G83/><T94/><D107/><U17/><E66/><V45/><F112/><W126/><G92/><T43/><D70/><U96/><E1/><V63/><F23/><W82/><G82/><T67/><D115/><U95/><E81/><V18/><F75/><W97/><G97/><T61/><D67/><U104/><E104/><V14/><F14/><W120/><G120/><T78/><D78/><U59/><E59/><V28/><F28/><W11/><G11/><N who="0" m="6207" /><D31/><N who="1" m="19943" /><E17/><V15/><F18/><W44/><G119/><T114/><D114/><U116/><E116/><V134/><F80/><W53/><G129/><T73/><D73/><U50/><AGARI ba="0,0" hai="36,39,50,52,56,88,95,96" m="19943,42089" machi="50" ten="30,4000,0" yaku="14,1,54,2" doraHai="57" who="1" fromWho="1" sc="188,-10,187,40,350,-10,275,-20" /><INIT seed="4,0,0,4,2,51" ten="178,227,340,255" oya="0" hai0="44,123,56,14,127,115,122,93,131,79,107,95,135" hai1="98,15,16,105,48,112,21,46,7,73,32,49,53" hai2="101,74,54,8,70,10,30,113,11,116,5,9,117" hai3="6,66,80,34,1,102,0,41,128,29,104,57,97"/><T91/><D107/><U2/><E73/><V60/><F74/><W99/><G128/><T120/><D131/><U126/><E32/><V114/><F101/><W85/><G6/><T92/><D115/><N who="2" m="44042" /><F30/><W84/><G41/><T82/><D127/><U119/><E112/><V22/><F22/><W87/><G80/><T121/><N who="0" m="31232" /><DORA hai="109" /><T20/><D135/><U28/><E119/><V59/><F70/><W108/><G108/><T37/><D56/><U72/><E72/><V50/><F50/><W68/><G99/><T43/><D79/><U96/><E28/><V86/><F86/><W33/><G57/><T63/><D63/><U45/><E105/><V13/><AGARI ba="0,0" hai="5,8,9,10,11,13,54,59,60,116,117" m="44042" machi="13" ten="40,8000,1" yaku="15,1,52,4" doraHai="51,109" who="2" fromWho="2" sc="178,-40,227,-20,340,80,255,-20" /><INIT seed="5,0,0,1,5,50" ten="138,207,420,235" oya="1" hai0="22,62,10,15,134,54,28,41,117,33,100,29,108" hai1="87,127,64,49,30,63,37,109,121,110,40,85,94" hai2="96,123,42,34,66,130,19,125,1,32,35,119,25" hai3="135,101,7,75,69,68,90,23,133,67,98,91,59"/><U58/><E121/><V120/><F96/><W112/><G75/><T71/><D108/><N who="1" m="41579" /><E127/><V78/><F66/><W56/><G7/><T77/><D33/><U80/><E30/><V99/><F42/><W93/><G112/><T111/><D29/><U5/><E5/><V74/><F99/><W95/><G23/><T16/><D117/><U113/><E113/><V103/><F103/><W44/><G44/><T88/><D100/><U115/><E115/><V0/><F78/><W83/><G83/><T116/><D116/><U72/><E94/><V122/><F74/><W76/><G76/><T3/><D77/><N who="1" m="44071" /><E37/><V81/><F81/><W124/><G124/><T60/><D134/><N who="3" m="51209" /><G67/><T79/><D79/><U105/><E105/><V102/><F125/><W97/><G101/><T65/><D111/><U131/><E131/><V106/><F102/><W21/><G21/><T53/><D88/><U132/><E132/><V128/><F106/><W39/><G39/><T12/><D3/><N who="2" m="1098" /><F119/><W55/><G59/><T43/><D28/><U13/><E13/><V45/><F45/><AGARI ba="0,0" hai="40,45,49,58,63,64,85,87" m="44071,41579" machi="45" ten="30,1500,0" yaku="10,1" doraHai="50" who="1" fromWho="2" sc="138,0,207,15,420,-15,235,0" /><INIT seed="5,1,0,2,3,0" ten="138,222,405,235" oya="1" hai0="66,45,15,82,92,72,98,100,68,37,111,9,88" hai1="36,20,119,58,52,123,38,64,122,44,40,106,25" hai2="103,85,96,109,27,48,102,116,62,94,6,95,117" hai3="127,76,75,50,41,99,128,110,61,17,134,84,101"/><U19/><E106/><V71/><F71/><W87/><G110/><T16/><D111/><U47/><E119/><V12/><F62/><W10/><G128/><T57/><D68/><U60/><REACH who="1" step="1"/><E64/><REACH who="1" ten="138,212,405,235" step="2"/><V132/><F116/><W67/><G67/><T78/><D66/><U53/><E53/><V70/><F117/><W18/><G41/><AGARI ba="1,1" hai="19,20,25,36,38,40,41,44,47,52,58,60,122,123" machi="41" ten="40,7700,0" yaku="1,1,9,1,54,1,53,0" doraHai="0" doraHaiUra="4" who="1" fromWho="3" sc="138,0,212,90,405,0,235,-80" /><INIT seed="5,2,0,3,1,55" ten="138,302,405,155" oya="1" hai0="63,75,30,39,57,102,16,18,104,7,72,89,17" hai1="93,68,121,130,45,4,133,56,86,0,84,5,6" hai2="1,2,47,79,94,37,85,103,95,10,116,27,59" hai3="81,107,97,54,105,65,115,66,128,135,28,24,98"/><U11/><E121/><V60/><F94/><W110/><G110/><T134/><D39/><U41/><E68/><V106/><F106/><W82/><G115/><T26/><D134/><U42/><E133/><V83/><F116/><W31/><G135/><T124/><D124/><U127/><E127/><V25/><F2/><W61/><G54/><T126/><D126/><U53/><E130/><V14/><F1/><W113/><G113/><T58/><D7/><U70/><E70/><V15/><F37/><W78/><G78/><T118/><D118/><U96/><E11/><V21/><F47/><W9/><G61/><T23/><D89/><N who="1" m="55343" /><E0/><V90/><F103/><W108/><G108/><T69/><D69/><U67/><E67/><N who="2" m="39327" /><F10/><W117/><G9/><T71/><D71/><U76/><E45/><V132/><F132/><W125/><G125/><T109/><D109/><U119/><E119/><V40/><F40/><N who="1" m="15465" /><E76/><V33/><F33/><W100/><G117/><T35/><D35/><U50/><AGARI ba="2,0" hai="4,5,6,50,53,56,84,86" m="15465,55343" machi="50" ten="30,3000,0" yaku="8,1,52,1" doraHai="55" who="1" fromWho="1" sc="138,-12,302,36,405,-12,155,-12" /><INIT seed="5,3,0,5,2,55" ten="126,338,393,143" oya="1" hai0="26,108,34,64,76,25,130,87,124,42,104,15,60" hai1="105,81,110,97,83,12,35,57,84,89,4,133,31" hai2="102,3,33,120,8,10,90,69,7,14,62,92,121" hai3="109,18,58,66,114,20,86,107,44,88,91,30,22"/><U11/><E133/><V40/><F33/><W98/><G109/><T28/><D108/><U113/><E110/><V48/><F102/><W43/><G114/><T45/><D104/><U129/><E113/><V49/><F49/><N who="3" m="26783" /><G107/><T16/><D124/><U122/><E122/><V79/><F79/><W134/><G134/><T128/><D76/><U51/><E129/><N who="0" m="49769" /><D87/><U38/><E38/><V82/><F82/><N who="3" m="49239" /><G30/><T132/><D132/><U54/><E83/><V68/><F68/><W59/><G66/><T47/><D26/><U37/><E37/><V131/><F69/><W119/><G119/><T52/><D42/><U36/><E36/><V27/><F40/><W135/><G135/><T74/><D74/><U80/><E80/><V123/><F27/><N who="3" m="14743" /><G22/><N who="0" m="11551" /><D52/><U41/><E41/><V17/><F131/><W73/><G73/><T94/><D94/><AGARI ba="3,0" hai="58,59,91,94,98" m="14743,49239,26783" machi="94" ten="30,7700,0" yaku="8,1,52,2,54,1" doraHai="55" who="3" fromWho="0" sc="126,-86,338,0,393,0,143,86" /><INIT seed="6,0,0,1,3,12" ten="40,338,393,229" oya="2" hai0="17,82,18,116,68,47,0,87,48,132,57,35,113" hai1="91,11,54,58,74,105,124,109,32,117,28,42,30" hai2="19,61,39,97,50,69,94,119,34,38,131,86,76" hai3="8,41,65,99,101,63,36,67,4,56,85,103,126"/><V66/><F34/><W43/><G126/><T55/><D68/><U7/><E74/><V127/><F119/><W44/><G43/><T21/><D35/><U83/><E105/><V96/><F131/><W29/><G29/><T122/><D122/><U128/><E32/><V107/><F107/><W90/><G67/><T60/><D0/><U46/><E109/><V10/><F96/><W104/><G99/><T73/><D73/><U111/><E111/><V108/><F127/><W23/><G23/><T52/><D113/><U125/><E128/><V26/><F108/><W79/><G79/><T100/><D100/><U16/><E117/><V2/><F2/><W1/><G104/><T134/><D116/><U13/><E125/><V51/><F51/><W123/><G123/><T102/><D102/><U81/><E7/><V31/><F31/><N who="1" m="11817" /><E124/><V37/><F50/><W25/><G25/><T62/><D62/><N who="1" m="36183" /><E91/><V115/><F115/><W98/><G98/><T110/><D110/><U130/><E130/><V45/><F38/><W78/><G78/><T135/><D21/><U112/><E112/><V49/><F76/><AGARI ba="0,0" hai="17,18,47,48,52,55,57,60,76,82,87,132,134,135" machi="76" ten="40,8000,1" yaku="20,1,52,2,54,1" doraHai="12" who="0" fromWho="2" sc="40,80,338,0,393,-80,229,0" /><INIT seed="7,0,0,2,5,40" ten="120,338,313,229" oya="3" hai0="25,74,68,7,38,73,27,125,32,69,60,81,36" hai1="43,22,33,104,63,61,56,96,83,26,123,134,118" hai2="23,15,107,29,35,8,5,30,11,86,92,105,88" hai3="99,91,0,49,18,114,95,87,122,124,135,111,129"/><W24/><G122/><T53/><D125/><U59/><E33/><V28/><F35/><W9/><G124/><T1/><D53/><U67/><E123/><V90/><F23/><W110/><G129/><T121/><D121/><U75/><E43/><V127/><F127/><W94/><G135/><T17/><D17/><U37/><E37/><V4/><REACH who="2" step="1"/><F90/><REACH who="2" ten="120,338,303,229" step="2"/><W45/><G114/><T132/><D132/><U126/><E126/><V65/><F65/><W93/><G24/><T14/><D14/><AGARI ba="0,1" hai="4,5,8,11,14,15,28,29,30,86,88,92,105,107" machi="14" ten="40,5200,0" yaku="1,1,9,1,54,1,53,0" doraHai="40" doraHaiUra="21" who="2" fromWho="0" sc="120,-52,338,0,303,62,229,0" owari="68,-43.0,338,14.0,365,46.0,229,-17.0" /></mjloggm>