<mjloggm ver="2.3"><GO type="169" lobby="0"/><UN n0="%4B%E3%80%82" n1="%E5%86%A5%E5%9C%9F%E3%81%AE%E3%83%AF%E3%83%8B%E8%94%B5" n2="%63%68%61%72%68%69%6D%65" n3="%E3%82%A6%E3%83%AB%E3%83%88%E3%83%A9%E7%AB%8B%E7%9B%B4" dan="17,16,16,17" rate="2107.11,2129.85,2049.49,2134.69" sx="M,M,F,M"/><TAIKYOKU oya="0"/><INIT seed="0,0,0,0,2,5" ten="250,250,250,250" oya="0" hai0="70,134,30,4,128,97,86,92,83,43,11,90,10" hai1="94,52,49,129,132,12,53,29,102,13,133,24,22" hai2="114,80,77,118,46,84,105,65,58,124,17,122,82" hai3="59,25,68,55,123,21,23,7,15,56,44,126,64"/><T117/><D117/><U120/><E120/><V26/><F122/><W51/><G126/><T38/><D70/><U115/><E129/><V61/><F114/><W88/><G123/><T103/><D128/><U20/><E115/><V101/><F124/><W104/><G104/><T32/><D134/><N who="1" m="51819" /><E22/><V111/><F118/><W2/><G2/><T78/><D4/><U91/><E102/><V131/><F111/><W85/><G64/><T19/><D19/><U75/><E75/><V74/><F105/><W42/><G42/><T121/><D121/><U96/><E53/><V16/><F101/><W47/><G47/><AGARI ba="0,0" hai="12,13,20,24,29,47,49,52,91,94,96" m="51819" machi="47" ten="30,2000,0" yaku="20,1,54,1" doraHai="5" who="1" fromWho="3" sc="250,0,250,20,250,0,250,-20" /><INIT seed="1,0,0,2,2,120" ten="250,270,250,230" oya="1" hai0="31,65,117,5,111,99,89,54,107,100,62,81,10" hai1="91,64,28,11,131,39,115,92,24,87,27,70,13" hai2="135,25,48,123,130,98,121,133,74,82,113,66,61" hai3="71,86,14,15,72,55,83,2,7,132,101,77,106"/><U68/><E115/><V35/><F113/><W127/><G71/><T20/><D117/><U114/><E114/><V53/><F98/><W40/><G55/><T38/><D38/><U116/><E116/><V80/><F35/><W41/><G127/><T112/><D54/><U75/><E75/><V16/><F130/><W108/><G2/><T134/><D112/><U45/><E131/><V84/><F80/><W8/><G15/><T46/><D46/><U52/><E64/><V119/><F74/><W90/><G132/><N who="2" m="50761" /><F119/><W3/><G3/><T126/><D126/><U44/><E24/><V88/><F48/><W34/><G34/><T129/><D129/><U43/><E45/><V105/><F105/><W57/><G57/><T33/><D134/><U103/><E103/><V96/><F53/><W42/><G101/><T50/><D50/><U17/><REACH who="1" step="1"/><E52/><REACH who="1" ten="250,260,250,230" step="2"/><V1/><F123/><W21/><G72/><T6/><D100/><U12/><E12/><V47/><F47/><W104/><G14/><T125/><D125/><U0/><E0/><V79/><F1/><W102/><G102/><T124/><D124/><U58/><E58/><N who="2" m="37175" /><F121/><W32/><G104/><T76/><D107/><U36/><E36/><V67/><F67/><W73/><G106/><T18/><D65/><U26/><E26/><V118/><F118/><W122/><G73/><T37/><D37/><U94/><E94/><N who="2" m="56391" /><F25/><W78/><G122/><T9/><D62/><U69/><E69/><V95/><F95/><W56/><G56/><T51/><D51/><U29/><E29/><V23/><F23/><AGARI ba="0,1" hai="11,13,17,23,27,28,39,43,44,68,70,87,91,92" machi="23" ten="30,5800,0" yaku="1,1,7,1,53,1" doraHai="120" doraHaiUra="4" who="1" fromWho="2" sc="250,0,260,68,250,-58,230,0" /><INIT seed="1,1,0,0,5,73" ten="250,328,192,230" oya="1" hai0="123,76,16,115,5,9,72,100,85,13,88,111,0" hai1="58,37,117,36,132,74,107,47,105,131,7,97,81" hai2="86,48,113,106,11,121,83,128,79,114,116,31,125" hai3="64,38,102,49,129,53,110,54,30,61,57,21,82"/><U118/><E131/><V32/><F121/><W46/><G129/><T34/><D115/><N who="2" m="44042" /><F116/><W69/><G110/><T89/><D123/><U91/><E58/><V2/><F128/><W78/><G102/><T25/><D111/><U96/><E7/><N who="2" m="1527" /><F106/><W28/><G21/><N who="0" m="11407" /><D100/><U65/><E105/><V94/><F94/><W77/><G54/><T50/><D50/><U95/><E36/><V109/><F109/><W119/><G119/><T56/><D56/><U101/><E65/><V62/><F62/><W122/><G122/><T12/><D12/><U26/><E26/><N who="2" m="18551" /><F48/><W18/><G82/><N who="0" m="45319" /><D85/><U59/><E117/><V104/><F104/><W98/><G98/><T40/><D40/><U87/><E74/><V90/><F125/><W3/><G3/><T41/><D41/><U103/><E118/><V133/><F133/><W66/><G66/><T80/><D80/><U68/><E132/><V126/><F126/><W130/><G130/><T20/><D20/><U93/><E107/><V45/><F45/><W51/><G51/><T127/><D127/><U8/><E47/><V15/><F15/><W70/><G38/><T71/><D71/><U52/><E37/><V120/><F120/><W75/><G70/><T67/><D67/><U135/><E68/><V17/><F17/><W124/><G69/><T29/><AGARI ba="1,0" hai="0,5,9,25,29,34,88,89" m="45319,11407" machi="29" ten="30,7900,0" yaku="24,1,52,1,54,2" doraHai="73" who="0" fromWho="0" sc="250,82,328,-40,192,-21,230,-21" /><INIT seed="2,0,0,3,0,23" ten="332,288,171,209" oya="2" hai0="62,2,90,85,19,54,71,116,41,55,20,110,37" hai1="40,22,100,81,107,96,10,49,92,93,74,45,18" hai2="60,30,108,135,21,15,28,31,70,125,118,123,124" hai3="58,94,69,13,50,97,114,14,121,39,82,72,6"/><V99/><F118/><W34/><G69/><T44/><D116/><U89/><E10/><V1/><F123/><W3/><G121/><T61/><D110/><U17/><E17/><N who="2" m="10431" /><F99/><W83/><G39/><T75/><D75/><U38/><E38/><V25/><F70/><W106/><G106/><T109/><D109/><U111/><E111/><V64/><F108/><W122/><G3/><T35/><D35/><U86/><REACH who="1" step="1"/><E74/><REACH who="1" ten="332,278,171,209" step="2"/><V51/><F1/><W79/><G72/><T87/><D2/><U68/><E68/><V129/><F129/><W66/><G114/><T43/><D71/><U84/><E84/><V33/><F135/><W52/><G122/><T128/><D87/><U12/><AGARI ba="0,1" hai="12,18,22,40,45,49,81,86,89,92,93,96,100,107" machi="12" ten="20,5200,0" yaku="1,1,0,1,7,1,53,1" doraHai="23" doraHaiUra="46" who="1" fromWho="1" sc="332,-13,278,62,171,-26,209,-13" /><INIT seed="3,0,0,5,5,42" ten="319,340,145,196" oya="3" hai0="9,69,107,80,124,35,7,126,113,79,47,12,134" hai1="59,32,46,26,105,18,115,39,130,100,28,119,70" hai2="36,11,74,97,72,104,86,102,60,64,108,121,24" hai3="89,110,31,0,22,52,2,10,5,38,73,40,111"/><W117/><G73/><T106/><D69/><U122/><E115/><V48/><F108/><N who="3" m="41515" /><G117/><T67/><D67/><U57/><E122/><V81/><F121/><W53/><G0/><T62/><D62/><U20/><E70/><V101/><F101/><W133/><G133/><T14/><D134/><U45/><E39/><V17/><F36/><W98/><G31/><T50/><D35/><U114/><E114/><V135/><F135/><W125/><G125/><N who="0" m="48235" /><D12/><U93/><E105/><V87/><F87/><W21/><G40/><N who="0" m="24935" /><D113/><U95/><E130/><V43/><F74/><AGARI ba="0,0" hai="7,9,14,74,79,80,106,107" m="24935,48235" machi="74" ten="30,2000,0" yaku="18,1,52,1" doraHai="42" who="0" fromWho="2" sc="319,20,340,0,145,-20,196,0" /><INIT seed="4,0,0,4,2,68" ten="339,340,125,196" oya="0" hai0="123,43,18,128,54,9,92,23,102,91,71,75,107" hai1="17,94,10,12,69,40,61,86,82,121,105,132,15" hai2="98,112,73,101,70,56,30,76,111,31,135,60,110" hai3="78,20,117,100,95,42,47,41,127,7,103,114,2"/><T22/><D123/><U115/><E121/><V74/><F135/><W0/><G78/><T3/><D71/><U116/><E105/><V44/><F112/><W122/><G7/><T45/><D75/><U46/><E115/><V48/><F70/><W53/><G95/><T19/><D107/><U36/><E132/><V38/><F74/><W83/><G20/><T130/><D102/><U5/><E94/><V129/><F129/><W131/><G47/><T72/><D72/><U120/><E120/><V104/><F76/><W37/><G122/><T4/><D54/><U87/><E116/><V118/><F73/><W67/><G53/><T133/><D133/><U85/><E61/><V55/><F118/><W6/><G83/><T34/><D34/><U57/><E57/><V8/><F8/><W97/><G67/><T125/><D125/><U13/><E69/><V28/><REACH who="2" step="1"/><F60/><REACH who="2" ten="339,340,115,196" step="2"/><W134/><G134/><T35/><D128/><U52/><E10/><V119/><F119/><W1/><G117/><T32/><D130/><U99/><E5/><V90/><F90/><W108/><G6/><T58/><D4/><U109/><E109/><V64/><F64/><W29/><G108/><T126/><D9/><U16/><E82/><V27/><F27/><W124/><G114/><T14/><D91/><U89/><E89/><V84/><F84/><W81/><G131/><T33/><D126/><U11/><E11/><V24/><F24/><W25/><G127/><T26/><D26/><U51/><E99/><V39/><F39/><W59/><G124/><T80/><D80/><U66/><E66/><RYUUKYOKU ba="0,1" sc="339,-15,340,15,115,15,196,-15" hai1="12,13,15,16,17,36,40,46,51,52,85,86,87" hai2="28,30,31,38,44,48,55,56,98,101,104,110,111" /><INIT seed="5,1,1,4,3,31" ten="324,355,130,181" oya="1" hai0="38,14,108,20,75,119,88,70,134,66,77,61,85" hai1="23,89,10,44,87,72,26,125,62,50,21,113,115" hai2="48,110,19,13,78,130,9,55,132,15,107,90,96" hai3="122,5,76,79,127,65,109,2,35,45,124,83,106"/><U29/><E72/><V91/><F110/><W0/><G106/><T43/><D108/><U116/><E116/><V46/><F132/><W28/><G122/><T117/><D75/><U131/><E131/><V30/><F78/><N who="3" m="29739" /><G5/><T52/><D77/><U94/><E125/><N who="3" m="48202" /><G83/><T57/><D134/><U41/><E62/><V102/><F130/><W93/><G109/><T47/><D14/><U51/><E21/><V24/><REACH who="2" step="1"/><F15/><REACH who="2" ten="324,355,120,181" step="2"/><W67/><G2/><T64/><D64/><U133/><E133/><V71/><F71/><W33/><G0/><T17/><D70/><U36/><E10/><V100/><F100/><W3/><G3/><T22/><D66/><N who="3" m="25097" /><G28/><T37/><D119/><U58/><E29/><V135/><F135/><W32/><G45/><T103/><D117/><U101/><E44/><V105/><F105/><W8/><G8/><T126/><D126/><U11/><E11/><V6/><F6/><W12/><G12/><T18/><D103/><U42/><E58/><V129/><F129/><W104/><G104/><T56/><D57/><U16/><E26/><V120/><F120/><W74/><G74/><T59/><D56/><U118/><E118/><V82/><F82/><W25/><G25/><T99/><D59/><U128/><E128/><V63/><F63/><W60/><G60/><T84/><D61/><U92/><E92/><AGARI ba="1,2" hai="32,33,35,92,93" m="25097,48202,29739" machi="92" ten="40,12000,2" yaku="28,2,18,1,52,3" doraHai="31" who="3" fromWho="1" sc="324,0,355,-123,120,0,181,143" /><INIT seed="6,0,0,1,5,3" ten="324,232,120,324" oya="2" hai0="65,15,96,34,67,133,21,134,16,107,98,42,44" hai1="80,29,59,95,37,113,112,7,102,46,75,123,105" hai2="38,122,135,11,17,83,6,110,73,50,77,32,53" hai3="35,4,48,0,18,60,84,8,76,85,19,5,129"/><V71/><F122/><W30/><G35/><T91/><D34/><U82/><E105/><V61/><F110/><W41/><G30/><T64/><D91/><U36/><E123/><V92/><F32/><W94/><G0/><T13/><D13/><U45/><E29/><V33/><F33/><W56/><G129/><T126/><D126/><U27/><E27/><V106/><F106/><W81/><G48/><N who="0" m="26647" /><D107/><U40/><E59/><V57/><F17/><N who="3" m="6155" /><G41/><T89/><D89/><U54/><E75/><V93/><F38/><W114/><G8/><T118/><D118/><U49/><E36/><V70/><F135/><AGARI ba="0,0" hai="15,16,21,64,65,67,96,98,133,134,135" m="26647" machi="135" ten="30,2000,0" yaku="20,1,54,1" doraHai="3" who="0" fromWho="2" sc="324,20,232,0,120,-20,324,0" /><INIT seed="7,0,0,1,1,74" ten="344,232,100,324" oya="3" hai0="119,123,106,72,44,111,27,59,109,22,89,92,73" hai1="43,39,75,69,80,112,121,28,48,34,83,65,20" hai2="15,102,5,52,96,10,42,110,61,87,94,16,63" hai3="30,57,97,24,7,17,8,50,131,124,78,115,91"/><W64/><G115/><T118/><D123/><U134/><E48/><V2/><F110/><W79/><G124/><T55/><D106/><U77/><E20/><V38/><F38/><W0/><G131/><T100/><D100/><U51/><E51/><V21/><F42/><W32/><G17/><N who="0" m="12751" /><D44/><U81/><E83/><V37/><F37/><W114/><G114/><T53/><D53/><U126/><E81/><V31/><F87/><W41/><G97/><N who="0" m="57487" /><D73/><U25/><E134/><V4/><F4/><W56/><G91/><T71/><D71/><U54/><E54/><V70/><F70/><W18/><G18/><T101/><D101/><U125/><E121/><V26/><REACH who="2" step="1"/><F52/><REACH who="2" ten="344,232,90,324" step="2"/><N who="3" m="31767" /><G41/><T122/><D122/><U113/><E43/><V11/><F11/><W60/><G64/><T88/><D72/><U19/><E39/><V128/><F128/><W117/><G60/><N who="0" m="35967" /><D88/><U120/><E120/><V33/><AGARI ba="0,1" hai="2,5,10,15,16,21,26,31,33,61,63,94,96,102" machi="33" ten="20,12000,2" yaku="1,1,0,1,7,1,24,2,54,1,53,1" doraHai="74" doraHaiUra="1" who="2" fromWho="2" sc="344,-30,232,-30,90,130,324,-60" owari="314,42.0,202,-30.0,220,-18.0,264,6.0" /></mjloggm>