<mjloggm ver="2.3"><GO type="41" lobby="0"/><UN n0="%E5%B0%B1%E6%B4%BB%E7%94%9F%40%E5%B7%9D%E6%9D%91%E8%BB%8D%E5%9B%A3" n1="%68%61%6E%67%61%6B%75" n2="%E4%B8%87%E5%B9%B4%E4%B8%8A%E5%8D%93%E6%B0%91" n3="%E3%82%AA%E3%83%A9%E3%83%B3%E3%82%B8%E3%83%BC%E3%83%8A" dan="15,15,14,15" rate="2037.84,1986.19,1928.95,2078.86" sx="M,M,F,M"/><TAIKYOKU oya="0"/><INIT seed="0,0,0,3,4,39" ten="250,250,250,250" oya="0" hai0="15,13,54,47,130,125,45,22,24,46,59,72,85" hai1="122,88,31,60,21,87,71,79,106,7,29,32,116" hai2="2,50,11,49,104,44,111,112,134,4,99,98,114" hai3="119,40,17,33,132,27,20,58,34,63,30,115,53"/><T66/><D72/><U28/><E116/><V70/><F111/><W100/><G119/><T16/><D125/><U131/><E122/><V68/><F134/><W5/><G132/><T55/><D130/><U67/><E131/><V117/><F117/><W56/><G115/><T1/><D1/><U38/><E106/><V76/><F50/><W129/><G129/><T81/><D66/><U101/><E101/><V10/><F10/><W128/><G128/><T64/><D64/><U82/><E32/><V120/><F120/><W9/><G100/><T12/><REACH who="0" step="1"/><D59/><REACH who="0" ten="240,250,250,250" step="2"/><U65/><E65/><V8/><F2/><W83/><G58/><T36/><D36/><U108/><E38/><V74/><F112/><W41/><G83/><T37/><D37/><U84/><E108/><V42/><F114/><W78/><G78/><AGARI ba="0,1" hai="12,13,15,16,22,24,45,46,47,54,55,78,81,85" machi="78" ten="40,7700,0" yaku="1,1,8,1,54,1,53,0" doraHai="39" doraHaiUra="25" who="0" fromWho="3" sc="240,87,250,0,250,0,250,-77" /><INIT seed="0,1,0,2,0,116" ten="327,250,250,173" oya="0" hai0="112,133,79,63,44,30,103,125,37,104,84,131,85" hai1="81,61,97,31,95,28,42,15,71,62,16,82,58" hai2="100,122,124,105,65,110,89,21,78,126,59,134,32" hai3="33,29,111,101,75,10,53,91,5,128,66,132,27"/><T87/><D112/><U20/><E42/><V43/><F32/><W41/><G132/><T50/><D37/><U64/><E31/><V108/><F134/><W76/><G128/><T119/><D119/><U24/><E62/><N who="2" m="38111" /><F78/><W54/><G111/><N who="2" m="42537" /><F122/><W46/><G101/><T123/><D133/><U117/><E71/><V106/><F43/><W47/><G66/><T55/><D123/><U114/><E114/><V92/><F21/><W115/><G115/><T13/><D131/><U74/><E117/><V23/><F23/><W102/><G102/><T77/><D125/><N who="2" m="48234" /><F100/><W51/><G91/><T56/><D30/><U17/><E74/><V113/><F113/><W26/><G26/><T90/><D90/><N who="1" m="55543" /><E17/><V88/><F89/><W93/><G93/><T70/><D70/><U7/><E7/><V2/><F2/><W0/><G76/><T18/><D103/><U72/><E72/><V4/><F4/><W118/><G75/><T11/><REACH who="0" step="1"/><D104/><REACH who="0" ten="317,250,250,173" step="2"/><U35/><E35/><V60/><F60/><W86/><G118/><T120/><D120/><U40/><E28/><V12/><F12/><W52/><REACH who="3" step="1"/><G86/><AGARI ba="1,1" hai="86,88,92,105,106" m="48234,42537,38111" machi="86" ten="30,3900,0" yaku="14,1,18,1,54,1" doraHai="116" who="2" fromWho="3" sc="317,0,250,0,250,52,173,-42" /><INIT seed="1,0,0,5,4,42" ten="317,250,302,131" oya="1" hai0="135,82,62,106,134,128,60,57,10,71,43,127,51" hai1="22,89,86,8,118,108,18,35,34,4,58,121,40" hai2="72,64,31,101,113,20,67,36,56,24,16,63,54" hai3="95,94,83,133,59,3,97,30,46,73,124,29,39"/><U112/><E118/><V47/><F72/><W14/><G124/><T7/><D106/><U125/><E112/><V41/><F113/><W27/><G133/><N who="0" m="50699" /><D127/><U0/><E125/><V17/><F101/><W84/><G73/><T55/><D128/><U131/><E131/><V102/><F102/><W130/><G130/><T78/><D43/><U25/><E121/><V129/><F129/><W126/><G3/><N who="0" m="383" /><D71/><U26/><E108/><V2/><F2/><W111/><G111/><T93/><D93/><U48/><E26/><V79/><F79/><W116/><G116/><T38/><D38/><U87/><E87/><AGARI ba="0,0" hai="51,55,57,60,62,78,82,87" m="383,50699" machi="87" ten="30,1000,0" yaku="20,1" doraHai="42" who="0" fromWho="1" sc="317,10,250,-10,302,0,131,0" /><INIT seed="2,0,0,4,5,97" ten="327,240,302,131" oya="2" hai0="108,128,61,54,111,96,104,82,56,58,114,59,57" hai1="106,121,7,87,43,113,125,13,72,37,17,20,74" hai2="71,126,76,112,21,86,55,70,45,90,3,33,79" hai3="89,92,49,39,22,29,133,100,14,0,115,9,73"/><V65/><F33/><W53/><G39/><T132/><D114/><U78/><E113/><V2/><F112/><W66/><G115/><T119/><D119/><U127/><E106/><V40/><F126/><N who="1" m="48137" /><E121/><V122/><F122/><W68/><G73/><T26/><D132/><U80/><E7/><V103/><F103/><W116/><G0/><T60/><D128/><U15/><E15/><V31/><F55/><W67/><G116/><T107/><D82/><U38/><E38/><V84/><F3/><W88/><G133/><T120/><D120/><U81/><E81/><V75/><F75/><W98/><G68/><T134/><D134/><U35/><E35/><V5/><F5/><W135/><G135/><T52/><D26/><U32/><E32/><V12/><F2/><W62/><G66/><T95/><D107/><U101/><E101/><V102/><F102/><W44/><G62/><T23/><D104/><U118/><E118/><V123/><F123/><W1/><G67/><T11/><D11/><U51/><E37/><V25/><F12/><W19/><REACH who="3" step="1"/><G1/><REACH who="3" ten="327,240,302,121" step="2"/><T109/><D61/><U6/><E74/><V69/><F69/><W129/><G129/><T48/><D60/><U10/><E72/><V110/><F71/><W77/><G77/><T8/><D109/><U131/><E131/><V105/><F110/><W16/><G16/><T36/><D36/><U94/><E17/><V63/><F79/><W27/><AGARI ba="0,1" hai="9,14,19,22,27,29,44,49,53,88,89,92,98,100" machi="27" ten="30,12000,2" yaku="1,1,0,1,8,1,52,1,54,1,53,1" doraHai="97" doraHaiUra="99" who="3" fromWho="3" sc="327,-30,240,-30,302,-60,121,130" /><INIT seed="3,0,0,2,4,34" ten="297,210,242,251" oya="3" hai0="4,6,41,10,73,24,86,57,38,16,75,52,58" hai1="91,46,129,78,81,70,121,118,134,60,80,8,15" hai2="83,84,39,61,7,108,27,87,14,12,40,51,33" hai3="28,29,53,128,56,122,98,45,125,76,120,113,62"/><W3/><G3/><T107/><D107/><U105/><E121/><V5/><F39/><W133/><G113/><T106/><D106/><U112/><E112/><V32/><F108/><W20/><G133/><T31/><D38/><U2/><E105/><V63/><F51/><W99/><G128/><T25/><D41/><U43/><E134/><V54/><F54/><W55/><G125/><T88/><D73/><U103/><E103/><V123/><F83/><W95/><G76/><T71/><D71/><U50/><E129/><V135/><F135/><W132/><G132/><T79/><D79/><U49/><E118/><V68/><F27/><N who="0" m="10314" /><D31/><U93/><E2/><V101/><F101/><W9/><G9/><T69/><D69/><U18/><E78/><V117/><F68/><W47/><G20/><T89/><D58/><U116/><E116/><V30/><F30/><W109/><G109/><T85/><D75/><U19/><E19/><V77/><F77/><W48/><G120/><T114/><D114/><U104/><E104/><V90/><F117/><W36/><G122/><T23/><D85/><U82/><E70/><V131/><F123/><W94/><G36/><T11/><D11/><U96/><REACH who="1" step="1"/><E60/><REACH who="1" ten="297,200,242,251" step="2"/><V72/><F131/><W97/><REACH who="3" step="1"/><G47/><REACH who="3" ten="297,200,242,241" step="2"/><T130/><D130/><U126/><E126/><V1/><F1/><W111/><G111/><T115/><D115/><U59/><E59/><V66/><F33/><W67/><G67/><T37/><D57/><U26/><E26/><V13/><F32/><W17/><G17/><T92/><D16/><U102/><E102/><V21/><F66/><RYUUKYOKU ba="0,2" sc="297,-15,200,15,242,-15,241,15" hai1="8,15,18,43,46,49,50,80,81,82,91,93,96" hai3="28,29,45,48,53,55,56,62,94,95,97,98,99" /><INIT seed="3,1,2,0,3,31" ten="282,215,227,256" oya="3" hai0="93,4,7,127,49,117,133,2,72,33,76,6,103" hai1="112,79,101,81,42,100,97,134,118,78,131,62,114" hai2="18,28,73,43,25,9,11,37,22,64,54,38,39" hai3="80,29,92,35,48,105,91,102,51,13,34,85,119"/><W16/><G119/><T126/><D117/><U47/><E118/><V1/><F43/><W116/><G116/><T61/><D133/><U130/><E134/><V124/><F124/><N who="0" m="47658" /><D33/><U58/><E114/><V75/><F64/><W99/><G105/><T5/><D2/><U98/><E112/><V52/><F1/><W82/><G29/><T20/><D61/><U84/><E78/><V8/><REACH who="2" step="1"/><F28/><REACH who="2" ten="282,215,217,256" step="2"/><W104/><G80/><N who="0" m="45063" /><D4/><U70/><E42/><V41/><F41/><W30/><G30/><T65/><D65/><U113/><E113/><V55/><AGARI ba="1,3" hai="8,9,11,18,22,25,37,38,39,52,54,55,73,75" machi="55" ten="40,8000,1" yaku="1,1,0,1,29,2,54,1,53,0" doraHai="31" doraHaiUra="86" who="2" fromWho="2" sc="282,-21,215,-21,217,113,256,-41" /><INIT seed="4,0,0,4,0,14" ten="261,194,330,215" oya="0" hai0="78,48,13,129,102,36,133,104,15,107,17,9,61" hai1="31,41,99,113,108,82,96,131,119,88,32,132,53" hai2="105,124,91,101,76,122,112,20,97,84,110,58,16" hai3="6,4,73,56,89,81,118,123,106,62,3,94,34"/><T103/><D36/><U67/><E119/><V2/><F110/><W39/><G118/><T35/><D35/><U64/><E108/><V23/><F122/><W86/><G39/><T12/><D78/><U49/><E131/><V92/><F124/><W70/><G70/><T68/><D129/><U52/><E132/><V43/><F112/><W74/><G123/><T5/><D133/><U83/><E113/><V18/><F2/><W100/><G34/><T127/><D127/><U42/><E32/><V60/><F43/><N who="1" m="16393" /><E31/><V59/><F76/><W65/><G3/><T37/><D37/><U7/><E7/><V25/><F60/><W51/><G51/><T130/><D130/><U117/><E117/><V30/><F30/><W10/><G10/><T26/><D61/><U85/><E82/><V11/><F11/><W75/><REACH who="3" step="1"/><G106/><REACH who="3" ten="261,194,330,205" step="2"/><T120/><D68/><U24/><E24/><AGARI ba="0,1" hai="16,18,20,23,24,25,58,59,84,91,92,97,101,105" machi="24" ten="30,8000,1" yaku="7,1,9,1,52,2,54,1" doraHai="14" who="2" fromWho="1" sc="261,0,194,-80,330,90,205,0" /><INIT seed="5,0,0,5,2,8" ten="261,114,420,205" oya="1" hai0="113,123,110,52,68,11,10,41,22,20,54,72,114" hai1="103,98,116,0,6,1,69,34,87,25,67,120,99" hai2="105,63,16,43,71,108,128,85,91,61,81,51,9" hai3="106,40,27,62,79,45,32,119,89,112,19,23,134"/><U33/><E116/><V64/><F108/><W49/><G119/><T36/><D68/><U117/><E117/><V29/><F128/><W47/><G134/><T118/><D118/><U93/><E120/><V18/><F105/><W12/><G112/><N who="0" m="43115" /><D72/><U100/><E87/><V121/><F121/><W130/><G130/><T60/><D110/><U30/><E34/><V3/><F61/><W125/><G125/><T135/><D135/><U126/><E126/><V75/><F75/><W109/><G109/><T132/><D132/><U15/><E67/><V95/><F29/><W31/><G106/><T57/><D123/><U24/><E24/><V4/><F81/><W90/><G79/><T104/><D104/><U58/><E69/><V56/><F56/><W96/><G96/><T50/><D41/><U7/><E58/><V46/><AGARI ba="0,0" hai="3,4,9,16,18,43,46,51,63,64,71,85,91,95" machi="46" ten="30,2000,0" yaku="0,1,54,1" doraHai="8" who="2" fromWho="2" sc="261,-5,114,-10,420,20,205,-5" /><INIT seed="6,0,0,1,5,50" ten="256,104,440,200" oya="2" hai0="82,55,65,122,1,45,56,77,44,17,107,36,89" hai1="132,57,15,18,92,87,39,61,54,34,91,8,78" hai2="97,104,74,75,93,27,109,130,7,80,51,71,64" hai3="13,90,26,101,115,70,81,133,134,100,129,119,84"/><V2/><F130/><W110/><G70/><T128/><D1/><U37/><E132/><N who="3" m="50794" /><G26/><T135/><D107/><U12/><E34/><V22/><F104/><W4/><G13/><T31/><D31/><U94/><E78/><V47/><F109/><W67/><G4/><T25/><D65/><U21/><REACH who="1" step="1"/><E94/><REACH who="1" ten="256,94,440,200" step="2"/><V43/><F93/><W19/><G119/><T126/><D77/><U38/><E38/><V28/><F75/><W106/><G110/><T79/><D36/><U120/><E120/><V108/><F74/><W69/><G129/><T33/><D79/><U62/><E62/><V35/><F35/><W112/><G106/><T63/><D33/><U41/><E41/><V5/><F43/><W121/><G121/><T24/><D122/><U49/><E49/><V73/><F51/><W113/><G19/><AGARI ba="0,1" hai="8,12,15,18,19,21,37,39,54,57,61,87,91,92" machi="19" ten="30,3900,0" yaku="1,1,7,1,52,1,53,0" doraHai="50" doraHaiUra="32" who="1" fromWho="3" sc="256,0,94,49,440,0,200,-39" /><INIT seed="7,0,0,1,1,132" ten="256,143,440,161" oya="3" hai0="6,105,65,28,68,56,35,16,97,109,40,115,30" hai1="111,8,14,118,2,21,94,25,95,101,123,29,42" hai2="113,82,5,15,58,62,128,98,75,73,121,131,70" hai3="19,89,93,47,122,92,11,79,130,12,59,104,133"/><W52/><G122/><T91/><D68/><U10/><E123/><V32/><F113/><W43/><G104/><T31/><D35/><U1/><E111/><V85/><F32/><W114/><G114/><T107/><D16/><U71/><E71/><V45/><F45/><W49/><G133/><T26/><D26/><U3/><E118/><V64/><F70/><W41/><G130/><N who="2" m="49705" /><F98/><W129/><G129/><T110/><D40/><U108/><E108/><V57/><F57/><W78/><G43/><T74/><D56/><U39/><E39/><V69/><F69/><W126/><G126/><T60/><D6/><U36/><E36/><V51/><F51/><W80/><G80/><T18/><D97/><U125/><E125/><V54/><F54/><W99/><REACH who="3" step="1"/><G93/><REACH who="3" ten="256,143,440,151" step="2"/><T17/><D105/><U102/><E42/><V135/><F121/><W124/><G124/><T96/><D107/><U120/><E120/><V127/><F135/><W27/><G27/><T13/><D115/><U9/><REACH who="1" step="1"/><E14/><REACH who="1" ten="256,133,440,151" step="2"/><V48/><F82/><W34/><G34/><T77/><D13/><U100/><AGARI ba="0,2" hai="1,2,3,8,9,10,21,25,29,94,95,100,101,102" machi="100" ten="40,8000,1" yaku="1,1,2,1,0,1,29,2,53,0" doraHai="132" doraHaiUra="119" who="1" fromWho="1" sc="256,-20,133,100,440,-20,151,-40" owari="236,4.0,233,-17.0,420,52.0,111,-39.0" /></mjloggm>