<mjloggm ver="2.3"><GO type="97" lobby="0"/><UN n0="%4A%50%53%E6%9D%B1%E9%A2%A8" n1="%E5%B0%B1%E6%B4%BB%E7%94%9F%40%E5%B7%9D%E6%9D%91%E8%BB%8D%E5%9B%A3" n2="%6D%61%72%69%73%61%2D%6B" n3="%E8%8C%A8%E3%81%AE%E5%90%9B" dan="15,14,15,14" rate="2030.72,1967.90,1984.48,1922.11" sx="M,M,F,M"/><TAIKYOKU oya="0"/><INIT seed="0,0,0,0,4,3" ten="250,250,250,250" oya="0" hai0="76,15,20,38,14,118,43,131,33,34,60,85,135" hai1="83,106,91,128,67,40,115,4,114,133,82,130,129" hai2="17,36,90,113,32,2,6,110,99,134,93,92,123" hai3="74,35,13,81,57,24,101,56,125,8,64,10,52"/><T47/><D118/><U87/><E106/><V89/><F123/><W104/><G125/><T124/><D124/><U21/><E133/><V11/><F113/><N who="1" m="43017" /><E40/><V132/><F36/><W107/><G64/><T55/><D15/><U29/><E67/><V96/><F110/><W102/><G24/><T105/><D105/><U0/><E83/><V95/><F32/><W46/><G35/><T53/><D53/><U23/><E29/><V30/><F30/><W109/><G109/><T68/><D85/><U127/><E127/><V73/><F73/><W39/><G39/><T18/><D76/><U108/><E108/><V69/><F69/><W122/><G122/><T120/><D120/><U103/><E103/><N who="3" m="39434" /><G74/><T19/><D135/><U70/><E70/><V66/><F66/><W88/><G104/><T12/><D131/><U51/><E51/><V75/><F75/><W98/><G107/><T112/><D112/><U54/><E54/><V77/><F77/><W7/><G10/><AGARI ba="0,0" hai="0,4,10,21,23,82,87,91,128,129,130" m="43017" machi="10" ten="40,5200,0" yaku="19,1,11,1,52,1" doraHai="3" who="1" fromWho="3" sc="250,0,250,52,250,0,250,-52" /><INIT seed="1,0,0,2,1,26" ten="250,302,250,198" oya="1" hai0="61,21,129,127,5,68,65,57,118,73,89,116,91" hai1="131,113,3,105,92,46,88,29,41,104,106,111,115" hai2="27,43,94,0,13,14,1,90,64,34,102,17,12" hai3="20,133,44,114,84,50,76,23,112,72,28,125,120"/><U55/><E3/><V51/><F64/><W53/><G120/><T110/><D5/><U62/><E131/><V35/><F102/><W103/><G125/><T119/><D73/><U37/><E111/><V42/><F51/><W40/><G133/><T9/><D129/><U98/><REACH who="1" step="1"/><E29/><REACH who="1" ten="250,292,250,198" step="2"/><V82/><F0/><W124/><G124/><T60/><D110/><U11/><E11/><V16/><F1/><W80/><G114/><T134/><D127/><U109/><E109/><V4/><F4/><W32/><G112/><T75/><D134/><U121/><E121/><V2/><F2/><W63/><G103/><T122/><D9/><U71/><E71/><V15/><N who="2" m="3072" /><DORA hai="93" /><V36/><F34/><W24/><REACH who="3" step="1"/><G72/><REACH who="3" ten="250,292,250,188" step="2"/><T79/><D119/><U85/><E85/><V117/><F117/><W31/><G31/><T10/><D118/><U19/><E19/><V6/><F17/><W59/><AGARI ba="0,2" hai="20,23,24,28,32,40,44,50,53,59,63,76,80,84" machi="59" ten="30,4000,0" yaku="1,1,0,1,52,1,53,0" doraHai="26,93" doraHaiUra="126,123" who="3" fromWho="3" sc="250,-10,292,-20,250,-10,188,60" /><INIT seed="2,0,0,4,3,68" ten="240,272,240,248" oya="2" hai0="34,51,113,99,83,76,66,116,33,126,82,119,56" hai1="48,81,0,30,134,37,14,42,86,57,75,85,44" hai2="60,65,15,28,108,121,18,26,89,70,103,11,96" hai3="129,87,67,118,69,73,125,80,7,97,20,90,3"/><V9/><F121/><W79/><G118/><N who="0" m="45099" /><D113/><U22/><E0/><V104/><F89/><W63/><G125/><T40/><D126/><U47/><E134/><V1/><F1/><W29/><G129/><T109/><D109/><U135/><E135/><V122/><F122/><W133/><G133/><T101/><D40/><U17/><E30/><V41/><F41/><W106/><G20/><T115/><D115/><U5/><E5/><V123/><F123/><W10/><G29/><T61/><D51/><U25/><E25/><V92/><F108/><W55/><G55/><T43/><D43/><U107/><E107/><V45/><F45/><W105/><REACH who="3" step="1"/><G97/><REACH who="3" ten="240,272,240,238" step="2"/><T8/><D8/><U6/><E22/><N who="2" m="11615" /><F92/><AGARI ba="0,1" hai="3,7,10,63,67,69,73,79,80,87,90,92,105,106" machi="92" ten="30,3900,0" yaku="1,1,7,1,53,1" doraHai="68" doraHaiUra="4" who="3" fromWho="2" sc="240,0,272,0,240,-39,238,49" /><INIT seed="3,0,0,1,0,31" ten="240,272,201,287" oya="3" hai0="32,44,4,86,103,118,77,71,116,65,78,120,82" hai1="1,115,40,47,74,29,126,52,38,53,0,11,66" hai2="73,5,26,79,98,18,99,84,72,19,58,62,17" hai3="37,100,59,128,121,16,64,30,113,81,2,135,3"/><W36/><G121/><T108/><D120/><U76/><E115/><V68/><F68/><W106/><G113/><T6/><D32/><U127/><E66/><V110/><F110/><W35/><G81/><T56/><D71/><U10/><E29/><V92/><F5/><W12/><G59/><T54/><D77/><U119/><E119/><V85/><F73/><W67/><G100/><T87/><D103/><U43/><E43/><V80/><F26/><W61/><G106/><T69/><D69/><U23/><E23/><V89/><REACH who="2" step="1"/><F99/><REACH who="2" ten="240,272,191,287" step="2"/><W13/><G135/><T60/><D108/><U20/><E74/><V133/><F133/><W57/><G128/><T63/><D118/><U46/><E1/><V122/><F122/><W55/><G2/><T49/><D116/><U70/><E0/><V101/><F101/><W109/><G3/><T33/><D33/><U130/><E70/><V45/><F45/><W107/><G109/><T104/><D104/><U91/><E47/><V42/><F42/><W123/><G107/><T95/><D63/><U125/><E130/><V21/><F21/><W25/><G123/><T50/><D50/><U132/><E20/><V117/><F117/><W83/><G13/><T114/><D114/><U15/><E132/><V102/><F102/><W96/><G96/><T24/><D24/><U22/><E22/><V28/><F28/><W129/><G129/><T90/><AGARI ba="0,1" hai="4,6,44,49,54,56,60,65,78,82,86,87,90,95" machi="90" ten="30,2000,0" yaku="0,1,8,1" doraHai="31" who="0" fromWho="0" sc="240,30,272,-5,191,-5,287,-10" /><INIT seed="4,0,0,5,3,129" ten="270,267,186,277" oya="0" hai0="128,2,11,98,99,79,97,70,94,89,108,0,109" hai1="39,107,9,10,27,87,122,3,124,56,18,49,100" hai2="67,17,48,91,28,75,125,52,135,132,30,55,121" hai3="31,37,85,78,40,123,134,113,46,57,110,103,26"/><T38/><D38/><U83/><E39/><V14/><F121/><W45/><G110/><N who="0" m="42603" /><D70/><U58/><E122/><V35/><F125/><W105/><G123/><T22/><D128/><U53/><E124/><V1/><F1/><N who="0" m="618" /><D79/><U73/><E73/><V115/><F115/><W130/><G130/><T81/><D81/><U114/><E114/><V7/><F7/><W47/><G113/><T6/><D22/><U92/><E107/><V12/><F75/><W54/><G134/><N who="2" m="51241" /><F67/><W33/><G103/><T104/><D104/><U119/><E119/><V72/><F72/><W36/><G105/><T61/><D61/><U44/><E3/><AGARI ba="0,0" hai="3,6,11,89,94,97,98,99" m="618,42603" machi="3" ten="30,1500,0" yaku="10,1" doraHai="129" who="0" fromWho="1" sc="270,15,267,-15,186,0,277,0" /><INIT seed="4,1,0,5,1,6" ten="285,252,186,277" oya="0" hai0="20,52,82,99,62,124,34,63,68,3,40,38,73" hai1="5,89,48,108,22,118,54,130,53,119,75,24,122" hai2="36,109,37,69,13,47,76,94,41,100,128,83,85" hai3="18,11,110,67,132,90,45,117,96,88,70,81,15"/><T101/><D124/><U61/><E122/><V30/><F69/><W9/><G110/><T120/><D120/><U51/><E75/><V116/><F116/><W77/><G117/><T12/><D34/><U44/><E108/><V65/><F128/><W17/><G132/><T26/><D3/><U95/><E130/><V129/><F129/><W60/><G96/><T134/><D134/><U14/><E61/><V92/><F109/><W113/><G113/><T111/><D111/><U49/><E14/><V2/><F2/><W107/><G107/><T87/><D73/><U72/><E5/><V50/><F65/><W86/><G45/><T98/><D40/><U55/><E72/><V39/><F30/><W7/><G18/><N who="0" m="12567" /><D12/><AGARI ba="1,0" hai="7,9,11,12,15,17,60,67,70,77,81,86,88,90" machi="12" ten="30,7700,0" yaku="7,1,52,2,54,1" doraHai="6" who="3" fromWho="0" sc="285,-80,252,0,186,0,277,80" owari="205,-19.0,252,5.0,186,-31.0,357,45.0" /></mjloggm>