<mjloggm ver="2.3"><GO type="41" lobby="0"/><UN n0="%E3%82%AC%E3%83%8E%E3%83%80%E3%83%9F" n1="%E5%B0%B1%E6%B4%BB%E7%94%9F%40%E5%B7%9D%E6%9D%91%E8%BB%8D%E5%9B%A3" n2="%E3%83%A2%E3%83%A8%E3%82%B3" n3="%64%61%62%75%74%6F%6E" dan="13,16,13,14" rate="1919.02,2145.57,1891.21,1937.17" sx="M,M,M,M"/><TAIKYOKU oya="0"/><INIT seed="0,0,0,4,4,68" ten="250,250,250,250" oya="0" hai0="50,38,13,42,84,43,60,32,25,19,92,134,124" hai1="102,29,55,135,53,76,83,110,36,94,56,1,97" hai2="107,117,115,66,108,128,45,40,28,30,63,113,70" hai3="27,49,93,122,39,59,89,62,101,87,46,4,48"/><T15/><D134/><U126/><E110/><V82/><F108/><W109/><G109/><T11/><D124/><U114/><E126/><V133/><F133/><W6/><G122/><T120/><D120/><U64/><E135/><V9/><F107/><W116/><G116/><T123/><D123/><U132/><E132/><V80/><F117/><W22/><G39/><T73/><D73/><U17/><E1/><V16/><F128/><W91/><G101/><T44/><D60/><U127/><E127/><V131/><F131/><W71/><G71/><T74/><D74/><U99/><E114/><V51/><F80/><W98/><G46/><T72/><D72/><U58/><E36/><V81/><F81/><W103/><G4/><T121/><D121/><U86/><E29/><V100/><F100/><W34/><G6/><T21/><D32/><U20/><E97/><V75/><F30/><W41/><G41/><N who="0" m="24847" /><D38/><U106/><E106/><V125/><F28/><W61/><G34/><T95/><D95/><U54/><REACH who="1" step="1"/><E64/><REACH who="1" ten="250,240,250,250" step="2"/><V26/><F125/><W111/><G111/><T105/><D105/><U33/><E33/><V12/><F115/><W78/><G98/><T57/><D57/><U65/><E65/><V24/><F113/><W5/><G59/><T7/><D25/><AGARI ba="0,1" hai="17,20,25,53,54,55,56,58,76,83,86,94,99,102" machi="25" ten="40,5200,0" yaku="1,1,8,1,53,1" doraHai="68" doraHaiUra="18" who="1" fromWho="0" sc="250,-52,240,62,250,0,250,0" /><INIT seed="1,0,0,3,4,56" ten="198,302,250,250" oya="1" hai0="27,42,119,12,77,31,24,60,65,21,40,26,69" hai1="109,87,57,104,121,103,129,128,25,116,111,94,83" hai2="19,101,105,67,7,91,125,33,120,1,114,30,55" hai3="17,10,70,133,54,124,130,64,36,72,6,47,122"/><U115/><E115/><V35/><F120/><W53/><G17/><T22/><D119/><U48/><E121/><V62/><F114/><W15/><G122/><T49/><D77/><U74/><E116/><V73/><F73/><W51/><G72/><T89/><D26/><U96/><E25/><V126/><F30/><W102/><G133/><T93/><D12/><U4/><E4/><V59/><F7/><W45/><G130/><N who="1" m="50282" /><E48/><V100/><F1/><W44/><G124/><N who="2" m="47721" /><F91/><W76/><G76/><T38/><D49/><U71/><E71/><N who="2" m="42487" /><F19/><W113/><G113/><T78/><D78/><N who="1" m="44503" /><E57/><V2/><F2/><W29/><G29/><T34/><D34/><N who="2" m="12810" /><F105/><W46/><G102/><T85/><REACH who="0" step="1"/><D38/><REACH who="0" ten="188,302,250,250" step="2"/><U18/><E18/><AGARI ba="0,1" hai="18,21,22,24,27,31,40,42,60,65,69,85,89,93" machi="18" ten="30,8000,1" yaku="1,1,2,1,7,1,52,1,53,1" doraHai="56" doraHaiUra="88" who="0" fromWho="1" sc="188,90,302,-80,250,0,250,0" /><INIT seed="2,0,0,2,5,14" ten="278,222,250,250" oya="2" hai0="57,110,51,46,42,38,72,5,132,93,84,78,31" hai1="64,9,67,50,135,89,109,124,106,54,26,41,86" hai2="112,88,116,126,92,65,60,32,56,52,113,83,35" hai3="53,77,130,74,15,87,102,129,45,6,24,19,12"/><V90/><F116/><W66/><G74/><T25/><D110/><U2/><E106/><V36/><F36/><W7/><G102/><T82/><D132/><U69/><E69/><V91/><F126/><W70/><G70/><T30/><D5/><U16/><E124/><V103/><F83/><W13/><G66/><N who="1" m="25130" /><E2/><V59/><F35/><W8/><G77/><T28/><D38/><U17/><E109/><V55/><F32/><W62/><G87/><T100/><D57/><N who="1" m="32983" /><E135/><V33/><F33/><W96/><G96/><N who="0" m="59407" /><D72/><U123/><E123/><V44/><F44/><W58/><G45/><T48/><D48/><U21/><E41/><V4/><F4/><W11/><REACH who="3" step="1"/><G24/><AGARI ba="0,0" hai="24,25,28,30,31,42,46,51,78,82,84" m="59407" machi="24" ten="30,1000,0" yaku="8,1" doraHai="14" who="0" fromWho="3" sc="278,10,222,0,250,0,250,-10" /><INIT seed="3,0,0,1,1,50" ten="288,222,250,240" oya="3" hai0="70,134,38,90,11,42,83,0,20,105,22,76,127" hai1="39,88,117,75,14,6,116,101,93,81,57,71,25" hai2="60,40,85,98,26,61,68,95,100,131,7,12,51" hai3="29,80,31,43,1,89,97,41,91,114,17,135,108"/><W62/><G114/><T67/><D105/><U64/><E71/><V28/><F131/><W44/><G1/><T125/><D134/><U59/><E39/><V86/><F68/><W33/><G135/><T84/><D70/><U102/><E25/><V110/><F110/><W115/><G115/><T56/><D42/><U4/><E75/><V27/><F28/><W113/><G113/><T5/><D38/><U65/><E81/><V74/><F74/><W3/><G3/><T109/><D109/><U94/><REACH who="1" step="1"/><E14/><REACH who="1" ten="288,212,250,240" step="2"/><V55/><F26/><W112/><G112/><T118/><D118/><U104/><E104/><V72/><F27/><W122/><G108/><T130/><D130/><U73/><E73/><V46/><F72/><W78/><G80/><T133/><D133/><U120/><E120/><V82/><F82/><W121/><G122/><T99/><D83/><U124/><E124/><V126/><F126/><W35/><G121/><T92/><D0/><U54/><E54/><V48/><F12/><W69/><G69/><T77/><D127/><U16/><E16/><V53/><F40/><W87/><G41/><T8/><D125/><U23/><E23/><V30/><F30/><W10/><G43/><T106/><D22/><U18/><E18/><V21/><F21/><W129/><G31/><T2/><D20/><U96/><E96/><V107/><F107/><W123/><G29/><T58/><D99/><U24/><E24/><V37/><F37/><W128/><G123/><T52/><D106/><U79/><E79/><V45/><F7/><W47/><G128/><T132/><D2/><RYUUKYOKU ba="0,1" sc="288,-15,212,15,250,15,240,-15" hai1="4,6,57,59,64,65,88,93,94,101,102,116,117" hai2="45,46,48,51,53,55,60,61,85,86,95,98,100" /><INIT seed="4,1,1,4,1,91" ten="273,227,265,225" oya="0" hai0="21,96,54,102,83,41,80,20,114,76,121,17,33" hai1="109,57,44,5,118,22,74,129,95,61,97,132,19" hai2="2,24,75,71,73,32,7,47,6,3,68,94,113" hai3="116,86,85,16,60,115,30,110,26,13,72,81,117"/><T58/><D121/><U92/><E118/><V99/><F113/><W63/><G110/><T107/><D114/><U67/><E109/><V51/><F7/><W105/><G115/><T46/><D33/><U89/><E74/><V59/><F59/><W9/><G105/><T90/><D90/><N who="1" m="55447" /><E132/><V27/><F73/><W119/><G72/><T0/><D0/><U37/><E129/><V4/><F75/><W23/><REACH who="3" step="1"/><G86/><REACH who="3" ten="273,227,265,215" step="2"/><T111/><D111/><U106/><E106/><V127/><F99/><W34/><G34/><T64/><D107/><U103/><E37/><V1/><F32/><W8/><G8/><T134/><D134/><U125/><E125/><V130/><F127/><W50/><G50/><T78/><D20/><U14/><E44/><V38/><F38/><W84/><G84/><T79/><D21/><U108/><E108/><V122/><F51/><W48/><G48/><T77/><D46/><U36/><E36/><V15/><F47/><W62/><G62/><T93/><D41/><U98/><E5/><V39/><F39/><W65/><G65/><T42/><D42/><U53/><E67/><V40/><F40/><W101/><G101/><AGARI ba="1,2" hai="14,19,22,53,57,61,89,95,98,101,103" m="55447" machi="101" ten="30,3900,0" yaku="8,1,52,2" doraHai="91" who="1" fromWho="3" sc="273,0,227,62,265,0,215,-42" /><INIT seed="5,0,0,4,3,14" ten="273,289,265,173" oya="1" hai0="23,65,123,15,31,40,37,77,81,38,120,9,18" hai1="19,72,98,89,10,1,12,75,34,113,114,32,20" hai2="8,131,4,0,135,125,101,55,35,70,48,51,106" hai3="25,122,115,104,109,86,53,80,49,45,95,107,16"/><U71/><E71/><V74/><F35/><N who="1" m="13353" /><E98/><V54/><F74/><W56/><G109/><T68/><D40/><U58/><E58/><V84/><F70/><W102/><G122/><N who="0" m="46635" /><D68/><U129/><E89/><V112/><F135/><W42/><G115/><N who="1" m="44042" /><E129/><V30/><F112/><W117/><G117/><T78/><D65/><U127/><E127/><V57/><F131/><W134/><G134/><T60/><D60/><U93/><E93/><V118/><F118/><W13/><G25/><N who="0" m="16831" /><D78/><U44/><E44/><V130/><F130/><W26/><G26/><T29/><D29/><U105/><E105/><V64/><F125/><W90/><G102/><T76/><D76/><U110/><E110/><V62/><F30/><W73/><G73/><AGARI ba="0,0" hai="9,15,18,37,38,73,77,81" m="16831,46635" machi="73" ten="30,2000,0" yaku="13,1,52,1" doraHai="14" who="0" fromWho="3" sc="273,20,289,0,265,0,173,-20" /><INIT seed="6,0,0,5,3,9" ten="293,289,265,153" oya="2" hai0="3,91,72,54,77,48,4,113,84,18,61,86,22" hai1="40,79,93,132,71,28,37,36,19,51,125,88,111" hai2="121,122,112,44,26,13,109,99,90,17,20,120,16" hai3="43,25,97,33,83,118,127,58,29,62,10,27,66"/><V31/><F112/><W38/><G118/><T76/><D113/><U30/><E71/><V106/><F109/><W110/><G110/><T96/><D72/><U75/><E111/><V42/><F17/><W60/><G127/><T34/><D34/><U85/><E125/><V8/><F90/><W104/><G43/><T52/><D4/><U101/><E132/><V73/><F73/><W14/><G38/><T116/><D3/><U63/><E101/><V70/><F70/><W108/><G108/><T55/><D61/><U1/><E1/><V126/><F126/><W47/><G47/><T74/><D74/><U67/><E51/><V81/><F81/><W98/><G25/><N who="0" m="14551" /><D48/><U89/><E89/><V46/><REACH who="2" step="1"/><F42/><REACH who="2" ten="293,289,255,153" step="2"/><W133/><G133/><T103/><D116/><U35/><E40/><V123/><N who="2" m="30720" /><DORA hai="45" /><V56/><F56/><W53/><G83/><T107/><D107/><U124/><E124/><V128/><F128/><W32/><G104/><T82/><D82/><U23/><E75/><V115/><F115/><W6/><REACH who="3" step="1"/><G33/><REACH who="3" ten="293,289,255,143" step="2"/><T80/><D80/><U49/><E35/><V59/><F59/><AGARI ba="0,2" hai="6,10,14,27,29,32,53,58,59,60,62,66,97,98" machi="59" ten="30,8000,1" yaku="1,1,2,1,7,1,52,1,53,1" doraHai="9,45" doraHaiUra="135,5" who="3" fromWho="2" sc="293,0,289,0,255,-80,143,100" /><INIT seed="7,0,0,2,3,57" ten="293,289,175,243" oya="3" hai0="41,127,84,51,1,11,60,31,18,53,5,73,104" hai1="88,14,33,120,74,77,110,134,70,35,125,30,0" hai2="42,10,107,130,7,92,55,96,39,64,123,87,102" hai3="27,76,94,117,108,20,93,19,85,4,52,80,37"/><W12/><G117/><T6/><D104/><U48/><E120/><V38/><F130/><W65/><G37/><T15/><D73/><U115/><E0/><V69/><F123/><W91/><G65/><T126/><D31/><U9/><E70/><V68/><F68/><W121/><G121/><T133/><D133/><U119/><E119/><V71/><F71/><W98/><G108/><T16/><D84/><U58/><E110/><V109/><F109/><W8/><G94/><T2/><D60/><U106/><E106/><V61/><F42/><W26/><REACH who="3" step="1"/><G52/><REACH who="3" ten="293,289,175,233" step="2"/><T72/><D53/><U56/><E134/><V34/><F55/><W128/><G128/><T36/><D36/><U29/><E58/><V131/><F131/><W13/><AGARI ba="0,1" hai="4,8,12,13,19,20,26,27,76,80,85,91,93,98" machi="13" ten="20,12000,1" yaku="1,1,0,1,7,1,8,1,53,1" doraHai="57" doraHaiUra="90" who="3" fromWho="3" sc="293,-40,289,-40,175,-40,233,130" owari="253,5.0,249,-15.0,135,-36.0,363,46.0" /></mjloggm>