<mjloggm ver="2.3"><GO type="169" lobby="0"/><UN n0="%E3%83%89%E3%83%90%E3%82%AF%E3%83%81%E5%A4%A7%E9%87%8E" n1="%E3%83%88%E3%83%88%E3%83%AA%E5%85%88%E7%94%9F%31%39%E6%AD%B3" n2="%E3%83%97%E3%83%AD%E3%83%86%E3%82%A4%E3%83%B3%E5%BE%97%E7%9B%9B" n3="%62%75%74%69%74%61%6D%61" dan="16,18,17,17" rate="2108.43,2194.85,2175.64,2167.92" sx="M,F,M,M"/><TAIKYOKU oya="0"/><INIT seed="0,0,0,0,2,134" ten="250,250,250,250" oya="0" hai0="100,98,15,27,89,18,12,130,101,135,21,25,128" hai1="29,41,36,44,14,105,66,67,16,53,80,17,54" hai2="76,86,30,132,20,51,32,31,19,39,58,115,82" hai3="49,34,109,96,35,91,131,106,78,133,68,110,99"/><T3/><D3/><U113/><E105/><V74/><F39/><W129/><G68/><T2/><D2/><U60/><E113/><V114/><F132/><W1/><G1/><T112/><D135/><U120/><E120/><V23/><F32/><W13/><G133/><T8/><D112/><U85/><E29/><V56/><F74/><W62/><G62/><T108/><D89/><U45/><E45/><V22/><F115/><W83/><G13/><T121/><D121/><U63/><E63/><V90/><F114/><W118/><G49/><T50/><D108/><N who="3" m="41577" /><G34/><T111/><D111/><U79/><E17/><V4/><F4/><W11/><G11/><T6/><D50/><U73/><E73/><V9/><F76/><W84/><G35/><T64/><D64/><U104/><E104/><V87/><F87/><N who="3" m="48631" /><G118/><T69/><D101/><U75/><E75/><V42/><F58/><W10/><G10/><T46/><D46/><U38/><E38/><V65/><F65/><W59/><G59/><T5/><D69/><U88/><E79/><V26/><F26/><W55/><G55/><T57/><D57/><U28/><E28/><V119/><F119/><W125/><G106/><N who="0" m="63767" /><D6/><U117/><E66/><V103/><F103/><W43/><G43/><T37/><D37/><U127/><E117/><V24/><F24/><W102/><G102/><T124/><D27/><U72/><E54/><N who="2" m="31839" /><F42/><W7/><G7/><T33/><D33/><U92/><E53/><V93/><F31/><W40/><G40/><T116/><D116/><U107/><E107/><V126/><F30/><W52/><G52/><RYUUKYOKU ba="0,0" sc="250,0,250,0,250,0,250,0" /><INIT seed="1,1,0,5,1,123" ten="250,250,250,250" oya="1" hai0="95,66,122,60,115,110,3,2,128,62,45,27,59" hai1="120,114,41,22,20,47,25,1,104,44,5,108,49" hai2="84,40,105,112,48,76,109,65,52,74,103,91,106" hai3="64,98,54,30,23,12,73,134,35,118,75,102,19"/><U32/><E114/><V51/><F112/><W6/><G134/><T125/><D115/><U46/><E120/><V94/><F65/><W119/><G64/><T4/><D122/><U28/><E104/><V129/><F129/><W90/><G90/><T101/><D128/><U127/><E127/><V82/><F109/><W9/><G54/><T124/><D110/><U81/><E108/><V77/><F77/><W79/><G30/><T135/><D135/><U31/><E1/><V117/><F117/><N who="3" m="44555" /><G79/><T85/><D45/><U21/><E5/><V43/><F51/><W0/><G35/><T86/><D27/><U26/><REACH who="1" step="1"/><E81/><REACH who="1" ten="250,240,250,250" step="2"/><V126/><F126/><W37/><G37/><T42/><D4/><U58/><E58/><V11/><F106/><AGARI ba="1,1" hai="0,6,9,12,19,23,73,75,98,102,106" m="44555" machi="106" ten="30,1000,0" yaku="12,1" doraHai="123" who="3" fromWho="2" sc="250,0,240,0,250,-13,250,23" /><INIT seed="2,0,0,2,1,126" ten="250,240,237,273" oya="2" hai0="22,18,40,81,15,63,52,127,65,130,46,11,54" hai1="79,121,73,20,61,115,74,23,21,14,50,47,133" hai2="135,44,7,100,49,112,98,41,33,56,24,96,26" hai3="5,88,16,57,114,64,6,69,103,106,80,43,117"/><V35/><F112/><W3/><G69/><T110/><D127/><U59/><E115/><V32/><F135/><W134/><G114/><T83/><D110/><U101/><E133/><V131/><F7/><W91/><G134/><T129/><D83/><U113/><E113/><V107/><F131/><N who="0" m="50186" /><D81/><U48/><E121/><V76/><F76/><W111/><G80/><T55/><D22/><U89/><E79/><V39/><F98/><W68/><G68/><N who="0" m="42047" /><D55/><U4/><E89/><V42/><F42/><W17/><G43/><T90/><D90/><U38/><E101/><V78/><F78/><W82/><G103/><T123/><D123/><U13/><E73/><V99/><F99/><W2/><G82/><T124/><D124/><U0/><E23/><V132/><F132/><W92/><G111/><T75/><D75/><U116/><E21/><V60/><REACH who="2" step="1"/><F39/><AGARI ba="0,0" hai="11,15,18,39,40,46,52,54" m="42047,50186" machi="39" ten="30,8000,1" yaku="19,1,52,3,54,1" doraHai="126" who="0" fromWho="2" sc="250,80,240,0,237,-80,273,0" /><INIT seed="3,0,0,2,0,46" ten="330,240,157,273" oya="3" hai0="114,43,125,32,16,135,119,102,9,60,40,98,54" hai1="93,15,64,86,108,24,85,48,31,80,37,17,41" hai2="53,28,33,25,61,97,116,5,123,66,36,126,18" hai3="101,29,59,132,77,118,47,4,81,110,3,12,112"/><W13/><G118/><T72/><D119/><U35/><E37/><V73/><F36/><W8/><G112/><T134/><D72/><U71/><E108/><V26/><F73/><W74/><G132/><N who="0" m="50731" /><D32/><U63/><E93/><V131/><F116/><W45/><G110/><T89/><D89/><U84/><E41/><V95/><F123/><W87/><G101/><T2/><D114/><U21/><REACH who="1" step="1"/><E48/><REACH who="1" ten="330,230,157,273" step="2"/><V127/><F131/><W103/><G81/><AGARI ba="0,1" hai="15,17,21,24,31,35,63,64,71,80,81,84,85,86" machi="81" ten="40,5200,0" yaku="1,1,2,1,53,1" doraHai="46" doraHaiUra="19" who="1" fromWho="3" sc="330,0,230,62,157,0,273,-52" /><INIT seed="4,0,0,3,3,17" ten="330,292,157,221" oya="0" hai0="5,25,45,131,106,99,48,129,49,71,55,15,79" hai1="86,10,74,16,28,73,88,43,20,126,87,56,35" hai2="130,8,128,51,107,58,65,105,24,116,100,103,119" hai3="29,11,111,93,78,84,40,72,60,27,124,23,30"/><T31/><D71/><U98/><E126/><V66/><F8/><W33/><G111/><T133/><D133/><U52/><E43/><V18/><F51/><W96/><G124/><T53/><D79/><U118/><E118/><N who="2" m="45099" /><F58/><W57/><G72/><T134/><D134/><U123/><E123/><V83/><F18/><W104/><G104/><N who="2" m="40009" /><F24/><W2/><G40/><T121/><D121/><U110/><E110/><V50/><F50/><W19/><G84/><N who="1" m="32298" /><E10/><V1/><F1/><W21/><G78/><T64/><D64/><N who="2" m="24682" /><F83/><W4/><G30/><T59/><D5/><U82/><E82/><V6/><F6/><W132/><G132/><T26/><D15/><U90/><E28/><V112/><F112/><W67/><REACH who="3" step="1"/><G19/><REACH who="3" ten="330,292,157,211" step="2"/><T46/><D31/><U12/><E73/><V135/><F135/><W34/><G34/><T7/><D106/><U69/><E35/><V41/><F41/><W80/><G80/><T115/><D115/><U62/><E74/><V97/><F97/><W125/><G125/><T38/><D99/><U14/><E98/><V32/><F32/><W94/><G94/><T13/><D38/><U63/><E16/><V95/><F95/><W92/><G92/><T3/><D45/><U39/><E39/><V117/><F117/><W61/><G61/><T0/><D46/><U120/><E63/><V70/><F70/><W36/><G36/><T37/><D37/><U68/><E120/><V122/><F122/><W109/><G109/><T102/><D7/><U76/><E76/><V89/><F89/><AGARI ba="0,1" hai="2,4,11,21,23,27,29,33,57,60,67,89,93,96" machi="89" ten="30,7700,0" yaku="1,1,7,1,52,2,53,0" doraHai="17" doraHaiUra="9" who="3" fromWho="2" sc="330,0,292,0,157,-77,211,87" /><INIT seed="5,0,0,5,4,124" ten="330,292,80,298" oya="1" hai0="135,15,1,23,104,94,58,128,40,98,75,32,107" hai1="122,70,19,82,2,89,65,38,22,59,86,45,96" hai2="35,6,9,51,27,90,131,125,88,46,57,113,41" hai3="33,44,24,31,79,43,20,30,14,80,18,26,16"/><U110/><E122/><V48/><F125/><W28/><G18/><T3/><D32/><U97/><E2/><V39/><F39/><W81/><G79/><T118/><D75/><U72/><E70/><V84/><F113/><W49/><REACH who="3" step="1"/><G31/><REACH who="3" ten="330,292,80,288" step="2"/><T85/><D118/><U120/><E120/><V76/><F76/><W60/><G60/><T99/><D135/><U66/><E110/><V121/><F121/><W126/><G126/><T117/><D117/><U106/><E72/><V83/><F90/><W127/><G127/><T87/><D104/><U103/><E106/><V68/><F68/><W47/><G47/><T95/><D107/><U10/><E45/><V7/><F57/><W52/><G52/><T53/><D58/><U119/><E119/><V91/><F91/><W112/><G112/><T130/><D53/><U114/><E114/><V50/><F7/><W93/><G93/><T111/><D111/><U5/><E59/><V134/><F134/><W109/><G109/><T37/><D40/><U108/><E108/><V62/><F62/><W54/><G54/><T105/><D105/><U101/><E66/><V64/><F64/><W133/><G133/><T25/><D95/><U13/><E65/><V63/><F63/><W17/><G17/><T71/><D94/><U67/><E67/><V129/><F41/><W102/><G102/><T11/><D71/><U29/><E29/><N who="2" m="19903" /><F46/><W73/><G73/><T34/><D37/><U100/><E38/><V36/><F36/><W4/><G4/><T21/><D25/><N who="1" m="14559" /><E5/><V77/><F77/><W115/><G115/><T123/><D123/><RYUUKYOKU ba="0,1" sc="330,-30,292,10,80,10,288,10" hai1="10,13,82,86,89,96,97,100,101,103" hai2="6,9,48,50,51,83,84,88,129,131" hai3="14,16,20,24,26,28,30,33,43,44,49,80,81" /><INIT seed="5,1,1,4,4,95" ten="300,302,90,298" oya="1" hai0="103,122,66,3,2,133,52,75,115,96,45,72,94" hai1="114,78,132,69,131,97,56,21,61,121,47,79,101" hai2="33,26,100,123,18,91,9,17,7,77,8,85,112" hai3="107,109,38,92,102,64,130,88,93,135,118,20,89"/><U105/><E121/><V117/><F123/><W10/><G38/><T34/><D122/><U104/><E69/><V134/><F117/><W83/><G109/><T73/><D34/><U0/><E0/><V124/><F77/><W62/><G107/><T108/><D108/><U70/><E70/><V30/><F124/><W51/><G118/><T46/><D133/><U67/><E132/><V4/><F134/><W42/><G135/><T106/><D115/><U24/><E114/><V39/><F39/><W99/><G130/><T37/><D66/><U58/><E131/><V5/><F112/><W54/><G42/><T127/><D127/><U11/><E104/><V49/><F100/><W55/><G10/><T98/><D37/><U25/><E25/><V22/><F49/><W50/><G83/><T6/><D52/><N who="3" m="20009" /><G102/><T29/><D29/><U129/><E129/><V81/><REACH who="2" step="1"/><F18/><REACH who="2" ten="300,302,80,298" step="2"/><W111/><G111/><T43/><D103/><U82/><E79/><V120/><F120/><W13/><G62/><T1/><D6/><U68/><E47/><V60/><F60/><W44/><G44/><T27/><D46/><U84/><E78/><V86/><F86/><N who="3" m="52247" /><G64/><T80/><D45/><U63/><E84/><V59/><F59/><W36/><G36/><T53/><D73/><U128/><E128/><V31/><F31/><W14/><G51/><T71/><D75/><U110/><E110/><V65/><F65/><W32/><G50/><T57/><D72/><U23/><E68/><V28/><F28/><W113/><G113/><T76/><D71/><U12/><E67/><V40/><F40/><RYUUKYOKU ba="1,2" sc="300,-10,302,-10,80,30,298,-10" hai2="4,5,7,8,9,17,22,26,30,33,81,85,91" /><INIT seed="6,2,2,3,2,101" ten="290,292,110,288" oya="2" hai0="132,91,49,34,24,94,32,47,128,78,110,87,9" hai1="7,74,54,11,65,28,88,120,59,67,89,84,81" hai2="40,61,90,51,102,85,33,72,113,2,73,75,131" hai3="58,66,80,56,43,68,117,19,63,126,96,1,35"/><V23/><F33/><W76/><G1/><T18/><D110/><U100/><E74/><V116/><F2/><W103/><G117/><T82/><D132/><U64/><E120/><V109/><F116/><W27/><G43/><T77/><D128/><U16/><E100/><V115/><F131/><W12/><G126/><T36/><D36/><U17/><E28/><V21/><F109/><W53/><G53/><T25/><D78/><U62/><REACH who="1" step="1"/><E89/><REACH who="1" ten="290,282,110,288" step="2"/><V86/><F102/><W57/><G35/><T41/><D32/><U123/><E123/><V130/><F130/><W70/><G70/><T107/><D34/><U0/><AGARI ba="2,3" hai="0,7,11,16,17,54,59,62,64,65,67,81,84,88" machi="0" ten="30,7900,0" yaku="1,1,0,1,54,2,53,0" doraHai="101" doraHaiUra="8" who="1" fromWho="1" sc="290,-22,282,115,110,-41,288,-22" /><INIT seed="7,0,0,4,1,75" ten="268,397,69,266" oya="3" hai0="26,119,107,2,29,52,1,124,58,7,99,64,21" hai1="86,94,121,76,25,42,47,98,110,16,85,17,3" hai2="53,122,34,101,23,54,116,71,111,48,30,88,28" hai3="81,131,87,112,39,93,130,118,108,13,63,103,89"/><W114/><G39/><T20/><D119/><U69/><E110/><V100/><F71/><W129/><G63/><T15/><D124/><U9/><E98/><V0/><F0/><W127/><G13/><T104/><D64/><U37/><E121/><V5/><F34/><W55/><G55/><T73/><D73/><U91/><E69/><V126/><F126/><W31/><G31/><T22/><D1/><U80/><REACH who="1" step="1"/><E25/><REACH who="1" ten="268,387,69,266" step="2"/><V50/><F111/><W79/><G127/><T62/><D99/><U106/><E106/><V24/><F122/><W78/><G108/><T10/><REACH who="0" step="1"/><D2/><REACH who="0" ten="258,387,69,266" step="2"/><U123/><E123/><V77/><F116/><W51/><G118/><T11/><D11/><U92/><E92/><V56/><F5/><AGARI ba="0,2" hai="3,5,9,16,17,37,42,47,76,80,85,86,91,94" machi="5" ten="40,5200,0" yaku="1,1,52,1,54,1,53,0" doraHai="75" doraHaiUra="19" who="1" fromWho="2" sc="258,0,387,72,69,-52,266,0" owari="258,-14.0,459,55.0,17,-48.0,266,7.0" /></mjloggm>