<mjloggm ver="2.3"><GO type="97" lobby="0"/><UN n0="%E3%80%81%E5%A4%A9%E9%87%8E%E5%87%9B%E3%80%85" n1="%E3%82%AF%E3%83%AC" n2="%E5%B0%B1%E6%B4%BB%E7%94%9F%40%E5%B7%9D%E6%9D%91%E8%BB%8D%E5%9B%A3" n3="%31%33%36%30" dan="13,15,14,15" rate="1865.24,2001.99,1927.24,2000.05" sx="F,M,M,M"/><TAIKYOKU oya="0"/><INIT seed="0,0,0,2,0,52" ten="250,250,250,250" oya="0" hai0="66,24,119,108,37,1,93,34,107,72,6,85,89" hai1="61,27,41,115,44,117,51,88,58,74,81,25,42" hai2="35,79,53,19,0,7,40,123,97,77,128,18,38" hai3="12,127,121,47,56,132,60,131,11,116,68,23,16"/><T92/><D119/><U70/><E117/><V106/><F35/><W125/><G116/><T111/><D37/><U75/><E70/><V65/><F123/><W130/><G68/><T69/><D107/><U62/><E115/><V13/><F65/><N who="3" m="39047" /><G121/><T32/><D72/><U133/><E133/><V102/><F128/><N who="3" m="49195" /><G47/><T101/><D101/><U20/><E62/><V76/><F40/><W63/><G63/><N who="0" m="40159" /><D92/><U73/><E41/><V134/><F38/><W94/><G94/><T26/><D26/><U103/><E103/><V87/><F134/><W54/><G54/><T33/><D24/><U17/><E27/><V109/><F109/><N who="0" m="42058" /><D6/><U112/><E112/><V14/><F87/><W114/><G114/><T105/><D105/><U15/><E25/><V104/><F104/><W84/><G132/><T120/><D120/><U126/><E73/><V5/><F0/><AGARI ba="0,0" hai="0,1,32,33,34,85,89,93" m="42058,40159" machi="0" ten="40,3900,0" yaku="14,1,10,1" doraHai="52" who="0" fromWho="2" sc="250,39,250,0,250,-39,250,0" /><INIT seed="0,1,0,5,0,1" ten="289,250,211,250" oya="0" hai0="132,12,38,91,112,61,37,4,59,129,124,96,77" hai1="32,90,92,64,131,116,117,65,81,53,28,75,11" hai2="122,100,15,80,74,97,99,103,14,87,49,39,31" hai3="69,60,126,134,10,108,102,110,127,2,29,89,54"/><T79/><D112/><U20/><E32/><V44/><F39/><W50/><G102/><T71/><D71/><U133/><E133/><V58/><F74/><W66/><G29/><T113/><D113/><U9/><E131/><V121/><F31/><W48/><G89/><T3/><D3/><U52/><E75/><V63/><F121/><W30/><G30/><T128/><D132/><U34/><E81/><V76/><F122/><W26/><G26/><T45/><D124/><N who="3" m="47657" /><G134/><T62/><D45/><U115/><E34/><V21/><F103/><W51/><G10/><N who="1" m="3594" /><E115/><V104/><F21/><W107/><G107/><T85/><D96/><U46/><E117/><V55/><REACH who="2" step="1"/><F99/><REACH who="2" ten="289,250,201,250" step="2"/><W83/><G83/><N who="0" m="49599" /><D37/><U98/><E116/><V47/><F47/><N who="3" m="27935" /><G2/><T22/><D128/><U42/><E46/><V111/><F111/><AGARI ba="1,1" hai="50,51,60,66,69,108,110,111" m="27935,47657" machi="111" ten="30,7700,0" yaku="14,1,18,1,34,2" doraHai="1" who="3" fromWho="2" sc="289,0,250,0,201,-80,250,90" /><INIT seed="1,0,0,3,0,13" ten="289,250,121,340" oya="1" hai0="75,115,69,79,28,14,129,91,10,106,82,131,86" hai1="47,29,18,51,9,42,84,38,17,44,53,5,81" hai2="127,49,89,130,111,54,108,46,39,96,132,8,118" hai3="73,45,121,102,31,3,61,7,21,4,62,27,114"/><U2/><REACH who="1" step="1"/><E29/><REACH who="1" ten="289,240,121,340" step="2"/><V109/><F118/><W56/><G114/><T80/><D28/><U26/><E26/><V95/><F130/><N who="0" m="49674" /><D115/><U72/><E72/><V11/><F132/><W98/><G73/><T105/><D69/><U120/><E120/><V74/><F127/><W68/><G121/><T125/><D125/><U85/><E85/><V112/><F112/><W66/><G3/><T22/><D22/><U41/><E41/><V15/><F74/><W116/><G116/><T128/><N who="0" m="49682" /><T71/><DORA hai="124" /><D71/><U101/><E101/><V113/><F113/><W94/><REACH who="3" step="1"/><G45/><REACH who="3" ten="289,240,121,330" step="2"/><T87/><D75/><U90/><AGARI ba="0,2" hai="2,5,9,17,18,38,42,44,47,51,53,81,84,90" machi="90" ten="20,18000,2" yaku="21,2,0,1,7,1,52,2,53,0" doraHai="13,124" doraHaiUra="25,123" who="1" fromWho="1" sc="289,-60,240,200,121,-60,330,-60" /><INIT seed="1,1,0,1,5,53" ten="229,440,61,270" oya="1" hai0="65,131,100,31,118,109,115,74,77,76,22,32,17" hai1="81,58,25,15,20,41,69,111,10,79,24,12,106" hai2="108,56,45,112,104,127,61,91,88,19,37,50,124" hai3="92,117,125,14,130,3,80,52,30,59,86,57,99"/><U28/><E69/><V7/><F104/><W33/><G3/><T46/><D118/><U66/><E106/><V132/><F37/><W67/><G33/><T129/><D115/><U44/><E111/><V113/><F7/><W101/><G130/><N who="0" m="49675" /><D109/><U75/><E25/><V135/><F108/><W73/><G73/><T134/><D134/><N who="2" m="51242" /><F19/><W102/><G125/><N who="2" m="48201" /><F45/><W64/><G117/><T34/><D46/><U40/><E10/><V27/><F27/><W78/><G102/><T94/><D65/><N who="3" m="25161" /><G30/><T114/><D114/><N who="2" m="44138" /><F50/><N who="3" m="30871" /><G14/><T68/><D68/><U8/><E44/><V48/><F48/><W83/><G83/><T107/><D107/><U82/><E82/><V54/><AGARI ba="1,0" hai="54,56,61,88,91" m="44138,48201,51242" machi="54" ten="40,8000,1" yaku="20,1,18,1,11,1,52,1,54,1" doraHai="53" who="2" fromWho="2" sc="229,-21,440,-41,61,83,270,-21" /><INIT seed="2,0,0,0,1,105" ten="208,399,144,249" oya="2" hai0="51,83,125,88,56,74,89,63,90,111,107,57,0" hai1="29,95,118,44,26,46,92,75,94,109,106,48,45" hai2="3,98,31,17,43,70,126,91,82,71,35,102,54" hai3="65,132,55,80,93,115,47,119,7,23,58,20,66"/><V113/><F113/><W37/><G119/><T19/><D0/><U122/><E118/><V135/><F3/><W73/><G132/><T128/><D125/><U61/><E106/><V76/><F135/><W30/><G7/><T27/><D128/><U68/><E109/><V32/><F126/><W99/><G115/><T34/><D107/><U133/><E122/><V16/><F43/><W85/><G37/><T36/><D36/><U33/><E133/><V97/><F54/><W22/><G47/><T100/><D100/><U84/><E84/><V60/><F91/><N who="3" m="51623" /><G73/><T81/><D111/><U50/><E75/><V49/><F49/><N who="3" m="31087" /><G30/><T72/><D51/><U52/><E48/><V18/><F31/><W11/><G11/><T2/><D2/><U40/><E40/><V114/><F114/><W103/><AGARI ba="0,0" hai="20,22,23,65,66,93,99,103" m="31087,51623" machi="103" ten="30,1100,0" yaku="8,1" doraHai="105" who="3" fromWho="3" sc="208,-3,399,-3,144,-5,249,11" /><INIT seed="3,0,0,2,0,21" ten="205,396,139,260" oya="3" hai0="25,132,72,40,19,90,7,124,60,27,116,88,133" hai1="71,130,86,45,4,79,46,6,36,24,82,93,101" hai2="123,66,112,94,43,42,106,89,74,73,114,97,15" hai3="108,55,48,105,1,34,109,121,104,115,11,23,9"/><W77/><G121/><T117/><D72/><U14/><E71/><V128/><F123/><W59/><G115/><T92/><D7/><N who="1" m="2603" /><E36/><V96/><F128/><W54/><G34/><T135/><D40/><U69/><E69/><V120/><F120/><W44/><G77/><T64/><D19/><U3/><E3/><V75/><F66/><W118/><G118/><N who="0" m="45675" /><D124/><U5/><E24/><N who="0" m="9289" /><D92/><U70/><E70/><AGARI ba="0,0" hai="60,64,70,88,90,132,133,135" m="9289,45675" machi="70" ten="40,8000,1" yaku="20,1,52,3,54,1" doraHai="21" who="0" fromWho="1" sc="205,80,396,-80,139,0,260,0" owari="285,9.0,316,41.0,139,-36.0,260,-14.0" /></mjloggm>