<mjloggm ver="2.3"><GO type="169" lobby="0"/><UN n0="%E3%82%A6%E3%83%AB%E3%83%88%E3%83%A9%E7%AB%8B%E7%9B%B4" n1="%E3%81%88%E3%83%A2%E3%83%B3" n2="%EF%BC%88%63%72%6F%73%73%EF%BC%89" n3="%E2%98%86%E2%98%85%E5%A4%A9%E6%B1%9F%E8%A1%A3%E2%98%85%E2%98%86" dan="17,16,16,16" rate="2207.14,2068.35,2074.96,2023.12" sx="M,F,M,M"/><TAIKYOKU oya="0"/><INIT seed="0,0,0,5,4,84" ten="250,250,250,250" oya="0" hai0="68,127,131,11,79,112,106,19,111,33,130,8,97" hai1="73,128,82,132,3,17,65,55,38,95,75,18,13" hai2="93,36,72,124,51,32,31,89,15,67,77,129,83" hai3="105,62,37,39,30,28,118,5,0,35,87,70,52"/><T49/><D68/><U102/><E3/><V20/><F36/><W7/><G118/><T74/><D33/><U133/><E38/><V50/><F129/><N who="0" m="49162" /><D112/><U41/><E41/><V123/><F123/><W121/><G121/><T113/><D113/><U101/><E65/><V42/><F124/><W34/><G0/><T59/><D127/><U45/><E128/><V99/><F42/><W57/><G105/><T16/><D79/><U109/><E82/><V98/><F67/><W100/><G100/><N who="0" m="62735" /><D74/><U119/><E119/><V66/><F66/><W86/><G70/><T120/><D120/><U63/><E95/><V56/><F32/><W69/><G69/><T94/><D94/><U126/><E126/><V48/><F99/><W90/><G35/><T46/><D59/><U53/><E45/><V115/><F115/><W135/><G34/><T122/><D122/><U117/><E117/><V23/><F31/><W92/><G30/><T44/><D44/><U14/><REACH who="1" step="1"/><E63/><REACH who="1" ten="250,240,250,250" step="2"/><V114/><F114/><W125/><G125/><T61/><D61/><U29/><E29/><V64/><F64/><W116/><G28/><T91/><D111/><AGARI ba="0,1" hai="13,14,17,18,53,55,73,75,101,102,109,111,132,133" machi="111" ten="25,3200,0" yaku="1,1,22,2,53,0" doraHai="84" doraHaiUra="4" who="1" fromWho="0" sc="250,-32,240,42,250,0,250,0" /><INIT seed="1,0,0,4,3,92" ten="218,282,250,250" oya="1" hai0="1,33,86,126,12,103,73,56,23,120,9,48,24" hai1="71,81,79,20,72,11,115,116,69,53,7,38,61" hai2="0,14,95,90,19,135,105,3,2,80,22,49,111" hai3="117,45,106,64,21,29,125,26,134,36,59,6,66"/><U123/><E115/><V67/><F105/><W78/><G125/><T40/><D73/><U133/><E116/><V70/><F111/><W107/><G117/><T114/><D126/><U31/><E123/><V52/><F135/><W108/><G108/><T63/><D120/><U94/><E38/><V122/><F122/><W110/><G110/><T18/><D114/><U129/><E133/><V124/><F124/><W35/><G134/><T57/><D33/><U58/><E129/><V60/><F80/><W104/><G78/><T17/><D1/><U34/><E34/><V44/><REACH who="2" step="1"/><F3/><REACH who="2" ten="218,282,240,250" step="2"/><W54/><G104/><T5/><D103/><U76/><E76/><V51/><F51/><W77/><G106/><T119/><D119/><U43/><E81/><V96/><AGARI ba="0,1" hai="0,2,14,19,22,44,49,52,60,67,70,90,95,96" machi="96" ten="20,12000,2" yaku="1,1,0,1,7,1,52,1,54,1,53,1" doraHai="92" doraHaiUra="50" who="2" fromWho="2" sc="218,-30,282,-60,240,130,250,-30" /><INIT seed="2,0,0,0,2,79" ten="188,222,370,220" oya="2" hai0="41,10,40,46,91,48,90,75,3,28,53,76,126" hai1="89,94,130,110,125,84,71,30,83,129,29,103,114" hai2="134,61,20,113,64,39,88,60,107,108,98,59,49" hai3="21,93,56,9,73,117,86,92,58,97,22,116,72"/><V122/><F39/><W104/><G104/><T43/><D126/><U119/><E71/><V100/><F113/><W68/><G68/><T95/><D28/><N who="1" m="10859" /><E114/><V23/><F122/><W32/><G9/><T36/><D95/><U18/><E119/><V42/><F134/><W132/><G86/><T2/><D2/><U105/><E105/><V74/><F74/><W118/><G118/><T67/><D67/><U44/><E125/><V17/><F108/><W19/><G19/><T123/><D123/><U70/><E70/><V38/><F38/><W133/><REACH who="3" step="1"/><G97/><REACH who="3" ten="188,222,370,210" step="2"/><T45/><D10/><U47/><E18/><V135/><F135/><W34/><AGARI ba="0,1" hai="21,22,32,34,56,58,72,73,92,93,116,117,132,133" machi="34" ten="25,12000,2" yaku="1,1,2,1,0,1,22,2,53,2" doraHai="79" doraHaiUra="52" who="3" fromWho="3" sc="188,-30,222,-30,370,-60,210,130" /><INIT seed="3,0,0,1,4,83" ten="158,192,310,340" oya="3" hai0="85,131,111,82,89,124,50,115,75,46,118,132,88" hai1="63,109,23,74,95,1,35,44,42,47,59,24,134" hai2="11,62,7,34,31,100,22,0,110,20,91,43,123" hai3="135,30,120,58,39,99,119,8,92,79,117,26,21"/><W54/><G120/><T18/><D75/><U53/><E35/><V105/><F123/><W68/><G135/><T28/><D118/><U36/><E1/><V101/><F110/><W72/><G68/><T114/><D111/><U38/><E74/><V14/><F43/><W121/><G121/><T133/><D28/><U128/><E109/><V16/><F22/><W97/><G39/><T6/><D6/><U25/><E134/><N who="0" m="51817" /><D124/><U127/><E127/><V125/><F125/><W17/><G72/><T106/><D106/><U76/><E76/><V65/><F105/><W32/><G8/><T3/><D3/><U40/><E128/><V10/><F11/><W70/><G79/><N who="0" m="46303" /><D18/><U108/><E108/><V41/><F41/><W57/><G117/><T71/><D71/><U60/><E23/><V80/><F91/><N who="0" m="34890" /><D131/><U113/><E113/><V64/><F80/><W15/><G70/><T49/><D49/><U48/><E95/><V66/><F62/><AGARI ba="0,0" hai="24,25,36,38,40,42,44,47,48,53,59,60,62,63" machi="62" ten="40,1300,0" yaku="9,1" doraHai="83" who="1" fromWho="2" sc="158,0,192,13,310,-13,340,0" /><INIT seed="4,0,0,1,3,26" ten="158,205,297,340" oya="0" hai0="134,73,33,77,10,135,69,86,76,95,60,75,98" hai1="109,71,32,126,119,97,9,92,89,90,14,85,39" hai2="127,102,65,0,49,18,121,16,23,20,11,47,72" hai3="42,78,41,67,66,59,36,113,93,64,44,68,38"/><T21/><D33/><U104/><E39/><N who="3" m="14890" /><G78/><N who="0" m="30315" /><D69/><U91/><E71/><V1/><F121/><W106/><G106/><T54/><D54/><U74/><E32/><V52/><F72/><N who="0" m="27722" /><D60/><U122/><E74/><V111/><F111/><W46/><G93/><T110/><D21/><U51/><E109/><V112/><F112/><W62/><G113/><T114/><D10/><U7/><E122/><V30/><F127/><W28/><G28/><T45/><D45/><N who="3" m="17513" /><G68/><T79/><D114/><U108/><E126/><V2/><F65/><AGARI ba="0,0" hai="41,42,59,62,64,65,66,67" m="17513,14890" machi="65" ten="30,8000,1" yaku="35,5" doraHai="26" who="3" fromWho="2" sc="158,0,205,0,297,-80,340,80" /><INIT seed="5,0,0,0,1,68" ten="158,205,217,420" oya="1" hai0="27,77,28,12,121,132,104,10,41,128,5,72,130" hai1="55,48,47,85,125,60,120,4,102,74,79,29,73" hai2="57,23,66,0,133,89,118,17,34,126,6,112,52" hai3="81,71,7,88,67,109,87,42,110,40,123,86,20"/><U105/><E120/><V50/><F34/><W116/><G123/><T16/><D104/><U114/><E125/><V93/><F118/><W44/><G116/><T99/><D121/><U113/><E29/><V106/><F106/><W37/><G7/><T65/><D77/><U117/><E117/><V100/><F126/><W1/><G1/><T76/><D76/><U32/><E32/><V96/><F133/><W127/><G127/><T119/><D72/><U98/><E4/><V39/><F112/><N who="1" m="43113" /><E60/><V61/><F39/><W78/><G42/><T38/><D119/><U135/><E135/><V107/><F6/><W45/><G45/><N who="0" m="23735" /><D132/><U84/><E84/><V70/><F0/><W103/><G20/><N who="0" m="11271" /><D99/><U51/><E51/><V58/><F70/><W2/><G2/><N who="0" m="311" /><D65/><U46/><E46/><V8/><F8/><W54/><G67/><T64/><D64/><U91/><E79/><V75/><F75/><W90/><G78/><T14/><D14/><U21/><E21/><V43/><F43/><W101/><G40/><T24/><D24/><U13/><E13/><N who="2" m="9647" /><F107/><W59/><G71/><T83/><D83/><AGARI ba="0,0" hai="47,48,55,73,74,83,85,91,98,102,105" m="43113" machi="83" ten="30,1500,0" yaku="15,1" doraHai="68" who="1" fromWho="0" sc="158,-15,205,15,217,0,420,0" /><INIT seed="5,1,0,0,0,123" ten="143,220,217,420" oya="1" hai0="128,8,81,18,0,33,53,55,21,73,101,48,93" hai1="29,69,92,20,22,77,6,88,106,89,131,132,84" hai2="134,5,42,110,133,31,19,127,135,119,90,58,74" hai3="76,61,115,34,109,23,85,103,56,72,68,41,30"/><U54/><E69/><V111/><F119/><W60/><G109/><T108/><D33/><U40/><E106/><V44/><F74/><W9/><G34/><T112/><D128/><U129/><E132/><V65/><F31/><W96/><G72/><T105/><D105/><U98/><E77/><V24/><F5/><W17/><G30/><T52/><D108/><N who="2" m="41514" /><F127/><W25/><G9/><T64/><D112/><U67/><E6/><V16/><F90/><W79/><G68/><T104/><D104/><U14/><E14/><V11/><F24/><W12/><G25/><T125/><D125/><U107/><E29/><V130/><F130/><N who="1" m="49673" /><E107/><V7/><F58/><W37/><G56/><T66/><D0/><U51/><E20/><V50/><F65/><W71/><G71/><T35/><D35/><U47/><E67/><N who="0" m="25641" /><D73/><U94/><E22/><V15/><AGARI ba="1,0" hai="7,11,15,16,19,42,44,50,133,134,135" m="41514" machi="15" ten="40,8000,1" yaku="20,1,52,3,54,1" doraHai="123" who="2" fromWho="2" sc="143,-21,220,-41,217,83,420,-21" /><INIT seed="6,0,0,3,4,121" ten="122,179,300,399" oya="2" hai0="61,84,99,78,96,112,27,51,7,108,68,21,69" hai1="41,72,31,133,80,97,45,90,23,124,73,120,42" hai2="2,33,83,35,50,30,101,130,19,55,128,49,62" hai3="102,0,134,53,40,57,70,92,54,111,89,47,56"/><V79/><F2/><W66/><G111/><T18/><D108/><U82/><E120/><V16/><F101/><W106/><G0/><T32/><D112/><U100/><E133/><V3/><F3/><W88/><G106/><T24/><D7/><U63/><E124/><V36/><F36/><W58/><G134/><T74/><D74/><U4/><E4/><V91/><F91/><N who="3" m="34891" /><G70/><T44/><D69/><U29/><E90/><V37/><F37/><W132/><G66/><T81/><D68/><U59/><E72/><V125/><F125/><W75/><G75/><T6/><D6/><U43/><E73/><V116/><F116/><W71/><G71/><T87/><D32/><U22/><E45/><V1/><F1/><W65/><G65/><T38/><D38/><U9/><E9/><V129/><F62/><W119/><G119/><T20/><D61/><U34/><E34/><N who="2" m="12811" /><F30/><W109/><G109/><T28/><REACH who="0" step="1"/><D87/><REACH who="0" ten="112,179,300,399" step="2"/><U117/><E117/><V107/><F50/><N who="3" m="26983" /><G132/><T76/><D76/><U123/><E123/><V25/><F107/><W104/><G104/><T105/><D105/><U52/><E31/><V67/><F67/><W39/><G39/><T10/><D10/><U60/><E29/><V14/><F25/><W135/><G135/><T103/><D103/><U127/><E63/><V15/><F14/><W13/><G13/><T93/><D93/><U98/><E100/><V17/><F15/><W11/><G11/><T48/><D48/><U114/><E114/><V94/><F49/><N who="3" m="30767" /><G102/><T113/><D113/><U12/><E127/><V122/><F129/><W77/><G92/><RYUUKYOKU ba="0,1" sc="112,30,179,-10,300,-10,399,-10" hai0="18,20,21,24,27,28,44,51,78,81,84,96,99" /><INIT seed="7,1,1,4,0,23" ten="142,169,290,389" oya="3" hai0="19,95,115,114,9,35,59,30,51,45,65,90,103" hai1="64,121,49,0,61,85,92,71,117,80,77,125,46" hai2="52,78,73,94,10,32,17,53,24,113,67,111,93" hai3="2,13,57,75,88,4,38,82,76,72,118,26,130"/><W86/><G118/><T116/><D103/><U55/><E0/><V34/><F111/><W122/><G122/><T133/><D116/><U99/><E117/><V37/><F67/><W104/><G130/><T110/><D110/><U102/><E125/><V63/><F37/><W22/><G2/><T70/><D70/><U120/><AGARI ba="1,1" hai="46,49,55,61,64,71,77,80,85,92,99,102,120,121" machi="120" ten="30,1100,0" yaku="0,1" doraHai="23" who="1" fromWho="1" sc="142,-4,169,24,290,-4,389,-6" owari="138,-36.0,193,-21.0,286,9.0,383,48.0" /></mjloggm>