<mjloggm ver="2.3"><GO type="97" lobby="0"/><UN n0="%73%68%61%70%65%74%6F%6E" n1="%74%6F%73%69" n2="%E5%B0%B1%E6%B4%BB%E7%94%9F%40%E5%B7%9D%E6%9D%91%E8%BB%8D%E5%9B%A3" n3="%4B%2D%59%41%53" dan="13,15,15,14" rate="1943.33,2032.37,2030.16,1902.22" sx="M,M,M,M"/><TAIKYOKU oya="0"/><INIT seed="0,0,0,2,1,100" ten="250,250,250,250" oya="0" hai0="43,61,101,82,91,12,123,28,41,62,0,124,98" hai1="58,68,131,83,10,119,110,5,73,80,4,77,13" hai2="60,19,48,49,64,45,51,79,2,27,38,113,26" hai3="35,29,95,20,14,70,3,32,115,16,54,84,129"/><T114/><D114/><U46/><E68/><V36/><F2/><W9/><G115/><T102/><D123/><U23/><E119/><V133/><F113/><W92/><G70/><T52/><D0/><U63/><E131/><V117/><F117/><W59/><G129/><T107/><D124/><U112/><E112/><V75/><F133/><W132/><G132/><T24/><D12/><U121/><E110/><V18/><F79/><W6/><G84/><T85/><D102/><U39/><E121/><V78/><F78/><W105/><G105/><T88/><D91/><U67/><E39/><V89/><F89/><W108/><G108/><T81/><D81/><U47/><E83/><V40/><F75/><W57/><G35/><T120/><D120/><U90/><E90/><V76/><F76/><W25/><G59/><T74/><D74/><U109/><E109/><V17/><REACH who="2" step="1"/><F38/><REACH who="2" ten="250,250,240,250" step="2"/><W42/><REACH who="3" step="1"/><G42/><REACH who="3" ten="250,250,240,240" step="2"/><T21/><REACH who="0" step="1"/><D52/><REACH who="0" ten="240,250,240,240" step="2"/><U37/><E37/><V111/><F111/><W87/><G87/><T65/><D65/><U30/><REACH who="1" step="1"/><E5/><REACH who="1" ten="240,240,240,240" step="2"/><RYUUKYOKU type="reach4" ba="0,4" sc="240,0,240,0,240,0,240,0" hai0="21,24,28,41,43,61,62,82,85,88,98,101,107" hai1="4,10,13,23,30,46,47,58,63,67,73,77,80" hai2="17,18,19,26,27,36,40,45,48,49,51,60,64" hai3="3,6,9,14,16,20,25,29,32,54,57,92,95" /><INIT seed="0,1,4,0,1,84" ten="240,240,240,240" oya="0" hai0="103,11,114,0,37,108,100,83,67,109,25,82,86" hai1="116,15,54,24,64,106,47,44,124,90,134,70,50" hai2="23,111,79,14,78,63,8,30,132,49,101,57,39" hai3="73,130,56,36,122,45,60,85,5,48,9,118,96"/><T7/><D114/><U102/><E116/><V27/><F39/><W95/><G73/><T123/><D37/><U38/><E24/><V46/><F132/><W19/><G118/><T21/><D123/><U26/><E134/><V1/><F1/><W126/><G36/><T94/><D67/><U74/><E74/><V55/><F101/><N who="3" m="60575" /><G130/><T71/><D71/><U20/><E124/><V2/><F2/><W119/><G119/><T4/><D4/><U135/><E135/><V115/><F111/><N who="0" m="42570" /><D94/><U127/><E127/><V58/><F115/><W42/><G126/><T92/><D92/><U52/><E38/><V3/><F3/><W32/><G32/><T59/><D59/><N who="2" m="22538" /><F63/><W110/><G110/><T128/><D128/><U17/><E102/><N who="0" m="38953" /><D86/><U93/><E106/><V99/><F99/><W13/><G122/><T81/><D82/><U28/><E64/><V18/><AGARI ba="1,4" hai="8,14,18,23,27,30,46,49,55,78,79" m="22538" machi="18" ten="30,1100,0" yaku="8,1" doraHai="84" who="2" fromWho="2" sc="240,-6,240,-4,240,54,240,-4" /><INIT seed="1,0,0,1,1,52" ten="234,236,294,236" oya="1" hai0="69,112,106,72,8,7,50,62,102,64,3,53,30" hai1="124,75,131,87,126,118,60,36,123,13,56,17,25" hai2="57,22,51,135,44,99,97,65,76,117,73,45,37" hai3="133,128,84,127,78,113,70,4,61,54,32,71,49"/><U0/><E123/><V98/><F117/><W20/><G113/><T66/><D72/><U5/><E118/><V83/><F135/><W48/><G32/><T39/><D112/><U19/><E75/><V9/><F37/><W43/><G133/><T105/><D39/><U33/><E36/><V88/><F9/><W120/><G120/><T46/><D66/><U38/><E38/><V40/><F44/><W1/><G128/><T14/><D102/><U93/><E131/><V95/><REACH who="2" step="1"/><F22/><REACH who="2" ten="234,236,284,236" step="2"/><W11/><G20/><T2/><REACH who="0" step="1"/><D30/><REACH who="0" ten="224,236,284,236" step="2"/><U119/><E119/><V82/><F82/><W63/><G127/><T86/><D86/><U58/><E126/><V15/><F15/><W28/><G28/><T85/><D85/><U47/><E87/><V24/><F24/><W134/><G84/><T74/><D74/><U100/><E25/><V18/><F18/><W125/><G125/><T92/><D92/><U21/><E19/><V94/><F94/><W55/><G134/><T79/><D79/><U12/><E93/><V101/><F101/><W130/><G78/><T59/><D59/><U77/><E58/><V107/><F107/><AGARI ba="0,2" hai="2,3,7,8,14,46,50,53,62,64,69,105,106,107" machi="107" ten="40,1300,0" yaku="1,1,53,0" doraHai="52" doraHaiUra="121" who="0" fromWho="2" sc="224,33,236,0,284,-13,236,0" /><INIT seed="2,0,0,5,3,118" ten="257,236,271,236" oya="2" hai0="119,17,34,70,13,14,23,105,104,67,91,36,31" hai1="30,9,41,73,124,129,82,45,135,116,62,80,51" hai2="22,39,32,66,37,114,84,33,100,89,107,83,77" hai3="2,99,117,102,108,8,109,88,56,75,126,64,121"/><V123/><F114/><W38/><G117/><T101/><D119/><U21/><E116/><V113/><F113/><W27/><G38/><T127/><D36/><U57/><E124/><V128/><F128/><W106/><G126/><T12/><D127/><U52/><E129/><V59/><F123/><W85/><G75/><T72/><D72/><U63/><E135/><V26/><F39/><W16/><G121/><T24/><D91/><U44/><E73/><V133/><F133/><W15/><G2/><T98/><REACH who="0" step="1"/><D105/><REACH who="0" ten="247,236,271,236" step="2"/><U68/><E68/><V49/><F107/><W29/><G64/><T120/><D120/><U47/><E9/><V122/><F37/><W112/><G112/><T92/><D92/><U71/><E71/><V7/><F100/><W103/><G103/><T25/><D25/><N who="1" m="16687" /><E41/><V5/><F89/><W76/><G76/><T69/><D69/><U46/><N who="1" m="11776" /><DORA hai="111" /><U11/><E11/><V42/><F26/><W0/><G27/><T6/><D6/><U78/><E78/><V95/><F95/><W60/><G29/><T94/><D94/><U134/><E134/><V20/><F77/><W90/><G0/><T43/><D43/><U1/><E1/><V87/><F7/><W110/><REACH who="3" step="1"/><G85/><REACH who="3" ten="247,236,271,226" step="2"/><T115/><D115/><U65/><E65/><V131/><F84/><W132/><G132/><T79/><D79/><U125/><E125/><V19/><F87/><W81/><G81/><AGARI ba="0,2" hai="51,52,57,62,63,80,81,82" m="11776,16687" machi="81" ten="40,2600,0" yaku="8,1,54,1" doraHai="118,111" who="1" fromWho="3" sc="247,0,236,46,271,0,226,-26" /><INIT seed="3,0,0,2,1,24" ten="247,282,271,200" oya="3" hai0="78,63,53,77,38,89,97,26,50,49,76,103,47" hai1="21,98,104,133,29,118,106,43,44,9,5,59,120" hai2="57,117,116,92,85,121,108,122,87,101,22,114,46" hai3="31,19,2,129,15,96,74,45,94,0,68,66,99"/><W52/><G129/><T30/><D89/><U91/><E120/><N who="2" m="46187" /><F46/><W90/><G74/><T88/><D88/><U34/><E118/><N who="2" m="45675" /><F57/><W61/><G31/><T33/><D38/><U95/><E133/><V25/><F22/><W119/><G119/><T42/><D63/><U82/><E34/><V67/><F25/><W17/><G17/><T123/><D123/><U71/><E71/><V105/><F67/><W41/><G99/><T12/><D12/><U11/><E82/><V18/><F18/><W54/><G2/><T128/><D128/><U39/><E59/><V84/><F114/><W20/><REACH who="3" step="1"/><G0/><REACH who="3" ten="247,282,271,190" step="2"/><T58/><D77/><U102/><E5/><V1/><F1/><W75/><G75/><T93/><AGARI ba="0,1" hai="26,30,33,42,47,49,50,53,58,76,78,93,97,103" machi="93" ten="20,2700,0" yaku="0,1,7,1,52,1" doraHai="24" who="0" fromWho="0" sc="247,37,282,-7,271,-7,190,-13" /><INIT seed="4,0,0,4,0,91" ten="284,275,264,177" oya="0" hai0="29,90,7,107,89,61,37,79,113,111,47,25,82" hai1="40,1,134,21,52,112,100,87,58,98,78,27,10" hai2="104,128,8,127,13,20,54,109,34,86,12,15,69" hai3="3,106,22,71,133,131,57,119,44,92,74,110,63"/><T9/><D107/><U84/><E134/><V76/><F69/><W31/><G106/><T108/><D113/><U62/><E112/><V99/><F34/><W42/><G71/><T53/><D61/><U115/><E115/><V83/><F109/><N who="0" m="42058" /><D53/><U120/><E120/><V28/><F128/><W60/><G110/><T32/><D47/><U67/><E40/><V43/><F127/><W14/><G119/><T118/><D118/><U16/><E78/><V19/><F43/><W38/><G74/><N who="0" m="43383" /><D37/><U114/><E114/><V23/><F54/><W81/><G3/><AGARI ba="0,0" hai="3,7,9,25,29,32,89,90" m="43383,42058" machi="3" ten="30,1500,0" yaku="10,1" doraHai="91" who="0" fromWho="3" sc="284,15,275,0,264,0,177,-15" /><INIT seed="4,1,0,1,1,128" ten="299,275,264,162" oya="0" hai0="4,121,114,38,74,69,108,37,86,127,11,134,29" hai1="131,78,64,117,112,10,66,84,65,73,97,111,49" hai2="20,60,43,85,33,36,34,122,18,15,135,39,26" hai3="54,79,77,109,91,19,123,130,17,1,125,35,22"/><T48/><D48/><U110/><E117/><V2/><F2/><W94/><G109/><N who="1" m="41482" /><E112/><V30/><F122/><W104/><G35/><T101/><D114/><U62/><E73/><V6/><F135/><W92/><G104/><T7/><D134/><U23/><E131/><V96/><F34/><W57/><G130/><T56/><D108/><U99/><E49/><V103/><F6/><W76/><G1/><T105/><D127/><U28/><E10/><V132/><F132/><W107/><G107/><T32/><D74/><U120/><E120/><V46/><F60/><W67/><G125/><T88/><D121/><U63/><E84/><V0/><F0/><W40/><G123/><T118/><D69/><U124/><E78/><V16/><F85/><N who="3" m="52335" /><G67/><T115/><D4/><U83/><E83/><V45/><F18/><N who="3" m="6667" /><G40/><T55/><D115/><U24/><E124/><V42/><F96/><W27/><G94/><T47/><D118/><U106/><E106/><V68/><F68/><W82/><G82/><N who="0" m="49239" /><D105/><U70/><E70/><V133/><F133/><W12/><G12/><N who="0" m="5247" /><D101/><AGARI ba="1,0" hai="15,16,20,26,30,33,36,39,42,43,45,46,101,103" machi="101" ten="40,2600,0" yaku="9,1,54,1" doraHai="128" who="2" fromWho="0" sc="299,-29,275,0,264,29,162,0" /><INIT seed="5,0,0,2,4,121" ten="270,275,293,162" oya="1" hai0="41,6,29,100,16,54,7,81,47,82,57,44,130" hai1="117,26,114,80,3,34,73,105,20,11,25,72,84" hai2="128,112,96,53,17,51,78,58,66,32,77,21,133" hai3="75,33,132,74,18,50,52,108,116,67,14,38,10"/><U111/><E117/><V35/><F112/><W83/><G38/><T42/><D130/><U93/><E105/><V101/><F128/><W135/><G116/><T90/><D29/><U55/><E114/><V63/><F133/><N who="3" m="51275" /><G33/><T49/><D100/><U48/><E111/><V71/><F101/><W94/><G108/><T37/><D90/><U2/><E34/><V70/><F96/><W88/><G67/><T120/><D120/><U87/><E26/><V131/><F131/><W60/><G60/><T99/><D99/><U39/><E39/><V9/><F9/><W65/><G65/><T45/><D44/><U76/><E11/><V40/><F71/><W118/><G118/><T129/><D129/><U5/><E5/><V102/><F102/><W79/><G79/><T91/><D7/><U134/><E134/><V85/><F40/><W62/><G62/><T31/><D31/><U119/><E119/><V24/><F78/><W0/><G0/><T46/><D6/><U23/><E23/><V98/><F98/><N who="3" m="57671" /><G83/><N who="0" m="31755" /><D91/><U109/><E109/><V56/><F70/><W15/><G15/><T59/><D37/><U106/><E3/><V122/><F122/><W61/><G61/><T19/><D41/><U1/><E2/><V103/><F103/><W64/><G64/><T115/><D115/><U4/><E4/><V68/><F68/><W30/><G30/><T97/><D97/><U110/><E110/><V123/><F123/><W107/><G107/><T36/><D42/><U13/><E106/><V89/><F77/><W113/><G113/><T86/><D36/><U8/><E1/><RYUUKYOKU ba="0,0" sc="270,-15,275,-15,293,15,162,15" hai2="17,21,24,32,35,51,53,56,58,63,66,85,89" hai3="10,14,18,50,52,74,75" owari="255,-14.0,260,6.0,308,40.0,177,-32.0" /></mjloggm>