<mjloggm ver="2.3"><GO type="97" lobby="0"/><UN n0="%E5%B0%B1%E6%B4%BB%E7%94%9F%40%E5%B7%9D%E6%9D%91%E8%BB%8D%E5%9B%A3" n1="%70%61%72%63%61%65" n2="%E3%81%88%E3%81%B9%E3%81%99" n3="%43%4F%43%4F" dan="15,13,14,15" rate="2085.03,1851.38,1908.68,1960.94" sx="M,M,M,M"/><TAIKYOKU oya="0"/><INIT seed="0,0,0,3,0,126" ten="250,250,250,250" oya="0" hai0="58,3,85,34,109,129,90,52,78,36,20,9,48" hai1="24,118,106,96,101,111,45,49,18,33,21,87,104" hai2="61,42,121,11,105,122,131,81,135,97,1,63,91" hai3="51,40,119,114,75,117,7,37,88,35,5,112,66"/><T98/><D36/><U99/><E118/><V43/><F135/><W134/><G37/><T25/><D34/><U67/><E67/><V72/><F105/><W103/><G35/><T38/><D38/><U31/><E111/><V15/><F1/><W133/><G75/><T108/><D78/><U86/><E99/><V55/><F72/><W68/><G103/><T77/><D77/><U14/><REACH who="1" step="1"/><E106/><REACH who="1" ten="250,240,250,250" step="2"/><V19/><F97/><W56/><G66/><T116/><D98/><U12/><E12/><V30/><F15/><W115/><G117/><T4/><D116/><U124/><E124/><V132/><F121/><W57/><G119/><T89/><D129/><U83/><E83/><V27/><F81/><W29/><G112/><T39/><D39/><U70/><E70/><V53/><F122/><W110/><G68/><T93/><REACH who="0" step="1"/><D89/><REACH who="0" ten="240,240,250,250" step="2"/><U44/><E44/><V6/><F91/><W80/><G88/><T128/><D128/><U107/><E107/><V54/><F131/><W10/><G114/><T92/><D92/><U71/><E71/><V82/><F132/><W79/><G115/><T74/><D74/><U102/><E102/><V22/><F63/><W41/><G133/><T50/><D50/><U23/><E23/><V127/><F61/><W65/><G51/><T2/><D2/><U28/><E28/><AGARI ba="0,2" hai="3,4,9,20,25,28,48,52,58,85,90,93,108,109" machi="28" ten="40,3900,0" yaku="1,1,54,1,53,0" doraHai="126" doraHaiUra="8" who="0" fromWho="1" sc="240,59,240,-39,250,0,250,0" /><INIT seed="0,1,0,4,0,68" ten="299,201,250,250" oya="0" hai0="9,11,93,22,52,104,47,29,110,54,82,43,111" hai1="48,115,8,16,74,97,124,122,80,118,86,2,60" hai2="88,100,24,26,44,10,119,95,134,72,71,51,25" hai3="6,64,116,3,135,61,103,120,76,28,92,57,79"/><T94/><D104/><U87/><E122/><V66/><F72/><W31/><G116/><T20/><D82/><U30/><E118/><V130/><F119/><W96/><G120/><T85/><D29/><U5/><E30/><V75/><F75/><W70/><G135/><T41/><D85/><U23/><E74/><V112/><F112/><W34/><G70/><T125/><REACH who="0" step="1"/><D47/><REACH who="0" ten="289,201,250,250" step="2"/><U32/><E115/><V38/><F44/><W39/><G28/><T106/><D106/><U12/><E32/><V84/><F134/><W17/><G34/><T91/><D91/><U45/><E97/><V113/><F88/><W73/><G31/><T128/><D128/><U59/><E124/><AGARI ba="1,1" hai="9,11,20,22,41,43,52,54,93,94,110,111,124,125" machi="124" ten="25,9600,0" yaku="1,1,22,2,54,1,53,0" doraHai="68" doraHaiUra="40" who="0" fromWho="1" sc="289,109,201,-99,250,0,250,0" /><INIT seed="0,2,0,0,3,100" ten="398,102,250,250" oya="0" hai0="79,125,128,3,54,59,112,42,9,80,32,1,30" hai1="84,57,51,33,119,76,110,90,26,34,121,18,99" hai2="8,101,58,118,69,98,12,77,56,27,48,66,46" hai3="127,134,40,36,88,22,132,109,91,43,11,2,65"/><T74/><D112/><U21/><E119/><V124/><F118/><W50/><G36/><T106/><D106/><U105/><E121/><V87/><F27/><W89/><G109/><T108/><D108/><U4/><E110/><V82/><F124/><W126/><G65/><T81/><D125/><N who="3" m="47625" /><G22/><T131/><D42/><N who="3" m="15913" /><G50/><T86/><D30/><U94/><E76/><V122/><F122/><W19/><G19/><T62/><D32/><U45/><E57/><V39/><F39/><W23/><G23/><T60/><D60/><U61/><E61/><V20/><F20/><W102/><G102/><T114/><D114/><U117/><E4/><AGARI ba="2,0" hai="2,4,11,88,89,91,132,134" m="15913,47625" machi="4" ten="40,2600,0" yaku="18,1,54,1" doraHai="100" who="3" fromWho="1" sc="398,0,102,-32,250,0,250,32" /><INIT seed="1,0,0,4,5,16" ten="398,70,250,282" oya="1" hai0="106,27,58,38,129,111,3,114,73,94,20,72,134" hai1="110,69,42,30,6,135,66,41,122,4,59,85,60" hai2="52,93,105,118,78,123,75,21,104,131,100,107,84" hai3="96,25,18,53,56,92,91,26,64,95,50,125,19"/><U97/><E122/><V13/><F118/><W112/><G112/><T14/><D106/><U113/><E113/><V90/><F123/><W71/><G125/><T82/><D3/><U89/><E97/><V46/><F131/><W77/><G77/><T5/><D114/><U103/><E103/><V74/><F78/><W9/><G71/><T2/><D134/><U102/><E102/><V40/><F100/><N who="3" m="60423" /><G64/><T24/><D2/><U67/><E135/><V121/><F121/><W79/><G79/><T23/><D129/><U101/><E101/><V11/><F74/><W22/><G9/><N who="0" m="4399" /><D38/><U126/><E126/><V109/><F75/><W8/><G8/><T31/><D73/><U117/><E117/><V10/><F109/><W35/><G35/><T7/><D72/><U61/><E30/><V63/><F107/><W44/><G44/><T47/><D111/><U29/><E29/><V83/><F105/><W51/><G50/><T132/><D132/><U49/><E110/><V86/><F104/><W32/><G32/><T133/><D133/><U33/><E33/><V120/><F40/><W1/><G1/><T43/><D7/><U34/><E34/><V37/><F37/><W119/><G119/><T62/><D94/><N who="1" m="54575" /><E41/><V36/><F36/><W55/><G55/><N who="0" m="34143" /><D82/><U70/><E70/><V48/><F120/><W81/><G81/><T54/><D43/><U76/><E76/><N who="2" m="46183" /><F63/><W68/><G68/><T130/><D130/><U116/><E116/><V39/><F39/><W115/><G115/><T65/><D65/><U80/><E80/><V45/><F45/><W15/><G19/><AGARI ba="0,0" hai="10,11,13,19,21,46,48,52,86,90,93" m="46183" machi="19" ten="30,7700,0" yaku="6,1,8,1,52,1,54,1" doraHai="16" who="2" fromWho="3" sc="398,0,70,0,250,77,282,-77" /><INIT seed="2,0,0,5,3,26" ten="398,70,327,205" oya="2" hai0="32,66,128,115,83,8,108,57,70,46,125,50,105" hai1="45,79,126,6,12,47,38,116,98,96,49,124,94" hai2="53,131,114,33,102,97,17,119,110,69,92,103,107" hai3="91,52,9,1,59,44,77,72,58,84,2,127,100"/><V88/><F114/><W3/><G100/><T75/><D105/><U78/><E116/><V18/><F119/><W67/><G127/><T118/><D32/><U29/><E38/><V65/><F131/><W24/><G72/><T89/><D70/><U130/><E130/><V31/><F53/><W121/><G121/><T86/><D125/><U15/><E49/><V25/><F103/><W87/><G24/><T5/><D128/><U76/><E6/><V112/><F112/><W63/><G44/><T71/><D118/><U30/><E78/><V123/><F123/><W37/><G37/><T42/><D71/><U129/><E129/><V73/><F73/><W61/><G9/><T56/><D108/><U80/><E94/><V60/><F110/><W51/><G51/><T135/><D135/><U122/><REACH who="1" step="1"/><E122/><REACH who="1" ten="398,60,327,205" step="2"/><V62/><F60/><W10/><G77/><T36/><D115/><U28/><E28/><V82/><F82/><AGARI ba="0,1" hai="12,15,29,30,45,47,76,79,80,82,96,98,124,126" machi="82" ten="25,8000,1" yaku="1,1,22,2,52,2,53,0" doraHai="26" doraHaiUra="55" who="1" fromWho="2" sc="398,0,60,90,327,-80,205,0" /><INIT seed="3,0,0,2,3,5" ten="398,150,247,205" oya="3" hai0="30,82,52,41,62,26,55,53,51,76,120,81,119" hai1="126,104,2,34,106,43,46,74,32,72,130,67,66" hai2="70,124,13,60,57,44,48,127,19,29,49,134,6" hai3="95,1,59,90,68,111,21,33,39,24,135,113,47"/><W125/><G33/><T0/><D0/><U92/><E2/><V132/><F70/><W4/><G68/><T65/><D120/><U118/><E130/><V131/><F6/><W94/><G113/><T18/><D119/><U15/><E126/><N who="2" m="48171" /><F29/><W78/><G125/><T63/><D18/><U79/><E118/><V58/><F58/><W36/><G78/><T108/><D108/><U107/><E92/><V8/><F131/><W54/><G111/><T117/><D117/><U115/><E115/><V84/><F84/><W80/><G135/><N who="2" m="51753" /><F44/><W87/><G47/><N who="0" m="26095" /><D65/><AGARI ba="0,0" hai="8,13,19,48,49,57,60,65" m="51753,48171" machi="65" ten="30,3900,0" yaku="18,1,20,1,52,1" doraHai="5" who="2" fromWho="0" sc="398,-39,150,0,247,39,205,0" owari="359,45.0,150,-35.0,286,9.0,205,-19.0" /></mjloggm>