<mjloggm ver="2.3"><GO type="169" lobby="0"/><UN n0="%E3%82%A6%E3%83%AB%E3%83%88%E3%83%A9%E7%AB%8B%E7%9B%B4" n1="%E3%82%AB%E3%83%9C%E3%83%81%E3%83%A3%E3%82%BF%E3%83%8D" n2="%53%55%50%45%52%43%41%52" n3="%E3%81%A0%E3%81%A3%E3%81%A6%E3%81%84%E3%81%86" dan="17,17,16,16" rate="2117.47,2130.54,2128.21,2140.38" sx="M,M,M,M"/><TAIKYOKU oya="0"/><INIT seed="0,0,0,3,0,8" ten="250,250,250,250" oya="0" hai0="69,18,85,24,40,110,87,119,86,5,101,17,13" hai1="31,15,2,103,129,53,106,66,113,44,61,4,45" hai2="112,96,52,125,27,105,29,58,50,82,21,56,122" hai3="10,20,59,77,111,70,67,36,94,78,51,46,41"/><T64/><D119/><U47/><E2/><V109/><F122/><W71/><G111/><T65/><D110/><U100/><E129/><V55/><F109/><W3/><G20/><N who="0" m="13335" /><D69/><U89/><E106/><V99/><F112/><W121/><G121/><T79/><D101/><U73/><E73/><V124/><F82/><W135/><G135/><T57/><D5/><U19/><E4/><V23/><F23/><W48/><G94/><T38/><D40/><U132/><E132/><V90/><F90/><W22/><G22/><N who="0" m="11567" /><D38/><U95/><E31/><V12/><F105/><W9/><G3/><T75/><D75/><U54/><E113/><V88/><F124/><W7/><G36/><T35/><D35/><U123/><E123/><V72/><F72/><W63/><G41/><T0/><D0/><U116/><E116/><V104/><F104/><W1/><G70/><T134/><D134/><U6/><E6/><V81/><F125/><W108/><G71/><T91/><D79/><U34/><E34/><V114/><F114/><W92/><G78/><T126/><D126/><U42/><E42/><V16/><F29/><W62/><G77/><T84/><D57/><N who="1" m="37167" /><E103/><V102/><F102/><W39/><G39/><T14/><D14/><U76/><E76/><V25/><F27/><W28/><G108/><T133/><D133/><U97/><E100/><V117/><F25/><W93/><G7/><T80/><AGARI ba="0,0" hai="64,65,80,84,85,86,87,91" m="11567,13335" machi="80" ten="30,3000,0" yaku="8,1,52,1" doraHai="8" who="0" fromWho="0" sc="250,30,250,-10,250,-10,250,-10" /><INIT seed="0,1,0,4,3,94" ten="280,240,240,240" oya="0" hai0="33,18,92,117,71,15,88,68,64,111,119,14,39" hai1="86,121,107,125,114,116,13,59,65,123,67,3,61" hai2="45,36,9,134,105,31,112,44,93,40,89,79,82" hai3="95,10,103,122,132,25,42,2,62,124,30,66,38"/><T41/><D33/><U22/><E3/><V102/><F112/><W50/><G124/><T4/><D111/><U90/><E107/><V21/><F134/><W37/><G132/><T78/><D78/><U56/><E125/><V115/><F115/><W1/><G122/><T57/><D68/><U32/><E32/><V58/><F45/><W0/><G50/><T43/><D71/><U63/><E116/><V91/><F105/><W87/><G10/><N who="0" m="4423" /><D39/><U19/><REACH who="1" step="1"/><E114/><REACH who="1" ten="280,230,240,240" step="2"/><V51/><F21/><N who="3" m="15663" /><G0/><T84/><D119/><U8/><E8/><V131/><F9/><W128/><G2/><T113/><D117/><U106/><E106/><V69/><F131/><W55/><G1/><T24/><D113/><U110/><E110/><V17/><F36/><W23/><G37/><T101/><D101/><U53/><E53/><V83/><F102/><W34/><G38/><T16/><D43/><U100/><E100/><V118/><F40/><W97/><G34/><T77/><D41/><U72/><E72/><V27/><F118/><W108/><G42/><T81/><D64/><U28/><E28/><V60/><F31/><W20/><G128/><T12/><D18/><U5/><E5/><V48/><F17/><W73/><G73/><T46/><D16/><U109/><E109/><V49/><F44/><W75/><G75/><T96/><D46/><U74/><E74/><V35/><F35/><W52/><G108/><T133/><D133/><U126/><E126/><V104/><F104/><N who="3" m="63599" /><G55/><T54/><D24/><U135/><E135/><V26/><F27/><W47/><G66/><T11/><D11/><RYUUKYOKU ba="1,1" sc="280,15,230,15,240,-15,240,-15" hai0="12,15,54,57,77,81,84,88,92,96" hai1="13,19,22,56,59,61,63,65,67,86,90,121,123" /><INIT seed="0,2,1,3,1,2" ten="295,245,225,225" oya="0" hai0="21,94,83,92,71,49,119,53,133,48,27,100,45" hai1="36,39,9,58,3,88,103,98,51,34,11,95,15" hai2="132,74,135,62,86,40,70,44,65,128,127,89,107" hai3="52,111,24,80,75,90,54,0,47,61,38,123,37"/><T26/><D71/><U29/><E9/><V43/><F74/><W59/><G111/><T115/><D115/><U57/><E3/><V121/><F121/><W131/><G123/><T87/><D133/><N who="2" m="51274" /><F107/><W66/><G131/><T19/><D119/><U12/><E12/><V106/><F106/><W96/><G0/><T113/><D113/><U8/><E8/><V41/><F128/><W50/><G66/><T93/><D49/><U130/><E130/><V110/><F110/><W6/><G6/><T109/><D109/><U129/><E129/><V1/><F1/><W13/><G13/><N who="0" m="9455" /><D100/><U124/><E124/><V16/><F127/><W33/><G75/><T68/><D68/><U125/><E125/><V64/><F64/><W67/><G67/><T84/><D84/><U7/><E103/><V32/><F32/><W31/><REACH who="3" step="1"/><G96/><REACH who="3" ten="295,245,225,215" step="2"/><T73/><D73/><U25/><REACH who="1" step="1"/><E51/><REACH who="1" ten="295,235,225,215" step="2"/><V55/><F70/><W108/><G108/><T104/><D27/><U10/><E10/><V30/><F62/><W105/><G105/><T23/><D104/><U116/><E116/><V97/><F97/><W69/><G69/><T114/><D114/><U22/><E22/><V35/><F35/><W102/><G102/><T14/><D26/><U99/><E99/><V56/><F65/><W18/><G18/><T117/><D117/><U20/><E20/><V120/><F16/><W126/><G126/><T17/><D23/><U60/><E60/><N who="2" m="35871" /><F120/><W77/><G77/><N who="0" m="46575" /><D17/><U5/><E5/><V101/><F101/><W81/><G81/><T82/><D82/><U122/><E122/><V28/><F30/><RYUUKYOKU ba="2,3" sc="295,10,235,10,225,-30,215,10" hai0="14,45,48,53,92,93,94" hai1="7,11,15,25,29,34,36,39,57,58,88,95,98" hai3="24,31,33,37,38,47,50,52,54,59,61,80,90" /><INIT seed="0,3,3,5,5,125" ten="305,245,195,225" oya="0" hai0="117,69,42,110,77,10,20,21,130,43,121,83,70" hai1="105,134,52,40,29,92,58,78,28,66,108,67,82" hai2="111,106,0,6,22,97,114,55,38,48,101,86,19" hai3="118,128,2,9,94,63,3,59,45,5,123,81,90"/><T131/><D121/><U113/><E105/><V107/><F38/><W68/><G118/><T26/><D10/><U7/><E108/><V72/><F72/><W129/><G123/><T102/><D102/><U65/><E134/><V51/><F114/><W76/><G68/><T31/><D110/><U62/><E113/><V61/><F111/><W41/><G3/><T127/><D117/><U84/><E7/><V50/><F106/><W75/><G59/><T25/><D127/><U34/><E34/><V79/><F6/><W15/><G63/><T37/><D37/><U1/><E1/><V16/><F0/><W46/><G15/><T132/><D132/><U91/><REACH who="1" step="1"/><E40/><REACH who="1" ten="305,235,195,225" step="2"/><V112/><F112/><W96/><REACH who="3" step="1"/><G45/><REACH who="3" ten="305,235,195,215" step="2"/><T56/><D56/><U95/><E95/><V71/><F71/><W33/><G33/><T122/><D122/><U53/><E53/><V18/><F55/><W39/><AGARI ba="3,5" hai="2,5,9,39,41,46,75,76,81,90,94,96,128,129" machi="39" ten="30,12000,2" yaku="1,1,0,1,25,2,52,2,53,0" doraHai="125" doraHaiUra="120" who="3" fromWho="3" sc="305,-63,235,-33,195,-33,215,179" /><INIT seed="1,0,0,3,4,122" ten="242,202,162,394" oya="1" hai0="56,73,97,14,133,101,130,103,126,35,77,34,28" hai1="49,43,58,38,50,83,21,36,59,3,123,31,89" hai2="129,33,61,127,125,10,108,5,94,111,116,54,7" hai3="81,2,93,113,131,1,104,118,99,13,22,69,8"/><U92/><E3/><V47/><F116/><W75/><G113/><T95/><D126/><N who="2" m="48138" /><F33/><W37/><G104/><T84/><D130/><U63/><E123/><V18/><F129/><W110/><G37/><T16/><D133/><U78/><E38/><V90/><F18/><W114/><G69/><T119/><D119/><U40/><E36/><V66/><F54/><W64/><G64/><T105/><D28/><U44/><E31/><V115/><F47/><W30/><G22/><T135/><D135/><U117/><E117/><V112/><F112/><W15/><G8/><T23/><D103/><U57/><E21/><V46/><F46/><W132/><G15/><T25/><D25/><U53/><E49/><V9/><F115/><W32/><G13/><T51/><D51/><U121/><E121/><V55/><F55/><W109/><G2/><T11/><D56/><U27/><E27/><V45/><F45/><W100/><G1/><T134/><D134/><U29/><E29/><V17/><F17/><W107/><G132/><T42/><D42/><U6/><E6/><N who="2" m="2059" /><F10/><W80/><G118/><T26/><D26/><U85/><REACH who="1" step="1"/><E40/><REACH who="1" ten="242,192,162,394" step="2"/><V62/><F9/><W0/><G114/><T98/><D11/><U65/><E65/><V72/><F62/><W96/><G131/><T88/><D98/><AGARI ba="0,1" hai="43,44,50,53,57,58,59,63,78,83,85,89,92,98" machi="98" ten="30,5800,0" yaku="1,1,7,1,8,1,53,0" doraHai="122" doraHaiUra="19" who="1" fromWho="0" sc="242,-58,192,68,162,0,394,0" /><INIT seed="1,1,0,3,2,85" ten="184,260,162,394" oya="1" hai0="94,132,14,50,22,65,64,53,60,95,104,52,66" hai1="27,88,44,117,106,110,48,101,59,118,70,84,99" hai2="11,121,16,102,54,116,3,37,9,40,114,31,103" hai3="83,97,107,29,81,18,122,123,71,112,68,61,21"/><U25/><E70/><V46/><F121/><W127/><G127/><T105/><D132/><U78/><E110/><V76/><F116/><W62/><G29/><T39/><D39/><U33/><E78/><V133/><F133/><W51/><G112/><T47/><D104/><U80/><E59/><V69/><F69/><W77/><G51/><T24/><D105/><U2/><E2/><V124/><F124/><W10/><G10/><T26/><D14/><U8/><E8/><V113/><F31/><W74/><G81/><T19/><D26/><U58/><E33/><V91/><F76/><W34/><G34/><T42/><D60/><U38/><E38/><V56/><F3/><W23/><G23/><T90/><REACH who="0" step="1"/><D95/><REACH who="0" ten="174,260,162,394" step="2"/><U73/><E27/><V93/><F113/><W55/><G62/><T92/><D92/><N who="1" m="54279" /><E25/><V126/><F114/><W5/><G107/><T75/><D75/><U63/><E63/><V120/><F126/><W131/><G61/><T125/><D125/><U49/><E117/><V36/><F36/><W96/><G74/><T32/><D32/><U109/><E118/><V30/><F37/><W4/><G68/><T41/><D41/><U0/><E0/><V67/><F40/><W57/><G71/><T100/><D100/><U108/><E49/><V130/><F102/><W7/><G122/><T1/><D1/><U28/><E108/><V128/><F120/><W129/><G123/><T134/><D134/><U17/><E109/><V13/><F103/><W135/><G135/><T98/><AGARI ba="1,1" hai="19,22,24,42,47,50,52,53,64,65,66,90,94,98" machi="98" ten="30,12000,2" yaku="1,1,0,1,8,1,52,1,54,1,53,1" doraHai="85" doraHaiUra="45" who="0" fromWho="0" sc="174,133,260,-61,162,-31,394,-31" /><INIT seed="2,0,0,4,1,126" ten="307,199,131,363" oya="2" hai0="40,110,124,62,19,107,104,68,50,103,77,42,20" hai1="130,72,27,80,12,116,97,112,45,129,35,6,24" hai2="81,135,31,109,115,11,111,83,55,75,88,22,89" hai3="57,78,94,70,65,117,38,10,79,17,71,132,39"/><V41/><F115/><W21/><G117/><T26/><D124/><U54/><E112/><V128/><F41/><W127/><G127/><T8/><D110/><N who="2" m="41994" /><F135/><W9/><G132/><T114/><D114/><U13/><E116/><V82/><F128/><N who="1" m="49257" /><E97/><V66/><F75/><W84/><G71/><T120/><D120/><U28/><E6/><V98/><F66/><W134/><G70/><T46/><D103/><U56/><E45/><V90/><F11/><W122/><G39/><T100/><D100/><U118/><E118/><V106/><F55/><W49/><G38/><T36/><D36/><U96/><E96/><V2/><F2/><W133/><G10/><T125/><D125/><U121/><E121/><V18/><F31/><W74/><G9/><T131/><D131/><U99/><E99/><V33/><F33/><W92/><G74/><T119/><D119/><U29/><E72/><V76/><F106/><W51/><G122/><T59/><D107/><U48/><E80/><V53/><F53/><W113/><G113/><T85/><D104/><U87/><E87/><N who="2" m="48551" /><F98/><W7/><G84/><T44/><D85/><U30/><E30/><V73/><F73/><W43/><G7/><T60/><D44/><U52/><E54/><V93/><F93/><W23/><G92/><T16/><D46/><U108/><E108/><V64/><F64/><W0/><G94/><T61/><D42/><U63/><E63/><V1/><F1/><W102/><G0/><T14/><D61/><U47/><E47/><V101/><F101/><W15/><G102/><T37/><D62/><U67/><E67/><RYUUKYOKU ba="0,0" sc="307,-15,199,15,131,15,363,-15" hai1="12,13,24,27,28,29,35,48,52,56" hai2="18,22,82,83,88,89,90" /><INIT seed="2,1,0,1,3,40" ten="292,214,146,348" oya="2" hai0="13,89,97,63,70,8,67,133,9,86,116,93,42" hai1="14,45,114,58,23,3,111,107,36,88,126,5,83" hai2="99,2,135,59,16,47,103,75,31,113,54,12,57" hai3="52,4,118,84,101,61,22,129,18,39,72,55,37"/><V66/><F113/><W43/><G72/><T68/><D133/><U100/><E114/><V53/><F2/><W10/><G118/><T44/><D116/><U96/><E111/><V62/><F75/><W41/><G101/><T81/><D70/><U1/><E126/><V6/><F135/><W78/><G129/><T35/><D35/><U110/><E110/><V77/><F77/><W94/><G39/><T7/><D9/><U32/><E32/><V24/><F6/><W131/><G131/><T60/><D67/><U65/><E65/><V46/><F24/><W34/><G34/><T85/><D68/><U64/><E58/><V38/><F31/><W117/><G61/><T105/><D86/><U76/><E64/><V125/><F38/><W106/><G106/><T104/><D104/><U74/><E88/><V29/><F29/><W30/><G30/><T56/><D56/><U0/><E23/><N who="2" m="11655" /><F125/><W21/><G21/><T82/><D82/><U71/><E71/><V17/><F17/><W95/><G22/><T28/><D28/><U102/><E102/><V27/><F27/><W123/><G18/><T11/><D11/><N who="1" m="2495" /><E14/><V79/><F79/><W92/><G117/><T69/><D69/><U119/><E119/><V20/><F20/><W134/><G134/><T49/><D105/><U127/><E127/><V98/><F103/><AGARI ba="1,0" hai="7,8,13,42,44,49,60,63,81,85,89,93,97,103" machi="103" ten="30,3900,0" yaku="7,1,8,1,52,1" doraHai="40" who="0" fromWho="2" sc="292,42,214,0,146,-42,348,0" /><INIT seed="3,0,0,0,0,76" ten="334,214,104,348" oya="3" hai0="6,132,54,65,25,126,135,4,84,11,123,21,95" hai1="42,63,12,69,77,134,83,32,81,43,78,101,96" hai2="3,29,115,60,90,51,87,74,9,125,44,46,131" hai3="31,15,5,82,14,28,122,2,113,0,26,116,7"/><W57/><G57/><T129/><D123/><U41/><E32/><V49/><F74/><W68/><G68/><T17/><D65/><U22/><E134/><N who="0" m="51241" /><D126/><U92/><E69/><V59/><F115/><W127/><G82/><N who="1" m="31242" /><E63/><V55/><F29/><N who="3" m="11339" /><G127/><T10/><D129/><U100/><E100/><V109/><F131/><W40/><G40/><T97/><D84/><U85/><E85/><V47/><F125/><W39/><G39/><T24/><D54/><U70/><E70/><V133/><F133/><W112/><G116/><T119/><D119/><U91/><E101/><V36/><F36/><W98/><G26/><T61/><D61/><U19/><AGARI ba="0,0" hai="12,19,22,41,42,43,77,78,91,92,96" m="31242" machi="19" ten="30,7900,0" yaku="8,1,52,3" doraHai="76" who="1" fromWho="1" sc="334,-20,214,79,104,-20,348,-39" /><INIT seed="4,0,0,2,5,57" ten="314,293,84,309" oya="0" hai0="8,22,52,133,9,61,121,26,2,49,111,30,42" hai1="40,127,86,122,55,120,27,14,129,95,19,24,90" hai2="88,18,12,87,20,11,47,23,116,46,70,21,106" hai3="36,89,7,108,119,105,69,102,123,132,51,17,74"/><T96/><D121/><U128/><E40/><V100/><F116/><W54/><G7/><T80/><D133/><U98/><E55/><V60/><F106/><W53/><G102/><T39/><D39/><U94/><E27/><V50/><F100/><W3/><G17/><T31/><D111/><U78/><E24/><V83/><REACH who="2" step="1"/><F50/><REACH who="2" ten="314,293,74,309" step="2"/><W126/><G51/><T124/><D124/><U77/><E127/><V92/><F92/><W113/><G105/><T25/><D49/><U112/><E122/><V99/><F99/><W64/><G126/><T107/><D96/><U73/><E120/><V33/><F33/><W135/><G123/><T32/><D107/><U114/><E95/><V13/><F13/><W103/><G103/><T97/><D97/><U110/><E98/><V15/><F15/><W63/><G119/><T6/><D80/><U62/><E14/><V104/><F104/><W1/><G3/><T82/><D82/><U34/><E34/><V134/><F134/><W101/><G1/><T28/><D32/><U84/><E110/><V118/><F118/><W76/><G101/><T4/><D26/><U79/><E128/><V125/><F125/><W67/><G108/><T38/><D30/><U16/><E129/><V71/><F71/><W43/><G69/><T56/><D28/><U72/><E112/><V85/><F85/><W109/><G113/><T48/><D38/><U59/><E114/><V91/><F91/><W81/><G109/><T58/><D2/><U117/><E86/><V66/><AGARI ba="0,1" hai="11,12,18,20,21,23,46,47,60,66,70,83,87,88" machi="66" ten="30,7900,0" yaku="1,1,0,1,52,1,54,1,53,0" doraHai="57" doraHaiUra="0" who="2" fromWho="2" sc="314,-39,293,-20,74,89,309,-20" /><INIT seed="5,0,0,3,1,117" ten="275,273,163,289" oya="1" hai0="52,119,116,104,133,124,33,102,88,36,110,3,81" hai1="70,127,49,126,80,121,16,111,34,74,29,42,97" hai2="12,41,67,63,71,65,50,60,84,101,44,68,9" hai3="35,75,1,123,122,32,2,113,31,87,15,58,89"/><U86/><E70/><V66/><F66/><W23/><G75/><T59/><D110/><U7/><E74/><V79/><F101/><W40/><G40/><T20/><D33/><N who="3" m="12873" /><G58/><T78/><D3/><N who="3" m="1033" /><G87/><T62/><D36/><U125/><E7/><V98/><F98/><W64/><G89/><T118/><D124/><U38/><E111/><V96/><F96/><W115/><G64/><T69/><D133/><U100/><E38/><V47/><F47/><W18/><G31/><T37/><D37/><U13/><E49/><V128/><F128/><W10/><G10/><T46/><D46/><U57/><E57/><V107/><F107/><W0/><G0/><T91/><D69/><U108/><E108/><V92/><F92/><W6/><G6/><T103/><D103/><U53/><E53/><V14/><REACH who="2" step="1"/><F9/><REACH who="2" ten="275,273,153,289" step="2"/><W93/><G93/><T106/><D106/><U51/><E97/><V83/><AGARI ba="0,1" hai="12,14,41,44,50,60,63,65,67,68,71,79,83,84" machi="83" ten="30,7900,0" yaku="1,1,2,1,0,1,9,1,53,0" doraHai="117" doraHaiUra="4" who="2" fromWho="2" sc="275,-20,273,-39,153,89,289,-20" /><INIT seed="6,0,0,4,1,79" ten="255,234,242,269" oya="2" hai0="53,5,12,49,37,118,132,16,17,52,19,107,130" hai1="43,91,15,3,109,92,76,56,78,100,66,110,58" hai2="120,77,101,10,1,60,42,48,57,51,126,74,121" hai3="71,29,112,63,62,25,61,105,134,111,47,73,133"/><V18/><F126/><W129/><G111/><T90/><D37/><U7/><E3/><V54/><F101/><W89/><G129/><T4/><D107/><U135/><E100/><V69/><F69/><W95/><G105/><T68/><D68/><U24/><E110/><V80/><F18/><N who="0" m="7274" /><D130/><U27/><E109/><V65/><F42/><W8/><G73/><T88/><D132/><N who="3" m="50793" /><G8/><N who="0" m="6535" /><D53/><U93/><E135/><V75/><F75/><W99/><G47/><N who="0" m="27711" /><D118/><U131/><E43/><V39/><F39/><W103/><G71/><T45/><D45/><U22/><E131/><V26/><F26/><N who="1" m="9769" /><E22/><V122/><REACH who="2" step="1"/><F54/><REACH who="2" ten="255,234,232,269" step="2"/><W119/><G119/><T11/><D11/><N who="1" m="4607" /><E66/><V114/><F114/><W113/><G103/><T59/><D59/><N who="1" m="22571" /><E93/><V9/><F9/><W116/><G116/><T35/><D35/><AGARI ba="0,1" hai="25,29,35,61,62,63,89,95,99,112,113" m="50793" machi="35" ten="40,1300,0" yaku="20,1" doraHai="79" who="3" fromWho="0" sc="255,-13,234,0,232,0,269,23" /><INIT seed="7,0,0,0,0,45" ten="242,234,232,292" oya="3" hai0="69,42,21,40,19,4,0,56,15,106,37,30,22" hai1="121,49,10,73,53,99,134,100,25,120,76,84,97" hai2="123,125,135,28,103,96,66,119,105,90,44,109,107" hai3="127,61,117,8,71,31,85,80,29,2,68,36,113"/><W114/><G117/><T32/><D69/><U130/><E73/><V93/><F119/><W118/><G118/><T3/><D106/><U78/><E25/><V23/><F109/><W75/><G36/><T43/><D37/><U122/><E134/><V104/><F135/><W77/><G75/><T72/><D72/><U64/><E64/><V65/><F125/><W6/><G127/><T92/><D32/><U133/><E133/><V82/><F123/><W9/><G9/><T101/><D4/><U58/><E130/><V12/><F44/><W46/><G46/><T1/><D56/><U47/><E99/><V18/><REACH who="2" step="1"/><F28/><REACH who="2" ten="242,234,222,292" step="2"/><N who="3" m="10827" /><G61/><T129/><D129/><U126/><E126/><V33/><F33/><W57/><G57/><T67/><D30/><U115/><E115/><AGARI ba="0,1" hai="2,6,8,68,71,77,80,85,113,114,115" m="10827" machi="115" ten="30,1500,0" yaku="15,1" doraHai="45" who="3" fromWho="1" sc="242,0,234,-15,222,0,292,25" owari="242,4.0,219,-28.0,222,-18.0,317,42.0" /></mjloggm>