<mjloggm ver="2.3"><GO type="41" lobby="0"/><UN n0="%E3%81%AF%E3%82%8B%E3%83%BC%E3%81%97%E3%82%85" n1="%6E%6F%64%6F%6B%61%2E%48" n2="%52%59%4F%40%53%53" n3="%E5%B0%B1%E6%B4%BB%E7%94%9F%40%E5%B7%9D%E6%9D%91%E8%BB%8D%E5%9B%A3" dan="13,14,15,15" rate="1847.92,1949.38,2015.36,2019.50" sx="M,F,M,M"/><TAIKYOKU oya="0"/><INIT seed="0,0,0,1,1,17" ten="250,250,250,250" oya="0" hai0="39,13,14,92,79,114,12,76,135,34,30,63,106" hai1="41,55,56,130,11,129,53,32,65,43,102,16,2" hai2="84,6,91,67,18,36,126,0,77,64,87,127,88" hai3="1,28,60,81,111,5,95,119,10,23,31,4,133"/><T38/><D135/><U96/><E32/><V69/><F36/><W86/><G119/><T24/><D106/><U21/><E65/><V7/><F77/><W82/><G133/><T75/><D114/><U27/><E11/><V134/><F134/><W52/><G111/><T104/><D104/><U99/><E2/><V101/><F18/><W112/><G112/><T54/><D92/><N who="1" m="58631" /><E99/><V100/><REACH who="2" step="1"/><F0/><REACH who="2" ten="250,250,240,250" step="2"/><W29/><G5/><T109/><D109/><U113/><E113/><V73/><F73/><W44/><G95/><T42/><D39/><U110/><E110/><V90/><F90/><W26/><G82/><T83/><D76/><U15/><E129/><V61/><F61/><W33/><G33/><T50/><D38/><U71/><E130/><V47/><F47/><W19/><G44/><T35/><D35/><U72/><E72/><V22/><F22/><W51/><G60/><T49/><REACH who="0" step="1"/><D42/><REACH who="0" ten="240,250,240,250" step="2"/><U105/><E43/><V108/><F108/><W123/><G123/><T40/><D40/><U124/><E41/><V3/><F3/><W45/><REACH who="3" step="1"/><G31/><REACH who="3" ten="240,250,240,240" step="2"/><T132/><D132/><U85/><E105/><V125/><F125/><W78/><AGARI ba="0,3" hai="1,4,10,19,23,26,28,29,45,51,52,78,81,86" machi="78" ten="20,12000,2" yaku="1,1,2,1,0,1,7,1,52,1,54,1,53,0" doraHai="17" doraHaiUra="9" who="3" fromWho="3" sc="240,-60,250,-30,240,-30,240,150" /><INIT seed="1,0,0,5,1,84" ten="180,220,210,390" oya="1" hai0="116,123,27,94,9,115,47,76,102,50,93,81,24" hai1="35,122,31,88,127,78,5,64,21,8,110,4,132" hai2="96,95,30,51,54,79,104,3,105,22,97,77,135" hai3="114,107,129,19,36,53,111,121,109,44,2,57,131"/><U38/><E122/><V62/><F3/><W43/><G107/><T89/><D116/><U120/><E120/><V87/><F62/><N who="3" m="36143" /><G2/><T134/><D134/><U90/><E132/><V103/><F135/><W113/><G19/><T40/><D115/><N who="3" m="44041" /><G121/><T37/><D123/><U118/><E38/><V39/><F39/><W7/><G7/><T58/><D9/><U56/><E118/><V0/><F0/><W6/><G6/><N who="1" m="2666" /><E127/><V73/><F73/><W68/><G68/><T70/><D70/><U75/><E75/><V13/><F87/><W128/><AGARI ba="0,0" hai="36,43,44,109,111,128,129,131" m="44041,36143" machi="128" ten="40,5200,0" yaku="19,1,34,2" doraHai="84" who="3" fromWho="3" sc="180,-13,220,-26,210,-13,390,52" /><INIT seed="2,0,0,5,4,16" ten="167,194,197,442" oya="2" hai0="57,87,51,54,68,124,45,93,23,20,94,33,134" hai1="119,130,26,133,72,9,106,110,108,47,112,15,43" hai2="121,78,41,75,59,19,74,8,128,81,129,95,44" hai3="11,105,34,1,52,88,66,0,86,131,116,65,2"/><V113/><F121/><W55/><G105/><T39/><D134/><U69/><E26/><V84/><F113/><W6/><G34/><T3/><D124/><U79/><E112/><V18/><F59/><W104/><G104/><T127/><D3/><U103/><E119/><V64/><F64/><W36/><G36/><T50/><D127/><U28/><E133/><V83/><F95/><N who="0" m="36362" /><D33/><U35/><E130/><N who="2" m="50283" /><F8/><W114/><G131/><T24/><D39/><U21/><E69/><V99/><F99/><W111/><G114/><T70/><D68/><U5/><E35/><V63/><F63/><W38/><G38/><T107/><D70/><U12/><E28/><V118/><F118/><W46/><G116/><T58/><D107/><U122/><E122/><V62/><F62/><W42/><G111/><N who="1" m="42538" /><E79/><N who="2" m="46143" /><F74/><W120/><G120/><T13/><D87/><U92/><E72/><V82/><F82/><W17/><G42/><T53/><D13/><U49/><E92/><V91/><F91/><W7/><G46/><N who="0" m="27863" /><D24/><U98/><E15/><V56/><F56/><AGARI ba="0,0" hai="20,23,45,51,54,56,57,58" m="27863,36362" machi="56" ten="30,3900,0" yaku="8,1,52,2" doraHai="16" who="0" fromWho="2" sc="167,39,194,0,197,-39,442,0" /><INIT seed="3,0,0,2,2,31" ten="206,194,158,442" oya="3" hai0="25,68,112,108,57,3,113,37,120,81,39,85,88" hai1="49,8,58,45,38,131,102,121,48,78,28,47,105" hai2="22,18,92,44,111,20,13,9,134,54,128,130,116" hai3="72,41,133,117,109,2,100,90,84,50,127,83,43"/><W56/><G2/><T26/><D120/><U74/><E121/><V29/><F92/><W40/><G117/><T63/><D3/><U42/><E131/><N who="2" m="50219" /><F44/><W32/><G32/><T35/><D68/><U106/><E28/><V17/><F54/><W4/><G4/><T75/><D108/><U125/><E125/><V77/><F77/><W59/><G109/><T46/><D46/><U21/><E21/><N who="2" m="8299" /><F111/><W11/><G127/><T115/><D75/><U79/><E8/><V51/><F51/><W53/><G72/><T66/><D35/><U30/><E30/><V10/><F116/><W87/><G133/><T60/><REACH who="0" step="1"/><D63/><REACH who="0" ten="196,194,158,442" step="2"/><U129/><E74/><V99/><F134/><W135/><G135/><T82/><D82/><U104/><E129/><V86/><F99/><W7/><G100/><T55/><D55/><U0/><E102/><V67/><F86/><W118/><G118/><T114/><N who="0" m="29184" /><DORA hai="76" /><T122/><D122/><U27/><E45/><V89/><F67/><W96/><G56/><T91/><D91/><U71/><E58/><V119/><F89/><W132/><G132/><T5/><D5/><U1/><E47/><V36/><F119/><W94/><G83/><T6/><D6/><U52/><E71/><V69/><F69/><W34/><G34/><T12/><D12/><U124/><E1/><V93/><F13/><W126/><G126/><T15/><D15/><U62/><E124/><V14/><F14/><W95/><G7/><T73/><D73/><U97/><E0/><V16/><F9/><W107/><G59/><T70/><D70/><U24/><E97/><RYUUKYOKU ba="0,1" sc="196,30,194,-10,158,-10,442,-10" hai0="25,26,37,39,57,60,66,81,85,88" /><INIT seed="4,1,1,4,0,80" ten="226,184,148,432" oya="0" hai0="28,97,105,83,4,9,55,25,85,18,82,23,93" hai1="106,111,124,57,75,51,74,60,81,117,129,43,104" hai2="96,102,47,72,12,21,67,114,2,132,90,92,76" hai3="61,8,40,35,17,33,24,13,15,27,127,53,95"/><T107/><D55/><U134/><E117/><V130/><F2/><W19/><G127/><T77/><D28/><U59/><E124/><V52/><F130/><W5/><G40/><T14/><REACH who="0" step="1"/><D82/><REACH who="0" ten="216,184,148,432" step="2"/><U41/><E81/><V3/><F52/><W22/><G53/><T100/><AGARI ba="1,2" hai="4,9,14,18,23,25,77,83,85,93,97,100,105,107" machi="100" ten="20,12000,1" yaku="1,1,2,1,0,1,7,1,52,1,53,0" doraHai="80" doraHaiUra="31" who="0" fromWho="0" sc="216,143,184,-41,148,-41,432,-41" /><INIT seed="4,2,0,3,1,98" ten="359,143,107,391" oya="0" hai0="29,129,114,16,39,84,102,87,101,88,9,105,103" hai1="46,80,90,133,45,56,25,60,121,33,7,14,78" hai2="76,17,8,3,97,113,50,95,91,68,27,41,21" hai3="47,96,12,118,111,93,132,126,131,127,115,0,71"/><T31/><D39/><U59/><E121/><V57/><F68/><W63/><G0/><T85/><D114/><U89/><E133/><V75/><F113/><W26/><G118/><T40/><D129/><U1/><E1/><V35/><F35/><W42/><G111/><T32/><D105/><U15/><E33/><V66/><F75/><W82/><G82/><T124/><D124/><N who="3" m="47657" /><G26/><T65/><D40/><U104/><E104/><V94/><F76/><W123/><G12/><N who="0" m="7183" /><D65/><U119/><E119/><V122/><F122/><W13/><G13/><T34/><D32/><U79/><E25/><V44/><F8/><W92/><G123/><T135/><D135/><U38/><E38/><V62/><F3/><W52/><G132/><T108/><D108/><U120/><E120/><V37/><F95/><W130/><G115/><T106/><D106/><U58/><E80/><V125/><F125/><W20/><G20/><T128/><D34/><U86/><E59/><V73/><F73/><W100/><G93/><N who="0" m="54407" /><D128/><U64/><E64/><V70/><F37/><N who="3" m="21967" /><G71/><T23/><D23/><U43/><E43/><V74/><F74/><W109/><G109/><T22/><D31/><U2/><E2/><V69/><AGARI ba="2,0" hai="17,21,27,41,44,50,57,62,66,69,70,91,94,97" machi="69" ten="30,1100,0" yaku="0,1" doraHai="98" who="2" fromWho="2" sc="359,-7,143,-5,107,17,391,-5" /><INIT seed="5,0,0,2,0,12" ten="352,138,124,386" oya="1" hai0="49,47,34,119,134,25,76,98,38,102,106,115,65" hai1="111,17,71,22,72,97,67,1,62,135,86,66,58" hai2="118,70,7,9,129,44,18,95,128,4,27,35,69" hai3="21,13,123,109,0,84,60,112,104,75,90,20,42"/><U100/><E72/><V52/><F118/><W26/><G0/><T99/><D119/><U113/><E113/><V68/><F95/><W23/><G104/><T85/><D115/><U63/><E135/><V14/><F35/><W73/><G109/><T5/><D134/><U83/><E1/><V24/><F7/><W93/><G112/><T43/><D99/><U57/><E111/><V101/><F101/><W6/><G123/><T53/><D5/><U31/><E31/><V2/><F2/><W74/><G42/><T133/><D133/><U87/><E71/><V33/><F33/><W36/><G36/><T124/><D124/><U54/><E54/><V80/><F80/><W120/><G120/><T127/><D127/><U77/><E86/><V30/><F30/><W56/><G6/><T55/><D65/><U64/><E64/><V16/><F27/><W110/><G13/><T88/><D76/><U48/><E48/><N who="2" m="28679" /><F24/><W11/><G11/><T28/><REACH who="0" step="1"/><D38/><REACH who="0" ten="342,138,124,386" step="2"/><U125/><E125/><V130/><AGARI ba="0,1" hai="4,9,14,16,18,68,69,70,128,129,130" m="28679" machi="130" ten="40,8000,1" yaku="19,1,52,2,54,2" doraHai="12" who="2" fromWho="2" sc="342,-20,138,-40,124,90,386,-20" /><INIT seed="6,0,0,2,0,48" ten="322,98,214,366" oya="2" hai0="43,90,79,115,111,106,44,107,89,24,18,39,13" hai1="21,55,116,63,135,20,22,47,9,117,87,85,58" hai2="30,81,11,86,75,121,132,80,71,97,29,59,69" hai3="83,101,12,49,5,91,100,127,51,103,102,42,128"/><V3/><F121/><W108/><G108/><T15/><D111/><U76/><E135/><V64/><F132/><W28/><G127/><T56/><D115/><U65/><E116/><V45/><F45/><W41/><G128/><T110/><D110/><U52/><E117/><V120/><F120/><W68/><G68/><T109/><D109/><U77/><E9/><V94/><F75/><W0/><G0/><T46/><D79/><U50/><E65/><V105/><F105/><W130/><G28/><T96/><D44/><U119/><E119/><V82/><F86/><AGARI ba="0,0" hai="20,21,22,47,50,52,55,58,63,76,77,85,86,87" machi="86" ten="40,8000,1" yaku="8,1,52,2,54,1" doraHai="48" who="1" fromWho="2" sc="322,0,98,80,214,-80,366,0" /><INIT seed="7,0,0,4,2,120" ten="322,178,134,366" oya="3" hai0="28,31,3,62,52,29,126,42,130,67,89,20,127" hai1="118,73,97,37,57,12,55,30,59,74,32,79,36" hai2="48,115,16,129,6,77,9,112,39,95,93,94,44" hai3="101,23,92,113,64,51,131,50,78,88,24,34,21"/><W75/><G131/><T100/><D3/><U33/><E118/><V135/><F39/><W81/><G113/><T98/><D130/><U133/><E133/><V66/><F66/><W128/><G128/><T65/><D42/><U15/><E97/><V99/><F129/><W103/><G64/><T22/><D89/><U0/><E30/><V119/><F119/><W91/><G34/><T27/><D126/><U109/><E55/><V35/><F35/><W60/><G60/><T104/><D127/><U111/><E79/><V69/><F69/><W107/><G23/><T68/><D67/><U43/><E43/><V63/><F63/><W1/><G91/><T11/><D11/><U2/><AGARI ba="0,0" hai="0,2,12,15,32,33,36,37,57,59,73,74,109,111" machi="2" ten="25,8000,1" yaku="0,1,22,2,52,2" doraHai="120" who="1" fromWho="1" sc="322,-20,178,80,134,-20,366,-40" owari="302,10.0,258,-14.0,114,-39.0,326,43.0" /></mjloggm>