<mjloggm ver="2.3"><GO type="169" lobby="0"/><UN n0="%E5%A4%A9%E7%A9%BA%73%61%79%61" n1="%E3%83%A0%E3%83%A1%E3%82%A4" n2="%E3%80%93%E3%81%AF%E3%82%84%E3%81%95%E3%81%8B%E3%80%93" n3="%E3%82%A6%E3%83%AB%E3%83%88%E3%83%A9%E7%AB%8B%E7%9B%B4" dan="16,16,16,17" rate="2097.21,2117.73,2059.82,2221.20" sx="M,M,M,M"/><TAIKYOKU oya="0"/><INIT seed="0,0,0,3,0,32" ten="250,250,250,250" oya="0" hai0="60,21,13,123,62,79,51,109,47,71,102,19,97" hai1="70,43,44,58,121,9,50,124,87,106,41,12,117" hai2="100,125,75,10,28,84,5,18,119,1,129,132,35" hai3="69,67,133,113,128,92,96,3,78,85,68,26,54"/><T2/><D123/><U14/><E70/><V0/><F75/><W66/><G113/><T34/><D34/><U89/><E106/><V8/><F100/><W98/><G128/><T122/><D122/><U115/><E117/><V65/><F65/><W111/><G111/><T82/><D71/><U99/><E124/><V108/><F84/><W76/><G133/><T91/><D91/><U105/><E121/><V126/><F108/><W46/><G26/><T20/><D20/><U73/><E73/><V6/><F132/><W110/><G110/><T59/><D59/><U11/><E43/><V30/><F129/><W114/><G85/><T81/><D2/><U37/><E37/><V17/><F35/><W25/><G25/><T131/><D131/><U74/><E74/><V135/><F135/><W130/><G130/><T29/><D29/><U64/><E115/><V16/><F18/><W53/><G46/><T93/><D109/><U134/><E134/><V22/><F22/><W88/><G92/><T39/><D39/><U118/><E118/><AGARI ba="0,0" hai="0,1,5,6,8,10,16,17,28,30,118,119,125,126" machi="118" ten="25,16000,3" yaku="22,2,34,3,52,2,54,1" doraHai="32" who="2" fromWho="1" sc="250,0,250,-160,250,160,250,0" /><INIT seed="1,0,0,3,5,119" ten="250,90,410,250" oya="1" hai0="45,29,4,113,28,13,56,86,106,115,72,61,1" hai1="95,5,65,11,40,33,89,50,46,3,91,93,83" hai2="87,58,128,94,99,53,122,18,34,38,10,7,43" hai3="49,132,105,20,31,90,26,54,107,66,42,70,52"/><U124/><E33/><V111/><F34/><W35/><G132/><T84/><D72/><U135/><E135/><V103/><F111/><W64/><G35/><T125/><D106/><U77/><E124/><V134/><F134/><W82/><G107/><T109/><D1/><U24/><E65/><N who="3" m="25194" /><G105/><T37/><D125/><U21/><E95/><V79/><F43/><W32/><G70/><T59/><D109/><U69/><E69/><V110/><F38/><W62/><G62/><T14/><D37/><U8/><E8/><V71/><F18/><W30/><G30/><T60/><D45/><U39/><E93/><V51/><F71/><W97/><G32/><T114/><D114/><U96/><E96/><V88/><F128/><W116/><G116/><T68/><D68/><U22/><E50/><V127/><F127/><W118/><G118/><T98/><D98/><U48/><E48/><V74/><F79/><W101/><G101/><T129/><REACH who="0" step="1"/><D4/><REACH who="0" ten="240,90,410,250" step="2"/><U67/><E67/><V0/><F74/><W121/><G121/><T44/><D44/><U9/><E5/><V126/><F126/><W80/><G97/><T57/><D57/><U123/><E3/><V78/><F110/><W112/><G112/><T55/><D55/><U81/><E123/><V47/><F122/><W131/><G54/><T130/><AGARI ba="0,1" hai="13,14,28,29,56,59,60,61,84,86,113,115,129,130" machi="130" ten="25,6400,0" yaku="1,1,0,1,22,2,53,0" doraHai="119" doraHaiUra="12" who="0" fromWho="0" sc="240,74,90,-32,410,-16,250,-16" /><INIT seed="2,0,0,1,4,73" ten="314,58,394,234" oya="2" hai0="17,6,13,98,2,61,118,28,39,5,126,103,135" hai1="55,4,60,52,26,116,97,22,129,15,86,91,8" hai2="72,49,57,94,87,59,32,31,99,114,45,66,48" hai3="89,108,50,3,67,120,40,121,25,70,84,128,65"/><V90/><F72/><W14/><G3/><T62/><D39/><U119/><E129/><V75/><F75/><W131/><G25/><T51/><D2/><U117/><E97/><V33/><F31/><W38/><G14/><T110/><D110/><U74/><E74/><V7/><F7/><W23/><G23/><T88/><D135/><U134/><E60/><V30/><F30/><W107/><G107/><T21/><D126/><U113/><E113/><V127/><F49/><W18/><G18/><T64/><D28/><U79/><E79/><V63/><F59/><W102/><G102/><T19/><D118/><U46/><E46/><V12/><F12/><W16/><G16/><N who="0" m="10383" /><D103/><U41/><E41/><V34/><F127/><W9/><G9/><T58/><D61/><U47/><E134/><V92/><F114/><W93/><G38/><T69/><D69/><U35/><E35/><V10/><F10/><W105/><G70/><T68/><D68/><U96/><E96/><V82/><F99/><W83/><G108/><T101/><D101/><U24/><E24/><V115/><F115/><W124/><G105/><T104/><D104/><U20/><E26/><V78/><REACH who="2" step="1"/><F90/><REACH who="2" ten="314,58,384,234" step="2"/><N who="3" m="51487" /><G124/><T132/><D132/><U44/><E119/><V111/><F111/><W80/><G131/><T109/><D109/><U27/><E117/><V71/><F71/><W100/><G89/><T106/><D51/><N who="1" m="28775" /><E27/><V133/><F133/><W54/><G50/><T43/><D88/><U29/><E29/><V112/><F112/><W37/><G128/><T123/><D5/><U76/><E116/><V130/><F130/><RYUUKYOKU ba="0,1" sc="314,-10,58,-10,384,30,234,-10" hai2="32,33,34,45,48,57,63,66,78,82,87,92,94" /><INIT seed="2,1,1,2,5,60" ten="304,48,414,224" oya="2" hai0="69,21,36,34,29,119,117,47,82,5,125,106,129" hai1="120,94,23,3,75,55,41,104,112,54,17,68,102" hai2="98,135,66,62,86,33,35,51,108,48,80,132,114" hai3="126,105,20,115,12,93,72,103,67,127,70,46,99"/><V10/><F114/><W64/><G72/><T78/><D125/><N who="3" m="47625" /><G115/><T128/><D69/><U37/><E3/><V100/><F10/><W92/><G46/><T118/><D106/><U116/><E116/><V56/><F35/><W4/><G70/><T0/><D21/><U15/><E120/><V109/><F33/><W121/><G121/><T40/><D29/><U123/><E123/><V131/><F48/><W25/><G93/><T83/><D34/><U6/><E75/><V58/><F51/><W85/><G85/><T22/><D22/><U76/><E68/><V101/><F56/><W2/><G2/><T45/><D83/><U113/><E104/><N who="2" m="63511" /><F131/><W122/><G105/><T96/><D96/><U8/><E76/><N who="2" m="46343" /><F101/><W71/><G71/><T7/><D47/><U107/><E107/><V14/><F14/><W91/><G103/><T97/><D0/><U32/><E32/><V9/><F9/><N who="3" m="4135" /><G122/><T77/><D128/><U130/><E130/><V30/><F30/><AGARI ba="1,1" hai="20,25,30,64,67,91,92,99" m="4135,47625" machi="30" ten="30,3900,0" yaku="18,1,52,2" doraHai="60" who="3" fromWho="2" sc="304,0,48,0,414,-42,224,52" /><INIT seed="3,0,0,4,1,17" ten="304,48,372,276" oya="3" hai0="75,36,0,86,5,103,55,59,31,77,19,134,79" hai1="62,24,28,113,41,65,56,132,119,72,49,89,131" hai2="120,1,18,121,128,50,52,39,2,38,82,48,114" hai3="90,115,37,68,76,81,27,51,42,109,15,85,110"/><W33/><G37/><T97/><D75/><U106/><E113/><V117/><F114/><W12/><G68/><T135/><D36/><U64/><E132/><N who="0" m="50729" /><D31/><U45/><E131/><V100/><F117/><W46/><G115/><T130/><D130/><U7/><E106/><V11/><F100/><W105/><G105/><N who="0" m="63727" /><D86/><U40/><E72/><V98/><F98/><W126/><G126/><T84/><D84/><U129/><E119/><V60/><F82/><W96/><G96/><T8/><D19/><U94/><E129/><V54/><F18/><W23/><G33/><T4/><D4/><U44/><E7/><V34/><F128/><W92/><G76/><T112/><D112/><U111/><E111/><N who="3" m="42506" /><G92/><T25/><D25/><U10/><E94/><V71/><F34/><W16/><AGARI ba="0,0" hai="12,15,16,23,27,42,46,51,81,85,90" m="42506" machi="16" ten="30,11700,0" yaku="14,1,10,1,52,1,54,1" doraHai="17" who="3" fromWho="3" sc="304,-39,48,-39,372,-39,276,117" /><INIT seed="3,1,0,2,0,1" ten="265,9,333,393" oya="3" hai0="110,85,5,83,117,112,98,49,52,57,74,84,48" hai1="131,121,100,111,108,70,14,80,92,107,87,36,40" hai2="2,94,101,119,88,114,71,69,124,58,4,15,53" hai3="73,11,16,115,50,38,32,65,3,22,24,13,128"/><W34/><G38/><T60/><D117/><U39/><E121/><V55/><F114/><W113/><G73/><T127/><D110/><N who="1" m="42027" /><E70/><V68/><F119/><W29/><G65/><T20/><D127/><U56/><E107/><V30/><F124/><W63/><G50/><T97/><D112/><N who="3" m="43081" /><G63/><T33/><D33/><N who="3" m="12905" /><G3/><T9/><D74/><U103/><E131/><AGARI ba="1,0" hai="11,13,16,22,24,29,128,131" m="12905,43081" machi="131" ten="40,7700,0" yaku="34,2,54,1" doraHai="1" who="3" fromWho="1" sc="265,0,9,-80,333,0,393,80" owari="265,-13.0,-71,-57.0,333,13.0,473,57.0" /></mjloggm>