<mjloggm ver="2.3"><GO type="97" lobby="0"/><UN n0="%E7%B6%BE%E7%80%AC%E5%A5%88%E9%83%BD%E5%B8%8C" n1="%50%61%69%72%6F%6E" n2="%E5%B0%B1%E6%B4%BB%E7%94%9F%40%E5%B7%9D%E6%9D%91%E8%BB%8D%E5%9B%A3" n3="%E6%97%A5%E5%87%BA%E6%9D%B1%E6%96%B9" dan="15,13,15,13" rate="2002.83,1843.05,2089.84,2275.30" sx="F,M,M,F"/><TAIKYOKU oya="0"/><INIT seed="0,0,0,3,4,115" ten="250,250,250,250" oya="0" hai0="71,26,123,120,70,101,14,39,74,6,118,125,89" hai1="55,133,9,103,129,85,11,68,15,91,100,114,21" hai2="122,36,113,119,8,79,45,64,108,109,97,95,65" hai3="82,116,30,124,23,54,43,19,105,16,48,46,96"/><T93/><D125/><U99/><E114/><V81/><F113/><W24/><G124/><T127/><D127/><U41/><E129/><V69/><F122/><W22/><G82/><T76/><D39/><U121/><E121/><V78/><F36/><W63/><G105/><T107/><D118/><U128/><E128/><V18/><F45/><W40/><G96/><N who="0" m="61863" /><D26/><U131/><E68/><N who="0" m="26153" /><D14/><U50/><E41/><V58/><F69/><W72/><G72/><T56/><D56/><U126/><E126/><V49/><F119/><W35/><G116/><T34/><D6/><U98/><E131/><V53/><F18/><W2/><G2/><T28/><D28/><U132/><E21/><V135/><F8/><W92/><G92/><T12/><D12/><U51/><E15/><V44/><F135/><W60/><G60/><T83/><D34/><U88/><E85/><AGARI ba="0,0" hai="74,76,83,85,89,93,120,123" m="26153,61863" machi="85" ten="30,1500,0" yaku="24,1" doraHai="115" who="0" fromWho="1" sc="250,15,250,-15,250,0,250,0" /><INIT seed="0,1,0,5,3,129" ten="265,235,250,250" oya="0" hai0="42,134,49,99,11,109,132,53,10,117,28,108,16" hai1="114,24,110,124,125,45,15,14,90,30,96,71,120" hai2="17,104,65,0,58,12,59,35,74,92,94,37,87" hai3="79,61,130,21,13,64,55,127,19,20,78,1,116"/><T56/><D117/><U7/><E120/><V122/><F104/><W103/><G116/><T73/><D73/><U5/><E71/><V70/><F74/><W126/><G1/><T93/><D28/><U85/><E96/><V135/><F0/><W44/><G103/><N who="0" m="60911" /><D42/><U97/><E97/><V33/><F37/><W100/><G130/><T119/><D119/><U84/><E110/><N who="0" m="42601" /><D16/><U60/><E60/><V66/><F122/><W83/><G100/><T54/><D54/><U18/><E114/><V29/><F135/><AGARI ba="1,0" hai="10,11,49,53,56,132,134,135" m="42601,60911" machi="135" ten="30,18000,2" yaku="20,1,14,1,10,1,52,3" doraHai="129" who="0" fromWho="2" sc="265,183,235,0,250,-183,250,0" /><INIT seed="0,2,0,3,1,117" ten="448,235,67,250" oya="0" hai0="130,89,56,52,129,55,19,109,115,87,81,67,104" hai1="123,5,25,121,88,85,31,106,0,11,53,110,74" hai2="100,15,64,107,51,98,133,30,62,112,108,16,132" hai3="105,20,71,54,45,21,103,39,126,44,26,73,94"/><T37/><D37/><U49/><E74/><V76/><F112/><W70/><G73/><T17/><D115/><U32/><E106/><V38/><F38/><W50/><G39/><T8/><D104/><U28/><E28/><V9/><F108/><W7/><G105/><T75/><D75/><U57/><REACH who="1" step="1"/><E110/><REACH who="1" ten="448,225,67,250" step="2"/><V35/><F76/><W13/><G126/><T29/><D109/><U96/><E96/><V48/><F132/><W101/><G103/><T111/><D29/><U69/><E69/><V33/><F133/><W92/><G71/><T125/><D111/><U80/><AGARI ba="2,1" hai="0,5,11,25,31,32,49,53,57,80,85,88,121,123" machi="80" ten="20,12000,2" yaku="1,1,0,1,7,1,52,2,54,1,53,1" doraHai="117" doraHaiUra="1" who="1" fromWho="1" sc="448,-62,225,136,67,-32,250,-32" /><INIT seed="1,0,0,1,2,130" ten="386,361,35,218" oya="1" hai0="71,118,117,57,69,43,45,120,65,33,36,101,26" hai1="66,37,84,8,113,47,99,34,53,3,123,87,60" hai2="58,49,114,109,110,23,94,12,70,2,77,39,68" hai3="67,131,31,103,122,102,9,4,98,83,51,52,134"/><U22/><E123/><V63/><F2/><W119/><G122/><T80/><D120/><U62/><E34/><V108/><F39/><W10/><G119/><N who="0" m="45579" /><D57/><U74/><E74/><V35/><F114/><W91/><G131/><T54/><D54/><U0/><E113/><V48/><F35/><W93/><G67/><T88/><D88/><U104/><E37/><V124/><F124/><W42/><G42/><T115/><D115/><U82/><E87/><V29/><F77/><W17/><G83/><T125/><D80/><U11/><E22/><V97/><F68/><W32/><G134/><T75/><D75/><U16/><E8/><V59/><F70/><W132/><G132/><T15/><D15/><U30/><E30/><V55/><F59/><W116/><G116/><T121/><D65/><U14/><E99/><V81/><F81/><W129/><G129/><T27/><D27/><U90/><E104/><V20/><F20/><W40/><G40/><T1/><D125/><U86/><E86/><V76/><F76/><W112/><G112/><T126/><D126/><U56/><E62/><V18/><REACH who="2" step="1"/><F29/><REACH who="2" ten="386,361,25,218" step="2"/><W78/><G31/><N who="0" m="19703" /><D1/><U127/><E127/><V100/><AGARI ba="0,1" hai="12,18,23,48,49,55,58,63,94,97,100,108,109,110" machi="100" ten="30,4000,0" yaku="1,1,0,1,14,1,53,0" doraHai="130" doraHaiUra="107" who="2" fromWho="2" sc="386,-10,361,-20,25,50,218,-10" /><INIT seed="2,0,0,5,5,48" ten="376,341,75,208" oya="2" hai0="31,54,66,101,56,25,82,76,6,75,100,69,62" hai1="2,60,17,92,74,129,121,47,59,72,130,128,38" hai2="126,15,22,1,118,14,18,90,51,91,85,43,37" hai3="77,46,8,119,44,34,80,115,10,50,120,106,65"/><V28/><F118/><W116/><G106/><T78/><D6/><U5/><E121/><V35/><F37/><W7/><G34/><T89/><D78/><U135/><E135/><V12/><F1/><W133/><G120/><T70/><D89/><U4/><E17/><V64/><F126/><W39/><G133/><T114/><D114/><U67/><E92/><V110/><F110/><W58/><G115/><T79/><D79/><U81/><E2/><V73/><F73/><N who="1" m="28265" /><E81/><N who="2" m="49455" /><F35/><W40/><G8/><T61/><D70/><U95/><E95/><V113/><F113/><W98/><G98/><T125/><D125/><U86/><E86/><V109/><F109/><W131/><G131/><T117/><D117/><U52/><E38/><V83/><F64/><W32/><G32/><AGARI ba="0,0" hai="25,31,32,54,56,61,62,66,69,75,76,82,100,101" machi="32" ten="30,2000,0" yaku="7,1,52,1" doraHai="48" who="0" fromWho="3" sc="376,20,341,0,75,0,208,-20" /><INIT seed="3,0,0,4,2,25" ten="396,341,75,188" oya="3" hai0="4,20,131,83,76,50,105,81,27,71,18,35,6" hai1="13,30,64,12,70,87,52,29,101,123,37,66,120" hai2="49,132,9,103,55,107,118,77,19,5,40,99,133" hai3="94,134,2,100,38,21,41,34,8,89,129,10,106"/><W15/><G34/><T79/><D71/><U95/><E37/><V58/><F118/><W43/><G129/><T36/><D36/><U110/><E70/><V14/><F77/><N who="0" m="29770" /><D105/><U47/><E123/><V109/><F109/><W11/><G134/><T121/><D35/><U33/><E120/><V92/><F107/><W80/><G2/><T23/><D131/><U0/><E33/><V117/><F117/><W31/><G106/><T46/><D23/><U78/><E0/><V115/><F115/><W124/><G124/><T111/><D111/><U98/><E110/><V65/><F133/><W56/><G38/><T54/><D121/><U45/><E87/><V24/><F132/><W16/><G80/><AGARI ba="0,0" hai="4,6,18,20,27,46,50,54,80,81,83" m="29770" machi="80" ten="30,1000,0" yaku="8,1" doraHai="25" who="0" fromWho="3" sc="396,10,341,0,75,0,188,-10" owari="406,50.0,341,14.0,75,-42.0,178,-22.0" /></mjloggm>