<mjloggm ver="2.3"><GO type="97" lobby="0"/><UN n0="%39%31%31" n1="%E3%82%82%E3%81%A3%E3%81%A6%E3%81%83%E3%83%BC" n2="%E5%B0%B1%E6%B4%BB%E7%94%9F%40%E5%B7%9D%E6%9D%91%E8%BB%8D%E5%9B%A3" n3="%4C%79%75%65" dan="13,14,14,13" rate="1802.37,1950.42,2001.19,1866.61" sx="M,M,M,M"/><TAIKYOKU oya="0"/><INIT seed="0,0,0,2,5,84" ten="250,250,250,250" oya="0" hai0="102,55,49,21,106,20,120,118,36,14,5,77,50" hai1="72,114,129,135,85,12,65,124,4,24,74,87,86" hai2="38,18,19,59,27,113,41,57,108,32,97,53,131" hai3="26,67,7,116,75,16,3,10,60,71,94,123,82"/><T103/><D120/><U107/><E65/><V92/><F113/><W22/><G123/><T132/><D36/><U39/><E39/><V13/><F131/><W109/><G109/><T91/><D118/><U15/><E129/><V33/><F108/><W35/><G116/><T31/><D132/><U42/><E135/><V117/><F117/><W99/><G35/><T88/><D106/><U95/><E107/><V126/><F126/><W8/><G8/><N who="0" m="4367" /><D77/><U69/><E124/><V9/><F38/><W130/><G130/><T40/><D40/><U101/><E42/><V111/><F41/><W68/><G68/><T93/><D49/><U96/><E69/><V6/><F111/><W128/><G128/><T23/><D31/><U78/><E114/><V25/><F59/><W66/><G66/><T28/><D28/><U119/><E119/><V34/><F27/><W30/><G30/><T54/><D54/><U44/><E24/><V125/><F125/><W43/><G43/><T2/><D2/><U73/><E44/><V46/><F46/><W122/><G122/><T104/><D104/><U45/><E45/><V134/><F134/><W79/><G99/><N who="0" m="59759" /><D103/><U17/><E4/><V81/><F34/><W1/><REACH who="3" step="1"/><G94/><REACH who="3" ten="250,250,250,240" step="2"/><T63/><D63/><U70/><E70/><V98/><F33/><W83/><G83/><T62/><D62/><U80/><REACH who="1" step="1"/><E12/><AGARI ba="0,1" hai="1,3,7,10,12,16,22,26,60,67,71,75,79,82" machi="12" ten="30,3900,0" yaku="1,1,7,1,54,1,53,0" doraHai="84" doraHaiUra="47" who="3" fromWho="1" sc="250,0,250,-39,250,0,240,49" /><INIT seed="1,0,0,5,2,42" ten="250,211,250,289" oya="1" hai0="67,117,22,88,45,70,3,41,135,113,57,36,29" hai1="95,39,97,30,87,61,121,20,62,123,56,74,72" hai2="81,96,134,53,27,2,64,23,35,55,93,38,73" hai3="101,124,79,103,58,24,10,5,99,68,34,112,6"/><U76/><E39/><V8/><F35/><W89/><G68/><T28/><D117/><U120/><E62/><V127/><F38/><W80/><G112/><T66/><D113/><U51/><E87/><V122/><F122/><W15/><G124/><T90/><D3/><U13/><E76/><V50/><F127/><W26/><G5/><T128/><D135/><U91/><E51/><V40/><F134/><W108/><G108/><T60/><D128/><U75/><E13/><V17/><F64/><W86/><G34/><T69/><D28/><U132/><E132/><V43/><F73/><W4/><G4/><T84/><D29/><U85/><E85/><V65/><F65/><W107/><G58/><T102/><D102/><N who="3" m="38921" /><G107/><T7/><D7/><U59/><REACH who="1" step="1"/><E61/><REACH who="1" ten="250,201,250,289" step="2"/><V114/><F114/><W48/><G48/><T14/><D67/><U111/><E111/><V118/><F118/><W25/><G79/><T54/><D14/><U83/><E83/><V0/><F81/><W78/><G78/><T131/><D70/><U52/><E52/><V100/><F55/><W63/><G63/><T12/><D84/><U19/><E19/><V82/><F82/><W94/><G80/><T11/><D131/><U44/><E44/><N who="2" m="27847" /><F2/><W32/><G86/><T49/><D11/><U130/><E130/><V105/><F105/><W77/><G77/><T16/><AGARI ba="0,1" hai="12,16,22,36,41,45,49,54,57,60,66,69,88,90" machi="16" ten="30,12000,2" yaku="0,1,24,2,52,1,54,2" doraHai="42" who="0" fromWho="0" sc="250,130,201,-60,250,-30,289,-30" /><INIT seed="2,0,0,3,2,0" ten="380,141,220,259" oya="2" hai0="108,30,64,111,24,61,40,7,26,127,80,50,88" hai1="45,1,116,124,14,34,119,105,87,91,84,75,59" hai2="107,19,13,102,5,27,131,98,93,78,33,94,4" hai3="10,37,133,8,71,86,72,11,90,41,134,20,92"/><V57/><F131/><W135/><G72/><T42/><D127/><U29/><E75/><V129/><F129/><W104/><G104/><T62/><D30/><U128/><E105/><V66/><F78/><W38/><G71/><T112/><D112/><U118/><E45/><V47/><F33/><W43/><REACH who="3" step="1"/><G20/><REACH who="3" ten="380,141,220,249" step="2"/><T39/><D39/><AGARI ba="0,1" hai="8,10,11,37,38,39,41,43,86,90,92,133,134,135" machi="39" ten="50,8000,1" yaku="1,1,2,1,20,1,53,1" doraHai="0" doraHaiUra="83" who="3" fromWho="0" sc="380,-80,141,0,220,0,249,90" /><INIT seed="3,0,0,5,2,83" ten="300,141,220,339" oya="3" hai0="92,6,56,54,112,134,67,53,74,79,121,125,99" hai1="110,94,81,126,91,66,76,103,100,37,41,116,44" hai2="0,34,51,122,61,11,19,30,109,63,8,38,60" hai3="55,25,39,85,13,69,95,72,48,62,75,87,89"/><W70/><G39/><T5/><D121/><U123/><E123/><V111/><F38/><W104/><G104/><T9/><D112/><U21/><E126/><V106/><F106/><W2/><G2/><T93/><D125/><U130/><E130/><V118/><F118/><W15/><G25/><T35/><D35/><U131/><E131/><V115/><F115/><W117/><G117/><T64/><D134/><U49/><E116/><V98/><F122/><W17/><G15/><T120/><D120/><U108/><E66/><V4/><F51/><W88/><G62/><T43/><D74/><U24/><E37/><V33/><F98/><W97/><G97/><T7/><D79/><U102/><E76/><V113/><F113/><W52/><G70/><T59/><D43/><U80/><E110/><N who="2" m="41995" /><F30/><W40/><G40/><T29/><D29/><U27/><E108/><V90/><F90/><W31/><G31/><T28/><D28/><U135/><E135/><V23/><F11/><N who="3" m="6335" /><G55/><N who="0" m="21003" /><D9/><U50/><E21/><V132/><F132/><W12/><G12/><AGARI ba="0,0" hai="0,4,8,12,19,23,33,34,60,61,63" m="41995" machi="12" ten="30,1000,0" yaku="14,1" doraHai="83" who="2" fromWho="3" sc="300,0,141,0,220,10,339,-10" owari="300,10.0,141,-36.0,230,-17.0,329,43.0" /></mjloggm>