<mjloggm ver="2.3"><GO type="97" lobby="0"/><UN n0="%73%61%6B%69%36%33%34%32" n1="%E3%81%82%E3%82%8F%E3%81%82%E3%82%8F%E2%98%86" n2="%E5%B0%B1%E6%B4%BB%E7%94%9F%40%E5%B7%9D%E6%9D%91%E8%BB%8D%E5%9B%A3" n3="%44%51%4E%33" dan="15,14,14,14" rate="2012.97,1931.93,1976.98,1989.81" sx="M,F,M,M"/><TAIKYOKU oya="0"/><INIT seed="0,0,0,4,1,60" ten="250,250,250,250" oya="0" hai0="77,105,57,0,45,7,24,34,64,114,67,61,85" hai1="65,89,12,94,95,71,82,42,116,131,128,58,133" hai2="106,83,113,49,134,123,68,122,75,35,6,97,39" hai3="59,48,40,124,107,90,126,5,3,11,79,16,109"/><T98/><D114/><U27/><E71/><V92/><F49/><W69/><G107/><T50/><D0/><U26/><E116/><V103/><F6/><W110/><G69/><T99/><D7/><U37/><E95/><V13/><F13/><W125/><G79/><T33/><D67/><U31/><E133/><V46/><F46/><W30/><G30/><T108/><D108/><U132/><E132/><V63/><F63/><W41/><G90/><T102/><D99/><U120/><E120/><V118/><F68/><W73/><G73/><T19/><D77/><U23/><E42/><V72/><F39/><W18/><G41/><T1/><D1/><U86/><E37/><V25/><F25/><W9/><G9/><T81/><D19/><N who="1" m="10727" /><E31/><V78/><F35/><W2/><G2/><T54/><D24/><U130/><E82/><V127/><F134/><W100/><G100/><T43/><D81/><U55/><E55/><V51/><F51/><W104/><G104/><T112/><D112/><U56/><E56/><V70/><F70/><W87/><G87/><T36/><REACH who="0" step="1"/><D85/><REACH who="0" ten="240,250,250,250" step="2"/><U76/><E76/><N who="2" m="44423" /><F113/><W38/><G109/><T93/><D93/><U52/><E65/><V8/><F118/><W111/><G111/><T44/><AGARI ba="0,1" hai="33,34,36,43,44,45,50,54,57,61,64,98,102,105" machi="44" ten="20,12000,1" yaku="1,1,0,1,7,1,52,1,53,1" doraHai="60" doraHaiUra="101" who="0" fromWho="0" sc="240,130,250,-40,250,-40,250,-40" /><INIT seed="0,1,0,1,3,3" ten="370,210,210,210" oya="0" hai0="58,76,11,49,92,65,80,21,47,125,121,81,119" hai1="100,124,78,132,93,69,57,71,27,1,74,117,116" hai2="50,97,37,108,89,72,110,19,112,128,79,129,13" hai3="48,17,31,44,75,111,64,105,90,18,52,83,86"/><T96/><D121/><U55/><E132/><V46/><F37/><W15/><G111/><N who="2" m="42537" /><F72/><W118/><G118/><T77/><D119/><U113/><E113/><V53/><F79/><N who="0" m="30282" /><D125/><U94/><E1/><V73/><F73/><W98/><G75/><T60/><D11/><U45/><E124/><V33/><F33/><W91/><G31/><T16/><D47/><U103/><E100/><V115/><F89/><W4/><G64/><T29/><D49/><U6/><E94/><V24/><F24/><W88/><G105/><T104/><D29/><U133/><E45/><V20/><F97/><W25/><G25/><N who="0" m="14503" /><D104/><U9/><E117/><V85/><F85/><W82/><G98/><T59/><D59/><U5/><E71/><V23/><F23/><W26/><G26/><T67/><D67/><U95/><E69/><V36/><F36/><W0/><G0/><T120/><D120/><U35/><E74/><V41/><F41/><W51/><G51/><T8/><D8/><U68/><E35/><V66/><F66/><W101/><G101/><AGARI ba="1,0" hai="58,60,65,80,81,92,96,101" m="14503,30282" machi="101" ten="30,2900,0" yaku="8,1,54,1" doraHai="3" who="0" fromWho="3" sc="370,32,210,0,210,0,210,-32" /><INIT seed="0,2,0,1,5,3" ten="402,210,210,178" oya="0" hai0="79,20,71,110,60,77,29,116,6,57,21,17,53" hai1="12,42,5,14,15,45,119,69,82,107,88,125,11" hai2="41,33,27,93,124,130,73,51,9,32,28,1,54" hai3="68,46,64,102,121,104,7,66,4,133,49,109,65"/><T114/><D116/><U87/><E107/><V26/><F73/><W50/><G68/><T38/><D114/><U48/><E119/><V105/><F105/><W52/><G104/><T43/><D71/><U24/><E125/><V19/><F124/><W31/><G109/><T13/><D110/><U127/><E127/><V91/><F130/><W74/><G74/><T22/><D6/><N who="3" m="2089" /><G133/><T75/><D75/><U37/><E69/><V90/><F1/><W56/><G121/><T2/><D2/><U84/><E37/><V126/><F126/><W98/><G31/><T61/><D29/><U131/><E131/><V83/><F41/><N who="3" m="24783" /><G98/><T118/><D118/><U44/><E24/><V34/><F34/><W100/><AGARI ba="2,0" hai="50,52,56,64,65,66,100,102" m="24783,2089" machi="100" ten="30,8000,1" yaku="8,1,52,3,54,1" doraHai="3" who="3" fromWho="3" sc="402,-42,210,-22,210,-22,178,86" /><INIT seed="1,0,0,5,1,59" ten="360,188,188,264" oya="1" hai0="122,132,77,50,34,37,91,106,5,121,29,83,125" hai1="85,23,69,2,103,7,119,36,66,117,129,118,42" hai2="94,99,120,1,52,98,76,15,111,70,40,67,25" hai3="109,8,123,61,87,133,14,57,43,32,115,101,45"/><U128/><E103/><V72/><F1/><W88/><G133/><T81/><D37/><U27/><E2/><V9/><F120/><N who="0" m="46186" /><D106/><U64/><E7/><V11/><F111/><W18/><G109/><T28/><D125/><U71/><E85/><V38/><F38/><W65/><G123/><T95/><D34/><U114/><E114/><V130/><F40/><W16/><G115/><T4/><D50/><U97/><E97/><V24/><F130/><N who="1" m="50281" /><E23/><V92/><F76/><W35/><G18/><T80/><D132/><U30/><E27/><V112/><F72/><W55/><G101/><T108/><D77/><U131/><E30/><N who="0" m="11881" /><D108/><U100/><N who="1" m="50289" /><U134/><DORA hai="78" /><E100/><V127/><F127/><W13/><G13/><T51/><D51/><U79/><E79/><V47/><F112/><W22/><G8/><T3/><D3/><U20/><E20/><V0/><F0/><W89/><G65/><N who="1" m="25194" /><E134/><V68/><F67/><W10/><G10/><T84/><AGARI ba="0,0" hai="4,5,80,81,83,84,91,95" m="11881,46186" machi="84" ten="40,8000,1" yaku="13,1,52,3" doraHai="59,78" who="0" fromWho="0" sc="360,80,188,-40,188,-20,264,-20" /><INIT seed="2,0,0,0,1,84" ten="440,148,168,244" oya="2" hai0="10,120,6,117,52,107,127,133,69,98,33,105,123" hai1="45,26,94,20,24,14,99,28,60,82,109,80,42" hai2="17,95,132,59,131,88,81,0,134,101,16,21,41" hai3="85,49,72,122,116,47,12,13,96,78,83,27,15"/><V3/><F41/><W4/><G116/><T58/><D69/><U35/><E109/><V112/><F112/><W67/><G122/><T5/><D33/><U51/><E14/><V8/><F131/><W118/><G118/><T86/><D117/><U46/><E46/><V74/><F101/><W135/><G135/><N who="2" m="51753" /><F59/><W54/><G72/><T43/><D43/><U70/><E70/><V121/><F121/><W7/><G67/><T40/><D133/><U25/><E60/><V31/><F31/><W71/><G71/><T39/><D123/><U11/><E11/><V124/><F124/><W55/><G96/><T57/><D10/><U75/><E75/><V126/><F126/><W30/><REACH who="3" step="1"/><G55/><REACH who="3" ten="440,148,168,234" step="2"/><T87/><D120/><U90/><E25/><N who="2" m="14503" /><F74/><W110/><G110/><T111/><D111/><U129/><E129/><V73/><F73/><W125/><G125/><T38/><D127/><U76/><E76/><V2/><F17/><AGARI ba="0,1" hai="17,20,24,26,28,35,42,45,51,80,82,90,94,99" machi="17" ten="30,2000,0" yaku="7,1,52,1" doraHai="84" who="1" fromWho="2" sc="440,0,148,30,168,-20,234,0" /><INIT seed="3,0,0,4,1,63" ten="440,178,148,234" oya="3" hai0="101,57,51,52,112,93,54,40,53,115,73,95,77" hai1="61,65,125,64,34,134,118,24,19,90,44,104,128" hai2="121,26,85,14,105,127,8,10,59,107,117,20,103" hai3="83,46,25,86,58,33,111,62,30,75,133,108,3"/><W78/><G3/><T15/><D73/><U21/><E104/><V12/><F121/><W92/><G46/><N who="0" m="26055" /><D77/><U122/><E122/><V98/><F117/><W76/><G133/><T39/><D39/><U109/><E134/><V17/><F127/><W100/><G100/><T88/><D101/><U41/><E125/><V71/><F71/><W31/><G31/><T66/><D15/><U45/><E128/><V60/><F85/><W135/><G135/><T50/><D66/><N who="1" m="25707" /><E34/><V87/><F87/><W99/><G78/><T116/><D116/><U5/><E45/><V97/><F59/><W129/><G129/><T119/><D119/><U56/><E109/><N who="3" m="42058" /><G99/><N who="0" m="57767" /><D95/><U132/><E132/><V130/><F130/><W102/><G102/><T37/><D37/><U120/><E120/><V124/><F124/><W131/><G131/><T89/><D89/><U69/><E90/><V114/><F114/><AGARI ba="0,0" hai="50,52,53,54,57,112,114,115" m="57767,26055" machi="114" ten="30,3900,0" yaku="11,1,54,2" doraHai="63" who="0" fromWho="2" sc="440,39,178,0,148,-39,234,0" owari="479,58.0,178,-22.0,109,-39.0,234,3.0" /></mjloggm>