<mjloggm ver="2.3"><GO type="169" lobby="0"/><UN n0="%74%61%6E%61%4B%61" n1="%E3%82%A6%E3%83%AB%E3%83%88%E3%83%A9%E7%AB%8B%E7%9B%B4" n2="%E3%82%89%E3%81%84%E3%81%A1%E3%82%87%E3%81%86" n3="%E5%AE%8C%E5%85%A8%E7%84%A1%E6%95%B5%E5%B0%91%E5%A5%B3%44%58" dan="16,17,17,17" rate="2111.72,2130.37,2109.39,2154.08" sx="M,M,M,M"/><TAIKYOKU oya="0"/><INIT seed="0,0,0,0,0,35" ten="250,250,250,250" oya="0" hai0="101,55,70,28,91,57,12,67,128,79,120,77,48" hai1="87,2,95,127,5,53,13,90,126,84,108,16,46" hai2="112,74,51,37,131,64,62,110,68,26,17,122,125" hai3="58,61,78,27,116,42,85,40,107,115,30,106,119"/><T135/><D120/><U123/><E123/><V103/><F122/><W118/><G115/><T92/><D128/><U8/><E108/><V36/><F74/><W18/><G18/><T71/><D135/><U75/><E75/><V97/><F112/><W129/><G129/><T0/><D101/><U94/><E53/><V100/><F131/><W11/><G11/><T134/><D134/><U130/><E46/><V59/><F110/><W133/><G133/><T45/><D0/><U86/><E130/><V20/><F125/><N who="1" m="47625" /><E95/><V34/><F103/><W109/><G109/><T1/><D1/><U83/><E83/><V49/><F34/><W23/><G106/><T113/><D113/><U54/><E54/><V15/><F15/><W24/><G107/><T50/><D28/><U47/><E47/><V32/><F32/><W22/><G85/><T7/><D70/><U3/><E3/><V25/><F25/><W38/><G78/><T102/><D71/><U80/><E80/><V76/><F76/><W4/><G38/><T33/><D33/><U10/><AGARI ba="0,0" hai="2,5,8,10,13,16,84,86,87,90,94" m="47625" machi="10" ten="30,4000,0" yaku="18,1,52,1,54,1" doraHai="35" who="1" fromWho="1" sc="250,-20,250,40,250,-10,250,-10" /><INIT seed="1,0,0,0,4,40" ten="230,290,240,240" oya="1" hai0="31,8,51,37,63,88,89,35,106,116,47,133,1" hai1="42,39,23,126,60,66,73,123,99,17,3,121,105" hai2="33,110,134,97,20,67,57,130,115,38,72,68,25" hai3="120,101,86,7,108,5,100,119,124,114,111,102,82"/><U104/><E3/><V107/><RYUUKYOKU type="yao9" ba="0,0" sc="230,0,290,0,240,0,240,0" hai2="20,25,33,38,57,67,68,72,97,107,110,115,130,134" /><INIT seed="1,1,0,0,2,11" ten="230,290,240,240" oya="1" hai0="57,67,75,47,99,123,124,51,125,120,134,114,74" hai1="15,14,92,61,113,43,22,23,128,90,16,72,45" hai2="86,55,44,62,9,30,115,36,20,98,109,17,73" hai3="66,3,56,70,121,40,116,13,6,100,42,95,93"/><U24/><E72/><N who="0" m="27689" /><D114/><U7/><E113/><V32/><F115/><W5/><G70/><T107/><D107/><U104/><E104/><V132/><F73/><W21/><G121/><N who="0" m="46667" /><D99/><U38/><E128/><V130/><F130/><W103/><G3/><T68/><D68/><U88/><E61/><V19/><F32/><W58/><G21/><T65/><D134/><U49/><E38/><V52/><F132/><W37/><G66/><N who="0" m="25099" /><D57/><U102/><E102/><V78/><F98/><W1/><G1/><T110/><D110/><U82/><E82/><N who="2" m="47447" /><F36/><W4/><G37/><T126/><D51/><U29/><E92/><V48/><F109/><W119/><REACH who="3" step="1"/><G4/><REACH who="3" ten="230,290,240,230" step="2"/><T85/><D47/><U133/><E133/><V127/><F44/><W50/><G50/><T27/><D27/><U59/><E59/><V111/><F48/><W12/><AGARI ba="1,1" hai="5,6,12,13,40,42,56,58,93,95,100,103,116,119" machi="12" ten="25,12000,2" yaku="1,1,0,1,22,2,52,2,53,0" doraHai="11" doraHaiUra="105" who="3" fromWho="3" sc="230,-31,290,-61,240,-31,230,133" /><INIT seed="2,0,0,1,4,24" ten="199,229,209,363" oya="2" hai0="56,58,94,39,99,73,121,13,116,79,74,91,30" hai1="104,52,22,117,124,90,25,83,0,7,33,6,29" hai2="11,69,81,21,49,8,123,4,18,110,16,122,59" hai3="37,93,92,53,35,86,112,78,96,10,28,132,127"/><V62/><F69/><W68/><G37/><T109/><D121/><U2/><E104/><V60/><F110/><W14/><G68/><T19/><D109/><U88/><E117/><V95/><F81/><W134/><G127/><T72/><D116/><U54/><E33/><V38/><F38/><W131/><G131/><T89/><D39/><U48/><E124/><V44/><F95/><W115/><G53/><T71/><D71/><U3/><E54/><V80/><F80/><N who="3" m="47383" /><G28/><T129/><D129/><U15/><E83/><V63/><F59/><W102/><G35/><T97/><D79/><U46/><REACH who="1" step="1"/><E15/><REACH who="1" ten="199,219,209,363" step="2"/><N who="2" m="5511" /><F123/><W45/><G93/><N who="0" m="56495" /><D73/><U41/><E41/><N who="2" m="24719" /><F122/><W125/><G125/><T107/><D74/><U106/><E106/><V9/><F18/><W65/><G115/><T111/><D72/><U1/><N who="1" m="0" /><DORA hai="47" /><U113/><E113/><V64/><F64/><W103/><G65/><T31/><D107/><U77/><E77/><V105/><F105/><W50/><G112/><T61/><D111/><U120/><E120/><V100/><F100/><W84/><G102/><T66/><D66/><U126/><E126/><V51/><F51/><W82/><G50/><T87/><D61/><U12/><E12/><AGARI ba="0,1" hai="9,11,12,16,21,60,62,63" m="24719,5511" machi="12" ten="30,5800,0" yaku="8,1,52,1,54,1" doraHai="24,47" who="2" fromWho="1" sc="199,0,219,-58,209,68,363,0" /><INIT seed="2,1,0,5,5,91" ten="199,161,277,363" oya="2" hai0="88,42,110,108,63,10,115,22,83,48,107,97,43" hai1="121,16,30,2,102,60,24,71,37,76,13,133,92" hai2="129,77,131,81,33,46,73,70,74,104,118,101,27" hai3="17,21,3,65,36,99,55,67,94,125,47,9,6"/><V66/><F118/><W38/><G125/><T4/><D115/><U23/><E37/><V119/><F119/><W25/><G38/><T112/><D112/><U57/><E2/><V19/><F74/><W18/><G18/><T82/><D63/><U130/><E130/><V28/><F19/><W117/><G117/><T85/><D22/><U68/><E133/><V62/><F46/><W98/><G98/><AGARI ba="1,0" hai="27,28,33,62,66,70,73,77,81,98,101,104,129,131" machi="98" ten="40,12000,1" yaku="25,2,23,2" doraHai="91" who="2" fromWho="3" sc="199,0,161,0,277,123,363,-123" /><INIT seed="2,2,0,2,3,22" ten="199,161,400,240" oya="2" hai0="91,52,33,71,68,125,24,81,49,76,83,16,96" hai1="38,69,0,20,124,65,111,37,97,2,36,26,114" hai2="98,108,66,51,39,77,78,42,102,103,117,3,82" hai3="120,53,72,55,92,126,119,12,118,99,106,47,75"/><V7/><F117/><W70/><G70/><T17/><D125/><U28/><E114/><V73/><F78/><W80/><G106/><T9/><D68/><U89/><E124/><V62/><F51/><W41/><G120/><T112/><D71/><U60/><E111/><V85/><F85/><W130/><G126/><T115/><D115/><U128/><E128/><V95/><F108/><W58/><G130/><T132/><D132/><U100/><REACH who="1" step="1"/><E89/><REACH who="1" ten="199,151,400,240" step="2"/><V63/><F77/><W90/><G118/><T29/><D112/><U14/><E14/><V64/><F3/><W67/><G12/><T123/><D76/><U101/><E101/><V57/><F103/><W45/><G119/><T31/><D123/><U10/><E10/><V107/><F102/><W27/><G90/><T8/><D91/><U54/><E54/><V56/><F66/><W19/><G55/><T110/><D110/><U109/><E109/><V15/><F64/><W61/><G67/><T34/><D52/><U23/><E23/><V50/><F15/><W104/><G41/><T113/><D113/><U134/><E134/><V133/><F42/><W4/><G53/><T48/><REACH who="0" step="1"/><D96/><REACH who="0" ten="189,151,400,240" step="2"/><U121/><E121/><V44/><F98/><W131/><G99/><T6/><D6/><U84/><E84/><V40/><F133/><W46/><G4/><T18/><D18/><U30/><E30/><V88/><F7/><W93/><G131/><T135/><D135/><U35/><E35/><V129/><F88/><W94/><G19/><T25/><AGARI ba="2,2" hai="8,9,16,17,24,25,29,31,33,34,48,49,81,83" machi="25" ten="25,12000,2" yaku="1,1,0,1,22,2,52,2,54,1,53,0" doraHai="22" doraHaiUra="86" who="0" fromWho="0" sc="189,146,151,-32,400,-62,240,-32" /><INIT seed="3,0,0,4,3,115" ten="335,119,338,208" oya="3" hai0="14,9,53,17,101,127,51,71,110,89,96,2,94" hai1="103,124,100,18,11,24,19,82,77,52,130,36,21" hai2="38,25,33,98,23,70,97,1,50,118,90,42,37" hai3="26,112,104,85,35,12,83,123,56,99,30,125,40"/><W69/><G69/><T78/><D71/><U49/><E36/><V15/><F1/><W132/><G123/><T67/><D67/><U76/><E124/><V93/><F70/><W41/><G112/><T7/><D127/><U43/><E43/><V117/><F33/><W45/><G125/><T109/><D78/><U107/><E130/><V13/><F50/><W86/><G132/><T102/><D109/><U3/><E107/><V62/><F62/><W16/><G56/><T0/><D110/><U131/><E131/><V63/><F63/><W47/><G104/><T128/><D128/><U4/><E19/><V108/><F108/><W116/><G116/><T87/><D7/><U22/><E21/><V72/><F72/><W10/><G99/><T54/><D102/><U79/><REACH who="1" step="1"/><E82/><REACH who="1" ten="335,109,338,208" step="2"/><V46/><F38/><W31/><G31/><T6/><D17/><U134/><E134/><V68/><F37/><W59/><G83/><T73/><D6/><U32/><E32/><V106/><F106/><W61/><G41/><T105/><D105/><U113/><E113/><V39/><F39/><W48/><REACH who="3" step="1"/><G45/><AGARI ba="0,1" hai="3,4,11,18,22,24,45,49,52,76,77,79,100,103" machi="45" ten="40,2600,0" yaku="1,1,54,1,53,0" doraHai="115" doraHaiUra="135" who="1" fromWho="3" sc="335,0,109,36,338,0,208,-26" /><INIT seed="4,0,0,0,1,53" ten="335,145,338,182" oya="0" hai0="48,74,27,38,63,125,88,61,35,103,78,121,72" hai1="25,12,0,96,84,47,10,45,107,5,116,40,123" hai2="91,83,15,133,36,86,110,41,60,49,2,104,20" hai3="34,23,21,18,33,114,26,95,37,132,69,76,64"/><T119/><D121/><U68/><E116/><V56/><F110/><W131/><G37/><T100/><D38/><U30/><E68/><V54/><F2/><W32/><G69/><T112/><D119/><U102/><E123/><V19/><F104/><W57/><G76/><T51/><D112/><U39/><E47/><V77/><F36/><W92/><G114/><T16/><D125/><U50/><E84/><V90/><F133/><W87/><G132/><T85/><D78/><U108/><E50/><N who="0" m="18985" /><D72/><U82/><E82/><V135/><F135/><W13/><G87/><T134/><D74/><U89/><E89/><V31/><F31/><W4/><G131/><T128/><D35/><U59/><E12/><V81/><F81/><W75/><G75/><T111/><D111/><U94/><E94/><V70/><F70/><W118/><G118/><T66/><D128/><U17/><E17/><V93/><F93/><W3/><G3/><T1/><D1/><U113/><E113/><V44/><AGARI ba="0,0" hai="15,19,20,41,44,49,54,56,60,77,83,86,90,91" machi="44" ten="30,4000,0" yaku="0,1,8,1,52,1" doraHai="53" who="2" fromWho="2" sc="335,-20,145,-10,338,40,182,-10" /><INIT seed="5,0,0,4,2,66" ten="315,135,378,172" oya="1" hai0="45,5,10,129,16,70,130,57,123,104,55,22,113" hai1="95,44,135,132,50,35,23,116,118,117,30,92,51" hai2="43,115,21,54,60,131,82,71,56,8,36,25,94" hai3="27,74,39,78,49,112,34,125,53,58,97,52,120"/><U87/><E35/><V100/><F131/><N who="0" m="50186" /><D104/><U107/><E107/><V98/><F115/><W29/><G39/><T80/><D113/><U28/><E23/><V81/><F71/><W110/><G110/><T38/><D70/><U121/><E87/><V103/><F103/><W1/><G1/><N who="0" m="303" /><D80/><U63/><E63/><V128/><F128/><W37/><G37/><T31/><D31/><N who="1" m="11819" /><E44/><V105/><F105/><W75/><G125/><T33/><D33/><U64/><E64/><V126/><F126/><W26/><G120/><T42/><D123/><U77/><E77/><V102/><F36/><W3/><G3/><T7/><D7/><U19/><E19/><V61/><F61/><W13/><G78/><T15/><D57/><U4/><E4/><V12/><F82/><W67/><G67/><T101/><D55/><U85/><E121/><V127/><F81/><W20/><G53/><T47/><D47/><U79/><E79/><V114/><F127/><W99/><G112/><T111/><D111/><U86/><E95/><V68/><F114/><W59/><G75/><T73/><D73/><U89/><E86/><V84/><F84/><W40/><G74/><T32/><D32/><U133/><AGARI ba="0,0" hai="50,51,85,89,92,116,117,118,132,133,135" m="11819" machi="133" ten="40,2100,0" yaku="20,1" doraHai="66" who="1" fromWho="1" sc="315,-7,135,21,378,-7,172,-7" /><INIT seed="5,1,0,3,5,2" ten="308,156,371,165" oya="1" hai0="32,94,49,125,58,95,81,22,21,36,20,83,56" hai1="107,130,131,129,119,26,0,86,12,103,57,47,87" hai2="31,115,98,8,89,39,135,55,75,37,28,88,50" hai3="51,120,14,102,24,62,126,4,43,101,132,116,74"/><U38/><E0/><V17/><F75/><W108/><G108/><T33/><D36/><U92/><E119/><V54/><F135/><W124/><G132/><T80/><D49/><U123/><E123/><V10/><F115/><W121/><G116/><T70/><D70/><U113/><E113/><V117/><F117/><W23/><G74/><T76/><D76/><U19/><E107/><V104/><F104/><W96/><G62/><T3/><D3/><U73/><E73/><V34/><F34/><W46/><G4/><T134/><D125/><N who="3" m="48233" /><G14/><T53/><D53/><U63/><E26/><V40/><F40/><W15/><G15/><T65/><D65/><N who="1" m="39151" /><E103/><N who="3" m="39434" /><G96/><T60/><D60/><U59/><E92/><N who="0" m="35369" /><D134/><U77/><E77/><V16/><F98/><W84/><G84/><T109/><D109/><U67/><E67/><V106/><F106/><W110/><G110/><T105/><D105/><U45/><E59/><AGARI ba="1,0" hai="20,21,22,32,33,56,58,59,80,81,83" m="35369" machi="59" ten="40,8000,1" yaku="28,2,26,2" doraHai="2" who="0" fromWho="1" sc="308,83,156,-83,371,0,165,0" /><INIT seed="6,0,0,2,1,64" ten="391,73,371,165" oya="2" hai0="95,8,125,121,61,124,88,36,40,31,78,83,116" hai1="132,82,4,131,71,45,50,1,85,130,27,104,43" hai2="44,35,134,57,30,79,18,2,21,107,25,3,24" hai3="48,118,42,53,74,114,113,19,99,86,26,103,70"/><V9/><F107/><W123/><G74/><T60/><D121/><U39/><E104/><V119/><F119/><W23/><G70/><T11/><D31/><U87/><E132/><V16/><F134/><W68/><G68/><T92/><D116/><U38/><E4/><V109/><F79/><W97/><G42/><T33/><D33/><U0/><E27/><N who="2" m="18911" /><F44/><W122/><G86/><N who="0" m="48503" /><D95/><U100/><E100/><V66/><F66/><W6/><G6/><T126/><D40/><U7/><E7/><V67/><F57/><N who="3" m="32935" /><G118/><T115/><D115/><N who="3" m="44041" /><G99/><N who="0" m="57735" /><D36/><U54/><E71/><V22/><F67/><W80/><G80/><T96/><D96/><U51/><E82/><V52/><F52/><W94/><AGARI ba="0,0" hai="19,23,26,94,97,103,122,123" m="44041,32935" machi="94" ten="30,2000,0" yaku="15,1,11,1" doraHai="64" who="3" fromWho="3" sc="391,-5,73,-5,371,-10,165,20" /><INIT seed="7,0,0,2,5,122" ten="386,68,361,185" oya="3" hai0="37,49,60,120,39,113,16,5,30,94,121,97,90" hai1="131,117,128,108,57,76,123,100,56,109,14,106,44" hai2="8,29,82,69,75,45,0,58,9,114,119,70,99" hai3="22,129,91,34,40,116,1,118,61,38,25,89,36"/><W95/><G34/><T17/><D30/><U92/><E106/><V33/><F119/><W127/><G1/><T13/><D113/><U87/><E123/><V104/><F58/><N who="1" m="22633" /><E44/><V135/><F114/><W73/><G73/><T79/><D60/><U46/><E46/><V15/><F135/><W59/><G89/><T133/><D133/><U101/><E14/><V64/><F15/><W42/><G38/><T35/><D35/><U125/><E117/><V80/><F45/><W77/><G36/><T72/><D49/><U88/><E76/><N who="2" m="44063" /><F82/><W112/><G127/><T4/><D39/><U18/><E18/><N who="0" m="7273" /><D37/><U10/><E10/><V2/><F9/><W96/><G77/><T3/><D3/><N who="2" m="1066" /><F8/><W110/><G129/><N who="1" m="49738" /><E125/><V81/><F81/><W105/><G105/><T68/><D13/><U21/><E21/><V24/><F64/><W86/><G22/><T23/><D23/><U20/><E20/><V47/><F47/><W103/><G116/><T52/><D120/><U6/><E6/><V111/><F111/><N who="1" m="42569" /><E87/><V78/><F78/><W32/><G86/><T63/><D121/><U107/><E107/><V65/><F65/><W53/><G110/><T11/><D11/><U102/><E88/><V55/><F55/><W132/><G53/><T41/><D52/><U130/><N who="1" m="49746" /><U84/><DORA hai="28" /><E84/><V12/><F12/><W27/><G91/><T124/><D124/><U31/><E31/><V67/><F67/><W19/><G118/><T54/><D54/><U66/><E66/><V50/><F50/><W134/><G132/><T98/><D90/><U26/><E26/><RYUUKYOKU ba="0,0" sc="386,-15,68,15,361,15,185,-15" hai1="92,100,101,102" hai2="24,29,33,69,70,99,104" owari="371,17.0,83,-42.0,376,48.0,170,-23.0" /></mjloggm>