<mjloggm ver="2.3"><GO type="97" lobby="0"/><UN n0="%E3%81%8B%E3%81%91%E3%81%97%E3%82%87%E3%81%86" n1="%E5%B0%B1%E6%B4%BB%E7%94%9F%40%E5%B7%9D%E6%9D%91%E8%BB%8D%E5%9B%A3" n2="%4B%69%72%61%72%69%53" n3="%E9%AB%98%E6%A9%8B%E8%89%AF%E5%A4%AA" dan="13,15,13,14" rate="1826.15,2014.95,1888.89,2033.99" sx="M,M,M,M"/><TAIKYOKU oya="0"/><INIT seed="0,0,0,2,2,126" ten="250,250,250,250" oya="0" hai0="57,129,32,13,108,56,117,106,97,100,82,24,134" hai1="118,107,120,38,84,27,28,55,104,75,135,111,105" hai2="60,131,116,37,85,67,88,18,130,127,45,72,98" hai3="40,73,113,89,17,7,25,114,62,39,123,14,122"/><T87/><D117/><U101/><E118/><V124/><F72/><W128/><G73/><T51/><D129/><N who="2" m="49162" /><F116/><W68/><G128/><T103/><D134/><U5/><E75/><V53/><F98/><W29/><G7/><T109/><D103/><U10/><E38/><V81/><F18/><W11/><G89/><T91/><D13/><U83/><E120/><N who="3" m="46122" /><G39/><T21/><D32/><U59/><E135/><V115/><F115/><W133/><G133/><T43/><D43/><U86/><E111/><N who="0" m="42569" /><D51/><U54/><E101/><V132/><F132/><W69/><G40/><T121/><D121/><U3/><E59/><N who="2" m="37279" /><F37/><W0/><G62/><T34/><D34/><U41/><E86/><V70/><F70/><W66/><G68/><T94/><D106/><U8/><E105/><V50/><AGARI ba="0,0" hai="45,50,53,81,85,88,124,127" m="37279,49162" machi="50" ten="30,8000,1" yaku="19,1,52,3,54,1" doraHai="126" who="2" fromWho="2" sc="250,-40,250,-20,250,80,250,-20" /><INIT seed="1,0,0,2,0,134" ten="210,230,330,230" oya="1" hai0="52,73,57,88,21,79,26,132,24,74,90,27,135" hai1="42,127,85,35,129,82,28,76,44,101,22,102,33" hai2="81,16,69,123,133,71,50,23,118,105,55,119,65" hai3="15,107,32,11,8,77,47,20,31,53,70,63,39"/><U125/><E129/><V86/><F123/><W13/><G107/><T43/><D43/><U1/><E1/><V75/><F75/><W106/><G106/><T78/><D21/><U108/><E108/><V4/><F4/><W83/><G32/><T84/><D57/><U93/><E33/><V9/><F9/><N who="3" m="3659" /><G70/><T128/><D128/><U111/><E35/><V87/><F105/><W91/><G39/><T62/><D62/><U114/><E114/><V18/><F133/><N who="0" m="51274" /><D52/><U48/><E111/><V0/><F23/><W17/><G31/><T30/><D30/><U34/><E34/><V112/><F65/><W51/><G63/><T109/><D109/><U49/><E49/><V41/><F41/><W126/><G77/><N who="0" m="29195" /><D84/><U97/><REACH who="1" step="1"/><E101/><REACH who="1" ten="210,220,330,230" step="2"/><V89/><F112/><W56/><G51/><T117/><D117/><U120/><E120/><V72/><F119/><W37/><G37/><T68/><D68/><U96/><E96/><V36/><F71/><W7/><G47/><T64/><D64/><U40/><E40/><V14/><F69/><W116/><G116/><T80/><D80/><U95/><E95/><V92/><F81/><W66/><G83/><T29/><D29/><U3/><E3/><V54/><F0/><W5/><G66/><T124/><D74/><U12/><E12/><V130/><F14/><W104/><G15/><T67/><D73/><U131/><E131/><V98/><F72/><W25/><G13/><T38/><D67/><U110/><E110/><V99/><F130/><W45/><G45/><T58/><D38/><U10/><E10/><V113/><F36/><RYUUKYOKU ba="0,1" sc="210,-10,220,30,330,-10,230,-10" hai1="22,28,42,44,48,76,82,85,93,97,102,125,127" /><INIT seed="1,1,1,2,2,28" ten="200,250,320,220" oya="1" hai0="83,126,50,27,98,65,79,134,11,105,9,77,99" hai1="114,78,57,122,14,135,92,64,62,49,81,29,13" hai2="32,46,73,8,82,123,52,107,85,63,16,71,51" hai3="31,108,35,45,59,24,6,53,39,117,102,119,100"/><U21/><E122/><V26/><F73/><W93/><G108/><T88/><D134/><U76/><E114/><V131/><F131/><W115/><G115/><T84/><D126/><U17/><E135/><V47/><F123/><W67/><G67/><T130/><D130/><U80/><E29/><V106/><F71/><W30/><G6/><T36/><D36/><U116/><E116/><N who="3" m="44618" /><G93/><T25/><D65/><U58/><E92/><V96/><F96/><W37/><G31/><T66/><D66/><U121/><E14/><N who="2" m="7239" /><F46/><W133/><G133/><T125/><D125/><U42/><E121/><V22/><F32/><W89/><G89/><T56/><D105/><U70/><E70/><V19/><F63/><N who="3" m="36335" /><G45/><T0/><D0/><U69/><E69/><V4/><F4/><W40/><G40/><T112/><D112/><U12/><E57/><V72/><F72/><W44/><G44/><T104/><D104/><U60/><E60/><V101/><F101/><AGARI ba="1,1" hai="24,30,35,37,39,100,101,102" m="36335,44618" machi="101" ten="30,2000,0" yaku="12,1,52,1" doraHai="28" who="3" fromWho="2" sc="200,0,250,0,320,-23,220,33" /><INIT seed="2,0,0,2,1,125" ten="200,250,297,253" oya="2" hai0="41,21,48,110,77,57,119,124,92,83,22,43,109" hai1="80,105,104,121,98,66,102,8,5,46,67,95,25" hai2="134,108,59,90,9,51,122,3,91,96,34,61,116" hai3="70,100,23,33,2,117,58,128,12,49,112,82,101"/><V65/><F116/><W73/><G2/><T37/><D119/><U27/><E121/><V54/><F122/><W129/><G117/><T103/><D124/><U28/><E46/><V40/><F34/><W7/><G70/><T111/><D37/><U17/><E17/><V15/><F3/><W53/><G33/><T106/><D106/><U68/><E80/><V79/><F79/><N who="3" m="44399" /><G112/><T4/><D4/><U63/><E67/><V18/><F134/><W131/><G23/><T45/><D41/><U97/><E28/><V50/><F108/><W107/><G107/><T52/><D92/><U88/><REACH who="1" step="1"/><E105/><REACH who="1" ten="200,240,297,253" step="2"/><V62/><F40/><W32/><G32/><T0/><D0/><AGARI ba="0,1" hai="0,5,8,25,27,63,66,68,88,95,97,98,102,104" machi="0" ten="30,8000,1" yaku="1,1,2,1,7,1,54,1,53,1" doraHai="125" doraHaiUra="35" who="1" fromWho="0" sc="200,-80,240,90,297,0,253,0" /><INIT seed="3,0,0,1,2,128" ten="120,330,297,253" oya="3" hai0="73,19,25,64,66,71,12,99,98,123,65,24,115" hai1="62,41,76,132,105,108,131,20,130,93,48,104,129" hai2="63,43,88,134,26,16,61,100,68,9,54,38,97" hai3="42,53,110,106,17,121,50,10,15,34,109,89,92"/><W22/><G34/><T0/><D123/><U96/><E132/><V79/><F79/><W35/><G35/><T14/><D0/><U133/><E133/><V116/><F38/><W122/><G106/><T33/><D73/><U46/><E108/><N who="3" m="41578" /><G42/><T75/><D75/><U126/><E126/><V27/><F43/><W118/><G118/><T7/><D115/><U36/><E76/><V94/><F116/><W67/><G67/><T5/><D71/><U29/><E62/><V82/><F68/><W60/><G60/><N who="2" m="23113" /><F134/><W74/><G74/><T114/><D114/><U112/><E112/><V30/><F30/><W51/><G10/><T120/><D120/><N who="3" m="46185" /><G53/><T45/><D45/><U21/><E36/><V55/><F82/><W31/><G31/><T6/><D33/><U84/><E29/><V124/><F124/><W4/><G4/><T127/><D127/><U77/><E104/><V39/><F39/><W101/><G101/><T83/><D83/><N who="1" m="47215" /><E105/><V102/><F9/><W70/><G70/><T44/><D44/><U32/><E32/><V23/><F26/><W87/><AGARI ba="0,0" hai="15,17,22,50,51,87,89,92" m="46185,41578" machi="87" ten="30,3000,0" yaku="14,1,10,1" doraHai="128" who="3" fromWho="3" sc="120,-10,330,-10,297,-10,253,30" /><INIT seed="3,1,0,5,2,63" ten="110,320,287,283" oya="3" hai0="94,82,8,103,19,83,75,57,107,113,124,127,11" hai1="95,98,0,9,69,12,116,4,62,18,45,42,53" hai2="109,101,5,102,46,87,84,85,68,73,110,114,10" hai3="89,104,15,7,26,13,126,3,122,100,59,108,112"/><W14/><G112/><T38/><D38/><U111/><E116/><V93/><F68/><W61/><G122/><T36/><D36/><U132/><E111/><N who="2" m="42507" /><F46/><W77/><G108/><T25/><D113/><U96/><E132/><V27/><F27/><W105/><G126/><T91/><D107/><U131/><E131/><V32/><F32/><W2/><G77/><T115/><D115/><U41/><E98/><V43/><F43/><W80/><G26/><T129/><D103/><U33/><E33/><V79/><F114/><W125/><G125/><T118/><D118/><U20/><E69/><V31/><F31/><W72/><G72/><T81/><D75/><U119/><E119/><V24/><F24/><W17/><G17/><T28/><D129/><U120/><E120/><V58/><F58/><W21/><G21/><T106/><D106/><N who="3" m="41065" /><G100/><T71/><D71/><U66/><E66/><V48/><F48/><W55/><G7/><T47/><D47/><U74/><E74/><V117/><F117/><W35/><G35/><T16/><D124/><U128/><E128/><V37/><F37/><W23/><G23/><T133/><D127/><U78/><E78/><V121/><F121/><W97/><G97/><T1/><D133/><U49/><E62/><V51/><F51/><W92/><G92/><T99/><D57/><U64/><E64/><V6/><F93/><W29/><G29/><T44/><D44/><U134/><E134/><V76/><F73/><W88/><G89/><AGARI ba="1,0" hai="0,4,9,12,18,20,41,42,45,49,53,89,95,96" machi="89" ten="30,1000,0" yaku="7,1" doraHai="63" who="1" fromWho="3" sc="110,0,320,13,287,0,283,-13" owari="110,-39.0,333,43.0,287,9.0,270,-13.0" /></mjloggm>