<mjloggm ver="2.3"><GO type="41" lobby="0"/><UN n0="%E3%82%89%E3%82%8A%E3%82%8B%E3%82%8C%E3%83%AD%E3%83%B3" n1="%E3%81%A0%E3%82%8B%E3%81%84%E9%9B%80" n2="%E3%81%88%E3%81%84%E3%81%98%E3%81%95%E3%82%93" n3="%E5%B0%B1%E6%B4%BB%E7%94%9F%40%E5%B7%9D%E6%9D%91%E8%BB%8D%E5%9B%A3" dan="15,15,13,14" rate="2068.25,1929.49,1830.20,1915.47" sx="M,M,M,M"/><TAIKYOKU oya="0"/><INIT seed="0,0,0,0,0,76" ten="250,250,250,250" oya="0" hai0="38,103,94,60,32,63,18,39,107,93,54,66,37" hai1="22,65,7,49,46,123,69,64,56,133,90,86,11" hai2="81,50,128,96,1,14,43,77,0,120,83,55,3" hai3="25,108,127,119,104,79,31,92,72,42,52,20,80"/><T95/><D32/><U4/><E123/><V97/><F120/><W125/><G119/><T91/><D18/><U15/><E69/><V51/><F14/><W105/><G42/><T33/><D33/><U10/><E133/><V121/><F121/><W89/><G108/><T35/><D35/><U114/><E22/><V88/><F43/><W58/><G125/><T41/><D54/><U131/><E114/><V57/><F128/><W70/><G70/><T101/><D41/><N who="1" m="24783" /><E131/><V132/><F132/><W30/><G30/><T115/><D115/><U13/><E56/><V40/><F40/><W87/><REACH who="3" step="1"/><G127/><REACH who="3" ten="250,250,250,240" step="2"/><T106/><D39/><U23/><E23/><V113/><F113/><W2/><G2/><T71/><D38/><U28/><E28/><V116/><F116/><W84/><G84/><T110/><D110/><U126/><E126/><V34/><F34/><W68/><G68/><T61/><D37/><U62/><E62/><AGARI ba="0,1" hai="20,25,31,52,58,62,72,79,80,87,89,92,104,105" machi="62" ten="30,8000,1" yaku="1,1,7,1,52,1,54,1,53,1" doraHai="76" doraHaiUra="19" who="3" fromWho="1" sc="250,0,250,-80,250,0,240,90" /><INIT seed="1,0,0,3,3,80" ten="250,170,250,330" oya="1" hai0="130,10,20,105,45,116,99,27,134,113,115,16,110" hai1="56,114,32,77,135,124,90,48,11,51,83,132,128" hai2="97,133,50,86,59,31,94,100,126,41,92,76,9" hai3="102,109,5,81,34,33,22,17,24,60,127,29,108"/><U44/><E32/><N who="3" m="12394" /><G102/><T6/><D116/><U73/><E114/><V129/><F31/><W67/><G81/><T54/><D130/><U18/><E128/><V39/><F39/><W98/><G98/><T62/><D134/><N who="1" m="51243" /><E124/><V71/><F71/><W131/><G131/><T0/><D110/><N who="3" m="42601" /><G5/><T8/><D8/><U85/><E56/><V89/><F129/><W65/><G127/><T43/><D105/><U104/><E104/><V4/><F126/><W30/><G67/><T1/><D1/><U47/><E18/><V74/><F133/><W2/><G2/><T25/><D25/><U107/><E107/><V125/><F125/><W82/><G82/><T118/><D118/><U101/><E101/><V95/><F74/><W91/><G91/><T112/><D99/><U119/><E119/><V63/><F76/><W66/><G66/><T23/><D23/><U64/><E64/><V42/><F50/><N who="1" m="18985" /><E11/><V21/><F21/><W96/><G60/><T88/><D62/><U14/><E14/><N who="2" m="5415" /><F94/><AGARI ba="0,0" hai="44,47,73,77,83,85,90,94" m="18985,51243" machi="94" ten="30,2900,0" yaku="20,1,52,1" doraHai="80" who="1" fromWho="2" sc="250,0,170,29,250,-29,330,0" /><INIT seed="1,1,0,3,1,93" ten="250,199,221,330" oya="1" hai0="52,131,105,95,81,68,54,31,23,122,48,73,83" hai1="46,97,49,88,4,116,42,69,66,123,71,129,34" hai2="135,92,125,127,7,82,75,33,0,133,18,11,32" hai3="128,21,119,27,89,86,117,5,114,47,126,121,132"/><U13/><E123/><V45/><F45/><W104/><G104/><T39/><D39/><U84/><E116/><N who="3" m="44618" /><G121/><T101/><D68/><U44/><E34/><N who="2" m="13419" /><F92/><W41/><G114/><T37/><D37/><U60/><E129/><V76/><F18/><W103/><G132/><AGARI ba="1,0" hai="0,7,11,75,76,82,125,127,132,133,135" m="13419" machi="132" ten="30,2000,0" yaku="20,1,23,1" doraHai="93" who="2" fromWho="3" sc="250,0,199,0,221,23,330,-23" /><INIT seed="2,0,0,1,0,89" ten="250,199,244,307" oya="2" hai0="133,25,122,20,63,78,24,60,49,83,31,17,106" hai1="116,112,55,8,100,27,36,39,111,135,22,124,118" hai2="108,98,18,43,99,10,5,56,58,51,61,30,62" hai3="88,19,92,104,130,3,14,114,64,28,6,9,33"/><V57/><F30/><W11/><G104/><T65/><D122/><U26/><E100/><V45/><F108/><W52/><G114/><T125/><D106/><U84/><E84/><V93/><F18/><W115/><G115/><T44/><D133/><U74/><E112/><V134/><F99/><W132/><G130/><T29/><D125/><U131/><E55/><V123/><F134/><W35/><G132/><T76/><D76/><U85/><E85/><V34/><F34/><W96/><G28/><T32/><D17/><U54/><E135/><V77/><F77/><W95/><G64/><T129/><D65/><U113/><E54/><V23/><F23/><W15/><G3/><T66/><D66/><U103/><E113/><V12/><REACH who="2" step="1"/><F123/><REACH who="2" ten="250,199,234,307" step="2"/><W47/><G35/><T120/><D120/><U46/><E22/><V80/><F80/><W2/><G33/><T73/><REACH who="0" step="1"/><D129/><REACH who="0" ten="240,199,234,307" step="2"/><U40/><E131/><V87/><F87/><N who="3" m="52255" /><G19/><T107/><D107/><U48/><E111/><V117/><F117/><W67/><G6/><T7/><D7/><U42/><E116/><V110/><F110/><W97/><G11/><T75/><D75/><U81/><E74/><V53/><F53/><AGARI ba="0,2" hai="20,24,25,29,31,32,44,49,53,60,63,73,78,83" machi="53" ten="30,3900,0" yaku="1,1,7,1,53,1" doraHai="89" doraHaiUra="16" who="0" fromWho="2" sc="240,59,199,0,234,-39,307,0" /><INIT seed="3,0,0,0,0,123" ten="299,199,195,307" oya="3" hai0="0,37,33,110,24,29,76,132,93,55,61,43,87" hai1="15,103,64,31,68,134,127,114,90,65,13,129,41" hai2="35,72,50,74,12,82,58,113,9,98,125,6,128" hai3="45,108,63,88,96,100,1,5,102,97,27,115,66"/><W69/><G115/><T81/><D0/><U118/><E114/><V89/><F113/><W8/><G108/><T59/><D132/><U70/><E134/><V52/><F35/><W122/><G122/><T40/><D37/><U7/><E129/><V106/><F128/><W109/><G109/><T38/><D38/><U99/><E127/><V116/><F116/><W49/><G27/><T135/><D110/><U84/><E31/><V20/><F125/><W80/><G97/><T25/><D135/><U119/><E41/><V75/><F20/><W54/><REACH who="3" step="1"/><G80/><REACH who="3" ten="299,199,195,297" step="2"/><T67/><D25/><U126/><E119/><V21/><F82/><W22/><G22/><T83/><D81/><U101/><E118/><V104/><F21/><W51/><G51/><T47/><D33/><U86/><E126/><V46/><REACH who="2" step="1"/><F46/><REACH who="2" ten="299,199,185,297" step="2"/><W124/><G124/><T44/><D47/><U17/><E99/><V19/><F19/><W78/><G78/><T39/><D44/><U107/><E17/><V130/><F130/><W34/><G34/><T3/><D76/><U133/><E133/><V112/><F112/><W117/><G117/><T26/><D83/><U92/><E7/><V95/><AGARI ba="0,2" hai="6,9,12,50,52,58,72,74,75,89,95,98,104,106" machi="95" ten="40,5200,0" yaku="1,1,0,1,54,1,53,0" doraHai="123" doraHaiUra="16" who="2" fromWho="2" sc="299,-13,199,-13,185,72,297,-26" /><INIT seed="4,0,0,1,1,62" ten="286,186,257,271" oya="0" hai0="14,96,3,124,39,130,131,76,109,73,133,120,107" hai1="93,17,28,47,101,53,67,12,6,25,46,44,52" hai2="63,40,85,7,79,49,1,78,132,5,92,66,30" hai3="83,55,86,61,100,34,22,102,91,104,118,24,119"/><T31/><RYUUKYOKU type="yao9" ba="0,0" sc="286,0,186,0,257,0,271,0" hai0="3,14,31,39,73,76,96,107,109,120,124,130,131,133" /><INIT seed="4,1,0,2,2,27" ten="286,186,257,271" oya="0" hai0="111,24,41,102,106,62,26,118,101,42,89,116,30" hai1="46,58,95,55,133,23,3,37,33,129,63,57,128" hai2="123,94,71,72,4,78,84,32,69,40,74,75,99" hai3="67,18,1,65,31,34,135,61,21,39,13,100,73"/><T12/><D111/><U132/><E3/><V16/><F123/><W86/><G39/><T124/><D26/><U6/><E6/><V44/><F32/><W117/><G73/><T59/><D124/><U68/><E95/><V91/><F4/><W29/><G117/><T9/><D89/><U70/><E23/><V114/><F114/><W45/><G135/><N who="1" m="51786" /><E33/><V53/><F53/><W36/><G1/><T60/><D118/><U103/><E103/><V14/><F84/><W93/><G34/><T112/><D112/><U82/><E82/><V8/><REACH who="2" step="1"/><F78/><REACH who="2" ten="286,186,247,271" step="2"/><W77/><G77/><T10/><D116/><U110/><E110/><V113/><F113/><W130/><G86/><T54/><D42/><N who="1" m="22863" /><E57/><V51/><AGARI ba="1,1" hai="8,14,16,40,44,51,69,71,72,74,75,91,94,99" machi="51" ten="30,8000,1" yaku="1,1,0,1,54,1,53,2" doraHai="27" doraHaiUra="64" who="2" fromWho="2" sc="286,-41,186,-21,247,93,271,-21" /><INIT seed="5,0,0,0,2,22" ten="245,165,340,250" oya="1" hai0="102,94,82,57,93,44,110,99,18,42,30,34,69" hai1="47,73,125,67,31,46,29,79,64,4,111,11,9" hai2="119,86,70,85,35,112,95,8,72,13,98,52,77" hai3="39,135,134,45,108,115,63,78,59,133,128,83,43"/><U53/><E111/><V81/><F70/><W96/><G108/><T91/><D110/><U131/><E131/><V65/><F65/><W3/><G128/><T0/><D0/><U7/><E125/><V97/><F35/><W107/><G115/><T27/><D69/><U130/><E130/><V104/><F119/><W61/><G3/><T2/><D2/><U40/><E79/><V84/><F52/><W37/><G37/><T122/><D122/><U23/><E53/><V126/><F126/><W80/><G80/><T74/><D57/><U103/><E103/><N who="2" m="62575" /><F8/><W58/><G58/><T106/><D18/><U50/><E73/><V6/><F13/><W71/><G71/><T100/><D74/><U92/><E92/><V51/><F51/><W88/><G59/><T38/><D82/><U90/><E90/><N who="2" m="55671" /><F6/><W89/><G107/><T55/><D55/><U1/><E1/><V117/><F117/><W87/><REACH who="3" step="1"/><G96/><REACH who="3" ten="245,165,340,240" step="2"/><T48/><D106/><U25/><E47/><V132/><F112/><W15/><G15/><T118/><D118/><U33/><E33/><V36/><F36/><W62/><AGARI ba="0,1" hai="39,43,45,61,62,63,78,83,87,88,89,133,134,135" machi="62" ten="40,8000,1" yaku="1,1,0,1,20,1,54,1,53,0" doraHai="22" doraHaiUra="124" who="3" fromWho="3" sc="245,-20,165,-40,340,-20,240,90" /><INIT seed="6,0,0,2,1,120" ten="225,125,320,330" oya="2" hai0="42,126,35,122,13,99,107,100,29,116,125,56,96" hai1="44,123,41,76,24,45,113,90,124,46,59,131,9" hai2="84,92,106,5,55,40,134,4,79,133,23,34,98" hai3="33,135,8,67,52,117,74,53,54,118,0,12,85"/><V91/><F34/><W111/><G74/><T103/><D122/><U19/><E113/><V105/><F40/><W110/><G0/><T70/><D42/><U95/><E123/><V87/><F55/><W72/><G72/><T57/><D116/><U130/><E124/><V97/><F23/><W104/><G33/><T16/><D70/><U114/><E114/><V81/><F5/><W86/><G104/><N who="2" m="40041" /><F4/><W17/><G67/><T101/><D29/><U47/><E76/><V78/><F78/><W62/><G62/><T31/><D31/><U60/><E41/><V32/><F32/><W128/><G128/><T6/><D6/><U112/><E112/><V18/><F18/><W48/><G48/><T2/><D2/><U64/><N who="1" m="11776" /><DORA hai="36" /><U109/><E109/><V83/><F83/><W68/><G68/><T25/><D25/><U38/><E38/><V115/><F115/><W63/><G63/><T37/><D37/><U14/><REACH who="1" step="1"/><E24/><REACH who="1" ten="225,115,320,330" step="2"/><V27/><F27/><W39/><G39/><T102/><D35/><U22/><E22/><V11/><F11/><W69/><G118/><T75/><D126/><U15/><E15/><V1/><F1/><W7/><G117/><T49/><D125/><U71/><E71/><V73/><F73/><W93/><G69/><T30/><D75/><U119/><E119/><V51/><F51/><W50/><G111/><T89/><D49/><U28/><E28/><V20/><F20/><W10/><G110/><T21/><D30/><U26/><E26/><V65/><F65/><W129/><G12/><T61/><D61/><U82/><E82/><RYUUKYOKU ba="0,1" sc="225,10,115,10,320,10,330,-30" hai0="13,16,21,56,57,89,96,99,100,101,102,103,107" hai1="9,14,19,59,60,64,90,95,130,131" hai2="79,81,84,87,91,92,97,98,133,134" /><INIT seed="6,1,1,0,0,74" ten="235,125,330,300" oya="2" hai0="46,0,8,96,49,91,75,125,68,13,90,71,63" hai1="120,113,116,51,105,88,98,83,60,45,97,30,50" hai2="123,121,5,31,81,54,58,99,33,42,103,44,19" hai3="107,133,76,77,73,7,101,102,52,78,40,18,53"/><V55/><F5/><W11/><G73/><T15/><D125/><U100/><E116/><V80/><F19/><W14/><G133/><T127/><D127/><U106/><E120/><V119/><F119/><W23/><G40/><T134/><D134/><U93/><E113/><V115/><F115/><W43/><G43/><T64/><D71/><U3/><E3/><V9/><F9/><W24/><G107/><T126/><D126/><U48/><E30/><V111/><F111/><W124/><G124/><T128/><D128/><U16/><E60/><V104/><F55/><AGARI ba="1,1" hai="7,11,14,18,23,24,52,53,55,76,77,78,101,102" machi="55" ten="40,8000,1" yaku="8,1,52,3,54,1" doraHai="74" who="3" fromWho="2" sc="235,0,125,0,330,-83,300,93" /><INIT seed="7,0,0,1,4,75" ten="235,125,247,393" oya="3" hai0="50,129,132,102,15,1,98,105,97,2,123,88,39" hai1="106,74,63,131,121,22,30,44,51,53,115,71,117" hai2="125,68,45,60,133,12,9,19,10,70,7,59,100" hai3="38,34,52,21,130,69,89,55,43,23,25,32,58"/><W33/><G69/><T124/><D123/><U42/><E106/><V128/><F125/><W26/><G130/><T46/><D39/><U111/><E74/><V126/><F133/><W135/><G135/><T134/><D129/><U77/><E30/><V81/><F126/><W29/><G58/><T118/><D124/><U61/><E22/><V104/><F128/><W83/><G43/><T86/><D118/><U110/><E131/><V18/><F45/><W109/><G38/><T24/><D24/><U48/><E121/><V127/><F127/><W82/><G109/><T17/><D98/><U31/><E31/><V122/><F122/><W35/><G35/><T73/><D73/><U80/><E117/><V87/><F100/><W119/><G119/><T16/><D17/><U66/><E115/><V113/><F104/><W93/><G82/><N who="0" m="49239" /><D132/><U40/><E80/><V37/><F37/><W8/><G83/><T103/><D103/><U101/><E101/><V108/><F108/><W95/><G95/><T99/><D99/><U3/><E3/><V92/><F92/><W49/><G93/><T57/><D57/><U65/><E77/><V114/><F114/><W76/><G29/><T54/><D134/><U41/><REACH who="1" step="1"/><E51/><REACH who="1" ten="235,115,247,393" step="2"/><V120/><F113/><W13/><G49/><T90/><D90/><U116/><E116/><V56/><F120/><W96/><G33/><T11/><AGARI ba="0,1" hai="1,2,11,15,16,46,50,54,97,102,105" m="49239" machi="11" ten="30,4000,0" yaku="25,1,54,2" doraHai="75" who="0" fromWho="0" sc="235,50,115,-10,247,-10,393,-20" owari="285,9.0,105,-39.0,237,-16.0,373,46.0" /></mjloggm>