<mjloggm ver="2.3"><GO type="41" lobby="0"/><UN n0="%68%75%6B%69%68%75%6B%69" n1="%E4%B9%9D%E8%93%AE%E3%82%AA%E3%83%A4%E3%82%B8" n2="%E5%B0%B1%E6%B4%BB%E7%94%9F%40%E5%B7%9D%E6%9D%91%E8%BB%8D%E5%9B%A3" n3="%E7%9A%87%E5%A5%B3%E3%81%A8%E9%AD%94%E5%A5%B3" dan="13,14,15,14" rate="1902.02,1983.12,2066.79,1877.96" sx="M,M,M,F"/><TAIKYOKU oya="0"/><INIT seed="0,0,0,5,0,0" ten="250,250,250,250" oya="0" hai0="14,21,54,44,60,19,46,81,15,39,102,22,59" hai1="8,17,86,49,62,4,67,69,99,133,51,53,93" hai2="18,56,84,52,61,9,134,89,16,58,2,88,111" hai3="94,91,48,92,124,65,115,77,71,28,119,116,29"/><T40/><D102/><U120/><E133/><V1/><F134/><W101/><G115/><T57/><D81/><U128/><E128/><V123/><F123/><W75/><G101/><T13/><D57/><U36/><E120/><V131/><F111/><W90/><G77/><T74/><D74/><U10/><E36/><V95/><F131/><W117/><G75/><T107/><D107/><U35/><E35/><V73/><F73/><W100/><G48/><T108/><D108/><U6/><E17/><V24/><F24/><W34/><G100/><T37/><REACH who="0" step="1"/><D19/><REACH who="0" ten="240,250,250,250" step="2"/><U122/><E122/><V31/><F31/><W25/><G124/><T80/><D80/><U105/><E105/><V33/><F58/><W135/><G135/><T132/><D132/><U5/><E69/><V78/><F78/><W11/><G29/><T23/><D23/><U20/><E20/><V43/><F33/><W110/><G110/><T112/><D112/><U106/><E106/><V50/><F89/><W97/><G11/><N who="1" m="4138" /><E99/><V118/><F9/><W42/><G97/><T72/><D72/><U125/><E125/><V38/><F1/><W129/><G129/><T113/><D113/><U130/><E130/><V121/><F2/><W63/><REACH who="3" step="1"/><G42/><AGARI ba="0,1" hai="13,14,15,21,22,37,39,40,42,44,46,54,59,60" machi="42" ten="40,3900,0" yaku="1,1,9,1,53,0" doraHai="0" doraHaiUra="103" who="0" fromWho="3" sc="240,49,250,0,250,0,250,-39" /><INIT seed="0,1,0,5,1,119" ten="289,250,250,211" oya="0" hai0="75,46,18,26,130,116,76,113,111,118,40,39,102" hai1="88,21,55,83,92,6,23,108,59,30,109,90,12" hai2="60,69,115,57,34,77,20,3,105,129,95,123,107" hai3="0,110,48,65,42,56,133,64,78,86,134,99,72"/><T61/><D113/><U100/><E30/><V63/><F34/><W120/><G0/><T27/><D130/><U66/><E66/><V87/><F3/><W50/><G72/><T8/><D111/><N who="1" m="42571" /><E83/><V31/><F115/><W28/><G110/><T112/><D112/><U51/><E6/><V35/><F35/><W126/><G28/><T131/><D131/><U67/><E67/><V93/><F129/><W68/><G126/><T24/><D102/><U79/><E79/><V135/><F135/><N who="3" m="51723" /><G99/><T85/><D76/><U114/><E114/><V104/><F69/><W124/><G124/><T9/><D75/><U13/><E13/><V117/><F117/><W81/><G68/><T38/><D38/><U15/><E15/><V106/><F63/><W10/><G10/><T73/><D73/><U25/><E25/><V82/><F123/><W17/><G17/><T80/><D61/><U5/><E5/><V49/><F49/><W43/><G120/><T91/><REACH who="0" step="1"/><D8/><REACH who="0" ten="279,250,250,211" step="2"/><U132/><E132/><V58/><F60/><N who="3" m="37895" /><G65/><T128/><D128/><U96/><E12/><AGARI ba="1,1" hai="9,12,18,24,26,27,39,40,46,80,85,91,116,118" machi="12" ten="40,3900,0" yaku="1,1,53,1" doraHai="119" doraHaiUra="4" who="0" fromWho="1" sc="279,52,250,-42,250,0,211,0" /><INIT seed="0,2,0,1,2,41" ten="331,208,250,211" oya="0" hai0="66,99,36,114,78,92,104,11,37,68,82,127,38" hai1="28,22,65,57,18,13,106,56,115,49,118,96,3" hai2="70,120,93,80,67,75,1,7,126,87,90,48,8" hai3="35,113,121,61,10,125,14,132,130,50,108,112,31"/><T84/><D114/><U24/><E118/><V64/><F120/><W94/><G94/><T58/><D104/><U91/><E115/><N who="3" m="44106" /><G50/><T42/><D127/><U15/><E106/><V32/><F32/><W109/><G61/><T110/><D68/><U107/><E3/><V51/><F126/><W12/><G121/><T40/><D110/><N who="3" m="42601" /><G125/><T5/><D58/><U47/><E107/><V88/><F75/><W74/><G74/><T16/><D66/><U129/><E129/><V89/><F70/><W103/><G103/><T73/><D73/><U33/><E33/><V52/><F51/><W60/><G60/><T30/><D30/><U59/><E65/><V53/><F53/><W77/><G77/><T123/><D16/><N who="1" m="12359" /><E13/><N who="3" m="5226" /><G132/><T117/><D123/><U111/><E28/><V20/><F20/><W101/><G101/><T9/><D117/><U76/><E111/><V6/><F6/><W2/><G130/><T71/><D71/><U19/><E76/><V26/><F67/><W81/><G81/><T135/><D135/><U63/><E63/><V116/><F64/><W97/><G97/><T62/><D62/><U86/><E96/><V69/><F116/><W55/><G55/><T34/><D5/><U72/><E72/><V100/><F69/><W131/><G131/><T83/><D78/><U98/><E98/><N who="2" m="59471" /><F80/><W95/><G95/><T27/><D92/><N who="1" m="54391" /><E15/><V122/><F87/><W124/><G124/><T119/><D99/><U43/><AGARI ba="2,0" hai="18,19,43,47,49,56,57,59" m="54391,12359" machi="43" ten="30,4000,0" yaku="8,1,52,1,54,1" doraHai="41" who="1" fromWho="1" sc="331,-22,208,46,250,-12,211,-12" /><INIT seed="1,0,0,5,3,15" ten="309,254,238,199" oya="1" hai0="27,25,67,123,40,56,90,121,8,4,18,12,112" hai1="78,5,7,24,125,70,37,103,96,135,3,114,29" hai2="36,42,68,75,20,94,77,93,131,62,117,71,127" hai3="32,118,58,33,120,82,51,21,63,128,41,50,17"/><U26/><E37/><V61/><F117/><W84/><G120/><N who="0" m="46155" /><D40/><U30/><E114/><V31/><F127/><W23/><G118/><T115/><D90/><U86/><E70/><V100/><F131/><W38/><G128/><T88/><D88/><U55/><E125/><V73/><F36/><W14/><G23/><N who="0" m="11719" /><D56/><U99/><E135/><V39/><F39/><W60/><G38/><T126/><D67/><U111/><E3/><V28/><F42/><W19/><G19/><T89/><D89/><U69/><E69/><V59/><F20/><W1/><G1/><N who="0" m="15" /><D126/><U44/><E111/><V53/><F59/><W97/><G97/><N who="1" m="37450" /><E103/><V35/><F100/><W110/><G110/><T54/><D54/><U76/><E44/><V79/><REACH who="2" step="1"/><F53/><REACH who="2" ten="309,254,228,199" step="2"/><W129/><G129/><T80/><D80/><U0/><E55/><V22/><F22/><W107/><G41/><T83/><D83/><U104/><E0/><V92/><F92/><W132/><G107/><T85/><D85/><U13/><E104/><V2/><F2/><W34/><G132/><T72/><D72/><U133/><E133/><V11/><F11/><W134/><G134/><T43/><D43/><U46/><E46/><V9/><F9/><W48/><REACH who="3" step="1"/><G58/><REACH who="3" ten="309,254,228,189" step="2"/><T122/><D122/><U95/><E5/><V47/><F47/><W64/><G64/><T130/><D130/><U106/><E106/><V87/><F87/><W108/><G108/><T116/><D116/><U65/><E86/><V81/><F81/><W66/><G66/><T49/><D115/><U124/><E65/><V45/><F45/><W91/><AGARI ba="0,2" hai="14,17,21,32,33,34,48,50,51,60,63,82,84,91" machi="91" ten="40,8000,1" yaku="1,1,5,1,0,1,52,1,53,0" doraHai="15" doraHaiUra="102" who="3" fromWho="3" sc="309,-20,254,-40,228,-20,189,100" /><INIT seed="2,0,0,1,2,57" ten="289,214,208,289" oya="2" hai0="58,25,1,118,128,121,115,6,64,65,31,39,89" hai1="59,8,63,77,130,26,74,92,14,85,50,10,12" hai2="82,19,79,62,99,124,129,60,28,3,76,41,73" hai3="96,24,49,84,101,109,97,7,90,67,83,104,88"/><V11/><F124/><W68/><G7/><T80/><D118/><U70/><E74/><V69/><F129/><W9/><G9/><T43/><D128/><U100/><E70/><V103/><F69/><W113/><G24/><T46/><D115/><U91/><E130/><V119/><F119/><W107/><G49/><T53/><D121/><U22/><E100/><V29/><F79/><W5/><G5/><T45/><D1/><U0/><E77/><V48/><F29/><W120/><G120/><T106/><D6/><U133/><E133/><V32/><F32/><W102/><G113/><T38/><D106/><U105/><E105/><N who="3" m="40522" /><G67/><T108/><D108/><U134/><E134/><V36/><F28/><W52/><G52/><T78/><D89/><N who="3" m="34409" /><G68/><T37/><D64/><U123/><E123/><V23/><F36/><W21/><G21/><T30/><D65/><N who="1" m="39167" /><E0/><V71/><F71/><W34/><G34/><T125/><D31/><N who="1" m="17879" /><E50/><V81/><F11/><AGARI ba="0,0" hai="8,10,11,12,14,85,91,92" m="17879,39167" machi="11" ten="30,2000,0" yaku="8,1,52,1" doraHai="57" who="1" fromWho="2" sc="289,0,214,20,208,-20,289,0" /><INIT seed="3,0,0,0,1,42" ten="289,234,188,289" oya="3" hai0="28,20,37,82,135,132,126,15,119,61,70,21,88" hai1="101,85,75,105,31,63,16,117,18,14,86,29,10" hai2="54,26,133,33,130,78,38,112,47,4,81,125,40" hai3="44,127,100,50,69,121,72,114,13,17,53,113,56"/><W8/><G69/><T65/><D119/><U94/><E75/><V92/><F112/><W59/><G121/><T134/><D126/><U30/><E105/><V7/><F130/><W91/><G72/><T99/><D28/><U64/><E117/><V62/><F125/><W109/><G127/><T22/><D37/><U128/><E128/><V129/><F129/><W58/><G109/><T19/><D82/><U103/><E18/><V106/><F106/><W34/><G34/><T107/><D107/><U27/><E27/><V97/><F133/><W24/><G100/><N who="1" m="38474" /><E63/><V68/><F26/><W49/><G24/><T111/><D111/><U102/><E64/><V60/><F33/><W115/><REACH who="3" step="1"/><G91/><REACH who="3" ten="289,234,188,279" step="2"/><T89/><REACH who="0" step="1"/><D99/><AGARI ba="0,1" hai="10,14,16,29,30,31,85,86,94,99,102" m="38474" machi="99" ten="30,2000,0" yaku="8,1,54,1" doraHai="42" who="1" fromWho="0" sc="289,-20,234,30,188,0,279,0" /><INIT seed="4,0,0,3,1,67" ten="269,264,188,279" oya="0" hai0="102,6,111,125,120,73,133,8,59,77,106,107,82" hai1="134,63,45,101,15,114,95,76,89,26,19,105,33" hai2="22,84,129,117,130,108,32,74,41,1,38,96,48" hai3="127,2,31,55,131,34,7,10,97,51,49,135,24"/><T64/><D120/><U79/><E134/><V66/><F32/><W90/><G135/><T112/><D111/><U53/><E114/><V13/><F1/><W50/><G127/><T93/><D133/><U81/><E105/><V20/><F74/><W85/><G131/><N who="2" m="50185" /><F38/><W123/><G97/><T0/><D112/><U118/><E118/><V18/><F108/><W58/><REACH who="3" step="1"/><G123/><REACH who="3" ten="269,264,188,269" step="2"/><T80/><D125/><U60/><E101/><V72/><F96/><W12/><G12/><T98/><REACH who="0" step="1"/><D82/><AGARI ba="0,1" hai="2,7,10,24,31,34,49,50,51,55,58,82,85,90" machi="82" ten="30,2000,0" yaku="1,1,7,1,53,0" doraHai="67" doraHaiUra="71" who="3" fromWho="0" sc="269,-20,264,0,188,0,269,30" /><INIT seed="5,0,0,1,0,92" ten="249,264,188,299" oya="1" hai0="61,125,56,120,107,129,53,96,114,58,131,133,113" hai1="21,34,70,63,108,18,50,11,47,22,66,27,134" hai2="39,85,13,132,1,42,98,110,79,72,16,103,100" hai3="117,76,36,116,94,121,89,19,46,68,15,38,4"/><U40/><E134/><V115/><F1/><W119/><G68/><T45/><D107/><U28/><E108/><V2/><F2/><W17/><G76/><T135/><D120/><U6/><REACH who="1" step="1"/><E18/><REACH who="1" ten="249,254,188,299" step="2"/><V32/><F110/><W84/><G121/><T88/><D125/><U67/><E67/><V102/><F132/><N who="0" m="50762" /><D96/><U9/><E9/><V112/><F32/><W78/><G78/><T128/><D88/><U51/><E51/><V124/><F124/><W118/><N who="3" m="30208" /><DORA hai="74" /><W105/><G105/><T12/><D12/><AGARI ba="0,1" hai="6,11,12,21,22,27,28,34,40,47,50,63,66,70" machi="12" ten="30,5800,0" yaku="1,1,7,1,53,1" doraHai="92,74" doraHaiUra="65,123" who="1" fromWho="0" sc="249,-58,254,68,188,0,299,0" /><INIT seed="5,1,0,4,4,99" ten="191,322,188,299" oya="1" hai0="13,45,8,56,121,24,107,83,124,6,71,19,79" hai1="21,25,48,38,4,95,7,98,113,63,54,120,51" hai2="26,114,20,34,132,3,40,52,78,125,96,67,42" hai3="31,50,68,88,103,28,9,81,43,122,115,16,18"/><U126/><E120/><V84/><F34/><W80/><G68/><T72/><D71/><U102/><E38/><V27/><F3/><W53/><G122/><T133/><D121/><U61/><E113/><V66/><F125/><W11/><G103/><T85/><D107/><U91/><E126/><V5/><F5/><N who="1" m="2121" /><E102/><V46/><F132/><W101/><G101/><T69/><D69/><U14/><E14/><V12/><F96/><W75/><G75/><T116/><D116/><U44/><E48/><N who="2" m="28695" /><F12/><N who="3" m="7183" /><G115/><T111/><D111/><U94/><E94/><V60/><F114/><W112/><G112/><T36/><D133/><U108/><E108/><V17/><F27/><W74/><G43/><N who="2" m="16425" /><F60/><W106/><G74/><T104/><D36/><U59/><E44/><V32/><F32/><W87/><G81/><AGARI ba="1,0" hai="17,20,26,66,67,78,81,84" m="16425,28695" machi="81" ten="30,2000,0" yaku="8,1,54,1" doraHai="99" who="2" fromWho="3" sc="191,0,322,0,188,23,299,-23" /><INIT seed="6,0,0,5,1,74" ten="191,322,211,276" oya="2" hai0="54,33,15,91,113,62,116,94,110,2,103,57,120" hai1="67,34,46,58,71,88,45,38,11,10,52,31,130" hai2="29,115,124,61,81,131,118,125,100,7,8,133,70" hai3="129,41,56,24,49,86,68,28,4,12,32,26,95"/><V42/><F118/><W97/><G68/><T17/><D2/><U75/><E75/><V5/><F42/><W48/><G129/><T83/><D33/><U19/><E38/><V105/><F131/><W16/><G4/><T27/><D120/><U77/><E34/><V40/><F40/><W128/><G128/><T23/><D116/><U126/><E71/><V92/><F105/><W117/><G24/><T35/><D113/><U63/><E130/><V6/><F29/><W134/><G134/><T132/><D110/><U1/><E31/><V3/><F115/><W20/><G117/><T21/><D132/><U51/><E1/><V121/><F133/><W30/><G30/><T98/><D35/><U99/><E126/><N who="2" m="48747" /><F121/><W82/><G56/><T78/><D103/><U112/><E77/><V84/><F92/><W76/><REACH who="3" step="1"/><G41/><REACH who="3" ten="191,322,211,266" step="2"/><T0/><D0/><U123/><E112/><V69/><F69/><W64/><G64/><T9/><REACH who="0" step="1"/><D27/><REACH who="0" ten="181,322,211,266" step="2"/><U14/><E123/><V47/><F3/><W36/><G36/><T66/><D66/><U96/><E45/><V55/><F47/><W13/><G13/><T85/><AGARI ba="0,2" hai="9,15,17,21,23,54,57,62,78,83,85,91,94,98" machi="85" ten="20,8000,1" yaku="1,1,0,1,7,1,8,1,52,1,53,0" doraHai="74" doraHaiUra="22" who="0" fromWho="0" sc="181,100,322,-20,211,-40,266,-20" /><INIT seed="7,0,0,5,1,97" ten="281,302,171,246" oya="3" hai0="100,18,45,62,91,38,132,112,34,15,104,109,25" hai1="36,79,35,41,133,71,113,7,123,63,86,130,33" hai2="52,90,47,31,22,68,19,43,42,122,29,82,53" hai3="65,49,110,44,60,54,69,6,131,119,105,135,56"/><W101/><G119/><T16/><D109/><U3/><E86/><V117/><F117/><W59/><G6/><T87/><D132/><U88/><E123/><V10/><F122/><W20/><G131/><T134/><D134/><U118/><E113/><V84/><F68/><W74/><G74/><T37/><D112/><U94/><E118/><V1/><F1/><W40/><G135/><T114/><D114/><U70/><E133/><V107/><F107/><W55/><G20/><T77/><D77/><U81/><E130/><V120/><F120/><W66/><G110/><T85/><D85/><U32/><E63/><V99/><F99/><W8/><G8/><T89/><D89/><U30/><E30/><V124/><F124/><W14/><G14/><T121/><D121/><U93/><E88/><V103/><F103/><W76/><G76/><T2/><D2/><U115/><E93/><V75/><F75/><W61/><G101/><T9/><D45/><N who="1" m="23719" /><E94/><V39/><F43/><W13/><G13/><T95/><D62/><U106/><E115/><V126/><F126/><W11/><G11/><T67/><D67/><U51/><E51/><V129/><F129/><W72/><G72/><T48/><D48/><U27/><E106/><V50/><F10/><W4/><G4/><T108/><D108/><U92/><E92/><V58/><REACH who="2" step="1"/><F53/><REACH who="2" ten="281,302,161,246" step="2"/><N who="3" m="19979" /><G105/><T73/><D73/><N who="1" m="43247" /><E27/><AGARI ba="0,1" hai="19,22,27,29,31,39,42,47,50,52,58,82,84,90" machi="27" ten="30,3900,0" yaku="1,1,7,1,54,1,53,0" doraHai="97" doraHaiUra="5" who="2" fromWho="1" sc="281,0,302,-39,161,49,246,0" /><INIT seed="8,0,0,4,5,22" ten="281,263,210,246" oya="0" hai0="23,89,111,32,97,43,13,130,116,124,20,37,120" hai1="106,125,49,35,42,39,107,64,82,29,34,69,84" hai2="98,132,79,58,11,73,88,5,104,95,92,30,77" hai3="6,44,14,24,61,121,18,60,8,2,48,10,12"/><T3/><D120/><U127/><E49/><V87/><F132/><W93/><G121/><T26/><D3/><U135/><E84/><V134/><F134/><W36/><G36/><T66/><D116/><U76/><E135/><V51/><F104/><N who="1" m="39977" /><E42/><V9/><F30/><W110/><G110/><T50/><D32/><U68/><E64/><V7/><F73/><W33/><G93/><T4/><D66/><U45/><E45/><V16/><F58/><W70/><G70/><N who="1" m="27242" /><E29/><V114/><F51/><W75/><G75/><T133/><D50/><U41/><E82/><V90/><F114/><W83/><G83/><T67/><D43/><U109/><E76/><N who="2" m="29259" /><F9/><W0/><G33/><N who="1" m="12298" /><E41/><V38/><F38/><W72/><G72/><T17/><D111/><U86/><E86/><V59/><F59/><W115/><G115/><T46/><D37/><U119/><E39/><V56/><F56/><W117/><G117/><T19/><D46/><U94/><E109/><V62/><F62/><W131/><G131/><T1/><D67/><U25/><E94/><V122/><F122/><W96/><G96/><T118/><D97/><U81/><E81/><V63/><F63/><N who="3" m="24139" /><G2/><T28/><D1/><U100/><E100/><V105/><F105/><W123/><G0/><T21/><D133/><U53/><E53/><V40/><F40/><N who="3" m="24583" /><G123/><T74/><D118/><U31/><E119/><V15/><AGARI ba="0,0" hai="5,7,11,15,16,87,88,90,92,95,98" m="29259" machi="15" ten="30,4000,0" yaku="8,1,54,2" doraHai="22" who="2" fromWho="2" sc="281,-20,263,-10,210,40,246,-10" /><INIT seed="9,0,0,4,3,111" ten="261,253,250,236" oya="1" hai0="49,99,107,43,9,89,37,24,46,82,96,126,17" hai1="65,41,83,10,103,61,102,62,48,27,119,7,100" hai2="84,36,21,51,55,124,50,116,125,113,11,63,0" hai3="3,134,60,40,115,15,70,44,5,14,28,105,58"/><U2/><E119/><V31/><F36/><W133/><G105/><T13/><D126/><N who="2" m="48746" /><F116/><W38/><G70/><T97/><D37/><U22/><E83/><V67/><F0/><W68/><G28/><T54/><D107/><U23/><E41/><V66/><F11/><W73/><G73/><T86/><D43/><U19/><E48/><N who="2" m="18475" /><F84/><W93/><G68/><T53/><D53/><U29/><REACH who="1" step="1"/><E65/><REACH who="1" ten="261,243,250,236" step="2"/><V118/><F118/><W47/><G40/><T59/><D59/><U122/><E122/><V4/><F67/><W85/><G38/><T98/><N who="0" m="25088" /><DORA hai="74" /><T79/><REACH who="0" step="1"/><D24/><AGARI ba="0,1" hai="2,7,10,19,22,23,24,27,29,61,62,100,102,103" machi="24" ten="40,7700,0" yaku="1,1,53,2" doraHai="111,74" doraHaiUra="76,16" who="1" fromWho="0" sc="261,-77,243,87,250,0,236,0" owari="184,-32.0,330,43.0,250,5.0,236,-16.0" /></mjloggm>