<mjloggm ver="2.3"><GO type="193" lobby="0"/><UN n0="%66%69%6C%65%6F%2E" n1="%53%4F%4E%59" n2="%E3%82%A2%E3%83%AC%E4%BB%81" n3="%E3%83%88%E3%83%88%E3%83%AA%E5%85%88%E7%94%9F%31%39%E6%AD%B3" dan="11,11,12,12" rate="1656.58,1617.37,1653.26,1936.67" sx="M,M,M,F"/><TAIKYOKU oya="0"/><INIT seed="0,0,0,5,2,88" ten="250,250,250,250" oya="0" hai0="41,0,67,57,133,19,10,36,83,14,65,116,66" hai1="37,94,47,49,59,124,16,13,128,99,108,125,102" hai2="131,105,63,92,82,118,91,135,15,107,42,119,1" hai3="54,27,95,113,51,2,78,104,44,85,126,11,17"/><T32/><D32/><U69/><E69/><V29/><F1/><W33/><G113/><T111/><D116/><U6/><E6/><V61/><F82/><W62/><G104/><N who="2" m="40009" /><F42/><W70/><G126/><N who="1" m="48746" /><E37/><V31/><F15/><W103/><G70/><T112/><D112/><U81/><E81/><V122/><F122/><W86/><G78/><T20/><D133/><U89/><E128/><V110/><F135/><W50/><G62/><N who="2" m="23561" /><F131/><W30/><G51/><T77/><D111/><U56/><E108/><V23/><F23/><W38/><G38/><T5/><D57/><U79/><E89/><V4/><F4/><W75/><G75/><N who="0" m="43455" /><D67/><U35/><E35/><V73/><F73/><W12/><REACH who="3" step="1"/><G2/><REACH who="3" ten="250,250,250,240" step="2"/><T127/><D127/><U24/><E79/><V18/><F110/><W90/><G90/><T80/><D80/><U84/><E84/><N who="2" m="52327" /><F18/><W120/><G120/><T48/><D48/><U9/><E24/><V28/><F28/><W130/><G130/><T8/><D8/><U93/><E93/><V115/><F115/><W45/><G45/><AGARI ba="0,1" hai="0,5,10,14,19,20,36,41,45,65,66" m="43455" machi="45" ten="30,1500,0" yaku="25,1" doraHai="88" who="0" fromWho="3" sc="250,25,250,0,250,0,240,-15" /><INIT seed="0,1,0,1,1,34" ten="275,250,250,225" oya="0" hai0="104,14,27,8,134,94,44,130,33,18,70,96,109" hai1="72,13,32,93,106,133,78,90,107,64,41,92,100" hai2="60,68,69,121,123,29,98,132,125,42,57,31,127" hai3="71,4,91,28,84,0,1,25,74,20,30,115,46"/><T111/><D70/><N who="2" m="27242" /><F98/><W12/><G115/><T79/><D104/><U36/><E32/><V105/><F105/><W87/><G74/><T17/><D79/><U5/><E64/><N who="2" m="38927" /><F31/><W135/><G71/><T54/><D134/><U39/><E133/><V51/><F132/><W35/><G135/><T65/><D65/><U131/><E131/><V122/><F29/><W61/><G61/><T58/><D44/><AGARI ba="1,0" hai="42,44,51,121,122,123,125,127" m="38927,27242" machi="44" ten="40,2600,0" yaku="34,2" doraHai="34" who="2" fromWho="0" sc="275,-29,250,0,250,29,225,0" /><INIT seed="1,0,0,2,2,59" ten="246,250,279,225" oya="1" hai0="54,68,48,126,17,107,22,125,84,82,80,30,65" hai1="74,99,40,6,119,49,97,38,29,3,56,72,104" hai2="123,62,86,7,103,41,19,43,33,0,78,45,1" hai3="85,118,64,25,39,31,124,89,27,51,79,101,75"/><U24/><E119/><V109/><F123/><W93/><G39/><T116/><D107/><U106/><E38/><V135/><F33/><W114/><G114/><T34/><D116/><U53/><E40/><V15/><F43/><W131/><G118/><T105/><D84/><U20/><E3/><V120/><F120/><W61/><G131/><T58/><D34/><U130/><E6/><V113/><F135/><W26/><G124/><N who="0" m="47723" /><D30/><U57/><E130/><V70/><F113/><W71/><G51/><T50/><D48/><U81/><E81/><V91/><F103/><W117/><G117/><T42/><D42/><U77/><E77/><V121/><F78/><W21/><G75/><T95/><D105/><U47/><E106/><V87/><F87/><W100/><G79/><T32/><D95/><U111/><E111/><V133/><F109/><W60/><G27/><N who="0" m="14799" /><D32/><U63/><E99/><V5/><F121/><W127/><G127/><T112/><D112/><U66/><REACH who="1" step="1"/><E47/><REACH who="1" ten="246,240,279,225" step="2"/><V18/><F0/><W96/><G96/><T92/><D92/><U37/><E37/><V14/><F1/><W46/><G46/><T115/><D115/><U35/><E35/><V2/><F2/><W16/><G16/><N who="2" m="6185" /><F45/><W10/><G85/><T36/><D36/><U76/><E76/><V28/><F41/><W98/><G98/><T90/><D80/><U94/><E94/><N who="2" m="54647" /><F28/><W102/><G31/><T55/><D82/><U108/><E108/><V69/><F7/><W8/><G93/><T67/><D90/><U132/><E132/><V73/><F133/><W128/><G89/><T110/><D110/><RYUUKYOKU ba="0,1" sc="246,-10,240,30,279,-10,225,-10" hai1="20,24,29,49,53,56,57,63,66,72,74,97,104" /><INIT seed="1,1,1,3,0,89" ten="236,270,269,215" oya="1" hai0="18,126,134,62,70,2,110,112,99,79,129,124,7" hai1="98,33,35,63,17,41,34,101,91,83,74,73,86" hai2="55,107,9,57,11,39,45,109,36,133,53,49,78" hai3="5,95,0,10,4,47,65,108,50,16,85,88,31"/><U128/><E128/><V25/><F107/><W51/><G108/><T77/><D112/><U97/><E97/><V37/><F109/><W21/><G31/><T115/><D115/><U66/><E41/><V30/><F133/><W68/><G68/><T94/><D110/><U28/><E17/><V120/><F120/><W42/><G65/><N who="0" m="41271" /><D134/><U32/><N who="1" m="8704" /><DORA hai="56" /><U103/><E28/><V111/><F111/><W13/><G5/><T72/><D72/><U59/><REACH who="1" step="1"/><E103/><REACH who="1" ten="236,260,269,215" step="2"/><V27/><F30/><W118/><G118/><T12/><D129/><U67/><E67/><V64/><F64/><W116/><G116/><T6/><D2/><U105/><AGARI ba="1,2" hai="59,63,66,73,74,83,86,91,98,101,105" m="8704" machi="105" ten="60,12000,1" yaku="1,1,0,1,52,1,53,1" doraHai="89,56" doraHaiUra="119,54" who="1" fromWho="1" sc="236,-41,260,143,269,-41,215,-41" /><INIT seed="1,2,0,4,2,100" ten="195,403,228,174" oya="1" hai0="91,22,73,26,81,24,131,43,83,58,47,55,11" hai1="27,12,92,103,14,42,57,108,25,50,125,124,85" hai2="51,3,135,132,63,80,30,115,20,46,102,86,8" hai3="65,9,16,33,66,28,79,6,36,133,18,62,84"/><U52/><E42/><V107/><F3/><W64/><G36/><T128/><D83/><U4/><E108/><V19/><F30/><W41/><G41/><T49/><D11/><U88/><E103/><V2/><F63/><W106/><G133/><T97/><D73/><U61/><E61/><V114/><F2/><W67/><G106/><T1/><D1/><U119/><E119/><V60/><F60/><W101/><G101/><T90/><D90/><U53/><E53/><N who="2" m="29943" /><F102/><W99/><G99/><T59/><D58/><U121/><E121/><V111/><F111/><W89/><G79/><T96/><D96/><U117/><E117/><V56/><F56/><W110/><G110/><T94/><D81/><U69/><E69/><V77/><F107/><W40/><G40/><T32/><D32/><U13/><E4/><V75/><F8/><W105/><G105/><T35/><D35/><U38/><REACH who="1" step="1"/><E38/><REACH who="1" ten="195,393,228,174" step="2"/><V118/><F118/><W68/><G6/><T31/><REACH who="0" step="1"/><D26/><AGARI ba="2,1" hai="12,13,14,25,26,27,50,52,57,85,88,92,124,125" machi="26" ten="40,12000,1" yaku="1,1,2,1,54,2,53,1" doraHai="100" doraHaiUra="45" who="1" fromWho="0" sc="195,-126,393,136,228,0,174,0" /><INIT seed="1,3,0,2,2,135" ten="69,529,228,174" oya="1" hai0="6,37,117,119,125,25,0,71,66,47,91,13,118" hai1="86,18,131,121,57,16,3,78,98,30,36,82,116" hai2="31,23,39,88,53,122,65,74,101,11,85,49,46" hai3="45,100,104,110,41,63,17,69,8,84,24,99,61"/><U89/><E121/><V112/><F122/><W9/><G110/><T40/><D91/><U126/><E116/><V129/><F74/><W22/><G84/><T2/><D13/><U132/><E36/><V21/><F39/><W107/><G107/><T114/><D114/><U1/><E132/><V50/><F112/><W34/><G34/><T80/><D25/><U29/><E131/><V133/><F129/><W32/><G32/><T58/><D58/><U113/><E113/><V96/><F133/><W28/><G17/><T19/><D19/><U79/><E57/><V42/><F65/><W59/><G69/><T70/><D80/><U97/><E126/><V56/><F31/><W124/><G124/><T75/><D75/><U93/><E93/><N who="2" m="58511" /><F11/><W48/><REACH who="3" step="1"/><G63/><REACH who="3" ten="69,529,228,164" step="2"/><N who="0" m="40287" /><D71/><U44/><E86/><V10/><F10/><W111/><G111/><T26/><D6/><U54/><E82/><AGARI ba="3,1" hai="21,23,42,46,49,50,53,56,82,85,88" m="58511" machi="82" ten="30,2000,0" yaku="8,1,54,1" doraHai="135" who="2" fromWho="1" sc="69,0,529,-29,228,39,164,0" /><INIT seed="2,0,0,4,5,16" ten="69,500,267,164" oya="2" hai0="7,123,45,44,64,62,108,92,33,26,78,103,81" hai1="75,36,71,118,53,84,111,96,82,2,112,54,25" hai2="72,125,129,124,120,115,110,12,60,65,106,30,121" hai3="114,38,116,5,31,17,70,0,35,104,79,76,100"/><V42/><F106/><W105/><G17/><T99/><D123/><U69/><E118/><V102/><F72/><W48/><G48/><T80/><D108/><U91/><E112/><V113/><F102/><W66/><G76/><T101/><D81/><U61/><E111/><V59/><F110/><W73/><G116/><T1/><D101/><U55/><E36/><V14/><F129/><W109/><G109/><T94/><D92/><U40/><E2/><V93/><F93/><W68/><G114/><N who="2" m="43529" /><F12/><W47/><G66/><T90/><D7/><U43/><E75/><V32/><F32/><W56/><G56/><T83/><D80/><U29/><E96/><V11/><F30/><W13/><G13/><T77/><D78/><U131/><E131/><V127/><F42/><N who="3" m="22999" /><G79/><T128/><D1/><U98/><E98/><V132/><F132/><W20/><G20/><T46/><D103/><U37/><E37/><V95/><F95/><W21/><G21/><T74/><D33/><U89/><E89/><V58/><F59/><W18/><G18/><AGARI ba="0,0" hai="11,14,18,58,60,65,120,121,124,125,127" m="43529" machi="18" ten="40,2000,0" yaku="18,1" doraHai="16" who="2" fromWho="3" sc="69,0,500,0,267,20,164,-20" /><INIT seed="2,1,0,1,0,70" ten="69,500,287,144" oya="2" hai0="4,2,76,54,16,122,51,17,38,95,3,26,69" hai1="89,121,106,74,79,128,59,45,101,46,82,9,119" hai2="115,73,77,104,107,63,56,99,21,5,116,92,30" hai3="53,61,124,132,13,35,81,41,52,36,94,86,37"/><V50/><F115/><W90/><G35/><T117/><D122/><U105/><E121/><V11/><F116/><W133/><G124/><T55/><D69/><U12/><E119/><V102/><F50/><W98/><G13/><T48/><D38/><N who="3" m="14953" /><G61/><T100/><D76/><U10/><E128/><V57/><F57/><W62/><G62/><T114/><D114/><U126/><E126/><V43/><F43/><W129/><G41/><T91/><D100/><U80/><E10/><V96/><F96/><W78/><G129/><T75/><D75/><U49/><E101/><V19/><F73/><W125/><G125/><T111/><D4/><U83/><E59/><V27/><F77/><W127/><G127/><T29/><D117/><U22/><E22/><V130/><F19/><W40/><G40/><T39/><D39/><U85/><E46/><V58/><F58/><W23/><G23/><T28/><D26/><U97/><E82/><V7/><F130/><W118/><G118/><T44/><D44/><U60/><E97/><V87/><F7/><W84/><G98/><T34/><D34/><U20/><E20/><V113/><F87/><W0/><G0/><T6/><D6/><U32/><E60/><V42/><F42/><W135/><AGARI ba="1,0" hai="52,53,78,81,84,86,90,94,132,133,135" m="14953" machi="135" ten="40,8000,1" yaku="20,1,52,3,54,1" doraHai="70" who="3" fromWho="3" sc="69,-21,500,-21,287,-41,144,83" /><INIT seed="3,0,0,5,1,73" ten="48,479,246,227" oya="3" hai0="33,3,67,101,107,6,57,10,68,108,26,22,52" hai1="80,75,123,48,62,112,42,89,37,41,50,119,86" hai2="85,38,125,114,64,61,124,127,16,66,72,79,92" hai3="60,81,39,71,5,99,36,118,102,13,65,21,53"/><W24/><G118/><T131/><D108/><U59/><E123/><V104/><F114/><W133/><G133/><T2/><D2/><U91/><E119/><V70/><F38/><W28/><G53/><T31/><D131/><U134/><E134/><V126/><F104/><W113/><G113/><T100/><D107/><U44/><E112/><V97/><F127/><W34/><G81/><T9/><D68/><U96/><E75/><V11/><F66/><W54/><G54/><T12/><D10/><U128/><E128/><V19/><F72/><W115/><G115/><T111/><D67/><U83/><E37/><V78/><F85/><W130/><G130/><T120/><D120/><U98/><E62/><V63/><F63/><W69/><G69/><T46/><D46/><U8/><E8/><V74/><F74/><W35/><G35/><T55/><D55/><U56/><E86/><V15/><F19/><N who="3" m="10479" /><G5/><T77/><D77/><U49/><E49/><V82/><F82/><W87/><G87/><T0/><D0/><U109/><E109/><V25/><REACH who="2" step="1"/><F25/><REACH who="2" ten="48,479,236,227" step="2"/><W90/><G90/><AGARI ba="0,1" hai="11,15,16,61,64,70,78,79,90,92,97,124,125,126" machi="90" ten="40,12000,2" yaku="1,1,2,1,18,1,52,2,54,1,53,0" doraHai="73" doraHaiUra="30" who="2" fromWho="3" sc="48,0,479,0,236,130,227,-120" owari="48,-45.0,479,57.0,366,17.0,107,-29.0" /></mjloggm>