<mjloggm ver="2.3"><GO type="169" lobby="0"/><UN n0="%E3%82%84%E3%81%9F%E3%82%B1%E3%83%B3" n1="%74%61%6B%65%74%6F%6D%69" n2="%E3%82%A6%E3%83%AB%E3%83%88%E3%83%A9%E7%AB%8B%E7%9B%B4" n3="%E6%AD%A6%E8%A3%85%E5%95%86%E8%88%B9%E5%9B%A3" dan="17,16,17,16" rate="2204.39,2150.04,2127.69,2110.73" sx="F,M,M,M"/><TAIKYOKU oya="0"/><INIT seed="0,0,0,0,0,47" ten="250,250,250,250" oya="0" hai0="60,118,78,0,58,55,77,129,10,88,66,121,110" hai1="38,45,72,119,111,82,69,71,21,124,132,23,76" hai2="13,75,127,80,28,112,2,95,6,16,125,41,115" hai3="37,106,63,86,90,84,89,83,100,26,15,3,32"/><T67/><D121/><U25/><E119/><V50/><F28/><W14/><G3/><T52/><D118/><U70/><E111/><V96/><F6/><W99/><G37/><T7/><D110/><U40/><E132/><V19/><F2/><W92/><G32/><T93/><D129/><U17/><E124/><N who="2" m="47691" /><F80/><W36/><G36/><T94/><D94/><U35/><E35/><V87/><F87/><W107/><G26/><T108/><D108/><U33/><E33/><V130/><F75/><W73/><G73/><T20/><D20/><U24/><REACH who="1" step="1"/><E70/><REACH who="1" ten="250,240,250,250" step="2"/><V128/><F128/><W42/><G42/><T133/><D133/><U120/><E120/><V49/><F130/><W9/><G63/><T74/><D74/><U116/><E116/><V5/><F41/><W46/><G46/><T102/><D102/><U43/><E43/><V122/><F122/><W51/><G51/><N who="2" m="19465" /><F115/><W1/><G1/><T109/><D109/><U91/><E91/><N who="2" m="55423" /><F112/><W105/><REACH who="3" step="1"/><G14/><REACH who="3" ten="250,240,250,240" step="2"/><T64/><REACH who="0" step="1"/><D55/><REACH who="0" ten="240,240,250,240" step="2"/><U85/><E85/><AGARI ba="0,3" hai="0,7,10,52,58,60,64,66,67,77,78,85,88,93" machi="85" ten="40,12000,1" yaku="1,1,2,1,54,2,53,1" doraHai="47" doraHaiUra="53" who="0" fromWho="1" sc="240,150,240,-120,250,0,240,0" /><INIT seed="0,1,0,5,1,86" ten="390,120,250,240" oya="0" hai0="130,15,105,67,129,92,50,124,108,119,59,39,91" hai1="52,14,82,46,57,123,126,73,125,88,134,100,22" hai2="60,64,45,51,4,76,114,77,135,32,2,72,117" hai3="16,95,1,9,74,41,5,56,65,55,12,42,11"/><T87/><D119/><U99/><E123/><V7/><F114/><W103/><G74/><T127/><D39/><U19/><E46/><V34/><F135/><W27/><G65/><T20/><D105/><U62/><E134/><V78/><F72/><W120/><G120/><T24/><D108/><U131/><E73/><V38/><F38/><W121/><G121/><T133/><D133/><U29/><E29/><V109/><F109/><W98/><REACH who="3" step="1"/><G27/><REACH who="3" ten="390,120,250,230" step="2"/><T70/><D70/><U44/><E44/><V23/><F64/><W47/><G47/><T66/><D66/><U31/><E31/><V132/><F45/><W53/><G53/><N who="0" m="32183" /><D67/><U79/><E79/><V85/><F78/><W116/><G116/><T113/><D113/><U75/><E75/><V93/><F77/><W49/><AGARI ba="1,1" hai="1,5,9,11,12,16,41,42,49,55,56,95,98,103" machi="49" ten="20,8000,1" yaku="1,1,0,1,7,1,54,1,53,1" doraHai="86" doraHaiUra="96" who="3" fromWho="3" sc="390,-41,120,-21,250,-21,230,93" /><INIT seed="1,0,0,1,5,127" ten="349,99,229,323" oya="1" hai0="99,71,88,135,17,19,113,18,36,50,40,75,34" hai1="13,81,134,93,9,12,46,63,10,131,62,69,118" hai2="3,119,16,80,103,11,107,20,91,95,43,111,24" hai3="60,59,120,128,74,53,56,47,94,124,79,39,65"/><U82/><E118/><V130/><F119/><W101/><G120/><T33/><D36/><U58/><E69/><V4/><F111/><W117/><G117/><T8/><D75/><U78/><E46/><V2/><F43/><W112/><G112/><T49/><D71/><U31/><E31/><V89/><F80/><W73/><G124/><T123/><D113/><U42/><E42/><V32/><F32/><W133/><G133/><T86/><D135/><U132/><E93/><V102/><F107/><W27/><G39/><T129/><D99/><U105/><E58/><V109/><F109/><W76/><G47/><T37/><D37/><U54/><E54/><V26/><F3/><W21/><G73/><T29/><D8/><U116/><E116/><V38/><F38/><W7/><G7/><T64/><D64/><U23/><E23/><V41/><F41/><W77/><G74/><T48/><D40/><U6/><E6/><V1/><F1/><W68/><G128/><T126/><D129/><U85/><E85/><V25/><F130/><W87/><G53/><T15/><D15/><U121/><E131/><V125/><F125/><W104/><G104/><T30/><D123/><U28/><E28/><N who="0" m="10857" /><D126/><U97/><E97/><N who="2" m="59711" /><F103/><W100/><G100/><T5/><D5/><U106/><REACH who="1" step="1"/><E78/><REACH who="1" ten="349,89,229,323" step="2"/><V83/><F91/><N who="3" m="53631" /><G101/><T96/><D86/><U110/><E110/><V0/><F89/><W114/><G114/><T57/><D57/><U90/><E90/><V98/><F20/><W92/><G92/><T55/><D55/><U52/><E52/><V14/><F4/><W72/><G72/><RYUUKYOKU ba="0,1" sc="349,10,89,10,229,-30,323,10" hai0="17,18,19,33,34,48,49,50,88,96" hai1="9,10,12,13,62,63,81,82,105,106,121,132,134" hai3="21,27,56,59,60,65,68,76,77,79" /><INIT seed="1,1,1,0,5,39" ten="359,99,199,333" oya="1" hai0="105,95,119,80,132,54,112,58,71,28,75,133,7" hai1="3,35,32,127,108,111,113,70,16,50,29,77,44" hai2="130,68,27,20,63,94,107,66,122,102,42,47,45" hai3="4,56,90,11,126,116,103,18,25,13,30,1,89"/><U60/><E3/><V8/><F122/><W6/><G116/><T5/><D105/><U19/><E77/><V36/><F130/><W17/><G126/><T55/><D71/><U67/><E127/><V49/><F107/><W87/><G103/><T64/><D119/><U76/><E76/><V41/><F8/><W43/><G4/><T53/><D28/><U0/><E0/><V84/><F84/><W88/><G43/><T78/><D112/><U74/><E74/><V131/><F131/><W62/><G1/><T110/><D110/><N who="1" m="42027" /><E113/><V52/><F52/><N who="0" m="20074" /><D64/><U92/><E92/><V120/><F120/><W98/><G98/><T9/><D95/><U128/><E128/><V15/><F15/><W46/><G46/><T81/><D9/><U85/><E85/><V93/><REACH who="2" step="1"/><F102/><REACH who="2" ten="359,99,189,333" step="2"/><W37/><G87/><T21/><D75/><U38/><E38/><V31/><AGARI ba="1,2" hai="20,27,31,36,41,42,45,47,49,63,66,68,93,94" machi="31" ten="20,12000,2" yaku="1,1,2,1,0,1,7,1,52,2,53,0" doraHai="39" doraHaiUra="96" who="2" fromWho="2" sc="359,-31,99,-61,189,143,333,-31" /><INIT seed="2,0,0,1,3,129" ten="328,38,332,302" oya="2" hai0="131,100,133,125,90,35,48,39,120,3,31,109,80" hai1="49,38,36,50,132,122,81,1,59,102,58,8,28" hai2="30,106,19,5,97,101,64,29,103,11,13,20,123" hai3="10,113,86,0,2,23,73,34,110,42,92,89,116"/><V32/><F123/><W108/><G116/><T71/><RYUUKYOKU type="yao9" ba="0,0" sc="328,0,38,0,332,0,302,0" hai0="3,31,35,39,48,71,80,90,100,109,120,125,131,133" /><INIT seed="2,1,0,3,3,108" ten="328,38,332,302" oya="2" hai0="107,100,9,10,51,31,38,12,77,41,39,113,72" hai1="1,25,63,117,7,115,26,127,89,33,59,124,28" hai2="45,47,44,82,20,74,86,119,57,5,2,79,78" hai3="132,109,111,8,118,56,13,104,76,110,30,84,116"/><V133/><F119/><W11/><G104/><T71/><D113/><U37/><E37/><V64/><F133/><W54/><G132/><T126/><D71/><U102/><E117/><V88/><F74/><W87/><G30/><T95/><D107/><U120/><E102/><V15/><F2/><W131/><G131/><T112/><D112/><U114/><E89/><V134/><F134/><W0/><G0/><T92/><D31/><N who="1" m="19695" /><E59/><V23/><F5/><W130/><G130/><T42/><D77/><N who="2" m="29194" /><F15/><W98/><G98/><T75/><D12/><U14/><E14/><V53/><F64/><W83/><G87/><T70/><D70/><U36/><E36/><V69/><F69/><W29/><G29/><T3/><D3/><U73/><E63/><AGARI ba="1,0" hai="20,23,44,45,47,53,57,63,82,86,88" m="29194" machi="63" ten="30,2900,0" yaku="8,1,54,1" doraHai="108" who="2" fromWho="1" sc="328,0,38,-32,332,32,302,0" /><INIT seed="2,2,0,3,1,128" ten="328,6,364,302" oya="2" hai0="72,26,90,28,17,43,70,97,114,98,41,78,87" hai1="13,12,127,23,66,0,134,1,46,27,86,56,33" hai2="29,83,77,40,102,10,111,131,132,48,69,75,21" hai3="113,81,49,109,25,73,52,116,122,115,3,118,8"/><V9/><F69/><W129/><G129/><T112/><D70/><U120/><E56/><V93/><F131/><W34/><G122/><T101/><D17/><U2/><E46/><V30/><F111/><W55/><G109/><T16/><D78/><U42/><E66/><V11/><F132/><W19/><G73/><T133/><D72/><U59/><E42/><N who="0" m="15881" /><D133/><U84/><E59/><V85/><F21/><W80/><G3/><T47/><D114/><U100/><E100/><V103/><F75/><W108/><G108/><T39/><D39/><U62/><E62/><V36/><F36/><W130/><G130/><T68/><D68/><U67/><E67/><V99/><F103/><W6/><G34/><T15/><D112/><N who="3" m="43081" /><G19/><T110/><D110/><U117/><E117/><N who="3" m="45162" /><G25/><T121/><D121/><U51/><E120/><V106/><F106/><W71/><G71/><T37/><D37/><U88/><E134/><V4/><F4/><W64/><G64/><T44/><D26/><U92/><E33/><V45/><AGARI ba="2,0" hai="9,10,11,29,30,40,45,48,77,83,85,93,99,102" machi="45" ten="30,3000,0" yaku="0,1,8,1" doraHai="128" who="2" fromWho="2" sc="328,-12,6,-12,364,36,302,-12" owari="316,12.0,-6,-51.0,400,50.0,290,-11.0" /></mjloggm>