<mjloggm ver="2.3"><GO type="169" lobby="0"/><UN n0="%6B%77%5F%67%69%66%75" n1="%E3%81%82%E3%81%96%E3%82%80%E3%81%8F%E3%82%93" n2="%E3%83%88%E3%83%88%E3%83%AA%E5%85%88%E7%94%9F%31%39%E6%AD%B3" n3="%E3%83%90%E3%83%90%E3%82%A2%E3%81%AE%E6%97%A5%E5%82%98" dan="16,16,17,17" rate="2056.20,2019.98,2206.33,2201.85" sx="M,M,F,F"/><TAIKYOKU oya="0"/><INIT seed="0,0,0,2,5,57" ten="250,250,250,250" oya="0" hai0="85,75,14,80,15,92,64,78,27,40,97,61,70" hai1="17,34,135,88,22,53,72,45,99,8,129,6,133" hai2="9,93,28,3,23,26,110,19,101,132,60,24,115" hai3="86,89,131,51,31,69,59,18,73,4,42,0,126"/><T111/><D111/><U49/><E72/><V48/><F115/><W74/><G69/><T90/><D40/><U7/><E34/><V10/><F110/><W119/><G31/><T98/><D97/><U108/><E108/><V105/><F105/><W128/><G4/><T96/><D96/><U58/><E129/><V67/><F132/><N who="1" m="50761" /><E8/><V121/><F121/><W66/><G0/><T87/><D85/><U91/><E45/><V112/><F112/><W16/><G119/><T123/><D123/><U52/><E53/><V109/><F3/><W127/><G73/><T116/><D116/><U43/><E43/><V63/><F109/><W106/><G106/><T36/><D36/><U107/><E107/><V30/><F67/><W39/><G39/><T102/><REACH who="0" step="1"/><D27/><REACH who="0" ten="240,250,250,250" step="2"/><N who="1" m="14799" /><E99/><N who="2" m="59631" /><F26/><W95/><G74/><T11/><D11/><U47/><E47/><V37/><F37/><W29/><G42/><T33/><D33/><U62/><E49/><V20/><F10/><W81/><G128/><T120/><D120/><U100/><E100/><V35/><F35/><W104/><G131/><T55/><D55/><U12/><E6/><V25/><F48/><W32/><G51/><T13/><D13/><AGARI ba="0,1" hai="9,13,19,20,23,24,25,28,30,60,63" m="59631" machi="13" ten="30,3900,0" yaku="8,1,52,2" doraHai="57" who="2" fromWho="0" sc="240,-39,250,0,250,49,250,0" /><INIT seed="1,0,0,0,3,101" ten="201,250,299,250" oya="1" hai0="31,13,0,116,8,92,84,51,123,106,65,90,102" hai1="134,11,86,127,126,82,119,69,63,68,19,121,56" hai2="4,95,61,57,16,59,100,23,47,12,122,55,78" hai3="132,113,120,115,14,21,18,38,91,73,62,24,108"/><U124/><E121/><V94/><F122/><W30/><G38/><T50/><D0/><U29/><E119/><V34/><F34/><W27/><G73/><T109/><D116/><U40/><E134/><V41/><F78/><W105/><G120/><T83/><D109/><U49/><E29/><V76/><F76/><W58/><G27/><T98/><D123/><U3/><E49/><N who="2" m="26863" /><F100/><W99/><G108/><T75/><D65/><U44/><E44/><V36/><F36/><W96/><G96/><T22/><D22/><U9/><E40/><V133/><F133/><W93/><G132/><T26/><D26/><U67/><E3/><V87/><F87/><W104/><G113/><T35/><D31/><U15/><REACH who="1" step="1"/><E9/><REACH who="1" ten="201,240,299,250" step="2"/><N who="2" m="4135" /><F59/><W5/><G115/><T33/><D33/><U6/><E6/><V79/><F79/><AGARI ba="0,1" hai="11,15,19,56,63,67,68,69,79,82,86,124,126,127" machi="79" ten="40,3900,0" yaku="1,1,18,1,53,0" doraHai="101" doraHaiUra="42" who="1" fromWho="2" sc="201,0,240,49,299,-39,250,0" /><INIT seed="1,1,0,4,3,109" ten="201,289,260,250" oya="1" hai0="82,23,117,62,17,101,44,135,29,131,112,75,69" hai1="9,100,91,110,123,122,72,26,83,70,74,124,92" hai2="81,71,86,5,68,14,114,41,97,28,6,51,77" hai3="60,126,20,3,78,108,130,12,48,132,58,43,128"/><U84/><E70/><V37/><F37/><W80/><G3/><T57/><D117/><U18/><E110/><V1/><F1/><W39/><G108/><T55/><D135/><U31/><E124/><V30/><F97/><W95/><G39/><T13/><D131/><N who="3" m="50217" /><G95/><T46/><D101/><U93/><E18/><V98/><F98/><W65/><G132/><T113/><D46/><U2/><E9/><N who="2" m="4399" /><F6/><W50/><G43/><T125/><D125/><U52/><E2/><V87/><F87/><W19/><G126/><T103/><D103/><U59/><E123/><V49/><F49/><W116/><G116/><T90/><D29/><N who="2" m="11370" /><F114/><W115/><G115/><T7/><D7/><U64/><E122/><V79/><F79/><W54/><G65/><T118/><D118/><U89/><E64/><V4/><F4/><W38/><G38/><T15/><D69/><U111/><E111/><V133/><F133/><W106/><G106/><T45/><D45/><AGARI ba="1,0" hai="41,45,51,68,71,77,81,86" m="11370,4399" machi="45" ten="30,1000,0" yaku="25,1" doraHai="109" who="2" fromWho="0" sc="201,-13,289,0,260,13,250,0" /><INIT seed="2,0,0,3,2,3" ten="188,289,273,250" oya="2" hai0="88,110,80,105,92,36,17,45,132,94,81,41,90" hai1="120,72,13,133,101,49,117,108,20,71,62,111,86" hai2="106,104,22,32,114,8,28,95,70,129,30,57,125" hai3="112,25,68,48,67,37,23,130,27,38,128,56,55"/><V78/><F114/><W39/><G112/><T118/><D105/><U87/><E72/><V34/><F70/><W131/><REACH who="3" step="1"/><G23/><REACH who="3" ten="188,289,273,240" step="2"/><T63/><D118/><U135/><E117/><V18/><F22/><W97/><G97/><T84/><D110/><U116/><E116/><V60/><F32/><W50/><G50/><T85/><D132/><N who="1" m="50763" /><E49/><V58/><F34/><W99/><G99/><T51/><D36/><U123/><E111/><V14/><F125/><W1/><G1/><T76/><D63/><AGARI ba="0,1" hai="25,27,37,38,39,48,55,56,63,67,68,128,130,131" machi="63" ten="50,3200,0" yaku="1,1,19,1,53,0" doraHai="3" doraHaiUra="10" who="3" fromWho="0" sc="188,-32,289,0,273,0,240,42" /><INIT seed="3,0,0,1,1,70" ten="156,289,273,282" oya="3" hai0="104,123,24,126,0,120,94,33,81,21,56,82,3" hai1="134,68,108,111,88,54,32,23,78,105,44,69,55" hai2="124,60,38,110,40,9,83,12,19,130,58,5,63" hai3="26,10,103,84,59,25,18,73,7,98,90,6,92"/><W122/><G73/><T27/><D104/><U74/><E32/><V100/><F110/><N who="1" m="42025" /><E105/><V87/><F130/><W36/><G122/><T119/><D119/><U97/><E134/><V121/><F124/><W42/><G6/><T41/><D126/><U65/><E23/><V71/><F121/><W61/><G18/><T135/><D21/><U129/><E129/><V102/><F71/><N who="1" m="27209" /><E65/><V37/><F40/><W106/><G42/><T15/><D41/><U131/><E131/><V53/><F63/><W2/><REACH who="3" step="1"/><G36/><REACH who="3" ten="156,289,273,272" step="2"/><T115/><D123/><U49/><E74/><V43/><F43/><W79/><G79/><T117/><D120/><U11/><E78/><V16/><F38/><W30/><G30/><T39/><D39/><U50/><E11/><V20/><F37/><W13/><G13/><T125/><D15/><U29/><E29/><V75/><F75/><W96/><G96/><T28/><D28/><U22/><E22/><V85/><F19/><W45/><G45/><T62/><D125/><U4/><E4/><V77/><F85/><W76/><G76/><T14/><D14/><AGARI ba="0,1" hai="5,9,12,14,16,20,53,58,60,77,83,87,100,102" machi="14" ten="30,3900,0" yaku="7,1,8,1,54,1" doraHai="70" who="2" fromWho="0" sc="156,-39,289,0,273,49,272,0" /><INIT seed="4,0,0,0,2,59" ten="117,289,322,272" oya="0" hai0="43,28,6,23,55,46,38,130,90,0,16,134,105" hai1="47,93,117,127,110,35,33,118,69,87,18,102,113" hai2="109,114,61,20,53,99,11,94,37,62,101,63,92" hai3="121,115,97,74,26,64,5,57,25,89,81,128,123"/><T2/><D105/><U103/><E110/><V71/><F109/><W112/><G5/><T84/><D134/><U86/><E127/><V98/><F37/><W78/><G128/><T125/><D125/><U22/><E69/><V100/><F114/><N who="3" m="43563" /><G89/><T65/><D130/><U56/><E113/><V15/><F20/><W67/><G97/><T41/><D41/><U31/><E47/><V107/><F107/><W17/><G67/><T106/><D106/><U4/><E4/><N who="2" m="3559" /><F71/><W50/><G17/><T3/><D28/><U124/><E124/><V45/><F45/><W19/><G19/><T40/><D40/><U122/><E122/><N who="3" m="46602" /><G50/><T8/><D55/><AGARI ba="0,0" hai="53,55,61,62,63,92,94,98,99,100,101" m="3559" machi="55" ten="30,7700,0" yaku="8,1,52,3" doraHai="59" who="2" fromWho="0" sc="117,-77,289,0,322,77,272,0" /><INIT seed="5,0,0,5,4,102" ten="40,289,399,272" oya="1" hai0="3,131,45,56,101,16,134,127,81,99,133,1,52" hai1="24,100,86,36,121,5,95,63,44,115,22,109,30" hai2="97,28,0,135,103,118,60,119,13,41,69,117,47" hai3="20,31,104,132,10,128,72,2,73,8,75,9,19"/><U25/><E121/><V112/><F0/><W26/><G128/><T11/><D81/><U54/><E115/><V106/><F135/><N who="0" m="51722" /><D45/><U68/><E5/><V122/><F13/><W76/><G132/><T55/><D127/><U29/><E109/><V48/><F122/><W110/><G110/><T129/><D55/><U27/><E68/><V126/><F126/><W50/><G2/><T57/><D57/><U113/><E113/><V90/><F112/><W88/><G104/><N who="0" m="63551" /><D16/><U92/><E36/><V61/><F69/><W40/><G76/><T120/><D120/><U105/><E105/><V74/><F74/><W79/><G79/><T49/><D11/><U125/><E125/><V70/><F70/><W43/><G19/><T98/><D98/><U38/><E38/><V96/><F28/><W32/><G20/><T15/><D15/><U39/><E39/><V65/><F65/><W89/><REACH who="3" step="1"/><G50/><REACH who="3" ten="40,289,399,262" step="2"/><T91/><D91/><AGARI ba="0,1" hai="8,9,10,26,31,32,40,43,72,73,75,88,89,91" machi="91" ten="50,6400,0" yaku="1,1,2,1,54,1,53,0" doraHai="102" doraHaiUra="46" who="3" fromWho="0" sc="40,-64,289,0,399,0,262,74" owari="-24,-52.0,289,-11.0,399,49.0,336,14.0" /></mjloggm>