<mjloggm ver="2.3"><GO type="97" lobby="0"/><UN n0="%61%76%72%69%76%61%61%76" n1="%6D%61%73%61%32%34" n2="%E3%83%98%E3%82%A4%E3%83%9C%E3%83%BC%E3%82%A4" n3="%E3%83%88%E3%83%88%E3%83%AA%E5%85%88%E7%94%9F%31%39%E6%AD%B3" dan="13,14,14,14" rate="1849.02,1854.28,1892.89,2039.58" sx="F,M,M,F"/><TAIKYOKU oya="0"/><INIT seed="0,0,0,3,2,120" ten="250,250,250,250" oya="0" hai0="45,31,32,81,15,106,123,134,111,121,57,24,6" hai1="86,43,109,135,93,59,18,71,108,72,46,88,30" hai2="70,38,61,65,122,97,74,96,55,52,51,124,58" hai3="27,133,76,19,10,13,44,28,56,48,127,69,102"/><T37/><D106/><U101/><E71/><V66/><F122/><W73/><G69/><T100/><D100/><U114/><E72/><V35/><F74/><W79/><G133/><T12/><D134/><U129/><E135/><V75/><F75/><W22/><G127/><T92/><D92/><U41/><E30/><V104/><F124/><W132/><G132/><T21/><D81/><U125/><E125/><V49/><F38/><W91/><G73/><T105/><D105/><U40/><E101/><V36/><F36/><W0/><G56/><T78/><D78/><U112/><E129/><V14/><F35/><W126/><G126/><T11/><D57/><U64/><E18/><V67/><F104/><W68/><G68/><T131/><D45/><U3/><E3/><V33/><F33/><W34/><G102/><T80/><D80/><U116/><E116/><V54/><F14/><N who="0" m="5162" /><D37/><U7/><E7/><V110/><F97/><W50/><G91/><T107/><D107/><U42/><N who="1" m="10752" /><DORA hai="117" /><U119/><E119/><V5/><F96/><W113/><G113/><N who="1" m="43626" /><E46/><N who="2" m="27703" /><F5/><N who="3" m="1319" /><G44/><T89/><D89/><U62/><AGARI ba="0,0" hai="59,62,64,86,88,93,108,109" m="43626,10752" machi="62" ten="50,8000,1" yaku="11,1,52,2,54,1" doraHai="120,117" who="1" fromWho="1" sc="250,-40,250,80,250,-20,250,-20" /><INIT seed="1,0,0,2,5,117" ten="210,330,230,230" oya="1" hai0="94,106,95,98,16,10,60,63,122,70,84,21,20" hai1="36,123,79,47,113,128,93,48,114,109,25,88,101" hai2="72,26,112,121,82,43,108,92,37,91,97,129,66" hai3="3,111,62,1,6,35,76,9,19,23,50,5,67"/><U41/><E79/><V100/><F112/><W42/><G35/><T24/><D106/><U74/><E74/><V99/><F108/><W68/><G111/><T90/><D70/><U124/><E109/><V55/><F66/><W40/><G76/><T81/><D122/><U52/><E101/><V44/><F129/><W57/><G68/><T69/><D69/><U77/><E77/><V15/><F26/><W4/><G50/><T8/><D21/><U30/><E128/><V110/><F110/><W61/><G61/><N who="0" m="23627" /><D94/><U104/><E104/><V65/><F65/><W13/><REACH who="3" step="1"/><G23/><REACH who="3" ten="210,330,230,220" step="2"/><T32/><D32/><U28/><E124/><V73/><F73/><W83/><G83/><T71/><D71/><U105/><E105/><V116/><F82/><W49/><G49/><T119/><D119/><U132/><E114/><V135/><F116/><W134/><G134/><T18/><D18/><U31/><E113/><V86/><F72/><W125/><G125/><T107/><D107/><U126/><E132/><V64/><F135/><W39/><G39/><T45/><D45/><U102/><E126/><V78/><F78/><AGARI ba="0,1" hai="8,10,16,20,24,78,81,84,90,95,98" m="23627" machi="78" ten="30,2000,0" yaku="8,1,54,1" doraHai="117" who="0" fromWho="2" sc="210,30,330,0,230,-20,220,0" /><INIT seed="2,0,0,3,0,20" ten="240,330,210,220" oya="2" hai0="127,58,68,85,32,66,124,118,132,36,51,87,108" hai1="79,91,26,126,40,93,105,101,44,116,64,99,75" hai2="1,47,102,0,17,52,5,14,100,13,74,28,92" hai3="48,123,95,61,106,135,86,113,8,4,25,62,125"/><V115/><F115/><W41/><G123/><T80/><D32/><U98/><E64/><V9/><F74/><W90/><G106/><T10/><D108/><U117/><E126/><N who="0" m="48169" /><D36/><U109/><E109/><V69/><F69/><W22/><G125/><T35/><D35/><U120/><E120/><V54/><F28/><W34/><G34/><T63/><D132/><U49/><E26/><V31/><F31/><W133/><G113/><T3/><D118/><U24/><REACH who="1" step="1"/><E24/><REACH who="1" ten="240,320,210,220" step="2"/><V82/><F1/><W12/><G135/><T78/><D3/><U43/><E43/><V15/><F0/><W30/><G133/><T81/><D10/><U18/><E18/><V131/><F14/><W119/><G119/><T16/><D16/><U39/><E39/><V89/><F131/><W42/><G42/><T19/><D19/><U111/><E111/><V110/><F110/><W50/><G41/><T37/><D37/><U114/><E114/><V71/><F71/><W94/><G12/><T77/><D68/><U11/><E11/><N who="2" m="6335" /><F54/><W134/><G134/><T122/><D122/><U57/><E57/><V70/><F70/><W129/><G129/><T45/><D45/><U104/><E104/><V103/><F52/><W107/><G107/><T128/><D128/><U56/><E56/><V33/><F47/><W23/><G8/><T84/><D51/><N who="3" m="19497" /><G4/><T21/><D21/><U73/><E73/><AGARI ba="0,1" hai="58,63,66,73,77,78,80,81,84,85,87" m="48169" machi="73" ten="30,1000,0" yaku="18,1" doraHai="20" who="0" fromWho="1" sc="240,20,320,-10,210,0,220,0" /><INIT seed="3,0,0,2,1,77" ten="260,310,210,220" oya="3" hai0="32,91,87,128,73,102,33,123,104,135,18,29,69" hai1="0,130,22,46,66,7,37,67,106,43,85,78,6" hai2="59,76,98,81,97,24,95,16,1,15,14,31,19" hai3="54,84,63,28,108,47,57,90,34,124,99,27,41"/><W112/><G124/><T120/><D69/><U55/><E106/><V60/><F1/><W131/><G131/><T75/><D135/><U122/><E130/><V125/><F125/><W80/><G108/><T23/><D128/><U105/><E122/><V82/><F76/><W96/><REACH who="3" step="1"/><G112/><REACH who="3" ten="260,310,210,210" step="2"/><T64/><D123/><U42/><E105/><V101/><F98/><W44/><G44/><T70/><D120/><U53/><E0/><V10/><F15/><W100/><G100/><T51/><D104/><U56/><E46/><V126/><F126/><W26/><G26/><T11/><D102/><U9/><E37/><AGARI ba="0,1" hai="27,28,34,37,41,47,54,57,63,80,84,90,96,99" machi="37" ten="30,11600,0" yaku="1,1,7,1,52,1,53,1" doraHai="77" doraHaiUra="36" who="3" fromWho="1" sc="260,0,310,-116,210,0,210,126" owari="260,6.0,194,-31.0,210,-19.0,336,44.0" /></mjloggm>