<mjloggm ver="2.3"><GO type="97" lobby="0"/><UN n0="%E5%B0%B1%E6%B4%BB%E7%94%9F%40%E5%B7%9D%E6%9D%91%E8%BB%8D%E5%9B%A3" n1="%E6%A8%99%E6%BA%96%E9%9B%80%E5%A3%AB" n2="%4B%2D%59%41%53" n3="%48%75%6D%61%6E%69%61" dan="15,14,14,15" rate="2065.90,1930.98,1886.37,1960.83" sx="M,M,M,M"/><TAIKYOKU oya="0"/><INIT seed="0,0,0,4,2,38" ten="250,250,250,250" oya="0" hai0="125,67,49,65,81,54,107,126,22,117,122,103,115" hai1="132,33,44,51,131,50,35,16,96,69,75,111,77" hai2="26,66,27,23,79,32,47,100,21,127,110,116,102" hai3="24,74,43,39,90,1,106,45,128,40,105,0,104"/><T3/><D3/><U94/><E69/><V129/><F110/><W31/><G128/><T37/><D117/><U92/><E111/><V25/><F129/><W121/><G90/><T80/><D115/><U14/><E131/><V98/><F127/><N who="0" m="48650" /><D37/><U2/><E2/><N who="3" m="1130" /><G43/><T91/><D122/><U62/><E132/><V10/><F116/><W13/><G13/><T86/><D22/><N who="2" m="8202" /><F32/><N who="3" m="20583" /><G121/><T61/><D61/><U87/><E75/><AGARI ba="0,0" hai="39,40,45,74,75,104,105,106" m="20583,1130" machi="75" ten="40,5200,0" yaku="33,2,52,1" doraHai="38" who="3" fromWho="1" sc="250,0,250,-52,250,0,250,52" /><INIT seed="1,0,0,2,4,18" ten="250,198,250,302" oya="1" hai0="60,43,89,100,10,52,70,2,58,72,80,57,134" hai1="75,42,63,95,93,82,33,32,124,104,73,96,74" hai2="98,109,127,23,13,130,56,27,17,69,99,9,14" hai3="94,76,4,101,126,108,119,103,92,131,132,88,37"/><U87/><E104/><V54/><F69/><W123/><G37/><T68/><D134/><U78/><E42/><V121/><F121/><W21/><G4/><T61/><D43/><U113/><E113/><V44/><F109/><W28/><G28/><T25/><D100/><U71/><E124/><V30/><F130/><W15/><G15/><T20/><D10/><U110/><E110/><V46/><F127/><W49/><G49/><T97/><D2/><U11/><E11/><V39/><F39/><W122/><G108/><T129/><D72/><U91/><REACH who="1" step="1"/><E93/><REACH who="1" ten="250,188,250,302" step="2"/><V48/><REACH who="2" step="1"/><F14/><REACH who="2" ten="250,188,240,302" step="2"/><W47/><G126/><T128/><D129/><U19/><E19/><V135/><F135/><W133/><G131/><T79/><D128/><U38/><E38/><V105/><F105/><W8/><G123/><T36/><D36/><U83/><E83/><V41/><F41/><W115/><G122/><T26/><D80/><U65/><AGARI ba="0,2" hai="32,33,63,65,71,73,74,75,78,82,87,91,95,96" machi="65" ten="40,3900,0" yaku="1,1,0,1,53,0" doraHai="18" doraHaiUra="55" who="1" fromWho="1" sc="250,-13,188,59,240,-13,302,-13" /><INIT seed="1,1,0,3,3,48" ten="237,247,227,289" oya="1" hai0="41,11,76,71,50,54,52,101,37,13,132,133,97" hai1="84,109,53,113,20,56,68,36,65,75,33,61,44" hai2="80,123,93,34,2,5,69,21,111,43,95,81,22" hai3="83,85,62,8,110,70,30,131,18,89,55,105,96"/><U60/><E75/><V31/><F123/><W94/><G110/><T77/><D71/><U57/><E33/><V67/><F111/><W102/><G30/><T73/><D37/><U66/><E20/><V32/><F43/><W117/><G131/><T51/><D73/><U58/><E84/><V112/><F5/><W98/><G117/><T128/><D128/><U121/><E109/><V126/><F2/><W72/><G8/><T114/><D41/><N who="1" m="22567" /><E121/><V35/><F67/><W1/><G70/><T108/><D108/><U127/><E113/><V119/><F69/><W103/><G1/><T99/><D114/><U16/><E16/><V134/><F112/><W3/><G3/><T4/><D77/><U122/><E122/><V28/><F35/><W23/><G62/><T124/><D76/><U42/><E127/><V6/><F6/><W90/><G72/><T63/><D63/><N who="1" m="40031" /><E42/><V15/><F15/><W45/><G103/><T129/><D129/><U82/><E82/><V115/><F115/><W40/><G40/><T106/><D99/><U0/><E0/><V12/><F12/><W92/><G105/><T59/><REACH who="0" step="1"/><D124/><REACH who="0" ten="227,247,227,289" step="2"/><U116/><E116/><V38/><F126/><W27/><G98/><T87/><D87/><U17/><E17/><V14/><F119/><W7/><G96/><T79/><D79/><U9/><E9/><V47/><F38/><W26/><G85/><T107/><D107/><U118/><E118/><V125/><F125/><W19/><G19/><T10/><D10/><U64/><E64/><V24/><F31/><W25/><G18/><T130/><D130/><RYUUKYOKU ba="1,1" sc="227,15,247,15,227,-15,289,-15" hai0="4,11,13,50,51,52,54,59,97,101,106,132,133" hai1="53,56,57,58,60,61,65" /><INIT seed="1,2,1,2,0,35" ten="242,262,212,274" oya="1" hai0="85,109,120,135,119,86,76,70,5,80,41,50,79" hai1="60,90,91,10,114,36,43,29,46,96,18,19,93" hai2="116,4,95,130,71,102,107,69,26,105,28,118,11" hai3="126,56,9,45,108,103,15,42,117,131,30,97,47"/><U34/><E114/><V104/><F95/><W44/><G30/><T57/><D70/><U73/><E73/><V1/><F130/><W128/><G108/><T101/><D119/><U94/><E10/><V74/><F102/><W22/><G22/><T66/><D120/><U51/><E36/><V121/><F74/><W8/><G117/><N who="2" m="45161" /><F121/><W67/><G8/><T133/><D109/><U87/><REACH who="1" step="1"/><E60/><REACH who="1" ten="242,252,212,274" step="2"/><V7/><F7/><W31/><G9/><T62/><D5/><U112/><E112/><V92/><F92/><W14/><G128/><T89/><D62/><U53/><E53/><V132/><F132/><W122/><G131/><T82/><D135/><U124/><E124/><V64/><F64/><W78/><G67/><T129/><D133/><U113/><E113/><V63/><F63/><W39/><G126/><T6/><D6/><U58/><E58/><V52/><F52/><W81/><G56/><T40/><D66/><U99/><E99/><V55/><F55/><W27/><G97/><T123/><D129/><U68/><E68/><V111/><F111/><W98/><G98/><T0/><D123/><U134/><E134/><V127/><F127/><W16/><G122/><T65/><D65/><U17/><E17/><V84/><F84/><W49/><G16/><T100/><D57/><U32/><E32/><AGARI ba="2,2" hai="1,4,11,26,28,32,69,71,104,105,107" m="45161" machi="32" ten="40,2600,0" yaku="23,1,52,1" doraHai="35" who="2" fromWho="1" sc="242,0,252,-32,212,52,274,0" /><INIT seed="2,0,0,2,5,83" ten="242,220,264,274" oya="2" hai0="122,80,54,134,0,90,110,22,49,88,62,66,3" hai1="51,97,71,95,59,11,130,89,53,101,69,21,120" hai2="126,31,17,84,43,119,64,34,127,45,118,61,112" hai3="108,98,116,16,68,70,39,85,81,102,25,18,57"/><V4/><F112/><W74/><G74/><T65/><D122/><U96/><E120/><V24/><F4/><W67/><G39/><T107/><D107/><U109/><E109/><V28/><F28/><W23/><G116/><T26/><D134/><U75/><E75/><V132/><F132/><W117/><G117/><T8/><D110/><U129/><E11/><V19/><F118/><W27/><G108/><T93/><D3/><U32/><E32/><V131/><F131/><W20/><G57/><N who="0" m="37071" /><D0/><U100/><E89/><N who="0" m="34409" /><D8/><U55/><E21/><V111/><F111/><W13/><G13/><T47/><D93/><U72/><E72/><V135/><F135/><W48/><G67/><T12/><D12/><U38/><E38/><N who="2" m="21751" /><F119/><W105/><G48/><T10/><D10/><U29/><E29/><V113/><F113/><W99/><G99/><T52/><D80/><U103/><E103/><V15/><F15/><W58/><G58/><T79/><D79/><AGARI ba="0,0" hai="16,18,20,23,25,27,68,70,79,81,85,98,102,105" machi="79" ten="30,7700,0" yaku="7,1,9,1,52,1,54,1" doraHai="83" who="3" fromWho="0" sc="242,-77,220,0,264,0,274,77" /><INIT seed="3,0,0,5,2,57" ten="165,220,264,351" oya="3" hai0="129,62,55,106,29,27,119,22,31,48,94,111,75" hai1="33,113,52,109,105,79,1,121,80,125,21,43,39" hai2="54,56,112,3,87,7,71,84,23,2,6,133,42" hai3="123,92,20,65,24,37,78,49,74,135,122,4,11"/><W35/><G37/><T8/><D106/><U77/><E1/><V114/><F71/><W134/><G35/><T130/><D75/><U34/><E121/><V97/><F56/><W70/><G49/><T116/><D31/><U53/><E105/><V59/><F59/><W47/><G47/><T18/><D111/><U12/><E113/><V36/><F54/><W61/><G92/><T126/><D126/><U30/><E109/><V110/><F23/><W60/><G60/><T58/><D8/><U108/><E108/><V82/><F110/><W15/><G78/><T104/><D104/><U46/><E125/><V72/><F97/><W127/><G74/><T91/><D29/><U14/><E33/><V107/><F72/><W83/><G83/><T118/><REACH who="0" step="1"/><D48/><REACH who="0" ten="155,220,264,351" step="2"/><N who="1" m="26719" /><E34/><V86/><F107/><W96/><G127/><T50/><D50/><U17/><E39/><V73/><F73/><W19/><G11/><T117/><N who="0" m="30208" /><DORA hai="5" /><T85/><AGARI ba="0,1" hai="18,22,27,55,58,62,85,91,94,129,130" m="30208" machi="85" ten="60,8000,1" yaku="1,1,4,1,0,1,52,1,53,1" doraHai="57,5" doraHaiUra="28,16" who="0" fromWho="0" sc="155,90,220,-20,264,-20,351,-40" owari="245,5.0,200,-30.0,244,-16.0,311,41.0" /></mjloggm>