<mjloggm ver="2.3"><GO type="169" lobby="0"/><UN n0="%E3%81%8B%E3%82%89%E3%83%BC%E3%81%9C" n1="%E7%90%B5%E7%90%B6%E5%AD%90%EF%BC%A0%E5%B7%9D%E6%9D%91%E8%BB%8D%E5%9B%A3" n2="%79%61%6D%69" n3="%E3%82%A6%E3%83%AB%E3%83%88%E3%83%A9%E7%AB%8B%E7%9B%B4" dan="16,16,16,17" rate="2114.90,2083.06,2159.78,2231.89" sx="M,M,M,M"/><TAIKYOKU oya="0"/><INIT seed="0,0,0,1,1,134" ten="250,250,250,250" oya="0" hai0="33,64,46,21,65,94,8,62,110,123,24,126,127" hai1="118,75,54,22,18,82,101,77,115,40,107,29,30" hai2="114,132,129,130,100,66,60,32,121,98,109,135,133" hai3="7,103,96,2,17,23,13,79,124,91,122,71,27"/><T12/><D123/><U117/><E115/><V102/><F32/><W131/><G71/><T16/><D110/><U104/><E40/><V120/><F114/><W119/><G79/><T20/><D46/><U86/><E75/><V19/><F19/><W95/><G119/><T15/><D33/><U14/><E107/><V76/><F109/><W45/><G122/><N who="2" m="47209" /><F76/><W59/><G131/><N who="2" m="50185" /><F98/><W3/><G45/><T83/><D83/><U63/><E117/><V39/><F39/><W67/><G124/><N who="0" m="47659" /><D94/><U112/><E112/><V37/><F37/><W87/><G2/><T106/><D106/><U116/><E116/><V93/><F93/><W35/><G3/><T31/><D62/><U9/><E104/><V28/><F60/><W36/><G35/><T11/><D11/><U108/><E9/><V111/><F111/><W90/><G36/><T53/><D53/><U80/><E80/><V58/><F135/><W1/><G1/><T105/><D105/><U42/><E108/><V78/><F133/><W49/><G95/><T34/><D34/><U47/><E118/><V25/><F132/><W70/><G103/><T0/><D0/><U74/><E101/><V44/><F44/><W52/><G52/><T41/><D41/><U55/><E55/><V81/><F81/><W57/><G90/><T113/><D113/><U92/><E54/><V88/><F88/><W4/><G91/><T48/><D48/><N who="1" m="26743" /><E63/><N who="2" m="38263" /><F78/><W89/><G89/><T84/><D84/><U73/><E92/><V128/><F128/><W99/><G87/><T68/><D68/><U43/><E43/><V38/><F38/><RYUUKYOKU ba="0,0" sc="250,10,250,10,250,10,250,-30" hai0="8,12,15,16,20,21,24,31,64,65" hai1="14,18,22,29,30,73,74,77,82,86" hai2="25,28,100,102" /><INIT seed="0,1,0,4,4,20" ten="260,260,260,220" oya="0" hai0="118,55,87,28,36,66,92,105,31,124,32,131,85" hai1="27,104,47,133,135,51,18,67,91,6,108,128,25" hai2="117,75,7,43,2,98,109,65,89,35,5,63,112" hai3="52,58,0,53,90,69,15,81,74,62,41,129,68"/><T1/><D55/><U17/><E104/><V83/><F35/><W72/><G0/><T82/><D92/><U26/><E108/><V111/><F112/><W97/><G129/><T115/><D66/><U54/><E128/><V40/><F98/><W70/><G41/><N who="2" m="15945" /><F2/><W56/><G15/><T10/><D82/><U126/><E126/><V34/><F34/><W4/><G4/><T38/><D131/><U21/><E6/><V60/><F60/><W77/><G72/><T95/><D32/><U88/><E67/><V125/><F125/><W64/><REACH who="3" step="1"/><G58/><REACH who="3" ten="260,260,260,210" step="2"/><T3/><D124/><U101/><E135/><V33/><F7/><W119/><G119/><T44/><D118/><U71/><E133/><V127/><F5/><W57/><G57/><T59/><D59/><U106/><E71/><N who="2" m="42431" /><F127/><W9/><G9/><T78/><D10/><U79/><E47/><V29/><F117/><W24/><G24/><T76/><D44/><U80/><E27/><N who="2" m="18623" /><F75/><W96/><G96/><T61/><D1/><U100/><E26/><V86/><F111/><W8/><G8/><T39/><D3/><U99/><E99/><V46/><F109/><W48/><G48/><T42/><D36/><U113/><E51/><V30/><F46/><W11/><G11/><T12/><D42/><U94/><E25/><V23/><F23/><W84/><G84/><T132/><D132/><U73/><E21/><V50/><F50/><W13/><G13/><T102/><D38/><U19/><E19/><V103/><F86/><W107/><G107/><T14/><D39/><U22/><E73/><V130/><F130/><RYUUKYOKU ba="1,1" sc="260,-10,260,-10,260,-10,210,30" hai3="52,53,56,62,64,68,69,70,74,77,81,90,97" /><INIT seed="1,2,1,3,4,2" ten="250,250,250,240" oya="1" hai0="36,135,29,88,92,120,130,35,27,66,61,115,71" hai1="11,52,55,74,25,72,0,64,93,39,21,5,76" hai2="82,133,132,45,97,31,8,13,91,102,62,7,98" hai3="37,32,59,125,38,26,112,87,110,16,122,80,65"/><U104/><E104/><V3/><F31/><W121/><G112/><T24/><D115/><U134/><E134/><N who="2" m="51819" /><F102/><W109/><G32/><T34/><D135/><U19/><E39/><V23/><F62/><N who="3" m="38111" /><G26/><T90/><D130/><U10/><E64/><V116/><F116/><W58/><G58/><T113/><D113/><U14/><E93/><V28/><F45/><W86/><G86/><T50/><D36/><U40/><E40/><V17/><F28/><W129/><G16/><T111/><D111/><N who="3" m="42505" /><G129/><T100/><D120/><N who="3" m="46185" /><G125/><T33/><D24/><U48/><E76/><AGARI ba="2,1" hai="37,38,76,80,87" m="46185,42505,38111" machi="76" ten="30,1000,0" yaku="14,1" doraHai="2" who="3" fromWho="1" sc="250,0,250,-16,250,0,240,26" /><INIT seed="2,0,0,4,1,118" ten="250,234,250,266" oya="2" hai0="16,69,2,75,127,10,122,27,53,64,73,68,113" hai1="54,9,106,60,93,17,133,35,58,134,42,89,98" hai2="105,108,0,30,81,70,52,80,94,50,23,37,121" hai3="71,44,101,83,29,95,74,61,33,117,26,25,56"/><V59/><F105/><W96/><G117/><T38/><D113/><U99/><E35/><V36/><F0/><W87/><G44/><T24/><D53/><U8/><E42/><V48/><F70/><W21/><G74/><T6/><D127/><U123/><E17/><V100/><F121/><W126/><G71/><T77/><D122/><U109/><E109/><V12/><F108/><W111/><G126/><T88/><D38/><U13/><E123/><V1/><F1/><W5/><G5/><T128/><D128/><U63/><E63/><N who="2" m="36327" /><F37/><W104/><G104/><T119/><D27/><U40/><E40/><V65/><F65/><W11/><G11/><T107/><D107/><U85/><E98/><N who="2" m="59479" /><F36/><W41/><G41/><T135/><D119/><U62/><E62/><V130/><F130/><W110/><G33/><T14/><D73/><U124/><E124/><V79/><F79/><W112/><G112/><T78/><D75/><U31/><E106/><V91/><F91/><W115/><G115/><T15/><D2/><U28/><E99/><V76/><F76/><N who="0" m="29290" /><D68/><U32/><E32/><V132/><F132/><N who="1" m="50793" /><E13/><V34/><F34/><W57/><G111/><T82/><D135/><U90/><E90/><V3/><F3/><W55/><G110/><T46/><D69/><U97/><E97/><V66/><F66/><W19/><G61/><T18/><D64/><U92/><E60/><V51/><F12/><N who="0" m="4650" /><D24/><AGARI ba="0,0" hai="23,24,30,48,50,51,80,81" m="59479,36327" machi="24" ten="30,2900,0" yaku="8,1,54,1" doraHai="118" who="2" fromWho="0" sc="250,-29,234,0,250,29,266,0" /><INIT seed="2,1,0,5,0,108" ten="221,234,279,266" oya="2" hai0="10,75,112,61,5,129,118,60,68,29,53,111,121" hai1="0,2,106,21,101,132,97,73,49,92,130,79,48" hai2="72,23,95,124,27,22,115,85,31,56,3,135,78" hai3="127,6,88,94,83,46,32,45,52,65,12,36,71"/><V114/><F3/><W113/><G32/><T98/><D111/><U100/><E130/><V96/><F72/><W7/><G127/><T67/><D121/><U14/><E132/><V15/><F124/><W102/><G36/><T59/><D129/><U20/><E73/><V66/><F135/><W50/><G71/><T40/><D118/><U57/><E79/><V126/><F126/><W90/><G65/><T69/><D75/><U41/><E2/><V110/><F110/><W89/><G113/><T11/><D112/><U35/><E35/><V38/><F38/><W80/><G46/><T63/><D29/><U26/><E0/><V62/><F85/><W82/><G12/><T51/><D40/><U8/><E41/><V133/><F78/><W34/><G34/><T105/><D69/><U43/><E43/><V93/><F93/><W104/><G104/><T55/><D55/><N who="1" m="31975" /><E49/><V87/><F87/><W86/><G86/><T74/><D74/><U131/><E21/><V76/><F76/><W64/><G64/><T99/><D11/><U81/><E81/><V107/><F107/><W18/><G18/><T16/><D5/><N who="1" m="3343" /><E131/><V128/><F128/><W25/><G25/><T109/><D109/><U117/><E106/><V4/><F133/><W120/><G120/><T70/><D70/><U54/><E54/><V122/><F122/><W30/><G30/><T44/><D105/><U1/><E1/><V9/><F23/><W13/><G13/><N who="0" m="7223" /><D68/><U77/><E77/><V33/><F33/><W19/><G19/><T28/><D28/><N who="1" m="17479" /><E117/><V119/><F119/><W91/><G102/><AGARI ba="1,0" hai="92,97,100,101,102" m="17479,3343,31975" machi="102" ten="30,2000,0" yaku="6,1,8,1" doraHai="108" who="1" fromWho="3" sc="221,0,234,23,279,0,266,-23" /><AGARI ba="1,0" hai="4,9,15,22,27,31,56,62,66,95,96,102,114,115" machi="102" ten="30,18000,2" yaku="6,1,7,1,25,2,52,2" doraHai="108" who="2" fromWho="3" sc="221,0,257,0,279,180,243,-180" /><INIT seed="2,2,0,4,3,130" ten="221,257,459,63" oya="2" hai0="93,65,73,25,122,55,8,128,82,16,39,104,70" hai1="68,101,2,94,22,134,46,49,95,99,23,87,105" hai2="96,40,21,41,133,37,20,61,85,89,19,81,30" hai3="121,88,123,1,33,36,56,18,97,51,64,47,103"/><V31/><F133/><W135/><G135/><T9/><D104/><U78/><E2/><V124/><F124/><W74/><G74/><T100/><D122/><U50/><E68/><V69/><F96/><W44/><G33/><T43/><D128/><U35/><E35/><V112/><F112/><W111/><G1/><T63/><D55/><U60/><E60/><V91/><F91/><W92/><G111/><T113/><D113/><U117/><E117/><V14/><F37/><W59/><G36/><T27/><D43/><U62/><E62/><V4/><F4/><W109/><G109/><T29/><D39/><U132/><E105/><V71/><F71/><W10/><G123/><T32/><D100/><U102/><E99/><V7/><F7/><W53/><G121/><T108/><D93/><U0/><E0/><V28/><REACH who="2" step="1"/><F21/><REACH who="2" ten="221,257,449,63" step="2"/><W114/><G114/><T66/><D108/><U15/><E78/><V79/><F79/><W120/><G120/><T125/><D125/><U72/><E23/><V106/><F106/><W42/><G103/><T54/><D70/><U3/><E22/><V45/><F45/><W76/><G76/><T13/><D32/><U116/><E46/><V17/><F17/><W67/><G47/><T119/><D16/><U129/><E102/><V26/><F26/><W127/><G127/><T84/><D25/><U11/><E101/><V83/><F83/><W80/><G80/><T5/><D27/><U52/><E132/><V90/><F90/><W118/><G118/><T86/><D119/><U12/><E134/><V34/><F34/><W98/><G88/><RYUUKYOKU ba="2,1" sc="221,-10,257,-10,449,30,63,-10" hai2="14,19,20,28,30,31,40,41,61,69,81,85,89" /><INIT seed="2,3,1,5,1,77" ten="211,247,479,53" oya="2" hai0="74,11,76,116,65,32,66,39,36,91,90,101,63" hai1="93,96,92,56,109,49,6,128,1,21,28,71,43" hai2="108,70,130,46,82,84,69,27,25,40,72,119,8" hai3="123,89,3,10,83,7,42,48,31,33,124,60,73"/><V114/><F119/><W104/><G123/><T44/><BYE who="3" /><D91/><U85/><E71/><V45/><F114/><W19/><G19/><T26/><D90/><UN n3="%E3%82%A6%E3%83%AB%E3%83%88%E3%83%A9%E7%AB%8B%E7%9B%B4" /><U112/><E112/><V75/><F8/><W81/><G124/><T17/><D17/><U87/><E1/><V122/><F122/><W79/><G104/><T68/><D66/><U59/><E6/><V88/><F130/><W2/><G2/><T98/><D116/><U20/><E128/><V58/><F108/><W57/><G31/><N who="0" m="19575" /><D11/><U86/><E109/><V16/><F27/><W41/><G33/><T14/><D14/><U97/><E28/><V13/><F58/><W121/><G48/><T0/><D0/><U54/><E43/><V105/><F105/><W132/><G132/><T99/><D99/><N who="1" m="37963" /><E59/><V35/><F35/><W5/><G5/><T127/><D127/><U37/><E37/><V9/><F25/><W120/><G121/><T135/><D135/><U67/><E67/><V12/><F12/><W52/><REACH who="3" step="1"/><G120/><REACH who="3" ten="211,247,479,43" step="2"/><T94/><D36/><U125/><E125/><V47/><REACH who="2" step="1"/><F40/><REACH who="2" ten="211,247,469,43" step="2"/><W129/><G129/><T30/><D30/><U113/><E113/><V24/><F24/><W23/><G23/><AGARI ba="3,3" hai="20,21,23,49,54,56,85,86,87,92,93" m="37963" machi="23" ten="30,1000,0" yaku="8,1" doraHai="77" who="1" fromWho="3" sc="211,0,247,49,469,0,43,-19" /><INIT seed="3,0,0,4,4,34" ten="211,296,469,24" oya="3" hai0="125,129,82,47,6,71,97,74,116,91,84,17,35" hai1="30,10,78,86,21,100,70,69,19,81,90,89,23" hai2="13,107,134,111,36,42,26,54,11,85,99,67,105" hai3="53,33,45,96,68,103,114,65,39,101,112,8,64"/><W118/><G118/><T121/><D35/><U14/><E100/><V49/><F67/><W57/><G33/><T130/><D71/><U98/><E98/><V43/><F26/><W48/><G8/><T66/><D66/><U79/><E79/><V119/><F119/><W124/><G65/><T18/><D116/><U63/><E63/><V46/><F111/><W15/><G15/><T76/><D121/><U92/><E70/><V102/><F134/><W20/><G20/><T38/><D125/><U73/><E69/><V16/><F85/><W2/><G124/><T126/><D126/><U127/><E127/><V133/><F133/><W12/><G12/><T41/><D97/><U25/><E89/><V58/><REACH who="2" step="1"/><F42/><REACH who="2" ten="211,296,459,24" step="2"/><N who="3" m="22751" /><G2/><T28/><D84/><U37/><E37/><V4/><F4/><W93/><G103/><T24/><D38/><U0/><E0/><V50/><F50/><W122/><G122/><T32/><D32/><AGARI ba="0,1" hai="10,14,19,21,23,25,30,32,73,78,81,86,90,92" machi="32" ten="30,1000,0" yaku="7,1" doraHai="34" who="1" fromWho="0" sc="211,-10,296,20,459,0,24,0" /><INIT seed="4,0,0,2,4,3" ten="201,316,459,24" oya="0" hai0="112,94,4,2,38,36,118,64,43,28,106,77,83" hai1="123,133,75,11,65,1,12,132,39,86,69,103,92" hai2="40,42,107,78,125,56,95,62,121,97,124,13,76" hai3="115,113,130,37,117,72,29,135,26,17,14,15,6"/><T20/><D118/><U61/><E75/><V108/><F107/><W71/><G72/><T82/><D106/><U68/><E123/><V34/><F34/><N who="3" m="20791" /><G37/><T126/><D112/><N who="3" m="43081" /><G71/><T46/><D126/><N who="2" m="48746" /><F13/><W80/><G80/><T120/><D120/><U32/><E32/><V18/><F18/><W100/><G100/><T52/><D64/><U79/><E1/><V87/><F108/><W54/><G54/><T81/><D36/><U109/><E39/><V9/><F9/><N who="3" m="4407" /><G117/><T90/><D77/><N who="2" m="29802" /><F87/><W84/><G84/><T5/><D2/><U30/><E69/><V96/><F121/><W85/><G85/><T129/><D52/><U57/><E68/><V21/><F97/><W98/><G98/><T47/><D47/><U116/><E116/><V49/><F49/><W59/><G59/><T27/><REACH who="0" step="1"/><D129/><REACH who="0" ten="191,316,459,24" step="2"/><U60/><E65/><V114/><F42/><W7/><G130/><T24/><D24/><U45/><E45/><V73/><F40/><W48/><G48/><T55/><D55/><U8/><E61/><V131/><F131/><W119/><G119/><T122/><D122/><U25/><E60/><V70/><F62/><W66/><G66/><T105/><D105/><U88/><E25/><V67/><F67/><W23/><G135/><T53/><D53/><U99/><E132/><V19/><F70/><W134/><G134/><T93/><D93/><U104/><E104/><V128/><F128/><W63/><G63/><T110/><D110/><U41/><E109/><V127/><F127/><W22/><G7/><T31/><D31/><U44/><E133/><V89/><F95/><RYUUKYOKU ba="0,1" sc="191,15,316,-15,459,-15,24,15" hai0="4,5,20,27,28,38,43,46,81,82,83,90,94" hai3="15,17,22,23" /><INIT seed="4,1,1,2,5,49" ten="206,301,444,39" oya="0" hai0="37,24,16,71,89,70,105,129,132,11,8,58,7" hai1="63,110,33,51,34,106,124,91,82,103,5,102,57" hai2="75,78,76,25,95,85,69,73,41,28,48,134,21" hai3="23,35,66,32,53,30,97,120,131,77,118,1,86"/><T100/><D37/><U54/><E110/><V108/><F69/><W126/><G118/><T56/><D132/><U55/><E124/><V112/><F108/><W6/><G126/><T99/><D129/><U98/><E103/><V22/><F134/><W74/><G74/><T130/><D130/><U61/><E61/><V14/><F73/><W46/><G131/><T94/><D71/><U27/><E5/><V87/><F75/><W67/><G120/><T59/><D70/><U52/><E27/><N who="2" m="16495" /><F14/><W93/><G1/><T114/><D114/><U65/><REACH who="1" step="1"/><E51/><REACH who="1" ten="206,291,444,39" step="2"/><V18/><F48/><N who="3" m="28823" /><G6/><T133/><D133/><U64/><E64/><V107/><F112/><W96/><G35/><T68/><D68/><U116/><E116/><V12/><F25/><N who="3" m="16703" /><G32/><T50/><D50/><U0/><E0/><V80/><F107/><W90/><G77/><T26/><D16/><U9/><E9/><V44/><F78/><W123/><G123/><T36/><D36/><U104/><E104/><V115/><F115/><W83/><G83/><T127/><D127/><U135/><E135/><V60/><F60/><W39/><G39/><T20/><D20/><U19/><E19/><V43/><F44/><W121/><G121/><T113/><D113/><U2/><E2/><V111/><F111/><W119/><G119/><T128/><D128/><U45/><E45/><V13/><F13/><W15/><G15/><N who="0" m="5535" /><D11/><U92/><E92/><V125/><F125/><W42/><G42/><T40/><D40/><U88/><E88/><AGARI ba="1,2" hai="12,18,22,41,43,76,80,85,87,88,95" m="16495" machi="88" ten="30,2000,0" yaku="8,1,54,1" doraHai="49" who="2" fromWho="1" sc="206,0,291,-23,444,43,39,0" /><INIT seed="5,0,0,5,5,81" ten="206,268,487,39" oya="1" hai0="102,70,25,42,17,124,135,76,128,79,52,49,59" hai1="38,118,19,132,105,116,54,134,92,100,98,117,126" hai2="47,104,83,88,120,3,77,24,99,107,62,112,27" hai3="23,26,73,133,71,4,57,91,39,129,82,72,11"/><U97/><E38/><V69/><F3/><W94/><G71/><T60/><D124/><U16/><E54/><V125/><F47/><W96/><G129/><T122/><D128/><U2/><E2/><V0/><F0/><W18/><G133/><N who="1" m="51306" /><E126/><V61/><F120/><W113/><G39/><T55/><D135/><U110/><E110/><V34/><F125/><W10/><G113/><T115/><D115/><U41/><E41/><V58/><F69/><W56/><G73/><T29/><D122/><U48/><E48/><V46/><F46/><W7/><G72/><T40/><D102/><AGARI ba="0,0" hai="16,19,92,97,98,100,102,105,116,117,118" m="51306" machi="102" ten="40,3900,0" yaku="20,1,54,1" doraHai="81" who="1" fromWho="0" sc="206,-39,268,39,487,0,39,0" /><INIT seed="5,1,0,0,0,86" ten="167,307,487,39" oya="1" hai0="123,23,122,64,94,48,74,51,113,52,17,99,11" hai1="49,107,60,70,131,20,92,102,43,21,62,106,101" hai2="39,25,42,40,110,50,66,15,76,27,67,85,120" hai3="31,112,69,73,34,53,132,26,56,63,2,115,32"/><U37/><E37/><V9/><F39/><W44/><G73/><T105/><D113/><U118/><E118/><V24/><F110/><W78/><G2/><T89/><D74/><U61/><E70/><V45/><F120/><N who="0" m="46122" /><D105/><U126/><E126/><V135/><F135/><W1/><G1/><T12/><D64/><N who="2" m="24618" /><F76/><W38/><G69/><T10/><D48/><U75/><E75/><V58/><F85/><W96/><G132/><T59/><AGARI ba="1,0" hai="10,11,12,17,23,51,52,59,89,94,99" m="46122" machi="59" ten="30,4000,0" yaku="13,1,52,1,54,1" doraHai="86" who="0" fromWho="0" sc="167,43,307,-21,487,-11,39,-11" /><INIT seed="6,0,0,2,4,64" ten="210,286,476,28" oya="2" hai0="108,17,97,133,23,123,95,124,96,59,129,42,26" hai1="52,117,98,30,3,122,101,32,34,19,48,87,24" hai2="93,63,79,80,77,14,107,15,119,53,16,75,110" hai3="28,132,7,135,128,2,56,85,8,78,49,21,134"/><V25/><F107/><W67/><G85/><T5/><D108/><U27/><E117/><V106/><F106/><W100/><G78/><T44/><D123/><U99/><E122/><V43/><F119/><W39/><G100/><T54/><D124/><U40/><E40/><V50/><F110/><W104/><G104/><T88/><D133/><N who="3" m="34049" /><W58/><DORA hai="70" /><G39/><T12/><D129/><U71/><E3/><V131/><F131/><W4/><G128/><T105/><D105/><U109/><E109/><V130/><F130/><W11/><G67/><T82/><D82/><U72/><E72/><V103/><F63/><W83/><G83/><T120/><D120/><U118/><E87/><V94/><F43/><W20/><G49/><N who="0" m="26775" /><D5/><N who="3" m="2121" /><G2/><T47/><D47/><U86/><E86/><V76/><F75/><W61/><G61/><N who="0" m="36087" /><D97/><U1/><E1/><V68/><F80/><W38/><G38/><T22/><D22/><N who="3" m="8809" /><G28/><T37/><D37/><U10/><E30/><V112/><F103/><W65/><G65/><T74/><D74/><U121/><E101/><V114/><F79/><W6/><N who="3" m="2129" /><W73/><DORA hai="41" /><G73/><T127/><D127/><U91/><E98/><V18/><F77/><W62/><G62/><T46/><D46/><U102/><E102/><V90/><F76/><W116/><G116/><T29/><D29/><U60/><E99/><V0/><F0/><W33/><G33/><T111/><D111/><U69/><E34/><V51/><F94/><W57/><AGARI ba="0,0" hai="8,11,56,57,58" m="8809,2129,34049" machi="57" ten="60,7900,0" yaku="28,2,20,1" doraHai="64,70,41" who="3" fromWho="3" sc="210,-20,286,-20,476,-39,28,79" /><INIT seed="7,0,0,4,4,65" ten="190,266,437,107" oya="3" hai0="41,66,50,121,105,14,98,134,123,114,88,116,19" hai1="79,38,61,52,51,24,2,37,30,129,48,111,45" hai2="25,94,107,99,16,46,67,69,110,23,22,120,109" hai3="81,62,75,28,59,36,132,128,54,33,10,92,26"/><W60/><G128/><T90/><D116/><U11/><E111/><V70/><F107/><W73/><G132/><T106/><D134/><U87/><E61/><V1/><F1/><W80/><G36/><T102/><D106/><U130/><E79/><V93/><F67/><W89/><G10/><T84/><D114/><U103/><E103/><V27/><F46/><W17/><G17/><T9/><D90/><U0/><E87/><V8/><F8/><W101/><G101/><T34/><D34/><N who="1" m="20807" /><E48/><V113/><F113/><W68/><G62/><T86/><D86/><U43/><E11/><V104/><F104/><W4/><G4/><T64/><D64/><U29/><E29/><V47/><F47/><W6/><G6/><T83/><D66/><U35/><E35/><V78/><F78/><W40/><G40/><T31/><D31/><U131/><E37/><V55/><F55/><W125/><G125/><T58/><D41/><U3/><E3/><V124/><F124/><W5/><G5/><T12/><D12/><U127/><E127/><V91/><F120/><W118/><G118/><T63/><D63/><U44/><AGARI ba="0,0" hai="0,2,38,43,44,45,51,52,129,130,131" m="20807" machi="44" ten="40,2700,0" yaku="19,1,54,1" doraHai="65" who="1" fromWho="1" sc="190,-7,266,27,437,-7,107,-13" owari="183,-22.0,293,9.0,430,54.0,94,-41.0" /></mjloggm>