<mjloggm ver="2.3"><GO type="169" lobby="0"/><UN n0="%E7%BD%AE%E5%82%98" n1="%65%6E%6B%61%69%73%6D" n2="%E5%B0%B1%E6%B4%BB%E7%94%9F%40%E5%B7%9D%E6%9D%91%E8%BB%8D%E5%9B%A3" n3="%E5%9B%BD%E5%A2%83%E3%81%AE%E5%8D%97" dan="17,16,16,16" rate="2246.35,2098.48,2037.26,2107.44" sx="M,M,M,M"/><TAIKYOKU oya="0"/><INIT seed="0,0,0,5,0,58" ten="250,250,250,250" oya="0" hai0="93,6,46,94,132,116,84,80,56,26,0,86,109" hai1="103,60,106,8,76,29,133,35,124,30,113,78,104" hai2="3,4,114,1,47,110,18,97,89,7,21,126,105" hai3="83,13,131,96,17,118,74,107,125,32,61,101,49"/><T38/><D116/><U88/><E124/><V24/><F114/><W119/><G125/><T52/><D132/><U63/><E113/><V36/><F126/><W128/><G32/><T117/><D117/><U108/><E35/><V69/><F110/><W40/><G119/><T66/><D109/><U122/><E108/><V62/><F3/><W51/><G118/><T59/><D26/><U127/><E127/><V19/><F1/><W42/><G51/><T120/><D120/><U129/><E8/><V71/><F19/><W134/><G134/><T43/><D6/><U111/><E111/><V54/><F71/><W45/><G42/><T91/><D0/><U130/><E133/><V81/><F105/><W95/><G107/><T44/><D66/><U75/><E75/><V37/><F37/><W67/><G83/><T28/><D28/><U90/><REACH who="1" step="1"/><E103/><REACH who="1" ten="250,240,250,250" step="2"/><V22/><F22/><W123/><G74/><T92/><REACH who="0" step="1"/><D86/><REACH who="0" ten="240,240,250,250" step="2"/><U34/><E34/><V33/><F33/><W73/><G73/><T68/><D68/><U9/><E9/><V41/><F69/><W121/><G121/><AGARI ba="0,2" hai="29,30,60,63,76,78,88,90,104,106,121,122,129,130" machi="121" ten="25,12000,2" yaku="1,1,22,2,52,2,54,1,53,0" doraHai="58" doraHaiUra="16" who="1" fromWho="3" sc="240,0,240,140,250,0,250,-120" /><INIT seed="1,0,0,2,0,131" ten="240,380,250,130" oya="1" hai0="44,101,46,103,77,97,9,59,91,2,34,28,126" hai1="29,58,122,40,49,43,89,130,12,51,70,36,107" hai2="98,3,124,10,47,80,50,69,73,60,13,5,105" hai3="35,99,85,79,14,75,86,82,32,23,41,118,31"/><U19/><E122/><V72/><F124/><W100/><G118/><T55/><D126/><U24/><E70/><V133/><F133/><W17/><G41/><T114/><D77/><U68/><E68/><V129/><F129/><W66/><G66/><T39/><D114/><U116/><E116/><V109/><F109/><W119/><G119/><T81/><D39/><U112/><E112/><V26/><F3/><W92/><G31/><T38/><D28/><U65/><E36/><V53/><F26/><W125/><G125/><T64/><D64/><U63/><E107/><V94/><F105/><W0/><G0/><T18/><D34/><U8/><E130/><V42/><F80/><W117/><G117/><T123/><D123/><U110/><E110/><V115/><F115/><W121/><G121/><T33/><D33/><U71/><E89/><V76/><F76/><W111/><G111/><T7/><D18/><U48/><REACH who="1" step="1"/><E71/><REACH who="1" ten="240,370,250,130" step="2"/><V84/><F69/><W1/><G79/><T21/><D38/><U102/><E102/><V127/><F127/><W16/><G100/><T134/><D103/><U104/><E104/><V4/><F73/><W15/><G75/><T11/><D101/><U113/><E113/><V135/><F72/><W128/><G128/><T106/><D106/><U54/><E54/><V88/><F84/><W52/><G86/><T37/><D37/><U20/><AGARI ba="0,1" hai="8,12,19,20,24,29,40,43,48,49,51,58,63,65" machi="20" ten="30,11700,0" yaku="1,1,0,1,8,1,53,1" doraHai="131" doraHaiUra="62" who="1" fromWho="1" sc="240,-39,370,127,250,-39,130,-39" /><INIT seed="1,1,0,3,2,46" ten="201,497,211,91" oya="1" hai0="118,21,0,74,87,51,62,91,83,6,112,65,124" hai1="75,54,12,110,5,61,36,116,123,117,64,72,59" hai2="57,10,73,9,102,70,101,81,25,133,7,103,2" hai3="50,48,76,127,52,53,8,22,132,35,78,104,47"/><U31/><E123/><V108/><F70/><W114/><G114/><T106/><D112/><U63/><E36/><V60/><F133/><W55/><G35/><T67/><D118/><U99/><E31/><V113/><F113/><W42/><G104/><T77/><D106/><U121/><E121/><V82/><F108/><W13/><G132/><T28/><D124/><U96/><E110/><V29/><F10/><W34/><G34/><T94/><D6/><U95/><E72/><V45/><F73/><W1/><G1/><T119/><D0/><U79/><E75/><V128/><F128/><W44/><G22/><T43/><D119/><U68/><E79/><N who="3" m="30250" /><G127/><T4/><D4/><AGARI ba="1,0" hai="4,8,13,42,44,47,48,50,52,53,55" m="30250" machi="4" ten="30,7700,0" yaku="8,1,52,2,54,1" doraHai="46" who="3" fromWho="0" sc="201,-80,497,0,211,0,91,80" /><INIT seed="2,0,0,0,3,6" ten="121,497,211,171" oya="2" hai0="61,57,35,1,67,114,42,68,108,66,71,29,53" hai1="99,75,133,87,74,19,109,79,51,104,24,14,93" hai2="15,134,119,31,43,127,33,41,105,91,55,3,34" hai3="54,117,11,17,45,8,129,82,9,124,5,101,120"/><V49/><F119/><W32/><G117/><T46/><D114/><U113/><E109/><V100/><F3/><W50/><G120/><T40/><D1/><U116/><E116/><V111/><F111/><W110/><G110/><T62/><D29/><U26/><E133/><V44/><F134/><W16/><G32/><T97/><D35/><U4/><E104/><V64/><F127/><W30/><G124/><T126/><D108/><U37/><E37/><V80/><F64/><W47/><G129/><T118/><D126/><U69/><E69/><V132/><F132/><W52/><G30/><T25/><D25/><U83/><E75/><V73/><F33/><W78/><G101/><T65/><D118/><U27/><E74/><V94/><F31/><W56/><G5/><T60/><D97/><U86/><E4/><V18/><F34/><W0/><G0/><T98/><D98/><U89/><E113/><V2/><F2/><W7/><G7/><T23/><D23/><U58/><E99/><N who="2" m="59511" /><F73/><W92/><G92/><T20/><D20/><N who="1" m="11383" /><E24/><V84/><F105/><W22/><G22/><AGARI ba="0,0" hai="15,18,22,41,43,44,49,55,80,84,91" m="59511" machi="22" ten="30,1500,0" yaku="8,1" doraHai="6" who="2" fromWho="3" sc="121,0,497,0,211,15,171,-15" /><INIT seed="2,1,0,4,3,91" ten="121,497,226,156" oya="2" hai0="131,130,5,95,59,68,39,133,62,11,51,55,60" hai1="13,42,10,96,23,3,100,34,123,71,21,98,17" hai2="53,112,69,0,104,29,41,67,33,81,102,4,122" hai3="106,99,65,64,83,61,120,7,82,31,93,119,20"/><V54/><F122/><W72/><G119/><T15/><D133/><U111/><E34/><V127/><F112/><W101/><G120/><T107/><D107/><U121/><E71/><V134/><F134/><W27/><G7/><T105/><D105/><U80/><E111/><V48/><F127/><W12/><G12/><T24/><D39/><U109/><E109/><V110/><F110/><W49/><G106/><T92/><D24/><U86/><E42/><V115/><F115/><W90/><G72/><T25/><D25/><U128/><E128/><N who="0" m="49193" /><D68/><U87/><E3/><V126/><F29/><W97/><G97/><T63/><AGARI ba="1,0" hai="5,11,15,51,55,59,60,62,63,92,95" m="49193" machi="63" ten="30,4000,0" yaku="19,1,52,2" doraHai="91" who="0" fromWho="0" sc="121,43,497,-11,226,-21,156,-11" /><INIT seed="3,0,0,3,0,17" ten="164,486,205,145" oya="3" hai0="130,95,19,26,39,11,119,117,16,37,61,99,44" hai1="31,126,85,10,91,105,52,57,78,5,134,120,94" hai2="116,84,67,90,41,73,54,79,62,60,101,123,132" hai3="125,33,21,112,64,108,118,127,111,24,45,135,82"/><W58/><G112/><T59/><D130/><U9/><E126/><N who="3" m="48138" /><G118/><T29/><D19/><U65/><E134/><V4/><F116/><W53/><G135/><T72/><D72/><U83/><E105/><V18/><F132/><W77/><G33/><T6/><D119/><U81/><E120/><V14/><F123/><W47/><G64/><T27/><D44/><U114/><E114/><V66/><F73/><N who="3" m="43311" /><G111/><T124/><D117/><U3/><E65/><V97/><F79/><W36/><G36/><T113/><D113/><U70/><E70/><V93/><F41/><W69/><G69/><T107/><D107/><U88/><E9/><V46/><F4/><W109/><G109/><T71/><D71/><U2/><E2/><V63/><F54/><W106/><G106/><T87/><D124/><U40/><E40/><V96/><F46/><W35/><G35/><T68/><D68/><U129/><E129/><V102/><F67/><W104/><G104/><T56/><D87/><U1/><E1/><V42/><F42/><W34/><G34/><T22/><D27/><U50/><E31/><V128/><F66/><W74/><G74/><T49/><D49/><U86/><E94/><V76/><F128/><W55/><G55/><N who="0" m="33951" /><D29/><U131/><E131/><V0/><F0/><W13/><G108/><T100/><D59/><U92/><E92/><V51/><F51/><N who="3" m="31039" /><G13/><N who="0" m="5367" /><D100/><N who="2" m="38506" /><F76/><AGARI ba="0,0" hai="3,5,10,50,52,57,76,78,81,83,85,86,88,91" machi="76" ten="30,7700,0" yaku="7,1,9,1,54,2" doraHai="17" who="1" fromWho="2" sc="164,0,486,77,205,-77,145,0" /><INIT seed="4,0,0,5,3,43" ten="164,563,128,145" oya="0" hai0="104,54,95,64,67,57,58,93,79,107,50,61,62" hai1="132,39,66,83,20,19,35,69,106,131,15,2,124" hai2="22,94,105,109,8,7,126,113,133,6,129,46,4" hai3="27,12,128,97,80,96,130,85,1,40,72,92,52"/><T23/><D79/><U18/><E106/><V90/><F105/><W49/><G1/><T34/><D34/><U87/><E124/><V111/><F126/><W63/><G40/><T75/><D75/><U37/><E35/><V17/><F129/><N who="3" m="49771" /><G63/><T127/><D127/><U81/><E2/><V117/><F117/><W3/><G3/><T36/><D36/><U14/><E132/><V33/><F133/><W98/><G12/><T99/><D23/><U118/><E131/><V82/><F113/><W55/><G27/><T26/><D26/><U51/><E118/><V38/><F33/><W47/><G72/><T41/><D41/><U102/><E102/><V71/><F71/><W74/><G74/><T135/><D135/><U9/><E66/><V78/><F8/><W91/><G55/><T0/><D0/><U76/><E69/><V24/><F38/><W29/><G29/><T134/><D134/><U28/><E28/><V100/><F100/><AGARI ba="0,0" hai="47,49,52,80,85,91,92,96,97,98,100" m="49771" machi="100" ten="30,3900,0" yaku="19,1,52,1,54,1" doraHai="43" who="3" fromWho="2" sc="164,0,563,0,128,-39,145,39" /><INIT seed="5,0,0,0,4,17" ten="164,563,89,184" oya="1" hai0="84,62,92,52,80,119,96,45,122,75,116,95,2" hai1="29,8,100,20,105,37,12,76,31,4,53,28,113" hai2="47,120,11,121,97,33,66,114,103,50,51,98,58" hai3="115,90,56,104,67,102,135,106,81,69,128,79,82"/><U88/><E37/><V36/><F33/><W10/><G69/><T73/><D2/><U19/><E113/><V59/><F114/><W130/><G135/><T22/><D122/><U14/><E76/><V68/><F11/><W43/><G43/><T49/><D62/><U89/><E105/><V27/><F68/><W3/><G102/><T54/><D54/><U34/><E100/><V108/><F108/><W87/><G115/><T112/><D112/><U46/><E34/><V109/><F109/><W63/><G10/><T133/><D133/><U16/><E4/><V83/><F83/><W70/><G70/><T25/><D119/><U91/><E46/><V18/><F36/><W85/><REACH who="3" step="1"/><G3/><REACH who="3" ten="164,563,89,174" step="2"/><T72/><D116/><U57/><REACH who="1" step="1"/><E31/><REACH who="1" ten="164,553,89,174" step="2"/><V111/><F103/><W40/><G40/><T1/><D1/><U124/><E124/><V23/><F111/><W64/><G64/><T99/><D99/><U125/><E125/><V71/><F66/><W127/><G127/><T39/><D96/><U7/><E7/><V107/><F98/><W32/><G32/><T60/><D39/><U30/><E30/><V24/><F107/><AGARI ba="0,2" hai="56,63,67,79,81,82,85,87,90,104,106,107,128,130" machi="107" ten="40,1300,0" yaku="1,1,53,0" doraHai="17" doraHaiUra="65" who="3" fromWho="2" sc="164,0,553,0,89,-13,174,33" /><INIT seed="6,0,0,3,5,0" ten="164,553,76,207" oya="2" hai0="16,67,75,110,36,94,62,48,19,23,99,91,111" hai1="43,121,100,25,32,102,14,122,40,117,126,86,72" hai2="83,95,17,81,50,34,108,27,51,46,77,6,115" hai3="22,37,31,109,1,133,125,8,87,33,39,129,68"/><V5/><F108/><W61/><G87/><T76/><D36/><U9/><E117/><V90/><F115/><W128/><G22/><T113/><D113/><U85/><E72/><V130/><F130/><W73/><G73/><T49/><D111/><U105/><E126/><V134/><F134/><W21/><G21/><T84/><D75/><U4/><E32/><V97/><F50/><W127/><G133/><T2/><D2/><U30/><E85/><N who="2" m="48303" /><F34/><W135/><G109/><T71/><D110/><U66/><E86/><N who="2" m="50527" /><F27/><N who="3" m="18687" /><G135/><T104/><D19/><U106/><E106/><V18/><F17/><W13/><G1/><T92/><D104/><U15/><E105/><V119/><F119/><W56/><G68/><T101/><REACH who="0" step="1"/><D76/><REACH who="0" ten="154,553,76,207" step="2"/><U93/><E122/><V11/><F18/><N who="3" m="8487" /><G37/><T82/><D82/><U41/><E121/><V124/><F124/><N who="3" m="47691" /><G39/><T88/><D88/><U47/><E102/><N who="2" m="60735" /><F11/><W60/><G129/><T42/><D42/><AGARI ba="0,1" hai="5,6,42,46,51" m="60735,50527,48303" machi="42" ten="30,5800,0" yaku="8,1,52,2" doraHai="0" who="2" fromWho="0" sc="154,-58,553,0,76,68,207,0" /><INIT seed="6,1,0,4,2,75" ten="96,553,144,207" oya="2" hai0="3,119,34,93,100,38,10,35,81,16,53,102,8" hai1="14,36,128,97,21,124,104,89,59,13,118,4,25" hai2="46,15,107,23,9,129,135,71,43,58,86,121,57" hai3="96,64,117,109,62,22,72,60,127,55,73,32,66"/><V45/><F86/><W90/><G32/><T68/><D68/><U79/><E36/><V133/><F107/><W26/><G109/><T20/><D38/><U87/><E59/><N who="2" m="22539" /><F23/><W74/><G55/><T41/><D41/><U134/><E21/><V101/><F101/><W40/><G40/><T83/><D119/><U0/><E87/><V63/><F121/><W80/><G127/><T94/><D53/><U6/><E4/><V54/><F129/><W92/><G117/><T125/><D20/><U33/><E0/><V49/><F15/><W65/><REACH who="3" step="1"/><G80/><REACH who="3" ten="96,553,144,197" step="2"/><T27/><D125/><U99/><E33/><V39/><F9/><W18/><AGARI ba="1,1" hai="18,22,26,60,62,64,65,66,72,73,74,90,92,96" machi="18" ten="40,5200,0" yaku="1,1,2,1,0,1,53,0" doraHai="75" doraHaiUra="116" who="3" fromWho="3" sc="96,-14,553,-14,144,-27,197,65" /><INIT seed="7,0,0,4,2,102" ten="82,539,117,262" oya="3" hai0="92,127,74,59,122,105,84,76,62,97,36,88,33" hai1="18,1,123,133,131,113,121,98,12,28,87,43,13" hai2="73,86,125,41,132,46,72,117,112,63,99,128,61" hai3="54,20,80,96,4,39,66,89,77,22,75,53,7"/><W10/><G39/><T90/><D122/><U106/><E13/><V115/><F117/><W21/><G66/><T57/><D127/><U65/><E87/><V126/><F132/><W52/><G10/><T24/><D36/><U119/><E43/><V45/><F86/><W19/><G19/><T69/><D74/><U94/><E94/><V37/><F99/><W120/><G120/><T130/><D130/><U56/><E12/><V32/><F32/><W135/><G135/><T93/><D76/><U49/><E56/><V95/><F95/><W110/><G110/><T103/><D69/><U91/><E49/><V5/><F5/><W134/><G134/><T81/><D62/><N who="2" m="23562" /><F128/><W3/><G3/><T50/><D50/><U44/><E91/><V64/><F64/><W2/><G2/><T6/><D6/><U40/><E44/><N who="2" m="23599" /><F72/><W30/><G30/><T17/><D81/><U79/><E113/><N who="2" m="43595" /><F73/><W129/><G129/><T67/><D67/><U55/><E55/><V38/><F38/><W8/><G8/><T48/><D48/><U71/><E40/><V116/><F116/><W70/><G89/><T27/><D33/><U100/><E18/><V118/><F118/><W15/><G15/><T35/><D24/><U109/><E109/><V29/><F29/><W104/><G4/><T23/><D35/><U82/><E71/><V107/><F107/><W108/><G7/><T47/><D47/><AGARI ba="0,0" hai="45,46,47,125,126" m="43595,23599,23562" machi="47" ten="30,3900,0" yaku="15,1,34,2" doraHai="102" who="2" fromWho="0" sc="82,-39,539,0,117,39,262,0" owari="43,-46.0,539,64.0,156,-24.0,262,6.0" /></mjloggm>