<mjloggm ver="2.3"><GO type="169" lobby="0"/><UN n0="%E3%82%A6%E3%83%AB%E3%83%88%E3%83%A9%E7%AB%8B%E7%9B%B4" n1="%E3%82%A2%E3%82%AB%E3%82%AE%EF%BC%A0%E5%B7%9D%E6%9D%91%E8%BB%8D%E5%9B%A3" n2="%65%72%61%6E%76%69%74%61" n3="%79%6F%74%31%32%33" dan="17,17,16,16" rate="2179.41,2204.92,2097.36,2071.21" sx="M,M,M,M"/><TAIKYOKU oya="0"/><INIT seed="0,0,0,3,2,19" ten="250,250,250,250" oya="0" hai0="69,42,2,107,101,10,79,70,46,13,123,131,38" hai1="36,35,129,97,40,29,73,33,55,121,113,25,98" hai2="12,49,34,27,64,59,122,105,110,135,47,76,6" hai3="120,20,24,43,7,60,126,90,74,4,124,37,30"/><T80/><D123/><U83/><E121/><V115/><F110/><W112/><G112/><T75/><D13/><U57/><E113/><V82/><F105/><W16/><G120/><T22/><D131/><U3/><E129/><V62/><F115/><W32/><G74/><T31/><D22/><U91/><E35/><V132/><F122/><W118/><G118/><T88/><D88/><U102/><E3/><V95/><F95/><W104/><G104/><T103/><D103/><U117/><E117/><V54/><F6/><W61/><G43/><T109/><D31/><U44/><E102/><V5/><F5/><N who="3" m="2123" /><G37/><T51/><D51/><U130/><E130/><V23/><F12/><N who="3" m="9223" /><G90/><T45/><D10/><U71/><E71/><N who="0" m="27145" /><D46/><U53/><E73/><V96/><F34/><W127/><AGARI ba="0,0" hai="24,30,32,60,61,124,126,127" m="9223,2123" machi="127" ten="40,5200,0" yaku="18,1,52,1,54,1" doraHai="19" who="3" fromWho="3" sc="250,-26,250,-13,250,-13,250,52" /><INIT seed="1,0,0,5,3,92" ten="224,237,237,302" oya="1" hai0="26,45,123,66,55,101,87,13,119,121,57,15,8" hai1="58,9,104,2,51,52,30,70,105,82,85,42,18" hai2="93,116,106,31,75,16,5,132,131,112,83,107,90" hai3="38,78,98,124,65,6,39,62,34,88,72,96,120"/><U1/><E70/><V29/><F116/><W133/><G120/><N who="0" m="46155" /><D119/><U84/><E30/><V27/><F5/><W36/><G34/><T69/><D45/><U59/><E42/><V80/><F112/><W41/><G41/><T17/><D26/><U20/><E59/><V127/><F29/><W111/><G6/><T21/><D101/><U135/><E85/><V114/><F114/><W128/><G111/><T99/><D87/><U91/><E135/><V108/><F108/><W77/><G128/><T50/><D66/><U32/><E32/><V115/><F131/><W23/><G124/><T76/><D76/><U56/><E56/><V126/><F132/><W134/><G23/><T28/><D69/><U14/><REACH who="1" step="1"/><E20/><REACH who="1" ten="224,227,237,302" step="2"/><N who="2" m="13703" /><F31/><W10/><G133/><T19/><D28/><U81/><E81/><N who="2" m="31307" /><F115/><W125/><G134/><T100/><D57/><U22/><E22/><V122/><F122/><W117/><G117/><T53/><D50/><U7/><E7/><V79/><F75/><W118/><G118/><T24/><D24/><U47/><E47/><V102/><F127/><W89/><G125/><T4/><D4/><U43/><E43/><V48/><F126/><W49/><G49/><T44/><D44/><U35/><E35/><V129/><F48/><W95/><G72/><T94/><AGARI ba="0,1" hai="8,13,15,17,19,21,53,55,94,99,100" m="46155" machi="94" ten="30,2000,0" yaku="13,1,52,1" doraHai="92" who="0" fromWho="0" sc="224,30,227,-10,237,-5,302,-5" /><INIT seed="2,0,0,0,1,67" ten="254,217,232,297" oya="2" hai0="83,119,107,32,109,16,97,41,82,122,30,35,126" hai1="37,14,43,36,10,47,2,96,118,76,38,39,87" hai2="112,79,111,44,45,124,98,89,6,48,116,80,17" hai3="20,1,66,27,25,69,103,117,104,50,135,125,128"/><V22/><F116/><W29/><G1/><T74/><D122/><U123/><E118/><V53/><F112/><W129/><G117/><T23/><D119/><U110/><E110/><V56/><F124/><W101/><G125/><T51/><D126/><U42/><E123/><V100/><F111/><W121/><G135/><T127/><D127/><U40/><E2/><V113/><F6/><W60/><G121/><T132/><D132/><U115/><E115/><V34/><F34/><W75/><G75/><T105/><D109/><U68/><E68/><V102/><F89/><W99/><G103/><T28/><D41/><U92/><E87/><V19/><F19/><W64/><G64/><T49/><D23/><U72/><E76/><V70/><F70/><W46/><REACH who="3" step="1"/><G27/><REACH who="3" ten="254,217,232,287" step="2"/><T57/><D74/><U8/><E72/><V88/><F102/><W90/><G90/><T84/><D107/><U12/><E39/><V0/><F0/><W94/><G94/><T120/><D105/><U106/><E106/><V73/><F113/><W63/><G63/><T131/><D120/><U31/><E36/><V77/><F77/><W58/><G58/><T4/><D57/><U134/><E134/><V15/><F88/><W114/><G114/><T86/><D83/><U11/><E38/><V5/><F5/><W71/><G71/><T7/><D82/><U52/><E37/><V26/><F26/><W3/><G3/><T91/><D91/><U62/><E62/><V24/><F24/><W21/><G21/><T108/><D4/><U61/><E61/><V133/><F133/><W9/><G9/><RYUUKYOKU ba="0,1" sc="254,-15,217,-15,232,15,287,15" hai2="15,17,22,44,45,48,53,56,73,79,80,98,100" hai3="20,25,29,46,50,60,66,69,99,101,104,128,129" /><INIT seed="2,1,1,0,1,26" ten="239,202,247,302" oya="2" hai0="122,9,5,124,89,126,34,63,114,65,106,68,27" hai1="25,111,18,40,74,24,10,15,46,130,78,102,71" hai2="57,123,97,17,79,21,54,76,83,47,131,37,30" hai3="120,132,108,35,115,36,134,33,50,2,135,3,29"/><V80/><F123/><W59/><G36/><T96/><D114/><U84/><E71/><V20/><F131/><W129/><G59/><T93/><D122/><U43/><E130/><V64/><F37/><W55/><G120/><T73/><D73/><U121/><E121/><V39/><F39/><W6/><G129/><T42/><D42/><U60/><E74/><V7/><F7/><W72/><G72/><T28/><REACH who="0" step="1"/><D106/><REACH who="0" ten="229,202,247,302" step="2"/><U75/><E43/><V101/><F64/><W22/><G115/><T112/><D112/><U105/><E75/><V67/><F67/><W66/><G66/><T88/><D88/><U56/><E105/><V91/><F91/><W92/><G55/><T100/><D100/><U12/><E102/><V128/><F101/><W87/><G108/><T44/><D44/><U58/><E111/><V31/><F47/><W4/><G132/><T81/><D81/><N who="2" m="31306" /><F128/><W53/><G134/><T13/><AGARI ba="1,2" hai="5,9,13,27,28,34,63,65,68,89,93,96,124,126" machi="13" ten="30,4000,0" yaku="1,1,0,1,52,1,53,0" doraHai="26" doraHaiUra="113" who="0" fromWho="0" sc="229,63,202,-11,247,-21,302,-11" /><INIT seed="3,0,0,0,0,49" ten="292,191,226,291" oya="3" hai0="132,51,78,105,92,15,125,56,31,6,118,8,2" hai1="28,3,11,72,46,12,39,33,42,111,121,1,97" hai2="71,62,80,48,50,27,94,69,43,13,32,104,40" hai3="110,134,112,122,45,113,67,101,123,124,30,108,96"/><W126/><G30/><T63/><D105/><U98/><E121/><N who="3" m="46090" /><G67/><T26/><D118/><U17/><E72/><V100/><F32/><W79/><G79/><T60/><D125/><N who="3" m="48233" /><G45/><T93/><D132/><U10/><E111/><N who="3" m="42538" /><G134/><T130/><D78/><U66/><E66/><V64/><F64/><W106/><AGARI ba="0,0" hai="96,101,106,112,113" m="42538,48233,46090" machi="106" ten="40,18000,2" yaku="18,1,14,1,10,1,23,1,34,2" doraHai="49" who="3" fromWho="3" sc="292,-60,191,-60,226,-60,291,180" /><INIT seed="3,1,0,2,4,3" ten="232,131,166,471" oya="3" hai0="95,48,82,78,33,53,18,133,66,35,111,107,73" hai1="67,126,55,118,15,74,114,80,71,135,51,25,96" hai2="129,54,28,26,21,47,115,87,50,106,24,58,44" hai3="16,83,112,7,117,52,132,64,84,0,59,45,41"/><W122/><G112/><T124/><D107/><U61/><E114/><V65/><F106/><W103/><G117/><T79/><D66/><U39/><E118/><V4/><F115/><W94/><G64/><T11/><D79/><U92/><E39/><V27/><F129/><W12/><G132/><T69/><D69/><U134/><E126/><V120/><F120/><W70/><G70/><T125/><D111/><U77/><E25/><N who="2" m="9835" /><F65/><W101/><G7/><T60/><D60/><U19/><E19/><V116/><F116/><W30/><G0/><T88/><D133/><U36/><E15/><V17/><F4/><W100/><G30/><T113/><D113/><U104/><E36/><V91/><F17/><W13/><G13/><T130/><D130/><U42/><E42/><V119/><F119/><W123/><G123/><T37/><D37/><U8/><E8/><V90/><F90/><N who="3" m="51487" /><G45/><N who="0" m="27791" /><D11/><U62/><E104/><V32/><F32/><W23/><G41/><T1/><D1/><U110/><E110/><V46/><F46/><W43/><G43/><T49/><D18/><U85/><E74/><V121/><F121/><W68/><G68/><T108/><D108/><U56/><REACH who="1" step="1"/><E62/><REACH who="1" ten="232,121,166,471" step="2"/><V89/><F27/><W14/><G12/><T63/><D63/><U75/><E75/><V5/><F28/><W72/><G72/><T86/><D49/><U9/><E9/><V128/><F50/><N who="3" m="31127" /><G122/><T6/><D6/><U57/><E57/><V99/><F58/><W109/><G109/><T76/><D125/><U2/><E2/><V131/><F128/><W105/><G105/><T40/><D124/><RYUUKYOKU ba="1,1" sc="232,-15,121,15,166,-15,471,15" hai1="51,55,56,61,67,71,77,80,85,92,96,134,135" hai3="14,16,23,94,100,101,103" /><INIT seed="3,2,1,1,1,11" ten="217,136,151,486" oya="3" hai0="91,96,128,51,126,89,122,80,14,92,109,111,119" hai1="40,27,12,26,132,54,88,60,123,110,86,57,64" hai2="95,47,18,37,39,117,102,49,35,31,29,30,10" hai3="77,28,74,43,130,75,97,134,78,121,19,118,24"/><W69/><G118/><T48/><D122/><U53/><E123/><V133/><F117/><W101/><G69/><T106/><D119/><U73/><E73/><V116/><F35/><W59/><G75/><T104/><D126/><U32/><E110/><N who="0" m="41993" /><D128/><U93/><E132/><V81/><F133/><W63/><G130/><T22/><D22/><U5/><E40/><V120/><F120/><W23/><G74/><T125/><D125/><U25/><E32/><V38/><F81/><W2/><G2/><T103/><D14/><U34/><E34/><V58/><F116/><W1/><G1/><T36/><D36/><U65/><E65/><V98/><F58/><W6/><G6/><T82/><D48/><U62/><E62/><V115/><F115/><W67/><G134/><T21/><D21/><U61/><E61/><V13/><REACH who="2" step="1"/><F39/><REACH who="2" ten="217,136,141,486" step="2"/><W33/><G121/><T3/><D82/><U56/><REACH who="1" step="1"/><E57/><REACH who="1" ten="217,126,141,486" step="2"/><V87/><F87/><W45/><G33/><T68/><D68/><U113/><E113/><V94/><F94/><W16/><G59/><T107/><D51/><U41/><E41/><AGARI ba="2,3" hai="10,13,18,29,30,31,37,38,41,47,49,95,98,102" machi="41" ten="40,2600,0" yaku="1,1,52,1,53,0" doraHai="11" doraHaiUra="124" who="2" fromWho="1" sc="217,0,126,-32,141,62,486,0" /><INIT seed="4,0,0,1,2,61" ten="217,94,203,486" oya="0" hai0="132,122,115,131,117,10,70,35,64,114,106,77,69" hai1="94,24,63,90,40,57,43,105,48,88,2,95,29" hai2="52,30,16,111,42,8,13,81,79,56,7,119,3" hai3="85,100,68,59,44,12,34,109,75,113,78,66,9"/><T21/><D122/><U120/><E105/><V124/><F111/><W128/><G34/><T121/><D121/><U71/><E2/><V93/><F124/><W32/><G32/><T116/><D35/><U87/><E71/><V72/><F119/><W98/><G75/><T58/><D106/><U23/><E48/><V129/><F129/><W96/><G68/><N who="0" m="26219" /><D77/><U99/><REACH who="1" step="1"/><E120/><REACH who="1" ten="217,84,203,486" step="2"/><V83/><F3/><W36/><G109/><T22/><D117/><U5/><E5/><V47/><F7/><W17/><G36/><T74/><D116/><U133/><E133/><V18/><F42/><W1/><G1/><T55/><D132/><U134/><E134/><V41/><F41/><W25/><G128/><T92/><D131/><U54/><AGARI ba="0,1" hai="23,24,29,40,43,54,57,63,87,88,90,94,95,99" machi="54" ten="20,8000,1" yaku="1,1,0,1,7,1,8,1,54,1,53,0" doraHai="61" doraHaiUra="62" who="1" fromWho="1" sc="217,-40,84,90,203,-20,486,-20" /><INIT seed="5,0,0,0,0,81" ten="177,174,183,466" oya="1" hai0="73,18,17,8,24,3,95,59,2,113,132,122,10" hai1="86,52,108,35,15,43,22,120,112,36,91,130,124" hai2="75,64,56,13,14,110,39,133,62,50,23,109,31" hai3="11,134,44,93,111,63,77,104,53,58,9,40,105"/><U55/><E120/><V68/><F75/><W49/><G111/><T28/><D73/><U72/><E35/><V98/><F133/><W66/><G134/><T82/><D82/><N who="1" m="49623" /><E72/><V79/><F79/><W135/><G77/><T88/><D59/><U78/><E36/><V6/><F39/><W85/><G104/><T1/><D132/><U84/><E108/><V71/><F71/><W129/><G105/><T70/><D70/><U121/><E121/><V60/><F50/><N who="3" m="26887" /><G129/><T119/><D119/><U26/><E130/><V65/><F6/><W114/><G114/><T128/><D128/><U89/><E78/><V41/><F41/><W116/><G116/><T97/><D122/><U46/><E112/><V101/><F110/><W127/><G127/><T76/><D76/><U33/><E33/><V21/><F109/><W107/><G107/><T94/><D113/><U32/><E32/><V92/><REACH who="2" step="1"/><F21/><REACH who="2" ten="177,174,173,466" step="2"/><W25/><G135/><T102/><D3/><U131/><E131/><V123/><F123/><W48/><G49/><T74/><D2/><U16/><E124/><V80/><F80/><W126/><G48/><T5/><D74/><U19/><E43/><V125/><F125/><W96/><G126/><T20/><D10/><N who="1" m="6263" /><E46/><V100/><F100/><W83/><G11/><T4/><D4/><U69/><E69/><V27/><AGARI ba="0,1" hai="13,14,23,27,31,56,60,62,64,65,68,92,98,101" machi="27" ten="30,7900,0" yaku="1,1,0,1,25,2,53,0" doraHai="81" doraHaiUra="106" who="2" fromWho="2" sc="177,-20,174,-39,173,89,466,-20" /><INIT seed="6,0,0,0,1,95" ten="157,135,262,446" oya="2" hai0="38,43,133,97,9,116,10,120,134,14,88,21,66" hai1="86,12,73,123,52,108,0,125,23,35,40,115,37" hai2="77,33,128,60,6,69,131,20,127,30,1,75,76" hai3="124,36,112,121,90,93,113,53,111,54,135,132,103"/><V101/><F33/><W51/><G36/><T50/><D38/><U62/><E73/><V82/><F77/><W107/><G124/><T39/><D39/><U13/><E35/><V17/><F30/><W96/><G111/><T84/><D120/><U49/><E0/><V80/><F82/><W32/><G121/><T85/><D66/><U81/><E108/><V104/><F17/><W59/><G54/><T26/><D116/><U83/><E123/><V63/><F20/><W78/><G78/><T109/><D109/><U64/><E125/><V31/><F31/><W126/><G32/><T15/><D50/><U70/><E115/><N who="3" m="44106" /><G126/><T24/><D43/><U11/><E23/><V4/><F127/><W91/><G91/><T8/><D21/><U117/><E117/><V18/><F76/><W7/><G7/><T74/><D74/><U122/><E122/><V2/><F4/><W67/><G67/><T45/><D8/><U89/><E11/><V28/><F75/><W105/><G105/><T41/><D41/><U119/><E119/><V65/><F104/><W129/><G129/><T42/><D42/><U46/><REACH who="1" step="1"/><E83/><REACH who="1" ten="157,125,262,446" step="2"/><V92/><F80/><W99/><AGARI ba="0,1" hai="51,53,59,90,93,96,99,103,107,132,135" m="44106" machi="99" ten="30,7900,0" yaku="15,1,11,1,52,2" doraHai="95" who="3" fromWho="3" sc="157,-20,125,-20,262,-39,446,89" /><INIT seed="7,0,0,1,3,18" ten="137,105,223,535" oya="3" hai0="100,32,66,53,62,86,67,107,51,57,118,94,132" hai1="80,54,35,112,14,41,97,19,91,59,23,125,44" hai2="61,13,36,131,129,74,40,88,135,105,34,117,55" hai3="83,109,7,72,27,30,48,6,64,75,3,25,81"/><W128/><G64/><N who="0" m="38991" /><D107/><U38/><E35/><V31/><F74/><W115/><G109/><T90/><D32/><U108/><E108/><V134/><F105/><W68/><G115/><T119/><D119/><U124/><E112/><V47/><F117/><W77/><G128/><N who="2" m="49225" /><F34/><W28/><G48/><T20/><D118/><U22/><E97/><V95/><F31/><W65/><G65/><N who="0" m="24587" /><D132/><U9/><E91/><V98/><F13/><W99/><G99/><T73/><D73/><U52/><E80/><V10/><F10/><W111/><G111/><T96/><D20/><N who="1" m="7723" /><E59/><AGARI ba="0,0" hai="36,40,47,55,59,61,88,95,98,134,135" m="49225" machi="59" ten="30,2000,0" yaku="19,1,54,1" doraHai="18" who="2" fromWho="1" sc="137,0,105,-20,223,20,535,0" owari="137,-26.0,85,-41.0,243,4.0,535,63.0" /></mjloggm>