<mjloggm ver="2.3"><GO type="97" lobby="0"/><UN n0="%E3%82%B5%E3%82%A4%E3%82%B3%54%61%32" n1="%E3%81%8D%E3%82%93%E3%81%8E%E3%82%87%E2%98%86" n2="%E5%B0%B1%E6%B4%BB%E7%94%9F%40%E5%B7%9D%E6%9D%91%E8%BB%8D%E5%9B%A3" n3="%43%52%63%68%61%6E" dan="13,15,14,13" rate="1896.78,1989.14,1975.44,1883.87" sx="M,F,M,M"/><TAIKYOKU oya="0"/><INIT seed="0,0,0,4,4,43" ten="250,250,250,250" oya="0" hai0="56,29,72,12,13,54,26,125,8,110,78,100,90" hai1="19,45,27,122,119,42,39,128,47,28,89,86,48" hai2="41,73,116,25,105,94,53,9,91,85,95,31,98" hai3="35,129,2,113,38,112,1,15,108,17,58,3,101"/><T75/><D78/><U121/><E119/><V7/><F73/><W74/><G101/><T65/><D65/><U51/><E19/><V111/><F116/><W109/><G74/><T59/><D100/><U33/><E128/><V83/><F111/><N who="3" m="42571" /><G58/><T66/><D110/><U32/><E32/><V6/><F41/><W61/><G61/><T69/><D69/><U49/><REACH who="1" step="1"/><E47/><REACH who="1" ten="250,240,250,250" step="2"/><V24/><F7/><W84/><G129/><T37/><D125/><U21/><E21/><V71/><F6/><W34/><G38/><T81/><D37/><U46/><E46/><V117/><F117/><W107/><G107/><T114/><D59/><U57/><E57/><V82/><F31/><W93/><G35/><T60/><D29/><U104/><E104/><V130/><F105/><W36/><G34/><T92/><D56/><U0/><E0/><V131/><F131/><W62/><G36/><T118/><D118/><U68/><E68/><V63/><F130/><W135/><G3/><T80/><D114/><U134/><E134/><V70/><F70/><W87/><G2/><T123/><D123/><U106/><E106/><V120/><F120/><W14/><G1/><T20/><D20/><U88/><E88/><N who="2" m="55623" /><F71/><W77/><G135/><T50/><D90/><U79/><E79/><V11/><F11/><W22/><G113/><T16/><D8/><U132/><E132/><V40/><F9/><W97/><G112/><T30/><D16/><U52/><E52/><V96/><F40/><W76/><G22/><T115/><D115/><U103/><E103/><V18/><F91/><W55/><G77/><RYUUKYOKU ba="0,1" sc="250,-10,240,30,250,-10,250,-10" hai1="27,28,33,39,42,45,48,49,51,86,89,121,122" /><INIT seed="1,1,1,2,4,2" ten="240,270,240,240" oya="1" hai0="131,59,48,22,95,118,130,60,69,67,86,107,126" hai1="28,26,0,61,81,85,29,65,91,4,113,68,73" hai2="114,43,11,10,24,99,17,49,98,54,96,15,66" hai3="39,82,36,74,64,5,72,115,70,135,9,119,25"/><U103/><E113/><V94/><F114/><W33/><G115/><T1/><D107/><U102/><E73/><N who="3" m="28266" /><G82/><T13/><D118/><U106/><E106/><V32/><F43/><W56/><G56/><T128/><D126/><U127/><E127/><V62/><F32/><W105/><G105/><T27/><D1/><U18/><E18/><V79/><F79/><W30/><G119/><T52/><D13/><U100/><REACH who="1" step="1"/><E26/><REACH who="1" ten="240,260,240,240" step="2"/><V34/><F24/><W101/><G25/><T117/><D117/><U50/><E50/><V112/><F112/><W57/><G39/><T38/><D38/><U111/><E111/><V77/><F17/><W71/><G36/><T41/><D131/><U8/><AGARI ba="1,2" hai="0,4,8,28,29,61,65,68,81,85,91,100,102,103" machi="8" ten="30,6000,0" yaku="1,1,0,1,52,1,53,0" doraHai="2" doraHaiUra="21" who="1" fromWho="1" sc="240,-21,260,83,240,-21,240,-21" /><INIT seed="1,2,0,3,2,128" ten="219,343,219,219" oya="1" hai0="72,20,132,17,92,60,108,53,73,6,74,110,127" hai1="25,124,4,85,21,1,38,41,112,99,71,134,27" hai2="5,33,109,104,125,13,121,14,45,123,81,69,39" hai3="36,118,55,62,98,57,87,40,34,2,102,105,126"/><U70/><E112/><V77/><F69/><W50/><G118/><T113/><D127/><U61/><E124/><V3/><F33/><W107/><G126/><T78/><D113/><U131/><E25/><V47/><F125/><W23/><G34/><T90/><D6/><U58/><E99/><V76/><F104/><W101/><G2/><T15/><D78/><U95/><E131/><V103/><F103/><W135/><G36/><T130/><D130/><U30/><E95/><V116/><F116/><W91/><G40/><T44/><D132/><U96/><E134/><V79/><F109/><N who="0" m="42090" /><D74/><U19/><E96/><V111/><F111/><W120/><G120/><N who="2" m="46153" /><F81/><W0/><G0/><T11/><D11/><U122/><E85/><V64/><F3/><W80/><G135/><T12/><D12/><N who="2" m="4714" /><F64/><W66/><G102/><T86/><D44/><N who="2" m="16970" /><F39/><W49/><G107/><T18/><D18/><U115/><E38/><V75/><F75/><W29/><G66/><T54/><D54/><U31/><E19/><V16/><F16/><W59/><G105/><T94/><D73/><U26/><E115/><V35/><F35/><W82/><G101/><T8/><D72/><U117/><E122/><V65/><F65/><W114/><G114/><T93/><D53/><U133/><E117/><V67/><F67/><W48/><G82/><N who="0" m="49495" /><D8/><U119/><E119/><V51/><F51/><W24/><G98/><T84/><D84/><U89/><E133/><V68/><F68/><W46/><G46/><T22/><D22/><U7/><E71/><V52/><F5/><W42/><G42/><T10/><D10/><RYUUKYOKU ba="2,0" sc="219,10,343,-30,219,10,219,10" hai0="15,17,20,60,92,93,94" hai2="52,76,77,79" hai3="23,24,29,48,49,50,55,57,59,62,80,87,91" /><INIT seed="2,3,0,2,2,44" ten="229,313,229,229" oya="2" hai0="105,86,2,30,9,132,109,25,1,34,75,89,52" hai1="61,54,48,27,79,62,10,15,3,121,19,80,49" hai2="92,82,94,90,5,112,102,4,120,91,39,129,104" hai3="96,55,46,22,13,35,107,57,115,103,63,28,83"/><V125/><F39/><W58/><G115/><T50/><D109/><U12/><E121/><V84/><F120/><W73/><G35/><T64/><D132/><U114/><E114/><V67/><F112/><W66/><G73/><T76/><D105/><U72/><E3/><V119/><F119/><W7/><G83/><T95/><D64/><U14/><E14/><V32/><F32/><W85/><G85/><T74/><D76/><U23/><E15/><V16/><F125/><W56/><G46/><T42/><D42/><U123/><E123/><V29/><F29/><W0/><G0/><T37/><D37/><U59/><REACH who="1" step="1"/><E62/><REACH who="1" ten="229,303,229,229" step="2"/><V99/><F129/><W118/><G118/><T135/><D1/><U70/><E70/><V110/><F110/><W131/><G131/><T45/><D135/><U36/><E36/><V106/><F67/><W122/><G122/><T8/><D2/><U100/><E100/><V51/><F51/><W38/><G66/><T98/><D50/><U81/><E81/><V77/><F5/><AGARI ba="3,1" hai="5,10,12,19,23,27,48,49,54,59,61,72,79,80" machi="5" ten="30,7700,0" yaku="1,1,7,1,52,2,53,0" doraHai="44" doraHaiUra="130" who="1" fromWho="2" sc="229,0,303,96,229,-86,229,0" /><INIT seed="3,0,0,0,5,12" ten="229,399,143,229" oya="3" hai0="130,34,38,13,50,52,57,115,113,73,66,26,100" hai1="135,104,15,85,10,76,102,79,60,106,63,90,41" hai2="91,117,88,81,127,83,61,134,47,36,31,132,86" hai3="21,74,93,128,123,77,9,20,6,25,8,33,95"/><W19/><G123/><T16/><D38/><U24/><E41/><V11/><F31/><W78/><G74/><T3/><D73/><U124/><E124/><V69/><F117/><W46/><G33/><T107/><D3/><U4/><E135/><V99/><F36/><W37/><G37/><T64/><D107/><U44/><E44/><V122/><F122/><W131/><G6/><T28/><D100/><U14/><E24/><V71/><F127/><W80/><G46/><T129/><D66/><U5/><E102/><V48/><F11/><W92/><G80/><T27/><D27/><U70/><E70/><V0/><F0/><W32/><G32/><T110/><D110/><U49/><E49/><V72/><F72/><W126/><G126/><T40/><D40/><U87/><E10/><N who="3" m="4202" /><G25/><T82/><D64/><U35/><E90/><V119/><F119/><W125/><G125/><T105/><D105/><U103/><E103/><V89/><F99/><W133/><G133/><T108/><D82/><U59/><E35/><V43/><F89/><W30/><G30/><T53/><D108/><U7/><E7/><V65/><REACH who="2" step="1"/><F69/><REACH who="2" ten="229,399,133,229" step="2"/><W75/><G75/><T118/><D118/><U111/><E111/><V114/><F114/><W29/><G29/><T18/><D113/><U58/><AGARI ba="0,1" hai="4,5,14,15,58,59,60,63,76,79,85,87,104,106" machi="58" ten="25,3200,0" yaku="0,1,22,2" doraHai="12" who="1" fromWho="1" sc="229,-8,399,42,133,-8,229,-16" owari="221,2.0,441,54.0,125,-37.0,213,-19.0" /></mjloggm>