<mjloggm ver="2.3"><GO type="97" lobby="0"/><UN n0="%52%2E%4E%2E%E3%81%9B%E3%82%93%E3%81%9A%E3%82%8A" n1="%E5%B0%B1%E6%B4%BB%E7%94%9F%40%E5%B7%9D%E6%9D%91%E8%BB%8D%E5%9B%A3" n2="%E3%81%99%E3%81%BF%E3%83%9A" n3="%E3%83%87%E3%83%87%E3%82%AD%E3%83%B3%E3%83%88" dan="15,14,13,13" rate="1949.94,1916.70,1870.32,2036.34" sx="M,M,M,M"/><TAIKYOKU oya="0"/><INIT seed="0,0,0,3,0,81" ten="250,250,250,250" oya="0" hai0="58,49,21,25,30,115,116,65,14,32,128,118,18" hai1="106,16,103,133,68,0,53,87,90,125,33,45,77" hai2="10,51,26,107,60,117,12,126,7,66,96,95,34" hai3="111,39,98,82,75,93,67,15,48,119,56,83,8"/><T86/><D115/><U92/><E68/><V50/><F126/><W13/><G111/><T54/><D128/><U122/><E33/><V88/><F107/><W3/><G39/><T109/><D109/><U97/><E0/><V132/><F132/><W121/><G3/><T9/><D65/><U23/><E122/><V31/><REACH who="2" step="1"/><F117/><REACH who="2" ten="250,250,240,250" step="2"/><W24/><G119/><T131/><D131/><U41/><E133/><V134/><F134/><W78/><G121/><T105/><D105/><U57/><E125/><V112/><F112/><W129/><G129/><T113/><D113/><U84/><E77/><V43/><F43/><W100/><G78/><T5/><REACH who="0" step="1"/><D86/><REACH who="0" ten="240,250,240,250" step="2"/><N who="1" m="32811" /><E106/><V42/><F42/><W72/><G72/><T104/><D104/><U55/><E41/><V61/><F61/><W64/><G75/><T79/><D79/><U36/><E36/><V28/><F28/><W22/><G98/><T27/><AGARI ba="0,2" hai="5,9,14,18,21,25,27,30,32,49,54,58,116,118" machi="27" ten="20,3900,0" yaku="1,1,0,1,7,1,53,0" doraHai="81" doraHaiUra="130" who="0" fromWho="0" sc="240,59,250,-13,240,-13,250,-13" /><INIT seed="0,1,0,1,2,15" ten="299,237,227,237" oya="0" hai0="73,93,68,108,70,35,121,110,48,13,58,74,11" hai1="42,123,99,34,2,88,82,8,104,32,95,4,45" hai2="9,1,132,66,6,24,75,56,49,22,26,71,61" hai3="112,46,7,38,3,51,52,27,85,78,92,81,90"/><T30/><D121/><U114/><E114/><V113/><F113/><W126/><G112/><T62/><D48/><U39/><E123/><V128/><F128/><W100/><G126/><T101/><D30/><U106/><REACH who="1" step="1"/><E82/><REACH who="1" ten="299,227,227,237" step="2"/><V117/><F117/><W53/><G81/><T14/><D110/><U29/><E29/><V125/><F125/><W28/><G28/><T134/><D108/><U19/><E19/><V97/><F6/><W129/><G7/><T44/><D134/><U98/><E98/><V36/><F97/><W33/><G129/><T84/><D35/><AGARI ba="1,1" hai="2,4,8,32,34,35,39,42,45,88,95,99,104,106" machi="35" ten="40,5200,0" yaku="1,1,54,1,53,1" doraHai="15" doraHaiUra="5" who="1" fromWho="0" sc="299,-55,227,65,227,0,237,0" /><INIT seed="1,0,0,2,5,101" ten="244,292,227,237" oya="1" hai0="6,105,109,41,127,2,103,12,54,102,25,24,76" hai1="52,98,26,120,55,97,131,40,65,99,57,47,68" hai2="7,83,91,45,107,28,10,114,82,59,16,0,49" hai3="37,104,35,112,50,86,67,1,53,110,80,115,129"/><U4/><E120/><V79/><F28/><W126/><G37/><T63/><D2/><U61/><E131/><V125/><F125/><W60/><G35/><T92/><D127/><U119/><E119/><V116/><F116/><W135/><G1/><T74/><D41/><U133/><E133/><V43/><F114/><W128/><G126/><T18/><D6/><U9/><E26/><N who="0" m="10345" /><D105/><U8/><E68/><V113/><F113/><W124/><G104/><T108/><D92/><U11/><REACH who="1" step="1"/><E4/><REACH who="1" ten="244,282,227,237" step="2"/><V78/><F7/><W106/><G124/><T69/><D69/><U21/><E21/><V22/><F22/><W118/><G115/><T23/><D23/><U71/><E71/><V46/><F10/><W111/><G112/><T121/><D121/><U27/><E27/><V73/><F0/><W48/><G118/><T32/><D32/><U88/><E88/><V51/><F91/><W72/><G128/><T70/><D70/><U77/><E77/><V93/><F79/><W29/><G129/><T30/><D76/><U89/><E89/><V14/><F78/><W117/><G117/><T85/><D30/><U36/><AGARI ba="0,1" hai="8,9,11,36,40,47,52,55,57,61,65,97,98,99" machi="36" ten="30,18000,2" yaku="1,1,0,1,54,1,53,3" doraHai="101" doraHaiUra="95" who="1" fromWho="1" sc="244,-60,282,190,227,-60,237,-60" /><INIT seed="1,1,0,4,1,113" ten="184,472,167,177" oya="1" hai0="101,30,42,87,61,14,102,57,95,128,66,15,122" hai1="108,11,6,36,98,33,69,103,99,82,133,106,80" hai2="118,34,112,17,52,25,135,85,16,126,38,59,32" hai3="86,75,74,121,93,90,4,39,12,96,129,111,117"/><U9/><E69/><V109/><F112/><W62/><G39/><T76/><D128/><U104/><E36/><V124/><F38/><W132/><G129/><T18/><D122/><U72/><E33/><V49/><F135/><W43/><G121/><T2/><D2/><U23/><E133/><V84/><F109/><W1/><G132/><T0/><D0/><U26/><E108/><V60/><F85/><W40/><G111/><T41/><D30/><U125/><E125/><N who="2" m="48235" /><F118/><W29/><G1/><T8/><D14/><U79/><E82/><V83/><F60/><W91/><G29/><T22/><D8/><U65/><E65/><V68/><F68/><W94/><G75/><T53/><D66/><U89/><E6/><V100/><F100/><N who="0" m="38506" /><D95/><U35/><E35/><N who="2" m="13355" /><F25/><W134/><G74/><T88/><D76/><AGARI ba="1,0" hai="16,17,49,52,59,76,83,84" m="13355,48235" machi="76" ten="30,3900,0" yaku="18,1,54,2" doraHai="113" who="2" fromWho="0" sc="184,-42,472,0,167,42,177,0" /><INIT seed="2,0,0,1,4,9" ten="142,472,209,177" oya="2" hai0="130,111,124,32,53,0,46,129,19,131,133,36,92" hai1="3,85,70,37,11,109,17,14,15,47,26,25,2" hai2="10,51,108,116,119,135,82,31,75,39,87,63,1" hai3="42,62,112,115,97,106,122,24,90,121,71,30,72"/><V41/><F63/><W99/><G42/><N who="0" m="22855" /><D111/><U84/><E70/><V96/><F96/><W123/><G72/><T78/><D133/><U52/><E109/><V120/><F108/><W28/><G90/><T64/><D124/><U94/><E2/><V59/><F31/><W134/><G134/><T83/><D64/><U29/><E3/><V6/><F87/><N who="1" m="33353" /><E37/><V56/><F135/><W21/><G30/><T107/><D107/><U86/><E29/><V127/><F120/><W13/><G106/><T49/><D0/><U76/><E15/><V69/><F69/><W65/><REACH who="3" step="1"/><G13/><REACH who="3" ten="142,472,209,167" step="2"/><T93/><D32/><U48/><E76/><N who="2" m="44319" /><F127/><W110/><G110/><T118/><D78/><U60/><E60/><V74/><F74/><W4/><G4/><T88/><D88/><AGARI ba="0,1" hai="11,14,17,25,26,47,48,52,86,88,94" m="33353" machi="88" ten="30,7700,0" yaku="8,1,52,1,54,2" doraHai="9" who="1" fromWho="0" sc="142,-77,472,87,209,0,167,0" /><INIT seed="3,0,0,0,0,1" ten="65,559,209,167" oya="3" hai0="34,29,80,41,105,27,124,11,38,106,12,71,26" hai1="114,115,100,16,117,33,46,87,52,90,84,103,111" hai2="64,56,40,65,83,122,6,15,8,95,3,48,125" hai3="119,31,99,5,58,77,89,92,23,9,98,20,13"/><W69/><G119/><T10/><D71/><U72/><E72/><V118/><F118/><W81/><G69/><T54/><D38/><U86/><E33/><V76/><F3/><W50/><G31/><N who="0" m="19831" /><D41/><U14/><E117/><V35/><F35/><W21/><G58/><T30/><D54/><U133/><E111/><V135/><F135/><W130/><G50/><T101/><D106/><U51/><E133/><V110/><F125/><W2/><G130/><T32/><D105/><U49/><E115/><V47/><F110/><W22/><N who="3" m="5120" /><DORA hai="112" /><W131/><G131/><T0/><D101/><N who="1" m="38987" /><E114/><V128/><F128/><W18/><G99/><T107/><D107/><U63/><E63/><V127/><F127/><W7/><REACH who="3" step="1"/><G2/><REACH who="3" ten="65,559,209,157" step="2"/><T113/><D124/><U120/><E120/><V19/><F56/><W104/><G104/><T97/><D113/><U36/><E36/><V102/><F48/><W82/><G82/><T70/><D80/><N who="1" m="49415" /><E49/><V57/><F83/><W60/><G60/><T28/><D70/><U53/><E53/><V116/><F57/><W96/><G96/><T129/><D97/><U109/><E109/><V78/><F116/><W4/><G4/><N who="0" m="1287" /><D129/><U132/><E132/><V123/><F123/><W43/><G43/><T68/><D68/><U66/><E66/><V73/><F64/><W37/><G37/><T134/><D134/><U79/><E79/><V121/><F65/><W67/><G67/><T93/><D93/><U55/><E55/><V24/><F122/><W62/><G62/><T44/><D44/><U85/><E85/><AGARI ba="0,1" hai="5,7,9,13,18,77,81,85,89,92,98" m="5120" machi="85" ten="50,12000,1" yaku="1,1,8,1,52,2,53,0" doraHai="1,112" doraHaiUra="61,25" who="3" fromWho="1" sc="65,0,559,-120,209,0,157,130" /><INIT seed="3,1,0,4,0,51" ten="65,439,209,287" oya="3" hai0="82,70,120,21,100,29,7,109,83,73,31,56,33" hai1="125,102,75,110,94,49,65,62,17,43,114,117,115" hai2="59,8,104,15,77,98,85,58,42,45,66,2,0" hai3="57,67,46,107,90,112,92,60,103,68,6,48,105"/><W101/><G112/><T28/><D70/><U74/><E125/><V79/><F104/><W12/><G68/><T84/><D120/><U93/><E117/><V4/><F98/><W10/><G105/><T87/><D109/><U63/><E110/><V69/><F69/><W127/><G107/><T5/><D73/><U122/><E122/><V54/><F66/><W3/><G3/><T34/><D56/><U78/><E17/><V113/><F77/><W76/><G76/><T32/><D21/><U135/><E135/><V134/><F134/><W97/><REACH who="3" step="1"/><G127/><REACH who="3" ten="65,439,209,277" step="2"/><T126/><D126/><U129/><E78/><V18/><F113/><W71/><G71/><T44/><D100/><U55/><E115/><V35/><F0/><W121/><G121/><T96/><D96/><U24/><E114/><V14/><F2/><W133/><G133/><T124/><D124/><U61/><E102/><V99/><F99/><W41/><AGARI ba="1,1" hai="6,10,12,41,46,48,57,60,67,90,92,97,101,103" machi="41" ten="20,7800,0" yaku="1,1,0,1,7,1,8,1,53,0" doraHai="51" doraHaiUra="116" who="3" fromWho="3" sc="65,-27,439,-27,209,-27,277,91" /><INIT seed="3,2,0,4,4,25" ten="38,412,182,368" oya="3" hai0="90,105,50,87,31,75,132,99,42,4,122,70,103" hai1="125,35,72,108,55,113,91,58,8,0,48,27,116" hai2="29,10,120,45,107,51,85,44,100,102,15,67,62" hai3="84,111,37,20,77,123,92,39,115,32,117,1,128"/><W36/><G115/><T68/><D122/><U114/><E72/><V63/><F107/><W76/><G123/><T52/><D132/><U79/><E79/><V14/><F120/><W126/><G117/><T7/><D68/><U18/><E116/><V112/><F112/><W110/><G32/><T118/><D118/><U38/><E38/><V16/><F85/><W95/><G1/><T89/><D89/><U130/><E130/><V47/><F51/><W64/><G128/><T129/><D129/><U98/><E108/><N who="3" m="41514" /><G126/><T131/><D131/><U109/><E125/><V86/><F86/><W73/><G73/><T93/><D70/><U133/><E109/><V21/><F67/><W57/><G20/><T43/><D43/><U56/><E133/><V106/><F106/><W13/><G13/><T17/><D42/><U80/><E35/><V97/><F97/><W82/><G77/><T12/><D75/><U2/><E2/><V66/><F66/><W96/><G96/><T101/><D101/><U65/><E0/><V3/><F3/><W124/><G124/><T9/><D31/><U135/><E135/><V121/><F121/><W19/><G19/><T5/><D5/><U23/><E8/><V61/><F29/><W11/><G11/><T81/><REACH who="0" step="1"/><D105/><REACH who="0" ten="28,412,182,368" step="2"/><U33/><E113/><V83/><F102/><W26/><G26/><T69/><D69/><U119/><E114/><V34/><F100/><W30/><G30/><T60/><D60/><AGARI ba="2,1" hai="36,37,39,57,60,64,76,82,84,92,95" m="41514" machi="60" ten="40,3900,0" yaku="14,1,10,1" doraHai="25" who="3" fromWho="0" sc="28,-45,412,0,182,0,368,55" owari="-17,-52.0,412,21.0,182,-22.0,423,53.0" /></mjloggm>