<mjloggm ver="2.3"><GO type="225" lobby="0"/><UN n0="%E4%B8%96%E3%82%92%E7%9B%B4%E3%81%99%E8%80%85" n1="%48%69%74%6C%65%72" n2="%E3%83%88%E3%83%88%E3%83%AA%E5%85%88%E7%94%9F%31%39%E6%AD%B3" n3="%E3%82%AB%E3%83%9C%E3%83%81%E3%83%A3%E3%82%BF%E3%83%8D" dan="16,16,18,16" rate="2131.87,2158.88,2284.97,2130.54" sx="M,M,F,M"/><TAIKYOKU oya="0"/><INIT seed="0,0,0,1,3,76" ten="250,250,250,250" oya="0" hai0="77,4,0,117,95,70,55,74,103,24,75,120,2" hai1="54,17,123,53,97,3,84,83,130,115,88,78,126" hai2="34,40,27,26,7,37,43,125,89,6,71,45,121" hai3="133,118,68,90,116,19,18,11,22,99,111,134,128"/><T91/><D70/><U14/><E123/><V64/><F121/><W82/><G68/><T56/><D120/><U100/><E126/><V69/><F125/><W102/><G111/><T93/><D117/><U104/><E3/><V92/><F43/><W132/><G128/><T110/><D110/><U86/><E130/><V62/><F69/><W135/><G11/><T119/><D119/><N who="3" m="45609" /><G22/><T106/><D106/><U124/><E115/><V38/><F38/><W127/><G127/><T44/><D44/><U20/><REACH who="1" step="1"/><E124/><REACH who="1" ten="250,240,250,250" step="2"/><V109/><F109/><W63/><G135/><T50/><D2/><U108/><E108/><V96/><F34/><W58/><G134/><T60/><D0/><U61/><E61/><V46/><F62/><W13/><G63/><T98/><D60/><U85/><E85/><V48/><F71/><W101/><G133/><T52/><D75/><U42/><E42/><V15/><F40/><W8/><G132/><T10/><D74/><U113/><E113/><V67/><F67/><W16/><G99/><T21/><D98/><U41/><E41/><V5/><F64/><W23/><G101/><T131/><D103/><U31/><E31/><V9/><F37/><W59/><G102/><T12/><D131/><U107/><E107/><V129/><F129/><W47/><G47/><N who="2" m="17929" /><F48/><W65/><G65/><T66/><D66/><U122/><E122/><V81/><F96/><W49/><G49/><T94/><D50/><U39/><E39/><V57/><F57/><N who="3" m="21515" /><G8/><T72/><D10/><U32/><E32/><V105/><F9/><W51/><G51/><T35/><D35/><RYUUKYOKU ba="0,1" sc="250,-15,240,15,250,-15,250,15" hai1="14,17,20,53,54,78,83,84,86,88,97,100,104" hai3="13,16,18,19,23,82,90" /><INIT seed="1,1,1,5,5,105" ten="235,255,235,265" oya="1" hai0="77,19,7,57,92,22,63,26,68,98,73,0,48" hai1="75,50,118,21,4,58,24,42,103,117,56,37,72" hai2="44,9,13,104,46,116,115,59,28,23,113,122,95" hai3="93,86,52,130,74,90,12,53,76,16,55,125,123"/><U71/><E71/><V126/><F116/><W34/><G123/><T65/><D0/><U31/><E37/><V84/><F122/><W111/><G111/><T33/><D7/><U91/><E103/><V20/><F104/><W96/><G34/><T10/><D33/><U80/><E4/><N who="2" m="3239" /><F126/><W67/><G130/><T129/><D10/><U79/><E72/><V39/><F59/><W3/><G3/><T25/><D129/><U87/><E42/><V97/><F84/><W27/><G125/><T124/><D124/><U30/><E30/><V94/><F94/><W128/><G128/><T35/><D35/><U121/><E121/><V38/><F38/><W17/><G67/><T61/><D48/><U83/><REACH who="1" step="1"/><E50/><REACH who="1" ten="235,245,235,265" step="2"/><V101/><F39/><W109/><G109/><T2/><D73/><U62/><E62/><V134/><F28/><W6/><G74/><T60/><D63/><U70/><E70/><V88/><F101/><W11/><G27/><T45/><D26/><U29/><E29/><V5/><F113/><W107/><G107/><T119/><D25/><U82/><E82/><AGARI ba="1,2" hai="6,11,12,16,17,52,53,55,76,82,86,90,93,96" machi="82" ten="40,5200,0" yaku="8,1,54,2" doraHai="105" who="3" fromWho="1" sc="235,0,245,-55,235,0,265,75" /><INIT seed="2,0,0,2,5,134" ten="235,190,235,340" oya="2" hai0="105,103,40,57,30,21,51,1,68,31,121,38,39" hai1="28,15,92,99,117,60,13,10,78,63,0,107,86" hai2="53,80,26,71,14,9,77,85,95,33,97,23,116" hai3="81,8,61,17,34,59,98,84,55,109,66,123,131"/><V111/><F116/><W118/><G123/><T74/><D68/><U37/><E117/><V83/><F33/><W114/><G34/><T58/><D74/><U119/><E119/><V102/><F71/><W24/><G118/><T46/><D1/><U112/><E112/><V25/><F111/><W87/><G109/><T32/><D32/><U101/><E37/><V132/><F132/><W22/><G131/><T5/><D5/><U91/><E28/><V88/><F53/><W124/><G114/><T42/><D121/><U4/><E0/><V108/><F23/><W18/><G98/><T96/><D31/><U29/><E29/><V133/><F133/><W72/><G72/><T76/><D76/><U120/><E120/><V41/><F41/><W135/><G135/><T89/><D42/><U129/><E129/><V36/><F36/><W12/><G81/><T67/><D58/><U73/><REACH who="1" step="1"/><E15/><REACH who="1" ten="235,180,235,340" step="2"/><V27/><F108/><W19/><G12/><T62/><D39/><U82/><AGARI ba="0,1" hai="4,10,13,60,63,73,78,82,86,91,92,99,101,107" machi="82" ten="30,8000,1" yaku="1,1,2,1,0,1,24,2,53,0" doraHai="134" doraHaiUra="125" who="1" fromWho="1" sc="235,-20,180,90,235,-40,340,-20" /><INIT seed="3,0,0,1,2,132" ten="215,270,195,320" oya="3" hai0="37,18,16,25,88,82,127,130,94,118,7,80,114" hai1="99,49,2,122,69,107,15,33,85,77,44,70,53" hai2="86,14,81,32,90,89,30,93,9,72,22,0,135" hai3="8,120,50,6,111,11,76,134,73,60,67,52,20"/><W97/><G120/><T56/><D118/><U119/><E2/><V35/><F135/><W75/><G134/><T61/><D37/><U1/><E1/><V83/><F0/><W126/><G126/><T129/><D127/><U29/><E29/><V121/><F121/><W12/><G111/><T43/><D43/><U13/><E33/><V5/><F72/><W26/><G76/><T24/><D7/><U28/><E28/><V40/><F40/><W105/><G11/><T112/><D25/><U65/><E65/><V63/><F63/><W58/><G97/><N who="0" m="57543" /><D82/><U92/><E107/><V79/><F79/><W41/><G105/><T3/><D80/><U133/><E85/><V101/><F101/><W74/><G41/><T108/><D3/><U66/><E70/><V46/><F46/><W123/><G123/><T106/><D106/><U54/><E69/><V21/><F83/><W87/><G87/><T96/><D96/><U100/><E77/><V55/><F55/><W117/><G117/><T116/><D108/><U125/><E125/><V113/><F113/><N who="0" m="43626" /><D116/><U91/><E122/><V84/><REACH who="2" step="1"/><F30/><REACH who="2" ten="215,270,185,320" step="2"/><W42/><G42/><T95/><D95/><U31/><E54/><V38/><F38/><W51/><G52/><N who="0" m="33927" /><D18/><U68/><E133/><V124/><F124/><W34/><G74/><T115/><D115/><U98/><E92/><V131/><F131/><W45/><G75/><T27/><D16/><U62/><E119/><V104/><F104/><W57/><G73/><T103/><D103/><U10/><E100/><V48/><F48/><W71/><G51/><T19/><D19/><RYUUKYOKU ba="0,1" sc="215,15,270,-15,185,15,320,-15" hai0="24,27,129,130" hai2="5,9,14,21,22,32,35,81,84,86,89,90,93" owari="230,-17.0,255,6.0,200,-30.0,315,41.0" /></mjloggm>