<mjloggm ver="2.3"><GO type="41" lobby="0"/><UN n0="%E3%81%92%E3%81%98%E3%81%BE%E3%82%86%E5%85%88%E7%94%9F" n1="%E5%B0%B1%E6%B4%BB%E7%94%9F%40%E5%B7%9D%E6%9D%91%E8%BB%8D%E5%9B%A3" n2="%52%65%EF%BC%9B" n3="%E7%90%86%E4%B8%8D%E5%B0%BD%E3%81%AA%E9%AD%94%E5%A5%B3" dan="14,15,15,15" rate="1914.94,1997.05,1902.07,1931.74" sx="M,M,M,M"/><TAIKYOKU oya="0"/><INIT seed="0,0,0,5,2,11" ten="250,250,250,250" oya="0" hai0="76,118,8,98,97,75,18,83,3,116,45,131,20" hai1="28,77,66,87,30,107,86,67,123,119,104,55,114" hai2="46,65,84,121,53,14,85,36,37,132,93,13,33" hai3="122,27,25,15,16,56,96,44,1,40,29,94,43"/><T70/><D131/><U102/><E119/><V47/><F121/><W34/><G122/><T95/><D70/><U38/><E38/><V69/><F33/><W42/><G1/><T74/><D74/><U109/><E77/><V35/><F35/><W117/><G117/><T4/><D45/><U62/><E123/><V52/><F93/><W41/><G27/><T39/><D39/><U134/><E62/><V113/><F69/><W9/><G56/><T80/><D80/><U2/><E2/><V79/><F79/><W58/><G58/><T73/><D73/><U133/><E55/><V103/><F103/><W81/><G81/><T72/><D72/><U111/><REACH who="1" step="1"/><E102/><REACH who="1" ten="250,240,250,250" step="2"/><V57/><F65/><W92/><REACH who="3" step="1"/><G96/><REACH who="3" ten="250,240,250,240" step="2"/><T31/><D98/><U125/><E125/><V32/><F47/><W120/><G120/><T135/><D116/><U54/><E54/><V6/><F46/><W63/><G63/><T61/><D118/><U100/><E100/><V128/><F53/><W101/><G101/><T127/><D61/><U17/><E17/><V105/><F52/><W90/><G90/><T23/><D127/><U68/><E68/><V49/><F6/><W50/><AGARI ba="0,2" hai="9,15,16,25,29,34,40,41,42,43,44,50,92,94" machi="50" ten="30,7900,0" yaku="1,1,0,1,52,1,54,1,53,0" doraHai="11" doraHaiUra="130" who="3" fromWho="3" sc="250,-39,240,-20,250,-20,240,99" /><INIT seed="1,0,0,5,2,89" ten="211,220,230,339" oya="1" hai0="44,79,131,33,88,68,105,19,56,32,54,63,62" hai1="112,47,20,128,67,86,3,73,7,17,92,133,95" hai2="111,127,132,15,13,39,98,45,125,4,38,70,61" hai3="36,26,25,122,16,72,46,29,120,84,10,119,5"/><U6/><E73/><V116/><F111/><W0/><G72/><T97/><D79/><U59/><E112/><V21/><F116/><W31/><G119/><T58/><D68/><U101/><E3/><V91/><F132/><W64/><G64/><T78/><D78/><U69/><E69/><V53/><F15/><W35/><G84/><T23/><D44/><U90/><E133/><V77/><F77/><W126/><G126/><T75/><D75/><U9/><E128/><V103/><F91/><W113/><G113/><T87/><D105/><U8/><E47/><V96/><F45/><W71/><G71/><T129/><D129/><U83/><E67/><V34/><F34/><W27/><G46/><T85/><D85/><U52/><E9/><N who="2" m="4263" /><F21/><N who="3" m="13479" /><G36/><T11/><D11/><U42/><E42/><V82/><F82/><W135/><G135/><T65/><D131/><U50/><E8/><V134/><F134/><W41/><G41/><T51/><D51/><U43/><E43/><V93/><F98/><W60/><G60/><T30/><D30/><U57/><E57/><N who="2" m="34991" /><F70/><W18/><G18/><T130/><D130/><U37/><E37/><V104/><F104/><W28/><G28/><T22/><D97/><N who="1" m="59583" /><E83/><V2/><F2/><W106/><G106/><T76/><D76/><U14/><AGARI ba="0,0" hai="6,7,14,17,20,50,52,59,86,90,92" m="59583" machi="14" ten="30,12000,1" yaku="25,1,8,1,52,2,54,1" doraHai="89" who="1" fromWho="1" sc="211,-40,220,120,230,-40,339,-40" /><INIT seed="1,1,0,0,2,131" ten="171,340,190,299" oya="1" hai0="38,128,90,63,33,84,88,17,6,50,29,16,67" hai1="120,126,62,70,73,64,96,69,130,10,55,83,94" hai2="35,121,21,40,79,13,116,61,44,19,93,47,107" hai3="97,127,48,31,104,41,56,125,20,28,112,37,25"/><U58/><E120/><V135/><F116/><W72/><G72/><T68/><D38/><U4/><E130/><V51/><F107/><W129/><G129/><T81/><D128/><U115/><E115/><V3/><F121/><W43/><G112/><T53/><D6/><U117/><E126/><N who="3" m="48138" /><G37/><T27/><REACH who="0" step="1"/><D90/><REACH who="0" ten="161,340,190,299" step="2"/><U46/><E117/><V57/><F79/><W14/><G31/><T86/><D86/><U89/><E73/><V118/><F118/><W77/><G77/><T75/><D75/><U95/><E89/><V9/><F19/><W1/><G1/><T76/><D76/><U113/><E4/><V92/><F3/><W71/><G28/><T7/><D7/><U59/><E113/><V24/><F47/><AGARI ba="1,1" hai="16,17,27,29,33,47,50,53,63,67,68,81,84,88" machi="47" ten="30,7700,0" yaku="1,1,7,1,54,2,53,0" doraHai="131" doraHaiUra="18" who="0" fromWho="2" sc="161,90,340,0,190,-80,299,0" /><INIT seed="2,0,0,0,0,131" ten="251,340,110,299" oya="2" hai0="17,7,129,23,74,119,102,57,39,37,45,89,70" hai1="10,48,35,132,63,54,55,111,120,66,97,76,69" hai2="101,11,1,90,47,34,121,83,49,3,117,64,107" hai3="15,5,130,104,4,75,135,53,42,99,112,50,81"/><V126/><F117/><W100/><G130/><T109/><D129/><U27/><E76/><V44/><F121/><W122/><G122/><T6/><D70/><U43/><E10/><V46/><F34/><W14/><G112/><T133/><D119/><U128/><E111/><V22/><F126/><W26/><G42/><T61/><D74/><U124/><E124/><V8/><F64/><W52/><G26/><T125/><D109/><U96/><E128/><V91/><F49/><W29/><G29/><T84/><D102/><U82/><E82/><V13/><F22/><W32/><G32/><T85/><D125/><U30/><E120/><V92/><F107/><W0/><G0/><T20/><D45/><U59/><E54/><V80/><F47/><W68/><G68/><T31/><D31/><U16/><E43/><V12/><REACH who="2" step="1"/><F92/><REACH who="2" ten="251,340,100,299" step="2"/><W134/><G50/><T60/><D57/><U86/><E59/><V116/><F116/><W123/><G123/><T24/><D24/><U56/><E35/><V93/><F93/><W36/><G104/><T95/><D95/><U106/><E106/><V58/><F58/><W103/><G36/><T98/><D39/><U65/><E56/><V18/><F18/><W25/><G25/><T38/><D17/><U78/><E27/><V62/><F62/><W87/><G4/><T79/><D38/><U19/><E19/><V127/><F127/><W72/><G5/><T71/><D37/><U113/><E16/><V108/><F108/><W114/><G114/><T105/><D105/><U2/><E113/><V73/><F73/><W94/><G75/><RYUUKYOKU ba="0,1" sc="251,-10,340,-10,100,30,299,-10" hai2="1,3,8,11,12,13,44,46,80,83,90,91,101" /><INIT seed="2,1,1,1,0,120" ten="241,330,130,289" oya="2" hai0="3,68,103,82,55,78,26,88,28,17,109,2,1" hai1="108,85,20,59,13,30,128,117,4,134,97,127,131" hai2="29,60,51,27,86,40,47,44,115,43,46,123,126" hai3="64,45,67,96,74,75,110,132,104,63,133,111,56"/><V100/><F123/><W42/><G67/><T50/><D68/><U114/><E97/><V113/><F126/><W61/><G61/><T66/><D66/><U12/><E59/><V135/><F135/><N who="3" m="51787" /><G104/><T84/><D103/><U49/><E49/><V37/><F100/><W41/><G96/><T116/><D116/><U8/><E85/><V5/><F5/><W83/><G83/><T33/><D17/><N who="1" m="10287" /><E117/><V11/><F11/><W9/><G9/><T77/><REACH who="0" step="1"/><D109/><REACH who="0" ten="231,330,130,289" step="2"/><N who="3" m="41481" /><G41/><T99/><D99/><U118/><E108/><V19/><F43/><W70/><G70/><T72/><D72/><U39/><E134/><V21/><F40/><W119/><G119/><T18/><D18/><U36/><E118/><V32/><F19/><W98/><G98/><T24/><D24/><U38/><E127/><V130/><F27/><W80/><G80/><T25/><D25/><U71/><E71/><V106/><F113/><W95/><G95/><T23/><D23/><U15/><E114/><V34/><F21/><W73/><G73/><T10/><D10/><U6/><E8/><V14/><F115/><W112/><G112/><T92/><D92/><U124/><E124/><V125/><F125/><W105/><G105/><T35/><D35/><U102/><E6/><V89/><F34/><W48/><AGARI ba="1,2" hai="42,45,48,56,63,64,74,75" m="41481,51787" machi="48" ten="30,8000,1" yaku="20,1,14,1,52,3" doraHai="120" who="3" fromWho="3" sc="231,-21,330,-21,130,-41,289,103" /><INIT seed="3,0,0,1,5,62" ten="210,309,89,392" oya="3" hai0="106,96,70,18,12,94,123,41,37,117,11,121,51" hai1="126,53,29,56,44,91,80,22,25,112,26,19,21" hai2="57,20,110,48,47,90,129,40,130,8,28,23,17" hai3="65,134,45,60,118,102,63,92,128,86,39,74,132"/><W73/><G128/><N who="2" m="49257" /><F110/><W87/><G118/><T35/><D117/><U34/><E112/><V4/><F28/><W58/><G60/><T113/><D113/><U131/><E126/><V89/><F57/><W111/><G111/><T76/><D35/><U82/><E131/><V33/><F33/><W10/><G10/><T2/><D106/><U67/><E34/><V24/><F23/><W75/><G102/><T42/><D76/><U5/><E5/><V107/><F107/><W30/><G30/><T54/><D70/><U98/><E44/><V32/><F32/><W66/><G66/><T83/><D83/><U14/><E67/><V46/><F47/><W101/><G101/><T1/><D1/><AGARI ba="0,0" hai="1,4,8,17,20,24,40,46,48,89,90" m="49257" machi="1" ten="30,1000,0" yaku="19,1" doraHai="62" who="2" fromWho="0" sc="210,-10,309,0,89,10,392,0" /><INIT seed="4,0,0,1,3,99" ten="200,309,99,392" oya="0" hai0="101,10,132,48,0,9,34,82,103,76,86,43,123" hai1="87,89,128,26,91,108,78,42,33,13,20,8,3" hai2="16,66,2,122,127,111,85,58,74,116,28,119,130" hai3="115,60,104,6,105,61,94,32,135,80,31,110,29"/><T70/><D123/><U81/><E108/><V100/><F74/><W92/><G110/><T125/><D34/><U90/><E128/><V46/><F2/><W12/><G32/><T129/><D129/><U109/><E109/><V77/><F122/><W5/><G12/><T97/><D70/><U98/><E3/><V39/><F111/><W65/><G65/><T38/><D38/><U55/><E42/><V83/><F127/><W107/><G107/><T134/><D125/><U17/><E33/><V62/><F28/><W44/><G44/><N who="0" m="25631" /><D97/><U63/><E98/><V49/><F39/><W114/><G80/><T64/><D64/><U15/><E8/><N who="0" m="3177" /><D0/><U72/><E72/><V67/><F67/><W71/><G135/><AGARI ba="0,0" hai="76,82,86,101,103,132,134,135" m="3177,25631" machi="135" ten="30,5800,0" yaku="20,1,52,2" doraHai="99" who="0" fromWho="3" sc="200,58,309,0,99,0,392,-58" /><INIT seed="4,1,0,5,2,23" ten="258,309,99,334" oya="0" hai0="45,106,109,44,14,111,52,114,105,26,30,132,115" hai1="15,121,97,48,29,74,27,49,28,32,125,72,50" hai2="116,9,2,73,61,17,122,104,60,71,31,120,119" hai3="86,62,39,87,107,59,37,75,76,65,90,3,66"/><T41/><D132/><U103/><E125/><V77/><F104/><N who="0" m="40042" /><D14/><U123/><E15/><V54/><F54/><W113/><G3/><T127/><D127/><U6/><E6/><V20/><F61/><W35/><G35/><N who="0" m="20951" /><D52/><U16/><E74/><V96/><F96/><W88/><G59/><T7/><D7/><U118/><E72/><V84/><F84/><W55/><G55/><T21/><D21/><U100/><E118/><V92/><F92/><W46/><G46/><N who="0" m="18027" /><D41/><U101/><E97/><V133/><F31/><W135/><G135/><T1/><D1/><U5/><E5/><N who="2" m="1207" /><F133/><W63/><G76/><T13/><D13/><U124/><E124/><V58/><F58/><W108/><G75/><T56/><D56/><U80/><E80/><N who="2" m="45103" /><F60/><W81/><G107/><T126/><D126/><U34/><E16/><V68/><F17/><W12/><G12/><T131/><D131/><U134/><E134/><V98/><F98/><W18/><G18/><T53/><D53/><U99/><E99/><V82/><F20/><W69/><G81/><T38/><D38/><U24/><AGARI ba="1,0" hai="24,27,28,29,32,34,48,49,50,100,101,103,121,123" machi="24" ten="40,8000,1" yaku="0,1,9,1,52,2" doraHai="23" who="1" fromWho="1" sc="258,-41,309,83,99,-21,334,-21" /><INIT seed="5,0,0,1,0,69" ten="217,392,78,313" oya="1" hai0="105,123,119,64,90,126,41,35,9,113,44,5,125" hai1="37,117,30,60,102,50,122,31,131,127,67,68,81" hai2="87,132,78,73,32,59,66,25,3,23,36,100,54" hai3="22,120,89,0,80,18,1,38,20,85,21,33,62"/><U19/><E102/><V98/><F132/><W94/><G120/><T34/><D119/><U71/><E71/><V6/><F32/><W111/><G111/><T49/><D123/><U128/><E117/><V74/><F66/><W91/><G33/><T65/><D105/><U8/><E50/><V56/><F6/><W53/><G38/><T17/><D17/><U133/><E133/><V97/><F3/><W51/><G62/><T2/><D65/><U115/><E37/><V108/><F108/><W129/><G129/><T135/><D135/><U82/><E19/><V134/><F134/><W112/><G112/><T110/><D110/><U70/><E8/><V7/><F7/><W63/><G63/><T13/><D13/><U77/><E60/><V11/><F11/><W15/><G0/><T16/><D16/><U40/><E67/><V107/><F98/><W92/><G1/><T96/><D64/><U121/><E115/><V99/><F99/><W101/><G101/><T48/><D48/><U61/><E61/><V106/><F106/><W42/><G42/><T118/><D113/><U95/><E40/><V109/><F109/><W45/><REACH who="3" step="1"/><G80/><REACH who="3" ten="217,392,78,303" step="2"/><N who="1" m="30826" /><E121/><V26/><F36/><W29/><G29/><T79/><D118/><U93/><E31/><V103/><F103/><W14/><G14/><T84/><D35/><U46/><E30/><N who="2" m="17727" /><F26/><W57/><G57/><T52/><D34/><U47/><E122/><V72/><F54/><W39/><G39/><T130/><D52/><U75/><E131/><V76/><F78/><W114/><G114/><T58/><D130/><U116/><E128/><RYUUKYOKU ba="0,1" sc="217,-15,392,-15,78,15,303,15" hai2="56,59,72,73,74,76,87,97,100,107" hai3="15,18,20,21,22,45,51,53,85,89,91,92,94" /><INIT seed="6,1,1,3,5,57" ten="202,377,93,318" oya="2" hai0="97,65,48,121,40,118,89,134,23,49,19,39,37" hai1="135,109,127,111,93,103,122,14,105,35,95,9,113" hai2="73,81,26,60,54,44,29,8,119,69,108,42,28" hai3="126,76,21,84,115,77,112,2,46,96,38,71,63"/><V33/><F119/><W0/><G126/><T17/><D121/><U51/><E35/><V88/><F29/><W132/><G132/><T56/><D134/><U72/><E72/><V91/><F108/><W70/><G96/><T47/><D17/><U53/><E135/><V15/><F81/><N who="3" m="47143" /><G77/><T106/><D118/><U4/><E105/><V22/><F73/><W100/><G100/><T129/><D129/><U130/><E130/><V110/><F33/><W58/><G21/><T24/><D106/><U86/><E127/><V123/><F123/><W107/><G107/><T1/><D1/><N who="3" m="617" /><G46/><T133/><D133/><U83/><E122/><V32/><F32/><W101/><G101/><T30/><D30/><U36/><E36/><V117/><F117/><W59/><G38/><T31/><D31/><U3/><E103/><V98/><F98/><W85/><G85/><T10/><D10/><U11/><E93/><V43/><F110/><W7/><G7/><T41/><D41/><N who="2" m="15370" /><F69/><W55/><G58/><T20/><D20/><U67/><E95/><V74/><F74/><W90/><G90/><T116/><D116/><U99/><E99/><V78/><F78/><W6/><G6/><T64/><D97/><U25/><E3/><V131/><F131/><W52/><G55/><N who="0" m="31855" /><D89/><U27/><E109/><V61/><F91/><W120/><G120/><T5/><D5/><U102/><E102/><V18/><F88/><W34/><G34/><T75/><D75/><U12/><E111/><V66/><F66/><N who="0" m="25706" /><D37/><U92/><E67/><V79/><F79/><W50/><G71/><T82/><D39/><RYUUKYOKU ba="1,1" sc="202,10,377,-30,93,10,318,10" hai0="19,23,24,40,47,48,82" hai2="8,15,18,22,26,28,44,54,60,61" hai3="50,52,59,63,70,112,115" /><INIT seed="6,2,1,0,4,106" ten="212,347,103,328" oya="2" hai0="41,23,2,132,129,8,93,58,29,113,102,130,32" hai1="31,95,68,78,35,4,64,61,57,126,11,114,49" hai2="107,63,21,97,92,127,3,125,67,50,80,117,48" hai3="135,59,14,81,88,86,100,62,54,73,116,25,44"/><V46/><F117/><W90/><G116/><T52/><D32/><U124/><E78/><V82/><F107/><W98/><G135/><T15/><D132/><U56/><E114/><V74/><F3/><W110/><G110/><T34/><D113/><U60/><E95/><V121/><F21/><W120/><G120/><T40/><D34/><U119/><E49/><V0/><F0/><W112/><G112/><T13/><D102/><U18/><E18/><V27/><F27/><W128/><G128/><N who="0" m="49259" /><D93/><U1/><E119/><V108/><F121/><W111/><G111/><T16/><D29/><U72/><E72/><V133/><F133/><W71/><G73/><T103/><D103/><U118/><E118/><V22/><F22/><W19/><G71/><T42/><D2/><U51/><E51/><N who="2" m="19499" /><F46/><W101/><G25/><N who="0" m="14567" /><D8/><U24/><REACH who="1" step="1"/><E68/><REACH who="1" ten="212,337,103,328" step="2"/><N who="2" m="42111" /><F108/><W83/><G44/><T26/><D40/><U65/><AGARI ba="2,2" hai="1,4,11,24,31,35,56,57,60,61,64,65,124,126" machi="65" ten="30,4000,0" yaku="1,1,0,1,9,1,53,0" doraHai="106" doraHaiUra="69" who="1" fromWho="1" sc="212,-12,337,66,103,-22,328,-12" /><INIT seed="7,0,0,1,4,4" ten="200,403,81,316" oya="3" hai0="91,77,58,135,76,39,80,50,72,59,90,14,97" hai1="25,99,9,120,128,3,69,23,116,113,5,52,38" hai2="8,92,0,117,6,98,48,121,70,127,27,114,11" hai3="112,41,96,73,74,108,34,40,36,88,71,42,60"/><W111/><G112/><T21/><D39/><U105/><E120/><V67/><F117/><W66/><G34/><T78/><D135/><U118/><E69/><V62/><F114/><W104/><G36/><T16/><D72/><U95/><E38/><V24/><F121/><W86/><G96/><T83/><D50/><U85/><E128/><V2/><F127/><W46/><G46/><T35/><D35/><U93/><E113/><V57/><F48/><W126/><G104/><T132/><D132/><U65/><E65/><V18/><F70/><W107/><G107/><T44/><D44/><U87/><E52/><V53/><F53/><W19/><G19/><T68/><D68/><U101/><E93/><V22/><F27/><W31/><G31/><T13/><D13/><U12/><E12/><V33/><F33/><W7/><G7/><T130/><D130/><U125/><E125/><V20/><F20/><W37/><G37/><T84/><D97/><U54/><E54/><V10/><REACH who="2" step="1"/><F2/><REACH who="2" ten="200,403,71,316" step="2"/><W123/><G123/><T109/><D109/><N who="3" m="42057" /><G126/><T26/><D26/><U32/><E25/><V45/><F45/><W103/><G103/><AGARI ba="0,1" hai="0,6,8,10,11,18,22,24,57,62,67,92,98,103" machi="103" ten="30,8000,1" yaku="1,1,7,1,52,3,53,0" doraHai="4" doraHaiUra="64" who="2" fromWho="3" sc="200,0,403,0,71,90,316,-80" owari="200,-20.0,403,50.0,161,-34.0,236,4.0" /></mjloggm>