<mjloggm ver="2.3"><GO type="225" lobby="0"/><UN n0="%E5%9F%BC%E4%BA%AC%E7%B7%9A" n1="%E5%B0%B1%E6%B4%BB%E7%94%9F%40%E5%B7%9D%E6%9D%91%E8%BB%8D%E5%9B%A3" n2="%E5%B7%9D%E6%9D%91%E6%99%83%E8%A3%95%EF%BC%88%E4%B8%A1%E6%96%B9%EF%BC%89" n3="%E3%81%AC%E3%82%8B%E3%82%8A%E3%82%93%E3%81%93" dan="16,17,16,16" rate="2164.75,2101.80,2044.14,2056.32" sx="M,M,M,M"/><TAIKYOKU oya="0"/><INIT seed="0,0,0,5,2,87" ten="250,250,250,250" oya="0" hai0="9,129,118,98,132,127,10,68,60,20,84,100,77" hai1="122,115,76,119,133,131,58,79,111,29,12,89,78" hai2="27,72,70,25,11,113,34,82,43,18,123,130,56" hai3="26,125,52,45,16,7,42,107,61,22,55,109,128"/><T124/><D118/><U8/><E119/><V93/><F70/><W17/><G109/><T21/><D129/><U59/><E122/><V31/><F123/><W134/><G125/><N who="0" m="48203" /><D132/><U1/><E1/><V35/><F113/><W0/><G128/><T96/><D77/><U94/><E131/><V85/><F43/><W104/><G134/><T116/><D84/><N who="1" m="52519" /><E133/><V30/><F130/><W57/><G55/><T38/><D38/><U73/><E73/><V97/><F72/><W40/><G17/><T63/><D116/><U24/><E111/><V121/><F56/><N who="1" m="21545" /><E115/><V15/><F121/><W103/><G103/><T14/><D100/><U32/><E32/><V5/><F18/><W88/><G88/><T64/><D63/><U74/><E74/><V99/><REACH who="2" step="1"/><F93/><REACH who="2" ten="250,250,240,250" step="2"/><W23/><G42/><T51/><D68/><U135/><E135/><V83/><F83/><W36/><REACH who="3" step="1"/><G22/><REACH who="3" ten="250,250,240,240" step="2"/><T110/><D21/><N who="1" m="15503" /><E76/><AGARI ba="0,2" hai="5,11,15,25,27,30,31,34,35,76,82,85,97,99" machi="76" ten="30,3900,0" yaku="1,1,7,1,9,1,53,0" doraHai="87" doraHaiUra="39" who="2" fromWho="1" sc="250,0,250,-39,240,59,240,0" /><INIT seed="1,0,0,2,5,71" ten="250,211,299,240" oya="1" hai0="26,77,74,52,58,96,18,103,14,53,60,28,133" hai1="10,22,24,125,129,119,93,126,122,78,59,38,72" hai2="114,65,109,45,102,31,101,121,128,107,16,37,79" hai3="105,82,3,41,8,1,35,64,4,49,81,29,135"/><U61/><E119/><V123/><F31/><W50/><G135/><T51/><D133/><U70/><E122/><V130/><F109/><W0/><G105/><T98/><D74/><U19/><E70/><V104/><F79/><W57/><G35/><T20/><D77/><U124/><E129/><V92/><F65/><W76/><G29/><T33/><REACH who="0" step="1"/><D103/><REACH who="0" ten="240,211,299,240" step="2"/><U11/><E78/><V43/><F102/><W131/><G76/><T94/><D94/><U106/><E72/><V68/><F92/><W88/><G81/><T27/><D27/><U116/><E106/><V32/><F101/><W40/><G82/><T73/><D73/><U91/><E116/><V84/><F104/><W134/><G134/><T44/><AGARI ba="0,1" hai="14,18,20,26,28,33,44,51,52,53,58,60,96,98" machi="44" ten="20,5200,0" yaku="1,1,0,1,7,1,54,1,53,0" doraHai="71" doraHaiUra="80" who="0" fromWho="0" sc="240,62,211,-26,299,-13,240,-13" /><INIT seed="2,0,0,3,4,33" ten="302,185,286,227" oya="2" hai0="6,95,92,15,48,102,40,16,11,3,76,13,35" hai1="131,47,38,115,122,14,21,79,36,82,10,105,125" hai2="114,62,57,0,94,67,7,9,111,66,19,134,83" hai3="59,73,72,113,135,56,127,112,26,133,50,124,90"/><V65/><F114/><N who="3" m="44139" /><G26/><T60/><D35/><U132/><E115/><V117/><F117/><W69/><G90/><T30/><D30/><U63/><E105/><V53/><F134/><N who="3" m="51211" /><G69/><T12/><D76/><U31/><E132/><V34/><F34/><W45/><G72/><T74/><D74/><U106/><E106/><V104/><F104/><W68/><G68/><T28/><D28/><U17/><E125/><N who="3" m="48202" /><G73/><T97/><D92/><U91/><E131/><V88/><F111/><W89/><G89/><T27/><D27/><U8/><E122/><V107/><F107/><W43/><AGARI ba="0,0" hai="43,45,50,56,59" m="48202,51211,44139" machi="43" ten="40,8000,1" yaku="11,1,20,1,18,1,34,2" doraHai="33" who="3" fromWho="3" sc="302,-20,185,-20,286,-40,227,80" /><INIT seed="3,0,0,2,0,132" ten="282,165,246,307" oya="3" hai0="78,41,49,24,108,124,9,133,122,83,38,85,45" hai1="4,125,10,15,20,36,121,43,114,117,134,135,80" hai2="89,127,66,76,42,19,6,29,44,70,106,58,100" hai3="46,64,39,5,57,54,0,73,74,103,111,97,109"/><W128/><G128/><T2/><D122/><U71/><E71/><V50/><F70/><W67/><G5/><T77/><D133/><N who="1" m="50699" /><E36/><V8/><F29/><W26/><G26/><T3/><D108/><N who="3" m="41545" /><G0/><T119/><D119/><U27/><E43/><V94/><F76/><W12/><G12/><T59/><D78/><U37/><E37/><V87/><F19/><W53/><G39/><T51/><D124/><U96/><E96/><V52/><F127/><W18/><G18/><T99/><D24/><U16/><E80/><V129/><F66/><N who="3" m="25131" /><G46/><T102/><D59/><U13/><E125/><V55/><F58/><W34/><G34/><T101/><D101/><U112/><E117/><V56/><F56/><W40/><G40/><T17/><D17/><N who="1" m="12687" /><E121/><V1/><F129/><W61/><G54/><T123/><D123/><U72/><E72/><V88/><F89/><W92/><AGARI ba="0,0" hai="53,57,61,73,74,92,97,103" m="25131,41545" machi="92" ten="30,3000,0" yaku="14,1,10,1" doraHai="132" who="3" fromWho="3" sc="282,-10,165,-10,246,-10,307,30" owari="272,7.0,155,-34.0,236,-16.0,337,43.0" /></mjloggm>