<mjloggm ver="2.3"><GO type="41" lobby="0"/><UN n0="%6F%79%61%6D%61" n1="%43%43%58%5F%43%58%5F%44" n2="%4B%75%6A%6F%31%39" n3="%E5%B0%B1%E6%B4%BB%E7%94%9F%40%E5%B7%9D%E6%9D%91%E8%BB%8D%E5%9B%A3" dan="13,14,13,17" rate="1873.21,1957.43,1933.82,2131.10" sx="M,F,M,M"/><TAIKYOKU oya="0"/><INIT seed="0,0,0,5,4,120" ten="250,250,250,250" oya="0" hai0="20,57,3,34,70,86,131,54,55,109,37,27,98" hai1="89,104,42,49,88,95,117,69,83,12,44,17,32" hai2="134,118,47,62,111,107,75,11,77,18,13,28,92" hai3="119,38,52,6,51,40,50,5,81,22,39,96,123"/><T84/><D131/><U25/><E117/><V87/><F107/><W129/><G119/><T125/><D70/><U65/><E104/><V15/><F118/><W108/><G123/><T63/><D37/><U80/><E89/><V101/><F75/><W124/><G129/><T74/><D74/><U48/><E48/><V8/><F134/><W59/><G124/><T33/><D3/><U30/><E65/><V64/><F28/><W14/><G96/><T53/><D125/><U45/><E45/><V97/><F47/><W78/><G108/><T130/><D130/><U91/><E91/><V58/><F111/><W67/><G67/><T1/><D1/><U68/><E69/><V46/><F46/><W0/><G0/><T93/><D109/><U106/><E106/><V41/><F87/><N who="0" m="33322" /><D34/><U100/><E100/><V72/><F72/><W10/><G81/><T94/><D33/><U90/><E90/><V29/><F29/><W112/><G78/><T36/><D36/><U132/><E132/><V60/><F77/><W115/><G6/><T103/><D94/><U122/><E68/><V116/><F116/><W85/><G85/><T127/><D127/><U102/><E102/><V4/><F62/><W16/><G112/><T66/><D55/><U21/><REACH who="1" step="1"/><E122/><REACH who="1" ten="250,240,250,250" step="2"/><V113/><F113/><W133/><G133/><T82/><D82/><U23/><E23/><V7/><F41/><W99/><G115/><T61/><D61/><U9/><E9/><V121/><F121/><W24/><G99/><AGARI ba="0,1" hai="12,17,21,25,30,32,42,44,49,80,83,88,95,99" machi="99" ten="30,7700,0" yaku="1,1,7,1,54,1,53,1" doraHai="120" doraHaiUra="31" who="1" fromWho="3" sc="250,0,240,87,250,0,250,-77" /><INIT seed="1,0,0,5,2,24" ten="250,327,250,173" oya="1" hai0="76,41,93,35,59,6,32,111,80,7,37,45,19" hai1="118,71,54,1,82,18,115,8,123,20,42,74,51" hai2="61,99,107,105,52,103,129,72,77,94,89,25,47" hai3="85,126,106,92,69,96,86,97,44,104,49,63,87"/><U122/><E115/><V2/><F2/><W0/><G0/><T48/><D111/><U10/><E118/><V112/><F25/><W125/><G63/><T100/><D35/><U133/><E71/><V39/><F39/><W64/><G64/><T26/><D37/><U36/><E36/><V14/><F14/><W119/><G69/><T33/><D33/><U28/><E42/><V58/><F47/><W83/><G119/><T110/><D110/><U88/><E74/><V31/><F129/><W128/><G128/><T84/><D59/><U56/><E1/><V65/><F112/><W22/><G22/><T91/><D100/><U98/><E28/><V121/><F31/><W68/><G68/><T30/><REACH who="0" step="1"/><D19/><REACH who="0" ten="240,327,250,173" step="2"/><U130/><E130/><V13/><F121/><W53/><G106/><T114/><D114/><U38/><E38/><V60/><F107/><W70/><G70/><T117/><D117/><U116/><E116/><V95/><F105/><W109/><G109/><T34/><D34/><U40/><E123/><V132/><F103/><W102/><G83/><T57/><D57/><U12/><E122/><V9/><F58/><W16/><G16/><T135/><D135/><U43/><E82/><V15/><F132/><W79/><G79/><T101/><D101/><U66/><E133/><V108/><F77/><W134/><G134/><T5/><D5/><U11/><E66/><V127/><F108/><W3/><G3/><T131/><D131/><U90/><E90/><V55/><F89/><N who="3" m="55311" /><G44/><T120/><D120/><U46/><E46/><V21/><F65/><W113/><G113/><RYUUKYOKU ba="0,1" sc="240,10,327,10,250,-30,173,10" hai0="6,7,26,30,32,41,45,48,76,80,84,91,93" hai1="8,10,11,12,18,20,40,43,51,54,56,88,98" hai3="49,53,85,86,87,97,102,104,125,126" /><INIT seed="1,1,1,2,3,131" ten="250,337,220,183" oya="1" hai0="48,4,87,94,63,26,62,20,58,78,18,124,86" hai1="91,93,100,29,69,81,66,90,7,8,0,96,121" hai2="44,41,98,112,22,42,36,79,11,49,31,122,68" hai3="134,47,116,57,39,71,19,56,80,127,125,38,135"/><U109/><E121/><V123/><F79/><W89/><G116/><T82/><D124/><N who="3" m="47689" /><G71/><T132/><D4/><U9/><E29/><V37/><F11/><W13/><G89/><N who="0" m="53559" /><D132/><N who="3" m="50729" /><G80/><T133/><D133/><U34/><E109/><V126/><F126/><W23/><G47/><T76/><D76/><U130/><E81/><V5/><F68/><W99/><G99/><T14/><D14/><U16/><E69/><V115/><F98/><W45/><G45/><T52/><AGARI ba="1,1" hai="18,20,26,48,52,58,62,63,78,82,87" m="53559" machi="52" ten="30,2000,0" yaku="8,1,54,1" doraHai="131" who="0" fromWho="0" sc="250,33,337,-11,220,-6,183,-6" /><INIT seed="2,0,0,2,0,117" ten="283,326,214,177" oya="2" hai0="73,131,10,120,15,42,133,78,54,41,1,32,2" hai1="101,98,37,45,71,33,72,8,94,3,114,43,111" hai2="115,25,69,109,52,110,128,84,50,68,23,34,123" hai3="81,47,97,125,64,112,129,51,82,74,118,87,62"/><V13/><F115/><W35/><G118/><T102/><D32/><U29/><E114/><V5/><F34/><W86/><G112/><T0/><D102/><U67/><E72/><V103/><F128/><W48/><G129/><T134/><D131/><U36/><E111/><N who="2" m="42507" /><F103/><W53/><G125/><T108/><D108/><U124/><E124/><V60/><F84/><W19/><G35/><T126/><D126/><U59/><E71/><V95/><F95/><W39/><G39/><T65/><D65/><U66/><E36/><V76/><F76/><W89/><G74/><T55/><D73/><U6/><E59/><N who="2" m="33175" /><F60/><W88/><G19/><T28/><D28/><U56/><E56/><V20/><F25/><W135/><G135/><N who="0" m="51723" /><D78/><U83/><E83/><V75/><F75/><W61/><G64/><T107/><D107/><U46/><E29/><V26/><F123/><W22/><G97/><T18/><D120/><U80/><E80/><V106/><F106/><W11/><G51/><T31/><D31/><U17/><E33/><V27/><F5/><W38/><G38/><T85/><D85/><U99/><E99/><V49/><F49/><W130/><G130/><T93/><D93/><U21/><E45/><V127/><F127/><W4/><G62/><T70/><D70/><N who="2" m="27242" /><F13/><AGARI ba="0,0" hai="3,6,8,13,17,21,37,43,46,66,67,94,98,101" machi="13" ten="30,1000,0" yaku="7,1" doraHai="117" who="1" fromWho="2" sc="283,0,326,10,214,-10,177,0" /><INIT seed="3,0,0,0,4,81" ten="283,336,204,177" oya="3" hai0="45,63,69,122,32,13,133,31,3,111,100,121,27" hai1="83,52,78,108,15,9,49,70,103,93,74,84,8" hai2="109,19,126,66,85,35,131,12,18,116,30,128,55" hai3="57,14,7,10,123,124,42,51,17,26,72,67,113"/><W119/><G123/><T40/><D111/><U21/><E108/><V125/><F109/><W96/><G72/><T16/><D133/><U53/><E70/><V59/><F116/><W76/><G119/><T95/><D3/><U77/><E77/><V120/><F120/><W41/><G113/><T60/><D100/><U43/><E21/><V114/><F114/><W5/><G124/><N who="2" m="47721" /><F66/><W87/><G96/><T112/><D112/><U25/><E25/><N who="2" m="18895" /><F85/><W64/><G64/><T28/><D28/><U79/><E79/><V61/><F12/><W82/><G26/><T110/><D110/><U56/><E43/><N who="3" m="16394" /><G67/><T0/><D0/><U1/><E1/><V90/><F90/><W106/><G106/><T99/><D63/><N who="1" m="36231" /><E74/><V101/><F101/><W62/><G62/><T118/><D60/><U65/><E65/><V44/><F44/><W115/><G115/><T92/><D69/><U88/><E103/><V71/><F71/><W75/><G75/><T130/><D118/><U104/><E104/><V91/><F91/><W80/><G80/><T127/><D127/><U97/><E15/><V39/><F39/><W6/><G6/><T135/><D13/><U129/><E129/><AGARI ba="0,0" hai="18,19,55,59,61,128,129,131" m="18895,47721" machi="129" ten="30,2000,0" yaku="19,1,18,1" doraHai="81" who="2" fromWho="1" sc="283,0,336,-20,204,20,177,0" /><INIT seed="4,0,0,3,1,118" ten="283,316,224,177" oya="0" hai0="81,36,102,74,41,53,29,50,78,109,18,89,108" hai1="48,77,130,107,135,6,11,12,64,25,62,42,86" hai2="88,33,40,60,91,72,1,98,129,116,22,58,114" hai3="56,131,17,100,27,10,28,32,65,46,132,79,126"/><T59/><D29/><U66/><E107/><V9/><F116/><W124/><G79/><T70/><D70/><U3/><E135/><V13/><F72/><W2/><G100/><T99/><D36/><U47/><E130/><V63/><F129/><W34/><G46/><T106/><D41/><U26/><E3/><V85/><F114/><W15/><G131/><T52/><D18/><U87/><E87/><V5/><F33/><N who="3" m="20639" /><G56/><T121/><D121/><U134/><E134/><V69/><F69/><W80/><G65/><N who="1" m="25194" /><E62/><V31/><F1/><W111/><G80/><AGARI ba="0,0" hai="6,11,12,25,26,42,47,48,77,80,86" m="25194" machi="80" ten="30,2000,0" yaku="25,1,8,1" doraHai="118" who="1" fromWho="3" sc="283,0,316,20,224,0,177,-20" /><INIT seed="5,0,0,1,2,134" ten="283,336,224,157" oya="1" hai0="74,6,68,93,36,18,97,101,73,133,83,120,16" hai1="55,71,127,76,119,49,4,87,30,51,130,126,53" hai2="84,56,15,32,24,72,69,38,129,128,116,124,82" hai3="100,25,131,85,79,106,89,107,35,90,10,8,80"/><U43/><E119/><V122/><F116/><W135/><G35/><T86/><D133/><U111/><E71/><V34/><F122/><W121/><G25/><T28/><D68/><U98/><E130/><N who="2" m="50283" /><F69/><W64/><G64/><T66/><D66/><U31/><E111/><V11/><F38/><W14/><G10/><T78/><D28/><N who="1" m="10795" /><E4/><N who="2" m="3559" /><F72/><W33/><G33/><T117/><D6/><U109/><E109/><V20/><F56/><W114/><G121/><T88/><D36/><U94/><E43/><V46/><F46/><W17/><G131/><T103/><D120/><U0/><E0/><V112/><F112/><W50/><G135/><T132/><D132/><U44/><E76/><N who="2" m="46151" /><F124/><N who="1" m="47657" /><E87/><V48/><F48/><N who="1" m="18505" /><E44/><V39/><F39/><W108/><G85/><T81/><D117/><U54/><E98/><V37/><F37/><W21/><G114/><T9/><D97/><U70/><E70/><V99/><F99/><W105/><G108/><T29/><D86/><U65/><E65/><V3/><F3/><W13/><G79/><T52/><D78/><U58/><E58/><V102/><F102/><W2/><G100/><T60/><D103/><U91/><E91/><V123/><F123/><W59/><G80/><T40/><D101/><U27/><E27/><V67/><F67/><W12/><G90/><T23/><D83/><U95/><AGARI ba="0,0" hai="53,54,55,94,95" m="18505,47657,10795" machi="95" ten="40,18000,2" yaku="28,2,18,1,52,3" doraHai="134" who="1" fromWho="1" sc="283,-60,336,180,224,-60,157,-60" /><INIT seed="5,1,0,3,0,0" ten="223,516,164,97" oya="1" hai0="85,22,92,18,98,109,52,25,107,71,87,103,131" hai1="117,6,73,58,120,12,97,8,14,41,61,89,33" hai2="26,66,122,130,96,53,1,127,10,80,15,83,11" hai3="125,44,93,35,121,128,99,123,9,77,106,46,64"/><U16/><E117/><V88/><F122/><W51/><G106/><T115/><D115/><U27/><E120/><V135/><F135/><W45/><G35/><T57/><D71/><U54/><E73/><V7/><F127/><W132/><G132/><T32/><D131/><U47/><E33/><V13/><F130/><W68/><G125/><T42/><D109/><U114/><E27/><V24/><F66/><W38/><G38/><T5/><D42/><U82/><E114/><V2/><F53/><W133/><G133/><T43/><D43/><U30/><E30/><V126/><F126/><W19/><G77/><T60/><D107/><U49/><E97/><V111/><F111/><W28/><G28/><T70/><D70/><U65/><E89/><V55/><F55/><W113/><G128/><T75/><D75/><U94/><E94/><V20/><F1/><W63/><G113/><T105/><D105/><U23/><E82/><V72/><F72/><W48/><G123/><T50/><D32/><U100/><REACH who="1" step="1"/><E41/><REACH who="1" ten="223,506,164,97" step="2"/><V76/><F80/><W59/><G121/><T110/><D110/><U69/><E69/><V17/><F88/><N who="3" m="55719" /><G68/><T91/><D91/><U29/><E29/><N who="2" m="17543" /><F96/><W78/><G78/><T31/><D31/><U79/><E79/><V112/><F26/><W3/><G3/><T56/><D25/><U81/><E81/><V95/><F112/><W104/><G104/><T84/><D98/><U21/><E21/><V62/><F95/><W108/><G108/><T37/><D92/><U74/><E74/><V34/><F76/><W124/><G124/><T134/><D134/><RYUUKYOKU ba="1,1" sc="223,-15,506,15,164,-15,97,15" hai1="6,8,12,14,16,23,47,49,54,58,61,65,100" hai3="9,19,44,45,46,48,51,59,63,64" /><INIT seed="5,2,1,2,4,14" ten="208,521,149,112" oya="1" hai0="49,6,27,131,86,38,46,60,40,18,1,44,47" hai1="48,96,127,13,109,129,23,132,2,41,134,91,26" hai2="24,62,74,8,70,67,111,0,56,25,115,22,58" hai3="99,34,9,88,110,122,35,107,21,69,53,76,80"/><U42/><E129/><V118/><F111/><W63/><G110/><T43/><D131/><U94/><E2/><V124/><F74/><W97/><G122/><T4/><D60/><U103/><E109/><V98/><F118/><W119/><G119/><T61/><D61/><U11/><E48/><V112/><F124/><W3/><G99/><T87/><D1/><U105/><E13/><V30/><F25/><W54/><G21/><N who="0" m="13751" /><D38/><U5/><E11/><V29/><F98/><W125/><G125/><T68/><D68/><U57/><E5/><N who="0" m="2153" /><D49/><U113/><E57/><V10/><F0/><W114/><G3/><T79/><D87/><U65/><E113/><N who="2" m="43595" /><F30/><W73/><G114/><T135/><D135/><N who="1" m="51755" /><E65/><V133/><F133/><W32/><G9/><AGARI ba="2,1" hai="8,9,10,22,24,29,56,58,62,67,70" m="43595" machi="9" ten="30,2000,0" yaku="15,1,11,1" doraHai="14" who="2" fromWho="3" sc="208,0,521,0,149,36,112,-26" /><INIT seed="6,0,0,4,3,114" ten="208,521,185,86" oya="2" hai0="41,133,89,72,90,80,104,46,113,128,0,125,129" hai1="20,36,74,101,47,52,112,73,2,127,116,119,86" hai2="19,118,53,56,33,131,93,10,64,67,82,70,66" hai3="123,44,120,83,23,18,96,94,117,58,54,35,57"/><V43/><F33/><W6/><G35/><T42/><D113/><U124/><E112/><V115/><F115/><W79/><G6/><T37/><D104/><U78/><E2/><V5/><F70/><W121/><G44/><N who="0" m="23599" /><D0/><U63/><E101/><V99/><F118/><N who="1" m="45097" /><E20/><V22/><F131/><N who="0" m="50250" /><D125/><N who="1" m="48203" /><E36/><V75/><F43/><W95/><G117/><T31/><D31/><U62/><E86/><V71/><F71/><W11/><G11/><T68/><D68/><U12/><E12/><N who="2" m="5199" /><F82/><W40/><G40/><T87/><D133/><U14/><E14/><N who="2" m="9591" /><F75/><N who="1" m="28681" /><E78/><V107/><F107/><W8/><G79/><N who="0" m="44135" /><D87/><U3/><E3/><V16/><F67/><W9/><G120/><T1/><D1/><U88/><E88/><N who="2" m="55719" /><F16/><W28/><G121/><T100/><D100/><U102/><E102/><V103/><F103/><W61/><G18/><T132/><D132/><U92/><E92/><V59/><F56/><W38/><G95/><T76/><D76/><U29/><E29/><V27/><F27/><W39/><G57/><T24/><D24/><U108/><E108/><V77/><F77/><W32/><G123/><T34/><D34/><U134/><E134/><V30/><F30/><W25/><G32/><T65/><D90/><U48/><AGARI ba="0,0" hai="47,48,52,62,63" m="28681,48203,45097" machi="48" ten="40,8000,1" yaku="18,1,52,3,54,1" doraHai="114" who="1" fromWho="1" sc="208,-20,521,80,185,-40,86,-20" /><INIT seed="7,0,0,0,1,120" ten="188,601,145,66" oya="3" hai0="7,21,57,55,28,48,134,107,126,36,54,70,117" hai1="60,130,38,75,93,59,53,110,94,11,69,17,73" hai2="35,121,8,40,129,34,114,79,47,99,72,63,127" hai3="51,95,81,45,30,76,62,1,87,39,84,58,128"/><W86/><G128/><T44/><D117/><U88/><E38/><V42/><F63/><W26/><G39/><T100/><D70/><U18/><E110/><V68/><F121/><W108/><G1/><T13/><D126/><U122/><E122/><V77/><F68/><W115/><G115/><T64/><D134/><U9/><E69/><V16/><F114/><W12/><G108/><T5/><D36/><U71/><E71/><V27/><F127/><W119/><G119/><T3/><D3/><U10/><E130/><V20/><F129/><W6/><G95/><T98/><D64/><U118/><E118/><V125/><F125/><W132/><G132/><T19/><D28/><U52/><E11/><V80/><F77/><W65/><G12/><T33/><D33/><U123/><E123/><V85/><F72/><W111/><G6/><T89/><D89/><U97/><E88/><V113/><F113/><W90/><G111/><T14/><D14/><U112/><E112/><V124/><F124/><W74/><G90/><T96/><D96/><U24/><E97/><V37/><F99/><W61/><G61/><AGARI ba="0,0" hai="5,7,13,19,21,44,48,54,55,57,61,98,100,107" machi="61" ten="30,1000,0" yaku="7,1" doraHai="120" who="0" fromWho="3" sc="188,10,601,0,145,0,66,-10" owari="198,0.0,601,69.0,145,-25.0,56,-44.0" /></mjloggm>