<mjloggm ver="2.3"><GO type="97" lobby="0"/><UN n0="%E5%80%89%E6%A9%8B%EF%BC%A0%E4%BA%8B%E5%8B%99" n1="%E7%A5%9E%E5%B4%8E%E8%98%AD%E5%AD%90" n2="%42%4F%53%53%37" n3="%E3%83%88%E3%83%88%E3%83%AA%E5%85%88%E7%94%9F%31%39%E6%AD%B3" dan="14,13,13,15" rate="1941.33,1832.00,1896.24,2058.08" sx="M,F,M,F"/><TAIKYOKU oya="0"/><INIT seed="0,0,0,4,1,127" ten="250,250,250,250" oya="0" hai0="64,48,0,75,113,109,50,124,85,108,14,26,111" hai1="103,92,22,59,5,32,39,107,87,104,38,122,1" hai2="19,86,117,25,4,95,115,90,97,67,71,28,9" hai3="66,61,79,88,29,42,23,6,16,70,55,106,24"/><T81/><D113/><U65/><E32/><V132/><F115/><W91/><G106/><T83/><D0/><U125/><E122/><V116/><F19/><W121/><G121/><T3/><D3/><U45/><E87/><V105/><F132/><W33/><G6/><T93/><D124/><U40/><E22/><V110/><F110/><W100/><G100/><T123/><D123/><U68/><E92/><V133/><F133/><W96/><G96/><T53/><D64/><U72/><E72/><V63/><F9/><W134/><G134/><T17/><D26/><U82/><E82/><V101/><REACH who="2" step="1"/><F4/><REACH who="2" ten="250,250,240,250" step="2"/><W37/><G16/><T62/><D75/><U11/><E125/><V131/><F131/><W44/><G29/><T20/><D62/><U52/><E11/><V2/><F2/><W58/><G61/><T118/><D118/><U84/><E5/><V77/><F77/><W8/><G79/><T30/><D30/><U54/><E1/><V89/><F89/><W119/><G91/><N who="0" m="53487" /><D50/><U56/><E103/><V74/><F74/><W31/><G119/><T57/><AGARI ba="0,1" hai="14,17,20,48,53,57,81,83,108,109,111" m="53487" machi="57" ten="30,6000,0" yaku="25,1,14,1,10,1" doraHai="127" who="0" fromWho="0" sc="250,70,250,-20,240,-20,250,-20" /><INIT seed="0,1,0,4,4,60" ten="320,230,220,230" oya="0" hai0="118,62,48,99,92,30,104,127,109,36,91,57,44" hai1="7,13,2,97,106,11,53,73,35,63,9,29,3" hai2="111,31,119,112,105,134,130,132,128,66,125,76,108" hai3="41,14,107,82,110,115,120,15,5,38,54,72,6"/><T96/><D118/><U85/><E73/><V52/><F105/><W126/><G115/><T47/><D127/><U83/><E3/><V26/><F76/><W98/><G126/><T103/><D109/><N who="2" m="42058" /><F112/><W59/><G110/><T78/><D78/><U68/><E29/><V22/><F119/><W10/><G120/><T114/><D114/><U0/><E35/><V12/><F12/><W88/><G72/><T117/><D117/><U86/><E86/><V24/><F24/><W94/><G107/><T4/><D36/><U87/><E87/><V124/><F52/><W90/><G38/><T75/><D75/><U1/><E53/><V18/><F66/><W81/><G41/><T131/><D131/><N who="2" m="50218" /><F31/><W123/><G123/><T70/><D70/><U69/><E0/><V58/><F58/><W46/><G46/><T27/><D4/><U17/><E1/><V37/><F37/><W55/><G55/><T116/><D48/><U122/><E122/><V67/><F67/><W19/><G6/><T100/><D116/><U61/><E69/><V84/><F84/><W89/><G14/><T77/><D77/><U32/><E68/><V16/><F18/><W49/><REACH who="3" step="1"/><G19/><REACH who="3" ten="320,230,220,220" step="2"/><T121/><D121/><U25/><E13/><V40/><F40/><W79/><G79/><T28/><D104/><U129/><E17/><V56/><F56/><W45/><G45/><T23/><D44/><U93/><E129/><V42/><F42/><W43/><G43/><T95/><D47/><U33/><E106/><V101/><F101/><AGARI ba="1,1" hai="5,10,15,49,54,59,81,82,88,89,90,94,98,101" machi="101" ten="40,5200,0" yaku="1,1,8,1,54,1,53,0" doraHai="60" doraHaiUra="64" who="3" fromWho="2" sc="320,0,230,0,220,-55,220,65" /><INIT seed="1,0,0,4,5,111" ten="320,230,165,285" oya="1" hai0="82,47,8,44,11,78,124,25,130,59,70,3,98" hai1="15,19,96,49,89,52,131,119,123,18,35,113,32" hai2="88,31,76,40,6,48,55,9,56,5,93,100,105" hai3="129,62,36,81,104,90,24,94,30,86,125,60,101"/><U54/><E123/><V64/><F76/><W22/><G36/><T117/><D70/><U132/><E119/><V97/><F31/><W74/><G129/><T99/><D117/><U66/><E131/><V92/><F105/><W107/><G125/><T73/><D124/><U29/><E132/><V67/><F40/><W50/><G104/><T1/><D130/><U87/><E96/><V114/><F114/><W77/><G50/><T135/><D135/><U51/><E66/><V43/><F43/><W79/><G79/><T58/><D78/><U122/><E122/><V65/><REACH who="2" step="1"/><F9/><REACH who="2" ten="320,230,155,285" step="2"/><W120/><G120/><T20/><D11/><U85/><E29/><V10/><F10/><W75/><G75/><T69/><D8/><U39/><E113/><V21/><F21/><W34/><G22/><T42/><D20/><U23/><E23/><V46/><F46/><W106/><G106/><T83/><D44/><U61/><E32/><V41/><F41/><W2/><G107/><T109/><D47/><U95/><E39/><V12/><F12/><W134/><G134/><T115/><D42/><U45/><E35/><V7/><F7/><W63/><G24/><T127/><D25/><U4/><E4/><V71/><F71/><W121/><G30/><T26/><D26/><U110/><E15/><V116/><F116/><W126/><G34/><T128/><D73/><U13/><E13/><V72/><F72/><W68/><G68/><T17/><D69/><U112/><E112/><V53/><F53/><W28/><G28/><T102/><D128/><U16/><E54/><V14/><F14/><RYUUKYOKU ba="0,1" sc="320,-10,230,-10,155,30,285,-10" hai2="5,6,48,55,56,64,65,67,88,92,93,97,100" /><INIT seed="2,1,1,1,2,131" ten="310,220,185,275" oya="2" hai0="124,117,15,80,46,2,114,100,99,133,20,78,45" hai1="8,34,50,73,76,57,53,41,89,23,66,52,59" hai2="81,84,31,38,77,107,61,67,71,9,129,39,27" hai3="42,106,54,96,123,105,128,58,109,82,75,7,113"/><V26/><F129/><W33/><G123/><T115/><D2/><U111/><E34/><V63/><F27/><W120/><G120/><T116/><D124/><U104/><E104/><V6/><F63/><W95/><G33/><T68/><D133/><U10/><E111/><V5/><F5/><W18/><G128/><T4/><D68/><U28/><E66/><V21/><REACH who="2" step="1"/><F107/><REACH who="2" ten="310,220,175,275" step="2"/><W29/><G7/><T44/><D4/><U110/><E110/><V47/><F47/><W56/><G105/><N who="0" m="63647" /><D46/><U22/><E28/><V101/><F101/><W108/><G106/><T49/><D45/><U36/><E36/><V126/><F126/><W65/><G108/><T135/><D115/><U79/><E41/><V74/><F74/><W70/><G109/><T92/><D114/><U102/><E73/><V40/><F40/><W11/><G113/><T35/><D44/><U93/><E102/><V30/><F30/><W12/><G29/><T60/><D60/><U37/><E37/><V13/><AGARI ba="1,2" hai="6,9,13,21,26,31,38,39,61,67,71,77,81,84" machi="13" ten="20,3900,0" yaku="1,1,0,1,7,1,53,0" doraHai="131" doraHaiUra="118" who="2" fromWho="2" sc="310,-14,220,-14,175,62,275,-14" /><INIT seed="2,2,0,3,5,39" ten="296,206,237,261" oya="2" hai0="26,54,90,93,13,27,34,65,74,28,76,35,121" hai1="100,1,68,85,116,12,132,118,70,95,33,104,119" hai2="81,134,128,110,103,105,50,120,30,25,61,98,57" hai3="78,44,53,125,109,130,80,102,49,71,87,11,111"/><V46/><F120/><W114/><G114/><T55/><D121/><U41/><E1/><V31/><F134/><W47/><G71/><T56/><D74/><U52/><E104/><V21/><F128/><W0/><G130/><T62/><D76/><U2/><E33/><V75/><F110/><N who="3" m="41995" /><G125/><T51/><D13/><U117/><E2/><V69/><F69/><W63/><G63/><T24/><D34/><U40/><E132/><V94/><F105/><W23/><G102/><T97/><REACH who="0" step="1"/><D55/><REACH who="0" ten="286,206,237,261" step="2"/><U9/><E119/><V22/><F75/><W10/><G0/><T106/><D106/><U32/><E32/><V17/><F22/><W131/><G131/><T92/><D92/><U129/><E129/><V66/><F81/><W19/><G10/><T112/><D112/><U107/><E107/><V108/><F108/><W126/><G11/><T122/><D122/><U127/><E127/><V43/><AGARI ba="2,1" hai="17,21,25,30,31,43,46,50,57,61,66,94,98,103" machi="43" ten="20,7800,0" yaku="0,1,7,1,8,1,52,1" doraHai="39" who="2" fromWho="2" sc="286,-28,206,-28,237,94,261,-28" /><INIT seed="2,3,0,3,0,94" ten="258,178,331,233" oya="2" hai0="23,84,44,38,95,66,14,75,125,116,55,126,43" hai1="13,115,120,83,3,26,112,57,130,6,121,45,91" hai2="59,127,15,102,129,27,60,2,106,110,67,72,63" hai3="51,22,100,74,9,89,37,31,71,128,29,42,78"/><V93/><F72/><W48/><G71/><T53/><D75/><U8/><E45/><V58/><F2/><W73/><G128/><T98/><D116/><U1/><E57/><V12/><F106/><W47/><G100/><T104/><D66/><U88/><E130/><V97/><F129/><W21/><G37/><T32/><D32/><U77/><E77/><V10/><F127/><N who="0" m="48650" /><D84/><U79/><E79/><V134/><F134/><W123/><G123/><N who="1" m="47178" /><E83/><V46/><F46/><W85/><G78/><T36/><D104/><U11/><E91/><V24/><F110/><W19/><G51/><T107/><D107/><U101/><E101/><V25/><REACH who="2" step="1"/><F10/><REACH who="2" ten="258,178,321,233" step="2"/><W5/><G74/><T40/><D43/><U132/><E132/><V35/><F35/><W52/><G73/><T114/><D114/><N who="1" m="43563" /><E88/><V39/><F39/><W64/><G42/><T56/><D38/><U108/><E108/><V17/><F17/><W61/><G19/><T99/><D36/><U33/><E11/><V4/><F4/><W50/><G5/><T133/><D133/><U69/><E69/><V87/><F87/><W80/><G9/><T109/><D109/><U103/><E103/><V41/><F41/><W70/><G89/><T96/><D40/><U124/><E124/><V92/><F92/><W113/><G113/><T117/><D95/><U20/><E33/><V30/><F30/><AGARI ba="3,1" hai="1,3,6,8,13,20,26,30" m="43563,47178" machi="30" ten="30,3900,0" yaku="13,1,34,2" doraHai="94" who="1" fromWho="2" sc="258,0,178,58,321,-48,233,0" /><INIT seed="3,0,0,1,3,124" ten="258,236,273,233" oya="3" hai0="88,105,79,126,73,24,59,87,57,99,102,122,93" hai1="40,91,83,46,2,33,69,109,70,77,90,96,48" hai2="37,117,23,116,132,11,86,31,95,94,128,14,65" hai3="26,125,80,49,52,34,114,9,135,56,103,68,129"/><W50/><G114/><T42/><D122/><U104/><E33/><V58/><F37/><W111/><G68/><T13/><D126/><U112/><E2/><V107/><F107/><W123/><G123/><T115/><D115/><U71/><E112/><V110/><F110/><W76/><G125/><T29/><D42/><U67/><E109/><V25/><F132/><W66/><G111/><T17/><D13/><U12/><E67/><V51/><F95/><W127/><G127/><T10/><D10/><U120/><E120/><V62/><F128/><W0/><G135/><T16/><D59/><U75/><E12/><V121/><F121/><W21/><G34/><T20/><D57/><U1/><E1/><V98/><F86/><N who="3" m="48391" /><G0/><T36/><D36/><U18/><E18/><V6/><REACH who="2" step="1"/><F51/><REACH who="2" ten="258,236,263,233" step="2"/><N who="3" m="30751" /><G129/><T30/><D30/><U119/><E119/><V131/><F131/><W3/><G3/><T101/><D101/><AGARI ba="0,1" hai="6,11,14,23,25,31,58,62,65,94,98,101,116,117" machi="101" ten="30,7700,0" yaku="1,1,7,1,25,2,53,0" doraHai="124" doraHaiUra="44" who="2" fromWho="0" sc="258,-77,236,0,263,87,233,0" owari="181,-32.0,236,4.0,350,45.0,233,-17.0" /></mjloggm>