<mjloggm ver="2.3"><GO type="97" lobby="0"/><UN n0="%74%69%2D%68%6F%2D" n1="%E5%A4%A9%E7%A5%9E%E4%B9%83%E9%9B%80" n2="%69%73%68%69%6B%75%6E" n3="%E3%83%88%E3%83%88%E3%83%AA%E5%85%88%E7%94%9F%31%39%E6%AD%B3" dan="14,15,13,15" rate="1963.61,1990.37,1874.15,2055.54" sx="M,M,M,F"/><TAIKYOKU oya="0"/><INIT seed="0,0,0,5,2,80" ten="250,250,250,250" oya="0" hai0="57,104,26,87,127,114,39,19,77,88,37,25,14" hai1="7,48,106,124,40,2,4,54,131,68,20,70,5" hai2="60,31,23,120,119,125,79,3,58,90,81,16,84" hai3="29,51,34,110,21,63,59,36,75,35,112,123,10"/><T73/><D114/><U116/><E116/><V30/><F120/><W71/><G112/><T62/><D104/><U72/><E106/><V111/><F111/><W121/><G36/><T27/><D73/><U52/><E72/><V49/><F125/><W50/><G75/><T13/><D127/><U46/><E124/><V92/><F3/><W101/><G110/><T44/><D77/><U134/><E131/><V6/><F49/><N who="3" m="18443" /><G71/><T17/><D44/><U130/><E130/><V56/><F6/><W32/><G101/><T47/><D47/><U98/><E134/><V96/><F58/><W22/><G10/><T41/><D41/><U122/><E122/><N who="3" m="46602" /><G29/><T103/><D103/><U0/><E98/><V24/><REACH who="2" step="1"/><F119/><REACH who="2" ten="250,250,240,250" step="2"/><W109/><G109/><T99/><D39/><U69/><REACH who="1" step="1"/><E20/><REACH who="1" ten="250,240,240,250" step="2"/><V105/><F105/><W64/><AGARI ba="0,2" hai="21,22,32,34,35,59,63,64" m="46602,18443" machi="64" ten="40,1500,0" yaku="13,1" doraHai="80" who="3" fromWho="3" sc="250,-7,240,-4,240,-4,250,35" /><INIT seed="1,0,0,4,2,133" ten="243,236,236,285" oya="1" hai0="33,101,127,65,135,105,81,100,112,42,125,52,38" hai1="73,107,10,68,24,96,51,59,75,120,124,89,34" hai2="82,4,41,111,86,110,128,50,29,56,63,58,79" hai3="36,129,43,121,57,70,12,84,5,91,85,62,54"/><U6/><E120/><V7/><F128/><W98/><G121/><T1/><D112/><U87/><E68/><V15/><F29/><W119/><G129/><T20/><D33/><U93/><E34/><V71/><F71/><W131/><G131/><T27/><D1/><U53/><E24/><V90/><F90/><W117/><G70/><T46/><D65/><U77/><E77/><V95/><F95/><N who="3" m="56703" /><G43/><T22/><D135/><U11/><E11/><N who="2" m="4583" /><F7/><W134/><G36/><T109/><D109/><N who="2" m="41482" /><F63/><W14/><G134/><T99/><D101/><U45/><E107/><V9/><F9/><N who="3" m="4143" /><G14/><T116/><D116/><AGARI ba="0,0" hai="54,57,62,84,85,116,117,119" m="4143,56703" machi="116" ten="30,1000,0" yaku="12,1" doraHai="133" who="3" fromWho="0" sc="243,-10,236,0,236,0,285,10" /><INIT seed="2,0,0,2,4,12" ten="233,236,236,295" oya="2" hai0="69,40,6,5,113,118,75,104,83,124,30,46,42" hai1="73,18,93,68,53,129,64,24,99,92,2,26,116" hai2="54,55,47,15,130,132,65,9,90,13,107,115,70" hai3="110,31,84,134,1,101,35,32,23,62,133,58,79"/><V88/><F115/><W8/><G110/><T28/><D113/><U94/><E116/><V57/><F107/><W10/><G101/><T22/><D104/><U91/><E73/><V85/><F132/><N who="3" m="50795" /><G23/><T3/><D69/><U21/><E2/><V127/><F127/><W96/><G96/><T61/><D118/><U7/><E129/><V126/><F130/><W39/><G39/><T29/><D124/><U37/><E37/><V56/><F70/><W51/><G51/><T43/><D61/><U52/><E7/><V45/><F126/><W0/><G84/><T11/><D6/><U102/><E93/><V74/><F74/><W48/><G48/><T41/><D22/><N who="1" m="13399" /><E64/><V25/><F65/><W63/><G79/><T120/><D120/><U87/><E68/><V60/><F25/><N who="3" m="18543" /><G63/><T59/><D59/><N who="2" m="22602" /><F60/><W108/><G108/><T121/><D121/><U125/><E125/><V95/><F9/><N who="3" m="3691" /><G35/><T77/><REACH who="0" step="1"/><D40/><REACH who="0" ten="223,236,236,295" step="2"/><U67/><E67/><AGARI ba="0,1" hai="0,1,58,62,67" m="3691,18543,50795" machi="67" ten="30,1000,0" yaku="20,1" doraHai="12" who="3" fromWho="1" sc="223,0,236,-10,236,0,295,20" /><INIT seed="3,0,0,3,5,77" ten="223,226,236,315" oya="3" hai0="96,64,95,69,59,120,67,7,99,24,75,36,72" hai1="84,112,91,66,104,125,105,88,81,68,13,63,76" hai2="5,41,26,16,122,38,107,111,18,3,100,130,44" hai3="58,45,11,43,62,82,117,79,74,124,94,15,98"/><W9/><G117/><T56/><D36/><U106/><E125/><V115/><F111/><W14/><G124/><T54/><D120/><U126/><E126/><V23/><F115/><W48/><G11/><T119/><D69/><U34/><E34/><V101/><F130/><W2/><G9/><T49/><D119/><U102/><E112/><V90/><F122/><W85/><G74/><T55/><D7/><U97/><REACH who="1" step="1"/><E13/><REACH who="1" ten="223,216,236,315" step="2"/><V20/><F107/><AGARI ba="0,1" hai="63,66,68,76,81,84,88,91,97,102,104,105,106,107" machi="107" ten="40,8000,1" yaku="1,1,2,1,52,1,54,1,53,0" doraHai="77" doraHaiUra="6" who="1" fromWho="2" sc="223,0,216,90,236,-80,315,0" owari="223,-18.0,306,11.0,156,-34.0,315,41.0" /></mjloggm>