<mjloggm ver="2.3"><GO type="225" lobby="0"/><UN n0="%E3%82%B4%E3%83%BC%E3%83%AB%E3%83%87%E3%83%B3%E3%81%B2%E3%82%88%E3%81%93" n1="%E3%83%88%E3%83%88%E3%83%AA%E5%85%88%E7%94%9F%31%39%E6%AD%B3" n2="%E3%81%88%E3%82%8B%E3%81%9F%E3%81%9D" n3="%E3%83%8F%E3%83%94%E3%83%8A%E5%90%8D%E6%8E%9B%E4%B8%81" dan="16,18,16,16" rate="2095.66,2274.92,2105.06,2127.08" sx="M,F,F,M"/><TAIKYOKU oya="0"/><INIT seed="0,0,0,4,5,42" ten="250,250,250,250" oya="0" hai0="3,60,43,28,105,57,107,50,102,93,90,130,119" hai1="23,5,0,36,81,79,120,4,134,44,121,22,12" hai2="53,11,33,51,133,6,94,73,1,62,104,117,65" hai3="116,72,7,46,132,71,9,66,80,135,63,25,16"/><T128/><D119/><U115/><E134/><N who="3" m="51242" /><G116/><T125/><D3/><U70/><E70/><V15/><F133/><W30/><G80/><T123/><D123/><U74/><E115/><V88/><F117/><W35/><G72/><T38/><D38/><U112/><E112/><V31/><F104/><W87/><G87/><T59/><D28/><U68/><E68/><V108/><F73/><W98/><G98/><N who="0" m="57655" /><D102/><U114/><E114/><V20/><F108/><W13/><G7/><T100/><D100/><U54/><E54/><V118/><F118/><W96/><G96/><T126/><D105/><U97/><E97/><N who="2" m="57543" /><F33/><W113/><G113/><T48/><D107/><U10/><E5/><V129/><F1/><W95/><G95/><T127/><D59/><U84/><E84/><V47/><F129/><N who="0" m="49770" /><D43/><N who="1" m="22631" /><E12/><V55/><F65/><AGARI ba="0,0" hai="48,50,57,60,65,125,126,127" m="49770,57655" machi="65" ten="40,3900,0" yaku="18,1,19,1" doraHai="42" who="0" fromWho="2" sc="250,39,250,0,250,-39,250,0" /><INIT seed="0,1,0,1,2,37" ten="289,250,211,250" oya="0" hai0="75,87,59,131,53,115,29,120,9,40,25,95,46" hai1="7,76,86,51,68,6,13,101,116,38,99,122,118" hai2="114,45,102,132,1,113,135,73,126,110,55,91,127" hai3="21,20,50,19,133,123,52,61,63,4,36,121,48"/><T62/><D75/><U56/><E122/><N who="3" m="46602" /><G4/><T65/><D120/><U60/><E38/><V85/><F1/><W100/><G100/><T92/><D115/><N who="2" m="44042" /><F45/><N who="3" m="27663" /><G36/><T2/><D131/><U64/><E7/><V93/><F55/><W134/><G20/><N who="0" m="15527" /><D2/><U80/><E68/><V125/><F73/><W28/><G28/><T42/><D9/><U67/><E51/><V130/><F110/><W16/><G50/><N who="0" m="28887" /><D95/><N who="1" m="58623" /><E118/><V84/><F102/><W111/><G111/><T5/><D5/><U82/><E116/><V22/><F22/><W54/><G54/><T17/><D17/><N who="3" m="6729" /><G21/><T24/><D24/><U3/><E3/><V41/><F41/><W44/><G44/><T69/><D69/><U72/><E6/><V15/><F15/><W66/><G61/><T103/><D103/><U83/><E13/><V70/><F70/><AGARI ba="1,0" hai="63,66,70,133,134" m="6729,27663,46602" machi="70" ten="30,3900,0" yaku="13,1,54,2" doraHai="37" who="3" fromWho="2" sc="289,0,250,0,211,-42,250,42" /><INIT seed="1,0,0,5,5,101" ten="289,250,169,292" oya="1" hai0="93,115,98,26,53,47,77,13,29,105,37,106,34" hai1="50,83,36,22,134,15,3,32,62,5,51,132,14" hai2="102,27,122,99,117,74,25,12,38,75,108,57,11" hai3="10,58,97,64,79,120,125,109,128,89,87,70,84"/><U7/><E32/><V41/><F41/><W61/><BYE who="2" /><G120/><T119/><D115/><U40/><E36/><V0/><F0/><W30/><G30/><T127/><D119/><U129/><E3/><V66/><F66/><W49/><G109/><T6/><D127/><U114/><E114/><V56/><F56/><W39/><G125/><T126/><D126/><U42/><E83/><V76/><F76/><W133/><G133/><T16/><D6/><U130/><E22/><V55/><F55/><W92/><G39/><T78/><D77/><U2/><E2/><V69/><F69/><W123/><G123/><T94/><D78/><U20/><E20/><V52/><F52/><N who="3" m="32015" /><G70/><T54/><D94/><U110/><REACH who="1" step="1"/><E62/><REACH who="1" ten="289,240,169,292" step="2"/><V67/><F67/><W48/><G61/><T107/><D37/><U35/><E35/><V116/><F116/><W63/><G63/><T73/><D73/><U86/><E86/><V18/><F18/><W113/><G64/><T82/><D82/><U45/><E45/><V23/><F23/><W111/><G113/><T65/><D47/><U121/><E121/><V72/><F72/><W60/><G84/><T19/><D34/><U95/><E95/><V96/><F96/><W118/><G87/><T9/><D93/><U46/><E46/><V100/><F100/><W80/><G92/><T71/><D98/><U135/><E135/><V81/><F81/><W112/><G97/><T4/><D105/><U103/><E103/><V8/><F8/><W24/><G80/><T124/><D107/><U131/><E131/><V91/><F91/><W21/><G128/><RYUUKYOKU ba="0,1" sc="289,-10,240,30,169,-10,292,-10" hai1="5,7,14,15,40,42,50,51,110,129,130,132,134" /><INIT seed="1,1,1,2,5,56" ten="279,270,159,282" oya="1" hai0="94,61,103,10,33,32,125,102,45,46,118,66,126" hai1="2,1,77,128,86,62,80,14,99,109,69,71,22" hai2="51,106,74,83,105,60,7,23,58,91,87,78,120" hai3="4,113,68,65,39,3,108,116,41,96,70,114,85"/><U6/><E128/><V38/><F38/><W55/><G116/><T54/><D118/><U25/><E109/><V111/><F111/><W31/><G31/><T95/><D10/><U28/><E14/><V36/><F36/><W37/><G4/><T5/><D5/><U133/><E133/><V15/><F15/><W93/><G3/><T47/><D54/><U40/><E40/><V12/><F12/><W42/><G108/><T21/><D21/><U84/><E99/><V16/><F16/><W53/><G85/><T50/><D50/><U11/><E2/><V59/><F59/><W112/><G93/><N who="0" m="35339" /><D66/><U29/><E29/><V122/><F122/><W43/><G96/><T19/><D19/><U88/><REACH who="1" step="1"/><E62/><REACH who="1" ten="279,260,159,282" step="2"/><V8/><F8/><W135/><G135/><T76/><D61/><U89/><E89/><V90/><F90/><W81/><G42/><T97/><D97/><U26/><E26/><V48/><F48/><W64/><G112/><T92/><D76/><U79/><E79/><V119/><F119/><W27/><G27/><T100/><D92/><AGARI ba="1,2" hai="1,6,11,22,25,28,69,71,77,80,84,86,88,92" machi="92" ten="30,5800,0" yaku="1,1,7,1,54,1,53,0" doraHai="56" doraHaiUra="57" who="1" fromWho="0" sc="279,-61,260,81,159,0,282,0" /><INIT seed="1,2,0,4,3,25" ten="218,341,159,282" oya="1" hai0="26,130,123,2,93,43,35,15,77,100,126,33,36" hai1="29,104,69,6,70,9,80,110,44,71,21,134,1" hai2="83,49,52,79,56,101,115,61,5,41,81,47,60" hai3="133,46,132,11,20,13,50,53,30,89,102,103,28"/><U125/><E104/><V128/><F128/><W12/><G20/><T105/><D93/><U31/><E134/><N who="3" m="51818" /><G89/><T23/><D15/><N who="3" m="5705" /><G11/><T7/><D23/><U17/><E125/><V63/><F63/><W82/><G82/><T97/><D26/><U87/><E110/><V37/><F37/><W113/><G113/><T57/><D57/><U51/><E17/><V118/><F118/><W59/><G59/><T114/><D77/><U18/><E18/><V27/><F27/><W4/><G4/><T42/><D43/><U76/><REACH who="1" step="1"/><E21/><REACH who="1" ten="218,331,159,282" step="2"/><V19/><F19/><W64/><G64/><T22/><D126/><U122/><E122/><V108/><F108/><W24/><G24/><T90/><D22/><U109/><E109/><V74/><F74/><W84/><G84/><T135/><D123/><U10/><E10/><V68/><F68/><W67/><G67/><T85/><D135/><U111/><E111/><V45/><F45/><W38/><G38/><T58/><D36/><U75/><E75/><V73/><F73/><W98/><G98/><T107/><D97/><U92/><E92/><V121/><F121/><W0/><G0/><T34/><D2/><U124/><E124/><V48/><F48/><W86/><G86/><T14/><D85/><U62/><E62/><V39/><F39/><W127/><G127/><T116/><D107/><U3/><E3/><V55/><F55/><AGARI ba="2,1" hai="1,6,9,29,31,44,51,55,69,70,71,76,80,87" machi="55" ten="40,7700,0" yaku="1,1,52,2,53,0" doraHai="25" doraHaiUra="94" who="1" fromWho="2" sc="218,0,331,93,159,-83,282,0" /><INIT seed="1,3,0,5,3,94" ten="218,424,76,282" oya="1" hai0="79,127,134,15,8,78,48,69,4,118,40,132,44" hai1="102,36,43,62,0,52,75,124,100,105,1,115,89" hai2="13,84,25,59,120,86,11,35,70,106,116,27,16" hai3="108,109,67,133,39,125,87,22,122,65,10,98,20"/><U38/><E115/><V99/><F99/><W85/><G122/><T50/><D118/><U34/><E34/><V29/><F29/><W103/><G39/><T53/><D69/><U26/><E26/><V2/><F2/><W97/><G10/><T77/><REACH who="0" step="1"/><D127/><REACH who="0" ten="208,424,76,282" step="2"/><U46/><E124/><V47/><F47/><AGARI ba="3,1" hai="4,8,15,40,44,47,48,50,53,77,78,79,132,134" machi="47" ten="40,2600,0" yaku="1,1,2,1,53,0" doraHai="94" doraHaiUra="17" who="0" fromWho="2" sc="208,45,424,0,76,-35,282,0" /><INIT seed="2,0,0,1,2,66" ten="253,424,41,282" oya="2" hai0="111,57,35,127,72,104,15,75,29,19,65,71,73" hai1="87,120,37,28,39,96,11,67,13,76,34,83,110" hai2="84,101,86,45,107,128,109,125,117,51,64,32,59" hai3="58,69,118,105,134,40,41,8,121,38,74,77,56"/><V60/><F60/><W17/><G118/><T20/><D127/><U31/><E110/><V49/><F49/><W18/><G121/><T23/><D111/><U88/><E120/><V25/><F25/><W112/><G112/><T52/><D104/><U36/><E34/><V81/><F81/><W106/><G134/><T4/><D4/><U70/><E96/><V108/><F108/><W90/><G8/><T22/><D35/><U53/><E53/><V30/><F30/><W92/><G90/><T94/><D29/><U1/><E1/><V119/><F119/><W93/><G77/><T133/><D133/><U123/><E123/><V91/><F91/><W82/><G82/><T47/><D47/><U0/><E0/><V50/><F50/><W21/><G21/><T54/><D94/><U26/><E26/><V115/><F115/><W42/><G38/><UN n2="%E3%81%88%E3%82%8B%E3%81%9F%E3%81%9D" /><T9/><BYE who="2" /><REACH who="0" step="1"/><D57/><REACH who="0" ten="243,424,41,282" step="2"/><U46/><E46/><V135/><F135/><W61/><G74/><T95/><D95/><N who="3" m="36425" /><G61/><AGARI ba="0,1" hai="9,15,19,20,22,23,52,54,61,65,71,72,73,75" machi="61" ten="50,6400,0" yaku="1,1,52,1,54,1,53,0" doraHai="66" doraHaiUra="85" who="0" fromWho="3" sc="243,74,424,0,41,0,282,-64" /><INIT seed="3,0,0,5,1,105" ten="317,424,41,218" oya="3" hai0="104,1,11,123,115,73,89,14,103,109,44,88,10" hai1="52,79,99,2,106,57,23,100,110,75,62,61,135" hai2="51,131,120,70,41,122,113,80,102,107,18,117,53" hai3="71,17,84,92,63,58,112,68,12,126,133,30,96"/><W32/><G112/><T56/><D115/><U38/><E38/><V43/><F43/><W19/><G133/><T132/><D123/><U69/><E2/><V3/><F3/><W21/><G126/><T36/><D132/><U108/><E135/><V111/><F111/><N who="1" m="42537" /><E23/><V47/><F47/><W25/><G84/><T95/><D89/><U98/><E98/><V37/><F37/><W33/><G19/><T64/><D56/><U91/><E91/><V127/><F127/><W28/><G28/><UN n2="%E3%81%88%E3%82%8B%E3%81%9F%E3%81%9D" /><T4/><BYE who="2" /><D14/><U74/><E79/><V129/><F129/><W66/><REACH who="3" step="1"/><G32/><REACH who="3" ten="317,424,41,208" step="2"/><T8/><D73/><U124/><E124/><V49/><F49/><W83/><G83/><T72/><D36/><UN n2="%E3%81%88%E3%82%8B%E3%81%9F%E3%81%9D" /><U114/><E114/><V39/><F39/><W116/><BYE who="2" /><G116/><T16/><D72/><U85/><E85/><V93/><F93/><W59/><G59/><T60/><D16/><U101/><E74/><V55/><F55/><W121/><G121/><T26/><D64/><N who="1" m="41111" /><E75/><V67/><F67/><W119/><G119/><T13/><D44/><U27/><E27/><V45/><F45/><W48/><G48/><T90/><D26/><U82/><E82/><V31/><F31/><W40/><G40/><T42/><D42/><U86/><E86/><V34/><F34/><W65/><G65/><T5/><D109/><U54/><E54/><V9/><F9/><W118/><G118/><T94/><D11/><U0/><E52/><V6/><F6/><W24/><G24/><T130/><D4/><U50/><E57/><V134/><F134/><W35/><G35/><T78/><D5/><RYUUKYOKU ba="0,1" sc="317,-10,424,-10,41,-10,208,30" hai3="12,17,21,25,30,33,58,63,66,68,71,92,96" /><INIT seed="3,1,1,4,4,74" ten="307,414,31,238" oya="3" hai0="86,104,105,49,91,119,67,133,92,41,22,97,21" hai1="101,123,5,89,54,42,114,85,110,43,130,15,3" hai2="9,27,55,109,25,16,82,0,113,19,28,70,39" hai3="98,115,61,13,47,31,18,112,11,129,46,17,30"/><W76/><G129/><T44/><D119/><U1/><E114/><V94/><F94/><W131/><G131/><T124/><D133/><U12/><E130/><V4/><F4/><W40/><G47/><T95/><D124/><U102/><E123/><V87/><F87/><W7/><G112/><T90/><D67/><U132/><E132/><V63/><F63/><W14/><G115/><T33/><D33/><U32/><E32/><V83/><F83/><W50/><G98/><T71/><D71/><U80/><E110/><V120/><F120/><W128/><G128/><T96/><D86/><U108/><E108/><V88/><F88/><W66/><G76/><T78/><D78/><U77/><E3/><V107/><F107/><AGARI ba="1,1" hai="21,22,41,44,49,90,91,92,95,96,97,104,105,107" machi="107" ten="40,1300,0" yaku="9,1" doraHai="74" who="0" fromWho="2" sc="307,26,414,0,31,-16,238,0" owari="333,13.0,414,51.0,15,-48.0,238,-16.0" /></mjloggm>