<mjloggm ver="2.3"><GO type="97" lobby="0"/><UN n0="%E5%B9%B3%E5%92%8C%E4%B8%BB%E7%BE%A9%E8%80%85%2E" n1="%E3%81%AD%E3%82%8A%E3%82%B4%E3%83%9E" n2="%E5%B0%B1%E6%B4%BB%E7%94%9F%40%E5%B7%9D%E6%9D%91%E8%BB%8D%E5%9B%A3" n3="%6D%75%67%65%6E%40" dan="13,14,14,15" rate="1911.83,1974.23,1995.41,2015.29" sx="M,M,M,M"/><TAIKYOKU oya="0"/><INIT seed="0,0,0,0,1,41" ten="250,250,250,250" oya="0" hai0="68,13,117,23,22,80,121,11,48,55,71,72,7" hai1="6,12,56,5,123,69,14,52,26,135,64,74,16" hai2="82,18,19,127,83,94,2,116,111,86,104,124,84" hai3="90,58,60,125,77,61,87,59,100,89,27,126,21"/><T35/><D121/><U29/><E123/><V91/><F2/><W131/><G100/><T20/><D117/><U43/><E74/><V102/><F116/><W110/><G110/><T108/><D35/><U93/><E135/><V30/><F30/><W47/><G131/><T54/><D108/><U134/><E134/><V114/><F114/><W36/><G77/><T49/><D72/><U38/><E14/><V51/><F111/><W133/><G133/><T46/><REACH who="0" step="1"/><D80/><REACH who="0" ten="240,250,250,250" step="2"/><U17/><E12/><V31/><F83/><N who="3" m="49407" /><G125/><T39/><D39/><U73/><E38/><V95/><F82/><W28/><G126/><T0/><D0/><U67/><E73/><V37/><F37/><W78/><G36/><T4/><D4/><U103/><E5/><V119/><F127/><W128/><G128/><T96/><D96/><U10/><E6/><V32/><F124/><W62/><G78/><T92/><D92/><U9/><E93/><V65/><F119/><W120/><G120/><T132/><D132/><U129/><E129/><V122/><F95/><W101/><G101/><T76/><D76/><U42/><E103/><V115/><F102/><W113/><G113/><T15/><D15/><U85/><E85/><V25/><F122/><W118/><G118/><T33/><D33/><U57/><E26/><V66/><F115/><W70/><G90/><T112/><D112/><U1/><E1/><V24/><F24/><W40/><G70/><T130/><D130/><U50/><E69/><V45/><F86/><W63/><N who="3" m="15872" /><DORA hai="79" /><W8/><G8/><T106/><D106/><U105/><E9/><RYUUKYOKU ba="0,1" sc="240,15,250,-15,250,-15,250,15" hai0="7,11,13,20,22,23,46,48,49,54,55,68,71" hai3="21,27,28,40,47,58,59" /><INIT seed="0,1,1,1,4,134" ten="255,235,235,265" oya="0" hai0="86,45,106,73,40,27,124,100,92,36,135,121,93" hai1="30,78,88,63,55,58,21,76,31,66,107,99,43" hai2="20,19,54,85,62,42,53,47,84,60,5,56,77" hai3="37,105,114,72,17,49,9,28,65,6,59,8,7"/><T67/><D121/><U4/><E107/><V75/><F5/><W32/><G72/><T127/><D135/><U120/><E120/><V33/><F33/><W82/><G37/><T3/><D73/><U117/><E117/><V95/><F75/><W16/><G105/><T38/><D3/><U44/><E4/><N who="3" m="1578" /><G82/><T111/><D111/><U68/><E78/><V15/><F77/><W80/><G80/><T91/><D36/><N who="1" m="21607" /><E21/><V125/><F125/><N who="0" m="48202" /><D67/><U129/><E76/><V122/><F122/><W81/><G81/><N who="0" m="49615" /><D27/><U34/><E34/><V64/><F95/><W57/><G65/><T79/><D79/><U14/><E14/><V26/><F26/><W110/><G110/><T118/><D118/><U96/><E68/><V104/><F104/><W48/><G32/><T41/><D41/><U50/><E66/><V108/><F108/><W61/><G28/><T12/><D12/><U35/><E31/><V52/><REACH who="2" step="1"/><F60/><REACH who="2" ten="255,235,225,265" step="2"/><W113/><G61/><T23/><D23/><U69/><E63/><V11/><F11/><W46/><G9/><T0/><D0/><U101/><E35/><V109/><F109/><W2/><G8/><T116/><D116/><U119/><E119/><V94/><F94/><W112/><G2/><T83/><D83/><U24/><E24/><V97/><F97/><AGARI ba="1,2" hai="38,40,45,92,93,97,100,106" m="49615,48202" machi="97" ten="30,11600,0" yaku="18,1,52,3" doraHai="134" who="0" fromWho="2" sc="255,139,235,0,225,-119,265,0" /><INIT seed="0,2,0,3,1,85" ten="394,235,106,265" oya="0" hai0="89,99,43,18,103,66,16,40,48,131,82,127,2" hai1="36,17,4,76,130,6,105,58,60,123,75,42,52" hai2="5,61,67,62,88,22,81,26,120,70,41,63,9" hai3="79,95,46,134,94,102,32,31,8,107,78,83,49"/><T115/><D115/><U114/><E123/><V73/><F120/><W69/><G69/><T68/><D131/><U116/><E114/><V45/><F73/><W133/><G8/><T121/><D121/><U100/><E116/><V87/><F41/><W7/><G7/><T93/><D2/><U135/><E130/><V3/><REACH who="2" step="1"/><F45/><REACH who="2" ten="394,235,96,265" step="2"/><W13/><G46/><T64/><D43/><U19/><E42/><V21/><F21/><W28/><G32/><T51/><D40/><U47/><E75/><V113/><F113/><W108/><G133/><T104/><D127/><U110/><E135/><V122/><F122/><W14/><G134/><T35/><D35/><U11/><E47/><V56/><F56/><W119/><G119/><T29/><D104/><U65/><E58/><V55/><F55/><W59/><G107/><T57/><D57/><U111/><E105/><V129/><F129/><W80/><G59/><T33/><D33/><U86/><E52/><V97/><F97/><W23/><G23/><T37/><D68/><U53/><E53/><V98/><F98/><W74/><G74/><T96/><D96/><U92/><E110/><V132/><F132/><W54/><G108/><T30/><D99/><U34/><E111/><V72/><F72/><W1/><G54/><T125/><D125/><U50/><E34/><V118/><F118/><W84/><G102/><T39/><D103/><U112/><E100/><V38/><F38/><W117/><G117/><T15/><D39/><U10/><E36/><V126/><F126/><W77/><G49/><T44/><D37/><U71/><E112/><RYUUKYOKU ba="2,1" sc="394,-10,235,-10,96,30,265,-10" hai2="3,5,9,22,26,61,62,63,67,70,81,87,88" /><INIT seed="1,3,1,1,3,72" ten="384,225,126,255" oya="1" hai0="4,107,17,49,11,91,5,100,125,58,128,102,77" hai1="113,70,61,13,116,59,32,7,135,34,71,105,27" hai2="25,15,21,131,67,47,129,68,84,127,60,109,111" hai3="26,118,52,12,89,83,55,115,46,98,56,23,95"/><U44/><E113/><V50/><F15/><W75/><G115/><T86/><D128/><N who="2" m="49226" /><F84/><W36/><G118/><T66/><D125/><U33/><E116/><V14/><F14/><W63/><G12/><N who="0" m="7327" /><D107/><U106/><E135/><V97/><F97/><W121/><G121/><T93/><D77/><U104/><E27/><V1/><F1/><W29/><G75/><T30/><D30/><U122/><E44/><V2/><F2/><W92/><G83/><T39/><D39/><U126/><E122/><V112/><F21/><W99/><G36/><T81/><D81/><U78/><E126/><V123/><F25/><W76/><G76/><T0/><D0/><U110/><E13/><V103/><F103/><N who="0" m="39466" /><D49/><U117/><E117/><V94/><F94/><N who="3" m="56655" /><G99/><T79/><D79/><U65/><E78/><V120/><F112/><W130/><G130/><T134/><D134/><U124/><E124/><V10/><F10/><W38/><G38/><T85/><D85/><U3/><E3/><V9/><F9/><W132/><G132/><T51/><D51/><AGARI ba="3,1" hai="23,26,29,46,51,52,55,56,63,92,95" m="56655" machi="51" ten="30,2000,0" yaku="8,1,54,1" doraHai="72" who="3" fromWho="0" sc="384,-29,225,0,126,0,255,39" /><INIT seed="2,0,0,4,2,135" ten="355,225,126,294" oya="2" hai0="58,42,119,26,111,59,54,5,33,89,68,24,57" hai1="114,2,109,47,128,132,102,124,104,71,55,74,61" hai2="125,105,12,97,75,36,79,121,95,11,106,8,129" hai3="30,65,112,93,126,64,82,81,127,43,84,123,100"/><V50/><F121/><W107/><G123/><T83/><D68/><U44/><RYUUKYOKU type="yao9" ba="0,0" sc="355,0,225,0,126,0,294,0" hai1="2,44,47,55,61,71,74,102,104,109,114,124,128,132" /><INIT seed="2,1,0,5,2,4" ten="355,225,126,294" oya="2" hai0="100,32,115,89,93,2,82,1,99,135,128,133,67" hai1="116,23,81,95,31,45,114,70,83,117,44,112,19" hai2="61,118,75,16,17,53,77,42,97,103,134,33,73" hai3="120,76,12,123,41,43,96,105,58,109,0,88,6"/><V15/><F118/><W7/><G0/><N who="0" m="107" /><D115/><U52/><E70/><V47/><F33/><W129/><G76/><T34/><D128/><U122/><E114/><V110/><F134/><N who="0" m="51210" /><D67/><U36/><E112/><V65/><F110/><W87/><G109/><T127/><D127/><U3/><E3/><V94/><F53/><W92/><G129/><T104/><D82/><U28/><E117/><V84/><F84/><AGARI ba="1,0" hai="32,34,84,89,93,99,100,104" m="51210,107" machi="84" ten="30,1000,0" yaku="20,1" doraHai="4" who="0" fromWho="2" sc="355,13,225,0,126,-13,294,0" /><INIT seed="3,0,0,3,0,76" ten="368,225,113,294" oya="3" hai0="56,15,119,4,11,120,5,135,133,117,66,90,73" hai1="54,39,114,64,31,25,51,129,78,57,55,35,43" hai2="28,45,110,75,125,29,123,2,72,58,92,52,103" hai3="70,134,23,112,74,59,128,82,37,91,41,109,87"/><W63/><G112/><T116/><D120/><U44/><E129/><V1/><F45/><W111/><G128/><T49/><D73/><U30/><E114/><V107/><F107/><W121/><G121/><T106/><D106/><U118/><E118/><V80/><F123/><W27/><G70/><T97/><D4/><U17/><E55/><V7/><F7/><W71/><G71/><T68/><D68/><U113/><E113/><V65/><F65/><W69/><G69/><T0/><D0/><U105/><E105/><V102/><F110/><W122/><G122/><T48/><D66/><U36/><E36/><V124/><F92/><W13/><G13/><T10/><D10/><U67/><E78/><V89/><F89/><W104/><G104/><T93/><REACH who="0" step="1"/><D56/><REACH who="0" ten="358,225,113,294" step="2"/><U126/><E126/><V14/><F58/><W85/><G111/><T83/><D83/><U98/><E98/><V21/><F21/><W77/><G109/><T86/><D86/><U94/><E94/><V81/><REACH who="2" step="1"/><F14/><REACH who="2" ten="358,225,103,294" step="2"/><W38/><G134/><AGARI ba="0,2" hai="5,11,15,48,49,90,93,97,116,117,119,133,134,135" machi="134" ten="50,3200,0" yaku="1,1,20,1,53,0" doraHai="76" doraHaiUra="127" who="0" fromWho="3" sc="358,52,225,0,103,0,294,-32" owari="410,51.0,225,-17.0,103,-40.0,262,6.0" /></mjloggm>