<mjloggm ver="2.3"><GO type="41" lobby="0"/><UN n0="%73%75%65%64%65%35%31" n1="%E5%B0%B1%E6%B4%BB%E7%94%9F%40%E5%B7%9D%E6%9D%91%E8%BB%8D%E5%9B%A3" n2="%64%61%6E%6E%63%68%69" n3="%47%4C%49%4E%45" dan="14,17,15,13" rate="1908.81,2155.20,1965.03,1851.58" sx="M,M,M,M"/><TAIKYOKU oya="0"/><INIT seed="0,0,0,0,3,87" ten="250,250,250,250" oya="0" hai0="7,112,23,19,20,91,90,71,67,122,94,39,57" hai1="132,76,27,40,1,120,126,124,36,10,5,78,18" hai2="34,32,103,33,25,70,51,95,133,59,75,79,108" hai3="29,110,127,93,28,8,131,83,89,64,38,52,9"/><T101/><D71/><U65/><E65/><V104/><F70/><W49/><G38/><T68/><D68/><U6/><E40/><V31/><F104/><W82/><G110/><T113/><D122/><U111/><E36/><V84/><F108/><W17/><G131/><T134/><D39/><U13/><E111/><V109/><F75/><W42/><G127/><N who="1" m="48682" /><E78/><V107/><F107/><W96/><G17/><T98/><D7/><N who="1" m="1391" /><E76/><V43/><F109/><W30/><G42/><T54/><D67/><U50/><E50/><V81/><F133/><W41/><G41/><T11/><D134/><U16/><E120/><V21/><F43/><W46/><G64/><T48/><D11/><AGARI ba="0,0" hai="8,9,11,28,29,30,46,49,52,82,83,89,93,96" machi="11" ten="40,5200,0" yaku="8,1,52,1,54,1" doraHai="87" who="3" fromWho="0" sc="250,-52,250,0,250,0,250,52" /><INIT seed="1,0,0,3,1,135" ten="198,250,250,302" oya="1" hai0="88,133,15,117,12,127,102,128,130,61,11,110,46" hai1="124,92,91,31,80,114,41,5,121,106,37,115,27" hai2="22,8,36,83,35,18,13,78,122,19,103,112,49" hai3="108,126,40,42,17,132,60,51,96,43,82,107,34"/><U111/><E106/><V99/><F36/><W14/><G108/><T23/><D117/><U67/><E5/><V134/><F35/><W119/><G126/><T129/><D110/><U72/><E121/><V125/><F134/><W100/><G132/><T77/><D133/><U116/><E116/><V90/><F122/><W3/><G119/><T1/><D102/><U59/><E37/><V7/><F112/><W131/><G34/><T54/><D77/><U38/><E38/><V9/><F90/><W68/><G131/><T62/><D127/><U29/><E41/><V53/><F125/><W97/><G3/><T93/><D1/><U71/><E71/><V63/><F63/><W118/><G118/><T101/><D101/><U6/><E124/><V123/><F123/><W30/><G30/><T28/><D28/><U2/><E2/><V104/><F9/><W26/><G26/><T85/><D23/><U73/><E6/><V109/><F109/><W74/><G96/><T25/><D25/><U57/><E111/><V0/><F19/><W16/><G51/><N who="0" m="29047" /><D15/><U89/><E27/><V4/><F4/><AGARI ba="0,0" hai="4,11,12,61,62,85,88,93,128,129,130" m="29047" machi="4" ten="30,2000,0" yaku="19,1,54,1" doraHai="135" who="0" fromWho="2" sc="198,20,250,0,250,-20,302,0" /><INIT seed="2,0,0,0,1,15" ten="218,250,230,302" oya="2" hai0="109,99,133,59,50,42,27,9,8,57,95,131,94" hai1="36,125,124,81,73,66,93,77,122,20,76,34,35" hai2="113,70,18,31,16,128,11,19,121,132,14,28,115" hai3="84,120,55,2,1,49,134,79,96,22,135,112,71"/><V51/><F70/><W117/><G117/><T6/><D133/><U38/><E122/><V24/><F51/><W98/><G120/><T74/><D74/><U78/><E66/><V25/><F121/><W90/><G71/><T54/><D42/><U102/><E73/><V130/><F132/><N who="3" m="50731" /><G79/><T46/><D95/><U61/><E61/><V60/><F60/><W88/><G22/><T39/><D39/><U106/><E106/><V37/><F37/><W80/><G112/><N who="2" m="43081" /><F25/><W127/><G127/><T75/><D75/><U21/><E81/><V48/><F48/><W91/><G1/><T40/><D131/><N who="2" m="50218" /><F31/><W89/><G2/><T0/><D8/><U86/><E38/><V123/><F123/><W26/><G26/><T100/><D27/><U4/><E36/><V104/><F104/><W65/><G65/><T62/><D59/><AGARI ba="0,0" hai="49,55,59,80,84,88,89,90,91,96,98" m="50731" machi="59" ten="30,2000,0" yaku="20,1,54,1" doraHai="15" who="3" fromWho="0" sc="218,-20,250,0,230,0,302,20" /><INIT seed="3,0,0,2,1,71" ten="198,250,230,322" oya="3" hai0="14,111,127,94,89,124,63,85,118,106,79,28,60" hai1="29,16,20,133,6,104,75,81,115,22,73,120,90" hai2="3,84,98,96,8,114,87,41,45,83,103,35,24" hai3="53,110,17,51,42,18,2,47,49,93,101,10,97"/><W37/><G110/><T52/><D118/><U105/><E120/><V76/><F114/><W32/><G32/><T78/><D106/><U44/><E115/><V69/><F69/><W66/><G66/><T74/><D28/><U67/><E133/><V43/><F84/><W99/><G2/><T9/><D111/><U25/><E6/><V23/><F35/><W95/><G10/><T59/><D63/><U54/><E67/><V70/><F70/><W116/><G116/><T130/><D74/><U58/><E44/><V1/><F43/><W0/><G0/><T117/><D130/><U132/><E132/><V65/><F65/><W121/><G121/><T62/><D62/><U61/><E75/><V102/><F8/><W88/><G51/><T126/><REACH who="0" step="1"/><D117/><REACH who="0" ten="188,250,230,322" step="2"/><U86/><REACH who="1" step="1"/><E73/><REACH who="1" ten="188,240,230,322" step="2"/><V40/><F1/><W30/><REACH who="3" step="1"/><G30/><REACH who="3" ten="188,240,230,312" step="2"/><T55/><D55/><U31/><E31/><V48/><F3/><W21/><G21/><T77/><D77/><U19/><E19/><AGARI ba="0,3" hai="9,14,19,52,59,60,78,79,85,89,94,124,126,127" machi="19" ten="40,5200,0" yaku="1,1,18,1,54,1,53,0" doraHai="71" doraHaiUra="112" who="0" fromWho="1" sc="188,82,240,-52,230,0,312,0" /><INIT seed="4,0,0,1,5,73" ten="270,188,230,312" oya="0" hai0="133,120,111,99,123,3,41,26,134,77,76,90,98" hai1="47,19,62,103,109,135,92,31,107,121,79,124,75" hai2="55,129,70,25,101,52,112,10,85,126,33,34,16" hai3="106,53,88,29,50,54,22,72,8,108,78,43,94"/><T28/><D3/><U113/><E107/><V83/><F70/><W15/><G108/><T132/><D111/><U95/><E109/><V74/><F74/><W58/><G106/><T71/><D71/><U24/><E121/><N who="0" m="46665" /><D41/><U49/><E124/><V127/><F112/><W64/><G54/><N who="2" m="20521" /><F129/><W96/><G43/><T6/><D6/><U80/><E135/><V105/><F105/><W67/><G29/><T0/><D0/><U30/><E113/><V51/><F101/><W9/><G22/><T37/><D37/><U65/><E103/><V59/><F59/><W84/><G72/><T42/><D42/><U48/><E19/><V117/><F51/><W4/><G9/><T40/><D40/><U36/><E36/><V89/><F117/><W125/><G125/><N who="2" m="47625" /><F25/><W35/><G35/><N who="0" m="20887" /><D90/><U23/><E31/><V2/><F2/><W38/><G38/><T60/><D60/><U66/><E66/><V12/><AGARI ba="0,0" hai="10,12,16,33,34,83,85,89" m="47625,20521" machi="12" ten="30,4000,0" yaku="18,1,54,2" doraHai="73" who="2" fromWho="2" sc="270,-20,188,-10,230,40,312,-10" /><INIT seed="5,0,0,4,1,11" ten="250,178,270,302" oya="1" hai0="75,65,86,23,19,52,42,133,128,22,84,58,4" hai1="71,110,79,33,77,68,98,27,132,92,31,34,29" hai2="20,121,87,74,104,40,129,125,83,28,82,118,2" hai3="120,123,102,14,55,109,73,0,50,114,100,62,48"/><U46/><E132/><V49/><F2/><W44/><G109/><T36/><D75/><U7/><E110/><V15/><F104/><W69/><G73/><T88/><D65/><U111/><E111/><V54/><F118/><W1/><G114/><T47/><D84/><U72/><E7/><V99/><F121/><W134/><G134/><T91/><D133/><U60/><E46/><V12/><F125/><W67/><G50/><T6/><D91/><U107/><E92/><V26/><F40/><W8/><G1/><T63/><D23/><U97/><E60/><V51/><F74/><W35/><G35/><T131/><D131/><U81/><E77/><N who="2" m="46543" /><F129/><W53/><G53/><T24/><D128/><U93/><E98/><V90/><F51/><W96/><G0/><T37/><D37/><U9/><E9/><V39/><F39/><W21/><G21/><T10/><D10/><U30/><E30/><V113/><F113/><W38/><G38/><T41/><D42/><U94/><E94/><AGARI ba="0,0" hai="4,6,19,22,24,36,41,47,52,58,63,86,88,94" machi="94" ten="30,3900,0" yaku="7,1,54,2" doraHai="11" who="0" fromWho="1" sc="250,39,178,-39,270,0,302,0" /><INIT seed="6,0,0,1,2,17" ten="289,139,270,302" oya="2" hai0="49,104,121,88,135,11,50,111,89,75,72,9,99" hai1="96,134,69,115,117,84,47,133,15,27,7,28,74" hai2="64,132,97,119,90,40,80,54,67,37,77,2,19" hai3="106,61,39,62,131,130,56,58,32,92,112,29,129"/><V60/><F119/><W128/><G106/><T48/><D111/><U79/><E69/><V93/><F2/><W14/><G32/><T33/><D33/><U91/><E117/><V59/><F132/><W71/><G29/><T102/><D121/><U34/><E115/><V95/><F40/><W125/><G112/><T1/><D135/><U81/><E47/><V66/><F37/><W55/><G92/><T36/><D36/><U118/><E118/><V82/><F77/><W101/><G101/><T65/><D65/><U108/><E108/><V22/><REACH who="2" step="1"/><F95/><REACH who="2" ten="289,139,260,302" step="2"/><W113/><G113/><T78/><D1/><U116/><E116/><V85/><F85/><W126/><G39/><T13/><D78/><U114/><E114/><V57/><F57/><W42/><G42/><T83/><D83/><U52/><E133/><V103/><F103/><W5/><G71/><T16/><REACH who="0" step="1"/><D9/><REACH who="0" ten="279,139,260,302" step="2"/><U12/><E134/><V10/><F10/><W45/><G131/><T35/><D35/><U6/><E34/><V46/><F46/><W122/><G45/><T18/><D18/><U123/><E123/><V44/><F44/><W110/><G110/><T120/><D120/><U3/><E3/><V87/><F87/><W127/><G122/><T21/><D21/><U30/><E84/><V25/><AGARI ba="0,2" hai="19,22,25,54,59,60,64,66,67,80,82,90,93,97" machi="25" ten="30,18000,2" yaku="1,1,0,1,25,2,8,1,52,1,53,0" doraHai="17" doraHaiUra="98" who="2" fromWho="2" sc="279,-60,139,-60,260,200,302,-60" /><INIT seed="6,1,0,0,3,24" ten="219,79,460,242" oya="2" hai0="103,22,35,130,51,42,68,94,134,135,13,126,1" hai1="111,57,80,102,56,17,78,81,87,99,14,69,92" hai2="89,112,10,77,106,36,8,15,120,28,75,30,110" hai3="5,118,71,93,6,128,18,58,122,20,16,70,11"/><V133/><F106/><W41/><G118/><T12/><D1/><U98/><E111/><V38/><F112/><W132/><G122/><T113/><D35/><U124/><E69/><V101/><F101/><W54/><G132/><T107/><D107/><U25/><E124/><V83/><F133/><W43/><G128/><T104/><D104/><U66/><E66/><V49/><F120/><W79/><G79/><T90/><D103/><U29/><E81/><V109/><F89/><W21/><G93/><T74/><D74/><U88/><E99/><V34/><F49/><W31/><G11/><N who="2" m="4137" /><F34/><W44/><G44/><T46/><D68/><U131/><E131/><V108/><F15/><W91/><G91/><T9/><D113/><U86/><E86/><V55/><F55/><W76/><G76/><T100/><D100/><U125/><E125/><V67/><F67/><W62/><G54/><T73/><D73/><U123/><E123/><V59/><F59/><W116/><G116/><T97/><D126/><U47/><E47/><V84/><F75/><W32/><G32/><T95/><D130/><U48/><E48/><V127/><F127/><W117/><G117/><T52/><D135/><U50/><E50/><V37/><AGARI ba="1,0" hai="28,30,36,37,38,77,83,84,108,109,110" m="4137" machi="37" ten="40,7800,0" yaku="10,1,52,2" doraHai="24" who="2" fromWho="2" sc="219,-27,79,-27,460,81,242,-27" /><INIT seed="6,2,0,3,2,45" ten="192,52,541,215" oya="2" hai0="39,94,37,41,12,69,132,91,64,115,103,79,88" hai1="49,17,74,2,99,43,54,82,128,22,56,104,27" hai2="87,25,62,57,102,59,106,98,130,0,33,60,76" hai3="32,26,84,86,75,110,95,58,51,122,3,125,65"/><V4/><F130/><W123/><G110/><T1/><D1/><U36/><E128/><V30/><F4/><W10/><G75/><T47/><D132/><U120/><E120/><V100/><F0/><W101/><G125/><T15/><D79/><U55/><E2/><V113/><F113/><W78/><G84/><T109/><D37/><U135/><E135/><V90/><F76/><W112/><G112/><T83/><D109/><U107/><E99/><V117/><F100/><W81/><G10/><T48/><D83/><U46/><E74/><V92/><F117/><W28/><G3/><T16/><D12/><U11/><E82/><V34/><F34/><W96/><G51/><T134/><D115/><U50/><REACH who="1" step="1"/><E11/><REACH who="1" ten="192,42,541,215" step="2"/><V129/><F129/><W20/><G32/><T35/><D35/><U121/><E121/><V131/><F131/><W108/><REACH who="3" step="1"/><G108/><REACH who="3" ten="192,42,541,205" step="2"/><T116/><D134/><U14/><E14/><V66/><F62/><AGARI ba="2,2" hai="20,26,28,58,62,65,78,81,86,95,96,101,122,123" machi="62" ten="40,8000,1" yaku="1,1,2,1,25,2,53,1" doraHai="45" doraHaiUra="53" who="3" fromWho="2" sc="192,0,42,0,541,-86,205,106" /><INIT seed="7,0,0,4,2,30" ten="192,42,455,311" oya="3" hai0="11,24,47,42,15,31,62,28,74,51,135,110,9" hai1="124,117,61,80,122,97,105,13,10,126,113,8,79" hai2="71,19,70,86,85,54,38,16,36,100,131,40,91" hai3="34,82,132,23,102,7,35,108,55,112,6,48,87"/><W18/><G112/><T104/><D74/><U1/><E1/><V25/><F131/><W96/><G132/><T90/><D110/><U0/><E0/><V77/><F100/><W41/><G41/><T46/><D31/><U72/><E61/><V27/><F54/><W58/><G108/><T116/><D116/><U123/><E13/><V65/><F91/><W60/><G60/><T53/><D104/><U56/><E56/><V67/><F77/><W69/><G69/><T88/><D9/><U57/><E57/><V76/><F76/><W121/><G121/><T66/><D62/><U78/><E10/><V45/><F45/><W120/><G120/><N who="1" m="46122" /><E8/><V111/><F111/><W22/><G22/><T75/><D75/><U2/><E2/><V63/><F63/><W32/><G87/><T101/><D66/><U107/><E79/><V3/><F3/><W50/><G82/><T98/><D46/><U68/><E68/><V118/><F40/><W129/><G48/><T33/><D42/><U12/><E12/><V103/><F103/><W128/><G6/><T125/><D101/><N who="1" m="62639" /><E107/><V133/><F133/><W83/><G7/><T52/><D135/><U49/><E49/><V114/><F114/><W106/><REACH who="3" step="1"/><G83/><REACH who="3" ten="192,42,455,301" step="2"/><T92/><D51/><U130/><E113/><V93/><F118/><W119/><G119/><T29/><D53/><U26/><E26/><AGARI ba="0,1" hai="18,23,26,32,34,35,50,55,58,96,102,106,128,129" machi="26" ten="40,18000,2" yaku="1,1,52,3,53,2" doraHai="30" doraHaiUra="127" who="3" fromWho="1" sc="192,0,42,-180,455,0,301,190" owari="192,-21.0,-138,-64.0,455,26.0,491,59.0" /></mjloggm>