<mjloggm ver="2.3"><GO type="41" lobby="0"/><UN n0="%E3%81%B1%E3%81%B4%E3%82%88%E3%82%93" n1="%E5%B0%B1%E6%B4%BB%E7%94%9F%40%E5%B7%9D%E6%9D%91%E8%BB%8D%E5%9B%A3" n2="%E6%A9%98%E6%A2%A8%E7%B4%97" n3="%79%61%6D%61%64%61%2D" dan="13,17,13,14" rate="1935.62,2108.85,1842.07,1916.50" sx="M,M,M,M"/><TAIKYOKU oya="0"/><INIT seed="0,0,0,0,2,68" ten="250,250,250,250" oya="0" hai0="57,99,3,79,20,76,6,86,83,108,19,65,94" hai1="75,66,8,132,59,93,50,133,116,61,41,114,135" hai2="71,46,12,120,90,2,10,18,111,48,80,96,15" hai3="84,112,47,113,31,35,26,34,117,109,36,37,88"/><T56/><D6/><U89/><E75/><V130/><F120/><W5/><G117/><T62/><D3/><U22/><E116/><V58/><F71/><W7/><G47/><T55/><D108/><U13/><E114/><V122/><F122/><W63/><G109/><T72/><D72/><U16/><E41/><V91/><F2/><W25/><G63/><T39/><D39/><U81/><E81/><V134/><F134/><W21/><G21/><T0/><D0/><U129/><E129/><V64/><F130/><W121/><G121/><T95/><D76/><U85/><E50/><V105/><F111/><W100/><G100/><T33/><D33/><U30/><E30/><V104/><F15/><W106/><G106/><T110/><D110/><U49/><E49/><V124/><F124/><W131/><G84/><T70/><D70/><U103/><E103/><V115/><F115/><W17/><G17/><T119/><D119/><U40/><E40/><V32/><F32/><W102/><G102/><T29/><D99/><U118/><E118/><V92/><F80/><W101/><G101/><T45/><D45/><U51/><E51/><V87/><F104/><W125/><G131/><T42/><D42/><U82/><E82/><N who="2" m="49527" /><F105/><W52/><G31/><T28/><D29/><U53/><REACH who="1" step="1"/><E8/><REACH who="1" ten="250,240,250,250" step="2"/><V44/><F48/><W67/><G113/><T74/><D28/><U14/><E14/><V127/><F127/><W43/><G112/><T24/><D74/><U78/><E78/><V60/><AGARI ba="0,1" hai="10,12,18,44,46,58,60,64,91,92,96" m="49527" machi="60" ten="30,1100,0" yaku="8,1" doraHai="68" who="2" fromWho="2" sc="250,-5,240,-3,250,21,250,-3" /><INIT seed="1,0,0,3,3,73" ten="245,237,271,247" oya="1" hai0="129,93,11,117,133,14,58,52,107,113,99,48,31" hai1="86,105,83,79,51,90,118,67,47,23,35,10,108" hai2="102,38,62,101,6,125,64,19,88,43,80,74,16" hai3="41,0,12,87,81,18,75,115,13,122,27,4,39"/><U33/><E105/><V110/><F125/><W54/><G122/><T5/><D117/><U96/><E118/><V132/><F132/><W59/><G115/><T63/><D133/><U134/><E134/><V65/><F110/><W57/><G75/><T111/><D111/><U77/><E108/><V135/><F135/><W68/><G68/><T40/><D129/><U116/><E116/><V78/><F38/><W89/><G0/><T56/><D107/><U9/><E33/><V92/><F43/><W69/><G69/><T128/><D128/><U70/><E35/><V120/><F6/><W124/><G124/><T72/><D72/><U1/><E1/><V104/><F104/><W85/><G39/><T130/><D130/><U127/><E127/><V2/><F2/><W76/><G41/><T71/><D71/><U55/><E96/><V22/><F120/><W119/><G119/><T109/><D109/><U95/><E83/><V17/><F22/><N who="3" m="13783" /><G4/><T114/><D31/><U20/><E67/><V106/><F106/><W131/><G131/><T112/><D40/><U121/><E70/><V44/><F44/><W26/><G26/><T7/><D7/><U36/><E36/><V98/><REACH who="2" step="1"/><F65/><REACH who="2" ten="245,237,261,247" step="2"/><W82/><G59/><AGARI ba="0,1" hai="16,17,19,59,62,64,74,78,80,88,92,98,101,102" machi="59" ten="40,8000,1" yaku="1,1,2,1,52,1,54,2,53,0" doraHai="73" doraHaiUra="25" who="2" fromWho="3" sc="245,0,237,0,261,90,247,-80" /><INIT seed="2,0,0,3,1,105" ten="245,237,351,167" oya="2" hai0="90,0,26,88,50,83,87,84,132,134,76,54,46" hai1="126,77,6,28,124,98,41,117,45,70,38,37,135" hai2="25,29,18,2,12,61,64,113,23,33,60,59,36" hai3="123,80,5,127,40,31,27,42,110,39,48,129,101"/><V79/><F36/><N who="1" m="13929" /><E28/><V112/><F2/><W67/><G101/><T52/><D0/><U22/><E77/><V9/><F79/><W75/><G5/><T92/><D26/><U100/><E6/><V7/><F7/><W68/><G39/><T57/><REACH who="0" step="1"/><D76/><REACH who="0" ten="235,237,351,167" step="2"/><U16/><E117/><V120/><F120/><W69/><G27/><T115/><D115/><U73/><E135/><V66/><REACH who="2" step="1"/><F33/><REACH who="2" ten="235,237,341,167" step="2"/><W30/><G123/><T99/><D99/><U125/><E98/><V118/><F118/><W86/><G129/><T8/><D8/><U13/><E126/><V19/><F19/><W116/><G127/><T53/><D53/><U104/><E16/><V130/><F130/><W17/><G116/><T111/><D111/><U3/><E3/><V56/><AGARI ba="0,2" hai="9,12,18,23,25,29,56,59,60,61,64,66,112,113" machi="56" ten="20,7800,0" yaku="1,1,0,1,7,1,9,1,53,0" doraHai="105" doraHaiUra="51" who="2" fromWho="2" sc="235,-26,237,-26,341,98,167,-26" /><INIT seed="2,1,0,0,3,132" ten="209,211,439,141" oya="2" hai0="135,39,36,111,1,77,42,74,12,91,85,70,45" hai1="128,54,104,52,47,43,98,16,101,124,78,94,105" hai2="112,63,51,122,99,84,64,71,126,109,2,59,33" hai3="125,60,116,7,18,69,0,46,4,14,13,23,118"/><V40/><F122/><W82/><G82/><T107/><D107/><U56/><E128/><V66/><F112/><W100/><G100/><T129/><D135/><U130/><E130/><V108/><F2/><W17/><G46/><T117/><D70/><U95/><E78/><V28/><F126/><W76/><G76/><T29/><D29/><U11/><E124/><V93/><F84/><W48/><G48/><T75/><D111/><N who="2" m="42570" /><F71/><W49/><G49/><T73/><D36/><U83/><E83/><V15/><F15/><W87/><G87/><T68/><D12/><N who="1" m="7199" /><E105/><V96/><F66/><W86/><G86/><T8/><D117/><U5/><E104/><V120/><F93/><W131/><G69/><T114/><D68/><U67/><E5/><V10/><F10/><W110/><G110/><T32/><D114/><U113/><E113/><V58/><F120/><W53/><G131/><T80/><D32/><U115/><E115/><V81/><F81/><W24/><G125/><T61/><D73/><U133/><E133/><V21/><F33/><W37/><G0/><T89/><D74/><U62/><E95/><V57/><F40/><W97/><G118/><T30/><D75/><U3/><E3/><V26/><F57/><W31/><G116/><T38/><D129/><U25/><E25/><V127/><F127/><W79/><G24/><T19/><D1/><U27/><E27/><V88/><F88/><W123/><G79/><T34/><D77/><U22/><E22/><V103/><F103/><W106/><G7/><T44/><D80/><U55/><E43/><V50/><F59/><RYUUKYOKU ba="1,0" sc="209,-15,211,15,439,15,141,-15" hai1="47,52,54,55,56,62,67,94,98,101" hai2="21,26,28,50,51,58,63,64,96,99" /><INIT seed="2,2,0,5,2,45" ten="194,226,454,126" oya="2" hai0="26,123,6,55,66,129,36,116,132,54,98,88,105" hai1="135,86,10,83,57,64,38,75,71,115,127,73,118" hai2="62,43,93,58,52,102,124,97,2,34,12,68,30" hai3="23,14,53,108,109,95,15,79,51,120,110,5,8"/><V96/><F124/><W7/><G120/><T91/><D36/><U50/><E38/><V77/><F2/><W76/><G95/><T80/><D123/><U29/><E118/><V49/><F68/><W130/><G130/><T20/><D66/><U122/><E122/><V119/><F119/><W89/><G89/><T13/><D129/><U112/><E71/><V134/><F134/><W33/><G33/><T65/><D65/><U28/><E127/><V16/><F30/><W4/><G23/><T18/><D105/><U126/><E126/><V82/><F34/><W85/><G85/><N who="0" m="50215" /><D132/><U125/><E125/><V106/><F43/><W114/><G114/><T37/><D37/><U60/><E135/><V107/><F97/><W0/><G0/><T19/><D6/><U1/><E73/><V99/><F62/><W44/><REACH who="3" step="1"/><G15/><REACH who="3" ten="194,226,454,116" step="2"/><T133/><D116/><U3/><E75/><V9/><F99/><W111/><N who="3" m="28160" /><DORA hai="67" /><W22/><G22/><N who="0" m="11599" /><D133/><U101/><E3/><V131/><F131/><W94/><G94/><AGARI ba="2,1" hai="19,20,26,54,55,91,94,98" m="11599,50215" machi="94" ten="30,2000,0" yaku="8,1,54,1" doraHai="45,67" who="0" fromWho="3" sc="194,36,226,0,454,0,116,-26" /><INIT seed="3,0,0,3,0,132" ten="230,226,454,90" oya="3" hai0="131,99,11,38,35,102,39,30,127,19,120,72,97" hai1="13,61,36,3,106,86,33,105,0,31,135,28,82" hai2="23,95,111,87,75,114,10,125,20,123,66,53,119" hai3="107,42,91,44,98,6,128,110,54,77,103,130,17"/><W122/><G54/><T18/><D120/><U34/><E36/><V94/><F119/><W46/><G122/><T109/><D72/><U71/><E135/><V37/><F114/><W69/><G17/><T48/><D109/><U93/><E93/><V96/><F75/><W101/><G69/><T85/><D99/><U64/><E13/><V73/><F73/><W126/><G6/><T2/><D18/><U60/><E86/><V89/><F37/><W51/><G46/><T49/><D49/><U100/><E71/><V29/><F111/><W113/><G77/><T24/><D131/><N who="3" m="50217" /><G110/><T124/><D48/><U92/><E92/><V56/><F66/><W112/><G91/><T7/><D19/><U14/><E14/><V108/><F108/><W117/><G117/><T88/><D38/><U26/><E100/><V21/><F10/><W9/><G9/><T84/><D39/><U83/><E64/><V134/><F29/><W32/><G103/><T118/><D88/><U68/><E68/><V15/><F123/><W62/><G62/><T1/><D118/><U52/><E26/><V65/><F65/><W45/><G45/><T59/><D1/><U43/><E43/><V12/><F134/><W22/><G22/><T104/><D59/><U27/><E27/><V78/><F78/><W41/><G32/><T79/><D79/><U5/><E5/><V74/><F23/><W80/><G80/><T129/><D129/><U63/><E63/><V16/><F21/><W76/><G76/><T47/><D47/><U4/><E4/><V25/><F74/><W116/><G116/><RYUUKYOKU ba="0,0" sc="230,15,226,15,454,-15,90,-15" hai0="2,7,11,24,30,35,84,85,97,102,104,124,127" hai1="0,3,28,31,33,34,52,60,61,82,83,105,106" /><INIT seed="4,1,0,5,2,101" ten="245,241,439,75" oya="0" hai0="24,30,117,37,11,44,41,107,83,35,26,122,12" hai1="29,5,131,52,39,96,59,80,91,34,54,130,132" hai2="58,75,98,62,79,33,77,114,72,21,110,78,119" hai3="15,17,55,120,53,40,86,82,56,42,3,87,73"/><T135/><D122/><U45/><E132/><V64/><F110/><W104/><G3/><T125/><D135/><U84/><E5/><V92/><F33/><W123/><G120/><T43/><D117/><U28/><E96/><V93/><F114/><W67/><G73/><T115/><D115/><U100/><E100/><V81/><F119/><W6/><G123/><T10/><D41/><N who="1" m="22719" /><E54/><V36/><F36/><W23/><G6/><T51/><D37/><U27/><E27/><V38/><F38/><W108/><G67/><T9/><D83/><U49/><E34/><V60/><F60/><W85/><G108/><T48/><D48/><U31/><E91/><V112/><F112/><W69/><G69/><T121/><D121/><U133/><E133/><V0/><F0/><W46/><G104/><T90/><D90/><U129/><E84/><V109/><F109/><W7/><G7/><T89/><D89/><U18/><E18/><V126/><F21/><W68/><G68/><T105/><D24/><U47/><E80/><V95/><F98/><W63/><REACH who="3" step="1"/><G82/><REACH who="3" ten="245,241,439,65" step="2"/><T124/><REACH who="0" step="1"/><D12/><REACH who="0" ten="235,241,439,65" step="2"/><U74/><E74/><V106/><F81/><W66/><G66/><T99/><D99/><U116/><E116/><V13/><F13/><W97/><G97/><T4/><D4/><U65/><E65/><V128/><F64/><W25/><G25/><T70/><D70/><U32/><E32/><V88/><F75/><W113/><G113/><T127/><AGARI ba="1,2" hai="9,10,11,26,30,35,43,44,51,105,107,124,125,127" machi="127" ten="40,18000,2" yaku="1,1,0,1,18,1,52,2,53,2" doraHai="101" doraHaiUra="102" who="0" fromWho="0" sc="235,203,241,-61,439,-61,65,-61" /><INIT seed="4,2,0,2,0,51" ten="438,180,378,4" oya="0" hai0="43,25,116,59,103,122,86,7,112,35,48,17,92" hai1="22,62,71,135,15,3,89,127,36,117,11,53,76" hai2="99,126,72,113,94,65,133,14,55,52,132,85,56" hai3="134,106,42,118,84,130,60,81,125,109,44,58,95"/><T30/><D122/><U107/><E107/><V21/><F72/><W50/><G118/><T27/><D116/><U54/><E36/><V67/><F126/><W41/><G109/><T9/><D112/><U100/><E3/><V96/><F113/><W129/><G106/><T6/><D35/><U98/><E127/><V20/><F85/><W10/><G95/><T114/><D114/><U74/><E135/><N who="2" m="51787" /><F99/><W108/><G134/><T64/><D43/><U32/><E117/><V0/><F0/><W5/><G108/><T104/><D104/><U102/><E32/><V111/><F111/><W120/><G125/><T38/><D38/><U79/><E22/><N who="2" m="8811" /><F14/><W128/><G120/><T26/><D30/><U68/><E89/><N who="2" m="55375" /><F67/><N who="3" m="39319" /><G5/><T75/><D75/><U12/><E98/><V29/><F29/><W77/><G10/><T24/><D24/><U115/><E74/><V78/><F78/><W8/><G8/><T88/><D27/><U80/><E11/><V18/><F18/><W101/><G101/><T91/><D103/><U110/><E115/><V70/><F70/><W131/><N who="3" m="33280" /><DORA hai="82" /><W93/><G93/><T69/><D69/><U57/><E110/><V83/><F83/><W40/><AGARI ba="2,0" hai="40,41,42,44,50,77,81,84" m="33280,39319" machi="40" ten="60,4000,0" yaku="19,1,52,1" doraHai="51,82" who="3" fromWho="3" sc="438,-22,180,-12,378,-12,4,46" /><INIT seed="5,0,0,2,0,54" ten="416,168,366,50" oya="1" hai0="107,78,118,90,129,88,99,19,2,75,70,37,67" hai1="84,103,53,133,126,92,12,114,109,9,68,44,65" hai2="63,55,49,34,0,104,94,91,13,20,130,80,25" hai3="46,111,119,50,29,4,135,123,77,38,22,40,52"/><U6/><E109/><V60/><F0/><W16/><G123/><T82/><D118/><U39/><E114/><V58/><F104/><W85/><G111/><T31/><D2/><U73/><E73/><V61/><F130/><W89/><G119/><T47/><D31/><U125/><E133/><V120/><F120/><W134/><G135/><T69/><D69/><U30/><E30/><V108/><F108/><W124/><G124/><N who="1" m="47722" /><E68/><V74/><F74/><W97/><G134/><T113/><D19/><U42/><E65/><V28/><F80/><W23/><G4/><T62/><D90/><N who="1" m="53319" /><E53/><V110/><F110/><W122/><G122/><T64/><D64/><U56/><E103/><V35/><REACH who="2" step="1"/><F13/><REACH who="2" ten="416,168,356,50" step="2"/><W83/><G29/><T115/><D129/><U101/><E12/><V71/><F71/><W27/><G23/><T59/><D70/><U127/><E127/><V121/><F121/><W96/><REACH who="3" step="1"/><G77/><REACH who="3" ten="416,168,356,40" step="2"/><N who="0" m="44351" /><D115/><U93/><E9/><V14/><F14/><W18/><G18/><T105/><D78/><U102/><E6/><V117/><F117/><W15/><G15/><T95/><D113/><U132/><E132/><V116/><F116/><W8/><G8/><T10/><D10/><U24/><E24/><V128/><F128/><W98/><G98/><AGARI ba="0,2" hai="20,25,28,34,35,49,55,58,60,61,63,91,94,98" machi="98" ten="40,2600,0" yaku="1,1,52,1,53,0" doraHai="54" doraHaiUra="106" who="2" fromWho="3" sc="416,0,168,0,356,46,40,-26" /><INIT seed="6,0,0,5,5,70" ten="416,168,402,14" oya="2" hai0="122,52,45,78,0,75,6,102,127,112,42,2,98" hai1="73,69,117,25,3,120,61,59,121,36,97,51,64" hai2="114,35,131,88,17,108,40,4,24,10,99,1,57" hai3="91,118,89,124,79,29,15,13,103,85,87,135,7"/><V38/><F38/><W67/><G67/><T72/><D122/><N who="1" m="47211" /><E3/><V37/><F37/><W23/><G23/><T74/><D52/><N who="1" m="32159" /><E73/><V66/><F40/><W100/><G29/><T21/><D98/><U31/><E97/><V119/><F119/><W30/><G30/><T39/><D21/><N who="1" m="15791" /><E117/><V62/><F131/><W130/><G130/><T20/><D20/><U9/><E9/><V5/><F5/><W93/><G7/><T81/><D6/><U94/><E94/><N who="2" m="56775" /><F35/><W16/><G16/><T63/><D72/><U80/><E80/><V109/><F114/><W32/><G32/><T104/><D75/><U46/><E46/><V18/><F24/><W54/><G54/><T133/><D112/><U50/><E50/><V116/><F116/><W90/><G15/><T77/><D0/><U47/><E47/><V84/><F84/><N who="3" m="32331" /><G13/><T41/><D2/><U53/><E53/><V113/><F113/><W107/><G107/><T76/><D104/><U56/><E36/><V96/><F96/><N who="3" m="59407" /><G118/><T27/><D39/><U33/><E33/><V86/><F86/><W28/><G28/><T48/><D74/><U14/><E14/><V101/><F101/><W49/><G49/><T129/><D27/><U65/><E65/><V22/><F22/><W106/><G79/><T105/><D76/><U68/><AGARI ba="0,0" hai="56,61,64,68,69" m="15791,32159,47211" machi="68" ten="30,2000,0" yaku="13,1,54,1" doraHai="70" who="1" fromWho="1" sc="416,-5,168,20,402,-10,14,-5" /><INIT seed="7,0,0,2,3,119" ten="411,188,392,9" oya="3" hai0="117,30,116,92,112,10,37,6,32,8,39,0,114" hai1="64,90,122,135,12,96,70,40,89,102,61,106,19" hai2="34,42,101,16,33,91,120,134,50,121,60,45,25" hai3="9,108,52,130,125,51,103,36,15,1,22,74,104"/><W75/><G52/><T38/><D10/><U127/><E122/><N who="2" m="47211" /><F134/><W56/><G51/><T97/><D97/><U76/><E135/><V28/><F101/><W83/><G56/><T105/><D105/><U17/><E127/><V133/><F133/><W21/><G22/><T85/><D85/><U58/><E70/><V129/><F129/><W118/><G21/><T18/><D18/><U94/><E76/><V100/><F100/><W27/><G27/><N who="0" m="18527" /><D92/><U113/><E113/><AGARI ba="0,0" hai="0,6,8,37,38,39,112,113,114,116,117" m="18527" machi="113" ten="40,5200,0" yaku="15,1,11,1,23,1" doraHai="119" who="0" fromWho="1" sc="411,52,188,-52,392,0,9,0" owari="463,56.0,136,-26.0,392,19.0,9,-49.0" /></mjloggm>