<mjloggm ver="2.3"><GO type="169" lobby="0"/><UN n0="%E3%81%AF%E3%81%BF%E3%82%82%E3%82%93" n1="%E3%83%88%E3%83%88%E3%83%AA%E5%85%88%E7%94%9F%31%39%E6%AD%B3" n2="%E6%9C%88%E8%A9%A0%E3%81%95%E3%82%93" n3="%E3%81%B5%E3%81%98%E3%81%8A" dan="17,18,16,18" rate="2100.84,2279.72,2115.61,2211.25" sx="M,F,F,M"/><TAIKYOKU oya="0"/><INIT seed="0,0,0,2,5,82" ten="250,250,250,250" oya="0" hai0="5,103,44,95,85,46,123,50,21,12,57,59,60" hai1="89,20,69,86,58,92,108,88,23,2,16,22,56" hai2="54,114,74,38,83,36,122,53,52,48,11,124,119" hai3="13,14,43,25,110,18,72,63,62,100,105,101,109"/><T47/><D123/><U33/><E69/><V128/><F122/><W19/><G25/><T3/><D3/><U70/><E70/><V71/><F114/><W17/><G72/><T125/><D125/><U116/><E116/><V126/><F11/><W45/><G105/><T107/><D107/><U121/><E33/><V39/><F74/><W127/><G127/><N who="2" m="48681" /><F83/><W97/><G97/><T91/><D103/><N who="3" m="39497" /><G45/><N who="0" m="17515" /><D60/><N who="3" m="23081" /><G43/><N who="0" m="24959" /><D5/><U67/><E108/><AGARI ba="0,0" hai="13,14,17,18,19,108,109,110" m="23081,39497" machi="108" ten="40,5200,0" yaku="28,2,14,1" doraHai="82" who="3" fromWho="1" sc="250,0,250,-52,250,0,250,52" /><INIT seed="1,0,0,4,4,36" ten="250,198,250,302" oya="1" hai0="110,89,130,42,87,92,25,20,28,43,40,131,117" hai1="79,119,59,62,72,86,26,94,11,52,77,30,93" hai2="83,104,13,74,63,128,7,19,111,76,106,114,73" hai3="105,61,95,21,1,123,103,57,48,16,45,67,107"/><U129/><E119/><V37/><F74/><W9/><G123/><T22/><D117/><U58/><E72/><V112/><F7/><W80/><G80/><T34/><REACH who="0" step="1"/><D110/><REACH who="0" ten="240,198,250,302" step="2"/><U44/><E129/><AGARI ba="0,1" hai="20,22,25,28,34,40,42,43,87,89,92,129,130,131" machi="129" ten="40,12000,2" yaku="1,1,2,1,19,1,52,3,53,1" doraHai="36" doraHaiUra="24" who="0" fromWho="1" sc="240,130,198,-120,250,0,302,0" /><INIT seed="2,0,0,5,4,10" ten="370,78,250,302" oya="2" hai0="96,11,70,13,59,112,76,125,28,4,73,0,27" hai1="88,39,115,58,116,120,5,97,101,99,56,30,102" hai2="108,60,38,64,23,114,21,26,66,50,43,29,127" hai3="86,68,72,92,45,51,35,93,85,107,80,106,90"/><V14/><F114/><W54/><G68/><T74/><D70/><U12/><E115/><V19/><F127/><W48/><G35/><T100/><D125/><U110/><E39/><V67/><F38/><W44/><G72/><T46/><D112/><U128/><E116/><V71/><REACH who="2" step="1"/><F108/><REACH who="2" ten="370,78,240,302" step="2"/><W119/><G119/><T61/><D0/><U49/><E110/><V113/><F113/><W130/><G130/><T22/><D76/><U91/><E128/><V63/><F63/><W89/><REACH who="3" step="1"/><G80/><REACH who="3" ten="370,78,240,292" step="2"/><T41/><D73/><U37/><E120/><V126/><F126/><W15/><G15/><T20/><D74/><U42/><E12/><V121/><F121/><W124/><G124/><T31/><D13/><U129/><E129/><V79/><F79/><W77/><G77/><T84/><D27/><U94/><E37/><V98/><F98/><W132/><G132/><T105/><D96/><U78/><E78/><V65/><F65/><W69/><G69/><T33/><D61/><U47/><E99/><V111/><F111/><W75/><G75/><T57/><D33/><U62/><E62/><V134/><F134/><W117/><G117/><T2/><D2/><U133/><E133/><V8/><F8/><W7/><G7/><T118/><D11/><U55/><E5/><V18/><F18/><W131/><G131/><T52/><D4/><U95/><E97/><V16/><F16/><W3/><G3/><T32/><D32/><U17/><E17/><V109/><F109/><W82/><G82/><T9/><D9/><U83/><E83/><V36/><F36/><W104/><G104/><RYUUKYOKU ba="0,2" sc="370,-15,78,-15,240,15,292,15" hai2="14,19,21,23,26,29,43,50,60,64,66,67,71" hai3="44,45,48,51,54,85,86,89,90,92,93,106,107" /><INIT seed="2,1,2,5,3,113" ten="355,63,255,307" oya="2" hai0="3,75,112,96,99,29,86,133,65,73,25,67,46" hai1="47,82,14,119,111,28,26,130,77,124,56,40,27" hai2="120,20,92,51,106,1,118,62,123,52,132,31,39" hai3="94,32,30,87,93,84,85,7,104,57,23,16,69"/><V100/><F39/><W41/><G69/><T44/><D3/><U98/><E111/><V43/><F1/><W101/><G7/><T10/><D133/><U64/><E130/><V49/><F106/><W91/><G41/><T122/><D73/><U38/><E124/><V107/><F107/><W90/><G85/><T115/><D75/><U71/><E71/><V81/><F132/><W66/><G32/><T12/><D86/><U79/><E119/><V117/><F81/><W19/><G104/><T48/><D122/><N who="2" m="46634" /><F92/><W83/><G30/><T13/><D29/><U58/><E27/><V36/><F100/><W9/><G9/><T116/><D25/><U72/><E64/><V121/><F20/><W89/><G101/><T60/><D10/><U45/><E77/><V108/><F31/><W114/><G114/><T78/><D78/><U53/><E98/><V110/><F36/><W68/><G68/><T37/><D37/><U97/><E97/><V42/><F62/><N who="3" m="38223" /><G23/><T5/><D60/><U18/><E47/><N who="2" m="25855" /><F42/><W61/><G61/><T88/><D115/><U33/><REACH who="1" step="1"/><E53/><REACH who="1" ten="355,53,255,307" step="2"/><V54/><F121/><W76/><G76/><T105/><D112/><U102/><E102/><V11/><F54/><W35/><G35/><T6/><D105/><U128/><E128/><V126/><F126/><W80/><G80/><T55/><D55/><U63/><E63/><V59/><F11/><AGARI ba="1,3" hai="11,14,18,26,28,33,38,40,45,56,58,72,79,82" machi="11" ten="30,2000,0" yaku="1,1,7,1,53,0" doraHai="113" doraHaiUra="129" who="1" fromWho="2" sc="355,0,53,53,255,-23,307,0" /><INIT seed="3,0,0,2,5,33" ten="355,106,232,307" oya="3" hai0="132,123,134,3,76,105,38,37,5,102,63,107,17" hai1="111,50,78,9,95,46,58,109,7,120,73,0,96" hai2="83,122,103,31,13,80,75,125,65,104,35,39,51" hai3="72,113,12,130,115,47,28,57,56,92,26,16,108"/><W29/><G72/><T77/><D17/><U127/><E120/><V70/><F39/><N who="0" m="14858" /><D63/><U118/><E127/><V74/><F51/><W15/><G47/><T49/><D49/><U124/><E124/><V117/><F13/><W116/><G92/><T30/><D30/><U4/><E118/><V79/><F125/><W99/><G99/><N who="0" m="61663" /><D107/><U60/><E7/><V44/><F44/><W121/><G57/><T126/><D123/><U61/><E61/><V90/><F122/><W69/><G56/><T32/><D32/><U55/><E95/><V20/><F20/><W22/><G121/><T54/><D54/><U24/><E96/><N who="2" m="61543" /><F90/><W82/><G116/><T66/><D66/><U27/><E27/><V88/><F88/><W18/><G82/><T42/><D42/><U11/><E24/><V34/><F31/><W6/><G69/><T64/><D64/><U114/><E46/><V67/><F67/><W2/><G28/><T91/><D91/><U131/><E50/><V94/><F94/><W84/><G84/><T40/><D40/><U133/><E55/><V135/><F117/><W85/><G85/><T93/><D93/><U1/><E58/><V86/><F86/><W87/><G87/><T23/><D126/><U89/><E89/><V119/><F119/><W21/><G130/><T100/><D77/><U53/><E78/><N who="2" m="44119" /><F35/><N who="3" m="20919" /><G108/><T10/><D76/><U43/><E111/><V14/><F34/><W48/><G48/><T101/><D23/><U52/><E109/><V36/><F36/><W98/><G98/><T68/><D68/><U8/><E43/><V59/><F70/><RYUUKYOKU ba="0,0" sc="355,15,106,-15,232,-15,307,15" hai0="3,5,10,100,101,132,134" hai3="2,6,12,15,16,18,21,22,113,115" /><INIT seed="3,1,0,4,1,95" ten="370,91,217,322" oya="3" hai0="58,7,12,43,111,48,101,131,123,46,55,14,4" hai1="38,11,135,72,57,6,108,65,59,79,94,22,112" hai2="25,33,104,133,114,70,28,27,82,127,56,84,110" hai3="15,29,5,51,60,50,119,90,53,9,21,77,37"/><W68/><G37/><T2/><D111/><U132/><E112/><V124/><F70/><W113/><G119/><T107/><D131/><U93/><E38/><V64/><F104/><W100/><G113/><T0/><D123/><U91/><E108/><V80/><F110/><W76/><G68/><T3/><D7/><U54/><E93/><V109/><F109/><W61/><G100/><T92/><D4/><U1/><E65/><V78/><F114/><W26/><G90/><T18/><D107/><U49/><E59/><V89/><F133/><W67/><G67/><T117/><D18/><U19/><E79/><N who="3" m="30282" /><G51/><T99/><REACH who="0" step="1"/><D117/><REACH who="0" ten="360,91,217,322" step="2"/><U86/><REACH who="1" step="1"/><E72/><REACH who="1" ten="360,81,217,322" step="2"/><V45/><F124/><W102/><G102/><T115/><D115/><U39/><E39/><AGARI ba="1,2" hai="0,2,3,12,14,39,43,46,48,55,58,92,99,101" machi="39" ten="40,2600,0" yaku="1,1,52,1,53,0" doraHai="95" doraHaiUra="105" who="0" fromWho="1" sc="360,49,81,-29,217,0,322,0" /><INIT seed="4,0,0,3,0,120" ten="409,52,217,322" oya="0" hai0="101,33,22,52,109,45,49,63,105,29,54,44,42" hai1="36,4,71,31,50,11,48,37,114,72,46,38,131" hai2="35,76,117,23,90,128,59,125,61,25,99,83,24" hai3="67,102,132,26,39,78,65,8,81,66,55,84,74"/><T133/><D33/><U12/><E72/><V7/><F7/><W126/><G39/><T92/><D105/><U85/><E71/><V108/><F35/><W111/><G126/><T34/><D34/><U28/><E131/><V18/><F128/><W62/><G132/><T95/><D133/><U1/><E114/><V77/><F125/><W9/><G102/><T27/><D109/><U3/><E50/><V69/><F69/><W57/><G111/><T79/><D79/><U0/><REACH who="1" step="1"/><E85/><REACH who="1" ten="409,42,217,322" step="2"/><V68/><F68/><W70/><G70/><T123/><D123/><U58/><E58/><V15/><F59/><W53/><G74/><T5/><D45/><U43/><AGARI ba="0,1" hai="0,1,3,4,11,12,28,31,36,37,38,43,46,48" machi="43" ten="40,2700,0" yaku="1,1,0,1,53,0" doraHai="120" doraHaiUra="134" who="1" fromWho="1" sc="409,-13,42,37,217,-7,322,-7" /><INIT seed="5,0,0,1,2,45" ten="396,79,210,315" oya="1" hai0="114,48,58,35,83,6,23,65,135,122,107,13,94" hai1="100,25,43,5,36,116,125,27,66,63,30,8,26" hai2="9,19,133,111,42,12,53,38,46,76,29,44,49" hai3="119,0,81,69,93,99,70,124,131,106,128,77,130"/><U92/><E116/><V103/><F111/><W120/><G0/><T54/><D35/><U21/><E125/><V4/><F133/><W62/><G120/><T82/><D107/><U59/><E43/><V80/><F103/><N who="3" m="62847" /><G124/><T75/><D114/><U64/><E64/><V84/><REACH who="2" step="1"/><F29/><REACH who="2" ten="396,79,200,315" step="2"/><W71/><G119/><T98/><D135/><U52/><E36/><V10/><F10/><W91/><G130/><T118/><D118/><U51/><E92/><V108/><F108/><W31/><G31/><T113/><D94/><U73/><E73/><V11/><F11/><W61/><G128/><T15/><D75/><U34/><E100/><V89/><F89/><W87/><G131/><T78/><D122/><U115/><E115/><V132/><F132/><W37/><G37/><T18/><D113/><U57/><REACH who="1" step="1"/><E34/><REACH who="1" ten="396,69,200,315" step="2"/><V129/><F129/><W39/><G39/><T1/><D82/><U3/><AGARI ba="0,2" hai="3,5,8,21,25,26,27,30,51,52,57,59,63,66" machi="3" ten="20,18000,2" yaku="1,1,2,1,0,1,7,1,52,1,54,1,53,1" doraHai="45" doraHaiUra="7" who="1" fromWho="1" sc="396,-60,69,200,200,-60,315,-60" /><INIT seed="5,1,0,5,0,42" ten="336,269,140,255" oya="1" hai0="38,5,90,7,117,20,21,18,126,14,12,134,73" hai1="36,129,22,57,103,40,97,65,111,100,69,64,6" hai2="119,85,61,105,28,34,114,128,17,58,23,80,125" hai3="24,76,66,26,99,51,72,0,71,94,130,4,127"/><U60/><E129/><V88/><F119/><W118/><G130/><T104/><D73/><U46/><E111/><V87/><F128/><W15/><G0/><T16/><D104/><U81/><E6/><V13/><F105/><W68/><G118/><T32/><D38/><U106/><E100/><V96/><F125/><W11/><G127/><T3/><D126/><U102/><E102/><V54/><F114/><W44/><G66/><T56/><D134/><U109/><E109/><V33/><F28/><W92/><G92/><T31/><D90/><U93/><E106/><V75/><F75/><W124/><G124/><T78/><D78/><U79/><E22/><V45/><F96/><W49/><G49/><T133/><D133/><U37/><E65/><V89/><REACH who="2" step="1"/><F45/><REACH who="2" ten="336,269,130,255" step="2"/><W122/><G122/><T110/><D117/><U98/><E98/><V70/><F70/><W39/><G68/><T120/><D120/><U63/><E69/><V9/><F9/><W95/><G71/><T132/><D132/><U123/><E123/><V53/><F53/><W135/><G135/><T112/><D112/><U2/><E64/><V59/><F59/><W27/><G99/><T121/><D56/><U84/><E57/><V115/><F115/><W91/><G72/><T35/><D121/><U131/><E131/><V55/><F55/><W74/><G74/><T77/><D110/><U47/><E2/><V41/><F41/><AGARI ba="1,1" hai="36,37,40,41,46,47,60,63,79,81,84,93,97,103" machi="41" ten="40,7700,0" yaku="9,1,52,2" doraHai="42" who="1" fromWho="2" sc="336,0,269,90,130,-80,255,0" /><INIT seed="5,2,0,0,4,15" ten="336,359,50,255" oya="1" hai0="44,113,132,120,27,34,33,85,1,82,0,87,46" hai1="89,81,55,115,28,123,93,59,90,97,26,116,119" hai2="74,71,20,11,12,32,92,68,3,64,9,49,105" hai3="117,47,108,91,6,126,60,128,42,24,51,131,7"/><U127/><E123/><V95/><F105/><W2/><G108/><T107/><D107/><U21/><E115/><V73/><F32/><W58/><G126/><T125/><D125/><U13/><E127/><V31/><F3/><W10/><G117/><T30/><D113/><U37/><E37/><V56/><F31/><W43/><G43/><T122/><D30/><U65/><E65/><V96/><F20/><W23/><G91/><T79/><D27/><U76/><E13/><V67/><F12/><W84/><G84/><T121/><D132/><U22/><E89/><V25/><F49/><W110/><G6/><T45/><D85/><U29/><E21/><V57/><REACH who="2" step="1"/><F96/><REACH who="2" ten="336,359,40,255" step="2"/><W16/><REACH who="3" step="1"/><G110/><REACH who="3" ten="336,359,40,245" step="2"/><T39/><D39/><U106/><E119/><V77/><F77/><W104/><G104/><T109/><D109/><U102/><E116/><V54/><F54/><AGARI ba="2,2" hai="2,7,10,16,23,24,42,47,51,54,58,60,128,131" machi="54" ten="40,5200,0" yaku="1,1,52,1,54,1,53,0" doraHai="15" doraHaiUra="78" who="3" fromWho="2" sc="336,0,359,0,40,-58,245,78" owari="336,14.0,359,46.0,-18,-52.0,323,-8.0" /></mjloggm>