<mjloggm ver="2.3"><GO type="41" lobby="0"/><UN n0="%74%75%62%6F%6D%69%79%61" n1="%E5%86%B7%E9%9D%99%E4%B8%8D%E8%B6%B3" n2="%64%69%67%69%74" n3="%E5%B0%B1%E6%B4%BB%E7%94%9F%40%E5%B7%9D%E6%9D%91%E8%BB%8D%E5%9B%A3" dan="14,13,14,14" rate="1914.90,1833.36,2001.87,1980.67" sx="M,M,M,M"/><TAIKYOKU oya="0"/><INIT seed="0,0,0,5,1,71" ten="250,250,250,250" oya="0" hai0="36,27,87,53,80,11,73,63,89,101,2,127,78" hai1="48,7,126,10,106,31,20,57,121,42,93,18,72" hai2="19,1,25,110,85,65,44,37,99,41,49,109,52" hai3="94,133,12,86,5,91,66,100,124,50,113,96,6"/><T32/><D127/><U8/><E121/><V60/><F1/><W17/><G113/><T56/><D101/><U75/><E106/><V82/><F99/><W81/><G133/><T118/><D118/><U114/><E126/><V77/><F25/><W120/><G120/><T47/><D32/><U46/><E114/><V38/><F19/><W129/><G129/><T88/><D27/><U61/><E31/><V83/><F83/><W117/><G117/><T3/><D3/><U14/><E93/><V21/><F21/><W123/><G123/><T22/><D22/><U45/><E45/><V98/><F98/><W130/><G130/><T43/><D87/><U15/><REACH who="1" step="1"/><E8/><REACH who="1" ten="250,240,250,250" step="2"/><V107/><F107/><W59/><G124/><T68/><REACH who="0" step="1"/><D68/><REACH who="0" ten="240,240,250,250" step="2"/><U104/><E104/><V97/><F97/><W62/><G96/><T24/><D24/><U33/><E33/><V119/><F119/><W30/><G30/><T115/><D115/><U79/><E79/><V58/><REACH who="2" step="1"/><F38/><REACH who="2" ten="240,240,240,250" step="2"/><W51/><G100/><T26/><D26/><U132/><E132/><V92/><F92/><W134/><G94/><T74/><D74/><U128/><E128/><V125/><F125/><W103/><G103/><T111/><D111/><U84/><E84/><V135/><F135/><W116/><G134/><T70/><D70/><AGARI ba="0,3" hai="37,41,44,49,52,58,60,65,70,77,82,85,109,110" machi="70" ten="40,8000,1" yaku="1,1,24,2,52,1,54,1,53,0" doraHai="71" doraHaiUra="90" who="2" fromWho="0" sc="240,-80,240,0,240,110,250,0" /><INIT seed="1,0,0,2,4,95" ten="160,240,350,250" oya="1" hai0="43,135,110,7,8,132,131,10,90,6,74,114,82" hai1="128,106,38,122,94,88,17,81,65,129,108,0,120" hai2="19,56,113,117,55,83,89,34,27,1,12,48,85" hai3="20,29,3,123,96,33,121,103,86,25,68,54,109"/><U75/><E38/><V91/><F113/><W31/><G3/><N who="0" m="95" /><D90/><U49/><E0/><V80/><F1/><W52/><G68/><T32/><D43/><U97/><E65/><V35/><F117/><W42/><G109/><T77/><D114/><U92/><E106/><V60/><F60/><W59/><G42/><T4/><D10/><U26/><E49/><V50/><F50/><W130/><G130/><N who="1" m="50282" /><E108/><V104/><F104/><W13/><G86/><T79/><D79/><N who="1" m="44287" /><E17/><V67/><F67/><W36/><G36/><T126/><D131/><U21/><E21/><V45/><F35/><W111/><G111/><T119/><D119/><U100/><E26/><V61/><F34/><W115/><G115/><T87/><D32/><U63/><E63/><V134/><F27/><W23/><G54/><T64/><D64/><U41/><E41/><V84/><F61/><W37/><G37/><T40/><D40/><U98/><AGARI ba="0,0" hai="88,92,94,97,98,100,120,122" m="44287,50282" machi="98" ten="30,18000,2" yaku="19,1,34,2,52,2,54,1" doraHai="95" who="1" fromWho="1" sc="160,-60,240,180,350,-60,250,-60" /><INIT seed="1,1,0,5,3,7" ten="100,420,290,190" oya="1" hai0="8,37,43,55,40,38,45,69,87,78,71,100,99" hai1="12,116,62,23,10,103,16,52,3,14,134,126,110" hai2="129,48,59,76,57,131,102,42,47,39,124,26,77" hai3="28,24,117,60,92,73,29,17,101,61,127,130,19"/><U13/><E134/><V2/><F124/><W113/><G73/><T88/><D78/><U27/><E116/><V93/><F2/><W4/><G113/><T133/><D133/><U104/><E110/><V1/><F1/><W11/><G117/><T9/><D38/><U132/><E126/><V122/><F122/><W106/><G106/><T125/><D125/><U70/><E132/><V75/><F26/><W95/><G127/><T123/><D123/><U111/><E111/><V22/><F22/><W20/><G130/><N who="2" m="49673" /><F75/><W109/><G109/><T54/><D54/><U46/><E3/><V85/><F102/><W50/><G50/><N who="0" m="29135" /><D71/><U90/><E104/><V21/><F21/><W121/><G121/><T135/><D69/><U80/><E103/><V79/><F39/><W128/><G128/><T64/><D64/><U0/><E0/><V119/><F119/><W120/><G120/><T83/><D37/><U36/><E36/><V31/><F31/><W35/><G101/><T66/><D66/><U94/><E70/><V114/><F114/><W6/><G20/><T82/><D135/><U5/><E80/><V118/><F118/><W91/><G35/><T25/><D83/><U89/><E89/><AGARI ba="1,0" hai="42,47,48,57,59,76,77,79,85,89,93" m="49673" machi="89" ten="30,1000,0" yaku="19,1" doraHai="7" who="2" fromWho="1" sc="100,0,420,-13,290,13,190,0" /><INIT seed="2,0,0,1,4,85" ten="100,407,303,190" oya="2" hai0="84,55,7,90,37,57,51,89,66,26,47,77,36" hai1="109,117,9,35,114,8,71,20,64,69,102,60,110" hai2="44,6,29,76,83,21,92,61,112,116,18,19,2" hai3="122,91,43,78,52,33,31,4,68,125,104,45,96"/><V50/><F116/><W105/><G122/><T103/><D103/><U24/><E117/><V23/><F112/><W130/><G68/><T74/><D74/><U75/><E114/><V34/><F34/><W73/><G125/><T98/><D7/><U94/><E75/><V11/><F61/><W56/><G130/><T99/><D36/><U100/><E69/><V119/><F119/><W128/><G128/><T5/><D5/><U120/><E120/><V134/><F134/><W80/><G4/><T59/><D37/><U108/><E35/><V25/><F23/><W133/><G133/><T67/><D26/><U65/><E65/><N who="0" m="24585" /><D59/><U95/><E100/><V38/><F92/><N who="1" m="35369" /><E102/><V41/><REACH who="2" step="1"/><F50/><REACH who="2" ten="100,407,293,190" step="2"/><W42/><G33/><T40/><D99/><U93/><E93/><V22/><F22/><W32/><G105/><T63/><D98/><U121/><E121/><V129/><F129/><W82/><G104/><T101/><D101/><U12/><E60/><V131/><F131/><W81/><G32/><T58/><D58/><U49/><E49/><V88/><F88/><W106/><G106/><T111/><D90/><U135/><E135/><V62/><F62/><W1/><G91/><T30/><D89/><U46/><E71/><V13/><F13/><W126/><G96/><T70/><D51/><U3/><E12/><V28/><F28/><W107/><G56/><T39/><D30/><U127/><E109/><V17/><F17/><W124/><G31/><T48/><D70/><U10/><E110/><V118/><F118/><W79/><G107/><T16/><D111/><U87/><E108/><RYUUKYOKU ba="0,1" sc="100,-10,407,-10,293,30,190,-10" hai2="2,6,11,18,19,21,25,29,38,41,44,76,83" /><INIT seed="2,1,1,5,1,115" ten="90,397,323,180" oya="2" hai0="80,1,101,35,14,63,77,128,19,50,135,76,127" hai1="108,72,68,126,91,71,33,124,122,43,48,86,93" hai2="39,87,9,53,46,117,106,32,118,49,38,28,29" hai3="10,82,6,105,52,134,23,119,31,123,16,112,2"/><V64/><F106/><W92/><G105/><T129/><D1/><U88/><E72/><V130/><F130/><N who="0" m="50282" /><D35/><U94/><E122/><V34/><F64/><W97/><G112/><T131/><N who="0" m="50290" /><T26/><DORA hai="36" /><D101/><U74/><E74/><V114/><F114/><W54/><G123/><T62/><D26/><U133/><E133/><V5/><F87/><W116/><G134/><T57/><D135/><U78/><E78/><N who="0" m="30313" /><D80/><U0/><E0/><V15/><F34/><W3/><G3/><T8/><D127/><N who="1" m="48683" /><E108/><V22/><F32/><W41/><G82/><T90/><D90/><U47/><E33/><V81/><F81/><W59/><G31/><T84/><D84/><AGARI ba="1,1" hai="43,47,48,68,71,84,86,88,91,93,94" m="48683" machi="84" ten="30,3900,0" yaku="18,1,52,1,54,1" doraHai="115,36" who="1" fromWho="0" sc="90,-42,397,52,323,0,180,0" /><INIT seed="3,0,0,5,1,1" ten="48,449,323,180" oya="3" hai0="14,114,104,33,91,94,85,4,36,116,74,77,41" hai1="49,101,27,97,99,135,105,40,108,38,31,47,131" hai2="52,92,93,64,43,126,103,48,39,124,54,11,69" hai3="80,127,50,121,89,62,61,65,125,76,87,20,133"/><W106/><G121/><T55/><D33/><U120/><E131/><V46/><F11/><W95/><G106/><T2/><D14/><U96/><E135/><V19/><F19/><W53/><G133/><T128/><D55/><N who="2" m="21034" /><F39/><W72/><G20/><T81/><D128/><U7/><E108/><V51/><F51/><W122/><G122/><T107/><D116/><U56/><E120/><V59/><F69/><W13/><G13/><T57/><D57/><U32/><E56/><V75/><F75/><W5/><G5/><T12/><D12/><U79/><E38/><V70/><F70/><W67/><G62/><T23/><D23/><U78/><E7/><V28/><F28/><W71/><REACH who="3" step="1"/><G65/><REACH who="3" ten="48,449,323,170" step="2"/><T37/><D114/><U123/><E123/><V112/><F112/><W90/><G90/><T58/><D107/><U8/><E8/><V9/><F9/><W129/><G129/><T82/><D104/><U15/><E15/><V118/><F118/><W113/><G113/><T88/><D2/><U115/><E115/><V44/><F64/><W132/><G132/><T98/><D4/><U21/><E32/><V29/><F124/><W22/><G22/><T10/><D10/><U66/><E66/><V34/><F126/><W24/><G24/><T42/><D91/><U73/><E105/><V16/><F34/><W26/><G26/><T111/><D88/><U134/><E134/><V6/><F6/><W84/><G84/><T83/><D85/><U130/><E130/><V3/><F3/><W119/><G119/><T45/><D77/><N who="1" m="29195" /><E73/><V35/><F35/><W25/><G25/><RYUUKYOKU ba="0,1" sc="48,-15,449,15,323,-15,170,15" hai1="21,27,31,40,47,49,96,97,99,101" hai3="50,53,61,67,71,72,76,80,87,89,95,125,127" /><INIT seed="3,1,1,5,3,77" ten="33,464,308,185" oya="3" hai0="98,58,94,23,92,46,83,91,51,109,80,100,126" hai1="101,88,57,119,62,27,0,134,50,79,55,16,96" hai2="66,130,70,25,123,35,124,87,40,39,31,14,53" hai3="42,129,104,41,20,112,61,72,21,106,105,60,56"/><W86/><G72/><T45/><D109/><U118/><E134/><V3/><F3/><W113/><G86/><T52/><D126/><U76/><E0/><V36/><F124/><W15/><G15/><T108/><D108/><U78/><E88/><V68/><F130/><W71/><G56/><T33/><D33/><U65/><E118/><V93/><F123/><W99/><G99/><N who="0" m="57759" /><D23/><N who="3" m="8777" /><G71/><T132/><D132/><U4/><E4/><V127/><F127/><W81/><G81/><AGARI ba="1,1" hai="45,46,51,52,58,80,81,83,94,98,100" m="57759" machi="81" ten="30,8000,1" yaku="8,1,52,3,54,1" doraHai="77" who="0" fromWho="3" sc="33,93,464,0,308,0,185,-83" /><INIT seed="4,0,0,5,0,15" ten="126,464,308,102" oya="0" hai0="46,64,99,20,131,133,77,56,78,44,4,82,37" hai1="113,63,62,94,40,88,98,41,110,11,70,121,96" hai2="51,33,89,102,93,55,76,23,117,31,26,87,135" hai3="101,111,73,119,108,106,103,17,10,79,122,105,75"/><T104/><D4/><U83/><E110/><N who="3" m="42026" /><G10/><T28/><D37/><U85/><E121/><V69/><F69/><W114/><G122/><T112/><D78/><U118/><E118/><V66/><F66/><W13/><G13/><T7/><D7/><U61/><E113/><V6/><F117/><W120/><G120/><T124/><D112/><U86/><E70/><V57/><F135/><W109/><N who="3" m="42034" /><W116/><DORA hai="45" /><G17/><T123/><D99/><N who="1" m="37931" /><E11/><V53/><F102/><N who="3" m="38923" /><G79/><AGARI ba="0,0" hai="40,41,61,62,63,79,83,85,86,88,94" m="37931" machi="79" ten="30,2000,0" yaku="8,1,54,1" doraHai="15,45" who="1" fromWho="3" sc="126,0,464,20,308,0,102,-20" /><INIT seed="5,0,0,5,1,14" ten="126,484,308,82" oya="1" hai0="107,99,42,121,88,103,11,87,97,51,12,64,45" hai1="41,66,132,124,49,58,52,86,74,128,26,81,23" hai2="59,60,102,39,96,31,123,94,1,30,40,24,28" hai3="98,90,110,119,70,126,25,54,105,3,79,89,46"/><U117/><E132/><V22/><F123/><W56/><G3/><T91/><D121/><U111/><E124/><V67/><REACH who="2" step="1"/><F1/><REACH who="2" ten="126,484,298,82" step="2"/><W134/><G126/><T36/><D64/><U6/><E128/><V77/><F77/><W109/><G134/><T50/><D99/><U17/><E111/><V2/><F2/><W84/><G79/><T93/><REACH who="0" step="1"/><D91/><REACH who="0" ten="116,484,298,82" step="2"/><U92/><E66/><V29/><F29/><W120/><G90/><T130/><D130/><U62/><E117/><V5/><F5/><AGARI ba="0,2" hai="5,11,12,36,42,45,50,51,87,88,93,97,103,107" machi="5" ten="30,7700,0" yaku="1,1,7,1,54,1,53,1" doraHai="14" doraHaiUra="95" who="0" fromWho="2" sc="116,97,484,0,298,-77,82,0" /><INIT seed="6,0,0,2,3,84" ten="213,484,221,82" oya="2" hai0="1,103,11,40,26,121,61,49,126,53,76,105,114" hai1="100,108,115,57,52,47,82,3,8,19,59,38,106" hai2="5,120,27,85,104,127,93,89,42,41,48,124,111" hai3="9,123,113,129,22,55,72,10,131,98,102,39,119"/><V92/><F120/><W135/><G72/><T46/><D121/><U35/><E35/><V78/><F104/><W96/><G123/><T101/><D76/><U75/><E108/><V91/><F111/><W81/><G39/><T83/><D83/><U23/><E115/><V94/><F5/><W44/><G119/><T128/><D26/><U51/><E106/><V30/><F78/><W58/><G113/><T16/><D114/><U70/><E70/><V73/><F73/><W45/><G135/><T110/><D110/><U36/><E100/><V56/><F56/><W34/><G34/><T12/><D1/><U80/><E75/><V69/><F69/><W133/><G133/><T18/><D128/><N who="3" m="49225" /><G22/><N who="0" m="11527" /><D126/><N who="2" m="48170" /><F48/><N who="3" m="31079" /><G81/><T17/><D11/><N who="3" m="4105" /><G98/><T20/><D17/><U90/><E36/><V66/><F66/><W14/><G14/><N who="0" m="9303" /><D105/><AGARI ba="0,0" hai="44,45,96,102,105" m="4105,31079,49225" machi="105" ten="30,1000,0" yaku="19,1" doraHai="84" who="3" fromWho="0" sc="213,-10,484,0,221,0,82,10" /><INIT seed="7,0,0,2,4,40" ten="203,484,221,92" oya="3" hai0="83,33,129,75,117,50,7,112,57,124,90,10,126" hai1="54,16,121,38,27,58,46,53,104,66,109,132,47" hai2="78,98,24,127,99,6,1,32,77,113,52,102,31" hai3="114,97,61,87,93,82,125,5,35,120,76,73,88"/><W105/><G35/><T68/><D68/><U118/><E104/><V20/><F113/><W96/><G5/><T110/><D110/><U85/><E132/><V34/><F127/><N who="0" m="48682" /><D33/><U42/><E121/><V108/><F108/><W25/><G125/><T131/><D112/><U28/><E85/><V14/><F34/><W15/><G120/><T26/><D26/><U3/><E3/><V128/><F128/><W119/><G114/><T29/><D29/><U134/><E134/><V8/><F52/><W56/><G119/><T103/><D103/><U86/><E28/><V94/><F99/><W116/><G116/><T23/><D23/><U130/><E130/><V39/><F39/><W65/><G105/><T84/><D75/><U135/><E135/><V49/><F49/><W37/><G37/><T107/><D107/><U91/><E66/><V13/><F13/><W80/><G25/><T44/><D57/><U22/><E109/><V30/><F30/><W18/><REACH who="3" step="1"/><G80/><REACH who="3" ten="203,484,221,82" step="2"/><T48/><D117/><U11/><E118/><V43/><F32/><W19/><G19/><T95/><D83/><U62/><E38/><V17/><F17/><W45/><G45/><T92/><D92/><U4/><E46/><V71/><F94/><W63/><G63/><T12/><D50/><U74/><E47/><V0/><F24/><W122/><G122/><T89/><D48/><U101/><E62/><V36/><F36/><W59/><G59/><T111/><D44/><U72/><E58/><V55/><F6/><W51/><G51/><T2/><D111/><U123/><E4/><V100/><F71/><RYUUKYOKU ba="0,1" sc="203,-10,484,-10,221,-10,82,30" hai3="15,18,56,61,65,73,76,82,87,88,93,96,97" /><INIT seed="7,1,1,5,0,82" ten="193,474,211,112" oya="3" hai0="30,48,18,3,111,5,85,95,77,101,84,62,49" hai1="112,127,107,81,130,132,0,92,6,2,115,50,38" hai2="61,23,37,57,126,94,21,9,117,7,69,26,8" hai3="134,55,78,45,121,35,40,17,108,24,91,120,71"/><W75/><G108/><T67/><D3/><U83/><E38/><V98/><F117/><W79/><G134/><T90/><D5/><U99/><E132/><V133/><F133/><W102/><G71/><T14/><D30/><U46/><E107/><V12/><F69/><W27/><G102/><T11/><D101/><U33/><E33/><V32/><F37/><W104/><G104/><T119/><D119/><U93/><E130/><V34/><F9/><W51/><G27/><T96/><D111/><U87/><E127/><V15/><F15/><W73/><G91/><N who="0" m="55423" /><D77/><U118/><E118/><V105/><F105/><W10/><G35/><T80/><D85/><U106/><E106/><V60/><F23/><W41/><G79/><T86/><D86/><U68/><E68/><V39/><F39/><W36/><G41/><T123/><D123/><U16/><E87/><V74/><F74/><W89/><G89/><T128/><D128/><U64/><E64/><N who="2" m="38927" /><F61/><W113/><G113/><T13/><D14/><U88/><E16/><V47/><F47/><N who="3" m="28159" /><G78/><T53/><D67/><U70/><E70/><V135/><F135/><W44/><G44/><T19/><D18/><U22/><E22/><V103/><F126/><W20/><G10/><T29/><D29/><AGARI ba="1,1" hai="7,8,12,21,26,29,32,34,94,98,103" m="38927" machi="29" ten="30,1000,0" yaku="25,1" doraHai="82" who="2" fromWho="0" sc="193,-13,474,0,211,23,112,0" owari="180,-22.0,474,58.0,234,3.0,112,-39.0" /></mjloggm>