<mjloggm ver="2.3"><GO type="169" lobby="0"/><UN n0="%E3%82%A6%E3%83%AB%E3%83%88%E3%83%A9%E7%AB%8B%E7%9B%B4" n1="%E4%BB%AE%E9%B3%B3%E5%87%B0%E6%B0%91" n2="%E3%82%A2%E3%82%A4%E3%83%9E%E3%83%BC%E3%83%AB%32%31" n3="%E3%83%A1%E3%82%AB%E3%82%BC%E3%83%83%E3%83%88%E3%83%B3" dan="17,17,16,19" rate="2183.48,2116.26,2138.77,2259.49" sx="M,M,M,M"/><TAIKYOKU oya="0"/><INIT seed="0,0,0,0,0,10" ten="250,250,250,250" oya="0" hai0="125,36,71,3,127,130,56,63,60,106,29,87,76" hai1="68,39,97,84,33,129,22,16,20,17,1,62,0" hai2="117,86,67,66,11,14,123,101,128,114,5,79,45" hai3="75,9,69,12,72,77,46,25,98,7,21,58,13"/><T4/><D106/><U73/><E73/><V30/><F114/><W94/><G69/><T85/><D36/><U41/><E129/><V116/><F123/><W6/><G58/><T90/><D130/><U57/><E68/><V122/><F122/><W121/><G121/><T23/><D4/><U54/><E33/><V96/><F128/><W119/><G119/><N who="2" m="45641" /><F30/><W99/><G46/><T107/><D3/><U24/><E39/><V100/><F45/><W74/><G77/><T70/><D107/><U120/><E41/><V91/><F79/><W108/><G108/><T124/><D76/><U134/><E134/><V52/><F52/><W131/><G131/><T44/><D44/><U61/><E61/><N who="0" m="23625" /><D56/><U135/><E135/><V49/><F49/><W35/><G35/><T105/><D105/><U132/><E132/><V83/><F101/><W48/><G48/><T31/><D31/><U118/><E118/><V28/><F28/><W88/><G99/><T42/><D42/><U65/><E65/><V92/><AGARI ba="0,0" hai="5,11,14,66,67,83,86,91,92,96,100" m="45641" machi="92" ten="30,2000,0" yaku="12,1,52,1" doraHai="10" who="2" fromWho="2" sc="250,-10,250,-5,250,20,250,-5" /><INIT seed="1,0,0,5,1,75" ten="240,245,270,245" oya="1" hai0="44,1,56,49,97,53,77,68,11,86,73,51,102" hai1="115,55,19,58,74,126,83,45,132,47,64,106,98" hai2="104,59,5,82,128,2,33,20,8,88,130,50,43" hai3="42,22,46,12,34,40,36,67,76,16,119,121,93"/><U65/><E115/><V69/><F69/><W120/><G119/><T101/><D68/><U72/><E126/><V7/><F33/><W116/><G34/><T127/><D73/><U90/><E132/><V63/><F104/><W35/><G35/><T15/><D1/><U134/><E134/><V122/><F122/><W79/><G116/><T87/><D127/><U131/><E131/><N who="2" m="50219" /><F7/><W110/><G110/><T78/><D87/><U108/><E108/><V14/><F50/><W57/><G42/><T99/><D86/><U125/><E125/><V80/><F43/><W114/><G114/><T95/><D49/><U133/><E72/><V48/><F48/><W37/><G37/><T61/><D99/><U4/><E4/><V117/><F117/><W24/><G93/><T94/><D94/><U135/><E135/><V109/><F109/><W41/><G41/><N who="0" m="24975" /><D102/><U26/><E74/><V29/><F88/><W52/><G67/><N who="1" m="25674" /><E106/><V32/><F32/><W71/><G71/><T28/><D28/><U6/><E6/><AGARI ba="0,0" hai="6,11,15,53,56,61,77,78,95,97,101" m="24975" machi="6" ten="30,3900,0" yaku="8,1,52,2" doraHai="75" who="0" fromWho="1" sc="240,39,245,-39,270,0,245,0" /><INIT seed="2,0,0,1,2,72" ten="279,206,270,245" oya="2" hai0="50,73,84,62,93,34,81,121,75,98,74,22,69" hai1="119,46,36,83,42,0,112,59,21,33,41,118,12" hai2="1,71,6,17,16,115,122,52,58,24,126,116,102" hai3="63,45,130,106,43,105,40,56,29,78,70,23,35"/><V77/><F122/><W123/><G123/><T8/><D34/><U15/><E33/><V86/><F116/><W11/><G70/><T44/><D121/><U10/><E112/><V53/><F71/><W95/><G35/><T5/><D22/><U47/><E0/><V27/><F115/><W82/><G95/><T64/><D93/><U110/><E110/><V25/><F126/><W117/><G130/><T85/><D98/><U94/><E21/><V108/><F108/><W14/><G117/><T31/><D31/><U80/><E59/><V38/><F38/><W68/><G68/><T88/><D84/><U109/><E109/><V120/><F120/><W4/><G23/><T55/><REACH who="0" step="1"/><D75/><REACH who="0" ten="269,206,270,245" step="2"/><U133/><E94/><V107/><F107/><W101/><G29/><T37/><D37/><U39/><REACH who="1" step="1"/><E133/><REACH who="1" ten="269,196,270,245" step="2"/><V87/><F102/><W51/><G101/><T49/><D49/><U7/><E7/><V132/><F132/><W134/><G134/><T103/><D103/><U91/><E91/><V104/><F104/><W32/><G32/><T13/><AGARI ba="0,2" hai="5,8,13,44,50,55,62,64,69,73,74,81,85,88" machi="13" ten="20,5200,0" yaku="1,1,0,1,7,1,54,1,53,0" doraHai="72" doraHaiUra="127" who="0" fromWho="0" sc="269,72,196,-13,270,-26,245,-13" /><INIT seed="3,0,0,3,2,68" ten="341,183,244,232" oya="3" hai0="11,117,108,128,38,21,104,43,26,36,127,32,130" hai1="87,16,99,124,90,25,58,30,34,100,98,13,52" hai2="47,19,35,121,48,67,70,17,93,103,88,31,39" hai3="54,118,20,96,112,69,113,9,6,85,10,105,107"/><W72/><G72/><T22/><D117/><U135/><E135/><V37/><F103/><W5/><G69/><T27/><D104/><U51/><E124/><V66/><F35/><W0/><G118/><T1/><D32/><U2/><E2/><V125/><F31/><W28/><G85/><T82/><D127/><U76/><E76/><V134/><F125/><W110/><G110/><T97/><D97/><U33/><E100/><V80/><F80/><W60/><G20/><T81/><D43/><U95/><REACH who="1" step="1"/><E33/><REACH who="1" ten="341,173,244,232" step="2"/><V55/><F134/><W78/><G78/><T65/><D1/><U120/><E120/><V111/><F121/><W8/><G0/><T79/><D79/><U64/><E64/><V106/><F67/><W91/><G113/><T40/><D65/><U86/><E86/><V59/><F70/><W29/><G112/><T77/><D77/><U46/><E46/><V3/><F3/><W73/><G73/><T41/><D108/><U126/><E126/><V71/><F71/><W7/><G107/><T74/><D74/><U24/><E24/><V119/><F111/><W53/><G105/><T109/><D109/><U129/><E129/><V50/><F66/><W4/><N who="3" m="1024" /><DORA hai="131" /><W42/><G91/><T133/><D133/><U101/><E101/><V132/><F106/><W45/><G96/><T49/><D128/><U61/><E61/><V63/><F132/><W14/><G60/><T92/><D130/><U44/><E44/><V83/><F119/><W18/><G45/><T89/><D27/><U56/><E56/><V12/><F47/><W84/><G84/><RYUUKYOKU ba="0,1" sc="341,-10,173,30,244,-10,232,-10" hai1="13,16,25,30,34,51,52,58,87,90,95,98,99" /><INIT seed="4,1,1,5,0,97" ten="331,203,234,222" oya="0" hai0="129,84,125,112,3,23,19,54,45,48,117,101,11" hai1="134,20,88,44,99,109,96,12,40,37,29,50,25" hai2="110,89,41,49,18,132,61,123,0,127,114,6,22" hai3="14,31,35,15,5,74,87,70,60,13,100,135,32"/><T102/><D117/><U64/><E109/><V53/><F110/><W42/><G74/><T24/><D125/><U119/><E119/><V124/><F123/><W77/><G42/><T7/><D129/><U56/><E134/><V133/><F114/><W104/><G135/><N who="2" m="51785" /><F41/><W120/><G120/><T93/><D112/><U79/><E79/><V126/><F61/><W46/><G46/><T103/><REACH who="0" step="1"/><D84/><REACH who="0" ten="321,203,234,222" step="2"/><U8/><E37/><V28/><F126/><W115/><G87/><T98/><AGARI ba="1,2" hai="3,7,11,19,23,24,45,48,54,93,98,101,102,103" machi="98" ten="30,18000,2" yaku="1,1,2,1,0,1,52,3,53,0" doraHai="97" doraHaiUra="122" who="0" fromWho="0" sc="321,203,203,-61,234,-61,222,-61" /><INIT seed="4,2,0,2,4,125" ten="524,142,173,161" oya="0" hai0="113,118,50,86,116,65,62,93,128,66,57,56,75" hai1="10,81,2,21,100,126,134,87,23,115,19,129,67" hai2="45,109,44,89,112,77,58,102,52,91,38,121,17" hai3="119,130,120,3,127,59,6,53,88,104,79,51,110"/><T103/><D75/><U7/><E126/><V61/><F109/><W107/><G110/><T39/><D39/><U73/><E73/><V29/><F121/><W84/><G79/><T35/><D35/><U24/><E134/><V64/><F112/><W80/><G127/><T117/><D113/><U92/><E115/><V132/><F132/><W69/><G119/><T83/><D93/><U43/><E43/><V11/><F102/><W5/><G120/><T71/><D103/><U26/><E67/><V70/><F29/><W1/><G69/><T13/><D13/><U94/><E100/><V36/><F77/><W0/><REACH who="3" step="1"/><G130/><REACH who="3" ten="524,142,173,151" step="2"/><T76/><D128/><U122/><E129/><V101/><F70/><W105/><AGARI ba="2,1" hai="0,1,3,5,6,51,53,59,80,84,88,104,105,107" machi="105" ten="40,8000,1" yaku="1,1,2,1,0,1,54,1,53,1" doraHai="125" doraHaiUra="82" who="3" fromWho="3" sc="524,-42,142,-22,173,-22,151,96" /><INIT seed="5,0,0,3,5,110" ten="482,120,151,247" oya="1" hai0="99,20,131,13,43,112,7,51,8,45,3,71,24" hai1="98,57,102,55,93,40,116,94,92,6,111,81,129" hai2="0,85,31,28,123,47,41,67,37,33,90,9,113" hai3="29,109,132,4,39,73,114,121,115,108,36,16,135"/><U52/><E116/><V97/><F123/><W42/><G73/><T27/><D71/><U56/><E111/><N who="3" m="42570" /><G29/><T62/><D131/><U83/><E129/><V119/><F119/><W53/><G4/><T69/><D99/><U64/><E64/><V82/><F113/><N who="3" m="43019" /><G121/><T22/><D112/><U19/><E6/><V63/><F33/><W117/><G117/><T91/><D3/><U5/><E5/><V77/><F0/><W2/><G2/><T32/><D32/><U87/><E40/><V34/><F9/><W65/><G65/><T70/><D22/><U38/><E38/><N who="3" m="14378" /><G42/><T124/><D43/><U58/><E19/><V105/><F34/><W18/><G53/><N who="1" m="20554" /><E83/><V100/><F77/><AGARI ba="0,0" hai="56,57,58,77,81,87,92,93,94,98,102" m="20554" machi="77" ten="30,2900,0" yaku="8,1,54,1" doraHai="110" who="1" fromWho="2" sc="482,0,120,29,151,-29,247,0" /><INIT seed="5,1,0,1,3,129" ten="482,149,122,247" oya="1" hai0="86,100,42,41,60,35,19,50,49,74,112,115,83" hai1="26,95,55,107,3,46,105,93,9,76,96,102,32" hai2="27,127,56,59,72,54,63,117,48,75,37,123,78" hai3="31,39,109,18,21,79,66,23,68,116,73,45,61"/><U57/><E76/><V87/><F123/><W110/><G31/><T5/><D74/><U101/><E46/><V47/><F117/><W22/><G116/><T99/><D5/><U10/><E32/><V53/><F127/><W11/><G79/><T8/><D60/><U40/><E40/><V104/><F104/><W114/><G73/><T77/><D35/><U131/><E26/><V28/><F87/><W128/><G114/><N who="0" m="43563" /><D50/><U67/><E67/><V130/><F130/><W118/><G118/><T81/><D81/><U111/><E111/><V43/><REACH who="2" step="1"/><F78/><REACH who="2" ten="482,149,112,247" step="2"/><W103/><G110/><T120/><D120/><U85/><E131/><V71/><F71/><W65/><G68/><T29/><D86/><U91/><E105/><V16/><F16/><W84/><G18/><T70/><D19/><U1/><E107/><V34/><AGARI ba="1,1" hai="27,28,34,37,43,47,48,53,54,56,59,63,72,75" machi="34" ten="20,5200,0" yaku="1,1,0,1,7,1,53,1" doraHai="129" doraHaiUra="25" who="2" fromWho="2" sc="482,-14,149,-27,112,65,247,-14" /><INIT seed="6,0,0,0,0,118" ten="468,122,177,233" oya="2" hai0="24,82,113,114,61,115,106,57,37,10,11,110,50" hai1="27,33,65,95,126,132,125,80,39,17,75,74,34" hai2="99,123,93,52,53,79,108,31,0,122,3,25,7" hai3="40,22,89,107,16,69,127,96,100,45,129,109,87"/><V64/><F108/><W131/><G109/><T5/><D106/><U28/><E34/><V98/><F79/><W101/><G69/><T76/><D37/><U32/><E32/><V20/><F64/><W104/><G127/><T59/><D110/><U21/><E39/><V119/><F119/><W120/><G120/><T13/><D24/><U81/><E65/><V90/><F3/><W63/><G63/><T46/><D11/><U105/><E105/><V73/><F73/><W117/><G117/><T83/><D61/><U8/><E8/><V36/><F36/><W4/><G4/><T60/><D60/><U124/><E132/><V121/><REACH who="2" step="1"/><F99/><REACH who="2" ten="468,122,167,233" step="2"/><W18/><G96/><T58/><D76/><U12/><E75/><V9/><AGARI ba="0,1" hai="0,7,9,20,25,31,52,53,90,93,98,121,122,123" machi="9" ten="40,18000,2" yaku="1,1,2,1,0,1,52,3,54,1,53,0" doraHai="118" doraHaiUra="55" who="2" fromWho="2" sc="468,-60,122,-60,167,190,233,-60" /><INIT seed="6,1,0,1,4,134" ten="408,62,357,173" oya="2" hai0="115,95,118,90,106,128,11,89,45,53,130,80,107" hai1="116,93,16,5,18,65,21,111,38,67,34,104,3" hai2="91,60,55,100,46,52,27,12,19,109,25,26,123" hai3="74,57,28,1,96,23,10,30,117,121,15,101,51"/><V114/><F123/><W73/><G121/><T2/><D118/><U75/><E104/><V131/><F114/><W7/><G117/><T99/><D115/><U35/><E116/><V4/><F131/><N who="0" m="50218" /><D53/><U37/><E75/><V62/><F109/><W48/><G74/><T77/><D45/><U97/><E111/><V0/><F100/><W79/><G79/><T132/><D132/><U22/><E5/><V127/><F127/><W32/><G73/><N who="0" m="43055" /><D90/><U108/><E108/><V76/><F76/><W6/><G6/><AGARI ba="1,0" hai="2,6,11,89,95,99,106,107" m="43055,50218" machi="6" ten="30,1000,0" yaku="19,1" doraHai="134" who="0" fromWho="3" sc="408,13,62,0,357,0,173,-13" /><INIT seed="7,0,0,1,3,131" ten="421,62,357,160" oya="3" hai0="27,134,60,20,57,108,112,43,68,49,61,39,122" hai1="84,24,13,34,33,115,93,119,128,123,87,73,54" hai2="107,104,79,71,99,77,110,83,38,116,46,103,114" hai3="75,11,63,129,130,90,45,3,56,66,88,52,72"/><W96/><G72/><T14/><D14/><U74/><E123/><V47/><F71/><W16/><G75/><T9/><D9/><U44/><E128/><N who="3" m="49258" /><G96/><T127/><D20/><U12/><E44/><V120/><F116/><W29/><G29/><T64/><D27/><U125/><E119/><V31/><F31/><W30/><G30/><T102/><D102/><U19/><E24/><V118/><F118/><W70/><G45/><T81/><D81/><U36/><E36/><V21/><F21/><W65/><G65/><T100/><D100/><U6/><E6/><V23/><F23/><W8/><G3/><T126/><D39/><U35/><E93/><V106/><F120/><W40/><G40/><T101/><D101/><U121/><E34/><V32/><F32/><W82/><G82/><T55/><D43/><U4/><E4/><V7/><F7/><W80/><G80/><T50/><D122/><U132/><E121/><V41/><F77/><W76/><G76/><T25/><D64/><U135/><E54/><V89/><F47/><W58/><G70/><T109/><D55/><U105/><E115/><V97/><F114/><W111/><G111/><T42/><D42/><U28/><E28/><V53/><F110/><W133/><G8/><T117/><D68/><U94/><E94/><N who="2" m="56527" /><F53/><W78/><G78/><T2/><D2/><U10/><E10/><V59/><F59/><W0/><G0/><T91/><D57/><U15/><E15/><V48/><F38/><W37/><G37/><T67/><D109/><U62/><E33/><V69/><F69/><W85/><G52/><RYUUKYOKU ba="0,0" sc="421,-10,62,-10,357,30,160,-10" hai2="41,46,48,79,83,99,103,104,106,107" owari="411,51.0,52,-45.0,387,19.0,150,-25.0" /></mjloggm>