<mjloggm ver="2.3"><GO type="169" lobby="0"/><UN n0="%E3%82%A4%E3%82%BA%E3%83%9F%E3%83%B3" n1="%E4%B8%A6%E3%81%BF%E3%81%AE%E7%AB%9C" n2="%66%75%6B%75%30%32" n3="%E3%82%A6%E3%83%AB%E3%83%88%E3%83%A9%E7%AB%8B%E7%9B%B4" dan="17,16,16,17" rate="2157.40,2089.08,2114.53,2195.55" sx="M,M,M,M"/><TAIKYOKU oya="0"/><INIT seed="0,0,0,4,2,45" ten="250,250,250,250" oya="0" hai0="47,78,14,11,31,121,133,131,122,99,42,79,97" hai1="118,93,84,32,19,18,40,7,1,63,114,72,73" hai2="51,39,26,48,4,112,56,126,15,85,60,111,38" hai3="102,8,65,86,101,33,16,37,77,92,119,54,21"/><T108/><D131/><U20/><E118/><V113/><F111/><W80/><G33/><T128/><D128/><U5/><E32/><V94/><F126/><W69/><G37/><T105/><D31/><U25/><E114/><V127/><F127/><W57/><G119/><T89/><D108/><U9/><E7/><V59/><F26/><W58/><G8/><T130/><D130/><U50/><E63/><V96/><F85/><W71/><G58/><T134/><D105/><U62/><E62/><V17/><F4/><W46/><G46/><T115/><D115/><U12/><E93/><V44/><F113/><W0/><G0/><T74/><D74/><U123/><E84/><V43/><F39/><W87/><G65/><T36/><D79/><U41/><E41/><V125/><F125/><W135/><G135/><N who="0" m="51723" /><D78/><U28/><E19/><V100/><F112/><W22/><G71/><T30/><D30/><U82/><E82/><V52/><F59/><W10/><G69/><T116/><D116/><U104/><E104/><V76/><F76/><W90/><G10/><AGARI ba="0,0" hai="10,15,17,38,43,44,48,51,52,56,60,94,96,100" machi="10" ten="30,7700,0" yaku="7,1,52,2,54,1" doraHai="45" who="2" fromWho="3" sc="250,0,250,0,250,77,250,-77" /><INIT seed="1,0,0,2,0,16" ten="250,250,327,173" oya="1" hai0="71,77,118,129,65,74,18,99,133,36,67,41,64" hai1="112,130,22,56,76,59,35,5,17,40,10,78,83" hai2="75,50,72,73,15,14,90,123,109,32,34,126,48" hai3="21,47,25,120,108,117,100,4,54,37,63,19,45"/><U62/><E35/><N who="2" m="13355" /><F90/><W3/><G120/><T43/><D118/><U23/><E112/><V26/><F123/><W119/><G108/><T97/><D71/><U7/><E130/><V38/><F109/><W87/><G100/><T115/><D115/><U131/><E131/><V29/><F38/><W82/><G3/><T6/><D133/><U102/><E102/><V110/><F110/><W85/><G4/><N who="1" m="1610" /><E40/><V27/><F29/><W57/><G85/><T66/><D43/><U20/><E83/><V42/><F42/><W125/><G37/><T69/><D41/><U80/><E80/><V88/><F126/><W106/><G106/><T51/><D36/><U134/><E134/><V81/><F88/><N who="3" m="51319" /><G125/><T124/><D124/><U116/><E116/><AGARI ba="0,0" hai="19,21,25,45,47,54,57,63,116,117,119" m="51319" machi="116" ten="30,3900,0" yaku="12,1,52,1,54,1" doraHai="16" who="3" fromWho="1" sc="250,0,250,-39,327,0,173,39" /><INIT seed="2,0,0,1,0,101" ten="250,211,327,212" oya="2" hai0="47,85,75,50,51,25,36,8,39,10,99,120,91" hai1="31,24,19,22,2,43,93,16,113,48,11,58,66" hai2="115,128,34,109,114,64,7,108,61,14,119,20,35" hai3="87,73,60,40,82,80,28,26,74,76,118,67,135"/><V38/><F119/><W30/><G135/><T124/><D75/><U1/><E113/><V68/><F38/><W55/><G40/><T84/><D120/><U71/><E71/><V132/><F132/><W6/><G55/><T0/><D0/><U32/><E43/><V52/><F128/><W96/><G6/><T92/><D25/><U104/><E104/><V111/><F52/><W63/><G63/><T98/><D124/><U106/><E106/><V33/><REACH who="2" step="1"/><F20/><REACH who="2" ten="250,211,317,212" step="2"/><W46/><G118/><T59/><D39/><U134/><E134/><V15/><F15/><W86/><G60/><T62/><D36/><U44/><E32/><V5/><F5/><W17/><G46/><T53/><D50/><U3/><E1/><V70/><F70/><W79/><G67/><T105/><D10/><AGARI ba="0,1" hai="7,10,14,33,34,35,61,64,68,108,109,111,114,115" machi="10" ten="50,9600,0" yaku="1,1,14,1,10,1,53,0" doraHai="101" doraHaiUra="13" who="2" fromWho="0" sc="250,-96,211,0,317,106,212,0" /><INIT seed="2,1,0,2,2,99" ten="154,211,423,212" oya="2" hai0="122,45,29,3,78,96,22,113,129,95,91,102,39" hai1="107,24,51,23,101,19,92,100,42,62,68,104,69" hai2="125,124,127,112,130,10,131,34,135,84,89,116,47" hai3="106,35,5,132,17,71,11,33,111,67,53,12,36"/><V128/><F34/><W9/><G36/><T6/><D122/><U13/><E107/><V63/><F47/><W15/><G67/><T7/><D113/><U61/><E104/><V0/><F63/><N who="1" m="24073" /><E69/><V123/><F123/><W58/><G71/><T108/><D108/><U121/><E68/><V97/><F112/><W56/><G111/><T44/><D39/><U43/><E121/><V72/><F72/><W90/><G106/><T30/><D78/><U20/><E92/><N who="2" m="54311" /><F116/><W134/><G90/><T8/><D7/><U60/><N who="1" m="24081" /><U120/><DORA hai="74" /><E120/><V110/><F110/><W25/><G53/><T38/><D38/><U85/><E85/><V1/><F97/><W94/><G94/><T40/><D129/><U98/><E98/><V50/><F50/><W70/><G70/><T133/><D133/><N who="3" m="51305" /><G58/><T115/><D115/><U2/><E2/><N who="2" m="1131" /><F135/><W105/><G56/><T32/><D45/><N who="1" m="26039" /><E43/><V109/><F109/><W26/><G105/><T117/><D117/><U41/><E41/><V75/><F75/><W88/><G88/><T83/><D44/><U28/><AGARI ba="1,0" hai="13,19,20,23,24,28,100,101" m="26039,24081" machi="28" ten="30,4000,0" yaku="8,1,52,2" doraHai="99,74" who="1" fromWho="1" sc="154,-11,211,43,423,-21,212,-11" /><INIT seed="3,0,0,2,2,103" ten="143,254,402,201" oya="3" hai0="3,95,42,23,16,110,134,98,6,108,107,90,34" hai1="77,54,47,125,100,17,80,44,78,89,1,19,59" hai2="111,96,60,11,13,130,120,40,31,109,46,104,105" hai3="57,81,128,88,91,97,8,119,7,117,45,82,41"/><W51/><G128/><T12/><D34/><U27/><E1/><V94/><F130/><W113/><G113/><T49/><D134/><U29/><E125/><V4/><F120/><W102/><G57/><T35/><D35/><U85/><E100/><N who="2" m="60439" /><F31/><W83/><G119/><T129/><D129/><U132/><E132/><V5/><F5/><W92/><REACH who="3" step="1"/><G117/><REACH who="3" ten="143,254,402,191" step="2"/><T93/><D108/><N who="2" m="41546" /><F60/><W74/><G74/><T73/><D110/><U14/><E59/><V67/><F67/><W58/><G58/><T114/><D73/><U116/><E116/><V84/><F84/><W22/><G22/><T10/><D114/><U65/><E65/><V79/><F79/><W72/><G72/><T55/><D42/><U131/><E131/><V76/><F76/><W38/><G38/><AGARI ba="0,1" hai="4,11,13,38,40,46,104,105" m="41546,60439" machi="38" ten="30,3900,0" yaku="14,1,52,2" doraHai="103" who="2" fromWho="3" sc="143,0,254,0,402,49,191,-39" /><INIT seed="4,0,0,3,5,100" ten="143,254,451,152" oya="0" hai0="70,129,102,53,54,1,2,58,95,44,62,89,32" hai1="45,48,59,28,25,30,14,31,60,128,72,73,43" hai2="19,98,57,96,126,112,8,108,81,10,77,121,85" hai3="123,131,125,116,47,133,17,40,38,87,71,9,63"/><T16/><D32/><U88/><E128/><V76/><F108/><W65/><G116/><T69/><D102/><U56/><E25/><V51/><F121/><W80/><G131/><T5/><D129/><U55/><E14/><V52/><F112/><W3/><G125/><T0/><D5/><U130/><E130/><V93/><F126/><W37/><G133/><T91/><D91/><U33/><E33/><V41/><F77/><W94/><G94/><T106/><D106/><U117/><E117/><V99/><F41/><W6/><G17/><T50/><REACH who="0" step="1"/><D16/><REACH who="0" ten="133,254,451,152" step="2"/><U104/><E104/><V22/><F93/><W120/><REACH who="3" step="1"/><G37/><REACH who="3" ten="133,254,451,142" step="2"/><T68/><D68/><U124/><E124/><V11/><F11/><W92/><G92/><T29/><D29/><U103/><E31/><V21/><F21/><W101/><G101/><T24/><D24/><AGARI ba="0,2" hai="8,10,19,22,24,51,52,57,76,81,85,96,98,99" machi="24" ten="40,2600,0" yaku="8,1,54,1" doraHai="100" who="2" fromWho="0" sc="133,-26,254,0,451,46,142,0" /><INIT seed="5,0,0,5,4,55" ten="107,254,497,142" oya="1" hai0="41,10,32,5,80,83,76,128,124,39,72,58,12" hai1="127,126,118,104,70,95,102,65,52,120,30,89,77" hai2="36,54,22,7,59,28,37,129,109,53,43,101,35" hai3="47,33,108,93,74,115,38,78,113,51,87,57,40"/><U62/><E118/><V119/><F35/><W69/><G33/><T27/><D124/><N who="1" m="47659" /><E120/><V42/><F7/><W14/><G74/><T132/><D132/><U34/><E77/><V135/><F101/><W100/><G69/><T49/><D128/><U21/><E34/><V48/><F129/><W66/><G14/><T103/><D103/><U106/><E102/><V19/><F28/><W4/><G4/><T9/><D83/><U60/><E21/><V46/><F135/><W85/><G108/><T121/><D121/><U88/><E30/><V82/><F109/><W133/><G133/><T2/><D32/><U24/><E24/><V79/><F119/><W84/><G78/><T64/><D27/><U3/><E3/><V110/><F110/><W134/><G134/><T75/><D75/><U99/><E89/><V56/><F79/><W81/><G81/><T16/><D49/><U1/><E1/><V117/><F82/><W105/><G105/><T18/><D18/><U67/><E52/><V116/><F116/><W29/><G29/><T50/><D50/><U97/><E97/><V123/><F123/><W122/><G122/><T8/><D8/><U92/><E92/><V98/><F117/><W114/><G100/><T63/><REACH who="0" step="1"/><D41/><REACH who="0" ten="97,254,497,142" step="2"/><U107/><E107/><V31/><F43/><W6/><G6/><T71/><D71/><AGARI ba="0,1" hai="60,62,65,67,70,71,88,95,99,104,106" m="47659" machi="71" ten="30,2900,0" yaku="18,1,54,1" doraHai="55" who="1" fromWho="0" sc="97,-29,254,39,497,0,142,0" /><INIT seed="5,1,0,4,1,123" ten="68,293,497,142" oya="1" hai0="14,79,46,129,17,21,134,115,44,71,49,126,33" hai1="113,86,132,84,65,94,0,4,51,64,20,91,50" hai2="6,80,31,15,90,120,98,5,62,2,12,130,103" hai3="110,127,107,89,25,30,128,26,77,70,118,96,54"/><U42/><E113/><V69/><F2/><W67/><G26/><T88/><D71/><U23/><E132/><V124/><F31/><W87/><G77/><T68/><D68/><U99/><E0/><V59/><F69/><W43/><G54/><T52/><D134/><U3/><E3/><V74/><F74/><W122/><G43/><T92/><D33/><U57/><E4/><V29/><F29/><W60/><G118/><T97/><D115/><U34/><E34/><V55/><F5/><W39/><G39/><T9/><D129/><U36/><E36/><V108/><F130/><W112/><G112/><T40/><D126/><U73/><E73/><V56/><F124/><W72/><G72/><T45/><D79/><U93/><E42/><V18/><F6/><W38/><G38/><T10/><REACH who="0" step="1"/><D40/><REACH who="0" ten="58,293,497,142" step="2"/><U100/><E100/><V104/><F103/><N who="3" m="62951" /><G127/><T102/><D102/><U61/><E99/><V48/><F98/><W27/><G128/><T41/><D41/><U32/><E32/><V24/><F120/><W28/><G122/><T13/><D13/><U66/><E91/><V131/><F90/><W22/><G89/><T116/><D116/><U53/><E93/><V8/><F131/><W95/><G95/><T135/><D135/><U63/><E94/><V82/><F104/><W11/><G70/><T58/><AGARI ba="1,1" hai="9,10,14,17,21,44,45,46,49,52,58,88,92,97" machi="58" ten="30,8000,1" yaku="1,1,0,1,8,1,54,2,53,0" doraHai="123" doraHaiUra="78" who="0" fromWho="0" sc="58,93,293,-41,497,-21,142,-21" /><INIT seed="6,0,0,1,4,0" ten="151,252,476,121" oya="2" hai0="123,65,2,61,28,36,119,87,91,10,89,8,120" hai1="131,113,52,22,30,53,71,15,21,38,125,3,43" hai2="64,96,92,132,56,81,102,44,114,16,103,82,55" hai3="85,126,39,41,117,7,42,47,97,26,78,33,40"/><V127/><F114/><W75/><G117/><T18/><D36/><U19/><E113/><V9/><F127/><W90/><G126/><T134/><D119/><U86/><E71/><V50/><F103/><W73/><G97/><T24/><D134/><U100/><E3/><V135/><F135/><W109/><G109/><T79/><D79/><U133/><E131/><V110/><F110/><W106/><G106/><T54/><D54/><U4/><E38/><V32/><F32/><W51/><G78/><T5/><D18/><U69/><E69/><V70/><F70/><W37/><G37/><T104/><D10/><U49/><E100/><V20/><F9/><W35/><G7/><T17/><D17/><U27/><E4/><V107/><F107/><W95/><G33/><T94/><D104/><U72/><E72/><V83/><F132/><W6/><G6/><T60/><D91/><U108/><E108/><V116/><F116/><W34/><G34/><T112/><D112/><U98/><E98/><V129/><F129/><W31/><REACH who="3" step="1"/><G39/><REACH who="3" ten="151,252,476,111" step="2"/><T68/><REACH who="0" step="1"/><D61/><REACH who="0" ten="141,252,476,111" step="2"/><U1/><E133/><V66/><F102/><W111/><G111/><T88/><D88/><U84/><E125/><V12/><F50/><W105/><G105/><T67/><D67/><U101/><E101/><V59/><F66/><W115/><G115/><T118/><D118/><U58/><E49/><V124/><F64/><W77/><G77/><T48/><D48/><U121/><E121/><V122/><F122/><W57/><G57/><T25/><D25/><U74/><E58/><V14/><F56/><W46/><G46/><RYUUKYOKU ba="0,2" sc="141,15,252,-15,476,-15,111,15" hai0="2,5,8,24,28,60,65,68,87,89,94,120,123" hai3="26,31,35,40,41,42,47,51,73,75,85,90,95" /><INIT seed="7,1,2,2,3,0" ten="156,237,461,126" oya="3" hai0="107,106,118,79,99,42,130,120,14,4,67,101,129" hai1="64,83,12,13,43,122,126,105,7,96,28,77,86" hai2="26,81,2,113,32,63,62,54,53,92,119,124,132" hai3="30,110,87,46,24,39,68,23,103,73,36,109,91"/><W121/><G73/><T102/><D42/><U58/><E105/><V33/><F2/><W25/><G68/><T61/><D120/><U108/><E108/><N who="3" m="41578" /><G121/><T48/><D118/><U70/><E70/><V72/><F72/><W38/><G103/><T60/><D48/><U74/><E74/><V10/><F33/><W65/><G65/><T29/><D29/><U104/><E28/><V55/><F32/><W82/><G25/><T16/><D79/><U69/><E69/><V134/><F26/><W131/><G131/><T41/><D41/><AGARI ba="1,2" hai="23,24,30,36,38,39,41,46,82,87,91" m="41578" machi="41" ten="30,1500,0" yaku="10,1" doraHai="0" who="3" fromWho="0" sc="156,-18,237,0,461,0,126,38" /><INIT seed="7,2,0,2,3,98" ten="138,237,461,164" oya="3" hai0="4,82,115,22,96,15,2,108,131,33,37,69,100" hai1="59,39,1,44,51,102,68,48,31,106,122,19,103" hai2="130,95,126,42,61,53,16,36,35,113,54,30,89" hai3="80,111,124,62,97,47,91,23,116,8,27,65,24"/><W93/><G116/><T40/><D69/><U56/><E122/><V3/><F3/><W38/><G124/><T12/><D33/><U127/><E68/><V66/><F36/><W128/><G128/><T72/><D108/><U76/><E106/><V132/><F42/><W5/><G111/><T118/><D118/><U81/><E31/><V92/><F30/><W83/><G38/><T87/><D131/><U29/><E29/><V64/><F35/><W107/><G107/><N who="0" m="63879" /><D87/><U49/><E1/><V57/><F113/><W60/><G47/><N who="0" m="23951" /><D22/><U45/><E39/><V6/><F6/><W18/><G27/><T120/><D115/><U86/><E19/><V105/><F132/><W17/><G17/><T26/><D26/><U9/><E9/><V114/><F105/><W73/><G73/><T21/><D21/><U41/><E127/><V119/><F126/><W75/><G75/><T43/><D43/><N who="1" m="24607" /><E49/><V94/><F114/><W112/><G112/><T135/><D135/><U55/><E55/><V134/><F134/><W125/><G125/><T133/><D133/><U46/><E46/><V28/><F119/><W101/><G91/><T84/><D84/><U79/><E41/><V63/><F130/><W70/><REACH who="3" step="1"/><G62/><REACH who="3" ten="138,237,461,154" step="2"/><T123/><D123/><U88/><E88/><V67/><F89/><W74/><G74/><T7/><D120/><U129/><E129/><V32/><F16/><W121/><G121/><T14/><D2/><AGARI ba="2,1" hai="2,5,8,18,23,24,60,65,70,80,83,93,97,101" machi="2" ten="30,11600,0" yaku="1,1,7,1,52,1,53,1" doraHai="98" doraHaiUra="90" who="3" fromWho="0" sc="138,-122,237,0,461,0,154,132" /><INIT seed="7,3,0,3,4,17" ten="16,237,461,286" oya="3" hai0="98,66,126,80,51,133,119,37,74,29,1,20,105" hai1="107,87,88,44,77,55,71,108,120,100,26,12,95" hai2="131,76,53,92,56,89,65,6,43,86,38,64,109" hai3="128,73,11,82,79,54,52,35,83,57,127,3,123"/><W0/><G123/><T125/><D66/><U36/><E108/><V81/><F109/><W67/><G35/><T32/><D20/><U23/><E71/><V106/><F106/><W78/><G127/><T13/><D13/><U132/><E120/><V61/><F131/><W8/><G128/><T113/><D51/><U135/><E77/><V130/><F130/><W5/><G67/><T31/><D31/><U91/><E12/><V68/><F6/><W16/><G57/><T101/><D29/><U62/><E107/><V102/><F102/><W114/><G114/><T117/><D80/><U94/><E100/><V90/><F90/><W18/><G73/><T97/><D101/><U70/><E70/><V129/><F129/><W39/><G39/><T118/><D37/><U15/><E15/><V47/><F68/><W24/><G24/><T19/><D19/><U99/><E62/><V69/><F69/><W60/><G60/><T72/><D32/><U63/><E36/><V40/><F40/><W124/><G124/><N who="0" m="47723" /><D1/><U10/><E10/><V7/><F7/><AGARI ba="3,0" hai="0,3,5,7,8,11,16,18,52,54,78,79,82,83" machi="7" ten="25,9600,0" yaku="22,2,54,2" doraHai="17" who="3" fromWho="2" sc="16,0,237,0,461,-105,286,105" owari="16,-48.0,237,-16.0,356,16.0,391,48.0" /></mjloggm>