<mjloggm ver="2.3"><GO type="97" lobby="0"/><UN n0="%E5%B0%B1%E6%B4%BB%E7%94%9F%40%E5%B7%9D%E6%9D%91%E8%BB%8D%E5%9B%A3" n1="%E5%98%89%E6%89%8B%E7%B4%8D%E7%A2%A7%E7%90%89" n2="%73%76%73%74" n3="%E3%82%AD%E3%83%B3%E3%82%B0%E3%81%B9%E3%83%92%E3%82%93%E3%82%82%E3%82%B9" dan="14,15,14,15" rate="1973.61,1923.30,1946.44,2057.71" sx="M,M,M,M"/><TAIKYOKU oya="0"/><INIT seed="0,0,0,5,4,31" ten="250,250,250,250" oya="0" hai0="49,129,16,58,4,72,102,86,77,35,45,126,105" hai1="100,43,93,69,98,75,134,59,99,32,39,127,68" hai2="18,24,51,94,22,34,67,56,2,110,17,40,117" hai3="65,91,30,57,21,79,36,112,82,64,60,92,27"/><T19/><D72/><U115/><E127/><V109/><F2/><W121/><G36/><T8/><D126/><U83/><E134/><V74/><F74/><W44/><G112/><T130/><D35/><U108/><E108/><N who="2" m="41579" /><F117/><W9/><G121/><T63/><D105/><U25/><E115/><V54/><F94/><W14/><G44/><T122/><D102/><U84/><E75/><V118/><F118/><W101/><G82/><N who="0" m="47439" /><D122/><U128/><E128/><N who="0" m="49257" /><D58/><U123/><E123/><V97/><F97/><W46/><G46/><T26/><D63/><U116/><E116/><V106/><F106/><W47/><G47/><T20/><D20/><U37/><E99/><V124/><F124/><W111/><G111/><T15/><D26/><U10/><E69/><V95/><F34/><W120/><G101/><T62/><D62/><U96/><E68/><V90/><F24/><W119/><G119/><T42/><AGARI ba="0,0" hai="4,8,15,16,19,42,45,49" m="49257,47439" machi="42" ten="30,6000,0" yaku="25,1,19,1,54,1" doraHai="31" who="0" fromWho="0" sc="250,60,250,-20,250,-20,250,-20" /><INIT seed="0,1,0,4,5,113" ten="310,230,230,230" oya="0" hai0="24,22,112,119,7,118,21,122,49,133,63,70,90" hai1="31,108,0,109,43,5,81,51,123,116,88,83,39" hai2="104,28,76,132,100,96,4,72,117,75,48,14,114" hai3="8,13,106,101,125,107,12,41,30,61,78,58,47"/><T121/><D70/><U57/><E123/><N who="0" m="47113" /><D63/><U17/><E31/><V130/><F114/><W1/><G1/><T50/><D90/><U95/><E116/><N who="0" m="44585" /><D112/><U44/><E17/><V33/><F28/><W82/><G30/><T46/><D46/><N who="1" m="23935" /><E57/><V2/><F76/><W67/><G101/><T92/><D92/><U73/><E5/><V55/><F117/><W69/><G69/><T6/><D24/><U59/><E0/><V91/><F4/><N who="0" m="1578" /><D133/><U85/><E59/><V134/><F134/><W32/><G106/><T10/><D10/><U9/><E9/><V54/><F132/><W29/><G107/><T20/><AGARI ba="1,0" hai="20,21,22,49,50" m="1578,44585,47113" machi="20" ten="40,12000,1" yaku="28,2,52,3" doraHai="113" who="0" fromWho="0" sc="310,123,230,-41,230,-41,230,-41" /><INIT seed="0,2,0,3,5,116" ten="433,189,189,189" oya="0" hai0="96,86,8,45,12,20,73,16,84,28,94,14,24" hai1="66,54,106,105,4,35,40,78,47,46,18,67,50" hai2="42,89,87,74,1,21,92,112,56,122,63,22,124" hai3="120,118,97,125,93,69,133,61,85,44,9,53,25"/><T109/><D73/><U65/><E35/><V49/><F112/><W17/><G118/><T98/><D109/><U7/><E78/><V33/><F74/><W108/><G108/><T0/><D0/><U131/><E131/><V117/><F33/><W64/><G125/><T80/><D45/><U52/><E54/><V60/><F117/><W72/><G72/><T48/><D48/><U115/><E115/><V129/><F1/><W75/><G75/><T101/><D98/><U134/><E134/><V5/><F129/><W119/><G119/><T104/><D104/><U95/><E95/><V26/><F5/><W126/><G126/><T57/><D80/><U90/><E90/><V10/><F124/><W27/><G133/><T82/><D82/><U2/><E18/><V55/><F10/><W110/><G85/><T13/><D57/><U62/><E2/><V31/><F42/><W99/><G110/><T3/><D3/><U132/><E132/><V88/><F22/><W76/><G76/><T128/><D128/><U127/><E127/><V15/><F15/><AGARI ba="2,0" hai="8,12,13,14,15,16,20,24,28,84,86,94,96,101" machi="15" ten="40,3900,0" yaku="8,1,54,1" doraHai="116" who="0" fromWho="2" sc="433,45,189,0,189,-45,189,0" /><INIT seed="0,3,0,0,5,76" ten="478,189,144,189" oya="0" hai0="107,40,87,8,1,45,110,86,112,18,120,28,84" hai1="113,6,90,135,48,5,56,60,106,58,61,73,94" hai2="88,119,47,31,32,98,105,104,43,99,3,78,7" hai3="134,59,83,77,121,127,115,125,16,38,39,69,67"/><T65/><D107/><U79/><E135/><V54/><F119/><W30/><G115/><T20/><D112/><U111/><E111/><V22/><F54/><W21/><G134/><T123/><D28/><U72/><E113/><V116/><F116/><W75/><G69/><T36/><D65/><U19/><E106/><V41/><F32/><W26/><G121/><T37/><D37/><U50/><E19/><V128/><F128/><W102/><G102/><T133/><D133/><U2/><E79/><V46/><F78/><W42/><G42/><T66/><D66/><U117/><E2/><V122/><F122/><W132/><G132/><T103/><D103/><U51/><E117/><V29/><F3/><W130/><G130/><T82/><D110/><U97/><E73/><V4/><F22/><W12/><G59/><N who="1" m="22570" /><E72/><V109/><F109/><W27/><G67/><T52/><D123/><U49/><N who="1" m="12800" /><DORA hai="95" /><U124/><E124/><N who="3" m="47690" /><G27/><T17/><D120/><U96/><E96/><V15/><F15/><W63/><G63/><AGARI ba="3,0" hai="5,6,60,61,63,90,94,97" m="12800,22570" machi="63" ten="40,2600,0" yaku="8,1,52,1" doraHai="76,95" who="1" fromWho="3" sc="478,0,189,35,144,0,189,-35" /><INIT seed="1,0,0,5,0,42" ten="478,224,144,154" oya="1" hai0="70,55,61,1,120,43,20,14,116,11,22,66,45" hai1="91,86,110,126,41,31,10,130,80,57,88,34,129" hai2="90,73,96,16,54,78,18,48,5,123,101,77,79" hai3="27,40,118,131,81,68,56,69,106,92,26,59,115"/><U28/><E126/><V95/><F123/><W64/><G106/><T35/><D1/><U99/><E110/><V72/><F5/><W36/><G115/><T39/><D120/><U46/><E57/><N who="3" m="22090" /><G92/><T132/><D116/><U50/><E10/><V33/><F33/><W107/><G81/><T113/><D113/><U49/><E49/><V71/><F71/><N who="3" m="27211" /><G26/><T135/><D55/><U108/><E108/><V67/><F67/><W15/><G15/><T38/><D38/><U24/><E31/><V114/><F114/><W9/><G9/><T2/><D2/><U47/><E99/><V0/><F0/><W84/><G27/><T104/><D35/><U111/><E111/><V17/><REACH who="2" step="1"/><F101/><REACH who="2" ten="478,224,134,154" step="2"/><W97/><G118/><T44/><D66/><U134/><E34/><V58/><AGARI ba="0,1" hai="16,17,18,48,54,58,72,73,77,78,79,90,95,96" machi="58" ten="30,7900,0" yaku="1,1,2,1,0,1,54,1,53,0" doraHai="42" doraHaiUra="7" who="2" fromWho="2" sc="478,-20,224,-39,134,89,154,-20" /><INIT seed="2,0,0,5,2,129" ten="458,185,223,134" oya="2" hai0="75,79,80,119,130,133,92,61,10,73,64,103,41" hai1="113,8,127,50,18,39,56,36,81,93,2,116,135" hai2="134,91,23,97,9,106,47,110,100,96,58,123,66" hai3="90,132,44,87,60,25,124,35,99,72,85,16,105"/><V20/><F123/><W107/><G72/><T32/><D133/><U108/><E135/><V3/><F134/><W104/><G132/><T1/><D130/><U49/><E116/><V59/><F47/><W121/><G121/><T53/><D32/><U63/><E113/><V38/><F38/><W54/><G124/><T78/><D119/><U51/><E108/><V77/><F77/><W55/><G35/><T15/><D41/><U95/><E127/><V29/><F110/><W57/><G44/><T68/><D1/><U22/><E81/><V82/><F59/><W24/><G55/><T34/><D34/><U33/><E33/><V21/><F29/><W88/><G24/><T65/><D65/><U71/><E71/><V117/><F117/><W69/><G69/><T17/><D53/><U26/><E39/><V131/><F131/><W118/><G118/><T94/><D103/><U4/><REACH who="1" step="1"/><E36/><REACH who="1" ten="458,175,223,134" step="2"/><V76/><F82/><AGARI ba="0,1" hai="10,15,17,61,64,68,73,75,78,79,80,82,92,94" machi="82" ten="40,1300,0" yaku="9,1" doraHai="129" who="0" fromWho="2" sc="458,23,175,0,223,-13,134,0" /><INIT seed="3,0,0,2,2,16" ten="481,175,210,134" oya="3" hai0="12,17,65,1,9,55,129,25,6,48,52,89,29" hai1="121,86,114,49,134,70,87,50,61,99,75,119,10" hai2="15,84,3,130,124,97,81,26,131,83,32,127,120" hai3="51,43,19,23,94,132,116,135,44,125,118,109,96"/><W33/><G33/><T7/><D129/><N who="2" m="49162" /><F3/><W64/><G64/><T36/><D36/><U93/><E99/><V77/><F120/><W122/><G122/><T78/><D65/><U46/><E93/><V40/><F40/><W112/><G112/><T103/><D103/><U57/><E50/><V110/><F110/><W74/><G74/><T54/><D78/><U8/><E57/><V117/><F117/><W37/><G37/><T69/><D69/><U111/><E61/><V47/><F47/><W108/><G125/><T107/><D107/><U62/><E8/><V106/><F15/><N who="3" m="9727" /><G116/><T123/><D123/><U53/><E86/><N who="2" m="48431" /><F97/><W72/><G72/><T0/><D89/><U41/><E87/><V21/><F32/><W60/><G118/><T63/><D63/><U30/><E53/><N who="0" m="20585" /><D0/><U128/><E128/><V85/><F106/><W20/><G60/><T35/><D1/><U45/><E62/><V90/><F85/><W115/><G115/><T113/><D35/><U24/><E114/><V126/><F126/><W104/><G104/><T71/><D71/><U95/><E70/><V88/><F90/><N who="3" m="55383" /><G20/><N who="0" m="15527" /><D113/><U68/><E68/><V67/><F67/><W100/><G100/><T58/><AGARI ba="0,0" hai="6,7,9,12,17,48,55,58" m="15527,20585" machi="58" ten="30,4000,0" yaku="8,1,52,1,54,1" doraHai="16" who="0" fromWho="0" sc="481,40,175,-10,210,-10,134,-20" owari="521,62.0,165,-23.0,200,0.0,114,-39.0" /></mjloggm>