<mjloggm ver="2.3"><GO type="97" lobby="0"/><UN n0="%E5%B0%B1%E6%B4%BB%E7%94%9F%40%E5%B7%9D%E6%9D%91%E8%BB%8D%E5%9B%A3" n1="%E9%9C%8D%E9%9D%92%E5%A8%A5" n2="%E3%82%B0%E3%83%AA%E3%82%BB%E3%83%AA%E3%83%B3%E6%9C%AB%E5%BC%9F" n3="%E3%81%91%E3%82%93%E3%81%A1%E3%82%83%E3%82%80" dan="14,15,15,15" rate="1986.65,1946.94,2064.18,1992.65" sx="M,F,M,M"/><TAIKYOKU oya="0"/><INIT seed="0,0,0,2,4,123" ten="250,250,250,250" oya="0" hai0="88,4,41,98,3,19,35,18,2,36,14,39,132" hai1="22,109,125,90,0,23,127,38,81,118,33,42,28" hai2="50,86,56,29,75,112,100,133,82,34,131,40,6" hai3="78,10,76,54,55,5,103,65,128,67,66,51,37"/><T92/><D132/><U121/><E118/><V11/><F133/><W9/><G37/><T61/><D35/><U85/><E121/><V134/><F75/><W44/><G103/><T73/><D73/><U110/><E0/><V62/><F134/><W135/><G135/><T113/><D113/><U126/><E33/><V89/><F131/><W114/><G114/><T57/><D18/><U63/><E63/><V120/><F120/><W95/><G128/><T21/><D41/><U104/><E104/><V46/><F100/><W58/><G95/><T111/><D111/><N who="1" m="42507" /><E28/><V94/><F34/><W48/><REACH who="3" step="1"/><G10/><REACH who="3" ten="250,250,250,240" step="2"/><T1/><REACH who="0" step="1"/><D4/><REACH who="0" ten="240,250,250,240" step="2"/><U8/><E8/><V20/><F112/><W25/><G25/><T97/><D97/><U83/><E83/><V77/><F11/><W68/><G68/><T15/><D15/><AGARI ba="0,2" hai="5,9,15,44,48,51,54,55,58,65,66,67,76,78" machi="15" ten="40,5200,0" yaku="1,1,8,1,53,1" doraHai="123" doraHaiUra="52" who="3" fromWho="0" sc="240,-52,250,0,250,0,240,72" /><INIT seed="1,0,0,0,4,123" ten="188,250,250,312" oya="1" hai0="111,109,130,28,131,98,45,80,35,2,97,17,75" hai1="14,78,94,9,107,54,96,72,122,8,68,66,40" hai2="30,42,64,108,24,3,120,50,87,89,95,49,56" hai3="22,125,132,61,27,47,133,51,71,92,12,4,59"/><U74/><E122/><V10/><F120/><W135/><G71/><T15/><D2/><U43/><E107/><V60/><F42/><W112/><G112/><T103/><D45/><U110/><E68/><V1/><F108/><N who="0" m="41546" /><D35/><U83/><E66/><V115/><F115/><W129/><G129/><N who="0" m="49163" /><D28/><U69/><E110/><V134/><F134/><W55/><G125/><T0/><D0/><U21/><E69/><V84/><F3/><W41/><G92/><T119/><D119/><U46/><E74/><V102/><F102/><W44/><G44/><T116/><D116/><U77/><E77/><V13/><F84/><W26/><G4/><T7/><D7/><U18/><E54/><V65/><F65/><W6/><G22/><N who="0" m="11583" /><D103/><U126/><E126/><V82/><F1/><W104/><G104/><T37/><D37/><U39/><E43/><V101/><F101/><AGARI ba="0,0" hai="8,9,14,18,21,39,40,46,72,78,83,94,96,101" machi="101" ten="30,1500,0" yaku="7,1" doraHai="123" who="1" fromWho="2" sc="188,0,250,15,250,-15,312,0" /><INIT seed="1,1,0,0,0,35" ten="188,265,235,312" oya="1" hai0="10,126,5,17,100,72,89,118,26,61,53,20,63" hai1="23,11,66,113,1,42,84,124,64,70,33,83,7" hai2="9,77,101,34,51,128,57,92,71,54,18,39,125" hai3="106,55,88,79,97,12,32,46,119,43,115,31,45"/><U110/><E113/><V60/><F39/><W59/><G115/><T69/><D118/><U107/><E33/><V44/><F34/><W48/><G119/><T65/><D72/><U25/><E124/><V109/><F71/><W50/><G79/><T120/><D120/><U127/><E127/><V3/><F125/><W58/><G106/><T8/><D126/><U114/><E114/><V14/><F3/><W103/><G12/><T112/><D112/><U0/><E110/><V74/><F128/><W93/><REACH who="3" step="1"/><G103/><REACH who="3" ten="188,265,235,302" step="2"/><T95/><D100/><U16/><E107/><V129/><F129/><W123/><G123/><T105/><D105/><U67/><E1/><V21/><F109/><W99/><G99/><T40/><D5/><U41/><REACH who="1" step="1"/><E70/><REACH who="1" ten="188,255,235,302" step="2"/><V80/><F101/><W2/><G2/><T28/><D69/><U116/><E116/><V135/><F135/><W52/><G52/><T117/><D53/><U122/><E122/><V56/><F54/><W90/><G90/><AGARI ba="1,2" hai="0,7,11,16,23,25,41,42,64,66,67,83,84,90" machi="90" ten="40,7700,0" yaku="1,1,52,1,54,1,53,0" doraHai="35" doraHaiUra="133" who="1" fromWho="3" sc="188,0,255,100,235,0,302,-80" /><INIT seed="1,2,0,4,2,135" ten="188,355,235,222" oya="1" hai0="79,28,60,22,44,55,89,61,113,73,24,124,19" hai1="45,35,90,25,127,121,123,50,83,51,36,114,20" hai2="125,129,93,37,106,100,62,86,9,134,65,82,98" hai3="64,48,26,11,34,16,130,94,112,128,118,122,101"/><U14/><E114/><V33/><F37/><W1/><G112/><T119/><D113/><U117/><E117/><V103/><F33/><W78/><G122/><T0/><D0/><U76/><E36/><V115/><F115/><W21/><G118/><T23/><D119/><U17/><E90/><N who="2" m="51543" /><F9/><W132/><G132/><T56/><D44/><U43/><E51/><V88/><F62/><W99/><G78/><T91/><D124/><U81/><E81/><V104/><F65/><W38/><G38/><T54/><D79/><U68/><E68/><V52/><F52/><W110/><G64/><T30/><D73/><U87/><E127/><V66/><F66/><W108/><G34/><T85/><D85/><U71/><E71/><V10/><F10/><W63/><G63/><T95/><D95/><U31/><AGARI ba="2,0" hai="14,17,20,25,31,35,43,45,50,76,83,87,121,123" machi="31" ten="30,1500,0" yaku="0,1" doraHai="135" who="1" fromWho="1" sc="188,-7,355,21,235,-7,222,-7" /><INIT seed="1,3,0,0,0,21" ten="181,376,228,215" oya="1" hai0="133,8,31,118,76,128,129,87,45,109,0,54,88" hai1="41,42,99,81,1,57,3,101,100,48,126,103,108" hai2="67,111,32,69,60,18,29,134,24,39,5,112,50" hai3="114,36,19,34,121,132,93,131,116,22,17,90,73"/><U65/><E126/><V75/><F50/><W16/><G34/><T94/><D118/><U10/><E81/><V23/><F112/><W122/><G114/><T95/><D76/><U102/><E10/><V4/><F75/><W33/><G33/><T12/><D0/><U44/><E41/><V9/><F39/><W83/><G116/><T49/><D133/><U40/><E40/><V92/><F111/><W119/><G36/><T78/><D78/><U113/><E113/><V58/><F134/><W26/><G119/><T91/><D109/><U82/><E82/><V98/><F69/><W20/><G132/><T55/><D31/><U15/><E15/><N who="2" m="7535" /><F32/><W85/><G131/><T63/><D63/><U66/><E66/><V107/><F107/><W38/><G38/><T52/><D129/><U62/><E108/><V28/><F28/><W80/><G19/><N who="0" m="8583" /><D128/><U70/><E70/><V96/><F96/><AGARI ba="3,0" hai="45,49,52,54,55,87,88,91,94,95,96" m="8583" machi="96" ten="30,3900,0" yaku="8,1,54,2" doraHai="21" who="0" fromWho="2" sc="181,48,376,0,228,-48,215,0" /><INIT seed="2,0,0,3,3,20" ten="229,376,180,215" oya="2" hai0="124,45,87,71,111,17,106,10,83,122,40,12,102" hai1="74,13,109,69,50,24,115,7,3,66,18,100,82" hai2="62,56,54,23,79,99,85,105,64,61,110,31,119" hai3="118,67,134,19,117,6,32,1,92,75,28,131,112"/><V63/><F119/><W43/><G75/><T129/><D122/><U52/><E115/><V97/><F110/><W60/><G112/><T0/><D71/><U53/><E3/><V2/><F2/><W51/><G131/><T5/><D111/><U15/><E100/><V130/><F130/><W14/><G134/><T80/><D129/><U57/><E69/><V123/><F123/><W4/><G92/><T58/><D124/><U89/><E66/><V125/><F125/><W65/><G65/><T68/><D68/><U96/><E74/><V116/><F116/><W27/><G6/><T29/><D29/><U42/><E42/><V95/><F105/><W104/><G104/><T108/><D108/><U133/><E133/><V76/><F64/><W93/><G93/><T81/><D58/><N who="1" m="33047" /><E7/><V37/><F37/><W77/><G77/><N who="2" m="29769" /><F85/><W72/><G72/><T107/><D87/><N who="1" m="50423" /><E96/><N who="2" m="36939" /><F95/><W84/><G84/><T36/><D102/><U46/><E46/><V120/><F120/><W121/><G121/><T91/><D91/><U35/><E35/><V21/><F31/><W22/><G43/><T132/><D132/><U34/><E34/><V126/><F126/><W39/><G39/><T78/><D78/><U94/><E94/><V9/><F9/><N who="3" m="2191" /><G51/><AGARI ba="0,0" hai="21,23,51,54,56,61,62,63" m="36939,29769" machi="51" ten="30,1500,0" yaku="8,1" doraHai="20" who="2" fromWho="3" sc="229,0,376,0,180,15,215,-15" /><INIT seed="2,1,0,5,3,50" ten="229,376,195,200" oya="2" hai0="48,121,36,86,126,22,64,99,105,10,103,117,62" hai1="26,33,104,18,38,71,129,7,102,82,14,78,79" hai2="43,24,66,124,90,115,6,28,63,21,54,12,123" hai3="31,39,113,84,81,51,20,128,77,2,72,53,127"/><V34/><F123/><W100/><G39/><T93/><D121/><U56/><E38/><V67/><F115/><W42/><G2/><T110/><D117/><U101/><E71/><V89/><F124/><W37/><G113/><T4/><D126/><U107/><E7/><V61/><F43/><W118/><G118/><T59/><D36/><U80/><E56/><N who="2" m="34967" /><F34/><W114/><G114/><T30/><D110/><U23/><E129/><V32/><F32/><W69/><G69/><T25/><D48/><U15/><E33/><V3/><F3/><W0/><G0/><N who="0" m="263" /><D86/><U83/><E107/><AGARI ba="1,0" hai="22,25,30,59,62,64,93,99,103,105,107" m="263" machi="107" ten="30,1000,0" yaku="25,1" doraHai="50" who="0" fromWho="1" sc="229,13,376,-13,195,0,200,0" /><INIT seed="3,0,0,2,5,36" ten="242,363,195,200" oya="3" hai0="4,79,121,69,116,78,84,118,51,41,0,55,13" hai1="18,134,125,8,26,93,37,113,76,54,43,16,45" hai2="106,122,131,35,117,10,88,124,56,91,31,73,39" hai3="64,77,38,32,17,104,120,89,80,107,129,27,72"/><W100/><G120/><T60/><D121/><U86/><E54/><V133/><RYUUKYOKU type="yao9" ba="0,0" sc="242,0,363,0,195,0,200,0" hai2="10,31,35,39,56,73,88,91,106,117,122,124,131,133" /><INIT seed="3,1,0,5,3,105" ten="242,363,195,200" oya="3" hai0="55,50,13,67,52,33,56,43,95,12,102,24,113" hai1="53,100,123,21,96,40,68,28,118,127,84,82,99" hai2="89,114,91,39,97,31,47,132,98,60,3,51,0" hai3="35,75,49,8,108,122,93,115,80,6,38,85,81"/><W79/><G38/><T36/><D113/><U19/><E123/><V111/><F114/><W87/><G115/><T25/><D36/><U42/><E68/><V66/><F39/><W71/><G71/><T116/><D43/><U34/><E34/><V30/><F132/><W29/><G122/><T106/><D106/><U18/><E28/><N who="2" m="10795" /><F0/><W73/><G49/><N who="0" m="30735" /><D67/><U124/><E53/><N who="2" m="29951" /><F3/><W117/><G117/><T109/><D33/><U133/><E84/><V26/><F111/><W17/><G108/><T48/><D109/><U131/><E82/><V22/><F60/><W63/><G63/><T107/><D107/><U110/><E100/><V135/><F66/><W15/><G6/><T121/><D121/><U128/><E21/><V65/><F65/><W11/><G11/><T44/><D50/><U101/><E101/><V41/><F41/><W130/><G93/><T54/><D54/><U83/><E83/><V58/><F58/><W32/><G32/><T120/><D120/><U16/><E19/><N who="2" m="12639" /><F135/><W125/><G35/><T46/><D46/><U2/><E131/><V119/><F119/><W20/><G130/><T27/><D116/><U23/><E127/><V86/><F91/><N who="3" m="51623" /><G125/><T7/><D7/><U4/><E99/><AGARI ba="1,0" hai="12,13,24,25,27,44,48,55,95,99,102" m="30735" machi="99" ten="30,2000,0" yaku="8,1,54,1" doraHai="105" who="0" fromWho="1" sc="242,23,363,-23,195,0,200,0" owari="265,7.0,340,43.0,195,-30.0,200,-20.0" /></mjloggm>