<mjloggm ver="2.3"><GO type="97" lobby="0"/><UN n0="%E4%B8%89%E5%9C%8B%E5%81%A5%E6%AC%A1%E9%83%8E" n1="%E5%B0%B1%E6%B4%BB%E7%94%9F%40%E5%B7%9D%E6%9D%91%E8%BB%8D%E5%9B%A3" n2="%E9%A6%AC%E9%B9%BF%E3%81%A0%E3%81%AA%E4%BF%BA" n3="%E3%81%A6%E3%81%A8%E3%82%89%2E%2E%2E" dan="14,15,14,15" rate="1976.44,2001.86,1964.58,1958.45" sx="M,M,M,M"/><TAIKYOKU oya="0"/><INIT seed="0,0,0,3,0,15" ten="250,250,250,250" oya="0" hai0="103,0,125,57,93,71,108,29,62,114,96,45,14" hai1="135,106,54,33,39,20,127,6,44,40,121,32,1" hai2="11,89,117,10,107,115,81,74,63,75,100,3,73" hai3="50,7,131,134,66,52,48,98,83,120,80,113,109"/><T60/><D0/><U46/><E121/><V92/><F115/><W133/><G113/><T97/><D114/><U70/><E127/><V19/><F117/><W132/><G120/><T124/><D71/><U129/><E135/><V26/><F3/><W94/><G7/><T35/><D35/><U30/><E129/><V56/><F107/><W51/><G131/><T67/><D45/><U65/><E54/><V16/><F100/><N who="3" m="60503" /><G109/><T116/><D116/><U34/><E44/><V101/><F101/><W90/><G66/><T2/><D2/><U95/><E95/><V86/><F81/><N who="3" m="31307" /><G90/><T5/><D29/><U105/><E20/><V64/><REACH who="2" step="1"/><F26/><REACH who="2" ten="250,250,240,250" step="2"/><W87/><G87/><T55/><D108/><U53/><E105/><V119/><F119/><W8/><G8/><AGARI ba="0,1" hai="8,10,11,16,19,56,63,64,73,74,75,86,89,92" machi="8" ten="40,8000,1" yaku="1,1,52,2,54,1,53,1" doraHai="15" doraHaiUra="61" who="2" fromWho="3" sc="250,0,250,0,240,90,250,-80" /><INIT seed="1,0,0,1,1,95" ten="250,250,330,170" oya="1" hai0="115,120,54,107,87,100,67,7,89,34,104,81,106" hai1="19,45,64,2,56,129,30,113,102,5,73,16,125" hai2="41,52,124,78,1,44,9,60,116,133,111,108,12" hai3="14,72,112,66,69,119,18,33,109,22,63,25,88"/><U132/><E73/><V68/><F116/><W130/><G112/><T47/><D34/><U39/><E113/><V53/><F1/><W8/><G72/><T31/><D31/><U101/><E129/><V75/><F133/><W42/><G130/><T121/><D7/><U131/><E131/><V76/><F124/><W21/><G119/><T10/><D67/><U57/><E125/><V122/><F122/><N who="0" m="47210" /><D10/><U65/><E132/><V99/><F99/><W49/><G109/><N who="2" m="42057" /><F68/><W59/><G69/><T50/><D115/><U37/><E2/><V38/><F60/><W83/><G33/><T90/><D90/><U92/><E92/><V55/><F75/><W11/><G49/><T61/><D61/><U134/><E134/><V48/><F38/><W105/><G42/><T70/><D70/><U43/><E43/><V0/><F0/><W114/><G105/><T85/><D85/><U123/><E123/><V96/><F96/><AGARI ba="0,0" hai="47,50,54,81,87,89,96,100,104,106,107" m="47210" machi="96" ten="30,2000,0" yaku="13,1,52,1" doraHai="95" who="0" fromWho="2" sc="250,20,250,0,330,-20,170,0" /><INIT seed="2,0,0,1,4,57" ten="270,250,310,170" oya="2" hai0="82,18,121,88,12,31,124,64,16,30,15,3,0" hai1="98,80,35,24,37,60,1,47,127,87,36,43,119" hai2="110,5,130,91,79,100,111,106,120,63,48,99,25" hai3="46,26,112,13,104,83,123,9,19,62,45,74,101"/><V58/><F120/><W56/><G123/><T90/><D64/><U103/><E119/><V66/><F130/><W125/><G125/><T77/><D121/><U107/><E127/><V40/><F79/><W132/><G132/><T122/><D122/><U34/><E1/><V50/><F5/><W41/><G112/><T97/><D124/><U10/><E37/><V54/><F40/><W8/><G26/><T113/><D77/><U28/><E10/><V72/><F72/><W78/><G9/><T67/><D67/><U73/><E73/><V131/><F131/><W117/><G117/><T39/><D82/><U134/><E134/><V21/><F91/><W92/><G104/><T93/><D113/><U114/><E114/><V89/><F89/><W76/><G76/><T49/><D49/><U53/><E87/><V44/><REACH who="2" step="1"/><F50/><REACH who="2" ten="270,250,300,170" step="2"/><W61/><G56/><T52/><D39/><U33/><E80/><V85/><F85/><W42/><G42/><T71/><D90/><U95/><E43/><V23/><F23/><W109/><G109/><T70/><D88/><U128/><E36/><V68/><F68/><W11/><G11/><T4/><D4/><U84/><E84/><V22/><F22/><W17/><G45/><T32/><D70/><U29/><E128/><V105/><F105/><W20/><G20/><T75/><D71/><U94/><E47/><V96/><F96/><W86/><G74/><T126/><D97/><U14/><E98/><V6/><F6/><N who="3" m="3223" /><G41/><T7/><D75/><U129/><E107/><V116/><F116/><W38/><G46/><T135/><D126/><RYUUKYOKU ba="0,1" sc="270,-10,250,-10,300,30,170,-10" hai2="21,25,44,48,54,58,63,66,99,100,106,110,111" /><INIT seed="2,1,1,4,5,11" ten="260,240,330,160" oya="2" hai0="59,74,23,81,133,63,75,58,95,127,10,82,21" hai1="64,44,115,18,16,25,43,32,51,93,111,37,35" hai2="67,13,104,14,48,128,27,29,22,31,109,107,102" hai3="66,90,100,15,85,80,33,120,76,20,123,83,55"/><V0/><F0/><W40/><G33/><T117/><D10/><U68/><E115/><V77/><F128/><W47/><G66/><T3/><D3/><U119/><E119/><V96/><F107/><W42/><G100/><T69/><D117/><U121/><E111/><V84/><F31/><W4/><G55/><T105/><D105/><U45/><E121/><V9/><F109/><W71/><G71/><T130/><D69/><U108/><E108/><V125/><F9/><W34/><G34/><T53/><D130/><U1/><E1/><V61/><F48/><W91/><G42/><T94/><D53/><U113/><E113/><V79/><F125/><W72/><G90/><T8/><D8/><U62/><E93/><V89/><F79/><W132/><G4/><T114/><D114/><U131/><E131/><V28/><F28/><W7/><G7/><T65/><D63/><U56/><E68/><V19/><F19/><W99/><G99/><T73/><D73/><U97/><E97/><V88/><F77/><W6/><G6/><T12/><D65/><U78/><E78/><V2/><F2/><W98/><G98/><T112/><D112/><U41/><REACH who="1" step="1"/><E18/><REACH who="1" ten="260,230,330,160" step="2"/><V129/><F129/><W86/><G72/><T38/><D127/><U26/><E26/><V70/><F89/><W118/><G118/><T36/><REACH who="0" step="1"/><D133/><REACH who="0" ten="250,230,330,160" step="2"/><U101/><E101/><V116/><F116/><W17/><REACH who="3" step="1"/><G132/><REACH who="3" ten="250,230,330,150" step="2"/><T57/><D57/><U52/><E52/><V124/><F124/><W39/><AGARI ba="1,4" hai="15,17,20,39,40,47,76,80,83,85,86,91,120,123" machi="39" ten="20,8000,1" yaku="1,1,2,1,0,1,7,1,52,1,53,0" doraHai="11" doraHaiUra="5" who="3" fromWho="3" sc="250,-21,230,-21,330,-41,150,123" /><INIT seed="3,0,0,2,2,101" ten="229,209,289,273" oya="3" hai0="62,106,31,64,20,129,110,19,53,81,70,125,35" hai1="47,52,61,122,96,46,57,85,116,121,14,131,30" hai2="104,10,54,120,90,45,119,28,3,41,51,97,113" hai3="9,65,16,21,55,13,33,59,39,98,12,88,69"/><W134/><G33/><T8/><D110/><U78/><E116/><V1/><F113/><W102/><G39/><T24/><D125/><U27/><E131/><V75/><F119/><W95/><G134/><T99/><D129/><U77/><E96/><V17/><F75/><W15/><G9/><T63/><D8/><U66/><E14/><N who="3" m="5738" /><G69/><T74/><D19/><U5/><E5/><V103/><F120/><W11/><G11/><T105/><D20/><U83/><E77/><V34/><F17/><W36/><G36/><T6/><D6/><U68/><E121/><V124/><F124/><W123/><G123/><T86/><D74/><U50/><REACH who="1" step="1"/><E122/><REACH who="1" ten="229,199,289,273" step="2"/><V127/><F127/><W67/><G102/><T26/><D99/><U80/><E80/><V42/><F90/><W118/><G118/><T112/><D112/><U91/><E91/><V133/><F133/><W100/><G100/><T109/><D109/><U107/><E107/><V23/><F97/><W40/><G40/><T130/><D130/><U25/><E25/><N who="2" m="18703" /><F103/><W0/><G0/><N who="2" m="73" /><F104/><W93/><G93/><T73/><D26/><U71/><E71/><V114/><F114/><W128/><G128/><T111/><D111/><U117/><E117/><V44/><F42/><W126/><G126/><T76/><REACH who="0" step="1"/><D73/><REACH who="0" ten="219,199,289,273" step="2"/><U7/><E7/><V115/><F115/><W32/><G32/><AGARI ba="0,2" hai="27,30,32,46,47,50,52,57,61,66,68,78,83,85" machi="32" ten="30,7700,0" yaku="1,1,7,1,54,1,53,1" doraHai="101" doraHaiUra="49" who="1" fromWho="3" sc="219,0,199,97,289,0,273,-77" /><INIT seed="4,0,0,4,5,118" ten="219,296,289,196" oya="0" hai0="28,88,41,48,74,27,56,84,93,90,4,15,77" hai1="132,11,6,135,64,112,52,92,21,94,76,37,13" hai2="34,23,89,61,129,44,47,62,133,72,45,78,38" hai3="19,80,54,81,67,130,26,24,121,120,71,104,9"/><T122/><D74/><U1/><E37/><V134/><F34/><W55/><G104/><T42/><D77/><U25/><E64/><V75/><F38/><W103/><G103/><T82/><D122/><N who="3" m="47209" /><G130/><T128/><D128/><U98/><E76/><V96/><F129/><W124/><G124/><T10/><D56/><U101/><E112/><V33/><F33/><W16/><G67/><T73/><D73/><U117/><E117/><V111/><F111/><W58/><G71/><T30/><D48/><U14/><E92/><N who="2" m="56335" /><F78/><W3/><G3/><T12/><D12/><U116/><E52/><N who="3" m="20010" /><G58/><T100/><D100/><U40/><E40/><N who="0" m="15465" /><D27/><N who="3" m="10281" /><G9/><T87/><AGARI ba="0,0" hai="4,10,15,28,30,82,84,87,88,90,93" m="15465" machi="87" ten="30,3000,0" yaku="8,1,54,1" doraHai="118" who="0" fromWho="0" sc="219,30,296,-10,289,-10,196,-10" /><INIT seed="4,1,0,4,4,102" ten="249,286,279,186" oya="0" hai0="7,114,47,17,46,83,27,70,104,51,39,128,22" hai1="127,66,10,132,34,11,74,82,120,68,106,109,31" hai2="65,94,21,85,32,86,105,108,103,52,59,54,55" hai3="33,64,20,96,97,87,117,63,13,30,18,45,9"/><T116/><D70/><U133/><E109/><V16/><F32/><W100/><G117/><T91/><D116/><U44/><E120/><V3/><F105/><W77/><G33/><T76/><D128/><U92/><E127/><V60/><F3/><W111/><G111/><T15/><D104/><U58/><E68/><V49/><F108/><W36/><G36/><T53/><D114/><U28/><E106/><V107/><F107/><W50/><G77/><T29/><D7/><U121/><E44/><V90/><F103/><W79/><G79/><T99/><D39/><U98/><E82/><V110/><F110/><W23/><G87/><T41/><D99/><U125/><E74/><V78/><F78/><W2/><G100/><T67/><D67/><U61/><E121/><V122/><F122/><W113/><G113/><T12/><D91/><U62/><E62/><V4/><F4/><W123/><G123/><T19/><D41/><U35/><E125/><V69/><F86/><W126/><G126/><T43/><D43/><U119/><E119/><V129/><F129/><W24/><G23/><T101/><D101/><N who="1" m="60615" /><E34/><V5/><F5/><W56/><REACH who="3" step="1"/><G2/><REACH who="3" ten="249,286,279,176" step="2"/><T112/><D112/><U115/><E35/><V8/><F8/><N who="1" m="3113" /><E115/><V1/><F1/><W48/><G48/><T25/><D29/><U89/><E89/><V118/><F118/><W93/><G93/><T37/><D37/><U130/><E130/><V81/><F94/><W73/><G73/><T57/><D76/><U38/><E38/><V80/><F81/><W135/><G135/><AGARI ba="1,1" hai="28,31,58,61,66,132,133,135" m="3113,60615" machi="135" ten="30,1000,0" yaku="20,1" doraHai="102" who="1" fromWho="3" sc="249,0,286,23,279,0,176,-13" owari="249,-15.0,309,41.0,279,8.0,163,-34.0" /></mjloggm>