<mjloggm ver="2.3"><GO type="225" lobby="0"/><UN n0="%28%E2%88%A9%E3%83%BB%CF%89%E3%83%BB%29%E2%88%A9" n1="%E7%89%B9%E4%B8%8A%E3%81%AE%E9%A4%8A%E5%88%86" n2="%E3%83%9A%E3%83%AD%E3%83%9A%E3%83%AD%E2%80%95%E3%83%AA%E3%83%B3" n3="%E5%B0%B1%E6%B4%BB%E7%94%9F%40%E5%B7%9D%E6%9D%91%E8%BB%8D%E5%9B%A3" dan="16,17,16,16" rate="2118.27,2122.70,2086.86,2026.56" sx="F,M,M,M"/><TAIKYOKU oya="0"/><INIT seed="0,0,0,5,1,101" ten="250,250,250,250" oya="0" hai0="40,14,53,133,49,70,89,33,130,117,56,5,64" hai1="91,58,12,93,0,103,31,121,37,86,2,118,10" hai2="18,24,57,21,67,11,15,125,47,88,132,55,6" hai3="90,75,106,72,83,4,65,73,30,87,36,126,105"/><T68/><D117/><U61/><E37/><V26/><F132/><W8/><G36/><T19/><D33/><U92/><E118/><V44/><F125/><W80/><G126/><T35/><D35/><U71/><E71/><V59/><F26/><W82/><G30/><T135/><D5/><U76/><E121/><V96/><F67/><W27/><G27/><T1/><D1/><U48/><E48/><V69/><F69/><W54/><G54/><T127/><D127/><U43/><E43/><V66/><F66/><W52/><G52/><T9/><D130/><U13/><E31/><V51/><F59/><W97/><G65/><T84/><D40/><U38/><E38/><V95/><AGARI ba="0,0" hai="6,11,15,18,21,24,44,47,51,55,57,88,95,96" machi="95" ten="30,4000,0" yaku="0,1,8,1,54,1" doraHai="101" who="2" fromWho="2" sc="250,-20,250,-10,250,40,250,-10" /><INIT seed="1,0,0,5,4,60" ten="230,240,290,240" oya="1" hai0="18,2,93,105,9,104,65,78,111,106,122,54,13" hai1="115,55,52,121,50,87,132,95,119,58,39,15,33" hai2="53,102,73,6,103,5,84,36,76,11,49,94,59" hai3="46,28,22,113,45,0,10,66,8,40,81,30,80"/><U29/><E39/><V24/><F36/><W35/><G113/><T117/><D117/><U129/><E115/><V100/><F73/><W134/><G35/><T130/><D78/><U97/><E119/><V110/><F110/><W12/><G134/><T112/><D112/><U51/><E121/><V126/><F126/><W62/><G0/><T123/><D111/><U43/><E43/><V20/><F11/><N who="3" m="4139" /><G40/><T42/><D2/><U88/><E132/><V101/><N who="2" m="25600" /><DORA hai="114" /><V118/><F118/><W120/><G12/><T74/><D74/><U38/><E38/><V64/><F64/><W7/><G7/><T82/><D42/><U135/><E135/><V96/><F96/><W69/><G22/><T98/><D82/><N who="3" m="31849" /><G120/><N who="0" m="46123" /><D54/><U89/><E15/><V44/><F44/><AGARI ba="0,0" hai="28,30,44,45,46,62,66,69" m="31849,4139" machi="44" ten="30,3900,0" yaku="26,2,52,1" doraHai="60,114" who="3" fromWho="2" sc="230,0,240,0,290,-39,240,39" /><INIT seed="2,0,0,1,3,81" ten="230,240,251,279" oya="2" hai0="9,8,26,57,25,90,109,73,120,129,31,69,41" hai1="7,122,23,91,116,63,117,24,85,88,82,65,56" hai2="103,60,53,128,2,72,68,70,110,51,27,32,44" hai3="131,49,104,1,67,96,34,36,75,78,4,126,74"/><V30/><F2/><W10/><G126/><T76/><D69/><U48/><E122/><V124/><F124/><W58/><G131/><T39/><D120/><U15/><E48/><V98/><F128/><W112/><G112/><T121/><D121/><U35/><E35/><V133/><F133/><W62/><G36/><T42/><D129/><U80/><E7/><V52/><F110/><W111/><G34/><T29/><D109/><U13/><E117/><V38/><F72/><W71/><G111/><T125/><D125/><U33/><E33/><V6/><F6/><W97/><G78/><T21/><D57/><U11/><E11/><V89/><F89/><W22/><G22/><T64/><D64/><U66/><E66/><V0/><F0/><W5/><G5/><T83/><D90/><U18/><E116/><V47/><F38/><W114/><G114/><T45/><REACH who="0" step="1"/><D41/><REACH who="0" ten="220,240,251,279" step="2"/><U59/><E59/><V130/><F130/><W46/><G71/><T93/><D93/><U92/><E82/><V100/><F68/><W61/><G61/><T105/><D105/><U102/><E102/><N who="2" m="38955" /><F70/><W37/><G104/><T101/><D101/><U87/><AGARI ba="0,1" hai="13,15,18,23,24,56,63,65,80,85,87,88,91,92" machi="87" ten="20,12000,2" yaku="0,1,7,1,8,1,52,2,54,1" doraHai="81" who="1" fromWho="1" sc="220,-30,240,130,251,-60,279,-30" /><INIT seed="3,0,0,1,1,84" ten="190,370,191,249" oya="3" hai0="17,88,71,7,22,76,132,101,80,108,96,34,116" hai1="35,45,42,129,105,124,8,51,107,14,2,122,90" hai2="49,102,15,53,82,47,60,9,70,46,81,13,135" hai3="16,36,1,56,78,18,11,10,0,54,69,128,59"/><W64/><G36/><T48/><D116/><U3/><E35/><V39/><F135/><W103/><G69/><T68/><D34/><U25/><E122/><V125/><F125/><W37/><G37/><T75/><D7/><U113/><E113/><V66/><F102/><W55/><G78/><T133/><D108/><U50/><E124/><V134/><F134/><N who="0" m="51818" /><D48/><U111/><E111/><V31/><F31/><W27/><G103/><T21/><D88/><U117/><E51/><V85/><F85/><W99/><G27/><N who="0" m="14767" /><D22/><U73/><E90/><V5/><F13/><W24/><G64/><T92/><AGARI ba="0,0" hai="68,71,75,76,80,92,96,101" m="14767,51818" machi="92" ten="30,1100,0" yaku="20,1" doraHai="84" who="0" fromWho="0" sc="190,11,370,-3,191,-3,249,-5" owari="201,-20.0,367,47.0,188,-31.0,244,4.0" /></mjloggm>