<mjloggm ver="2.3"><GO type="225" lobby="0"/><UN n0="%E3%83%88%E3%83%88%E3%83%AA%E5%85%88%E7%94%9F%31%39%E6%AD%B3" n1="%E3%81%AA%E3%81%A3%E3%81%8D%E3%82%8A" n2="%E3%83%A2%E3%82%B0%E3%83%9E%E3%83%AA%E3%83%A2" n3="%E8%A6%AA%E6%8C%87%EF%BC%88%E5%A4%A7%EF%BC%89" dan="18,16,17,16" rate="2277.87,2090.31,2197.63,2089.05" sx="F,M,M,M"/><TAIKYOKU oya="0"/><INIT seed="0,0,0,5,5,103" ten="250,250,250,250" oya="0" hai0="130,27,29,51,102,61,113,118,132,116,9,121,134" hai1="89,58,129,4,81,7,126,23,125,91,62,96,84" hai2="16,39,14,25,6,122,30,13,111,93,101,68,59" hai3="80,83,46,99,31,64,26,98,112,78,69,108,19"/><T74/><D113/><U50/><E50/><V33/><F122/><W127/><G112/><T77/><D121/><U115/><E115/><V117/><F111/><W133/><G108/><T20/><D130/><U67/><E129/><V123/><F123/><W56/><G69/><T119/><D102/><U60/><E23/><V107/><F39/><W120/><G120/><T43/><D9/><U55/><E91/><V38/><F38/><W87/><G133/><N who="0" m="51307" /><D61/><U37/><E37/><V114/><F68/><W40/><G127/><N who="1" m="48650" /><E96/><V72/><F72/><W86/><G99/><T42/><D51/><U76/><E76/><V66/><F114/><W41/><G98/><T35/><D35/><U109/><E109/><V48/><F33/><W47/><G78/><T85/><D74/><U82/><E82/><AGARI ba="0,0" hai="20,27,29,42,43,77,82,85,116,118,119" m="51307" machi="82" ten="40,2000,0" yaku="20,1" doraHai="103" who="0" fromWho="1" sc="250,20,250,-20,250,0,250,0" /><INIT seed="0,1,0,4,5,19" ten="270,230,250,250" oya="0" hai0="31,54,25,135,76,4,22,20,111,34,45,127,21" hai1="27,36,87,119,103,11,32,105,77,89,108,64,42" hai2="121,28,74,66,30,65,82,118,7,56,62,101,85" hai3="124,116,107,106,24,47,9,125,71,95,10,17,6"/><T37/><D135/><U35/><E119/><V91/><F121/><W132/><G116/><T104/><D104/><U130/><E77/><V26/><F118/><W93/><G71/><T43/><D127/><U51/><E36/><V44/><F7/><W88/><G132/><T63/><D111/><U78/><E78/><V110/><F110/><W15/><G47/><T46/><D76/><U115/><E108/><V70/><F74/><W69/><G69/><T8/><D45/><U60/><E51/><V33/><F101/><W117/><G117/><T90/><D90/><U131/><E42/><V114/><F114/><W94/><G88/><T79/><D79/><U1/><E115/><V113/><F113/><W0/><REACH who="3" step="1"/><G24/><REACH who="3" ten="270,230,250,240" step="2"/><T98/><D98/><U80/><E27/><V29/><REACH who="2" step="1"/><F44/><REACH who="2" ten="270,230,240,240" step="2"/><W50/><G50/><T52/><REACH who="0" step="1"/><D63/><AGARI ba="1,2" hai="26,28,29,30,33,56,62,63,65,66,70,82,85,91" machi="63" ten="40,2600,0" yaku="1,1,2,1,53,0" doraHai="19" doraHaiUra="68" who="2" fromWho="0" sc="270,-29,230,0,240,49,240,0" /><INIT seed="1,0,0,1,2,68" ten="241,230,289,240" oya="1" hai0="107,82,83,11,97,129,59,46,135,30,106,21,70" hai1="81,99,0,38,75,56,84,13,22,102,93,77,2" hai2="78,120,29,71,134,60,114,95,96,72,111,63,119" hai3="51,105,18,49,6,48,33,86,17,80,118,66,116"/><U55/><E38/><V1/><F29/><W124/><G105/><T16/><D70/><U10/><E22/><V88/><F119/><N who="3" m="45611" /><G124/><T117/><D117/><U76/><E77/><V43/><F120/><W34/><G66/><T130/><D135/><U100/><E100/><V110/><F134/><W98/><G98/><T32/><D11/><U131/><E75/><V40/><F114/><W23/><G6/><T128/><D30/><U123/><E131/><V28/><F1/><W62/><G62/><N who="2" m="23593" /><F28/><W25/><G18/><T7/><D59/><U61/><REACH who="1" step="1"/><E123/><REACH who="1" ten="241,220,289,240" step="2"/><V9/><F78/><AGARI ba="0,1" hai="17,23,25,33,34,48,49,51,78,80,86" m="45611" machi="78" ten="30,1000,0" yaku="12,1" doraHai="68" who="3" fromWho="2" sc="241,0,220,0,289,-10,240,20" /><INIT seed="2,0,0,2,1,104" ten="241,220,279,260" oya="2" hai0="64,134,34,45,127,124,59,14,25,132,6,61,16" hai1="90,30,70,55,67,50,51,8,24,12,40,117,81" hai2="119,120,131,111,5,89,53,88,21,41,1,10,28" hai3="78,37,122,95,36,97,3,43,82,86,13,60,72"/><V83/><F119/><W76/><G3/><T121/><D121/><U48/><E117/><V62/><F120/><W116/><G116/><T130/><D45/><U65/><E70/><V52/><F131/><W91/><G122/><T63/><D6/><U79/><E90/><N who="2" m="34923" /><F1/><W7/><G43/><T73/><D73/><U17/><E55/><V15/><F111/><W126/><G126/><N who="0" m="48171" /><D130/><U38/><E38/><V98/><F41/><W29/><G29/><N who="0" m="19759" /><D63/><U33/><REACH who="1" step="1"/><E40/><REACH who="1" ten="241,210,279,260" step="2"/><V22/><F53/><W23/><G37/><T31/><D31/><U2/><E2/><V19/><F52/><W106/><G36/><T110/><D110/><U105/><E105/><V93/><F28/><W94/><G106/><T114/><D114/><U26/><E26/><V44/><F44/><W49/><G95/><T107/><D107/><U99/><E99/><V133/><F93/><W96/><G97/><T56/><D56/><U84/><AGARI ba="0,1" hai="8,12,17,24,30,33,48,50,51,65,67,79,81,84" machi="84" ten="30,4000,0" yaku="1,1,0,1,53,1" doraHai="104" doraHaiUra="80" who="1" fromWho="1" sc="241,-10,210,50,279,-20,260,-10" /><INIT seed="3,0,0,4,3,64" ten="231,260,259,250" oya="3" hai0="123,81,126,51,132,87,57,35,55,52,115,46,79" hai1="91,10,20,59,71,31,45,108,12,37,62,63,92" hai2="22,99,38,44,107,88,1,94,8,74,77,86,48" hai3="102,7,119,69,93,53,25,105,116,68,80,98,9"/><W56/><G105/><T47/><D123/><U0/><E0/><V122/><F122/><W100/><G100/><T19/><D35/><U33/><E33/><V78/><F38/><W82/><G25/><T54/><D132/><U23/><E108/><V95/><F22/><N who="1" m="8233" /><E71/><V39/><F107/><W29/><G29/><T60/><D126/><U120/><E37/><V5/><F39/><W70/><G119/><T134/><D134/><U111/><E111/><V3/><F74/><W26/><G26/><T28/><D115/><U125/><E120/><V32/><F32/><W58/><G116/><T4/><D19/><U117/><E117/><V72/><F72/><W113/><G113/><T114/><D114/><U24/><E45/><V65/><F65/><W73/><G73/><T11/><D28/><U16/><E125/><V131/><F131/><W85/><G53/><T103/><D103/><U50/><E24/><V49/><F1/><W127/><G127/><T101/><D101/><U110/><E110/><V17/><F17/><W130/><G130/><T43/><REACH who="0" step="1"/><D47/><REACH who="0" ten="221,260,259,250" step="2"/><U15/><E31/><V135/><F135/><W13/><REACH who="3" step="1"/><G82/><REACH who="3" ten="221,260,259,240" step="2"/><T27/><D27/><U118/><E118/><V2/><F44/><W97/><G97/><T21/><D21/><U104/><E104/><V18/><F99/><W76/><AGARI ba="0,2" hai="7,9,13,56,58,68,69,70,76,80,85,93,98,102" machi="76" ten="30,12000,1" yaku="1,1,0,1,52,3,53,0" doraHai="64" doraHaiUra="106" who="3" fromWho="3" sc="221,-40,260,-40,259,-40,240,140" owari="181,-32.0,220,2.0,219,-18.0,380,48.0" /></mjloggm>