<mjloggm ver="2.3"><GO type="169" lobby="0"/><UN n0="%E7%9F%B3%E4%BA%95%E3%82%AF%E3%83%B3%E3%83%84%E6%98%8C%E5%AD%90" n1="%E6%B2%96%EF%BC%92%EF%BC%99" n2="%E3%82%A6%E3%83%AB%E3%83%88%E3%83%A9%E7%AB%8B%E7%9B%B4" n3="%6D%6F%74%69%37%32%2E%2E" dan="16,17,17,16" rate="2131.24,2177.57,2140.10,2089.99" sx="M,M,M,M"/><TAIKYOKU oya="0"/><INIT seed="0,0,0,2,5,82" ten="250,250,250,250" oya="0" hai0="101,96,121,0,114,6,129,90,54,59,93,1,78" hai1="125,35,25,61,81,133,53,131,28,117,79,74,99" hai2="116,12,62,8,108,48,52,88,3,127,57,24,34" hai3="102,27,21,135,23,110,70,124,105,7,83,85,112"/><T71/><D121/><U42/><E131/><V22/><F127/><W10/><G112/><T80/><D71/><U19/><E125/><V128/><F128/><W126/><G70/><T118/><D118/><U87/><E117/><V47/><F108/><W120/><G110/><T36/><D114/><U73/><E133/><V14/><F34/><W5/><G135/><T107/><D36/><U86/><E42/><V30/><F116/><W2/><G7/><T43/><D43/><U92/><E74/><V98/><F3/><W106/><G120/><T26/><D26/><U119/><E19/><V134/><F134/><W39/><G39/><T40/><D40/><U113/><E119/><V45/><F8/><W66/><G66/><T67/><D67/><U65/><E53/><N who="2" m="34095" /><F47/><W95/><G95/><AGARI ba="0,0" hai="12,14,22,24,30,45,48,52,88,95,98" m="34095" machi="95" ten="30,3900,0" yaku="8,1,54,2" doraHai="82" who="2" fromWho="3" sc="250,0,250,0,250,39,250,-39" /><INIT seed="1,0,0,4,3,23" ten="250,250,289,211" oya="1" hai0="5,103,50,85,81,16,117,1,78,112,84,74,39" hai1="132,126,36,83,64,114,73,110,38,71,115,124,128" hai2="98,25,95,91,3,76,30,111,100,127,6,7,96" hai3="69,68,79,49,44,92,61,113,123,41,97,133,94"/><U125/><E73/><V17/><F127/><W15/><G113/><N who="1" m="43018" /><E83/><V62/><F3/><W80/><G123/><T12/><D39/><N who="1" m="14891" /><E132/><V10/><F76/><W21/><G61/><T106/><D117/><U55/><E110/><V135/><F111/><W0/><G0/><T130/><D130/><U19/><E19/><V33/><F135/><W54/><G41/><T28/><D112/><U26/><E26/><V86/><F98/><W88/><G94/><T29/><D5/><U119/><E119/><V120/><F120/><W32/><G32/><T56/><D1/><U43/><E43/><V8/><F10/><W22/><G133/><T122/><D122/><U70/><E128/><V40/><F40/><W2/><G2/><T20/><D103/><U9/><E9/><V104/><F8/><W82/><G82/><N who="0" m="47191" /><D74/><U18/><E18/><V87/><F17/><W13/><G21/><T24/><D106/><U107/><E107/><V121/><F87/><W75/><G22/><T57/><D12/><U134/><E134/><V27/><F121/><W72/><G72/><T47/><D85/><U99/><E99/><V46/><F6/><W93/><G93/><T63/><D81/><U45/><E64/><V89/><F7/><W52/><G13/><T34/><D34/><U131/><E131/><V35/><F104/><W65/><G15/><T129/><D129/><U4/><E4/><V58/><F35/><W118/><G118/><T59/><D29/><U31/><E31/><V108/><F30/><W109/><G109/><T90/><D28/><U11/><E11/><V51/><F33/><RYUUKYOKU ba="0,0" sc="250,-10,250,30,289,-10,211,-10" hai1="45,55,70,71,124,125,126" /><INIT seed="1,1,0,4,5,55" ten="240,280,279,201" oya="1" hai0="2,37,19,65,32,51,44,129,29,133,98,100,57" hai1="119,64,71,89,121,49,33,43,72,23,10,73,5" hai2="40,127,101,42,45,122,96,134,130,95,115,94,99" hai3="34,1,116,6,111,90,20,135,110,60,3,87,30"/><U91/><E121/><V132/><F122/><W52/><G34/><T67/><D133/><N who="2" m="51306" /><F127/><W131/><G135/><T61/><D2/><U92/><E33/><V0/><F0/><W53/><G131/><T77/><D129/><U126/><E119/><V114/><F130/><W35/><G35/><T26/><D37/><U66/><E126/><V18/><F18/><W76/><G76/><T9/><D77/><U86/><E23/><V103/><F42/><W59/><G116/><T27/><D67/><U93/><E71/><V8/><F8/><W25/><G53/><T83/><D83/><U125/><E125/><V54/><F54/><W109/><REACH who="3" step="1"/><G6/><REACH who="3" ten="240,280,279,191" step="2"/><T7/><D7/><U24/><E5/><V16/><F115/><W17/><G17/><T4/><D19/><U82/><E64/><V80/><F16/><W22/><G22/><T50/><D32/><U74/><E66/><V39/><F114/><W107/><G107/><T31/><D4/><U41/><E10/><V88/><F40/><W105/><G105/><T14/><D9/><U112/><E112/><V70/><F45/><W117/><G117/><T84/><D44/><U15/><E43/><V78/><F39/><W123/><G123/><T102/><D65/><U62/><E41/><V56/><F70/><W120/><G120/><T46/><D46/><U13/><E73/><V12/><F12/><W68/><G68/><T128/><D128/><U104/><E13/><V63/><F78/><W36/><G36/><T21/><D14/><U11/><E15/><V47/><F47/><W48/><G48/><T124/><D51/><RYUUKYOKU ba="1,1" sc="240,-10,280,-10,279,-10,191,30" hai3="1,3,20,25,30,52,59,60,87,90,109,110,111" /><INIT seed="2,2,1,5,3,53" ten="230,270,269,221" oya="2" hai0="38,73,109,55,108,22,112,68,74,60,9,40,118" hai1="86,113,25,111,4,34,61,33,102,26,11,80,72" hai2="46,89,1,98,134,54,83,19,56,110,78,133,43" hai3="63,49,8,24,101,48,31,121,135,13,0,120,45"/><V97/><F1/><W62/><G0/><T127/><D112/><U27/><E72/><V132/><F19/><W64/><G135/><T47/><D9/><U52/><E113/><V103/><F89/><W114/><G101/><T41/><D22/><U124/><E124/><V2/><F2/><W123/><G114/><T87/><D87/><U29/><E102/><V44/><F110/><N who="0" m="42602" /><D74/><U71/><E111/><V51/><F103/><W88/><G88/><T93/><D93/><U85/><E71/><V12/><F12/><W10/><G63/><T79/><D73/><U23/><E23/><V32/><F32/><W28/><G28/><T81/><D81/><U36/><E36/><N who="2" m="21607" /><F46/><W122/><N who="3" m="30720" /><DORA hai="77" /><W42/><G49/><N who="0" m="29119" /><D79/><U82/><E29/><V39/><F39/><W18/><G18/><T105/><D105/><U91/><E4/><V67/><F67/><W58/><REACH who="3" step="1"/><G13/><REACH who="3" ten="230,270,269,211" step="2"/><T21/><D127/><U99/><E91/><V65/><F65/><W128/><G128/><T69/><D38/><U75/><E26/><V95/><F95/><W84/><G84/><AGARI ba="2,2" hai="51,54,56,78,83,84,97,98,132,133,134" m="21607" machi="84" ten="30,5800,0" yaku="20,1,52,2" doraHai="53,77" who="2" fromWho="3" sc="230,0,270,0,269,84,211,-64" /><INIT seed="2,3,0,2,1,52" ten="230,270,353,147" oya="2" hai0="79,15,112,119,71,23,29,121,18,56,76,61,43" hai1="68,98,72,63,93,78,21,12,84,108,94,73,95" hai2="8,24,125,110,122,46,124,130,49,99,4,50,69" hai3="107,70,30,11,19,128,14,103,90,101,33,132,100"/><V66/><F122/><W102/><G70/><T81/><D112/><U37/><E37/><V22/><F130/><W106/><G128/><T129/><D121/><U105/><E108/><V16/><F110/><W75/><G75/><N who="1" m="28746" /><E21/><V5/><F99/><W111/><G111/><T34/><D71/><U74/><E63/><V41/><F69/><W0/><G132/><T96/><D129/><U9/><E12/><V127/><F66/><W44/><N who="3" m="25600" /><DORA hai="65" /><W134/><G134/><T123/><D123/><U133/><E9/><V31/><F49/><W35/><G0/><T54/><D119/><U80/><E68/><V53/><F41/><W28/><G44/><T135/><D135/><U83/><E133/><V126/><F126/><W3/><G3/><T7/><D96/><U58/><E58/><V64/><F64/><W82/><G30/><T92/><D92/><U6/><E6/><N who="2" m="2667" /><F8/><W109/><G109/><T131/><D131/><U55/><E55/><V118/><F118/><W115/><G115/><T67/><D43/><U89/><E105/><V26/><F26/><W13/><G13/><T60/><D7/><U51/><E51/><V32/><F31/><W45/><G45/><T27/><REACH who="0" step="1"/><D81/><REACH who="0" ten="220,270,353,147" step="2"/><U59/><E59/><V86/><F127/><W10/><G82/><T116/><D116/><U104/><E104/><V117/><F125/><W42/><G107/><T40/><D40/><U39/><E39/><V2/><F124/><W77/><G42/><T47/><D47/><U114/><E114/><V36/><F117/><W20/><G106/><T88/><D88/><AGARI ba="3,1" hai="74,78,80,83,84,88,89,93,94,95,98" m="28746" machi="88" ten="30,12000,2" yaku="35,5,54,1" doraHai="52,65" who="1" fromWho="0" sc="220,-129,270,139,353,0,147,0" /><INIT seed="3,0,0,3,0,50" ten="91,409,353,147" oya="3" hai0="124,63,68,89,87,10,132,130,98,41,111,105,65" hai1="67,121,37,9,95,125,19,60,64,103,109,104,17" hai2="55,40,23,2,42,32,102,117,0,12,44,83,24" hai3="39,112,48,72,8,27,128,34,81,29,126,35,106"/><W120/><G39/><T113/><D111/><U61/><E37/><V36/><F117/><W74/><G35/><T5/><D130/><U76/><E104/><V20/><F42/><W92/><G106/><T33/><D132/><U59/><E109/><V75/><F102/><W77/><G120/><T108/><D108/><U114/><E114/><V100/><F100/><W46/><G112/><T53/><D33/><U1/><E121/><V11/><F32/><W131/><G126/><T13/><D41/><U56/><E76/><V115/><F115/><W135/><G135/><T85/><D124/><U16/><E125/><V7/><F23/><W38/><G38/><T62/><D113/><U88/><E103/><V101/><F101/><W82/><G92/><T25/><D25/><U70/><E70/><V51/><F83/><N who="3" m="31755" /><G8/><T28/><D28/><U110/><E110/><V84/><F84/><W118/><G118/><T129/><D129/><N who="3" m="49737" /><G77/><T43/><D43/><AGARI ba="0,0" hai="27,29,34,43,46,48,72,74" m="49737,31755" machi="43" ten="30,1500,0" yaku="19,1" doraHai="50" who="3" fromWho="0" sc="91,-15,409,0,353,0,147,15" /><INIT seed="3,1,0,2,0,8" ten="76,409,353,162" oya="3" hai0="132,72,103,62,78,31,47,17,122,51,98,90,95" hai1="36,80,77,131,3,115,120,75,87,48,118,40,23" hai2="44,61,20,63,97,59,27,94,39,91,56,6,129" hai3="50,109,82,114,32,86,116,99,73,52,121,85,88"/><W108/><G116/><T35/><D122/><U9/><E120/><V4/><F129/><W93/><G121/><T76/><D132/><U110/><E115/><V34/><F34/><W2/><G114/><T69/><D31/><U38/><E131/><V130/><F130/><W123/><G123/><T60/><D35/><U13/><E110/><N who="3" m="42602" /><G2/><T133/><D133/><U68/><E68/><V10/><F44/><N who="3" m="27719" /><G32/><T18/><D69/><U70/><E70/><V57/><F39/><W67/><G67/><T92/><D72/><U64/><E64/><V102/><F102/><N who="3" m="60783" /><G86/><T45/><D62/><U5/><E118/><V58/><F63/><W33/><G33/><T41/><D60/><U111/><E111/><V0/><F0/><W65/><G65/><T106/><D106/><U7/><E75/><AGARI ba="1,0" hai="73,75,82,85,88" m="60783,27719,42602" machi="75" ten="30,11600,0" yaku="14,1,10,1,54,2" doraHai="8" who="3" fromWho="1" sc="76,0,409,-119,353,0,162,119" /><INIT seed="3,2,0,3,5,2" ten="76,290,353,281" oya="3" hai0="12,83,121,14,116,112,45,61,0,134,88,51,22" hai1="60,18,130,102,53,82,133,28,62,36,50,11,69" hai2="40,25,44,67,80,59,105,4,8,42,26,30,20" hai3="47,1,38,104,70,34,135,32,101,97,24,94,117"/><W58/><G70/><T98/><D116/><U3/><E36/><V72/><F105/><W106/><G117/><T119/><D121/><U131/><E133/><V71/><F71/><W95/><G135/><T113/><D134/><U52/><E102/><V21/><F44/><W55/><G1/><T81/><D0/><U48/><E28/><V74/><F80/><W46/><G24/><T49/><D119/><U75/><E18/><V90/><F90/><W66/><G66/><T110/><D110/><U57/><E69/><V107/><F107/><W31/><G31/><T86/><D61/><U100/><E100/><V108/><F108/><W84/><G38/><T78/><D98/><U91/><E91/><V15/><F74/><W111/><G111/><T127/><D127/><U129/><E82/><V126/><F72/><W92/><G84/><N who="0" m="48183" /><D22/><U96/><E96/><V87/><F87/><W103/><G106/><T99/><D99/><U35/><E35/><V17/><F126/><W16/><G103/><T125/><D125/><U19/><E75/><V93/><F93/><W41/><G34/><T76/><D76/><U27/><E27/><V10/><F10/><W56/><G32/><T39/><D39/><U85/><E85/><V9/><F9/><W109/><G109/><T37/><D37/><U68/><E68/><V33/><F33/><W120/><G104/><T89/><D89/><U115/><E131/><V6/><F25/><W65/><G101/><T123/><D123/><U114/><E11/><V118/><F118/><W43/><G120/><T23/><D23/><U13/><E130/><RYUUKYOKU ba="2,0" sc="76,0,290,0,353,0,281,0" /><INIT seed="4,3,0,2,4,55" ten="76,290,353,281" oya="0" hai0="37,49,28,123,63,75,84,15,124,94,32,86,35" hai1="77,64,16,110,133,57,93,58,134,19,87,108,73" hai2="105,127,3,81,60,45,116,101,38,59,106,0,27" hai3="7,92,70,97,12,48,26,4,76,69,88,96,107"/><T33/><D37/><U120/><E73/><V99/><F106/><W17/><G76/><T130/><D123/><U78/><E120/><V126/><F116/><W46/><G26/><T21/><D75/><U2/><E2/><V111/><F111/><W25/><G25/><T39/><D39/><U102/><E64/><N who="2" m="38943" /><F81/><W1/><G1/><T90/><D130/><U89/><E102/><V6/><F6/><W115/><G115/><T109/><D109/><U14/><E110/><V43/><F27/><W44/><G70/><T31/><D124/><AGARI ba="3,0" hai="0,3,38,43,45,99,101,105,124,126,127" m="38943" machi="124" ten="30,2000,0" yaku="18,1,52,1" doraHai="55" who="2" fromWho="0" sc="76,-29,290,0,353,29,281,0" /><INIT seed="5,0,0,2,3,20" ten="47,290,382,281" oya="1" hai0="109,93,90,77,71,4,79,112,108,104,30,63,49" hai1="73,36,44,97,45,123,72,58,7,52,15,22,135" hai2="115,107,78,94,65,119,41,105,87,80,42,96,18" hai3="21,122,54,121,23,53,130,61,110,120,126,114,1"/><U84/><E123/><V89/><F119/><W67/><G1/><T91/><D104/><U3/><E3/><V6/><F6/><W102/><G102/><T37/><D37/><U34/><E34/><V38/><F115/><W35/><G35/><T98/><D4/><U31/><E135/><V5/><F5/><W76/><G76/><T88/><D112/><U111/><E111/><V17/><F107/><W26/><G114/><T92/><D30/><U10/><E97/><V69/><F69/><W24/><G110/><T29/><D108/><U83/><E36/><V118/><F118/><W99/><G99/><T14/><D109/><U28/><E73/><N who="2" m="43087" /><F65/><W11/><G11/><T0/><D0/><U81/><E72/><V116/><F116/><W66/><G130/><T33/><D14/><U13/><E83/><V86/><F86/><W32/><G32/><T131/><D131/><U95/><E95/><V74/><F74/><W70/><G126/><T129/><D129/><U46/><E15/><V125/><F125/><W124/><G124/><T100/><D71/><U64/><E64/><V57/><F57/><W8/><G8/><T47/><D63/><N who="1" m="36295" /><E22/><V106/><F106/><W113/><G113/><T51/><D93/><U60/><E60/><V50/><F38/><W134/><G134/><T40/><REACH who="0" step="1"/><D51/><REACH who="0" ten="37,290,382,281" step="2"/><U68/><E68/><V85/><F50/><W25/><G67/><T27/><AGARI ba="0,1" hai="27,29,33,40,47,49,77,79,88,90,91,92,98,100" machi="27" ten="30,8000,1" yaku="1,1,2,1,0,1,52,1,54,1,53,0" doraHai="20" doraHaiUra="2" who="0" fromWho="0" sc="37,90,290,-40,382,-20,281,-20" /><INIT seed="6,0,0,2,0,56" ten="127,250,362,261" oya="2" hai0="89,122,36,23,79,10,118,123,69,52,12,107,31" hai1="127,135,66,82,106,124,117,105,20,133,96,108,19" hai2="90,63,18,92,29,75,59,49,88,39,30,126,40" hai3="45,41,101,91,113,78,53,51,102,114,76,38,42"/><V6/><F75/><W32/><G32/><T27/><D36/><U13/><E117/><V95/><F6/><W3/><G3/><T131/><D107/><U34/><E34/><V83/><F39/><W84/><G78/><T61/><D118/><U14/><E108/><V21/><F83/><N who="3" m="49567" /><G76/><T73/><D131/><U74/><E66/><N who="2" m="39295" /><F49/><W37/><G37/><T47/><D79/><N who="1" m="44407" /><E13/><N who="2" m="9423" /><F40/><N who="3" m="15467" /><G38/><T94/><D73/><U67/><E67/><V109/><F109/><W97/><G97/><T86/><D69/><U116/><E116/><V44/><F44/><W128/><G128/><T5/><REACH who="0" step="1"/><D47/><REACH who="0" ten="117,250,362,261" step="2"/><U72/><E72/><V16/><F126/><N who="1" m="48169" /><E105/><V93/><F93/><W9/><G114/><T25/><D25/><U8/><E106/><V71/><F71/><W22/><G113/><T70/><D70/><U100/><E135/><V55/><F95/><W33/><G45/><T50/><D50/><U120/><E133/><V110/><F92/><W119/><G51/><T48/><D48/><U80/><E80/><V35/><F110/><W129/><G129/><T121/><D121/><U98/><E120/><V46/><F46/><W17/><G119/><T24/><D24/><N who="1" m="14367" /><E100/><V26/><F90/><W115/><G115/><T65/><D65/><U58/><E58/><AGARI ba="0,1" hai="5,10,12,23,27,31,52,58,61,86,89,94,122,123" machi="58" ten="40,5200,0" yaku="1,1,52,1,54,1,53,0" doraHai="56" doraHaiUra="134" who="0" fromWho="1" sc="117,62,250,-52,362,0,261,0" /><INIT seed="7,0,0,2,0,90" ten="179,198,362,261" oya="3" hai0="125,100,106,51,45,56,18,101,33,128,66,126,39" hai1="112,104,68,53,110,59,20,32,132,97,47,23,111" hai2="94,70,71,21,27,102,12,10,98,95,88,116,74" hai3="92,9,57,7,133,72,48,41,49,58,86,85,105"/><W24/><G105/><T2/><D39/><U26/><E68/><V99/><F74/><W55/><G72/><T113/><D33/><U117/><E117/><V135/><F135/><W64/><G24/><T29/><D29/><U124/><E132/><V35/><F35/><W76/><G76/><T80/><D2/><U0/><E0/><V109/><F109/><W87/><G133/><T36/><D36/><U69/><E69/><V44/><F44/><N who="3" m="25615" /><G9/><T96/><D128/><U84/><E124/><N who="0" m="47721" /><D101/><U34/><E112/><V79/><F79/><W103/><G7/><T115/><D80/><U108/><E47/><V65/><F116/><W22/><G22/><T93/><D18/><U14/><E20/><V63/><F21/><W19/><G19/><T38/><D38/><U118/><E118/><V77/><F77/><W81/><G81/><T52/><D106/><U4/><E4/><V5/><F27/><W16/><G16/><T134/><D134/><U37/><E37/><V123/><F123/><W50/><G103/><T17/><D17/><N who="1" m="10679" /><E26/><V30/><F30/><W78/><G78/><T73/><D73/><U121/><E121/><V11/><F11/><W75/><G75/><T62/><AGARI ba="0,0" hai="45,51,52,56,62,66,93,96,100,113,115" m="47721" machi="62" ten="40,5200,0" yaku="18,1,52,1,54,1" doraHai="90" who="0" fromWho="0" sc="179,52,198,-13,362,-13,261,-26" owari="231,-17.0,185,-31.0,349,44.0,235,4.0" /></mjloggm>