<mjloggm ver="2.3"><GO type="97" lobby="0"/><UN n0="%65%78%E6%B3%B0%E7%84%B6%E5%9E%8B" n1="%E3%82%BC%E3%83%AD%E3%82%BC%E3%83%AD" n2="%E5%B0%B1%E6%B4%BB%E7%94%9F%40%E5%B7%9D%E6%9D%91%E8%BB%8D%E5%9B%A3" n3="%64%65%74%77%6F" dan="15,14,15,14" rate="2060.91,1919.26,2008.85,1932.67" sx="F,M,M,M"/><TAIKYOKU oya="0"/><INIT seed="0,0,0,0,1,68" ten="250,250,250,250" oya="0" hai0="75,47,41,114,119,84,83,85,26,86,46,92,14" hai1="52,63,97,3,74,30,23,101,24,62,91,16,38" hai2="81,6,95,133,134,89,70,76,103,122,35,65,125" hai3="128,55,56,2,130,73,42,123,34,10,78,11,48"/><T1/><D119/><U51/><E74/><V64/><F35/><W59/><G123/><T28/><D114/><U110/><E110/><V94/><F122/><W5/><G34/><T7/><D1/><U118/><E118/><V44/><F125/><W106/><G106/><T22/><D92/><N who="1" m="58535" /><E38/><V37/><F6/><W108/><G108/><T61/><D61/><U71/><E71/><V50/><F103/><W58/><G42/><T90/><D75/><U12/><E3/><V57/><F70/><W124/><G11/><N who="0" m="4479" /><D47/><N who="1" m="27775" /><E91/><V82/><F37/><W121/><G124/><T93/><D93/><U115/><E115/><V120/><F94/><W100/><G100/><T72/><D72/><U54/><E54/><V102/><F102/><W112/><G112/><T96/><D96/><U127/><E127/><V9/><F120/><W104/><G104/><T111/><D111/><U87/><E87/><V107/><F107/><W80/><REACH who="3" step="1"/><G121/><REACH who="3" ten="250,250,250,240" step="2"/><T32/><D32/><U98/><E98/><V31/><F9/><AGARI ba="0,1" hai="9,12,16,23,24,30,62,63" m="27775,58535" machi="9" ten="30,3900,0" yaku="8,1,54,2" doraHai="68" who="1" fromWho="2" sc="250,0,250,49,250,-39,240,0" /><INIT seed="1,0,0,1,4,49" ten="250,299,211,240" oya="1" hai0="130,127,111,42,95,37,55,29,3,23,103,116,81" hai1="109,33,106,82,43,78,71,2,96,135,80,112,47" hai2="88,60,90,122,118,0,36,94,123,76,20,40,16" hai3="38,86,114,50,52,89,44,99,1,31,30,68,98"/><U74/><E112/><V134/><F0/><W48/><G68/><T119/><D3/><U57/><E135/><V11/><F134/><W110/><G38/><T97/><D111/><U12/><E71/><V5/><F118/><W45/><G1/><T6/><D6/><U108/><E33/><V51/><F36/><W85/><G114/><T13/><D130/><U18/><E2/><V120/><F76/><W14/><G110/><N who="1" m="42602" /><E57/><V93/><F60/><W64/><G64/><T115/><D127/><U19/><E82/><V102/><F11/><W53/><G14/><T26/><D115/><U91/><E12/><V65/><F65/><W92/><REACH who="3" step="1"/><G86/><REACH who="3" ten="250,299,211,230" step="2"/><T7/><D119/><U113/><E113/><V56/><F5/><W121/><G121/><T39/><D37/><N who="1" m="21999" /><E91/><V84/><F102/><AGARI ba="0,1" hai="18,19,74,78,80,96,102,106" m="21999,42602" machi="102" ten="30,2900,0" yaku="14,1,10,1" doraHai="49" who="1" fromWho="2" sc="250,0,299,39,211,-29,230,0" /><INIT seed="1,1,0,1,2,33" ten="250,338,182,230" oya="1" hai0="82,120,85,38,111,34,12,93,9,70,28,40,123" hai1="107,125,131,10,66,22,110,20,83,47,99,106,55" hai2="75,14,44,91,68,77,132,130,98,115,84,108,126" hai3="3,18,128,23,30,60,48,92,97,2,76,124,64"/><U79/><E125/><V31/><F68/><W112/><G76/><T67/><D111/><U78/><E131/><V102/><F31/><W56/><G124/><T59/><D70/><U127/><E127/><V105/><F14/><W27/><G128/><T113/><D113/><U49/><E110/><V50/><F126/><W122/><G122/><N who="0" m="46635" /><D40/><U89/><E66/><V103/><F130/><W11/><G112/><T109/><D109/><U73/><E79/><V96/><F50/><W41/><G41/><T57/><D93/><U95/><REACH who="1" step="1"/><E10/><REACH who="1" ten="250,328,182,230" step="2"/><V4/><F108/><W90/><REACH who="3" step="1"/><G48/><REACH who="3" ten="250,328,182,220" step="2"/><T45/><D38/><U134/><E134/><V29/><F77/><W129/><G129/><T86/><D67/><U39/><E39/><V69/><F132/><W62/><G62/><T17/><D45/><U7/><E7/><V116/><F44/><W119/><G119/><T94/><D59/><U87/><E87/><V104/><F4/><W15/><AGARI ba="1,2" hai="2,3,11,15,18,23,27,30,56,60,64,90,92,97" machi="15" ten="30,7900,0" yaku="1,1,0,1,52,2,53,0" doraHai="33" doraHaiUra="117" who="3" fromWho="3" sc="250,-21,328,-40,182,-21,220,102" /><INIT seed="2,0,0,5,4,14" ten="229,288,161,322" oya="2" hai0="89,22,91,41,71,132,11,44,20,65,67,84,108" hai1="135,117,76,122,13,8,43,80,127,57,99,128,79" hai2="36,0,38,48,32,2,78,27,115,60,5,24,105" hai3="16,42,18,35,15,61,124,93,33,94,25,26,130"/><V68/><F115/><W120/><G120/><T121/><D108/><U96/><E117/><V100/><F48/><W31/><G42/><T77/><D121/><U131/><E122/><V116/><F116/><W101/><G124/><T39/><D132/><U75/><E135/><V28/><F24/><W29/><G130/><N who="1" m="49706" /><E127/><V133/><F133/><W1/><G1/><N who="2" m="617" /><F78/><W45/><G45/><T73/><D73/><U58/><E79/><V103/><F5/><W62/><REACH who="3" step="1"/><G15/><REACH who="3" ten="229,288,161,312" step="2"/><T87/><D41/><U4/><E43/><V125/><F125/><W47/><G47/><T74/><D44/><U106/><E106/><V90/><F90/><W110/><G110/><T50/><D91/><U86/><E75/><V19/><F103/><AGARI ba="0,1" hai="16,18,25,26,29,31,33,35,61,62,93,94,101,103" machi="103" ten="25,12000,2" yaku="1,1,22,2,52,2,54,1,53,0" doraHai="14" doraHaiUra="114" who="3" fromWho="2" sc="229,0,288,0,161,-120,312,130" /><INIT seed="3,0,0,3,4,132" ten="229,288,41,442" oya="3" hai0="80,3,0,131,37,66,92,8,76,78,69,60,22" hai1="23,100,126,68,33,43,24,124,57,82,50,135,11" hai2="30,45,61,47,48,102,35,104,122,9,111,53,134" hai3="55,16,95,75,89,94,5,83,12,110,130,51,88"/><W31/><G130/><T79/><D131/><U86/><E68/><V29/><F111/><W108/><G31/><T14/><D37/><U20/><E135/><V84/><F122/><W93/><G5/><T4/><D92/><U56/><E100/><V38/><F134/><W44/><G75/><T17/><REACH who="0" step="1"/><D0/><REACH who="0" ten="219,288,41,442" step="2"/><U64/><E82/><AGARI ba="0,1" hai="3,4,8,14,17,22,60,66,69,76,78,79,80,82" machi="82" ten="40,2600,0" yaku="1,1,2,1,53,0" doraHai="132" doraHaiUra="116" who="0" fromWho="1" sc="219,36,288,-26,41,0,442,0" owari="255,-14.0,262,6.0,41,-46.0,442,54.0" /></mjloggm>