<mjloggm ver="2.3"><GO type="97" lobby="0"/><UN n0="%73%74%61%72%6C%61%6E%64" n1="%E5%B0%B1%E6%B4%BB%E7%94%9F%40%E5%B7%9D%E6%9D%91%E8%BB%8D%E5%9B%A3" n2="%65%62%61%6E" n3="%E6%B0%B4%E7%84%A1%E7%80%AC%E6%B5%81%E5%8D%97" dan="13,15,13,14" rate="1841.63,2006.73,1863.15,1911.53" sx="M,M,M,M"/><TAIKYOKU oya="0"/><INIT seed="0,0,0,1,3,46" ten="250,250,250,250" oya="0" hai0="104,94,75,66,74,119,98,56,3,13,101,85,61" hai1="111,64,115,107,8,18,5,132,89,73,4,43,113" hai2="96,70,63,80,16,134,116,72,79,45,110,54,1" hai3="53,131,71,65,23,30,36,124,9,100,57,29,105"/><T48/><D119/><U103/><E73/><V40/><F116/><W51/><G131/><T102/><D3/><U22/><E111/><V88/><F110/><W39/><G124/><T15/><D75/><U87/><E64/><V84/><F134/><W93/><G105/><T34/><D74/><U97/><E132/><V86/><F1/><W31/><G9/><T33/><D34/><U55/><E43/><V27/><F70/><W12/><G71/><T81/><D33/><U60/><E60/><V26/><F72/><W35/><G35/><T20/><D104/><U25/><E55/><V38/><F96/><W11/><G65/><T112/><D112/><N who="1" m="43083" /><E8/><V52/><F63/><W125/><G125/><T90/><D102/><U82/><AGARI ba="0,0" hai="4,5,18,22,25,82,87,89,97,103,107" m="43083" machi="82" ten="30,1100,0" yaku="11,1" doraHai="46" who="1" fromWho="1" sc="250,-5,250,11,250,-3,250,-3" /><INIT seed="1,0,0,5,1,98" ten="245,261,247,247" oya="1" hai0="106,66,118,123,20,86,112,103,114,10,84,56,15" hai1="113,0,27,4,125,23,2,42,121,34,46,52,119" hai2="41,6,13,75,91,116,107,36,16,90,45,24,129" hai3="5,47,40,28,135,92,8,22,82,54,53,80,124"/><U100/><E34/><V65/><F116/><W87/><G124/><T104/><D118/><U70/><E119/><V111/><F75/><W115/><G115/><T39/><D39/><U55/><E113/><V85/><F6/><W128/><G135/><T101/><D56/><U102/><E121/><V30/><F65/><W99/><G128/><T12/><D66/><U29/><E70/><V31/><F91/><W50/><G22/><T63/><D63/><U7/><E125/><V109/><F107/><W67/><G67/><T74/><D20/><U25/><E23/><N who="2" m="11663" /><F24/><W76/><G82/><T93/><D93/><U58/><E58/><V37/><F37/><W9/><G28/><T131/><D131/><U108/><E29/><V105/><F105/><W69/><G69/><T49/><D49/><U73/><E73/><V88/><F90/><W19/><G19/><T71/><D71/><U33/><E33/><V51/><F36/><W59/><G59/><T64/><D64/><U48/><E108/><N who="2" m="41547" /><F129/><W14/><G8/><T81/><D74/><U97/><E2/><V57/><F57/><W1/><G1/><T17/><D81/><AGARI ba="0,0" hai="30,31,41,45,51,81,85,88" m="41547,11663" machi="81" ten="30,3900,0" yaku="14,1,54,2" doraHai="98" who="2" fromWho="0" sc="245,-39,261,0,247,39,247,0" /><INIT seed="2,0,0,0,4,135" ten="206,261,286,247" oya="2" hai0="41,42,46,100,129,120,66,111,132,126,101,36,105" hai1="13,115,9,55,10,127,118,112,122,47,87,40,63" hai2="31,94,83,76,99,27,89,16,37,8,35,121,38" hai3="81,19,20,95,49,32,113,91,114,39,73,14,12"/><V45/><F121/><W116/><G116/><T67/><D120/><U23/><E118/><V71/><F71/><W93/><G32/><T61/><D105/><U108/><E122/><V128/><F128/><W75/><G39/><T43/><D101/><U131/><E131/><V123/><F123/><W52/><G14/><T88/><D100/><U29/><E108/><V30/><F30/><W11/><G11/><T109/><D129/><U74/><E74/><V50/><F8/><W107/><G107/><T0/><D0/><U7/><E10/><V6/><F6/><W97/><G93/><T110/><D88/><U54/><E127/><V84/><REACH who="2" step="1"/><F16/><REACH who="2" ten="206,261,276,247" step="2"/><W134/><G134/><T4/><D132/><U28/><E28/><V26/><F26/><W1/><G1/><T25/><D4/><U130/><E130/><V21/><F21/><W119/><G119/><T106/><D25/><U53/><E29/><V90/><F90/><W96/><G96/><T124/><D106/><U3/><E23/><V51/><F51/><W17/><G17/><T24/><D24/><U104/><E7/><V80/><F80/><W57/><REACH who="3" step="1"/><G81/><REACH who="3" ten="206,261,276,237" step="2"/><T98/><D98/><U22/><E112/><AGARI ba="0,2" hai="12,19,20,49,52,57,73,75,91,95,97,112,113,114" machi="112" ten="40,8000,1" yaku="1,1,2,1,11,1,54,1,53,1" doraHai="135" doraHaiUra="44" who="3" fromWho="1" sc="206,0,261,-80,276,0,237,100" /><INIT seed="3,0,0,0,4,132" ten="206,181,276,337" oya="3" hai0="73,101,45,34,114,37,74,56,95,123,6,23,46" hai1="31,36,49,65,108,5,119,96,7,12,79,16,100" hai2="55,106,13,97,84,109,102,67,78,28,33,87,15" hai3="52,29,130,82,103,63,99,59,27,35,113,25,72"/><W64/><G113/><T44/><D123/><U105/><E36/><V60/><F55/><W30/><G130/><T22/><D34/><U24/><E119/><V20/><F109/><W61/><G82/><T51/><D6/><U1/><E108/><V111/><F111/><W50/><G72/><T14/><D14/><U70/><E79/><V133/><F133/><W88/><G88/><T124/><D114/><U120/><E120/><V62/><F62/><W76/><G76/><T42/><D74/><U58/><E1/><V112/><F112/><W91/><G91/><T127/><D73/><U71/><E71/><N who="2" m="42471" /><F78/><W90/><G90/><T116/><D116/><U126/><E126/><N who="0" m="48169" /><D101/><U128/><E128/><V81/><F81/><W131/><G131/><T110/><D95/><U89/><E89/><V4/><F4/><W10/><G10/><T86/><D110/><U68/><E68/><V3/><F3/><W117/><G117/><T125/><N who="0" m="48177" /><T77/><DORA hai="98" /><D46/><U57/><E57/><V83/><F83/><W122/><G122/><T118/><D56/><U19/><E58/><V11/><F11/><W129/><G129/><T53/><D118/><U32/><E49/><V107/><F107/><W39/><G39/><T48/><D37/><U134/><E134/><V54/><F54/><W0/><G52/><T18/><D18/><N who="1" m="6699" /><E12/><N who="2" m="4683" /><F20/><W17/><G35/><T93/><D77/><U85/><E85/><V47/><F47/><W104/><G104/><T38/><D38/><U41/><E41/><V21/><F21/><N who="0" m="7690" /><D86/><U115/><E115/><V26/><AGARI ba="0,0" hai="26,28,33,84,87,97,102,106" m="4683,42471" machi="26" ten="30,2000,0" yaku="25,1,52,1" doraHai="132,98" who="2" fromWho="2" sc="206,-5,181,-5,276,20,337,-10" owari="201,-20.0,176,-32.0,296,10.0,327,42.0" /></mjloggm>