<mjloggm ver="2.3"><GO type="97" lobby="0"/><UN n0="%E6%B2%96%E6%9C%AC%E7%9E%AC%EF%BC%A0%E5%B7%9D%E6%9D%91%E8%BB%8D%E5%9B%A3" n1="%E5%B0%B1%E6%B4%BB%E7%94%9F%40%E5%B7%9D%E6%9D%91%E8%BB%8D%E5%9B%A3" n2="%E3%83%9E%E3%83%9E%E3%83%9F%E3%83%BC" n3="%EF%BC%BF%E7%BE%8E%E7%90%B4%EF%BC%BF" dan="15,15,13,13" rate="1963.33,1998.90,1845.96,1838.88" sx="M,M,F,M"/><TAIKYOKU oya="0"/><INIT seed="0,0,0,1,1,64" ten="250,250,250,250" oya="0" hai0="117,22,133,82,72,29,74,132,48,119,9,65,41" hai1="18,7,16,81,23,51,67,98,60,31,8,40,58" hai2="90,85,12,84,77,56,42,6,68,112,110,17,118" hai3="96,66,78,105,26,128,122,55,97,52,10,116,25"/><T111/><D65/><U61/><E61/><V35/><F112/><W44/><G122/><T87/><D9/><U76/><E98/><V70/><F35/><W1/><G116/><N who="0" m="44619" /><D41/><U5/><E31/><V13/><F6/><W86/><G128/><T62/><D48/><U75/><E18/><V95/><F42/><W28/><G26/><T11/><D11/><U129/><E129/><V79/><F118/><W73/><G10/><T38/><D29/><U3/><E7/><V94/><F56/><W20/><G1/><T39/><D22/><U24/><E40/><V45/><F45/><W135/><G135/><N who="0" m="51787" /><D62/><U14/><REACH who="1" step="1"/><E51/><REACH who="1" ten="250,240,250,250" step="2"/><V134/><F134/><W15/><G28/><T37/><D111/><U91/><E91/><AGARI ba="0,1" hai="37,38,39,72,74,82,87,91" m="51787,44619" machi="91" ten="40,2000,0" yaku="20,1" doraHai="64" who="0" fromWho="1" sc="250,30,240,-20,250,0,250,0" /><INIT seed="0,1,0,2,0,86" ten="280,220,250,250" oya="0" hai0="16,39,37,99,79,88,44,20,114,40,51,102,129" hai1="3,58,60,10,21,46,108,106,52,118,29,62,112" hai2="14,132,110,19,68,109,5,96,69,34,25,91,125" hai3="117,36,32,123,11,48,75,105,126,116,15,55,66"/><T7/><D114/><U38/><E106/><V12/><F132/><W6/><G36/><T49/><D129/><U26/><E118/><V84/><F96/><W98/><G75/><T28/><D79/><U22/><E112/><V115/><F115/><W57/><G123/><T127/><D127/><U81/><E108/><N who="2" m="41579" /><F125/><W82/><G126/><T43/><D28/><U133/><E133/><V93/><F5/><W27/><G82/><T80/><D7/><U35/><E62/><V87/><F87/><W4/><G4/><T45/><D102/><U124/><E124/><V121/><F121/><W67/><G32/><T74/><D74/><U103/><E103/><V31/><F12/><W9/><G9/><AGARI ba="1,0" hai="9,14,19,25,31,34,68,69,84,91,93" m="41579" machi="9" ten="30,2000,0" yaku="14,1,52,1" doraHai="86" who="2" fromWho="3" sc="280,0,220,0,250,23,250,-23" /><INIT seed="1,0,0,3,2,65" ten="280,220,273,227" oya="1" hai0="93,85,80,66,99,35,64,86,16,79,45,54,83" hai1="116,133,108,121,28,8,50,69,1,122,55,43,21" hai2="29,32,120,9,134,78,27,94,58,40,7,124,74" hai3="100,59,72,0,115,106,75,67,135,101,44,125,131"/><U118/><E1/><V128/><F120/><N who="1" m="46185" /><E8/><V4/><F40/><W41/><G115/><T123/><D35/><U103/><E103/><V62/><F94/><W15/><G101/><T61/><D123/><U119/><E21/><V22/><F78/><W57/><G0/><T105/><D105/><U70/><E28/><V49/><F49/><W33/><G33/><T34/><D34/><U107/><E107/><V14/><F74/><W51/><G100/><N who="0" m="60527" /><D45/><N who="1" m="25919" /><E108/><V38/><F38/><N who="3" m="21559" /><G15/><T13/><D54/><U77/><E77/><V48/><F48/><W68/><G106/><T92/><D92/><U90/><E90/><V87/><F87/><W19/><G19/><T18/><D18/><U24/><E24/><V117/><F4/><W132/><G72/><T2/><D2/><U42/><E133/><N who="3" m="51274" /><G75/><T31/><D31/><U52/><E42/><V95/><F134/><W56/><G131/><T6/><D6/><U23/><E23/><V102/><F128/><W104/><G104/><T63/><D86/><U36/><E36/><V98/><F32/><W17/><G17/><T110/><D83/><U11/><E11/><V46/><F46/><W26/><G26/><T112/><D110/><U113/><E113/><V25/><F25/><W30/><G30/><T60/><D112/><U129/><E129/><V39/><F39/><W126/><G51/><T3/><D3/><U84/><E84/><V47/><F47/><W76/><G76/><T12/><D12/><U127/><E127/><N who="3" m="48650" /><G68/><AGARI ba="0,0" hai="52,55,68,69,70,116,118,119" m="25919,46185" machi="68" ten="40,18000,2" yaku="34,2,52,3,54,1" doraHai="65" who="1" fromWho="3" sc="280,0,220,180,273,0,227,-180" /><INIT seed="1,1,0,2,0,134" ten="280,400,273,47" oya="1" hai0="127,26,65,123,19,67,114,92,54,111,96,118,97" hai1="12,13,68,94,99,40,22,45,62,77,135,102,80" hai2="75,41,48,88,23,43,33,16,39,129,37,21,98" hai3="58,51,109,86,36,90,60,29,82,93,117,10,79"/><U112/><E135/><V107/><F33/><W95/><G109/><T49/><D118/><U73/><E112/><V53/><F75/><W81/><G36/><T116/><D116/><U101/><E101/><V113/><F23/><W69/><G69/><T115/><D123/><U18/><E68/><V89/><F113/><W24/><G117/><T63/><D111/><U103/><E103/><V5/><F5/><W25/><G51/><T32/><D32/><U74/><E62/><V91/><F129/><W133/><G133/><T50/><BYE who="3" /><D26/><U44/><E74/><V85/><F37/><W35/><G35/><T122/><D122/><U71/><E71/><V7/><F7/><W104/><G104/><T6/><D6/><U64/><E64/><V87/><F39/><W46/><G46/><T1/><D1/><U2/><E2/><V9/><F9/><W106/><G106/><T105/><D105/><U66/><E66/><V56/><F107/><W0/><G0/><T108/><D108/><UN n3="%EF%BC%BF%E7%BE%8E%E7%90%B4%EF%BC%BF" /><U20/><E40/><N who="2" m="15435" /><F98/><W78/><G90/><N who="2" m="23041" /><V70/><DORA hai="126" /><F70/><W121/><G121/><T8/><D8/><U76/><E76/><V61/><F61/><W125/><G125/><T52/><D19/><AGARI ba="1,0" hai="12,13,18,19,20,22,44,45,73,77,80,94,99,102" machi="19" ten="40,2000,0" yaku="9,1" doraHai="134,126" who="1" fromWho="0" sc="280,-23,400,23,273,0,47,0" /><INIT seed="1,2,0,0,5,31" ten="257,423,273,47" oya="1" hai0="58,97,34,110,55,11,2,115,13,72,24,108,17" hai1="18,85,73,111,25,12,125,100,86,116,79,113,98" hai2="38,28,78,109,0,68,5,40,118,120,94,14,74" hai3="10,44,46,106,83,61,107,128,82,96,15,20,1"/><U6/><E116/><V102/><F118/><W19/><G128/><T104/><D72/><U87/><E113/><V64/><F14/><W60/><G107/><T71/><D71/><U114/><E114/><V92/><F92/><W50/><G44/><T130/><D97/><U75/><E125/><V26/><F94/><W59/><G1/><T122/><D104/><U8/><E111/><N who="0" m="42537" /><D115/><U36/><E36/><V93/><F93/><W103/><G20/><T133/><D133/><U63/><E79/><V123/><F102/><W66/><REACH who="3" step="1"/><G61/><REACH who="3" ten="257,423,273,37" step="2"/><N who="0" m="36063" /><D122/><U47/><E63/><V112/><F112/><W117/><G117/><T37/><D130/><U121/><E47/><V29/><F109/><W3/><G3/><T127/><D2/><U81/><E121/><V32/><F28/><W49/><G49/><T7/><D37/><U42/><E42/><AGARI ba="2,1" hai="10,15,19,42,46,50,59,60,66,82,83,96,103,106" machi="42" ten="30,3900,0" yaku="1,1,7,1,53,1" doraHai="31" doraHaiUra="41" who="3" fromWho="1" sc="257,0,423,-45,273,0,37,55" /><INIT seed="2,0,0,5,1,7" ten="257,378,273,92" oya="2" hai0="91,67,47,66,96,131,40,85,49,134,14,73,31" hai1="29,106,71,78,125,23,12,128,51,45,118,33,38" hai2="101,28,84,48,114,44,59,3,62,102,13,77,25" hai3="42,75,82,43,109,39,11,107,81,61,99,133,103"/><V4/><F114/><W35/><G81/><T86/><D73/><U26/><E118/><V58/><F3/><W46/><G43/><T55/><D134/><U41/><E106/><V120/><F120/><W30/><G61/><T15/><D131/><U50/><E71/><V95/><F102/><W130/><G130/><T74/><D74/><U68/><E68/><V117/><F117/><W69/><G69/><T119/><D119/><U113/><E128/><V94/><F101/><W135/><G109/><T2/><D2/><U87/><E113/><V100/><F100/><W108/><G108/><T93/><D31/><U90/><E78/><V115/><F115/><W98/><G98/><T19/><D15/><U132/><E132/><V97/><F97/><W9/><G9/><T72/><D72/><U92/><E125/><V127/><F127/><W57/><G57/><T53/><D53/><U52/><E52/><N who="2" m="29703" /><F28/><W104/><G11/><T6/><D6/><U111/><E111/><V83/><F25/><W124/><G107/><T32/><D32/><U63/><E63/><V79/><F79/><N who="3" m="44415" /><G124/><T80/><D40/><U56/><E56/><N who="2" m="21547" /><F62/><W129/><G129/><T110/><D110/><U20/><E33/><V10/><AGARI ba="0,0" hai="4,10,13,77,83,84,94,95" m="21547,29703" machi="10" ten="30,6000,0" yaku="8,1,52,1,54,1" doraHai="7" who="2" fromWho="2" sc="257,-20,378,-20,273,60,92,-20" /><INIT seed="2,1,0,0,2,19" ten="237,358,333,72" oya="2" hai0="36,68,70,34,7,62,60,121,58,47,35,95,16" hai1="74,111,46,118,64,92,102,119,77,99,73,109,69" hai2="81,114,127,112,88,29,123,59,86,28,107,94,26" hai3="90,100,72,63,96,37,106,2,15,75,130,113,5"/><V49/><F123/><W101/><G15/><T55/><D7/><U117/><E69/><N who="0" m="26729" /><D95/><U24/><E64/><V30/><F107/><W51/><G63/><N who="0" m="36319" /><D16/><U12/><E46/><V79/><F127/><W91/><G51/><T124/><D34/><U25/><E12/><V0/><F0/><W57/><G57/><T48/><D35/><U27/><REACH who="1" step="1"/><E77/><REACH who="1" ten="237,348,333,72" step="2"/><V42/><F114/><W45/><G45/><T40/><D124/><U132/><E132/><V125/><F112/><W129/><G37/><T20/><D121/><U14/><E14/><V122/><F122/><W52/><G52/><N who="0" m="29727" /><D20/><U54/><E54/><V31/><F125/><W97/><G2/><T6/><D6/><U84/><E84/><N who="2" m="48191" /><F42/><W22/><G5/><T116/><D116/><U41/><E41/><V13/><F13/><W76/><G22/><T71/><N who="0" m="26737" /><T83/><DORA hai="89" /><D83/><U134/><E134/><V126/><F126/><W23/><G23/><T120/><D120/><U128/><E128/><V43/><F26/><W133/><G133/><T50/><D36/><U105/><E105/><V135/><F135/><W80/><G113/><T66/><D66/><U32/><E32/><V61/><F31/><W115/><G115/><T3/><D3/><U4/><E4/><V33/><F33/><W21/><G21/><T78/><D78/><U39/><E39/><V44/><F30/><W65/><G65/><AGARI ba="1,1" hai="28,29,43,44,49,59,61,65,86,88,94" m="48191" machi="65" ten="30,5800,0" yaku="8,1,52,1,54,1" doraHai="19,89" who="2" fromWho="3" sc="237,0,348,0,333,71,72,-61" /><INIT seed="2,2,0,0,5,99" ten="237,348,404,11" oya="2" hai0="82,57,85,66,37,48,100,130,21,92,104,79,103" hai1="64,46,56,111,72,93,124,60,63,22,26,71,90" hai2="50,94,12,132,67,0,119,105,77,110,10,108,29" hai3="109,38,120,81,24,95,68,123,39,45,125,28,19"/><V127/><F119/><W98/><G109/><N who="2" m="42089" /><F105/><W61/><G125/><T9/><D37/><U27/><E111/><V41/><F127/><W73/><G19/><T89/><D130/><U106/><E124/><V86/><F0/><W54/><G39/><T58/><D104/><U102/><E72/><V75/><F29/><W1/><G1/><T32/><D32/><U8/><E8/><V121/><F121/><W23/><G73/><T126/><D126/><U7/><E7/><V112/><F112/><W91/><G81/><T84/><D9/><U3/><E3/><V118/><F118/><W11/><G11/><T135/><D135/><U5/><E5/><V35/><F35/><W115/><G115/><T62/><D21/><U133/><E133/><V31/><F31/><W80/><G80/><T74/><D74/><U17/><E46/><N who="2" m="25935" /><F132/><W30/><G30/><T87/><D84/><U76/><E76/><V4/><F67/><W107/><G107/><T49/><D49/><U55/><E106/><V129/><F129/><W134/><G134/><T114/><D114/><U25/><REACH who="1" step="1"/><E102/><REACH who="1" ten="237,338,404,11" step="2"/><V43/><F75/><W116/><G116/><T42/><D42/><U83/><E83/><N who="2" m="47471" /><F43/><W44/><G38/><T70/><D70/><U47/><E47/><V36/><F36/><W113/><G113/><T59/><D59/><U52/><E52/><AGARI ba="2,1" hai="48,52,57,58,62,66,79,82,85,87,89,92,100,103" machi="52" ten="40,8000,1" yaku="8,1,52,2,54,1" doraHai="99" who="0" fromWho="1" sc="237,96,338,-86,404,0,11,0" /><INIT seed="3,0,0,4,5,5" ten="333,252,404,11" oya="3" hai0="87,125,117,110,66,29,131,1,9,89,46,36,27" hai1="116,6,102,134,58,104,39,100,33,54,94,32,69" hai2="103,90,51,22,59,135,10,123,41,62,88,113,68" hai3="79,111,96,65,34,14,4,56,20,97,98,25,44"/><W127/><G34/><T120/><D117/><U76/><E104/><V70/><F113/><W74/><G127/><T91/><D120/><U8/><E69/><V55/><F123/><W78/><G74/><T17/><D125/><U38/><E134/><V107/><F135/><W84/><G111/><T47/><D131/><U133/><E133/><V64/><F70/><W114/><G114/><T75/><D75/><U49/><E116/><V19/><F10/><N who="3" m="4423" /><G44/><T86/><D66/><U118/><E118/><V18/><F18/><N who="3" m="12439" /><G84/><T129/><D110/><U48/><E76/><V121/><F121/><W119/><G119/><T0/><D129/><U11/><E39/><V3/><F3/><W124/><G124/><T50/><D36/><U106/><E106/><V30/><F30/><W15/><G15/><T105/><D105/><U42/><E38/><V109/><F109/><W72/><G72/><T23/><D47/><N who="1" m="25719" /><E33/><V95/><F107/><W99/><N who="3" m="25088" /><DORA hai="126" /><W82/><G82/><T26/><D87/><U108/><E32/><V83/><F41/><W45/><G45/><T77/><D27/><U28/><E108/><V43/><F43/><W12/><G12/><N who="0" m="7311" /><D0/><U7/><E28/><V67/><F83/><W13/><G13/><T128/><D1/><U37/><E37/><V71/><F71/><W21/><G21/><T122/><D122/><U24/><E24/><N who="2" m="14431" /><F68/><W60/><AGARI ba="0,0" hai="56,60,65,78,79" m="25088,12439,4423" machi="60" ten="40,3900,0" yaku="8,1,52,1" doraHai="5,126" who="3" fromWho="3" sc="333,-13,252,-13,404,-13,11,39" /><INIT seed="3,1,0,0,2,76" ten="320,239,391,50" oya="3" hai0="33,81,98,14,114,26,112,74,52,18,9,43,35" hai1="11,83,118,36,96,95,91,104,97,108,119,134,44" hai2="99,25,102,122,51,29,106,13,59,82,70,64,111" hai3="80,19,116,39,34,127,23,84,54,89,21,73,0"/><W92/><G116/><N who="1" m="44586" /><E36/><V41/><F111/><W85/><G73/><T132/><D43/><U131/><E44/><V31/><F31/><W63/><G34/><T40/><D40/><U8/><E108/><V60/><F122/><W120/><G120/><T77/><D132/><U55/><E131/><V15/><F82/><N who="3" m="49303" /><G39/><T113/><D98/><U42/><E42/><V67/><F67/><W6/><G0/><T135/><D135/><U50/><E134/><V27/><F27/><N who="3" m="14783" /><G127/><T133/><D133/><U78/><E97/><V86/><F86/><W93/><G6/><T62/><REACH who="0" step="1"/><D26/><REACH who="0" ten="310,239,391,50" step="2"/><U90/><E104/><V115/><F115/><W75/><G75/><T105/><D105/><U107/><E107/><V24/><F24/><W22/><G22/><T110/><D110/><U12/><E12/><V48/><F41/><W30/><G23/><T68/><D68/><U129/><E129/><V45/><F13/><W2/><G2/><T117/><D117/><U56/><E91/><V87/><F15/><W47/><G30/><T20/><D20/><U1/><E1/><V7/><F106/><W79/><G63/><T101/><D101/><U16/><E16/><V88/><F102/><W61/><G61/><T10/><D10/><U71/><E71/><V38/><F70/><W123/><G123/><T46/><D46/><U125/><E125/><V66/><F45/><W103/><G103/><T53/><D53/><U5/><E5/><V94/><F25/><W124/><G124/><T109/><D109/><U100/><E100/><V126/><F126/><W121/><G121/><T72/><D72/><AGARI ba="1,1" hai="8,11,50,55,56,72,78,83,90,95,96" m="44586" machi="72" ten="30,3900,0" yaku="6,1,12,1,52,1" doraHai="76" who="1" fromWho="0" sc="310,-42,239,52,391,0,50,0" owari="268,-13.0,291,9.0,391,49.0,50,-45.0" /></mjloggm>