<mjloggm ver="2.3"><GO type="97" lobby="0"/><UN n0="%53%68%69%67%65%7A%6F" n1="%6D%61%65%2D%30%31%32%37" n2="%E5%B0%B1%E6%B4%BB%E7%94%9F%40%E5%B7%9D%E6%9D%91%E8%BB%8D%E5%9B%A3" n3="%E6%9F%B3%E9%9B%AA" dan="14,15,14,15" rate="1899.48,1980.67,1944.22,1935.43" sx="M,M,M,F"/><TAIKYOKU oya="0"/><INIT seed="0,0,0,3,3,41" ten="250,250,250,250" oya="0" hai0="19,18,111,45,88,101,12,26,107,1,127,49,38" hai1="106,63,102,51,37,46,48,70,90,2,65,114,61" hai2="57,131,84,100,67,27,42,115,93,125,73,81,116" hai3="22,132,83,113,36,62,120,24,86,82,56,30,68"/><T77/><D38/><U6/><E2/><V119/><F115/><W75/><G113/><T110/><D1/><U25/><E6/><V10/><F125/><W11/><G132/><T72/><D127/><U66/><E106/><V17/><F131/><W128/><G128/><T55/><D26/><U85/><E102/><V98/><F73/><W32/><G68/><T78/><D19/><U97/><E97/><V76/><F42/><W92/><G32/><T108/><D72/><U23/><E114/><V5/><F27/><W43/><G75/><T7/><D7/><U118/><E37/><V134/><F134/><W79/><G11/><N who="0" m="6431" /><D88/><U59/><E118/><N who="2" m="45099" /><F17/><W39/><G120/><T53/><D53/><U112/><E112/><V74/><F74/><W33/><G33/><T21/><D21/><U109/><E109/><N who="0" m="27905" /><T64/><DORA hai="54" /><D64/><U40/><E48/><V129/><F129/><W29/><G39/><T69/><D69/><U99/><E99/><AGARI ba="0,0" hai="45,49,55,77,78,99,101,107" m="27905,6431" machi="99" ten="40,7700,0" yaku="14,1,10,1,52,1" doraHai="41,54" who="0" fromWho="1" sc="250,77,250,-77,250,0,250,0" /><INIT seed="0,1,0,0,0,78" ten="327,173,250,250" oya="0" hai0="90,50,6,4,7,40,108,85,64,114,48,133,47" hai1="55,37,9,20,73,104,127,35,61,82,102,8,31" hai2="106,129,25,68,38,65,22,107,42,86,88,1,59" hai3="98,94,44,17,12,92,81,103,2,115,21,62,13"/><T43/><D114/><U11/><E37/><V128/><F68/><W10/><G2/><T24/><D133/><U120/><E120/><V124/><F1/><W71/><G115/><T67/><D24/><U45/><E127/><V14/><F124/><W122/><G122/><T95/><D108/><U53/><E35/><V125/><F125/><W36/><G92/><T69/><D69/><U101/><E104/><V83/><F14/><W100/><G100/><T77/><D77/><U5/><E5/><V96/><F42/><W111/><G111/><T28/><D28/><U23/><E73/><V58/><F38/><W18/><G36/><T110/><D110/><U29/><E61/><N who="2" m="38071" /><F59/><W134/><G44/><AGARI ba="1,0" hai="4,6,7,40,43,44,47,48,50,64,67,85,90,95" machi="44" ten="40,3900,0" yaku="9,1,8,1" doraHai="78" who="0" fromWho="3" sc="327,42,173,0,250,0,250,-42" /><INIT seed="0,2,0,1,4,59" ten="369,173,250,208" oya="0" hai0="16,120,28,79,86,135,113,68,57,117,127,44,73" hai1="19,10,101,4,65,51,83,107,29,62,17,23,30" hai2="125,99,36,96,97,131,8,41,81,35,98,15,115" hai3="64,49,75,94,106,45,126,26,85,61,123,92,72"/><T102/><D68/><U6/><E107/><V71/><F115/><W133/><G106/><T91/><D117/><U46/><E101/><V130/><F35/><W39/><G39/><T116/><D116/><U108/><E108/><V58/><F71/><W40/><G126/><T89/><D120/><U63/><E83/><V31/><F31/><N who="1" m="11785" /><E65/><V32/><F32/><W69/><G133/><T112/><D127/><U9/><E9/><V21/><F125/><W25/><G123/><T87/><D135/><U47/><E10/><V110/><F110/><W20/><G25/><T103/><D28/><U48/><E51/><V7/><F21/><W22/><G22/><T104/><D44/><N who="1" m="16939" /><E48/><V0/><F0/><W55/><G55/><T13/><D104/><U50/><E50/><V118/><F118/><W121/><G121/><T90/><D57/><U114/><E114/><V2/><F2/><W80/><G75/><T109/><D109/><U12/><E19/><V74/><F41/><W119/><G72/><T100/><D73/><U122/><E122/><V53/><F36/><W88/><G119/><T84/><D79/><U93/><E93/><V95/><F81/><W77/><G77/><T60/><D60/><AGARI ba="2,0" hai="4,6,12,17,23,60,62,63" m="16939,11785" machi="60" ten="30,7700,0" yaku="8,1,52,3" doraHai="59" who="1" fromWho="0" sc="369,-83,173,83,250,0,208,0" /><INIT seed="1,0,0,3,3,65" ten="286,256,250,208" oya="1" hai0="29,75,129,52,66,124,84,38,94,93,34,72,14" hai1="48,102,11,21,24,3,47,119,83,91,115,87,99" hai2="67,6,60,56,71,109,82,5,10,1,126,97,103" hai3="30,50,106,114,89,113,32,61,127,43,130,12,44"/><U76/><E119/><V69/><F126/><W110/><G127/><T92/><D38/><U125/><E115/><V8/><F109/><W133/><G110/><T22/><D34/><U123/><E123/><V96/><F82/><W68/><G106/><T78/><D124/><U7/><E125/><V88/><F97/><W134/><G130/><T57/><D66/><U9/><E9/><V74/><F74/><W33/><G12/><T80/><D129/><U58/><E58/><V73/><F73/><W98/><G98/><T25/><REACH who="0" step="1"/><D14/><REACH who="0" ten="276,256,250,208" step="2"/><U81/><E81/><V122/><F122/><W135/><G33/><T31/><D31/><U55/><E76/><V112/><F112/><W28/><G28/><T13/><D13/><U64/><E64/><V120/><F120/><W39/><G30/><T23/><D23/><U104/><E21/><V15/><F88/><W108/><G32/><T77/><D77/><U37/><E37/><V16/><F6/><W105/><G108/><T19/><D19/><U131/><E24/><V46/><F46/><W2/><G89/><T121/><D121/><U54/><E131/><V45/><F45/><N who="3" m="23807" /><G2/><T27/><D27/><U53/><AGARI ba="0,1" hai="3,7,11,47,48,53,54,55,83,87,91,99,102,104" machi="53" ten="20,2100,0" yaku="0,1,7,1" doraHai="65" who="1" fromWho="1" sc="276,-7,256,31,250,-7,208,-7" /><INIT seed="1,1,0,0,3,38" ten="269,287,243,201" oya="1" hai0="53,42,69,103,65,101,41,105,94,68,21,135,32" hai1="98,24,79,36,81,125,99,43,113,1,13,44,114" hai2="128,35,108,12,95,82,26,85,7,4,67,46,3" hai3="130,25,90,96,59,80,30,75,111,118,71,115,57"/><U100/><E125/><V126/><F128/><W77/><G115/><T78/><D32/><U116/><E98/><V22/><F126/><W48/><G111/><T34/><D34/><U54/><E116/><V0/><F108/><W109/><G71/><T119/><D119/><U124/><E124/><V39/><F35/><W131/><G109/><T122/><D105/><U132/><E24/><V70/><F95/><W14/><G14/><T76/><D94/><U28/><E28/><V72/><F72/><W2/><G2/><T10/><D10/><U40/><E54/><V23/><F67/><W91/><G118/><T56/><D53/><U11/><E40/><N who="0" m="15465" /><D21/><U121/><E121/><V64/><F70/><N who="0" m="27242" /><D122/><U66/><E66/><V8/><F64/><W5/><G91/><T52/><D52/><U106/><E132/><V37/><F46/><W50/><G90/><T49/><D49/><N who="3" m="19049" /><G96/><T73/><D73/><N who="1" m="43247" /><E13/><V61/><F23/><N who="3" m="15679" /><G5/><AGARI ba="1,0" hai="1,5,11,36,43,44,99,100,106,113,114" m="43247" machi="5" ten="30,5800,0" yaku="25,1,23,1,52,1" doraHai="38" who="1" fromWho="3" sc="269,0,287,61,243,0,201,-61" /><INIT seed="1,2,0,0,0,7" ten="269,348,243,140" oya="1" hai0="77,15,47,10,88,67,33,108,94,25,91,92,93" hai1="13,111,97,100,102,98,52,99,57,131,103,133,23" hai2="48,4,84,31,0,1,17,18,60,122,86,128,28" hai3="20,50,82,40,110,116,95,125,19,104,107,41,66"/><U12/><E133/><V2/><F122/><W90/><G110/><T130/><D108/><U127/><E127/><V14/><F128/><W30/><G125/><T26/><D33/><U42/><E131/><V55/><F60/><W68/><G30/><T11/><D77/><U32/><E32/><V5/><F48/><W115/><G115/><T16/><D67/><U120/><E120/><V64/><F55/><W49/><G82/><T63/><D63/><U9/><E42/><V21/><F64/><W118/><G66/><T129/><D47/><U62/><E111/><V38/><F38/><W36/><G36/><T124/><D124/><U121/><E121/><V79/><F79/><W34/><G34/><T54/><D54/><U76/><E76/><V59/><F59/><W29/><G29/><N who="2" m="11337" /><F86/><W61/><G61/><T24/><REACH who="0" step="1"/><D10/><REACH who="0" ten="259,348,243,140" step="2"/><U6/><E23/><N who="2" m="11703" /><F84/><W73/><G20/><T56/><D56/><U43/><E43/><V75/><F75/><W39/><G73/><T3/><D3/><U53/><E53/><V112/><F112/><W65/><G65/><T126/><D126/><U27/><E62/><V80/><F80/><W123/><G39/><T132/><D132/><U113/><E57/><V72/><F72/><W134/><G123/><T58/><D58/><U35/><E52/><V89/><F89/><AGARI ba="2,1" hai="11,15,16,24,25,26,88,89,91,92,93,94,129,130" machi="89" ten="50,8000,1" yaku="1,1,52,1,54,2,53,0" doraHai="7" doraHaiUra="37" who="0" fromWho="2" sc="259,96,348,0,243,-86,140,0" /><INIT seed="2,0,0,0,3,43" ten="355,348,157,140" oya="2" hai0="6,90,95,49,9,51,131,59,108,79,46,129,67" hai1="91,52,75,77,110,32,85,89,28,93,126,53,16" hai2="13,130,88,80,123,111,57,47,25,71,7,58,35" hai3="102,33,125,117,11,26,44,106,114,78,73,18,65"/><V69/><F123/><W121/><G121/><T116/><D108/><U17/><E126/><V118/><F118/><W63/><G117/><T104/><D104/><U92/><E110/><V97/><F111/><W27/><G125/><T10/><D79/><U82/><E32/><V66/><F130/><N who="0" m="49674" /><D116/><U74/><E28/><V38/><F35/><W42/><G33/><T21/><D21/><U132/><E132/><V15/><F25/><W0/><G114/><T2/><D67/><U109/><E109/><V100/><F69/><W124/><G124/><T120/><D59/><U5/><E5/><V134/><F134/><W87/><G87/><N who="0" m="52703" /><D51/><U36/><E36/><V115/><F115/><W133/><G106/><T128/><D128/><U135/><E135/><V14/><F7/><W113/><G102/><T83/><BYE who="3" /><D83/><U8/><E8/><V105/><F71/><W86/><G86/><T48/><D48/><U60/><E60/><V76/><F66/><W20/><G20/><T99/><D99/><U119/><E119/><V96/><F76/><W61/><G61/><T50/><D50/><U37/><E37/><V12/><N who="2" m="3584" /><DORA hai="64" /><V3/><F3/><W70/><G70/><T62/><D62/><U23/><E74/><V122/><F122/><W101/><G101/><T31/><D31/><U24/><E17/><V98/><F98/><AGARI ba="0,0" hai="16,23,24,52,53,75,77,82,85,89,91,92,93,98" machi="98" ten="30,3900,0" yaku="7,1,54,2" doraHai="43,64" who="1" fromWho="2" sc="355,0,348,39,157,-39,140,0" /><INIT seed="3,0,0,5,3,76" ten="355,387,118,140" oya="3" hai0="132,99,50,68,126,42,59,9,12,81,107,13,124" hai1="60,25,95,69,96,85,62,51,27,34,21,130,23" hai2="121,91,54,40,35,98,24,119,57,46,101,97,109" hai3="125,64,2,93,48,129,61,11,112,116,80,6,79"/><W0/><G0/><T67/><D68/><U18/><E34/><V113/><F119/><W123/><G123/><T47/><D107/><U128/><E85/><V29/><F113/><W94/><G94/><T82/><D99/><U71/><E51/><V114/><F121/><W22/><G22/><T90/><D90/><U87/><E87/><V38/><F114/><W7/><G7/><N who="0" m="3135" /><D13/><U4/><E4/><V16/><F109/><W3/><G3/><T135/><D67/><U89/><E71/><V110/><F110/><W14/><G14/><T32/><D59/><U5/><E5/><V104/><F16/><W44/><G44/><T45/><D45/><U66/><REACH who="1" step="1"/><E60/><REACH who="1" ten="355,377,118,140" step="2"/><V115/><F115/><W133/><G133/><N who="0" m="51275" /><D32/><U53/><E53/><V30/><F30/><AGARI ba="0,1" hai="18,21,23,25,27,30,62,66,69,89,95,96,128,130" machi="30" ten="40,1300,0" yaku="1,1,53,0" doraHai="76" doraHaiUra="43" who="1" fromWho="2" sc="355,0,377,23,118,-13,140,0" owari="355,16.0,400,49.0,105,-39.0,140,-26.0" /></mjloggm>