<mjloggm ver="2.3"><GO type="97" lobby="0"/><UN n0="%6F%72%7A%2D%6F%72%7A" n1="%EF%BC%BA%EF%BC%A5%EF%BC%B2%EF%BC%AF%EF%BC%8D%EF%BC%AD%EF%BC%A1%EF%BC%B8" n2="%4B%49%52%49%54%42%4C" n3="%E5%B0%B1%E6%B4%BB%E7%94%9F%40%E5%B7%9D%E6%9D%91%E8%BB%8D%E5%9B%A3" dan="13,14,14,15" rate="1873.21,1904.18,2017.17,2036.39" sx="M,M,M,M"/><TAIKYOKU oya="0"/><INIT seed="0,0,0,5,2,131" ten="250,250,250,250" oya="0" hai0="112,109,105,1,2,116,67,107,11,96,58,48,18" hai1="26,39,72,117,8,49,5,17,106,133,30,87,52" hai2="83,132,80,124,93,45,78,102,25,62,75,44,55" hai3="63,31,53,103,23,65,42,69,128,57,71,125,66"/><T40/><D112/><U127/><E133/><V60/><F124/><W110/><G103/><T16/><D116/><U41/><E127/><V79/><F102/><W6/><G6/><T92/><D67/><N who="3" m="25609" /><G23/><T88/><D109/><U13/><E72/><V33/><F93/><W47/><G31/><T77/><D107/><U3/><E117/><V85/><F132/><W70/><G125/><T43/><D105/><U95/><E106/><V97/><F97/><W73/><G73/><T94/><D77/><U100/><E41/><N who="0" m="15945" /><D2/><U22/><E39/><V122/><F122/><W134/><G134/><T7/><D1/><U50/><E52/><V86/><F75/><W10/><G10/><T121/><D121/><U15/><E3/><V20/><F33/><W115/><G115/><T68/><D68/><U64/><E64/><V119/><F119/><W54/><G128/><T35/><D35/><U76/><E100/><V21/><REACH who="2" step="1"/><F55/><REACH who="2" ten="250,250,240,250" step="2"/><N who="3" m="34239" /><G110/><T123/><D123/><U99/><E99/><V32/><F32/><W37/><AGARI ba="0,1" hai="37,42,47,53,54,69,70,71" m="34239,25609" machi="37" ten="40,8000,1" yaku="35,5" doraHai="131" who="3" fromWho="3" sc="250,-40,250,-20,240,-20,250,90" /><INIT seed="1,0,0,2,3,78" ten="210,230,220,340" oya="1" hai0="114,82,26,1,20,4,81,98,10,11,135,72,52" hai1="46,76,110,133,43,128,15,51,37,67,59,89,33" hai2="12,97,88,126,101,55,99,134,69,54,131,6,112" hai3="104,95,86,7,127,130,16,57,116,3,35,58,80"/><U2/><E2/><V129/><F69/><W113/><G104/><T44/><D114/><U28/><E133/><V27/><F112/><W21/><G116/><T48/><D72/><U17/><E128/><N who="2" m="49227" /><F27/><W39/><G39/><T124/><D135/><U9/><E110/><V125/><F134/><W25/><G113/><T64/><D124/><N who="2" m="47722" /><F6/><W49/><G127/><T96/><D11/><U66/><E9/><V36/><F36/><W94/><G130/><T13/><D1/><U29/><E37/><V19/><F99/><N who="0" m="37930" /><D64/><U106/><E66/><V47/><F47/><W38/><G38/><T120/><D120/><U85/><E46/><V34/><F34/><W102/><G35/><T77/><D77/><U8/><E76/><V105/><F88/><N who="3" m="51271" /><G3/><T22/><D22/><AGARI ba="0,0" hai="12,19,22,54,55,97,101,105" m="47722,49227" machi="22" ten="30,2000,0" yaku="19,1,18,1" doraHai="78" who="2" fromWho="0" sc="210,-20,230,0,220,20,340,0" /><INIT seed="2,0,0,4,0,10" ten="190,230,240,340" oya="2" hai0="114,26,39,117,70,90,46,86,97,77,53,132,47" hai1="43,124,126,98,99,11,80,116,94,51,21,59,71" hai2="19,103,75,104,127,88,32,34,105,48,82,112,14" hai3="64,23,12,69,54,121,93,22,1,15,37,45,25"/><V20/><F112/><W73/><G1/><T27/><D114/><U92/><E116/><V95/><F127/><N who="1" m="48681" /><E71/><V89/><F48/><N who="3" m="28943" /><G37/><T3/><D117/><U101/><E80/><V74/><F74/><W72/><G72/><T128/><D3/><U85/><E85/><N who="2" m="52623" /><F89/><W133/><G73/><T107/><D70/><U79/><E79/><N who="2" m="44415" /><F105/><W13/><G121/><T8/><D132/><U24/><E11/><V35/><F35/><W134/><G69/><T9/><D128/><U106/><E106/><V52/><F52/><W125/><G125/><T17/><D39/><U67/><E67/><V7/><F7/><W119/><G119/><T60/><D77/><U96/><E94/><V5/><F5/><W29/><G64/><T0/><D0/><U65/><E43/><V57/><F57/><W123/><G123/><T40/><D40/><U122/><E122/><V31/><F31/><W28/><G93/><T66/><D66/><U30/><E51/><V6/><F6/><W49/><G49/><T56/><D107/><U36/><E36/><V4/><F4/><W87/><G87/><T118/><D118/><U81/><E81/><V50/><F50/><W42/><G42/><T58/><D86/><U63/><AGARI ba="0,0" hai="21,24,30,59,63,65,92,96,98,99,101" m="48681" machi="63" ten="30,2000,0" yaku="25,1,18,1" doraHai="10" who="1" fromWho="1" sc="190,-5,230,20,240,-10,340,-5" /><INIT seed="3,0,0,5,3,120" ten="185,250,230,335" oya="3" hai0="41,134,92,96,38,64,26,133,8,59,109,57,91" hai1="45,2,32,53,113,61,117,102,33,68,89,71,81" hai2="130,9,125,78,22,107,3,5,37,121,131,73,87" hai3="112,118,122,6,29,80,48,95,128,30,74,84,115"/><W100/><G122/><T101/><D38/><U67/><E68/><V47/><F121/><W110/><G118/><T52/><D41/><U60/><E2/><V58/><F87/><W104/><G104/><T85/><D8/><U83/><E53/><V19/><F58/><W55/><G128/><T93/><D26/><U79/><E89/><V10/><F10/><W42/><G110/><T18/><D18/><U1/><E61/><V72/><F107/><W24/><G74/><T75/><D75/><U11/><E60/><V51/><F125/><W23/><G6/><T54/><D64/><U103/><E81/><N who="2" m="45255" /><F51/><W132/><G132/><T116/><D116/><U14/><E83/><V99/><F99/><N who="3" m="59519" /><G42/><T31/><D31/><U76/><E11/><V43/><F73/><W50/><G115/><T129/><D129/><U12/><E71/><V63/><F63/><W119/><G119/><T123/><D123/><U69/><E69/><V94/><F94/><W127/><G127/><T88/><D101/><U111/><E103/><V17/><F17/><N who="3" m="12399" /><G48/><T28/><D28/><U90/><E102/><V35/><F35/><W4/><G4/><T34/><D34/><U82/><E33/><V135/><F135/><W98/><G98/><T16/><D109/><U40/><E32/><V25/><AGARI ba="0,0" hai="3,5,9,19,22,25,37,43,47,130,131" m="45255" machi="25" ten="30,1100,0" yaku="25,1" doraHai="120" who="2" fromWho="2" sc="185,-3,250,-3,230,11,335,-5" owari="182,-32.0,247,5.0,241,-16.0,330,43.0" /></mjloggm>