<mjloggm ver="2.3"><GO type="97" lobby="0"/><UN n0="%6B%69%6D%69%2E" n1="%E6%B3%A2%E4%B9%97%E3%82%8A%E9%B5%9C" n2="%E5%B0%B1%E6%B4%BB%E7%94%9F%40%E5%B7%9D%E6%9D%91%E8%BB%8D%E5%9B%A3" n3="%7A%61%6B%75%72%6F%72%6F" dan="14,15,15,14" rate="1972.66,2011.47,1974.57,1971.80" sx="M,M,M,M"/><TAIKYOKU oya="0"/><INIT seed="0,0,0,4,2,62" ten="250,250,250,250" oya="0" hai0="27,34,132,78,31,116,76,121,70,73,122,123,87" hai1="126,38,108,16,37,45,68,135,111,99,128,131,50" hai2="39,19,32,85,114,66,125,8,95,134,28,2,20" hai3="35,133,90,36,56,93,65,103,64,67,14,55,12"/><T130/><D116/><U74/><E74/><V3/><F39/><N who="1" m="14857" /><E99/><V26/><F114/><W49/><G36/><T77/><D73/><U43/><E16/><V15/><F134/><W30/><G133/><T107/><D107/><U59/><E135/><V86/><F125/><W41/><G103/><T113/><D132/><U6/><E6/><V29/><F29/><W40/><G35/><T101/><D113/><U25/><E25/><V22/><F22/><W61/><G30/><T75/><D101/><U7/><E7/><N who="2" m="1143" /><F3/><W52/><G41/><T71/><D75/><U109/><E68/><V21/><F21/><W47/><G40/><T9/><D9/><U91/><E91/><N who="2" m="53743" /><F86/><AGARI ba="0,0" hai="12,14,47,49,52,55,56,61,64,65,67,86,90,93" machi="86" ten="40,8000,1" yaku="8,1,52,3,54,1" doraHai="62" who="3" fromWho="2" sc="250,0,250,0,250,-80,250,80" /><INIT seed="1,0,0,0,4,89" ten="250,250,170,330" oya="1" hai0="39,135,14,121,11,88,41,131,84,100,80,23,29" hai1="113,12,44,25,27,129,128,63,111,35,49,17,104" hai2="74,38,93,15,53,16,132,125,81,54,6,118,18" hai3="108,1,0,73,47,36,10,65,71,58,76,96,90"/><U28/><E104/><V55/><F38/><W86/><G108/><T4/><D131/><N who="1" m="50251" /><E63/><V103/><F118/><W8/><G71/><T13/><D135/><U99/><E99/><N who="2" m="59887" /><F74/><W5/><G96/><T101/><D121/><U110/><E113/><V127/><F132/><W61/><G76/><T57/><D39/><U95/><E95/><V40/><F40/><W92/><G73/><T37/><D37/><U56/><E56/><V85/><F6/><W79/><G79/><T126/><D41/><N who="1" m="24719" /><E27/><V87/><F87/><W119/><G119/><T70/><D70/><U43/><E43/><V9/><F18/><W59/><G36/><T102/><D126/><N who="2" m="48138" /><F55/><W62/><G47/><T114/><D114/><U20/><AGARI ba="0,0" hai="12,17,20,25,28,35,110,111" m="24719,50251" machi="20" ten="30,1500,0" yaku="19,1" doraHai="89" who="1" fromWho="1" sc="250,-5,250,15,170,-5,330,-5" /><INIT seed="1,1,0,3,5,104" ten="245,265,165,325" oya="1" hai0="79,123,87,122,21,73,40,129,135,1,76,8,36" hai1="60,32,126,88,132,114,80,62,96,63,34,33,59" hai2="67,97,61,84,48,74,134,92,81,69,30,124,15" hai3="23,125,47,28,35,6,17,38,99,24,78,45,105"/><U41/><E114/><V55/><F124/><W118/><G125/><T93/><D129/><U65/><E126/><V11/><F134/><W44/><G118/><T3/><D135/><U127/><E132/><V112/><F30/><W75/><G6/><T102/><D21/><U110/><E127/><V10/><F112/><W2/><G2/><T56/><D56/><U115/><E115/><V109/><F109/><W52/><G38/><T86/><D102/><U13/><E41/><V106/><F106/><W130/><G130/><T70/><D70/><U133/><E133/><V50/><F74/><W113/><G113/><T25/><D25/><U89/><E110/><V20/><F20/><W66/><G66/><T7/><D3/><U120/><E120/><N who="0" m="46121" /><D79/><U22/><E89/><V108/><F108/><W117/><G117/><T58/><D58/><U94/><REACH who="1" step="1"/><E80/><REACH who="1" ten="245,255,165,325" step="2"/><V53/><F53/><W19/><G52/><T121/><D121/><U57/><E57/><V43/><F43/><W46/><G44/><T39/><D40/><U68/><E68/><V128/><F128/><W91/><G45/><T101/><D39/><U111/><E111/><V71/><F71/><W51/><G46/><T64/><D36/><U131/><E131/><V77/><F55/><W98/><G91/><T29/><D64/><U5/><E5/><V119/><F119/><W82/><G47/><T100/><D100/><U16/><AGARI ba="1,1" hai="13,16,22,32,33,34,59,60,62,63,65,88,94,96" machi="16" ten="40,12000,1" yaku="1,1,0,1,54,2,53,1" doraHai="104" doraHaiUra="54" who="1" fromWho="1" sc="245,-41,255,133,165,-41,325,-41" /><INIT seed="1,2,0,5,0,61" ten="204,388,124,284" oya="1" hai0="118,9,122,62,28,53,50,116,78,25,54,20,133" hai1="47,45,112,72,7,11,26,89,66,1,22,82,79" hai2="14,84,55,80,119,88,101,23,98,77,46,113,132" hai3="4,40,49,34,129,106,13,125,102,31,8,115,41"/><U33/><E112/><V90/><F119/><W24/><G115/><T30/><D122/><U63/><E89/><V87/><F113/><W51/><G129/><T83/><D133/><U114/><E114/><V97/><F132/><W70/><G125/><T96/><D28/><U103/><E103/><V75/><F46/><W0/><G51/><T59/><D9/><U107/><E107/><N who="2" m="63919" /><F55/><W44/><G70/><T17/><D30/><U100/><E100/><V104/><F23/><W52/><G106/><T48/><D62/><U21/><E33/><V64/><F14/><W76/><G102/><T16/><D96/><U3/><E3/><V91/><F64/><W93/><G93/><T37/><D17/><U32/><E32/><V74/><F104/><W35/><G35/><T60/><D37/><U134/><E134/><V120/><F120/><W10/><REACH who="3" step="1"/><G76/><REACH who="3" ten="204,388,124,274" step="2"/><T71/><D71/><U12/><E79/><N who="2" m="46111" /><F98/><W99/><G99/><T121/><D121/><U130/><E130/><V92/><F92/><W27/><G27/><T57/><D60/><U123/><E26/><V19/><F19/><AGARI ba="2,1" hai="0,4,8,10,13,19,24,31,34,40,41,44,49,52" machi="19" ten="30,3900,0" yaku="1,1,7,1,54,1,53,0" doraHai="61" doraHaiUra="124" who="3" fromWho="2" sc="204,0,388,0,124,-45,274,55" /><INIT seed="2,0,0,0,1,99" ten="204,388,79,329" oya="2" hai0="79,23,2,26,59,66,132,100,77,116,126,14,105" hai1="90,47,34,101,115,122,3,125,17,25,61,97,118" hai2="0,44,48,42,108,129,96,20,135,93,86,32,39" hai3="89,130,72,30,18,10,82,38,113,50,53,62,84"/><V131/><F32/><W119/><G119/><T37/><D2/><U33/><E115/><V11/><F135/><W52/><G113/><T27/><D37/><U13/><E3/><V58/><F20/><W75/><G38/><T60/><D132/><U87/><E118/><V28/><F28/><W64/><G130/><N who="2" m="49673" /><F86/><W63/><G30/><T76/><D126/><U102/><E125/><V106/><F106/><W117/><G117/><T21/><D116/><U8/><E102/><N who="2" m="60687" /><F108/><W128/><G128/><T5/><D105/><U88/><E87/><V16/><F0/><W46/><G53/><T29/><D100/><U70/><E34/><V36/><F58/><N who="3" m="36951" /><G63/><T51/><D51/><U41/><E33/><V80/><F80/><W120/><G120/><T92/><D92/><U133/><E122/><V6/><F6/><W56/><G56/><T95/><D95/><U4/><E70/><V54/><F42/><W81/><G82/><T1/><D1/><U103/><E41/><V111/><F111/><W123/><G123/><T12/><D5/><U31/><E4/><V134/><F134/><W114/><G114/><T85/><REACH who="0" step="1"/><D85/><REACH who="0" ten="194,388,79,329" step="2"/><U107/><E107/><V74/><F74/><W69/><G75/><T49/><D49/><U127/><E133/><V110/><F110/><W22/><G72/><T19/><AGARI ba="0,1" hai="12,14,19,21,23,26,27,29,59,60,66,76,77,79" machi="19" ten="30,7900,0" yaku="1,1,0,1,8,1,53,1" doraHai="99" doraHaiUra="55" who="0" fromWho="0" sc="194,89,388,-20,79,-39,329,-20" /><INIT seed="3,0,0,3,4,74" ten="283,368,40,309" oya="3" hai0="26,50,43,46,95,118,29,124,104,3,41,7,106" hai1="59,130,12,91,62,55,84,113,6,75,67,85,108" hai2="69,122,102,71,79,30,119,19,107,103,11,125,15" hai3="129,57,49,40,9,58,31,72,18,87,23,90,35"/><W133/><G72/><T127/><D118/><U38/><E75/><V128/><F119/><W65/><G133/><T73/><D43/><U17/><E108/><V60/><F122/><W123/><G123/><T68/><D68/><U134/><E38/><V88/><F128/><W94/><G129/><T16/><D73/><U22/><E113/><V99/><F125/><W116/><G116/><T39/><D39/><U77/><E134/><V8/><F30/><W111/><G111/><T120/><D120/><U56/><E6/><V25/><F25/><N who="3" m="16831" /><G35/><T14/><D95/><U48/><E77/><V52/><F71/><W37/><G37/><T109/><D109/><U45/><E130/><V86/><F69/><W36/><G36/><T81/><D81/><N who="1" m="49551" /><E85/><V47/><F11/><W83/><G94/><T63/><D63/><U24/><E24/><V131/><F131/><W70/><G70/><T78/><D78/><U1/><E1/><V64/><F64/><W92/><G92/><T105/><D7/><U33/><E33/><V121/><F121/><W66/><G58/><AGARI ba="0,0" hai="12,17,22,45,48,55,56,58,59,62,67" m="49551" machi="58" ten="30,1000,0" yaku="8,1" doraHai="74" who="1" fromWho="3" sc="283,0,368,10,40,0,309,-10" owari="283,-12.0,378,48.0,40,-46.0,299,10.0" /></mjloggm>