<mjloggm ver="2.3"><GO type="41" lobby="0"/><UN n0="%E3%81%B1%E3%82%8B%E3%82%82%E3%82%93" n1="%E3%82%AC%E3%83%9F%E3%83%8D%E3%83%BC" n2="%6D%61%73%69%74%61%6B%65" n3="%E5%B0%B1%E6%B4%BB%E7%94%9F%40%E5%B7%9D%E6%9D%91%E8%BB%8D%E5%9B%A3" dan="13,16,14,15" rate="1822.43,1973.66,2098.51,1962.62" sx="M,M,M,M"/><TAIKYOKU oya="0"/><INIT seed="0,0,0,1,3,36" ten="250,250,250,250" oya="0" hai0="53,93,76,1,71,96,80,19,30,50,0,123,70" hai1="113,28,10,67,11,15,66,57,40,135,24,65,49" hai2="27,59,130,126,119,99,94,88,60,38,4,8,81" hai3="42,128,23,9,13,83,47,34,52,103,72,63,133"/><T79/><D123/><U16/><E135/><V62/><F126/><W32/><G128/><T58/><D30/><U73/><E73/><V21/><F130/><W111/><G111/><T120/><D120/><U134/><E134/><V109/><F109/><W46/><G133/><T124/><D124/><U107/><E107/><V82/><F38/><W121/><G121/><T7/><D79/><U74/><E74/><V75/><F119/><W85/><G72/><T114/><D114/><U56/><E11/><V131/><F131/><W84/><G103/><T55/><D19/><U64/><N who="1" m="16384" /><DORA hai="125" /><U18/><E18/><N who="2" m="12727" /><F75/><W112/><G23/><T115/><D115/><U91/><E91/><V14/><F60/><W132/><G132/><T33/><D33/><U29/><E113/><V118/><F118/><W39/><G85/><T2/><D7/><U48/><E48/><V43/><F43/><W45/><G112/><T87/><REACH who="0" step="1"/><D55/><AGARI ba="0,0" hai="4,8,14,55,59,62,81,82,88,94,99" m="12727" machi="55" ten="30,3900,0" yaku="25,1,8,1,54,1" doraHai="36,125" who="2" fromWho="0" sc="250,-39,250,0,250,39,250,0" /><INIT seed="1,0,0,5,4,115" ten="211,250,289,250" oya="1" hai0="107,135,16,18,96,28,47,38,99,40,52,5,60" hai1="57,122,27,119,76,111,58,32,104,114,74,128,105" hai2="39,50,86,66,14,87,9,102,41,106,120,54,71" hai3="24,101,117,75,126,10,46,80,25,127,67,129,43"/><U94/><E94/><V65/><F120/><W29/><G101/><T8/><D28/><U33/><E27/><V63/><F65/><W79/><G67/><T92/><D135/><U1/><E76/><V108/><F108/><W113/><G113/><T83/><D83/><U109/><E114/><V91/><F102/><W42/><G129/><T15/><D107/><N who="1" m="41035" /><E74/><V62/><F106/><W12/><G43/><T37/><D96/><U93/><E93/><V44/><F63/><W36/><G117/><T4/><D37/><U51/><E51/><V121/><F121/><W35/><REACH who="3" step="1"/><G24/><REACH who="3" ten="211,250,289,240" step="2"/><T11/><D38/><U130/><E122/><V7/><REACH who="2" step="1"/><F91/><REACH who="2" ten="211,250,279,240" step="2"/><W131/><G131/><N who="1" m="50218" /><E119/><V78/><F78/><W72/><G72/><T134/><D40/><U88/><E88/><V77/><F77/><W0/><G0/><T110/><D110/><N who="1" m="41995" /><E1/><V23/><F23/><W97/><G97/><T73/><D99/><U61/><E61/><V103/><F103/><W85/><G85/><T64/><D60/><U56/><AGARI ba="0,2" hai="32,33,56,57,58" m="41995,50218,41035" machi="56" ten="40,12000,1" yaku="28,2,19,1,14,1,10,1" doraHai="115" who="1" fromWho="1" sc="211,-40,250,140,279,-40,240,-40" /><INIT seed="1,1,0,1,1,30" ten="171,390,239,200" oya="1" hai0="130,120,7,113,3,65,122,112,80,40,109,91,72" hai1="57,33,81,106,9,34,13,28,49,93,107,46,16" hai2="31,50,10,23,32,128,59,110,64,1,121,86,19" hai3="99,87,18,37,96,134,103,108,100,48,118,25,84"/><U6/><E57/><V79/><F121/><W22/><G37/><T55/><D65/><U115/><E115/><V60/><F128/><W102/><G118/><T116/><D130/><U20/><E106/><V53/><F110/><W29/><G134/><T132/><D132/><U62/><E62/><V85/><F79/><W4/><G108/><T5/><D109/><U127/><E107/><V78/><F78/><W95/><G4/><T56/><D116/><U47/><E47/><V68/><F32/><W61/><G61/><T35/><D35/><U114/><E81/><V26/><F1/><W82/><G48/><T119/><D119/><U125/><E93/><V94/><F10/><W67/><G67/><T44/><D3/><U123/><E123/><N who="0" m="47145" /><D91/><U101/><E101/><V42/><F31/><W27/><G82/><T14/><D80/><U43/><E114/><V105/><F105/><W90/><REACH who="3" step="1"/><G99/><REACH who="3" ten="171,390,239,190" step="2"/><T66/><D66/><U41/><E6/><V63/><F63/><W2/><G2/><T76/><D113/><U51/><E51/><V12/><F42/><W54/><G54/><T88/><D40/><U111/><E43/><V0/><F0/><W58/><G58/><T124/><D56/><U73/><E111/><V17/><F86/><W129/><G129/><T24/><D112/><U75/><E75/><V104/><F85/><W21/><AGARI ba="1,1" hai="18,21,22,25,27,29,84,87,90,95,96,100,102,103" machi="21" ten="30,7900,0" yaku="1,1,0,1,8,1,53,1" doraHai="30" doraHaiUra="89" who="3" fromWho="3" sc="171,-21,390,-40,239,-21,190,92" /><INIT seed="2,0,0,2,1,97" ten="150,350,218,282" oya="2" hai0="20,78,74,70,108,18,22,82,56,21,125,23,95" hai1="93,72,84,12,42,92,38,1,68,66,112,0,31" hai2="86,135,113,124,62,43,40,51,83,60,98,71,91" hai3="8,105,57,103,134,3,33,107,102,53,73,63,128"/><V45/><F113/><W77/><G33/><T2/><D70/><U28/><E72/><V9/><F135/><W96/><G128/><T126/><D2/><U39/><E12/><V4/><F124/><W100/><G134/><T55/><D108/><U94/><E84/><V120/><F120/><W47/><G96/><T61/><N who="0" m="5120" /><DORA hai="81" /><T59/><D18/><U6/><E6/><V132/><F132/><W69/><G69/><T19/><D19/><U129/><E68/><V111/><F111/><W116/><G116/><T122/><D122/><U27/><E27/><V32/><F32/><W52/><G77/><T7/><D7/><U49/><E66/><V118/><F118/><W29/><G29/><N who="1" m="11338" /><E112/><V89/><F43/><W133/><G133/><T75/><D75/><U117/><E42/><V34/><F34/><W109/><G109/><T79/><D79/><U64/><E1/><V15/><F71/><W11/><G73/><T110/><D110/><U26/><E0/><V119/><F119/><W35/><G35/><T115/><D115/><U85/><E26/><V123/><F123/><W5/><G11/><T48/><REACH who="0" step="1"/><D95/><AGARI ba="0,0" hai="4,9,15,40,45,51,60,62,83,86,89,91,95,98" machi="95" ten="40,3900,0" yaku="8,1,52,1" doraHai="97,81" who="2" fromWho="0" sc="150,-39,350,0,218,39,282,0" /><INIT seed="2,1,0,3,2,76" ten="111,350,257,282" oya="2" hai0="24,14,37,60,86,12,35,49,107,17,63,2,121" hai1="92,77,122,30,68,90,116,28,58,3,8,9,47" hai2="95,133,6,11,80,64,55,108,78,124,54,99,46" hai3="31,39,18,129,81,36,34,25,100,110,50,118,23"/><V97/><F124/><W40/><G110/><T106/><D37/><U104/><E104/><V88/><F108/><W20/><G118/><T113/><D121/><U96/><E68/><V119/><F119/><W61/><G129/><T75/><D75/><U85/><E116/><V128/><F128/><W87/><G100/><T66/><D2/><U103/><E3/><V67/><F99/><W48/><G61/><T71/><D113/><U4/><E77/><V22/><F22/><W93/><G93/><T127/><D127/><U74/><E74/><V79/><F79/><W53/><G48/><T51/><D14/><N who="1" m="5383" /><E58/><V112/><F112/><W52/><G53/><N who="2" m="19977" /><F46/><W26/><G40/><T125/><D125/><U126/><E47/><V21/><F21/><W117/><G117/><T83/><D63/><U29/><E122/><V70/><F70/><W59/><REACH who="3" step="1"/><G34/><REACH who="3" ten="111,350,257,272" step="2"/><T13/><D107/><U10/><E126/><V89/><F67/><W69/><G69/><T101/><D106/><U91/><E103/><N who="2" m="60863" /><F64/><W111/><G111/><T15/><D101/><U94/><AGARI ba="1,1" hai="9,10,28,29,30,85,90,91,92,94,96" m="5383" machi="94" ten="30,1100,0" yaku="8,1" doraHai="76" who="1" fromWho="1" sc="111,-4,350,24,257,-6,272,-4" /><INIT seed="3,0,0,5,0,108" ten="107,374,251,268" oya="3" hai0="70,21,5,17,102,94,23,135,33,2,71,113,45" hai1="43,18,76,73,37,64,50,41,54,32,68,105,66" hai2="29,77,82,101,124,78,129,52,131,51,110,44,19" hai3="35,106,4,38,84,130,112,79,81,48,60,107,117"/><W8/><G38/><T72/><D33/><U104/><E32/><V96/><F110/><W69/><G117/><T115/><D72/><U125/><E73/><V97/><F124/><W24/><G130/><N who="2" m="49673" /><F29/><W120/><G120/><T93/><D45/><U99/><E76/><N who="2" m="29291" /><F82/><W40/><G69/><N who="0" m="26123" /><D135/><U119/><E99/><N who="2" m="37963" /><F19/><W36/><G36/><T122/><D122/><U26/><E18/><V127/><F127/><W12/><G60/><T62/><D62/><U83/><E83/><V118/><F101/><W25/><G107/><T15/><D102/><U0/><E105/><V67/><F67/><W39/><G106/><T132/><D21/><U95/><E66/><V6/><F6/><W111/><G39/><T128/><D128/><U63/><E64/><V134/><F134/><W30/><G111/><T7/><D132/><U87/><E104/><V121/><F121/><W56/><G25/><T109/><D109/><U123/><E26/><V65/><F65/><W85/><G85/><T133/><D133/><U57/><E68/><V74/><F74/><W13/><G13/><T20/><D20/><U58/><E125/><V1/><F118/><W88/><G79/><T22/><D22/><U47/><E37/><V27/><F27/><W53/><REACH who="3" step="1"/><G40/><REACH who="3" ten="107,374,251,258" step="2"/><T86/><D2/><AGARI ba="0,1" hai="1,2,44,51,52" m="37963,29291,49673" machi="2" ten="30,2000,0" yaku="19,1,54,1" doraHai="108" who="2" fromWho="0" sc="107,-20,374,0,251,30,258,0" /><INIT seed="4,0,0,4,3,48" ten="87,374,281,258" oya="0" hai0="8,6,65,4,108,77,2,69,58,33,20,67,11" hai1="50,16,3,23,82,52,56,88,133,92,14,39,99" hai2="35,0,72,125,104,70,63,114,30,128,86,29,87" hai3="1,73,55,132,118,43,76,119,78,24,79,109,18"/><T37/><D69/><U134/><E39/><V84/><F104/><W115/><G73/><T42/><D33/><U15/><E82/><V107/><F72/><W97/><G1/><T83/><D108/><U91/><E3/><V22/><F0/><W106/><G109/><T26/><D58/><U13/><REACH who="1" step="1"/><E91/><REACH who="1" ten="87,364,281,258" step="2"/><V45/><F128/><W117/><G132/><AGARI ba="0,1" hai="13,14,15,16,23,50,52,56,88,92,99,132,133,134" machi="132" ten="40,12000,2" yaku="1,1,2,1,20,1,52,1,54,3,53,0" doraHai="48" doraHaiUra="31" who="1" fromWho="3" sc="87,0,364,130,281,0,258,-120" /><INIT seed="5,0,0,4,0,68" ten="87,494,281,138" oya="1" hai0="10,49,13,89,41,115,30,54,51,34,63,103,39" hai1="112,128,16,26,55,58,81,2,74,36,83,91,32" hai2="11,113,104,78,130,76,93,84,53,5,15,75,73" hai3="48,116,71,99,109,101,108,80,62,31,120,6,133"/><U87/><E36/><V66/><F104/><W12/><G120/><T22/><D34/><U47/><E2/><V67/><F130/><W25/><G116/><T121/><D121/><U123/><E47/><V57/><F113/><W124/><G133/><T134/><D134/><U23/><E123/><V27/><F75/><W119/><G124/><T98/><D115/><U135/><E135/><V110/><F73/><W44/><G119/><T127/><D127/><U85/><E74/><V114/><F114/><W95/><G12/><T100/><D39/><U56/><E112/><V79/><F110/><W106/><G6/><T29/><D41/><U82/><E32/><V14/><F27/><W24/><G24/><N who="0" m="16535" /><D63/><N who="1" m="36255" /><E128/><V107/><F15/><W118/><G118/><T21/><D30/><U40/><E40/><V19/><F5/><W43/><G71/><T117/><D51/><U61/><E87/><V28/><F28/><W131/><G131/><T96/><D21/><U86/><E86/><V50/><F107/><W1/><G1/><T129/><D129/><U77/><E91/><AGARI ba="0,0" hai="11,14,19,50,53,57,66,67,76,78,79,84,91,93" machi="91" ten="40,1300,0" yaku="8,1" doraHai="68" who="2" fromWho="1" sc="87,0,494,-13,281,13,138,0" /><INIT seed="6,0,0,5,5,20" ten="87,481,294,138" oya="2" hai0="26,13,125,21,53,83,90,47,19,71,111,103,25" hai1="134,4,10,56,64,101,92,1,131,74,108,95,72" hai2="88,113,45,50,36,67,18,54,14,96,41,12,23" hai3="55,110,117,73,75,70,34,129,32,48,51,65,106"/><V114/><F67/><W42/><G117/><T97/><D71/><U44/><E108/><V107/><F14/><W86/><G110/><T22/><D111/><U28/><E28/><V61/><F61/><W82/><G129/><T2/><D2/><U17/><E44/><V123/><F123/><W99/><G42/><T11/><D125/><U135/><E17/><V126/><F126/><W100/><G65/><T8/><D8/><U30/><E30/><V85/><F96/><W49/><G70/><T87/><D22/><U116/><E116/><V59/><REACH who="2" step="1"/><F107/><REACH who="2" ten="87,481,284,138" step="2"/><W57/><G75/><T66/><D66/><U133/><E74/><V127/><F127/><W15/><G15/><T132/><D132/><U60/><E72/><V81/><AGARI ba="0,1" hai="12,18,23,36,41,45,50,54,59,81,85,88,113,114" machi="81" ten="30,6000,0" yaku="1,1,0,1,54,1,53,0" doraHai="20" doraHaiUra="102" who="2" fromWho="2" sc="87,-20,481,-20,284,70,138,-20" /><INIT seed="6,1,0,4,3,109" ten="67,461,354,118" oya="2" hai0="65,122,47,0,57,112,43,8,71,133,127,54,94" hai1="61,115,5,105,119,73,128,63,44,98,16,103,11" hai2="124,129,96,22,113,17,6,34,62,135,131,23,37" hai3="85,120,32,125,31,114,33,111,70,110,9,35,36"/><V19/><F37/><W78/><G70/><T38/><D122/><U117/><E73/><V59/><F34/><W88/><G36/><T104/><D104/><U83/><E83/><V91/><F6/><W50/><G120/><T53/><D0/><U130/><E115/><V64/><F113/><W82/><G125/><T90/><D112/><U134/><E44/><V81/><F124/><W93/><G114/><T30/><D127/><U26/><E134/><V87/><F135/><W28/><G9/><T77/><D133/><U15/><E26/><V92/><F23/><W24/><G50/><T20/><D8/><U25/><E25/><V132/><F132/><W39/><G39/><T10/><D10/><U51/><E51/><V41/><F41/><W97/><REACH who="3" step="1"/><G31/><REACH who="3" ten="67,461,354,108" step="2"/><T99/><D71/><U1/><E119/><V55/><F64/><W86/><G86/><T80/><D65/><U4/><E117/><V58/><F58/><W72/><G72/><T75/><D57/><U121/><E121/><V101/><REACH who="2" step="1"/><F19/><REACH who="2" ten="67,461,344,108" step="2"/><W89/><G89/><T49/><D38/><U2/><E5/><V74/><F74/><W107/><G107/><T13/><REACH who="0" step="1"/><D30/><REACH who="0" ten="57,461,344,108" step="2"/><U123/><E123/><V95/><F95/><W27/><G27/><AGARI ba="1,3" hai="17,22,27,55,59,62,81,87,91,92,96,101,129,131" machi="27" ten="40,2000,0" yaku="1,1,53,0" doraHai="109" doraHaiUra="60" who="2" fromWho="3" sc="57,0,461,0,344,53,108,-23" /><INIT seed="6,2,0,2,2,19" ten="57,461,397,85" oya="2" hai0="98,33,80,3,58,86,127,82,125,105,16,40,4" hai1="59,50,97,30,110,124,44,54,76,88,45,115,43" hai2="104,61,71,49,81,14,1,10,64,2,63,67,120" hai3="87,7,62,131,42,90,68,23,9,84,128,102,130"/><V8/><F104/><W36/><G102/><T75/><D33/><U0/><E0/><V123/><F81/><W89/><G68/><T60/><D40/><U70/><E70/><V85/><F85/><N who="3" m="32843" /><G62/><T52/><D75/><U99/><E110/><V112/><F112/><W93/><G93/><T15/><D4/><U48/><E115/><V73/><F49/><W22/><G42/><T69/><D3/><U35/><E76/><V6/><F73/><W101/><G101/><N who="0" m="62647" /><D69/><U106/><E124/><N who="0" m="47689" /><D86/><U56/><E106/><V114/><F114/><W74/><G74/><T18/><D18/><U13/><E13/><V29/><F29/><W5/><G36/><T116/><D116/><U12/><E12/><V122/><REACH who="2" step="1"/><F8/><AGARI ba="2,0" hai="8,15,16,52,58,60,80,82" m="47689,62647" machi="8" ten="30,3900,0" yaku="18,1,54,2" doraHai="19" who="0" fromWho="2" sc="57,45,461,0,397,-45,85,0" /><INIT seed="7,0,0,2,2,57" ten="102,461,352,85" oya="3" hai0="79,53,21,38,68,13,92,83,134,133,124,119,87" hai1="69,64,118,45,49,33,98,61,73,0,110,43,125" hai2="97,78,96,116,52,84,11,6,32,135,66,1,34" hai3="121,39,35,59,44,71,112,123,94,129,90,55,50"/><W89/><G35/><T88/><D119/><U62/><E0/><V86/><F116/><W16/><G71/><T23/><D68/><U24/><E73/><V114/><F66/><W126/><G126/><T10/><D124/><U132/><E125/><V20/><F135/><N who="0" m="51722" /><D53/><U106/><E62/><V31/><F114/><W56/><G129/><T104/><D104/><U28/><E132/><V117/><F117/><W37/><G112/><T76/><D38/><U54/><E118/><V4/><F20/><N who="0" m="7754" /><D83/><U115/><E115/><V102/><F78/><W9/><G123/><T30/><D30/><U131/><E131/><V93/><F6/><AGARI ba="0,0" hai="6,10,13,76,79,87,88,92" m="7754,51722" machi="6" ten="30,2000,0" yaku="20,1,54,1" doraHai="57" who="0" fromWho="2" sc="102,20,461,0,352,-20,85,0" owari="122,-28.0,461,56.0,332,13.0,85,-41.0" /></mjloggm>