<mjloggm ver="2.3"><GO type="97" lobby="0"/><UN n0="%E5%B0%B1%E6%B4%BB%E7%94%9F%40%E5%B7%9D%E6%9D%91%E8%BB%8D%E5%9B%A3" n1="%E3%83%97%E3%83%AD%E3%83%96%E3%83%AD%E3%82%AC%E3%83%BC%EF%BC%A0%E9%B7%B9" n2="%54%40%4B%79%6F%79%61" n3="%E3%81%86%E3%81%9F%E3%81%B2%E3%82%81" dan="15,15,14,14" rate="1959.39,1962.29,1963.42,1888.70" sx="M,M,M,M"/><TAIKYOKU oya="0"/><INIT seed="0,0,0,5,5,7" ten="250,250,250,250" oya="0" hai0="59,13,98,19,35,79,110,8,121,69,11,6,90" hai1="70,107,132,55,82,43,41,33,125,1,25,130,47" hai2="119,50,26,0,32,97,18,30,44,88,15,31,76" hai3="37,91,62,17,122,64,124,68,126,39,113,128,5"/><T16/><D69/><U112/><E107/><V2/><F119/><W104/><G113/><T116/><D121/><U21/><E112/><V134/><F31/><W81/><G104/><T71/><D116/><U72/><E33/><V131/><F76/><W12/><G5/><T108/><D71/><U74/><E70/><V87/><F97/><W86/><G122/><T73/><D35/><U99/><E1/><V94/><F134/><W75/><G75/><T49/><D79/><U24/><E132/><V84/><F84/><W96/><G96/><T83/><D73/><U117/><E99/><V3/><F131/><W118/><G128/><T102/><D83/><U46/><E82/><V123/><F123/><W106/><G106/><N who="0" m="63831" /><D90/><U95/><E95/><V53/><REACH who="2" step="1"/><F2/><REACH who="2" ten="250,250,240,250" step="2"/><W57/><G118/><T14/><D59/><U48/><E130/><V85/><F85/><W80/><G68/><T92/><D92/><U34/><E117/><V28/><F28/><W111/><G81/><T109/><D49/><U93/><E48/><V51/><F51/><W58/><G58/><T120/><D120/><U60/><E72/><V20/><AGARI ba="0,1" hai="0,3,15,18,20,26,30,32,44,50,53,87,88,94" machi="20" ten="20,5200,0" yaku="1,1,0,1,7,1,54,1,53,0" doraHai="7" doraHaiUra="61" who="2" fromWho="2" sc="250,-26,250,-13,240,62,250,-13" /><INIT seed="1,0,0,1,1,114" ten="224,237,302,237" oya="1" hai0="58,43,132,30,80,90,99,100,8,57,31,25,13" hai1="76,9,42,60,37,133,65,29,127,125,86,101,135" hai2="6,89,21,130,104,81,51,129,70,64,79,87,112" hai3="128,53,56,49,123,0,24,111,50,22,55,110,83"/><U36/><E29/><V62/><F112/><W126/><G123/><T20/><D132/><N who="1" m="50763" /><E101/><V19/><F104/><W27/><G0/><T93/><D43/><U124/><E9/><V5/><F51/><W98/><G128/><N who="2" m="49257" /><F79/><W32/><G32/><T122/><D122/><U68/><E86/><V59/><F70/><W95/><G83/><T120/><D120/><U73/><E76/><V63/><F63/><W2/><G2/><T82/><D31/><U131/><E73/><V74/><F74/><W54/><G126/><T15/><D15/><AGARI ba="0,0" hai="5,6,15,19,21,59,62,64,81,87,89" m="49257" machi="15" ten="30,1000,0" yaku="19,1" doraHai="114" who="2" fromWho="0" sc="224,-10,237,0,302,10,237,0" /><INIT seed="2,0,0,4,5,112" ten="214,237,312,237" oya="2" hai0="55,9,109,85,124,60,40,50,54,53,114,64,7" hai1="135,67,127,26,79,131,6,86,129,100,24,70,87" hai2="5,20,47,115,35,125,93,120,43,111,84,51,113" hai3="49,88,34,104,99,74,110,108,71,96,57,119,62"/><V2/><F120/><W121/><G74/><T89/><D114/><U22/><E6/><V18/><F35/><W36/><G36/><T117/><D124/><U69/><E100/><V95/><F125/><W97/><G34/><T61/><D109/><N who="3" m="42089" /><G121/><T66/><D117/><U0/><E0/><V82/><F111/><W73/><G73/><T44/><D64/><U56/><E127/><V21/><F115/><W106/><G71/><T98/><D98/><U134/><E67/><V8/><F113/><W46/><G119/><T133/><D133/><U83/><E56/><V101/><F101/><W118/><G118/><T78/><D66/><U1/><E1/><V132/><F132/><W107/><G57/><T122/><D122/><U80/><E22/><V12/><F21/><W76/><G76/><AGARI ba="0,0" hai="24,26,69,70,76,79,80,83,86,87,129,131,134,135" machi="76" ten="25,1600,0" yaku="22,2" doraHai="112" who="1" fromWho="3" sc="214,0,237,16,312,0,237,-16" /><AGARI ba="0,0" hai="2,5,8,12,18,20,43,47,51,76,82,84,93,95" machi="76" ten="30,1500,0" yaku="7,1" doraHai="112" who="2" fromWho="3" sc="214,0,253,0,312,15,221,-15" /><INIT seed="2,1,0,3,4,104" ten="214,253,327,206" oya="2" hai0="130,46,27,24,0,72,106,102,69,25,52,49,4" hai1="47,60,43,53,34,110,44,79,19,75,2,35,20" hai2="121,133,109,26,81,65,94,90,108,17,31,18,77" hai3="78,61,76,98,57,122,7,37,124,100,54,113,42"/><V114/><F114/><W33/><G33/><T115/><D115/><U56/><E2/><V116/><F65/><W30/><G30/><T22/><D69/><U55/><E110/><N who="2" m="42603" /><F121/><W123/><G113/><T96/><D130/><U101/><E101/><V82/><F116/><W128/><G128/><T93/><D106/><U89/><E53/><V103/><F103/><W119/><G119/><T1/><D4/><U11/><E11/><V125/><F82/><W62/><G7/><T23/><REACH who="0" step="1"/><D72/><REACH who="0" ten="204,253,327,206" step="2"/><U21/><E75/><N who="2" m="43199" /><F133/><W38/><G123/><T107/><D107/><U12/><E35/><N who="2" m="20983" /><F125/><W68/><G124/><T95/><D95/><U48/><E34/><V85/><AGARI ba="1,1" hai="17,18,85,90,94" m="20983,43199,42603" machi="85" ten="30,6000,0" yaku="14,1,10,1,52,1" doraHai="104" who="2" fromWho="2" sc="204,-21,253,-21,327,73,206,-21" /><INIT seed="2,2,0,2,5,81" ten="183,232,400,185" oya="2" hai0="40,19,129,49,66,7,87,92,93,119,45,32,26" hai1="126,62,37,57,1,69,112,18,5,84,122,60,91" hai2="8,64,86,133,103,33,97,9,99,120,76,95,71" hai3="13,74,89,125,118,16,72,53,96,78,22,117,44"/><V104/><F120/><W4/><G125/><T52/><D119/><U131/><E37/><V11/><F33/><W47/><G74/><T121/><D121/><U83/><E112/><V135/><F71/><W77/><G118/><T27/><D129/><U39/><E122/><V134/><F64/><W10/><G72/><T111/><D111/><U43/><E39/><V82/><REACH who="2" step="1"/><F99/><REACH who="2" ten="183,232,390,185" step="2"/><W12/><G117/><T109/><D32/><U58/><E131/><V3/><F3/><W55/><G96/><T38/><D109/><U75/><E69/><V61/><F61/><W102/><G102/><T48/><D66/><U25/><E62/><V34/><F34/><W90/><G55/><T79/><D38/><U100/><E60/><V41/><F41/><W70/><G70/><T116/><D116/><U51/><E43/><V24/><F24/><N who="0" m="9258" /><D19/><U2/><E18/><V20/><F20/><W23/><G22/><T6/><D6/><U15/><E5/><V124/><F124/><W85/><G53/><T114/><D7/><U108/><E25/><V46/><F46/><N who="3" m="17451" /><G90/><T101/><D114/><U123/><E100/><V36/><F36/><W68/><G68/><T63/><D101/><U28/><E126/><V130/><F130/><W73/><G73/><T54/><D63/><U31/><E75/><V0/><F0/><W115/><G115/><T65/><D65/><U17/><E1/><V106/><AGARI ba="2,1" hai="8,9,11,76,82,86,95,97,103,104,106,133,134,135" machi="106" ten="40,12000,1" yaku="1,1,0,1,20,1,52,1,53,1" doraHai="81" doraHaiUra="98" who="2" fromWho="2" sc="183,-42,232,-42,390,136,185,-42" /><INIT seed="2,3,0,0,3,95" ten="141,190,526,143" oya="2" hai0="96,102,15,27,36,38,100,81,123,67,10,89,88" hai1="129,131,98,85,41,18,116,117,64,23,74,133,130" hai2="111,24,50,51,45,16,54,5,13,134,72,53,14" hai3="59,101,47,40,77,43,120,132,91,121,66,12,73"/><V21/><F72/><W93/><G101/><N who="0" m="39019" /><D36/><U1/><E1/><V107/><F107/><W65/><G132/><T86/><D38/><U80/><E64/><V8/><F134/><W125/><G125/><T17/><D123/><U97/><E41/><V76/><F111/><W26/><G26/><T46/><D67/><N who="3" m="25609" /><G73/><T25/><D46/><U63/><E63/><V126/><F126/><W2/><G2/><T62/><D62/><U29/><E29/><V68/><F68/><W30/><G30/><T122/><D122/><U94/><E133/><V135/><F135/><W32/><G32/><T33/><D33/><U108/><E108/><V44/><F76/><W19/><G77/><T11/><D11/><U34/><E34/><V0/><AGARI ba="3,0" hai="0,5,8,13,14,16,21,24,44,45,50,51,53,54" machi="0" ten="20,7800,0" yaku="0,1,7,1,9,1,54,1" doraHai="95" who="2" fromWho="2" sc="141,-29,190,-29,526,87,143,-29" /><INIT seed="2,4,0,2,1,72" ten="112,161,613,114" oya="2" hai0="42,82,85,97,81,121,13,11,73,46,107,57,131" hai1="112,35,98,17,95,111,68,125,21,129,61,53,120" hai2="1,110,41,54,88,0,80,43,133,23,79,50,7" hai3="32,62,25,22,48,74,130,104,51,83,2,115,103"/><V30/><F133/><W113/><G2/><T114/><D121/><U24/><E35/><V65/><F65/><W33/><G130/><T75/><D114/><N who="3" m="43529" /><G62/><T38/><D131/><U123/><E112/><V117/><F117/><W12/><G12/><T76/><D57/><U86/><E129/><V132/><F132/><W126/><G126/><T9/><D9/><U63/><E86/><V128/><F128/><W122/><G103/><T19/><REACH who="0" step="1"/><D81/><REACH who="0" ten="102,161,613,114" step="2"/><U34/><E125/><V127/><F80/><W20/><G122/><T78/><D78/><U93/><E123/><V36/><F79/><N who="3" m="44535" /><G104/><T6/><D6/><U26/><E120/><V64/><F7/><W49/><G25/><T69/><D69/><U44/><E68/><V89/><F127/><W3/><G3/><T28/><D28/><U5/><E5/><V106/><F30/><W56/><G56/><T84/><D84/><U99/><E26/><V109/><F106/><W4/><G4/><T59/><D59/><U135/><E135/><V70/><F70/><W94/><G94/><T52/><D52/><U118/><E95/><V116/><F54/><W71/><G71/><T39/><D39/><U100/><E93/><V134/><F134/><W31/><G31/><T101/><AGARI ba="4,1" hai="11,13,19,38,42,46,73,75,76,82,85,97,101,107" machi="101" ten="30,4000,0" yaku="1,1,0,1,52,1,53,0" doraHai="72" doraHaiUra="66" who="0" fromWho="0" sc="102,62,161,-14,613,-24,114,-14" /><INIT seed="3,0,0,3,5,77" ten="164,147,589,100" oya="3" hai0="31,78,104,17,22,39,35,0,72,79,120,40,27" hai1="34,116,64,123,53,15,133,121,25,67,135,60,13" hai2="32,96,23,52,69,37,62,128,26,88,63,3,94" hai3="127,117,98,129,103,107,93,110,42,82,100,61,115"/><W56/><G117/><T46/><D120/><U126/><E116/><V85/><F128/><W74/><G115/><T75/><D104/><U91/><E126/><V109/><F109/><W87/><G42/><T20/><D0/><U29/><E53/><V73/><F73/><W92/><G110/><T12/><REACH who="0" step="1"/><D20/><REACH who="0" ten="154,147,589,100" step="2"/><U84/><E123/><V71/><F3/><W2/><G2/><T50/><D50/><U28/><E121/><V105/><F37/><W5/><G5/><T132/><D132/><N who="1" m="50763" /><E29/><V43/><F32/><W66/><G129/><T11/><D11/><U4/><E4/><V33/><F33/><W108/><G108/><T102/><D102/><U134/><E134/><V41/><F63/><W113/><G113/><T38/><D38/><U19/><E19/><V114/><F114/><W49/><G127/><T119/><D119/><U44/><E44/><V58/><F71/><W9/><G9/><T83/><D83/><N who="1" m="49567" /><E67/><V81/><F105/><W118/><G118/><T131/><D131/><U70/><AGARI ba="0,1" hai="13,15,25,28,34,60,64,70" m="49567,50763" machi="70" ten="30,2000,0" yaku="20,1,52,1" doraHai="77" who="1" fromWho="1" sc="154,-5,147,30,589,-5,100,-10" owari="149,-25.0,177,-2.0,584,68.0,90,-41.0" /></mjloggm>