<mjloggm ver="2.3"><GO type="225" lobby="0"/><UN n0="%E8%A6%AA%E6%8C%87%EF%BC%88%E5%A4%A7%EF%BC%89" n1="%E3%81%8D%E3%81%A6%E3%81%83%E2%98%86%E3%81%B1%E3%81%84" n2="%E9%A3%9B%E3%81%B3%E3%82%B7%E3%83%A3%E3%83%81" n3="%E3%83%88%E3%83%88%E3%83%AA%E5%85%88%E7%94%9F%31%39%E6%AD%B3" dan="16,16,16,18" rate="2082.75,2102.22,2096.55,2284.58" sx="M,F,F,F"/><TAIKYOKU oya="0"/><INIT seed="0,0,0,4,3,28" ten="250,250,250,250" oya="0" hai0="62,128,74,100,24,72,69,131,118,29,120,51,45" hai1="63,135,68,86,84,110,50,21,61,78,3,8,70" hai2="41,99,89,5,96,87,108,32,22,91,40,47,17" hai3="67,25,106,122,12,114,38,101,132,104,127,30,15"/><T123/><D118/><U26/><E135/><V35/><F5/><W9/><G114/><T44/><D100/><U2/><E110/><V27/><F108/><W107/><G38/><T19/><D19/><U133/><E133/><V129/><F129/><N who="0" m="49738" /><D62/><N who="1" m="23563" /><E50/><V64/><F64/><W116/><G116/><T125/><D69/><N who="1" m="26731" /><E8/><V53/><F89/><W134/><G67/><T59/><D59/><U6/><E26/><V126/><F99/><W103/><G132/><T111/><D111/><U16/><E21/><V90/><F96/><W10/><G134/><T79/><D125/><U23/><E23/><V77/><F126/><W52/><G127/><T37/><D37/><U39/><E39/><V56/><F91/><W130/><G130/><T80/><D74/><U105/><E6/><V98/><F98/><W115/><G101/><T119/><D119/><U4/><E4/><V121/><F77/><W54/><G103/><T124/><D124/><U97/><E97/><V65/><F65/><W14/><G115/><T94/><D94/><U93/><E93/><V36/><F41/><W75/><G75/><T102/><D102/><U11/><E105/><V85/><F85/><N who="1" m="32873" /><E78/><V66/><F66/><W20/><G104/><T33/><D45/><U83/><E83/><V34/><F87/><W43/><G107/><T117/><D117/><U60/><N who="1" m="23571" /><U48/><DORA hai="31" /><E48/><N who="2" m="30759" /><F90/><W58/><G106/><T49/><D49/><U76/><E76/><V0/><F0/><N who="1" m="41" /><E11/><N who="3" m="4106" /><G43/><AGARI ba="0,0" hai="24,29,33,43,44,51,72,79,80,120,123" m="49738" machi="43" ten="30,5800,0" yaku="19,1,52,2" doraHai="28,31" who="0" fromWho="3" sc="250,58,250,0,250,0,250,-58" /><INIT seed="0,1,0,2,3,99" ten="308,250,250,192" oya="0" hai0="131,75,127,31,27,22,26,72,126,23,14,69,50" hai1="67,100,63,78,43,123,112,114,47,103,93,17,7" hai2="116,134,84,65,35,83,94,97,37,132,88,128,74" hai3="39,48,122,52,15,5,109,29,25,96,19,90,71"/><T86/><D69/><U59/><E7/><V6/><F35/><W58/><G71/><T118/><D118/><U2/><E2/><V24/><F24/><W77/><G39/><T42/><D131/><U9/><E123/><V130/><F37/><W135/><G122/><T51/><D14/><N who="1" m="7375" /><E93/><V12/><F65/><W80/><G109/><T85/><REACH who="0" step="1"/><D42/><REACH who="0" ten="298,250,250,192" step="2"/><U121/><E121/><V32/><F116/><W82/><G15/><T79/><D79/><U41/><E78/><V49/><F128/><W108/><G77/><T102/><D102/><N who="1" m="38955" /><E47/><V8/><F130/><W53/><G90/><T91/><D91/><U61/><E61/><V125/><F88/><W73/><G108/><T120/><D120/><U44/><E44/><V57/><F74/><W119/><G73/><T28/><AGARI ba="1,1" hai="22,23,26,27,28,31,50,51,72,75,85,86,126,127" machi="28" ten="25,9600,0" yaku="1,1,0,1,22,2,53,0" doraHai="99" doraHaiUra="124" who="0" fromWho="0" sc="298,109,250,-33,250,-33,192,-33" /><INIT seed="0,2,0,2,2,117" ten="407,217,217,159" oya="0" hai0="19,129,20,48,39,131,135,93,98,103,99,106,25" hai1="57,79,118,52,134,125,110,123,31,12,6,24,13" hai2="76,68,42,75,34,74,87,55,124,66,121,17,73" hai3="35,36,90,41,11,58,2,62,44,29,111,0,43"/><T21/><D39/><U38/><E118/><V104/><F104/><W49/><G111/><T1/><D1/><U126/><E38/><V100/><F34/><W18/><G43/><T84/><D135/><U77/><E110/><V95/><F42/><W80/><G36/><T105/><D84/><U88/><E134/><V97/><F124/><N who="1" m="47721" /><E123/><V47/><F121/><W22/><G11/><T61/><D48/><N who="1" m="30855" /><E6/><V54/><F87/><W69/><G69/><T130/><D61/><U108/><E108/><V28/><F76/><N who="1" m="29257" /><E88/><V50/><F68/><W109/><G90/><T40/><D40/><U32/><AGARI ba="2,0" hai="12,13,24,31,32" m="29257,30855,47721" machi="32" ten="30,2000,0" yaku="18,1,54,1" doraHai="117" who="1" fromWho="1" sc="407,-12,217,26,217,-7,159,-7" /><INIT seed="1,0,0,1,2,105" ten="395,243,210,152" oya="1" hai0="109,92,29,16,7,74,38,85,97,14,82,4,54" hai1="94,36,40,132,114,127,125,18,102,108,42,53,73" hai2="75,21,0,25,1,116,103,33,86,31,81,63,26" hai3="28,66,106,90,47,126,34,115,112,37,84,9,123"/><U113/><E36/><V11/><F116/><W30/><G123/><T19/><D109/><U88/><E102/><V35/><F103/><W111/><G106/><T117/><D117/><U43/><E18/><V68/><F75/><W20/><G111/><T32/><D38/><U99/><E108/><V13/><F63/><W3/><G34/><T76/><D85/><U12/><E12/><V89/><F68/><W118/><G118/><T91/><D19/><U57/><E73/><V107/><F107/><W80/><G126/><N who="1" m="48138" /><E132/><V70/><F70/><W122/><G122/><T2/><D2/><U8/><E8/><V22/><F81/><W130/><G130/><T6/><D54/><U51/><AGARI ba="0,0" hai="40,42,43,51,53,57,88,94,99,113,114" m="48138" machi="51" ten="30,3000,0" yaku="18,1,54,1" doraHai="105" who="1" fromWho="1" sc="395,-10,243,30,210,-10,152,-10" /><INIT seed="1,1,0,0,5,6" ten="385,273,200,142" oya="1" hai0="4,50,118,41,124,134,121,81,36,33,63,104,109" hai1="29,46,78,5,82,61,92,44,126,51,11,127,83" hai2="10,132,17,21,35,122,77,60,8,7,67,25,27" hai3="15,108,96,12,95,26,52,114,73,100,54,53,69"/><U22/><E61/><V130/><F122/><W123/><G123/><T13/><D104/><U74/><E92/><V94/><F77/><W70/><G114/><T18/><D33/><U3/><E83/><V106/><F7/><W116/><G73/><T49/><D36/><U55/><E29/><V62/><F132/><W105/><G108/><T75/><D118/><U40/><REACH who="1" step="1"/><E22/><REACH who="1" ten="385,263,200,142" step="2"/><V23/><F35/><W43/><G116/><T37/><D81/><U16/><E16/><V99/><F106/><W107/><G107/><T32/><D63/><U80/><E80/><V115/><F115/><W42/><G105/><T90/><D18/><U97/><E97/><V88/><F130/><W131/><G131/><T58/><D121/><U71/><E71/><V112/><F112/><W103/><G69/><T28/><D28/><U128/><E128/><V76/><F62/><W129/><G70/><T30/><D30/><U9/><E9/><V65/><F76/><W24/><G129/><T91/><D32/><U120/><E120/><V31/><F60/><W85/><G103/><T98/><D98/><U0/><E0/><V119/><F119/><W72/><G72/><T86/><D75/><U79/><E79/><V68/><F68/><W66/><G85/><T110/><D86/><U34/><E34/><V125/><F125/><W39/><G66/><AGARI ba="1,1" hai="8,10,17,21,23,25,27,31,65,66,67,88,94,99" machi="66" ten="40,8000,1" yaku="8,1,52,2,54,1" doraHai="6" who="2" fromWho="3" sc="385,0,263,0,200,93,142,-83" /><INIT seed="2,0,0,5,1,23" ten="385,263,293,59" oya="2" hai0="64,38,109,81,75,72,123,120,24,112,61,57,21" hai1="28,103,101,26,55,56,121,29,14,31,41,88,86" hai2="16,73,130,113,122,124,116,105,95,65,128,58,129" hai3="126,102,108,25,127,66,48,36,18,92,98,19,51"/><V117/><F73/><W83/><G36/><T68/><D112/><U50/><E121/><V13/><F105/><W10/><G108/><T42/><D109/><U12/><E41/><V71/><F71/><W135/><G135/><T69/><D69/><U85/><E85/><V0/><F0/><W111/><G111/><T84/><D68/><U87/><E87/><V7/><F7/><W90/><G66/><T59/><D59/><U133/><E133/><V30/><F30/><N who="1" m="11881" /><E103/><V34/><F34/><W96/><G83/><T45/><D75/><U4/><E101/><V106/><F106/><W52/><G51/><T70/><D72/><U77/><E77/><V104/><F104/><W82/><G82/><T62/><D62/><U22/><E4/><V119/><F113/><W67/><G67/><T91/><D70/><U53/><E53/><V17/><F122/><W35/><G10/><T32/><D32/><U8/><E8/><N who="2" m="6183" /><F124/><N who="3" m="47659" /><G98/><T110/><D110/><U97/><E97/><V100/><F17/><AGARI ba="0,0" hai="17,21,24,38,42,45,57,61,64,81,84,91,120,123" machi="17" ten="30,2000,0" yaku="7,1,52,1" doraHai="23" who="0" fromWho="2" sc="385,20,263,0,293,-20,59,0" /><INIT seed="3,0,0,1,0,125" ten="405,263,273,59" oya="3" hai0="108,80,44,93,92,123,31,76,97,2,61,110,25" hai1="99,91,127,89,90,106,6,105,122,19,48,71,134" hai2="50,114,5,42,10,58,60,40,47,29,56,13,132" hai3="128,41,115,39,83,37,131,98,101,52,75,12,32"/><W77/><G115/><T87/><D123/><U54/><E71/><V45/><F114/><W22/><G32/><T111/><D2/><U38/><E38/><V96/><F132/><W67/><G67/><T21/><D97/><U24/><E122/><V129/><F129/><N who="3" m="49739" /><G41/><T7/><D7/><U100/><E127/><V49/><F29/><W17/><G52/><T119/><D119/><U43/><E43/><V118/><F118/><W74/><G74/><T33/><D44/><U46/><E134/><V36/><F96/><W51/><G51/><T121/><D121/><U20/><REACH who="1" step="1"/><E6/><REACH who="1" ten="405,253,273,59" step="2"/><V112/><F36/><W78/><G78/><T94/><D111/><U116/><E116/><V124/><F124/><W117/><G117/><T66/><D110/><U102/><E102/><V57/><F112/><W133/><G133/><T65/><D108/><U109/><E109/><V82/><F82/><W14/><G14/><T26/><D80/><U72/><E72/><V1/><F1/><W30/><G30/><T8/><D76/><U18/><E18/><V27/><F27/><W135/><G135/><T84/><D26/><U95/><AGARI ba="0,1" hai="19,20,24,46,48,54,89,90,91,95,99,100,105,106" machi="95" ten="30,2000,0" yaku="1,1,0,1,53,0" doraHai="125" doraHaiUra="35" who="1" fromWho="1" sc="405,-5,253,30,273,-5,59,-10" owari="400,50.0,283,8.0,268,-13.0,49,-45.0" /></mjloggm>