<mjloggm ver="2.3"><GO type="169" lobby="0"/><UN n0="%41%79%6F%75%46" n1="%E3%81%86%E3%82%89%E3%81%97%E3%81%92%E3%82%8B" n2="%E3%82%A6%E3%83%AB%E3%83%88%E3%83%A9%E7%AB%8B%E7%9B%B4" n3="%E3%83%A0%E3%83%A1%E3%82%A4" dan="18,16,17,16" rate="2190.67,2059.39,2162.10,2064.60" sx="M,M,M,M"/><TAIKYOKU oya="0"/><INIT seed="0,0,0,3,4,125" ten="250,250,250,250" oya="0" hai0="72,6,78,85,35,63,86,8,42,69,62,124,36" hai1="54,90,38,15,130,61,22,127,96,74,0,93,1" hai2="23,100,106,55,129,40,97,64,16,47,120,46,45" hai3="25,111,27,71,57,116,49,65,59,95,107,70,132"/><T87/><D35/><U92/><E38/><V126/><F120/><W66/><G107/><T103/><D103/><U26/><E127/><V18/><F126/><W24/><G111/><T118/><D124/><U53/><E74/><V19/><F64/><W117/><G132/><T119/><D69/><N who="3" m="26121" /><G95/><T58/><D63/><U104/><E104/><V13/><F40/><W10/><G10/><T4/><D4/><U123/><E123/><V32/><F32/><W51/><G51/><T89/><D89/><U3/><E15/><V52/><F19/><W37/><G49/><T7/><D7/><U105/><E105/><V56/><F56/><N who="3" m="21579" /><G37/><T11/><D11/><U102/><E61/><V44/><N who="2" m="11264" /><DORA hai="5" /><V91/><F91/><W82/><G82/><T122/><D122/><U88/><E102/><V12/><REACH who="2" step="1"/><F129/><REACH who="2" ten="250,250,240,250" step="2"/><W94/><G66/><T79/><D42/><U108/><E130/><V113/><F113/><W67/><G65/><T77/><D36/><U131/><E131/><V2/><F2/><W128/><G67/><T133/><D133/><U99/><REACH who="1" step="1"/><E108/><REACH who="1" ten="250,240,240,250" step="2"/><V48/><F48/><W29/><G128/><T101/><D101/><U31/><AGARI ba="0,2" hai="0,1,3,22,26,31,53,54,88,90,92,93,96,99" machi="31" ten="30,8000,1" yaku="1,1,2,1,0,1,9,1,54,1,53,0" doraHai="125,5" doraHaiUra="43,9" who="1" fromWho="1" sc="250,-40,240,100,240,-20,250,-20" /><INIT seed="1,0,0,1,2,51" ten="210,340,220,230" oya="1" hai0="71,2,66,65,34,107,4,105,49,118,93,85,53" hai1="22,130,27,101,24,128,46,79,10,106,97,111,108" hai2="124,40,59,75,26,15,68,29,132,36,86,62,70" hai3="45,135,96,127,73,18,32,95,57,88,25,133,83"/><U28/><E79/><V0/><F75/><W77/><G127/><T5/><D34/><U80/><E80/><V43/><F0/><W14/><G45/><T3/><D85/><U63/><E10/><V102/><F124/><W117/><G117/><T114/><D49/><U55/><E27/><V103/><F132/><N who="3" m="50763" /><G57/><T91/><D93/><U23/><E23/><V122/><F122/><W56/><G56/><T1/><D91/><U123/><E123/><V61/><F15/><W50/><G50/><T37/><D71/><U81/><E81/><V82/><F59/><W12/><G18/><T119/><D114/><U41/><E63/><V33/><F82/><W30/><AGARI ba="0,0" hai="12,14,25,30,32,73,77,83,88,95,96" m="50763" machi="30" ten="30,2000,0" yaku="20,1,54,1" doraHai="51" who="3" fromWho="3" sc="210,-5,340,-10,220,-5,230,20" /><INIT seed="2,0,0,0,3,14" ten="205,330,215,250" oya="2" hai0="90,27,2,41,34,105,61,127,73,68,95,36,70" hai1="45,79,52,114,76,81,17,87,111,26,65,75,15" hai2="100,134,126,28,33,104,129,106,11,37,54,32,107" hai3="99,59,44,120,128,24,48,29,98,125,55,69,89"/><V133/><F37/><W115/><G120/><T6/><D95/><U122/><E114/><V66/><F28/><W62/><G115/><T124/><D90/><U123/><E111/><V57/><F66/><W72/><G72/><T22/><D73/><U94/><E65/><V108/><F100/><W49/><G125/><T3/><D105/><U83/><E26/><V23/><F23/><W71/><G128/><T103/><D103/><U19/><E94/><V12/><F108/><W92/><G99/><T50/><D36/><U84/><E75/><V112/><F112/><W53/><REACH who="3" step="1"/><G62/><REACH who="3" ten="205,330,215,240" step="2"/><T78/><D61/><U51/><E15/><V132/><F126/><W88/><G88/><T9/><D2/><U110/><E110/><V21/><F129/><W47/><G47/><N who="0" m="25967" /><D78/><U117/><REACH who="1" step="1"/><E117/><REACH who="1" ten="205,320,215,240" step="2"/><V5/><REACH who="2" step="1"/><F21/><AGARI ba="0,2" hai="21,24,29,44,48,49,53,55,59,69,71,89,92,98" machi="21" ten="30,7700,0" yaku="1,1,7,1,53,2" doraHai="14" doraHaiUra="67" who="3" fromWho="2" sc="205,0,320,0,215,-77,240,97" /><INIT seed="3,0,0,4,4,83" ten="205,320,138,337" oya="3" hai0="90,34,14,16,105,32,72,117,108,94,135,76,107" hai1="87,133,7,93,132,10,62,121,21,103,97,30,128" hai2="78,64,74,31,49,71,1,11,52,129,24,86,33" hai3="63,44,65,123,17,70,134,25,9,85,5,19,110"/><W79/><G123/><T73/><D117/><U50/><E121/><V92/><F74/><W2/><G134/><N who="1" m="51818" /><E62/><V124/><F124/><W119/><G119/><T96/><D135/><U122/><E122/><V4/><F129/><W61/><G110/><T38/><D38/><U35/><E35/><V104/><F104/><W58/><G44/><T26/><D108/><U81/><E50/><V57/><F64/><W101/><G101/><T15/><D15/><N who="1" m="5599" /><E128/><V22/><F71/><W126/><G25/><T48/><D34/><U29/><E21/><V37/><F37/><W23/><G126/><T125/><D125/><U80/><E80/><V130/><F130/><W127/><G127/><T60/><D48/><U99/><E99/><V109/><F109/><W115/><G115/><T66/><D26/><U118/><E118/><V75/><F75/><W41/><G41/><T13/><D32/><U69/><E69/><V114/><F33/><W106/><G106/><T100/><D107/><U98/><E98/><V43/><F43/><W53/><G23/><T12/><D16/><U47/><E47/><V112/><REACH who="2" step="1"/><F78/><AGARI ba="0,0" hai="29,30,78,81,87,93,97,103" m="5599,51818" machi="78" ten="30,2000,0" yaku="20,1,52,1" doraHai="83" who="1" fromWho="2" sc="205,0,320,20,138,-20,337,0" /><INIT seed="4,0,0,1,0,6" ten="205,340,118,337" oya="0" hai0="13,68,63,51,124,1,58,73,133,114,71,87,41" hai1="50,128,14,8,111,25,59,76,35,82,135,37,115" hai2="99,3,74,4,98,17,65,11,127,52,85,26,107" hai3="64,0,86,88,112,93,57,30,100,23,72,94,130"/><T47/><D1/><U116/><E116/><V108/><F74/><W5/><G72/><T15/><D73/><U119/><E119/><V103/><F108/><W48/><G112/><T27/><D114/><U32/><E37/><V19/><F127/><W132/><G132/><T29/><D133/><U105/><E135/><V96/><F65/><W75/><G75/><T92/><D124/><U70/><E70/><V12/><F85/><W36/><G36/><T18/><D13/><U44/><E105/><V22/><REACH who="2" step="1"/><F52/><REACH who="2" ten="205,340,108,337" step="2"/><N who="3" m="31879" /><G64/><T90/><D63/><U28/><E111/><V80/><F80/><W101/><G86/><T117/><D117/><U66/><E115/><V123/><F123/><W9/><G130/><T120/><D120/><U97/><E128/><V110/><F110/><W134/><G134/><T46/><D46/><U83/><E83/><V2/><F2/><W10/><G0/><T31/><D58/><U67/><E82/><V95/><F95/><W77/><G94/><T118/><D118/><U126/><E126/><V79/><F79/><W113/><G77/><T102/><D71/><U109/><E76/><V89/><F89/><W56/><G113/><T16/><D68/><U53/><E109/><V40/><F40/><W42/><G42/><T125/><D125/><U131/><E131/><V129/><F129/><W24/><G56/><T104/><D104/><U84/><E84/><V81/><F81/><W43/><G43/><T121/><D121/><U61/><E97/><V38/><F38/><W54/><G54/><T106/><D106/><U49/><E67/><V78/><F78/><RYUUKYOKU ba="0,1" sc="205,-10,340,-10,108,30,337,-10" hai2="3,4,11,12,17,19,22,26,96,98,99,103,107" /><INIT seed="5,1,1,1,0,20" ten="195,330,138,327" oya="1" hai0="28,130,16,76,87,131,101,49,14,86,7,132,118" hai1="42,109,113,70,0,68,73,23,41,48,104,1,84" hai2="121,38,56,59,32,129,114,124,127,60,85,116,92" hai3="12,81,39,64,26,31,105,72,17,63,6,125,36"/><U100/><E113/><V135/><F85/><W79/><G105/><T34/><D118/><U93/><E73/><V29/><F92/><W10/><G6/><T69/><D69/><U83/><E104/><V47/><F29/><W88/><G125/><N who="2" m="48201" /><F32/><W103/><G103/><T119/><D119/><U95/><E100/><V117/><F121/><W33/><G88/><T5/><D101/><U82/><E23/><V61/><F114/><W18/><G18/><T40/><D86/><U22/><E22/><V19/><F19/><W51/><G51/><T44/><D28/><U102/><E102/><V55/><F129/><N who="0" m="49162" /><D34/><U9/><E84/><V122/><F122/><W120/><G120/><T106/><D106/><U77/><E48/><V27/><F27/><W58/><AGARI ba="1,1" hai="10,12,17,26,31,33,36,39,58,63,64,72,79,81" machi="58" ten="20,2700,0" yaku="0,1,7,1,52,1" doraHai="20" who="3" fromWho="3" sc="195,-8,330,-14,138,-8,327,40" /><INIT seed="6,0,0,2,2,97" ten="187,316,130,367" oya="2" hai0="110,17,100,34,102,129,75,91,117,3,57,41,94" hai1="19,50,103,30,80,20,84,122,113,125,63,49,8" hai2="66,4,95,11,28,127,64,73,25,10,71,12,21" hai3="78,111,43,121,89,112,101,88,132,106,56,35,39"/><V44/><F73/><W5/><G111/><T86/><D110/><U68/><E113/><V46/><F127/><W31/><G121/><T47/><D34/><U70/><E125/><V115/><F115/><W96/><G78/><T59/><D75/><U14/><E122/><V108/><F108/><W92/><G5/><T81/><D3/><U32/><E32/><V85/><F11/><W124/><G132/><T55/><D129/><U104/><E70/><V65/><REACH who="2" step="1"/><F71/><REACH who="2" ten="187,316,120,367" step="2"/><W33/><G124/><T118/><D118/><U61/><E68/><V42/><F42/><W18/><G43/><T135/><D117/><U36/><E8/><V62/><F62/><W99/><G112/><T105/><D135/><U82/><E61/><V2/><F2/><W45/><G35/><T126/><D126/><U131/><E63/><V109/><F109/><W6/><G33/><T74/><D74/><U15/><E131/><V7/><F7/><W90/><G6/><T116/><D116/><U13/><E36/><V93/><F93/><W130/><G39/><T22/><D94/><U0/><E0/><V26/><F26/><W77/><G130/><T107/><D107/><U87/><E82/><V133/><F133/><W128/><G128/><T58/><D105/><U24/><E80/><V120/><F120/><W79/><G92/><T52/><D41/><U54/><E50/><V76/><F76/><W37/><G79/><T60/><D60/><U51/><E51/><V67/><N who="2" m="16384" /><DORA hai="16" /><V53/><F53/><W38/><G77/><T1/><D1/><U9/><E49/><V134/><F134/><RYUUKYOKU ba="0,1" sc="187,-10,316,-10,120,30,367,-10" hai2="4,10,12,21,25,28,44,46,85,95" /><INIT seed="6,1,1,5,3,55" ten="177,306,150,357" oya="2" hai0="32,124,38,24,78,65,22,75,120,95,7,88,111" hai1="23,51,92,19,96,80,41,104,58,108,15,47,98" hai2="82,121,76,116,72,31,134,42,105,68,117,135,46" hai3="40,79,83,59,35,20,44,130,28,131,34,128,25"/><V53/><F68/><W64/><G64/><T133/><D32/><U12/><E108/><V67/><F67/><W10/><G10/><T99/><D111/><U70/><E70/><V26/><F53/><W129/><G129/><T109/><D38/><U112/><E112/><V3/><F3/><W61/><G79/><T91/><D109/><U69/><E69/><V113/><F105/><W126/><G83/><T49/><D120/><U77/><E104/><V52/><F121/><W45/><G126/><T1/><D65/><U122/><E122/><V18/><F18/><W62/><G45/><T103/><D124/><U29/><E29/><V39/><F52/><N who="3" m="34023" /><G62/><T114/><D114/><U6/><E92/><V118/><REACH who="2" step="1"/><F113/><REACH who="2" ten="177,306,140,357" step="2"/><W13/><G131/><T9/><D133/><U14/><E6/><V0/><F0/><W11/><G130/><T93/><D1/><U66/><E66/><V73/><F73/><W94/><G128/><T87/><D75/><U60/><E60/><V85/><F85/><W2/><G2/><T90/><D7/><U43/><E43/><V27/><F27/><W125/><G125/><T30/><D87/><N who="1" m="48527" /><E58/><V71/><F71/><W16/><G25/><AGARI ba="1,2" hai="12,14,15,19,23,25,41,47,51,96,98" m="48527" machi="25" ten="30,1000,0" yaku="8,1" doraHai="55" who="1" fromWho="3" sc="177,0,306,33,140,0,357,-13" /><INIT seed="7,0,0,4,0,50" ten="177,339,140,344" oya="3" hai0="73,33,112,1,82,3,78,38,12,61,34,124,81" hai1="108,118,24,117,9,64,25,70,110,71,39,104,94" hai2="59,100,90,8,113,30,35,88,109,15,5,80,20" hai3="87,42,102,45,83,69,127,67,130,95,7,63,120"/><W48/><G120/><T121/><D121/><U53/><E104/><V132/><F35/><W122/><G122/><T131/><D12/><U92/><E9/><V23/><F109/><N who="1" m="42089" /><E39/><V134/><F100/><W55/><G130/><T75/><D124/><U0/><E0/><N who="0" m="73" /><D131/><U129/><E129/><V111/><F111/><W28/><G127/><T116/><D116/><N who="1" m="44651" /><E64/><V21/><F30/><W105/><G105/><T72/><D61/><U66/><E66/><V26/><F26/><N who="1" m="10345" /><E53/><V106/><F106/><W119/><G119/><T68/><D68/><AGARI ba="0,0" hai="68,70,71,92,94" m="10345,44651,42089" machi="68" ten="40,5200,0" yaku="28,2,12,1" doraHai="50" who="1" fromWho="0" sc="177,-52,339,52,140,0,344,0" owari="125,-37.0,391,49.0,140,-26.0,344,14.0" /></mjloggm>