<mjloggm ver="2.3"><GO type="97" lobby="0"/><UN n0="%62%61%62%79%66%61%63%65" n1="%64%65%69%78%61%72" n2="%61%6E%70%61%69%79%61%61" n3="%E5%B0%B1%E6%B4%BB%E7%94%9F%40%E5%B7%9D%E6%9D%91%E8%BB%8D%E5%9B%A3" dan="15,13,14,14" rate="2004.95,1874.29,1913.63,1973.55" sx="M,M,M,M"/><TAIKYOKU oya="0"/><INIT seed="0,0,0,2,0,58" ten="250,250,250,250" oya="0" hai0="28,125,128,20,6,21,82,17,27,18,92,134,131" hai1="16,25,13,45,33,89,60,61,55,32,71,9,38" hai2="122,59,74,40,93,68,107,41,91,36,24,112,85" hai3="104,126,57,37,87,39,49,105,76,96,117,22,69"/><T52/><D82/><U29/><E33/><V47/><F122/><W116/><G69/><T50/><D134/><U98/><E71/><V78/><F112/><W44/><G126/><T70/><D70/><U31/><E31/><V110/><F110/><W30/><G39/><T65/><D65/><U4/><E98/><V129/><F129/><W43/><G104/><T106/><D106/><U46/><E89/><V103/><F68/><W111/><G111/><T48/><D125/><U123/><E123/><V84/><F41/><W19/><G30/><T53/><D6/><U99/><E99/><V114/><F114/><W81/><G105/><T62/><D92/><U97/><E97/><V135/><F24/><W23/><G23/><T34/><D62/><U130/><E130/><N who="0" m="49705" /><D21/><U0/><E55/><N who="0" m="21065" /><D18/><U7/><E7/><V86/><F135/><W102/><G37/><T108/><D108/><U5/><E5/><V95/><F95/><W10/><G10/><T72/><D72/><U94/><E94/><V119/><F119/><W54/><G116/><T100/><D100/><U132/><E132/><V101/><F101/><W75/><G75/><T2/><D2/><U77/><E77/><V115/><F115/><W64/><G117/><T124/><D124/><U118/><E118/><V26/><F103/><W90/><G102/><T79/><D79/><U1/><E1/><V66/><F107/><W42/><G76/><T8/><D8/><U67/><E67/><V80/><F26/><AGARI ba="0,0" hai="17,20,26,27,28,34,48,50" m="21065,49705" machi="26" ten="30,2900,0" yaku="19,1,54,1" doraHai="58" who="0" fromWho="2" sc="250,29,250,0,250,-29,250,0" /><INIT seed="0,1,0,3,5,117" ten="279,250,221,250" oya="0" hai0="20,80,91,41,26,31,120,34,74,46,12,17,83" hai1="122,65,108,9,15,7,13,67,10,76,48,104,71" hai2="115,6,29,81,44,90,79,25,111,100,30,113,107" hai3="24,131,95,47,78,118,39,97,86,36,88,38,50"/><T128/><D128/><U103/><E108/><V22/><F6/><W106/><G118/><T123/><D91/><U98/><E122/><V126/><F111/><W0/><G0/><T96/><D96/><U85/><E71/><V105/><F126/><W101/><G131/><T133/><D133/><U68/><E68/><V42/><F30/><W72/><G24/><T49/><REACH who="0" step="1"/><D83/><REACH who="0" ten="269,250,221,250" step="2"/><U73/><E73/><V59/><F90/><W5/><G5/><T54/><D54/><U62/><E76/><AGARI ba="1,1" hai="12,17,20,26,31,34,41,46,49,74,76,80,120,123" machi="76" ten="40,12000,1" yaku="1,1,52,2,53,1" doraHai="117" doraHaiUra="11" who="0" fromWho="1" sc="269,133,250,-123,221,0,250,0" /><INIT seed="0,2,0,0,1,86" ten="402,127,221,250" oya="0" hai0="26,46,55,106,72,121,20,98,31,3,129,105,12" hai1="83,95,4,2,6,34,119,32,50,87,123,52,25" hai2="48,11,78,97,75,116,58,21,17,63,51,74,53" hai3="22,125,61,96,15,43,131,10,41,24,64,40,89"/><T18/><D72/><U124/><E124/><V117/><F97/><W133/><G125/><T19/><D121/><U71/><E123/><V0/><F78/><W104/><G131/><T57/><D3/><U132/><E132/><V100/><F100/><W91/><G133/><T23/><D129/><U134/><E134/><V110/><F110/><W37/><G37/><T93/><D46/><U13/><E119/><N who="2" m="45643" /><F11/><W54/><G104/><T107/><D31/><U118/><E118/><V56/><F0/><W135/><G96/><T111/><D111/><U30/><E71/><V80/><F80/><W127/><G127/><T94/><REACH who="0" step="1"/><D98/><REACH who="0" ten="392,127,221,250" step="2"/><U102/><E2/><V42/><F75/><W112/><G112/><T33/><D33/><U9/><E34/><V120/><F74/><W66/><G135/><T109/><D109/><U29/><E29/><V85/><F120/><W82/><G82/><T128/><D128/><U77/><E4/><V114/><F114/><W92/><G92/><T79/><D79/><U76/><E95/><V59/><F85/><W122/><G122/><T101/><D101/><U73/><E73/><V99/><F99/><W44/><G44/><T90/><D90/><U5/><E102/><V27/><F63/><AGARI ba="2,1" hai="12,18,19,20,23,26,55,57,63,93,94,105,106,107" machi="63" ten="40,2000,0" yaku="1,1,53,0" doraHai="86" doraHaiUra="45" who="0" fromWho="2" sc="392,36,127,0,221,-26,250,0" /><INIT seed="0,3,0,4,4,106" ten="428,127,195,250" oya="0" hai0="79,57,74,120,31,133,112,94,20,75,28,63,0" hai1="10,105,44,43,123,101,95,34,70,19,48,59,3" hai2="87,24,7,89,35,108,72,29,17,68,99,86,104" hai3="47,71,37,42,109,30,91,16,125,2,81,55,83"/><T114/><D120/><U51/><E123/><V131/><F68/><W100/><G2/><T45/><D0/><U76/><E70/><V124/><F108/><W116/><G116/><T33/><D133/><U39/><E34/><V113/><F113/><W126/><G109/><T67/><D45/><U56/><E76/><V14/><F131/><W38/><G38/><T61/><D94/><U13/><E105/><V92/><F124/><N who="3" m="47723" /><G71/><T41/><D41/><U80/><E80/><V84/><F72/><W96/><G30/><T4/><D4/><U110/><E110/><V98/><F7/><W50/><G91/><T117/><D117/><U97/><E3/><V54/><F99/><W73/><G73/><T134/><D134/><U128/><E128/><V107/><REACH who="2" step="1"/><F54/><REACH who="2" ten="428,127,185,250" step="2"/><W58/><G16/><T6/><D75/><U118/><E118/><V115/><F115/><W1/><G1/><T122/><D122/><U66/><E66/><V36/><F36/><W85/><G85/><T82/><D67/><U25/><E97/><V78/><F78/><W46/><G96/><T111/><D111/><U130/><E39/><V103/><F103/><W22/><G100/><T69/><D69/><U60/><E101/><V49/><F49/><W93/><G50/><T53/><D74/><U90/><E130/><V32/><F32/><W15/><G55/><T18/><D53/><U64/><E48/><V119/><F119/><W52/><G37/><T11/><D33/><U135/><E135/><V132/><F132/><W40/><G52/><T27/><D114/><U77/><E77/><V88/><F88/><RYUUKYOKU ba="3,1" sc="428,-10,127,-10,185,30,250,-10" hai2="14,17,24,29,35,84,86,87,89,92,98,104,107" /><INIT seed="1,4,1,3,0,47" ten="418,117,215,240" oya="1" hai0="118,132,96,53,35,27,108,110,1,7,10,78,11" hai1="94,123,119,56,84,51,91,127,72,122,36,104,61" hai2="49,15,46,28,24,90,71,82,65,89,69,116,59" hai3="22,101,30,103,13,73,83,81,130,95,97,37,107"/><U50/><E36/><V100/><F116/><W23/><G37/><T52/><D118/><U75/><E119/><V18/><F100/><N who="3" m="38475" /><G107/><T67/><D132/><U117/><E117/><V105/><F105/><W111/><G73/><T40/><D40/><U112/><E112/><V109/><F109/><W102/><G111/><T8/><D67/><U42/><E104/><V63/><F90/><W98/><G98/><T93/><D78/><U86/><E127/><V43/><F82/><W68/><G68/><T128/><D128/><U85/><E42/><V39/><F89/><W5/><G130/><T80/><D80/><N who="3" m="30793" /><G30/><T131/><D131/><U124/><E124/><V79/><F79/><W70/><G70/><T38/><D38/><U74/><E91/><V32/><REACH who="2" step="1"/><F39/><REACH who="2" ten="418,117,205,240" step="2"/><W41/><G41/><T25/><D110/><U31/><E94/><V106/><F106/><W76/><G76/><T99/><D93/><U121/><REACH who="1" step="1"/><E31/><REACH who="1" ten="418,107,205,240" step="2"/><V88/><F88/><W2/><G2/><T125/><D108/><U87/><N who="1" m="22016" /><DORA hai="45" /><U126/><E126/><V17/><F17/><W129/><G129/><T48/><D125/><U57/><E57/><V4/><F4/><W120/><G120/><T14/><D1/><U58/><E58/><V54/><F54/><AGARI ba="4,3" hai="50,51,54,56,61,72,74,75,121,122,123" m="22016" machi="54" ten="70,18000,2" yaku="1,1,29,2,52,4,53,0" doraHai="47,45" doraHaiUra="20,9" who="1" fromWho="2" sc="418,0,107,222,205,-192,240,0" /><INIT seed="1,5,0,0,3,3" ten="418,329,13,240" oya="1" hai0="1,34,90,36,35,38,123,72,4,107,39,97,42" hai1="91,17,89,9,15,131,92,112,14,83,105,67,2" hai2="59,93,130,71,98,37,110,73,31,88,41,82,85" hai3="52,74,124,128,7,120,0,126,60,87,68,27,56"/><U54/><E131/><V84/><F71/><W63/><G74/><T113/><D90/><U81/><E112/><V70/><F70/><W121/><G27/><T32/><D113/><U23/><E105/><V99/><F130/><W26/><G26/><T106/><D72/><U96/><E2/><V49/><F37/><W40/><G40/><T122/><D42/><U18/><E67/><V43/><F73/><W127/><G128/><T80/><D80/><U104/><E104/><N who="0" m="39977" /><D97/><N who="2" m="36874" /><F110/><W100/><G100/><T61/><D61/><U44/><E89/><N who="2" m="51351" /><F31/><W69/><G87/><T103/><D103/><U135/><E135/><V119/><F119/><W94/><G94/><T62/><D62/><U10/><E23/><V50/><F50/><W20/><G20/><T111/><D111/><U101/><E101/><V64/><F64/><N who="3" m="40967" /><G69/><T57/><D57/><U125/><E125/><V16/><F49/><W115/><G115/><T76/><D76/><U65/><E65/><V12/><F59/><W51/><G51/><AGARI ba="5,0" hai="9,10,14,15,17,18,44,51,54,81,83,91,92,96" machi="51" ten="40,3900,0" yaku="9,1,8,1" doraHai="3" who="1" fromWho="3" sc="418,0,329,54,13,0,240,-54" /><INIT seed="1,6,0,3,0,34" ten="418,383,13,186" oya="1" hai0="117,50,62,112,89,33,60,99,121,111,133,65,22" hai1="108,39,19,49,8,63,31,16,45,69,81,18,103" hai2="23,13,134,1,126,92,42,68,123,93,12,83,7" hai3="55,40,64,115,70,76,4,94,100,52,54,43,91"/><U110/><E39/><V118/><F118/><W2/><G115/><T127/><D33/><U21/><E103/><V28/><F123/><W71/><G100/><T36/><D36/><U109/><E81/><V131/><F68/><W98/><G76/><T86/><D112/><U9/><E69/><V90/><F134/><W105/><G105/><T80/><D117/><U44/><E63/><V11/><F131/><W38/><G38/><T41/><D133/><U88/><E88/><V66/><F66/><W56/><G4/><T35/><D35/><U77/><E77/><V10/><F126/><W73/><G73/><T20/><D127/><U78/><E78/><V25/><F42/><W84/><G2/><T29/><D111/><U57/><E57/><V104/><F104/><W82/><G70/><T24/><D121/><U116/><E116/><V26/><F26/><W87/><G71/><T47/><D99/><U75/><E75/><V96/><F93/><W124/><G124/><T48/><D48/><U74/><E74/><V113/><F113/><W32/><G32/><T51/><D51/><U72/><E72/><V37/><F37/><W58/><G64/><T122/><D122/><U30/><E44/><V46/><F46/><W3/><G3/><T97/><D65/><U129/><E129/><V130/><F130/><W95/><G82/><T15/><D97/><U102/><E102/><N who="2" m="60679" /><F11/><N who="1" m="4169" /><E21/><V135/><F135/><W106/><G106/><T101/><D101/><U119/><E119/><V17/><F28/><W67/><G67/><T132/><D132/><U61/><E61/><V53/><F53/><AGARI ba="6,0" hai="16,18,19,30,31,45,49,53,108,109,110" m="4169" machi="53" ten="40,12000,1" yaku="6,1,14,1,10,1,54,1" doraHai="34" who="1" fromWho="2" sc="418,0,383,138,13,-138,186,0" owari="418,22.0,521,62.0,-125,-63.0,186,-21.0" /></mjloggm>