<mjloggm ver="2.3"><GO type="97" lobby="0"/><UN n0="%E5%B0%B1%E6%B4%BB%E7%94%9F%40%E5%B7%9D%E6%9D%91%E8%BB%8D%E5%9B%A3" n1="%74%72%34%37%38%79%75%75" n2="%E3%81%97%E3%81%8A%E3%82%8A%E3%82%93" n3="%E5%A4%A7%E6%A9%8B%E8%99%9A%E6%B3%89" dan="14,13,13,13" rate="2004.23,1893.65,1881.39,1871.98" sx="M,M,M,M"/><TAIKYOKU oya="0"/><INIT seed="0,0,0,2,2,83" ten="250,250,250,250" oya="0" hai0="29,110,107,102,80,56,36,38,3,129,30,32,105" hai1="121,43,45,135,14,0,82,94,125,20,62,69,97" hai2="73,122,18,128,87,55,70,100,65,74,79,72,112" hai3="8,17,75,132,52,23,37,7,123,40,92,93,111"/><T113/><D113/><U16/><E121/><V115/><F122/><W26/><G123/><T5/><D129/><U19/><E0/><V25/><F100/><W51/><G75/><T33/><D110/><U31/><E97/><V2/><F2/><W59/><G111/><T63/><D3/><U61/><E125/><V24/><F128/><W6/><G6/><T57/><D5/><U9/><E31/><V116/><F116/><W35/><G35/><T104/><D102/><U117/><E117/><V21/><F55/><W103/><G132/><T88/><D63/><U50/><E135/><V89/><F79/><W39/><G40/><T44/><D44/><U67/><E67/><V4/><F4/><W124/><G124/><T90/><D107/><U13/><E69/><V46/><F46/><W68/><G68/><T12/><D12/><U106/><E106/><V130/><F130/><W71/><G93/><T134/><D80/><U77/><E94/><N who="2" m="54591" /><F65/><W1/><REACH who="3" step="1"/><G71/><REACH who="3" ten="250,250,250,240" step="2"/><T85/><D134/><U91/><E91/><V98/><F70/><W22/><G22/><T10/><D10/><U114/><E114/><V27/><F115/><W95/><G95/><T108/><D108/><U84/><AGARI ba="0,1" hai="9,13,14,16,19,20,43,45,50,61,62,77,82,84" machi="84" ten="20,8000,1" yaku="0,1,7,1,8,1,52,1,54,1" doraHai="83" who="1" fromWho="1" sc="250,-40,250,90,250,-20,240,-20" /><INIT seed="1,0,0,3,1,134" ten="210,340,230,220" oya="1" hai0="116,50,40,49,20,6,63,15,72,33,113,24,100" hai1="22,34,133,105,129,56,57,111,97,118,108,91,61" hai2="88,62,119,95,131,58,78,39,27,104,4,103,26" hai3="84,92,19,83,117,101,21,46,128,48,37,60,90"/><U38/><E118/><V65/><F39/><W110/><G110/><N who="1" m="42026" /><E34/><V31/><F131/><W130/><G128/><T51/><D113/><U59/><E129/><V75/><F4/><W29/><G37/><T53/><D116/><U126/><E38/><V47/><F47/><W127/><G29/><T99/><D72/><U12/><E133/><V9/><F9/><W66/><G117/><T107/><D33/><U16/><E105/><V87/><F119/><W114/><G130/><T41/><D63/><U120/><E120/><V77/><F78/><W132/><G114/><T89/><D89/><U74/><E74/><V124/><F31/><W71/><G132/><T121/><D121/><U115/><E115/><V80/><F124/><W52/><G127/><T64/><D64/><N who="1" m="38951" /><E126/><V17/><F17/><W44/><G44/><T135/><D135/><U54/><E54/><V0/><F0/><W81/><REACH who="3" step="1"/><G101/><REACH who="3" ten="210,340,230,210" step="2"/><T1/><D40/><U7/><E7/><V86/><F103/><W32/><G32/><T8/><D41/><U106/><E106/><V70/><F104/><W79/><G79/><T82/><D107/><U14/><E91/><V123/><F123/><W122/><G122/><T43/><D100/><U68/><E97/><V35/><F35/><W30/><G30/><T109/><D109/><U96/><E96/><V85/><F75/><W76/><G76/><T102/><D99/><U69/><E14/><AGARI ba="0,1" hai="14,19,21,46,48,52,60,66,71,81,83,84,90,92" machi="14" ten="30,3900,0" yaku="1,1,7,1,54,1,53,0" doraHai="134" doraHaiUra="55" who="3" fromWho="1" sc="210,0,340,-39,230,0,210,49" /><INIT seed="2,0,0,0,0,18" ten="210,301,230,259" oya="2" hai0="48,39,0,114,55,34,33,68,80,84,111,22,131" hai1="85,108,31,50,26,83,36,2,97,118,123,14,100" hai2="45,4,7,65,51,70,63,92,46,89,82,38,110" hai3="78,126,72,122,67,54,52,30,10,40,47,81,24"/><V79/><F38/><W132/><G122/><T107/><D39/><U49/><E118/><V5/><F110/><W17/><G132/><T35/><D0/><U76/><E2/><V103/><F103/><W57/><G126/><T133/><D107/><U64/><E36/><V73/><REACH who="2" step="1"/><F51/><REACH who="2" ten="210,301,220,259" step="2"/><W13/><G47/><T44/><D111/><U25/><E108/><V91/><F91/><W77/><G78/><T27/><D114/><U74/><E123/><V113/><F113/><W1/><G40/><T28/><D131/><U16/><E50/><V15/><F15/><W93/><G1/><T9/><D133/><U23/><E49/><V90/><F90/><W11/><G93/><T106/><D106/><U109/><E109/><V119/><F119/><W101/><G101/><T86/><D68/><U99/><E74/><V115/><F115/><W43/><G43/><T75/><D75/><U125/><E125/><V58/><F58/><W61/><REACH who="3" step="1"/><G10/><REACH who="3" ten="210,301,220,249" step="2"/><T116/><D9/><U6/><E100/><V117/><F117/><W134/><G134/><T42/><D116/><U19/><E64/><V130/><F130/><W60/><G60/><T29/><D80/><U124/><E124/><V96/><AGARI ba="0,2" hai="4,5,7,45,46,63,65,70,73,79,82,89,92,96" machi="96" ten="30,3000,0" yaku="1,1,0,1,53,0" doraHai="18" doraHaiUra="129" who="2" fromWho="2" sc="210,-10,301,-10,220,50,249,-10" /><INIT seed="2,1,0,5,2,18" ten="200,291,270,239" oya="2" hai0="77,25,78,131,32,63,43,103,127,51,62,109,29" hai1="101,72,37,98,105,21,60,38,49,73,52,120,126" hai2="107,87,65,121,13,28,56,50,69,88,125,61,90" hai3="41,59,74,96,1,95,44,83,46,133,66,8,112"/><V53/><F107/><W57/><G133/><T76/><D127/><U99/><E126/><V31/><F125/><W129/><G112/><T75/><D131/><U130/><E130/><V97/><F121/><W68/><G129/><T14/><D109/><U45/><E120/><V35/><F35/><W114/><G46/><T5/><D103/><U94/><E60/><V110/><F110/><W132/><G114/><T117/><D117/><U89/><E73/><V81/><F13/><W20/><G132/><T135/><D135/><U2/><E2/><V122/><F122/><W27/><G68/><T55/><D43/><U106/><E72/><V4/><F4/><W119/><G119/><T80/><D75/><U0/><E0/><V124/><F124/><W12/><G66/><T85/><D62/><U79/><E79/><V67/><F67/><W113/><G1/><T16/><D5/><U23/><REACH who="1" step="1"/><E106/><REACH who="1" ten="200,281,270,239" step="2"/><V118/><F118/><W116/><G116/><T36/><D63/><U7/><E7/><V64/><F64/><W86/><G113/><T39/><D39/><AGARI ba="1,1" hai="21,23,37,38,39,45,49,52,89,94,98,99,101,105" machi="39" ten="40,8000,1" yaku="1,1,52,2,54,1,53,1" doraHai="18" doraHaiUra="40" who="1" fromWho="0" sc="200,-83,281,93,270,0,239,0" /><INIT seed="3,0,0,3,5,55" ten="117,374,270,239" oya="3" hai0="20,123,96,128,62,37,99,73,104,77,46,1,52" hai1="124,43,129,29,48,63,68,74,94,31,7,65,93" hai2="8,135,75,110,72,70,44,108,133,3,32,83,105" hai3="16,106,28,87,61,117,88,116,60,27,125,47,89"/><W109/><G106/><T95/><D123/><U12/><E74/><N who="2" m="28203" /><F44/><W42/><G89/><T84/><D128/><U6/><E129/><V57/><F83/><W69/><G125/><T118/><D118/><U79/><E124/><V26/><F8/><W23/><G109/><N who="2" m="42089" /><F26/><W126/><G126/><T120/><D120/><U34/><E79/><V36/><F105/><W21/><G69/><T64/><D1/><U92/><E34/><V10/><F10/><W119/><G23/><T100/><D73/><U51/><E12/><V54/><F54/><W53/><G53/><T0/><D0/><U18/><E18/><V56/><F3/><W39/><REACH who="3" step="1"/><G28/><REACH who="3" ten="117,374,270,229" step="2"/><T91/><D77/><U81/><E29/><V59/><F70/><W9/><G9/><T58/><D20/><U2/><E31/><V35/><F36/><W134/><G134/><AGARI ba="0,1" hai="32,35,56,57,59,133,134,135" m="42089,28203" machi="134" ten="40,12000,2" yaku="28,2,20,1,14,1,52,3" doraHai="55" who="2" fromWho="3" sc="117,0,374,0,270,130,229,-120" owari="117,-28.0,374,17.0,400,50.0,109,-39.0" /></mjloggm>