<mjloggm ver="2.3"><GO type="225" lobby="0"/><UN n0="%53%65%6E%61%72" n1="%E5%A5%B3%E3%81%AA%E3%81%AE%E3%81%82%E3%81%8C%E3%82%89%E3%81%9B%E3%81%A6" n2="%E3%83%88%E3%83%88%E3%83%AA%E5%85%88%E7%94%9F%31%39%E6%AD%B3" n3="%70%61%78%65%6C%6C" dan="17,16,18,16" rate="2100.47,2081.02,2284.73,2112.21" sx="M,F,F,M"/><TAIKYOKU oya="0"/><INIT seed="0,0,0,1,2,110" ten="250,250,250,250" oya="0" hai0="98,82,52,54,64,41,37,63,53,61,17,33,69" hai1="100,90,112,6,97,102,74,99,9,58,11,27,75" hai2="60,108,12,1,127,87,116,18,104,66,48,128,125" hai3="36,106,88,71,7,68,76,72,95,28,117,105,73"/><T45/><D33/><U92/><E27/><V57/><F108/><W43/><G117/><T34/><D34/><U111/><E111/><V81/><F104/><W25/><G7/><T29/><D29/><U22/><E112/><V135/><F1/><W94/><G43/><T119/><D119/><U40/><E40/><V20/><F116/><W15/><G15/><T46/><D17/><U122/><E122/><V31/><F128/><W35/><G36/><T101/><D82/><U56/><E22/><V83/><F135/><W115/><G115/><T26/><D26/><U38/><E90/><V49/><F83/><W19/><G19/><T107/><REACH who="0" step="1"/><D63/><REACH who="0" ten="240,250,250,250" step="2"/><U109/><E109/><V85/><F31/><W89/><G25/><T133/><D133/><U13/><E9/><V3/><F81/><W24/><G24/><T131/><D131/><U2/><E11/><V32/><F32/><W113/><G35/><T44/><AGARI ba="0,1" hai="37,41,44,45,46,52,53,54,61,64,69,98,101,107" machi="44" ten="30,6000,0" yaku="1,1,0,1,54,1,53,0" doraHai="110" doraHaiUra="47" who="0" fromWho="0" sc="240,70,250,-20,250,-20,250,-20" /><INIT seed="0,1,0,3,0,25" ten="310,230,230,230" oya="0" hai0="125,10,128,14,79,127,131,49,60,2,75,126,121" hai1="16,47,90,88,130,57,61,69,89,18,30,122,97" hai2="41,48,50,59,54,19,52,46,113,81,7,17,118" hai3="39,20,123,112,56,28,103,21,66,76,93,24,0"/><T31/><D121/><U101/><E122/><V15/><F113/><W86/><G112/><T105/><D105/><U119/><E119/><V134/><F118/><W70/><G70/><T6/><D60/><U36/><E130/><N who="0" m="49705" /><D49/><U3/><E3/><V116/><F116/><W11/><G39/><T108/><D79/><U72/><E72/><V133/><F41/><W58/><G123/><T87/><D87/><U114/><E69/><V38/><F38/><W68/><G68/><T55/><D55/><U8/><E114/><V77/><F7/><W117/><G76/><T80/><D80/><U37/><E30/><V51/><F51/><W22/><G117/><T5/><D75/><U65/><E8/><V99/><F99/><N who="3" m="59887" /><G86/><T73/><D73/><U42/><REACH who="1" step="1"/><E36/><REACH who="1" ten="310,220,230,230" step="2"/><V107/><F133/><W26/><G11/><N who="0" m="2487" /><D108/><U132/><E132/><V33/><F134/><W44/><G0/><T27/><D126/><U106/><AGARI ba="1,1" hai="16,18,37,42,47,57,61,65,88,89,90,97,101,106" machi="106" ten="30,8000,1" yaku="1,1,0,1,54,2,53,1" doraHai="25" doraHaiUra="102" who="1" fromWho="1" sc="310,-41,220,93,230,-21,230,-21" /><INIT seed="1,0,0,3,3,10" ten="269,313,209,209" oya="1" hai0="73,46,2,84,51,130,124,40,96,56,33,37,91" hai1="52,35,23,87,120,20,123,8,82,74,89,100,86" hai2="116,34,109,122,31,94,38,111,61,105,113,47,72" hai3="126,63,108,103,48,13,30,127,21,17,69,99,55"/><U16/><E35/><V117/><F105/><W12/><G108/><N who="2" m="41545" /><F72/><W57/><G30/><T125/><D73/><U27/><E74/><V24/><F94/><N who="3" m="58871" /><G69/><T65/><D130/><U5/><E100/><V28/><F61/><W0/><G0/><T43/><D2/><U26/><E86/><V114/><F28/><W59/><G127/><N who="0" m="48715" /><D33/><U71/><E71/><V78/><F78/><W95/><G95/><N who="0" m="54759" /><D96/><U112/><E112/><N who="2" m="43115" /><F122/><W83/><G83/><T80/><D80/><U107/><E107/><V36/><F47/><W1/><G1/><T76/><D76/><U29/><E120/><V39/><AGARI ba="0,0" hai="24,31,34,36,38,39,116,117" m="43115,41545" machi="39" ten="40,5200,0" yaku="14,1,11,1,23,1" doraHai="10" who="2" fromWho="2" sc="269,-13,313,-26,209,52,209,-13" /><INIT seed="2,0,0,5,5,129" ten="256,287,261,196" oya="2" hai0="128,34,33,88,96,107,72,119,60,41,62,44,1" hai1="5,20,55,81,131,3,17,9,39,43,57,19,59" hai2="113,90,117,27,18,109,110,86,40,94,38,78,124" hai3="118,114,121,135,67,108,21,115,56,93,46,48,71"/><V24/><F113/><N who="3" m="43019" /><G118/><T4/><D128/><U25/><E131/><V0/><F117/><W53/><G121/><T49/><D72/><U32/><E32/><V42/><F0/><W80/><G108/><N who="2" m="41577" /><F124/><W37/><G93/><T133/><D119/><U116/><E116/><V51/><F38/><W130/><G130/><T61/><D133/><U125/><E125/><V28/><F78/><W7/><G7/><T35/><D4/><U99/><E43/><N who="2" m="16427" /><F28/><W68/><G37/><T103/><D1/><U15/><E39/><V22/><F51/><N who="3" m="30783" /><G21/><T104/><D104/><U89/><E3/><V10/><F10/><W111/><G80/><T87/><REACH who="0" step="1"/><D35/><REACH who="0" ten="246,287,261,196" step="2"/><U102/><E5/><V100/><F100/><W31/><G111/><T92/><AGARI ba="0,1" hai="33,34,41,44,49,60,61,62,87,88,92,96,103,107" machi="92" ten="30,7900,0" yaku="1,1,2,1,0,1,54,1,53,0" doraHai="129" doraHaiUra="52" who="0" fromWho="0" sc="246,89,287,-20,261,-39,196,-20" /><INIT seed="3,0,0,1,0,131" ten="335,267,222,176" oya="3" hai0="15,80,26,127,74,109,55,62,38,45,129,98,58" hai1="92,83,31,123,23,76,124,113,37,2,25,28,135" hai2="104,82,115,71,59,44,134,89,43,11,85,107,128" hai3="88,81,69,121,116,75,93,132,111,79,114,10,53"/><W106/><G114/><T64/><D129/><U20/><E37/><V101/><F115/><W70/><G116/><T21/><D109/><U22/><E123/><V61/><F71/><W57/><G121/><T30/><D127/><U72/><E124/><V125/><F128/><W8/><G106/><T60/><D15/><U49/><E2/><V120/><F125/><W48/><G111/><T86/><D74/><U41/><E113/><V68/><F68/><W46/><G132/><T84/><D98/><U118/><E135/><V7/><F120/><W65/><G70/><T78/><D84/><U5/><E5/><V110/><F101/><W42/><G65/><T77/><D38/><U34/><E118/><V122/><F122/><W35/><G35/><T32/><D32/><U40/><E31/><V103/><F103/><W13/><G69/><T3/><D3/><U95/><E41/><V12/><F110/><W130/><G130/><T27/><D27/><U63/><E63/><V112/><F112/><W24/><G24/><T117/><D117/><U4/><E4/><V67/><F134/><W9/><G13/><T119/><D119/><U90/><E90/><V6/><F6/><W47/><REACH who="3" step="1"/><G42/><REACH who="3" ten="335,267,222,166" step="2"/><T14/><D14/><U66/><E66/><V108/><REACH who="2" step="1"/><F108/><REACH who="2" ten="335,267,212,166" step="2"/><W19/><G19/><T36/><D30/><U52/><E40/><V105/><F105/><W133/><G133/><T96/><D36/><AGARI ba="0,2" hai="7,11,12,36,43,44,59,61,67,82,85,89,104,107" machi="36" ten="30,2000,0" yaku="1,1,7,1,53,0" doraHai="131" doraHaiUra="51" who="2" fromWho="0" sc="335,-20,267,0,212,40,166,0" owari="315,41.0,267,7.0,252,-15.0,166,-33.0" /></mjloggm>