<mjloggm ver="2.3"><GO type="97" lobby="0"/><UN n0="%E3%80%93%E3%82%A2%E3%83%AB%E3%83%9F%E3%82%B0%E3%83%A9%E3%82%B9%E3%80%93" n1="%E5%B0%B1%E6%B4%BB%E7%94%9F%40%E5%B7%9D%E6%9D%91%E8%BB%8D%E5%9B%A3" n2="%E6%B8%85%E6%B0%B4%40%E6%A3%84%E9%BA%BB%E8%BB%8D%E5%9C%98" n3="%52%2E%4E%2E%E3%81%9B%E3%82%93%E3%81%9A%E3%82%8A" dan="15,14,13,14" rate="1990.55,1960.20,1918.77,1942.48" sx="M,M,M,M"/><TAIKYOKU oya="0"/><INIT seed="0,0,0,4,3,92" ten="250,250,250,250" oya="0" hai0="88,123,95,60,121,52,35,70,5,63,117,23,124" hai1="26,129,113,102,81,71,59,37,82,90,105,36,42" hai2="130,104,73,22,91,80,6,99,46,41,3,29,66" hai3="62,10,116,30,112,61,44,134,93,84,100,96,119"/><T78/><D117/><U126/><E71/><V85/><F130/><W120/><G112/><T31/><D35/><U13/><E113/><V108/><F108/><W56/><G134/><T75/><D70/><U53/><E129/><V77/><F77/><W25/><G62/><T107/><D124/><U24/><E126/><V135/><F66/><W83/><G10/><T64/><D107/><U15/><E105/><V27/><F135/><W20/><G44/><T40/><D5/><U111/><E111/><V55/><F73/><W114/><G120/><T128/><D128/><U21/><E102/><V118/><F118/><W4/><G4/><T109/><D109/><U9/><E9/><V38/><F55/><W89/><REACH who="3" step="1"/><G114/><REACH who="3" ten="250,250,250,240" step="2"/><T11/><D11/><U7/><E7/><V98/><F6/><W86/><G86/><T76/><D75/><U43/><E37/><V18/><F3/><W2/><G2/><T94/><D123/><U39/><E39/><V115/><F115/><W50/><G50/><T68/><D121/><U34/><E36/><V17/><F104/><W131/><G131/><T87/><D63/><U51/><E51/><V28/><REACH who="2" step="1"/><F17/><REACH who="2" ten="250,250,240,240" step="2"/><W1/><G1/><T106/><D106/><U8/><E43/><V48/><F48/><W19/><G19/><T127/><D40/><U65/><E42/><V74/><F74/><W97/><G97/><AGARI ba="0,2" hai="18,22,27,28,29,38,41,46,80,85,91,97,98,99" machi="97" ten="40,8000,1" yaku="1,1,52,3,53,1" doraHai="92" doraHaiUra="14" who="2" fromWho="3" sc="250,0,250,0,240,100,240,-80" /><INIT seed="1,0,0,5,3,82" ten="250,250,340,160" oya="1" hai0="74,73,93,117,76,52,113,87,59,16,126,116,0" hai1="11,10,85,132,65,115,131,106,68,60,112,66,62" hai2="133,22,99,92,71,30,12,1,96,40,118,102,47" hai3="134,109,15,108,53,4,34,72,100,18,29,128,27"/><U51/><E106/><V91/><F1/><W24/><G72/><T28/><D113/><U121/><E121/><V123/><F118/><W111/><G100/><T43/><D0/><U78/><E131/><V8/><F123/><W97/><G97/><T107/><D107/><U25/><E132/><V13/><F133/><W37/><G134/><T17/><D74/><U86/><E51/><V69/><F30/><W104/><G104/><T122/><D73/><U120/><E120/><V20/><F13/><W57/><G128/><T80/><D122/><U42/><E25/><V5/><F69/><W38/><G4/><T81/><D126/><U3/><E42/><V61/><F61/><W44/><G27/><T75/><D43/><U58/><E78/><V83/><F71/><W77/><G77/><T130/><D130/><U127/><E127/><V32/><F32/><W90/><G44/><T45/><D45/><U110/><E110/><V129/><F129/><W21/><REACH who="3" step="1"/><G90/><REACH who="3" ten="250,250,340,150" step="2"/><N who="0" m="51559" /><D117/><U2/><E68/><V67/><F99/><W88/><G88/><T125/><D116/><U105/><E105/><V54/><F91/><W31/><G31/><T89/><D125/><U84/><E84/><V39/><F96/><W124/><G124/><T36/><D28/><U23/><E58/><V70/><F102/><W48/><AGARI ba="0,1" hai="15,18,21,24,29,34,37,38,48,53,57,108,109,111" machi="48" ten="30,4000,0" yaku="1,1,0,1,14,1,53,0" doraHai="82" doraHaiUra="6" who="3" fromWho="3" sc="250,-10,250,-20,340,-10,150,50" /><INIT seed="2,0,0,3,4,87" ten="240,230,330,200" oya="2" hai0="34,56,133,40,7,13,46,129,61,120,90,111,131" hai1="15,125,69,86,107,104,36,94,62,115,127,16,109" hai2="93,31,6,98,35,78,2,39,108,130,60,30,48" hai3="76,4,38,52,106,19,27,49,95,77,45,33,47"/><V113/><F39/><W75/><G106/><T1/><D34/><U3/><E3/><V42/><F113/><W17/><G4/><T5/><D1/><U68/><E36/><V132/><F132/><W91/><G75/><T0/><D0/><U63/><E115/><V121/><F121/><W26/><G26/><T84/><D120/><U96/><E109/><V100/><F108/><W66/><G66/><N who="0" m="39207" /><D13/><U134/><E134/><V22/><F35/><W28/><G77/><T18/><D18/><U41/><E41/><V23/><F6/><W118/><G76/><T54/><D54/><U92/><E86/><V122/><F78/><W81/><G81/><N who="0" m="49423" /><D111/><U82/><E82/><V8/><F8/><W51/><G38/><N who="0" m="21783" /><D133/><U135/><E135/><V67/><F2/><W53/><G118/><T32/><D32/><U71/><E107/><V102/><F122/><W116/><G116/><T123/><D123/><U73/><E73/><V57/><F30/><W58/><G58/><T25/><D25/><U114/><E104/><V70/><F31/><W65/><G65/><T117/><D117/><U119/><E119/><V124/><F22/><W20/><G33/><T37/><D37/><U12/><E12/><V80/><F23/><W89/><G89/><T59/><D59/><U64/><E114/><V103/><F70/><N who="1" m="27241" /><E63/><V83/><F48/><W11/><G11/><T29/><D29/><U55/><E55/><V9/><F9/><W112/><G112/><T14/><D14/><U101/><E94/><V24/><F42/><W43/><G43/><T126/><D126/><N who="1" m="48139" /><E15/><V72/><F124/><RYUUKYOKU ba="0,0" sc="240,10,230,10,330,-30,200,10" hai0="5,7,129,131" hai1="16,62,64,71,92,96,101" hai3="17,19,20,27,28,45,47,49,51,52,53,91,95" /><INIT seed="3,1,0,3,3,19" ten="250,240,300,210" oya="3" hai0="64,73,20,44,68,110,82,2,104,126,9,106,117" hai1="6,129,40,99,77,15,124,84,59,36,134,103,28" hai2="35,42,121,122,24,132,67,46,119,61,85,102,49" hai3="51,72,93,113,131,79,21,60,43,23,41,97,31"/><W112/><G72/><T70/><D20/><U96/><E129/><V108/><F119/><W37/><G37/><T7/><D117/><U98/><E134/><V76/><F132/><W34/><G34/><T62/><D110/><U55/><E124/><V30/><F108/><W54/><G113/><T125/><D68/><U32/><E103/><V118/><F118/><W133/><G112/><T50/><D50/><U78/><E32/><V3/><F3/><W58/><G133/><T114/><D114/><U111/><E111/><V91/><F102/><N who="3" m="60719" /><G31/><T52/><D52/><U74/><E74/><V13/><F13/><W123/><G123/><N who="2" m="47113" /><F76/><N who="1" m="29289" /><E36/><V25/><F25/><W95/><G131/><T63/><D44/><U88/><E40/><N who="3" m="15434" /><G79/><N who="0" m="44399" /><D63/><N who="1" m="36351" /><E28/><V135/><F135/><W130/><G130/><T87/><D87/><U17/><E6/><V56/><F85/><W90/><G60/><T39/><D39/><U38/><E38/><V75/><F75/><W100/><G100/><T29/><D29/><U18/><E15/><V71/><F91/><W83/><G83/><AGARI ba="1,0" hai="17,18,83,84,88,96,98,99" m="36351,29289" machi="83" ten="30,2000,0" yaku="8,1,54,1" doraHai="19" who="1" fromWho="3" sc="250,0,240,23,300,0,210,-23" owari="250,-15.0,263,6.0,300,40.0,187,-31.0" /></mjloggm>