<mjloggm ver="2.3"><GO type="169" lobby="0"/><UN n0="%E3%82%AE%E3%82%AC%E3%83%9E%E3%82%A4%E3%83%B3" n1="%E6%A3%AE%E5%AE%AE%E8%92%BC%E4%B9%83" n2="%E5%B0%B1%E6%B4%BB%E7%94%9F%40%E5%B7%9D%E6%9D%91%E8%BB%8D%E5%9B%A3" n3="%66%65%65%73" dan="18,16,17,16" rate="2172.11,2117.84,2208.94,2136.40" sx="M,M,M,M"/><TAIKYOKU oya="0"/><INIT seed="0,0,0,4,4,113" ten="250,250,250,250" oya="0" hai0="117,92,76,125,102,91,66,28,84,75,22,38,110" hai1="68,33,88,96,62,25,86,52,78,114,70,16,105" hai2="129,55,130,2,132,135,45,46,24,56,121,37,69" hai3="64,3,120,104,60,116,40,23,27,63,67,94,107"/><T118/><D38/><U57/><E114/><V133/><F2/><W20/><G3/><T50/><D66/><U126/><E126/><V99/><F99/><W6/><G6/><T89/><D125/><U43/><E43/><N who="2" m="22767" /><F24/><W97/><G40/><T112/><D112/><U98/><E78/><V101/><F101/><W131/><G131/><N who="2" m="50185" /><F121/><W85/><G85/><T61/><D61/><U48/><E33/><V30/><F30/><W19/><G120/><T74/><D110/><U53/><E105/><V15/><F15/><W73/><G73/><N who="0" m="27659" /><D50/><U42/><E42/><V100/><F100/><W14/><G14/><T26/><D22/><N who="1" m="13511" /><E68/><V18/><F18/><W90/><G19/><T0/><D0/><U44/><E70/><V71/><F46/><W51/><G27/><T8/><D8/><U31/><E31/><V111/><F111/><W58/><G104/><T87/><D26/><U7/><E7/><V32/><F32/><W36/><G107/><T123/><D28/><U47/><E47/><V93/><F93/><AGARI ba="0,0" hai="44,48,52,53,57,62,86,88,93,96,98" m="13511" machi="93" ten="30,7700,0" yaku="8,1,54,3" doraHai="113" who="1" fromWho="2" sc="250,0,250,77,250,-77,250,0" /><INIT seed="1,0,0,1,0,6" ten="250,327,173,250" oya="1" hai0="95,90,55,50,84,61,20,104,68,113,97,44,37" hai1="93,114,1,130,45,12,109,88,100,47,98,94,106" hai2="33,42,0,29,59,124,67,72,4,128,8,39,30" hai3="102,70,35,112,126,81,48,25,62,51,99,56,92"/><U53/><E114/><V110/><F124/><W127/><G112/><T28/><D113/><U32/><E1/><V41/><F128/><W17/><G70/><T79/><D37/><U65/><E130/><V23/><F110/><W24/><G81/><T63/><D68/><U7/><E106/><V3/><F33/><W9/><G35/><T120/><D120/><U26/><E65/><V129/><F129/><W83/><G83/><N who="0" m="47231" /><D104/><U117/><E117/><V5/><F72/><W135/><G135/><T101/><D90/><U57/><E26/><AGARI ba="0,0" hai="20,26,28,44,50,55,61,63,95,97,101" m="47231" machi="26" ten="30,1000,0" yaku="8,1" doraHai="6" who="0" fromWho="1" sc="250,10,327,-10,173,0,250,0" /><INIT seed="2,0,0,2,2,134" ten="260,317,173,250" oya="2" hai0="92,132,105,38,7,66,27,16,103,135,25,87,124" hai1="107,133,83,74,93,5,114,2,73,78,49,110,51" hai2="47,99,61,13,113,31,75,120,48,57,122,86,63" hai3="121,36,71,45,20,95,119,68,77,0,60,4,54"/><V53/><F75/><W50/><G121/><T116/><D38/><U127/><E107/><V109/><F113/><W82/><G119/><T12/><D105/><U89/><E74/><V15/><F109/><W23/><G95/><T65/><D7/><U79/><E79/><V39/><F31/><W1/><G1/><T32/><D116/><U125/><E114/><V17/><F39/><W58/><G0/><T104/><D104/><U67/><E133/><N who="0" m="51273" /><D124/><N who="1" m="47691" /><E110/><V117/><F117/><W100/><G4/><T94/><D94/><U62/><E5/><V112/><F112/><W43/><G100/><T26/><D32/><U118/><E2/><V130/><F99/><W96/><G96/><N who="0" m="59783" /><D87/><N who="1" m="52415" /><E118/><V22/><F130/><W33/><G33/><T29/><D29/><U128/><E128/><V44/><F120/><W37/><G37/><T81/><D81/><U126/><N who="1" m="47699" /><U101/><DORA hai="98" /><E101/><V90/><F122/><W19/><G82/><T34/><D34/><U55/><E55/><V6/><F90/><W18/><G77/><T28/><D28/><U69/><AGARI ba="0,0" hai="49,51,62,67,69,73,78,83" m="52415,47699" machi="69" ten="40,8000,1" yaku="18,1,52,4" doraHai="134,98" who="1" fromWho="1" sc="260,-20,317,80,173,-40,250,-20" /><INIT seed="3,0,0,4,2,105" ten="240,397,133,230" oya="3" hai0="106,77,130,41,37,19,80,86,133,56,46,99,119" hai1="25,51,68,75,28,118,72,27,30,124,76,6,135" hai2="111,52,7,4,67,88,33,18,85,78,100,114,26" hai3="17,47,91,125,49,129,94,14,21,79,43,35,97"/><W34/><G125/><T81/><D119/><U69/><E118/><V15/><F114/><W116/><G116/><T90/><D133/><U82/><E124/><V104/><F111/><W31/><G129/><T8/><D130/><U3/><E135/><V112/><F112/><W113/><G113/><T115/><D115/><U71/><E51/><V132/><F67/><W55/><G79/><T95/><D106/><U38/><E38/><V0/><F132/><W53/><REACH who="3" step="1"/><G31/><REACH who="3" ten="240,397,133,220" step="2"/><T101/><D77/><U123/><E30/><V54/><F78/><W73/><G73/><T83/><D56/><U66/><E75/><V122/><F122/><W2/><G2/><T93/><D83/><U10/><E123/><V92/><F0/><W84/><G84/><T61/><D81/><U102/><E28/><V70/><F70/><W16/><G16/><T117/><D117/><U131/><E131/><V42/><F7/><W48/><G48/><T36/><D36/><U134/><E134/><V59/><F4/><W121/><G121/><T32/><D80/><U45/><E71/><V98/><F59/><W108/><G108/><T89/><D86/><U5/><E69/><V22/><F33/><AGARI ba="0,1" hai="14,17,21,33,34,35,43,47,49,53,55,91,94,97" machi="33" ten="40,2000,0" yaku="1,1,53,0" doraHai="105" doraHaiUra="63" who="3" fromWho="2" sc="240,0,397,0,133,-20,220,30" /><INIT seed="3,1,0,5,0,41" ten="240,397,113,250" oya="3" hai0="129,28,116,99,4,72,130,5,71,134,49,108,64" hai1="89,126,68,113,53,73,9,97,66,78,81,88,3" hai2="54,109,96,106,69,32,95,57,90,18,127,121,56" hai3="80,16,14,25,31,50,102,63,13,82,119,33,29"/><W55/><G119/><T58/><D72/><U135/><E113/><V1/><F69/><W47/><G102/><T26/><D71/><U85/><E126/><V70/><F70/><W120/><G120/><T93/><D116/><U92/><E135/><V46/><F109/><W45/><G13/><T123/><D123/><U77/><E77/><V24/><F121/><W7/><G7/><T51/><D108/><U10/><E53/><V44/><F1/><W110/><G31/><T42/><D134/><U104/><E3/><V15/><F127/><W20/><G110/><T83/><D83/><U35/><E35/><V19/><F106/><W59/><REACH who="3" step="1"/><G47/><REACH who="3" ten="240,397,113,240" step="2"/><N who="2" m="17961" /><F32/><W86/><G86/><T101/><D5/><U124/><E124/><V114/><F114/><W100/><G100/><T6/><D4/><U133/><E133/><V117/><F117/><W128/><G128/><T62/><D6/><U17/><E85/><V11/><F54/><AGARI ba="1,1" hai="14,16,20,25,29,33,45,50,54,55,59,63,80,82" machi="54" ten="30,12000,1" yaku="1,1,7,1,52,1,54,1,53,1" doraHai="41" doraHaiUra="12" who="3" fromWho="2" sc="240,0,397,0,113,-123,240,133" owari="240,-16.0,397,50.0,-10,-51.0,373,17.0" /></mjloggm>