<mjloggm ver="2.3"><GO type="169" lobby="0"/><UN n0="%6E%65%75%74%72%6F%6E" n1="%E3%82%A6%E3%83%AB%E3%83%88%E3%83%A9%E7%AB%8B%E7%9B%B4" n2="%E9%A2%A8%E8%BB%8A%E3%81%AE%E7%B5%B5%E7%90%86%E5%AD%90" n3="%69%73%63%6F%70%65" dan="16,16,17,17" rate="2133.17,2098.97,2148.03,2130.34" sx="M,M,F,M"/><TAIKYOKU oya="0"/><INIT seed="0,0,0,2,4,89" ten="250,250,250,250" oya="0" hai0="71,4,133,88,75,69,132,100,129,44,110,82,2" hai1="125,63,128,11,22,38,121,14,68,74,83,116,19" hai2="101,13,114,72,64,117,102,51,17,47,57,123,85" hai3="36,41,33,62,5,127,26,1,134,15,32,35,54"/><T115/><D115/><U73/><E121/><V76/><F72/><W43/><G36/><T49/><D129/><U20/><E116/><V39/><F39/><W107/><G107/><T8/><D100/><U55/><E38/><V108/><F114/><W27/><G62/><T65/><D65/><U12/><E128/><V46/><F123/><W79/><G79/><T120/><D120/><U3/><E125/><V126/><F108/><W86/><G54/><T94/><D110/><U91/><E3/><V25/><F126/><W99/><G99/><N who="0" m="57799" /><D82/><U45/><E68/><V106/><F117/><W9/><G127/><T53/><D75/><U10/><E73/><V52/><F106/><W40/><G1/><T78/><D78/><U29/><E74/><V7/><F7/><W80/><G80/><T124/><D124/><U96/><E83/><V103/><F64/><W56/><G86/><T34/><D34/><U31/><E91/><V16/><F76/><W87/><G87/><T67/><D67/><U122/><E96/><V37/><F85/><W28/><G33/><T84/><D84/><U105/><E105/><V30/><F37/><W104/><G104/><T97/><D97/><U6/><E122/><V24/><F17/><W135/><G56/><T111/><D111/><U23/><E63/><V70/><F70/><W59/><G59/><T113/><D113/><U95/><E95/><V98/><F98/><W90/><G90/><T118/><D118/><U18/><E6/><V77/><F77/><W66/><G66/><T109/><D109/><U130/><E130/><V61/><F61/><RYUUKYOKU ba="0,0" sc="250,10,250,10,250,-30,250,10" hai0="2,4,8,44,49,53,69,71,132,133" hai1="10,11,12,14,18,19,20,22,23,29,31,45,55" hai3="5,9,15,26,27,28,32,35,40,41,43,134,135" /><INIT seed="0,1,0,0,4,14" ten="260,260,220,260" oya="0" hai0="65,43,38,89,48,94,69,9,126,15,19,135,17" hai1="100,102,27,5,32,54,76,106,60,25,36,22,39" hai2="51,116,90,47,127,128,113,11,119,80,111,21,52" hai3="88,130,33,18,8,91,16,2,122,3,67,6,112"/><T131/><D38/><U103/><E106/><V104/><F104/><W45/><G112/><T68/><D126/><U57/><E5/><V4/><F113/><W46/><G33/><T132/><D131/><U50/><E76/><V0/><F111/><W109/><G109/><T37/><D37/><U74/><E74/><V12/><F128/><W97/><G130/><T79/><D79/><U125/><E125/><V72/><F127/><W98/><G67/><T59/><D65/><U115/><E115/><V121/><F121/><W83/><G122/><T81/><D81/><U42/><E32/><V73/><F80/><W105/><G105/><T133/><D43/><U82/><E27/><V10/><F21/><W93/><G2/><T20/><D48/><U129/><E82/><V124/><F90/><W24/><G24/><N who="0" m="14351" /><D59/><U120/><E120/><V99/><F99/><AGARI ba="1,0" hai="9,15,19,68,69,89,94,99,132,133,135" m="14351" machi="99" ten="30,5800,0" yaku="20,1,52,2" doraHai="14" who="0" fromWho="2" sc="260,61,260,0,220,-61,260,0" /><INIT seed="0,2,0,4,1,27" ten="321,260,159,260" oya="0" hai0="25,110,80,117,31,83,81,58,16,128,88,57,134" hai1="111,33,105,100,26,41,66,17,60,89,114,74,73" hai2="23,61,2,52,38,37,44,29,93,20,102,91,103" hai3="50,5,24,15,78,101,40,3,108,1,69,76,30"/><T4/><D117/><U9/><E114/><V79/><F2/><W72/><G69/><T104/><D104/><U130/><E111/><V109/><F79/><W95/><G108/><T107/><D107/><U119/><E119/><V68/><F109/><W65/><G65/><T28/><D110/><U99/><E130/><V90/><F68/><W62/><G62/><T36/><D36/><U64/><E41/><V59/><F38/><W98/><G1/><T86/><D4/><U133/><E66/><V120/><F120/><W121/><G3/><T55/><D128/><U124/><E124/><V49/><F37/><W127/><G127/><T122/><D122/><U56/><E133/><V63/><F63/><W118/><G118/><T19/><D134/><U70/><E56/><N who="0" m="21609" /><D55/><U0/><E89/><V82/><F82/><N who="0" m="31850" /><D25/><U35/><E35/><V54/><F90/><W51/><G121/><T6/><D6/><N who="1" m="1223" /><E17/><AGARI ba="2,0" hai="16,17,19,28,31,83,86,88" m="31850,21609" machi="17" ten="30,12000,1" yaku="8,1,52,2,54,2" doraHai="27" who="0" fromWho="1" sc="321,126,260,-126,159,0,260,0" /><INIT seed="0,3,0,1,5,92" ten="447,134,159,260" oya="0" hai0="124,32,74,84,78,0,80,109,97,91,128,67,54" hai1="72,130,63,24,96,30,36,44,85,135,81,69,88" hai2="47,53,101,40,121,14,16,95,132,25,112,62,107" hai3="120,127,90,75,122,98,42,99,60,51,93,94,19"/><T129/><D0/><U35/><E130/><N who="0" m="50281" /><D32/><U15/><E135/><V70/><F107/><W119/><G119/><T43/><D43/><U50/><E72/><V38/><F112/><W23/><G75/><T110/><D67/><U13/><E36/><V131/><F121/><N who="3" m="46699" /><G60/><T20/><D20/><U17/><E96/><N who="3" m="36906" /><G127/><T11/><D11/><U118/><E118/><V33/><F132/><W6/><G6/><T133/><D54/><U3/><E3/><V79/><F53/><W27/><G90/><T77/><D133/><U83/><E63/><V89/><F89/><W65/><G65/><T7/><D7/><U86/><E69/><V10/><F62/><W12/><G27/><T18/><D18/><U48/><E17/><V105/><F16/><W102/><G102/><T57/><D57/><U64/><E64/><V76/><F25/><W39/><G39/><T34/><D34/><U115/><E115/><V68/><F33/><W111/><G111/><N who="0" m="42507" /><D124/><U126/><E126/><V114/><F114/><W87/><G87/><T66/><D66/><U4/><E4/><V22/><F131/><W125/><G125/><T106/><D74/><U82/><E86/><V5/><F5/><W2/><G2/><T37/><D37/><U104/><E50/><V29/><F38/><W123/><G123/><T116/><D116/><U45/><E48/><V49/><F49/><W28/><G28/><T46/><D46/><AGARI ba="3,0" hai="12,19,23,42,46,51,93,94" m="36906,46699" machi="46" ten="30,7700,0" yaku="13,1,52,3" doraHai="92" who="3" fromWho="0" sc="447,-86,134,0,159,0,260,86" /><INIT seed="1,0,0,5,5,95" ten="361,134,159,346" oya="1" hai0="62,16,58,27,88,103,110,102,106,28,42,111,115" hai1="72,3,122,123,40,43,79,73,130,87,129,112,11" hai2="30,22,127,21,61,39,80,135,117,78,108,38,35" hai3="76,82,64,93,77,99,29,4,121,53,120,60,45"/><U36/><E87/><V6/><F117/><W124/><G124/><T66/><D115/><U14/><E112/><V133/><F6/><W47/><G77/><T89/><D42/><N who="1" m="15915" /><E3/><V1/><F1/><W90/><G4/><T9/><D28/><U97/><E36/><V5/><F5/><W86/><G29/><T2/><D2/><U25/><E25/><V23/><F108/><N who="0" m="41514" /><D103/><U7/><E79/><V17/><F127/><W56/><REACH who="3" step="1"/><G64/><REACH who="3" ten="361,134,159,336" step="2"/><T31/><D31/><U32/><E32/><V84/><F30/><W125/><G125/><T13/><D27/><U67/><E67/><V92/><F35/><W55/><G55/><T85/><D85/><U68/><E73/><V24/><F24/><W96/><G96/><AGARI ba="0,1" hai="9,13,16,58,62,66,88,89,96,102,106" m="41514" machi="96" ten="30,7700,0" yaku="14,1,52,1,54,2" doraHai="95" who="0" fromWho="3" sc="361,87,134,0,159,0,336,-77" /><INIT seed="2,0,0,0,3,82" ten="448,134,159,259" oya="2" hai0="55,13,68,69,33,124,75,34,127,9,129,76,39" hai1="114,130,96,99,26,77,19,125,85,71,115,78,128" hai2="6,23,93,56,110,57,61,44,28,11,118,95,105" hai3="47,87,131,132,72,108,31,121,104,27,123,91,48"/><V41/><F105/><W38/><G38/><T54/><D39/><U102/><E71/><V52/><F118/><W3/><G72/><T7/><D129/><N who="1" m="49771" /><E26/><V133/><F133/><W2/><G131/><T29/><D76/><N who="1" m="29291" /><E19/><V97/><F110/><W89/><G132/><T88/><D75/><U66/><E66/><V134/><F134/><W86/><G104/><T46/><D46/><U58/><E58/><V113/><F113/><N who="1" m="43017" /><E125/><V59/><F95/><W84/><G108/><T4/><D29/><U101/><E85/><V21/><F21/><W17/><G17/><T79/><D13/><U51/><E51/><V20/><F20/><W120/><G2/><T83/><D9/><U116/><E116/><V14/><F23/><W49/><G3/><T135/><D135/><U18/><E18/><V40/><F28/><W36/><G36/><T90/><D79/><U8/><E8/><V1/><F1/><W106/><G48/><T117/><D117/><U126/><E126/><V111/><F111/><W53/><G27/><T122/><D122/><U5/><E5/><V42/><REACH who="2" step="1"/><F44/><REACH who="2" ten="448,134,149,259" step="2"/><W119/><G31/><T12/><D127/><U50/><E50/><V112/><F112/><W103/><G119/><T74/><D124/><U81/><E81/><V35/><F35/><W24/><G24/><T65/><D83/><U45/><E45/><V0/><F0/><W63/><G120/><T60/><D33/><U64/><E64/><V109/><F109/><W30/><G121/><T70/><D34/><U100/><AGARI ba="0,1" hai="96,99,100,101,102" m="43017,29291,49771" machi="100" ten="40,8000,1" yaku="28,2,19,1,34,2" doraHai="82" who="1" fromWho="1" sc="448,-20,134,90,149,-40,259,-20" /><INIT seed="3,0,0,1,3,76" ten="428,224,109,239" oya="3" hai0="37,56,46,16,129,57,120,72,55,28,78,24,131" hai1="96,99,65,44,22,50,121,113,125,133,60,26,5" hai2="58,19,11,100,8,101,13,51,119,49,25,82,43" hai3="118,74,89,10,112,61,2,41,105,15,48,124,32"/><W3/><G118/><T81/><D120/><U63/><E121/><V97/><F119/><W67/><G32/><T102/><D102/><U17/><E113/><V0/><F0/><W132/><G105/><T21/><D28/><U68/><E125/><V69/><F69/><W35/><G35/><T126/><D126/><U40/><E133/><V4/><F43/><W42/><G112/><T12/><D12/><U77/><E5/><V66/><F101/><W84/><G74/><T90/><D90/><U59/><REACH who="1" step="1"/><E77/><REACH who="1" ten="428,214,109,239" step="2"/><V108/><F108/><W127/><G132/><T94/><D131/><U31/><E31/><V109/><F109/><W85/><G127/><T20/><D129/><U70/><E70/><V134/><F134/><W104/><G124/><T107/><D78/><U123/><E123/><V106/><F4/><W98/><G3/><T115/><D115/><U52/><AGARI ba="0,1" hai="17,22,26,40,44,50,52,59,60,63,65,68,96,99" machi="52" ten="20,5200,0" yaku="1,1,0,1,7,1,54,1,53,0" doraHai="76" doraHaiUra="117" who="1" fromWho="1" sc="428,-13,214,62,109,-13,239,-26" /><INIT seed="4,0,0,0,0,0" ten="415,276,96,213" oya="0" hai0="100,23,95,118,39,28,77,25,64,106,81,128,108" hai1="82,62,70,54,49,119,26,99,44,90,87,65,24" hai2="2,117,1,88,43,101,40,103,7,115,63,133,68" hai3="47,21,61,93,53,71,50,22,107,92,5,15,27"/><T9/><D118/><U45/><E119/><V74/><F74/><W4/><G107/><T14/><D106/><U35/><E35/><V72/><F72/><W51/><G71/><T60/><D39/><U91/><E99/><V41/><F117/><W126/><G61/><T57/><D128/><U80/><REACH who="1" step="1"/><E45/><REACH who="1" ten="415,266,96,213" step="2"/><V124/><F124/><W98/><G126/><T3/><D108/><U55/><E55/><V73/><F133/><W129/><G129/><T10/><D3/><U113/><E113/><V30/><F115/><W86/><G98/><N who="0" m="59487" /><D14/><U134/><E134/><V83/><F2/><W75/><G15/><T116/><D116/><U111/><E111/><V18/><F1/><W94/><G47/><T104/><D104/><U78/><E78/><V52/><F52/><W131/><G131/><T105/><D105/><U67/><E67/><V6/><F43/><W32/><G32/><T79/><D79/><U69/><E69/><V123/><F41/><W66/><G66/><T114/><D114/><U48/><E48/><V19/><F40/><W127/><G127/><T29/><D29/><U125/><E125/><V130/><F30/><W89/><G53/><T121/><D121/><U102/><E102/><V11/><F123/><W84/><G50/><T58/><D58/><U135/><E135/><V16/><F103/><W120/><G51/><T13/><D77/><U85/><AGARI ba="0,1" hai="24,26,44,49,54,62,65,70,80,82,85,87,90,91" machi="85" ten="30,8000,1" yaku="1,1,0,1,9,1,53,2" doraHai="0" doraHaiUra="76" who="1" fromWho="1" sc="415,-40,266,90,96,-20,213,-20" /><INIT seed="5,0,0,1,3,83" ten="375,356,76,193" oya="1" hai0="82,63,92,47,75,1,128,101,67,61,122,120,29" hai1="86,76,119,103,117,116,55,90,93,17,43,39,123" hai2="126,78,80,40,102,9,35,69,73,94,134,20,16" hai3="125,77,107,14,118,105,74,70,27,130,44,33,112"/><U88/><E123/><N who="0" m="47145" /><D1/><U21/><E43/><V50/><F35/><W89/><G70/><T96/><D128/><U41/><E41/><V26/><F69/><W113/><G118/><T104/><D29/><U46/><E39/><V64/><F64/><W68/><G68/><T31/><D31/><U124/><E124/><V4/><F134/><W131/><G27/><T121/><D121/><U100/><E76/><V48/><F126/><W58/><G14/><T133/><D133/><U6/><E6/><V7/><F7/><W110/><G58/><T12/><D47/><U28/><E28/><V36/><F102/><W53/><G53/><T97/><D12/><U111/><E111/><V24/><F24/><W5/><G44/><T114/><D114/><N who="3" m="44137" /><G5/><T81/><D75/><U84/><E55/><V13/><REACH who="2" step="1"/><F94/><REACH who="2" ten="375,356,66,193" step="2"/><W115/><G33/><T19/><D67/><U60/><E117/><V3/><F3/><W99/><G115/><T51/><D82/><N who="1" m="49239" /><E119/><V49/><F49/><W8/><G125/><T109/><D51/><U56/><E116/><V65/><F65/><W34/><G34/><T38/><D109/><U45/><E103/><V22/><F22/><W57/><G110/><T42/><D38/><U91/><E100/><V71/><F71/><W15/><G131/><T18/><D101/><U95/><E95/><V129/><F129/><W11/><G130/><T132/><D92/><U2/><E2/><V0/><F0/><W87/><G11/><T98/><D132/><U135/><E135/><V108/><F108/><W66/><G8/><T32/><D32/><U23/><E23/><RYUUKYOKU ba="0,1" sc="375,-10,356,-10,66,30,193,-10" hai2="4,9,13,16,20,26,36,40,48,50,73,78,80" /><INIT seed="6,1,1,0,5,120" ten="365,346,96,183" oya="2" hai0="99,58,4,50,39,129,22,105,15,3,130,57,95" hai1="86,16,56,132,101,43,38,112,79,78,92,2,121" hai2="91,37,111,41,27,8,46,85,66,80,71,100,59" hai3="131,102,60,94,20,0,5,107,133,88,104,82,33"/><V51/><F100/><W34/><G34/><T54/><D105/><U55/><E2/><V17/><F71/><W128/><G33/><T28/><D39/><U114/><E121/><V61/><F37/><W13/><G0/><T29/><D3/><U109/><E43/><V52/><F111/><W122/><G122/><T45/><D4/><U36/><E38/><V98/><F98/><W70/><G82/><T118/><D118/><U127/><E36/><V12/><REACH who="2" step="1"/><F27/><REACH who="2" ten="365,346,86,183" step="2"/><W7/><G102/><T117/><D117/><U25/><E109/><V97/><F97/><W31/><G70/><T108/><D108/><U65/><E101/><V40/><AGARI ba="1,2" hai="8,12,17,40,41,46,51,52,59,61,66,80,85,91" machi="40" ten="30,18000,2" yaku="1,1,0,1,25,2,8,1,54,1,53,0" doraHai="120" doraHaiUra="75" who="2" fromWho="2" sc="365,-61,346,-61,86,203,183,-61" /><INIT seed="6,2,0,4,2,117" ten="304,285,289,122" oya="2" hai0="65,116,123,28,110,38,22,50,35,37,122,34,6" hai1="126,4,49,112,53,100,58,17,55,72,81,25,103" hai2="90,129,51,119,94,121,9,63,40,8,66,62,96" hai3="98,59,127,43,130,84,29,114,85,115,7,101,75"/><V13/><F119/><W18/><G75/><T124/><D110/><U131/><E126/><V104/><F104/><W12/><G7/><T102/><D116/><U68/><E68/><V15/><F129/><W88/><G29/><T46/><D6/><U118/><E118/><V10/><F121/><W2/><G2/><T39/><D124/><U61/><E112/><N who="3" m="43050" /><G127/><T16/><D102/><U111/><E111/><V41/><F51/><W106/><G130/><T21/><D65/><U1/><E131/><V132/><F132/><W64/><G43/><N who="2" m="16457" /><F66/><W91/><G84/><T47/><D39/><U135/><E135/><V77/><F77/><W128/><G85/><T56/><D50/><U33/><E4/><V57/><F57/><W48/><G128/><T70/><D56/><U83/><E1/><V74/><F74/><W5/><G5/><T60/><D28/><U44/><E33/><V82/><F82/><N who="1" m="31241" /><E72/><V0/><F0/><W20/><G48/><T134/><D134/><U3/><E3/><V76/><F76/><W92/><G106/><T108/><D108/><U19/><E19/><V71/><F71/><W11/><G11/><T78/><D70/><U95/><E95/><V99/><F99/><W30/><G30/><T67/><D78/><U120/><E17/><V125/><F125/><W105/><G105/><T42/><D16/><U52/><E49/><V54/><F54/><W26/><G26/><T93/><D42/><U24/><E53/><V113/><F113/><W109/><G109/><T69/><D69/><U87/><E55/><V80/><F80/><W23/><G23/><RYUUKYOKU ba="2,0" sc="304,-15,285,-15,289,15,122,15" hai2="8,9,10,13,15,62,63,90,94,96" hai3="12,18,20,59,64,88,91,92,98,101" /><INIT seed="6,3,0,2,5,39" ten="289,270,304,137" oya="2" hai0="7,117,103,64,84,122,80,54,120,37,55,18,62" hai1="9,65,45,11,50,2,44,104,134,133,69,130,20" hai2="83,98,4,67,30,113,31,10,109,132,75,56,38" hai3="32,73,34,51,43,19,88,46,112,59,36,101,15"/><V121/><F38/><W57/><G73/><T126/><D37/><U0/><E104/><V71/><F71/><W94/><G101/><T58/><D7/><U5/><E130/><V79/><F121/><W91/><G112/><T135/><D135/><N who="1" m="51723" /><E20/><V111/><F132/><W131/><G131/><T25/><D126/><U61/><E50/><V63/><F113/><W60/><G91/><T3/><D3/><U24/><E24/><V90/><F98/><W33/><G36/><T114/><D114/><U72/><E72/><V26/><F90/><W41/><G41/><T89/><D117/><U87/><E87/><V74/><F74/><W13/><G60/><T93/><D120/><U92/><E92/><V96/><F96/><W116/><G116/><T125/><D125/><U49/><E49/><V22/><REACH who="2" step="1"/><F31/><REACH who="2" ten="289,270,294,137" step="2"/><W118/><G118/><T17/><D122/><U35/><E35/><V123/><F123/><W12/><REACH who="3" step="1"/><G19/><REACH who="3" ten="289,270,294,127" step="2"/><T119/><D119/><U97/><E97/><AGARI ba="3,2" hai="12,13,15,32,33,34,43,46,51,57,59,88,94,97" machi="97" ten="50,12000,2" yaku="1,1,2,1,52,1,54,1,53,2" doraHai="39" doraHaiUra="52" who="3" fromWho="1" sc="289,0,270,-129,294,0,127,149" /><INIT seed="7,0,0,0,3,131" ten="289,141,294,276" oya="3" hai0="64,125,122,59,104,110,69,99,116,0,96,78,93" hai1="106,135,22,107,121,87,21,13,108,119,61,31,126" hai2="102,17,57,7,29,123,16,81,26,52,63,12,6" hai3="19,77,25,97,50,1,83,66,60,112,134,98,38"/><W10/><G38/><T44/><D0/><U33/><E121/><V35/><F123/><W103/><G112/><T62/><D110/><U56/><E108/><V49/><F102/><W58/><G97/><T72/><D116/><U4/><E119/><V114/><F114/><W36/><G36/><T73/><D122/><U8/><E126/><V28/><F28/><W39/><G39/><T14/><D125/><U82/><E33/><V90/><F17/><W76/><G76/><T115/><D115/><U94/><E94/><V117/><F117/><W18/><G25/><T100/><D44/><U30/><E135/><V40/><F40/><W85/><G134/><T128/><D128/><U24/><E22/><V71/><F71/><W42/><G1/><T3/><D3/><U91/><REACH who="1" step="1"/><E31/><REACH who="1" ten="289,131,294,276" step="2"/><V34/><F34/><W118/><G118/><T129/><D129/><U86/><E86/><V46/><F29/><W127/><G127/><T124/><D124/><U48/><E48/><V51/><F51/><W47/><G10/><T45/><D72/><U113/><E113/><V67/><F35/><W75/><G75/><T53/><D73/><U109/><E109/><V132/><F132/><W92/><AGARI ba="0,1" hai="18,19,42,47,50,58,60,66,77,83,85,92,98,103" machi="92" ten="20,3900,0" yaku="0,1,7,1,8,1" doraHai="131" who="3" fromWho="3" sc="289,-13,131,-13,294,-13,276,49" owari="276,-12.0,118,-38.0,281,8.0,325,42.0" /></mjloggm>