<mjloggm ver="2.3"><GO type="41" lobby="0"/><UN n0="%E5%B0%B1%E6%B4%BB%E7%94%9F%40%E5%B7%9D%E6%9D%91%E8%BB%8D%E5%9B%A3" n1="%74%75%6B%61" n2="%73%68%61%76%6F" n3="%E3%82%BF%E3%82%B9%E3%82%B1" dan="15,14,14,13" rate="2020.67,1895.77,1940.82,1866.15" sx="M,M,M,M"/><TAIKYOKU oya="0"/><INIT seed="0,0,0,5,2,38" ten="250,250,250,250" oya="0" hai0="66,122,80,107,44,32,98,115,12,43,134,113,102" hai1="79,90,119,13,54,132,51,7,39,3,123,84,59" hai2="56,52,64,131,78,16,26,25,83,70,53,129,81" hai3="65,2,103,93,71,60,34,89,36,109,46,29,106"/><T82/><D122/><U114/><E119/><V62/><F53/><W35/><G109/><T126/><D32/><U88/><E123/><V135/><F135/><W96/><G2/><T108/><D134/><U24/><E132/><V97/><F97/><W22/><G22/><T127/><D66/><U8/><E114/><N who="0" m="43529" /><D12/><U105/><E105/><V61/><F81/><N who="0" m="31338" /><D44/><U125/><E79/><V40/><F40/><W30/><G30/><T63/><D63/><U55/><E39/><V99/><F99/><W33/><G89/><T19/><D19/><U68/><E68/><V15/><F26/><N who="3" m="18615" /><G93/><T5/><D5/><U48/><E125/><N who="0" m="47625" /><D43/><AGARI ba="0,0" hai="34,35,36,43,46,60,65,71,96,103,106" m="18615" machi="43" ten="30,7700,0" yaku="25,1,33,2,52,1" doraHai="38" who="3" fromWho="0" sc="250,-77,250,0,250,0,250,77" /><INIT seed="1,0,0,3,4,38" ten="173,250,250,327" oya="1" hai0="110,113,112,13,127,54,56,17,118,106,25,123,99" hai1="12,111,91,46,2,52,67,95,4,53,128,122,7" hai2="131,109,100,23,0,105,37,101,39,125,80,6,69" hai3="61,5,94,27,14,15,58,29,77,21,33,40,133"/><U63/><E122/><V114/><F69/><W1/><G133/><T90/><D118/><U116/><E116/><V41/><F109/><W36/><G77/><T124/><D110/><U108/><E128/><V107/><F125/><W115/><G115/><T31/><D123/><U24/><E2/><V98/><F131/><W19/><G15/><T45/><D45/><U68/><E24/><V75/><F23/><W120/><G120/><T81/><D106/><U102/><E102/><V65/><F65/><W121/><G94/><T85/><D99/><U35/><E35/><V126/><F126/><W57/><G121/><T83/><D127/><U66/><E66/><V82/><F114/><W86/><G86/><T10/><D124/><U134/><E134/><V9/><F80/><W119/><G119/><T8/><D8/><U47/><E47/><N who="2" m="23983" /><F39/><W28/><G28/><T49/><REACH who="0" step="1"/><D81/><REACH who="0" ten="163,250,250,327" step="2"/><U88/><E108/><V43/><F98/><W89/><G36/><T104/><D104/><U103/><E111/><V44/><F105/><W87/><G33/><AGARI ba="0,1" hai="10,13,17,25,31,33,49,54,56,83,85,90,112,113" machi="33" ten="30,2000,0" yaku="1,1,7,1,53,0" doraHai="38" doraHaiUra="16" who="0" fromWho="3" sc="163,30,250,0,250,0,327,-20" /><INIT seed="2,0,0,3,0,113" ten="193,250,250,307" oya="2" hai0="90,61,70,17,75,28,23,63,93,115,7,35,86" hai1="21,54,92,52,3,62,51,100,126,40,95,131,91" hai2="47,72,11,33,77,124,128,58,37,74,34,81,108" hai3="22,43,49,15,129,96,42,24,119,85,66,50,57"/><V98/><F128/><W99/><G129/><T38/><D115/><U89/><E131/><V125/><F108/><W84/><G15/><T0/><D75/><U26/><E3/><V1/><F74/><W59/><G22/><T29/><D38/><U19/><E126/><N who="2" m="48747" /><F58/><W109/><G109/><T30/><D35/><U10/><E10/><V123/><F98/><W2/><G2/><T132/><D132/><U53/><E62/><N who="0" m="23561" /><D70/><U55/><E40/><N who="2" m="22927" /><F123/><W36/><G36/><T14/><D0/><U120/><E100/><V82/><F82/><W122/><G24/><T133/><D133/><U105/><E105/><V48/><F48/><W12/><G12/><T87/><D7/><AGARI ba="0,0" hai="1,7,11,33,34,72,77,81" m="22927,48747" machi="7" ten="30,5800,0" yaku="25,1,18,1,23,1" doraHai="113" who="2" fromWho="0" sc="193,-58,250,0,250,58,307,0" /><INIT seed="2,1,0,0,4,111" ten="135,250,308,307" oya="2" hai0="55,130,49,104,73,2,6,54,20,45,25,83,32" hai1="78,87,3,134,13,118,65,19,127,40,114,42,60" hai2="80,123,16,81,97,37,0,59,132,100,96,102,110" hai3="62,27,88,85,70,74,1,4,68,15,29,44,113"/><V50/><F37/><W91/><G1/><T22/><D104/><U8/><E118/><V10/><F123/><W35/><G74/><T46/><D130/><U38/><E127/><V9/><F132/><W77/><G77/><T57/><D32/><U39/><E134/><V84/><F110/><W112/><G91/><T86/><D73/><U30/><E3/><V58/><F0/><W115/><G44/><T103/><D103/><U28/><E39/><V51/><F84/><W126/><G126/><T47/><D2/><U71/><E114/><V18/><AGARI ba="1,0" hai="9,10,16,18,50,51,58,59,80,81,96,97,100,102" machi="18" ten="25,12000,1" yaku="0,1,22,2,8,1,54,1" doraHai="111" who="2" fromWho="2" sc="135,-41,250,-41,308,123,307,-41" /><INIT seed="2,2,0,2,5,70" ten="94,209,431,266" oya="2" hai0="40,79,5,14,2,9,124,66,56,100,85,39,35" hai1="129,99,45,13,102,97,103,43,108,117,75,48,32" hai2="29,119,121,130,61,71,125,123,62,26,25,133,90" hai3="111,81,93,105,49,0,78,80,36,6,68,58,69"/><V104/><F119/><W87/><G111/><T84/><D124/><U12/><E117/><V67/><F125/><W64/><G105/><T16/><D35/><U4/><E108/><V24/><F133/><W46/><G81/><T126/><D126/><U15/><E129/><V109/><F130/><W65/><G65/><T96/><D66/><U89/><E75/><V95/><F109/><W92/><G69/><T7/><D56/><U1/><E32/><V59/><F104/><W20/><G68/><T37/><D40/><U8/><REACH who="1" step="1"/><E89/><REACH who="1" ten="94,199,431,266" step="2"/><V76/><F123/><W21/><G78/><T134/><D134/><U88/><E88/><V18/><F76/><W41/><G36/><T44/><D44/><U122/><E122/><V54/><F121/><W77/><G46/><T30/><D30/><U57/><E57/><V55/><F29/><W135/><G58/><T38/><D79/><U28/><E28/><V132/><F132/><W113/><G77/><T74/><D74/><U86/><E86/><V127/><F127/><W47/><G87/><T116/><D116/><U42/><E42/><V98/><REACH who="2" step="1"/><F55/><REACH who="2" ten="94,199,421,266" step="2"/><W131/><G135/><T33/><D33/><U107/><E107/><V128/><F128/><W27/><G131/><T22/><REACH who="0" step="1"/><D5/><REACH who="0" ten="84,199,421,266" step="2"/><U110/><E110/><V120/><F120/><W51/><G6/><T10/><D10/><U101/><AGARI ba="2,3" hai="1,4,8,12,13,15,43,45,48,97,99,101,102,103" machi="101" ten="30,7900,0" yaku="1,1,0,1,53,2" doraHai="70" doraHaiUra="94" who="1" fromWho="1" sc="84,-22,199,115,421,-41,266,-22" /><INIT seed="3,0,0,2,3,105" ten="62,314,380,244" oya="3" hai0="10,35,8,44,45,131,112,108,39,20,115,77,51" hai1="34,64,79,128,71,117,48,123,133,110,97,85,101" hai2="17,57,84,68,80,81,16,107,121,5,27,36,109" hai3="28,52,90,13,98,86,62,2,12,104,119,26,100"/><W120/><G120/><T135/><D35/><U25/><E110/><V130/><F68/><W92/><G119/><T102/><D108/><U118/><E123/><V63/><F36/><W116/><G116/><T18/><D102/><U73/><E85/><V94/><F107/><W31/><G2/><T60/><D60/><N who="1" m="40327" /><E48/><V61/><F109/><W66/><G52/><T87/><D39/><U37/><E37/><V32/><F5/><W0/><G0/><T96/><D96/><U53/><E53/><V19/><F121/><W59/><REACH who="3" step="1"/><G31/><REACH who="3" ten="62,314,380,234" step="2"/><T50/><D131/><U111/><E111/><V11/><F32/><AGARI ba="0,1" hai="12,13,26,28,32,59,62,66,86,90,92,98,100,104" machi="32" ten="30,11600,0" yaku="1,1,2,1,7,1,53,1" doraHai="105" doraHaiUra="30" who="3" fromWho="2" sc="62,0,314,0,380,-116,234,126" /><INIT seed="3,1,0,4,2,15" ten="62,314,264,360" oya="3" hai0="125,3,101,106,71,102,57,34,36,20,100,43,88" hai1="124,42,91,59,119,47,131,19,25,48,17,50,73" hai2="1,44,64,107,66,103,128,4,123,33,77,129,32" hai3="69,49,22,111,112,16,99,95,78,40,98,56,63"/><W97/><G112/><T11/><D34/><U35/><E124/><V38/><F123/><W46/><G69/><T110/><D106/><U52/><E131/><V121/><F121/><W134/><G134/><T54/><D125/><U31/><E119/><V8/><F103/><W2/><G2/><T18/><D71/><U41/><E73/><V76/><F107/><W86/><G111/><T87/><D110/><U21/><E42/><N who="2" m="22615" /><F64/><W39/><G39/><T118/><D118/><U5/><E5/><V79/><F66/><W37/><G37/><T14/><D36/><U24/><REACH who="1" step="1"/><E91/><REACH who="1" ten="62,304,264,360" step="2"/><V12/><F129/><W117/><G117/><T126/><D126/><U127/><E127/><V6/><F128/><W75/><G75/><T60/><D43/><U28/><AGARI ba="1,1" hai="17,19,21,24,25,28,31,35,41,47,48,50,52,59" machi="28" ten="20,12000,2" yaku="1,1,0,1,7,1,52,2,54,1,53,0" doraHai="15" doraHaiUra="108" who="1" fromWho="1" sc="62,-31,304,133,264,-31,360,-61" /><INIT seed="4,0,0,4,0,17" ten="31,437,233,299" oya="0" hai0="55,114,111,94,2,102,100,74,34,29,121,97,6" hai1="99,59,62,85,23,72,70,92,120,14,0,51,81" hai2="68,54,9,115,127,36,83,76,122,3,134,44,109" hai3="65,50,86,56,10,96,52,133,131,46,31,57,129"/><T53/><D121/><U45/><E0/><V60/><F109/><W18/><G133/><T30/><D74/><U13/><E70/><V4/><F122/><W98/><G31/><T105/><D111/><U35/><E72/><V61/><F115/><W128/><G86/><T88/><D114/><U135/><E35/><V47/><F134/><W28/><G28/><T21/><D34/><U77/><E135/><V95/><F95/><W90/><G90/><T103/><D105/><U113/><E113/><V108/><F108/><W66/><G10/><T91/><D91/><N who="1" m="55711" /><E23/><V123/><F127/><W73/><G73/><T107/><D107/><U82/><E82/><V64/><F123/><W75/><G75/><T63/><D63/><U71/><E71/><V41/><F47/><W5/><G5/><T11/><REACH who="0" step="1"/><D30/><REACH who="0" ten="21,437,233,299" step="2"/><U42/><E120/><V43/><F60/><W119/><G128/><T20/><D20/><U12/><E62/><V19/><F61/><W48/><G131/><T117/><D117/><U38/><E38/><V33/><F36/><W32/><G119/><T84/><D84/><U39/><E39/><V89/><F33/><W78/><G129/><T24/><AGARI ba="0,1" hai="2,6,11,21,24,29,53,55,88,94,97,100,102,103" machi="24" ten="30,11700,0" yaku="1,1,0,1,52,1,54,1,53,0" doraHai="17" doraHaiUra="118" who="0" fromWho="0" sc="21,127,437,-39,233,-39,299,-39" /><INIT seed="4,1,0,3,4,98" ten="148,398,194,260" oya="0" hai0="86,78,131,132,67,35,105,4,93,94,33,8,28" hai1="130,120,70,22,2,127,103,102,14,135,112,82,16" hai2="118,30,13,129,97,49,79,1,27,101,134,123,96" hai3="114,7,100,95,65,77,52,106,44,126,111,21,43"/><T25/><D105/><U75/><E70/><V128/><F1/><W45/><G106/><T60/><D35/><U110/><E110/><V109/><F123/><W68/><G111/><T17/><D131/><U92/><E120/><V124/><F109/><W48/><G126/><T6/><D132/><U63/><E2/><V31/><F118/><W62/><G114/><T85/><D17/><U64/><E135/><V90/><F79/><W50/><G7/><T47/><D47/><U122/><E122/><V55/><F134/><W36/><G77/><T39/><D39/><U23/><E127/><V104/><F13/><W133/><G133/><T99/><D78/><U88/><E130/><N who="2" m="50283" /><F27/><W76/><G76/><T34/><D34/><U0/><E0/><V59/><F124/><W84/><G21/><T71/><D94/><AGARI ba="1,0" hai="30,31,49,55,59,90,94,96,97,101,104" m="50283" machi="94" ten="30,2000,0" yaku="19,1,52,1" doraHai="98" who="2" fromWho="0" sc="148,-23,398,0,194,23,260,0" /><INIT seed="5,0,0,1,1,118" ten="125,398,217,260" oya="1" hai0="74,25,34,120,66,121,127,65,46,122,27,85,5" hai1="14,82,97,84,8,6,71,114,29,47,131,60,72" hai2="36,42,119,61,30,124,73,15,64,94,17,16,39" hai3="79,62,43,19,18,125,20,57,69,45,100,129,52"/><U38/><E114/><V116/><F73/><W78/><G129/><T92/><D74/><U111/><E131/><V113/><F113/><W7/><G125/><T13/><D127/><U109/><E72/><V68/><F124/><W31/><G69/><T89/><D46/><U126/><E126/><V83/><F30/><W88/><G100/><T134/><D134/><U51/><E38/><V106/><F106/><W32/><G32/><T102/><D102/><U128/><E29/><V54/><F94/><W9/><G31/><N who="0" m="19823" /><D27/><U40/><E97/><V104/><F104/><W44/><G88/><T41/><D41/><U101/><E101/><V86/><F54/><W1/><G18/><T35/><D35/><U132/><E128/><V37/><F42/><W70/><G70/><T130/><D130/><U98/><E98/><V133/><F133/><W23/><G23/><T11/><AGARI ba="0,0" hai="5,11,13,65,66,85,89,92,120,121,122" m="19823" machi="11" ten="40,8000,1" yaku="13,1,52,3" doraHai="118" who="0" fromWho="0" sc="125,80,398,-40,217,-20,260,-20" /><INIT seed="6,0,0,5,4,28" ten="205,358,197,240" oya="2" hai0="32,107,113,102,98,76,34,83,89,70,86,19,100" hai1="31,132,15,5,71,68,97,2,1,13,105,111,106" hai2="101,93,46,110,11,112,44,114,24,130,37,64,20" hai3="125,63,90,58,115,88,134,6,12,29,124,123,133"/><V128/><F110/><W94/><G123/><T85/><D70/><U135/><E31/><N who="2" m="17799" /><F11/><N who="3" m="4215" /><G29/><T4/><D113/><N who="2" m="43626" /><F64/><N who="3" m="39031" /><G115/><T43/><D43/><U108/><E97/><N who="2" m="59567" /><F37/><W91/><G94/><T75/><D100/><U14/><E111/><V35/><F35/><W47/><G47/><AGARI ba="0,0" hai="44,46,47,128,130" m="59567,43626,17799" machi="47" ten="30,1500,0" yaku="15,1" doraHai="28" who="2" fromWho="3" sc="205,0,358,0,197,15,240,-15" /><INIT seed="6,1,0,0,3,122" ten="205,358,212,225" oya="2" hai0="22,126,125,96,34,90,103,135,88,123,27,36,118" hai1="18,78,81,41,120,64,128,23,82,94,130,42,70" hai2="12,98,76,71,108,131,66,45,60,97,32,33,43" hai3="48,49,28,56,73,59,51,10,86,106,1,116,62"/><V74/><F131/><N who="1" m="50217" /><E120/><V54/><F12/><W2/><G73/><T21/><D123/><U47/><E94/><V87/><F74/><W24/><G116/><T69/><D36/><N who="1" m="21927" /><E42/><V111/><F54/><W39/><G39/><T57/><D69/><U3/><E3/><V25/><F87/><W35/><G106/><N who="0" m="63847" /><D135/><U6/><E6/><V55/><F55/><W112/><G112/><T29/><D57/><U100/><E100/><V61/><F76/><W104/><G104/><T26/><D118/><U75/><E81/><V99/><F61/><W110/><G1/><T132/><D132/><U109/><E109/><N who="2" m="42059" /><F25/><W92/><G24/><T124/><D34/><U80/><E80/><V46/><F46/><W115/><G35/><T93/><D93/><U102/><E64/><V11/><F11/><W53/><G10/><T65/><D65/><U83/><E82/><V9/><F9/><W17/><G110/><T72/><D72/><U20/><E75/><V52/><F52/><W68/><G53/><T13/><D13/><U5/><E5/><V117/><F117/><W133/><G2/><T121/><D121/><U0/><E0/><V113/><F113/><W119/><G115/><T37/><D37/><AGARI ba="1,0" hai="32,33,37,43,45,60,66,71,97,98,99" m="42059" machi="37" ten="30,11600,0" yaku="10,1,52,3" doraHai="122" who="2" fromWho="0" sc="205,-119,358,0,212,119,225,0" /><INIT seed="6,2,0,4,0,85" ten="86,358,331,225" oya="2" hai0="110,26,77,112,62,28,124,32,121,109,37,73,107" hai1="31,86,5,71,10,12,34,29,106,95,40,59,81" hai2="63,82,90,76,6,123,55,3,0,44,100,15,43" hai3="49,93,88,72,45,33,118,68,50,99,46,42,120"/><V125/><F123/><W78/><G120/><T119/><D62/><U66/><E71/><V30/><F30/><W102/><G118/><T101/><D26/><U8/><E106/><V98/><F125/><W21/><G33/><T91/><D28/><U60/><E40/><V70/><F0/><W130/><G130/><T47/><D47/><U103/><E34/><V97/><F3/><W87/><G68/><T38/><D101/><U13/><E95/><V129/><F129/><W7/><G7/><T117/><D77/><N who="1" m="46383" /><E103/><V83/><F76/><W104/><G21/><T14/><D14/><U56/><E56/><V64/><F55/><W17/><G17/><AGARI ba="2,0" hai="5,8,10,12,13,17,29,31,59,60,66" m="46383" machi="17" ten="30,1000,0" yaku="8,1" doraHai="85" who="1" fromWho="3" sc="86,0,358,16,331,0,225,-16" /><INIT seed="7,0,0,4,4,12" ten="86,374,331,209" oya="3" hai0="80,106,71,130,114,70,93,68,117,3,112,92,37" hai1="6,0,51,16,103,85,89,76,63,11,124,66,113" hai2="29,65,72,135,30,52,48,109,90,19,46,26,120" hai3="133,102,131,47,53,33,91,67,49,4,104,28,27"/><W57/><G131/><T34/><D93/><U101/><E113/><V77/><F109/><W118/><G118/><T108/><D92/><U1/><E1/><V99/><F135/><W132/><G4/><T44/><D80/><U119/><E119/><V23/><F120/><W25/><G25/><T15/><D15/><U14/><E124/><V127/><F127/><W94/><G104/><T100/><D100/><U69/><E51/><V22/><F65/><W116/><G116/><T13/><D13/><U54/><E54/><V128/><F128/><W10/><G10/><T45/><D45/><U64/><E76/><V129/><F129/><W20/><G33/><T61/><D61/><U87/><E87/><V125/><F125/><W59/><G102/><T5/><D44/><U97/><E97/><V107/><F23/><W110/><G110/><T7/><D7/><U78/><E78/><V111/><F111/><W18/><G28/><T39/><D5/><U75/><E75/><V88/><F90/><W95/><G95/><T115/><D106/><U42/><E42/><V123/><F123/><W9/><G9/><T122/><D34/><U32/><E66/><V41/><F41/><W50/><G67/><T24/><D3/><U105/><E32/><V40/><F40/><W81/><G81/><T58/><D130/><U96/><E105/><V36/><F36/><N who="0" m="13898" /><D24/><U55/><E63/><V98/><F98/><N who="3" m="57695" /><G49/><T82/><D122/><U8/><E96/><V35/><F35/><W126/><G126/><T73/><D117/><U21/><E0/><V17/><F107/><W83/><G83/><RYUUKYOKU ba="0,0" sc="86,-10,374,-10,331,-10,209,30" hai3="18,20,27,47,50,53,57,59,132,133" /><INIT seed="7,1,0,5,3,40" ten="76,364,321,239" oya="3" hai0="56,99,117,69,111,5,32,110,57,67,0,47,30" hai1="44,6,95,25,12,77,96,24,86,73,75,23,36" hai2="4,104,122,3,20,42,116,78,124,60,81,15,50" hai3="89,93,66,10,85,83,72,88,127,74,63,7,52"/><W121/><G121/><T82/><D117/><U16/><E25/><V58/><F116/><W19/><G127/><T39/><D57/><U123/><E123/><V100/><F122/><W70/><G19/><T76/><D56/><U1/><E1/><V34/><F34/><W80/><G52/><T62/><D99/><U22/><E86/><V87/><F124/><W92/><G83/><T2/><D110/><U103/><E77/><V113/><F113/><W31/><G31/><T106/><D111/><U135/><E135/><V8/><F104/><W109/><G109/><T28/><D106/><U105/><E105/><V54/><F100/><W128/><G128/><T65/><D65/><U102/><E102/><V84/><F84/><W125/><G125/><T26/><D30/><U115/><E115/><V98/><F98/><W130/><G130/><T9/><D0/><U114/><E114/><V46/><F3/><W18/><G18/><T90/><D90/><U17/><REACH who="1" step="1"/><E6/><REACH who="1" ten="76,354,321,239" step="2"/><V43/><F43/><AGARI ba="1,1" hai="12,16,17,22,23,24,36,43,44,73,75,95,96,103" machi="43" ten="40,8000,1" yaku="1,1,2,1,52,1,54,1,53,0" doraHai="40" doraHaiUra="64" who="1" fromWho="2" sc="76,0,354,93,321,-83,239,0" owari="76,-42.0,447,54.0,238,-16.0,239,4.0" /></mjloggm>