<mjloggm ver="2.3"><GO type="97" lobby="0"/><UN n0="%E3%82%BF%E3%83%B3%E3%83%A4%E3%82%AA%E8%B0%B7%E5%B7%9D" n1="%6D%31%38%33%34" n2="%E7%B4%85%40%E6%9D%8F%E6%9D%8F%E8%BB%8D%E5%9C%98" n3="%E5%B0%B1%E6%B4%BB%E7%94%9F%40%E5%B7%9D%E6%9D%91%E8%BB%8D%E5%9B%A3" dan="15,14,14,14" rate="2056.45,1982.23,1960.61,1981.29" sx="M,M,F,M"/><TAIKYOKU oya="0"/><INIT seed="0,0,0,4,4,70" ten="250,250,250,250" oya="0" hai0="81,80,104,85,32,17,71,55,116,29,123,61,132" hai1="92,84,46,31,21,118,34,111,79,113,74,115,38" hai2="94,16,60,58,20,72,76,91,77,45,93,50,63" hai3="135,15,22,126,99,117,10,110,75,105,68,125,4"/><T108/><D123/><U52/><E118/><V14/><F72/><W44/><G68/><T6/><D116/><U96/><E34/><V47/><F94/><W65/><G117/><T12/><D104/><U124/><E74/><V130/><F130/><W102/><G110/><T107/><D107/><U33/><E33/><V27/><F14/><W8/><G75/><T90/><D6/><U82/><E111/><V100/><F100/><W35/><G135/><T131/><D108/><U53/><E124/><N who="3" m="47722" /><G35/><T9/><D131/><U43/><E31/><V39/><F39/><W56/><G44/><T73/><D132/><U13/><E21/><V87/><F47/><W1/><G22/><T120/><D120/><U37/><E13/><V97/><F87/><W40/><G40/><T89/><D71/><U49/><E53/><N who="2" m="33871" /><F63/><N who="3" m="38119" /><G10/><T51/><D61/><U127/><E127/><V101/><F101/><W18/><G1/><T24/><D73/><U59/><REACH who="1" step="1"/><E37/><REACH who="1" ten="250,240,250,250" step="2"/><V11/><F11/><W78/><G78/><T0/><D0/><U98/><E98/><V114/><F114/><W57/><G4/><T7/><D7/><U69/><E69/><V134/><F134/><W129/><G129/><T25/><D25/><U41/><E41/><AGARI ba="0,1" hai="16,20,27,41,45,50,76,77,91,93,97" m="33871" machi="41" ten="30,3900,0" yaku="25,1,8,1,54,1" doraHai="70" who="2" fromWho="1" sc="250,0,240,-39,250,49,250,0" /><INIT seed="1,0,0,0,0,108" ten="250,201,299,250" oya="1" hai0="26,28,13,121,27,17,74,11,42,19,8,132,78" hai1="98,43,85,4,58,105,46,114,99,120,124,24,45" hai2="71,30,52,73,81,129,31,7,14,51,131,64,126" hai3="44,122,62,61,125,128,76,100,0,57,94,35,34"/><U12/><E120/><V55/><F64/><W53/><G0/><T95/><D42/><U67/><E124/><V15/><F71/><W66/><G122/><T10/><D74/><U3/><E3/><V65/><F126/><W54/><G125/><T1/><D78/><U91/><E105/><V32/><F65/><W93/><G128/><N who="2" m="49225" /><F32/><W135/><G76/><T69/><D69/><U21/><E114/><V83/><F73/><W18/><G135/><T36/><D36/><U16/><E67/><V86/><F7/><W20/><G35/><N who="0" m="20887" /><D95/><U97/><E58/><N who="2" m="33055" /><F55/><W118/><G34/><T56/><D56/><U123/><E123/><V47/><F47/><W63/><G118/><T116/><D132/><U39/><E45/><V37/><F37/><W59/><G100/><T70/><D70/><U112/><E112/><V102/><F102/><W88/><G44/><T130/><D130/><U133/><E133/><V113/><F113/><W82/><G66/><T25/><D116/><U90/><REACH who="1" step="1"/><E85/><REACH who="1" ten="250,191,299,250" step="2"/><V96/><F86/><N who="3" m="50263" /><G63/><T41/><D121/><U2/><E2/><V84/><F84/><W22/><G62/><T72/><D72/><U87/><E87/><V111/><F111/><W104/><G104/><T109/><D109/><U110/><E110/><V127/><F127/><W6/><G59/><T119/><D119/><U117/><E117/><V5/><F5/><W68/><G68/><T101/><D1/><U106/><E106/><V92/><F81/><W50/><G57/><T103/><D41/><U40/><E40/><V77/><F83/><W115/><G61/><T49/><D101/><RYUUKYOKU ba="0,1" sc="250,-10,191,30,299,-10,250,-10" hai1="4,12,16,21,24,39,43,46,90,91,97,98,99" /><INIT seed="1,1,1,3,1,57" ten="240,221,289,240" oya="1" hai0="86,50,56,30,93,103,62,132,60,112,24,74,49" hai1="126,115,41,70,84,59,120,54,96,17,77,20,16" hai2="1,116,63,82,80,43,37,135,71,65,23,95,12" hai3="87,45,107,108,102,72,83,4,127,118,76,125,47"/><U27/><E70/><V110/><F116/><W128/><G118/><T121/><D112/><U124/><E120/><V5/><F110/><W8/><G108/><T134/><D74/><U39/><E115/><V75/><F75/><W48/><G128/><T91/><D121/><U32/><E32/><V88/><F135/><N who="0" m="51754" /><D103/><U14/><E96/><V133/><F133/><W109/><G109/><T129/><D129/><U0/><E0/><V51/><F1/><W31/><G31/><T81/><D81/><U104/><E104/><V3/><F3/><N who="3" m="31" /><G72/><T46/><D56/><U119/><E119/><V26/><F37/><W11/><G11/><T33/><D50/><U69/><E69/><V85/><F71/><W18/><G18/><T123/><D123/><U25/><E41/><AGARI ba="1,1" hai="24,30,33,41,46,49,60,62,86,91,93" m="51754" machi="41" ten="30,3900,0" yaku="20,1,52,2" doraHai="57" who="0" fromWho="1" sc="240,52,221,-42,289,0,240,0" /><INIT seed="2,0,0,4,1,59" ten="292,179,289,240" oya="2" hai0="67,36,122,5,7,18,106,17,83,94,100,43,30" hai1="20,38,89,82,34,46,60,126,11,69,79,115,53" hai2="108,132,26,63,76,84,19,51,3,131,123,68,45" hai3="39,29,118,21,96,111,124,27,116,78,12,65,23"/><V127/><F123/><W130/><G39/><T14/><D122/><U64/><E34/><V54/><F3/><W1/><G78/><T107/><D83/><U133/><E115/><V98/><F127/><W13/><G65/><T41/><D30/><U104/><E104/><V86/><F108/><W24/><G96/><T103/><D67/><U87/><E126/><V110/><F131/><W77/><G77/><T128/><D36/><U73/><E133/><V10/><F110/><W2/><G124/><T16/><D128/><U90/><E11/><V0/><F0/><W70/><G70/><T52/><D18/><U93/><E89/><V119/><F119/><W101/><G101/><T99/><D94/><U102/><E102/><V8/><F132/><W4/><G130/><T48/><D17/><U81/><E81/><V15/><F76/><W117/><G111/><T55/><D7/><U22/><E53/><V95/><F10/><N who="3" m="2319" /><G2/><T125/><D55/><U32/><E32/><V31/><F68/><W35/><G35/><T92/><D5/><U72/><REACH who="1" step="1"/><E73/><REACH who="1" ten="292,169,289,240" step="2"/><V129/><F129/><W109/><G109/><T80/><D125/><U112/><E112/><V74/><F74/><W25/><G29/><T57/><D80/><U85/><E85/><V40/><F84/><W120/><G120/><T135/><D135/><U6/><E6/><V50/><F86/><W134/><G134/><T88/><D107/><U33/><E33/><V47/><F8/><W71/><G71/><T91/><D106/><U28/><E28/><V75/><F75/><W61/><G61/><T58/><D103/><RYUUKYOKU ba="0,1" sc="292,-15,169,15,289,-15,240,15" hai1="20,22,38,46,60,64,69,72,79,82,87,90,93" hai3="12,13,21,23,24,25,27,116,117,118" /><INIT seed="3,1,1,4,0,83" ten="277,184,274,255" oya="3" hai0="107,36,15,78,81,48,91,131,38,126,95,33,54" hai1="75,72,135,47,60,74,30,113,118,109,114,49,105" hai2="103,128,59,29,82,96,71,129,120,84,1,39,7" hai3="26,32,50,18,43,117,98,4,64,25,42,80,134"/><W67/><G117/><T108/><D107/><U106/><E30/><V123/><F39/><W58/><G134/><T55/><D33/><U133/><E60/><V86/><F71/><W6/><G32/><T122/><D122/><N who="2" m="46634" /><F29/><W45/><G42/><T61/><D108/><U121/><E47/><V20/><F20/><N who="3" m="13463" /><G26/><T22/><D126/><U24/><E24/><V89/><F59/><W9/><G9/><T93/><D131/><U85/><E49/><V52/><F52/><N who="3" m="29775" /><G98/><T65/><D38/><U62/><E62/><V37/><F37/><W90/><G43/><T63/><D36/><U11/><E11/><N who="2" m="2543" /><F86/><N who="3" m="50503" /><G58/><T77/><D65/><AGARI ba="1,1" hai="4,6,64,65,67" m="50503,29775,13463" machi="65" ten="30,5800,0" yaku="8,1,52,1,54,1" doraHai="83" who="3" fromWho="0" sc="277,-61,184,0,274,0,255,71" owari="216,-18.0,184,-32.0,274,7.0,326,43.0" /></mjloggm>