<mjloggm ver="2.3"><GO type="41" lobby="0"/><UN n0="%6D%65%6E%73%69%6F" n1="%E3%83%88%E3%83%88%E3%83%AA%E5%85%88%E7%94%9F%31%39%E6%AD%B3" n2="%E3%81%82%E3%82%93%E3%82%89%E3%81%A3%E3%81%8D%E3%83%BC" n3="%E8%88%98%E7%94%B0%E6%B5%A9%E7%BF%94" dan="15,14,13,14" rate="2002.17,2023.38,1993.26,1898.85" sx="M,F,M,M"/><TAIKYOKU oya="0"/><INIT seed="0,0,0,2,3,101" ten="250,250,250,250" oya="0" hai0="124,45,66,30,26,4,25,125,17,108,43,76,126" hai1="40,122,38,111,79,80,63,60,110,36,20,49,68" hai2="34,13,42,107,11,37,86,24,87,10,123,51,105" hai3="114,2,130,59,0,28,5,54,92,56,6,103,99"/><T119/><D119/><U95/><E95/><V47/><F123/><W132/><G114/><T23/><D66/><N who="1" m="41031" /><E20/><V52/><F11/><W120/><G120/><T18/><D76/><U78/><E122/><V104/><F24/><W71/><G71/><T94/><D4/><U65/><E78/><V14/><F34/><W55/><G28/><T131/><D131/><U32/><E32/><V93/><F93/><W33/><G130/><T88/><D108/><N who="1" m="41515" /><E40/><V96/><F96/><W35/><G92/><T72/><D72/><N who="1" m="43111" /><E49/><V90/><F90/><W61/><G61/><T85/><REACH who="0" step="1"/><D26/><REACH who="0" ten="240,250,250,250" step="2"/><U113/><E113/><V115/><F115/><W3/><G3/><T27/><D27/><U31/><E31/><V58/><REACH who="2" step="1"/><F14/><REACH who="2" ten="240,250,240,250" step="2"/><W39/><G0/><T41/><D41/><U48/><E65/><V100/><F100/><W21/><G2/><T82/><D82/><U89/><E89/><V69/><F69/><W67/><G103/><T15/><D15/><U70/><E70/><V118/><F118/><W109/><G109/><T44/><D44/><U127/><E127/><V98/><F98/><W1/><G99/><T16/><D16/><AGARI ba="0,2" hai="10,13,16,37,42,47,51,52,58,86,87,104,105,107" machi="16" ten="40,16000,3" yaku="1,1,52,3,54,2,53,2" doraHai="101" doraHaiUra="81" who="2" fromWho="0" sc="240,-160,250,0,240,180,250,0" /><INIT seed="1,0,0,0,3,23" ten="80,250,420,250" oya="1" hai0="57,50,1,69,108,14,116,28,121,83,122,56,32" hai1="44,47,2,87,109,60,95,12,9,131,101,29,111" hai2="96,90,124,43,94,133,89,132,68,62,134,31,113" hai3="106,52,80,15,24,118,3,102,105,97,21,46,67"/><U37/><E2/><V66/><F113/><W65/><G3/><T17/><D116/><U38/><E131/><V74/><F74/><W55/><G106/><T99/><D69/><U85/><E60/><V112/><F112/><W0/><G0/><T41/><D1/><U88/><E101/><V92/><F124/><W27/><G118/><T110/><D83/><U16/><E29/><V20/><F43/><W79/><G15/><T58/><D99/><U18/><E18/><V11/><F11/><W76/><G21/><T8/><D32/><U84/><E47/><V73/><F73/><W59/><G46/><N who="0" m="25935" /><D28/><U19/><E19/><V98/><F20/><W115/><G115/><T53/><D53/><N who="3" m="20553" /><G105/><T54/><D54/><U93/><E44/><V13/><F13/><W123/><G123/><AGARI ba="0,0" hai="8,14,17,56,57,58,108,110,121,122,123" m="25935" machi="123" ten="30,1000,0" yaku="13,1" doraHai="23" who="0" fromWho="3" sc="80,10,250,0,420,0,250,-10" /><INIT seed="2,0,0,5,5,68" ten="90,250,420,240" oya="2" hai0="123,0,1,135,83,107,112,45,62,66,105,29,96" hai1="130,39,38,82,4,59,41,49,114,88,6,87,71" hai2="94,52,8,102,108,33,95,65,27,116,72,40,85" hai3="25,35,106,30,69,124,103,77,127,37,48,3,13"/><V42/><F72/><W67/><G3/><T75/><D123/><U61/><E114/><V126/><F65/><W98/><G77/><T36/><D112/><U120/><E120/><V93/><F116/><W51/><G13/><T89/><D135/><U110/><E110/><V78/><F108/><W122/><G122/><T60/><D60/><U134/><E134/><V117/><F117/><W19/><G19/><T18/><D29/><U57/><E71/><V79/><F102/><W26/><G26/><T43/><D18/><U101/><E130/><V74/><F74/><W125/><REACH who="3" step="1"/><G37/><REACH who="3" ten="90,250,420,230" step="2"/><T111/><D111/><U55/><E6/><V14/><F79/><W100/><G100/><T32/><D89/><U22/><E4/><V64/><F78/><W99/><G99/><T17/><D17/><U73/><E73/><V133/><F27/><W58/><G58/><T84/><D75/><U80/><E101/><V47/><F133/><W21/><G21/><T121/><D96/><U81/><E22/><V132/><F132/><W34/><G34/><T128/><D32/><U24/><E24/><V129/><F33/><W109/><G109/><T119/><D121/><U11/><E11/><V2/><F14/><W15/><G15/><T92/><D1/><U53/><REACH who="1" step="1"/><E39/><REACH who="1" ten="90,240,420,230" step="2"/><N who="2" m="21919" /><F8/><W7/><G7/><T46/><D36/><U91/><E91/><V28/><F2/><W50/><G50/><T54/><D0/><U56/><E56/><V16/><F16/><W44/><G44/><AGARI ba="0,2" hai="38,41,44,49,53,55,57,59,61,80,81,82,87,88" machi="44" ten="40,5200,0" yaku="1,1,52,1,54,1,53,0" doraHai="68" doraHaiUra="63" who="1" fromWho="3" sc="90,0,240,72,420,0,230,-52" /><INIT seed="3,0,0,1,2,10" ten="90,312,420,178" oya="3" hai0="6,13,58,87,111,64,39,46,30,54,119,15,99" hai1="134,3,50,89,42,112,2,105,66,115,53,121,69" hai2="101,116,52,74,62,18,110,73,49,22,117,82,14" hai3="20,88,71,55,1,11,28,75,9,84,72,29,132"/><W104/><G104/><T135/><D111/><U68/><E121/><V59/><F110/><W90/><G71/><T133/><D30/><U79/><E105/><V129/><F129/><W63/><G132/><N who="0" m="50763" /><D119/><U24/><E134/><V27/><F101/><W12/><G63/><N who="0" m="38007" /><D6/><U70/><E66/><V77/><F74/><W98/><G1/><T4/><D4/><U7/><E42/><V109/><F109/><W8/><G98/><T41/><D99/><U126/><E126/><V51/><F51/><W86/><G9/><T17/><D54/><U100/><E7/><V103/><F103/><W97/><G97/><T128/><D128/><U21/><E100/><V108/><F108/><W67/><G55/><T43/><D41/><U0/><E53/><V32/><F32/><W80/><G67/><T120/><D120/><U45/><E3/><V25/><F116/><W95/><G20/><T81/><D17/><U131/><E131/><V83/><F117/><W37/><G37/><T40/><D40/><U107/><E2/><V102/><F102/><W38/><G38/><T124/><D124/><U114/><E0/><V19/><F19/><W130/><G130/><T35/><D35/><U36/><E36/><V123/><F123/><W5/><REACH who="3" step="1"/><G8/><REACH who="3" ten="90,312,420,168" step="2"/><T85/><D85/><U118/><E118/><V92/><F22/><W78/><G78/><AGARI ba="0,1" hai="13,15,39,43,46,78,81,87" m="38007,50763" machi="78" ten="30,3900,0" yaku="20,1,52,2" doraHai="10" who="0" fromWho="3" sc="90,49,312,0,420,0,168,-39" /><INIT seed="4,0,0,4,1,31" ten="139,312,420,129" oya="0" hai0="105,29,24,131,92,34,42,39,120,73,119,0,87" hai1="2,18,124,57,13,129,46,1,89,50,135,75,38" hai2="113,9,106,121,37,132,103,11,44,55,16,43,51" hai3="21,15,4,25,125,10,93,82,111,69,128,91,14"/><T59/><D119/><U104/><E75/><V63/><F121/><W23/><G69/><T133/><D73/><U88/><E104/><V19/><F103/><W85/><G111/><T112/><D112/><U101/><E101/><V127/><F106/><W53/><G128/><T90/><D120/><U48/><E129/><V41/><F113/><W17/><G125/><T123/><D123/><U66/><E38/><V100/><F100/><W36/><G36/><T52/><D131/><U20/><E124/><V30/><F127/><W22/><G53/><T98/><D0/><U83/><E135/><V49/><F132/><W61/><G61/><T126/><D126/><U116/><E116/><V8/><F63/><W27/><REACH who="3" step="1"/><G82/><REACH who="3" ten="139,312,420,119" step="2"/><T96/><D133/><U97/><E83/><V108/><F108/><W114/><G114/><T81/><D105/><U62/><E50/><V70/><F70/><W122/><G122/><T7/><D39/><U35/><E48/><V60/><F60/><W80/><G80/><T32/><D42/><U56/><E62/><V84/><F43/><W115/><G115/><T99/><D81/><U33/><E66/><V68/><F68/><W45/><G45/><T28/><D52/><U102/><E46/><V118/><F55/><W12/><G12/><T77/><D77/><U5/><E1/><V3/><F3/><W58/><G58/><T72/><D59/><U95/><E57/><V130/><F41/><W71/><G71/><T117/><D117/><U54/><E56/><V64/><F118/><W47/><G47/><T107/><D107/><U134/><E54/><RYUUKYOKU ba="0,1" sc="139,-10,312,-10,420,-10,119,30" hai3="4,10,14,15,17,21,22,23,25,27,85,91,93" /><INIT seed="5,1,1,5,0,59" ten="129,302,410,149" oya="1" hai0="126,14,33,76,30,112,117,41,5,105,20,113,96" hai1="17,75,72,71,92,56,3,66,65,132,13,16,11" hai2="98,55,46,40,67,82,63,123,27,133,35,128,134" hai3="19,77,122,61,37,99,64,2,4,26,0,81,50"/><U70/><E132/><V69/><F123/><W24/><G122/><T124/><D76/><U9/><E56/><V101/><F128/><W106/><G37/><T84/><D84/><U119/><E92/><V47/><F55/><W73/><G106/><T103/><D117/><U51/><E51/><V38/><F82/><W48/><G99/><T21/><D41/><U93/><E93/><V10/><F10/><W130/><G130/><T111/><D111/><U90/><E90/><V102/><F47/><W131/><G131/><T87/><D87/><U116/><REACH who="1" step="1"/><E13/><REACH who="1" ten="129,292,410,149" step="2"/><V1/><F133/><W60/><G0/><AGARI ba="1,2" hai="0,3,9,11,16,17,65,66,70,71,72,75,116,119" machi="0" ten="25,18000,2" yaku="1,1,2,1,22,2,54,1,53,2" doraHai="59" doraHaiUra="115" who="1" fromWho="3" sc="129,0,292,203,410,0,149,-183" owari="129,-27.0,495,59.0,410,21.0,-34,-53.0" /></mjloggm>