<mjloggm ver="2.3"><GO type="97" lobby="0"/><UN n0="%E5%B7%B7%E3%81%AE%E6%89%93%E3%81%A1%E6%89%8B" n1="%E3%81%82%E3%81%A4%E3%81%82%E3%81%A4%E6%B9%AF%E5%A9%86%E5%A9%86" n2="%E5%B0%B1%E6%B4%BB%E7%94%9F%40%E5%B7%9D%E6%9D%91%E8%BB%8D%E5%9B%A3" n3="%E9%87%8C%E4%B8%AD%E4%BA%9C%E7%9F%A2%E5%AD%90" dan="16,16,14,14" rate="2105.85,2023.54,1969.69,1911.44" sx="M,M,M,F"/><TAIKYOKU oya="0"/><INIT seed="0,0,0,0,4,50" ten="250,250,250,250" oya="0" hai0="11,97,77,69,127,71,57,10,100,125,33,38,19" hai1="74,99,130,13,24,55,67,46,109,16,27,126,22" hai2="26,87,20,89,14,42,29,37,128,90,104,60,3" hai3="105,45,53,92,83,134,7,124,34,101,98,135,103"/><T41/><D33/><U85/><E74/><V122/><F3/><W28/><G124/><N who="0" m="47691" /><D77/><U93/><E126/><V32/><F122/><W17/><G83/><T75/><D75/><U23/><E109/><V9/><F104/><W79/><G79/><T52/><D41/><U129/><E67/><V78/><F128/><N who="1" m="49257" /><E85/><V111/><F32/><W2/><G7/><T115/><D38/><U108/><E108/><V59/><F42/><W5/><G17/><T62/><D115/><U81/><E81/><N who="2" m="47543" /><F37/><W65/><G65/><T119/><D119/><U61/><E23/><V94/><F94/><W25/><G5/><T110/><D110/><U36/><E36/><V15/><F111/><W72/><G72/><T63/><D63/><U73/><E73/><V8/><F8/><N who="0" m="3114" /><D19/><U64/><E64/><N who="2" m="38943" /><F14/><W44/><G2/><T114/><D114/><U18/><E18/><AGARI ba="0,0" hai="9,15,18,20,26,29,89,90" m="38943,47543" machi="18" ten="30,1000,0" yaku="8,1" doraHai="50" who="2" fromWho="1" sc="250,0,250,-10,250,10,250,0" /><INIT seed="1,0,0,2,3,87" ten="250,240,260,250" oya="1" hai0="110,94,47,104,116,1,8,80,98,35,72,49,112" hai1="129,53,17,63,40,62,54,133,50,5,11,130,97" hai2="115,111,135,74,2,19,38,88,0,3,46,132,95" hai3="18,67,84,96,106,6,4,26,134,9,44,82,79"/><U122/><E17/><V101/><F74/><W124/><G124/><T131/><D112/><U100/><E122/><V107/><F115/><W69/><G134/><N who="2" m="51241" /><F111/><W7/><G44/><T20/><D116/><U10/><E133/><V120/><F120/><W33/><G9/><N who="1" m="3082" /><E5/><V48/><F38/><W78/><G78/><T91/><D35/><U68/><E40/><N who="2" m="24647" /><F19/><W127/><G127/><T123/><D123/><U28/><E28/><V76/><F76/><W108/><G108/><T105/><D20/><U113/><E113/><V66/><F66/><W25/><G25/><T56/><D8/><U125/><E125/><V55/><F55/><N who="1" m="21001" /><E50/><V36/><F36/><W81/><G18/><T93/><D1/><U64/><E68/><V23/><F23/><W30/><G81/><T102/><D49/><U70/><E70/><V128/><F128/><N who="1" m="49257" /><E64/><V37/><F37/><W31/><G31/><T24/><D131/><U59/><E59/><V34/><F34/><W89/><G79/><N who="0" m="44135" /><D56/><U117/><E117/><V32/><F32/><W73/><G73/><T29/><D110/><U119/><E119/><V22/><F22/><W71/><REACH who="3" step="1"/><G67/><REACH who="3" ten="250,240,260,240" step="2"/><T21/><D47/><U83/><E83/><V51/><F2/><W42/><G42/><T61/><D61/><U60/><E60/><V13/><F3/><W109/><G109/><T65/><D65/><U52/><E52/><V43/><F43/><W118/><G118/><T99/><D29/><U86/><E62/><V103/><F0/><W15/><G15/><T12/><D12/><U85/><E63/><V58/><F13/><W121/><G121/><RYUUKYOKU ba="0,1" sc="250,10,240,10,260,-30,240,10" hai0="21,24,91,93,94,98,99,102,104,105" hai1="85,86,97,100" hai3="4,6,7,26,30,33,69,71,82,84,89,96,106" /><INIT seed="1,1,1,4,1,83" ten="260,250,230,250" oya="1" hai0="34,79,77,46,87,100,97,29,10,7,57,67,114" hai1="64,102,49,32,113,96,81,35,99,42,107,65,45" hai2="130,75,39,51,122,37,22,36,44,50,9,54,27" hai3="118,71,52,4,24,73,89,126,61,93,33,15,23"/><U111/><E113/><V62/><F122/><W135/><G73/><T70/><D114/><U72/><E96/><V116/><F75/><W3/><G126/><T6/><D57/><U8/><E8/><V98/><F116/><W69/><G3/><T30/><D46/><U123/><E123/><V110/><F110/><W95/><G33/><T131/><D131/><U60/><E111/><V91/><F130/><W125/><G125/><T18/><D18/><U127/><E127/><V115/><F115/><W128/><G128/><T43/><D43/><U94/><E107/><V31/><F62/><W26/><G135/><T101/><D101/><U103/><E103/><V59/><F9/><N who="3" m="4519" /><G95/><T1/><D7/><U20/><E20/><V48/><F44/><W90/><G118/><T117/><D117/><U106/><E106/><V13/><F13/><W14/><G90/><T76/><D34/><U5/><E5/><V68/><F68/><W119/><G119/><T63/><REACH who="0" step="1"/><D87/><REACH who="0" ten="250,250,230,250" step="2"/><U58/><E65/><V82/><REACH who="2" step="1"/><F98/><REACH who="2" ten="250,250,220,250" step="2"/><N who="3" m="57647" /><G71/><T40/><D40/><U38/><E38/><V66/><F66/><W78/><G69/><T25/><D25/><U55/><E64/><V134/><F134/><W85/><G26/><T84/><D84/><AGARI ba="1,3" hai="22,27,31,36,37,39,48,50,51,54,59,82,84,91" machi="84" ten="40,5200,0" yaku="1,1,52,1,53,1" doraHai="83" doraHaiUra="53" who="2" fromWho="0" sc="250,-55,250,0,220,85,250,0" /><INIT seed="2,0,0,0,3,15" ten="195,250,305,250" oya="2" hai0="6,4,25,85,78,48,132,82,39,111,83,11,128" hai1="46,101,42,74,55,67,109,9,88,110,24,40,36" hai2="62,123,3,106,10,96,126,98,122,130,63,116,19" hai3="75,90,65,105,76,84,124,127,18,54,66,23,103"/><V117/><F106/><W41/><G41/><T34/><D39/><U92/><E74/><V33/><F33/><W97/><G54/><T56/><D111/><N who="1" m="42507" /><E67/><V73/><F73/><W115/><G115/><T5/><D128/><U95/><E42/><V7/><F130/><W35/><G35/><T134/><D11/><U102/><E95/><V27/><F126/><N who="3" m="48171" /><G76/><T38/><D38/><U68/><E68/><V1/><F27/><N who="3" m="14839" /><G75/><T31/><REACH who="0" step="1"/><D83/><AGARI ba="0,0" hai="65,66,83,84,90,97,103,105" m="14839,48171" machi="83" ten="30,2000,0" yaku="18,1,52,1" doraHai="15" who="3" fromWho="0" sc="195,-20,250,0,305,0,250,20" /><INIT seed="3,0,0,4,5,103" ten="175,250,305,270" oya="3" hai0="43,95,123,68,28,31,74,58,36,4,75,47,112" hai1="94,39,120,49,71,46,70,60,21,27,78,65,88" hai2="93,30,5,131,86,52,20,108,106,92,72,90,25" hai3="19,97,13,26,67,34,66,110,128,80,102,16,73"/><W96/><G128/><T134/><D123/><U35/><E35/><V126/><F106/><W37/><G37/><T45/><D134/><U84/><E120/><V99/><F72/><W38/><G38/><T69/><D112/><U15/><E39/><V1/><F108/><W117/><G117/><T23/><D4/><U18/><E78/><V114/><F114/><W119/><G119/><T12/><D58/><U79/><E79/><V29/><F126/><W64/><G80/><T14/><D36/><U8/><E71/><V53/><F131/><W124/><G73/><T130/><D130/><U129/><E129/><V33/><F1/><W11/><G124/><T50/><D95/><U82/><E94/><V22/><F5/><W105/><G97/><T89/><D50/><U125/><E125/><V76/><F76/><W77/><G77/><T10/><D23/><U83/><E83/><V44/><F44/><W32/><REACH who="3" step="1"/><G110/><REACH who="3" ten="175,250,305,260" step="2"/><T118/><D118/><U3/><E82/><V2/><F99/><W6/><G6/><T109/><D109/><U91/><E84/><V0/><F86/><W85/><G85/><T100/><D100/><U107/><E91/><V9/><F90/><W56/><G56/><T87/><D87/><U42/><E88/><V41/><F92/><W98/><G98/><T62/><D89/><U135/><E70/><V57/><F93/><W132/><G132/><T121/><D121/><U54/><E135/><V61/><F57/><W7/><G7/><T59/><D59/><N who="1" m="37023" /><E3/><V104/><F2/><W81/><G81/><T48/><D74/><U113/><E113/><RYUUKYOKU ba="0,1" sc="175,-10,250,-10,305,-10,260,30" hai3="11,13,16,19,26,32,34,64,66,67,96,102,105" /><INIT seed="3,1,1,2,1,111" ten="165,240,295,290" oya="3" hai0="79,57,18,64,56,72,90,80,40,65,45,105,76" hai1="112,98,46,135,66,38,121,128,11,118,8,51,101" hai2="1,92,115,102,17,132,81,24,73,122,108,87,43" hai3="53,61,85,22,47,26,25,31,2,93,104,94,32"/><W35/><G104/><T103/><D79/><U120/><E38/><V70/><F115/><W133/><G2/><T69/><D69/><U68/><E118/><V88/><F108/><W125/><G125/><T20/><D90/><U4/><E11/><V123/><F70/><W77/><G133/><T5/><D5/><U130/><E135/><V12/><F1/><W99/><G35/><T67/><D103/><U42/><E112/><V82/><F132/><W16/><G47/><T41/><D105/><N who="1" m="63671" /><E66/><V58/><F43/><W23/><G32/><T134/><D41/><U97/><E97/><N who="2" m="59687" /><F24/><W33/><G33/><T28/><D28/><U74/><E74/><V15/><F58/><N who="3" m="35023" /><G99/><T54/><D134/><U113/><E113/><V49/><F49/><W27/><G27/><T60/><D57/><U86/><E86/><N who="2" m="50255" /><F73/><W84/><G84/><T9/><D9/><U50/><E50/><V114/><F114/><W55/><G55/><T44/><REACH who="0" step="1"/><D40/><REACH who="0" ten="155,240,295,290" step="2"/><U89/><E89/><N who="2" m="51447" /><F17/><W110/><G110/><T75/><D75/><U116/><E68/><V29/><F29/><W14/><G26/><AGARI ba="1,2" hai="18,20,26,44,45,54,56,60,64,65,67,72,76,80" machi="26" ten="40,1300,0" yaku="1,1,53,0" doraHai="111" doraHaiUra="0" who="0" fromWho="3" sc="155,36,240,0,295,0,290,-16" /><INIT seed="4,0,0,2,3,118" ten="191,240,295,274" oya="0" hai0="28,120,106,0,13,86,8,69,91,107,111,77,46" hai1="112,25,129,130,102,95,99,6,64,124,75,113,68" hai2="53,21,71,50,93,61,37,42,105,32,2,89,70" hai3="125,19,117,34,58,122,29,85,43,54,78,134,33"/><T90/><D69/><U38/><E38/><V66/><F32/><W24/><G117/><T131/><D0/><U27/><E75/><V98/><F2/><W119/><G119/><T80/><D120/><U123/><E6/><V101/><F71/><W7/><G134/><T26/><D131/><N who="1" m="50187" /><E124/><V41/><F37/><W114/><G7/><T30/><D111/><U79/><E79/><V126/><F21/><W59/><G114/><N who="1" m="44138" /><E123/><V10/><F10/><W11/><G125/><T72/><D46/><U109/><E109/><V97/><F126/><W121/><G43/><T17/><D28/><U127/><E127/><V16/><F16/><W56/><G54/><T44/><D44/><AGARI ba="0,0" hai="41,42,44,50,53,61,66,70,89,93,97,98,101,105" machi="44" ten="30,1000,0" yaku="7,1" doraHai="118" who="2" fromWho="0" sc="191,-10,240,0,295,10,274,0" owari="181,-32.0,240,-16.0,305,41.0,274,7.0" /></mjloggm>