<mjloggm ver="2.3"><GO type="97" lobby="0"/><UN n0="%73%69%6D%6F%6E%38%30%30" n1="%4D%55%4B%41%42%55%4B%49" n2="%E5%B0%B1%E6%B4%BB%E7%94%9F%40%E5%B7%9D%E6%9D%91%E8%BB%8D%E5%9B%A3" n3="%73%61%6C%74%79%64%6F%67" dan="15,14,14,14" rate="1979.18,1902.28,1928.98,1945.45" sx="M,M,M,M"/><TAIKYOKU oya="0"/><INIT seed="0,0,0,5,1,127" ten="250,250,250,250" oya="0" hai0="81,75,54,57,93,32,67,63,38,62,10,26,12" hai1="48,11,120,61,22,125,85,87,106,25,4,18,53" hai2="41,135,68,14,73,115,65,103,110,24,112,134,8" hai3="66,16,121,91,17,86,15,83,7,82,119,51,89"/><T69/><D38/><U128/><E120/><V102/><F73/><W42/><G119/><T117/><D117/><U2/><E125/><V109/><F41/><W96/><G66/><T6/><D93/><U37/><E37/><V5/><F65/><W113/><G113/><N who="2" m="43593" /><F68/><W130/><G121/><T108/><D108/><N who="2" m="41578" /><F24/><W129/><G42/><T0/><D0/><U36/><E36/><V40/><F40/><W92/><G51/><T132/><D132/><AGARI ba="0,0" hai="5,8,14,102,103,132,134,135" m="41578,43593" machi="132" ten="40,2600,0" yaku="20,1,14,1" doraHai="127" who="2" fromWho="0" sc="250,-26,250,0,250,26,250,0" /><INIT seed="1,0,0,3,4,47" ten="224,250,276,250" oya="1" hai0="35,25,66,19,72,109,60,5,68,99,57,73,67" hai1="114,131,53,7,55,45,16,135,122,89,65,2,78" hai2="63,75,31,24,70,84,98,94,76,116,103,62,120" hai3="12,14,132,41,79,42,130,18,97,121,118,117,86"/><U77/><E122/><V0/><F0/><W56/><G121/><T85/><D109/><U30/><E114/><V69/><F116/><W124/><G97/><T40/><D40/><U128/><E135/><V104/><F120/><W71/><G71/><T1/><D1/><U29/><E65/><V13/><F70/><W50/><G132/><T52/><D5/><U107/><E107/><V112/><F112/><W23/><G130/><N who="1" m="49706" /><E89/><N who="2" m="53543" /><F13/><W127/><G12/><T96/><D85/><U108/><E108/><V38/><F38/><W51/><G86/><T110/><D110/><U17/><E2/><V95/><F95/><W20/><G79/><N who="1" m="30218" /><E7/><V82/><F69/><W102/><G102/><T80/><D67/><U15/><E15/><V9/><F9/><W49/><G56/><T27/><D80/><U8/><E8/><V46/><F46/><W34/><G34/><AGARI ba="0,0" hai="24,31,34,62,63,75,76,82,98,103,104" m="53543" machi="34" ten="30,1000,0" yaku="24,1" doraHai="47" who="2" fromWho="3" sc="224,0,250,0,276,10,250,-10" /><INIT seed="2,0,0,5,3,1" ten="224,250,286,240" oya="2" hai0="111,129,10,48,65,90,38,78,8,70,44,66,87" hai1="134,113,34,122,33,61,132,43,96,82,32,13,72" hai2="81,52,23,53,80,97,64,0,115,21,41,31,9" hai3="36,68,59,57,118,102,56,62,86,58,105,131,30"/><V92/><F115/><W42/><G86/><T103/><D129/><U107/><E113/><V121/><F121/><W71/><G30/><T128/><D128/><U47/><E122/><V15/><F0/><W17/><G17/><T7/><D38/><N who="1" m="22007" /><E61/><V55/><F41/><W60/><G102/><T28/><D28/><U54/><E54/><V16/><F64/><W29/><N who="3" m="14336" /><DORA hai="45" /><W20/><G105/><T18/><D103/><N who="1" m="62951" /><E13/><V74/><F74/><W127/><G20/><N who="2" m="7753" /><F31/><W27/><G29/><T73/><D70/><N who="3" m="26665" /><G27/><T26/><D73/><U117/><E117/><V11/><F11/><W106/><G118/><T101/><D101/><AGARI ba="0,0" hai="9,15,16,52,53,55,80,81,92,97,101" m="7753" machi="101" ten="30,5800,0" yaku="8,1,54,2" doraHai="1,45" who="2" fromWho="0" sc="224,-58,250,0,286,58,240,0" /><INIT seed="2,1,0,5,2,113" ten="166,250,344,240" oya="2" hai0="116,72,129,27,101,54,105,122,121,115,3,85,111" hai1="64,14,65,47,36,48,86,59,8,57,23,16,9" hai2="7,132,93,91,37,81,127,18,100,108,44,6,82" hai3="31,4,77,90,20,135,107,98,68,63,52,130,74"/><V71/><F71/><W133/><G4/><T131/><D54/><N who="1" m="29983" /><E36/><V19/><F127/><W95/><G107/><T34/><D27/><U112/><E86/><V89/><F132/><N who="3" m="50763" /><G130/><N who="0" m="49675" /><D34/><U126/><E126/><V38/><F108/><W104/><G104/><T43/><D43/><U25/><E112/><V73/><F73/><W99/><G77/><T56/><D56/><N who="1" m="21579" /><E8/><V2/><F2/><W22/><G74/><T94/><D3/><U51/><E51/><V13/><F13/><W84/><G68/><T41/><D41/><U33/><E33/><V67/><F67/><W5/><G5/><AGARI ba="1,0" hai="5,9,14,16,23,25,64,65" m="21579,29983" machi="5" ten="30,2000,0" yaku="8,1,54,1" doraHai="113" who="1" fromWho="3" sc="166,0,250,23,344,0,240,-23" /><INIT seed="3,0,0,2,3,12" ten="166,273,344,217" oya="3" hai0="79,87,76,30,40,53,61,113,3,21,135,134,86" hai1="67,131,36,78,89,29,46,91,24,45,109,22,59" hai2="20,25,80,103,112,41,0,27,38,68,116,105,73" hai3="111,70,23,94,82,63,130,43,102,104,119,9,58"/><W50/><G119/><T13/><D40/><U1/><E109/><V93/><F0/><W31/><G104/><T6/><D61/><N who="1" m="38335" /><E1/><V60/><F116/><W64/><G130/><T69/><D69/><U11/><E36/><V84/><F112/><W32/><G32/><T120/><D53/><U37/><E37/><V54/><F73/><W10/><G70/><T108/><D120/><U44/><E131/><V74/><F105/><W95/><G111/><T5/><D108/><U52/><E78/><V110/><F74/><W26/><G82/><T128/><D128/><U56/><E11/><V97/><F38/><W118/><G118/><T28/><D113/><U4/><E4/><V17/><F41/><W124/><G124/><T8/><D21/><U65/><E65/><V127/><F127/><W35/><G35/><T132/><D3/><U51/><AGARI ba="0,0" hai="22,24,29,44,45,46,51,52,56,89,91" m="38335" machi="51" ten="30,2000,0" yaku="8,1,54,1" doraHai="12" who="1" fromWho="1" sc="166,-5,273,20,344,-5,217,-10" owari="161,-34.0,293,9.0,339,44.0,207,-19.0" /></mjloggm>