<mjloggm ver="2.3"><GO type="41" lobby="0"/><UN n0="%E5%B0%B1%E6%B4%BB%E7%94%9F%40%E5%B7%9D%E6%9D%91%E8%BB%8D%E5%9B%A3" n1="%E9%B6%B4%E8%B3%80%E3%81%AE%E9%83%A8%E9%95%B7" n2="%54%41%5F%6B%6F%75" n3="%E6%9B%B2%E3%81%8C%E3%82%8B%E3%82%B9%E3%83%88%E3%83%AD%E3%83%BC" dan="15,13,13,14" rate="1997.98,1850.42,1895.71,2004.56" sx="M,M,M,M"/><TAIKYOKU oya="0"/><INIT seed="0,0,0,4,3,134" ten="250,250,250,250" oya="0" hai0="115,29,60,129,19,73,31,117,1,57,52,53,132" hai1="33,62,15,94,112,10,121,71,21,103,16,5,102" hai2="133,46,18,43,64,128,2,93,9,82,37,119,69" hai3="58,109,118,25,48,127,77,11,54,98,113,6,78"/><T110/><D117/><U99/><E121/><V55/><F133/><W34/><G118/><T130/><D132/><U111/><E111/><V108/><F119/><W89/><G109/><T23/><D110/><U40/><E112/><V3/><F108/><W32/><G113/><T51/><D1/><U44/><E33/><V12/><F128/><N who="0" m="49258" /><D73/><U86/><E86/><V14/><F69/><W120/><G120/><T35/><D35/><U92/><E71/><V83/><F64/><W91/><G91/><T97/><D97/><U116/><E116/><V63/><F63/><W124/><G89/><T38/><D38/><U66/><E66/><V20/><F55/><W39/><G39/><T95/><D95/><U96/><E62/><V76/><F93/><W4/><G34/><T85/><D85/><U104/><E104/><V7/><F83/><W17/><G98/><T72/><D72/><AGARI ba="0,0" hai="2,3,7,9,12,14,18,20,37,43,46,72,76,82" machi="72" ten="30,1000,0" yaku="7,1" doraHai="134" who="2" fromWho="0" sc="250,-10,250,0,250,10,250,0" /><INIT seed="1,0,0,4,2,95" ten="240,250,260,250" oya="1" hai0="39,58,40,101,98,45,129,42,107,11,47,81,46" hai1="82,112,18,55,123,115,61,134,68,44,75,118,57" hai2="105,15,32,6,121,2,74,12,24,31,114,86,17" hai3="110,59,51,100,71,108,9,94,111,20,119,27,8"/><U36/><E75/><V120/><F74/><W49/><G71/><T67/><D129/><U35/><E35/><V50/><F105/><W38/><G38/><T69/><D69/><U84/><E118/><V125/><F86/><W78/><G78/><T80/><D11/><N who="3" m="4169" /><G59/><T28/><D28/><U109/><E123/><V5/><F50/><W132/><G132/><T106/><D106/><U1/><E1/><V4/><F125/><W89/><G100/><T66/><D46/><U122/><E122/><N who="2" m="47211" /><F114/><W130/><G130/><T99/><D58/><U14/><E134/><V13/><F17/><N who="3" m="12687" /><G119/><T73/><D73/><U96/><E68/><V22/><F32/><W30/><G30/><T103/><REACH who="0" step="1"/><D107/><REACH who="0" ten="230,250,260,250" step="2"/><U133/><E133/><V10/><AGARI ba="0,1" hai="2,4,5,6,10,12,13,15,22,24,31" m="47211" machi="10" ten="40,2700,0" yaku="34,2" doraHai="95" who="2" fromWho="2" sc="230,-7,250,-13,260,37,250,-7" /><INIT seed="2,0,0,3,2,89" ten="223,237,297,243" oya="2" hai0="84,55,62,90,33,99,35,85,57,58,102,63,46" hai1="16,97,110,66,3,20,133,118,130,40,47,31,8" hai2="70,13,126,27,104,87,37,82,30,4,12,76,51" hai3="56,22,78,10,25,121,112,98,2,15,125,61,108"/><V29/><F104/><W83/><G121/><T9/><D46/><U113/><E113/><V105/><F105/><W100/><G112/><T71/><D71/><U54/><E118/><V74/><F70/><W68/><G108/><T21/><D21/><U41/><E110/><V127/><F37/><W50/><G125/><N who="2" m="47625" /><F4/><W116/><G116/><T14/><D85/><U106/><E133/><V19/><F51/><W23/><G68/><T65/><D99/><U26/><E130/><V1/><F1/><W129/><G50/><T95/><REACH who="0" step="1"/><D102/><REACH who="0" ten="213,237,297,243" step="2"/><U52/><E47/><V5/><F87/><N who="3" m="48631" /><G23/><T119/><D119/><U91/><E97/><V117/><F117/><W24/><G22/><T36/><D36/><U128/><E20/><N who="2" m="13727" /><F5/><AGARI ba="0,1" hai="5,9,14,33,35,55,57,58,62,63,65,84,90,95" machi="5" ten="30,3900,0" yaku="1,1,7,1,52,1,53,0" doraHai="89" doraHaiUra="131" who="0" fromWho="2" sc="213,49,237,0,297,-39,243,0" /><INIT seed="3,0,0,3,3,57" ten="262,237,258,243" oya="3" hai0="54,66,46,35,27,118,3,65,23,108,56,81,13" hai1="49,14,1,0,22,24,134,122,93,87,53,92,75" hai2="90,70,25,30,135,72,40,67,120,84,97,2,125" hai3="16,101,95,116,42,126,130,124,127,50,100,115,7"/><W33/><G116/><T110/><D35/><U39/><E122/><V55/><F72/><W60/><G115/><T12/><D3/><U34/><E39/><V107/><F120/><W21/><G33/><T77/><D118/><U17/><E75/><V83/><F135/><W20/><G130/><T8/><D46/><U44/><E134/><V64/><F2/><W91/><G7/><T47/><D47/><U85/><E85/><V123/><F123/><W103/><G60/><T114/><D114/><U109/><E109/><V88/><F125/><W105/><G105/><T58/><D58/><U89/><REACH who="1" step="1"/><E93/><REACH who="1" ten="262,227,258,243" step="2"/><N who="2" m="56487" /><F107/><W71/><G124/><T73/><D110/><U5/><E5/><V52/><F70/><W51/><G71/><T37/><D37/><U82/><E82/><V106/><F106/><W78/><G126/><T10/><D108/><U18/><E18/><V4/><F4/><W11/><G16/><N who="0" m="12775" /><D81/><U61/><E61/><V131/><F131/><W86/><G127/><T80/><D80/><U19/><E19/><V128/><F128/><W119/><G119/><T133/><D77/><U26/><E26/><V63/><F40/><W111/><G42/><T117/><D73/><U79/><E79/><V31/><F25/><W45/><G78/><T59/><D117/><U121/><E121/><V36/><F36/><W15/><G111/><T9/><D133/><U29/><AGARI ba="0,1" hai="0,1,14,17,22,24,29,34,44,49,53,87,89,92" machi="29" ten="30,2000,0" yaku="1,1,0,1,53,0" doraHai="57" doraHaiUra="113" who="1" fromWho="1" sc="262,-5,227,30,258,-5,243,-10" /><INIT seed="4,0,0,2,4,50" ten="257,257,253,233" oya="0" hai0="42,45,93,3,95,17,135,92,39,77,74,20,131" hai1="18,34,107,94,105,80,109,133,64,38,96,22,47" hai2="21,1,91,59,7,53,31,14,46,15,113,32,35" hai3="97,79,2,123,10,110,103,12,106,24,99,27,82"/><T100/><D3/><U29/><E109/><V55/><F113/><W71/><G110/><T61/><D135/><U54/><E64/><V112/><F112/><W101/><G71/><T111/><D131/><U52/><E133/><V63/><F1/><W75/><G2/><T98/><D111/><U115/><E115/><V132/><F132/><W114/><G114/><T30/><D30/><U6/><E6/><V134/><F134/><W56/><G56/><T116/><D116/><U69/><E69/><V83/><F35/><W117/><G123/><T11/><D11/><U89/><E34/><V48/><F32/><W62/><G62/><T76/><D61/><U124/><E29/><V122/><F122/><W51/><G51/><T87/><D74/><U36/><E36/><V84/><F7/><W26/><G117/><T65/><D65/><U37/><E37/><V108/><F108/><W4/><REACH who="3" step="1"/><G27/><AGARI ba="0,0" hai="14,15,21,27,31,46,48,53,55,59,63,83,84,91" machi="27" ten="40,5200,0" yaku="8,1,52,2" doraHai="50" who="2" fromWho="3" sc="257,0,257,0,253,52,233,-52" /><INIT seed="5,0,0,3,4,49" ten="257,257,305,181" oya="1" hai0="97,99,109,82,3,124,33,71,0,120,40,110,57" hai1="62,98,23,61,67,6,11,2,42,28,113,34,63" hai2="93,122,118,126,18,89,10,94,4,119,133,100,25" hai3="76,47,22,32,70,130,127,104,84,117,106,134,95"/><U56/><E113/><V19/><F122/><W78/><G32/><T77/><D71/><U80/><E34/><V37/><F37/><W125/><G70/><T7/><D120/><U30/><E42/><V96/><F133/><W44/><G134/><T50/><D33/><U20/><E80/><V59/><F126/><N who="3" m="48139" /><G22/><T45/><D124/><U48/><E98/><V88/><F59/><W72/><G72/><T64/><D110/><U73/><E73/><V66/><F66/><W26/><G26/><T131/><D131/><U135/><E135/><V112/><F112/><W69/><G69/><T12/><D109/><U16/><E48/><V1/><F100/><W55/><G130/><T114/><D114/><U38/><E38/><V15/><F25/><W27/><G27/><T75/><D3/><U43/><E43/><V58/><F58/><W5/><G5/><T105/><D105/><N who="3" m="40553" /><G117/><T121/><D121/><U41/><E41/><V46/><F46/><W85/><G95/><T29/><D29/><U60/><REACH who="1" step="1"/><E23/><REACH who="1" ten="257,247,305,181" step="2"/><V102/><F119/><W53/><G78/><T129/><D129/><U81/><E81/><V17/><F118/><W79/><G79/><T128/><D128/><U87/><E87/><N who="3" m="33354" /><G76/><T8/><D82/><U132/><E132/><V68/><F68/><W116/><G116/><T14/><D77/><U9/><E9/><V107/><REACH who="2" step="1"/><F1/><REACH who="2" ten="257,247,295,181" step="2"/><W90/><G90/><AGARI ba="0,2" hai="4,10,15,17,18,19,88,89,90,93,94,96,102,107" machi="90" ten="40,5200,0" yaku="1,1,2,1,54,1,53,0" doraHai="49" doraHaiUra="21" who="2" fromWho="3" sc="257,0,247,0,295,72,181,-52" /><INIT seed="6,0,0,5,5,0" ten="257,247,367,129" oya="2" hai0="109,100,18,37,42,89,45,13,53,48,41,57,106" hai1="63,85,74,132,129,111,102,77,38,65,130,78,99" hai2="114,24,124,75,112,51,79,33,113,12,128,30,104" hai3="73,23,82,25,118,125,107,81,5,103,121,60,11"/><V120/><F104/><W44/><G121/><T27/><D109/><U72/><E38/><V14/><F120/><W4/><G118/><T21/><D41/><U58/><E111/><V105/><F105/><W1/><G125/><T127/><D127/><U35/><E35/><V69/><F124/><W28/><G107/><T67/><D67/><U62/><E132/><V39/><F39/><W71/><G103/><T110/><D110/><U84/><E63/><V10/><F69/><W19/><G1/><T59/><D106/><N who="1" m="63839" /><E84/><V29/><F128/><N who="1" m="49257" /><E85/><V47/><F30/><W115/><G115/><T96/><D100/><U20/><E20/><V7/><F79/><AGARI ba="0,0" hai="58,62,65,72,74,77,78,79" m="49257,63839" machi="79" ten="30,1000,0" yaku="19,1" doraHai="0" who="1" fromWho="2" sc="257,0,247,10,367,-10,129,0" /><INIT seed="7,0,0,0,1,59" ten="257,257,357,129" oya="3" hai0="32,40,79,58,107,64,71,25,84,76,110,115,35" hai1="85,135,57,65,125,87,55,44,66,120,69,80,36" hai2="53,109,103,16,62,52,13,89,28,100,43,5,121" hai3="101,22,38,91,42,26,30,0,78,6,56,92,73"/><W49/><G101/><N who="2" m="38985" /><F109/><W127/><G127/><T124/><D71/><U119/><E125/><V67/><F121/><W130/><G130/><T50/><D107/><U129/><E129/><V2/><F28/><W134/><G134/><T96/><D110/><U8/><E135/><V68/><F2/><W31/><G31/><T105/><D115/><U7/><E120/><V98/><F68/><W18/><G30/><T41/><D105/><U94/><E119/><V19/><F43/><W111/><G111/><T15/><D96/><U63/><E69/><V3/><F3/><W45/><G49/><T37/><D37/><U108/><E108/><V82/><F67/><W60/><G56/><T123/><D64/><U81/><E94/><N who="2" m="56655" /><F82/><N who="1" m="31849" /><E36/><V24/><F24/><W70/><G70/><T75/><D41/><U51/><E66/><V102/><F102/><W34/><G34/><T132/><D40/><U74/><E74/><V133/><F133/><W54/><G54/><N who="2" m="21097" /><F62/><W4/><G60/><T106/><D32/><U113/><E113/><V46/><F46/><W97/><REACH who="3" step="1"/><G0/><REACH who="3" ten="257,257,357,119" step="2"/><T12/><D35/><U114/><E114/><V48/><F48/><W104/><G104/><T90/><D50/><U83/><E51/><V11/><AGARI ba="0,1" hai="5,11,13,16,19" m="21097,56655,38985" machi="11" ten="30,4000,0" yaku="8,1,54,2" doraHai="59" who="2" fromWho="2" sc="257,-10,257,-10,357,50,119,-20" owari="247,5.0,247,-15.0,407,50.0,99,-40.0" /></mjloggm>