<mjloggm ver="2.3"><GO type="97" lobby="0"/><UN n0="%64%61%6D%61%6B%6F" n1="%E3%82%81%E3%82%8D%E2%98%86%E3%81%93%E3%81%82" n2="%E3%81%B1%E3%82%93%E3%81%AB%E3%82%83" n3="%E5%B0%B1%E6%B4%BB%E7%94%9F%40%E5%B7%9D%E6%9D%91%E8%BB%8D%E5%9B%A3" dan="14,13,13,15" rate="1959.65,1879.35,1834.39,1986.94" sx="M,M,M,M"/><TAIKYOKU oya="0"/><INIT seed="0,0,0,1,0,28" ten="250,250,250,250" oya="0" hai0="18,20,120,42,127,10,122,46,106,27,68,118,13" hai1="83,66,74,105,75,17,24,63,94,3,117,34,45" hai2="0,110,90,129,113,4,32,25,81,128,125,6,12" hai3="87,86,131,40,5,56,67,104,123,69,59,47,37"/><T71/><D118/><U76/><E117/><V126/><F81/><W65/><G123/><T70/><D106/><U50/><E105/><V79/><F79/><W38/><G104/><T51/><REACH who="0" step="1"/><D127/><REACH who="0" ten="240,250,250,250" step="2"/><N who="2" m="48650" /><F113/><W132/><G131/><T41/><D41/><U88/><E3/><V2/><F110/><W62/><G132/><T49/><D49/><U61/><E50/><V130/><F2/><W115/><G115/><T95/><D95/><U58/><E94/><V14/><F0/><W48/><G38/><T73/><D73/><U78/><E74/><V96/><F96/><W85/><G37/><T15/><D15/><N who="2" m="5674" /><F90/><W92/><G92/><T23/><D23/><U121/><E88/><V43/><F43/><W100/><G100/><T97/><D97/><U30/><E75/><V124/><F124/><W77/><G77/><T55/><D55/><U19/><E78/><V52/><F52/><W116/><G116/><T36/><D36/><U7/><E76/><V21/><F21/><W64/><G64/><T39/><D39/><U111/><E66/><V98/><F98/><W93/><G93/><T11/><D11/><U29/><E111/><V82/><F82/><W54/><G67/><T99/><D99/><U1/><E83/><V89/><F89/><W44/><G69/><T107/><D107/><U135/><E1/><V84/><F84/><W91/><G91/><T31/><AGARI ba="0,1" hai="10,13,18,20,27,31,42,46,51,68,70,71,120,122" machi="31" ten="30,3000,0" yaku="1,1,0,1,53,0" doraHai="28" doraHaiUra="134" who="0" fromWho="0" sc="240,40,250,-10,250,-10,250,-10" /><INIT seed="0,1,0,2,2,79" ten="280,240,240,240" oya="0" hai0="19,66,88,85,127,124,21,74,32,8,9,16,60" hai1="117,93,15,56,47,7,33,46,63,73,111,2,26" hai2="12,24,6,131,83,112,129,11,119,14,114,94,102" hai3="125,29,95,61,62,121,55,22,20,68,51,65,52"/><T128/><D74/><U103/><E111/><V17/><F119/><W38/><G38/><T106/><D32/><U28/><E117/><V57/><F57/><W130/><G121/><T80/><D106/><U49/><E2/><V40/><F40/><W99/><G130/><N who="2" m="49673" /><F102/><W97/><G125/><N who="0" m="48203" /><D128/><U5/><E73/><V58/><F58/><N who="3" m="37047" /><G29/><T135/><D135/><U96/><E15/><V41/><F41/><W98/><G68/><N who="0" m="42055" /><D19/><U43/><REACH who="1" step="1"/><E47/><REACH who="1" ten="280,230,240,240" step="2"/><V27/><F114/><W67/><G67/><AGARI ba="1,1" hai="5,7,26,28,33,43,46,49,56,63,67,93,96,103" machi="67" ten="30,3900,0" yaku="1,1,2,1,7,1,53,0" doraHai="79" doraHaiUra="116" who="1" fromWho="3" sc="280,0,230,52,240,0,240,-42" /><INIT seed="1,0,0,2,4,39" ten="280,282,240,198" oya="1" hai0="78,94,44,43,17,69,40,90,82,89,134,16,9" hai1="59,121,105,48,112,108,128,67,64,93,52,127,18" hai2="35,13,60,58,24,77,135,104,107,33,106,11,20" hai3="50,87,34,111,1,55,84,42,22,99,72,19,15"/><U91/><E121/><V125/><F125/><W133/><G72/><T97/><D69/><U88/><E112/><V119/><F77/><W102/><G133/><T98/><D134/><U54/><E127/><V101/><F119/><W74/><G74/><T100/><D44/><N who="1" m="27655" /><E105/><V38/><F38/><W47/><G111/><T116/><D116/><U120/><E120/><V3/><F135/><W95/><G34/><T10/><D10/><U126/><E126/><V57/><F101/><W36/><REACH who="3" step="1"/><G1/><REACH who="3" ten="280,282,240,188" step="2"/><T123/><D123/><U131/><E108/><V96/><F3/><W37/><G37/><T129/><D129/><U70/><E131/><V66/><F35/><W12/><G12/><N who="0" m="7183" /><D17/><U71/><E18/><V49/><F33/><W61/><G61/><T85/><D100/><U62/><E62/><V5/><F49/><W46/><AGARI ba="0,1" hai="15,19,22,36,42,46,47,50,55,84,87,95,99,102" machi="46" ten="20,5200,0" yaku="1,1,0,1,7,1,52,1,53,0" doraHai="39" doraHaiUra="132" who="3" fromWho="3" sc="280,-13,282,-26,240,-13,188,62" /><INIT seed="2,0,0,3,2,49" ten="267,256,227,250" oya="2" hai0="95,90,35,15,97,98,96,110,19,6,117,13,46" hai1="23,66,123,103,20,122,38,134,83,4,27,81,37" hai2="91,63,106,104,93,92,121,131,48,30,133,12,56" hai3="67,43,88,68,57,60,45,55,62,73,11,50,89"/><V78/><F121/><N who="1" m="46089" /><E134/><V34/><F133/><W116/><G73/><T16/><D35/><U59/><E4/><V14/><F78/><W7/><REACH who="3" step="1"/><G116/><REACH who="3" ten="267,256,227,240" step="2"/><T111/><D117/><U70/><E70/><V77/><F131/><W58/><G58/><T115/><D115/><U82/><E103/><V109/><F77/><W25/><G25/><T75/><D75/><U18/><E23/><V44/><F34/><W31/><G31/><T119/><D119/><U65/><E59/><V29/><F29/><W72/><G72/><T125/><D125/><U28/><E28/><V132/><F30/><W0/><AGARI ba="0,1" hai="0,7,11,43,45,50,55,57,60,62,67,68,88,89" machi="0" ten="20,8000,1" yaku="1,1,0,1,7,1,52,1,54,1,53,0" doraHai="49" doraHaiUra="8" who="3" fromWho="3" sc="267,-20,256,-20,227,-40,240,90" /><INIT seed="3,0,0,5,4,40" ten="247,236,187,330" oya="3" hai0="20,8,4,7,97,45,119,14,80,65,55,128,62" hai1="18,81,83,106,31,32,2,101,41,46,92,25,57" hai2="17,73,127,26,0,96,52,53,105,118,134,70,107" hai3="49,5,69,44,35,1,87,121,133,84,110,86,6"/><W130/><G35/><T85/><D119/><U79/><E106/><V89/><F118/><W28/><G69/><T99/><D128/><U37/><E2/><V126/><F70/><W43/><G121/><T131/><D7/><U66/><E18/><V82/><F0/><W129/><G110/><T135/><D135/><U56/><E66/><V64/><F64/><W29/><G133/><T67/><D131/><N who="3" m="50185" /><G1/><T63/><D67/><U9/><E9/><V78/><F134/><W42/><G42/><T33/><D20/><U102/><E83/><V16/><F26/><W120/><G120/><T23/><D23/><U13/><E13/><V117/><F117/><W11/><G11/><T98/><D33/><U59/><REACH who="1" step="1"/><E92/><REACH who="1" ten="247,226,187,330" step="2"/><N who="2" m="56335" /><F107/><W68/><G68/><T116/><D116/><U72/><AGARI ba="0,1" hai="25,31,32,37,41,46,56,57,59,72,79,81,101,102" machi="72" ten="30,7900,0" yaku="1,1,0,1,52,1,53,1" doraHai="40" doraHaiUra="22" who="1" fromWho="1" sc="247,-20,226,89,187,-20,330,-39" owari="227,-17.0,315,41.0,167,-33.0,291,9.0" /></mjloggm>