<mjloggm ver="2.3"><GO type="97" lobby="0"/><UN n0="%69%64%69%6F%74%6F%70" n1="%E7%99%BD%E7%AF%89%E6%85%95" n2="%E5%AE%B5%E9%97%87%E5%B0%86%E8%BB%8D" n3="%E5%B0%B1%E6%B4%BB%E7%94%9F%40%E5%B7%9D%E6%9D%91%E8%BB%8D%E5%9B%A3" dan="14,13,13,14" rate="1927.56,1862.05,1828.23,1971.40" sx="F,F,M,M"/><TAIKYOKU oya="0"/><INIT seed="0,0,0,3,1,98" ten="250,250,250,250" oya="0" hai0="68,9,73,75,17,126,25,63,131,69,101,56,31" hai1="77,3,71,121,127,115,61,37,83,30,74,22,76" hai2="110,89,124,16,38,80,92,21,2,59,112,113,117" hai3="7,5,39,32,8,128,6,57,114,120,82,94,105"/><T81/><D81/><U84/><E121/><V102/><F2/><W79/><G105/><T26/><D126/><U122/><E122/><V129/><F38/><W132/><G32/><T19/><D9/><U14/><E3/><V88/><F124/><W10/><G39/><T86/><D31/><U103/><E127/><V85/><F117/><W49/><G120/><T34/><D63/><U40/><E115/><V41/><F129/><W53/><G114/><T125/><D125/><U51/><E37/><V27/><F41/><W13/><G128/><T23/><D23/><U36/><E36/><V29/><F110/><W100/><G132/><T0/><D0/><U109/><E61/><V33/><F59/><W58/><G58/><T108/><D108/><U1/><E51/><V52/><F52/><W107/><G107/><T54/><D54/><U45/><E45/><V35/><F35/><W12/><G94/><T42/><D42/><U55/><E40/><V28/><F28/><W48/><G48/><T90/><D34/><U43/><E43/><V95/><F80/><W70/><G70/><T116/><D116/><U97/><E30/><V111/><F102/><W106/><G106/><T20/><D20/><U134/><E103/><V87/><F111/><W130/><G100/><T18/><D101/><U99/><E109/><V104/><F104/><W135/><G135/><T15/><D131/><U47/><E134/><V64/><F64/><W62/><G130/><T91/><D56/><U65/><E71/><V4/><F4/><W72/><G72/><BYE who="3" /><T67/><D67/><U44/><E65/><RYUUKYOKU ba="0,0" sc="250,-10,250,-10,250,30,250,-10" hai2="16,21,27,29,33,85,87,88,89,92,95,112,113" /><UN n3="%E5%B0%B1%E6%B4%BB%E7%94%9F%40%E5%B7%9D%E6%9D%91%E8%BB%8D%E5%9B%A3" /><INIT seed="1,1,0,2,2,86" ten="240,240,280,240" oya="1" hai0="22,41,93,62,50,84,127,105,77,65,125,6,7" hai1="32,73,29,60,90,78,115,48,59,111,19,98,16" hai2="109,63,92,112,10,91,38,108,114,4,33,113,12" hai3="126,99,110,26,0,34,52,61,51,122,94,17,107"/><U43/><E115/><V71/><F38/><W82/><G107/><T20/><D105/><U24/><E111/><N who="2" m="42571" /><F33/><W120/><G0/><T75/><D75/><U74/><E43/><V96/><F63/><W101/><G110/><T3/><D3/><U79/><E48/><V104/><F104/><W46/><G126/><N who="0" m="48139" /><D65/><U88/><E73/><V49/><F49/><W103/><G103/><T35/><D62/><U121/><E121/><V89/><F71/><W81/><G61/><T30/><D30/><U102/><E74/><V9/><F9/><W124/><G124/><T64/><D64/><U28/><E28/><V135/><F135/><W14/><G120/><T130/><D35/><U68/><E78/><V134/><F134/><W42/><G122/><T55/><D41/><U69/><E79/><V40/><F40/><W116/><G116/><T47/><D77/><U119/><E119/><V44/><F44/><W80/><G34/><T123/><D123/><U97/><E97/><V70/><F70/><W85/><G26/><T8/><D130/><U27/><E27/><V37/><F37/><W18/><G42/><T13/><D6/><U128/><E128/><V72/><F72/><W56/><G46/><T131/><D131/><U2/><E2/><V39/><F39/><W118/><G118/><T54/><D54/><N who="1" m="33911" /><E68/><V132/><F132/><W66/><G66/><T129/><D129/><U31/><E69/><V87/><F87/><W100/><G100/><AGARI ba="1,0" hai="4,10,12,89,91,92,96,100,112,113,114" m="42571" machi="100" ten="40,8000,1" yaku="11,1,14,1,52,2" doraHai="86" who="2" fromWho="3" sc="240,0,240,0,280,83,240,-83" /><INIT seed="2,0,0,1,2,127" ten="240,240,363,157" oya="2" hai0="121,107,67,3,60,16,93,54,133,128,82,12,47" hai1="24,29,73,59,65,101,40,124,42,109,23,45,102" hai2="122,36,49,113,25,123,37,20,86,43,114,77,27" hai3="79,6,10,106,0,34,134,1,71,64,70,110,119"/><V13/><F13/><W2/><G110/><T33/><D107/><U53/><E109/><V5/><F5/><W99/><G119/><T85/><D121/><U112/><E112/><V91/><F77/><W35/><G134/><T104/><D104/><U75/><E124/><V96/><F96/><W44/><G44/><T61/><D33/><N who="3" m="12297" /><G79/><T108/><D108/><U32/><E32/><V74/><F74/><W68/><G64/><T87/><D3/><N who="3" m="1097" /><G99/><T89/><D47/><U130/><E65/><V57/><F57/><W129/><G106/><T41/><D41/><U4/><E73/><V111/><F111/><W66/><G66/><T120/><D54/><U58/><E75/><V11/><F43/><W94/><G94/><T83/><D93/><U63/><E59/><V7/><F49/><W55/><G55/><T14/><D67/><U19/><E29/><V62/><F62/><W103/><G103/><T116/><D120/><U39/><E42/><V22/><F86/><W21/><G21/><T132/><D116/><U51/><E39/><V97/><F97/><W56/><G56/><T117/><D117/><U95/><E95/><V50/><F50/><W118/><G118/><T131/><REACH who="0" step="1"/><D89/><REACH who="0" ten="230,240,363,157" step="2"/><U88/><E88/><V98/><F91/><W9/><G9/><T100/><D100/><U30/><E101/><V15/><F122/><W76/><G76/><T38/><D38/><U126/><E102/><V26/><F123/><W105/><G105/><T78/><D78/><U80/><E45/><V84/><F37/><W90/><G90/><T48/><D48/><U115/><E51/><RYUUKYOKU ba="0,1" sc="230,15,240,-15,363,-15,157,15" hai0="12,14,16,60,61,82,83,85,87,128,131,132,133" hai3="2,6,10,68,70,71,129" /><INIT seed="3,1,1,1,1,6" ten="245,225,348,172" oya="3" hai0="67,3,17,130,50,115,27,63,94,29,132,127,65" hai1="118,83,124,53,54,101,69,74,68,96,128,111,20" hai2="99,72,37,59,91,30,35,113,80,46,43,26,62" hai3="25,66,108,16,86,55,126,41,119,77,129,4,131"/><W18/><G119/><T0/><D115/><U133/><E118/><V9/><F113/><W12/><G41/><T73/><D73/><U122/><E122/><V34/><F72/><W28/><G66/><T92/><D127/><U49/><E124/><V10/><F35/><N who="3" m="20879" /><G126/><T81/><D81/><U70/><E128/><N who="3" m="49226" /><G108/><T36/><D36/><U45/><E111/><V120/><F120/><W121/><G121/><T61/><D130/><U38/><E133/><V60/><F60/><W90/><G77/><T31/><D50/><U44/><E20/><V52/><REACH who="2" step="1"/><F99/><REACH who="2" ten="245,225,338,172" step="2"/><W15/><G55/><T78/><D63/><U112/><E53/><V75/><F75/><W134/><G134/><T47/><D61/><U7/><E112/><V82/><F82/><N who="3" m="49495" /><G15/><T13/><D13/><U22/><E54/><V105/><F105/><W33/><G33/><T79/><D67/><U42/><E83/><V21/><F21/><W88/><G88/><T23/><D65/><U48/><E22/><V98/><F98/><W76/><G76/><T135/><D23/><U97/><E74/><V5/><F5/><W125/><G125/><T107/><D107/><N who="1" m="63911" /><E7/><V11/><F11/><AGARI ba="1,2" hai="4,11,12,16,18" m="49495,49226,20879" machi="11" ten="30,5800,0" yaku="19,1,52,1,54,1" doraHai="6" who="3" fromWho="2" sc="245,0,225,0,338,-61,172,81" /><INIT seed="3,2,0,3,1,43" ten="245,225,277,253" oya="3" hai0="64,111,48,6,45,30,112,40,100,22,56,76,81" hai1="58,107,53,23,91,126,72,134,16,3,60,51,75" hai2="84,117,125,37,98,118,119,29,88,63,89,105,82" hai3="68,1,79,39,69,129,36,106,26,80,20,15,96"/><W121/><G1/><T71/><D111/><U130/><E126/><V18/><F37/><W52/><G121/><T47/><D71/><U104/><E130/><V103/><F29/><W90/><G129/><T87/><D100/><U61/><E134/><V101/><F63/><W85/><G15/><T4/><D64/><U93/><E3/><V38/><F18/><W66/><G66/><T131/><D131/><U34/><E34/><V70/><F38/><W133/><G133/><T2/><D2/><U74/><E104/><N who="2" m="63543" /><F70/><W44/><G36/><T55/><D112/><U19/><E107/><V124/><F89/><W32/><G32/><T78/><D78/><U24/><REACH who="1" step="1"/><E19/><REACH who="1" ten="245,215,277,253" step="2"/><V8/><F8/><W97/><G106/><T65/><D40/><U41/><E41/><V0/><F0/><W12/><G69/><T17/><D30/><U83/><E83/><V57/><F57/><W33/><G68/><T99/><D47/><U132/><E132/><V92/><F105/><W59/><G33/><T67/><D45/><U128/><E128/><V115/><F115/><W86/><G44/><T10/><D81/><U46/><E46/><V114/><F114/><W113/><G39/><T50/><D76/><U5/><E5/><V94/><F103/><W54/><G113/><T122/><D122/><U42/><E42/><V102/><F102/><W27/><G59/><N who="0" m="33255" /><D17/><U9/><E9/><V21/><F21/><W11/><G20/><T28/><D28/><U35/><E35/><V73/><F73/><W120/><G120/><T135/><D135/><U108/><E108/><V127/><AGARI ba="2,1" hai="82,84,88,92,94,117,118,119,124,125,127" m="63543" machi="127" ten="40,8000,1" yaku="5,1,18,1,34,2,54,1" doraHai="43" who="2" fromWho="2" sc="245,-22,215,-22,277,96,253,-42" owari="223,2.0,193,-31.0,373,48.0,211,-19.0" /></mjloggm>