<mjloggm ver="2.3"><GO type="97" lobby="0"/><UN n0="%E3%82%89%E3%82%8A%E3%82%8B%E3%82%8C%E3%83%AD%E3%83%B3" n1="%E5%B0%B1%E6%B4%BB%E7%94%9F%40%E5%B7%9D%E6%9D%91%E8%BB%8D%E5%9B%A3" n2="%41%56%E4%BB%A3%E7%90%86" n3="%28%E3%83%BB%E2%88%80%E3%83%BB%29" dan="14,15,15,14" rate="1983.11,2038.41,2021.18,1863.61" sx="M,M,M,M"/><TAIKYOKU oya="0"/><INIT seed="0,0,0,4,2,21" ten="250,250,250,250" oya="0" hai0="3,53,125,120,117,104,101,51,39,66,38,30,14" hai1="63,55,1,4,114,45,112,36,78,67,37,0,73" hai2="32,60,132,29,43,65,17,64,61,123,97,116,94" hai3="69,71,31,96,28,22,91,75,26,42,109,19,62"/><T70/><D120/><U102/><E102/><N who="2" m="60727" /><F32/><W34/><G75/><T76/><D117/><U98/><E98/><V18/><F123/><W59/><G109/><T33/><D76/><U110/><E110/><V80/><F132/><W52/><G42/><T99/><D3/><U118/><E118/><V44/><F29/><N who="3" m="11339" /><G34/><T12/><D125/><U124/><E124/><V68/><F68/><W84/><G84/><T13/><D70/><N who="1" m="42367" /><E78/><V16/><F80/><W72/><G72/><T131/><D66/><N who="2" m="25706" /><F116/><W5/><G5/><T25/><REACH who="0" step="1"/><D131/><REACH who="0" ten="240,250,250,250" step="2"/><U23/><E1/><V41/><F44/><AGARI ba="0,1" hai="12,13,14,25,30,33,38,39,44,51,53,99,101,104" machi="44" ten="40,7700,0" yaku="1,1,2,1,52,1,53,0" doraHai="21" doraHaiUra="119" who="0" fromWho="2" sc="240,87,250,0,250,-77,250,0" /><INIT seed="0,1,0,3,3,18" ten="327,250,173,250" oya="0" hai0="29,48,131,135,86,32,65,2,7,74,54,85,55" hai1="134,125,68,26,119,63,126,70,115,21,124,118,72" hai2="4,75,92,10,8,83,25,84,73,23,79,46,44" hai3="111,50,58,123,98,88,51,3,47,11,62,33,80"/><T42/><D131/><U20/><E72/><V120/><F120/><W122/><G111/><T34/><D74/><U19/><E115/><V60/><F60/><W112/><G33/><T38/><D135/><U130/><E130/><V37/><F37/><W14/><G112/><T100/><D100/><U121/><E121/><N who="3" m="46090" /><G3/><T22/><D65/><N who="1" m="41023" /><E70/><V89/><F75/><W81/><G51/><T66/><D66/><U16/><E134/><V31/><REACH who="2" step="1"/><F10/><REACH who="2" ten="327,250,163,250" step="2"/><W94/><G62/><T91/><D38/><U41/><E41/><V53/><F53/><N who="3" m="32055" /><G47/><T35/><D55/><U77/><E77/><V56/><F56/><W128/><G128/><T95/><D54/><U15/><AGARI ba="1,1" hai="15,16,19,20,21,26,118,119,124,125,126" m="41023" machi="15" ten="30,7900,0" yaku="18,1,52,2,54,1" doraHai="18" who="1" fromWho="1" sc="327,-40,250,92,163,-21,250,-21" /><INIT seed="1,0,0,2,3,132" ten="287,342,142,229" oya="1" hai0="84,50,11,80,22,15,95,75,70,85,63,65,81" hai1="93,42,71,127,33,32,82,96,115,126,91,107,43" hai2="100,133,52,135,103,129,14,108,105,23,67,21,0" hai3="111,117,121,41,130,30,125,56,6,17,62,29,51"/><U98/><E71/><V49/><F0/><W64/><G121/><T89/><D22/><N who="2" m="8202" /><F67/><W77/><G111/><T60/><D60/><U112/><E82/><V25/><F105/><W106/><G130/><T99/><D50/><U39/><E39/><V73/><F73/><W3/><G106/><T74/><D99/><N who="1" m="37931" /><E93/><V88/><F108/><W45/><G117/><T54/><D54/><U10/><E91/><V110/><F110/><W2/><G77/><T59/><D70/><U31/><E107/><V118/><F118/><W131/><G131/><T35/><D35/><N who="1" m="13387" /><E31/><V1/><F1/><W116/><G116/><T83/><D85/><U102/><E102/><V9/><F25/><W58/><G17/><T92/><D95/><U8/><E8/><V114/><F114/><N who="1" m="43561" /><E10/><V7/><F88/><W68/><G3/><T16/><AGARI ba="0,0" hai="11,15,16,59,63,65,74,75,80,81,83,84,89,92" machi="16" ten="30,2000,0" yaku="0,1,54,1" doraHai="132" who="0" fromWho="0" sc="287,20,342,-10,142,-5,229,-5" /><INIT seed="2,0,0,1,5,47" ten="307,332,137,224" oya="2" hai0="101,36,23,87,25,41,100,50,133,29,28,103,68" hai1="113,95,79,44,74,124,127,48,58,77,8,49,31" hai2="3,54,131,10,9,90,96,88,69,15,122,117,70" hai3="19,118,38,84,81,130,17,26,132,42,108,111,39"/><V7/><F122/><W83/><G118/><T110/><D68/><U115/><E31/><V63/><F117/><W135/><G42/><T61/><D36/><N who="3" m="13865" /><G26/><T62/><D110/><N who="3" m="42025" /><G84/><T51/><D133/><N who="3" m="51273" /><G130/><T16/><D87/><U6/><E58/><V11/><F131/><W65/><G65/><T112/><D112/><U119/><E119/><V32/><F32/><W71/><G71/><T92/><D41/><U125/><E95/><V30/><F30/><N who="0" m="11882" /><D92/><U43/><E74/><V120/><F120/><W121/><G121/><T114/><D114/><N who="1" m="43531" /><E49/><AGARI ba="0,0" hai="16,23,25,49,50,51,61,62,100,101,103" m="11882" machi="49" ten="30,8000,1" yaku="8,1,52,3,54,1" doraHai="47" who="0" fromWho="1" sc="307,80,332,-80,137,0,224,0" /><INIT seed="3,0,0,4,4,74" ten="387,252,137,224" oya="3" hai0="91,117,32,46,10,60,38,101,30,116,62,120,130" hai1="132,61,17,123,94,85,3,87,39,84,78,92,110" hai2="80,22,1,58,63,93,15,37,7,42,97,129,83" hai3="81,16,96,0,65,70,115,69,31,44,104,55,5"/><W108/><G115/><T133/><D120/><U99/><E39/><V109/><F129/><W106/><G31/><T51/><D38/><U2/><E123/><V131/><F109/><W4/><G65/><T28/><D101/><U13/><E110/><V20/><F131/><W66/><G108/><T105/><D105/><U33/><E33/><V27/><F1/><W90/><G66/><T43/><D130/><U6/><E6/><V18/><F7/><W59/><G44/><T111/><D111/><U64/><E132/><V50/><F50/><W23/><G0/><T128/><D133/><U11/><E78/><V34/><F42/><W89/><G106/><T127/><D127/><U119/><E119/><V21/><F34/><W49/><G104/><T76/><D76/><U12/><E12/><V102/><F22/><W122/><G122/><T134/><D134/><U71/><REACH who="1" step="1"/><E94/><REACH who="1" ten="387,242,137,224" step="2"/><V103/><F37/><W72/><G5/><T19/><D117/><U57/><E57/><V88/><F80/><W114/><G4/><T86/><D116/><U126/><E126/><V75/><F83/><W112/><G114/><T121/><D32/><U52/><E52/><V45/><F45/><W100/><G112/><T68/><D121/><U14/><E14/><V26/><F75/><W79/><G70/><T125/><D125/><U25/><E25/><V9/><F9/><W118/><G69/><T29/><D68/><U107/><E107/><V53/><REACH who="2" step="1"/><F15/><REACH who="2" ten="387,242,127,224" step="2"/><N who="3" m="9631" /><G118/><T47/><D128/><U40/><E40/><V95/><F95/><N who="3" m="58399" /><G72/><T124/><D124/><U8/><E8/><V56/><F56/><RYUUKYOKU ba="0,2" sc="387,-30,242,10,127,10,224,10" hai1="2,3,11,13,17,61,64,71,84,85,87,92,99" hai2="18,20,21,26,27,53,58,63,88,93,97,102,103" hai3="49,55,59,79,81,89,90" /><INIT seed="3,1,2,2,2,58" ten="357,252,137,234" oya="3" hai0="33,87,35,51,27,94,101,106,64,20,84,112,26" hai1="53,86,119,76,42,107,105,0,127,2,121,63,113" hai2="55,115,5,37,120,78,22,88,98,47,30,65,126" hai3="75,18,43,99,54,125,90,12,13,10,29,40,21"/><W36/><G75/><T71/><D112/><U66/><E113/><V103/><F115/><W111/><G125/><T95/><D51/><U104/><E121/><V16/><F126/><W50/><G36/><T4/><D4/><U79/><E42/><V128/><F128/><W123/><G29/><T49/><D49/><U9/><E127/><V34/><F120/><W131/><G123/><T28/><D35/><U133/><E133/><V73/><F5/><N who="3" m="3151" /><G131/><T44/><D44/><U39/><E39/><V17/><F34/><W1/><G1/><T100/><D100/><U110/><E110/><V23/><F30/><W116/><G116/><T11/><D11/><U97/><E97/><V25/><F37/><W93/><G111/><T15/><D15/><U74/><E74/><V85/><F73/><W45/><AGARI ba="1,2" hai="13,18,21,40,43,45,50,54,90,93,99" m="3151" machi="45" ten="30,1500,0" yaku="8,1" doraHai="58" who="3" fromWho="3" sc="357,-6,252,-6,137,-6,234,38" /><INIT seed="3,2,0,0,0,24" ten="351,246,131,272" oya="3" hai0="22,1,99,37,124,65,128,9,6,116,4,97,79" hai1="132,46,94,23,19,70,126,112,18,33,62,130,20" hai2="90,111,96,117,102,113,106,42,78,67,60,49,75" hai3="105,13,93,129,56,25,119,121,92,82,95,44,47"/><W84/><G119/><T34/><D37/><U40/><E33/><V38/><F60/><W72/><G121/><T31/><D116/><U73/><E73/><V29/><F49/><W85/><G105/><T14/><D79/><U122/><E112/><V118/><F67/><W7/><G129/><T101/><D128/><U45/><E122/><V50/><F50/><W41/><G25/><N who="0" m="18799" /><D65/><U110/><E132/><V63/><F63/><W30/><G30/><T74/><D74/><U35/><E126/><V15/><F42/><W36/><G47/><T87/><D87/><U16/><E35/><V8/><F8/><W39/><G39/><T27/><D101/><U104/><E104/><V135/><F15/><W0/><G56/><T12/><D124/><U61/><E110/><V17/><F17/><W57/><G57/><T103/><D103/><U114/><E130/><V58/><F58/><W127/><G13/><N who="0" m="5287" /><D97/><U77/><E114/><V53/><F29/><W32/><G32/><T51/><D51/><N who="1" m="27047" /><E70/><V108/><F53/><W125/><G127/><T54/><D99/><U107/><E107/><V134/><F38/><W21/><G21/><N who="1" m="8266" /><E77/><V131/><F113/><W69/><G69/><T86/><D54/><U100/><E46/><V123/><F123/><W10/><G125/><T5/><D86/><U43/><E43/><V64/><F64/><W55/><G55/><T48/><D48/><U91/><E100/><V81/><F131/><W28/><G28/><N who="0" m="17527" /><D6/><U59/><E59/><V68/><F68/><W52/><G52/><T66/><D66/><U109/><E109/><N who="2" m="42059" /><F90/><W120/><G120/><RYUUKYOKU ba="2,0" sc="351,0,246,0,131,0,272,0" hai0="1,5,12,14" hai1="16,18,19,61,62,91,94" hai2="75,78,81,96,102,106,117,118,134,135" hai3="0,7,10,36,41,44,72,82,84,85,92,93,95" /><INIT seed="3,3,0,3,4,99" ten="351,246,131,272" oya="3" hai0="104,86,26,103,17,75,55,44,89,32,68,67,56" hai1="18,12,124,120,129,118,97,125,85,108,111,119,87" hai2="110,4,123,33,45,94,19,58,54,84,9,121,81" hai3="6,134,122,38,31,132,83,77,2,76,48,59,63"/><W92/><G122/><T0/><D0/><U115/><E129/><V36/><F33/><W14/><G38/><T3/><D3/><U106/><E115/><V35/><F35/><W8/><G31/><N who="0" m="19575" /><D17/><U126/><E120/><V91/><F36/><W131/><G2/><T105/><D105/><U61/><E61/><V107/><F107/><W1/><G1/><T127/><D44/><U102/><E12/><V7/><F110/><N who="1" m="42025" /><E18/><V65/><F123/><W51/><G131/><T50/><D75/><U100/><E100/><V69/><F69/><W79/><G92/><T23/><D23/><U34/><E34/><V28/><F28/><W25/><G25/><T112/><D112/><U21/><E21/><V47/><F121/><W20/><G20/><T73/><D73/><U41/><E41/><V43/><F65/><W53/><G83/><T88/><D86/><AGARI ba="3,0" hai="85,86,87,97,102,106,118,119,124,125,126" m="42025" machi="86" ten="40,8000,1" yaku="18,1,14,1,34,2,52,1" doraHai="99" who="1" fromWho="0" sc="351,-89,246,89,131,0,272,0" owari="262,-14.0,335,44.0,131,-37.0,272,7.0" /></mjloggm>