<mjloggm ver="2.3"><GO type="97" lobby="0"/><UN n0="%E6%94%AF%E5%80%89%E7%AB%9C" n1="%E5%B0%B1%E6%B4%BB%E7%94%9F%40%E5%B7%9D%E6%9D%91%E8%BB%8D%E5%9B%A3" n2="%E9%A6%AC%E9%B9%BF%E3%81%A0%E3%81%AA%E4%BF%BA" n3="%E6%B0%B7%E6%B2%BC%E8%97%8D%E5%8F%B8" dan="13,15,14,14" rate="1934.68,2047.45,1936.07,1943.65" sx="M,M,M,F"/><TAIKYOKU oya="0"/><INIT seed="0,0,0,2,5,33" ten="250,250,250,250" oya="0" hai0="105,38,3,83,119,23,104,48,1,55,134,101,67" hai1="133,12,39,127,129,27,19,111,58,16,126,70,97" hai2="94,88,59,11,76,79,96,122,72,135,128,74,81" hai3="95,117,8,118,87,71,92,44,7,42,9,49,109"/><T30/><D38/><U73/><E58/><V53/><F122/><W10/><G71/><T0/><D119/><U102/><E73/><V52/><F128/><W34/><G109/><T14/><D134/><U80/><E70/><V91/><F135/><W132/><G34/><T130/><D130/><U61/><E39/><V121/><F121/><W66/><G66/><T77/><D67/><U22/><E61/><V124/><F124/><N who="1" m="47657" /><E80/><V41/><F41/><W31/><G31/><T32/><D32/><U46/><E46/><V40/><F40/><W125/><G44/><T51/><D101/><U17/><E129/><V75/><F11/><W89/><G10/><T20/><D20/><N who="1" m="11271" /><E111/><V131/><F131/><W54/><G125/><T98/><D98/><U25/><E133/><V47/><F47/><W28/><G132/><T57/><D48/><U4/><E4/><V115/><F115/><W24/><G49/><T37/><D37/><U68/><E68/><V2/><F2/><W13/><G7/><T112/><D112/><U100/><E97/><V110/><F110/><W29/><G118/><T106/><D14/><U64/><E64/><V60/><REACH who="2" step="1"/><F53/><REACH who="2" ten="250,250,240,250" step="2"/><W114/><G54/><T45/><D45/><U82/><E102/><V120/><F120/><W84/><G42/><T123/><D123/><U108/><E108/><V26/><F26/><W99/><G24/><N who="0" m="16671" /><D3/><U5/><E100/><V107/><F107/><W36/><G117/><T63/><D63/><U21/><E5/><V56/><F56/><W15/><G36/><T65/><D65/><U78/><E25/><V85/><AGARI ba="0,1" hai="52,59,60,72,74,75,76,79,81,85,88,91,94,96" machi="85" ten="40,12000,2" yaku="1,1,5,1,0,1,54,2,53,1" doraHai="33" doraHaiUra="90" who="2" fromWho="2" sc="250,-60,250,-30,240,130,250,-30" /><INIT seed="1,0,0,1,4,8" ten="190,220,370,220" oya="1" hai0="17,49,68,66,80,112,121,24,91,89,21,37,88" hai1="55,25,114,1,86,32,61,63,75,125,57,134,29" hai2="95,72,115,126,135,41,71,97,119,107,30,18,53" hai3="23,131,19,7,132,69,79,129,87,128,35,99,105"/><U59/><E114/><V113/><F71/><W39/><G35/><T27/><D112/><N who="2" m="43082" /><F107/><W31/><G39/><T127/><D37/><U67/><E75/><V44/><F72/><W116/><G31/><T43/><D127/><U100/><E125/><V28/><F126/><W101/><G116/><T40/><D121/><U4/><E134/><V82/><F135/><W109/><G109/><T94/><D80/><U76/><E100/><V13/><F82/><N who="3" m="47583" /><G7/><T111/><D111/><U104/><E104/><V5/><F53/><W110/><G110/><T20/><D94/><U73/><E73/><V60/><F60/><W103/><G103/><T92/><D92/><U14/><E1/><V84/><F84/><W106/><G132/><T36/><D36/><U81/><REACH who="1" step="1"/><E4/><REACH who="1" ten="190,210,370,220" step="2"/><V33/><F5/><W96/><G106/><T122/><D122/><U10/><E10/><N who="2" m="6455" /><F119/><W74/><G74/><T15/><D27/><U34/><E34/><V51/><F33/><W0/><G0/><T6/><D6/><U108/><E108/><V12/><F12/><AGARI ba="0,1" hai="12,14,25,29,32,55,57,59,61,63,67,76,81,86" machi="12" ten="40,7700,0" yaku="1,1,52,2,53,0" doraHai="8" doraHaiUra="64" who="1" fromWho="2" sc="190,0,210,87,370,-77,220,0" /><INIT seed="1,1,0,5,5,128" ten="190,297,293,220" oya="1" hai0="57,9,49,18,83,76,55,31,29,86,50,117,79" hai1="106,0,59,99,1,58,74,111,102,89,113,114,90" hai2="92,66,8,124,28,130,78,97,116,70,34,4,132" hai3="73,71,133,42,105,65,17,63,107,30,87,131,101"/><U22/><E74/><V7/><F116/><W125/><G73/><T95/><D117/><U10/><E22/><V103/><F130/><W84/><G131/><T77/><D95/><U118/><E118/><V25/><F132/><W129/><G133/><T100/><D100/><U72/><E72/><V11/><F124/><W14/><G125/><T93/><D93/><U88/><E111/><V94/><F78/><W47/><G30/><T32/><D32/><U21/><E21/><V122/><F122/><W33/><G33/><T20/><D49/><U119/><E119/><V69/><F92/><W123/><G123/><T27/><D9/><U85/><E85/><V46/><F46/><W3/><G129/><T44/><REACH who="0" step="1"/><D44/><REACH who="0" ten="180,297,293,220" step="2"/><U81/><E10/><V121/><F121/><W96/><G47/><T43/><D43/><U56/><REACH who="1" step="1"/><E81/><REACH who="1" ten="180,287,293,220" step="2"/><V16/><F11/><W13/><G87/><T5/><D5/><U98/><E98/><V54/><F8/><W115/><G84/><T15/><D15/><U6/><E6/><V120/><F7/><W36/><G14/><T23/><D23/><U38/><E38/><V60/><F4/><W51/><G36/><T67/><D67/><U75/><E75/><V41/><F120/><W91/><G65/><T37/><D37/><U64/><E64/><V135/><F66/><W52/><G13/><T80/><D80/><U127/><E127/><V126/><F97/><W12/><G96/><T39/><D39/><U40/><E40/><V68/><F126/><W35/><G42/><T45/><D45/><U110/><E110/><V62/><F41/><RYUUKYOKU ba="1,2" sc="180,15,287,15,293,-15,220,-15" hai0="18,20,27,29,31,50,55,57,76,77,79,83,86" hai1="0,1,56,58,59,88,89,90,99,102,106,113,114" /><INIT seed="1,2,2,3,5,71" ten="195,302,278,205" oya="1" hai0="19,59,46,65,43,95,121,131,90,45,9,76,134" hai1="20,70,85,0,53,111,22,74,112,72,116,11,17" hai2="24,73,69,92,34,88,60,104,41,67,1,107,16" hai3="81,7,106,40,58,103,3,61,2,101,100,48,118"/><U135/><E116/><V56/><F1/><W30/><G106/><T35/><D131/><U49/><E70/><V99/><F73/><W132/><G30/><T42/><D35/><U110/><E112/><V79/><F79/><W97/><G118/><T31/><D31/><U123/><E135/><V5/><F5/><W108/><G132/><T86/><D134/><U130/><E130/><V37/><F34/><W4/><G2/><T25/><D76/><U14/><E85/><V38/><F69/><W82/><G97/><T63/><D121/><U96/><E96/><V29/><F29/><W128/><G128/><T78/><D78/><U93/><E93/><V94/><F92/><W77/><G3/><T52/><D65/><U115/><E115/><V120/><F120/><W125/><G125/><T62/><D62/><U89/><E89/><V122/><F122/><W28/><G28/><T54/><D54/><U114/><E114/><V39/><REACH who="2" step="1"/><F41/><REACH who="2" ten="195,302,268,205" step="2"/><W98/><G40/><T105/><D105/><U18/><E74/><V83/><F83/><W55/><G77/><T133/><D133/><U36/><E72/><V64/><F64/><W47/><G82/><T80/><D80/><U8/><E0/><V57/><F57/><W26/><G58/><T10/><D42/><U50/><E123/><V127/><F127/><W12/><G81/><T27/><D46/><U66/><E66/><V75/><F75/><W33/><G47/><T23/><REACH who="0" step="1"/><D27/><REACH who="0" ten="185,302,268,205" step="2"/><N who="1" m="14735" /><E53/><V68/><F68/><W109/><G55/><T6/><D6/><U119/><E119/><V15/><F15/><W13/><G4/><RYUUKYOKU ba="2,4" sc="185,15,302,-15,268,15,205,-15" hai0="9,10,19,23,25,43,45,52,59,63,86,90,95" hai2="16,24,37,38,39,56,60,67,88,94,99,104,107" /><INIT seed="2,3,4,2,2,131" ten="200,287,283,190" oya="2" hai0="7,55,28,102,35,52,12,51,105,115,76,96,119" hai1="4,58,13,129,60,48,45,91,75,5,95,19,114" hai2="43,112,100,63,89,31,30,23,59,50,82,66,36" hai3="107,37,101,24,9,22,69,27,79,18,57,72,26"/><V8/><F36/><W88/><G69/><T133/><D115/><U106/><E75/><V113/><F112/><W117/><G117/><T104/><D119/><U83/><E83/><V94/><F113/><W2/><G37/><T92/><D133/><U111/><E106/><V17/><F8/><W64/><G88/><T98/><D76/><U99/><E111/><V39/><F39/><W6/><G101/><T20/><D35/><U61/><E129/><V87/><F43/><W54/><G64/><T15/><D55/><N who="1" m="30095" /><E114/><V74/><F50/><W134/><G107/><T121/><D121/><U46/><E46/><V108/><F108/><W53/><G134/><T56/><D7/><N who="1" m="2635" /><E58/><V34/><F34/><W120/><G120/><T32/><D32/><U16/><E19/><V71/><F71/><W0/><G0/><T128/><D128/><U80/><E80/><V70/><F70/><W93/><G57/><T42/><D42/><U10/><AGARI ba="3,4" hai="10,13,16,60,61,91,95,99" m="2635,30095" machi="10" ten="30,2000,0" yaku="8,1,54,1" doraHai="131" who="1" fromWho="1" sc="200,-8,287,69,283,-13,190,-8" /><INIT seed="3,0,0,4,1,72" ten="192,356,270,182" oya="3" hai0="3,77,31,66,11,62,135,88,101,127,107,83,33" hai1="47,21,114,117,100,93,17,109,113,102,128,87,44" hai2="108,13,19,52,133,50,36,38,5,104,2,90,27" hai3="20,112,111,75,98,58,86,14,26,10,124,80,73"/><W106/><G112/><T121/><D121/><U95/><E109/><V103/><F2/><W35/><G111/><T67/><D127/><U69/><E128/><V43/><F108/><W59/><G35/><T82/><D135/><U54/><E69/><V119/><F119/><W8/><G75/><T28/><D88/><U25/><E117/><V56/><F133/><W122/><G73/><T45/><D45/><N who="1" m="17483" /><E113/><V6/><F43/><W105/><G122/><T18/><D33/><U65/><E65/><V134/><F134/><W92/><G106/><T63/><D107/><U126/><E87/><V46/><F104/><W40/><G40/><T84/><D101/><N who="1" m="39019" /><E126/><V4/><F103/><N who="3" m="60871" /><G105/><T41/><D41/><U9/><E114/><V55/><F38/><W37/><G37/><T30/><D83/><U89/><E89/><V0/><F0/><W130/><G130/><T68/><D3/><U48/><E9/><N who="3" m="3690" /><G14/><N who="0" m="7519" /><D68/><U79/><E79/><V131/><F13/><W53/><G124/><T116/><D116/><U115/><E115/><V49/><F36/><W71/><G53/><T24/><D24/><U29/><E29/><V7/><F131/><W42/><G42/><T110/><D110/><U81/><E81/><V99/><N who="2" m="1536" /><DORA hai="60" /><V78/><F78/><N who="3" m="46359" /><G71/><T32/><D32/><U97/><E97/><V1/><F1/><W64/><G64/><AGARI ba="0,0" hai="28,30,31,62,63,64,66,67,77,82,84" m="7519" machi="64" ten="30,8000,1" yaku="8,1,52,4" doraHai="72,60" who="0" fromWho="3" sc="192,80,356,0,270,0,182,-80" owari="272,7.0,356,46.0,270,-13.0,102,-40.0" /></mjloggm>