<mjloggm ver="2.3"><GO type="97" lobby="0"/><UN n0="%E5%B0%B1%E6%B4%BB%E7%94%9F%40%E5%B7%9D%E6%9D%91%E8%BB%8D%E5%9B%A3" n1="%48%53%4E%4D%44" n2="%74%61%69%7A%6F%75" n3="%E7%A7%80%E5%96%84" dan="15,14,14,15" rate="2008.23,1880.83,1961.35,1953.65" sx="M,M,M,M"/><TAIKYOKU oya="0"/><INIT seed="0,0,0,4,0,29" ten="250,250,250,250" oya="0" hai0="75,11,97,53,98,1,84,37,102,92,90,68,117" hai1="59,87,86,0,104,127,50,10,120,9,6,3,32" hai2="46,126,91,115,5,125,129,55,109,110,63,56,69" hai3="81,33,38,57,2,101,52,16,20,79,51,36,13"/><T65/><D117/><U28/><E104/><V85/><F5/><W107/><G2/><T123/><D123/><U99/><E120/><V77/><F77/><W35/><G38/><T26/><D75/><U124/><E99/><V113/><F85/><W128/><G36/><T42/><D68/><U133/><E133/><V40/><F69/><W134/><G134/><T103/><D65/><U114/><E114/><N who="2" m="43531" /><F91/><W73/><REACH who="3" step="1"/><G128/><REACH who="3" ten="250,250,250,240" step="2"/><T18/><D1/><U27/><E3/><V19/><F129/><W94/><G94/><T60/><D37/><U66/><E127/><N who="2" m="48651" /><F19/><W78/><G78/><T112/><D112/><U71/><E124/><V45/><F45/><W135/><G135/><T82/><D42/><U4/><E0/><V111/><F111/><W100/><G100/><T108/><D108/><U23/><E71/><V74/><F74/><W14/><G14/><T47/><D103/><U44/><E27/><V119/><F119/><W24/><G24/><T39/><D39/><AGARI ba="0,1" hai="39,40,46,55,56,63,109,110" m="48651,43531" machi="39" ten="30,3900,0" yaku="18,1,34,2" doraHai="29" who="2" fromWho="0" sc="250,-39,250,0,250,49,240,0" /><INIT seed="1,0,0,1,1,27" ten="211,250,299,240" oya="1" hai0="60,53,131,77,72,81,68,118,15,50,63,19,34" hai1="90,95,66,117,80,16,17,44,36,67,41,2,22" hai2="59,84,96,108,25,75,82,39,126,114,21,112,37" hai3="7,56,14,54,101,105,51,69,132,104,24,8,133"/><U1/><E117/><V78/><F108/><W113/><G69/><T64/><D118/><U124/><E124/><V9/><F126/><W42/><G113/><N who="2" m="43625" /><F75/><W98/><G42/><T89/><D131/><U65/><E80/><V62/><F9/><W5/><G5/><T6/><D34/><U91/><E91/><V88/><F96/><W20/><REACH who="3" step="1"/><G105/><REACH who="3" ten="211,250,299,230" step="2"/><T73/><D6/><U92/><E92/><V76/><F37/><W85/><G85/><T49/><D72/><U110/><E110/><V58/><F39/><W57/><G57/><N who="2" m="21513" /><F62/><W125/><G125/><T128/><D63/><U61/><E61/><V29/><AGARI ba="0,1" hai="21,25,29,76,78,82,84,88" m="21513,43625" machi="29" ten="30,4000,0" yaku="11,1,52,1,54,1" doraHai="27" who="2" fromWho="2" sc="211,-10,250,-20,299,50,230,-10" /><INIT seed="2,0,0,1,1,72" ten="201,230,349,220" oya="2" hai0="117,42,41,133,66,82,23,87,31,92,50,90,1" hai1="119,83,134,48,7,21,105,65,18,51,63,127,29" hai2="49,59,57,103,112,12,34,76,94,120,71,13,56" hai3="58,67,11,20,15,8,81,79,24,116,25,73,27"/><V2/><F71/><W22/><G116/><T107/><D1/><U17/><E119/><V68/><F68/><W3/><G3/><T102/><D117/><U77/><E105/><V75/><F120/><W5/><REACH who="3" step="1"/><G11/><REACH who="3" ten="201,230,349,210" step="2"/><T96/><D133/><U33/><E134/><V53/><F2/><W30/><G30/><T55/><D66/><U113/><E29/><V84/><F112/><W115/><G115/><T44/><D107/><U80/><E113/><V109/><F109/><W118/><G118/><T35/><D35/><U99/><E33/><V91/><F34/><W131/><G131/><T69/><D69/><U6/><E127/><V129/><F129/><W111/><G111/><T19/><D31/><U74/><E6/><V88/><F103/><W61/><AGARI ba="0,1" hai="5,8,15,20,22,24,25,27,58,61,67,73,79,81" machi="61" ten="30,4000,0" yaku="1,1,0,1,52,1,53,0" doraHai="72" doraHaiUra="39" who="3" fromWho="3" sc="201,-10,230,-10,349,-20,210,50" /><INIT seed="3,0,0,4,5,113" ten="191,220,329,260" oya="3" hai0="0,45,122,85,115,42,130,1,108,33,17,89,76" hai1="37,14,110,129,126,123,36,15,72,63,49,83,91" hai2="19,55,65,35,118,135,44,88,75,10,50,54,125" hai3="57,41,120,3,99,121,69,8,16,101,46,26,90"/><W39/><G69/><T68/><D122/><U81/><E123/><V100/><F75/><W11/><G90/><T77/><D68/><U95/><E129/><V66/><F118/><W43/><G43/><T25/><D115/><U27/><E126/><V132/><F35/><W38/><G38/><T82/><D130/><U73/><E110/><V106/><F106/><W117/><G117/><T4/><D108/><U23/><E63/><V78/><F78/><W111/><G111/><T107/><D107/><U133/><E133/><N who="2" m="51275" /><F100/><W21/><G120/><T124/><D124/><U96/><E49/><N who="2" m="28967" /><F88/><W47/><G121/><T74/><D4/><U98/><E91/><V12/><F125/><W48/><G3/><T80/><D76/><U52/><E95/><V71/><F71/><W70/><G70/><T18/><D18/><U87/><E87/><V134/><F134/><W119/><G119/><T103/><D103/><U13/><E13/><V114/><F114/><W29/><G57/><AGARI ba="0,0" hai="10,12,19,50,55,57,65,66" m="28967,51275" machi="57" ten="30,1000,0" yaku="20,1" doraHai="113" who="2" fromWho="3" sc="191,0,220,0,329,10,260,-10" owari="191,-31.0,220,-18.0,339,44.0,250,5.0" /></mjloggm>