<mjloggm ver="2.3"><GO type="97" lobby="0"/><UN n0="%E9%95%B7%E5%B2%A1%E5%A4%A7%E6%98%8E%E7%A5%9E" n1="%E4%B8%AD%E5%B7%9D%E7%BF%94%E5%AD%90" n2="%E3%81%9F%E3%83%BC%E3%81%9F" n3="%E5%B0%B1%E6%B4%BB%E7%94%9F%40%E5%B7%9D%E6%9D%91%E8%BB%8D%E5%9B%A3" dan="13,14,13,14" rate="1988.86,1925.90,1937.25,2001.69" sx="F,F,M,M"/><TAIKYOKU oya="0"/><INIT seed="0,0,0,4,1,32" ten="250,250,250,250" oya="0" hai0="107,87,69,116,45,101,35,134,60,104,47,128,68" hai1="48,49,55,78,71,34,2,61,130,64,29,111,17" hai2="119,118,4,9,109,105,20,31,72,92,77,66,28" hai3="67,46,126,91,51,3,125,25,85,0,79,90,6"/><T18/><D87/><U123/><E123/><V89/><F105/><N who="0" m="40522" /><D101/><U19/><E111/><V36/><F36/><W15/><G67/><T122/><D122/><U121/><E121/><V74/><F109/><W37/><G37/><T75/><D60/><U99/><E130/><V110/><F110/><W16/><G25/><T84/><D84/><U53/><E78/><V95/><F66/><W43/><G79/><T52/><D116/><N who="2" m="44586" /><F95/><W96/><G6/><T131/><D18/><U54/><E99/><N who="2" m="57743" /><F77/><W58/><G58/><T112/><D112/><U100/><E100/><V13/><F20/><N who="3" m="11295" /><G96/><T98/><D98/><U62/><E34/><V106/><F106/><W88/><G85/><T108/><D35/><U117/><E117/><V41/><F41/><W40/><G40/><T24/><D108/><U63/><E64/><V70/><F70/><N who="0" m="27242" /><D75/><AGARI ba="0,0" hai="4,9,13,28,31,72,74,75" m="57743,44586" machi="75" ten="30,1000,0" yaku="12,1" doraHai="32" who="2" fromWho="0" sc="250,-10,250,0,250,10,250,0" /><INIT seed="1,0,0,2,1,103" ten="240,250,260,250" oya="1" hai0="35,80,55,17,33,45,60,63,41,66,82,48,92" hai1="28,29,8,104,78,116,62,5,74,6,27,127,77" hai2="84,43,57,10,117,12,20,65,99,94,22,123,54" hai3="25,125,59,71,39,61,14,51,111,113,44,36,47"/><U64/><E116/><V95/><F117/><W131/><G25/><T70/><D35/><U120/><E120/><V15/><F123/><W133/><G14/><T53/><D33/><N who="1" m="20639" /><E77/><V50/><F15/><W107/><G107/><T75/><D92/><U101/><E5/><V100/><F43/><N who="3" m="24991" /><G113/><T1/><D1/><N who="1" m="79" /><E29/><V115/><F65/><N who="3" m="41391" /><G125/><T130/><D130/><U90/><E90/><N who="2" m="53575" /><F115/><W79/><G79/><T34/><D34/><U42/><E42/><V132/><F132/><W91/><G91/><T118/><D118/><U85/><E85/><V106/><F106/><W21/><G21/><T3/><D3/><U18/><E18/><AGARI ba="0,0" hai="10,12,18,20,22,50,54,57,95,99,100" m="53575" machi="18" ten="30,1000,0" yaku="8,1" doraHai="103" who="2" fromWho="1" sc="240,0,250,-10,260,10,250,0" /><INIT seed="2,0,0,1,4,93" ten="240,240,270,250" oya="2" hai0="47,32,3,41,43,7,36,2,55,26,123,53,79" hai1="84,0,119,17,125,70,22,49,11,114,63,35,42" hai2="122,101,108,64,46,109,73,116,68,44,34,121,76" hai3="96,77,9,120,16,128,29,58,13,112,106,19,60"/><V38/><F34/><W111/><G120/><N who="2" m="46185" /><F101/><W5/><G112/><T113/><D113/><U78/><E114/><V24/><F76/><W75/><G128/><T89/><D123/><U12/><E125/><V98/><F24/><W14/><G111/><N who="2" m="42569" /><F73/><W97/><G29/><T95/><D41/><U54/><E42/><N who="2" m="22615" /><F98/><N who="3" m="37995" /><G106/><T110/><D110/><U127/><E35/><V80/><F80/><W107/><G107/><T50/><D79/><U82/><E78/><V6/><F6/><W131/><G131/><T8/><D2/><U23/><E0/><V33/><F33/><W28/><G28/><T100/><D100/><U90/><E127/><V135/><F116/><W69/><G69/><T133/><D36/><U45/><E119/><V124/><F124/><W39/><G39/><T65/><D133/><U115/><E115/><V83/><F135/><W87/><G75/><T10/><D65/><AGARI ba="0,0" hai="11,12,17,22,23,45,49,54,63,65,70,82,84,90" machi="65" ten="40,2600,0" yaku="25,2" doraHai="93" who="1" fromWho="0" sc="240,-26,240,26,270,0,250,0" /><INIT seed="3,0,0,3,5,104" ten="214,266,270,250" oya="3" hai0="119,23,84,4,108,125,91,60,34,17,128,118,63" hai1="48,132,92,103,67,61,101,64,36,95,87,77,57" hai2="98,16,134,0,133,6,55,18,15,102,79,81,83" hai3="107,45,31,131,41,94,116,124,3,117,46,72,27"/><W8/><G107/><T42/><D34/><U10/><E36/><V112/><F112/><W2/><G124/><T82/><D125/><U86/><E132/><N who="2" m="50795" /><F0/><W30/><G131/><T11/><D128/><U40/><E64/><V88/><F55/><W28/><G27/><T38/><D108/><U47/><E10/><N who="2" m="4567" /><F83/><W115/><G115/><T39/><D119/><U129/><E129/><V99/><F88/><W100/><G72/><T5/><D118/><U90/><E92/><N who="2" m="58695" /><F99/><W80/><G80/><AGARI ba="0,0" hai="40,47,48,57,61,67,77,80,86,87,90,95,101,103" machi="80" ten="40,1300,0" yaku="8,1" doraHai="104" who="1" fromWho="3" sc="214,0,266,13,270,0,250,-13" /><INIT seed="4,0,0,2,0,104" ten="214,279,270,237" oya="0" hai0="4,105,30,45,59,102,71,67,36,49,135,0,57" hai1="13,5,109,70,82,86,73,119,124,92,99,41,63" hai2="112,76,132,100,19,9,34,44,56,87,75,89,16" hai3="55,22,85,94,8,90,60,3,65,93,37,66,110"/><T103/><D135/><U106/><E119/><V118/><F132/><W129/><G37/><T18/><D30/><U68/><E124/><V117/><F34/><W91/><G110/><T6/><D36/><U69/><E109/><V88/><F100/><N who="0" m="38442" /><D0/><U2/><E2/><V123/><F123/><W114/><G114/><T101/><N who="0" m="38450" /><T47/><DORA hai="62" /><D71/><U115/><E41/><V81/><F112/><W98/><G129/><T84/><D105/><U52/><E106/><V125/><F125/><W51/><G60/><N who="0" m="38287" /><D18/><U1/><E1/><V83/><F89/><W77/><G77/><T38/><D38/><U79/><E115/><V80/><F83/><W130/><G130/><T24/><D24/><U21/><E70/><V35/><F35/><W61/><G61/><T126/><D126/><U29/><E69/><V10/><F44/><N who="0" m="16970" /><D84/><U120/><E68/><V108/><F108/><W96/><G85/><T33/><D33/><U15/><E29/><V42/><F42/><W32/><G32/><T74/><D74/><U48/><E63/><V116/><F56/><N who="3" m="32895" /><G3/><T50/><D50/><U46/><E73/><V97/><F97/><W131/><G131/><T54/><AGARI ba="0,0" hai="4,6,49,54,59" m="16970,38287,38450" machi="54" ten="40,3900,0" yaku="8,1,52,1" doraHai="104,62" who="0" fromWho="0" sc="214,39,279,-13,270,-13,237,-13" /><INIT seed="4,1,0,4,1,90" ten="253,266,257,224" oya="0" hai0="93,104,109,0,97,126,2,86,117,14,83,74,128" hai1="73,71,105,42,130,92,63,79,98,6,30,22,76" hai2="103,24,133,114,95,62,122,106,134,60,34,69,77" hai3="127,13,10,27,5,84,123,44,80,72,61,16,89"/><T87/><D117/><U121/><E121/><V108/><F122/><W1/><G123/><T20/><D104/><U129/><E105/><V15/><F108/><W94/><G127/><T81/><D109/><U115/><E73/><V107/><F114/><W12/><G44/><T4/><D126/><U7/><E42/><V88/><F103/><W119/><G119/><T64/><D74/><U78/><E115/><V41/><F77/><W56/><G72/><T65/><D128/><U111/><E111/><V49/><F15/><N who="3" m="5583" /><G80/><N who="0" m="30795" /><D2/><U99/><E99/><V102/><F102/><W28/><G28/><T131/><D0/><U68/><E22/><V113/><F113/><W124/><G1/><T35/><D35/><U32/><E30/><V31/><F107/><W59/><G124/><T8/><D20/><U48/><E32/><V25/><F106/><W96/><G84/><N who="0" m="32299" /><D131/><N who="1" m="50187" /><E68/><V23/><F69/><W120/><G120/><T85/><N who="0" m="32307" /><T17/><DORA hai="50" /><D17/><U47/><E71/><V100/><F100/><AGARI ba="1,0" hai="4,8,14,64,65,93,97,100" m="32307,30795" machi="100" ten="30,2900,0" yaku="8,1,52,1" doraHai="90,50" who="0" fromWho="2" sc="253,32,266,0,257,-32,224,0" /><INIT seed="4,2,0,5,2,112" ten="285,266,225,224" oya="0" hai0="91,117,134,98,23,71,108,109,78,75,127,121,5" hai1="123,87,40,48,114,135,102,27,4,34,47,95,13" hai2="3,41,103,54,17,63,61,100,49,74,62,92,129" hai3="8,69,97,26,118,52,14,82,90,111,86,44,64"/><T57/><D117/><U120/><E114/><V65/><F74/><W12/><G111/><N who="0" m="42571" /><D71/><U25/><E135/><V105/><F105/><W119/><G14/><T116/><D116/><U16/><E34/><V56/><F3/><W21/><G97/><T28/><D134/><U1/><E1/><V79/><F129/><W29/><G69/><T93/><D121/><U58/><E4/><V30/><F79/><W50/><G64/><T43/><D127/><U88/><E102/><V53/><F30/><W72/><G72/><T77/><D75/><U67/><E120/><V110/><F110/><W73/><G73/><T35/><D5/><AGARI ba="2,0" hai="5,8,12,21,26,29,44,50,52,82,86,90,118,119" machi="5" ten="30,7700,0" yaku="7,1,52,2,54,1" doraHai="112" who="3" fromWho="0" sc="285,-83,266,0,225,0,224,83" owari="202,-30.0,266,7.0,225,-17.0,307,40.0" /></mjloggm>