<mjloggm ver="2.3"><GO type="41" lobby="0"/><UN n0="%E5%B0%B1%E6%B4%BB%E7%94%9F%40%E5%B7%9D%E6%9D%91%E8%BB%8D%E5%9B%A3" n1="%64%6F%6F%6F%6F%77%79" n2="%54%53%55%42%41%53%41" n3="%E6%9C%88%E4%BB%A3%E4%BB%95%E7%BD%AE" dan="15,15,15,14" rate="1962.35,1952.51,2072.49,1931.47" sx="M,M,M,M"/><TAIKYOKU oya="0"/><INIT seed="0,0,0,2,3,67" ten="250,250,250,250" oya="0" hai0="8,54,41,35,113,87,10,125,134,24,84,7,97" hai1="80,72,86,12,22,65,77,109,11,15,63,131,81" hai2="75,48,100,42,130,26,58,99,120,92,32,55,88" hai3="0,14,31,118,16,93,53,128,98,9,76,40,121"/><T123/><D113/><U106/><E106/><V6/><F75/><W13/><G118/><T119/><D123/><U83/><E109/><V115/><F120/><W30/><G121/><T122/><D119/><U50/><E131/><V94/><F130/><W90/><G0/><T117/><D122/><U95/><E95/><V49/><F115/><W51/><G128/><T62/><D117/><U29/><E50/><V4/><F32/><W25/><G76/><T69/><D125/><U43/><E43/><V73/><F73/><W18/><G40/><T5/><D134/><U108/><E108/><V96/><F26/><W133/><G25/><T37/><D37/><U110/><E110/><V105/><F105/><W85/><G98/><T129/><D41/><U21/><E15/><V78/><F78/><W132/><G133/><T126/><D129/><U79/><E29/><V57/><F58/><N who="3" m="33087" /><G132/><T47/><D126/><U127/><E81/><V20/><F20/><AGARI ba="0,0" hai="9,13,14,16,18,20,30,31,85,90,93" m="33087" machi="20" ten="30,3900,0" yaku="25,1,8,1,54,1" doraHai="67" who="3" fromWho="2" sc="250,0,250,0,250,-39,250,39" /><INIT seed="1,0,0,3,3,35" ten="250,250,211,289" oya="1" hai0="105,81,42,22,106,59,45,8,96,44,115,73,2" hai1="53,114,108,46,104,11,13,74,34,31,62,65,107" hai2="37,97,55,76,30,28,17,43,131,124,77,103,72" hai3="21,39,29,26,12,132,102,123,135,129,14,120,5"/><U101/><E74/><V38/><F97/><W89/><G39/><T80/><D115/><U95/><E114/><V93/><F93/><W87/><G102/><T119/><D119/><U56/><E108/><V67/><F72/><W111/><G111/><T18/><D59/><U90/><E101/><V85/><F103/><W128/><G89/><T75/><D75/><U84/><E34/><V71/><F71/><W51/><G51/><T48/><D45/><U41/><E31/><V24/><F17/><W61/><G61/><T109/><D109/><U82/><E65/><V116/><F24/><W9/><G87/><T64/><D64/><U66/><E95/><V3/><F67/><W54/><G54/><T113/><D113/><U7/><REACH who="1" step="1"/><E66/><REACH who="1" ten="250,240,211,289" step="2"/><V27/><F3/><N who="3" m="191" /><G120/><T23/><D23/><U130/><BYE who="0" /><E130/><N who="3" m="50282" /><G123/><T10/><D10/><U98/><E98/><UN n0="%E5%B0%B1%E6%B4%BB%E7%94%9F%40%E5%B7%9D%E6%9D%91%E8%BB%8D%E5%9B%A3" /><V118/><F131/><W86/><G86/><T110/><D22/><U16/><E16/><V112/><F85/><W133/><AGARI ba="0,1" hai="12,14,21,26,29,132,133,135" m="50282,191" machi="133" ten="40,8000,1" yaku="20,1,19,1,34,2,52,1" doraHai="35" who="3" fromWho="3" sc="250,-20,240,-40,211,-20,289,90" /><INIT seed="2,0,0,0,0,109" ten="230,200,191,379" oya="2" hai0="95,56,13,116,71,47,63,9,26,25,6,117,120" hai1="20,89,131,60,103,135,106,93,86,30,100,128,59" hai2="15,124,7,4,69,72,82,50,123,122,112,75,41" hai3="39,126,110,42,62,54,43,53,46,66,88,17,36"/><V19/><F69/><N who="3" m="42199" /><G88/><T105/><D120/><U14/><E135/><V87/><F112/><W111/><G17/><T5/><D105/><U91/><E91/><V119/><F119/><N who="0" m="45642" /><D71/><U45/><E45/><N who="2" m="25903" /><F75/><W83/><G83/><T134/><D134/><U32/><E32/><V27/><F72/><W121/><G121/><T90/><D47/><U2/><E2/><V102/><F123/><W129/><G129/><N who="1" m="49738" /><E106/><V125/><F122/><W114/><G114/><T33/><D6/><N who="2" m="2090" /><F27/><W96/><G96/><N who="0" m="57463" /><D33/><U12/><E30/><V85/><F102/><N who="1" m="38953" /><E20/><V81/><F125/><W49/><G126/><T118/><D118/><U1/><E1/><V0/><F0/><W76/><G76/><T97/><D97/><U79/><E79/><V24/><F124/><W28/><G28/><T10/><D10/><U51/><E51/><V16/><F82/><W67/><G67/><AGARI ba="0,0" hai="5,9,13,25,26,56,63,67" m="57463,45642" machi="67" ten="30,1000,0" yaku="12,1" doraHai="109" who="0" fromWho="3" sc="230,10,200,0,191,0,379,-10" /><AGARI ba="0,0" hai="12,14,59,60,67,86,89,93" m="38953,49738" machi="67" ten="30,1000,0" yaku="19,1" doraHai="109" who="1" fromWho="3" sc="240,0,200,10,191,0,369,-10" /><INIT seed="3,0,0,3,2,19" ten="240,210,191,359" oya="3" hai0="26,76,21,73,18,82,128,107,41,28,39,61,68" hai1="20,104,56,45,101,13,0,115,81,85,42,55,110" hai2="123,105,62,54,1,67,9,17,8,58,108,70,69" hai3="103,52,32,87,47,40,79,130,117,33,64,75,134"/><W66/><G117/><T46/><D128/><U31/><E0/><V5/><F123/><W133/><G130/><T132/><D132/><N who="3" m="50793" /><G75/><T129/><D129/><U63/><E115/><V49/><F108/><W29/><G103/><T74/><D107/><U95/><E104/><V60/><F105/><W93/><G29/><T89/><D74/><U127/><E110/><V22/><F9/><W53/><G79/><T59/><D68/><U77/><E127/><V34/><F34/><N who="3" m="13419" /><G87/><T135/><D135/><U96/><E13/><V122/><F122/><W4/><G4/><T119/><D119/><U112/><E112/><V116/><F116/><W38/><G93/><T15/><D89/><U80/><E80/><V90/><F90/><W121/><G121/><T72/><D72/><U99/><E99/><V10/><F10/><W44/><G44/><T16/><REACH who="0" step="1"/><D15/><REACH who="0" ten="230,210,191,359" step="2"/><U114/><E114/><V98/><F70/><W92/><G92/><T57/><D57/><U102/><E102/><V100/><F69/><W106/><G106/><T30/><D30/><U7/><E31/><V11/><F100/><W84/><G84/><T48/><D48/><N who="1" m="26679" /><E7/><V94/><F5/><W2/><G2/><T120/><D120/><U97/><E97/><V37/><F1/><W113/><G113/><T24/><D24/><U51/><E63/><V86/><F60/><W88/><G88/><T25/><D25/><U109/><E109/><V131/><F131/><W91/><G91/><T126/><D126/><U27/><E27/><N who="2" m="14799" /><F98/><W111/><G111/><T71/><D71/><U78/><E78/><V23/><F94/><RYUUKYOKU ba="0,1" sc="230,10,210,10,191,-30,359,10" hai0="16,18,21,26,28,39,41,46,59,61,73,76,82" hai1="20,51,55,56,77,81,85,95,96,101" hai3="38,40,47,52,53,64,66" /><INIT seed="3,1,1,2,5,112" ten="240,220,161,369" oya="3" hai0="21,119,94,61,87,102,13,110,50,57,40,36,18" hai1="49,74,81,35,89,60,132,69,25,65,80,98,85" hai2="101,54,23,3,67,72,46,118,95,24,82,111,73" hai3="84,2,83,43,55,34,6,8,124,39,70,93,31"/><W45/><G70/><T129/><D36/><U68/><E132/><V117/><F3/><W48/><G124/><T114/><D129/><U32/><E69/><V131/><F67/><W86/><G93/><T28/><D110/><U15/><E15/><V62/><F62/><W126/><G126/><T134/><D114/><U100/><E49/><V59/><F54/><W78/><G31/><T75/><D75/><U9/><E9/><V133/><F59/><W56/><REACH who="3" step="1"/><G34/><REACH who="3" ten="240,220,161,359" step="2"/><T76/><D134/><U41/><E35/><V29/><F133/><W30/><G30/><T63/><D28/><U26/><E32/><V71/><F71/><W51/><G51/><T16/><D119/><U1/><E81/><V91/><F131/><W121/><G121/><T99/><D61/><U0/><E80/><V20/><F82/><W37/><G37/><T12/><D63/><U19/><E60/><V4/><F95/><W113/><G113/><T7/><D50/><U116/><E116/><V127/><F29/><W107/><G107/><T96/><D94/><U115/><E115/><V97/><F127/><W52/><G52/><T109/><D109/><U104/><E68/><V130/><F130/><W38/><G38/><T42/><D42/><U66/><E41/><V33/><F33/><W10/><G10/><T105/><D40/><U11/><E104/><V108/><F97/><W17/><G17/><T44/><D99/><U92/><E98/><V106/><F106/><W125/><G125/><T120/><D96/><U5/><E92/><V128/><F128/><W88/><G88/><T14/><D105/><RYUUKYOKU ba="1,2" sc="240,-10,220,-10,161,-10,359,30" hai3="2,6,8,39,43,45,48,55,56,78,83,84,86" /><INIT seed="3,2,2,1,2,57" ten="230,210,151,389" oya="3" hai0="16,4,127,78,90,114,115,58,37,60,14,88,131" hai1="67,29,62,119,10,96,53,7,71,79,135,76,55" hai2="83,73,77,22,101,113,121,2,17,104,48,132,34" hai3="100,46,24,120,102,129,45,99,87,31,74,23,106"/><W68/><G120/><T26/><D37/><U27/><E135/><V56/><F132/><W125/><G125/><T8/><D127/><U41/><E41/><V128/><F34/><W69/><G74/><T32/><D131/><U49/><E96/><V11/><F128/><W133/><G133/><T107/><D107/><U110/><E110/><V118/><F118/><W97/><G129/><T94/><D78/><U59/><E53/><V9/><F113/><N who="0" m="43018" /><D94/><U91/><E91/><N who="0" m="34857" /><D32/><U19/><E19/><V117/><F117/><W61/><G87/><T82/><D82/><U12/><REACH who="1" step="1"/><E119/><REACH who="1" ten="230,200,151,389" step="2"/><V81/><F121/><W25/><G69/><T89/><D89/><U124/><E124/><V112/><F112/><W66/><G25/><T39/><D39/><U35/><AGARI ba="2,3" hai="7,10,12,27,29,35,49,55,59,62,67,71,76,79" machi="35" ten="20,5200,0" yaku="1,1,0,1,7,1,52,1,53,0" doraHai="57" doraHaiUra="103" who="1" fromWho="1" sc="230,-15,200,88,151,-15,389,-28" /><INIT seed="4,0,0,5,2,25" ten="215,288,136,361" oya="0" hai0="59,65,10,91,22,24,47,5,100,131,95,61,39" hai1="56,36,88,71,74,86,28,117,68,99,21,50,82" hai2="17,58,54,35,104,121,9,124,87,44,66,105,122" hai3="93,1,80,83,19,29,113,133,23,109,119,108,6"/><T85/><D131/><U62/><E36/><V49/><F35/><W84/><G119/><T42/><D100/><U102/><E117/><V48/><F105/><W53/><G113/><T96/><D85/><U81/><E50/><V55/><F104/><W110/><G133/><T33/><D33/><U38/><E38/><V90/><F124/><W72/><G72/><T92/><D92/><N who="1" m="58727" /><E81/><V11/><F66/><W75/><G75/><T123/><D123/><U76/><E76/><V51/><F122/><W127/><G127/><T73/><D73/><U45/><E45/><V126/><F121/><W37/><G37/><T57/><D57/><U107/><E107/><V27/><F126/><W89/><G53/><T41/><D47/><U94/><E94/><V129/><F129/><W15/><REACH who="3" step="1"/><G29/><REACH who="3" ten="215,288,136,351" step="2"/><T78/><D39/><U115/><E74/><V12/><F27/><W26/><G26/><T97/><D78/><U103/><E115/><V112/><F112/><W132/><G132/><T79/><D79/><U116/><E116/><V18/><F49/><W16/><G16/><T40/><D5/><U106/><E28/><V52/><F54/><W8/><AGARI ba="0,1" hai="1,6,8,15,19,23,80,83,84,89,93,108,109,110" machi="8" ten="40,2700,0" yaku="1,1,0,1,53,0" doraHai="25" doraHaiUra="63" who="3" fromWho="3" sc="215,-13,288,-7,136,-7,351,37" /><INIT seed="5,0,0,0,0,26" ten="202,281,129,388" oya="1" hai0="98,91,117,103,24,27,129,135,8,93,3,101,44" hai1="54,9,127,20,126,109,42,100,66,99,107,90,133" hai2="102,4,61,76,46,10,56,74,69,35,124,73,75" hai3="115,92,104,52,121,25,96,132,63,122,38,15,7"/><U116/><E116/><V23/><F124/><N who="1" m="47657" /><E42/><V45/><F23/><W114/><G38/><T130/><D117/><U31/><E66/><V12/><F69/><W79/><G104/><T48/><D135/><U88/><E9/><V87/><F35/><W78/><G132/><T62/><D62/><U60/><E133/><V70/><F70/><W43/><G43/><T32/><D3/><U18/><E31/><V111/><F102/><W94/><G25/><N who="0" m="9803" /><D8/><U2/><E2/><V6/><F111/><W80/><G7/><T110/><D32/><U21/><E109/><V105/><F105/><W112/><G15/><T53/><D110/><U11/><E11/><V120/><F4/><W41/><G41/><T113/><D113/><U65/><E54/><V106/><F106/><W5/><G5/><T33/><D33/><U22/><E18/><V89/><F76/><W39/><G39/><T67/><D67/><U84/><E84/><V82/><REACH who="2" step="1"/><F120/><REACH who="2" ten="202,281,119,388" step="2"/><N who="3" m="46187" /><G78/><T123/><D123/><U28/><E28/><V51/><F51/><W19/><G19/><T83/><D130/><U85/><E21/><V0/><F0/><W71/><G71/><T1/><D1/><U86/><E20/><V47/><F47/><W50/><G63/><T34/><D34/><U97/><E22/><V14/><F14/><W108/><G108/><T77/><D129/><U55/><E60/><V16/><F16/><W128/><G128/><T13/><D13/><U59/><E107/><V49/><F49/><W72/><G96/><T17/><D17/><U64/><E99/><V68/><F68/><W119/><G119/><RYUUKYOKU ba="0,1" sc="202,10,281,-30,119,10,388,10" hai0="44,48,53,77,83,91,93,98,101,103" hai2="6,10,12,45,46,56,61,73,74,75,82,87,89" hai3="50,52,72,79,80,92,94,112,114,115" /><INIT seed="6,1,1,0,5,71" ten="212,251,129,398" oya="2" hai0="18,112,107,102,42,99,41,21,15,74,124,128,55" hai1="87,67,13,49,68,76,110,3,2,121,62,37,52" hai2="77,133,54,65,111,80,129,104,53,14,98,78,40" hai3="132,95,66,43,6,31,73,125,117,134,7,72,84"/><V16/><F111/><W79/><G117/><T114/><D74/><U126/><E110/><V59/><F129/><W88/><G66/><T64/><D128/><U56/><E126/><V26/><F133/><N who="3" m="51307" /><G125/><T115/><D124/><U39/><E121/><V113/><F113/><W48/><G31/><T50/><REACH who="0" step="1"/><D64/><REACH who="0" ten="202,251,129,398" step="2"/><U35/><E35/><V19/><F65/><W4/><G79/><T89/><D89/><U85/><E76/><V38/><F78/><W101/><G101/><T61/><D61/><U91/><E91/><V0/><F0/><W118/><G118/><T103/><D103/><U60/><E60/><V30/><F104/><W108/><G108/><T82/><D82/><U17/><E2/><V94/><F80/><W131/><G131/><T9/><D9/><U51/><E3/><V47/><F77/><W70/><G70/><T45/><AGARI ba="1,2" hai="15,18,21,41,42,45,50,55,99,102,107,112,114,115" machi="45" ten="30,12000,2" yaku="1,1,0,1,15,1,53,3" doraHai="71" doraHaiUra="109" who="0" fromWho="0" sc="202,143,251,-31,129,-61,398,-31" /><INIT seed="7,0,0,2,3,67" ten="345,220,68,367" oya="3" hai0="46,31,77,25,120,89,6,33,14,91,86,53,123" hai1="61,7,113,3,118,73,99,78,71,105,88,42,114" hai2="115,23,116,57,50,51,36,68,4,13,87,121,20" hai3="96,107,64,79,94,129,62,10,41,26,125,59,95"/><W128/><G79/><T58/><D77/><U54/><E42/><V5/><F87/><W8/><G41/><T17/><D6/><U98/><E54/><V124/><F13/><W83/><G83/><T126/><D126/><U90/><E61/><V102/><F102/><W74/><G74/><T81/><D89/><U39/><E78/><V48/><F124/><W37/><G37/><T119/><D119/><U52/><E105/><V49/><F116/><W135/><G125/><T32/><D32/><U45/><E7/><V109/><F51/><W66/><G135/><T134/><D134/><U65/><E39/><V70/><F109/><W106/><G26/><T12/><D12/><U15/><E15/><V103/><F103/><W117/><G117/><T18/><D18/><U63/><E73/><V97/><F50/><W29/><G29/><T132/><D132/><U35/><E3/><V27/><F36/><W56/><G62/><T40/><D40/><U122/><E118/><V69/><F69/><W82/><G82/><T72/><D72/><U85/><E71/><V21/><F21/><W112/><G96/><T19/><D19/><U101/><E99/><V75/><F75/><W44/><G44/><T0/><D0/><U127/><E101/><V133/><F97/><W100/><G100/><T104/><D104/><U22/><E98/><V30/><F133/><W93/><G93/><T110/><D110/><U131/><E127/><V47/><F121/><W111/><G111/><T16/><D46/><U92/><E122/><N who="0" m="46633" /><D14/><U2/><E85/><V9/><F47/><W28/><G28/><RYUUKYOKU ba="0,0" sc="345,15,220,-15,68,-15,367,15" hai0="16,17,25,31,33,53,58,81,86,91" hai3="8,10,56,59,64,66,94,95,106,107,112,128,129" owari="360,16.0,205,-19.0,53,-45.0,382,48.0" /></mjloggm>