<mjloggm ver="2.3"><GO type="41" lobby="0"/><UN n0="%E4%BE%91%E7%BE%8E" n1="%E5%B0%B1%E6%B4%BB%E7%94%9F%40%E5%B7%9D%E6%9D%91%E8%BB%8D%E5%9B%A3" n2="%70%6F%6E%7A%75%2E" n3="%79%75%7A%75%68%61" dan="13,16,14,14" rate="1870.11,2075.35,1949.16,1850.80" sx="F,M,M,F"/><TAIKYOKU oya="0"/><INIT seed="0,0,0,2,3,48" ten="250,250,250,250" oya="0" hai0="52,62,127,107,19,34,9,124,49,23,69,60,112" hai1="14,78,79,3,93,0,114,67,70,18,104,119,113" hai2="37,81,101,86,27,39,131,29,64,4,36,61,30" hai3="22,24,105,57,38,73,44,35,92,98,54,117,89"/><T111/><D107/><U110/><E104/><V43/><F131/><W123/><G117/><T77/><D34/><U95/><E119/><V56/><F4/><W8/><G73/><T25/><D112/><N who="1" m="43115" /><E110/><V32/><F101/><W74/><G74/><T41/><D111/><U58/><E70/><V42/><REACH who="2" step="1"/><F30/><REACH who="2" ten="250,250,240,250" step="2"/><W13/><G123/><T31/><D31/><U134/><E134/><V40/><F40/><W99/><G105/><T51/><D41/><U5/><E5/><V68/><F68/><W133/><G133/><T50/><D69/><U90/><E0/><V6/><F6/><W16/><G35/><T130/><D130/><U21/><E3/><V122/><F122/><W106/><G106/><T28/><D28/><U71/><E71/><V55/><F55/><W33/><G33/><T53/><D9/><U100/><E100/><V47/><F47/><W97/><G44/><T72/><D124/><U135/><E135/><V84/><F84/><W17/><REACH who="3" step="1"/><G38/><REACH who="3" ten="250,250,240,240" step="2"/><T75/><D75/><U82/><E67/><V11/><F11/><W109/><G109/><T132/><D72/><U2/><E21/><V118/><F118/><W59/><G59/><N who="0" m="34919" /><D132/><U65/><E58/><V96/><F96/><W108/><G108/><T85/><D127/><U63/><E65/><V121/><F121/><W76/><G76/><AGARI ba="0,2" hai="27,29,32,36,37,39,42,43,56,61,64,76,81,86" machi="76" ten="40,2600,0" yaku="1,1,53,1" doraHai="48" doraHaiUra="83" who="2" fromWho="3" sc="250,0,250,0,240,46,240,-26" /><INIT seed="1,0,0,3,3,74" ten="250,250,286,214" oya="1" hai0="116,101,112,61,33,8,25,68,54,36,102,65,17" hai1="64,109,94,26,129,83,27,34,92,50,52,0,24" hai2="4,87,90,103,76,45,124,16,86,115,53,120,75" hai3="21,47,30,82,22,14,38,32,6,79,66,44,117"/><U122/><E122/><V100/><F120/><W15/><G117/><T123/><D123/><U5/><E129/><V99/><F124/><W130/><G32/><T57/><D36/><U19/><E64/><V78/><F4/><W98/><G130/><T128/><D128/><U67/><E67/><V81/><F115/><W12/><G38/><T51/><D112/><U127/><E34/><V10/><F75/><W39/><G66/><T71/><D116/><U9/><E127/><V77/><F45/><W28/><G6/><T105/><D105/><U114/><E114/><V80/><F53/><W37/><G98/><T1/><D71/><U49/><E109/><V46/><F46/><N who="3" m="17451" /><G82/><N who="2" m="31849" /><F87/><W95/><G95/><T69/><D69/><U31/><E31/><N who="3" m="11818" /><G37/><T118/><D118/><U104/><E104/><V93/><F99/><W97/><G97/><T58/><D68/><U111/><E111/><V62/><F62/><W70/><G39/><T60/><D33/><U121/><E121/><V63/><F63/><W42/><G70/><T43/><D60/><U7/><E7/><V133/><F133/><W126/><G126/><T18/><D61/><U96/><E83/><V135/><F135/><W41/><G79/><T88/><D65/><U73/><E73/><V107/><F107/><W91/><G91/><T20/><D88/><N who="1" m="55303" /><E94/><V11/><F11/><W2/><G2/><T89/><D1/><U55/><E19/><V35/><F35/><W131/><G131/><T110/><D89/><U119/><E119/><V84/><F84/><W85/><G85/><T56/><D18/><U40/><E40/><AGARI ba="0,0" hai="12,14,15,21,22,40,41,42" m="11818,17451" machi="40" ten="30,7700,0" yaku="6,1,28,2,8,1" doraHai="74" who="3" fromWho="1" sc="250,0,250,-77,286,0,214,77" /><INIT seed="2,0,0,3,2,29" ten="250,173,286,291" oya="2" hai0="34,124,31,89,106,39,14,100,23,129,8,135,102" hai1="36,123,16,43,134,107,54,71,26,0,119,28,9" hai2="126,92,112,94,101,86,35,52,69,111,70,55,51" hai3="66,24,125,65,62,122,83,33,42,110,77,88,25"/><V1/><F112/><W85/><G122/><T76/><D39/><U3/><E123/><V108/><F1/><W96/><G110/><N who="2" m="42025" /><F126/><W91/><G125/><T27/><D124/><U117/><E107/><V19/><F19/><W116/><G116/><T17/><D135/><U56/><E71/><N who="2" m="27147" /><F35/><W58/><G33/><T130/><D76/><U5/><E134/><V45/><F94/><N who="3" m="56391" /><G42/><T79/><D79/><U6/><E43/><N who="2" m="25023" /><F86/><N who="3" m="48495" /><G66/><T81/><D106/><U97/><E36/><V10/><F10/><W57/><G58/><T7/><D81/><AGARI ba="0,0" hai="24,25,57,62,65,81,85,91" m="48495,56391" machi="81" ten="30,2000,0" yaku="8,1,54,1" doraHai="29" who="3" fromWho="0" sc="250,-20,173,0,286,0,291,20" /><INIT seed="3,0,0,4,0,93" ten="230,173,286,311" oya="3" hai0="73,49,121,21,99,125,84,37,117,31,29,109,71" hai1="77,79,2,69,115,70,116,118,41,22,18,1,86" hai2="90,19,35,100,38,88,92,108,105,32,14,48,72" hai3="87,67,122,54,102,40,8,0,20,13,55,119,52"/><W123/><G119/><N who="1" m="45610" /><E115/><V133/><F38/><W28/><G0/><N who="1" m="106" /><E41/><V130/><F72/><W80/><G67/><T107/><D117/><U94/><E94/><V135/><F108/><W112/><G40/><T63/><D109/><U114/><E114/><V12/><F130/><W15/><G112/><T4/><D73/><U26/><E86/><V103/><F48/><W50/><G102/><T82/><D37/><U51/><E51/><V120/><F92/><W7/><G50/><T60/><D49/><U46/><E46/><V36/><F36/><W78/><G15/><T23/><D4/><U96/><E96/><V134/><F134/><W85/><REACH who="3" step="1"/><G87/><REACH who="3" ten="230,173,286,301" step="2"/><T98/><D84/><U34/><E34/><V76/><F14/><W68/><G68/><AGARI ba="0,1" hai="18,22,26,68,69,70,77,79" m="106,45610" machi="68" ten="40,1300,0" yaku="12,1" doraHai="93" who="1" fromWho="3" sc="230,0,173,23,286,0,301,-13" /><INIT seed="4,0,0,1,5,35" ten="230,196,286,288" oya="0" hai0="112,13,60,121,51,78,66,56,38,134,116,31,108" hai1="111,63,6,99,88,81,118,89,39,120,61,77,27" hai2="70,10,101,49,47,80,36,52,133,106,20,131,17" hai3="119,109,44,125,94,34,115,107,50,103,32,90,41"/><T105/><D121/><U92/><E39/><V16/><F133/><W55/><G115/><T87/><D134/><U9/><E118/><V65/><F131/><W98/><G119/><T72/><D116/><U69/><E111/><V11/><F80/><W75/><G75/><T135/><D135/><U43/><E120/><V53/><F53/><W97/><G109/><T123/><D123/><U114/><E114/><V79/><F79/><W117/><G125/><T113/><D38/><U84/><E43/><V0/><F36/><W95/><G107/><T30/><D105/><U110/><E110/><V132/><F132/><W91/><G103/><T22/><D108/><U82/><E69/><V46/><F46/><W57/><REACH who="3" step="1"/><G117/><REACH who="3" ten="230,196,286,278" step="2"/><T129/><D72/><U73/><REACH who="1" step="1"/><E27/><REACH who="1" ten="230,186,286,278" step="2"/><N who="2" m="14727" /><F106/><W71/><G71/><T93/><D113/><U58/><E58/><V86/><F70/><W4/><G4/><T3/><D112/><U37/><E37/><AGARI ba="0,2" hai="32,34,37,41,44,50,55,57,90,91,94,95,97,98" machi="37" ten="30,3900,0" yaku="1,1,7,1,9,1,53,0" doraHai="35" doraHaiUra="59" who="3" fromWho="1" sc="230,0,186,-39,286,0,278,59" /><INIT seed="5,0,0,1,5,101" ten="230,147,286,337" oya="1" hai0="69,25,102,45,115,125,56,116,124,30,33,99,68" hai1="47,20,131,97,4,92,15,12,54,52,96,87,122" hai2="28,61,32,27,86,40,129,103,2,64,18,55,24" hai3="21,133,104,60,72,59,85,39,19,108,34,75,127"/><U49/><E122/><V119/><F119/><W44/><G34/><T91/><D116/><U26/><E131/><V10/><F129/><W117/><G117/><T35/><D115/><U107/><E4/><V29/><F40/><W113/><G113/><T6/><D56/><U105/><E87/><V84/><F55/><W43/><G108/><T112/><D112/><U13/><E54/><V3/><F103/><W135/><G127/><N who="0" m="48715" /><D91/><U66/><E66/><V123/><F123/><W79/><G85/><T120/><D120/><U67/><E67/><V100/><F100/><W121/><G121/><T126/><D126/><U23/><E23/><V58/><F2/><W38/><G38/><T110/><D110/><U132/><E132/><N who="3" m="50762" /><G104/><N who="0" m="63583" /><D33/><U57/><E47/><V50/><F50/><W36/><G79/><T70/><D45/><U9/><E9/><V48/><F48/><W8/><G8/><T62/><D6/><U22/><E22/><V71/><F58/><W17/><G39/><T0/><D0/><U83/><E83/><V78/><F3/><W31/><G31/><T37/><D37/><U94/><E97/><V128/><F29/><W11/><G11/><T111/><D111/><U73/><E73/><N who="3" m="28234" /><G21/><T130/><D130/><U77/><E77/><V63/><F10/><W114/><G114/><T16/><D16/><U1/><E1/><V74/><F18/><W89/><G89/><T14/><D14/><N who="1" m="3587" /><U106/><DORA hai="65" /><E96/><V7/><F128/><W134/><N who="3" m="50770" /><W5/><DORA hai="118" /><G5/><T46/><D46/><U41/><E41/><V93/><F7/><W82/><G82/><RYUUKYOKU ba="0,0" sc="230,10,147,10,286,-30,337,10" hai0="25,30,35,62,68,69,70" hai1="20,26,49,52,57,92,94,105,106,107" hai3="17,19,36,43,44,59,60" /><INIT seed="5,1,0,2,0,128" ten="240,157,256,347" oya="1" hai0="98,4,17,35,62,44,116,104,132,131,70,3,65" hai1="15,134,19,25,45,66,94,49,36,117,63,67,71" hai2="30,88,9,121,13,127,83,99,125,96,23,106,97" hai3="28,69,8,90,56,120,6,108,118,20,124,48,100"/><U135/><E117/><V16/><F121/><W80/><G69/><T32/><D116/><U1/><E1/><V130/><F130/><W89/><G120/><T41/><D131/><U107/><E107/><V93/><F106/><W26/><G108/><T29/><D17/><U10/><E36/><V46/><F83/><W123/><G123/><T105/><D132/><N who="1" m="50731" /><E25/><N who="2" m="16703" /><F46/><W14/><G124/><AGARI ba="1,0" hai="9,13,16,88,93,96,97,99,124,125,127" m="16703" machi="124" ten="30,3900,0" yaku="18,1,54,2" doraHai="128" who="2" fromWho="3" sc="240,0,157,0,256,42,347,-42" /><INIT seed="6,0,0,5,5,88" ten="240,157,298,305" oya="2" hai0="47,128,55,122,34,26,58,16,114,19,107,39,64" hai1="11,8,95,130,12,108,30,87,24,123,104,70,49" hai2="17,59,10,81,101,67,129,126,92,117,121,6,96" hai3="22,97,48,105,29,25,14,63,103,54,44,42,125"/><V37/><F121/><W9/><G125/><T57/><D122/><U53/><E104/><V124/><F126/><W89/><G89/><T71/><D107/><U46/><E108/><V134/><F124/><W94/><G105/><T61/><D128/><U40/><E123/><V43/><F117/><W115/><G115/><T93/><D114/><U66/><E130/><V76/><F129/><W120/><G120/><T51/><D93/><U50/><E70/><V77/><F134/><W102/><G102/><T106/><D106/><U99/><E66/><V113/><F113/><W62/><REACH who="3" step="1"/><G42/><REACH who="3" ten="240,157,298,295" step="2"/><N who="0" m="23007" /><D57/><U72/><E72/><V73/><F43/><W15/><G15/><T36/><D36/><U3/><E87/><V32/><F73/><W83/><G83/><T84/><D84/><U78/><E78/><V31/><F81/><W98/><G98/><T135/><D135/><U35/><E3/><V20/><F77/><W45/><G45/><T28/><AGARI ba="0,1" hai="16,19,26,28,34,51,55,58,61,64,71" m="23007" machi="28" ten="30,2000,0" yaku="24,1,54,1" doraHai="88" who="0" fromWho="0" sc="240,30,157,-5,298,-10,295,-5" /><INIT seed="7,0,0,4,2,46" ten="270,152,288,290" oya="3" hai0="30,77,57,18,131,65,63,17,98,89,29,118,68" hai1="134,96,87,55,61,8,53,39,121,82,58,97,37" hai2="106,64,116,85,124,40,73,90,103,88,130,72,102" hai3="128,66,91,1,23,135,49,113,109,125,56,41,10"/><W27/><G109/><T12/><D118/><U60/><E121/><V122/><F116/><W71/><G113/><T7/><D131/><U4/><E134/><V110/><F110/><W133/><G128/><T52/><D77/><U107/><E39/><V35/><F35/><W84/><G125/><T47/><D7/><U101/><E37/><V19/><F130/><W94/><G71/><T6/><D6/><U99/><E61/><V80/><F124/><W76/><G76/><T67/><D18/><U114/><E114/><V20/><F64/><N who="0" m="24650" /><D68/><U115/><E55/><V112/><F40/><W9/><G1/><T50/><D98/><U22/><E22/><V129/><F112/><W42/><G66/><N who="0" m="39279" /><D89/><U26/><E26/><V81/><F129/><W11/><G23/><AGARI ba="0,0" hai="12,17,23,29,30,47,50,52" m="39279,24650" machi="23" ten="30,3900,0" yaku="8,1,52,1,54,1" doraHai="46" who="0" fromWho="3" sc="270,39,152,0,288,0,290,-39" owari="309,41.0,152,-35.0,288,9.0,251,-15.0" /></mjloggm>