<mjloggm ver="2.3"><GO type="169" lobby="0"/><UN n0="%55%52%41%4E" n1="%E6%A5%A0%E5%B9%B8%E6%9D%91" n2="%E3%82%A6%E3%83%AB%E3%83%88%E3%83%A9%E7%AB%8B%E7%9B%B4" n3="%E3%82%A2%E3%83%8B%E3%82%BD%E3%83%B3%E5%A5%BD%E3%81%8D" dan="16,18,17,16" rate="2081.39,2254.35,2163.91,2042.63" sx="M,F,M,F"/><TAIKYOKU oya="0"/><INIT seed="0,0,0,0,3,1" ten="250,250,250,250" oya="0" hai0="123,102,105,83,47,92,25,87,58,32,20,124,74" hai1="28,15,90,19,70,41,113,6,89,29,132,95,64" hai2="37,131,4,36,101,129,18,55,135,5,76,45,128" hai3="116,84,11,109,100,30,44,112,98,42,110,78,31"/><T111/><D123/><U86/><E132/><V115/><F115/><W108/><G116/><T67/><D124/><U72/><E72/><V52/><F135/><W73/><G112/><T23/><D105/><U13/><E113/><V121/><F121/><W103/><G73/><T33/><D74/><U134/><E134/><V49/><F76/><W63/><G63/><T94/><D111/><U48/><E64/><V120/><F120/><W9/><G100/><T0/><D0/><U21/><E70/><V133/><F133/><W107/><G78/><T104/><D104/><U39/><E39/><N who="2" m="14923" /><F101/><W68/><G68/><T69/><D69/><U35/><E35/><V80/><F80/><W106/><G84/><T77/><D47/><N who="1" m="25711" /><E90/><V54/><F18/><W119/><G119/><T118/><D118/><U126/><E126/><V22/><F22/><W38/><G106/><T61/><D20/><U88/><E89/><V130/><F130/><W56/><G56/><T114/><D114/><U75/><E75/><V99/><F99/><W14/><REACH who="3" step="1"/><G11/><AGARI ba="0,0" hai="6,11,13,15,19,21,28,29,86,88,95" m="25711" machi="11" ten="30,3900,0" yaku="8,1,52,1,54,1" doraHai="1" who="1" fromWho="3" sc="250,0,250,39,250,0,250,-39" /><INIT seed="1,0,0,2,2,85" ten="250,289,250,211" oya="1" hai0="125,51,94,92,23,120,32,25,72,12,9,19,4" hai1="35,117,36,28,16,40,112,129,100,30,70,22,54" hai2="17,121,44,1,38,43,29,127,105,76,20,13,33" hai3="111,115,59,57,102,123,5,3,37,128,21,131,60"/><U124/><E117/><V87/><F121/><W106/><G123/><T0/><D120/><U18/><E112/><V134/><F105/><W55/><G115/><T88/><D72/><U58/><E70/><V31/><F127/><W97/><G37/><T104/><D104/><U93/><E124/><V15/><F134/><W75/><G75/><T108/><D125/><U49/><E129/><N who="3" m="49738" /><G111/><T74/><D74/><U84/><E35/><V26/><F1/><W67/><G21/><T42/><D108/><U95/><E18/><V63/><F31/><W41/><G41/><T24/><D94/><U81/><E40/><V86/><F76/><W66/><G59/><T101/><D101/><U65/><E36/><V135/><F135/><W113/><G113/><T69/><D69/><U48/><E100/><V79/><F79/><W8/><AGARI ba="0,0" hai="3,5,8,55,57,60,66,67,97,102,106" m="49738" machi="8" ten="30,1100,0" yaku="19,1" doraHai="85" who="3" fromWho="3" sc="250,-3,289,-5,250,-3,211,11" /><INIT seed="2,0,0,0,5,19" ten="247,284,247,222" oya="2" hai0="106,117,21,112,75,100,82,120,114,116,121,15,6" hai1="14,10,125,99,40,132,4,90,86,20,35,49,96" hai2="33,95,78,130,113,66,50,110,79,92,53,32,67" hai3="126,101,85,87,73,34,42,111,59,69,83,54,80"/><V43/><F113/><N who="0" m="43626" /><D6/><U2/><E132/><V38/><F38/><W9/><G34/><T44/><D44/><N who="1" m="25735" /><E35/><V17/><F43/><W133/><G69/><T13/><D13/><U7/><E125/><V128/><F17/><W18/><G73/><T88/><D15/><N who="1" m="5599" /><E4/><V64/><F110/><W0/><G0/><T26/><D75/><U68/><E68/><V27/><F27/><W89/><G42/><T58/><D58/><U12/><E2/><V60/><F60/><W1/><G1/><T3/><D3/><U93/><E12/><V74/><F74/><W61/><G111/><T16/><D106/><U102/><E102/><V36/><F36/><W105/><G126/><T81/><D100/><U70/><E70/><V98/><F32/><W84/><G133/><T122/><D88/><U41/><E41/><V29/><F33/><W5/><G5/><T51/><D51/><U55/><E55/><V131/><F29/><W45/><G45/><T94/><D94/><U23/><E14/><V134/><F134/><W24/><G9/><T124/><D124/><U8/><E8/><V47/><REACH who="2" step="1"/><F95/><REACH who="2" ten="247,284,237,222" step="2"/><W71/><G105/><T65/><D65/><U127/><E127/><V52/><F52/><W118/><G54/><T108/><D108/><U25/><E25/><V135/><F135/><W31/><G24/><T91/><D122/><U104/><E104/><V56/><F56/><W72/><G59/><T129/><D121/><U107/><E107/><V103/><AGARI ba="0,1" hai="47,50,53,64,66,67,78,79,92,98,103,128,130,131" machi="103" ten="40,12000,1" yaku="1,1,0,1,19,1,53,1" doraHai="19" doraHaiUra="48" who="2" fromWho="2" sc="247,-40,284,-40,237,130,222,-40" /><INIT seed="2,1,0,2,3,23" ten="207,244,367,182" oya="2" hai0="12,98,34,31,106,67,77,74,128,17,131,123,32" hai1="103,39,100,135,61,70,50,85,125,66,83,1,73" hai2="63,129,64,132,18,11,116,3,4,65,107,111,119" hai3="114,60,16,97,38,96,0,54,5,37,27,82,79"/><V105/><F65/><W95/><G114/><T55/><D123/><U102/><E73/><V9/><F18/><W28/><G5/><T33/><D67/><U118/><E118/><V6/><F129/><N who="0" m="49738" /><D74/><U134/><E1/><N who="2" m="143" /><F132/><N who="1" m="50729" /><E39/><V104/><F111/><W51/><G0/><T41/><D41/><U7/><E7/><V57/><F57/><W2/><G2/><T59/><D77/><N who="1" m="46319" /><E50/><V112/><F112/><W52/><G37/><T71/><D71/><U93/><E93/><V30/><F64/><W47/><G38/><T15/><D106/><U80/><E80/><V25/><F63/><W87/><G28/><T75/><D75/><U72/><E72/><V76/><F76/><W20/><G95/><T29/><D98/><N who="3" m="37993" /><G60/><N who="0" m="35967" /><D12/><U21/><E66/><V62/><F62/><W124/><G124/><T46/><D46/><U89/><E61/><V130/><F130/><W88/><G79/><T19/><D15/><U36/><E125/><V91/><F91/><W110/><G110/><T13/><D13/><U108/><E89/><V126/><F126/><W48/><G48/><T8/><D8/><U92/><E36/><V14/><F14/><W120/><G120/><T68/><D68/><U109/><E70/><V24/><F119/><W10/><G10/><T56/><D56/><U43/><E108/><V115/><F115/><W81/><G81/><T69/><D69/><U127/><E109/><V49/><F49/><W90/><G90/><T122/><D122/><U99/><E127/><V117/><F117/><W26/><G54/><T101/><D101/><N who="1" m="39019" /><E43/><V94/><F116/><W78/><G78/><RYUUKYOKU ba="1,0" sc="207,10,244,10,367,-30,182,10" hai0="17,19,29,31,32,33,34" hai1="21,92,99,103" hai3="16,20,26,27,47,51,52,82,87,88" /><INIT seed="3,2,0,0,2,82" ten="217,254,337,192" oya="3" hai0="61,99,104,66,69,1,51,20,13,126,128,93,42" hai1="75,41,111,101,15,63,92,112,81,114,50,135,64" hai2="52,6,59,29,22,0,62,84,18,131,21,45,72" hai3="130,37,120,108,118,78,113,39,65,49,36,107,89"/><W14/><G120/><T116/><D116/><U80/><E135/><V106/><F106/><W34/><G118/><T76/><D1/><U53/><E111/><V70/><F72/><W68/><G113/><T91/><D126/><U87/><E41/><V19/><F70/><W102/><G108/><T60/><D128/><U124/><E124/><V129/><F6/><W28/><G78/><T56/><D76/><U119/><E119/><V98/><F98/><N who="3" m="61911" /><G14/><T46/><D104/><U96/><E15/><V97/><F97/><W17/><G17/><T4/><D20/><U35/><E80/><V117/><F0/><W85/><G49/><T100/><D4/><U103/><E35/><V55/><F117/><W94/><G36/><T133/><D13/><U86/><E75/><V47/><F19/><W33/><G33/><T8/><D8/><U48/><E103/><V2/><F2/><W38/><G38/><T123/><D123/><U74/><E74/><V27/><F55/><W44/><G44/><T127/><D127/><U31/><E48/><V24/><F84/><W79/><G79/><T71/><D71/><U3/><E3/><V67/><F52/><W25/><G130/><AGARI ba="2,0" hai="18,21,22,24,27,29,45,47,59,62,67,129,130,131" machi="130" ten="40,1300,0" yaku="19,1" doraHai="82" who="2" fromWho="3" sc="217,0,254,0,337,19,192,-19" /><INIT seed="4,0,0,2,5,108" ten="217,254,356,173" oya="0" hai0="91,55,35,31,81,82,92,116,119,87,29,110,45" hai1="99,66,39,33,12,77,84,7,20,129,106,59,48" hai2="44,43,134,14,112,49,54,51,63,5,41,0,130" hai3="8,74,62,118,111,76,109,9,83,125,28,3,68"/><T78/><D110/><U1/><E39/><V52/><F0/><W57/><G118/><T47/><D119/><U102/><E129/><V17/><F5/><W50/><G125/><T27/><D116/><U117/><E117/><V103/><F134/><W11/><G3/><T53/><D31/><U58/><E33/><V24/><F24/><W89/><G28/><T120/><D120/><U60/><E1/><V64/><F112/><W107/><G107/><T135/><D135/><U80/><E48/><V2/><F2/><W69/><G69/><T30/><D30/><U126/><E126/><V104/><F103/><W22/><G22/><T121/><D121/><U40/><E40/><V100/><F100/><W90/><G68/><T18/><D18/><U132/><E132/><V128/><F104/><W10/><N who="3" m="2048" /><DORA hai="73" /><W42/><G111/><T133/><D133/><U85/><E7/><V15/><F17/><W19/><G19/><T79/><D82/><U71/><E84/><V16/><F16/><W97/><G97/><T93/><D93/><U101/><E101/><V122/><F122/><W36/><G36/><T94/><D94/><U32/><E32/><V25/><F25/><W72/><G72/><T123/><D123/><U86/><E86/><V131/><F15/><W13/><G13/><T4/><D4/><U88/><E12/><V34/><F34/><W75/><G75/><T61/><D61/><U96/><E20/><V38/><F14/><W6/><G6/><T70/><D70/><U56/><E71/><N who="2" m="42399" /><F38/><W113/><G113/><T105/><D105/><U23/><E23/><RYUUKYOKU ba="0,0" sc="217,-15,254,15,356,15,173,-15" hai1="56,58,59,60,66,77,80,85,88,96,99,102,106" hai2="41,43,44,49,51,52,54,128,130,131" /><INIT seed="5,1,0,4,2,13" ten="202,269,371,158" oya="1" hai0="107,75,48,51,46,2,94,126,39,7,34,40,66" hai1="49,113,0,43,131,20,12,129,18,70,72,120,86" hai2="132,24,15,97,92,63,25,38,5,90,67,124,135" hai3="52,85,79,76,101,44,88,11,82,35,41,91,21"/><U4/><E120/><V119/><F38/><W134/><G35/><T116/><D34/><U95/><E72/><V36/><F36/><W77/><G134/><N who="2" m="51241" /><F124/><W87/><G101/><T42/><D107/><U69/><E113/><V64/><F64/><W68/><G68/><T123/><D75/><U112/><E112/><V58/><F119/><W81/><G11/><AGARI ba="1,0" hai="5,11,15,24,25,58,63,67,90,92,97" m="51241" machi="11" ten="30,1000,0" yaku="20,1" doraHai="13" who="2" fromWho="3" sc="202,0,269,0,371,13,158,-13" /><INIT seed="6,0,0,0,1,94" ten="202,269,384,145" oya="2" hai0="114,112,40,83,80,0,44,122,8,104,23,19,57" hai1="42,85,45,118,2,64,71,43,63,95,38,50,105" hai2="100,98,35,33,127,89,3,30,9,91,78,48,119" hai3="37,76,29,109,15,46,128,110,41,1,66,84,126"/><V92/><F35/><W58/><G1/><T32/><D104/><U10/><E105/><V86/><F33/><W13/><G126/><T49/><D32/><U39/><E10/><V17/><F30/><W124/><G124/><T67/><D122/><U36/><E2/><V81/><F127/><W77/><G128/><T59/><D112/><U107/><E107/><V52/><F119/><W135/><G135/><T12/><D114/><U34/><E34/><V16/><F3/><W132/><G132/><T60/><D0/><U87/><E87/><V106/><F9/><W53/><G66/><T65/><REACH who="0" step="1"/><D8/><REACH who="0" ten="192,269,384,145" step="2"/><U61/><E118/><V117/><F117/><W116/><G116/><T72/><D72/><U120/><E120/><V14/><F106/><W26/><G109/><T108/><D108/><U22/><E22/><N who="2" m="11543" /><F17/><W11/><G110/><T113/><D113/><U68/><E95/><V125/><F125/><W55/><G11/><T123/><D123/><U129/><E129/><V28/><F28/><W18/><G18/><T93/><D93/><U4/><E4/><V70/><F70/><W5/><G5/><T134/><D134/><U31/><E31/><V82/><F82/><W121/><G121/><T54/><D54/><N who="1" m="30031" /><E85/><V88/><F92/><W99/><G29/><T20/><D20/><U56/><E71/><V102/><F86/><W74/><G84/><T133/><D133/><U115/><E115/><V24/><F81/><W7/><G74/><T101/><D101/><U6/><E6/><V51/><F102/><W130/><G7/><T111/><D111/><U96/><E96/><RYUUKYOKU ba="0,1" sc="192,15,269,15,384,-15,145,-15" hai0="12,19,23,40,44,49,57,59,60,65,67,80,83" hai1="36,38,39,42,43,56,61,63,64,68" /><INIT seed="7,1,1,2,3,41" ten="207,284,369,130" oya="3" hai0="135,35,32,50,102,113,104,5,77,14,63,118,68" hai1="23,124,120,53,25,42,66,76,20,78,55,64,26" hai2="0,90,48,38,18,134,128,49,52,60,24,71,59" hai3="119,72,69,85,29,79,133,37,54,95,21,110,58"/><W47/><G119/><T115/><D118/><U99/><E42/><V12/><F0/><W92/><G69/><T108/><D108/><U88/><E99/><V97/><F38/><W30/><G72/><T93/><D135/><U105/><E105/><V112/><F112/><N who="0" m="43082" /><D104/><U51/><E51/><V89/><F24/><N who="3" m="16527" /><G37/><T84/><D77/><U17/><E124/><V4/><F128/><W27/><G110/><T19/><D5/><U45/><E17/><V117/><F4/><W106/><G106/><T44/><D63/><U132/><E132/><V81/><F71/><W33/><G133/><T2/><D2/><U46/><E88/><V103/><F134/><W9/><G9/><N who="0" m="6607" /><D68/><U67/><REACH who="1" step="1"/><E66/><REACH who="1" ten="207,274,369,130" step="2"/><N who="2" m="39199" /><F117/><W31/><G31/><T28/><D28/><U126/><E126/><V57/><F90/><W22/><G33/><T101/><D101/><U100/><E100/><V129/><F89/><W62/><G47/><T114/><D114/><U7/><E7/><V96/><F103/><W98/><G98/><N who="0" m="59727" /><D84/><U65/><E65/><V39/><F97/><W56/><G56/><T8/><D8/><U6/><E6/><V109/><F39/><W70/><G70/><T16/><D16/><U11/><E11/><V15/><F96/><W82/><AGARI ba="1,2" hai="22,27,30,54,58,62,79,82,85,92,95" m="16527" machi="82" ten="30,1500,0" yaku="8,1" doraHai="41" who="3" fromWho="3" sc="207,-6,274,-6,369,-6,130,38" /><INIT seed="7,2,0,0,0,41" ten="201,268,363,168" oya="3" hai0="49,108,43,39,126,92,130,36,99,73,30,60,56" hai1="55,63,58,110,115,51,72,42,7,135,17,52,106" hai2="4,131,34,65,10,22,109,45,95,1,62,12,127" hai3="21,97,102,116,84,104,119,57,9,113,82,6,67"/><W23/><G113/><T54/><D73/><U14/><E106/><V132/><F34/><W50/><G119/><T18/><D108/><U83/><E110/><V71/><F127/><W64/><G116/><T24/><D126/><U70/><E135/><V5/><F131/><W40/><G67/><T25/><D130/><U59/><E115/><V107/><F107/><W66/><G66/><T123/><D123/><U121/><E121/><V93/><F132/><W120/><G120/><T105/><D105/><U100/><E100/><V117/><F117/><W32/><G32/><T129/><D129/><U37/><E7/><V46/><F5/><W2/><G40/><T79/><D79/><U0/><E0/><V11/><F10/><W96/><G96/><T103/><D18/><U27/><E27/><V89/><F95/><W101/><G101/><T47/><REACH who="0" step="1"/><D24/><REACH who="0" ten="191,268,363,168" step="2"/><U125/><E125/><V68/><F109/><W90/><REACH who="3" step="1"/><G50/><REACH who="3" ten="191,268,363,158" step="2"/><T53/><D53/><U87/><E52/><V13/><F65/><W122/><G122/><T48/><D48/><U80/><E55/><V31/><F68/><W133/><G133/><T76/><D76/><U8/><E51/><V26/><F71/><W20/><G20/><AGARI ba="2,2" hai="20,25,30,36,39,43,47,49,54,56,60,92,99,103" machi="20" ten="30,7700,0" yaku="1,1,7,1,52,1,53,1" doraHai="41" doraHaiUra="94" who="0" fromWho="3" sc="191,103,268,0,363,0,158,-83" owari="294,9.0,268,-13.0,363,46.0,75,-42.0" /></mjloggm>