<mjloggm ver="2.3"><GO type="97" lobby="0"/><UN n0="%E5%A4%A9%E6%B1%9F%E3%81%93%E3%82%8D%E3%82%82%6F" n1="%E5%B0%B1%E6%B4%BB%E7%94%9F%40%E5%B7%9D%E6%9D%91%E8%BB%8D%E5%9B%A3" n2="%54%41%42%4F%53%55%4B%45" n3="%6D%75%67%6F%6B%6B%75" dan="13,14,15,13" rate="1869.27,1980.56,1985.40,1847.11" sx="F,M,M,M"/><TAIKYOKU oya="0"/><INIT seed="0,0,0,0,0,108" ten="250,250,250,250" oya="0" hai0="64,45,110,74,33,47,60,91,48,124,0,111,104" hai1="66,59,97,120,133,75,57,19,1,39,61,49,38" hai2="92,134,53,112,113,27,15,30,21,32,100,126,46" hai3="41,82,63,76,70,125,28,73,94,123,62,68,23"/><T71/><D104/><U31/><E120/><V52/><F134/><W114/><G123/><T77/><D0/><U42/><E1/><V55/><F126/><W12/><G125/><T79/><D33/><U119/><E75/><V51/><F100/><W36/><G36/><T96/><D124/><U13/><E119/><V130/><F130/><W89/><G41/><T131/><D131/><U88/><E31/><V26/><F15/><W121/><G121/><T8/><D74/><U78/><E78/><V11/><F11/><W4/><G70/><T107/><D8/><U127/><E127/><V17/><REACH who="2" step="1"/><F92/><REACH who="2" ten="250,250,240,250" step="2"/><W98/><G12/><T2/><D2/><U101/><E133/><V90/><F90/><W128/><G128/><T80/><D107/><U109/><E109/><N who="0" m="41481" /><D47/><U40/><E101/><V25/><F25/><W85/><G4/><T6/><D6/><U9/><E39/><V54/><AGARI ba="0,1" hai="17,21,26,27,30,32,46,51,52,53,54,55,112,113" machi="54" ten="30,8000,1" yaku="1,1,0,1,52,2,54,1,53,0" doraHai="108" doraHaiUra="93" who="2" fromWho="2" sc="250,-40,250,-20,240,90,250,-20" /><INIT seed="1,0,0,1,2,82" ten="210,230,330,230" oya="1" hai0="19,78,10,17,23,31,134,130,95,111,54,115,100" hai1="90,26,50,42,71,47,69,40,121,113,28,129,7" hai2="56,45,20,118,81,43,21,123,16,49,107,72,3" hai3="33,75,52,36,67,94,41,6,58,68,15,12,48"/><U65/><E121/><V74/><F118/><W127/><G33/><T39/><D115/><U4/><E113/><V0/><F123/><W27/><G75/><T80/><D130/><U120/><E120/><V133/><F133/><W51/><G27/><T29/><D134/><U112/><E112/><V98/><F21/><W44/><G6/><T59/><D111/><U76/><E129/><V11/><F74/><W73/><G73/><T108/><D108/><U37/><E76/><V88/><F11/><W128/><G128/><T61/><D39/><U34/><E40/><V79/><F56/><W38/><G127/><T86/><D10/><U84/><E37/><V125/><F125/><W63/><G94/><T60/><D60/><U96/><E96/><V124/><F124/><W117/><G117/><T101/><D19/><U105/><E105/><V46/><F46/><W85/><G85/><T32/><D32/><U132/><E132/><V77/><F77/><W119/><G119/><T122/><D122/><U93/><REACH who="1" step="1"/><E65/><REACH who="1" ten="210,220,330,230" step="2"/><V83/><F107/><W9/><G36/><T18/><D18/><U116/><E116/><V13/><F98/><W87/><G38/><T14/><REACH who="0" step="1"/><D95/><REACH who="0" ten="200,220,330,230" step="2"/><U114/><E114/><V1/><F81/><W55/><G9/><T135/><D135/><U70/><AGARI ba="0,2" hai="4,7,26,28,34,42,47,50,69,70,71,84,90,93" machi="70" ten="30,11700,0" yaku="1,1,0,1,52,1,53,1" doraHai="82" doraHaiUra="25" who="1" fromWho="1" sc="200,-39,220,137,330,-39,230,-39" /><INIT seed="1,1,0,2,1,7" ten="161,357,291,191" oya="1" hai0="42,31,96,38,133,44,120,22,66,129,47,82,117" hai1="114,76,95,103,8,59,116,85,6,1,21,50,26" hai2="123,90,125,61,53,37,106,24,20,112,128,19,79" hai3="58,68,94,111,93,63,65,135,131,72,81,84,14"/><U45/><E116/><V17/><F123/><W86/><G72/><T16/><D120/><U52/><E114/><V56/><F37/><W69/><G135/><T100/><D117/><U5/><E5/><V11/><F112/><W29/><G131/><T73/><D133/><U55/><E103/><V0/><F128/><W88/><G29/><T80/><D129/><U70/><E70/><V107/><F125/><W62/><G111/><T54/><D31/><U121/><E121/><V104/><F79/><W118/><G118/><T67/><D73/><U12/><E1/><V108/><F108/><W18/><G84/><T34/><D34/><U40/><E59/><V35/><F35/><W83/><G83/><T74/><D74/><U124/><E124/><V126/><F126/><W46/><G46/><T60/><D66/><U51/><E51/><V89/><F0/><W48/><G48/><T10/><D10/><U15/><E15/><V43/><F43/><W92/><REACH who="3" step="1"/><G62/><REACH who="3" ten="161,357,291,181" step="2"/><T110/><D110/><U33/><E33/><V64/><F64/><W36/><G36/><T25/><D47/><U115/><E115/><V105/><N who="2" m="27136" /><DORA hai="27" /><V101/><F101/><W122/><G122/><T41/><D41/><U39/><E39/><V13/><AGARI ba="1,1" hai="11,13,17,19,20,24,53,56,61,89,90" m="27136" machi="13" ten="60,4000,0" yaku="0,1,52,1" doraHai="7,27" who="2" fromWho="2" sc="161,-11,357,-21,291,53,181,-11" /><INIT seed="2,0,0,4,1,0" ten="150,336,344,170" oya="2" hai0="121,6,131,33,63,113,77,2,51,30,22,72,68" hai1="132,52,41,25,80,104,13,10,15,46,114,111,17" hai2="133,61,18,89,93,37,64,58,103,82,50,83,67" hai3="40,26,14,95,21,34,85,129,98,24,91,134,69"/><V105/><F37/><W5/><G69/><T32/><D121/><U88/><E114/><V119/><F119/><W38/><G38/><T42/><D113/><U99/><E111/><V102/><F133/><W29/><G40/><T126/><D126/><U12/><E132/><V45/><F67/><W122/><G122/><T43/><D131/><U73/><E73/><V35/><F35/><W59/><G134/><T100/><D2/><U94/><E104/><V97/><F18/><W123/><G123/><T112/><D6/><N who="1" m="3159" /><E41/><V90/><F105/><W8/><G129/><T70/><D112/><U39/><E39/><V47/><F47/><W48/><G48/><T7/><D7/><U53/><E80/><N who="2" m="30763" /><F90/><W107/><G107/><T87/><D72/><U23/><E53/><AGARI ba="0,0" hai="45,50,53,58,61,64,89,93,97,102,103" m="30763" machi="53" ten="30,1500,0" yaku="8,1" doraHai="0" who="2" fromWho="1" sc="150,0,336,-15,344,15,170,0" /><INIT seed="2,1,0,0,2,32" ten="150,321,359,170" oya="2" hai0="87,18,92,28,130,81,83,106,4,98,26,89,132" hai1="31,74,82,70,43,76,48,86,5,68,118,15,46" hai2="129,56,120,23,95,77,78,38,60,24,101,71,84" hai3="2,41,39,10,53,135,88,17,69,62,30,1,36"/><V19/><F38/><W51/><G30/><T50/><D132/><U122/><E118/><V115/><F120/><W65/><G135/><T63/><D130/><U44/><E122/><V119/><F129/><W67/><G67/><T9/><D106/><U64/><E31/><V29/><F115/><W42/><G36/><T3/><D18/><U57/><E74/><V7/><F119/><W112/><G112/><T79/><D63/><N who="1" m="37999" /><E46/><V128/><F128/><W113/><G113/><T109/><D109/><U8/><AGARI ba="1,0" hai="5,8,15,43,44,48,68,70,76,82,86" m="37999" machi="8" ten="30,1100,0" yaku="25,1" doraHai="32" who="1" fromWho="1" sc="150,-4,321,14,359,-6,170,-4" /><INIT seed="3,0,0,2,3,119" ten="146,335,353,166" oya="3" hai0="84,81,2,21,24,107,64,74,92,110,63,60,130" hai1="9,103,67,45,116,48,113,6,46,86,82,87,29" hai2="79,73,93,95,32,94,104,37,55,128,56,13,99" hai3="132,100,12,114,43,109,124,76,51,4,40,53,75"/><W80/><G114/><T72/><D107/><U52/><E116/><V0/><F0/><W10/><G132/><T26/><D130/><U25/><E113/><V78/><F37/><W17/><G124/><T88/><D2/><U20/><E103/><V118/><F118/><W15/><G100/><T7/><D7/><U108/><E108/><V123/><F123/><W77/><G77/><T62/><D110/><U54/><E67/><V59/><F32/><W127/><G127/><T47/><D47/><U11/><E6/><V44/><F128/><W129/><G129/><T1/><D1/><U65/><E65/><V33/><F33/><W41/><G109/><T125/><D125/><U34/><E34/><V115/><F115/><W66/><G66/><T98/><D64/><U19/><E29/><V58/><F73/><W121/><G121/><T3/><D3/><U35/><E35/><V14/><F104/><W23/><REACH who="3" step="1"/><G40/><REACH who="3" ten="146,335,353,156" step="2"/><T101/><REACH who="0" step="1"/><D26/><REACH who="0" ten="136,335,353,156" step="2"/><U102/><E102/><V83/><F79/><W96/><G96/><T30/><AGARI ba="0,2" hai="21,24,30,60,62,63,72,74,81,84,88,92,98,101" machi="30" ten="30,7900,0" yaku="1,1,2,1,0,1,54,1,53,0" doraHai="119" doraHaiUra="61" who="0" fromWho="0" sc="136,99,335,-20,353,-20,156,-39" owari="235,-16.0,315,12.0,333,42.0,117,-38.0" /></mjloggm>