<mjloggm ver="2.3"><GO type="41" lobby="0"/><UN n0="%E3%81%8B%E3%81%AB%E3%83%91%E3%83%B3" n1="%E5%B9%BB%E3%81%AE%E7%90%83%2E" n2="%E3%83%95%E3%82%A7%E3%82%A4%E3%83%88%E3%81%A1%E3%82%83%E3%82%93" n3="%E5%B0%B1%E6%B4%BB%E7%94%9F%40%E5%B7%9D%E6%9D%91%E8%BB%8D%E5%9B%A3" dan="14,14,15,15" rate="1978.52,1926.66,2044.08,2023.41" sx="M,M,M,M"/><TAIKYOKU oya="0"/><INIT seed="0,0,0,5,5,104" ten="250,250,250,250" oya="0" hai0="54,74,73,16,127,50,67,109,69,19,24,38,20" hai1="93,55,134,51,59,33,60,108,80,66,94,107,124" hai2="47,25,6,15,78,3,18,10,87,42,7,49,82" hai3="30,37,13,44,123,126,84,63,132,75,32,8,39"/><T23/><D38/><U56/><E107/><V2/><REACH who="2" step="1"/><F7/><REACH who="2" ten="250,250,240,250" step="2"/><W125/><G126/><T100/><D127/><U103/><E124/><V11/><F11/><W29/><G125/><T135/><D135/><U58/><E134/><V112/><F112/><W131/><G132/><T28/><D67/><U31/><E108/><V90/><F90/><W17/><G8/><T72/><D109/><U85/><E103/><V92/><F92/><W89/><G123/><T83/><D100/><U81/><E94/><V116/><F116/><W0/><G0/><T1/><D1/><U27/><E93/><V46/><F46/><W36/><G89/><T26/><D69/><U79/><E81/><V120/><F120/><W102/><G44/><AGARI ba="0,1" hai="27,31,33,44,51,55,56,58,59,60,66,79,80,85" machi="44" ten="30,1000,0" yaku="7,1" doraHai="104" who="1" fromWho="3" sc="250,0,250,20,240,0,250,-10" /><INIT seed="1,0,0,5,2,66" ten="250,270,240,240" oya="1" hai0="85,57,95,12,74,52,55,102,32,51,3,114,107" hai1="75,45,22,64,108,10,90,91,72,33,63,87,5" hai2="42,39,97,112,117,133,56,34,124,60,7,17,41" hai3="11,19,103,131,67,36,109,73,23,126,127,28,44"/><U113/><E33/><V6/><F117/><W77/><G67/><T70/><D32/><U18/><E113/><V111/><F112/><W53/><G103/><T86/><D114/><U104/><E45/><V96/><F34/><W43/><G109/><T94/><D3/><U120/><E104/><V69/><F111/><W68/><G131/><T29/><D74/><U89/><E120/><V100/><F124/><W59/><G28/><T27/><D107/><U16/><E87/><V115/><F115/><W116/><G116/><T58/><D70/><U130/><E130/><V80/><F133/><W40/><G40/><T122/><D122/><U123/><E123/><V25/><F80/><W4/><G68/><T121/><D121/><U132/><E132/><V31/><F17/><W81/><G23/><N who="0" m="15615" /><D12/><U110/><E110/><V71/><F7/><W98/><G19/><T62/><D95/><U83/><E18/><V125/><F6/><W37/><G37/><T76/><D76/><U88/><E83/><V92/><F125/><W2/><REACH who="3" step="1"/><G98/><AGARI ba="0,0" hai="51,52,55,57,58,62,85,86,94,98,102" m="15615" machi="98" ten="30,2000,0" yaku="8,1,54,1" doraHai="66" who="0" fromWho="3" sc="250,20,270,0,240,0,240,-20" /><INIT seed="2,0,0,3,4,118" ten="270,270,240,220" oya="2" hai0="122,11,109,61,79,75,108,100,106,107,18,57,130" hai1="129,132,85,30,16,95,74,33,69,92,51,72,110" hai2="131,54,81,25,66,53,44,55,88,46,121,4,13" hai3="1,68,119,10,40,67,28,37,83,115,63,47,87"/><V50/><F131/><W24/><G115/><T93/><D18/><U125/><E69/><V103/><F66/><W17/><G119/><T20/><D20/><U96/><E129/><V9/><F121/><W98/><G98/><N who="0" m="59471" /><D11/><U91/><E33/><V65/><F65/><W60/><G60/><T120/><D130/><U105/><E105/><N who="0" m="39945" /><D57/><U2/><E30/><V38/><F103/><W8/><G17/><T102/><D61/><U84/><E2/><V0/><F0/><W29/><G1/><T126/><D102/><U39/><E39/><V128/><F128/><W124/><G29/><T6/><D6/><U111/><E51/><V56/><F25/><W80/><G80/><N who="0" m="45183" /><D126/><U32/><E32/><V19/><F4/><W90/><REACH who="3" step="1"/><G124/><REACH who="3" ten="270,270,240,210" step="2"/><T78/><D78/><U48/><E16/><V22/><F9/><W62/><G62/><T82/><D82/><U133/><E125/><V41/><F19/><W127/><G127/><T26/><D26/><U23/><E23/><AGARI ba="0,1" hai="8,10,23,24,28,37,40,47,63,67,68,83,87,90" machi="23" ten="30,2000,0" yaku="1,1,7,1,53,0" doraHai="118" doraHaiUra="45" who="3" fromWho="1" sc="270,0,270,-20,240,0,210,30" /><INIT seed="3,0,0,4,2,121" ten="270,250,240,240" oya="3" hai0="81,70,25,91,116,130,2,6,35,117,83,69,86" hai1="53,1,32,19,102,89,122,9,94,58,125,8,105" hai2="93,5,12,4,79,43,111,55,39,92,107,74,67" hai3="21,36,88,30,18,44,71,10,28,80,63,78,97"/><W50/><G36/><T54/><D130/><U134/><E122/><V82/><F107/><W126/><G126/><T31/><D81/><U14/><E32/><V52/><F67/><W73/><G10/><T104/><D54/><U100/><E125/><V133/><F133/><W135/><G135/><T106/><D91/><U66/><E66/><V98/><F111/><W114/><G114/><T51/><D51/><U95/><E134/><V90/><F5/><W128/><G128/><T85/><D86/><U26/><E105/><N who="0" m="40553" /><D85/><U45/><E45/><V110/><F110/><W84/><G71/><N who="0" m="27147" /><D83/><U7/><E94/><V42/><F39/><W120/><G63/><T34/><D6/><U96/><REACH who="1" step="1"/><E26/><REACH who="1" ten="270,240,240,240" step="2"/><V0/><F93/><N who="3" m="56487" /><G73/><T65/><D65/><U33/><E33/><N who="0" m="12297" /><D2/><U109/><E109/><V3/><F3/><W40/><G120/><T99/><D99/><U131/><E131/><V112/><F0/><W129/><G129/><T123/><D123/><U46/><E46/><V13/><F92/><W57/><G57/><T24/><D31/><U59/><E59/><V75/><F75/><W20/><G28/><T124/><D124/><U17/><E17/><V37/><F74/><W118/><G30/><T61/><D61/><AGARI ba="0,1" hai="1,7,8,9,14,19,53,58,61,89,95,96,100,102" machi="61" ten="30,2000,0" yaku="1,1,7,1,53,0" doraHai="121" doraHaiUra="29" who="1" fromWho="0" sc="270,-20,240,30,240,0,240,0" /><INIT seed="4,0,0,4,3,4" ten="250,270,240,240" oya="0" hai0="125,109,101,85,10,43,103,91,50,124,117,12,70" hai1="78,2,122,15,102,81,20,69,130,41,3,131,77" hai2="132,53,114,13,37,17,65,133,66,6,87,115,100" hai3="112,76,24,134,59,8,55,135,60,46,45,108,40"/><T93/><D117/><U80/><E69/><V118/><F118/><W36/><G108/><T105/><D70/><U49/><E102/><V38/><F6/><W61/><G24/><T84/><D109/><U94/><E94/><V96/><F53/><W127/><G76/><T120/><D120/><U34/><E34/><V16/><F87/><W0/><G112/><N who="2" m="43049" /><F96/><W106/><G106/><T32/><D32/><U126/><E122/><V27/><F27/><W33/><G33/><T107/><D50/><U119/><E119/><V29/><F29/><W104/><G104/><N who="0" m="40011" /><D43/><U1/><E41/><V57/><F100/><W14/><G0/><T48/><D48/><U113/><E49/><V71/><F71/><W72/><G46/><T68/><D68/><U47/><E47/><V73/><F73/><W19/><G72/><T83/><D10/><U90/><E113/><V44/><F44/><W128/><G61/><T28/><D28/><U21/><E90/><V89/><F89/><W97/><G97/><T23/><D23/><N who="1" m="8779" /><E15/><V51/><F38/><W74/><G74/><T64/><D12/><U111/><E111/><V9/><F37/><W58/><G58/><T52/><D101/><U92/><E92/><V62/><F51/><W35/><G35/><T30/><D103/><U22/><N who="1" m="8787" /><U5/><DORA hai="86" /><E5/><N who="2" m="3247" /><F65/><W67/><G67/><T42/><D64/><U63/><E63/><V75/><F75/><W129/><G127/><N who="0" m="48715" /><D30/><U26/><E126/><V98/><F66/><W99/><G99/><T110/><D110/><U116/><E116/><V18/><F98/><W123/><G123/><RYUUKYOKU ba="0,0" sc="250,-15,270,-15,240,15,240,15" hai2="16,17,18,57,62,132,133" hai3="8,14,19,36,40,45,55,59,60,128,129,134,135" /><INIT seed="5,1,0,2,0,86" ten="235,255,255,255" oya="1" hai0="40,113,5,0,28,117,14,47,33,25,24,41,107" hai1="13,119,93,53,35,118,9,80,133,62,104,88,38" hai2="127,61,15,116,20,128,6,56,82,95,83,71,132" hai3="44,39,57,23,16,52,66,21,134,68,101,97,75"/><U130/><E104/><V7/><F116/><W42/><G75/><T90/><D117/><U105/><E105/><V55/><F71/><W125/><G125/><T109/><D109/><U63/><E35/><V22/><F127/><W123/><G123/><T45/><D107/><U84/><E38/><V27/><F132/><W108/><G134/><T34/><D113/><U89/><E133/><V69/><F69/><W54/><G108/><T122/><D14/><U99/><E130/><V76/><F128/><W96/><G21/><N who="2" m="8297" /><F27/><N who="3" m="14823" /><G54/><T58/><D58/><N who="1" m="35151" /><E118/><V78/><F95/><W74/><G74/><T114/><D114/><U31/><E119/><V121/><F121/><W129/><G101/><T10/><D122/><U11/><E11/><N who="2" m="4599" /><F7/><W1/><G1/><T19/><D19/><N who="1" m="8623" /><E63/><V46/><F46/><W43/><G129/><T92/><D25/><U111/><E111/><V49/><F61/><N who="3" m="40015" /><G43/><T81/><D34/><U120/><E120/><V36/><F36/><W3/><G3/><T79/><D40/><U37/><E37/><V112/><F112/><W103/><G103/><T77/><D41/><U124/><E124/><V70/><F70/><W67/><G67/><T91/><D24/><U26/><E26/><V29/><F29/><AGARI ba="1,0" hai="29,31,80,84,88,89,93,99" m="8623,35151" machi="29" ten="30,11600,0" yaku="8,1,52,2,54,1" doraHai="86" who="1" fromWho="2" sc="235,0,255,119,255,-119,255,0" /><INIT seed="5,2,0,5,2,127" ten="235,374,136,255" oya="1" hai0="30,43,39,125,111,25,7,59,128,72,129,15,52" hai1="65,133,117,74,86,51,12,95,0,20,87,103,53" hai2="120,17,132,10,101,75,100,118,19,54,110,49,58" hai3="79,57,135,115,5,69,97,126,36,47,71,99,34"/><U109/><E0/><V3/><F110/><W29/><G126/><T32/><D125/><U113/><E74/><V131/><F120/><W108/><G108/><T40/><D111/><U83/><E109/><V8/><F118/><W76/><G115/><T22/><D72/><U80/><E117/><V46/><F75/><W21/><G135/><T77/><D77/><U116/><E116/><V107/><F132/><W64/><G34/><T45/><D40/><U121/><E133/><V105/><F58/><W119/><G5/><T13/><D7/><U124/><E121/><V61/><F61/><W106/><G106/><T130/><D32/><U14/><E65/><V98/><F3/><W4/><G4/><T11/><D11/><U1/><E1/><V48/><F46/><W26/><G71/><T63/><AGARI ba="2,0" hai="13,15,22,25,30,39,43,45,52,59,63,128,129,130" machi="63" ten="30,12000,2" yaku="0,1,19,1,52,3,54,1" doraHai="127" who="0" fromWho="0" sc="235,126,374,-62,136,-32,255,-32" /><INIT seed="6,0,0,4,5,106" ten="361,312,104,223" oya="2" hai0="9,16,60,97,13,33,57,21,2,19,3,54,76" hai1="116,101,6,22,103,133,128,107,105,35,8,89,115" hai2="121,64,85,58,63,17,42,62,10,110,111,81,93" hai3="11,96,99,30,119,52,20,31,59,83,90,108,113"/><V78/><F121/><W51/><G108/><N who="2" m="41513" /><F42/><W112/><G119/><T53/><D33/><U77/><E116/><V43/><F43/><W127/><G127/><T46/><D76/><U37/><E37/><V28/><F28/><N who="3" m="10795" /><G11/><T61/><D97/><N who="3" m="37449" /><G20/><T71/><D71/><U41/><E35/><V45/><F45/><W132/><G132/><T75/><D75/><U98/><E41/><V5/><F17/><W47/><G90/><T25/><D46/><U1/><E133/><V69/><F93/><W70/><G70/><T66/><D66/><U18/><E103/><V125/><F125/><W131/><G83/><T109/><D109/><U49/><E107/><V79/><F79/><W55/><G131/><T95/><D95/><U56/><E89/><V38/><F38/><W26/><G26/><T24/><D25/><U73/><E128/><V72/><F85/><W123/><G123/><T50/><D50/><U120/><E120/><V114/><F114/><N who="3" m="44139" /><G55/><T122/><D122/><U4/><E115/><V92/><F92/><W80/><G80/><T15/><D24/><U91/><E91/><V23/><F23/><W118/><G118/><T84/><D84/><U124/><E124/><V117/><F117/><W87/><G87/><T44/><D44/><AGARI ba="0,0" hai="44,47,51,52,59" m="44139,37449,10795" machi="44" ten="30,3900,0" yaku="15,1,11,1,54,1" doraHai="106" who="3" fromWho="0" sc="361,-39,312,0,104,0,223,39" /><INIT seed="7,0,0,3,2,73" ten="322,312,104,262" oya="3" hai0="96,115,57,21,86,105,9,67,117,82,103,59,119" hai1="61,6,12,89,26,2,95,40,46,99,80,60,0" hai2="110,15,27,38,56,79,98,109,123,116,29,42,62" hai3="32,113,129,114,131,120,130,22,19,127,111,1,17"/><W78/><G120/><T53/><D59/><U104/><E26/><V74/><F123/><W25/><G78/><T5/><D21/><U106/><E106/><V10/><F98/><W64/><G64/><T48/><D67/><U126/><E126/><V125/><F125/><W35/><G127/><T65/><D65/><U44/><E44/><V55/><F116/><W75/><G75/><T39/><D115/><N who="3" m="44041" /><G1/><T128/><D128/><U108/><E108/><V52/><F55/><W101/><G101/><T84/><D39/><U72/><E104/><V91/><F91/><W68/><G68/><T124/><D84/><U16/><E72/><V24/><F24/><N who="3" m="14415" /><G111/><T13/><D124/><U14/><E80/><V87/><F74/><W133/><G133/><T41/><D41/><U51/><E2/><V20/><F42/><W66/><G66/><T100/><D100/><U97/><E0/><V77/><F38/><W54/><G54/><T88/><AGARI ba="0,0" hai="5,9,13,48,53,57,82,86,88,96,103,105,117,119" machi="88" ten="20,2700,0" yaku="0,1,7,1,54,1" doraHai="73" who="0" fromWho="0" sc="322,27,312,-7,104,-7,262,-13" owari="349,44.0,305,11.0,97,-40.0,249,-15.0" /></mjloggm>