<mjloggm ver="2.3"><GO type="41" lobby="0"/><UN n0="%6E%65%77%6E%61%6D%65" n1="%E5%85%83%E3%81%84%E3%81%A1%E3%81%94%E7%A4%BE%E5%93%A1" n2="%E6%B0%B7%E9%99%BD" n3="%E5%B0%B1%E6%B4%BB%E7%94%9F%40%E5%B7%9D%E6%9D%91%E8%BB%8D%E5%9B%A3" dan="13,15,13,15" rate="1909.72,2043.46,2003.43,1955.46" sx="M,M,M,M"/><TAIKYOKU oya="0"/><INIT seed="0,0,0,2,0,122" ten="250,250,250,250" oya="0" hai0="107,0,128,90,77,73,125,102,129,120,18,48,81" hai1="40,20,12,35,96,25,58,75,46,113,109,36,105" hai2="91,5,72,118,41,71,65,4,124,8,31,116,63" hai3="117,34,6,108,83,82,131,15,99,32,95,60,2"/><T28/><D0/><U3/><E3/><V101/><F72/><W98/><G117/><T86/><D28/><U132/><E75/><V17/><F101/><W92/><G2/><T93/><D120/><U135/><E35/><V43/><F31/><W51/><G60/><T37/><D37/><U45/><E12/><N who="2" m="7303" /><F91/><W67/><G67/><T14/><D48/><U84/><E113/><V103/><F103/><W69/><G69/><T29/><D29/><U85/><E96/><V7/><F124/><W55/><G15/><T88/><D90/><U68/><E105/><V89/><F89/><W21/><G21/><N who="0" m="11479" /><D125/><U112/><E68/><V26/><F26/><W111/><G6/><T115/><D115/><U119/><E119/><AGARI ba="0,0" hai="4,5,7,41,43,63,65,71,116,118,119" m="7303" machi="119" ten="30,1000,0" yaku="12,1" doraHai="122" who="2" fromWho="1" sc="250,0,250,-10,250,10,250,0" /><INIT seed="1,0,0,0,2,88" ten="250,240,260,250" oya="1" hai0="0,36,89,71,4,47,104,12,77,61,68,56,93" hai1="99,73,105,72,40,5,6,109,45,41,29,119,122" hai2="62,125,100,38,3,55,111,2,20,107,26,31,60" hai3="91,67,15,96,127,126,30,118,32,129,106,110,23"/><U65/><E122/><V37/><F111/><W76/><G32/><T69/><D104/><U123/><E123/><V120/><F125/><N who="3" m="47627" /><G67/><T59/><D0/><U18/><E119/><V58/><F120/><W16/><G30/><T46/><D77/><U13/><E29/><V121/><F121/><W108/><G76/><T48/><D36/><U87/><E109/><N who="3" m="42090" /><G118/><T90/><D12/><U79/><E65/><V63/><F3/><W28/><G28/><T128/><D4/><U24/><E24/><V9/><F2/><W80/><G129/><T49/><D128/><U57/><E40/><V116/><F116/><W83/><G106/><T117/><D61/><U113/><E105/><V7/><F7/><W8/><G8/><T14/><D117/><U54/><E6/><V101/><F9/><W82/><G96/><T78/><D78/><U103/><E99/><V10/><F10/><W112/><G112/><T95/><D71/><U102/><E5/><V92/><F107/><W75/><G75/><T52/><D14/><U11/><E73/><V25/><F25/><W50/><G50/><T115/><REACH who="0" step="1"/><D52/><REACH who="0" ten="240,240,260,250" step="2"/><U98/><E72/><V1/><F1/><W134/><G134/><T81/><D81/><U86/><E79/><V17/><F38/><W39/><G39/><T97/><D97/><U74/><E98/><N who="2" m="59463" /><F37/><W135/><G135/><T27/><D27/><U42/><E74/><V21/><F101/><W131/><G131/><T85/><D85/><AGARI ba="0,1" hai="15,16,23,80,82,83,85,91" m="42090,47627" machi="85" ten="30,3900,0" yaku="18,1,14,1,54,1" doraHai="88" who="3" fromWho="0" sc="240,-39,240,0,260,0,250,49" /><INIT seed="2,0,0,0,4,103" ten="201,240,260,299" oya="2" hai0="125,132,95,67,12,62,27,31,106,134,112,116,121" hai1="105,4,115,90,131,126,7,118,13,123,93,25,45" hai2="82,91,48,124,36,74,94,88,78,6,97,81,18" hai3="14,43,76,99,3,38,85,5,135,111,61,16,66"/><V129/><F36/><W100/><G135/><T52/><D121/><U60/><E123/><V57/><F6/><W39/><G111/><T22/><D116/><U37/><E118/><V130/><F18/><W83/><G5/><T119/><D112/><U42/><E115/><V59/><F48/><W77/><G77/><T69/><D119/><U33/><E131/><N who="2" m="50187" /><F57/><W80/><G80/><T56/><D12/><U63/><E7/><V55/><F55/><W2/><G43/><T122/><D95/><U29/><E126/><V87/><F59/><W84/><G84/><T54/><D125/><AGARI ba="0,0" hai="74,78,81,82,87,88,91,94,97,124,125" m="50187" machi="125" ten="30,11600,0" yaku="19,1,34,2,54,1" doraHai="103" who="2" fromWho="0" sc="201,-116,240,0,260,116,299,0" /><INIT seed="2,1,0,1,1,2" ten="85,240,376,299" oya="2" hai0="13,82,31,38,3,94,12,66,9,135,115,61,111" hai1="43,77,32,108,90,83,4,21,24,104,45,14,112" hai2="127,99,76,50,10,36,74,15,78,92,97,62,65" hai3="37,69,22,47,48,130,30,133,11,98,113,118,46"/><V109/><F36/><W51/><G69/><T87/><D38/><U128/><E32/><V16/><F127/><W68/><G68/><T29/><D115/><U95/><E104/><V131/><F131/><W71/><G37/><T55/><D135/><U88/><E128/><V123/><F123/><W119/><G71/><T60/><D111/><U39/><E108/><V124/><F124/><W33/><G33/><T57/><D3/><U63/><E63/><V5/><F109/><W102/><G113/><T107/><D107/><U105/><E105/><V132/><F132/><W6/><G133/><T58/><D94/><U101/><E112/><V129/><F129/><W125/><G130/><T80/><D13/><U81/><E101/><V26/><F74/><W126/><G126/><T56/><D57/><U75/><E83/><V89/><F50/><W1/><G125/><T91/><REACH who="0" step="1"/><D82/><REACH who="0" ten="75,240,376,299" step="2"/><U116/><E95/><V67/><F99/><W93/><G119/><T100/><D100/><U96/><E116/><V28/><F97/><W84/><G118/><T52/><D52/><U121/><E96/><V53/><F92/><W54/><G102/><T120/><D120/><U85/><E121/><V70/><F67/><W117/><G98/><T7/><AGARI ba="1,1" hai="7,9,12,29,31,55,56,58,60,61,66,80,87,91" machi="7" ten="20,12000,2" yaku="1,1,0,1,7,1,8,1,52,1,53,2" doraHai="2" doraHaiUra="25" who="0" fromWho="0" sc="75,133,240,-31,376,-61,299,-31" /><INIT seed="3,0,0,0,0,94" ten="208,209,315,268" oya="3" hai0="48,53,21,78,84,86,5,27,62,50,99,65,18" hai1="42,76,60,25,34,132,7,15,71,72,106,100,4" hai2="134,133,114,0,44,26,116,125,11,104,33,58,37" hai3="130,17,75,91,23,90,89,51,111,9,119,13,52"/><W22/><G119/><T83/><D5/><U73/><E132/><V121/><RYUUKYOKU type="yao9" ba="0,0" sc="208,0,209,0,315,0,268,0" hai2="0,11,26,33,37,44,58,104,114,116,121,125,133,134" /><INIT seed="3,1,0,3,1,123" ten="208,209,315,268" oya="3" hai0="109,94,133,56,83,63,79,7,72,130,38,82,68" hai1="18,120,96,10,67,11,92,91,93,13,17,71,47" hai2="108,85,50,40,134,112,88,75,127,61,32,95,117" hai3="33,1,46,28,76,54,128,35,131,125,16,101,107"/><W9/><G76/><T53/><D38/><U44/><E120/><V84/><F112/><W74/><G74/><T106/><D106/><U116/><E116/><V23/><F117/><W4/><G107/><T70/><D133/><U19/><E67/><V90/><F75/><W12/><G101/><T34/><D34/><N who="3" m="12809" /><G54/><T73/><D7/><U129/><E71/><V2/><F32/><W110/><G46/><T48/><D94/><U21/><E129/><N who="3" m="49738" /><G28/><T98/><D98/><U41/><E47/><V37/><F37/><W77/><G77/><T26/><D73/><U57/><E57/><V49/><F134/><W45/><G45/><T52/><D79/><U102/><E11/><V42/><F61/><W81/><G81/><T104/><D72/><U122/><E10/><V105/><F105/><W115/><G115/><T27/><D104/><U65/><E65/><V15/><F95/><W51/><G51/><T62/><D48/><N who="1" m="26639" /><E122/><V3/><F49/><W30/><G30/><T78/><D78/><U113/><E113/><V126/><F50/><W119/><G119/><T6/><D130/><U24/><E13/><V103/><F103/><W135/><G135/><T87/><D56/><U66/><E66/><V97/><F97/><AGARI ba="1,0" hai="17,18,19,21,24,91,92,93,96,97,102" m="26639" machi="97" ten="30,1000,0" yaku="8,1" doraHai="123" who="1" fromWho="2" sc="208,0,209,13,315,-13,268,0" /><INIT seed="4,0,0,5,2,37" ten="208,222,302,268" oya="0" hai0="49,64,91,109,82,47,104,110,101,23,123,46,28" hai1="10,87,93,4,33,89,99,71,13,56,132,120,45" hai2="59,100,27,66,44,43,114,5,34,75,21,2,29" hai3="107,11,52,73,117,122,124,26,88,60,18,61,118"/><T76/><D123/><U86/><E71/><V96/><F75/><W81/><G107/><T58/><D104/><U94/><E33/><V62/><F114/><W80/><G122/><T98/><D91/><U125/><E120/><V130/><F130/><W36/><G36/><T35/><D35/><U63/><E132/><V131/><F131/><W133/><G124/><T92/><D47/><U40/><E125/><V90/><F90/><W85/><G133/><T32/><D32/><U70/><E70/><V69/><F5/><W3/><G3/><T17/><D28/><U0/><E0/><V12/><F2/><W42/><G42/><N who="0" m="24791" /><D58/><U72/><E72/><V8/><F8/><W1/><G1/><T14/><D64/><U134/><E134/><V112/><F112/><W95/><G73/><T84/><D109/><U55/><REACH who="1" step="1"/><E94/><REACH who="1" ten="208,212,302,268" step="2"/><V15/><F34/><W25/><G118/><T105/><D110/><U83/><E83/><V6/><F69/><W50/><G117/><T128/><D128/><U115/><E115/><V53/><F6/><W31/><G81/><T16/><D105/><U79/><E79/><V113/><F113/><W38/><G80/><T54/><D54/><U78/><E78/><V116/><F53/><W97/><G52/><T20/><D17/><U108/><E108/><V57/><F116/><W103/><G18/><T9/><AGARI ba="0,1" hai="9,14,16,20,23,76,82,84,92,98,101" m="24791" machi="9" ten="30,6000,0" yaku="8,1,52,1,54,1" doraHai="37" who="0" fromWho="0" sc="208,70,212,-20,302,-20,268,-20" /><INIT seed="4,1,0,0,3,0" ten="278,192,282,248" oya="0" hai0="111,57,53,7,64,25,8,108,65,18,109,60,128" hai1="134,93,119,40,34,100,28,90,67,120,4,47,87" hai2="73,56,86,123,63,35,66,81,51,16,9,80,98" hai3="22,84,29,1,118,54,94,13,45,59,89,107,113"/><T76/><D76/><U91/><E120/><V114/><F35/><W95/><G1/><T24/><D128/><U117/><E134/><V33/><F123/><W79/><G107/><T83/><D83/><U115/><E100/><V97/><F33/><W82/><G113/><T44/><D18/><U12/><E115/><V127/><F114/><W27/><G118/><T30/><D44/><U88/><E67/><N who="0" m="25673" /><D30/><U23/><E34/><V112/><F112/><W99/><G45/><T110/><N who="0" m="27648" /><DORA hai="70" /><T37/><D37/><U129/><E129/><V2/><F127/><W41/><G41/><T92/><D92/><U61/><E119/><V38/><F38/><W104/><G104/><T101/><D101/><U75/><E75/><V125/><F125/><W105/><G105/><T85/><D85/><U78/><E117/><V106/><F73/><W133/><G133/><T14/><AGARI ba="1,0" hai="7,8,14,24,25,53,57,60" m="27648,25673" machi="14" ten="60,6000,0" yaku="10,1,52,1" doraHai="0,70" who="0" fromWho="0" sc="278,63,192,-21,282,-21,248,-21" /><INIT seed="4,2,0,4,1,84" ten="341,171,261,227" oya="0" hai0="105,37,107,112,72,118,82,117,57,39,52,69,0" hai1="131,121,74,77,4,64,51,91,116,10,60,9,42" hai2="32,55,44,46,124,47,94,22,114,28,1,27,98" hai3="38,115,36,23,73,68,127,133,58,96,25,71,120"/><T19/><D69/><U65/><E65/><V99/><F1/><W35/><G73/><T104/><D0/><U14/><E14/><V90/><F124/><W61/><G115/><T108/><D112/><U106/><E106/><V29/><F114/><W130/><G120/><T50/><D19/><U66/><E66/><V129/><F129/><W5/><G35/><T17/><D17/><U76/><E76/><V2/><F2/><W79/><G79/><T6/><D6/><U26/><E26/><V81/><F32/><W111/><G111/><T12/><D12/><U95/><E95/><N who="2" m="56695" /><F81/><W126/><G5/><T86/><D72/><U70/><E70/><V24/><F55/><W92/><G71/><T31/><D31/><N who="2" m="11850" /><F22/><W20/><G68/><T62/><D108/><U113/><E113/><V15/><F15/><W102/><G130/><T75/><D75/><U103/><E64/><V11/><F11/><W78/><G78/><T100/><D100/><AGARI ba="2,0" hai="24,27,44,46,47,94,99,100" m="11850,56695" machi="100" ten="30,2000,0" yaku="8,1,52,1" doraHai="84" who="2" fromWho="0" sc="341,-26,171,0,261,26,227,0" /><INIT seed="5,0,0,5,1,99" ten="315,171,287,227" oya="1" hai0="95,117,50,126,43,31,115,9,71,29,60,7,6" hai1="124,17,4,89,96,73,36,118,81,72,38,134,130" hai2="30,1,14,33,102,27,107,93,23,59,32,101,39" hai3="15,112,114,37,49,132,46,41,2,70,35,103,110"/><U21/><E118/><V62/><F39/><W82/><G2/><T87/><D117/><U68/><E68/><V57/><F1/><W85/><G35/><T67/><D115/><N who="3" m="44073" /><G70/><T24/><D126/><U12/><E124/><V54/><F107/><W69/><G69/><T127/><D6/><U113/><E113/><V34/><F93/><W58/><G110/><T84/><D95/><U77/><E73/><V125/><F125/><W55/><G103/><T116/><D29/><U5/><E134/><V25/><F25/><W121/><G15/><T119/><D127/><U16/><E130/><V47/><F47/><W79/><G121/><T120/><D120/><U75/><E75/><V52/><REACH who="2" step="1"/><F14/><REACH who="2" ten="315,171,277,227" step="2"/><W45/><G132/><T105/><D105/><U53/><E38/><V48/><AGARI ba="0,1" hai="23,27,30,32,33,34,48,52,54,57,59,62,101,102" machi="48" ten="30,12000,2" yaku="1,1,2,1,0,1,52,2,54,1,53,0" doraHai="99" doraHaiUra="10" who="2" fromWho="2" sc="315,-30,171,-60,277,130,227,-30" /><INIT seed="6,0,0,1,0,8" ten="285,111,407,197" oya="2" hai0="40,39,14,38,65,118,74,18,124,123,130,132,111" hai1="53,11,98,24,48,131,44,32,106,91,95,55,63" hai2="2,12,83,25,42,1,64,67,107,133,57,122,108" hai3="78,110,15,88,36,99,103,6,4,28,87,72,29"/><V10/><F122/><W114/><G110/><T31/><D111/><U35/><E131/><V82/><F107/><W92/><G36/><T80/><D123/><U13/><E106/><V59/><F108/><W119/><G119/><T127/><D65/><U135/><E135/><V9/><F133/><W125/><G125/><T45/><D132/><U101/><E101/><V34/><F42/><W128/><G128/><T115/><D31/><N who="3" m="11849" /><G114/><T46/><D115/><U43/><E24/><V51/><F25/><W21/><G78/><T19/><D130/><U52/><REACH who="1" step="1"/><E63/><REACH who="1" ten="285,101,407,197" step="2"/><V5/><F34/><W61/><G61/><T77/><D118/><U109/><E109/><V105/><F105/><W85/><G72/><T126/><D124/><U121/><E121/><V56/><F67/><W47/><G47/><T94/><D127/><U62/><E62/><V49/><F64/><W84/><G103/><T102/><D126/><U76/><E76/><V69/><F69/><W134/><G134/><T16/><D45/><U112/><E112/><V96/><F1/><W33/><G33/><T7/><D46/><U81/><E81/><V120/><F83/><W70/><G70/><T58/><D102/><U20/><E20/><V90/><F82/><W0/><G0/><T129/><D129/><U100/><E100/><V41/><F120/><W68/><G68/><T89/><D80/><U79/><E79/><V71/><F71/><W23/><G23/><T113/><D77/><U60/><E60/><V73/><F2/><W117/><G117/><T54/><D113/><U17/><AGARI ba="0,1" hai="11,13,17,32,35,43,44,48,52,53,55,91,95,98" machi="17" ten="30,8000,1" yaku="1,1,0,1,52,1,54,1,53,1" doraHai="8" doraHaiUra="37" who="1" fromWho="1" sc="285,-20,101,90,407,-40,197,-20" /><INIT seed="7,0,0,3,4,97" ten="265,191,367,177" oya="3" hai0="103,49,66,38,65,116,12,123,34,129,118,92,80" hai1="54,128,17,7,81,14,114,76,51,18,31,119,33" hai2="135,44,9,75,45,19,79,90,85,4,130,60,86" hai3="113,13,20,1,46,63,69,115,26,25,99,59,37"/><W105/><G69/><T111/><D38/><U50/><E128/><V109/><F109/><W10/><G1/><T134/><D34/><U22/><E119/><V0/><F135/><W102/><G37/><T52/><D12/><U87/><E114/><V23/><F130/><W58/><G46/><T5/><D5/><U40/><E7/><V132/><F132/><W57/><G63/><T110/><D134/><U11/><E33/><V39/><F60/><W29/><REACH who="3" step="1"/><G26/><REACH who="3" ten="265,191,367,167" step="2"/><T121/><D129/><U126/><E50/><V35/><F39/><W108/><G108/><T21/><D111/><U96/><E126/><V16/><F44/><W101/><G101/><T112/><D110/><U107/><E51/><V3/><F45/><W122/><G122/><T88/><D116/><U94/><E40/><V82/><F0/><W15/><G15/><T77/><D118/><U98/><E14/><V84/><F3/><W73/><G73/><T8/><D123/><U74/><E74/><V32/><F75/><W93/><G93/><T106/><D92/><U30/><E94/><V117/><F117/><W6/><AGARI ba="0,1" hai="6,10,13,20,25,29,57,58,59,99,102,105,113,115" machi="6" ten="30,6000,0" yaku="1,1,0,1,52,1,53,0" doraHai="97" doraHaiUra="62" who="3" fromWho="3" sc="265,-20,191,-20,367,-20,167,70" /><INIT seed="7,1,0,0,3,26" ten="245,171,347,237" oya="3" hai0="93,14,19,50,92,71,112,38,104,116,46,98,81" hai1="134,75,42,80,15,3,113,79,54,91,124,41,109" hai2="84,103,131,59,35,29,1,25,94,8,117,126,135" hai3="48,128,36,127,53,82,118,65,73,34,47,33,106"/><W13/><G106/><T88/><D71/><U68/><E3/><V9/><F117/><W89/><G118/><T39/><D116/><U102/><E68/><V70/><F70/><W119/><G119/><T49/><D104/><U27/><E109/><V45/><F1/><W108/><G36/><T30/><D112/><U20/><E113/><V90/><F126/><W114/><G114/><T96/><D81/><U123/><E124/><V0/><F135/><W83/><G108/><T37/><D30/><U5/><E134/><V87/><F131/><W97/><G127/><T16/><D19/><U86/><E102/><V32/><F32/><W74/><G128/><T66/><D66/><U55/><E123/><V44/><F103/><W22/><G65/><T2/><D2/><U31/><E15/><V28/><F0/><W133/><G133/><T18/><D18/><U7/><E7/><V107/><F107/><W77/><G97/><T129/><D46/><U85/><E5/><V11/><F29/><W130/><G130/><T111/><D111/><U12/><E12/><V40/><F59/><W60/><G60/><T132/><D132/><U23/><E23/><V115/><F115/><W43/><G43/><T67/><D67/><U63/><E75/><V6/><F6/><W95/><G22/><N who="0" m="11543" /><D129/><U52/><E63/><V64/><F64/><W120/><G120/><T121/><D121/><U76/><E76/><V62/><F62/><W58/><G13/><T122/><D122/><U4/><E4/><V100/><F100/><W10/><G33/><T101/><D101/><U57/><E57/><RYUUKYOKU ba="1,0" sc="245,15,171,15,347,-15,237,-15" hai0="37,38,39,49,50,88,92,93,96,98" hai1="20,27,31,41,42,52,54,55,79,80,85,86,91" owari="260,6.0,186,-31.0,332,43.0,222,-18.0" /></mjloggm>