<mjloggm ver="2.3"><GO type="225" lobby="0"/><UN n0="%E7%B6%BE%E9%A6%99" n1="%53%48%49%53%55%4B%45" n2="%E6%A1%9C%E8%8A%B1%E9%96%83%E3%80%85" n3="%E3%83%88%E3%83%88%E3%83%AA%E5%85%88%E7%94%9F%31%39%E6%AD%B3" dan="16,16,17,18" rate="2142.97,2143.25,2221.09,2263.06" sx="F,M,M,F"/><TAIKYOKU oya="0"/><INIT seed="0,0,0,4,3,53" ten="250,250,250,250" oya="0" hai0="134,87,56,45,40,111,102,128,36,122,61,120,79" hai1="20,101,84,59,14,92,68,6,91,125,50,76,48" hai2="12,72,85,100,123,75,118,62,4,32,82,58,108" hai3="117,130,73,97,129,98,37,23,105,89,51,133,113"/><T17/><D134/><U124/><E68/><V46/><F32/><W127/><G113/><T3/><D3/><U67/><E76/><V66/><F123/><W0/><G37/><T55/><D102/><U43/><E101/><V77/><F108/><W33/><G33/><T74/><D74/><U99/><E43/><V41/><F100/><N who="3" m="62607" /><G0/><T104/><D104/><U47/><E47/><V39/><REACH who="2" step="1"/><F118/><REACH who="2" ten="250,250,240,250" step="2"/><W88/><G117/><T44/><D111/><U60/><E124/><V25/><F25/><W19/><G127/><T96/><D122/><U95/><E125/><V90/><F90/><W109/><G109/><T9/><D120/><U63/><E91/><V69/><F69/><W119/><G89/><T86/><D79/><U78/><E78/><V70/><F70/><W132/><G119/><T31/><D128/><N who="3" m="49257" /><G88/><T115/><D115/><U65/><E99/><V54/><F54/><W22/><G98/><T57/><D96/><U52/><E52/><V110/><F110/><W16/><G133/><T106/><D55/><U42/><E42/><V18/><F18/><W107/><G132/><T28/><D40/><U15/><E6/><V2/><F2/><W80/><G107/><T1/><D106/><U135/><E135/><V34/><F34/><W24/><G24/><T10/><D17/><N who="3" m="6729" /><G23/><T71/><D1/><U93/><E20/><V38/><F38/><W49/><G22/><T27/><D36/><U29/><E93/><V30/><F30/><W7/><G7/><T114/><D114/><U26/><E29/><V5/><F5/><W64/><G64/><T21/><D31/><RYUUKYOKU ba="0,1" sc="250,-15,250,-15,240,15,250,15" hai2="4,12,39,41,46,58,62,66,72,75,77,82,85" hai3="49,51,73,80" /><INIT seed="1,1,1,3,2,58" ten="235,235,255,265" oya="1" hai0="122,116,130,79,92,94,97,31,99,125,24,123,9" hai1="5,11,95,128,1,70,62,19,74,7,2,53,83" hai2="86,61,47,111,59,110,131,81,18,35,3,133,114" hai3="22,28,48,71,101,104,50,129,126,13,84,57,121"/><U67/><E128/><V87/><F3/><W106/><G121/><N who="0" m="46091" /><D130/><U32/><E95/><N who="0" m="36393" /><D116/><U39/><E19/><V135/><F131/><W113/><G71/><T108/><D125/><U85/><E74/><V134/><F114/><W77/><G129/><T43/><D108/><N who="2" m="41514" /><F35/><W21/><G113/><T27/><D79/><U52/><E39/><V109/><N who="2" m="41522" /><V66/><DORA hai="107" /><F81/><N who="3" m="47151" /><G104/><T117/><D117/><U90/><REACH who="1" step="1"/><E32/><REACH who="1" ten="235,225,255,265" step="2"/><V10/><F47/><W60/><G106/><T51/><D31/><U75/><E75/><V105/><F105/><W33/><G33/><T26/><D9/><AGARI ba="1,2" hai="1,2,5,7,9,11,52,53,62,67,70,83,85,90" machi="9" ten="40,12000,1" yaku="1,1,9,1,52,1,54,1,53,0" doraHai="58,107" doraHaiUra="36,91" who="1" fromWho="0" sc="235,-123,225,143,255,0,265,0" /><INIT seed="1,2,0,4,1,35" ten="112,368,255,265" oya="1" hai0="74,7,11,135,134,132,93,120,40,33,103,10,90" hai1="32,4,9,64,130,27,111,124,128,116,49,100,43" hai2="96,59,47,72,25,56,107,85,131,1,114,29,2" hai3="6,115,106,66,55,39,83,94,15,57,121,5,77"/><U123/><E116/><V113/><F72/><W36/><G115/><N who="2" m="44041" /><F131/><W108/><G121/><T34/><D74/><U109/><E123/><V122/><F47/><W87/><G106/><T31/><D120/><U41/><E64/><V13/><F13/><W118/><G118/><T73/><D73/><U119/><E119/><V70/><F70/><W62/><G108/><N who="1" m="41546" /><E100/><N who="2" m="62855" /><F85/><W129/><G129/><N who="1" m="49770" /><E124/><V101/><F101/><W42/><G42/><N who="1" m="15882" /><E49/><V54/><F122/><W98/><G66/><T79/><D103/><U37/><E37/><V105/><F105/><W133/><G39/><T67/><D67/><U0/><E27/><V110/><F110/><W84/><G36/><T86/><D40/><U3/><E32/><N who="2" m="20527" /><F59/><W97/><G57/><T95/><D33/><U45/><E45/><V28/><F28/><W18/><G62/><AGARI ba="2,0" hai="1,2,54,56,62" m="20527,62855,44041" machi="62" ten="30,3900,0" yaku="11,1,52,2" doraHai="35" who="2" fromWho="3" sc="112,0,368,0,255,45,265,-45" /><INIT seed="2,0,0,4,1,129" ten="112,368,300,220" oya="2" hai0="29,46,128,99,126,59,27,117,48,91,74,87,25" hai1="32,86,49,83,71,13,2,66,94,115,134,8,21" hai2="39,78,68,100,80,38,23,93,12,55,34,44,108" hai3="135,3,114,41,109,56,24,113,35,76,7,75,111"/><V119/><F34/><W11/><G56/><T127/><D74/><U5/><E115/><N who="3" m="44042" /><G41/><T6/><D6/><U121/><E32/><V110/><F68/><W107/><G107/><T120/><D120/><U58/><E58/><V14/><F119/><W131/><G76/><T1/><D1/><U105/><E49/><N who="2" m="29095" /><F93/><W84/><G84/><T47/><D128/><U62/><E94/><V53/><F53/><W133/><G75/><T92/><D117/><U104/><E121/><V50/><F50/><W73/><G73/><T88/><D59/><U122/><E122/><V17/><F100/><W85/><G85/><T0/><D0/><U42/><E105/><V95/><F95/><W40/><G40/><T124/><D48/><U81/><E42/><V132/><F80/><W30/><G131/><T57/><D57/><U130/><E104/><V118/><F78/><W52/><G52/><T20/><REACH who="0" step="1"/><D25/><REACH who="0" ten="102,368,300,220" step="2"/><U9/><E130/><V65/><F118/><W31/><G31/><T106/><D106/><U51/><E51/><V26/><F39/><W79/><G79/><T33/><D33/><U28/><E71/><V103/><F38/><W112/><G112/><T16/><D16/><U67/><E5/><V125/><F17/><W45/><G45/><T63/><D63/><U15/><E62/><V96/><F26/><W60/><G60/><T61/><D61/><U69/><E69/><V116/><F116/><W43/><G43/><T10/><D10/><U54/><E2/><V64/><F64/><W22/><G35/><T90/><D90/><U70/><E67/><V82/><F65/><RYUUKYOKU ba="0,1" sc="102,15,368,-15,300,-15,220,15" hai0="20,27,29,46,47,87,88,91,92,99,124,126,127" hai3="3,7,11,22,24,30,109,111,133,135" /><INIT seed="3,1,1,1,1,25" ten="117,353,285,235" oya="3" hai0="7,36,64,103,87,115,126,49,120,72,95,108,99" hai1="112,46,15,86,96,31,124,28,50,101,61,105,45" hai2="92,53,23,35,24,119,131,111,74,110,16,58,4" hai3="67,13,118,69,76,47,3,98,65,19,42,113,70"/><W73/><G113/><T30/><D36/><U33/><E112/><V85/><F74/><W32/><G118/><T104/><D120/><U59/><E124/><V54/><F119/><W127/><G3/><T117/><D117/><U38/><E33/><V11/><F131/><W29/><G127/><T79/><D115/><U134/><E134/><V17/><F35/><W132/><G132/><T41/><D126/><U27/><E27/><V107/><F107/><W106/><G29/><T62/><D7/><U90/><E38/><V83/><F92/><W2/><G2/><T68/><D108/><N who="2" m="41514" /><F58/><W81/><G32/><T84/><D84/><U100/><E15/><N who="2" m="7295" /><F4/><W109/><G109/><T94/><D94/><U10/><E10/><V133/><F133/><W71/><G98/><T0/><D0/><U14/><E96/><V93/><F93/><W44/><G106/><T91/><D41/><U55/><E59/><V5/><F5/><W48/><REACH who="3" step="1"/><G44/><REACH who="3" ten="117,353,285,225" step="2"/><T57/><D49/><N who="1" m="29111" /><E45/><V8/><F8/><AGARI ba="1,2" hai="8,13,19,42,47,48,65,67,69,70,71,73,76,81" machi="8" ten="40,3900,0" yaku="1,1,53,1" doraHai="25" doraHaiUra="43" who="3" fromWho="2" sc="117,0,353,0,285,-42,225,62" /><INIT seed="3,2,0,5,1,110" ten="117,353,243,287" oya="3" hai0="10,46,4,127,36,5,130,39,116,71,99,88,3" hai1="91,81,13,21,62,34,17,93,126,35,0,111,2" hai2="63,123,45,109,79,90,122,37,56,69,11,8,19" hai3="24,100,25,22,28,129,121,61,12,26,9,117,58"/><W60/><G117/><T119/><D5/><U53/><E111/><V132/><F109/><W54/><G121/><T87/><D130/><U16/><E126/><V20/><F79/><W94/><G129/><T125/><D99/><N who="1" m="57791" /><E35/><V105/><F105/><W135/><G135/><T67/><D87/><U77/><E34/><V89/><F69/><W118/><G118/><T47/><D88/><U128/><E128/><V76/><F76/><W92/><G61/><T80/><D80/><U74/><E74/><V133/><F37/><N who="0" m="14410" /><D10/><N who="1" m="6199" /><E2/><V96/><F45/><N who="0" m="16906" /><D4/><U7/><E0/><V102/><F96/><N who="3" m="59399" /><G94/><T120/><D3/><U59/><E7/><AGARI ba="2,0" hai="7,9,12,22,24,25,26,28,54,58,60" m="59399" machi="7" ten="30,1500,0" yaku="8,1" doraHai="110" who="3" fromWho="1" sc="117,0,353,-21,243,0,287,21" /><INIT seed="3,3,0,1,5,50" ten="117,332,243,308" oya="3" hai0="17,96,104,91,37,36,132,123,30,71,86,114,45" hai1="113,62,42,44,33,84,40,127,79,101,118,25,130" hai2="69,38,102,70,87,126,29,31,20,55,26,88,112" hai3="6,13,16,128,39,10,98,47,35,7,119,18,57"/><W61/><G119/><T75/><D30/><U12/><E113/><V66/><F112/><W34/><G128/><T5/><D5/><U115/><E115/><V77/><F38/><W133/><G133/><T21/><D114/><U72/><E72/><V120/><F126/><W124/><G124/><T122/><D71/><U65/><E127/><V64/><F77/><W110/><G110/><T27/><D132/><U121/><E121/><V78/><F78/><W4/><G39/><T135/><D135/><U95/><E130/><V53/><F102/><W81/><G47/><T63/><D75/><U134/><E134/><V99/><F99/><W76/><G18/><T24/><D104/><U43/><E118/><V131/><F131/><W1/><G98/><T0/><D0/><U2/><E2/><V22/><F120/><W49/><G49/><T108/><D108/><U23/><E33/><V116/><F116/><W60/><G60/><T106/><D106/><U15/><E44/><V97/><F97/><W9/><G34/><T109/><D109/><U67/><E101/><V58/><F70/><W92/><G92/><T80/><D122/><U90/><E79/><V8/><F8/><W100/><G35/><T28/><D123/><U48/><E48/><N who="2" m="31015" /><F55/><N who="3" m="33983" /><G100/><T32/><D63/><U52/><E52/><V85/><F69/><W54/><G54/><T117/><D117/><U125/><E125/><V89/><F64/><N who="1" m="24649" /><E62/><V129/><F66/><W93/><G93/><N who="0" m="56383" /><D45/><U73/><E73/><V19/><F129/><W94/><G94/><T56/><D56/><U68/><E68/><V103/><F103/><RYUUKYOKU ba="3,0" sc="117,10,332,10,243,-30,308,10" hai0="17,21,24,27,28,32,36,37,80,86" hai1="12,15,23,25,40,42,43,84,90,95" hai3="1,4,6,7,9,10,13,16,76,81" /><INIT seed="3,4,0,1,1,76" ten="127,342,213,318" oya="3" hai0="26,119,13,101,79,130,83,55,20,38,45,25,3" hai1="39,36,132,5,58,60,126,69,27,103,46,50,19" hai2="127,95,10,40,73,4,6,72,66,65,9,133,31" hai3="0,92,125,47,43,112,37,108,90,128,87,33,98"/><W105/><G112/><T71/><D3/><U22/><E69/><V61/><F127/><W93/><G0/><T48/><D119/><U32/><E126/><V8/><F133/><W114/><G114/><T84/><D71/><U117/><E132/><V82/><F31/><W15/><G125/><T54/><D38/><U111/><E32/><V116/><F116/><W59/><G33/><T41/><D130/><U123/><E117/><V62/><F40/><W30/><G128/><T107/><D107/><U91/><E123/><V1/><F95/><W110/><G30/><T113/><D101/><U70/><E70/><V7/><F1/><W2/><G2/><T67/><D67/><N who="2" m="25610" /><F82/><W51/><G105/><T81/><D113/><U86/><E5/><V118/><F118/><W56/><G15/><T121/><D121/><U134/><E103/><V75/><AGARI ba="4,0" hai="4,6,7,8,9,10,61,62,72,73,75" m="25610" machi="75" ten="40,8000,1" yaku="29,2,28,2" doraHai="76" who="2" fromWho="2" sc="127,-24,342,-24,213,92,318,-44" owari="103,-40.0,318,42.0,305,11.0,274,-13.0" /></mjloggm>