<mjloggm ver="2.3"><GO type="97" lobby="0"/><UN n0="%79%75%74%61%73%61%77%61" n1="%E4%B8%8A%E5%AE%B6%E9%B3%B4%E3%81%8B%E3%81%9B%E3%82%8D" n2="%E5%B0%B1%E6%B4%BB%E7%94%9F%40%E5%B7%9D%E6%9D%91%E8%BB%8D%E5%9B%A3" n3="%E9%9B%80%E5%A3%AB%E3%81%AC%E3%82%8B%E3%82%8A%E3%82%93" dan="13,14,14,15" rate="1860.81,1969.77,1989.83,1953.68" sx="M,M,M,M"/><TAIKYOKU oya="0"/><INIT seed="0,0,0,1,1,131" ten="250,250,250,250" oya="0" hai0="118,69,9,66,7,23,44,91,54,57,83,135,79" hai1="92,126,12,102,78,123,26,62,86,133,27,129,0" hai2="40,35,18,64,114,30,51,109,112,96,32,15,82" hai3="11,37,98,21,33,99,63,1,59,116,127,41,14"/><T67/><D118/><U76/><E123/><V121/><F121/><W46/><G33/><T29/><D69/><U125/><E0/><V93/><F109/><W61/><G116/><T122/><D122/><U103/><E129/><V101/><F64/><W50/><G127/><N who="1" m="48650" /><E12/><V107/><F107/><W3/><G37/><T72/><D44/><U43/><E43/><V53/><F40/><W68/><G68/><T49/><D29/><U110/><E110/><V108/><F108/><W38/><G21/><T16/><D91/><N who="1" m="53367" /><E62/><V111/><F111/><W97/><G38/><T74/><D74/><U130/><E130/><V71/><F71/><W10/><G63/><T81/><D81/><U104/><E104/><V22/><F82/><W70/><G11/><T119/><D119/><U6/><E6/><V77/><F77/><N who="1" m="29801" /><E133/><V132/><F132/><W89/><G70/><T24/><REACH who="0" step="1"/><D135/><REACH who="0" ten="240,250,250,250" step="2"/><U84/><E84/><V124/><F124/><W19/><REACH who="3" step="1"/><G89/><REACH who="3" ten="240,250,250,240" step="2"/><T115/><D115/><U42/><E103/><V94/><F114/><W117/><G117/><T113/><D113/><U87/><E102/><V75/><F112/><W60/><G60/><T106/><D106/><U90/><E42/><V36/><F101/><W31/><G31/><T39/><D39/><U95/><AGARI ba="0,2" hai="26,27,87,90,95" m="29801,53367,48650" machi="95" ten="30,1100,0" yaku="18,1" doraHai="131" who="1" fromWho="1" sc="240,-5,250,31,250,-3,240,-3" /><INIT seed="1,0,0,4,1,67" ten="235,281,247,237" oya="1" hai0="69,93,109,115,29,15,103,14,11,127,81,118,71" hai1="1,120,124,6,75,19,84,92,96,34,21,77,2" hai2="37,49,54,26,50,72,23,48,52,130,53,95,100" hai3="3,4,78,114,36,20,8,64,12,82,85,131,86"/><U76/><E34/><V116/><F72/><W42/><G131/><T58/><D115/><U129/><E120/><V32/><F32/><W47/><G114/><T110/><D118/><U101/><E129/><V123/><F123/><W122/><G122/><T44/><D127/><U87/><E124/><V128/><F116/><W119/><G119/><T13/><D29/><U79/><E75/><V65/><F65/><W134/><G134/><T66/><D81/><U107/><E1/><V18/><REACH who="2" step="1"/><F37/><REACH who="2" ten="235,281,237,237" step="2"/><W88/><G64/><T83/><D11/><U16/><E2/><V102/><F102/><W9/><G20/><T132/><D132/><U35/><E35/><V28/><F28/><W56/><G56/><T57/><D44/><U62/><E21/><V31/><F31/><W112/><G112/><T97/><D83/><U80/><E80/><V117/><F117/><W0/><G9/><T70/><REACH who="0" step="1"/><D66/><REACH who="0" ten="225,281,237,237" step="2"/><U121/><E121/><V39/><F39/><W89/><G78/><T105/><D105/><U98/><E107/><V59/><F59/><AGARI ba="0,2" hai="13,14,15,57,58,59,69,70,71,93,97,103,109,110" machi="59" ten="50,8000,1" yaku="1,1,52,3,53,0" doraHai="67" doraHaiUra="135" who="0" fromWho="2" sc="225,100,281,0,237,-80,237,0" /><INIT seed="2,0,0,3,3,6" ten="325,281,157,237" oya="2" hai0="75,112,124,126,50,89,23,120,46,20,60,51,122" hai1="39,15,42,40,38,14,90,3,92,8,67,68,93" hai2="25,94,16,65,135,81,30,33,80,1,113,99,64" hai3="110,79,103,17,2,22,83,127,26,18,41,43,69"/><V128/><F113/><W57/><G69/><T78/><D112/><U86/><E3/><V72/><F135/><W118/><G2/><T54/><D75/><U44/><E68/><V100/><F128/><W61/><G110/><T114/><D114/><U0/><E0/><V71/><F1/><W11/><G127/><N who="0" m="48683" /><D78/><U84/><E67/><V96/><F96/><W56/><G103/><T132/><D132/><U48/><E39/><V117/><F117/><W73/><G57/><N who="0" m="34871" /><D89/><N who="1" m="53287" /><E38/><V108/><F108/><W37/><G37/><T24/><D51/><U53/><E15/><V107/><F107/><W111/><G111/><T121/><D24/><U12/><E12/><V66/><F71/><W52/><G118/><T97/><D97/><U130/><E130/><V21/><REACH who="2" step="1"/><F72/><REACH who="2" ten="325,281,147,237" step="2"/><W133/><G133/><T131/><D131/><U10/><E14/><AGARI ba="0,1" hai="14,16,21,25,30,33,64,65,66,80,81,94,99,100" machi="14" ten="40,12000,1" yaku="1,1,2,1,54,1,53,1" doraHai="6" doraHaiUra="95" who="2" fromWho="1" sc="325,0,281,-120,147,130,237,0" /><INIT seed="2,1,0,0,0,48" ten="325,161,277,237" oya="2" hai0="67,53,133,11,78,64,20,10,98,121,46,35,43" hai1="128,3,29,110,24,42,119,12,39,113,118,59,81" hai2="62,95,52,107,126,94,92,93,33,14,116,73,106" hai3="72,84,44,7,117,109,71,31,23,76,34,77,134"/><V58/><F116/><W132/><G71/><T38/><D121/><U108/><E39/><V0/><F0/><W18/><G7/><T57/><D35/><U123/><E42/><V5/><F33/><W88/><G72/><T115/><D115/><U2/><E59/><V25/><F73/><W69/><G69/><T129/><D129/><U63/><E63/><V19/><F126/><W15/><G109/><N who="1" m="42090" /><E81/><V21/><N who="2" m="24064" /><DORA hai="111" /><V17/><REACH who="2" step="1"/><F5/><REACH who="2" ten="325,161,267,237" step="2"/><W91/><G117/><N who="1" m="44554" /><E123/><V135/><F135/><W120/><G120/><T97/><D133/><U104/><E128/><V16/><F16/><W99/><G23/><AGARI ba="1,1" hai="14,17,19,21,23,25,52,58,62,106,107" m="24064" machi="23" ten="50,9600,0" yaku="1,1,52,1,54,1,53,0" doraHai="48,111" doraHaiUra="36,37" who="2" fromWho="3" sc="325,0,161,0,267,109,237,-99" /><INIT seed="2,2,0,2,2,58" ten="325,161,376,138" oya="2" hai0="7,114,124,72,42,106,119,15,101,20,133,57,34" hai1="16,69,46,96,27,55,64,71,45,93,28,70,98" hai2="74,82,37,8,107,65,116,84,112,125,113,123,88" hai3="31,19,13,127,131,76,62,51,59,108,85,77,9"/><V120/><F37/><W90/><G108/><T39/><D34/><U67/><E28/><V68/><F68/><W110/><G131/><T115/><D119/><U111/><E111/><V23/><F23/><W91/><G127/><T103/><D72/><U35/><E35/><V29/><F29/><W40/><G110/><T0/><D106/><U109/><E109/><V47/><F65/><W73/><G73/><T25/><D0/><U78/><E78/><N who="2" m="44375" /><F47/><N who="3" m="26087" /><G31/><T102/><D124/><U32/><E32/><V61/><F61/><W50/><G50/><T100/><D133/><U11/><E96/><V17/><F17/><W92/><G90/><T26/><N who="0" m="26112" /><DORA hai="49" /><T94/><D94/><U24/><E69/><V12/><F12/><W21/><G9/><N who="0" m="4543" /><D39/><U2/><E70/><V118/><F8/><W134/><G134/><T48/><D114/><N who="2" m="44138" /><F107/><W18/><G18/><T83/><D115/><U5/><E71/><V86/><F125/><W132/><G132/><T126/><D126/><U122/><E2/><V14/><F14/><W1/><G1/><T105/><D105/><U33/><E33/><V129/><F129/><W135/><G135/><T60/><D83/><U104/><E104/><V38/><F38/><W66/><AGARI ba="2,0" hai="13,19,21,59,62,66,76,77,85,91,92" m="26087" machi="66" ten="30,2000,0" yaku="8,1,52,1" doraHai="58,49" who="3" fromWho="3" sc="325,-7,161,-7,376,-12,138,26" /><INIT seed="3,0,0,4,1,131" ten="318,154,364,164" oya="3" hai0="91,97,114,10,16,6,107,101,47,105,40,76,38" hai1="60,85,37,20,72,103,128,13,57,31,71,36,119" hai2="23,3,66,117,79,96,63,59,11,68,95,75,127" hai3="46,100,108,134,42,104,94,55,0,83,81,15,135"/><W74/><G0/><T122/><D114/><U126/><E72/><V93/><F117/><W22/><G104/><T51/><D122/><U111/><E128/><V61/><F127/><W25/><G55/><T33/><D33/><U129/><E129/><V35/><F35/><W1/><G1/><T87/><D107/><U26/><E126/><V45/><F75/><W54/><G54/><T110/><D110/><U7/><E71/><V130/><F79/><W80/><G15/><T133/><D38/><U2/><E111/><V70/><F130/><W5/><G5/><T44/><D133/><N who="3" m="50697" /><G108/><T29/><D29/><U84/><E119/><V82/><F45/><W62/><G62/><T56/><D47/><U112/><E112/><V18/><F11/><W73/><G94/><T88/><D56/><U49/><E37/><V34/><F3/><W115/><G100/><T123/><D123/><U116/><E36/><V65/><F65/><W99/><G99/><T113/><D113/><U12/><E116/><V9/><F63/><W124/><G124/><T78/><D91/><U53/><E103/><V69/><F93/><W41/><G115/><T52/><D40/><N who="3" m="15465" /><G46/><T19/><D6/><U89/><E2/><V17/><F95/><W92/><G92/><T58/><D58/><N who="1" m="33071" /><E7/><V67/><F96/><W4/><G4/><T86/><D19/><AGARI ba="0,0" hai="19,22,25,73,74,80,81,83" m="15465,50697" machi="19" ten="30,11600,0" yaku="20,1,52,3" doraHai="131" who="3" fromWho="0" sc="318,-116,154,0,364,0,164,116" /><INIT seed="3,1,0,1,3,71" ten="202,154,364,280" oya="3" hai0="37,109,96,36,57,87,6,125,95,28,55,88,85" hai1="13,117,89,68,81,46,134,120,17,47,84,132,77" hai2="30,100,129,43,24,8,27,54,119,0,94,3,44" hai3="83,98,92,40,65,128,39,21,108,29,102,104,118"/><W51/><G118/><T64/><D28/><U110/><E120/><V103/><F119/><W49/><G128/><T126/><D6/><U112/><E117/><V59/><F129/><W56/><G104/><T14/><D64/><U70/><E112/><V33/><F27/><N who="3" m="16623" /><G83/><T122/><D122/><U50/><E110/><V131/><F131/><W15/><G15/><T74/><D74/><U75/><E70/><V38/><F94/><W63/><G108/><T76/><D109/><U23/><E68/><V114/><F114/><W67/><G67/><T121/><D14/><U20/><E20/><V52/><F54/><W31/><G31/><T79/><D121/><U58/><E132/><V101/><REACH who="2" step="1"/><F8/><REACH who="2" ten="202,154,354,280" step="2"/><W19/><G19/><T116/><D116/><U113/><E134/><V106/><F106/><W42/><G42/><T35/><D35/><U69/><E113/><V127/><F127/><N who="0" m="48650" /><D87/><U16/><E17/><V22/><F22/><W105/><G105/><T48/><D85/><U107/><E107/><V135/><F135/><W99/><G99/><T11/><D11/><U5/><E5/><V32/><F32/><W123/><G123/><T90/><D90/><U1/><E1/><V12/><F12/><W53/><G53/><T45/><D45/><AGARI ba="1,1" hai="39,40,45,49,51,56,63,65,92,98,102" m="16623" machi="45" ten="30,2900,0" yaku="25,1,52,1" doraHai="71" who="3" fromWho="0" sc="202,-32,154,0,354,0,280,42" /><INIT seed="3,2,0,3,3,30" ten="170,154,354,322" oya="3" hai0="62,8,122,118,95,21,2,83,131,66,111,44,127" hai1="57,36,73,123,16,128,106,28,71,126,115,113,63" hai2="54,69,87,101,5,109,0,19,134,78,29,110,80" hai3="91,130,93,26,72,92,68,1,129,77,6,9,15"/><W22/><G68/><T45/><D122/><U116/><RYUUKYOKU type="yao9" ba="2,0" sc="170,0,154,0,354,0,322,0" hai1="16,28,36,57,63,71,73,106,113,115,116,123,126,128" /><INIT seed="3,3,0,2,3,87" ten="170,154,354,322" oya="3" hai0="82,132,108,0,24,102,53,31,57,68,78,20,94" hai1="45,61,13,74,9,7,76,66,8,135,127,113,59" hai2="99,73,52,100,47,85,25,12,134,71,64,101,60" hai3="133,126,67,44,123,11,16,91,129,39,130,79,58"/><W70/><G70/><T111/><D0/><U36/><E113/><V97/><F73/><W21/><G123/><T15/><D68/><U81/><E127/><V29/><F134/><W83/><G126/><T114/><D114/><U96/><E135/><V124/><F124/><W120/><G120/><T38/><D38/><U103/><E9/><V109/><F109/><N who="0" m="42058" /><D132/><U56/><E45/><V46/><F12/><N who="3" m="9351" /><G133/><T121/><D121/><U116/><E36/><V22/><F85/><N who="3" m="50623" /><G79/><T26/><D15/><U4/><E116/><V104/><F52/><W37/><G11/><T75/><D26/><U40/><E40/><V1/><F1/><W107/><G107/><AGARI ba="3,0" hai="22,25,29,46,47,60,64,71,97,99,100,101,104,107" machi="107" ten="30,2000,0" yaku="7,1,9,1" doraHai="87" who="2" fromWho="3" sc="170,0,154,0,354,29,322,-29" owari="170,-23.0,154,-35.0,383,49.0,293,9.0" /></mjloggm>