<mjloggm ver="2.3"><GO type="97" lobby="0"/><UN n0="%E3%83%88%E3%83%88%E3%83%AA%E5%85%88%E7%94%9F%31%39%E6%AD%B3" n1="%E3%81%84%E3%81%8F%E3%82%84%E3%81%BE%E2%98%86%E3%81%95%E3%82%80%E3%81%8A" n2="%E3%83%89%E3%83%A9%E7%8E%84" n3="%4E%41%52%49%30%31%33%31" dan="15,13,13,14" rate="2029.68,1845.64,1824.50,1887.62" sx="F,M,M,M"/><TAIKYOKU oya="0"/><INIT seed="0,0,0,1,5,96" ten="250,250,250,250" oya="0" hai0="102,69,128,2,54,111,76,43,113,5,51,19,81" hai1="105,70,92,31,48,80,53,95,110,77,40,58,25" hai2="66,120,74,107,64,79,9,8,89,23,29,50,14" hai3="56,27,37,65,71,84,44,86,32,3,36,99,11"/><T42/><D113/><U130/><E110/><V103/><F120/><W125/><G71/><T122/><D122/><U60/><E105/><V16/><F79/><W93/><G125/><T82/><D69/><U49/><E130/><V55/><F74/><W109/><G109/><T129/><D111/><U57/><E70/><V15/><F89/><W0/><G0/><T38/><D19/><U115/><E115/><V101/><F29/><W24/><G36/><T4/><D102/><N who="2" m="38922" /><F107/><W118/><G37/><T20/><D20/><U41/><E41/><N who="0" m="15369" /><D38/><U39/><E39/><V121/><F23/><W34/><G32/><T78/><D78/><U112/><E112/><V18/><F121/><W47/><G34/><T123/><D123/><U106/><E106/><V75/><F75/><W35/><G35/><T12/><D2/><U97/><E77/><V21/><F21/><W104/><G104/><T10/><D5/><U45/><E31/><V87/><F87/><W17/><G3/><T62/><D62/><BYE who="0" /><U30/><E60/><V134/><F134/><W67/><G67/><T124/><D124/><U108/><E108/><V83/><F83/><W100/><G65/><UN n0="%E3%83%88%E3%83%88%E3%83%AA%E5%85%88%E7%94%9F%31%39%E6%AD%B3" /><T132/><D132/><U63/><E80/><N who="0" m="30825" /><D76/><U68/><E68/><V98/><F98/><W7/><G99/><T61/><D61/><U131/><E97/><V46/><AGARI ba="0,0" hai="8,9,14,15,16,18,46,50,55,64,66" m="38922" machi="46" ten="30,8000,1" yaku="8,1,52,3,54,1" doraHai="96" who="2" fromWho="2" sc="250,-40,250,-20,250,80,250,-20" /><INIT seed="1,0,0,3,3,2" ten="210,230,330,230" oya="1" hai0="64,5,109,65,35,123,15,96,60,19,133,115,28" hai1="56,84,87,68,24,20,31,53,98,26,3,0,43" hai2="22,30,108,69,126,23,86,102,130,117,16,100,33" hai3="25,90,110,63,81,29,112,131,119,50,41,122,14"/><U45/><E68/><V94/><F117/><W21/><G122/><T49/><D115/><U48/><E98/><V67/><F108/><W113/><G110/><T72/><D109/><U124/><E124/><V95/><F126/><W101/><G119/><T120/><D72/><U99/><E99/><V78/><F130/><W44/><G101/><N who="2" m="39017" /><F30/><W62/><G131/><T128/><D96/><U34/><E0/><V9/><F33/><W58/><G112/><T85/><D128/><U104/><E3/><V6/><F67/><W51/><G113/><T127/><D127/><U116/><E116/><V134/><F69/><W129/><G129/><T103/><D103/><U17/><REACH who="1" step="1"/><E104/><REACH who="1" ten="210,220,330,230" step="2"/><V93/><F134/><W74/><G74/><T107/><D107/><U27/><E27/><V37/><F86/><W4/><G25/><N who="0" m="18831" /><D85/><U70/><E70/><V125/><F125/><W80/><G14/><T135/><D135/><U32/><E32/><V52/><F78/><W83/><G29/><T36/><D133/><U59/><E59/><V91/><F91/><W106/><G90/><T118/><D118/><U92/><E92/><V77/><F94/><W38/><G106/><T18/><D123/><U76/><E76/><V73/><F77/><W88/><G88/><T66/><D120/><U57/><E57/><V8/><F73/><W97/><G97/><T46/><D15/><U82/><E82/><V75/><F75/><W54/><G83/><T105/><D105/><U71/><E71/><V10/><F95/><W121/><G80/><T132/><D132/><U79/><E79/><V47/><F93/><RYUUKYOKU ba="0,1" sc="210,-10,220,30,330,-10,230,-10" hai1="17,20,24,26,31,34,43,45,48,53,56,84,87" /><INIT seed="1,1,1,1,2,47" ten="200,250,320,220" oya="1" hai0="89,61,116,75,52,108,90,21,94,76,84,127,130" hai1="5,85,98,135,103,8,59,36,87,129,32,121,112" hai2="30,56,55,28,16,82,54,27,22,39,12,62,126" hai3="49,97,51,66,113,100,11,0,106,63,6,24,18"/><U7/><E112/><V9/><F39/><W53/><G113/><T125/><D116/><U23/><E121/><V124/><F82/><W14/><G24/><T3/><D3/><U118/><E118/><V70/><F70/><W101/><G53/><T74/><D108/><U99/><E32/><V72/><F72/><W91/><G91/><T95/><D130/><U40/><E129/><V119/><F119/><W43/><G43/><T64/><D21/><U105/><E135/><V110/><F110/><W107/><G101/><T92/><D92/><U31/><E59/><V67/><REACH who="2" step="1"/><F30/><REACH who="2" ten="200,250,310,220" step="2"/><W132/><G132/><T81/><D75/><U114/><E36/><V57/><F57/><W115/><G115/><T26/><D125/><AGARI ba="1,2" hai="9,12,16,22,27,28,54,55,56,62,67,124,125,126" machi="125" ten="40,5200,0" yaku="1,1,18,1,54,1,53,0" doraHai="47" doraHaiUra="44" who="2" fromWho="0" sc="200,-55,250,0,310,75,220,0" /><INIT seed="2,0,0,3,2,96" ten="145,250,385,220" oya="2" hai0="113,77,99,11,40,97,134,23,117,124,67,120,20" hai1="41,82,1,22,115,2,128,72,47,68,74,109,8" hai2="106,98,54,35,64,100,89,71,57,31,13,92,6" hai3="127,76,65,30,112,10,110,75,60,58,55,33,93"/><V27/><F13/><W42/><G42/><T121/><D40/><U48/><E115/><V53/><F6/><W17/><G112/><T88/><D113/><U18/><E109/><V26/><F57/><W21/><G110/><T49/><D134/><U0/><E128/><V78/><F27/><W86/><G75/><T83/><D124/><U63/><E63/><N who="2" m="40351" /><F78/><W4/><G127/><T87/><D117/><U5/><E68/><V43/><F43/><W7/><G65/><T70/><D49/><U107/><E107/><V59/><F59/><W52/><G55/><T81/><D11/><U69/><E69/><V29/><F29/><W19/><G33/><T132/><D132/><U95/><E95/><V79/><F79/><W37/><G37/><T103/><D97/><AGARI ba="0,0" hai="26,31,35,53,54,89,92,97,98,100,106" m="40351" machi="97" ten="30,2900,0" yaku="25,1,52,1" doraHai="96" who="2" fromWho="0" sc="145,-29,250,0,385,29,220,0" /><INIT seed="2,1,0,0,0,107" ten="116,250,414,220" oya="2" hai0="50,48,30,29,128,87,53,63,76,39,68,75,38" hai1="10,124,49,80,9,67,132,130,43,125,133,110,100" hai2="24,58,78,85,22,37,57,46,31,28,16,54,101" hai3="61,106,89,41,4,55,3,19,7,20,114,95,92"/><V47/><F101/><W97/><G106/><T98/><D128/><U69/><E110/><V17/><F37/><W122/><G41/><T35/><D87/><U66/><E100/><V116/><F116/><W102/><G3/><T25/><D30/><N who="2" m="11306" /><F58/><W117/><G117/><T60/><D50/><U131/><E80/><N who="2" m="47255" /><F17/><W21/><G122/><T84/><D84/><U74/><E74/><V105/><F105/><W118/><G118/><T81/><D98/><U112/><E112/><V104/><F104/><W96/><G114/><T23/><D35/><U99/><E69/><V103/><F103/><W91/><G102/><T45/><REACH who="0" step="1"/><D63/><AGARI ba="1,0" hai="16,22,24,46,47,54,57,63" m="47255,11306" machi="63" ten="30,2900,0" yaku="8,1,54,1" doraHai="107" who="2" fromWho="0" sc="116,-32,250,0,414,32,220,0" /><INIT seed="2,2,0,0,2,48" ten="84,250,446,220" oya="2" hai0="41,88,110,54,108,77,36,124,127,125,84,40,59" hai1="114,45,55,42,33,98,20,31,126,66,92,85,101" hai2="102,74,63,61,106,87,117,81,134,111,10,79,115" hai3="107,29,132,64,50,129,44,0,34,7,128,35,24"/><V60/><F117/><W12/><G107/><T5/><D77/><U80/><E114/><V9/><F115/><W3/><G64/><T51/><D5/><U21/><E126/><V118/><F118/><W100/><G100/><T71/><D71/><U65/><E33/><V78/><F134/><W86/><G132/><T1/><D1/><U93/><E93/><V27/><F111/><N who="0" m="42538" /><D36/><U67/><E31/><V121/><F121/><W47/><G35/><T14/><D14/><U103/><E42/><V38/><F38/><W116/><G116/><T89/><D89/><N who="1" m="51367" /><E103/><V17/><F102/><W32/><G32/><T37/><D37/><U18/><E18/><V52/><F106/><W76/><G47/><T26/><D26/><U112/><E112/><V75/><F75/><W135/><G135/><T30/><D30/><U58/><E45/><V23/><F74/><W122/><G122/><T95/><AGARI ba="2,0" hai="40,41,51,54,59,84,88,95,124,125,127" m="42538" machi="95" ten="40,8000,1" yaku="18,1,14,1,52,1,54,1" doraHai="48" who="0" fromWho="0" sc="84,86,250,-22,446,-42,220,-22" /><INIT seed="3,0,0,5,4,51" ten="170,228,404,198" oya="3" hai0="96,21,37,124,130,86,85,15,63,68,10,121,115" hai1="64,73,43,28,29,74,120,90,32,54,113,14,135" hai2="80,44,111,58,49,25,67,87,106,26,24,93,39" hai3="82,33,123,27,13,0,103,6,78,53,11,109,81"/><W98/><G123/><T75/><D121/><U1/><E54/><V57/><F106/><W102/><G0/><T126/><D75/><U95/><E14/><V60/><F39/><W108/><G33/><T50/><D37/><U91/><E91/><V30/><F111/><N who="3" m="42571" /><G27/><T128/><D21/><U22/><E22/><V116/><F116/><W38/><G38/><T76/><D96/><U40/><E90/><V18/><F93/><N who="3" m="58703" /><G103/><T48/><D115/><U89/><E120/><V129/><F129/><N who="0" m="49770" /><D63/><U77/><E1/><V117/><F117/><W118/><G118/><T65/><D65/><U133/><E113/><V9/><F57/><W46/><G78/><T92/><D68/><U62/><E77/><V69/><F69/><W72/><G72/><T35/><D35/><U66/><E73/><V79/><F30/><W41/><G41/><T3/><D3/><U17/><E74/><V122/><F122/><W134/><G134/><T16/><D86/><U8/><E28/><V42/><F9/><W94/><G94/><T83/><D92/><U70/><E29/><V132/><F132/><W4/><G4/><T23/><D10/><U59/><E8/><V55/><F18/><W97/><G97/><T114/><D114/><U34/><E17/><V19/><F19/><W100/><G100/><T52/><D48/><AGARI ba="0,0" hai="6,11,13,46,48,53,81,82" m="58703,42571" machi="48" ten="30,5800,0" yaku="14,1,10,1,52,1" doraHai="51" who="3" fromWho="0" sc="170,-58,228,0,404,0,198,58" /><INIT seed="3,1,0,2,4,96" ten="112,228,404,256" oya="3" hai0="115,88,61,112,92,126,103,108,11,121,100,72,119" hai1="67,56,23,83,76,13,93,7,123,1,33,53,81" hai2="127,79,44,128,62,98,34,117,135,111,17,65,125" hai3="47,107,25,15,78,84,71,94,69,129,36,122,39"/><W51/><G107/><T57/><D11/><N who="1" m="4351" /><E33/><V14/><F117/><W77/><G122/><T27/><D27/><U91/><E123/><V70/><F111/><W86/><G25/><T102/><D121/><U118/><E118/><V41/><F128/><W19/><G129/><T10/><D119/><U134/><E134/><V132/><F34/><W75/><G75/><T49/><D108/><U42/><E1/><V130/><F79/><W68/><G94/><T116/><D116/><U38/><E38/><N who="2" m="21559" /><F98/><W99/><G99/><N who="0" m="57735" /><D72/><U8/><E8/><N who="2" m="6343" /><F130/><W120/><G120/><T20/><D10/><U63/><E42/><V2/><F2/><W82/><G84/><T30/><D49/><U43/><E43/><V32/><F32/><W95/><G95/><T58/><D126/><AGARI ba="1,0" hai="62,65,70,125,126,127,132,135" m="6343,21559" machi="126" ten="30,1000,0" yaku="18,1" doraHai="96" who="2" fromWho="0" sc="112,-13,228,0,404,13,256,0" owari="99,-40.0,228,-17.0,417,51.0,256,6.0" /></mjloggm>