<mjloggm ver="2.3"><GO type="169" lobby="0"/><UN n0="%E3%82%AF%E3%83%AD%E3%83%8E%E3%82%B9%40" n1="%E3%82%A6%E3%83%AB%E3%83%88%E3%83%A9%E7%AB%8B%E7%9B%B4" n2="%E3%83%86%E3%83%AA%E3%82%84%E3%81%8D%E3%83%90%E3%83%BC%E3%82%AC%E3%83%BC" n3="%E5%86%A5%E5%9C%9F%E3%81%AE%E3%83%AF%E3%83%8B%E8%94%B5" dan="17,17,16,18" rate="2171.05,2177.44,2075.21,2201.27" sx="M,M,M,M"/><TAIKYOKU oya="0"/><INIT seed="0,0,0,4,2,17" ten="250,250,250,250" oya="0" hai0="122,57,76,99,123,67,113,95,14,80,44,94,16" hai1="24,12,132,66,30,51,34,64,8,112,124,102,110" hai2="47,105,55,115,100,60,81,0,46,116,130,114,98" hai3="120,106,6,10,18,48,2,71,50,65,20,21,56"/><T108/><D113/><U87/><E112/><V97/><F130/><W32/><G71/><T36/><D108/><U128/><E110/><V89/><F0/><W69/><G69/><T33/><D33/><U22/><E128/><V82/><F116/><W38/><G38/><T79/><D36/><U1/><E124/><V84/><F47/><W85/><G106/><T134/><D134/><U61/><E132/><V13/><F81/><W28/><G120/><T90/><D44/><U3/><E102/><V129/><F98/><W92/><G32/><T27/><D27/><U101/><E101/><V25/><F25/><W5/><G5/><T26/><D26/><U42/><E87/><V107/><F107/><W88/><G28/><T54/><D67/><U52/><E42/><V58/><F129/><W49/><REACH who="3" step="1"/><G18/><REACH who="3" ten="250,250,250,240" step="2"/><T118/><D118/><U83/><E34/><V45/><F115/><W117/><G117/><T11/><D123/><U15/><E1/><V53/><F114/><W37/><G37/><T7/><D122/><U23/><E3/><V86/><F86/><W121/><G121/><T70/><D70/><U75/><E30/><V59/><REACH who="2" step="1"/><F13/><REACH who="2" ten="250,250,240,240" step="2"/><W104/><G104/><T62/><D14/><U126/><E15/><V111/><F111/><W77/><G77/><T41/><D79/><U68/><E12/><V29/><F29/><W78/><G78/><T125/><D76/><U19/><E126/><V73/><F73/><W63/><AGARI ba="0,2" hai="2,6,10,20,21,48,49,50,56,63,65,85,88,92" machi="63" ten="30,8000,1" yaku="1,1,0,1,52,2,54,1,53,0" doraHai="17" doraHaiUra="74" who="3" fromWho="3" sc="250,-40,250,-20,240,-20,240,100" /><INIT seed="1,0,0,1,0,72" ten="210,230,220,340" oya="1" hai0="15,112,101,51,43,120,80,69,12,117,49,8,92" hai1="111,58,78,82,74,116,83,48,99,125,67,13,134" hai2="60,10,57,135,40,104,47,11,126,3,115,108,66" hai3="55,76,113,2,37,31,56,122,61,96,133,35,103"/><U17/><E116/><V59/><F108/><W30/><G113/><T85/><D112/><U123/><E123/><V91/><F115/><W130/><G37/><T119/><D69/><U62/><E111/><V107/><F135/><W64/><G122/><T34/><D34/><U21/><E134/><V7/><F126/><W1/><G133/><T9/><D120/><U89/><E125/><V106/><F10/><W88/><G1/><T24/><D24/><U118/><E118/><V63/><F91/><W70/><G2/><T45/><D117/><U95/><E48/><V4/><F4/><W65/><G88/><N who="0" m="51239" /><D119/><U77/><E74/><V75/><F75/><W81/><G35/><T124/><D124/><U19/><E19/><V68/><REACH who="2" step="1"/><F60/><REACH who="2" ten="210,230,210,340" step="2"/><W54/><G61/><T71/><D8/><U20/><E20/><V5/><F5/><W84/><G103/><T53/><D9/><U38/><E38/><AGARI ba="0,1" hai="3,7,11,38,40,47,57,59,63,66,68,104,106,107" machi="38" ten="40,1300,0" yaku="1,1,53,0" doraHai="72" doraHaiUra="97" who="2" fromWho="1" sc="210,0,230,-13,210,23,340,0" /><INIT seed="2,0,0,2,0,37" ten="210,217,233,340" oya="2" hai0="101,117,10,122,135,123,1,102,108,60,32,93,22" hai1="43,104,59,26,57,107,54,97,4,14,42,9,81" hai2="119,68,134,82,52,61,56,78,0,113,72,91,114" hai3="7,88,85,63,87,58,40,15,48,124,125,53,129"/><V116/><F0/><W35/><G35/><T27/><D32/><U8/><E81/><V73/><F134/><W65/><G129/><T23/><D135/><U24/><E97/><V31/><F31/><W39/><G85/><T74/><D74/><U47/><E47/><V6/><F6/><W11/><G39/><T89/><D108/><U105/><E9/><V21/><F21/><W20/><G20/><T100/><D117/><U92/><E92/><V66/><F73/><W28/><G28/><T86/><D23/><U70/><E70/><V64/><F64/><W133/><G133/><T99/><D60/><U130/><E130/><V132/><F132/><W103/><G103/><T96/><D123/><U16/><E4/><V25/><F25/><W83/><REACH who="3" step="1"/><G40/><REACH who="3" ten="210,217,233,330" step="2"/><T5/><REACH who="0" step="1"/><D122/><REACH who="0" ten="200,217,233,330" step="2"/><U128/><E128/><V44/><F119/><W98/><G98/><T3/><D3/><U29/><E29/><AGARI ba="0,2" hai="1,5,10,22,27,29,86,89,93,96,99,100,101,102" machi="29" ten="40,5200,0" yaku="1,1,53,2" doraHai="37" doraHaiUra="95" who="0" fromWho="1" sc="200,72,217,-52,233,0,330,0" /><INIT seed="3,0,0,5,1,119" ten="272,165,233,330" oya="3" hai0="10,26,52,85,70,108,16,40,127,90,20,87,97" hai1="42,56,60,49,14,7,94,111,103,18,39,81,32" hai2="122,80,35,98,105,112,17,23,13,106,65,58,4" hai3="126,61,118,36,93,115,95,27,132,74,31,123,24"/><W113/><G118/><T46/><D70/><U117/><E117/><V109/><F112/><W22/><G36/><T120/><D120/><U128/><E128/><V55/><F109/><W64/><G123/><T51/><D127/><U6/><E111/><V57/><F35/><W92/><G126/><T25/><D108/><U104/><E104/><V71/><F80/><W2/><G2/><T48/><D10/><U134/><E39/><V3/><F71/><W8/><G74/><T79/><D79/><U29/><E134/><V69/><F69/><W82/><G82/><T67/><D67/><U43/><E81/><V110/><F110/><W1/><G132/><T135/><D135/><U91/><E103/><V63/><F98/><W124/><G124/><T15/><D97/><N who="1" m="57567" /><E29/><V41/><F41/><N who="1" m="15369" /><E49/><V83/><F83/><W9/><G27/><N who="0" m="10251" /><D90/><U116/><E32/><V38/><F38/><W121/><G121/><T54/><D40/><U30/><E30/><V129/><F129/><W11/><REACH who="3" step="1"/><G1/><REACH who="3" ten="272,165,233,320" step="2"/><T34/><D34/><U0/><E0/><V37/><F37/><W100/><G100/><T45/><AGARI ba="0,1" hai="15,16,20,45,46,48,51,52,54,85,87" m="10251" machi="45" ten="30,4000,0" yaku="8,1,54,2" doraHai="119" who="0" fromWho="0" sc="272,50,165,-10,233,-10,320,-20" /><INIT seed="4,0,0,5,3,70" ten="322,155,223,300" oya="0" hai0="100,43,97,27,54,94,129,77,74,80,41,61,115" hai1="106,67,31,16,75,53,104,10,9,33,38,98,12" hai2="32,72,63,82,24,13,69,87,126,58,59,15,90" hai3="125,60,8,52,135,68,89,34,57,76,112,128,134"/><T110/><D115/><U108/><E108/><V121/><F121/><W5/><G112/><T2/><D2/><U119/><E119/><V21/><F32/><W0/><G125/><T96/><D110/><U117/><E117/><V107/><F107/><W35/><G128/><T39/><D129/><U105/><E75/><V55/><F126/><W131/><G131/><T91/><D27/><U132/><E132/><N who="3" m="50730" /><G76/><T36/><D43/><U40/><E67/><V66/><F69/><W101/><G101/><T45/><D61/><U85/><E85/><V73/><F73/><W29/><G29/><T81/><D54/><U116/><E116/><V95/><F82/><W3/><G3/><T113/><D113/><U64/><E64/><V11/><F11/><W114/><G68/><T122/><D122/><U79/><E79/><V99/><F87/><W37/><G114/><T49/><REACH who="0" step="1"/><D80/><REACH who="0" ten="312,155,223,300" step="2"/><U109/><E53/><V111/><F111/><W71/><G0/><T18/><D18/><U4/><E109/><V133/><F133/><W6/><G52/><T62/><D62/><U20/><E31/><N who="2" m="17807" /><F72/><W124/><G60/><AGARI ba="0,1" hai="13,15,55,58,59,60,63,66,90,95,99" m="17807" machi="60" ten="30,1000,0" yaku="8,1" doraHai="70" who="2" fromWho="3" sc="312,0,155,0,223,20,300,-10" /><INIT seed="5,0,0,4,5,110" ten="312,155,243,290" oya="1" hai0="62,33,49,115,27,1,32,94,68,39,43,63,6" hai1="20,53,30,86,60,52,83,24,96,4,99,37,9" hai2="15,84,95,75,77,102,21,78,35,38,121,116,57" hai3="11,72,0,41,2,16,51,76,17,45,28,7,132"/><U104/><E37/><V36/><F35/><W73/><G132/><T92/><D39/><U122/><E122/><V58/><F121/><W98/><G2/><T112/><D1/><U129/><E129/><V50/><F116/><W10/><G28/><N who="0" m="19487" /><D6/><U127/><E127/><V89/><F102/><W130/><G130/><T65/><D33/><U87/><E104/><V123/><F123/><W113/><G113/><N who="0" m="43595" /><D63/><U19/><E30/><V124/><F124/><W133/><G17/><T25/><D25/><U85/><E83/><V46/><F38/><W5/><G16/><T12/><D12/><N who="1" m="5159" /><E60/><V13/><F13/><W120/><G51/><T42/><D49/><U54/><AGARI ba="0,0" hai="19,20,24,52,53,54,85,86,87,96,99" m="5159" machi="54" ten="30,3000,0" yaku="8,1,54,1" doraHai="110" who="1" fromWho="1" sc="312,-10,155,30,243,-10,290,-10" /><INIT seed="5,1,0,3,1,19" ten="302,185,233,280" oya="1" hai0="76,65,113,32,52,41,47,27,94,54,30,26,15" hai1="102,14,70,21,34,128,110,88,123,56,72,6,59" hai2="86,60,118,121,92,61,82,22,9,68,115,44,40" hai3="130,35,73,122,5,0,111,39,101,24,62,117,75"/><U107/><E123/><V87/><F121/><W12/><G12/><T95/><D113/><U29/><E70/><V50/><F118/><W91/><G91/><T98/><D65/><U36/><E36/><V13/><F115/><W58/><G101/><T69/><D69/><U57/><E72/><V43/><F68/><W20/><G58/><T127/><D76/><U3/><E110/><V48/><F92/><W67/><G62/><T80/><D80/><U11/><E128/><V125/><F125/><W114/><G24/><T16/><D127/><U31/><E88/><V126/><F126/><W55/><G73/><T83/><D83/><U37/><E37/><V89/><F86/><W17/><G39/><T85/><D85/><U120/><E120/><V119/><F119/><W33/><G75/><T135/><D135/><U8/><E34/><V106/><F106/><W77/><G35/><T104/><D104/><U112/><E112/><V28/><F48/><W18/><G33/><T97/><D94/><U51/><E51/><V4/><F43/><W134/><G77/><T124/><D124/><U2/><E21/><V25/><AGARI ba="1,0" hai="4,9,13,22,25,28,40,44,50,60,61,82,87,89" machi="25" ten="30,4000,0" yaku="0,1,8,1,52,1" doraHai="19" who="2" fromWho="2" sc="302,-11,185,-21,233,43,280,-11" /><INIT seed="6,0,0,0,4,92" ten="291,164,276,269" oya="2" hai0="100,40,105,126,109,61,91,22,64,23,12,51,128" hai1="84,13,114,67,134,21,106,115,96,39,117,63,95" hai2="72,59,65,9,4,101,135,36,53,54,75,10,26" hai3="107,129,80,44,102,89,33,77,28,60,17,14,49"/><V103/><F36/><W56/><G129/><T112/><D109/><U55/><E117/><V48/><F135/><W99/><G89/><T6/><D128/><U42/><E134/><V79/><F65/><W68/><G68/><T88/><D112/><N who="1" m="43051" /><E42/><V31/><F9/><W70/><G70/><T110/><D110/><U50/><E39/><V124/><F124/><W125/><G125/><T113/><D126/><U52/><E84/><V8/><F8/><W71/><G71/><T83/><D113/><U29/><E106/><V19/><F19/><W78/><G28/><T24/><D100/><N who="1" m="60447" /><E50/><V35/><F54/><N who="1" m="20521" /><E29/><V122/><F122/><W5/><G102/><T127/><D105/><U93/><E93/><V20/><F35/><W120/><G80/><T41/><D83/><U132/><E132/><V3/><F79/><W97/><G77/><T121/><D121/><U90/><E90/><N who="0" m="34345" /><D51/><U104/><E104/><V7/><F7/><W94/><G107/><T116/><D116/><U66/><E63/><V62/><F48/><W118/><G49/><T15/><D127/><U123/><E123/><V69/><F69/><W74/><G60/><T85/><D85/><U81/><E81/><V1/><F3/><W27/><G120/><T57/><D41/><U46/><E46/><V87/><F87/><W133/><G44/><T108/><D40/><U0/><E0/><V86/><F86/><W25/><G133/><T45/><D45/><U43/><E43/><V16/><F31/><W38/><G38/><T111/><D61/><U11/><E21/><V130/><F130/><W30/><G118/><RYUUKYOKU ba="0,0" sc="291,-15,164,15,276,15,269,-15" hai1="11,13,66,67" hai2="1,4,10,16,20,26,53,59,62,72,75,101,103" /><INIT seed="6,1,0,2,3,4" ten="276,179,291,254" oya="2" hai0="68,109,36,21,3,92,86,19,56,130,96,74,115" hai1="133,20,104,55,73,34,70,88,127,117,12,33,79" hai2="39,7,95,16,81,24,93,45,27,119,97,40,14" hai3="13,0,107,50,63,113,65,72,124,77,46,121,94"/><V8/><F119/><W112/><G107/><T102/><D74/><U23/><E79/><V87/><F7/><W100/><G0/><T1/><D68/><U41/><E73/><V82/><F95/><W128/><G121/><T49/><D36/><U64/><E41/><V125/><F125/><W58/><G128/><T114/><D130/><U91/><E104/><V48/><F39/><W26/><G124/><T111/><D86/><U62/><E127/><V66/><F66/><W85/><G72/><T89/><D102/><U28/><E117/><V108/><F108/><W25/><G13/><N who="0" m="9455" /><D1/><U80/><E133/><V126/><F126/><W134/><G134/><T15/><D3/><U10/><E55/><V32/><F32/><W132/><G132/><T17/><D56/><U2/><E2/><V69/><F69/><W51/><G51/><T75/><D49/><U103/><E103/><N who="2" m="60847" /><F81/><N who="3" m="47279" /><G94/><T123/><D123/><U43/><E43/><V31/><F31/><W52/><G100/><T71/><D71/><U18/><E34/><V9/><F9/><W84/><G84/><T35/><D35/><U6/><E80/><V106/><F106/><W29/><G29/><T42/><D42/><U54/><E54/><V5/><F5/><W37/><G37/><T76/><D75/><U129/><E129/><V99/><F99/><W98/><G98/><T22/><D76/><AGARI ba="1,0" hai="8,14,16,24,27,40,45,48,76,82,87" m="60847" machi="76" ten="30,5800,0" yaku="8,1,52,1,54,1" doraHai="4" who="2" fromWho="0" sc="276,-61,179,0,291,61,254,0" /><BYE who="0" /><INIT seed="6,2,0,2,0,48" ten="215,179,352,254" oya="2" hai0="117,93,55,70,110,31,7,80,3,4,60,2,65" hai1="8,119,78,30,17,16,75,103,13,86,129,33,20" hai2="124,91,57,35,106,14,79,18,104,62,121,68,82" hai3="127,81,22,123,98,44,126,53,38,83,21,6,52"/><V109/><F121/><UN n0="%E3%82%AF%E3%83%AD%E3%83%8E%E3%82%B9%40" /><W9/><G123/><T105/><D105/><U32/><E119/><V135/><F35/><W51/><G38/><T61/><D110/><U130/><E75/><V23/><F109/><W15/><G98/><T34/><D117/><U88/><E78/><V41/><F68/><W134/><G134/><T56/><D80/><N who="3" m="30793" /><G53/><T111/><D111/><U66/><E103/><V72/><F135/><W28/><G28/><T95/><D31/><U27/><E66/><V102/><F124/><AGARI ba="2,0" hai="6,9,15,21,22,44,51,52,124,126,127" m="30793" machi="124" ten="30,3900,0" yaku="18,1,52,1,54,1" doraHai="48" who="3" fromWho="2" sc="215,0,179,0,352,-45,254,45" /><INIT seed="7,0,0,4,3,106" ten="215,179,307,299" oya="3" hai0="59,125,6,131,84,98,2,23,31,115,114,49,20" hai1="110,36,50,21,47,75,118,9,76,10,111,92,61" hai2="126,132,33,116,133,89,66,93,8,124,109,81,123" hai3="40,122,129,11,100,73,19,130,120,79,60,95,26"/><W24/><G40/><T69/><D69/><U39/><E118/><V121/><F33/><W71/><G73/><T70/><D70/><U80/><E61/><V97/><F116/><W101/><G79/><T13/><D131/><N who="3" m="50185" /><G11/><N who="0" m="4343" /><D2/><U44/><E21/><V1/><F66/><N who="3" m="41415" /><G19/><T72/><D72/><U35/><E35/><V99/><F109/><W102/><G95/><T53/><D31/><U83/><E92/><V108/><F108/><W68/><G68/><T107/><D125/><N who="2" m="48234" /><F81/><W65/><G65/><T96/><D107/><U67/><E67/><V15/><F1/><W56/><G56/><T48/><D115/><U74/><E76/><V94/><F94/><W103/><G103/><T0/><D0/><U77/><E77/><V28/><F28/><W134/><G134/><N who="2" m="51817" /><F97/><W29/><G29/><T5/><D98/><U104/><E104/><V112/><F112/><W57/><G57/><N who="0" m="32935" /><D96/><U135/><E135/><V17/><AGARI ba="0,0" hai="8,15,17,89,93,99,121,123" m="51817,48234" machi="17" ten="40,2700,0" yaku="18,1,20,1" doraHai="106" who="2" fromWho="2" sc="215,-7,179,-7,307,27,299,-13" owari="208,-19.0,172,-33.0,334,43.0,286,9.0" /></mjloggm>