<mjloggm ver="2.3"><GO type="169" lobby="0"/><UN n0="%E9%A2%A8%E6%B4%A5%E9%81%93" n1="%E3%82%A6%E3%83%AB%E3%83%88%E3%83%A9%E7%AB%8B%E7%9B%B4" n2="%65%76%40" n3="%E9%96%8B%E9%81%8B%E5%BE%A1%E5%AE%88" dan="16,17,16,17" rate="2040.13,2146.08,2036.23,2179.81" sx="M,M,M,M"/><TAIKYOKU oya="0"/><INIT seed="0,0,0,0,3,4" ten="250,250,250,250" oya="0" hai0="60,68,129,20,105,67,109,96,135,37,16,126,84" hai1="26,121,133,75,2,24,47,69,3,53,27,61,0" hai2="127,7,114,64,128,70,118,134,30,49,117,10,63" hai3="31,46,132,22,34,74,62,21,13,43,100,44,72"/><T48/><D37/><U120/><E75/><V93/><F114/><W35/><G132/><T76/><D126/><U90/><E133/><V86/><F134/><W33/><G100/><T82/><D135/><U23/><E90/><N who="2" m="53463" /><F127/><W18/><G62/><T40/><D129/><U66/><E23/><V56/><F30/><W38/><REACH who="3" step="1"/><G46/><REACH who="3" ten="250,250,250,240" step="2"/><T85/><D60/><U81/><E47/><V65/><F128/><W17/><G17/><T83/><D16/><U95/><E61/><V98/><F63/><W73/><G73/><T130/><D130/><U32/><E66/><V106/><F64/><W125/><G125/><T50/><D67/><U51/><E69/><V52/><F65/><W92/><G92/><T80/><D68/><U110/><E95/><V59/><F70/><W88/><G88/><T45/><D45/><U6/><E81/><V102/><F102/><W123/><G123/><T107/><D80/><U71/><E71/><V91/><F106/><W111/><G111/><T8/><D109/><U113/><E110/><V29/><F91/><W78/><G78/><T12/><D76/><U41/><E120/><V19/><F19/><W131/><G131/><T42/><D107/><U11/><E121/><V115/><F29/><W104/><G104/><T79/><D105/><U101/><E101/><V57/><F115/><W94/><G94/><T124/><D124/><U28/><E113/><V14/><F98/><W39/><G39/><T5/><D96/><U87/><E87/><V77/><F77/><W25/><AGARI ba="0,1" hai="13,18,21,22,25,31,33,34,35,38,43,44,72,74" machi="25" ten="40,2700,0" yaku="1,1,0,1,53,0" doraHai="4" doraHaiUra="55" who="3" fromWho="3" sc="250,-13,250,-7,250,-7,240,37" /><INIT seed="1,0,0,0,0,107" ten="237,243,243,277" oya="1" hai0="59,104,83,32,35,53,101,42,57,125,120,74,100" hai1="90,21,114,37,76,28,105,124,54,62,70,7,85" hai2="94,71,10,103,102,39,92,99,110,27,3,65,69" hai3="17,87,20,2,72,16,64,25,123,130,97,50,98"/><U43/><E114/><V81/><F39/><W34/><G2/><T95/><D104/><U48/><E105/><V66/><F81/><W19/><G123/><T126/><D120/><U18/><E124/><N who="0" m="47721" /><D42/><U115/><E115/><V23/><F3/><W11/><G34/><N who="0" m="12843" /><D95/><U88/><E28/><V112/><F112/><W24/><G64/><T80/><D74/><U5/><E37/><V29/><F10/><W127/><G127/><T12/><D12/><U68/><E68/><V40/><F40/><W122/><G122/><T0/><D0/><U26/><E70/><V113/><F113/><W132/><G132/><T67/><D67/><U77/><E90/><V109/><F99/><W75/><G72/><T78/><D78/><N who="1" m="30315" /><E43/><V22/><F27/><W46/><G98/><T44/><D44/><N who="1" m="27911" /><E62/><V118/><REACH who="2" step="1"/><F29/><REACH who="2" ten="237,243,233,277" step="2"/><W82/><G97/><T8/><D8/><U15/><E26/><V61/><F61/><W30/><G25/><T31/><D31/><U108/><E108/><V38/><F38/><W133/><G11/><T33/><N who="0" m="12851" /><T49/><DORA hai="117" /><D80/><AGARI ba="0,1" hai="5,7,15,18,21,80,85,88" m="27911,30315" machi="80" ten="30,2900,0" yaku="8,1,54,1" doraHai="107,117" who="1" fromWho="0" sc="237,-29,243,39,233,0,277,0" /><INIT seed="1,1,0,3,4,71" ten="208,282,233,277" oya="1" hai0="7,86,63,26,19,25,121,47,103,68,74,23,107" hai1="128,43,50,10,69,44,117,42,52,31,56,77,130" hai2="131,40,94,81,112,66,45,36,76,84,100,18,92" hai3="114,22,60,59,93,111,5,17,119,122,99,75,3"/><U13/><E69/><V33/><F33/><W73/><G111/><T1/><D74/><U62/><E117/><V49/><F131/><W127/><G127/><T46/><D121/><U87/><E31/><V21/><F66/><W27/><G114/><T28/><D7/><U29/><E29/><V116/><F116/><W2/><G122/><T41/><D1/><U101/><E101/><V57/><F112/><W120/><G120/><T133/><D133/><U14/><E43/><V4/><F4/><W97/><G97/><N who="0" m="61935" /><D86/><U110/><E110/><V11/><F11/><W24/><G24/><T65/><D41/><U38/><E50/><V48/><F100/><W34/><G34/><AGARI ba="1,0" hai="19,23,25,26,28,34,46,47,63,65,68" m="61935" machi="34" ten="30,1000,0" yaku="25,1" doraHai="71" who="0" fromWho="3" sc="208,13,282,0,233,0,277,-13" /><INIT seed="2,0,0,4,1,41" ten="221,282,233,264" oya="2" hai0="97,4,109,38,28,44,122,131,24,5,98,40,93" hai1="54,75,37,107,127,58,135,128,14,80,99,39,116" hai2="7,106,67,21,18,60,76,46,3,11,50,102,17" hai3="91,57,126,56,133,120,81,96,30,110,115,84,88"/><V134/><F76/><W112/><G120/><T62/><D122/><U22/><E116/><V85/><F134/><W68/><G68/><T26/><D109/><U114/><E114/><N who="3" m="43562" /><G110/><T79/><D131/><U105/><E128/><V125/><F125/><W13/><G133/><T48/><D79/><U92/><E135/><V124/><F124/><W77/><G126/><T6/><D38/><U63/><E127/><V69/><F85/><N who="3" m="48303" /><G30/><T45/><D62/><U2/><E2/><V118/><F118/><W16/><G96/><T72/><D72/><U15/><E105/><V132/><F132/><W52/><G84/><T121/><D121/><U74/><E107/><V111/><F111/><W31/><G31/><T55/><D28/><U53/><E75/><V9/><F9/><N who="3" m="6191" /><G57/><N who="0" m="32999" /><D40/><U42/><E42/><V78/><F78/><W94/><G94/><T66/><D98/><U10/><E92/><V113/><F106/><W103/><G103/><N who="0" m="60847" /><D66/><U49/><E99/><V43/><F102/><W129/><G129/><T108/><D108/><U34/><E74/><V59/><F113/><W104/><G104/><T73/><D73/><U8/><E80/><V70/><REACH who="2" step="1"/><F18/><REACH who="2" ten="221,282,223,264" step="2"/><W65/><G65/><T130/><D130/><U89/><E8/><V86/><F86/><W20/><G20/><T33/><D33/><U82/><E34/><V12/><AGARI ba="0,1" hai="3,7,11,12,17,21,43,46,50,59,60,67,69,70" machi="12" ten="20,7800,0" yaku="1,1,0,1,7,1,52,1,53,0" doraHai="41" doraHaiUra="23" who="2" fromWho="2" sc="221,-26,282,-26,223,88,264,-26" /><INIT seed="2,1,0,1,3,86" ten="195,256,311,238" oya="2" hai0="108,130,100,72,5,63,78,59,39,124,118,17,41" hai1="128,92,88,4,45,93,33,111,53,3,110,15,26" hai2="28,120,43,133,73,44,19,68,36,99,134,84,90" hai3="23,30,49,64,117,1,82,101,95,11,42,102,126"/><V52/><F68/><W103/><G117/><T14/><D108/><N who="1" m="41515" /><E3/><V96/><F73/><W71/><G71/><T61/><D124/><U107/><E107/><V89/><F120/><W6/><G126/><T55/><D130/><U27/><E128/><V21/><F28/><W8/><G64/><T47/><D118/><U135/><E135/><N who="2" m="51723" /><F52/><W10/><G1/><T116/><D116/><U48/><E93/><N who="2" m="54439" /><F90/><W65/><G65/><T9/><D100/><U121/><E121/><V119/><F119/><W58/><G82/><T129/><D129/><U62/><E33/><V94/><F94/><W104/><G104/><T131/><D131/><U16/><E62/><V50/><F50/><W91/><G42/><T2/><D63/><U97/><E4/><V7/><F7/><W67/><G6/><T13/><D17/><U79/><E79/><V12/><AGARI ba="1,0" hai="12,19,21,36,43,44,96,99" m="54439,51723" machi="12" ten="30,3000,0" yaku="20,1,52,1" doraHai="86" who="2" fromWho="2" sc="195,-11,256,-11,311,33,238,-11" /><INIT seed="2,2,0,4,0,75" ten="184,245,344,227" oya="2" hai0="51,82,6,100,71,4,92,2,72,124,22,123,91" hai1="131,113,59,115,20,89,10,13,56,48,29,87,105" hai2="37,85,101,50,132,114,35,93,54,66,122,3,7" hai3="61,40,27,81,112,106,43,116,12,128,23,102,84"/><V30/><F37/><W41/><G116/><T79/><D123/><U34/><E34/><V90/><F66/><W21/><G128/><T15/><D71/><U64/><E131/><V118/><F122/><W49/><G112/><T28/><D2/><U96/><E56/><V86/><F114/><W78/><G61/><T68/><D68/><U70/><E70/><V11/><F132/><W129/><G129/><T103/><D124/><U16/><E105/><V94/><F101/><W109/><G109/><T77/><D51/><U67/><E96/><V135/><F135/><W63/><G63/><T0/><D0/><U104/><E104/><V42/><F42/><W53/><G102/><N who="0" m="38955" /><D72/><U24/><E115/><V107/><F107/><W1/><G106/><T99/><D82/><N who="1" m="49399" /><E113/><V8/><F118/><W46/><G1/><T31/><D6/><U95/><E95/><V88/><F3/><W32/><G32/><T26/><D31/><U119/><E119/><V127/><F127/><W44/><G44/><T76/><D4/><U60/><E48/><V120/><F120/><W39/><G39/><T33/><D33/><U45/><E45/><V134/><F7/><W9/><REACH who="3" step="1"/><G27/><REACH who="3" ten="184,245,344,217" step="2"/><T65/><D15/><U36/><E36/><V52/><F134/><W110/><G110/><T130/><D130/><U121/><E121/><V55/><F50/><W73/><G73/><T18/><D65/><AGARI ba="2,1" hai="10,13,16,20,24,29,59,60,64,65,67" m="49399" machi="65" ten="30,2000,0" yaku="8,1,54,1" doraHai="75" who="1" fromWho="0" sc="184,-26,245,36,344,0,217,0" /><INIT seed="3,0,0,4,5,4" ten="158,281,344,217" oya="3" hai0="15,124,99,69,10,135,94,14,97,17,1,86,30" hai1="50,46,131,75,63,59,66,130,95,84,25,132,88" hai2="44,129,51,39,31,134,92,42,35,32,119,19,41" hai3="21,117,116,120,101,55,100,56,37,109,38,40,20"/><W73/><G73/><T49/><D69/><U111/><E111/><V3/><F3/><W36/><G120/><T85/><D1/><U47/><E132/><V33/><F134/><W118/><G40/><T5/><D135/><U9/><E75/><V43/><F119/><W107/><G107/><T2/><D124/><U105/><E105/><V64/><F64/><W57/><G109/><T115/><D115/><U80/><E25/><V91/><F129/><N who="1" m="49161" /><E50/><V53/><F39/><W96/><G96/><T12/><D30/><U114/><E114/><V128/><F128/><W93/><G93/><T113/><D113/><U77/><E9/><V29/><REACH who="2" step="1"/><F19/><REACH who="2" ten="158,281,334,217" step="2"/><W11/><G38/><T54/><D17/><U106/><E106/><V13/><F13/><W82/><G37/><T65/><D65/><U78/><E78/><V71/><F71/><W18/><G36/><T125/><D125/><U81/><E80/><V127/><F127/><W74/><G82/><T16/><D16/><U60/><E81/><V104/><F104/><W34/><G18/><T7/><D5/><U23/><E77/><V52/><F52/><W102/><G55/><T6/><D7/><U112/><E112/><V87/><AGARI ba="0,1" hai="29,31,32,33,35,41,42,43,44,51,53,87,91,92" machi="87" ten="40,8000,1" yaku="1,1,0,1,53,2" doraHai="4" doraHaiUra="26" who="2" fromWho="2" sc="158,-20,281,-20,334,90,217,-40" /><INIT seed="4,0,0,3,1,123" ten="138,261,424,177" oya="0" hai0="12,53,32,121,104,95,117,62,66,20,61,3,112" hai1="94,26,82,43,56,27,18,2,47,30,135,33,68" hai2="98,60,86,79,110,49,67,105,73,99,106,6,4" hai3="40,42,0,10,80,101,41,36,65,72,89,17,84"/><T28/><D117/><U25/><E68/><V1/><F73/><W15/><G0/><T119/><D119/><U55/><E135/><V114/><F49/><W132/><G132/><T108/><D121/><U125/><E125/><V7/><F79/><W109/><G65/><T113/><D3/><U107/><E107/><V51/><F51/><W21/><G36/><T115/><D104/><U90/><E82/><V57/><F86/><W45/><G72/><T118/><D118/><U92/><E2/><V44/><F44/><W120/><G120/><T126/><D126/><U59/><E92/><V69/><F69/><W100/><G109/><T9/><D32/><U103/><E103/><N who="3" m="39498" /><G45/><T83/><D108/><U24/><E18/><V122/><F110/><W23/><AGARI ba="0,0" hai="10,15,17,21,23,40,41,42,80,84,89" m="39498" machi="23" ten="30,1100,0" yaku="8,1" doraHai="123" who="3" fromWho="3" sc="138,-5,261,-3,424,-3,177,11" /><INIT seed="5,0,0,0,1,19" ten="133,258,421,188" oya="1" hai0="117,115,84,73,60,75,122,131,28,59,56,47,18" hai1="38,48,41,27,77,120,111,45,106,130,108,133,116" hai2="81,83,33,9,119,61,2,127,8,32,66,105,15" hai3="92,121,100,55,118,3,70,5,89,87,101,31,11"/><U7/><E120/><V102/><F119/><W124/><G121/><T95/><D117/><U76/><E116/><V50/><F50/><W1/><G1/><T88/><D122/><U39/><E106/><V29/><F2/><W97/><G118/><T34/><D115/><U64/><E7/><V132/><F9/><W14/><G70/><T93/><D131/><U44/><E130/><V62/><F62/><W26/><G124/><T36/><D95/><U23/><E64/><V109/><F33/><W63/><G3/><T125/><D125/><U16/><E133/><V25/><F109/><N who="1" m="42057" /><E39/><V12/><F12/><W104/><G104/><T58/><D60/><U6/><E6/><V80/><F132/><W52/><G63/><T114/><D114/><U99/><E99/><N who="2" m="61663" /><F81/><W72/><G72/><T20/><D28/><U135/><E135/><V40/><F40/><AGARI ba="0,0" hai="16,23,27,38,40,41,44,45,48,76,77" m="42057" machi="40" ten="30,5800,0" yaku="10,1,52,1,54,1" doraHai="19" who="1" fromWho="2" sc="133,0,258,58,421,-58,188,0" /><INIT seed="5,1,0,0,3,80" ten="133,316,363,188" oya="1" hai0="130,66,21,8,98,36,46,133,44,111,123,29,75" hai1="110,113,95,82,6,13,69,2,40,71,73,22,17" hai2="0,132,9,3,32,20,126,53,41,55,101,26,114" hai3="92,50,61,107,18,88,99,91,48,60,105,74,16"/><U76/><E113/><V127/><F32/><W121/><G74/><T7/><D111/><U56/><E110/><V12/><F41/><W117/><G121/><T28/><D75/><U106/><E106/><V72/><F72/><W89/><G117/><T38/><D130/><U30/><E30/><V78/><F78/><W96/><G91/><T90/><D133/><U94/><E56/><V109/><F109/><W10/><G10/><T11/><D90/><U115/><E115/><V57/><F114/><W84/><G92/><T37/><D21/><U54/><E54/><V45/><F45/><N who="0" m="17514" /><D98/><U83/><E40/><V77/><F101/><W87/><AGARI ba="1,0" hai="16,18,48,50,60,61,84,87,88,89,96,99,105,107" machi="87" ten="25,12000,2" yaku="0,1,22,2,52,2,54,2" doraHai="80" who="3" fromWho="3" sc="133,-31,316,-61,363,-31,188,123" /><INIT seed="6,0,0,4,0,46" ten="102,255,332,311" oya="2" hai0="96,105,30,87,7,76,78,91,100,116,134,6,3" hai1="71,86,40,11,102,66,104,4,129,107,60,14,113" hai2="74,51,54,94,33,117,90,15,73,29,23,65,83" hai3="44,93,45,0,89,59,126,28,120,36,27,8,132"/><V135/><F33/><W16/><G120/><T131/><D3/><U92/><E129/><V39/><F39/><W115/><G126/><T106/><D30/><U21/><E113/><V68/><F117/><W79/><G79/><N who="0" m="30251" /><D6/><U97/><E86/><V17/><F29/><W88/><G132/><T24/><D24/><U20/><E20/><V109/><F135/><W1/><G115/><T5/><D7/><U10/><E10/><V19/><F83/><W26/><G8/><T63/><D63/><U38/><E38/><V41/><F41/><W18/><G59/><T127/><D5/><U82/><E82/><V85/><F109/><W67/><G36/><T128/><D134/><U72/><E72/><V101/><F101/><W81/><G28/><T42/><D42/><U9/><E40/><V52/><F54/><W98/><G67/><T57/><D57/><U80/><E11/><V32/><F32/><W111/><G111/><T69/><D69/><U130/><E21/><V35/><F35/><W119/><G119/><T123/><D116/><U112/><E112/><V47/><F19/><N who="3" m="7211" /><G1/><T25/><D25/><N who="3" m="9225" /><G0/><T114/><D114/><U49/><E14/><V55/><REACH who="2" step="1"/><F55/><REACH who="2" ten="102,255,322,311" step="2"/><W118/><G118/><T70/><D127/><U48/><E4/><V31/><F31/><W34/><G34/><T99/><D123/><U13/><E13/><V125/><F125/><W50/><G81/><N who="0" m="49647" /><D70/><U84/><E71/><V122/><F122/><W77/><G77/><T22/><D22/><U75/><E9/><V64/><F64/><W37/><G37/><T108/><D108/><U58/><E66/><RYUUKYOKU ba="0,1" sc="102,15,255,-15,322,15,311,-15" hai0="96,99,100,105,106,128,131" hai2="15,17,23,47,51,52,65,68,73,74,85,90,94" /><INIT seed="6,1,1,2,5,3" ten="117,240,337,296" oya="2" hai0="101,87,16,44,134,14,15,107,88,65,111,125,117" hai1="0,81,114,58,2,68,17,124,97,98,132,51,79" hai2="130,18,47,55,92,100,64,22,96,5,86,26,69" hai3="103,67,38,89,70,105,74,104,106,49,57,56,48"/><V12/><F130/><W91/><G74/><T25/><D111/><U13/><E68/><V94/><F69/><W84/><G38/><T123/><D123/><U1/><E114/><V75/><F75/><W85/><G70/><T32/><D125/><U45/><E58/><V24/><F64/><W59/><G67/><T99/><D134/><U11/><E124/><V115/><F115/><W39/><G39/><T102/><D117/><U35/><E35/><V62/><F5/><W54/><G103/><T63/><D101/><U82/><E132/><V121/><F121/><W119/><G54/><T21/><D32/><U93/><E79/><V113/><F113/><W90/><G119/><T66/><D44/><U126/><E126/><V28/><F28/><W73/><G73/><T60/><D66/><U112/><E112/><V7/><F7/><W53/><G53/><T34/><D34/><U37/><E37/><V61/><F61/><W127/><G127/><T133/><D133/><U20/><E20/><V23/><F23/><W42/><G42/><T29/><D65/><U72/><E72/><V78/><F78/><W30/><G30/><T36/><D36/><U116/><E116/><V135/><F135/><W83/><G83/><N who="1" m="31754" /><E93/><V10/><F22/><W50/><AGARI ba="1,1" hai="48,49,50,56,57,59,84,85,89,90,91,104,105,106" machi="50" ten="50,32000,5" yakuman="40" doraHai="3" who="3" fromWho="3" sc="117,-81,240,-81,337,-161,296,333" /><INIT seed="7,0,0,0,2,52" ten="36,159,176,629" oya="3" hai0="131,15,103,111,96,113,39,10,4,69,122,98,79" hai1="85,71,125,2,62,124,18,61,31,116,119,132,82" hai2="43,86,25,127,91,9,114,67,16,68,121,110,105" hai3="92,117,78,35,128,50,80,55,34,19,115,101,12"/><W73/><G117/><N who="1" m="45130" /><E132/><V6/><F105/><W134/><G134/><T22/><D111/><U72/><E2/><V58/><F114/><W94/><G115/><T93/><D113/><U74/><E18/><V46/><F68/><W26/><G26/><T95/><D122/><U40/><E40/><V48/><F121/><W32/><G128/><T24/><D39/><U88/><E31/><V38/><F110/><W63/><G63/><N who="1" m="24074" /><E71/><V83/><F127/><AGARI ba="0,0" hai="72,74,82,85,88,124,125,127" m="24074,45130" machi="127" ten="30,3900,0" yaku="18,1,12,1,54,1" doraHai="52" who="1" fromWho="2" sc="36,0,159,39,176,-39,629,0" owari="36,-46.0,198,0.0,137,-26.0,629,72.0" /></mjloggm>