<mjloggm ver="2.3"><GO type="41" lobby="0"/><UN n0="%E5%B0%B1%E6%B4%BB%E7%94%9F%40%E5%B7%9D%E6%9D%91%E8%BB%8D%E5%9B%A3" n1="%E3%83%8B%E3%83%A3%E3%83%B3%E3%82%B3%E3%83%AD%E3%83%A2%E3%83%81" n2="%E3%82%B9%E3%82%AC" n3="%54%61%49%7A%4F" dan="15,13,14,13" rate="2025.30,1993.53,1944.96,1834.95" sx="M,M,M,M"/><TAIKYOKU oya="0"/><INIT seed="0,0,0,0,5,14" ten="250,250,250,250" oya="0" hai0="112,66,87,106,109,22,50,55,59,105,45,104,57" hai1="113,93,94,101,85,97,23,38,11,30,83,90,73" hai2="129,40,4,58,2,98,69,29,114,44,62,5,3" hai3="35,88,31,86,39,53,78,122,15,46,108,121,115"/><T28/><D112/><U13/><E113/><V63/><F129/><W37/><G115/><T100/><D100/><U20/><E38/><V110/><F69/><W8/><G78/><T24/><D109/><U71/><E71/><V84/><F29/><W82/><G108/><T34/><D66/><U77/><REACH who="1" step="1"/><E30/><REACH who="1" ten="250,240,250,250" step="2"/><V119/><F114/><W18/><G31/><T61/><D34/><U12/><E12/><V117/><F110/><W81/><G35/><T67/><REACH who="0" step="1"/><D87/><REACH who="0" ten="240,240,250,250" step="2"/><U96/><E96/><V127/><F84/><W133/><G133/><T17/><D17/><AGARI ba="0,2" hai="11,13,17,20,23,73,77,83,85,90,93,94,97,101" machi="17" ten="30,3900,0" yaku="1,1,7,1,52,1,53,0" doraHai="14" doraHaiUra="49" who="1" fromWho="0" sc="240,-39,240,59,250,0,250,0" /><INIT seed="1,0,0,2,3,1" ten="201,299,250,250" oya="1" hai0="91,66,40,24,33,88,123,38,78,46,30,128,115" hai1="2,9,34,134,119,20,93,116,86,16,36,18,15" hai2="72,60,43,41,7,118,63,133,106,14,27,90,109" hai3="83,76,21,71,92,61,113,0,13,111,19,55,87"/><U12/><E36/><V35/><F106/><W8/><G113/><T80/><D115/><U29/><E86/><V62/><F72/><W79/><G111/><T5/><D123/><U69/><E69/><V84/><F118/><N who="1" m="45097" /><E93/><V122/><F133/><W39/><G39/><T126/><D126/><U132/><E2/><V28/><F109/><W81/><G92/><T3/><D66/><U6/><E18/><V97/><F97/><W52/><G71/><T45/><D45/><U103/><E103/><V85/><F122/><W32/><G32/><T49/><D49/><U50/><E50/><V57/><F57/><W117/><G117/><T99/><D99/><U51/><E51/><V10/><REACH who="2" step="1"/><F84/><REACH who="2" ten="201,299,240,250" step="2"/><W104/><G104/><T82/><D128/><U100/><E100/><V26/><F26/><AGARI ba="0,1" hai="6,9,12,15,16,20,26,29,34,132,134" m="45097" machi="26" ten="30,11600,0" yaku="34,2,52,1,54,1" doraHai="1" who="1" fromWho="2" sc="201,0,299,126,240,-116,250,0" /><INIT seed="1,1,0,1,0,94" ten="201,425,124,250" oya="1" hai0="103,125,11,34,134,53,17,27,85,38,131,135,115" hai1="88,22,97,116,30,65,80,121,114,29,47,25,21" hai2="122,90,110,89,99,118,66,55,26,93,75,49,62" hai3="60,104,50,56,61,68,79,128,9,102,76,105,7"/><U83/><E114/><V126/><F122/><W36/><G128/><T130/><D38/><U109/><E121/><V33/><F118/><W16/><G36/><T84/><D115/><U18/><E116/><V117/><F117/><W81/><G76/><T112/><D112/><U6/><E109/><V67/><F110/><W119/><G119/><T5/><D103/><U59/><E6/><V28/><F75/><W42/><G68/><T12/><D53/><U44/><E29/><V41/><F41/><W15/><G105/><T23/><D85/><U71/><E71/><V54/><F126/><W45/><G104/><T46/><D46/><N who="1" m="17451" /><E59/><V3/><F3/><W58/><G102/><T10/><D84/><U123/><E65/><V113/><F113/><W32/><G32/><T87/><D87/><U101/><E101/><V106/><F106/><W57/><REACH who="3" step="1"/><G7/><REACH who="3" ten="201,425,124,240" step="2"/><N who="0" m="3167" /><D34/><U4/><E4/><V51/><F33/><W127/><G127/><T0/><D125/><U124/><E124/><V63/><F89/><W107/><G107/><T40/><D40/><U43/><E43/><V100/><F90/><W129/><G129/><AGARI ba="1,1" hai="0,5,11,17,23,27,129,130,131,134,135" m="3167" machi="129" ten="30,3900,0" yaku="19,1,34,2" doraHai="94" who="0" fromWho="3" sc="201,52,425,0,124,0,240,-42" /><INIT seed="2,0,0,3,4,109" ten="253,425,124,198" oya="2" hai0="21,86,98,92,99,40,27,57,74,47,120,81,42" hai1="111,96,82,25,129,51,28,35,104,133,106,58,115" hai2="14,93,80,100,125,102,83,134,24,8,77,29,123" hai3="68,114,65,2,85,72,43,26,79,38,121,67,63"/><V32/><F123/><W4/><G85/><T54/><D120/><U39/><E39/><V37/><F37/><W60/><G121/><T44/><D74/><U9/><E115/><V78/><F134/><W95/><G95/><T126/><D126/><U10/><E133/><V108/><F125/><W16/><G16/><N who="0" m="12711" /><D44/><U7/><E111/><V117/><F117/><W124/><G26/><T73/><D73/><U49/><E129/><V48/><F108/><W41/><G41/><N who="0" m="15979" /><D47/><U110/><E110/><V75/><F93/><W70/><G124/><T87/><D81/><U112/><E82/><V116/><F48/><W122/><G122/><T71/><D71/><U127/><E49/><V69/><F69/><W3/><G4/><T66/><D66/><U130/><E7/><V61/><F61/><W97/><G97/><N who="0" m="36875" /><D92/><U20/><E106/><V132/><F132/><W30/><G30/><T135/><D135/><U119/><E104/><V34/><F34/><W36/><G114/><T131/><D131/><U55/><E112/><V76/><F116/><W128/><G128/><T105/><D105/><U0/><E130/><V46/><F46/><W31/><G31/><T113/><D113/><U89/><E119/><V101/><REACH who="2" step="1"/><F75/><REACH who="2" ten="253,425,114,198" step="2"/><W90/><G72/><T12/><D12/><U64/><E35/><V13/><F13/><W11/><G38/><T5/><D5/><AGARI ba="0,1" hai="5,8,14,24,29,32,76,77,78,80,83,100,101,102" machi="5" ten="40,2000,0" yaku="1,1,53,0" doraHai="109" doraHaiUra="19" who="2" fromWho="0" sc="253,-20,425,0,114,30,198,0" /><INIT seed="2,1,0,0,4,78" ten="233,425,144,198" oya="2" hai0="82,5,8,71,96,110,128,134,73,69,6,49,61" hai1="67,132,34,40,135,22,131,85,109,83,130,9,77" hai2="43,58,115,76,16,13,2,99,1,95,18,37,48" hai3="14,133,41,55,46,60,86,121,70,126,102,84,42"/><V0/><F37/><W33/><G121/><T28/><D128/><N who="1" m="49195" /><E34/><V51/><F115/><W113/><G33/><T38/><D38/><U27/><E109/><V52/><F76/><W24/><G113/><T93/><D28/><N who="1" m="17527" /><E67/><V75/><F75/><W26/><G133/><T50/><D6/><U116/><E116/><V17/><F43/><W107/><G126/><T104/><D104/><U3/><E40/><V97/><F97/><W12/><G70/><T23/><D23/><U89/><E77/><V15/><REACH who="2" step="1"/><F51/><REACH who="2" ten="233,425,134,198" step="2"/><W101/><G107/><T92/><D50/><U7/><AGARI ba="1,1" hai="3,7,9,83,85,89,132,135" m="17527,49195" machi="7" ten="30,2000,0" yaku="19,1,52,1" doraHai="78" who="1" fromWho="1" sc="233,-6,425,33,134,-11,198,-6" /><INIT seed="3,0,0,3,2,24" ten="227,458,123,192" oya="3" hai0="27,91,132,52,80,90,129,59,74,93,116,94,19" hai1="107,105,71,92,66,22,1,81,33,133,118,60,108" hai2="43,78,30,64,83,4,125,53,46,56,79,95,36" hai3="86,103,128,115,88,47,89,100,127,134,5,28,97"/><W14/><G115/><T32/><D116/><U45/><E33/><V13/><F125/><W77/><G127/><T122/><D122/><U16/><E108/><V67/><F79/><W84/><G134/><T2/><D2/><U121/><E121/><V119/><F119/><W48/><G128/><T70/><D70/><U44/><E133/><V110/><F110/><W126/><G126/><T130/><D132/><U58/><E118/><V23/><F95/><W69/><G69/><T50/><D74/><U135/><E135/><V96/><F96/><W120/><G120/><T106/><D106/><U51/><E1/><V11/><F23/><W72/><G72/><T99/><D80/><U75/><E92/><V31/><F64/><W87/><G77/><T55/><D55/><U18/><E71/><V123/><F67/><W54/><G28/><T37/><D37/><U3/><E3/><V9/><F9/><W112/><G112/><T25/><D19/><U114/><E114/><V73/><REACH who="2" step="1"/><F123/><REACH who="2" ten="227,458,113,192" step="2"/><W65/><G65/><T41/><D32/><U63/><E22/><V49/><AGARI ba="0,1" hai="4,11,13,30,31,36,43,46,49,53,56,73,78,83" machi="49" ten="20,12000,2" yaku="1,1,2,1,0,1,7,1,52,2,53,0" doraHai="24" doraHaiUra="82" who="2" fromWho="2" sc="227,-30,458,-30,113,130,192,-60" /><INIT seed="4,0,0,5,0,32" ten="197,428,243,132" oya="0" hai0="48,1,69,134,45,30,114,68,105,17,73,77,100" hai1="16,122,129,54,46,14,132,13,55,34,130,25,95" hai2="59,20,33,52,78,35,2,41,126,135,72,28,90" hai3="65,93,29,39,124,18,121,108,81,58,133,31,74"/><T3/><D30/><N who="1" m="19791" /><E122/><V87/><F41/><W47/><G108/><T70/><D134/><U15/><E132/><V44/><F126/><W60/><G121/><T21/><D114/><U42/><E95/><V85/><F72/><W12/><G124/><T104/><D73/><U36/><E16/><V118/><F2/><W63/><G133/><T98/><D77/><U49/><E36/><V66/><F66/><W96/><G39/><T26/><REACH who="0" step="1"/><D105/><REACH who="0" ten="187,428,243,132" step="2"/><U24/><E24/><V82/><F78/><W6/><G6/><T38/><D38/><U107/><E107/><V5/><F28/><W99/><G74/><T127/><D127/><U27/><E27/><V57/><F135/><W89/><G47/><T7/><D7/><U116/><E116/><V103/><F44/><W76/><G76/><T84/><D84/><U10/><E10/><V101/><F5/><W61/><G81/><T86/><D86/><U94/><E94/><V22/><F85/><W92/><G31/><T56/><D56/><U109/><E109/><V11/><F59/><W120/><G29/><T53/><AGARI ba="0,1" hai="1,3,17,21,26,45,48,53,68,69,70,98,100,104" machi="53" ten="30,11700,0" yaku="1,1,0,1,52,2,53,0" doraHai="32" doraHaiUra="8" who="0" fromWho="0" sc="187,127,428,-39,243,-39,132,-39" /><INIT seed="4,1,0,0,0,17" ten="314,389,204,93" oya="0" hai0="11,91,44,95,70,104,66,132,58,20,2,30,88" hai1="74,105,94,98,131,135,120,56,0,46,29,92,64" hai2="89,99,32,83,101,13,123,60,14,4,103,80,10" hai3="52,47,55,19,38,35,125,102,130,79,61,28,50"/><T34/><D104/><U33/><E120/><V112/><F32/><W15/><G125/><T121/><D34/><U54/><E74/><V41/><F123/><W36/><G130/><T9/><D70/><U73/><E73/><V6/><F112/><W100/><G79/><T62/><D121/><U118/><E118/><V1/><F41/><W129/><G129/><T39/><D132/><U69/><E0/><V81/><F60/><W7/><G7/><T133/><D133/><U22/><E33/><V106/><F103/><W78/><G78/><T90/><D2/><U76/><E76/><V111/><F111/><W114/><G114/><T26/><REACH who="0" step="1"/><D95/><REACH who="0" ten="304,389,204,93" step="2"/><U86/><E94/><V12/><F1/><W21/><G36/><T122/><D122/><U24/><E92/><V75/><F106/><W107/><G38/><T127/><D127/><U115/><E105/><V93/><F93/><W3/><G3/><T57/><D57/><U40/><E56/><V126/><F126/><W116/><G116/><T87/><D87/><U51/><E86/><V18/><F75/><W82/><G107/><T97/><D97/><U109/><E98/><V128/><F99/><W31/><G35/><T23/><D23/><U96/><E96/><V16/><F128/><W59/><G82/><T37/><D37/><U110/><E131/><V77/><F101/><AGARI ba="1,1" hai="15,19,21,28,31,47,50,52,55,59,61,100,101,102" machi="101" ten="40,5200,0" yaku="8,1,52,1,54,1" doraHai="17" who="3" fromWho="2" sc="304,0,389,0,204,-55,93,65" /><INIT seed="5,0,0,4,1,110" ten="304,389,149,158" oya="1" hai0="30,43,47,49,74,5,48,97,61,28,31,32,57" hai1="7,104,19,52,14,39,134,119,13,72,63,50,9" hai2="84,80,65,98,4,15,66,29,45,94,132,22,58" hai3="46,93,17,67,113,10,83,1,69,126,24,44,101"/><U99/><E39/><V117/><F117/><W26/><G126/><T25/><D74/><U3/><E72/><V54/><F132/><W133/><G133/><T95/><D5/><U129/><E134/><V114/><F114/><W89/><G113/><T131/><D131/><U59/><E129/><V86/><F45/><W100/><G83/><T35/><D49/><U11/><E119/><V6/><F86/><W21/><G69/><T112/><D112/><U16/><E104/><V37/><F37/><W68/><G68/><T78/><D78/><U64/><E99/><V70/><F70/><W105/><G105/><T130/><D130/><U107/><E107/><V125/><F125/><W23/><G67/><T42/><D42/><U33/><E33/><V124/><F124/><W116/><G116/><T71/><D71/><U106/><E106/><V91/><F6/><W88/><G1/><T0/><D0/><U18/><E3/><V90/><F29/><W127/><G127/><T82/><D82/><U62/><E62/><N who="2" m="36183" /><F22/><W75/><G75/><T108/><D108/><U85/><E85/><V77/><F77/><W60/><G10/><AGARI ba="0,0" hai="4,10,15,65,66,80,84,90,91,94,98" m="36183" machi="10" ten="30,1000,0" yaku="8,1" doraHai="110" who="2" fromWho="3" sc="304,0,389,0,149,10,158,-10" /><INIT seed="6,0,0,3,0,99" ten="304,389,159,148" oya="2" hai0="66,107,114,45,21,40,133,126,80,58,23,42,101" hai1="25,9,73,27,11,6,122,79,67,113,130,131,19" hai2="37,39,56,125,94,50,104,61,20,77,78,62,90" hai3="32,28,123,65,84,88,60,15,3,51,64,89,108"/><V119/><F119/><W34/><G123/><T10/><D114/><U16/><E113/><V102/><F125/><W72/><G72/><T44/><D126/><U55/><E67/><V13/><F39/><W43/><G108/><T36/><D133/><U129/><E122/><V118/><F118/><W85/><G3/><T38/><D10/><N who="1" m="3595" /><E6/><V91/><F37/><W132/><G132/><T121/><D121/><U68/><E68/><V48/><F104/><W135/><G135/><T100/><D80/><N who="1" m="45167" /><E55/><V111/><F111/><W103/><G103/><T57/><D107/><U112/><E112/><V128/><F128/><W26/><G34/><T35/><D66/><U74/><E74/><V120/><F102/><W47/><G15/><T96/><D96/><U134/><E134/><V76/><F120/><W29/><G29/><T115/><D115/><U8/><E8/><V92/><F20/><W124/><G124/><T5/><D5/><U116/><E116/><V75/><F13/><W33/><G33/><AGARI ba="0,0" hai="21,23,33,35,36,38,40,42,44,45,57,58,100,101" machi="33" ten="25,6400,0" yaku="22,2,52,2" doraHai="99" who="0" fromWho="3" sc="304,64,389,0,159,0,148,-64" /><INIT seed="7,0,0,1,5,4" ten="368,389,159,84" oya="3" hai0="36,129,81,28,49,93,112,12,6,56,101,89,42" hai1="8,118,7,75,60,0,30,117,51,86,99,15,14" hai2="134,53,88,114,55,80,57,74,26,58,27,67,18" hai3="34,103,73,66,84,11,2,68,31,135,105,40,79"/><W38/><G135/><T97/><D42/><U21/><E75/><V16/><F74/><W13/><G84/><T63/><D36/><U96/><E60/><N who="2" m="38295" /><F134/><W113/><G113/><T3/><D3/><U41/><E86/><N who="2" m="50247" /><F114/><W70/><G13/><T64/><D112/><U78/><E78/><V90/><F90/><W115/><G115/><T116/><D116/><N who="1" m="44651" /><E30/><V128/><F128/><W44/><G66/><T5/><D129/><U10/><E21/><N who="2" m="13607" /><F57/><W123/><G123/><T33/><D33/><U85/><E85/><V109/><F109/><W50/><G50/><T133/><D28/><U94/><E51/><V106/><F106/><W62/><G62/><T82/><D49/><U120/><E120/><V110/><F110/><W23/><G23/><AGARI ba="0,0" hai="18,23,27,53,55" m="13607,50247,38295" machi="23" ten="30,3900,0" yaku="8,1,54,2" doraHai="4" who="2" fromWho="3" sc="368,0,389,0,159,39,84,-39" owari="368,17.0,389,48.0,198,-20.0,45,-45.0" /></mjloggm>