<mjloggm ver="2.3"><GO type="97" lobby="0"/><UN n0="%E3%83%88%E3%83%88%E3%83%AA%E5%85%88%E7%94%9F%31%39%E6%AD%B3" n1="%70%68%6F%74%6F%6E" n2="%4A%50%53%E6%9D%B1%E9%A2%A8" n3="%E9%A0%88%E4%BD%90%E4%B9%8B%E7%94%B7" dan="14,13,15,15" rate="2028.26,1863.04,1973.74,2028.67" sx="F,F,M,M"/><TAIKYOKU oya="0"/><INIT seed="0,0,0,5,0,99" ten="250,250,250,250" oya="0" hai0="96,35,122,114,86,87,34,118,29,17,3,102,124" hai1="64,77,7,66,132,104,90,119,117,70,73,11,98" hai2="89,18,111,47,81,62,76,95,14,80,60,26,100" hai3="63,74,10,65,50,123,2,106,41,127,55,43,134"/><T19/><D114/><U59/><E132/><V92/><F111/><W37/><G74/><T27/><D118/><U52/><E73/><V61/><F47/><W42/><G106/><T69/><D122/><U51/><E77/><V67/><F67/><W94/><G94/><T130/><D3/><U21/><E21/><V129/><F129/><W23/><G23/><T46/><D35/><U58/><E70/><V120/><F120/><W32/><G32/><T88/><D86/><U30/><E30/><V8/><F26/><W79/><G79/><T82/><D130/><U44/><E117/><V49/><F49/><W135/><G10/><T5/><D5/><U68/><E68/><V56/><F56/><N who="3" m="32887" /><G2/><T54/><D124/><U28/><E28/><V25/><F25/><W9/><G9/><T16/><D69/><U101/><E119/><V24/><F24/><W75/><G75/><T39/><D54/><U85/><E66/><V110/><F110/><W103/><G103/><T31/><D31/><U53/><E64/><V105/><F105/><W128/><G128/><T72/><D72/><U71/><E53/><V91/><F76/><W133/><G123/><T83/><D83/><U121/><E71/><V112/><F112/><W109/><G109/><T15/><D15/><U93/><REACH who="1" step="1"/><E121/><REACH who="1" ten="250,240,250,250" step="2"/><V36/><F8/><W131/><G131/><T125/><D125/><U113/><E113/><V12/><F12/><AGARI ba="0,1" hai="7,11,12,44,51,52,58,59,85,90,93,98,101,104" machi="12" ten="30,8000,1" yaku="1,1,7,1,52,1,54,1,53,1" doraHai="99" doraHaiUra="48" who="1" fromWho="2" sc="250,0,240,90,250,-80,250,0" /><INIT seed="1,0,0,1,1,124" ten="250,330,170,250" oya="1" hai0="98,70,121,41,31,122,129,9,88,96,8,103,12" hai1="128,108,89,17,4,97,24,1,48,109,11,125,92" hai2="105,22,52,18,36,58,54,3,111,38,66,82,126" hai3="64,73,42,56,71,127,75,44,53,113,65,32,14"/><U2/><E128/><V39/><F126/><W85/><G113/><T130/><D70/><U60/><E125/><V91/><F3/><W83/><G32/><T119/><D119/><U28/><E17/><V35/><F35/><W86/><G86/><T118/><D118/><U116/><E116/><V55/><F105/><W80/><G80/><T114/><D114/><U81/><E60/><V43/><F43/><W69/><G14/><T77/><D31/><U134/><E134/><V57/><F111/><N who="1" m="42569" /><E48/><V23/><F91/><W131/><G131/><N who="0" m="50187" /><D77/><U133/><E81/><V13/><F82/><W5/><G83/><T40/><D88/><U87/><E133/><V117/><F117/><W94/><G69/><T99/><D103/><U110/><N who="1" m="42577" /><U67/><DORA hai="0" /><E67/><V123/><F123/><N who="0" m="47114" /><D9/><U27/><E1/><V61/><REACH who="2" step="1"/><F57/><REACH who="2" ten="250,330,160,250" step="2"/><W19/><G56/><T47/><D47/><U29/><E87/><V34/><F34/><W33/><G85/><T16/><AGARI ba="0,1" hai="8,12,16,40,41,96,98,99" m="47114,50187" machi="16" ten="40,12000,2" yaku="19,1,13,1,52,3,54,1" doraHai="124,0" who="0" fromWho="0" sc="250,130,330,-60,160,-30,250,-30" /><INIT seed="2,0,0,1,4,42" ten="380,270,130,220" oya="2" hai0="38,130,121,94,127,97,122,25,91,5,88,125,109" hai1="61,8,99,66,90,79,13,17,133,22,51,0,11" hai2="85,120,26,100,52,16,59,39,12,115,119,29,78" hai3="110,131,34,50,129,70,124,15,43,83,74,95,103"/><V135/><F120/><N who="0" m="46186" /><D38/><U1/><E133/><V24/><F119/><W107/><G70/><T116/><D116/><U20/><E79/><V102/><F115/><W54/><G34/><T104/><D5/><U21/><E51/><N who="2" m="31135" /><F39/><W36/><G95/><N who="0" m="56551" /><D25/><N who="2" m="9834" /><F29/><W55/><G107/><T72/><D104/><U7/><E0/><V87/><F135/><W73/><G73/><T62/><D62/><U105/><E105/><V65/><F65/><W63/><G63/><T10/><D72/><U4/><E61/><V81/><F85/><W117/><G74/><T23/><D23/><AGARI ba="0,0" hai="12,16,23,78,81,87,100,102" m="9834,31135" machi="23" ten="30,5800,0" yaku="8,1,54,2" doraHai="42" who="2" fromWho="0" sc="380,-58,270,0,130,58,220,0" /><INIT seed="2,1,0,5,5,134" ten="322,270,188,220" oya="2" hai0="124,131,114,62,132,5,99,21,47,3,81,98,48" hai1="30,106,90,94,54,121,63,32,101,84,44,56,72" hai2="7,85,6,113,130,41,88,68,65,73,108,86,93" hai3="64,18,43,52,1,57,61,120,123,25,133,127,66"/><V50/><F113/><W9/><G133/><T79/><D114/><U125/><E72/><V119/><F119/><W77/><G43/><T116/><D132/><U19/><E121/><V67/><F130/><W22/><G77/><T105/><D131/><U102/><E19/><V51/><F73/><W0/><G64/><N who="2" m="24649" /><F68/><W15/><G66/><T29/><D62/><U69/><E69/><V71/><F71/><W80/><G120/><T36/><D105/><U53/><E32/><V91/><F108/><W28/><G123/><T128/><D36/><U55/><E30/><V82/><F41/><W26/><G80/><T109/><D81/><U112/><E112/><V13/><F13/><W100/><G100/><T40/><D40/><U117/><E117/><V46/><F46/><W135/><G135/><T122/><D47/><U12/><E12/><V39/><F39/><W14/><G14/><T37/><D37/><U111/><E111/><V16/><F16/><W23/><G127/><T118/><D124/><U27/><E125/><V31/><F31/><AGARI ba="1,0" hai="0,1,9,15,18,22,23,25,26,28,31,52,57,61" machi="31" ten="30,3900,0" yaku="7,1,9,1,54,1" doraHai="134" who="3" fromWho="2" sc="322,0,270,0,188,-42,220,42" /><INIT seed="3,0,0,2,4,6" ten="322,270,146,262" oya="3" hai0="35,81,53,107,130,10,28,4,49,63,71,106,131" hai1="85,129,50,98,67,134,87,125,7,61,36,133,48" hai2="117,16,86,80,62,9,29,83,104,88,103,122,64" hai3="78,32,55,2,108,46,110,1,21,94,20,57,73"/><W77/><G32/><T119/><D119/><U44/><E125/><V128/><F122/><W8/><G46/><T69/><D81/><N who="2" m="31306" /><F104/><N who="0" m="39978" /><D63/><U95/><E129/><N who="0" m="49161" /><D28/><U40/><E7/><V15/><F128/><W91/><G1/><N who="0" m="271" /><D35/><U24/><E24/><V93/><F117/><W101/><G101/><T19/><D19/><U39/><E39/><V23/><F103/><W82/><G77/><T109/><D109/><N who="3" m="42089" /><G94/><T31/><D31/><U54/><E36/><V92/><F29/><W41/><G41/><T47/><AGARI ba="0,0" hai="47,49,53,69,71" m="271,49161,39978" machi="47" ten="30,2000,0" yaku="19,1,52,1" doraHai="6" who="0" fromWho="0" sc="322,20,270,-5,146,-5,262,-10" owari="342,44.0,265,7.0,141,-36.0,252,-15.0" /></mjloggm>