<mjloggm ver="2.3"><GO type="169" lobby="0"/><UN n0="%E3%83%88%E3%83%88%E3%83%AA%E5%85%88%E7%94%9F%31%39%E6%AD%B3" n1="%E6%9D%BE%E5%B1%8B%E3%81%8A%E3%81%98%E3%81%95%E3%82%93" n2="%4D%46%E9%A6%99%E5%B7%9D%E7%9C%9F%E5%8F%B8" n3="%41%6B%6B%69%79" dan="18,16,16,16" rate="2265.61,2065.47,2082.50,2047.22" sx="F,M,M,M"/><TAIKYOKU oya="0"/><INIT seed="0,0,0,4,4,64" ten="250,250,250,250" oya="0" hai0="48,16,106,32,100,109,36,127,65,131,29,74,12" hai1="77,87,53,9,67,18,117,80,99,11,121,13,102" hai2="21,44,85,30,103,134,130,116,41,51,54,34,7" hai3="5,35,135,69,73,27,66,25,15,78,120,122,58"/><T0/><D36/><U43/><E117/><V49/><F34/><W81/><G58/><T110/><D74/><U104/><E43/><V40/><F7/><W72/><G72/><T31/><D0/><U83/><E121/><N who="3" m="46698" /><G135/><T93/><D106/><U101/><E101/><V125/><F134/><W62/><G35/><T128/><D127/><U50/><E67/><V2/><F2/><W108/><G108/><N who="0" m="41579" /><D65/><U84/><E18/><V23/><F125/><W6/><G6/><T57/><D32/><U97/><E97/><V38/><F116/><W119/><G119/><T76/><D76/><U79/><REACH who="1" step="1"/><E13/><REACH who="1" ten="250,240,250,250" step="2"/><V55/><F38/><W89/><G89/><T107/><D100/><U46/><AGARI ba="0,1" hai="9,11,46,50,53,77,79,80,83,84,87,99,102,104" machi="46" ten="20,8000,1" yaku="1,1,2,1,0,1,7,1,9,1,53,0" doraHai="64" doraHaiUra="88" who="1" fromWho="1" sc="250,-40,240,90,250,-20,250,-20" /><INIT seed="1,0,0,5,0,113" ten="210,330,230,230" oya="1" hai0="116,29,57,97,109,12,101,15,106,118,60,98,2" hai1="8,58,117,133,74,130,126,114,50,75,94,28,46" hai2="25,23,10,19,26,80,51,20,17,79,121,66,61" hai3="72,39,31,54,89,52,40,53,34,120,27,68,69"/><U36/><E114/><V70/><F121/><W90/><G72/><T82/><D2/><U96/><E28/><V131/><F131/><W115/><G115/><T135/><D109/><U78/><E130/><V76/><F10/><W30/><G120/><T111/><D111/><U71/><E71/><V92/><F80/><W47/><G90/><T6/><D135/><U108/><E108/><V4/><F4/><W99/><G89/><T42/><D42/><U33/><E33/><V110/><F110/><W67/><G67/><T127/><D127/><U93/><E36/><V119/><F119/><W14/><G99/><T77/><D29/><U122/><E122/><V44/><REACH who="2" step="1"/><F92/><REACH who="2" ten="210,330,220,230" step="2"/><W63/><G63/><T7/><D7/><U104/><E94/><V18/><F18/><W85/><G85/><T1/><D97/><U11/><E93/><V3/><F3/><W32/><G14/><T100/><D1/><U49/><E96/><V16/><F16/><W134/><G134/><T124/><D124/><U129/><E126/><V102/><F102/><W95/><G95/><T128/><D100/><U45/><E133/><V35/><F35/><W56/><G56/><T65/><D128/><U21/><E129/><V87/><F87/><W0/><G0/><T83/><D83/><U125/><E125/><V5/><F5/><W132/><G132/><T9/><D12/><U41/><E58/><V73/><F73/><AGARI ba="0,1" hai="6,9,15,57,60,65,73,77,82,98,101,106,116,118" machi="73" ten="30,3900,0" yaku="7,1,52,2" doraHai="113" who="0" fromWho="2" sc="210,49,330,0,220,-39,230,0" /><INIT seed="2,0,0,5,4,40" ten="259,330,181,230" oya="2" hai0="17,47,29,86,46,44,119,103,77,117,80,134,93" hai1="39,94,135,64,51,74,111,50,2,60,121,24,11" hai2="126,34,91,26,56,22,27,6,70,132,82,81,112" hai3="61,90,102,116,4,107,35,36,37,54,95,101,53"/><V16/><F112/><W5/><G35/><T8/><D134/><U133/><E39/><V21/><F70/><W20/><G116/><N who="0" m="44619" /><D29/><U72/><E24/><V78/><F132/><W19/><G107/><T1/><D17/><U48/><E111/><V12/><F126/><W63/><G20/><T124/><D124/><U115/><E115/><V0/><F91/><W38/><G95/><T9/><D1/><U84/><E133/><V131/><F131/><W75/><G90/><N who="0" m="53463" /><D103/><U18/><E18/><V120/><F120/><W106/><G19/><T14/><D14/><U96/><E2/><V52/><F21/><W97/><G75/><AGARI ba="0,0" hai="8,9,44,46,47,75,77,80" m="53463,44619" machi="75" ten="30,7700,0" yaku="12,1,52,3" doraHai="40" who="0" fromWho="3" sc="259,77,330,0,181,0,230,-77" /><INIT seed="3,0,0,2,0,94" ten="336,330,181,153" oya="3" hai0="130,47,107,98,33,62,28,8,55,135,109,105,9" hai1="18,132,25,88,53,3,95,32,66,10,23,90,39" hai2="83,61,69,41,65,5,113,111,21,7,119,37,110" hai3="20,84,19,73,56,96,58,48,118,77,102,126,85"/><W79/><G126/><T12/><D109/><N who="2" m="41482" /><F113/><W0/><G0/><T51/><D130/><U133/><E39/><V44/><F119/><W36/><G36/><T26/><D135/><N who="1" m="51787" /><E66/><V70/><F70/><W78/><G118/><T116/><D116/><U92/><E32/><V64/><F64/><W103/><G73/><T6/><D62/><U16/><E53/><V114/><F114/><W15/><G103/><T127/><D127/><U14/><E3/><V115/><F115/><W128/><G128/><T30/><D30/><U134/><E134/><V131/><F131/><W42/><G58/><T74/><D74/><U71/><E71/><V99/><F83/><W125/><G125/><T80/><D80/><U101/><E95/><V43/><F43/><W35/><G35/><T87/><D87/><U106/><E92/><V86/><F86/><W27/><G27/><T60/><D60/><U97/><AGARI ba="0,0" hai="10,14,16,18,23,25,88,90,97,101,106" m="51787" machi="97" ten="30,7900,0" yaku="20,1,52,1,54,2" doraHai="94" who="1" fromWho="1" sc="336,-20,330,79,181,-20,153,-39" /><INIT seed="4,0,0,2,0,46" ten="316,409,161,114" oya="0" hai0="55,9,99,87,81,48,15,22,76,49,88,108,40" hai1="80,5,128,51,33,96,34,110,133,24,126,37,78" hai2="44,59,103,95,26,82,132,66,30,83,68,112,61" hai3="38,86,28,18,121,2,101,25,69,120,72,109,50"/><T19/><D108/><U42/><E37/><V29/><F112/><W85/><G69/><T39/><D39/><U20/><E5/><V116/><F132/><W77/><G72/><T67/><D67/><U14/><E110/><V90/><F116/><W62/><G38/><T4/><D40/><U111/><E111/><V36/><F36/><W97/><G109/><T73/><D55/><U70/><E70/><V10/><F10/><W1/><G62/><T118/><D118/><U131/><E14/><V107/><F29/><W92/><G18/><T35/><D35/><U12/><E12/><V45/><F59/><W21/><G77/><T0/><D99/><U16/><E96/><V75/><F83/><AGARI ba="0,0" hai="0,4,9,15,19,22,48,49,73,76,81,83,87,88" machi="83" ten="30,11600,0" yaku="7,1,52,2,54,1" doraHai="46" who="0" fromWho="2" sc="316,116,409,0,161,-116,114,0" /><INIT seed="4,1,0,0,4,4" ten="432,409,45,114" oya="0" hai0="90,16,118,63,67,73,49,88,64,110,85,94,134" hai1="44,130,3,15,17,103,101,59,43,121,48,86,52" hai2="2,45,97,36,125,27,83,113,30,56,82,114,78" hai3="89,77,24,34,60,92,9,22,42,41,129,107,127"/><T0/><D118/><U40/><E121/><V131/><F2/><W65/><G107/><T37/><D37/><U132/><E3/><V124/><F97/><W20/><G34/><T123/><D123/><U19/><E132/><V115/><F56/><W61/><G129/><T80/><D0/><U18/><E130/><V28/><F131/><W5/><G77/><T8/><D134/><U10/><E86/><V53/><F27/><W26/><G127/><N who="2" m="48713" /><F78/><W96/><G22/><T68/><D110/><U122/><E122/><V51/><F36/><W29/><G26/><T79/><D67/><U71/><E71/><V25/><F30/><W133/><G133/><T62/><D62/><N who="1" m="36199" /><E40/><V57/><F45/><W109/><G109/><T12/><D49/><U105/><E105/><V119/><F119/><W95/><G95/><T116/><D116/><U111/><E111/><V126/><N who="2" m="48721" /><V84/><DORA hai="74" /><F84/><W7/><G7/><AGARI ba="1,0" hai="7,10,15,17,18,19,43,44,48,101,103" m="36199" machi="7" ten="30,3900,0" yaku="8,1,52,1,54,1" doraHai="4,74" who="1" fromWho="3" sc="432,0,409,42,45,0,114,-42" /><INIT seed="5,0,0,5,0,42" ten="432,451,45,72" oya="1" hai0="14,110,61,73,7,45,91,18,86,114,70,47,17" hai1="75,105,16,89,98,32,23,107,81,50,92,34,87" hai2="82,67,76,88,84,1,79,112,9,111,77,35,60" hai3="55,2,125,64,90,29,74,72,63,65,78,44,119"/><U113/><E113/><V12/><F111/><W57/><G2/><T22/><D110/><U58/><E34/><V20/><F35/><W24/><G125/><T96/><D73/><U116/><E32/><V121/><F121/><W46/><G119/><T25/><D114/><U6/><E6/><V40/><F112/><W123/><G123/><T133/><D133/><U51/><E116/><V38/><F1/><W118/><G118/><T124/><D124/><U26/><E75/><V99/><F38/><W52/><G78/><T4/><D96/><U53/><REACH who="1" step="1"/><E51/><REACH who="1" ten="432,441,45,72" step="2"/><V36/><F36/><W134/><G134/><T59/><D7/><U80/><E80/><V30/><F40/><W37/><G37/><T135/><D4/><U0/><E0/><V100/><F20/><N who="3" m="15495" /><G74/><T106/><D135/><U11/><E11/><V102/><F30/><W43/><G72/><T104/><D104/><U83/><E83/><V85/><F9/><W126/><G126/><T69/><D106/><U10/><E10/><V56/><F12/><W122/><G122/><T129/><D14/><U3/><E3/><V5/><F5/><W28/><G28/><T13/><D13/><U15/><E15/><V41/><F41/><W103/><G43/><T33/><D33/><U8/><E8/><V132/><F132/><W95/><G103/><AGARI ba="0,1" hai="16,23,26,50,53,58,81,87,89,92,98,103,105,107" machi="103" ten="30,5800,0" yaku="1,1,7,1,54,1,53,0" doraHai="42" doraHaiUra="127" who="1" fromWho="3" sc="432,0,441,68,45,0,72,-58" /><INIT seed="5,1,0,3,4,100" ten="432,509,45,14" oya="1" hai0="133,94,99,89,61,17,63,93,15,111,28,3,106" hai1="51,4,57,48,29,38,60,121,12,37,75,34,40" hai2="104,126,56,125,87,62,78,120,95,18,6,30,116" hai3="64,24,92,54,108,47,135,55,25,72,119,49,130"/><U7/><E75/><V10/><F104/><W113/><G72/><T84/><D111/><U33/><E29/><V85/><F120/><W69/><G108/><T2/><D133/><U58/><E12/><V45/><F30/><W65/><G135/><T96/><D28/><U128/><E60/><V131/><F45/><W97/><G130/><T77/><D106/><U103/><E40/><V86/><F78/><W91/><G113/><T14/><D77/><U109/><E109/><V44/><F44/><W11/><G119/><T81/><D81/><U122/><REACH who="1" step="1"/><E103/><REACH who="1" ten="432,499,45,14" step="2"/><V8/><F62/><N who="0" m="23562" /><D2/><U71/><E71/><V31/><F31/><W112/><G112/><T0/><D3/><U9/><E9/><V59/><F8/><W13/><G55/><T42/><D0/><U123/><E123/><V1/><F10/><W16/><G69/><T26/><D42/><U35/><E35/><V79/><F1/><W23/><REACH who="3" step="1"/><G25/><REACH who="3" ten="432,499,45,4" step="2"/><T73/><D73/><U110/><E110/><V50/><F116/><W127/><G127/><T98/><D26/><U70/><E70/><V88/><F126/><W117/><G117/><T83/><D15/><U39/><E39/><V124/><F125/><W5/><AGARI ba="1,2" hai="5,11,13,16,23,24,47,49,54,64,65,91,92,97" machi="5" ten="20,8000,1" yaku="1,1,0,1,7,1,8,1,54,1,53,0" doraHai="100" doraHaiUra="53" who="3" fromWho="3" sc="432,-21,499,-41,45,-21,4,103" /><INIT seed="6,0,0,0,5,115" ten="411,458,24,107" oya="2" hai0="35,39,16,9,73,100,88,76,104,123,18,13,113" hai1="121,12,86,14,135,26,52,81,62,57,82,80,22" hai2="87,101,97,38,47,64,29,114,43,1,124,17,96" hai3="3,19,93,27,128,55,79,131,117,54,75,33,10"/><V119/><F119/><W41/><G41/><T90/><D123/><U40/><E135/><V83/><F1/><W53/><G93/><T7/><D39/><U24/><E121/><V21/><F124/><W50/><G117/><T102/><D35/><U5/><E40/><V111/><F111/><W133/><G133/><T109/><D109/><U31/><E86/><V37/><F114/><W46/><G79/><T8/><D113/><U94/><E94/><V63/><F29/><W70/><G75/><T91/><D104/><U58/><E5/><V0/><F0/><W36/><G36/><T99/><D99/><U84/><E84/><V77/><F37/><W56/><G70/><T28/><D28/><U23/><E57/><V71/><REACH who="2" step="1"/><F101/><REACH who="2" ten="411,458,14,107" step="2"/><W4/><G128/><T110/><D110/><U106/><E106/><V72/><F72/><W11/><G131/><T105/><D105/><U49/><E49/><V89/><F89/><W125/><G125/><T65/><D76/><U130/><E130/><V30/><F30/><AGARI ba="0,1" hai="12,14,22,23,24,26,30,31,52,58,62,80,81,82" machi="30" ten="40,5200,0" yaku="9,1,8,1,54,1" doraHai="115" who="1" fromWho="2" sc="411,0,458,62,14,-52,107,0" owari="411,21.0,520,62.0,-38,-54.0,107,-29.0" /></mjloggm>