<mjloggm ver="2.3"><GO type="193" lobby="0"/><UN n0="%E8%8F%AF%E6%84%9B" n1="%E9%9A%A3%E3%81%AE%E3%81%8A%E3%82%88%E3%82%88" n2="%45%63%65" n3="%E3%83%88%E3%83%88%E3%83%AA%E5%85%88%E7%94%9F%31%39%E6%AD%B3" dan="12,12,11,11" rate="1690.12,1775.00,1697.00,1753.64" sx="M,F,M,F"/><TAIKYOKU oya="0"/><INIT seed="0,0,0,1,3,12" ten="250,250,250,250" oya="0" hai0="106,72,54,110,43,0,49,6,13,58,4,67,79" hai1="90,133,56,52,105,59,10,82,88,86,127,103,53" hai2="81,41,22,100,130,73,37,65,8,16,9,125,89" hai3="36,115,14,116,87,93,124,42,50,62,132,25,111"/><T119/><D119/><U94/><E133/><V15/><F100/><W35/><G115/><T135/><D106/><U96/><E127/><V19/><F65/><W17/><G116/><T107/><D107/><U45/><E105/><V69/><F69/><W46/><G132/><T24/><D135/><U3/><E3/><V91/><F125/><W29/><G124/><T121/><D121/><U18/><E45/><V76/><F130/><W77/><G111/><T122/><D122/><U71/><E71/><V101/><F101/><W75/><G75/><T39/><D0/><U60/><E103/><V114/><F114/><W2/><G2/><T131/><D72/><U104/><E104/><V26/><REACH who="2" step="1"/><F9/><REACH who="2" ten="250,250,240,250" step="2"/><W27/><G36/><T28/><D67/><N who="1" m="39303" /><E59/><V30/><F30/><W63/><G29/><T129/><D28/><U108/><E108/><V51/><F51/><W32/><G50/><T97/><D49/><U134/><E134/><V40/><F40/><W48/><G63/><T113/><D58/><U85/><E96/><V95/><F95/><W23/><G93/><T11/><D97/><U5/><E5/><V78/><F78/><W112/><G62/><T128/><D6/><U38/><E38/><V57/><F57/><W20/><G112/><T68/><D113/><U74/><E74/><V80/><F80/><N who="3" m="47503" /><G42/><T120/><D110/><U55/><E55/><V83/><F83/><W33/><G46/><AGARI ba="0,1" hai="8,15,16,19,22,26,37,41,46,73,76,81,89,91" machi="46" ten="40,8000,1" yaku="1,1,52,2,54,1,53,0" doraHai="12" doraHaiUra="109" who="2" fromWho="3" sc="250,0,250,0,240,90,250,-80" /><INIT seed="1,0,0,3,2,117" ten="250,250,330,170" oya="1" hai0="44,71,42,77,67,20,108,98,126,28,59,73,115" hai1="109,80,79,45,36,130,105,76,0,21,2,121,111" hai2="99,103,89,31,86,14,1,88,24,87,134,100,3" hai3="133,92,110,65,112,26,129,106,49,135,15,30,11"/><U96/><E130/><V40/><F40/><W33/><G112/><T107/><D108/><N who="1" m="41547" /><E21/><V81/><F134/><N who="3" m="51211" /><G110/><T62/><D115/><U7/><E121/><V25/><F24/><W8/><G106/><T124/><D71/><U9/><E79/><V68/><F68/><W16/><G129/><T10/><D10/><U91/><E91/><V56/><F56/><W34/><G65/><T32/><D77/><U46/><E2/><V85/><F14/><N who="3" m="7239" /><G49/><T37/><D32/><U4/><E4/><V102/><F99/><W128/><G92/><T41/><D41/><U83/><E36/><V57/><F57/><W53/><G53/><T60/><D60/><U6/><E6/><V58/><F58/><W75/><G75/><T13/><D73/><N who="1" m="43023" /><E83/><V61/><F61/><W63/><G63/><T101/><D107/><U95/><E105/><V72/><F72/><W43/><G43/><T5/><D42/><U82/><E82/><V113/><F113/><W51/><G128/><T120/><D37/><U23/><E23/><V19/><F19/><N who="3" m="8703" /><G51/><T70/><D70/><U52/><E52/><V38/><F38/><W94/><G94/><T123/><D67/><U118/><E118/><V131/><F131/><W74/><G74/><T90/><D90/><U84/><E84/><V18/><F81/><W104/><G104/><T12/><D101/><U55/><E55/><V127/><F89/><W27/><G30/><T125/><D98/><U64/><E64/><V50/><F50/><W116/><G116/><T93/><D93/><U29/><E29/><V17/><F88/><W69/><G69/><RYUUKYOKU ba="0,0" sc="250,-15,250,15,330,-15,170,15" hai1="0,7,9,45,46,95,96" hai3="26,27,33,34" /><INIT seed="1,1,0,1,0,127" ten="235,265,315,185" oya="1" hai0="10,21,129,29,30,1,42,54,46,36,58,68,59" hai1="37,131,100,44,16,50,64,13,18,52,62,124,43" hai2="25,79,9,133,125,5,51,19,92,48,88,78,96" hai3="65,8,35,94,57,31,114,117,87,66,47,63,83"/><U110/><E124/><V89/><F125/><W4/><G114/><T84/><D68/><U85/><E131/><V22/><F133/><W73/><G117/><T97/><D129/><U126/><E126/><V17/><F5/><W93/><G73/><T130/><D130/><U128/><E128/><V111/><F111/><W105/><G105/><T15/><D1/><U106/><E110/><V108/><F108/><W3/><G66/><T123/><D123/><U113/><E113/><V53/><F51/><W103/><G103/><T14/><D97/><U7/><E85/><V32/><F32/><W102/><G102/><T99/><D99/><U121/><E121/><V109/><F109/><W38/><G31/><T115/><D84/><U119/><E119/><V6/><F6/><W104/><G104/><T61/><D59/><U26/><E100/><V134/><F134/><W34/><G34/><T72/><D72/><U40/><E106/><V75/><F75/><W77/><REACH who="3" step="1"/><G35/><REACH who="3" ten="235,265,315,175" step="2"/><T107/><D107/><U135/><E135/><V71/><F71/><W45/><G45/><T41/><D115/><U80/><E37/><V132/><F132/><W2/><G2/><T60/><D30/><U24/><E80/><V56/><F89/><W28/><G28/><T76/><D29/><U49/><E64/><V69/><F69/><W118/><G118/><T70/><D70/><U55/><E62/><V101/><F101/><W0/><G0/><T27/><D61/><U11/><E26/><V112/><F112/><W86/><G86/><T74/><D27/><U20/><E24/><V116/><F116/><RYUUKYOKU ba="1,1" sc="235,-15,265,-15,315,15,175,15" hai2="9,17,19,22,25,48,53,56,78,79,88,92,96" hai3="3,4,8,38,47,57,63,65,77,83,87,93,94" /><INIT seed="2,2,1,5,2,122" ten="220,250,330,190" oya="2" hai0="61,98,19,32,130,73,95,3,15,86,27,47,112" hai1="71,108,125,2,24,55,37,135,0,111,17,59,123" hai2="38,127,65,12,87,43,80,30,117,81,5,33,113" hai3="107,119,23,63,8,74,79,120,132,68,42,118,13"/><V102/><F117/><W116/><G120/><T105/><D112/><U40/><E123/><V69/><F113/><W78/><G107/><T124/><D73/><U16/><E71/><V29/><F127/><W109/><G132/><T101/><D3/><U121/><E121/><V21/><F33/><W11/><G109/><N who="1" m="42058" /><E125/><V66/><F69/><W91/><G42/><T129/><D124/><U90/><E135/><V34/><F34/><W50/><G50/><T58/><D47/><N who="1" m="23951" /><E90/><V57/><F38/><W77/><G74/><T97/><D86/><U28/><E28/><V103/><F43/><W39/><G39/><T49/><D49/><N who="1" m="31215" /><E24/><V22/><F57/><W126/><G126/><T31/><D31/><U56/><E56/><V114/><F114/><W46/><G46/><T1/><D27/><U131/><E131/><N who="0" m="50185" /><D32/><U20/><E20/><V133/><F133/><W25/><G91/><N who="0" m="55551" /><D58/><U89/><E89/><V9/><F87/><W96/><G25/><T4/><D61/><U62/><E62/><V14/><F5/><W44/><G44/><T10/><D4/><U104/><E104/><V60/><F60/><W41/><G63/><T100/><D100/><U82/><E82/><V83/><F81/><W88/><G68/><T92/><D105/><U70/><E70/><V51/><F9/><W94/><G41/><T53/><D1/><AGARI ba="2,1" hai="0,1,2,16,17" m="31215,23951,42058" machi="1" ten="30,8000,1" yaku="14,1,52,3,54,1" doraHai="122" who="1" fromWho="0" sc="220,-86,250,96,330,0,190,0" /><INIT seed="3,0,0,1,1,53" ten="134,346,330,190" oya="3" hai0="127,79,76,48,134,66,12,111,75,7,21,80,101" hai1="130,52,112,114,93,54,96,13,45,8,10,3,46" hai2="65,92,123,11,64,67,125,1,120,71,17,23,117" hai3="62,6,20,95,72,25,108,37,35,70,87,41,84"/><W68/><G72/><T59/><D111/><U57/><E130/><V122/><F117/><W42/><G35/><T44/><D134/><U99/><E3/><V63/><F1/><W49/><G37/><T102/><D127/><U18/><E8/><V34/><F11/><W39/><G39/><T58/><D79/><U115/><E54/><V77/><F34/><W128/><G128/><T106/><D66/><U38/><E38/><V135/><F77/><W90/><G108/><T0/><D0/><U43/><E43/><N who="3" m="16394" /><G70/><T26/><D7/><U126/><E126/><V19/><F135/><W86/><G68/><T129/><D12/><U88/><E99/><V27/><F19/><N who="3" m="12447" /><G6/><T110/><D110/><U30/><E30/><V83/><F125/><W60/><G49/><T133/><D129/><U40/><E40/><V33/><F33/><W50/><G50/><T105/><D133/><U61/><AGARI ba="0,0" hai="10,13,18,45,46,52,57,61,88,93,96,112,114,115" machi="61" ten="30,7900,0" yaku="0,1,52,1,54,2" doraHai="53" who="1" fromWho="1" sc="134,-20,346,79,330,-20,190,-39" owari="114,-39.0,425,53.0,310,11.0,151,-25.0" /></mjloggm>