<mjloggm ver="2.3"><GO type="41" lobby="0"/><UN n0="%6D%69%6E%6F%6E%6E" n1="%2D%69%63%65%74%65%61%2D" n2="%E5%B0%B1%E6%B4%BB%E7%94%9F%40%E5%B7%9D%E6%9D%91%E8%BB%8D%E5%9B%A3" n3="%E9%A0%88%E4%BD%90%E4%B9%8B%E7%94%B7" dan="15,13,14,14" rate="2022.91,1976.06,1946.60,1874.01" sx="M,M,M,M"/><TAIKYOKU oya="0"/><INIT seed="0,0,0,2,0,4" ten="250,250,250,250" oya="0" hai0="51,33,77,52,83,75,64,89,108,82,23,76,109" hai1="95,92,59,15,28,44,126,123,25,101,84,127,67" hai2="130,79,41,14,50,86,129,87,38,21,49,110,78" hai3="106,90,47,111,54,16,48,132,112,31,100,32,115"/><T57/><D33/><U68/><E123/><V9/><F38/><W39/><G111/><N who="0" m="42571" /><D23/><N who="1" m="15423" /><E101/><V11/><F110/><W88/><G39/><T53/><D89/><U7/><E44/><V70/><F70/><W27/><G132/><T107/><D107/><U85/><E68/><V135/><F21/><W22/><G112/><T128/><D128/><U104/><E104/><V2/><F14/><W42/><G115/><T71/><D71/><U125/><E59/><V94/><F94/><N who="1" m="35881" /><E67/><V124/><F41/><W5/><G42/><T117/><D117/><U0/><E0/><V40/><F40/><W93/><G106/><T46/><D64/><U12/><E7/><V91/><F2/><W24/><G5/><T35/><D35/><U122/><E122/><V58/><F58/><W114/><G114/><T43/><D57/><U45/><E45/><V96/><F135/><W133/><G133/><T18/><D18/><U80/><E85/><AGARI ba="0,0" hai="43,46,51,52,53,75,76,77,82,83,85" m="42571" machi="85" ten="30,5800,0" yaku="14,1,10,1,54,1" doraHai="4" who="0" fromWho="1" sc="250,58,250,-58,250,0,250,0" /><INIT seed="0,1,0,0,1,109" ten="308,192,250,250" oya="0" hai0="19,21,103,59,123,37,40,98,9,112,111,25,135" hai1="7,12,97,133,5,124,110,128,24,78,45,131,129" hai2="17,0,11,43,80,60,75,10,118,117,39,104,28" hai3="96,48,38,32,68,8,54,93,119,34,90,74,14"/><T15/><D112/><U99/><E110/><V113/><F104/><W20/><G119/><N who="2" m="45577" /><F28/><W50/><G38/><T2/><D111/><U58/><E133/><V64/><F39/><W107/><G74/><T94/><D123/><U42/><E78/><N who="2" m="44127" /><F43/><W116/><G68/><T83/><D135/><U114/><E124/><V134/><F134/><W70/><G70/><T126/><D126/><U27/><E58/><N who="2" m="36887" /><F0/><W1/><G1/><T87/><D40/><U62/><E114/><V71/><F71/><W3/><G3/><T105/><D37/><U35/><E35/><V52/><F17/><W56/><G107/><T53/><D2/><U65/><E7/><V88/><F113/><W95/><G116/><T101/><D105/><U23/><E5/><V67/><F67/><W84/><G48/><T76/><D101/><U18/><E99/><V36/><F36/><W72/><G72/><T16/><D59/><N who="1" m="37087" /><E97/><V46/><F88/><N who="3" m="55399" /><G8/><T31/><D53/><U130/><N who="1" m="32768" /><DORA hai="100" /><U4/><E4/><AGARI ba="1,0" hai="4,9,15,16,19,21,25,31,76,83,87,94,98,103" machi="4" ten="30,5800,0" yaku="7,1,8,1,54,1" doraHai="109,100" who="0" fromWho="1" sc="308,61,192,-61,250,0,250,0" /><INIT seed="0,2,0,4,3,41" ten="369,131,250,250" oya="0" hai0="102,122,81,107,9,42,83,0,106,131,117,73,21" hai1="55,88,126,56,89,36,66,67,34,121,74,15,120" hai2="6,76,116,94,27,77,49,53,80,33,70,44,46" hai3="35,62,91,90,100,52,12,95,119,11,32,54,1"/><T17/><D117/><U59/><E34/><V72/><F70/><W23/><G119/><T26/><D122/><U69/><E36/><V20/><F116/><W109/><G1/><T133/><D131/><U40/><E74/><V4/><F33/><W84/><G109/><T57/><D133/><U28/><E40/><V10/><F76/><W85/><G100/><T2/><D2/><U64/><E28/><V39/><F94/><W105/><G105/><T75/><D102/><U135/><E126/><V30/><F39/><W65/><G23/><T123/><D123/><U78/><E78/><V97/><F97/><W71/><G32/><T132/><D132/><U87/><E135/><V124/><F124/><W114/><G35/><T51/><D107/><U129/><E129/><V68/><F68/><W99/><G99/><T22/><D106/><U127/><E127/><V108/><F108/><W45/><G114/><T82/><D21/><U130/><E130/><V50/><REACH who="2" step="1"/><F10/><REACH who="2" ten="369,131,240,250" step="2"/><W86/><G95/><T112/><D112/><U31/><E121/><V92/><F92/><W3/><G11/><T103/><D73/><U118/><E69/><V101/><F101/><W7/><G71/><T98/><D75/><U79/><E118/><V14/><F14/><W19/><G12/><T113/><D113/><U16/><E120/><V37/><F37/><W63/><G3/><T93/><D0/><U25/><E15/><V96/><F96/><W47/><G85/><T111/><D9/><U48/><E87/><V43/><AGARI ba="2,1" hai="4,6,20,27,30,43,44,46,49,50,53,72,77,80" machi="43" ten="20,8000,1" yaku="1,1,0,1,7,1,52,2,53,0" doraHai="41" doraHaiUra="13" who="2" fromWho="2" sc="369,-42,131,-22,240,96,250,-22" /><INIT seed="1,0,0,4,5,68" ten="327,109,336,228" oya="1" hai0="12,4,77,107,83,125,15,47,124,59,41,120,96" hai1="128,133,21,1,101,2,132,38,67,105,74,116,75" hai2="66,70,45,114,31,24,32,76,84,72,73,50,52" hai3="62,92,81,100,20,118,89,85,97,53,17,55,119"/><U69/><E116/><V14/><F114/><W58/><REACH who="3" step="1"/><G53/><REACH who="3" ten="327,109,336,218" step="2"/><T10/><D120/><U8/><E128/><V115/><F115/><W48/><G48/><T11/><D59/><U33/><E75/><V18/><F66/><W26/><AGARI ba="0,1" hai="17,20,26,55,58,62,81,85,89,92,97,100,118,119" machi="26" ten="30,4000,0" yaku="21,2,0,1,53,0" doraHai="68" doraHaiUra="104" who="3" fromWho="3" sc="327,-10,109,-20,336,-10,218,50" /><INIT seed="2,0,0,0,0,123" ten="317,89,326,268" oya="2" hai0="7,118,46,95,74,44,111,129,23,25,133,8,69" hai1="26,56,90,15,73,106,16,71,9,28,41,109,61" hai2="72,20,5,4,49,104,10,55,131,70,36,99,27" hai3="68,50,91,32,19,78,115,18,98,92,93,101,2"/><V105/><F36/><W83/><G115/><T125/><D74/><U127/><E73/><V126/><F72/><W110/><G68/><T53/><D118/><U35/><E71/><V47/><F70/><W107/><G2/><T33/><D69/><U31/><E127/><V42/><F126/><W34/><G50/><T120/><D125/><U119/><E119/><V134/><F131/><W132/><G132/><T66/><D129/><U37/><E106/><V130/><F130/><W76/><G34/><T79/><D33/><U82/><E31/><V30/><F134/><W29/><G29/><T22/><D133/><U121/><E121/><V60/><F99/><W80/><G32/><T85/><D120/><U86/><E41/><V64/><F42/><W75/><G18/><T58/><D66/><U116/><E37/><V94/><F5/><W81/><G19/><T100/><D111/><U1/><E116/><V6/><F6/><W112/><G112/><T14/><D23/><U13/><E109/><V40/><F40/><W54/><G54/><T45/><D79/><N who="3" m="30249" /><G110/><T21/><D25/><U87/><E1/><V89/><F60/><W122/><G122/><T59/><D59/><U97/><E15/><V96/><REACH who="2" step="1"/><F64/><REACH who="2" ten="317,89,316,268" step="2"/><W103/><G75/><T48/><REACH who="0" step="1"/><D85/><REACH who="0" ten="307,89,316,268" step="2"/><N who="1" m="50487" /><E97/><AGARI ba="0,2" hai="7,8,14,21,22,44,45,46,48,53,58,95,97,100" machi="97" ten="40,2600,0" yaku="1,1,8,1,53,0" doraHai="123" doraHaiUra="77" who="0" fromWho="1" sc="307,46,89,-26,316,0,268,0" /><INIT seed="3,0,0,3,3,111" ten="353,63,316,268" oya="3" hai0="46,118,79,114,100,90,131,71,34,101,40,15,67" hai1="63,69,50,88,82,104,78,110,9,74,35,83,86" hai2="41,32,130,120,105,5,76,59,20,122,94,3,102" hai3="8,64,11,126,66,23,27,18,0,85,29,99,45"/><W60/><G126/><T87/><D118/><U48/><E110/><V51/><F32/><W115/><G115/><T81/><D114/><U56/><E35/><V57/><F105/><W38/><G99/><T134/><D34/><U132/><E104/><V53/><F130/><W107/><G107/><T133/><D131/><U19/><E69/><V4/><F76/><W10/><G85/><T109/><D109/><U70/><E70/><V47/><F20/><W6/><G64/><T89/><D67/><U127/><E132/><N who="0" m="50793" /><D15/><U13/><REACH who="1" step="1"/><E127/><REACH who="1" ten="353,53,316,268" step="2"/><V21/><F120/><W14/><G38/><N who="0" m="21783" /><D71/><U1/><E1/><V128/><F122/><W117/><G117/><T72/><D72/><U61/><E61/><V31/><F128/><W129/><G129/><T91/><AGARI ba="0,1" hai="79,81,87,89,90,91,100,101" m="21783,50793" machi="91" ten="30,1100,0" yaku="20,1" doraHai="111" who="0" fromWho="0" sc="353,21,53,-3,316,-3,268,-5" /><INIT seed="4,0,0,5,1,18" ten="374,50,313,263" oya="0" hai0="14,31,37,39,108,35,133,42,32,29,113,1,59" hai1="77,123,10,120,121,92,48,93,89,124,63,117,56" hai2="40,106,99,125,51,22,86,104,109,75,0,97,62" hai3="12,26,128,54,130,60,57,27,85,33,100,7,50"/><T2/><D108/><U72/><E117/><V34/><F34/><W84/><G100/><T132/><D59/><U102/><E48/><V114/><F0/><N who="0" m="106" /><D14/><U41/><E41/><V43/><F75/><W58/><G7/><T38/><D42/><U81/><E10/><V47/><F109/><W78/><G12/><T87/><D87/><U49/><E49/><V71/><F43/><W119/><G119/><T53/><D53/><U67/><E102/><V13/><F114/><W90/><G78/><T23/><D23/><U9/><E124/><V30/><F125/><W11/><G11/><T131/><D131/><N who="3" m="50217" /><G33/><N who="0" m="12875" /><D113/><U3/><E89/><V6/><F104/><W91/><G84/><T115/><D115/><U76/><E76/><V118/><F118/><W64/><G91/><T94/><D94/><AGARI ba="0,0" hai="26,27,50,54,57,58,60,64,85,90,94" m="50217" machi="94" ten="30,1000,0" yaku="19,1" doraHai="18" who="3" fromWho="0" sc="374,-10,50,0,313,0,263,10" /><INIT seed="5,0,0,2,3,65" ten="364,50,313,273" oya="1" hai0="32,76,129,46,10,47,101,55,50,75,91,79,41" hai1="24,28,13,106,109,108,60,0,94,88,30,98,31" hai2="113,131,59,42,123,33,73,125,17,23,58,135,93" hai3="48,84,80,16,27,20,25,115,18,29,44,70,95"/><U82/><E0/><V22/><F33/><W67/><G115/><T7/><D75/><U96/><E24/><V4/><F73/><W1/><G1/><T89/><D32/><U69/><E82/><V72/><F72/><W2/><G2/><T83/><D101/><U122/><E122/><V40/><F123/><W43/><G95/><T37/><D129/><U99/><E13/><V49/><F4/><W36/><G36/><T78/><REACH who="0" step="1"/><D83/><REACH who="0" ten="354,50,313,273" step="2"/><U102/><REACH who="1" step="1"/><E99/><REACH who="1" ten="354,40,313,273" step="2"/><V100/><F131/><W132/><G80/><T63/><D63/><U119/><E119/><V45/><F125/><W61/><G132/><T90/><D90/><U62/><E62/><V133/><F133/><W114/><G61/><T3/><AGARI ba="0,2" hai="3,7,10,37,41,46,47,50,55,76,78,79,89,91" machi="3" ten="30,2000,0" yaku="1,1,0,1,53,0" doraHai="65" doraHaiUra="8" who="0" fromWho="0" sc="354,40,40,-10,313,-5,273,-5" /><INIT seed="6,0,0,2,0,65" ten="394,30,308,268" oya="2" hai0="51,7,82,55,77,39,22,61,94,133,91,45,21" hai1="85,33,108,24,130,23,121,54,124,56,44,29,8" hai2="101,50,0,86,38,100,28,69,109,1,98,78,93" hai3="131,112,11,57,96,114,58,129,116,40,135,120,47"/><V13/><F38/><W25/><G116/><T18/><D39/><U107/><E108/><V95/><F109/><W122/><G135/><T103/><D103/><U4/><E121/><N who="3" m="46698" /><G96/><T41/><D7/><U80/><E107/><V90/><F28/><W67/><G25/><T79/><D133/><U3/><E124/><V126/><F126/><W35/><G11/><T81/><D22/><U9/><E44/><V16/><F69/><W19/><G19/><T70/><D70/><U105/><E105/><V123/><F123/><W30/><G30/><T74/><D74/><U111/><E130/><N who="3" m="49674" /><G35/><T68/><D68/><U89/><E9/><V71/><F71/><W37/><G67/><T12/><D79/><U92/><E111/><V27/><F27/><W119/><G119/><T36/><D77/><U66/><E66/><V132/><F132/><W53/><G58/><N who="0" m="35039" /><D36/><U14/><E92/><V49/><F78/><W52/><G53/><T110/><D110/><U62/><E33/><V83/><F1/><W60/><AGARI ba="0,0" hai="37,40,47,52,57,60,112,114" m="49674,46698" machi="60" ten="40,8000,1" yaku="19,1,34,2,54,1" doraHai="65" who="3" fromWho="3" sc="394,-20,30,-20,308,-40,268,80" /><INIT seed="7,0,0,0,1,92" ten="374,10,268,348" oya="3" hai0="21,14,7,97,6,120,61,10,102,118,112,42,33" hai1="22,34,18,117,83,30,67,40,81,35,116,129,16" hai2="100,41,68,109,82,89,54,135,44,98,65,43,66" hai3="76,119,9,77,25,5,123,39,125,50,84,86,101"/><W110/><G39/><T107/><D120/><U63/><E40/><V17/><F109/><W93/><G119/><N who="1" m="45642" /><E129/><V26/><F135/><W95/><G123/><T15/><D33/><N who="1" m="12299" /><E30/><V1/><F1/><W124/><G110/><T3/><D42/><U4/><E4/><V134/><F134/><W47/><G25/><T51/><D118/><U121/><E121/><V38/><F43/><W127/><G101/><T74/><D74/><U0/><E0/><V131/><F131/><W37/><G37/><T122/><D122/><U49/><E49/><V2/><F2/><N who="3" m="183" /><G86/><T72/><D72/><U64/><E22/><V36/><F36/><W48/><G48/><T58/><D51/><U52/><E52/><V70/><F70/><W108/><G108/><T56/><D7/><U111/><E111/><V85/><F68/><W12/><G12/><T88/><D21/><U80/><E63/><V90/><F54/><N who="3" m="30047" /><G84/><T45/><D45/><U8/><E8/><V73/><F73/><W130/><G130/><T60/><D3/><U27/><E27/><V113/><F113/><W126/><N who="3" m="31744" /><DORA hai="103" /><W99/><G99/><T75/><D75/><U105/><E105/><V78/><F66/><AGARI ba="0,0" hai="16,18,64,66,67,80,81,83" m="12299,45642" machi="66" ten="40,8000,1" yaku="28,2,12,1,54,1" doraHai="92,103" who="1" fromWho="2" sc="374,0,10,80,268,-80,348,0" owari="374,47.0,90,-41.0,188,-21.0,348,15.0" /></mjloggm>