<mjloggm ver="2.3"><GO type="233" lobby="0"/><UN n0="%E3%81%B5%E3%81%8A%E3%82%93%E3%83%BB%E3%82%B6%E3%83%BB%E5%A4%96%E9%81%93" n1="%6D%61%74%69%67%75%73%61" n2="%E3%83%81%E3%83%BC%E3%82%BF%E3%83%BC" n3="%E3%82%A6%E3%83%AB%E3%83%88%E3%83%A9%E7%AB%8B%E7%9B%B4" dan="16,16,17,18" rate="2107.04,2145.92,2195.39,2163.90" sx="F,M,M,M"/><TAIKYOKU oya="0"/><INIT seed="0,0,0,2,0,60" ten="250,250,250,250" oya="0" hai0="90,69,18,55,51,15,89,107,13,28,40,54,105" hai1="83,101,110,115,38,87,42,12,37,17,66,100,6" hai2="23,26,20,79,7,114,72,74,96,52,134,16,59" hai3="99,111,25,9,120,118,14,84,122,32,45,70,58"/><T33/><D69/><U119/><E119/><V97/><F114/><W98/><G70/><T77/><D77/><U123/><E115/><V88/><F134/><W1/><G1/><T39/><D39/><U130/><E123/><N who="3" m="47146" /><G118/><T113/><D113/><U65/><E6/><V132/><F132/><W85/><G45/><T91/><D40/><U19/><E110/><V5/><F74/><W10/><G10/><T106/><D18/><U53/><E130/><V41/><F41/><W27/><G58/><T128/><D128/><U125/><E125/><V127/><F127/><W48/><G48/><T67/><D67/><N who="1" m="25611" /><E38/><V30/><F79/><W8/><G32/><T0/><D0/><U71/><E71/><V76/><F76/><W36/><G36/><T109/><D109/><U24/><E37/><V108/><F72/><W47/><G111/><T80/><D80/><U112/><E112/><V135/><F135/><W3/><G3/><T31/><D33/><U57/><E42/><V11/><F108/><W93/><G8/><T126/><D126/><U68/><E68/><V117/><F11/><W44/><G9/><T56/><REACH who="0" step="1"/><D55/><REACH who="0" ten="240,250,250,250" step="2"/><U29/><E29/><AGARI ba="0,1" hai="13,15,28,29,31,51,54,56,89,90,91,105,106,107" machi="29" ten="50,4800,0" yaku="1,1,2,1,53,0" doraHai="60" doraHaiUra="4" who="0" fromWho="1" sc="240,58,250,-48,250,0,250,0" /><INIT seed="0,1,0,4,2,133" ten="298,202,250,250" oya="0" hai0="99,35,49,27,58,94,108,0,122,68,2,84,18" hai1="92,53,132,33,50,54,131,30,110,43,111,69,125" hai2="4,103,135,15,81,56,52,130,37,40,10,106,127" hai3="5,114,77,55,21,32,19,26,118,6,123,36,61"/><T117/><D68/><U20/><E33/><V25/><F135/><W85/><G36/><T28/><D122/><U129/><E132/><V119/><F119/><W12/><G118/><T3/><D117/><U7/><E7/><V97/><F130/><N who="1" m="49673" /><E30/><V87/><F127/><W89/><G114/><T38/><D38/><U13/><E20/><V100/><F25/><W96/><G123/><T104/><D104/><U63/><E13/><V42/><F100/><W120/><G120/><T93/><D108/><N who="1" m="41515" /><E92/><V116/><F37/><W115/><G115/><T9/><D84/><U79/><E79/><V86/><F116/><W16/><G32/><T23/><D9/><U121/><E121/><V107/><F107/><W134/><G134/><T66/><D99/><U11/><E11/><V41/><REACH who="2" step="1"/><F81/><REACH who="2" ten="298,202,240,250" step="2"/><W72/><G26/><T31/><D35/><U64/><E125/><V60/><AGARI ba="1,1" hai="4,10,15,40,41,42,52,56,60,86,87,97,103,106" machi="60" ten="30,7900,0" yaku="1,1,2,1,0,1,54,1,53,0" doraHai="133" doraHaiUra="126" who="2" fromWho="2" sc="298,-40,202,-21,240,92,250,-21" /><INIT seed="1,0,0,4,5,100" ten="258,181,332,229" oya="1" hai0="2,76,62,111,29,118,14,131,17,129,73,82,46" hai1="63,5,77,117,134,59,97,19,102,108,110,89,90" hai2="74,109,94,107,22,80,78,28,106,4,113,104,99" hai3="39,10,34,66,11,87,112,32,88,71,69,86,85"/><U23/><E5/><V8/><F113/><W50/><G39/><T35/><D2/><U103/><E77/><V60/><F109/><N who="1" m="42089" /><E117/><V56/><F22/><W95/><G50/><T26/><D111/><U70/><E70/><V123/><F123/><W38/><G38/><T18/><D118/><U54/><E134/><V53/><F28/><W98/><G112/><T55/><D18/><U16/><E102/><V91/><REACH who="2" step="1"/><F107/><REACH who="2" ten="258,181,322,229" step="2"/><W52/><G34/><N who="0" m="20791" /><D131/><U68/><E68/><V48/><F48/><W128/><G32/><T61/><D35/><U43/><E43/><V24/><F24/><W126/><G69/><T7/><D129/><U13/><E19/><V45/><F45/><W101/><G128/><T130/><D17/><U114/><E114/><V119/><F119/><W1/><G71/><T47/><D130/><U121/><E121/><V84/><F84/><W105/><G105/><AGARI ba="0,1" hai="13,16,23,54,59,63,89,90,97,103,105" m="42089" machi="105" ten="30,11600,0" yaku="14,1,10,1,52,1,54,1" doraHai="100" who="1" fromWho="3" sc="258,0,181,126,322,0,229,-116" /><INIT seed="1,1,0,5,5,32" ten="258,307,322,113" oya="1" hai0="4,130,35,52,1,129,3,19,30,103,78,71,109" hai1="107,64,60,72,79,135,110,0,39,131,21,124,59" hai2="115,22,11,31,84,86,14,36,24,121,40,132,17" hai3="54,99,74,91,55,56,87,125,61,119,49,43,88"/><U81/><E107/><V122/><F132/><W75/><G125/><T127/><D71/><U117/><E117/><V9/><F115/><W106/><G43/><T16/><D109/><U134/><E39/><V23/><F122/><W5/><G119/><T118/><D127/><U63/><E124/><V20/><F121/><W26/><G5/><T128/><D118/><U18/><E131/><V76/><F76/><W25/><G75/><T133/><D133/><N who="1" m="50699" /><E60/><V38/><F38/><W69/><G74/><T58/><D103/><U41/><E41/><V7/><F40/><W10/><G10/><T53/><D78/><U8/><E110/><V70/><F70/><W80/><G69/><T48/><D53/><U83/><E83/><V34/><REACH who="2" step="1"/><F36/><REACH who="2" ten="258,307,312,113" step="2"/><W47/><REACH who="3" step="1"/><G106/><REACH who="3" ten="258,307,312,103" step="2"/><T90/><D129/><U85/><E72/><V104/><F104/><W98/><G98/><T15/><D130/><U116/><E116/><V105/><F105/><W57/><G57/><T82/><D58/><U92/><E59/><V28/><F28/><W51/><G51/><T67/><D48/><U114/><E114/><V112/><F112/><W33/><G33/><T97/><D30/><U94/><E63/><V62/><F62/><W65/><G65/><T44/><D35/><U120/><E64/><V13/><AGARI ba="1,2" hai="7,9,11,13,14,17,20,22,23,24,31,34,84,86" machi="13" ten="30,2000,0" yaku="1,1,0,1,53,0" doraHai="32" doraHaiUra="66" who="2" fromWho="2" sc="258,-6,307,-11,312,43,103,-6" /><INIT seed="2,0,0,5,0,76" ten="252,296,355,97" oya="2" hai0="109,115,97,52,127,30,59,61,67,130,13,68,8" hai1="112,99,134,21,120,105,133,82,75,46,77,51,22" hai2="64,18,47,50,91,102,63,15,27,117,80,34,10" hai3="2,132,104,78,88,94,3,32,48,55,100,14,116"/><V111/><F117/><W29/><G116/><T123/><D123/><U106/><E112/><V23/><F34/><W62/><G132/><N who="1" m="50794" /><E120/><V84/><F111/><W90/><G78/><T93/><D115/><U69/><E69/><V17/><F102/><W126/><G126/><T4/><D127/><U40/><E99/><V66/><REACH who="2" step="1"/><F63/><REACH who="2" ten="252,296,345,97" step="2"/><W119/><G62/><T58/><D109/><U28/><E28/><V98/><F98/><W56/><G29/><T5/><D30/><U96/><E96/><V43/><AGARI ba="0,1" hai="10,15,17,18,23,27,43,47,50,64,66,80,84,91" machi="43" ten="20,18000,2" yaku="1,1,0,1,7,1,8,1,52,1,53,1" doraHai="76" doraHaiUra="83" who="2" fromWho="2" sc="252,-60,296,-60,345,190,97,-60" /><INIT seed="2,1,0,3,0,59" ten="192,236,535,37" oya="2" hai0="61,76,56,18,109,67,83,20,82,87,5,77,116" hai1="100,93,7,80,135,65,105,106,31,86,38,40,46" hai2="9,3,129,28,50,39,15,49,78,41,99,130,32" hai3="10,12,42,96,64,47,102,114,0,131,107,71,35"/><V74/><F3/><W52/><G131/><T37/><D109/><U124/><E31/><V25/><F99/><W45/><G114/><T60/><D37/><U75/><E124/><V84/><F74/><W48/><G35/><T57/><D5/><U54/><E135/><V19/><F39/><W66/><G0/><T2/><D2/><U43/><E43/><V121/><F121/><W24/><G24/><T110/><D110/><U23/><E7/><V73/><F73/><W62/><G66/><T113/><D113/><U81/><E23/><V85/><F85/><W95/><G107/><T51/><D51/><U89/><E65/><V53/><F41/><W72/><G72/><T101/><D101/><U103/><E54/><V27/><F27/><W36/><G10/><T4/><D4/><U30/><E46/><V11/><F11/><W63/><REACH who="3" step="1"/><G62/><REACH who="3" ten="192,236,535,27" step="2"/><N who="0" m="24171" /><D67/><U69/><E75/><V34/><F34/><W55/><G55/><T119/><D116/><U90/><E105/><V26/><F26/><W126/><G126/><T14/><D119/><U44/><E106/><V92/><F129/><W134/><G134/><T94/><D94/><U108/><E93/><V122/><F130/><W133/><G133/><T22/><D20/><U120/><E40/><V1/><F1/><W118/><G118/><T97/><D97/><U128/><E128/><V88/><F92/><W104/><G104/><T98/><D98/><U115/><E115/><V117/><F32/><W79/><G79/><T6/><D76/><U91/><E108/><V21/><F117/><W132/><G132/><T112/><D77/><RYUUKYOKU ba="1,1" sc="192,-10,236,-10,535,-10,27,30" hai3="12,36,42,45,47,48,52,63,64,71,95,96,102" /><INIT seed="3,2,1,1,0,70" ten="182,226,525,57" oya="3" hai0="77,33,20,23,0,42,43,114,35,52,10,44,7" hai1="47,54,99,66,57,29,27,93,116,84,58,132,75" hai2="115,53,100,79,2,64,90,80,48,87,130,41,125" hai3="4,14,111,121,105,1,106,83,34,67,91,61,128"/><W102/><G121/><T13/><D114/><U46/><E75/><V101/><F115/><W126/><G126/><T32/><D77/><U119/><E84/><V89/><F2/><W86/><G128/><T127/><D127/><U16/><E66/><V15/><F125/><W135/><G135/><T24/><D0/><U12/><E132/><V60/><F41/><W82/><G111/><T21/><REACH who="0" step="1"/><D24/><REACH who="0" ten="172,226,525,57" step="2"/><U8/><E119/><V6/><F79/><W28/><G1/><T133/><D133/><U17/><E116/><V38/><F130/><W118/><G118/><T103/><D103/><U36/><E27/><V78/><F101/><W97/><G106/><T63/><D63/><U104/><E104/><V19/><F100/><W131/><G131/><T98/><D98/><U56/><E99/><V31/><F78/><W18/><G97/><T107/><D107/><U113/><E113/><V123/><F60/><W49/><G102/><T25/><D25/><U120/><E120/><V3/><F3/><W40/><G105/><T134/><D134/><U110/><E110/><V122/><F122/><W96/><G96/><T9/><D9/><U72/><E8/><V37/><F123/><W74/><G61/><T129/><D129/><U81/><E72/><V30/><F90/><W59/><G74/><T95/><D95/><U39/><E93/><V73/><F73/><W51/><G91/><T69/><D69/><U109/><E109/><V88/><F89/><W65/><G82/><T85/><D85/><U62/><E81/><V71/><F80/><W112/><G83/><T108/><D108/><RYUUKYOKU ba="2,2" sc="172,30,226,-10,525,-10,57,-10" hai0="7,10,13,20,21,23,32,33,35,42,43,44,52" /><INIT seed="4,3,2,5,1,40" ten="202,216,515,47" oya="0" hai0="16,104,113,120,36,83,14,93,110,39,13,29,47" hai1="98,133,89,57,72,55,103,30,80,122,43,19,100" hai2="24,8,126,90,10,15,124,44,58,67,82,26,74" hai3="0,109,95,99,56,53,6,84,42,11,59,3,45"/><T51/><D104/><U18/><E122/><V85/><F74/><W88/><G109/><T2/><D120/><U132/><E30/><V69/><F69/><W134/><G134/><N who="1" m="51818" /><E43/><V38/><F10/><W66/><G66/><T75/><D2/><U87/><E72/><V49/><F38/><W4/><G53/><T62/><D110/><U50/><E103/><V65/><F126/><W79/><G4/><T108/><D29/><U115/><E115/><V34/><F124/><W12/><G3/><T1/><D1/><U116/><E116/><V41/><F34/><W28/><G28/><T118/><D118/><U105/><AGARI ba="3,2" hai="18,19,50,55,57,80,87,89,98,100,105" m="51818" machi="105" ten="30,1100,0" yaku="20,1" doraHai="40" who="1" fromWho="1" sc="202,-8,216,40,515,-6,47,-6" /><INIT seed="5,0,0,4,3,14" ten="194,256,509,41" oya="1" hai0="102,42,89,59,15,21,135,12,78,61,125,123,104" hai1="11,46,8,110,27,3,108,55,34,73,122,18,23" hai2="100,84,99,29,111,44,39,70,69,82,0,26,31" hai3="130,109,68,95,30,76,33,67,52,6,35,49,88"/><U40/><E73/><V65/><F0/><W118/><G109/><N who="1" m="42090" /><E122/><V36/><F111/><W103/><G118/><T56/><D78/><U129/><E129/><V7/><F7/><W2/><G130/><T71/><D71/><U105/><E105/><V96/><F44/><W91/><G76/><T75/><D75/><U114/><E114/><V47/><F47/><W38/><G38/><T106/><D89/><U128/><E128/><V64/><F26/><W48/><G48/><T115/><D115/><U50/><E3/><V94/><F84/><W85/><G91/><T63/><D102/><U43/><E34/><V20/><F82/><W51/><G103/><T131/><D131/><U93/><E93/><V121/><F100/><W37/><G35/><T124/><D42/><AGARI ba="0,0" hai="8,11,18,23,27,40,42,43,46,50,55" m="42090" machi="42" ten="30,2900,0" yaku="10,1,52,1" doraHai="14" who="1" fromWho="0" sc="194,-29,256,29,509,0,41,0" /><INIT seed="5,1,0,4,2,47" ten="165,285,509,41" oya="1" hai0="93,20,83,1,114,127,123,33,43,23,16,130,100" hai1="82,60,134,87,63,29,99,55,129,17,58,115,27" hai2="28,31,101,12,39,24,67,68,121,49,106,8,11" hai3="86,42,98,30,13,2,69,5,65,54,73,88,81"/><U117/><E117/><V97/><F39/><W38/><G2/><T131/><D1/><U25/><E115/><V4/><F121/><W3/><G3/><T36/><D33/><U75/><E75/><V96/><F96/><W111/><G111/><T9/><D123/><U133/><E129/><N who="0" m="49161" /><D83/><U18/><E99/><V61/><F11/><W15/><G42/><T74/><D74/><U56/><E87/><V78/><F78/><W126/><G38/><T41/><D114/><U84/><E84/><V113/><F113/><W62/><G126/><T14/><D127/><U107/><E82/><V10/><F10/><W52/><G73/><T109/><D109/><U34/><E107/><V122/><F122/><W110/><G110/><T37/><D93/><U132/><REACH who="1" step="1"/><E27/><REACH who="1" ten="165,275,509,41" step="2"/><V77/><F24/><W116/><G116/><T79/><D79/><U71/><E71/><V19/><F77/><W70/><G70/><T124/><D124/><U51/><E51/><V76/><F76/><W105/><G98/><T118/><D36/><U108/><E108/><V66/><F49/><W102/><G105/><T50/><D50/><U59/><E59/><V6/><F68/><W92/><G81/><T21/><D37/><U103/><E103/><V85/><F85/><W53/><G102/><T22/><N who="0" m="5120" /><DORA hai="135" /><T95/><D118/><U89/><E89/><V0/><F106/><W90/><G90/><T40/><D100/><U80/><E80/><V128/><F101/><W35/><G88/><T94/><AGARI ba="1,1" hai="9,14,16,40,41,43,94,95" m="5120,49161" machi="94" ten="50,3200,0" yaku="19,1,54,1" doraHai="47,135" who="0" fromWho="0" sc="165,45,275,-17,509,-9,41,-9" /><INIT seed="6,0,0,2,0,93" ten="210,258,500,32" oya="2" hai0="34,37,59,38,15,85,106,27,84,98,44,74,12" hai1="68,130,126,0,94,103,115,55,14,23,79,101,31" hai2="134,83,99,43,95,8,120,63,110,29,77,64,133" hai3="47,132,127,19,5,21,122,118,35,135,91,81,4"/><V49/><F120/><W78/><G35/><T9/><D74/><U128/><E0/><V56/><F110/><W46/><G122/><T109/><D109/><U69/><E115/><V13/><F29/><W123/><G91/><T33/><D59/><U131/><E126/><V75/><F43/><W20/><G123/><T18/><D44/><U112/><E112/><V67/><F49/><W124/><G118/><T40/><D40/><U66/><E79/><V1/><F1/><W107/><G107/><T2/><D2/><U97/><E66/><V102/><REACH who="2" step="1"/><F67/><REACH who="2" ten="210,258,490,32" step="2"/><W58/><G124/><T117/><D117/><U61/><E31/><V41/><F41/><W116/><G127/><T57/><D38/><U25/><E131/><V6/><AGARI ba="0,1" hai="6,8,13,56,63,64,75,77,83,95,99,102,133,134" machi="6" ten="30,11700,0" yaku="1,1,0,1,52,1,53,1" doraHai="93" doraHaiUra="76" who="2" fromWho="2" sc="210,-39,258,-39,490,127,32,-39" owari="171,-23.0,219,2.0,617,72.0,-7,-51.0" /></mjloggm>