<mjloggm ver="2.3"><GO type="169" lobby="0"/><UN n0="%E7%B4%A0%E6%9C%B4%E3%81%AA%E5%91%B3%E3%82%8F%E3%81%84" n1="%E3%82%A6%E3%83%AB%E3%83%88%E3%83%A9%E7%AB%8B%E7%9B%B4" n2="%E3%81%A0%E3%81%A3%E3%81%A6%E3%81%84%E3%81%86" n3="%E5%8F%A4%E5%B7%9D%E8%AA%A0%E5%A4%AA%E9%83%8E" dan="16,16,17,17" rate="2100.61,2106.17,2146.01,2164.25" sx="M,M,M,M"/><TAIKYOKU oya="0"/><INIT seed="0,0,0,3,2,65" ten="250,250,250,250" oya="0" hai0="91,119,61,100,6,36,21,98,37,109,38,99,41" hai1="116,32,112,76,54,130,63,127,18,90,15,102,66" hai2="43,22,82,49,134,13,133,108,80,44,96,11,113" hai3="69,4,107,2,25,73,126,95,132,28,81,31,106"/><T122/><D119/><U39/><E116/><V87/><F108/><W19/><G132/><N who="2" m="50793" /><F113/><W46/><G126/><T83/><D122/><U121/><E121/><V7/><F87/><W114/><G114/><T5/><D109/><U12/><E39/><V125/><F125/><W86/><G73/><T48/><D61/><U72/><E32/><V124/><F124/><W59/><G46/><T10/><D21/><U71/><E102/><V29/><F96/><W70/><G95/><T85/><D48/><U110/><E15/><V94/><F94/><W51/><G106/><T120/><D120/><U52/><E127/><V3/><F3/><W117/><G107/><T93/><D41/><U35/><E35/><V9/><F9/><W1/><G117/><T57/><D57/><U111/><E112/><V60/><F60/><W131/><G1/><T104/><REACH who="0" step="1"/><D10/><REACH who="0" ten="240,250,250,250" step="2"/><N who="1" m="6423" /><E111/><V105/><F22/><W115/><G59/><T42/><D42/><U55/><E110/><V8/><F8/><W84/><G115/><T45/><D45/><U101/><E63/><V17/><F44/><W128/><G51/><T14/><D14/><U56/><E56/><V64/><F13/><W34/><G2/><T58/><D58/><U89/><E55/><V0/><F49/><W50/><G50/><T33/><D33/><U53/><E52/><V27/><F43/><W97/><G34/><T74/><D74/><U118/><E53/><V23/><F23/><W129/><G129/><T92/><D92/><U24/><E54/><V103/><F105/><W20/><G131/><T40/><D40/><U75/><E130/><RYUUKYOKU ba="0,1" sc="240,30,250,-10,250,-10,250,-10" hai0="5,6,36,37,38,83,85,91,93,98,99,100,104" /><INIT seed="0,1,1,5,4,47" ten="270,240,240,240" oya="0" hai0="128,65,119,83,26,37,32,5,67,114,33,27,106" hai1="12,31,56,80,81,28,46,8,77,94,38,134,35" hai2="126,52,90,108,97,116,34,23,109,99,82,29,91" hai3="24,105,96,48,62,103,45,53,3,68,115,84,20"/><T7/><D114/><U104/><E104/><V129/><F116/><W123/><G115/><T87/><D106/><U17/><E134/><V127/><F34/><W102/><G123/><T107/><D107/><U25/><E31/><V66/><F66/><W16/><G3/><T49/><D37/><U95/><E56/><V60/><F129/><W58/><G68/><T2/><D119/><U132/><E132/><V64/><F64/><W43/><G103/><T36/><D36/><U112/><E112/><V121/><F121/><W19/><REACH who="3" step="1"/><G84/><REACH who="3" ten="270,240,240,230" step="2"/><T57/><D2/><U98/><E98/><V69/><F69/><W125/><G125/><T63/><D87/><U86/><E80/><V101/><F82/><W51/><G51/><T79/><D83/><U73/><E86/><V10/><F101/><W42/><G42/><T135/><D49/><U120/><E120/><V4/><F99/><W18/><AGARI ba="1,2" hai="16,18,19,20,24,43,45,48,53,58,62,96,102,105" machi="18" ten="20,8000,1" yaku="1,1,0,1,7,1,52,1,54,1,53,0" doraHai="47" doraHaiUra="111" who="3" fromWho="3" sc="270,-41,240,-21,240,-21,230,103" /><INIT seed="1,0,0,5,1,29" ten="229,219,219,333" oya="1" hai0="54,84,104,118,12,61,130,56,52,82,78,17,19" hai1="28,10,92,23,129,49,124,102,122,35,57,83,48" hai2="72,36,5,125,37,90,95,0,13,65,58,81,77" hai3="131,110,41,74,120,119,116,133,73,46,40,4,97"/><U93/><E122/><V60/><F125/><W22/><G120/><T64/><D118/><U75/><E124/><V45/><F0/><W91/><G110/><T53/><D104/><U86/><E129/><V25/><F45/><W66/><G131/><T33/><D130/><U15/><E75/><V123/><F123/><W105/><G133/><T100/><D100/><U134/><E35/><V135/><F135/><W69/><G4/><T132/><D132/><U99/><E93/><V121/><F121/><W109/><G109/><T55/><D33/><U42/><E134/><V80/><F80/><W63/><G22/><T115/><D115/><U51/><E57/><V103/><F103/><N who="3" m="62703" /><G91/><T31/><D31/><U26/><E42/><N who="3" m="16490" /><G46/><T16/><REACH who="0" step="1"/><D12/><REACH who="0" ten="219,219,219,333" step="2"/><U9/><REACH who="1" step="1"/><E15/><REACH who="1" ten="219,209,219,333" step="2"/><V24/><F13/><W113/><G113/><T114/><D114/><U94/><E94/><V6/><F95/><W71/><G119/><T127/><D127/><U111/><E111/><V39/><F24/><W27/><G27/><T44/><D44/><U89/><AGARI ba="0,2" hai="9,10,23,26,28,48,49,51,83,86,89,92,99,102" machi="89" ten="30,11700,0" yaku="1,1,0,1,8,1,53,1" doraHai="29" doraHaiUra="76" who="1" fromWho="1" sc="219,-39,209,137,219,-39,333,-39" /><INIT seed="1,1,0,0,0,60" ten="180,346,180,294" oya="1" hai0="21,2,58,96,95,87,126,43,91,92,54,9,0" hai1="103,106,48,101,13,90,128,56,93,23,85,82,33" hai2="78,50,16,83,67,35,102,105,26,81,6,76,107" hai3="45,89,121,27,135,113,64,112,111,88,97,39,104"/><U122/><E33/><V22/><F35/><W14/><G121/><T68/><D68/><U7/><E106/><V15/><F102/><W24/><G111/><T61/><D126/><U131/><E122/><V127/><F127/><W25/><G135/><T70/><D43/><U94/><E7/><V75/><F50/><W125/><G125/><T69/><D21/><U77/><E13/><V63/><F15/><W80/><G14/><T42/><D42/><U34/><E23/><V20/><F20/><W44/><G39/><T116/><D116/><U5/><E5/><V29/><F29/><W30/><G30/><T36/><D36/><U49/><E34/><V65/><F6/><W71/><G80/><T98/><D87/><N who="1" m="48591" /><E56/><V108/><F108/><W32/><G27/><T123/><D123/><U46/><E46/><V79/><F79/><W12/><G12/><T84/><D84/><N who="1" m="52423" /><E49/><V37/><F37/><W110/><G110/><T55/><D70/><U120/><E48/><V119/><F119/><W115/><G115/><T17/><D69/><U53/><E53/><V132/><F132/><W47/><G47/><T1/><D17/><U124/><E120/><V86/><REACH who="2" step="1"/><F63/><REACH who="2" ten="180,346,170,294" step="2"/><N who="3" m="40351" /><G32/><T10/><REACH who="0" step="1"/><D55/><REACH who="0" ten="170,346,170,294" step="2"/><U129/><E124/><V114/><F114/><W133/><G113/><T8/><D8/><U73/><E73/><V38/><F38/><W99/><G112/><T52/><D52/><U72/><E72/><V134/><F134/><W57/><G133/><T4/><D4/><U130/><E130/><V40/><F40/><W118/><G118/><T31/><D31/><U41/><E41/><RYUUKYOKU ba="1,2" sc="170,10,346,10,170,10,294,-30" hai0="0,1,2,9,10,54,58,61,91,92,95,96,98" hai1="85,94,101,103,128,129,131" hai2="16,22,26,65,67,75,76,78,81,83,86,105,107" /><INIT seed="1,2,2,3,0,80" ten="180,356,180,264" oya="1" hai0="86,56,21,14,46,100,32,85,81,115,116,106,8" hai1="39,73,128,90,28,117,112,48,68,107,44,122,43" hai2="18,113,9,104,38,51,58,11,127,129,109,7,82" hai3="121,77,25,108,49,84,6,92,88,60,63,34,37"/><U135/><RYUUKYOKU type="yao9" ba="2,2" sc="180,0,356,0,180,0,264,0" hai1="28,39,43,44,48,68,73,90,107,112,117,122,128,135" /><INIT seed="1,3,2,1,1,53" ten="180,356,180,264" oya="1" hai0="126,52,59,58,4,129,33,128,68,113,61,49,31" hai1="8,86,80,102,21,76,75,34,32,25,22,105,10" hai2="42,19,131,28,134,100,104,30,84,111,101,124,7" hai3="20,79,23,133,95,87,14,110,130,83,15,5,99"/><U55/><E75/><V17/><F7/><W125/><G110/><T73/><D73/><U63/><E34/><V118/><F111/><W132/><G125/><T64/><D4/><U82/><E32/><V97/><F124/><W98/><G130/><N who="0" m="50283" /><D31/><N who="1" m="17847" /><E105/><V115/><F131/><W85/><G5/><T88/><D33/><U90/><E102/><V24/><F118/><W66/><G66/><T71/><D126/><U39/><E39/><V16/><F134/><N who="3" m="51819" /><G87/><T18/><D18/><U3/><E3/><V65/><F65/><W11/><G99/><T35/><D35/><U44/><E80/><V74/><F101/><N who="3" m="60639" /><G15/><T121/><D121/><U94/><E82/><V29/><F74/><W77/><G77/><T62/><D88/><U119/><E76/><V112/><F84/><W107/><G107/><T135/><D135/><U93/><E119/><V51/><F24/><W81/><G81/><T117/><D117/><U2/><E94/><V69/><F69/><N who="0" m="26698" /><D62/><U78/><E78/><V56/><F42/><W122/><G122/><T26/><D26/><U96/><E2/><V46/><F46/><W72/><G72/><T13/><D13/><U43/><E43/><V103/><REACH who="2" step="1"/><F100/><REACH who="2" ten="180,356,170,264" step="2"/><W120/><G120/><T27/><D27/><U41/><E41/><V0/><F0/><W40/><G40/><T123/><D123/><U57/><E44/><V108/><F108/><W47/><G47/><T12/><D12/><U45/><E45/><V127/><F127/><W114/><G85/><T9/><D9/><N who="1" m="3691" /><E86/><V89/><F89/><W70/><G11/><T1/><D1/><U60/><E90/><RYUUKYOKU ba="3,3" sc="180,15,356,-15,170,15,264,-15" hai0="49,52,58,59,61,64,113" hai2="16,17,19,28,29,30,51,56,97,103,104,112,115" /><INIT seed="2,4,3,3,4,48" ten="195,341,185,249" oya="2" hai0="122,92,75,126,132,102,34,36,14,49,26,4,3" hai1="51,70,76,83,105,22,119,133,54,129,71,82,20" hai2="57,41,12,114,37,113,120,1,47,55,61,30,127" hai3="0,64,73,104,58,10,43,107,5,19,27,77,85"/><V125/><F1/><W118/><G118/><T131/><D122/><U52/><E105/><V78/><F30/><W50/><G73/><T59/><D75/><U88/><E119/><V68/><F12/><W86/><G43/><T56/><D36/><U100/><E100/><V21/><F21/><W8/><G64/><T98/><D131/><U112/><E112/><N who="2" m="43115" /><F78/><W63/><G63/><T130/><D130/><U91/><E129/><V89/><F89/><W110/><G110/><T128/><D128/><U40/><E76/><V9/><F9/><W69/><G69/><T103/><D3/><U60/><E20/><V93/><F93/><W6/><G104/><T109/><D34/><U32/><E22/><V17/><F17/><W81/><G107/><T97/><D26/><U111/><E83/><V94/><F94/><W121/><G121/><T35/><D35/><U72/><E82/><V101/><F101/><W65/><G86/><T38/><D38/><U116/><E91/><V96/><F96/><W29/><G19/><T117/><D4/><U115/><E88/><V31/><F31/><W84/><G81/><T28/><D28/><U24/><E72/><V13/><F120/><W95/><G77/><T33/><D14/><U80/><E24/><V90/><F90/><W18/><G18/><T67/><D102/><U23/><E80/><V87/><F87/><W15/><G95/><T53/><D98/><U2/><E115/><V99/><F99/><W62/><REACH who="3" step="1"/><G50/><REACH who="3" ten="195,341,185,239" step="2"/><T44/><D49/><U11/><E2/><V7/><F68/><W45/><G45/><T74/><D44/><RYUUKYOKU ba="4,4" sc="195,-15,341,-15,185,15,239,15" hai2="7,13,37,41,47,55,57,61,125,127" hai3="0,5,6,8,10,15,27,29,58,62,65,84,85" /><INIT seed="2,5,4,5,5,35" ten="180,326,200,254" oya="2" hai0="13,70,121,117,12,8,75,93,43,33,125,29,63" hai1="113,16,78,38,42,64,130,34,118,135,40,48,46" hai2="128,126,21,87,77,92,47,74,106,69,19,18,124" hai3="133,123,79,56,127,109,132,32,82,5,31,103,91"/><V80/><F106/><W14/><G123/><T134/><D121/><U50/><E34/><V102/><F128/><W23/><G109/><T65/><D75/><U9/><E113/><V120/><F120/><W27/><G127/><N who="2" m="48681" /><F69/><W115/><G103/><T11/><D125/><U30/><E118/><V67/><F67/><W110/><G110/><T0/><D117/><U52/><E130/><V104/><F47/><W81/><G115/><T83/><D134/><N who="3" m="51817" /><G91/><T55/><D43/><N who="1" m="24671" /><E38/><V119/><F119/><W90/><G90/><T28/><D83/><N who="3" m="31753" /><G79/><T61/><D93/><U129/><E64/><V68/><F68/><W89/><G89/><T20/><D33/><U10/><E78/><V22/><F104/><W84/><G84/><T4/><D20/><N who="2" m="7786" /><F87/><W72/><G72/><T58/><REACH who="0" step="1"/><D12/><REACH who="0" ten="170,326,200,254" step="2"/><N who="1" m="7191" /><E129/><V51/><F51/><W122/><G122/><T98/><D98/><AGARI ba="5,5" hai="18,19,74,77,80,92,98,102" m="7786,48681" machi="98" ten="30,1500,0" yaku="18,1" doraHai="35" who="2" fromWho="0" sc="170,-30,326,0,200,80,254,0" /><INIT seed="2,6,0,1,1,15" ten="140,326,280,254" oya="2" hai0="3,44,135,64,34,76,58,107,92,39,61,17,112" hai1="78,65,19,120,84,134,80,87,48,14,115,72,0" hai2="103,16,129,40,89,36,49,121,97,29,94,109,42" hai3="79,99,123,30,28,75,59,13,100,111,71,45,98"/><V104/><F121/><W50/><G71/><T67/><D112/><U122/><E0/><V2/><F29/><W9/><G111/><T127/><D107/><U113/><E65/><V25/><F2/><W102/><G123/><N who="1" m="47146" /><E48/><V126/><F109/><W110/><G110/><T74/><D34/><U118/><E118/><V56/><F129/><W33/><G79/><T83/><D127/><U124/><E124/><V128/><F128/><W96/><G75/><T23/><D135/><U69/><E69/><V125/><F125/><W88/><G59/><T70/><D3/><U85/><E134/><V81/><F36/><W117/><G88/><T66/><D70/><U95/><E95/><N who="2" m="58815" /><F81/><W18/><G117/><T8/><D8/><AGARI ba="6,0" hai="8,14,19,72,78,80,84,85,87,113,115" m="47146" machi="8" ten="30,2000,0" yaku="13,1,52,1" doraHai="15" who="1" fromWho="0" sc="140,-38,326,38,280,0,254,0" /><INIT seed="3,0,0,5,4,22" ten="102,364,280,254" oya="3" hai0="51,2,28,23,102,61,133,88,17,42,117,104,132" hai1="18,73,90,56,112,0,121,15,128,11,118,93,72" hai2="76,53,52,29,1,34,97,44,89,69,99,33,16" hai3="24,92,123,66,20,78,80,26,35,55,101,31,107"/><W14/><G123/><T75/><D117/><U25/><E112/><V59/><F69/><W32/><G107/><T120/><D2/><U108/><E121/><V5/><F76/><W57/><G66/><T13/><D120/><U37/><E37/><V41/><F5/><W100/><G14/><T67/><D75/><U60/><E0/><V65/><F1/><W83/><G92/><T127/><D127/><U36/><E36/><V135/><F65/><W91/><G91/><T94/><D28/><U47/><E47/><V39/><F135/><W84/><G80/><T43/><D102/><U8/><E8/><V134/><F134/><N who="0" m="51818" /><D104/><U126/><E126/><V79/><F79/><W64/><G64/><T71/><D51/><U30/><E128/><V130/><F130/><W110/><G110/><T21/><D21/><U85/><E118/><V125/><F125/><W12/><G12/><T62/><D62/><U6/><E108/><V9/><F29/><W45/><G45/><T68/><D68/><U129/><E129/><V77/><F77/><W58/><G35/><T19/><D19/><U98/><E18/><V4/><F16/><W54/><G100/><T7/><D7/><U113/><E72/><V119/><F119/><W96/><G101/><T116/><D116/><U40/><E73/><V114/><F33/><W82/><G82/><T124/><D124/><U48/><E6/><V81/><F34/><W86/><G86/><AGARI ba="0,0" hai="13,17,23,42,43,61,67,71,86,88,94" m="51818" machi="86" ten="30,2000,0" yaku="20,1,54,1" doraHai="22" who="0" fromWho="3" sc="102,20,364,0,280,0,254,-20" /><INIT seed="4,0,0,4,4,52" ten="122,364,280,234" oya="0" hai0="15,2,96,18,75,69,25,73,68,19,63,67,54" hai1="65,79,132,40,102,92,85,120,23,108,42,9,6" hai2="57,14,5,46,7,51,70,93,38,134,0,21,12" hai3="11,123,44,53,66,28,110,35,4,8,112,95,105"/><T45/><D2/><U124/><E108/><V55/><F70/><W31/><G110/><T30/><D68/><U27/><E120/><V82/><F134/><W50/><G105/><T97/><D75/><U64/><E124/><V106/><F106/><W99/><G123/><T118/><D73/><U131/><E131/><V78/><F0/><W13/><G112/><T86/><D118/><U61/><E132/><V74/><F93/><W81/><G35/><T135/><D135/><U87/><E79/><V101/><F101/><W122/><G122/><T104/><D86/><U129/><E129/><V59/><F38/><W60/><G11/><T39/><D104/><U16/><E87/><N who="2" m="48599" /><F14/><W43/><G43/><T98/><D15/><N who="1" m="5559" /><E65/><V26/><F74/><W115/><G81/><T111/><D111/><U117/><E117/><V121/><F121/><W100/><REACH who="3" step="1"/><G115/><REACH who="3" ten="122,364,280,224" step="2"/><T126/><D126/><U71/><E42/><V119/><F119/><W94/><G94/><T47/><D39/><U125/><E92/><V83/><F83/><W91/><G91/><T84/><D84/><U22/><E85/><V107/><F107/><W24/><G24/><T41/><D41/><U36/><E40/><V34/><F34/><W62/><G62/><T56/><D25/><U76/><E27/><V113/><F113/><W58/><AGARI ba="0,1" hai="4,8,13,28,31,44,50,53,58,60,66,95,99,100" machi="58" ten="20,8000,1" yaku="1,1,0,1,7,1,8,1,52,1,53,0" doraHai="52" doraHaiUra="133" who="3" fromWho="3" sc="122,-40,364,-20,280,-20,224,90" /><INIT seed="5,0,0,3,5,113" ten="82,344,260,314" oya="1" hai0="21,105,80,85,14,72,18,135,12,86,57,102,131" hai1="65,74,20,56,110,97,119,15,129,101,95,68,128" hai2="4,29,60,115,76,111,88,53,66,81,99,121,61" hai3="9,104,106,22,84,17,1,96,13,114,70,78,27"/><U26/><E74/><V79/><F111/><W45/><G70/><T46/><D72/><U40/><E110/><V0/><F121/><W123/><G123/><T10/><D131/><N who="1" m="50251" /><E40/><V125/><F115/><W16/><G114/><T69/><D69/><U116/><E15/><V52/><F29/><W30/><G96/><T83/><D135/><U126/><E68/><V73/><F125/><W117/><G117/><N who="1" m="45130" /><E126/><V89/><F73/><W48/><G1/><T41/><D102/><U75/><E75/><V47/><F0/><W67/><G106/><T36/><D105/><U107/><E107/><V5/><F66/><W54/><G67/><T94/><D57/><U92/><E92/><V133/><F133/><W71/><G71/><T62/><D94/><U33/><E33/><V64/><F64/><W38/><G104/><T63/><D83/><U127/><E127/><V35/><F81/><N who="3" m="47159" /><G38/><T82/><D82/><U98/><E98/><V28/><F35/><W103/><G103/><T37/><D37/><U58/><E65/><V39/><F99/><W134/><G134/><T43/><D43/><U50/><E50/><V100/><F39/><W51/><G51/><T124/><D124/><U108/><E108/><V90/><F53/><W118/><G118/><T93/><D93/><U91/><E101/><V24/><F52/><W49/><G49/><T59/><D80/><U109/><E109/><V120/><F100/><W2/><G13/><T31/><D14/><U132/><E132/><V130/><F130/><W6/><G54/><N who="0" m="34167" /><D63/><U55/><E55/><V32/><F60/><W11/><G48/><RYUUKYOKU ba="0,0" sc="82,15,344,15,260,-15,314,-15" hai0="10,12,18,21,31,36,41,46,85,86" hai1="20,26,56,58,91,95,97" /><INIT seed="5,1,0,2,4,24" ten="97,359,245,299" oya="1" hai0="71,81,77,10,45,131,60,114,120,112,5,86,64" hai1="4,54,56,108,59,82,115,83,127,8,90,111,110" hai2="113,22,126,80,48,70,33,65,39,117,78,7,123" hai3="19,42,32,6,20,100,27,23,13,15,124,36,105"/><U72/><E127/><V132/><F22/><W74/><G74/><T29/><D131/><U0/><E115/><V75/><F7/><W25/><G124/><T62/><D120/><U67/><E72/><V76/><F48/><W14/><G42/><T53/><D45/><U18/><E90/><V57/><F57/><W40/><G40/><T97/><D97/><U68/><E68/><V26/><F26/><N who="3" m="14623" /><G36/><T118/><D118/><U61/><REACH who="1" step="1"/><E18/><REACH who="1" ten="97,349,245,299" step="2"/><V30/><F70/><W58/><G100/><T104/><D114/><U134/><E134/><V122/><F75/><W44/><G32/><T1/><D112/><U92/><E92/><V34/><F132/><W103/><G105/><T85/><D104/><U69/><E69/><V102/><F113/><W47/><G103/><T128/><D128/><U12/><E12/><V49/><F126/><W52/><G6/><T46/><D5/><U16/><E16/><V17/><F17/><N who="3" m="12527" /><G27/><T88/><D1/><U41/><E41/><V116/><F117/><W96/><G96/><T37/><D37/><U11/><E11/><V28/><F39/><W106/><G106/><T38/><D10/><U43/><E43/><V2/><F116/><W125/><G125/><T107/><D38/><U91/><E91/><V95/><F2/><W101/><G101/><T133/><D107/><U35/><E35/><V129/><F102/><W21/><G21/><T135/><D133/><U50/><AGARI ba="1,1" hai="0,4,8,50,54,56,59,61,67,82,83,108,110,111" machi="50" ten="30,6000,0" yaku="1,1,0,1,10,1,53,0" doraHai="24" doraHaiUra="94" who="1" fromWho="1" sc="97,-21,349,73,245,-21,299,-21" /><INIT seed="5,2,0,2,4,134" ten="76,422,224,278" oya="1" hai0="108,52,6,71,103,17,129,123,64,20,94,38,127" hai1="70,60,14,21,34,98,25,81,1,109,84,135,121" hai2="24,35,120,62,114,7,132,96,85,4,57,0,74" hai3="13,130,91,47,87,124,83,33,12,55,105,125,28"/><U44/><E1/><V59/><F74/><W69/><G105/><T45/><D108/><U73/><E73/><V19/><F132/><W102/><G69/><T23/><D129/><U16/><E121/><V88/><F120/><W61/><G102/><T39/><D123/><U36/><E135/><V82/><F114/><W46/><G130/><T78/><D6/><U97/><E109/><V41/><F0/><W42/><G46/><T117/><D117/><U68/><E68/><V15/><F41/><W75/><G75/><T5/><D5/><U118/><E118/><V93/><F24/><N who="3" m="18567" /><G55/><T92/><D78/><U66/><E44/><V37/><F35/><W101/><G61/><T31/><D31/><U95/><E36/><V77/><F37/><N who="3" m="21967" /><G101/><T40/><D39/><U32/><E95/><V133/><F59/><W76/><G91/><T107/><D107/><U126/><E34/><V122/><F122/><W90/><G90/><T116/><D116/><U9/><E32/><V29/><F29/><W100/><G100/><T54/><D23/><U53/><E53/><N who="2" m="34095" /><F133/><W2/><G2/><T112/><D112/><U104/><E104/><V11/><AGARI ba="2,0" hai="4,7,11,15,19,77,82,85,88,93,96" m="34095" machi="11" ten="30,2000,0" yaku="8,1,54,1" doraHai="134" who="2" fromWho="2" sc="76,-7,422,-12,224,26,278,-7" /><INIT seed="6,0,0,5,3,57" ten="69,410,250,271" oya="2" hai0="4,58,34,56,94,10,102,123,101,130,31,91,79" hai1="69,0,28,36,59,54,75,38,29,113,49,108,42" hai2="1,93,90,66,77,46,103,71,111,99,88,43,104" hai3="20,25,3,30,105,116,2,35,72,16,15,61,52"/><V110/><F1/><W117/><G105/><T98/><D123/><U6/><E75/><V18/><F77/><W128/><G72/><T92/><D130/><U53/><E38/><V67/><F18/><W89/><G128/><T87/><D34/><U115/><E36/><N who="2" m="21863" /><F71/><W33/><G33/><T118/><D31/><U9/><E69/><V70/><F70/><W17/><G89/><N who="2" m="34409" /><F93/><W119/><REACH who="3" step="1"/><G17/><REACH who="3" ten="69,410,250,261" step="2"/><T100/><D118/><U14/><E29/><V47/><F47/><W51/><G51/><T85/><D4/><U41/><E28/><V37/><F37/><W133/><G133/><T121/><D121/><U22/><E49/><V65/><F104/><W74/><G74/><T40/><D10/><U19/><E9/><V39/><F39/><W50/><G50/><T76/><D40/><U60/><E42/><V135/><F135/><W106/><G106/><N who="0" m="63767" /><D56/><AGARI ba="0,1" hai="2,3,15,16,20,25,30,35,52,56,61,116,117,119" machi="56" ten="40,8000,1" yaku="1,1,52,1,54,2,53,0" doraHai="57" doraHaiUra="126" who="3" fromWho="0" sc="69,-80,410,0,250,0,261,90" owari="-11,-51.0,410,51.0,250,-15.0,351,15.0" /></mjloggm>