<mjloggm ver="2.3"><GO type="169" lobby="0"/><UN n0="%E5%82%B7%E3%81%AF%E6%B5%85%E3%81%84%E3%81%86%E3%81%A1%E3%81%AB" n1="%E3%81%A4%E3%81%A3%E3%81%8D%EF%BD%9E%32%6E%64" n2="%E3%82%A6%E3%83%AB%E3%83%88%E3%83%A9%E7%AB%8B%E7%9B%B4" n3="%E3%82%AD%E3%83%A9%E3%83%BC%E3%83%9E%E3%82%B8%E3%83%B3%E3%82%AC%E6%A7%98" dan="16,16,17,16" rate="2077.37,2123.79,2148.57,2090.69" sx="M,F,M,M"/><TAIKYOKU oya="0"/><INIT seed="0,0,0,1,2,40" ten="250,250,250,250" oya="0" hai0="69,49,67,32,95,16,102,71,31,47,82,109,29" hai1="44,77,107,35,9,12,135,86,56,19,90,43,27" hai2="104,15,103,73,110,113,46,96,23,124,81,26,4" hai3="3,106,83,42,34,53,68,54,10,41,132,114,64"/><T130/><D32/><U20/><E35/><V98/><F113/><W116/><G106/><T33/><D33/><U78/><E135/><V129/><F110/><W61/><G114/><T74/><D109/><U2/><E2/><V14/><F124/><W94/><G116/><T127/><D127/><U125/><E107/><V24/><F129/><W80/><G34/><T111/><D111/><U28/><E56/><V105/><F23/><W48/><G132/><T8/><D71/><U52/><E125/><V122/><F81/><W119/><G119/><T1/><D130/><U21/><E21/><V0/><F4/><W89/><G3/><T50/><D1/><U88/><E90/><V100/><F0/><W5/><G54/><N who="0" m="30015" /><D74/><U38/><REACH who="1" step="1"/><E52/><REACH who="1" ten="250,240,250,250" step="2"/><V123/><REACH who="2" step="1"/><F73/><REACH who="2" ten="250,240,240,250" step="2"/><W58/><G80/><AGARI ba="0,2" hai="9,12,19,20,27,28,38,43,44,77,78,80,86,88" machi="80" ten="30,8000,1" yaku="1,1,2,1,7,1,52,1,54,1,53,0" doraHai="40" doraHaiUra="55" who="1" fromWho="3" sc="250,0,240,100,240,0,250,-80" /><INIT seed="1,0,0,0,5,125" ten="250,340,240,170" oya="1" hai0="71,77,53,64,25,122,5,46,89,15,80,70,16" hai1="130,26,62,105,40,3,117,60,108,28,86,128,84" hai2="127,61,29,104,1,69,107,4,12,113,30,131,24" hai3="123,75,56,54,63,31,48,73,19,114,101,74,78"/><U27/><E117/><V83/><F12/><W124/><G123/><T103/><D122/><U6/><E105/><N who="2" m="40523" /><F30/><W50/><G114/><T116/><D116/><U90/><E108/><V133/><F83/><W34/><G101/><T95/><D103/><U39/><E39/><V66/><F113/><W132/><G124/><T35/><D64/><U97/><E40/><V49/><F49/><W82/><G132/><T0/><D0/><U88/><E97/><V2/><F127/><W72/><REACH who="3" step="1"/><G19/><REACH who="3" ten="250,340,240,160" step="2"/><T99/><D16/><U93/><E6/><V76/><F133/><W85/><G85/><T45/><D5/><U32/><E3/><V100/><F100/><W109/><G109/><T59/><D99/><U98/><E98/><V65/><F4/><W43/><G43/><T94/><D35/><U96/><E96/><V135/><F135/><W33/><G33/><T17/><D17/><U111/><E111/><V51/><F1/><W9/><G9/><T8/><D8/><U47/><E32/><V55/><F2/><W14/><G14/><T79/><D15/><U22/><E22/><V44/><F24/><AGARI ba="0,1" hai="24,31,34,48,50,54,56,63,72,73,74,75,78,82" machi="24" ten="40,1300,0" yaku="1,1,53,0" doraHai="125" doraHaiUra="120" who="3" fromWho="2" sc="250,0,340,0,240,-13,160,23" /><INIT seed="2,0,0,2,0,118" ten="250,340,227,183" oya="2" hai0="92,110,54,99,101,25,33,122,63,0,35,91,77" hai1="31,9,111,130,127,109,124,42,128,18,20,38,2" hai2="97,78,19,133,121,51,125,23,94,117,88,83,6" hai3="102,126,45,55,80,36,57,81,32,65,96,52,10"/><V14/><F117/><W8/><G32/><T87/><D0/><U132/><E38/><V15/><F125/><N who="1" m="48201" /><E42/><V41/><F133/><W50/><G126/><T28/><D110/><N who="1" m="41995" /><E31/><V84/><F121/><W60/><G36/><T82/><D122/><U46/><E46/><N who="2" m="26063" /><F6/><W26/><G26/><AGARI ba="0,0" hai="14,15,19,23,26,78,83,84,88,94,97" m="26063" machi="26" ten="30,2900,0" yaku="8,1,54,1" doraHai="118" who="2" fromWho="3" sc="250,0,340,0,227,29,183,-29" /><INIT seed="2,1,0,3,2,88" ten="250,340,256,154" oya="2" hai0="8,13,69,50,31,42,37,93,84,2,81,103,130" hai1="27,102,89,59,20,45,135,17,36,101,133,14,127" hai2="86,39,34,87,92,111,60,85,16,54,83,53,110" hai3="79,72,132,22,90,30,105,52,68,47,23,123,1"/><V21/><F34/><W7/><G123/><T66/><D2/><U97/><E127/><V96/><F39/><W44/><G105/><T11/><D37/><U19/><E89/><V118/><F83/><W128/><G68/><T119/><D130/><U82/><E82/><V107/><F107/><W43/><G128/><T78/><D31/><U41/><E59/><V65/><F118/><W64/><G64/><T58/><D69/><U122/><E122/><V100/><F65/><W120/><G120/><T38/><D38/><U67/><E67/><V3/><F3/><W10/><G132/><N who="1" m="50762" /><E97/><V106/><F106/><W56/><G79/><T48/><D42/><U25/><E25/><N who="2" m="14503" /><F60/><W70/><G70/><T4/><D11/><AGARI ba="1,0" hai="11,14,17,19,20,27,36,41,45,101,102" m="50762" machi="11" ten="30,1000,0" yaku="20,1" doraHai="88" who="1" fromWho="0" sc="250,-13,340,13,256,0,154,0" /><INIT seed="3,0,0,0,4,110" ten="237,353,256,154" oya="3" hai0="114,118,122,33,56,93,74,48,45,27,98,95,120" hai1="101,51,63,94,77,75,40,53,50,80,38,49,14" hai2="72,132,42,68,10,52,96,58,22,8,116,2,54" hai3="15,133,104,30,29,1,91,113,131,89,73,66,24"/><W69/><G1/><T6/><D6/><U128/><E128/><V83/><F116/><W19/><G73/><T0/><D0/><U28/><E38/><V57/><F68/><W115/><G104/><T11/><D11/><U107/><E107/><V99/><F42/><W70/><G131/><T109/><D74/><U65/><E40/><V85/><F72/><W129/><G129/><T35/><D56/><U13/><E53/><V23/><F2/><W21/><G133/><T64/><D64/><U62/><E28/><V5/><F85/><W86/><G30/><N who="0" m="19679" /><D35/><U9/><E65/><V46/><F83/><W36/><G36/><T134/><D98/><U92/><E13/><V81/><F81/><W7/><G7/><T121/><D118/><U119/><E119/><V12/><F12/><W34/><G91/><T31/><D31/><U127/><E101/><V78/><F5/><W39/><G39/><T111/><D134/><U25/><E25/><V79/><F132/><W18/><G18/><T44/><D114/><U130/><E130/><V4/><F4/><W82/><REACH who="3" step="1"/><G66/><REACH who="3" ten="237,353,256,144" step="2"/><T32/><D121/><U20/><E75/><V55/><F79/><W41/><G41/><N who="0" m="24591" /><D122/><U43/><E43/><V135/><F78/><W67/><G67/><T106/><D120/><U90/><E90/><V102/><F135/><W16/><G16/><T112/><D106/><U59/><E77/><V117/><F117/><W103/><G103/><T97/><D111/><U17/><E17/><V100/><F54/><W3/><G3/><T125/><D109/><U61/><E14/><V123/><F123/><RYUUKYOKU ba="0,1" sc="237,-15,353,-15,256,15,144,15" hai2="8,10,22,23,46,52,55,57,58,96,99,100,102" hai3="15,19,21,24,29,34,69,70,82,86,89,113,115" /><INIT seed="3,1,1,1,0,9" ten="222,338,271,159" oya="3" hai0="98,99,40,75,132,85,29,25,95,120,41,30,113" hai1="110,104,101,7,18,74,116,96,102,13,56,81,80" hai2="68,82,122,20,106,14,55,60,111,84,21,42,118" hai3="133,15,100,70,77,131,61,93,54,94,107,127,86"/><W78/><G107/><T8/><D75/><U28/><E110/><V53/><F106/><W0/><G0/><T51/><D120/><U57/><E7/><V26/><F118/><W47/><G133/><T90/><D132/><U35/><E116/><V105/><F105/><W44/><G70/><T37/><D37/><U22/><E101/><V88/><F111/><W59/><G131/><T91/><D113/><U65/><E65/><V125/><F125/><W31/><G31/><N who="0" m="11787" /><D25/><U128/><E128/><V67/><F122/><W83/><G127/><T11/><D99/><U129/><E129/><V123/><F123/><W64/><G78/><T36/><D36/><U52/><E74/><V48/><F26/><W23/><G100/><T63/><D63/><U115/><E57/><N who="2" m="34879" /><F67/><W109/><G109/><T33/><D33/><U71/><E71/><V66/><F66/><W32/><G32/><T117/><D117/><U134/><E134/><V79/><F42/><N who="0" m="16490" /><D51/><U6/><E115/><V39/><F39/><W46/><REACH who="3" step="1"/><G64/><REACH who="3" ten="222,338,271,149" step="2"/><T89/><D91/><U130/><E130/><V17/><F68/><W135/><G135/><T5/><D5/><U12/><E35/><V62/><F79/><W3/><G3/><T1/><D1/><U76/><E28/><V19/><F88/><W97/><G97/><T50/><D90/><U114/><E114/><V119/><F119/><W126/><G126/><T73/><D98/><U121/><E121/><V4/><F84/><W103/><G103/><T38/><D73/><U124/><E124/><V43/><F4/><W112/><G112/><T49/><D38/><RYUUKYOKU ba="1,2" sc="222,15,338,-15,271,-15,149,15" hai0="8,11,49,50,85,89,95" hai3="15,23,44,46,47,54,59,61,77,83,86,93,94" /><INIT seed="3,2,2,4,5,95" ten="237,323,256,164" oya="3" hai0="4,121,80,106,64,122,19,113,111,47,56,79,115" hai1="69,32,30,129,116,52,33,84,44,97,29,82,42" hai2="25,17,110,93,85,35,31,3,67,27,11,59,58" hai3="14,39,38,60,117,24,6,54,123,57,131,23,107"/><W61/><G117/><T94/><D4/><U112/><E112/><N who="0" m="43081" /><D106/><U90/><E69/><V0/><F110/><W5/><G123/><T86/><D111/><U36/><E116/><V66/><F35/><W109/><G107/><T103/><D19/><U48/><E129/><V2/><F31/><N who="3" m="17823" /><G39/><T88/><D47/><U7/><E7/><N who="3" m="2570" /><G38/><T18/><D18/><U77/><E32/><V119/><F119/><W1/><G1/><T16/><D16/><U26/><E30/><V51/><F17/><W12/><G109/><T134/><D103/><U87/><E36/><V104/><F104/><W22/><G131/><T37/><D37/><U53/><REACH who="1" step="1"/><E97/><REACH who="1" ten="237,313,256,164" step="2"/><V40/><F0/><W102/><G22/><T105/><D122/><U28/><E28/><V91/><F2/><W8/><G102/><T72/><D121/><U34/><E34/><V108/><F3/><W135/><G135/><T92/><D134/><U127/><E127/><V74/><F108/><W55/><G8/><T75/><D105/><U62/><E62/><V21/><F11/><W13/><G60/><N who="0" m="37895" /><D94/><AGARI ba="2,3" hai="26,29,33,42,44,48,52,53,77,82,84,87,90,94" machi="94" ten="30,3900,0" yaku="1,1,7,1,54,1,53,0" doraHai="95" doraHaiUra="128" who="1" fromWho="0" sc="237,-45,313,75,256,0,164,0" /><INIT seed="4,0,0,5,0,6" ten="192,388,256,164" oya="0" hai0="72,97,37,47,75,31,0,35,30,36,104,7,78" hai1="120,118,123,59,70,101,51,73,53,66,4,94,22" hai2="88,98,130,99,33,34,119,44,115,3,45,128,80" hai3="91,24,93,50,1,61,125,46,23,85,74,79,111"/><T58/><D58/><U60/><E73/><N who="0" m="28233" /><D30/><U134/><E4/><V114/><F80/><W63/><G1/><T83/><D78/><U102/><E22/><V135/><F3/><W87/><G74/><T106/><D83/><U126/><E118/><V8/><F119/><W41/><G111/><T48/><D48/><U82/><E82/><V55/><F55/><W65/><G125/><T117/><D117/><U20/><E126/><V11/><REACH who="2" step="1"/><F88/><REACH who="2" ten="192,388,246,164" step="2"/><W39/><G91/><T18/><D0/><U69/><E53/><V113/><F113/><W100/><G79/><T43/><D97/><U129/><E123/><V67/><F67/><W122/><G65/><T109/><D109/><U40/><E66/><V62/><F62/><W54/><G61/><T9/><D43/><U86/><E40/><V27/><F27/><W21/><G63/><T12/><D12/><U132/><E60/><V108/><F108/><W81/><G81/><T26/><D26/><U96/><E120/><V133/><AGARI ba="0,1" hai="8,11,33,34,44,45,98,99,114,115,128,130,133,135" machi="133" ten="25,12000,2" yaku="1,1,0,1,22,2,52,2,53,0" doraHai="6" doraHaiUra="17" who="2" fromWho="2" sc="192,-60,388,-30,246,130,164,-30" /><INIT seed="5,0,0,4,3,50" ten="132,358,376,134" oya="1" hai0="31,29,92,113,41,48,72,12,124,62,8,125,26" hai1="13,17,98,95,96,49,67,58,46,133,69,57,71" hai2="74,129,78,106,25,61,54,100,64,110,6,4,38" hai3="39,132,89,135,115,23,105,24,45,44,118,66,97"/><U76/><E133/><N who="3" m="51274" /><G115/><T121/><D121/><U75/><E75/><V63/><F38/><W0/><G0/><T81/><D113/><U120/><E120/><V34/><F110/><W87/><G39/><T82/><D62/><U11/><E76/><V103/><F78/><W88/><G66/><T16/><D92/><U5/><E98/><V114/><F103/><N who="3" m="62703" /><G118/><T104/><D104/><U73/><E73/><V3/><F74/><W86/><G86/><T122/><D122/><U126/><E126/><N who="0" m="48745" /><D72/><U18/><E71/><V21/><F34/><W99/><G99/><T85/><D85/><U59/><E69/><V123/><F106/><W37/><G37/><T130/><D130/><U70/><E70/><V84/><F84/><W127/><G127/><T93/><D93/><U53/><REACH who="1" step="1"/><E67/><REACH who="1" ten="132,348,376,134" step="2"/><V1/><F64/><W7/><G87/><T111/><D82/><U52/><E52/><V109/><F54/><W90/><G7/><T83/><D83/><U14/><E14/><V51/><F6/><W117/><G117/><T68/><D68/><U27/><E27/><V35/><F25/><W119/><G119/><T9/><D81/><U40/><E40/><V36/><F4/><W10/><G24/><T108/><D108/><U77/><E77/><V56/><F109/><W47/><G90/><AGARI ba="0,1" hai="5,11,13,17,18,46,49,53,57,58,59,90,95,96" machi="90" ten="40,7700,0" yaku="1,1,8,1,52,1,53,0" doraHai="50" doraHaiUra="80" who="1" fromWho="3" sc="132,0,348,87,376,0,134,-77" /><INIT seed="5,1,0,0,3,50" ten="132,435,376,57" oya="1" hai0="44,5,25,116,34,22,9,30,60,41,132,133,79" hai1="77,40,135,43,70,120,106,15,65,100,130,78,0" hai2="57,125,58,102,26,10,36,101,115,68,17,128,11" hai3="82,112,47,80,131,46,6,83,75,63,109,113,21"/><U67/><E120/><V62/><F36/><W117/><G109/><T121/><D116/><U88/><E0/><V86/><F68/><W71/><G117/><T110/><D110/><U18/><E130/><V16/><F128/><W81/><G131/><T32/><D79/><N who="1" m="30219" /><E100/><N who="2" m="38507" /><F125/><W91/><G75/><T93/><D60/><U28/><E106/><V105/><F105/><W24/><G6/><T94/><D121/><U19/><E28/><V111/><F111/><W14/><G14/><N who="0" m="5423" /><D94/><U90/><E135/><N who="0" m="51785" /><D93/><U12/><E70/><V122/><F122/><W35/><G91/><N who="1" m="34858" /><E12/><V123/><F123/><W119/><G119/><T20/><D34/><U51/><E51/><AGARI ba="1,0" hai="20,22,25,30,32,41,44,51" m="51785,5423" machi="51" ten="30,1000,0" yaku="20,1" doraHai="50" who="0" fromWho="1" sc="132,13,435,-13,376,0,57,0" /><INIT seed="6,0,0,4,1,107" ten="145,422,376,57" oya="2" hai0="95,51,19,94,4,36,53,135,45,111,23,89,1" hai1="97,54,86,119,13,105,24,103,56,125,59,17,109" hai2="74,26,75,72,33,20,2,27,131,18,127,64,99" hai3="12,134,129,48,0,61,15,42,39,116,70,82,3"/><V31/><F127/><W121/><G116/><T102/><D111/><U106/><E109/><V88/><F131/><W22/><G121/><T128/><D128/><U11/><E119/><V80/><F2/><W84/><G39/><T130/><D130/><U112/><E125/><V114/><F114/><W66/><G134/><T133/><D36/><U10/><E112/><V63/><F99/><W91/><G129/><T69/><D69/><U132/><E132/><N who="0" m="50761" /><D102/><U108/><E108/><V5/><F5/><W6/><G0/><T123/><D89/><U30/><E86/><V81/><REACH who="2" step="1"/><F88/><REACH who="2" ten="145,422,366,57" step="2"/><W117/><G117/><T62/><D4/><U49/><E106/><V21/><F21/><W29/><G3/><T118/><D1/><U68/><E10/><V83/><F83/><W58/><G6/><T60/><D118/><U41/><E105/><V57/><AGARI ba="0,1" hai="18,20,26,27,31,33,57,63,64,72,74,75,80,81" machi="57" ten="30,18000,2" yaku="1,1,0,1,52,3,53,1" doraHai="107" doraHaiUra="25" who="2" fromWho="2" sc="145,-60,422,-60,366,190,57,-60" owari="85,-31.0,362,16.0,556,65.0,-3,-50.0" /></mjloggm>