<mjloggm ver="2.3"><GO type="169" lobby="0"/><UN n0="%64%61%69%31%32%31%32" n1="%28%C2%B4%E3%83%BB%D1%81%5F%E3%83%BB%EF%BD%80%29" n2="%E3%81%92%E3%82%93%E3%81%9F%E3%82%8D%EF%BD%9E" n3="%E3%82%A6%E3%83%AB%E3%83%88%E3%83%A9%E7%AB%8B%E7%9B%B4" dan="16,16,17,16" rate="2065.30,2077.83,2162.47,2097.32" sx="M,M,M,M"/><TAIKYOKU oya="0"/><INIT seed="0,0,0,5,1,93" ten="250,250,250,250" oya="0" hai0="83,15,120,44,133,35,26,106,52,112,84,54,65" hai1="105,77,102,64,25,22,45,131,6,94,101,132,20" hai2="30,67,95,17,130,117,8,27,100,61,91,114,18" hai3="43,71,98,97,110,56,23,134,4,129,50,5,24"/><T111/><D112/><U72/><E131/><V31/><F114/><W88/><G71/><T92/><D120/><U34/><E132/><V73/><F73/><W16/><G129/><T55/><D106/><U41/><E6/><N who="3" m="2666" /><G134/><T103/><D133/><U68/><E102/><V57/><F130/><W76/><G76/><T122/><D122/><U28/><E94/><V124/><F124/><W10/><G110/><T39/><D111/><U119/><E77/><V135/><F135/><W21/><G10/><T1/><D1/><U75/><E20/><N who="2" m="13711" /><F100/><W113/><G113/><T115/><D115/><U0/><E22/><V19/><F117/><W11/><G11/><T123/><D123/><U107/><E107/><V48/><F48/><W126/><G126/><T29/><D15/><U89/><E89/><V79/><F79/><W40/><G88/><N who="0" m="51231" /><D35/><U47/><E0/><V86/><F8/><W118/><G118/><T125/><D39/><N who="1" m="21695" /><E47/><V96/><F86/><W14/><G40/><T7/><D7/><U104/><E119/><V13/><F13/><W127/><G127/><T49/><D125/><U59/><E105/><V2/><F2/><W46/><G56/><T58/><D58/><U51/><E59/><V36/><F36/><W53/><G43/><T66/><D44/><U78/><E78/><V69/><F69/><W90/><G90/><T80/><D103/><U87/><E87/><V85/><F85/><W108/><G108/><T81/><D92/><U12/><E12/><V37/><F37/><W32/><G32/><N who="0" m="20535" /><D49/><U74/><E51/><V9/><F9/><W121/><G121/><RYUUKYOKU ba="0,0" sc="250,10,250,-30,250,10,250,10" hai0="52,54,55,65,66,80,81" hai2="18,19,30,31,57,61,67,91,95,96" hai3="14,16,21,23,24,46,50,53,97,98" /><INIT seed="0,1,0,2,1,56" ten="260,220,260,260" oya="0" hai0="55,123,61,126,83,14,121,38,99,45,119,98,116" hai1="44,80,84,107,78,94,124,128,132,15,35,125,60" hai2="111,108,63,30,89,100,65,28,47,1,18,87,49" hai3="39,127,46,5,10,19,22,36,101,6,4,109,91"/><T25/><D126/><U102/><E35/><V74/><F74/><W122/><G127/><N who="1" m="48714" /><E128/><V13/><F1/><W11/><G109/><N who="2" m="42057" /><F100/><W64/><G122/><T82/><D25/><U0/><E0/><V70/><F87/><W3/><G101/><T31/><D31/><U59/><E132/><V72/><F89/><W21/><G6/><T12/><D55/><N who="1" m="33919" /><E15/><V43/><F72/><W97/><G64/><T37/><REACH who="0" step="1"/><D45/><REACH who="0" ten="250,220,260,260" step="2"/><U40/><E44/><V53/><F43/><W32/><G46/><T57/><D57/><U90/><E40/><V105/><F105/><W23/><G32/><T71/><D71/><U29/><E29/><V81/><F81/><W115/><G115/><T134/><D134/><U26/><E107/><V135/><F135/><W106/><G106/><T34/><D34/><U62/><E26/><V112/><F112/><W88/><G3/><T24/><D24/><U58/><E102/><V85/><F85/><W133/><G133/><T67/><D67/><N who="1" m="39383" /><E78/><V110/><N who="2" m="42065" /><V48/><DORA hai="17" /><F48/><W77/><G77/><T7/><D7/><U68/><E68/><V16/><F18/><W131/><G19/><T120/><D120/><U52/><E80/><V41/><F41/><W27/><G4/><T50/><D50/><U42/><E42/><V76/><F76/><W130/><G5/><T8/><D8/><AGARI ba="1,1" hai="8,13,16,28,30,47,49,53,63,65,70" m="42065" machi="8" ten="40,5200,0" yaku="14,1,52,1,54,1" doraHai="56,17" who="2" fromWho="0" sc="250,-55,220,0,260,65,260,0" /><INIT seed="1,0,0,5,3,44" ten="195,220,325,260" oya="1" hai0="112,122,4,76,81,43,15,104,124,23,125,49,29" hai1="42,18,115,0,102,54,61,105,94,36,134,84,108" hai2="51,107,35,37,26,40,120,77,82,131,121,55,3" hai3="45,33,16,62,103,8,60,75,97,13,116,38,39"/><U66/><E115/><V68/><F107/><W53/><G116/><T14/><D104/><U117/><E117/><V32/><F68/><W100/><G75/><T30/><D112/><U98/><E134/><V17/><F3/><W78/><G33/><T91/><D122/><U10/><E108/><V46/><F35/><W79/><G39/><T47/><D91/><U7/><E36/><V130/><F32/><W25/><G25/><N who="0" m="16575" /><D30/><U11/><E42/><V80/><F17/><W101/><G97/><T133/><D133/><U72/><E72/><V52/><F26/><W83/><G38/><T5/><D5/><U74/><E74/><V88/><F77/><N who="3" m="29195" /><G83/><T59/><D59/><U56/><E11/><V119/><F119/><W85/><G85/><N who="0" m="48295" /><D14/><U9/><E9/><AGARI ba="0,0" hai="4,9,15,43,47,49,124,125" m="48295,16575" machi="9" ten="30,2000,0" yaku="25,1,52,1" doraHai="44" who="0" fromWho="1" sc="195,20,220,-20,325,0,260,0" /><INIT seed="2,0,0,2,3,88" ten="215,200,325,260" oya="2" hai0="112,13,43,42,52,96,68,3,103,73,25,92,65" hai1="30,54,119,5,27,118,51,97,106,45,100,12,64" hai2="78,53,91,46,87,21,86,83,130,95,72,101,71" hai3="124,7,128,74,8,48,32,62,14,135,81,60,99"/><V69/><F130/><W37/><G37/><T55/><D112/><U123/><E123/><V129/><F129/><W131/><G32/><T105/><D73/><U38/><E38/><V4/><F4/><W115/><G115/><T110/><D110/><U109/><E109/><V132/><F132/><W15/><G135/><T22/><D3/><U9/><REACH who="1" step="1"/><E64/><REACH who="1" ten="215,190,325,260" step="2"/><V133/><F133/><W107/><G128/><T36/><D36/><U17/><E17/><V98/><F21/><AGARI ba="0,1" hai="5,9,12,21,27,30,45,51,54,97,100,106,118,119" machi="21" ten="30,2000,0" yaku="1,1,7,1,53,0" doraHai="88" doraHaiUra="57" who="1" fromWho="2" sc="215,0,190,30,325,-20,260,0" /><INIT seed="3,0,0,4,3,75" ten="215,220,305,260" oya="3" hai0="119,4,124,25,50,112,54,40,0,86,66,32,39" hai1="129,88,5,133,58,29,28,84,97,47,61,62,81" hai2="11,130,85,41,80,1,79,64,111,44,113,17,82" hai3="55,73,21,126,23,9,91,102,134,8,18,19,125"/><W12/><G102/><T106/><D119/><U34/><E133/><V56/><F113/><W117/><G73/><T22/><D106/><U122/><E122/><V103/><F111/><W135/><G91/><T70/><D124/><N who="3" m="47721" /><G117/><T7/><D32/><U48/><E129/><V105/><F130/><W74/><G74/><T98/><D112/><U107/><E5/><V99/><F82/><W38/><G55/><T95/><D0/><U94/><E34/><V3/><F64/><W24/><G38/><T108/><D108/><U60/><E58/><V45/><F56/><W53/><G53/><T46/><D86/><U109/><E107/><V65/><F65/><W131/><G131/><T96/><D96/><U16/><E16/><V72/><F85/><W13/><G24/><T100/><D66/><U132/><E132/><AGARI ba="0,0" hai="8,9,12,13,18,19,21,23,132,134,135" m="47721" machi="132" ten="30,11600,0" yaku="20,1,18,1,34,2" doraHai="75" who="3" fromWho="1" sc="215,0,220,-116,305,0,260,116" /><INIT seed="3,1,0,1,2,50" ten="215,104,305,376" oya="3" hai0="102,93,20,46,88,43,73,4,84,17,61,5,122" hai1="125,101,45,116,120,49,112,72,67,18,76,9,11" hai2="126,70,25,29,127,113,62,79,23,60,39,44,119" hai3="6,107,75,37,26,78,33,38,21,28,34,19,31"/><W106/><G6/><T27/><D122/><U95/><E120/><V42/><F113/><W86/><G75/><T96/><D73/><U90/><E112/><V12/><F119/><W108/><G108/><T132/><D132/><U104/><E116/><V91/><F79/><W14/><G86/><T100/><D61/><U58/><E125/><N who="2" m="47627" /><F70/><W105/><G78/><T13/><D27/><AGARI ba="1,0" hai="14,19,21,26,27,28,31,33,34,37,38,105,106,107" machi="27" ten="40,2000,0" yaku="9,1" doraHai="50" who="3" fromWho="0" sc="215,-23,104,0,305,0,376,23" /><INIT seed="3,2,0,4,1,23" ten="192,104,305,399" oya="3" hai0="111,70,42,38,122,44,51,63,109,7,32,9,102" hai1="12,40,21,34,74,112,41,65,54,81,25,30,55" hai2="124,0,133,108,39,18,29,71,35,14,59,84,115" hai3="116,118,126,94,100,119,114,2,60,15,13,82,16"/><W135/><G114/><T79/><D122/><U127/><E112/><V104/><RYUUKYOKU type="yao9" ba="2,0" sc="192,0,104,0,305,0,399,0" hai2="0,14,18,29,35,39,59,71,84,104,108,115,124,133" /><INIT seed="3,3,0,3,2,8" ten="192,104,305,399" oya="3" hai0="58,130,22,105,17,42,124,25,101,61,93,47,121" hai1="20,0,110,15,39,133,40,126,95,106,23,120,57" hai2="55,92,50,49,81,96,119,71,112,73,113,43,118" hai3="66,45,48,24,30,29,89,107,1,27,41,116,56"/><W132/><G116/><T72/><D121/><U117/><E106/><V79/><F71/><W60/><G1/><T100/><D72/><U80/><E0/><V69/><F69/><W3/><G3/><T26/><D130/><U91/><E117/><V9/><F119/><W19/><G132/><T7/><D124/><U63/><E133/><V33/><F118/><W77/><G107/><T59/><D105/><U11/><E126/><V13/><F43/><W85/><G77/><T102/><D7/><U68/><E68/><V86/><F73/><W31/><REACH who="3" step="1"/><G19/><REACH who="3" ten="192,104,305,389" step="2"/><T128/><D128/><U94/><E120/><V104/><F104/><W44/><G44/><T88/><D47/><U99/><E110/><V125/><F125/><W76/><G76/><T18/><D18/><U90/><E80/><AGARI ba="3,1" hai="24,27,29,30,31,41,45,48,56,60,66,80,85,89" machi="80" ten="40,3900,0" yaku="1,1,8,1,53,0" doraHai="8" doraHaiUra="16" who="3" fromWho="1" sc="192,0,104,-48,305,0,389,58" /><INIT seed="3,4,0,1,5,81" ten="192,56,305,447" oya="3" hai0="86,119,34,77,31,25,96,123,56,55,104,4,125" hai1="83,117,93,58,49,70,61,21,33,129,111,19,59" hai2="46,106,20,131,76,39,15,94,44,26,32,1,97" hai3="80,43,45,98,66,103,8,118,9,73,38,128,41"/><W67/><G118/><T130/><D123/><U30/><E117/><V71/><F106/><W85/><G73/><T57/><D119/><U36/><E36/><V62/><F1/><W29/><G128/><T69/><D130/><U18/><E129/><V127/><F131/><W37/><G29/><T3/><D125/><U48/><E111/><V82/><F32/><W11/><G41/><T78/><D69/><U65/><E33/><V64/><F15/><W68/><G38/><T110/><D110/><U54/><E93/><V132/><F39/><W17/><G17/><T108/><D108/><U126/><E126/><V92/><F132/><W105/><REACH who="3" step="1"/><G68/><REACH who="3" ten="192,56,305,437" step="2"/><T100/><D31/><U72/><E30/><V112/><F127/><W90/><AGARI ba="4,1" hai="8,9,11,37,43,45,66,67,80,85,90,98,103,105" machi="90" ten="30,11700,0" yaku="1,1,2,1,0,1,52,1,53,0" doraHai="81" doraHaiUra="115" who="3" fromWho="3" sc="192,-43,56,-43,305,-43,437,139" /><INIT seed="3,5,0,2,0,122" ten="149,13,262,576" oya="3" hai0="84,9,69,19,18,103,37,44,58,73,45,20,63" hai1="62,56,126,22,82,129,61,17,128,93,125,119,72" hai2="109,31,81,100,114,43,79,38,89,102,12,123,15" hai3="28,49,1,104,30,120,29,46,121,40,24,85,21"/><W131/><G104/><T60/><D73/><U51/><E119/><V36/><F114/><W90/><G1/><T134/><D134/><U77/><E93/><V10/><F123/><W118/><G118/><T78/><D69/><U127/><E51/><V108/><F31/><W111/><G121/><T70/><D70/><U11/><E11/><V34/><F34/><W5/><G120/><T57/><D103/><N who="2" m="39466" /><F89/><W0/><G131/><T101/><D101/><U112/><E112/><V25/><F25/><W66/><G66/><T23/><D37/><N who="2" m="14442" /><F43/><W117/><G117/><T86/><D9/><U74/><E74/><N who="2" m="43255" /><F10/><N who="3" m="2343" /><G85/><T132/><D132/><U88/><E88/><V64/><F64/><W130/><G90/><T6/><D6/><U124/><N who="1" m="31744" /><DORA hai="47" /><U39/><E39/><V116/><F116/><W113/><G113/><T98/><REACH who="0" step="1"/><D98/><REACH who="0" ten="139,13,262,576" step="2"/><U3/><E3/><V41/><F41/><W94/><G130/><T91/><D91/><U75/><E75/><V55/><F55/><W106/><G40/><T67/><D67/><U115/><E115/><V97/><F97/><W107/><G107/><T99/><D99/><U33/><E33/><V135/><F135/><W92/><G106/><T2/><D2/><U68/><E68/><V53/><F53/><W96/><G96/><T16/><D16/><U50/><E129/><V7/><F7/><W71/><G71/><T48/><D48/><U4/><E128/><V54/><F54/><W80/><G49/><T83/><D83/><U8/><E50/><V13/><F13/><W27/><G80/><T95/><D95/><U59/><E62/><RYUUKYOKU ba="5,1" sc="139,15,13,-15,262,15,576,-15" hai0="18,19,20,23,44,45,57,58,60,63,78,84,86" hai2="12,15,108,109" owari="154,-25.0,-2,-50.0,277,8.0,571,67.0" /></mjloggm>