<mjloggm ver="2.3"><GO type="41" lobby="0"/><UN n0="%E3%81%8B%E3%82%89%E3%81%A0%E3%81%AB%E3%83%94%E3%83%BC%E3%82%B9" n1="%E3%83%A9%E3%83%B3%E3%82%BA" n2="%E3%83%BB%E3%81%93%E3%81%9F%E3%81%A4%E3%83%BB" n3="%E5%B0%B1%E6%B4%BB%E7%94%9F%40%E5%B7%9D%E6%9D%91%E8%BB%8D%E5%9B%A3" dan="14,15,14,15" rate="1957.21,1856.37,1905.61,2096.98" sx="M,M,M,M"/><TAIKYOKU oya="0"/><INIT seed="0,0,0,1,2,81" ten="250,250,250,250" oya="0" hai0="1,43,39,134,27,58,70,115,107,76,8,105,7" hai1="109,92,53,66,86,73,84,82,99,120,97,42,129" hai2="74,108,55,88,50,24,45,117,65,83,111,0,51" hai3="121,44,133,12,118,20,116,10,64,89,71,124,14"/><T36/><D43/><U26/><E66/><V135/><F0/><W3/><G3/><T94/><D70/><U126/><E120/><V62/><F135/><W132/><G71/><T40/><D39/><U47/><E73/><V25/><F117/><W59/><G44/><T80/><D115/><U104/><E109/><N who="2" m="42059" /><F51/><W37/><G37/><T22/><D134/><N who="3" m="51817" /><G59/><T96/><D40/><U63/><E104/><V123/><F123/><W72/><G64/><T61/><D36/><U30/><E126/><V106/><F106/><W114/><G72/><T102/><D58/><N who="1" m="35279" /><E129/><V49/><F49/><W127/><G89/><T87/><REACH who="0" step="1"/><D61/><REACH who="0" ten="240,250,250,250" step="2"/><U91/><E42/><V60/><F62/><W101/><G114/><T131/><D131/><U67/><E67/><V93/><F74/><W122/><G121/><T119/><D119/><U5/><E47/><V90/><F83/><W48/><G122/><T56/><D56/><U19/><E82/><V78/><F78/><W46/><G118/><T100/><D100/><U128/><E128/><V69/><F90/><W68/><G101/><T33/><D33/><U79/><E79/><V34/><F34/><W13/><G116/><T98/><D98/><AGARI ba="0,1" hai="24,25,45,50,55,60,65,69,88,93,98" m="42059" machi="98" ten="30,2000,0" yaku="14,1,54,1" doraHai="81" who="2" fromWho="0" sc="240,-20,250,0,250,30,250,0" /><INIT seed="1,0,0,0,2,60" ten="220,250,280,250" oya="1" hai0="19,80,43,121,47,34,16,65,41,61,114,130,24" hai1="120,70,36,55,23,53,83,115,99,1,46,84,110" hai2="105,113,63,96,48,52,49,129,5,90,64,93,33" hai3="131,7,95,108,14,29,39,62,116,51,0,127,86"/><U126/><E120/><V57/><F33/><W85/><G39/><T107/><D107/><U44/><E115/><V66/><F105/><W87/><G0/><T27/><D114/><U37/><E1/><V103/><F129/><W94/><G116/><T98/><D98/><U40/><E126/><V117/><F117/><W20/><G131/><T74/><D74/><U69/><E99/><V119/><F119/><W75/><G75/><T50/><D43/><U128/><E128/><V26/><F113/><W31/><G108/><T73/><D130/><U81/><E110/><V32/><F5/><W89/><G127/><T38/><D38/><U2/><E2/><V4/><F4/><W11/><G62/><T13/><D19/><U91/><E23/><V56/><F103/><W71/><G71/><T8/><D34/><U104/><E104/><V54/><F63/><W72/><G72/><T88/><D121/><U101/><E101/><V133/><F133/><W100/><G51/><T17/><D17/><U97/><E97/><V135/><F135/><W106/><G106/><T18/><D18/><U30/><E30/><AGARI ba="0,0" hai="26,30,32,48,49,52,54,56,57,64,66,90,93,96" machi="30" ten="40,8000,1" yaku="9,1,52,2,54,1" doraHai="60" who="2" fromWho="1" sc="220,0,250,-80,280,80,250,0" /><INIT seed="2,0,0,1,4,91" ten="220,170,360,250" oya="2" hai0="52,133,48,132,68,79,117,116,70,110,8,81,12" hai1="56,57,108,11,22,71,43,45,130,101,88,16,6" hai2="42,75,73,40,86,103,24,55,125,82,23,93,25" hai3="9,58,60,64,77,119,122,54,124,106,85,46,92"/><V118/><F118/><N who="0" m="45674" /><D110/><U34/><E71/><V37/><F125/><W61/><G106/><T53/><D81/><U62/><E34/><V7/><F7/><W19/><G119/><T29/><D29/><U50/><E108/><V39/><F39/><W47/><G122/><T129/><D79/><U84/><E101/><V120/><F120/><W13/><G124/><T100/><D100/><U51/><E130/><V83/><F37/><W134/><G134/><N who="0" m="51819" /><D129/><U105/><E105/><V90/><F103/><W44/><G77/><T36/><D36/><U0/><E51/><V95/><F75/><W20/><G9/><T76/><D76/><U15/><E62/><V104/><F104/><W41/><G41/><N who="2" m="15977" /><F73/><W112/><G112/><T107/><D107/><U21/><E22/><V26/><F55/><N who="0" m="21066" /><D48/><U35/><E35/><V5/><F5/><AGARI ba="0,0" hai="5,8,12,68,70" m="21066,51819,45674" machi="5" ten="30,3900,0" yaku="12,1,20,1,54,1" doraHai="91" who="0" fromWho="2" sc="220,39,170,0,360,-39,250,0" /><INIT seed="3,0,0,5,3,99" ten="259,170,321,250" oya="3" hai0="110,19,96,100,10,87,98,41,89,78,63,115,0" hai1="65,107,18,119,121,120,106,75,29,4,17,128,95" hai2="124,73,101,38,91,54,31,97,122,14,55,114,83" hai3="104,50,26,35,66,27,92,74,60,109,118,113,22"/><W67/><G104/><T34/><D34/><U5/><E29/><V8/><F114/><W21/><G74/><T86/><D41/><U102/><E75/><V57/><F38/><W13/><G35/><T117/><D117/><U47/><E119/><V32/><F124/><W125/><G118/><T25/><D0/><U88/><E47/><V52/><F122/><W80/><G113/><T11/><D63/><U61/><E61/><V71/><F71/><W127/><G13/><T42/><D42/><U111/><E111/><V46/><F32/><W30/><G109/><T56/><D56/><U1/><E95/><N who="2" m="56575" /><F31/><W9/><G9/><T24/><D19/><U59/><E59/><V103/><F73/><W40/><G80/><T12/><D115/><U132/><E1/><V77/><F77/><W62/><G92/><T93/><D78/><U105/><E65/><V33/><F33/><W44/><G62/><T3/><D11/><U72/><E72/><V79/><F79/><W135/><G135/><T64/><D3/><U129/><E107/><V131/><F83/><W108/><G108/><T90/><D64/><U20/><E132/><V53/><F46/><W28/><REACH who="3" step="1"/><G67/><REACH who="3" ten="259,170,321,240" step="2"/><T84/><D110/><U48/><E20/><V43/><F131/><W69/><AGARI ba="0,1" hai="21,22,26,27,28,30,40,44,50,60,66,69,125,127" machi="69" ten="30,11700,0" yaku="1,1,2,1,0,1,9,1,53,0" doraHai="99" doraHaiUra="85" who="3" fromWho="3" sc="259,-39,170,-39,321,-39,240,127" /><INIT seed="3,1,0,0,3,31" ten="220,131,282,367" oya="3" hai0="82,12,34,94,81,14,96,10,122,95,90,22,39" hai1="33,77,21,93,71,56,47,23,5,101,126,98,128" hai2="86,107,69,20,48,84,19,88,40,25,0,103,78" hai3="42,132,3,15,53,134,58,131,37,36,46,50,66"/><W1/><G15/><T129/><D39/><N who="3" m="14921" /><G3/><T123/><D129/><U130/><E71/><V118/><F0/><W83/><G83/><T116/><D22/><U104/><E47/><N who="2" m="25703" /><F69/><W92/><G92/><T74/><D74/><U26/><E77/><V106/><F106/><W24/><G24/><T105/><D10/><U79/><E79/><V114/><F107/><W52/><G1/><T29/><D105/><U17/><E5/><V28/><F114/><W2/><G2/><T30/><D96/><U7/><E7/><V35/><F35/><W43/><G131/><N who="1" m="50218" /><E126/><V62/><F118/><W67/><G132/><T112/><D116/><U65/><E23/><N who="2" m="15423" /><F103/><W38/><G134/><T111/><D34/><U75/><E104/><V60/><F78/><W135/><G135/><T55/><D112/><U133/><E75/><V110/><F110/><W80/><G80/><T51/><D111/><U72/><E72/><V85/><F88/><W68/><G68/><T4/><D90/><U117/><E133/><V113/><F113/><W59/><G43/><T100/><D4/><U54/><E117/><V64/><F64/><W57/><G57/><T125/><D55/><U73/><E65/><V87/><N who="2" m="22016" /><DORA hai="99" /><V27/><AGARI ba="1,0" hai="19,20,27,60,62" m="22016,15423,25703" machi="27" ten="40,2700,0" yaku="4,1,8,1" doraHai="31,99" who="2" fromWho="2" sc="220,-8,131,-8,282,30,367,-14" /><INIT seed="4,0,0,4,5,38" ten="212,123,312,353" oya="0" hai0="57,40,93,81,84,55,88,44,91,114,102,80,106" hai1="104,43,87,56,28,20,30,27,86,24,67,113,66" hai2="134,2,46,17,36,25,5,108,132,37,92,35,121" hai3="59,118,52,65,116,95,126,14,6,11,74,97,96"/><T34/><D34/><U13/><E104/><V72/><F121/><W77/><G126/><T51/><D114/><U89/><E113/><V100/><F72/><W125/><G125/><T133/><D133/><N who="2" m="51306" /><F108/><W23/><G65/><T75/><D75/><U33/><E13/><V45/><F5/><W7/><G7/><T129/><D129/><U135/><E135/><V16/><F2/><W70/><G70/><T49/><REACH who="0" step="1"/><D91/><REACH who="0" ten="202,123,312,353" step="2"/><U26/><E33/><V101/><F35/><W47/><G74/><T99/><AGARI ba="0,1" hai="40,44,49,51,55,57,80,81,84,88,93,99,102,106" machi="99" ten="30,12000,1" yaku="1,1,2,1,0,1,52,1,54,1,53,0" doraHai="38" doraHaiUra="32" who="0" fromWho="0" sc="202,130,123,-40,312,-40,353,-40" /><INIT seed="4,1,0,3,5,7" ten="332,83,272,313" oya="0" hai0="132,15,122,116,25,17,126,98,76,125,35,38,106" hai1="113,33,36,120,71,127,74,103,72,43,63,88,26" hai2="91,45,92,66,75,70,34,124,14,21,42,5,24" hai3="69,0,111,41,104,89,18,99,115,47,57,95,16"/><T40/><D122/><U46/><E120/><V94/><F75/><W112/><G69/><T11/><D76/><U39/><E127/><N who="0" m="48649" /><D116/><U93/><E113/><N who="3" m="43594" /><G111/><T29/><D132/><U121/><E39/><V2/><F124/><W19/><G0/><T86/><D86/><U23/><E33/><V108/><F108/><W78/><G78/><T82/><D82/><U81/><E103/><V133/><F133/><W59/><G104/><T28/><D28/><U13/><E81/><V20/><F70/><W90/><G89/><T12/><D98/><U44/><E46/><V48/><F66/><W64/><G64/><T135/><D106/><U54/><E71/><V22/><F2/><W73/><G73/><T49/><D135/><U96/><E121/><V87/><F34/><W67/><G67/><T107/><D107/><U84/><E84/><V32/><F32/><W131/><G131/><T130/><D130/><U8/><E54/><V60/><F60/><W114/><N who="3" m="43602" /><W30/><DORA hai="61" /><G30/><T55/><D15/><U37/><E63/><V4/><F4/><W79/><G79/><T58/><D40/><U68/><E37/><AGARI ba="1,0" hai="16,18,19,37,41,47,57,59,90,95,99" m="43602" machi="37" ten="40,2600,0" yaku="15,1,54,1" doraHai="7,61" who="3" fromWho="1" sc="332,0,83,-29,272,0,313,29" /><AGARI ba="1,0" hai="11,12,17,25,29,35,37,38,49,55,58" m="48649" machi="37" ten="30,2900,0" yaku="18,1,52,1" doraHai="7,61" who="0" fromWho="1" sc="332,29,54,-29,272,0,342,0" /><INIT seed="4,2,0,3,4,87" ten="361,25,272,342" oya="0" hai0="31,53,129,11,50,27,88,45,7,34,72,76,41" hai1="20,78,13,47,90,49,99,124,126,121,52,0,63" hai2="33,51,95,130,3,93,131,83,57,66,30,42,59" hai3="110,125,85,92,2,44,94,102,80,15,91,8,4"/><T43/><D129/><N who="2" m="49162" /><F3/><W101/><G110/><T48/><D76/><U62/><E0/><V38/><F38/><W54/><G125/><N who="1" m="48234" /><E121/><V10/><F10/><W132/><G132/><T46/><D72/><U40/><E78/><V39/><F39/><W109/><G109/><T36/><D36/><U114/><E40/><V58/><F83/><W98/><G2/><T100/><D100/><N who="3" m="38505" /><G98/><T133/><D133/><U96/><E99/><V9/><F9/><W5/><G5/><T123/><D53/><U32/><E114/><V134/><F134/><W6/><G6/><T22/><D34/><U74/><E32/><V119/><F119/><W28/><G28/><T82/><D123/><U106/><E74/><V65/><F30/><W25/><G25/><T84/><D11/><U24/><E106/><V64/><F33/><W127/><G127/><T107/><REACH who="0" step="1"/><D7/><REACH who="0" ten="351,25,272,342" step="2"/><U111/><E111/><V105/><F105/><AGARI ba="2,1" hai="22,27,31,41,43,45,46,48,50,82,84,88,105,107" machi="105" ten="40,12000,1" yaku="1,1,2,1,9,1,52,1,54,1,53,0" doraHai="87" doraHaiUra="104" who="0" fromWho="2" sc="351,136,25,0,272,-126,342,0" /><INIT seed="4,3,0,4,0,84" ten="487,25,146,342" oya="0" hai0="50,2,114,128,73,108,55,118,131,66,11,105,26" hai1="94,90,67,134,129,70,59,20,99,87,125,18,42" hai2="119,5,78,121,101,32,54,7,93,8,28,85,23" hai3="57,4,44,35,62,21,79,40,111,92,82,72,100"/><T120/><D73/><U123/><E123/><V65/><F121/><W15/><G35/><T41/><D105/><U109/><E109/><V27/><F119/><W75/><G111/><T132/><D26/><U48/><E134/><V86/><F32/><W47/><G75/><T96/><D11/><U124/><E70/><V0/><F7/><W116/><G116/><T113/><D96/><U34/><E34/><V103/><F65/><W37/><G47/><N who="0" m="25967" /><D2/><U133/><E129/><N who="0" m="49737" /><D108/><U61/><E133/><V56/><F78/><W43/><G43/><T16/><D16/><U83/><E125/><V68/><F68/><W110/><G110/><T9/><D9/><U19/><E124/><V29/><F29/><W31/><G31/><T126/><D126/><U51/><E42/><V14/><F0/><W69/><G4/><T102/><D102/><N who="2" m="38922" /><F93/><W135/><G92/><T39/><D55/><U30/><E19/><V46/><F46/><W76/><G100/><T117/><D66/><U1/><E30/><V97/><F97/><W107/><G107/><T127/><D127/><U64/><E67/><V81/><F81/><W88/><G72/><T89/><D132/><U49/><E1/><V45/><F45/><W130/><G135/><T80/><D118/><U122/><E122/><V91/><F91/><W104/><G104/><T63/><D117/><U98/><E83/><V33/><F33/><W53/><G130/><T95/><D80/><U17/><E18/><V106/><F106/><W3/><G3/><T112/><D120/><U115/><E115/><V13/><F13/><AGARI ba="3,0" hai="13,17,20,48,49,51,59,61,64,87,90,94,98,99" machi="13" ten="40,2600,0" yaku="8,1,52,1" doraHai="84" who="1" fromWho="2" sc="487,0,25,35,146,-35,342,0" /><INIT seed="5,0,0,1,0,59" ten="487,60,111,342" oya="1" hai0="73,84,23,36,88,94,57,19,117,6,96,127,7" hai1="52,0,65,110,26,95,16,97,116,98,39,75,126" hai2="32,45,68,21,79,42,58,51,69,15,28,11,53" hai3="12,29,35,112,85,34,14,44,118,62,71,130,92"/><U60/><E39/><V78/><F32/><W134/><G112/><T1/><D1/><U2/><E116/><V104/><F104/><W91/><G130/><T8/><D36/><U37/><E37/><V64/><F69/><W111/><G111/><T43/><D43/><U113/><E75/><V31/><F68/><W30/><G134/><T4/><D73/><U121/><E121/><V56/><F64/><W40/><G118/><T124/><D117/><U125/><E110/><V87/><F87/><W81/><G35/><T109/><D109/><U38/><E38/><V122/><F122/><W41/><G34/><T128/><D128/><U108/><E108/><V114/><F114/><W66/><G41/><T13/><D57/><N who="2" m="22122" /><F42/><W74/><G44/><T133/><D133/><U76/><E113/><V115/><F115/><W48/><G48/><T63/><D63/><U131/><E76/><N who="2" m="29227" /><F21/><W119/><G40/><T93/><D23/><N who="1" m="13671" /><E131/><V5/><AGARI ba="0,0" hai="5,11,15,28,31,45,51,53" m="29227,22122" machi="5" ten="30,1100,0" yaku="8,1" doraHai="59" who="2" fromWho="2" sc="487,-3,60,-5,111,11,342,-3" /><INIT seed="6,0,0,5,5,3" ten="484,55,122,339" oya="2" hai0="7,101,47,95,29,61,59,46,11,65,36,52,105" hai1="23,60,24,33,97,48,135,55,5,114,31,75,92" hai2="123,129,88,43,71,111,116,73,78,87,17,21,44" hai3="85,1,69,79,77,113,64,8,100,93,16,39,122"/><V32/><F71/><W84/><G39/><T57/><D105/><U19/><E75/><V82/><F32/><W63/><G122/><T102/><D29/><U112/><E135/><V14/><F123/><W80/><G113/><N who="1" m="43626" /><E60/><V99/><F116/><W131/><G131/><T94/><D36/><U110/><E110/><V50/><F129/><W103/><G1/><T53/><D11/><U91/><E33/><V124/><F124/><W125/><G125/><T108/><D108/><U66/><E66/><V132/><F111/><W18/><G8/><T76/><D76/><U90/><E31/><V118/><F118/><W83/><G93/><T81/><D81/><U45/><E91/><V117/><F117/><W104/><G104/><T70/><D70/><U27/><E27/><V68/><F68/><W115/><G115/><T128/><D61/><U0/><E0/><V106/><F132/><W38/><G38/><T67/><D128/><U20/><E23/><V98/><REACH who="2" step="1"/><F106/><REACH who="2" ten="484,55,112,339" step="2"/><W12/><G69/><T28/><D28/><U121/><E121/><V15/><F15/><W51/><G12/><T134/><D134/><U62/><E62/><V96/><F96/><W41/><G63/><T25/><D25/><U58/><E58/><V107/><F107/><W40/><G51/><T10/><D10/><U72/><E72/><V56/><F56/><W127/><G127/><T86/><D86/><U109/><E109/><V133/><F133/><W30/><G64/><T9/><D9/><U74/><E74/><V54/><F54/><W34/><G34/><T22/><D22/><U119/><E119/><RYUUKYOKU ba="0,1" sc="484,0,55,0,112,0,339,0" hai0="7,46,47,52,53,57,59,65,67,94,95,101,102" hai1="5,19,20,24,45,48,55,90,92,97" hai2="14,17,21,43,44,50,73,78,82,87,88,98,99" hai3="16,18,30,40,41,77,79,80,83,84,85,100,103" /><INIT seed="6,1,1,3,2,81" ten="484,55,112,339" oya="2" hai0="82,49,64,36,16,3,25,118,33,135,5,125,51" hai1="14,105,116,102,43,52,26,97,100,23,54,7,0" hai2="47,114,127,85,39,18,111,133,34,94,123,9,92" hai3="71,93,83,31,28,59,110,53,107,10,122,74,50"/><V117/><F34/><W61/><G107/><T91/><D36/><U121/><E116/><V62/><F117/><W73/><G122/><T80/><D118/><U98/><E121/><V12/><F123/><W95/><G110/><T35/><D5/><U87/><E0/><V37/><F111/><W46/><G71/><T60/><D3/><U78/><E43/><V2/><F2/><W55/><G74/><T72/><D72/><U30/><E14/><V8/><F114/><W103/><G73/><T11/><D135/><U86/><E78/><V6/><F133/><W104/><G104/><T32/><D125/><U38/><E7/><V89/><F127/><W119/><G119/><T124/><D124/><U108/><E38/><V75/><F75/><W90/><G10/><T120/><D91/><U115/><E108/><V20/><F62/><W45/><G45/><T106/><D106/><U44/><E115/><V128/><F128/><W66/><G66/><T58/><D11/><U70/><E70/><V21/><F9/><W41/><G41/><T42/><D42/><U15/><E15/><N who="2" m="5527" /><F39/><W56/><G56/><T112/><D112/><U129/><E129/><V27/><F37/><W109/><G109/><T131/><D131/><U63/><E63/><V84/><F47/><W101/><G83/><N who="0" m="31787" /><D120/><U130/><E130/><V13/><F21/><W40/><G40/><T68/><D68/><U88/><E88/><AGARI ba="1,1" hai="12,13,18,20,27,84,85,88,89,92,94" m="5527" machi="88" ten="30,11600,0" yaku="8,1,52,2,54,1" doraHai="81" who="2" fromWho="1" sc="484,0,55,-119,112,129,339,0" owari="484,58.0,-64,-56.0,241,-16.0,339,14.0" /></mjloggm>