<mjloggm ver="2.3"><GO type="169" lobby="0"/><UN n0="%E9%BA%BB%E9%9B%80%E3%81%AE%E6%89%89" n1="%E7%B4%85%E3%81%84%E7%9E%B3%E3%81%AE%E6%AD%A6%E4%B8%B8" n2="%E3%82%A6%E3%83%AB%E3%83%88%E3%83%A9%E7%AB%8B%E7%9B%B4" n3="%7A%65%72%6F%52%58" dan="16,16,16,18" rate="2095.97,2080.71,2116.17,2212.98" sx="M,M,M,M"/><TAIKYOKU oya="0"/><INIT seed="0,0,0,2,5,33" ten="250,250,250,250" oya="0" hai0="9,49,114,127,128,30,28,73,124,94,45,23,84" hai1="10,4,77,123,61,79,100,102,78,129,20,118,42" hai2="92,111,80,135,82,1,50,65,131,0,67,86,69" hai3="130,55,74,109,24,31,17,106,91,62,93,121,51"/><T14/><D73/><U46/><E118/><V2/><F131/><W105/><G130/><T87/><D114/><U37/><E129/><V39/><F39/><W8/><G109/><T6/><D128/><U5/><E123/><V120/><F120/><W113/><G74/><T16/><D30/><U96/><E20/><V36/><F36/><W95/><G62/><T29/><D29/><U52/><E5/><V98/><F135/><W70/><G70/><T125/><D28/><U54/><E61/><V99/><F111/><W38/><G38/><T103/><D103/><U41/><E41/><V64/><F69/><W57/><G95/><T126/><N who="0" m="31744" /><DORA hai="104" /><T76/><D76/><U119/><E119/><V88/><F50/><W107/><G113/><T112/><D94/><U133/><E133/><V132/><F132/><W59/><G121/><T13/><D112/><U53/><REACH who="1" step="1"/><E96/><REACH who="1" ten="250,240,250,250" step="2"/><V56/><F98/><W34/><G8/><T7/><D6/><U22/><E22/><V108/><F108/><W3/><G34/><T101/><D101/><U26/><E26/><V47/><F47/><W134/><G24/><T11/><D11/><U60/><E60/><V25/><F25/><W89/><G134/><T48/><D48/><U63/><E63/><V68/><F68/><W110/><G51/><T19/><D7/><U97/><E97/><V75/><F56/><W90/><G59/><T15/><D15/><AGARI ba="0,1" hai="4,10,15,37,42,46,52,53,54,77,78,79,100,102" machi="15" ten="40,2600,0" yaku="1,1,54,1,53,0" doraHai="33,104" doraHaiUra="21,116" who="1" fromWho="0" sc="250,-26,240,36,250,0,250,0" /><INIT seed="1,0,0,0,1,38" ten="224,276,250,250" oya="1" hai0="128,22,81,1,67,43,48,76,124,112,25,125,15" hai1="6,4,62,83,74,40,44,23,126,118,98,0,45" hai2="24,100,39,72,51,105,59,131,84,68,2,86,91" hai3="50,120,57,26,10,109,63,71,87,110,49,108,56"/><U7/><E118/><V69/><F2/><W27/><G120/><T122/><D1/><U73/><E0/><V64/><F72/><W36/><G10/><T31/><D122/><U34/><E34/><V21/><F39/><W16/><G36/><T111/><D112/><U113/><E113/><V41/><F131/><W85/><G63/><T130/><D67/><U37/><E126/><N who="0" m="48745" /><D111/><U52/><E23/><V46/><F86/><N who="3" m="32779" /><G16/><N who="0" m="10527" /><D81/><U55/><E98/><V11/><F11/><W14/><G14/><T96/><D96/><U119/><E119/><V42/><F100/><W61/><G71/><T106/><D76/><U54/><E44/><V92/><F105/><W80/><G80/><T5/><D5/><U107/><E107/><V66/><F69/><W94/><G94/><T8/><D8/><U99/><E99/><V117/><F68/><W127/><G127/><T35/><D106/><U121/><E121/><V116/><F116/><W101/><G101/><T13/><D13/><U114/><E114/><V12/><F12/><W60/><G26/><T133/><D133/><U70/><REACH who="1" step="1"/><E83/><REACH who="1" ten="224,266,250,250" step="2"/><V65/><F117/><W123/><G123/><T103/><D103/><U132/><E132/><V30/><F46/><AGARI ba="0,1" hai="25,31,35,43,46,48,128,130" m="10527,48745" machi="46" ten="30,3900,0" yaku="18,1,52,1,54,1" doraHai="38" who="0" fromWho="2" sc="224,49,266,0,250,-39,250,0" /><INIT seed="2,0,0,1,2,43" ten="273,266,211,250" oya="2" hai0="23,134,94,75,101,39,0,85,38,128,97,24,17" hai1="36,12,95,88,118,32,44,98,113,15,30,63,45" hai2="90,91,40,116,112,105,2,65,49,67,120,1,47" hai3="84,107,21,4,76,5,64,102,115,72,41,20,99"/><V61/><F120/><W96/><G72/><T131/><D75/><U122/><E118/><V135/><F116/><W106/><G115/><T33/><D0/><U56/><E113/><V27/><F112/><W60/><G41/><T55/><D134/><U133/><E133/><V22/><F135/><W7/><G76/><T57/><D33/><U132/><E132/><V111/><F105/><W19/><G84/><T123/><D85/><U70/><E70/><V119/><F119/><W126/><G126/><T127/><D123/><U51/><E122/><V68/><F111/><W129/><G129/><N who="0" m="49739" /><D127/><U28/><E36/><V14/><F14/><N who="1" m="5161" /><E51/><AGARI ba="0,0" hai="17,23,24,38,39,51,55,57,94,97,101" m="49739" machi="51" ten="30,1000,0" yaku="19,1" doraHai="43" who="0" fromWho="1" sc="273,10,266,-10,211,0,250,0" /><INIT seed="3,0,0,0,0,43" ten="283,256,211,250" oya="3" hai0="46,7,66,113,115,17,135,45,27,21,104,101,90" hai1="39,82,16,122,11,55,5,50,36,4,132,52,114" hai2="94,47,63,73,92,15,99,84,88,129,81,85,96" hai3="35,6,64,133,130,33,37,31,48,74,79,0,57"/><W32/><G37/><T42/><D135/><U100/><E114/><N who="0" m="43529" /><D7/><U20/><E122/><V95/><F63/><W78/><G133/><T69/><D90/><U80/><E132/><V2/><F2/><W29/><G130/><T105/><D42/><U9/><E100/><N who="2" m="60447" /><F47/><N who="0" m="17930" /><D101/><U134/><E134/><V10/><F15/><W91/><G91/><T106/><D66/><U70/><E5/><V86/><F10/><W71/><G6/><T110/><D69/><U109/><E70/><V19/><F19/><W116/><G0/><T38/><D110/><U53/><E109/><V61/><F61/><W62/><G71/><T103/><D103/><U24/><E50/><V56/><F56/><W112/><G112/><T49/><D49/><U23/><E4/><V102/><F129/><W22/><G48/><T14/><D14/><N who="1" m="9239" /><E36/><AGARI ba="0,0" hai="17,21,27,36,38,104,105,106" m="17930,43529" machi="36" ten="40,8000,1" yaku="11,1,52,3" doraHai="43" who="0" fromWho="1" sc="283,80,256,-80,211,0,250,0" /><INIT seed="4,0,0,5,0,77" ten="363,176,211,250" oya="0" hai0="20,74,70,56,125,85,115,73,27,111,34,23,58" hai1="98,121,135,128,122,126,103,19,79,3,39,61,2" hai2="65,1,69,107,127,5,91,7,124,108,114,89,17" hai3="63,13,38,92,62,119,123,28,53,41,49,80,133"/><T33/><D70/><U50/><E39/><V84/><F107/><W47/><G119/><T67/><D111/><U88/><E126/><N who="2" m="48171" /><F108/><W96/><G133/><T118/><D125/><U71/><E128/><V37/><F37/><W30/><G123/><T57/><D67/><U40/><E135/><V64/><F114/><W11/><G62/><T10/><D118/><U134/><E134/><V83/><F1/><W24/><G63/><T75/><D115/><U46/><E79/><V109/><F109/><W97/><G80/><T95/><D10/><U132/><E132/><V130/><F130/><W93/><G93/><T18/><D20/><U0/><E88/><N who="2" m="51231" /><F17/><W68/><G68/><T106/><REACH who="0" step="1"/><D106/><REACH who="0" ten="353,176,211,250" step="2"/><U42/><E122/><V131/><F131/><W87/><G11/><T9/><D9/><U110/><E110/><V35/><F35/><W4/><G4/><T90/><AGARI ba="0,1" hai="18,23,27,33,34,56,57,58,73,74,75,85,90,95" machi="90" ten="40,3900,0" yaku="1,1,0,1,53,0" doraHai="77" doraHaiUra="26" who="0" fromWho="0" sc="353,49,176,-13,211,-13,250,-13" /><INIT seed="4,1,0,4,1,55" ten="402,163,198,237" oya="0" hai0="86,89,119,106,97,25,31,30,61,59,6,116,81" hai1="121,54,29,44,10,128,41,40,49,9,129,76,104" hai2="112,75,70,87,11,80,26,113,13,126,5,73,127" hai3="135,56,91,84,20,16,114,98,24,39,46,65,12"/><T34/><D31/><U3/><E104/><V66/><F26/><W100/><G114/><N who="2" m="44137" /><F70/><W120/><G135/><T15/><D6/><U51/><E121/><V131/><F66/><W38/><G120/><T35/><D35/><U88/><E76/><N who="2" m="46471" /><F131/><N who="1" m="50249" /><E29/><V96/><F96/><W45/><G39/><T36/><D36/><U79/><E79/><V57/><F57/><W109/><G109/><T134/><D134/><U110/><E110/><V93/><F93/><N who="3" m="58447" /><G24/><T0/><D0/><U72/><E72/><AGARI ba="1,0" hai="5,11,13,72,73,75,126,127" m="46471,44137" machi="72" ten="30,1000,0" yaku="15,1" doraHai="55" who="2" fromWho="1" sc="402,0,163,-13,198,13,237,0" /><INIT seed="5,0,0,0,2,9" ten="402,150,211,237" oya="1" hai0="57,119,134,103,83,75,31,40,130,59,54,17,6" hai1="131,66,61,78,88,8,48,30,132,81,29,16,2" hai2="14,60,43,135,64,53,86,49,25,101,109,50,107" hai3="38,126,87,96,28,115,93,94,89,127,112,129,11"/><U74/><E131/><V69/><F109/><W95/><G38/><T58/><D119/><U56/><E132/><V35/><F135/><W19/><G28/><T42/><D134/><U27/><E48/><V12/><F86/><W4/><G19/><T13/><D130/><U116/><E116/><V102/><F43/><W39/><G39/><T67/><D67/><U37/><E37/><V23/><F50/><W45/><G45/><T36/><D31/><U5/><REACH who="1" step="1"/><E88/><REACH who="1" ten="402,140,211,237" step="2"/><V106/><F101/><N who="3" m="60559" /><G129/><T91/><D103/><U70/><E70/><V21/><F102/><W15/><G95/><T71/><D71/><U32/><E32/><V123/><F123/><W33/><G33/><T18/><D36/><U92/><E92/><V26/><F35/><W99/><G99/><T117/><D117/><U41/><E41/><V1/><F106/><W98/><G98/><T62/><D42/><U120/><E120/><V108/><F107/><W84/><G127/><T90/><D40/><U100/><E100/><V65/><F69/><W73/><G126/><T68/><D68/><U80/><E80/><V55/><F49/><W52/><G115/><T46/><D91/><U63/><E63/><V85/><F60/><W24/><G112/><T124/><D62/><U51/><E51/><V133/><F133/><W122/><G89/><T72/><D124/><U77/><E77/><V76/><F76/><W110/><G122/><T125/><D125/><U20/><AGARI ba="0,1" hai="2,5,8,16,20,27,29,30,56,61,66,74,78,81" machi="20" ten="30,11700,0" yaku="1,1,0,1,54,1,53,1" doraHai="9" doraHaiUra="105" who="1" fromWho="1" sc="402,-39,140,127,211,-39,237,-39" /><INIT seed="5,1,0,4,5,67" ten="363,267,172,198" oya="1" hai0="62,15,73,80,105,11,86,44,10,106,66,92,132" hai1="53,60,24,79,14,98,118,7,71,119,45,39,109" hai2="56,111,51,27,48,131,124,57,76,104,63,85,123" hai3="81,42,96,101,9,36,35,8,78,103,17,13,3"/><U112/><E112/><V117/><F104/><W12/><G35/><T47/><D73/><U107/><E79/><V84/><F123/><W93/><G3/><T83/><D132/><U102/><E109/><V91/><F117/><W74/><G36/><T55/><D92/><U82/><E82/><N who="2" m="47175" /><F111/><W38/><G38/><T31/><D31/><U64/><E24/><V128/><F124/><W25/><G25/><T5/><D11/><U21/><E53/><N who="2" m="34223" /><F27/><W20/><G42/><T2/><D2/><U133/><E133/><V41/><F41/><W113/><G113/><T120/><D120/><U40/><REACH who="1" step="1"/><E21/><REACH who="1" ten="363,257,172,198" step="2"/><V135/><F135/><W52/><G20/><T1/><D55/><U46/><E46/><V43/><F131/><W22/><G22/><T126/><D47/><U18/><E18/><V68/><F128/><W72/><G52/><T69/><D44/><U89/><E89/><V100/><F91/><W30/><G30/><T110/><D83/><U130/><E130/><V90/><F90/><W6/><G74/><T95/><D110/><U127/><E127/><V108/><F108/><W77/><G77/><T34/><D126/><U129/><E129/><V134/><F134/><W49/><G103/><T88/><D80/><U16/><E16/><V87/><F100/><W75/><G75/><T122/><D122/><U115/><E115/><V29/><F29/><W33/><G33/><T50/><D88/><U99/><E99/><V28/><F28/><W0/><G0/><T54/><D1/><U19/><E19/><V26/><F26/><W37/><G37/><T94/><D34/><RYUUKYOKU ba="1,1" sc="363,-15,257,15,172,-15,198,15" hai1="7,14,39,40,45,60,64,71,98,102,107,118,119" hai3="6,8,9,12,13,17,49,72,78,81,93,96,101" /><INIT seed="5,2,1,4,0,54" ten="348,272,157,213" oya="1" hai0="134,130,24,59,72,91,5,102,50,60,49,0,63" hai1="38,92,90,79,51,56,78,114,40,47,3,135,13" hai2="7,26,22,71,20,66,106,32,126,31,9,85,42" hai3="120,11,1,98,133,57,122,117,21,81,97,76,110"/><U103/><E3/><V77/><F126/><W115/><G110/><T99/><D72/><U70/><E114/><V94/><F106/><W46/><G115/><T84/><D134/><U43/><E135/><V75/><F75/><W17/><G133/><T23/><D130/><U121/><E70/><V96/><F42/><W80/><G46/><T35/><D35/><U53/><E121/><V28/><F71/><W74/><G117/><T65/><D63/><U52/><E43/><V39/><F39/><W55/><G81/><T27/><D27/><U101/><E13/><V14/><F66/><W113/><G113/><T116/><D116/><U131/><E131/><V88/><F31/><W73/><G73/><T19/><D5/><U12/><E12/><V107/><REACH who="2" step="1"/><F77/><REACH who="2" ten="348,272,147,213" step="2"/><N who="1" m="29193" /><E38/><V41/><F41/><W45/><G122/><T15/><D0/><U123/><E123/><V83/><F83/><W68/><G68/><T119/><D119/><U34/><E40/><V2/><F2/><W4/><G120/><T112/><D112/><U25/><E53/><V132/><F132/><W108/><G108/><T64/><D64/><U105/><E105/><V10/><F10/><W87/><G74/><T125/><D125/><U128/><E128/><V118/><F118/><W93/><G93/><N who="0" m="58735" /><D24/><U36/><E36/><V129/><F129/><W6/><G11/><T104/><D104/><U95/><E95/><AGARI ba="2,2" hai="15,19,23,49,50,59,60,65,84,91,95" m="58735" machi="95" ten="30,2000,0" yaku="8,1,52,1" doraHai="54" who="0" fromWho="1" sc="348,46,272,-26,147,0,213,0" /><INIT seed="6,0,0,2,2,116" ten="394,246,147,213" oya="2" hai0="57,28,53,45,128,77,94,25,123,71,3,42,99" hai1="85,46,126,21,132,88,60,15,124,4,129,120,6" hai2="106,19,51,113,61,11,31,103,50,9,38,18,115" hai3="98,90,36,84,72,52,83,118,59,12,20,95,48"/><V81/><F38/><W43/><G118/><T75/><D71/><U97/><E129/><V87/><F31/><W125/><G125/><N who="1" m="48234" /><E132/><V22/><F61/><W86/><G36/><T65/><D3/><U56/><E97/><V101/><F106/><W32/><G32/><T112/><D128/><U13/><E46/><V44/><F44/><W63/><G72/><T10/><D112/><U102/><E102/><V27/><F115/><W100/><G43/><T23/><D10/><N who="2" m="3594" /><F113/><W105/><G86/><T14/><D14/><N who="1" m="5131" /><E21/><V5/><F5/><W47/><G105/><T26/><D26/><U30/><E30/><V2/><F2/><W74/><G74/><T41/><D65/><N who="1" m="39047" /><E120/><V33/><F33/><W89/><G47/><T7/><D123/><U66/><E66/><V92/><F18/><N who="3" m="10311" /><G63/><T0/><D7/><U119/><E119/><V62/><F62/><W107/><G107/><T109/><D0/><U117/><E117/><V58/><F58/><W131/><G131/><T17/><D28/><U110/><E110/><V68/><F68/><W35/><G35/><T16/><D109/><U67/><E67/><V114/><F114/><W1/><G1/><T133/><D17/><U93/><AGARI ba="0,0" hai="4,6,85,88,93" m="39047,5131,48234" machi="93" ten="30,2000,0" yaku="18,1,54,1" doraHai="116" who="1" fromWho="1" sc="394,-5,246,20,147,-10,213,-5" /><INIT seed="7,0,0,4,3,113" ten="389,266,137,208" oya="3" hai0="20,121,36,18,56,43,25,31,59,106,83,100,108" hai1="58,134,41,16,78,124,61,50,57,91,130,2,89" hai2="28,110,81,32,126,101,92,42,115,3,49,1,77" hai3="127,104,118,109,40,11,22,51,123,90,4,39,119"/><W12/><G104/><T62/><D121/><U85/><E2/><V114/><F110/><W133/><G123/><T98/><D108/><U13/><E124/><V14/><F126/><W19/><G109/><T73/><D59/><N who="1" m="22539" /><E130/><V71/><F71/><W87/><G127/><T48/><D36/><U0/><E0/><V10/><F114/><W52/><G133/><T80/><D73/><U7/><E7/><V60/><F115/><W27/><G40/><T33/><D48/><U34/><E34/><V68/><F68/><W17/><G4/><T82/><D43/><U55/><E61/><V120/><F120/><W23/><G39/><T84/><D33/><U38/><E38/><V45/><F60/><W8/><G8/><T99/><D99/><U29/><E29/><V69/><F69/><W74/><G74/><T15/><D31/><U97/><E41/><V46/><F46/><N who="3" m="27767" /><G23/><T95/><D106/><U86/><E134/><V88/><F32/><W64/><G64/><N who="0" m="38983" /><D25/><U131/><E131/><V9/><F28/><W75/><G75/><T24/><D24/><U125/><E125/><V122/><F122/><W30/><G30/><T105/><D105/><U65/><E65/><V111/><F111/><W21/><G22/><T128/><D128/><U53/><E53/><V132/><F132/><W79/><G79/><AGARI ba="0,0" hai="15,18,20,79,80,82,83,84,95,98,100" m="38983" machi="79" ten="30,1000,0" yaku="8,1" doraHai="113" who="0" fromWho="3" sc="389,10,266,0,137,0,208,-10" owari="399,49.0,266,7.0,137,-36.0,198,-20.0" /></mjloggm>