<mjloggm ver="2.3"><GO type="41" lobby="0"/><UN n0="%28%EF%BF%A5%CF%89%EF%BF%A5%29" n1="%E3%82%AB%E3%83%9E%E3%82%AD%E3%83%AA%E5%85%88%E8%BC%A9" n2="%50%69%73%68%6F" n3="%E5%B0%B1%E6%B4%BB%E7%94%9F%40%E5%B7%9D%E6%9D%91%E8%BB%8D%E5%9B%A3" dan="15,18,14,15" rate="1980.23,2091.19,1952.83,1970.16" sx="F,M,M,M"/><TAIKYOKU oya="0"/><INIT seed="0,0,0,0,5,93" ten="250,250,250,250" oya="0" hai0="104,23,95,70,133,102,76,12,55,48,27,40,17" hai1="110,105,131,41,30,94,103,78,92,124,120,21,80" hai2="20,88,115,32,39,127,31,37,97,116,98,42,111" hai3="74,67,134,118,18,16,68,7,128,117,130,10,57"/><T112/><D112/><U33/><E33/><V53/><F115/><W89/><G74/><T83/><D133/><U75/><E120/><V13/><F32/><W26/><G68/><T99/><D70/><U6/><E110/><V135/><F111/><W2/><G67/><T84/><D40/><U44/><E124/><V125/><F135/><W38/><G38/><T9/><D104/><U101/><E131/><N who="3" m="50218" /><G57/><T109/><D109/><U66/><E66/><V81/><F42/><W132/><G89/><T46/><REACH who="0" step="1"/><D9/><REACH who="0" ten="240,250,250,250" step="2"/><U49/><E105/><V15/><F116/><N who="3" m="44651" /><G26/><AGARI ba="0,1" hai="12,17,23,26,27,46,48,55,76,83,84,95,99,102" machi="26" ten="40,7700,0" yaku="1,1,8,1,52,1,53,0" doraHai="93" doraHaiUra="126" who="0" fromWho="3" sc="240,87,250,0,250,0,250,-77" /><INIT seed="0,1,0,0,3,20" ten="327,250,250,173" oya="0" hai0="10,33,22,41,102,24,0,42,55,122,120,133,84" hai1="12,69,13,51,134,9,63,59,95,126,29,128,7" hai2="117,62,11,64,36,96,125,47,107,97,119,48,112" hai3="1,77,57,61,76,129,8,105,124,28,106,5,38"/><T65/><D133/><U101/><E134/><V82/><F36/><W21/><G38/><T114/><D65/><U30/><E126/><V81/><F112/><W74/><G124/><T54/><D33/><U53/><E128/><V72/><F125/><W108/><G129/><T131/><D131/><U71/><E71/><V45/><F11/><W44/><G108/><T110/><D102/><U135/><E135/><V70/><F107/><W6/><G6/><T17/><D114/><U43/><E13/><V68/><F72/><W130/><G130/><T89/><D0/><U50/><E69/><V19/><F19/><W66/><G74/><T23/><D10/><U49/><REACH who="1" step="1"/><E43/><REACH who="1" ten="327,240,250,173" step="2"/><N who="0" m="16393" /><D110/><U86/><E86/><V26/><F68/><W115/><G115/><T127/><D127/><U80/><E80/><V121/><F82/><W37/><G37/><T94/><D122/><U123/><E123/><V35/><F81/><W111/><G111/><T31/><D120/><U118/><E118/><V92/><F121/><W40/><G105/><T88/><D89/><U2/><E2/><V79/><F117/><W16/><G106/><T52/><D54/><U85/><E85/><V90/><F119/><W93/><G93/><T34/><D34/><U27/><E27/><AGARI ba="1,1" hai="17,22,23,24,27,31,52,55,84,88,94" m="16393" machi="27" ten="30,12000,1" yaku="8,1,52,2,54,2" doraHai="20" who="0" fromWho="1" sc="327,133,240,-123,250,0,173,0" /><INIT seed="0,2,0,5,3,66" ten="460,117,250,173" oya="0" hai0="81,129,96,70,73,59,120,47,123,27,35,40,71" hai1="132,61,8,116,121,100,34,48,124,19,7,13,69" hai2="135,14,75,26,65,108,49,55,84,63,64,101,134" hai3="33,86,54,78,99,56,21,50,102,11,128,29,77"/><T51/><D129/><U22/><E116/><V37/><F75/><W52/><G128/><T109/><D109/><U114/><E121/><V25/><F37/><W117/><G117/><T41/><D41/><U103/><E34/><V107/><F108/><W79/><G33/><T113/><D113/><U4/><E114/><V30/><F26/><N who="3" m="16591" /><G86/><T9/><D9/><U95/><E124/><V118/><F118/><W87/><G87/><T74/><D96/><U39/><E39/><V1/><F1/><W122/><G122/><T76/><D74/><U15/><E132/><V6/><F84/><W88/><G102/><T112/><D112/><U28/><E28/><V126/><F126/><W111/><G111/><T46/><D59/><U131/><E131/><V68/><F64/><W80/><G80/><T94/><D94/><U16/><E48/><V89/><F89/><W38/><G38/><T23/><D35/><U91/><E61/><V115/><F101/><N who="1" m="38985" /><E69/><V127/><F107/><W130/><G130/><T60/><D60/><U32/><E32/><V119/><F119/><W57/><G11/><T12/><D123/><U24/><E24/><V44/><F127/><W72/><G72/><T93/><D120/><U82/><E82/><V106/><F106/><W3/><G3/><T133/><D93/><U125/><E125/><V31/><F25/><W83/><G83/><T92/><D92/><U62/><E62/><V18/><F115/><W97/><G88/><T105/><D105/><U45/><E45/><V43/><F44/><N who="0" m="16938" /><D73/><U0/><E0/><V36/><F134/><W67/><G67/><RYUUKYOKU ba="2,0" sc="460,-15,117,15,250,-15,173,15" hai1="4,7,8,13,15,16,19,22,91,95" hai3="50,52,54,56,57,77,78,79,97,99" /><INIT seed="1,3,0,1,4,62" ten="445,132,235,188" oya="1" hai0="63,122,22,117,84,114,104,43,97,70,57,120,34" hai1="129,103,82,16,67,102,54,35,37,92,8,86,77" hai2="128,71,80,113,130,7,21,27,106,9,33,20,83" hai3="59,51,58,13,11,19,25,46,100,109,48,72,124"/><U133/><E35/><V55/><F106/><W101/><G72/><T12/><D104/><U75/><E37/><V0/><F33/><W73/><G73/><T94/><D34/><U112/><E112/><V95/><F113/><W105/><G109/><T69/><D114/><U90/><E133/><V38/><F38/><W64/><G124/><T50/><D84/><U60/><E129/><N who="2" m="49771" /><F71/><W121/><G105/><T26/><D12/><U96/><E54/><V115/><F115/><W31/><G121/><N who="0" m="46699" /><D50/><U108/><E108/><V2/><F2/><W76/><G76/><T42/><D42/><U49/><E49/><V111/><F111/><W41/><G58/><T15/><D15/><N who="1" m="7271" /><E75/><V131/><F55/><W29/><G29/><N who="0" m="17623" /><D43/><U91/><E77/><V65/><F65/><W4/><G4/><T1/><D1/><U66/><E60/><V23/><F95/><W3/><G3/><T118/><D70/><U119/><E119/><V52/><F52/><N who="3" m="32135" /><G64/><AGARI ba="3,0" hai="64,66,67,82,86,90,91,92,96,102,103" m="7271" machi="64" ten="30,12000,1" yaku="8,1,52,3,54,1" doraHai="62" who="1" fromWho="3" sc="445,0,132,129,235,0,188,-129" /><INIT seed="1,4,0,0,5,19" ten="445,261,235,59" oya="1" hai0="45,37,131,25,39,93,16,20,2,43,135,3,56" hai1="120,80,100,117,124,10,88,44,23,32,83,107,55" hai2="98,118,8,99,58,71,70,76,106,34,24,73,116" hai3="74,104,13,22,79,96,36,127,67,82,38,0,27"/><U87/><E117/><V65/><F76/><W51/><G0/><T52/><D39/><U114/><E32/><V49/><F73/><W86/><G127/><T112/><D112/><U4/><E114/><V129/><F129/><W15/><G38/><T68/><D135/><U91/><E120/><V12/><F118/><W60/><G36/><T33/><D131/><U50/><E124/><V85/><F116/><W57/><G74/><T28/><D68/><U18/><E107/><V72/><F72/><W133/><G133/><T14/><REACH who="0" step="1"/><D93/><REACH who="0" ten="435,261,235,59" step="2"/><U78/><E83/><V97/><F70/><W103/><REACH who="3" step="1"/><G51/><AGARI ba="4,1" hai="2,3,14,16,20,25,28,33,37,43,45,51,52,56" machi="51" ten="30,12000,2" yaku="1,1,2,1,7,1,52,1,54,2,53,1" doraHai="19" doraHaiUra="54" who="0" fromWho="3" sc="435,142,261,0,235,0,59,-132" owari="577,67.0,261,6.0,235,-16.0,-73,-57.0" /></mjloggm>