<mjloggm ver="2.3"><GO type="169" lobby="0"/><UN n0="%E6%9D%BE%E5%B1%8B%E3%81%8A%E3%81%98%E3%81%95%E3%82%93" n1="%E5%B0%B1%E6%B4%BB%E7%94%9F%40%E5%B7%9D%E6%9D%91%E8%BB%8D%E5%9B%A3" n2="%EF%BC%A0%E3%81%99%E3%81%9A" n3="%E3%83%97%E3%83%AD%E3%83%86%E3%82%A4%E3%83%B3%E5%BE%97%E7%9B%9B" dan="17,16,16,16" rate="2094.40,2096.00,2070.48,2154.38" sx="M,M,M,M"/><TAIKYOKU oya="0"/><INIT seed="0,0,0,0,1,50" ten="250,250,250,250" oya="0" hai0="120,84,15,4,26,41,47,3,12,65,37,23,20" hai1="116,126,133,106,129,76,30,64,11,125,111,51,35" hai2="21,90,55,14,16,123,66,81,122,19,103,121,113" hai3="36,24,99,60,100,68,63,53,75,93,29,48,104"/><T92/><D120/><U101/><E116/><V80/><F113/><W98/><G36/><T115/><D115/><U124/><E111/><V57/><F66/><W13/><G75/><T77/><D65/><U45/><E76/><V71/><F103/><W118/><G118/><T105/><D105/><U131/><E64/><V127/><F127/><W108/><G108/><T1/><D20/><U107/><E11/><V9/><F71/><W69/><G13/><T94/><D94/><U5/><E5/><V18/><F90/><W0/><G0/><T119/><D119/><U49/><E49/><V87/><F87/><W86/><G86/><T117/><D117/><U56/><E56/><V46/><F46/><W73/><G73/><T91/><D77/><U114/><E114/><V7/><REACH who="2" step="1"/><F21/><REACH who="2" ten="250,250,240,250" step="2"/><W42/><G69/><T72/><D72/><U32/><E101/><V70/><F70/><W102/><G68/><T52/><D91/><U34/><E107/><V79/><F79/><W17/><G104/><T40/><D84/><U78/><E78/><V61/><AGARI ba="0,1" hai="7,9,14,16,18,19,55,57,61,80,81,121,122,123" machi="61" ten="40,8000,1" yaku="1,1,0,1,52,1,54,1,53,1" doraHai="50" doraHaiUra="58" who="2" fromWho="2" sc="250,-40,250,-20,240,90,250,-20" /><INIT seed="1,0,0,0,3,131" ten="210,230,330,230" oya="1" hai0="92,57,105,37,128,79,38,100,113,104,72,19,78" hai1="50,52,35,107,10,95,117,23,22,126,63,108,68" hai2="90,46,132,54,82,81,133,40,129,88,1,6,124" hai3="120,71,83,0,58,76,59,97,134,53,84,9,73"/><U66/><E107/><V89/><F129/><W15/><G71/><T26/><D38/><U5/><E35/><V116/><F124/><W21/><G120/><T110/><D37/><U20/><E117/><V135/><F116/><W30/><G0/><T106/><D57/><U85/><E126/><V74/><F54/><W77/><G97/><N who="0" m="59431" /><D19/><U8/><E108/><V61/><F61/><W2/><G2/><T36/><D26/><U86/><E95/><V49/><F74/><W93/><G59/><T25/><D25/><U109/><E109/><V12/><F1/><W29/><G21/><T69/><D36/><U127/><E127/><V114/><F114/><W121/><G121/><T62/><D62/><U18/><E18/><V115/><F115/><W13/><G13/><T45/><D45/><U75/><E75/><V87/><F87/><W67/><G67/><T123/><D69/><U4/><E10/><AGARI ba="0,0" hai="6,10,12,40,46,49,81,82,88,89,90,132,133,135" machi="10" ten="50,8000,1" yaku="20,1,52,3,54,1" doraHai="131" who="2" fromWho="1" sc="210,0,230,-80,330,80,230,0" /><INIT seed="2,0,0,3,1,126" ten="210,150,410,230" oya="2" hai0="36,95,22,13,31,117,26,4,69,128,99,20,48" hai1="25,47,55,1,98,2,45,75,103,56,135,85,82" hai2="61,125,110,76,40,120,66,116,67,59,123,21,8" hai3="101,3,39,111,54,28,58,12,118,16,62,86,133"/><V46/><F116/><W43/><G3/><T37/><D69/><U7/><E75/><V70/><F125/><W10/><G118/><T11/><D117/><U132/><E25/><V42/><F76/><W112/><G111/><T107/><D107/><U102/><E47/><V93/><F8/><W80/><G112/><T27/><D48/><U18/><E45/><V15/><F110/><W23/><G101/><T124/><D124/><U104/><E102/><V41/><F93/><W119/><G119/><T74/><D74/><U131/><E18/><V33/><F33/><W89/><G39/><T108/><D108/><U113/><E113/><V87/><F87/><W100/><G100/><T64/><D64/><N who="2" m="24618" /><F21/><W97/><G97/><T122/><D122/><N who="2" m="46634" /><F15/><W71/><G71/><T65/><D99/><U106/><E106/><V57/><F46/><W91/><G91/><T6/><D95/><U19/><E1/><V92/><F92/><W9/><G9/><T88/><D11/><U0/><E7/><V115/><F115/><W72/><G72/><T52/><D13/><U44/><E44/><V130/><F130/><W79/><G79/><T49/><D128/><U32/><E131/><V5/><F5/><W34/><G34/><T84/><D6/><U77/><E32/><V109/><F109/><W24/><REACH who="3" step="1"/><G43/><REACH who="3" ten="210,150,410,220" step="2"/><T83/><D88/><U60/><E2/><V63/><F70/><W121/><G121/><T134/><D36/><U29/><E0/><V35/><F35/><W81/><G81/><T127/><D37/><U38/><E38/><V96/><F96/><W94/><G94/><RYUUKYOKU ba="0,1" sc="210,-15,150,-15,410,15,220,15" hai2="40,41,42,57,59,61,63" hai3="10,12,16,23,24,28,54,58,62,80,86,89,133" /><INIT seed="2,1,1,4,0,56" ten="195,135,425,235" oya="2" hai0="58,35,53,42,24,16,119,57,64,73,105,17,120" hai1="14,72,106,127,76,37,10,115,84,86,15,109,98" hai2="95,93,39,132,4,46,129,128,97,77,79,135,70" hai3="121,43,27,62,91,126,61,107,125,65,29,19,74"/><V124/><F70/><W81/><G107/><T122/><D105/><U7/><E115/><V87/><F4/><W20/><G121/><T131/><D73/><U11/><E37/><V60/><F39/><W116/><G116/><T66/><D42/><U94/><E109/><V104/><F46/><W13/><G43/><T100/><D100/><U31/><E127/><N who="3" m="48650" /><G65/><T102/><D102/><U103/><E106/><V52/><F124/><W49/><G49/><T71/><D71/><U8/><E31/><V110/><F104/><W99/><G99/><T63/><D131/><N who="2" m="50250" /><F110/><W112/><G112/><T55/><D35/><U44/><E44/><V130/><N who="2" m="50258" /><V133/><DORA hai="45" /><F87/><N who="1" m="33321" /><E72/><V48/><F60/><N who="3" m="23147" /><G91/><T113/><D113/><U114/><E114/><V22/><F22/><N who="3" m="11631" /><G74/><T28/><D119/><U89/><E89/><N who="2" m="55471" /><F95/><W40/><G40/><T75/><D75/><U88/><E103/><V111/><F111/><W3/><G3/><T69/><D69/><U5/><E10/><V0/><F0/><W108/><G108/><T23/><D120/><U78/><AGARI ba="1,1" hai="5,7,8,11,14,15,76,78,88,94,98" m="33321" machi="78" ten="30,2000,0" yaku="8,1,54,1" doraHai="56,45" who="1" fromWho="1" sc="195,-6,135,33,425,-11,235,-6" /><INIT seed="3,0,0,5,2,42" ten="189,168,414,229" oya="3" hai0="32,82,44,47,133,126,80,48,17,119,124,64,108" hai1="99,129,62,43,117,81,34,120,46,135,59,87,54" hai2="60,41,55,128,125,68,50,118,21,0,115,5,66" hai3="13,88,29,20,114,76,111,130,69,95,40,109,58"/><W63/><G69/><T93/><D119/><U91/><E120/><V23/><F115/><W77/><G114/><T57/><D32/><U112/><E34/><V39/><F118/><W102/><G102/><T101/><D108/><N who="3" m="41545" /><G130/><T27/><D133/><U35/><E35/><V31/><F128/><W53/><G40/><T83/><D27/><U18/><E112/><V28/><F125/><N who="0" m="48234" /><D17/><U79/><E117/><V8/><F39/><W12/><G29/><T36/><D36/><U7/><E129/><V10/><F41/><W51/><G63/><N who="0" m="37999" /><D48/><U103/><E135/><V131/><F8/><W86/><G13/><T104/><D104/><U72/><E7/><V113/><F113/><W71/><G71/><T15/><D15/><U122/><E122/><V105/><F105/><W98/><G98/><AGARI ba="0,0" hai="44,47,80,82,83,93,98,101" m="37999,48234" machi="98" ten="30,3900,0" yaku="18,1,52,2" doraHai="42" who="0" fromWho="3" sc="189,39,168,0,414,0,229,-39" /><INIT seed="4,0,0,2,1,99" ten="228,168,414,190" oya="0" hai0="5,41,90,45,121,92,53,109,111,62,2,42,19" hai1="125,77,9,126,124,80,37,22,18,17,28,118,68" hai2="66,76,131,128,64,130,79,75,110,135,123,47,33" hai3="48,52,35,12,127,78,56,13,108,21,51,107,97"/><T43/><D121/><U20/><E68/><V112/><F33/><W11/><G35/><T115/><D115/><U133/><E37/><V85/><F110/><N who="0" m="41994" /><D19/><U105/><E105/><V119/><F123/><W15/><G108/><T32/><D32/><U60/><E118/><V86/><F112/><W57/><G127/><T96/><D5/><U132/><E60/><V26/><F135/><N who="1" m="51785" /><E80/><V29/><F47/><W106/><G78/><N who="2" m="29737" /><F75/><W120/><G120/><T25/><D25/><N who="1" m="16423" /><E77/><V69/><F119/><W6/><G21/><T4/><D62/><U23/><E17/><V113/><F113/><W50/><G107/><T82/><D82/><U27/><E23/><N who="2" m="15583" /><F69/><W101/><REACH who="3" step="1"/><G57/><REACH who="3" ten="228,168,414,180" step="2"/><T40/><D45/><U89/><E89/><V100/><F100/><W81/><G81/><T49/><D90/><U16/><E18/><V14/><F131/><W67/><G67/><N who="2" m="25641" /><F130/><W58/><G58/><T72/><D72/><U74/><E74/><V46/><F46/><W54/><G54/><T1/><D53/><U70/><E70/><V7/><F128/><W38/><G38/><T0/><D43/><U59/><E59/><V91/><F91/><W98/><G98/><T134/><D134/><U63/><E63/><AGARI ba="0,1" hai="6,11,12,13,15,48,50,51,52,56,63,97,101,106" machi="63" ten="40,8000,1" yaku="1,1,52,1,54,1,53,1" doraHai="99" doraHaiUra="55" who="3" fromWho="1" sc="228,0,168,-80,414,0,180,90" /><INIT seed="5,0,0,4,5,80" ten="228,88,414,270" oya="1" hai0="123,22,30,4,6,29,8,93,132,97,1,21,43" hai1="37,27,99,65,119,130,34,128,59,75,56,96,51" hai2="11,85,16,126,61,67,48,69,24,19,109,2,83" hai3="5,42,14,33,57,104,50,133,63,25,39,38,89"/><U106/><E37/><V131/><F126/><W113/><G104/><T107/><D107/><U66/><E75/><V18/><F131/><N who="1" m="50217" /><E119/><V35/><F109/><W101/><G101/><T64/><D43/><U127/><E127/><V122/><F122/><W121/><G121/><T76/><D64/><N who="1" m="24683" /><E51/><V111/><F111/><W41/><G50/><T26/><D123/><U84/><E84/><V110/><F110/><W79/><G79/><T17/><D76/><U47/><E47/><V23/><F35/><W36/><G33/><T31/><D132/><U102/><E99/><V20/><F48/><W86/><G133/><T68/><D68/><U28/><AGARI ba="0,0" hai="27,28,34,56,59,96,102,106" m="24683,50217" machi="28" ten="30,1500,0" yaku="19,1" doraHai="80" who="1" fromWho="1" sc="228,-5,88,15,414,-5,270,-5" /><INIT seed="5,1,0,0,5,60" ten="223,103,409,265" oya="1" hai0="25,51,8,77,55,81,16,122,15,95,40,17,101" hai1="131,58,128,65,56,130,104,7,88,62,82,18,74" hai2="76,129,43,0,66,125,13,105,83,117,71,30,52" hai3="98,26,103,37,114,20,61,47,27,35,100,6,109"/><U64/><E104/><V19/><F117/><W41/><G109/><T69/><D69/><U121/><E121/><V113/><F125/><W120/><G120/><T126/><D126/><U67/><E7/><V94/><F105/><W3/><G114/><T50/><D122/><U45/><E45/><V70/><F0/><W112/><G112/><T38/><D38/><U96/><E18/><V36/><F113/><W59/><G35/><T93/><D40/><U12/><E12/><V99/><F129/><W44/><G44/><N who="0" m="28103" /><D51/><U97/><E58/><V84/><F30/><W1/><G6/><T118/><D101/><U34/><E34/><V63/><F36/><W106/><G103/><T132/><D132/><U110/><E110/><V54/><F43/><W108/><G27/><T75/><D75/><U24/><E24/><V2/><F71/><W102/><G102/><T72/><D72/><U21/><E21/><V107/><F2/><W29/><G108/><T32/><D32/><U123/><E123/><V68/><F68/><W14/><G14/><T23/><D118/><U28/><E28/><V4/><F4/><W127/><G127/><T48/><D48/><U111/><E111/><V10/><F107/><W46/><G46/><T86/><AGARI ba="1,0" hai="8,15,16,17,23,25,77,81,86,93,95" m="28103" machi="86" ten="30,2000,0" yaku="8,1,54,1" doraHai="60" who="0" fromWho="0" sc="223,23,103,-11,409,-6,265,-6" /><INIT seed="6,0,0,2,3,54" ten="246,92,403,259" oya="2" hai0="95,0,61,125,113,52,29,101,114,13,82,20,37" hai1="53,44,109,15,43,38,11,126,74,127,66,24,90" hai2="9,30,87,33,34,133,129,106,35,5,60,36,18" hai3="72,135,121,80,130,1,48,39,27,91,116,10,63"/><V65/><F36/><W112/><G48/><T107/><D0/><U26/><E74/><V14/><F106/><W99/><G63/><T22/><D37/><U119/><E119/><V64/><F129/><W17/><G27/><T58/><D107/><U68/><E109/><V81/><F133/><W16/><G99/><N who="0" m="59647" /><D125/><U77/><E77/><V40/><F40/><W55/><G1/><T3/><D3/><U103/><E103/><V12/><F30/><W56/><G39/><T62/><D82/><U76/><E76/><V50/><F50/><W98/><G72/><T51/><D113/><U59/><E90/><V69/><F65/><W28/><G28/><T78/><D78/><U31/><E126/><V120/><F120/><W102/><G102/><T2/><D2/><U41/><E41/><V88/><REACH who="2" step="1"/><F35/><REACH who="2" ten="246,92,393,259" step="2"/><W92/><G130/><T111/><D29/><U86/><E127/><V57/><F57/><W97/><G56/><T32/><D32/><U4/><E31/><V8/><AGARI ba="0,1" hai="5,8,9,12,14,18,33,34,60,64,69,81,87,88" machi="8" ten="20,7800,0" yaku="1,1,0,1,7,1,54,1,53,0" doraHai="54" doraHaiUra="45" who="2" fromWho="2" sc="246,-26,92,-26,393,88,259,-26" /><INIT seed="6,1,0,0,5,40" ten="220,66,481,233" oya="2" hai0="55,47,78,86,28,38,63,84,29,98,62,122,96" hai1="12,126,43,93,32,10,64,109,121,75,106,83,111" hai2="94,51,89,48,4,42,50,132,80,88,2,123,23" hai3="54,91,79,24,135,21,97,134,65,101,66,7,9"/><V44/><F123/><W60/><G79/><T27/><D122/><U35/><E106/><V120/><F120/><W131/><G91/><T41/><D29/><U103/><E126/><V17/><F132/><N who="3" m="50731" /><G54/><T133/><D133/><U69/><E121/><V58/><F4/><W49/><G49/><N who="0" m="26863" /><D78/><U11/><E75/><V127/><F2/><N who="3" m="247" /><G60/><T72/><D38/><U6/><E83/><V20/><F127/><W99/><G131/><T25/><D28/><U125/><E125/><V15/><F58/><W81/><G81/><T117/><D72/><U92/><E103/><V67/><F67/><N who="3" m="25611" /><G101/><T34/><D34/><U37/><E64/><V108/><F108/><W118/><G118/><T36/><D36/><U129/><E69/><V105/><F105/><W116/><G116/><T90/><D63/><U14/><E129/><V19/><F80/><W0/><G0/><T53/><D53/><U3/><E37/><V128/><F128/><W107/><G107/><T13/><D86/><U33/><E43/><V45/><F94/><W102/><G102/><T26/><D117/><U95/><REACH who="1" step="1"/><E10/><REACH who="1" ten="220,56,481,233" step="2"/><V5/><F42/><W39/><G39/><T124/><D124/><U73/><E73/><V8/><F8/><W30/><AGARI ba="1,1" hai="21,24,30,97,99" m="25611,247,50731" machi="30" ten="30,1100,0" yaku="20,1" doraHai="40" who="3" fromWho="3" sc="220,-4,56,-4,481,-6,233,24" /><INIT seed="7,0,0,1,3,98" ten="216,52,475,257" oya="3" hai0="124,96,12,123,97,86,20,81,128,75,21,103,125" hai1="120,3,76,44,77,8,112,121,41,73,43,37,57" hai2="28,7,46,119,104,99,135,105,5,24,30,63,10" hai3="68,50,95,17,87,72,9,54,29,111,49,1,31"/><W45/><G72/><T23/><D75/><U36/><E112/><V16/><F135/><W2/><G68/><T90/><D123/><U66/><E76/><V48/><F119/><W129/><G129/><T26/><D128/><U18/><E77/><V88/><F63/><W19/><G2/><T70/><D70/><U93/><E73/><V62/><F62/><W89/><G111/><T59/><D59/><U80/><E80/><V58/><F58/><W122/><G1/><T74/><D74/><U0/><E93/><V60/><F60/><W117/><G9/><T51/><D51/><U64/><E18/><V79/><F79/><W47/><G117/><T35/><D12/><U114/><E8/><V39/><F39/><W109/><G109/><T116/><D116/><U34/><E34/><V25/><F16/><N who="3" m="6219" /><G122/><T32/><D26/><U108/><E3/><V110/><F10/><W133/><G133/><T85/><D85/><U101/><E101/><V56/><F56/><W4/><G4/><T83/><D97/><U134/><E0/><V100/><F110/><W42/><AGARI ba="0,0" hai="29,31,42,45,47,49,50,54,87,89,95" m="6219" machi="42" ten="30,3000,0" yaku="8,1,54,1" doraHai="98" who="3" fromWho="3" sc="216,-10,52,-10,475,-10,257,30" /><INIT seed="7,1,0,5,1,36" ten="206,42,465,287" oya="3" hai0="34,14,83,17,98,89,63,46,65,25,71,87,16" hai1="39,105,55,76,78,107,32,82,99,117,95,94,9" hai2="79,51,70,21,44,73,5,77,41,74,48,35,43" hai3="22,33,31,120,134,118,102,68,126,69,133,49,115"/><W1/><G102/><T38/><D98/><U72/><E32/><V135/><F70/><W111/><G49/><T19/><D34/><U123/><E39/><V62/><F35/><W103/><G103/><T108/><D108/><U11/><E55/><V110/><F110/><W88/><G88/><T18/><D25/><U26/><E26/><V42/><F5/><W85/><G85/><T97/><D97/><U0/><E0/><V113/><F113/><W40/><G22/><T132/><D132/><U67/><E67/><V130/><F130/><W56/><G31/><T125/><D125/><U100/><E11/><V2/><F2/><W91/><G91/><T24/><D24/><U57/><E9/><V75/><F62/><W114/><G1/><T7/><D7/><U106/><E57/><V96/><F21/><W93/><G33/><T20/><D19/><U4/><E4/><V119/><F96/><W58/><G126/><T10/><D20/><U80/><E123/><V3/><F3/><W90/><G111/><T13/><D13/><U124/><E124/><V116/><F51/><W92/><G120/><T122/><D122/><U12/><E12/><V54/><F48/><W129/><G69/><T15/><D15/><U127/><E127/><V23/><F23/><W53/><G68/><T81/><D38/><U6/><E6/><V28/><F28/><W29/><G29/><T8/><D8/><U86/><E117/><V61/><F116/><W112/><G118/><T64/><D10/><U37/><E37/><V27/><F119/><W104/><G114/><T30/><D71/><RYUUKYOKU ba="1,0" sc="206,-10,42,30,465,-10,287,-10" hai1="72,76,78,80,82,86,94,95,99,100,105,106,107" owari="196,-20.0,72,-43.0,455,55.0,277,8.0" /></mjloggm>