<mjloggm ver="2.3"><GO type="169" lobby="0"/><UN n0="%E3%83%88%E3%83%88%E3%83%AA%E5%85%88%E7%94%9F%31%39%E6%AD%B3" n1="%E6%9E%9D%E8%B1%86%E3%82%AB%E3%83%AC%E3%83%BC%E7%94%98%E5%8F%A3" n2="%E3%82%B5%E3%83%B3%E3%83%9E%E9%81%93%E6%A5%BD%E4%BB%A3%E8%A1%A8" n3="%E3%82%A6%E3%83%AB%E3%83%88%E3%83%A9%E7%AB%8B%E7%9B%B4" dan="18,16,17,17" rate="2157.95,2126.24,2233.72,2177.21" sx="F,F,M,M"/><TAIKYOKU oya="0"/><INIT seed="0,0,0,3,1,75" ten="250,250,250,250" oya="0" hai0="60,126,134,125,33,132,39,46,119,72,112,26,111" hai1="82,129,89,25,52,36,10,38,3,1,120,96,55" hai2="63,113,121,76,70,116,18,94,4,128,105,81,110" hai3="2,19,45,30,40,29,24,122,78,97,20,99,88"/><T7/><D72/><U127/><E120/><V133/><F18/><W16/><G2/><T42/><D7/><U67/><E67/><V85/><F4/><W117/><G117/><T73/><D73/><U35/><E38/><V8/><F8/><W64/><G122/><T51/><D26/><U74/><E36/><V56/><F56/><W32/><G64/><T130/><D33/><U114/><E114/><V5/><F5/><W118/><G118/><T47/><D119/><U62/><E62/><V87/><F63/><W14/><G78/><T92/><D92/><U107/><E55/><V13/><F13/><W109/><G109/><T37/><D112/><U77/><E52/><V61/><F61/><W15/><G88/><T124/><D111/><U43/><E89/><V21/><F21/><W101/><G101/><T86/><D86/><U123/><E25/><V98/><F70/><W23/><REACH who="3" step="1"/><G30/><REACH who="3" ten="250,250,250,240" step="2"/><T69/><D130/><U91/><E129/><V12/><F128/><W131/><G131/><T27/><D27/><U80/><E123/><V34/><F110/><W135/><G135/><N who="0" m="51755" /><D47/><U71/><E3/><V59/><F133/><W108/><G108/><T0/><D0/><U53/><E1/><V100/><F121/><W48/><AGARI ba="0,1" hai="14,15,16,19,20,23,24,29,32,40,45,48,97,99" machi="48" ten="20,12000,2" yaku="1,1,0,1,7,1,9,1,54,1,53,2" doraHai="75" doraHaiUra="93" who="3" fromWho="3" sc="250,-60,250,-30,250,-30,240,130" /><INIT seed="1,0,0,0,5,5" ten="190,220,220,370" oya="1" hai0="124,27,33,37,63,117,30,97,101,8,106,112,17" hai1="103,14,70,73,57,0,66,47,12,39,116,51,114" hai2="80,121,21,102,41,100,131,50,40,22,127,38,87" hai3="19,6,4,125,35,83,15,54,2,75,135,108,1"/><U61/><E116/><V93/><F121/><W36/><G36/><T134/><D117/><U42/><E114/><V79/><F131/><W64/><G64/><T23/><D112/><U120/><E120/><V118/><F127/><W113/><G113/><T99/><D124/><U86/><E73/><V111/><F111/><W92/><G35/><T91/><D37/><U68/><E0/><V60/><F38/><W16/><G108/><T89/><D134/><U31/><E31/><V58/><F41/><W56/><G135/><T123/><D123/><U71/><E103/><V28/><F93/><W65/><G65/><T88/><D63/><U122/><E122/><V90/><F79/><W43/><G43/><T77/><D77/><U46/><E86/><V18/><F22/><W107/><G107/><T133/><D133/><U132/><E132/><V126/><F28/><W104/><G104/><T48/><D48/><U11/><E14/><N who="2" m="9431" /><F126/><W85/><G1/><T34/><D97/><U115/><E115/><V72/><F72/><W44/><G75/><T25/><D34/><U10/><REACH who="1" step="1"/><E12/><REACH who="1" ten="190,210,220,370" step="2"/><V95/><F118/><W7/><G15/><T78/><D101/><U9/><E9/><V84/><F87/><W20/><G2/><T62/><D8/><U98/><E98/><V105/><F105/><W119/><G119/><T110/><D110/><U13/><E13/><V26/><F80/><W94/><G125/><T29/><D99/><U45/><E45/><N who="2" m="25895" /><F26/><N who="3" m="14599" /><G44/><T3/><D106/><U53/><AGARI ba="0,1" hai="10,11,39,42,46,47,51,53,57,61,66,68,70,71" machi="53" ten="30,11700,0" yaku="1,1,0,1,52,2,53,0" doraHai="5" doraHaiUra="128" who="1" fromWho="1" sc="190,-39,210,127,220,-39,370,-39" /><INIT seed="1,1,0,4,5,125" ten="151,337,181,331" oya="1" hai0="96,22,66,20,104,67,124,111,48,88,19,37,52" hai1="34,30,128,21,50,105,114,33,120,23,2,129,4" hai2="6,92,11,87,8,70,94,58,103,32,64,98,54" hai3="51,122,38,107,110,18,36,55,85,9,3,78,95"/><U91/><E120/><V135/><F135/><W73/><G107/><T82/><D37/><U26/><E114/><V99/><F32/><N who="1" m="12393" /><E105/><V118/><F118/><W100/><G110/><T130/><D124/><U102/><E102/><V126/><F126/><W68/><G68/><T119/><D111/><U112/><E91/><V43/><F43/><W134/><G134/><T75/><D119/><U12/><E50/><V47/><F87/><W49/><G49/><T127/><D127/><U132/><E132/><V53/><F70/><W131/><G73/><T5/><D130/><N who="1" m="50283" /><E112/><V7/><F47/><W79/><G51/><T117/><D117/><U1/><E23/><V133/><F133/><W62/><G131/><T123/><D22/><U80/><E80/><V116/><F116/><W56/><G100/><T42/><D123/><U61/><E61/><V72/><F103/><W76/><G122/><T65/><D104/><U35/><N who="1" m="12401" /><U59/><DORA hai="121" /><E59/><V46/><F58/><W63/><G63/><T71/><D71/><U81/><E81/><V31/><F46/><W60/><G60/><T86/><D42/><U57/><E57/><V77/><F77/><W0/><G38/><T41/><D41/><U28/><E28/><V115/><F31/><W44/><G36/><T39/><D39/><U15/><E15/><V74/><F115/><W113/><G113/><T90/><D90/><U25/><E25/><V29/><F29/><W13/><G44/><T10/><D88/><U17/><E17/><V89/><F89/><N who="3" m="53679" /><G62/><T109/><D48/><U27/><E27/><V69/><F69/><RYUUKYOKU ba="1,0" sc="151,-30,337,10,181,10,331,10" hai1="1,2,4,12,21,26,30" hai2="6,7,8,11,53,54,64,72,74,92,94,98,99" hai3="0,3,9,13,18,55,56,76,78,79" /><INIT seed="1,2,0,3,5,27" ten="121,347,191,341" oya="1" hai0="88,78,72,51,9,5,43,70,87,103,97,89,99" hai1="42,118,7,77,32,34,44,40,108,55,92,105,8" hai2="53,48,64,69,41,79,82,126,46,112,15,26,96" hai3="91,131,39,116,4,93,49,62,25,28,58,111,114"/><U0/><BYE who="2" /><E105/><UN n2="%E3%82%B5%E3%83%B3%E3%83%9E%E9%81%93%E6%A5%BD%E4%BB%A3%E8%A1%A8" /><V125/><F15/><W83/><G114/><T113/><D113/><U38/><E118/><V127/><F26/><W10/><G39/><T94/><D70/><U12/><E42/><V35/><F96/><W65/><G111/><T73/><D78/><U104/><E108/><V109/><F35/><W13/><G131/><T122/><D122/><U76/><E76/><V18/><F18/><W60/><G116/><T67/><D67/><U81/><E104/><V57/><F109/><W3/><G49/><T115/><D115/><U106/><E106/><V2/><F2/><W119/><G62/><T20/><D20/><U129/><E129/><V90/><F90/><W24/><G119/><T110/><D110/><U54/><E92/><V23/><F23/><W66/><G66/><T86/><D73/><N who="1" m="43183" /><E12/><V56/><F112/><W52/><G65/><T61/><D72/><U71/><E71/><V30/><F30/><W132/><G3/><T19/><D61/><U6/><E6/><V68/><F64/><W50/><G60/><T135/><D5/><U36/><E36/><N who="2" m="21799" /><F56/><W22/><G25/><T11/><D43/><U123/><E123/><V37/><F37/><W120/><G120/><T47/><D97/><U14/><E14/><V85/><AGARI ba="2,0" hai="48,53,57,68,69,79,82,85,125,126,127" m="21799" machi="85" ten="30,1100,0" yaku="18,1" doraHai="27" who="2" fromWho="2" sc="121,-5,347,-7,191,17,341,-5" /><INIT seed="2,0,0,4,3,99" ten="116,340,208,336" oya="2" hai0="10,106,77,83,34,11,26,109,4,18,19,9,121" hai1="67,22,93,33,124,134,25,15,0,27,110,44,5" hai2="112,36,46,21,64,40,70,82,75,63,132,65,107" hai3="50,127,13,23,123,8,131,88,48,133,92,45,95"/><V79/><F65/><W78/><G127/><T118/><D106/><U3/><E67/><V43/><F43/><W35/><G35/><T128/><D83/><U2/><E93/><V111/><F21/><W84/><G131/><T52/><D77/><U69/><E44/><V61/><F61/><W104/><G104/><T54/><D121/><U94/><E94/><V130/><F112/><W129/><G129/><T105/><D128/><U85/><E85/><V42/><F130/><W59/><G133/><T38/><D38/><U135/><E69/><V101/><F42/><W53/><G123/><T120/><D120/><U6/><E124/><V117/><F132/><N who="1" m="50729" /><E110/><V49/><F49/><W39/><G78/><T74/><D74/><U47/><E47/><V89/><F89/><W96/><G39/><T24/><D109/><U97/><E97/><N who="2" m="61871" /><F117/><W12/><G23/><T108/><D108/><AGARI ba="0,0" hai="36,40,46,63,64,70,75,79,82,108,111" m="61871" machi="108" ten="30,2900,0" yaku="23,1,52,1" doraHai="99" who="2" fromWho="0" sc="116,-29,340,0,208,29,336,0" /><INIT seed="2,1,0,3,0,118" ten="87,340,237,336" oya="2" hai0="119,36,63,39,35,88,21,14,53,121,58,98,2" hai1="57,51,76,10,41,7,122,59,42,32,74,93,72" hai2="13,62,108,134,52,79,77,83,82,70,102,78,86" hai3="71,15,129,27,67,97,0,123,85,96,125,37,28"/><V99/><F134/><W84/><G15/><T91/><D35/><U90/><E32/><V29/><F29/><W38/><G0/><T87/><D2/><U132/><E132/><V17/><F70/><W3/><G3/><T45/><D119/><U111/><E10/><V116/><F116/><W18/><G18/><T110/><D110/><U114/><E7/><V49/><F62/><W106/><G96/><T126/><D126/><U56/><E114/><V1/><F1/><W124/><G85/><T54/><D121/><U94/><E76/><V25/><F25/><W22/><G84/><T73/><D73/><U68/><E68/><V11/><F83/><W40/><G40/><T64/><D98/><U8/><E8/><V117/><F108/><W135/><G135/><T115/><D115/><U128/><E51/><V24/><F24/><W46/><G46/><T19/><D91/><U65/><E65/><V44/><REACH who="2" step="1"/><F117/><REACH who="2" ten="87,340,227,336" step="2"/><W6/><G27/><T20/><D63/><U30/><E30/><V34/><F34/><W26/><G125/><T5/><D14/><U131/><E111/><V23/><F23/><W16/><G124/><T89/><D21/><U104/><E131/><V113/><F113/><W130/><G28/><T75/><D20/><U120/><E128/><V69/><F69/><W60/><G129/><T133/><D133/><U127/><E127/><V103/><F103/><N who="3" m="62831" /><G130/><T47/><D64/><U33/><E33/><V95/><AGARI ba="1,1" hai="11,13,17,44,49,52,77,78,79,82,86,95,99,102" machi="95" ten="20,18000,2" yaku="1,1,0,1,7,1,8,1,54,1,53,1" doraHai="118" doraHaiUra="4" who="2" fromWho="2" sc="87,-61,340,-61,227,193,336,-61" /><INIT seed="2,2,0,4,2,27" ten="26,279,420,275" oya="2" hai0="82,91,24,65,76,1,73,53,49,29,34,44,56" hai1="113,8,30,14,3,12,54,127,107,51,6,28,103" hai2="80,74,92,4,99,26,67,79,58,116,121,45,15" hai3="114,101,43,95,122,23,9,47,109,2,89,46,25"/><V81/><F121/><W21/><G122/><T13/><D1/><U40/><E113/><V124/><F124/><W69/><G69/><T32/><D91/><U135/><E127/><V128/><F128/><W37/><G109/><T20/><D65/><U106/><E40/><V96/><F116/><W33/><G114/><T50/><REACH who="0" step="1"/><D13/><REACH who="0" ten="16,279,420,275" step="2"/><U16/><E3/><V10/><F81/><W132/><G89/><T85/><D85/><U66/><E66/><V19/><F96/><W22/><G132/><T94/><D94/><U52/><E135/><V86/><F74/><W17/><G95/><T131/><D131/><U55/><E107/><V75/><F75/><W125/><G125/><T59/><D59/><N who="1" m="33183" /><E106/><V111/><F111/><W48/><G101/><T38/><D38/><U98/><E103/><N who="2" m="60903" /><F58/><W88/><G88/><T0/><D0/><U115/><E98/><V77/><F67/><W64/><G64/><T35/><D35/><U133/><E133/><V112/><F112/><W83/><G33/><T108/><D108/><U84/><E84/><V117/><F117/><W42/><G83/><T7/><D7/><U105/><E105/><V63/><F79/><W118/><G118/><T120/><D120/><U60/><E115/><V90/><F77/><W71/><G71/><T36/><D36/><U70/><E70/><V104/><F104/><W87/><G87/><T110/><D110/><U126/><E126/><V18/><F86/><W39/><G39/><T31/><D31/><U93/><E6/><V123/><F4/><N who="3" m="1175" /><G37/><T102/><D102/><U100/><E100/><V72/><F123/><RYUUKYOKU ba="2,1" sc="16,15,279,-15,420,-15,275,15" hai0="20,24,29,32,34,44,49,50,53,56,73,76,82" hai3="17,21,22,23,25,42,43,46,47,48" /><INIT seed="3,3,1,2,4,98" ten="31,264,405,290" oya="3" hai0="4,17,84,41,116,30,52,14,104,87,73,93,132" hai1="27,135,35,53,51,19,120,119,105,24,33,54,9" hai2="62,94,20,102,110,86,111,69,31,126,115,0,32" hai3="78,130,121,91,124,22,97,74,50,71,123,88,34"/><W61/><G34/><T81/><D116/><U82/><E120/><N who="3" m="46154" /><G22/><T59/><D104/><U6/><E105/><V42/><F0/><W57/><G71/><T49/><D132/><U128/><E135/><V58/><F115/><W21/><G50/><T25/><D4/><U44/><E119/><V109/><F32/><W26/><G78/><T72/><D41/><U83/><E128/><V70/><F42/><W48/><G48/><T107/><D107/><U38/><E38/><V13/><F86/><W100/><G74/><T89/><D25/><U103/><E6/><V122/><F122/><W99/><G99/><T106/><D30/><U56/><E35/><V76/><F76/><W43/><G43/><T11/><REACH who="0" step="1"/><D106/><REACH who="0" ten="21,264,405,290" step="2"/><U46/><E27/><V85/><F31/><N who="3" m="17871" /><G130/><T40/><D40/><U60/><E24/><V95/><F109/><W10/><G124/><T39/><D39/><U117/><E117/><V79/><F126/><W18/><G18/><T125/><D125/><U134/><E134/><V15/><F111/><W5/><G5/><T67/><D67/><U8/><E19/><V2/><F110/><W37/><G37/><T114/><D114/><U36/><E33/><V131/><F131/><W133/><G133/><T118/><D118/><U45/><E36/><V90/><F2/><W108/><G108/><T127/><D127/><U101/><E54/><V112/><F112/><W1/><G1/><T68/><D68/><U29/><E29/><V77/><F69/><W47/><G91/><AGARI ba="3,2" hai="11,14,17,49,52,59,72,73,81,84,87,89,91,93" machi="91" ten="30,8000,1" yaku="1,1,7,1,54,1,53,2" doraHai="98" doraHaiUra="80" who="0" fromWho="3" sc="21,109,264,0,405,0,290,-89" /><INIT seed="4,0,0,2,4,80" ten="130,264,405,201" oya="0" hai0="23,41,77,15,76,82,32,11,30,113,114,108,0" hai1="74,49,109,4,103,91,71,93,22,111,1,95,25" hai2="52,13,16,87,107,9,39,132,121,45,115,126,73" hai3="94,119,12,56,6,29,116,28,21,90,124,51,2"/><T69/><D69/><U63/><E74/><V65/><F121/><W14/><G124/><T84/><D32/><U134/><E134/><V101/><F73/><W112/><G112/><N who="0" m="43115" /><D0/><U42/><E4/><V50/><F39/><W83/><G2/><T120/><D120/><U27/><E27/><V135/><F115/><W35/><G35/><T122/><D122/><U110/><E1/><V5/><F65/><W106/><G106/><T99/><D108/><U38/><E38/><V97/><F126/><W40/><G119/><T33/><D33/><U57/><E71/><V55/><F55/><N who="3" m="31871" /><G116/><T85/><D41/><U44/><E109/><V46/><F46/><W19/><G40/><T18/><D99/><U89/><E95/><V31/><F31/><W68/><G68/><T8/><D30/><N who="1" m="17719" /><E110/><V54/><F54/><W58/><G29/><T26/><D26/><U125/><E125/><V117/><F117/><W86/><G28/><T66/><D66/><N who="1" m="39279" /><E111/><V34/><F34/><W104/><G14/><T60/><D60/><U96/><AGARI ba="0,0" hai="42,44,49,89,91,93,96,103" m="39279,17719" machi="96" ten="30,2000,0" yaku="25,1,8,1" doraHai="80" who="1" fromWho="1" sc="130,-10,264,20,405,-5,201,-5" /><INIT seed="5,0,0,0,1,43" ten="120,284,400,196" oya="1" hai0="100,85,87,120,106,54,94,108,17,9,1,18,57" hai1="19,99,41,81,5,91,129,123,96,50,112,122,44" hai2="48,49,98,11,0,30,46,102,126,26,63,72,70" hai3="64,7,2,133,88,52,92,61,79,135,93,95,39"/><U33/><E129/><V38/><F72/><W107/><G107/><T65/><D108/><U32/><E32/><V53/><F49/><W16/><G79/><T56/><D106/><U73/><E33/><V125/><F38/><W110/><G39/><T132/><D132/><N who="3" m="50761" /><G7/><T25/><D120/><U78/><E112/><V60/><F11/><W103/><G2/><T45/><D1/><U124/><E124/><N who="2" m="47723" /><F70/><W68/><G110/><T104/><D104/><U62/><E5/><V82/><F82/><W114/><G103/><T58/><D65/><U130/><E130/><V15/><F15/><W75/><G75/><T83/><D9/><U6/><E6/><V42/><F42/><W80/><G114/><T3/><D3/><U121/><E91/><V111/><F0/><W84/><G80/><T28/><D100/><U4/><E4/><V113/><F113/><W101/><G101/><T12/><D94/><U90/><E90/><V66/><F66/><W40/><G40/><T89/><D12/><U69/><E19/><V23/><F111/><W105/><G105/><AGARI ba="0,0" hai="23,26,30,46,48,53,60,63,98,102,105" m="47723" machi="105" ten="30,2000,0" yaku="18,1,52,1" doraHai="43" who="2" fromWho="3" sc="120,0,284,0,400,20,196,-20" /><INIT seed="6,0,0,4,0,14" ten="120,284,420,176" oya="2" hai0="119,131,101,132,21,61,3,90,125,75,54,65,53" hai1="109,113,18,116,130,99,108,96,37,64,50,40,80" hai2="95,44,6,94,41,62,52,39,29,16,92,33,83" hai3="124,46,58,48,24,8,51,117,121,115,27,28,4"/><V128/><F128/><W81/><G121/><T9/><D75/><U68/><E116/><V88/><F6/><W79/><G117/><T122/><D119/><U5/><E130/><V13/><F33/><W42/><G124/><T129/><D122/><U7/><E99/><V22/><F29/><W55/><G28/><T98/><D125/><U10/><E50/><V111/><F111/><W56/><G56/><N who="0" m="37031" /><D3/><U93/><E64/><V106/><F106/><W31/><G31/><T43/><D43/><U102/><E68/><V135/><F135/><W85/><REACH who="3" step="1"/><G115/><REACH who="3" ten="120,284,420,166" step="2"/><T127/><D127/><U2/><E113/><V91/><REACH who="2" step="1"/><F83/><REACH who="2" ten="120,284,410,166" step="2"/><W70/><G70/><T86/><D131/><U67/><E80/><V15/><F15/><AGARI ba="0,2" hai="4,8,15,24,27,42,46,48,51,55,58,79,81,85" machi="15" ten="30,8000,1" yaku="1,1,7,1,25,2,8,1,53,0" doraHai="14" doraHaiUra="26" who="3" fromWho="2" sc="120,0,284,0,410,-80,166,100" /><INIT seed="7,0,0,4,1,92" ten="120,284,330,266" oya="3" hai0="120,55,107,27,19,28,30,94,42,21,128,100,11" hai1="45,72,63,52,124,62,108,87,105,46,129,132,1" hai2="32,59,82,135,48,5,77,75,34,14,71,91,131" hai3="50,74,89,3,0,4,102,10,98,130,134,41,2"/><W123/><G123/><T103/><D120/><U16/><E72/><V33/><F71/><W70/><G130/><T126/><D126/><U31/><E108/><V12/><F131/><W8/><G134/><T51/><D128/><U44/><E1/><V78/><F78/><W26/><G70/><T127/><D127/><U125/><E129/><V35/><F135/><W23/><G74/><T81/><D107/><U69/><E132/><V119/><F119/><W133/><G89/><T112/><D42/><U121/><E121/><V25/><F5/><W61/><G61/><T39/><D39/><U58/><E31/><V17/><F25/><W96/><G133/><T36/><D36/><U93/><E105/><V76/><F76/><W122/><G122/><T90/><D112/><U84/><E69/><V54/><F34/><W60/><G60/><T37/><D37/><U20/><E63/><V109/><F109/><W29/><G102/><T47/><D30/><U118/><E118/><V80/><F17/><W6/><G0/><T73/><D73/><U97/><E125/><V40/><F40/><W117/><G117/><T115/><D115/><U83/><E83/><V53/><F54/><W88/><G88/><T95/><D95/><U104/><E104/><V24/><F24/><W49/><G49/><T116/><D116/><U64/><E64/><V57/><F57/><W38/><G38/><T7/><D81/><U66/><E66/><V113/><F113/><W9/><G9/><T67/><D67/><U15/><E124/><V99/><F82/><W111/><G111/><T56/><D51/><RYUUKYOKU ba="0,0" sc="120,-30,284,10,330,10,266,10" hai1="15,16,20,44,45,46,52,58,62,84,87,93,97" hai2="12,14,32,33,35,48,53,59,75,77,80,91,99" hai3="2,3,4,6,8,10,23,26,29,41,50,96,98" /><INIT seed="7,1,0,1,4,123" ten="90,294,340,276" oya="3" hai0="53,37,111,90,46,96,42,131,75,79,19,26,82" hai1="45,120,122,28,47,101,14,52,87,24,20,7,33" hai2="32,13,89,68,121,116,64,133,30,81,104,41,59" hai3="4,95,22,105,98,3,48,5,94,108,61,66,16"/><W85/><G108/><T91/><D131/><U50/><E101/><V18/><F116/><W51/><G105/><T92/><D26/><U40/><E87/><V23/><F104/><W84/><G3/><T36/><D36/><U69/><E69/><V129/><F68/><W39/><G39/><T15/><D15/><U63/><E20/><V83/><F129/><W109/><G109/><T55/><D19/><U9/><REACH who="1" step="1"/><E63/><REACH who="1" ten="90,284,340,276" step="2"/><N who="2" m="38015" /><F133/><W65/><G61/><T60/><D111/><U99/><E99/><V67/><F121/><W27/><G85/><T58/><D90/><U97/><E97/><V11/><F32/><W106/><G84/><T88/><D91/><U49/><AGARI ba="1,1" hai="7,9,14,24,28,33,40,45,47,49,50,52,120,122" machi="49" ten="20,5200,0" yaku="1,1,0,1,7,1,54,1,53,0" doraHai="123" doraHaiUra="114" who="1" fromWho="1" sc="90,-14,284,65,340,-14,276,-27" owari="76,-42.0,349,44.0,326,13.0,249,-15.0" /></mjloggm>