<mjloggm ver="2.3"><GO type="169" lobby="0"/><UN n0="%E3%83%9E%E3%82%AC%E3%82%B8%E3%83%B3" n1="%E3%82%A6%E3%83%AB%E3%83%88%E3%83%A9%E7%AB%8B%E7%9B%B4" n2="%6B%6F%6B%75%73%68%69%61" n3="%43%2D%E3%83%93%E3%83%83%E3%82%AF" dan="16,17,16,17" rate="2114.34,2143.70,2127.18,2116.11" sx="F,M,M,M"/><TAIKYOKU oya="0"/><INIT seed="0,0,0,0,3,39" ten="250,250,250,250" oya="0" hai0="132,95,107,50,33,93,105,112,22,62,130,91,24" hai1="12,44,58,46,106,36,15,72,32,110,0,64,120" hai2="68,79,9,98,49,20,6,97,26,7,42,60,45" hai3="121,80,51,78,2,56,19,34,102,52,30,124,66"/><T111/><D33/><U41/><E120/><V103/><F79/><W10/><G121/><T109/><D112/><U54/><E110/><N who="0" m="41993" /><D130/><U57/><E106/><N who="0" m="40457" /><D132/><U3/><E72/><V73/><F73/><W71/><G124/><T116/><D116/><U76/><E76/><V85/><F85/><W28/><G34/><T38/><D38/><U63/><E32/><V92/><F97/><W31/><G102/><T18/><D62/><U125/><E125/><V61/><F68/><W23/><G71/><T131/><D131/><U43/><E0/><V77/><F77/><W84/><G66/><T47/><D91/><U25/><E3/><V13/><REACH who="2" step="1"/><F6/><REACH who="2" ten="250,250,240,250" step="2"/><W29/><G78/><T35/><D35/><U104/><E104/><V55/><F55/><AGARI ba="0,1" hai="18,22,24,47,50,55,93,95" m="40457,41993" machi="55" ten="30,2900,0" yaku="14,1,10,1" doraHai="39" who="0" fromWho="2" sc="250,39,250,0,240,-29,250,0" /><INIT seed="0,1,0,2,4,129" ten="289,250,211,250" oya="0" hai0="34,56,13,10,28,86,22,100,77,83,33,63,79" hai1="117,41,70,1,31,92,98,23,128,107,75,6,119" hai2="26,135,35,39,2,0,124,3,94,51,42,111,14" hai3="9,106,37,19,88,72,89,54,21,47,90,109,131"/><T96/><D79/><U36/><E128/><V43/><F39/><W84/><G131/><T91/><D77/><U8/><E107/><V4/><F111/><W102/><G109/><T122/><D122/><U121/><E121/><V5/><F124/><W69/><G72/><T78/><D78/><U125/><E125/><V38/><F38/><W27/><G69/><T93/><D10/><U133/><E70/><V65/><F65/><W71/><G71/><T81/><D81/><U57/><E75/><V101/><F135/><W24/><G9/><T25/><REACH who="0" step="1"/><D13/><REACH who="0" ten="279,250,211,250" step="2"/><U12/><E12/><V30/><F14/><W46/><G84/><T17/><D17/><U82/><E8/><V95/><F4/><W64/><G19/><T105/><D105/><U118/><E6/><V7/><F5/><W80/><G106/><T130/><D130/><U60/><E82/><V50/><F7/><W110/><G80/><T87/><D87/><U112/><E118/><V40/><REACH who="2" step="1"/><F101/><REACH who="2" ten="279,250,201,250" step="2"/><W49/><G102/><T76/><D76/><U73/><E117/><V66/><F66/><AGARI ba="1,2" hai="22,25,28,33,34,56,63,66,83,86,91,93,96,100" machi="66" ten="30,11600,0" yaku="1,1,7,1,25,2,53,0" doraHai="129" doraHaiUra="127" who="0" fromWho="2" sc="279,139,250,0,201,-119,250,0" /><INIT seed="0,2,0,0,0,116" ten="418,250,82,250" oya="0" hai0="1,0,84,27,115,11,22,41,86,66,47,29,97" hai1="119,113,25,70,74,17,23,36,59,60,100,55,108" hai2="98,33,65,128,129,117,85,40,46,88,76,62,99" hai3="64,80,130,95,35,68,124,121,101,106,3,123,96"/><T45/><D115/><U114/><E119/><V90/><F33/><W8/><G95/><T16/><D66/><U69/><E108/><V87/><F117/><W18/><G80/><T38/><D45/><U78/><E36/><V82/><F62/><N who="3" m="39959" /><G18/><T83/><D97/><N who="2" m="36874" /><F65/><W110/><G110/><T122/><D86/><N who="2" m="32778" /><F46/><W91/><G91/><N who="2" m="34857" /><F40/><W104/><G104/><T127/><D1/><U72/><E100/><V57/><F57/><W109/><G109/><T58/><D58/><U103/><E103/><V133/><F133/><W135/><G135/><T49/><D38/><U111/><E111/><V52/><F52/><W118/><G118/><T107/><D0/><U28/><E17/><V34/><F34/><W81/><G35/><T24/><D16/><U7/><E7/><V19/><F19/><W79/><G8/><T50/><D11/><U43/><E43/><V67/><F67/><W9/><G9/><T56/><D41/><U4/><E4/><V53/><F53/><W32/><G32/><T5/><D5/><U77/><E69/><V73/><AGARI ba="2,0" hai="73,76,82,128,129" m="34857,32778,36874" machi="73" ten="30,4000,0" yaku="34,2,54,1" doraHai="116" who="2" fromWho="2" sc="418,-22,250,-12,82,46,250,-12" /><INIT seed="1,0,0,5,0,24" ten="396,238,128,238" oya="1" hai0="105,15,100,127,111,32,112,5,55,119,27,126,30" hai1="107,21,71,115,64,98,125,42,91,90,65,92,6" hai2="39,134,74,57,84,79,46,2,108,28,49,47,51" hai3="44,77,33,40,93,131,35,25,96,114,110,103,63"/><U124/><E115/><V8/><F108/><W60/><G114/><T68/><D68/><U52/><E42/><N who="2" m="22879" /><F84/><W19/><G110/><T26/><D112/><U10/><E107/><V29/><F57/><W97/><G131/><T69/><D69/><U50/><E21/><V9/><F9/><W128/><G128/><T101/><D111/><U61/><E65/><V132/><F74/><W94/><G77/><T37/><D37/><U135/><E135/><N who="2" m="51755" /><F79/><W122/><G122/><T81/><D81/><U3/><REACH who="1" step="1"/><E91/><REACH who="1" ten="396,228,128,238" step="2"/><V4/><F51/><W56/><G40/><AGARI ba="0,1" hai="2,4,8,28,29,40,47,49" m="51755,22879" machi="40" ten="30,3900,0" yaku="20,1,52,2" doraHai="24" who="2" fromWho="3" sc="396,0,228,0,128,49,238,-39" /><INIT seed="2,0,0,0,1,85" ten="396,228,177,199" oya="2" hai0="73,33,25,72,90,123,132,125,66,76,52,7,22" hai1="35,79,48,43,126,32,83,56,5,128,45,0,50" hai2="37,116,122,23,47,84,78,100,12,134,49,106,127" hai3="130,117,91,40,16,112,92,124,17,13,42,61,24"/><V54/><F122/><W77/><G117/><T55/><D123/><U31/><E126/><V118/><F127/><W119/><G119/><T96/><D33/><U93/><E128/><V109/><F134/><W120/><G120/><T69/><D125/><U29/><E35/><V95/><F106/><W21/><G130/><T68/><D7/><U82/><E32/><V1/><F1/><W20/><G124/><T27/><D76/><U111/><E111/><V18/><F109/><W46/><G112/><T98/><D22/><U39/><E82/><V133/><F133/><W65/><G46/><T10/><D10/><U102/><E50/><V58/><F78/><W14/><G24/><T110/><D66/><U131/><E131/><V101/><F101/><W26/><G26/><T2/><D132/><U59/><E59/><V9/><F9/><W63/><G77/><T107/><D2/><U15/><E15/><V86/><F86/><N who="3" m="52343" /><G65/><T121/><D107/><U71/><E71/><V135/><F135/><W44/><G44/><T62/><D121/><U57/><E39/><V94/><F94/><W38/><G38/><T70/><D70/><U41/><E5/><V4/><F4/><W30/><G30/><N who="1" m="11274" /><E43/><AGARI ba="0,0" hai="13,14,16,17,20,21,40,42,43,61,63" m="52343" machi="43" ten="30,3900,0" yaku="8,1,52,1,54,1" doraHai="85" who="3" fromWho="1" sc="396,0,228,-39,177,0,199,39" /><INIT seed="3,0,0,1,2,129" ten="396,189,177,238" oya="3" hai0="46,115,65,114,78,90,43,94,53,25,69,13,111" hai1="28,95,58,48,12,79,107,73,26,1,11,16,30" hai2="103,35,128,60,116,10,32,93,42,70,122,133,106" hai3="68,20,72,124,54,59,108,47,6,121,41,91,22"/><W4/><G121/><T83/><D111/><U18/><E107/><V61/><F116/><W125/><G68/><T96/><D65/><U134/><E1/><V105/><F128/><W8/><G72/><T101/><D69/><U112/><E112/><N who="0" m="43049" /><D25/><U7/><E134/><V62/><F70/><W113/><G113/><T110/><D53/><U109/><E109/><V33/><F122/><W44/><G108/><T63/><D63/><U52/><E95/><V82/><F42/><W36/><G47/><T39/><D13/><U45/><E45/><V118/><F118/><W2/><G6/><T55/><D55/><U85/><E73/><V104/><F82/><W126/><REACH who="3" step="1"/><G91/><REACH who="3" ten="396,189,177,228" step="2"/><T88/><D110/><U37/><E37/><V87/><F133/><W67/><G67/><T131/><D131/><U64/><E64/><V102/><F10/><W23/><G23/><T15/><D90/><AGARI ba="0,1" hai="32,33,35,60,61,62,87,90,93,102,103,104,105,106" machi="90" ten="60,3900,0" yaku="29,2" doraHai="129" who="2" fromWho="0" sc="396,-39,189,0,177,49,228,0" /><INIT seed="4,0,0,4,5,82" ten="357,189,226,228" oya="0" hai0="27,4,42,135,69,111,107,130,110,120,117,99,79" hai1="80,118,16,112,87,92,106,43,71,9,1,98,81" hai2="103,8,104,24,50,26,126,75,30,44,2,97,94" hai3="95,100,38,83,66,10,67,11,40,13,41,63,56"/><T22/><D117/><U65/><E118/><V116/><F75/><W48/><G38/><T78/><D120/><U6/><E112/><V0/><F116/><W84/><G66/><T15/><D69/><U73/><E106/><V21/><F126/><W57/><G57/><T72/><D42/><U51/><E73/><V70/><F70/><W32/><G32/><T37/><D37/><U60/><E81/><V3/><F26/><W121/><G121/><T89/><D72/><U91/><E16/><V28/><F28/><W18/><G48/><T64/><D64/><U39/><E51/><V102/><F102/><W46/><G46/><T115/><D115/><U29/><E29/><V76/><F76/><N who="3" m="46183" /><G10/><N who="0" m="4551" /><D130/><U25/><E25/><V12/><F104/><W20/><G11/><T134/><D79/><U74/><E74/><V96/><F96/><AGARI ba="0,0" hai="13,18,20,40,41,56,63,67,95,96,100" m="46183" machi="96" ten="30,2000,0" yaku="8,1,52,1" doraHai="82" who="3" fromWho="2" sc="357,0,189,0,226,-20,228,20" /><INIT seed="5,0,0,2,2,30" ten="357,189,206,248" oya="1" hai0="9,37,7,45,118,36,35,8,121,46,100,122,105" hai1="134,19,107,99,112,124,22,89,56,17,58,6,82" hai2="69,3,115,41,125,18,16,27,43,78,96,77,126" hai3="85,62,42,15,103,4,72,130,92,101,71,10,117"/><U104/><E112/><V75/><F115/><W79/><G72/><T65/><D118/><U67/><E124/><N who="2" m="47723" /><F3/><W29/><G130/><T114/><D65/><U128/><E128/><V84/><F75/><W91/><G79/><N who="2" m="30217" /><F84/><W54/><G42/><N who="2" m="15881" /><F69/><W23/><G117/><T51/><D114/><U97/><E6/><V38/><F38/><W64/><G54/><T88/><D36/><U94/><E82/><V12/><F96/><W26/><AGARI ba="0,0" hai="4,10,15,23,26,29,62,64,71,85,91,92,101,103" machi="26" ten="30,1100,0" yaku="0,1" doraHai="30" who="3" fromWho="3" sc="357,-3,189,-5,206,-3,248,11" /><INIT seed="6,0,0,1,1,94" ten="354,184,203,259" oya="2" hai0="108,23,68,111,100,74,134,36,17,83,52,47,19" hai1="96,114,55,15,27,97,3,51,126,21,56,109,58" hai2="46,107,54,81,16,65,93,20,91,86,50,60,79" hai3="62,115,11,99,31,28,12,61,113,34,89,42,37"/><V18/><F107/><W104/><G42/><T71/><D100/><U44/><E3/><V80/><F20/><W32/><G37/><T121/><D121/><U127/><E109/><V90/><F81/><W101/><G89/><T35/><D35/><U120/><E114/><N who="3" m="43530" /><G32/><T87/><D74/><U41/><E15/><V112/><F112/><W102/><G101/><T10/><D134/><U69/><E69/><V77/><F91/><W70/><G70/><T1/><D68/><U29/><E120/><V39/><F39/><W24/><G28/><T106/><D71/><U116/><E116/><V95/><F95/><W130/><G130/><T92/><D92/><U26/><E26/><V88/><F90/><W135/><G135/><T75/><D106/><U124/><REACH who="1" step="1"/><E58/><REACH who="1" ten="354,174,203,259" step="2"/><N who="2" m="37015" /><F77/><W117/><G117/><T53/><D1/><U40/><E40/><V7/><F7/><AGARI ba="0,1" hai="7,11,12,24,31,34,61,62,99,102,104" m="43530" machi="7" ten="30,3900,0" yaku="15,1,11,1,52,1" doraHai="94" who="3" fromWho="2" sc="354,0,174,0,203,-39,259,49" /><INIT seed="7,0,0,0,2,43" ten="354,174,164,308" oya="3" hai0="15,57,33,85,120,4,84,39,131,47,125,116,104" hai1="41,109,117,115,122,79,56,68,119,112,0,38,1" hai2="96,102,55,100,61,52,32,51,70,10,44,106,93" hai3="54,98,30,77,24,45,19,128,21,23,121,37,48"/><W105/><G121/><T67/><D104/><U87/><E68/><V11/><F32/><W63/><G128/><T2/><D2/><N who="1" m="1131" /><E122/><V53/><F106/><W26/><G37/><T20/><D116/><N who="1" m="44619" /><E109/><V95/><F70/><W108/><G108/><T90/><D47/><N who="1" m="23991" /><E56/><N who="2" m="34951" /><F53/><W126/><G126/><T7/><D125/><U103/><E103/><N who="2" m="39467" /><F93/><W16/><G105/><T5/><D120/><U66/><E66/><V80/><F80/><AGARI ba="0,0" hai="79,80,87,112,115" m="23991,44619,1131" machi="80" ten="40,2600,0" yaku="12,1,52,1" doraHai="43" who="1" fromWho="2" sc="354,0,174,26,164,-26,308,0" owari="354,45.0,200,-20.0,138,-36.0,308,11.0" /></mjloggm>