<mjloggm ver="2.3"><GO type="97" lobby="0"/><UN n0="%E9%81%8A%E6%98%9F" n1="%E3%82%82%E3%81%B5%E3%81%85%E3%81%A3%21%21%21%31" n2="%E6%89%8B%E5%BD%B9%E3%82%A2%E3%83%BC%E3%83%86%E3%82%A3%E3%82%B9%E3%83%88" n3="%E3%83%88%E3%83%88%E3%83%AA%E5%85%88%E7%94%9F%31%39%E6%AD%B3" dan="14,16,15,15" rate="1943.92,2109.29,1915.69,2052.83" sx="M,M,M,F"/><TAIKYOKU oya="0"/><INIT seed="0,0,0,1,2,30" ten="250,250,250,250" oya="0" hai0="36,34,130,4,126,99,67,127,10,37,17,87,97" hai1="84,107,16,56,13,111,92,71,53,110,80,117,93" hai2="119,64,63,57,70,5,7,109,73,116,95,133,85" hai3="40,54,43,108,82,42,77,81,0,112,113,6,24"/><T11/><D130/><U18/><E71/><V35/><F73/><W123/><G123/><T100/><D67/><U46/><E107/><V94/><F109/><N who="1" m="41481" /><E117/><N who="2" m="45131" /><F133/><W88/><G108/><T69/><D69/><U134/><E134/><V76/><F35/><W47/><G0/><T29/><D87/><U33/><E33/><V103/><F70/><W75/><G6/><N who="2" m="2057" /><F103/><W83/><G24/><N who="0" m="18727" /><D17/><N who="1" m="6763" /><E13/><V102/><F102/><W115/><G75/><T22/><D22/><U98/><E46/><V50/><F50/><W131/><G131/><T114/><D10/><U120/><E120/><V72/><F72/><W9/><G9/><T52/><D37/><U23/><E23/><V8/><F8/><W62/><G77/><T128/><D36/><U32/><E32/><V86/><F86/><W45/><G62/><T15/><D128/><U26/><E26/><V90/><F76/><W104/><G104/><T58/><D99/><U3/><E3/><V91/><F85/><W21/><G21/><T96/><D96/><U122/><E122/><V121/><F121/><W78/><G78/><T38/><D97/><U61/><E98/><V41/><F63/><W25/><G25/><T60/><D100/><U51/><E61/><V44/><F44/><N who="3" m="16971" /><G88/><AGARI ba="0,0" hai="51,53,56,80,84,88,92,93" m="6763,41481" machi="88" ten="30,3900,0" yaku="14,1,54,2" doraHai="30" who="1" fromWho="3" sc="250,0,250,39,250,0,250,-39" /><INIT seed="1,0,0,1,2,116" ten="250,289,250,211" oya="1" hai0="101,120,80,114,40,25,118,91,131,41,39,105,59" hai1="10,21,100,108,115,51,66,53,36,67,44,57,61" hai2="129,16,23,42,81,117,2,17,38,14,49,1,12" hai3="123,96,4,119,79,0,65,46,107,18,86,130,84"/><U33/><E33/><V73/><F117/><W95/><G119/><T89/><D118/><U58/><E100/><V20/><F129/><W124/><G107/><T29/><D114/><U31/><E115/><V60/><F38/><W5/><G130/><T102/><D131/><U6/><E108/><V106/><F106/><W32/><G32/><T9/><D9/><U70/><E31/><V85/><F73/><W98/><G124/><T88/><D80/><U87/><E87/><V121/><F60/><W111/><G111/><T27/><D120/><U112/><E112/><V125/><F125/><W104/><G123/><T132/><D132/><U72/><E72/><V75/><F75/><W22/><G104/><T24/><D105/><U7/><E21/><V8/><F121/><W55/><G65/><T77/><D39/><U62/><E10/><V11/><F49/><N who="3" m="29111" /><G0/><T135/><D77/><U133/><E133/><V52/><F52/><W97/><G79/><T26/><D135/><U19/><E19/><V76/><REACH who="2" step="1"/><F42/><AGARI ba="0,0" hai="6,7,36,42,44,51,53,57,58,61,62,66,67,70" machi="42" ten="40,3900,0" yaku="24,2" doraHai="116" who="1" fromWho="2" sc="250,0,289,39,250,-39,211,0" /><INIT seed="1,1,0,2,4,102" ten="250,328,211,211" oya="1" hai0="65,113,19,93,117,45,28,24,51,12,88,5,70" hai1="91,11,108,105,75,66,1,55,48,57,104,90,40" hai2="43,85,60,123,77,130,111,32,115,46,38,124,73" hai3="78,76,3,2,35,84,16,13,62,0,18,33,128"/><U54/><E75/><V98/><F85/><W121/><G121/><T80/><D113/><U30/><E30/><V37/><F60/><W110/><G110/><T129/><D129/><U31/><E31/><V53/><F53/><W6/><G128/><T86/><D117/><U119/><E119/><V92/><F98/><W20/><G62/><T118/><D118/><U61/><E108/><V36/><F92/><W133/><G133/><T131/><D131/><U47/><E1/><N who="3" m="618" /><G84/><T23/><D5/><U67/><E11/><V26/><F26/><N who="3" m="14615" /><G78/><T96/><D70/><N who="1" m="42319" /><E67/><V42/><F123/><W59/><G59/><T87/><D65/><U83/><E83/><N who="2" m="45487" /><F32/><W50/><G50/><T122/><D122/><U127/><E127/><V97/><F97/><W74/><G76/><T81/><D81/><U134/><E134/><V58/><F111/><W71/><G74/><T109/><D80/><U22/><E22/><V100/><F115/><W9/><G71/><T68/><D68/><U125/><E125/><V112/><F130/><W7/><G7/><T82/><D82/><U56/><E56/><V34/><F58/><W49/><G49/><T114/><D114/><U44/><E44/><N who="2" m="23623" /><F112/><W63/><G63/><T41/><REACH who="0" step="1"/><D109/><REACH who="0" ten="240,328,211,211" step="2"/><U25/><E55/><V72/><F124/><W15/><G15/><T107/><D107/><U120/><E120/><V27/><F72/><W64/><G64/><T69/><D69/><U21/><E54/><V94/><F43/><W10/><AGARI ba="1,1" hai="3,6,9,10,13,16,33,35" m="14615,618" machi="10" ten="30,12000,2" yaku="35,5,54,1" doraHai="102" who="3" fromWho="3" sc="240,-31,328,-61,211,-31,211,133" /><INIT seed="2,0,0,0,3,5" ten="209,267,180,344" oya="2" hai0="123,135,1,54,11,114,79,106,133,125,111,42,95" hai1="112,22,134,48,55,120,14,93,46,85,105,102,80" hai2="21,75,73,59,118,119,130,0,65,67,94,40,47" hai3="53,78,74,58,129,7,77,56,72,101,132,52,64"/><V39/><F130/><W9/><G129/><T61/><D106/><U81/><E120/><V37/><F0/><W91/><G132/><N who="0" m="50763" /><D79/><U41/><E112/><V100/><F39/><W57/><G64/><T31/><D114/><U98/><E134/><V17/><F118/><W117/><G117/><T128/><D123/><U97/><E41/><V24/><F119/><W87/><G101/><T68/><D128/><U36/><E36/><V109/><F109/><W8/><G7/><N who="0" m="1519" /><D125/><U124/><E124/><V34/><F34/><W86/><G56/><N who="0" m="34967" /><D31/><U69/><E69/><V88/><F100/><W121/><G91/><T13/><D42/><U23/><E14/><V89/><F89/><W49/><G49/><T92/><D68/><U66/><E66/><V29/><F29/><W35/><G121/><T51/><D51/><U4/><E4/><V107/><F107/><W90/><G90/><T20/><D111/><U45/><E45/><V15/><F24/><W43/><G43/><T2/><D2/><U122/><E122/><V108/><F108/><W70/><G70/><T76/><D76/><U131/><E131/><V83/><F83/><W32/><AGARI ba="0,0" hai="8,9,32,35,52,53,57,58,72,74,77,78,86,87" machi="32" ten="25,12000,2" yaku="0,1,22,2,52,2,54,1" doraHai="5" who="3" fromWho="3" sc="209,-30,267,-30,180,-60,344,120" /><INIT seed="3,0,0,0,0,108" ten="179,237,120,464" oya="3" hai0="134,15,1,57,20,78,66,112,83,130,90,75,81" hai1="119,50,93,79,48,23,70,17,72,111,34,96,24" hai2="44,69,84,36,87,39,16,88,118,117,105,135,46" hai3="7,64,85,55,58,41,35,12,28,62,122,101,113"/><W0/><G113/><T106/><D1/><U126/><E111/><V104/><F69/><W97/><G12/><T123/><D123/><U77/><E70/><V43/><F135/><W45/><G85/><T80/><D106/><U76/><E126/><V68/><F68/><W125/><G125/><T30/><D134/><U6/><E119/><V94/><F16/><W98/><G122/><T100/><D100/><U89/><E34/><V61/><F61/><W25/><G101/><T33/><D33/><U32/><E32/><V18/><F18/><W52/><G7/><T11/><D83/><U127/><E127/><V31/><F31/><W19/><G0/><T128/><D20/><U92/><E72/><V13/><F13/><W124/><G19/><T27/><D27/><U3/><REACH who="1" step="1"/><E93/><REACH who="1" ten="179,227,120,464" step="2"/><V115/><F94/><W116/><G124/><T73/><D130/><U131/><E131/><V86/><F115/><W109/><G109/><T74/><D112/><U37/><E37/><V67/><F67/><W59/><G116/><T29/><D128/><U8/><AGARI ba="0,1" hai="3,6,8,17,23,24,48,50,76,77,79,89,92,96" machi="8" ten="30,2000,0" yaku="1,1,0,1,53,0" doraHai="108" doraHaiUra="132" who="1" fromWho="1" sc="179,-5,227,30,120,-5,464,-10" owari="174,-23.0,257,6.0,115,-38.0,454,55.0" /></mjloggm>