<mjloggm ver="2.3"><GO type="169" lobby="0"/><UN n0="%79%61%6D%61%61%70%71" n1="%E3%83%88%E3%83%88%E3%83%AA%E5%85%88%E7%94%9F%31%39%E6%AD%B3" n2="%6D%61%74%69%6F%73%61%6E" n3="%6D%6F%65%2E%6E" dan="16,18,16,16" rate="2090.54,2281.18,2049.06,2061.36" sx="M,F,M,F"/><TAIKYOKU oya="0"/><INIT seed="0,0,0,4,2,62" ten="250,250,250,250" oya="0" hai0="90,23,134,112,7,110,67,78,114,71,116,58,106" hai1="120,27,48,56,52,109,133,50,19,25,88,34,46" hai2="69,74,132,82,41,108,123,33,47,99,18,68,98" hai3="1,84,86,128,36,40,129,127,87,49,89,135,80"/><T3/><D116/><U76/><E120/><V122/><F108/><W51/><G1/><T16/><D106/><U53/><E109/><V119/><F119/><W29/><G135/><T97/><D110/><U54/><E133/><V17/><F33/><W65/><G127/><T93/><D134/><U14/><E76/><V31/><F132/><W104/><G104/><T26/><D78/><U101/><E101/><V43/><F31/><W102/><G102/><T38/><D38/><U55/><E34/><V103/><F103/><W10/><G29/><T79/><D79/><U12/><E12/><V57/><F57/><W39/><G65/><T85/><D71/><U22/><REACH who="1" step="1"/><E88/><REACH who="1" ten="250,240,250,250" step="2"/><V0/><F0/><W59/><G89/><T113/><D85/><U73/><E73/><V20/><F74/><W66/><G86/><T15/><D3/><U60/><E60/><V11/><F82/><W9/><G80/><T95/><D95/><U124/><E124/><V92/><F92/><W30/><G84/><T118/><D118/><U45/><E45/><V126/><F47/><W44/><G87/><T107/><D107/><U70/><E70/><V125/><F126/><W131/><G44/><T8/><REACH who="0" step="1"/><D114/><REACH who="0" ten="240,240,250,250" step="2"/><U111/><E111/><V42/><F125/><W63/><G131/><T121/><D121/><U13/><E13/><V77/><F123/><W94/><G129/><T2/><D2/><U105/><E105/><V4/><F122/><W35/><G128/><T81/><D81/><U37/><E37/><V75/><F77/><W72/><G36/><T117/><D117/><U130/><E130/><RYUUKYOKU ba="0,2" sc="240,15,240,15,250,-15,250,-15" hai0="7,8,15,16,23,26,58,67,90,93,97,112,113" hai1="14,19,22,25,27,46,48,50,52,53,54,55,56" /><INIT seed="0,1,2,2,4,128" ten="255,255,235,235" oya="0" hai0="91,34,25,79,58,117,125,101,31,29,64,41,75" hai1="17,83,15,121,103,16,21,27,115,96,89,86,116" hai2="69,44,20,132,97,131,62,94,105,108,126,38,47" hai3="67,13,48,54,114,90,53,49,23,22,46,8,0"/><T63/><D117/><U43/><E116/><V11/><F105/><W32/><G32/><T9/><D125/><U124/><E121/><V106/><F106/><W19/><G114/><T78/><D31/><U93/><E124/><V40/><F126/><W37/><G37/><T5/><D41/><U102/><E115/><V99/><F131/><W74/><G74/><T129/><D129/><U39/><E43/><V84/><F108/><W7/><G67/><T68/><D101/><U119/><E119/><V123/><F123/><W45/><REACH who="3" step="1"/><G90/><REACH who="3" ten="255,255,235,225" step="2"/><T113/><D113/><U12/><E39/><V50/><F38/><W71/><G71/><T24/><D75/><U82/><E102/><V85/><F40/><W36/><G36/><T10/><D91/><U80/><REACH who="1" step="1"/><E27/><REACH who="1" ten="255,245,235,225" step="2"/><V33/><F69/><W100/><G100/><T65/><D25/><U4/><E4/><V134/><F134/><W76/><G76/><T73/><D5/><U122/><E122/><V77/><F132/><W111/><G111/><T59/><D68/><U60/><E60/><V14/><F62/><W57/><G57/><T92/><D78/><U18/><E18/><V30/><F77/><W56/><G56/><T81/><D59/><U3/><E3/><V109/><F109/><W42/><G42/><T135/><D135/><U55/><E55/><V110/><F110/><W28/><G28/><T107/><D65/><U66/><E66/><V127/><F30/><W35/><G35/><T61/><D61/><U88/><E88/><V118/><F33/><W95/><G95/><T70/><D92/><U112/><E112/><RYUUKYOKU ba="1,4" sc="255,-15,245,15,235,-15,225,15" hai1="12,15,16,17,21,80,82,83,86,89,93,96,103" hai3="0,7,8,13,19,22,23,45,46,48,49,53,54" /><INIT seed="1,2,4,0,2,8" ten="240,260,220,240" oya="1" hai0="118,69,121,35,12,0,40,98,89,46,88,57,79" hai1="29,76,16,20,47,91,70,129,71,109,42,17,95" hai2="82,110,61,126,67,65,22,39,14,131,4,11,10" hai3="101,90,15,92,130,31,83,119,72,19,49,63,100"/><U41/><E76/><V62/><F39/><W123/><G123/><T107/><D0/><U5/><E5/><V85/><F126/><W128/><G119/><T104/><D69/><U80/><E80/><V114/><F114/><W59/><G31/><T43/><D118/><U2/><E2/><V134/><F134/><W102/><G49/><T25/><D79/><U86/><E129/><N who="3" m="49770" /><G72/><T93/><D121/><U108/><E29/><V30/><F131/><W133/><G133/><T77/><D77/><U113/><E17/><V45/><F45/><W116/><G116/><T60/><D25/><U9/><E9/><V6/><F110/><N who="1" m="42601" /><E113/><V99/><F99/><N who="3" m="57751" /><G83/><T26/><D35/><U1/><E1/><V87/><F82/><W64/><G100/><T106/><D26/><N who="1" m="14599" /><E42/><V52/><F30/><W18/><G18/><T105/><D43/><U38/><AGARI ba="2,4" hai="38,41,47,70,71,86,91,95" m="14599,42601" machi="38" ten="30,6000,0" yaku="14,1,10,1,54,1" doraHai="8" who="1" fromWho="1" sc="240,-22,260,106,220,-22,240,-22" /><INIT seed="1,3,0,3,2,48" ten="218,366,198,218" oya="1" hai0="54,64,127,73,12,115,129,112,35,120,86,108,90" hai1="59,79,50,10,88,75,13,47,103,17,41,132,119" hai2="89,22,68,123,104,45,49,71,55,81,109,15,9" hai3="61,1,28,95,66,46,60,124,39,110,83,85,118"/><U84/><E119/><V34/><F123/><W11/><G118/><T16/><D73/><U107/><E132/><V29/><F104/><W97/><G110/><T56/><D108/><U111/><E111/><V92/><F109/><W33/><G124/><T31/><D127/><U72/><E79/><V25/><F34/><W4/><G33/><T87/><D129/><U7/><E103/><V114/><F114/><W106/><G106/><T27/><D120/><U105/><E107/><V135/><F135/><W125/><G125/><T14/><D64/><U43/><E105/><V20/><F20/><W98/><G28/><T116/><D116/><U67/><E43/><V0/><F0/><W117/><G117/><T126/><D14/><U78/><E78/><V18/><REACH who="2" step="1"/><F81/><REACH who="2" ten="218,366,188,218" step="2"/><W133/><G83/><T63/><D126/><U26/><E10/><V6/><F6/><W21/><G11/><T96/><D112/><U128/><E7/><V44/><F44/><W52/><G46/><T74/><D115/><U40/><E47/><V30/><F30/><W38/><G21/><T2/><D2/><U80/><E80/><V5/><F5/><W19/><G1/><T77/><D31/><U70/><E17/><V91/><F91/><W58/><G19/><T53/><D35/><U3/><E88/><V42/><F42/><W76/><G4/><T32/><D32/><U36/><E40/><V57/><F57/><N who="3" m="37167" /><G133/><T94/><D16/><U65/><E3/><V102/><F102/><W82/><G95/><T131/><D94/><U24/><E41/><V101/><F101/><W23/><G23/><RYUUKYOKU ba="3,1" sc="218,-15,366,-15,188,15,218,15" hai2="9,15,18,22,25,29,45,49,55,68,71,89,92" hai3="38,39,52,58,60,76,82,85,97,98" /><INIT seed="2,4,1,3,5,86" ten="203,351,203,233" oya="2" hai0="9,96,123,5,64,67,52,71,44,119,102,112,95" hai1="105,4,125,58,34,42,30,124,77,113,2,100,50" hai2="16,35,59,129,134,55,25,88,116,76,19,37,73" hai3="49,81,99,24,85,132,26,43,131,94,84,0,126"/><V135/><F37/><W13/><G0/><T90/><D123/><U89/><E113/><V87/><F116/><W57/><G126/><N who="1" m="48746" /><E77/><V63/><F129/><W122/><G122/><T14/><D112/><U6/><E2/><V17/><F73/><W78/><G131/><T20/><D119/><U21/><E34/><V111/><F76/><W108/><G108/><T80/><D71/><U45/><E100/><V121/><F121/><W74/><G132/><N who="2" m="50729" /><F111/><W53/><G43/><T104/><D20/><U11/><E105/><V22/><F35/><W97/><G13/><T82/><D104/><U117/><E11/><V51/><F63/><W36/><G36/><T120/><D120/><U69/><E69/><V18/><F18/><W106/><G106/><T56/><D102/><U38/><E117/><V40/><F40/><W66/><G66/><T75/><D67/><U93/><E21/><V128/><F128/><W118/><G118/><T7/><D7/><U33/><E30/><V54/><F55/><W41/><G41/><T107/><D107/><U65/><E33/><V72/><F72/><W48/><G74/><T8/><D75/><U110/><E110/><V61/><F61/><W10/><G48/><N who="0" m="28679" /><D8/><U127/><E127/><V31/><F31/><W98/><G10/><T92/><D92/><AGARI ba="4,1" hai="16,17,19,22,25,51,54,59,87,88,92" m="50729" machi="92" ten="30,11600,0" yaku="20,1,52,1,54,2" doraHai="86" who="2" fromWho="0" sc="203,-128,351,0,203,138,233,0" /><INIT seed="2,5,0,0,1,9" ten="75,351,341,233" oya="2" hai0="125,132,91,110,122,67,109,51,59,115,74,128,118" hai1="70,32,119,38,56,43,76,87,35,46,69,103,50" hai2="15,2,12,41,71,117,123,96,106,66,3,39,131" hai3="36,75,104,61,116,22,100,108,114,23,5,13,95"/><V45/><F123/><W133/><G116/><T10/><D74/><U31/><E119/><V14/><F117/><W30/><G104/><T93/><D118/><U17/><E103/><V33/><F33/><W19/><G75/><T126/><D122/><U102/><E102/><V99/><F131/><W90/><G36/><T134/><D10/><U64/><E31/><V25/><F25/><W84/><G5/><T18/><D18/><U120/><E120/><V72/><F72/><W47/><G108/><N who="0" m="41579" /><D115/><U63/><E70/><V20/><F20/><W135/><G114/><T80/><D80/><N who="1" m="47495" /><E17/><V111/><F111/><W44/><G100/><T77/><D77/><U101/><E101/><V27/><F106/><W112/><G112/><T4/><D4/><U54/><AGARI ba="5,0" hai="32,35,38,43,46,50,54,56,63,64,69" m="47495" machi="54" ten="30,1100,0" yaku="24,1" doraHai="9" who="1" fromWho="1" sc="75,-8,351,26,341,-10,233,-8" /><INIT seed="3,0,0,0,0,22" ten="67,377,331,225" oya="3" hai0="14,83,25,113,90,56,74,114,108,39,92,104,70" hai1="6,55,105,46,69,97,45,84,41,5,86,77,9" hai2="43,62,57,66,118,98,59,91,34,76,63,58,88" hai3="135,101,100,0,109,64,115,3,111,107,60,33,130"/><W117/><G115/><T51/><D70/><U24/><E69/><V13/><F34/><W23/><G33/><T121/><D121/><U28/><E105/><V8/><F118/><W73/><G117/><T50/><D39/><U132/><E132/><V122/><F122/><W128/><G73/><T72/><D104/><U27/><E97/><V68/><F76/><W124/><G135/><T36/><D36/><U120/><E120/><V99/><F43/><W21/><G124/><T116/><D116/><U42/><E77/><V103/><F63/><W123/><G123/><T2/><D2/><N who="3" m="553" /><G23/><T30/><D14/><U40/><E55/><V102/><F99/><N who="3" m="61855" /><G21/><T75/><D83/><U54/><E54/><V49/><F49/><W26/><G26/><N who="1" m="9770" /><E28/><V134/><F134/><W10/><G10/><T94/><D113/><U89/><E86/><V18/><REACH who="2" step="1"/><F102/><REACH who="2" ten="67,377,321,225" step="2"/><W4/><G101/><T17/><D114/><U38/><E38/><V48/><F48/><W12/><G130/><T1/><D50/><U96/><E96/><V67/><F67/><W79/><G128/><T31/><D51/><U19/><E45/><V65/><F65/><W125/><G64/><T85/><D85/><U53/><E46/><V112/><F112/><W119/><G119/><T16/><D31/><U15/><E53/><V87/><F87/><W78/><G78/><T126/><D72/><U37/><E37/><V11/><F11/><N who="3" m="4199" /><G79/><T35/><D74/><U20/><E9/><V61/><F61/><W80/><G60/><T47/><D75/><U133/><E133/><V110/><F110/><N who="3" m="41995" /><G125/><T7/><D126/><RYUUKYOKU ba="0,1" sc="67,-30,377,10,321,10,225,10" hai1="5,6,15,19,20,40,41,42,84,89" hai2="8,13,18,57,58,59,62,66,68,88,91,98,103" hai3="80" /><INIT seed="3,1,1,3,4,65" ten="37,387,331,235" oya="3" hai0="125,99,8,95,41,60,103,66,11,85,35,9,128" hai1="90,112,121,43,102,18,110,104,55,115,44,113,129" hai2="130,70,76,135,134,39,45,131,58,86,57,82,10" hai3="47,120,50,88,87,6,53,127,21,94,64,93,132"/><W52/><G120/><T27/><D128/><N who="2" m="49194" /><F10/><W96/><G127/><T63/><D125/><U0/><E129/><V3/><F3/><W133/><G64/><T33/><D41/><U2/><E121/><V83/><F70/><W101/><G6/><T15/><D15/><U32/><E32/><V74/><F39/><W22/><REACH who="3" step="1"/><G53/><REACH who="3" ten="37,387,331,225" step="2"/><T14/><D66/><U28/><E55/><V92/><F135/><AGARI ba="1,2" hai="21,22,47,50,52,87,88,93,94,96,101,132,133,135" machi="135" ten="40,18000,2" yaku="1,1,2,1,20,1,54,2,53,2" doraHai="65" doraHaiUra="91" who="3" fromWho="2" sc="37,0,387,0,331,-183,225,203" /><INIT seed="3,2,0,3,1,26" ten="37,387,148,428" oya="3" hai0="104,62,129,60,39,131,27,89,117,92,74,4,97" hai1="32,105,48,113,115,33,16,82,100,109,59,98,68" hai2="58,46,41,51,40,84,49,36,64,124,76,12,101" hai3="23,50,19,25,83,30,3,47,21,86,77,71,66"/><W121/><G121/><T7/><D117/><U10/><E68/><V65/><F12/><W37/><G3/><T85/><D39/><U94/><E109/><V56/><F101/><W67/><G37/><T125/><D125/><U116/><E116/><V34/><F34/><W20/><G71/><T55/><D74/><U73/><E105/><V57/><F84/><W127/><G127/><T45/><D45/><U107/><E107/><V119/><F76/><W96/><G96/><T81/><D104/><U54/><E73/><V8/><F8/><W42/><G21/><T9/><D27/><AGARI ba="2,0" hai="19,20,23,25,27,30,42,47,50,66,67,77,83,86" machi="27" ten="30,5800,0" yaku="7,1,8,1,52,1" doraHai="26" who="3" fromWho="0" sc="37,-64,387,0,148,0,428,64" owari="-27,-53.0,387,19.0,148,-25.0,492,59.0" /></mjloggm>