<mjloggm ver="2.3"><GO type="225" lobby="0"/><UN n0="%E3%83%88%E3%83%88%E3%83%AA%E5%85%88%E7%94%9F%31%39%E6%AD%B3" n1="%E3%82%A8%E3%83%83%E3%83%95%E3%82%A7%E3%83%AB%E5%A1%94" n2="%6D%61%74%69%67%75%73%61" n3="%E9%87%98%E5%AE%AE%E7%97%85%E6%82%A3%E8%80%85" dan="18,16,16,16" rate="2272.57,2179.97,2127.94,2192.07" sx="F,M,M,F"/><TAIKYOKU oya="0"/><INIT seed="0,0,0,1,0,40" ten="250,250,250,250" oya="0" hai0="3,81,80,8,42,54,2,108,126,110,82,92,91" hai1="68,131,24,51,128,86,27,1,36,37,21,123,46" hai2="118,119,77,52,57,101,75,29,5,56,30,23,43" hai3="55,28,84,124,79,71,50,26,83,74,132,20,98"/><T69/><D69/><U88/><E123/><V90/><F101/><W17/><G124/><T95/><D126/><U99/><E1/><V34/><F34/><W4/><G132/><T111/><D8/><U9/><E9/><V15/><F77/><W0/><G71/><T96/><D42/><N who="1" m="25047" /><E99/><V122/><F75/><W104/><G74/><T66/><D66/><U6/><E6/><V41/><F122/><W89/><G0/><T130/><D130/><N who="1" m="49707" /><E68/><V134/><F134/><W67/><G67/><T58/><REACH who="0" step="1"/><D92/><REACH who="0" ten="240,250,250,250" step="2"/><N who="1" m="54295" /><E27/><V112/><F5/><W45/><G4/><T48/><AGARI ba="0,1" hai="2,3,48,54,58,80,81,82,91,95,96,108,110,111" machi="48" ten="40,12000,1" yaku="1,1,0,1,14,1,10,1,53,0" doraHai="40" doraHaiUra="19" who="0" fromWho="0" sc="240,130,250,-40,250,-40,250,-40" /><INIT seed="0,1,0,4,1,24" ten="370,210,210,210" oya="0" hai0="132,66,3,39,116,123,21,75,22,104,102,54,15" hai1="85,74,44,117,28,81,23,37,34,89,4,5,77" hai2="111,120,91,11,73,87,27,119,29,14,135,42,76" hai3="45,93,90,101,128,83,72,130,47,62,0,9,94"/><T121/><D116/><U95/><E117/><V20/><F119/><W79/><G101/><T52/><D3/><U126/><E126/><V2/><F120/><W131/><G62/><T30/><D75/><U8/><E34/><V35/><F73/><W33/><G33/><T50/><D39/><U133/><E133/><V69/><F69/><W26/><G26/><T31/><D132/><U38/><E5/><V1/><F76/><W97/><REACH who="3" step="1"/><G94/><REACH who="3" ten="370,210,210,200" step="2"/><T112/><D102/><U65/><E95/><V134/><F35/><W107/><G107/><T115/><D104/><U124/><E124/><V82/><F135/><W53/><G53/><T80/><D66/><U127/><E127/><V108/><F134/><W98/><G98/><T99/><D99/><U10/><E65/><V100/><F100/><W19/><G19/><T59/><D121/><U16/><E16/><N who="2" m="8287" /><F42/><W18/><G18/><T96/><D96/><U105/><E105/><V68/><F68/><W106/><G106/><T57/><D123/><U64/><E64/><V6/><F6/><AGARI ba="1,1" hai="0,6,9,45,47,72,79,83,90,93,97,128,130,131" machi="6" ten="40,2600,0" yaku="1,1,19,1,53,0" doraHai="24" doraHaiUra="129" who="3" fromWho="2" sc="370,0,210,0,210,-29,200,39" /><INIT seed="1,0,0,2,1,107" ten="370,210,181,239" oya="1" hai0="7,40,2,45,61,104,106,117,116,113,115,96,30" hai1="6,118,74,85,108,8,38,127,120,126,55,64,11" hai2="0,93,22,91,95,3,49,35,110,101,29,42,60" hai3="86,76,10,14,83,89,25,54,98,77,36,50,16"/><U15/><E120/><V67/><F35/><W1/><G36/><N who="0" m="21639" /><D61/><U92/><E118/><N who="0" m="45673" /><D30/><U119/><E119/><V12/><F110/><W69/><G69/><T5/><D5/><U130/><E38/><V87/><F42/><W132/><G132/><T43/><D43/><U78/><E108/><V131/><F49/><W97/><G1/><T52/><D52/><U53/><E64/><V17/><F131/><W24/><G98/><T9/><D104/><U75/><E130/><V4/><F29/><W56/><G97/><T51/><D51/><U65/><E65/><V81/><F101/><AGARI ba="0,0" hai="2,7,9,96,101,106,113,115" m="45673,21639" machi="101" ten="30,1000,0" yaku="23,1" doraHai="107" who="0" fromWho="2" sc="370,10,210,0,181,-10,239,0" /><INIT seed="2,0,0,5,4,90" ten="380,210,171,239" oya="2" hai0="33,5,21,15,60,132,0,80,39,134,11,48,61" hai1="103,54,52,115,30,55,66,31,122,12,13,35,99" hai2="64,51,126,78,46,84,127,113,27,4,65,45,19" hai3="110,77,74,87,53,82,49,62,120,97,95,86,91"/><V14/><F113/><W100/><G110/><T76/><D39/><U81/><E115/><V105/><F105/><W128/><G120/><T116/><D116/><U135/><E122/><V118/><F118/><W50/><G128/><T119/><D119/><U129/><E129/><V8/><F45/><W18/><G18/><N who="0" m="10463" /><D48/><U69/><E135/><N who="0" m="51753" /><D33/><U36/><E36/><V2/><F27/><W22/><G22/><T41/><D41/><U1/><E1/><V68/><F84/><AGARI ba="0,0" hai="0,5,11,60,61,76,80,84" m="51753,10463" machi="84" ten="30,1000,0" yaku="20,1" doraHai="90" who="0" fromWho="2" sc="380,10,210,0,171,-10,239,0" /><INIT seed="3,0,0,1,4,98" ten="390,210,161,239" oya="3" hai0="101,62,127,13,10,32,24,14,89,44,117,18,99" hai1="126,6,77,55,74,35,63,132,27,86,36,25,119" hai2="40,94,82,12,122,60,134,56,29,28,37,118,46" hai3="108,47,110,97,34,85,76,106,78,69,83,114,33"/><W52/><G69/><T54/><D117/><U75/><E36/><V96/><F118/><W7/><G7/><T50/><D127/><U116/><E6/><V109/><F109/><N who="3" m="42091" /><G78/><T22/><D89/><U8/><E8/><V20/><F134/><W45/><G45/><T67/><D32/><U64/><E55/><V9/><F122/><W61/><G114/><T81/><D81/><U124/><E35/><V1/><F1/><W73/><G73/><T129/><D129/><U70/><E86/><V23/><F82/><W30/><G30/><T21/><D21/><U115/><E115/><V87/><F87/><W65/><G65/><T93/><D10/><U57/><E77/><V31/><F9/><W92/><G106/><T84/><D84/><U72/><E132/><V71/><F71/><AGARI ba="0,0" hai="13,14,18,22,24,44,50,54,62,67,71,93,99,101" machi="71" ten="30,2000,0" yaku="7,1,52,1" doraHai="98" who="0" fromWho="2" sc="390,20,210,0,161,-20,239,0" owari="410,51.0,210,-19.0,141,-36.0,239,4.0" /></mjloggm>