<mjloggm ver="2.3"><GO type="169" lobby="0"/><UN n0="%E3%81%8A%E8%82%89%E3%81%A1%E3%82%83%E3%82%93" n1="%E3%81%84%E3%81%A1%E3%81%94%E3%83%9D%E3%83%83%E3%82%AD%E3%83%BC" n2="%E6%B0%B7%E6%B2%B3%E9%A2%A8" n3="%E3%82%A6%E3%83%AB%E3%83%88%E3%83%A9%E7%AB%8B%E7%9B%B4" dan="17,17,18,16" rate="2112.01,2215.58,2252.23,2116.91" sx="M,F,M,M"/><TAIKYOKU oya="0"/><INIT seed="0,0,0,1,3,45" ten="250,250,250,250" oya="0" hai0="44,104,118,73,69,8,41,76,108,117,20,47,97" hai1="130,66,48,27,13,113,78,61,39,110,131,12,88" hai2="107,99,133,93,35,128,6,86,64,122,7,4,42" hai3="38,63,21,17,10,129,62,19,54,135,24,33,9"/><T87/><D73/><U52/><E39/><V67/><F122/><W79/><G38/><T1/><D69/><N who="1" m="42191" /><E78/><V109/><F35/><W59/><G33/><T89/><D76/><U5/><E5/><V14/><F109/><W72/><G129/><N who="1" m="49162" /><E27/><V120/><F107/><W119/><G135/><T28/><D108/><U32/><E32/><V68/><F133/><W18/><G119/><T132/><D132/><U22/><E110/><V53/><F68/><W94/><G72/><T58/><D58/><N who="1" m="33031" /><E22/><V71/><F71/><W75/><G75/><T112/><D1/><U116/><E116/><V3/><F3/><W105/><G79/><T26/><D112/><U50/><E50/><V91/><F120/><W11/><G21/><T49/><D8/><U134/><E134/><V65/><F128/><W102/><G10/><T29/><D29/><U74/><E74/><V31/><F31/><W40/><G11/><T123/><D123/><U90/><E113/><V92/><F14/><AGARI ba="0,0" hai="12,13,14,88,90" m="33031,49162,42191" machi="14" ten="30,7700,0" yaku="19,1,52,1,54,2" doraHai="45" who="1" fromWho="2" sc="250,0,250,77,250,-77,250,0" /><INIT seed="1,0,0,2,4,21" ten="250,327,173,250" oya="1" hai0="39,107,114,128,118,4,121,134,0,11,98,126,46" hai1="25,116,42,63,59,60,47,44,22,37,38,131,84" hai2="7,62,129,58,81,41,124,109,50,68,135,2,88" hai3="16,86,99,12,87,92,106,101,23,66,15,115,103"/><U64/><E116/><V75/><F109/><W72/><G72/><T123/><RYUUKYOKU type="yao9" ba="0,0" sc="250,0,327,0,173,0,250,0" hai0="0,4,11,39,46,98,107,114,118,121,123,126,128,134" /><INIT seed="1,1,0,4,2,87" ten="250,327,173,250" oya="1" hai0="130,16,33,70,47,100,28,96,22,64,102,115,38" hai1="73,114,42,99,27,108,8,25,121,132,103,63,107" hai2="71,60,53,10,117,49,67,69,120,126,52,21,24" hai3="83,124,50,98,123,0,93,79,129,101,72,43,113"/><U97/><E114/><V94/><F117/><W18/><G0/><T45/><D115/><U34/><E121/><V37/><F37/><W14/><G113/><T75/><D75/><U128/><E73/><V39/><F39/><W122/><G124/><T3/><D3/><U36/><E128/><V11/><F126/><W51/><G129/><T84/><D130/><U19/><E132/><V89/><F69/><W118/><G118/><T78/><D64/><U30/><E108/><V81/><F81/><W55/><G43/><T15/><D70/><U26/><E63/><V29/><F120/><W5/><G5/><T112/><D112/><U12/><REACH who="1" step="1"/><E99/><REACH who="1" ten="250,317,173,250" step="2"/><V1/><F1/><W4/><G123/><T58/><D96/><U134/><E134/><V119/><F119/><W20/><G122/><T6/><D102/><U56/><E56/><V104/><F104/><W85/><G72/><T54/><D100/><U44/><AGARI ba="1,1" hai="8,12,19,25,26,27,30,34,36,42,44,97,103,107" machi="44" ten="30,3000,0" yaku="1,1,0,1,53,0" doraHai="87" doraHaiUra="80" who="1" fromWho="1" sc="250,-11,317,43,173,-11,250,-11" /><INIT seed="1,2,0,5,5,16" ten="239,360,162,239" oya="1" hai0="77,98,119,7,133,106,107,131,97,38,126,86,82" hai1="75,68,62,109,26,116,91,84,1,121,100,49,65" hai2="59,102,94,88,115,43,95,105,31,90,32,122,69" hai3="30,12,72,67,70,21,117,128,111,6,14,73,42"/><U101/><E75/><V55/><F69/><W45/><G128/><T44/><D7/><U17/><E116/><V81/><F122/><W9/><G111/><T113/><D38/><U33/><E1/><V4/><F43/><W15/><G117/><T89/><D44/><U76/><E121/><V57/><F115/><W61/><G15/><T56/><D56/><U28/><E76/><V20/><F4/><W23/><G14/><T135/><D119/><U87/><E87/><N who="2" m="50287" /><F32/><W112/><G112/><T18/><D18/><U104/><E104/><N who="0" m="39977" /><D113/><U124/><E124/><V71/><F71/><W5/><G5/><T60/><D60/><U24/><E49/><V3/><F105/><W103/><G103/><T130/><D126/><U93/><REACH who="1" step="1"/><E109/><REACH who="1" ten="239,350,162,239" step="2"/><V96/><F3/><W13/><G73/><T8/><D77/><U108/><E108/><V114/><F114/><W41/><G72/><T27/><D98/><U39/><E39/><V127/><F127/><W0/><G0/><T66/><D97/><U110/><E110/><V134/><F96/><W51/><G51/><T85/><D85/><U123/><E123/><V34/><F134/><N who="0" m="51210" /><D131/><U74/><E74/><V48/><F48/><W99/><G99/><T50/><D130/><U2/><E2/><V25/><F102/><W52/><G6/><T29/><D50/><U64/><E64/><V47/><F90/><W22/><G67/><T10/><D66/><U120/><E120/><V125/><F125/><W54/><G9/><T36/><D36/><U132/><E132/><V53/><F55/><W78/><G54/><T40/><D40/><RYUUKYOKU ba="2,1" sc="239,15,350,15,162,-15,239,-15" hai0="8,10,27,29,82,86,89" hai1="17,24,26,28,33,62,65,68,84,91,93,100,101" /><INIT seed="1,3,1,2,3,26" ten="254,365,147,224" oya="1" hai0="126,53,54,32,61,111,107,46,57,109,131,36,75" hai1="43,34,23,33,88,106,82,127,18,93,38,116,44" hai2="124,74,50,39,81,24,20,125,28,98,49,115,58" hai3="112,87,130,41,121,55,85,27,83,128,30,4,95"/><U5/><E106/><V31/><F39/><W6/><G121/><T91/><D75/><U135/><E116/><V52/><F115/><W104/><G104/><T99/><D32/><U80/><E127/><N who="2" m="48715" /><F98/><W7/><G112/><T122/><D126/><U134/><E5/><V84/><F50/><W65/><G65/><T35/><D35/><U78/><E33/><V119/><F74/><W97/><G55/><N who="0" m="33983" /><D91/><U72/><E34/><V123/><F123/><W40/><G27/><T15/><D15/><U100/><E100/><V25/><F119/><W71/><G71/><T73/><D73/><U89/><E82/><V129/><F129/><N who="3" m="49771" /><G30/><N who="2" m="11305" /><F20/><W108/><G108/><N who="0" m="41547" /><D131/><U21/><E21/><V70/><F70/><W2/><G2/><T12/><D122/><U90/><REACH who="1" step="1"/><E93/><REACH who="1" ten="254,355,147,224" step="2"/><V59/><F59/><W114/><G114/><T133/><D107/><U63/><E63/><V45/><F58/><W103/><G83/><T1/><D36/><U132/><E132/><V37/><F37/><W76/><G95/><T113/><D133/><U48/><E48/><V51/><F49/><W17/><G103/><T13/><D113/><U22/><E22/><V16/><F16/><W92/><G92/><T86/><D46/><U66/><E66/><V102/><F102/><W9/><G17/><T0/><D53/><U117/><E117/><V96/><F96/><W10/><G97/><T3/><D54/><U105/><E105/><V101/><F101/><W56/><G56/><T118/><D99/><U29/><E29/><V64/><F64/><W47/><G47/><T79/><D118/><U68/><E68/><RYUUKYOKU ba="3,2" sc="254,10,355,10,147,10,224,-30" hai0="0,1,3,12,13,79,86" hai1="18,23,38,43,44,72,78,80,88,89,90,134,135" hai2="24,25,45,51,52,81,84" /><INIT seed="1,4,2,0,0,26" ten="264,365,157,194" oya="1" hai0="59,44,60,108,122,28,119,66,0,36,23,54,2" hai1="56,67,15,83,80,94,19,75,10,70,47,77,61" hai2="7,41,74,11,88,16,29,57,133,82,6,9,125" hai3="12,43,22,84,46,37,105,96,112,101,31,30,102"/><U33/><E33/><V104/><F104/><W123/><G123/><T71/><D119/><U116/><E116/><V114/><F74/><W73/><G73/><T49/><D108/><U110/><E110/><V45/><F133/><W113/><G102/><T98/><D98/><U3/><E3/><V130/><F130/><W8/><G84/><T18/><D122/><U87/><E94/><V89/><F125/><W63/><G63/><T111/><D111/><U76/><REACH who="1" step="1"/><E47/><REACH who="1" ten="264,355,157,194" step="2"/><V24/><F114/><W17/><REACH who="3" step="1"/><G22/><REACH who="3" ten="264,355,157,184" step="2"/><T86/><D2/><U103/><E103/><V78/><F11/><W109/><G109/><T21/><D0/><U79/><E79/><V20/><F78/><W115/><AGARI ba="4,4" hai="8,12,17,30,31,37,43,46,96,101,105,112,113,115" machi="115" ten="30,8000,1" yaku="1,1,0,1,52,2,53,1" doraHai="26" doraHaiUra="95" who="3" fromWho="3" sc="264,-24,355,-44,157,-24,184,132" /><INIT seed="2,0,0,5,1,89" ten="240,311,133,316" oya="2" hai0="108,131,34,51,46,58,70,56,103,126,83,32,65" hai1="49,64,97,116,101,66,75,63,38,91,118,47,130" hai2="88,53,109,98,42,44,117,105,54,78,112,5,69" hai3="133,76,31,52,100,8,106,22,67,35,17,48,61"/><V25/><F112/><W124/><G124/><T129/><D108/><U57/><E75/><V41/><F117/><W99/><G133/><T1/><D1/><U77/><E77/><V16/><F69/><W119/><G119/><T123/><D103/><U55/><E130/><N who="0" m="49673" /><D83/><U15/><E91/><V90/><F109/><W72/><G8/><T125/><D32/><U71/><E66/><V94/><F105/><W87/><G87/><T121/><D34/><U43/><REACH who="1" step="1"/><E15/><REACH who="1" ten="240,301,133,316" step="2"/><V28/><F78/><W96/><G67/><T21/><D65/><U113/><E113/><V111/><F111/><W11/><G72/><T24/><D126/><U37/><E37/><V128/><F90/><W19/><G76/><T27/><D125/><U0/><E0/><V127/><F127/><W73/><G73/><T10/><D123/><U45/><E45/><V82/><F44/><W33/><G100/><T79/><D79/><U14/><E14/><V93/><F128/><W107/><G99/><T60/><D121/><U104/><AGARI ba="0,1" hai="38,43,47,49,55,57,63,64,71,97,101,104,116,118" machi="104" ten="20,8000,1" yaku="1,1,0,1,7,1,24,2,53,0" doraHai="89" doraHaiUra="84" who="1" fromWho="1" sc="240,-20,301,90,133,-40,316,-20" /><INIT seed="3,0,0,0,3,40" ten="220,391,93,296" oya="3" hai0="111,129,96,109,7,46,121,50,112,116,60,118,33" hai1="122,128,104,2,49,19,45,51,66,32,86,23,16" hai2="78,130,89,101,82,15,105,68,37,8,22,92,56" hai3="58,90,98,91,6,44,67,59,126,108,39,115,10"/><W117/><G117/><N who="0" m="45163" /><D33/><U87/><E32/><V102/><F68/><W119/><G119/><T30/><D30/><U4/><E104/><V41/><F130/><W3/><G115/><T123/><D7/><U28/><E122/><N who="0" m="46601" /><D96/><U107/><E107/><V14/><F105/><W113/><G113/><T17/><D17/><U18/><E66/><V124/><F124/><W100/><G126/><T62/><D129/><U95/><E51/><V93/><F56/><W99/><G99/><T73/><D73/><U72/><E72/><V76/><F22/><W47/><G108/><N who="0" m="41547" /><D112/><U11/><E128/><V133/><F8/><W127/><G98/><T13/><D13/><U35/><E35/><V20/><F20/><W1/><G10/><T120/><N who="0" m="46609" /><T80/><DORA hai="79" /><D80/><U110/><E110/><V135/><F82/><W57/><G6/><T94/><D94/><U38/><E95/><V54/><F92/><W134/><G3/><T84/><D84/><U106/><E106/><V26/><F93/><W131/><G1/><T53/><AGARI ba="0,0" hai="46,50,53,60,62" m="41547,46609,45163" machi="53" ten="50,8000,1" yaku="14,1,34,2,52,1" doraHai="40,79" who="0" fromWho="0" sc="220,80,391,-20,93,-20,296,-40" /><INIT seed="4,0,0,3,1,125" ten="300,371,73,256" oya="0" hai0="75,91,110,104,61,45,26,100,62,17,88,52,56" hai1="72,129,10,115,116,8,13,24,37,119,131,84,58" hai2="19,102,60,59,57,29,2,41,127,18,51,78,46" hai3="69,36,66,6,126,121,48,11,32,94,128,63,67"/><T64/><D75/><U81/><E72/><V70/><F127/><W82/><G126/><T109/><D104/><U3/><E37/><V93/><F2/><W38/><G94/><T15/><D100/><U86/><E115/><V132/><F132/><W96/><G96/><T92/><D26/><U130/><E58/><V27/><F78/><W44/><G82/><T39/><D39/><U108/><E108/><N who="0" m="41577" /><D92/><U68/><E68/><V25/><F70/><W28/><G67/><T73/><D73/><U12/><E24/><V105/><F59/><W34/><G121/><T31/><D31/><U22/><E22/><V49/><F49/><W135/><G135/><T9/><D45/><U134/><E134/><V50/><F105/><W80/><G80/><T65/><D65/><U97/><E97/><V35/><F27/><N who="3" m="18463" /><G34/><T117/><D117/><N who="1" m="45131" /><E3/><V20/><F35/><W16/><G38/><T98/><D98/><U87/><E81/><V103/><F103/><W5/><G36/><T7/><D7/><N who="1" m="3103" /><E86/><V76/><F102/><W101/><G101/><T77/><D77/><U111/><E111/><V99/><F76/><W118/><G118/><T42/><D42/><U123/><E123/><V53/><F93/><W95/><G95/><T90/><D90/><U14/><E14/><V83/><F83/><W54/><G5/><AGARI ba="0,0" hai="5,10,13,84,87,129,130,131" m="3103,45131" machi="5" ten="40,8000,1" yaku="19,1,52,3" doraHai="125" who="1" fromWho="3" sc="300,0,371,80,73,0,256,-80" /><INIT seed="5,0,0,5,2,70" ten="300,451,73,176" oya="1" hai0="14,111,90,93,119,107,128,46,35,101,31,18,131" hai1="65,81,54,73,3,134,88,12,106,30,86,77,26" hai2="95,61,41,36,123,55,0,98,53,129,63,105,56" hai3="32,22,7,17,6,84,121,78,79,99,57,66,11"/><U59/><E3/><V100/><F123/><W23/><G32/><T127/><D111/><U103/><E134/><V109/><F109/><W85/><G121/><T112/><D119/><U72/><E65/><V15/><F129/><W89/><G99/><T132/><D132/><U45/><E45/><V10/><F0/><W38/><G38/><T44/><D101/><U1/><E12/><V125/><F125/><W49/><G66/><T51/><D107/><U133/><E1/><V120/><F120/><W108/><G108/><T91/><D127/><U42/><E42/><V68/><F105/><W117/><G117/><T92/><D112/><U114/><E114/><V58/><F68/><W104/><G104/><T69/><D69/><U83/><E133/><V13/><REACH who="2" step="1"/><F10/><REACH who="2" ten="300,451,63,176" step="2"/><W47/><G11/><T118/><D118/><U82/><E106/><V94/><F94/><W33/><G33/><T48/><D35/><U29/><E72/><V124/><F124/><W8/><G8/><T27/><D131/><U71/><E71/><V64/><F64/><W52/><G23/><T20/><D128/><U126/><E126/><V76/><F76/><W4/><G79/><T16/><D93/><U87/><E73/><V43/><F43/><W135/><G135/><T2/><D2/><U9/><E9/><V110/><F110/><W130/><G130/><T60/><D92/><U102/><E77/><V50/><F50/><N who="3" m="30871" /><G78/><T40/><D40/><U113/><E81/><V122/><F122/><W62/><G49/><T39/><D48/><U5/><E82/><V74/><F74/><W19/><G22/><RYUUKYOKU ba="0,1" sc="300,-10,451,-10,63,30,176,-10" hai2="13,15,36,41,53,55,56,58,61,63,95,98,100" /><INIT seed="6,1,1,0,3,31" ten="290,441,93,166" oya="2" hai0="110,114,48,24,62,14,124,134,88,126,2,83,63" hai1="66,130,96,120,85,104,112,81,46,55,52,64,122" hai2="49,23,117,4,40,65,26,67,116,35,119,47,86" hai3="79,80,34,135,6,103,1,78,77,106,123,41,21"/><V97/><F4/><W18/><G123/><N who="1" m="47146" /><E112/><V43/><F43/><W28/><G135/><T32/><D88/><N who="1" m="51247" /><E130/><V42/><F42/><W73/><G103/><T7/><D48/><N who="1" m="28695" /><E55/><V38/><F38/><W84/><G106/><T125/><D114/><U105/><E105/><V61/><F97/><W56/><G41/><T11/><D110/><U127/><E127/><V70/><F67/><W90/><G73/><T58/><D134/><U91/><E104/><V45/><F45/><W131/><G131/><T108/><D108/><U5/><E5/><V60/><F60/><W111/><G111/><T51/><D63/><U75/><E75/><V17/><REACH who="2" step="1"/><F86/><REACH who="2" ten="290,441,83,166" step="2"/><W94/><G6/><N who="0" m="3447" /><D62/><U121/><E121/><V128/><F128/><W57/><G1/><T16/><D7/><U99/><E99/><V50/><F50/><W53/><G84/><T115/><D2/><U29/><E64/><V109/><F109/><W22/><G53/><T36/><D126/><U133/><E66/><V33/><AGARI ba="1,2" hai="17,23,26,33,35,40,47,49,61,65,70,116,117,119" machi="33" ten="40,12000,1" yaku="1,1,0,1,52,2,53,0" doraHai="31" doraHaiUra="68" who="2" fromWho="2" sc="290,-41,441,-41,83,143,166,-41" /><INIT seed="6,2,0,3,0,36" ten="249,400,226,125" oya="2" hai0="64,93,79,122,44,58,128,90,49,33,35,118,46" hai1="87,24,86,10,98,105,133,8,13,59,77,97,125" hai2="9,0,80,76,88,113,41,16,31,130,60,112,61" hai3="92,43,123,18,96,91,56,131,55,22,126,83,4"/><V120/><F120/><W47/><G126/><T103/><D122/><U63/><E125/><V23/><F130/><W129/><G123/><T116/><D128/><U107/><E133/><V78/><F31/><W134/><G134/><T115/><D103/><U20/><E107/><V32/><F32/><W99/><G4/><T14/><D79/><N who="2" m="30250" /><F9/><W69/><G69/><T119/><D115/><N who="2" m="44106" /><F0/><W34/><G34/><T6/><D6/><U7/><E10/><V50/><F50/><W109/><G109/><T74/><D74/><U84/><E105/><V82/><F41/><W51/><G83/><N who="2" m="31785" /><F88/><W81/><G81/><T106/><D106/><U29/><E77/><V68/><F68/><W132/><G132/><T101/><D33/><U127/><E127/><V40/><F40/><W65/><G65/><AGARI ba="2,0" hai="7,8,13,20,24,29,59,63,65,84,86,87,97,98" machi="65" ten="40,1300,0" yaku="8,1" doraHai="36" who="1" fromWho="3" sc="249,0,400,19,226,0,125,-19" /><INIT seed="7,0,0,4,0,82" ten="249,419,226,106" oya="3" hai0="60,84,106,51,77,116,46,80,122,48,111,28,54" hai1="68,119,107,104,39,72,22,83,52,10,59,24,32" hai2="93,37,23,29,12,7,15,62,127,35,90,71,73" hai3="57,117,108,102,8,109,19,97,58,114,50,74,128"/><W61/><G74/><T98/><D111/><N who="3" m="42569" /><G117/><T14/><D122/><U18/><E68/><V36/><F73/><W67/><G128/><T113/><D113/><U105/><E39/><V63/><F35/><W3/><G114/><T79/><D116/><U47/><E47/><V110/><F110/><W20/><G3/><T70/><D106/><U133/><E119/><V100/><F71/><N who="3" m="42479" /><G8/><T134/><D98/><U66/><E66/><V42/><F127/><W118/><G50/><T26/><D70/><U38/><E38/><V123/><F123/><W96/><G118/><T16/><D134/><U124/><E133/><V87/><F37/><W45/><G45/><T69/><D69/><U76/><E10/><V131/><F131/><W53/><G53/><T91/><D60/><U17/><E32/><V34/><F34/><W75/><G75/><T41/><D51/><U6/><E6/><V11/><F36/><W92/><G97/><T33/><D41/><U95/><E124/><V130/><F42/><W86/><G86/><T120/><D120/><U4/><E4/><V31/><F130/><W94/><G94/><T65/><D65/><U99/><E95/><V126/><F126/><W49/><G49/><T27/><D46/><U121/><E121/><V2/><F2/><W129/><G129/><T89/><D48/><U44/><E44/><V25/><F63/><W88/><G102/><T13/><D54/><U103/><E105/><V9/><F62/><W78/><G78/><T81/><D79/><U64/><E107/><V85/><F100/><W132/><G132/><T1/><D1/><RYUUKYOKU ba="0,0" sc="249,-10,419,-10,226,-10,106,30" hai3="19,20,57,58,88,92,96" /><INIT seed="7,1,0,2,0,127" ten="239,409,216,136" oya="3" hai0="35,77,33,117,98,31,45,133,123,19,86,84,17" hai1="49,91,15,104,100,13,34,106,76,40,93,20,22" hai2="71,11,96,56,25,80,14,112,94,41,43,68,7" hai3="23,126,10,16,67,105,3,122,82,124,26,118,29"/><W39/><G105/><T73/><D73/><U42/><E34/><V92/><F68/><W2/><G39/><T78/><D98/><U36/><E36/><V52/><F71/><W58/><G82/><T12/><D12/><U70/><E70/><V128/><F128/><W111/><G122/><T1/><D45/><U81/><E106/><V21/><F112/><W32/><G118/><T87/><D87/><N who="1" m="48551" /><E104/><V5/><F5/><N who="3" m="1335" /><G111/><T18/><D18/><N who="1" m="10319" /><E100/><N who="2" m="60423" /><F94/><W119/><G119/><T60/><D31/><U113/><E113/><V37/><F80/><W129/><G129/><T88/><D88/><U24/><E15/><V132/><F37/><W109/><G109/><T131/><D60/><U108/><E49/><N who="2" m="30735" /><F132/><W61/><G3/><T116/><D1/><U83/><E83/><V72/><F72/><W8/><G8/><T64/><D131/><U89/><E108/><V57/><F57/><W135/><G135/><T120/><D133/><U102/><E102/><V27/><F27/><W85/><G85/><T50/><D123/><U74/><E74/><V101/><F101/><W59/><G59/><T38/><D38/><U110/><E110/><V134/><F134/><W53/><G67/><T99/><D120/><U90/><E93/><V75/><F75/><W97/><G97/><T6/><D99/><U47/><E91/><V79/><F79/><W51/><G61/><T46/><D64/><U130/><E130/><V54/><F54/><W95/><G95/><T65/><D65/><U4/><E90/><V0/><F0/><W66/><G66/><T44/><D50/><U9/><E9/><RYUUKYOKU ba="1,0" sc="239,10,409,-30,216,10,136,10" hai0="6,17,19,33,35,44,46,77,78,84,86,116,117" hai2="7,11,14,21,25,41,43" hai3="16,23,26,29,32,51,53,58,124,126" /><INIT seed="7,2,0,5,3,12" ten="249,379,226,146" oya="3" hai0="27,95,52,51,135,8,109,66,76,47,15,21,128" hai1="119,46,70,81,91,133,53,45,69,23,31,3,106" hai2="29,118,49,42,86,73,110,59,89,55,10,37,6" hai3="131,71,105,126,111,43,123,103,117,7,93,94,14"/><W121/><G71/><T54/><D109/><U22/><E106/><V61/><F110/><W19/><G111/><T107/><D107/><U18/><E3/><V84/><F73/><W99/><G117/><T74/><D74/><U100/><E100/><V134/><F37/><W77/><G7/><T80/><D128/><U125/><E70/><V32/><F118/><W48/><G131/><T129/><D129/><U90/><E69/><V13/><F134/><W115/><G77/><T120/><D135/><U75/><E119/><V56/><F32/><W0/><G0/><T65/><D54/><U88/><E133/><V36/><F36/><W87/><G126/><T96/><D80/><U11/><E125/><V108/><F108/><W97/><G87/><T60/><D60/><U20/><E31/><V114/><F114/><W1/><G1/><T102/><D76/><U92/><E75/><V64/><F42/><W30/><G30/><N who="0" m="17775" /><D120/><U50/><E81/><N who="2" m="49295" /><F29/><W132/><G132/><T122/><D122/><U41/><E41/><V5/><F86/><W38/><G38/><T83/><D83/><U4/><E4/><AGARI ba="2,0" hai="4,5,6,10,13,49,55,56,59,61,64" m="49295" machi="4" ten="30,1000,0" yaku="8,1" doraHai="12" who="2" fromWho="1" sc="249,0,379,-16,226,16,146,0" /><AGARI ba="2,0" hai="4,8,15,47,51,52,65,66,95,96,102" m="17775" machi="4" ten="30,2000,0" yaku="8,1,54,1" doraHai="12" who="0" fromWho="1" sc="249,20,363,-20,242,0,146,0" owari="269,7.0,343,44.0,242,-16.0,146,-35.0" /></mjloggm>