<mjloggm ver="2.3"><GO type="97" lobby="0"/><UN n0="%79%75%6B%69%6E%6F%36" n1="%E8%92%BC%E8%99%8E" n2="%E5%B0%B1%E6%B4%BB%E7%94%9F%40%E5%B7%9D%E6%9D%91%E8%BB%8D%E5%9B%A3" n3="%E2%98%85%E6%98%9F%E9%A6%AC%E3%83%88%E3%83%83%E3%82%B7%E3%82%A4%E2%98%85" dan="14,14,14,13" rate="1915.73,1973.54,1996.20,1963.33" sx="M,M,M,M"/><TAIKYOKU oya="0"/><INIT seed="0,0,0,3,5,77" ten="250,250,250,250" oya="0" hai0="130,109,97,10,41,105,32,0,58,128,42,132,72" hai1="33,54,70,30,23,59,88,113,90,47,14,85,9" hai2="60,15,7,18,112,106,103,73,46,17,49,66,64" hai3="52,71,129,78,131,25,36,98,63,100,81,56,120"/><T101/><D32/><U99/><E70/><V50/><F112/><W8/><G120/><T21/><D21/><U114/><E33/><V2/><F73/><W62/><G36/><T117/><D58/><U11/><E11/><N who="2" m="4607" /><F106/><W94/><G25/><T118/><D0/><U111/><E111/><V133/><F133/><W37/><G37/><T68/><D10/><U4/><E47/><V48/><F103/><W123/><G123/><T75/><D68/><U89/><E99/><V20/><F2/><W12/><G71/><T74/><D42/><U43/><E43/><V67/><F60/><W124/><G63/><T107/><D41/><U104/><E104/><V35/><F35/><W86/><REACH who="3" step="1"/><G124/><REACH who="3" ten="250,250,250,240" step="2"/><T5/><D5/><AGARI ba="0,1" hai="5,8,12,52,56,62,78,81,86,94,98,100,129,131" machi="5" ten="40,8000,1" yaku="1,1,2,1,52,1,54,1,53,0" doraHai="77" doraHaiUra="69" who="3" fromWho="0" sc="250,-80,250,0,250,0,240,90" /><INIT seed="1,0,0,5,4,73" ten="170,250,250,330" oya="1" hai0="101,31,58,99,78,12,3,1,95,88,75,105,52" hai1="94,50,117,49,82,70,47,46,71,90,76,119,5" hai2="30,16,37,51,48,53,42,27,103,67,116,92,125" hai3="72,25,86,114,17,81,80,133,62,122,91,0,96"/><U112/><E112/><V32/><F37/><W2/><G114/><T130/><D31/><U111/><E111/><V100/><F116/><W10/><G133/><T115/><D130/><U118/><E5/><V40/><F125/><W36/><G122/><T8/><D115/><U28/><E28/><V120/><F120/><W4/><G36/><T33/><D33/><U131/><E131/><V15/><F67/><W107/><G2/><T39/><D39/><U69/><E47/><V87/><F48/><W21/><G62/><T108/><D108/><U14/><E14/><V121/><F103/><W55/><G55/><T77/><D75/><U45/><E45/><V84/><F84/><W93/><G107/><T60/><D3/><U57/><E57/><N who="2" m="32959" /><F100/><W20/><G72/><T66/><D1/><U63/><E63/><V127/><F127/><W29/><G86/><T54/><D54/><U132/><E132/><V19/><F19/><W104/><G104/><T129/><D129/><U74/><REACH who="1" step="1"/><E46/><REACH who="1" ten="170,240,250,330" step="2"/><V18/><F18/><W128/><G128/><T44/><D44/><U11/><E11/><V6/><F6/><W109/><G109/><T9/><D66/><U135/><E135/><V79/><F121/><W26/><AGARI ba="0,1" hai="0,4,10,17,20,21,25,26,29,80,81,91,93,96" machi="26" ten="20,1500,0" yaku="0,1,7,1" doraHai="73" who="3" fromWho="3" sc="170,-4,240,-7,250,-4,330,25" /><INIT seed="2,0,0,5,1,33" ten="166,233,246,355" oya="2" hai0="131,1,99,91,107,20,26,12,18,23,126,113,77" hai1="36,67,85,82,28,109,130,117,111,106,116,128,2" hai2="63,19,112,134,89,24,16,94,46,32,7,70,102" hai3="90,27,47,80,21,110,5,79,50,74,0,83,35"/><V118/><F112/><W57/><G110/><N who="1" m="41994" /><E36/><V105/><F118/><N who="1" m="45673" /><E67/><V30/><F7/><W73/><G35/><T68/><D113/><U127/><E28/><V84/><F46/><W66/><G66/><T11/><D68/><U9/><E9/><V59/><F134/><W44/><G90/><T100/><D126/><U8/><E8/><V120/><F120/><W65/><G65/><T119/><D131/><N who="1" m="50219" /><E2/><V60/><F60/><W98/><G0/><T14/><D119/><U58/><E58/><V52/><REACH who="2" step="1"/><F70/><REACH who="2" ten="166,233,236,355" step="2"/><W108/><G5/><T53/><D53/><U93/><E127/><V71/><F71/><W38/><G108/><T123/><D123/><U10/><E10/><V132/><F132/><W96/><G47/><T78/><D20/><U103/><E106/><V124/><F124/><W4/><G44/><T37/><D37/><U104/><E104/><V29/><F29/><W101/><G38/><T125/><D125/><U135/><E135/><V31/><F31/><W13/><G4/><T62/><D62/><U25/><E25/><V76/><F76/><W64/><G79/><T6/><D14/><U86/><E82/><V15/><F15/><W115/><G83/><T92/><REACH who="0" step="1"/><D26/><REACH who="0" ten="156,233,236,355" step="2"/><U72/><E72/><V49/><F49/><W69/><G50/><T48/><D48/><U55/><E55/><V54/><F54/><W17/><G74/><T129/><D129/><U39/><E39/><V51/><F51/><W34/><G73/><T88/><D88/><U3/><E3/><V95/><F95/><W81/><G13/><T61/><D61/><U75/><E75/><RYUUKYOKU ba="0,2" sc="156,10,233,10,236,10,355,-30" hai0="1,6,11,12,18,23,77,78,91,92,99,100,107" hai1="85,86,93,103" hai2="16,19,24,30,32,52,59,63,84,89,94,102,105" /><INIT seed="2,1,2,5,4,68" ten="166,243,246,325" oya="2" hai0="44,20,123,29,26,46,79,4,12,98,14,111,120" hai1="9,122,119,105,63,82,53,101,3,85,61,38,132" hai2="130,40,55,23,60,35,115,71,91,95,78,69,81" hai3="125,107,16,92,77,11,121,50,52,58,76,129,131"/><V1/><F115/><W31/><G125/><T21/><D79/><U126/><E126/><V110/><F35/><W88/><G121/><T108/><D98/><U90/><E122/><V109/><F1/><W47/><G107/><T66/><D29/><U39/><E119/><V49/><F130/><N who="3" m="49675" /><G31/><T6/><D26/><U133/><E101/><V128/><F128/><W135/><G135/><N who="1" m="51786" /><E105/><V48/><F23/><W56/><G16/><T134/><D134/><U99/><E99/><N who="2" m="57855" /><F40/><N who="3" m="24935" /><G11/><T118/><REACH who="0" step="1"/><D66/><REACH who="0" ten="156,243,246,325" step="2"/><U33/><E33/><V25/><F25/><W65/><G77/><T37/><D37/><N who="1" m="13835" /><E53/><V41/><F41/><W94/><G52/><T127/><D127/><U104/><E104/><V102/><F102/><W112/><G112/><T124/><D124/><U54/><E54/><V96/><F55/><W42/><G42/><T113/><D113/><U116/><E116/><AGARI ba="1,3" hai="4,6,12,14,20,21,44,46,108,111,116,118,120,123" machi="116" ten="25,3200,0" yaku="1,1,22,2,53,0" doraHai="68" doraHaiUra="106" who="0" fromWho="1" sc="156,65,243,-35,246,0,325,0" /><INIT seed="3,0,0,0,3,73" ten="221,208,246,325" oya="3" hai0="24,67,128,25,88,18,52,72,9,91,85,8,133" hai1="43,64,50,120,48,33,16,57,51,71,129,99,101" hai2="79,114,31,130,53,4,107,60,115,86,55,126,69" hai3="7,6,38,100,119,37,30,109,36,2,21,39,123"/><W125/><G123/><T124/><D72/><U34/><E129/><V56/><F107/><W26/><G125/><T84/><D128/><U121/><E120/><V59/><F69/><W132/><G119/><T131/><D131/><U116/><E121/><V62/><F126/><W42/><G132/><T90/><D124/><U35/><E116/><V17/><F130/><W94/><G109/><T92/><D133/><U66/><E71/><V23/><F31/><W11/><G7/><T106/><D106/><U83/><E83/><V110/><F4/><W58/><G42/><T70/><D70/><U103/><E43/><V63/><F110/><W97/><G39/><T112/><D112/><U40/><E40/><V47/><F47/><W15/><G58/><T134/><D134/><U81/><E81/><N who="2" m="47423" /><F114/><W77/><G77/><T78/><D67/><U74/><E74/><V95/><F95/><W111/><G111/><T122/><D122/><U82/><E82/><V76/><F76/><W102/><G2/><T28/><D28/><U127/><E127/><V14/><F115/><W96/><G38/><T93/><D90/><U68/><E68/><V46/><F46/><W29/><G30/><T13/><D78/><U32/><N who="1" m="8704" /><DORA hai="22" /><U54/><E16/><V1/><F1/><W89/><G89/><T27/><D9/><U10/><E10/><V98/><F98/><W12/><G12/><T135/><D135/><U20/><E20/><V80/><F80/><W41/><G41/><T44/><D44/><U105/><E103/><V118/><F118/><W108/><G108/><T5/><D5/><RYUUKYOKU ba="0,0" sc="221,0,208,0,246,0,325,0" hai0="8,13,18,24,25,27,52,84,85,88,91,92,93" hai1="48,50,51,54,57,64,66,99,101,105" hai2="14,17,23,53,55,56,59,60,62,63" hai3="6,11,15,21,26,29,36,37,94,96,97,100,102" owari="221,-18.0,208,-29.0,246,5.0,325,42.0" /></mjloggm>