<mjloggm ver="2.3"><GO type="97" lobby="0"/><UN n0="%31%32%33%34%70%6F%6E" n1="%E7%B4%85%40%E6%9D%8F%E6%9D%8F%E8%BB%8D%E5%9C%98" n2="%E3%83%88%E3%83%88%E3%83%AA%E5%85%88%E7%94%9F%31%39%E6%AD%B3" n3="%6B%61%6B%61%72%6F%74%6F" dan="15,13,14,14" rate="1893.57,1932.82,2052.03,1984.50" sx="M,F,F,M"/><TAIKYOKU oya="0"/><INIT seed="0,0,0,1,4,67" ten="250,250,250,250" oya="0" hai0="96,48,109,129,45,40,87,56,95,85,22,60,55" hai1="15,23,94,6,106,37,7,89,128,1,121,84,46" hai2="36,110,28,90,119,11,114,115,73,41,21,4,130" hai3="127,12,113,8,111,68,61,52,20,9,75,81,33"/><T83/><D109/><U2/><E121/><V42/><F73/><W66/><G113/><T44/><D129/><U104/><E128/><V107/><F107/><W124/><G111/><T58/><D83/><U116/><E116/><V117/><F110/><W125/><G33/><T71/><D58/><U97/><E37/><V93/><F130/><W10/><G52/><T131/><D131/><U32/><E32/><V70/><F70/><W99/><G99/><T27/><D71/><U29/><E46/><N who="2" m="23847" /><F42/><W80/><G75/><T31/><D45/><U25/><E1/><N who="2" m="399" /><F21/><W51/><G51/><T17/><REACH who="0" step="1"/><D31/><REACH who="0" ten="240,250,250,250" step="2"/><U26/><E29/><V50/><F28/><W98/><G81/><T86/><D86/><U132/><E84/><V133/><F115/><W16/><G80/><T79/><D79/><U74/><E74/><V91/><F114/><W120/><G98/><T88/><AGARI ba="0,1" hai="17,22,27,40,44,48,55,56,60,85,87,88,95,96" machi="88" ten="20,24000,3" yaku="1,1,0,1,7,1,25,2,8,1,54,1,53,1" doraHai="67" doraHaiUra="59" who="0" fromWho="0" sc="240,250,250,-80,250,-80,250,-80" /><INIT seed="0,1,0,2,3,52" ten="490,170,170,170" oya="0" hai0="32,56,69,112,80,58,86,98,88,126,62,130,24" hai1="13,124,70,45,30,34,7,134,54,49,53,37,25" hai2="99,125,107,0,122,117,105,121,83,29,9,28,89" hai3="131,71,133,1,77,42,85,23,119,8,2,65,12"/><T102/><D112/><U82/><E124/><V40/><F125/><W15/><G119/><T116/><D126/><U73/><E134/><V46/><F117/><W97/><G133/><T3/><D130/><U39/><E70/><V104/><F0/><W95/><G131/><T109/><D3/><U38/><E73/><V67/><F9/><W123/><G123/><T127/><D116/><U22/><E82/><V93/><F67/><W92/><G42/><T91/><D91/><U21/><REACH who="1" step="1"/><E54/><REACH who="1" ten="490,160,170,170" step="2"/><V128/><F128/><W48/><G71/><T14/><D127/><U18/><E18/><V72/><F72/><W68/><G68/><T44/><D109/><U111/><E111/><V47/><F83/><W96/><G65/><N who="0" m="41143" /><D44/><U114/><E114/><V81/><F46/><W76/><G76/><T84/><D84/><U43/><E43/><V17/><F17/><W35/><G85/><T50/><D50/><U132/><E132/><V31/><REACH who="2" step="1"/><F81/><REACH who="2" ten="490,160,160,170" step="2"/><W135/><G135/><T103/><D80/><U20/><E20/><V10/><F10/><AGARI ba="1,2" hai="7,10,13,21,22,25,30,34,37,38,39,45,49,53" machi="10" ten="40,1300,0" yaku="1,1,53,0" doraHai="52" doraHaiUra="101" who="1" fromWho="2" sc="490,0,160,36,160,-16,170,0" /><INIT seed="1,0,0,0,3,7" ten="490,196,144,170" oya="1" hai0="105,119,44,98,59,82,83,122,66,20,120,64,93" hai1="28,88,62,35,60,3,79,46,99,52,124,108,85" hai2="115,128,112,84,103,21,34,50,16,33,130,74,109" hai3="107,68,39,29,48,8,1,133,80,27,114,106,78"/><U19/><E3/><V116/><F74/><N who="3" m="43095" /><G48/><T121/><D119/><U131/><E108/><V110/><F103/><W24/><G24/><T51/><D105/><N who="3" m="39945" /><G114/><N who="2" m="43561" /><F84/><W111/><G111/><N who="2" m="42505" /><F50/><W47/><G133/><T81/><D20/><U127/><E28/><V25/><F116/><W26/><G29/><T22/><D22/><U53/><E35/><AGARI ba="0,0" hai="16,21,25,33,34,35,128,130" m="42505,43561" machi="35" ten="40,8000,1" yaku="11,1,14,1,34,2,54,1" doraHai="7" who="2" fromWho="1" sc="490,0,196,-80,144,80,170,0" /><INIT seed="2,0,0,5,1,105" ten="490,116,224,170" oya="2" hai0="59,65,104,68,69,6,100,29,121,8,5,12,113" hai1="130,51,78,85,124,57,17,61,135,89,80,43,13" hai2="94,62,71,23,99,87,34,126,3,0,66,25,36" hai3="19,42,9,90,1,112,123,72,134,118,15,77,82"/><V48/><F36/><W131/><G118/><T20/><D121/><U7/><E124/><V10/><F34/><W88/><G123/><T58/><D113/><U54/><E135/><V108/><F126/><W56/><G134/><T91/><D6/><U79/><E130/><V107/><F107/><W53/><G131/><T39/><D39/><U63/><E43/><V110/><F87/><W98/><G112/><T4/><D4/><U81/><E7/><V21/><F48/><W117/><G117/><T125/><D91/><U14/><E89/><N who="2" m="55759" /><F10/><W92/><G42/><T31/><D125/><U2/><E2/><V133/><F23/><W74/><G1/><T55/><D100/><U96/><E96/><V76/><F76/><W111/><G111/><N who="2" m="42537" /><F133/><W46/><G46/><T122/><D104/><U73/><REACH who="1" step="1"/><E14/><REACH who="1" ten="490,106,224,170" step="2"/><V102/><F102/><W16/><G90/><T24/><D122/><U60/><E60/><V84/><F3/><W101/><G101/><T28/><D69/><U127/><E127/><V44/><F62/><W103/><G103/><T22/><D68/><U41/><E41/><V83/><F71/><W40/><G40/><T26/><D29/><U47/><E47/><V129/><F44/><W132/><G132/><T93/><D65/><U49/><E49/><V52/><F66/><W95/><G19/><T64/><D64/><U32/><E32/><V86/><F0/><W70/><G70/><T30/><D30/><U97/><E97/><V67/><F67/><W120/><G120/><T35/><D35/><U50/><E50/><V109/><N who="2" m="42545" /><V18/><DORA hai="33" /><F129/><RYUUKYOKU ba="0,1" sc="490,-10,106,30,224,-10,170,-10" hai1="13,17,51,54,57,61,63,73,78,79,80,81,85" /><INIT seed="3,1,1,0,2,96" ten="480,136,214,160" oya="3" hai0="7,64,67,125,33,46,49,90,22,40,8,112,134" hai1="30,128,83,31,36,4,77,54,17,44,13,57,93" hai2="23,113,127,3,15,115,121,104,74,16,1,21,66" hai3="95,60,47,123,18,124,50,110,48,35,27,10,120"/><W24/><G124/><T20/><D33/><U55/><E128/><V69/><F74/><W135/><G135/><T42/><D125/><U98/><E4/><V105/><F127/><W58/><G110/><T130/><D134/><U85/><E36/><V73/><F73/><W51/><G47/><T100/><D100/><U119/><E44/><V116/><F121/><W129/><G129/><T26/><D130/><U89/><E119/><V102/><F116/><W14/><G95/><T70/><D42/><U65/><E65/><V126/><F126/><W76/><G76/><T114/><D90/><U133/><E133/><V56/><F69/><W59/><G58/><T62/><D67/><U88/><E77/><V97/><F104/><W92/><G92/><T11/><D11/><N who="1" m="6335" /><E55/><V68/><F1/><W107/><G107/><T87/><D87/><U63/><AGARI ba="1,1" hai="30,31,54,57,63,83,85,88,89,93,98" m="6335" machi="63" ten="30,2000,0" yaku="8,1,54,1" doraHai="96" who="1" fromWho="1" sc="480,-6,136,33,214,-6,160,-11" owari="474,57.0,169,-23.0,208,1.0,149,-35.0" /></mjloggm>