<mjloggm ver="2.3"><GO type="41" lobby="0"/><UN n0="%E5%B0%B1%E6%B4%BB%E7%94%9F%40%E5%B7%9D%E6%9D%91%E8%BB%8D%E5%9B%A3" n1="%69%6B%65%73%69%40%4E%54" n2="%E3%81%B2%E3%81%88%E3%81%84%E2%98%86" n3="%E8%BC%AA%E5%93%AD" dan="15,14,15,14" rate="1943.23,1879.78,2056.25,1961.52" sx="M,M,M,M"/><TAIKYOKU oya="0"/><INIT seed="0,0,0,3,5,76" ten="250,250,250,250" oya="0" hai0="81,32,118,7,134,49,43,90,70,35,99,63,105" hai1="67,106,116,112,51,5,97,117,96,38,13,14,86" hai2="122,39,132,16,133,27,123,25,48,11,6,15,119" hai3="52,45,0,71,55,59,41,10,9,66,120,47,31"/><T113/><D118/><U100/><E38/><V61/><F39/><N who="3" m="21695" /><G31/><T88/><D113/><U104/><E67/><V57/><F48/><N who="3" m="28703" /><G0/><T78/><D134/><N who="2" m="51818" /><F119/><W95/><G95/><T18/><D7/><U23/><E5/><V125/><F125/><W131/><G120/><N who="2" m="46121" /><F6/><W80/><G80/><T72/><D18/><U79/><E112/><V121/><N who="2" m="46129" /><V12/><DORA hai="17" /><F12/><W107/><G107/><T126/><D126/><U53/><E13/><V130/><F130/><W111/><G111/><T3/><D3/><U135/><E14/><V8/><F8/><W84/><G84/><T91/><D70/><U19/><E86/><V40/><F40/><W64/><G131/><T129/><D129/><U109/><E104/><V34/><F34/><W24/><G24/><T85/><D72/><U102/><E106/><V98/><F98/><W1/><G1/><T83/><D83/><U115/><E96/><V62/><F62/><N who="3" m="40343" /><G9/><T44/><REACH who="0" step="1"/><D63/><REACH who="0" ten="240,250,250,250" step="2"/><U73/><E116/><V50/><F50/><N who="3" m="31223" /><G10/><T110/><D110/><U28/><E109/><V33/><F33/><W94/><G94/><T22/><D22/><U77/><E23/><V82/><F82/><W37/><G37/><T54/><D54/><AGARI ba="0,1" hai="11,15,16,25,27,54,57,61" m="46129,51818" machi="54" ten="40,2600,0" yaku="20,1,54,1" doraHai="76,17" who="2" fromWho="0" sc="240,-26,250,0,250,36,250,0" /><INIT seed="1,0,0,4,3,70" ten="214,250,286,250" oya="1" hai0="127,83,13,135,45,46,3,78,2,12,33,14,23" hai1="81,43,97,117,31,131,67,79,1,34,30,92,29" hai2="32,8,87,77,9,53,91,122,38,47,74,103,66" hai3="69,126,61,63,128,112,95,111,37,0,101,105,56"/><U113/><E117/><V15/><F122/><W51/><G0/><T119/><D33/><U76/><E113/><V132/><F32/><W6/><G105/><T104/><D119/><U35/><E1/><V64/><F132/><W42/><G6/><T120/><D104/><U26/><E131/><V109/><F109/><W36/><G111/><T60/><D135/><U89/><E67/><V115/><F103/><W133/><G112/><T118/><D120/><U124/><E124/><V62/><F9/><W96/><G133/><T80/><D118/><U11/><E11/><V54/><F66/><W123/><G123/><T7/><D127/><U59/><E59/><V57/><F77/><W116/><G116/><T28/><D60/><U27/><E31/><V72/><F64/><W18/><G128/><T106/><D106/><U84/><REACH who="1" step="1"/><E43/><REACH who="1" ten="214,240,286,250" step="2"/><V25/><F115/><W88/><G126/><T82/><D78/><AGARI ba="0,1" hai="26,27,29,30,34,35,76,78,79,81,84,89,92,97" machi="78" ten="30,11600,0" yaku="1,1,2,1,7,1,9,1,53,0" doraHai="70" doraHaiUra="102" who="1" fromWho="0" sc="214,-116,240,126,286,0,250,0" /><INIT seed="1,1,0,4,1,55" ten="98,366,286,250" oya="1" hai0="111,52,47,25,110,3,35,78,31,37,10,15,109" hai1="0,127,73,58,18,66,124,17,21,97,5,74,98" hai2="48,131,27,19,57,22,92,28,100,108,59,101,120" hai3="43,56,49,117,81,130,45,113,40,36,11,23,24"/><U62/><E0/><V12/><F120/><W122/><G122/><T134/><D134/><U119/><E119/><V114/><F131/><W14/><G117/><T61/><D3/><U103/><E5/><V99/><F108/><W133/><G133/><T20/><D78/><U71/><E71/><V80/><F114/><W79/><G130/><T50/><D37/><U7/><E7/><V84/><F48/><W72/><G113/><T9/><REACH who="0" step="1"/><D61/><REACH who="0" ten="88,366,286,250" step="2"/><U102/><E62/><V88/><REACH who="2" step="1"/><F101/><REACH who="2" ten="88,366,276,250" step="2"/><W34/><G36/><T46/><D46/><U16/><E102/><V115/><F115/><W76/><G76/><T128/><D128/><U42/><E103/><V69/><F69/><W39/><G39/><T32/><D32/><AGARI ba="1,2" hai="12,19,22,27,28,32,57,59,80,84,88,92,99,100" machi="32" ten="30,12000,2" yaku="1,1,7,1,52,2,54,1,53,1" doraHai="55" doraHaiUra="82" who="2" fromWho="0" sc="88,-123,366,0,276,143,250,0" owari="-35,-54.0,366,17.0,419,52.0,250,-15.0" /></mjloggm>