<mjloggm ver="2.3"><GO type="233" lobby="0"/><UN n0="%E6%9D%BE%E5%B1%8B%E3%81%8A%E3%81%98%E3%81%95%E3%82%93" n1="%6E%61%6B%61%6A%75%75%6E" n2="%E3%83%9A%E3%83%81%E3%83%A7%E3%83%BC%E3%83%AA%E3%83%B3" n3="%E3%82%A6%E3%83%AB%E3%83%88%E3%83%A9%E7%AB%8B%E7%9B%B4" dan="17,18,16,17" rate="2105.55,2167.86,2066.96,2213.03" sx="M,M,M,M"/><TAIKYOKU oya="0"/><INIT seed="0,0,0,5,5,35" ten="250,250,250,250" oya="0" hai0="65,16,26,123,53,19,51,76,86,12,96,69,34" hai1="21,50,32,124,87,79,88,90,82,60,119,57,71" hai2="91,112,56,126,38,106,94,67,40,129,78,132,109" hai3="52,55,127,41,31,121,36,10,101,6,59,99,84"/><T95/><D123/><U70/><E32/><V37/><F106/><W116/><G116/><T43/><D43/><U122/><E119/><V63/><F112/><W61/><G127/><T66/><D69/><U42/><E122/><V0/><F0/><W64/><G121/><T100/><D34/><U68/><E124/><V62/><F126/><W98/><G31/><T115/><D115/><U5/><E5/><V102/><F78/><W8/><G41/><T18/><D26/><U110/><E110/><V93/><F40/><W1/><G36/><T14/><D76/><U75/><E21/><V45/><F45/><W130/><G130/><T103/><D103/><U89/><E50/><V44/><F44/><W83/><G10/><T39/><D86/><U24/><E24/><V120/><F120/><W85/><G99/><T105/><D105/><U104/><E104/><V113/><F113/><W3/><G3/><T73/><D73/><U77/><E77/><V20/><F37/><W27/><G27/><T22/><D39/><U33/><E33/><V29/><F38/><W49/><G83/><T17/><REACH who="0" step="1"/><D12/><REACH who="0" ten="240,250,250,250" step="2"/><U92/><REACH who="1" step="1"/><E42/><REACH who="1" ten="240,240,250,250" step="2"/><V15/><F109/><W80/><G85/><T131/><D131/><U135/><E135/><V108/><F132/><W28/><G84/><T25/><D25/><U118/><E118/><V30/><F129/><W58/><G98/><T133/><D133/><U23/><E23/><V114/><F20/><W46/><G101/><T4/><D4/><U128/><E128/><V111/><F114/><W107/><G107/><T2/><D2/><U134/><E134/><RYUUKYOKU ba="0,2" sc="240,15,240,15,250,-15,250,-15" hai0="14,16,17,18,19,22,51,53,65,66,95,96,100" hai1="57,60,68,70,71,75,79,82,87,88,89,90,92" /><INIT seed="0,1,2,4,2,86" ten="255,255,235,235" oya="0" hai0="133,43,132,102,47,110,6,72,85,13,101,76,135" hai1="87,52,56,124,78,5,20,83,62,103,114,7,37" hai2="19,134,73,58,18,69,26,54,131,46,71,55,15" hai3="24,117,57,31,109,16,95,121,3,33,80,64,66"/><T48/><D72/><U35/><E35/><V111/><F73/><W65/><G117/><T100/><D110/><U125/><E37/><V41/><F134/><W27/><G3/><T116/><D116/><U84/><E114/><V120/><F120/><W38/><G38/><T128/><D128/><U23/><E103/><V10/><F131/><W32/><G121/><T99/><D99/><U4/><REACH who="1" step="1"/><E87/><REACH who="1" ten="255,245,235,235" step="2"/><V97/><F111/><W29/><G109/><T98/><D98/><U68/><E68/><V40/><F97/><W91/><G57/><T51/><D85/><U106/><E106/><V36/><F71/><W89/><G80/><T127/><D127/><AGARI ba="1,3" hai="4,5,7,20,23,52,56,62,78,83,84,124,125,127" machi="127" ten="40,5200,0" yaku="1,1,18,1,54,1,53,0" doraHai="86" doraHaiUra="12" who="1" fromWho="0" sc="255,-55,245,85,235,0,235,0" /><INIT seed="1,0,0,1,5,11" ten="200,330,235,235" oya="1" hai0="40,116,84,55,127,94,2,88,75,53,17,119,24" hai1="13,5,113,126,103,81,42,56,33,30,66,109,39" hai2="57,4,0,98,90,8,73,44,91,49,123,9,135" hai3="89,38,97,36,1,78,47,112,108,62,71,21,25"/><U86/><E113/><V23/><F123/><W77/><G1/><T28/><D2/><U43/><E39/><V96/><F73/><W106/><G112/><T54/><D127/><U69/><E69/><V131/><F131/><W22/><G108/><T129/><D129/><U120/><E120/><V60/><F135/><W99/><G106/><T130/><D130/><U45/><E126/><V132/><F132/><W19/><G71/><T110/><D110/><U50/><E103/><V68/><F68/><W124/><G124/><T32/><D75/><U114/><E114/><V118/><F118/><W27/><G62/><T76/><D76/><N who="1" m="46375" /><E33/><V34/><F34/><W16/><REACH who="3" step="1"/><G89/><REACH who="3" ten="200,330,235,225" step="2"/><T7/><D116/><U15/><E109/><V14/><F91/><W29/><G29/><T18/><D119/><U85/><E30/><V122/><F90/><W20/><G20/><T59/><D28/><U31/><E31/><V117/><F23/><W65/><G65/><T67/><D67/><U80/><E43/><V107/><F107/><W10/><G10/><T133/><D40/><U74/><E66/><V58/><F117/><W92/><G92/><T115/><D115/><U79/><E42/><V102/><F122/><W46/><AGARI ba="0,1" hai="16,19,21,22,25,27,36,38,46,47,77,78,97,99" machi="46" ten="25,8000,1" yaku="1,1,0,1,22,2,54,1,53,0" doraHai="11" doraHaiUra="100" who="3" fromWho="3" sc="200,-20,330,-40,235,-20,225,90" /><INIT seed="2,0,0,5,1,48" ten="180,290,215,315" oya="2" hai0="0,116,125,54,88,69,18,112,21,122,104,64,36" hai1="87,24,79,72,39,90,56,12,53,124,42,83,96" hai2="25,61,63,105,113,62,98,82,95,34,44,115,71" hai3="23,119,81,102,32,51,77,78,26,13,131,10,49"/><V9/><F105/><W7/><G119/><T135/><RYUUKYOKU type="yao9" ba="0,0" sc="180,0,290,0,215,0,315,0" hai0="0,18,21,36,54,64,69,88,104,112,116,122,125,135" /><INIT seed="2,1,0,4,2,90" ten="180,290,215,315" oya="2" hai0="47,3,33,85,29,42,72,110,124,52,131,109,57" hai1="8,112,117,105,19,123,1,135,64,61,48,12,99" hai2="27,67,9,63,28,81,18,22,76,49,80,113,95" hai3="21,69,133,101,87,36,107,50,126,134,104,11,70"/><V37/><F113/><W65/><G36/><T46/><D72/><U35/><E117/><V116/><F37/><W39/><G39/><T91/><D3/><U59/><E112/><V41/><F116/><W10/><G65/><T43/><D124/><U88/><E35/><V125/><F125/><W4/><G101/><T13/><D13/><U128/><E128/><V71/><F41/><N who="0" m="15370" /><D29/><U103/><E135/><V45/><F45/><N who="0" m="16906" /><D33/><U120/><E48/><V122/><F49/><W62/><G50/><N who="0" m="30871" /><D91/><U114/><E114/><V55/><F122/><N who="1" m="46633" /><E88/><V97/><F55/><W84/><G21/><T26/><D85/><U83/><E83/><V24/><F76/><W0/><G0/><AGARI ba="1,0" hai="0,1,8,12,19,59,61,64,99,103,105" m="46633" machi="0" ten="30,1000,0" yaku="13,1" doraHai="90" who="1" fromWho="3" sc="180,0,290,13,215,0,315,-13" /><INIT seed="3,0,0,5,3,68" ten="180,303,215,302" oya="3" hai0="56,61,88,122,22,27,8,49,78,96,91,51,63" hai1="131,97,109,12,130,92,98,52,112,59,44,83,42" hai2="35,36,132,40,74,105,48,26,43,60,115,79,90" hai3="94,106,85,93,31,120,55,135,50,57,47,117,13"/><W62/><G106/><T102/><D122/><U11/><E83/><V5/><F105/><W87/><G120/><T46/><D78/><U75/><E75/><V119/><F115/><W37/><G117/><T114/><D8/><U123/><E109/><V128/><F119/><W72/><G72/><T129/><D129/><N who="1" m="49163" /><E92/><N who="3" m="35434" /><G135/><T1/><D1/><U133/><E133/><V28/><F5/><W84/><G37/><T33/><D33/><U30/><E30/><V113/><F132/><W110/><G110/><T107/><D114/><U65/><E65/><V18/><F113/><W21/><G31/><T73/><D73/><U127/><E127/><V67/><F128/><W99/><G99/><T6/><D6/><N who="1" m="3191" /><E123/><V29/><F29/><W54/><G85/><T66/><D63/><N who="1" m="36327" /><E112/><V71/><F74/><W24/><G24/><T76/><D76/><U126/><E126/><V89/><F79/><W25/><G25/><T100/><D100/><U125/><E125/><V4/><F4/><W70/><G70/><T111/><D111/><U69/><E69/><V121/><F121/><W16/><AGARI ba="0,0" hai="13,16,21,47,50,54,55,57,62,84,87" m="35434" machi="16" ten="30,3000,0" yaku="8,1,54,1" doraHai="68" who="3" fromWho="3" sc="180,-10,303,-10,215,-10,302,30" /><INIT seed="3,1,0,3,5,91" ten="170,293,205,332" oya="3" hai0="30,9,116,65,29,70,113,31,98,45,90,12,21" hai1="22,102,87,57,73,39,129,59,100,15,33,44,110" hai2="8,18,89,97,111,37,77,54,25,124,64,117,125" hai3="46,20,23,16,47,119,41,126,92,109,50,131,78"/><W68/><G68/><T72/><D72/><U36/><E73/><V13/><F37/><W1/><G1/><T56/><D70/><U123/><E33/><V128/><F117/><W17/><G119/><T80/><D116/><U2/><E2/><V63/><F111/><W0/><G0/><T83/><D113/><U42/><E123/><V104/><F77/><W53/><G109/><T118/><D118/><U14/><E129/><V106/><F128/><W28/><G78/><T134/><D134/><U107/><E87/><V27/><F54/><W94/><G131/><T61/><D21/><U55/><E107/><V35/><F35/><W84/><G84/><T101/><D45/><U48/><E110/><V121/><F121/><W58/><G126/><N who="2" m="48745" /><F106/><W103/><G103/><T115/><D90/><U11/><E39/><V127/><N who="2" m="48753" /><V40/><DORA hai="135" /><F40/><W82/><G46/><T6/><REACH who="0" step="1"/><D115/><REACH who="0" ten="160,293,205,332" step="2"/><U85/><E44/><V96/><F89/><W49/><G28/><T76/><D76/><U120/><E120/><V132/><F132/><W79/><G79/><T108/><D108/><U3/><E102/><N who="2" m="62535" /><F97/><W86/><G47/><T133/><D133/><U93/><E100/><V74/><F74/><W34/><G34/><T24/><D24/><U114/><E114/><V112/><F112/><W88/><G88/><T51/><D51/><U105/><E48/><V81/><F81/><W7/><G50/><T32/><D32/><U26/><E36/><V62/><F62/><W43/><G49/><T5/><D5/><U4/><E4/><V69/><AGARI ba="1,1" hai="8,13,18,25,27,63,64,69" m="62535,48753" machi="69" ten="40,8000,1" yaku="18,1,52,4" doraHai="91,135" who="2" fromWho="2" sc="160,-21,293,-21,205,93,332,-41" /><INIT seed="4,0,0,5,4,34" ten="139,272,298,291" oya="0" hai0="32,96,131,95,46,73,49,117,6,51,16,87,45" hai1="24,9,1,4,42,30,52,111,12,20,76,39,123" hai2="17,93,84,43,127,37,33,128,134,109,99,77,29" hai3="70,104,72,67,68,13,80,91,19,47,40,38,48"/><T55/><D73/><U114/><E39/><V63/><F109/><W133/><G104/><T118/><D32/><U124/><E42/><V53/><F17/><W119/><G119/><T31/><D31/><U106/><E106/><V60/><F29/><W83/><G133/><T61/><D61/><U26/><E111/><V44/><F33/><W98/><G83/><T56/><D131/><U92/><E76/><V105/><F105/><W10/><G67/><T79/><D6/><U108/><E108/><V74/><F74/><W103/><G38/><T35/><D35/><N who="1" m="20935" /><E52/><V18/><F127/><W59/><G59/><T121/><D121/><U57/><E92/><V97/><F134/><W11/><G11/><T3/><D3/><U0/><E57/><V75/><F75/><W58/><G58/><T107/><D107/><U115/><E124/><V90/><F128/><W22/><G10/><T78/><D117/><U122/><E122/><V129/><F129/><W112/><G70/><T15/><D118/><U85/><E85/><V81/><F53/><W8/><G68/><T120/><D120/><U36/><E36/><V130/><F130/><W25/><G80/><N who="0" m="47511" /><D79/><U116/><E116/><V101/><F18/><W23/><G19/><T65/><D65/><U27/><E123/><V41/><F41/><W69/><G69/><T64/><D64/><U102/><E102/><V62/><F101/><W28/><G72/><T125/><D125/><U110/><E110/><V94/><F94/><W50/><G103/><N who="0" m="60831" /><D49/><U71/><E71/><V82/><F82/><W14/><G50/><T5/><D16/><RYUUKYOKU ba="0,0" sc="139,15,272,-15,298,15,291,-15" hai0="5,15,45,46,51,55,56" hai2="37,43,44,60,62,63,77,81,84,90,93,97,99" /><INIT seed="4,1,0,3,5,133" ten="154,257,313,276" oya="0" hai0="16,114,125,18,65,98,60,21,117,99,28,57,1" hai1="92,26,83,78,37,121,64,49,55,59,58,51,106" hai2="13,131,102,95,82,69,44,93,56,61,35,73,33" hai3="3,84,111,100,80,113,48,116,17,22,0,32,85"/><T79/><D117/><U29/><E37/><V124/><F69/><W122/><G32/><T132/><D132/><U67/><E106/><V91/><F124/><W8/><G116/><T45/><D114/><U20/><E121/><V62/><F131/><W105/><G111/><T46/><D1/><U23/><E92/><V103/><F44/><N who="0" m="17002" /><D79/><U108/><E108/><V38/><F38/><W9/><G105/><T54/><D125/><U5/><E5/><V52/><F61/><W53/><G0/><T36/><D36/><U74/><E23/><V42/><F42/><W112/><G3/><T10/><D65/><U2/><E2/><V134/><F134/><W41/><G53/><AGARI ba="1,0" hai="20,26,29,49,51,53,55,58,59,64,67,74,78,83" machi="53" ten="40,1300,0" yaku="9,1" doraHai="133" who="1" fromWho="3" sc="154,0,257,16,313,0,276,-16" /><INIT seed="5,0,0,4,3,7" ten="154,273,313,260" oya="1" hai0="108,4,27,21,77,97,50,86,119,124,109,65,71" hai1="29,116,90,94,91,12,49,3,128,55,42,98,45" hai2="13,36,81,20,117,123,63,75,43,96,11,14,99" hai3="15,61,95,107,37,73,101,33,41,103,40,62,48"/><U112/><E3/><V104/><F117/><W6/><G33/><T87/><D119/><U88/><E116/><V59/><F123/><W126/><G107/><T60/><D124/><U118/><E118/><V51/><F36/><W2/><G2/><T32/><D32/><U53/><E112/><V133/><F133/><W114/><G73/><T83/><D4/><U25/><E128/><V130/><F130/><W57/><G37/><T56/><D97/><U79/><E79/><V52/><F104/><W38/><G38/><T121/><D121/><U74/><E74/><V0/><F0/><W67/><G126/><T131/><D131/><U22/><REACH who="1" step="1"/><E12/><REACH who="1" ten="154,263,313,260" step="2"/><V113/><F113/><W9/><G114/><T134/><D134/><U106/><E106/><V92/><F75/><W28/><G103/><AGARI ba="0,1" hai="22,25,29,42,45,49,53,55,88,90,91,94,98,103" machi="103" ten="40,12000,1" yaku="1,1,8,1,54,1,53,1" doraHai="7" doraHaiUra="39" who="1" fromWho="3" sc="154,0,263,130,313,0,260,-120" /><INIT seed="5,1,0,0,0,7" ten="154,393,313,140" oya="1" hai0="133,75,78,134,98,40,130,84,21,38,91,30,8" hai1="104,24,18,44,94,123,85,69,13,127,126,89,132" hai2="59,35,93,55,32,33,27,28,95,36,64,45,79" hai3="99,37,90,100,6,10,101,51,66,97,114,47,41"/><U81/><E69/><V50/><F79/><W11/><G114/><T105/><D38/><U43/><E104/><V118/><F118/><W73/><G73/><T72/><D40/><U54/><E123/><V5/><F5/><W4/><G66/><T76/><D21/><U116/><E116/><V74/><F74/><N who="0" m="28202" /><D8/><N who="3" m="3113" /><G37/><T56/><D56/><U19/><E132/><N who="0" m="50793" /><D30/><U9/><E54/><V121/><F121/><W120/><G120/><T15/><D15/><U2/><E2/><V103/><F64/><W1/><G1/><T61/><D61/><U68/><E68/><V42/><F103/><N who="3" m="39499" /><G99/><T0/><D0/><U106/><E106/><V82/><F35/><W122/><G122/><T46/><D105/><U86/><E126/><V113/><F33/><W20/><G20/><T48/><D98/><U67/><E127/><V12/><F32/><W60/><G60/><T70/><D70/><U52/><E67/><V88/><F36/><W112/><G112/><T111/><D111/><U63/><E63/><V125/><F113/><W29/><G29/><T109/><D109/><U16/><E9/><V128/><F28/><W22/><G22/><T96/><D96/><U53/><E86/><V25/><F125/><W92/><AGARI ba="1,0" hai="4,6,41,47,51,90,92,97" m="39499,3113" machi="92" ten="30,7900,0" yaku="8,1,52,3" doraHai="7" who="3" fromWho="3" sc="154,-21,393,-40,313,-21,140,82" /><INIT seed="6,0,0,2,1,75" ten="133,353,292,222" oya="2" hai0="49,26,60,93,111,127,76,1,22,41,78,133,10" hai1="25,72,12,3,54,2,77,39,68,134,29,13,20" hai2="92,47,123,5,61,83,53,115,113,103,42,38,6" hai3="74,69,73,124,91,70,106,40,17,71,128,44,108"/><V45/><F123/><W98/><G108/><T82/><D111/><U88/><E68/><V30/><F30/><W67/><G67/><T101/><D127/><U28/><E39/><V90/><F103/><W14/><G124/><T109/><D109/><U8/><E72/><V114/><F83/><W62/><G62/><T80/><D133/><U94/><E77/><N who="0" m="29801" /><D1/><U102/><E102/><V51/><REACH who="2" step="1"/><F61/><REACH who="2" ten="133,353,282,222" step="2"/><W59/><G128/><T118/><D118/><U64/><E29/><V27/><F27/><W11/><G106/><T16/><D60/><U116/><E25/><V0/><F0/><W35/><G35/><T33/><D33/><U99/><E28/><V125/><F125/><W107/><G107/><T58/><D80/><U96/><E3/><V48/><F48/><W135/><G135/><T121/><D82/><U57/><E2/><V43/><F43/><W32/><G32/><T119/><D119/><U120/><E134/><V24/><F24/><W23/><G40/><T34/><D34/><U55/><E120/><V100/><F100/><W122/><G122/><T37/><D121/><U130/><E116/><V36/><F36/><W63/><G63/><T79/><D37/><U87/><E130/><V4/><F4/><W132/><G132/><T18/><D41/><U85/><E64/><V126/><F126/><W104/><G70/><T21/><D101/><U97/><E13/><V117/><F117/><W65/><G71/><T131/><D131/><U19/><E12/><V112/><N who="2" m="28672" /><DORA hai="105" /><V15/><F15/><W89/><G69/><T84/><D26/><U46/><E46/><RYUUKYOKU ba="0,1" sc="133,-10,353,-10,282,30,222,-10" hai2="5,6,38,42,45,47,51,53,90,92" /><INIT seed="6,1,1,0,3,117" ten="123,343,312,212" oya="2" hai0="4,127,103,81,49,100,19,78,40,15,125,123,63" hai1="38,69,91,23,41,51,118,75,48,71,55,14,79" hai2="68,99,21,85,16,134,84,25,105,1,129,50,135" hai3="70,31,9,113,101,115,11,56,34,131,8,130,46"/><V73/><F73/><W66/><G70/><T44/><D123/><U47/><E118/><V124/><F68/><W18/><G101/><T29/><D29/><U36/><E75/><V76/><F1/><W3/><G3/><T82/><D82/><U97/><E79/><V39/><F39/><W96/><G96/><T132/><D132/><N who="2" m="50730" /><F124/><W107/><G107/><T0/><D0/><U12/><E38/><V28/><F129/><N who="3" m="49163" /><G46/><T27/><D63/><U83/><E36/><V88/><F76/><W10/><G56/><T128/><D128/><U37/><E37/><V64/><F64/><W86/><G86/><N who="2" m="33385" /><F50/><W102/><G102/><T52/><D100/><U58/><E71/><V67/><F67/><W93/><G93/><T65/><D103/><U30/><E69/><V33/><F105/><W57/><G57/><T74/><D65/><U26/><E83/><V110/><F110/><W6/><G66/><T22/><REACH who="0" step="1"/><D40/><REACH who="0" ten="113,343,312,212" step="2"/><U5/><E41/><V89/><F99/><W108/><G108/><T54/><D54/><U90/><E97/><V120/><F120/><W42/><G42/><T80/><D80/><U32/><E32/><V59/><F59/><W111/><G111/><T24/><D24/><AGARI ba="1,2" hai="16,21,24,25,28,33,88,89" m="33385,50730" machi="24" ten="30,5800,0" yaku="20,1,54,2" doraHai="117" who="2" fromWho="0" sc="113,-61,343,0,312,81,212,0" /><INIT seed="6,2,0,2,2,108" ten="52,343,393,212" oya="2" hai0="13,14,118,116,107,91,3,117,67,2,29,30,28" hai1="132,36,74,35,46,81,129,38,10,78,130,121,7" hai2="69,39,63,9,123,54,100,128,127,124,43,1,33" hai3="11,45,134,6,47,135,15,49,25,16,86,125,102"/><V133/><F123/><W110/><G110/><T89/><D67/><U84/><E121/><V41/><F33/><W82/><G125/><N who="2" m="48201" /><F133/><N who="3" m="50699" /><G102/><T24/><D24/><U103/><E132/><V79/><F79/><N who="3" m="46431" /><G49/><T19/><D19/><U56/><E35/><V61/><F100/><W8/><G25/><T5/><D5/><U50/><E103/><V122/><F122/><W94/><G94/><T64/><D64/><U85/><E56/><N who="2" m="34967" /><F128/><N who="1" m="49257" /><E50/><V48/><F9/><W95/><G95/><T106/><D106/><U32/><E32/><V112/><F1/><AGARI ba="2,0" hai="1,6,8,11,15,16,45,47" m="46431,50699" machi="1" ten="30,2000,0" yaku="20,1,54,1" doraHai="108" who="3" fromWho="2" sc="52,0,343,0,393,-26,212,26" /><INIT seed="7,0,0,3,5,30" ten="52,343,367,238" oya="3" hai0="88,132,116,20,113,25,77,93,115,54,85,126,106" hai1="125,10,64,91,122,14,31,51,40,65,35,70,92" hai2="78,11,47,26,15,118,79,17,83,103,105,135,48" hai3="41,60,94,123,117,9,53,59,101,50,68,129,34"/><W21/><G123/><T84/><D116/><U124/><E122/><V104/><F118/><W46/><G117/><T89/><D106/><U49/><E70/><V2/><F135/><W42/><G129/><T121/><D121/><U80/><E80/><V38/><F38/><W108/><G108/><T58/><D132/><U36/><E36/><V109/><F109/><W22/><G34/><T107/><D107/><U12/><E65/><V114/><F114/><W111/><G111/><T6/><D126/><N who="1" m="48747" /><E64/><V67/><F67/><W69/><G69/><T71/><D71/><U1/><E1/><V8/><F26/><W3/><G68/><T120/><D120/><U133/><E133/><V74/><F79/><W102/><G41/><T24/><D77/><U73/><E73/><V37/><F103/><W62/><G62/><T19/><D113/><U112/><E112/><V23/><F23/><N who="3" m="8715" /><G3/><T63/><D115/><U13/><E10/><V96/><F96/><N who="3" m="59543" /><G9/><T119/><D119/><U99/><E40/><N who="2" m="22927" /><F48/><W87/><G87/><T100/><D100/><AGARI ba="0,0" hai="42,46,50,53,59,60,100,102" m="59543,8715" machi="100" ten="30,1500,0" yaku="8,1" doraHai="30" who="3" fromWho="0" sc="52,-15,343,0,367,0,238,15" /><INIT seed="7,1,0,0,2,51" ten="37,343,367,253" oya="3" hai0="108,126,13,73,4,72,110,12,125,77,106,32,87" hai1="42,45,84,16,116,104,18,81,57,55,58,113,118" hai2="15,134,93,65,53,7,103,30,14,5,29,47,133" hai3="121,37,101,105,94,52,17,24,44,92,98,26,59"/><W22/><G121/><T31/><D31/><N who="2" m="11786" /><F65/><W10/><G26/><T107/><D32/><U71/><E71/><V33/><F33/><W95/><G10/><T8/><D13/><N who="2" m="4618" /><F103/><W67/><G67/><T46/><D46/><U50/><E104/><V75/><F75/><W1/><G1/><T3/><D12/><U70/><E70/><V60/><F93/><W112/><G112/><T97/><D8/><U39/><E57/><N who="2" m="34863" /><F47/><W66/><G66/><T63/><D4/><U28/><E28/><V120/><F120/><W109/><G109/><T96/><D3/><U74/><E74/><V123/><F123/><W68/><G68/><T43/><D43/><U54/><E54/><V35/><F35/><W25/><G25/><T69/><D69/><U6/><E6/><V111/><F111/><W21/><G21/><T20/><D20/><U102/><E102/><V9/><F9/><W82/><G44/><T83/><D63/><U64/><E64/><V2/><F2/><W79/><G37/><T49/><D49/><U62/><E113/><V91/><F91/><W19/><G19/><T61/><D61/><U124/><E39/><V48/><F48/><N who="3" m="31111" /><G105/><T27/><D27/><U86/><E124/><V89/><F89/><W40/><G40/><T100/><D100/><U127/><E127/><V132/><AGARI ba="1,0" hai="5,7,132,133,134" m="34863,4618,11786" machi="132" ten="40,2700,0" yaku="20,1,52,1" doraHai="51" who="2" fromWho="2" sc="37,-8,343,-8,367,30,253,-14" owari="29,-47.0,335,14.0,397,49.0,239,-16.0" /></mjloggm>