<mjloggm ver="2.3"><GO type="169" lobby="0"/><UN n0="%E5%B0%B1%E6%B4%BB%E7%94%9F%40%E5%B7%9D%E6%9D%91%E8%BB%8D%E5%9B%A3" n1="%6D%69%79%61%79%61" n2="%E5%8F%A4%E6%B2%A2%E5%B0%8F%E9%88%B4" n3="%52%69%2D%4D%6F%2D" dan="16,16,16,17" rate="2155.63,2040.26,2010.33,2082.11" sx="M,F,F,M"/><TAIKYOKU oya="0"/><INIT seed="0,0,0,0,2,123" ten="250,250,250,250" oya="0" hai0="101,128,35,130,120,111,41,135,103,61,43,0,6" hai1="3,42,94,18,60,131,21,70,31,30,64,118,9" hai2="49,15,93,105,72,38,17,81,8,107,132,63,76" hai3="114,20,79,108,40,55,56,124,48,14,86,80,82"/><T24/><D120/><U65/><E118/><V98/><F38/><W129/><G114/><T121/><D121/><U5/><E131/><N who="0" m="50217" /><D0/><U28/><E65/><V53/><F63/><W71/><G71/><T99/><D6/><U54/><E42/><N who="0" m="15881" /><D135/><U78/><E78/><V59/><REACH who="2" step="1"/><F132/><REACH who="2" ten="250,250,240,250" step="2"/><W2/><G129/><T13/><D61/><U85/><E60/><V44/><F44/><W119/><G119/><T7/><D103/><AGARI ba="0,1" hai="8,15,17,49,53,59,72,76,81,93,98,103,105,107" machi="103" ten="30,2000,0" yaku="1,1,7,1,53,0" doraHai="123" doraHaiUra="57" who="2" fromWho="0" sc="250,-20,250,0,240,30,250,0" /><INIT seed="1,0,0,5,2,24" ten="230,250,270,250" oya="1" hai0="130,47,3,32,59,20,102,121,0,111,113,108,72" hai1="26,41,93,114,1,58,22,13,87,43,62,38,50" hai2="55,70,132,76,44,17,80,51,118,12,88,94,75" hai3="60,126,63,39,99,30,98,82,37,5,128,105,18"/><U112/><E1/><N who="0" m="585" /><D72/><U117/><E38/><V90/><F132/><W119/><G126/><T36/><D102/><U61/><E117/><V101/><F118/><W115/><G115/><T15/><D59/><U29/><E114/><V45/><F70/><W49/><G128/><T73/><D73/><U104/><E104/><V33/><F33/><W79/><G5/><T135/><D47/><N who="1" m="25967" /><E112/><V23/><REACH who="2" step="1"/><F45/><REACH who="2" ten="230,250,260,250" step="2"/><W91/><G119/><T68/><D68/><U57/><E57/><V107/><F107/><W92/><G105/><T83/><D32/><U81/><E58/><V2/><F2/><W7/><G37/><T125/><D36/><U67/><E67/><V89/><F89/><W54/><G91/><T25/><D113/><U133/><E133/><V53/><F53/><W69/><G54/><T14/><D135/><U100/><E43/><V11/><F11/><W8/><G39/><T19/><D130/><U27/><E100/><V84/><F84/><W56/><G8/><T34/><D34/><U40/><E40/><V116/><F116/><W86/><G86/><T77/><D125/><U52/><E52/><V48/><F48/><W35/><G49/><T31/><D121/><U122/><E122/><V131/><F131/><W9/><G35/><T46/><D46/><U28/><E62/><V74/><F74/><W129/><G63/><T95/><D77/><N who="1" m="46511" /><E61/><V110/><F110/><N who="0" m="42026" /><D83/><U64/><E64/><V65/><F65/><W134/><G82/><T21/><D95/><U96/><E93/><V6/><F6/><W10/><G92/><T71/><D71/><U16/><E96/><AGARI ba="0,1" hai="12,17,23,44,51,55,75,76,80,88,90,94,96,101" machi="96" ten="40,8000,1" yaku="1,1,6,1,54,1,53,1" doraHai="24" doraHaiUra="42" who="2" fromWho="1" sc="230,0,250,-80,260,90,250,0" /><INIT seed="2,0,0,4,5,58" ten="230,170,350,250" oya="2" hai0="122,69,9,52,103,11,15,39,1,73,105,82,108" hai1="101,89,50,93,124,120,53,91,4,43,3,100,68" hai2="107,17,129,66,112,90,84,20,65,131,37,23,72" hai3="8,45,123,95,67,110,56,57,13,126,31,114,49"/><V80/><F112/><W38/><G123/><T32/><D39/><U132/><E120/><V71/><F37/><W36/><G31/><T28/><D69/><U29/><E132/><V83/><F107/><W44/><G95/><T87/><D122/><U109/><E109/><V16/><F72/><W59/><G13/><T63/><D73/><U33/><E68/><V81/><F71/><W6/><G6/><T24/><D108/><U86/><E43/><V104/><F104/><W111/><G8/><T106/><D1/><U27/><E124/><V22/><F90/><W12/><G12/><T119/><D11/><U128/><E128/><N who="2" m="49227" /><F84/><W77/><G77/><T79/><D103/><U26/><E3/><V34/><F34/><W125/><G67/><AGARI ba="0,0" hai="16,17,20,22,23,65,66,67,80,81,83" m="49227" machi="67" ten="40,12000,1" yaku="28,2,19,1,54,1" doraHai="58" who="2" fromWho="3" sc="230,0,170,0,350,120,250,-120" /><INIT seed="2,1,0,2,5,53" ten="230,170,470,130" oya="2" hai0="26,24,111,34,128,118,100,106,132,107,105,63,29" hai1="91,41,69,97,3,40,12,25,59,109,36,84,6" hai2="99,80,18,54,92,17,94,35,110,7,52,96,134" hai3="22,124,120,16,32,72,14,117,20,23,88,87,75"/><V21/><F35/><W82/><G120/><T81/><D118/><U27/><E69/><V62/><F134/><W4/><G117/><T90/><D128/><U103/><E3/><V76/><F7/><W38/><G124/><T47/><D132/><U39/><E109/><V60/><F110/><W126/><G126/><T1/><D1/><U119/><E39/><V131/><F131/><W70/><G70/><T2/><D2/><U57/><E119/><V79/><F80/><W68/><G68/><T73/><D26/><N who="1" m="9739" /><E36/><V86/><F86/><W49/><G38/><T135/><D135/><U9/><E103/><V113/><F21/><W43/><G32/><T30/><D30/><U33/><E97/><V5/><F5/><W42/><G4/><T95/><D100/><U46/><E33/><V77/><F77/><W129/><G129/><T93/><D111/><U19/><E6/><V78/><F78/><W71/><G71/><T115/><D115/><AGARI ba="1,0" hai="17,18,52,54,60,62,76,79,92,94,96,99,113,115" machi="115" ten="25,4800,0" yaku="22,2,54,1" doraHai="53" who="2" fromWho="0" sc="230,-51,170,0,470,51,130,0" /><INIT seed="2,2,0,1,5,51" ten="179,170,521,130" oya="2" hai0="76,103,78,89,32,116,93,55,80,39,74,52,91" hai1="121,124,115,117,30,119,20,106,53,2,118,23,41" hai2="61,37,134,10,97,65,17,107,54,44,18,57,27" hai3="126,69,130,46,21,50,19,64,49,135,110,120,48"/><V16/><F134/><W113/><G120/><T100/><D39/><U7/><E106/><V85/><F107/><W63/><G135/><T36/><D36/><U47/><E121/><V24/><F97/><W4/><G4/><T12/><D32/><U133/><E133/><V77/><F10/><W132/><G132/><T111/><D111/><U95/><E41/><V33/><F33/><W94/><G110/><T84/><D12/><U62/><E115/><V70/><F77/><N who="0" m="29802" /><D74/><U34/><E124/><V127/><F85/><W9/><G9/><T75/><D75/><U71/><E95/><V128/><F128/><W99/><G130/><T35/><D35/><U68/><E2/><V26/><F127/><W11/><G11/><T87/><D116/><U60/><E7/><V131/><F131/><W73/><G113/><T67/><D67/><N who="1" m="41063" /><E34/><V82/><F82/><W22/><G73/><T90/><D90/><U83/><E83/><V125/><F125/><W0/><G0/><T98/><D103/><U79/><E79/><V5/><F5/><W96/><G126/><T29/><D29/><U45/><E30/><V92/><F92/><AGARI ba="2,0" hai="52,55,80,84,87,89,91,92,93,98,100" m="29802" machi="92" ten="30,7700,0" yaku="8,1,52,2,54,1" doraHai="51" who="0" fromWho="2" sc="179,83,170,0,521,-83,130,0" /><INIT seed="3,0,0,4,4,19" ten="262,170,438,130" oya="3" hai0="16,77,76,35,64,34,18,112,51,60,61,70,40" hai1="59,115,93,21,54,78,26,99,102,39,46,124,10" hai2="89,79,126,6,73,108,69,41,11,98,9,117,116" hai3="71,85,83,56,131,121,130,37,101,97,7,0,25"/><W27/><G71/><T88/><D112/><U95/><E115/><V129/><F69/><W92/><G37/><T74/><D74/><U107/><E124/><V29/><F126/><W8/><G121/><T132/><D132/><U45/><E78/><V90/><F108/><W104/><G104/><T62/><D70/><U84/><E10/><V49/><F129/><N who="3" m="49163" /><G56/><T80/><D64/><U118/><E118/><V24/><F79/><AGARI ba="0,0" hai="0,7,8,25,27,79,83,85,92,97,101" m="49163" machi="79" ten="30,1500,0" yaku="19,1" doraHai="19" who="3" fromWho="2" sc="262,0,170,0,438,-15,130,15" /><INIT seed="3,1,0,3,5,94" ten="262,170,423,145" oya="3" hai0="19,35,93,40,52,88,78,121,97,39,130,126,7" hai1="96,4,119,72,85,74,24,55,71,106,100,112,10" hai2="89,54,47,46,86,37,53,109,115,82,6,92,65" hai3="70,11,129,49,128,91,98,61,113,34,51,17,114"/><W108/><G34/><T111/><D35/><U124/><E112/><V25/><F115/><W103/><G91/><T41/><D121/><U133/><E133/><V105/><F105/><W76/><G76/><T0/><D39/><U27/><E124/><V83/><F109/><W87/><G87/><T110/><D130/><N who="3" m="50281" /><G113/><T123/><D123/><U13/><E71/><V104/><F104/><N who="3" m="63607" /><G114/><T12/><D7/><U99/><E119/><V50/><F6/><W116/><G116/><T23/><D0/><U63/><E85/><V95/><F86/><W8/><G108/><N who="0" m="41515" /><D78/><U20/><E72/><V26/><F89/><W67/><G17/><T69/><D69/><U127/><E127/><V29/><F29/><W16/><G8/><T90/><D90/><U60/><E74/><V77/><F77/><W2/><G2/><T56/><D126/><U64/><E106/><V131/><F83/><W31/><G31/><T32/><D32/><U15/><E100/><V9/><F82/><W45/><G45/><T73/><D73/><U79/><E79/><V120/><F9/><W102/><G102/><T18/><D18/><N who="1" m="10335" /><E64/><V107/><F120/><W38/><G38/><T80/><D80/><U22/><E55/><V59/><F37/><W30/><G30/><T43/><D43/><U101/><E101/><V21/><F47/><W135/><G135/><T42/><D41/><U28/><E27/><V36/><F36/><W5/><G5/><T14/><D14/><AGARI ba="1,0" hai="11,14,16,49,51,61,67,70" m="63607,50281" machi="14" ten="30,5800,0" yaku="19,1,52,1,54,1" doraHai="94" who="3" fromWho="0" sc="262,-61,170,0,423,0,145,61" /><INIT seed="3,2,0,1,1,98" ten="201,170,423,206" oya="3" hai0="121,96,128,95,3,73,10,69,133,81,126,39,135" hai1="123,91,101,44,40,104,50,105,16,1,58,19,109" hai2="13,102,71,78,34,31,18,49,5,6,82,45,4" hai3="65,112,99,67,64,87,79,29,90,93,114,124,27"/><W11/><G124/><T60/><D39/><U17/><E109/><V23/><F71/><W103/><G79/><N who="0" m="44271" /><D3/><U25/><E123/><V74/><F102/><W130/><G11/><T15/><D69/><U24/><E1/><V63/><F63/><W22/><REACH who="3" step="1"/><G130/><REACH who="3" ten="201,170,423,196" step="2"/><T110/><D10/><U86/><E58/><V47/><F78/><W57/><G57/><T35/><D126/><U2/><E2/><V119/><F119/><W125/><G125/><T108/><D121/><U14/><E14/><V84/><F13/><W132/><G132/><T61/><D15/><U131/><E131/><V41/><F45/><W117/><G117/><T26/><D128/><U38/><E38/><V54/><F47/><W48/><G48/><T127/><D127/><U122/><E122/><V75/><F49/><W106/><AGARI ba="2,1" hai="22,27,29,64,65,67,87,90,93,99,103,106,112,114" machi="106" ten="30,11700,0" yaku="1,1,0,1,52,1,53,1" doraHai="98" doraHaiUra="97" who="3" fromWho="3" sc="201,-41,170,-41,423,-41,196,133" /><INIT seed="3,3,0,3,2,4" ten="160,129,382,329" oya="3" hai0="37,0,45,75,27,134,16,12,36,51,100,79,126" hai1="54,56,7,119,10,80,90,38,112,31,49,113,107" hai2="121,33,83,47,109,129,44,124,60,15,71,13,42" hai3="104,116,14,19,84,53,94,118,46,125,6,50,74"/><W41/><G104/><T9/><D126/><U91/><E107/><V1/><F1/><W11/><G74/><T81/><D134/><U96/><E38/><V67/><F124/><W101/><G125/><T99/><D0/><U93/><E119/><V66/><F66/><W32/><G32/><T35/><D35/><U5/><E31/><V82/><F33/><W64/><G64/><T68/><D27/><U135/><E135/><V110/><F129/><W98/><G84/><T26/><D26/><U97/><E5/><V28/><F28/><W18/><REACH who="3" step="1"/><G41/><REACH who="3" ten="160,129,382,319" step="2"/><T39/><D68/><U105/><E105/><V70/><F67/><W102/><G102/><T85/><D75/><U92/><REACH who="1" step="1"/><E80/><REACH who="1" ten="160,119,382,319" step="2"/><V52/><F83/><W111/><G111/><T3/><D81/><U20/><E20/><V22/><F82/><W65/><G65/><T115/><D115/><U2/><AGARI ba="3,2" hai="2,7,10,49,54,56,90,91,92,93,96,97,112,113" machi="2" ten="20,8000,1" yaku="1,1,0,1,7,1,9,1,52,1,53,0" doraHai="4" doraHaiUra="25" who="1" fromWho="1" sc="160,-23,119,109,382,-23,319,-43" /><INIT seed="4,0,0,2,1,44" ten="137,228,359,276" oya="0" hai0="14,2,74,39,22,17,0,11,41,97,115,26,128" hai1="112,92,54,31,95,119,127,103,69,90,32,38,102" hai2="118,126,122,135,56,1,86,18,132,77,71,66,101" hai3="113,120,104,48,82,63,88,6,52,73,123,125,53"/><T110/><D74/><U27/><E119/><V37/><F122/><N who="3" m="46635" /><G113/><T134/><D39/><U100/><E112/><V9/><F118/><W13/><G125/><T76/><D41/><U133/><E127/><V87/><F126/><W50/><G104/><T47/><D115/><U7/><E133/><V12/><F37/><W121/><G121/><T10/><D76/><U91/><E38/><V57/><F1/><N who="0" m="618" /><D97/><U36/><E36/><V21/><F101/><W85/><G73/><T79/><D79/><U55/><E69/><V124/><F124/><W93/><G93/><T108/><D47/><U83/><E7/><V40/><F40/><W99/><G99/><T96/><D96/><U51/><E55/><N who="3" m="21066" /><G63/><T98/><D98/><U94/><REACH who="1" step="1"/><E83/><REACH who="1" ten="137,218,359,276" step="2"/><V131/><F135/><W35/><G35/><T81/><D81/><U89/><E89/><V64/><F132/><W16/><G6/><N who="0" m="3415" /><D134/><U29/><E29/><V68/><F77/><W19/><G19/><N who="0" m="12639" /><D128/><U33/><E33/><V67/><F131/><W116/><G116/><T60/><D60/><U72/><E72/><V117/><F117/><W107/><G107/><T130/><D130/><U80/><E80/><V129/><F129/><W30/><G30/><T58/><D58/><AGARI ba="0,1" hai="27,31,32,51,54,58,90,91,92,94,95,100,102,103" machi="58" ten="40,5200,0" yaku="1,1,52,1,53,1" doraHai="44" doraHaiUra="23" who="1" fromWho="0" sc="137,-52,218,62,359,0,276,0" /><INIT seed="5,0,0,2,1,95" ten="85,280,359,276" oya="1" hai0="132,89,37,45,64,12,128,47,73,72,33,35,4" hai1="42,135,11,67,133,3,134,86,1,60,105,91,131" hai2="22,109,62,30,116,38,69,79,6,63,57,17,65" hai3="56,16,126,125,15,103,61,96,8,46,74,94,66"/><U112/><E112/><V127/><F109/><W107/><G74/><T54/><D64/><U84/><E131/><V120/><F120/><W0/><G0/><T26/><D128/><U81/><E105/><V121/><F121/><W13/><G46/><T85/><D132/><U18/><E42/><V123/><F123/><W106/><G13/><T31/><D35/><U122/><E122/><V51/><F38/><W36/><G36/><T10/><D47/><U98/><E98/><V70/><F116/><W21/><G21/><T118/><D118/><U50/><E50/><V32/><F127/><AGARI ba="0,0" hai="8,15,16,56,61,66,94,96,103,106,107,125,126,127" machi="127" ten="40,5200,0" yaku="18,1,52,1,54,1" doraHai="95" who="3" fromWho="2" sc="85,0,280,0,359,-52,276,52" /><INIT seed="6,0,0,5,0,131" ten="85,280,307,328" oya="2" hai0="102,125,126,48,3,12,132,95,0,105,89,10,113" hai1="39,53,58,29,1,80,26,52,96,70,28,91,74" hai2="21,46,36,61,9,42,78,11,62,108,133,124,41" hai3="22,30,115,77,23,38,20,86,45,93,6,75,27"/><V127/><F108/><W97/><G75/><T103/><D3/><U120/><E70/><V117/><F117/><W111/><G111/><T79/><D0/><U84/><E39/><V81/><F21/><W5/><G115/><T2/><D2/><U116/><E116/><V135/><F46/><W134/><G134/><N who="2" m="51209" /><F36/><W17/><G45/><T83/><D132/><U114/><E1/><V66/><F61/><W44/><G44/><T92/><D48/><N who="1" m="30983" /><E74/><N who="2" m="43223" /><F9/><W122/><G23/><T129/><D129/><U55/><E114/><V51/><F11/><W47/><G47/><T60/><D60/><U112/><E112/><V67/><F51/><W64/><G38/><T56/><D56/><U90/><E120/><V94/><F94/><W106/><G122/><T71/><D71/><U72/><E26/><V118/><F118/><W110/><G93/><T87/><D113/><U76/><E29/><V16/><F16/><W68/><G17/><T34/><D34/><U121/><E28/><V82/><F82/><W104/><G30/><T63/><D63/><U7/><E121/><V54/><F54/><W18/><G18/><N who="0" m="8471" /><D92/><N who="1" m="56351" /><E7/><V13/><F13/><W130/><G5/><T85/><D105/><U4/><E4/><V98/><F98/><W123/><G97/><T57/><D57/><U107/><E107/><V15/><F15/><W59/><G104/><T25/><D25/><U128/><E128/><V100/><F100/><W32/><G130/><T65/><D65/><N who="2" m="24586" /><F62/><W31/><G110/><T73/><D73/><U19/><E19/><V14/><F14/><W37/><G106/><T88/><D79/><RYUUKYOKU ba="0,0" sc="85,10,280,10,307,10,328,-30" hai0="83,85,87,88,89,95,102,103,125,126" hai1="53,55,72,76,80,84,90" hai2="41,42,124,127" /><INIT seed="6,1,0,2,0,36" ten="95,290,317,298" oya="2" hai0="115,51,86,75,102,38,21,81,65,131,89,55,132" hai1="25,116,126,16,123,122,79,3,73,12,77,4,61" hai2="112,96,24,99,28,7,8,13,124,45,48,33,19" hai3="41,14,59,20,127,11,120,5,27,125,54,71,100"/><V23/><F112/><W18/><G71/><T128/><D38/><U94/><E126/><N who="3" m="48138" /><G120/><N who="1" m="46122" /><E116/><V92/><F124/><W31/><G100/><T135/><D65/><U9/><E73/><V22/><F22/><W91/><G91/><T129/><D115/><U74/><E74/><V39/><F39/><W110/><G110/><T43/><D75/><U37/><E37/><V29/><F29/><W32/><G41/><T104/><D21/><N who="1" m="13479" /><E61/><V49/><F49/><N who="3" m="31183" /><G5/><T63/><D63/><U78/><E94/><V50/><F50/><W42/><G42/><T97/><REACH who="0" step="1"/><D55/><REACH who="0" ten="85,290,317,298" step="2"/><U56/><E56/><V88/><F48/><W87/><G20/><T90/><D90/><U62/><E62/><V58/><F58/><W0/><G32/><T109/><D109/><U67/><E67/><V6/><F45/><AGARI ba="1,1" hai="43,45,51,81,86,89,97,102,104,128,129,131,132,135" machi="45" ten="50,6400,0" yaku="1,1,19,1,52,1,53,0" doraHai="36" doraHaiUra="52" who="0" fromWho="2" sc="85,77,290,0,317,-67,298,0" /><INIT seed="7,0,0,2,2,97" ten="162,290,250,298" oya="3" hai0="67,63,30,17,40,60,111,7,22,84,98,113,36" hai1="29,103,92,28,12,55,91,1,72,3,119,123,43" hai2="88,89,74,32,76,48,18,15,19,27,41,26,109" hai3="34,114,37,69,120,133,112,64,132,62,39,115,105"/><W116/><G120/><T49/><D111/><U33/><E123/><V53/><F109/><W59/><G116/><T38/><D30/><U61/><E72/><V31/><F74/><W73/><G105/><T16/><D113/><U66/><E119/><V124/><F76/><W85/><G73/><T77/><D7/><U57/><E43/><V65/><F124/><W81/><G34/><T78/><D98/><N who="1" m="59847" /><E33/><V95/><F41/><W126/><G126/><T125/><D125/><U79/><E3/><V96/><F65/><W54/><G54/><T100/><D40/><U129/><E1/><V110/><F27/><W5/><G5/><T46/><D84/><U101/><E129/><V117/><F110/><W131/><G69/><T128/><D128/><U87/><E101/><V42/><F42/><W102/><G102/><T75/><D100/><U52/><E79/><V9/><F117/><W107/><G107/><T93/><D93/><N who="1" m="54527" /><E12/><V23/><F89/><N who="3" m="51375" /><G131/><T118/><D118/><U25/><E25/><V11/><REACH who="2" step="1"/><F19/><REACH who="2" ten="162,290,240,298" step="2"/><W35/><G35/><T47/><D75/><U83/><E83/><V127/><F127/><W99/><G99/><T21/><REACH who="0" step="1"/><D67/><REACH who="0" ten="152,290,240,298" step="2"/><U50/><E66/><V104/><F104/><W134/><AGARI ba="0,2" hai="37,39,59,62,64,112,114,115,132,133,134" m="51375" machi="134" ten="40,3900,0" yaku="15,1,20,1" doraHai="97" who="3" fromWho="3" sc="152,-13,290,-13,240,-13,298,59" owari="139,-36.0,277,8.0,227,-17.0,357,45.0" /></mjloggm>