<mjloggm ver="2.3"><GO type="225" lobby="0"/><UN n0="%E3%82%B7%E3%83%9F%E3%83%AA%E3%82%B9%EF%BC%94" n1="%E3%81%BF%E3%82%85%E3%82%93%E3%81%93" n2="%E3%82%A6%E3%83%AB%E3%83%88%E3%83%A9%E7%AB%8B%E7%9B%B4" n3="%69%73%61%6B%75%79%61" dan="16,18,17,16" rate="2108.39,2218.53,2148.25,2085.08" sx="F,F,M,M"/><TAIKYOKU oya="0"/><INIT seed="0,0,0,5,5,27" ten="250,250,250,250" oya="0" hai0="5,70,30,36,40,18,83,124,49,90,110,111,32" hai1="78,54,72,61,45,103,133,38,53,44,109,65,41" hai2="42,43,93,123,105,8,82,6,51,14,47,24,3" hai3="57,101,55,132,106,63,52,100,108,91,12,34,94"/><T96/><D70/><N who="1" m="42287" /><E103/><V118/><F105/><W26/><G106/><T92/><BYE who="3" /><D36/><N who="1" m="21543" /><E78/><V75/><F123/><W114/><G114/><T134/><D5/><UN n3="%69%73%61%6B%75%79%61" /><U64/><E72/><V25/><F118/><W89/><G108/><N who="0" m="41515" /><D124/><U127/><E109/><V20/><F42/><W16/><G132/><T73/><D134/><U29/><E29/><V86/><F75/><W121/><G121/><T81/><D18/><U9/><E9/><V33/><F33/><W67/><G26/><N who="0" m="18519" /><D73/><U28/><E133/><V0/><F25/><W125/><G125/><T17/><D17/><U84/><E127/><V116/><F116/><W13/><G13/><T112/><D112/><U130/><E28/><V4/><F4/><W128/><G128/><T126/><D126/><U66/><E130/><V80/><F3/><W98/><G34/><T46/><AGARI ba="0,0" hai="40,46,49,81,83,90,92,96" m="18519,41515" machi="46" ten="30,6000,0" yaku="14,1,10,1,52,1" doraHai="27" who="0" fromWho="0" sc="250,60,250,-20,250,-20,250,-20" /><INIT seed="0,1,0,2,0,120" ten="310,230,230,230" oya="0" hai0="98,37,79,32,61,109,89,81,119,23,34,51,121" hai1="129,43,105,90,88,63,92,91,96,35,25,47,38" hai2="131,19,116,103,94,1,10,50,12,46,55,93,65" hai3="6,45,104,49,127,135,114,67,86,70,17,80,13"/><T99/><D37/><U62/><E129/><V8/><F131/><W28/><G104/><T59/><D121/><U87/><E105/><V115/><F115/><W42/><G114/><T15/><D119/><U97/><E97/><V124/><F124/><W4/><G127/><T134/><D134/><U40/><E40/><V69/><F116/><W52/><G135/><T123/><D51/><U3/><E3/><V5/><REACH who="2" step="1"/><F103/><REACH who="2" ten="310,230,220,230" step="2"/><W78/><G28/><T71/><D123/><U113/><E113/><V133/><F133/><W64/><G42/><T26/><D32/><U108/><E43/><V57/><F57/><W56/><G70/><T95/><D34/><U22/><E38/><V101/><F101/><W9/><G56/><T2/><D71/><U118/><E118/><V54/><F54/><W68/><G68/><T24/><D59/><U132/><E132/><V53/><F53/><W29/><G29/><T72/><D61/><AGARI ba="1,1" hai="1,5,8,10,12,19,46,50,55,61,65,69,93,94" machi="61" ten="40,2600,0" yaku="1,1,53,1" doraHai="120" doraHaiUra="14" who="2" fromWho="0" sc="310,-29,230,0,220,39,230,0" /><INIT seed="1,0,0,1,1,103" ten="281,230,259,230" oya="1" hai0="21,60,45,135,30,120,55,7,114,113,128,133,18" hai1="84,50,9,78,20,69,29,48,104,52,81,91,97" hai2="26,105,90,38,111,70,115,14,106,36,89,94,108" hai3="121,34,87,122,100,22,64,59,123,102,15,130,112"/><U5/><E69/><V13/><F70/><W75/><G112/><T6/><D120/><U134/><E134/><N who="0" m="51209" /><D30/><U10/><E50/><V27/><REACH who="2" step="1"/><F94/><REACH who="2" ten="281,230,249,230" step="2"/><W82/><G121/><T62/><D114/><AGARI ba="0,1" hai="13,14,26,27,36,38,89,90,105,106,108,111,114,115" machi="114" ten="25,12000,2" yaku="1,1,2,1,22,2,52,2,53,0" doraHai="103" doraHaiUra="73" who="2" fromWho="0" sc="281,-120,230,0,249,130,230,0" /><INIT seed="2,0,0,0,2,46" ten="161,230,379,230" oya="2" hai0="135,0,95,50,8,33,40,81,115,20,84,121,80" hai1="100,63,25,79,53,74,90,32,23,109,45,58,106" hai2="103,108,125,60,57,13,93,6,73,129,128,56,112" hai3="94,43,68,1,16,124,101,70,132,12,83,102,85"/><V42/><F73/><W35/><G1/><T11/><D121/><U119/><E109/><V22/><F112/><W3/><G3/><T17/><D115/><U98/><E119/><V26/><F108/><W69/><G35/><T127/><D33/><U27/><E32/><V99/><F125/><W89/><G124/><T87/><D127/><U51/><E90/><V64/><F42/><W9/><G132/><T72/><D135/><U78/><E74/><V4/><F57/><W92/><REACH who="3" step="1"/><G43/><REACH who="3" ten="161,230,379,220" step="2"/><T34/><D34/><U105/><E105/><V76/><F129/><W61/><G61/><T30/><D0/><U55/><E27/><V24/><F24/><W18/><G18/><AGARI ba="0,1" hai="18,23,25,45,51,53,55,58,63,78,79,98,100,106" machi="18" ten="30,2000,0" yaku="7,1,52,1" doraHai="46" who="1" fromWho="3" sc="161,0,230,30,379,0,220,-20" /><INIT seed="3,0,0,3,5,94" ten="161,260,379,200" oya="3" hai0="11,29,35,25,112,96,47,46,32,8,86,133,120" hai1="23,2,123,91,100,134,124,26,129,69,99,63,57" hai2="10,40,118,66,89,102,77,113,135,67,6,17,42" hai3="107,41,109,22,54,61,70,87,4,82,60,68,125"/><W104/><G125/><T111/><D120/><U122/><E69/><V52/><F118/><W15/><G70/><T19/><D111/><U128/><E2/><V132/><F77/><W34/><G34/><T73/><D73/><U20/><E91/><V98/><F17/><N who="3" m="10559" /><G107/><T119/><D119/><U130/><E134/><V92/><F113/><W44/><G104/><T84/><D133/><U27/><E23/><V103/><F135/><W126/><G68/><T36/><D112/><U116/><E124/><V75/><F75/><W97/><G109/><T101/><D32/><U65/><E116/><V5/><F67/><W28/><G4/><T81/><D84/><U9/><E9/><V24/><F66/><W14/><G28/><T48/><D36/><U95/><E27/><V72/><F6/><W21/><G41/><T88/><D19/><AGARI ba="0,0" hai="19,20,26,57,63,65,95,99,100,122,123,128,129,130" machi="19" ten="40,2600,0" yaku="19,1,52,1" doraHai="94" who="1" fromWho="0" sc="161,-26,260,26,379,0,200,0" owari="135,-36.0,286,9.0,379,47.0,200,-20.0" /></mjloggm>