<mjloggm ver="2.3"><GO type="97" lobby="0"/><UN n0="%28%EF%BF%A3%D0%94%EF%BF%A3%29" n1="%32%30%30%31%31%32%32%34" n2="%E8%B5%A4%E9%98%AA%E9%83%81%E4%B9%83" n3="%E5%B0%B1%E6%B4%BB%E7%94%9F%40%E5%B7%9D%E6%9D%91%E8%BB%8D%E5%9B%A3" dan="15,14,13,14" rate="1966.73,1927.48,1880.22,1982.94" sx="F,M,F,M"/><TAIKYOKU oya="0"/><INIT seed="0,0,0,3,3,27" ten="250,250,250,250" oya="0" hai0="0,131,29,26,120,73,36,103,88,39,127,56,123" hai1="28,55,50,94,10,45,101,85,6,34,70,95,82" hai2="112,133,52,91,20,48,44,23,33,57,61,105,119" hai3="38,53,108,24,100,84,132,4,135,69,37,106,68"/><T32/><D0/><U125/><E70/><N who="3" m="27242" /><G4/><T86/><D73/><U25/><E101/><V81/><F112/><W58/><G84/><T75/><D75/><U42/><E55/><V96/><F119/><W77/><G77/><T15/><D103/><U62/><E62/><V12/><F33/><W89/><G89/><T3/><D3/><U65/><E65/><V74/><F74/><W111/><G24/><T54/><D15/><U67/><E67/><N who="2" m="39343" /><F105/><W80/><G80/><T66/><D66/><U124/><E94/><N who="2" m="56415" /><F133/><N who="3" m="51275" /><G100/><T47/><D123/><U118/><E95/><V43/><F81/><W22/><G22/><N who="2" m="8233" /><F12/><W78/><G78/><T1/><D120/><U76/><REACH who="1" step="1"/><E118/><REACH who="1" ten="250,240,250,250" step="2"/><V126/><F126/><W113/><G106/><T116/><D127/><U46/><E46/><V16/><F43/><W104/><G104/><T51/><D116/><U59/><E59/><V109/><F44/><W21/><G113/><T64/><D47/><U17/><E17/><V98/><F16/><W31/><G58/><T117/><D117/><U11/><E11/><V60/><F52/><W102/><G53/><T93/><D64/><U121/><E121/><V40/><F40/><W83/><G102/><T110/><D56/><U71/><E71/><V8/><F60/><W18/><G83/><T122/><D54/><U128/><E128/><V35/><F8/><W7/><G7/><T97/><D131/><U9/><E9/><V129/><F129/><W30/><G18/><T115/><D122/><U92/><E92/><V13/><F48/><W63/><G63/><T14/><D51/><U49/><E49/><RYUUKYOKU ba="0,1" sc="250,-10,240,30,250,-10,250,-10" hai1="6,10,25,28,34,42,45,50,76,82,85,124,125" /><INIT seed="1,1,1,3,1,128" ten="240,270,240,240" oya="1" hai0="65,3,105,118,27,122,45,73,64,110,88,106,68" hai1="107,0,71,10,13,37,121,1,7,87,70,115,17" hai2="132,31,14,85,120,104,81,69,9,47,103,126,21" hai3="98,23,42,11,5,108,109,93,30,34,131,92,44"/><U50/><E37/><V117/><F117/><W2/><G131/><T134/><D118/><U54/><E107/><V48/><F120/><W135/><G34/><T41/><D73/><U78/><E121/><V80/><F69/><W43/><G135/><T130/><D122/><U129/><E129/><V76/><F104/><W24/><G43/><T72/><D72/><U112/><E71/><V53/><F103/><W58/><G58/><T133/><D130/><U77/><E70/><V84/><F126/><W51/><REACH who="3" step="1"/><G93/><REACH who="3" ten="240,270,240,230" step="2"/><T127/><D105/><U20/><E112/><V111/><F132/><N who="0" m="50794" /><D106/><U99/><E115/><V63/><F111/><W82/><G82/><T86/><D68/><U26/><E77/><V22/><F81/><W116/><G116/><T6/><D110/><U39/><E78/><V49/><F76/><W8/><G8/><N who="0" m="2143" /><D127/><U25/><E10/><V97/><F9/><W55/><G55/><T61/><D61/><U33/><E54/><V67/><F53/><W66/><G66/><T94/><D27/><U60/><E26/><N who="2" m="16847" /><F63/><W95/><G95/><T90/><D90/><AGARI ba="1,2" hai="2,5,11,23,24,30,42,44,51,90,92,98,108,109" machi="90" ten="40,1300,0" yaku="1,1,53,0" doraHai="128" doraHaiUra="56" who="3" fromWho="0" sc="240,-16,270,0,240,0,230,36" /><INIT seed="2,0,0,1,0,57" ten="224,270,240,266" oya="2" hai0="31,110,81,135,6,80,71,90,16,5,18,95,121" hai1="72,20,60,101,102,14,78,91,29,65,44,22,103" hai2="50,116,112,64,111,117,123,119,120,54,86,92,34" hai3="66,62,104,1,113,37,8,105,99,125,58,0,115"/><V51/><BYE who="3" /><F34/><W55/><G55/><T88/><D121/><N who="2" m="46666" /><F92/><UN n3="%E5%B0%B1%E6%B4%BB%E7%94%9F%40%E5%B7%9D%E6%9D%91%E8%BB%8D%E5%9B%A3" /><W93/><G125/><T70/><D110/><U12/><E72/><V63/><F86/><W52/><G37/><T41/><D41/><U114/><E114/><N who="3" m="43530" /><G66/><T118/><D95/><U130/><E78/><V131/><F112/><W49/><G49/><N who="2" m="18441" /><F111/><W128/><G128/><T15/><D15/><U82/><E130/><V100/><F100/><N who="3" m="60527" /><G8/><T129/><D129/><U47/><E101/><V33/><F33/><W30/><G30/><T76/><D31/><U67/><E29/><V85/><F85/><W35/><G35/><T40/><D40/><U24/><E82/><V69/><F54/><W13/><G13/><T109/><D109/><U127/><E127/><V3/><F3/><AGARI ba="0,0" hai="0,1,3,52,58,62,104,105" m="60527,43530" machi="3" ten="30,3900,0" yaku="11,1,52,1,54,1" doraHai="57" who="3" fromWho="2" sc="224,0,270,0,240,-39,266,39" /><INIT seed="3,0,0,3,1,80" ten="224,270,201,305" oya="3" hai0="92,40,20,83,133,8,71,103,34,125,75,22,101" hai1="115,59,60,127,96,43,39,42,27,29,63,5,98" hai2="26,21,52,129,64,88,9,95,41,105,46,24,30" hai3="99,106,121,45,89,31,36,128,135,3,10,49,62"/><W113/><G121/><T48/><D34/><U37/><E115/><V91/><F105/><W90/><G36/><T15/><D71/><U79/><E5/><V70/><F9/><W87/><G113/><T47/><D125/><U67/><E127/><V17/><F129/><W54/><G128/><T124/><D124/><U1/><E1/><V6/><F6/><W18/><G135/><T97/><D133/><U117/><E117/><V93/><F70/><W134/><G134/><T123/><D123/><U38/><E63/><V55/><F64/><W132/><G132/><T12/><D12/><U4/><E4/><V23/><F41/><W28/><G62/><T13/><D13/><U77/><E96/><N who="2" m="57383" /><F46/><W94/><G106/><T68/><D68/><U33/><REACH who="1" step="1"/><E98/><AGARI ba="0,0" hai="17,21,23,24,26,30,52,55,91,95,98" m="57383" machi="98" ten="30,3900,0" yaku="8,1,54,2" doraHai="80" who="2" fromWho="1" sc="224,0,270,-39,201,39,305,0" owari="224,-28.0,231,-17.0,240,4.0,305,41.0" /></mjloggm>