<mjloggm ver="2.3"><GO type="169" lobby="0"/><UN n0="%E3%83%88%E3%83%88%E3%83%AA%E5%85%88%E7%94%9F%31%39%E6%AD%B3" n1="%E3%82%88%E3%83%BC%EF%BC%A0%E3%83%AD%E3%83%83%E3%82%AF" n2="%E9%8A%80%E3%81%B0%E3%81%95%E3%81%BF" n3="%77%61%77%61%33%30%33%30" dan="17,16,18,17" rate="2178.57,2081.11,2240.70,2211.36" sx="F,M,M,M"/><TAIKYOKU oya="0"/><INIT seed="0,0,0,2,1,129" ten="250,250,250,250" oya="0" hai0="31,116,113,14,78,15,85,93,131,64,108,109,135" hai1="80,0,36,59,20,58,39,33,18,28,68,38,132" hai2="25,130,49,5,71,86,91,32,84,51,77,114,8" hai3="111,16,40,7,1,13,94,61,73,2,67,26,123"/><T118/><D64/><U62/><E0/><V45/><F71/><W9/><G123/><T54/><D54/><U60/><E33/><V22/><F32/><W23/><G73/><T55/><D55/><U133/><E28/><V17/><F130/><W103/><G40/><T107/><D131/><U11/><E11/><V4/><F114/><W110/><G2/><T81/><D31/><U24/><E80/><N who="2" m="47119" /><F8/><W74/><G74/><N who="0" m="43223" /><D14/><U37/><N who="1" m="9216" /><DORA hai="12" /><U57/><REACH who="1" step="1"/><E68/><REACH who="1" ten="250,240,250,250" step="2"/><V19/><F19/><W106/><G1/><T97/><D113/><U44/><E44/><V30/><F30/><W104/><G110/><T89/><D116/><U48/><E48/><N who="2" m="18507" /><F45/><W126/><G9/><T50/><D50/><U100/><E100/><V122/><F122/><W70/><G103/><N who="0" m="62959" /><D118/><U34/><E34/><V29/><F29/><W115/><G115/><T95/><D109/><U41/><E41/><V35/><F35/><W3/><G111/><T46/><D108/><U53/><E53/><V87/><F5/><W96/><G7/><T79/><D46/><U90/><E90/><V75/><F4/><W43/><G3/><T99/><D79/><U52/><E52/><V72/><F17/><W117/><G16/><T27/><D89/><U121/><E121/><V127/><F91/><W101/><G117/><T6/><D6/><U98/><E98/><V105/><F22/><W42/><G23/><T83/><D99/><U47/><E47/><V76/><F76/><W10/><G42/><T21/><D83/><U120/><E120/><V88/><F88/><W124/><G43/><T69/><D69/><RYUUKYOKU ba="0,1" sc="250,-10,240,30,250,-10,250,-10" hai1="18,20,24,57,58,59,60,62,132,133" /><INIT seed="1,1,1,1,2,124" ten="240,270,240,240" oya="1" hai0="97,82,103,99,0,69,81,40,117,34,128,111,80" hai1="122,83,68,47,26,48,49,3,133,44,29,106,37" hai2="15,8,93,131,61,2,100,23,52,70,114,17,18" hai3="119,20,33,77,24,92,121,4,57,94,90,95,53"/><U32/><E122/><V72/><F72/><W66/><G33/><T104/><D69/><U89/><E3/><V1/><F114/><W67/><G121/><T28/><D117/><U73/><E106/><V36/><F36/><W46/><G77/><T62/><D0/><U22/><E68/><V64/><F100/><W86/><G4/><T109/><D40/><U51/><E133/><V79/><F79/><W56/><G46/><T76/><D62/><U42/><E32/><V127/><F93/><W31/><G119/><T19/><D19/><U118/><E118/><V58/><F127/><W43/><G43/><T125/><D125/><U75/><REACH who="1" step="1"/><E47/><REACH who="1" ten="240,260,240,240" step="2"/><V16/><F2/><W102/><G102/><N who="0" m="62543" /><D28/><U116/><E116/><V135/><F135/><W65/><REACH who="3" step="1"/><G57/><REACH who="3" ten="240,260,240,230" step="2"/><T30/><D34/><U108/><E108/><V115/><F70/><W45/><G45/><T85/><D111/><U120/><E120/><V59/><F59/><W91/><G91/><T126/><D109/><U14/><E14/><V63/><F1/><W112/><G112/><T41/><D126/><U132/><E132/><V98/><F115/><W110/><G110/><T21/><D41/><U12/><E12/><V35/><F35/><W6/><G6/><T60/><D76/><U105/><E105/><V25/><F15/><W11/><G11/><T10/><D10/><U55/><E55/><V101/><F8/><W9/><G9/><T38/><D103/><U134/><E134/><V88/><F101/><W87/><G87/><AGARI ba="1,3" hai="22,26,29,37,42,44,48,49,51,73,75,83,87,89" machi="87" ten="40,3900,0" yaku="1,1,53,1" doraHai="124" doraHaiUra="84" who="1" fromWho="3" sc="240,0,260,72,240,0,230,-42" /><INIT seed="1,2,0,3,4,119" ten="240,332,240,188" oya="1" hai0="29,10,108,106,57,112,27,45,72,2,68,66,125" hai1="1,32,34,103,53,117,111,97,76,11,37,44,24" hai2="128,104,81,15,39,122,75,41,79,43,42,26,64" hai3="8,65,48,25,28,130,59,94,127,54,36,73,13"/><U89/><E117/><V118/><F118/><W38/><G73/><T133/><D72/><U87/><E111/><V69/><F104/><W14/><G127/><T129/><D112/><U31/><E76/><V19/><F128/><W22/><G130/><T123/><D106/><U74/><E74/><V96/><F96/><W91/><G65/><T93/><D68/><U109/><E109/><V124/><F124/><W110/><G110/><T82/><D108/><U114/><E114/><V84/><F26/><W9/><G9/><T105/><D105/><U113/><E113/><V40/><F40/><W101/><G101/><T83/><D133/><U17/><E34/><V6/><F6/><W7/><REACH who="3" step="1"/><G13/><REACH who="3" ten="240,332,240,178" step="2"/><T56/><D66/><U90/><E11/><V126/><F126/><W121/><G121/><T100/><D10/><U62/><E103/><V67/><F67/><W47/><G47/><T23/><D45/><U70/><E44/><V78/><F75/><W3/><G3/><T4/><D2/><U98/><E1/><V115/><F115/><W51/><G51/><T0/><D0/><U132/><E132/><V5/><F64/><W116/><G116/><T35/><D100/><U95/><E70/><V61/><F69/><W20/><G20/><T16/><D23/><U49/><E49/><V131/><F131/><W77/><G77/><T50/><D129/><U134/><E134/><V52/><F79/><W99/><AGARI ba="2,1" hai="7,8,14,22,25,28,36,38,48,54,59,91,94,99" machi="99" ten="20,2700,0" yaku="1,1,0,1,7,1,53,0" doraHai="119" doraHaiUra="107" who="3" fromWho="3" sc="240,-9,332,-15,240,-9,178,43" /><INIT seed="2,0,0,4,5,52" ten="231,317,231,221" oya="2" hai0="121,99,75,24,71,72,81,30,41,74,3,113,33" hai1="68,91,92,119,34,79,77,42,35,123,37,112,60" hai2="130,69,109,110,22,84,66,26,17,115,76,87,4" hai3="46,111,120,96,32,13,14,90,0,125,5,16,114"/><V65/><F115/><W54/><G32/><T45/><D113/><U63/><E119/><V11/><F130/><W27/><G120/><T21/><D121/><U6/><E112/><V58/><F69/><W85/><G96/><T116/><D116/><U57/><E6/><V15/><F66/><W124/><G111/><N who="2" m="42505" /><F76/><W105/><G105/><T95/><D71/><U97/><E123/><V25/><F25/><W23/><G114/><T62/><D3/><U12/><E68/><V19/><F19/><W73/><G73/><T31/><D62/><AGARI ba="0,0" hai="4,11,15,17,22,26,58,62,65,84,87" m="42505" machi="62" ten="30,5800,0" yaku="14,1,10,1,52,1" doraHai="52" who="2" fromWho="0" sc="231,-58,317,0,231,58,221,0" /><INIT seed="2,1,0,3,5,15" ten="173,317,289,221" oya="2" hai0="46,99,129,3,91,36,87,94,123,78,117,30,134" hai1="109,45,25,72,77,19,40,10,82,65,76,61,64" hai2="2,84,58,49,48,100,35,130,75,135,32,90,0" hai3="108,59,73,107,118,121,66,24,27,80,50,85,42"/><V29/><F75/><W22/><G73/><T131/><D123/><U128/><E109/><V71/><F71/><W31/><G108/><T38/><D3/><U114/><E114/><V98/><F130/><N who="0" m="49674" /><D134/><U43/><E128/><V8/><F135/><W89/><G107/><T52/><D30/><U97/><E77/><V115/><F115/><W56/><G118/><T23/><D117/><U53/><E97/><V18/><F2/><W104/><G104/><T96/><D23/><U14/><E25/><V6/><F29/><W39/><G39/><N who="0" m="14891" /><D78/><U5/><E76/><V26/><F35/><W119/><G119/><T113/><D113/><U83/><E72/><V9/><F32/><W133/><G27/><T122/><D122/><U70/><E14/><V21/><F9/><W54/><G133/><T55/><D46/><U62/><E45/><V63/><F100/><W101/><G101/><N who="0" m="60567" /><D99/><U74/><E74/><V28/><F28/><W116/><G121/><T92/><AGARI ba="1,0" hai="52,55,87,91,92" m="60567,14891,49674" machi="92" ten="30,2000,0" yaku="19,1,54,1" doraHai="15" who="0" fromWho="0" sc="173,23,317,-6,289,-11,221,-6" /><INIT seed="3,0,0,5,0,12" ten="196,311,278,215" oya="3" hai0="23,30,83,43,56,28,103,107,86,29,90,73,135" hai1="13,117,89,102,121,93,92,10,27,111,59,45,101" hai2="66,60,67,9,50,17,112,42,70,116,35,81,97" hai3="26,21,15,88,47,134,109,129,80,77,71,44,54"/><W5/><G71/><T48/><D135/><U20/><E121/><V125/><F35/><W106/><G106/><T38/><D38/><U55/><E111/><V114/><F116/><W63/><G134/><T98/><D73/><U95/><E45/><V24/><F125/><W7/><G109/><T62/><D48/><N who="1" m="31207" /><E89/><V127/><F127/><W115/><G115/><T51/><D51/><U74/><E74/><V68/><F68/><W84/><G129/><T113/><D43/><U65/><E65/><V52/><F42/><W3/><G3/><T32/><D113/><N who="2" m="43626" /><F67/><W22/><G77/><T1/><D1/><U39/><E39/><V18/><F24/><W25/><G15/><T104/><D32/><U19/><E117/><V96/><F81/><W99/><G99/><N who="2" m="37961" /><F9/><W131/><G131/><T122/><D104/><U94/><N who="1" m="23552" /><DORA hai="37" /><U120/><E120/><V79/><F79/><W100/><G100/><T72/><D122/><U53/><E53/><V57/><F70/><W78/><G78/><T4/><D72/><U6/><AGARI ba="0,0" hai="6,10,13,19,20,27,101,102" m="23552,31207" machi="6" ten="40,2700,0" yaku="8,1,52,1" doraHai="12,37" who="1" fromWho="1" sc="196,-7,311,27,278,-7,215,-13" /><INIT seed="4,0,0,0,4,44" ten="189,338,271,202" oya="0" hai0="59,123,21,1,106,132,135,130,0,87,49,105,7" hai1="97,116,80,102,86,39,91,110,29,48,67,84,88" hai2="119,125,45,121,92,51,109,64,18,61,63,46,19" hai3="101,4,120,47,94,107,36,81,126,5,17,9,127"/><T27/><D123/><U100/><E39/><V96/><F121/><W133/><G107/><N who="0" m="40971" /><D7/><U69/><E116/><V99/><F109/><W35/><G120/><T3/><D87/><U103/><E110/><V33/><F33/><W20/><G35/><T32/><D32/><U52/><E29/><V22/><F119/><W75/><G5/><T117/><D117/><U56/><E69/><V70/><F125/><W82/><G82/><T89/><D89/><U58/><E67/><V14/><F63/><W28/><G28/><T72/><D72/><U108/><E108/><V77/><F77/><W74/><G74/><T118/><D118/><U76/><E76/><V41/><F92/><W128/><G94/><T134/><D130/><U40/><E40/><V93/><F93/><W31/><G101/><T79/><D79/><U25/><E25/><V66/><F66/><W57/><G128/><T12/><D12/><U10/><E10/><V42/><REACH who="2" step="1"/><F19/><REACH who="2" ten="189,338,261,202" step="2"/><W43/><G17/><N who="0" m="12719" /><D3/><U115/><E102/><V24/><F24/><W26/><G126/><T2/><D2/><U112/><E103/><V111/><F111/><W6/><G127/><T16/><D16/><U30/><E100/><V11/><F11/><W78/><G9/><T13/><D13/><U114/><E30/><V95/><F95/><W104/><G104/><T60/><D60/><U38/><E112/><V53/><F53/><AGARI ba="0,1" hai="0,1,49,53,59,132,134,135" m="12719,40971" machi="53" ten="40,3900,0" yaku="20,1,52,1" doraHai="44" who="0" fromWho="2" sc="189,49,338,0,261,-39,202,0" /><INIT seed="4,1,0,4,4,106" ten="238,338,222,202" oya="0" hai0="126,0,75,53,131,57,93,4,2,45,13,63,29" hai1="76,55,114,81,46,67,119,120,43,111,56,88,44" hai2="70,74,78,25,103,98,94,20,109,36,12,40,105" hai3="101,1,22,77,80,113,66,38,24,132,28,104,59"/><T86/><D131/><U79/><E111/><V21/><F109/><W31/><G38/><T48/><D126/><U64/><E119/><V50/><F70/><W8/><G132/><T90/><D75/><U47/><E120/><V92/><F36/><W32/><G113/><T14/><D29/><U123/><E123/><V16/><F40/><W41/><G41/><T96/><D4/><U84/><E114/><V10/><F50/><W54/><G66/><N who="1" m="25130" /><E43/><V135/><F135/><W129/><G129/><T102/><D0/><U7/><E7/><V69/><F69/><W97/><G1/><T51/><D2/><U130/><E130/><V3/><F3/><W65/><G8/><T124/><D124/><U71/><E71/><V34/><F34/><W19/><G65/><N who="0" m="39151" /><D51/><AGARI ba="1,0" hai="44,46,47,51,55,56,76,79,81,84,88" m="25130" machi="51" ten="30,2000,0" yaku="8,1,54,1" doraHai="106" who="1" fromWho="0" sc="238,-23,338,23,222,0,202,0" /><INIT seed="5,0,0,3,1,15" ten="215,361,222,202" oya="1" hai0="102,70,23,22,24,37,28,26,121,51,11,2,115" hai1="96,116,20,97,71,73,63,38,81,68,16,126,9" hai2="13,65,10,49,62,45,59,19,122,8,88,108,132" hai3="18,21,33,131,85,52,101,78,3,91,64,135,90"/><U119/><E38/><V36/><F122/><W60/><G33/><T39/><D115/><U87/><E73/><V54/><F108/><W32/><G32/><T34/><D70/><U129/><E129/><V80/><F132/><W5/><G135/><T105/><D121/><U125/><E9/><N who="2" m="6575" /><F36/><W107/><G131/><T118/><D118/><U53/><E116/><V12/><F12/><W40/><G40/><T46/><D34/><U104/><E104/><V84/><AGARI ba="0,0" hai="8,10,45,49,54,59,62,65,80,84,88" m="6575" machi="84" ten="30,7900,0" yaku="25,1,8,1,52,1,54,1" doraHai="15" who="2" fromWho="2" sc="215,-20,361,-39,222,79,202,-20" /><INIT seed="6,0,0,4,5,94" ten="195,322,301,182" oya="2" hai0="19,67,104,40,102,12,59,76,125,47,41,1,68" hai1="72,30,73,56,87,2,101,132,60,35,95,28,120" hai2="48,99,121,32,90,123,31,84,69,39,114,20,106" hai3="77,4,52,117,17,78,82,128,79,16,34,130,61"/><V119/><F39/><W50/><G34/><T9/><D68/><U93/><E2/><V97/><F119/><W80/><G117/><T135/><D135/><U86/><E56/><V36/><F36/><W71/><G4/><T18/><D125/><U109/><E101/><V14/><F69/><W98/><G61/><N who="0" m="38335" /><D104/><U100/><E100/><V10/><F32/><W91/><G71/><T45/><D1/><U46/><E60/><V105/><F105/><W127/><G127/><T126/><D102/><U57/><E57/><V43/><F106/><W0/><G0/><T133/><D76/><U129/><E46/><N who="0" m="17417" /><D133/><U23/><E35/><V21/><F121/><W22/><G17/><N who="0" m="8335" /><D126/><U25/><E72/><V6/><F123/><W11/><G11/><T64/><D64/><U88/><E73/><V58/><F114/><W74/><G74/><T13/><D19/><U37/><E37/><V89/><F43/><W7/><G7/><T103/><D103/><U115/><E109/><V70/><F70/><W92/><G128/><T8/><AGARI ba="0,0" hai="8,13,18,40,41" m="8335,17417,38335" machi="8" ten="30,1100,0" yaku="8,1" doraHai="94" who="0" fromWho="0" sc="195,11,322,-3,301,-5,182,-3" /><INIT seed="7,0,0,0,0,72" ten="206,319,296,179" oya="3" hai0="89,0,25,106,56,92,29,117,126,62,32,70,53" hai1="131,107,36,86,104,63,17,114,124,57,13,122,65" hai2="24,81,78,133,97,15,111,49,23,60,5,2,7" hai3="21,77,121,110,80,67,120,4,99,88,69,82,19"/><W135/><G135/><T16/><D117/><U68/><E122/><V41/><F2/><W91/><G4/><T26/><D106/><U34/><E34/><V45/><F111/><W18/><G110/><T30/><D126/><U28/><E28/><V134/><F97/><W46/><G19/><T113/><D0/><U51/><E36/><V58/><F15/><W128/><G128/><T95/><D113/><U20/><E114/><V27/><F27/><W119/><G119/><T118/><D118/><U66/><E124/><V116/><F116/><W74/><G46/><T96/><D70/><U48/><E48/><V44/><F44/><W76/><G67/><T54/><D95/><U37/><E37/><V73/><F133/><W6/><G6/><T55/><D16/><U11/><E66/><V84/><F73/><W52/><G69/><T43/><D43/><U123/><E123/><V85/><F85/><W127/><G127/><T101/><D101/><U100/><E100/><V125/><F134/><W50/><G99/><T39/><D39/><U33/><E33/><AGARI ba="0,0" hai="25,26,29,30,32,33,53,54,55,56,62,89,92,96" machi="33" ten="30,2000,0" yaku="7,1,9,1" doraHai="72" who="0" fromWho="1" sc="206,20,319,-20,296,0,179,0" /><INIT seed="8,0,0,3,4,68" ten="226,299,296,179" oya="0" hai0="98,55,71,59,89,24,102,122,13,85,3,63,72" hai1="42,87,65,73,120,31,47,26,41,5,114,12,43" hai2="57,75,121,60,2,124,25,14,88,56,45,66,28" hai3="131,132,101,130,33,39,54,4,128,119,20,135,67"/><T92/><D122/><U53/><E73/><V108/><F108/><W51/><G33/><T104/><D3/><U80/><E65/><V40/><F2/><W16/><G4/><T113/><D113/><U1/><E1/><V106/><F106/><W84/><G67/><T79/><D71/><U82/><E120/><V83/><F121/><W35/><G35/><T116/><D116/><U107/><E107/><V112/><F124/><W48/><G101/><T76/><D72/><U29/><E114/><V8/><F112/><W17/><G119/><T91/><D24/><U126/><E126/><V18/><F57/><W7/><G7/><T37/><D37/><U27/><E80/><V96/><F75/><W19/><G39/><T93/><REACH who="0" step="1"/><D13/><REACH who="0" ten="216,299,296,179" step="2"/><U86/><E26/><V61/><F25/><W90/><G20/><T111/><D111/><U36/><E36/><V133/><F14/><W52/><G51/><T44/><D44/><U46/><E27/><V49/><F49/><W38/><G38/><T125/><D125/><U77/><E47/><V99/><F45/><N who="3" m="27663" /><G54/><T21/><D21/><U34/><E53/><V58/><F66/><W64/><G64/><T15/><D15/><U10/><E34/><V32/><F32/><W100/><G100/><T127/><D127/><U129/><E46/><V74/><F74/><W103/><G103/><T105/><D105/><U30/><E12/><V110/><F110/><W11/><G11/><T69/><D69/><U0/><E10/><V9/><F8/><W118/><G118/><T50/><D50/><U6/><E0/><V23/><F9/><RYUUKYOKU ba="0,1" sc="216,15,299,-15,296,-15,179,15" hai0="55,59,63,76,79,85,89,91,92,93,98,102,104" hai3="16,17,19,84,90,128,130,131,132,135" /><INIT seed="8,1,1,4,0,34" ten="231,284,281,194" oya="0" hai0="12,9,44,73,68,40,42,57,36,115,131,117,111" hai1="114,129,95,15,11,17,31,122,4,106,128,59,63" hai2="99,21,53,116,110,38,35,71,46,23,43,39,82" hai3="29,88,16,74,48,10,86,108,54,7,120,0,130"/><T79/><D115/><U45/><E122/><V28/><F110/><W100/><G108/><T3/><D111/><U64/><E106/><V103/><F39/><W96/><G74/><T102/><D68/><U2/><E114/><V33/><F116/><W92/><G120/><T70/><D70/><U83/><E31/><V93/><F71/><W41/><G29/><T5/><D117/><U32/><E32/><V127/><F127/><W51/><G130/><N who="1" m="50282" /><E95/><V65/><F65/><W20/><G54/><T60/><D131/><U18/><E2/><V75/><F53/><W77/><G77/><T27/><D42/><U80/><E45/><V72/><F72/><W125/><G41/><T109/><D109/><U62/><E62/><V132/><F132/><W56/><G56/><T76/><D73/><U26/><E26/><V135/><F135/><W133/><G125/><T66/><D102/><U104/><E104/><V101/><F101/><W112/><G112/><T30/><REACH who="0" step="1"/><D12/><REACH who="0" ten="221,284,281,194" step="2"/><U67/><E15/><V118/><F118/><W13/><REACH who="3" step="1"/><G133/><REACH who="3" ten="221,284,281,184" step="2"/><T49/><D49/><U19/><E59/><V91/><F75/><W50/><G50/><T24/><D24/><U97/><E63/><V90/><F43/><W94/><AGARI ba="1,3" hai="0,7,10,13,16,20,48,51,86,88,92,94,96,100" machi="94" ten="20,12000,2" yaku="1,1,0,1,7,1,52,1,54,2,53,0" doraHai="34" doraHaiUra="124" who="3" fromWho="3" sc="221,-61,284,-31,281,-31,184,153" owari="160,-34.0,253,5.0,250,-15.0,337,44.0" /></mjloggm>