<mjloggm ver="2.3"><GO type="41" lobby="0"/><UN n0="%E3%83%88%E3%83%A2%E3%83%AA%37%31%32" n1="%61%74%65%6E%61" n2="%E5%B0%B1%E6%B4%BB%E7%94%9F%40%E5%B7%9D%E6%9D%91%E8%BB%8D%E5%9B%A3" n3="%E2%98%86%E7%AB%B9%E4%BA%95%E4%B9%85%E2%98%85" dan="13,13,16,13" rate="1838.31,1872.42,2151.02,1881.38" sx="M,M,M,F"/><TAIKYOKU oya="0"/><INIT seed="0,0,0,5,2,114" ten="250,250,250,250" oya="0" hai0="112,77,63,34,61,9,79,93,50,5,15,72,129" hai1="18,23,92,55,64,75,98,120,32,54,115,97,48" hai2="121,2,133,126,81,65,45,0,132,91,89,103,122" hai3="110,3,87,57,8,90,13,17,68,111,35,24,106"/><T44/><D112/><U47/><E120/><N who="2" m="46187" /><F65/><W42/><G68/><T20/><D34/><U125/><E115/><V128/><F45/><W109/><G106/><T46/><D129/><U33/><E75/><V14/><F14/><W27/><G42/><T71/><D71/><U105/><E64/><V99/><F128/><W10/><G57/><T53/><D46/><U69/><E69/><V100/><F126/><W22/><G87/><T51/><D51/><U85/><E125/><V73/><F2/><W66/><G90/><N who="2" m="34313" /><F0/><W123/><G66/><T26/><D72/><U107/><E33/><V108/><F108/><W116/><G123/><T67/><D67/><U28/><E32/><V102/><F99/><W16/><G3/><T29/><REACH who="0" step="1"/><D93/><REACH who="0" ten="240,250,250,250" step="2"/><U80/><E47/><V19/><F19/><W119/><G8/><T124/><D124/><U130/><E130/><V37/><F37/><W1/><G1/><T88/><D88/><U118/><E48/><V62/><F62/><AGARI ba="0,1" hai="5,9,15,20,26,29,44,50,53,61,62,63,77,79" machi="62" ten="40,3900,0" yaku="1,1,8,1,53,0" doraHai="114" doraHaiUra="78" who="0" fromWho="2" sc="240,49,250,0,250,-39,250,0" /><INIT seed="0,1,0,0,5,133" ten="289,250,211,250" oya="0" hai0="41,59,80,112,34,14,44,11,118,91,7,25,31" hai1="78,128,61,120,10,71,96,13,30,5,74,122,103" hai2="114,57,82,107,125,76,26,72,47,1,33,95,104" hai3="90,21,89,9,75,135,69,101,84,56,98,70,79"/><T53/><D118/><U99/><E30/><N who="2" m="19671" /><F57/><W127/><G135/><T62/><D112/><U0/><E71/><V24/><F95/><W81/><G9/><T130/><D130/><U50/><E128/><V115/><F24/><W64/><G21/><T22/><D34/><U97/><E61/><V100/><F47/><W32/><G32/><T106/><D106/><N who="2" m="40490" /><F100/><W35/><G35/><T12/><D12/><U39/><E103/><V87/><F87/><W28/><G28/><T119/><D119/><U63/><E63/><V83/><F83/><W20/><G20/><T110/><D110/><U29/><E29/><V15/><F15/><W58/><G84/><N who="0" m="50567" /><D44/><U111/><E111/><V52/><F52/><W116/><G116/><T3/><D3/><U40/><E13/><V123/><F123/><W38/><G70/><T113/><D113/><N who="2" m="43018" /><F1/><W129/><G69/><T55/><D41/><U60/><E60/><V42/><F42/><W16/><G129/><T65/><AGARI ba="1,0" hai="7,11,14,22,25,31,53,55,59,62,65" m="50567" machi="65" ten="30,1500,0" yaku="8,1" doraHai="133" who="0" fromWho="0" sc="289,18,250,-6,211,-6,250,-6" /><INIT seed="0,2,0,1,3,6" ten="307,244,205,244" oya="0" hai0="23,63,37,84,76,9,85,119,74,50,41,62,132" hai1="32,59,101,54,113,128,91,51,33,111,48,34,24" hai2="40,12,26,8,28,106,72,46,80,94,42,56,52" hai3="126,61,11,109,13,77,107,129,49,5,117,66,25"/><T3/><D132/><U110/><E101/><V112/><F106/><W15/><G117/><T27/><D119/><U21/><E113/><V120/><F112/><W18/><G109/><N who="1" m="41482" /><E91/><V100/><F120/><W30/><G126/><T65/><D37/><U105/><E105/><V86/><F72/><W102/><G129/><T17/><D74/><U104/><E104/><V93/><F28/><W64/><G77/><T47/><D76/><U103/><E103/><V118/><F26/><W57/><G102/><T53/><D41/><N who="2" m="15978" /><F46/><W108/><G107/><T2/><D2/><U60/><E128/><V10/><F100/><W123/><G49/><T135/><D135/><U44/><E44/><V4/><F10/><W127/><G127/><T69/><REACH who="0" step="1"/><D63/><REACH who="0" ten="297,244,205,244" step="2"/><U39/><E39/><V71/><F118/><W125/><G125/><T38/><D38/><U95/><E95/><V131/><F131/><W43/><G108/><T67/><D67/><U7/><E7/><AGARI ba="2,1" hai="3,7,9,17,23,27,47,50,53,62,65,69,84,85" machi="7" ten="40,3900,0" yaku="1,1,52,1,53,0" doraHai="6" doraHaiUra="130" who="0" fromWho="1" sc="297,55,244,-45,205,0,244,0" /><INIT seed="0,3,0,1,5,90" ten="352,199,205,244" oya="0" hai0="112,43,77,24,84,35,134,87,0,93,28,107,57" hai1="122,48,72,2,30,16,82,95,22,8,31,34,45" hai2="123,118,51,9,23,81,83,126,96,61,108,50,88" hai3="29,91,114,76,7,60,135,27,121,33,25,116,46"/><T69/><D107/><U10/><E122/><V18/><F123/><W125/><G114/><T133/><D0/><U65/><E65/><V113/><F118/><W99/><G116/><T58/><D112/><U75/><E82/><V85/><F113/><W78/><G7/><T86/><D69/><U56/><E72/><V49/><F108/><W3/><G3/><T103/><D43/><U68/><E68/><V98/><F126/><W124/><G121/><T41/><D41/><U11/><E2/><V59/><F9/><N who="1" m="2305" /><U100/><DORA hai="67" /><E75/><V64/><REACH who="2" step="1"/><F83/><REACH who="2" ten="352,199,195,244" step="2"/><W36/><G124/><T13/><D134/><U71/><E71/><V132/><F132/><W52/><G125/><T17/><D133/><U32/><E34/><V129/><F129/><W119/><G119/><T15/><D77/><U4/><E32/><V79/><F79/><W110/><G110/><T106/><D35/><U74/><E74/><V102/><F102/><W127/><G135/><T37/><D103/><U101/><E101/><V21/><F21/><W104/><G127/><T39/><D106/><U80/><E80/><V70/><F70/><W130/><G130/><T12/><D39/><U66/><E4/><V14/><AGARI ba="3,1" hai="14,18,23,49,50,51,59,61,64,81,85,88,96,98" machi="14" ten="30,8000,1" yaku="1,1,0,1,8,1,54,1,53,1" doraHai="90,67" doraHaiUra="120,63" who="2" fromWho="2" sc="352,-43,199,-23,195,99,244,-23" /><INIT seed="1,0,0,1,0,99" ten="309,176,294,221" oya="1" hai0="82,35,114,104,38,113,94,50,135,16,30,118,79" hai1="131,85,33,112,21,0,62,24,56,26,25,43,28" hai2="59,108,76,48,12,60,121,41,129,95,19,10,45" hai3="1,123,73,117,93,119,86,106,39,13,127,11,42"/><U110/><E112/><V67/><F121/><W2/><G123/><T74/><D38/><U130/><E43/><V97/><F108/><W87/><G106/><T32/><D135/><U4/><E85/><V47/><F129/><N who="1" m="49161" /><E62/><V22/><F76/><W23/><G73/><T125/><D50/><U102/><E102/><N who="2" m="60735" /><F47/><W65/><G65/><T89/><D118/><U36/><E56/><V40/><F10/><W122/><G11/><T20/><D125/><U77/><E36/><V9/><F9/><W8/><G8/><T101/><D114/><U68/><E68/><V107/><F107/><W14/><G127/><T66/><D66/><U91/><E77/><V3/><F3/><W18/><G1/><T6/><D113/><U15/><E91/><V92/><F92/><W44/><G93/><T109/><D89/><U71/><E71/><V83/><F83/><W96/><G2/><T75/><D79/><U111/><E0/><V49/><F49/><W90/><G90/><T116/><D75/><U124/><E4/><V64/><F64/><W53/><G39/><T55/><D6/><U29/><E124/><V34/><F34/><W132/><G44/><T134/><D74/><U80/><E80/><V57/><F57/><W61/><G61/><T27/><D82/><U105/><E105/><V126/><F126/><W100/><G42/><AGARI ba="0,0" hai="12,19,22,40,41,42,45,48,59,60,67" m="60735" machi="42" ten="30,2000,0" yaku="8,1,52,1" doraHai="99" who="2" fromWho="3" sc="309,0,176,0,294,20,221,-20" /><INIT seed="2,0,0,2,1,1" ten="309,176,314,201" oya="2" hai0="68,5,43,50,3,16,117,130,6,17,120,57,60" hai1="46,122,87,102,73,28,93,89,106,53,23,90,47" hai2="126,77,13,58,78,19,124,85,131,15,133,83,7" hai3="52,101,4,32,21,134,41,129,114,72,82,11,112"/><V115/><F115/><W116/><G32/><T56/><D120/><U88/><E122/><V96/><F131/><W76/><G129/><T71/><D130/><U29/><E73/><V30/><F133/><W33/><G33/><T18/><D3/><U36/><E36/><V107/><F30/><N who="1" m="11881" /><E106/><V99/><F78/><W70/><G70/><T44/><D117/><U113/><E113/><N who="3" m="43626" /><G116/><T45/><D71/><U84/><E53/><V92/><F107/><W20/><G41/><N who="0" m="24847" /><D68/><U108/><E108/><V127/><F58/><N who="0" m="22634" /><D60/><U55/><E55/><V97/><F7/><N who="0" m="2570" /><D43/><U118/><E118/><V132/><F132/><W128/><G128/><T27/><D45/><N who="1" m="16907" /><E23/><AGARI ba="0,0" hai="16,17,18,23,27" m="2570,22634,24847" machi="23" ten="30,8000,1" yaku="8,1,52,3,54,1" doraHai="1" who="0" fromWho="1" sc="309,80,176,-80,314,0,201,0" /><INIT seed="3,0,0,1,3,16" ten="389,96,314,201" oya="3" hai0="88,78,132,1,133,29,106,33,32,73,99,19,120" hai1="52,129,83,100,44,101,126,37,12,114,57,67,14" hai2="11,30,86,2,112,108,71,74,102,13,127,117,64" hai3="47,89,76,95,130,26,48,131,23,18,134,69,96"/><W8/><G69/><T123/><D1/><U93/><E114/><V45/><F74/><W60/><G134/><T105/><D99/><U97/><E129/><V6/><F108/><W116/><G116/><T31/><D73/><U115/><E126/><V54/><F112/><W92/><G76/><T27/><D78/><U3/><E3/><V42/><F117/><W91/><G60/><T72/><D19/><U58/><E115/><V79/><F127/><W50/><G8/><T111/><D72/><U109/><E109/><V56/><F102/><W90/><G50/><T107/><D88/><N who="1" m="55463" /><E37/><V85/><F30/><W124/><G124/><T39/><D39/><U0/><E0/><V46/><F46/><W51/><G51/><T53/><D53/><U4/><E83/><V110/><F110/><W59/><G59/><N who="1" m="22538" /><E67/><V65/><F71/><W61/><G61/><T41/><D111/><U80/><E80/><V98/><F2/><W10/><G130/><T81/><D81/><U15/><E4/><V75/><F64/><W68/><G131/><T17/><D123/><U22/><E101/><V84/><F65/><W104/><G68/><T118/><D118/><U35/><E35/><V70/><F70/><W40/><G104/><T49/><D33/><U55/><E100/><V66/><F66/><W9/><G95/><T62/><D32/><U38/><E38/><V36/><F75/><W24/><G92/><T34/><D34/><U87/><E87/><V135/><F135/><W25/><G96/><T122/><D122/><U20/><E44/><V119/><F119/><W77/><G77/><RYUUKYOKU ba="0,0" sc="389,-15,96,15,314,-15,201,15" hai1="12,14,15,20,22,52,55" hai3="9,10,18,23,24,25,26,40,47,48,89,90,91" /><INIT seed="3,1,0,5,4,34" ten="374,111,299,216" oya="3" hai0="56,104,52,122,74,82,69,53,107,25,88,7,106" hai1="115,73,19,91,68,28,16,110,50,127,5,18,14" hai2="24,60,77,8,89,43,135,85,33,1,86,36,22" hai3="45,80,63,15,101,108,123,32,37,31,47,27,134"/><W64/><G123/><T84/><D122/><U67/><E73/><V13/><F135/><W78/><G134/><T46/><D7/><U6/><E110/><V66/><F33/><W112/><G112/><T95/><D69/><U4/><E115/><V38/><F77/><W113/><G113/><T90/><D25/><U35/><E50/><V40/><F1/><W3/><G37/><T9/><D9/><N who="1" m="6223" /><E67/><V126/><F126/><W70/><G108/><T97/><D74/><U21/><E68/><V93/><F85/><W114/><G114/><T75/><D75/><U120/><E91/><V94/><F94/><W30/><G30/><T51/><REACH who="0" step="1"/><D107/><REACH who="0" ten="364,111,299,216" step="2"/><U133/><E120/><V130/><F130/><W62/><G70/><T57/><D57/><U87/><E133/><V44/><F8/><W72/><G72/><T17/><D17/><N who="1" m="6155" /><E127/><V0/><F13/><W10/><G15/><T26/><D26/><N who="1" m="18839" /><E87/><V128/><F86/><W121/><G121/><T61/><AGARI ba="1,1" hai="46,51,52,53,56,61,82,84,88,90,95,97,104,106" machi="61" ten="20,8000,1" yaku="1,1,0,1,7,1,54,2,53,0" doraHai="34" doraHaiUra="39" who="0" fromWho="0" sc="364,93,111,-21,299,-21,216,-41" /><INIT seed="4,0,0,4,1,39" ten="457,90,278,175" oya="0" hai0="106,13,100,54,104,86,77,44,116,6,43,27,95" hai1="88,65,60,85,66,71,42,40,122,125,73,72,33" hai2="111,18,114,107,82,46,115,123,35,31,127,91,120" hai3="129,118,38,110,59,2,14,98,7,89,75,99,0"/><T79/><D116/><U36/><E33/><V4/><F107/><W133/><G75/><T51/><D27/><U21/><E122/><N who="2" m="46635" /><F82/><W20/><G38/><T92/><D106/><U96/><E66/><V134/><F91/><W74/><G59/><T16/><D6/><U78/><E125/><V1/><F46/><W132/><G20/><N who="0" m="11279" /><D54/><U34/><E34/><V90/><F90/><W102/><G7/><T124/><D124/><U30/><E36/><V80/><F80/><W121/><G118/><T112/><D104/><U113/><E96/><V41/><F127/><W67/><G67/><T37/><D37/><U9/><E9/><N who="2" m="2191" /><F41/><N who="1" m="15977" /><E72/><V81/><F81/><W45/><G74/><T53/><D100/><U3/><E3/><V109/><F18/><W28/><G102/><T64/><D64/><U131/><E73/><V126/><F126/><W93/><G0/><T76/><D86/><U10/><E10/><V70/><F70/><W87/><G2/><T61/><D95/><U17/><E78/><V5/><F5/><W47/><G87/><T25/><D92/><N who="1" m="54287" /><E30/><V84/><F84/><W55/><G28/><T117/><D79/><U97/><E97/><V12/><F31/><W23/><G99/><T103/><D76/><U22/><E21/><V56/><F35/><W48/><G98/><T15/><D77/><U11/><E11/><V24/><F111/><W49/><G110/><T19/><D103/><U105/><E105/><V58/><F109/><W52/><G23/><T135/><D117/><U63/><E22/><V50/><F115/><W101/><G101/><T32/><D112/><RYUUKYOKU ba="0,0" sc="457,0,90,0,278,0,175,0" /><INIT seed="5,1,0,2,5,67" ten="457,90,278,175" oya="1" hai0="47,113,10,71,83,45,104,73,86,68,79,120,103" hai1="89,96,55,95,92,75,100,24,114,5,118,119,65" hai2="122,109,23,131,107,27,98,66,58,81,9,117,56" hai3="53,11,38,17,20,76,126,78,41,101,132,26,19"/><U99/><E5/><V31/><F109/><W28/><G126/><T115/><D86/><U69/><E55/><V59/><F131/><W121/><G121/><T52/><D10/><U51/><E51/><V133/><F133/><W18/><G132/><T82/><D82/><U116/><E75/><V42/><F117/><W80/><G101/><T60/><D103/><U37/><E37/><V33/><F122/><W97/><G97/><T15/><D104/><U102/><E24/><V63/><F42/><W57/><G11/><T84/><D15/><U87/><E114/><N who="0" m="43529" /><D73/><U123/><E123/><V16/><F81/><W124/><G124/><T1/><D1/><U21/><E21/><V127/><F9/><W0/><G0/><T106/><D106/><U72/><E72/><V29/><F127/><W14/><G14/><T46/><D120/><U54/><E54/><V34/><F34/><W128/><G128/><T135/><D135/><U30/><E30/><V111/><F111/><W22/><G22/><T85/><D85/><U125/><E125/><V7/><F7/><W43/><G80/><T61/><D61/><U94/><E119/><V3/><F3/><W50/><G20/><T134/><D134/><U64/><REACH who="1" step="1"/><E64/><REACH who="1" ten="457,80,278,175" step="2"/><V91/><F31/><W32/><G28/><T88/><D52/><U90/><E90/><V44/><F44/><W129/><G129/><T48/><D88/><U4/><E4/><V62/><F66/><W70/><G26/><T40/><D48/><U35/><E35/><V49/><F49/><N who="3" m="30895" /><G32/><T108/><D108/><U36/><E36/><V12/><F91/><RYUUKYOKU ba="1,1" sc="457,-15,80,15,278,15,175,-15" hai1="65,69,87,89,92,94,95,96,99,100,102,116,118" hai2="12,16,23,27,29,33,56,58,59,62,63,98,107" /><INIT seed="5,2,1,4,5,14" ten="442,95,293,160" oya="1" hai0="117,106,101,89,130,134,97,28,70,2,4,128,11" hai1="107,61,120,105,67,53,94,127,18,114,52,119,100" hai2="38,111,98,122,16,110,47,10,25,74,60,118,21" hai3="33,5,43,108,22,32,71,69,133,103,12,115,72"/><U23/><E120/><V6/><F118/><W24/><G108/><T9/><D70/><U75/><E119/><V8/><F122/><W91/><G72/><T31/><D117/><U40/><E75/><V56/><F74/><W17/><G115/><T99/><D134/><U57/><E114/><V44/><F10/><W87/><G133/><T131/><D11/><U129/><E40/><V20/><F98/><W1/><G103/><T64/><D64/><U66/><E127/><V90/><F90/><W135/><G43/><T49/><D49/><U63/><E129/><V82/><F82/><W41/><G41/><T88/><D97/><N who="1" m="59447" /><E105/><V104/><F104/><W123/><G135/><T102/><D102/><U36/><E36/><V55/><F21/><W76/><G76/><T26/><REACH who="0" step="1"/><D28/><REACH who="0" ten="432,95,293,160" step="2"/><U77/><E107/><V30/><F30/><N who="3" m="19527" /><G123/><T81/><D81/><U109/><E109/><V93/><F38/><W65/><G65/><N who="1" m="24586" /><E77/><V126/><F126/><W15/><G69/><T83/><D83/><U132/><E132/><V37/><F37/><W73/><G71/><T58/><D58/><N who="1" m="35015" /><E23/><AGARI ba="2,2" hai="2,4,9,23,26,31,88,89,99,101,106,128,130,131" machi="23" ten="40,5200,0" yaku="1,1,19,1,54,1,53,0" doraHai="14" doraHaiUra="121" who="0" fromWho="1" sc="432,78,95,-58,293,0,160,0" /><INIT seed="6,0,0,0,5,97" ten="510,37,293,160" oya="2" hai0="128,16,75,30,101,103,98,58,7,62,76,51,43" hai1="3,13,113,66,10,25,96,73,120,29,45,84,24" hai2="112,91,83,32,130,11,118,135,117,107,129,26,109" hai3="132,6,5,78,106,85,89,39,23,47,64,33,126"/><V114/><F32/><W86/><G106/><T68/><BYE who="1" /><D68/><U2/><E2/><V87/><F26/><W104/><G104/><T95/><D75/><U99/><E99/><V92/><F11/><W57/><G33/><T34/><D76/><U133/><E133/><V28/><F28/><W81/><G126/><T115/><D34/><U35/><E35/><V63/><F63/><N who="3" m="37999" /><G39/><T90/><D7/><U111/><E111/><V80/><F107/><W131/><G131/><N who="2" m="50185" /><F135/><W53/><G23/><T46/><D30/><U116/><E116/><N who="2" m="44651" /><F109/><W94/><G132/><T67/><D128/><U21/><E21/><V72/><F72/><W37/><G37/><T42/><D42/><U65/><E65/><V9/><F9/><W102/><G5/><T122/><D122/><U100/><E100/><N who="0" m="38473" /><D115/><AGARI ba="0,0" hai="80,83,87,91,92,112,114,115" m="44651,50185" machi="115" ten="40,12000,1" yaku="15,1,19,1,34,2" doraHai="97" who="2" fromWho="0" sc="510,-120,37,0,293,120,160,0" /><INIT seed="6,1,0,3,3,109" ten="390,37,413,160" oya="2" hai0="51,22,40,21,10,0,36,15,93,27,44,79,128" hai1="108,38,1,123,111,67,17,29,124,13,24,83,76" hai2="65,113,66,33,121,59,99,30,98,37,96,43,6" hai3="28,16,11,56,7,80,106,68,116,107,62,115,9"/><V95/><F121/><W48/><G68/><T57/><D128/><U2/><E2/><V14/><F37/><W120/><G120/><T64/><D0/><U31/><E31/><V25/><F43/><W19/><G116/><T23/><D79/><U82/><E82/><V72/><F72/><W70/><G70/><T110/><D110/><U69/><E69/><V55/><F113/><W94/><G28/><T97/><D36/><U45/><E45/><V105/><F105/><W122/><G122/><T88/><D57/><U130/><E130/><V49/><REACH who="2" step="1"/><F95/><REACH who="2" ten="390,37,403,160" step="2"/><W77/><G115/><T74/><D74/><U35/><E35/><V92/><F92/><W12/><G94/><T102/><D102/><U54/><E54/><V90/><F90/><W73/><G107/><T103/><D103/><U134/><E134/><V101/><F101/><W47/><G106/><T8/><D64/><U127/><E127/><V84/><F84/><W75/><G75/><T18/><REACH who="0" step="1"/><D8/><AGARI ba="1,1" hai="6,8,14,25,30,33,49,55,59,65,66,96,98,99" machi="8" ten="40,7700,0" yaku="1,1,53,2" doraHai="109" doraHaiUra="63" who="2" fromWho="0" sc="390,-80,37,0,403,90,160,0" /><INIT seed="6,2,0,4,4,26" ten="310,37,493,160" oya="2" hai0="115,5,107,118,70,72,62,38,51,27,24,59,1" hai1="101,119,109,12,25,64,61,52,50,36,91,58,74" hai2="78,2,44,86,93,90,35,124,100,97,120,63,132" hai3="34,73,108,95,4,9,96,39,116,55,121,84,117"/><V92/><F35/><W75/><G108/><T128/><D107/><U56/><E56/><V37/><F2/><W17/><G121/><T112/><D128/><U31/><E31/><V33/><F33/><W106/><G39/><T23/><D38/><U21/><E21/><V7/><F7/><W47/><G106/><T94/><D72/><U127/><E127/><V135/><F120/><W131/><G34/><T40/><D70/><U6/><E6/><V32/><F32/><W110/><G131/><T129/><D129/><U8/><E8/><V89/><F63/><W29/><G110/><T54/><D1/><U0/><E0/><V10/><F10/><W46/><G84/><T49/><D5/><U41/><E41/><V20/><F20/><W126/><G126/><T114/><D118/><U60/><E60/><V13/><F13/><W30/><G55/><T57/><D57/><U11/><E11/><V16/><F44/><W99/><G9/><T77/><D77/><U71/><E71/><V15/><F37/><W133/><G4/><T134/><D134/><N who="2" m="51242" /><F124/><W28/><G133/><T98/><D40/><U43/><E43/><V81/><F16/><W103/><G17/><N who="0" m="12399" /><D27/><U66/><E66/><V3/><F15/><W79/><G117/><T105/><D105/><U83/><E83/><V88/><F3/><W45/><G116/><T67/><D67/><U69/><E69/><V87/><AGARI ba="2,0" hai="78,81,86,87,88,89,90,92,93,97,100" m="51242" machi="87" ten="30,11700,0" yaku="20,1,34,2,54,1" doraHai="26" who="2" fromWho="2" sc="310,-41,37,-41,493,123,160,-41" owari="269,7.0,-4,-50.0,616,71.0,119,-28.0" /></mjloggm>