<mjloggm ver="2.3"><GO type="193" lobby="0"/><UN n0="%E3%81%A9%E3%81%A7%E3%81%99%E3%82%93" n1="%75%6E%69%76%65%32%30" n2="%54%75%6B%69%6F%59%61%6F" n3="%E3%83%88%E3%83%88%E3%83%AA%E5%85%88%E7%94%9F%31%39%E6%AD%B3" dan="12,14,11,12" rate="1957.69,1815.54,1422.70,1871.58" sx="M,M,M,F"/><TAIKYOKU oya="0"/><INIT seed="0,0,0,4,5,113" ten="250,250,250,250" oya="0" hai0="44,73,0,28,117,14,127,74,15,52,108,105,29" hai1="101,107,25,66,24,80,1,9,18,85,135,83,49" hai2="41,131,115,119,10,53,26,36,38,56,130,75,122" hai3="112,57,59,34,70,8,11,17,3,82,118,33,62"/><T95/><D105/><U88/><E135/><V114/><F75/><W81/><G70/><T37/><D0/><U89/><E66/><V123/><F26/><W120/><G112/><N who="2" m="43049" /><F10/><W102/><G102/><T64/><D64/><U116/><E107/><V16/><F41/><W7/><G120/><N who="2" m="46121" /><F16/><W51/><G51/><T97/><D127/><U99/><E1/><V39/><F56/><W13/><G17/><T69/><D69/><U50/><E101/><V23/><F23/><W90/><G3/><T27/><D37/><N who="2" m="9474" /><V19/><DORA hai="94" /><F19/><W133/><G13/><T43/><D43/><U79/><E99/><V31/><F31/><W5/><G62/><T35/><D29/><U55/><E50/><V111/><F53/><W54/><G54/><T12/><D44/><U45/><E83/><V106/><F106/><W22/><G22/><T134/><D52/><U6/><E18/><V93/><F93/><W132/><G90/><T76/><D76/><U91/><REACH who="1" step="1"/><E116/><AGARI ba="0,0" hai="5,7,8,11,33,34,57,59,81,82,116,118,132,133" machi="116" ten="25,6400,0" yaku="22,2,52,2" doraHai="113,94" who="3" fromWho="1" sc="250,0,250,-64,250,0,250,64" /><INIT seed="1,0,0,4,5,31" ten="250,186,250,314" oya="1" hai0="100,102,59,61,84,34,120,132,72,41,12,27,0" hai1="32,15,112,65,47,97,105,93,44,62,26,18,5" hai2="24,82,94,88,108,64,103,117,2,90,33,129,111" hai3="130,53,29,69,3,113,104,46,45,110,134,60,114"/><U115/><E105/><V52/><F2/><W35/><G104/><T40/><D72/><U30/><E5/><V123/><F123/><W63/><G3/><T39/><D0/><U87/><E87/><N who="2" m="50295" /><F117/><W70/><G29/><T13/><D120/><U124/><E124/><V118/><F118/><W75/><G75/><T106/><D132/><U68/><E115/><V48/><F64/><W22/><G22/><T56/><D39/><U74/><E74/><V55/><F129/><W135/><G35/><T101/><D106/><U1/><E1/><V38/><F38/><W96/><G96/><T80/><D56/><U10/><REACH who="1" step="1"/><E112/><REACH who="1" ten="250,176,250,314" step="2"/><V76/><F103/><AGARI ba="0,1" hai="10,15,18,26,30,32,44,47,62,65,68,93,97,103" machi="103" ten="30,12000,1" yaku="1,1,2,1,7,1,52,1,53,1" doraHai="31" doraHaiUra="14" who="1" fromWho="2" sc="250,0,176,130,250,-120,314,0" /><INIT seed="1,1,0,4,2,45" ten="250,306,130,314" oya="1" hai0="74,48,105,100,41,46,47,13,109,50,25,91,76" hai1="15,87,8,72,9,102,20,12,82,71,92,110,56" hai2="106,108,130,30,131,64,49,127,32,17,119,5,67" hai3="28,39,112,96,121,11,111,95,4,104,75,84,107"/><U62/><E72/><V22/><F106/><W59/><G112/><T1/><D1/><U33/><E33/><V38/><F38/><W16/><G75/><T3/><D3/><U132/><E71/><V99/><F119/><W23/><G121/><T60/><D105/><U114/><E114/><V135/><F49/><W68/><G68/><T6/><D100/><U10/><E132/><V77/><F77/><W51/><G39/><T24/><D74/><U86/><E20/><V122/><F99/><W73/><G73/><T2/><D2/><U31/><E31/><V124/><F67/><W118/><G118/><T44/><D76/><U53/><E110/><V83/><F64/><W93/><G28/><T69/><D109/><U85/><E82/><V125/><F83/><W123/><G123/><T70/><D91/><U40/><E40/><V103/><F103/><N who="3" m="60831" /><G4/><T115/><D115/><U29/><E29/><V55/><F55/><N who="3" m="32255" /><G11/><T35/><D35/><U116/><E116/><V81/><F81/><W90/><G111/><T117/><D117/><U97/><AGARI ba="1,0" hai="8,9,10,12,15,53,56,62,85,86,87,92,97,102" machi="97" ten="40,3900,0" yaku="0,1,8,1" doraHai="45" who="1" fromWho="1" sc="250,-14,306,42,130,-14,314,-14" /><INIT seed="1,2,0,2,0,108" ten="236,348,116,300" oya="1" hai0="101,11,111,78,87,57,93,45,14,69,42,75,25" hai1="3,67,71,125,83,15,104,64,98,7,79,94,82" hai2="1,121,47,39,17,35,110,31,135,20,131,59,6" hai3="66,81,134,99,22,129,113,33,4,102,30,34,55"/><U53/><E3/><V124/><F39/><W70/><G129/><T24/><D69/><U127/><E104/><V54/><F47/><W63/><G134/><T119/><D75/><U112/><E53/><V80/><F54/><W40/><G113/><T130/><D111/><U23/><E112/><V65/><F59/><W120/><G120/><T103/><D130/><U2/><E2/><V28/><F65/><N who="1" m="25161" /><E71/><V76/><F80/><W133/><G133/><T77/><D119/><U37/><E37/><V91/><F76/><W21/><G4/><T48/><D78/><U62/><E62/><V60/><F91/><W9/><G9/><T19/><D57/><U27/><E15/><N who="2" m="9279" /><F60/><W116/><G116/><T132/><D132/><U109/><E7/><V5/><F110/><W43/><G34/><T123/><D123/><U88/><E79/><V29/><F121/><W106/><G81/><T128/><D128/><U84/><E98/><V86/><F135/><W44/><G55/><T32/><D32/><U56/><E56/><V96/><F35/><W92/><G92/><T107/><D107/><U100/><E100/><V117/><F86/><W49/><G43/><T85/><D85/><U73/><E73/><V13/><F96/><W95/><G95/><T118/><D118/><U46/><E46/><V16/><F131/><W8/><G33/><T89/><D77/><U90/><E109/><V74/><F74/><W36/><G36/><T52/><D42/><U26/><E94/><V12/><F117/><W51/><G40/><T72/><D72/><U50/><E83/><V38/><F124/><RYUUKYOKU ba="2,0" sc="236,30,348,-10,116,-10,300,-10" hai0="11,14,19,24,25,45,48,52,87,89,93,101,103" /><INIT seed="2,3,0,5,2,105" ten="266,338,106,290" oya="2" hai0="94,121,16,104,123,11,95,18,64,111,92,34,75" hai1="118,46,31,60,40,108,128,85,2,42,113,84,10" hai2="110,50,29,9,132,38,70,82,59,102,15,135,114" hai3="130,61,83,14,69,88,81,126,125,67,93,4,19"/><V27/><F114/><W30/><G30/><T120/><D104/><U134/><E113/><V21/><F70/><W127/><G4/><T20/><D34/><U5/><E118/><V43/><F102/><W24/><G24/><T13/><D64/><U98/><E31/><V25/><F38/><W133/><G133/><N who="2" m="51273" /><F82/><W1/><G1/><T78/><D111/><U119/><E108/><V68/><F110/><W77/><G77/><T36/><D36/><U17/><E119/><V109/><F109/><W79/><G79/><T90/><D90/><U12/><E134/><V73/><F68/><W22/><REACH who="3" step="1"/><G130/><REACH who="3" ten="266,338,106,280" step="2"/><T57/><D78/><U63/><E128/><V80/><F73/><W51/><G51/><T26/><REACH who="0" step="1"/><D57/><REACH who="0" ten="256,338,106,280" step="2"/><U87/><E2/><V74/><F59/><W37/><G37/><T86/><D86/><AGARI ba="3,2" hai="14,19,22,61,67,69,81,83,86,88,93,125,126,127" machi="86" ten="40,5200,0" yaku="1,1,18,1,54,1,53,0" doraHai="105" doraHaiUra="49" who="3" fromWho="0" sc="256,-61,338,0,106,0,280,81" /><INIT seed="3,0,0,5,5,18" ten="195,338,106,361" oya="3" hai0="27,7,67,119,25,15,12,65,46,40,86,48,24" hai1="87,133,5,99,113,14,28,59,76,135,128,122,96" hai2="95,11,36,41,126,73,16,57,107,17,129,72,10" hai3="117,120,88,55,91,39,125,131,43,94,38,108,90"/><W60/><G117/><T53/><D119/><U32/><E122/><V124/><F107/><W89/><G120/><T62/><D7/><U93/><E113/><V45/><F57/><N who="3" m="34879" /><G39/><T69/><D67/><U100/><E32/><V79/><F95/><W105/><G105/><T21/><D86/><U51/><E28/><V81/><F73/><W106/><G106/><T68/><D68/><U22/><E128/><V9/><F129/><W3/><G3/><T78/><D78/><U20/><E14/><V64/><F64/><W103/><G131/><T121/><D121/><U85/><E5/><V54/><F54/><W130/><G130/><T114/><D114/><U109/><E109/><V101/><F101/><W0/><G0/><T31/><D40/><U35/><E35/><V6/><F9/><W71/><G71/><T115/><D115/><U30/><E30/><V13/><F10/><W132/><G132/><N who="1" m="50762" /><E99/><V82/><F82/><W50/><G38/><T97/><D97/><U104/><E104/><V56/><F56/><W2/><G2/><T42/><D42/><U111/><E111/><V127/><AGARI ba="0,0" hai="6,11,13,16,17,36,41,45,72,79,81,124,126,127" machi="127" ten="30,4000,0" yaku="0,1,18,1,54,1" doraHai="18" who="2" fromWho="2" sc="195,-10,338,-10,106,40,361,-20" owari="185,-21.0,328,13.0,146,-35.0,341,43.0" /></mjloggm>