<mjloggm ver="2.3"><GO type="225" lobby="0"/><UN n0="%E3%83%88%E3%83%88%E3%83%AA%E5%85%88%E7%94%9F%31%39%E6%AD%B3" n1="%6B%65%6E%6B%65%6E%32" n2="%E5%A5%B3%E3%81%AA%E3%81%AE%E3%81%82%E3%81%8C%E3%82%89%E3%81%9B%E3%81%A6" n3="%E3%83%A1%E3%82%AD%E3%83%AD%E3%82%B9" dan="18,16,16,16" rate="2264.95,2180.79,2074.83,2038.65" sx="F,M,F,M"/><TAIKYOKU oya="0"/><INIT seed="0,0,0,4,1,63" ten="250,250,250,250" oya="0" hai0="126,66,102,33,86,55,10,62,16,88,117,84,104" hai1="5,69,82,114,100,131,7,47,105,99,130,80,26" hai2="106,15,77,115,94,96,128,74,65,58,49,1,56" hai3="97,39,32,70,57,125,73,78,3,44,75,135,54"/><T107/><D117/><U38/><E69/><V37/><F37/><W23/><G32/><T45/><D33/><U34/><E114/><V41/><F1/><W24/><G70/><T123/><D123/><U17/><E38/><V118/><F106/><W42/><G3/><T79/><D126/><U35/><E47/><N who="2" m="25839" /><F74/><W2/><G2/><T46/><D84/><U72/><E34/><V29/><F29/><W9/><G125/><T122/><D79/><N who="1" m="44135" /><E82/><V12/><F128/><N who="1" m="49193" /><E17/><V53/><F77/><W129/><G135/><T111/><D111/><U60/><E60/><N who="2" m="38039" /><F115/><W120/><G78/><T87/><D122/><U40/><E40/><V61/><F118/><W90/><G120/><T112/><D112/><U25/><E25/><V4/><F4/><W95/><G129/><T108/><D108/><U76/><E76/><V98/><F98/><W14/><G24/><T101/><D87/><U0/><E0/><V8/><F8/><W109/><G109/><T134/><D134/><U67/><E67/><V21/><F21/><W132/><G23/><T133/><D133/><U121/><E121/><V116/><F116/><W119/><G132/><T89/><D86/><U36/><E36/><V28/><F28/><AGARI ba="0,0" hai="5,7,26,28,35,99,100,105" m="49193,44135" machi="28" ten="30,1000,0" yaku="19,1" doraHai="63" who="1" fromWho="2" sc="250,0,250,10,250,-10,250,0" /><INIT seed="1,0,0,0,2,30" ten="250,260,240,250" oya="1" hai0="119,7,104,20,129,97,83,11,87,74,133,89,124" hai1="109,102,117,35,96,14,19,68,6,58,1,22,55" hai2="23,10,132,115,98,52,44,65,43,130,67,42,47" hai3="127,121,53,79,62,131,25,56,84,135,110,38,24"/><U4/><E68/><V123/><F123/><W80/><G121/><T17/><D119/><U60/><E117/><V59/><F130/><W113/><G113/><T118/><D118/><U32/><E109/><V51/><F132/><W114/><G114/><T73/><D129/><U49/><E1/><V41/><F115/><W86/><G131/><T76/><D133/><U9/><E4/><V5/><F23/><W16/><G135/><T99/><D124/><U120/><E120/><V33/><F33/><W39/><G127/><T70/><D70/><U27/><REACH who="1" step="1"/><E60/><REACH who="1" ten="250,250,240,250" step="2"/><V107/><F107/><AGARI ba="0,1" hai="6,9,14,19,22,27,32,35,49,55,58,96,102,107" machi="107" ten="30,12000,1" yaku="1,1,2,1,7,1,52,2,53,0" doraHai="30" doraHaiUra="105" who="1" fromWho="2" sc="250,0,250,130,240,-120,250,0" /><INIT seed="1,1,0,0,0,72" ten="250,380,120,250" oya="1" hai0="49,99,106,98,78,56,46,42,4,59,77,8,45" hai1="110,55,128,27,61,16,6,21,115,108,37,73,25" hai2="83,101,2,62,44,86,102,121,33,58,30,129,133" hai3="3,18,96,80,23,105,107,39,24,135,64,131,104"/><U52/><E37/><V75/><F121/><W127/><G3/><T111/><D111/><N who="1" m="42539" /><E115/><V1/><F129/><W109/><G109/><T26/><D26/><U103/><E128/><V85/><F133/><W36/><G131/><T47/><D42/><U20/><E73/><V43/><F75/><W118/><G127/><T130/><D130/><U88/><E103/><V82/><F33/><W132/><G64/><T74/><D74/><U124/><E124/><V9/><F30/><W84/><G96/><N who="0" m="36907" /><D106/><U12/><E88/><N who="2" m="51255" /><F2/><W38/><REACH who="3" step="1"/><G118/><REACH who="3" ten="250,380,120,240" step="2"/><T14/><D49/><U90/><E90/><AGARI ba="1,1" hai="18,23,24,36,38,39,80,84,90,104,105,107,132,135" machi="90" ten="50,3200,0" yaku="1,1,2,1,53,0" doraHai="72" doraHaiUra="67" who="3" fromWho="1" sc="250,0,380,-35,120,0,240,45" /><INIT seed="2,0,0,1,4,67" ten="250,345,120,285" oya="2" hai0="73,20,38,64,112,7,115,69,70,100,39,99,89" hai1="36,79,109,116,59,90,106,54,135,49,95,25,83" hai2="127,29,41,24,12,10,132,75,86,122,108,93,57" hai3="40,53,50,61,114,9,60,76,15,118,22,87,31"/><V123/><F75/><W74/><G74/><T94/><D73/><U98/><E106/><V44/><F132/><W80/><G118/><T124/><D124/><U121/><E121/><V131/><F127/><W27/><G40/><T5/><D64/><U77/><E116/><V130/><F108/><W128/><G128/><N who="2" m="49193" /><F57/><N who="3" m="32951" /><G114/><T84/><D112/><U26/><E36/><N who="2" m="21543" /><F86/><W42/><G42/><T23/><D115/><U117/><E117/><V78/><F93/><W3/><G3/><T35/><D35/><U43/><E109/><V28/><F78/><W18/><AGARI ba="0,0" hai="9,15,18,22,27,31,60,61,76,80,87" m="32951" machi="18" ten="30,1100,0" yaku="8,1" doraHai="67" who="3" fromWho="3" sc="250,-3,345,-3,120,-5,285,11" /><INIT seed="3,0,0,3,3,91" ten="247,342,115,296" oya="3" hai0="21,34,60,45,113,78,97,32,20,63,53,8,31" hai1="51,41,111,130,23,66,24,57,27,4,84,117,85" hai2="112,132,28,18,65,61,0,102,127,14,124,37,88" hai3="83,93,39,11,54,55,98,30,94,90,69,6,121"/><W59/><G69/><T16/><D113/><U82/><E111/><V68/><F37/><W29/><G39/><T48/><D78/><U87/><E130/><V74/><F112/><W114/><G114/><T104/><D34/><U128/><E128/><V13/><F0/><W52/><G83/><T108/><D108/><U42/><E117/><V70/><F74/><W118/><G121/><T105/><D32/><U131/><E131/><V133/><F102/><W92/><G118/><T46/><D8/><U40/><E4/><V35/><F35/><W119/><G119/><T36/><D31/><N who="3" m="11785" /><G59/><T7/><D21/><U44/><E82/><V3/><F28/><W15/><AGARI ba="0,0" hai="6,11,15,52,54,55,90,92,93,94,98" m="11785" machi="15" ten="30,12000,1" yaku="8,1,52,3,54,1" doraHai="91" who="3" fromWho="3" sc="247,-40,342,-40,115,-40,296,120" owari="207,-19.0,302,10.0,75,-42.0,416,51.0" /></mjloggm>