<mjloggm ver="2.3"><GO type="169" lobby="0"/><UN n0="%E3%83%8F%E3%83%AA%E3%83%9C%E3%83%86%E5%A4%A7%E5%B0%86" n1="%E3%82%A6%E3%83%AB%E3%83%88%E3%83%A9%E7%AB%8B%E7%9B%B4" n2="%74%75%75%6B%61%69%33" n3="%E9%9B%80%E6%97%A5%E9%80%A3%E7%99%BD%E6%B3%A2%E7%80%AC" dan="16,17,17,17" rate="2117.29,2155.44,2231.43,2174.83" sx="M,M,M,M"/><TAIKYOKU oya="0"/><INIT seed="0,0,0,3,3,5" ten="250,250,250,250" oya="0" hai0="134,73,107,44,135,102,2,29,133,67,91,98,77" hai1="17,13,119,52,92,11,75,118,49,56,19,74,72" hai2="33,35,57,43,79,110,87,80,48,12,76,90,109" hai3="88,69,42,0,59,46,18,55,54,130,14,37,16"/><T39/><D67/><U58/><E92/><V45/><F57/><W63/><G0/><T25/><D2/><U23/><REACH who="1" step="1"/><E58/><REACH who="1" ten="250,240,250,250" step="2"/><V115/><F115/><W95/><G69/><T99/><D135/><U96/><E96/><V62/><F110/><W27/><G130/><T38/><D134/><U129/><E129/><V47/><F109/><W7/><G27/><AGARI ba="0,1" hai="11,13,17,19,23,27,49,52,56,72,74,75,118,119" machi="27" ten="40,8000,1" yaku="1,1,52,1,54,1,53,2" doraHai="5" doraHaiUra="112" who="1" fromWho="3" sc="250,0,240,90,250,0,250,-80" /><INIT seed="1,0,0,4,1,47" ten="250,330,250,170" oya="1" hai0="52,49,129,32,13,38,36,82,104,0,17,76,60" hai1="33,71,94,28,96,45,48,41,108,53,7,73,66" hai2="14,19,9,90,83,77,95,74,110,46,97,67,2" hai3="79,115,125,11,35,6,102,100,22,42,128,101,70"/><U21/><E73/><V105/><F110/><W120/><G35/><T61/><D0/><U62/><E108/><V99/><F2/><W98/><G120/><T29/><D104/><U4/><E33/><V8/><F67/><W131/><G70/><T78/><D29/><U3/><E3/><V65/><F65/><W134/><G115/><T89/><D89/><U69/><E69/><V106/><F97/><W87/><G125/><T111/><D32/><U91/><REACH who="1" step="1"/><E41/><REACH who="1" ten="250,320,250,170" step="2"/><V54/><F8/><W51/><G131/><T85/><D111/><U57/><E57/><V84/><F74/><W124/><G128/><T116/><D129/><U10/><E10/><V132/><F132/><W126/><G134/><T88/><D116/><U58/><E58/><V86/><F99/><W75/><G75/><T81/><D38/><U123/><E123/><V119/><F119/><W103/><G126/><T26/><D36/><U39/><E39/><V5/><F5/><W15/><G124/><T107/><D85/><U63/><E63/><V40/><F54/><W117/><G117/><T112/><D52/><U68/><E68/><V24/><F24/><AGARI ba="0,1" hai="4,7,21,24,28,45,48,53,62,66,71,91,94,96" machi="24" ten="40,3900,0" yaku="1,1,52,1,53,0" doraHai="47" doraHaiUra="113" who="1" fromWho="2" sc="250,0,320,49,250,-39,170,0" /><INIT seed="1,1,0,2,3,62" ten="250,369,211,170" oya="1" hai0="17,115,56,47,86,51,63,35,106,129,89,50,123" hai1="10,64,75,7,93,113,1,9,74,28,111,16,37" hai2="45,77,122,118,31,30,116,6,109,82,101,76,124" hai3="25,120,80,57,58,48,29,27,105,99,44,32,55"/><U67/><E37/><V121/><F6/><W127/><G120/><N who="2" m="46185" /><F45/><W103/><G127/><T66/><D35/><U42/><E113/><V24/><F24/><W71/><G71/><T94/><D115/><U60/><E111/><V79/><F30/><W19/><G80/><T95/><D106/><U39/><E28/><V36/><F31/><W18/><G27/><T46/><D129/><U33/><E33/><V53/><F53/><W5/><G5/><T22/><D95/><U125/><E125/><V119/><F36/><W114/><G114/><T40/><D123/><U3/><E3/><V135/><F124/><W81/><G81/><T12/><REACH who="0" step="1"/><D46/><REACH who="0" ten="240,369,211,170" step="2"/><U26/><E1/><V59/><F116/><W98/><G44/><T72/><D72/><U54/><E75/><V0/><F118/><W126/><G126/><T38/><AGARI ba="1,1" hai="12,17,22,38,40,47,50,51,56,63,66,86,89,94" machi="38" ten="20,5200,0" yaku="1,1,0,1,7,1,52,1,53,0" doraHai="62" doraHaiUra="104" who="0" fromWho="0" sc="240,65,369,-27,211,-14,170,-14" /><INIT seed="2,0,0,5,3,16" ten="305,342,197,156" oya="2" hai0="114,1,105,9,92,7,19,127,76,108,28,34,88" hai1="41,38,99,50,68,94,87,120,96,26,44,40,5" hai2="113,130,22,64,86,70,52,63,3,67,79,39,17" hai3="47,18,37,58,4,25,15,75,51,55,24,97,45"/><V93/><F113/><W23/><G75/><T8/><D105/><U11/><E120/><V117/><F117/><W29/><G4/><T133/><D76/><U125/><E125/><V132/><F130/><W36/><G36/><T112/><D127/><U60/><E40/><V54/><F3/><W62/><G37/><T84/><D108/><U124/><E124/><V80/><F132/><W111/><G111/><T31/><D133/><U74/><E74/><V115/><F115/><W91/><G45/><T116/><D31/><U73/><E73/><V61/><F93/><N who="3" m="56511" /><G29/><T128/><D128/><U85/><E99/><V43/><F43/><AGARI ba="0,0" hai="15,18,23,24,25,43,47,51,55,58,62" m="56511" machi="43" ten="30,2000,0" yaku="8,1,52,1" doraHai="16" who="3" fromWho="2" sc="305,0,342,0,197,-20,156,20" /><INIT seed="3,0,0,5,5,90" ten="305,342,177,176" oya="3" hai0="16,117,81,26,48,91,87,20,82,51,62,115,13" hai1="49,122,24,119,108,35,0,19,40,127,79,27,130" hai2="22,133,28,118,128,10,106,72,36,9,2,52,83" hai3="7,73,65,98,34,80,46,96,61,8,42,23,125"/><W129/><G34/><T21/><D117/><U30/><E0/><V45/><F118/><W134/><G129/><T5/><D115/><U104/><E104/><V57/><F133/><W41/><G134/><T55/><D5/><U84/><E119/><V124/><F128/><W37/><G125/><T76/><D62/><U43/><E127/><V56/><F124/><W66/><G42/><T120/><D120/><U101/><E108/><V86/><F106/><W3/><G23/><T44/><D51/><U31/><E101/><V6/><F72/><W92/><G98/><T50/><D50/><U4/><E4/><V111/><F111/><W12/><G61/><T67/><D67/><U14/><E49/><V97/><F97/><W99/><G12/><T94/><REACH who="0" step="1"/><D76/><REACH who="0" ten="295,342,177,176" step="2"/><U105/><E122/><V116/><F116/><W88/><G99/><T11/><D11/><U64/><E64/><V54/><F9/><W112/><G112/><T89/><D89/><U47/><E79/><AGARI ba="0,1" hai="3,7,8,37,41,46,65,66,73,79,80,88,92,96" machi="79" ten="40,12000,1" yaku="25,2,52,1,54,1" doraHai="90" who="3" fromWho="1" sc="295,0,342,-120,177,0,176,130" /><INIT seed="3,1,0,0,5,99" ten="295,222,177,306" oya="3" hai0="15,39,88,83,41,115,117,65,33,133,36,131,102" hai1="21,68,78,12,40,25,4,97,80,35,110,55,54" hai2="24,18,118,14,125,67,59,76,120,53,23,44,98" hai3="51,92,91,56,6,11,75,16,72,85,8,10,107"/><W109/><G107/><T48/><D117/><U30/><E110/><V93/><F118/><W34/><G34/><T46/><D33/><U130/><E130/><V123/><F125/><W104/><G104/><T1/><D1/><U31/><E68/><V61/><F76/><W86/><G109/><T66/><D102/><U32/><E40/><V69/><F44/><W77/><G6/><T96/><D131/><U45/><E45/><V57/><F14/><N who="3" m="7239" /><G75/><T127/><D127/><U124/><E124/><V94/><F94/><W28/><G28/><T70/><D70/><U2/><E31/><V132/><F132/><W122/><G72/><T112/><D133/><U22/><E35/><V84/><F84/><W26/><G26/><T19/><D39/><U20/><E2/><V47/><F47/><W89/><G77/><T27/><D36/><U134/><E134/><V81/><F81/><N who="3" m="49327" /><G122/><N who="2" m="46633" /><F53/><AGARI ba="1,0" hai="10,11,51,53,56,86,91,92" m="49327,7239" machi="53" ten="30,2900,0" yaku="8,1,54,1" doraHai="99" who="3" fromWho="2" sc="295,0,222,0,177,-32,306,32" /><INIT seed="3,2,0,0,4,103" ten="295,222,145,338" oya="3" hai0="17,1,31,64,110,21,130,7,81,128,93,14,43" hai1="90,42,50,117,37,92,87,97,28,30,39,25,122" hai2="124,82,100,91,106,113,18,51,19,86,66,102,133" hai3="0,47,89,16,8,109,111,46,67,15,108,77,26"/><W121/><G77/><T115/><D64/><U72/><E72/><V58/><F113/><W85/><G121/><T59/><D81/><U135/><E122/><V107/><F133/><W5/><G26/><N who="0" m="16847" /><D43/><U34/><E135/><V22/><F124/><W57/><G57/><T65/><D93/><U62/><E117/><V32/><F32/><W99/><G99/><T112/><D59/><U33/><E62/><V134/><F134/><W55/><G67/><T79/><D79/><U4/><E4/><V75/><F75/><W6/><G55/><T2/><D65/><U123/><E123/><V127/><F127/><W129/><G129/><N who="0" m="49771" /><D110/><U56/><E87/><V84/><F84/><W80/><G5/><T105/><D105/><U118/><E118/><V9/><F9/><AGARI ba="2,0" hai="0,6,8,9,15,16,46,47,80,85,89,108,109,111" machi="9" ten="40,7700,0" yaku="14,1,10,1,54,1" doraHai="103" who="3" fromWho="2" sc="295,0,222,0,145,-83,338,83" /><INIT seed="3,3,0,0,2,14" ten="295,222,62,421" oya="3" hai0="17,92,10,64,112,28,13,53,82,127,52,24,46" hai1="49,115,90,63,129,118,42,97,76,12,56,121,135" hai2="108,73,0,50,59,45,20,29,33,48,107,8,93" hai3="69,58,102,80,35,67,43,134,68,61,105,57,72"/><W75/><G43/><T119/><D119/><U71/><E121/><V19/><F107/><W109/><G134/><T60/><D92/><U133/><E115/><V110/><F73/><W51/><G35/><T23/><D127/><U3/><E3/><V117/><F117/><W2/><G2/><T124/><D124/><U114/><E114/><V66/><F93/><W96/><G109/><N who="2" m="42089" /><F66/><W88/><G51/><T79/><D46/><U132/><E118/><V44/><F59/><W99/><G58/><T91/><D91/><U34/><E71/><V26/><F44/><W85/><REACH who="3" step="1"/><G99/><REACH who="3" ten="295,222,62,411" step="2"/><T98/><D98/><U36/><E97/><V128/><F128/><W77/><G77/><T116/><D116/><U111/><E129/><V62/><F62/><W81/><G81/><T22/><D112/><U40/><E63/><V32/><F50/><W41/><G41/><T126/><D126/><U25/><E49/><V9/><F0/><W74/><AGARI ba="3,1" hai="57,61,67,68,69,72,74,75,80,85,88,96,102,105" machi="74" ten="30,6000,0" yaku="1,1,0,1,54,1,53,0" doraHai="14" doraHaiUra="27" who="3" fromWho="3" sc="295,-23,222,-23,62,-23,411,79" /><INIT seed="3,4,0,1,3,21" ten="272,199,39,490" oya="3" hai0="62,27,105,11,113,9,116,91,42,37,24,80,118" hai1="53,59,111,34,0,38,64,101,66,107,115,128,122" hai2="78,134,92,70,90,20,87,82,5,125,61,76,135" hai3="88,84,1,100,6,73,121,56,97,22,32,71,54"/><W98/><G32/><T94/><D105/><U58/><E101/><V117/><F5/><W89/><G71/><T36/><D80/><U7/><E7/><V15/><F61/><W13/><G1/><T119/><D62/><U60/><E60/><V79/><F70/><W103/><G73/><T81/><D81/><U14/><E14/><V51/><F51/><N who="3" m="30815" /><G121/><T120/><D120/><U133/><E53/><V3/><F3/><W132/><G89/><T26/><D113/><U99/><E99/><N who="3" m="37898" /><G132/><N who="2" m="50729" /><F15/><W52/><G52/><T75/><D75/><U46/><E59/><V67/><F67/><W50/><G50/><T44/><REACH who="0" step="1"/><D37/><REACH who="0" ten="262,199,39,490" step="2"/><U129/><E38/><V45/><F117/><W130/><G103/><T106/><D106/><U35/><E107/><V104/><F104/><W126/><G100/><T29/><D29/><U30/><E30/><V39/><F39/><W127/><G127/><T85/><AGARI ba="4,1" hai="9,11,24,26,27,36,42,44,85,91,94,116,118,119" machi="85" ten="40,8000,1" yaku="1,1,0,1,52,3,53,0" doraHai="21" doraHaiUra="72" who="0" fromWho="0" sc="262,102,199,-24,39,-24,490,-44" /><INIT seed="4,0,0,3,0,11" ten="364,175,15,446" oya="0" hai0="82,42,52,9,53,48,88,89,110,115,19,71,27" hai1="100,83,69,73,49,87,51,94,102,17,28,93,16" hai2="108,63,104,130,107,47,3,121,105,37,39,13,1" hai3="32,116,113,22,92,122,76,131,35,55,103,20,40"/><T67/><D115/><U33/><E69/><V21/><F63/><W117/><G113/><T4/><D42/><U81/><E33/><V26/><F121/><W12/><G40/><T95/><D110/><U124/><E28/><V24/><F108/><W23/><G122/><T5/><D71/><U25/><E25/><V46/><F130/><W34/><G76/><T90/><D67/><U70/><E70/><V74/><F74/><W58/><G131/><T44/><D82/><U61/><E61/><V114/><F114/><W62/><G103/><T112/><D112/><U56/><E56/><V119/><F119/><W135/><G92/><T30/><D30/><U111/><E111/><V132/><F132/><W84/><G84/><N who="0" m="52615" /><D53/><U129/><E87/><V96/><F96/><W2/><G2/><T38/><D38/><U36/><E129/><V120/><F120/><W109/><G109/><T6/><D27/><U127/><REACH who="1" step="1"/><E36/><REACH who="1" ten="364,165,15,446" step="2"/><V8/><F37/><W54/><G135/><T99/><D99/><U123/><E123/><V15/><F39/><W126/><G117/><T91/><D91/><U97/><E97/><V125/><F125/><W79/><G116/><T77/><D77/><U57/><E57/><V101/><F107/><W14/><G126/><T106/><D106/><U75/><AGARI ba="0,1" hai="16,17,49,51,73,75,81,83,93,94,100,102,124,127" machi="75" ten="25,8000,1" yaku="1,1,0,1,22,2,54,1,53,0" doraHai="11" doraHaiUra="43" who="1" fromWho="1" sc="364,-40,165,90,15,-20,446,-20" owari="324,12.0,255,-14.0,-5,-51.0,426,53.0" /></mjloggm>