<mjloggm ver="2.3"><GO type="169" lobby="0"/><UN n0="%6D%61%67%61%72%69" n1="%4E%65%6B%74%61%72" n2="%6E%69%73%61%6E%67%61%72" n3="%E3%82%A6%E3%83%AB%E3%83%88%E3%83%A9%E7%AB%8B%E7%9B%B4" dan="16,16,16,18" rate="2073.43,2161.38,2138.82,2220.24" sx="M,M,F,M"/><TAIKYOKU oya="0"/><INIT seed="0,0,0,0,3,4" ten="250,250,250,250" oya="0" hai0="114,58,74,125,92,78,77,45,48,24,13,124,135" hai1="85,69,133,65,104,29,59,62,53,126,37,99,41" hai2="61,98,3,87,27,76,82,2,73,102,20,117,50" hai3="51,64,30,127,40,12,95,79,17,132,68,121,70"/><T7/><D114/><U19/><E126/><N who="0" m="48745" /><D58/><U123/><E123/><V116/><F73/><W22/><G121/><T91/><D24/><U21/><E133/><V47/><F61/><W93/><G127/><T5/><D135/><U44/><E29/><V94/><F50/><W89/><G132/><T34/><D34/><U42/><E42/><V122/><F47/><W32/><G79/><N who="0" m="30219" /><D13/><U96/><E85/><V52/><F52/><W15/><G64/><T55/><D74/><U130/><E130/><V101/><F101/><W33/><G30/><T103/><D103/><U56/><E56/><V67/><F67/><W11/><G32/><T36/><D36/><U0/><E0/><V84/><F84/><AGARI ba="0,0" hai="5,7,45,48,55,84,91,92" m="30219,48745" machi="84" ten="30,1500,0" yaku="18,1" doraHai="4" who="0" fromWho="2" sc="250,15,250,0,250,-15,250,0" /><INIT seed="0,1,0,2,4,67" ten="265,250,235,250" oya="0" hai0="126,56,62,22,65,13,84,11,29,89,6,115,49" hai1="45,134,48,19,68,74,38,20,14,63,70,99,94" hai2="113,39,135,58,125,106,59,0,108,46,32,12,55" hai3="4,2,119,35,133,86,41,77,71,30,31,102,23"/><T127/><D115/><U9/><E74/><V82/><F82/><W15/><G119/><T47/><D29/><U44/><E134/><V53/><F12/><W75/><G31/><T107/><D107/><U109/><E109/><V25/><F25/><W105/><G86/><T76/><D76/><U92/><E38/><V3/><F46/><W17/><G41/><T112/><D22/><U104/><E104/><V93/><F93/><W69/><G133/><T118/><D112/><U66/><E68/><N who="3" m="26186" /><G102/><T129/><D129/><U111/><E111/><V42/><F135/><W21/><G21/><T114/><D118/><U110/><E110/><V128/><F113/><W90/><G90/><T52/><REACH who="0" step="1"/><D114/><REACH who="0" ten="255,250,235,250" step="2"/><U91/><E20/><V100/><F108/><W131/><G105/><T121/><D121/><U33/><E33/><V95/><F106/><W54/><G131/><T61/><D61/><U60/><E63/><V27/><F32/><W85/><G77/><T37/><D37/><U36/><E36/><V51/><F39/><W132/><G132/><T8/><D8/><U123/><E123/><V122/><F122/><W101/><G30/><T50/><D50/><U80/><E48/><V98/><F128/><W1/><G23/><T87/><D87/><U103/><E80/><AGARI ba="1,1" hai="6,11,13,47,49,52,56,62,65,80,84,89,126,127" machi="80" ten="40,7700,0" yaku="1,1,54,1,53,1" doraHai="67" doraHaiUra="78" who="0" fromWho="1" sc="255,90,250,-80,235,0,250,0" /><INIT seed="0,2,0,0,0,113" ten="345,170,235,250" oya="0" hai0="49,71,3,88,5,79,47,111,60,41,110,72,11" hai1="65,121,126,129,22,92,24,63,25,91,81,39,4" hai2="44,131,70,105,68,36,2,102,103,80,127,119,120" hai3="115,67,112,50,26,8,48,90,21,19,46,12,116"/><T122/><D122/><U69/><E121/><V17/><F17/><W1/><G67/><T101/><D101/><U82/><E39/><V18/><F18/><W125/><G125/><T114/><D114/><U34/><E126/><V118/><F127/><W32/><G116/><N who="2" m="44585" /><F120/><W31/><G90/><T84/><D71/><N who="2" m="27178" /><F105/><W15/><G48/><T66/><D60/><U109/><E109/><N who="0" m="41481" /><D66/><U94/><E129/><V96/><F131/><W93/><G93/><N who="0" m="54407" /><D79/><U57/><E34/><V95/><F80/><W85/><G32/><T28/><D28/><U6/><E69/><V124/><F124/><W37/><G31/><T117/><D117/><U100/><E100/><N who="2" m="60447" /><F2/><W89/><G1/><T133/><D72/><U135/><E135/><AGARI ba="2,0" hai="3,5,11,41,47,49,133,135" m="54407,41481" machi="135" ten="30,5800,0" yaku="14,1,10,1,54,1" doraHai="113" who="0" fromWho="1" sc="345,64,170,-64,235,0,250,0" /><INIT seed="0,3,0,2,3,96" ten="409,106,235,250" oya="0" hai0="10,40,52,62,26,112,19,43,55,12,23,17,36" hai1="108,103,80,119,16,101,41,56,59,132,95,74,47" hai2="13,50,60,115,104,65,15,11,128,39,121,31,86" hai3="134,129,63,102,116,124,27,81,105,72,94,117,53"/><T120/><D120/><U99/><E119/><V88/><F121/><W67/><G53/><N who="0" m="20555" /><D36/><U122/><E122/><V85/><F39/><W48/><G48/><T66/><D112/><U2/><E2/><V35/><F128/><W100/><G27/><T54/><D66/><U89/><E108/><V1/><F115/><W92/><G63/><T22/><D22/><U38/><E132/><V97/><F86/><W4/><G4/><T107/><D107/><U29/><E29/><V70/><F50/><W20/><G20/><T58/><AGARI ba="3,0" hai="10,12,17,19,23,26,40,43,54,58,62" m="20555" machi="58" ten="30,3000,0" yaku="8,1,54,1" doraHai="96" who="0" fromWho="0" sc="409,39,106,-13,235,-13,250,-13" /><INIT seed="0,4,0,3,1,118" ten="448,93,222,237" oya="0" hai0="63,40,24,68,28,35,13,96,67,119,76,120,121" hai1="6,54,107,79,135,38,33,57,86,42,31,102,78" hai2="23,110,47,125,9,2,45,126,77,8,80,4,52" hai3="113,101,84,133,100,93,0,85,71,41,109,25,64"/><T15/><D119/><U123/><E135/><V88/><F9/><W12/><G0/><T59/><D76/><U11/><E38/><V61/><F23/><W27/><G71/><T66/><D40/><U117/><E117/><V131/><F131/><W48/><G64/><T87/><D87/><U60/><E42/><V17/><F17/><W122/><G109/><T106/><D67/><U18/><E18/><V112/><F112/><W34/><G12/><N who="0" m="4683" /><D59/><U56/><E86/><N who="2" m="50247" /><F77/><W10/><G34/><T105/><D105/><U69/><E69/><V50/><F61/><W1/><G10/><T127/><D127/><N who="2" m="48650" /><F110/><W46/><G1/><T130/><D130/><U132/><E132/><V20/><F20/><W37/><G133/><T129/><D129/><U111/><E111/><V72/><F47/><W92/><G46/><T32/><D32/><U95/><E107/><V108/><F108/><W19/><G85/><T44/><D44/><U7/><E7/><V74/><AGARI ba="4,0" hai="2,4,8,45,50,52,72,74" m="48650,50247" machi="74" ten="30,4000,0" yaku="18,1,54,2" doraHai="118" who="2" fromWho="2" sc="448,-24,93,-14,222,52,237,-14" /><INIT seed="1,0,0,2,2,56" ten="424,79,274,223" oya="1" hai0="47,55,64,51,108,8,93,26,123,76,70,28,78" hai1="87,38,75,120,117,42,130,44,92,125,110,59,77" hai2="104,81,43,24,84,73,89,109,122,99,111,116,2" hai3="74,105,7,67,128,106,6,80,83,23,79,45,18"/><U32/><E117/><V17/><F2/><W132/><G128/><T21/><D123/><U58/><E120/><V3/><F3/><W22/><G132/><T12/><D108/><U94/><E130/><V16/><F43/><W40/><G67/><T133/><D133/><U82/><E32/><V53/><F122/><W0/><G83/><T37/><D37/><U61/><E125/><V126/><F116/><W135/><G135/><T49/><D49/><U66/><E110/><N who="2" m="41995" /><F126/><W100/><G100/><T9/><D9/><U131/><E131/><V88/><F53/><W121/><G121/><T25/><D25/><U30/><E30/><V27/><F73/><W13/><G23/><T98/><D70/><U33/><E33/><V102/><F89/><W129/><G7/><N who="0" m="3103" /><D64/><U119/><E119/><V97/><F97/><W36/><REACH who="3" step="1"/><G129/><REACH who="3" ten="424,79,274,213" step="2"/><T50/><D50/><U5/><E5/><V20/><F27/><W11/><AGARI ba="0,1" hai="0,6,11,13,18,22,36,40,45,74,79,80,105,106" machi="11" ten="30,12000,2" yaku="1,1,2,1,0,1,25,2,53,1" doraHai="56" doraHaiUra="41" who="3" fromWho="3" sc="424,-30,79,-60,274,-30,213,130" /><INIT seed="2,0,0,1,5,21" ten="394,19,244,343" oya="2" hai0="71,19,69,44,92,17,81,8,36,122,0,101,84" hai1="61,51,131,94,26,65,104,117,78,76,12,90,85" hai2="100,57,106,34,68,6,109,38,103,35,119,114,58" hai3="56,37,126,96,128,93,111,110,55,52,59,134,47"/><V97/><F119/><W88/><G126/><T9/><D122/><U28/><E117/><V124/><F124/><W10/><G128/><T3/><D81/><U39/><E39/><V50/><F38/><W67/><G134/><T127/><D127/><U2/><E2/><V33/><F114/><W105/><G105/><T116/><D36/><U91/><E131/><V40/><F68/><W41/><G10/><T22/><D22/><U75/><E104/><V89/><F6/><W107/><G107/><T1/><D44/><U11/><E75/><V24/><F103/><W63/><REACH who="3" step="1"/><G67/><REACH who="3" ten="394,19,244,333" step="2"/><T99/><D116/><U98/><E51/><AGARI ba="0,1" hai="37,41,47,51,52,55,56,59,63,88,93,96,110,111" machi="51" ten="40,8000,1" yaku="1,1,2,1,54,2,53,0" doraHai="21" doraHaiUra="118" who="3" fromWho="1" sc="394,0,19,-80,244,0,333,90" owari="394,19.0,-61,-56.0,244,-16.0,423,53.0" /></mjloggm>