<mjloggm ver="2.3"><GO type="41" lobby="0"/><UN n0="%74%61%6E%70%69%6E%38" n1="%53%45%4C%45%43%54" n2="%6D%6F%73%75%67%75%72%69" n3="%E5%B0%B1%E6%B4%BB%E7%94%9F%40%E5%B7%9D%E6%9D%91%E8%BB%8D%E5%9B%A3" dan="15,13,15,14" rate="1940.80,1812.97,1994.71,1941.74" sx="F,M,M,M"/><TAIKYOKU oya="0"/><INIT seed="0,0,0,4,2,80" ten="250,250,250,250" oya="0" hai0="19,52,129,128,49,94,78,32,9,33,130,96,97" hai1="105,108,46,7,1,55,30,125,71,8,107,51,100" hai2="67,45,75,98,79,63,2,111,29,22,50,47,34" hai3="39,42,76,118,127,124,99,102,121,21,134,119,58"/><T36/><D36/><U68/><E108/><V43/><F2/><W11/><G39/><T6/><D78/><U135/><E125/><N who="3" m="48202" /><G42/><T88/><D19/><U90/><E135/><V61/><F34/><W103/><G11/><T113/><D97/><U35/><E90/><V91/><F79/><W101/><G21/><T27/><D27/><U5/><E5/><V112/><F63/><W23/><G23/><T85/><D96/><U89/><E89/><V93/><F75/><W74/><G58/><N who="0" m="33039" /><D113/><U38/><E38/><V3/><F3/><AGARI ba="0,0" hai="3,6,9,32,33,85,88,94,128,129,130" m="33039" machi="3" ten="30,11600,0" yaku="19,1,52,1,54,2" doraHai="80" who="0" fromWho="2" sc="250,116,250,0,250,-116,250,0" /><INIT seed="0,1,0,2,5,94" ten="366,250,134,250" oya="0" hai0="47,55,9,31,46,118,87,92,21,17,20,37,105" hai1="124,62,131,127,69,4,22,33,132,32,11,34,77" hai2="97,86,83,28,29,27,0,70,135,1,134,36,5" hai3="101,38,122,52,112,24,18,95,91,79,40,73,93"/><T39/><D105/><U35/><E77/><V19/><F70/><W106/><G112/><T58/><D118/><U114/><E62/><V53/><F36/><W115/><G115/><T66/><D66/><U68/><E114/><V65/><F65/><W89/><G122/><T102/><D37/><U119/><N who="1" m="8704" /><DORA hai="51" /><U57/><E119/><V43/><F43/><W15/><G106/><T130/><D39/><U44/><E44/><N who="0" m="16937" /><D9/><U6/><E57/><V90/><F19/><W10/><G38/><T96/><D130/><U98/><E131/><V25/><F5/><W12/><G40/><T7/><D7/><N who="1" m="2603" /><E11/><V76/><F27/><W107/><G107/><T54/><D87/><U78/><E78/><V103/><F76/><W30/><G79/><T113/><D113/><U120/><E120/><V61/><F1/><W13/><G73/><T59/><D31/><U64/><E64/><V117/><F0/><W133/><G30/><T128/><D128/><U104/><E132/><V42/><F42/><W85/><G133/><N who="2" m="50697" /><F25/><W116/><G116/><T125/><D59/><U23/><E104/><N who="2" m="63599" /><F117/><W48/><G24/><T63/><D63/><U121/><E121/><V8/><F8/><W49/><G49/><T100/><D58/><AGARI ba="1,0" hai="28,29,53,58,61,83,86,90" m="63599,50697" machi="58" ten="30,3900,0" yaku="20,1,52,2" doraHai="94,51" who="2" fromWho="0" sc="366,-42,250,0,134,42,250,0" /><INIT seed="1,0,0,2,3,3" ten="324,250,176,250" oya="1" hai0="96,95,27,81,61,109,4,113,123,49,132,118,110" hai1="112,77,97,21,2,78,103,56,51,44,72,45,75" hai2="29,126,92,102,101,129,135,60,114,100,119,46,1" hai3="38,106,124,84,16,14,39,116,42,43,108,59,98"/><U37/><E112/><V125/><F29/><W111/><G116/><T66/><D113/><U31/><E2/><V107/><F114/><W104/><G124/><T22/><D118/><U28/><E37/><N who="3" m="13834" /><G84/><T82/><D132/><U9/><E9/><V133/><F1/><W7/><G59/><N who="0" m="37183" /><D49/><U33/><E21/><V105/><F46/><W89/><G89/><N who="0" m="55407" /><D4/><U36/><E51/><V115/><F60/><W86/><G86/><T35/><D35/><U73/><E36/><V68/><F68/><W79/><G79/><T63/><D63/><U67/><E67/><V23/><F115/><W48/><G48/><T85/><D85/><U18/><E56/><V54/><F119/><W120/><G120/><T32/><D32/><U90/><E90/><V34/><F34/><W70/><G70/><T94/><D94/><U26/><E18/><V11/><F92/><W76/><G76/><T50/><D50/><U65/><E65/><V12/><F126/><W117/><G7/><T80/><D123/><U52/><E28/><V88/><F135/><W122/><G122/><T69/><D69/><U0/><E0/><V5/><F5/><W57/><G57/><T24/><D24/><U30/><E30/><V87/><F125/><W53/><G53/><T40/><D40/><N who="3" m="15401" /><G98/><T121/><D121/><U128/><E128/><V71/><F54/><W55/><G55/><T99/><D99/><U13/><E13/><V91/><F129/><W15/><G15/><T10/><D10/><U93/><E52/><V6/><F12/><W64/><G117/><T134/><D134/><U74/><E74/><RYUUKYOKU ba="0,0" sc="324,15,250,15,176,-15,250,-15" hai0="22,27,80,81,82,109,110" hai1="26,31,33,44,45,72,73,75,77,78,93,97,103" /><INIT seed="1,1,0,1,2,98" ten="339,265,161,235" oya="1" hai0="90,109,120,96,36,7,124,132,33,24,104,115,35" hai1="92,84,135,49,100,0,70,41,20,82,77,31,116" hai2="10,55,117,134,50,12,61,88,71,39,91,6,114" hai3="112,122,97,29,93,60,105,32,43,121,85,74,28"/><U129/><E116/><V38/><F117/><W47/><G74/><T48/><D115/><U106/><E70/><V4/><F4/><W69/><G112/><T14/><D36/><U125/><E0/><V79/><F79/><W40/><G40/><T72/><BYE who="3" /><D72/><UN n3="%E5%B0%B1%E6%B4%BB%E7%94%9F%40%E5%B7%9D%E6%9D%91%E8%BB%8D%E5%9B%A3" /><U126/><E106/><V65/><F114/><W75/><G75/><T18/><D7/><U87/><E135/><V58/><F134/><W111/><G111/><T94/><D132/><U81/><E129/><V78/><F78/><W83/><G105/><T42/><D124/><N who="1" m="47723" /><E41/><V3/><F3/><W11/><G11/><T89/><D104/><U62/><E49/><V103/><F103/><W127/><G127/><T30/><D35/><U37/><E62/><V68/><F68/><W113/><G113/><T133/><D133/><U17/><E37/><V102/><F102/><W131/><G131/><T118/><D118/><U119/><E119/><V45/><F38/><W123/><G32/><T46/><D109/><U16/><E31/><V25/><F25/><W99/><G60/><T51/><D51/><U67/><E67/><V15/><F15/><W95/><G69/><T54/><D42/><AGARI ba="1,0" hai="6,10,12,39,42,45,50,55,58,61,65,71,88,91" machi="42" ten="40,5200,0" yaku="24,2,54,1" doraHai="98" who="2" fromWho="0" sc="339,-55,265,0,161,55,235,0" /><INIT seed="2,0,0,5,3,114" ten="284,265,216,235" oya="2" hai0="103,106,2,57,73,78,15,26,101,19,36,40,94" hai1="86,35,102,14,7,92,62,68,80,3,88,18,34" hai2="17,109,115,33,118,133,29,31,69,54,121,71,82" hai3="28,81,25,12,32,113,100,8,0,41,116,66,65"/><V125/><F82/><W123/><G113/><T53/><D2/><U1/><E1/><V130/><F54/><W47/><G123/><T117/><D106/><U83/><E3/><V24/><F17/><W39/><G0/><T91/><D26/><U50/><E7/><V49/><F49/><W72/><G100/><T61/><D117/><U4/><E4/><V112/><F24/><W22/><G32/><T38/><D38/><U42/><E42/><V60/><F60/><W46/><G46/><T85/><D36/><U27/><E50/><V64/><F64/><W5/><G116/><T43/><D73/><U75/><E75/><V131/><F118/><W9/><G9/><N who="0" m="6639" /><D78/><U48/><E48/><V120/><F33/><W111/><G111/><T20/><D20/><U74/><E74/><V87/><F109/><W105/><G105/><T6/><D6/><U84/><E27/><V127/><REACH who="2" step="1"/><F87/><REACH who="2" ten="284,265,206,235" step="2"/><W23/><G23/><T11/><D11/><U135/><E86/><V44/><F44/><W132/><G132/><AGARI ba="0,1" hai="29,31,69,71,112,115,120,121,125,127,130,131,132,133" machi="132" ten="25,4800,0" yaku="1,1,22,2,53,0" doraHai="114" doraHaiUra="122" who="2" fromWho="3" sc="284,0,265,0,206,58,235,-48" /><INIT seed="2,1,0,0,0,103" ten="284,265,264,187" oya="2" hai0="107,64,1,104,114,9,93,82,38,71,29,48,44" hai1="16,52,41,92,35,34,111,124,122,27,61,70,98" hai2="80,65,53,73,50,128,57,77,13,59,105,91,30" hai3="81,68,126,45,119,112,8,33,110,40,99,3,54"/><V22/><F128/><W84/><G119/><T89/><D114/><U37/><E111/><V125/><F125/><W78/><G68/><T58/><D29/><U15/><E124/><V79/><F79/><W117/><G33/><T19/><D82/><U133/><E133/><V24/><F91/><W5/><G110/><T95/><D95/><U26/><E122/><V6/><F6/><W4/><G117/><T56/><D56/><U23/><E37/><V46/><F13/><W31/><G126/><T25/><D1/><U102/><E41/><V135/><F59/><W12/><G112/><T2/><D2/><U51/><E27/><V86/><F73/><W17/><G31/><T49/><D49/><U14/><E14/><V101/><F135/><W10/><G99/><N who="0" m="57775" /><D9/><U20/><E70/><V106/><REACH who="2" step="1"/><F101/><REACH who="2" ten="284,265,254,187" step="2"/><W76/><G76/><T121/><D58/><U116/><E116/><V60/><AGARI ba="1,1" hai="22,24,30,46,50,53,57,60,65,77,80,86,105,106" machi="60" ten="30,18000,2" yaku="1,1,2,1,0,1,52,2,53,1" doraHai="103" doraHaiUra="75" who="2" fromWho="2" sc="284,-61,265,-61,254,193,187,-61" /><INIT seed="2,2,0,5,5,106" ten="223,204,447,126" oya="2" hai0="36,24,126,129,77,7,33,27,80,6,67,61,1" hai1="35,85,95,2,100,82,64,73,72,109,38,4,65" hai2="45,39,50,121,134,105,119,107,68,28,131,70,79" hai3="122,46,132,31,97,111,20,104,66,87,55,44,135"/><V94/><F121/><W21/><G122/><T101/><D129/><U51/><E38/><V0/><F39/><W37/><G66/><T133/><D133/><N who="3" m="51273" /><G111/><T115/><D115/><U41/><E35/><V43/><F0/><W22/><G31/><T13/><D126/><U124/><E2/><V29/><F79/><W62/><G37/><T12/><D36/><U18/><E4/><V112/><F94/><W5/><G5/><T40/><D40/><U9/><E9/><V60/><F60/><W123/><G123/><T81/><D81/><U19/><E19/><V34/><F45/><W71/><G87/><T118/><D118/><U48/><E18/><V30/><F50/><W11/><G11/><T91/><D91/><U47/><E51/><V76/><F76/><W58/><G71/><T128/><D128/><U89/><E124/><V56/><F30/><W32/><G32/><T110/><D110/><U10/><E10/><V63/><F34/><W78/><G78/><T26/><D101/><AGARI ba="2,0" hai="20,21,22,44,46,55,58,62,97,101,104" m="51273" machi="101" ten="30,1000,0" yaku="20,1" doraHai="106" who="3" fromWho="0" sc="223,-16,204,0,447,0,126,16" /><INIT seed="3,0,0,4,1,106" ten="207,204,447,142" oya="3" hai0="52,107,123,126,8,102,124,103,3,50,121,101,66" hai1="83,60,114,125,97,11,129,79,130,132,68,48,84" hai2="49,135,128,117,47,67,55,41,100,32,46,94,89" hai3="118,99,98,134,109,30,63,34,28,65,42,81,71"/><W20/><G118/><T88/><D107/><U7/><E132/><V74/><F32/><W29/><G134/><T72/><D66/><N who="1" m="41031" /><E125/><N who="0" m="48233" /><D72/><U9/><E114/><V39/><F74/><W77/><G109/><T24/><D24/><U54/><E97/><V80/><F80/><W31/><N who="3" m="7680" /><DORA hai="1" /><W58/><G34/><T110/><D110/><U44/><E7/><V87/><F128/><AGARI ba="0,0" hai="9,11,44,48,54,79,83,84,128,129,130" m="41031" machi="128" ten="30,1000,0" yaku="19,1" doraHai="106,1" who="1" fromWho="2" sc="207,0,204,10,447,-10,142,0" /><INIT seed="4,0,0,1,4,72" ten="207,214,437,142" oya="0" hai0="39,76,62,11,44,104,93,105,96,20,82,69,48" hai1="113,40,32,132,111,81,23,12,52,7,30,27,10" hai2="77,94,99,14,29,98,51,114,58,54,100,128,38" hai3="64,49,36,4,130,80,133,127,119,31,17,92,131"/><T134/><D39/><U59/><E40/><V71/><F71/><W122/><G36/><T73/><D134/><U8/><E132/><V53/><F38/><W83/><G133/><T26/><D11/><U74/><E111/><V129/><F114/><W5/><G119/><T1/><D1/><U50/><E113/><V22/><F77/><W24/><G122/><T19/><D62/><U35/><REACH who="1" step="1"/><E10/><REACH who="1" ten="207,204,437,142" step="2"/><V13/><F128/><W41/><G131/><T97/><D69/><U135/><E135/><V34/><F129/><W46/><G130/><T126/><D126/><U9/><E9/><V112/><F112/><W86/><G127/><T42/><REACH who="0" step="1"/><D97/><REACH who="0" ten="197,204,437,142" step="2"/><U85/><E85/><V121/><F99/><W102/><G86/><T123/><D123/><U125/><E125/><V90/><F98/><W84/><G84/><T6/><D6/><U75/><E75/><V120/><F121/><W124/><G5/><T116/><D116/><U15/><E15/><V67/><F13/><W68/><G4/><T108/><D108/><U3/><E3/><V37/><F14/><W95/><G124/><T43/><D43/><U117/><E117/><V63/><F120/><W106/><G41/><T21/><D21/><U18/><E18/><V60/><F22/><W78/><G17/><T0/><D0/><U70/><E70/><V87/><F87/><W55/><G68/><T33/><D33/><U118/><E118/><V16/><F16/><W25/><G25/><T56/><D56/><U61/><E61/><N who="2" m="38327" /><F34/><W45/><G24/><T101/><AGARI ba="0,2" hai="19,20,26,42,44,48,73,76,82,93,96,101,104,105" machi="101" ten="20,12000,1" yaku="1,1,0,1,7,1,52,1,53,1" doraHai="72" doraHaiUra="89" who="0" fromWho="0" sc="197,140,204,-40,437,-40,142,-40" /><INIT seed="4,1,0,1,1,59" ten="337,164,397,102" oya="0" hai0="36,56,26,92,131,107,125,77,135,38,46,134,72" hai1="98,28,22,0,29,32,91,121,62,112,122,51,118" hai2="67,27,103,18,74,85,109,13,70,53,114,35,23" hai3="7,34,15,21,102,50,79,31,61,47,87,81,120"/><T41/><D107/><U10/><E118/><V73/><F109/><W117/><G120/><T11/><D125/><U8/><E51/><V43/><F43/><W82/><G117/><T68/><D68/><U86/><E98/><V44/><F103/><W33/><G33/><T80/><D131/><U66/><E22/><V71/><F35/><W69/><G34/><T99/><D26/><U113/><E0/><V123/><F71/><W89/><G102/><N who="0" m="60775" /><D11/><N who="1" m="4139" /><E86/><V55/><F85/><W5/><G31/><N who="1" m="11850" /><E91/><V48/><F70/><W97/><G21/><T105/><D105/><U76/><E76/><V110/><F23/><W133/><G133/><N who="0" m="50699" /><D56/><N who="1" m="37191" /><E32/><V88/><F123/><W40/><G15/><T65/><D65/><U64/><E64/><V128/><F13/><W37/><G37/><AGARI ba="1,0" hai="36,37,38,41,46,72,77,80" m="50699,60775" machi="37" ten="30,1500,0" yaku="20,1" doraHai="59" who="0" fromWho="3" sc="337,18,164,0,397,0,102,-18" /><INIT seed="4,2,0,1,4,68" ten="355,164,397,84" oya="0" hai0="44,122,131,81,117,116,80,56,22,18,98,72,73" hai1="104,84,64,127,2,21,6,86,90,39,1,4,102" hai2="5,70,105,57,46,79,91,92,107,45,108,120,83" hai3="11,58,121,99,16,118,49,36,124,129,20,89,77"/><T54/><D122/><U123/><E123/><V88/><F70/><W30/><G121/><T85/><D131/><U31/><E127/><V67/><F108/><W66/><G118/><T109/><D109/><U38/><E64/><V42/><F5/><W87/><G129/><T103/><D73/><U12/><E104/><V135/><F45/><W110/><G124/><T125/><D125/><U95/><E102/><V130/><F91/><W76/><G110/><T94/><D72/><U27/><E12/><V47/><F47/><W8/><G36/><T78/><D44/><U100/><E100/><V23/><F23/><W34/><G34/><T35/><D81/><U53/><E86/><V97/><F130/><W132/><G132/><T119/><D35/><U7/><REACH who="1" step="1"/><E53/><REACH who="1" ten="355,154,397,84" step="2"/><V69/><F67/><W126/><G126/><T128/><D128/><U96/><E96/><V65/><F65/><W51/><G99/><T24/><D119/><U113/><E113/><V0/><F97/><W29/><G77/><T59/><D117/><U106/><E106/><V93/><F79/><W115/><G76/><T33/><D116/><U52/><E52/><V15/><F107/><W82/><G115/><T37/><D37/><AGARI ba="2,1" hai="1,2,4,6,7,21,27,31,37,38,39,84,90,95" machi="37" ten="40,12000,2" yaku="1,1,52,3,53,2" doraHai="68" doraHaiUra="32" who="1" fromWho="0" sc="355,-126,154,136,397,0,84,0" /><INIT seed="5,0,0,4,5,115" ten="229,290,397,84" oya="1" hai0="76,26,85,19,100,113,79,30,108,61,124,16,120" hai1="39,118,55,5,78,126,6,40,110,57,24,75,35" hai2="8,54,51,86,13,41,106,22,21,34,36,48,65" hai3="37,28,92,10,114,52,130,132,63,96,131,72,67"/><U89/><E126/><V32/><F106/><W123/><G72/><T60/><D108/><U38/><E110/><V27/><F65/><W134/><G37/><T45/><D113/><U15/><E75/><V56/><F36/><W9/><G114/><T59/><D120/><U46/><E78/><V97/><F97/><W23/><G123/><T64/><D124/><U93/><E39/><V49/><F22/><W107/><G107/><T117/><D100/><U88/><E118/><V121/><F41/><W69/><G28/><T116/><D45/><U17/><E35/><V29/><F34/><W66/><G23/><T129/><D129/><N who="3" m="49161" /><G9/><T47/><D47/><U2/><E24/><V81/><F32/><W119/><G10/><T70/><D85/><U12/><E2/><V20/><F20/><W31/><G31/><T18/><D79/><U83/><E83/><V125/><F125/><W87/><G87/><T103/><D103/><U109/><E109/><V33/><F33/><W90/><G119/><T62/><D76/><U71/><E71/><V14/><F121/><W91/><G91/><T95/><D95/><U73/><E73/><V112/><F112/><W102/><G102/><T127/><D127/><U101/><E101/><V1/><F1/><W128/><N who="3" m="49169" /><W94/><DORA hai="135" /><G94/><T84/><D84/><U50/><E89/><N who="2" m="51407" /><F8/><W25/><G25/><T4/><D4/><U122/><E122/><V42/><F42/><W43/><G43/><T74/><D74/><U0/><E0/><V111/><F111/><W77/><G77/><T133/><D117/><U11/><E12/><AGARI ba="0,0" hai="12,13,14,21,27,29,48,49,51,54,56" m="51407" machi="12" ten="30,2000,0" yaku="6,1,8,1" doraHai="115,135" who="2" fromWho="1" sc="229,0,290,-20,397,20,84,0" /><INIT seed="6,0,0,3,0,0" ten="229,270,417,84" oya="2" hai0="36,78,33,57,26,70,106,58,117,27,51,124,74" hai1="133,7,77,116,86,50,63,108,76,46,102,16,38" hai2="44,22,9,11,81,114,40,10,109,14,2,49,69" hai3="96,25,8,120,103,34,98,39,60,132,45,72,94"/><V56/><F69/><W112/><G120/><T17/><D70/><U35/><E116/><V48/><F109/><W52/><G72/><T54/><D36/><U87/><E108/><V41/><F2/><W42/><G132/><T127/><D106/><U107/><E38/><V135/><F114/><W126/><G126/><N who="0" m="48171" /><D117/><U19/><E133/><V32/><F32/><W121/><G121/><T82/><D33/><U130/><E130/><V55/><F81/><W113/><G8/><T110/><D110/><U64/><E35/><V61/><F135/><W85/><G85/><N who="1" m="32266" /><E107/><V28/><F28/><W134/><G134/><T24/><D57/><N who="1" m="36975" /><E102/><V91/><F91/><W125/><G125/><T66/><D66/><U100/><E100/><V119/><F22/><AGARI ba="0,0" hai="17,22,24,26,27,51,54,58,74,78,82" m="48171" machi="22" ten="30,1000,0" yaku="18,1" doraHai="0" who="0" fromWho="2" sc="229,10,270,0,417,-10,84,0" /><INIT seed="7,0,0,0,3,35" ten="239,270,407,84" oya="3" hai0="22,85,13,27,58,131,107,37,55,132,133,62,87" hai1="38,110,72,36,98,73,66,21,84,43,126,88,127" hai2="113,34,18,44,119,65,46,8,135,86,81,74,125" hai3="69,67,49,106,100,112,51,39,120,111,109,30,45"/><W57/><G30/><T50/><D37/><U128/><E110/><N who="3" m="41994" /><G106/><T29/><D107/><U123/><E123/><V89/><F34/><W105/><G105/><T4/><D131/><U32/><E32/><V94/><F119/><W7/><G7/><T101/><D101/><U6/><E128/><V9/><F18/><W96/><G96/><T90/><D133/><U115/><E115/><V63/><F113/><W5/><G5/><T93/><D132/><U23/><E98/><V78/><F125/><N who="1" m="47625" /><E6/><V61/><F61/><N who="3" m="40175" /><G100/><T79/><D79/><U64/><E21/><V77/><F77/><W20/><G20/><T118/><D118/><U52/><E23/><V83/><F135/><W40/><G120/><T99/><REACH who="0" step="1"/><D62/><REACH who="0" ten="229,270,407,84" step="2"/><U116/><E116/><V48/><F63/><W80/><G112/><T0/><D0/><U70/><E36/><V95/><F78/><W2/><G2/><T124/><D124/><U121/><E38/><V68/><F74/><W134/><G134/><T130/><D130/><U17/><E121/><V122/><F122/><W41/><G80/><T114/><D114/><U26/><E73/><V3/><F3/><W33/><G33/><T60/><D60/><U129/><E72/><V91/><F83/><W59/><G39/><T97/><D97/><U28/><E129/><V102/><F81/><W76/><G76/><T71/><D71/><U53/><E70/><V56/><F68/><W42/><G45/><T1/><D1/><U24/><E66/><V12/><F46/><W14/><G14/><T31/><D31/><U92/><E64/><V103/><F103/><RYUUKYOKU ba="0,1" sc="229,15,270,-15,407,-15,84,15" hai0="4,13,22,27,29,50,55,58,85,87,90,93,99" hai3="40,41,42,49,51,57,59" /><INIT seed="7,1,1,0,1,39" ten="244,255,392,99" oya="3" hai0="65,82,36,69,98,31,77,81,123,2,90,80,29" hai1="87,105,131,108,32,60,6,59,4,30,135,103,110" hai2="93,21,112,73,100,121,67,56,86,25,126,7,130" hai3="134,79,10,114,115,75,120,117,24,20,94,15,113"/><W125/><G120/><T101/><D123/><U8/><E135/><V95/><F73/><W62/><G117/><T26/><D36/><U99/><E131/><V3/><F121/><W57/><G134/><T124/><D2/><U41/><E41/><V45/><F45/><W88/><G125/><T23/><D124/><U40/><E40/><V34/><F34/><W68/><G68/><T122/><D122/><U97/><E97/><V51/><F7/><W22/><G75/><T127/><D127/><U28/><E87/><V17/><F3/><W85/><G79/><T70/><D70/><U19/><E19/><V64/><F100/><W63/><G24/><N who="0" m="16543" /><D69/><U132/><E132/><V9/><F126/><W52/><REACH who="3" step="1"/><G62/><REACH who="3" ten="244,255,392,89" step="2"/><T12/><D77/><U38/><E60/><V14/><F25/><W119/><G119/><T76/><D76/><U129/><E110/><V58/><F130/><W92/><G92/><N who="0" m="58567" /><D65/><U104/><E129/><V55/><F95/><W111/><G111/><T53/><D82/><U78/><E108/><V71/><F67/><W50/><G50/><T72/><D72/><U43/><E78/><V46/><F71/><W42/><G42/><T102/><D81/><U27/><E43/><V47/><F64/><W83/><G83/><T118/><D80/><U116/><E116/><V33/><F51/><W1/><G1/><T107/><D118/><U18/><E105/><V13/><F93/><W5/><AGARI ba="1,2" hai="5,10,15,20,22,52,57,63,85,88,94,113,114,115" machi="5" ten="30,12000,1" yaku="1,1,0,1,15,1,54,2,53,0" doraHai="39" doraHaiUra="133" who="3" fromWho="3" sc="244,-41,255,-41,392,-41,89,143" /><INIT seed="7,2,0,1,0,23" ten="203,214,351,232" oya="3" hai0="92,36,125,80,16,107,28,73,89,75,15,56,0" hai1="102,49,70,44,78,1,96,126,24,90,57,99,34" hai2="123,35,119,82,72,128,88,20,21,84,12,69,17" hai3="37,95,118,121,41,105,25,50,54,10,130,31,18"/><W83/><G105/><T14/><D107/><U59/><E70/><V113/><F35/><W98/><G118/><T100/><D0/><U117/><E1/><V55/><F69/><W132/><G121/><T45/><D125/><U26/><E126/><V114/><F128/><W76/><G130/><T38/><D38/><U46/><E34/><V91/><F119/><W112/><G112/><T77/><D75/><U86/><E117/><V93/><F123/><W4/><G132/><T66/><D28/><U87/><E78/><V115/><F55/><W74/><G18/><T32/><D32/><U71/><E71/><V65/><F65/><W103/><G41/><T131/><D131/><U64/><E64/><V135/><F135/><W51/><G37/><T9/><D100/><U40/><E46/><V29/><F72/><W110/><G110/><T30/><D30/><U79/><E79/><N who="2" m="46175" /><F93/><W52/><G50/><T58/><D66/><U39/><E39/><V33/><F33/><W104/><G104/><T13/><D13/><U129/><E129/><V48/><F48/><W3/><G51/><T94/><D94/><N who="1" m="58647" /><E99/><V53/><F53/><W116/><G116/><T81/><D15/><U6/><E6/><V11/><F29/><W127/><G127/><T43/><REACH who="0" step="1"/><D81/><REACH who="0" ten="193,214,351,232" step="2"/><N who="1" m="49487" /><E87/><AGARI ba="2,1" hai="9,14,16,36,43,45,56,58,73,77,80,87,89,92" machi="87" ten="30,7700,0" yaku="1,1,7,1,54,1,53,1" doraHai="23" doraHaiUra="68" who="0" fromWho="1" sc="193,93,214,-83,351,0,232,0" owari="286,9.0,131,-37.0,351,45.0,232,-17.0" /></mjloggm>