<mjloggm ver="2.3"><GO type="97" lobby="0"/><UN n0="%50%48%52%35%39" n1="%E5%B0%B1%E6%B4%BB%E7%94%9F%40%E5%B7%9D%E6%9D%91%E8%BB%8D%E5%9B%A3" n2="%E3%82%84%E3%82%93%E3%82%84%36" n3="%E9%B3%B6%E4%B8%80%2E%E6%8A%98%E7%B4%99" dan="14,15,14,14" rate="1942.56,1959.87,1977.19,1946.79" sx="M,M,M,M"/><TAIKYOKU oya="0"/><INIT seed="0,0,0,2,5,25" ten="250,250,250,250" oya="0" hai0="58,127,16,26,78,73,0,36,130,98,116,112,110" hai1="5,88,74,53,54,102,114,66,96,123,77,41,113" hai2="47,131,81,109,99,20,105,119,101,65,103,44,70" hai3="95,13,28,90,15,8,2,117,61,76,7,23,118"/><T67/><D116/><N who="3" m="44649" /><G76/><T31/><D112/><N who="1" m="43115" /><E123/><V14/><F119/><W80/><G61/><T18/><D0/><U83/><E5/><V108/><F103/><W69/><G80/><T120/><D120/><U100/><E41/><V12/><F131/><W107/><G90/><T126/><D36/><U34/><E34/><V129/><F129/><W91/><G91/><T37/><D37/><U115/><E66/><V24/><F81/><W19/><G95/><T55/><D130/><U92/><N who="1" m="43123" /><U75/><DORA hai="132" /><E75/><V84/><F84/><W125/><G69/><T45/><D73/><U51/><E54/><V133/><F133/><W121/><G107/><T124/><D78/><U60/><E60/><V50/><F65/><W79/><G79/><T134/><D134/><U71/><E71/><V85/><F85/><W94/><G94/><T87/><D87/><U104/><E104/><V135/><F70/><W128/><G128/><T106/><D106/><U4/><E4/><V46/><F135/><W32/><G121/><T62/><D98/><U68/><E68/><V49/><F50/><W21/><G125/><T86/><D86/><U29/><E29/><N who="2" m="17543" /><F49/><W33/><G33/><N who="0" m="20727" /><D45/><AGARI ba="0,0" hai="45,51,53,74,77,83,88,92,96,100,102" m="43123" machi="45" ten="40,2600,0" yaku="11,1,54,1" doraHai="25,132" who="1" fromWho="0" sc="250,-26,250,26,250,0,250,0" /><INIT seed="1,0,0,1,5,45" ten="224,276,250,250" oya="1" hai0="114,74,9,97,118,61,133,36,105,92,87,115,104" hai1="26,81,1,110,99,44,63,84,78,59,86,95,96" hai2="22,54,18,60,29,31,121,79,8,66,65,76,122" hai3="93,4,50,49,42,101,134,51,21,106,39,135,129"/><U126/><E1/><V88/><F8/><W113/><G113/><T5/><D118/><U132/><E126/><V70/><F66/><W14/><G106/><T56/><D74/><U53/><E132/><N who="3" m="50730" /><G129/><T11/><D133/><U72/><E110/><V98/><F54/><W33/><G33/><T68/><D36/><U100/><E26/><V102/><F122/><W109/><G109/><T3/><D68/><U25/><E25/><V34/><F34/><W10/><G21/><T12/><D87/><U43/><REACH who="1" step="1"/><E96/><REACH who="1" ten="224,266,250,250" step="2"/><V111/><F111/><W107/><G107/><T16/><D114/><U69/><E69/><V130/><F121/><W0/><G0/><T73/><D115/><U80/><E80/><V125/><F70/><W64/><G64/><T15/><D3/><U77/><E77/><V82/><F65/><W17/><G4/><T23/><D73/><U35/><E35/><V116/><F116/><W46/><G101/><T57/><D104/><U58/><E58/><V48/><F102/><W91/><G93/><T47/><D105/><U30/><E30/><V85/><F76/><W90/><AGARI ba="0,1" hai="10,14,17,39,42,46,49,50,51,90,91" m="50730" machi="90" ten="40,8000,1" yaku="20,1,52,3" doraHai="45" who="3" fromWho="3" sc="224,-20,266,-40,250,-20,250,90" /><INIT seed="2,0,0,5,4,83" ten="204,226,230,340" oya="2" hai0="101,68,50,54,55,132,51,56,18,28,127,11,131" hai1="47,36,45,35,90,7,112,57,0,53,89,4,67" hai2="6,42,96,8,130,65,27,70,81,25,92,126,1" hai3="46,116,20,16,31,21,129,61,128,38,121,74,97"/><V107/><F107/><W30/><G116/><T39/><D39/><U79/><E112/><V114/><F114/><W109/><G121/><T71/><D131/><N who="3" m="50249" /><G74/><T118/><D118/><U49/><E35/><V117/><F130/><W125/><G125/><T23/><D127/><U24/><E79/><V134/><F126/><W91/><G109/><T58/><D132/><U52/><E0/><V34/><F134/><W124/><G124/><T17/><D101/><U133/><E133/><V44/><F81/><W103/><G91/><N who="1" m="34826" /><E36/><V86/><F86/><W135/><G135/><T77/><D77/><U37/><E37/><V108/><F108/><W3/><G3/><T73/><D73/><U22/><E67/><V66/><F34/><W26/><G61/><T123/><D123/><U62/><E45/><V111/><F111/><W80/><G80/><T82/><D82/><U15/><E15/><V85/><F85/><W43/><G21/><T59/><D56/><U12/><E12/><V113/><F113/><W87/><G87/><T76/><D76/><U122/><E122/><V2/><F117/><W95/><AGARI ba="0,0" hai="16,20,26,30,31,38,43,46,95,97,103" m="50249" machi="95" ten="30,2000,0" yaku="19,1,54,1" doraHai="83" who="3" fromWho="3" sc="204,-5,226,-5,230,-10,340,20" /><INIT seed="3,0,0,5,1,124" ten="199,221,220,360" oya="3" hai0="68,88,6,102,92,79,23,38,21,41,72,3,119" hai1="65,93,35,84,8,29,126,99,13,22,39,101,80" hai2="122,132,107,69,26,103,63,121,76,94,64,61,125" hai3="44,31,52,100,90,24,128,130,16,11,58,59,62"/><W116/><G116/><T7/><D119/><U111/><E39/><V55/><F125/><W123/><G123/><N who="2" m="47113" /><F107/><W46/><G100/><T105/><D68/><U117/><E111/><V37/><F37/><W89/><G11/><T53/><D53/><U83/><E65/><V57/><F76/><W82/><G82/><T27/><D105/><U15/><E35/><V97/><F132/><W91/><G16/><T54/><D54/><U10/><E126/><V75/><F26/><W28/><G59/><T45/><D102/><U70/><E70/><V81/><F81/><N who="1" m="31305" /><E84/><V25/><F25/><W120/><G120/><T30/><D72/><AGARI ba="0,0" hai="55,57,61,63,64,69,72,75,94,97,103" m="47113" machi="72" ten="30,1000,0" yaku="13,1" doraHai="124" who="2" fromWho="0" sc="199,-10,221,0,220,10,360,0" owari="189,-31.0,221,-18.0,230,3.0,360,46.0" /></mjloggm>