<mjloggm ver="2.3"><GO type="41" lobby="0"/><UN n0="%E3%83%94%E3%82%B3%E3%81%A1%E3%82%83%E3%82%93" n1="%E5%B0%B1%E6%B4%BB%E7%94%9F%40%E5%B7%9D%E6%9D%91%E8%BB%8D%E5%9B%A3" n2="%E3%82%B8%E3%82%AE%E3%82%BF%E3%83%AA%E3%82%B9" n3="%E9%98%BF%E9%BC%BB%E6%95%99%E5%AE%98" dan="15,16,15,14" rate="2049.87,2067.62,1982.79,1970.35" sx="F,M,M,M"/><TAIKYOKU oya="0"/><INIT seed="0,0,0,2,5,113" ten="250,250,250,250" oya="0" hai0="80,41,65,48,67,57,123,118,40,122,26,30,130" hai1="102,10,11,35,131,92,77,70,16,87,86,60,56" hai2="135,22,134,68,31,2,116,37,96,47,53,95,106" hai3="91,46,1,17,74,24,23,100,25,14,127,85,121"/><T36/><D80/><U20/><E35/><V66/><F2/><W13/><G74/><T8/><D8/><U107/><E107/><V21/><F106/><W12/><G1/><T58/><D26/><U104/><E104/><V117/><F68/><W83/><G121/><N who="0" m="46091" /><D30/><U5/><E70/><V71/><F66/><N who="0" m="25098" /><D36/><U90/><E102/><N who="2" m="60703" /><F71/><W93/><G127/><T103/><D103/><U54/><E131/><V29/><F29/><W15/><REACH who="3" step="1"/><G46/><REACH who="3" ten="250,250,250,240" step="2"/><T61/><D130/><U73/><E73/><V33/><F33/><W129/><G129/><T109/><D109/><U132/><E132/><N who="2" m="50731" /><F31/><W7/><G7/><T125/><D125/><U119/><E119/><N who="2" m="45643" /><F53/><W9/><G9/><T98/><D98/><AGARI ba="0,1" hai="12,13,14,15,17,23,24,25,83,85,91,93,98,100" machi="98" ten="40,2600,0" yaku="1,1,8,1,53,0" doraHai="113" doraHaiUra="27" who="3" fromWho="0" sc="250,-26,250,0,250,0,240,36" /><INIT seed="1,0,0,3,1,69" ten="224,250,250,276" oya="1" hai0="87,57,55,90,32,21,53,127,101,3,107,22,78" hai1="76,11,125,29,98,86,123,52,5,30,135,7,85" hai2="60,81,61,33,97,132,42,14,54,28,63,10,37" hai3="83,41,93,50,64,113,44,47,31,40,39,106,82"/><U102/><E123/><V74/><F132/><W70/><G106/><T13/><D32/><U116/><E116/><V129/><F129/><W105/><G105/><T89/><D3/><U23/><E125/><V26/><F97/><W111/><G113/><T25/><D127/><U8/><E135/><V122/><F122/><W6/><G6/><T115/><D115/><U27/><E30/><V20/><F33/><W66/><G31/><T49/><D107/><U112/><E112/><V1/><F1/><W9/><G9/><T16/><D101/><U130/><E130/><V126/><F126/><W73/><G73/><T119/><D119/><U124/><E124/><V15/><F54/><W103/><G111/><T134/><D134/><U48/><E76/><V72/><F72/><W120/><G120/><T100/><D100/><U104/><E8/><V36/><F42/><W88/><G103/><T12/><D53/><U94/><E104/><V95/><F95/><W117/><G117/><T84/><D78/><U45/><REACH who="1" step="1"/><E7/><REACH who="1" ten="224,240,250,276" step="2"/><V110/><F110/><W46/><G70/><T75/><D75/><U67/><E67/><V43/><F10/><W65/><REACH who="3" step="1"/><G46/><REACH who="3" ten="224,240,250,266" step="2"/><T19/><REACH who="0" step="1"/><D25/><REACH who="0" ten="214,240,250,266" step="2"/><U108/><E108/><V71/><F74/><W18/><G18/><T4/><D4/><U58/><E58/><V24/><F26/><W51/><G51/><T99/><D99/><AGARI ba="0,3" hai="39,40,41,44,47,50,64,65,66,82,83,88,93,99" machi="99" ten="40,8000,1" yaku="1,1,52,1,54,1,53,1" doraHai="69" doraHaiUra="68" who="3" fromWho="0" sc="214,-80,240,0,250,0,266,110" /><INIT seed="2,0,0,2,2,91" ten="134,240,250,376" oya="2" hai0="31,85,12,4,111,108,92,55,19,115,11,2,63" hai1="14,88,87,135,23,57,125,96,28,5,131,0,7" hai2="123,37,62,8,106,56,134,120,110,33,78,42,46" hai3="24,25,20,119,3,38,52,36,13,6,15,121,129"/><V48/><F106/><W73/><G73/><T95/><D115/><U102/><E0/><V116/><F33/><W112/><G121/><N who="2" m="46665" /><F78/><W60/><G119/><T124/><D124/><U21/><E131/><V113/><F8/><W133/><G133/><T47/><D31/><U18/><E135/><V103/><F103/><W44/><G3/><T39/><D85/><U107/><E125/><V126/><F134/><W122/><G122/><T98/><D98/><U74/><E74/><V72/><F72/><W105/><G105/><T71/><D71/><U35/><E35/><V93/><F93/><N who="0" m="35914" /><D63/><U104/><E104/><V45/><F126/><W97/><G97/><T27/><D27/><U101/><E101/><V77/><F77/><W89/><G25/><T99/><D99/><U66/><E23/><V64/><F116/><W49/><G24/><T79/><D79/><U86/><E28/><V94/><F94/><W109/><G20/><T26/><D26/><U32/><E32/><V69/><F113/><W58/><G112/><T40/><D55/><U81/><E87/><V76/><F76/><W83/><G52/><T118/><D118/><U68/><E68/><V80/><F69/><W114/><G60/><T51/><D39/><U53/><E66/><V61/><F61/><AGARI ba="0,0" hai="5,7,14,18,21,53,57,61,81,86,88,96,102,107" machi="61" ten="30,2000,0" yaku="7,1,54,1" doraHai="91" who="1" fromWho="2" sc="134,0,240,20,250,-20,376,0" /><INIT seed="3,0,0,3,0,73" ten="134,260,230,376" oya="3" hai0="103,120,88,46,49,52,24,66,97,106,37,40,55" hai1="69,41,56,18,109,121,58,95,20,22,134,67,14" hai2="110,42,105,53,19,102,45,35,123,13,23,11,101" hai3="15,132,82,91,124,1,92,98,93,104,111,107,117"/><W65/><G1/><T74/><D120/><U30/><E121/><V21/><F123/><W12/><G65/><T34/><D74/><U26/><E134/><V9/><F110/><W114/><G15/><T127/><D127/><U112/><E109/><V27/><F35/><W64/><G64/><T119/><D119/><U61/><E112/><V79/><F105/><W32/><G12/><T54/><D66/><U44/><REACH who="1" step="1"/><E95/><REACH who="1" ten="134,250,230,376" step="2"/><V10/><F53/><W129/><G92/><T68/><D68/><U59/><E59/><V115/><F115/><W2/><G93/><T100/><D100/><U128/><E128/><V126/><F126/><W28/><G129/><T113/><D113/><U31/><E31/><V89/><F42/><W50/><G28/><T108/><D108/><U3/><E3/><V76/><F45/><W90/><G2/><T130/><D130/><U25/><E25/><V87/><F101/><W131/><G131/><T6/><D6/><U63/><E63/><V71/><F102/><W70/><G70/><T133/><D133/><U0/><E0/><V72/><F71/><W122/><G132/><T80/><D24/><U17/><E17/><N who="2" m="12719" /><F72/><W60/><G117/><T57/><REACH who="0" step="1"/><D34/><REACH who="0" ten="124,250,230,376" step="2"/><U83/><E83/><AGARI ba="0,2" hai="9,10,11,13,19,23,76,79,83,87,89" m="12719" machi="83" ten="30,3900,0" yaku="8,1,52,2" doraHai="73" who="2" fromWho="1" sc="124,0,250,-39,230,59,376,0" /><INIT seed="4,0,0,1,0,41" ten="124,211,289,376" oya="0" hai0="52,5,31,90,65,108,13,109,56,125,4,26,100" hai1="74,55,60,19,30,84,44,110,76,92,112,135,130" hai2="89,7,93,123,49,23,101,69,86,24,70,118,134" hai3="114,124,58,6,37,27,16,83,121,115,96,85,98"/><T63/><D125/><U9/><E74/><V95/><F123/><W73/><G121/><T117/><D117/><U105/><E105/><V66/><F118/><W15/><G124/><T28/><D100/><U57/><E110/><N who="0" m="42601" /><D90/><U99/><E130/><V68/><F134/><W104/><G73/><T94/><D94/><U21/><E135/><V18/><F66/><W78/><G37/><T47/><D13/><U59/><E112/><N who="3" m="43050" /><G58/><T43/><D65/><U20/><E30/><N who="0" m="11305" /><D26/><U17/><E59/><V33/><F33/><W39/><G39/><AGARI ba="0,0" hai="4,5,39,43,47,52,56,63" m="11305,42601" machi="39" ten="30,5800,0" yaku="10,1,52,1,54,1" doraHai="41" who="0" fromWho="3" sc="124,58,211,0,289,0,376,-58" /><INIT seed="4,1,0,4,0,67" ten="182,211,289,318" oya="0" hai0="35,30,88,97,25,2,126,50,64,90,108,112,57" hai1="104,56,118,4,101,100,95,116,23,76,40,38,9" hai2="117,109,51,127,132,59,125,22,85,73,115,19,29" hai3="28,5,24,106,7,8,128,134,105,70,75,93,83"/><T16/><D2/><U135/><E104/><V12/><F109/><W14/><G93/><T130/><D108/><U113/><E135/><V72/><F115/><W96/><G96/><T43/><D112/><U89/><E76/><V54/><F117/><W107/><G83/><T66/><D130/><U77/><E113/><V55/><F132/><W58/><G58/><T49/><D126/><N who="2" m="48138" /><F29/><W81/><G81/><T74/><D74/><U99/><E77/><V60/><F85/><W45/><G45/><AGARI ba="1,0" hai="12,19,22,45,51,54,55,59,60,72,73" m="48138" machi="45" ten="30,1000,0" yaku="18,1" doraHai="67" who="2" fromWho="3" sc="182,0,211,0,289,13,318,-13" /><INIT seed="5,0,0,3,5,125" ten="182,211,302,305" oya="1" hai0="49,72,67,84,38,111,115,35,97,85,135,12,62" hai1="3,133,46,20,36,76,93,124,23,114,45,21,53" hai2="79,58,14,34,32,63,65,86,77,102,129,5,55" hai3="82,50,25,87,24,43,118,96,128,130,105,92,1"/><U40/><E124/><V11/><F102/><N who="3" m="60679" /><G118/><T61/><D38/><U74/><E3/><V64/><F129/><N who="3" m="49771" /><G1/><T44/><D72/><U31/><E133/><V15/><F34/><W22/><G22/><T17/><D35/><U109/><E109/><V134/><F32/><W121/><G105/><T8/><D111/><U83/><E114/><V104/><F104/><W101/><G101/><T41/><D115/><U112/><E112/><V56/><F134/><W7/><G7/><T16/><D135/><U100/><E31/><V123/><F123/><W2/><G2/><T78/><D97/><U80/><E80/><V19/><F86/><W132/><G132/><T131/><D131/><U42/><E53/><V60/><F55/><W81/><G81/><N who="0" m="47159" /><D85/><U94/><REACH who="1" step="1"/><E100/><REACH who="1" ten="182,201,302,305" step="2"/><V122/><F122/><W88/><G121/><T28/><D28/><U70/><E70/><V0/><F0/><W119/><G119/><T90/><D90/><U48/><AGARI ba="0,1" hai="20,21,23,36,40,42,45,46,48,74,76,83,93,94" machi="48" ten="30,11700,0" yaku="1,1,0,1,53,2" doraHai="125" doraHaiUra="89" who="1" fromWho="1" sc="182,-39,201,127,302,-39,305,-39" /><INIT seed="5,1,0,5,5,42" ten="143,328,263,266" oya="1" hai0="120,99,21,128,38,88,26,130,57,134,64,55,25" hai1="10,39,53,43,28,8,24,46,41,95,56,61,126" hai2="18,101,84,4,129,90,33,67,12,11,115,32,82" hai3="20,22,105,77,19,119,94,92,7,31,74,100,71"/><U9/><E126/><V118/><F118/><W107/><G31/><T108/><D108/><U62/><E43/><V81/><F129/><W73/><G71/><T102/><D134/><U52/><E95/><V86/><F115/><W2/><G2/><T29/><D120/><U109/><E109/><V36/><F101/><W68/><G68/><T85/><D64/><U6/><E6/><V135/><F135/><W37/><G37/><T15/><D38/><U98/><E98/><V0/><F67/><W1/><G1/><T50/><D26/><U59/><REACH who="1" step="1"/><E8/><REACH who="1" ten="143,318,263,266" step="2"/><V114/><F114/><W111/><G111/><T30/><D15/><U17/><E17/><V47/><F0/><W91/><G19/><T58/><D30/><U3/><E3/><V124/><F4/><W60/><G7/><T48/><D128/><U133/><E133/><V132/><F124/><W23/><G94/><T131/><D131/><U121/><E121/><V96/><F96/><W13/><G92/><N who="0" m="54287" /><D130/><U70/><E70/><V65/><F132/><W78/><G107/><T93/><D50/><U35/><AGARI ba="1,1" hai="9,10,24,28,35,39,41,46,52,53,56,59,61,62" machi="35" ten="20,18000,2" yaku="1,1,0,1,7,1,9,1,52,1,54,1,53,1" doraHai="42" doraHaiUra="40" who="1" fromWho="1" sc="143,-61,318,193,263,-61,266,-61" /><INIT seed="5,2,0,4,2,67" ten="82,511,202,205" oya="1" hai0="113,48,29,36,61,58,8,68,49,109,134,74,82" hai1="92,89,130,104,51,96,0,11,131,9,44,31,66" hai2="25,60,78,77,98,14,103,21,32,50,65,128,63" hai3="2,99,135,80,108,45,57,42,124,56,120,15,73"/><U93/><E104/><V37/><F37/><W95/><G15/><T85/><D109/><U53/><E66/><V62/><F128/><W107/><G57/><T84/><D36/><U72/><E72/><V81/><F32/><W27/><G56/><T101/><D113/><U40/><E31/><V43/><F14/><W132/><G95/><T47/><D134/><N who="3" m="51241" /><G120/><T90/><D101/><U22/><E22/><V64/><F43/><W34/><G108/><T127/><D127/><U59/><E92/><N who="2" m="58823" /><F50/><W5/><G124/><T114/><D114/><U19/><E19/><N who="2" m="12479" /><F78/><N who="3" m="44111" /><G99/><T20/><D74/><U41/><E41/><V118/><F118/><W94/><G94/><T13/><D68/><U119/><E119/><V33/><F33/><W100/><G100/><T23/><D84/><AGARI ba="2,0" hai="60,62,63,64,65,77,81,84" m="12479,58823" machi="84" ten="30,1000,0" yaku="8,1" doraHai="67" who="2" fromWho="0" sc="82,-16,511,0,202,16,205,0" /><INIT seed="6,0,0,0,4,114" ten="66,511,218,205" oya="2" hai0="127,5,92,16,17,95,93,112,43,79,67,36,3" hai1="66,94,130,37,88,54,40,125,19,21,26,118,50" hai2="85,73,14,78,74,107,10,56,71,96,126,34,12" hai3="35,120,24,72,132,45,121,38,0,30,1,61,111"/><V108/><F71/><W117/><G111/><T69/><D112/><U68/><E118/><V81/><F34/><W47/><G47/><T76/><D127/><U109/><E109/><V59/><F108/><W70/><G132/><T22/><D36/><U20/><E125/><V98/><F126/><W27/><G27/><T116/><D43/><U124/><E124/><V39/><F39/><W11/><G11/><T106/><D106/><U133/><E133/><V63/><F59/><W75/><G117/><T87/><D116/><U103/><E130/><V82/><F107/><W18/><G18/><T23/><D3/><N who="3" m="1097" /><G121/><T49/><D5/><U65/><E68/><V28/><F28/><W44/><G44/><T15/><D49/><U46/><E103/><V33/><F33/><W86/><G86/><T58/><D69/><U48/><E21/><V129/><F129/><W8/><G8/><T62/><REACH who="0" step="1"/><D87/><REACH who="0" ten="56,511,218,205" step="2"/><N who="1" m="52511" /><E37/><V25/><F74/><W84/><G84/><T113/><D113/><U32/><E32/><V99/><F73/><W131/><G131/><T123/><D123/><U7/><E7/><V134/><F134/><W2/><G2/><T51/><D51/><U100/><E100/><V41/><F41/><N who="3" m="22711" /><G120/><T31/><D31/><U64/><E48/><V91/><F85/><W13/><G75/><T122/><D122/><U102/><E102/><V89/><F99/><W115/><G72/><T97/><D97/><U55/><AGARI ba="0,1" hai="19,20,26,40,46,50,54,55,64,65,66" m="52511" machi="55" ten="30,2000,0" yaku="8,1,54,1" doraHai="114" who="1" fromWho="1" sc="56,-5,511,30,218,-10,205,-5" /><INIT seed="7,0,0,1,1,89" ten="51,541,208,200" oya="3" hai0="34,38,134,33,23,48,128,12,122,124,25,125,113" hai1="36,43,51,72,17,57,129,54,44,80,40,6,77" hai2="10,70,104,66,78,108,87,79,21,85,31,112,0" hai3="16,119,19,132,2,8,39,131,5,35,98,109,61"/><W7/><G119/><T52/><D38/><U63/><E129/><V93/><F104/><W102/><G109/><T46/><D122/><U133/><E133/><V90/><F108/><W45/><G131/><T64/><D128/><U116/><E116/><V3/><F3/><W114/><G132/><T24/><D134/><U1/><E17/><V22/><F70/><W127/><G127/><T115/><D64/><U62/><E43/><V135/><F135/><W47/><G114/><N who="0" m="43531" /><D46/><U88/><E88/><N who="2" m="53391" /><F112/><W99/><G47/><T9/><D52/><U101/><E101/><V69/><F0/><W28/><G45/><T73/><D48/><U32/><E32/><N who="0" m="12393" /><D73/><U71/><E71/><V65/><F69/><W105/><G39/><T74/><D74/><U14/><E14/><V26/><F10/><AGARI ba="0,0" hai="1,6,10,36,40,44,51,54,57,62,63,72,77,80" machi="10" ten="40,2600,0" yaku="25,2" doraHai="89" who="1" fromWho="2" sc="51,0,541,26,208,-26,200,0" owari="51,-45.0,567,67.0,182,-22.0,200,0.0" /></mjloggm>