<mjloggm ver="2.3"><GO type="225" lobby="0"/><UN n0="%E5%B0%B1%E6%B4%BB%E7%94%9F%40%E5%B7%9D%E6%9D%91%E8%BB%8D%E5%9B%A3" n1="%E5%B7%9D%E6%9D%91%E6%99%83%E8%A3%95%EF%BC%88%E4%B8%A1%E6%96%B9%EF%BC%89" n2="%E6%96%B0%E4%B8%96%E7%95%8C%E3%81%AE%E7%B4%99" n3="%E9%A7%84%E5%A6%B9" dan="17,16,18,16" rate="2095.74,2049.20,2175.54,2147.34" sx="M,M,M,F"/><TAIKYOKU oya="0"/><INIT seed="0,0,0,2,5,49" ten="250,250,250,250" oya="0" hai0="74,135,122,101,2,111,59,40,36,12,8,7,20" hai1="6,97,95,79,47,60,83,17,5,70,62,128,41" hai2="43,38,93,29,22,21,3,91,61,72,15,23,32" hai3="10,64,67,88,65,45,76,52,100,92,98,9,27"/><T53/><D122/><U54/><E128/><V90/><F3/><W103/><G76/><T24/><D74/><U89/><E17/><V120/><F120/><W75/><G75/><T106/><D135/><U35/><E35/><V14/><F72/><W130/><G27/><T116/><D116/><U28/><E28/><V80/><F32/><W107/><G130/><T109/><D2/><U50/><E70/><V55/><F29/><W133/><G133/><T4/><D36/><U77/><E77/><V87/><F43/><W119/><G119/><T96/><D40/><U68/><E68/><V73/><F38/><W46/><G46/><T123/><D123/><U11/><E41/><V104/><F104/><W39/><G39/><T118/><D118/><U58/><E47/><V63/><F73/><W71/><G71/><T112/><D112/><U125/><E125/><V51/><F15/><W126/><G126/><T124/><D124/><U84/><REACH who="1" step="1"/><E11/><REACH who="1" ten="250,240,250,250" step="2"/><N who="3" m="4106" /><G107/><T66/><D4/><AGARI ba="0,1" hai="4,5,6,50,54,58,60,62,79,83,84,89,95,97" machi="4" ten="40,5200,0" yaku="1,1,8,1,52,1,53,0" doraHai="49" doraHaiUra="105" who="1" fromWho="0" sc="250,-52,240,62,250,0,250,0" /><INIT seed="1,0,0,0,0,20" ten="198,302,250,250" oya="1" hai0="77,45,110,104,39,33,98,15,16,82,23,34,97" hai1="14,62,9,81,115,63,119,0,30,4,76,116,101" hai2="32,27,95,112,67,123,46,120,1,12,31,5,26" hai3="128,35,85,42,96,18,17,125,60,114,135,87,25"/><U102/><E115/><V92/><F67/><W127/><G114/><T78/><D110/><U124/><E124/><N who="3" m="47690" /><G128/><T93/><D104/><U132/><E30/><N who="2" m="19543" /><F46/><W41/><G96/><T106/><D106/><U89/><E89/><V28/><F92/><W70/><G135/><T68/><D68/><U48/><E48/><V117/><F95/><W91/><G85/><T133/><D133/><U10/><E81/><V38/><F38/><W71/><G42/><T74/><D78/><U54/><E76/><V8/><F112/><W66/><G41/><T80/><D80/><U40/><E40/><V100/><F100/><W103/><G103/><T111/><D111/><U129/><E132/><V134/><F134/><W22/><G35/><T94/><D45/><U84/><E102/><V121/><F117/><W108/><G71/><T59/><D59/><U118/><E84/><V130/><F130/><W7/><G108/><T86/><D74/><U107/><E129/><V88/><F88/><W2/><G87/><T21/><D39/><U113/><E113/><V122/><N who="2" m="30720" /><DORA hai="44" /><V65/><F65/><W52/><G91/><N who="0" m="55487" /><D34/><U19/><E107/><V79/><F79/><W57/><G70/><T99/><D33/><U37/><E118/><V72/><F72/><W24/><G66/><T51/><D23/><N who="1" m="11767" /><E119/><V29/><F1/><W73/><G73/><T36/><D36/><U126/><E0/><V43/><F43/><W49/><G22/><AGARI ba="0,0" hai="5,8,12,22,27,28,29,31" m="30720,19543" machi="22" ten="60,8000,1" yaku="34,2,52,2" doraHai="20,44" who="2" fromWho="3" sc="198,0,302,0,250,80,250,-80" /><INIT seed="2,0,0,3,1,120" ten="198,302,330,170" oya="2" hai0="80,108,41,58,15,134,98,13,109,26,22,82,126" hai1="99,42,33,75,124,85,65,60,55,73,125,76,12" hai2="2,104,112,3,95,127,96,0,67,135,110,107,46" hai3="14,53,44,115,28,50,16,128,27,113,38,18,62"/><V29/><F112/><N who="3" m="43083" /><G38/><T51/><D126/><N who="1" m="48747" /><E33/><V117/><F117/><W7/><G128/><T32/><D134/><U35/><E35/><V106/><F127/><W54/><G7/><T122/><D32/><U111/><E111/><N who="0" m="42569" /><D122/><U79/><E55/><V34/><F67/><W105/><G105/><T59/><D98/><U70/><E12/><N who="0" m="4681" /><D41/><U6/><E42/><V20/><F96/><W77/><G77/><T86/><D51/><U69/><E99/><V49/><F34/><N who="3" m="20767" /><G14/><T97/><D97/><U9/><E76/><V101/><F49/><N who="3" m="28839" /><G62/><T87/><D87/><U71/><E85/><V68/><F110/><W37/><G37/><T45/><D45/><AGARI ba="0,0" hai="16,18,45,50,54" m="28839,20767,43083" machi="45" ten="30,2000,0" yaku="11,1,54,1" doraHai="120" who="3" fromWho="0" sc="198,-20,302,0,330,0,170,20" /><INIT seed="3,0,0,5,0,99" ten="178,302,330,190" oya="3" hai0="75,65,84,120,72,131,3,89,33,116,19,134,58" hai1="77,43,62,135,69,46,52,122,123,13,83,102,50" hai2="126,111,95,127,100,90,81,109,73,18,8,59,51" hai3="21,38,15,103,82,4,25,29,63,125,133,20,88"/><W39/><G103/><T49/><D116/><U48/><E135/><V96/><F51/><W91/><G133/><T68/><D68/><U80/><E102/><V105/><F59/><W55/><G125/><N who="2" m="47625" /><F81/><W70/><G70/><T42/><D33/><U22/><E80/><V97/><F73/><W118/><G118/><T36/><D3/><U32/><E32/><V60/><F60/><W28/><G39/><T101/><D36/><U85/><E62/><V106/><F106/><W76/><G38/><T119/><D120/><U27/><E69/><V7/><F18/><N who="3" m="10335" /><G4/><T107/><D119/><U53/><E13/><AGARI ba="0,0" hai="7,8,13,90,95,96,97,100,105,109,111" m="47625" machi="13" ten="30,2000,0" yaku="18,1,52,1" doraHai="99" who="2" fromWho="1" sc="178,0,302,-20,330,20,190,0" owari="178,-32.0,282,8.0,350,45.0,190,-21.0" /></mjloggm>