<mjloggm ver="2.3"><GO type="41" lobby="0"/><UN n0="%E9%85%94%E5%A5%B4%E4%BA%BA" n1="%E5%B0%B1%E6%B4%BB%E7%94%9F%40%E5%B7%9D%E6%9D%91%E8%BB%8D%E5%9B%A3" n2="%E3%83%8A%E3%83%AA%E3%82%B9%E3%82%BF" n3="%E7%A6%BF%E9%B7%B9%E4%B8%B8" dan="15,16,13,14" rate="2018.03,2160.14,1875.86,1951.36" sx="M,M,M,M"/><TAIKYOKU oya="0"/><INIT seed="0,0,0,3,4,73" ten="250,250,250,250" oya="0" hai0="11,6,64,127,65,71,29,135,40,101,3,120,51" hai1="18,102,5,13,17,42,30,131,33,67,85,123,116" hai2="81,72,49,55,104,23,12,25,107,78,106,99,117" hai3="68,91,62,125,118,46,21,36,2,57,43,15,52"/><T1/><D120/><U93/><E123/><V108/><F117/><W14/><G118/><T114/><D114/><U128/><E116/><V28/><F108/><W48/><G2/><T109/><D3/><U16/><E42/><V94/><F12/><W7/><G125/><T0/><D0/><U47/><E67/><V86/><F72/><W69/><G7/><T70/><D101/><U79/><E47/><V113/><F113/><W54/><G91/><T56/><D29/><U9/><E102/><V66/><F66/><W41/><G21/><T132/><D127/><U50/><E50/><V133/><F133/><N who="0" m="51274" /><D109/><U92/><E33/><V38/><F38/><W97/><G97/><T124/><D124/><U19/><E30/><V103/><REACH who="2" step="1"/><F107/><REACH who="2" ten="250,250,240,250" step="2"/><W83/><G14/><T8/><D65/><U27/><N who="1" m="4608" /><DORA hai="77" /><U63/><E27/><V74/><F74/><W82/><G15/><T96/><D11/><U37/><E37/><V76/><F76/><W105/><G105/><T110/><D110/><U59/><E131/><V32/><F32/><W31/><G31/><T58/><D64/><N who="1" m="39039" /><E128/><V134/><F134/><W95/><G95/><T22/><D71/><U129/><E129/><V39/><F39/><W90/><G68/><T119/><D70/><U44/><E93/><V60/><F60/><W111/><G69/><T112/><D112/><U115/><E115/><V53/><F53/><N who="3" m="34095" /><G111/><T122/><D119/><U26/><E26/><V121/><F121/><W89/><G36/><T84/><D122/><U88/><E79/><V87/><F87/><N who="3" m="50423" /><G54/><T130/><D130/><U10/><E10/><RYUUKYOKU ba="0,1" sc="250,-30,250,10,240,10,250,10" hai1="5,9,13,44,85,88,92" hai2="23,25,28,49,55,78,81,86,94,99,103,104,106" hai3="41,43,46,48,52,83,90" /><INIT seed="1,1,1,0,1,0" ten="220,260,250,260" oya="1" hai0="79,17,41,4,85,94,111,128,71,83,84,96,52" hai1="44,118,75,23,12,46,8,3,54,5,88,114,129" hai2="116,120,74,15,122,49,102,119,26,65,18,2,16" hai3="11,28,78,89,130,51,72,121,37,97,117,29,95"/><U33/><E33/><V133/><F74/><W61/><G121/><T107/><D107/><U132/><E75/><V106/><F65/><W100/><G37/><T7/><D71/><U47/><E118/><V70/><F70/><W135/><G117/><T59/><D128/><U35/><E35/><V10/><F102/><W86/><G130/><T27/><D85/><U131/><E114/><V6/><F49/><W108/><G108/><T55/><D41/><U40/><E132/><V127/><F106/><N who="3" m="63759" /><G135/><T64/><D64/><U62/><E40/><V115/><F133/><W43/><G61/><N who="0" m="36071" /><D55/><U21/><E3/><V34/><F127/><W98/><G11/><T31/><D31/><U22/><REACH who="1" step="1"/><E88/><REACH who="1" ten="220,250,250,260" step="2"/><V57/><F115/><W38/><G38/><T30/><D111/><U104/><E104/><V39/><F39/><W81/><G98/><T9/><D30/><U45/><N who="1" m="11776" /><DORA hai="19" /><U73/><E73/><V93/><F93/><W77/><G43/><T32/><D32/><U58/><AGARI ba="1,2" hai="5,8,12,21,22,23,54,58,62,129,131" m="11776" machi="58" ten="50,18000,2" yaku="1,1,0,1,52,4,53,0" doraHai="0,19" doraHaiUra="112,14" who="1" fromWho="1" sc="220,-61,250,203,250,-61,260,-61" /><INIT seed="1,2,0,3,0,2" ten="159,453,189,199" oya="1" hai0="65,129,110,57,94,16,62,58,83,40,67,77,68" hai1="122,55,13,1,19,66,36,0,52,11,126,35,105" hai2="25,116,34,76,84,132,73,91,20,4,104,90,92" hai3="112,69,74,61,99,113,103,63,98,82,8,127,114"/><U109/><E105/><V18/><F116/><W79/><G127/><T46/><D129/><U85/><E36/><V130/><F132/><W120/><G120/><T42/><D110/><U14/><E35/><V7/><F34/><W47/><G47/><T12/><D67/><U32/><E32/><V24/><F130/><W75/><G8/><T96/><D58/><U101/><E122/><V26/><F104/><W97/><G69/><T10/><D46/><U134/><E134/><V89/><F73/><N who="3" m="43375" /><G61/><T124/><D68/><U3/><E126/><V119/><F119/><W87/><G63/><T33/><D33/><U56/><E109/><V131/><F131/><W123/><G123/><T70/><D70/><U95/><E14/><N who="2" m="9303" /><F92/><W44/><G44/><T41/><D124/><U37/><E37/><V59/><F59/><W106/><G87/><N who="0" m="48623" /><D42/><U29/><E29/><V72/><F72/><AGARI ba="2,0" hai="72,74,75,97,98,99,103,106,112,113,114" m="43375" machi="72" ten="40,2600,0" yaku="34,2" doraHai="2" who="3" fromWho="2" sc="159,0,453,0,189,-32,199,32" /><INIT seed="2,0,0,5,4,80" ten="159,453,157,231" oya="2" hai0="83,42,92,41,7,107,124,24,18,27,135,103,91" hai1="122,6,33,10,87,57,93,69,113,115,12,125,75" hai2="49,133,53,31,101,62,32,116,44,100,73,51,131" hai3="64,132,58,74,76,1,20,36,52,110,26,59,54"/><V43/><F116/><W118/><G1/><T89/><D7/><U23/><E75/><V67/><F73/><W94/><G36/><T21/><D135/><U35/><E69/><V9/><F133/><W130/><G118/><T108/><D108/><U129/><E122/><V119/><F119/><W71/><G110/><T102/><D124/><U78/><E125/><V11/><F131/><W40/><G130/><T0/><D0/><U19/><E129/><V114/><F114/><W34/><G34/><T46/><D107/><U4/><E4/><V105/><F31/><W61/><G40/><T111/><D111/><U15/><E35/><V127/><F32/><W123/><G123/><T60/><D60/><U104/><E33/><V72/><F72/><W117/><G117/><T79/><D27/><U38/><E38/><V90/><F90/><W3/><G3/><T5/><D5/><U66/><E104/><V16/><F127/><W28/><G132/><T30/><D18/><U112/><E57/><N who="2" m="37327" /><F105/><W99/><G76/><T39/><D42/><U45/><E45/><N who="2" m="27823" /><F9/><W50/><G74/><T84/><REACH who="0" step="1"/><D91/><REACH who="0" ten="149,453,157,231" step="2"/><N who="1" m="53503" /><E112/><V37/><F37/><W48/><G94/><T82/><D82/><U70/><E115/><V96/><F96/><AGARI ba="0,1" hai="20,26,28,48,50,52,54,58,59,61,64,71,96,99" machi="96" ten="40,2600,0" yaku="9,1,54,1" doraHai="80" who="3" fromWho="2" sc="149,0,453,0,157,-26,231,36" /><AGARI ba="0,0" hai="21,24,30,39,41,46,79,83,84,89,92,96,102,103" machi="96" ten="30,7700,0" yaku="1,1,7,1,52,1,53,1" doraHai="80" doraHaiUra="17" who="0" fromWho="2" sc="149,77,453,0,131,-77,267,0" /><INIT seed="3,0,0,3,2,77" ten="226,453,54,267" oya="3" hai0="112,72,95,70,27,55,21,99,33,119,2,84,102" hai1="59,4,85,62,11,131,113,111,42,52,31,76,50" hai2="9,126,132,0,65,90,26,81,97,49,63,96,60" hai3="64,53,109,7,117,44,78,130,36,87,73,94,3"/><W98/><G117/><T129/><D70/><U127/><E111/><V34/><F0/><W74/><G109/><T29/><D2/><U108/><E127/><V5/><F9/><W89/><G64/><T46/><D72/><U61/><E108/><V41/><F5/><W6/><G130/><T57/><D119/><U56/><E131/><V58/><F26/><W37/><G73/><T110/><D110/><U133/><E133/><V17/><F34/><W35/><G35/><T118/><D118/><U47/><E113/><V16/><F17/><W134/><G134/><T83/><D129/><U68/><E31/><V82/><F132/><W121/><G121/><T43/><D112/><U12/><E68/><V1/><F1/><W123/><G123/><T67/><D33/><U75/><E75/><V48/><F126/><W93/><G3/><T79/><D55/><U105/><E105/><V32/><F16/><W128/><G128/><T20/><D20/><U22/><E22/><V25/><F32/><W10/><G10/><T71/><D71/><U51/><E59/><V101/><F25/><W69/><G69/><T106/><D106/><U80/><AGARI ba="0,0" hai="4,11,12,42,47,50,51,52,56,61,62,76,80,85" machi="80" ten="30,12000,2" yaku="0,1,25,2,8,1,52,1,54,1" doraHai="77" who="1" fromWho="1" sc="226,-30,453,120,54,-30,267,-60" /><INIT seed="4,0,0,1,1,70" ten="196,573,24,207" oya="0" hai0="61,64,113,50,65,43,124,69,49,77,32,105,68" hai1="30,55,101,110,99,85,40,132,84,122,128,53,79" hai2="111,116,57,16,89,120,75,78,73,88,4,2,24" hai3="125,46,96,58,100,44,126,114,35,42,86,37,83"/><T34/><D77/><U48/><E122/><V59/><F111/><W67/><G35/><T54/><D105/><U91/><E110/><V98/><F120/><W107/><G114/><T117/><D34/><U94/><E128/><V41/><F116/><W106/><G107/><T131/><D32/><U112/><E112/><V13/><F98/><W33/><G33/><T97/><D97/><U0/><E132/><V115/><F115/><W134/><G134/><T12/><D12/><U123/><E123/><V66/><F24/><W56/><G44/><N who="0" m="25759" /><D113/><U82/><E0/><V10/><F66/><W27/><G27/><T52/><D117/><U38/><E38/><V23/><F73/><W51/><G67/><N who="0" m="25675" /><D131/><U5/><E5/><V29/><F29/><W135/><G135/><T87/><D87/><U90/><E30/><V119/><F119/><W72/><G72/><T62/><D124/><U19/><E19/><V127/><F127/><N who="3" m="48651" /><G51/><T45/><D61/><U39/><E39/><V9/><F9/><W95/><G106/><T6/><D6/><U22/><E22/><V63/><F41/><W74/><G74/><T133/><D133/><U17/><E17/><V7/><F7/><W15/><G15/><T71/><D71/><U118/><E118/><V26/><F26/><W18/><G18/><T25/><D25/><U28/><E28/><V31/><F31/><W76/><AGARI ba="0,0" hai="37,42,46,56,58,76,83,86,95,96,100" m="48651" machi="76" ten="30,2000,0" yaku="18,1,52,1" doraHai="70" who="3" fromWho="3" sc="196,-10,573,-5,24,-5,207,20" /><INIT seed="5,0,0,4,2,112" ten="186,568,19,227" oya="1" hai0="48,99,88,21,97,77,46,58,113,84,49,44,43" hai1="127,52,80,8,64,108,51,36,13,2,18,16,135" hai2="26,3,101,119,20,66,131,47,32,74,61,125,54" hai3="71,79,111,115,103,62,83,45,76,92,24,100,70"/><U78/><E36/><V104/><F3/><W98/><G115/><T126/><D113/><U34/><E34/><V89/><F89/><W132/><G24/><T87/><D126/><U63/><E2/><V122/><F125/><W86/><G45/><T129/><D129/><U60/><E108/><V110/><F122/><W102/><G111/><T69/><D69/><U35/><E35/><V22/><F110/><W29/><G29/><T33/><D33/><U7/><E135/><V124/><F124/><W116/><G116/><T81/><D58/><U134/><E134/><V130/><F74/><W133/><G62/><T1/><D21/><U50/><E50/><V75/><F75/><W37/><G37/><T53/><REACH who="0" step="1"/><D1/><REACH who="0" ten="176,568,19,227" step="2"/><U114/><E127/><V41/><F119/><W17/><G17/><T12/><D12/><U25/><E114/><V107/><F54/><W14/><G14/><T56/><D56/><U0/><E25/><V121/><F20/><W106/><G70/><T31/><D31/><U38/><E38/><N who="2" m="21943" /><F121/><W65/><G65/><T15/><D15/><U118/><E118/><V82/><F82/><AGARI ba="0,1" hai="43,44,46,48,49,53,77,81,82,84,87,88,97,99" machi="82" ten="30,7700,0" yaku="1,1,7,1,8,1,54,1,53,0" doraHai="112" doraHaiUra="9" who="0" fromWho="2" sc="176,87,568,0,19,-77,227,0" owari="263,6.0,568,67.0,-58,-56.0,227,-17.0" /></mjloggm>