<mjloggm ver="2.3"><GO type="41" lobby="0"/><UN n0="%E5%A4%8F%E5%B7%9D%E3%81%BE%E3%82%86%E3%82%8A" n1="%E5%B0%B1%E6%B4%BB%E7%94%9F%40%E5%B7%9D%E6%9D%91%E8%BB%8D%E5%9B%A3" n2="%73%68%69%67%65%74%69%6F" n3="%E3%81%88%E3%82%8B%E3%82%82" dan="15,17,14,14" rate="1975.94,2107.75,1921.18,1876.34" sx="F,M,M,M"/><TAIKYOKU oya="0"/><INIT seed="0,0,0,5,5,14" ten="250,250,250,250" oya="0" hai0="1,108,32,132,63,0,82,134,91,114,130,2,54" hai1="77,109,21,52,39,66,98,45,121,103,24,33,78" hai2="41,71,117,30,61,123,17,58,70,51,129,102,27" hai3="8,112,42,43,111,113,18,6,115,46,131,5,68"/><T56/><D32/><U120/><E33/><V110/><F117/><W106/><G106/><T16/><D114/><U96/><E109/><V135/><F123/><W128/><G68/><T89/><D108/><U87/><E66/><V55/><F110/><W3/><G111/><T28/><D28/><U19/><E96/><V107/><F71/><W29/><G29/><T99/><D130/><N who="3" m="49705" /><G6/><T59/><D59/><U44/><E44/><V118/><F70/><W48/><G18/><T23/><D99/><U37/><E37/><V65/><F17/><W85/><G85/><T50/><D63/><U67/><E67/><V73/><F73/><W25/><G25/><N who="0" m="14567" /><D82/><U35/><E35/><V64/><F118/><W57/><G57/><T31/><D31/><U69/><E69/><V105/><F58/><W88/><G43/><T86/><D86/><U79/><E87/><V94/><F41/><W104/><G104/><T72/><D72/><U100/><E100/><V127/><F107/><W90/><AGARI ba="0,0" hai="3,5,8,42,46,48,88,90,112,113,115" m="49705" machi="90" ten="40,2700,0" yaku="19,1,54,1" doraHai="14" who="3" fromWho="3" sc="250,-13,250,-7,250,-7,250,27" /><INIT seed="1,0,0,3,3,93" ten="237,243,243,277" oya="1" hai0="124,101,81,77,87,2,88,121,132,94,86,3,39" hai1="52,15,116,120,42,13,55,10,118,79,62,45,56" hai2="34,19,53,66,98,112,127,20,130,48,33,80,111" hai3="131,96,44,125,83,26,117,46,1,95,57,73,107"/><U103/><E120/><V31/><F112/><W27/><G1/><T49/><D121/><U47/><E79/><V0/><F0/><W64/><G125/><T11/><D39/><U76/><E76/><V23/><F127/><W78/><G107/><T17/><D124/><U69/><E103/><V134/><F80/><W82/><G82/><T97/><D132/><U8/><E69/><V110/><F66/><W50/><G131/><T61/><D61/><U12/><E55/><V133/><F31/><W43/><G117/><T32/><D32/><N who="2" m="12394" /><F98/><W90/><G57/><T54/><D17/><U115/><E115/><V59/><F23/><W40/><REACH who="3" step="1"/><G64/><REACH who="3" ten="237,243,243,267" step="2"/><T37/><D2/><U30/><E118/><V99/><F130/><W58/><G58/><T6/><D37/><AGARI ba="0,1" hai="26,27,37,40,43,44,46,50,73,78,83,90,95,96" machi="37" ten="30,3900,0" yaku="1,1,7,1,52,1,53,0" doraHai="93" doraHaiUra="135" who="3" fromWho="0" sc="237,-39,243,0,243,0,267,49" /><INIT seed="2,0,0,1,2,30" ten="198,243,243,316" oya="2" hai0="6,99,61,112,20,21,105,60,17,104,108,80,88" hai1="65,8,120,91,116,2,53,133,78,92,19,68,48" hai2="33,131,49,123,36,71,1,4,76,74,14,41,63" hai3="42,31,56,83,109,12,73,93,7,15,57,51,75"/><V89/><F123/><W44/><G109/><T117/><D112/><U29/><E133/><V127/><F89/><W16/><G75/><T119/><D108/><U96/><E116/><N who="0" m="44617" /><D6/><U94/><E120/><V27/><F14/><W46/><G31/><T100/><D105/><U97/><E78/><V67/><F49/><W43/><G93/><T81/><D20/><U128/><E29/><V122/><F27/><W79/><G7/><T38/><D38/><U0/><E128/><V126/><F131/><W10/><REACH who="3" step="1"/><G15/><REACH who="3" ten="198,243,243,306" step="2"/><N who="0" m="9407" /><D80/><U101/><E2/><V110/><F1/><W23/><G23/><T18/><D18/><U34/><E19/><V85/><F110/><W47/><G47/><T130/><D130/><U114/><E8/><V84/><F4/><W26/><G26/><T106/><D106/><U102/><E0/><V45/><F122/><W39/><AGARI ba="0,1" hai="10,12,16,39,42,43,44,46,51,56,57,73,79,83" machi="39" ten="20,8000,1" yaku="1,1,0,1,7,1,54,1,53,1" doraHai="30" doraHaiUra="77" who="3" fromWho="3" sc="198,-20,243,-20,243,-40,306,90" /><INIT seed="3,0,0,3,5,21" ten="178,223,203,396" oya="3" hai0="41,27,101,126,85,112,76,130,1,16,131,42,71" hai1="72,110,123,10,66,63,60,64,124,114,77,43,34" hai2="100,25,107,62,81,23,0,78,88,2,8,102,65" hai3="13,19,94,68,55,109,18,40,22,111,53,119,49"/><W20/><G119/><T74/><D74/><U69/><E34/><V9/><F0/><W33/><G33/><T98/><D1/><U83/><E114/><V7/><F9/><W36/><G68/><T80/><D71/><U75/><E123/><V48/><F48/><W73/><G73/><T97/><D112/><U108/><E124/><V32/><F32/><W120/><G36/><T44/><D126/><U129/><E129/><N who="0" m="49161" /><D44/><U61/><E75/><V91/><F78/><W115/><G120/><T39/><D39/><U106/><E106/><V96/><F81/><W3/><G3/><T14/><D98/><U58/><E43/><V17/><REACH who="2" step="1"/><F102/><REACH who="2" ten="178,223,193,396" step="2"/><W4/><G115/><T59/><D101/><U51/><E51/><V89/><F89/><W46/><G49/><T117/><D80/><U15/><REACH who="1" step="1"/><E63/><REACH who="1" ten="178,213,193,396" step="2"/><V134/><F134/><W82/><G40/><T28/><D42/><U93/><E93/><V57/><AGARI ba="0,2" hai="2,7,8,17,23,25,57,62,65,88,91,96,100,107" machi="57" ten="20,8000,1" yaku="1,1,0,1,7,1,52,1,54,1,53,0" doraHai="21" doraHaiUra="26" who="2" fromWho="2" sc="178,-20,213,-20,193,100,396,-40" /><INIT seed="4,0,0,4,0,36" ten="158,193,293,356" oya="0" hai0="21,51,117,97,94,102,35,45,32,48,121,79,95" hai1="23,129,84,114,122,4,3,115,113,91,73,18,88" hai2="82,59,40,55,44,93,8,124,63,70,16,125,99" hai3="81,49,15,128,68,109,96,86,75,74,76,135,126"/><T54/><D121/><U133/><E122/><V50/><F82/><W61/><G109/><T131/><D117/><U65/><E73/><V83/><F83/><W0/><G0/><T58/><D131/><U53/><E129/><V130/><F130/><W120/><G120/><T104/><D79/><U47/><E133/><V2/><F70/><W64/><G128/><T13/><D13/><U37/><E65/><V134/><F134/><W6/><G126/><T107/><D21/><U72/><E72/><V118/><F118/><W41/><G96/><T123/><D123/><U39/><E4/><V28/><F28/><W98/><G98/><T78/><D78/><U14/><E3/><V92/><F92/><W66/><G66/><T34/><REACH who="0" step="1"/><D107/><REACH who="0" ten="148,193,293,356" step="2"/><U38/><E84/><V46/><F125/><W116/><G116/><T80/><D80/><U19/><E19/><V24/><F124/><W119/><G119/><T60/><D60/><U52/><E53/><AGARI ba="0,1" hai="32,34,35,45,48,51,53,54,58,94,95,97,102,104" machi="53" ten="40,2000,0" yaku="1,1,53,0" doraHai="36" doraHaiUra="12" who="0" fromWho="1" sc="148,30,193,-20,293,0,356,0" /><INIT seed="4,1,0,5,1,42" ten="178,173,293,356" oya="0" hai0="41,126,22,74,133,125,63,134,99,46,65,76,96" hai1="81,16,130,51,34,92,78,13,123,3,72,131,58" hai2="84,21,69,80,75,77,28,128,101,52,45,56,8" hai3="79,108,0,117,64,49,35,70,98,118,100,113,55"/><T110/><D22/><U17/><E3/><V43/><F128/><N who="1" m="49193" /><E123/><V91/><F69/><W129/><G0/><T29/><D110/><U107/><E107/><V90/><F101/><W10/><G35/><T121/><D29/><U62/><E34/><V6/><F28/><W73/><G10/><T47/><D121/><U24/><E24/><V68/><F21/><W38/><G79/><T103/><D76/><U57/><E92/><V114/><F68/><W105/><G73/><T112/><D74/><U9/><E51/><V53/><F114/><W132/><G38/><N who="0" m="21815" /><D112/><U25/><E62/><V40/><F45/><W61/><G108/><T19/><D47/><U119/><E119/><V32/><F32/><W12/><G12/><T104/><D99/><U48/><E48/><V23/><F53/><W111/><G111/><T88/><D19/><U44/><E44/><V106/><F23/><AGARI ba="1,0" hai="9,13,16,17,23,25,57,58,72,78,81" m="49193" machi="23" ten="30,2000,0" yaku="19,1,54,1" doraHai="42" who="1" fromWho="2" sc="178,0,173,23,293,-23,356,0" /><INIT seed="5,0,0,1,3,113" ten="178,196,270,356" oya="1" hai0="6,118,68,44,22,75,135,123,51,73,111,71,45" hai1="41,87,99,64,61,48,0,43,56,88,98,2,9" hai2="38,16,82,19,20,25,112,81,76,60,100,58,37" hai3="27,115,29,117,110,36,80,131,127,3,21,128,102"/><U90/><E2/><V74/><F112/><W14/><G36/><T130/><D111/><U119/><E119/><V106/><F82/><W79/><G3/><T54/><D123/><U63/><E0/><V50/><F50/><W65/><G110/><T108/><D108/><U114/><E114/><V23/><F100/><W125/><G115/><T24/><D118/><U95/><E9/><V107/><F38/><W124/><G65/><T93/><D135/><U46/><E41/><V39/><F37/><W42/><G42/><T31/><D130/><N who="3" m="49705" /><G102/><T129/><D129/><U109/><E109/><V66/><REACH who="2" step="1"/><F39/><REACH who="2" ten="178,196,260,356" step="2"/><W52/><G80/><T105/><D51/><U97/><REACH who="1" step="1"/><E61/><REACH who="1" ten="178,186,260,356" step="2"/><V104/><F104/><W55/><G117/><T47/><D105/><U83/><AGARI ba="0,2" hai="43,46,48,56,63,64,83,87,88,90,95,97,98,99" machi="83" ten="20,18000,2" yaku="1,1,2,1,0,1,7,1,8,1,54,1,53,1" doraHai="113" doraHaiUra="59" who="1" fromWho="1" sc="178,-60,186,200,260,-60,356,-60" /><INIT seed="5,1,0,1,2,95" ten="118,386,200,296" oya="1" hai0="38,91,45,23,83,20,7,68,107,115,39,117,40" hai1="75,29,57,59,94,114,55,10,60,73,32,71,5" hai2="33,82,113,13,9,51,76,64,89,108,130,131,14" hai3="37,54,111,119,92,15,123,100,104,2,1,86,8"/><U48/><E114/><V63/><F33/><W124/><G37/><T129/><D107/><U106/><E106/><V61/><F113/><W128/><G111/><T66/><D115/><U121/><E71/><V17/><F108/><W74/><G74/><T122/><D122/><U3/><E121/><V118/><F118/><W98/><G123/><T125/><D117/><U105/><E105/><V133/><F133/><W0/><G119/><T93/><D129/><N who="2" m="49162" /><F89/><W90/><G124/><T16/><D125/><U67/><E32/><V62/><F64/><W110/><G110/><T53/><D38/><U42/><E29/><V6/><F51/><W56/><G128/><T4/><D83/><U102/><REACH who="1" step="1"/><E42/><REACH who="1" ten="118,376,200,296" step="2"/><V28/><F28/><W116/><G116/><T65/><D68/><U52/><E52/><V77/><F82/><W50/><G2/><T127/><D53/><U11/><E11/><AGARI ba="1,1" hai="6,9,11,13,14,17,61,62,63,76,77" m="49162" machi="11" ten="30,1000,0" yaku="19,1" doraHai="95" who="2" fromWho="1" sc="118,0,376,-13,200,23,296,0" /><INIT seed="6,0,0,3,4,99" ten="118,363,223,296" oya="2" hai0="67,102,81,27,105,9,94,74,97,32,58,77,121" hai1="39,100,3,33,26,51,134,20,68,12,91,40,64" hai2="70,65,53,18,37,109,10,60,119,101,29,95,7" hai3="98,8,21,49,107,90,127,115,59,71,125,56,130"/><V89/><F119/><W124/><G71/><T128/><D121/><U122/><E3/><V83/><F37/><W17/><G130/><T15/><D128/><U76/><E39/><V30/><F109/><W82/><G115/><T14/><D32/><U104/><E33/><V103/><F83/><W6/><G82/><T118/><D118/><U129/><E76/><V0/><F53/><W78/><G78/><T43/><D43/><U62/><E129/><V28/><REACH who="2" step="1"/><F18/><REACH who="2" ten="118,363,213,296" step="2"/><W79/><G17/><T73/><D81/><U13/><E122/><V72/><F72/><W35/><G125/><T113/><D74/><U22/><E134/><V69/><F69/><W34/><G127/><T84/><D73/><U132/><E132/><V93/><F93/><W38/><G38/><T120/><D94/><U2/><E40/><V126/><F126/><W23/><G124/><T31/><D120/><U106/><E104/><V54/><F54/><W48/><G107/><T24/><D105/><U47/><E106/><V110/><F110/><W133/><G133/><T75/><D75/><U11/><E68/><V4/><F4/><W46/><G6/><T131/><D131/><U80/><E80/><V45/><F45/><W61/><G46/><T117/><D117/><U5/><E47/><V52/><F52/><W123/><G123/><T108/><D108/><U36/><E36/><V111/><F111/><W135/><G135/><T86/><D67/><U114/><E64/><V41/><F41/><W1/><G59/><T44/><D58/><U25/><E114/><V16/><F16/><W63/><G56/><RYUUKYOKU ba="0,1" sc="118,-10,363,-10,213,30,296,-10" hai2="0,7,10,28,29,30,60,65,70,89,95,101,103" /><INIT seed="6,1,1,0,0,85" ten="108,353,243,286" oya="2" hai0="109,42,77,4,9,99,7,28,48,60,65,97,63" hai1="52,10,30,98,86,24,49,29,19,15,118,110,80" hai2="31,56,135,94,0,3,101,131,1,17,126,20,8" hai3="81,6,75,103,79,114,25,53,89,64,87,112,44"/><V39/><F39/><W104/><G64/><T111/><D77/><U134/><E110/><V93/><F131/><W46/><G6/><T36/><D28/><U43/><E134/><V106/><F31/><W71/><G71/><T22/><D22/><U130/><E118/><V127/><F135/><W105/><G25/><T72/><D72/><U129/><E43/><V27/><F8/><W120/><G120/><T34/><D36/><U108/><E98/><N who="2" m="61751" /><F56/><W26/><G26/><T2/><D42/><U125/><E125/><AGARI ba="1,1" hai="0,1,3,17,20,27,93,94,125,126,127" m="61751" machi="125" ten="40,2000,0" yaku="18,1" doraHai="85" who="2" fromWho="1" sc="108,0,353,-23,243,33,286,0" /><INIT seed="6,2,0,0,0,30" ten="108,330,276,286" oya="2" hai0="28,48,65,73,66,18,97,101,60,104,22,26,27" hai1="130,132,118,105,21,59,125,96,127,56,0,64,44" hai2="116,117,88,77,40,92,107,53,93,19,129,121,94" hai3="76,6,15,12,119,55,68,87,63,84,135,13,83"/><V57/><F107/><W11/><G119/><T32/><D73/><U41/><E0/><V120/><F40/><W45/><G135/><T33/><D48/><U46/><E118/><N who="2" m="45675" /><F19/><W134/><G134/><T20/><REACH who="0" step="1"/><D66/><REACH who="0" ten="98,330,276,286" step="2"/><U71/><E64/><V23/><F121/><W47/><G63/><T100/><D100/><U110/><E132/><V122/><F120/><W37/><G37/><T29/><D29/><U82/><E127/><V75/><F122/><W17/><G68/><AGARI ba="2,1" hai="18,20,22,26,27,28,32,33,60,65,68,97,101,104" machi="68" ten="30,7700,0" yaku="1,1,7,1,52,2,53,0" doraHai="30" doraHaiUra="10" who="0" fromWho="3" sc="98,93,330,0,276,0,286,-83" /><INIT seed="7,0,0,0,0,128" ten="191,330,276,203" oya="3" hai0="39,92,81,72,84,79,25,1,85,57,51,86,33" hai1="37,64,110,130,59,19,113,104,56,65,111,8,127" hai2="99,52,96,82,98,74,134,119,7,95,53,29,120" hai3="133,55,49,108,109,106,4,3,47,30,48,50,45"/><W124/><G106/><T73/><D1/><U60/><E37/><V2/><F119/><W54/><G30/><T28/><D39/><U14/><E104/><V105/><F29/><W67/><G3/><T132/><D132/><U131/><E113/><V78/><F120/><W107/><G4/><T38/><D38/><U0/><E0/><V103/><F134/><W18/><G107/><T61/><D51/><U114/><E114/><V12/><F2/><W89/><G133/><T83/><D92/><U21/><E127/><V102/><F7/><W9/><G124/><T70/><D70/><U71/><E8/><V43/><F43/><W101/><G101/><T87/><REACH who="0" step="1"/><D83/><REACH who="0" ten="181,330,276,203" step="2"/><U88/><E110/><N who="3" m="42602" /><G67/><AGARI ba="0,1" hai="25,28,33,57,61,67,72,73,79,81,84,85,86,87" machi="67" ten="40,1300,0" yaku="1,1,53,0" doraHai="128" doraHaiUra="90" who="0" fromWho="3" sc="181,23,330,0,276,0,203,-13" owari="204,-20.0,330,43.0,276,8.0,190,-31.0" /></mjloggm>