<mjloggm ver="2.3"><GO type="97" lobby="0"/><UN n0="%41%4B%42%2D%34%38" n1="%E5%80%89%E6%A9%8B%EF%BC%A0%E4%BA%8B%E5%8B%99" n2="%E3%83%88%E3%83%88%E3%83%AA%E5%85%88%E7%94%9F%31%39%E6%AD%B3" n3="%E5%95%BC%E3%81%8D%E9%9B%80" dan="14,15,14,15" rate="1962.42,1990.71,2043.81,2018.16" sx="M,M,F,M"/><TAIKYOKU oya="0"/><INIT seed="0,0,0,3,0,39" ten="250,250,250,250" oya="0" hai0="102,96,7,83,79,110,41,25,101,54,88,75,60" hai1="133,19,123,6,0,2,98,115,91,122,116,71,53" hai2="44,31,24,55,27,131,57,20,117,109,74,34,28" hai3="10,42,14,4,89,32,80,5,104,76,108,16,30"/><T11/><D110/><U63/><E116/><V56/><F74/><W12/><G104/><T72/><D25/><U52/><E71/><V69/><F69/><W114/><G114/><T47/><D75/><U134/><E19/><V38/><F109/><W29/><G108/><T61/><D61/><U111/><E111/><V119/><F131/><W132/><G89/><T40/><D88/><U126/><E115/><V62/><REACH who="2" step="1"/><F57/><REACH who="2" ten="250,250,240,250" step="2"/><W26/><G132/><T48/><D60/><U8/><E63/><V113/><F113/><W103/><G30/><T127/><D127/><U93/><E126/><V73/><F73/><W85/><G103/><T97/><D102/><U124/><E124/><V121/><F121/><W90/><G90/><T23/><D23/><U45/><E123/><V82/><F82/><W94/><G94/><T128/><D128/><U49/><E122/><V21/><F21/><W58/><G58/><T84/><D72/><U22/><E22/><V35/><F35/><W50/><REACH who="3" step="1"/><G14/><REACH who="3" ten="250,250,240,240" step="2"/><N who="0" m="5503" /><D101/><U86/><E0/><V33/><F33/><W67/><G67/><T59/><D59/><U37/><E134/><V77/><F77/><W13/><G13/><T1/><D1/><U9/><E133/><V105/><F105/><W43/><G43/><AGARI ba="0,2" hai="40,41,43,47,48,54,79,83,84,96,97" m="5503" machi="43" ten="30,11600,0" yaku="8,1,52,3" doraHai="39" who="0" fromWho="3" sc="250,136,250,0,240,0,240,-116" /><AGARI ba="0,0" hai="20,24,27,28,31,34,38,43,44,55,56,62,117,119" machi="43" ten="40,2600,0" yaku="1,1,52,1,53,0" doraHai="39" doraHaiUra="100" who="2" fromWho="3" sc="386,0,250,0,240,26,124,-26" /><INIT seed="0,1,0,2,0,14" ten="386,250,266,98" oya="0" hai0="35,74,76,82,46,44,34,89,77,13,56,57,96" hai1="48,62,105,100,49,8,26,134,37,108,19,7,73" hai2="31,112,60,83,132,88,4,116,99,15,40,20,28" hai3="64,107,32,12,9,78,3,11,25,47,129,102,58"/><T121/><D121/><U18/><E37/><V110/><F112/><W117/><G117/><T94/><D77/><U95/><E73/><V130/><F116/><W113/><G113/><T126/><D126/><U0/><E105/><V92/><F110/><W93/><G107/><T80/><D80/><U87/><E108/><V36/><F130/><W128/><G78/><T17/><D35/><U127/><E127/><V71/><F132/><W101/><G47/><T5/><D5/><U90/><E134/><V39/><F71/><W51/><G3/><T45/><REACH who="0" step="1"/><D34/><REACH who="0" ten="376,250,266,98" step="2"/><U103/><E7/><V24/><F83/><W85/><G32/><T86/><D86/><U65/><E87/><V120/><F4/><W133/><G133/><T98/><D98/><U109/><E109/><V75/><F99/><W27/><G85/><T131/><D131/><U30/><E103/><V53/><F120/><W68/><G102/><T67/><D67/><U38/><E100/><V115/><F115/><W111/><G111/><T66/><D66/><U50/><E65/><V23/><F75/><W84/><G64/><T72/><D72/><U135/><E135/><V55/><F88/><W54/><G84/><T114/><D114/><U97/><E90/><V70/><F70/><W61/><G101/><T124/><D124/><U22/><E97/><V106/><F106/><W118/><G118/><T59/><D59/><U10/><E95/><V91/><F92/><W33/><G33/><T63/><D63/><U69/><E62/><V1/><F91/><W122/><G93/><T123/><D123/><U6/><E69/><RYUUKYOKU ba="1,1" sc="376,30,250,-10,266,-10,98,-10" hai0="13,17,44,45,46,56,57,74,76,82,89,94,96" /><INIT seed="0,2,1,1,2,42" ten="406,240,256,88" oya="0" hai0="60,44,127,2,57,94,73,102,12,64,47,30,79" hai1="70,6,8,132,4,135,80,78,3,96,90,116,9" hai2="15,21,131,41,128,52,88,124,40,130,63,25,51" hai3="68,111,115,75,55,97,126,53,0,32,49,77,48"/><T86/><D2/><U23/><E70/><V39/><F39/><W11/><G115/><T134/><D73/><U121/><E116/><V69/><F15/><W71/><G32/><T76/><D30/><U37/><E37/><V112/><F124/><W59/><G126/><T22/><D127/><U123/><E23/><V29/><F112/><W93/><G111/><T54/><D134/><N who="1" m="51243" /><E90/><V19/><F29/><W106/><G106/><T74/><D74/><N who="1" m="43095" /><E96/><V109/><F109/><W122/><G122/><T58/><D12/><AGARI ba="2,1" hai="3,4,6,8,9,12,121,123" m="43095,51243" machi="12" ten="30,1000,0" yaku="20,1" doraHai="42" who="1" fromWho="0" sc="406,-16,240,26,256,0,88,0" /><INIT seed="1,0,0,5,1,81" ten="390,266,256,88" oya="1" hai0="26,50,106,43,121,95,48,17,8,21,101,66,68" hai1="6,73,103,37,52,10,54,56,92,111,51,7,3" hai2="135,44,84,123,75,32,80,124,77,69,19,133,110" hai3="96,59,117,72,90,53,119,47,25,79,29,86,11"/><U87/><E73/><V55/><F123/><W18/><G47/><T39/><D106/><U23/><E37/><V88/><F69/><W113/><G113/><T20/><D68/><U24/><E111/><V71/><F71/><W114/><G114/><T125/><D66/><U104/><E104/><V83/><F32/><W115/><G115/><T49/><D125/><U31/><E7/><V64/><F64/><W42/><G42/><T35/><D35/><U15/><E3/><V122/><F122/><W46/><G46/><T41/><D39/><U85/><E54/><V9/><F124/><W130/><G96/><AGARI ba="0,0" hai="6,10,15,23,24,31,51,52,56,85,87,92,96,103" machi="96" ten="40,12000,1" yaku="8,1,52,2,54,1" doraHai="81" who="1" fromWho="3" sc="390,0,266,120,256,0,88,-120" owari="390,48.0,386,19.0,256,-14.0,-32,-53.0" /></mjloggm>