<mjloggm ver="2.3"><GO type="41" lobby="0"/><UN n0="%E5%B0%B1%E6%B4%BB%E7%94%9F%40%E5%B7%9D%E6%9D%91%E8%BB%8D%E5%9B%A3" n1="%79%61%73%61%69%39%39" n2="%6A%65%66%66%30%37%31%35" n3="%E3%82%AD%E3%83%A3%E3%83%A1%E3%83%AB" dan="15,14,13,14" rate="2025.59,2027.12,1931.01,2039.38" sx="M,M,M,M"/><TAIKYOKU oya="0"/><INIT seed="0,0,0,3,4,79" ten="250,250,250,250" oya="0" hai0="78,87,32,9,134,38,21,50,34,5,99,118,117" hai1="20,35,47,126,76,23,119,39,129,28,114,115,108" hai2="104,107,86,95,4,0,18,135,132,128,71,124,91" hai3="54,121,57,11,37,125,92,116,98,75,2,25,14"/><T36/><D134/><U40/><E119/><V13/><F71/><W101/><G116/><T6/><D99/><U53/><E108/><V122/><F122/><W49/><G37/><T81/><D6/><U43/><E43/><V10/><F124/><W68/><G125/><T51/><D38/><U80/><E126/><V31/><F128/><W58/><G68/><T90/><D36/><U59/><E129/><V102/><F31/><W67/><G2/><T127/><D127/><U77/><E77/><V52/><F52/><W46/><G75/><T44/><D51/><U70/><E70/><V61/><F61/><W30/><G67/><T130/><D130/><U123/><E123/><V65/><F65/><W131/><G131/><T62/><D62/><N who="1" m="36207" /><E28/><V112/><F112/><N who="1" m="43049" /><E35/><V17/><F17/><W93/><G93/><T22/><D34/><U45/><E45/><V113/><F113/><W96/><G96/><T7/><D32/><U48/><E48/><V69/><F69/><W106/><G106/><T66/><D66/><U111/><E111/><V19/><F19/><W64/><G64/><T94/><D5/><U120/><E120/><V89/><F89/><W1/><G1/><T110/><D110/><U8/><E8/><V105/><REACH who="2" step="1"/><F102/><REACH who="2" ten="250,250,240,250" step="2"/><W82/><G121/><T42/><D118/><U26/><E26/><V41/><F41/><W3/><G25/><T109/><D109/><U133/><E133/><V72/><F72/><AGARI ba="0,1" hai="20,23,39,40,47,72,76,80" m="43049,36207" machi="72" ten="30,2000,0" yaku="11,1,52,1" doraHai="79" who="1" fromWho="2" sc="250,0,250,30,240,-20,250,0" /><INIT seed="1,0,0,2,5,67" ten="250,280,220,250" oya="1" hai0="130,73,118,128,99,109,80,19,87,74,60,119,113" hai1="61,105,94,12,131,27,116,32,59,79,112,129,50" hai2="62,66,92,63,21,81,102,133,132,37,104,85,31" hai3="0,124,68,38,103,76,88,48,17,110,97,114,70"/><U42/><E105/><V65/><F37/><W134/><G114/><T14/><D60/><U29/><E116/><N who="0" m="44585" /><D19/><U107/><E107/><V86/><F104/><W5/><G76/><N who="0" m="46471" /><D14/><U56/><E112/><V3/><F3/><W7/><G38/><T28/><D28/><U84/><E12/><V2/><F2/><W9/><G7/><T72/><D113/><U51/><E51/><V18/><F31/><W120/><G17/><T11/><D11/><U117/><E117/><V64/><F102/><W40/><G40/><T135/><D99/><U16/><E16/><V13/><F92/><W57/><G48/><T47/><D47/><N who="1" m="25975" /><E61/><V33/><F33/><W36/><G36/><T39/><D39/><U71/><E94/><V75/><F75/><W69/><G5/><T93/><D93/><U43/><E43/><V6/><F6/><W91/><G0/><T125/><D125/><U58/><E129/><N who="0" m="49769" /><D109/><U24/><E131/><V127/><F127/><W126/><G110/><T78/><D78/><U26/><E79/><N who="2" m="46271" /><F86/><W111/><G111/><T77/><D77/><U89/><E84/><V106/><F106/><W49/><G126/><T45/><D45/><U82/><E29/><V1/><F1/><W41/><G124/><T30/><D30/><U22/><E32/><V23/><F21/><W90/><G9/><T55/><D55/><U35/><E22/><V8/><F23/><W108/><G108/><T96/><D96/><U52/><E35/><V101/><F101/><W122/><G41/><T54/><D54/><U53/><E52/><V95/><F95/><W83/><G97/><RYUUKYOKU ba="0,0" sc="250,15,280,-15,220,15,250,-15" hai0="72,73,74,135" hai2="8,13,18,62,63,64,65,66,132,133" /><INIT seed="2,1,0,4,5,11" ten="265,265,235,235" oya="2" hai0="33,108,28,121,61,127,69,135,23,119,95,32,117" hai1="68,101,41,5,13,45,42,100,48,112,30,103,81" hai2="109,9,76,63,12,107,91,122,26,64,22,80,16" hai3="133,82,38,74,25,18,92,132,62,71,3,55,93"/><V123/><F107/><W29/><G3/><T44/><D121/><U65/><E112/><V47/><F109/><W15/><G38/><T83/><D108/><U2/><E2/><V67/><F47/><W106/><G106/><T57/><D69/><U102/><E102/><V89/><F89/><W130/><G130/><T128/><D128/><U97/><E41/><V78/><F91/><W66/><G55/><T72/><D127/><U124/><E124/><V53/><F53/><W7/><G7/><T59/><D135/><N who="3" m="51785" /><G74/><T77/><D44/><U98/><E30/><V19/><F67/><W17/><G17/><T90/><D23/><U70/><E81/><V37/><F37/><W21/><G82/><T49/><D49/><U4/><E4/><V39/><F39/><W40/><G40/><T96/><D59/><U24/><E65/><V125/><F125/><W60/><G60/><T111/><D111/><U34/><E68/><V1/><F1/><W114/><G114/><T105/><D105/><U110/><E70/><V99/><F99/><W36/><G36/><T115/><D115/><U35/><E110/><V113/><F113/><W129/><G129/><T104/><D104/><U51/><E98/><V8/><F8/><AGARI ba="1,0" hai="8,15,18,21,25,29,62,66,71,92,93" m="51785" machi="8" ten="30,2000,0" yaku="20,1,52,1" doraHai="11" who="3" fromWho="2" sc="265,0,265,0,235,-23,235,23" /><INIT seed="3,0,0,5,4,59" ten="265,265,212,258" oya="3" hai0="103,47,23,72,39,113,43,56,69,120,64,8,76" hai1="40,105,0,73,3,119,111,75,2,109,36,16,80" hai2="118,110,45,57,94,123,93,44,10,131,21,132,22" hai3="12,84,70,115,106,82,108,11,33,38,30,63,50"/><W135/><G115/><T126/><D120/><U24/><E119/><V52/><F123/><W32/><G38/><T41/><D113/><U122/><E122/><V98/><F118/><W97/><G135/><T60/><D126/><U90/><E105/><V87/><F132/><W54/><G108/><N who="1" m="41546" /><E40/><V92/><F131/><W100/><G30/><T25/><D43/><U42/><E42/><V9/><F110/><W95/><G106/><T62/><D103/><U91/><E36/><V6/><F87/><W74/><G74/><N who="1" m="28170" /><E80/><V129/><F129/><W68/><G68/><T49/><D8/><N who="2" m="3178" /><F98/><W104/><G104/><T15/><D15/><U81/><E81/><V37/><F37/><W133/><G133/><T1/><D1/><U101/><E101/><V13/><F6/><W17/><G70/><T78/><D72/><U83/><E83/><V130/><F130/><W26/><G26/><T99/><D99/><U5/><E5/><V67/><F67/><W53/><G53/><T128/><D128/><U55/><E55/><V134/><F134/><W114/><G114/><T7/><D7/><U65/><E65/><V48/><F13/><W28/><G28/><T116/><D116/><U27/><E27/><V127/><F127/><W125/><G125/><T121/><D121/><U34/><E34/><V112/><F112/><W46/><G63/><T107/><D107/><U35/><E35/><V19/><F19/><W124/><G124/><T79/><D39/><U31/><E31/><V117/><F117/><W29/><G29/><N who="0" m="17599" /><D69/><U18/><E18/><V20/><AGARI ba="0,0" hai="20,21,22,44,45,48,52,57,92,93,94" m="3178" machi="20" ten="40,2700,0" yaku="8,1,54,1" doraHai="59" who="2" fromWho="2" sc="265,-7,265,-7,212,27,258,-13" /><INIT seed="4,0,0,1,2,125" ten="258,258,239,245" oya="0" hai0="3,43,54,68,20,109,27,95,97,113,130,124,48" hai1="38,82,103,65,17,101,128,120,110,61,11,47,134" hai2="6,98,64,23,26,15,7,41,42,36,114,55,33" hai3="133,53,31,77,58,59,91,121,5,44,129,50,127"/><T52/><D124/><U79/><E120/><V116/><F36/><W89/><G127/><T16/><D3/><U1/><E110/><V92/><F114/><W39/><G121/><T132/><D113/><U76/><E134/><V34/><F34/><W0/><G133/><T66/><D109/><U100/><E82/><V19/><F33/><W93/><G31/><T84/><D132/><U28/><E28/><V107/><F107/><W87/><G77/><T123/><D123/><U25/><E25/><V85/><F85/><W69/><G69/><T56/><D130/><U18/><E128/><V111/><F111/><W37/><G129/><T88/><D68/><U49/><E38/><V102/><F116/><W105/><G105/><T75/><D75/><U12/><E18/><V24/><F64/><W62/><G59/><N who="0" m="33159" /><D43/><N who="2" m="16394" /><F55/><W99/><G5/><AGARI ba="0,0" hai="5,6,7,15,19,23,24,26,92,98,102" m="16394" machi="5" ten="30,1000,0" yaku="8,1" doraHai="125" who="2" fromWho="3" sc="258,0,258,0,239,10,245,-10" /><INIT seed="5,0,0,5,5,118" ten="258,258,249,235" oya="1" hai0="40,84,26,110,60,117,85,121,57,119,64,71,107" hai1="14,44,39,2,92,31,17,97,102,73,56,109,36" hai2="15,76,126,50,19,45,122,16,127,54,113,13,95" hai3="4,5,24,38,62,89,94,79,20,66,47,6,124"/><U68/><E2/><V8/><F113/><W22/><G79/><T134/><D107/><U103/><E73/><V29/><F29/><W33/><G33/><T48/><D110/><U108/><E68/><V82/><F95/><W100/><G100/><T132/><D26/><U98/><E31/><V63/><F63/><W35/><G35/><T58/><D85/><U105/><E56/><N who="0" m="21609" /><D84/><U59/><E59/><V111/><F111/><N who="1" m="42569" /><E44/><V123/><F82/><W18/><G124/><N who="2" m="47657" /><F76/><W9/><G47/><N who="0" m="25703" /><D121/><U93/><E105/><V104/><F104/><W0/><G38/><T99/><D99/><U10/><AGARI ba="0,0" hai="10,14,17,36,39,92,93,97,98,102,103" m="42569" machi="10" ten="30,1500,0" yaku="10,1" doraHai="118" who="1" fromWho="1" sc="258,-5,258,15,249,-5,235,-5" /><INIT seed="5,1,0,0,0,52" ten="253,273,244,230" oya="1" hai0="81,56,32,16,120,123,20,26,9,121,132,128,48" hai1="40,96,61,129,91,55,13,135,35,6,99,54,38" hai2="53,64,118,72,67,36,93,46,74,37,59,19,8" hai3="125,85,58,111,75,94,65,127,122,131,78,112,113"/><U31/><E135/><V62/><F118/><W104/><G104/><T70/><D70/><U7/><E35/><V89/><F8/><W116/><G75/><T88/><D132/><U133/><E133/><V21/><F64/><W11/><G11/><T119/><D119/><U69/><E31/><V92/><F92/><W83/><G116/><T10/><D32/><U117/><E117/><V103/><F103/><W71/><G71/><T76/><D128/><U63/><E69/><V25/><F67/><W1/><G1/><T126/><D126/><N who="3" m="48137" /><G111/><T4/><D4/><U110/><E110/><V47/><F47/><W134/><G122/><T60/><D48/><U97/><E38/><V41/><REACH who="2" step="1"/><F37/><REACH who="2" ten="253,273,234,230" step="2"/><W27/><G134/><T101/><D101/><U15/><E129/><V12/><F12/><W18/><G131/><T28/><D9/><U57/><E15/><V107/><F107/><W90/><G27/><T84/><D10/><U109/><E13/><V102/><F102/><W39/><G39/><T0/><D0/><U73/><E109/><V108/><F108/><W23/><G94/><T130/><D130/><U82/><E7/><V105/><F105/><W42/><G65/><N who="0" m="39047" /><D28/><U66/><E6/><V29/><F29/><W80/><G18/><T14/><D14/><U51/><E66/><V49/><F49/><W86/><G23/><T45/><D45/><U2/><E51/><V44/><F44/><W17/><G17/><T100/><D100/><U50/><E50/><V114/><F114/><N who="3" m="44139" /><G42/><T5/><D5/><U79/><E40/><V124/><F124/><W34/><G34/><RYUUKYOKU ba="1,1" sc="253,10,273,-30,234,10,230,10" hai0="16,20,26,76,81,84,88,120,121,123" hai2="19,21,25,36,41,46,53,59,62,72,74,89,93" hai3="58,78,80,83,85,86,90" /><INIT seed="6,2,1,1,0,86" ten="263,243,244,240" oya="2" hai0="19,74,6,13,69,89,110,68,21,93,78,23,95" hai1="116,43,66,11,75,42,80,122,123,106,85,29,16" hai2="102,107,48,25,108,8,101,94,59,33,51,84,71" hai3="103,44,96,36,14,41,5,52,60,127,112,31,32"/><V1/><F108/><W119/><G119/><T55/><D110/><U109/><E116/><V133/><F71/><W129/><G129/><T56/><D6/><U63/><E109/><V62/><F133/><W57/><G127/><T87/><D95/><U45/><E106/><V70/><F102/><W77/><G77/><T79/><D23/><U104/><E104/><V28/><F59/><W50/><G112/><T0/><D0/><U67/><E75/><V30/><F30/><W82/><G82/><T117/><D117/><U88/><E29/><V37/><F37/><W99/><G99/><T64/><D64/><N who="1" m="24619" /><E63/><V134/><F134/><W76/><G76/><T40/><D40/><U124/><E124/><V130/><F130/><W83/><G83/><T115/><D115/><U53/><E53/><V90/><F8/><N who="3" m="4367" /><G31/><T128/><D128/><U91/><E91/><V61/><F1/><W35/><G36/><T73/><D79/><U20/><E11/><V24/><F25/><W105/><G35/><T15/><D15/><N who="1" m="9247" /><E45/><V10/><F10/><W47/><G32/><T100/><D100/><U120/><AGARI ba="2,1" hai="42,43,80,85,88,120,122,123" m="9247,24619" machi="120" ten="40,8000,1" yaku="13,1,52,1,54,2" doraHai="86" who="1" fromWho="1" sc="263,-22,243,96,244,-42,240,-22" /><INIT seed="7,0,0,4,1,18" ten="241,339,202,218" oya="3" hai0="111,10,88,130,68,131,31,134,83,99,14,9,129" hai1="120,95,29,42,38,19,98,65,109,33,118,17,103" hai2="84,11,50,41,58,94,69,46,43,115,89,125,7" hai3="8,72,30,106,13,21,70,92,6,73,107,97,105"/><W24/><REACH who="3" step="1"/><G70/><REACH who="3" ten="241,339,202,208" step="2"/><T117/><D68/><U34/><E118/><V79/><F69/><W37/><G37/><T22/><D117/><U23/><E38/><V49/><F115/><W81/><G81/><T60/><D134/><U80/><E80/><V1/><F125/><W113/><G113/><T90/><D111/><U86/><E109/><V108/><F108/><W54/><G54/><T59/><D83/><U57/><E65/><V96/><F43/><W45/><G45/><T100/><D10/><U32/><E42/><V36/><F58/><W76/><G76/><T91/><D9/><U56/><E57/><V53/><F53/><W67/><G67/><N who="0" m="39327" /><D14/><U52/><E56/><V74/><REACH who="2" step="1"/><F96/><REACH who="2" ten="241,339,192,208" step="2"/><W0/><G0/><T25/><D100/><AGARI ba="0,2" hai="6,8,13,21,24,30,72,73,92,97,100,105,106,107" machi="100" ten="40,12000,1" yaku="21,2,52,1,53,1" doraHai="18" doraHaiUra="2" who="3" fromWho="0" sc="241,-120,339,0,192,0,208,140" owari="121,-38.0,339,14.0,192,-21.0,348,45.0" /></mjloggm>