<mjloggm ver="2.3"><GO type="169" lobby="0"/><UN n0="%E3%83%8F%E3%82%A4%E3%83%86%E3%83%B3%E3%83%9C%E3%83%BC" n1="%E3%82%A6%E3%83%AB%E3%83%88%E3%83%A9%E7%AB%8B%E7%9B%B4" n2="%E3%82%A4%E3%82%B5%E3%82%AD" n3="%E5%BC%B1%E8%99%AB" dan="16,17,17,16" rate="2114.31,2160.58,2181.85,2084.44" sx="M,M,M,M"/><TAIKYOKU oya="0"/><INIT seed="0,0,0,2,2,134" ten="250,250,250,250" oya="0" hai0="15,38,85,47,67,99,3,102,88,117,89,30,42" hai1="72,76,73,127,56,2,135,55,31,108,33,1,81" hai2="94,8,98,9,78,54,129,20,34,68,121,115,90" hai3="7,5,32,46,16,74,21,44,107,80,128,62,63"/><T120/><D120/><U43/><E135/><V100/><F34/><W53/><G32/><T19/><D117/><U79/><E108/><V109/><F68/><W123/><G107/><T28/><D3/><U14/><E43/><V18/><F115/><W64/><G128/><T105/><D67/><U0/><E31/><V71/><F71/><W92/><G123/><T58/><D58/><U22/><E33/><V66/><F66/><W91/><G80/><T37/><D37/><U95/><E95/><V83/><F109/><W87/><G74/><T25/><D25/><U97/><E97/><V110/><F129/><W49/><G44/><T51/><D38/><U112/><E112/><V131/><F110/><W104/><G104/><T61/><D61/><N who="3" m="23049" /><G64/><T4/><D4/><U13/><E76/><V132/><F132/><W27/><AGARI ba="0,0" hai="5,7,16,21,27,46,49,53,87,91,92" m="23049" machi="27" ten="30,2000,0" yaku="8,1,54,1" doraHai="134" who="3" fromWho="3" sc="250,-10,250,-5,250,-5,250,20" /><INIT seed="1,0,0,4,3,15" ten="240,245,245,270" oya="1" hai0="108,52,128,122,111,49,106,21,91,24,74,37,88" hai1="79,117,31,68,19,8,6,59,30,62,115,95,116" hai2="34,39,67,130,23,48,114,41,7,55,126,12,125" hai3="87,73,101,119,83,131,89,64,35,129,27,18,33"/><U100/><E68/><V94/><F34/><W135/><G135/><T124/><D37/><U45/><E115/><V20/><F114/><W2/><G2/><T75/><D106/><U90/><E100/><V69/><F130/><N who="3" m="49675" /><G73/><T3/><D3/><U10/><E79/><V51/><F39/><W14/><G119/><T17/><D128/><U102/><E102/><V120/><F120/><W22/><G64/><T60/><D60/><U77/><E77/><V47/><F94/><W76/><G101/><T81/><D122/><U127/><E127/><V16/><F7/><W58/><G58/><T66/><D66/><U99/><E45/><V132/><F132/><W63/><G63/><T82/><D124/><N who="2" m="47722" /><F67/><W28/><G76/><T26/><D26/><U36/><E36/><V32/><F32/><AGARI ba="0,0" hai="14,18,22,27,28,32,33,35,83,87,89" m="49675" machi="32" ten="30,2000,0" yaku="19,1,52,1" doraHai="15" who="3" fromWho="2" sc="240,0,245,0,245,-20,270,20" /><INIT seed="2,0,0,1,4,14" ten="240,245,225,290" oya="2" hai0="131,11,125,22,118,113,18,42,15,74,130,1,3" hai1="120,81,20,100,104,132,90,124,34,75,39,79,95" hai2="97,51,109,52,28,61,23,115,41,64,94,62,73" hai3="88,71,83,12,24,127,99,89,93,133,6,2,55"/><V48/><F115/><W126/><G71/><T80/><D42/><U37/><E34/><V60/><F73/><W50/><G2/><T27/><D74/><U92/><E92/><V121/><F121/><W134/><G24/><T66/><D66/><U29/><E124/><N who="3" m="47658" /><G6/><T69/><D80/><U119/><E132/><N who="3" m="50794" /><G12/><T78/><D69/><U103/><E100/><N who="2" m="60471" /><F109/><W63/><G63/><T30/><D125/><U87/><E119/><V68/><F68/><W108/><G108/><T36/><D36/><U32/><E32/><V72/><F41/><W111/><G111/><T116/><D78/><U0/><E0/><N who="0" m="73" /><D113/><U9/><E120/><V17/><F72/><W54/><G50/><N who="2" m="18985" /><F28/><W105/><G105/><T106/><D106/><U4/><E39/><V16/><F64/><W13/><G13/><T59/><D59/><U5/><E37/><V96/><F96/><W76/><G89/><T49/><D49/><U45/><E90/><V33/><F33/><W84/><AGARI ba="0,0" hai="54,55,76,83,84,88,93,99" m="50794,47658" machi="84" ten="30,4000,0" yaku="18,1,20,1,54,1" doraHai="14" who="3" fromWho="3" sc="240,-10,245,-10,225,-20,290,40" /><INIT seed="3,0,0,5,5,75" ten="230,235,205,330" oya="3" hai0="73,7,79,74,40,131,8,88,31,47,33,117,25" hai1="50,76,133,0,49,5,116,13,115,100,107,132,4" hai2="126,54,110,45,58,20,90,62,15,3,17,114,101" hai3="97,9,130,94,60,135,16,43,69,129,113,23,104"/><W99/><G113/><T78/><D117/><U39/><E39/><V89/><F114/><W82/><G135/><N who="1" m="51786" /><E115/><V21/><F3/><W57/><G69/><T105/><D105/><U44/><E116/><V19/><F110/><W22/><G43/><T18/><D18/><U122/><E122/><V29/><F29/><W84/><G9/><T125/><D125/><U24/><E0/><V72/><F126/><W59/><G104/><T10/><D10/><U77/><E24/><V92/><F72/><W123/><G23/><T66/><D74/><U42/><E50/><V71/><F71/><W46/><G46/><T56/><D73/><U109/><E13/><V12/><F45/><W102/><G99/><AGARI ba="0,0" hai="12,15,17,19,20,21,54,58,62,89,90,92,99,101" machi="99" ten="40,2600,0" yaku="9,1,8,1" doraHai="75" who="2" fromWho="3" sc="230,0,235,0,205,26,330,-26" /><INIT seed="4,0,0,3,2,87" ten="230,235,231,304" oya="0" hai0="110,20,111,94,127,84,56,38,60,115,93,51,67" hai1="54,89,21,98,73,66,103,113,122,69,129,29,19" hai2="118,40,135,83,101,104,3,95,71,86,125,26,77" hai3="4,112,44,2,131,82,48,50,79,43,13,52,85"/><T7/><D38/><U100/><E73/><V53/><F3/><W74/><G112/><T9/><D115/><U96/><E122/><V58/><F71/><W63/><G131/><T133/><D133/><U41/><E41/><V108/><F108/><N who="0" m="41514" /><D127/><U49/><E29/><V27/><F125/><W65/><G2/><N who="0" m="247" /><D84/><U97/><E129/><V1/><F1/><W120/><G120/><T18/><D51/><U0/><E0/><V42/><F104/><W128/><G128/><T31/><D31/><U33/><E33/><V37/><F118/><W124/><G124/><T25/><AGARI ba="0,0" hai="18,20,25,56,60,67,93,94" m="247,41514" machi="25" ten="30,1500,0" yaku="10,1" doraHai="87" who="0" fromWho="0" sc="230,15,235,-5,231,-5,304,-5" /><INIT seed="4,1,0,4,1,45" ten="245,230,226,299" oya="0" hai0="90,85,93,9,14,57,50,61,41,79,32,131,10" hai1="118,7,40,87,91,22,58,28,4,30,0,133,62" hai2="48,89,72,124,33,129,12,44,19,20,47,23,53" hai3="38,92,52,63,86,112,99,135,56,130,106,3,80"/><T35/><D131/><U24/><E118/><V17/><F33/><W110/><G110/><T100/><D9/><U65/><E133/><V34/><F34/><W71/><G106/><T88/><D100/><U36/><E0/><V83/><F129/><W107/><G107/><T125/><D125/><U105/><E105/><V127/><F44/><W114/><G130/><T31/><D79/><U16/><E40/><V132/><F132/><W101/><G135/><T60/><D31/><N who="1" m="11819" /><E36/><V37/><F37/><W94/><G94/><AGARI ba="1,0" hai="4,7,16,22,24,58,62,65,87,91,94" m="11819" machi="94" ten="30,2000,0" yaku="8,1,54,1" doraHai="45" who="1" fromWho="3" sc="245,0,230,23,226,0,299,-23" /><INIT seed="5,0,0,4,1,123" ten="245,253,226,276" oya="1" hai0="124,26,84,96,108,102,17,33,106,67,27,64,104" hai1="11,131,47,55,53,103,100,23,3,121,134,14,74" hai2="0,61,22,24,9,118,81,98,70,45,114,51,8" hai3="113,41,88,105,12,31,127,125,110,34,90,99,16"/><U37/><E74/><V40/><F118/><W78/><G110/><T75/><D108/><U93/><E121/><V119/><F119/><W10/><G113/><T21/><D75/><U54/><E3/><V116/><F116/><W72/><G41/><T28/><D124/><N who="3" m="47689" /><G31/><T4/><D4/><U43/><E131/><V50/><F114/><W109/><G34/><T69/><D106/><U76/><E76/><V1/><F1/><W117/><G109/><T122/><D122/><U48/><E134/><V57/><F70/><W30/><G30/><T73/><D73/><U19/><E37/><V42/><F81/><N who="3" m="45255" /><G117/><T38/><D38/><U95/><REACH who="1" step="1"/><E11/><REACH who="1" ten="245,243,226,276" step="2"/><V13/><F0/><W83/><G83/><T133/><D133/><U44/><E44/><V59/><F8/><W115/><G115/><T7/><D7/><U128/><E128/><V71/><F9/><W18/><G18/><T85/><REACH who="0" step="1"/><D67/><REACH who="0" ten="235,243,226,276" step="2"/><U5/><E5/><V101/><F45/><W20/><G10/><T126/><D126/><U77/><E77/><V25/><F40/><W107/><G107/><T87/><D87/><U36/><E36/><V58/><F42/><W29/><G29/><T63/><AGARI ba="0,2" hai="17,21,26,27,28,33,63,64,69,84,85,96,102,104" machi="63" ten="30,7900,0" yaku="1,1,0,1,25,2,53,0" doraHai="123" doraHaiUra="46" who="0" fromWho="0" sc="235,99,243,-39,226,-20,276,-20" /><INIT seed="6,0,0,4,2,55" ten="334,204,206,256" oya="2" hai0="91,72,75,37,53,97,122,17,105,64,115,79,88" hai1="127,31,5,83,126,49,6,63,47,40,1,89,28" hai2="113,112,131,95,13,94,25,69,60,125,109,135,27" hai3="4,65,45,107,67,124,59,9,116,14,132,117,93"/><V33/><F125/><N who="1" m="47625" /><E1/><V101/><F135/><W84/><G107/><T76/><D37/><U52/><E83/><V29/><F131/><W87/><G124/><T36/><D36/><U30/><E89/><V12/><F109/><W130/><G132/><T56/><D64/><U100/><E100/><V80/><F27/><W68/><G68/><T54/><D122/><U26/><E26/><V121/><F121/><W82/><G130/><T111/><D111/><U99/><E99/><N who="2" m="59639" /><F95/><W85/><G117/><T92/><D105/><U70/><E70/><V15/><F80/><W110/><G116/><T134/><D134/><U48/><E63/><V118/><F118/><W81/><G110/><T23/><D75/><U58/><AGARI ba="0,0" hai="5,6,28,30,31,40,47,48,49,52,58" m="47625" machi="58" ten="30,4000,0" yaku="18,1,52,1,54,1" doraHai="55" who="1" fromWho="1" sc="334,-10,204,40,206,-20,256,-10" /><INIT seed="7,0,0,2,0,61" ten="324,244,186,246" oya="3" hai0="70,11,121,46,22,25,112,78,55,3,19,82,90" hai1="126,59,107,60,2,41,135,4,127,52,48,26,110" hai2="62,40,83,109,57,29,133,13,16,81,53,98,27" hai3="66,0,129,17,87,86,106,118,58,77,116,18,100"/><W132/><G0/><T120/><D70/><U68/><E107/><V102/><F133/><W42/><G132/><T38/><D90/><U33/><E110/><V103/><F40/><W10/><G129/><T111/><D111/><U113/><E135/><V34/><F109/><W35/><G35/><T6/><D112/><U74/><E74/><V94/><REACH who="2" step="1"/><F103/><REACH who="2" ten="324,244,176,246" step="2"/><W131/><G131/><T93/><D121/><U7/><E41/><V76/><F76/><W119/><G42/><T51/><D120/><U23/><E113/><V12/><F12/><W99/><G77/><T1/><D1/><U117/><E2/><V125/><F125/><W20/><G10/><AGARI ba="0,1" hai="10,13,16,27,29,34,53,57,62,81,83,94,98,102" machi="10" ten="30,8000,1" yaku="1,1,7,1,54,1,53,2" doraHai="61" doraHaiUra="79" who="2" fromWho="3" sc="324,0,244,0,176,90,246,-80" owari="324,42.0,244,-16.0,266,7.0,166,-33.0" /></mjloggm>