<mjloggm ver="2.3"><GO type="97" lobby="0"/><UN n0="%63%6F%6E%75%6C%61" n1="%E5%B0%B1%E6%B4%BB%E7%94%9F%40%E5%B7%9D%E6%9D%91%E8%BB%8D%E5%9B%A3" n2="%E3%81%86%E3%81%95%E3%81%8E%E3%81%BE%E3%81%8D" n3="%E3%81%89%E5%89%8D%E3%80%93%E3%81%96%E9%AD%9A%E3%81%B7%EF%BD%97" dan="14,15,13,13" rate="1985.59,2049.16,1876.73,2043.83" sx="M,M,M,M"/><TAIKYOKU oya="0"/><INIT seed="0,0,0,4,0,84" ten="250,250,250,250" oya="0" hai0="131,16,73,23,79,44,89,103,9,102,62,31,82" hai1="6,101,53,104,123,2,100,41,110,15,63,24,121" hai2="8,29,129,119,27,92,71,113,30,99,128,58,80" hai3="116,107,135,72,106,126,86,0,47,133,33,13,5"/><T112/><D31/><U17/><E110/><V120/><F119/><W77/><G116/><T55/><D112/><U130/><E41/><V10/><F71/><W18/><G33/><T35/><D35/><U85/><E130/><N who="2" m="50283" /><F120/><W60/><G72/><T132/><D131/><U22/><E2/><V1/><F80/><W95/><G126/><T98/><D9/><N who="2" m="3690" /><F113/><W61/><G5/><T74/><D74/><U32/><E123/><V67/><F1/><W14/><G0/><T118/><D118/><U81/><E104/><V114/><F114/><W20/><G14/><T45/><D132/><N who="3" m="50761" /><G47/><T94/><D44/><U25/><E121/><V90/><F27/><N who="1" m="10313" /><E6/><V28/><F58/><W65/><G61/><T91/><D103/><U66/><E66/><AGARI ba="0,0" hai="28,29,30,66,67,90,92,99" m="3690,50283" machi="66" ten="40,2600,0" yaku="19,1,52,1" doraHai="84" who="2" fromWho="1" sc="250,0,250,-26,250,26,250,0" /><INIT seed="1,0,0,1,4,108" ten="250,224,276,250" oya="1" hai0="55,51,2,114,82,126,67,11,20,79,112,74,111" hai1="54,50,107,40,75,70,97,99,92,78,62,117,123" hai2="95,37,39,129,42,96,85,119,28,60,116,21,91" hai3="0,7,98,71,72,109,125,127,132,59,47,115,130"/><U88/><E117/><V35/><F35/><W57/><G109/><T101/><D67/><U8/><E123/><V113/><F113/><W100/><G71/><T133/><D111/><U33/><E33/><V93/><F129/><W128/><G72/><T12/><D101/><U15/><E40/><V58/><F42/><W17/><G115/><T14/><D133/><U22/><E22/><V10/><F119/><W83/><G132/><T4/><D126/><N who="3" m="48137" /><G47/><T46/><D14/><U38/><E38/><V6/><F116/><W56/><G83/><T122/><D122/><U1/><E1/><V103/><F10/><N who="3" m="2407" /><G17/><T89/><REACH who="0" step="1"/><D89/><REACH who="0" ten="240,224,276,250" step="2"/><U106/><E70/><V45/><F6/><W13/><G13/><T118/><D118/><U49/><E15/><V66/><F45/><W124/><N who="3" m="48145" /><W23/><DORA hai="81" /><G23/><T18/><AGARI ba="0,1" hai="2,4,11,12,18,20,46,51,55,74,79,82,112,114" machi="18" ten="30,8000,1" yaku="1,1,0,1,52,2,53,1" doraHai="108,81" doraHaiUra="86,3" who="0" fromWho="0" sc="240,90,224,-40,276,-20,250,-20" /><INIT seed="2,0,0,2,0,17" ten="330,184,256,230" oya="2" hai0="127,25,81,84,66,94,59,80,96,13,86,110,87" hai1="115,103,121,14,97,9,22,135,133,124,75,123,3" hai2="111,26,91,60,134,43,108,42,29,116,73,27,47" hai3="5,50,83,11,57,19,85,4,28,8,45,82,100"/><V126/><F73/><W37/><G37/><T129/><D13/><U72/><E3/><V33/><F116/><W30/><G100/><T55/><D66/><U10/><E115/><V79/><F134/><N who="1" m="51209" /><E124/><V48/><F126/><W95/><G95/><T128/><D127/><U70/><E70/><V119/><F119/><W65/><G83/><T18/><D110/><N who="2" m="42026" /><F79/><W78/><G57/><T39/><D39/><U102/><E22/><V1/><F1/><W131/><G65/><T68/><D68/><U117/><E14/><V2/><F2/><W120/><G131/><N who="0" m="50251" /><D25/><U7/><E7/><N who="3" m="2634" /><G120/><N who="1" m="46154" /><E97/><V46/><F91/><W35/><G35/><T74/><D18/><U93/><E93/><V92/><F92/><W41/><G19/><T31/><D31/><AGARI ba="0,0" hai="8,11,28,30,31,41,45,50,78,82,85" m="2634" machi="31" ten="30,1000,0" yaku="8,1" doraHai="17" who="3" fromWho="0" sc="330,-10,184,0,256,0,230,10" /><INIT seed="3,0,0,2,1,58" ten="320,184,256,240" oya="3" hai0="88,101,110,65,89,48,46,132,106,1,96,75,13" hai1="10,114,119,86,44,25,98,6,82,49,16,90,27" hai2="108,120,47,34,104,18,124,63,21,5,42,125,92" hai3="121,12,127,39,15,52,103,14,20,51,71,57,50"/><W67/><G121/><T81/><D1/><U24/><E114/><V70/><F104/><W68/><G39/><T61/><D132/><U0/><E119/><V53/><F120/><W85/><G127/><N who="2" m="48713" /><F34/><W94/><G20/><T126/><D126/><U128/><E128/><V135/><F135/><W17/><G17/><T28/><D28/><U2/><E2/><V111/><F5/><W32/><G32/><T45/><D110/><N who="2" m="42026" /><F92/><W102/><G71/><T99/><D99/><U107/><E107/><V11/><F11/><W95/><G68/><T3/><D3/><U41/><REACH who="1" step="1"/><E98/><REACH who="1" ten="320,174,256,240" step="2"/><V134/><F134/><W100/><G67/><T19/><D65/><U93/><E93/><N who="3" m="35338" /><G85/><T105/><D106/><U87/><E87/><V69/><F18/><W64/><G64/><T131/><D19/><U55/><E55/><V29/><F29/><W40/><G40/><T60/><D105/><U9/><E9/><V74/><F74/><W117/><G117/><T43/><D75/><U78/><E78/><V113/><F113/><W115/><G115/><T22/><D43/><U118/><E118/><V83/><F83/><W62/><AGARI ba="0,1" hai="12,14,15,50,51,52,57,62,100,102,103" m="35338" machi="62" ten="40,7800,0" yaku="8,1,52,1,54,1" doraHai="58" who="3" fromWho="3" sc="320,-26,174,-26,256,-26,240,88" owari="294,9.0,148,-35.0,230,-17.0,328,43.0" /></mjloggm>