<mjloggm ver="2.3"><GO type="41" lobby="0"/><UN n0="%E7%A9%B6%E6%A5%B5%41%49" n1="%E8%88%98%E7%94%B0%E6%B5%A9%E7%BF%94" n2="%6A%75%6C%69%65%74" n3="%E5%B0%B1%E6%B4%BB%E7%94%9F%40%E5%B7%9D%E6%9D%91%E8%BB%8D%E5%9B%A3" dan="14,14,14,15" rate="1978.36,1942.45,1965.54,1993.79" sx="M,M,M,M"/><TAIKYOKU oya="0"/><INIT seed="0,0,0,3,1,85" ten="250,250,250,250" oya="0" hai0="98,62,26,7,24,10,76,78,109,72,6,43,95" hai1="4,34,127,104,19,111,132,11,97,36,12,126,84" hai2="115,103,73,9,45,29,70,37,121,60,66,22,119" hai3="64,40,42,71,118,90,86,92,35,106,15,134,96"/><T112/><D112/><U53/><E36/><V17/><F115/><W33/><G118/><T74/><D109/><U100/><E111/><V133/><F119/><W116/><G116/><T81/><D43/><U23/><E132/><V89/><F133/><W120/><G120/><T82/><D62/><U13/><E34/><V38/><F121/><W2/><G2/><T130/><D130/><U47/><E47/><V20/><F73/><W91/><G134/><T99/><D95/><U75/><E75/><V79/><F79/><W83/><G106/><T57/><D57/><U16/><E19/><V56/><F103/><W44/><G15/><T125/><D10/><U28/><E28/><V87/><F70/><W27/><G27/><T32/><D125/><U110/><E110/><V108/><F108/><W1/><G1/><T50/><D50/><U52/><E84/><V58/><F56/><W77/><G77/><T5/><D5/><U68/><E68/><V14/><F45/><W63/><REACH who="3" step="1"/><G42/><REACH who="3" ten="250,250,250,240" step="2"/><T113/><D113/><U25/><E13/><V129/><F129/><W80/><G80/><T114/><D114/><U21/><REACH who="1" step="1"/><E23/><REACH who="1" ten="250,240,250,240" step="2"/><N who="2" m="8747" /><F37/><AGARI ba="0,2" hai="33,35,37,40,44,63,64,71,83,86,90,91,92,96" machi="37" ten="30,8000,1" yaku="1,1,7,1,52,2,53,1" doraHai="85" doraHaiUra="88" who="3" fromWho="2" sc="250,0,240,0,250,-80,240,100" /><INIT seed="1,0,0,4,2,68" ten="250,240,170,340" oya="1" hai0="72,44,74,22,3,23,90,115,133,67,27,104,38" hai1="47,101,21,4,135,121,122,33,19,86,96,124,28" hai2="80,85,10,129,103,100,15,131,78,77,112,94,65" hai3="24,117,113,84,49,29,76,35,43,106,25,20,36"/><U93/><E124/><V128/><F65/><W59/><G106/><T102/><D115/><U63/><E135/><V32/><F32/><W31/><G113/><T8/><D133/><U30/><E4/><V132/><F112/><W51/><G117/><T127/><D127/><U108/><E33/><V40/><F132/><W97/><G97/><T55/><D67/><U12/><E108/><V99/><F40/><W95/><G59/><T17/><D90/><U118/><E118/><V92/><F15/><W48/><G95/><N who="2" m="36393" /><F10/><W39/><REACH who="3" step="1"/><G43/><REACH who="3" ten="250,240,170,330" step="2"/><T60/><D104/><U70/><E122/><V82/><F99/><W91/><G91/><T81/><D102/><U14/><E121/><V52/><F52/><W73/><G73/><AGARI ba="0,1" hai="73,77,78,80,82,85,100,103,128,129,131" m="36393" machi="73" ten="30,3900,0" yaku="19,1,34,2" doraHai="68" who="2" fromWho="3" sc="250,0,240,0,170,49,330,-39" /><INIT seed="2,0,0,5,2,120" ten="250,240,219,291" oya="2" hai0="44,62,76,126,114,73,2,66,96,48,109,35,4" hai1="10,94,70,128,105,50,12,30,29,113,46,122,17" hai2="79,56,69,93,135,108,1,102,111,107,31,41,47" hai3="129,49,67,132,98,57,124,125,121,78,14,43,104"/><V40/><F107/><W52/><G121/><T63/><D114/><U131/><E70/><V26/><F69/><W92/><G104/><T101/><D35/><U83/><E113/><V9/><F135/><W106/><G106/><T0/><D126/><N who="3" m="48745" /><G129/><T16/><D109/><N who="2" m="42058" /><F79/><W61/><G43/><T130/><D130/><U38/><E83/><V27/><F56/><N who="3" m="37287" /><G14/><T88/><D101/><U33/><E38/><N who="2" m="21911" /><F41/><W81/><G132/><T97/><D76/><U11/><E105/><V54/><F31/><W51/><G81/><T20/><D73/><U28/><E30/><V15/><F54/><W18/><G78/><T112/><D112/><U34/><E28/><V75/><F75/><W65/><G65/><T115/><D115/><U119/><E29/><V116/><F1/><W90/><G18/><T6/><D66/><U39/><E39/><V32/><F32/><W3/><G3/><T117/><D44/><U82/><E46/><V72/><F72/><W60/><AGARI ba="0,0" hai="49,51,52,57,60,90,92,98" m="37287,48745" machi="60" ten="30,2000,0" yaku="18,1,54,1" doraHai="120" who="3" fromWho="3" sc="250,-5,240,-5,219,-10,291,20" /><INIT seed="3,0,0,0,4,86" ten="245,235,209,311" oya="3" hai0="78,102,25,73,94,51,71,70,28,66,11,96,62" hai1="81,59,5,79,61,23,126,84,10,128,54,16,21" hai2="121,29,40,2,12,64,110,116,9,31,100,20,134" hai3="124,105,135,26,68,49,130,27,92,36,117,7,75"/><W57/><G105/><T101/><D73/><U19/><E126/><V104/><F116/><W91/><G68/><T17/><D78/><U8/><E128/><V77/><F2/><W107/><G36/><T106/><D71/><U120/><E5/><V132/><F121/><W133/><G107/><T103/><D106/><U32/><E32/><V45/><F110/><W37/><G75/><T63/><D63/><U41/><E41/><V24/><F77/><W76/><G37/><T88/><D51/><U22/><E120/><V13/><F64/><W15/><G117/><T122/><D122/><U127/><E127/><V50/><F100/><W56/><G76/><T69/><D69/><U52/><E54/><V30/><F104/><W111/><G111/><T35/><D103/><U46/><E46/><V67/><F67/><W131/><G7/><T95/><D94/><U6/><REACH who="1" step="1"/><E8/><REACH who="1" ten="245,225,209,311" step="2"/><V72/><F134/><N who="3" m="51211" /><G124/><T93/><D11/><U0/><AGARI ba="0,1" hai="0,6,10,16,19,21,22,23,52,59,61,79,81,84" machi="0" ten="30,7900,0" yaku="1,1,0,1,54,2,53,0" doraHai="86" doraHaiUra="115" who="1" fromWho="1" sc="245,-20,225,89,209,-20,311,-39" /><INIT seed="4,0,0,1,5,58" ten="225,314,189,272" oya="0" hai0="95,44,104,56,130,94,4,129,31,8,106,15,51" hai1="70,38,92,48,40,17,100,91,47,96,87,41,39" hai2="99,2,123,71,5,82,81,74,10,21,11,16,66" hai3="67,128,53,14,35,127,32,54,28,122,36,59,124"/><T13/><D31/><U49/><E70/><V33/><F123/><W46/><G122/><T12/><D56/><U60/><E39/><V103/><F33/><W65/><G128/><N who="0" m="49259" /><D95/><U37/><E37/><V125/><F11/><W113/><G113/><T62/><D94/><U29/><E29/><V1/><F1/><W42/><G14/><N who="0" m="5739" /><D62/><U57/><E41/><AGARI ba="0,0" hai="4,8,15,41,44,51,104,106" m="5739,49259" machi="41" ten="30,1500,0" yaku="19,1" doraHai="58" who="0" fromWho="1" sc="225,15,314,-15,189,0,272,0" /><INIT seed="4,1,0,5,1,80" ten="240,299,189,272" oya="0" hai0="85,79,126,68,38,112,47,96,71,105,119,110,41" hai1="22,13,101,122,61,131,100,21,75,23,55,116,95" hai2="43,42,26,45,54,128,74,7,33,93,20,66,90" hai3="52,78,77,25,37,87,99,91,46,67,3,1,28"/><T19/><D119/><U107/><E107/><V127/><F74/><W134/><G134/><T123/><D123/><U5/><E75/><V4/><F33/><W113/><G113/><T15/><D112/><U120/><E116/><V32/><F32/><W109/><G109/><T0/><D0/><U130/><E5/><V103/><F103/><N who="1" m="39497" /><E95/><V62/><F128/><N who="1" m="49193" /><E13/><V83/><F127/><W40/><G99/><T10/><D96/><U115/><E115/><V58/><F83/><W12/><G67/><T30/><D105/><U114/><E114/><V132/><F132/><W11/><G1/><T8/><D126/><U18/><E18/><V118/><F118/><W57/><G3/><T59/><D30/><U50/><E61/><V129/><F129/><W65/><G65/><T16/><D110/><U64/><E64/><V24/><F24/><W133/><G133/><T51/><D19/><U69/><E69/><V63/><F4/><W39/><G39/><T86/><D10/><U121/><E50/><N who="2" m="29007" /><F7/><W92/><G25/><T135/><D135/><U56/><E55/><V9/><F9/><W82/><G28/><T49/><D38/><U34/><E56/><V70/><F70/><W89/><G12/><T106/><D106/><U81/><E34/><V84/><F63/><N who="3" m="36263" /><G11/><T44/><D71/><U124/><E124/><V6/><F6/><W48/><G37/><T104/><D68/><U72/><E72/><V27/><F27/><W102/><G102/><T17/><D104/><U29/><E29/><AGARI ba="1,0" hai="20,26,29,42,43,58,62,66,84,90,93" m="29007" machi="29" ten="30,2000,0" yaku="8,1,52,1" doraHai="80" who="2" fromWho="1" sc="240,0,299,-23,189,23,272,0" /><INIT seed="5,0,0,1,4,38" ten="240,276,212,272" oya="1" hai0="68,90,25,24,108,4,51,34,20,62,16,76,19" hai1="46,122,36,56,41,89,2,42,39,21,125,11,127" hai2="92,77,33,116,9,6,60,109,105,23,103,40,5" hai3="29,88,97,131,10,27,17,123,26,83,100,47,104"/><U13/><E122/><V94/><F116/><W130/><G123/><T79/><D108/><U15/><E2/><V43/><F109/><W134/><G134/><T96/><D4/><N who="2" m="1642" /><F33/><W67/><G67/><T93/><D51/><U102/><E102/><V73/><F73/><W44/><G26/><T110/><D110/><U1/><E1/><V57/><F105/><W84/><G17/><T0/><D0/><U59/><E21/><V32/><F32/><W75/><G10/><T12/><D19/><U113/><E113/><V118/><F118/><W129/><REACH who="3" step="1"/><G75/><REACH who="3" ten="240,276,212,262" step="2"/><T107/><D25/><U117/><E117/><V80/><F9/><W101/><G101/><T111/><D111/><U81/><E11/><V53/><F103/><W61/><G61/><T112/><D24/><U49/><E89/><V7/><F7/><W98/><G98/><T124/><D90/><U69/><E69/><V52/><F23/><AGARI ba="0,1" hai="23,27,29,44,47,83,84,88,97,100,104,129,130,131" machi="23" ten="40,5200,0" yaku="1,1,19,1,54,1,53,0" doraHai="38" doraHaiUra="132" who="3" fromWho="2" sc="240,0,276,0,212,-52,262,62" /><INIT seed="6,0,0,0,5,91" ten="240,276,160,324" oya="2" hai0="82,115,92,80,114,84,53,111,69,29,36,43,117" hai1="1,126,52,87,51,130,78,57,26,44,54,97,37" hai2="41,132,70,33,112,102,135,77,104,16,30,11,131" hai3="47,124,105,4,18,31,66,42,128,90,38,21,133"/><V3/><F70/><W48/><G105/><T46/><D111/><U23/><E1/><V86/><F41/><W73/><G73/><T89/><D69/><U20/><E37/><V125/><F112/><N who="0" m="43050" /><D117/><U60/><E126/><V93/><F125/><W83/><G124/><T50/><D29/><U65/><E130/><V25/><F131/><W2/><G128/><T59/><AGARI ba="0,0" hai="36,43,46,50,53,59,80,82,84,89,92" m="43050" machi="59" ten="30,2000,0" yaku="15,1,52,1" doraHai="91" who="0" fromWho="0" sc="240,20,276,-5,160,-10,324,-5" /><INIT seed="7,0,0,5,4,21" ten="260,271,150,319" oya="3" hai0="18,0,92,31,56,27,130,19,73,97,116,65,113" hai1="34,72,93,88,107,50,32,71,133,20,99,131,5" hai2="105,59,57,126,80,123,45,38,49,87,86,1,29" hai3="132,17,84,128,35,75,15,33,117,48,54,90,28"/><W95/><G75/><T30/><D116/><U110/><E110/><V9/><F105/><W134/><G117/><T62/><D73/><U94/><E71/><V135/><F38/><W64/><G64/><T40/><D0/><U125/><E72/><V85/><F135/><N who="3" m="51755" /><G28/><T13/><D130/><U121/><E107/><V51/><F126/><W25/><G25/><T41/><D113/><U129/><E121/><V14/><F123/><W58/><G128/><N who="1" m="49226" /><E133/><V26/><F1/><W16/><G17/><T119/><D119/><U36/><E36/><V46/><F80/><W76/><G76/><T102/><D31/><U23/><E5/><V122/><F122/><W109/><G109/><T6/><D6/><U96/><E50/><N who="2" m="18955" /><F14/><W103/><G103/><T44/><D13/><U74/><E74/><V106/><F106/><W114/><G114/><T55/><D55/><U37/><E37/><V124/><F124/><W2/><G2/><T61/><D44/><N who="2" m="17002" /><F9/><AGARI ba="0,0" hai="9,15,16,33,35,48,54,58,84,90,95" m="51755" machi="9" ten="30,2900,0" yaku="20,1,54,1" doraHai="21" who="3" fromWho="2" sc="260,0,271,0,150,-29,319,29" owari="260,-14.0,271,7.0,121,-38.0,348,45.0" /></mjloggm>