<mjloggm ver="2.3"><GO type="169" lobby="0"/><UN n0="%74%6A%2D%6D%69%63%72%6F" n1="%E3%82%A8%E3%82%B3%E3%81%BF%E3%83%BC" n2="%73%5F%6F%6B" n3="%E5%B0%B1%E6%B4%BB%E7%94%9F%40%E5%B7%9D%E6%9D%91%E8%BB%8D%E5%9B%A3" dan="16,16,16,16" rate="2166.18,2062.19,2125.63,2129.28" sx="M,M,M,M"/><TAIKYOKU oya="0"/><INIT seed="0,0,0,4,2,95" ten="250,250,250,250" oya="0" hai0="96,56,28,108,123,3,30,36,133,32,13,107,112" hai1="43,61,102,69,93,85,89,86,127,21,122,64,135" hai2="10,42,63,0,45,116,114,18,16,90,134,98,132" hai3="59,110,9,29,33,82,8,5,49,60,27,11,124"/><T109/><D3/><U106/><E122/><V17/><F114/><W104/><G104/><T100/><D112/><U22/><E135/><N who="2" m="51755" /><F63/><W70/><G124/><T65/><D36/><U120/><E120/><V25/><F25/><W125/><G125/><T4/><D123/><U79/><E127/><V50/><F116/><W26/><G110/><N who="0" m="42603" /><D133/><U121/><E121/><V34/><F34/><W31/><G70/><T41/><D41/><U128/><E128/><V129/><F129/><W20/><G49/><T80/><D80/><U38/><E38/><V87/><F98/><W126/><G82/><T57/><D32/><U88/><E43/><V58/><F58/><N who="0" m="22634" /><D65/><U2/><E2/><V51/><F51/><W74/><G74/><T54/><D54/><U76/><E76/><V84/><F0/><W73/><G73/><T62/><D62/><U111/><E79/><V113/><F113/><W91/><G126/><T75/><D75/><U47/><E111/><V105/><F10/><AGARI ba="0,0" hai="4,10,13,28,30,96,100,107" m="22634,42603" machi="10" ten="30,5800,0" yaku="14,1,10,1,52,1" doraHai="95" who="0" fromWho="2" sc="250,58,250,0,250,-58,250,0" /><INIT seed="0,1,0,3,5,45" ten="308,250,192,250" oya="0" hai0="42,111,39,128,49,113,26,33,99,12,81,95,118" hai1="21,77,7,100,41,62,1,97,13,36,73,94,69" hai2="8,124,108,87,98,9,127,92,23,43,47,64,2" hai3="72,37,121,66,76,89,130,14,135,112,120,57,79"/><T75/><D113/><U96/><E1/><V52/><F108/><W58/><G37/><T59/><D118/><U122/><E122/><V70/><F87/><W46/><G112/><T119/><D119/><U105/><E36/><V34/><F34/><W56/><G66/><T48/><D39/><U32/><E32/><V5/><F23/><W133/><G130/><T103/><D128/><U68/><E41/><V30/><F30/><W71/><G71/><T90/><D111/><U11/><E73/><V19/><F43/><W101/><G101/><T129/><D129/><U44/><E77/><N who="3" m="29770" /><G72/><T29/><D75/><U18/><E44/><V131/><F64/><W61/><G61/><T126/><D126/><U55/><E55/><V20/><F8/><W134/><G89/><T31/><D31/><U65/><E68/><V4/><F70/><W16/><G46/><T125/><D125/><N who="2" m="48202" /><F9/><AGARI ba="1,0" hai="9,14,16,56,57,58,120,121,133,134,135" m="29770" machi="9" ten="40,2600,0" yaku="20,1,54,1" doraHai="45" who="3" fromWho="2" sc="308,0,250,0,192,-29,250,29" /><INIT seed="1,0,0,0,1,64" ten="308,250,163,279" oya="1" hai0="110,23,86,95,122,27,90,111,39,17,4,24,0" hai1="108,40,11,14,65,123,10,2,70,52,19,82,97" hai2="116,92,45,134,43,80,26,96,16,120,29,38,101" hai3="7,88,15,20,74,130,49,85,118,72,37,98,93"/><U77/><E123/><V51/><F120/><W67/><G37/><T107/><D122/><U66/><E108/><N who="0" m="41513" /><D107/><U13/><E2/><V36/><F116/><W129/><G118/><T32/><D39/><U55/><E40/><V18/><F134/><W114/><G114/><T128/><D128/><N who="3" m="49257" /><G49/><T102/><D102/><U75/><E97/><V131/><F131/><W62/><G98/><T78/><D78/><U109/><E109/><V30/><F38/><W112/><G112/><T113/><D113/><U79/><E79/><V53/><F30/><W91/><G91/><T105/><D105/><U56/><E70/><V28/><F28/><W34/><G34/><T99/><D99/><U58/><E58/><V132/><F132/><W8/><G20/><T57/><D57/><AGARI ba="0,0" hai="7,8,15,57,62,67,72,74,85,88,93" m="49257" machi="57" ten="30,2000,0" yaku="19,1,54,1" doraHai="64" who="3" fromWho="0" sc="308,-20,250,0,163,0,279,20" /><INIT seed="2,0,0,5,2,125" ten="288,250,163,299" oya="2" hai0="45,127,82,37,129,80,122,1,0,17,89,95,60" hai1="42,73,87,109,52,112,133,93,126,102,8,58,22" hai2="11,54,35,117,14,18,130,77,30,128,13,47,49" hai3="118,48,132,85,78,24,100,88,7,16,97,104,101"/><V69/><F69/><W67/><G118/><T28/><D122/><U43/><E112/><V92/><F117/><W19/><G132/><T72/><D28/><U94/><E73/><V64/><F64/><W5/><G78/><T68/><D127/><U36/><E126/><V98/><F77/><W111/><G111/><T108/><D108/><U131/><E109/><V59/><F14/><W74/><G74/><T4/><D17/><U33/><E33/><V56/><F30/><W55/><G67/><T91/><D68/><U71/><E36/><V120/><F35/><W123/><G123/><T34/><D60/><U84/><E8/><V9/><F9/><W61/><G61/><T65/><D65/><U6/><E6/><V46/><F59/><W27/><G27/><T105/><D105/><U29/><E22/><V20/><F20/><W63/><G63/><T134/><D34/><U96/><E29/><V106/><F106/><W12/><G101/><T40/><D0/><U115/><E115/><V38/><F120/><W44/><G24/><T83/><D134/><U39/><E133/><V99/><F99/><W86/><G86/><T124/><D124/><U135/><E87/><V31/><F31/><W81/><G19/><T119/><D72/><U121/><E71/><V103/><F38/><W113/><G113/><T32/><D37/><U50/><E39/><V75/><F75/><W62/><G62/><T90/><D32/><U79/><E121/><V66/><F66/><W23/><AGARI ba="0,0" hai="5,7,12,16,23,44,48,55,81,85,88,97,100,104" machi="23" ten="20,5200,0" yaku="0,1,7,1,54,2" doraHai="125" who="3" fromWho="3" sc="288,-13,250,-13,163,-26,299,52" /><INIT seed="3,0,0,4,1,50" ten="275,237,137,351" oya="3" hai0="79,125,8,101,46,74,109,92,119,78,117,33,71" hai1="41,85,22,124,48,17,75,73,72,100,88,69,57" hai2="35,6,87,93,7,25,120,10,80,59,28,123,110" hai3="98,3,94,11,115,108,30,127,66,51,12,53,77"/><W67/><G3/><T20/><D33/><U133/><E69/><V38/><F110/><W19/><G115/><T84/><D71/><U132/><E124/><V111/><F38/><W128/><G127/><T60/><D125/><U68/><E68/><V99/><F111/><W82/><G108/><T34/><D34/><U95/><E100/><V64/><F87/><N who="3" m="48591" /><G30/><T91/><D109/><U118/><E118/><V55/><F80/><W65/><G128/><T102/><D8/><U49/><E41/><V27/><F64/><W121/><G121/><N who="2" m="46665" /><F27/><W39/><G39/><T31/><D74/><U129/><E129/><V90/><F10/><W32/><G32/><T58/><D46/><U63/><E48/><AGARI ba="0,0" hai="6,7,25,28,35,48,55,59,90,93,99" m="46665" machi="48" ten="30,2000,0" yaku="13,1,52,1" doraHai="50" who="2" fromWho="1" sc="275,0,237,-20,137,20,351,0" /><INIT seed="4,0,0,2,2,103" ten="275,217,157,351" oya="0" hai0="126,59,61,28,115,94,106,6,5,121,76,17,4" hai1="26,104,127,13,124,111,67,135,84,12,132,65,93" hai2="8,88,125,92,52,49,2,15,35,31,14,51,123" hai3="38,79,116,122,58,78,80,128,57,70,1,43,34"/><T108/><D106/><U117/><E111/><V25/><F123/><W27/><G70/><T120/><D115/><U82/><E117/><V100/><F125/><N who="1" m="48201" /><E26/><V96/><F49/><W60/><G1/><T23/><D126/><U69/><E104/><V77/><F77/><W45/><G128/><T112/><D112/><U119/><E119/><V11/><F100/><W37/><G37/><T114/><D114/><U95/><E69/><V36/><F36/><W91/><G116/><T87/><D28/><U47/><E47/><V48/><F48/><W86/><G58/><T30/><D30/><U68/><E68/><V85/><F85/><W29/><REACH who="3" step="1"/><G122/><REACH who="3" ten="275,217,157,341" step="2"/><T98/><D108/><U50/><E135/><V44/><REACH who="2" step="1"/><F11/><REACH who="2" ten="275,217,147,341" step="2"/><W54/><AGARI ba="0,2" hai="27,29,34,38,43,45,54,57,60,78,79,80,86,91" machi="54" ten="20,5200,0" yaku="1,1,2,1,0,1,7,1,53,0" doraHai="103" doraHaiUra="89" who="3" fromWho="3" sc="275,-26,217,-13,147,-13,341,72" /><INIT seed="5,0,0,3,1,9" ten="249,204,134,413" oya="1" hai0="36,82,107,121,49,78,115,15,25,57,3,11,41" hai1="101,42,113,122,63,60,53,43,67,61,117,87,46" hai2="40,132,48,83,66,28,31,95,10,35,4,16,6" hai3="98,20,14,68,133,47,71,2,12,74,125,126,79"/><U55/><E101/><V54/><F132/><W23/><G2/><T30/><D107/><U22/><E122/><V7/><F66/><W112/><G112/><T33/><D3/><U109/><E117/><V94/><F40/><W51/><G133/><T0/><D0/><U118/><E118/><V102/><F83/><N who="3" m="45559" /><G23/><T69/><D69/><N who="3" m="26697" /><G20/><T111/><D111/><U85/><E113/><V114/><F114/><W17/><G17/><T24/><D24/><U19/><E109/><V62/><F62/><W91/><G91/><T1/><D1/><U81/><E67/><V123/><F123/><W104/><G98/><T84/><D121/><U131/><E131/><V97/><F95/><W44/><G44/><N who="0" m="25743" /><D36/><U127/><E127/><N who="3" m="48650" /><G104/><T119/><D119/><U45/><E85/><V65/><F65/><W90/><G90/><T99/><D99/><U52/><E46/><N who="2" m="27927" /><F35/><W64/><G64/><T29/><D115/><U73/><E45/><V110/><F110/><W86/><G86/><T34/><D34/><U89/><REACH who="1" step="1"/><E73/><REACH who="1" ten="249,194,134,413" step="2"/><V72/><F72/><W134/><G134/><T96/><D96/><U13/><AGARI ba="0,1" hai="13,19,22,42,43,52,53,55,60,61,63,81,87,89" machi="13" ten="30,24000,3" yaku="1,1,2,1,0,1,8,1,52,1,54,1,53,3" doraHai="9" doraHaiUra="56" who="1" fromWho="1" sc="249,-80,194,250,134,-80,413,-80" /><INIT seed="5,1,0,0,3,109" ten="169,444,54,333" oya="1" hai0="57,5,84,111,37,127,114,33,42,97,100,98,12" hai1="0,104,36,69,10,45,61,28,25,21,39,87,130" hai2="13,117,17,2,99,125,103,67,7,107,14,59,3" hai3="90,72,121,119,80,71,110,23,79,52,129,108,88"/><U46/><E130/><V106/><F117/><W76/><G71/><T135/><D33/><U26/><E104/><V55/><F125/><W66/><G66/><T128/><D111/><U113/><E113/><V82/><F67/><W131/><G121/><T95/><D114/><U91/><E69/><V115/><F107/><W20/><G119/><T93/><D127/><U51/><E61/><V47/><F47/><W70/><G70/><T43/><D135/><U16/><E46/><V85/><F13/><W34/><G34/><T29/><D29/><U35/><E10/><V105/><F105/><W49/><G108/><T1/><D1/><U22/><E22/><N who="3" m="8234" /><G76/><T126/><D126/><U68/><E68/><V50/><F17/><W18/><G18/><T6/><D37/><U24/><E24/><V89/><F14/><W9/><G9/><T8/><D128/><N who="3" m="49225" /><G110/><T19/><D5/><U96/><E0/><V83/><F115/><W101/><G101/><T75/><D75/><U118/><E118/><V112/><F112/><W62/><G62/><T40/><D6/><U60/><E60/><V120/><F120/><W77/><G77/><T74/><D74/><U134/><E134/><V94/><REACH who="2" step="1"/><F2/><REACH who="2" ten="169,444,44,333" step="2"/><W78/><G78/><T81/><D19/><U48/><E16/><V58/><F58/><AGARI ba="1,1" hai="49,52,58,72,79,80,88,90" m="49225,8234" machi="58" ten="30,3900,0" yaku="19,1,54,2" doraHai="109" who="3" fromWho="2" sc="169,0,444,0,44,-42,333,52" /><INIT seed="6,0,0,1,1,82" ten="169,444,2,385" oya="2" hai0="85,112,27,102,73,61,37,90,50,46,14,8,113" hai1="129,24,80,58,76,98,63,115,39,5,83,20,7" hai2="78,103,128,60,53,34,28,52,126,64,3,16,2" hai3="110,84,45,124,74,97,42,87,96,75,130,111,70"/><V12/><F2/><W120/><G70/><T125/><D73/><N who="3" m="27657" /><G45/><T116/><D125/><U123/><E115/><V114/><F3/><W54/><G54/><T79/><D102/><U121/><E129/><V18/><F114/><W95/><G42/><T101/><D116/><U118/><E39/><V35/><F128/><W40/><G40/><T134/><D101/><U43/><E98/><N who="3" m="37994" /><G120/><N who="1" m="46154" /><E118/><V66/><F126/><W71/><G71/><T135/><D61/><U104/><E104/><V26/><F103/><W107/><G130/><T22/><D14/><U86/><E83/><V100/><F100/><W32/><G32/><T127/><D22/><U29/><E43/><V33/><F78/><W31/><G31/><T133/><D46/><U77/><E77/><V132/><F132/><W92/><G107/><T51/><D50/><U68/><E68/><V81/><F81/><W117/><G117/><T106/><D79/><U1/><E1/><V119/><F119/><W59/><G59/><T48/><D106/><U72/><E72/><V69/><F66/><AGARI ba="0,0" hai="5,7,20,24,29,58,63,66,76,80,86" m="46154" machi="66" ten="30,2000,0" yaku="13,1,52,1" doraHai="82" who="1" fromWho="2" sc="169,0,444,20,2,-20,385,0" owari="169,-23.0,464,56.0,-18,-52.0,385,19.0" /></mjloggm>