<mjloggm ver="2.3"><GO type="169" lobby="0"/><UN n0="%E3%83%95%E3%82%A7%E3%83%AB%E3%83%8A%E3%83%B3%E3%83%89" n1="%E3%81%BD%E3%81%BA%E3%82%93%E3%81%B4%E3%82%93" n2="%E5%B0%B1%E6%B4%BB%E7%94%9F%40%E5%B7%9D%E6%9D%91%E8%BB%8D%E5%9B%A3" n3="%E3%82%B8%E3%83%A3%E3%82%B9%E3%82%BF%E3%82%A6%E3%82%A7%E3%82%A4" dan="16,16,16,16" rate="2086.65,2111.74,2045.42,2136.37" sx="M,M,M,M"/><TAIKYOKU oya="0"/><INIT seed="0,0,0,4,4,133" ten="250,250,250,250" oya="0" hai0="115,21,1,83,49,77,64,14,7,80,18,101,85" hai1="40,8,28,4,88,60,48,132,92,104,36,126,94" hai2="11,24,72,118,43,6,53,15,124,109,37,84,121" hai3="99,52,100,135,32,23,20,123,61,120,26,73,130"/><T51/><D115/><U41/><E104/><V108/><F72/><W98/><G73/><T35/><D35/><U113/><E132/><V34/><F37/><W119/><G119/><T46/><D101/><U33/><E36/><V71/><F71/><W57/><G135/><T111/><D64/><U54/><E60/><V114/><F43/><W10/><G130/><T86/><D46/><U63/><E63/><V38/><F38/><W82/><G10/><T95/><D95/><U79/><E79/><V67/><F67/><W70/><G82/><T19/><D19/><U110/><E110/><N who="2" m="42603" /><F53/><W129/><G129/><T69/><D69/><U106/><E106/><V25/><F84/><W102/><G70/><T66/><D66/><U17/><E94/><V75/><F75/><W5/><G32/><T44/><D111/><U29/><E33/><V128/><F114/><W131/><G131/><T125/><D44/><U3/><E17/><V87/><F87/><W91/><G5/><T56/><D56/><U31/><E113/><V122/><F128/><W55/><G91/><T58/><D58/><U107/><E107/><V39/><F39/><W97/><G55/><T76/><REACH who="0" step="1"/><D125/><REACH who="0" ten="240,250,250,250" step="2"/><U9/><E4/><N who="2" m="3559" /><F124/><W68/><G68/><T50/><D50/><U59/><E126/><V105/><F105/><W27/><G100/><T47/><D47/><U30/><E3/><V74/><F34/><W89/><G102/><T2/><D2/><U116/><E116/><V103/><F6/><W81/><G61/><T65/><D65/><U22/><N who="1" m="7680" /><DORA hai="0" /><U45/><E45/><V134/><F103/><RYUUKYOKU ba="0,1" sc="240,30,250,-10,250,-10,250,-10" hai0="1,7,14,18,21,49,51,76,77,80,83,85,86" /><INIT seed="0,1,1,2,5,23" ten="270,240,240,240" oya="0" hai0="135,6,26,88,53,111,30,66,68,28,72,4,41" hai1="9,134,56,63,3,32,116,60,131,42,62,94,110" hai2="96,125,124,24,51,54,90,2,127,43,83,37,47" hai3="82,49,52,12,78,69,128,97,29,0,86,33,76"/><T95/><D72/><U92/><E32/><V40/><F2/><W106/><G0/><T84/><D135/><U27/><E116/><V123/><F123/><W58/><G128/><T13/><D41/><U87/><E110/><V57/><F43/><W101/><G69/><T130/><D130/><U20/><E134/><V39/><F24/><W15/><REACH who="3" step="1"/><G76/><REACH who="3" ten="270,240,240,230" step="2"/><T91/><D68/><U117/><E3/><V7/><F7/><W50/><G50/><T119/><D6/><U16/><E131/><V65/><F39/><W93/><G93/><T80/><D95/><U22/><E94/><N who="2" m="56407" /><F83/><W5/><G5/><T70/><D4/><U79/><E117/><V21/><F65/><W109/><G109/><T118/><D66/><U112/><E112/><V14/><F37/><W108/><G108/><T100/><D80/><N who="1" m="47519" /><E92/><V34/><F51/><W73/><G73/><T1/><D1/><U81/><E81/><V99/><F125/><W19/><G19/><T44/><D111/><U129/><E129/><V71/><F71/><W18/><G18/><T46/><D70/><U98/><E98/><V114/><F127/><W103/><G103/><T11/><D100/><U38/><E38/><V45/><F114/><W35/><G35/><T133/><D119/><U36/><E36/><V77/><F34/><W31/><G31/><T120/><D30/><U48/><E48/><V17/><F77/><W89/><G89/><T122/><D91/><U55/><E42/><V64/><F124/><W67/><G67/><T75/><D118/><U102/><E102/><V74/><F64/><W105/><G105/><RYUUKYOKU ba="1,2" sc="270,-10,240,-10,240,-10,230,30" hai3="12,15,29,33,49,52,58,78,82,86,97,101,106" /><INIT seed="1,2,2,5,1,87" ten="260,230,230,260" oya="1" hai0="103,130,91,19,14,128,59,73,97,24,119,125,34" hai1="85,30,53,100,76,40,29,68,129,12,78,107,36" hai2="116,106,23,131,134,13,22,110,3,49,31,50,72" hai3="112,0,47,43,86,109,18,25,60,113,7,93,33"/><U127/><E68/><V62/><F106/><W118/><G109/><T28/><D119/><U21/><E129/><N who="0" m="49769" /><D73/><U66/><E127/><V124/><F3/><W95/><G118/><T63/><D125/><U37/><E66/><V117/><F72/><W42/><G42/><T56/><D63/><U67/><E67/><V57/><F124/><W4/><G60/><T27/><D27/><U80/><E76/><V77/><F110/><W99/><G33/><T26/><D26/><U48/><E100/><V39/><F39/><W84/><G0/><T71/><D71/><U114/><E107/><V46/><F131/><W44/><G25/><T81/><D103/><U35/><E114/><V38/><F38/><W15/><G43/><T10/><D81/><U52/><E35/><V122/><F134/><W90/><G112/><T20/><D34/><U58/><E37/><V1/><F122/><W94/><G113/><T101/><D101/><U11/><E21/><V41/><F23/><W102/><G86/><T83/><D83/><U69/><E69/><V61/><F61/><W79/><G95/><AGARI ba="2,2" hai="10,14,19,20,24,28,56,59,91,95,97" m="49769" machi="95" ten="30,2000,0" yaku="19,1,52,1" doraHai="87" who="0" fromWho="3" sc="260,46,230,0,230,0,260,-26" /><INIT seed="2,0,0,4,5,25" ten="306,230,230,234" oya="2" hai0="105,0,82,106,27,63,43,68,110,80,71,28,89" hai1="104,45,20,67,92,57,129,51,99,122,85,17,53" hai2="86,29,88,16,31,3,21,38,95,120,91,2,135" hai3="37,112,42,49,102,133,70,124,125,84,77,47,79"/><V69/><F38/><W60/><G133/><T7/><D110/><U132/><E129/><V107/><F69/><W75/><G112/><T54/><D43/><U118/><E118/><V109/><F107/><W23/><G75/><T46/><D71/><U15/><E122/><V48/><F120/><W19/><G102/><T93/><D82/><U5/><E132/><V39/><F39/><W111/><G111/><T56/><D68/><U24/><E104/><V9/><F135/><W100/><G100/><T103/><D103/><U41/><E67/><V18/><F109/><W113/><G113/><T14/><D0/><U64/><E64/><V76/><F76/><W59/><G84/><T52/><D80/><U130/><E130/><V81/><F3/><W127/><G37/><T12/><D106/><U58/><E85/><N who="2" m="52623" /><F2/><W35/><G35/><T61/><D105/><U72/><E72/><V134/><F134/><W50/><G70/><T128/><D128/><U6/><E15/><N who="2" m="7279" /><F48/><W73/><G50/><N who="0" m="29015" /><D63/><N who="1" m="36271" /><E58/><V65/><F65/><N who="3" m="39071" /><G73/><T55/><D55/><U32/><E32/><V108/><F108/><W30/><G79/><T4/><D52/><U116/><E116/><V66/><F66/><W119/><G77/><T78/><D78/><U26/><E26/><AGARI ba="0,0" hai="18,21,26,29,31,81,86,91" m="7279,52623" machi="26" ten="30,12000,1" yaku="8,1,52,2,54,2" doraHai="25" who="2" fromWho="1" sc="306,0,230,-120,230,120,234,0" /><INIT seed="2,1,0,5,1,81" ten="306,110,350,234" oya="2" hai0="62,96,5,66,51,115,46,69,4,128,129,49,111" hai1="52,9,93,63,123,102,34,47,77,10,68,50,15" hai2="33,72,30,120,91,82,85,71,11,131,17,126,94" hai3="108,83,113,29,57,6,22,45,119,97,112,14,98"/><V90/><F71/><W121/><G119/><T124/><D96/><U70/><E34/><V13/><F120/><W132/><G121/><T53/><D5/><U101/><E123/><V23/><F126/><W117/><G117/><T74/><D74/><U12/><E70/><V26/><F131/><N who="0" m="50250" /><D4/><U104/><E104/><V40/><F40/><W109/><G132/><T130/><D130/><U54/><E77/><V61/><F61/><W0/><G0/><T60/><D115/><N who="3" m="44105" /><G45/><N who="0" m="27823" /><D124/><U67/><E54/><V86/><REACH who="2" step="1"/><F72/><REACH who="2" ten="306,110,340,234" step="2"/><W24/><G109/><T89/><D111/><U76/><E76/><V56/><F56/><W105/><G108/><T28/><D62/><U59/><E68/><V55/><F55/><W3/><G57/><T79/><D69/><U88/><E10/><AGARI ba="1,1" hai="10,11,13,17,23,26,30,33,82,85,86,90,91,94" machi="10" ten="40,7700,0" yaku="1,1,52,2,53,0" doraHai="81" doraHaiUra="42" who="2" fromWho="1" sc="306,0,110,-80,340,90,234,0" /><INIT seed="2,2,0,2,1,101" ten="306,30,430,234" oya="2" hai0="16,68,135,23,60,3,84,56,0,91,48,95,31" hai1="92,9,77,54,133,121,61,43,125,50,36,79,86" hai2="63,28,6,15,123,66,12,127,17,39,42,111,82" hai3="8,112,75,69,78,7,94,5,26,46,38,119,45"/><V120/><F28/><W57/><G119/><T71/><D135/><U90/><E125/><V115/><F115/><W25/><G69/><T96/><D31/><U74/><E133/><V118/><F118/><W13/><G112/><T129/><D129/><U32/><E121/><V102/><F127/><W70/><G70/><N who="0" m="26667" /><D60/><U103/><E32/><V114/><F114/><W99/><G5/><T52/><D96/><U10/><E61/><V34/><F34/><W76/><G57/><T30/><D30/><U97/><E43/><V65/><F102/><W104/><G104/><T93/><D93/><U131/><E36/><V55/><F111/><W22/><G38/><T18/><D18/><U116/><E131/><V24/><F6/><W126/><G126/><T20/><D20/><U58/><E116/><V106/><F82/><W49/><G75/><T113/><D113/><U108/><E108/><V53/><F39/><W44/><G49/><T100/><D100/><U107/><REACH who="1" step="1"/><E79/><REACH who="1" ten="306,20,430,234" step="2"/><V4/><F42/><W130/><G130/><T14/><AGARI ba="2,1" hai="0,3,14,16,23,48,52,56,84,91,95" m="26667" machi="14" ten="30,4000,0" yaku="25,1,54,2" doraHai="101" who="0" fromWho="0" sc="306,56,20,-12,430,-22,234,-12" /><INIT seed="3,0,0,4,3,123" ten="362,8,408,222" oya="3" hai0="113,40,130,124,99,73,100,127,114,102,109,125,76" hai1="11,120,110,86,7,131,28,12,31,14,29,15,54" hai2="17,52,6,55,10,13,85,91,33,101,126,1,95" hai3="69,21,0,9,94,88,90,74,61,96,115,41,65"/><W133/><G115/><N who="0" m="44043" /><D40/><U51/><E86/><V35/><F126/><W87/><G74/><T106/><D130/><U71/><E71/><V50/><F101/><W117/><G117/><T26/><D26/><U20/><E54/><V103/><F103/><W43/><G133/><T23/><D23/><U81/><E51/><V79/><F79/><W32/><G32/><T89/><D102/><U19/><E81/><V80/><F55/><W45/><G21/><T38/><D38/><U135/><E120/><V64/><F64/><W22/><G22/><T4/><D4/><U116/><E116/><V37/><F37/><W39/><G41/><T68/><D68/><U47/><E47/><V30/><F30/><W57/><G0/><T128/><D128/><U42/><E42/><V105/><F105/><W63/><G9/><T98/><D109/><U5/><E131/><V44/><F95/><W112/><G112/><T134/><D134/><U16/><E135/><V66/><F66/><W25/><G25/><T3/><D3/><U27/><E110/><V104/><F104/><W77/><G77/><T119/><D119/><U72/><E72/><V34/><F34/><W111/><G111/><T84/><D99/><U83/><E83/><V24/><F24/><W93/><G69/><T122/><D122/><U70/><E70/><V18/><F18/><W8/><G8/><AGARI ba="0,0" hai="1,6,8,10,13,17,33,35,44,50,52,80,85,91" machi="8" ten="30,7700,0" yaku="7,1,25,2,54,1" doraHai="123" who="2" fromWho="3" sc="362,0,8,0,408,77,222,-77" /><INIT seed="4,0,0,5,3,72" ten="362,8,485,145" oya="0" hai0="90,81,34,126,64,70,0,117,79,129,10,20,108" hai1="41,52,128,105,96,102,3,22,14,109,134,51,119" hai2="127,48,35,124,130,45,99,115,39,95,114,122,19" hai3="66,32,120,47,133,84,80,9,59,87,94,37,101"/><T93/><D34/><U46/><E3/><V6/><F35/><W4/><G32/><T78/><D117/><U8/><E109/><V77/><F39/><W33/><G33/><T24/><D108/><U123/><E123/><V98/><F6/><W116/><G116/><T68/><D129/><U53/><E119/><V107/><F107/><W25/><G133/><T63/><D70/><U85/><E134/><V112/><F122/><W40/><G120/><T1/><D126/><N who="2" m="48170" /><F130/><W36/><G25/><T74/><D10/><U56/><E128/><V131/><F131/><W88/><G59/><T57/><D68/><U18/><E85/><V92/><F77/><W21/><G21/><T100/><D79/><U82/><E82/><V44/><F19/><W83/><G66/><T49/><D49/><U113/><E113/><V60/><F60/><W106/><G106/><T17/><REACH who="0" step="1"/><D100/><REACH who="0" ten="352,8,485,145" step="2"/><U104/><E104/><V110/><F110/><W71/><G101/><T38/><D38/><U91/><E91/><N who="2" m="55583" /><F48/><W111/><G37/><T69/><D69/><U132/><E132/><V43/><F43/><W54/><G71/><T23/><D23/><U28/><E56/><V62/><F62/><W97/><G111/><T31/><D31/><U30/><E30/><V65/><F65/><W7/><G36/><T125/><D125/><U13/><E28/><V16/><F16/><AGARI ba="0,1" hai="8,13,14,16,18,22,41,46,51,52,53,96,102,105" machi="16" ten="30,3900,0" yaku="7,1,54,2" doraHai="72" who="1" fromWho="2" sc="352,0,8,49,485,-39,145,0" /><INIT seed="5,0,0,1,2,72" ten="352,57,446,145" oya="1" hai0="101,28,99,131,39,78,17,89,34,120,96,118,107" hai1="33,44,122,135,5,91,45,86,73,113,68,53,60" hai2="126,66,9,123,59,124,70,1,100,61,90,65,94" hai3="74,42,52,76,29,55,30,111,97,134,106,14,41"/><U121/><E73/><V15/><F123/><W11/><G111/><T88/><D118/><U31/><E5/><N who="2" m="3503" /><F1/><W26/><G134/><T116/><D116/><U125/><E113/><V103/><F66/><W71/><G71/><T40/><D120/><U95/><E125/><N who="2" m="48235" /><F70/><W129/><G129/><T133/><D131/><U27/><E135/><V49/><F49/><W0/><G0/><T6/><D133/><U64/><E45/><V16/><F16/><W37/><G37/><T56/><D6/><U23/><REACH who="1" step="1"/><E33/><REACH who="1" ten="352,47,446,145" step="2"/><V69/><F69/><W25/><G74/><T47/><D34/><U48/><AGARI ba="0,1" hai="23,27,31,44,48,53,60,64,68,86,91,95,121,122" machi="48" ten="30,6000,0" yaku="1,1,2,1,0,1,53,0" doraHai="72" doraHaiUra="8" who="1" fromWho="1" sc="352,-20,47,70,446,-20,145,-20" /><INIT seed="5,1,0,3,1,104" ten="332,117,426,125" oya="1" hai0="72,19,112,14,117,55,83,87,134,50,1,78,135" hai1="128,94,126,111,119,107,73,76,0,22,92,59,35" hai2="115,101,17,40,52,7,64,98,49,58,121,26,2" hai3="54,103,18,29,33,47,20,116,79,36,97,86,105"/><U56/><E35/><V24/><F121/><W53/><G116/><T88/><D1/><U132/><E107/><V21/><F115/><W10/><G33/><T3/><D3/><U32/><E32/><V68/><F40/><W31/><G10/><T93/><D112/><U133/><E119/><V39/><F39/><W99/><G99/><T110/><D110/><U45/><E0/><V6/><F2/><W125/><G125/><T114/><D114/><U13/><E45/><V91/><F91/><W129/><G129/><T102/><D102/><U90/><E111/><V74/><F74/><W82/><G36/><T43/><D43/><U65/><E126/><V61/><REACH who="2" step="1"/><F24/><REACH who="2" ten="332,117,416,125" step="2"/><W11/><G79/><T130/><D117/><U28/><E128/><V60/><F60/><W27/><G27/><T9/><REACH who="0" step="1"/><D130/><REACH who="0" ten="322,117,416,125" step="2"/><U84/><E13/><V16/><F16/><W122/><G18/><T124/><D124/><U118/><E118/><V95/><AGARI ba="1,2" hai="6,7,17,21,26,49,52,58,61,64,68,95,98,101" machi="95" ten="20,5200,0" yaku="1,1,0,1,7,1,54,1,53,0" doraHai="104" doraHaiUra="106" who="2" fromWho="2" sc="322,-14,117,-27,416,75,125,-14" /><INIT seed="6,0,0,1,2,69" ten="308,90,491,111" oya="2" hai0="97,89,90,41,85,106,67,56,75,29,134,31,65" hai1="54,45,15,112,9,71,64,101,118,98,4,48,47" hai2="11,20,95,38,122,46,129,127,43,62,13,36,102" hai3="16,108,96,22,103,133,28,115,61,74,6,57,80"/><V110/><F122/><W50/><G108/><T34/><D75/><U66/><E118/><V119/><F119/><W125/><G6/><T84/><D134/><U70/><E112/><V19/><F110/><W121/><G121/><T135/><D135/><U49/><E71/><V17/><F127/><W51/><G133/><T76/><D76/><U37/><E70/><V14/><F129/><W114/><G125/><T94/><D106/><U42/><REACH who="1" step="1"/><E49/><REACH who="1" ten="308,80,491,111" step="2"/><V25/><F38/><W88/><G51/><T126/><D126/><U18/><E18/><V30/><F62/><W24/><G50/><T60/><D60/><U0/><E0/><V86/><F14/><W21/><G115/><T109/><D109/><U40/><E40/><V23/><F23/><W78/><G114/><T82/><D41/><U7/><E7/><V79/><F19/><W116/><G116/><T2/><D2/><U72/><E72/><V92/><F102/><W99/><G22/><T33/><D33/><U77/><E77/><V83/><AGARI ba="0,1" hai="11,13,17,20,25,30,36,43,46,79,83,86,92,95" machi="83" ten="30,3000,0" yaku="0,1,52,1" doraHai="69" who="2" fromWho="2" sc="308,-10,80,-10,491,40,111,-10" /><INIT seed="6,1,0,2,4,3" ten="298,70,531,101" oya="2" hai0="4,77,122,93,135,44,105,103,18,114,83,92,29" hai1="34,0,72,119,95,68,26,89,90,43,130,109,49" hai2="7,57,36,1,84,23,110,37,104,64,98,15,11" hai3="24,38,91,116,74,128,133,102,82,100,111,53,79"/><V28/><F110/><W27/><G38/><T132/><D29/><U125/><E119/><V94/><F104/><W45/><G116/><T5/><D122/><U30/><E72/><V52/><F64/><W31/><G111/><T56/><D105/><U54/><E68/><V121/><F84/><W88/><G128/><T73/><D114/><U99/><E109/><V96/><F121/><W63/><G133/><N who="0" m="51275" /><D44/><U17/><E130/><V108/><F98/><W67/><G27/><T40/><D40/><U134/><E134/><V48/><F108/><W33/><G100/><T86/><D18/><U118/><E118/><V113/><F113/><W65/><G65/><T12/><D12/><U9/><E43/><V120/><F120/><W55/><G102/><T101/><D101/><U70/><E70/><V62/><F62/><W32/><G32/><T22/><D22/><U35/><E125/><V112/><F112/><W117/><G117/><T106/><D56/><U13/><E0/><V69/><F69/><W8/><G8/><T21/><D21/><U131/><E131/><V61/><F61/><W50/><G53/><T126/><D126/><U87/><E35/><V19/><REACH who="2" step="1"/><F28/><REACH who="2" ten="298,70,521,101" step="2"/><W14/><G63/><T124/><D124/><U80/><E49/><V39/><F39/><W115/><G115/><T41/><D106/><U78/><REACH who="1" step="1"/><E54/><REACH who="1" ten="298,60,521,101" step="2"/><V42/><F42/><W75/><G75/><T60/><D41/><U25/><E25/><V85/><F85/><W20/><G67/><T123/><D123/><U71/><E71/><V129/><F129/><W66/><G66/><T51/><D86/><RYUUKYOKU ba="1,2" sc="298,-30,60,10,521,10,101,10" hai1="9,13,17,26,30,34,78,80,87,89,90,95,99" hai2="1,7,11,15,19,23,36,37,48,52,57,94,96" hai3="14,20,24,31,33,45,50,55,74,79,82,88,91" /><INIT seed="6,2,2,1,1,105" ten="268,70,531,111" oya="2" hai0="55,37,94,113,131,49,22,61,112,80,54,114,47" hai1="76,74,8,7,134,15,11,23,124,27,20,3,59" hai2="89,1,71,41,18,115,16,95,9,70,53,64,132" hai3="88,45,119,85,102,111,128,56,6,100,57,19,12"/><V67/><F115/><W25/><G111/><T123/><D94/><U99/><E124/><V82/><F132/><W79/><G119/><T116/><D22/><U130/><E130/><V52/><F41/><W91/><G128/><T32/><D32/><U48/><E134/><V133/><F133/><W42/><G79/><T26/><D26/><U108/><E108/><V10/><F82/><W60/><G6/><T98/><D131/><U84/><E99/><N who="2" m="57839" /><F71/><W5/><G5/><T83/><D98/><U33/><E84/><V28/><F70/><W121/><G121/><T17/><D17/><N who="2" m="6762" /><F28/><W35/><G35/><T86/><D123/><U101/><E101/><V62/><F1/><W92/><G25/><T107/><D107/><U122/><E122/><V2/><F2/><W68/><G68/><T31/><D31/><U24/><E33/><V125/><F125/><W44/><G91/><T73/><D37/><U46/><E59/><N who="3" m="22602" /><G60/><T110/><D110/><U58/><E58/><N who="2" m="35143" /><F53/><W66/><G66/><AGARI ba="2,2" hai="9,10,64,66,67" m="35143,6762,57839" machi="66" ten="30,5800,0" yaku="8,1,54,2" doraHai="105" who="2" fromWho="3" sc="268,0,70,0,531,84,111,-64" /><INIT seed="6,3,0,4,4,116" ten="268,70,615,47" oya="2" hai0="69,48,20,104,106,128,119,90,72,2,84,126,58" hai1="39,118,33,13,135,31,127,91,131,1,105,14,12" hai2="133,17,94,86,37,49,114,18,51,28,27,98,75" hai3="4,40,123,50,43,21,30,92,107,32,88,89,112"/><V46/><F37/><W125/><G107/><T44/><D69/><U34/><E39/><V19/><F75/><W97/><G123/><T63/><D72/><U102/><E91/><V100/><F114/><W59/><G32/><T111/><D111/><U113/><E102/><V11/><F133/><W15/><G125/><T132/><D126/><U23/><E105/><V122/><F122/><W22/><G112/><T76/><D132/><U82/><E82/><V36/><F36/><W115/><G115/><T45/><D119/><U74/><E74/><V0/><F0/><W64/><G89/><T57/><D2/><U83/><E83/><V10/><F86/><W60/><G30/><T53/><D128/><U134/><E118/><V129/><F129/><W52/><G22/><T67/><D76/><U117/><E117/><V93/><F93/><W66/><G66/><T124/><D124/><U70/><E70/><V121/><F121/><W41/><G21/><T3/><D3/><U77/><E77/><V103/><F103/><W73/><G73/><T101/><D20/><U6/><E127/><V56/><F56/><W65/><REACH who="3" step="1"/><G60/><REACH who="3" ten="268,70,615,37" step="2"/><T42/><D106/><U109/><E113/><V96/><F96/><W108/><G108/><T120/><D120/><U26/><E109/><V7/><F7/><W55/><G55/><T95/><D104/><U5/><E131/><V24/><F24/><W110/><G110/><T47/><D101/><U71/><E71/><V61/><F61/><AGARI ba="3,1" hai="42,44,45,47,48,53,57,58,61,63,67,84,90,95" machi="61" ten="30,2000,0" yaku="7,1,8,1" doraHai="116" who="0" fromWho="2" sc="268,39,70,0,615,-29,37,0" /><INIT seed="7,0,0,4,3,101" ten="307,70,586,37" oya="3" hai0="10,100,65,22,132,46,15,119,19,7,129,18,102" hai1="114,111,118,51,61,131,76,70,126,60,67,113,45" hai2="97,8,68,85,63,98,1,53,71,120,13,115,73" hai3="40,124,17,27,11,50,106,109,0,26,14,30,99"/><W62/><G124/><T123/><D119/><U64/><E76/><V122/><F73/><W127/><G127/><T74/><D74/><U116/><E126/><V9/><F115/><N who="1" m="44041" /><E131/><V55/><F1/><W105/><G109/><T66/><D129/><U77/><E77/><V16/><F85/><W78/><G78/><T5/><D132/><U25/><E25/><V91/><F9/><W31/><G0/><T43/><D102/><U59/><E111/><V34/><F34/><W38/><G38/><T108/><D123/><N who="2" m="47146" /><F91/><W6/><G62/><T81/><D81/><U112/><N who="1" m="44049" /><U33/><DORA hai="24" /><E33/><V88/><F88/><W23/><G99/><N who="2" m="37897" /><F63/><W36/><G36/><T133/><D133/><U21/><E21/><V87/><F87/><W121/><G121/><T58/><D100/><U28/><E28/><V125/><F125/><W75/><G75/><T57/><D57/><U130/><E130/><V49/><F55/><AGARI ba="0,0" hai="45,51,55,59,60,61,64,67,70,116,118" m="44049" machi="55" ten="40,5200,0" yaku="15,1,34,2" doraHai="101,24" who="1" fromWho="2" sc="307,0,70,52,586,-52,37,0" owari="307,11.0,122,-28.0,534,63.0,37,-46.0" /></mjloggm>