<mjloggm ver="2.3"><GO type="97" lobby="0"/><UN n0="%E5%B0%B1%E6%B4%BB%E7%94%9F%40%E5%B7%9D%E6%9D%91%E8%BB%8D%E5%9B%A3" n1="%E3%83%AD%E3%83%9C%E3%82%B3%E3%83%97" n2="%E3%81%9E%E3%81%86%E3%81%95%E3%82%93" n3="%E7%8C%AB%E5%A5%89%E8%A1%8C%E6%99%82%E5%AE%9A" dan="15,14,15,14" rate="2055.29,1926.18,2005.22,1996.98" sx="M,M,M,M"/><TAIKYOKU oya="0"/><INIT seed="0,0,0,2,0,47" ten="250,250,250,250" oya="0" hai0="29,66,58,21,25,7,26,117,91,126,134,86,110" hai1="81,16,14,104,73,50,132,68,76,28,131,70,92" hai2="59,32,45,52,125,119,135,83,124,10,34,3,127" hai3="77,109,13,105,67,69,123,122,93,35,90,57,4"/><T130/><D117/><U112/><E104/><V87/><F119/><W48/><G35/><T8/><D126/><U128/><E112/><V107/><F45/><W40/><G105/><T72/><D72/><U96/><E132/><V88/><F107/><W49/><G77/><T15/><D130/><N who="1" m="49707" /><E28/><V99/><F99/><W95/><G109/><T23/><D134/><U51/><E70/><V74/><F74/><W0/><G0/><T38/><D38/><U84/><E68/><V41/><F41/><W79/><G79/><T30/><D110/><U44/><E44/><V20/><F20/><W54/><G69/><T64/><REACH who="0" step="1"/><D58/><REACH who="0" ten="240,250,250,250" step="2"/><U42/><E73/><V61/><F135/><W111/><G111/><T60/><D60/><U113/><E113/><V46/><F46/><N who="3" m="25671" /><G123/><T106/><D106/><U115/><E115/><V12/><REACH who="2" step="1"/><F3/><REACH who="2" ten="240,250,240,250" step="2"/><W116/><G116/><T56/><D56/><U120/><E120/><V27/><F27/><W36/><G122/><T62/><D62/><U9/><E42/><V11/><F11/><N who="3" m="4327" /><G36/><T43/><D43/><U80/><E80/><AGARI ba="0,2" hai="7,8,15,21,23,25,26,29,30,64,66,80,86,91" machi="80" ten="30,11600,0" yaku="1,1,7,1,9,1,8,1,53,0" doraHai="47" doraHaiUra="100" who="0" fromWho="1" sc="240,136,250,-116,240,0,250,0" /><INIT seed="0,1,0,0,5,30" ten="376,134,240,250" oya="0" hai0="41,51,43,120,60,53,76,42,103,82,133,8,69" hai1="9,75,68,6,49,99,106,12,26,91,24,19,4" hai2="2,126,11,121,132,50,39,123,102,55,110,134,7" hai3="35,135,89,27,117,44,58,96,36,74,14,25,40"/><T18/><D120/><N who="2" m="46154" /><F39/><W84/><G135/><N who="2" m="51753" /><F102/><W52/><G117/><T17/><D133/><U22/><E68/><V90/><F90/><W71/><G74/><T37/><D37/><U108/><E75/><V80/><F80/><W48/><G71/><T92/><D69/><U45/><E108/><V34/><F110/><W64/><G64/><T23/><D60/><U57/><E57/><N who="2" m="33015" /><F126/><W16/><G96/><T86/><D8/><U104/><E91/><V116/><F116/><W88/><G35/><AGARI ba="1,0" hai="2,7,11,34,35" m="33015,51753,46154" machi="35" ten="30,3900,0" yaku="20,1,52,2" doraHai="30" who="2" fromWho="3" sc="376,0,134,0,240,42,250,-42" /><INIT seed="1,0,0,3,0,115" ten="376,134,282,208" oya="1" hai0="106,129,27,38,10,88,99,48,111,43,90,22,31" hai1="53,14,93,50,13,123,132,97,121,62,135,4,105" hai2="0,108,109,2,32,74,3,77,118,65,133,110,12" hai3="51,58,84,28,34,127,36,35,49,117,73,5,91"/><U107/><E62/><V75/><F65/><W11/><G117/><T60/><D38/><U86/><E86/><V24/><F133/><N who="1" m="51273" /><E4/><V55/><F55/><W9/><G73/><N who="2" m="27657" /><F77/><W126/><G36/><T104/><D129/><U98/><E107/><V47/><F47/><W78/><G78/><T81/><D60/><U130/><E105/><V122/><F122/><N who="1" m="46601" /><E130/><V85/><F85/><W66/><G66/><T116/><D111/><U33/><E33/><V134/><F134/><W42/><G42/><T70/><D70/><U87/><E87/><V63/><F63/><W19/><G84/><T44/><D104/><U54/><E54/><V20/><F32/><W101/><G101/><T18/><D106/><U114/><E114/><V69/><F69/><W8/><G91/><T16/><D99/><N who="1" m="37899" /><E93/><V95/><F95/><W56/><G28/><T102/><D102/><U96/><N who="1" m="37907" /><U79/><DORA hai="72" /><E79/><V119/><F12/><W52/><G9/><T61/><D61/><U46/><AGARI ba="0,0" hai="13,14,46,50,53" m="37907,46601,51273" machi="46" ten="40,2100,0" yaku="20,1" doraHai="115,72" who="1" fromWho="1" sc="376,-7,134,21,282,-7,208,-7" /><INIT seed="1,1,0,2,2,26" ten="369,155,275,201" oya="1" hai0="81,28,11,117,4,53,84,17,5,42,121,79,18" hai1="21,134,59,8,124,78,44,56,123,122,116,96,115" hai2="47,109,75,30,15,14,89,127,66,2,76,9,119" hai3="72,20,57,103,1,29,23,61,46,70,82,106,92"/><U87/><E116/><V45/><F119/><W39/><G1/><T120/><D42/><U125/><E115/><V77/><F2/><W41/><G70/><T131/><D131/><U130/><E130/><V105/><F105/><W68/><G68/><T3/><D5/><U74/><E74/><V91/><F109/><W49/><G106/><T37/><D37/><U107/><E134/><V51/><F66/><N who="3" m="39215" /><G23/><T22/><D117/><U111/><E111/><V64/><F64/><W99/><G72/><T65/><D65/><U40/><E21/><V33/><F33/><W63/><G63/><T7/><D7/><U85/><E8/><V104/><F104/><W54/><G82/><T112/><D53/><U73/><E73/><V27/><F127/><N who="1" m="48713" /><E107/><V52/><F45/><W100/><G100/><T16/><D112/><U98/><E78/><N who="2" m="30315" /><F75/><W6/><G6/><T38/><D38/><N who="1" m="21527" /><E85/><V67/><F67/><W108/><G108/><T83/><D83/><U113/><E87/><V132/><F132/><W32/><G32/><T126/><D126/><U50/><E113/><V34/><F9/><W24/><G39/><T86/><D86/><U25/><E25/><V133/><F133/><W48/><G48/><T43/><D43/><AGARI ba="1,0" hai="20,24,29,41,43,46,49,54,92,99,103" m="39215" machi="43" ten="30,3900,0" yaku="25,1,8,1,52,1" doraHai="26" who="3" fromWho="0" sc="369,-42,155,0,275,0,201,42" /><INIT seed="2,0,0,1,3,14" ten="327,155,275,243" oya="2" hai0="90,95,83,30,16,54,122,102,1,41,128,5,80" hai1="8,31,35,43,120,127,111,119,29,86,81,44,19" hai2="9,56,37,114,58,116,69,118,45,99,112,124,57" hai3="101,38,13,106,36,27,75,66,131,91,60,134,87"/><V12/><F99/><W117/><G131/><T48/><D122/><U64/><E119/><N who="2" m="45611" /><F12/><W32/><G134/><T110/><D128/><U2/><E120/><V132/><F9/><W42/><G117/><T68/><D110/><U109/><E127/><V76/><F76/><W92/><G75/><T98/><D68/><U34/><E64/><V24/><F24/><W105/><G42/><T59/><D30/><U67/><E67/><V125/><F132/><W115/><G13/><T4/><D41/><U107/><E107/><V23/><F23/><W79/><G79/><T46/><D46/><U10/><E2/><V50/><F69/><N who="3" m="42183" /><G115/><N who="2" m="44073" /><F37/><W103/><G103/><T130/><D130/><U17/><E81/><N who="0" m="31305" /><D1/><U63/><E86/><V33/><F33/><W78/><G78/><T51/><D51/><U85/><E85/><V18/><F18/><W133/><G106/><T11/><D102/><U53/><E34/><V47/><F50/><W93/><G93/><T55/><D11/><U40/><E35/><V65/><F65/><W123/><G123/><T6/><D55/><U61/><E53/><V26/><F26/><W129/><G129/><T49/><D49/><U94/><E94/><V62/><F62/><W74/><G74/><T113/><D113/><U84/><E84/><V82/><F82/><W52/><G133/><T70/><D70/><U20/><E20/><V71/><F71/><W72/><G72/><T126/><D126/><AGARI ba="0,0" hai="45,47,56,57,58,124,125,126" m="44073,45611" machi="126" ten="40,12000,1" yaku="28,2,18,1,34,2" doraHai="14" who="2" fromWho="0" sc="327,-120,155,0,275,120,243,0" /><INIT seed="2,1,0,0,4,125" ten="207,155,395,243" oya="2" hai0="31,127,105,58,124,14,26,35,45,110,100,18,84" hai1="57,77,122,119,49,98,97,92,54,37,96,70,101" hai2="6,76,71,93,8,91,47,79,28,20,73,29,48" hai3="25,5,4,30,90,106,104,34,23,33,27,3,50"/><V94/><F71/><W17/><G90/><T116/><D110/><U9/><E119/><V46/><F73/><W111/><G50/><T32/><D32/><N who="3" m="12393" /><G106/><T133/><D133/><U2/><E70/><V128/><F20/><N who="3" m="15655" /><G104/><T81/><D116/><U36/><E122/><V12/><F48/><W51/><G51/><T59/><D100/><U85/><E2/><V19/><F91/><W87/><G87/><T61/><D45/><U74/><E74/><V52/><F93/><W129/><G111/><T126/><D105/><U22/><E9/><V13/><F94/><W62/><G62/><T131/><D131/><U102/><E22/><V11/><F128/><W55/><G55/><N who="0" m="34015" /><D59/><U80/><REACH who="1" step="1"/><E97/><REACH who="1" ten="207,145,395,243" step="2"/><V99/><F99/><W78/><G78/><N who="0" m="46135" /><D18/><U135/><E135/><V108/><F19/><W1/><G129/><T88/><D14/><U43/><E43/><V132/><F79/><W44/><G44/><T38/><D38/><U68/><E68/><V69/><F76/><W114/><G114/><T39/><D39/><U118/><E118/><V66/><F69/><W63/><G63/><T24/><D24/><U16/><E16/><V117/><F47/><W7/><AGARI ba="1,1" hai="1,3,4,5,7,17,23,27" m="15655,12393" machi="7" ten="30,8000,1" yaku="35,5" doraHai="125" who="3" fromWho="3" sc="207,-21,145,-21,395,-41,243,93" /><INIT seed="3,0,0,1,0,117" ten="186,124,354,336" oya="3" hai0="15,89,17,125,130,91,95,134,81,83,31,79,42" hai1="76,88,131,128,30,59,20,68,60,121,115,123,29" hai2="74,45,82,8,127,7,109,78,55,112,67,132,47" hai3="71,50,25,16,110,22,23,54,49,70,26,64,9"/><W118/><G118/><T135/><D130/><N who="1" m="49707" /><E68/><V97/><F112/><W96/><G110/><T94/><D125/><U40/><E115/><V87/><F132/><N who="0" m="50730" /><D31/><N who="1" m="11787" /><E76/><V90/><F67/><W10/><G96/><N who="0" m="57423" /><D42/><U85/><E40/><V75/><F97/><W21/><G64/><T24/><D24/><U72/><E20/><V98/><F98/><W12/><G70/><T48/><D48/><U3/><E3/><V46/><F109/><W1/><G71/><T63/><D63/><U84/><E72/><V14/><F75/><W13/><G1/><T119/><D119/><U6/><E6/><V103/><F127/><W52/><G22/><N who="0" m="11583" /><D79/><U5/><E5/><V41/><F41/><W37/><G37/><T36/><D36/><U86/><E60/><V0/><F0/><W4/><G16/><T43/><D43/><U35/><E35/><V44/><F7/><AGARI ba="0,0" hai="4,7,9,10,12,13,21,23,25,26,49,50,52,54" machi="7" ten="25,9600,0" yaku="22,2,8,1,54,1" doraHai="117" who="3" fromWho="2" sc="186,0,124,0,354,-96,336,96" owari="186,-21.0,124,-38.0,258,6.0,432,53.0" /></mjloggm>