<mjloggm ver="2.3"><GO type="97" lobby="0"/><UN n0="%51%40%2E%40" n1="%74%73%75%5F%63%69%74%79" n2="%E5%B0%B1%E6%B4%BB%E7%94%9F%40%E5%B7%9D%E6%9D%91%E8%BB%8D%E5%9B%A3" n3="%E9%80%9F%E6%B0%B4%E4%BC%8A%E7%B9%94%E3%82%93" dan="14,14,14,13" rate="1917.41,1929.68,1981.24,1900.79" sx="M,M,M,M"/><TAIKYOKU oya="0"/><INIT seed="0,0,0,0,0,64" ten="250,250,250,250" oya="0" hai0="85,135,58,70,15,134,42,12,93,123,25,71,53" hai1="5,14,10,11,37,67,131,22,3,87,62,128,90" hai2="50,113,49,17,108,80,129,47,56,133,23,104,84" hai3="72,29,40,89,24,28,52,66,74,8,91,55,81"/><T46/><D25/><U101/><E37/><V132/><F104/><W125/><G66/><T121/><D93/><U119/><E119/><V59/><F113/><W94/><G94/><T6/><D6/><U7/><E22/><V18/><F129/><W21/><G21/><T0/><D0/><U88/><E101/><V100/><F100/><W13/><G13/><T86/><D86/><U38/><E38/><V116/><F116/><W92/><G92/><T2/><D2/><U118/><E118/><V30/><F30/><W31/><G40/><T126/><D85/><U82/><REACH who="1" step="1"/><E90/><REACH who="1" ten="250,240,250,250" step="2"/><N who="2" m="51463" /><F108/><W44/><G91/><T124/><D15/><U68/><AGARI ba="0,1" hai="3,5,7,10,11,14,62,67,68,82,87,88,128,131" machi="68" ten="30,8000,1" yaku="1,1,0,1,52,1,54,1,53,1" doraHai="64" doraHaiUra="61" who="1" fromWho="1" sc="250,-40,240,90,250,-20,250,-20" /><INIT seed="1,0,0,0,1,10" ten="210,330,230,230" oya="1" hai0="32,48,57,66,83,24,81,11,20,49,43,91,104" hai1="19,120,27,68,38,70,28,18,6,0,116,16,84" hai2="47,130,76,1,74,31,111,115,52,103,46,9,41" hai3="14,119,61,21,5,36,123,77,50,34,44,132,65"/><U92/><E120/><V78/><F115/><W117/><G123/><T98/><D32/><U80/><E116/><V112/><F112/><W113/><G113/><T109/><D109/><U86/><E38/><V12/><F111/><W29/><G36/><T93/><D104/><U71/><E0/><V128/><F1/><W3/><G132/><T2/><D2/><U122/><E6/><V42/><F103/><W55/><G77/><T106/><D106/><U101/><E122/><V15/><F31/><W87/><G87/><T94/><D94/><U100/><E92/><V37/><F74/><W96/><G96/><T118/><D118/><U126/><E126/><V17/><F15/><W114/><G114/><T121/><D121/><U89/><REACH who="1" step="1"/><E86/><REACH who="1" ten="210,320,230,230" step="2"/><V99/><F99/><W64/><G119/><T33/><D33/><AGARI ba="0,1" hai="16,18,19,27,28,33,68,70,71,80,84,89,100,101" machi="33" ten="50,9600,0" yaku="1,1,2,1,54,1,53,0" doraHai="10" doraHaiUra="133" who="1" fromWho="0" sc="210,-96,320,106,230,0,230,0" /><INIT seed="1,1,0,0,4,101" ten="114,426,230,230" oya="1" hai0="29,92,77,76,3,36,11,30,1,18,51,125,124" hai1="129,113,69,56,39,120,121,98,88,82,7,83,10" hai2="127,60,131,26,79,87,133,109,84,97,63,6,0" hai3="53,106,61,43,33,90,135,123,22,67,28,117,95"/><U49/><E69/><V86/><F127/><N who="0" m="48714" /><D36/><U103/><E39/><V130/><F109/><W126/><G126/><T40/><D51/><U8/><E113/><V47/><F133/><W5/><G123/><T31/><D40/><U99/><E8/><V21/><F79/><W19/><G135/><T46/><D92/><N who="1" m="56583" /><E56/><V116/><F116/><W68/><G117/><T4/><D46/><U41/><E49/><V17/><F97/><W35/><G5/><N who="0" m="1455" /><D77/><U107/><E10/><N who="2" m="2375" /><F47/><W73/><G73/><T15/><D76/><U23/><E23/><V37/><F37/><W104/><G43/><T59/><D59/><U91/><E7/><V74/><F74/><W70/><G28/><N who="0" m="7171" /><T94/><DORA hai="12" /><D94/><N who="1" m="56799" /><E41/><V72/><F72/><W96/><G70/><T128/><D128/><AGARI ba="1,0" hai="17,21,26,60,63,84,86,87,128,130,131" m="2375" machi="128" ten="30,2000,0" yaku="19,1,52,1" doraHai="101,12" who="2" fromWho="0" sc="114,-23,426,0,230,23,230,0" /><INIT seed="2,0,0,1,3,52" ten="91,426,253,230" oya="2" hai0="57,24,62,12,25,18,85,98,54,71,83,9,7" hai1="107,11,130,31,38,59,114,133,126,129,120,123,131" hai2="87,53,115,97,64,96,51,6,41,39,77,40,1" hai3="119,50,58,20,61,22,27,75,0,102,89,15,26"/><V28/><F115/><W105/><G0/><T19/><D71/><U17/><E114/><V46/><F64/><W74/><G119/><T125/><D125/><U4/><E107/><V82/><F28/><W34/><G34/><T112/><D112/><U122/><E38/><V3/><F41/><W63/><G15/><T90/><D98/><U84/><E126/><V128/><F128/><W69/><G69/><T94/><D19/><U95/><E31/><V113/><F113/><W92/><G105/><T44/><D94/><U127/><E127/><V56/><REACH who="2" step="1"/><F3/><REACH who="2" ten="91,426,243,230" step="2"/><W106/><G106/><T100/><D100/><U55/><E129/><V104/><F104/><W110/><G102/><T13/><REACH who="0" step="1"/><D44/><REACH who="0" ten="81,426,243,230" step="2"/><U88/><E130/><V48/><F48/><W132/><G110/><T66/><D66/><U49/><E131/><V10/><AGARI ba="0,2" hai="1,6,10,39,40,46,51,53,56,77,82,87,96,97" machi="10" ten="30,6000,0" yaku="1,1,0,1,52,1,53,0" doraHai="52" doraHaiUra="101" who="2" fromWho="2" sc="81,-20,426,-20,243,80,230,-20" /><INIT seed="2,1,0,2,5,125" ten="61,406,323,210" oya="2" hai0="14,94,122,68,31,42,60,44,110,134,135,81,61" hai1="13,16,97,8,62,119,56,9,127,26,112,121,71" hai2="111,79,35,48,88,78,67,50,117,65,103,19,10" hai3="54,5,49,43,75,32,133,82,36,130,45,77,131"/><V126/><F35/><W6/><G133/><N who="0" m="50699" /><D31/><U83/><E71/><V76/><F117/><W55/><G32/><T7/><D7/><U12/><E127/><V116/><F116/><W114/><G114/><T96/><D96/><U41/><E121/><V87/><F103/><W15/><G55/><T108/><D14/><U39/><E112/><V28/><F28/><W98/><G98/><T59/><D94/><U57/><E119/><V58/><F126/><W93/><G93/><T107/><D107/><U40/><E26/><V102/><F102/><W101/><G101/><T100/><D100/><U70/><E97/><V123/><F123/><W51/><G36/><N who="0" m="21575" /><D81/><U129/><E129/><N who="3" m="49162" /><G15/><T80/><D80/><U21/><E83/><N who="2" m="49279" /><F111/><N who="0" m="42538" /><D122/><U27/><E13/><N who="2" m="7607" /><F65/><W3/><G3/><T124/><D124/><U47/><E12/><V64/><F64/><W120/><G120/><T23/><D23/><U38/><E21/><V24/><F24/><W17/><G17/><T29/><D29/><U20/><E20/><V2/><F2/><W104/><G104/><T91/><D91/><U53/><E16/><V72/><F72/><W46/><AGARI ba="1,0" hai="5,6,43,45,46,49,51,54,75,77,82" m="49162" machi="46" ten="30,7900,0" yaku="19,1,52,3" doraHai="125" who="3" fromWho="3" sc="61,-21,406,-21,323,-40,210,82" /><INIT seed="3,0,0,0,3,6" ten="40,385,283,292" oya="3" hai0="131,55,0,117,69,106,101,50,72,132,18,36,95" hai1="10,108,126,91,120,80,63,19,105,59,62,49,12" hai2="40,45,77,17,89,127,24,58,87,84,28,15,39" hai3="31,96,134,74,113,88,98,92,73,2,7,48,76"/><W111/><G113/><T97/><D69/><U124/><E105/><V75/><F127/><N who="1" m="48681" /><E108/><V5/><F5/><W67/><G111/><T109/><D36/><U93/><E120/><V1/><F1/><W82/><G134/><T125/><D109/><U13/><E80/><V68/><F68/><W133/><G133/><T112/><D125/><U104/><E104/><V90/><F75/><W53/><G67/><T37/><D37/><U25/><E13/><V14/><F58/><W60/><G60/><T43/><D131/><U135/><E135/><V64/><F64/><W21/><G21/><T130/><D130/><U128/><E25/><V65/><F65/><W103/><G31/><T9/><D0/><U52/><E128/><V70/><F70/><W8/><G82/><T85/><D72/><U3/><E3/><V35/><F77/><W26/><G26/><T114/><D114/><U122/><E122/><V78/><F78/><W29/><G29/><T47/><D112/><U44/><E59/><V129/><F129/><W123/><G76/><T51/><D117/><U34/><E34/><V107/><F107/><W81/><G81/><T83/><D83/><U27/><E27/><V66/><F66/><W79/><G79/><T32/><D132/><U119/><E119/><V100/><F100/><W99/><G123/><T94/><D106/><U118/><E118/><V22/><F14/><W38/><G38/><T11/><D32/><U121/><E121/><V57/><F57/><W4/><G4/><T61/><D18/><U102/><E102/><V33/><F33/><W115/><G115/><RYUUKYOKU ba="0,0" sc="40,-15,385,15,283,15,292,-15" hai1="10,12,19,44,49,52,62,63,91,93" hai2="15,17,22,24,28,35,39,40,45,84,87,89,90" owari="25,-47.0,400,49.0,298,10.0,277,-12.0" /></mjloggm>