<mjloggm ver="2.3"><GO type="169" lobby="0"/><UN n0="%E8%A1%A8%E8%A3%8F%E8%A3%8F" n1="%55%52%41%4E" n2="%E8%A6%AA%E6%8C%87%EF%BC%88%E5%A4%A7%EF%BC%89" n3="%E3%82%A6%E3%83%AB%E3%83%88%E3%83%A9%E7%AB%8B%E7%9B%B4" dan="17,16,16,17" rate="2193.24,2056.42,2088.84,2209.83" sx="M,F,M,M"/><TAIKYOKU oya="0"/><INIT seed="0,0,0,4,5,133" ten="250,250,250,250" oya="0" hai0="5,135,71,25,31,66,48,110,62,101,77,38,59" hai1="114,88,58,78,39,107,73,65,115,118,17,23,132" hai2="15,83,104,28,95,76,49,130,99,128,30,54,84" hai3="35,1,103,122,105,20,87,46,113,56,93,0,90"/><T72/><D135/><U26/><E107/><V55/><F104/><W12/><G113/><N who="1" m="43018" /><E132/><V53/><F49/><W4/><G35/><T89/><D110/><U29/><E39/><V74/><F74/><W63/><G122/><T45/><D101/><U116/><E29/><V61/><F61/><W60/><G60/><T82/><D5/><U69/><E69/><V19/><F128/><W108/><G108/><T91/><D38/><U8/><E8/><V43/><F43/><W134/><G134/><T102/><D71/><U117/><E88/><N who="2" m="55783" /><F130/><W97/><G46/><T123/><D102/><U129/><E129/><V6/><F6/><W36/><G36/><T13/><D13/><U41/><E41/><V2/><F2/><W37/><G37/><T75/><D75/><U18/><E73/><V21/><AGARI ba="0,0" hai="15,19,21,28,30,53,54,55,76,83,84" m="55783" machi="21" ten="30,2000,0" yaku="8,1,54,1" doraHai="133" who="2" fromWho="2" sc="250,-10,250,-5,250,20,250,-5" /><INIT seed="1,0,0,3,3,21" ten="240,245,270,245" oya="1" hai0="60,14,61,11,122,10,47,45,12,41,33,75,54" hai1="115,16,112,125,118,43,113,0,95,1,48,56,107" hai2="23,29,39,83,121,86,104,81,91,132,6,31,3" hai3="72,20,119,32,103,25,116,109,55,53,79,66,40"/><U111/><E118/><V35/><F121/><W34/><G103/><T94/><D122/><U36/><E107/><V15/><F104/><W97/><G97/><T58/><D75/><U133/><E36/><V68/><F68/><W37/><G66/><T28/><D94/><U123/><E123/><V87/><F39/><W70/><G70/><T101/><D101/><U46/><E125/><V78/><F132/><W82/><G40/><T88/><D88/><U131/><E133/><V99/><F99/><W42/><G42/><T49/><D33/><U38/><E131/><V93/><F93/><W129/><G37/><T105/><D105/><U26/><E95/><V22/><F3/><W52/><G109/><T126/><D28/><N who="2" m="10826" /><F35/><W51/><G51/><T135/><D126/><U114/><E111/><V128/><F128/><W7/><G7/><N who="0" m="3167" /><D135/><U98/><E98/><V84/><F84/><W90/><G90/><T120/><D120/><U106/><E106/><V85/><F85/><W8/><G8/><AGARI ba="0,0" hai="6,8,15,22,23,78,81,83,86,87,91" m="10826" machi="8" ten="30,1000,0" yaku="8,1" doraHai="21" who="2" fromWho="3" sc="240,0,245,0,270,10,245,-10" /><INIT seed="2,0,0,0,0,22" ten="240,245,280,235" oya="2" hai0="54,130,101,115,52,53,16,14,84,37,30,112,8" hai1="34,5,1,89,40,46,63,126,33,13,116,44,45" hai2="59,124,42,79,35,85,4,61,64,50,32,27,82" hai3="97,60,86,119,128,81,72,110,31,121,96,29,103"/><V41/><F124/><W71/><G72/><T38/><D130/><U39/><E116/><V100/><F100/><W28/><G121/><T11/><D101/><U94/><E1/><V73/><F73/><W57/><G119/><T67/><D67/><U70/><E126/><V118/><F118/><W123/><G123/><T3/><D30/><U88/><E39/><V55/><F4/><W36/><G36/><T83/><D37/><U125/><E125/><V99/><F99/><W120/><G120/><T24/><D38/><U20/><E40/><V17/><F35/><W102/><G71/><T122/><D122/><U74/><E74/><V0/><F0/><W107/><G128/><T131/><D131/><U10/><E20/><N who="2" m="13711" /><F32/><W91/><G110/><T51/><D51/><U69/><E89/><V78/><F78/><W48/><G48/><T75/><D75/><U95/><E95/><V133/><F133/><W93/><G31/><T106/><D24/><U49/><E49/><V15/><F15/><W2/><G2/><T98/><D98/><U47/><N who="1" m="11264" /><DORA hai="129" /><U23/><E23/><V76/><F76/><W92/><REACH who="3" step="1"/><G107/><REACH who="3" ten="240,245,280,225" step="2"/><T134/><D106/><U90/><E70/><V135/><F135/><W58/><G58/><AGARI ba="0,1" hai="41,42,50,55,58,59,61,64,79,82,85" m="13711" machi="58" ten="30,2900,0" yaku="8,1,52,1" doraHai="22,129" who="2" fromWho="3" sc="240,0,245,0,280,39,225,-29" /><INIT seed="2,1,0,3,0,127" ten="240,245,319,196" oya="2" hai0="107,82,18,10,76,35,51,19,11,112,102,58,13" hai1="89,22,65,96,60,42,17,30,126,55,53,2,103" hai2="92,41,16,1,8,115,84,123,59,106,93,7,118" hai3="77,47,31,116,78,87,0,125,119,88,72,131,20"/><V120/><F106/><W27/><G0/><T104/><D112/><U4/><E126/><V130/><F115/><W38/><G125/><T91/><D35/><U61/><E42/><V108/><F118/><W122/><G122/><T97/><D91/><U5/><E2/><V74/><F74/><W73/><G73/><T81/><D104/><N who="1" m="63591" /><E30/><V83/><F41/><W68/><G68/><T6/><D76/><U57/><E89/><V40/><F40/><W3/><G3/><T23/><D11/><U36/><E36/><V99/><F108/><W45/><G38/><T12/><REACH who="0" step="1"/><D6/><REACH who="0" ten="230,245,319,196" step="2"/><U21/><E4/><V28/><F7/><W94/><G119/><T67/><D67/><U135/><E5/><V24/><F1/><W26/><G116/><T95/><D95/><U43/><E65/><V124/><F124/><W54/><G77/><T70/><D70/><U39/><E22/><V121/><F92/><W44/><G78/><T52/><AGARI ba="1,1" hai="10,12,13,18,19,23,51,52,58,81,82,97,102,107" machi="52" ten="30,4000,0" yaku="1,1,0,1,54,1,53,0" doraHai="127" doraHaiUra="34" who="0" fromWho="0" sc="230,53,245,-11,319,-21,196,-11" /><INIT seed="3,0,0,1,1,111" ten="283,234,298,185" oya="3" hai0="48,55,83,88,47,67,84,44,116,99,123,0,58" hai1="14,4,89,107,61,38,39,102,2,120,18,113,51" hai2="127,132,52,124,133,25,60,110,75,41,121,70,68" hai3="45,94,79,66,42,87,28,118,63,17,90,76,23"/><W103/><G118/><T50/><D123/><U20/><E120/><V105/><F121/><W35/><G35/><T13/><D116/><U108/><E108/><V73/><F110/><W86/><G28/><T82/><D0/><U6/><E113/><V34/><F105/><W106/><G106/><T72/><D67/><U91/><E107/><V104/><F104/><W5/><G5/><T9/><D99/><U77/><E77/><V31/><F41/><W74/><G103/><T16/><REACH who="0" step="1"/><D48/><REACH who="0" ten="273,234,298,185" step="2"/><U10/><E51/><V128/><F132/><W135/><G135/><T95/><D95/><U33/><E38/><V64/><F133/><W15/><G74/><T122/><D122/><U26/><E39/><V27/><F73/><W129/><G129/><T8/><D8/><U112/><E2/><V126/><F75/><W54/><G86/><T101/><D101/><U96/><E10/><V30/><F128/><W69/><G54/><T114/><D114/><U12/><E112/><V81/><F52/><W37/><AGARI ba="0,1" hai="15,17,23,37,42,45,63,66,69,76,79,87,90,94" machi="37" ten="20,2100,0" yaku="0,1,7,1" doraHai="111" who="3" fromWho="3" sc="273,-7,234,-7,298,-7,185,31" /><INIT seed="3,1,0,5,0,103" ten="266,227,291,216" oya="3" hai0="93,100,32,36,48,91,61,99,70,51,18,135,85" hai1="42,123,110,40,14,71,22,118,77,54,17,130,84" hai2="67,81,44,52,7,4,53,126,127,46,43,131,117" hai3="33,134,62,65,95,31,87,58,0,72,57,92,75"/><W109/><G0/><T113/><D36/><U102/><E123/><V37/><F117/><W83/><G134/><T66/><D135/><U69/><E118/><V49/><F131/><W120/><G120/><T108/><D113/><U119/><E119/><V132/><F132/><W122/><G122/><T107/><D108/><U34/><E34/><V94/><F67/><W76/><G109/><T24/><REACH who="0" step="1"/><D18/><REACH who="0" ten="256,227,291,216" step="2"/><U112/><E110/><V89/><F127/><W1/><G1/><T13/><D13/><U15/><E15/><V20/><F126/><W8/><G8/><T96/><D96/><U45/><E17/><V115/><F115/><W12/><G12/><T30/><AGARI ba="1,1" hai="24,30,32,48,51,61,66,70,85,91,93,99,100,107" machi="30" ten="30,8000,1" yaku="1,1,0,1,25,2,52,1,53,0" doraHai="103" doraHaiUra="125" who="0" fromWho="0" sc="256,93,227,-21,291,-21,216,-41" /><INIT seed="4,0,0,5,0,44" ten="349,206,270,175" oya="0" hai0="51,0,122,134,11,46,34,32,132,110,38,27,43" hai1="81,74,13,30,91,20,57,93,104,49,112,106,92" hai2="107,56,62,18,125,33,69,25,90,60,26,47,89" hai3="103,97,39,95,19,79,77,52,109,54,78,72,118"/><T85/><D122/><U9/><E104/><V48/><F107/><W68/><G118/><T86/><D110/><U65/><E106/><V111/><F111/><W87/><G109/><T1/><D38/><U16/><E112/><V6/><F125/><W5/><G68/><T35/><D27/><N who="1" m="16743" /><E74/><V83/><F69/><W67/><G72/><T113/><D113/><U17/><E17/><V124/><F124/><W23/><G39/><T31/><D31/><U119/><E119/><V121/><F121/><W28/><G67/><T36/><D36/><U131/><E131/><V108/><F6/><W42/><G42/><T100/><D100/><U130/><E130/><V61/><F56/><W15/><G5/><N who="0" m="1447" /><D1/><U53/><E65/><V101/><F101/><W71/><G71/><T105/><D105/><U115/><E115/><V7/><F7/><W96/><G96/><T117/><D117/><U116/><E116/><V2/><F2/><W29/><REACH who="3" step="1"/><G87/><AGARI ba="0,0" hai="9,13,16,49,53,57,81,87,91,92,93" m="16743" machi="87" ten="30,3900,0" yaku="8,1,52,1,54,1" doraHai="44" who="1" fromWho="3" sc="349,0,206,39,270,0,175,-39" /><INIT seed="5,0,0,3,4,55" ten="349,245,270,136" oya="1" hai0="85,117,8,30,97,33,64,107,22,86,43,41,51" hai1="95,49,114,60,88,81,36,37,61,109,92,13,50" hai2="1,39,65,124,21,134,2,54,98,15,80,129,106" hai3="68,56,125,63,67,103,48,83,24,59,123,0,19"/><U66/><E114/><V46/><F65/><W119/><G0/><T122/><D33/><U93/><E109/><V127/><F134/><W70/><G123/><T126/><D117/><U110/><E110/><V17/><F129/><W91/><G103/><T118/><D126/><N who="2" m="48170" /><F80/><W38/><G125/><T77/><D118/><U89/><E37/><V72/><F72/><W69/><G119/><T71/><D8/><U3/><E36/><V10/><F10/><W75/><G38/><T16/><D30/><U29/><E3/><V20/><F20/><W4/><G4/><T18/><D71/><U34/><E34/><V105/><F54/><W11/><G24/><T25/><D64/><U90/><E29/><V100/><F106/><W57/><G48/><N who="1" m="18538" /><E81/><V78/><F78/><W132/><G132/><T128/><D122/><U120/><E120/><V104/><F105/><W131/><G131/><T115/><D115/><U5/><E66/><V44/><F44/><W94/><G83/><T26/><D128/><U14/><E5/><V130/><F130/><W23/><G75/><T82/><D43/><AGARI ba="0,0" hai="1,2,15,17,21,39,43,46,98,100,104" m="48170" machi="43" ten="30,1000,0" yaku="18,1" doraHai="55" who="2" fromWho="0" sc="349,-10,245,0,270,10,136,0" /><INIT seed="6,0,0,4,2,112" ten="339,245,280,136" oya="2" hai0="121,118,114,11,44,83,35,52,48,134,99,28,126" hai1="40,94,22,51,39,71,15,79,86,73,125,128,92" hai2="1,89,55,18,107,90,116,26,27,111,120,32,103" hai3="81,100,70,7,63,85,25,108,113,95,19,110,4"/><V75/><F120/><W6/><G113/><T117/><D121/><U69/><E73/><V62/><F75/><W59/><G70/><T123/><D123/><U68/><E39/><V31/><F1/><W115/><G115/><T47/><D126/><U14/><E79/><V72/><F72/><W93/><G100/><T102/><D134/><U0/><E0/><V96/><F116/><N who="0" m="44650" /><D83/><U129/><E125/><V61/><F111/><W30/><G110/><T135/><D135/><U124/><E124/><V106/><F106/><W49/><G108/><T82/><D82/><U2/><E86/><V9/><F62/><W56/><G19/><T87/><D87/><U33/><E69/><V53/><F53/><W54/><G59/><N who="0" m="33159" /><D11/><U101/><E71/><V45/><F9/><W41/><G41/><T97/><D97/><U34/><E68/><V42/><F42/><W88/><REACH who="3" step="1"/><G63/><REACH who="3" ten="339,245,280,126" step="2"/><T64/><D114/><U8/><E40/><V119/><F119/><W104/><G104/><T24/><D64/><U98/><E101/><V5/><F103/><W91/><G91/><T74/><D74/><U67/><E67/><V23/><F90/><W17/><G17/><T80/><D80/><U105/><E129/><V133/><F89/><W78/><G78/><T20/><D102/><U84/><E128/><V12/><F18/><W122/><G122/><T65/><D65/><U76/><E76/><V58/><F61/><W109/><G109/><T57/><D57/><U16/><E16/><V43/><F58/><W46/><G46/><T36/><D47/><U127/><E127/><V38/><F45/><RYUUKYOKU ba="0,1" sc="339,-10,245,-10,280,-10,126,30" hai3="4,6,7,25,30,49,54,56,81,85,88,93,95" /><INIT seed="7,1,1,1,5,45" ten="329,235,270,156" oya="3" hai0="23,11,38,47,41,82,40,21,27,83,6,116,77" hai1="111,122,93,58,10,4,86,87,7,84,124,113,54" hai2="14,33,20,18,78,71,3,68,123,29,100,37,70" hai3="5,25,57,31,2,74,133,121,76,64,106,24,104"/><W42/><G121/><T125/><D116/><U55/><E122/><V32/><F37/><W53/><G133/><T135/><D125/><U59/><E111/><V52/><F123/><W132/><G132/><T12/><D135/><U131/><E124/><V97/><F3/><W66/><G42/><T109/><D109/><U26/><E113/><V9/><F78/><W130/><G130/><T94/><D40/><U51/><E26/><V39/><F39/><W101/><G5/><N who="1" m="2122" /><E10/><V15/><F29/><W112/><G2/><T98/><D77/><U17/><E17/><V56/><F14/><W46/><G46/><T80/><D23/><U118/><E118/><V114/><F9/><W115/><G76/><T30/><D82/><U127/><E127/><V99/><F114/><N who="3" m="43563" /><G74/><T92/><D92/><U72/><E72/><V67/><F67/><N who="3" m="25643" /><G101/><AGARI ba="1,1" hai="6,11,12,21,27,30,38,41,47,80,83,94,98,101" machi="101" ten="30,1000,0" yaku="7,1" doraHai="45" who="0" fromWho="3" sc="329,23,235,0,270,0,156,-13" owari="352,45.0,235,-16.0,270,7.0,143,-36.0" /></mjloggm>