<mjloggm ver="2.3"><GO type="97" lobby="0"/><UN n0="%E6%A8%99%E6%BA%96%E9%9B%80%E5%A3%AB" n1="%E9%80%81%E5%94%90%E5%9D%82%EF%BC%92" n2="%E3%81%BE%E3%82%8B%E3%81%A8%E3%83%BC" n3="%E5%B0%B1%E6%B4%BB%E7%94%9F%40%E5%B7%9D%E6%9D%91%E8%BB%8D%E5%9B%A3" dan="14,14,13,15" rate="1949.79,1928.75,1867.80,2011.54" sx="M,M,M,M"/><TAIKYOKU oya="0"/><INIT seed="0,0,0,3,3,10" ten="250,250,250,250" oya="0" hai0="84,31,113,79,45,106,46,36,35,58,88,69,57" hai1="76,11,121,56,124,9,29,49,59,34,55,131,17" hai2="93,6,109,23,125,40,47,87,132,75,41,122,134" hai3="133,39,101,37,74,5,135,53,128,78,15,70,42"/><T14/><D106/><U82/><E121/><V108/><F122/><W112/><G70/><T98/><D69/><U22/><E131/><V115/><F75/><W85/><G112/><T67/><D113/><U104/><E124/><V63/><F115/><W62/><G74/><T100/><D36/><U50/><E104/><V19/><F125/><W54/><G101/><T30/><D79/><U4/><E34/><V2/><F6/><W51/><G128/><T83/><D35/><U129/><E129/><V33/><F2/><W26/><G26/><T116/><D116/><U96/><E29/><N who="0" m="10761" /><D14/><N who="1" m="9527" /><E4/><V52/><F33/><W28/><G28/><T117/><D117/><U94/><E82/><V20/><F93/><W89/><G78/><N who="0" m="46199" /><D100/><N who="1" m="60439" /><E76/><V97/><F87/><W103/><G103/><T105/><D105/><U90/><E90/><V80/><F97/><W24/><G37/><T21/><D21/><N who="2" m="8266" /><F80/><W8/><G39/><T66/><D66/><U120/><E120/><V43/><F19/><W0/><G0/><T118/><D118/><U3/><E3/><V92/><F92/><W114/><G89/><T7/><D7/><U123/><E123/><V91/><F91/><W77/><G77/><T61/><D58/><U119/><E119/><V99/><F99/><W107/><G107/><T68/><D68/><U95/><E95/><AGARI ba="0,0" hai="45,46,57,61,67,88,95,98" m="46199,10761" machi="95" ten="30,2900,0" yaku="8,1,54,1" doraHai="10" who="0" fromWho="1" sc="250,29,250,-29,250,0,250,0" /><INIT seed="0,1,0,5,3,14" ten="279,221,250,250" oya="0" hai0="10,20,64,25,26,67,97,9,27,90,69,33,8" hai1="71,35,30,108,115,113,121,126,29,101,135,107,76" hai2="17,0,65,12,68,111,130,42,104,131,87,60,122" hai3="74,133,98,46,119,116,117,72,83,15,91,112,105"/><T80/><D69/><U57/><E121/><V103/><F122/><W4/><G112/><N who="1" m="43082" /><E71/><V36/><F0/><W118/><G133/><T1/><D33/><U37/><E126/><V5/><F5/><W86/><N who="3" m="30208" /><DORA hai="34" /><W88/><G46/><T55/><D1/><U79/><E37/><V2/><F2/><W59/><G59/><T128/><D128/><N who="2" m="49194" /><F36/><W19/><G4/><T47/><D20/><U43/><E43/><V89/><F42/><W58/><G58/><T54/><D80/><U13/><E108/><V132/><F111/><W75/><G105/><T109/><D109/><U51/><E135/><V106/><F132/><W114/><G114/><T18/><D47/><U6/><E35/><V21/><F103/><W31/><G31/><T77/><D77/><U110/><E110/><V66/><F66/><N who="0" m="25130" /><D18/><U16/><E6/><V129/><N who="2" m="49202" /><V102/><DORA hai="134" /><F102/><W28/><G28/><T127/><D127/><U63/><E30/><V50/><F50/><W85/><G98/><T95/><AGARI ba="1,0" hai="8,9,10,25,26,27,54,55,90,95,97" m="25130" machi="95" ten="40,2100,0" yaku="8,1" doraHai="14,34,134" who="0" fromWho="0" sc="279,24,221,-8,250,-8,250,-8" /><INIT seed="0,2,0,2,3,30" ten="303,213,242,242" oya="0" hai0="102,85,28,12,89,58,128,107,123,79,101,71,52" hai1="53,13,1,92,113,27,77,82,122,29,74,25,120" hai2="42,131,98,17,93,26,45,5,124,60,80,47,44" hai3="127,2,10,8,73,126,121,22,23,115,49,55,56"/><T132/><D123/><U108/><E108/><V76/><F131/><W97/><G73/><T19/><D71/><U103/><E1/><V99/><F124/><N who="3" m="47659" /><G115/><T100/><D132/><U69/><E113/><V9/><F42/><W81/><G121/><T70/><D128/><U14/><E69/><V65/><F93/><W118/><G118/><T3/><D70/><U104/><E104/><V87/><F17/><W84/><G97/><T33/><D3/><U24/><E53/><V135/><F135/><W94/><G94/><T6/><D107/><U54/><E54/><V41/><F41/><W117/><G117/><T46/><D79/><U88/><E103/><V4/><F26/><W48/><G48/><N who="0" m="28695" /><D33/><U119/><E119/><V129/><F129/><W39/><G39/><T90/><D28/><U105/><E29/><V109/><F109/><W75/><G75/><T111/><D111/><U134/><E134/><V68/><REACH who="2" step="1"/><F4/><REACH who="2" ten="303,213,232,242" step="2"/><N who="3" m="1047" /><G10/><N who="0" m="6551" /><D6/><U110/><E110/><V20/><F20/><W130/><G130/><T106/><D106/><U11/><E105/><V7/><F7/><W21/><G21/><T112/><D112/><U62/><E122/><V40/><F40/><W95/><G95/><N who="0" m="54703" /><D58/><U96/><E120/><V57/><F57/><W59/><G59/><T133/><D133/><U16/><E62/><V64/><F64/><W32/><G32/><T50/><D50/><U51/><E51/><V72/><F72/><W18/><G18/><T43/><D43/><U35/><E35/><V63/><F63/><W15/><G15/><AGARI ba="2,1" hai="5,9,15,44,45,47,60,65,68,76,80,87,98,99" machi="15" ten="40,2600,0" yaku="1,1,53,1" doraHai="30" doraHaiUra="0" who="2" fromWho="3" sc="303,0,213,0,232,42,242,-32" /><INIT seed="1,0,0,2,0,63" ten="303,213,274,210" oya="1" hai0="121,25,24,82,124,93,2,104,3,116,55,110,75" hai1="94,77,96,118,50,73,107,40,0,53,46,117,15" hai2="134,109,10,47,49,36,42,39,70,114,103,59,60" hai3="123,85,129,111,101,6,65,48,5,98,120,113,34"/><U1/><E107/><V119/><F103/><W19/><G34/><T130/><D104/><U9/><E1/><V71/><F10/><W38/><G38/><N who="2" m="14377" /><F119/><W33/><G33/><T100/><D116/><U4/><E40/><V28/><F28/><W23/><G111/><T86/><D110/><U66/><E66/><N who="2" m="39199" /><F109/><W91/><G113/><T97/><D75/><U135/><E135/><V64/><F134/><W56/><G129/><T37/><D130/><U20/><E73/><V90/><F90/><W21/><G123/><T69/><D37/><U29/><E77/><V87/><F87/><W51/><G120/><T84/><D24/><U115/><E115/><V68/><F114/><W88/><G6/><T16/><D86/><U131/><E131/><V62/><AGARI ba="0,0" hai="42,47,49,62,64,68,70,71" m="39199,14377" machi="62" ten="30,12000,2" yaku="35,5,52,2" doraHai="63" who="2" fromWho="2" sc="303,-30,213,-60,274,120,210,-30" /><INIT seed="2,0,0,1,1,110" ten="273,153,394,180" oya="2" hai0="35,73,53,55,108,68,105,112,38,26,43,23,32" hai1="1,109,75,41,28,31,88,131,132,84,33,47,65" hai2="54,69,70,48,86,114,22,104,63,106,85,27,4" hai3="78,25,30,94,128,113,49,90,117,39,10,46,14"/><V58/><F4/><W74/><G117/><T0/><D0/><U29/><E75/><V11/><F114/><W80/><G128/><T95/><D105/><U129/><E109/><V64/><F11/><W17/><G39/><T83/><D112/><U123/><E123/><V62/><F104/><W44/><G113/><T81/><D108/><U67/><E33/><V91/><F106/><W37/><G37/><T79/><D68/><U45/><E132/><V82/><F86/><W40/><G46/><T9/><D9/><U107/><E107/><V122/><F122/><W60/><G60/><T66/><D66/><N who="1" m="25099" /><E1/><V100/><F100/><W103/><G103/><T50/><D38/><U125/><E125/><V98/><F98/><W71/><G71/><T93/><D83/><N who="1" m="49183" /><E41/><V111/><F111/><W18/><G30/><T89/><D32/><U119/><E119/><V20/><F69/><W51/><G25/><T124/><D35/><U102/><E102/><V16/><F62/><W99/><G51/><T120/><D124/><U12/><E12/><V59/><F70/><W134/><G134/><T61/><D43/><U127/><E127/><V118/><F118/><W72/><G72/><T8/><D120/><U116/><E116/><V21/><AGARI ba="0,0" hai="16,20,21,22,27,48,54,58,59,63,64,82,85,91" machi="21" ten="30,6000,0" yaku="0,1,8,1,54,1" doraHai="110" who="2" fromWho="2" sc="273,-20,153,-20,394,60,180,-20" /><INIT seed="2,1,0,4,5,123" ten="253,133,454,160" oya="2" hai0="34,91,104,110,128,97,39,85,94,60,43,112,132" hai1="41,17,35,77,100,129,121,101,26,127,102,29,33" hai2="83,44,40,2,10,80,28,21,59,87,7,3,71" hai3="4,89,22,81,36,75,68,131,72,25,106,20,45"/><V70/><F2/><W64/><G106/><T56/><D34/><U95/><E121/><V118/><F118/><W9/><G131/><T15/><D112/><U115/><E115/><V84/><F59/><W79/><G89/><T135/><D110/><U61/><E127/><V52/><F28/><W18/><G22/><T126/><D128/><U98/><E129/><V82/><F21/><W55/><G68/><T46/><D126/><U11/><E35/><V117/><F117/><W31/><G64/><N who="0" m="38919" /><D15/><U107/><E107/><V113/><F113/><W73/><G18/><T116/><D104/><U109/><E77/><V88/><F40/><N who="3" m="22663" /><G55/><T66/><D66/><U23/><E11/><V74/><F74/><W6/><G6/><T133/><D116/><U58/><E41/><V63/><F63/><W13/><G13/><T65/><D65/><U48/><E48/><V124/><F124/><W57/><G57/><T86/><AGARI ba="1,0" hai="39,43,46,85,86,91,94,97,132,133,135" m="38919" machi="86" ten="40,1500,0" yaku="20,1" doraHai="123" who="0" fromWho="0" sc="253,18,133,-5,454,-8,160,-5" /><INIT seed="3,0,0,1,1,36" ten="271,128,446,155" oya="3" hai0="22,37,132,107,0,100,32,79,128,47,76,27,61" hai1="119,28,58,125,38,134,111,89,108,124,40,50,63" hai2="123,98,78,103,91,75,5,51,57,97,42,43,112" hai3="113,126,2,87,52,131,4,117,95,73,35,94,33"/><W80/><G113/><T70/><D0/><U10/><E10/><V9/><F112/><W135/><G117/><T60/><D32/><U109/><E89/><V20/><F123/><W8/><G73/><T120/><D120/><U49/><E28/><V104/><F75/><W34/><G126/><N who="1" m="48746" /><E134/><V16/><F78/><W84/><G135/><T81/><D70/><U59/><E119/><V12/><F91/><W77/><G131/><T68/><D128/><U72/><E72/><V110/><F97/><W88/><REACH who="3" step="1"/><G52/><REACH who="3" ten="271,128,446,145" step="2"/><T114/><D132/><U133/><E133/><V25/><F110/><W14/><G14/><T118/><D114/><U45/><E59/><V106/><F104/><W31/><G31/><T6/><D118/><U39/><E39/><V26/><F25/><W105/><G105/><T67/><D107/><U18/><E18/><V62/><F51/><W129/><G129/><T48/><D27/><U69/><E69/><V55/><AGARI ba="0,1" hai="5,9,12,16,20,26,42,43,55,57,62,98,103,106" machi="55" ten="20,8000,1" yaku="0,1,7,1,52,2,54,1" doraHai="36" who="2" fromWho="2" sc="271,-20,128,-20,446,90,145,-40" owari="251,5.0,108,-29.0,536,63.0,105,-39.0" /></mjloggm>