<mjloggm ver="2.3"><GO type="225" lobby="0"/><UN n0="%6D%61%74%69%67%75%73%61" n1="%E3%82%A6%E3%83%AB%E3%83%88%E3%83%A9%E7%AB%8B%E7%9B%B4" n2="%6D%6F%63%68%69%30" n3="%E3%83%8D%E3%83%A0" dan="16,17,16,16" rate="2077.56,2123.29,2154.25,2041.90" sx="M,M,F,M"/><TAIKYOKU oya="0"/><INIT seed="0,0,0,4,1,0" ten="250,250,250,250" oya="0" hai0="106,45,102,66,69,98,12,73,65,74,109,124,126" hai1="14,123,8,89,29,115,56,125,116,112,75,80,92" hai2="86,101,2,93,117,135,20,76,130,113,38,24,26" hai3="95,54,114,120,127,21,58,128,79,18,47,48,110"/><T19/><D45/><U121/><E56/><V16/><F38/><W7/><G114/><N who="1" m="43562" /><E29/><V28/><F113/><W81/><G110/><T32/><D32/><U107/><E107/><V77/><F135/><W40/><G120/><T6/><D109/><U30/><E30/><V9/><F130/><W134/><G134/><T39/><D39/><U43/><E43/><V34/><F117/><W88/><G128/><T97/><D6/><N who="1" m="3351" /><E116/><V15/><F2/><W23/><G127/><N who="0" m="48683" /><D97/><N who="1" m="57487" /><E125/><V1/><F1/><W55/><G40/><T118/><D118/><U10/><E10/><V131/><F131/><W52/><G7/><T37/><D37/><U51/><E51/><V11/><F11/><W87/><G18/><T49/><D49/><U99/><E99/><V53/><F53/><W103/><G103/><T25/><D69/><U90/><E90/><V50/><F50/><N who="3" m="31095" /><G54/><T13/><D65/><U70/><E70/><V57/><F57/><W119/><G119/><T104/><D66/><U4/><E4/><V85/><F101/><W63/><G63/><T5/><D106/><U31/><E31/><V78/><REACH who="2" step="1"/><F93/><REACH who="2" ten="250,250,240,250" step="2"/><W64/><G64/><T22/><D5/><AGARI ba="0,1" hai="5,9,15,16,20,24,26,28,34,76,77,78,85,86" machi="5" ten="40,8000,1" yaku="1,1,2,1,52,1,54,1,53,0" doraHai="0" doraHaiUra="71" who="2" fromWho="0" sc="250,-80,250,0,240,90,250,0" /><INIT seed="1,0,0,2,2,111" ten="170,250,330,250" oya="1" hai0="79,93,25,102,95,43,116,60,44,42,94,119,99" hai1="104,72,105,103,96,87,90,24,16,61,21,135,58" hai2="78,69,29,108,106,73,123,52,30,97,13,2,35" hai3="126,82,120,117,76,45,84,68,70,134,101,20,57"/><U122/><E72/><V10/><F108/><W41/><G120/><T17/><D79/><U5/><E135/><V127/><F2/><W74/><G126/><T8/><D60/><U37/><E37/><V19/><F127/><W55/><G134/><T40/><D44/><U62/><E122/><V92/><F123/><W38/><G117/><T3/><D25/><U124/><E124/><V26/><F30/><W89/><G101/><T86/><D86/><U63/><E5/><V59/><F69/><W133/><G20/><T22/><D22/><U39/><E39/><V48/><F106/><W80/><G133/><T130/><D130/><U23/><E23/><V64/><F64/><W18/><G18/><T81/><D81/><U56/><REACH who="1" step="1"/><E105/><REACH who="1" ten="170,240,330,250" step="2"/><V100/><F73/><W131/><G131/><T6/><REACH who="0" step="1"/><D17/><REACH who="0" ten="160,240,330,250" step="2"/><U34/><E34/><V129/><F129/><W85/><G74/><T7/><D7/><U15/><E15/><V83/><F19/><W31/><G31/><T47/><D47/><U27/><E27/><V113/><F13/><W11/><G11/><T75/><D75/><U54/><E54/><V66/><F10/><W1/><G55/><T109/><D109/><U128/><E128/><V88/><F52/><W65/><G45/><T4/><D4/><U91/><E91/><V77/><F26/><W121/><G89/><T51/><D51/><U46/><E46/><V67/><F29/><W32/><G121/><T115/><D115/><U132/><E132/><V9/><F113/><W118/><G118/><AGARI ba="0,2" hai="3,6,8,40,42,43,93,94,95,99,102,116,118,119" machi="118" ten="40,2600,0" yaku="1,1,53,1" doraHai="111" doraHaiUra="98" who="0" fromWho="3" sc="160,46,240,0,330,0,250,-26" /><INIT seed="2,0,0,3,3,8" ten="206,240,330,224" oya="2" hai0="112,74,9,1,12,25,97,126,22,87,7,73,36" hai1="129,15,72,82,5,62,101,11,128,14,41,33,38" hai2="135,90,99,80,32,40,55,47,116,68,35,130,119" hai3="63,102,100,71,21,84,134,39,31,109,104,77,114"/><V46/><F68/><W2/><G39/><T94/><D36/><U132/><E33/><V83/><F99/><W58/><G71/><T27/><D112/><U122/><E122/><V52/><F90/><W51/><G2/><T65/><D87/><U42/><E101/><V69/><F69/><W81/><G109/><T49/><D65/><U20/><E132/><V106/><F106/><W56/><G134/><T26/><D126/><U13/><E62/><V113/><F135/><W0/><G0/><T124/><D124/><U4/><E20/><V48/><F130/><N who="1" m="50281" /><E38/><V88/><F88/><W111/><G111/><T29/><D49/><U95/><E95/><V18/><F18/><W23/><G104/><T117/><D117/><U24/><E24/><V85/><F85/><W76/><G21/><T91/><REACH who="0" step="1"/><D29/><REACH who="0" ten="196,240,330,224" step="2"/><U3/><E4/><V70/><F48/><W19/><G51/><T75/><D75/><U30/><E30/><V115/><F70/><W50/><G31/><T118/><D118/><U107/><E107/><V6/><F40/><W60/><G50/><T110/><D110/><U96/><E96/><V78/><F113/><W57/><G114/><T98/><D98/><U105/><E105/><V10/><F115/><W86/><G60/><T121/><D121/><U43/><E43/><V28/><F28/><W59/><G63/><T89/><D89/><U133/><E133/><V54/><F119/><W66/><G66/><T79/><D79/><AGARI ba="0,1" hai="3,5,11,13,14,15,41,42,72,79,82" m="50281" machi="79" ten="30,7700,0" yaku="19,1,52,3" doraHai="8" who="1" fromWho="0" sc="196,-77,240,87,330,0,224,0" /><INIT seed="3,0,0,2,4,96" ten="119,327,330,224" oya="3" hai0="44,75,93,51,5,57,65,71,92,81,111,38,76" hai1="98,40,26,72,13,21,70,7,55,63,88,85,131" hai2="127,73,56,2,47,99,117,66,113,41,78,135,119" hai3="27,89,58,91,84,109,8,15,59,1,46,42,33"/><W108/><G1/><T79/><D111/><N who="3" m="42569" /><G27/><T103/><D79/><U100/><E72/><V61/><F113/><W68/><G68/><T133/><D133/><U125/><E125/><V132/><F2/><W11/><G33/><T123/><D123/><U18/><E131/><V64/><F127/><W37/><G8/><T6/><D71/><U35/><E35/><V115/><F115/><W28/><G28/><T126/><D126/><U112/><E112/><V32/><F32/><W49/><G37/><T122/><D122/><U67/><E40/><V116/><F99/><W104/><G104/><T29/><D29/><U86/><E55/><N who="2" m="33951" /><F78/><W90/><G84/><T31/><D31/><U134/><E134/><N who="2" m="51243" /><F73/><W17/><AGARI ba="0,0" hai="11,15,17,42,46,49,58,59,89,90,91" m="42569" machi="17" ten="30,3000,0" yaku="14,1,10,1" doraHai="96" who="3" fromWho="3" sc="119,-10,327,-10,330,-10,224,30" /><INIT seed="3,1,0,5,5,8" ten="109,317,320,254" oya="3" hai0="34,56,99,125,11,120,130,126,37,111,118,83,21" hai1="23,108,3,52,53,12,47,132,75,133,31,115,97" hai2="74,17,28,124,66,5,116,107,92,88,60,15,102" hai3="19,6,10,128,78,77,18,7,0,70,49,81,13"/><W24/><G128/><T104/><D56/><U105/><E3/><V89/><F116/><W114/><G70/><T63/><D63/><U113/><E75/><V39/><F74/><W73/><G114/><N who="1" m="43530" /><E47/><V101/><F124/><W64/><G64/><T109/><D21/><U27/><E12/><V41/><F107/><W4/><G77/><T94/><D11/><U95/><E105/><V20/><F39/><W82/><G82/><T42/><D42/><U33/><E33/><V90/><F41/><W51/><REACH who="3" step="1"/><G0/><REACH who="3" ten="109,317,320,244" step="2"/><T9/><D9/><U48/><E108/><N who="0" m="41545" /><D34/><U1/><E1/><V86/><F101/><W117/><G117/><T72/><D37/><U46/><E133/><V57/><F102/><W80/><G80/><T112/><D112/><U50/><E132/><V29/><F5/><W96/><G96/><T91/><D118/><U93/><E97/><N who="2" m="57479" /><F90/><W123/><G123/><T71/><D71/><U129/><E129/><V35/><F35/><W84/><G84/><N who="0" m="52583" /><D130/><U65/><E65/><V61/><F66/><W121/><G121/><T131/><D131/><U135/><E135/><V14/><F89/><W119/><G119/><T2/><D2/><U87/><E87/><V58/><F86/><W40/><G40/><T59/><D120/><U69/><E69/><V22/><F29/><W110/><G110/><T32/><D32/><U55/><E55/><V98/><F28/><W54/><G54/><T100/><D59/><N who="2" m="22538" /><F98/><W44/><G44/><T36/><D36/><U43/><E53/><V30/><F30/><W38/><G38/><T79/><D126/><U45/><AGARI ba="1,1" hai="23,27,31,43,45,46,48,50,52,93,95" m="43530" machi="45" ten="30,2000,0" yaku="5,1,54,1" doraHai="8" who="1" fromWho="1" sc="109,-6,317,33,320,-6,244,-11" owari="103,-40.0,350,46.0,314,11.0,233,-17.0" /></mjloggm>