<mjloggm ver="2.3"><GO type="97" lobby="0"/><UN n0="%E3%82%B4%E3%82%AD%E3%83%96%E3%83%AA%E3%83%BC%E3%83%81%EF%BC%81" n1="%72%61%6E%74%61%6E" n2="%E5%B0%B1%E6%B4%BB%E7%94%9F%40%E5%B7%9D%E6%9D%91%E8%BB%8D%E5%9B%A3" n3="%4F%4E%4F%46%46" dan="13,14,15,14" rate="1852.22,1934.34,2020.08,1958.60" sx="M,M,M,M"/><TAIKYOKU oya="0"/><INIT seed="0,0,0,3,3,16" ten="250,250,250,250" oya="0" hai0="74,84,80,104,129,121,31,113,35,130,83,102,128" hai1="116,27,14,22,93,108,103,117,18,115,131,44,85" hai2="25,5,91,110,66,95,32,96,89,105,79,33,114" hai3="67,78,135,53,49,109,8,13,106,82,56,17,6"/><T64/><D113/><U100/><E108/><V51/><F114/><W126/><G106/><T88/><D121/><U124/><E115/><V40/><F110/><W112/><G109/><T72/><D64/><U28/><E131/><V46/><F105/><W62/><G112/><T118/><D118/><U71/><E71/><V101/><F5/><W120/><G120/><T24/><D83/><U48/><E124/><V52/><F79/><W2/><G126/><T54/><D54/><U21/><E117/><V55/><F66/><W41/><G41/><T9/><D9/><U42/><E116/><V134/><F134/><W29/><G29/><T7/><D7/><U132/><E132/><V125/><F125/><W86/><G135/><T77/><D77/><U19/><E28/><V87/><F91/><AGARI ba="0,0" hai="14,18,19,21,22,27,42,44,48,85,91,93,100,103" machi="91" ten="40,5200,0" yaku="8,1,52,2" doraHai="16" who="1" fromWho="2" sc="250,0,250,52,250,-52,250,0" /><INIT seed="1,0,0,0,3,33" ten="250,302,198,250" oya="1" hai0="51,41,60,105,100,42,16,83,29,88,120,91,46" hai1="76,131,49,18,116,82,77,44,114,71,129,62,112" hai2="14,135,84,87,8,117,34,96,39,121,122,134,32" hai3="55,69,37,132,86,63,57,101,58,9,130,115,98"/><U59/><E116/><V11/><F39/><W89/><G115/><T15/><D120/><N who="2" m="46186" /><F96/><W50/><G132/><N who="2" m="50729" /><F14/><W12/><G130/><N who="1" m="49674" /><E71/><V104/><F104/><W13/><G37/><T75/><D29/><U93/><E93/><V110/><F117/><W30/><G30/><T94/><D105/><U111/><E111/><V107/><F107/><W7/><G69/><T68/><D68/><U35/><E35/><N who="2" m="13355" /><F110/><W118/><G118/><T5/><D5/><U53/><E18/><V102/><F102/><W61/><G12/><T133/><D133/><U108/><E108/><V95/><F95/><N who="3" m="58591" /><G58/><T25/><D100/><U21/><E114/><V79/><F79/><W48/><G63/><T126/><D60/><U43/><E112/><V103/><F103/><W20/><G20/><T127/><D94/><AGARI ba="0,0" hai="7,9,13,48,50,55,57,61,86,89,94" m="58591" machi="94" ten="30,1000,0" yaku="8,1" doraHai="33" who="3" fromWho="0" sc="250,-10,302,0,198,0,250,10" /><INIT seed="2,0,0,3,0,89" ten="240,302,198,260" oya="2" hai0="83,62,68,2,102,6,49,112,14,76,92,74,106" hai1="125,33,52,75,79,31,36,132,53,1,111,55,61" hai2="5,113,95,51,10,18,99,41,69,12,117,28,81" hai3="29,110,54,67,73,63,32,22,120,70,25,135,7"/><V44/><F113/><W27/><G120/><T20/><D112/><U91/><E1/><V97/><F117/><W77/><G135/><T84/><D49/><U82/><E111/><V85/><F69/><W123/><G123/><T38/><D38/><U48/><E132/><V43/><F28/><W26/><G110/><T57/><D68/><U127/><E36/><V134/><F134/><W93/><G32/><T116/><D116/><U90/><E61/><V56/><F99/><W19/><G7/><T16/><D106/><U126/><E48/><V45/><F56/><W131/><G131/><T78/><D74/><U124/><E125/><V59/><F59/><W15/><G54/><T72/><D72/><U0/><E0/><V3/><F3/><W103/><G77/><T30/><D30/><U60/><E60/><V88/><F5/><W9/><G73/><T87/><D2/><U114/><E114/><V47/><REACH who="2" step="1"/><F43/><REACH who="2" ten="240,302,188,260" step="2"/><W122/><G122/><T129/><D6/><U94/><E31/><V119/><F119/><W121/><G121/><T24/><D129/><U101/><E33/><V17/><F17/><W40/><G40/><T46/><D57/><U86/><E75/><V8/><F8/><W64/><G67/><T4/><D4/><U100/><E127/><V130/><F130/><W115/><G115/><T66/><D66/><U128/><E128/><V37/><F37/><W105/><G29/><T34/><D62/><U96/><E126/><V104/><F104/><W23/><G105/><T118/><D118/><U58/><E124/><V42/><F42/><W50/><G50/><RYUUKYOKU ba="0,1" sc="240,-15,302,-15,188,15,260,15" hai2="10,12,18,41,44,45,47,51,81,85,88,95,97" hai3="9,15,19,22,23,25,26,27,63,64,70,93,103" /><INIT seed="2,1,1,5,2,24" ten="225,287,203,275" oya="2" hai0="27,104,29,93,7,113,9,35,72,89,80,44,47" hai1="129,52,30,75,133,37,61,45,56,50,106,110,116" hai2="103,19,49,119,111,3,21,131,117,32,54,121,20" hai3="33,13,43,31,2,83,90,95,99,91,34,17,22"/><V108/><F32/><W68/><G68/><T123/><D123/><U77/><E116/><N who="2" m="44619" /><F121/><W98/><G2/><T115/><D104/><U94/><E106/><V42/><F3/><W10/><G43/><T46/><D72/><U23/><E37/><V62/><F103/><W85/><G99/><T109/><D80/><U107/><E107/><V114/><F114/><W105/><REACH who="3" step="1"/><G105/><REACH who="3" ten="225,287,203,265" step="2"/><T57/><D115/><U66/><E133/><V67/><F42/><W88/><G88/><T6/><D113/><U16/><E77/><V118/><F118/><W25/><AGARI ba="1,2" hai="10,13,17,22,25,31,33,34,83,85,90,91,95,98" machi="25" ten="30,7900,0" yaku="1,1,0,1,52,1,53,1" doraHai="24" doraHaiUra="82" who="3" fromWho="3" sc="225,-21,287,-21,203,-40,265,102" /><INIT seed="3,0,0,5,5,95" ten="204,266,163,367" oya="3" hai0="73,114,74,30,41,29,59,22,58,109,134,18,125" hai1="28,122,133,65,69,126,63,60,112,110,48,132,76" hai2="94,80,53,97,128,100,91,61,8,31,10,135,85" hai3="111,25,46,113,45,1,33,101,116,129,54,120,87"/><W23/><G120/><T26/><D109/><U121/><E76/><V51/><F128/><W72/><G1/><T104/><D104/><U43/><E28/><V75/><F135/><N who="1" m="51785" /><E110/><V47/><F31/><W27/><G72/><T78/><D134/><U118/><E112/><V16/><F75/><W108/><G33/><T57/><D114/><U62/><E126/><V35/><F35/><W79/><G79/><T36/><D125/><U2/><E2/><V44/><F61/><N who="1" m="23657" /><E118/><V107/><F107/><W82/><G116/><T99/><D30/><U115/><E115/><V64/><F64/><W130/><G113/><T15/><D78/><U127/><E127/><V124/><F124/><W83/><G130/><T119/><D119/><U34/><E34/><V103/><F47/><AGARI ba="0,0" hai="43,47,48,63,65,69,121,122" m="23657,51785" machi="47" ten="30,3900,0" yaku="20,1,34,2" doraHai="95" who="1" fromWho="2" sc="204,0,266,39,163,-39,367,0" owari="204,-20.0,305,11.0,124,-38.0,367,47.0" /></mjloggm>