<mjloggm ver="2.3"><GO type="41" lobby="0"/><UN n0="%73%74%6F%6E%65%30%30%30" n1="%E5%8C%97%E3%83%9D%E3%83%B3%EF%BC%A0%E8%A1%A3%E3%81%A1%E3%82%83%E3%82%93" n2="%E5%B0%B1%E6%B4%BB%E7%94%9F%40%E5%B7%9D%E6%9D%91%E8%BB%8D%E5%9B%A3" n3="%E3%81%A9%E3%81%8A%E3%81%8A%E3%81%8A%E3%82%8A" dan="13,14,15,13" rate="1894.51,1927.98,2012.13,1892.38" sx="M,M,M,M"/><TAIKYOKU oya="0"/><INIT seed="0,0,0,3,5,29" ten="250,250,250,250" oya="0" hai0="3,41,65,31,91,81,114,33,90,21,8,103,119" hai1="133,125,71,22,48,23,94,18,80,46,95,87,108" hai2="67,73,135,93,105,44,47,15,59,120,99,38,128" hai3="53,57,49,45,72,13,34,109,51,35,55,20,110"/><T43/><D33/><N who="3" m="12297" /><G72/><T92/><D114/><U26/><E133/><V84/><F120/><W12/><G20/><T121/><D121/><U4/><E125/><V123/><F128/><W69/><G69/><T16/><D31/><U32/><E108/><AGARI ba="0,0" hai="12,13,45,49,51,53,55,57,108,109,110" m="12297" machi="108" ten="30,7700,0" yaku="14,1,52,3" doraHai="29" who="3" fromWho="1" sc="250,0,250,-77,250,0,250,77" /><INIT seed="1,0,0,2,3,102" ten="250,173,250,327" oya="1" hai0="107,134,23,2,40,113,112,76,49,135,88,125,83" hai1="103,89,78,96,79,73,122,68,38,55,66,46,114" hai2="70,86,77,50,16,54,92,111,32,56,47,61,19" hai3="106,123,105,93,121,6,95,29,36,110,11,82,24"/><U85/><E122/><V99/><F111/><W130/><G36/><T117/><D2/><U60/><E114/><V15/><F32/><W53/><G110/><T126/><D117/><U119/><E73/><V65/><F77/><W100/><G130/><T43/><D23/><U58/><E119/><V37/><F86/><W115/><G115/><N who="0" m="44107" /><D135/><U91/><E46/><V118/><F118/><W10/><G82/><T131/><D107/><U128/><E38/><V34/><F34/><W9/><G6/><T108/><D134/><U101/><E128/><V98/><F98/><W14/><G14/><T80/><D131/><U45/><E45/><V52/><F15/><W124/><G53/><T7/><D7/><U57/><E68/><V133/><F133/><W127/><G100/><T39/><D49/><U74/><E74/><V25/><F25/><W116/><G116/><T0/><D0/><U63/><E103/><V13/><F13/><W12/><G12/><T3/><D3/><U4/><E4/><V30/><F30/><W72/><G72/><T97/><D39/><U132/><E132/><V67/><F37/><W8/><N who="3" m="2560" /><DORA hai="75" /><W17/><G17/><N who="2" m="6729" /><F70/><W21/><G95/><N who="0" m="56551" /><D108/><U94/><E91/><AGARI ba="0,0" hai="47,50,52,54,56,61,65,67,91,92,99" m="6729" machi="91" ten="30,3900,0" yaku="8,1,54,2" doraHai="102,75" who="2" fromWho="1" sc="250,0,173,-39,250,39,327,0" /><INIT seed="2,0,0,4,0,40" ten="250,134,289,327" oya="2" hai0="125,119,82,81,62,28,10,69,31,115,67,9,79" hai1="26,56,60,130,39,132,97,58,92,117,94,12,95" hai2="16,70,63,76,101,83,123,0,61,1,42,93,7" hai3="15,113,22,103,3,55,45,129,107,20,85,21,33"/><V111/><F123/><W57/><G3/><T100/><D115/><U52/><E132/><V122/><F122/><W8/><G33/><T27/><D125/><U89/><E130/><V59/><F70/><W51/><G113/><T135/><D135/><U65/><E39/><V124/><F124/><W37/><G129/><T77/><D119/><U91/><E91/><V112/><F112/><W84/><G37/><T35/><D100/><U86/><E117/><V30/><F30/><W43/><G103/><T99/><D99/><U53/><E53/><V34/><F34/><W66/><G107/><T5/><D31/><U49/><E97/><V133/><F133/><W106/><G106/><T25/><D25/><U98/><E98/><V4/><F42/><W109/><G109/><T18/><D18/><U126/><E126/><V74/><F111/><W120/><G120/><T72/><REACH who="0" step="1"/><D5/><REACH who="0" ten="240,134,289,327" step="2"/><U96/><E96/><V108/><F108/><W29/><G29/><T88/><D88/><U64/><E26/><V24/><F101/><W46/><G66/><T105/><D105/><U14/><REACH who="1" step="1"/><E65/><REACH who="1" ten="240,124,289,327" step="2"/><V44/><F76/><W50/><REACH who="3" step="1"/><G57/><REACH who="3" ten="240,124,289,317" step="2"/><T75/><AGARI ba="0,3" hai="9,10,27,28,35,62,67,69,72,75,77,79,81,82" machi="75" ten="20,5200,0" yaku="1,1,0,1,7,1,9,1,53,0" doraHai="40" doraHaiUra="116" who="0" fromWho="0" sc="240,82,124,-13,289,-26,317,-13" /><INIT seed="3,0,0,2,4,0" ten="322,111,263,304" oya="3" hai0="113,32,129,56,101,132,112,43,115,55,67,82,119" hai1="50,24,75,127,47,37,78,122,126,130,27,8,90" hai2="65,58,110,12,114,10,19,86,5,104,71,16,72" hai3="33,125,4,99,14,34,106,7,42,135,54,3,13"/><W11/><G42/><T94/><D32/><U131/><E37/><V21/><F114/><W60/><G106/><T18/><D119/><U88/><E122/><V15/><F72/><W133/><G99/><N who="0" m="59639" /><D43/><U28/><E78/><V41/><F104/><W63/><G125/><N who="1" m="47626" /><E75/><V68/><F110/><W48/><G3/><T89/><D129/><N who="1" m="49163" /><E8/><V95/><F41/><W40/><G40/><T20/><D132/><N who="3" m="50761" /><G33/><T107/><D67/><U91/><E28/><V77/><F71/><W97/><G97/><T59/><D107/><U39/><E39/><V121/><F68/><W30/><G30/><T38/><D38/><U74/><E74/><V36/><F36/><W23/><G34/><T116/><D55/><AGARI ba="0,0" hai="24,27,47,50,55,88,90,91" m="49163,47626" machi="55" ten="40,5200,0" yaku="18,1,19,1,54,1" doraHai="0" who="1" fromWho="0" sc="322,-52,111,52,263,0,304,0" /><INIT seed="4,0,0,5,2,62" ten="270,163,263,304" oya="0" hai0="25,112,9,77,86,115,6,98,51,97,20,59,134" hai1="105,4,44,122,69,8,67,109,91,116,90,129,101" hai2="65,92,81,84,37,121,94,60,80,58,38,99,50" hai3="73,111,18,30,123,33,103,31,89,36,11,3,132"/><T135/><D51/><U76/><E122/><V79/><F121/><W63/><G36/><T78/><D59/><U96/><E116/><V110/><F110/><W75/><G123/><T54/><D54/><U56/><E56/><V57/><F81/><W87/><G111/><T95/><D25/><U48/><E129/><V13/><F92/><W45/><G132/><N who="0" m="50731" /><D20/><U49/><E76/><N who="0" m="29289" /><D86/><U127/><E48/><V10/><F50/><W104/><G33/><T126/><D126/><U118/><E127/><V43/><F58/><W119/><G119/><T108/><D108/><U41/><E118/><V16/><REACH who="2" step="1"/><F43/><REACH who="2" ten="270,163,253,304" step="2"/><W117/><G117/><T100/><D98/><U24/><E109/><V42/><F42/><W64/><G45/><T61/><D61/><U125/><E125/><V34/><F34/><W93/><G73/><T7/><D115/><U131/><E41/><V120/><F120/><W85/><G75/><T102/><D112/><U124/><E49/><V130/><F130/><W21/><G85/><T28/><D102/><AGARI ba="0,1" hai="10,13,16,37,38,57,60,65,79,80,84,94,99,102" machi="102" ten="30,7700,0" yaku="1,1,7,1,52,1,54,1,53,0" doraHai="62" doraHaiUra="0" who="2" fromWho="0" sc="270,-77,163,0,253,87,304,0" /><INIT seed="5,0,0,1,1,6" ten="193,163,340,304" oya="1" hai0="83,30,91,17,75,90,35,92,29,101,28,84,37" hai1="114,51,2,115,43,135,33,99,100,4,110,65,46" hai2="78,118,98,34,111,70,117,60,102,55,5,36,24" hai3="67,19,132,88,10,122,73,49,124,7,79,66,69"/><U74/><E33/><V119/><F111/><W134/><G122/><T16/><D37/><U125/><E74/><V32/><F36/><W129/><G69/><T133/><D133/><N who="3" m="51305" /><G19/><T0/><D0/><U8/><E135/><V103/><F103/><W81/><G129/><T127/><D127/><U57/><E110/><V97/><F97/><W107/><G107/><T26/><D75/><U53/><E65/><N who="2" m="41255" /><F78/><W31/><G31/><T25/><D101/><U86/><E86/><V64/><F64/><W109/><G109/><T126/><D126/><U58/><E125/><V106/><F55/><W93/><G49/><T22/><D30/><U120/><E120/><V12/><F12/><N who="3" m="5215" /><G124/><T50/><D50/><U38/><REACH who="1" step="1"/><E57/><REACH who="1" ten="193,153,340,304" step="2"/><V130/><F34/><W76/><G79/><T116/><D116/><U68/><E68/><V39/><F118/><W40/><G40/><T71/><D71/><U128/><E128/><V45/><F130/><W108/><G108/><T112/><D112/><U77/><E77/><V61/><F119/><W20/><G20/><T54/><REACH who="0" step="1"/><D54/><REACH who="0" ten="183,153,340,304" step="2"/><U14/><E14/><V41/><F117/><W72/><G73/><T131/><D131/><U87/><E87/><AGARI ba="0,2" hai="66,67,72,76,81,87,88,93" m="5215,51305" machi="87" ten="30,3900,0" yaku="20,1,52,1,54,1" doraHai="6" who="3" fromWho="1" sc="183,0,153,-39,340,0,304,59" /><AGARI ba="0,0" hai="16,17,22,25,26,28,29,35,83,84,87,90,91,92" machi="87" ten="30,3900,0" yaku="1,1,7,1,54,1,53,0" doraHai="6" doraHaiUra="62" who="0" fromWho="1" sc="183,39,114,-39,340,0,363,0" /><INIT seed="6,0,0,3,4,66" ten="222,75,340,363" oya="2" hai0="1,68,27,64,20,86,88,130,63,135,32,15,26" hai1="126,114,115,116,36,13,43,55,102,53,78,108,109" hai2="30,59,49,93,5,6,34,23,112,52,38,90,92" hai3="65,41,104,54,113,14,101,21,47,16,62,99,75"/><V79/><F38/><W57/><G75/><T81/><D1/><U46/><E78/><V95/><F34/><W127/><G113/><N who="1" m="43018" /><E102/><V29/><F112/><W74/><G74/><T76/><D130/><U44/><E13/><V35/><F35/><W17/><G17/><T124/><D124/><U25/><E25/><V111/><F111/><N who="1" m="42569" /><E116/><V80/><F90/><W97/><G127/><T87/><D135/><U60/><E126/><V128/><F128/><W10/><G21/><T39/><D39/><U0/><E0/><V22/><F22/><W132/><G132/><T120/><D120/><U133/><E133/><V8/><F23/><W19/><G19/><T117/><D117/><U131/><E131/><V106/><F106/><W71/><G101/><T100/><D100/><U82/><E82/><V7/><REACH who="2" step="1"/><F8/><REACH who="2" ten="222,75,330,363" step="2"/><W89/><G89/><T45/><D32/><U123/><E123/><V118/><F118/><W9/><G104/><T69/><D20/><U58/><E44/><V134/><F134/><W129/><G9/><T72/><D45/><U18/><E18/><V103/><F103/><W31/><G129/><T12/><D27/><U105/><E105/><V98/><F98/><W83/><G31/><T107/><D26/><U119/><E119/><V51/><F51/><N who="3" m="30943" /><G83/><T11/><D107/><U77/><E77/><V24/><F24/><W91/><G91/><N who="0" m="51663" /><D11/><U42/><E42/><V84/><AGARI ba="0,1" hai="5,6,7,29,30,49,52,59,79,80,84,92,93,95" machi="84" ten="30,12000,1" yaku="1,1,0,1,8,1,54,1,53,1" doraHai="66" doraHaiUra="50" who="2" fromWho="2" sc="222,-40,75,-40,330,130,363,-40" /><INIT seed="6,1,0,3,1,134" ten="182,35,460,323" oya="2" hai0="52,12,90,15,107,1,73,72,22,78,9,109,55" hai1="2,5,76,133,111,13,114,64,31,77,120,33,105" hai2="99,98,41,95,28,85,100,113,48,75,17,74,103" hai3="80,106,83,37,86,126,82,58,127,125,91,23,24"/><V44/><F113/><W34/><G34/><T79/><D109/><U40/><E2/><V46/><F28/><W61/><G37/><T130/><D130/><U88/><E105/><V92/><F85/><W84/><G106/><T69/><D107/><U108/><E133/><V26/><F26/><W43/><G43/><T87/><D69/><U119/><E119/><V8/><F8/><W118/><G118/><T62/><D1/><U94/><E120/><V57/><F17/><W54/><G91/><T53/><D62/><U104/><E104/><V16/><F16/><AGARI ba="1,0" hai="16,23,24,54,58,61,80,82,83,84,86,125,126,127" machi="16" ten="50,8000,1" yaku="18,1,52,3,54,1" doraHai="134" who="3" fromWho="2" sc="182,0,35,0,460,-83,323,83" /><INIT seed="7,0,0,2,1,121" ten="182,35,377,406" oya="3" hai0="103,12,100,71,107,54,2,125,22,96,118,16,21" hai1="46,66,78,77,52,109,32,43,0,120,15,76,91" hai2="51,36,47,29,114,35,38,25,10,122,70,95,69" hai3="131,133,105,7,98,19,116,97,5,40,134,45,37"/><W24/><G116/><T57/><D71/><U88/><E0/><V20/><F122/><W14/><G131/><T129/><D129/><U82/><E120/><V63/><F114/><W111/><G24/><T72/><D2/><U130/><E130/><V87/><F35/><W48/><G111/><T50/><D125/><U119/><E119/><V11/><F69/><W65/><G65/><T115/><D115/><U28/><E66/><V79/><F70/><W31/><G31/><T53/><D72/><U60/><E28/><V61/><F38/><W132/><G37/><T39/><D39/><U44/><E32/><V127/><F127/><W99/><G105/><T126/><D126/><U75/><E75/><V18/><F36/><W30/><G30/><T49/><D103/><U85/><E91/><V123/><F123/><W108/><G108/><T94/><D107/><U84/><E84/><V62/><F29/><W73/><G73/><T135/><D135/><U90/><E90/><V9/><F95/><W27/><G27/><T59/><D118/><U128/><E128/><V110/><F110/><W34/><G34/><T55/><D55/><U104/><E104/><V74/><F74/><W113/><G113/><T102/><D102/><U41/><E109/><V80/><F9/><AGARI ba="0,0" hai="5,7,9,14,19,40,45,48,97,98,99,132,133,134" machi="9" ten="50,2400,0" yaku="20,1" doraHai="121" who="3" fromWho="2" sc="182,0,35,0,377,-24,406,24" /><AGARI ba="0,0" hai="9,12,16,21,22,49,50,53,54,57,59,94,96,100" machi="9" ten="30,7700,0" yaku="7,1,9,1,8,1,54,1" doraHai="121" who="0" fromWho="2" sc="182,77,35,0,353,-77,430,0" owari="259,-14.0,35,-46.0,276,8.0,430,52.0" /></mjloggm>