<mjloggm ver="2.3"><GO type="97" lobby="0"/><UN n0="%E3%82%AD%E3%83%B3%E3%82%B0%E3%81%B9%E3%83%92%E3%82%93%E3%82%82%E3%82%B9" n1="%E7%9F%B3%E5%8E%9F%E8%A3%95%E6%AC%A1%E9%83%8E" n2="%E3%81%AB%E3%82%8F%E3%81%8B%E3%81%AD%E3%81%93" n3="%E3%83%88%E3%83%88%E3%83%AA%E5%85%88%E7%94%9F%31%39%E6%AD%B3" dan="16,14,13,15" rate="2024.03,1965.55,1930.09,2048.63" sx="M,F,M,F"/><TAIKYOKU oya="0"/><INIT seed="0,0,0,0,3,83" ten="250,250,250,250" oya="0" hai0="72,104,13,11,113,109,99,74,59,48,128,62,129" hai1="110,33,53,44,21,90,96,107,67,42,30,14,115" hai2="25,40,66,50,82,7,75,41,71,98,87,56,39" hai3="68,70,121,61,22,5,60,20,81,94,91,38,106"/><T102/><D113/><U58/><E115/><V116/><F71/><W4/><G106/><T76/><D48/><U125/><E125/><V118/><F75/><W29/><G81/><T85/><D109/><U130/><E110/><V51/><F98/><W120/><G94/><T112/><D112/><U2/><E2/><V84/><F39/><W52/><G38/><T93/><D76/><U88/><E130/><N who="0" m="50281" /><D104/><U12/><E67/><V8/><F25/><W54/><REACH who="3" step="1"/><G29/><REACH who="3" ten="250,250,250,240" step="2"/><T73/><D74/><U36/><E107/><V124/><F124/><W105/><G105/><T19/><D85/><N who="2" m="32842" /><F82/><W64/><G64/><AGARI ba="0,1" hai="11,13,19,59,62,64,72,73,93,99,102" m="50281" machi="64" ten="30,1500,0" yaku="19,1" doraHai="83" who="0" fromWho="3" sc="250,25,250,0,250,0,240,-15" /><INIT seed="0,1,0,0,5,11" ten="275,250,250,225" oya="0" hai0="78,0,56,87,3,25,104,37,102,77,18,55,43" hai1="107,40,135,110,82,38,67,64,9,76,4,26,62" hai2="88,119,59,122,20,79,72,6,47,99,131,101,125" hai3="1,63,66,113,121,30,75,86,57,84,49,8,118"/><T108/><D104/><U117/><E117/><V116/><F122/><W31/><G118/><N who="2" m="45097" /><F47/><W54/><G113/><T93/><D37/><U51/><E110/><V126/><F59/><W83/><G121/><T33/><D43/><U61/><E135/><V128/><F6/><W97/><G75/><T69/><D69/><U71/><E107/><V58/><F58/><W16/><G97/><T115/><D115/><U34/><E34/><V134/><F20/><W90/><G1/><T22/><D33/><U91/><E26/><V24/><F24/><W124/><G84/><T7/><D108/><U132/><E132/><V111/><F111/><W45/><G124/><N who="2" m="47721" /><F88/><W81/><G81/><T100/><D3/><U32/><E32/><V13/><F13/><AGARI ba="1,0" hai="8,13,16,30,31,45,49,54,57,63,66,83,86,90" machi="13" ten="40,8000,1" yaku="25,2,8,1,52,1,54,1" doraHai="11" who="3" fromWho="2" sc="275,0,250,0,250,-83,225,83" /><INIT seed="1,0,0,1,5,77" ten="275,250,167,308" oya="1" hai0="95,106,22,102,91,131,90,130,45,42,110,48,2" hai1="114,113,61,92,8,76,39,38,70,17,5,3,67" hai2="120,81,108,99,134,97,104,96,119,53,132,103,74" hai3="78,40,80,75,65,0,21,15,27,126,112,13,69"/><U86/><E17/><V129/><F53/><W7/><G112/><T44/><D2/><U100/><E100/><V4/><F4/><W87/><G126/><T135/><D110/><U57/><E70/><V23/><F23/><W79/><G40/><T62/><D135/><N who="2" m="51754" /><F108/><W9/><G78/><T24/><D106/><U36/><REACH who="1" step="1"/><E92/><REACH who="1" ten="275,240,167,308" step="2"/><V10/><F120/><W109/><G109/><T89/><D102/><U28/><E28/><V52/><F119/><W20/><G69/><T93/><D95/><U18/><E18/><V16/><F129/><W72/><G7/><T85/><D130/><U83/><AGARI ba="0,1" hai="3,5,8,36,38,39,57,61,67,76,83,86,113,114" machi="83" ten="40,12000,1" yaku="1,1,0,1,52,1,53,1" doraHai="77" doraHaiUra="58" who="1" fromWho="1" sc="275,-40,240,130,167,-40,308,-40" /><INIT seed="1,1,0,5,3,106" ten="235,370,127,268" oya="1" hai0="72,109,133,69,6,48,15,4,132,125,5,94,117" hai1="110,50,38,29,23,33,101,51,111,54,58,64,25" hai2="71,102,122,76,79,104,19,88,40,135,91,59,44" hai3="10,68,124,3,60,32,43,80,96,78,107,114,27"/><U52/><E38/><V35/><F122/><W8/><G114/><T41/><D69/><U20/><E64/><V83/><F71/><W103/><G124/><T100/><D125/><U45/><REACH who="1" step="1"/><E101/><REACH who="1" ten="235,360,127,268" step="2"/><V99/><F35/><W2/><G32/><T31/><D100/><U17/><E17/><V123/><F19/><W95/><G103/><T9/><D132/><U119/><E119/><V84/><F135/><W34/><G68/><T42/><D117/><U16/><E16/><V120/><F59/><W70/><G34/><T28/><D133/><U11/><E11/><V24/><F123/><W67/><G8/><T62/><D9/><U46/><E46/><V22/><F120/><W14/><G10/><T39/><D39/><U97/><E97/><V0/><F44/><W66/><G66/><T87/><D31/><U47/><E47/><V77/><F40/><W112/><G43/><T115/><D28/><U98/><E98/><V12/><F99/><W134/><G134/><T56/><D42/><U81/><E81/><V75/><F102/><W118/><G118/><T26/><D41/><U86/><E86/><V121/><F121/><W93/><G96/><T63/><D87/><U65/><E65/><V55/><F84/><W116/><G116/><T30/><D56/><U18/><E18/><V105/><F83/><W21/><G80/><T13/><D30/><U49/><E49/><V127/><F127/><W92/><G70/><T73/><D48/><U129/><E129/><V61/><F105/><W126/><G126/><T53/><D4/><U57/><E57/><V1/><F104/><RYUUKYOKU ba="1,1" sc="235,-10,360,30,127,-10,268,-10" hai1="20,23,25,29,33,45,50,51,52,54,58,110,111" /><INIT seed="1,2,1,5,1,81" ten="225,390,117,258" oya="1" hai0="95,23,99,88,111,130,2,26,52,44,117,6,135" hai1="105,107,125,36,66,70,68,16,94,109,90,101,40" hai2="84,21,39,114,104,96,33,116,3,129,61,34,41" hai3="46,126,29,124,108,92,131,45,15,71,100,8,121"/><U87/><E125/><N who="3" m="48234" /><G121/><T27/><D117/><U86/><E109/><V54/><F116/><W73/><G73/><T72/><D72/><U76/><E40/><V75/><F3/><W79/><G79/><T25/><D111/><U78/><E36/><V102/><F75/><W133/><G71/><T24/><D130/><U119/><E119/><V51/><F114/><W91/><G108/><T128/><D128/><U80/><E76/><V28/><F61/><W11/><G100/><T64/><D64/><U98/><E107/><V5/><F5/><N who="3" m="3471" /><G133/><T67/><D67/><U0/><E0/><V47/><F129/><W62/><G62/><T85/><D135/><U115/><E66/><V22/><F34/><W110/><G110/><T49/><D6/><U32/><E32/><V82/><F33/><W20/><G11/><T18/><D2/><U118/><E118/><V58/><REACH who="2" step="1"/><F28/><REACH who="2" ten="225,390,107,258" step="2"/><W35/><G35/><T106/><D106/><U134/><E115/><V7/><F7/><W31/><G31/><T9/><D9/><U12/><E134/><V127/><F127/><W83/><G131/><T93/><D24/><U123/><E123/><V113/><F113/><W59/><G29/><T103/><AGARI ba="2,2" hai="18,23,25,26,27,44,49,52,85,88,93,95,99,103" machi="103" ten="20,12000,2" yaku="0,1,7,1,8,1,52,1,54,2" doraHai="81" who="0" fromWho="0" sc="225,146,390,-62,107,-32,258,-32" /><INIT seed="2,0,0,1,2,22" ten="371,328,75,226" oya="2" hai0="133,7,34,104,111,9,134,36,20,113,32,23,86" hai1="50,131,77,3,43,51,63,58,21,84,64,117,12" hai2="73,99,25,11,106,45,115,33,18,72,49,6,90" hai3="55,66,5,128,101,125,37,74,129,14,85,118,100"/><V26/><F115/><W122/><G118/><T13/><D36/><U10/><E117/><V120/><F120/><W81/><G122/><T60/><D104/><U59/><E131/><N who="3" m="50250" /><G74/><T94/><D113/><U127/><E127/><V107/><F33/><N who="0" m="12906" /><D60/><U83/><E3/><V124/><F124/><W53/><G125/><T126/><D126/><U2/><E2/><V79/><F72/><W52/><G37/><T78/><D94/><U17/><E43/><V82/><F18/><W89/><G66/><T57/><D57/><U56/><REACH who="1" step="1"/><E10/><AGARI ba="0,0" hai="5,10,14,52,53,55,81,85,89,100,101" m="50250" machi="10" ten="30,2000,0" yaku="19,1,54,1" doraHai="22" who="3" fromWho="1" sc="371,0,328,-20,75,0,226,20" /><INIT seed="3,0,0,5,0,43" ten="371,308,75,246" oya="3" hai0="101,100,56,13,119,111,125,45,87,66,29,12,5" hai1="126,107,129,25,73,58,36,62,131,53,44,127,70" hai2="2,77,94,123,11,68,48,98,28,46,52,95,103" hai3="133,60,49,30,21,24,80,72,47,51,120,91,86"/><W117/><G117/><T16/><D119/><U105/><E73/><V122/><F68/><W97/><G120/><T75/><D75/><U22/><E107/><V40/><F123/><W108/><G133/><T69/><D69/><U134/><E25/><V31/><F122/><W55/><G108/><T41/><D29/><U78/><E78/><V115/><F115/><W34/><G72/><T3/><D3/><U63/><E134/><V15/><F2/><W18/><G97/><T90/><D111/><U93/><E93/><V67/><F67/><W23/><G60/><N who="0" m="38151" /><D5/><U27/><E27/><V26/><F26/><W85/><G18/><T50/><D125/><N who="1" m="47627" /><E22/><V10/><F10/><W114/><G114/><T1/><D1/><U9/><E9/><V79/><F95/><W19/><G19/><T35/><D35/><U135/><E105/><V17/><F79/><W132/><G132/><T124/><D124/><U65/><E135/><V128/><F77/><W39/><G39/><T20/><D13/><U106/><E106/><V4/><F128/><W64/><G64/><T89/><D89/><U116/><E116/><V92/><F92/><AGARI ba="0,0" hai="12,16,20,41,45,50,87,90,92,100,101" m="38151" machi="92" ten="30,3900,0" yaku="8,1,52,1,54,1" doraHai="43" who="0" fromWho="2" sc="371,39,308,0,75,-39,246,0" owari="410,50.0,308,11.0,36,-46.0,246,-15.0" /></mjloggm>