<mjloggm ver="2.3"><GO type="169" lobby="0"/><UN n0="%E9%AF%89%E3%81%AB%E6%81%8B" n1="%38%37%73%65%66" n2="%E3%83%88%E3%83%88%E3%83%AA%E5%85%88%E7%94%9F%31%39%E6%AD%B3" n3="%40%E7%B4%94%E3%81%A1%E3%82%83%E3%82%93" dan="16,16,18,16" rate="2031.80,2109.13,2281.39,2171.04" sx="M,F,F,M"/><TAIKYOKU oya="0"/><INIT seed="0,0,0,0,5,64" ten="250,250,250,250" oya="0" hai0="82,132,83,122,43,121,128,57,105,73,102,97,112" hai1="119,92,56,93,24,52,60,89,34,118,94,18,130" hai2="42,131,80,101,9,13,20,11,108,125,91,7,114" hai3="5,116,77,88,22,36,39,129,63,58,84,100,86"/><T28/><D57/><U85/><E130/><V2/><F114/><W41/><G116/><T47/><D28/><U66/><E119/><V124/><F131/><W79/><G129/><T26/><D26/><U106/><E106/><V46/><F108/><W76/><G100/><T117/><D128/><U81/><E118/><V113/><F113/><W109/><G109/><T19/><D19/><U90/><E34/><V74/><F20/><W96/><G5/><T17/><D17/><U37/><E37/><N who="2" m="21839" /><F91/><W40/><G36/><N who="0" m="21991" /><D117/><U62/><E18/><N who="2" m="8495" /><F101/><W115/><G115/><T69/><D112/><U33/><E24/><V55/><F55/><N who="3" m="34271" /><G39/><T1/><D83/><U31/><E31/><V51/><F51/><W25/><G96/><T59/><D59/><N who="1" m="37215" /><E33/><V48/><F48/><W134/><G25/><T16/><D16/><U78/><AGARI ba="0,0" hai="52,56,60,78,81,85,89,90,92,93,94" m="37215" machi="78" ten="30,2000,0" yaku="8,1,54,1" doraHai="64" who="1" fromWho="1" sc="250,-10,250,20,250,-5,250,-5" /><INIT seed="1,0,0,1,1,65" ten="240,270,245,245" oya="1" hai0="52,11,66,113,38,84,63,54,17,85,45,9,0" hai1="14,75,3,120,96,13,55,94,74,132,39,61,112" hai2="119,16,121,10,107,33,100,80,95,104,34,37,88" hai3="28,20,60,118,70,29,123,124,2,19,36,24,110"/><U128/><E112/><V135/><F119/><W26/><G123/><T76/><D113/><U35/><E3/><V93/><F121/><W64/><G110/><T32/><D32/><U106/><E120/><V58/><F37/><W103/><G124/><T101/><D101/><U42/><E106/><V31/><F135/><W99/><G118/><T62/><D0/><U105/><E105/><V125/><F125/><W30/><G36/><T83/><D38/><U4/><E35/><V134/><F134/><W77/><G77/><T47/><D66/><U109/><E128/><V82/><F58/><W122/><G2/><T6/><D17/><U98/><E132/><V23/><F10/><W68/><G122/><T59/><D59/><U111/><E98/><V114/><F114/><W133/><G133/><T129/><D129/><U67/><E55/><V81/><F31/><W89/><G89/><T116/><D116/><U72/><E4/><V22/><F81/><W108/><G108/><N who="1" m="41546" /><E42/><V131/><F131/><W50/><G50/><T130/><D130/><U86/><E86/><V15/><F100/><W69/><REACH who="3" step="1"/><G26/><REACH who="3" ten="240,270,245,235" step="2"/><T25/><D25/><U53/><E39/><V27/><F27/><W79/><G79/><T117/><D117/><U91/><E53/><V5/><F88/><W1/><G1/><T49/><D76/><U43/><E43/><V102/><F102/><W126/><G126/><T78/><D78/><U46/><E46/><V97/><F33/><W56/><G56/><AGARI ba="0,1" hai="13,14,56,61,67,72,74,75,91,94,96" m="41546" machi="56" ten="40,3900,0" yaku="14,1,10,1" doraHai="65" who="1" fromWho="3" sc="240,0,270,49,245,0,235,-39" /><INIT seed="1,1,0,4,1,68" ten="240,319,245,196" oya="1" hai0="110,113,128,70,89,77,5,57,61,60,74,101,67" hai1="98,121,22,84,117,109,4,35,56,45,16,43,54" hai2="32,135,0,15,29,24,23,30,104,132,73,20,63" hai3="28,33,133,34,52,18,9,80,26,134,53,51,86"/><U111/><E117/><V8/><F73/><W124/><G124/><T12/><D113/><U59/><E35/><V83/><F104/><W55/><G34/><T47/><D101/><U10/><E98/><V2/><F83/><W87/><G86/><T79/><D128/><U50/><E121/><V11/><F63/><W112/><G112/><T37/><D74/><U76/><E84/><V130/><F32/><W90/><REACH who="3" step="1"/><G51/><REACH who="3" ten="240,319,245,186" step="2"/><T75/><D75/><U125/><E125/><V72/><F72/><W49/><G49/><T131/><D131/><U120/><E120/><V13/><F130/><W123/><G123/><T14/><D61/><U97/><E97/><V93/><F93/><W94/><G94/><T6/><D60/><U3/><E76/><V115/><F115/><W126/><G126/><T36/><D79/><U116/><E116/><V118/><F118/><W64/><G64/><T122/><D67/><U114/><E114/><V7/><F24/><W42/><G42/><T1/><D77/><U102/><E43/><V65/><F65/><W71/><G71/><T19/><D70/><U31/><E50/><V27/><F27/><W41/><G41/><T91/><D122/><U88/><E111/><V48/><F48/><W105/><G105/><T106/><D106/><U95/><E109/><V46/><F46/><W40/><G40/><T78/><D110/><U107/><E45/><V92/><F92/><W38/><G38/><N who="0" m="14955" /><D47/><U58/><E107/><V25/><F25/><W62/><G62/><T129/><D129/><U17/><E95/><V99/><F99/><W96/><G96/><RYUUKYOKU ba="1,1" sc="240,-15,319,-15,245,15,186,15" hai2="0,2,7,8,11,13,15,20,23,29,30,132,135" hai3="9,18,26,28,33,52,53,55,80,87,90,133,134" /><INIT seed="2,2,1,2,3,17" ten="225,304,260,201" oya="2" hai0="50,94,127,84,63,73,97,83,93,88,113,108,95" hai1="49,134,119,18,55,112,58,62,109,23,30,107,11" hai2="61,38,103,52,2,19,46,69,29,85,132,3,60" hai3="120,34,10,117,35,4,7,32,86,37,21,99,24"/><V81/><F132/><W72/><G72/><T71/><D113/><U130/><E112/><V128/><F128/><W22/><G37/><T36/><D36/><U41/><E119/><V129/><F129/><W5/><G117/><T75/><D50/><U54/><E130/><V96/><F29/><W47/><G47/><T13/><D63/><U27/><E107/><V82/><F82/><W0/><G86/><N who="0" m="50271" /><D71/><U92/><E109/><V111/><F111/><W65/><G65/><T102/><D13/><N who="1" m="7487" /><E92/><N who="0" m="35433" /><D108/><U125/><E125/><V110/><F110/><W68/><G99/><T25/><D25/><U80/><E80/><V89/><F61/><W14/><G68/><T6/><D6/><N who="3" m="2665" /><G120/><T115/><D115/><U105/><E105/><V91/><F69/><W64/><G64/><T77/><D127/><U124/><E124/><V66/><F66/><W44/><G44/><T118/><D118/><U59/><E134/><V26/><F38/><W9/><G24/><T33/><D33/><U43/><AGARI ba="2,1" hai="23,27,30,41,43,49,54,55,58,59,62" m="7487" machi="43" ten="30,2000,0" yaku="8,1,52,1" doraHai="17" who="1" fromWho="1" sc="225,-7,304,36,260,-12,201,-7" /><INIT seed="3,0,0,5,2,27" ten="218,340,248,194" oya="3" hai0="68,101,125,115,17,99,44,96,93,15,50,10,86" hai1="112,132,52,72,114,111,119,113,5,122,124,91,36" hai2="110,18,9,90,82,121,38,53,97,78,24,45,105" hai3="41,103,42,69,48,6,7,25,20,4,12,76,79"/><W126/><G69/><T56/><D125/><U3/><RYUUKYOKU type="yao9" ba="0,0" sc="218,0,340,0,248,0,194,0" hai1="3,5,36,52,72,91,111,112,113,114,119,122,124,132" /><INIT seed="3,1,0,5,3,132" ten="218,340,248,194" oya="3" hai0="61,96,129,116,3,114,67,40,34,29,69,59,12" hai1="46,89,77,68,121,107,7,36,50,102,112,130,83" hai2="94,76,11,16,1,82,120,4,119,126,113,64,26" hai3="122,27,15,52,124,45,71,47,48,20,127,57,128"/><W0/><G0/><T92/><D116/><U91/><E36/><V55/><F119/><W131/><G122/><T31/><D3/><U13/><E68/><V108/><F113/><W125/><G15/><T39/><D114/><U44/><E121/><V105/><F120/><W5/><G5/><T106/><D129/><N who="3" m="49737" /><G71/><T100/><D12/><U85/><E112/><V30/><F105/><W41/><G41/><T98/><D34/><U123/><E123/><V111/><F64/><W33/><G33/><T99/><D99/><N who="1" m="61919" /><E44/><V60/><F94/><W134/><G134/><T73/><D73/><U42/><E130/><V2/><F2/><W17/><AGARI ba="1,0" hai="17,20,27,45,47,48,52,57,124,125,127" m="49737" machi="17" ten="40,18000,2" yaku="18,1,19,1,52,3,54,1" doraHai="132" who="3" fromWho="3" sc="218,-61,340,-61,248,-61,194,183" /><INIT seed="3,2,0,2,5,7" ten="157,279,187,377" oya="3" hai0="82,10,110,113,47,11,109,40,134,1,14,103,85" hai1="73,67,30,72,4,9,69,80,63,33,5,58,52" hai2="22,21,29,12,127,83,104,46,48,15,89,20,102" hai3="59,100,44,13,27,62,114,68,88,93,53,99,66"/><W3/><G114/><T129/><D113/><U126/><E126/><V78/><F127/><W115/><G115/><T55/><D134/><U43/><E43/><V121/><F121/><W98/><G3/><T64/><D64/><U35/><E4/><V91/><F29/><W41/><G27/><T77/><D103/><U42/><E42/><V132/><F132/><W90/><G13/><T111/><D1/><U25/><E80/><V6/><F102/><W75/><G75/><T123/><D123/><U57/><E35/><V32/><F104/><W49/><REACH who="3" step="1"/><G99/><REACH who="3" ten="157,279,187,367" step="2"/><T125/><D125/><U2/><E69/><V16/><F15/><W39/><AGARI ba="2,1" hai="39,41,44,49,53,59,62,66,68,88,90,93,98,100" machi="39" ten="20,18000,2" yaku="1,1,2,1,0,1,7,1,24,2,54,1,53,0" doraHai="7" doraHaiUra="135" who="3" fromWho="3" sc="157,-62,279,-62,187,-62,367,196" /><INIT seed="3,3,0,1,5,127" ten="95,217,125,563" oya="3" hai0="24,104,39,59,11,43,129,126,95,67,18,51,103" hai1="125,118,100,31,8,65,54,72,30,94,106,75,77" hai2="19,135,49,60,74,14,133,48,9,58,3,46,50" hai3="68,52,56,0,99,29,36,84,87,98,124,66,37"/><W5/><G29/><T89/><D39/><U4/><E106/><V97/><F74/><W63/><G124/><T130/><D126/><U21/><E65/><V81/><F3/><W2/><G5/><T62/><D104/><U25/><E125/><V61/><F81/><W76/><G2/><T69/><D103/><U107/><E107/><V88/><F46/><W10/><G10/><T7/><D43/><U90/><E100/><V26/><F26/><W34/><G34/><T73/><D73/><U120/><E120/><V71/><F71/><W1/><G1/><T113/><D113/><U123/><E123/><V105/><F60/><W83/><G84/><N who="0" m="52647" /><D7/><U27/><E54/><V102/><REACH who="2" step="1"/><F88/><REACH who="2" ten="95,217,115,563" step="2"/><W134/><G0/><T40/><D24/><U79/><E75/><V44/><F44/><W41/><G134/><T119/><D40/><U108/><E72/><V45/><F45/><N who="3" m="23719" /><G37/><T110/><D119/><U35/><E118/><V117/><F117/><W93/><G93/><T82/><D82/><U96/><E108/><V132/><F132/><W20/><G20/><T80/><D80/><U85/><E85/><V109/><F109/><W131/><G98/><T42/><D110/><U12/><AGARI ba="3,1" hai="4,8,12,21,25,27,30,31,35,77,79,90,94,96" machi="12" ten="20,1500,0" yaku="0,1,7,1" doraHai="127" who="1" fromWho="1" sc="95,-7,217,34,115,-7,563,-10" /><INIT seed="4,0,0,1,2,13" ten="88,251,108,553" oya="0" hai0="100,120,5,64,44,36,125,20,112,2,123,63,105" hai1="80,45,15,9,10,22,122,116,89,76,79,110,19" hai2="62,126,32,104,1,83,43,128,74,57,97,68,11" hai3="39,135,134,52,103,25,40,0,117,6,27,55,77"/><T30/><D125/><U58/><E110/><V133/><F32/><W70/><G117/><T67/><D112/><U85/><E122/><V106/><F68/><W88/><G70/><N who="0" m="42271" /><D67/><U53/><E45/><V51/><F126/><W87/><G77/><N who="1" m="29770" /><E116/><V81/><F74/><W102/><G39/><T130/><D30/><U132/><E132/><N who="3" m="50730" /><G40/><N who="0" m="22535" /><D20/><U48/><AGARI ba="0,0" hai="9,10,15,19,22,48,53,58,80,85,89" m="29770" machi="48" ten="30,2000,0" yaku="8,1,52,1" doraHai="13" who="1" fromWho="1" sc="88,-10,251,20,108,-5,553,-5" /><INIT seed="5,0,0,0,1,106" ten="78,271,103,548" oya="1" hai0="82,104,69,21,31,25,55,63,60,45,87,105,24" hai1="57,132,129,103,54,38,100,0,75,43,14,20,113" hai2="33,120,123,46,135,133,130,18,110,27,39,80,37" hai3="23,125,74,109,119,99,16,127,65,134,76,48,47"/><U73/><E0/><V42/><F110/><W79/><G109/><T41/><D63/><U7/><E43/><V40/><F130/><W59/><G134/><N who="2" m="51209" /><F80/><W68/><G68/><T118/><D118/><U126/><E38/><N who="2" m="21783" /><F18/><W122/><G122/><N who="2" m="46633" /><F42/><N who="3" m="24695" /><G119/><T62/><D62/><U115/><E132/><V108/><F108/><W81/><G79/><T49/><D25/><U116/><E116/><V98/><F98/><W96/><G65/><T85/><D85/><U94/><E129/><V51/><F51/><W50/><G50/><T71/><D71/><U111/><E111/><V22/><F22/><W72/><G96/><T86/><D86/><U26/><E7/><V8/><F8/><W11/><G11/><T61/><D61/><U15/><E20/><V67/><F67/><W19/><G99/><T44/><D60/><U13/><E26/><V4/><F4/><W92/><G92/><T56/><D69/><U93/><E94/><V77/><F77/><W107/><G107/><T1/><D1/><U52/><E93/><V90/><F90/><W112/><G19/><T12/><D12/><U89/><E89/><V66/><F66/><W53/><G23/><T9/><D9/><U32/><E13/><V2/><F2/><W64/><G64/><T34/><D21/><U95/><E95/><V124/><F124/><W17/><G125/><T131/><D131/><U30/><E126/><V58/><F58/><W84/><G127/><T101/><D101/><U91/><E57/><V88/><F88/><W35/><G59/><T121/><D121/><U114/><E91/><V28/><AGARI ba="0,0" hai="27,28,33,37,39" m="46633,21783,51209" machi="28" ten="40,5200,0" yaku="5,1,20,1,23,1" doraHai="106" who="2" fromWho="2" sc="78,-13,271,-26,103,52,548,-13" /><INIT seed="6,0,0,0,3,126" ten="65,245,155,535" oya="2" hai0="63,55,30,37,60,15,29,91,112,110,12,54,117" hai1="26,66,52,70,65,81,134,39,92,45,13,58,38" hai2="72,87,96,116,133,28,119,10,67,89,33,35,8" hai3="114,34,0,68,130,84,16,64,99,21,121,73,20"/><V111/><F72/><W56/><G121/><T120/><D112/><U17/><E26/><V74/><F74/><W32/><G73/><T106/><D120/><U27/><E27/><V100/><F133/><W98/><G68/><T50/><D106/><U83/><E70/><V48/><F111/><W19/><G0/><T41/><D110/><U42/><E38/><V40/><F67/><W18/><G114/><T95/><D37/><U131/><E131/><V4/><F10/><W5/><G5/><T128/><D117/><U75/><E134/><V51/><F116/><W113/><G113/><T107/><D107/><U69/><E92/><V22/><F22/><W62/><G130/><T90/><D128/><U6/><E6/><V77/><F77/><W47/><G47/><T76/><D95/><U104/><E104/><V23/><F23/><W86/><G34/><N who="2" m="12809" /><F28/><W79/><G32/><T36/><D36/><U1/><E1/><N who="2" m="15" /><F40/><W102/><G79/><T57/><D76/><U78/><E69/><V127/><F127/><W103/><G21/><T31/><D41/><U14/><E14/><V43/><F43/><W25/><G84/><T82/><D82/><U129/><E83/><N who="2" m="49407" /><F119/><W108/><G86/><T11/><D11/><N who="1" m="6335" /><E129/><V135/><F135/><W80/><G80/><T132/><D132/><U49/><E66/><V85/><F85/><W105/><G108/><T93/><D93/><AGARI ba="0,0" hai="16,18,19,20,25,56,62,64,93,98,99,102,103,105" machi="93" ten="30,2000,0" yaku="7,1,54,1" doraHai="126" who="3" fromWho="0" sc="65,-20,245,0,155,0,535,20" /><INIT seed="7,0,0,1,5,30" ten="45,245,155,555" oya="3" hai0="23,112,134,123,1,99,43,86,53,104,92,69,100" hai1="132,127,122,130,96,81,65,111,107,128,124,85,40" hai2="58,102,83,15,62,27,0,49,84,75,68,88,110" hai3="31,37,38,74,63,48,20,41,9,21,2,6,66"/><W114/><G114/><T4/><D53/><U60/><E122/><V46/><F110/><W72/><G48/><T129/><D23/><U119/><E111/><V71/><F0/><W42/><G31/><T24/><D92/><U131/><E119/><V115/><F115/><W8/><G2/><T120/><D86/><U101/><E40/><V133/><F133/><W18/><G18/><T117/><D24/><U89/><E132/><V70/><F75/><W10/><G63/><T11/><D4/><U28/><E28/><V77/><F102/><W54/><G54/><T47/><D47/><U3/><E3/><V113/><F113/><W103/><G66/><T26/><D26/><U39/><E39/><V34/><F15/><W121/><G121/><T67/><D11/><U59/><AGARI ba="0,0" hai="59,60,65,81,85,89,96,101,107,124,127,128,130,131" machi="59" ten="40,2700,0" yaku="0,1,19,1" doraHai="30" who="1" fromWho="1" sc="45,-7,245,27,155,-7,555,-13" owari="38,-46.0,272,7.0,148,-25.0,542,64.0" /></mjloggm>