<mjloggm ver="2.3"><GO type="97" lobby="0"/><UN n0="%E3%82%82%E3%82%81%E3%82%93%E3%81%AA%E3%81%A1%E3%82%83%E3%81%84" n1="%E5%B0%B1%E6%B4%BB%E7%94%9F%40%E5%B7%9D%E6%9D%91%E8%BB%8D%E5%9B%A3" n2="%EF%BC%BF%E7%BE%8E%E7%90%B4%EF%BC%BF" n3="%E3%83%8F%E3%83%8D%E3%83%A0%E3%83%BC%E3%83%B3%E2%98%85%E6%B2%B3%E7%AB%A5" dan="15,14,14,14" rate="2033.32,1980.11,1932.89,2051.97" sx="F,M,M,M"/><TAIKYOKU oya="0"/><INIT seed="0,0,0,4,5,110" ten="250,250,250,250" oya="0" hai0="23,46,0,70,97,13,130,69,20,62,112,10,36" hai1="21,123,128,54,5,116,105,129,42,125,84,15,91" hai2="59,87,17,88,58,57,99,22,29,79,28,94,71" hai3="24,135,103,82,108,45,47,51,67,75,133,120,107"/><T96/><D112/><U11/><E105/><V119/><F71/><W86/><G75/><T30/><D0/><U98/><E116/><V117/><F117/><W12/><G67/><T73/><D73/><U7/><E123/><V83/><REACH who="2" step="1"/><F119/><REACH who="2" ten="250,250,240,250" step="2"/><W50/><G120/><T72/><D70/><U64/><E129/><V111/><F111/><W27/><G108/><T1/><D69/><U61/><E128/><V16/><F16/><W19/><G19/><T121/><D130/><U81/><E5/><V52/><F52/><W77/><G133/><T101/><D121/><U66/><E42/><V85/><F85/><W132/><G135/><T124/><D72/><U114/><E114/><V115/><F115/><W25/><G132/><T2/><D30/><U44/><E54/><V53/><F53/><W55/><G55/><T122/><D122/><U56/><E64/><V6/><F6/><W18/><G47/><T26/><D46/><U35/><E44/><V89/><F89/><W34/><G45/><T113/><D113/><U95/><E7/><V92/><F92/><W90/><G90/><T93/><D62/><U127/><E61/><V65/><F65/><W80/><G80/><T76/><D93/><U32/><E95/><V48/><F48/><W3/><G51/><T63/><D63/><U31/><E66/><V9/><F9/><N who="3" m="6415" /><G50/><T39/><D10/><U126/><E84/><V49/><F49/><W100/><G107/><T43/><D43/><U8/><E91/><V106/><F106/><W40/><G40/><T104/><D104/><U14/><E81/><V41/><F41/><RYUUKYOKU ba="0,1" sc="250,-10,250,-10,240,30,250,-10" hai2="17,22,28,29,57,58,59,79,83,87,88,94,99" /><INIT seed="1,1,1,1,5,83" ten="240,240,270,240" oya="1" hai0="130,81,58,118,88,70,32,23,105,125,43,101,122" hai1="74,69,79,120,25,57,93,64,104,132,55,113,98" hai2="9,37,44,59,15,133,38,20,108,107,12,112,72" hai3="5,71,29,24,116,82,99,27,134,117,115,109,17"/><U124/><E120/><V39/><F72/><W66/><G115/><T19/><D32/><U56/><E113/><V46/><F107/><W103/><G5/><T49/><D70/><U21/><E104/><V127/><F112/><W129/><G129/><T13/><D118/><N who="3" m="45673" /><G109/><T97/><D125/><U102/><E124/><V63/><F127/><W106/><G134/><T68/><D68/><U26/><E132/><V16/><F133/><W89/><G17/><T60/><D130/><U30/><E25/><V76/><F76/><W131/><G131/><T54/><D122/><U31/><E31/><V47/><F108/><W11/><G11/><T85/><REACH who="0" step="1"/><D43/><REACH who="0" ten="230,240,270,240" step="2"/><U94/><E69/><V34/><F34/><W42/><G42/><T61/><AGARI ba="1,2" hai="13,19,23,49,54,58,60,61,81,85,88,97,101,105" machi="61" ten="30,8000,1" yaku="1,1,2,1,0,1,52,1,54,1,53,0" doraHai="83" doraHaiUra="33" who="0" fromWho="0" sc="230,103,240,-41,270,-21,240,-21" /><INIT seed="2,0,0,5,4,43" ten="333,199,249,219" oya="2" hai0="100,47,89,93,16,74,99,86,131,98,51,129,38" hai1="65,24,31,30,91,45,40,92,15,21,61,2,82" hai2="27,79,127,3,96,124,102,22,60,123,130,116,94" hai3="13,66,58,9,104,107,122,29,0,62,32,84,126"/><V14/><F3/><W25/><G122/><T57/><D74/><U11/><E2/><V64/><F123/><W69/><G126/><T113/><D113/><U114/><E114/><V72/><F14/><W85/><G0/><T101/><D38/><U23/><E82/><V73/><F116/><W52/><G104/><T81/><D57/><U88/><E23/><V118/><F118/><W97/><G97/><T49/><D16/><U46/><E31/><V111/><F130/><N who="0" m="49674" /><D47/><N who="1" m="17931" /><E40/><V37/><F37/><W19/><REACH who="3" step="1"/><G107/><AGARI ba="0,0" hai="49,51,81,86,89,93,98,99,100,101,107" m="49674" machi="107" ten="30,1000,0" yaku="19,1" doraHai="43" who="0" fromWho="3" sc="333,10,199,0,249,0,219,-10" /><INIT seed="3,0,0,5,4,130" ten="343,199,249,209" oya="3" hai0="131,113,41,103,7,122,42,59,14,121,89,64,108" hai1="123,109,81,65,62,129,29,126,31,12,87,112,10" hai2="49,72,101,104,84,4,28,117,45,77,43,33,97" hai3="124,34,70,6,11,0,83,32,75,63,114,111,88"/><W1/><G114/><T71/><D59/><N who="1" m="37087" /><E123/><V61/><F4/><W99/><G124/><T13/><D14/><U118/><E112/><V94/><F61/><W102/><G111/><T60/><D42/><U66/><E109/><V36/><F28/><N who="1" m="10825" /><E126/><V90/><F33/><W134/><G134/><T67/><D103/><U106/><E106/><V18/><F18/><W120/><G120/><T119/><D89/><N who="1" m="51439" /><E129/><V86/><F86/><W37/><G102/><T132/><D41/><U100/><E118/><V27/><F117/><W95/><G1/><T57/><D57/><U52/><E100/><V110/><F110/><W39/><G37/><T92/><D7/><N who="1" m="3167" /><E52/><V127/><F27/><W19/><G39/><T3/><D60/><U21/><E21/><V26/><F26/><W74/><G74/><T9/><D9/><U23/><E23/><V2/><F2/><W133/><G133/><T48/><D48/><U91/><E91/><V53/><F127/><W55/><G19/><T17/><D17/><U38/><E38/><V115/><F115/><W128/><G128/><T76/><D76/><U40/><E40/><V116/><F116/><W56/><REACH who="3" step="1"/><G70/><REACH who="3" ten="343,199,249,199" step="2"/><T15/><D71/><U20/><E20/><V105/><F36/><W69/><G69/><T16/><D16/><U73/><E73/><V98/><F72/><W125/><G125/><T96/><D132/><U25/><E25/><V54/><F101/><W82/><G82/><T80/><D80/><U58/><E58/><V93/><F45/><W50/><G50/><T47/><D47/><U22/><E22/><V46/><F49/><RYUUKYOKU ba="0,1" sc="343,-15,199,15,249,-15,199,15" hai1="66" hai3="0,6,11,32,34,55,56,63,75,83,88,95,99" /><INIT seed="3,1,1,4,0,43" ten="328,214,234,214" oya="3" hai0="133,47,109,130,117,7,33,79,126,70,56,27,105" hai1="31,80,59,88,110,41,67,111,3,55,129,131,63" hai2="2,45,53,95,4,62,28,107,113,104,21,86,32" hai3="40,22,15,119,49,74,65,85,100,9,10,12,78"/><W5/><G119/><T30/><D70/><U93/><E3/><V135/><F104/><W16/><G74/><T36/><D133/><U8/><E41/><V89/><F107/><W42/><G100/><T123/><D7/><U125/><E125/><V34/><F113/><W58/><G22/><T115/><D130/><N who="1" m="49675" /><E31/><V71/><F2/><W52/><G65/><T124/><D56/><N who="1" m="37351" /><E80/><AGARI ba="1,1" hai="5,9,10,12,15,16,40,42,49,52,58,78,80,85" machi="80" ten="40,7700,0" yaku="8,1,54,2" doraHai="43" who="3" fromWho="1" sc="328,0,214,-80,234,0,214,90" /><INIT seed="3,2,0,2,3,91" ten="328,134,234,304" oya="3" hai0="109,56,130,108,20,57,5,85,52,123,97,72,81" hai1="38,66,34,14,63,112,89,86,125,22,24,29,94" hai2="2,128,80,135,95,118,124,26,102,70,67,12,69" hai3="73,6,107,35,103,0,111,119,120,77,39,127,83"/><W122/><RYUUKYOKU type="yao9" ba="2,0" sc="328,0,134,0,234,0,304,0" hai3="0,6,35,39,73,77,83,103,107,111,119,120,122,127" /><INIT seed="3,3,0,3,2,22" ten="328,134,234,304" oya="3" hai0="131,70,93,23,40,83,54,1,19,77,122,128,63" hai1="30,26,35,36,132,124,110,62,42,24,9,10,29" hai2="3,107,115,133,65,66,108,112,84,89,81,82,57" hai3="71,31,134,14,2,98,38,0,59,50,15,102,67"/><W58/><G38/><T49/><D122/><U135/><E36/><V99/><F3/><W104/><G134/><N who="1" m="51242" /><E42/><V76/><F57/><W20/><G71/><T119/><D1/><U41/><E41/><V47/><F47/><W7/><G2/><T39/><D119/><U28/><E62/><V97/><F65/><W11/><G67/><T64/><D93/><U92/><E92/><V101/><F66/><W16/><G31/><N who="1" m="11850" /><E124/><V8/><F8/><N who="1" m="3177" /><E26/><V114/><F133/><W17/><G50/><T48/><D49/><U94/><E94/><V126/><F126/><W56/><REACH who="3" step="1"/><G0/><REACH who="3" ten="328,134,234,294" step="2"/><T90/><D39/><U121/><E121/><V37/><F37/><W79/><G79/><T91/><D48/><U60/><E60/><V127/><F127/><W117/><G117/><T34/><D63/><U53/><E53/><V18/><F18/><AGARI ba="3,1" hai="7,11,14,15,16,17,18,20,56,58,59,98,102,104" machi="18" ten="40,7700,0" yaku="1,1,54,1,53,1" doraHai="22" doraHaiUra="6" who="3" fromWho="2" sc="328,0,134,0,234,-86,294,96" owari="328,13.0,134,-37.0,148,-25.0,390,49.0" /></mjloggm>