<mjloggm ver="2.3"><GO type="41" lobby="0"/><UN n0="%75%69%6F%70" n1="%E6%9D%B1%E6%B5%B7%E4%B8%AD%E9%80%80" n2="%E5%B0%B1%E6%B4%BB%E7%94%9F%40%E5%B7%9D%E6%9D%91%E8%BB%8D%E5%9B%A3" n3="%79%61%6D%61%6D%6F%33%34" dan="16,14,14,14" rate="1994.59,1961.15,1962.87,1871.65" sx="M,M,M,M"/><TAIKYOKU oya="0"/><INIT seed="0,0,0,4,1,87" ten="250,250,250,250" oya="0" hai0="43,36,42,81,66,30,2,19,103,47,88,34,69" hai1="126,120,72,130,27,96,127,86,16,32,128,63,97" hai2="125,31,44,118,110,1,57,11,105,6,75,92,114" hai3="52,100,62,33,53,40,22,59,116,56,3,4,5"/><T17/><D2/><U104/><E120/><V61/><F105/><W133/><G33/><T89/><D43/><U111/><E72/><V98/><F75/><W117/><G133/><T101/><D34/><U112/><E32/><V48/><F114/><W67/><G40/><T49/><D30/><U83/><E63/><V84/><F118/><W122/><G67/><T60/><D81/><U23/><E111/><V107/><F107/><W10/><G5/><T123/><D123/><U55/><E55/><V50/><F110/><W106/><G122/><T13/><D19/><U109/><E109/><V26/><F84/><W37/><G37/><T70/><D70/><U15/><E15/><V7/><F7/><W121/><G121/><T78/><D78/><U28/><E28/><V73/><F73/><W9/><G9/><T21/><REACH who="0" step="1"/><D36/><REACH who="0" ten="240,250,250,250" step="2"/><U29/><E29/><V76/><F76/><W94/><G117/><T45/><D45/><U74/><E112/><V102/><F44/><W124/><G116/><T129/><D129/><N who="1" m="49771" /><E74/><V51/><F31/><W20/><G124/><N who="1" m="47658" /><E104/><V85/><F125/><W132/><G3/><T46/><D46/><U115/><E115/><V58/><F1/><W135/><G4/><T90/><AGARI ba="0,1" hai="13,17,21,42,47,49,60,66,69,88,89,90,101,103" machi="90" ten="30,18000,2" yaku="1,1,0,1,52,3,54,1,53,0" doraHai="87" doraHaiUra="24" who="0" fromWho="0" sc="240,190,250,-60,250,-60,250,-60" /><INIT seed="0,1,0,5,2,20" ten="430,190,190,190" oya="0" hai0="38,6,79,30,9,113,117,8,103,16,1,119,55" hai1="93,41,22,108,97,81,33,75,11,25,121,76,86" hai2="91,74,92,35,62,0,4,24,60,112,63,67,94" hai3="21,15,102,78,31,132,134,27,99,39,28,87,88"/><T84/><D113/><U65/><E33/><V101/><F74/><W69/><G39/><T73/><D73/><U124/><E121/><V95/><F112/><W72/><G69/><T105/><D38/><U104/><E108/><V17/><F101/><W115/><G115/><T52/><D30/><U111/><E111/><V127/><F127/><W40/><G40/><T123/><D123/><U109/><E109/><V90/><F67/><W14/><G31/><T53/><D105/><U2/><E124/><V128/><F128/><W61/><G61/><T7/><D103/><U54/><E41/><V23/><REACH who="2" step="1"/><F35/><REACH who="2" ten="430,190,180,190" step="2"/><W3/><G72/><T89/><D119/><U68/><E75/><V135/><F135/><N who="3" m="51755" /><G78/><T133/><D79/><U125/><E125/><V42/><F42/><W82/><G3/><T10/><D117/><U58/><E65/><V100/><F100/><W56/><G56/><T71/><D71/><U130/><E130/><V131/><F131/><W126/><G126/><T13/><D133/><U51/><E68/><V49/><F49/><W47/><G47/><T29/><D1/><U26/><E104/><AGARI ba="1,1" hai="14,15,21,27,28,82,87,88,99,102,104" m="51755" machi="104" ten="30,3900,0" yaku="20,1,52,1,54,1" doraHai="20" who="3" fromWho="1" sc="430,0,190,-42,180,0,190,52" /><INIT seed="1,0,0,2,1,16" ten="430,148,180,242" oya="1" hai0="70,111,124,102,33,126,35,23,5,49,128,26,85" hai1="120,61,64,58,62,123,50,38,117,14,45,30,106" hai2="60,87,51,2,20,40,53,101,114,74,56,12,130" hai3="115,3,134,57,129,13,108,65,19,47,96,118,69"/><U59/><E106/><V90/><F2/><W46/><G3/><T7/><D111/><U95/><E117/><V72/><F114/><W91/><G69/><T94/><D70/><U55/><E30/><V27/><F130/><W17/><G115/><T81/><D128/><U132/><E14/><V21/><F101/><W18/><G108/><T10/><D49/><U127/><E95/><V44/><F12/><W121/><G121/><T29/><D102/><U110/><E110/><V89/><F89/><W86/><G96/><T76/><D94/><U135/><E127/><N who="0" m="48681" /><D7/><U112/><E38/><V133/><F133/><W66/><G134/><N who="1" m="51242" /><E112/><V93/><REACH who="2" step="1"/><F21/><REACH who="2" ten="430,148,170,242" step="2"/><W109/><G129/><T83/><D81/><U75/><E75/><V6/><F6/><W4/><G109/><T92/><D92/><U31/><E31/><AGARI ba="0,1" hai="20,27,31,40,44,51,53,56,60,72,74,87,90,93" machi="31" ten="30,3900,0" yaku="1,1,7,1,52,1,53,0" doraHai="16" doraHaiUra="79" who="2" fromWho="1" sc="430,0,148,-39,170,49,242,0" /><INIT seed="2,0,0,3,3,15" ten="430,109,219,242" oya="2" hai0="122,27,135,129,63,38,53,94,100,81,77,130,37" hai1="16,97,104,25,19,9,34,8,11,35,7,78,13" hai2="51,57,79,113,105,49,32,39,64,12,50,10,70" hai3="0,22,41,61,127,124,91,42,30,96,75,72,132"/><V99/><F113/><W43/><G0/><T46/><D122/><U85/><E104/><V23/><F32/><N who="1" m="12329" /><E97/><V111/><F39/><W128/><G132/><T60/><D135/><U1/><E85/><V21/><F111/><W58/><G128/><T73/><D27/><U66/><E66/><V29/><F79/><W24/><G91/><T133/><D133/><U92/><E92/><V108/><F108/><W102/><G124/><T68/><D68/><U126/><E78/><V95/><F105/><W88/><G88/><T33/><D38/><U59/><E59/><V65/><F70/><W123/><G127/><T2/><D33/><U103/><E103/><N who="2" m="60927" /><F29/><W47/><G123/><T36/><D36/><U107/><E107/><V106/><F106/><W62/><G47/><T121/><D37/><U112/><E126/><V93/><F93/><W131/><G131/><T90/><D100/><U74/><E74/><V26/><F26/><W98/><G102/><T80/><D130/><U71/><E71/><V55/><F65/><W84/><G84/><T82/><D73/><U4/><E112/><V44/><F64/><W119/><G75/><T5/><D77/><U101/><E101/><V17/><F50/><W116/><G72/><T114/><D129/><U3/><E25/><V125/><F125/><W76/><G76/><T54/><D114/><U48/><E48/><V28/><F28/><W40/><N who="3" m="10752" /><DORA hai="20" /><W56/><G119/><T69/><D69/><U134/><E134/><V83/><F83/><W31/><G31/><T86/><D82/><U52/><E52/><AGARI ba="0,0" hai="10,12,17,21,23,44,49,51,52,55,57" m="60927" machi="52" ten="30,5800,0" yaku="8,1,52,1,54,1" doraHai="15,20" who="2" fromWho="1" sc="430,0,109,-58,219,58,242,0" /><INIT seed="2,1,0,3,5,131" ten="430,51,277,242" oya="2" hai0="98,46,18,0,1,86,84,66,112,62,14,106,85" hai1="93,67,72,11,49,80,68,20,117,5,135,13,22" hai2="97,53,12,124,119,103,82,40,54,34,6,94,134" hai3="127,78,104,55,9,95,8,35,59,108,100,77,69"/><V32/><F119/><W128/><G69/><T129/><D112/><U83/><E117/><V126/><F40/><W43/><G35/><N who="2" m="13353" /><F82/><W61/><G104/><T92/><D106/><U101/><E49/><V2/><F2/><W58/><G43/><T37/><D46/><U109/><E109/><V47/><F47/><W29/><G29/><T38/><D1/><U107/><E107/><V31/><F31/><W70/><G70/><T65/><D0/><U3/><E135/><V17/><F6/><W123/><G123/><T90/><D129/><U89/><E101/><V120/><F120/><W50/><G128/><T116/><D116/><U110/><E110/><V57/><F57/><W25/><G25/><T21/><REACH who="0" step="1"/><D66/><REACH who="0" ten="420,51,277,242" step="2"/><U64/><E3/><V74/><F134/><W52/><G108/><T56/><AGARI ba="1,1" hai="14,18,21,37,38,56,62,65,84,85,86,90,92,98" machi="56" ten="30,4000,0" yaku="1,1,2,1,0,1,53,0" doraHai="131" doraHaiUra="41" who="0" fromWho="0" sc="420,53,51,-11,277,-21,242,-11" /><INIT seed="3,0,0,1,1,39" ten="473,40,256,231" oya="3" hai0="118,103,5,44,89,32,47,6,133,127,132,1,126" hai1="49,105,14,51,88,28,46,130,19,81,109,92,112" hai2="25,87,7,124,108,65,106,91,59,62,64,84,42" hai3="48,27,114,68,31,74,21,110,56,55,63,53,85"/><W80/><G74/><T97/><D32/><U17/><E105/><V22/><F106/><W52/><G68/><T125/><D89/><U43/><E112/><V0/><F108/><W122/><G110/><T16/><D118/><U83/><E130/><V70/><F124/><W69/><G69/><T90/><D90/><U37/><E109/><V75/><F75/><W93/><G93/><T36/><D36/><U101/><E37/><V119/><F119/><W98/><G98/><T76/><D76/><U79/><E28/><V95/><F64/><W120/><G55/><T58/><D58/><U8/><E101/><V117/><F117/><W135/><G135/><N who="0" m="51787" /><D16/><N who="1" m="8263" /><E51/><V26/><F26/><W77/><REACH who="3" step="1"/><G114/><REACH who="3" ten="473,40,256,221" step="2"/><T54/><D54/><U102/><E102/><V38/><F70/><W99/><G99/><T66/><D66/><U40/><E40/><V35/><F42/><W128/><G128/><T23/><D97/><N who="1" m="57479" /><E83/><V72/><F72/><W73/><G73/><T78/><D103/><U134/><E134/><V71/><F71/><W10/><G10/><T29/><D127/><U41/><E41/><V94/><F94/><W100/><G100/><T67/><D126/><U60/><E60/><V24/><F62/><W34/><G34/><T2/><D125/><U45/><E45/><AGARI ba="0,1" hai="21,27,31,45,48,52,53,56,63,77,80,85,120,122" machi="45" ten="30,11600,0" yaku="1,1,7,1,54,1,53,1" doraHai="39" doraHaiUra="20" who="3" fromWho="1" sc="473,0,40,-116,256,0,221,126" owari="473,57.0,-76,-58.0,256,-14.0,347,15.0" /></mjloggm>