<mjloggm ver="2.3"><GO type="97" lobby="0"/><UN n0="%E3%81%82%E3%81%96%E3%81%A8%E3%81%99" n1="%E5%B0%B1%E6%B4%BB%E7%94%9F%40%E5%B7%9D%E6%9D%91%E8%BB%8D%E5%9B%A3" n2="%41%6D%65%74%68%75%73" n3="%E3%83%9C%E3%83%B3%E3%83%89" dan="16,15,15,13" rate="2068.79,2029.37,2014.92,1812.91" sx="M,M,M,M"/><TAIKYOKU oya="0"/><INIT seed="0,0,0,0,1,45" ten="250,250,250,250" oya="0" hai0="113,6,100,97,74,25,107,36,129,75,4,90,10" hai1="77,34,27,127,64,114,31,33,35,18,5,130,53" hai2="52,115,92,1,118,111,60,95,135,71,99,39,21" hai3="20,132,16,94,134,40,65,81,125,104,122,110,15"/><T123/><D113/><U76/><E114/><V85/><F115/><W14/><G104/><T131/><D123/><U42/><E130/><N who="0" m="49673" /><D36/><U32/><E127/><V51/><F39/><W78/><G125/><T101/><D101/><U73/><E73/><V44/><F1/><W7/><G122/><T13/><D25/><U120/><E120/><V66/><F111/><W43/><G110/><T124/><D124/><U86/><E5/><N who="0" m="2153" /><D90/><U46/><E64/><V24/><F118/><W26/><G65/><T17/><AGARI ba="0,0" hai="10,13,17,74,75,97,100,107" m="2153,49673" machi="17" ten="30,1500,0" yaku="19,1" doraHai="45" who="0" fromWho="0" sc="250,15,250,-5,250,-5,250,-5" /><INIT seed="0,1,0,1,4,116" ten="265,245,245,245" oya="0" hai0="121,131,30,76,80,21,39,32,9,115,127,128,63" hai1="31,56,41,106,95,70,89,72,18,73,49,16,36" hai2="5,92,71,110,98,17,0,35,28,59,103,19,102" hai3="22,24,101,69,45,66,61,75,118,51,87,47,123"/><T46/><D115/><U43/><E106/><V111/><F71/><W34/><G75/><T117/><D117/><U83/><E70/><V29/><F59/><W64/><G118/><T67/><D32/><U38/><E31/><N who="2" m="11851" /><F102/><W6/><G34/><T68/><D9/><U27/><E83/><V13/><F0/><W8/><G66/><T77/><D127/><U44/><E56/><V14/><F35/><W88/><G101/><T11/><D11/><U53/><E27/><V134/><F134/><W135/><G135/><T120/><D30/><U33/><E33/><V99/><F99/><W12/><G22/><T97/><D97/><U65/><E65/><V25/><F5/><W112/><G24/><T26/><D26/><U119/><E119/><V81/><F81/><W37/><G112/><T2/><D21/><U90/><E95/><V60/><F60/><W114/><G37/><T94/><D94/><U62/><E62/><V48/><F48/><W130/><G114/><T52/><D2/><U78/><E49/><V86/><F86/><W104/><G104/><T4/><D4/><U122/><E122/><V113/><F113/><W1/><G123/><N who="0" m="47179" /><D80/><U129/><E44/><V96/><F96/><W55/><G1/><T91/><D91/><U74/><E74/><V54/><F25/><W107/><G107/><T125/><D125/><U100/><E100/><V124/><F124/><W57/><G130/><N who="0" m="49707" /><D39/><U10/><E129/><V132/><F132/><W105/><G105/><T109/><D109/><N who="2" m="41482" /><F14/><W126/><G126/><T108/><D108/><U42/><E38/><V79/><F13/><RYUUKYOKU ba="1,0" sc="265,15,245,-15,245,-15,245,15" hai0="46,52,63,67,68,76,77" hai3="6,8,12,45,47,51,55,57,61,64,69,87,88" /><INIT seed="0,2,0,5,4,124" ten="280,230,230,260" oya="0" hai0="91,7,78,4,11,74,82,20,123,6,12,118,135" hai1="23,1,86,107,8,22,16,61,15,81,99,30,109" hai2="92,68,103,58,128,59,73,76,100,41,111,88,35" hai3="33,0,56,29,60,83,98,5,43,96,121,119,50"/><T117/><D123/><U67/><E109/><V104/><F68/><W130/><G121/><T28/><D135/><U2/><E107/><V37/><F35/><W49/><G119/><T114/><D114/><U102/><E102/><V80/><F111/><W116/><G116/><T84/><D118/><U105/><E105/><V133/><F133/><W110/><G110/><T39/><D39/><U113/><E113/><V54/><F128/><W19/><G130/><T36/><D36/><U95/><E95/><V31/><F31/><W115/><G115/><T45/><D45/><U66/><E99/><V3/><F3/><W13/><G29/><T21/><D117/><U57/><E67/><V53/><F59/><W65/><G33/><T71/><D71/><U55/><E66/><V131/><F131/><W129/><G129/><T42/><D42/><U18/><E30/><V90/><F90/><W106/><G5/><T120/><D120/><U125/><E125/><V72/><F72/><W70/><G0/><T47/><D47/><U93/><E93/><V94/><F94/><W44/><G106/><T85/><D74/><U101/><E101/><N who="2" m="38987" /><F58/><W77/><G50/><T10/><D28/><U127/><E127/><V112/><F104/><W63/><G63/><T69/><D69/><U24/><E8/><N who="0" m="3113" /><D12/><U46/><E46/><N who="2" m="23855" /><F112/><W132/><G70/><T51/><D51/><U17/><E17/><V32/><F32/><W34/><G34/><T27/><D27/><U62/><E62/><V75/><F75/><N who="3" m="43455" /><G132/><T79/><D79/><AGARI ba="2,0" hai="1,2,15,16,18,22,23,24,55,57,61,79,81,86" machi="79" ten="30,2000,0" yaku="7,1,54,1" doraHai="124" who="1" fromWho="0" sc="280,-26,230,26,230,0,260,0" /><INIT seed="1,0,0,4,4,0" ten="254,256,230,260" oya="1" hai0="14,92,3,38,80,113,129,84,60,30,106,78,73" hai1="103,48,97,41,37,57,19,12,68,77,99,85,124" hai2="117,27,6,52,46,44,67,13,69,26,116,122,70" hai3="115,114,11,100,34,17,47,29,89,18,123,121,5"/><U36/><E68/><V4/><F13/><N who="3" m="5359" /><G100/><T94/><D3/><U25/><E124/><V65/><REACH who="2" step="1"/><F52/><REACH who="2" ten="254,256,220,260" step="2"/><W109/><G47/><T81/><D14/><U125/><E125/><V28/><F28/><W72/><G72/><T8/><D30/><U119/><E119/><V31/><F31/><W50/><G50/><T82/><D73/><U22/><E36/><V39/><F39/><W7/><G89/><T54/><D38/><U98/><E37/><V130/><F130/><W131/><G131/><T63/><D129/><U35/><E35/><V104/><F104/><W107/><G107/><T101/><D106/><U88/><E77/><V42/><F42/><W15/><G109/><T128/><D78/><U2/><E2/><V49/><F49/><W43/><G43/><T127/><D127/><U93/><E12/><V51/><F51/><W71/><G29/><T32/><D32/><U83/><E41/><V16/><F16/><N who="3" m="6251" /><G34/><T96/><D128/><U126/><E126/><V64/><F64/><W112/><G71/><T87/><D54/><AGARI ba="0,1" hai="19,22,25,48,54,57,83,85,88,93,97,98,99,103" machi="54" ten="40,3900,0" yaku="8,1,54,1" doraHai="0" who="1" fromWho="0" sc="254,-39,256,49,220,0,260,0" /><INIT seed="1,1,0,1,3,54" ten="215,305,220,260" oya="1" hai0="40,84,27,125,93,13,7,51,82,63,26,83,98" hai1="0,135,25,76,37,47,89,45,118,14,123,15,31" hai2="39,73,110,132,12,43,78,18,122,49,55,75,129" hai3="99,70,108,35,80,74,21,24,36,124,101,120,69"/><U11/><E118/><V86/><F122/><W62/><G36/><T106/><D106/><U57/><E123/><V3/><F3/><W104/><G120/><T112/><D112/><U87/><E0/><V72/><F110/><W128/><G21/><T61/><D125/><U85/><E37/><V60/><F132/><W100/><G124/><T8/><D63/><U133/><E76/><V79/><F129/><W38/><G101/><T113/><D113/><U116/><E116/><V95/><F60/><W130/><G38/><T10/><D10/><U1/><E1/><V88/><F43/><W64/><G70/><T71/><D61/><U107/><E107/><V131/><F131/><W67/><G67/><T134/><D71/><U66/><E31/><V90/><F90/><W119/><G119/><T126/><D134/><N who="1" m="51211" /><E25/><V68/><F39/><W105/><G105/><T94/><D126/><U65/><E87/><V17/><F68/><W32/><G108/><T121/><D121/><U33/><E33/><V91/><F91/><W59/><G59/><T2/><D2/><U6/><E15/><V103/><F103/><W20/><G32/><T115/><D115/><U111/><E111/><V96/><F96/><W23/><G20/><T97/><D97/><U53/><E66/><V34/><F34/><W9/><G23/><T46/><D98/><U19/><E65/><V52/><F12/><W102/><G9/><T127/><D127/><U44/><E6/><V77/><REACH who="2" step="1"/><F55/><REACH who="2" ten="215,305,210,260" step="2"/><W56/><G100/><T30/><D40/><U81/><E53/><V5/><F5/><W42/><G42/><RYUUKYOKU ba="1,1" sc="215,-15,305,15,210,15,260,-15" hai1="11,14,19,44,45,47,57,81,85,89" hai2="17,18,49,52,72,73,75,77,78,79,86,88,95" /><INIT seed="1,2,1,1,5,41" ten="200,320,225,245" oya="1" hai0="133,89,111,37,57,42,46,105,64,18,112,126,122" hai1="67,101,110,65,87,128,44,26,86,97,93,40,63" hai2="16,28,45,25,78,90,80,114,81,31,92,0,116" hai3="123,47,127,119,76,61,33,100,108,88,113,48,51"/><U55/><E128/><V19/><F0/><W10/><G33/><T56/><D112/><U135/><E135/><V59/><F116/><W9/><G113/><T134/><D105/><U60/><E110/><V22/><F114/><W103/><G123/><T74/><D74/><U72/><E72/><V106/><F106/><W54/><G119/><T121/><D111/><U12/><E26/><V131/><F131/><W117/><G108/><T6/><D6/><U83/><E12/><V5/><F5/><W71/><G117/><T50/><D89/><U8/><E8/><N who="3" m="3178" /><G71/><T125/><D18/><N who="2" m="6698" /><F59/><N who="0" m="22602" /><D64/><N who="1" m="24651" /><E40/><V62/><F62/><N who="1" m="23593" /><E83/><N who="2" m="31819" /><F78/><W17/><G61/><T3/><D3/><U73/><E73/><V84/><F31/><W118/><G76/><T129/><D129/><U58/><E58/><V1/><F1/><W32/><G32/><T24/><D24/><U120/><E120/><N who="0" m="46185" /><D37/><U15/><E15/><V43/><F43/><N who="3" m="24703" /><G127/><AGARI ba="2,1" hai="42,46,50,125,126,127,133,134" m="46185,22602" machi="127" ten="40,8000,1" yaku="18,1,13,1,34,2,52,1" doraHai="41" who="0" fromWho="3" sc="200,96,320,0,225,0,245,-86" /><INIT seed="2,0,0,3,5,71" ten="296,320,225,159" oya="2" hai0="0,36,7,26,32,12,81,74,133,109,123,84,3" hai1="130,66,57,67,85,124,17,92,103,107,126,122,100" hai2="98,94,95,59,6,15,38,13,82,112,93,72,87" hai3="37,108,21,55,104,111,27,68,91,47,64,43,54"/><V14/><F112/><W52/><G104/><T101/><D123/><U117/><E117/><V10/><F72/><W8/><G8/><T25/><D74/><U29/><E130/><V132/><F132/><W76/><G76/><T31/><D26/><U78/><E107/><V121/><F121/><W41/><G91/><T128/><D101/><N who="1" m="38987" /><E122/><V89/><F38/><N who="3" m="21943" /><G21/><T58/><D36/><U42/><E42/><V51/><F98/><W18/><G18/><T50/><D109/><N who="3" m="42057" /><G27/><T49/><D128/><U62/><E29/><V96/><F96/><W56/><G68/><T39/><D133/><U105/><E105/><V20/><F20/><W46/><G64/><T135/><D25/><U16/><E67/><V73/><F73/><W125/><G125/><N who="1" m="48234" /><E78/><V69/><F69/><W79/><G79/><T118/><D31/><U35/><E35/><V24/><F24/><W119/><G119/><T70/><D32/><U80/><E80/><V45/><REACH who="2" step="1"/><F59/><AGARI ba="0,0" hai="37,43,46,52,54,55,56,59" m="42057,21943" machi="59" ten="30,12000,2" yaku="14,1,34,2,52,2,54,1" doraHai="71" who="3" fromWho="2" sc="296,0,320,0,225,-120,159,120" /><INIT seed="3,0,0,1,5,29" ten="296,320,105,279" oya="3" hai0="114,82,30,119,104,66,15,125,25,40,61,95,77" hai1="73,84,80,115,1,92,71,17,52,62,11,107,132" hai2="88,19,110,109,134,83,100,22,5,3,121,9,89" hai3="56,72,10,13,63,123,54,38,58,42,50,6,129"/><W44/><G123/><T108/><D104/><U48/><E107/><V45/><F121/><W34/><G129/><T101/><D119/><U0/><E115/><V126/><F100/><W124/><G124/><T68/><D125/><U60/><E73/><V117/><F117/><W12/><G72/><T87/><D108/><U55/><E71/><V103/><F126/><W112/><G112/><T122/><D122/><U67/><E0/><V23/><F134/><W53/><REACH who="3" step="1"/><G34/><REACH who="3" ten="296,320,105,269" step="2"/><T127/><D127/><U120/><E120/><V24/><F103/><W105/><G105/><T128/><D128/><U86/><E132/><V74/><F45/><W31/><G31/><T97/><D114/><U47/><E1/><AGARI ba="0,1" hai="1,6,10,12,13,38,42,44,50,53,54,56,58,63" machi="1" ten="30,5800,0" yaku="1,1,7,1,53,1" doraHai="29" doraHaiUra="43" who="3" fromWho="1" sc="296,0,320,-58,105,0,269,68" owari="296,10.0,262,-14.0,105,-39.0,337,43.0" /></mjloggm>