<mjloggm ver="2.3"><GO type="41" lobby="0"/><UN n0="%E3%81%9F%E3%81%AA%E3%81%97%E3%82%85%E3%81%86" n1="%E4%BA%80%E6%AC%A1%E9%83%8E" n2="%E3%83%89%E3%83%A9%E3%82%A4%E8%A3%8F" n3="%E3%83%88%E3%83%88%E3%83%AA%E5%85%88%E7%94%9F%31%39%E6%AD%B3" dan="14,13,13,14" rate="1915.80,1838.54,1811.04,2022.39" sx="M,M,M,F"/><TAIKYOKU oya="0"/><INIT seed="0,0,0,1,5,30" ten="250,250,250,250" oya="0" hai0="49,70,47,73,100,41,87,24,35,14,50,68,45" hai1="59,127,22,104,101,113,86,62,66,8,13,117,77" hai2="88,28,135,95,128,85,12,112,38,133,124,71,2" hai3="58,61,134,56,130,67,60,25,37,109,36,125,131"/><T105/><D73/><U33/><E113/><V98/><F2/><W97/><G97/><T72/><D72/><U81/><E127/><V46/><F124/><W21/><G125/><T17/><D105/><U103/><E117/><V107/><F71/><W16/><G109/><T10/><D100/><U79/><E104/><V26/><F128/><N who="3" m="49195" /><G134/><T51/><D87/><U9/><E33/><N who="2" m="20631" /><F112/><W63/><G63/><T42/><D51/><U23/><E77/><V118/><F118/><W3/><G3/><T65/><REACH who="0" step="1"/><D65/><AGARI ba="0,0" hai="16,21,25,36,37,56,58,60,61,65,67" m="49195" machi="65" ten="30,2000,0" yaku="19,1,54,1" doraHai="30" who="3" fromWho="0" sc="250,-20,250,0,250,0,250,20" /><INIT seed="1,0,0,3,4,51" ten="230,250,250,270" oya="1" hai0="56,52,32,108,74,104,64,50,40,59,114,38,37" hai1="97,125,80,71,34,79,67,132,81,7,19,33,2" hai2="3,129,128,113,4,8,123,61,39,11,76,99,27" hai3="127,96,54,110,49,93,105,47,82,22,18,5,0"/><U106/><E132/><V83/><F39/><N who="0" m="14858" /><D32/><U53/><E125/><V29/><F61/><W69/><G127/><T48/><D74/><U43/><E43/><V31/><F99/><W15/><G110/><T41/><D104/><U124/><E124/><V98/><F98/><W55/><G105/><T20/><D20/><U24/><E19/><V135/><F123/><W118/><G69/><T112/><D108/><U58/><E24/><V68/><F68/><W87/><G118/><T6/><D6/><U92/><E106/><V101/><F101/><N who="3" m="60559" /><G0/><T120/><D120/><U75/><E81/><V119/><F135/><W122/><G5/><T12/><D12/><U131/><E131/><N who="2" m="50251" /><F83/><W100/><G100/><T111/><D111/><U103/><E71/><V126/><F76/><N who="3" m="46535" /><G122/><T17/><D17/><U91/><E67/><V63/><F63/><W16/><G18/><T26/><D26/><U13/><E2/><N who="2" m="23" /><F126/><W95/><G95/><T102/><D102/><U9/><REACH who="1" step="1"/><E103/><REACH who="1" ten="230,240,250,270" step="2"/><V65/><F119/><W23/><G23/><T21/><D64/><U133/><E133/><V85/><F65/><W78/><G78/><T117/><D117/><U10/><E10/><V62/><F27/><W89/><G89/><T25/><D25/><U45/><E45/><V134/><F11/><W35/><G35/><T109/><D109/><U116/><E116/><V66/><F134/><W70/><G70/><T57/><D21/><U14/><E14/><V107/><F66/><W130/><G130/><T121/><D121/><U86/><E86/><V84/><F107/><W88/><G88/><T36/><D41/><AGARI ba="0,1" hai="15,16,22,41,47,49,54,55" m="46535,60559" machi="41" ten="30,8000,1" yaku="6,1,8,1,52,2,54,1" doraHai="51" who="3" fromWho="0" sc="230,-80,240,0,250,0,270,90" /><INIT seed="2,0,0,1,4,14" ten="150,240,250,360" oya="2" hai0="117,23,85,99,125,92,10,90,63,79,65,80,109" hai1="105,21,116,75,18,38,48,49,132,119,86,1,76" hai2="25,82,22,134,130,87,94,46,88,83,15,37,32" hai3="71,24,98,58,42,41,91,57,131,13,62,127,100"/><V20/><F134/><W96/><G131/><T129/><D129/><U77/><E105/><V55/><F130/><W106/><G127/><T19/><D125/><U128/><E128/><V126/><F126/><W52/><G71/><T43/><D109/><U29/><E1/><V56/><F32/><W73/><G73/><T102/><D117/><U89/><E38/><V107/><F107/><W34/><G34/><T81/><D43/><U74/><E132/><V70/><F70/><W115/><G115/><T133/><D133/><U59/><E29/><N who="2" m="17575" /><F46/><W108/><G108/><T16/><D10/><U93/><E59/><V51/><F37/><W84/><G98/><T54/><D54/><U8/><E8/><V47/><F47/><W11/><G24/><T114/><D114/><U33/><E33/><V120/><F120/><W12/><G12/><T112/><D112/><U60/><E60/><V3/><F3/><W35/><G58/><N who="0" m="37111" /><D23/><U124/><E124/><V69/><F69/><W111/><G35/><T26/><D26/><U17/><E21/><V72/><F72/><W36/><G111/><T0/><D0/><U78/><E86/><AGARI ba="0,0" hai="16,19,79,80,81,85,86,90,92,99,102" m="37111" machi="86" ten="30,7700,0" yaku="8,1,52,2,54,1" doraHai="14" who="0" fromWho="1" sc="150,77,240,-77,250,0,360,0" /><INIT seed="3,0,0,2,2,22" ten="227,163,250,360" oya="3" hai0="13,70,23,116,41,65,104,119,18,90,121,36,125" hai1="27,132,129,42,123,47,58,11,110,83,67,118,53" hai2="107,86,21,78,17,20,34,73,69,88,74,130,63" hai3="89,91,95,35,60,103,68,28,46,33,55,98,15"/><W112/><G112/><T102/><D121/><U39/><E123/><V126/><F130/><W127/><G127/><T64/><D125/><U120/><E120/><V25/><F126/><W75/><G75/><T1/><D1/><U38/><E129/><V99/><F34/><W131/><G131/><T113/><D113/><U24/><E118/><V124/><F124/><W93/><G103/><T80/><D36/><U57/><E132/><V50/><F50/><W54/><G46/><T128/><D128/><U84/><E110/><V135/><F135/><W61/><G15/><T117/><D41/><U43/><E11/><V105/><F20/><W45/><G45/><T51/><D51/><U5/><E5/><V37/><F37/><W8/><G8/><T62/><D65/><U82/><E38/><V108/><F108/><W114/><G114/><T10/><D104/><U71/><E42/><V52/><F52/><W79/><G79/><T30/><D102/><U40/><E40/><V49/><F49/><W2/><G2/><T9/><D30/><U66/><E71/><V26/><F107/><W29/><G98/><T92/><REACH who="0" step="1"/><D80/><REACH who="0" ten="217,163,250,360" step="2"/><U72/><E82/><V85/><F105/><W19/><G68/><T115/><D115/><U76/><E67/><V134/><F134/><W77/><G55/><T6/><D6/><U59/><E66/><V109/><F109/><W87/><G54/><T101/><D101/><U3/><E3/><V96/><F74/><W48/><G48/><T106/><D106/><U94/><E83/><V16/><F73/><W32/><G28/><T12/><D12/><RYUUKYOKU ba="0,1" sc="217,30,163,-10,250,-10,360,-10" hai0="9,10,13,18,23,62,64,70,90,92,116,117,119" /><INIT seed="4,1,1,0,5,89" ten="247,153,240,350" oya="0" hai0="119,120,54,53,19,35,123,49,87,30,43,22,93" hai1="90,0,51,112,23,98,9,45,41,118,17,129,131" hai2="33,16,67,64,133,78,29,5,126,88,117,61,59" hai3="85,56,11,109,44,83,4,32,101,91,14,92,27"/><T127/><D119/><U121/><E118/><V15/><F126/><W37/><G109/><T47/><D127/><U7/><E121/><V20/><F133/><W80/><G101/><T106/><D106/><U114/><E98/><V31/><F117/><W42/><G32/><T40/><D120/><U71/><E71/><V38/><F38/><W68/><G68/><T28/><D123/><U65/><E65/><V82/><F64/><W58/><G27/><N who="0" m="14815" /><D35/><U60/><E60/><V134/><F134/><W21/><G21/><T97/><D87/><U72/><E72/><V76/><F76/><W105/><G105/><T57/><D43/><U132/><E90/><V79/><F33/><W96/><G80/><T107/><D107/><U73/><E73/><V75/><F5/><W84/><G96/><T48/><D40/><U1/><E1/><V122/><F122/><W94/><REACH who="3" step="1"/><G84/><REACH who="3" ten="247,153,240,340" step="2"/><T81/><D81/><U2/><E132/><V34/><F34/><W12/><G12/><T124/><D124/><U100/><E100/><AGARI ba="1,2" hai="28,30,47,48,49,53,54,57,93,97,100" m="14815" machi="100" ten="30,2900,0" yaku="8,1,52,1" doraHai="89" who="0" fromWho="1" sc="247,52,153,-32,240,0,340,0" /><INIT seed="4,2,0,0,4,73" ten="299,121,240,340" oya="0" hai0="52,127,116,17,134,26,45,21,38,133,70,120,103" hai1="4,106,89,115,107,80,110,53,56,87,125,132,108" hai2="18,93,90,13,55,40,124,135,23,79,11,8,66" hai3="32,123,25,97,99,31,22,112,30,61,71,119,86"/><T57/><D120/><U7/><E7/><V47/><F47/><W62/><G119/><T74/><D74/><U122/><E4/><V78/><F78/><W101/><G123/><T44/><D116/><U33/><E33/><V114/><F135/><N who="0" m="51722" /><D70/><U2/><E2/><V64/><F124/><W14/><G112/><T128/><D127/><U77/><E53/><V105/><F114/><W29/><G71/><T100/><D128/><U83/><E56/><V126/><F126/><W41/><G41/><N who="0" m="22583" /><D45/><U113/><E125/><V3/><F3/><W15/><G32/><T72/><D72/><N who="1" m="43047" /><E122/><V58/><F58/><W95/><G97/><T20/><D20/><U43/><E43/><V39/><F39/><W6/><G86/><T34/><D34/><U75/><E75/><V96/><F40/><W68/><G68/><T10/><D10/><U35/><E35/><V82/><F105/><N who="1" m="39945" /><E132/><V19/><F55/><W54/><G54/><T121/><D121/><U9/><E9/><V65/><REACH who="2" step="1"/><F18/><REACH who="2" ten="299,121,230,340" step="2"/><N who="3" m="12503" /><G6/><T111/><D111/><AGARI ba="2,1" hai="83,87,89,108,110,111,113,115" m="39945,43047" machi="111" ten="40,5200,0" yaku="34,2,52,1" doraHai="73" who="1" fromWho="0" sc="299,-58,121,68,230,0,340,0" /><INIT seed="5,0,0,5,1,39" ten="241,189,230,340" oya="1" hai0="101,94,17,98,12,126,108,95,120,106,22,103,56" hai1="127,76,73,3,92,50,16,87,80,2,121,15,58" hai2="7,69,78,119,110,54,133,135,28,23,66,99,20" hai3="63,32,33,83,72,36,53,111,6,134,44,30,96"/><U65/><E121/><V113/><F78/><W18/><G111/><T31/><D108/><U118/><E127/><V114/><F69/><W93/><G134/><N who="2" m="51209" /><F99/><W124/><G124/><T59/><D126/><U55/><E65/><V9/><F66/><W122/><G122/><T86/><D120/><U27/><E27/><N who="2" m="16487" /><F54/><W52/><G6/><T131/><D106/><U91/><REACH who="1" step="1"/><E118/><REACH who="1" ten="241,179,230,340" step="2"/><V129/><F119/><W97/><G32/><T51/><D131/><U88/><E88/><V35/><F129/><W46/><G33/><T10/><D103/><U37/><E37/><V62/><F35/><W70/><G36/><T116/><D116/><U89/><E89/><V75/><F110/><W45/><G70/><T8/><D101/><U48/><E48/><V24/><F62/><W25/><G63/><T107/><D51/><U57/><E57/><V115/><F75/><W49/><G49/><T100/><D56/><U29/><E29/><N who="2" m="17567" /><F115/><W102/><G30/><T38/><D59/><U68/><E68/><V13/><AGARI ba="0,1" hai="7,9,13,113,114" m="17567,16487,51209" machi="13" ten="30,4000,0" yaku="20,1,34,2" doraHai="39" who="2" fromWho="2" sc="241,-10,179,-20,230,50,340,-10" /><INIT seed="6,0,0,3,1,110" ten="231,159,280,330" oya="2" hai0="130,76,61,59,133,69,15,102,7,33,48,104,92" hai1="12,74,113,44,50,68,86,3,54,112,108,45,46" hai2="97,111,20,65,56,115,131,105,42,88,100,37,10" hai3="23,49,38,103,34,135,4,71,66,89,122,70,62"/><V5/><F37/><W43/><G122/><T128/><D104/><U32/><E32/><V18/><F42/><W118/><G118/><T16/><D33/><U25/><E3/><V52/><F111/><W125/><G34/><T21/><D76/><U91/><E74/><V127/><F131/><N who="0" m="50218" /><D69/><U124/><E25/><V36/><F127/><W24/><G49/><T51/><D133/><U129/><E108/><V57/><F115/><N who="1" m="44105" /><E124/><V63/><F36/><W120/><G4/><T19/><D19/><U13/><E68/><V81/><F18/><W1/><G24/><T30/><D30/><U35/><E35/><V60/><F20/><W107/><G23/><T93/><D7/><U14/><E129/><V39/><F39/><W47/><G1/><T55/><D102/><U26/><E26/><V58/><F58/><W72/><G38/><T83/><D83/><AGARI ba="0,0" hai="12,13,14,44,45,46,50,54,83,86,91" m="44105" machi="83" ten="30,7700,0" yaku="15,1,52,3" doraHai="110" who="1" fromWho="0" sc="231,-77,159,77,280,0,330,0" /><INIT seed="7,0,0,2,3,114" ten="154,236,280,330" oya="3" hai0="80,130,117,83,27,51,97,72,100,1,110,109,65" hai1="14,106,126,57,102,0,4,54,7,94,133,120,81" hai2="22,135,104,127,98,92,19,20,68,6,69,58,23" hai3="108,96,10,75,48,76,86,87,113,47,36,95,16"/><W29/><G113/><T67/><D1/><U28/><E120/><V66/><F104/><W112/><G112/><T25/><D51/><U73/><E133/><V8/><F135/><W88/><G36/><T78/><D130/><U70/><E126/><V49/><F127/><W26/><G108/><T52/><D52/><U44/><E28/><V37/><F37/><W33/><G75/><T91/><D91/><U116/><E116/><V74/><F74/><W55/><G76/><T42/><D72/><U34/><E34/><V85/><F85/><W128/><G128/><T61/><D61/><U64/><E0/><V111/><F111/><W60/><G10/><T13/><D13/><U122/><E122/><V99/><F19/><W9/><G9/><T31/><D31/><U82/><E106/><V59/><F49/><W118/><G118/><T30/><D30/><U131/><E131/><V93/><F6/><W12/><G12/><T89/><D89/><U63/><E14/><V101/><F8/><W132/><G16/><T39/><D39/><U62/><E44/><V40/><F40/><W77/><G77/><T38/><D38/><U11/><E11/><V124/><F124/><W3/><G3/><T46/><D46/><U35/><E35/><V56/><F66/><W105/><G132/><T84/><D84/><U119/><E119/><V50/><REACH who="2" step="1"/><F50/><REACH who="2" ten="154,236,270,330" step="2"/><W103/><G87/><T71/><D97/><U134/><E73/><V21/><N who="2" m="5632" /><DORA hai="41" /><V107/><F107/><W53/><G48/><T5/><D42/><U32/><E134/><V43/><F43/><W129/><G129/><RYUUKYOKU ba="0,1" sc="154,-10,236,-10,270,30,330,-10" hai2="56,58,59,68,69,92,93,98,99,101" owari="144,-36.0,226,-17.0,300,10.0,330,43.0" /></mjloggm>