<mjloggm ver="2.3"><GO type="97" lobby="0"/><UN n0="%E9%9B%A8%E6%89%93%E8%95%89%E5%8F%B6" n1="%E3%83%88%E3%83%88%E3%83%AA%E5%85%88%E7%94%9F%31%39%E6%AD%B3" n2="%E3%81%A1%E3%82%83%E3%81%AF%E3%83%BC%E3%82%93" n3="%E9%BB%92%E7%8C%AB%40%E3%81%BA%E3%82%8D%E3%81%BA%E3%82%8D%E2%98%86" dan="14,13,13,15" rate="1948.28,1984.88,1908.13,2081.84" sx="F,F,M,F"/><TAIKYOKU oya="0"/><INIT seed="0,0,0,1,0,44" ten="250,250,250,250" oya="0" hai0="76,113,131,50,109,70,9,94,72,10,48,16,52" hai1="28,39,123,57,51,5,116,120,73,127,1,4,21" hai2="17,65,2,24,81,7,54,49,111,93,135,125,68" hai3="13,25,40,90,128,11,122,35,67,79,34,82,29"/><T118/><D118/><U98/><E116/><V56/><F111/><W84/><G122/><T26/><D113/><U88/><E39/><V108/><F108/><W60/><G128/><T27/><D109/><U64/><E73/><V31/><F125/><W63/><G35/><T89/><D131/><U130/><E130/><V18/><F135/><W43/><G90/><T42/><D70/><U74/><E74/><V121/><F121/><W101/><G101/><T105/><D105/><U134/><E134/><V46/><F68/><W23/><G34/><T61/><D76/><U58/><E127/><V126/><F126/><W41/><REACH who="3" step="1"/><G67/><REACH who="3" ten="250,250,250,240" step="2"/><T53/><D72/><U62/><E120/><V99/><F65/><W78/><G78/><T75/><D75/><U107/><E123/><V66/><F66/><W12/><G12/><N who="0" m="7183" /><D10/><U30/><E1/><V33/><F2/><W114/><G114/><T55/><D61/><U77/><E77/><V95/><F33/><W59/><G59/><T117/><D117/><U97/><E62/><V86/><F56/><W15/><G15/><T115/><D115/><U71/><E64/><V132/><F132/><W103/><G103/><T92/><D42/><U32/><E71/><V6/><F24/><N who="0" m="9258" /><D89/><U102/><E32/><V104/><F104/><W36/><G36/><T38/><D38/><U87/><E107/><V3/><F3/><W83/><G83/><T112/><D112/><U110/><E110/><V119/><F119/><W0/><G0/><T106/><D106/><U14/><E102/><V96/><F81/><W45/><G45/><T124/><D124/><RYUUKYOKU ba="0,1" sc="250,15,250,-15,250,-15,240,15" hai0="48,50,52,53,55,92,94" hai3="11,13,23,25,29,40,41,43,60,63,79,82,84" /><INIT seed="0,1,1,5,0,23" ten="265,235,235,255" oya="0" hai0="4,18,48,99,33,42,130,58,41,114,135,76,0" hai1="62,46,109,106,100,5,43,78,108,82,20,67,13" hai2="53,21,116,103,31,2,90,40,10,56,112,70,57" hai3="29,55,39,74,54,51,93,1,83,38,36,132,115"/><T73/><D114/><U60/><E100/><V12/><F112/><W77/><G115/><T102/><D33/><U27/><E106/><V79/><F2/><W69/><G69/><T92/><D135/><U15/><E15/><V32/><F70/><W37/><G132/><T134/><D134/><U49/><E67/><V64/><F32/><W30/><N who="3" m="9216" /><DORA hai="45" /><W84/><G1/><T80/><D130/><U22/><E22/><V71/><F71/><W101/><G55/><T3/><D18/><U86/><E108/><V91/><F103/><W14/><G14/><T118/><D118/><U24/><E109/><V59/><F79/><W89/><REACH who="3" step="1"/><G101/><REACH who="3" ten="265,235,235,245" step="2"/><T8/><REACH who="0" step="1"/><D0/><REACH who="0" ten="255,235,235,245" step="2"/><U72/><E5/><V121/><F116/><W110/><G110/><T26/><D26/><U47/><E24/><N who="2" m="16783" /><F121/><W9/><G9/><T105/><D105/><U35/><E13/><V34/><F64/><W16/><G16/><T97/><D97/><U17/><E17/><N who="2" m="8343" /><F34/><W123/><G123/><T25/><D25/><U107/><E35/><V85/><F40/><W96/><G96/><T126/><D126/><U28/><E107/><V124/><F124/><W63/><G63/><T19/><D19/><U61/><E61/><N who="2" m="35983" /><F90/><W11/><G11/><T44/><D44/><AGARI ba="1,3" hai="29,30,44,51,54,74,77,83,84,89,93" m="9216" machi="44" ten="70,8000,1" yaku="1,1,52,1,53,1" doraHai="23,45" doraHaiUra="122,87" who="3" fromWho="0" sc="255,-83,235,0,235,0,245,113" /><INIT seed="1,0,0,3,5,29" ten="172,235,235,358" oya="1" hai0="46,10,94,11,126,32,83,118,13,24,33,43,97" hai1="127,133,15,119,37,113,48,57,21,124,107,75,59" hai2="49,122,1,84,70,67,104,25,134,106,14,52,89" hai3="82,54,108,95,79,98,61,72,42,132,117,53,17"/><U100/><E113/><V66/><F122/><W34/><G34/><T109/><D109/><U45/><E119/><V135/><F1/><W44/><G108/><T73/><D118/><U38/><E75/><V80/><F25/><W120/><G117/><T50/><D126/><N who="1" m="48171" /><E133/><N who="2" m="50699" /><F14/><W39/><G132/><T125/><D125/><U121/><E121/><V77/><F70/><W130/><G120/><T76/><D24/><U123/><E123/><V16/><F16/><W22/><G61/><T69/><D69/><U0/><E0/><V62/><F62/><W9/><G9/><T63/><D63/><U28/><E100/><V20/><F20/><W128/><G22/><T115/><D115/><U65/><E107/><N who="2" m="41003" /><F77/><W5/><G17/><T31/><D31/><U112/><E112/><V110/><F110/><W60/><G5/><T4/><REACH who="0" step="1"/><D10/><REACH who="0" ten="162,235,235,358" step="2"/><U105/><E65/><V3/><F67/><W129/><G60/><T71/><D71/><U18/><E28/><V35/><F66/><W91/><AGARI ba="0,1" hai="39,42,44,53,54,72,79,82,91,95,98,128,129,130" machi="91" ten="30,2000,0" yaku="0,1,19,1" doraHai="29" who="3" fromWho="3" sc="162,-5,235,-10,235,-5,358,30" /><INIT seed="2,0,0,1,5,45" ten="157,225,230,388" oya="2" hai0="91,72,130,34,102,104,35,95,33,13,93,52,107" hai1="66,15,60,48,46,119,29,30,63,9,61,73,124" hai2="58,99,105,114,133,123,85,89,27,131,101,17,14" hai3="121,97,113,88,28,94,75,111,6,69,117,22,116"/><V54/><F123/><W134/><G121/><T71/><D130/><U49/><E119/><V110/><F131/><W1/><G69/><T125/><D125/><U55/><E73/><V76/><F114/><W81/><G113/><T109/><D109/><U8/><E124/><V39/><F39/><W127/><G127/><T10/><D71/><U51/><E66/><V23/><F110/><W43/><G111/><T103/><D72/><U11/><E15/><V84/><F76/><N who="3" m="44191" /><G22/><T50/><D93/><U47/><E55/><V0/><F0/><W120/><G28/><AGARI ba="0,0" hai="8,9,11,28,29,30,46,47,48,49,51,60,61,63" machi="28" ten="50,16000,3" yaku="29,2,28,2,8,1,52,3" doraHai="45" who="1" fromWho="3" sc="157,0,225,160,230,0,388,-160" /><INIT seed="3,0,0,1,0,44" ten="157,385,230,228" oya="3" hai0="9,68,60,118,131,69,27,48,7,127,43,85,15" hai1="112,18,64,28,54,130,133,1,93,104,34,16,33" hai2="67,128,29,65,3,63,90,53,83,30,21,87,5" hai3="11,116,79,86,105,109,31,0,57,113,73,115,49"/><W62/><G116/><T47/><D118/><U122/><E112/><V58/><F128/><W108/><G73/><T24/><D131/><U132/><E104/><V102/><F3/><W107/><G31/><N who="2" m="11785" /><F5/><N who="3" m="1447" /><G49/><T77/><D127/><U13/><E54/><V95/><F21/><W50/><G50/><T106/><D106/><N who="3" m="40457" /><G86/><T25/><REACH who="0" step="1"/><D60/><REACH who="0" ten="147,385,230,228" step="2"/><U36/><E130/><V125/><F125/><W78/><G115/><T55/><D55/><U17/><E122/><V114/><F114/><W26/><G113/><T89/><D89/><U76/><E76/><N who="2" m="46567" /><F102/><W22/><G78/><T101/><D101/><U126/><E126/><V119/><F119/><W32/><G79/><T12/><D12/><U20/><E13/><V19/><F63/><W99/><G62/><T38/><D38/><U6/><E36/><V121/><F53/><W35/><G35/><T66/><D66/><U103/><E64/><V52/><F67/><W110/><G32/><T2/><D2/><U82/><E33/><V120/><F65/><W46/><G110/><T129/><D129/><U100/><E34/><V4/><F90/><W134/><G109/><T117/><D117/><U56/><E100/><V8/><F52/><W84/><G108/><T37/><D37/><U96/><E103/><V88/><F88/><W135/><G135/><T41/><D41/><U51/><E132/><V91/><F91/><W123/><G134/><T74/><D74/><U61/><E133/><V71/><F121/><W97/><G123/><T42/><D42/><U111/><E111/><V45/><F120/><W81/><G81/><AGARI ba="0,1" hai="7,9,15,24,25,27,43,47,48,68,69,77,81,85" machi="81" ten="40,8000,1" yaku="1,1,25,2,52,1,53,0" doraHai="44" doraHaiUra="124" who="0" fromWho="3" sc="147,90,385,0,230,0,228,-80" owari="237,4.0,385,48.0,230,-17.0,148,-35.0" /></mjloggm>