<mjloggm ver="2.3"><GO type="225" lobby="0"/><UN n0="%6C%65%74%69%74%62%65" n1="%E3%83%88%E3%83%88%E3%83%AA%E5%85%88%E7%94%9F%31%39%E6%AD%B3" n2="%4E%61%6E%6F%4E%61%6E%6F" n3="%E3%82%B4%E3%83%BC%E3%83%AB%E3%83%87%E3%83%B3%E3%81%B2%E3%82%88%E3%81%93" dan="16,18,16,16" rate="2142.52,2263.44,2050.74,2150.69" sx="F,F,M,M"/><TAIKYOKU oya="0"/><INIT seed="0,0,0,2,1,77" ten="250,250,250,250" oya="0" hai0="106,123,130,46,41,74,98,84,127,0,114,53,61" hai1="57,80,97,88,17,64,1,35,116,26,45,78,36" hai2="29,99,60,14,131,62,92,133,15,34,56,73,8" hai3="113,71,124,18,50,91,44,82,51,85,72,87,11"/><T125/><D125/><U119/><E1/><V32/><F73/><W117/><G124/><T59/><D59/><U67/><E36/><V96/><F131/><W95/><G117/><T19/><D19/><U110/><E110/><V21/><F133/><W30/><G113/><T108/><D114/><U7/><E7/><V115/><F115/><W2/><G71/><T135/><D123/><U55/><E45/><V39/><F39/><W24/><G72/><T89/><D0/><U4/><E4/><N who="2" m="3335" /><F99/><W43/><G2/><T28/><D74/><U66/><E35/><V42/><F42/><W122/><G122/><T103/><D108/><U90/><E97/><V38/><F38/><W101/><G51/><T94/><D127/><U31/><E119/><V112/><F112/><W49/><BYE who="2" /><G49/><T118/><D118/><U10/><E31/><V20/><F20/><N who="3" m="15623" /><G101/><UN n2="%4E%61%6E%6F%4E%61%6E%6F" /><T134/><D130/><U6/><E6/><V86/><F86/><N who="3" m="50647" /><G95/><T102/><D103/><U33/><E33/><V5/><F34/><W47/><G47/><T83/><D106/><U65/><N who="1" m="16384" /><DORA hai="79" /><U128/><E128/><V23/><F32/><W105/><G105/><T107/><D107/><U81/><E116/><V58/><F92/><W76/><G76/><T16/><D135/><U3/><E78/><V13/><F62/><W100/><G100/><T109/><D134/><U111/><E111/><V70/><F60/><W120/><G120/><T52/><D109/><U25/><E3/><V121/><F121/><W48/><G48/><T63/><D61/><U129/><E129/><V104/><F104/><W9/><G18/><RYUUKYOKU ba="0,0" sc="250,-10,250,-10,250,-10,250,30" hai3="9,11,43,44,50,85,87" /><INIT seed="1,1,0,0,1,97" ten="240,240,240,280" oya="1" hai0="125,18,23,33,42,25,3,14,133,8,55,82,117" hai1="129,106,99,95,130,85,124,113,37,103,57,110,27" hai2="67,94,21,91,2,53,10,7,98,62,31,19,134" hai3="51,116,102,26,79,86,72,59,69,29,12,24,115"/><U28/><E113/><V71/><F134/><W101/><G115/><T128/><D117/><U58/><E37/><V111/><F111/><W127/><G69/><T83/><D133/><U11/><E110/><V49/><F31/><W15/><G72/><T66/><D125/><U112/><E112/><V1/><F1/><W32/><G127/><T46/><D128/><N who="1" m="49259" /><E124/><V30/><F30/><W104/><G116/><T107/><D55/><U80/><E11/><V120/><F120/><W68/><G68/><T88/><D66/><U44/><E44/><V39/><F39/><W60/><G51/><N who="0" m="27095" /><D3/><U76/><E106/><V123/><F123/><W47/><G47/><T43/><D107/><U126/><E126/><V118/><F118/><W78/><G104/><T93/><D43/><U92/><E92/><V61/><F61/><W105/><G105/><T52/><D52/><U54/><E54/><V56/><F21/><AGARI ba="1,0" hai="21,27,28,57,58,76,80,85,95,99,103" m="49259" machi="21" ten="30,2900,0" yaku="19,1,52,1" doraHai="97" who="1" fromWho="2" sc="240,0,240,32,240,-32,280,0" /><INIT seed="1,2,0,2,0,64" ten="240,272,208,280" oya="1" hai0="54,87,100,129,35,89,40,59,71,121,9,51,133" hai1="57,27,58,43,23,119,90,10,83,8,78,111,25" hai2="47,72,113,1,49,36,37,0,56,115,16,2,98" hai3="60,69,130,108,125,77,17,3,66,135,126,94,112"/><U14/><E119/><V107/><F72/><W11/><G112/><N who="2" m="43081" /><F56/><W74/><G108/><T7/><D35/><U82/><E111/><V84/><F84/><W102/><G130/><T127/><D129/><U92/><E43/><N who="2" m="24831" /><F16/><W70/><G135/><T5/><D87/><N who="1" m="48599" /><E83/><V15/><F15/><N who="3" m="7423" /><G3/><N who="2" m="769" /><V6/><DORA hai="21" /><F6/><W99/><G74/><T114/><D5/><N who="1" m="3343" /><E10/><V53/><F53/><W34/><G77/><T122/><D54/><U104/><E57/><V85/><F85/><W65/><G34/><T132/><D59/><U75/><E58/><V95/><F107/><W93/><G94/><T117/><D7/><U29/><E104/><V32/><F32/><W134/><G134/><T88/><D9/><U38/><E38/><V4/><F4/><W116/><G116/><T81/><D117/><U110/><E75/><V28/><F28/><W52/><G52/><T80/><D114/><U105/><E105/><V39/><F39/><W12/><G12/><T50/><D40/><U109/><E109/><V123/><F123/><W91/><G60/><T26/><D122/><U76/><E110/><V118/><F118/><W103/><G66/><T97/><D121/><U62/><E76/><V55/><F55/><W24/><G65/><T22/><D133/><U96/><E62/><V120/><F120/><W13/><G13/><T61/><D132/><U63/><E63/><V101/><AGARI ba="2,0" hai="36,37,95,98,101" m="769,24831,43081" machi="101" ten="50,1600,0" yaku="11,1" doraHai="64,21" who="2" fromWho="2" sc="240,-6,272,-10,208,22,280,-6" /><INIT seed="2,0,0,4,0,0" ten="234,262,230,274" oya="2" hai0="17,105,6,79,106,102,132,60,103,111,10,87,89" hai1="133,82,12,50,72,84,107,75,73,98,37,33,74" hai2="113,38,51,67,22,47,63,92,64,70,62,1,48" hai3="118,31,23,36,30,18,7,39,56,71,66,16,14"/><V29/><F1/><W57/><G118/><T40/><D79/><U52/><E33/><V86/><F113/><W58/><G71/><T20/><D40/><U99/><E37/><V24/><F38/><W115/><G115/><T41/><D41/><U126/><E133/><V21/><F21/><N who="3" m="11415" /><G39/><T61/><D132/><U116/><E116/><V128/><F128/><W28/><G36/><T55/><D106/><U91/><E126/><V19/><F29/><N who="3" m="7427" /><W121/><DORA hai="124" /><G121/><T35/><D35/><U114/><E114/><V109/><F109/><W122/><G122/><T5/><D111/><U42/><E42/><V134/><F134/><W108/><G108/><T49/><D105/><U3/><E3/><V2/><F2/><W4/><G66/><T130/><D130/><U26/><E107/><V96/><F86/><W97/><G97/><T13/><D103/><U80/><E26/><AGARI ba="0,0" hai="4,7,18,23,26,56,57,58" m="7427,11415" machi="26" ten="40,8000,1" yaku="8,1,52,2,54,1" doraHai="0,124" who="3" fromWho="1" sc="234,0,262,-80,230,0,274,80" /><INIT seed="3,0,0,2,4,94" ten="234,182,230,354" oya="3" hai0="90,126,76,85,132,68,39,129,97,121,100,19,60" hai1="50,49,107,78,110,0,40,23,135,22,102,15,111" hai2="6,46,124,35,52,130,119,89,99,64,47,128,123" hai3="48,109,122,30,74,27,2,5,131,18,4,112,3"/><W106/><G48/><T10/><D39/><U92/><E0/><V32/><F119/><W77/><G18/><T62/><D121/><U21/><E107/><V14/><F123/><W45/><G45/><N who="2" m="16905" /><F52/><W67/><G67/><T87/><D126/><U24/><E135/><V59/><F124/><W55/><G55/><T72/><D72/><U75/><E40/><V17/><F6/><W69/><G77/><T98/><D68/><U43/><E43/><V31/><F59/><W88/><G88/><T56/><D90/><U118/><E118/><V37/><F64/><W63/><G63/><T120/><D60/><U9/><E24/><V51/><F51/><W8/><G5/><T12/><D62/><U36/><E36/><V79/><F31/><W11/><G4/><T117/><D56/><U73/><E78/><V101/><F89/><W44/><G30/><T28/><D76/><U41/><E41/><V42/><F42/><W103/><G2/><T114/><D28/><U95/><E23/><N who="2" m="11703" /><F79/><W133/><G3/><T96/><D120/><U61/><E61/><V1/><F1/><W33/><G122/><T104/><D117/><U58/><E58/><V34/><F37/><W16/><G69/><T83/><D104/><U113/><E15/><V86/><F86/><W81/><G106/><T116/><D87/><U65/><E65/><V125/><F125/><W54/><G74/><T20/><D116/><U29/><E29/><V13/><F13/><W108/><G33/><T7/><D12/><U66/><E66/><V115/><F115/><W53/><G112/><T26/><D114/><RYUUKYOKU ba="0,0" sc="234,-10,182,-10,230,30,354,-10" hai2="32,34,35,99,101,128,130" owari="224,-18.0,172,-33.0,260,6.0,344,45.0" /></mjloggm>