<mjloggm ver="2.3"><GO type="97" lobby="0"/><UN n0="%E5%B0%B1%E6%B4%BB%E7%94%9F%40%E5%B7%9D%E6%9D%91%E8%BB%8D%E5%9B%A3" n1="%E3%83%81%E3%83%BC%E6%95%A3%E6%AD%A9" n2="%6D%69%6F" n3="%E3%83%A9%E3%82%B8%E3%81%8A" dan="14,14,14,14" rate="1969.24,1926.37,1866.28,1907.70" sx="M,M,F,M"/><TAIKYOKU oya="0"/><INIT seed="0,0,0,5,4,38" ten="250,250,250,250" oya="0" hai0="131,92,95,49,4,98,118,109,103,54,102,42,19" hai1="72,21,56,105,111,91,126,79,121,32,68,94,90" hai2="27,45,74,5,31,110,112,70,61,24,52,97,122" hai3="116,83,3,65,78,64,34,113,29,28,7,23,2"/><T82/><D118/><U93/><E68/><V15/><F122/><W96/><G116/><T13/><D131/><U63/><E32/><V58/><F112/><W120/><G113/><T14/><D109/><U107/><E121/><V1/><F110/><W41/><G120/><T36/><D82/><U35/><E35/><V130/><F1/><W40/><G34/><T125/><D125/><U106/><E21/><V62/><F74/><W50/><G96/><N who="0" m="59655" /><D36/><U85/><E111/><V6/><F130/><W46/><G2/><T57/><D4/><U114/><E56/><V33/><F24/><W124/><G7/><T71/><D71/><U84/><E63/><V99/><F70/><W30/><G3/><T20/><D14/><U75/><E126/><V135/><F5/><W76/><G124/><T100/><D100/><U43/><E43/><AGARI ba="0,0" hai="13,19,20,42,43,49,54,57,95,98,103" m="59655" machi="43" ten="30,5800,0" yaku="8,1,52,2" doraHai="38" who="0" fromWho="1" sc="250,58,250,-58,250,0,250,0" /><INIT seed="0,1,0,3,0,2" ten="308,192,250,250" oya="0" hai0="116,28,135,111,88,86,23,27,126,25,21,106,72" hai1="64,107,59,68,103,120,16,118,39,127,70,100,130" hai2="20,13,82,54,102,31,93,122,131,45,30,52,114" hai3="58,0,18,55,99,4,10,76,124,80,15,14,47"/><T11/><D72/><U97/><E39/><V65/><F114/><W6/><G124/><T42/><D106/><U133/><E118/><V94/><F122/><W104/><G47/><T98/><D116/><U35/><E35/><V108/><F108/><W112/><G112/><T8/><D126/><U115/><E127/><V36/><F131/><W87/><G0/><T44/><D98/><U113/><E120/><V40/><F65/><W119/><G119/><T79/><D79/><U110/><E59/><V134/><F134/><W75/><G75/><T53/><D111/><U74/><E74/><V69/><F82/><W60/><G104/><T51/><D42/><U32/><E32/><V61/><F69/><W24/><G24/><T123/><D123/><U7/><E110/><V57/><F54/><W29/><G29/><T50/><D50/><U34/><E34/><V66/><F66/><W101/><G101/><T128/><D135/><U117/><E64/><V125/><F94/><W83/><G99/><T109/><D109/><U33/><E33/><V92/><F92/><W37/><G37/><T56/><D44/><U17/><E107/><V81/><F81/><W62/><G83/><N who="0" m="49247" /><D128/><U67/><E130/><V9/><F125/><W22/><G60/><T105/><D105/><U48/><E97/><V46/><F46/><W26/><G26/><T95/><D95/><U38/><E48/><V77/><F77/><W78/><G76/><T129/><D129/><U1/><E117/><V91/><F102/><W19/><AGARI ba="1,0" hai="4,6,10,14,15,18,19,22,55,58,62,78,80,87" machi="19" ten="20,8000,1" yaku="0,1,7,1,8,1,52,2" doraHai="2" who="3" fromWho="3" sc="308,-41,192,-21,250,-21,250,83" /><INIT seed="1,0,0,5,4,20" ten="267,171,229,333" oya="1" hai0="15,22,91,125,108,0,99,103,56,26,126,87,66" hai1="109,3,121,82,113,30,86,102,27,104,107,65,58" hai2="60,36,120,11,95,44,124,52,50,34,64,116,5" hai3="35,71,127,67,16,38,110,83,75,43,128,23,90"/><U78/><E113/><V61/><F34/><W118/><G118/><T89/><D0/><U47/><E121/><V94/><F120/><W74/><G35/><T59/><D108/><U10/><E102/><V1/><F116/><W105/><G110/><T81/><D15/><U92/><E109/><V70/><F61/><W132/><G105/><T51/><D91/><U129/><E129/><V73/><F73/><W84/><G128/><T79/><D79/><U100/><E47/><V41/><F124/><N who="0" m="47722" /><D51/><U8/><E3/><V123/><REACH who="2" step="1"/><F123/><REACH who="2" ten="267,171,219,333" step="2"/><W63/><G127/><T28/><D66/><U69/><E69/><V25/><F25/><W12/><G132/><T133/><D133/><U32/><E107/><AGARI ba="0,1" hai="22,26,28,56,59,81,87,89,99,103,107" m="47722" machi="107" ten="30,2000,0" yaku="18,1,52,1" doraHai="20" who="0" fromWho="1" sc="267,30,171,-20,219,0,333,0" /><INIT seed="2,0,0,5,4,6" ten="297,151,219,333" oya="2" hai0="125,43,134,3,18,21,111,77,33,96,16,122,104" hai1="67,79,27,10,75,97,26,73,85,63,110,31,93" hai2="50,100,24,102,81,62,99,57,25,28,45,4,15" hai3="124,113,88,17,37,19,14,101,114,49,23,48,117"/><V123/><F123/><W22/><G117/><T105/><D33/><U129/><E129/><V41/><F81/><W90/><G37/><T82/><D122/><U127/><E110/><V69/><F69/><W108/><G101/><T95/><D3/><U133/><E133/><V89/><F89/><W61/><G61/><T54/><D111/><U40/><E40/><V44/><F44/><W1/><G1/><T132/><D43/><U74/><E127/><V92/><F28/><W70/><G70/><T115/><D54/><U12/><E85/><V56/><F56/><W120/><G108/><T72/><D125/><U20/><E27/><V112/><F102/><W39/><G39/><T66/><D66/><U52/><E79/><V135/><F112/><N who="3" m="43115" /><G120/><T87/><D72/><U107/><E107/><V91/><F135/><N who="0" m="51754" /><D115/><U55/><E63/><V46/><F100/><W2/><G2/><T58/><D58/><U9/><E67/><V119/><F45/><W71/><G71/><T86/><D86/><U121/><E121/><V36/><F36/><W5/><G124/><T64/><D64/><U126/><E126/><V68/><F119/><W51/><G5/><T109/><D109/><U32/><E32/><V118/><F68/><W7/><G7/><T103/><D18/><N who="1" m="8463" /><E10/><N who="2" m="4551" /><F118/><W98/><G98/><T29/><D29/><U38/><E38/><V131/><F131/><W84/><G84/><T76/><D76/><U116/><E116/><V30/><F30/><W8/><G8/><T13/><AGARI ba="0,0" hai="13,16,21,77,82,87,95,96,103,104,105" m="51754" machi="13" ten="30,2000,0" yaku="20,1,54,1" doraHai="6" who="0" fromWho="0" sc="297,20,151,-5,219,-10,333,-5" /><INIT seed="3,0,0,5,2,99" ten="317,146,209,328" oya="3" hai0="47,30,58,46,61,91,133,59,37,10,134,2,12" hai1="49,6,57,128,81,5,101,42,95,96,125,16,22" hai2="113,64,66,127,35,65,27,45,80,74,85,109,63" hai3="130,122,24,100,4,120,123,40,7,33,102,36,52"/><W86/><G130/><T8/><D2/><U88/><E128/><V71/><F113/><W94/><G36/><T89/><D30/><U50/><E125/><V53/><F74/><W70/><G70/><T121/><D121/><U29/><E29/><V44/><F127/><W131/><G131/><T51/><D37/><U92/><E81/><V32/><F109/><W126/><G40/><T117/><D117/><U62/><E42/><V55/><F27/><W77/><G126/><T97/><D47/><N who="2" m="17994" /><F85/><W108/><G108/><T60/><D59/><U39/><E39/><V76/><F80/><W67/><G67/><N who="2" m="25673" /><F76/><W118/><G77/><T0/><D0/><U19/><E62/><N who="0" m="24169" /><D58/><U83/><E83/><V82/><F82/><W25/><G33/><T105/><D97/><N who="1" m="57479" /><E19/><V78/><F78/><W107/><G118/><T18/><D8/><U116/><E116/><V135/><F35/><W26/><G107/><T13/><D13/><N who="1" m="9487" /><E57/><V129/><F32/><W132/><G122/><T20/><D105/><U87/><E87/><V114/><F129/><W43/><G86/><T34/><D34/><U21/><E21/><V98/><F98/><W11/><G120/><T84/><D84/><U110/><E110/><V28/><F28/><W93/><G123/><T17/><D20/><U38/><E38/><V31/><F31/><W3/><G3/><T23/><D18/><U75/><E75/><V103/><F114/><W15/><G11/><T9/><D9/><U112/><E112/><V79/><F79/><W106/><G106/><T90/><D23/><U1/><E1/><V115/><F115/><RYUUKYOKU ba="0,0" sc="317,15,146,15,209,-15,328,-15" hai0="10,12,17,46,51,89,90,91,133,134" hai1="5,6,49,50,95,96,101" owari="332,44.0,161,-34.0,194,-21.0,313,11.0" /></mjloggm>