<mjloggm ver="2.3"><GO type="169" lobby="0"/><UN n0="%E9%BA%BB%E7%94%9F%E9%9B%80%E5%AD%90" n1="%E3%81%97%E3%82%85%E3%81%B0%E3%82%8B%E3%81%A4" n2="%E3%82%A6%E3%83%AB%E3%83%88%E3%83%A9%E7%AB%8B%E7%9B%B4" n3="%EF%BC%93%E7%95%AA%E3%82%B7%E3%83%A7%E3%83%BC%E3%83%88%E5%9D%82%E7%94%B0" dan="17,16,17,16" rate="2192.17,2036.84,2152.77,2126.85" sx="F,M,M,M"/><TAIKYOKU oya="0"/><INIT seed="0,0,0,4,1,69" ten="250,250,250,250" oya="0" hai0="26,23,115,5,24,83,62,30,68,105,15,0,116" hai1="20,89,107,125,120,22,91,132,17,98,82,101,99" hai2="32,84,64,122,50,127,1,42,102,41,52,66,112" hai3="39,19,74,106,13,63,77,118,36,48,4,61,29"/><T86/><D105/><U6/><E120/><V104/><F1/><W54/><G106/><T33/><D116/><U70/><E70/><V65/><F32/><W119/><G4/><T108/><D115/><U18/><E132/><V11/><F122/><W73/><G29/><T130/><D130/><U55/><E125/><V9/><F112/><W78/><G13/><T51/><D51/><U109/><E109/><V117/><F127/><W25/><G25/><T59/><D68/><U7/><E55/><V129/><F129/><W88/><G19/><T79/><D108/><U67/><E67/><V12/><F117/><W96/><G96/><N who="1" m="36906" /><E107/><V40/><F84/><W27/><G27/><T75/><D0/><U134/><E101/><V124/><F124/><W87/><G87/><T94/><D5/><N who="1" m="1547" /><E82/><V103/><F104/><W34/><G34/><T2/><D2/><U8/><E8/><N who="2" m="3147" /><F12/><W35/><G35/><T37/><D15/><N who="1" m="9279" /><E134/><V72/><F72/><W123/><G123/><T133/><D133/><U3/><E3/><V95/><F95/><W76/><G119/><T92/><D75/><U93/><E93/><V85/><F85/><W57/><G118/><T114/><D114/><U28/><E28/><V14/><F14/><AGARI ba="0,0" hai="14,18,22,89,91" m="9279,1547,36906" machi="14" ten="30,1000,0" yaku="8,1" doraHai="69" who="1" fromWho="2" sc="250,0,250,10,250,-10,250,0" /><INIT seed="1,0,0,0,2,9" ten="250,260,240,250" oya="1" hai0="88,103,63,121,115,90,24,18,45,10,99,36,92" hai1="127,125,87,26,12,27,70,7,113,71,116,46,4" hai2="20,16,112,55,33,60,14,2,73,3,25,84,17" hai3="38,37,61,85,93,82,66,117,95,64,35,89,118"/><U122/><E116/><N who="3" m="44650" /><G35/><T47/><D115/><U105/><E113/><V77/><F73/><W132/><G132/><T97/><D121/><U133/><E122/><V41/><F112/><W107/><G107/><T79/><D79/><U108/><E105/><V96/><F41/><W52/><G37/><T15/><D36/><U91/><E46/><N who="0" m="17417" /><D99/><U83/><E133/><V49/><F60/><W98/><G38/><T1/><D1/><U8/><E7/><V30/><F96/><W76/><G95/><T51/><D51/><U72/><E72/><V19/><F19/><W48/><G61/><T50/><D50/><U44/><E44/><AGARI ba="0,0" hai="44,48,52,64,66,76,82,85,89,93,98" m="44650" machi="44" ten="30,2000,0" yaku="12,1,54,1" doraHai="9" who="3" fromWho="1" sc="250,0,260,-20,240,0,250,20" /><INIT seed="2,0,0,2,4,119" ten="250,240,240,270" oya="2" hai0="57,99,48,125,88,43,33,67,126,2,72,50,49" hai1="65,7,37,30,74,100,62,122,14,20,41,53,69" hai2="56,89,83,61,71,98,103,102,118,75,54,32,9" hai3="114,60,134,128,115,58,52,21,78,104,93,91,6"/><V77/><F118/><W105/><G6/><T55/><D72/><U17/><E74/><V96/><F32/><W113/><G78/><T40/><D2/><U68/><E68/><V79/><F71/><W26/><G128/><T23/><D33/><U109/><E109/><V135/><F135/><W25/><G25/><T132/><D23/><U108/><E108/><V82/><F9/><W80/><G80/><N who="2" m="30761" /><F75/><W116/><G116/><T127/><D132/><U95/><E30/><V84/><F98/><N who="3" m="57663" /><G134/><T36/><D99/><U81/><E81/><N who="2" m="49295" /><F96/><W59/><G59/><N who="0" m="33271" /><D88/><U42/><E37/><V19/><F19/><AGARI ba="0,0" hai="19,21,26,52,58,60,104,105,113,114,115" m="57663" machi="19" ten="30,3900,0" yaku="25,1,11,1,54,1" doraHai="119" who="3" fromWho="2" sc="250,0,240,0,240,-39,270,39" /><INIT seed="3,0,0,1,4,1" ten="250,240,201,309" oya="3" hai0="11,93,111,18,42,53,110,98,131,58,20,119,45" hai1="135,64,69,91,65,2,32,26,105,86,63,24,48" hai2="39,19,132,120,52,30,122,95,107,9,55,7,108" hai3="33,72,59,28,10,57,34,102,112,21,81,133,68"/><W73/><G68/><T87/><D119/><U96/><E135/><V92/><F107/><W121/><G121/><N who="2" m="46697" /><F39/><W85/><G112/><T37/><D131/><U75/><E75/><V41/><F41/><W130/><G130/><T47/><D47/><U8/><E64/><V90/><F30/><W44/><G73/><T50/><D11/><U14/><E2/><N who="2" m="247" /><F108/><W127/><G72/><T113/><D113/><U71/><E71/><V106/><F106/><W116/><G133/><T15/><D98/><U128/><E128/><V17/><F132/><W79/><G116/><T109/><D87/><U60/><E60/><V117/><F117/><W12/><G127/><T0/><D0/><U118/><E48/><V35/><F35/><W100/><G33/><T104/><D104/><U66/><E66/><V80/><F80/><W16/><G44/><T6/><D93/><N who="2" m="35914" /><F90/><W31/><G34/><T43/><D42/><U61/><E61/><V74/><F74/><W115/><G115/><T36/><D36/><U103/><E118/><V126/><F126/><W97/><G31/><T94/><D94/><U25/><E86/><V83/><F83/><W5/><G97/><T40/><D40/><U23/><E91/><V78/><F78/><W125/><G28/><T51/><D37/><U70/><E32/><V82/><F82/><W29/><G29/><T76/><D76/><U134/><E134/><V22/><F22/><W4/><G125/><T123/><D123/><U99/><E99/><V114/><F114/><W77/><G21/><T88/><D88/><U84/><E23/><V49/><F49/><RYUUKYOKU ba="0,0" sc="250,15,240,-15,201,15,309,-15" hai0="6,15,18,20,43,45,50,51,53,58,109,110,111" hai2="17,19,52,55" /><INIT seed="4,1,0,1,0,81" ten="265,225,216,294" oya="0" hai0="25,51,124,67,99,1,5,128,12,132,10,30,102" hai1="38,77,69,92,55,80,121,110,79,2,115,16,61" hai2="73,84,44,19,90,18,119,54,15,0,72,7,45" hai3="114,58,118,109,68,70,95,3,56,83,75,37,106"/><T9/><D67/><U48/><E121/><V20/><F119/><W78/><G106/><T57/><D124/><U74/><E38/><V91/><F0/><W111/><G118/><T39/><D39/><U131/><E110/><N who="3" m="41994" /><G37/><T122/><D122/><U21/><E2/><V47/><F7/><W133/><G114/><T60/><D132/><U11/><E11/><V43/><F43/><W101/><G133/><T17/><D128/><U29/><E29/><V71/><F71/><N who="3" m="27179" /><G3/><T129/><D129/><U126/><E126/><V6/><F6/><W59/><G95/><T24/><D30/><U125/><E125/><V96/><F54/><W82/><G101/><T103/><D103/><U123/><E123/><V14/><F96/><W49/><G83/><T34/><D34/><U85/><E131/><V52/><F52/><W42/><G82/><T116/><D116/><U112/><E77/><V64/><F64/><W31/><G31/><T88/><D102/><U28/><E28/><V108/><F108/><W36/><G78/><T26/><D51/><U100/><E100/><V89/><REACH who="2" step="1"/><F84/><REACH who="2" ten="265,225,206,294" step="2"/><W27/><G75/><T46/><D46/><N who="1" m="28055" /><E74/><V8/><AGARI ba="1,1" hai="8,14,15,18,19,20,44,45,47,72,73,89,90,91" machi="8" ten="30,2000,0" yaku="1,1,0,1,53,0" doraHai="81" doraHaiUra="23" who="2" fromWho="2" sc="265,-11,225,-6,206,33,294,-6" /><INIT seed="5,0,0,2,5,49" ten="254,219,239,288" oya="1" hai0="15,17,98,73,23,46,34,21,8,4,40,95,119" hai1="134,42,115,118,53,38,56,77,41,43,97,63,80" hai2="59,92,96,29,121,74,6,65,104,3,32,110,2" hai3="30,128,81,76,31,85,0,26,71,33,67,131,60"/><U91/><E118/><V126/><F110/><W5/><REACH who="3" step="1"/><G30/><REACH who="3" ten="254,219,239,278" step="2"/><T19/><D119/><U84/><E115/><V69/><F29/><W11/><AGARI ba="0,1" hai="0,5,11,26,31,33,60,67,71,76,81,85,128,131" machi="11" ten="30,7900,0" yaku="21,2,2,1,0,1,53,0" doraHai="49" doraHaiUra="113" who="3" fromWho="3" sc="254,-20,219,-39,239,-20,278,89" /><INIT seed="6,0,0,0,5,127" ten="234,180,219,367" oya="2" hai0="39,82,12,81,45,68,80,115,122,129,23,98,89" hai1="36,11,75,24,16,31,104,72,93,61,96,2,92" hai2="53,100,30,21,132,126,121,130,107,111,73,20,128" hai3="57,62,133,27,1,66,101,105,125,33,51,6,117"/><V29/><F73/><W77/><G125/><T120/><D68/><U91/><E104/><V44/><F126/><W109/><G109/><T63/><D63/><U74/><E36/><V19/><F121/><W90/><G77/><T86/><D39/><U83/><E61/><V79/><F79/><W48/><G133/><T108/><D45/><U3/><E83/><V4/><F4/><W40/><G117/><T119/><D23/><N who="2" m="8778" /><F19/><W13/><G1/><T58/><D58/><U103/><E11/><V50/><F132/><W49/><G101/><T67/><D12/><U37/><E37/><V60/><F60/><W70/><G105/><T123/><D67/><U84/><REACH who="1" step="1"/><E16/><REACH who="1" ten="234,170,219,367" step="2"/><V9/><F9/><N who="3" m="4279" /><G62/><T135/><D135/><U78/><E78/><V22/><F107/><W34/><G49/><T8/><D8/><U113/><E113/><V35/><F50/><W99/><G48/><T94/><D115/><U112/><E112/><V42/><F30/><W87/><G51/><T10/><D10/><U43/><E43/><V106/><F42/><W38/><G40/><T69/><D69/><U95/><E95/><V102/><F106/><W88/><G38/><T134/><D134/><U28/><E28/><V55/><F29/><W110/><G70/><T26/><D26/><U114/><E114/><V64/><F44/><W32/><G27/><T52/><D80/><U41/><E41/><V54/><F55/><W46/><G46/><T59/><D81/><U76/><E76/><V116/><F54/><W131/><G66/><T0/><D52/><U85/><E85/><V18/><F53/><RYUUKYOKU ba="0,1" sc="234,-10,170,30,219,-10,367,-10" hai1="2,3,24,31,72,74,75,84,91,92,93,96,103" /><INIT seed="7,1,1,5,0,4" ten="224,200,209,357" oya="3" hai0="111,93,120,24,130,10,44,62,127,18,102,60,11" hai1="132,70,115,56,1,135,79,35,106,55,85,119,26" hai2="36,100,117,22,54,16,33,94,92,75,15,29,104" hai3="101,84,65,129,124,52,43,113,67,42,20,72,34"/><W7/><G52/><T63/><D120/><U61/><E106/><V81/><F117/><W39/><G39/><T37/><D111/><U23/><E119/><V8/><F33/><W68/><G68/><T95/><D130/><U27/><E1/><V126/><F36/><W123/><G20/><N who="0" m="13335" /><D37/><U58/><E70/><V109/><F109/><W28/><G84/><T118/><D118/><U76/><E115/><V96/><F126/><W131/><G101/><T30/><D127/><U41/><E41/><V108/><F108/><W74/><G43/><T45/><D30/><U82/><E76/><V64/><F64/><W122/><G42/><T83/><D83/><U2/><E2/><V77/><F54/><W88/><G88/><T0/><D0/><U97/><E97/><V6/><F29/><W121/><G28/><T46/><D93/><U48/><E35/><V98/><F98/><AGARI ba="1,1" hai="10,11,44,45,46,60,62,63,95,98,102" m="13335" machi="98" ten="30,3900,0" yaku="8,1,52,2" doraHai="4" who="0" fromWho="2" sc="224,52,200,0,209,-42,357,0" owari="276,8.0,200,-20.0,167,-33.0,357,45.0" /></mjloggm>