<mjloggm ver="2.3"><GO type="225" lobby="0"/><UN n0="%E3%83%88%E3%83%88%E3%83%AA%E5%85%88%E7%94%9F%31%39%E6%AD%B3" n1="%E5%9F%BC%E4%BA%AC%E7%B7%9A" n2="%E3%82%B4%E3%83%9F%E3%82%AF%E3%82%BA%E4%B8%83%E6%AE%B5" n3="%E3%81%82%E3%81%B2%E3%82%8B%E3%81%95%E3%82%93" dan="17,17,16,16" rate="2128.01,2151.77,2050.42,2092.30" sx="F,M,F,M"/><TAIKYOKU oya="0"/><INIT seed="0,0,0,5,3,59" ten="250,250,250,250" oya="0" hai0="14,8,129,69,64,21,9,128,19,35,117,46,118" hai1="71,133,104,99,135,45,127,80,72,98,30,25,83" hai2="81,123,116,54,115,47,61,26,130,88,111,85,20" hai3="39,34,40,55,119,87,68,58,66,70,22,2,67"/><T49/><D49/><U1/><E1/><V102/><F123/><W108/><G34/><T92/><D92/><U94/><E45/><V97/><F115/><W17/><G2/><T113/><D46/><U103/><E71/><N who="3" m="27178" /><G87/><T134/><D113/><U28/><E127/><V101/><F111/><W18/><G22/><T126/><D64/><N who="3" m="24617" /><G17/><T79/><D79/><U57/><E57/><N who="2" m="34999" /><F130/><N who="0" m="50282" /><D69/><U125/><E125/><V56/><F116/><N who="0" m="44650" /><D126/><U78/><E83/><V89/><F47/><N who="3" m="23967" /><G18/><T7/><D35/><U75/><E75/><V109/><F109/><W13/><G119/><T16/><D134/><N who="1" m="51211" /><E25/><V43/><F43/><W24/><G24/><N who="0" m="14375" /><D7/><U5/><E5/><V62/><F89/><AGARI ba="0,0" hai="28,30,72,78,80,89,94,98,99,103,104" m="51211" machi="89" ten="30,1000,0" yaku="20,1" doraHai="59" who="1" fromWho="2" sc="250,0,250,10,250,-10,250,0" /><INIT seed="1,0,0,0,4,0" ten="250,260,240,250" oya="1" hai0="25,70,22,50,47,42,108,104,93,23,130,24,113" hai1="134,100,73,92,10,119,43,46,27,18,71,125,17" hai2="4,67,63,106,123,3,54,111,16,14,112,36,78" hai3="117,75,52,74,66,118,82,7,95,101,89,6,135"/><U127/><E73/><V97/><F123/><W76/><G74/><T32/><D113/><U83/><E71/><V58/><F111/><W64/><G101/><T49/><D104/><U79/><E119/><N who="3" m="45578" /><G135/><T131/><D70/><U35/><E134/><V33/><F112/><W21/><G21/><T15/><D108/><U122/><E122/><V39/><F33/><W53/><G66/><T48/><D32/><U133/><E133/><V121/><F121/><W65/><G65/><T34/><D34/><U124/><E100/><V102/><F78/><W105/><G64/><T11/><D93/><U28/><E92/><V40/><F40/><W12/><G12/><T8/><D42/><U109/><E109/><V86/><F86/><N who="3" m="52663" /><G105/><T85/><D85/><N who="1" m="48383" /><E10/><V44/><F3/><W110/><G110/><T38/><D11/><U41/><E41/><V19/><F4/><AGARI ba="0,0" hai="4,6,7,52,53,75,76,82" m="52663,45578" machi="4" ten="30,8000,1" yaku="12,1,52,3,54,1" doraHai="0" who="3" fromWho="2" sc="250,0,260,0,240,-80,250,80" /><INIT seed="2,0,0,5,4,133" ten="250,260,160,330" oya="2" hai0="75,44,118,28,73,72,47,22,38,66,52,31,86" hai1="1,125,26,107,131,57,127,126,34,120,59,79,36" hai2="99,19,117,85,2,50,104,112,11,63,65,29,116" hai3="77,102,130,81,101,108,7,37,5,89,9,70,92"/><V87/><F112/><W0/><G70/><T13/><D118/><U74/><E131/><V16/><F29/><W27/><G37/><T134/><D134/><U17/><E120/><V64/><F50/><W76/><G108/><T61/><D38/><U121/><E121/><V12/><F2/><W4/><G130/><T20/><D86/><U33/><E107/><V111/><F111/><W43/><G43/><T135/><D135/><U109/><E1/><V106/><F12/><W82/><G27/><T71/><D44/><U114/><E36/><V100/><F99/><N who="3" m="57743" /><G9/><T98/><D98/><U67/><E114/><V78/><F11/><W6/><G0/><T68/><D68/><U119/><E119/><V88/><F100/><N who="3" m="38507" /><G5/><T115/><D115/><U122/><E122/><V124/><F124/><W39/><G39/><T69/><D69/><U46/><E109/><V83/><F83/><AGARI ba="0,0" hai="4,6,7,76,77,81,82,83" m="38507,57743" machi="83" ten="30,1000,0" yaku="8,1" doraHai="133" who="3" fromWho="2" sc="250,0,260,0,160,-10,330,10" /><INIT seed="3,0,0,0,1,24" ten="250,260,150,340" oya="3" hai0="56,50,48,35,120,77,70,106,16,134,53,61,17" hai1="131,114,68,110,72,91,38,60,18,10,87,54,112" hai2="103,104,130,128,90,23,85,59,108,96,88,63,58" hai3="43,26,121,135,83,37,65,75,80,33,115,92,15"/><W109/><G65/><T94/><D120/><U30/><E72/><V66/><F108/><W124/><G92/><T44/><D106/><U36/><E110/><V81/><F128/><W6/><G83/><T55/><D35/><U41/><E131/><V29/><F130/><W7/><G80/><T133/><D77/><U12/><E38/><V116/><F116/><W40/><G40/><T125/><D125/><U14/><E36/><V69/><F23/><W25/><G43/><T73/><D73/><U46/><E41/><V11/><F11/><W79/><G79/><T99/><D70/><U100/><E100/><V67/><F90/><W3/><G37/><T21/><D48/><U89/><E89/><V62/><REACH who="2" step="1"/><F69/><REACH who="2" ten="250,260,140,340" step="2"/><W22/><G22/><T52/><D133/><U19/><E68/><V111/><F111/><W0/><G135/><T34/><D134/><U20/><E91/><V102/><F102/><W101/><G101/><N who="0" m="60663" /><D34/><U4/><E20/><V119/><F119/><W82/><G33/><T1/><D1/><U13/><E10/><V2/><F2/><W31/><G0/><T113/><D113/><U86/><E112/><V49/><F49/><W123/><G3/><T122/><D122/><U9/><E9/><V45/><F45/><W64/><G123/><T93/><D17/><U117/><E19/><V105/><F105/><W28/><G121/><T84/><D44/><U97/><E46/><V126/><F126/><W8/><G124/><T127/><D50/><U27/><E114/><V118/><F118/><W51/><G115/><T132/><D127/><U71/><E117/><RYUUKYOKU ba="0,1" sc="250,-10,260,-10,140,30,340,-10" hai2="29,58,59,62,63,66,67,81,85,88,96,103,104" owari="240,-16.0,250,5.0,170,-33.0,340,44.0" /></mjloggm>