<mjloggm ver="2.3"><GO type="97" lobby="0"/><UN n0="%E3%83%86%E3%83%B3%E3%83%9C%E3%82%A6%E3%81%8F%E3%82%93" n1="%E3%83%88%E3%83%88%E3%83%AA%E5%85%88%E7%94%9F%31%39%E6%AD%B3" n2="%73%69%61%6E%69%6E" n3="%63%6F%6E%75%6C%61" dan="15,13,14,14" rate="1947.14,2061.33,1907.74,1878.31" sx="M,F,F,M"/><TAIKYOKU oya="0"/><INIT seed="0,0,0,0,0,11" ten="250,250,250,250" oya="0" hai0="30,74,9,99,3,53,27,117,14,33,52,32,45" hai1="15,87,50,23,66,101,134,95,126,69,62,0,70" hai2="13,42,8,64,1,65,96,108,12,61,37,127,34" hai3="19,88,21,122,116,83,98,58,59,43,115,56,71"/><T85/><D74/><U38/><E0/><V111/><F127/><W78/><G71/><T6/><D117/><U102/><E38/><V49/><F49/><W51/><G116/><T76/><D33/><U5/><E70/><V25/><F42/><W135/><G115/><T84/><D99/><U112/><E126/><V124/><F124/><W86/><G122/><T60/><D3/><U35/><E35/><V48/><F48/><W40/><G51/><T26/><D26/><U132/><E112/><V129/><F37/><W46/><G46/><T63/><D45/><U130/><E130/><V89/><F129/><W93/><REACH who="3" step="1"/><G135/><REACH who="3" ten="250,250,250,240" step="2"/><T55/><REACH who="0" step="1"/><D76/><REACH who="0" ten="240,250,250,240" step="2"/><U90/><E132/><V2/><F61/><AGARI ba="0,2" hai="6,9,14,27,30,32,52,53,55,60,61,63,84,85" machi="61" ten="40,12000,1" yaku="1,1,2,1,52,1,54,1,53,0" doraHai="11" doraHaiUra="79" who="0" fromWho="2" sc="240,140,250,0,250,-120,240,0" /><INIT seed="0,1,0,1,5,47" ten="380,250,130,240" oya="0" hai0="123,74,50,86,43,93,125,66,4,95,103,28,58" hai1="129,133,30,48,118,59,19,82,27,37,104,46,76" hai2="128,131,107,7,71,109,70,108,119,79,96,42,16" hai3="14,113,85,116,0,9,68,36,75,15,83,40,29"/><T56/><D74/><U105/><E118/><V38/><F79/><W135/><G68/><N who="2" m="26153" /><F16/><W87/><G29/><T23/><D123/><U20/><E129/><N who="2" m="49739" /><F7/><W97/><G116/><T35/><D35/><U21/><E59/><N who="0" m="22569" /><D125/><U67/><E37/><V64/><F64/><W24/><G97/><N who="0" m="59823" /><D4/><U12/><E133/><V51/><F51/><W61/><G135/><T3/><D3/><U72/><REACH who="1" step="1"/><E67/><REACH who="1" ten="380,240,130,240" step="2"/><V81/><F119/><W22/><G36/><T130/><D130/><U60/><E60/><V32/><F81/><W112/><G61/><T5/><D66/><U63/><E63/><V1/><F42/><AGARI ba="1,1" hai="12,19,20,21,27,30,42,46,48,72,76,82,104,105" machi="42" ten="30,3900,0" yaku="1,1,7,1,52,1,53,0" doraHai="47" doraHaiUra="134" who="1" fromWho="2" sc="380,0,240,52,130,-42,240,0" /><INIT seed="1,0,0,2,4,84" ten="380,292,88,240" oya="1" hai0="122,28,37,49,41,63,90,128,58,48,115,119,120" hai1="67,16,33,29,112,126,0,27,30,66,103,3,110" hai2="99,97,56,79,132,11,4,93,77,118,14,47,131" hai3="92,40,80,135,7,71,31,32,8,111,75,26,23"/><U86/><E112/><V9/><F118/><W85/><G71/><T13/><D115/><U102/><E126/><V125/><F125/><W6/><G135/><T36/><D119/><U104/><E110/><V34/><F34/><W106/><G106/><T69/><D28/><U64/><E104/><V101/><F131/><W21/><G111/><T88/><D69/><U127/><E127/><V91/><F132/><W54/><G40/><T105/><D13/><U72/><E72/><V89/><F47/><W62/><G7/><T20/><D20/><N who="1" m="13703" /><E33/><V61/><F11/><W2/><G75/><T60/><D105/><U1/><E86/><V76/><REACH who="2" step="1"/><F99/><REACH who="2" ten="380,292,78,240" step="2"/><W109/><G109/><T24/><D128/><U129/><E129/><V98/><F98/><W68/><G8/><T19/><D41/><U42/><E42/><V96/><F96/><W44/><G32/><T108/><D108/><U130/><E130/><V123/><F123/><W116/><G116/><T5/><D5/><U114/><E114/><V45/><F45/><W57/><G6/><T95/><D58/><U22/><E22/><V78/><N who="2" m="19968" /><DORA hai="43" /><V52/><AGARI ba="0,1" hai="4,9,14,52,56,61,89,91,93,97,101" m="19968" machi="52" ten="40,16000,3" yaku="1,1,4,1,0,1,8,1,52,2,54,1,53,1" doraHai="84,43" doraHaiUra="50,46" who="2" fromWho="2" sc="380,-40,292,-80,78,170,240,-40" /><INIT seed="2,0,0,4,3,9" ten="340,212,248,200" oya="2" hai0="87,59,113,64,1,14,19,71,13,131,63,69,82" hai1="31,52,11,76,30,103,96,124,112,26,18,86,7" hai2="100,41,16,3,62,79,78,85,129,119,54,37,99" hai3="74,135,104,95,48,6,66,45,47,110,60,57,101"/><V65/><F119/><W123/><G104/><T34/><D1/><U97/><E112/><V44/><F3/><W15/><G123/><T61/><D113/><U127/><E76/><V29/><F129/><W53/><G74/><T10/><D34/><U121/><E121/><V22/><F29/><W84/><G135/><T91/><D131/><U51/><E86/><V92/><F54/><W109/><G45/><T20/><D63/><U38/><E38/><V108/><F108/><W94/><G101/><T36/><D36/><U32/><E18/><AGARI ba="0,0" hai="10,13,14,18,19,20,59,61,64,69,71,82,87,91" machi="18" ten="30,3900,0" yaku="7,1,52,2" doraHai="9" who="0" fromWho="1" sc="340,39,212,-39,248,0,200,0" /><INIT seed="3,0,0,5,4,107" ten="379,173,248,200" oya="3" hai0="60,34,15,0,12,9,64,72,46,7,67,49,63" hai1="85,117,58,122,13,92,115,112,16,43,94,11,55" hai2="59,126,82,96,129,78,40,36,119,31,41,4,86" hai3="45,93,38,89,120,29,84,39,124,98,56,24,105"/><W61/><G45/><T57/><D72/><U121/><E117/><V111/><F119/><W65/><G120/><T3/><D34/><U99/><E43/><V48/><F111/><W68/><G124/><T106/><D106/><U104/><E104/><V37/><F126/><W103/><REACH who="3" step="1"/><G56/><REACH who="3" ten="379,173,248,190" step="2"/><T52/><D0/><U70/><E70/><AGARI ba="0,1" hai="3,7,9,12,15,46,49,52,57,60,63,64,67,70" machi="70" ten="30,2000,0" yaku="7,1,54,1" doraHai="107" who="0" fromWho="1" sc="379,30,173,-20,248,0,190,0" owari="409,51.0,153,-35.0,248,5.0,190,-21.0" /></mjloggm>