<mjloggm ver="2.3"><GO type="225" lobby="0"/><UN n0="%E3%83%A1%E3%82%AC%E3%83%8D%E9%83%A8%E9%95%B7" n1="%EF%BC%AB%EF%BC%92" n2="%E5%A9%9A%E6%B4%BB%E7%94%9F%40%E5%B7%9D%E6%9D%91%E8%BB%8D%E5%9B%A3" n3="%E3%83%88%E3%83%88%E3%83%AA%E5%85%88%E7%94%9F%31%39%E6%AD%B3" dan="16,16,16,17" rate="2171.88,2064.57,2054.00,2131.67" sx="M,M,M,F"/><TAIKYOKU oya="0"/><INIT seed="0,0,0,0,1,11" ten="250,250,250,250" oya="0" hai0="42,102,74,69,9,79,77,107,64,58,4,55,114" hai1="33,8,46,131,19,2,0,29,121,118,18,75,35" hai2="84,1,51,80,49,76,27,108,3,73,83,126,45" hai3="47,86,39,61,25,94,134,43,119,91,17,101,116"/><T115/><D42/><U36/><E75/><V124/><F108/><W127/><G134/><T34/><D34/><U113/><E36/><V62/><F62/><W5/><G127/><N who="2" m="48681" /><F27/><W106/><G5/><T21/><D64/><U52/><E118/><V110/><F110/><W31/><G101/><T57/><D69/><U93/><E121/><V53/><F49/><W71/><G106/><T97/><D57/><U111/><E111/><V56/><F45/><W30/><G30/><T72/><D74/><U37/><E113/><V59/><F56/><W20/><G71/><T98/><D98/><U26/><E35/><V13/><F13/><W133/><G133/><T112/><D21/><U81/><E37/><V32/><F32/><W105/><G105/><T41/><D72/><U50/><E81/><V24/><F24/><W22/><REACH who="3" step="1"/><G61/><REACH who="3" ten="250,250,250,240" step="2"/><T68/><D68/><U103/><E103/><V109/><F109/><W12/><AGARI ba="0,1" hai="12,17,20,22,25,31,39,43,47,86,91,94,116,119" machi="12" ten="20,8000,1" yaku="1,1,2,1,0,1,7,1,52,1,53,0" doraHai="11" doraHaiUra="60" who="3" fromWho="3" sc="250,-40,250,-20,250,-20,240,90" /><INIT seed="1,0,0,2,4,72" ten="210,230,230,330" oya="1" hai0="125,4,62,115,17,15,59,97,108,124,35,50,61" hai1="68,76,134,46,96,94,31,41,57,110,43,42,51" hai2="114,123,27,33,77,78,127,8,29,26,24,80,118" hai3="109,75,32,107,133,28,53,16,103,56,47,101,85"/><U69/><E134/><V89/><F123/><W131/><G75/><T117/><D35/><U58/><E31/><V36/><F118/><W92/><G133/><T10/><D115/><U45/><E76/><N who="2" m="29291" /><F36/><W30/><G107/><T88/><D108/><U112/><E112/><V128/><F114/><W13/><G131/><T70/><D117/><U37/><E110/><V74/><F74/><W100/><G47/><T126/><D70/><N who="1" m="27243" /><E94/><V21/><F33/><W0/><G0/><T82/><D50/><U39/><E96/><V71/><F71/><W20/><G109/><T120/><D120/><U132/><E132/><V67/><F67/><W87/><G32/><T119/><D119/><U60/><E60/><N who="0" m="23145" /><D59/><N who="1" m="22539" /><E51/><V106/><F106/><W130/><G130/><T5/><D97/><U93/><E93/><V104/><F104/><W91/><G87/><AGARI ba="0,0" hai="4,5,10,15,17,82,87,88,124,125,126" m="23145" machi="87" ten="40,2600,0" yaku="18,1,54,1" doraHai="72" who="0" fromWho="3" sc="210,26,230,0,230,0,330,-26" /><INIT seed="2,0,0,5,2,113" ten="236,230,230,304" oya="2" hai0="63,123,104,45,66,118,82,60,128,46,35,18,110" hai1="93,89,115,34,86,37,100,28,3,120,39,101,80" hai2="72,125,61,103,119,19,32,53,49,122,14,21,44" hai3="134,42,5,94,2,31,127,30,41,67,54,133,96"/><V57/><F122/><W97/><G127/><T51/><D104/><U79/><E120/><V75/><F125/><W64/><G54/><T108/><D35/><U48/><E3/><V114/><F114/><W12/><G2/><T58/><D82/><U70/><E70/><V27/><F103/><W13/><G94/><T83/><D83/><U43/><E115/><V55/><F32/><W78/><G5/><T50/><D18/><U52/><E43/><V24/><REACH who="2" step="1"/><F119/><REACH who="2" ten="236,230,220,304" step="2"/><W0/><G134/><T62/><D123/><U98/><E101/><V99/><F99/><W23/><G96/><T7/><D118/><U126/><E126/><V36/><F36/><W59/><G97/><T131/><D7/><U29/><E34/><V135/><F135/><W15/><G133/><T130/><D108/><U109/><E109/><V38/><F38/><W74/><G74/><AGARI ba="0,1" hai="14,19,21,24,27,44,49,53,55,57,61,72,74,75" machi="74" ten="40,7700,0" yaku="1,1,53,2" doraHai="113" doraHaiUra="20" who="2" fromWho="3" sc="236,0,230,0,220,87,304,-77" /><INIT seed="2,1,0,4,4,57" ten="236,230,307,227" oya="2" hai0="17,42,35,130,117,8,47,125,121,84,33,12,25" hai1="16,85,11,76,116,100,53,98,28,29,60,119,122" hai2="54,37,19,118,64,58,38,44,89,113,56,86,107" hai3="93,3,48,88,39,135,41,71,105,104,110,74,26"/><V109/><F107/><W90/><G71/><T49/><D121/><U65/><E122/><V30/><F118/><W40/><G74/><T131/><D117/><U14/><E119/><V129/><F113/><W7/><G39/><T70/><D70/><U27/><E116/><V69/><F30/><W124/><G110/><T13/><D125/><U32/><E29/><V34/><F34/><W5/><G124/><T1/><D1/><U108/><E108/><V2/><F2/><W78/><G78/><T24/><D84/><U97/><E53/><V46/><F109/><W106/><G135/><T101/><D101/><U66/><E66/><V81/><F129/><N who="0" m="49162" /><D13/><U45/><E45/><N who="2" m="17515" /><F69/><W95/><G48/><T51/><D49/><U123/><E123/><V21/><F38/><W62/><G26/><AGARI ba="1,0" hai="8,12,17,24,25,26,33,35,42,47,51" m="49162" machi="26" ten="30,1000,0" yaku="19,1" doraHai="57" who="0" fromWho="3" sc="236,13,230,0,307,0,227,-13" /><INIT seed="3,0,0,4,4,13" ten="249,230,307,214" oya="3" hai0="21,110,84,121,68,96,51,81,7,100,108,112,62" hai1="82,50,43,53,134,22,95,18,3,1,12,83,4" hai2="79,104,67,25,20,74,8,80,115,55,111,17,109" hai3="35,102,10,98,89,45,44,48,57,122,63,91,135"/><W107/><G122/><T41/><D121/><U26/><E134/><V118/><F118/><W87/><G135/><T29/><D112/><U49/><E3/><V34/><F115/><W14/><G35/><T36/><D7/><U124/><E1/><V117/><F104/><W58/><G89/><T99/><D36/><U9/><E124/><V59/><F117/><W16/><G63/><T61/><D68/><U97/><E43/><V77/><F77/><W132/><G132/><T92/><D99/><U30/><E30/><V94/><F67/><W70/><G70/><T65/><D65/><U46/><REACH who="1" step="1"/><E50/><REACH who="1" ten="249,220,307,214" step="2"/><V75/><F34/><W120/><G120/><T126/><D51/><U2/><E2/><V54/><F109/><N who="0" m="42090" /><D41/><U85/><E85/><V72/><F111/><W88/><G91/><AGARI ba="0,1" hai="4,9,12,18,22,26,46,49,53,82,83,91,95,97" machi="91" ten="30,7700,0" yaku="1,1,7,1,8,1,52,1,53,0" doraHai="13" doraHaiUra="131" who="1" fromWho="3" sc="249,0,220,87,307,0,214,-77" owari="249,-15.0,307,40.0,307,11.0,137,-36.0" /></mjloggm>