<mjloggm ver="2.3"><GO type="169" lobby="0"/><UN n0="%6B%6F%6B%75%73%68%69%61" n1="%E6%93%8D" n2="%E3%82%A6%E3%83%AB%E3%83%88%E3%83%A9%E7%AB%8B%E7%9B%B4" n3="%E5%A4%A9%E9%BC%93" dan="16,16,17,17" rate="2086.38,2125.08,2155.31,2101.40" sx="M,M,M,M"/><TAIKYOKU oya="0"/><INIT seed="0,0,0,0,1,36" ten="250,250,250,250" oya="0" hai0="7,33,13,26,66,9,98,82,38,92,25,120,69" hai1="45,89,10,90,62,61,110,91,14,74,28,71,42" hai2="35,117,128,51,124,133,54,130,106,123,101,103,6" hai3="116,125,87,118,81,65,104,8,72,64,121,70,75"/><T105/><D105/><U114/><E74/><V108/><F123/><W83/><G104/><T79/><D120/><U84/><E110/><V22/><F35/><W113/><G121/><T48/><D38/><U78/><E28/><V60/><F108/><W88/><G113/><T111/><D111/><U18/><E114/><V57/><F124/><W59/><G70/><T15/><D33/><U30/><E30/><V85/><F133/><W77/><G125/><T41/><D66/><U27/><E27/><V3/><F117/><W53/><G75/><T134/><D69/><U63/><E78/><V16/><F106/><W68/><G8/><T122/><D15/><U29/><E29/><V34/><F34/><W40/><G40/><T127/><D134/><U23/><E23/><V102/><F85/><W0/><G0/><T21/><D21/><U11/><E11/><V76/><F76/><W109/><G109/><T47/><D127/><U4/><E71/><V73/><F73/><W94/><G81/><T5/><D7/><U119/><E119/><V129/><F6/><W55/><G55/><T132/><D132/><U131/><E131/><V1/><REACH who="2" step="1"/><F60/><REACH who="2" ten="250,250,240,250" step="2"/><N who="3" m="39975" /><G118/><T56/><D122/><U96/><E96/><V97/><F97/><W99/><G72/><T135/><D135/><U31/><E4/><V32/><F32/><W17/><G116/><T93/><D98/><U50/><REACH who="1" step="1"/><E31/><REACH who="1" ten="250,240,240,250" step="2"/><V67/><F67/><W115/><G115/><T52/><D5/><U112/><E112/><V44/><F44/><W49/><G64/><T12/><D47/><U20/><E20/><V107/><F107/><RYUUKYOKU ba="0,2" sc="250,-30,240,10,240,10,250,10" hai1="10,14,18,42,45,50,61,62,63,84,89,90,91" hai2="1,3,16,22,51,54,57,101,102,103,128,129,130" hai3="17,49,53,59,77,83,87,88,94,99" /><INIT seed="1,1,2,0,4,1" ten="220,250,250,260" oya="1" hai0="128,3,125,135,52,22,76,19,11,133,93,10,55" hai1="33,104,75,134,9,97,118,2,17,81,49,7,20" hai2="12,66,56,80,106,86,82,50,57,94,48,115,38" hai3="34,62,105,30,44,108,113,122,99,61,21,25,121"/><U107/><E118/><V59/><F106/><W78/><G113/><T28/><D28/><U73/><E33/><V14/><F38/><W120/><G108/><T79/><D128/><U41/><E134/><N who="0" m="51209" /><D125/><U110/><E110/><V47/><F66/><W102/><G78/><N who="0" m="29739" /><D93/><U70/><E70/><V26/><F115/><W116/><G116/><T119/><D119/><U77/><E75/><V131/><F131/><W42/><REACH who="3" step="1"/><G34/><REACH who="3" ten="220,250,250,250" step="2"/><T129/><D129/><U53/><E97/><V124/><F124/><W74/><G74/><T13/><D3/><U40/><E107/><V72/><F72/><W89/><G89/><T109/><D109/><U67/><E104/><V24/><F86/><W63/><G63/><T83/><D83/><U130/><E130/><V32/><F32/><W29/><G29/><T123/><D123/><U54/><E81/><V95/><F94/><W132/><G132/><T36/><D36/><AGARI ba="1,3" hai="21,25,30,36,42,44,61,62,99,102,105,120,121,122" machi="36" ten="40,1300,0" yaku="1,1,53,0" doraHai="1" doraHaiUra="6" who="3" fromWho="0" sc="220,-16,250,0,250,0,250,46" /><INIT seed="2,0,0,3,1,35" ten="204,250,250,296" oya="2" hai0="114,135,104,103,23,112,48,110,44,100,87,125,30" hai1="42,119,82,123,31,10,26,55,96,95,50,79,124" hai2="117,57,61,84,14,12,28,81,13,16,54,6,27" hai3="129,116,132,99,64,9,74,4,37,69,52,20,121"/><V67/><F117/><W39/><G116/><T115/><D110/><U105/><E105/><V22/><F6/><W66/><G121/><T91/><D125/><U133/><E119/><V29/><REACH who="2" step="1"/><F67/><REACH who="2" ten="204,250,240,296" step="2"/><W15/><G66/><T33/><D115/><U5/><E123/><V71/><F71/><W45/><G64/><T75/><D114/><U70/><E70/><V11/><F11/><W90/><G69/><T86/><D112/><U98/><E10/><V88/><AGARI ba="0,1" hai="12,13,14,16,22,27,28,29,54,57,61,81,84,88" machi="88" ten="30,12000,1" yaku="1,1,0,1,8,1,54,2,53,0" doraHai="35" doraHaiUra="65" who="2" fromWho="2" sc="204,-40,250,-40,240,130,296,-40" /><INIT seed="2,1,0,3,1,115" ten="164,210,370,256" oya="2" hai0="116,3,18,55,10,93,114,72,34,69,133,132,106" hai1="54,135,67,79,91,29,40,134,96,16,46,83,105" hai2="57,84,103,22,99,126,49,2,75,94,19,36,119" hai3="52,7,39,110,37,60,26,61,92,1,112,77,90"/><V58/><F36/><W13/><G112/><T109/><RYUUKYOKU type="yao9" ba="1,0" sc="164,0,210,0,370,0,256,0" hai0="3,10,18,34,55,69,72,93,106,109,114,116,132,133" /><INIT seed="2,2,0,5,3,90" ten="164,210,370,256" oya="2" hai0="86,59,36,100,106,71,23,48,44,93,52,80,135" hai1="76,30,107,109,13,95,56,119,25,9,121,12,20" hai2="134,29,67,55,78,122,19,92,77,32,114,10,5" hai3="8,62,117,42,110,68,28,101,94,64,51,73,123"/><V39/><F122/><W57/><G123/><T111/><D111/><U105/><E121/><V27/><F114/><W14/><G117/><T3/><D135/><U37/><E37/><V96/><F134/><W115/><G73/><T33/><D33/><U124/><E119/><V91/><F39/><W2/><G110/><T85/><D3/><U133/><E133/><V99/><F67/><W35/><G115/><T108/><D108/><U26/><E76/><V74/><F74/><W50/><G2/><T49/><D36/><U31/><E109/><V98/><F19/><W70/><G35/><T60/><D106/><U125/><E56/><V102/><F55/><W18/><G28/><T40/><D23/><U75/><E75/><V34/><F34/><W41/><G68/><T103/><D71/><U88/><E107/><V84/><REACH who="2" step="1"/><F102/><REACH who="2" ten="164,210,360,256" step="2"/><W24/><G70/><T129/><D103/><U104/><E104/><V69/><F69/><W1/><G101/><T21/><D100/><U45/><E105/><V63/><F63/><W89/><G50/><T15/><D49/><U16/><E31/><V38/><F38/><W66/><G51/><T116/><D48/><U53/><E53/><V112/><F112/><W6/><G66/><T61/><D52/><U54/><E54/><V79/><F79/><W46/><G46/><T132/><D44/><U128/><E45/><V126/><F126/><W47/><G47/><T81/><D132/><U4/><E30/><V72/><F72/><W58/><G64/><T83/><D61/><U87/><E128/><V118/><F118/><W97/><G62/><RYUUKYOKU ba="2,1" sc="164,-15,210,15,360,15,256,-15" hai1="4,9,12,13,16,20,25,26,87,88,95,124,125" hai2="5,10,27,29,32,77,78,84,91,92,96,98,99" /><INIT seed="2,3,1,1,0,88" ten="149,225,375,241" oya="2" hai0="121,13,116,98,69,130,92,28,35,99,49,30,71" hai1="129,6,127,20,123,3,0,105,27,107,45,16,64" hai2="103,61,114,67,7,31,22,108,106,73,32,120,21" hai3="41,76,125,132,81,72,60,110,36,91,115,124,43"/><V44/><F73/><W74/><G110/><T39/><D39/><U70/><E129/><V93/><F120/><W5/><G132/><T102/><D121/><U18/><E127/><N who="3" m="48714" /><G115/><T94/><D130/><U97/><E123/><V83/><F83/><N who="3" m="45447" /><G36/><T56/><D116/><U65/><E45/><V55/><F7/><W86/><G5/><T75/><D75/><U23/><E97/><N who="2" m="61807" /><F93/><N who="3" m="54519" /><G60/><T59/><D49/><U42/><E42/><V17/><F17/><W87/><G74/><T8/><D13/><U40/><E40/><V85/><F108/><W51/><G51/><T80/><D80/><U38/><E6/><V89/><F114/><W1/><G1/><T15/><D15/><U9/><E38/><V12/><F12/><W34/><G34/><T82/><D82/><U33/><E33/><V113/><F113/><W48/><G48/><T109/><D35/><U119/><E119/><V24/><F55/><W101/><G101/><T14/><D14/><U95/><E9/><V52/><F52/><W10/><G10/><T19/><D8/><U112/><E112/><V135/><F135/><W117/><G117/><T47/><D102/><U29/><E29/><V128/><F128/><W53/><G53/><T50/><D50/><U104/><E3/><V111/><F111/><W46/><G46/><T26/><D109/><U122/><E0/><V62/><F44/><W133/><G133/><T66/><D47/><U118/><E122/><V68/><F62/><W25/><G25/><T2/><D2/><U11/><E118/><V84/><F61/><W79/><AGARI ba="3,1" hai="41,43,79,81,87" m="54519,45447,48714" machi="79" ten="30,2000,0" yaku="18,1,52,1" doraHai="88" who="3" fromWho="3" sc="149,-8,225,-8,375,-13,241,39" /><INIT seed="3,0,0,5,2,72" ten="141,217,362,280" oya="3" hai0="85,132,60,50,125,77,70,59,13,123,83,36,21" hai1="48,90,81,114,16,107,84,25,32,80,89,14,128" hai2="111,75,93,3,22,102,69,74,29,38,79,112,91" hai3="96,17,71,135,82,44,66,43,130,101,2,33,52"/><W109/><G135/><T53/><D123/><U20/><E114/><V104/><F3/><W94/><G130/><T67/><D125/><U31/><E107/><V24/><F69/><W55/><G109/><T5/><D132/><U78/><E128/><V45/><F75/><W41/><G33/><T18/><D36/><U42/><E42/><V106/><F112/><W27/><G2/><T117/><REACH who="0" step="1"/><D5/><REACH who="0" ten="131,217,362,280" step="2"/><U103/><E103/><V68/><F102/><W19/><G101/><T105/><D105/><U54/><REACH who="1" step="1"/><E81/><REACH who="1" ten="131,207,362,280" step="2"/><V64/><F106/><W100/><G82/><T8/><D8/><U46/><AGARI ba="0,2" hai="14,16,20,25,31,32,46,48,54,78,80,84,89,90" machi="46" ten="20,12000,2" yaku="1,1,2,1,0,1,7,1,52,1,54,1,53,0" doraHai="72" doraHaiUra="1" who="1" fromWho="1" sc="131,-30,207,140,362,-30,280,-60" /><INIT seed="4,0,0,1,2,86" ten="101,347,332,220" oya="0" hai0="57,103,126,21,128,120,4,77,37,63,16,85,39" hai1="31,105,14,24,38,44,2,40,83,122,66,101,5" hai2="53,17,18,30,76,72,99,20,95,106,74,78,12" hai3="109,111,131,82,41,28,69,6,8,97,134,92,79"/><T32/><D120/><U135/><E122/><V15/><F106/><W110/><G131/><T115/><D128/><U26/><E14/><V114/><F114/><W96/><G69/><T132/><D115/><U123/><E123/><V0/><F0/><W22/><G134/><T94/><D132/><U107/><E135/><V9/><F30/><W100/><G41/><T130/><D130/><U10/><E26/><V93/><F53/><W65/><G65/><T25/><D4/><U52/><E66/><V49/><F49/><W70/><G70/><T42/><D126/><U43/><E43/><V124/><F124/><W68/><G68/><T73/><D73/><U59/><E101/><V54/><F54/><W133/><G133/><T55/><D32/><U116/><E83/><V45/><F45/><W129/><G129/><T67/><D42/><U104/><E116/><V88/><F74/><W112/><G112/><T71/><D77/><U47/><E47/><V89/><F72/><W125/><G125/><T91/><REACH who="0" step="1"/><D103/><REACH who="0" ten="91,347,332,220" step="2"/><U102/><E102/><V98/><AGARI ba="0,1" hai="9,12,15,17,18,20,76,78,88,89,93,95,98,99" machi="98" ten="20,12000,2" yaku="0,1,7,1,9,1,8,1,52,2,54,1" doraHai="86" who="2" fromWho="2" sc="91,-60,347,-30,332,130,220,-30" /><INIT seed="5,0,0,2,5,95" ten="31,317,462,190" oya="1" hai0="87,82,116,114,94,122,96,6,35,67,81,121,20" hai1="93,79,7,24,54,63,48,98,25,115,32,45,133" hai2="29,12,38,40,18,110,74,112,111,103,37,56,99" hai3="124,60,44,107,49,0,91,86,62,53,51,28,83"/><U69/><E133/><V90/><F74/><W123/><G123/><N who="0" m="47115" /><D35/><U46/><E115/><V50/><F29/><W131/><G0/><T15/><D67/><U57/><E79/><V89/><F112/><W130/><G124/><T100/><D20/><U102/><E7/><V80/><F89/><W1/><G1/><T8/><D15/><U135/><E135/><V126/><F126/><W39/><G39/><T30/><D8/><U97/><E69/><V132/><F132/><W125/><G125/><T66/><D66/><U10/><E10/><V117/><F117/><W17/><G28/><T108/><D30/><U11/><E11/><V127/><F127/><W33/><G33/><T129/><D6/><U61/><E32/><V134/><F134/><W31/><G31/><T70/><D70/><U88/><E25/><V92/><F38/><W34/><G17/><T23/><D23/><U84/><E24/><V21/><F37/><W27/><G27/><T106/><D114/><U128/><E128/><V42/><F111/><W41/><G34/><T52/><D129/><N who="3" m="49161" /><G107/><T73/><D52/><U72/><E72/><V76/><F110/><W3/><G3/><T14/><D14/><U13/><E13/><V16/><F18/><W47/><AGARI ba="0,0" hai="41,44,47,49,51,53,60,62,83,86,91" m="49161" machi="47" ten="30,1100,0" yaku="19,1" doraHai="95" who="3" fromWho="3" sc="31,-3,317,-5,462,-3,190,11" /><INIT seed="6,0,0,0,2,123" ten="28,312,459,201" oya="2" hai0="81,91,16,70,113,63,78,95,107,11,135,35,13" hai1="67,12,38,76,83,53,97,9,126,24,100,41,3" hai2="44,43,21,29,64,58,88,39,34,7,120,27,57" hai3="15,80,133,56,25,79,1,90,45,114,2,128,4"/><V109/><F120/><W119/><G119/><T6/><D107/><U101/><E3/><V51/><F7/><W98/><G133/><T72/><D35/><U22/><E67/><V99/><F64/><W19/><G128/><T5/><D113/><U32/><E32/><V129/><F129/><W112/><G25/><T14/><D135/><U62/><E41/><V61/><F61/><W46/><G56/><T116/><D116/><U74/><E38/><V49/><F34/><W36/><G90/><T121/><D121/><U124/><E53/><V130/><F130/><W31/><G98/><T85/><D70/><U104/><E101/><V127/><F127/><W103/><G103/><T18/><REACH who="0" step="1"/><D63/><REACH who="0" ten="18,312,459,201" step="2"/><U84/><E62/><V125/><F125/><W68/><G68/><T92/><D92/><U86/><E104/><V93/><F39/><W115/><G36/><T28/><D28/><U108/><E126/><V134/><F134/><W50/><G31/><T48/><D48/><U23/><E124/><V33/><F33/><W20/><G50/><T47/><D47/><U77/><E83/><V96/><F51/><W73/><G46/><T94/><D94/><U87/><E74/><V30/><F30/><W102/><G45/><T60/><D60/><U37/><E37/><V17/><F29/><W89/><G115/><T110/><D110/><U26/><E108/><V8/><F109/><W122/><G112/><T59/><D59/><U118/><E118/><V10/><F58/><W52/><G122/><T117/><D117/><U66/><E66/><V82/><F57/><W71/><G114/><RYUUKYOKU ba="0,1" sc="18,30,312,-10,459,-10,201,-10" hai0="5,6,11,13,14,16,18,72,78,81,85,91,95" /><INIT seed="7,1,1,5,5,87" ten="48,302,449,191" oya="3" hai0="22,16,75,32,2,84,121,43,41,89,38,54,57" hai1="98,79,37,110,94,66,114,83,122,13,6,63,111" hai2="77,49,60,97,68,86,26,10,33,85,99,4,7" hai3="12,64,91,39,19,74,134,28,48,127,123,1,133"/><W14/><G39/><T108/><D108/><U116/><E37/><V44/><F68/><W128/><G1/><T103/><D121/><U21/><E122/><V35/><F60/><W8/><G123/><T126/><D126/><U132/><E116/><V11/><F77/><W118/><G118/><T51/><D32/><U65/><E132/><V78/><F78/><W53/><G74/><T18/><D75/><U95/><E95/><V80/><F49/><W119/><G64/><T52/><D2/><U96/><E96/><V67/><F44/><W130/><G28/><T20/><D38/><U58/><E66/><V115/><F26/><W113/><G113/><T47/><D103/><U46/><E46/><V104/><F104/><W36/><G36/><T93/><D22/><U71/><E114/><V112/><F80/><W31/><G31/><T125/><D125/><U107/><E107/><V131/><F67/><W27/><G27/><N who="0" m="14727" /><D18/><U129/><E71/><V30/><F30/><W105/><G127/><T24/><D24/><U120/><E120/><V82/><F82/><W5/><G119/><T62/><D41/><U101/><E111/><V42/><F42/><W106/><G106/><T29/><D29/><U72/><E110/><V61/><F61/><W92/><G105/><T50/><D43/><U55/><E72/><V73/><F73/><W25/><G25/><T109/><D109/><U100/><E65/><V124/><F124/><W90/><G134/><T135/><D135/><U117/><E117/><V45/><F45/><W69/><G133/><T70/><D70/><U88/><E6/><RYUUKYOKU ba="1,1" sc="48,15,302,-15,449,15,191,-15" hai0="47,50,51,52,54,57,62,84,89,93" hai2="4,7,10,11,33,35,85,86,97,99,112,115,131" owari="63,-44.0,287,9.0,474,57.0,176,-22.0" /></mjloggm>