<mjloggm ver="2.3"><GO type="97" lobby="0"/><UN n0="%41%4F%4F%41" n1="%E3%81%97%E3%82%87%E3%81%86%E3%82%8A%E3%82%93%E3%81%B9%E3%82%93" n2="%E3%81%AF%E3%81%8B%E3%81%AA%E3%81%8D%E5%A4%A2" n3="%E5%B0%B1%E6%B4%BB%E7%94%9F%40%E5%B7%9D%E6%9D%91%E8%BB%8D%E5%9B%A3" dan="13,13,17,15" rate="1856.71,1859.60,2009.42,2011.64" sx="M,M,M,M"/><TAIKYOKU oya="0"/><INIT seed="0,0,0,0,4,17" ten="250,250,250,250" oya="0" hai0="52,111,112,23,113,70,102,100,123,5,45,30,135" hai1="129,109,108,28,42,75,31,19,131,125,2,13,10" hai2="66,27,53,72,29,36,96,40,8,76,57,62,59" hai3="51,61,43,126,84,35,87,134,78,79,24,73,115"/><T64/><D123/><U82/><E42/><V37/><F40/><W32/><G115/><T91/><D135/><U81/><E75/><V56/><F8/><W117/><G117/><T99/><D5/><N who="1" m="1335" /><E81/><V44/><F44/><N who="3" m="26015" /><G35/><T93/><D70/><U60/><E82/><V130/><F130/><N who="1" m="49673" /><E60/><V101/><F76/><N who="3" m="29227" /><G32/><T74/><D74/><U49/><E125/><V6/><F6/><W83/><G73/><T20/><D30/><N who="1" m="11307" /><E49/><V39/><F72/><W65/><G126/><T114/><D64/><U11/><AGARI ba="0,0" hai="11,13,19,108,109" m="11307,49673,1335" machi="11" ten="30,4000,0" yaku="19,1,34,2" doraHai="17" who="1" fromWho="1" sc="250,-20,250,40,250,-10,250,-10" /><INIT seed="1,0,0,5,1,64" ten="230,290,240,240" oya="1" hai0="47,18,45,34,6,97,79,120,83,44,32,94,133" hai1="31,37,124,39,25,88,93,4,71,19,101,61,67" hai2="126,46,77,35,91,42,0,41,127,116,78,40,68" hai3="82,26,76,72,100,123,90,62,3,110,12,30,22"/><U121/><E124/><N who="2" m="47659" /><F116/><W105/><G3/><T29/><D133/><U107/><E121/><V28/><F0/><W80/><G110/><T81/><D120/><U96/><E4/><V74/><F46/><W132/><G123/><T95/><D6/><U128/><E19/><V50/><F50/><W85/><G132/><T1/><D1/><U63/><E61/><V2/><F2/><W60/><G105/><T109/><D18/><U98/><REACH who="1" step="1"/><E128/><REACH who="1" ten="230,280,240,240" step="2"/><V56/><F28/><W84/><G72/><T129/><D29/><U54/><E54/><V102/><F74/><W113/><G113/><T99/><D129/><U111/><E111/><V119/><F119/><W48/><G62/><T53/><D53/><U9/><E9/><V55/><F35/><AGARI ba="0,1" hai="25,31,35,37,39,63,67,71,88,93,96,98,101,107" machi="35" ten="30,18000,2" yaku="1,1,7,1,25,2,52,1,54,1,53,1" doraHai="64" doraHaiUra="89" who="1" fromWho="2" sc="230,0,280,190,240,-180,240,0" /><INIT seed="1,1,0,0,2,45" ten="230,470,60,240" oya="1" hai0="61,55,14,28,89,51,104,38,85,134,8,125,123" hai1="27,49,24,118,71,109,95,18,58,11,100,70,103" hai2="40,25,47,122,107,29,106,97,9,99,131,26,98" hai3="90,42,124,57,2,84,127,111,67,35,105,135,3"/><U91/><E118/><V117/><F122/><W12/><G105/><T56/><D104/><U19/><E71/><V112/><F117/><W86/><G35/><T52/><D38/><U75/><E70/><V69/><F69/><W1/><G42/><T46/><D125/><N who="3" m="48201" /><G111/><T80/><D134/><U48/><E75/><V43/><F131/><W133/><G12/><T36/><D36/><U4/><E109/><V115/><F9/><W72/><G72/><T116/><D116/><U93/><E58/><V120/><F120/><W44/><G44/><T119/><D119/><U92/><E91/><V87/><F87/><N who="3" m="33323" /><G90/><T126/><D126/><U30/><E30/><V41/><F47/><W96/><G96/><T101/><D123/><U23/><E4/><V68/><F68/><W74/><G74/><T66/><D28/><U53/><E11/><V54/><F54/><W62/><AGARI ba="1,0" hai="1,2,3,57,62,67,133,135" m="33323,48201" machi="62" ten="40,1500,0" yaku="18,1" doraHai="45" who="3" fromWho="3" sc="230,-5,470,-8,60,-5,240,18" /><INIT seed="2,0,0,5,0,12" ten="225,462,55,258" oya="2" hai0="110,32,111,33,92,14,37,0,8,109,53,27,119" hai1="35,89,3,103,44,71,96,98,84,39,79,20,132" hai2="60,134,105,55,19,17,30,108,69,42,129,118,76" hai3="11,25,99,38,23,75,81,21,62,1,50,46,116"/><V128/><F118/><W82/><G38/><T106/><D37/><U43/><E35/><N who="0" m="13385" /><D53/><U86/><E3/><V51/><F30/><W31/><G116/><T91/><D106/><U65/><E132/><V94/><F134/><W74/><G62/><T87/><D119/><U80/><E71/><V72/><F105/><W104/><G104/><T131/><D131/><N who="2" m="50250" /><F42/><W26/><G99/><T97/><D27/><U57/><E103/><V70/><F108/><N who="0" m="27650" /><T6/><DORA hai="125" /><D97/><U123/><E123/><V93/><F76/><W56/><G56/><T117/><D117/><U88/><E57/><N who="2" m="33023" /><F72/><W16/><G74/><T115/><D115/><U9/><E39/><V101/><F101/><W5/><G75/><T34/><N who="0" m="13393" /><T10/><DORA hai="100" /><D10/><U107/><E9/><V122/><F122/><W64/><G64/><T61/><D61/><U63/><E65/><N who="2" m="41127" /><F70/><W68/><G68/><T4/><D0/><U120/><E120/><V24/><F24/><W133/><G133/><T113/><D113/><U58/><E107/><V7/><F7/><AGARI ba="0,0" hai="4,6,7,8,14,87,91,92" m="27650,13393" machi="7" ten="60,2000,0" yaku="14,1" doraHai="12,125,100" who="0" fromWho="2" sc="225,20,462,0,55,-20,258,0" /><INIT seed="3,0,0,4,3,12" ten="245,462,35,258" oya="3" hai0="32,31,87,134,130,120,16,91,86,56,10,111,28" hai1="104,110,123,73,108,85,7,78,3,117,68,127,0" hai2="113,100,53,79,51,77,129,102,114,14,133,115,97" hai3="11,96,125,128,95,69,38,1,105,112,82,30,42"/><W8/><G112/><T66/><D120/><U92/><E123/><V75/><F133/><W70/><G105/><T98/><D32/><U21/><E68/><V89/><F129/><W2/><G125/><T83/><D111/><N who="1" m="42539" /><E127/><V88/><F75/><W94/><G30/><T101/><D134/><U27/><E104/><V65/><F65/><W15/><G82/><T23/><D10/><N who="1" m="2407" /><E3/><V34/><F34/><W44/><G69/><T40/><D40/><U36/><E36/><V50/><F14/><W74/><G70/><T9/><D87/><U57/><E57/><V22/><F22/><W135/><G74/><T6/><D130/><U47/><E47/><V71/><F71/><W59/><G128/><T103/><D103/><U20/><E27/><V121/><F121/><W90/><G135/><T4/><D9/><U81/><E117/><V93/><F93/><W60/><G8/><T126/><D126/><U63/><E63/><V41/><F41/><W13/><G15/><N who="0" m="9631" /><D66/><U19/><E19/><V131/><F131/><W109/><G109/><T62/><D62/><U55/><E55/><V118/><F118/><W33/><G60/><T119/><D119/><U106/><E106/><V80/><F80/><W54/><G33/><T122/><D56/><U58/><E58/><V37/><F37/><W43/><G43/><T72/><D72/><U5/><E5/><N who="0" m="2153" /><D122/><U46/><E46/><V84/><F53/><W24/><G24/><T25/><D25/><U45/><E45/><V17/><F17/><N who="3" m="8383" /><G2/><T35/><D35/><U67/><E67/><V52/><F52/><W99/><G1/><RYUUKYOKU ba="0,0" sc="245,15,462,15,35,-15,258,-15" hai0="28,31,83,86,91,98,101" hai1="20,21,73,78,81,85,92" owari="260,6.0,477,58.0,20,-48.0,243,-16.0" /></mjloggm>