<mjloggm ver="2.3"><GO type="97" lobby="0"/><UN n0="%E5%B0%B1%E6%B4%BB%E7%94%9F%40%E5%B7%9D%E6%9D%91%E8%BB%8D%E5%9B%A3" n1="%E3%82%86%E3%81%86%E3%81%98%E3%81%98" n2="%E3%82%B9%E3%83%97%E3%83%A9%E3%82%A4%E3%83%88" n3="%E3%82%B9%E3%83%AB%E3%83%A1" dan="14,14,15,14" rate="1966.08,1965.53,1942.08,1864.72" sx="M,M,M,M"/><TAIKYOKU oya="0"/><INIT seed="0,0,0,0,3,85" ten="250,250,250,250" oya="0" hai0="72,126,50,80,78,88,125,13,73,95,21,100,63" hai1="91,30,15,12,74,32,94,106,112,16,122,40,116" hai2="108,35,96,115,43,47,119,70,75,39,87,67,54" hai3="18,123,66,99,129,22,33,71,109,3,135,38,27"/><T1/><D1/><U45/><E116/><V130/><F75/><W53/><G38/><T56/><D73/><U114/><E122/><V118/><F35/><W5/><G99/><T103/><D50/><U128/><E106/><V79/><F115/><N who="1" m="44073" /><E74/><V69/><F108/><W11/><G53/><N who="0" m="34191" /><D13/><U131/><E30/><V19/><F130/><N who="1" m="49705" /><E32/><V26/><F96/><W92/><G92/><T24/><D24/><U48/><E16/><V101/><F101/><W25/><G66/><T89/><D21/><U83/><E83/><V104/><F67/><W34/><G71/><T58/><D58/><U110/><E110/><V81/><F104/><W113/><G129/><T107/><D107/><U62/><E62/><V20/><REACH who="2" step="1"/><F54/><REACH who="2" ten="250,250,240,250" step="2"/><W51/><G109/><T132/><D103/><U7/><E7/><V6/><F6/><W28/><G113/><T60/><D100/><U9/><E9/><V55/><F55/><W124/><G5/><T10/><D72/><U44/><E44/><V61/><F61/><W133/><G11/><T49/><D60/><U0/><E0/><V64/><F64/><W98/><G3/><T68/><D68/><AGARI ba="0,1" hai="19,20,26,39,43,47,68,69,70,79,81,87,118,119" machi="68" ten="40,1300,0" yaku="1,1,53,0" doraHai="85" doraHaiUra="46" who="2" fromWho="0" sc="250,-13,250,0,240,23,250,0" /><INIT seed="1,0,0,1,1,124" ten="237,250,263,250" oya="1" hai0="131,114,19,128,67,59,8,74,81,73,108,48,33" hai1="85,84,66,126,113,89,29,12,117,83,62,112,25" hai2="13,52,47,57,27,23,41,88,65,118,55,61,129" hai3="46,107,87,45,119,54,0,86,109,1,130,72,75"/><U116/><E12/><V32/><F129/><N who="0" m="49738" /><D114/><U43/><E43/><V5/><F118/><W133/><G130/><T134/><D33/><U53/><E53/><V96/><F32/><W95/><G119/><T106/><D106/><U39/><E39/><V44/><F5/><W76/><G107/><T14/><D134/><U36/><E36/><V93/><F13/><W15/><G133/><T100/><D108/><U63/><E66/><V110/><F110/><W127/><G109/><T31/><D31/><U60/><E126/><V78/><F78/><W2/><G127/><T26/><D26/><U30/><E25/><V121/><F121/><W68/><G15/><T56/><D100/><U135/><E135/><V91/><F91/><W115/><G68/><T97/><D97/><U103/><E103/><V58/><F41/><W49/><G115/><T18/><D81/><U64/><E64/><V125/><F125/><W21/><G75/><N who="0" m="28683" /><D67/><U10/><E116/><V82/><F82/><W7/><G72/><T42/><D19/><U4/><E117/><V92/><F92/><W101/><G95/><T35/><D35/><U105/><E105/><V99/><F99/><W102/><G102/><T38/><D38/><U69/><E113/><V16/><F65/><W24/><G101/><T104/><D104/><U22/><E112/><V9/><F9/><W132/><G132/><T40/><D40/><U71/><E10/><V17/><F17/><W37/><G37/><T28/><D28/><U11/><E11/><V77/><F77/><W20/><G76/><T122/><D122/><U70/><E30/><RYUUKYOKU ba="0,0" sc="237,15,250,-15,263,15,250,-15" hai0="8,14,18,42,48,56,59" hai2="16,23,27,44,47,52,55,57,58,61,88,93,96" /><INIT seed="2,1,0,2,4,14" ten="252,235,278,235" oya="2" hai0="60,70,31,71,21,69,41,43,62,109,108,93,89" hai1="132,116,16,32,27,82,25,104,88,99,85,4,128" hai2="121,84,83,54,20,49,39,100,56,45,23,10,38" hai3="102,94,90,129,36,67,63,98,86,0,79,57,97"/><V81/><F121/><W17/><G0/><T29/><D93/><U12/><E116/><V117/><F117/><W40/><G129/><T78/><D78/><U1/><E128/><V114/><F114/><W66/><G36/><T7/><D7/><U64/><E132/><V73/><F73/><W122/><G122/><T28/><D89/><U87/><E64/><V112/><F112/><W127/><G127/><T30/><N who="0" m="7680" /><DORA hai="26" /><T135/><D21/><U37/><E32/><V48/><F100/><W123/><G123/><T110/><D135/><U119/><E37/><V24/><F39/><W75/><G79/><T96/><D96/><U2/><E119/><V124/><F124/><W113/><G113/><T13/><D13/><U106/><E87/><V6/><F38/><W51/><G75/><T134/><D134/><U15/><E15/><N who="2" m="5591" /><F24/><W33/><G33/><T107/><D107/><U61/><E27/><V131/><F131/><W133/><G133/><T47/><D47/><U9/><E25/><V111/><F20/><W52/><G98/><T65/><D65/><U53/><E1/><V74/><F23/><W58/><G40/><AGARI ba="1,0" hai="40,41,43,60,62,69,70,71,108,109,110" m="7680" machi="40" ten="70,16000,3" yaku="29,2,28,2,14,1,52,4" doraHai="14,26" who="0" fromWho="3" sc="252,163,235,0,278,0,235,-163" /><INIT seed="3,0,0,5,2,47" ten="415,235,278,72" oya="3" hai0="16,132,48,118,114,76,22,110,111,121,4,28,51" hai1="135,43,115,3,72,19,131,86,112,20,106,129,61" hai2="109,80,101,18,49,104,40,27,44,64,42,126,37" hai3="62,8,108,14,5,94,79,134,25,55,54,12,95"/><W92/><G134/><T38/><D118/><U77/><E61/><V0/><F0/><W120/><G120/><T117/><D117/><U107/><E43/><V29/><F109/><N who="0" m="41482" /><D38/><U45/><E45/><V60/><F126/><W66/><G108/><T88/><D76/><U100/><E20/><V13/><F80/><W81/><G25/><T99/><D121/><U130/><E19/><V35/><F101/><W98/><G98/><T58/><D114/><U89/><E3/><V53/><F104/><W46/><G14/><T91/><D28/><U75/><E135/><V68/><F37/><W105/><G105/><N who="1" m="39946" /><E100/><V30/><F30/><W96/><G96/><T116/><D99/><U31/><E31/><V41/><F41/><W113/><G113/><N who="1" m="43594" /><E77/><V103/><F103/><W122/><G122/><T97/><D97/><U71/><E71/><V39/><F39/><W33/><G33/><T17/><D4/><U36/><E36/><V73/><F42/><W7/><G7/><T15/><D132/><U123/><E123/><V82/><F40/><W32/><G32/><T23/><D58/><U70/><E70/><V84/><F18/><W10/><G10/><T93/><D116/><U119/><E119/><V63/><F68/><W87/><REACH who="3" step="1"/><G46/><REACH who="3" ten="415,235,278,62" step="2"/><T90/><D93/><AGARI ba="0,1" hai="72,75,86,89,93,129,130,131" m="43594,39946" machi="93" ten="40,5200,0" yaku="19,1,34,2" doraHai="47" who="1" fromWho="0" sc="415,-52,235,62,278,0,62,0" owari="363,46.0,297,10.0,278,-12.0,62,-44.0" /></mjloggm>