<mjloggm ver="2.3"><GO type="97" lobby="0"/><UN n0="%E3%83%89%E3%83%AA%E3%82%A3%E3%81%AE%E9%A3%AF" n1="%E8%87%BC%E6%B2%A2%E5%A1%9E%EF%BC%A0%E5%AE%AE%E5%AE%88%E5%A5%B3%E5%AD%90" n2="%E5%B0%B1%E6%B4%BB%E7%94%9F%40%E5%B7%9D%E6%9D%91%E8%BB%8D%E5%9B%A3" n3="%E3%83%88%E3%83%88%E3%83%AA%E5%85%88%E7%94%9F%31%39%E6%AD%B3" dan="13,13,15,14" rate="1861.50,1838.10,1991.38,2035.41" sx="M,F,M,F"/><TAIKYOKU oya="0"/><INIT seed="0,0,0,1,5,57" ten="250,250,250,250" oya="0" hai0="105,101,27,107,24,87,62,42,102,126,124,32,129" hai1="68,56,49,2,72,58,115,86,95,41,50,122,39" hai2="0,30,34,119,93,12,133,106,69,43,116,70,38" hai3="59,83,89,85,125,11,60,79,45,10,52,103,6"/><T26/><D32/><U28/><E2/><V14/><F0/><W118/><G118/><N who="2" m="45097" /><F106/><N who="0" m="40458" /><D42/><U22/><E72/><V37/><F133/><W113/><G113/><T64/><D87/><U112/><E86/><V16/><F93/><W81/><G125/><N who="0" m="48235" /><D129/><U132/><E95/><V40/><F34/><W109/><G109/><T7/><D7/><U131/><E122/><V111/><F30/><W65/><G103/><T66/><D66/><U94/><E131/><V3/><F3/><W63/><G45/><T5/><D5/><U1/><E1/><V90/><F90/><W127/><G127/><T74/><D74/><U91/><E132/><V128/><F128/><W44/><G44/><T135/><D135/><U117/><E117/><V31/><F31/><W92/><G6/><T47/><D47/><N who="1" m="23999" /><E91/><V54/><F111/><W134/><G134/><T84/><D84/><U130/><E94/><V121/><F121/><W71/><G81/><T76/><D76/><U73/><E130/><V13/><F43/><W48/><G48/><T55/><D55/><U104/><E112/><V51/><F40/><W98/><AGARI ba="0,0" hai="10,11,52,59,60,63,65,71,79,83,85,89,92,98" machi="98" ten="20,8000,1" yaku="0,1,7,1,52,2,54,1" doraHai="57" who="3" fromWho="3" sc="250,-40,250,-20,250,-20,250,80" /><INIT seed="1,0,0,2,4,131" ten="210,230,230,330" oya="1" hai0="12,55,116,50,123,21,73,68,52,109,97,82,15" hai1="11,46,85,61,125,48,80,91,128,42,62,77,5" hai2="132,40,120,89,3,39,14,134,104,65,53,81,106" hai3="121,93,28,118,101,63,108,96,129,79,87,6,7"/><U74/><E125/><V70/><F3/><W130/><G121/><T20/><D116/><U32/><E128/><N who="3" m="49258" /><G118/><T19/><D123/><U115/><E32/><V98/><F120/><W31/><G108/><T4/><D109/><U122/><E122/><V105/><F53/><W67/><G87/><T99/><D68/><U114/><E115/><V57/><F70/><N who="3" m="42367" /><G79/><T133/><D133/><N who="2" m="51306" /><F14/><W83/><G83/><T119/><D119/><U23/><E23/><V112/><F112/><W51/><G51/><T94/><D73/><U59/><E59/><V17/><F17/><W36/><G36/><T34/><D34/><U29/><E29/><AGARI ba="0,0" hai="6,7,28,29,31,93,96,101" m="42367,49258" machi="29" ten="30,1000,0" yaku="19,1" doraHai="131" who="3" fromWho="1" sc="210,0,230,-10,230,0,330,10" /><INIT seed="2,0,0,1,3,17" ten="210,220,230,340" oya="2" hai0="54,71,51,109,2,38,100,86,10,60,42,58,124" hai1="30,81,20,16,107,88,131,32,50,47,26,23,21" hai2="43,103,45,70,113,59,114,96,12,85,105,22,91" hai3="39,25,118,78,93,41,65,72,126,27,77,121,14"/><V82/><F70/><W134/><G118/><T112/><D112/><U84/><E107/><V62/><F12/><W73/><G121/><T75/><D75/><U1/><E1/><V0/><F0/><W132/><G126/><T9/><D124/><U63/><E63/><V108/><F108/><W19/><G65/><T129/><D109/><U46/><E131/><V125/><F125/><W87/><G41/><T61/><D129/><U52/><REACH who="1" step="1"/><E46/><REACH who="1" ten="210,210,230,340" step="2"/><V135/><F135/><W67/><G134/><T37/><D61/><U99/><E99/><V28/><F114/><W13/><G132/><T18/><D60/><U36/><E36/><V3/><F113/><W106/><G39/><T64/><D38/><U115/><E115/><V90/><F3/><W48/><G106/><T66/><D37/><U69/><E69/><V98/><F45/><W123/><G123/><T133/><D133/><U120/><E120/><V80/><F43/><W31/><G48/><T111/><D71/><U56/><E56/><V89/><F96/><W94/><G67/><T83/><D42/><U7/><E7/><V6/><F6/><W110/><G110/><T130/><D111/><U49/><E49/><V40/><F40/><W5/><G5/><T127/><D127/><U92/><E92/><V74/><F59/><W79/><G94/><T4/><D4/><U95/><E95/><V97/><F62/><W29/><G93/><T119/><D130/><U57/><E57/><V8/><F98/><W68/><G68/><T104/><D104/><U117/><E117/><V35/><F105/><W101/><G101/><RYUUKYOKU ba="0,1" sc="210,-10,210,30,230,-10,340,-10" hai1="16,20,21,23,26,30,32,47,50,52,81,84,88" /><INIT seed="3,1,1,4,5,124" ten="200,240,220,330" oya="3" hai0="13,109,18,82,129,19,72,128,7,99,58,60,44" hai1="91,37,69,121,105,134,15,81,61,26,32,104,73" hai2="42,135,29,87,117,3,63,106,35,118,9,10,34" hai3="27,97,43,133,96,25,92,6,50,102,75,80,95"/><W122/><G122/><T33/><D109/><U5/><E37/><V47/><F106/><W66/><G133/><T86/><D44/><U16/><E121/><V74/><F74/><W108/><G108/><T114/><D99/><U132/><E5/><V103/><F135/><N who="1" m="51753" /><E69/><V38/><F87/><W83/><G75/><T46/><D46/><U85/><E73/><V111/><F111/><W76/><G66/><N who="0" m="39191" /><D33/><U11/><E61/><V90/><F90/><W20/><G6/><T12/><D72/><U68/><E68/><V62/><F62/><W101/><G76/><N who="0" m="46407" /><D114/><U93/><E93/><V77/><F77/><W100/><G100/><T89/><D89/><U8/><E8/><V98/><F63/><W78/><G78/><T30/><D30/><AGARI ba="1,1" hai="11,15,16,26,30,32,81,85,91,104,105" m="51753" machi="30" ten="30,2000,0" yaku="20,1,54,1" doraHai="124" who="1" fromWho="0" sc="200,-23,240,33,220,0,330,0" owari="177,-32.0,273,7.0,220,-18.0,330,43.0" /></mjloggm>