<mjloggm ver="2.3"><GO type="97" lobby="0"/><UN n0="%E5%B0%B1%E6%B4%BB%E7%94%9F%40%E5%B7%9D%E6%9D%91%E8%BB%8D%E5%9B%A3" n1="%69%6B%65%70%61%6B%69%32" n2="%E3%81%84%E3%81%A3%E3%81%9F%E3%82%93" n3="%4B%48%4B%4E" dan="14,15,15,13" rate="1945.99,2012.06,2058.41,1946.15" sx="M,M,M,M"/><TAIKYOKU oya="0"/><INIT seed="0,0,0,0,5,12" ten="250,250,250,250" oya="0" hai0="130,72,23,83,15,0,34,43,9,84,21,68,122" hai1="32,108,110,118,80,66,8,106,57,19,40,22,56" hai2="125,2,17,102,16,116,31,111,94,96,74,78,59" hai3="133,92,20,49,52,47,85,81,97,25,30,134,39"/><T71/><D122/><U64/><E118/><V61/><F2/><W35/><G39/><T58/><D72/><U75/><E32/><V38/><F38/><W1/><G1/><T70/><D0/><U76/><E106/><V113/><F113/><W123/><G123/><T69/><D130/><U107/><E107/><V73/><F116/><W99/><G35/><T62/><D34/><U7/><E40/><V3/><F3/><W37/><G37/><T28/><N who="0" m="17920" /><DORA hai="33" /><T89/><D43/><U112/><E112/><V105/><F31/><W95/><G133/><T55/><REACH who="0" step="1"/><D28/><REACH who="0" ten="240,250,250,250" step="2"/><U126/><E126/><V79/><F125/><W11/><G134/><T117/><D117/><U86/><E75/><V124/><F124/><W51/><G11/><T41/><D41/><U45/><E57/><V115/><F73/><W131/><G131/><T82/><D82/><U27/><E56/><V120/><F120/><W103/><G49/><T10/><D10/><U29/><E29/><V127/><F127/><W93/><REACH who="3" step="1"/><G103/><REACH who="3" ten="240,250,250,240" step="2"/><T91/><D91/><AGARI ba="0,2" hai="20,25,30,47,51,52,81,85,91,92,93,95,97,99" machi="91" ten="40,8000,1" yaku="1,1,2,1,8,1,54,1,53,1" doraHai="12,33" doraHaiUra="36,24" who="3" fromWho="0" sc="240,-80,250,0,250,0,240,100" /><INIT seed="1,0,0,0,1,73" ten="160,250,250,340" oya="1" hai0="86,12,106,18,72,45,67,110,116,107,101,63,33" hai1="38,52,37,76,104,0,6,70,127,71,74,16,10" hai2="68,47,91,99,108,15,62,40,64,29,98,83,61" hai3="56,134,126,3,79,117,53,85,100,59,14,8,77"/><U82/><E127/><V102/><F108/><W88/><G3/><T129/><D72/><U39/><E16/><V95/><F29/><W26/><G117/><T105/><D116/><U58/><REACH who="1" step="1"/><E104/><REACH who="1" ten="160,240,250,340" step="2"/><V27/><F27/><W131/><G126/><T120/><D110/><U130/><E130/><V66/><F15/><W11/><G131/><T84/><D129/><U123/><E123/><V50/><F83/><N who="3" m="49215" /><G26/><T87/><D120/><U65/><E65/><V48/><F66/><W60/><G134/><T103/><D33/><U2/><E2/><V93/><REACH who="2" step="1"/><F62/><AGARI ba="0,1" hai="0,6,10,37,38,39,52,58,62,70,71,74,76,82" machi="62" ten="40,12000,1" yaku="1,1,52,1,54,1,53,1" doraHai="73" doraHaiUra="7" who="1" fromWho="2" sc="160,0,240,130,250,-120,340,0" /><INIT seed="1,1,0,4,5,26" ten="160,370,130,340" oya="1" hai0="105,6,75,71,58,135,40,72,66,12,19,122,76" hai1="55,20,57,11,92,38,104,84,44,49,33,62,24" hai2="70,95,1,115,45,13,14,32,27,9,123,130,90" hai3="16,7,61,108,46,125,15,97,64,87,120,132,116"/><U121/><E104/><V17/><F115/><W109/><G120/><T2/><D105/><U118/><E118/><V128/><F123/><W96/><G7/><T83/><D122/><U106/><E121/><V127/><F70/><W48/><G116/><T31/><D72/><U112/><E106/><V10/><F127/><W41/><G125/><T50/><D135/><U52/><E33/><V102/><F102/><W43/><G43/><T51/><D71/><U65/><E112/><V56/><F45/><W101/><G87/><T93/><D93/><U8/><E38/><V134/><F134/><W80/><G80/><T18/><D31/><N who="1" m="17799" /><E55/><V91/><F1/><W81/><G81/><T107/><D107/><U111/><E111/><N who="3" m="42570" /><G101/><T22/><D18/><U36/><E36/><V78/><F78/><W89/><G89/><AGARI ba="1,0" hai="8,11,44,49,52,57,62,65,84,89,92" m="17799" machi="89" ten="30,5800,0" yaku="8,1,52,1,54,1" doraHai="26" who="1" fromWho="3" sc="160,0,370,61,130,0,340,-61" /><INIT seed="1,2,0,1,1,95" ten="160,431,130,279" oya="1" hai0="134,5,65,46,36,86,33,52,62,63,30,44,61" hai1="55,23,31,70,40,20,133,24,103,38,109,126,113" hai2="2,66,3,17,14,102,99,73,43,98,1,106,83" hai3="49,81,8,96,34,25,122,77,132,79,42,58,121"/><U50/><E113/><V123/><F123/><W19/><G132/><T59/><D134/><U12/><E133/><V35/><F35/><W101/><G34/><T22/><D33/><U37/><E70/><V67/><F43/><W10/><G77/><T130/><D130/><U56/><E126/><V57/><F57/><W29/><G19/><T26/><D5/><U93/><E109/><V0/><N who="2" m="512" /><DORA hai="54" /><V76/><REACH who="2" step="1"/><F99/><REACH who="2" ten="160,431,120,279" step="2"/><W129/><G121/><T108/><D108/><U85/><E40/><V80/><F80/><W115/><G122/><T53/><D36/><U13/><E38/><V48/><F48/><W117/><G42/><T135/><D135/><U104/><E37/><V68/><F68/><W15/><G49/><N who="0" m="31119" /><D65/><U6/><E50/><V125/><F125/><W64/><G58/><T119/><D119/><U114/><E56/><V60/><F60/><W127/><G64/><T18/><D53/><U7/><E55/><V90/><F90/><W112/><G81/><T89/><D30/><U47/><E31/><V71/><F71/><W45/><G29/><T4/><D4/><U116/><E6/><V120/><F120/><W75/><G117/><T87/><D89/><U69/><E7/><V27/><F27/><W41/><G25/><T97/><D97/><U21/><E69/><V88/><F88/><W110/><G96/><T131/><D131/><U32/><E116/><V84/><F84/><AGARI ba="2,1" hai="18,22,26,44,46,61,62,63,84,86,87" m="31119" machi="84" ten="30,3900,0" yaku="8,1,52,1,54,1" doraHai="95,54" who="0" fromWho="2" sc="160,55,431,0,120,-45,279,0" /><INIT seed="2,0,0,0,2,125" ten="215,431,75,279" oya="2" hai0="76,112,104,97,20,73,78,25,115,120,118,110,4" hai1="38,122,93,33,30,60,106,81,49,85,1,111,45" hai2="50,101,66,105,12,6,135,3,79,75,132,5,65" hai3="56,134,109,14,32,77,40,103,15,69,52,54,44"/><V71/><F12/><W37/><G32/><T22/><D120/><U19/><E111/><V61/><F66/><W82/><G109/><T2/><D118/><U90/><E106/><V36/><F50/><W59/><G69/><T11/><D110/><U128/><E1/><V95/><F95/><W99/><G134/><N who="2" m="51241" /><F36/><W86/><G59/><T100/><D22/><U58/><E38/><V92/><F92/><W8/><G56/><T46/><D46/><U119/><E122/><V127/><F127/><W41/><G41/><T24/><D24/><U80/><E119/><V39/><F39/><W96/><G96/><T87/><D73/><U64/><E33/><V133/><N who="2" m="51249" /><V72/><DORA hai="0" /><F79/><W102/><G15/><T67/><D67/><U121/><E121/><V26/><F26/><W27/><G27/><T48/><D48/><U126/><E126/><V31/><F31/><W91/><G91/><T47/><D47/><U114/><E30/><V10/><F6/><W21/><G21/><T51/><D51/><U89/><E49/><V23/><F23/><W130/><G130/><T34/><D34/><U55/><E128/><V94/><F94/><W74/><G74/><T35/><D35/><U124/><E93/><V57/><F57/><W116/><G116/><T68/><D68/><U113/><E124/><V7/><F7/><W9/><G9/><T108/><D108/><U70/><E58/><V62/><F62/><W84/><G84/><T107/><D107/><U29/><E85/><V13/><F13/><W83/><G83/><N who="0" m="47591" /><D115/><U117/><E114/><V28/><F28/><RYUUKYOKU ba="0,0" sc="215,-10,431,-10,75,30,279,-10" hai2="3,5,10,61,65,71,72,75,101,105" /><INIT seed="2,1,0,4,3,101" ten="205,421,105,269" oya="2" hai0="55,3,105,75,131,109,102,82,4,67,96,130,38" hai1="98,50,113,59,73,81,80,52,40,34,32,84,79" hai2="14,66,107,128,132,115,64,30,114,70,33,135,71" hai3="35,125,121,58,90,127,20,28,126,45,51,54,83"/><V117/><F117/><W1/><G1/><T110/><D38/><U37/><E113/><N who="2" m="43019" /><F14/><W29/><G121/><T48/><D67/><N who="2" m="25642" /><F128/><N who="0" m="49194" /><D4/><U99/><E40/><V118/><F118/><W25/><G35/><T69/><D69/><N who="2" m="26122" /><F30/><W10/><G10/><T15/><D15/><U76/><E37/><V22/><F22/><W42/><G83/><T0/><D82/><U56/><E56/><V87/><F33/><W123/><G123/><T85/><D85/><U120/><E120/><V9/><F9/><W111/><G90/><T31/><D31/><U72/><E84/><V93/><F107/><W119/><G119/><T116/><D75/><U8/><E8/><V94/><F87/><W100/><G100/><T44/><D116/><U16/><E16/><V23/><F23/><W104/><G104/><T95/><D95/><AGARI ba="1,0" hai="93,94,95,132,135" m="26122,25642,43019" machi="95" ten="40,3900,0" yaku="28,2" doraHai="101" who="2" fromWho="0" sc="205,-42,421,0,105,42,269,0" /><INIT seed="2,2,0,0,4,22" ten="163,421,147,269" oya="2" hai0="25,95,73,131,53,118,21,111,34,116,14,70,80" hai1="104,66,82,113,96,9,90,129,0,94,10,97,49" hai2="108,92,3,69,106,64,41,65,52,133,60,101,115" hai3="1,110,125,91,23,5,86,128,93,12,20,99,18"/><V37/><F106/><W76/><G110/><T105/><D105/><U109/><E109/><V42/><F3/><W112/><G125/><T75/><D111/><U130/><E113/><V19/><F108/><W40/><G112/><T122/><D122/><U132/><E132/><V57/><F115/><W29/><G128/><N who="1" m="49258" /><E66/><N who="2" m="25707" /><F37/><W16/><G1/><T61/><D70/><U4/><E10/><V107/><F107/><W79/><G40/><N who="2" m="15465" /><F69/><W87/><G29/><T2/><D2/><U58/><E82/><V39/><F39/><W103/><G5/><T59/><D34/><U83/><E83/><V126/><F126/><W17/><G17/><N who="0" m="12463" /><D80/><U102/><E58/><V46/><F133/><W85/><REACH who="3" step="1"/><G103/><REACH who="3" ten="163,421,147,259" step="2"/><T120/><D131/><U123/><E123/><V30/><F30/><W55/><G55/><T88/><D120/><U26/><E102/><V43/><F19/><W24/><AGARI ba="2,1" hai="12,16,18,20,23,24,76,79,85,86,87,91,93,99" machi="24" ten="30,8000,1" yaku="1,1,0,1,8,1,52,1,54,1,53,0" doraHai="22" doraHaiUra="127" who="3" fromWho="3" sc="163,-22,421,-22,147,-42,259,96" /><INIT seed="3,0,0,5,5,5" ten="141,399,105,355" oya="3" hai0="41,131,43,132,95,92,3,18,116,7,103,9,80" hai1="8,57,78,88,106,17,87,46,126,66,83,19,127" hai2="134,55,109,133,93,13,67,45,70,108,10,24,51" hai3="36,114,48,39,63,12,37,86,71,112,73,99,21"/><W26/><G73/><T32/><D116/><U96/><E46/><V14/><F93/><W11/><G99/><T27/><D131/><U54/><E66/><V53/><F24/><W20/><G86/><T0/><D132/><N who="2" m="50794" /><F14/><W52/><G71/><T2/><D80/><U56/><E56/><V101/><F101/><W111/><G63/><T110/><D110/><N who="2" m="42602" /><F13/><W28/><G111/><T77/><D77/><U94/><E106/><V31/><F31/><W123/><G21/><T76/><D76/><U97/><E97/><V130/><F130/><W44/><REACH who="3" step="1"/><G123/><REACH who="3" ten="141,399,105,345" step="2"/><T42/><D32/><U25/><E127/><V1/><F10/><W61/><G61/><T29/><D103/><U82/><E126/><V91/><F91/><W74/><G74/><T117/><D117/><U118/><E118/><V58/><F1/><W59/><G59/><T107/><D107/><U89/><E8/><V129/><F129/><W90/><G90/><T135/><D135/><U84/><E25/><V16/><F70/><W100/><G100/><T15/><D29/><U98/><E98/><V47/><F67/><W105/><G105/><T65/><D65/><U79/><E89/><V81/><F81/><W30/><G30/><T34/><D34/><U128/><E128/><V121/><F121/><W62/><G62/><AGARI ba="0,1" hai="17,19,54,57,62,78,79,82,83,84,87,88,94,96" machi="62" ten="30,7700,0" yaku="7,1,9,1,8,1,54,1" doraHai="5" who="1" fromWho="3" sc="141,0,399,87,105,0,345,-77" owari="141,-26.0,486,58.0,105,-39.0,268,7.0" /></mjloggm>