<mjloggm ver="2.3"><GO type="41" lobby="0"/><UN n0="%E7%8C%AB%E3%81%AE%E3%83%81%E3%83%BC" n1="%E8%8D%92%E5%9F%8E" n2="%E5%B0%B1%E6%B4%BB%E7%94%9F%40%E5%B7%9D%E6%9D%91%E8%BB%8D%E5%9B%A3" n3="%33%E7%95%AA%44%48%E4%BA%95%E7%AB%AF" dan="15,13,15,15" rate="2001.47,1871.63,2054.65,2052.62" sx="M,M,M,M"/><TAIKYOKU oya="0"/><INIT seed="0,0,0,0,3,68" ten="250,250,250,250" oya="0" hai0="31,97,19,43,28,12,3,123,84,127,119,63,82" hai1="86,79,39,116,100,118,73,112,30,16,49,6,13" hai2="47,34,0,2,15,76,17,81,9,33,77,121,11" hai3="106,128,64,107,96,124,113,24,25,23,8,50,61"/><T21/><D119/><U75/><E112/><V42/><F121/><W59/><G113/><T108/><D123/><U110/><E30/><V94/><F94/><W111/><G111/><T87/><D3/><U101/><E6/><V115/><F115/><W37/><G124/><T117/><D127/><U120/><E110/><V48/><F76/><W71/><G128/><T60/><D108/><U7/><E120/><V67/><F67/><W14/><G37/><T90/><D117/><U70/><E70/><V131/><F131/><W27/><G23/><T41/><D97/><U54/><E7/><V20/><F2/><W26/><G96/><T91/><D31/><U93/><E39/><V45/><F45/><W32/><G32/><T35/><D35/><U129/><E129/><V36/><F48/><W85/><G85/><T69/><D28/><U4/><E4/><N who="2" m="1159" /><F11/><W66/><G66/><T135/><D135/><U62/><E62/><N who="0" m="23593" /><D69/><U89/><E118/><V105/><F105/><W103/><G103/><T10/><D10/><N who="1" m="6199" /><E116/><V53/><F53/><W98/><G98/><T40/><D40/><U74/><E79/><V78/><F78/><W95/><G71/><T125/><D125/><U55/><E55/><V109/><F109/><W44/><G107/><T22/><D22/><U130/><E130/><V52/><F52/><W1/><G106/><T114/><D114/><U126/><E126/><V99/><F99/><W58/><G1/><T56/><D56/><N who="1" m="32847" /><E73/><AGARI ba="0,0" hai="15,17,20,33,34,36,42,47,73,77,81" m="1159" machi="73" ten="30,2000,0" yaku="25,1,52,1" doraHai="68" who="2" fromWho="1" sc="250,0,250,-20,250,20,250,0" /><INIT seed="1,0,0,4,4,77" ten="250,230,270,250" oya="1" hai0="114,119,57,24,108,46,90,96,27,54,125,73,0" hai1="49,21,106,12,85,18,113,14,15,94,133,68,37" hai2="11,120,70,62,1,112,19,111,81,87,3,103,115" hai3="95,130,40,98,123,97,48,10,124,86,6,105,42"/><U101/><E113/><N who="2" m="43595" /><F120/><W34/><G34/><T135/><D73/><U16/><E37/><V8/><F111/><W50/><G130/><T82/><D0/><N who="2" m="74" /><F103/><W89/><G124/><T35/><D35/><U110/><E68/><V127/><F127/><W65/><G65/><T121/><D125/><U88/><E110/><V71/><F19/><W84/><G105/><T83/><D108/><U93/><E133/><V41/><F41/><W118/><G42/><T117/><D114/><U29/><E106/><V78/><F62/><W63/><G63/><T76/><D135/><U75/><E75/><V66/><F66/><W5/><G40/><T122/><D119/><U100/><E29/><V28/><F28/><W38/><G123/><N who="0" m="47115" /><D117/><U36/><E36/><V56/><F56/><W61/><G38/><T25/><D46/><U44/><E94/><V58/><F58/><W43/><G61/><N who="0" m="36023" /><D76/><U102/><REACH who="1" step="1"/><E18/><REACH who="1" ten="250,220,270,250" step="2"/><V23/><F71/><W72/><G95/><AGARI ba="0,1" hai="24,25,27,82,83,90,95,96" m="36023,47115" machi="95" ten="30,3900,0" yaku="13,1,52,2" doraHai="77" who="0" fromWho="3" sc="250,49,220,0,270,0,250,-39" /><INIT seed="2,0,0,0,5,22" ten="299,220,270,211" oya="2" hai0="72,20,57,95,127,56,47,53,38,9,12,92,115" hai1="0,79,10,130,65,30,105,4,116,25,54,82,14" hai2="101,97,88,69,126,52,64,76,131,46,83,48,33" hai3="58,112,128,39,119,107,21,70,11,24,60,44,114"/><V80/><F33/><W118/><G107/><T2/><D72/><U29/><E105/><V17/><F126/><W55/><G128/><T104/><D104/><U13/><E65/><V74/><F131/><W51/><G11/><T98/><D115/><N who="3" m="44073" /><G70/><T34/><D34/><U49/><E116/><V63/><F17/><N who="3" m="12335" /><G39/><T15/><D38/><U73/><E30/><V35/><F35/><W75/><G75/><T94/><D2/><U87/><E73/><V96/><REACH who="2" step="1"/><F101/><REACH who="2" ten="299,220,260,211" step="2"/><W7/><G7/><T124/><D127/><U122/><E130/><V117/><F117/><W125/><G125/><T6/><D124/><U103/><E103/><V134/><F134/><W135/><G135/><T32/><D32/><U26/><E122/><V8/><F8/><W50/><G50/><N who="0" m="28895" /><D98/><U113/><E113/><V36/><F36/><W45/><G45/><T67/><D67/><AGARI ba="0,1" hai="44,51,55,58,60,67,118,119" m="12335,44073" machi="67" ten="30,2000,0" yaku="11,1,52,1" doraHai="22" who="3" fromWho="0" sc="299,-20,220,0,260,0,211,30" /><INIT seed="3,0,0,1,1,80" ten="279,220,260,241" oya="3" hai0="58,104,88,1,93,11,39,84,120,124,62,8,5" hai1="123,16,111,129,90,55,61,24,130,108,79,59,82" hai2="64,112,9,100,10,73,44,22,34,56,87,86,71" hai3="69,114,96,14,92,12,74,72,76,99,19,121,35"/><W47/><G121/><T45/><D124/><U127/><E90/><V0/><F34/><W126/><G114/><T131/><D131/><N who="1" m="50187" /><E123/><V102/><F73/><W18/><G126/><T41/><D120/><U13/><E24/><V125/><F71/><W28/><G69/><T53/><D11/><N who="2" m="4106" /><F0/><W113/><G113/><T91/><D91/><U57/><E57/><V27/><F112/><W103/><G28/><T95/><D104/><U77/><E127/><V54/><F44/><W40/><G35/><T29/><D29/><U133/><E133/><V50/><F64/><W68/><G68/><T67/><D67/><U30/><E30/><N who="2" m="17783" /><F125/><W48/><G74/><T31/><D31/><U51/><E61/><V106/><F106/><W134/><G134/><T38/><D95/><U109/><E82/><V119/><F119/><W116/><G116/><T17/><D17/><U118/><E118/><V117/><F117/><W85/><G72/><T26/><D26/><U63/><E63/><V98/><F98/><N who="3" m="59847" /><G18/><T6/><D6/><U78/><E78/><V52/><F54/><W65/><G65/><T7/><D7/><U4/><E4/><V60/><F60/><W36/><G36/><AGARI ba="0,0" hai="1,5,8,36,38,39,41,45,53,58,62,84,88,93" machi="36" ten="30,3900,0" yaku="7,1,52,1,54,1" doraHai="80" who="0" fromWho="3" sc="279,39,220,0,260,0,241,-39" /><INIT seed="4,0,0,1,4,78" ten="318,220,260,202" oya="0" hai0="112,18,2,57,125,102,1,80,79,131,117,58,75" hai1="128,45,62,67,41,95,135,61,76,24,77,27,121" hai2="16,5,118,35,106,100,64,33,72,31,12,116,98" hai3="104,14,8,17,40,70,26,6,115,92,49,42,89"/><T68/><D117/><N who="2" m="45162" /><F5/><W34/><G104/><T23/><D68/><U123/><E135/><V96/><F72/><W124/><G70/><T85/><D131/><U39/><E128/><V90/><F64/><W133/><G133/><T51/><D125/><U10/><E10/><N who="2" m="6167" /><F31/><W94/><G124/><T113/><D102/><U48/><E39/><V46/><F46/><W101/><G115/><N who="0" m="44107" /><D75/><U105/><E105/><V86/><F98/><W109/><G6/><T65/><D65/><U13/><E13/><V37/><F37/><W122/><G14/><N who="0" m="9687" /><D51/><U81/><E123/><V60/><F60/><N who="1" m="23145" /><E67/><V56/><F56/><AGARI ba="0,0" hai="1,2,56,57,58,79,80,85" m="9687,44107" machi="56" ten="30,2900,0" yaku="15,1,52,1" doraHai="78" who="0" fromWho="2" sc="318,29,220,0,260,-29,202,0" /><INIT seed="4,1,0,1,1,103" ten="347,220,231,202" oya="0" hai0="113,97,66,13,11,31,98,26,40,33,50,111,105" hai1="123,30,45,93,112,32,85,106,24,29,72,42,87" hai2="133,38,110,75,55,78,76,43,96,121,35,128,101" hai3="21,58,89,107,120,127,116,135,12,3,48,41,126"/><T16/><D113/><U46/><E123/><V77/><F121/><W92/><G120/><T117/><D117/><U88/><E112/><V18/><F35/><W59/><G3/><T90/><D111/><U68/><E68/><V79/><F110/><W67/><G116/><T104/><D66/><U84/><E72/><V7/><F7/><W5/><G135/><T62/><D62/><U15/><E30/><V6/><F6/><W8/><G21/><T44/><D98/><U10/><E46/><V64/><F64/><W53/><G41/><T95/><AGARI ba="1,0" hai="11,13,16,26,31,33,40,44,50,90,95,97,104,105" machi="95" ten="30,11700,0" yaku="0,1,52,2,54,1" doraHai="103" who="0" fromWho="0" sc="347,120,220,-40,231,-40,202,-40" /><INIT seed="4,2,0,1,3,56" ten="467,180,191,162" oya="0" hai0="113,27,44,76,12,114,33,96,81,16,125,19,115" hai1="39,93,11,14,68,117,13,29,126,37,70,128,94" hai2="99,73,60,55,30,54,131,51,10,52,120,24,4" hai3="109,64,130,26,111,58,121,129,49,106,134,90,86"/><T83/><D125/><U3/><E126/><V61/><F120/><W135/><G121/><T46/><D96/><U22/><E128/><N who="3" m="49258" /><G26/><T36/><D36/><U133/><E133/><N who="3" m="50698" /><G106/><T59/><D59/><U88/><E117/><V77/><F131/><W102/><G102/><T124/><D124/><U89/><E22/><N who="2" m="15639" /><F73/><W66/><G90/><T35/><D27/><U31/><REACH who="1" step="1"/><E11/><REACH who="1" ten="467,170,191,162" step="2"/><V45/><F77/><W100/><G109/><T123/><D123/><U97/><E97/><V1/><F1/><AGARI ba="2,1" hai="1,3,13,14,29,31,37,39,68,70,88,89,93,94" machi="1" ten="25,6400,0" yaku="1,1,22,2,54,1,53,0" doraHai="56" doraHaiUra="38" who="1" fromWho="2" sc="467,0,170,80,191,-70,162,0" /><INIT seed="5,0,0,4,3,31" ten="467,250,121,162" oya="1" hai0="33,38,110,96,55,119,84,123,107,70,81,116,133" hai1="4,104,21,94,1,43,50,72,34,29,131,18,98" hai2="113,80,74,42,90,58,57,76,128,85,124,56,60" hai3="46,120,126,20,82,15,44,48,111,93,53,86,39"/><U35/><E72/><V36/><F124/><W130/><G111/><T99/><D70/><U95/><E104/><V64/><F128/><W7/><G126/><T10/><D33/><U13/><E131/><V54/><F113/><W129/><G120/><T61/><D38/><U100/><E43/><V66/><F66/><W19/><G93/><T115/><D110/><U83/><E94/><V121/><F121/><W114/><G114/><T75/><D75/><U134/><E134/><V102/><F102/><W101/><G101/><T88/><D115/><U122/><E122/><V105/><F105/><W45/><G7/><T23/><D123/><U65/><E65/><V17/><F17/><W125/><G125/><T11/><D107/><U69/><E69/><V87/><F74/><W103/><G103/><T37/><D37/><U79/><E50/><V41/><F36/><W24/><G24/><T16/><D133/><U109/><E109/><V63/><REACH who="2" step="1"/><F56/><REACH who="2" ten="467,250,111,162" step="2"/><W25/><G39/><T106/><D106/><U127/><E127/><V14/><F14/><W0/><G130/><T112/><D112/><U77/><E29/><V51/><F51/><W132/><G129/><T26/><D119/><U78/><REACH who="1" step="1"/><E83/><AGARI ba="0,1" hai="41,42,54,57,58,60,63,64,76,80,83,85,87,90" machi="83" ten="30,3900,0" yaku="1,1,7,1,8,1,53,0" doraHai="31" doraHaiUra="67" who="2" fromWho="1" sc="467,0,250,-39,111,49,162,0" /><INIT seed="6,0,0,2,5,61" ten="467,211,160,162" oya="2" hai0="43,29,7,60,28,101,86,22,100,36,50,56,135" hai1="75,84,67,127,81,18,37,57,93,32,97,68,71" hai2="49,107,12,5,48,85,98,72,111,2,27,114,125" hai3="63,112,117,31,16,120,58,26,123,40,119,103,54"/><V59/><F2/><W134/><G134/><T113/><D36/><U6/><E37/><V126/><F72/><W94/><G40/><T89/><D113/><U109/><E109/><V78/><F111/><W130/><G130/><T105/><D105/><U62/><E32/><V39/><F39/><W76/><G76/><T30/><D7/><U124/><E75/><V110/><F110/><W52/><G112/><T133/><D22/><U74/><E18/><V129/><F129/><W15/><G54/><T106/><D106/><U91/><E6/><V79/><F114/><W8/><G103/><T77/><D77/><N who="2" m="29194" /><F27/><W13/><G13/><T44/><D133/><U115/><E74/><V131/><F85/><W23/><REACH who="3" step="1"/><G94/><REACH who="3" ten="467,211,160,152" step="2"/><N who="0" m="54583" /><D135/><U92/><E115/><V128/><F107/><W41/><G41/><T122/><D122/><AGARI ba="0,1" hai="8,15,16,23,26,31,52,58,63,117,119,120,122,123" machi="122" ten="40,5200,0" yaku="1,1,54,2,53,0" doraHai="61" doraHaiUra="65" who="3" fromWho="0" sc="467,-52,211,0,160,0,152,62" /><INIT seed="7,0,0,1,1,55" ten="415,211,160,214" oya="3" hai0="50,15,101,18,36,114,1,66,124,93,130,133,27" hai1="81,42,31,115,33,40,65,119,11,131,56,79,113" hai2="8,126,75,91,53,35,85,117,96,47,121,116,74" hai3="64,60,30,120,13,68,106,0,127,134,89,52,128"/><W54/><G120/><T37/><D1/><U103/><E103/><V80/><F35/><W90/><G0/><T59/><D27/><N who="1" m="18687" /><E11/><V67/><F121/><W9/><G134/><T69/><D69/><U94/><E94/><V46/><F126/><W95/><G127/><T4/><D4/><U86/><E119/><V122/><F122/><W51/><G128/><T125/><D130/><U84/><E84/><V28/><F28/><W17/><G106/><T88/><D101/><U87/><E87/><V99/><F67/><W38/><G38/><T45/><D37/><U107/><E107/><V76/><F74/><W62/><G30/><T82/><D36/><U109/><E109/><V118/><F8/><W132/><G132/><T100/><D100/><U14/><E14/><V63/><F47/><W58/><G95/><T7/><D7/><U123/><E123/><V112/><F112/><N who="1" m="43081" /><E131/><V41/><F41/><W111/><G111/><T135/><D114/><U105/><E105/><V102/><F102/><W57/><AGARI ba="0,0" hai="9,13,17,51,52,54,57,58,60,62,64,68,89,90" machi="57" ten="20,12000,1" yaku="0,1,7,1,52,2,54,1" doraHai="55" who="3" fromWho="3" sc="415,-40,211,-40,160,-40,214,120" /><INIT seed="7,1,0,1,0,31" ten="375,171,120,334" oya="3" hai0="34,83,100,27,29,15,48,133,17,71,97,79,67" hai1="59,121,98,9,88,86,33,57,91,90,89,117,114" hai2="22,7,118,68,103,26,122,93,104,55,1,119,16" hai3="13,94,4,56,70,99,46,127,112,82,37,18,47"/><W36/><G70/><T3/><D133/><U105/><E121/><V85/><F68/><W84/><G127/><T126/><D3/><U66/><E117/><V120/><F104/><W24/><G112/><T41/><D126/><U76/><E114/><V108/><F108/><W14/><G37/><T72/><D67/><U129/><E129/><V115/><F115/><W78/><G56/><T95/><D71/><U131/><E131/><V74/><F74/><W28/><G4/><T73/><D48/><U43/><E43/><V123/><F55/><W21/><G36/><T40/><D73/><U109/><E109/><V49/><F49/><W10/><REACH who="3" step="1"/><G14/><REACH who="3" ten="375,171,120,324" step="2"/><T0/><D0/><U53/><E59/><V6/><F1/><W125/><G125/><T39/><D39/><U107/><E66/><V2/><F2/><W110/><G110/><T63/><D63/><U92/><E57/><V69/><F69/><W50/><G50/><T11/><AGARI ba="1,1" hai="11,15,17,27,29,34,40,41,72,79,83,95,97,100" machi="11" ten="20,2700,0" yaku="0,1,7,1,52,1" doraHai="31" who="0" fromWho="0" sc="375,40,171,-8,120,-8,324,-14" owari="415,52.0,163,-24.0,112,-39.0,310,11.0" /></mjloggm>