<mjloggm ver="2.3"><GO type="41" lobby="0"/><UN n0="%E3%81%B2%E3%82%82%E3%81%B1%E3%81%81%E3%82%93" n1="%E5%B0%B1%E6%B4%BB%E7%94%9F%40%E5%B7%9D%E6%9D%91%E8%BB%8D%E5%9B%A3" n2="%2D%46%49%58%45%52%2D" n3="%E3%83%8D%E3%82%AA%E3%83%9C%E3%82%B9" dan="14,17,13,13" rate="1939.16,2165.21,1920.08,1820.34" sx="M,M,M,M"/><TAIKYOKU oya="0"/><INIT seed="0,0,0,2,5,108" ten="250,250,250,250" oya="0" hai0="66,40,101,53,27,124,52,106,49,47,129,5,60" hai1="118,77,107,46,48,119,134,104,26,2,127,103,9" hai2="105,85,131,86,55,92,38,121,22,81,28,132,109" hai3="10,93,0,45,80,128,37,82,7,71,57,13,15"/><T110/><D124/><U44/><E127/><V30/><F121/><W130/><G71/><T61/><D129/><N who="3" m="49769" /><G57/><T35/><D5/><U4/><E134/><V73/><F38/><W12/><G93/><T62/><D110/><U135/><E135/><V39/><F39/><W79/><G82/><T122/><D122/><U114/><E77/><V33/><F105/><W21/><G21/><T83/><D83/><U67/><E67/><V56/><F33/><W51/><G15/><T41/><D41/><U17/><E46/><V95/><F73/><N who="3" m="43119" /><G51/><T20/><D35/><U96/><E104/><V76/><F22/><W111/><G111/><T24/><D24/><U1/><E1/><V116/><F109/><W97/><G97/><T133/><D133/><U63/><E63/><V115/><F116/><W69/><G69/><T113/><D66/><U32/><E17/><V36/><F36/><W74/><G74/><T125/><D125/><U50/><E48/><V87/><F132/><W123/><G123/><T59/><D59/><U25/><E32/><V70/><F70/><W8/><G10/><T65/><D65/><U117/><E26/><V88/><F131/><W89/><G89/><T100/><D106/><U68/><E25/><V43/><F76/><W31/><G31/><T98/><D98/><U84/><E84/><V72/><F72/><W91/><G91/><T16/><D113/><U120/><E68/><V75/><F75/><W34/><G34/><T64/><D64/><U3/><E120/><V112/><F81/><W90/><G90/><T102/><AGARI ba="0,0" hai="16,20,27,40,47,49,52,53,60,61,62,100,101,102" machi="102" ten="30,11700,0" yaku="0,1,8,1,54,2" doraHai="108" who="0" fromWho="0" sc="250,117,250,-39,250,-39,250,-39" /><INIT seed="0,1,0,5,3,68" ten="367,211,211,211" oya="0" hai0="72,64,97,29,79,95,124,66,21,83,117,34,103" hai1="82,19,9,42,55,49,120,5,26,123,36,85,44" hai2="77,70,84,73,106,105,16,17,131,27,54,6,56" hai3="110,71,12,75,119,39,113,78,102,1,32,74,22"/><T114/><D114/><U53/><E19/><V48/><F70/><W62/><G119/><T107/><D117/><U130/><E55/><V134/><F131/><W7/><G113/><T23/><D124/><U33/><E130/><V92/><F134/><W24/><G39/><T122/><D122/><U18/><E33/><V25/><F73/><W127/><G127/><T31/><D34/><U28/><E28/><V10/><F105/><W86/><G102/><T112/><D112/><U45/><E26/><N who="2" m="9739" /><F106/><W14/><G110/><T46/><D46/><U20/><E20/><V13/><F77/><W67/><G32/><T126/><D126/><U59/><E59/><V30/><F30/><W94/><G1/><T135/><D135/><U40/><E53/><V61/><F61/><W63/><G63/><T50/><D50/><U108/><E18/><V60/><F60/><W15/><G7/><T47/><D47/><U132/><E132/><V8/><F8/><W58/><G71/><T116/><D116/><U88/><REACH who="1" step="1"/><E108/><REACH who="1" ten="367,201,211,211" step="2"/><V52/><F54/><W87/><G22/><T125/><D125/><U109/><E109/><V101/><F52/><W91/><G24/><T99/><D31/><U11/><E11/><V37/><F56/><W96/><G78/><T115/><D29/><U81/><E81/><V128/><F128/><W98/><G75/><T111/><D111/><U41/><E41/><V38/><F48/><W69/><G74/><T57/><D115/><U4/><E4/><V76/><F17/><W100/><G69/><T121/><D57/><U89/><E89/><V118/><F6/><RYUUKYOKU ba="1,1" sc="367,-15,201,15,211,-15,211,15" hai1="5,9,36,40,42,44,45,49,82,85,88,120,123" hai3="12,14,15,58,62,67,86,87,91,94,96,98,100" /><INIT seed="1,2,1,0,5,25" ten="352,216,196,226" oya="1" hai0="92,79,6,118,14,89,40,10,59,3,101,120,0" hai1="27,104,117,69,96,100,34,31,9,106,16,63,7" hai2="127,68,12,80,135,82,107,94,134,57,21,90,26" hai3="39,53,44,50,91,2,46,51,52,47,15,17,32"/><U122/><E117/><V77/><F68/><W11/><G32/><T70/><D70/><U128/><E122/><V74/><F107/><W54/><G2/><T61/><D118/><U124/><E124/><V72/><F127/><W110/><G110/><T85/><D120/><U126/><E126/><V76/><F12/><W23/><G39/><T81/><D40/><U37/><E128/><V84/><REACH who="2" step="1"/><F57/><REACH who="2" ten="352,216,186,226" step="2"/><W19/><REACH who="3" step="1"/><G91/><REACH who="3" ten="352,216,186,216" step="2"/><T113/><D113/><U105/><E37/><V56/><F56/><W87/><G87/><T58/><D58/><U5/><E105/><V4/><F4/><W133/><G133/><T30/><D101/><U65/><E106/><V45/><F45/><W43/><G43/><T114/><D114/><U1/><E7/><V67/><F67/><W24/><AGARI ba="2,3" hai="11,15,17,19,23,24,44,46,47,50,51,52,53,54" machi="24" ten="30,7900,0" yaku="1,1,0,1,8,1,54,1,53,0" doraHai="25" doraHaiUra="86" who="3" fromWho="3" sc="352,-22,216,-41,186,-22,216,115" /><INIT seed="2,0,0,2,0,108" ten="330,175,164,331" oya="2" hai0="116,33,79,69,58,2,64,98,133,115,128,90,42" hai1="99,31,37,78,52,101,50,54,103,68,51,109,132" hai2="55,43,112,89,84,93,83,97,102,53,81,127,20" hai3="56,40,26,73,124,121,66,34,4,36,28,135,15"/><V75/><F112/><W7/><G121/><T35/><D2/><U12/><E109/><V63/><F127/><W92/><G73/><T134/><D69/><U32/><E132/><V71/><F43/><W19/><G124/><T21/><D42/><U44/><E68/><V46/><F75/><W100/><G135/><T126/><D79/><U125/><E37/><V60/><F81/><W95/><G36/><T5/><D5/><U38/><E38/><V91/><F71/><W62/><G40/><T29/><D116/><U107/><E125/><V120/><F120/><W70/><G95/><T24/><D128/><U3/><E3/><V94/><F94/><W16/><G19/><T106/><D126/><U129/><E129/><V47/><F20/><W27/><G27/><T87/><D35/><U1/><E1/><V59/><REACH who="2" step="1"/><F102/><REACH who="2" ten="330,175,154,331" step="2"/><W130/><G130/><T0/><D115/><U80/><E103/><V104/><F104/><W61/><G92/><T23/><D23/><U85/><E32/><V77/><F77/><W105/><G100/><T48/><D33/><U122/><E122/><V18/><F18/><W96/><G96/><T39/><D134/><U86/><E31/><V17/><F17/><W6/><G105/><T76/><D106/><U22/><E22/><V117/><F117/><W123/><G123/><T10/><D21/><U9/><E80/><V14/><F14/><W45/><G16/><T8/><D29/><U49/><E78/><V82/><F82/><W41/><G15/><T111/><D76/><U67/><E101/><V110/><F110/><W13/><G13/><RYUUKYOKU ba="0,1" sc="330,-10,175,-10,154,30,331,-10" hai2="46,47,53,55,59,60,63,83,84,89,91,93,97" /><INIT seed="2,1,1,4,0,91" ten="320,165,184,321" oya="2" hai0="51,20,62,59,76,97,112,27,101,23,110,125,90" hai1="123,24,77,69,58,30,65,46,6,26,78,1,55" hai2="3,33,11,100,126,61,41,84,13,9,118,134,14" hai3="0,115,4,116,81,113,43,2,114,133,93,95,7"/><V117/><F33/><W66/><G116/><T79/><D110/><U80/><E123/><V39/><F100/><W56/><G43/><T130/><D130/><U92/><E69/><V122/><F122/><W86/><G133/><T50/><D23/><U68/><E68/><V85/><F61/><N who="3" m="38183" /><G7/><T124/><D90/><U45/><E65/><V63/><F63/><W83/><G83/><T60/><D60/><U70/><E70/><V21/><F3/><N who="3" m="1067" /><G4/><T22/><D22/><U105/><E105/><V128/><F21/><W36/><G36/><T102/><D102/><U89/><E6/><V31/><F134/><W106/><G106/><T52/><D112/><U18/><E1/><V109/><F41/><W5/><G5/><T96/><D96/><N who="1" m="57359" /><E26/><V25/><F39/><W73/><G73/><T129/><D129/><U104/><E104/><V94/><F25/><W54/><G54/><T88/><D79/><AGARI ba="1,1" hai="79,81,86,93,95,113,114,115" m="1067,38183" machi="79" ten="40,5200,0" yaku="11,1,52,2" doraHai="91" who="3" fromWho="0" sc="320,-55,165,0,184,0,321,65" /><INIT seed="3,0,0,4,0,91" ten="265,165,184,386" oya="3" hai0="10,58,128,52,66,51,127,17,116,37,117,89,79" hai1="80,41,19,107,84,27,95,132,73,86,97,103,13" hai2="81,48,101,82,129,38,61,115,15,68,28,130,62" hai3="33,77,94,104,83,8,18,125,9,70,53,64,72"/><W1/><G104/><T29/><D37/><U67/><E132/><V7/><F38/><W135/><G33/><T22/><D79/><U24/><E41/><V36/><F36/><W59/><G135/><T20/><D127/><U118/><E118/><V134/><F115/><W121/><G125/><T16/><D29/><U78/><E67/><V47/><F134/><W88/><G121/><T85/><D128/><N who="2" m="49258" /><F101/><W35/><G35/><T2/><D66/><U108/><E108/><V106/><F106/><W92/><G70/><T32/><D32/><U100/><E100/><V76/><F28/><W6/><G64/><T63/><D63/><U34/><E34/><V113/><F113/><W131/><G131/><T49/><D49/><U90/><REACH who="1" step="1"/><E84/><REACH who="1" ten="265,155,184,386" step="2"/><N who="2" m="48167" /><F68/><W102/><G102/><T45/><D117/><U123/><E123/><V98/><F98/><W126/><G126/><T57/><D116/><U14/><E14/><V122/><F122/><W99/><G1/><T50/><D2/><U69/><E69/><V133/><F133/><W112/><G112/><T39/><D39/><U120/><E120/><V12/><F12/><W5/><G5/><T54/><D45/><U40/><E40/><V26/><F15/><W111/><G6/><T87/><D10/><AGARI ba="0,1" hai="10,13,19,24,27,73,78,80,86,90,95,97,103,107" machi="10" ten="30,8000,1" yaku="1,1,7,1,24,2,52,1,53,0" doraHai="91" doraHaiUra="30" who="1" fromWho="0" sc="265,-80,155,90,184,0,386,0" /><INIT seed="4,0,0,5,0,110" ten="185,245,184,386" oya="0" hai0="68,35,25,108,63,52,129,121,62,16,116,56,94" hai1="111,87,66,67,109,23,102,15,60,81,134,130,131" hai2="107,90,30,125,36,119,19,101,53,128,26,98,58" hai3="95,78,27,85,117,50,77,48,113,34,86,69,106"/><T96/><D116/><U83/><E134/><V44/><F119/><W70/><G106/><T61/><D121/><U124/><E124/><V104/><F125/><W126/><G117/><T55/><D129/><N who="1" m="49163" /><E102/><V7/><F128/><W11/><G126/><T72/><D72/><U57/><E67/><V40/><F7/><W91/><G11/><T20/><D108/><N who="1" m="41547" /><E87/><V115/><F115/><W132/><G27/><T1/><D1/><U84/><E84/><V112/><F112/><W18/><G18/><AGARI ba="0,0" hai="15,18,23,57,60,66,81,83" m="41547,49163" machi="18" ten="30,1000,0" yaku="19,1" doraHai="110" who="1" fromWho="3" sc="185,0,245,10,184,0,386,-10" /><INIT seed="5,0,0,3,1,103" ten="185,255,184,376" oya="1" hai0="22,100,59,17,129,24,95,75,134,43,15,102,50" hai1="97,90,92,26,119,2,93,78,28,12,84,55,36" hai2="4,113,47,86,123,0,76,85,108,18,130,112,88" hai3="8,111,114,126,27,99,110,6,14,44,45,64,40"/><U1/><E119/><V31/><F108/><W81/><G126/><T25/><D75/><U133/><E133/><V120/><F130/><W68/><G114/><N who="2" m="44137" /><F31/><W77/><G45/><T82/><D134/><U101/><E36/><V115/><F47/><W135/><G135/><T73/><D129/><U116/><E116/><V56/><N who="2" m="44145" /><V106/><DORA hai="51" /><F18/><W10/><G27/><N who="0" m="10315" /><D73/><U98/><E12/><V74/><F56/><W38/><G10/><T83/><D102/><U52/><E1/><V127/><F127/><W94/><G64/><T54/><D43/><U122/><E2/><V104/><F4/><W132/><G132/><T16/><D17/><U48/><E48/><V37/><F0/><W19/><G68/><T69/><D69/><U105/><E122/><N who="2" m="46635" /><F37/><W117/><G117/><T60/><D60/><U87/><E26/><V109/><F109/><W9/><G8/><T107/><D107/><N who="2" m="41002" /><F88/><W128/><G19/><T67/><D67/><U65/><E28/><V58/><F58/><W34/><G34/><T46/><D46/><U72/><E65/><V7/><F7/><W124/><G124/><T5/><D5/><U118/><E118/><V29/><F29/><W35/><G35/><T42/><D42/><U13/><E13/><V20/><F20/><W41/><G41/><T49/><D49/><U91/><E97/><AGARI ba="0,0" hai="15,16,22,50,54,59,82,83,95,97,100" m="10315" machi="97" ten="30,3900,0" yaku="8,1,52,1,54,1" doraHai="103,51" who="0" fromWho="1" sc="185,39,255,-39,184,0,376,0" /><INIT seed="6,0,0,2,5,111" ten="224,216,184,376" oya="2" hai0="79,100,63,42,120,31,86,112,40,9,110,24,126" hai1="4,115,12,105,5,52,107,131,129,10,72,123,85" hai2="57,106,55,101,34,116,134,8,11,46,7,83,30" hai3="103,98,66,124,36,73,51,113,91,19,109,61,130"/><V44/><F116/><W1/><G109/><T90/><D110/><U64/><E72/><V96/><F134/><W18/><G73/><T127/><D79/><U41/><E41/><V25/><F83/><W71/><G36/><T62/><D100/><U54/><E115/><V125/><F125/><N who="0" m="47626" /><D112/><U26/><E64/><V97/><F97/><W17/><G1/><T80/><D9/><N who="1" m="4135" /><E26/><V53/><F11/><W14/><G130/><N who="1" m="49674" /><E85/><V58/><F8/><W133/><G133/><T135/><D120/><U68/><E68/><V28/><F28/><W99/><G124/><T47/><D135/><U16/><E123/><V94/><F7/><W21/><G113/><T88/><D90/><U43/><E43/><N who="0" m="16425" /><D47/><U121/><E121/><V35/><F35/><AGARI ba="0,0" hai="24,31,35,62,63,80,86,88" m="16425,47626" machi="35" ten="30,2000,0" yaku="18,1,54,1" doraHai="111" who="0" fromWho="2" sc="224,20,216,0,184,-20,376,0" /><INIT seed="7,0,0,1,1,15" ten="244,216,164,376" oya="3" hai0="113,14,96,73,65,129,46,79,89,99,87,63,118" hai1="57,94,135,5,19,122,130,60,44,28,134,55,90" hai2="102,38,75,64,34,132,66,126,80,121,95,78,104" hai3="11,13,52,112,9,12,86,106,91,1,124,108,58"/><W84/><G106/><T16/><D118/><U61/><E130/><V97/><F121/><W45/><G124/><T100/><D46/><U47/><E122/><V36/><F132/><N who="1" m="50729" /><E28/><V111/><F126/><W120/><G112/><T29/><D29/><U92/><E5/><V30/><F111/><W26/><G26/><T62/><D113/><U109/><E109/><V81/><F30/><W18/><G1/><T22/><D129/><U50/><E19/><V21/><F21/><W125/><G125/><T49/><D49/><N who="1" m="29095" /><E90/><V42/><F42/><W128/><G45/><T23/><D79/><U17/><E17/><V119/><F119/><W20/><G128/><T98/><D73/><U24/><E24/><V110/><F110/><W93/><G120/><T101/><D23/><U127/><E127/><V8/><F8/><W53/><G53/><T133/><D133/><U77/><E77/><V39/><F34/><W88/><G13/><T4/><D4/><U43/><E61/><N who="0" m="23049" /><D65/><AGARI ba="0,0" hai="43,47,50,57,60,65,92,94" m="29095,50729" machi="65" ten="30,1000,0" yaku="20,1" doraHai="15" who="1" fromWho="0" sc="244,-10,216,10,164,0,376,0" owari="234,3.0,226,-17.0,164,-34.0,376,48.0" /></mjloggm>