<mjloggm ver="2.3"><GO type="97" lobby="0"/><UN n0="%E5%A4%A9%E6%89%8D%E3%82%A4%E3%83%99%E3%83%AA%E3%82%B3%E8%B1%9A" n1="%6D%2E%6B%69%6D%75%72%61" n2="%E5%B0%B1%E6%B4%BB%E7%94%9F%40%E5%B7%9D%E6%9D%91%E8%BB%8D%E5%9B%A3" n3="%E3%81%91%E3%82%93%E3%81%A1%E3%82%83%E3%82%80" dan="15,15,14,15" rate="1946.38,2048.61,1997.00,2005.27" sx="F,M,M,M"/><TAIKYOKU oya="0"/><INIT seed="0,0,0,1,3,73" ten="250,250,250,250" oya="0" hai0="21,31,13,36,22,24,135,34,94,57,84,132,17" hai1="23,71,46,89,55,123,117,86,112,52,85,108,15" hai2="109,101,44,60,126,61,72,111,54,95,97,28,37" hai3="26,30,81,49,42,43,45,51,91,53,32,107,70"/><T3/><D36/><U35/><E35/><V68/><F126/><W62/><G107/><T63/><D3/><U11/><E123/><V12/><F72/><W134/><G134/><N who="0" m="51243" /><D94/><U121/><E121/><V128/><F128/><W0/><G0/><T16/><D84/><U133/><E108/><N who="2" m="41547" /><F68/><W6/><G6/><T93/><D93/><U99/><E71/><V125/><F125/><W115/><G115/><T122/><D122/><U80/><E117/><V105/><F28/><W64/><G51/><T40/><D40/><U4/><E99/><N who="2" m="61631" /><F12/><W102/><G102/><T131/><D131/><U7/><E112/><V82/><F82/><W90/><G81/><T2/><D2/><U38/><E86/><V78/><F78/><W9/><G9/><N who="0" m="6191" /><D17/><U47/><E4/><V129/><F129/><W119/><G119/><T75/><D75/><U29/><E38/><V5/><F5/><W50/><G42/><T83/><D83/><U103/><E103/><N who="2" m="60863" /><F37/><W79/><G79/><T56/><D56/><AGARI ba="0,0" hai="26,30,32,43,45,49,50,53,56,62,64,70,90,91" machi="56" ten="30,1000,0" yaku="7,1" doraHai="73" who="3" fromWho="0" sc="250,-10,250,0,250,0,250,10" /><INIT seed="1,0,0,3,3,62" ten="240,250,250,260" oya="1" hai0="3,18,119,49,42,1,92,111,76,107,51,79,115" hai1="114,131,82,121,129,33,105,91,87,84,85,124,10" hai2="89,106,25,125,8,17,45,36,68,48,16,11,60" hai3="66,61,69,27,109,6,59,102,103,94,128,110,47"/><U2/><E33/><V53/><F106/><W46/><G128/><N who="1" m="49226" /><E2/><V132/><F125/><W21/><G6/><T100/><D107/><U126/><E10/><V57/><F132/><W101/><G94/><T117/><D18/><N who="2" m="7274" /><F25/><W120/><G120/><T123/><D3/><U37/><E37/><V5/><F5/><W93/><G93/><T29/><D42/><U20/><E20/><V86/><F68/><W28/><REACH who="3" step="1"/><G69/><REACH who="3" ten="240,250,250,250" step="2"/><T80/><D123/><U23/><E121/><V135/><F135/><W73/><G73/><T7/><D92/><U19/><E105/><V55/><F36/><W104/><G104/><T133/><D7/><U90/><E114/><V113/><F113/><W88/><G88/><N who="1" m="33834" /><E82/><AGARI ba="0,1" hai="8,11,45,48,53,55,57,60,82,86,89" m="7274" machi="82" ten="30,2000,0" yaku="8,1,54,1" doraHai="62" who="2" fromWho="1" sc="240,0,250,-20,250,30,250,0" /><INIT seed="2,0,0,0,1,5" ten="240,230,280,250" oya="2" hai0="100,104,51,64,52,85,14,70,58,63,102,120,15" hai1="34,110,116,135,0,121,53,93,54,123,95,4,10" hai2="9,134,66,118,98,29,3,99,81,21,77,57,69" hai3="36,18,27,86,129,12,75,79,96,115,2,124,131"/><V122/><F118/><W33/><G2/><T127/><D120/><N who="1" m="46155" /><E116/><V103/><F122/><W28/><G36/><T8/><D127/><U6/><E110/><V17/><F134/><W61/><G75/><T117/><D117/><U73/><E73/><V76/><F69/><W89/><G124/><T19/><D104/><U46/><E135/><V97/><F103/><W125/><G125/><T13/><D85/><U107/><E107/><V31/><F3/><W1/><G1/><T50/><D50/><N who="1" m="28887" /><E34/><V56/><F9/><W126/><G126/><T60/><D63/><U84/><E4/><V83/><F66/><W45/><G115/><T88/><D88/><N who="1" m="53383" /><E95/><V80/><F76/><W16/><G131/><T48/><D48/><U133/><E133/><V37/><F37/><W25/><G129/><T111/><REACH who="0" step="1"/><D111/><REACH who="0" ten="230,230,280,250" step="2"/><U26/><E26/><N who="2" m="14639" /><F77/><W106/><G79/><T112/><D112/><U72/><E72/><V113/><F113/><W38/><G27/><T49/><D49/><U109/><E109/><V22/><F57/><W94/><G25/><T47/><D47/><U67/><E54/><V105/><F56/><W41/><G45/><T30/><D30/><N who="2" m="11274" /><F105/><W55/><G106/><T44/><D44/><U87/><E87/><V92/><F92/><W35/><G86/><T20/><D20/><AGARI ba="0,1" hai="20,22,80,81,83,97,98,99" m="11274,14639" machi="20" ten="40,2000,0" yaku="8,1" doraHai="5" who="2" fromWho="0" sc="230,-20,230,0,280,30,250,0" /><INIT seed="2,1,0,3,4,67" ten="210,230,310,250" oya="2" hai0="87,132,104,81,18,90,103,22,105,17,113,108,80" hai1="23,44,53,10,96,77,33,125,20,133,45,62,21" hai2="91,52,114,68,8,49,51,107,2,32,7,110,129" hai3="130,46,78,111,13,28,102,19,72,31,6,100,39"/><V98/><F32/><W26/><G31/><T121/><D108/><U30/><E125/><V120/><F120/><W29/><G6/><T42/><D121/><U128/><E133/><V95/><F114/><W131/><G29/><T82/><D113/><U58/><E128/><N who="3" m="49194" /><G111/><T88/><D132/><U4/><E77/><V89/><F129/><W135/><G135/><T76/><D42/><U55/><E96/><V48/><F110/><W112/><G112/><T118/><D18/><U56/><E33/><V25/><F107/><W97/><G78/><T84/><D118/><U57/><E30/><V36/><F36/><W63/><G72/><N who="0" m="43015" /><D17/><U69/><E69/><V116/><F116/><W66/><G97/><N who="0" m="61551" /><D22/><U73/><E73/><V35/><F91/><W115/><G115/><T54/><D54/><U119/><E119/><V93/><F93/><W124/><G124/><T79/><D105/><U122/><E122/><V16/><F68/><N who="3" m="42079" /><G39/><T127/><D79/><U117/><E117/><V12/><F35/><N who="3" m="20887" /><G46/><T41/><D41/><U64/><E64/><V14/><F25/><W43/><G43/><T94/><D127/><U40/><E40/><V75/><F75/><W101/><G101/><T60/><D60/><N who="1" m="35855" /><E57/><N who="2" m="32903" /><F2/><W9/><AGARI ba="1,0" hai="9,13,19,100,102" m="20887,42079,49194" machi="9" ten="30,2000,0" yaku="19,1,52,1" doraHai="67" who="3" fromWho="3" sc="210,-6,230,-6,310,-11,250,23" /><INIT seed="3,0,0,5,0,33" ten="204,224,299,273" oya="3" hai0="18,119,16,84,2,129,100,93,114,12,41,118,89" hai1="29,106,96,92,7,111,81,78,20,121,105,34,3" hai2="91,120,124,45,88,77,14,71,125,102,51,36,90" hai3="40,25,28,5,42,73,103,64,113,44,15,95,69"/><W127/><G73/><T58/><D129/><U82/><E34/><V0/><F0/><W112/><G40/><T80/><D2/><U130/><E130/><V11/><F120/><W108/><G69/><T1/><D1/><U66/><E111/><V126/><F71/><W49/><G64/><T19/><D114/><U86/><E121/><V52/><F77/><W4/><G108/><T38/><D58/><U54/><E66/><V22/><F22/><W39/><G127/><T117/><D41/><U72/><E29/><V6/><F102/><W21/><G39/><AGARI ba="0,0" hai="6,11,14,36,39,45,51,52,88,90,91,124,125,126" machi="39" ten="50,6400,0" yaku="18,1,54,2" doraHai="33" who="2" fromWho="3" sc="204,0,224,0,299,64,273,-64" owari="204,-30.0,224,2.0,363,47.0,209,-19.0" /></mjloggm>