<mjloggm ver="2.3"><GO type="41" lobby="0"/><UN n0="%E2%98%85%E6%B8%85%E6%B0%B4%E8%B0%B7%E9%BE%8D%E8%8F%AF%E2%98%85" n1="%E5%B0%B1%E6%B4%BB%E7%94%9F%40%E5%B7%9D%E6%9D%91%E8%BB%8D%E5%9B%A3" n2="%E6%89%93%E5%80%92%EF%BC%81%E9%81%8B%E5%96%B6%E3%81%A1%E3%82%83%E3%82%93" n3="%64%61%72%6D%61" dan="13,15,14,14" rate="1822.91,2043.67,1863.88,1972.56" sx="F,M,M,M"/><TAIKYOKU oya="0"/><INIT seed="0,0,0,0,2,37" ten="250,250,250,250" oya="0" hai0="57,133,13,128,73,70,90,59,89,50,8,67,3" hai1="116,14,12,120,40,53,61,86,26,98,63,74,99" hai2="111,97,82,75,132,93,130,54,22,25,92,21,123" hai3="108,127,104,56,71,39,44,27,46,45,41,135,114"/><T9/><D73/><U85/><E74/><V24/><F123/><W126/><G104/><T58/><D133/><U6/><E120/><V72/><F132/><W69/><G27/><T19/><D128/><U125/><E125/><N who="3" m="47626" /><G135/><T64/><D70/><N who="3" m="26633" /><G114/><T15/><D50/><U10/><E116/><V91/><F111/><W60/><G108/><T48/><D48/><U124/><E124/><V29/><F130/><W47/><G39/><T107/><D107/><U83/><E40/><V51/><F82/><W32/><G32/><T100/><D100/><U52/><E26/><V35/><F35/><W119/><G119/><T80/><D80/><U88/><E85/><V62/><F62/><N who="1" m="23561" /><E14/><N who="0" m="5129" /><D19/><U117/><E117/><V38/><F38/><N who="3" m="21559" /><G47/><T95/><D3/><U81/><E81/><V55/><F93/><W110/><G110/><T33/><D33/><U115/><E115/><V31/><F55/><AGARI ba="0,0" hai="45,46,55,56,60" m="21559,26633,47626" machi="55" ten="30,7700,0" yaku="18,1,34,2,52,1" doraHai="37" who="3" fromWho="2" sc="250,0,250,0,250,-77,250,77" /><AGARI ba="0,0" hai="6,10,12,52,53,55,83,86,88,98,99" m="23561" machi="55" ten="30,3900,0" yaku="8,1,54,2" doraHai="37" who="1" fromWho="2" sc="250,0,250,39,173,-39,327,0" /><INIT seed="1,0,0,1,4,111" ten="250,289,134,327" oya="1" hai0="67,78,70,76,107,63,28,45,98,40,96,120,84" hai1="15,39,26,34,77,66,3,87,99,72,9,56,129" hai2="20,35,121,19,128,135,97,0,7,12,10,52,93" hai3="114,11,106,49,83,108,44,125,47,50,79,1,122"/><U117/><E39/><V126/><F121/><W32/><G122/><T64/><D120/><U118/><E3/><V115/><F115/><W101/><G114/><T134/><D67/><U61/><E72/><V18/><F135/><W53/><G32/><T37/><D134/><U22/><E34/><V14/><F128/><W100/><G108/><T81/><D28/><U91/><E129/><V31/><F126/><W17/><G125/><T38/><D38/><U73/><E73/><V27/><F97/><W75/><G106/><T102/><REACH who="0" step="1"/><D96/><REACH who="0" ten="240,289,134,327" step="2"/><U48/><E99/><V90/><F90/><AGARI ba="0,1" hai="37,40,45,63,64,70,76,78,81,84,90,98,102,107" machi="90" ten="30,3900,0" yaku="1,1,2,1,7,1,53,0" doraHai="111" doraHaiUra="2" who="0" fromWho="2" sc="240,49,289,0,134,-39,327,0" /><INIT seed="2,0,0,0,0,63" ten="289,289,95,327" oya="2" hai0="76,5,78,128,1,24,114,58,108,2,7,109,49" hai1="84,131,6,116,127,54,125,38,44,115,113,12,90" hai2="103,66,105,61,23,62,64,36,56,47,30,100,133" hai3="51,67,19,52,8,57,3,40,21,111,88,37,130"/><V112/><F133/><W60/><G111/><N who="0" m="42571" /><D114/><U75/><E75/><V34/><F105/><W73/><G73/><T123/><D123/><U102/><E102/><V106/><F106/><W126/><G126/><N who="1" m="48138" /><E131/><V0/><F112/><W15/><G130/><T31/><D128/><U11/><E116/><V74/><F74/><W101/><G101/><N who="2" m="38985" /><F34/><W89/><G3/><N who="0" m="1035" /><D49/><U134/><E134/><V55/><F55/><W42/><G8/><T45/><D45/><U87/><E87/><V99/><F0/><W33/><G33/><N who="0" m="20711" /><D58/><U85/><E85/><V16/><F30/><W93/><G93/><T80/><D80/><N who="1" m="49415" /><E54/><N who="2" m="33943" /><F36/><W71/><G42/><AGARI ba="0,0" hai="6,11,12,38,42,44,113,115" m="49415,48138" machi="42" ten="30,1000,0" yaku="18,1" doraHai="63" who="1" fromWho="3" sc="289,0,289,10,95,0,327,-10" /><INIT seed="3,0,0,5,5,101" ten="289,299,95,317" oya="3" hai0="18,83,45,119,25,71,55,49,84,86,16,53,41" hai1="114,95,0,68,5,46,130,111,104,82,116,110,132" hai2="100,27,47,128,103,122,60,26,135,123,44,65,29" hai3="9,109,11,96,33,17,133,28,57,80,134,48,97"/><W124/><G124/><T56/><D71/><U39/><E95/><V125/><F128/><W105/><G109/><T34/><D119/><U63/><E5/><V62/><F135/><N who="3" m="51723" /><G28/><T73/><D73/><U51/><E82/><V24/><F29/><W14/><G33/><T85/><D83/><U90/><E90/><V81/><F81/><W2/><G80/><T69/><D69/><U72/><E63/><V13/><F13/><N who="3" m="7343" /><G2/><T54/><D34/><U36/><E51/><V94/><F24/><W88/><G97/><T126/><D126/><U43/><E46/><V42/><F94/><N who="3" m="56391" /><G57/><T115/><D115/><U106/><E43/><V93/><F93/><W31/><G31/><T98/><D98/><U3/><E116/><V19/><F19/><N who="0" m="7210" /><D25/><U30/><E30/><V64/><REACH who="2" step="1"/><F42/><REACH who="2" ten="289,299,85,317" step="2"/><W102/><G102/><T99/><D99/><U108/><E130/><V37/><F37/><N who="1" m="14409" /><E72/><V21/><F21/><W117/><G117/><T12/><D12/><U76/><E132/><V50/><F50/><AGARI ba="0,1" hai="41,45,49,50,53,54,55,56,84,85,86" m="7210" machi="50" ten="30,2000,0" yaku="8,1,54,1" doraHai="101" who="0" fromWho="2" sc="289,30,299,0,85,-20,317,0" /><INIT seed="4,0,0,1,5,19" ten="319,299,65,317" oya="0" hai0="4,123,65,76,127,86,106,21,29,115,101,27,53" hai1="8,15,66,2,67,44,68,83,82,122,84,10,38" hai2="134,3,87,47,126,6,72,93,109,51,102,63,99" hai3="60,116,78,69,52,100,23,73,62,132,20,28,70"/><T45/><D123/><U80/><E122/><V128/><F134/><W108/><G100/><T119/><D119/><U14/><E2/><V120/><F72/><W1/><G1/><T94/><D127/><U9/><E68/><V129/><F126/><W7/><G116/><T74/><D65/><N who="1" m="24587" /><E38/><V33/><F33/><W95/><G7/><T85/><D115/><U13/><E44/><V31/><F63/><W125/><G125/><T17/><D4/><U114/><E114/><V25/><F6/><W110/><G95/><T39/><D106/><U81/><N who="1" m="20992" /><DORA hai="46" /><U91/><E91/><V16/><F3/><W56/><G132/><T135/><D76/><U75/><E75/><V26/><F120/><W49/><G78/><T24/><D135/><U113/><E113/><V90/><F109/><W98/><G73/><T89/><D101/><U30/><E30/><V130/><F31/><W11/><G11/><T58/><D45/><U18/><E84/><V42/><REACH who="2" step="1"/><F16/><AGARI ba="0,0" hai="8,9,10,13,14,15,16,18" m="20992,24587" machi="16" ten="50,12000,2" yaku="29,2,28,2,8,1,54,1" doraHai="19,46" who="1" fromWho="2" sc="319,0,299,120,65,-120,317,0" owari="319,12.0,419,52.0,-55,-56.0,317,-8.0" /></mjloggm>