<mjloggm ver="2.3"><GO type="97" lobby="0"/><UN n0="%E7%90%B5%E7%90%B6%E5%AD%90%EF%BC%A0%E5%B7%9D%E6%9D%91%E8%BB%8D%E5%9B%A3" n1="%E5%B0%B1%E6%B4%BB%E7%94%9F%40%E5%B7%9D%E6%9D%91%E8%BB%8D%E5%9B%A3" n2="%E5%BC%B1%E3%82%81" n3="%E2%98%85%E6%BF%80%E8%BE%9B%E3%81%A0%E2%98%85" dan="15,15,14,14" rate="1984.53,2055.04,2003.21,1927.56" sx="M,M,M,M"/><TAIKYOKU oya="0"/><INIT seed="0,0,0,2,3,131" ten="250,250,250,250" oya="0" hai0="69,85,52,86,80,117,5,6,93,34,134,36,112" hai1="16,111,98,124,83,1,26,88,113,0,78,108,23" hai2="72,81,122,54,10,116,56,11,102,76,33,15,65" hai3="35,12,132,3,73,14,27,53,50,38,119,13,43"/><T41/><D117/><U95/><E124/><V127/><F127/><W109/><G3/><T87/><D87/><N who="1" m="48631" /><E113/><V130/><F130/><W2/><G2/><T24/><D69/><U40/><E40/><V105/><F122/><W84/><G119/><T64/><D64/><U28/><E28/><V82/><F33/><W57/><G73/><T46/><D112/><U62/><E62/><V115/><F82/><W104/><G104/><T94/><D85/><U20/><E23/><V120/><F65/><W90/><G109/><AGARI ba="0,0" hai="0,1,16,20,26,88,95,98,108,109,111" m="48631" machi="109" ten="30,3900,0" yaku="14,1,54,2" doraHai="131" who="1" fromWho="3" sc="250,0,250,39,250,0,250,-39" /><INIT seed="1,0,0,5,3,119" ten="250,289,250,211" oya="1" hai0="27,24,37,98,118,64,20,47,11,26,92,89,110" hai1="32,105,127,125,1,132,23,56,74,42,106,85,35" hai2="21,55,41,46,86,4,50,131,12,45,14,44,43" hai3="104,66,33,59,113,3,58,29,88,87,79,82,51"/><U0/><E74/><V22/><F131/><W10/><G104/><N who="1" m="40042" /><E132/><V5/><F86/><W61/><G113/><T40/><D118/><U120/><E42/><N who="2" m="15883" /><F50/><W63/><G29/><T67/><D110/><U102/><E102/><V36/><F55/><W93/><G33/><N who="1" m="12874" /><E23/><N who="2" m="8715" /><F36/><W128/><G128/><T121/><D121/><U38/><E38/><V126/><F126/><N who="1" m="48137" /><E56/><V68/><F68/><W13/><G51/><T80/><D20/><U116/><E85/><V48/><F48/><W76/><G93/><T15/><REACH who="0" step="1"/><D80/><REACH who="0" ten="240,289,250,211" step="2"/><U96/><E116/><V49/><F49/><W112/><G112/><T109/><D109/><U94/><E120/><V9/><F9/><W2/><G2/><T133/><D133/><U135/><E135/><V70/><F70/><W16/><REACH who="3" step="1"/><G3/><REACH who="3" ten="240,289,250,201" step="2"/><T53/><D53/><AGARI ba="0,2" hai="10,13,16,53,58,59,61,63,66,76,79,82,87,88" machi="53" ten="30,16000,3" yaku="1,1,2,1,7,1,8,1,54,2,53,2" doraHai="119" doraHaiUra="75" who="3" fromWho="0" sc="240,-160,289,0,250,0,201,180" /><INIT seed="2,0,0,1,4,10" ten="80,289,250,381" oya="2" hai0="63,96,75,108,122,58,70,0,2,86,112,117,37" hai1="23,130,35,19,41,55,116,103,100,98,84,60,97" hai2="17,50,3,13,92,42,16,48,78,15,38,59,126" hai3="46,68,24,62,5,128,36,54,114,80,113,30,123"/><V82/><F3/><W135/><G123/><T91/><D96/><U111/><E35/><V74/><F126/><W83/><G135/><T28/><D28/><U49/><E116/><V47/><F92/><W44/><G128/><T79/><D79/><U64/><E111/><V90/><F90/><W85/><G5/><T20/><D20/><U25/><E41/><V121/><F59/><W120/><G120/><T72/><D91/><U87/><E130/><V115/><F115/><N who="3" m="44043" /><G36/><T67/><D86/><U43/><E43/><V134/><F134/><W27/><G27/><T131/><D58/><N who="1" m="36887" /><E98/><V104/><F104/><W56/><G68/><T14/><D63/><U88/><E97/><V81/><F81/><N who="3" m="31307" /><G85/><N who="1" m="32842" /><E88/><V52/><F121/><W9/><G9/><T57/><D57/><AGARI ba="0,0" hai="19,23,25,49,55,57,100,103" m="32842,36887" machi="57" ten="30,1000,0" yaku="8,1" doraHai="10" who="1" fromWho="0" sc="80,-10,289,10,250,0,381,0" /><INIT seed="3,0,0,0,2,70" ten="70,299,250,381" oya="3" hai0="25,120,0,19,54,67,93,27,31,106,9,6,99" hai1="76,123,108,132,41,84,4,135,102,119,16,46,121" hai2="29,24,92,33,65,71,43,60,40,37,109,110,69" hai3="111,47,78,1,104,98,35,77,96,18,73,23,85"/><W3/><G35/><T34/><D54/><U26/><E4/><V116/><F116/><W128/><G128/><T129/><D67/><U5/><E5/><V20/><F92/><W75/><G85/><T87/><D87/><U62/><E102/><V59/><F43/><W10/><G10/><T86/><D86/><U44/><E62/><V30/><F30/><W36/><G47/><T72/><D93/><U80/><E119/><V114/><F114/><W68/><G23/><T39/><D99/><U50/><E46/><V79/><F79/><W28/><G28/><T100/><D100/><U32/><E108/><V122/><F122/><W57/><G57/><T112/><D72/><U103/><E103/><V66/><F66/><W118/><G18/><T81/><D81/><U91/><E76/><V88/><F88/><W125/><G68/><T48/><D48/><U115/><E115/><V107/><F107/><W127/><G111/><N who="2" m="42505" /><F33/><W56/><G56/><T105/><D112/><U11/><E32/><V90/><F90/><W94/><G94/><T45/><D120/><U74/><E74/><V49/><F49/><W52/><G104/><T22/><D129/><U89/><E89/><V134/><F134/><N who="1" m="51241" /><E123/><V124/><F124/><W14/><G118/><T53/><D53/><U101/><E101/><V42/><F42/><W15/><G75/><T131/><D131/><U95/><E121/><V12/><F12/><W113/><G113/><T7/><D7/><U63/><E80/><V13/><F13/><W83/><G83/><T126/><D106/><U17/><E91/><V61/><F61/><RYUUKYOKU ba="0,0" sc="70,-10,299,-10,250,30,381,-10" hai2="20,24,29,37,40,59,60,65,69,71" owari="60,-44.0,289,9.0,280,-12.0,371,47.0" /></mjloggm>