<mjloggm ver="2.3"><GO type="169" lobby="0"/><UN n0="%E3%82%A2%E3%83%AB%E3%83%87%E3%83%B3%E3%83%86" n1="%E8%B6%85%E4%BA%BA%EF%BC%AD" n2="%E3%82%A6%E3%83%AB%E3%83%88%E3%83%A9%E7%AB%8B%E7%9B%B4" n3="%E3%82%AF%E3%83%AD%E3%83%8E%E3%82%B9%40" dan="16,17,17,17" rate="2020.81,2222.73,2135.34,2189.63" sx="M,M,M,M"/><TAIKYOKU oya="0"/><INIT seed="0,0,0,5,3,60" ten="250,250,250,250" oya="0" hai0="61,90,17,16,127,124,103,102,135,8,0,36,3" hai1="2,11,72,39,93,123,54,31,115,100,62,99,55" hai2="23,92,104,59,132,56,21,63,80,38,96,88,73" hai3="32,95,66,42,114,40,91,111,13,49,69,51,48"/><T119/><D119/><U122/><E39/><V133/><F38/><W44/><G32/><T41/><D135/><N who="2" m="51786" /><F104/><W120/><G114/><T87/><D61/><U1/><E72/><V113/><F113/><W4/><G111/><T75/><D75/><U109/><E115/><V47/><F47/><W33/><G33/><T12/><D36/><U28/><E109/><V35/><F35/><W97/><G120/><T117/><D117/><U128/><E128/><V105/><F105/><W76/><G76/><T22/><D41/><N who="3" m="15977" /><G69/><T85/><D0/><U107/><E107/><V71/><F71/><W53/><G66/><T106/><D3/><U112/><E2/><V45/><F45/><W5/><G5/><T74/><D74/><U15/><E1/><V58/><F63/><W10/><AGARI ba="0,0" hai="4,10,13,44,48,49,51,53,91,95,97" m="15977" machi="10" ten="30,1100,0" yaku="8,1" doraHai="60" who="3" fromWho="3" sc="250,-5,250,-3,250,-3,250,11" /><INIT seed="1,0,0,1,5,120" ten="245,247,247,261" oya="1" hai0="71,26,94,83,111,93,108,62,31,42,100,57,13" hai1="118,125,82,47,27,91,101,123,41,112,58,56,10" hai2="114,87,23,21,77,46,113,29,95,38,72,53,20" hai3="59,70,88,92,5,39,106,89,4,133,115,98,64"/><U37/><E123/><V79/><F72/><W132/><G115/><N who="2" m="44041" /><F29/><W45/><G106/><T11/><D71/><U1/><E118/><V103/><F87/><W43/><G70/><T54/><D42/><U68/><E68/><V61/><F61/><N who="3" m="37951" /><G89/><T52/><D83/><U78/><E112/><V109/><F109/><N who="0" m="42058" /><D54/><U24/><E91/><V85/><F85/><W134/><AGARI ba="0,0" hai="4,5,39,43,45,88,92,98,132,133,134" m="37951" machi="134" ten="30,2000,0" yaku="20,1,54,1" doraHai="120" who="3" fromWho="3" sc="245,-5,247,-10,247,-5,261,20" /><INIT seed="2,0,0,1,5,11" ten="240,237,242,281" oya="2" hai0="15,51,16,8,73,83,34,121,5,133,14,6,122" hai1="33,58,95,80,45,76,32,115,17,41,101,127,35" hai2="78,20,74,56,48,42,12,22,77,97,13,43,79" hai3="81,86,2,89,52,134,26,21,125,129,114,28,50"/><V110/><F74/><W109/><G109/><T38/><D38/><U85/><E115/><V3/><F3/><W47/><G129/><T10/><D34/><U92/><E127/><V117/><F117/><W131/><G131/><T44/><D133/><U96/><E58/><V123/><F123/><W75/><G134/><T31/><D31/><U126/><E126/><V128/><F110/><W27/><G125/><T63/><D63/><U7/><E7/><V130/><F128/><W104/><G104/><T135/><D135/><U65/><E65/><V1/><F1/><W99/><G2/><T94/><D94/><U100/><E17/><V103/><F130/><W39/><G39/><T57/><D57/><U98/><REACH who="1" step="1"/><E35/><REACH who="1" ten="240,227,242,281" step="2"/><V107/><F56/><W25/><G114/><T59/><D59/><U113/><E113/><V61/><F61/><W54/><G75/><T118/><D118/><U53/><E53/><V67/><F67/><W84/><G54/><T40/><REACH who="0" step="1"/><D5/><REACH who="0" ten="230,227,242,281" step="2"/><U88/><E88/><V106/><F106/><W9/><G89/><T120/><D120/><U23/><E23/><V119/><F119/><W49/><G21/><T64/><D64/><U0/><E0/><V87/><F22/><W71/><G28/><T70/><D70/><U24/><E24/><V18/><F20/><W37/><G71/><T55/><D55/><U93/><E93/><V91/><F107/><W29/><G52/><T112/><D112/><U105/><E105/><V111/><F91/><W132/><G29/><T116/><D116/><U102/><E102/><V90/><F103/><W46/><G132/><RYUUKYOKU ba="0,2" sc="230,15,227,15,242,-15,281,-15" hai0="6,8,10,14,15,16,40,44,51,73,83,121,122" hai1="32,33,41,45,76,80,85,92,95,96,98,100,101" /><INIT seed="3,1,2,0,1,121" ten="245,242,227,266" oya="3" hai0="92,90,133,80,106,6,85,49,4,123,127,31,28" hai1="79,111,87,70,14,3,27,47,36,66,128,74,56" hai2="82,54,29,135,23,100,104,8,71,64,126,62,116" hai3="46,17,103,53,51,117,110,89,57,65,10,16,129"/><W114/><G114/><T75/><D123/><U119/><E3/><V2/><F116/><W34/><G117/><T78/><D133/><U130/><E74/><V52/><F135/><W108/><G34/><T39/><D39/><U68/><E119/><V15/><F126/><W35/><G35/><T69/><D127/><U60/><E27/><V33/><F82/><W30/><G30/><N who="0" m="11307" /><D69/><U109/><E14/><V48/><F48/><N who="3" m="30887" /><G65/><T63/><D63/><U32/><E32/><V0/><F0/><W77/><G77/><T112/><D112/><U1/><E87/><V86/><F86/><W122/><G122/><T44/><D106/><U58/><E79/><V96/><F23/><W88/><G103/><T131/><D131/><N who="1" m="50219" /><E1/><V72/><F72/><W83/><G129/><T81/><D75/><U59/><E70/><V11/><F2/><W38/><G38/><T125/><D125/><U37/><E37/><V12/><F11/><W41/><G83/><N who="0" m="31819" /><D78/><U9/><E9/><V113/><F113/><W22/><G10/><T134/><D134/><U13/><E13/><N who="2" m="5195" /><F8/><W61/><G61/><T102/><D102/><U97/><E97/><V101/><F101/><W73/><G73/><T115/><D115/><U21/><E21/><V132/><F132/><W50/><G50/><T76/><D76/><U124/><E124/><V20/><F20/><W26/><G17/><T24/><D24/><AGARI ba="1,2" hai="24,29,33,52,54,62,64,71,96,100,104" m="5195" machi="24" ten="30,2000,0" yaku="25,1,54,1" doraHai="121" who="2" fromWho="0" sc="245,-23,242,0,227,43,266,0" /><INIT seed="4,0,0,2,0,62" ten="222,242,270,266" oya="0" hai0="41,116,84,69,44,13,74,100,72,29,97,33,130" hai1="92,61,4,15,60,132,45,17,11,64,119,22,20" hai2="5,58,50,59,76,43,30,51,8,47,3,57,128" hai3="56,73,117,114,107,67,19,39,54,124,70,98,112"/><T18/><D116/><U31/><E132/><V82/><F30/><W23/><G73/><T24/><D69/><U96/><E119/><V71/><F71/><W85/><G117/><T42/><D130/><U10/><E60/><V133/><F133/><W32/><G32/><T2/><D2/><U135/><E45/><V122/><F122/><W26/><G39/><T28/><D28/><U131/><E131/><V66/><F128/><W53/><G124/><T120/><D84/><U65/><E135/><V102/><F102/><W6/><G6/><T87/><D87/><U103/><E61/><V52/><REACH who="2" step="1"/><F66/><REACH who="2" ten="222,242,260,266" step="2"/><N who="1" m="25705" /><E4/><V37/><F37/><W111/><G67/><T125/><D120/><U34/><E34/><V80/><F80/><W110/><G70/><T108/><D125/><U77/><E77/><V14/><F14/><W9/><G111/><T121/><D108/><U55/><E55/><V48/><F48/><W35/><G54/><T101/><D121/><U12/><E12/><V109/><F109/><W89/><G110/><T40/><D33/><U134/><E134/><V75/><AGARI ba="0,1" hai="3,5,8,43,47,50,51,52,57,58,59,75,76,82" machi="75" ten="20,5200,0" yaku="1,1,0,1,7,1,54,1,53,0" doraHai="62" doraHaiUra="86" who="2" fromWho="2" sc="222,-26,242,-13,260,62,266,-13" /><INIT seed="5,0,0,1,5,91" ten="196,229,322,253" oya="1" hai0="44,103,9,22,90,111,132,49,20,59,121,83,131" hai1="123,92,106,112,11,8,40,76,82,105,25,129,88" hai2="107,52,38,50,65,80,37,53,95,63,32,94,68" hai3="67,17,98,10,119,39,87,74,29,54,75,56,101"/><U99/><E123/><V89/><F107/><W46/><G119/><T48/><D111/><U26/><E129/><V108/><F32/><W62/><G87/><T125/><D131/><U97/><E40/><V64/><F80/><W5/><G17/><T93/><D121/><U34/><E112/><V42/><F42/><W47/><G29/><T15/><D132/><U51/><E51/><V114/><F108/><W85/><G85/><N who="0" m="50495" /><D125/><U135/><E135/><V2/><F2/><W104/><G47/><T60/><D103/><U117/><E117/><V79/><F79/><W1/><G39/><T110/><D110/><U13/><E11/><V113/><F89/><W70/><REACH who="3" step="1"/><G46/><REACH who="3" ten="196,229,322,243" step="2"/><T24/><D44/><U77/><E34/><V35/><F35/><W69/><G69/><T43/><D43/><U66/><E66/><V109/><F68/><W78/><G78/><N who="1" m="30314" /><E106/><V30/><F109/><W127/><G127/><T57/><D59/><U100/><E105/><V36/><F36/><W28/><G28/><T19/><D57/><U4/><E99/><V72/><F30/><W31/><G31/><T0/><D19/><U128/><E128/><V12/><F37/><W23/><G23/><T21/><D22/><U16/><E16/><V18/><F18/><W14/><G14/><T96/><D21/><U45/><E45/><V81/><F12/><W61/><AGARI ba="0,1" hai="1,5,10,54,56,61,62,67,70,74,75,98,101,104" machi="61" ten="20,5200,0" yaku="1,1,0,1,7,1,53,1" doraHai="91" doraHaiUra="55" who="3" fromWho="3" sc="196,-13,229,-26,322,-13,243,62" /><INIT seed="6,0,0,4,3,65" ten="183,203,309,305" oya="2" hai0="89,60,78,135,120,43,64,13,131,75,9,88,69" hai1="8,11,129,66,12,77,10,38,71,45,0,118,95" hai2="79,119,18,101,59,62,106,123,5,21,39,20,107" hai3="48,26,6,114,103,111,23,125,90,133,22,115,121"/><V63/><F39/><W29/><G111/><T51/><D120/><U130/><E118/><V109/><F123/><W32/><G103/><T44/><D131/><N who="1" m="50187" /><E77/><V104/><F119/><W7/><G121/><T134/><D78/><U1/><E95/><V124/><F124/><W117/><G117/><T47/><D75/><U73/><E73/><V116/><F116/><W57/><G125/><T122/><D47/><U97/><E97/><V67/><F5/><N who="3" m="1547" /><G90/><T49/><D49/><U112/><E12/><V84/><F109/><W81/><G81/><T80/><D122/><U61/><E112/><N who="3" m="43050" /><G133/><N who="0" m="50699" /><D80/><U46/><E38/><V53/><F101/><W19/><G57/><T15/><D15/><U17/><E17/><AGARI ba="0,0" hai="9,13,17,43,44,51,60,64,69,88,89" m="50699" machi="17" ten="30,3900,0" yaku="20,1,52,1,54,1" doraHai="65" who="0" fromWho="1" sc="183,39,203,-39,309,0,305,0" /><INIT seed="7,0,0,1,4,91" ten="222,164,309,305" oya="3" hai0="110,99,134,29,13,95,47,25,40,113,92,30,96" hai1="53,50,49,81,66,58,102,12,74,8,109,86,73" hai2="93,39,132,65,129,23,57,18,41,6,26,127,9" hai3="21,121,106,1,107,70,27,103,76,35,48,24,55"/><W63/><G121/><T100/><D110/><U94/><E109/><V62/><F127/><W82/><G1/><T44/><D134/><U14/><E66/><V28/><F129/><W31/><G103/><N who="0" m="60807" /><D113/><U69/><E69/><V115/><F115/><W54/><G70/><T112/><D112/><U0/><E0/><V3/><F93/><W104/><G63/><T135/><D135/><U45/><E74/><V118/><F118/><W59/><G55/><T64/><D64/><U37/><E73/><V108/><F108/><W120/><G120/><T111/><D111/><U78/><E37/><V36/><F132/><W17/><G107/><T88/><D100/><U126/><E126/><V83/><F83/><W10/><G10/><T72/><D72/><AGARI ba="0,0" hai="17,21,24,27,31,35,48,54,59,72,76,82,104,106" machi="72" ten="30,1500,0" yaku="7,1" doraHai="91" who="3" fromWho="0" sc="222,-15,164,0,309,0,305,15" owari="207,-19.0,164,-34.0,309,11.0,320,42.0" /></mjloggm>