<mjloggm ver="2.3"><GO type="97" lobby="0"/><UN n0="%E5%B0%B1%E6%B4%BB%E7%94%9F%40%E5%B7%9D%E6%9D%91%E8%BB%8D%E5%9B%A3" n1="%79%61%6D%61%68%69%72%6F" n2="%E3%81%B5%E3%81%86%E3%81%A4" n3="%E9%A6%99%E8%8F%9C%40%E6%9D%8F%E6%9D%8F%E8%BB%8D%E5%9B%A3" dan="15,15,14,14" rate="2008.89,2001.42,1881.50,2010.78" sx="M,M,M,F"/><TAIKYOKU oya="0"/><INIT seed="0,0,0,5,3,3" ten="250,250,250,250" oya="0" hai0="21,91,86,14,114,81,66,18,56,59,17,37,77" hai1="31,94,6,78,67,99,30,126,109,133,61,69,113" hai2="134,80,36,116,122,74,16,123,51,25,65,54,83" hai3="0,53,12,89,42,41,20,40,90,84,35,70,88"/><T45/><D114/><U92/><E113/><V9/><F36/><W125/><G125/><T124/><D124/><U24/><E126/><V107/><F107/><W111/><G35/><T28/><D28/><U95/><E109/><V19/><F134/><W34/><G34/><T26/><D66/><U104/><E133/><V32/><F65/><W57/><G0/><T8/><D37/><U55/><E78/><V44/><F116/><W131/><G70/><T39/><D39/><U129/><E129/><V22/><F32/><W119/><G119/><T38/><D38/><U4/><E55/><V49/><F74/><W103/><G103/><T43/><D43/><U13/><E13/><N who="2" m="7215" /><F123/><W63/><G131/><T127/><D127/><U96/><E31/><V15/><F122/><W2/><G2/><T102/><D102/><U10/><E10/><N who="2" m="6647" /><F49/><W75/><G75/><T132/><D132/><U105/><E105/><V1/><F1/><W5/><G111/><T64/><D64/><U120/><E120/><V11/><F11/><N who="3" m="4207" /><G20/><T98/><D45/><U110/><E110/><V62/><F62/><W52/><G53/><T68/><D68/><U117/><E117/><V115/><F115/><W118/><G118/><T108/><D108/><U71/><E71/><V76/><F76/><W58/><G58/><T97/><D77/><U106/><E106/><V46/><F46/><W101/><G101/><T112/><D112/><U93/><N who="1" m="24064" /><DORA hai="82" /><U121/><E121/><V48/><F48/><W100/><G100/><T79/><D79/><U130/><E130/><V27/><F22/><W135/><G135/><RYUUKYOKU ba="0,0" sc="250,10,250,-30,250,10,250,10" hai0="8,14,17,18,21,26,56,59,81,86,91,97,98" hai2="25,27,44,51,54,80,83" hai3="40,41,42,52,57,63,84,88,89,90" /><INIT seed="0,1,0,1,4,43" ten="260,220,260,260" oya="0" hai0="19,130,134,4,70,21,57,2,110,25,118,32,12" hai1="56,121,107,22,111,132,101,79,85,47,69,30,11" hai2="108,29,133,24,40,63,116,51,102,6,126,8,49" hai3="75,36,103,125,60,92,113,0,104,9,129,10,38"/><T39/><D70/><U34/><E34/><V35/><F108/><W33/><G113/><T67/><D39/><U74/><E69/><V62/><F133/><W105/><G75/><T59/><D118/><U78/><E74/><V115/><F115/><W50/><G33/><T76/><D134/><U91/><E121/><V97/><F97/><W7/><G125/><T99/><D76/><U3/><E132/><V27/><F126/><W123/><G129/><T23/><D110/><U83/><E111/><V131/><F131/><W80/><G80/><T81/><D81/><U37/><E107/><V55/><F27/><W93/><G103/><T89/><D130/><U114/><E101/><V44/><F102/><W46/><G60/><T66/><D2/><U117/><E114/><V61/><F116/><W127/><G127/><T77/><D77/><U52/><E117/><V94/><F94/><W54/><G123/><T53/><D32/><U14/><E3/><V28/><F28/><W96/><G36/><T20/><D4/><U1/><E1/><V90/><F90/><N who="3" m="55319" /><G38/><T95/><D59/><U64/><E64/><N who="0" m="24617" /><D12/><U65/><E65/><V17/><F6/><W48/><G0/><T120/><D120/><U84/><E84/><V106/><F106/><W26/><G7/><T88/><D89/><U13/><E37/><V16/><REACH who="2" step="1"/><F8/><REACH who="2" ten="260,220,250,260" step="2"/><W86/><G105/><T87/><D99/><U119/><E119/><V124/><F124/><W73/><G104/><T41/><D25/><N who="1" m="16695" /><E11/><V72/><F72/><W18/><G73/><T82/><D95/><U100/><E91/><V135/><F135/><RYUUKYOKU ba="1,1" sc="260,-10,220,-10,250,30,260,-10" hai2="16,17,24,29,35,40,44,49,51,55,61,62,63" /><INIT seed="1,2,1,2,0,13" ten="250,210,280,250" oya="1" hai0="105,41,9,103,74,130,98,108,51,104,116,123,76" hai1="54,115,40,33,62,20,68,89,26,91,11,77,42" hai2="132,36,86,34,15,125,30,47,128,90,131,55,81" hai3="99,43,44,19,109,39,102,53,28,64,14,117,110"/><U37/><E115/><V38/><F125/><W96/><G117/><T46/><D116/><U129/><E129/><N who="2" m="49739" /><F132/><W6/><G6/><T32/><D32/><U119/><E119/><V106/><F106/><W94/><G28/><T126/><D130/><U10/><E33/><V5/><F30/><W70/><G96/><T7/><D123/><U121/><E121/><V49/><F34/><W78/><G78/><T4/><D126/><U88/><E77/><V18/><F5/><W71/><G53/><T133/><D105/><U50/><E37/><V135/><F135/><W45/><G44/><T48/><D133/><U3/><E3/><V65/><F65/><W63/><REACH who="3" step="1"/><G71/><REACH who="3" ten="250,210,280,240" step="2"/><T87/><D46/><N who="1" m="27991" /><E68/><V21/><AGARI ba="2,2" hai="15,18,21,36,38,47,49,55,81,86,90" m="49739" machi="21" ten="30,2000,0" yaku="19,1,52,1" doraHai="13" who="2" fromWho="2" sc="250,-7,210,-12,280,46,240,-7" /><INIT seed="2,0,0,0,3,63" ten="243,198,326,233" oya="2" hai0="103,123,50,19,1,89,12,16,35,42,76,41,44" hai1="87,126,46,0,8,71,54,111,108,85,86,51,68" hai2="4,88,115,69,134,74,101,113,98,10,40,93,125" hai3="55,58,73,14,39,64,61,48,105,52,82,43,99"/><V92/><F74/><W121/><G121/><T29/><D123/><U25/><E126/><V131/><F125/><W36/><G73/><T79/><D1/><U13/><E0/><V120/><F120/><W15/><G82/><T117/><D117/><U6/><REACH who="1" step="1"/><E25/><REACH who="1" ten="243,188,326,233" step="2"/><V22/><F115/><W24/><G24/><T77/><D35/><U32/><E32/><V119/><F113/><W90/><G14/><T34/><D34/><U129/><E129/><V26/><F131/><W124/><G15/><T106/><D29/><U7/><E7/><V57/><F4/><W116/><G124/><T60/><D19/><U56/><E56/><V17/><F57/><W47/><G116/><T45/><D16/><U62/><E62/><V95/><F26/><W114/><G114/><T72/><D12/><U83/><E83/><V59/><F59/><W80/><G80/><T78/><D60/><U94/><E94/><V27/><F93/><W135/><G105/><T97/><D72/><U37/><E37/><V33/><F95/><N who="3" m="56823" /><G36/><T133/><D44/><U38/><E38/><V18/><F92/><W128/><G39/><T104/><D104/><U100/><E100/><V67/><F101/><W3/><G128/><T127/><D127/><U23/><E23/><V30/><F18/><W5/><G3/><T91/><N who="0" m="19968" /><DORA hai="118" /><T20/><D20/><U11/><E11/><V28/><F10/><W66/><G5/><T49/><D45/><U112/><E112/><V96/><F119/><W81/><G81/><T84/><D106/><U53/><E53/><N who="3" m="20554" /><G66/><T21/><D103/><U130/><E130/><RYUUKYOKU ba="0,1" sc="243,-15,188,15,326,-15,233,15" hai1="6,8,13,46,51,54,68,71,85,86,87,108,111" hai3="43,47,48,58,61,64,135" /><INIT seed="3,1,1,3,3,42" ten="228,203,311,248" oya="3" hai0="39,69,77,89,45,46,60,59,75,70,102,113,35" hai1="124,43,12,4,95,110,34,112,32,61,29,57,16" hai2="80,11,30,1,36,41,48,37,126,135,22,71,47" hai3="28,101,15,76,79,63,0,115,31,68,17,49,7"/><W6/><G115/><T82/><D35/><U50/><E112/><V87/><F71/><W72/><G0/><T25/><D113/><U52/><E110/><V107/><F107/><W114/><G114/><T117/><D117/><U121/><E121/><V14/><F135/><W2/><G2/><T65/><D102/><U125/><E4/><V73/><F73/><W27/><G101/><T18/><D89/><U78/><E78/><V85/><F126/><N who="1" m="48745" /><E95/><V33/><F33/><N who="1" m="12905" /><E29/><V111/><F1/><W96/><G72/><T91/><D91/><U67/><E43/><V131/><F131/><W8/><G31/><T58/><D70/><U86/><E86/><V134/><F134/><W100/><G96/><T21/><D39/><U116/><E116/><V97/><F97/><W81/><G100/><T38/><D38/><U99/><E99/><V66/><F87/><N who="3" m="48551" /><G79/><T90/><D90/><U54/><E50/><V40/><F40/><W23/><G68/><T19/><D19/><U93/><E93/><V92/><F92/><W55/><G63/><T118/><D118/><U3/><E3/><V119/><F111/><W122/><G122/><T13/><D25/><U24/><E24/><N who="2" m="16663" /><F119/><W62/><G62/><T130/><D130/><U98/><E98/><V129/><F129/><W133/><G133/><T83/><D83/><U109/><E109/><V123/><F123/><W9/><G9/><AGARI ba="1,1" hai="9,12,16,52,54,57,61,67" m="12905,48745" machi="9" ten="30,3900,0" yaku="18,1,54,2" doraHai="42" who="1" fromWho="3" sc="228,0,203,52,311,0,248,-42" owari="228,-17.0,255,6.0,311,40.0,206,-29.0" /></mjloggm>