<mjloggm ver="2.3"><GO type="169" lobby="0"/><UN n0="%E3%81%8B%E3%82%8A%E3%81%82%E3%81%92%E6%AD%A3%E5%A4%AA" n1="%E3%83%8F%E3%82%A4%E3%83%86%E3%83%B3%E3%83%9C%E3%83%BC" n2="%E5%B0%B1%E6%B4%BB%E7%94%9F%40%E5%B7%9D%E6%9D%91%E8%BB%8D%E5%9B%A3" n3="%6B%69%79%6F%6E%61%72%69" dan="16,16,17,16" rate="2103.37,2190.65,2209.99,2106.78" sx="M,M,M,M"/><TAIKYOKU oya="0"/><INIT seed="0,0,0,2,5,52" ten="250,250,250,250" oya="0" hai0="116,83,95,73,46,35,62,111,96,16,51,103,55" hai1="74,48,67,79,8,28,72,91,89,78,124,24,49" hai2="33,2,77,97,76,94,42,58,87,130,32,21,15" hai3="6,117,90,115,108,53,84,80,123,86,13,98,3"/><T81/><D116/><U22/><E67/><V129/><F2/><W7/><G117/><T70/><D35/><N who="2" m="13386" /><F42/><W102/><G115/><T18/><D111/><U27/><E124/><V59/><F21/><W68/><G108/><T17/><REACH who="0" step="1"/><D73/><REACH who="0" ten="240,250,250,250" step="2"/><U122/><E74/><V135/><F135/><W40/><G123/><T1/><D1/><U36/><E72/><V65/><F65/><AGARI ba="0,1" hai="16,17,18,46,51,55,62,65,70,81,83,95,96,103" machi="65" ten="40,3900,0" yaku="1,1,54,1,53,0" doraHai="52" doraHaiUra="132" who="0" fromWho="2" sc="240,49,250,0,250,-39,250,0" /><INIT seed="0,1,0,4,5,99" ten="289,250,211,250" oya="0" hai0="78,55,37,3,129,20,96,64,93,110,12,4,130" hai1="0,127,50,25,44,26,54,97,79,73,61,42,120" hai2="92,57,100,112,90,43,27,82,95,71,46,62,88" hai3="133,98,89,23,94,5,31,1,8,84,124,117,102"/><T81/><D37/><U115/><E120/><V32/><F112/><W116/><G133/><T56/><D64/><U7/><E115/><V52/><F71/><W128/><G128/><N who="0" m="49259" /><D3/><U39/><E127/><V72/><F32/><W13/><G124/><T49/><D110/><U125/><E61/><V28/><F72/><W68/><G68/><T17/><D4/><U66/><E66/><V131/><F131/><W10/><G23/><T134/><D134/><U16/><E97/><N who="2" m="59431" /><F82/><W63/><G31/><T15/><D81/><N who="1" m="45295" /><E125/><V36/><F36/><W91/><G63/><T19/><D78/><U122/><E122/><V30/><F27/><W34/><G34/><T121/><D121/><U48/><E26/><V132/><F132/><W80/><REACH who="3" step="1"/><G91/><REACH who="3" ten="289,250,211,240" step="2"/><N who="0" m="55359" /><D20/><N who="1" m="13447" /><E54/><N who="2" m="34103" /><F90/><W75/><G75/><T38/><D38/><U123/><E123/><V22/><F22/><W119/><G119/><T47/><D55/><U29/><E29/><V60/><F43/><W74/><G74/><T104/><D104/><U70/><E70/><V111/><F111/><W107/><G107/><T86/><D19/><AGARI ba="1,1" hai="1,5,8,10,13,19,80,84,89,94,98,102,116,117" machi="19" ten="30,7700,0" yaku="1,1,7,1,52,1,53,1" doraHai="99" doraHaiUra="77" who="3" fromWho="0" sc="289,-80,250,0,211,0,240,90" /><INIT seed="1,0,0,0,3,89" ten="209,250,211,330" oya="1" hai0="62,29,38,98,58,52,94,66,64,122,101,132,46" hai1="77,79,106,87,116,91,92,26,27,125,93,128,112" hai2="18,49,51,7,13,33,121,5,113,109,1,97,80" hai3="34,40,6,130,129,30,65,19,74,31,16,107,135"/><U61/><E116/><V70/><F121/><W3/><G107/><T67/><D122/><U100/><E112/><V23/><F70/><W69/><G74/><T75/><D75/><U36/><E36/><V95/><F33/><W25/><G40/><T88/><D132/><U39/><E39/><V12/><F109/><W102/><G102/><T59/><D29/><N who="3" m="10761" /><G65/><N who="0" m="39135" /><D38/><U103/><E106/><V134/><F134/><W118/><G69/><T28/><D28/><U20/><E125/><V117/><F117/><W124/><G135/><T17/><D17/><N who="3" m="6729" /><G118/><T86/><D46/><U45/><E45/><V14/><F80/><W60/><G60/><N who="0" m="35911" /><D67/><U71/><E71/><V90/><F113/><W115/><G115/><T110/><D110/><U8/><E61/><V48/><REACH who="2" step="1"/><F1/><REACH who="2" ten="209,250,201,330" step="2"/><W54/><G34/><T99/><D99/><U2/><E2/><V43/><F43/><W4/><G3/><T84/><D84/><U22/><E87/><V24/><AGARI ba="0,1" hai="5,7,12,13,14,18,23,24,48,49,51,90,95,97" machi="24" ten="30,7900,0" yaku="1,1,0,1,8,1,52,1,53,0" doraHai="89" doraHaiUra="133" who="2" fromWho="2" sc="209,-20,250,-39,201,89,330,-20" /><INIT seed="2,0,0,2,3,37" ten="189,211,290,310" oya="2" hai0="17,75,106,115,130,101,50,123,74,102,10,55,89" hai1="38,46,98,63,82,83,104,126,132,66,29,128,134" hai2="112,108,23,70,28,34,114,32,100,69,131,77,20" hai3="59,88,12,22,122,120,49,85,44,78,48,80,1"/><V13/><F100/><N who="0" m="38506" /><D106/><U81/><E29/><V93/><F93/><W11/><G1/><T60/><D115/><U40/><E104/><V27/><F77/><W45/><G22/><T129/><D123/><U125/><E98/><V18/><F131/><N who="0" m="50186" /><D60/><U118/><E118/><V79/><F79/><W135/><G135/><N who="1" m="51754" /><E128/><V3/><F108/><W90/><G122/><T86/><D10/><U105/><E105/><V103/><F103/><W97/><G120/><T0/><D0/><U31/><E31/><V30/><F3/><W117/><G117/><T14/><D14/><U133/><N who="1" m="51762" /><U92/><DORA hai="64" /><E92/><V21/><F70/><AGARI ba="0,0" hai="38,40,46,63,66,70,81,82,83,125,126" m="51762" machi="70" ten="50,6400,0" yaku="20,1,52,2" doraHai="37,64" who="1" fromWho="2" sc="189,0,211,64,290,-64,310,0" /><INIT seed="3,0,0,0,1,0" ten="189,275,226,310" oya="3" hai0="83,15,11,47,101,124,120,104,108,63,84,37,134" hai1="24,112,35,97,10,18,75,117,8,90,86,102,82" hai2="31,68,38,20,53,95,32,40,115,91,100,13,30" hai3="46,94,69,5,54,6,29,33,109,78,87,23,85"/><W16/><G69/><T12/><D120/><U64/><E112/><V34/><F68/><W50/><G33/><T60/><D108/><U93/><E117/><V106/><F115/><W110/><G29/><T61/><D124/><U44/><E64/><V80/><F80/><N who="3" m="47255" /><G110/><T21/><D134/><U118/><E118/><V17/><F106/><W132/><G132/><T43/><D104/><U72/><E35/><V56/><F100/><W3/><G3/><T107/><D107/><U41/><E75/><V7/><F40/><W65/><G65/><T116/><D101/><U70/><E72/><V26/><F38/><W25/><G109/><T62/><D116/><U66/><E66/><V99/><F31/><W1/><G1/><T98/><N who="0" m="15360" /><DORA hai="14" /><T105/><D105/><U77/><E102/><V128/><F128/><W9/><G9/><T28/><D98/><U123/><E123/><V92/><F92/><W81/><G94/><T57/><D57/><U127/><E127/><V67/><F67/><W58/><G58/><T42/><D11/><U22/><REACH who="1" step="1"/><E70/><REACH who="1" ten="189,265,226,310" step="2"/><V76/><F34/><W113/><G113/><T4/><D37/><AGARI ba="0,1" hai="8,10,18,22,24,37,41,44,77,82,86,90,93,97" machi="37" ten="30,7700,0" yaku="1,1,2,1,7,1,52,1,53,0" doraHai="0,14" doraHaiUra="49,55" who="1" fromWho="0" sc="189,-77,265,87,226,0,310,0" /><INIT seed="4,0,0,4,2,24" ten="112,352,226,310" oya="0" hai0="9,113,101,19,58,125,95,127,66,80,82,7,16" hai1="78,73,30,0,102,104,92,119,53,90,48,36,35" hai2="6,97,13,91,23,118,2,5,26,34,117,79,111" hai3="94,40,32,134,33,25,57,84,69,107,50,31,126"/><T133/><D113/><U8/><E36/><V129/><F79/><W130/><G107/><T52/><D133/><U105/><E102/><V14/><F97/><W46/><G69/><T59/><D66/><U121/><E121/><V65/><F65/><W64/><G134/><T93/><D101/><U128/><E119/><N who="2" m="45579" /><F91/><W96/><G130/><T22/><D7/><N who="2" m="2570" /><F2/><W86/><G33/><T123/><D9/><U81/><E128/><V120/><F120/><W51/><G126/><N who="0" m="48139" /><D123/><U3/><E105/><V110/><F34/><W124/><G124/><T85/><D58/><U103/><E103/><V21/><F21/><W39/><G39/><T37/><D37/><U106/><E106/><V88/><F88/><W132/><G132/><T61/><D19/><U76/><E104/><V18/><F129/><W28/><G28/><T75/><D75/><U74/><E74/><V116/><F116/><W115/><G115/><T112/><D112/><U77/><E73/><V27/><F27/><W29/><G29/><T12/><D82/><U100/><E81/><V54/><F54/><N who="3" m="31967" /><G64/><T71/><D71/><U67/><E67/><V131/><F131/><W135/><G135/><T98/><D98/><U109/><E100/><V87/><F87/><N who="3" m="33323" /><G96/><T72/><D72/><U10/><E0/><V11/><F14/><W114/><G114/><T56/><D56/><U63/><E3/><V60/><F60/><W43/><G94/><T47/><D47/><U55/><E92/><V44/><F44/><W62/><G43/><T4/><D4/><AGARI ba="0,0" hai="4,11,13,18,23,26,110,111" m="2570,45579" machi="4" ten="30,3900,0" yaku="12,1,34,2" doraHai="24" who="2" fromWho="0" sc="112,-39,352,0,226,39,310,0" /><INIT seed="5,0,0,5,4,0" ten="73,352,265,310" oya="1" hai0="91,128,6,103,45,58,114,120,65,89,134,132,100" hai1="109,25,72,32,71,15,126,49,10,102,43,93,27" hai2="60,90,38,117,79,51,18,115,81,16,83,44,61" hai3="59,92,69,46,111,34,28,130,118,21,108,17,86"/><U97/><E71/><V98/><F117/><W106/><G106/><T9/><D45/><N who="1" m="25791" /><E72/><V37/><F37/><W48/><G69/><T54/><D120/><U24/><E32/><V104/><F38/><W19/><G118/><T13/><D65/><U101/><E126/><V23/><F115/><W119/><G119/><T52/><D114/><U66/><E109/><V112/><F112/><W2/><G34/><T95/><D128/><U75/><E75/><V70/><F70/><W40/><G130/><T131/><D131/><U122/><E66/><V42/><F18/><W68/><G2/><T133/><D54/><U94/><E122/><V53/><F104/><W135/><G68/><T63/><REACH who="0" step="1"/><D89/><REACH who="0" ten="63,352,265,310" step="2"/><N who="1" m="55471" /><E94/><N who="2" m="56663" /><F79/><W121/><G92/><T77/><D77/><U80/><E80/><N who="2" m="30795" /><F53/><W33/><G121/><T50/><D50/><U129/><E129/><V73/><F73/><W29/><G48/><T22/><D22/><U78/><E78/><V4/><F61/><W26/><G108/><T62/><D62/><U76/><E76/><V30/><F60/><W124/><G111/><T56/><D56/><U84/><E84/><AGARI ba="0,1" hai="6,9,13,52,58,63,84,91,95,100,103,132,133,134" machi="84" ten="40,8000,1" yaku="1,1,20,1,52,1,54,1,53,0" doraHai="0" doraHaiUra="64" who="0" fromWho="1" sc="63,90,352,-80,265,0,310,0" /><INIT seed="6,0,0,4,4,15" ten="153,272,265,310" oya="2" hai0="19,44,37,133,68,70,112,87,113,135,56,71,90" hai1="26,92,94,97,65,114,1,47,12,73,98,43,121" hai2="46,62,99,40,83,45,49,102,106,123,124,30,122" hai3="110,130,5,81,91,95,60,4,54,103,31,66,80"/><V48/><F124/><W131/><G110/><T108/><D108/><U82/><E1/><V74/><F30/><W116/><G116/><T42/><D56/><U105/><E105/><V20/><F62/><W127/><G54/><T86/><D86/><U118/><E118/><V51/><F51/><W78/><G103/><T50/><D19/><U18/><E65/><V104/><F104/><W9/><G31/><T100/><D100/><U21/><E114/><N who="0" m="44137" /><D87/><U89/><E121/><V2/><F2/><N who="3" m="151" /><G78/><T58/><D90/><U39/><E73/><V67/><F67/><W128/><G5/><T93/><D93/><U61/><E61/><V3/><F3/><W7/><G7/><T101/><D101/><U35/><E82/><V23/><F122/><W24/><G24/><T115/><N who="0" m="44145" /><T84/><DORA hai="16" /><D84/><U126/><E126/><V27/><F27/><W59/><G127/><T13/><D13/><U76/><E76/><V11/><F123/><W53/><G66/><T52/><AGARI ba="0,0" hai="37,42,44,50,52,58,68,70,71,133,135" m="44145" machi="52" ten="50,8000,1" yaku="15,1,34,2,54,1" doraHai="15,16" who="0" fromWho="0" sc="153,80,272,-20,265,-40,310,-20" /><INIT seed="7,0,0,3,4,119" ten="233,252,225,290" oya="3" hai0="2,112,85,6,35,14,114,32,24,17,102,67,62" hai1="37,91,53,96,86,31,52,97,81,133,111,70,21" hai2="0,57,39,44,135,88,23,43,89,50,45,126,80" hai3="18,19,26,10,110,69,4,92,72,75,5,9,13"/><W78/><G69/><T49/><D102/><U123/><E111/><V60/><F0/><N who="3" m="135" /><G78/><T125/><D125/><U124/><E70/><V104/><F104/><W90/><G90/><T79/><D2/><U120/><E37/><V61/><F126/><W16/><G92/><T116/><D116/><U130/><E124/><V20/><F135/><W46/><G46/><T134/><D134/><U30/><E133/><V11/><F11/><N who="3" m="6463" /><G75/><T105/><D6/><U77/><E130/><V27/><F80/><W73/><G72/><T82/><D105/><U71/><E71/><V113/><F113/><N who="0" m="43626" /><D24/><U100/><E77/><V48/><F39/><W66/><G66/><T28/><D28/><U122/><E97/><V103/><F103/><W118/><G73/><T15/><D49/><U40/><E40/><N who="2" m="24583" /><F60/><W74/><G74/><T121/><D121/><U117/><E117/><V56/><F56/><W129/><G118/><T22/><D14/><U51/><E21/><N who="2" m="8267" /><F27/><W94/><G110/><T29/><D29/><U95/><REACH who="1" step="1"/><E53/><AGARI ba="0,0" hai="43,45,50,53,57,61,88,89" m="8267,24583" machi="53" ten="30,2000,0" yaku="8,1,54,1" doraHai="119" who="2" fromWho="1" sc="233,0,252,-20,225,20,290,0" /><INIT seed="8,0,0,5,0,94" ten="233,232,245,290" oya="0" hai0="117,80,2,108,111,88,100,83,19,52,63,4,28" hai1="23,73,10,130,15,97,123,60,112,82,17,11,66" hai2="24,22,26,7,65,49,119,46,59,64,71,121,131" hai3="44,40,8,36,98,102,1,61,135,95,57,116,133"/><T127/><D117/><U86/><E123/><V92/><F71/><W109/><G109/><N who="0" m="42059" /><D127/><U84/><E73/><V72/><F119/><W96/><G116/><T99/><D28/><U20/><E130/><V101/><F131/><W110/><G110/><T115/><D115/><U124/><E124/><V106/><F121/><W69/><G69/><T16/><D2/><U25/><E112/><V45/><F106/><W42/><G42/><T47/><D4/><U50/><E50/><V70/><F72/><W77/><G77/><T3/><D3/><U120/><E86/><V51/><F70/><W114/><G114/><T107/><D88/><N who="1" m="51223" /><E120/><V5/><F22/><W78/><G78/><T12/><D47/><U89/><E60/><V14/><F92/><W43/><G43/><T54/><D19/><N who="1" m="12543" /><E66/><V128/><F128/><W32/><G32/><T132/><D132/><N who="3" m="50761" /><G95/><AGARI ba="0,0" hai="10,11,15,17,20,89,95,97" m="12543,51223" machi="95" ten="30,3900,0" yaku="8,1,52,1,54,1" doraHai="94" who="1" fromWho="3" sc="233,0,232,39,245,0,290,-39" /><INIT seed="9,0,0,3,4,10" ten="233,271,245,251" oya="1" hai0="50,91,58,56,17,13,32,51,113,100,94,114,43" hai1="111,82,90,55,123,36,103,29,127,112,124,95,44" hai2="130,101,120,102,80,46,71,59,83,25,77,66,74" hai3="109,70,67,65,40,110,133,106,11,6,72,60,129"/><U75/><E123/><V61/><F120/><W79/><G106/><T57/><D32/><U31/><E112/><V7/><F130/><W3/><G129/><T22/><D100/><U18/><E103/><V115/><F115/><W89/><G133/><T4/><D4/><U128/><E128/><V45/><F7/><W76/><G67/><T42/><D113/><U2/><E2/><V68/><F83/><W69/><G89/><T105/><D105/><U125/><E18/><V93/><F101/><W88/><G88/><T117/><D117/><U96/><E111/><V27/><F68/><W73/><G40/><N who="0" m="15403" /><D114/><U108/><E108/><V121/><F121/><W78/><REACH who="3" step="1"/><G70/><REACH who="3" ten="233,271,245,241" step="2"/><T132/><D132/><U28/><E36/><V92/><F71/><W126/><G126/><T26/><D26/><U5/><E5/><V37/><F37/><W1/><G1/><T99/><AGARI ba="0,1" hai="13,17,22,50,51,56,57,58,91,94,99" m="15403" machi="99" ten="30,2000,0" yaku="8,1,52,1" doraHai="10" who="0" fromWho="0" sc="233,30,271,-10,245,-5,241,-5" /><INIT seed="10,0,0,2,5,4" ten="263,261,240,236" oya="2" hai0="57,19,56,111,36,63,42,0,102,33,118,109,82" hai1="70,28,26,124,31,83,20,135,73,23,61,97,104" hai2="85,9,35,47,55,18,116,101,39,17,22,117,46" hai3="66,16,133,76,77,128,30,96,134,99,87,78,71"/><V1/><F35/><W125/><G128/><T86/><D33/><U103/><E135/><N who="3" m="51722" /><G125/><T127/><D127/><U27/><E124/><V130/><F130/><W88/><G30/><T80/><D102/><U8/><E73/><V72/><F72/><W90/><G16/><N who="2" m="6249" /><F22/><W15/><G15/><T6/><D19/><U129/><E129/><V68/><F68/><W98/><G87/><T74/><D118/><N who="2" m="45674" /><F101/><W65/><G71/><T112/><D112/><U24/><E24/><V89/><F55/><W79/><N who="3" m="19456" /><DORA hai="32" /><W11/><G11/><T2/><D74/><U119/><E8/><V53/><F53/><W7/><G7/><T48/><D6/><U58/><E119/><V123/><F123/><W38/><G38/><T121/><D121/><U114/><E70/><V69/><F69/><W132/><N who="3" m="51730" /><W67/><AGARI ba="0,0" hai="65,66,67,88,90,96,98,99" m="19456,51730" machi="67" ten="70,12000,2" yaku="4,1,29,2,28,2,20,1,54,1" doraHai="4,32" who="3" fromWho="3" sc="263,-30,261,-30,240,-60,236,120" owari="233,3.0,231,-17.0,180,-32.0,356,46.0" /></mjloggm>