<mjloggm ver="2.3"><GO type="233" lobby="0"/><UN n0="%E5%9F%BC%E4%BA%AC%E7%B7%9A" n1="%E3%82%A6%E3%83%AB%E3%83%88%E3%83%A9%E7%AB%8B%E7%9B%B4" n2="%6E%61%6B%61%6A%75%75%6E" n3="%E6%94%BE%E9%8A%83%E7%8E%8B%EF%BC%94" dan="16,17,18,16" rate="2101.41,2202.87,2168.92,2068.82" sx="M,M,M,M"/><TAIKYOKU oya="0"/><INIT seed="0,0,0,3,4,110" ten="250,250,250,250" oya="0" hai0="14,63,80,117,72,21,90,27,108,19,55,31,20" hai1="15,41,73,7,127,47,62,38,43,68,77,124,112" hai2="51,111,109,104,91,94,103,12,120,83,8,53,129" hai3="24,13,128,87,113,45,70,66,105,61,99,23,25"/><T34/><D117/><U121/><E121/><V107/><F120/><W74/><G74/><T69/><D108/><N who="2" m="41546" /><F103/><W48/><G128/><T6/><D6/><U88/><E43/><V71/><F71/><W123/><G123/><T116/><D116/><U46/><E46/><N who="2" m="27895" /><F83/><W97/><G113/><T95/><D72/><U37/><E37/><V56/><F56/><W75/><G75/><T98/><D80/><N who="1" m="45103" /><E15/><V89/><F129/><W2/><G2/><T42/><D42/><U79/><E79/><V52/><F52/><W58/><G105/><N who="2" m="40521" /><F94/><W4/><G87/><T122/><D122/><U82/><E82/><V85/><F85/><W102/><G70/><T115/><D69/><U130/><E88/><V60/><F60/><W86/><G86/><T119/><D119/><U64/><E130/><V36/><F36/><W133/><G99/><T35/><D115/><U135/><E112/><V9/><F9/><N who="3" m="4263" /><G133/><T22/><D34/><U16/><E135/><V10/><F10/><W49/><G97/><T134/><D134/><U32/><E7/><AGARI ba="0,0" hai="7,8,12,89,91" m="40521,27895,41546" machi="7" ten="30,1000,0" yaku="14,1" doraHai="110" who="2" fromWho="1" sc="250,0,250,-10,250,10,250,0" /><INIT seed="1,0,0,2,3,1" ten="250,240,260,250" oya="1" hai0="112,14,64,66,96,47,84,24,79,121,80,31,32" hai1="6,105,93,115,130,126,117,67,90,104,122,133,51" hai2="55,20,41,34,77,129,58,82,35,50,29,75,5" hai3="63,27,102,62,17,87,36,107,48,91,113,83,88"/><U132/><E67/><V95/><F129/><W11/><G36/><T7/><D112/><U124/><E51/><V131/><F131/><W108/><G113/><T92/><D121/><U119/><E115/><V97/><F41/><W123/><G123/><T53/><D53/><U59/><E59/><V3/><F20/><W56/><G108/><T60/><D47/><U25/><E25/><V43/><F43/><W127/><G127/><N who="1" m="48682" /><E122/><V26/><F35/><W78/><G107/><N who="1" m="41034" /><E6/><V8/><F95/><W52/><G102/><T65/><D7/><U71/><E71/><V40/><F40/><W9/><G9/><T54/><D54/><U103/><E103/><V33/><F97/><W23/><G11/><T81/><D14/><U45/><E45/><V2/><REACH who="2" step="1"/><F34/><REACH who="2" ten="250,240,250,250" step="2"/><W125/><G125/><T85/><D32/><U72/><E130/><V114/><F114/><W30/><G30/><T118/><D31/><U57/><E72/><V46/><F46/><W13/><G27/><T44/><D44/><U109/><E109/><V15/><AGARI ba="0,1" hai="2,3,5,8,15,26,29,33,50,55,58,75,77,82" machi="15" ten="20,8000,1" yaku="1,1,0,1,7,1,52,1,53,1" doraHai="1" doraHaiUra="22" who="2" fromWho="2" sc="250,-20,240,-40,250,90,250,-20" /><INIT seed="2,0,0,1,2,116" ten="230,200,340,230" oya="2" hai0="10,4,65,119,42,115,67,123,86,1,17,8,100" hai1="131,6,89,50,118,47,59,26,27,111,35,97,5" hai2="105,15,109,60,77,63,2,57,23,73,16,135,114" hai3="12,25,48,107,44,127,102,128,91,129,18,34,74"/><V37/><F114/><W72/><G127/><T117/><D115/><U87/><E118/><N who="0" m="45065" /><D100/><U113/><E113/><V82/><F105/><W83/><G102/><T94/><D42/><U66/><E97/><V55/><F135/><W14/><G107/><T133/><D133/><U96/><E96/><V56/><F2/><W36/><G36/><T88/><D123/><U21/><E35/><V51/><F37/><W98/><G25/><T7/><D17/><U90/><E26/><V58/><REACH who="2" step="1"/><F109/><REACH who="2" ten="230,200,330,230" step="2"/><W9/><G128/><T79/><D79/><U81/><E131/><V122/><F122/><W92/><G129/><T40/><D40/><U132/><E111/><V85/><F85/><W80/><G74/><T101/><D101/><U0/><E132/><V69/><F69/><W78/><G72/><T46/><D46/><AGARI ba="0,1" hai="15,16,23,46,51,55,56,57,58,60,63,73,77,82" machi="46" ten="40,7700,0" yaku="1,1,54,1,53,1" doraHai="116" doraHaiUra="106" who="2" fromWho="0" sc="230,-77,200,0,330,87,230,0" /><INIT seed="2,1,0,0,4,114" ten="153,200,417,230" oya="2" hai0="18,14,3,75,127,41,118,130,88,72,76,107,117" hai1="133,97,63,77,50,10,100,22,35,120,16,45,128" hai2="90,73,92,121,31,103,122,13,68,60,38,96,87" hai3="19,42,30,57,111,86,0,5,104,83,1,64,17"/><V110/><F38/><W9/><G104/><T2/><D127/><U95/><E35/><V132/><F132/><W12/><G111/><T28/><D130/><U94/><E133/><V56/><F68/><W115/><G115/><T134/><D134/><U40/><E128/><V27/><F13/><W34/><G42/><T61/><D107/><U74/><E120/><V78/><F110/><W15/><G64/><T67/><D28/><U20/><E74/><V46/><F46/><W44/><G44/><T49/><D88/><U4/><E77/><V37/><F37/><W109/><G57/><T80/><D75/><U32/><E32/><V53/><F78/><W105/><G105/><T69/><D49/><U81/><E81/><V129/><F73/><W11/><G86/><T66/><D66/><U55/><E94/><V24/><F129/><W25/><G83/><T36/><D41/><U82/><E82/><V33/><REACH who="2" step="1"/><F27/><REACH who="2" ten="153,200,407,230" step="2"/><N who="3" m="18783" /><G109/><T79/><D79/><U26/><E26/><V102/><F102/><W101/><G101/><T48/><D36/><U84/><E45/><V54/><F54/><W116/><G116/><N who="0" m="44651" /><D48/><U113/><E50/><V71/><F71/><W47/><G47/><T65/><D65/><U43/><E100/><V59/><F59/><W70/><G70/><T85/><D72/><U112/><E113/><V131/><F131/><W58/><G58/><T89/><D76/><U21/><E112/><V124/><F124/><W52/><G52/><T7/><D69/><U29/><E55/><V23/><F23/><AGARI ba="1,1" hai="0,1,5,9,11,12,15,17,19,23,25" m="18783" machi="23" ten="30,8000,1" yaku="35,5" doraHai="114" who="3" fromWho="2" sc="153,0,200,0,407,-83,230,93" /><INIT seed="3,0,0,5,0,80" ten="153,200,324,323" oya="3" hai0="124,1,45,16,115,116,122,121,3,64,73,72,118" hai1="110,41,129,114,48,93,55,76,25,132,46,59,103" hai2="94,51,34,84,112,0,31,131,49,79,70,47,126" hai3="96,53,2,88,18,66,37,39,43,58,117,67,82"/><W127/><G117/><N who="0" m="45163" /><D45/><U8/><E110/><V108/><F70/><W32/><G32/><T10/><D64/><U38/><E129/><V83/><F0/><N who="0" m="74" /><D10/><U40/><E40/><V107/><F112/><W42/><G2/><T125/><D16/><U11/><E114/><V69/><F69/><W21/><G127/><N who="0" m="48715" /><D115/><U35/><E8/><V68/><F68/><W101/><G39/><T23/><D23/><U62/><E11/><V14/><F126/><W17/><G37/><T128/><D128/><U28/><E38/><V54/><F131/><W105/><G66/><T7/><D7/><U65/><E65/><V63/><F14/><W33/><G67/><T15/><D15/><U26/><E26/><V75/><F108/><W56/><G33/><T30/><D30/><U99/><E76/><V95/><F31/><W119/><G17/><T27/><D27/><U13/><E13/><V60/><F34/><W130/><G130/><T98/><D98/><U5/><E5/><V113/><F113/><W85/><G58/><T29/><D29/><U71/><E71/><V44/><F63/><W90/><G119/><T50/><D50/><U61/><E61/><V104/><F60/><N who="3" m="35855" /><G43/><T74/><AGARI ba="0,0" hai="72,73,74,121,122" m="48715,74,45163" machi="74" ten="50,8000,1" yaku="28,2,18,1,31,2" doraHai="80" who="0" fromWho="0" sc="153,80,200,-20,324,-20,323,-40" /><INIT seed="4,0,0,3,1,68" ten="233,180,304,283" oya="0" hai0="24,60,128,117,34,122,64,28,95,21,7,2,127" hai1="74,1,99,52,36,76,96,124,119,57,4,39,133" hai2="31,33,109,59,49,43,78,101,94,51,77,29,85" hai3="70,134,44,115,123,26,130,91,132,71,40,16,54"/><T129/><D122/><U126/><E119/><V120/><F109/><W66/><G123/><T32/><D117/><U5/><E74/><V53/><F33/><W93/><G115/><T23/><D95/><U38/><E76/><N who="2" m="29291" /><F120/><W14/><G54/><T45/><D45/><U63/><E133/><N who="3" m="51306" /><G26/><T75/><D75/><U135/><E135/><V18/><F18/><W72/><G66/><T110/><D110/><U104/><E104/><V30/><F43/><W20/><G130/><N who="0" m="50283" /><D127/><N who="1" m="48683" /><E1/><V108/><F108/><W41/><G41/><T87/><D87/><U112/><E112/><V8/><F8/><W80/><G80/><T79/><D79/><U11/><E11/><V92/><F85/><N who="3" m="52463" /><G72/><T25/><D7/><AGARI ba="0,0" hai="4,5,7,36,38,39,52,57,63,96,99" m="48683" machi="7" ten="40,8000,1" yaku="18,1,52,3,54,1" doraHai="68" who="1" fromWho="0" sc="233,-80,180,80,304,0,283,0" /><INIT seed="5,0,0,4,4,51" ten="153,260,304,283" oya="1" hai0="73,122,123,126,35,31,66,105,37,92,94,80,42" hai1="6,38,82,33,39,47,118,114,93,27,102,113,30" hai2="107,3,23,57,12,75,79,36,49,128,86,116,132" hai3="134,87,119,28,32,104,15,88,65,63,26,14,70"/><U131/><E118/><V11/><F107/><W19/><G119/><T110/><D66/><U7/><E82/><V22/><F36/><W67/><G134/><T129/><D42/><U117/><E117/><V96/><F75/><W111/><G111/><T62/><D62/><U40/><E39/><V78/><F3/><W5/><G104/><T25/><D110/><U4/><E131/><V133/><F96/><W83/><G5/><T21/><D105/><U52/><E102/><V46/><F128/><W54/><G67/><T135/><D129/><U29/><E29/><V98/><F98/><W41/><G41/><T81/><D37/><U48/><REACH who="1" step="1"/><E93/><REACH who="1" ten="153,250,304,283" step="2"/><V84/><F116/><W13/><REACH who="3" step="1"/><G54/><REACH who="3" ten="153,250,304,273" step="2"/><T64/><D135/><U18/><E18/><AGARI ba="0,2" hai="13,14,15,18,19,26,28,32,63,65,70,83,87,88" machi="18" ten="40,5200,0" yaku="1,1,2,1,54,1,53,0" doraHai="51" doraHaiUra="99" who="3" fromWho="1" sc="153,0,250,-52,304,0,273,72" /><INIT seed="6,0,0,2,3,9" ten="153,198,304,345" oya="2" hai0="114,123,69,102,0,45,11,1,54,127,4,103,26" hai1="58,41,85,36,88,71,40,76,82,2,91,96,87" hai2="109,105,60,99,92,28,21,48,68,81,12,80,125" hai3="129,27,63,62,110,98,34,93,14,25,131,73,95"/><V30/><F105/><W37/><G73/><T107/><D123/><U56/><E71/><V17/><F125/><W49/><G37/><T133/><D127/><U3/><E36/><V120/><F120/><W18/><G110/><T86/><D69/><U53/><E96/><V38/><F38/><W121/><G49/><T44/><D114/><U57/><E53/><V124/><F124/><W32/><G121/><T43/><D133/><U89/><REACH who="1" step="1"/><E85/><REACH who="1" ten="153,188,304,345" step="2"/><V134/><F68/><W24/><G98/><T75/><D75/><U132/><E132/><V77/><F134/><W61/><G131/><T46/><D43/><AGARI ba="0,1" hai="2,3,40,41,43,56,57,58,76,82,87,88,89,91" machi="43" ten="40,2600,0" yaku="1,1,54,1,53,0" doraHai="9" doraHaiUra="119" who="1" fromWho="0" sc="153,-26,188,36,304,0,345,0" /><INIT seed="7,0,0,0,3,105" ten="127,224,304,345" oya="3" hai0="3,17,99,28,84,132,78,12,35,49,116,45,76" hai1="88,10,120,126,65,11,34,26,134,80,43,133,6" hai2="81,93,73,98,79,71,37,131,46,94,2,114,77" hai3="51,112,38,25,125,102,129,33,13,8,30,41,92"/><W103/><G38/><T61/><D116/><U74/><E88/><N who="2" m="55623" /><F71/><W82/><G112/><T57/><D3/><U14/><E65/><V20/><F20/><N who="3" m="15655" /><G129/><T48/><D132/><U50/><E50/><V23/><F23/><W85/><G33/><T4/><D4/><U89/><E89/><V127/><F2/><W59/><G92/><T106/><D106/><U64/><E43/><V67/><F67/><W40/><G125/><T19/><D35/><U15/><E120/><V111/><F111/><W124/><G124/><T53/><D28/><N who="1" m="19735" /><E74/><N who="2" m="43191" /><F46/><N who="3" m="26055" /><G59/><T54/><D99/><U100/><E64/><V66/><F66/><W90/><G41/><T130/><D130/><U7/><E100/><V83/><F37/><W9/><G9/><T70/><D70/><U110/><E110/><V122/><F127/><W69/><G69/><T128/><D128/><U113/><E126/><V18/><F131/><W42/><G42/><T118/><D118/><U121/><E113/><V32/><F32/><W97/><G97/><T107/><D107/><U60/><E121/><V47/><F47/><W62/><G62/><T108/><D108/><U27/><E60/><V29/><F29/><W1/><G1/><T0/><D0/><U115/><E115/><V91/><F114/><W72/><G72/><T95/><D61/><U36/><E134/><V96/><F18/><AGARI ba="0,0" hai="8,13,18,82,85,90,102,103" m="26055,15655" machi="18" ten="30,1500,0" yaku="8,1" doraHai="105" who="3" fromWho="2" sc="127,0,224,0,304,-15,345,15" owari="127,-37.0,224,-18.0,289,9.0,360,46.0" /></mjloggm>