<mjloggm ver="2.3"><GO type="41" lobby="0"/><UN n0="%E3%83%AA%E3%83%B3%E3%82%AC%E3%83%B3%E3%82%BF%E3%83%AB%E3%83%91%E3%82%BA" n1="%E3%83%9B%E3%83%AD%E3%83%83%E3%82%AF" n2="%E9%BE%8D%E5%A0%82%E7%BE%8E%E5%92%B2" n3="%E5%B0%B1%E6%B4%BB%E7%94%9F%40%E5%B7%9D%E6%9D%91%E8%BB%8D%E5%9B%A3" dan="14,14,13,17" rate="1958.13,1951.03,1846.30,2156.21" sx="M,M,M,M"/><TAIKYOKU oya="0"/><INIT seed="0,0,0,2,0,85" ten="250,250,250,250" oya="0" hai0="77,63,61,75,131,125,102,116,3,59,87,28,6" hai1="121,117,122,46,66,12,58,24,5,29,94,35,65" hai2="118,52,9,105,78,82,42,10,0,130,120,8,33" hai3="115,1,30,71,92,109,100,69,37,76,56,119,68"/><T124/><D116/><U84/><E117/><V107/><F118/><W13/><G119/><RYUUKYOKU type="kaze4" ba="0,0" sc="250,0,250,0,250,0,250,0" /><INIT seed="0,1,0,1,3,6" ten="250,250,250,250" oya="0" hai0="133,70,55,38,100,81,115,28,4,40,80,19,23" hai1="61,92,126,88,102,75,56,122,18,58,2,31,129" hai2="52,50,53,16,130,76,43,104,85,8,109,14,57" hai3="44,72,111,69,49,22,59,123,7,39,10,62,66"/><T30/><D115/><U9/><E122/><V13/><F104/><W93/><G72/><T127/><D127/><U77/><E31/><V82/><F130/><W90/><G123/><T128/><D128/><U98/><E129/><V26/><F109/><W24/><G111/><T71/><D133/><U113/><E2/><V78/><F26/><W107/><G107/><T84/><D4/><U94/><E126/><V46/><F76/><W83/><G83/><T118/><D118/><U121/><E121/><V112/><F112/><W131/><G131/><T45/><D100/><U114/><E77/><V64/><F14/><W106/><G106/><T51/><D30/><U20/><E75/><V134/><F134/><W108/><G108/><T15/><D28/><U125/><E125/><V120/><F120/><W73/><G73/><T41/><D81/><U99/><E58/><V135/><F135/><W60/><G39/><T37/><D37/><U91/><E102/><V21/><F21/><W0/><G22/><T32/><D32/><U3/><E3/><V5/><F5/><W74/><G24/><T105/><D105/><U42/><E42/><V101/><F101/><W65/><G65/><T25/><BYE who="3" /><D25/><U1/><E1/><V48/><REACH who="2" step="1"/><F64/><REACH who="2" ten="250,250,240,250" step="2"/><W116/><G116/><T96/><D96/><U79/><E79/><V12/><F12/><W119/><G119/><T36/><D36/><U117/><E117/><V17/><F17/><W33/><G33/><T34/><D34/><U63/><E114/><V86/><F86/><W89/><G89/><N who="0" m="51335" /><D38/><U29/><E113/><V87/><F87/><RYUUKYOKU ba="1,1" sc="250,15,250,-15,240,15,250,-15" hai0="15,19,23,40,41,45,51,55,70,71" hai2="8,13,16,43,46,48,50,52,53,57,78,82,85" /><INIT seed="0,2,1,3,2,130" ten="265,235,255,235" oya="0" hai0="110,97,93,117,37,68,38,62,129,32,46,35,33" hai1="18,70,134,109,54,107,89,58,50,81,47,99,51" hai2="103,34,111,22,55,13,36,20,92,15,7,5,25" hai3="96,135,41,101,105,127,128,10,123,69,24,9,2"/><T65/><D129/><U79/><E70/><V52/><F36/><W85/><G85/><T39/><D117/><U80/><E109/><V29/><F111/><W98/><G98/><T102/><REACH who="0" step="1"/><D110/><REACH who="0" ten="255,235,255,235" step="2"/><U120/><E120/><UN n3="%E5%B0%B1%E6%B4%BB%E7%94%9F%40%E5%B7%9D%E6%9D%91%E8%BB%8D%E5%9B%A3" /><V133/><F133/><W49/><G135/><T115/><D115/><U57/><E134/><V73/><F73/><W23/><G123/><T116/><D116/><U53/><E107/><V72/><F72/><W90/><G105/><T64/><D64/><U0/><E0/><V118/><F118/><W75/><G128/><T131/><D131/><U26/><E47/><AGARI ba="2,2" hai="32,33,35,37,38,39,46,47,62,65,68,93,97,102" machi="47" ten="50,2400,0" yaku="1,1,53,0" doraHai="130" doraHaiUra="77" who="0" fromWho="1" sc="255,50,235,-30,255,0,235,0" /><INIT seed="0,3,0,0,2,10" ten="305,205,255,235" oya="0" hai0="26,57,87,2,133,54,33,55,31,103,67,111,73" hai1="126,30,37,6,94,96,104,118,65,127,34,45,123" hai2="68,116,117,36,97,14,109,112,93,91,128,24,59" hai3="53,62,84,85,27,105,48,108,100,106,20,28,131"/><T17/><D73/><U76/><E123/><V114/><F68/><W0/><G0/><T78/><D133/><U132/><E118/><N who="2" m="45675" /><F36/><W124/><G124/><T125/><D125/><U46/><E132/><V92/><F109/><W3/><G108/><T102/><D111/><U80/><E104/><V130/><F59/><W75/><G3/><T50/><D2/><U121/><E121/><V77/><F24/><W16/><G75/><T88/><D78/><U7/><E65/><V61/><F61/><W25/><G131/><N who="2" m="50217" /><F77/><W113/><G62/><T89/><D67/><U42/><E46/><V41/><F41/><W23/><G113/><N who="2" m="43625" /><F14/><W8/><G8/><T81/><D54/><U60/><E60/><V19/><F19/><W122/><G122/><T115/><D115/><U52/><E30/><V44/><F44/><W22/><G22/><T4/><D4/><U21/><E21/><V18/><F18/><W1/><G1/><T119/><D119/><U64/><E34/><V82/><F93/><W5/><G5/><T39/><D39/><U11/><E64/><V98/><F82/><W47/><REACH who="3" step="1"/><G106/><REACH who="3" ten="305,205,255,225" step="2"/><T120/><D120/><U99/><E11/><V49/><F49/><W32/><G32/><T79/><REACH who="0" step="1"/><D17/><REACH who="0" ten="295,205,255,225" step="2"/><U58/><E127/><V56/><F56/><W107/><G107/><T74/><D74/><U134/><E126/><V40/><F40/><W51/><G51/><T90/><AGARI ba="3,2" hai="26,31,33,50,55,57,79,81,87,88,89,90,102,103" machi="90" ten="30,11700,0" yaku="1,1,0,1,54,1,53,1" doraHai="10" doraHaiUra="29" who="0" fromWho="0" sc="295,146,205,-42,255,-42,225,-42" /><INIT seed="0,4,0,3,5,87" ten="441,163,213,183" oya="0" hai0="49,106,130,86,116,12,44,65,55,41,0,111,52" hai1="34,15,90,14,102,92,20,95,62,77,30,74,54" hai2="13,18,71,98,45,33,97,128,76,83,38,100,59" hai3="27,51,39,131,122,117,31,107,121,57,132,10,67"/><T101/><D0/><U126/><E34/><V82/><F71/><W108/><G107/><T17/><D116/><U32/><E32/><V88/><F33/><W84/><G39/><T103/><D130/><U25/><E126/><V43/><F128/><W80/><G117/><T48/><D111/><U104/><E104/><V105/><F59/><W29/><G131/><T24/><D65/><U129/><E74/><V112/><F112/><W75/><G75/><T135/><D135/><U134/><E77/><V60/><F60/><W125/><G108/><T63/><D24/><U56/><E134/><V11/><F76/><W72/><G72/><T93/><D106/><U85/><E129/><V4/><F4/><W8/><G125/><T123/><D123/><N who="3" m="47113" /><G132/><T99/><D63/><U127/><E127/><V68/><F68/><W120/><G120/><T119/><D119/><U81/><E95/><V16/><REACH who="2" step="1"/><F18/><REACH who="2" ten="441,163,203,183" step="2"/><W70/><G70/><T53/><D86/><U118/><E118/><V124/><F124/><W3/><G67/><T110/><D110/><U36/><REACH who="1" step="1"/><E36/><REACH who="1" ten="441,153,203,183" step="2"/><V9/><F9/><W109/><G10/><N who="0" m="6295" /><D103/><U1/><E1/><V19/><F19/><W113/><G8/><T115/><D115/><U26/><E26/><V21/><F21/><W73/><G3/><T64/><D64/><U69/><E69/><V114/><F114/><W22/><G113/><T78/><D78/><U37/><E37/><V5/><F5/><W50/><G109/><T42/><D49/><N who="3" m="18441" /><G73/><T28/><D28/><U47/><E47/><V66/><F66/><W23/><G31/><T2/><D2/><RYUUKYOKU ba="4,2" sc="441,10,153,10,203,10,183,-30" hai0="41,42,44,48,52,53,55,93,99,101" hai1="14,15,20,25,30,54,56,62,81,85,90,92,102" hai2="11,13,16,38,43,45,82,83,88,97,98,100,105" /><INIT seed="0,5,2,3,5,128" ten="451,163,213,153" oya="0" hai0="81,69,80,55,99,130,4,75,117,100,10,54,8" hai1="92,16,13,52,78,35,86,19,63,88,126,15,84" hai2="56,57,32,68,123,49,28,36,74,131,26,53,71" hai3="72,77,11,9,38,0,58,133,132,112,34,67,18"/><T94/><D130/><U23/><E35/><V61/><F131/><W76/><G38/><T47/><D117/><U73/><E73/><V89/><F123/><W59/><G34/><T39/><D69/><U103/><E126/><V95/><F74/><W134/><G112/><T66/><D66/><U79/><E103/><V83/><F36/><W93/><G93/><T118/><D118/><U98/><E86/><V125/><F83/><N who="3" m="45447" /><G77/><T65/><D65/><U40/><E40/><V116/><F116/><W60/><G0/><T115/><D115/><U114/><E114/><V24/><F24/><W105/><G105/><T106/><D106/><U62/><E62/><V25/><F25/><W97/><G97/><T33/><D33/><U127/><E127/><V21/><F32/><W7/><G7/><T37/><D37/><U14/><E14/><V122/><F122/><W6/><G6/><T27/><D27/><U104/><E104/><V44/><F125/><W119/><G119/><T102/><D102/><U96/><E96/><V45/><F45/><W129/><G129/><T124/><D124/><U111/><E111/><V51/><F51/><W42/><G42/><T113/><D113/><U120/><E120/><V3/><F3/><W5/><G5/><T43/><D75/><U91/><E63/><V82/><F82/><N who="0" m="31850" /><D4/><U2/><E2/><V30/><F30/><W121/><G121/><T64/><D64/><U46/><E46/><V17/><F28/><W70/><G18/><T135/><D39/><U108/><E108/><V101/><F44/><W48/><G70/><T31/><D43/><RYUUKYOKU ba="5,2" sc="451,-10,163,-10,213,-10,153,30" hai3="9,11,48,58,59,60,67,132,133,134" /><INIT seed="1,6,2,1,4,121" ten="441,153,203,183" oya="1" hai0="90,119,101,38,2,94,93,125,87,11,123,1,63" hai1="110,86,12,0,67,39,83,23,57,74,24,62,92" hai2="52,81,40,60,118,18,106,135,117,30,129,131,33" hai3="80,72,6,3,19,133,45,27,44,46,51,84,10"/><U98/><E110/><V36/><F106/><W43/><G133/><T8/><D123/><U107/><E107/><V105/><F135/><W41/><G72/><T122/><D122/><U108/><E39/><V103/><F105/><W16/><G27/><T114/><D114/><U9/><E0/><V5/><F103/><W73/><G73/><T116/><D38/><U55/><E74/><V4/><F33/><W112/><G112/><T25/><D125/><U89/><E67/><V66/><F30/><W85/><G85/><T115/><D115/><U130/><E130/><N who="2" m="49675" /><F81/><W78/><REACH who="3" step="1"/><G45/><REACH who="3" ten="441,153,203,173" step="2"/><T34/><D25/><U35/><E35/><V28/><F28/><W61/><G61/><T7/><D63/><U126/><E126/><V79/><F79/><W21/><G21/><T14/><D34/><U113/><E113/><V47/><F18/><W56/><G56/><T100/><D11/><U88/><E108/><V75/><F75/><W32/><G32/><T91/><D119/><N who="2" m="45578" /><F66/><W77/><G77/><T96/><D116/><U95/><E9/><V104/><F104/><W54/><G54/><T22/><D22/><U102/><E12/><V20/><F20/><W13/><G13/><T53/><D53/><U127/><E127/><V132/><F132/><W111/><G111/><T26/><D26/><U37/><E37/><AGARI ba="6,3" hai="3,6,10,16,19,37,41,43,44,46,51,78,80,84" machi="37" ten="30,7700,0" yaku="1,1,7,1,54,1,53,1" doraHai="121" doraHaiUra="82" who="3" fromWho="1" sc="441,0,153,-95,203,0,173,125" /><INIT seed="2,0,0,3,4,92" ten="441,58,203,298" oya="2" hai0="16,132,121,134,10,62,52,29,50,69,91,58,67" hai1="79,32,5,104,34,111,71,23,59,12,118,90,35" hai2="65,77,88,3,119,49,123,42,117,1,66,89,43" hai3="64,40,33,11,82,37,94,31,126,106,114,55,36"/><V113/><F123/><W30/><G106/><T107/><D121/><U108/><E104/><V53/><F77/><W120/><G120/><T48/><D107/><U60/><E118/><V110/><F110/><W112/><G126/><T105/><D105/><U124/><E71/><V2/><F53/><W19/><G64/><N who="2" m="24681" /><F49/><W68/><G68/><T7/><D29/><U8/><E79/><V38/><F38/><W103/><G82/><T84/><D50/><U135/><E90/><N who="2" m="34923" /><F113/><N who="3" m="43627" /><G55/><T109/><D109/><U116/><E116/><AGARI ba="0,0" hai="1,2,3,42,43,116,117,119" m="34923,24681" machi="116" ten="40,7700,0" yaku="28,2,54,1" doraHai="92" who="2" fromWho="1" sc="441,0,58,-77,203,77,298,0" owari="441,54.0,-19,-52.0,280,-12.0,298,10.0" /></mjloggm>