<mjloggm ver="2.3"><GO type="97" lobby="0"/><UN n0="%E9%8D%8B%E5%B8%B8%E5%B8%9D%E5%9B%BD" n1="%72%61%79%5F%67%6F%6C%64" n2="%E3%82%AF%E3%83%88%E3%82%A5" n3="%E5%B0%B1%E6%B4%BB%E7%94%9F%40%E5%B7%9D%E6%9D%91%E8%BB%8D%E5%9B%A3" dan="15,14,13,15" rate="1976.12,1868.47,1876.18,1962.69" sx="M,F,M,M"/><TAIKYOKU oya="0"/><INIT seed="0,0,0,2,0,85" ten="250,250,250,250" oya="0" hai0="55,38,32,133,48,15,117,59,120,23,46,70,132" hai1="51,78,89,40,29,84,107,22,100,69,73,68,104" hai2="31,77,11,35,4,119,112,63,122,75,62,118,5" hai3="96,99,66,56,131,65,113,98,54,130,126,72,114"/><T52/><D32/><U44/><E69/><V97/><F75/><W16/><G72/><T102/><D70/><U8/><E68/><V24/><F77/><W91/><G126/><T103/><D38/><U110/><E110/><V21/><F122/><W45/><G45/><T135/><D120/><U27/><E100/><V64/><F112/><W13/><G113/><T10/><D23/><U121/><E121/><V67/><F97/><W74/><G114/><T18/><REACH who="0" step="1"/><D117/><REACH who="0" ten="240,250,250,250" step="2"/><U50/><E8/><V20/><F21/><N who="3" m="11407" /><G74/><T41/><D41/><U1/><E73/><V33/><F20/><W28/><G28/><T2/><D2/><U6/><E1/><V61/><F35/><W7/><G131/><T125/><D125/><U111/><E111/><V129/><F129/><W25/><G130/><T93/><D93/><U43/><E6/><V3/><REACH who="2" step="1"/><F5/><REACH who="2" ten="240,250,240,250" step="2"/><W106/><G7/><T115/><D115/><U83/><E78/><V36/><F36/><W14/><G106/><T92/><D92/><U101/><E107/><V128/><F128/><W17/><G25/><T39/><D39/><U87/><E104/><V19/><F19/><W90/><G17/><T30/><D30/><U42/><E101/><V26/><F26/><W60/><G14/><T57/><D57/><U47/><E40/><V9/><F9/><W37/><G37/><T0/><D0/><U12/><E12/><V53/><F53/><W34/><G34/><T134/><N who="0" m="34304" /><DORA hai="80" /><T86/><D86/><AGARI ba="0,2" hai="22,27,29,42,43,44,47,50,51,83,84,86,87,89" machi="86" ten="40,12000,2" yaku="9,1,8,1,52,4" doraHai="85,80" who="1" fromWho="0" sc="240,-120,250,140,240,0,250,0" /><INIT seed="1,0,0,4,3,63" ten="120,390,240,250" oya="1" hai0="31,106,85,26,19,78,94,69,95,14,118,125,65" hai1="83,84,122,88,135,13,64,43,86,76,100,70,130" hai2="77,105,55,99,51,109,29,121,82,28,8,119,60" hai3="45,87,41,92,114,6,27,34,115,120,35,73,18"/><U79/><E122/><V104/><F119/><W10/><G73/><T2/><D106/><U80/><E43/><V75/><F121/><W131/><G120/><T101/><D2/><U15/><E100/><V116/><F116/><W39/><G131/><T33/><D118/><U108/><E130/><V48/><F109/><W90/><G35/><T5/><D5/><U49/><E108/><V1/><F51/><W52/><G52/><T89/><D78/><U110/><E110/><V129/><F129/><W103/><G103/><T32/><D32/><U47/><E135/><V12/><F1/><W127/><G127/><T126/><D101/><U123/><E123/><V11/><F11/><W132/><G132/><T56/><D69/><U3/><E3/><V113/><F60/><W7/><G7/><T96/><D96/><U36/><E36/><V67/><F67/><W93/><G93/><T74/><D74/><U24/><E64/><V21/><F113/><W4/><G4/><T42/><D42/><N who="1" m="24823" /><E70/><V107/><F99/><W30/><REACH who="3" step="1"/><G18/><REACH who="3" ten="120,390,240,240" step="2"/><T62/><REACH who="0" step="1"/><D95/><REACH who="0" ten="110,390,240,240" step="2"/><N who="1" m="54663" /><E76/><V53/><F105/><W23/><G23/><AGARI ba="0,2" hai="14,19,23,26,31,33,56,62,65,85,89,94,125,126" machi="23" ten="40,5200,0" yaku="1,1,52,1,53,1" doraHai="63" doraHaiUra="25" who="0" fromWho="3" sc="110,72,390,0,240,0,240,-52" /><INIT seed="2,0,0,5,5,11" ten="182,390,240,188" oya="2" hai0="90,56,14,26,73,76,68,110,84,119,15,130,54" hai1="92,86,117,74,69,126,116,100,94,32,132,99,91" hai2="10,23,20,112,102,4,39,79,53,65,7,124,27" hai3="113,128,108,41,16,133,78,8,120,58,123,21,101"/><V87/><F39/><W121/><G113/><T34/><D68/><U18/><E32/><V48/><F112/><W89/><G128/><T111/><D130/><U31/><E69/><V35/><F35/><W42/><G133/><T85/><D73/><U135/><E31/><V104/><F104/><W127/><G127/><T45/><D45/><U52/><E74/><V122/><F102/><W28/><G101/><T77/><D119/><N who="1" m="45643" /><E18/><V129/><F122/><W5/><G108/><N who="0" m="41515" /><D26/><U63/><E52/><V36/><F36/><W0/><G78/><N who="0" m="30315" /><D34/><U2/><E63/><V43/><F124/><W93/><G28/><T19/><D19/><U60/><E60/><V37/><F37/><W83/><G83/><N who="0" m="49439" /><D85/><U46/><E46/><V95/><F43/><W66/><G58/><T97/><D97/><U57/><E57/><V67/><F129/><W82/><G82/><T80/><D80/><U72/><E2/><V114/><F114/><W96/><REACH who="3" step="1"/><G66/><REACH who="3" ten="182,390,240,178" step="2"/><T51/><AGARI ba="0,1" hai="14,15,51,54,56" m="49439,30315,41515" machi="51" ten="30,4000,0" yaku="14,1,52,2" doraHai="11" who="0" fromWho="0" sc="182,50,390,-10,240,-20,178,-10" /><INIT seed="3,0,0,0,5,78" ten="232,380,220,168" oya="3" hai0="72,57,33,135,128,94,3,82,62,104,14,5,100" hai1="54,15,65,46,83,79,124,29,99,25,105,74,80" hai2="2,91,19,58,95,38,52,37,126,117,98,24,101" hai3="50,42,36,123,16,133,75,93,112,119,47,18,110"/><W134/><G75/><T4/><D33/><U69/><E124/><V73/><F73/><W85/><G119/><T129/><D104/><U87/><E15/><V0/><F126/><W13/><G123/><T31/><D31/><U35/><E65/><V60/><F117/><W118/><G112/><T41/><D3/><U56/><E69/><V114/><F114/><W68/><G118/><T34/><D34/><U49/><E105/><V45/><F101/><W28/><G68/><T55/><D41/><U96/><E56/><V53/><F38/><W127/><G127/><T30/><D30/><U102/><E102/><V12/><F24/><W92/><G28/><T66/><D66/><U44/><E46/><V97/><F97/><W22/><G110/><T113/><D113/><U90/><AGARI ba="0,0" hai="25,29,35,44,49,54,74,79,80,83,87,90,96,99" machi="90" ten="20,5200,0" yaku="0,1,7,1,52,2" doraHai="78" who="1" fromWho="1" sc="232,-13,380,52,220,-13,168,-26" owari="219,2.0,432,53.0,207,-19.0,142,-36.0" /></mjloggm>