<mjloggm ver="2.3"><GO type="169" lobby="0"/><UN n0="%E7%B4%85%E3%81%84%E7%9E%B3%E3%81%AE%E6%AD%A6%E4%B8%B8" n1="%E5%90%9F%E9%A6%99%E9%B3%A5%E9%A3%BC" n2="%E5%9B%9B%E6%AE%B5" n3="%E3%82%A6%E3%83%AB%E3%83%88%E3%83%A9%E7%AB%8B%E7%9B%B4" dan="16,16,17,17" rate="2095.56,2034.98,2119.61,2129.10" sx="M,F,M,M"/><TAIKYOKU oya="0"/><INIT seed="0,0,0,5,3,101" ten="250,250,250,250" oya="0" hai0="2,117,6,65,19,104,129,120,4,49,14,105,21" hai1="91,109,135,30,88,58,131,22,11,55,87,56,34" hai2="81,92,128,132,113,123,32,67,5,17,41,29,33" hai3="79,83,127,116,51,0,95,9,36,90,98,97,82"/><T78/><D117/><U71/><E71/><V31/><F67/><W59/><G36/><T42/><D120/><U80/><E109/><V76/><F41/><W44/><G98/><T134/><D65/><U125/><E125/><V18/><F92/><W102/><G127/><T107/><D129/><U130/><E34/><N who="2" m="13419" /><F81/><W62/><G116/><T70/><D70/><U74/><E74/><V8/><F76/><W103/><G0/><T115/><D115/><U64/><E91/><V16/><F123/><W72/><G9/><T52/><D134/><U35/><E135/><V12/><F132/><W108/><G108/><T86/><D42/><U43/><E43/><V38/><F38/><W13/><G13/><T27/><D2/><U75/><E75/><V111/><F111/><W24/><G24/><T37/><D37/><U99/><E99/><V119/><F119/><W121/><G121/><T48/><D48/><U93/><E80/><N who="3" m="30762" /><G79/><T85/><D78/><U73/><E73/><V68/><F68/><W3/><G3/><T122/><D122/><U63/><E131/><V126/><F128/><W28/><G28/><N who="2" m="10825" /><F113/><W89/><G89/><T1/><D1/><U26/><E35/><V61/><F61/><W96/><G96/><T112/><D112/><U110/><E130/><V133/><F133/><W23/><G72/><T66/><D66/><U106/><E110/><V7/><F126/><W45/><G102/><T124/><D124/><U60/><E106/><V39/><F39/><W100/><G103/><T25/><D105/><U84/><E84/><V20/><F5/><W15/><G100/><RYUUKYOKU ba="0,0" sc="250,-15,250,15,250,15,250,-15" hai1="11,22,26,30,55,56,58,60,63,64,87,88,93" hai2="7,8,12,16,17,18,20" /><INIT seed="1,1,0,3,5,81" ten="235,265,265,235" oya="1" hai0="99,91,127,53,88,9,6,44,83,10,84,51,26" hai1="49,94,130,21,31,60,64,34,2,15,3,79,128" hai2="32,56,109,22,80,36,47,43,45,40,112,66,19" hai3="126,69,46,30,107,122,87,24,35,104,52,98,82"/><U58/><E34/><V96/><F109/><W111/><G122/><T95/><D127/><U93/><E79/><V8/><F32/><W20/><G69/><T16/><D6/><U38/><E38/><V13/><F112/><W48/><G126/><T132/><D132/><U55/><E3/><V61/><F96/><W41/><G111/><T85/><D99/><U117/><E2/><V89/><F89/><W73/><G73/><T129/><D129/><N who="1" m="49771" /><E117/><V23/><REACH who="2" step="1"/><F80/><REACH who="2" ten="235,265,255,235" step="2"/><W29/><G98/><T33/><D33/><U131/><E131/><V86/><F86/><W105/><G35/><T27/><D9/><U4/><E4/><V123/><F123/><W106/><G106/><T11/><D10/><U17/><E31/><V42/><F42/><W67/><G30/><T90/><D90/><U124/><E124/><V108/><F108/><W12/><G41/><T102/><D102/><U39/><E39/><AGARI ba="1,1" hai="8,13,19,22,23,36,39,40,43,45,47,56,61,66" machi="39" ten="30,7700,0" yaku="1,1,7,1,9,1,53,1" doraHai="81" doraHaiUra="14" who="2" fromWho="1" sc="235,0,265,-80,255,90,235,0" /><INIT seed="2,0,0,2,1,58" ten="235,185,345,235" oya="2" hai0="32,25,9,48,6,110,99,105,93,132,87,86,113" hai1="23,115,111,28,129,78,116,123,124,2,41,101,53" hai2="13,1,14,10,125,33,44,20,17,85,66,29,120" hai3="74,57,50,103,88,0,43,83,65,73,61,109,39"/><V100/><F100/><W59/><G0/><T114/><D105/><U34/><E101/><V69/><F120/><W12/><G109/><T7/><D110/><U97/><E97/><V84/><F44/><W35/><G35/><T75/><D75/><U94/><E94/><V27/><F125/><W134/><G134/><T36/><D36/><U133/><E78/><V60/><REACH who="2" step="1"/><F1/><REACH who="2" ten="235,185,335,235" step="2"/><W49/><G103/><T128/><D132/><U3/><E3/><V81/><F81/><W67/><G83/><T30/><D114/><U38/><E2/><V31/><F31/><W15/><G39/><T130/><D113/><U40/><E28/><V126/><F126/><W80/><G80/><T5/><D30/><U106/><E38/><V108/><F108/><W107/><G43/><T54/><D128/><U62/><E41/><V11/><F11/><W102/><G102/><T79/><D9/><U46/><E40/><V122/><F122/><W104/><G104/><T91/><D130/><U51/><E106/><V90/><F90/><W18/><G107/><T45/><D79/><U21/><E129/><V55/><F55/><W119/><G88/><T52/><D54/><U19/><E124/><V92/><F92/><W77/><G77/><T63/><D93/><U127/><E53/><V16/><AGARI ba="0,1" hai="10,13,14,16,17,20,27,29,33,60,66,69,84,85" machi="16" ten="20,12000,1" yaku="1,1,0,1,7,1,52,1,54,1,53,0" doraHai="58" doraHaiUra="37" who="2" fromWho="2" sc="235,-40,185,-40,335,130,235,-40" /><INIT seed="2,1,0,3,3,98" ten="195,145,465,195" oya="2" hai0="103,53,83,99,2,95,56,18,5,102,96,20,58" hai1="82,128,47,117,60,0,9,72,87,7,14,113,65" hai2="73,34,77,89,75,78,66,35,85,74,6,32,36" hai3="25,46,69,81,130,43,19,33,76,101,93,123,3"/><V133/><F36/><W23/><G69/><T15/><D83/><U28/><E113/><V13/><F133/><W21/><G3/><T84/><D84/><U71/><E117/><V107/><F107/><W50/><G130/><T12/><D2/><U120/><E128/><V42/><F42/><W44/><G123/><T45/><D45/><U49/><E120/><V51/><F66/><W31/><G46/><T4/><D15/><U10/><E28/><V92/><REACH who="2" step="1"/><F51/><REACH who="2" ten="195,145,455,195" step="2"/><W122/><G50/><T48/><D58/><U109/><E49/><V1/><F1/><W41/><G43/><T57/><D56/><U70/><E0/><V8/><AGARI ba="1,1" hai="6,8,13,32,34,35,73,74,75,77,78,85,89,92" machi="8" ten="40,12000,1" yaku="1,1,0,1,53,3" doraHai="98" doraHaiUra="29" who="2" fromWho="2" sc="195,-41,145,-41,455,133,195,-41" /><INIT seed="2,2,0,4,4,8" ten="154,104,588,154" oya="2" hai0="116,108,66,92,88,37,30,14,2,132,4,58,106" hai1="105,90,61,18,43,21,63,46,10,41,11,73,16" hai2="35,96,134,135,72,109,15,50,23,33,70,82,45" hai3="24,67,127,12,85,48,64,124,83,44,119,38,113"/><V52/><F70/><W76/><G38/><T62/><D37/><U49/><E73/><V75/><F96/><W102/><G102/><T77/><D106/><U120/><E105/><V6/><F109/><W1/><G1/><T98/><D108/><U121/><E90/><V22/><F6/><W87/><G24/><T117/><D132/><N who="2" m="50730" /><F23/><W57/><G85/><T9/><D30/><U36/><E36/><V131/><F131/><W103/><G103/><T27/><D27/><U0/><E0/><V81/><F81/><W91/><G76/><T34/><D34/><N who="2" m="12810" /><F82/><W25/><G25/><T97/><D97/><U60/><E120/><V112/><F112/><W130/><G113/><T100/><D77/><U3/><E3/><V13/><F22/><W94/><G83/><T20/><D100/><U78/><E78/><V125/><F125/><W114/><G114/><T40/><D40/><U69/><E69/><V51/><F51/><W104/><G104/><T123/><D123/><U47/><E121/><V54/><F54/><N who="3" m="29959" /><G130/><T133/><D133/><U31/><E31/><V56/><F56/><W39/><G57/><T65/><D66/><N who="3" m="25129" /><G39/><T32/><D32/><U95/><E61/><V126/><F126/><W74/><G127/><T28/><D28/><U17/><E60/><V84/><F84/><W101/><G124/><T86/><D86/><U71/><E71/><V80/><F80/><W59/><G59/><T129/><D129/><U42/><E63/><V53/><F53/><W110/><G87/><T5/><D5/><U128/><E128/><V19/><F19/><W111/><G111/><RYUUKYOKU ba="2,0" sc="154,15,104,-15,588,15,154,-15" hai0="2,4,9,14,20,58,62,65,88,92,98,116,117" hai2="13,15,45,50,52,72,75" /><INIT seed="2,3,0,1,0,19" ten="169,89,603,139" oya="2" hai0="109,82,86,92,21,73,123,122,79,76,14,126,13" hai1="30,115,130,40,81,27,67,66,94,56,77,119,89" hai2="5,52,35,2,50,31,134,90,46,62,44,124,78" hai3="48,105,101,125,39,16,10,6,34,53,87,64,15"/><V117/><F117/><W7/><G39/><T70/><D70/><U65/><E115/><V49/><F134/><W106/><G125/><T108/><D126/><U11/><E130/><V25/><F124/><W32/><G64/><T133/><D133/><U85/><E119/><V83/><F90/><W72/><G72/><T33/><D33/><U57/><E40/><V29/><F29/><W97/><G106/><T8/><D79/><U98/><REACH who="1" step="1"/><E11/><REACH who="1" ten="169,79,603,139" step="2"/><V69/><F69/><W75/><G75/><T55/><D8/><U88/><E88/><V131/><F131/><W47/><G7/><T54/><D122/><U102/><E102/><V74/><F5/><W63/><G6/><T22/><D123/><U26/><E26/><V93/><F2/><W28/><G10/><T80/><D14/><U58/><E58/><V120/><F120/><W60/><G15/><T91/><D13/><U112/><E112/><V114/><F114/><W128/><G128/><T103/><D103/><U61/><E61/><V4/><F4/><W0/><G63/><T9/><D9/><U110/><E110/><N who="0" m="42601" /><D80/><U84/><E84/><V113/><F113/><W129/><G87/><T116/><D116/><U59/><E59/><V68/><F68/><W38/><G101/><T111/><D111/><U42/><E42/><N who="2" m="24727" /><F62/><W3/><G60/><T118/><D118/><U100/><E100/><V45/><F45/><W12/><G47/><T24/><D24/><U99/><E99/><V17/><F46/><W104/><G97/><T127/><D127/><U96/><E96/><V37/><F25/><N who="3" m="18447" /><G129/><T1/><D1/><RYUUKYOKU ba="3,1" sc="169,15,79,15,603,-15,139,-15" hai0="21,22,54,55,73,76,82,86,91,92" hai1="27,30,56,57,65,66,67,77,81,85,89,94,98" /><INIT seed="3,4,1,5,1,10" ten="184,94,588,124" oya="3" hai0="98,70,2,20,43,54,66,71,123,102,57,64,44" hai1="60,77,72,135,108,99,88,11,91,36,132,114,111" hai2="38,8,18,29,4,14,17,106,116,110,124,92,97" hai3="96,63,32,94,115,128,120,125,121,75,79,103,7"/><W1/><G32/><T46/><D2/><U126/><E36/><V34/><F110/><N who="1" m="42025" /><E114/><V131/><F106/><W31/><G115/><T93/><D123/><N who="3" m="47177" /><G31/><T42/><D20/><U105/><E60/><V26/><F38/><W85/><G7/><T3/><D3/><U50/><E50/><V62/><F116/><W117/><G1/><T61/><D70/><U48/><E48/><V12/><F62/><W24/><G24/><T134/><D134/><N who="1" m="51243" /><E11/><V52/><F8/><W112/><G63/><T51/><REACH who="0" step="1"/><D71/><REACH who="0" ten="174,94,588,124" step="2"/><U9/><E9/><V28/><F34/><W0/><G0/><T16/><D16/><U5/><E5/><V107/><F17/><W59/><G112/><T40/><D40/><U101/><E126/><V130/><F18/><W58/><G125/><T118/><D118/><U68/><E68/><V78/><F124/><W129/><G117/><T109/><D109/><U122/><E122/><V67/><F4/><W95/><G59/><T81/><D81/><AGARI ba="4,2" hai="72,77,81,88,91,99,101,105" m="51243,42025" machi="81" ten="30,8000,1" yaku="14,1,20,1,34,2,54,1" doraHai="10" who="1" fromWho="0" sc="174,-92,94,112,588,0,124,0" /><INIT seed="4,0,0,5,1,7" ten="82,206,588,124" oya="0" hai0="12,100,20,108,84,34,85,56,110,36,105,101,87" hai1="23,63,72,134,44,122,25,89,94,66,58,6,133" hai2="11,67,52,82,113,65,99,64,107,24,30,14,2" hai3="45,21,129,128,118,57,39,79,62,102,131,120,74"/><T73/><D34/><U35/><E72/><V19/><F2/><W46/><G118/><T104/><D36/><U55/><E6/><V43/><F43/><W103/><G120/><T61/><D73/><U3/><E3/><V41/><F41/><N who="3" m="22719" /><G46/><T28/><D28/><U88/><E35/><V31/><F113/><W92/><G92/><T77/><D77/><U81/><E122/><V47/><F82/><N who="3" m="45431" /><G21/><T116/><D116/><U50/><E81/><V5/><F5/><W9/><G9/><T16/><D104/><U40/><E66/><AGARI ba="0,0" hai="57,62,66,102,103,128,129,131" m="45431,22719" machi="66" ten="30,1000,0" yaku="19,1" doraHai="7" who="3" fromWho="1" sc="82,0,206,-10,588,0,124,10" /><INIT seed="5,0,0,2,3,54" ten="82,196,588,134" oya="1" hai0="63,69,21,100,93,67,14,25,109,106,8,116,38" hai1="92,104,108,118,72,125,121,39,26,7,77,90,81" hai2="11,115,4,107,111,28,124,129,19,57,87,10,86" hai3="15,47,0,130,51,12,9,37,99,119,84,45,65"/><U82/><E39/><V85/><F107/><W89/><G130/><T33/><D109/><U70/><E70/><V62/><F111/><W126/><G126/><T43/><D116/><U79/><E108/><V55/><F124/><W74/><G74/><T60/><D33/><U122/><E7/><V101/><F101/><W66/><G0/><T34/><D34/><U96/><E26/><V102/><F102/><W94/><G37/><T61/><D106/><U120/><E118/><V50/><F129/><W46/><G119/><T88/><D100/><U135/><E125/><V112/><F28/><W6/><G51/><T49/><D38/><U132/><E104/><V78/><F78/><W59/><G59/><N who="0" m="37375" /><D49/><U32/><E32/><V131/><F131/><W110/><G110/><T42/><D69/><U134/><E122/><V127/><F127/><W73/><G73/><AGARI ba="0,0" hai="72,73,77,79,81,82,90,92,96,120,121,132,134,135" machi="73" ten="40,12000,1" yaku="9,1,20,1,34,3" doraHai="54" who="1" fromWho="3" sc="82,0,196,120,588,0,134,-120" /><INIT seed="5,1,0,3,5,116" ten="82,316,588,14" oya="1" hai0="107,16,118,29,89,115,113,102,74,18,109,111,110" hai1="108,32,92,134,112,90,124,76,104,71,31,73,127" hai2="80,28,79,114,95,133,61,49,78,5,62,129,68" hai3="40,69,106,17,35,56,99,65,54,9,24,63,41"/><U1/><RYUUKYOKU type="yao9" ba="1,0" sc="82,0,316,0,588,0,14,0" hai1="1,31,32,71,73,76,90,92,104,108,112,124,127,134" /><INIT seed="5,2,0,1,4,31" ten="82,316,588,14" oya="1" hai0="8,53,103,120,101,85,132,80,63,135,84,115,66" hai1="20,110,42,12,70,77,127,46,112,48,68,74,125" hai2="64,58,41,14,93,108,59,29,73,32,86,90,0" hai3="23,79,65,118,60,55,10,116,124,78,94,104,82"/><U105/><E105/><V13/><F0/><W83/><G104/><T62/><D115/><U122/><E122/><V99/><F73/><W91/><G55/><T9/><D120/><U119/><E119/><N who="3" m="45610" /><G10/><N who="0" m="4203" /><D53/><U56/><E110/><V44/><F29/><W5/><G5/><T96/><D84/><U67/><E112/><V76/><F32/><W7/><G7/><T133/><D96/><U134/><E74/><V87/><F87/><N who="3" m="52607" /><G23/><T16/><D16/><U25/><E12/><V43/><F43/><W106/><G106/><T130/><D130/><U35/><E77/><N who="3" m="29194" /><G124/><T102/><D66/><U54/><E125/><V109/><F109/><W24/><G24/><T28/><D28/><U19/><E67/><V131/><F131/><W98/><G98/><T100/><N who="0" m="25600" /><DORA hai="2" /><T34/><D34/><U111/><E127/><V49/><F108/><W38/><G38/><T69/><D69/><AGARI ba="2,0" hai="60,65,69,82,83" m="29194,52607,45610" machi="69" ten="30,1000,0" yaku="12,1" doraHai="31,2" who="3" fromWho="0" sc="82,-16,316,0,588,0,14,16" /><INIT seed="6,0,0,5,0,16" ten="66,316,588,30" oya="2" hai0="25,59,8,52,132,6,64,11,13,87,108,84,113" hai1="47,33,67,45,93,0,37,100,76,68,83,109,97" hai2="89,129,57,66,80,58,30,96,73,24,17,19,39" hai3="130,79,44,7,40,43,134,50,35,65,94,111,103"/><V118/><F118/><W91/><G35/><T36/><D108/><U120/><E0/><V32/><F39/><W10/><G111/><T21/><D36/><U42/><E33/><V34/><F34/><W125/><G125/><T112/><D132/><U128/><E109/><V81/><F129/><W69/><G130/><T122/><D11/><U18/><E120/><V56/><F66/><W51/><G134/><T23/><D64/><U99/><E99/><V27/><F73/><W46/><G79/><T20/><D25/><U116/><E116/><V74/><F74/><W90/><G65/><T133/><D133/><U95/><E45/><V60/><F60/><W15/><G69/><T85/><REACH who="0" step="1"/><D122/><REACH who="0" ten="56,316,588,30" step="2"/><U55/><E67/><V88/><F27/><W14/><G14/><T131/><D131/><U82/><E37/><V1/><F24/><W70/><G70/><T29/><D29/><U62/><E68/><V31/><F30/><W114/><G114/><T75/><D75/><U28/><E28/><V71/><F31/><W53/><G53/><T92/><D92/><U9/><E93/><V117/><F71/><W124/><G124/><T86/><N who="0" m="21504" /><DORA hai="41" /><T77/><D77/><U115/><E76/><V121/><F121/><W101/><G94/><T135/><D135/><U49/><E115/><V98/><F32/><W107/><G107/><T3/><D3/><U104/><E104/><V4/><F1/><W63/><G63/><AGARI ba="0,1" hai="6,8,13,20,21,23,52,59,63,112,113" m="21504" machi="63" ten="60,8000,1" yaku="1,1,52,3,54,1,53,0" doraHai="16,41" doraHaiUra="105,127" who="0" fromWho="3" sc="56,90,316,0,588,0,30,-80" owari="146,-25.0,316,12.0,588,68.0,-50,-55.0" /></mjloggm>