<mjloggm ver="2.3"><GO type="97" lobby="0"/><UN n0="%E3%81%86%E3%81%A3%E3%81%86%E3%83%BC%E3%82%84%E3%82%88%E3%81%84" n1="%E5%B0%B1%E6%B4%BB%E7%94%9F%40%E5%B7%9D%E6%9D%91%E8%BB%8D%E5%9B%A3" n2="%73%69%6E%74%65%74%75" n3="%E7%8C%AB%E5%A5%89%E8%A1%8C%E6%99%82%E5%AE%9A" dan="15,15,13,14" rate="2058.86,2066.10,1999.92,2005.56" sx="F,M,M,M"/><TAIKYOKU oya="0"/><INIT seed="0,0,0,1,3,56" ten="250,250,250,250" oya="0" hai0="9,15,115,65,5,24,125,20,39,129,52,120,33" hai1="50,19,98,1,67,108,69,133,106,81,71,0,70" hai2="126,113,104,62,6,88,7,72,53,89,121,18,84" hai3="74,16,22,45,49,3,12,13,97,109,63,92,75"/><T59/><D120/><U111/><E133/><V132/><F113/><W4/><G109/><N who="1" m="42058" /><E81/><V60/><F104/><W28/><G3/><N who="1" m="1098" /><E50/><V8/><F72/><W128/><G128/><T127/><D115/><U130/><E19/><V119/><F126/><N who="0" m="48138" /><D129/><U79/><E79/><V34/><F34/><W37/><G37/><T122/><D122/><U41/><E41/><V78/><F119/><W11/><G28/><N who="0" m="19591" /><D39/><U73/><E73/><V10/><F78/><W90/><REACH who="3" step="1"/><G63/><REACH who="3" ten="250,250,250,240" step="2"/><N who="0" m="36327" /><D20/><U99/><E130/><V30/><F132/><W35/><G35/><T87/><D87/><U95/><E106/><V47/><F84/><W96/><G96/><T85/><D85/><U68/><E99/><V40/><F121/><W94/><G94/><T66/><AGARI ba="0,1" hai="5,9,15,65,66" m="36327,19591,48138" machi="66" ten="30,6000,0" yaku="18,1,52,1,54,1" doraHai="56" who="0" fromWho="0" sc="250,70,250,-20,250,-20,240,-20" /><INIT seed="0,1,0,2,0,72" ten="320,230,230,220" oya="0" hai0="14,19,48,64,99,0,101,24,44,78,128,60,62" hai1="54,18,97,55,6,73,80,86,22,108,68,115,11" hai2="34,125,20,102,46,35,127,91,10,100,65,98,96" hai3="134,126,89,12,84,15,76,119,116,113,36,132,77"/><T56/><D128/><U63/><E108/><V51/><F65/><W103/><G36/><T123/><D123/><U4/><E73/><V16/><F10/><W32/><G32/><T2/><D60/><U109/><E109/><V59/><F59/><W104/><G15/><T37/><D37/><U124/><E124/><N who="2" m="47691" /><F91/><W27/><G27/><T133/><D133/><N who="3" m="51305" /><G12/><T81/><D24/><U21/><E115/><V40/><F96/><N who="3" m="61543" /><G113/><T67/><D67/><U26/><E97/><V53/><F40/><W52/><G52/><T3/><D48/><U49/><E11/><V83/><F102/><W130/><G130/><T92/><D44/><U112/><E112/><V74/><F98/><W66/><G66/><T30/><D30/><U122/><E122/><V95/><F95/><N who="3" m="54695" /><G126/><T117/><D2/><U79/><E21/><V131/><F100/><W43/><G43/><T57/><D57/><N who="1" m="35255" /><E68/><V8/><F8/><W58/><G58/><AGARI ba="1,0" hai="4,6,18,22,26,49,55,58,79,80,86" m="35255" machi="58" ten="30,2000,0" yaku="8,1,52,1" doraHai="72" who="1" fromWho="3" sc="320,0,230,23,230,0,220,-23" /><INIT seed="1,0,0,0,5,26" ten="320,253,230,197" oya="1" hai0="6,84,118,47,69,131,11,57,4,112,32,135,2" hai1="12,23,113,40,35,37,65,82,56,96,13,38,132" hai2="94,3,122,0,95,129,83,81,27,54,53,22,85" hai3="16,10,31,34,126,121,43,109,108,89,100,46,128"/><U87/><E35/><V73/><F122/><W33/><G121/><T120/><D57/><U24/><E113/><V101/><F73/><W61/><G128/><T102/><D84/><U28/><E132/><V72/><F72/><W123/><G126/><T68/><D47/><U117/><E117/><V134/><F134/><W21/><G123/><T9/><D102/><U67/><E96/><V60/><F0/><W70/><G100/><T79/><D79/><U119/><E119/><V98/><F3/><W106/><G106/><T130/><D120/><U42/><E38/><V63/><F85/><W77/><G77/><T133/><D32/><U93/><E93/><V39/><F39/><W103/><G103/><T127/><D118/><U78/><E37/><V97/><F101/><W92/><G10/><T30/><D30/><U36/><E36/><V25/><F22/><W41/><G34/><T59/><D59/><U55/><E13/><V111/><F111/><N who="3" m="42571" /><G46/><T105/><D2/><U86/><E12/><V45/><F45/><W91/><G61/><T125/><D105/><U114/><E87/><V74/><REACH who="2" step="1"/><F74/><REACH who="2" ten="320,253,220,197" step="2"/><W1/><G1/><T7/><D133/><U124/><E124/><V88/><F88/><W48/><G91/><T20/><D135/><U76/><E114/><V52/><F52/><W71/><G71/><T58/><D112/><U17/><E78/><V8/><F8/><W90/><G70/><T5/><D5/><U99/><E99/><V64/><F64/><N who="1" m="24649" /><E17/><V104/><F104/><W116/><G90/><T62/><D6/><U44/><E44/><V29/><F29/><RYUUKYOKU ba="0,1" sc="320,-15,253,15,220,15,197,-15" hai1="23,24,28,40,42,55,56,76,82,86" hai2="25,27,53,54,60,63,81,83,94,95,97,98,129" /><INIT seed="1,1,1,0,5,58" ten="305,268,235,182" oya="1" hai0="78,6,33,123,113,111,85,29,96,103,124,54,92" hai1="9,53,122,107,15,52,0,42,73,26,16,5,41" hai2="119,3,7,121,86,28,51,116,91,115,100,2,97" hai3="88,70,128,63,13,20,11,101,23,40,12,79,46"/><U83/><E122/><V49/><F28/><W133/><G128/><T94/><D6/><U99/><E107/><V104/><F121/><W47/><G133/><T109/><D123/><U134/><E134/><V132/><F132/><W125/><G125/><T87/><D29/><U69/><E69/><V57/><F115/><W35/><G35/><T80/><D33/><U37/><E37/><V89/><F7/><W84/><G101/><T130/><D113/><U129/><E129/><V22/><F22/><W62/><G70/><T66/><D130/><U39/><E39/><V75/><F75/><W74/><G79/><T60/><D54/><N who="1" m="21099" /><E73/><V108/><F57/><W67/><G67/><T21/><D124/><U110/><E110/><N who="0" m="41993" /><D21/><N who="3" m="8265" /><G74/><N who="0" m="43095" /><D92/><U38/><E38/><V112/><F108/><W61/><G40/><N who="1" m="15466" /><E0/><V30/><F2/><W105/><G105/><T19/><D19/><U56/><E56/><AGARI ba="1,1" hai="56,60,66,85,87,94,96,103" m="43095,41993" machi="56" ten="30,2000,0" yaku="14,1,52,1" doraHai="58" who="0" fromWho="1" sc="305,33,268,-23,235,0,182,0" /><INIT seed="2,0,0,3,2,25" ten="338,245,235,182" oya="2" hai0="106,40,66,83,133,5,98,3,24,128,14,75,122" hai1="129,95,90,101,58,76,87,10,39,69,61,74,114" hai2="135,120,31,72,57,64,82,16,71,46,54,36,117" hai3="2,20,63,65,132,88,99,19,81,59,92,127,118"/><V32/><F120/><W9/><G127/><T78/><D122/><U108/><E114/><V85/><F72/><W91/><G132/><T12/><D133/><U56/><E39/><V107/><F107/><W89/><G118/><T62/><D128/><U52/><E129/><V34/><F117/><W105/><G105/><T111/><D111/><U130/><E130/><V103/><F103/><W49/><G49/><T93/><D106/><U1/><E69/><V45/><F32/><W15/><G2/><T28/><D40/><U125/><E125/><V121/><F121/><W13/><REACH who="3" step="1"/><G81/><REACH who="3" ten="338,245,235,172" step="2"/><T109/><D3/><U80/><E108/><V115/><F135/><W11/><G11/><T131/><D131/><U86/><E10/><V23/><F115/><W116/><G116/><T47/><D83/><U38/><E38/><V113/><F36/><W126/><G126/><T96/><D109/><U7/><E1/><V17/><F113/><W134/><G134/><T97/><D93/><U124/><E124/><V112/><F112/><W94/><G94/><T27/><D62/><U50/><E80/><V102/><F82/><W110/><G110/><T68/><D78/><U35/><E95/><V48/><F48/><W4/><G4/><T29/><BYE who="3" /><D5/><U55/><E35/><V73/><F73/><UN n3="%E7%8C%AB%E5%A5%89%E8%A1%8C%E6%99%82%E5%AE%9A" /><W21/><G21/><T33/><D75/><U84/><E74/><V43/><F23/><W18/><AGARI ba="0,1" hai="9,13,15,18,19,20,59,63,65,88,89,91,92,99" machi="18" ten="20,8000,1" yaku="1,1,0,1,7,1,8,1,54,1,53,0" doraHai="25" doraHaiUra="44" who="3" fromWho="3" sc="338,-20,245,-20,235,-40,172,90" /><INIT seed="3,0,0,2,2,18" ten="318,225,195,262" oya="3" hai0="43,103,38,80,58,113,47,94,116,84,92,20,91" hai1="34,4,115,17,87,29,40,98,7,9,5,1,74" hai2="54,6,77,49,27,132,25,118,125,99,114,55,57" hai3="135,64,19,109,122,127,96,104,73,23,65,22,10"/><W121/><G73/><T75/><D116/><U111/><E74/><V21/><F118/><W36/><G36/><T28/><D113/><U67/><E67/><N who="3" m="25674" /><G96/><T37/><D103/><U2/><E40/><V16/><F114/><W130/><G104/><T128/><D128/><U124/><E98/><V72/><F132/><W78/><G78/><T63/><D38/><U13/><E87/><V112/><F125/><W15/><G130/><T129/><D75/><U76/><E76/><V66/><F66/><W71/><G71/><T134/><D134/><U105/><E105/><V68/><F68/><W107/><G107/><T88/><D91/><U59/><E59/><N who="2" m="33231" /><F77/><W126/><G135/><T95/><D129/><U42/><E42/><V62/><F6/><N who="1" m="2665" /><E115/><V108/><F108/><W93/><G93/><T53/><REACH who="0" step="1"/><D94/><REACH who="0" ten="308,225,195,262" step="2"/><U44/><E124/><N who="3" m="47658" /><G109/><T133/><D133/><U89/><E111/><V86/><F72/><W12/><G12/><T45/><D45/><U106/><E44/><V102/><F112/><W61/><G61/><T117/><D117/><U123/><E106/><V0/><F0/><W31/><G31/><T8/><D8/><U82/><E2/><V32/><F32/><W24/><G24/><AGARI ba="0,1" hai="20,24,28,37,43,47,53,58,63,80,84,88,92,95" machi="24" ten="40,8000,1" yaku="1,1,52,1,54,1,53,1" doraHai="18" doraHaiUra="81" who="0" fromWho="3" sc="308,90,225,0,195,0,262,-80" owari="398,49.0,225,3.0,195,-20.0,182,-32.0" /></mjloggm>