<mjloggm ver="2.3"><GO type="41" lobby="0"/><UN n0="%50%61%69%72%6F%6E" n1="%E5%B0%B1%E6%B4%BB%E7%94%9F%40%E5%B7%9D%E6%9D%91%E8%BB%8D%E5%9B%A3" n2="%E3%81%94%E3%82%8B%E3%81%85" n3="%E6%A3%AE%E5%AE%AE%E8%92%BC%E4%B9%83" dan="13,16,15,15" rate="1819.74,2171.78,1954.72,1952.78" sx="M,M,M,F"/><TAIKYOKU oya="0"/><INIT seed="0,0,0,1,2,6" ten="250,250,250,250" oya="0" hai0="86,84,35,30,112,32,73,71,90,109,110,93,68" hai1="131,126,15,42,99,125,28,97,22,55,2,62,104" hai2="96,11,48,17,61,58,105,46,103,9,16,72,18" hai3="14,121,132,38,43,24,56,128,13,31,69,21,79"/><T78/><D112/><U41/><E2/><V3/><F72/><W47/><G69/><N who="0" m="26699" /><D73/><U54/><E131/><V39/><F39/><W87/><G128/><T34/><D30/><U64/><E28/><V75/><F3/><W12/><G132/><T88/><D78/><U123/><E123/><V65/><REACH who="2" step="1"/><F75/><REACH who="2" ten="250,250,240,250" step="2"/><W19/><G121/><T76/><D76/><U100/><E125/><V114/><F114/><W60/><G79/><T50/><D50/><U122/><E126/><V101/><F101/><W53/><REACH who="3" step="1"/><G87/><REACH who="3" ten="250,250,240,240" step="2"/><N who="0" m="33323" /><D93/><U118/><E104/><V45/><F45/><W23/><AGARI ba="0,2" hai="12,13,14,19,21,23,24,31,38,43,47,53,56,60" machi="23" ten="20,2700,0" yaku="1,1,0,1,7,1,53,0" doraHai="6" doraHaiUra="94" who="3" fromWho="3" sc="250,-13,250,-7,240,-7,240,47" /><INIT seed="1,0,0,3,1,36" ten="237,243,233,287" oya="1" hai0="49,32,124,128,114,53,127,108,21,25,119,7,3" hai1="15,48,57,113,2,105,59,30,111,58,16,60,97" hai2="0,102,130,9,50,110,76,96,17,77,103,31,81" hai3="23,55,63,68,116,82,99,129,43,122,11,65,79"/><U126/><E2/><V98/><F110/><W28/><G122/><T104/><D119/><U117/><E117/><V106/><F31/><W72/><G116/><T132/><D114/><U27/><E113/><V90/><F130/><W94/><G129/><T29/><D128/><U80/><E126/><N who="0" m="48169" /><D104/><U24/><E111/><V125/><F125/><W83/><G82/><T74/><D108/><U133/><E133/><V112/><F112/><W19/><G28/><T18/><D74/><U134/><E134/><V85/><F50/><W107/><G107/><T89/><D89/><U87/><E105/><V135/><F135/><W54/><G11/><N who="0" m="2559" /><D132/><U91/><E97/><V47/><F47/><W109/><G109/><T45/><D32/><U4/><E4/><V35/><F35/><W14/><REACH who="3" step="1"/><G43/><REACH who="3" ten="237,243,233,277" step="2"/><T67/><D67/><U71/><E30/><AGARI ba="0,1" hai="18,21,25,29,30,45,49,53" m="2559,48169" machi="30" ten="30,1000,0" yaku="18,1" doraHai="36" who="0" fromWho="1" sc="237,20,243,-10,233,0,277,0" /><INIT seed="2,0,0,1,1,20" ten="257,233,233,277" oya="2" hai0="76,56,120,87,129,114,21,101,103,54,126,42,58" hai1="23,95,88,3,80,77,119,132,121,79,99,67,109" hai2="9,24,66,64,30,32,69,0,17,134,107,72,85" hai3="116,46,96,131,86,57,19,111,92,61,113,16,25"/><V18/><F72/><W2/><G116/><T8/><D120/><U6/><E119/><V94/><F107/><W100/><G2/><T33/><D33/><U123/><E3/><V52/><F134/><W37/><G111/><T68/><D68/><U106/><E6/><V1/><F66/><W81/><G131/><T71/><D71/><U34/><E34/><V41/><F41/><W70/><G70/><T105/><D42/><U26/><E132/><V93/><F93/><W47/><G37/><T98/><D8/><U133/><E133/><V125/><F125/><W4/><G4/><T28/><D103/><U59/><E109/><V102/><F64/><N who="3" m="38959" /><G113/><T48/><D129/><U60/><E106/><V128/><F69/><W51/><G25/><T50/><D126/><U122/><REACH who="1" step="1"/><E80/><REACH who="1" ten="257,223,233,277" step="2"/><V124/><F124/><W53/><G47/><T49/><D114/><U78/><E78/><AGARI ba="0,1" hai="16,19,46,51,53,78,81,86,92,96,100" m="38959" machi="78" ten="30,2000,0" yaku="8,1,54,1" doraHai="20" who="3" fromWho="1" sc="257,0,223,-20,233,0,277,30" /><INIT seed="3,0,0,3,5,32" ten="257,203,233,307" oya="3" hai0="48,17,9,42,72,4,135,25,26,12,78,19,0" hai1="93,131,75,122,44,58,77,13,123,90,11,18,71" hai2="134,92,38,88,33,113,5,16,36,8,120,125,39" hai3="121,80,82,133,76,15,53,127,126,14,117,118,70"/><W59/><G70/><T52/><D135/><U41/><E71/><V102/><F33/><W81/><G76/><T31/><D42/><U129/><E77/><V21/><F113/><W67/><G67/><T95/><D72/><U73/><E58/><V87/><F125/><N who="3" m="47627" /><G121/><T50/><D78/><U34/><E34/><V100/><F134/><W132/><G53/><T55/><D95/><U47/><E75/><V64/><F64/><W3/><G3/><T83/><D83/><U79/><E79/><V62/><F62/><W116/><G59/><T115/><D19/><U112/><E73/><V23/><F120/><W22/><G22/><T98/><D98/><N who="1" m="57655" /><E112/><V7/><F23/><W74/><G74/><T69/><D69/><U85/><E85/><V40/><F40/><W96/><G96/><T35/><D115/><U108/><E47/><V46/><F46/><W1/><G1/><T68/><D68/><U63/><E63/><V10/><F10/><W114/><G114/><T106/><D106/><U45/><E45/><V99/><F8/><W51/><G51/><T54/><REACH who="0" step="1"/><D26/><REACH who="0" ten="247,203,233,307" step="2"/><U109/><E123/><V128/><F128/><N who="1" m="49225" /><E122/><V103/><REACH who="2" step="1"/><F99/><REACH who="2" ten="247,203,223,307" step="2"/><W111/><G133/><T29/><D29/><U91/><E109/><V28/><F28/><W6/><G132/><T94/><D94/><U57/><E108/><V30/><F30/><W104/><G111/><T110/><D110/><U56/><E41/><V37/><N who="2" m="9216" /><DORA hai="65" /><V84/><F84/><W101/><G104/><T89/><D89/><U2/><E91/><V20/><F20/><AGARI ba="0,2" hai="0,4,9,12,17,20,25,31,35,48,50,52,54,55" machi="20" ten="40,8000,1" yaku="1,1,24,2,52,1,54,1,53,0" doraHai="32,65" doraHaiUra="119,60" who="0" fromWho="2" sc="247,100,203,0,223,-80,307,0" /><INIT seed="4,0,0,4,3,46" ten="347,203,143,307" oya="0" hai0="129,22,100,118,7,38,88,120,63,103,6,18,130" hai1="24,33,96,42,12,3,25,133,36,119,84,13,81" hai2="122,107,39,29,64,5,102,82,57,108,80,65,98" hai3="61,20,72,127,94,34,126,73,62,131,10,115,60"/><T56/><D120/><U110/><E3/><V95/><F108/><W69/><G34/><T104/><D38/><U121/><E110/><V109/><F39/><W27/><G131/><N who="0" m="50187" /><D118/><U70/><E70/><V75/><F109/><W114/><G69/><T28/><D28/><U49/><E119/><V50/><F122/><W31/><G10/><T9/><D104/><U111/><E111/><V113/><F113/><N who="3" m="43019" /><G94/><T23/><D23/><U92/><E36/><V105/><F29/><W117/><G117/><T97/><D100/><N who="1" m="60423" /><E33/><V44/><F5/><W106/><G106/><T8/><D103/><U55/><E133/><V30/><F30/><W74/><AGARI ba="0,0" hai="20,27,31,60,61,62,72,73,74,126,127" m="43019" machi="74" ten="40,1500,0" yaku="15,1" doraHai="46" who="3" fromWho="3" sc="347,-7,203,-4,143,-4,307,15" /><INIT seed="5,0,0,4,1,9" ten="340,199,139,322" oya="1" hai0="28,116,4,37,10,103,112,93,58,130,39,23,110" hai1="97,118,127,117,83,19,129,54,17,56,60,119,30" hai2="64,134,79,75,29,99,133,35,109,21,69,11,44" hai3="20,111,131,85,115,42,47,0,26,45,14,88,95"/><U6/><E129/><V80/><F109/><W101/><G0/><T67/><D110/><U61/><E127/><V76/><F79/><W36/><G111/><T90/><D112/><U74/><E30/><V38/><F21/><W73/><G73/><T62/><D116/><U13/><E97/><V55/><F11/><W113/><G131/><T41/><D130/><U53/><E74/><V15/><F15/><W32/><G32/><T16/><D28/><U3/><E3/><V124/><F124/><W57/><G47/><T114/><D114/><N who="3" m="43529" /><G57/><T87/><D103/><U12/><E83/><V108/><F108/><W22/><G101/><T77/><D77/><U92/><E92/><V123/><F123/><W65/><G65/><T72/><D41/><U2/><E2/><V122/><F122/><W5/><G26/><T81/><D72/><U51/><E6/><V135/><F99/><W128/><G128/><T24/><D81/><U8/><REACH who="1" step="1"/><E54/><REACH who="1" ten="340,189,139,322" step="2"/><V66/><F55/><W89/><G5/><T52/><D52/><U63/><E63/><V107/><F107/><W59/><G95/><T1/><AGARI ba="0,1" hai="1,4,10,16,23,24,37,39,58,62,67,87,90,93" machi="1" ten="20,2700,0" yaku="0,1,7,1,54,1" doraHai="9" who="0" fromWho="0" sc="340,37,189,-13,139,-7,322,-7" /><INIT seed="6,0,0,3,0,5" ten="377,176,132,315" oya="2" hai0="134,66,113,93,8,2,48,17,15,34,72,41,85" hai1="130,104,63,103,45,123,21,11,22,23,6,133,120" hai2="77,31,114,10,20,70,60,25,16,69,101,53,51" hai3="124,92,61,129,24,122,118,57,81,115,100,127,54"/><V3/><F114/><W49/><G122/><N who="1" m="46634" /><E130/><V102/><F77/><W73/><G129/><T91/><D72/><U110/><E110/><V12/><F3/><W32/><G118/><T59/><D2/><N who="1" m="471" /><E133/><V58/><REACH who="2" step="1"/><F60/><REACH who="2" ten="377,176,122,315" step="2"/><W87/><G61/><N who="0" m="38207" /><D113/><U64/><E103/><AGARI ba="0,1" hai="10,12,16,20,25,31,51,53,58,69,70,101,102,103" machi="103" ten="40,7700,0" yaku="1,1,52,1,54,1,53,0" doraHai="5" doraHaiUra="1" who="2" fromWho="1" sc="377,0,176,-77,122,87,315,0" /><INIT seed="6,1,0,5,2,32" ten="377,99,209,315" oya="2" hai0="11,82,4,132,34,21,117,53,2,120,88,90,1" hai1="14,64,103,131,127,133,39,36,124,130,23,66,29" hai2="13,73,129,5,85,75,49,52,54,84,81,115,109" hai3="105,46,89,59,100,76,126,37,45,9,57,101,8"/><V96/><F115/><W67/><G89/><T27/><D34/><U118/><E103/><V55/><F129/><N who="1" m="49161" /><E29/><V104/><F49/><W61/><G76/><T80/><D120/><U28/><E28/><V33/><F33/><W99/><G101/><T106/><D106/><U121/><E23/><V71/><F71/><W114/><G126/><N who="1" m="48170" /><E14/><V18/><F5/><W65/><G37/><N who="1" m="14410" /><E118/><V111/><F104/><W17/><G100/><T15/><D82/><U122/><E133/><V0/><F13/><W50/><G105/><T31/><D132/><U58/><E58/><V135/><F135/><W19/><G99/><T125/><D125/><U72/><E72/><V95/><F75/><W51/><G114/><T119/><D80/><U70/><E70/><V42/><F73/><W7/><G7/><T78/><D78/><U6/><E6/><V77/><F96/><W92/><G92/><T35/><D21/><U87/><E87/><V93/><F84/><W68/><G68/><T12/><D12/><U25/><E25/><V22/><F22/><W63/><AGARI ba="1,0" hai="8,9,17,19,45,46,50,51,57,59,61,63,65,67" machi="63" ten="25,6400,0" yaku="0,1,22,2,8,1" doraHai="32" who="3" fromWho="3" sc="377,-17,99,-17,209,-33,315,67" /><INIT seed="7,0,0,2,4,23" ten="360,82,176,382" oya="3" hai0="108,57,131,82,127,22,76,134,109,51,112,9,122" hai1="123,41,85,114,54,20,6,126,56,72,92,36,94" hai2="16,132,95,78,86,101,117,12,65,53,90,83,11" hai3="64,10,39,28,87,130,74,119,88,46,104,124,103"/><W47/><G119/><T31/><D122/><U19/><E72/><V105/><F65/><W77/><G130/><T1/><D131/><U80/><E123/><V52/><F132/><W100/><G124/><T0/><D134/><U84/><E114/><V26/><F26/><W50/><G39/><T73/><D127/><U32/><E32/><V49/><F49/><W106/><G64/><T133/><D133/><U37/><E126/><V61/><F61/><W102/><G28/><T7/><D0/><U45/><E6/><V125/><F117/><W25/><G25/><T111/><D112/><U71/><E71/><V59/><F59/><W129/><G10/><T81/><D81/><U79/><E37/><V38/><F38/><W116/><G116/><T4/><D4/><U68/><E68/><V40/><F40/><W63/><G63/><T75/><D75/><U48/><E85/><V24/><F24/><W121/><G121/><T18/><D31/><U27/><REACH who="1" step="1"/><E79/><REACH who="1" ten="360,72,176,382" step="2"/><N who="2" m="46463" /><F125/><W58/><G77/><T15/><D111/><U14/><E14/><V97/><F78/><W2/><G74/><T8/><D109/><U91/><AGARI ba="0,1" hai="19,20,27,36,41,45,48,54,56,80,84,91,92,94" machi="91" ten="20,5200,0" yaku="1,1,0,1,7,1,52,1,53,0" doraHai="23" doraHaiUra="120" who="1" fromWho="1" sc="360,-13,72,62,176,-13,382,-26" owari="347,15.0,134,-37.0,163,-24.0,356,46.0" /></mjloggm>