<mjloggm ver="2.3"><GO type="225" lobby="0"/><UN n0="%E3%83%88%E3%82%B7%E3%83%95%E3%83%BC%E3%83%8B" n1="%E3%81%AA%E3%81%A3%E3%81%8D%E3%82%8A" n2="%E3%83%88%E3%83%88%E3%83%AA%E5%85%88%E7%94%9F%31%39%E6%AD%B3" n3="%E3%82%A6%E3%82%A3%E3%83%83%E3%83%81" dan="16,16,18,16" rate="2182.86,2141.00,2254.38,2081.26" sx="M,M,F,F"/><TAIKYOKU oya="0"/><INIT seed="0,0,0,3,2,25" ten="250,250,250,250" oya="0" hai0="125,128,118,31,121,74,122,91,47,135,66,27,120" hai1="57,17,89,69,6,36,67,5,113,81,19,100,7" hai2="41,70,58,116,80,16,78,4,10,2,64,117,94" hai3="38,119,95,77,130,82,110,43,42,50,127,60,114"/><T79/><D118/><N who="2" m="45674" /><F70/><W1/><G119/><T12/><D135/><U62/><E113/><V3/><F41/><W131/><G114/><T15/><D128/><N who="3" m="49193" /><G38/><T29/><D125/><U55/><E36/><V124/><F124/><W35/><G127/><T106/><D106/><U97/><E89/><V21/><F94/><W109/><G35/><T14/><D27/><U112/><E81/><V96/><F96/><W68/><G1/><T85/><D66/><U45/><E112/><V123/><F123/><W73/><G95/><T53/><D79/><U86/><E86/><N who="2" m="48407" /><F3/><W39/><G39/><T20/><D20/><U52/><E45/><V105/><F105/><W84/><G73/><T56/><D47/><U26/><E26/><N who="2" m="14631" /><F58/><W132/><G132/><T90/><D74/><U103/><E69/><V54/><F54/><N who="1" m="20521" /><E97/><V76/><F76/><W65/><G43/><T87/><D53/><U107/><E107/><V129/><F129/><W126/><G126/><T23/><D23/><U0/><E0/><V115/><F115/><W32/><G32/><T93/><REACH who="0" step="1"/><D56/><REACH who="0" ten="240,250,250,250" step="2"/><U9/><E9/><V28/><F64/><W133/><G133/><T88/><D88/><U61/><E61/><V134/><F134/><W99/><G42/><T59/><D59/><U13/><E103/><V40/><F40/><W33/><G33/><T101/><D101/><U98/><E100/><V24/><F24/><W49/><G49/><T37/><D37/><U83/><E67/><V71/><F71/><W46/><G46/><T72/><D72/><U51/><E51/><V75/><F75/><W108/><G50/><RYUUKYOKU ba="0,1" sc="240,10,250,-30,250,10,250,10" hai0="12,14,15,29,31,85,87,90,91,93,120,121,122" hai2="2,4,10,28" hai3="60,65,68,77,82,84,99,108,109,110" /><INIT seed="0,1,1,0,3,45" ten="250,220,260,260" oya="0" hai0="83,107,11,123,115,113,46,55,21,27,125,26,51" hai1="24,98,84,81,10,124,38,104,4,86,25,8,103" hai2="102,37,18,101,65,90,1,34,19,68,92,78,9" hai3="44,30,95,73,122,56,0,67,7,31,41,108,89"/><T2/><D123/><U131/><E131/><V109/><F34/><W76/><G122/><T6/><D107/><U105/><E124/><V20/><F37/><N who="3" m="21551" /><G108/><T119/><D119/><U111/><E111/><V112/><F109/><W118/><G118/><T71/><D125/><U70/><E38/><V135/><F112/><W28/><G56/><T35/><D71/><U120/><E120/><V52/><F135/><W59/><G59/><T50/><D83/><U97/><E70/><V121/><F121/><W53/><G53/><T134/><D134/><U79/><E86/><V96/><F78/><W33/><G67/><T87/><D87/><U94/><E10/><V22/><F65/><W12/><G12/><T100/><D100/><N who="2" m="38506" /><F1/><W57/><G57/><T93/><D93/><U54/><E54/><V61/><F68/><W23/><G33/><T48/><D115/><U82/><E82/><V64/><F64/><W85/><G23/><N who="2" m="8745" /><F9/><N who="3" m="2279" /><G31/><T43/><D113/><U14/><E105/><V114/><F114/><W133/><G133/><T29/><D55/><U5/><E104/><V62/><F52/><W80/><AGARI ba="1,1" hai="28,30,73,76,80,85,89,95" m="2279,21551" machi="80" ten="30,1100,0" yaku="25,1" doraHai="45" who="3" fromWho="3" sc="250,-6,220,-4,260,-4,260,24" /><INIT seed="1,0,0,3,5,29" ten="244,216,256,284" oya="1" hai0="99,90,15,1,44,76,65,126,95,23,42,68,134" hai1="128,54,71,115,63,73,56,110,55,113,50,109,16" hai2="33,28,124,64,103,22,105,133,8,108,104,101,132" hai3="88,69,34,94,89,77,31,116,9,6,7,46,13"/><U83/><E73/><V118/><F118/><W67/><G116/><T51/><D1/><U48/><E83/><V60/><F108/><N who="1" m="41577" /><E128/><V17/><F124/><W37/><G77/><T87/><D126/><U135/><E135/><N who="2" m="51787" /><F8/><W20/><G20/><T66/><D134/><U111/><N who="1" m="41585" /><U36/><DORA hai="45" /><E36/><V72/><F72/><W119/><G119/><T4/><D68/><U52/><E71/><N who="2" m="42375" /><F28/><W117/><G117/><T129/><D129/><U0/><E0/><V2/><F33/><W70/><G34/><T57/><D57/><N who="1" m="35263" /><E16/><V27/><F2/><W43/><G31/><T58/><D58/><AGARI ba="0,0" hai="48,50,52,54,56,58,113,115" m="35263,41585" machi="58" ten="40,18000,2" yaku="14,1,10,1,34,2,52,2,54,1" doraHai="29,45" who="1" fromWho="0" sc="244,-180,216,180,256,0,284,0" /><INIT seed="1,1,0,1,3,22" ten="64,396,256,284" oya="1" hai0="95,16,62,47,100,5,40,37,82,104,51,77,31" hai1="45,44,12,25,80,131,33,34,103,27,87,88,56" hai2="38,118,93,101,134,69,55,23,127,19,115,26,90" hai3="123,6,4,13,132,49,58,122,91,129,78,67,42"/><U65/><E131/><V9/><F118/><W113/><G113/><T59/><D104/><U70/><E70/><V133/><F38/><W76/><G129/><T3/><D31/><U94/><E33/><V79/><F69/><W116/><G116/><T117/><D117/><U52/><E34/><V10/><F115/><W36/><G36/><T46/><D3/><U128/><E128/><V120/><F120/><W89/><G132/><N who="2" m="50793" /><F101/><W39/><G39/><T43/><D5/><U0/><E0/><V15/><F127/><W48/><G13/><T20/><D95/><U50/><E12/><V75/><F55/><W64/><REACH who="3" step="1"/><G58/><REACH who="3" ten="64,396,256,274" step="2"/><T63/><D59/><U28/><E65/><V97/><F15/><W112/><G112/><T106/><D106/><U60/><E44/><V2/><F2/><W110/><G110/><T99/><D99/><U24/><E28/><V109/><F109/><W11/><G11/><T74/><REACH who="0" step="1"/><D100/><REACH who="0" ten="54,396,256,274" step="2"/><U29/><E29/><V98/><F98/><W124/><G124/><T86/><D86/><U105/><E105/><V53/><F97/><W85/><G85/><T84/><D84/><U61/><E56/><V125/><F125/><W73/><G73/><T135/><D135/><U102/><E102/><V114/><F114/><W108/><G108/><T68/><D68/><U7/><E103/><V119/><F119/><W18/><G18/><T14/><AGARI ba="1,2" hai="14,16,20,37,40,43,46,47,51,62,63,74,77,82" machi="14" ten="20,5200,0" yaku="1,1,0,1,7,1,54,1,53,0" doraHai="22" doraHaiUra="92" who="0" fromWho="0" sc="54,75,396,-27,256,-14,274,-14" /><INIT seed="2,0,0,5,2,121" ten="129,369,242,260" oya="2" hai0="66,25,86,100,32,102,118,97,3,45,91,61,119" hai1="28,53,131,88,99,114,117,89,33,41,48,42,106" hai2="26,95,69,27,82,67,29,6,126,72,81,56,55" hai3="7,78,116,62,130,123,10,38,70,13,24,108,44"/><V93/><F126/><W103/><G116/><T23/><D3/><U52/><E117/><V134/><F134/><W109/><G123/><T46/><D119/><U30/><E114/><V54/><F6/><W110/><G130/><T132/><D118/><U59/><E106/><V50/><F69/><W125/><G125/><T133/><D133/><U31/><E33/><V1/><F1/><W14/><G103/><T87/><D132/><U35/><E35/><V73/><F50/><W15/><G78/><T65/><D32/><U16/><E131/><V51/><F51/><W71/><G24/><T105/><D102/><U84/><E53/><V9/><F56/><W63/><G63/><T39/><D39/><U122/><E122/><V124/><F124/><W107/><G107/><T18/><D87/><U129/><E129/><V76/><F9/><W115/><G115/><T37/><D37/><U75/><E75/><V36/><F36/><W2/><G62/><T96/><D96/><U49/><E49/><V113/><F113/><W19/><G19/><T85/><D85/><U94/><E16/><V74/><F74/><W11/><G11/><T58/><REACH who="0" step="1"/><D65/><REACH who="0" ten="119,369,242,260" step="2"/><U5/><E5/><V40/><F67/><W47/><G38/><T64/><D64/><U60/><E84/><V135/><F135/><W12/><N who="3" m="3072" /><DORA hai="77" /><W112/><G112/><T83/><AGARI ba="0,1" hai="18,23,25,45,46,58,61,66,83,86,91,97,100,105" machi="83" ten="20,8000,1" yaku="1,1,0,1,7,1,52,1,53,1" doraHai="121,77" doraHaiUra="90,92" who="0" fromWho="0" sc="119,90,369,-20,242,-40,260,-20" /><INIT seed="3,0,0,0,1,90" ten="209,349,202,240" oya="3" hai0="115,87,59,60,5,89,107,56,131,72,94,113,97" hai1="58,51,3,112,122,9,70,48,31,133,37,62,10" hai2="2,126,119,71,6,111,21,74,47,106,33,26,83" hai3="38,8,66,118,92,42,73,79,12,40,50,28,32"/><W13/><G38/><T64/><D72/><U61/><E112/><N who="0" m="43081" /><D131/><U18/><E37/><V27/><F119/><W54/><G66/><T69/><D5/><U98/><E3/><V68/><F106/><W7/><G73/><T22/><D22/><U35/><E70/><N who="2" m="26667" /><F21/><W75/><G32/><T82/><D107/><U93/><E35/><V132/><F27/><W108/><G75/><T14/><D14/><N who="1" m="7503" /><E31/><N who="2" m="19703" /><F47/><W53/><G28/><T36/><D36/><U19/><E133/><V96/><F96/><W125/><G118/><T20/><D20/><U23/><E10/><N who="2" m="2391" /><F132/><W95/><G8/><T117/><D117/><U49/><E122/><V127/><F111/><W45/><G108/><T85/><D85/><U91/><E58/><V102/><F102/><AGARI ba="0,0" hai="56,59,60,64,69,82,87,89,94,97,102" m="43081" machi="102" ten="30,2000,0" yaku="11,1,52,1" doraHai="90" who="0" fromWho="2" sc="209,20,349,0,202,-20,240,0" owari="229,-17.0,349,45.0,182,-32.0,240,4.0" /></mjloggm>