<mjloggm ver="2.3"><GO type="169" lobby="0"/><UN n0="%E3%82%BF%E3%82%B1%E3%82%AA%E3%81%97%E3%82%83%E3%82%93" n1="%E5%A4%A7%E6%AD%A3%E7%BE%A9%E9%87%8E%E7%90%83%E5%A8%98" n2="%63%68%61%72%6C%69%65%37" n3="%E5%B0%B1%E6%B4%BB%E7%94%9F%40%E5%B7%9D%E6%9D%91%E8%BB%8D%E5%9B%A3" dan="18,16,17,16" rate="2279.90,2159.73,2176.11,2092.90" sx="M,F,M,M"/><TAIKYOKU oya="0"/><INIT seed="0,0,0,0,2,125" ten="250,250,250,250" oya="0" hai0="64,34,48,73,8,75,84,29,76,91,119,37,116" hai1="11,26,100,103,123,126,132,70,88,71,80,69,13" hai2="121,42,117,49,20,15,102,52,55,129,89,67,118" hai3="56,122,114,101,14,23,95,81,21,77,19,16,131"/><T33/><BYE who="2" /><D37/><U40/><E123/><V5/><F5/><W50/><G114/><T3/><D64/><U22/><E126/><V24/><F24/><W106/><G122/><UN n2="%63%68%61%72%6C%69%65%37" /><T124/><D124/><U115/><E132/><V79/><F121/><W113/><G106/><T62/><D62/><U110/><E40/><V104/><F104/><W87/><G113/><T127/><D127/><U120/><E120/><V43/><F102/><W68/><G68/><T90/><D48/><U74/><E115/><V17/><F67/><W2/><G2/><T27/><D76/><U83/><E110/><V1/><F1/><W6/><G6/><T130/><D8/><U38/><E38/><V135/><F79/><W60/><G50/><T107/><D3/><U9/><E9/><V35/><F35/><W78/><G78/><T59/><D107/><U82/><E74/><V96/><F55/><W93/><G101/><T7/><D7/><U61/><E61/><V98/><F135/><W47/><G47/><T10/><D59/><U99/><E88/><V105/><F105/><W128/><G95/><T51/><D73/><U44/><E44/><N who="2" m="27687" /><F117/><W12/><G93/><T85/><D75/><U30/><REACH who="1" step="1"/><E99/><REACH who="1" ten="250,240,250,250" step="2"/><N who="2" m="37931" /><F89/><W28/><G28/><T31/><D29/><U57/><E57/><V36/><F118/><W92/><G92/><T45/><D90/><U97/><E97/><V25/><F36/><W109/><G109/><T53/><D91/><U32/><E32/><V108/><F108/><W18/><G18/><AGARI ba="0,1" hai="11,13,18,22,26,30,69,70,71,80,82,83,100,103" machi="18" ten="50,1600,0" yaku="1,1,53,0" doraHai="125" doraHaiUra="133" who="1" fromWho="3" sc="250,0,240,26,250,0,250,-16" /><INIT seed="1,0,0,0,5,25" ten="250,266,250,234" oya="1" hai0="104,4,27,10,42,88,75,124,62,47,15,59,69" hai1="18,130,28,70,23,43,89,76,36,57,33,100,92" hai2="50,127,101,71,68,52,113,14,16,117,66,109,99" hai3="34,9,111,8,97,55,67,120,112,64,65,132,85"/><U86/><E70/><V83/><F117/><W26/><G120/><T119/><D119/><U96/><E130/><V105/><F109/><W125/><G112/><T19/><D75/><U106/><E76/><V38/><F38/><W84/><G111/><T20/><D104/><U74/><E74/><V94/><F127/><W77/><G132/><T78/><D78/><U6/><E6/><V0/><F0/><W58/><G125/><T51/><D69/><U122/><E122/><V54/><F83/><W107/><G77/><T102/><D102/><U103/><E103/><V110/><F110/><W80/><G107/><T61/><D124/><U17/><E33/><V72/><F72/><W53/><G97/><T12/><D59/><U22/><E57/><V44/><F113/><W79/><G85/><T126/><D126/><U90/><E90/><V35/><F35/><W5/><G58/><T11/><REACH who="0" step="1"/><D88/><REACH who="0" ten="240,266,250,234" step="2"/><U93/><E106/><V46/><F105/><W32/><G79/><T1/><D1/><U30/><E36/><V95/><F68/><W123/><G80/><T131/><D131/><U91/><E100/><V135/><F135/><W87/><G123/><T82/><D82/><U21/><E43/><V37/><F94/><W48/><G87/><T40/><D40/><U116/><E116/><V31/><F71/><W39/><G84/><T41/><D41/><U73/><E73/><V49/><F95/><W114/><G114/><T129/><D129/><U134/><E134/><V115/><F101/><W13/><G67/><T24/><D24/><U63/><E63/><V3/><F115/><RYUUKYOKU ba="0,1" sc="240,15,266,15,250,-15,234,-15" hai0="4,10,11,12,15,19,20,27,42,47,51,61,62" hai1="17,18,21,22,23,28,30,86,89,91,92,93,96" /><INIT seed="1,1,1,3,4,95" ten="255,281,235,219" oya="1" hai0="108,103,82,36,130,24,3,91,107,23,71,52,118" hai1="78,70,83,127,18,72,55,109,59,80,26,12,110" hai2="65,56,84,131,113,129,98,4,68,14,43,34,51" hai3="16,11,33,81,64,37,5,77,111,125,58,85,69"/><U62/><E127/><V128/><F34/><W87/><G33/><T21/><D3/><U29/><E70/><V31/><F31/><W44/><G69/><T10/><D36/><U126/><E126/><V112/><F68/><W40/><G125/><T20/><D71/><U41/><E41/><V32/><F32/><W8/><G111/><N who="1" m="42506" /><E83/><V132/><F84/><W92/><G64/><T35/><D82/><U79/><E79/><V89/><F132/><W1/><G58/><T75/><D75/><U46/><E46/><N who="2" m="26079" /><F65/><W6/><G92/><T28/><D108/><U63/><E63/><V38/><F38/><W105/><G105/><T114/><D28/><U100/><E100/><V54/><F54/><W47/><G44/><T135/><D52/><U13/><E18/><V42/><F56/><W76/><G16/><T123/><D103/><U117/><E117/><V134/><F42/><W86/><G77/><T0/><D135/><U19/><E19/><V116/><F134/><W94/><G94/><T45/><D45/><U2/><E2/><AGARI ba="1,1" hai="1,2,5,6,8,11,37,40,47,76,81,85,86,87" machi="2" ten="30,2000,0" yaku="7,1,9,1" doraHai="95" who="3" fromWho="1" sc="255,0,281,-23,235,0,219,33" /><INIT seed="2,0,0,0,1,31" ten="255,258,235,252" oya="2" hai0="11,28,30,67,70,32,85,38,71,86,113,65,64" hai1="94,46,66,84,96,128,72,55,76,107,75,56,87" hai2="17,121,132,51,81,57,103,127,45,102,69,124,89" hai3="7,99,24,115,123,122,49,47,48,110,131,130,33"/><V78/><F121/><N who="3" m="46091" /><G99/><T5/><D113/><U19/><E107/><V80/><F69/><W41/><G7/><T16/><D38/><U109/><E109/><V26/><F57/><W10/><G10/><T114/><D114/><U120/><E128/><N who="3" m="49194" /><G115/><T134/><D134/><U23/><E120/><V105/><F132/><W111/><G24/><T13/><D5/><U3/><E3/><V62/><F105/><W50/><G33/><T43/><D43/><U135/><E135/><V93/><F81/><W52/><G50/><T2/><D2/><U61/><E75/><V25/><F25/><W73/><G73/><T63/><D32/><U40/><E76/><V18/><F26/><W8/><G8/><T125/><D30/><U97/><E97/><N who="2" m="57519" /><F18/><W68/><G68/><T53/><D28/><U95/><E95/><V14/><F17/><W82/><G82/><T44/><D70/><U90/><E72/><N who="2" m="43079" /><F14/><W119/><G119/><T36/><D71/><U117/><E117/><V42/><F62/><W74/><G74/><T35/><D63/><U129/><E129/><V118/><F118/><W106/><G106/><T79/><D16/><U9/><E9/><V6/><F6/><W60/><G60/><T104/><D13/><N who="1" m="9711" /><E66/><V15/><F15/><W22/><G22/><T116/><D11/><U101/><E101/><V126/><AGARI ba="0,0" hai="42,45,51,102,103,124,126,127" m="43079,57519" machi="126" ten="30,1500,0" yaku="18,1" doraHai="31" who="2" fromWho="2" sc="255,-5,258,-5,235,15,252,-5" /><INIT seed="2,1,0,5,0,108" ten="250,253,250,247" oya="2" hai0="77,127,1,103,130,10,102,16,76,71,6,112,68" hai1="116,61,117,129,88,41,5,126,52,15,32,131,31" hai2="100,21,79,106,53,105,14,3,92,39,24,58,82" hai3="87,49,35,9,78,90,47,85,20,7,18,74,70"/><V38/><F3/><W89/><G35/><T122/><D122/><U83/><E41/><V124/><F124/><W128/><G70/><T99/><D127/><U26/><E126/><V66/><F66/><W25/><G128/><N who="1" m="49226" /><E5/><V114/><F114/><W63/><G74/><T12/><D112/><U28/><E28/><V113/><F113/><W34/><G34/><T17/><D130/><U51/><E61/><V123/><F14/><N who="3" m="5439" /><G63/><T11/><D17/><U111/><E15/><V72/><F123/><W56/><G56/><T73/><D102/><U133/><E111/><V22/><F22/><W43/><G87/><T121/><D121/><U45/><E133/><V119/><F39/><W91/><G89/><T19/><D19/><U120/><E120/><V110/><F38/><W64/><G64/><T107/><REACH who="0" step="1"/><D73/><REACH who="0" ten="240,253,250,247" step="2"/><U23/><E116/><V101/><F110/><W65/><G65/><T48/><D48/><U125/><E117/><V67/><F119/><W95/><G95/><T42/><D42/><U75/><E125/><V33/><F67/><W93/><G93/><T115/><D115/><U94/><E75/><V59/><F92/><W118/><G118/><T86/><D86/><N who="1" m="50271" /><E94/><V98/><F72/><W54/><G43/><T37/><D37/><U29/><E29/><V104/><F104/><W134/><G134/><T62/><D62/><U50/><E50/><V13/><F105/><W96/><G96/><T97/><D97/><U27/><E27/><V80/><F98/><W81/><AGARI ba="1,1" hai="18,20,25,47,49,54,78,81,85,90,91" m="5439" machi="81" ten="30,1100,0" yaku="8,1" doraHai="108" who="3" fromWho="3" sc="240,-4,253,-4,250,-6,247,24" /><INIT seed="3,0,0,3,5,82" ten="236,249,244,271" oya="3" hai0="128,44,24,103,6,59,74,19,109,61,13,22,107" hai1="131,11,45,87,117,7,66,102,54,55,14,135,93" hai2="106,49,111,125,15,88,126,63,1,101,68,73,35" hai3="86,81,119,77,17,75,129,39,70,78,46,85,121"/><W65/><G121/><T36/><D74/><U76/><E131/><V71/><F73/><W120/><G119/><T50/><D36/><U118/><E135/><V28/><F1/><W134/><G120/><T130/><D109/><U32/><E32/><V96/><F111/><W114/><G114/><T84/><D103/><U132/><E132/><V31/><F15/><W47/><G134/><T57/><D107/><U116/><E66/><V105/><F105/><W21/><G129/><T112/><D112/><U20/><E45/><V51/><F28/><W38/><G38/><T30/><D6/><U5/><E5/><V60/><F60/><W67/><G75/><T26/><D130/><U27/><E102/><V29/><F29/><W2/><G2/><T69/><D69/><U62/><E62/><V90/><F71/><W10/><G10/><T58/><D61/><U56/><E56/><V48/><F125/><W91/><G77/><T64/><D64/><N who="3" m="24649" /><G39/><T122/><D122/><U34/><E34/><V23/><F126/><W53/><G53/><T0/><D0/><U108/><E108/><V37/><F63/><W104/><G104/><T80/><D30/><N who="1" m="17767" /><E76/><V89/><F68/><W97/><G97/><T100/><D100/><U113/><E113/><V99/><F37/><W127/><G127/><T94/><D128/><U40/><E40/><V79/><F79/><W3/><G3/><T83/><D44/><U133/><E133/><V9/><F35/><W12/><G70/><T25/><D50/><U52/><E54/><V92/><F9/><W72/><G72/><T123/><D123/><RYUUKYOKU ba="0,0" sc="236,0,249,0,244,0,271,0" hai0="13,19,22,24,25,26,57,58,59,80,83,84,94" hai1="7,11,14,52,55,87,93,116,117,118" hai2="23,31,48,49,51,88,89,90,92,96,99,101,106" hai3="12,17,21,46,47,78,81,85,86,91" /><INIT seed="3,1,0,0,3,94" ten="236,249,244,271" oya="3" hai0="103,89,24,53,67,101,5,23,97,109,30,79,100" hai1="118,121,60,135,99,0,32,98,10,73,52,22,27" hai2="74,54,82,62,84,93,41,85,113,4,80,16,128" hai3="134,77,63,33,13,28,8,133,96,11,42,37,39"/><W20/><G77/><T48/><D109/><U115/><E121/><V64/><F113/><W46/><G37/><T19/><D5/><U68/><E115/><V119/><F4/><W3/><G63/><T122/><D79/><U76/><E32/><V2/><F2/><W45/><G46/><T1/><D1/><U83/><E135/><V127/><F41/><W55/><G55/><T130/><D130/><U105/><E105/><V61/><F128/><W49/><G39/><T114/><D122/><U108/><E108/><V87/><F119/><W78/><G78/><T21/><D67/><U38/><E38/><V40/><F127/><W58/><G58/><T12/><D89/><U47/><E118/><V70/><F40/><W56/><G56/><T50/><D114/><U104/><E104/><V125/><F74/><W65/><G65/><T126/><D126/><U17/><E68/><V111/><F125/><W36/><G36/><T7/><D7/><N who="1" m="1383" /><E60/><V34/><F34/><W25/><G3/><T14/><D14/><U51/><E73/><V95/><F111/><W31/><G13/><T71/><D71/><U9/><E9/><V43/><F43/><W57/><G11/><T29/><D29/><U35/><E35/><V116/><F116/><W26/><G8/><T132/><D132/><N who="3" m="50793" /><G57/><N who="0" m="32935" /><D50/><U44/><E44/><V75/><F62/><W69/><G69/><T92/><AGARI ba="1,0" hai="12,19,21,23,24,30,92,97,100,101,103" m="32935" machi="92" ten="30,2000,0" yaku="8,1,52,1" doraHai="94" who="0" fromWho="0" sc="236,23,249,-6,244,-6,271,-11" /><INIT seed="4,0,0,1,1,65" ten="259,243,238,260" oya="0" hai0="64,102,128,134,106,82,115,22,116,120,118,1,135" hai1="23,78,48,53,75,103,19,107,55,43,70,94,4" hai2="59,81,36,49,80,45,104,71,58,3,84,126,93" hai3="42,20,34,39,32,98,100,12,38,61,2,121,73"/><T40/><D1/><U51/><E107/><V26/><F104/><W0/><G73/><T27/><D40/><U133/><E70/><V110/><F3/><W92/><G121/><T91/><D120/><U17/><E4/><V87/><F71/><W7/><G32/><T9/><D9/><U89/><E103/><V76/><F36/><W63/><G34/><T31/><D64/><U21/><E43/><V56/><F110/><W109/><G109/><T60/><D60/><U68/><E68/><V25/><F93/><W8/><G39/><T85/><D128/><U11/><E11/><V101/><F101/><W99/><G99/><N who="0" m="61791" /><D115/><U105/><E105/><V54/><REACH who="2" step="1"/><F126/><REACH who="2" ten="259,243,228,260" step="2"/><W15/><G0/><T83/><D83/><U67/><E94/><V111/><F111/><W122/><G122/><T50/><D116/><U37/><E37/><V95/><F95/><W123/><G123/><T14/><D118/><U90/><E133/><V96/><F96/><W132/><G132/><T62/><D134/><U33/><E33/><V18/><F18/><N who="3" m="10311" /><G38/><T117/><D135/><U52/><E17/><V6/><F6/><W10/><G2/><T28/><D117/><U86/><E19/><V47/><F47/><W30/><G7/><T114/><D28/><U88/><E48/><V57/><N who="2" m="14848" /><DORA hai="131" /><V129/><F129/><W24/><G61/><T5/><D62/><U113/><E51/><V72/><F72/><W79/><G63/><T74/><D50/><U46/><E46/><V77/><AGARI ba="0,1" hai="25,26,45,49,54,76,77,80,81,84,87" m="14848" machi="77" ten="40,8000,1" yaku="1,1,0,1,9,1,8,1,53,0" doraHai="65,131" doraHaiUra="130,97" who="2" fromWho="2" sc="259,-40,243,-20,228,90,260,-20" /><INIT seed="5,0,0,0,3,11" ten="219,223,318,240" oya="1" hai0="118,29,132,85,12,110,82,80,16,24,78,128,64" hai1="104,124,109,15,114,40,39,84,59,83,119,38,35" hai2="115,123,121,31,93,14,116,130,98,10,2,103,0" hai3="75,56,34,52,55,117,33,106,120,27,89,30,18"/><U134/><E119/><V13/><F116/><W19/><G120/><T60/><D110/><U66/><E104/><V131/><F31/><W95/><G117/><T81/><D128/><N who="2" m="49194" /><F115/><W88/><G106/><T63/><D132/><U50/><E35/><V61/><F61/><W112/><G75/><T129/><D118/><U71/><E134/><V51/><F51/><W68/><G68/><T17/><D17/><N who="3" m="6153" /><G112/><T4/><D4/><U44/><E114/><V23/><F23/><N who="3" m="15743" /><G56/><T92/><D129/><U20/><E71/><V48/><F48/><W135/><G135/><T87/><D60/><N who="1" m="38175" /><E109/><V90/><F103/><W79/><G79/><T111/><D111/><U73/><E73/><V46/><F46/><W70/><G70/><T26/><D63/><U49/><E38/><V91/><F91/><N who="3" m="34891" /><G95/><T57/><D57/><U58/><E58/><V37/><F37/><W62/><G62/><T72/><D92/><U45/><E45/><V113/><F113/><W105/><G105/><T99/><D72/><U101/><E101/><V102/><F102/><W3/><G3/><N who="2" m="1065" /><F10/><W32/><G32/><T96/><D78/><N who="1" m="46199" /><E39/><V67/><F67/><W76/><G76/><T100/><D64/><U74/><E74/><V94/><F94/><W36/><G36/><T69/><D69/><U77/><E77/><V1/><F1/><W125/><G34/><T5/><D100/><U6/><E49/><V126/><F126/><W41/><G33/><T9/><D80/><U108/><E108/><V122/><AGARI ba="0,0" hai="13,14,90,93,98,121,122,123" m="1065,49194" machi="122" ten="40,5200,0" yaku="19,1,52,2" doraHai="11" who="2" fromWho="2" sc="219,-13,223,-26,318,52,240,-13" /><INIT seed="6,0,0,2,2,15" ten="206,197,370,227" oya="2" hai0="3,133,129,33,21,55,81,95,45,13,132,72,70" hai1="29,109,54,111,41,83,7,107,99,61,124,91,73" hai2="119,103,0,69,23,105,128,20,32,113,74,18,26" hai3="77,9,63,16,89,71,94,36,120,118,28,31,53"/><V43/><F119/><W51/><G120/><T65/><D3/><U100/><E41/><V106/><F32/><W17/><G118/><T126/><D33/><U22/><E7/><V98/><F0/><W78/><G36/><T56/><D45/><U123/><E123/><V101/><F69/><W82/><G63/><T92/><D65/><U10/><E10/><V60/><F74/><W76/><G82/><T24/><D13/><U48/><E61/><V93/><F43/><W12/><G17/><N who="0" m="12335" /><D70/><U1/><E1/><V125/><F125/><W57/><G71/><T67/><D67/><U115/><E115/><V88/><F113/><W8/><G8/><T84/><D72/><U86/><E124/><V49/><F128/><W5/><G5/><T121/><D129/><U104/><E104/><V110/><F110/><W19/><G19/><T46/><D46/><U59/><REACH who="1" step="1"/><E73/><REACH who="1" ten="206,187,370,227" step="2"/><V42/><F60/><W35/><G35/><T14/><D126/><U102/><E102/><N who="2" m="38923" /><F105/><W96/><AGARI ba="0,1" hai="9,12,16,28,31,51,53,57,76,77,78,89,94,96" machi="96" ten="30,7900,0" yaku="0,1,8,1,52,1,54,1" doraHai="15" who="3" fromWho="3" sc="206,-20,187,-20,370,-39,227,89" /><INIT seed="7,0,0,5,5,13" ten="186,167,331,316" oya="3" hai0="80,125,49,11,133,94,60,34,48,71,53,135,55" hai1="45,105,67,119,6,121,84,77,95,98,63,36,56" hai2="130,54,68,38,128,5,57,96,1,114,110,47,127" hai3="37,85,82,74,83,129,97,21,52,76,115,134,14"/><W123/><G37/><T78/><D34/><U44/><E121/><V118/><F68/><W28/><G123/><T73/><D125/><U104/><E119/><V75/><F118/><W107/><G129/><N who="2" m="49769" /><F75/><W10/><G134/><N who="0" m="51211" /><D11/><U42/><E6/><V50/><F127/><W17/><G115/><T116/><D116/><U15/><E15/><V31/><F31/><W65/><G65/><N who="0" m="41383" /><D94/><U111/><E111/><V24/><F96/><W3/><G3/><T72/><D72/><U4/><E4/><V19/><F114/><W51/><G97/><T69/><D69/><U20/><E20/><N who="2" m="13343" /><F110/><W93/><G107/><T61/><D53/><U59/><E44/><V35/><F35/><W43/><G43/><T132/><D132/><U100/><REACH who="1" step="1"/><E59/><AGARI ba="0,0" hai="48,49,55,59,61,73,78,80" m="41383,51211" machi="59" ten="30,1000,0" yaku="20,1" doraHai="13" who="0" fromWho="1" sc="186,10,167,-10,331,0,316,0" owari="196,-20.0,157,-34.0,331,42.0,316,12.0" /></mjloggm>