<mjloggm ver="2.3"><GO type="97" lobby="0"/><UN n0="%E5%B0%8F%E5%8D%97%E6%B3%B0%E8%91%89" n1="%E5%B0%B1%E6%B4%BB%E7%94%9F%40%E5%B7%9D%E6%9D%91%E8%BB%8D%E5%9B%A3" n2="%E3%81%BF%E3%81%93%E3%81%A3%E3%81%A6%E3%81%83" n3="%73%61%6E%32%35%35%33" dan="14,14,14,14" rate="1945.87,1956.79,1872.11,1893.63" sx="F,M,F,M"/><TAIKYOKU oya="0"/><INIT seed="0,0,0,1,4,88" ten="250,250,250,250" oya="0" hai0="123,106,122,135,128,108,96,45,11,60,124,26,36" hai1="50,113,58,48,24,47,12,82,107,39,133,66,30" hai2="120,44,84,34,104,59,37,73,87,54,38,69,71" hai3="28,86,20,115,114,90,6,0,91,100,130,80,118"/><T53/><D128/><U13/><E107/><V72/><F104/><W43/><G118/><T79/><D135/><U16/><E133/><V29/><F29/><W10/><G100/><T51/><D79/><U85/><E113/><V52/><F59/><W25/><G130/><T134/><D134/><U22/><E39/><V31/><F31/><W92/><REACH who="3" step="1"/><G43/><REACH who="3" ten="250,250,250,240" step="2"/><T17/><D124/><U35/><E47/><V3/><F120/><W2/><G2/><T68/><D123/><U132/><E132/><V98/><F3/><W41/><G41/><T55/><D122/><U101/><E101/><V7/><F37/><W18/><G18/><T14/><D36/><U78/><REACH who="1" step="1"/><E12/><REACH who="1" ten="250,240,250,240" step="2"/><V76/><F38/><W74/><G74/><T64/><D108/><U27/><E27/><V95/><F72/><W49/><G49/><T42/><D26/><U83/><E83/><V127/><F73/><W121/><G121/><T61/><D61/><AGARI ba="0,2" hai="13,16,22,24,30,35,48,50,58,61,66,78,82,85" machi="61" ten="40,2600,0" yaku="1,1,54,1,53,0" doraHai="88" doraHaiUra="119" who="1" fromWho="0" sc="250,-26,240,46,250,0,240,0" /><INIT seed="1,0,0,3,2,14" ten="224,286,250,240" oya="1" hai0="109,86,55,0,78,81,102,38,92,97,80,42,98" hai1="61,66,64,83,65,30,29,99,22,114,127,19,27" hai2="107,105,39,35,50,41,96,9,18,133,101,129,6" hai3="74,71,113,4,76,121,73,12,119,33,69,91,68"/><U13/><E114/><V72/><F35/><W45/><G113/><T115/><D0/><U62/><E127/><V53/><F133/><W15/><G33/><T56/><D115/><U93/><E83/><V126/><F126/><W57/><G121/><T108/><D38/><U16/><E29/><V82/><F129/><W2/><G2/><T7/><D7/><U117/><E117/><V52/><F107/><W46/><G91/><T44/><D44/><U100/><REACH who="1" step="1"/><E19/><REACH who="1" ten="224,276,250,240" step="2"/><V23/><F82/><W3/><G119/><T40/><D81/><U32/><AGARI ba="0,1" hai="13,16,22,27,30,32,61,62,64,65,66,93,99,100" machi="32" ten="30,12000,1" yaku="1,1,2,1,0,1,52,1,54,1,53,0" doraHai="14" doraHaiUra="54" who="1" fromWho="1" sc="224,-40,276,130,250,-40,240,-40" /><INIT seed="1,1,0,3,5,16" ten="184,406,210,200" oya="1" hai0="100,37,18,51,62,60,43,64,118,6,32,21,92" hai1="77,53,130,94,88,127,83,84,26,133,17,7,19" hai2="122,69,121,33,135,74,113,25,58,120,66,2,76" hai3="106,23,123,86,126,61,8,119,55,93,71,35,75"/><U134/><E7/><V102/><F102/><W24/><G106/><T47/><D32/><U117/><E117/><V56/><F2/><W28/><G123/><T38/><D118/><U54/><E127/><V29/><F135/><N who="1" m="51721" /><E130/><V82/><F113/><W81/><G75/><T89/><D100/><U85/><E26/><V124/><F124/><W22/><G119/><T104/><D104/><U63/><E63/><V44/><F44/><W34/><G93/><T90/><D6/><U111/><E111/><V132/><F132/><W107/><G107/><T72/><D72/><U109/><E109/><V99/><F99/><W112/><G112/><T13/><D89/><U57/><E57/><V4/><F4/><W95/><G95/><T31/><D31/><U78/><E78/><V101/><F101/><W110/><G110/><T1/><D1/><U115/><E115/><V11/><F11/><W14/><G126/><T79/><D79/><U42/><E42/><V39/><F39/><W67/><G55/><AGARI ba="1,0" hai="17,19,53,54,55,77,83,84,85,88,94" m="51721" machi="55" ten="30,2900,0" yaku="20,1,54,1" doraHai="16" who="1" fromWho="3" sc="184,0,406,32,210,0,200,-32" /><INIT seed="1,2,0,4,0,102" ten="184,438,210,168" oya="1" hai0="121,64,103,28,43,126,46,133,63,104,98,59,36" hai1="49,53,76,33,69,122,112,5,77,23,72,86,130" hai2="115,125,67,21,26,58,129,110,38,79,109,12,73" hai3="107,100,39,62,20,13,0,85,105,27,52,42,3"/><U1/><E69/><V22/><F38/><W108/><G39/><T111/><D121/><U32/><E72/><V93/><F93/><W11/><G42/><T44/><D111/><N who="2" m="42506" /><F115/><W68/><G100/><T7/><D133/><U2/><E122/><V90/><F90/><W56/><G108/><T124/><D46/><U101/><E112/><V83/><F129/><W131/><G68/><T127/><D7/><U61/><E130/><V45/><F45/><W70/><G70/><T4/><D4/><U29/><E101/><V31/><F125/><W60/><G60/><T25/><REACH who="0" step="1"/><D127/><REACH who="0" ten="174,438,210,168" step="2"/><U119/><E5/><V34/><F58/><W55/><G131/><T18/><D18/><U54/><E2/><V120/><F120/><W118/><G0/><T84/><D84/><U134/><E1/><V82/><F73/><W8/><G3/><T75/><D75/><U114/><E134/><V87/><F87/><W66/><G85/><T91/><D91/><U47/><E47/><V78/><F78/><W92/><G118/><T71/><D71/><U113/><E86/><V35/><F79/><W95/><G95/><T81/><D81/><U17/><E77/><V135/><F135/><W40/><G92/><T123/><D123/><U65/><E17/><V74/><F82/><W6/><G6/><T94/><D94/><U106/><E106/><V117/><F83/><W89/><G89/><T16/><D16/><U96/><E113/><V9/><F74/><W48/><G107/><T80/><D80/><U88/><E114/><V97/><F117/><W10/><G105/><T19/><D19/><RYUUKYOKU ba="2,1" sc="174,30,438,-10,210,-10,168,-10" hai0="25,28,36,43,44,59,63,64,98,103,104,124,126" /><INIT seed="2,3,1,1,1,89" ten="204,428,200,158" oya="2" hai0="17,124,6,84,40,19,38,96,68,52,122,93,54" hai1="69,57,3,87,49,42,43,119,76,24,53,71,15" hai2="95,32,102,63,58,83,0,74,11,2,80,104,111" hai3="121,91,101,97,16,39,135,100,37,82,41,36,120"/><V85/><F32/><W81/><G41/><N who="1" m="15370" /><E3/><V25/><F111/><W20/><G135/><T105/><D68/><U78/><E119/><V9/><F104/><W86/><G82/><T98/><D122/><U47/><E71/><V67/><F25/><W4/><G4/><T90/><D6/><U21/><E69/><V10/><F2/><W75/><G101/><T129/><D129/><U117/><E117/><V133/><F133/><W33/><G33/><T18/><D124/><U99/><E99/><N who="2" m="59775" /><F0/><W92/><REACH who="3" step="1"/><G75/><REACH who="3" ten="204,428,200,148" step="2"/><T110/><D110/><U112/><E76/><N who="2" m="46311" /><F74/><W14/><AGARI ba="3,2" hai="14,16,20,36,37,39,81,86,91,92,97,100,120,121" machi="14" ten="30,7900,0" yaku="1,1,0,1,52,1,54,1,53,0" doraHai="89" doraHaiUra="62" who="3" fromWho="3" sc="204,-23,428,-23,200,-42,148,108" /><INIT seed="3,0,0,4,5,60" ten="181,405,158,256" oya="3" hai0="114,6,2,17,127,59,118,35,25,49,117,85,90" hai1="37,82,74,20,30,129,77,78,42,115,76,53,63" hai2="72,24,84,10,88,28,79,0,70,89,123,7,31" hai3="66,34,112,133,44,12,97,91,113,1,8,29,21"/><W86/><G34/><T67/><D127/><U96/><E115/><V128/><F128/><W111/><G1/><T103/><D103/><U68/><E129/><V98/><F123/><W110/><G97/><T32/><D114/><U54/><E37/><V5/><F70/><W116/><G116/><T13/><D2/><U100/><E42/><V87/><F72/><W9/><G133/><T43/><D6/><U106/><E54/><V107/><F107/><W80/><G44/><T104/><D104/><U36/><E36/><V38/><F38/><W83/><G66/><T15/><D15/><U65/><E53/><V71/><F71/><W55/><G55/><T99/><D99/><U19/><E30/><V51/><F51/><W95/><G29/><T81/><D118/><U105/><E105/><V101/><F79/><W22/><G95/><T26/><D35/><U92/><E106/><V64/><F98/><W131/><G131/><T11/><D32/><U46/><E46/><V4/><F101/><W48/><G48/><T135/><D135/><U14/><AGARI ba="0,0" hai="14,19,20,63,65,68,74,76,77,78,82,92,96,100" machi="14" ten="20,2700,0" yaku="0,1,7,1,52,1" doraHai="60" who="1" fromWho="1" sc="181,-7,405,27,158,-7,256,-13" owari="174,-23.0,432,54.0,151,-35.0,243,4.0" /></mjloggm>