<mjloggm ver="2.3"><GO type="97" lobby="0"/><UN n0="%72%79%6F%2D%74%72%65%6B" n1="%E5%B0%B1%E6%B4%BB%E7%94%9F%40%E5%B7%9D%E6%9D%91%E8%BB%8D%E5%9B%A3" n2="%E2%80%A0%E3%82%82%E3%81%90%E3%82%89%E5%8F%A9%E3%81%8D%E2%80%A0" n3="%6B%61%6D%65%6E%61%6E%6E" dan="14,15,14,13" rate="1882.94,1977.49,1980.49,1821.47" sx="M,M,M,M"/><TAIKYOKU oya="0"/><INIT seed="0,0,0,0,5,129" ten="250,250,250,250" oya="0" hai0="124,132,8,24,109,87,101,28,126,64,76,106,105" hai1="110,92,104,48,52,1,112,79,5,18,2,16,34" hai2="67,100,127,27,17,23,41,51,131,130,62,95,12" hai3="121,118,60,90,9,30,96,114,10,119,37,56,32"/><T20/><D109/><U21/><E104/><V57/><F127/><N who="0" m="48682" /><D64/><U70/><E34/><V135/><F135/><W25/><G37/><T42/><D42/><U86/><E70/><V102/><F12/><W85/><G114/><T26/><D101/><U108/><E5/><V63/><F63/><W53/><G96/><T71/><D71/><U36/><E36/><V73/><F73/><W7/><G9/><T82/><D132/><U74/><E74/><V78/><F78/><W93/><REACH who="3" step="1"/><G121/><REACH who="3" ten="250,250,250,240" step="2"/><T31/><D8/><U33/><E112/><V47/><F131/><W125/><G125/><T6/><D6/><U14/><E2/><AGARI ba="0,1" hai="2,7,10,25,30,32,53,56,60,85,90,93,118,119" machi="2" ten="30,2000,0" yaku="1,1,7,1,53,0" doraHai="129" doraHaiUra="107" who="3" fromWho="1" sc="250,0,250,-20,250,0,240,30" /><INIT seed="1,0,0,0,3,22" ten="250,230,250,270" oya="1" hai0="39,32,14,104,108,25,12,120,53,118,24,96,67" hai1="107,69,31,8,45,48,49,99,89,21,119,56,44" hai2="80,94,72,35,132,111,82,2,36,103,57,40,28" hai3="63,116,18,42,1,87,115,9,130,135,125,112,20"/><U68/><E119/><V23/><F132/><W61/><G135/><T113/><D39/><U81/><E107/><V29/><F2/><W101/><G116/><T97/><D113/><U109/><E109/><V102/><F111/><W92/><G125/><T15/><D118/><U71/><E8/><V0/><F0/><W127/><G127/><T52/><D108/><U33/><E33/><V6/><F6/><W47/><G130/><T38/><D38/><U27/><E56/><V17/><F40/><W122/><G122/><T59/><D67/><U60/><E60/><V3/><F36/><W77/><G115/><T93/><D93/><U133/><E133/><V121/><F3/><W55/><G112/><T16/><D59/><U26/><E99/><N who="0" m="37961" /><D32/><U98/><E98/><N who="2" m="59735" /><F72/><W83/><G101/><T30/><D30/><N who="2" m="11882" /><F103/><W90/><G42/><T65/><D65/><U79/><E89/><V66/><F35/><W117/><G117/><T123/><D104/><U37/><E37/><V43/><F43/><W105/><G105/><T7/><D7/><U11/><E11/><V64/><F121/><N who="0" m="46666" /><D16/><U129/><E129/><V75/><F75/><W5/><G47/><T91/><D91/><U58/><E58/><V19/><F19/><W34/><G34/><T114/><D114/><U50/><REACH who="1" step="1"/><E26/><AGARI ba="0,0" hai="12,14,15,24,25,26,52,53" m="46666,37961" machi="26" ten="40,12000,2" yaku="28,2,13,1,52,3,54,1" doraHai="22" who="0" fromWho="1" sc="250,120,230,-120,250,0,270,0" /><INIT seed="2,0,0,5,0,61" ten="370,110,250,270" oya="2" hai0="82,98,72,71,29,65,6,122,0,31,135,49,96" hai1="55,76,127,15,124,93,56,118,19,129,14,86,36" hai2="26,101,34,40,20,41,109,69,88,16,121,28,100" hai3="83,37,2,80,77,21,99,132,108,116,9,89,94"/><V92/><F69/><W90/><G37/><T73/><D122/><U60/><E36/><V107/><F121/><W67/><G2/><T33/><D135/><U111/><E118/><V3/><F3/><W66/><G116/><T48/><D0/><U32/><E32/><V24/><F109/><W12/><G108/><T57/><D6/><U13/><E111/><V52/><F107/><W68/><G68/><T134/><D71/><U102/><E129/><V75/><F75/><W22/><G89/><T63/><D134/><U7/><E7/><V30/><F30/><W70/><G70/><T112/><D112/><U91/><E76/><V110/><F110/><W115/><G115/><T97/><D33/><U103/><REACH who="1" step="1"/><E19/><REACH who="1" ten="370,100,250,270" step="2"/><V128/><F128/><W44/><G132/><T95/><D31/><U105/><E105/><V38/><F38/><W10/><G77/><T85/><D29/><U58/><E58/><V54/><F41/><W79/><G44/><T133/><D133/><U81/><E81/><N who="3" m="31306" /><G79/><T120/><D120/><U4/><E4/><V53/><REACH who="2" step="1"/><F40/><REACH who="2" ten="370,100,240,270" step="2"/><W62/><G12/><T45/><D73/><U64/><E64/><N who="3" m="24618" /><G62/><T130/><D72/><U125/><AGARI ba="0,2" hai="13,14,15,55,56,60,86,91,93,102,103,124,125,127" machi="125" ten="40,5200,0" yaku="1,1,0,1,18,1,53,0" doraHai="61" doraHaiUra="117" who="1" fromWho="1" sc="370,-13,100,72,240,-26,270,-13" /><INIT seed="3,0,0,3,1,133" ten="357,172,214,257" oya="3" hai0="62,22,103,93,72,97,90,50,48,111,67,20,73" hai1="127,44,14,108,110,56,55,117,35,36,65,132,8" hai2="47,39,125,88,30,92,85,95,69,100,80,19,81" hai3="34,83,21,15,107,42,134,96,94,74,3,0,66"/><W53/><G134/><T54/><D111/><N who="1" m="42539" /><E35/><V16/><F69/><W109/><G34/><T122/><D122/><U13/><E132/><V84/><F125/><W76/><G109/><T6/><D6/><U25/><E25/><V106/><F30/><W112/><G112/><T18/><D22/><U128/><E65/><V60/><F60/><W49/><G107/><T71/><D103/><U51/><E128/><V99/><F39/><W32/><G32/><T102/><D102/><U10/><E117/><V41/><F106/><W120/><G42/><T40/><D40/><N who="1" m="22535" /><E13/><V26/><F26/><W70/><G120/><T61/><D50/><U9/><E14/><V123/><F123/><W116/><G116/><T58/><D48/><U1/><E1/><V124/><F124/><AGARI ba="0,0" hai="8,9,10,51,55,56,124,127" m="22535,42539" machi="124" ten="40,5200,0" yaku="14,1,52,2" doraHai="133" who="1" fromWho="2" sc="357,0,172,52,214,-52,257,0" owari="357,46.0,224,-18.0,162,-34.0,257,6.0" /></mjloggm>