<mjloggm ver="2.3"><GO type="41" lobby="0"/><UN n0="%E3%83%9A%E3%83%A4%E3%83%B3%E3%82%B0" n1="%E5%B0%B1%E6%B4%BB%E7%94%9F%40%E5%B7%9D%E6%9D%91%E8%BB%8D%E5%9B%A3" n2="%44%4F%43%4B%59" n3="%67%6C%61%74%61%6E" dan="15,15,15,14" rate="1984.99,2009.99,1990.64,1905.00" sx="M,M,M,M"/><TAIKYOKU oya="0"/><INIT seed="0,0,0,2,5,77" ten="250,250,250,250" oya="0" hai0="52,15,73,36,64,105,86,107,83,30,124,119,5" hai1="38,57,117,85,78,114,34,81,60,12,19,22,125" hai2="35,90,62,54,65,89,121,37,56,8,4,118,95" hai3="68,21,104,33,130,84,47,3,11,91,48,92,93"/><T127/><D119/><U129/><E34/><V98/><F37/><W132/><G33/><T106/><D73/><U40/><E117/><V66/><F121/><W20/><G104/><T82/><D64/><U80/><E114/><V70/><F118/><W75/><G75/><T61/><D36/><U49/><E129/><V23/><F35/><W45/><G68/><T111/><D111/><U120/><E125/><N who="0" m="48201" /><D30/><U123/><E38/><V135/><F135/><W6/><G132/><T31/><D31/><U9/><E120/><V16/><F70/><W69/><G69/><T126/><D126/><U26/><E123/><V112/><F112/><W50/><G130/><T116/><D116/><U14/><E9/><V63/><F63/><W115/><G115/><T42/><D42/><U109/><E109/><V76/><F76/><W100/><G100/><T99/><D99/><U53/><REACH who="1" step="1"/><E81/><REACH who="1" ten="250,240,250,250" step="2"/><N who="0" m="30729" /><D86/><U29/><E29/><V51/><F89/><W55/><G93/><T27/><D27/><U13/><E13/><N who="2" m="5255" /><F51/><W88/><G91/><T122/><D122/><U17/><E17/><V110/><F110/><W41/><AGARI ba="0,1" hai="3,6,11,20,21,41,45,47,48,50,55,84,88,92" machi="41" ten="20,2700,0" yaku="0,1,7,1,54,1" doraHai="77" who="3" fromWho="3" sc="250,-13,240,-7,250,-7,250,37" /><INIT seed="1,0,0,3,5,50" ten="237,233,243,287" oya="1" hai0="46,43,73,4,48,122,123,10,111,91,57,95,119" hai1="3,107,87,110,36,54,134,133,115,15,102,14,84" hai2="72,68,70,20,125,5,128,106,69,21,56,92,62" hai3="45,129,99,64,131,47,37,109,1,96,98,75,38"/><U22/><E3/><V112/><F106/><W114/><G1/><T59/><D119/><U53/><E36/><N who="3" m="13930" /><G75/><T100/><D100/><U63/><E115/><V135/><F72/><W66/><G114/><T41/><D73/><U127/><E127/><V60/><F112/><W40/><G40/><T108/><D43/><U105/><E63/><V27/><F125/><W61/><G61/><T121/><D95/><U67/><E22/><V103/><F128/><N who="3" m="49227" /><G109/><N who="0" m="42059" /><D91/><U19/><E110/><V65/><F135/><N who="1" m="51721" /><E67/><AGARI ba="0,0" hai="45,47,64,66,67,96,98,99" m="49227,13930" machi="67" ten="40,5200,0" yaku="28,2,19,1" doraHai="50" who="3" fromWho="1" sc="237,0,233,-52,243,0,287,52" /><INIT seed="2,0,0,2,2,111" ten="237,181,243,339" oya="2" hai0="37,104,129,6,68,77,116,41,71,33,100,53,105" hai1="114,88,22,65,38,90,80,20,74,110,98,73,62" hai2="135,115,102,29,23,121,103,2,128,0,24,87,46" hai3="72,107,67,127,89,76,120,3,91,31,106,117,119"/><V10/><F121/><W7/><G67/><T85/><D129/><U26/><E110/><V17/><F128/><W19/><G120/><T101/><D116/><U66/><E38/><V132/><F46/><W21/><G31/><T64/><D33/><U9/><E114/><V12/><F115/><W83/><G127/><T75/><D75/><U99/><E9/><V84/><F84/><W39/><G117/><T5/><D85/><U28/><E62/><V40/><F40/><W118/><G118/><T30/><D30/><U56/><E56/><V42/><F42/><W4/><G39/><T11/><D77/><U133/><E26/><V25/><F25/><W124/><G124/><T79/><D79/><U49/><E28/><V122/><F122/><W78/><G72/><T8/><D41/><U45/><E45/><V59/><F59/><W70/><G19/><T34/><D34/><U50/><REACH who="1" step="1"/><E133/><REACH who="1" ten="237,171,243,339" step="2"/><N who="2" m="51275" /><F87/><W126/><G119/><T134/><D134/><U55/><E55/><V60/><F60/><W43/><G126/><T58/><D53/><U81/><AGARI ba="0,1" hai="20,22,49,50,65,66,73,74,80,81,88,90,98,99" machi="81" ten="25,8000,1" yaku="1,1,0,1,22,2,54,1,53,0" doraHai="111" doraHaiUra="13" who="1" fromWho="1" sc="237,-20,171,90,243,-40,339,-20" /><INIT seed="3,0,0,3,2,21" ten="217,261,203,319" oya="3" hai0="61,19,85,86,72,99,101,60,31,135,6,16,51" hai1="96,29,119,18,129,128,74,112,3,104,0,118,2" hai2="52,35,83,108,34,82,32,57,66,126,130,75,78" hai3="76,79,69,15,120,107,25,28,109,45,23,44,77"/><W81/><G69/><T116/><D72/><U11/><E74/><V43/><F108/><W80/><G107/><T134/><D116/><N who="1" m="44587" /><E104/><V92/><F130/><N who="1" m="50281" /><E96/><V42/><F126/><W10/><G120/><T131/><D131/><U30/><E112/><V53/><F66/><W48/><G109/><T124/><D124/><U39/><E39/><V122/><F122/><W17/><G45/><T125/><D125/><U50/><E50/><V7/><F7/><W46/><G46/><T73/><D73/><U8/><E18/><N who="0" m="6697" /><D6/><U90/><E90/><V88/><F82/><W102/><REACH who="3" step="1"/><G102/><REACH who="3" ten="217,261,203,309" step="2"/><T40/><D101/><U55/><E55/><AGARI ba="0,1" hai="10,15,17,23,25,28,44,48,55,76,77,79,80,81" machi="55" ten="40,12000,1" yaku="1,1,2,1,8,1,52,1,53,0" doraHai="21" doraHaiUra="100" who="3" fromWho="1" sc="217,0,261,-120,203,0,309,130" /><INIT seed="3,1,0,0,4,123" ten="217,141,203,439" oya="3" hai0="100,132,60,68,130,17,3,47,114,87,12,46,113" hai1="135,16,115,8,121,27,86,77,70,101,62,18,33" hai2="78,29,53,9,35,24,42,112,74,51,22,32,103" hai3="98,19,97,20,48,80,50,61,21,75,0,63,134"/><W2/><G134/><T96/><D3/><U72/><E135/><V6/><F112/><N who="0" m="43114" /><D132/><U119/><E115/><V44/><F103/><W116/><G19/><T92/><D130/><U99/><E121/><V25/><F25/><W84/><G84/><T110/><D87/><U56/><E119/><V34/><F78/><W124/><G116/><T126/><D126/><U71/><E72/><V28/><F74/><W31/><G75/><T58/><D68/><U15/><E77/><V26/><REACH who="2" step="1"/><F42/><REACH who="2" ten="217,141,193,439" step="2"/><W133/><G133/><T128/><D128/><U118/><E118/><V73/><F73/><W106/><G124/><T39/><D39/><U85/><E71/><V52/><F52/><W93/><G106/><T107/><D107/><U30/><E70/><V125/><F125/><W7/><G93/><T13/><D92/><N who="1" m="58599" /><E33/><V23/><F23/><W89/><G80/><T43/><D100/><U117/><E117/><V4/><F4/><W54/><G54/><T10/><D43/><U102/><E102/><V104/><F104/><W129/><G7/><T69/><D69/><U45/><E30/><V94/><F94/><W109/><G129/><T14/><D17/><U105/><E105/><V81/><F81/><W55/><G55/><N who="0" m="33887" /><D10/><U67/><E27/><V90/><F90/><W57/><G31/><T88/><D88/><U91/><E18/><V66/><F66/><W11/><G89/><T37/><D37/><U5/><E5/><V76/><F76/><W59/><G11/><T120/><D120/><U83/><E86/><V41/><F41/><W40/><G40/><T108/><D96/><RYUUKYOKU ba="1,1" sc="217,0,141,0,193,0,439,0" hai0="12,13,14,46,47,108,110" hai1="8,15,16,45,56,62,67,83,85,91" hai2="6,9,22,24,26,28,29,32,34,35,44,51,53" hai3="0,2,20,21,48,50,57,59,61,63,97,98,109" /><INIT seed="3,2,1,2,4,78" ten="217,141,193,439" oya="3" hai0="23,104,92,56,54,105,115,45,64,91,44,128,29" hai1="34,32,0,109,114,4,111,53,101,18,76,89,113" hai2="70,35,102,13,22,41,73,125,85,63,123,20,15" hai3="36,62,60,133,80,126,84,6,127,10,19,108,39"/><W27/><G133/><T67/><D128/><U122/><E101/><V132/><F73/><W50/><G108/><N who="1" m="41546" /><E76/><V120/><F132/><W59/><G50/><N who="0" m="30807" /><D115/><N who="1" m="44043" /><E53/><V131/><F131/><W86/><G86/><N who="0" m="52343" /><D104/><U21/><E89/><V106/><F85/><W93/><G93/><T124/><D124/><U94/><E94/><V130/><F125/><W46/><G39/><T97/><D105/><U26/><E122/><V121/><F102/><W100/><G100/><T8/><D97/><U48/><E48/><V38/><F106/><W77/><G127/><T49/><D45/><U37/><E37/><V11/><F35/><N who="1" m="13353" /><E4/><V9/><F130/><W74/><G126/><T16/><D49/><U98/><E98/><V75/><F75/><W65/><G62/><T135/><D44/><U66/><E66/><N who="2" m="41311" /><F41/><N who="3" m="22823" /><G84/><T12/><D135/><U117/><E0/><V47/><F47/><W5/><G5/><T40/><D40/><U28/><E117/><V88/><F38/><W30/><G65/><T58/><D58/><U90/><E90/><V119/><F88/><W68/><G59/><T116/><D116/><U82/><E82/><V110/><F119/><W107/><G60/><T25/><AGARI ba="2,1" hai="8,12,16,23,25,29,64,67" m="52343,30807" machi="25" ten="30,2000,0" yaku="8,1,54,1" doraHai="78" who="0" fromWho="0" sc="217,36,141,-7,193,-7,439,-12" /><INIT seed="4,0,0,0,5,70" ten="253,134,186,427" oya="0" hai0="96,118,129,41,20,75,58,117,127,47,17,114,13" hai1="98,73,90,59,126,94,35,77,11,3,113,51,104" hai2="79,8,67,92,72,106,111,53,7,10,48,50,133" hai3="22,27,23,19,9,78,101,42,34,86,116,62,29"/><T44/><D114/><U74/><E35/><V115/><F111/><W121/><G116/><T97/><D129/><U132/><E126/><V24/><F106/><W103/><G121/><T65/><D127/><U108/><E108/><V43/><F115/><W109/><G109/><T56/><D75/><U128/><E113/><V39/><F133/><W49/><G62/><T31/><D118/><U76/><E132/><V15/><F67/><W28/><G34/><T93/><D31/><U80/><E128/><V36/><F24/><W69/><G69/><T63/><D117/><U100/><E3/><V2/><F92/><W32/><G32/><T99/><D58/><U52/><E11/><V21/><F21/><W64/><G64/><T83/><D83/><U61/><E77/><V91/><F91/><W125/><G9/><T71/><D71/><U30/><E30/><V5/><F79/><W0/><G0/><T122/><D122/><U16/><E74/><V124/><F72/><W107/><G107/><T25/><D13/><U18/><E61/><V60/><F124/><W135/><G29/><T4/><D4/><U105/><E105/><V119/><F60/><W87/><G28/><T82/><D82/><U54/><E54/><V66/><F66/><W84/><G42/><T89/><REACH who="0" step="1"/><D47/><REACH who="0" ten="243,134,186,427" step="2"/><U68/><E68/><V134/><F119/><W95/><G135/><T40/><D40/><U46/><REACH who="1" step="1"/><E46/><REACH who="1" ten="243,124,186,427" step="2"/><N who="2" m="25695" /><F134/><W37/><G125/><T131/><D131/><U102/><E102/><V88/><F7/><W1/><G103/><T12/><D12/><U14/><E14/><V112/><F112/><RYUUKYOKU ba="0,2" sc="243,15,124,15,186,-15,427,-15" hai0="17,20,25,41,44,56,63,65,89,93,96,97,99" hai1="16,18,51,52,59,73,76,80,90,94,98,100,104" /><INIT seed="4,1,2,3,1,112" ten="258,139,171,412" oya="0" hai0="74,14,127,97,37,107,19,8,133,75,109,86,34" hai1="104,77,78,49,23,60,1,84,96,128,106,83,115" hai2="121,116,57,4,66,15,2,6,135,13,53,76,22" hai3="80,48,26,51,20,91,88,25,31,129,64,0,131"/><T56/><D34/><U70/><E1/><V100/><F121/><W87/><G0/><T68/><D68/><U101/><E115/><V71/><F76/><W114/><G114/><T82/><D37/><U90/><E128/><N who="3" m="49226" /><G64/><T94/><D107/><U89/><E106/><V122/><F122/><W111/><G111/><T120/><D120/><U7/><E7/><V32/><F32/><N who="3" m="20591" /><G91/><T40/><D40/><U11/><E11/><V35/><F35/><W124/><G124/><T113/><D127/><U30/><E78/><V125/><F125/><W132/><G132/><T28/><D133/><U117/><E117/><V17/><F135/><W72/><G72/><T85/><D113/><U63/><E49/><V42/><F42/><W55/><G55/><T110/><D28/><AGARI ba="1,2" hai="20,26,28,48,51,80,87,88" m="20591,49226" machi="28" ten="30,2000,0" yaku="19,1,54,1" doraHai="112" who="3" fromWho="0" sc="258,-23,139,0,171,0,412,43" /><INIT seed="5,0,0,4,2,13" ten="235,139,171,455" oya="1" hai0="92,19,91,42,57,55,112,34,78,94,39,107,131" hai1="104,119,135,85,21,110,124,111,68,49,40,16,6" hai2="23,52,44,3,127,80,18,81,33,79,29,20,129" hai3="75,69,50,73,109,99,24,17,2,106,115,74,101"/><U59/><E104/><V51/><F3/><W12/><G109/><N who="1" m="41482" /><E119/><V89/><F129/><W90/><G2/><T93/><D107/><U70/><E124/><V8/><F127/><W25/><G69/><N who="1" m="26730" /><E6/><V10/><F33/><W71/><G71/><T4/><D131/><U38/><E135/><V117/><F117/><W130/><G115/><T82/><D4/><U72/><E72/><V53/><F53/><W15/><G130/><T86/><D34/><U133/><E133/><V122/><F122/><W116/><G116/><T28/><D28/><U108/><N who="1" m="41490" /><U32/><DORA hai="48" /><E32/><V123/><F123/><W67/><G67/><T11/><D112/><U30/><E30/><V46/><F46/><W128/><G128/><T43/><D39/><U125/><E125/><V62/><F62/><W9/><G90/><T36/><D36/><U47/><E85/><N who="2" m="48287" /><F89/><W84/><G84/><T5/><D78/><U56/><E38/><V61/><F81/><W58/><REACH who="3" step="1"/><G12/><AGARI ba="0,0" hai="12,16,21,40,47,49,56,59" m="26730,41490" machi="12" ten="40,7700,0" yaku="10,1,52,1,54,1" doraHai="13,48" who="1" fromWho="3" sc="235,0,139,77,171,0,455,-77" /><INIT seed="5,1,0,0,2,96" ten="235,216,171,378" oya="1" hai0="47,67,18,41,4,17,10,95,84,38,6,120,80" hai1="81,101,22,103,88,50,23,64,72,54,89,61,98" hai2="24,83,63,125,30,93,51,2,55,126,116,60,99" hai3="128,14,100,90,127,45,70,76,131,87,42,92,108"/><U78/><E101/><V77/><F2/><W86/><G70/><T59/><D120/><U66/><E23/><V105/><F105/><W7/><G108/><T132/><D132/><U31/><E66/><V115/><F116/><W1/><G127/><T129/><D129/><U56/><E22/><V85/><F115/><W29/><G29/><T94/><D94/><U35/><E35/><V111/><F111/><W16/><G1/><T39/><D95/><U48/><E48/><V19/><F19/><W5/><G100/><T106/><D106/><U44/><REACH who="1" step="1"/><E31/><REACH who="1" ten="235,206,171,378" step="2"/><V74/><F125/><W75/><G131/><T27/><D38/><U71/><E71/><V26/><F126/><W123/><G128/><T104/><D104/><AGARI ba="1,1" hai="44,50,54,56,61,64,72,78,81,88,89,98,103,104" machi="104" ten="30,12000,1" yaku="1,1,7,1,52,1,54,1,53,1" doraHai="96" doraHaiUra="97" who="1" fromWho="0" sc="235,-123,206,133,171,0,378,0" /><INIT seed="5,2,0,5,2,79" ten="112,339,171,378" oya="1" hai0="84,75,5,85,132,32,39,45,33,71,16,56,21" hai1="49,44,131,86,10,2,96,69,108,93,17,68,91" hai2="40,1,116,123,65,27,115,13,124,64,15,88,77" hai3="20,114,29,101,107,52,59,121,6,110,126,22,74"/><U109/><E131/><V41/><F1/><W120/><G110/><T24/><D71/><U38/><E38/><V4/><F123/><W28/><G74/><T130/><D132/><U60/><E60/><V37/><F116/><W67/><G67/><T95/><D130/><U62/><E62/><V70/><F124/><W118/><G107/><T34/><D75/><U18/><E96/><V97/><F115/><W125/><G101/><T31/><D5/><U66/><E66/><V0/><F0/><W63/><G114/><T12/><D56/><U135/><E135/><V50/><F37/><W111/><G6/><T134/><D134/><U36/><E36/><V54/><F77/><W7/><G7/><T55/><D95/><U127/><E2/><V87/><F97/><W35/><G111/><T76/><D55/><U73/><E127/><N who="3" m="48650" /><G118/><T90/><D76/><U117/><E73/><V106/><F106/><W8/><G8/><T9/><REACH who="0" step="1"/><D90/><REACH who="0" ten="102,339,171,378" step="2"/><N who="1" m="53463" /><E117/><V14/><F70/><W81/><G121/><T122/><D122/><U104/><E69/><V53/><F53/><W47/><G120/><T57/><D57/><U129/><E68/><V92/><F65/><W72/><G59/><T119/><D119/><U3/><E104/><V98/><F64/><W113/><G63/><T80/><D80/><U42/><E129/><V94/><F4/><W61/><G81/><T128/><D128/><U105/><E105/><V133/><F133/><W25/><G61/><T100/><D100/><U30/><E109/><V102/><F54/><W46/><G72/><T78/><D78/><U89/><E108/><RYUUKYOKU ba="2,1" sc="102,30,339,-10,171,-10,378,-10" hai0="9,12,16,21,24,31,32,33,34,39,45,84,85" /><INIT seed="6,3,1,3,5,28" ten="132,329,161,368" oya="2" hai0="128,15,118,66,30,43,97,46,42,49,96,80,102" hai1="101,122,55,127,39,69,60,19,111,76,22,38,4" hai2="70,109,1,41,24,27,17,89,32,9,134,75,54" hai3="81,77,72,85,130,44,65,120,51,14,7,59,106"/><V78/><F70/><W12/><G120/><T33/><D128/><U23/><E111/><V135/><F109/><W131/><G106/><T121/><D121/><U34/><E122/><V132/><F41/><W116/><G116/><T8/><D118/><U124/><E34/><V99/><F54/><W87/><G65/><T82/><D66/><N who="1" m="41159" /><E4/><N who="2" m="1167" /><F17/><W119/><G119/><T6/><D43/><U56/><E101/><V114/><F114/><W103/><G103/><T52/><D42/><U100/><E100/><V64/><F64/><W126/><G7/><T29/><D97/><U71/><E76/><V90/><F99/><W53/><G72/><T83/><REACH who="0" step="1"/><D33/><REACH who="0" ten="122,329,161,368" step="2"/><U58/><E39/><V91/><F32/><W50/><G131/><T18/><D18/><U13/><E38/><V86/><F75/><W95/><G130/><T62/><D62/><U20/><E71/><V37/><F37/><W11/><G51/><T129/><D129/><U21/><E55/><V115/><F115/><W98/><G98/><T47/><D47/><U73/><E73/><V31/><F31/><W79/><G44/><T105/><AGARI ba="3,2" hai="6,8,15,29,30,46,49,52,80,82,83,96,102,105" machi="105" ten="30,7900,0" yaku="1,1,0,1,54,1,53,1" doraHai="28" doraHaiUra="45" who="0" fromWho="0" sc="122,108,329,-23,161,-42,368,-23" /><INIT seed="7,0,0,5,2,91" ten="230,306,119,345" oya="3" hai0="128,25,95,129,79,74,12,20,5,41,121,6,13" hai1="21,67,81,66,109,62,30,94,65,82,7,48,27" hai2="76,8,104,73,118,87,84,19,36,127,16,22,72" hai3="49,51,131,133,42,100,10,125,135,0,130,56,2"/><W11/><G100/><T31/><D41/><U33/><E109/><V45/><F104/><W17/><G17/><T1/><D79/><U117/><E117/><V54/><F54/><W105/><G105/><T113/><D74/><U122/><E122/><V47/><F8/><N who="3" m="3115" /><G56/><T24/><D95/><U112/><E33/><V134/><F76/><W23/><G23/><N who="0" m="15775" /><D121/><U55/><E7/><N who="0" m="2569" /><D113/><U115/><E62/><V46/><F118/><W106/><G106/><T132/><D132/><N who="3" m="50761" /><G42/><T92/><D92/><U103/><E115/><V88/><F134/><W83/><G83/><T98/><D98/><N who="1" m="59863" /><E112/><V96/><F96/><W107/><G107/><T69/><D69/><U60/><E60/><V58/><F58/><W34/><G34/><T63/><D63/><U59/><AGARI ba="0,0" hai="21,27,30,48,55,59,65,66,67,81,82" m="59863" machi="59" ten="30,2000,0" yaku="8,1,52,1" doraHai="91" who="1" fromWho="1" sc="230,-5,306,20,119,-5,345,-10" owari="225,-17.0,326,13.0,114,-39.0,335,43.0" /></mjloggm>