<mjloggm ver="2.3"><GO type="225" lobby="0"/><UN n0="%E3%83%8F%E3%83%94%E3%83%8A%E5%90%8D%E6%8E%9B%E4%B8%81" n1="%E3%83%88%E3%83%88%E3%83%AA%E5%85%88%E7%94%9F%31%39%E6%AD%B3" n2="%E4%BA%9E%E5%9B%B3%E9%8E%96%E2%88%9E%E2%88%9E%E2%88%9E%E2%88%9E%E2%88%9E" n3="%28%EF%BC%BE%CF%89%EF%BC%BE%29%E3%81%8A%E3%81%89%E3%82%93" dan="17,17,17,16" rate="2152.66,2239.97,2105.43,2051.76" sx="M,F,F,F"/><TAIKYOKU oya="0"/><INIT seed="0,0,0,0,2,88" ten="250,250,250,250" oya="0" hai0="98,5,51,29,91,130,94,50,10,78,85,77,12" hai1="113,41,25,46,11,26,37,115,129,96,75,2,42" hai2="44,70,27,60,120,31,68,76,103,109,13,57,7" hai3="118,52,80,72,82,66,128,86,22,8,56,107,62"/><T21/><D130/><U100/><E75/><V45/><F120/><W1/><G118/><T3/><D3/><U53/><E129/><V89/><F109/><W35/><G35/><T114/><D114/><N who="1" m="43531" /><E42/><V134/><F134/><W97/><G72/><T99/><D99/><U39/><E39/><V33/><F76/><N who="0" m="29290" /><D98/><U47/><E47/><V73/><F73/><W111/><G111/><T9/><D9/><U18/><E53/><V40/><F103/><W20/><G128/><T48/><D21/><U81/><E81/><V55/><F45/><W36/><G36/><T125/><D125/><U64/><E64/><V38/><REACH who="2" step="1"/><F89/><REACH who="2" ten="250,250,240,250" step="2"/><W74/><G74/><T19/><D29/><U67/><E46/><V34/><F34/><W127/><G127/><T32/><D32/><U61/><E100/><V90/><F90/><W123/><G123/><T93/><D5/><N who="1" m="1463" /><E37/><V124/><F124/><W54/><G107/><T95/><AGARI ba="0,1" hai="10,12,19,48,50,51,85,91,93,94,95" m="29290" machi="95" ten="30,11700,0" yaku="8,1,52,3" doraHai="88" who="0" fromWho="0" sc="250,127,250,-39,240,-39,250,-39" /><INIT seed="0,1,0,4,4,119" ten="377,211,201,211" oya="0" hai0="118,10,43,90,81,71,70,96,42,127,78,88,113" hai1="49,124,45,22,15,80,67,54,11,135,83,121,23" hai2="6,53,114,134,44,37,50,28,2,91,36,69,8" hai3="82,58,31,13,3,92,75,32,117,76,63,46,95"/><T24/><D118/><U61/><E135/><V84/><F114/><W94/><G3/><T87/><D113/><U14/><E121/><V56/><F134/><W9/><G117/><T111/><D127/><U99/><E124/><V72/><F72/><W131/><G131/><T16/><D111/><U57/><E99/><V59/><F69/><W47/><G31/><T12/><D70/><U74/><E74/><V60/><F28/><W62/><G32/><T18/><D71/><U133/><E133/><V7/><F7/><W77/><G77/><T66/><D66/><U33/><E33/><V41/><REACH who="2" step="1"/><F59/><REACH who="2" ten="377,211,191,211" step="2"/><W35/><G35/><T89/><D96/><U132/><E132/><V38/><F38/><W100/><G58/><T73/><D73/><U68/><E68/><V112/><F112/><W102/><G46/><T27/><D18/><N who="1" m="10591" /><E23/><V40/><F40/><AGARI ba="1,1" hai="10,12,16,24,27,40,42,43,78,81,87,88,89,90" machi="40" ten="40,7700,0" yaku="8,1,54,2" doraHai="119" who="0" fromWho="2" sc="377,90,211,0,191,-80,211,0" /><INIT seed="0,2,0,3,3,68" ten="467,211,111,211" oya="0" hai0="43,124,36,119,14,13,76,94,22,107,79,37,132" hai1="40,66,55,18,58,23,102,35,45,25,30,106,87" hai2="33,48,5,19,54,108,78,81,9,46,52,50,118" hai3="73,110,61,51,121,15,88,90,27,113,41,112,127"/><T2/><D107/><U7/><E66/><V63/><F108/><W83/><G127/><T67/><D2/><U130/><E130/><V93/><F118/><W38/><G61/><T75/><D119/><U123/><E123/><V44/><F33/><W100/><G100/><T116/><D116/><U20/><E7/><V86/><F19/><W135/><G135/><T129/><D132/><U17/><E35/><V120/><F120/><W95/><G51/><T59/><D129/><U10/><E10/><V69/><F93/><W65/><G65/><T21/><D124/><U109/><E109/><V114/><F114/><W70/><G70/><T111/><D75/><U99/><E87/><V91/><F69/><W101/><G101/><T47/><D111/><U3/><E3/><V122/><F122/><W89/><G95/><T105/><D105/><U97/><E97/><V4/><F63/><W49/><G73/><T126/><D126/><U42/><E45/><V103/><F103/><W125/><G110/><T32/><D32/><U98/><E98/><V80/><REACH who="2" step="1"/><F9/><REACH who="2" ten="467,211,101,211" step="2"/><W104/><G121/><T6/><D94/><U74/><E17/><V117/><F117/><W31/><G104/><T53/><D6/><U39/><E18/><V16/><F16/><W96/><G125/><T82/><D22/><U24/><E23/><V85/><AGARI ba="2,1" hai="4,5,44,46,48,50,52,54,78,80,81,85,86,91" machi="85" ten="20,12000,2" yaku="1,1,0,1,7,1,9,1,8,1,54,1,53,0" doraHai="68" doraHaiUra="128" who="2" fromWho="2" sc="467,-62,211,-32,101,136,211,-32" /><INIT seed="1,0,0,1,2,110" ten="405,179,237,179" oya="1" hai0="63,60,129,49,92,119,84,17,62,23,83,31,64" hai1="80,48,61,44,72,97,71,103,53,6,95,52,2" hai2="58,34,21,106,24,104,85,8,113,112,38,41,88" hai3="130,32,46,26,57,105,86,111,100,33,7,73,120"/><U66/><E2/><V75/><F75/><W5/><G73/><T55/><D119/><U98/><E6/><V126/><F34/><W68/><G68/><T19/><D129/><U69/><E72/><V12/><F126/><W101/><G120/><T134/><D134/><U54/><E80/><N who="2" m="49191" /><F41/><W96/><G130/><T118/><D118/><U16/><E69/><V127/><F38/><W78/><G101/><T29/><D92/><U115/><E115/><N who="2" m="44107" /><F127/><W18/><G33/><T9/><D64/><U13/><REACH who="1" step="1"/><E97/><REACH who="1" ten="405,169,237,179" step="2"/><V50/><F50/><W82/><G96/><T36/><D49/><U25/><E25/><V76/><F76/><W91/><G78/><T42/><D83/><U35/><E35/><V94/><F58/><W11/><G82/><T123/><D36/><U93/><E93/><V107/><F94/><W15/><G57/><T20/><D63/><U37/><E37/><V27/><F21/><AGARI ba="0,1" hai="13,16,21,44,48,52,53,54,61,66,71,95,98,103" machi="21" ten="30,11600,0" yaku="1,1,7,1,54,2,53,0" doraHai="110" doraHaiUra="133" who="1" fromWho="2" sc="405,0,169,126,237,-116,179,0" /><INIT seed="1,1,0,4,1,60" ten="405,295,121,179" oya="1" hai0="78,14,26,11,86,66,92,104,114,126,118,41,135" hai1="117,64,68,101,85,76,133,56,69,34,102,37,49" hai2="130,67,97,100,125,110,35,23,53,91,51,59,74" hai3="90,108,62,58,80,98,32,40,112,44,120,54,42"/><U50/><E117/><V3/><F35/><W19/><G32/><T21/><D104/><U127/><E34/><V27/><F110/><W115/><G120/><T84/><D118/><U18/><E37/><V16/><F130/><W106/><G108/><T52/><D114/><U111/><E111/><V95/><F125/><W5/><G5/><T0/><D0/><U8/><E127/><V116/><F116/><W22/><G42/><T113/><D113/><U47/><E133/><V10/><F74/><W75/><G75/><T93/><D126/><U109/><E109/><V28/><F100/><W88/><G106/><T132/><D41/><N who="1" m="24815" /><E69/><V81/><F81/><W121/><G121/><T123/><D123/><U20/><E8/><V36/><F36/><W79/><G79/><T94/><D132/><U77/><E68/><V45/><F3/><W2/><G2/><T87/><D135/><U48/><E48/><V33/><F10/><W134/><G134/><T83/><D11/><U96/><E50/><V46/><REACH who="2" step="1"/><F67/><REACH who="2" ten="405,295,111,179" step="2"/><W61/><G80/><T99/><D83/><N who="1" m="47335" /><E77/><V107/><F107/><W105/><G105/><T119/><D78/><U7/><E102/><V124/><F124/><W38/><G38/><T39/><D119/><U72/><E72/><V73/><F73/><W4/><G115/><T65/><D39/><U30/><E101/><V131/><F131/><W9/><G9/><T70/><D70/><U31/><E20/><V63/><F63/><W128/><G62/><T15/><D21/><U89/><E64/><V24/><AGARI ba="1,1" hai="16,23,24,27,28,33,45,46,51,53,59,91,95,97" machi="24" ten="20,5200,0" yaku="1,1,0,1,7,1,54,1,53,0" doraHai="60" doraHaiUra="103" who="2" fromWho="2" sc="405,-14,295,-27,111,65,179,-14" /><INIT seed="2,0,0,5,4,108" ten="391,268,176,165" oya="2" hai0="83,23,123,54,40,46,32,88,21,69,44,79,131" hai1="124,125,82,8,120,126,75,130,90,132,35,22,24" hai2="37,20,47,30,9,71,12,81,48,43,93,3,97" hai3="67,116,62,73,133,105,115,99,28,61,59,121,16"/><V50/><F71/><W5/><G73/><T101/><D123/><U4/><E75/><V96/><F81/><W110/><G121/><T66/><D32/><U39/><E120/><V1/><F97/><W34/><G110/><T63/><D101/><U104/><E39/><V60/><F60/><W118/><G133/><T106/><D106/><U80/><E104/><V117/><F117/><W15/><G5/><T107/><D107/><U98/><E35/><V45/><F30/><W102/><G115/><T52/><D131/><U64/><E130/><V36/><F20/><W41/><G41/><T74/><D88/><U77/><E77/><V42/><F37/><W49/><G49/><T111/><D111/><U51/><E132/><V72/><F36/><W6/><G6/><T0/><D0/><U19/><E64/><V18/><REACH who="2" step="1"/><F72/><REACH who="2" ten="391,268,166,165" step="2"/><W55/><G28/><T65/><D69/><U85/><E98/><V100/><AGARI ba="0,1" hai="1,3,9,12,18,42,43,45,47,48,50,93,96,100" machi="100" ten="20,12000,1" yaku="1,1,2,1,0,1,7,1,9,1,53,0" doraHai="108" doraHaiUra="78" who="2" fromWho="2" sc="391,-40,268,-40,166,130,165,-40" /><INIT seed="2,1,0,0,0,81" ten="351,228,296,125" oya="2" hai0="53,7,25,0,97,29,120,106,24,72,2,20,52" hai1="57,47,23,78,130,109,59,128,104,124,114,110,55" hai2="13,65,86,36,111,80,112,40,119,95,33,35,133" hai3="131,96,15,19,77,83,21,92,90,87,27,117,76"/><V38/><F112/><W125/><G117/><T100/><D120/><U85/><E104/><V28/><F119/><W56/><G125/><T31/><D72/><U98/><E98/><V41/><F133/><W101/><G131/><N who="1" m="50218" /><E23/><V12/><F65/><W14/><G77/><T107/><D7/><U73/><E73/><V60/><F60/><W17/><G101/><T43/><D43/><U102/><E102/><V62/><F62/><W84/><G96/><T9/><D9/><U26/><E26/><V121/><F121/><W22/><G56/><N who="1" m="21578" /><E114/><V46/><F33/><W113/><REACH who="3" step="1"/><G113/><REACH who="3" ten="351,228,296,115" step="2"/><T70/><D97/><U116/><E116/><V105/><F105/><W49/><G49/><T63/><D100/><U129/><E124/><V127/><F127/><W39/><G39/><T75/><D107/><U74/><E129/><V91/><F38/><W44/><G44/><T30/><D106/><U16/><E74/><V118/><F118/><W94/><G94/><T45/><D75/><U69/><E47/><V126/><F126/><W61/><G61/><T123/><D123/><U11/><E69/><V10/><F46/><W103/><G103/><T42/><D70/><U48/><E78/><V108/><F36/><W58/><G58/><T4/><D63/><U79/><E79/><V135/><F95/><W67/><G67/><T1/><D45/><N who="1" m="28047" /><E85/><V82/><F41/><W88/><G88/><T37/><D42/><U18/><E110/><V89/><F108/><W66/><G66/><T32/><D37/><U115/><E109/><V34/><F111/><W5/><G5/><T6/><D6/><RYUUKYOKU ba="1,1" sc="351,-10,228,-10,296,-10,115,30" hai3="14,15,17,19,21,22,27,76,83,84,87,90,92" /><INIT seed="3,2,1,4,5,50" ten="341,218,286,145" oya="3" hai0="97,33,99,54,86,32,83,68,40,38,22,88,20" hai1="10,52,121,46,124,11,103,71,98,56,26,59,75" hai2="64,30,80,73,44,0,69,18,84,95,94,16,130" hai3="37,15,42,72,90,100,35,120,92,19,131,29,77"/><W17/><G120/><T13/><D68/><U2/><E121/><V63/><F130/><W79/><G131/><T125/><D33/><U48/><E75/><V133/><F133/><W93/><G72/><T132/><D32/><U70/><E124/><V21/><F0/><W117/><G117/><T78/><D125/><U60/><E26/><V27/><F73/><W106/><G106/><T82/><D132/><U114/><E114/><V62/><F44/><W31/><G35/><T6/><D40/><U96/><E59/><V4/><F4/><W61/><G37/><T7/><D38/><U9/><E2/><V105/><F105/><W127/><G127/><T65/><D65/><U47/><E47/><V101/><F63/><W81/><G42/><T34/><D34/><U36/><E36/><V118/><F118/><W51/><G51/><T102/><D78/><N who="3" m="29705" /><G61/><T12/><D102/><U45/><E45/><V104/><F104/><W43/><G43/><T87/><D88/><U113/><E113/><V119/><F119/><W128/><G128/><T91/><D91/><U122/><E122/><V112/><F112/><W111/><G111/><T116/><D116/><U49/><E49/><V123/><F123/><W109/><G109/><T126/><D126/><U85/><E85/><V24/><F62/><W129/><G129/><T25/><D25/><U66/><REACH who="1" step="1"/><E98/><REACH who="1" ten="341,208,286,145" step="2"/><N who="2" m="59607" /><F84/><N who="3" m="50447" /><G17/><T28/><D28/><N who="3" m="10825" /><G100/><T134/><D134/><U3/><E3/><V107/><F18/><W5/><G5/><T8/><D87/><U55/><E55/><V41/><F16/><W74/><G74/><T58/><D86/><RYUUKYOKU ba="2,2" sc="341,-15,208,15,286,-15,145,15" hai1="9,10,11,46,48,52,56,60,66,70,71,96,103" hai3="15,19,92,93" /><INIT seed="3,3,2,2,5,50" ten="326,223,271,160" oya="3" hai0="84,24,82,66,121,106,135,60,107,90,41,11,40" hai1="28,68,76,30,25,74,13,55,99,52,23,18,29" hai2="132,86,118,43,10,111,101,35,122,119,0,63,120" hai3="85,8,95,71,116,38,93,26,31,72,57,33,129"/><W105/><G71/><T17/><D121/><N who="2" m="46698" /><F111/><W37/><G72/><T51/><D135/><U1/><E68/><V19/><F132/><W81/><G105/><T3/><D3/><U104/><E1/><V7/><F101/><W78/><G116/><N who="2" m="44585" /><F43/><W114/><G114/><T109/><D109/><U80/><E104/><V12/><F86/><W2/><G129/><T70/><D41/><U117/><E117/><V49/><F63/><W87/><G57/><T131/><D131/><U79/><E99/><V97/><F97/><W77/><G2/><T9/><D9/><N who="1" m="6447" /><E74/><V75/><F75/><W5/><G78/><N who="1" m="29738" /><E80/><V53/><F35/><W88/><REACH who="3" step="1"/><G95/><REACH who="3" ten="326,223,271,150" step="2"/><N who="0" m="54727" /><D107/><U15/><E15/><V69/><F69/><W91/><G91/><T65/><D106/><U133/><E133/><V127/><F0/><W56/><G56/><T42/><D70/><U73/><E73/><V134/><F134/><W4/><G4/><T130/><D130/><U110/><E110/><V39/><F7/><W16/><G16/><AGARI ba="3,3" hai="16,23,25,28,29,30,52,55" m="29738,6447" machi="16" ten="30,8000,1" yaku="8,1,52,2,54,2" doraHai="50" who="1" fromWho="3" sc="326,0,223,119,271,0,150,-89" owari="326,13.0,342,44.0,271,-13.0,61,-44.0" /></mjloggm>