<mjloggm ver="2.3"><GO type="169" lobby="0"/><UN n0="%E3%83%9F%E3%82%B9%E5%8C%97%E5%8D%83%E4%BD%8F" n1="%E3%82%A6%E3%83%AB%E3%83%88%E3%83%A9%E7%AB%8B%E7%9B%B4" n2="%6B%75%72%6F%2A" n3="%E3%81%B2%E3%81%90%E3%81%A1" dan="18,17,16,17" rate="2154.93,2147.47,2082.98,2206.82" sx="M,M,M,M"/><TAIKYOKU oya="0"/><INIT seed="0,0,0,5,3,60" ten="250,250,250,250" oya="0" hai0="127,126,2,119,50,4,64,123,5,27,98,31,76" hai1="37,80,33,3,87,62,36,106,16,81,14,111,125" hai2="39,116,46,35,77,34,68,117,82,120,42,7,88" hai3="129,91,108,130,128,25,38,85,92,102,45,115,55"/><T13/><D119/><N who="2" m="45642" /><F120/><W61/><G115/><T6/><D123/><U94/><E106/><V132/><F132/><W104/><G108/><T66/><D2/><U113/><E111/><V53/><F68/><W73/><G73/><T19/><D76/><U26/><E125/><N who="0" m="47625" /><D98/><U105/><E105/><V134/><F134/><W24/><G38/><T72/><D72/><U20/><E3/><V47/><F7/><W58/><REACH who="3" step="1"/><G45/><REACH who="3" ten="250,250,250,240" step="2"/><T95/><D95/><U121/><E36/><V11/><F47/><W75/><G75/><T109/><D109/><U71/><E37/><V118/><F118/><W99/><AGARI ba="0,1" hai="24,25,55,58,61,85,91,92,99,102,104,128,129,130" machi="99" ten="40,5200,0" yaku="1,1,0,1,19,1,53,0" doraHai="60" doraHaiUra="18" who="3" fromWho="3" sc="250,-26,250,-13,250,-13,240,62" /><INIT seed="1,0,0,3,2,60" ten="224,237,237,302" oya="1" hai0="32,0,109,81,37,101,74,134,119,124,58,8,128" hai1="55,91,120,30,47,66,72,69,43,13,52,68,110" hai2="67,45,117,33,35,108,57,127,48,41,27,46,96" hai3="71,84,135,54,25,64,89,1,17,130,82,23,63"/><U126/><E72/><V106/><F117/><W10/><G130/><T93/><RYUUKYOKU type="yao9" ba="0,0" sc="224,0,237,0,237,0,302,0" hai0="0,8,32,37,58,74,81,93,101,109,119,124,128,134" /><INIT seed="1,1,0,1,5,68" ten="224,237,237,302" oya="1" hai0="132,28,46,8,128,38,123,76,17,53,0,29,66" hai1="120,104,94,57,54,24,31,88,52,99,126,59,90" hai2="87,112,65,4,129,51,89,1,32,35,77,67,25" hai3="5,58,106,33,2,43,48,47,117,114,98,125,37"/><U82/><E104/><V19/><F112/><W16/><G33/><T80/><D132/><U102/><E120/><V42/><F129/><W122/><G122/><T75/><D123/><U97/><E126/><V62/><F77/><W30/><G30/><T44/><D128/><U79/><E102/><V61/><F4/><W133/><G114/><T63/><D46/><U85/><E97/><V131/><F1/><W72/><G72/><T118/><D118/><U130/><E130/><V70/><F42/><W135/><G117/><T108/><D108/><U93/><E59/><V7/><F7/><W10/><G125/><T91/><D91/><U124/><E124/><V73/><F51/><W83/><G83/><T64/><D64/><U95/><E99/><V134/><F73/><W121/><G121/><T15/><D0/><U9/><E9/><V127/><F134/><N who="3" m="51211" /><G16/><T14/><D15/><U115/><E115/><V84/><F131/><W26/><G26/><T107/><D107/><U12/><E12/><V78/><F78/><W36/><G58/><T109/><D109/><U111/><E111/><V81/><F87/><W34/><G34/><T6/><D17/><U110/><E110/><V103/><F127/><W21/><G21/><T50/><D29/><U11/><E11/><V22/><REACH who="2" step="1"/><F103/><AGARI ba="1,0" hai="2,5,10,36,37,43,47,48,98,103,106" m="51211" machi="103" ten="30,3900,0" yaku="20,1,52,2" doraHai="68" who="3" fromWho="2" sc="224,0,237,0,237,-42,302,42" /><INIT seed="2,0,0,4,0,37" ten="224,237,195,344" oya="2" hai0="65,54,46,87,30,78,118,57,8,124,99,32,131" hai1="126,70,132,98,51,113,111,67,119,23,109,127,89" hai2="26,56,16,121,12,106,134,21,80,48,84,53,69" hai3="45,86,74,103,71,33,9,40,88,82,20,11,122"/><V36/><F121/><W104/><G71/><T133/><D131/><U3/><E3/><V85/><F36/><W105/><G33/><T5/><D133/><U42/><E23/><V55/><F134/><W49/><G122/><T0/><D124/><N who="1" m="47659" /><E132/><V38/><F38/><W90/><G74/><T110/><D110/><N who="1" m="41995" /><E113/><V2/><F2/><W108/><G108/><T64/><D118/><U39/><E119/><V60/><F106/><W130/><G130/><T34/><D30/><U29/><E29/><V92/><F69/><W58/><G58/><T63/><D99/><U27/><E27/><V15/><F92/><W97/><G104/><T1/><D1/><U17/><E17/><V50/><F60/><W7/><G7/><T35/><REACH who="0" step="1"/><D46/><REACH who="0" ten="214,237,195,344" step="2"/><N who="1" m="26071" /><E39/><V25/><F25/><W114/><G114/><T79/><D79/><U19/><E98/><V72/><F72/><W93/><G20/><T44/><D44/><U95/><E89/><N who="2" m="51335" /><F85/><AGARI ba="0,1" hai="9,11,40,45,49,82,85,86,88,90,93,97,103,105" machi="85" ten="30,3900,0" yaku="7,1,52,1,54,1" doraHai="37" who="3" fromWho="2" sc="214,0,237,0,195,-39,344,49" /><INIT seed="3,0,0,0,3,114" ten="214,237,156,393" oya="3" hai0="54,41,83,85,0,50,43,105,94,21,55,17,92" hai1="91,132,87,22,18,99,127,32,23,79,86,84,38" hai2="113,69,109,116,2,102,56,98,53,8,108,80,88" hai3="135,15,126,103,133,66,11,35,62,117,37,74,130"/><W95/><G37/><T10/><D105/><U122/><E32/><V77/><F69/><W20/><G35/><T89/><D0/><U63/><E122/><V60/><F113/><W123/><G74/><T45/><D55/><U120/><E120/><V67/><F116/><W78/><G78/><T75/><D75/><U59/><E38/><V112/><F112/><W72/><G72/><T68/><D68/><U12/><E127/><V34/><F34/><W46/><G20/><T40/><REACH who="0" step="1"/><D10/><REACH who="0" ten="204,237,156,393" step="2"/><N who="1" m="6423" /><E132/><V47/><F2/><W118/><G11/><T26/><AGARI ba="0,1" hai="17,21,26,40,41,43,45,50,54,83,85,89,92,94" machi="26" ten="30,7900,0" yaku="1,1,0,1,8,1,53,1" doraHai="114" doraHaiUra="13" who="0" fromWho="0" sc="204,89,237,-20,156,-20,393,-39" /><INIT seed="4,0,0,1,3,101" ten="293,217,136,354" oya="0" hai0="99,83,17,112,121,25,24,120,92,73,122,104,133" hai1="12,113,35,84,34,132,116,42,56,93,91,94,114" hai2="38,63,36,40,130,14,86,9,22,49,119,18,70" hai3="100,102,68,37,97,61,128,27,28,123,81,8,51"/><T67/><D67/><U105/><E116/><V72/><F72/><W43/><G37/><T16/><D104/><U87/><E132/><V13/><F119/><W32/><G102/><T45/><D133/><U124/><E124/><V5/><F130/><W65/><G81/><T131/><D131/><U47/><E56/><V48/><F38/><W110/><G128/><T66/><D66/><U50/><E12/><V79/><F36/><W129/><G129/><T19/><D45/><U1/><E1/><V31/><F31/><W89/><G89/><T2/><D2/><U78/><E105/><V125/><F125/><W21/><G21/><T20/><D112/><N who="1" m="43115" /><E94/><V62/><F70/><W98/><G8/><T11/><D11/><U90/><E91/><V64/><F64/><W33/><G123/><T76/><REACH who="0" step="1"/><D25/><REACH who="0" ten="283,217,136,354" step="2"/><U96/><E47/><V60/><F9/><W23/><G27/><T54/><D54/><U71/><E71/><V15/><F5/><W75/><G65/><T126/><D126/><U69/><E69/><V88/><F40/><W111/><G43/><T6/><D6/><U55/><E42/><V7/><F7/><W77/><G68/><T115/><D115/><U46/><E55/><V3/><F3/><W109/><G110/><T117/><D117/><U10/><E10/><V29/><F14/><W58/><G109/><T82/><D82/><U44/><E44/><V103/><F15/><W118/><G111/><T95/><D95/><U80/><E46/><V135/><F13/><W52/><G118/><T4/><D4/><U57/><E80/><V39/><F135/><RYUUKYOKU ba="0,1" sc="283,30,217,-10,136,-10,354,-10" hai0="16,17,19,20,24,73,76,83,92,99,120,121,122" /><INIT seed="4,1,1,5,5,13" ten="313,207,126,344" oya="0" hai0="63,5,46,78,102,64,2,74,14,18,55,71,48" hai1="111,110,125,109,41,87,122,37,4,27,22,47,38" hai2="23,123,49,101,7,98,54,32,6,70,83,1,81" hai3="119,93,67,133,124,59,84,107,24,50,31,58,80"/><T28/><D28/><U112/><E122/><V25/><F32/><W121/><G107/><T115/><D115/><U11/><E112/><V60/><F123/><W15/><G119/><T99/><D2/><U16/><E125/><V105/><F70/><W129/><G121/><T3/><D3/><U96/><E87/><V72/><F60/><W43/><G124/><T17/><D74/><U61/><E61/><V88/><F1/><W57/><G93/><T9/><D78/><U10/><E96/><V131/><F131/><W21/><G133/><T126/><D126/><U132/><E132/><V8/><F8/><W56/><G56/><T68/><D71/><U52/><E38/><V128/><F128/><W30/><G15/><T85/><D85/><U45/><REACH who="1" step="1"/><E4/><REACH who="1" ten="313,197,126,344" step="2"/><V75/><F7/><W53/><G129/><T51/><D48/><AGARI ba="1,2" hai="10,11,16,22,27,37,41,45,47,48,52,109,110,111" machi="48" ten="40,12000,2" yaku="1,1,2,1,52,1,54,2,53,1" doraHai="13" doraHaiUra="44" who="1" fromWho="0" sc="313,-123,197,143,126,0,344,0" /><INIT seed="5,0,0,5,2,132" ten="190,340,126,344" oya="1" hai0="71,107,82,6,44,53,47,75,99,7,78,100,43" hai1="58,62,98,117,88,102,121,56,129,9,118,24,111" hai2="28,42,87,86,27,1,64,133,89,127,124,134,2" hai3="51,57,16,61,114,106,39,112,92,79,21,25,18"/><U15/><E121/><V97/><F64/><W22/><G106/><T65/><D65/><U83/><E111/><V123/><F42/><W34/><G39/><T101/><D71/><U77/><E129/><V3/><F97/><W68/><G79/><T74/><D74/><U33/><E88/><V32/><F123/><W76/><G76/><T0/><D0/><U11/><E11/><V59/><F59/><W94/><G34/><T108/><D108/><U63/><E56/><V14/><F14/><W35/><G35/><T66/><D66/><U109/><E109/><V67/><F67/><W95/><G51/><T84/><D75/><U125/><E62/><V54/><F54/><W41/><G41/><T120/><D120/><U20/><E33/><V80/><F87/><W72/><G72/><T17/><D101/><U126/><E58/><V26/><F26/><W115/><G68/><T90/><D78/><U105/><E63/><V85/><F85/><W10/><G10/><T60/><D17/><N who="3" m="6761" /><G25/><T8/><D8/><U31/><E15/><V50/><F50/><W37/><G37/><T48/><D60/><U104/><E9/><V96/><F96/><W135/><G135/><AGARI ba="0,0" hai="1,2,3,27,28,32,80,86,89,124,127,133,134,135" machi="135" ten="50,6400,0" yaku="20,1,52,2" doraHai="132" who="2" fromWho="3" sc="190,0,340,0,126,64,344,-64" /><INIT seed="6,0,0,3,0,129" ten="190,340,190,280" oya="2" hai0="131,95,29,15,58,132,135,73,94,0,39,122,67" hai1="104,52,123,24,51,25,6,13,118,96,93,26,99" hai2="89,117,34,66,9,110,80,62,3,82,53,91,97" hai3="42,105,76,33,125,32,84,48,81,90,1,45,86"/><V63/><F117/><W98/><G1/><T4/><D122/><U128/><E118/><V56/><F34/><W130/><G130/><T59/><D39/><U57/><E128/><V109/><F3/><W41/><G125/><T20/><D73/><U31/><E123/><V107/><F9/><W28/><G28/><T116/><D131/><U120/><E120/><V50/><F63/><W23/><G23/><T92/><D116/><U115/><E115/><V7/><F7/><W68/><G68/><T49/><D0/><U78/><E78/><V75/><F107/><W35/><G41/><T17/><D29/><U103/><E13/><V16/><F75/><W72/><G105/><T71/><D4/><U54/><E54/><V134/><F16/><W21/><G21/><T108/><D108/><N who="2" m="41578" /><F134/><N who="0" m="51242" /><D49/><U114/><E6/><V36/><F36/><W87/><G72/><T126/><D126/><U37/><E37/><V85/><F97/><W2/><G2/><T65/><D65/><U70/><E99/><V8/><F8/><W5/><G5/><T40/><D40/><U43/><E43/><V77/><F82/><W124/><G124/><T88/><D88/><U102/><E96/><V60/><F60/><AGARI ba="0,0" hai="15,17,20,58,59,60,67,71,92,94,95" m="51242" machi="60" ten="30,7700,0" yaku="20,1,52,3" doraHai="129" who="0" fromWho="2" sc="190,77,340,0,190,-77,280,0" /><INIT seed="7,0,0,1,1,74" ten="267,340,113,280" oya="3" hai0="28,67,112,24,99,114,86,32,119,14,96,44,91" hai1="101,92,64,73,116,94,19,3,77,111,126,128,113" hai2="83,97,106,58,22,110,80,69,89,0,34,60,6" hai3="130,1,71,82,41,13,46,78,124,29,48,100,16"/><W68/><G1/><T7/><D119/><U93/><E64/><V131/><F110/><W35/><G100/><T31/><D31/><U43/><E43/><V4/><F34/><W37/><G37/><T25/><D25/><U53/><E53/><V45/><F69/><W70/><G124/><T117/><D117/><U98/><E19/><V23/><F131/><W118/><G118/><T54/><D67/><U55/><E55/><V42/><F106/><W115/><G115/><N who="0" m="44075" /><D14/><U30/><E30/><V27/><F0/><W63/><G130/><T38/><D7/><U47/><E3/><V76/><F89/><W52/><G29/><T12/><D12/><U109/><E126/><V39/><F97/><W18/><G35/><T15/><D15/><U8/><E98/><V36/><F36/><W57/><G13/><T40/><D54/><U81/><E128/><V120/><F120/><W90/><G90/><T50/><D50/><U26/><E26/><V85/><F83/><AGARI ba="0,0" hai="24,28,32,38,40,44,83,86,91,96,99" m="44075" machi="83" ten="30,2000,0" yaku="15,1,11,1" doraHai="74" who="0" fromWho="2" sc="267,20,340,0,113,-20,280,0" owari="287,9.0,340,44.0,93,-41.0,280,-12.0" /></mjloggm>