<mjloggm ver="2.3"><GO type="169" lobby="0"/><UN n0="%E3%82%A6%E3%83%AB%E3%83%88%E3%83%A9%E7%AB%8B%E7%9B%B4" n1="%E5%83%95%E3%83%A2%E3%83%8E%E3%82%AF%E3%83%9E%E3%81%86%E3%81%B7%E3%81%B7" n2="%E5%89%8D%E6%88%AF%33%30%E5%88%86" n3="%EF%BC%AB%EF%BC%A0%E7%BF%A0%E6%98%9F%E7%9F%B3" dan="16,17,18,17" rate="2112.63,2175.53,2258.64,2118.12" sx="M,M,M,M"/><TAIKYOKU oya="0"/><INIT seed="0,0,0,2,5,55" ten="250,250,250,250" oya="0" hai0="50,22,70,115,104,107,18,64,9,43,126,32,123" hai1="73,42,93,116,74,95,65,0,61,76,58,100,46" hai2="12,96,99,109,53,71,17,92,38,78,80,118,77" hai3="10,87,11,34,41,125,16,13,37,28,24,121,15"/><T130/><D123/><U79/><E116/><V4/><F109/><W133/><G121/><T129/><D32/><U135/><E0/><V128/><F128/><N who="0" m="49258" /><D115/><U45/><E135/><V119/><F71/><W25/><G37/><T62/><D9/><U131/><E131/><V59/><F4/><W66/><G41/><T112/><D112/><U83/><E100/><V88/><F96/><W14/><G87/><T84/><D84/><U108/><E108/><V94/><F92/><W35/><G66/><T3/><D3/><U2/><E2/><V75/><F77/><W124/><G133/><T63/><D63/><U33/><E33/><V101/><F38/><W8/><REACH who="3" step="1"/><G16/><REACH who="3" ten="250,250,250,240" step="2"/><T39/><D39/><U90/><E42/><V51/><REACH who="2" step="1"/><F101/><REACH who="2" ten="250,250,240,240" step="2"/><W48/><G48/><T1/><D50/><U60/><E74/><V5/><F5/><W31/><AGARI ba="0,2" hai="8,10,11,13,14,15,24,25,28,31,34,35,124,125" machi="31" ten="40,16000,3" yaku="1,1,0,1,9,1,34,3,53,2" doraHai="55" doraHaiUra="29" who="3" fromWho="3" sc="250,-80,250,-40,240,-40,240,180" /><INIT seed="1,0,0,0,4,35" ten="170,210,200,420" oya="1" hai0="84,89,102,110,56,99,87,9,32,107,83,108,14" hai1="64,82,38,48,49,39,15,26,16,22,120,67,30" hai2="129,115,97,98,54,123,92,60,125,79,57,70,88" hai3="130,24,72,47,133,96,1,50,44,114,94,7,105"/><U93/><E120/><V109/><F123/><W55/><G114/><T0/><D32/><U126/><E126/><V23/><F109/><N who="0" m="42090" /><D56/><U4/><E4/><V12/><F129/><W6/><G105/><T31/><D31/><U65/><E82/><V119/><F70/><W42/><G72/><T128/><D128/><U27/><E93/><N who="2" m="56487" /><F125/><W124/><G133/><T86/><D0/><U127/><E127/><V63/><F119/><W80/><G80/><T66/><D66/><U3/><E3/><V10/><F23/><W118/><G118/><T113/><D113/><U76/><E76/><V45/><F45/><W11/><G130/><T34/><D34/><U43/><E27/><V74/><F79/><W104/><G104/><T36/><D36/><U19/><E19/><AGARI ba="0,0" hai="9,14,19,83,84,86,87,89,99,102,107" m="42090" machi="19" ten="30,1000,0" yaku="14,1" doraHai="35" who="0" fromWho="1" sc="170,10,210,-10,200,0,420,0" /><INIT seed="2,0,0,1,2,99" ten="180,200,200,420" oya="2" hai0="8,66,70,67,101,89,114,107,77,88,120,113,10" hai1="111,61,53,92,100,128,79,90,135,40,43,94,68" hai2="117,6,73,103,131,105,60,49,93,7,65,48,28" hai3="104,46,116,123,102,130,12,119,38,41,47,91,3"/><V50/><F117/><W72/><G3/><T36/><D77/><U17/><E111/><V75/><F105/><W1/><G1/><T115/><D36/><U32/><E32/><V24/><F131/><W109/><G123/><T42/><D42/><U64/><E128/><V19/><F19/><W129/><G109/><T54/><D54/><U4/><E135/><V29/><F73/><W126/><G72/><T58/><D58/><U27/><E4/><V122/><F75/><W82/><G126/><T55/><D55/><U39/><E79/><V134/><F134/><W21/><G130/><T81/><D120/><U69/><E69/><V33/><F28/><W44/><G129/><T51/><D51/><U71/><E71/><V52/><F122/><W108/><G108/><T83/><D70/><U80/><E80/><N who="0" m="30793" /><D101/><U56/><E100/><V78/><F78/><W30/><G38/><T86/><D86/><U95/><E90/><N who="0" m="34921" /><D107/><U20/><REACH who="1" step="1"/><E39/><REACH who="1" ten="180,190,200,420" step="2"/><V57/><F6/><W85/><G102/><T76/><D76/><U22/><E22/><N who="2" m="15511" /><F7/><W127/><G82/><T45/><D45/><U34/><E34/><V121/><F33/><W124/><G44/><T25/><D25/><U37/><E37/><V132/><F132/><W118/><G46/><T13/><D13/><U110/><E110/><V2/><F2/><W11/><G118/><T14/><D14/><U63/><AGARI ba="0,1" hai="17,20,27,40,43,53,56,61,63,64,68,92,94,95" machi="63" ten="30,2000,0" yaku="1,1,0,1,53,0" doraHai="99" doraHaiUra="0" who="1" fromWho="1" sc="180,-5,190,30,200,-10,420,-5" /><INIT seed="3,0,0,5,2,126" ten="175,220,190,415" oya="3" hai0="37,32,118,38,79,52,100,40,120,122,26,17,76" hai1="24,128,99,39,29,70,72,85,14,94,107,27,66" hai2="108,59,114,104,93,97,13,77,33,127,69,42,54" hai3="103,60,49,45,36,56,123,121,55,81,117,73,15"/><W65/><G103/><T64/><D118/><U75/><E39/><V87/><F69/><W134/><G117/><T51/><D64/><U101/><E14/><V4/><F33/><W48/><G134/><T74/><D100/><U28/><E85/><V3/><F104/><W34/><G34/><T9/><D40/><U98/><E94/><V2/><F3/><W43/><G15/><T1/><D38/><U25/><E99/><V133/><F2/><W30/><G30/><T89/><D37/><U62/><E128/><V130/><F42/><W71/><G48/><T84/><D122/><U47/><E47/><V119/><F130/><W21/><G21/><T124/><D120/><U115/><E115/><V18/><F4/><W86/><REACH who="3" step="1"/><G73/><REACH who="3" ten="175,220,190,405" step="2"/><T90/><D74/><U31/><AGARI ba="0,1" hai="24,25,27,28,29,31,62,66,70,72,75,98,101,107" machi="31" ten="30,1100,0" yaku="0,1" doraHai="126" who="1" fromWho="1" sc="175,-3,220,21,190,-3,405,-5" /><INIT seed="4,0,0,0,0,121" ten="172,241,187,400" oya="0" hai0="14,113,7,119,116,67,0,80,32,74,108,38,95" hai1="23,90,84,50,77,36,13,135,61,122,2,47,115" hai2="59,117,103,60,66,76,40,126,125,101,93,49,39" hai3="65,109,112,79,88,58,8,26,3,12,53,72,55"/><T130/><D14/><U6/><E122/><V131/><F76/><W4/><G112/><T17/><D95/><U42/><E135/><V134/><F134/><W105/><G105/><T128/><D17/><U62/><E115/><V81/><F81/><W29/><G79/><N who="0" m="44151" /><D113/><U110/><E2/><V85/><F131/><N who="0" m="50218" /><D32/><U69/><E13/><V94/><F39/><W9/><G72/><T120/><D67/><U132/><E23/><V52/><F40/><W54/><G65/><T89/><D89/><U92/><E90/><N who="2" m="53455" /><F117/><N who="0" m="45130" /><D120/><U123/><E92/><V97/><F125/><W102/><G88/><T35/><D35/><U48/><E123/><V44/><F126/><W111/><G12/><T96/><D96/><U22/><E22/><V57/><F101/><W70/><G102/><T64/><D64/><U20/><E20/><V25/><F25/><W98/><G98/><T11/><D38/><U41/><E36/><V15/><F15/><W45/><G26/><T68/><D68/><U100/><E69/><V73/><F73/><W10/><G70/><T133/><D133/><U106/><E132/><V46/><AGARI ba="0,0" hai="44,46,49,52,57,59,60,66,94,97,103" m="53455" machi="46" ten="30,2000,0" yaku="8,1,54,1" doraHai="121" who="2" fromWho="2" sc="172,-10,241,-5,187,20,400,-5" /><INIT seed="5,0,0,1,0,5" ten="162,236,207,395" oya="1" hai0="133,44,47,38,110,105,12,48,1,56,120,107,71" hai1="10,84,60,61,15,121,17,83,54,51,106,131,89" hai2="69,20,72,100,96,95,99,88,86,127,135,7,33" hai3="101,123,87,58,68,119,18,90,46,35,11,76,78"/><U41/><E121/><V9/><F33/><W24/><G68/><T117/><D1/><U85/><E106/><V6/><F69/><W63/><G123/><T104/><D110/><U128/><E41/><V82/><F127/><W79/><G101/><T31/><D117/><U122/><E122/><V8/><F135/><W65/><G119/><T29/><D120/><U114/><E114/><V52/><F72/><W109/><G109/><T67/><D133/><U19/><E19/><V28/><F96/><W21/><G35/><T62/><D12/><U43/><E43/><V97/><F99/><W30/><G46/><T116/><D116/><U42/><E42/><V126/><F126/><W118/><G118/><T34/><D34/><U81/><E131/><V3/><F52/><W77/><G77/><T27/><D27/><U111/><E111/><V37/><F37/><W50/><G50/><T25/><D25/><U91/><E128/><V26/><F3/><W32/><G32/><T36/><D47/><AGARI ba="0,0" hai="10,15,17,47,51,54,60,61,81,83,84,85,89,91" machi="47" ten="30,18000,2" yaku="7,1,9,1,25,2,8,1,52,1" doraHai="5" who="1" fromWho="0" sc="162,-180,236,180,207,0,395,0" owari="-18,-52.0,416,51.0,207,-19.0,395,20.0" /></mjloggm>