<mjloggm ver="2.3"><GO type="169" lobby="0"/><UN n0="%E3%82%A6%E3%83%AB%E3%83%88%E3%83%A9%E7%AB%8B%E7%9B%B4" n1="%E3%83%90%E3%82%A4%E3%82%A2%E3%83%A9%E3%83%B3" n2="%E3%82%8A%E3%82%87%E3%81%86%E3%81%BE%35%37%32%34" n3="%69%73%63%6F%70%65" dan="17,18,16,16" rate="2174.59,2176.46,2181.41,2109.97" sx="M,M,M,M"/><TAIKYOKU oya="0"/><INIT seed="0,0,0,0,5,53" ten="250,250,250,250" oya="0" hai0="101,64,33,26,54,29,27,71,121,24,19,133,42" hai1="60,70,49,90,130,46,59,41,102,77,91,14,8" hai2="23,95,48,17,50,39,47,128,5,35,100,12,134" hai3="106,81,57,72,115,76,99,69,22,6,10,103,80"/><T34/><D121/><U3/><E130/><V32/><F128/><W105/><G69/><T63/><D133/><U38/><E3/><V68/><F68/><W131/><G131/><T9/><D42/><U21/><E102/><V87/><F39/><W117/><G117/><T15/><D34/><U124/><E124/><V0/><F134/><W132/><G132/><T97/><REACH who="0" step="1"/><D54/><REACH who="0" ten="240,250,250,250" step="2"/><U11/><E41/><V82/><F35/><W120/><G120/><T108/><D108/><U4/><E38/><V119/><F32/><W84/><G115/><T61/><D61/><U93/><E60/><V118/><F118/><W92/><G105/><AGARI ba="0,1" hai="9,15,19,24,26,27,29,33,63,64,71,97,101,105" machi="105" ten="30,11600,0" yaku="1,1,7,1,25,2,53,0" doraHai="53" doraHaiUra="18" who="0" fromWho="3" sc="240,126,250,0,250,0,250,-116" /><INIT seed="0,1,0,1,2,48" ten="366,250,250,134" oya="0" hai0="127,126,69,62,32,106,37,35,41,122,128,33,87" hai1="98,12,38,68,11,28,115,74,27,131,134,94,9" hai2="39,86,3,76,111,54,44,119,63,58,66,1,19" hai3="51,42,16,24,133,26,104,124,47,73,95,113,64"/><T108/><D122/><U89/><E68/><V21/><F111/><W81/><G104/><T34/><D106/><U25/><E38/><V100/><F100/><W78/><G113/><T49/><D108/><U20/><E74/><V91/><F76/><W43/><G133/><T109/><D109/><U4/><E131/><V71/><F119/><W65/><G42/><T22/><D128/><U97/><E134/><V130/><F130/><W80/><G80/><T132/><D32/><U77/><E115/><V121/><F121/><W45/><G45/><T23/><D37/><U67/><E67/><V18/><F18/><W129/><G129/><T96/><D33/><U7/><E77/><V40/><F86/><W93/><G26/><T75/><D35/><U90/><E25/><V117/><F91/><W8/><G124/><T79/><D34/><U110/><E110/><V101/><F101/><W0/><G0/><T30/><D69/><U55/><E55/><V99/><F99/><W70/><G70/><T85/><D75/><U14/><REACH who="1" step="1"/><E98/><REACH who="1" ten="366,240,250,134" step="2"/><V105/><F117/><W116/><G116/><T125/><D132/><U13/><E13/><N who="2" m="9455" /><F105/><W56/><G24/><T29/><D127/><U107/><E107/><V57/><F57/><W2/><G56/><T53/><D126/><U36/><E36/><V52/><F54/><W112/><G112/><T6/><D125/><U103/><AGARI ba="1,1" hai="4,7,9,11,12,14,20,27,28,89,90,94,97,103" machi="103" ten="20,8000,1" yaku="1,1,0,1,7,1,9,1,8,1,53,0" doraHai="48" doraHaiUra="83" who="1" fromWho="1" sc="366,-41,240,93,250,-21,134,-21" /><INIT seed="1,0,0,4,5,5" ten="325,333,229,113" oya="1" hai0="83,112,99,78,121,95,73,52,122,31,128,117,15" hai1="54,115,26,127,91,89,40,65,90,107,75,106,43" hai2="76,74,24,49,18,72,44,116,50,124,108,103,92" hai3="62,46,120,93,55,42,80,14,84,58,29,82,36"/><U101/><E115/><V130/><F116/><W63/><G120/><N who="0" m="46187" /><D31/><U4/><E127/><V7/><F124/><W3/><G3/><T19/><D112/><U0/><E75/><V126/><F126/><W105/><G105/><T53/><D117/><U97/><E65/><V17/><F76/><W30/><G82/><T79/><D79/><U2/><E106/><V125/><F125/><W61/><G93/><T135/><D135/><U85/><E0/><V60/><F60/><W23/><G30/><T66/><D66/><U13/><E2/><V10/><F108/><W119/><G119/><T6/><D6/><U87/><E26/><V35/><F130/><W41/><G41/><T131/><D128/><U110/><E110/><V113/><F113/><W102/><G102/><N who="0" m="60799" /><D131/><U134/><E134/><V27/><F35/><W51/><G29/><T109/><D109/><U9/><E43/><V32/><F32/><W81/><G84/><T71/><D71/><U16/><E40/><V59/><F92/><W88/><G80/><T21/><AGARI ba="0,0" hai="15,19,21,52,53,73,78,83" m="60799,46187" machi="21" ten="30,2000,0" yaku="13,1,54,1" doraHai="5" who="0" fromWho="0" sc="325,20,333,-10,229,-5,113,-5" /><INIT seed="2,0,0,4,5,117" ten="345,323,224,108" oya="2" hai0="56,108,76,75,109,134,27,128,104,96,51,24,107" hai1="19,23,38,91,88,135,66,99,43,41,101,40,15" hai2="105,46,118,57,31,45,63,81,124,47,26,80,62" hai3="5,71,34,87,36,83,28,121,86,37,11,18,13"/><V17/><F118/><W130/><G71/><T52/><D128/><U90/><E135/><V98/><F124/><W132/><G130/><T112/><D112/><U89/><N who="1" m="22528" /><DORA hai="39" /><U30/><E30/><V33/><F17/><W7/><G132/><T125/><D125/><U35/><E35/><V78/><F81/><W95/><G95/><T120/><D120/><U50/><E38/><V6/><F6/><W55/><G121/><T114/><D114/><U133/><E133/><V106/><F98/><W72/><G36/><T29/><D134/><U9/><E66/><V100/><F100/><W119/><G37/><T94/><D94/><N who="1" m="58615" /><E23/><V84/><REACH who="2" step="1"/><F63/><REACH who="2" ten="345,323,214,108" step="2"/><W85/><G119/><T25/><D96/><U129/><E129/><V14/><F14/><W69/><G13/><T3/><D3/><U79/><E79/><V20/><F20/><W123/><G34/><T12/><D12/><U58/><E58/><V21/><F21/><W102/><G102/><T54/><D25/><U67/><E67/><AGARI ba="0,1" hai="26,31,33,45,46,47,57,62,67,78,80,84,105,106" machi="67" ten="40,2000,0" yaku="1,1,53,0" doraHai="117,39" doraHaiUra="110,97" who="2" fromWho="1" sc="345,0,323,-20,214,30,108,0" /><INIT seed="2,1,0,4,4,63" ten="345,303,244,108" oya="2" hai0="4,52,46,109,38,81,120,23,91,67,48,18,43" hai1="57,78,26,89,97,77,1,71,129,133,117,122,62" hai2="60,47,102,53,126,113,118,36,54,123,111,104,107" hai3="13,5,6,119,16,94,124,105,12,41,21,10,42"/><V70/><F118/><W14/><G105/><T32/><D32/><U30/><E117/><V3/><F3/><W22/><G119/><T35/><D35/><U73/><E73/><V49/><F113/><W96/><G124/><T76/><D120/><U128/><E71/><V116/><F116/><W98/><G98/><T131/><D131/><N who="1" m="50251" /><E1/><V80/><F123/><W125/><G125/><T56/><D109/><U100/><E89/><V9/><F126/><W55/><G55/><T127/><D4/><U8/><E8/><V110/><F36/><W37/><G37/><T115/><D115/><U79/><E133/><V132/><F132/><W44/><G44/><T61/><D91/><U88/><E88/><V25/><F9/><N who="3" m="4143" /><G21/><T64/><D127/><U59/><E62/><V68/><F80/><W51/><G51/><T29/><D29/><U0/><E0/><V106/><F102/><AGARI ba="1,0" hai="6,10,13,14,16,22,41,42,94,96,102" m="4143" machi="102" ten="30,2000,0" yaku="8,1,54,1" doraHai="63" who="3" fromWho="2" sc="345,0,303,0,244,-23,108,23" /><INIT seed="3,0,0,2,1,57" ten="345,303,221,131" oya="3" hai0="51,80,126,6,7,58,72,104,102,121,35,38,29" hai1="127,87,66,14,133,75,10,23,119,96,31,27,98" hai2="24,105,131,128,37,116,48,99,109,9,21,39,53" hai3="52,15,46,56,107,17,117,25,40,124,112,18,115"/><W129/><G117/><T42/><D121/><U114/><E75/><V65/><F65/><W20/><G107/><T90/><D126/><U19/><E114/><V132/><F109/><W82/><G124/><T44/><D29/><U3/><E133/><V43/><F43/><W13/><G129/><N who="2" m="49737" /><F132/><W92/><G82/><T33/><D33/><U93/><E119/><V78/><F78/><W122/><G122/><T32/><D35/><U36/><E36/><V47/><F9/><W111/><G111/><T86/><D32/><U45/><E3/><V70/><F70/><W118/><G92/><T135/><D135/><U74/><E74/><V22/><F22/><W110/><G110/><T71/><D71/><U2/><E2/><V26/><F26/><W49/><G25/><T12/><D12/><U11/><E14/><V62/><F62/><W64/><G64/><T76/><D58/><U59/><E59/><V8/><F8/><W61/><G118/><T77/><D38/><U63/><E27/><V125/><F125/><W0/><G0/><T106/><D106/><U54/><E10/><AGARI ba="0,0" hai="10,13,15,17,18,20,40,46,49,52,56,61,112,115" machi="10" ten="30,5800,0" yaku="7,1,52,1,54,1" doraHai="57" who="3" fromWho="1" sc="345,0,303,-58,221,0,131,58" /><INIT seed="3,1,0,4,3,21" ten="345,245,221,189" oya="3" hai0="54,36,129,124,132,69,12,105,13,81,14,27,127" hai1="134,123,96,87,16,130,2,93,58,101,111,23,133" hai2="94,19,66,53,119,104,7,47,86,73,74,60,65" hai3="79,131,102,122,29,95,31,85,63,17,44,108,43"/><W8/><G122/><T5/><D129/><U70/><E70/><V107/><F7/><W125/><G131/><T50/><D132/><N who="1" m="50795" /><E2/><V120/><F19/><W10/><G125/><N who="0" m="48203" /><D36/><U126/><E126/><V26/><F26/><W49/><G108/><T22/><D105/><U135/><E130/><V52/><F94/><W128/><G128/><T35/><D81/><U114/><E114/><V30/><F30/><N who="3" m="11275" /><G63/><T33/><D69/><U64/><E123/><V84/><F60/><W6/><G6/><T9/><D54/><U103/><E111/><V92/><F120/><W25/><G79/><T113/><D50/><U117/><E117/><V90/><F92/><W4/><G4/><T59/><D59/><U98/><N who="1" m="50803" /><U71/><DORA hai="51" /><E71/><V80/><F119/><W45/><G45/><T109/><D109/><U42/><E58/><V67/><F67/><W34/><G34/><N who="0" m="12811" /><D113/><U41/><E64/><V121/><F121/><W78/><G78/><T11/><D5/><U48/><E48/><V83/><F90/><N who="3" m="53711" /><G102/><T40/><D40/><U100/><E100/><V110/><F110/><W46/><G46/><AGARI ba="1,0" hai="46,47,52,53,65,66,73,74,80,83,84,86,104,107" machi="46" ten="25,8000,1" yaku="22,2,52,2,54,1" doraHai="21,51" who="2" fromWho="3" sc="345,0,245,0,221,83,189,-83" /><INIT seed="4,0,0,2,0,24" ten="345,245,304,106" oya="0" hai0="89,19,63,83,16,115,111,108,42,101,114,78,120" hai1="97,67,17,49,106,56,47,112,107,61,69,72,79" hai2="29,43,21,105,110,122,3,58,75,38,36,34,1" hai3="117,51,82,95,74,37,88,133,32,39,92,85,22"/><T8/><D120/><U96/><E112/><N who="0" m="43049" /><D101/><U48/><E72/><V119/><F58/><W76/><G32/><T126/><D126/><U128/><E79/><V132/><F21/><W129/><G117/><T80/><D42/><U93/><E128/><V57/><F57/><W135/><G129/><T66/><D89/><U18/><E69/><V10/><F43/><W134/><G51/><T100/><D100/><U68/><E68/><V55/><F55/><W118/><G118/><T26/><D8/><U86/><E49/><V52/><F52/><W130/><G130/><T9/><D9/><U127/><E127/><V131/><F10/><W4/><G4/><T103/><D103/><U113/><E107/><V28/><F28/><W98/><G22/><N who="0" m="13639" /><D19/><N who="1" m="7179" /><E106/><V109/><F29/><W70/><G70/><N who="0" m="42335" /><D83/><U50/><E50/><V5/><F5/><W11/><REACH who="3" step="1"/><G11/><REACH who="3" ten="345,245,304,96" step="2"/><T33/><D33/><U123/><E48/><V25/><F34/><W54/><G54/><T87/><AGARI ba="0,1" hai="78,80,87,108,111" m="42335,13639,43049" machi="87" ten="30,3000,0" yaku="15,1,54,1" doraHai="24" who="0" fromWho="0" sc="345,40,245,-10,304,-10,96,-10" /><INIT seed="4,1,0,1,4,12" ten="385,235,294,86" oya="0" hai0="122,127,79,55,37,31,61,134,38,91,6,20,93" hai1="104,90,108,113,121,81,1,103,9,110,101,52,87" hai2="26,50,4,74,17,27,80,96,95,44,30,100,124" hai3="88,22,35,23,19,71,7,47,126,85,119,2,68"/><T72/><D122/><U111/><E121/><V130/><F130/><W10/><G119/><T67/><D127/><U0/><E104/><V123/><F123/><W70/><G126/><T75/><D134/><U73/><E73/><V33/><F124/><W25/><G47/><T41/><D6/><U3/><E9/><V54/><F4/><W45/><G45/><T49/><D41/><U98/><E98/><V18/><REACH who="2" step="1"/><F26/><REACH who="2" ten="385,235,284,86" step="2"/><W28/><REACH who="3" step="1"/><G19/><REACH who="3" ten="385,235,284,76" step="2"/><T21/><D31/><U105/><E110/><V11/><F11/><W42/><G42/><T107/><D38/><U24/><E111/><V32/><F32/><W43/><G43/><T56/><D37/><U114/><E108/><V86/><F86/><W69/><N who="3" m="17408" /><DORA hai="83" /><W8/><G8/><T94/><D75/><U29/><E87/><V128/><F128/><W109/><G109/><T89/><D72/><U63/><E114/><V36/><F36/><W58/><G58/><T51/><D56/><U97/><E113/><V133/><F133/><W112/><G112/><T135/><D135/><U117/><E117/><V102/><F102/><W82/><AGARI ba="1,2" hai="2,7,10,22,23,25,28,35,82,85,88" m="17408" machi="82" ten="60,8000,1" yaku="1,1,0,1,52,1,54,1,53,0" doraHai="12,83" doraHaiUra="125,131" who="3" fromWho="3" sc="385,-41,235,-21,284,-21,76,103" /><INIT seed="5,0,0,3,0,99" ten="344,214,263,179" oya="1" hai0="135,49,87,93,119,51,48,88,100,109,125,3,75" hai1="120,55,46,11,91,37,102,1,29,81,40,101,122" hai2="108,133,126,123,0,21,50,47,43,89,129,38,15" hai3="131,7,118,12,4,13,31,77,66,106,23,76,42"/><U116/><E116/><V8/><F108/><W5/><G118/><T62/><D109/><U115/><E29/><V17/><F123/><W34/><G42/><T60/><D119/><U113/><E55/><V67/><F126/><W14/><G66/><T83/><D3/><U36/><E91/><V30/><F129/><W74/><G106/><T9/><D125/><U72/><E37/><V71/><F133/><W35/><G74/><T127/><D127/><U96/><E96/><V10/><F71/><W26/><G131/><T59/><D135/><U24/><E24/><V104/><F104/><W128/><G128/><T33/><D33/><N who="3" m="12297" /><G77/><T22/><D9/><U84/><E84/><V58/><F89/><W86/><G86/><T117/><D117/><U41/><E41/><V57/><F57/><W69/><G69/><T134/><D134/><U52/><E52/><V28/><F58/><W16/><G76/><T98/><D75/><U32/><E32/><AGARI ba="0,0" hai="4,5,7,12,13,14,16,23,26,31,32" m="12297" machi="32" ten="30,12000,2" yaku="35,5,54,1" doraHai="99" who="3" fromWho="1" sc="344,0,214,-120,263,0,179,120" /><INIT seed="6,0,0,5,5,34" ten="344,94,263,299" oya="2" hai0="30,47,23,43,51,24,74,17,21,103,38,58,112" hai1="104,80,72,4,54,69,126,65,61,99,127,73,60" hai2="8,29,82,1,77,97,125,135,10,33,87,45,81" hai3="129,35,5,119,96,40,6,78,66,133,101,49,18"/><V91/><F125/><W2/><G35/><T90/><D112/><U57/><E80/><V27/><F135/><W39/><G39/><T79/><D103/><U31/><E4/><V110/><F110/><W130/><G66/><T15/><D79/><U123/><E123/><V75/><F1/><W117/><G78/><T84/><D74/><U115/><E115/><V105/><REACH who="2" step="1"/><F45/><REACH who="2" ten="344,94,253,299" step="2"/><N who="3" m="25767" /><G2/><T14/><D58/><U62/><E127/><V67/><F67/><W128/><G133/><T11/><D38/><U12/><E126/><V109/><F109/><W107/><G117/><T120/><D120/><U25/><E12/><V56/><F56/><W7/><G119/><T134/><D134/><U19/><E19/><AGARI ba="0,1" hai="5,6,7,18,19,96,101,107,128,129,130" m="25767" machi="19" ten="40,1300,0" yaku="19,1" doraHai="34" who="3" fromWho="1" sc="344,0,94,-13,253,0,299,23" /><INIT seed="7,0,0,5,5,101" ten="344,81,253,322" oya="3" hai0="64,28,22,17,20,36,5,76,131,133,98,52,65" hai1="27,105,15,77,129,106,74,111,81,72,66,45,21" hai2="82,1,107,32,47,0,100,48,83,51,88,69,70" hai3="87,10,18,90,125,42,67,57,128,114,60,91,59"/><W108/><G114/><T53/><D36/><U35/><E111/><V75/><F75/><W4/><G108/><T68/><D68/><U39/><E129/><V33/><F100/><W119/><G119/><T25/><D131/><U46/><E15/><V13/><F13/><N who="3" m="5319" /><G125/><T95/><D133/><U86/><E21/><V117/><F47/><W14/><G128/><T37/><D37/><U97/><E46/><V6/><F6/><W16/><G42/><T19/><D76/><U103/><E86/><V71/><F71/><W23/><G59/><T112/><D112/><U49/><E49/><V93/><F93/><W34/><G34/><T104/><D104/><U55/><E55/><N who="0" m="21065" /><D5/><U135/><E66/><N who="0" m="25705" /><D22/><U126/><E72/><V118/><REACH who="2" step="1"/><F88/><AGARI ba="0,0" hai="17,19,20,25,28,88,95,98" m="25705,21065" machi="88" ten="30,3900,0" yaku="8,1,54,2" doraHai="101" who="0" fromWho="2" sc="344,39,81,0,253,-39,322,0" owari="383,49.0,81,-42.0,214,-19.0,322,12.0" /></mjloggm>