<mjloggm ver="2.3"><GO type="169" lobby="0"/><UN n0="%E5%B0%B1%E6%B4%BB%E7%94%9F%40%E5%B7%9D%E6%9D%91%E8%BB%8D%E5%9B%A3" n1="%4A%65%66%66" n2="%E3%81%8D%E3%81%97%E3%82%8A%E3%81%A3%E3%81%97%E3%82%85" n3="%28%5E%5E%5E%29" dan="16,16,16,16" rate="2148.95,2057.81,2049.96,2040.39" sx="M,M,M,M"/><TAIKYOKU oya="0"/><INIT seed="0,0,0,5,3,91" ten="250,250,250,250" oya="0" hai0="41,43,17,110,40,111,70,122,7,107,54,13,58" hai1="18,1,120,115,45,20,92,105,88,27,85,123,34" hai2="73,26,124,30,102,21,72,131,11,133,112,99,114" hai3="127,19,66,61,104,93,2,67,84,132,75,44,57"/><T36/><D122/><U14/><E105/><V68/><F68/><W71/><G104/><T65/><D107/><U29/><E1/><V23/><F124/><W53/><G127/><T28/><D7/><U106/><E106/><V60/><F131/><W101/><G2/><T16/><D28/><U130/><E115/><N who="2" m="44075" /><F133/><W98/><G75/><T78/><D78/><U46/><REACH who="1" step="1"/><E130/><REACH who="1" ten="250,240,250,250" step="2"/><V117/><F117/><W80/><G132/><T89/><D36/><U129/><E129/><V94/><F60/><W119/><G119/><T24/><D70/><U90/><E90/><V12/><F21/><W77/><G19/><T126/><D126/><U69/><E69/><V52/><F23/><W0/><G0/><T108/><D65/><U135/><E135/><V8/><F8/><W87/><G71/><T33/><D89/><U35/><E35/><V76/><F11/><W95/><G67/><T15/><D33/><U113/><E113/><V38/><F38/><W55/><G66/><T116/><D116/><U83/><E83/><V9/><F9/><W63/><G80/><T74/><D74/><U62/><E62/><V25/><F72/><W79/><G63/><N who="0" m="36311" /><D24/><U121/><AGARI ba="0,1" hai="14,18,20,27,29,34,45,46,85,88,92,120,121,123" machi="121" ten="30,8000,1" yaku="1,1,0,1,52,1,54,1,53,1" doraHai="91" doraHaiUra="10" who="1" fromWho="1" sc="250,-40,240,90,250,-20,250,-20" /><INIT seed="1,0,0,1,1,125" ten="210,330,230,230" oya="1" hai0="57,13,56,52,94,4,33,131,45,42,71,114,0" hai1="31,49,38,7,70,64,128,8,75,74,6,123,83" hai2="34,80,18,69,1,63,84,124,86,112,101,108,120" hai3="61,98,119,68,79,62,9,41,126,51,135,115,46"/><U37/><E123/><V93/><F34/><W10/><G126/><T43/><D114/><U36/><E31/><V29/><F29/><W105/><G115/><T117/><D71/><U59/><E7/><V88/><F112/><W77/><G119/><T21/><D33/><U106/><E106/><V103/><F120/><W17/><G135/><T87/><D0/><U11/><E11/><N who="3" m="4106" /><G105/><T5/><D117/><U113/><E113/><V100/><F124/><W54/><G68/><T23/><D131/><U22/><E22/><N who="0" m="8201" /><D13/><U90/><E128/><V3/><F108/><W95/><G17/><T81/><D94/><U133/><E133/><V50/><F18/><W14/><G14/><T111/><D57/><U76/><E74/><V102/><N who="2" m="25600" /><DORA hai="104" /><V110/><F110/><W116/><G116/><T30/><D30/><U16/><E70/><V130/><F130/><W12/><G12/><T85/><D85/><U132/><E132/><V24/><F24/><W27/><G27/><T82/><D82/><U121/><E121/><V60/><F50/><W107/><G107/><T97/><D97/><U96/><E49/><V48/><F48/><W118/><G118/><T2/><D2/><N who="1" m="87" /><E16/><V129/><F129/><W15/><G15/><T66/><D111/><U78/><E76/><N who="3" m="29258" /><G62/><N who="2" m="23593" /><F69/><W39/><G61/><N who="0" m="35975" /><D66/><U40/><E40/><N who="0" m="15401" /><D45/><U67/><E67/><V134/><F134/><W44/><G98/><T28/><D28/><U73/><E75/><V65/><F65/><W25/><G25/><T92/><D81/><U26/><E26/><V109/><F109/><W32/><G32/><T122/><D122/><RYUUKYOKU ba="0,0" sc="210,10,330,-30,230,10,230,10" hai0="4,5,87,92" hai2="1,3,80,84,86,88,93" hai3="39,41,44,46,51,54,95" /><INIT seed="2,1,0,0,3,14" ten="220,300,240,240" oya="2" hai0="35,7,103,33,66,16,22,68,46,57,39,28,107" hai1="108,92,31,10,36,78,114,126,119,0,133,53,115" hai2="101,74,29,52,20,44,124,120,61,64,110,67,65" hai3="34,24,54,9,131,62,17,47,127,79,55,73,21"/><V87/><F120/><W135/><G135/><T5/><D68/><U106/><E133/><V70/><F74/><W90/><G131/><T42/><D107/><U93/><E106/><V97/><F124/><W32/><G127/><T85/><D103/><U116/><E36/><V128/><F128/><W91/><G73/><T26/><D85/><U109/><E78/><V48/><F110/><N who="1" m="42601" /><E31/><V25/><REACH who="2" step="1"/><F87/><REACH who="2" ten="220,300,230,240" step="2"/><W13/><G34/><T69/><D35/><U43/><E126/><V12/><F12/><W1/><G32/><T102/><D69/><U123/><E10/><V15/><F15/><W121/><G121/><T2/><D2/><U112/><E0/><V89/><F89/><W83/><G1/><T104/><D102/><U130/><E130/><V122/><F122/><W72/><G91/><T129/><D129/><U38/><E53/><V40/><F40/><W76/><G55/><T118/><D118/><N who="1" m="45099" /><E43/><V60/><F60/><W45/><G90/><T50/><D104/><AGARI ba="1,1" hai="20,25,29,44,48,52,61,64,65,67,70,97,101,104" machi="104" ten="30,5800,0" yaku="1,1,7,1,54,1,53,0" doraHai="14" doraHaiUra="37" who="2" fromWho="0" sc="220,-61,300,0,230,71,240,0" /><INIT seed="2,2,0,4,3,2" ten="159,300,301,240" oya="2" hai0="58,68,44,84,36,33,113,71,102,51,88,34,49" hai1="3,35,116,32,135,38,28,54,101,24,115,122,90" hai2="17,23,39,121,98,110,9,108,59,123,81,83,92" hai3="67,70,57,14,72,64,131,132,62,4,105,79,15"/><V56/><F39/><W128/><G105/><T50/><D113/><U7/><E116/><V18/><F9/><W42/><G42/><T0/><D0/><U126/><E115/><V19/><F23/><W22/><G72/><T86/><D102/><U94/><E38/><V129/><F129/><N who="3" m="49739" /><G79/><T85/><D88/><U78/><E78/><V48/><F48/><W100/><G100/><T96/><D96/><U40/><E40/><V29/><F29/><W5/><G132/><T134/><D134/><U120/><E35/><V103/><F59/><W45/><G45/><T11/><D11/><N who="1" m="2559" /><E101/><V76/><F56/><W127/><G127/><T93/><D58/><U73/><E73/><V133/><F133/><W10/><G22/><T104/><D104/><U1/><E126/><V91/><F103/><W61/><G14/><T41/><REACH who="0" step="1"/><D93/><REACH who="0" ten="149,300,301,240" step="2"/><U114/><E1/><V63/><F121/><W43/><G43/><T95/><D95/><U26/><E90/><V20/><F123/><N who="1" m="47145" /><E94/><V80/><F63/><W25/><G25/><T30/><D30/><U60/><E26/><V111/><REACH who="2" step="1"/><F20/><REACH who="2" ten="149,300,291,240" step="2"/><W66/><G66/><T117/><D117/><U31/><E28/><V109/><N who="2" m="27648" /><DORA hai="125" /><V112/><F112/><W89/><G89/><T69/><AGARI ba="2,2" hai="33,34,36,41,44,49,50,51,68,69,71,84,85,86" machi="69" ten="40,12000,2" yaku="1,1,0,1,29,2,53,3" doraHai="2,125" doraHaiUra="124,65" who="0" fromWho="0" sc="149,146,300,-32,291,-62,240,-32" /><INIT seed="3,0,0,4,0,134" ten="295,268,229,208" oya="3" hai0="18,77,36,86,32,5,27,71,41,81,123,79,88" hai1="113,64,104,120,0,44,24,87,109,63,83,72,82" hai2="70,129,90,69,78,105,56,84,61,31,133,3,96" hai3="55,14,122,28,92,37,43,115,39,53,26,73,127"/><W62/><G115/><T132/><D123/><U124/><E120/><V52/><F3/><W15/><G122/><T102/><D71/><U111/><E113/><V6/><F6/><W75/><G92/><T98/><D132/><U57/><E104/><V135/><F135/><W51/><G62/><T46/><D5/><U106/><E106/><V42/><F133/><W101/><G51/><T91/><D77/><N who="1" m="44327" /><E0/><V23/><F129/><W130/><G130/><T8/><D8/><U59/><E24/><V33/><F33/><W16/><G26/><T54/><D54/><U114/><E44/><V19/><F31/><W108/><G108/><N who="1" m="41546" /><E114/><V85/><F42/><W60/><G60/><T45/><D45/><U94/><E94/><V29/><F29/><W68/><G43/><T119/><D119/><U103/><E103/><V118/><F118/><W22/><G28/><T121/><D121/><U12/><E12/><V2/><F2/><W95/><G95/><T65/><D65/><U1/><E59/><V50/><F105/><W107/><G107/><T17/><D32/><U34/><E34/><V66/><F70/><W99/><G68/><T110/><D110/><U49/><E1/><V128/><F128/><W100/><G99/><T58/><D58/><U126/><E49/><V40/><F40/><W116/><G116/><T93/><D27/><U7/><E7/><V80/><F96/><W112/><G112/><T97/><D97/><U48/><E48/><V9/><F9/><W67/><G67/><T4/><D4/><U74/><E74/><N who="2" m="43095" /><F90/><AGARI ba="0,0" hai="57,63,64,83,87,90,124,126" m="41546,44327" machi="90" ten="30,3900,0" yaku="14,1,52,2" doraHai="134" who="1" fromWho="2" sc="295,0,268,39,229,-39,208,0" /><INIT seed="4,0,0,4,3,45" ten="295,307,190,208" oya="0" hai0="104,76,92,131,37,11,34,0,1,93,2,63,30" hai1="29,59,99,49,39,100,51,48,132,94,70,19,66" hai2="28,68,110,108,120,8,24,26,64,53,127,65,36" hai3="33,38,121,41,20,10,9,101,82,17,124,21,78"/><T18/><D104/><U83/><E132/><V4/><F36/><W69/><G121/><T32/><D37/><U23/><E39/><V115/><F120/><W3/><G124/><T60/><D131/><U75/><E70/><V133/><F127/><W58/><G69/><T56/><D76/><U122/><E122/><V97/><F133/><W103/><G33/><T50/><D32/><U95/><E29/><V135/><F135/><W67/><G21/><T55/><D34/><U116/><E116/><V98/><F115/><W107/><G10/><T5/><D30/><U126/><E126/><V105/><F53/><W13/><G67/><T12/><D18/><U86/><E75/><V134/><F134/><W15/><G58/><T114/><D114/><U88/><E66/><V47/><F47/><N who="3" m="23991" /><G15/><T109/><D109/><U81/><E59/><V117/><F117/><W52/><G52/><T90/><REACH who="0" step="1"/><D93/><REACH who="0" ten="285,307,190,208" step="2"/><U102/><E100/><V85/><F105/><W40/><G101/><T123/><D123/><U16/><E19/><V35/><F35/><W119/><G103/><T111/><D111/><U54/><E54/><V22/><F110/><W57/><G107/><T106/><D106/><U71/><E71/><V7/><F108/><W44/><G17/><T118/><D118/><U96/><E99/><AGARI ba="0,1" hai="0,1,2,5,11,12,50,55,56,60,63,90,92,99" machi="99" ten="40,7700,0" yaku="1,1,52,1,53,1" doraHai="45" doraHaiUra="6" who="0" fromWho="1" sc="285,87,307,-77,190,0,208,0" /><INIT seed="4,1,0,1,3,49" ten="372,230,190,208" oya="0" hai0="95,3,50,90,111,40,48,83,59,36,9,101,108" hai1="15,80,81,68,110,117,32,64,77,76,37,38,105" hai2="115,4,23,2,74,52,5,12,135,132,8,120,85" hai3="28,100,42,47,128,19,30,13,41,82,0,88,61"/><T17/><D36/><U53/><E32/><V44/><F74/><W93/><G128/><T62/><D101/><U75/><E117/><V73/><F73/><W39/><G0/><T126/><D126/><U94/><E105/><V14/><F120/><W133/><G133/><N who="2" m="51273" /><F115/><W125/><G125/><T21/><D9/><U103/><E110/><N who="0" m="42025" /><D83/><U113/><E113/><V1/><F85/><W131/><G131/><T118/><D40/><U109/><E109/><V16/><F4/><W57/><G42/><T63/><D3/><U35/><E35/><V43/><F43/><W99/><G100/><T11/><D11/><U102/><E68/><V129/><F129/><W123/><G82/><T66/><D63/><U34/><E64/><V89/><F89/><W71/><G71/><T127/><D127/><U18/><E34/><V104/><F104/><W87/><G123/><T45/><D45/><U56/><E103/><V26/><F1/><W112/><G112/><T27/><D118/><U84/><E94/><V65/><F65/><W7/><G7/><T69/><D69/><U54/><E102/><V25/><F25/><W72/><G72/><T92/><D92/><U78/><E78/><V20/><F20/><N who="3" m="11375" /><G47/><T46/><D46/><U70/><E70/><V55/><F44/><W121/><G41/><T96/><AGARI ba="1,0" hai="17,21,27,48,50,59,62,66,90,95,96" m="42025" machi="96" ten="30,1500,0" yaku="10,1" doraHai="49" who="0" fromWho="0" sc="372,18,230,-6,190,-6,208,-6" /><INIT seed="4,2,0,1,1,103" ten="390,224,184,202" oya="0" hai0="21,28,129,80,119,8,16,84,121,104,46,133,76" hai1="50,57,94,110,20,81,65,101,37,86,88,55,6" hai2="26,75,132,53,95,112,93,71,64,123,85,87,32" hai3="127,4,108,59,124,23,79,102,36,62,11,72,66"/><T117/><D121/><U92/><E37/><V96/><F75/><W89/><G108/><T74/><D129/><U134/><E134/><V113/><F123/><W83/><G36/><T114/><D114/><N who="2" m="44138" /><F53/><W2/><G102/><T128/><D128/><U130/><E110/><V106/><F132/><W126/><G23/><T0/><D133/><U15/><E101/><N who="2" m="62759" /><F71/><W56/><REACH who="3" step="1"/><G89/><REACH who="3" ten="390,224,184,192" step="2"/><T78/><D21/><U7/><E130/><V48/><F32/><W49/><G49/><T18/><D117/><U105/><E20/><V69/><F48/><W90/><G90/><T1/><D119/><U44/><E88/><V31/><F95/><W97/><G97/><T10/><D78/><U131/><E92/><V39/><F93/><W3/><G3/><T73/><D76/><U135/><E94/><V116/><F39/><W98/><G98/><T27/><D1/><U125/><E131/><V41/><F116/><W100/><G100/><T99/><D99/><U115/><E135/><V58/><F26/><W51/><G51/><T34/><D0/><U43/><E115/><V14/><F14/><W12/><G12/><T91/><D27/><U77/><E15/><V70/><F31/><W5/><G5/><T38/><D28/><U67/><E7/><V63/><F41/><W52/><G52/><T54/><D54/><U9/><E6/><V40/><F40/><W19/><G19/><T107/><D91/><U61/><E43/><V82/><F82/><W68/><AGARI ba="2,1" hai="2,4,11,56,59,62,66,68,72,79,83,124,126,127" machi="68" ten="30,4000,0" yaku="1,1,0,1,18,1,53,0" doraHai="103" doraHaiUra="120" who="3" fromWho="3" sc="390,-22,224,-12,184,-12,192,56" /><INIT seed="5,0,0,3,1,59" ten="368,212,172,248" oya="1" hai0="119,107,15,100,126,91,78,55,109,112,134,31,22" hai1="58,24,17,128,131,21,9,43,94,70,6,75,63" hai2="110,105,5,12,8,18,96,123,66,0,81,25,132" hai3="30,50,125,77,113,45,49,117,129,135,118,120,93"/><U32/><E75/><V127/><F110/><W60/><G120/><T37/><D37/><U73/><E73/><V103/><F123/><W48/><G113/><T3/><D78/><U106/><E106/><V19/><F127/><W85/><G125/><T20/><D91/><U2/><E70/><V1/><F132/><W65/><G135/><T83/><D83/><U61/><E43/><V88/><F25/><W92/><G129/><N who="1" m="49738" /><E58/><V57/><F0/><W90/><G30/><T16/><D100/><U116/><E116/><N who="3" m="44650" /><G77/><T26/><D107/><U86/><E32/><V84/><REACH who="2" step="1"/><F1/><REACH who="2" ten="368,212,162,248" step="2"/><W76/><G76/><T114/><D3/><U122/><E122/><V4/><F4/><W41/><G93/><T42/><D126/><U27/><E94/><V46/><F46/><W79/><G79/><T82/><D109/><U69/><E69/><AGARI ba="0,1" hai="41,45,48,49,50,60,65,69,85,90,92" m="44650" machi="69" ten="30,2000,0" yaku="12,1,52,1" doraHai="59" who="3" fromWho="1" sc="368,0,212,-20,162,0,248,30" /><INIT seed="6,0,0,5,3,108" ten="368,192,162,278" oya="2" hai0="63,88,80,93,102,68,51,114,97,122,121,62,21" hai1="1,43,41,71,2,47,31,28,19,38,20,36,125" hai2="25,115,24,32,126,49,76,127,37,27,45,17,35" hai3="105,72,110,79,29,94,10,0,9,8,11,12,54"/><V56/><F76/><W130/><G105/><T48/><D114/><U61/><E125/><N who="2" m="47627" /><F37/><W128/><G110/><T34/><D34/><N who="2" m="12842" /><F56/><W129/><G29/><T134/><D134/><U112/><E112/><V40/><F17/><W60/><G79/><T73/><D68/><U120/><E120/><V85/><F85/><W132/><G72/><T100/><D121/><U77/><E77/><V131/><F131/><W98/><G132/><T113/><D122/><U118/><E118/><V89/><F89/><W52/><G60/><N who="0" m="23083" /><D73/><U116/><E116/><V50/><F50/><N who="0" m="18986" /><D113/><AGARI ba="0,0" hai="24,25,27,40,45,49,113,115" m="12842,47627" machi="113" ten="40,7700,0" yaku="18,1,52,2" doraHai="108" who="2" fromWho="0" sc="368,-77,192,0,162,77,278,0" /><INIT seed="6,1,0,2,4,61" ten="291,192,239,278" oya="2" hai0="129,21,5,56,80,89,70,46,85,15,40,88,112" hai1="48,67,122,9,31,45,77,71,38,127,113,91,96" hai2="10,2,117,30,82,13,47,103,79,39,99,60,100" hai3="19,57,27,101,69,118,7,34,25,132,14,68,124"/><V11/><F117/><W110/><G118/><T53/><D70/><U123/><E122/><V125/><F125/><W92/><G110/><T119/><D119/><U84/><E127/><V4/><F30/><W41/><G124/><T64/><D112/><U24/><E113/><V108/><F108/><W104/><G104/><T115/><D115/><U6/><E38/><V63/><F47/><W74/><G74/><T126/><D126/><U12/><E77/><V43/><F43/><W66/><G132/><T50/><D129/><U52/><E96/><V37/><F37/><W33/><G7/><T42/><D89/><U54/><E123/><V98/><F39/><W26/><G101/><T128/><D128/><U114/><E114/><V86/><F99/><W135/><G92/><T78/><D78/><U75/><E75/><V35/><F35/><W94/><G94/><T65/><D42/><U120/><E120/><V130/><F130/><W55/><G41/><T76/><D76/><U29/><E54/><V62/><REACH who="2" step="1"/><F98/><REACH who="2" ten="291,192,229,278" step="2"/><W59/><G34/><T116/><D116/><U16/><E6/><AGARI ba="1,1" hai="2,4,6,10,11,13,60,62,63,79,82,86,100,103" machi="6" ten="40,12000,1" yaku="1,1,2,1,53,2" doraHai="61" doraHaiUra="1" who="2" fromWho="1" sc="291,0,192,-123,229,133,278,0" /><INIT seed="6,2,0,1,2,30" ten="291,69,362,278" oya="2" hai0="67,28,48,105,98,24,122,36,95,19,100,35,71" hai1="45,117,115,56,111,86,125,9,126,44,59,123,70" hai2="73,118,89,131,132,74,66,5,99,85,54,62,58" hai3="43,124,26,129,112,63,40,6,81,79,90,108,49"/><V20/><F118/><W133/><G108/><T119/><D122/><U106/><E106/><V75/><F131/><W31/><G129/><T97/><D36/><U15/><E86/><V16/><F132/><W101/><G133/><T17/><D119/><U82/><E82/><V11/><F99/><W91/><G124/><N who="1" m="47722" /><E15/><V14/><F66/><W0/><G112/><T104/><D48/><U29/><E29/><V1/><REACH who="2" step="1"/><F74/><REACH who="2" ten="291,69,352,278" step="2"/><W64/><G64/><T4/><D67/><U42/><E123/><V114/><F114/><W84/><G84/><T25/><D71/><U46/><E117/><V7/><F7/><W88/><G6/><T93/><D104/><U13/><E70/><V2/><F2/><W120/><G0/><T110/><D110/><U60/><E115/><V23/><F23/><W32/><G32/><T65/><D65/><U103/><E111/><V76/><F76/><W102/><G79/><T77/><D77/><U80/><E42/><V87/><F87/><W8/><G43/><T51/><D105/><U135/><E135/><V96/><F96/><W130/><G40/><T134/><D134/><U72/><E72/><V12/><F12/><W3/><G3/><T92/><D97/><U57/><E13/><V41/><F41/><W107/><G130/><T37/><D4/><U50/><E9/><V55/><F55/><W116/><G8/><T68/><D98/><U61/><E50/><V22/><F22/><W53/><G49/><T69/><D51/><U21/><E21/><V38/><F38/><W78/><G116/><T18/><D37/><U10/><E10/><RYUUKYOKU ba="2,1" sc="291,-10,69,-10,352,30,278,-10" hai2="1,5,11,14,16,20,54,58,62,73,75,85,89" /><INIT seed="6,3,1,2,1,128" ten="281,59,382,268" oya="2" hai0="77,121,89,123,105,91,135,104,124,57,131,63,103" hai1="125,78,81,44,132,113,18,29,21,54,1,79,36" hai2="38,66,45,46,76,88,60,23,111,118,22,99,90" hai3="30,41,61,7,31,82,48,49,37,13,16,5,43"/><V117/><F76/><W85/><G61/><T26/><D131/><U114/><E1/><V74/><F74/><W19/><G37/><T10/><D124/><U25/><E125/><V83/><F111/><W17/><G49/><T62/><D77/><N who="1" m="29195" /><E81/><V59/><F118/><W9/><G7/><T122/><D10/><U28/><E36/><V112/><F112/><N who="1" m="43113" /><E44/><N who="2" m="17003" /><F38/><W51/><G51/><T55/><D26/><U95/><E95/><N who="2" m="56807" /><F117/><W35/><G35/><T130/><D130/><U11/><E54/><V50/><F50/><W73/><G73/><T2/><D2/><U34/><E11/><V127/><F127/><W64/><G64/><T27/><D27/><U115/><N who="1" m="43121" /><U67/><DORA hai="14" /><E67/><V102/><F102/><W33/><G33/><T8/><D8/><U116/><E116/><V109/><F109/><W40/><G48/><T92/><D123/><U84/><E84/><AGARI ba="3,1" hai="22,23,59,60,66,83,84,90" m="56807,17003" machi="84" ten="30,2900,0" yaku="8,1,54,1" doraHai="128,14" who="2" fromWho="1" sc="281,0,59,-38,382,48,268,0" /><INIT seed="6,4,0,2,4,47" ten="281,21,430,268" oya="2" hai0="67,94,90,51,17,11,53,0,114,95,76,40,85" hai1="37,92,58,36,91,116,44,107,133,42,16,79,77" hai2="135,125,89,123,46,111,80,56,54,98,62,115,129" hai3="64,70,2,83,12,49,7,68,93,130,55,38,29"/><V128/><F123/><W57/><G130/><N who="2" m="50281" /><F115/><W41/><G29/><T34/><D34/><U118/><E107/><V27/><F125/><W120/><G120/><T86/><D114/><U48/><E133/><V126/><F126/><W106/><G106/><T21/><D40/><U8/><E37/><V15/><F135/><W14/><G93/><T3/><D67/><U71/><E71/><V100/><F111/><W127/><G127/><T60/><D60/><U101/><E101/><V122/><F122/><W63/><G70/><T33/><D33/><U66/><E118/><V121/><F121/><W31/><G31/><T39/><D39/><U13/><E116/><V109/><F109/><W52/><G55/><T45/><D11/><U87/><E36/><V9/><F27/><W26/><G26/><T18/><D18/><U73/><E73/><V6/><F46/><N who="3" m="23863" /><G83/><T1/><D76/><U99/><E99/><V124/><F124/><W117/><G117/><T97/><REACH who="0" step="1"/><D94/><REACH who="0" ten="271,21,430,268" step="2"/><U81/><REACH who="1" step="1"/><E92/><REACH who="1" ten="271,11,430,268" step="2"/><V72/><F72/><W35/><G35/><T32/><D32/><U20/><E20/><V131/><F131/><W22/><G22/><T78/><D78/><U82/><E82/><V28/><F80/><W110/><G110/><T108/><D108/><U102/><E102/><V50/><F100/><W134/><G134/><T4/><D4/><U61/><AGARI ba="4,2" hai="8,13,16,42,44,48,58,61,66,77,79,81,87,91" machi="61" ten="30,12000,2" yaku="1,1,0,1,8,1,52,1,54,1,53,1" doraHai="47" doraHaiUra="10" who="1" fromWho="1" sc="271,-34,11,152,430,-64,268,-34" /><INIT seed="7,0,0,5,4,127" ten="237,163,366,234" oya="3" hai0="14,121,111,117,16,5,34,62,107,60,17,1,69" hai1="33,63,90,64,87,73,98,67,13,113,89,61,132" hai2="72,71,27,28,37,101,124,41,48,129,76,23,102" hai3="126,56,0,3,58,99,105,38,6,59,93,66,95"/><W128/><G126/><T57/><D111/><U4/><E33/><V97/><F124/><W92/><G38/><T110/><D107/><U20/><E73/><V103/><F37/><W46/><G46/><T9/><D117/><U81/><E132/><V104/><F129/><W51/><G128/><T74/><D110/><U12/><E113/><V31/><F71/><W83/><G51/><T29/><D74/><U91/><E98/><V18/><F72/><W100/><G66/><T106/><D106/><U25/><E4/><V88/><F104/><W84/><REACH who="3" step="1"/><G6/><REACH who="3" ten="237,163,366,224" step="2"/><T118/><D69/><U40/><E64/><V125/><F125/><W52/><G52/><T11/><D62/><U49/><E67/><V32/><F32/><W2/><G2/><T85/><D60/><U70/><E70/><V10/><F41/><W39/><G39/><T50/><D50/><U53/><E40/><V26/><F48/><W86/><G86/><T115/><D85/><U77/><E63/><V123/><F123/><W44/><G44/><T78/><D57/><U130/><E61/><V116/><F116/><W24/><G24/><N who="0" m="18727" /><D118/><U7/><E7/><V112/><F27/><W8/><G8/><N who="0" m="2095" /><D121/><U131/><E130/><V75/><F75/><W54/><G54/><T82/><D115/><U42/><E42/><V134/><F112/><W30/><G30/><T80/><D11/><U108/><E131/><V120/><F134/><W47/><G47/><T55/><D55/><U19/><E108/><V109/><F109/><W35/><G35/><T15/><D9/><U94/><E25/><V114/><F26/><RYUUKYOKU ba="0,1" sc="237,-10,163,-10,366,-10,224,30" hai3="0,3,56,58,59,83,84,92,93,95,99,100,105" /><INIT seed="7,1,1,4,2,68" ten="227,153,356,254" oya="3" hai0="6,118,81,54,92,45,135,38,80,133,40,39,62" hai1="114,104,115,32,111,12,121,112,128,57,61,98,132" hai2="103,70,16,4,8,63,122,18,78,65,109,13,124" hai3="53,96,95,44,60,36,14,66,26,56,21,105,23"/><W99/><G105/><T35/><D35/><U107/><E32/><V64/><F109/><W134/><G134/><N who="0" m="51211" /><D118/><U69/><E69/><V29/><F124/><W101/><G99/><T120/><D120/><U0/><E0/><N who="2" m="7" /><F103/><W102/><G14/><T55/><D6/><U74/><E74/><V84/><F18/><W1/><G1/><T87/><D39/><U125/><E132/><V79/><F65/><W42/><G101/><T82/><D62/><U19/><E121/><V106/><F29/><W75/><G75/><T33/><D33/><U17/><E125/><V2/><F106/><W77/><G77/><T50/><D50/><U48/><E111/><V91/><F2/><W24/><G24/><T113/><D113/><U41/><E98/><V130/><F122/><W67/><G23/><T94/><D94/><U127/><E127/><V51/><F130/><W37/><G37/><T30/><D30/><AGARI ba="1,1" hai="21,26,30,36,42,44,53,56,60,66,67,95,96,102" machi="30" ten="30,2900,0" yaku="7,1,52,1" doraHai="68" who="3" fromWho="0" sc="227,-32,153,0,356,0,254,42" /><INIT seed="7,2,0,1,3,104" ten="195,153,356,296" oya="3" hai0="59,80,105,17,125,18,23,89,95,133,47,90,91" hai1="13,76,32,39,41,106,6,98,73,71,28,94,74" hai2="108,113,7,64,86,75,14,81,29,96,16,103,88" hai3="30,112,67,121,12,83,101,34,82,63,69,134,43"/><W9/><G121/><T120/><D105/><U85/><E71/><V65/><F108/><W70/><G112/><T37/><D120/><U26/><E106/><V119/><F119/><W22/><G134/><T129/><D129/><U110/><E110/><V116/><F116/><W60/><G43/><T35/><D35/><U117/><E117/><V56/><F113/><W100/><G34/><T127/><D133/><U79/><E76/><V33/><F75/><W46/><G46/><T50/><D37/><U111/><E111/><V124/><F124/><N who="0" m="47690" /><D59/><U118/><E118/><V36/><F36/><W128/><G128/><T10/><D10/><U99/><E98/><V11/><F7/><W24/><G83/><T93/><D80/><U57/><E57/><V58/><F29/><W44/><G82/><T40/><D18/><U78/><E85/><V66/><F33/><W77/><G77/><T51/><D50/><U123/><E79/><V54/><F54/><W102/><G44/><T87/><D87/><U2/><E78/><V92/><AGARI ba="2,0" hai="11,14,16,56,58,64,65,66,81,86,88,92,96,103" machi="92" ten="30,7900,0" yaku="0,1,8,1,54,2" doraHai="104" who="2" fromWho="2" sc="195,-22,153,-22,356,85,296,-41" owari="173,-23.0,131,-37.0,441,54.0,255,6.0" /></mjloggm>