<mjloggm ver="2.3"><GO type="169" lobby="0"/><UN n0="%E3%82%A6%E3%83%AB%E3%83%88%E3%83%A9%E7%AB%8B%E7%9B%B4" n1="%E6%9D%B1%E9%A2%A8%E3%81%B1%E3%81%84%E3%82%93" n2="%E7%A9%B6%E6%A5%B5%41%49" n3="%E3%81%95%E3%82%8A%E3%83%BC%E3%81%99%E3%81%93%E3%81%A3%E3%81%A8" dan="17,16,16,16" rate="2167.60,2167.07,2066.55,2131.40" sx="M,M,M,F"/><TAIKYOKU oya="0"/><INIT seed="0,0,0,4,3,51" ten="250,250,250,250" oya="0" hai0="55,24,87,122,25,116,66,107,88,44,12,124,65" hai1="96,118,130,48,106,42,132,86,1,103,47,64,57" hai2="41,15,19,131,134,60,33,43,40,10,119,108,127" hai3="31,18,120,92,82,54,50,75,34,36,94,30,90"/><T123/><D107/><U21/><E118/><V56/><F33/><W79/><G36/><T84/><D116/><U5/><E132/><V105/><F119/><W72/><G120/><T100/><D100/><U8/><E130/><V70/><F105/><W80/><G34/><T102/><D102/><U0/><E21/><V85/><F70/><W16/><G72/><T52/><D44/><U117/><E117/><V58/><F134/><W53/><G80/><T28/><D12/><U49/><E86/><V63/><F131/><W81/><G81/><T2/><D28/><U59/><E64/><N who="2" m="38919" /><F108/><W78/><G78/><T37/><D37/><U35/><E35/><V95/><F127/><W20/><G92/><T27/><D27/><U101/><E101/><V68/><F68/><W91/><G91/><T69/><D88/><U74/><E74/><V99/><F85/><W114/><G114/><T109/><D69/><U113/><E113/><V104/><F104/><W7/><G7/><T83/><D83/><U14/><REACH who="1" step="1"/><E57/><REACH who="1" ten="250,240,250,250" step="2"/><V129/><F129/><W62/><G75/><T71/><D71/><U13/><E13/><V128/><F128/><W89/><G20/><T11/><D124/><U73/><E73/><V135/><F135/><W45/><G79/><T32/><D32/><U98/><E98/><V97/><F95/><W61/><G82/><T3/><D11/><U112/><E112/><V110/><F110/><AGARI ba="0,1" hai="2,3,24,25,52,55,65,66,84,87,109,110,122,123" machi="110" ten="25,12000,1" yaku="22,2,52,2,54,1" doraHai="51" who="0" fromWho="2" sc="250,130,240,0,250,-120,250,0" /><INIT seed="0,1,0,2,2,30" ten="380,240,130,250" oya="0" hai0="115,97,0,25,109,44,9,81,95,7,50,71,69" hai1="16,80,127,124,64,88,39,68,134,78,70,46,87" hai2="96,130,75,38,102,45,23,108,14,132,122,19,63" hai3="32,110,33,20,36,26,66,100,57,55,125,106,53"/><T135/><D115/><U67/><E134/><V94/><F122/><W107/><G36/><T51/><D135/><U27/><E39/><V116/><F132/><W105/><G110/><T86/><D109/><U11/><E46/><V54/><F108/><W61/><G125/><N who="1" m="48202" /><E78/><V133/><F133/><W93/><G100/><T17/><D17/><U34/><E34/><V59/><F75/><W22/><G93/><T56/><D25/><U104/><E104/><V24/><F130/><W111/><G111/><T2/><D2/><U60/><E60/><V40/><REACH who="2" step="1"/><F116/><REACH who="2" ten="380,240,120,250" step="2"/><W15/><G15/><AGARI ba="1,1" hai="14,15,19,23,24,38,40,45,54,59,63,94,96,102" machi="15" ten="40,2600,0" yaku="1,1,2,1,53,0" doraHai="30" doraHaiUra="74" who="2" fromWho="3" sc="380,0,240,0,120,39,250,-29" /><INIT seed="1,0,0,3,5,93" ten="380,240,159,221" oya="1" hai0="69,126,64,83,43,29,68,66,127,109,113,81,2" hai1="55,91,78,88,44,73,54,58,40,76,95,47,9" hai2="120,27,96,89,39,92,84,87,85,61,5,10,51" hai3="115,106,32,114,131,36,14,57,12,119,110,124,108"/><U71/><E71/><V26/><F39/><W50/><G36/><T101/><D101/><U46/><E40/><V72/><F120/><W130/><G106/><T70/><D2/><U4/><E91/><V105/><F72/><W135/><G135/><T16/><D29/><U33/><E33/><V107/><F61/><W45/><G32/><T100/><D100/><U112/><E112/><N who="3" m="43050" /><G124/><T98/><D70/><U132/><E132/><V28/><F51/><W42/><G119/><T11/><D109/><N who="3" m="42089" /><G57/><T19/><D113/><U122/><E122/><V121/><F121/><W52/><G42/><T18/><D43/><U90/><E90/><V15/><REACH who="2" step="1"/><F27/><REACH who="2" ten="380,240,149,221" step="2"/><W49/><G49/><T79/><D127/><U7/><E73/><V104/><F104/><W62/><G62/><T31/><D126/><U67/><E67/><V41/><F41/><W3/><G3/><T30/><D66/><U125/><E125/><V117/><F117/><W0/><G0/><T23/><D64/><U102/><E54/><V13/><F13/><AGARI ba="0,1" hai="12,13,14,45,50,52,130,131" m="42089,43050" machi="13" ten="40,2600,0" yaku="14,1,54,1" doraHai="93" who="3" fromWho="2" sc="380,0,240,0,149,-26,221,36" /><INIT seed="2,0,0,3,2,33" ten="380,240,123,257" oya="2" hai0="102,104,27,101,96,21,56,126,16,123,41,78,28" hai1="74,90,47,17,73,92,133,70,3,86,64,88,18" hai2="59,116,0,67,131,52,54,114,8,89,14,112,43" hai3="113,100,60,93,109,134,23,38,19,35,24,44,5"/><V119/><F131/><W132/><G109/><T105/><D123/><U31/><E133/><N who="3" m="51306" /><G5/><T11/><D126/><U120/><E120/><V130/><F130/><W50/><G38/><T79/><D41/><U127/><E127/><V26/><F43/><N who="3" m="24863" /><G60/><T121/><D121/><U122/><E122/><V62/><F26/><W115/><G35/><T125/><D125/><U32/><E73/><V34/><F34/><W117/><G117/><T107/><D56/><U42/><E74/><V63/><F89/><W15/><G24/><T13/><REACH who="0" step="1"/><D102/><REACH who="0" ten="370,240,123,257" step="2"/><U30/><E42/><V110/><F110/><W108/><G108/><T39/><D39/><U68/><E70/><V80/><F59/><W69/><G69/><T94/><AGARI ba="0,1" hai="11,13,16,21,27,28,78,79,94,96,101,104,105,107" machi="94" ten="30,4000,0" yaku="1,1,0,1,54,1,53,0" doraHai="33" doraHaiUra="37" who="0" fromWho="0" sc="370,50,240,-10,123,-20,257,-10" /><INIT seed="3,0,0,5,5,0" ten="420,230,103,247" oya="3" hai0="39,80,49,95,37,59,103,121,54,44,119,73,75" hai1="93,132,127,53,79,98,40,61,52,35,78,43,124" hai2="94,88,17,71,50,104,114,131,65,92,62,55,85" hai3="70,32,63,16,108,116,77,72,69,105,19,125,28"/><W30/><G105/><T106/><D106/><U100/><E35/><V117/><F104/><W5/><G116/><T13/><D121/><U51/><E132/><V58/><F117/><W101/><G101/><T107/><D107/><U115/><E115/><V9/><F114/><W27/><G125/><N who="1" m="48202" /><E61/><V47/><F131/><W68/><G30/><T48/><D119/><U120/><E120/><V33/><F33/><W86/><G72/><T31/><D80/><U14/><E14/><N who="2" m="7375" /><F71/><W20/><G63/><T76/><D76/><N who="1" m="29227" /><E53/><V29/><F29/><W133/><G133/><T64/><D31/><U3/><E3/><V38/><F38/><W109/><G5/><T90/><D39/><U89/><E100/><V2/><F2/><W8/><G8/><T112/><D103/><U21/><E21/><V66/><F94/><W102/><G102/><T135/><D95/><U60/><E60/><V46/><F46/><AGARI ba="0,0" hai="40,43,46,51,52,89,93,98" m="29227,48202" machi="46" ten="30,2000,0" yaku="18,1,54,1" doraHai="0" who="1" fromWho="2" sc="420,0,230,20,103,-20,247,0" /><INIT seed="4,0,0,5,3,2" ten="420,250,83,247" oya="0" hai0="43,46,36,116,29,19,96,22,16,74,51,132,50" hai1="78,13,127,12,40,17,28,57,113,135,125,93,66" hai2="32,126,23,77,69,112,81,27,89,7,68,98,97" hai3="59,94,58,133,20,110,107,6,83,99,88,8,70"/><T15/><D116/><U131/><E135/><V49/><F32/><W105/><G70/><T115/><D74/><U65/><E131/><V109/><F109/><W25/><G110/><T30/><D115/><U41/><E28/><V108/><F108/><W114/><G114/><T62/><D132/><U128/><E113/><V86/><F112/><W72/><G133/><T134/><D134/><U67/><E78/><V14/><F126/><N who="1" m="48137" /><E128/><V91/><F69/><W87/><G72/><T117/><D117/><U103/><E57/><V1/><F1/><W119/><G119/><T54/><D36/><U52/><E52/><V111/><F68/><W47/><G47/><T75/><D75/><U129/><E129/><V11/><F111/><W44/><G44/><N who="0" m="28007" /><D62/><U61/><E61/><V76/><F49/><W130/><G130/><T95/><D19/><U9/><E13/><V37/><F37/><W48/><G48/><T121/><D121/><U35/><E35/><V82/><F77/><W42/><G42/><T56/><D56/><U123/><E123/><V85/><REACH who="2" step="1"/><F76/><REACH who="2" ten="420,250,73,247" step="2"/><W31/><G58/><T45/><D45/><U120/><E120/><V124/><F124/><W21/><G59/><T33/><D33/><U39/><E39/><V106/><F106/><W60/><G107/><T34/><D34/><U63/><E63/><V101/><F101/><AGARI ba="0,1" hai="15,16,22,29,30,43,46,50,95,96,101" m="28007" machi="101" ten="30,2900,0" yaku="8,1,54,1" doraHai="2" who="0" fromWho="2" sc="420,39,250,0,73,-29,247,0" /><INIT seed="4,1,0,2,1,104" ten="459,250,44,247" oya="0" hai0="55,72,89,2,51,123,65,36,127,88,43,64,109" hai1="25,48,38,10,27,93,90,99,107,102,108,116,91" hai2="87,9,62,30,77,17,40,75,12,68,86,131,52" hai3="100,29,0,50,84,59,118,120,132,18,28,16,105"/><T74/><D2/><U135/><E38/><V96/><F131/><W45/><G0/><T4/><D4/><U71/><E71/><V112/><F112/><W97/><G118/><T11/><D11/><U113/><E108/><V35/><F40/><W21/><G132/><T121/><D51/><U76/><E116/><V26/><F96/><W13/><G120/><T60/><D43/><U85/><E135/><V6/><F68/><W82/><G59/><T53/><D60/><U125/><E125/><V73/><F6/><W81/><G18/><T23/><D23/><U70/><E70/><V79/><F87/><W111/><G111/><T98/><D98/><U129/><E129/><V8/><F8/><W106/><G106/><T5/><D5/><U92/><E113/><V122/><F122/><W78/><REACH who="3" step="1"/><G82/><REACH who="3" ten="459,250,44,237" step="2"/><T46/><D109/><U24/><E107/><V114/><F114/><W31/><G31/><T14/><D46/><U22/><E10/><V56/><REACH who="2" step="1"/><F86/><REACH who="2" ten="459,250,34,237" step="2"/><W20/><G20/><T49/><D123/><U44/><E22/><V134/><F134/><W32/><G32/><T47/><D121/><U39/><E85/><V119/><F119/><W33/><G33/><T117/><D117/><U1/><E99/><V126/><F126/><W130/><G130/><T115/><D127/><U63/><E1/><V7/><F7/><W110/><G110/><T101/><D115/><U3/><E3/><V34/><F34/><W41/><AGARI ba="1,2" hai="13,16,21,28,29,41,45,50,78,81,84,97,100,105" machi="41" ten="20,8000,1" yaku="1,1,0,1,7,1,54,1,53,1" doraHai="104" doraHaiUra="95" who="3" fromWho="3" sc="459,-41,250,-21,34,-21,237,103" /><INIT seed="5,0,0,1,4,65" ten="418,229,13,340" oya="1" hai0="118,46,57,0,116,56,105,22,58,16,80,92,76" hai1="23,103,134,30,18,94,13,85,112,4,68,62,17" hai2="97,102,129,12,2,50,117,14,59,120,135,91,119" hai3="127,53,63,130,8,121,21,5,29,24,20,104,115"/><U128/><E112/><V122/><F2/><W71/><G115/><T27/><D105/><U67/><E134/><V75/><F75/><W132/><G121/><T86/><D0/><U84/><E128/><V114/><F114/><W110/><G104/><T74/><D46/><U3/><E3/><V37/><F37/><W25/><G110/><T133/><D133/><U107/><E4/><V44/><F135/><W77/><G132/><T61/><D61/><U1/><E1/><V39/><F39/><W99/><G130/><T47/><D47/><U54/><E107/><V45/><F129/><W32/><G127/><T7/><D7/><U126/><E126/><V100/><F97/><W111/><G111/><T60/><D60/><U96/><E30/><V36/><F36/><W19/><G99/><T123/><D123/><U124/><E124/><V90/><REACH who="2" step="1"/><F59/><REACH who="2" ten="418,229,3,340" step="2"/><W43/><G32/><T34/><D34/><U108/><E108/><V9/><F9/><W28/><G8/><T15/><D57/><U10/><REACH who="1" step="1"/><E54/><REACH who="1" ten="418,219,3,340" step="2"/><V64/><F64/><W93/><G53/><T78/><D116/><U113/><E113/><V95/><F95/><W40/><G93/><T38/><D92/><U79/><E79/><V6/><F6/><W66/><G77/><T81/><D118/><U33/><E33/><V89/><F89/><W101/><G5/><T125/><D125/><U48/><E48/><AGARI ba="0,2" hai="12,14,44,45,48,50,90,91,100,102,117,119,120,122" machi="48" ten="25,3200,0" yaku="1,1,22,2,53,0" doraHai="65" doraHaiUra="106" who="2" fromWho="1" sc="418,0,219,-32,3,52,340,0" /><INIT seed="6,0,0,4,3,32" ten="418,187,55,340" oya="2" hai0="44,0,70,72,65,66,96,135,101,16,98,123,91" hai1="127,7,82,12,18,109,134,15,6,76,55,125,78" hai2="45,87,30,100,48,117,10,24,116,54,108,75,131" hai3="17,67,29,69,113,62,57,107,124,103,112,105,126"/><V23/><F75/><W110/><G29/><T60/><D65/><U94/><E109/><V115/><F108/><W21/><G110/><T111/><D91/><U73/><E134/><V81/><F115/><N who="3" m="44107" /><G69/><T9/><D98/><U35/><E35/><V90/><F131/><W83/><G83/><T128/><D16/><U2/><E2/><V68/><F68/><W46/><G46/><T58/><D58/><U129/><E129/><V14/><REACH who="2" step="1"/><F100/><REACH who="2" ten="418,187,45,340" step="2"/><W84/><G103/><T28/><D101/><U4/><E73/><V37/><F37/><W120/><G120/><T95/><D123/><U26/><E127/><V38/><F38/><W56/><G126/><T118/><D72/><U11/><E125/><V97/><F97/><W71/><G124/><T42/><D96/><U40/><E4/><AGARI ba="0,1" hai="4,10,14,23,24,30,45,48,54,81,87,90,116,117" machi="4" ten="30,2900,0" yaku="1,1,7,1,53,0" doraHai="32" doraHaiUra="59" who="2" fromWho="1" sc="418,0,187,-29,45,39,340,0" /><INIT seed="6,1,0,3,0,39" ten="418,158,84,340" oya="2" hai0="132,121,70,33,125,13,79,32,5,31,48,20,115" hai1="10,85,114,82,28,0,116,112,46,120,36,91,12" hai2="25,131,27,94,29,109,129,19,107,24,77,101,118" hai3="11,43,103,119,127,53,126,14,35,66,55,63,2"/><V59/><F118/><W128/><G2/><T110/><D48/><U87/><E116/><V51/><F107/><W80/><G35/><T130/><D79/><U8/><E120/><V23/><F109/><W26/><G26/><T106/><D13/><U4/><E28/><V64/><F77/><W76/><G103/><T60/><D20/><U47/><E87/><V135/><F135/><W42/><G119/><T92/><D60/><U37/><E37/><V18/><F18/><N who="3" m="8543" /><G128/><N who="2" m="49225" /><F19/><W98/><G98/><T30/><D92/><U62/><E36/><V56/><F56/><N who="3" m="37223" /><G55/><T1/><D30/><U74/><E74/><V133/><F133/><W78/><G53/><T96/><D31/><U113/><E62/><N who="2" m="37983" /><F51/><W97/><G97/><AGARI ba="1,0" hai="23,24,25,27,29,94,97,101" m="37983,49225" machi="97" ten="30,2900,0" yaku="25,1,19,1" doraHai="39" who="2" fromWho="3" sc="418,0,158,0,84,32,340,-32" /><INIT seed="6,2,0,0,1,58" ten="418,158,116,308" oya="2" hai0="101,30,119,74,34,103,0,27,57,95,65,114,82" hai1="53,10,132,54,32,29,83,117,8,112,98,6,84" hai2="17,115,11,43,91,5,70,116,129,105,14,68,106" hai3="42,61,127,63,113,28,12,94,69,59,25,73,1"/><V77/><F116/><W51/><G1/><T81/><D0/><U47/><E117/><V121/><F121/><W66/><G73/><T111/><D119/><U102/><E112/><V118/><F118/><W124/><G113/><T50/><D111/><U109/><E109/><V133/><F115/><W134/><G12/><T78/><D114/><U22/><E32/><V128/><F133/><W123/><G123/><T79/><D95/><N who="1" m="58719" /><E132/><V90/><F77/><W64/><G134/><T125/><D125/><U39/><E39/><V35/><F35/><W26/><G94/><T108/><D108/><U2/><E2/><V80/><F43/><W46/><G28/><T33/><D33/><U40/><E40/><V56/><F56/><W18/><G18/><T45/><D65/><U107/><E107/><N who="2" m="40971" /><F17/><W110/><G110/><T71/><D57/><U16/><E29/><V21/><F21/><W88/><G88/><N who="2" m="33833" /><F80/><W96/><G59/><T86/><D71/><U36/><E36/><V67/><F67/><W19/><G19/><T23/><D34/><U126/><E126/><N who="3" m="48170" /><G66/><T130/><D82/><U31/><E31/><V20/><F20/><W38/><G64/><T75/><D81/><U3/><E22/><V7/><F7/><W48/><G69/><T85/><D23/><U37/><E16/><V104/><N who="2" m="40979" /><V49/><DORA hai="72" /><F49/><W122/><G122/><T99/><D50/><N who="3" m="18985" /><G25/><T60/><D27/><U92/><E6/><V4/><F4/><W41/><G26/><T44/><D30/><U97/><E83/><V52/><F52/><W55/><G55/><T76/><D76/><RYUUKYOKU ba="2,0" sc="418,-10,158,-10,116,30,308,-10" hai2="5,11,14,68,70,128,129" /><INIT seed="6,3,0,2,5,72" ten="408,148,146,298" oya="2" hai0="55,53,111,114,74,112,121,89,60,18,93,43,7" hai1="76,77,101,133,20,66,40,106,79,22,30,38,28" hai2="120,97,128,12,117,11,110,48,6,124,3,44,46" hai3="132,21,37,31,33,95,62,17,14,83,57,123,65"/><V99/><F120/><W107/><G132/><T63/><D74/><U35/><E35/><V15/><F117/><W113/><G107/><T100/><D100/><U91/><E106/><V82/><F124/><W71/><G37/><T41/><D7/><U52/><E38/><V1/><F128/><W70/><G123/><T49/><D18/><U29/><E133/><V90/><F110/><W19/><G95/><T24/><D24/><U105/><E105/><V87/><F3/><W81/><G113/><T115/><D121/><U118/><E118/><V25/><F25/><W129/><G129/><T96/><D111/><U27/><E40/><N who="0" m="15433" /><D55/><U69/><E101/><V109/><F109/><W92/><G92/><T36/><D36/><U78/><E27/><V104/><F48/><W127/><G31/><T56/><AGARI ba="3,0" hai="49,53,56,60,63,89,93,96,112,114,115" m="15433" machi="56" ten="40,1500,0" yaku="15,1" doraHai="72" who="0" fromWho="0" sc="408,24,148,-7,146,-10,298,-7" /><INIT seed="7,0,0,1,0,52" ten="432,141,136,291" oya="3" hai0="123,92,104,44,15,14,77,116,101,131,71,11,128" hai1="126,40,130,134,68,9,106,109,21,42,115,4,90" hai2="89,102,20,43,100,38,120,23,72,111,49,88,66" hai3="24,76,119,48,25,107,122,127,22,98,75,124,56"/><W36/><G36/><T7/><D71/><U55/><E109/><V86/><F38/><W12/><G119/><T91/><D123/><U19/><E106/><V60/><F72/><W29/><G122/><T62/><D77/><U81/><E68/><V27/><F111/><W133/><G133/><T95/><D116/><U118/><E118/><V103/><F120/><W5/><G76/><T34/><D34/><U67/><E134/><V26/><F43/><N who="1" m="16425" /><E115/><V135/><F135/><W85/><G75/><T84/><D44/><U2/><E2/><V28/><F49/><W35/><G85/><T47/><D62/><U117/><E117/><V33/><F33/><W41/><G98/><N who="0" m="61495" /><D47/><U83/><E126/><N who="3" m="48170" /><G107/><T58/><D84/><U97/><E130/><N who="0" m="49705" /><D91/><U8/><E90/><V45/><F45/><W73/><G73/><T82/><D82/><U31/><E97/><V18/><REACH who="2" step="1"/><F86/><REACH who="2" ten="432,141,126,291" step="2"/><W69/><G48/><T63/><D15/><N who="1" m="7663" /><E67/><AGARI ba="0,1" hai="7,11,14,58,63,67,92,95" m="49705,61495" machi="67" ten="30,2000,0" yaku="19,1,52,1" doraHai="52" who="0" fromWho="1" sc="432,30,141,-20,126,0,291,0" owari="462,56.0,121,-38.0,126,-27.0,291,9.0" /></mjloggm>