<mjloggm ver="2.3"><GO type="41" lobby="0"/><UN n0="%61%69%72%6D%61%67%6D%61" n1="%E5%B0%B1%E6%B4%BB%E7%94%9F%40%E5%B7%9D%E6%9D%91%E8%BB%8D%E5%9B%A3" n2="%E5%A4%A9%E5%85%B5%E9%87%8E%E9%83%8E" n3="%E3%81%9F%E3%83%BC%E3%81%8F%E3%82%8B" dan="13,17,16,14" rate="1844.14,2160.87,2046.73,1962.36" sx="M,M,M,M"/><TAIKYOKU oya="0"/><INIT seed="0,0,0,2,1,91" ten="250,250,250,250" oya="0" hai0="4,76,47,100,109,86,128,51,48,71,22,30,105" hai1="111,119,127,70,10,17,114,133,78,12,19,72,82" hai2="45,14,33,20,123,49,9,41,32,94,46,0,53" hai3="60,84,97,103,106,83,121,81,90,75,92,110,126"/><T2/><D128/><U129/><E70/><V113/><F113/><W6/><G110/><T88/><D71/><U31/><E119/><V118/><F20/><W34/><G34/><T135/><D135/><U93/><E111/><V96/><F0/><W116/><G6/><T35/><D35/><U50/><E114/><V77/><F77/><N who="3" m="44223" /><G60/><T56/><D109/><U58/><E127/><V101/><F123/><W80/><G116/><T43/><D2/><U122/><E129/><V115/><F115/><W87/><G126/><T64/><D4/><U63/><E133/><V125/><F125/><W38/><G38/><T74/><D74/><U65/><E122/><V54/><F54/><W73/><G73/><T26/><D105/><U66/><E31/><V28/><F28/><W16/><G16/><T3/><D3/><U131/><E131/><V5/><REACH who="2" step="1"/><F118/><REACH who="2" ten="250,250,240,250" step="2"/><W55/><G55/><N who="0" m="31847" /><D64/><U69/><E66/><V21/><F21/><W42/><G42/><T27/><D27/><U107/><E65/><V130/><F130/><W132/><G132/><T85/><D100/><U52/><E78/><V104/><F104/><W24/><G121/><T18/><D76/><U37/><E107/><V99/><F99/><N who="3" m="61823" /><G24/><T8/><D8/><U11/><E11/><V7/><F7/><W44/><G44/><T108/><D108/><U124/><E10/><V29/><F29/><W61/><G61/><T134/><D134/><U25/><E63/><V67/><F67/><W59/><G59/><T95/><D30/><U79/><E58/><V117/><F117/><W120/><G120/><T36/><D36/><AGARI ba="0,1" hai="5,9,14,32,33,36,41,45,46,49,53,94,96,101" machi="36" ten="30,8000,1" yaku="1,1,6,1,7,1,52,1,53,1" doraHai="91" doraHaiUra="89" who="2" fromWho="0" sc="250,-80,250,0,240,90,250,0" /><INIT seed="1,0,0,4,5,17" ten="170,250,330,250" oya="1" hai0="68,122,114,66,72,120,61,25,78,45,69,128,116" hai1="131,77,103,85,44,53,31,119,29,107,129,83,60" hai2="84,39,70,24,81,35,110,2,54,20,108,56,21" hai3="101,8,12,118,41,28,14,50,18,22,87,1,57"/><U34/><E119/><V124/><F70/><W89/><G118/><T32/><D78/><U76/><E76/><V86/><F39/><W40/><G101/><T134/><D72/><U64/><E107/><V71/><F71/><W59/><G1/><T105/><D105/><U3/><E3/><V48/><F2/><W19/><G28/><T126/><D25/><U104/><E104/><V91/><F86/><W74/><G74/><T125/><D32/><U95/><E44/><V52/><F54/><N who="3" m="31959" /><G59/><T75/><D75/><U100/><E53/><V37/><F37/><W93/><AGARI ba="0,0" hai="8,12,14,18,19,22,40,41,87,89,93" m="31959" machi="93" ten="30,4000,0" yaku="25,1,8,1,52,1" doraHai="17" who="3" fromWho="3" sc="170,-10,250,-20,330,-10,250,40" /><INIT seed="2,0,0,3,1,12" ten="160,230,320,290" oya="2" hai0="35,36,48,109,44,6,31,102,52,60,51,59,99" hai1="103,43,83,62,78,54,75,10,132,87,118,133,106" hai2="28,73,25,27,67,34,128,85,40,117,15,32,13" hai3="24,38,80,119,126,74,123,112,56,86,22,2,8"/><V68/><F73/><W11/><G123/><T100/><D109/><U63/><E43/><V111/><F117/><W20/><G119/><T101/><D6/><U39/><E39/><V79/><F128/><W84/><G38/><T88/><D35/><U108/><E118/><V95/><F111/><W124/><G112/><T5/><D5/><U21/><E108/><V69/><F40/><W125/><G56/><T120/><D120/><U105/><E10/><N who="3" m="3626" /><G2/><T45/><D31/><U72/><E21/><N who="3" m="8298" /><G24/><T121/><D121/><U49/><E75/><V3/><F3/><W113/><G113/><T116/><D116/><U134/><E72/><V110/><F110/><W30/><G30/><T97/><D36/><U57/><E103/><V33/><F28/><W18/><G18/><T93/><REACH who="0" step="1"/><D99/><REACH who="0" ten="150,230,320,290" step="2"/><U29/><E29/><V42/><F34/><W127/><G127/><T131/><D131/><U107/><AGARI ba="0,1" hai="49,54,57,62,63,78,83,87,105,106,107,132,133,134" machi="107" ten="40,2700,0" yaku="0,1,20,1" doraHai="12" who="1" fromWho="1" sc="150,-7,230,37,320,-13,290,-7" /><INIT seed="3,0,0,3,1,101" ten="143,267,307,283" oya="3" hai0="29,105,20,71,55,12,49,130,121,104,61,25,76" hai1="86,131,63,108,97,37,3,11,46,42,6,69,115" hai2="112,13,106,75,116,66,85,91,94,62,38,2,18" hai3="39,23,95,100,80,10,65,41,134,117,5,44,83"/><W107/><G117/><T133/><D121/><U132/><E108/><V68/><F116/><W102/><G134/><T78/><D133/><U47/><E115/><V124/><F2/><W64/><G23/><T74/><D130/><U36/><E132/><V73/><F38/><W135/><G135/><T103/><D103/><U79/><E131/><V58/><F124/><W128/><G128/><T24/><D12/><U111/><E111/><V1/><F1/><W84/><G83/><T96/><D96/><U122/><E122/><V15/><F15/><W92/><G107/><T54/><D71/><U16/><E97/><V113/><F106/><W21/><G21/><T98/><D98/><U87/><E79/><V59/><F113/><W67/><G102/><T32/><D76/><U120/><E120/><V70/><F70/><W109/><G109/><T129/><D129/><U60/><E16/><V52/><F68/><W40/><G40/><T77/><D77/><U35/><E35/><V119/><F112/><W81/><G100/><T90/><D90/><U19/><E19/><V88/><F91/><W45/><G45/><T0/><D0/><U14/><E14/><V27/><F27/><W48/><G39/><T93/><D93/><U31/><E31/><V30/><F30/><W8/><G5/><T34/><D34/><U99/><E99/><V50/><F119/><W123/><G123/><T118/><D118/><U28/><E28/><V17/><F17/><W114/><G114/><T56/><D78/><U7/><E7/><V33/><F33/><W26/><G26/><T51/><D74/><RYUUKYOKU ba="0,0" sc="143,-10,267,-10,307,30,283,-10" hai2="13,18,50,52,58,59,62,66,73,75,85,88,94" /><INIT seed="4,1,0,0,5,23" ten="133,257,337,273" oya="0" hai0="51,8,30,77,1,64,49,133,15,4,9,129,112" hai1="104,37,82,35,31,121,99,131,69,114,27,88,57" hai2="97,61,135,85,81,67,43,55,3,26,109,78,45" hai3="65,119,115,46,16,29,54,68,74,116,110,125,17"/><T73/><D64/><U95/><E69/><V80/><F3/><W21/><G110/><T48/><D129/><U96/><E121/><V18/><F109/><W28/><G125/><T92/><D133/><U12/><E37/><V63/><F135/><W66/><G115/><T71/><D71/><U130/><E114/><V33/><F55/><W72/><G54/><T60/><D112/><U103/><E82/><V111/><F81/><W120/><G120/><T11/><D60/><U59/><REACH who="1" step="1"/><E12/><REACH who="1" ten="133,247,337,273" step="2"/><V102/><F111/><W6/><G68/><T19/><D77/><U105/><E105/><V58/><F80/><W134/><G134/><T52/><D73/><U94/><E94/><V70/><F78/><W101/><G74/><T13/><D92/><U113/><E113/><V53/><F97/><W98/><G72/><T123/><D123/><U14/><E14/><V2/><F2/><W41/><G116/><T76/><D76/><U106/><E106/><V93/><F93/><N who="3" m="58575" /><G119/><T7/><REACH who="0" step="1"/><D30/><REACH who="0" ten="123,247,337,273" step="2"/><U127/><E127/><V56/><F70/><W126/><G126/><T122/><D122/><U42/><E42/><V83/><F43/><W50/><G28/><T22/><D22/><U108/><E108/><V40/><F40/><W86/><G29/><T32/><D32/><U44/><E44/><AGARI ba="1,2" hai="1,4,7,8,9,11,13,15,19,44,48,49,51,52" machi="44" ten="30,5800,0" yaku="1,1,7,1,54,1,53,0" doraHai="23" doraHaiUra="79" who="0" fromWho="1" sc="123,81,247,-61,337,0,273,0" /><INIT seed="4,2,0,1,5,120" ten="204,186,337,273" oya="0" hai0="101,6,81,42,34,37,32,16,36,86,83,75,95" hai1="80,92,91,117,56,66,121,59,131,98,77,82,48" hai2="90,123,124,30,67,10,0,103,15,18,31,119,74" hai3="27,21,126,64,39,71,107,35,115,112,8,29,96"/><T68/><D68/><U135/><E117/><V24/><F123/><W134/><G134/><T53/><D6/><U94/><E121/><V9/><F74/><W57/><G126/><T72/><D72/><U76/><E135/><V63/><F124/><W25/><G39/><T3/><D3/><U79/><E131/><V84/><F103/><N who="3" m="62951" /><G57/><T54/><D37/><U125/><E125/><V50/><F50/><W102/><G8/><T4/><D4/><U85/><E66/><V130/><F130/><W49/><G49/><T7/><D7/><U100/><E48/><V45/><F45/><W106/><G102/><T44/><D34/><U73/><E59/><V97/><F10/><W1/><G1/><T132/><D132/><U70/><E56/><V13/><F0/><W20/><G106/><T104/><D32/><U14/><E14/><V5/><F15/><W23/><G25/><T87/><D75/><N who="1" m="43039" /><E70/><V105/><F24/><W109/><G109/><T11/><D104/><N who="1" m="63511" /><E77/><V41/><F5/><W110/><G110/><T69/><D69/><U12/><E12/><V28/><F13/><W62/><AGARI ba="2,0" hai="20,21,23,27,29,35,62,64,71,112,115" m="62951" machi="62" ten="30,1100,0" yaku="25,1" doraHai="120" who="3" fromWho="3" sc="204,-7,186,-5,337,-5,273,17" /><INIT seed="5,0,0,3,0,114" ten="197,181,332,290" oya="1" hai0="52,38,15,81,65,109,96,82,100,57,69,17,90" hai1="91,78,67,106,55,73,33,74,41,66,50,93,80" hai2="60,99,102,44,32,124,92,21,54,134,101,83,23" hai3="108,87,20,28,51,131,27,111,129,107,88,5,34"/><U103/><E74/><V135/><F32/><W12/><G107/><T126/><D109/><U84/><E33/><V13/><F124/><W59/><G59/><T86/><D126/><U3/><E3/><V63/><F83/><W133/><G51/><T71/><D38/><U40/><E40/><V30/><F101/><W104/><G104/><T79/><D65/><U89/><E41/><V4/><F63/><W42/><G42/><T75/><D96/><N who="1" m="61799" /><E89/><V19/><F4/><W18/><G88/><T98/><D98/><U115/><E115/><V9/><F30/><W76/><G87/><T6/><D6/><U37/><E37/><V130/><F130/><N who="3" m="49675" /><G76/><T31/><D31/><U117/><E117/><V112/><F112/><W1/><G133/><N who="2" m="50697" /><F44/><AGARI ba="0,0" hai="44,50,55,66,67,73,78,80,84,91,93" m="61799" machi="44" ten="30,1500,0" yaku="24,1" doraHai="114" who="1" fromWho="2" sc="197,0,181,15,332,-15,290,0" /><INIT seed="5,1,0,5,3,74" ten="197,196,317,290" oya="1" hai0="67,83,52,4,92,2,102,69,108,133,18,23,64" hai1="71,128,68,113,53,70,97,38,48,59,134,54,111" hai2="80,95,51,114,124,98,91,101,28,33,122,24,127" hai3="110,11,46,19,37,129,9,131,100,104,107,86,26"/><U35/><E35/><V36/><F36/><W82/><G110/><T56/><D108/><U125/><E111/><V135/><F122/><W65/><G65/><T88/><D69/><U6/><E6/><V14/><F135/><W75/><G75/><T89/><D133/><U119/><E134/><V8/><F51/><W55/><G37/><T76/><D2/><U20/><E38/><V94/><F80/><W45/><G55/><T66/><D4/><U5/><E119/><V112/><F14/><W130/><G46/><T126/><D126/><N who="2" m="48170" /><F8/><N who="3" m="3147" /><G45/><T90/><D102/><U118/><E118/><V132/><F132/><W34/><G100/><T77/><D83/><U0/><E113/><N who="2" m="43627" /><F91/><N who="3" m="51671" /><G34/><T115/><D115/><U31/><E0/><V62/><F62/><W61/><G61/><N who="0" m="35975" /><D92/><AGARI ba="1,0" hai="24,28,33,92,94,95,98,101" m="43627,48170" machi="92" ten="30,3900,0" yaku="18,1,15,1,11,1" doraHai="74" who="2" fromWho="0" sc="197,-42,196,0,317,42,290,0" /><INIT seed="6,0,0,4,4,76" ten="155,196,359,290" oya="2" hai0="40,131,117,23,123,98,1,89,51,50,38,94,120" hai1="14,58,109,125,20,16,5,103,19,35,90,95,113" hai2="10,129,114,12,13,122,4,11,124,75,18,46,81" hai3="88,33,57,87,29,99,30,61,107,92,2,36,24"/><V26/><F122/><W42/><G2/><T62/><D117/><U9/><E35/><V67/><F124/><W17/><G42/><T102/><D1/><U86/><E109/><V79/><F129/><W133/><G36/><T21/><D131/><U70/><E70/><V69/><F114/><W22/><G133/><T127/><D127/><U118/><E125/><V15/><F46/><W91/><G107/><T83/><D38/><U34/><E34/><V60/><F11/><W85/><G85/><T48/><D123/><U43/><E113/><V56/><F69/><W72/><G72/><T84/><D120/><U45/><E118/><V130/><F130/><W53/><REACH who="3" step="1"/><G33/><REACH who="3" ten="155,196,359,280" step="2"/><T93/><D40/><U49/><E86/><V104/><F104/><W71/><G71/><T132/><D132/><U3/><E43/><V74/><F75/><W96/><G96/><T44/><D44/><U37/><E45/><V116/><F116/><W65/><G65/><T101/><REACH who="0" step="1"/><D62/><REACH who="0" ten="145,196,359,280" step="2"/><U134/><E37/><V0/><F0/><W7/><G7/><T105/><D105/><U135/><E3/><V121/><F121/><W6/><G6/><T41/><D41/><U119/><E5/><V108/><F4/><W55/><G55/><T8/><D8/><U27/><E134/><V80/><F10/><W68/><G68/><T63/><D63/><U78/><E135/><V31/><F60/><W28/><G28/><T128/><D128/><U126/><E119/><V66/><F31/><W115/><G115/><T39/><D39/><U82/><E126/><V111/><F108/><W97/><G97/><AGARI ba="0,2" hai="21,23,48,50,51,83,84,89,93,94,97,98,101,102" machi="97" ten="40,12000,2" yaku="1,1,6,1,9,1,8,1,52,1,53,1" doraHai="76" doraHaiUra="77" who="0" fromWho="3" sc="145,140,196,0,359,0,280,-120" /><INIT seed="7,0,0,4,2,129" ten="285,196,359,160" oya="3" hai0="43,61,126,123,31,41,66,73,128,80,35,118,15" hai1="116,134,102,131,94,133,12,99,62,46,40,25,49" hai2="83,121,86,4,135,92,101,75,26,1,97,63,56" hai3="48,84,77,96,42,130,16,110,10,103,58,17,100"/><W124/><G130/><T127/><D123/><U88/><E131/><V78/><F1/><W89/><G124/><T38/><D118/><U47/><E116/><V82/><F4/><W44/><G110/><T3/><D15/><U74/><E74/><V64/><F26/><W7/><G77/><T28/><D3/><U23/><E12/><V70/><F70/><W81/><G58/><T109/><D109/><U93/><E62/><V55/><F64/><W52/><G42/><T14/><D14/><U57/><E57/><V53/><F53/><W9/><G9/><T6/><D6/><U20/><E47/><V21/><F21/><W98/><G98/><T45/><D43/><U111/><E111/><V34/><F34/><W36/><G36/><T30/><D128/><U50/><E50/><V120/><F121/><W95/><REACH who="3" step="1"/><G103/><REACH who="3" ten="285,196,359,150" step="2"/><T22/><D127/><U115/><E115/><V33/><F120/><W69/><G69/><T67/><D126/><U13/><E13/><AGARI ba="0,1" hai="7,10,13,16,17,44,48,52,81,84,89,95,96,100" machi="13" ten="30,12000,1" yaku="1,1,7,1,8,1,54,2,53,0" doraHai="129" doraHaiUra="104" who="3" fromWho="1" sc="285,0,196,-120,359,0,150,130" /><INIT seed="7,1,0,1,0,27" ten="285,76,359,280" oya="3" hai0="72,84,73,68,112,131,104,49,69,101,35,11,134" hai1="43,70,67,24,59,28,48,113,62,128,9,55,26" hai2="0,129,31,81,58,114,33,110,22,108,87,83,34" hai3="30,53,1,6,15,56,39,126,47,65,85,52,66"/><W13/><G126/><T130/><D11/><U64/><E128/><N who="0" m="49193" /><D49/><U120/><E120/><V102/><F0/><W78/><G1/><T57/><D57/><U115/><E9/><V98/><F114/><W14/><G30/><T3/><D3/><U29/><E64/><N who="3" m="24682" /><G39/><T60/><D60/><U36/><E24/><V117/><F117/><W94/><G47/><T20/><D20/><U32/><REACH who="1" step="1"/><E29/><REACH who="1" ten="285,66,359,280" step="2"/><V10/><F10/><W107/><G6/><T93/><D112/><U124/><E124/><V88/><F129/><W12/><G13/><T45/><D134/><U135/><E135/><V17/><F31/><W38/><G15/><T61/><D35/><U23/><E23/><V77/><F34/><W7/><G14/><T18/><D69/><U37/><E37/><V54/><F33/><W133/><G38/><T89/><D68/><U44/><AGARI ba="1,1" hai="26,28,32,36,43,44,48,55,59,62,67,70,113,115" machi="44" ten="30,8000,1" yaku="1,1,0,1,24,2,52,1,53,0" doraHai="27" doraHaiUra="2" who="1" fromWho="1" sc="285,-21,66,93,359,-21,280,-41" owari="264,6.0,159,-34.0,338,44.0,239,-16.0" /></mjloggm>