<mjloggm ver="2.3"><GO type="97" lobby="0"/><UN n0="%E3%83%88%E3%83%88%E3%83%AA%E5%85%88%E7%94%9F%31%39%E6%AD%B3" n1="%70%69%65%79%61%6D%61" n2="%6A%75%6E%70%65%65" n3="%68%61%6E%67%61%6B%75" dan="13,16,13,14" rate="2054.11,2048.20,1851.96,1960.23" sx="F,M,M,M"/><TAIKYOKU oya="0"/><INIT seed="0,0,0,3,5,128" ten="250,250,250,250" oya="0" hai0="11,92,127,106,31,88,58,0,76,3,133,109,102" hai1="50,20,17,132,97,7,78,85,79,80,99,15,61" hai2="13,41,34,111,9,84,112,21,45,6,57,25,113" hai3="93,60,70,90,95,77,49,23,129,35,83,52,122"/><T126/><D109/><U46/><E132/><V26/><F111/><W115/><G35/><T68/><D68/><U135/><E135/><V108/><F108/><W67/><G115/><T33/><D133/><U65/><E78/><V27/><F34/><W74/><G129/><T18/><D76/><U101/><E7/><V134/><F134/><W71/><G122/><T39/><D39/><U100/><E100/><V56/><F84/><W116/><G116/><T73/><D73/><U22/><E20/><V30/><F112/><W5/><G5/><T96/><D58/><U66/><E61/><V94/><F113/><W82/><G71/><T131/><D131/><U29/><E29/><V120/><F120/><W51/><G83/><T91/><D91/><U62/><E62/><V104/><F104/><W1/><G1/><T103/><D103/><U38/><E38/><V119/><F119/><W43/><G43/><T47/><D47/><U87/><E87/><V81/><F81/><W24/><G51/><T75/><D75/><U19/><E19/><V55/><F94/><W28/><REACH who="3" step="1"/><G90/><REACH who="3" ten="250,250,250,240" step="2"/><T110/><D110/><U69/><E69/><V16/><F41/><W121/><G121/><T14/><D3/><U12/><E12/><N who="2" m="5175" /><F30/><W37/><G37/><T86/><D0/><U98/><E101/><V125/><F125/><N who="0" m="47626" /><D31/><U63/><E63/><V48/><AGARI ba="0,1" hai="13,16,21,25,26,27,45,48,55,56,57" m="5175" machi="48" ten="30,2000,0" yaku="8,1,54,1" doraHai="128" who="2" fromWho="2" sc="250,-10,250,-5,250,30,240,-5" /><INIT seed="1,0,0,5,1,129" ten="240,245,280,235" oya="1" hai0="55,76,61,100,70,13,89,47,56,72,109,82,132" hai1="41,115,3,126,77,36,130,2,117,106,64,73,107" hai2="44,10,32,108,120,81,105,42,34,103,83,124,84" hai3="46,78,28,53,25,79,90,131,111,59,69,110,22"/><U49/><E49/><V135/><F108/><N who="3" m="41515" /><G69/><T113/><D109/><U9/><E64/><V20/><F120/><W45/><G131/><T43/><D113/><U21/><E21/><V96/><F124/><W19/><G90/><T48/><D132/><U95/><E95/><V101/><F135/><W88/><G19/><T31/><D100/><U94/><E94/><V63/><F103/><W54/><G88/><T12/><D31/><U97/><E115/><V116/><F116/><W6/><G6/><T57/><D89/><U39/><E39/><V52/><F83/><W62/><G54/><T68/><D68/><U133/><E133/><V65/><F20/><W4/><G4/><T122/><D122/><U86/><E117/><V60/><F10/><W71/><G71/><T14/><D70/><U85/><E9/><V114/><F114/><W8/><G8/><T50/><REACH who="0" step="1"/><D14/><REACH who="0" ten="230,245,280,235" step="2"/><U0/><E130/><V119/><F119/><W15/><G15/><T74/><D74/><U104/><E126/><V127/><F127/><W118/><G118/><T99/><D99/><U123/><E123/><V98/><F96/><W134/><G134/><T29/><D29/><U128/><E97/><V16/><F98/><W11/><G11/><T121/><D121/><U30/><E30/><V125/><F125/><W18/><G28/><T37/><D37/><U40/><E128/><V75/><F75/><W91/><G91/><T27/><D27/><U51/><E36/><V58/><F101/><W67/><G67/><AGARI ba="0,1" hai="12,13,43,47,48,50,55,56,57,61,67,72,76,82" machi="67" ten="30,2000,0" yaku="1,1,7,1,53,0" doraHai="129" doraHaiUra="35" who="0" fromWho="3" sc="230,30,245,0,280,0,235,-20" /><INIT seed="2,0,0,2,0,39" ten="260,245,280,215" oya="2" hai0="69,108,133,66,112,30,53,97,41,54,45,107,94" hai1="78,26,118,33,56,68,55,27,52,74,123,29,6" hai2="28,21,83,103,17,10,65,85,19,120,59,122,14" hai3="47,16,125,36,106,31,37,134,117,67,51,12,91"/><V88/><F103/><W4/><G117/><T7/><D112/><U43/><E118/><V71/><F71/><W3/><G106/><T79/><D107/><U8/><E68/><V76/><F28/><W96/><G67/><T116/><D116/><U70/><E70/><V42/><F42/><W90/><G125/><T104/><D104/><U35/><E123/><V2/><F2/><W46/><G134/><T77/><D133/><U82/><E43/><V38/><F38/><W73/><G73/><T126/><D126/><U132/><E132/><V81/><F59/><W23/><G31/><T24/><D108/><U50/><E55/><N who="0" m="21001" /><D7/><U11/><E11/><V57/><F57/><W40/><G4/><T89/><D66/><U34/><REACH who="1" step="1"/><E27/><REACH who="1" ten="260,235,280,215" step="2"/><V101/><F65/><W105/><G40/><T87/><D69/><U113/><E113/><V13/><REACH who="2" step="1"/><F101/><REACH who="2" ten="260,235,270,215" step="2"/><W84/><G37/><T128/><D41/><U61/><E61/><V100/><F100/><W49/><G36/><T80/><D45/><U109/><E109/><V111/><F111/><W131/><G47/><T25/><D30/><U127/><E127/><V60/><F60/><W63/><G63/><T135/><D135/><U58/><E58/><V121/><F121/><W115/><G46/><T95/><D25/><U48/><E48/><V86/><AGARI ba="0,2" hai="10,13,14,17,19,21,76,81,83,85,86,88,120,122" machi="86" ten="20,7800,0" yaku="1,1,0,1,7,1,54,1,53,0" doraHai="39" doraHaiUra="22" who="2" fromWho="2" sc="260,-26,235,-26,270,98,215,-26" /><INIT seed="2,1,0,2,4,55" ten="234,209,368,189" oya="2" hai0="86,11,27,83,47,46,124,45,66,132,96,37,107" hai1="30,35,122,68,39,33,61,94,100,79,26,32,69" hai2="57,48,80,133,108,22,23,12,56,53,62,29,36" hai3="65,127,102,91,103,73,5,21,77,98,120,18,76"/><V31/><F133/><W25/><G120/><T87/><D132/><U135/><E39/><V125/><F125/><W6/><G127/><T71/><D124/><U49/><E135/><V14/><F36/><W50/><G65/><T74/><D37/><U85/><E122/><V13/><F108/><W72/><G50/><T92/><D107/><U82/><E49/><V8/><F80/><W59/><G91/><T89/><D74/><U109/><E109/><V114/><F114/><W93/><G59/><T81/><D71/><U119/><E119/><V2/><F8/><W128/><G128/><T58/><D27/><U64/><E69/><V41/><F41/><W111/><G111/><T75/><D11/><U130/><E130/><V121/><F2/><W0/><G0/><T15/><D15/><U104/><REACH who="1" step="1"/><E94/><REACH who="1" ten="234,199,368,189" step="2"/><V17/><F121/><W106/><G93/><T16/><D92/><U131/><E131/><V101/><F48/><W95/><G95/><T90/><D96/><AGARI ba="1,1" hai="26,30,32,33,35,61,64,68,79,82,85,96,100,104" machi="96" ten="40,5200,0" yaku="1,1,25,2,53,0" doraHai="55" doraHaiUra="34" who="1" fromWho="0" sc="234,-55,199,65,368,0,189,0" /><INIT seed="3,0,0,2,0,76" ten="179,264,368,189" oya="3" hai0="55,12,134,5,66,117,46,133,48,7,79,129,115" hai1="121,80,44,86,37,74,73,93,90,85,81,62,132" hai2="15,42,71,3,102,77,6,111,9,0,63,65,75" hai3="135,1,18,103,49,13,72,106,19,97,107,109,11"/><W118/><G118/><T20/><D117/><U83/><E121/><V124/><F111/><W64/><G72/><T108/><D108/><U125/><E37/><V14/><F124/><W57/><G109/><T70/><D129/><U60/><E132/><N who="0" m="50793" /><D115/><U114/><E114/><V69/><F69/><W39/><G135/><T89/><D79/><U36/><E125/><V32/><F42/><W47/><G39/><T95/><D66/><U101/><E101/><V88/><F32/><W29/><G1/><T50/><D70/><U58/><E62/><V94/><F102/><W43/><G29/><T127/><D127/><U25/><E25/><V56/><F71/><W110/><G110/><T54/><D20/><U123/><E123/><V51/><F51/><W53/><G64/><T84/><D12/><U91/><E44/><AGARI ba="0,0" hai="5,7,44,46,48,50,54,55,84,89,95" m="50793" machi="44" ten="30,1000,0" yaku="20,1" doraHai="76" who="0" fromWho="1" sc="179,10,264,-10,368,0,189,0" owari="189,-21.0,254,5.0,368,47.0,189,-31.0" /></mjloggm>