<mjloggm ver="2.3"><GO type="169" lobby="0"/><UN n0="%E3%81%88%E3%81%B3%E3%83%81%E3%83%AA%EF%BC%94" n1="%78%74%79%72%61%6E%74%78" n2="%E3%82%A6%E3%83%AB%E3%83%88%E3%83%A9%E7%AB%8B%E7%9B%B4" n3="%E8%A3%95%E7%BE%8E%E5%AD%90" dan="16,16,17,16" rate="2095.24,2073.30,2124.48,2154.77" sx="M,M,M,F"/><TAIKYOKU oya="0"/><INIT seed="0,0,0,0,0,15" ten="250,250,250,250" oya="0" hai0="92,62,13,2,111,9,70,24,25,90,86,30,112" hai1="124,65,123,54,95,120,22,47,64,17,59,12,68" hai2="46,80,6,99,23,96,52,131,74,93,126,26,10" hai3="42,135,125,0,122,49,105,71,44,8,104,36,41"/><T78/><D112/><U27/><E124/><V81/><F131/><W83/><G122/><T134/><D2/><U18/><E47/><V110/><F74/><W40/><G125/><T94/><D134/><U56/><E68/><V116/><F110/><W11/><G135/><T34/><D25/><U97/><E120/><V60/><F116/><W55/><G71/><T117/><D117/><U5/><E5/><V113/><F113/><W127/><G127/><T69/><D111/><U79/><E79/><V87/><F126/><W31/><G31/><T43/><D62/><N who="1" m="36119" /><E59/><N who="2" m="34919" /><F46/><W130/><G130/><T72/><D43/><U98/><E123/><V73/><F73/><W121/><G121/><T51/><D92/><U101/><E98/><V28/><F99/><W133/><G133/><T48/><D69/><U21/><AGARI ba="0,0" hai="12,17,18,21,22,27,64,65,95,97,101" m="36119" machi="21" ten="30,4000,0" yaku="8,1,52,2" doraHai="15" who="1" fromWho="1" sc="250,-20,250,40,250,-10,250,-10" /><INIT seed="1,0,0,5,1,106" ten="230,290,240,240" oya="1" hai0="84,36,75,112,50,12,121,38,0,133,72,13,99" hai1="9,26,43,41,85,70,127,67,73,34,111,119,86" hai2="35,115,87,120,82,64,3,118,104,105,102,90,28" hai3="62,31,54,37,22,53,15,24,129,132,74,76,65"/><U92/><E119/><V80/><F3/><W47/><G47/><T4/><D112/><U79/><E127/><V23/><F35/><W20/><G37/><T128/><D84/><U131/><E131/><V61/><F120/><W83/><G129/><T32/><D128/><U101/><E9/><V108/><F118/><W116/><G132/><T49/><D32/><U19/><E111/><V124/><F124/><W114/><G114/><T40/><D40/><U11/><E86/><V58/><F108/><W109/><G116/><T123/><D99/><U48/><E48/><V18/><F28/><W93/><G93/><T27/><D27/><U88/><E101/><V21/><F115/><W8/><G22/><T98/><D98/><U113/><E113/><V125/><F125/><W96/><G96/><T33/><D33/><U134/><E134/><V68/><F68/><W78/><G76/><T46/><D4/><U94/><E94/><V103/><F105/><W66/><G65/><T59/><D59/><U77/><E77/><V30/><F104/><W44/><G44/><T81/><D0/><U17/><E34/><V1/><F1/><W69/><REACH who="3" step="1"/><G109/><REACH who="3" ten="230,290,240,230" step="2"/><T7/><D46/><U100/><E67/><V60/><F21/><W42/><G42/><T16/><D133/><U39/><E39/><V126/><F126/><W91/><G91/><T5/><D81/><U110/><E110/><V29/><F82/><W122/><G122/><T97/><D97/><U2/><E41/><V130/><F130/><W14/><G14/><T55/><D55/><U25/><E43/><V56/><F64/><RYUUKYOKU ba="0,1" sc="230,15,290,-15,240,-15,230,15" hai0="5,7,12,13,16,36,38,49,50,72,75,121,123" hai3="8,15,20,24,31,53,54,62,66,69,74,78,83" /><INIT seed="2,1,1,4,0,94" ten="245,275,225,245" oya="2" hai0="37,38,92,102,122,87,10,106,91,96,61,98,14" hai1="111,117,82,133,115,6,21,32,23,113,50,70,131" hai2="107,116,73,124,4,11,64,26,77,84,45,43,85" hai3="99,69,76,105,31,62,66,39,108,63,100,27,120"/><V9/><F116/><W33/><G63/><T72/><D122/><U25/><E70/><V49/><F107/><W7/><G7/><T121/><D121/><U22/><E82/><N who="2" m="47183" /><F73/><W19/><G120/><T48/><D72/><U20/><E50/><V95/><F124/><W8/><G76/><T123/><D123/><U52/><E52/><V67/><F26/><W125/><G108/><T71/><D87/><U16/><E117/><V75/><F75/><W110/><G110/><T74/><D48/><U41/><E41/><V127/><F127/><W80/><G80/><T36/><D74/><U44/><E44/><V55/><F55/><W68/><G125/><T101/><D101/><U24/><E111/><V13/><F11/><W81/><G81/><T53/><D53/><U119/><E119/><V28/><F28/><W30/><G31/><T0/><D0/><U132/><E131/><V128/><F128/><W97/><G69/><T118/><D118/><U47/><E47/><V35/><F35/><W17/><G8/><T65/><REACH who="0" step="1"/><D38/><REACH who="0" ten="235,275,225,245" step="2"/><U114/><E6/><AGARI ba="1,2" hai="6,10,14,36,37,61,65,71,91,92,96,98,102,106" machi="6" ten="30,8000,1" yaku="1,1,2,1,7,1,52,2,53,0" doraHai="94" doraHaiUra="78" who="0" fromWho="1" sc="235,103,275,-83,225,0,245,0" /><INIT seed="3,0,0,1,1,28" ten="338,192,225,245" oya="3" hai0="38,4,47,110,120,29,3,45,130,27,8,80,93" hai1="124,42,95,15,129,106,84,41,100,12,33,60,87" hai2="121,134,117,114,67,86,13,22,70,125,19,133,11" hai3="57,90,73,107,92,24,131,83,49,51,128,81,46"/><W40/><G107/><T89/><D120/><U5/><E106/><V123/><F67/><W82/><G73/><T26/><D110/><U31/><E124/><V113/><F70/><W37/><G24/><T65/><D27/><U35/><E31/><V102/><F102/><W108/><G108/><T55/><D65/><U52/><E100/><V63/><F63/><W16/><G16/><T99/><D130/><N who="3" m="49705" /><G57/><T78/><D55/><U72/><E129/><V105/><F105/><W119/><G119/><T97/><D97/><AGARI ba="0,0" hai="37,40,46,49,51,81,82,83,90,92,97" m="49705" machi="97" ten="30,1500,0" yaku="19,1" doraHai="28" who="3" fromWho="0" sc="338,-15,192,0,225,0,245,15" /><INIT seed="3,1,0,0,1,62" ten="323,192,225,260" oya="3" hai0="23,96,129,32,56,43,102,33,83,6,113,78,0" hai1="100,70,118,105,31,79,49,97,39,93,9,1,16" hai2="124,63,11,48,36,74,132,34,111,76,18,52,95" hai3="69,122,54,119,7,115,127,21,5,87,25,104,116"/><W80/><G104/><T91/><D129/><U130/><E39/><V14/><F36/><W89/><G115/><T37/><D113/><U85/><E130/><V98/><F111/><W120/><G69/><T101/><D91/><U4/><E31/><V61/><F124/><W114/><G127/><T13/><D56/><U24/><E118/><V110/><F110/><W50/><G114/><T81/><D81/><U17/><E70/><V8/><F34/><W59/><G7/><T3/><D101/><U2/><E2/><V84/><F74/><W88/><G5/><T44/><D23/><U38/><E38/><V117/><F11/><W90/><G119/><T51/><D51/><U103/><E24/><V45/><F132/><W30/><REACH who="3" step="1"/><G116/><REACH who="3" ten="323,192,225,250" step="2"/><T73/><D3/><U10/><E105/><V108/><F117/><W65/><G65/><T58/><D0/><U35/><E1/><V77/><F108/><W121/><AGARI ba="1,1" hai="21,25,30,50,54,59,80,87,88,89,90,120,121,122" machi="121" ten="30,6000,0" yaku="1,1,0,1,54,1,53,0" doraHai="62" doraHaiUra="57" who="3" fromWho="3" sc="323,-21,192,-21,225,-21,250,73" /><INIT seed="3,2,0,5,5,5" ten="302,171,204,323" oya="3" hai0="21,41,116,54,55,17,13,85,44,38,24,32,31" hai1="122,51,120,10,123,62,26,43,69,15,88,82,79" hai2="83,7,94,14,124,49,42,78,46,73,53,0,65" hai3="45,93,56,3,34,39,8,9,95,75,16,25,132"/><W40/><G132/><T57/><D116/><U80/><E26/><V2/><F124/><W118/><G118/><T58/><D57/><U33/><E33/><V90/><F65/><W133/><G133/><T106/><D106/><U12/><E12/><V36/><F14/><N who="3" m="7239" /><G56/><T22/><D58/><U61/><E69/><V113/><F113/><W102/><G102/><T100/><D100/><U66/><E66/><V91/><F0/><W52/><G52/><T87/><D85/><U77/><E51/><V126/><F126/><W107/><G25/><T1/><D1/><U4/><E43/><V68/><F68/><W108/><G34/><T104/><D104/><U128/><E128/><V27/><F27/><W47/><G45/><T92/><D32/><U23/><E23/><V135/><F135/><W28/><G28/><T37/><D37/><U130/><E130/><V86/><F49/><W63/><G63/><T125/><D125/><U20/><E20/><V119/><F53/><W30/><G30/><T101/><D101/><U6/><E6/><V97/><F119/><W134/><G107/><T60/><D60/><U59/><E59/><V64/><F64/><W111/><G75/><T121/><D121/><U48/><E48/><V127/><F127/><W11/><G134/><T81/><D92/><N who="3" m="35401" /><G3/><T110/><D110/><AGARI ba="2,0" hai="9,11,39,40,47,108,110,111" m="35401,7239" machi="110" ten="30,18000,2" yaku="14,1,10,1,52,3,54,1" doraHai="5" who="3" fromWho="0" sc="302,-186,171,0,204,0,323,186" /><INIT seed="3,3,0,2,0,46" ten="116,171,204,509" oya="3" hai0="14,83,76,30,113,79,131,84,1,108,101,129,103" hai1="51,74,73,105,100,99,67,114,122,62,2,127,28" hai2="52,94,42,63,43,69,66,78,70,26,80,126,61" hai3="77,121,55,96,32,21,98,7,109,128,116,58,8"/><W44/><G32/><T25/><D1/><U111/><E114/><V34/><F126/><W92/><G121/><T13/><D113/><U134/><E122/><V49/><F94/><W50/><G128/><N who="0" m="49227" /><D79/><U35/><E2/><V9/><F9/><W65/><G77/><T47/><D108/><U119/><E111/><V45/><F26/><W20/><G116/><T132/><D132/><U0/><E0/><V107/><F107/><W60/><G109/><T41/><D13/><U37/><E37/><V97/><F97/><W3/><REACH who="3" step="1"/><G96/><REACH who="3" ten="116,171,204,499" step="2"/><T39/><D14/><U48/><E119/><V133/><F34/><AGARI ba="3,1" hai="25,30,34,39,41,47,76,83,84,101,103" m="49227" machi="34" ten="30,1000,0" yaku="19,1" doraHai="46" who="0" fromWho="2" sc="116,29,171,0,204,-19,499,0" /><INIT seed="4,0,0,2,1,14" ten="145,171,185,499" oya="0" hai0="57,79,55,108,0,128,64,78,130,44,135,120,8" hai1="18,61,66,60,68,82,88,95,132,23,34,102,56" hai2="86,94,62,41,91,116,59,20,1,4,112,35,98" hai3="37,67,19,72,97,110,13,131,81,133,119,27,122"/><T45/><D120/><U111/><E34/><V134/><F35/><W124/><G67/><T83/><D135/><U47/><E132/><V73/><F73/><W53/><G97/><T106/><D106/><U52/><E111/><V36/><F134/><W5/><G81/><T96/><D96/><U84/><E47/><N who="0" m="17993" /><D108/><U51/><E61/><V29/><F36/><W90/><G37/><T16/><D0/><U115/><E115/><V129/><F1/><W25/><G72/><T9/><D64/><U12/><REACH who="1" step="1"/><E102/><REACH who="1" ten="145,161,185,499" step="2"/><V101/><F112/><W80/><G110/><T31/><D31/><U89/><E89/><V74/><F29/><W33/><G33/><T125/><D125/><U63/><E63/><V109/><F62/><W118/><G124/><T2/><D2/><U114/><E114/><V39/><F101/><W117/><G133/><T50/><D79/><U6/><E6/><V123/><F4/><W11/><G90/><T58/><D78/><U87/><E87/><V85/><F86/><W107/><G119/><T70/><D83/><AGARI ba="0,1" hai="12,18,23,51,52,56,60,66,68,82,83,84,88,95" machi="83" ten="40,12000,2" yaku="1,1,25,2,52,1,54,2,53,1" doraHai="14" doraHaiUra="17" who="1" fromWho="0" sc="145,-120,161,130,185,0,499,0" /><INIT seed="5,0,0,5,1,116" ten="25,291,185,499" oya="1" hai0="5,27,85,53,19,47,99,17,95,3,39,122,130" hai1="6,36,101,15,111,70,91,63,94,93,128,76,30" hai2="66,127,81,25,125,96,58,129,67,69,118,110,10" hai3="16,48,80,102,98,42,115,103,108,78,75,31,133"/><U34/><E36/><V126/><F118/><W26/><G115/><T87/><D130/><U109/><E76/><V114/><F110/><N who="1" m="41993" /><E128/><V74/><F129/><W68/><G68/><T77/><D5/><U104/><E104/><V71/><F114/><W1/><G1/><T11/><D122/><U84/><E101/><V100/><F10/><W105/><G133/><T107/><D107/><U106/><E106/><N who="2" m="63751" /><F25/><W2/><G2/><T73/><D27/><N who="1" m="18783" /><E63/><N who="2" m="38263" /><F67/><W50/><G103/><T61/><D53/><U135/><E70/><V117/><F117/><W38/><G108/><T89/><D61/><U59/><E59/><V35/><F35/><W124/><G78/><AGARI ba="0,0" hai="69,71,74,78,81,125,126,127" m="38263,63751" machi="78" ten="30,1000,0" yaku="18,1" doraHai="116" who="2" fromWho="3" sc="25,0,291,0,185,10,499,-10" /><INIT seed="6,0,0,5,1,20" ten="25,291,195,489" oya="2" hai0="36,22,126,84,113,60,121,83,91,99,114,98,118" hai1="34,70,65,35,57,62,101,81,18,42,68,31,71" hai2="41,125,12,88,86,38,135,124,112,82,111,45,103" hai3="48,43,66,110,116,19,58,129,122,109,80,63,44"/><V119/><F119/><W30/><G122/><T40/><D36/><U96/><E42/><V67/><F112/><W7/><G7/><T55/><D40/><U9/><E81/><V117/><F117/><W93/><G129/><T54/><D118/><U15/><REACH who="1" step="1"/><E31/><REACH who="1" ten="25,281,195,489" step="2"/><V39/><F39/><N who="3" m="21631" /><G80/><T108/><D121/><U95/><AGARI ba="0,1" hai="9,15,18,34,35,57,62,65,68,70,71,95,96,101" machi="95" ten="30,2000,0" yaku="1,1,0,1,53,0" doraHai="20" doraHaiUra="79" who="1" fromWho="1" sc="25,-5,281,30,195,-10,489,-5" /><INIT seed="7,0,0,5,0,36" ten="20,311,185,484" oya="3" hai0="67,104,88,94,98,14,18,43,99,57,87,114,64" hai1="55,30,24,8,1,110,39,0,125,22,26,10,80" hai2="129,81,101,73,117,126,61,41,134,40,77,132,130" hai3="44,16,91,89,74,34,92,131,120,15,49,75,113"/><W50/><G34/><T121/><D114/><U59/><E110/><V69/><F101/><W128/><G92/><T66/><D121/><U51/><E125/><V29/><F29/><W112/><G16/><T6/><D104/><U47/><E0/><V108/><F108/><W13/><G44/><T90/><D6/><U111/><E1/><V79/><F117/><W37/><G37/><T23/><D90/><U32/><E111/><V54/><F54/><W9/><G9/><T53/><D98/><U118/><E80/><V76/><F81/><W33/><G33/><T58/><D99/><U19/><REACH who="1" step="1"/><E118/><REACH who="1" ten="20,301,185,484" step="2"/><V7/><F7/><W97/><G113/><T52/><D67/><U31/><E31/><V95/><F95/><W3/><G3/><T45/><D45/><U96/><E96/><V25/><F25/><W38/><G97/><T42/><D64/><U78/><E78/><V65/><F73/><W68/><G75/><T93/><D66/><U11/><E11/><V63/><F126/><W116/><G74/><T46/><D46/><U12/><E12/><V85/><F85/><W124/><G15/><T4/><D4/><U123/><E123/><V106/><F106/><W20/><G13/><T17/><D94/><U127/><E127/><V72/><F72/><W21/><G120/><T83/><D83/><U84/><E84/><V56/><F56/><W115/><G124/><T105/><D105/><U103/><E103/><V86/><F86/><W135/><G116/><T133/><D133/><N who="2" m="51306" /><F63/><W100/><G135/><T107/><D107/><U122/><E122/><V27/><F65/><RYUUKYOKU ba="0,1" sc="20,-10,301,30,185,-10,484,-10" hai1="8,10,19,22,24,26,30,32,39,47,51,55,59" owari="10,-49.0,331,13.0,175,-22.0,484,58.0" /></mjloggm>