<mjloggm ver="2.3"><GO type="41" lobby="0"/><UN n0="%E3%81%BE%E3%82%8B%E3%81%9F%E3%82%8D%E3%81%86" n1="%E5%B0%B1%E6%B4%BB%E7%94%9F%40%E5%B7%9D%E6%9D%91%E8%BB%8D%E5%9B%A3" n2="%E3%83%8D%E3%82%AA%E3%83%9C%E3%82%B9" n3="%70%69%67%6E%61%74%74%61" dan="15,15,13,14" rate="2015.54,1956.69,1881.20,1889.38" sx="M,M,M,M"/><TAIKYOKU oya="0"/><INIT seed="0,0,0,0,2,133" ten="250,250,250,250" oya="0" hai0="3,16,26,73,15,13,22,94,10,34,84,54,67" hai1="98,46,6,74,24,8,102,17,25,47,97,65,69" hai2="60,96,110,35,61,82,113,40,135,19,130,92,5" hai3="72,48,64,79,45,91,105,12,117,124,43,21,86"/><T95/><D73/><U80/><E97/><V88/><F35/><W1/><G1/><T30/><D67/><U36/><E69/><V49/><F135/><W75/><G117/><T52/><D3/><U107/><E65/><V23/><F113/><W134/><G134/><T115/><D115/><U109/><E109/><V118/><F110/><W9/><G21/><T51/><D84/><U122/><E122/><V50/><F5/><W44/><G105/><T7/><REACH who="0" step="1"/><D54/><REACH who="0" ten="240,250,250,250" step="2"/><U108/><E108/><V53/><F118/><W33/><G64/><T41/><D41/><U58/><E74/><V57/><F130/><W112/><G43/><T77/><D77/><U119/><E119/><V55/><F40/><W121/><G86/><T56/><AGARI ba="0,1" hai="7,10,13,15,16,22,26,30,34,51,52,56,94,95" machi="56" ten="20,18000,2" yaku="1,1,0,1,7,1,54,2,53,2" doraHai="133" doraHaiUra="89" who="0" fromWho="0" sc="240,190,250,-60,250,-60,250,-60" /><INIT seed="0,1,0,1,3,52" ten="430,190,190,190" oya="0" hai0="108,63,37,80,70,12,57,39,17,8,98,0,76" hai1="90,132,30,103,65,11,45,116,24,119,14,9,82" hai2="75,13,44,2,71,93,91,56,20,10,112,120,42" hai3="88,7,67,77,25,124,48,19,18,73,54,123,40"/><T128/><D70/><U105/><E105/><V113/><F120/><W94/><G123/><T38/><D128/><U5/><E132/><V96/><F71/><W51/><G124/><T115/><D115/><U89/><E103/><V111/><F111/><W92/><G7/><T114/><D114/><U49/><E65/><V32/><F32/><W106/><G106/><T29/><D29/><U85/><E9/><V79/><F2/><W134/><G67/><T84/><D108/><U121/><E121/><V50/><F20/><W66/><G66/><T16/><D98/><U107/><E107/><V35/><F35/><W129/><G40/><T97/><D97/><U83/><E83/><V28/><F28/><W127/><G25/><T21/><D0/><U60/><E60/><V23/><F23/><W4/><G4/><T81/><D81/><U95/><E95/><V69/><F69/><W117/><G94/><T6/><REACH who="0" step="1"/><D21/><REACH who="0" ten="420,190,190,190" step="2"/><N who="1" m="15631" /><E119/><V68/><F68/><W109/><G117/><T78/><D78/><N who="1" m="46295" /><E116/><V122/><F122/><W31/><G109/><T55/><AGARI ba="1,1" hai="6,8,12,16,17,37,38,39,55,57,63,76,80,84" machi="55" ten="30,11700,0" yaku="1,1,0,1,52,1,54,1,53,0" doraHai="52" doraHaiUra="104" who="0" fromWho="0" sc="420,130,190,-40,190,-40,190,-40" /><INIT seed="0,2,0,3,3,86" ten="550,150,150,150" oya="0" hai0="54,7,4,89,10,28,123,107,47,2,98,73,120" hai1="20,26,15,95,46,78,33,91,53,122,40,132,71" hai2="9,104,21,39,65,42,66,37,23,14,1,87,108" hai3="70,102,125,127,64,106,29,99,52,5,88,67,130"/><T50/><D73/><U131/><E122/><V109/><F104/><W62/><G130/><T118/><D118/><U51/><E131/><V124/><F1/><W114/><G114/><T35/><D7/><U3/><E3/><V82/><F124/><N who="3" m="47691" /><G5/><T45/><D45/><U90/><E132/><V72/><F72/><W119/><G29/><T30/><D107/><U80/><E71/><V103/><F103/><W13/><G13/><T25/><REACH who="0" step="1"/><D30/><REACH who="0" ten="540,150,150,150" step="2"/><U126/><E126/><V121/><F121/><W27/><G119/><T92/><AGARI ba="2,1" hai="2,4,10,25,28,35,47,50,54,89,92,98,120,123" machi="92" ten="30,12000,1" yaku="1,1,2,1,0,1,52,1,53,1" doraHai="86" doraHaiUra="94" who="0" fromWho="0" sc="540,136,150,-42,150,-42,150,-42" /><INIT seed="0,3,0,1,5,129" ten="676,108,108,108" oya="0" hai0="59,28,4,67,93,21,83,48,58,75,126,43,66" hai1="130,7,102,70,72,135,46,39,125,26,57,55,41" hai2="97,11,52,116,119,99,49,112,29,5,87,69,127" hai3="61,50,84,74,108,80,109,128,88,89,33,106,54"/><T14/><D126/><U60/><E72/><V44/><F112/><W71/><G33/><T16/><D93/><U132/><E130/><V42/><F69/><W76/><G128/><T120/><D120/><U73/><E73/><V123/><F123/><W63/><G106/><T68/><D68/><U53/><E125/><V12/><F29/><W101/><G101/><T2/><D28/><U85/><E7/><V56/><F127/><W34/><G34/><T32/><D32/><U36/><E102/><V6/><F87/><W105/><G105/><T38/><D48/><N who="1" m="26703" /><E26/><V90/><F6/><W131/><G131/><T0/><D0/><U3/><E3/><V134/><F134/><N who="1" m="51241" /><E70/><V9/><F9/><W124/><G124/><T30/><D2/><U86/><E55/><V51/><REACH who="2" step="1"/><F90/><REACH who="2" ten="676,108,98,108" step="2"/><W94/><G89/><T117/><D4/><U19/><E19/><V95/><F95/><W98/><G71/><T107/><D16/><U122/><E122/><V100/><F100/><W10/><G74/><T133/><D107/><U64/><E86/><V113/><F113/><W15/><G84/><T1/><D75/><U82/><E64/><V27/><F27/><W92/><G94/><T62/><D67/><U45/><E45/><V17/><F17/><W65/><G92/><T81/><D66/><U103/><E103/><V22/><F22/><W20/><G20/><T91/><D21/><U47/><E47/><V115/><F115/><W110/><G65/><T96/><D133/><U114/><E114/><V77/><F77/><AGARI ba="3,1" hai="36,39,53,57,60,77,82,85" m="51241,26703" machi="77" ten="30,7700,0" yaku="20,1,52,3" doraHai="129" who="1" fromWho="2" sc="676,0,108,96,98,-86,108,0" /><INIT seed="1,0,0,0,3,46" ten="676,204,12,108" oya="1" hai0="19,15,98,91,22,64,28,48,103,96,124,29,8" hai1="90,30,65,114,38,33,86,89,78,127,119,123,41" hai2="129,69,73,71,130,62,134,87,88,122,16,9,66" hai3="40,121,3,76,111,14,126,7,92,12,34,49,101"/><U115/><E123/><V109/><F109/><W81/><G111/><T58/><D124/><U84/><E119/><V26/><F134/><W132/><G34/><T53/><D91/><U133/><E133/><V112/><F122/><W100/><G132/><T51/><D64/><U54/><E127/><V37/><F73/><W80/><G92/><N who="0" m="58759" /><D98/><U118/><E118/><V10/><F37/><W31/><G31/><N who="0" m="11851" /><D22/><U61/><E78/><V72/><F72/><W56/><G76/><T83/><D83/><U13/><E30/><V44/><F44/><W11/><G81/><T120/><D120/><U85/><E33/><V63/><F112/><W45/><G80/><T97/><D97/><U70/><E41/><V59/><F26/><W106/><G126/><T42/><D42/><U0/><E0/><V35/><F35/><W107/><G106/><T17/><D17/><U18/><E38/><V75/><F75/><W20/><G20/><T47/><D47/><U4/><E4/><V36/><F36/><W125/><G107/><T50/><AGARI ba="0,0" hai="8,15,19,48,50,51,53,58" m="11851,58759" machi="50" ten="30,7900,0" yaku="8,1,52,3" doraHai="46" who="0" fromWho="0" sc="676,79,204,-39,12,-20,108,-20" owari="755,85.0,165,-3.0,-8,-51.0,88,-31.0" /></mjloggm>