<mjloggm ver="2.3"><GO type="169" lobby="0"/><UN n0="%E3%81%8D%E3%81%A4%E3%83%BC%E3%81%AD" n1="%E3%83%88%E3%83%88%E3%83%AA%E5%85%88%E7%94%9F%31%39%E6%AD%B3" n2="%73%73%74%61%72%6F" n3="%63%79%62%65%72%E9%9B%80%E3%82%B4%E3%83%AD" dan="16,18,18,16" rate="2056.58,2153.79,2160.13,2122.62" sx="M,F,M,M"/><TAIKYOKU oya="0"/><INIT seed="0,0,0,2,1,116" ten="250,250,250,250" oya="0" hai0="14,6,19,66,85,101,69,38,132,24,31,98,75" hai1="127,88,131,46,102,13,78,118,54,91,94,64,51" hai2="77,62,12,96,60,117,18,73,63,87,42,10,40" hai3="133,99,3,25,8,100,130,122,55,37,124,128,1"/><T32/><D75/><U93/><E118/><V20/><F117/><W30/><G37/><T52/><D38/><U22/><E131/><N who="3" m="50218" /><G55/><T17/><D132/><U21/><E127/><V4/><F73/><W41/><G41/><T135/><D135/><U72/><E64/><V86/><F96/><W29/><G133/><T27/><D27/><U71/><E71/><V82/><REACH who="2" step="1"/><F87/><REACH who="2" ten="250,250,240,250" step="2"/><W74/><G74/><T59/><D85/><N who="1" m="52367" /><E72/><V108/><F108/><W80/><G124/><T129/><D129/><U35/><E102/><V121/><F121/><W92/><G122/><T26/><D98/><N who="1" m="57695" /><E35/><V67/><F67/><W120/><G120/><T104/><D101/><U23/><E78/><V123/><F123/><W105/><G105/><T11/><D104/><U106/><E106/><V56/><F56/><W76/><G100/><T0/><D66/><U103/><E103/><V53/><F53/><W34/><G99/><T9/><D52/><U70/><E70/><V15/><AGARI ba="0,1" hai="4,10,12,15,18,20,40,42,60,62,63,77,82,86" machi="15" ten="30,7900,0" yaku="1,1,0,1,8,1,53,1" doraHai="116" doraHaiUra="79" who="2" fromWho="2" sc="250,-39,250,-20,240,89,250,-20" /><INIT seed="1,0,0,4,1,59" ten="211,230,329,230" oya="1" hai0="133,22,57,66,115,129,7,64,97,120,45,19,71" hai1="36,46,27,31,2,25,47,74,112,9,40,135,119" hai2="116,111,55,58,82,99,28,118,102,90,108,78,41" hai3="26,101,117,94,122,15,37,80,86,131,6,1,81"/><U13/><E112/><V72/><F41/><W8/><G37/><T43/><D115/><U60/><E119/><V20/><F28/><W89/><G122/><T32/><D32/><U48/><E74/><V5/><F5/><W65/><G117/><T121/><D7/><U29/><E2/><V83/><F20/><W44/><G131/><T127/><D129/><U130/><E130/><V134/><F134/><W104/><G44/><T16/><D133/><U105/><E105/><N who="2" m="63711" /><F58/><W92/><G1/><T76/><D76/><U0/><E0/><V126/><F55/><W100/><G65/><T103/><D127/><U3/><E3/><V63/><F63/><W93/><G104/><N who="0" m="63599" /><D57/><U52/><E135/><V50/><F50/><W107/><G107/><T96/><D96/><U12/><E60/><V56/><F56/><W75/><G26/><N who="0" m="14663" /><D19/><U33/><REACH who="1" step="1"/><E9/><REACH who="1" ten="211,220,329,230" step="2"/><V79/><F118/><W77/><AGARI ba="0,1" hai="6,8,15,75,77,80,81,86,89,92,93,94,100,101" machi="77" ten="30,1100,0" yaku="0,1" doraHai="59" who="3" fromWho="3" sc="211,-3,220,-5,329,-3,230,21" /><INIT seed="2,0,0,2,4,50" ten="208,215,326,251" oya="2" hai0="16,11,6,101,112,30,87,2,69,66,76,132,129" hai1="59,5,64,83,135,27,37,107,100,133,58,98,61" hai2="108,15,67,86,55,4,70,91,28,115,51,39,74" hai3="60,124,44,29,43,24,85,130,20,103,35,33,113"/><V88/><F74/><W95/><G113/><T117/><D112/><U62/><E37/><V109/><F115/><W53/><G124/><T1/><D1/><U125/><E125/><V73/><F73/><W56/><G130/><T127/><D127/><U80/><E27/><V102/><F39/><W40/><G40/><T81/><D129/><U65/><REACH who="1" step="1"/><E5/><REACH who="1" ten="208,205,326,251" step="2"/><V0/><F4/><W90/><G103/><T75/><D101/><U22/><E22/><V31/><F102/><W89/><REACH who="3" step="1"/><G89/><REACH who="3" ten="208,205,326,241" step="2"/><T13/><D117/><U10/><E10/><V99/><F91/><W116/><G116/><T93/><D11/><U68/><E68/><V12/><F88/><W19/><G19/><T57/><D16/><U17/><E17/><V49/><F70/><W48/><AGARI ba="0,2" hai="20,24,29,33,35,43,44,48,53,56,60,85,90,95" machi="48" ten="20,5200,0" yaku="1,1,0,1,7,1,52,1,53,0" doraHai="50" doraHaiUra="77" who="3" fromWho="3" sc="208,-13,205,-13,326,-26,241,72" /><INIT seed="3,0,0,2,1,49" ten="195,192,300,313" oya="3" hai0="94,10,32,103,73,132,43,113,27,61,106,56,99" hai1="135,128,5,0,64,8,40,116,74,76,75,70,69" hai2="98,107,86,25,37,16,120,15,95,14,114,105,44" hai3="34,67,11,87,22,80,45,125,110,48,51,124,54"/><W91/><G34/><T57/><D73/><U115/><E135/><V60/><F114/><W111/><G67/><T96/><D113/><U4/><E115/><V47/><F120/><W72/><G72/><T104/><D132/><U52/><E128/><V36/><F25/><W3/><G22/><T68/><D43/><U46/><E116/><V100/><F60/><W21/><G21/><T133/><D133/><U134/><E134/><V84/><F95/><W117/><G51/><T20/><D10/><U127/><E127/><N who="3" m="48714" /><G117/><T38/><D38/><U121/><E121/><V30/><F30/><W58/><G58/><T126/><D126/><U50/><E5/><AGARI ba="0,0" hai="3,5,11,45,48,54,80,87,91,110,111" m="48714" machi="5" ten="30,2900,0" yaku="18,1,52,1" doraHai="49" who="3" fromWho="1" sc="195,0,192,-29,300,0,313,29" /><INIT seed="3,1,0,3,1,51" ten="195,163,300,342" oya="3" hai0="133,10,46,9,36,109,58,102,106,14,50,65,130" hai1="87,12,27,37,38,91,74,63,53,97,67,25,135" hai2="82,1,125,134,59,111,108,8,28,72,112,32,94" hai3="2,105,95,29,23,103,123,21,128,118,73,24,131"/><W7/><G73/><T30/><D130/><N who="3" m="49705" /><G105/><T86/><D133/><U34/><E74/><V124/><F134/><W71/><G71/><T49/><D109/><N who="2" m="42058" /><F112/><W19/><G95/><T39/><D30/><U121/><E121/><V81/><F94/><W57/><G57/><T80/><D102/><U120/><E120/><V77/><F82/><W116/><G103/><T101/><D101/><U90/><E135/><V42/><F42/><W55/><G55/><T64/><D106/><U75/><E75/><V129/><F129/><W115/><G123/><T22/><D39/><U70/><E97/><V66/><F66/><N who="0" m="25706" /><D22/><U26/><E34/><V85/><F85/><W104/><BYE who="2" /><G104/><T84/><D36/><U61/><E38/><V96/><F96/><W43/><G43/><N who="0" m="24799" /><D14/><U41/><E41/><V11/><F11/><N who="0" m="4106" /><D80/><U93/><E37/><V132/><F132/><W88/><G115/><T47/><D58/><U114/><E114/><V15/><F15/><N who="3" m="9471" /><G88/><T48/><D48/><U110/><E90/><V127/><F127/><W113/><G113/><T18/><D50/><U13/><E110/><V44/><F44/><W69/><G69/><T98/><D47/><U5/><E5/><V0/><F0/><W89/><G89/><T35/><D98/><U52/><REACH who="1" step="1"/><E53/><REACH who="1" ten="195,153,300,342" step="2"/><V68/><F68/><W3/><G7/><T16/><D35/><U62/><E62/><V78/><F78/><W107/><G107/><T119/><D86/><U56/><AGARI ba="1,1" hai="12,13,25,26,27,52,56,61,63,67,70,87,91,93" machi="56" ten="30,7900,0" yaku="1,1,0,1,52,1,54,1,53,0" doraHai="51" doraHaiUra="45" who="1" fromWho="1" sc="195,-21,153,92,300,-21,342,-40" /><INIT seed="4,0,0,1,0,115" ten="174,245,279,302" oya="0" hai0="34,74,21,5,90,55,108,100,9,133,37,77,10" hai1="2,42,118,113,82,114,126,106,80,17,7,131,65" hai2="101,107,45,59,88,78,109,132,68,117,123,81,4" hai3="111,125,23,16,102,13,64,49,97,35,127,84,98"/><T47/><D34/><U95/><E106/><V119/><F119/><W120/><G111/><T33/><D33/><U129/><E118/><V103/><F103/><W14/><G35/><T31/><D108/><U122/><E122/><V58/><F58/><W39/><G39/><T15/><D133/><U67/><E126/><V66/><F66/><N who="1" m="25097" /><E42/><V110/><F110/><W40/><G120/><T52/><D100/><U76/><E95/><V3/><F3/><W61/><G84/><T43/><D90/><U99/><E99/><V28/><F28/><W92/><G98/><T69/><D69/><U24/><E2/><V8/><F8/><W1/><G1/><T30/><D10/><U86/><E7/><V124/><F124/><N who="3" m="47691" /><G49/><T56/><D21/><N who="1" m="13359" /><E82/><V134/><F134/><W91/><G40/><UN n2="%73%73%74%61%72%6F" /><T104/><D104/><U51/><E51/><V25/><F123/><W0/><G0/><T12/><D12/><U46/><E46/><V71/><F71/><N who="3" m="42383" /><G13/><T63/><REACH who="0" step="1"/><D55/><REACH who="0" ten="164,245,279,302" step="2"/><U70/><E70/><V18/><F68/><W50/><G102/><T83/><AGARI ba="0,1" hai="5,9,15,30,31,37,43,47,52,56,63,74,77,83" machi="83" ten="30,11700,0" yaku="1,1,2,1,0,1,54,1,53,0" doraHai="115" doraHaiUra="44" who="0" fromWho="0" sc="164,127,245,-39,279,-39,302,-39" /><INIT seed="4,1,0,5,3,87" ten="291,206,240,263" oya="0" hai0="94,108,29,124,45,81,112,77,50,52,66,59,0" hai1="32,16,79,27,130,20,65,123,4,74,119,15,99" hai2="7,38,70,73,106,19,133,54,125,9,75,88,67" hai3="26,47,37,40,8,3,24,13,21,92,126,131,91"/><T102/><D0/><U109/><E119/><V35/><F35/><W36/><G36/><T114/><D108/><U84/><E109/><V93/><F106/><W11/><G126/><T1/><D1/><U12/><E123/><V58/><F38/><W43/><G43/><T78/><D124/><U25/><E74/><V31/><F31/><W51/><G131/><T62/><D29/><U135/><E130/><V49/><F125/><W64/><G64/><T46/><D78/><U115/><E135/><V60/><F19/><N who="3" m="10479" /><G37/><T57/><D94/><U97/><E115/><N who="0" m="44073" /><D102/><U98/><E32/><V63/><F63/><W113/><G113/><T33/><D33/><U127/><E65/><V17/><F17/><W69/><G69/><T95/><D95/><U100/><E100/><V68/><F68/><W2/><G2/><T111/><D111/><U48/><E127/><V120/><F133/><W56/><G3/><T110/><D110/><U132/><E132/><V41/><F120/><W72/><G72/><AGARI ba="1,0" hai="45,46,50,52,57,59,62,66,72,77,81" m="44073" machi="72" ten="30,2900,0" yaku="15,1,54,1" doraHai="87" who="0" fromWho="3" sc="291,32,206,0,240,0,263,-32" /><INIT seed="4,2,0,0,4,12" ten="323,206,240,231" oya="0" hai0="113,124,35,82,39,66,105,74,48,91,123,131,83" hai1="41,42,73,14,63,96,20,84,40,102,117,94,86" hai2="59,56,111,31,47,67,60,3,49,115,92,126,33" hai3="29,36,116,68,99,24,34,128,7,38,53,114,125"/><T5/><D123/><U72/><E117/><V22/><F111/><W19/><G116/><T75/><D35/><U62/><E72/><V127/><F33/><W132/><G68/><T32/><D39/><U65/><E73/><V8/><F115/><W13/><G114/><T61/><D113/><U17/><REACH who="1" step="1"/><E63/><REACH who="1" ten="323,196,240,231" step="2"/><V121/><F60/><W118/><G118/><T71/><D61/><U93/><E93/><V55/><F92/><W54/><G132/><T69/><D75/><U95/><E95/><V25/><F121/><W79/><G125/><T76/><D124/><U2/><E2/><V43/><F127/><W122/><G122/><T15/><D74/><U21/><E21/><V87/><F126/><W112/><G112/><T28/><D32/><U77/><E77/><V101/><F3/><W58/><G79/><T81/><D76/><U130/><E130/><V107/><F22/><W44/><G128/><T52/><D131/><U85/><E85/><V135/><F87/><W27/><G99/><T45/><D82/><U109/><E109/><V97/><F97/><W100/><G100/><T106/><D83/><U16/><E16/><V103/><F101/><W108/><G108/><T9/><D81/><U120/><E120/><V78/><F103/><W119/><G119/><T6/><D106/><U23/><E23/><V89/><F78/><W90/><G90/><T129/><D105/><U110/><E110/><V0/><F89/><W57/><G34/><T50/><D91/><U70/><AGARI ba="2,1" hai="14,17,20,40,41,42,62,65,70,84,86,94,96,102" machi="70" ten="30,7900,0" yaku="1,1,0,1,52,1,53,1" doraHai="12" doraHaiUra="98" who="1" fromWho="1" sc="323,-41,196,95,240,-22,231,-22" /><INIT seed="5,0,0,0,1,103" ten="282,291,218,209" oya="1" hai0="117,43,112,55,36,68,40,120,109,76,116,122,0" hai1="39,20,127,58,135,2,45,123,70,105,129,88,11" hai2="69,13,93,19,81,95,46,98,35,27,67,97,54" hai3="83,104,38,90,132,8,24,10,53,128,75,114,18"/><U44/><E70/><V9/><F69/><W102/><G38/><T72/><D0/><U59/><E123/><N who="0" m="47145" /><D72/><U28/><E105/><V78/><F67/><W37/><G37/><T107/><D76/><U100/><E100/><V32/><F95/><W48/><G132/><T77/><D77/><U110/><E135/><V33/><F27/><W1/><G128/><T23/><D68/><U62/><E110/><V74/><REACH who="2" step="1"/><F93/><REACH who="2" ten="282,291,208,209" step="2"/><W12/><G114/><T119/><D112/><U47/><E129/><V14/><F14/><W80/><G24/><T66/><D66/><U73/><E2/><V56/><F56/><W41/><G1/><T108/><D109/><U82/><E59/><V17/><F17/><W86/><G41/><T113/><D108/><U4/><E58/><V87/><F87/><W115/><G115/><T3/><D113/><U124/><E28/><V65/><F65/><W57/><G75/><T51/><D3/><U121/><E73/><V5/><F5/><W25/><G25/><T125/><D36/><U34/><E39/><V131/><F131/><W79/><G79/><T96/><D40/><U52/><E121/><V26/><F26/><W60/><G60/><T6/><D43/><U130/><E62/><V71/><F71/><W42/><G42/><T15/><D6/><U99/><E4/><V133/><F133/><W21/><REACH who="3" step="1"/><G80/><REACH who="3" ten="282,291,208,199" step="2"/><T101/><D15/><U64/><E82/><V31/><F31/><W118/><G118/><T134/><D119/><U16/><E130/><V30/><F30/><W61/><G61/><T89/><D117/><U92/><E64/><RYUUKYOKU ba="0,2" sc="282,-15,291,-15,208,15,199,15" hai2="9,13,19,32,33,35,46,54,74,78,81,97,98" hai3="8,10,12,18,21,48,53,57,83,86,90,102,104" /><INIT seed="6,1,2,1,1,30" ten="267,276,223,214" oya="2" hai0="125,111,69,134,99,8,14,121,124,133,12,71,62" hai1="88,49,32,44,53,18,91,129,89,26,78,19,29" hai2="84,41,24,70,20,56,82,128,54,55,7,83,93" hai3="13,106,110,96,77,119,5,122,10,46,87,76,43"/><V92/><F70/><N who="0" m="26634" /><D121/><U64/><E129/><V40/><F128/><W11/><G122/><T131/><D131/><U112/><E64/><V60/><F7/><W39/><G110/><T66/><D111/><U97/><E112/><V118/><F55/><W45/><G119/><T42/><D42/><N who="2" m="16490" /><F118/><W123/><G123/><T90/><D90/><U38/><E38/><V130/><F130/><W135/><G46/><T31/><D31/><U17/><REACH who="1" step="1"/><E78/><REACH who="1" ten="267,266,223,214" step="2"/><N who="2" m="46167" /><F83/><W101/><G135/><N who="0" m="51723" /><D125/><U16/><N who="1" m="4096" /><DORA hai="33" /><U80/><E80/><V37/><F37/><W28/><G28/><AGARI ba="1,3" hai="20,24,28,54,56,60,92,93" m="46167,16490" machi="28" ten="30,1500,0" yaku="8,1" doraHai="30,33" who="2" fromWho="3" sc="267,0,266,0,223,48,214,-18" /><INIT seed="6,2,0,2,5,89" ten="267,266,271,196" oya="2" hai0="99,110,77,88,129,45,49,30,52,94,123,12,51" hai1="43,70,112,67,0,1,24,23,33,18,98,62,127" hai2="5,2,120,118,92,38,14,4,93,78,8,95,68" hai3="97,25,69,131,84,121,41,63,106,3,109,105,11"/><V7/><F120/><W35/><G121/><T126/><D110/><U79/><E112/><V122/><F122/><W90/><G41/><N who="0" m="24751" /><D123/><U91/><E127/><V108/><F118/><W65/><G131/><T111/><D126/><U73/><E33/><V86/><F108/><W101/><G109/><T21/><D111/><U130/><E130/><V60/><F38/><W56/><G106/><T55/><D129/><U85/><E98/><V64/><REACH who="2" step="1"/><F2/><REACH who="2" ten="267,266,261,196" step="2"/><W133/><G133/><T50/><D77/><U29/><E0/><V116/><F116/><W42/><G42/><T66/><D66/><U19/><E1/><V36/><F36/><W40/><G40/><T57/><D50/><U13/><E43/><V16/><F16/><W15/><G3/><T76/><D76/><U17/><E79/><V117/><F117/><W134/><G134/><T113/><D113/><U114/><E114/><V102/><F102/><W46/><G46/><T72/><D55/><U132/><E132/><V58/><F58/><W128/><G56/><T28/><D72/><U53/><E53/><V37/><F37/><W26/><G128/><T75/><D75/><U104/><E73/><V124/><F124/><W74/><G74/><T31/><D31/><U47/><E47/><V87/><F87/><W119/><G119/><T34/><D34/><U80/><E13/><V59/><F59/><W83/><G35/><T54/><D54/><U39/><E39/><V107/><BYE who="1" /><F107/><BYE who="2" /><W96/><G96/><T115/><D115/><UN n1="%E3%83%88%E3%83%88%E3%83%AA%E5%85%88%E7%94%9F%31%39%E6%AD%B3" /><U103/><E104/><V135/><F135/><W71/><G71/><T61/><D61/><RYUUKYOKU ba="2,1" sc="267,0,266,0,261,0,196,0" hai0="12,21,28,30,51,52,57,88,94,99" hai1="17,18,19,23,24,29,62,67,70,80,85,91,103" hai2="4,5,7,8,14,60,64,68,78,86,92,93,95" hai3="11,15,25,26,63,65,69,83,84,90,97,101,105" /><INIT seed="6,3,1,1,1,5" ten="267,266,261,196" oya="2" hai0="125,29,51,72,34,102,11,111,70,131,74,60,104" hai1="89,91,10,132,76,77,13,116,64,115,21,119,101" hai2="44,24,124,81,36,49,99,75,8,112,122,25,12" hai3="130,53,22,80,45,47,26,88,39,120,65,127,100"/><V54/><F54/><W59/><G120/><T46/><D111/><U128/><E115/><V23/><F23/><W66/><G127/><T106/><D125/><U103/><E128/><V96/><F96/><W41/><G130/><T43/><D131/><U57/><E132/><V52/><F52/><W94/><G100/><N who="1" m="38474" /><E119/><V18/><F18/><W126/><G80/><T84/><D84/><U17/><E116/><V121/><F121/><W71/><G47/><T117/><D117/><U30/><E57/><V73/><F73/><W1/><G1/><T48/><D48/><U9/><E64/><V114/><F114/><W107/><G107/><T108/><D108/><U78/><E30/><V90/><F90/><AGARI ba="3,1" hai="9,10,13,17,21,76,77,78,89,90,91" m="38474" machi="90" ten="30,3900,0" yaku="8,1,52,2" doraHai="5" who="1" fromWho="2" sc="267,0,266,58,261,-48,196,0" /><INIT seed="7,0,0,4,3,11" ten="267,324,213,196" oya="3" hai0="7,89,42,116,14,46,41,119,135,73,90,107,74" hai1="2,111,78,8,125,115,17,122,15,87,103,129,100" hai2="85,58,16,94,130,31,28,55,40,1,47,67,95" hai3="34,97,51,72,112,109,70,92,68,82,18,123,128"/><W5/><G34/><T76/><D46/><U133/><E111/><V101/><F101/><N who="1" m="38985" /><E122/><V23/><F23/><W98/><G123/><T114/><D7/><N who="1" m="3487" /><E2/><V83/><F83/><W91/><G109/><T124/><D76/><U20/><E115/><V79/><F79/><W118/><G118/><T54/><D54/><U22/><E129/><V108/><F108/><W75/><G5/><T19/><D19/><U121/><E121/><V10/><F10/><W9/><G112/><T59/><D59/><U88/><E133/><UN n2="%73%73%74%61%72%6F" /><V49/><F130/><W3/><G3/><T132/><D114/><U6/><E78/><V131/><F131/><W104/><G128/><T33/><D33/><U45/><E125/><V24/><F1/><W39/><G39/><T106/><D124/><U102/><E102/><V110/><F110/><W50/><G70/><T57/><D57/><U86/><E6/><V26/><F58/><W71/><G71/><T36/><D36/><U120/><E120/><V64/><F47/><W69/><G69/><T63/><D63/><U37/><E37/><V44/><F44/><W80/><G68/><T81/><D81/><N who="3" m="31337" /><G75/><T99/><D99/><N who="3" m="37897" /><G72/><T52/><D52/><U0/><E0/><V113/><F55/><W29/><G29/><T60/><D60/><U66/><E17/><V77/><F16/><W61/><G61/><T35/><D35/><U43/><E87/><V127/><F85/><N who="3" m="52335" /><G104/><T56/><D56/><U93/><E86/><V65/><F127/><W4/><G4/><T38/><D38/><U84/><E84/><V32/><F31/><W96/><G96/><RYUUKYOKU ba="0,0" sc="267,15,324,-15,213,-15,196,15" hai0="14,41,42,73,74,89,90,106,107,116,119,132,135" hai3="9,18,50,51" /><INIT seed="7,1,0,5,4,87" ten="282,309,198,211" oya="3" hai0="109,70,5,86,84,50,19,60,120,125,34,16,52" hai1="49,42,92,45,66,14,111,48,133,17,128,102,72" hai2="118,44,91,114,37,1,59,116,81,74,105,108,77" hai3="68,57,61,43,65,62,38,12,35,31,123,3,40"/><W15/><G3/><T95/><D120/><U106/><E111/><V71/><F71/><W110/><G123/><T112/><D109/><U10/><E72/><V41/><F108/><W104/><G104/><T94/><D34/><U130/><E106/><V121/><F121/><W135/><G110/><T100/><D125/><U32/><E32/><V26/><F105/><W2/><G2/><T46/><D112/><U99/><E133/><V88/><F114/><W64/><G135/><T76/><D5/><U23/><E66/><V53/><F1/><W113/><G113/><T25/><D25/><U83/><E83/><V126/><F126/><W20/><G35/><T36/><D36/><U29/><E29/><V75/><F75/><W11/><G38/><T122/><D122/><U0/><E49/><V97/><F26/><W22/><G31/><T13/><D19/><U69/><E69/><V24/><F24/><W82/><G82/><N who="0" m="47175" /><D86/><U89/><E102/><V18/><F18/><W119/><G119/><T6/><D6/><U47/><E47/><V98/><F98/><W21/><REACH who="3" step="1"/><G15/><REACH who="3" ten="282,309,198,201" step="2"/><T85/><D13/><U39/><E39/><V33/><F33/><W124/><G124/><T134/><D134/><U73/><E73/><V4/><F4/><AGARI ba="1,1" hai="4,11,12,20,21,22,40,43,57,61,62,64,65,68" machi="4" ten="40,3900,0" yaku="1,1,53,1" doraHai="87" doraHaiUra="8" who="3" fromWho="2" sc="282,0,309,0,198,-42,201,52" /><INIT seed="7,2,0,4,0,100" ten="282,309,156,253" oya="3" hai0="13,102,68,14,23,106,21,119,60,15,118,40,59" hai1="1,61,134,75,86,115,42,7,97,38,93,117,11" hai2="48,123,130,133,87,132,94,64,43,126,30,76,39" hai3="122,103,74,62,27,98,101,67,92,71,50,78,2"/><W81/><G122/><T65/><D40/><U125/><E75/><V4/><F123/><W52/><G2/><T47/><D47/><N who="1" m="24023" /><E86/><V22/><F39/><W12/><G12/><T83/><D83/><U49/><E61/><V111/><F111/><W114/><G114/><T112/><D112/><U85/><E49/><V69/><F4/><W32/><G27/><T96/><REACH who="0" step="1"/><D68/><REACH who="0" ten="272,309,156,253" step="2"/><U16/><E115/><V127/><F69/><W129/><G129/><T10/><D10/><U44/><E11/><V91/><F76/><W57/><REACH who="3" step="1"/><G32/><REACH who="3" ten="272,309,156,243" step="2"/><T17/><D17/><U73/><E16/><V82/><F130/><W45/><G45/><T33/><D33/><U72/><E44/><V6/><F6/><W79/><G79/><T116/><AGARI ba="2,2" hai="13,14,15,21,23,59,60,65,96,102,106,116,118,119" machi="116" ten="40,5200,0" yaku="1,1,0,1,52,1,53,0" doraHai="100" doraHaiUra="120" who="0" fromWho="0" sc="272,78,309,-15,156,-15,243,-28" owari="350,45.0,294,9.0,141,-36.0,215,-18.0" /></mjloggm>