<mjloggm ver="2.3"><GO type="41" lobby="0"/><UN n0="%E5%B0%B1%E6%B4%BB%E7%94%9F%40%E5%B7%9D%E6%9D%91%E8%BB%8D%E5%9B%A3" n1="%E5%A4%A9%E5%B0%8A%E4%BD%8D" n2="%6B%65%6E%34%31%30" n3="%E3%83%96%E3%83%A9%E3%82%B8%E3%83%AB%E6%8B%93%E4%BA%BA" dan="14,15,13,14" rate="1932.74,2046.82,1835.07,1942.09" sx="M,F,F,M"/><TAIKYOKU oya="0"/><INIT seed="0,0,0,2,0,130" ten="250,250,250,250" oya="0" hai0="118,64,121,61,50,22,98,53,101,71,51,42,72" hai1="46,8,88,74,86,36,76,27,63,132,93,112,99" hai2="126,5,92,39,66,69,19,81,52,29,24,57,82" hai3="23,68,84,94,79,28,7,60,100,111,124,38,0"/><T104/><D118/><U115/><E74/><V105/><F105/><W85/><G111/><T133/><D121/><U110/><E110/><V58/><F39/><W125/><G38/><T48/><D72/><U119/><E119/><V122/><F122/><W103/><G7/><T131/><D131/><U67/><E8/><V89/><F69/><W127/><G0/><T33/><D33/><U47/><E36/><V14/><F126/><W26/><G79/><T106/><D106/><U109/><E109/><V78/><F5/><W2/><G2/><T43/><D53/><U18/><E132/><V54/><F66/><W41/><G41/><T90/><D133/><U40/><E40/><V32/><F54/><W117/><G117/><T56/><D71/><N who="1" m="42495" /><E76/><V11/><F58/><W12/><G12/><T80/><REACH who="0" step="1"/><D22/><REACH who="0" ten="240,250,250,250" step="2"/><N who="1" m="13783" /><E99/><V55/><F55/><W49/><G68/><T10/><D10/><U77/><E77/><V97/><F78/><W114/><G114/><AGARI ba="0,1" hai="46,47,86,88,93,112,114,115" m="13783,42495" machi="114" ten="30,2000,0" yaku="11,1,54,1" doraHai="130" who="1" fromWho="3" sc="240,0,250,30,250,0,250,-20" /><INIT seed="1,0,0,5,4,67" ten="240,280,250,230" oya="1" hai0="101,70,108,1,18,104,55,7,57,43,68,124,88" hai1="27,111,120,93,92,41,117,47,23,97,82,53,127" hai2="10,65,125,95,59,20,128,24,37,132,60,98,16" hai3="40,99,109,31,42,85,2,118,74,58,35,17,19"/><U26/><E117/><V63/><F37/><W103/><G74/><T8/><D124/><U135/><E120/><V73/><F125/><W129/><G109/><T48/><D108/><U13/><E127/><V46/><F73/><W112/><G129/><T69/><D43/><U83/><E111/><V6/><F128/><W115/><G2/><T130/><D130/><U90/><E135/><V52/><F132/><W39/><G118/><T71/><N who="0" m="17920" /><DORA hai="61" /><T32/><D32/><U100/><E53/><V96/><F46/><W102/><G85/><T91/><REACH who="0" step="1"/><D18/><REACH who="0" ten="230,280,250,230" step="2"/><N who="1" m="10703" /><E41/><V87/><F87/><W38/><G35/><T126/><D126/><U134/><E134/><V76/><F98/><AGARI ba="0,1" hai="1,7,8,48,55,57,88,91,98,101,104" m="17920" machi="98" ten="70,12000,2" yaku="1,1,52,4,54,1,53,1" doraHai="67,61" doraHaiUra="79,45" who="0" fromWho="2" sc="230,130,280,0,250,-120,230,0" /><INIT seed="2,0,0,0,1,97" ten="360,280,130,230" oya="2" hai0="40,28,119,0,113,111,54,69,95,110,12,98,48" hai1="96,106,116,5,59,82,31,85,13,24,19,41,135" hai2="117,30,32,53,103,25,1,29,50,63,81,14,129" hai3="123,126,22,9,52,45,36,60,34,49,131,11,51"/><V67/><F117/><W86/><G34/><T56/><D0/><U70/><E116/><V107/><F129/><W100/><G36/><T79/><D119/><U27/><E70/><N who="2" m="42367" /><F30/><W3/><G131/><T18/><D69/><U105/><E135/><V38/><F14/><W115/><G126/><T66/><D113/><U121/><E121/><V77/><F1/><W118/><G123/><T130/><D130/><U99/><E41/><V23/><F23/><W76/><G118/><T64/><D40/><U92/><E5/><V55/><F38/><W74/><G74/><T90/><D28/><U37/><E37/><V109/><F109/><N who="0" m="41482" /><D79/><U89/><E59/><V42/><F42/><W44/><G60/><T43/><D43/><U17/><E96/><N who="2" m="61927" /><F50/><W133/><G133/><T112/><D112/><U80/><E80/><V83/><F83/><N who="3" m="47463" /><G3/><T78/><D78/><U71/><E71/><V57/><F57/><N who="3" m="32911" /><G115/><T128/><D128/><U132/><E132/><V61/><F61/><W125/><G125/><T65/><D65/><U94/><E94/><V58/><F58/><W88/><G100/><T114/><D114/><U104/><E31/><V93/><F93/><W8/><G51/><T20/><AGARI ba="0,0" hai="12,18,20,48,54,56,64,66,90,95,98" m="41482" machi="20" ten="30,1100,0" yaku="14,1" doraHai="97" who="0" fromWho="0" sc="360,11,280,-3,130,-5,230,-3" /><INIT seed="3,0,0,5,3,17" ten="371,277,125,227" oya="3" hai0="87,8,109,33,132,111,13,118,130,134,0,96,32" hai1="71,3,76,131,80,101,10,98,133,24,129,105,45" hai2="75,23,59,58,54,7,108,15,122,94,42,21,120" hai3="67,9,85,112,103,123,119,36,84,115,89,104,46"/><W91/><G123/><N who="2" m="47145" /><F108/><N who="0" m="41546" /><D96/><U20/><E71/><V52/><F75/><W127/><G67/><T19/><D87/><N who="1" m="48519" /><E45/><V90/><F42/><W40/><G119/><T70/><D70/><U92/><E10/><N who="2" m="4575" /><F59/><W31/><G127/><T27/><D118/><U83/><E3/><V55/><F58/><W29/><G9/><T43/><D43/><U106/><E83/><V107/><F107/><W61/><G61/><T38/><D38/><U113/><E113/><V35/><F35/><W5/><G5/><N who="0" m="1063" /><D130/><N who="1" m="49675" /><E133/><N who="0" m="51305" /><D27/><U16/><AGARI ba="0,0" hai="16,20,24,92,98,101,105,106" m="49675,48519" machi="16" ten="30,4000,0" yaku="19,1,52,1,54,1" doraHai="17" who="1" fromWho="1" sc="371,-10,277,40,125,-10,227,-20" /><INIT seed="4,0,0,5,5,9" ten="361,317,115,207" oya="0" hai0="49,107,53,84,48,40,26,43,31,64,21,63,108" hai1="83,20,128,126,109,41,24,124,130,121,68,120,62" hai2="39,6,102,112,2,35,89,29,56,67,7,0,72" hai3="60,57,101,75,90,99,129,86,17,59,33,76,122"/><T133/><D107/><U44/><E83/><V97/><F112/><W115/><G33/><T100/><D108/><U80/><E80/><V52/><F72/><W18/><G115/><T46/><D133/><U32/><E32/><V51/><F39/><W10/><G129/><N who="1" m="49770" /><E109/><V104/><F0/><W27/><G122/><N who="1" m="47210" /><E20/><V30/><F35/><W14/><G76/><T42/><D100/><U38/><E24/><V131/><F131/><W127/><G75/><T88/><D48/><U106/><E106/><V28/><F67/><AGARI ba="0,0" hai="38,41,44,62,67,68,124,126" m="47210,49770" machi="67" ten="40,8000,1" yaku="19,1,23,1,34,2" doraHai="9" who="1" fromWho="2" sc="361,0,317,80,115,-80,207,0" /><INIT seed="5,0,0,4,4,18" ten="361,397,35,207" oya="1" hai0="88,44,3,71,134,131,58,100,46,66,65,86,34" hai1="77,74,85,54,5,43,59,112,17,50,60,11,94" hai2="115,91,19,81,8,0,114,41,79,96,118,48,72" hai3="128,53,7,2,87,21,63,15,73,99,51,105,102"/><U13/><E74/><V101/><F118/><W111/><G73/><T23/><D34/><U68/><E68/><V42/><F48/><W45/><G128/><T9/><D71/><U93/><E112/><N who="2" m="43051" /><F91/><W36/><G111/><T39/><D39/><U103/><E103/><V110/><F110/><W116/><G116/><T32/><D32/><U108/><E108/><V56/><F56/><W117/><G117/><T31/><D3/><U29/><E29/><V120/><F120/><W61/><G36/><T38/><D38/><U113/><E113/><V98/><F98/><W69/><G69/><T97/><D9/><U126/><E126/><V80/><F80/><W109/><G109/><T12/><D131/><U25/><E77/><V121/><F121/><W135/><G135/><T78/><D78/><U75/><E85/><V127/><F127/><W47/><G47/><T55/><D134/><U35/><E75/><V95/><F0/><W76/><G2/><T26/><D12/><AGARI ba="0,0" hai="8,12,19,41,42,72,79,81,95,96,101" m="43051" machi="12" ten="30,2000,0" yaku="15,1,11,1" doraHai="18" who="2" fromWho="0" sc="361,-20,397,0,35,20,207,0" /><INIT seed="6,0,0,4,4,131" ten="341,397,55,207" oya="2" hai0="104,107,20,130,120,109,101,40,59,123,75,68,12" hai1="108,124,2,65,66,11,36,33,85,96,122,132,22" hai2="16,5,6,27,117,56,25,84,1,105,47,55,64" hai3="94,18,98,19,34,106,3,81,126,134,99,88,115"/><V43/><F117/><W30/><G126/><T24/><D68/><U110/><E33/><V80/><F105/><W8/><G115/><T76/><D109/><U119/><E119/><V15/><F1/><W67/><G67/><T121/><D130/><U133/><E124/><V37/><F64/><N who="1" m="24681" /><E36/><V4/><F84/><W129/><G129/><T127/><D127/><U52/><E122/><V17/><F80/><W71/><G71/><T113/><D113/><U7/><E96/><V77/><F77/><W31/><G81/><T48/><D101/><U135/><E85/><V100/><F100/><W39/><G39/><T41/><D75/><U95/><E95/><V0/><F0/><W54/><G54/><T42/><D76/><U62/><E22/><V97/><F97/><W9/><G106/><T69/><D69/><U79/><E79/><V45/><F45/><W89/><G3/><T92/><D92/><U63/><E52/><V13/><F13/><W29/><G34/><T91/><D91/><U116/><E116/><V14/><F14/><W83/><G31/><T90/><D90/><U49/><E49/><V44/><F44/><W74/><G94/><T46/><D12/><U70/><E70/><V28/><F28/><W50/><G83/><T112/><D112/><U60/><AGARI ba="0,0" hai="2,7,11,60,62,63,108,110,132,133,135" m="24681" machi="60" ten="40,8000,1" yaku="20,1,52,3" doraHai="131" who="1" fromWho="1" sc="341,-20,397,80,55,-40,207,-20" /><INIT seed="7,0,0,1,3,57" ten="321,477,15,187" oya="3" hai0="78,88,33,97,38,48,129,14,85,80,11,50,27" hai1="122,128,62,23,106,47,91,94,49,12,61,21,36" hai2="10,102,9,55,120,69,31,68,40,79,125,112,86" hai3="7,22,114,63,96,64,8,37,24,135,77,70,121"/><W110/><G121/><T5/><D38/><U116/><E106/><V54/><F86/><W6/><G114/><T123/><D123/><U51/><E122/><V42/><F102/><W20/><G135/><T35/><D129/><U4/><E36/><V2/><F120/><W118/><G118/><T45/><D27/><U98/><E128/><V59/><F112/><W107/><G110/><T17/><D48/><N who="1" m="18507" /><E47/><V82/><F59/><W67/><G37/><T41/><D17/><U113/><E116/><V74/><F31/><W103/><G77/><T56/><D56/><U92/><E92/><AGARI ba="0,0" hai="5,11,14,33,35,41,45,50,78,80,85,88,92,97" machi="92" ten="40,5200,0" yaku="25,2,54,1" doraHai="57" who="0" fromWho="1" sc="321,52,477,-52,15,0,187,0" owari="373,17.0,425,52.0,15,-48.0,187,-21.0" /></mjloggm>