<mjloggm ver="2.3"><GO type="97" lobby="0"/><UN n0="%E7%A5%9E%E5%B2%A1" n1="%E5%B0%B1%E6%B4%BB%E7%94%9F%40%E5%B7%9D%E6%9D%91%E8%BB%8D%E5%9B%A3" n2="%6D%6F%6D%74%61%72%6F%75" n3="%6D%69%70%70%6F" dan="13,15,14,14" rate="1852.61,1992.24,1989.70,1937.96" sx="M,M,F,M"/><TAIKYOKU oya="0"/><INIT seed="0,0,0,4,3,71" ten="250,250,250,250" oya="0" hai0="96,57,42,15,29,47,114,93,131,2,50,99,110" hai1="49,105,77,101,12,22,135,34,81,127,82,119,78" hai2="38,106,128,69,108,44,62,65,87,107,59,80,102" hai3="75,45,18,90,73,94,91,40,124,28,86,129,133"/><T7/><D7/><U30/><BYE who="0" /><E34/><V37/><F128/><W11/><G129/><T56/><D56/><U83/><E119/><V6/><F108/><W1/><G133/><T0/><D0/><U55/><E135/><V85/><F85/><W61/><G124/><T58/><D58/><N who="1" m="33135" /><E105/><UN n0="%E7%A5%9E%E5%B2%A1" /><V13/><F69/><W35/><G61/><T24/><D2/><U92/><E127/><V26/><F26/><W20/><G28/><T39/><D114/><U27/><E12/><V60/><F60/><W66/><G35/><T88/><D131/><U31/><E31/><V109/><F109/><W74/><G66/><T89/><D110/><U68/><E68/><V52/><F107/><W48/><G1/><T130/><D15/><U5/><E5/><V25/><F25/><W8/><REACH who="3" step="1"/><G90/><REACH who="3" ten="250,250,250,240" step="2"/><T132/><D130/><U53/><E78/><V134/><F134/><W10/><G10/><T72/><D132/><U125/><E77/><V41/><F65/><W63/><G63/><T54/><D89/><U3/><E125/><V19/><F6/><W111/><G111/><T112/><D112/><U113/><E3/><V79/><F102/><W103/><G103/><T67/><D67/><U51/><E113/><V98/><F106/><W43/><G43/><T17/><D29/><U36/><E101/><V32/><F32/><W76/><G76/><T84/><D72/><U70/><E70/><V21/><F98/><W118/><G118/><T123/><D123/><U121/><E121/><V120/><F120/><W9/><G9/><T33/><D33/><U23/><E30/><V95/><F95/><RYUUKYOKU ba="0,1" sc="250,10,250,-30,250,10,240,10" hai0="17,24,39,42,47,50,54,57,84,88,93,96,99" hai2="13,19,21,37,38,41,44,52,59,62,79,80,87" hai3="8,11,18,20,40,45,48,73,74,75,86,91,94" /><INIT seed="0,1,1,0,3,12" ten="260,220,260,250" oya="0" hai0="82,71,43,65,80,124,101,105,25,85,111,110,116" hai1="106,29,7,10,117,24,27,115,119,104,59,5,133" hai2="26,35,103,36,56,76,123,20,49,13,131,16,92" hai3="53,88,42,75,96,122,33,108,58,4,39,61,127"/><T38/><D116/><U52/><E115/><V62/><F36/><W64/><G33/><T89/><D124/><U67/><E133/><V87/><F123/><W120/><G108/><N who="0" m="41515" /><D71/><U41/><E67/><V21/><F131/><W18/><G75/><T74/><D65/><U83/><E41/><V134/><F35/><W121/><G4/><T93/><D43/><U31/><E83/><V14/><F134/><W51/><G127/><T112/><D25/><U8/><REACH who="1" step="1"/><E59/><REACH who="1" ten="260,210,260,250" step="2"/><V47/><F76/><W84/><G42/><T130/><D112/><U66/><E66/><V102/><F56/><W2/><G39/><T126/><D38/><U17/><E17/><N who="2" m="12559" /><F62/><W22/><G96/><N who="0" m="61607" /><D126/><U55/><AGARI ba="1,2" hai="5,7,8,10,24,27,29,31,52,55,104,106,117,119" machi="55" ten="25,8000,1" yaku="1,1,0,1,22,2,54,1,53,0" doraHai="12" doraHaiUra="132" who="1" fromWho="1" sc="260,-41,210,103,260,-21,250,-21" /><INIT seed="1,0,0,0,1,119" ten="219,313,239,229" oya="1" hai0="73,80,84,108,103,46,41,0,134,70,14,93,76" hai1="19,33,56,39,111,2,42,113,30,104,16,114,22" hai2="64,95,78,50,27,102,57,85,72,10,55,24,121" hai3="105,75,115,128,60,49,107,94,68,66,36,12,23"/><U86/><E104/><V32/><F72/><W135/><G36/><T82/><D0/><U26/><E39/><V101/><F32/><W44/><G115/><N who="1" m="44042" /><E42/><V79/><F121/><W20/><G75/><T21/><D70/><U6/><E86/><V117/><F117/><W15/><G128/><T52/><D134/><U8/><E56/><V131/><F131/><W62/><G135/><T35/><D35/><U122/><E122/><V127/><F127/><W59/><G94/><T45/><D108/><U48/><E48/><V38/><F38/><W120/><G120/><T90/><D41/><U132/><E132/><V51/><F10/><W18/><G68/><T65/><D65/><U31/><E111/><V58/><F95/><W37/><G37/><T63/><D103/><U116/><E116/><V11/><F11/><W3/><G3/><T40/><D40/><U1/><E1/><V67/><F85/><W110/><G110/><T106/><D106/><U88/><E88/><V130/><F130/><W99/><G99/><T4/><D82/><U91/><E91/><V129/><F129/><W34/><G34/><T96/><D73/><U47/><E47/><V112/><F112/><W77/><G77/><T17/><D4/><U7/><E7/><V100/><F100/><W69/><G59/><AGARI ba="0,0" hai="14,17,21,45,46,52,59,63,76,80,84,90,93,96" machi="59" ten="40,2600,0" yaku="8,1,54,1" doraHai="119" who="0" fromWho="3" sc="219,26,313,0,239,0,229,-26" /><INIT seed="2,0,0,5,4,106" ten="245,313,239,203" oya="2" hai0="61,96,12,59,36,64,81,124,41,74,131,32,126" hai1="102,22,7,56,10,120,16,8,135,15,133,99,19" hai2="38,49,129,14,25,100,76,104,4,42,121,46,60" hai3="65,43,109,34,105,89,23,119,50,134,44,127,78"/><V26/><F121/><W130/><G34/><T54/><D32/><U28/><E120/><V69/><F129/><W68/><G119/><T63/><D131/><U122/><E122/><V116/><F116/><W115/><G109/><T73/><D12/><U79/><E79/><V82/><F100/><W66/><G105/><T103/><D81/><U91/><E91/><V0/><F104/><W39/><G130/><T57/><D41/><U62/><E28/><V5/><F5/><W118/><G118/><T55/><D64/><U71/><E71/><V123/><F123/><W35/><G35/><T113/><D36/><U18/><E22/><V47/><F60/><W3/><G3/><T95/><D113/><U48/><E48/><V52/><F69/><W30/><G134/><N who="1" m="51210" /><E10/><V86/><REACH who="2" step="1"/><F0/><REACH who="2" ten="245,313,229,203" step="2"/><W112/><G68/><T110/><D110/><U94/><E7/><V24/><F24/><N who="3" m="16671" /><G127/><AGARI ba="0,1" hai="54,55,57,59,61,63,73,74,95,96,103,124,126,127" machi="127" ten="40,8000,1" yaku="9,1,18,1,52,2" doraHai="106" who="0" fromWho="3" sc="245,90,313,0,229,0,203,-80" /><INIT seed="3,0,0,2,1,8" ten="335,313,229,123" oya="3" hai0="53,90,64,116,104,18,102,11,92,23,129,13,65" hai1="85,7,69,4,113,114,122,121,118,10,45,68,72" hai2="78,30,93,126,80,125,96,31,17,91,79,58,54" hai3="99,110,117,43,37,47,67,86,66,112,21,88,57"/><W52/><G112/><N who="1" m="43114" /><E85/><V51/><F17/><W27/><G117/><T48/><D116/><U6/><E10/><V16/><F79/><W130/><G110/><T120/><D104/><U2/><E118/><V41/><F41/><W77/><G130/><T40/><D120/><N who="1" m="46187" /><E45/><V15/><F125/><W95/><G77/><T12/><D40/><U89/><E89/><V87/><F126/><W9/><G9/><AGARI ba="0,0" hai="9,15,16,30,31,51,54,58,78,80,87,91,93,96" machi="9" ten="30,7700,0" yaku="7,1,8,1,52,1,54,1" doraHai="8" who="2" fromWho="3" sc="335,0,313,0,229,77,123,-77" owari="335,43.0,313,11.0,306,-9.0,46,-45.0" /></mjloggm>