<mjloggm ver="2.3"><GO type="97" lobby="0"/><UN n0="%E5%B0%B1%E6%B4%BB%E7%94%9F%40%E5%B7%9D%E6%9D%91%E8%BB%8D%E5%9B%A3" n1="%E3%83%81%E3%83%A7%E3%82%B3%E5%B1%B1" n2="%E4%BF%AE%E6%A5%AD%E4%B8%AD" n3="%E9%9C%9C%E6%9C%88%E3%81%95%E3%82%93" dan="15,13,15,15" rate="1987.88,1861.37,1953.96,1983.80" sx="M,F,M,M"/><TAIKYOKU oya="0"/><INIT seed="0,0,0,4,4,69" ten="250,250,250,250" oya="0" hai0="85,128,4,82,51,71,21,117,56,103,116,87,96" hai1="63,2,104,15,127,125,126,22,92,20,83,0,12" hai2="62,57,8,80,31,102,81,91,25,24,11,26,110" hai3="27,114,68,90,19,124,45,119,42,47,7,100,48"/><T101/><D101/><U16/><E104/><V98/><F110/><W130/><G124/><T52/><D71/><U36/><E83/><V107/><F31/><W5/><G130/><T46/><D128/><U40/><E92/><V93/><F107/><W14/><G114/><T67/><D4/><U123/><E123/><V32/><F32/><W33/><G119/><T72/><D72/><U55/><E55/><N who="2" m="34111" /><F102/><W54/><G68/><T94/><D21/><N who="1" m="8299" /><E63/><V60/><F60/><W76/><G76/><T41/><D67/><U9/><E15/><V88/><F80/><W118/><G118/><T97/><D97/><U17/><E17/><V35/><F35/><W120/><G120/><T70/><D70/><U109/><E109/><V66/><F66/><W112/><G112/><T28/><D28/><U37/><E40/><V65/><F65/><W99/><G90/><N who="2" m="34345" /><F81/><W132/><G33/><T78/><REACH who="0" step="1"/><D87/><REACH who="0" ten="240,250,250,250" step="2"/><U135/><E135/><V58/><F98/><W3/><G99/><T115/><D115/><U6/><E0/><V79/><F8/><AGARI ba="0,1" hai="2,6,8,9,12,16,36,37,125,126,127" m="8299" machi="8" ten="40,8000,1" yaku="18,1,52,2,54,1" doraHai="69" who="1" fromWho="2" sc="240,0,250,90,250,-80,250,0" /><INIT seed="1,0,0,4,0,58" ten="240,340,170,250" oya="1" hai0="30,89,68,84,86,115,22,98,76,72,99,52,31" hai1="87,124,35,123,129,40,53,119,113,77,15,106,122" hai2="92,24,110,131,10,117,133,33,4,49,102,79,1" hai3="14,134,8,0,2,54,32,94,128,41,118,50,29"/><U45/><E106/><V60/><F117/><W59/><G118/><T95/><D72/><U25/><E119/><V135/><F79/><W21/><G128/><T37/><D115/><U47/><E113/><V56/><F131/><W105/><G105/><T19/><D68/><U18/><E129/><V75/><F75/><W74/><G32/><T27/><D37/><U93/><E124/><V26/><F110/><W16/><G74/><T55/><D86/><U36/><E25/><N who="2" m="9835" /><F49/><W43/><G134/><N who="2" m="51209" /><F33/><W104/><G104/><T109/><D109/><U120/><E35/><V34/><F34/><W61/><G29/><N who="0" m="10763" /><D99/><U83/><E93/><V66/><F92/><W5/><G0/><T9/><D9/><U108/><E108/><V38/><F102/><W130/><G130/><T81/><AGARI ba="0,0" hai="19,22,27,52,55,76,81,84,89,95,98" m="10763" machi="81" ten="30,2000,0" yaku="8,1,54,1" doraHai="58" who="0" fromWho="0" sc="240,20,340,-10,170,-5,250,-5" /><INIT seed="2,0,0,2,5,23" ten="260,330,165,245" oya="2" hai0="76,90,10,13,16,100,111,72,7,28,68,18,135" hai1="62,83,33,9,49,37,129,77,6,86,42,19,116" hai2="124,26,110,106,109,120,8,1,5,92,81,134,67" hai3="31,133,115,58,123,73,46,45,57,29,20,47,36"/><V113/><F106/><W39/><G123/><T50/><D68/><U84/><E37/><V15/><F81/><W88/><G133/><T27/><D135/><U99/><E33/><V98/><F67/><W14/><G115/><T4/><D111/><N who="2" m="42506" /><F134/><W71/><G71/><T51/><D72/><U114/><E114/><V131/><F120/><W95/><G73/><T102/><D76/><U93/><E116/><V128/><F113/><W127/><G127/><T126/><D90/><U22/><E62/><V103/><F124/><W41/><G41/><T97/><D126/><U94/><E42/><V56/><F56/><N who="3" m="21611" /><G39/><T25/><D28/><N who="3" m="10825" /><G36/><T107/><D102/><U44/><E129/><N who="2" m="49739" /><F15/><W101/><G101/><T96/><D100/><U21/><E83/><V80/><F80/><W48/><G48/><N who="0" m="18475" /><D107/><U65/><E49/><V74/><F74/><W52/><G52/><T85/><D85/><U11/><E86/><V121/><F121/><W54/><G54/><T35/><D35/><U70/><E84/><V30/><F30/><W130/><G130/><T66/><D66/><U64/><E65/><V125/><F125/><W79/><G46/><T117/><D117/><U69/><E44/><V91/><F103/><W60/><G47/><T12/><D7/><U63/><E64/><V53/><F53/><W78/><G45/><T108/><D4/><U89/><E69/><V59/><F59/><W40/><G40/><T132/><D132/><U61/><E6/><V3/><F3/><W43/><G43/><T24/><D108/><U105/><E70/><V55/><F55/><W34/><G14/><RYUUKYOKU ba="0,0" sc="260,15,330,-15,165,15,245,-15" hai0="10,12,13,16,18,24,25,27,96,97" hai2="1,5,8,26,91,92,98" /><INIT seed="2,1,0,1,0,39" ten="275,315,180,230" oya="2" hai0="22,37,114,19,46,64,130,70,73,9,51,61,131" hai1="16,95,90,109,77,106,47,0,133,113,104,17,134" hai2="45,29,2,74,124,54,128,125,4,98,33,62,48" hai3="118,107,71,53,27,58,121,8,111,97,43,87,69"/><V112/><F74/><W102/><G121/><T83/><D114/><U3/><E113/><V11/><F112/><W65/><G118/><T5/><D37/><U67/><E77/><V23/><F128/><N who="0" m="49194" /><D73/><U126/><E67/><V24/><F98/><W66/><G111/><T100/><D100/><U93/><E47/><V101/><F101/><W56/><G66/><T91/><D91/><U10/><E10/><V55/><REACH who="2" step="1"/><F33/><REACH who="2" ten="275,315,170,230" step="2"/><W108/><G102/><T34/><D34/><U63/><E109/><V132/><F132/><W135/><G107/><T59/><D70/><U76/><E106/><V123/><F123/><W119/><G108/><T41/><D83/><U105/><E104/><V81/><F81/><W84/><G97/><T115/><D115/><U20/><E105/><V52/><F52/><W60/><G53/><T44/><D44/><U26/><E133/><V21/><F21/><W1/><G135/><T78/><D78/><U72/><E20/><V6/><F6/><W94/><G94/><T80/><D80/><U75/><E93/><V89/><F89/><W103/><G103/><T117/><D117/><U36/><E95/><V14/><F14/><W50/><G119/><T12/><D22/><U49/><E90/><V88/><F88/><W7/><G7/><AGARI ba="1,1" hai="5,7,9,12,19,41,46,51,59,61,64" m="49194" machi="7" ten="30,2000,0" yaku="19,1,52,1" doraHai="39" who="0" fromWho="3" sc="275,33,315,0,170,0,230,-23" /><INIT seed="3,0,0,3,1,19" ten="308,315,170,207" oya="3" hai0="84,8,53,10,100,134,13,95,27,59,78,126,132" hai1="71,66,38,91,56,70,119,48,63,120,2,110,83" hai2="133,50,92,31,80,32,33,99,113,76,101,112,104" hai3="24,121,11,36,129,105,94,61,58,16,88,60,81"/><W93/><G121/><T52/><D126/><U127/><E38/><V5/><F5/><W1/><G105/><T40/><D40/><U62/><E2/><V25/><F133/><N who="0" m="51306" /><D27/><U115/><E120/><V41/><F33/><W106/><G106/><T72/><D72/><U68/><E91/><V35/><F35/><W55/><G36/><T131/><D131/><U39/><E83/><V14/><F14/><N who="3" m="7263" /><G1/><T79/><D53/><N who="1" m="31783" /><E39/><V118/><F118/><W42/><G129/><T73/><D73/><U108/><E119/><V0/><F0/><W28/><G42/><T97/><D84/><U87/><E87/><V15/><F15/><W23/><G61/><N who="1" m="23050" /><E127/><V128/><F128/><W18/><G28/><T114/><D114/><U22/><E22/><V26/><F26/><W67/><G67/><T45/><D45/><U3/><E3/><V43/><F104/><W47/><G47/><T98/><D98/><U44/><E115/><V4/><F4/><W122/><G122/><T102/><D102/><U64/><E44/><V82/><F82/><W69/><G69/><T65/><D65/><AGARI ba="0,0" hai="64,65,66,68,70,71,108,110" m="23050,31783" machi="65" ten="40,2600,0" yaku="34,2" doraHai="19" who="1" fromWho="0" sc="308,-26,315,26,170,0,207,0" owari="282,8.0,341,44.0,170,-33.0,207,-19.0" /></mjloggm>