<mjloggm ver="2.3"><GO type="97" lobby="0"/><UN n0="%E5%9B%9B%E4%BB%A3%E7%9B%AE%40%EF%BC%B2%EF%BC%B0%E5%9B%A3" n1="%E5%B0%B1%E6%B4%BB%E7%94%9F%40%E5%B7%9D%E6%9D%91%E8%BB%8D%E5%9B%A3" n2="%E3%83%A2%E3%82%B9%E5%9B%9E%E9%81%BF" n3="%E3%81%82%2E%E3%81%BB%E3%83%BC%E3%81%99%2E" dan="14,16,13,15" rate="1898.00,2084.27,1936.59,1955.29" sx="M,M,M,M"/><TAIKYOKU oya="0"/><INIT seed="0,0,0,2,1,24" ten="250,250,250,250" oya="0" hai0="21,45,79,120,59,126,112,40,12,9,100,46,106" hai1="113,57,64,116,53,101,23,32,35,110,5,54,3" hai2="66,7,114,65,105,8,91,83,118,119,63,132,34" hai3="86,43,128,26,37,133,104,134,107,102,99,76,25"/><T68/><D120/><U58/><E116/><N who="2" m="44587" /><F105/><W75/><G37/><T131/><D112/><U127/><E113/><V93/><F114/><W11/><G43/><T94/><D131/><U29/><E127/><V4/><F132/><N who="3" m="50795" /><G128/><T97/><D126/><U30/><E64/><N who="2" m="24683" /><F83/><N who="3" m="45471" /><G107/><T67/><D68/><U82/><E101/><V28/><F63/><W60/><G60/><T77/><D106/><U38/><E38/><V44/><F44/><N who="0" m="17002" /><D40/><U130/><E130/><V49/><F49/><W10/><G86/><T39/><D39/><U125/><E125/><V124/><F8/><AGARI ba="0,0" hai="8,10,11,25,26,99,102,104" m="45471,50795" machi="8" ten="30,1000,0" yaku="20,1" doraHai="24" who="3" fromWho="2" sc="250,0,250,0,250,-10,250,10" /><INIT seed="1,0,0,4,3,35" ten="250,250,240,260" oya="1" hai0="64,24,84,42,1,8,113,88,93,108,94,17,65" hai1="72,27,34,123,5,6,74,21,69,112,36,53,83" hai2="111,109,60,44,116,107,71,46,23,37,49,70,20" hai3="122,25,43,87,80,19,121,106,102,126,85,41,7"/><U45/><E123/><V89/><F107/><W91/><G126/><T15/><D113/><U104/><E104/><V132/><F116/><W59/><G7/><T9/><D108/><N who="2" m="41546" /><F132/><W55/><G106/><T40/><D24/><U95/><E112/><V100/><F100/><W58/><G102/><T63/><D65/><U11/><E34/><V120/><F120/><W101/><G101/><T127/><D127/><U76/><E69/><N who="2" m="26123" /><F89/><W3/><G3/><T131/><D131/><U115/><E115/><V26/><F26/><W10/><G59/><T67/><D67/><U125/><E125/><V56/><F20/><W12/><G25/><T75/><D75/><U133/><E133/><V18/><F18/><W22/><G10/><T117/><D117/><U38/><E72/><V128/><F23/><W129/><G129/><T31/><D31/><U73/><E73/><V98/><F98/><W135/><G135/><T96/><D1/><U97/><E6/><V33/><F33/><W0/><G0/><T68/><REACH who="0" step="1"/><D8/><REACH who="0" ten="240,250,240,260" step="2"/><U51/><E11/><V110/><F110/><W119/><G119/><T81/><D81/><U32/><E32/><V50/><F128/><W82/><G122/><T48/><D48/><N who="2" m="18538" /><F37/><W90/><G121/><T2/><D2/><U16/><REACH who="1" step="1"/><E5/><REACH who="1" ten="240,240,240,260" step="2"/><V14/><F14/><W66/><G12/><T62/><D62/><U30/><E30/><V103/><F60/><W13/><G66/><T114/><D114/><U118/><E118/><V134/><F134/><W57/><G82/><T47/><D47/><U124/><E124/><V99/><F56/><W4/><G80/><RYUUKYOKU ba="0,2" sc="240,10,240,10,240,10,260,-30" hai0="9,15,17,40,42,63,64,68,84,88,93,94,96" hai1="16,21,27,36,38,45,51,53,74,76,83,95,97" hai2="44,46,99,103" /><INIT seed="1,1,2,2,5,125" ten="250,250,250,230" oya="1" hai0="134,127,124,105,87,45,103,31,131,5,46,77,63" hai1="90,70,111,86,106,96,9,117,16,130,15,97,27" hai2="67,55,37,0,29,85,71,32,59,21,95,30,48" hai3="25,22,102,42,122,101,49,129,23,26,135,81,34"/><U2/><E117/><V4/><F37/><W120/><G34/><T91/><D134/><U108/><E70/><V83/><F32/><W54/><G135/><T24/><D5/><U44/><E2/><V107/><F107/><W89/><G42/><T33/><D77/><U10/><E106/><V118/><F118/><W12/><G12/><T17/><D17/><U68/><E68/><V121/><F121/><W47/><G122/><T41/><D63/><U6/><E130/><V19/><F4/><W50/><G120/><T72/><D72/><U40/><E27/><V76/><F0/><W94/><G81/><N who="0" m="49647" /><D131/><U104/><E10/><V64/><F71/><W82/><G82/><T123/><D123/><U35/><E35/><V53/><F95/><W93/><G129/><T100/><D105/><U11/><E11/><V3/><F3/><W43/><G93/><T79/><D79/><U116/><E6/><V84/><F84/><N who="3" m="52519" /><G25/><T73/><D73/><U1/><E1/><V114/><F114/><W51/><G23/><T98/><D98/><U132/><E132/><V52/><F53/><W62/><G62/><T39/><D46/><U133/><E133/><V69/><F55/><W80/><G80/><T58/><D58/><U20/><E9/><V28/><F69/><W74/><G74/><T65/><D65/><U57/><E104/><V66/><F64/><W88/><G88/><T113/><D113/><U128/><E116/><V109/><F67/><W119/><G119/><T38/><D38/><N who="1" m="21527" /><E128/><V36/><F36/><N who="3" m="21991" /><G54/><T75/><D75/><U14/><E90/><V7/><F66/><RYUUKYOKU ba="1,2" sc="250,15,250,-15,250,-15,230,15" hai0="24,31,33,39,41,45,100,103,124,127" hai3="22,26,49,50,51,101,102" /><INIT seed="2,2,2,3,5,91" ten="265,235,235,245" oya="2" hai0="54,121,118,124,57,99,21,132,38,18,47,5,119" hai1="8,95,33,50,106,12,96,11,112,26,92,85,104" hai2="40,98,84,101,97,19,72,70,133,130,120,44,60" hai3="107,80,83,75,93,126,77,45,17,51,53,76,58"/><V37/><F72/><W9/><G107/><T102/><D121/><U39/><E112/><V2/><F120/><W6/><G126/><T131/><D124/><U32/><E39/><V127/><F2/><W82/><G17/><T128/><D132/><U43/><E104/><V122/><F127/><W100/><G77/><T113/><D113/><U69/><E69/><V20/><F133/><W73/><G73/><T89/><D89/><N who="1" m="53295" /><E33/><V110/><F122/><W29/><G29/><T117/><D5/><N who="1" m="3087" /><E32/><V64/><F110/><W135/><G135/><T30/><D30/><U52/><E106/><V105/><F130/><W81/><G100/><T34/><D34/><U3/><E3/><V62/><F84/><W55/><G80/><T14/><D38/><U129/><E129/><V86/><F86/><W111/><G111/><T4/><D4/><U36/><E36/><V27/><REACH who="2" step="1"/><F62/><REACH who="2" ten="265,235,225,245" step="2"/><W28/><G75/><T78/><D131/><U22/><E11/><V25/><F25/><W103/><G76/><T56/><D128/><U41/><E26/><V123/><F123/><W94/><G103/><T88/><D102/><N who="1" m="60703" /><E22/><V10/><F10/><W0/><REACH who="3" step="1"/><G28/><REACH who="3" ten="265,235,225,235" step="2"/><T90/><D78/><U71/><E71/><V61/><F61/><AGARI ba="2,4" hai="0,6,9,45,51,53,55,58,61,81,82,83,93,94" machi="61" ten="40,8000,1" yaku="1,1,2,1,52,2,53,1" doraHai="91" doraHaiUra="35" who="3" fromWho="2" sc="265,0,235,0,225,-86,235,126" /><INIT seed="3,0,0,1,0,14" ten="265,235,139,361" oya="3" hai0="90,58,50,46,127,18,25,30,122,79,43,62,131" hai1="114,44,73,72,54,2,74,87,29,20,100,33,78" hai2="71,118,41,42,4,105,94,40,8,106,55,38,7" hai3="135,80,120,70,84,36,111,22,11,115,126,32,67"/><W69/><G36/><T57/><D122/><U121/><E114/><V56/><F71/><W98/><G98/><T65/><D131/><U101/><E2/><V61/><F118/><W24/><G11/><T0/><D127/><U112/><E33/><V76/><F76/><W102/><G126/><T97/><D0/><U19/><E112/><V107/><F94/><W130/><G67/><T128/><D128/><U117/><E121/><V113/><F113/><W10/><G102/><T64/><D79/><U125/><E125/><V49/><F38/><W99/><G135/><T9/><D65/><U88/><E29/><V35/><F35/><W6/><G6/><T134/><D134/><U47/><E78/><V26/><F26/><W132/><G24/><T124/><D124/><U27/><E117/><V53/><F8/><W86/><G70/><T21/><D58/><U83/><E47/><V13/><F13/><W68/><G69/><T1/><D1/><U104/><E104/><V109/><F109/><W60/><G68/><T31/><D9/><U85/><E85/><V81/><F81/><W3/><G86/><T95/><AGARI ba="0,0" hai="18,21,25,30,31,43,46,50,57,62,64,90,95,97" machi="95" ten="30,4000,0" yaku="0,1,8,1,52,1" doraHai="14" who="0" fromWho="0" sc="265,40,235,-10,139,-10,361,-20" owari="305,11.0,225,-17.0,129,-37.0,341,43.0" /></mjloggm>