<mjloggm ver="2.3"><GO type="169" lobby="0"/><UN n0="%E3%82%A6%E3%83%AB%E3%83%88%E3%83%A9%E7%AB%8B%E7%9B%B4" n1="%E3%83%90%E3%83%88%E3%83%AB%E3%83%89%E3%83%BC%E3%83%A0%EF%BC%81" n2="%E7%8B%AC%E6%AD%A9" n3="%6D%6F%65%2E%6E" dan="17,16,20,16" rate="2151.92,2059.46,2192.00,2058.54" sx="M,M,M,F"/><TAIKYOKU oya="0"/><INIT seed="0,0,0,1,0,70" ten="250,250,250,250" oya="0" hai0="50,68,59,33,99,64,131,17,97,42,32,132,7" hai1="39,89,128,23,67,46,76,100,4,14,29,114,101" hai2="88,110,95,129,108,21,121,16,125,133,84,12,77" hai3="31,54,15,30,63,96,91,103,127,19,93,58,75"/><T124/><D124/><U106/><E76/><V3/><F125/><W27/><G75/><T80/><D131/><U38/><E128/><V43/><F3/><W85/><G127/><T113/><D113/><U94/><E67/><V73/><F129/><W123/><G123/><T25/><D132/><U105/><E114/><V120/><F133/><W13/><G27/><T104/><D7/><U37/><E46/><V41/><F121/><W107/><REACH who="3" step="1"/><G13/><REACH who="3" ten="250,250,250,240" step="2"/><T90/><D25/><U71/><E14/><V53/><F120/><W55/><G55/><T47/><D33/><U24/><E4/><V10/><F53/><W48/><G48/><T119/><D32/><U45/><E71/><V79/><F73/><W130/><G130/><T65/><D68/><U87/><REACH who="1" step="1"/><E45/><REACH who="1" ten="250,240,250,240" step="2"/><V86/><F108/><W116/><G116/><T69/><D69/><U102/><AGARI ba="0,2" hai="23,24,29,37,38,39,87,89,94,100,101,102,105,106" machi="102" ten="40,16000,3" yaku="1,1,2,1,0,1,52,3,53,3" doraHai="70" doraHaiUra="98" who="1" fromWho="1" sc="250,-80,240,180,250,-40,240,-40" /><INIT seed="1,0,0,5,2,22" ten="170,420,210,200" oya="1" hai0="128,12,70,126,36,87,15,130,119,25,30,50,122" hai1="52,74,54,9,40,56,100,86,26,84,0,110,2" hai2="118,69,44,5,60,16,3,82,97,8,43,20,94" hai3="107,1,64,92,38,135,79,65,33,134,109,131,72"/><U102/><E74/><V80/><F118/><W129/><G107/><T77/><D36/><U68/><E68/><V34/><F34/><W96/><G38/><T95/><D119/><U59/><E40/><V114/><F114/><W46/><G1/><T53/><D70/><U14/><E110/><V101/><F60/><W124/><G109/><T90/><D77/><U73/><E73/><V91/><F69/><W24/><G46/><T61/><D61/><U17/><E2/><V45/><F101/><N who="1" m="39017" /><E0/><V18/><F18/><W58/><G124/><T105/><D105/><U116/><E116/><V113/><F113/><W27/><G72/><T125/><D122/><U103/><E103/><V39/><REACH who="2" step="1"/><F45/><REACH who="2" ten="170,420,200,200" step="2"/><W71/><G71/><T112/><D112/><U83/><E56/><V75/><F75/><W51/><G33/><N who="0" m="20687" /><D126/><U62/><E54/><V127/><F127/><W67/><G58/><N who="0" m="33079" /><D125/><U23/><E83/><V13/><AGARI ba="0,1" hai="3,5,8,13,16,20,39,43,44,80,82,91,94,97" machi="13" ten="20,5200,0" yaku="1,1,0,1,7,1,54,1,53,0" doraHai="22" doraHaiUra="120" who="2" fromWho="2" sc="170,-13,420,-26,200,62,200,-13" /><INIT seed="2,0,0,0,5,23" ten="157,394,262,187" oya="2" hai0="58,117,129,15,35,88,96,49,37,11,132,0,110" hai1="28,84,130,85,6,33,98,77,44,99,10,83,128" hai2="104,106,3,107,30,52,123,81,119,22,71,105,126" hai3="29,72,32,21,131,26,59,60,75,48,57,43,18"/><V68/><F119/><W102/><G131/><N who="1" m="50218" /><E85/><V12/><F123/><W70/><G70/><T112/><D112/><U120/><E120/><V114/><F3/><W79/><G79/><T92/><D129/><U47/><E33/><V103/><F126/><W14/><G102/><T13/><D110/><U115/><E28/><V111/><F114/><W134/><G134/><T40/><D132/><U9/><E115/><V87/><F111/><W38/><G38/><T97/><D117/><U55/><E10/><V46/><F103/><W20/><G32/><T122/><D122/><U8/><E8/><V27/><N who="2" m="26624" /><DORA hai="19" /><V89/><REACH who="2" step="1"/><F12/><REACH who="2" ten="157,394,252,187" step="2"/><W78/><G14/><T63/><D15/><U74/><E6/><V125/><F125/><W133/><G133/><T109/><D13/><U121/><E121/><V95/><F95/><W82/><G72/><T90/><D0/><U5/><E74/><V135/><F135/><W31/><G75/><T24/><D92/><U1/><E1/><V64/><F64/><W100/><G100/><T127/><D127/><U42/><E5/><V94/><F94/><W2/><G2/><T36/><D109/><U116/><E116/><V108/><F108/><W56/><G82/><T17/><D90/><U80/><E80/><V67/><F67/><W69/><G78/><T93/><D88/><U51/><E83/><V53/><F53/><W4/><G4/><T62/><D93/><U66/><E77/><V61/><F61/><W113/><G60/><T73/><D63/><U54/><E66/><V16/><F16/><W76/><G18/><T91/><D62/><RYUUKYOKU ba="0,1" sc="157,-10,394,-10,252,30,187,-10" hai2="22,27,30,46,52,68,71,81,87,89" /><INIT seed="2,1,1,0,3,51" ten="147,384,282,177" oya="2" hai0="95,31,68,70,34,79,119,6,127,21,85,101,66" hai1="128,135,42,57,115,48,134,44,18,38,77,0,118" hai2="130,2,12,26,36,32,25,63,114,60,88,67,43" hai3="74,20,87,126,50,64,1,121,113,75,72,84,58"/><V93/><F2/><W10/><G121/><T59/><D34/><U129/><E0/><V102/><F114/><W46/><G113/><T9/><D119/><U94/><E115/><V122/><F122/><W89/><G126/><T116/><D116/><U62/><E118/><V15/><F130/><N who="1" m="50281" /><E77/><V131/><F131/><W27/><G1/><T23/><D127/><U111/><E94/><V117/><F117/><W99/><G10/><T124/><D124/><U86/><E86/><V80/><F43/><W120/><G120/><T105/><D105/><U35/><E18/><V81/><F36/><W39/><G39/><T71/><D79/><U98/><E98/><V28/><F102/><W29/><G99/><T97/><D85/><U76/><E76/><V73/><F73/><W96/><G96/><T16/><D31/><U4/><E4/><V33/><F67/><W132/><G132/><N who="1" m="50730" /><E35/><V108/><F28/><W40/><REACH who="3" step="1"/><G89/><REACH who="3" ten="147,384,282,167" step="2"/><T82/><D97/><U22/><E111/><V24/><F108/><W47/><G47/><T14/><D101/><U37/><E22/><V90/><F26/><W107/><G107/><T5/><D23/><U13/><E13/><V100/><F100/><W69/><G69/><T112/><D70/><U104/><E104/><V91/><F91/><W45/><G45/><T133/><D68/><U106/><E106/><V110/><F110/><W125/><G125/><T3/><D71/><U65/><AGARI ba="1,2" hai="37,38,42,44,48,57,62,65" m="50730,50281" machi="65" ten="30,7900,0" yaku="19,1,20,1,34,2" doraHai="51" who="1" fromWho="1" sc="147,-21,384,102,282,-40,167,-21" /><INIT seed="3,0,0,0,1,36" ten="126,486,242,146" oya="3" hai0="91,104,55,51,65,112,79,98,125,126,82,135,1" hai1="61,76,18,73,47,109,120,96,132,42,52,89,9" hai2="110,56,5,87,86,15,117,62,103,95,25,74,11" hai3="50,60,128,16,92,2,14,133,20,102,69,94,31"/><W35/><G2/><T29/><D1/><U100/><E120/><V121/><F74/><W127/><G127/><T80/><D112/><U48/><E109/><V99/><F117/><W75/><G75/><T85/><D135/><U21/><E132/><V71/><F71/><W19/><G133/><T131/><D65/><U101/><E9/><V46/><F110/><W44/><G128/><T22/><D131/><U106/><E101/><V119/><F119/><W66/><G102/><T10/><D10/><U40/><E61/><V4/><F4/><W68/><G68/><T33/><D33/><U8/><E8/><V118/><F118/><W88/><G88/><T67/><D67/><U27/><REACH who="1" step="1"/><E89/><REACH who="1" ten="126,476,242,146" step="2"/><V58/><F121/><W0/><G0/><T81/><D91/><U49/><E49/><V28/><F62/><W59/><G69/><T45/><D51/><U93/><E93/><V116/><F116/><W108/><G108/><T43/><D125/><U7/><E7/><V77/><F95/><W78/><G78/><T107/><D79/><U39/><E39/><V63/><F77/><W111/><G111/><T41/><D126/><U32/><E32/><V105/><F63/><W6/><G6/><T72/><D107/><U26/><E26/><V114/><F114/><W129/><G129/><T34/><D34/><U124/><E124/><V113/><F113/><W83/><G35/><T3/><D104/><U24/><E24/><V12/><F103/><W30/><G92/><T97/><D3/><U122/><E122/><V38/><F105/><W64/><G94/><T53/><D22/><RYUUKYOKU ba="0,1" sc="126,-10,476,30,242,-10,146,-10" hai1="18,21,27,40,42,47,48,52,73,76,96,100,106" /><INIT seed="4,1,1,4,1,1" ten="116,506,232,136" oya="0" hai0="124,104,36,73,14,46,132,111,121,69,97,28,55" hai1="109,47,26,103,78,62,30,31,50,41,40,51,58" hai2="18,22,125,66,126,3,101,102,122,113,98,116,49" hai3="129,27,15,120,44,48,89,94,6,115,29,93,25"/><T130/><RYUUKYOKU type="yao9" ba="1,1" sc="116,0,506,0,232,0,136,0" hai0="14,28,36,46,55,69,73,97,104,111,121,124,130,132" /><INIT seed="4,2,1,2,1,133" ten="116,506,232,136" oya="0" hai0="45,25,108,112,78,80,41,56,90,30,84,32,48" hai1="120,127,114,130,79,129,101,86,121,102,4,34,126" hai2="57,74,132,111,59,134,98,52,93,135,12,69,46" hai3="94,27,19,109,110,21,39,89,70,100,31,38,44"/><T42/><D112/><U36/><E36/><V68/><F74/><W104/><G70/><N who="2" m="27241" /><F111/><W116/><G116/><T23/><D108/><U28/><E114/><V9/><F46/><W26/><G39/><T105/><D105/><U107/><E4/><N who="2" m="3111" /><F52/><W29/><G104/><T97/><D56/><U11/><E11/><V76/><F76/><W24/><G100/><AGARI ba="2,1" hai="57,59,93,98,100,132,134,135" m="3111,27241" machi="100" ten="40,1300,0" yaku="20,1" doraHai="133" who="2" fromWho="3" sc="116,0,506,0,232,29,136,-19" /><INIT seed="5,0,0,0,4,105" ten="116,506,261,117" oya="1" hai0="6,44,78,30,92,39,65,3,81,19,41,58,83" hai1="37,104,102,47,76,124,17,73,4,35,34,29,42" hai2="108,115,62,94,121,27,132,46,100,10,8,23,66" hai3="15,111,128,0,67,50,14,80,48,25,40,28,74"/><U53/><E124/><V61/><F121/><W36/><G0/><T70/><D30/><U125/><E125/><V16/><F108/><W90/><G111/><T82/><D70/><U51/><E17/><V43/><F132/><W69/><G128/><T133/><D133/><U126/><E126/><V18/><F115/><W93/><G36/><T79/><D19/><U112/><E112/><V118/><F118/><W120/><G120/><T32/><D32/><U22/><E22/><V99/><F18/><W5/><G69/><T98/><D65/><U89/><E29/><V59/><F62/><W123/><G123/><T54/><D6/><U12/><E89/><V55/><F66/><W87/><G67/><T56/><D3/><U106/><E106/><V77/><F77/><W103/><G103/><T114/><D114/><U60/><E60/><V13/><F13/><W63/><G63/><T26/><D26/><U127/><E12/><V109/><F109/><W75/><G14/><T97/><D97/><U9/><E9/><V33/><F33/><W71/><G71/><T1/><D1/><U131/><E35/><V117/><F117/><W49/><G40/><T86/><D54/><U119/><E34/><V96/><F96/><N who="3" m="57399" /><G15/><T107/><D107/><U129/><E104/><V21/><F21/><N who="3" m="15407" /><G5/><T110/><D110/><U24/><E4/><V45/><F43/><W130/><G130/><T31/><D31/><U113/><E42/><V38/><F38/><W52/><G52/><T116/><D116/><U2/><E37/><V95/><F95/><W68/><G68/><T88/><D78/><AGARI ba="0,0" hai="48,49,50,74,75,78,80,87" m="15407,57399" machi="78" ten="30,3900,0" yaku="6,1,52,2" doraHai="105" who="3" fromWho="0" sc="116,-39,506,0,261,0,117,39" /><INIT seed="6,0,0,4,5,51" ten="77,506,261,156" oya="2" hai0="87,116,106,96,53,1,92,93,24,67,23,26,8" hai1="101,57,38,35,39,114,99,56,46,43,102,33,30" hai2="18,4,54,27,34,112,58,52,122,65,133,13,90" hai3="128,40,85,70,82,29,113,76,15,21,118,63,10"/><V107/><F122/><W64/><G118/><T125/><D116/><U69/><E69/><V79/><F107/><W22/><G128/><T130/><D130/><U83/><E83/><V17/><F112/><W60/><G113/><T110/><D110/><U45/><E114/><V124/><F79/><W89/><G40/><T11/><D106/><U66/><E66/><V121/><F121/><W132/><G132/><T131/><D131/><U97/><E30/><V49/><F65/><W119/><G119/><T59/><D67/><U103/><E103/><V47/><F124/><W109/><G109/><T111/><D125/><U91/><E91/><V134/><F90/><W16/><G60/><N who="0" m="35951" /><D1/><U81/><E81/><V71/><F71/><W120/><G120/><T77/><D111/><U7/><E7/><V9/><F34/><W5/><G29/><N who="0" m="17567" /><D26/><U127/><E127/><V25/><F25/><W0/><REACH who="3" step="1"/><G22/><REACH who="3" ten="77,506,261,146" step="2"/><T126/><D126/><U100/><E43/><V6/><F134/><W80/><G80/><N who="0" m="47503" /><D93/><U105/><E105/><V86/><F133/><W62/><G62/><T14/><D14/><U117/><E117/><V42/><F42/><W78/><AGARI ba="0,1" hai="0,5,10,15,16,21,63,64,70,76,78,82,85,89" machi="78" ten="30,4000,0" yaku="1,1,0,1,54,1,53,0" doraHai="51" doraHaiUra="68" who="3" fromWho="3" sc="77,-10,506,-10,261,-20,146,50" /><INIT seed="7,0,0,0,4,28" ten="67,496,241,196" oya="3" hai0="79,113,62,45,105,38,115,72,44,78,94,27,37" hai1="124,41,53,85,52,32,117,95,42,106,74,84,26" hai2="29,96,13,130,122,5,103,4,123,86,51,33,43" hai3="66,126,71,127,101,60,108,10,22,35,17,70,132"/><W16/><G132/><T18/><D18/><U24/><E106/><V23/><F130/><W40/><G108/><T58/><D27/><U82/><E74/><V48/><F86/><W68/><G35/><T129/><D94/><U39/><E39/><N who="0" m="14857" /><D105/><U114/><E124/><N who="3" m="47658" /><G40/><N who="1" m="15466" /><E32/><V90/><F43/><W36/><G36/><T134/><D72/><U131/><E114/><N who="0" m="43529" /><D78/><N who="1" m="46167" /><E131/><V7/><F33/><W6/><G101/><T30/><D79/><U34/><E34/><V100/><F90/><W9/><G9/><T12/><D129/><U128/><E128/><V2/><F2/><N who="3" m="343" /><G17/><T61/><D12/><AGARI ba="0,0" hai="12,16,22,60,66,68,70,71" m="343,47658" machi="12" ten="30,2900,0" yaku="18,1,54,1" doraHai="28" who="3" fromWho="0" sc="67,-29,496,0,241,0,196,29" /><INIT seed="7,1,0,3,3,5" ten="38,496,241,225" oya="3" hai0="129,27,96,87,20,15,25,126,104,128,123,57,59" hai1="84,33,108,124,10,90,70,80,4,55,97,21,114" hai2="68,66,45,94,65,64,41,24,22,81,120,61,2" hai3="88,43,127,78,63,0,133,37,83,26,107,85,9"/><W134/><G107/><T39/><D39/><U106/><E33/><V34/><F120/><W53/><G127/><T92/><D123/><U14/><E108/><V12/><F2/><W76/><G26/><T3/><D104/><U110/><E110/><V36/><F34/><W117/><G117/><T135/><D87/><U7/><E114/><V75/><F12/><W95/><G37/><T42/><D42/><U115/><E21/><V1/><F1/><W122/><G122/><T112/><D92/><U54/><E54/><V131/><F131/><W111/><G111/><T47/><D47/><U62/><E62/><V93/><F93/><W69/><G43/><T30/><D96/><U109/><E97/><V113/><F113/><W60/><G83/><T105/><D105/><U100/><E100/><V132/><F132/><N who="3" m="50795" /><G53/><T29/><D135/><U118/><E55/><V125/><F125/><W102/><G102/><T56/><D126/><U6/><E124/><V103/><F94/><W73/><G73/><T50/><D112/><U44/><E106/><V8/><F103/><W35/><G35/><T77/><D50/><U58/><E118/><V101/><F101/><W38/><G38/><T99/><D99/><U71/><E109/><V51/><F36/><W18/><G69/><T46/><D128/><U52/><E70/><V119/><F119/><W79/><G0/><T32/><D3/><U121/><E71/><V11/><F68/><W23/><G60/><T13/><D129/><U130/><E130/><V19/><F61/><W17/><G63/><T72/><D32/><U28/><E121/><RYUUKYOKU ba="1,0" sc="38,-10,496,-10,241,30,225,-10" hai2="8,11,19,22,24,41,45,51,64,65,66,75,81" owari="28,-47.0,486,58.0,271,7.0,215,-18.0" /></mjloggm>