<mjloggm ver="2.3"><GO type="169" lobby="0"/><UN n0="%E9%95%B7%E9%A2%A8%E6%AD%A2%E6%81%AF" n1="%E3%81%8D%E3%81%97%E3%82%8A%E3%81%A3%E3%81%97%E3%82%85" n2="%E3%82%A6%E3%83%AB%E3%83%88%E3%83%A9%E7%AB%8B%E7%9B%B4" n3="%73%68%61%6F" dan="16,16,17,17" rate="2082.85,2025.58,2217.17,2137.36" sx="M,M,M,M"/><TAIKYOKU oya="0"/><INIT seed="0,0,0,1,0,56" ten="250,250,250,250" oya="0" hai0="28,103,69,121,10,6,118,21,51,101,80,71,59" hai1="122,74,135,55,86,22,131,42,67,38,12,7,9" hai2="83,110,79,41,34,94,18,95,100,107,102,130,81" hai3="23,88,50,98,133,3,25,8,76,49,99,97,14"/><T126/><D118/><U37/><E74/><N who="2" m="43255" /><F18/><W53/><G3/><T112/><D112/><U0/><E122/><V111/><F41/><W123/><G76/><T48/><D121/><U120/><E86/><V105/><F34/><W115/><G115/><T35/><D126/><U113/><E22/><V85/><F130/><W27/><G123/><T92/><D35/><U65/><E38/><V15/><F15/><W54/><G133/><T44/><D59/><U78/><E78/><N who="2" m="46327" /><F111/><W87/><G50/><T117/><D48/><U77/><E42/><V43/><F43/><W63/><G63/><T47/><D47/><U70/><E37/><V64/><F64/><W90/><G23/><T109/><D109/><U32/><E67/><V114/><F114/><W93/><G90/><T134/><D134/><U24/><E135/><V26/><F26/><N who="3" m="9739" /><G49/><T61/><D51/><U116/><E0/><V66/><F66/><W52/><G54/><T39/><D21/><U2/><E2/><V30/><F30/><W106/><G106/><N who="2" m="40457" /><F110/><W108/><G108/><T60/><D28/><U45/><E113/><V129/><F129/><W46/><G46/><T29/><D44/><U72/><E131/><V82/><F82/><W36/><G36/><T58/><D80/><N who="1" m="45095" /><E120/><V68/><F68/><W73/><G73/><T127/><D69/><U11/><E116/><V57/><F57/><W40/><G40/><T33/><D58/><U132/><E132/><V96/><F102/><W125/><G125/><T19/><D127/><U4/><E70/><V20/><F20/><W31/><G31/><T124/><D29/><RYUUKYOKU ba="0,0" sc="250,-15,250,-15,250,15,250,15" hai2="94,95,96,100" hai3="8,14,52,53,87,88,93,97,98,99" /><INIT seed="1,1,0,2,2,5" ten="235,235,265,265" oya="1" hai0="90,135,18,95,23,107,34,66,110,104,75,33,29" hai1="92,20,89,0,123,87,98,47,109,80,7,111,22" hai2="72,41,28,94,117,108,102,119,4,48,132,31,76" hai3="54,99,127,78,113,134,26,30,93,2,53,91,35"/><U11/><E123/><V50/><F108/><N who="1" m="41545" /><E47/><V77/><F132/><W19/><G113/><T39/><D110/><U59/><E59/><V16/><F4/><W106/><G134/><T121/><D135/><U100/><AGARI ba="1,0" hai="0,7,11,20,22,80,87,89,92,98,100" m="41545" machi="100" ten="30,6000,0" yaku="14,1,10,1,52,1" doraHai="5" who="1" fromWho="1" sc="235,-21,235,63,265,-21,265,-21" /><INIT seed="1,2,0,5,5,114" ten="214,298,244,244" oya="1" hai0="121,79,12,22,26,116,54,6,43,135,97,93,118" hai1="68,120,3,20,45,19,39,65,24,103,70,44,25" hai2="34,5,56,73,11,81,59,101,72,49,37,61,115" hai3="66,31,109,55,21,125,134,40,123,84,76,119,126"/><U13/><E3/><V14/><F37/><W36/><G123/><T53/><D121/><U131/><E120/><V46/><F34/><W71/><G109/><T27/><D43/><U29/><E131/><V52/><F115/><W58/><G134/><T62/><D135/><U100/><E25/><V17/><F101/><W113/><G113/><T51/><D62/><U50/><E39/><V122/><F122/><W99/><G99/><T82/><D53/><U89/><E45/><V67/><F81/><W41/><G66/><T108/><D108/><U10/><E70/><V117/><F117/><W105/><G105/><T85/><D26/><U124/><E124/><N who="3" m="47722" /><G71/><T78/><D78/><U133/><E133/><V38/><F38/><W80/><G119/><T96/><D96/><U91/><E65/><V28/><F28/><W94/><G94/><T7/><D7/><U86/><E68/><V30/><F30/><W42/><G36/><T74/><D74/><U35/><E35/><V63/><REACH who="2" step="1"/><F5/><REACH who="2" ten="214,298,234,244" step="2"/><W107/><G31/><T112/><D112/><U60/><E60/><V69/><F69/><W18/><G107/><T95/><D6/><U130/><E130/><V32/><F32/><W47/><G80/><T64/><D116/><U2/><E2/><V104/><F104/><W83/><G83/><T129/><D118/><U90/><REACH who="1" step="1"/><E86/><REACH who="1" ten="214,288,234,244" step="2"/><V75/><F75/><W110/><G84/><T9/><D85/><U87/><E87/><V111/><F111/><W8/><G110/><T128/><D129/><U57/><E57/><V106/><F106/><W92/><G58/><T102/><D128/><RYUUKYOKU ba="2,2" sc="214,-15,288,15,234,15,244,-15" hai1="10,13,19,20,24,29,44,50,89,90,91,100,103" hai2="11,14,17,46,49,52,56,59,61,63,67,72,73" /><INIT seed="1,3,2,0,4,15" ten="199,303,249,229" oya="1" hai0="69,92,50,75,99,130,74,86,67,46,88,11,131" hai1="114,53,124,22,80,128,5,3,82,118,37,1,79" hai2="102,51,20,40,122,135,91,10,27,41,36,83,45" hai3="126,8,42,60,0,108,73,97,63,134,19,6,59"/><U34/><E34/><V95/><F122/><W100/><G73/><T56/><D69/><U132/><E118/><V116/><F116/><W7/><G108/><T26/><D11/><U90/><E37/><V25/><F135/><W110/><G110/><T117/><D117/><U94/><E132/><V105/><F105/><W78/><G78/><T14/><D14/><U68/><E68/><V76/><F102/><W127/><G134/><T87/><D26/><U57/><E114/><V35/><F35/><W43/><G7/><T54/><D87/><U107/><E107/><V106/><F106/><W77/><G77/><T28/><D28/><U38/><E38/><V30/><F10/><W24/><G63/><N who="0" m="38375" /><D86/><U81/><E128/><AGARI ba="3,2" hai="46,50,54,74,75,88,92,99,128,130,131" m="38375" machi="128" ten="30,2000,0" yaku="19,1,54,1" doraHai="15" who="0" fromWho="1" sc="199,49,303,-29,249,0,229,0" /><INIT seed="2,0,0,5,5,21" ten="248,274,249,229" oya="2" hai0="51,124,59,14,88,76,131,53,108,105,103,87,111" hai1="45,56,115,28,134,57,24,116,36,43,6,104,74" hai2="93,123,9,63,100,96,26,120,40,94,112,49,54" hai3="46,79,86,17,34,128,85,50,61,35,117,68,126"/><V122/><F112/><W30/><G117/><T29/><D124/><U80/><E104/><V64/><F40/><W106/><G106/><T133/><D131/><U90/><E115/><V10/><F93/><W81/><G128/><T23/><D133/><U109/><E116/><V2/><F2/><W0/><G0/><T22/><D76/><U118/><E118/><V39/><F39/><W78/><G126/><T47/><D14/><U31/><E6/><V125/><F125/><W99/><G99/><N who="0" m="61695" /><D47/><U15/><E15/><V32/><F49/><W8/><G68/><T92/><D29/><U121/><E28/><V33/><F54/><W3/><G61/><T44/><D44/><U129/><E129/><V4/><F4/><W107/><G107/><T12/><D22/><U91/><E121/><V11/><REACH who="2" step="1"/><F26/><REACH who="2" ten="248,274,239,229" step="2"/><W7/><G50/><T37/><D37/><U20/><E36/><V48/><F48/><W101/><G7/><T42/><D42/><U70/><E43/><V13/><F13/><W69/><G3/><T55/><D55/><U66/><E24/><V62/><F62/><W98/><G46/><T19/><AGARI ba="0,1" hai="12,19,23,51,53,59,87,88,92,108,111" m="61695" machi="19" ten="30,2000,0" yaku="25,1,54,1" doraHai="21" who="0" fromWho="0" sc="248,30,274,-5,239,-10,229,-5" /><INIT seed="3,0,0,4,3,16" ten="278,269,229,224" oya="3" hai0="102,111,24,121,92,13,41,80,33,53,108,28,74" hai1="97,72,118,134,54,69,71,18,70,14,98,61,22" hai2="87,133,35,73,34,83,63,20,9,115,125,51,40" hai3="89,88,135,112,106,66,65,4,37,132,127,12,114"/><W26/><G37/><T120/><D41/><U7/><E72/><V100/><F73/><W122/><G106/><T32/><D32/><U86/><E134/><N who="3" m="51242" /><G122/><T42/><D42/><U79/><E118/><V90/><F115/><N who="3" m="44075" /><G127/><T107/><D107/><U15/><E79/><V96/><F35/><W38/><G38/><T104/><D92/><U29/><E29/><V123/><F34/><W49/><G49/><T109/><D53/><U43/><E43/><V101/><F123/><W31/><G12/><T76/><D13/><U95/><E15/><V21/><F125/><W94/><G4/><T110/><N who="0" m="27648" /><DORA hai="3" /><T25/><REACH who="0" step="1"/><D25/><REACH who="0" ten="268,269,229,224" step="2"/><U85/><E14/><V11/><F133/><W23/><G89/><T82/><D82/><U0/><E7/><V119/><F83/><W103/><G103/><T50/><D50/><U1/><E1/><V30/><F101/><W129/><G129/><T81/><D81/><U131/><E0/><V48/><F100/><W19/><G31/><T47/><D47/><U57/><E131/><V113/><F30/><W67/><G66/><T45/><D45/><U91/><E91/><V2/><F90/><W128/><G128/><T55/><D55/><U58/><E54/><V99/><F113/><W56/><G56/><T5/><D5/><U39/><E57/><V116/><F2/><W59/><G59/><T60/><D60/><U52/><E39/><V130/><F130/><W117/><G117/><T64/><D64/><U68/><E68/><V17/><F63/><W84/><AGARI ba="0,1" hai="19,23,26,65,67,84,88,94" m="44075,51242" machi="84" ten="30,6000,0" yaku="20,1,52,1,54,1" doraHai="16,3" who="3" fromWho="3" sc="268,-20,269,-20,229,-20,224,70" /><INIT seed="3,1,0,1,4,12" ten="248,249,209,294" oya="3" hai0="128,61,126,130,48,19,124,107,67,133,41,43,63" hai1="47,29,39,69,81,65,17,78,75,60,23,59,49" hai2="119,53,18,112,83,104,68,100,80,89,101,109,76" hai3="44,32,4,8,22,91,87,42,114,52,31,84,56"/><W102/><G32/><T0/><D107/><U15/><E29/><V99/><F68/><W10/><G102/><T98/><D0/><U1/><E1/><V40/><F119/><W51/><G114/><T71/><D98/><U54/><REACH who="1" step="1"/><E39/><REACH who="1" ten="248,239,209,294" step="2"/><V37/><F37/><W120/><G120/><T82/><D130/><U125/><E125/><V93/><F112/><W117/><G117/><T13/><D128/><U58/><AGARI ba="1,1" hai="15,17,23,47,49,54,58,59,60,65,69,75,78,81" machi="58" ten="30,4000,0" yaku="1,1,0,1,52,1,53,0" doraHai="12" doraHaiUra="2" who="1" fromWho="1" sc="248,-11,239,53,209,-11,294,-21" /><INIT seed="4,0,0,0,0,17" ten="237,292,198,273" oya="0" hai0="1,92,28,64,106,42,69,75,66,87,104,107,100" hai1="80,88,94,4,14,129,48,0,58,71,127,63,57" hai2="89,95,135,108,30,33,86,128,97,119,110,27,32" hai3="56,11,44,130,113,60,133,49,118,112,19,76,35"/><T93/><D75/><U83/><E0/><V2/><F2/><W85/><G35/><T96/><D1/><U102/><E71/><V45/><F128/><W120/><G118/><T12/><D42/><U61/><E102/><V123/><F123/><W9/><G130/><T41/><D41/><U67/><E48/><V73/><F73/><W126/><G120/><T29/><D12/><U131/><E127/><V37/><F119/><W99/><G99/><T79/><D79/><U90/><E131/><V31/><F135/><W47/><G133/><T98/><D87/><N who="1" m="52511" /><E90/><V121/><F121/><W59/><G49/><T70/><D106/><U116/><E116/><V51/><F37/><W109/><G47/><T20/><REACH who="0" step="1"/><D100/><REACH who="0" ten="227,292,198,273" step="2"/><U7/><E129/><V68/><F86/><W38/><G85/><T74/><D74/><U114/><E14/><V82/><F82/><W25/><G76/><T22/><AGARI ba="0,1" hai="20,22,28,29,64,66,69,70,92,93,96,98,104,107" machi="22" ten="25,18000,2" yaku="1,1,0,1,22,2,52,2,53,0" doraHai="17" doraHaiUra="34" who="0" fromWho="0" sc="227,190,292,-60,198,-60,273,-60" /><INIT seed="4,1,0,1,0,1" ten="417,232,138,213" oya="0" hai0="34,126,29,54,26,119,75,95,27,77,25,32,15" hai1="80,124,78,72,23,47,134,113,123,12,98,22,51" hai2="87,133,43,9,8,42,120,116,52,58,20,41,13" hai3="62,114,57,5,33,60,121,3,73,99,76,14,92"/><T45/><D119/><U38/><E123/><V129/><F120/><W68/><G33/><T86/><D75/><U6/><E38/><V31/><F116/><W104/><G104/><T115/><D115/><U125/><E113/><V96/><F129/><W2/><G121/><T0/><D0/><U107/><E134/><V79/><F133/><W91/><G114/><T49/><D126/><N who="1" m="48747" /><E98/><V36/><F36/><W103/><G62/><T44/><D32/><U50/><E50/><V105/><F105/><W135/><G68/><T16/><D45/><U24/><E24/><N who="2" m="16775" /><F96/><W83/><G135/><T88/><REACH who="0" step="1"/><D77/><REACH who="0" ten="407,232,138,213" step="2"/><U7/><E72/><V61/><F13/><W71/><G14/><T39/><D39/><U94/><E12/><V56/><F56/><W93/><G71/><T35/><D35/><U40/><E47/><V82/><AGARI ba="1,1" hai="8,9,41,42,43,52,58,61,79,82,87" m="16775" machi="82" ten="30,2000,0" yaku="8,1,54,1" doraHai="1" who="2" fromWho="2" sc="407,-11,232,-6,138,33,213,-6" /><INIT seed="5,0,0,1,5,39" ten="396,226,171,207" oya="1" hai0="18,44,19,126,35,108,74,61,122,20,23,36,88" hai1="16,109,22,80,66,121,95,133,31,91,72,10,111" hai2="48,132,123,45,15,93,134,21,51,96,131,40,57" hai3="63,103,125,107,52,29,115,84,77,81,30,5,62"/><U14/><E121/><V106/><F106/><W58/><G115/><T42/><D108/><N who="1" m="41547" /><E133/><N who="2" m="51307" /><F123/><W116/><G125/><T6/><D35/><U34/><E34/><V69/><F69/><W120/><G120/><T26/><D122/><U11/><E66/><V94/><F131/><W83/><G116/><T135/><D135/><U43/><E31/><V101/><F93/><W65/><G5/><T92/><D74/><U100/><E100/><V53/><F15/><W24/><G24/><T7/><D61/><U75/><E43/><N who="2" m="24639" /><F21/><W68/><G103/><T102/><D102/><U8/><E80/><V117/><F117/><W82/><G107/><T41/><D41/><AGARI ba="0,0" hai="40,41,51,53,57,94,96,101" m="24639,51307" machi="41" ten="30,7700,0" yaku="20,1,52,3" doraHai="39" who="2" fromWho="0" sc="396,-77,226,0,171,77,207,0" /><INIT seed="6,0,0,4,5,25" ten="319,226,248,207" oya="2" hai0="111,22,49,56,133,6,26,24,121,15,101,92,116" hai1="68,93,105,29,91,102,106,3,95,74,126,45,20" hai2="79,130,14,43,104,19,87,134,135,114,34,21,112" hai3="85,86,17,73,50,51,109,120,75,62,100,12,54"/><V90/><F104/><W32/><G120/><T107/><D111/><U76/><E3/><V80/><F130/><W77/><G109/><T108/><D108/><U70/><E45/><V30/><F43/><W52/><G32/><T55/><D107/><U18/><E70/><V110/><F110/><W89/><G100/><T129/><D129/><U117/><E68/><V37/><F37/><W2/><G2/><T40/><D133/><N who="2" m="50698" /><F90/><W72/><G77/><T81/><D121/><U36/><E36/><V82/><F82/><W42/><G62/><T31/><D40/><U53/><E106/><V83/><F83/><W35/><G35/><T98/><D116/><U118/><E105/><V58/><F58/><W99/><G42/><T71/><D71/><U47/><E102/><V5/><F5/><W60/><G60/><T0/><D0/><U9/><E91/><V78/><F78/><W67/><G89/><T39/><D39/><U132/><E132/><V61/><F61/><W28/><G51/><T59/><D56/><U96/><E76/><V1/><F1/><W23/><G50/><T33/><D81/><U97/><E74/><V57/><F57/><W128/><G128/><T123/><D123/><U66/><E118/><V4/><F4/><W63/><G75/><T11/><D6/><U125/><E117/><V46/><F46/><W103/><G73/><T119/><D119/><U113/><E47/><V41/><F41/><W94/><G72/><T65/><D59/><U13/><E95/><V122/><F122/><W10/><G94/><T64/><D92/><U84/><E93/><RYUUKYOKU ba="0,0" sc="319,-10,226,-10,248,30,207,-10" hai2="14,19,21,30,34,79,80,87,112,114" /><INIT seed="6,1,0,4,5,131" ten="309,216,278,197" oya="2" hai0="38,132,24,105,32,43,110,126,77,41,29,130,109" hai1="62,31,89,104,36,66,27,50,106,35,71,128,14" hai2="119,123,81,122,34,46,100,94,52,49,113,55,40" hai3="64,79,83,108,107,93,115,121,42,6,80,96,116"/><V11/><F34/><W75/><G116/><T120/><D130/><U8/><E36/><V133/><F119/><W102/><G108/><T56/><D120/><U111/><E111/><V118/><F118/><W134/><G121/><T19/><D105/><U54/><E89/><V51/><F113/><W13/><G115/><T86/><D126/><U135/><E128/><V16/><F133/><W7/><G134/><T68/><D132/><U28/><E28/><V25/><F81/><W98/><G42/><T23/><D68/><U92/><E92/><V37/><F37/><W9/><G64/><T4/><D4/><U21/><E35/><V12/><F25/><W61/><G61/><T85/><D43/><U58/><REACH who="1" step="1"/><E135/><REACH who="1" ten="309,206,278,197" step="2"/><V70/><F123/><W1/><G83/><N who="0" m="47343" /><D29/><U26/><E26/><V5/><F122/><W47/><G1/><T76/><D32/><U57/><E57/><N who="2" m="32911" /><F70/><W44/><REACH who="3" step="1"/><G7/><AGARI ba="1,1" hai="7,8,14,21,27,31,50,54,58,62,66,71,104,106" machi="7" ten="30,3900,0" yaku="1,1,7,1,53,1" doraHai="131" doraHaiUra="67" who="1" fromWho="3" sc="309,0,206,52,278,0,197,-42" /><INIT seed="7,0,0,0,1,36" ten="309,258,278,155" oya="3" hai0="41,39,61,67,0,132,100,90,89,71,109,7,60" hai1="13,66,83,44,122,72,130,35,104,62,119,28,105" hai2="45,92,114,47,33,135,78,117,68,9,15,59,94" hai3="111,120,32,88,95,12,69,42,3,110,116,113,123"/><W133/><G3/><T80/><D109/><N who="3" m="41481" /><G69/><T126/><D126/><U16/><E122/><N who="3" m="46634" /><G32/><T26/><D132/><U107/><E119/><V84/><F135/><W5/><G133/><T134/><D100/><U11/><E130/><V48/><F117/><W58/><G116/><T63/><D26/><U81/><E72/><V37/><F114/><W51/><G113/><T20/><D20/><U2/><E2/><V91/><F68/><W96/><G58/><T57/><D57/><U102/><E28/><V86/><F33/><W1/><G1/><T50/><D39/><U65/><E35/><V85/><F59/><W31/><G31/><T106/><D67/><U43/><E66/><V30/><F30/><W40/><G51/><T22/><D50/><U21/><E65/><V70/><F70/><W73/><G73/><T115/><D115/><U87/><E62/><V74/><F74/><W53/><G53/><T79/><D71/><U38/><E38/><V99/><F37/><W17/><G5/><T18/><D7/><U52/><E52/><V93/><F48/><W4/><G4/><T56/><D0/><U101/><E44/><V6/><F47/><W131/><G131/><T124/><D56/><U25/><E16/><V118/><F45/><W77/><G77/><T49/><D18/><U129/><E129/><V125/><F118/><W75/><G75/><T64/><D79/><U121/><E121/><V103/><F78/><W29/><G29/><T24/><D134/><U10/><E10/><AGARI ba="0,0" hai="10,12,17,40,42,88,95,96" m="46634,41481" machi="10" ten="30,11600,0" yaku="10,1,52,2,54,1" doraHai="36" who="3" fromWho="1" sc="309,0,258,-116,278,0,155,116" /><INIT seed="7,1,0,0,3,98" ten="309,142,278,271" oya="3" hai0="74,5,117,9,13,53,59,43,19,105,42,83,24" hai1="37,2,99,113,86,7,54,32,60,88,63,106,66" hai2="97,34,130,111,124,0,52,91,100,101,17,55,70" hai3="48,90,77,65,116,41,115,1,33,93,85,82,121"/><W102/><G33/><T26/><D117/><U119/><E37/><V95/><F70/><W118/><G1/><T25/><D105/><U46/><E32/><V45/><F0/><W72/><G65/><T127/><D127/><U28/><E28/><V51/><F34/><W22/><G22/><T67/><D67/><U76/><E119/><N who="3" m="45610" /><G48/><N who="0" m="31143" /><D74/><U62/><E113/><V10/><F124/><W109/><G41/><N who="0" m="15371" /><D83/><U132/><E76/><V73/><F130/><W108/><G115/><T123/><D123/><U120/><E132/><V134/><F111/><N who="3" m="42571" /><G102/><N who="2" m="39529" /><F73/><W69/><G69/><T125/><D125/><U112/><E120/><AGARI ba="1,0" hai="72,77,82,85,90,93,120,121" m="42571,45610" machi="120" ten="30,5800,0" yaku="10,1,34,2" doraHai="98" who="3" fromWho="1" sc="309,0,142,-61,278,0,271,61" owari="309,11.0,81,-42.0,278,-12.0,332,43.0" /></mjloggm>