<mjloggm ver="2.3"><GO type="97" lobby="0"/><UN n0="%E3%81%88%E3%81%8F%EF%BC%A0%7A%65%72%6F" n1="%E3%83%88%E3%83%88%E3%83%AA%E5%85%88%E7%94%9F%31%39%E6%AD%B3" n2="%E9%A6%AC%E9%B9%BF%E3%81%A0%E3%81%AA%E4%BF%BA" n3="%E3%83%AD%E3%83%A0%E5%B0%82%EF%BC%A0%E5%B7%9D%E6%9D%91%E8%BB%8D%E5%9B%A3" dan="14,15,13,14" rate="1948.57,2088.43,1858.36,1943.68" sx="M,F,M,M"/><TAIKYOKU oya="0"/><INIT seed="0,0,0,4,1,23" ten="250,250,250,250" oya="0" hai0="80,97,42,3,31,127,36,4,33,20,11,75,96" hai1="125,7,121,1,13,69,40,129,66,87,64,119,0" hai2="95,77,50,88,52,16,126,56,103,9,45,78,102" hai3="104,26,18,61,84,106,110,117,19,44,73,100,81"/><T65/><D127/><U17/><E119/><V15/><F126/><W89/><G117/><T86/><D65/><U30/><E121/><V113/><F113/><W131/><G131/><T60/><D60/><U25/><E125/><V35/><F35/><W70/><G110/><T57/><D57/><U63/><E129/><V98/><F45/><W5/><G73/><T46/><D33/><U67/><E40/><V123/><F123/><W122/><G122/><T120/><D120/><U55/><E87/><V105/><F103/><W53/><G5/><T85/><D85/><AGARI ba="0,0" hai="9,15,16,50,52,56,77,78,85,88,95,98,102,105" machi="85" ten="30,7700,0" yaku="7,1,54,3" doraHai="23" who="2" fromWho="0" sc="250,-77,250,0,250,77,250,0" /><INIT seed="1,0,0,2,5,63" ten="173,250,327,250" oya="1" hai0="95,45,12,135,44,1,66,3,23,49,4,13,122" hai1="37,18,22,70,10,127,0,43,39,91,56,29,105" hai2="41,51,26,58,16,9,76,124,85,25,65,115,130" hai3="36,42,5,106,47,69,61,107,50,110,57,7,121"/><U131/><E70/><V119/><F119/><W34/><G121/><T94/><D122/><U88/><E105/><V33/><F124/><W64/><G110/><T54/><D135/><U53/><E127/><V68/><F68/><W31/><G106/><T72/><D72/><U96/><E131/><V8/><F130/><W93/><G107/><T78/><D78/><U62/><E29/><V86/><F33/><W134/><G134/><T82/><D82/><U98/><E98/><V126/><F126/><W20/><G34/><T28/><D28/><U55/><E55/><V59/><F115/><W109/><G109/><T129/><D129/><U60/><E60/><N who="2" m="38039" /><F76/><W100/><G69/><T27/><D27/><N who="2" m="10250" /><F59/><W21/><G36/><T97/><D66/><U101/><E43/><V120/><F120/><W35/><G35/><T24/><D44/><U75/><E75/><V17/><F9/><W52/><G42/><T80/><D80/><U132/><E132/><V73/><F73/><W14/><G31/><T6/><D1/><U111/><E111/><V11/><F11/><N who="3" m="4463" /><G7/><N who="0" m="2603" /><D3/><U2/><E10/><V81/><F81/><W77/><G77/><T99/><D24/><N who="1" m="14423" /><E0/><V30/><F30/><W118/><G118/><T103/><D23/><U123/><E2/><V116/><F116/><W108/><G108/><T102/><AGARI ba="0,0" hai="12,13,45,49,54,94,95,97,99,102,103" m="2603" machi="102" ten="30,1100,0" yaku="8,1" doraHai="63" who="0" fromWho="0" sc="173,11,250,-5,327,-3,250,-3" /><INIT seed="2,0,0,1,5,14" ten="184,245,324,247" oya="2" hai0="71,31,134,82,52,66,127,84,125,73,65,23,34" hai1="12,47,7,130,102,35,126,131,8,121,21,44,91" hai2="24,135,89,6,53,98,124,57,36,133,100,37,28" hai3="132,13,30,25,118,81,3,48,123,113,119,40,0"/><V20/><F6/><W77/><G123/><T116/><D73/><U46/><E35/><V106/><F89/><W90/><G132/><N who="2" m="50761" /><F124/><W105/><G113/><T72/><D72/><U29/><E126/><V15/><F15/><W114/><G114/><T51/><D134/><U109/><E109/><V9/><F9/><W50/><G105/><T61/><D116/><U99/><E91/><V78/><F78/><W74/><G50/><AGARI ba="0,0" hai="20,24,28,36,37,50,53,57,98,100,106" m="50761" machi="50" ten="30,1500,0" yaku="20,1" doraHai="14" who="2" fromWho="3" sc="184,0,245,0,324,15,247,-15" /><INIT seed="2,1,0,2,1,16" ten="184,245,339,232" oya="2" hai0="134,103,99,46,85,45,93,12,73,5,55,31,116" hai1="111,28,88,113,72,30,104,106,115,2,64,80,9" hai2="66,25,21,35,24,96,59,34,49,131,17,83,44" hai3="87,122,98,61,68,22,47,7,52,14,89,10,97"/><V128/><F83/><W86/><G122/><T26/><D134/><U48/><E111/><V119/><F119/><W117/><G117/><T65/><D73/><U121/><E121/><V4/><F4/><W20/><G86/><T41/><D116/><U77/><E64/><V84/><F84/><W100/><G68/><T15/><D65/><U120/><E120/><V130/><F96/><N who="3" m="36971" /><G100/><T6/><D85/><U67/><E88/><V125/><F125/><W40/><G40/><T123/><D123/><U69/><E48/><V19/><F59/><N who="3" m="35047" /><G47/><T32/><D55/><U90/><E90/><V11/><F66/><W29/><G29/><T57/><D57/><U60/><E30/><N who="2" m="17679" /><F11/><W71/><G71/><T108/><D108/><U27/><E9/><V23/><F19/><W54/><G54/><AGARI ba="1,0" hai="17,23,25,34,35,44,49,54,128,130,131" m="17679" machi="54" ten="30,5800,0" yaku="19,1,52,2" doraHai="16" who="2" fromWho="3" sc="184,0,245,0,339,61,232,-61" /><INIT seed="2,2,0,2,3,0" ten="184,245,400,171" oya="2" hai0="37,3,113,15,40,4,9,94,65,46,124,41,30" hai1="22,78,107,134,83,52,131,67,77,130,56,115,42" hai2="69,53,6,57,86,60,119,59,98,81,92,89,95" hai3="13,120,33,29,34,100,74,17,11,129,73,125,101"/><V126/><F69/><W70/><G120/><T18/><D113/><U116/><E115/><V49/><F119/><W54/><G125/><T97/><D40/><U114/><E114/><V127/><F127/><W123/><G123/><T135/><D124/><U68/><E116/><V51/><F126/><W7/><G129/><N who="1" m="49162" /><E107/><V75/><F75/><W82/><G70/><T19/><D135/><U121/><E121/><V27/><F95/><W21/><G73/><T111/><D111/><U103/><E103/><V106/><F106/><W122/><G122/><T10/><D65/><U102/><E102/><V35/><F6/><W96/><G54/><T24/><D19/><U43/><E134/><V14/><F14/><W117/><G117/><T36/><D36/><U71/><E68/><V44/><F35/><W133/><G133/><T61/><D61/><N who="1" m="40431" /><E22/><V47/><F27/><W32/><G29/><T48/><D30/><U85/><E78/><N who="2" m="46391" /><F60/><AGARI ba="2,0" hai="42,43,52,56,60,77,83,85" m="40431,49162" machi="60" ten="30,2000,0" yaku="19,1,54,1" doraHai="0" who="1" fromWho="2" sc="184,0,245,26,400,-26,171,0" /><INIT seed="3,0,0,4,5,106" ten="184,271,374,171" oya="3" hai0="7,92,74,83,19,52,79,56,54,119,35,129,51" hai1="64,134,48,86,4,41,124,120,16,117,80,36,46" hai2="95,125,58,2,38,26,31,113,20,63,76,42,10" hai3="55,34,11,17,33,39,57,22,30,9,78,3,70"/><W47/><G70/><T87/><D7/><U25/><E120/><V61/><F113/><W108/><G108/><T107/><D107/><U8/><E134/><V15/><F2/><W114/><G114/><T37/><D37/><U43/><E124/><V23/><F125/><W82/><G34/><T72/><D129/><U21/><E117/><V77/><F38/><W130/><G130/><T122/><D122/><U81/><E64/><V75/><F42/><W96/><G96/><T132/><D132/><U84/><E36/><V94/><F75/><W45/><G33/><T100/><D119/><U14/><E43/><V97/><F23/><W0/><G30/><T88/><D100/><U40/><E40/><V91/><F95/><W104/><G104/><T68/><D68/><U93/><E84/><V49/><F49/><N who="3" m="30959" /><G3/><T103/><D103/><U5/><E5/><N who="2" m="3535" /><F63/><W112/><G39/><T53/><D35/><U85/><E85/><V62/><F62/><W116/><G0/><T6/><D74/><U127/><E127/><V89/><F91/><AGARI ba="0,0" hai="4,8,14,16,21,25,41,46,48,80,81,86,91,93" machi="91" ten="40,2600,0" yaku="8,1,54,1" doraHai="106" who="1" fromWho="2" sc="184,0,271,26,374,-26,171,0" owari="184,-22.0,297,10.0,348,45.0,171,-33.0" /></mjloggm>