<mjloggm ver="2.3"><GO type="169" lobby="0"/><UN n0="%E9%A3%9B%E6%B2%AB" n1="%E3%82%A6%E3%83%AB%E3%83%88%E3%83%A9%E7%AB%8B%E7%9B%B4" n2="%E3%81%82%E3%81%B2%E3%82%8B%E3%81%95%E3%82%93" n3="%E3%82%BF%E3%82%AD%E3%83%88%E3%83%BC%E3%83%AB" dan="16,17,16,16" rate="2054.44,2105.40,2118.53,2084.22" sx="M,M,M,M"/><TAIKYOKU oya="0"/><INIT seed="0,0,0,2,0,110" ten="250,250,250,250" oya="0" hai0="40,133,96,84,13,27,32,89,118,90,50,126,83" hai1="132,66,18,29,52,102,70,31,8,125,58,119,16" hai2="97,41,92,44,3,0,121,25,107,45,130,74,2" hai3="88,85,5,73,12,112,11,64,23,78,62,37,100"/><T14/><D118/><U42/><E119/><V60/><F74/><W123/><G37/><T46/><D133/><U68/><E132/><V57/><F107/><W87/><G73/><T99/><D126/><U69/><E125/><V124/><F121/><W61/><G123/><T117/><D117/><U71/><E42/><V82/><F130/><W4/><G4/><T43/><D43/><U80/><E102/><V17/><F124/><W108/><G108/><T63/><D63/><U19/><E80/><V111/><F111/><W104/><G61/><T34/><D99/><U26/><N who="1" m="17408" /><DORA hai="95" /><U134/><E66/><V24/><F82/><W56/><G78/><T47/><D47/><U101/><E101/><V103/><F17/><W122/><G122/><T35/><REACH who="0" step="1"/><D27/><REACH who="0" ten="240,250,250,250" step="2"/><U22/><E134/><V55/><REACH who="2" step="1"/><F45/><REACH who="2" ten="240,250,240,250" step="2"/><W28/><G62/><T54/><D54/><U106/><E106/><V39/><AGARI ba="0,2" hai="0,2,3,24,25,39,41,44,55,57,60,92,97,103" machi="39" ten="30,12000,2" yaku="1,1,2,1,0,1,52,1,53,3" doraHai="110,95" doraHaiUra="33,115" who="2" fromWho="2" sc="240,-60,250,-30,240,140,250,-30" /><INIT seed="1,0,0,2,2,24" ten="180,220,380,220" oya="1" hai0="89,105,13,42,61,48,133,36,92,31,115,104,114" hai1="76,1,124,17,122,112,47,85,113,53,60,29,127" hai2="49,65,7,19,121,78,80,3,23,59,38,5,28" hai3="54,64,62,67,57,37,118,0,72,63,8,120,129"/><U44/><E1/><V16/><F38/><W101/><G72/><T6/><D36/><U41/><E17/><V103/><F121/><W10/><G120/><T88/><D133/><U98/><E98/><V99/><F3/><W93/><G118/><T123/><D123/><U74/><E74/><V55/><F65/><W75/><G75/><T45/><D89/><U40/><E85/><V51/><F49/><W86/><G0/><T9/><D61/><U69/><E76/><V95/><F5/><W50/><G37/><T83/><D83/><U34/><E34/><V126/><F7/><W15/><G129/><T33/><D33/><U119/><E29/><V27/><F126/><N who="1" m="48169" /><E122/><V46/><F46/><N who="1" m="17449" /><E119/><V35/><F35/><W82/><G93/><T135/><D31/><U68/><E53/><V21/><F23/><W94/><G94/><T107/><REACH who="0" step="1"/><D135/><REACH who="0" ten="170,220,380,220" step="2"/><U132/><E132/><V22/><REACH who="2" step="1"/><F21/><REACH who="2" ten="170,220,370,220" step="2"/><W26/><G101/><T43/><D43/><N who="1" m="16459" /><E60/><V81/><F81/><W4/><G63/><T30/><D30/><U20/><E20/><V134/><F134/><W39/><G62/><T84/><AGARI ba="0,2" hai="6,9,13,42,45,48,84,88,92,104,105,107,114,115" machi="84" ten="30,4000,0" yaku="1,1,0,1,54,1,53,0" doraHai="24" doraHaiUra="14" who="0" fromWho="0" sc="170,60,220,-20,370,-10,220,-10" /><INIT seed="2,0,0,2,4,67" ten="230,200,360,210" oya="2" hai0="18,109,125,117,110,10,106,121,99,118,43,130,22" hai1="6,116,94,115,66,23,13,96,129,79,76,54,8" hai2="1,111,92,77,28,120,102,51,7,26,42,91,48" hai3="108,34,119,24,20,58,47,133,73,70,57,45,122"/><V53/><F120/><W63/><G73/><T50/><D121/><U61/><E116/><N who="0" m="44649" /><D125/><U127/><E129/><V14/><F1/><W100/><G119/><T86/><D130/><U74/><E127/><V64/><F77/><W65/><G122/><T105/><D10/><U83/><E115/><V15/><F102/><W19/><G133/><T68/><D68/><U87/><E23/><V80/><F80/><W5/><G108/><N who="0" m="41579" /><D86/><U59/><E74/><V39/><F111/><W101/><G5/><T93/><D50/><U97/><E76/><V11/><F39/><W114/><G114/><T78/><D78/><U16/><E6/><V49/><F42/><W21/><G34/><T46/><D46/><U131/><E131/><V126/><F126/><W62/><G21/><T104/><D43/><U27/><E27/><V113/><F113/><W81/><G81/><T33/><D33/><U9/><E9/><V135/><F11/><W12/><G45/><T17/><D22/><U84/><E66/><V55/><F64/><W82/><G82/><T30/><D30/><U25/><E25/><V3/><F26/><W29/><G47/><T69/><D69/><U132/><E132/><V128/><F135/><W98/><G70/><T2/><D2/><U56/><E56/><V60/><F3/><W72/><G72/><T36/><D36/><U52/><E54/><N who="2" m="20491" /><F128/><W37/><G37/><T103/><AGARI ba="0,0" hai="17,18,93,99,103,104,105,106" m="41579,44649" machi="103" ten="40,2700,0" yaku="12,1,14,1" doraHai="67" who="0" fromWho="0" sc="230,27,200,-7,360,-13,210,-7" /><INIT seed="3,0,0,0,1,38" ten="257,193,347,203" oya="3" hai0="14,21,36,133,80,19,88,87,7,101,48,110,125" hai1="106,127,1,135,134,28,113,66,104,50,129,109,22" hai2="128,85,126,67,0,63,59,18,111,71,103,44,94" hai3="24,97,43,39,34,52,92,83,121,20,114,124,95"/><W32/><G121/><T45/><D110/><U119/><E22/><V51/><F0/><W49/><G114/><T93/><D36/><U60/><E28/><V40/><F128/><W26/><G124/><T76/><D133/><U70/><E50/><V89/><F111/><W15/><G95/><T57/><D101/><U116/><E60/><V131/><F131/><W37/><G37/><T69/><D69/><U117/><E66/><V130/><F130/><W6/><G83/><T105/><D105/><U11/><E11/><V68/><F126/><W79/><G79/><T23/><D7/><U65/><E65/><V35/><F35/><W99/><G99/><T29/><D57/><U13/><E13/><V107/><F107/><W120/><G120/><T132/><D132/><U42/><E119/><V84/><F103/><W100/><G15/><T12/><D125/><U2/><E42/><V30/><F30/><W81/><G81/><T9/><D29/><U4/><E4/><V75/><F75/><W72/><G72/><T123/><D14/><U53/><E127/><V58/><F71/><W73/><G73/><T115/><D115/><U86/><E129/><V5/><F5/><W108/><G6/><T33/><D33/><N who="3" m="12905" /><G108/><T10/><D10/><U112/><E109/><V91/><REACH who="2" step="1"/><F18/><REACH who="2" ten="257,193,337,203" step="2"/><W27/><G20/><T41/><REACH who="0" step="1"/><D123/><REACH who="0" ten="247,193,337,203" step="2"/><U8/><E70/><V17/><F17/><W64/><G100/><T47/><D47/><U118/><E118/><V78/><F78/><W31/><G31/><T90/><D90/><U96/><E117/><V62/><F62/><W54/><G27/><RYUUKYOKU ba="0,2" sc="247,15,193,-15,337,15,203,-15" hai0="9,12,19,21,23,41,45,48,76,80,87,88,93" hai2="40,44,51,58,59,63,67,68,84,85,89,91,94" /><INIT seed="4,1,2,2,2,89" ten="262,178,352,188" oya="0" hai0="103,116,134,58,21,115,72,25,88,7,129,6,73" hai1="79,123,47,81,75,34,97,133,38,70,39,35,66" hai2="36,77,22,69,131,128,53,85,14,68,10,62,46" hai3="23,42,100,82,49,52,56,67,122,119,118,20,98"/><T101/><D116/><U65/><E123/><V102/><F22/><W48/><G122/><T45/><D115/><U108/><E108/><V26/><F26/><W31/><G20/><T90/><D134/><U113/><E133/><V93/><F77/><W112/><G112/><T99/><D129/><U5/><E113/><V87/><F87/><W64/><G82/><T11/><D45/><U44/><E5/><N who="0" m="1545" /><D11/><U125/><E125/><V106/><F106/><W27/><G119/><T92/><D72/><U71/><E97/><V117/><F117/><W9/><G9/><T74/><D74/><U107/><E107/><V105/><F105/><W28/><G118/><T18/><D73/><U16/><E16/><N who="2" m="8279" /><F36/><W84/><G84/><N who="0" m="52231" /><D58/><U114/><E114/><V41/><F69/><W110/><G110/><T94/><AGARI ba="1,2" hai="18,21,25,90,94,99,101,103" m="52231,1545" machi="94" ten="30,11700,0" yaku="8,1,52,2,54,1" doraHai="89" who="0" fromWho="0" sc="262,140,178,-40,352,-40,188,-40" /><INIT seed="4,2,0,4,1,43" ten="402,138,312,148" oya="0" hai0="103,112,65,114,94,104,8,0,82,25,21,109,4" hai1="11,97,89,6,53,7,3,96,20,92,84,102,122" hai2="134,45,79,72,24,29,91,39,36,123,48,14,15" hai3="66,37,35,49,31,34,129,135,115,32,41,117,5"/><T16/><D104/><U111/><E111/><V52/><F123/><W113/><G117/><T23/><D109/><U120/><E7/><V47/><F134/><W75/><G135/><T131/><D131/><U12/><E97/><V106/><F106/><W100/><G129/><T22/><D65/><U9/><E53/><V128/><F128/><W60/><G100/><T46/><D46/><U93/><REACH who="1" step="1"/><E20/><REACH who="1" ten="402,128,312,148" step="2"/><V26/><F52/><W98/><G98/><T10/><D22/><U57/><E57/><V107/><F47/><W95/><G35/><T125/><D23/><U86/><E86/><V44/><F44/><W59/><G34/><T64/><D4/><U71/><E71/><V73/><F45/><W85/><G5/><T58/><D58/><U124/><E124/><V110/><F110/><W17/><G49/><T101/><D125/><U13/><E13/><V99/><F14/><W51/><G51/><T130/><D130/><U76/><E76/><V55/><F79/><W105/><G41/><T127/><D127/><U69/><E69/><V80/><F15/><W78/><G78/><T83/><D21/><U2/><E2/><V1/><F1/><W56/><G59/><T121/><D0/><U133/><E133/><V50/><F50/><W28/><G56/><T40/><D40/><U38/><E38/><V33/><F39/><W77/><G77/><T132/><D132/><U42/><E42/><V81/><F36/><W67/><G37/><T27/><D121/><U30/><E30/><V126/><F29/><W119/><G31/><T118/><D118/><U19/><AGARI ba="2,1" hai="3,6,9,11,12,19,84,89,92,93,96,102,120,122" machi="19" ten="20,5200,0" yaku="1,1,5,1,0,1,7,1,53,0" doraHai="43" doraHaiUra="108" who="1" fromWho="1" sc="402,-28,128,68,312,-15,148,-15" /><INIT seed="5,0,0,4,3,81" ten="374,196,297,133" oya="1" hai0="58,121,109,45,112,106,47,103,54,37,77,82,43" hai1="5,120,119,83,67,33,57,123,51,75,55,127,102" hai2="32,108,22,85,12,97,115,23,60,79,72,132,42" hai3="88,130,125,6,16,28,14,56,2,30,122,48,133"/><U20/><E33/><V94/><F108/><W4/><G122/><T110/><D121/><U100/><E119/><V41/><F72/><W90/><G133/><T25/><D112/><U68/><E127/><V27/><F32/><W92/><G125/><T96/><D25/><U95/><E5/><N who="3" m="2154" /><G130/><T65/><D65/><U29/><E68/><V39/><F132/><W9/><G2/><T105/><D105/><U114/><E114/><V13/><F115/><W1/><G1/><T15/><D15/><U76/><E67/><V44/><F42/><W71/><G71/><T135/><D47/><U64/><E64/><V113/><F113/><W131/><G131/><T118/><D118/><U69/><E69/><V66/><F23/><W111/><G111/><T34/><D34/><U18/><E29/><N who="3" m="11370" /><G92/><T21/><D135/><U62/><E120/><V8/><F94/><W128/><G128/><T129/><D21/><U86/><E123/><V17/><F22/><W53/><AGARI ba="0,0" hai="9,14,16,48,53,56,88,90" m="11370,2154" machi="53" ten="30,4000,0" yaku="8,1,54,2" doraHai="81" who="3" fromWho="3" sc="374,-10,196,-20,297,-10,133,40" /><INIT seed="6,0,0,5,5,125" ten="364,176,287,173" oya="2" hai0="120,115,43,47,112,124,38,21,22,128,123,76,102" hai1="49,26,105,107,82,129,36,19,57,78,46,109,11" hai2="69,35,113,14,59,108,110,101,127,117,23,5,42" hai3="100,134,41,118,60,48,39,106,95,31,94,56,51"/><V20/><F69/><W131/><G118/><T4/><D128/><U103/><E36/><V99/><F35/><W121/><G121/><T52/><D124/><U58/><E109/><N who="2" m="42091" /><F127/><W34/><G134/><T16/><D4/><U75/><E129/><V90/><F117/><W80/><G39/><T45/><D102/><U116/><E116/><V50/><F90/><W97/><G131/><T9/><D9/><U70/><E70/><V55/><F42/><W61/><G80/><T18/><D76/><U96/><E107/><N who="2" m="63935" /><F113/><N who="0" m="43594" /><D21/><N who="2" m="8266" /><F14/><W114/><G114/><T68/><D68/><U24/><E24/><V89/><F89/><W132/><G41/><T73/><D73/><U122/><E122/><N who="0" m="46633" /><D22/><U84/><E75/><V28/><F5/><W66/><G132/><T74/><D74/><U30/><E26/><V133/><F133/><W0/><G34/><T10/><D10/><U25/><E25/><V17/><F28/><W62/><G31/><T91/><D91/><U83/><E30/><V64/><F17/><W2/><G2/><T104/><D104/><U72/><E72/><V67/><AGARI ba="0,0" hai="50,55,59,64,67" m="8266,63935,42091" machi="67" ten="30,1500,0" yaku="10,1" doraHai="125" who="2" fromWho="2" sc="364,-5,176,-5,287,15,173,-5" /><INIT seed="6,1,0,2,4,63" ten="359,171,302,168" oya="2" hai0="111,62,56,19,109,110,39,1,71,26,23,127,44" hai1="31,18,6,47,91,24,98,25,95,99,30,68,3" hai2="66,21,86,103,37,107,114,17,65,88,118,36,22" hai3="116,101,40,12,20,102,135,82,96,134,124,92,112"/><V133/><F118/><W94/><G116/><T75/><D75/><U117/><E68/><V58/><F114/><W50/><G112/><T14/><D1/><U125/><E3/><V55/><F133/><N who="3" m="50699" /><G82/><T113/><D113/><U122/><E6/><V79/><F79/><W41/><G124/><T123/><D123/><U4/><E4/><V77/><F77/><W27/><G12/><T80/><D127/><U72/><E72/><V48/><F22/><W93/><G102/><T15/><D71/><U29/><E122/><V115/><F115/><W51/><G51/><T16/><D80/><U45/><E125/><V128/><F128/><W105/><G50/><T13/><D39/><U126/><E126/><V131/><F131/><W76/><G76/><T5/><D44/><N who="1" m="16971" /><E117/><V32/><F32/><W57/><G57/><T129/><D129/><U46/><N who="1" m="16979" /><U35/><DORA hai="43" /><E35/><V73/><F73/><W9/><G9/><T67/><D5/><U28/><N who="1" m="7168" /><DORA hai="38" /><U49/><E49/><V108/><F108/><W8/><G8/><T84/><D109/><U121/><E121/><V0/><F0/><W11/><G11/><N who="0" m="6207" /><D111/><U85/><E25/><V53/><F37/><W106/><G106/><T70/><D70/><U2/><E2/><V100/><F36/><W60/><G60/><T10/><D10/><U119/><E119/><V54/><F107/><W132/><G132/><T74/><D74/><U69/><E69/><V42/><F42/><W90/><G90/><T61/><D61/><U87/><E99/><V34/><F34/><W81/><G81/><T52/><D110/><RYUUKYOKU ba="1,0" sc="359,-15,171,15,302,-15,168,15" hai1="18,24,85,87,91,95,98" hai3="20,27,40,41,92,93,94,96,101,105" /><INIT seed="7,2,0,2,3,46" ten="344,186,287,183" oya="3" hai0="1,94,43,73,47,10,42,24,55,85,2,68,11" hai1="52,20,41,116,127,80,87,74,50,23,115,45,8" hai2="101,86,40,70,117,121,126,66,75,30,79,88,19" hai3="56,34,7,72,31,90,53,103,123,106,48,128,36"/><W132/><G123/><T3/><D73/><U44/><E74/><V14/><F117/><W134/><G36/><T84/><D68/><U25/><E127/><V17/><F126/><W64/><G72/><T26/><D55/><U18/><E115/><V32/><F121/><W81/><G7/><T60/><D60/><U93/><E93/><V122/><F122/><W13/><G13/><T91/><D47/><U58/><E116/><V130/><F130/><W63/><G128/><T29/><D29/><N who="1" m="17599" /><E8/><V35/><F40/><W15/><G15/><T39/><D39/><U100/><E100/><V61/><F101/><W119/><G119/><T118/><D1/><U51/><E58/><V16/><F79/><W104/><G90/><T33/><D91/><N who="1" m="51687" /><E20/><V97/><F75/><W120/><G81/><T65/><D33/><U62/><E62/><V4/><F35/><W131/><G131/><T112/><D118/><U95/><E95/><V125/><F125/><W71/><G120/><T78/><D94/><U12/><E12/><V49/><F32/><W76/><G76/><T99/><D78/><U57/><E57/><V82/><F70/><W124/><G124/><T102/><D102/><U113/><E113/><V92/><F92/><W83/><G83/><T59/><D59/><U5/><E5/><V6/><F6/><W69/><G69/><T54/><D112/><U129/><E129/><V98/><F4/><W37/><G37/><T135/><D3/><U105/><E105/><N who="3" m="40554" /><G103/><T133/><D2/><U96/><E96/><V77/><F98/><W110/><G110/><T108/><D108/><RYUUKYOKU ba="2,0" sc="344,-15,186,15,287,-15,183,15" hai1="18,41,44,45,50,51,52" hai3="31,34,48,53,56,63,64,71,132,134" /><INIT seed="7,3,0,4,4,88" ten="329,201,272,198" oya="3" hai0="124,41,68,90,28,31,53,55,71,45,85,59,56" hai1="86,61,108,92,4,82,78,65,35,127,128,89,102" hai2="66,44,39,121,107,109,111,103,47,62,98,72,54" hai3="22,94,3,125,113,129,70,97,120,18,130,122,105"/><W10/><G105/><T63/><D124/><U118/><E35/><V93/><F72/><W114/><G70/><T81/><D68/><U20/><E108/><V100/><F121/><N who="3" m="46699" /><G125/><T67/><D71/><U1/><E127/><V110/><F107/><W15/><G97/><T0/><D0/><U9/><E118/><V57/><F103/><W36/><G36/><T17/><D17/><U5/><E5/><V95/><F39/><W126/><G126/><T12/><D12/><U25/><E102/><V75/><F75/><W16/><G94/><T135/><D67/><U117/><E117/><V43/><F95/><W134/><G134/><T33/><D33/><U123/><E123/><V91/><F100/><W106/><G106/><T52/><D135/><U6/><E6/><V58/><REACH who="2" step="1"/><F43/><REACH who="2" ten="329,201,262,198" step="2"/><W101/><G101/><T14/><D41/><U131/><E92/><V69/><F69/><W26/><G3/><T80/><D80/><U48/><E82/><V77/><F77/><W99/><G99/><T96/><D96/><U7/><E78/><V46/><F46/><W30/><G30/><T8/><D31/><U21/><E1/><V79/><F79/><W115/><AGARI ba="3,1" hai="10,15,16,18,22,26,113,114,115,129,130" m="46699" machi="115" ten="40,12000,1" yaku="15,1,34,2,54,1" doraHai="88" who="3" fromWho="3" sc="329,-43,201,-43,262,-43,198,139" owari="286,9.0,158,-34.0,219,-18.0,337,43.0" /></mjloggm>