<mjloggm ver="2.3"><GO type="97" lobby="0"/><UN n0="%E7%A5%9E%E3%81%AE%E9%8E%AE%E9%AD%82%E6%AD%8C" n1="%E5%B0%B1%E6%B4%BB%E7%94%9F%40%E5%B7%9D%E6%9D%91%E8%BB%8D%E5%9B%A3" n2="%6D%69%73%61%74%6F%2E" n3="%E5%A4%A9%E6%88%91%E4%BC%AF%E5%B8%9D" dan="14,15,13,15" rate="1854.95,1951.37,1911.82,2053.03" sx="M,M,F,M"/><TAIKYOKU oya="0"/><INIT seed="0,0,0,2,0,101" ten="250,250,250,250" oya="0" hai0="64,78,49,135,37,127,93,109,115,113,44,88,26" hai1="42,22,32,23,77,27,108,90,83,112,58,28,79" hai2="61,35,68,123,39,8,103,85,43,59,92,87,126" hai3="40,129,9,121,56,73,95,10,80,72,14,118,98"/><T114/><D78/><U110/><E112/><V54/><F123/><W62/><G129/><T97/><D37/><U7/><E7/><V18/><F126/><W2/><G2/><T89/><D127/><U116/><E116/><V47/><F35/><W63/><G63/><T41/><D135/><U13/><E42/><V36/><F68/><W117/><G40/><T104/><D64/><U81/><E58/><V133/><F133/><W4/><G10/><T24/><D109/><N who="1" m="42091" /><E90/><V30/><F30/><W0/><G0/><T25/><D104/><U16/><E32/><V86/><F39/><W84/><G121/><T51/><D89/><U3/><E3/><V130/><F130/><W76/><G117/><T94/><D94/><U57/><E57/><V6/><F18/><W5/><G4/><T119/><D51/><U33/><E33/><V122/><F122/><W99/><G99/><T21/><REACH who="0" step="1"/><D119/><REACH who="0" ten="240,250,250,250" step="2"/><U60/><E60/><V55/><F61/><W91/><G118/><T132/><D132/><U71/><E71/><V70/><F70/><W20/><G20/><AGARI ba="0,1" hai="20,21,24,25,26,41,44,49,88,93,97,113,114,115" machi="20" ten="50,4800,0" yaku="1,1,54,1,53,0" doraHai="101" doraHaiUra="128" who="0" fromWho="3" sc="240,58,250,0,250,0,250,-48" /><INIT seed="0,1,0,0,1,90" ten="298,250,250,202" oya="0" hai0="130,13,100,80,67,50,81,126,22,60,117,99,85" hai1="33,29,14,76,12,103,38,3,92,120,128,125,49" hai2="24,62,17,32,70,78,1,7,124,71,35,111,116" hai3="79,19,37,64,83,39,34,88,42,61,9,59,72"/><T23/><D117/><U114/><E38/><V105/><F105/><W47/><G34/><T40/><D126/><U110/><E3/><V98/><F124/><W16/><G39/><T25/><D81/><U129/><E125/><V104/><F111/><W123/><G123/><T44/><D13/><U2/><E2/><V8/><F116/><W119/><G119/><T54/><D40/><U28/><E120/><V10/><F78/><W75/><G75/><T56/><D130/><N who="1" m="50283" /><E76/><V101/><F10/><W63/><G9/><T112/><D112/><U46/><E110/><V51/><F51/><W94/><G63/><T11/><D11/><U53/><E114/><V87/><F87/><AGARI ba="1,0" hai="16,19,37,42,47,59,61,64,72,79,83,87,88,94" machi="87" ten="30,7700,0" yaku="7,1,52,1,54,2" doraHai="90" who="3" fromWho="2" sc="298,0,250,0,250,-80,202,80" /><INIT seed="1,0,0,5,5,28" ten="298,250,170,282" oya="1" hai0="2,34,85,68,93,17,124,15,29,48,18,56,110" hai1="11,44,30,100,119,107,102,38,7,45,1,129,53" hai2="73,14,67,22,70,130,27,94,79,88,101,47,33" hai3="63,134,57,121,132,115,106,99,123,10,97,35,113"/><U89/><E119/><V12/><F130/><W54/><G10/><T84/><D68/><U95/><E129/><V81/><F101/><W127/><G106/><T105/><D105/><U6/><E107/><V111/><F111/><W64/><G35/><T21/><D2/><U16/><E30/><V58/><F70/><N who="3" m="42271" /><G97/><T5/><D5/><U96/><E7/><V0/><F0/><W42/><G42/><T75/><D75/><U104/><E38/><V65/><F47/><W135/><G99/><T82/><D110/><U122/><E122/><N who="3" m="46602" /><G127/><T78/><D18/><U41/><E41/><V4/><F33/><W23/><G23/><T116/><D116/><U87/><E100/><V49/><F4/><W126/><G126/><T109/><D109/><U66/><E66/><V39/><F65/><W37/><G37/><T92/><D85/><U77/><E77/><V90/><F39/><W13/><G13/><T71/><D71/><U80/><E104/><V31/><F67/><W43/><G43/><T83/><D83/><U120/><E120/><V55/><REACH who="2" step="1"/><F90/><REACH who="2" ten="298,250,160,282" step="2"/><W74/><G74/><T26/><D124/><U46/><REACH who="1" step="1"/><E16/><REACH who="1" ten="298,240,160,282" step="2"/><V20/><F20/><W133/><G132/><T60/><D48/><AGARI ba="0,2" hai="1,6,11,44,45,46,48,53,80,87,89,95,96,102" machi="48" ten="40,3900,0" yaku="1,1,2,1,53,0" doraHai="28" doraHaiUra="108" who="1" fromWho="0" sc="298,-39,240,59,160,0,282,0" /><AGARI ba="0,0" hai="48,54,57,113,115,133,134,135" m="46602,42271" machi="48" ten="40,5200,0" yaku="20,1,34,2" doraHai="28" who="3" fromWho="0" sc="259,-52,299,0,160,0,282,52" /><INIT seed="1,1,0,3,0,5" ten="207,299,160,334" oya="1" hai0="130,89,39,69,46,2,77,45,21,9,81,102,95" hai1="65,117,57,75,64,127,23,80,96,27,30,8,86" hai2="42,51,126,79,97,99,118,98,66,90,124,48,73" hai3="11,125,104,70,20,133,93,33,10,106,128,68,71"/><U60/><E117/><V37/><F118/><W6/><G20/><T121/><D69/><U132/><E127/><N who="2" m="48683" /><F66/><W56/><G56/><T28/><D121/><U131/><E131/><V24/><F37/><W83/><G93/><T15/><D102/><U44/><E132/><V134/><F134/><W54/><G54/><T129/><D2/><U16/><E75/><V91/><F24/><W87/><G128/><N who="0" m="49259" /><D21/><U36/><E96/><V13/><F13/><W108/><G33/><T101/><D101/><U0/><E64/><V38/><F38/><W82/><G6/><N who="0" m="3511" /><D28/><U135/><E135/><V123/><F123/><W78/><G133/><T4/><D4/><U40/><E0/><V114/><F114/><W58/><G71/><T103/><D103/><U116/><E116/><V113/><F113/><W22/><G22/><T41/><D45/><U109/><E109/><V105/><F105/><W18/><G108/><T50/><D39/><U31/><REACH who="1" step="1"/><E8/><REACH who="1" ten="207,289,160,334" step="2"/><V19/><F73/><N who="3" m="43343" /><G11/><T84/><D77/><AGARI ba="1,1" hai="16,23,27,30,31,36,40,44,57,60,65,77,80,86" machi="77" ten="30,5800,0" yaku="1,1,7,1,54,1,53,0" doraHai="5" doraHaiUra="112" who="1" fromWho="0" sc="207,-61,289,71,160,0,334,0" /><INIT seed="1,2,0,0,2,3" ten="146,360,160,334" oya="1" hai0="48,38,109,37,67,75,55,60,5,124,72,40,6" hai1="30,110,90,127,83,96,43,24,133,78,135,4,9" hai2="112,49,132,80,32,64,99,89,46,111,118,0,81" hai3="77,94,12,26,107,86,123,16,2,28,130,79,52"/><U50/><E127/><V128/><F118/><W129/><G107/><T87/><D109/><U41/><E110/><V56/><F111/><W91/><G2/><T66/><D124/><U45/><E96/><V102/><F128/><N who="3" m="49259" /><G123/><T108/><D108/><U74/><E90/><V47/><F132/><W98/><G98/><T104/><D104/><U1/><REACH who="1" step="1"/><E41/><REACH who="1" ten="146,350,160,334" step="2"/><V34/><F112/><W105/><G105/><T42/><D87/><U35/><AGARI ba="2,1" hai="1,4,9,24,30,35,43,45,50,74,78,83,133,135" machi="35" ten="30,11700,0" yaku="1,1,2,1,0,1,52,1,53,0" doraHai="3" doraHaiUra="82" who="1" fromWho="1" sc="146,-41,350,133,160,-41,334,-41" /><INIT seed="1,3,0,0,3,14" ten="105,483,119,293" oya="1" hai0="42,126,68,115,92,131,8,66,60,59,27,25,107" hai1="103,76,0,23,34,114,113,134,43,2,93,105,86" hai2="39,57,52,108,47,41,109,48,89,40,88,7,117" hai3="12,45,135,54,106,101,81,19,102,80,74,79,118"/><U98/><E134/><V6/><F117/><W104/><G135/><T20/><D107/><U21/><E34/><V71/><F71/><W31/><G31/><T58/><D115/><U132/><E132/><V26/><F26/><W75/><G54/><T85/><D126/><U87/><E43/><V82/><F40/><W1/><G45/><T97/><D27/><U94/><E76/><V29/><F29/><W22/><G1/><T72/><D72/><U63/><E63/><V70/><F70/><W35/><G35/><T11/><D42/><U130/><E130/><V78/><F6/><W28/><G28/><T125/><D85/><U36/><E36/><V123/><F7/><W37/><G37/><T129/><D125/><U133/><E133/><V111/><REACH who="2" step="1"/><F123/><REACH who="2" ten="105,483,109,293" step="2"/><W120/><G120/><T91/><D68/><U100/><E105/><V18/><F18/><W9/><G118/><T90/><D129/><U116/><E116/><V69/><F69/><W46/><G106/><T15/><D131/><U61/><E113/><V67/><F67/><W124/><G104/><T51/><D66/><U17/><E114/><V112/><F112/><W33/><G124/><T122/><D122/><U99/><E17/><V13/><F13/><W44/><G12/><T24/><D15/><U65/><E65/><V56/><F56/><W55/><G19/><T50/><D59/><U83/><E2/><V32/><F32/><W119/><G33/><T96/><D58/><U62/><E0/><V49/><F49/><W128/><G128/><T95/><D60/><U53/><E53/><V77/><F77/><RYUUKYOKU ba="3,1" sc="105,10,483,10,109,10,293,-30" hai0="8,11,20,24,25,50,51,90,91,92,95,96,97" hai1="21,23,61,62,83,86,87,93,94,98,99,100,103" hai2="39,41,47,48,52,57,78,82,88,89,108,109,111" /><INIT seed="1,4,1,5,4,125" ten="115,493,119,263" oya="1" hai0="59,6,35,64,39,25,101,94,128,30,91,5,129" hai1="2,77,43,81,57,23,24,51,106,41,42,133,121" hai2="29,1,48,34,63,62,50,55,31,67,83,95,115" hai3="49,85,97,86,104,46,132,33,87,107,28,9,130"/><U69/><E121/><V27/><F1/><W110/><G130/><N who="0" m="50283" /><D39/><U96/><E69/><V76/><F115/><W66/><G110/><T37/><D37/><U134/><E2/><V10/><F10/><W19/><G132/><T123/><D101/><U70/><E70/><V45/><F31/><W7/><G66/><T109/><D109/><U126/><E126/><V21/><F34/><W111/><G111/><T124/><D124/><U40/><E106/><V117/><F117/><W0/><G19/><T78/><D78/><U47/><E96/><V114/><F114/><W52/><G28/><T113/><D113/><U90/><E90/><V103/><F50/><W112/><G33/><T44/><D44/><U16/><REACH who="1" step="1"/><E57/><REACH who="1" ten="115,483,119,263" step="2"/><V89/><F103/><W102/><REACH who="3" step="1"/><G112/><REACH who="3" ten="115,483,119,253" step="2"/><T68/><D123/><U4/><E4/><V127/><F127/><W17/><G17/><T8/><D68/><U120/><E120/><V131/><F131/><W11/><G11/><T105/><D64/><U15/><E15/><V3/><F3/><W72/><G72/><AGARI ba="4,3" hai="16,23,24,40,41,42,43,47,51,72,77,81,133,134" machi="72" ten="40,3900,0" yaku="1,1,54,1,53,0" doraHai="125" doraHaiUra="100" who="1" fromWho="3" sc="115,0,483,81,119,0,253,-51" /><INIT seed="1,5,0,0,1,94" ten="115,564,119,202" oya="1" hai0="107,55,108,75,30,96,3,91,41,57,120,42,76" hai1="106,38,61,15,0,24,97,29,31,92,49,65,122" hai2="134,132,130,66,8,123,5,35,85,104,33,68,7" hai3="20,89,99,133,43,52,119,126,56,2,128,18,69"/><U6/><E38/><V4/><F104/><W26/><G126/><T113/><D3/><U84/><E122/><V36/><F36/><W60/><G128/><T87/><D113/><U83/><E106/><V102/><F123/><W77/><G133/><N who="2" m="51305" /><F130/><W27/><G2/><T88/><D120/><U58/><E0/><N who="2" m="7" /><F102/><W25/><G69/><T135/><D135/><U70/><E70/><V13/><F85/><W71/><G71/><T101/><D30/><U117/><E117/><V37/><F37/><W79/><G43/><T111/><D91/><N who="1" m="51615" /><E49/><V54/><F54/><W48/><G119/><T103/><D103/><N who="1" m="60839" /><E24/><N who="3" m="9322" /><G48/><T53/><D53/><U118/><E118/><V98/><F98/><W21/><G21/><T34/><D34/><N who="2" m="12810" /><F13/><W28/><G28/><T78/><D78/><U17/><E6/><V73/><F73/><W14/><G14/><T82/><D108/><U19/><E19/><V16/><F68/><W50/><G50/><T67/><D111/><U112/><E112/><V62/><F66/><W125/><G125/><T80/><D67/><U39/><E39/><V127/><F62/><AGARI ba="5,0" hai="41,42,55,57,62,75,76,80,82,87,88,96,101,107" machi="62" ten="30,3900,0" yaku="7,1,52,1,54,1" doraHai="94" who="0" fromWho="2" sc="115,54,564,0,119,-54,202,0" /><INIT seed="2,0,0,3,2,2" ten="169,564,65,202" oya="2" hai0="47,128,46,77,50,23,26,104,16,33,87,11,91" hai1="125,133,80,38,48,43,17,53,8,131,88,24,118" hai2="31,116,67,127,109,39,122,108,4,65,78,107,86" hai3="54,28,62,79,36,99,100,34,56,9,93,44,42"/><V114/><F39/><W71/><G79/><T27/><D104/><U58/><E118/><V3/><F107/><W102/><G9/><T103/><D103/><U84/><E125/><V74/><F74/><W135/><G135/><T83/><D128/><U5/><E133/><V92/><F114/><W57/><G71/><T90/><D47/><U115/><E115/><V120/><F116/><W14/><G14/><N who="0" m="7263" /><D33/><U52/><E131/><V134/><F127/><W15/><G15/><T29/><D26/><U117/><E117/><V76/><F134/><W130/><G130/><T129/><D129/><U75/><E75/><V73/><F73/><W37/><G37/><T41/><AGARI ba="0,0" hai="23,27,29,41,46,50,77,83,87,90,91" m="7263" machi="41" ten="30,2000,0" yaku="8,1,54,1" doraHai="2" who="0" fromWho="0" sc="169,20,564,-5,65,-10,202,-5" /><INIT seed="3,0,0,4,4,33" ten="189,559,55,197" oya="3" hai0="11,106,70,15,129,73,78,45,49,100,71,9,67" hai1="23,10,63,37,101,124,115,44,131,102,76,128,93" hai2="107,72,117,17,18,112,125,61,96,54,30,48,42" hai3="77,130,88,39,75,83,58,12,32,47,56,53,55"/><W84/><G32/><T21/><D129/><N who="1" m="49739" /><E124/><V38/><F72/><W92/><G130/><T1/><D1/><U64/><E115/><V113/><F107/><W109/><G109/><T26/><D11/><U116/><E116/><V81/><F81/><W34/><G34/><T132/><D132/><U79/><E10/><V0/><F96/><W28/><G28/><T133/><D133/><U119/><E119/><V69/><F69/><W87/><G12/><T57/><D57/><N who="1" m="36975" /><E23/><V99/><F99/><W2/><G2/><T110/><D110/><U66/><E66/><V52/><F117/><W40/><G56/><T50/><D67/><U51/><E37/><V27/><F125/><W82/><G58/><T120/><D120/><U46/><E46/><V31/><F38/><W62/><G62/><T8/><D45/><U65/><E65/><V68/><F68/><W14/><G14/><T103/><D71/><U135/><E135/><V85/><F85/><W74/><G74/><T121/><D70/><U36/><E36/><V6/><F112/><W126/><G126/><T127/><D127/><U16/><E16/><V86/><F113/><W20/><G20/><T13/><D21/><U35/><E35/><V118/><F118/><W104/><G104/><T22/><D106/><U123/><E123/><V3/><F61/><W122/><G122/><T91/><D22/><U98/><E102/><V111/><F111/><W134/><G134/><T80/><D121/><U4/><E4/><V43/><F6/><W114/><G114/><T60/><D103/><U97/><E97/><V105/><F105/><RYUUKYOKU ba="0,0" sc="189,-15,559,15,55,-15,197,15" hai1="44,51,76,79,93,98,101" hai3="39,40,47,53,55,75,77,82,83,84,87,88,92" /><INIT seed="3,1,0,3,3,6" ten="174,574,40,212" oya="3" hai0="17,125,50,45,19,7,47,110,54,25,130,71,98" hai1="27,1,53,69,91,83,33,95,41,34,87,127,39" hai2="122,106,101,68,126,124,118,100,76,11,79,26,30" hai3="63,133,88,58,131,134,23,14,12,80,35,82,90"/><W73/><G35/><T105/><D71/><U36/><E69/><V96/><F11/><W109/><G73/><T99/><D110/><U112/><E112/><V121/><F26/><W24/><G109/><T78/><D78/><N who="2" m="29738" /><F30/><N who="3" m="17695" /><G131/><T77/><D130/><U115/><E115/><V4/><F4/><W92/><G134/><T13/><D77/><U129/><E1/><V60/><F60/><W43/><G43/><T66/><D66/><U74/><E127/><N who="2" m="48683" /><F68/><W86/><G133/><T52/><D125/><U56/><E129/><V64/><F64/><N who="3" m="39031" /><G80/><T123/><D123/><N who="2" m="47114" /><F118/><W108/><G108/><T81/><D7/><U9/><E74/><V111/><F111/><W67/><G67/><T135/><D25/><U3/><E83/><V49/><F49/><W97/><AGARI ba="1,0" hai="12,14,82,86,88,90,92,97" m="39031,17695" machi="97" ten="30,3000,0" yaku="8,1,54,1" doraHai="6" who="3" fromWho="3" sc="174,-11,574,-11,40,-11,212,33" /><INIT seed="3,2,0,2,2,61" ten="163,563,29,245" oya="3" hai0="39,115,135,58,33,56,8,16,63,76,110,3,109" hai1="26,131,71,78,1,85,80,104,94,97,112,5,32" hai2="52,57,45,42,106,0,102,87,122,130,74,40,31" hai3="46,14,117,75,55,105,21,44,69,11,91,67,13"/><W89/><G117/><T6/><D39/><U59/><E112/><V98/><F0/><W95/><G105/><T66/><D115/><U17/><E71/><V127/><F127/><W83/><G75/><T36/><D36/><U118/><E118/><V96/><F74/><W113/><G113/><T114/><D114/><U81/><E131/><V65/><F122/><W18/><G83/><T19/><D33/><U73/><E104/><V108/><F108/><W60/><G55/><T125/><D125/><U126/><E126/><V15/><F130/><W38/><G38/><T29/><D29/><U128/><E128/><V79/><F31/><W100/><G100/><T88/><D76/><U2/><E5/><V111/><F111/><N who="0" m="42506" /><D58/><U48/><E80/><V28/><F28/><W7/><REACH who="3" step="1"/><G91/><REACH who="3" ten="163,563,29,235" step="2"/><T68/><D135/><U25/><E81/><V101/><F79/><W20/><G20/><T77/><D77/><U99/><E73/><V93/><F101/><W119/><G119/><T134/><D134/><U49/><E78/><V86/><F102/><W47/><G47/><T53/><D88/><U9/><E32/><V82/><F45/><W24/><G24/><T23/><D23/><U103/><E26/><V70/><F82/><W4/><G4/><T121/><D121/><U62/><E25/><V84/><F106/><W120/><G120/><T123/><D123/><U10/><E103/><V51/><F52/><W34/><G34/><T92/><D92/><U132/><E94/><V133/><F93/><W54/><G54/><T64/><D53/><U107/><E132/><V90/><F133/><RYUUKYOKU ba="2,1" sc="163,15,563,-15,29,-15,235,15" hai0="3,6,8,16,19,56,63,64,66,68" hai3="7,11,13,14,18,21,44,46,60,67,69,89,95" /><INIT seed="3,3,1,3,3,3" ten="178,548,14,250" oya="3" hai0="64,34,79,90,4,95,129,20,102,6,109,26,5" hai1="30,14,107,80,10,43,48,93,40,122,85,115,39" hai2="97,66,117,77,59,61,71,132,28,101,29,119,134" hai3="36,69,99,100,17,131,58,37,105,67,106,113,44"/><W1/><G113/><T25/><D79/><U70/><E107/><V32/><F77/><W23/><G1/><T65/><D109/><U130/><E39/><V125/><F59/><W86/><G106/><T91/><D129/><U81/><E70/><V126/><F29/><W42/><G69/><T92/><D34/><U111/><E122/><V13/><F13/><W46/><G131/><T135/><D102/><U22/><E115/><V63/><F28/><W8/><G8/><T33/><D33/><U94/><E130/><V50/><F32/><W96/><G96/><T15/><D15/><U56/><E111/><V75/><F75/><W52/><G86/><N who="0" m="52311" /><D135/><N who="2" m="51754" /><F97/><W116/><G67/><N who="0" m="25675" /><D20/><U72/><E72/><V27/><F27/><W76/><G76/><T68/><D68/><U133/><E133/><V118/><F101/><W124/><G116/><N who="2" m="29697" /><V103/><DORA hai="88" /><F103/><W57/><G124/><N who="2" m="47721" /><F50/><W127/><G127/><T47/><D47/><U114/><E43/><V51/><F51/><W89/><G37/><T73/><D73/><U38/><E38/><V2/><F2/><W54/><G36/><T7/><N who="0" m="1536" /><DORA hai="121" /><T82/><D82/><U53/><E81/><V87/><F87/><AGARI ba="3,1" hai="25,26,87,91,95" m="1536,25675,52311" machi="87" ten="40,12000,2" yaku="8,1,52,6" doraHai="3,88,121" who="0" fromWho="2" sc="178,139,548,0,14,-129,250,0" owari="317,12.0,548,65.0,-115,-62.0,250,-15.0" /></mjloggm>