<mjloggm ver="2.3"><GO type="97" lobby="0"/><UN n0="%E3%83%88%E3%83%88%E3%83%AA%E5%85%88%E7%94%9F%31%39%E6%AD%B3" n1="%E3%83%91%E3%83%B3%E5%8D%93%E6%B0%91" n2="%E3%80%93%E6%9A%81%E7%B4%80%E3%80%93" n3="%69%73%68%69%6B%75%6E" dan="14,13,14,13" rate="2061.14,1856.26,1929.80,1837.48" sx="F,M,M,M"/><TAIKYOKU oya="0"/><INIT seed="0,0,0,3,2,47" ten="250,250,250,250" oya="0" hai0="73,84,119,9,87,3,59,56,83,54,39,34,37" hai1="30,5,108,60,38,103,94,133,17,24,26,55,14" hai2="18,90,68,22,21,62,93,7,79,132,118,16,29" hai3="35,4,10,27,36,98,112,53,6,82,111,32,123"/><T66/><D119/><U135/><E38/><V74/><F118/><W91/><G111/><T72/><D34/><U51/><E108/><V76/><F132/><N who="1" m="50761" /><E5/><V69/><F74/><W89/><G112/><T1/><D54/><U95/><E60/><V101/><F101/><W96/><G36/><T0/><D0/><U88/><E103/><V41/><F7/><W33/><G123/><T23/><D23/><N who="1" m="11703" /><E30/><V19/><F41/><W11/><G53/><T61/><D61/><U113/><E95/><V43/><F43/><W75/><G27/><T105/><D83/><U114/><E114/><V97/><F29/><W67/><G67/><T71/><D105/><U104/><E104/><V80/><F62/><W127/><G127/><T121/><D66/><U25/><E25/><V115/><F115/><W13/><G82/><T48/><D9/><N who="3" m="3081" /><G13/><T85/><D121/><U81/><E81/><V63/><F63/><W126/><G75/><T45/><D72/><U117/><E117/><V116/><F116/><W130/><G126/><T57/><D73/><U64/><E64/><V8/><F8/><W2/><G130/><T125/><D125/><U110/><E110/><V120/><F120/><W86/><G86/><T28/><D28/><U77/><E77/><N who="2" m="29771" /><F80/><W15/><G15/><T92/><D37/><U122/><E122/><V78/><F78/><W65/><G65/><T124/><D39/><U70/><E70/><V102/><F102/><W20/><G2/><N who="0" m="523" /><D71/><U128/><E128/><V107/><F107/><W50/><G20/><T99/><D124/><U58/><E113/><V46/><F68/><RYUUKYOKU ba="0,0" sc="250,-10,250,30,250,-10,250,-10" hai1="24,26,51,55,58,88,94" /><INIT seed="1,1,0,3,1,79" ten="240,280,240,240" oya="1" hai0="30,120,50,126,116,77,89,70,125,25,37,3,20" hai1="55,46,83,110,27,113,64,101,115,133,124,12,48" hai2="7,61,94,35,82,99,4,123,15,88,60,49,81" hai3="67,108,129,103,69,73,57,92,84,58,78,134,72"/><U80/><E133/><V59/><F123/><W97/><G108/><T41/><D116/><U22/><E124/><N who="0" m="47721" /><D3/><U21/><E64/><V24/><F35/><W6/><G129/><T86/><D120/><U54/><E101/><V19/><F49/><W117/><G117/><T36/><D70/><U11/><E110/><V66/><F24/><W104/><G134/><T119/><D77/><U62/><E21/><N who="2" m="11519" /><F60/><W96/><G6/><AGARI ba="1,0" hai="4,6,7,59,61,66,81,82,88,94,99" m="11519" machi="6" ten="30,7700,0" yaku="8,1,52,2,54,1" doraHai="79" who="2" fromWho="3" sc="240,0,280,0,240,80,240,-80" /><INIT seed="2,0,0,4,0,66" ten="240,280,320,160" oya="2" hai0="49,10,22,97,107,99,132,93,86,44,3,108,110" hai1="45,1,5,102,95,123,40,131,27,72,121,82,50" hai2="31,134,0,109,133,63,39,14,91,80,135,60,127" hai3="57,26,81,19,33,51,41,85,7,122,75,62,92"/><V83/><F0/><W79/><G122/><N who="1" m="46602" /><E131/><V48/><F39/><W29/><G7/><N who="0" m="1407" /><D107/><U34/><E102/><V128/><F128/><W17/><G75/><T52/><D132/><U69/><E95/><V13/><F109/><N who="0" m="42090" /><D22/><U16/><E72/><V61/><F48/><W21/><G33/><T12/><D12/><N who="2" m="4714" /><F31/><W114/><G114/><T78/><D78/><U20/><E82/><N who="2" m="31275" /><F91/><AGARI ba="0,0" hai="44,49,52,86,91,93,97,99" m="42090,1407" machi="91" ten="30,2000,0" yaku="14,1,54,1" doraHai="66" who="0" fromWho="2" sc="240,20,280,0,320,-20,160,0" /><INIT seed="3,0,0,4,2,56" ten="260,280,300,160" oya="3" hai0="54,108,41,131,121,1,30,68,114,67,12,44,103" hai1="28,52,5,11,128,99,64,80,123,33,117,31,104" hai2="112,105,122,77,106,79,18,37,78,14,70,113,23" hai3="6,62,40,71,90,95,86,16,120,58,101,10,50"/><W125/><G120/><T98/><D121/><U88/><E123/><V61/><F37/><W43/><G125/><T17/><D1/><U75/><E117/><V3/><F3/><W19/><G71/><T126/><D126/><U100/><E128/><V85/><F122/><W107/><G101/><T132/><D131/><U47/><E64/><V22/><F85/><W94/><G107/><T82/><D108/><U72/><E33/><V93/><F93/><W42/><G95/><T7/><D7/><U91/><E91/><V26/><F61/><W55/><REACH who="3" step="1"/><G62/><REACH who="3" ten="260,280,300,150" step="2"/><T53/><D103/><U4/><E104/><V73/><F70/><W25/><G25/><T129/><D68/><U124/><E100/><V34/><F105/><W8/><G8/><T116/><D129/><U127/><E124/><V102/><F102/><W27/><G27/><T2/><D116/><U130/><E127/><V60/><F106/><W39/><G39/><T109/><D109/><U81/><E130/><V38/><F38/><W76/><G76/><T0/><D82/><U83/><E81/><V29/><F60/><W135/><G135/><T96/><D132/><U134/><E83/><V69/><F69/><W45/><G45/><T65/><D44/><U24/><E47/><V115/><F73/><W97/><G97/><T66/><D96/><U48/><E99/><V118/><F118/><W32/><G32/><T84/><D98/><U133/><E134/><V57/><F57/><W63/><G63/><T20/><D84/><U13/><E133/><V111/><F111/><W89/><G89/><T51/><D51/><RYUUKYOKU ba="0,1" sc="260,-15,280,-15,300,15,150,15" hai2="14,18,22,23,26,29,34,77,78,79,112,113,115" hai3="6,10,16,19,40,42,43,50,55,58,86,90,94" /><INIT seed="3,1,1,5,5,57" ten="245,265,315,165" oya="3" hai0="65,60,79,134,29,105,108,42,32,74,127,113,92" hai1="59,122,20,66,12,40,7,119,8,95,111,120,103" hai2="90,15,6,115,117,85,64,86,17,22,68,133,88" hai3="41,102,1,18,89,93,76,3,33,27,62,26,36"/><W97/><G76/><T13/><D105/><U78/><E119/><V58/><F117/><W43/><G36/><T25/><D108/><U56/><E111/><V75/><F75/><W71/><G27/><T129/><D129/><U80/><E40/><V2/><F115/><W45/><G43/><T107/><D107/><U72/><E122/><V28/><F133/><W104/><G45/><T123/><D123/><U35/><E120/><V94/><F68/><W31/><G18/><T14/><D134/><U100/><E35/><V110/><F110/><W11/><G11/><T77/><D113/><U9/><E20/><V70/><F70/><W109/><G41/><T0/><D0/><U52/><E9/><N who="2" m="4535" /><F2/><W39/><G39/><T44/><D92/><U61/><E95/><N who="2" m="54671" /><F58/><W116/><G116/><T48/><D127/><U126/><E126/><V63/><F63/><AGARI ba="1,1" hai="7,8,12,52,56,59,61,63,66,72,78,80,100,103" machi="63" ten="30,7700,0" yaku="7,1,52,2,54,1" doraHai="57" who="1" fromWho="2" sc="245,0,265,90,315,-80,165,0" owari="245,5.0,355,44.0,235,-16.0,165,-33.0" /></mjloggm>