<mjloggm ver="2.3"><GO type="169" lobby="0"/><UN n0="%E3%82%B7%E3%83%B3%E3%83%87%E3%83%AB%E3%83%A9" n1="%E8%B5%A4%E6%9C%A8%E3%81%97%E3%81%92%E3%82%8C" n2="%E3%82%A6%E3%83%AB%E3%83%88%E3%83%A9%E7%AB%8B%E7%9B%B4" n3="%E3%81%97%E3%82%87%E3%81%BC%E3%82%93%EF%BD%8E" dan="16,16,17,17" rate="2053.12,2127.13,2119.69,2168.73" sx="M,M,M,M"/><TAIKYOKU oya="0"/><INIT seed="0,0,0,4,3,80" ten="250,250,250,250" oya="0" hai0="46,30,78,53,72,48,103,75,70,73,15,36,19" hai1="120,37,91,107,40,7,112,125,82,96,129,55,114" hai2="63,79,87,115,45,38,8,67,32,118,135,121,54" hai3="66,27,16,44,109,21,81,104,26,18,17,58,1"/><T9/><D70/><U84/><E120/><V97/><F121/><W127/><G104/><T50/><D36/><U69/><E69/><V65/><F32/><W123/><G1/><T101/><D30/><U29/><E129/><V0/><F115/><W28/><G123/><T89/><D78/><U130/><E130/><V68/><F135/><W34/><G109/><T77/><D77/><U39/><E125/><V105/><F67/><W116/><G116/><T4/><D89/><U110/><E110/><V24/><F24/><W102/><G127/><T93/><D93/><U126/><E126/><V12/><F0/><W42/><G102/><T59/><REACH who="0" step="1"/><D4/><REACH who="0" ten="240,250,250,250" step="2"/><U5/><E29/><V64/><F68/><W133/><G133/><T95/><D95/><U35/><E7/><V31/><F31/><W85/><G28/><T88/><D88/><U122/><E5/><V132/><F38/><W56/><G34/><T57/><D57/><U117/><E122/><V60/><F79/><W25/><G58/><T43/><AGARI ba="0,1" hai="9,15,19,43,46,48,50,53,59,72,73,75,101,103" machi="43" ten="30,6000,0" yaku="1,1,0,1,53,1" doraHai="80" doraHaiUra="52" who="0" fromWho="0" sc="240,70,250,-20,250,-20,250,-20" /><INIT seed="0,1,0,5,4,90" ten="310,230,230,230" oya="0" hai0="63,96,113,33,17,112,132,129,39,69,68,70,2" hai1="42,37,82,54,57,98,36,128,10,26,80,111,130" hai2="105,75,64,38,88,23,12,3,76,115,86,31,47" hai3="116,103,59,109,56,106,8,40,135,13,34,0,46"/><T123/><D2/><U1/><E111/><V55/><F3/><W44/><G0/><T120/><D33/><U24/><E98/><V19/><F105/><W61/><G34/><T118/><D96/><U77/><E1/><V133/><F115/><N who="0" m="44106" /><D17/><U65/><E65/><V18/><F133/><W22/><G103/><T114/><N who="0" m="44114" /><T32/><DORA hai="121" /><D32/><U71/><E71/><V126/><F64/><W51/><G22/><T16/><D16/><U48/><E10/><V119/><F31/><W73/><G73/><T6/><D6/><U4/><E4/><V100/><F100/><W134/><G106/><T28/><D28/><U104/><E104/><V85/><F75/><W101/><G101/><T89/><D89/><U62/><E62/><V27/><F85/><W97/><G97/><T25/><D25/><N who="1" m="9835" /><E42/><V58/><F76/><W78/><G78/><T110/><D118/><U122/><E122/><N who="0" m="46633" /><D132/><U43/><E77/><V94/><F119/><W49/><G116/><T127/><D127/><U29/><E29/><V72/><F72/><W107/><G107/><T102/><D102/><U20/><E20/><V66/><F126/><W84/><G84/><T11/><D11/><U92/><E92/><V45/><F66/><W124/><G8/><T30/><D30/><U52/><E80/><V108/><F27/><W15/><G124/><T95/><D95/><U83/><E82/><V14/><F23/><W50/><G13/><T87/><D87/><U35/><E83/><V41/><F12/><W125/><G15/><T53/><D69/><U93/><E35/><V9/><F9/><RYUUKYOKU ba="1,0" sc="310,0,230,0,230,0,230,0" /><INIT seed="1,2,0,5,4,34" ten="310,230,230,230" oya="1" hai0="10,69,49,35,86,92,75,8,48,131,73,97,25" hai1="57,3,9,47,114,55,0,39,23,120,24,50,133" hai2="84,110,85,100,87,54,27,38,118,132,64,88,21" hai3="72,89,102,26,77,33,16,45,29,46,2,103,18"/><U79/><E114/><V122/><F122/><W40/><G46/><T109/><D69/><U112/><E112/><V93/><F118/><W65/><G65/><T127/><D109/><U59/><E120/><V83/><F110/><W22/><G89/><T123/><D123/><U5/><E133/><V121/><F132/><W58/><G58/><T67/><D67/><U125/><E125/><V43/><F121/><W80/><G2/><T60/><D127/><U17/><E79/><V63/><F54/><W4/><G4/><T13/><D60/><U44/><REACH who="1" step="1"/><E3/><REACH who="1" ten="310,220,230,230" step="2"/><V37/><F37/><W41/><G41/><AGARI ba="2,1" hai="0,5,9,17,23,24,39,41,44,47,50,55,57,59" machi="41" ten="40,12000,1" yaku="1,1,2,1,52,1,53,1" doraHai="34" doraHaiUra="12" who="1" fromWho="3" sc="310,0,220,136,230,0,230,-126" /><INIT seed="1,3,0,4,5,104" ten="310,356,230,104" oya="1" hai0="118,134,2,10,38,50,19,75,78,54,4,59,11" hai1="70,9,91,0,83,89,72,64,124,122,24,51,32" hai2="128,106,23,92,131,113,41,101,31,3,123,27,17" hai3="103,108,97,81,110,60,13,52,56,93,130,58,120"/><U57/><E122/><V39/><F106/><W68/><G68/><T100/><D118/><U5/><E124/><V44/><F123/><W105/><G120/><T49/><D134/><U115/><E70/><V43/><F113/><W8/><G130/><N who="2" m="49705" /><F43/><W61/><G81/><T114/><D114/><U121/><E121/><V1/><F31/><W45/><G45/><T36/><D100/><U98/><E115/><V28/><F28/><W127/><G105/><T129/><D129/><U67/><E32/><V116/><F116/><W96/><G96/><AGARI ba="3,0" hai="1,3,17,23,27,39,41,44,92,96,101" m="49705" machi="96" ten="30,1000,0" yaku="19,1" doraHai="104" who="2" fromWho="3" sc="310,0,356,0,230,19,104,-19" /><INIT seed="2,0,0,1,0,71" ten="310,356,249,85" oya="2" hai0="8,28,132,89,23,87,61,104,56,98,27,68,131" hai1="128,54,63,72,25,9,40,52,33,84,99,34,64" hai2="1,10,135,130,39,124,96,116,69,51,42,48,37" hai3="19,41,18,110,79,31,112,129,20,88,17,2,75"/><V21/><F1/><W24/><G2/><T16/><D132/><U74/><E128/><V14/><F116/><W57/><G129/><T3/><D131/><U122/><E122/><V32/><F130/><W66/><G110/><T85/><D68/><U100/><E84/><V78/><F32/><W67/><G112/><T65/><D104/><U121/><E121/><V12/><F69/><W111/><G111/><T15/><REACH who="0" step="1"/><D3/><REACH who="0" ten="300,356,249,85" step="2"/><U126/><E126/><V94/><F135/><W4/><G66/><T123/><D123/><U114/><E64/><V117/><F124/><W103/><G67/><T38/><D38/><U45/><E114/><V59/><F37/><W77/><G75/><T109/><D109/><U113/><E74/><V107/><F39/><W125/><G125/><T0/><D0/><U36/><E72/><V58/><F107/><W133/><G133/><T43/><D43/><U105/><E113/><V97/><F42/><W5/><G41/><T119/><D119/><U62/><E36/><V26/><F117/><W11/><G77/><T73/><D73/><U83/><E40/><V108/><F78/><W6/><G79/><T127/><D127/><U35/><E105/><V102/><F108/><W53/><G53/><T92/><AGARI ba="0,1" hai="8,15,16,23,27,28,56,61,65,85,87,89,92,98" machi="92" ten="30,7900,0" yaku="1,1,0,1,8,1,54,1,53,0" doraHai="71" doraHaiUra="118" who="0" fromWho="0" sc="300,89,356,-20,249,-39,85,-20" /><INIT seed="3,0,0,4,3,94" ten="389,336,210,65" oya="3" hai0="72,9,77,108,31,16,13,70,125,109,92,132,24" hai1="3,114,32,22,107,87,49,66,30,61,96,15,89" hai2="2,90,82,103,135,123,53,14,74,122,99,51,126" hai3="33,71,116,23,69,68,18,100,44,117,104,35,39"/><W98/><G35/><T78/><D125/><U54/><E3/><V17/><F2/><W28/><G28/><T127/><D127/><U26/><E114/><V52/><F126/><W134/><G134/><T19/><D132/><U73/><E73/><V63/><F63/><W83/><G33/><T93/><D70/><U50/><E32/><V79/><F90/><W4/><G4/><T64/><D64/><U48/><E15/><V128/><F128/><W58/><G58/><T20/><D31/><U95/><E54/><V34/><F34/><W120/><G120/><N who="2" m="46121" /><F51/><W86/><G44/><T62/><D62/><U36/><E36/><V27/><F27/><W5/><G5/><T119/><D119/><U7/><E7/><V6/><F6/><W111/><G39/><T40/><D40/><U25/><E25/><V46/><F46/><W29/><G29/><T106/><D106/><U0/><E0/><V84/><F74/><W91/><REACH who="3" step="1"/><G111/><REACH who="3" ten="389,336,210,55" step="2"/><T129/><D109/><U110/><E110/><V81/><F135/><W101/><G101/><T59/><D108/><U88/><E30/><V80/><F53/><W8/><G8/><T65/><D9/><U41/><E66/><V118/><F52/><W38/><G38/><T10/><D65/><U12/><E41/><V85/><F118/><W55/><G55/><T112/><D10/><U37/><E37/><V131/><F131/><W67/><G67/><T45/><D129/><U97/><E22/><V43/><F103/><W42/><G42/><T121/><D20/><U115/><E115/><V56/><F43/><W130/><G130/><RYUUKYOKU ba="0,1" sc="389,-10,336,-10,210,-10,55,30" hai3="18,23,68,69,71,83,86,91,98,100,104,116,117" /><INIT seed="3,1,1,5,5,37" ten="379,326,200,85" oya="3" hai0="31,30,131,113,123,60,82,0,3,48,46,76,94" hai1="120,61,56,101,43,1,134,21,85,27,80,10,81" hai2="12,92,98,86,29,17,62,63,100,127,69,84,59" hai3="67,74,75,58,112,8,50,22,104,13,121,45,52"/><W66/><G104/><T51/><D123/><U65/><E120/><V28/><F69/><W55/><G121/><T5/><D131/><U4/><E134/><V132/><F127/><W33/><G33/><T32/><D113/><U114/><E114/><V49/><F132/><W110/><G112/><T119/><D119/><U53/><E101/><V93/><F49/><W89/><G110/><T71/><D94/><U108/><E108/><V79/><F63/><N who="3" m="36295" /><G75/><T87/><D51/><U109/><E109/><V125/><F125/><W19/><G74/><T129/><D129/><U118/><E118/><V26/><F92/><W91/><G22/><T135/><D135/><U23/><E23/><N who="2" m="15455" /><F29/><W25/><G25/><T24/><D31/><U126/><E126/><V90/><F79/><W57/><G57/><T73/><D73/><U105/><E105/><V36/><F36/><W78/><G78/><T70/><D70/><U77/><E27/><V64/><F100/><W38/><G38/><T18/><D71/><U2/><E2/><V99/><F99/><W40/><G55/><T15/><D0/><U128/><E128/><V97/><F97/><W88/><AGARI ba="1,1" hai="8,13,19,40,45,50,66,67,88,89,91" m="36295" machi="88" ten="30,11700,0" yaku="8,1,52,1,54,2" doraHai="37" who="3" fromWho="3" sc="379,-40,326,-40,200,-40,85,130" /><INIT seed="3,2,0,0,1,91" ten="339,286,160,215" oya="3" hai0="50,46,7,35,66,105,47,1,42,65,104,80,22" hai1="60,51,32,108,110,98,113,71,69,67,100,135,3" hai2="13,109,84,117,79,81,53,56,64,41,129,112,99" hai3="26,127,29,43,14,57,82,116,48,30,55,20,27"/><W77/><G116/><T73/><D35/><U33/><E113/><V4/><F117/><W11/><G127/><T5/><D22/><U131/><E3/><V40/><F109/><N who="1" m="42089" /><E135/><V37/><F129/><W63/><G27/><T96/><D96/><U120/><E131/><V106/><F112/><W83/><G30/><T17/><D17/><U31/><E120/><V90/><F64/><W126/><G126/><T118/><D118/><U101/><E71/><V128/><F37/><W97/><G97/><T133/><D1/><U61/><E61/><V28/><F28/><W119/><G119/><T58/><D58/><U107/><E100/><V94/><F106/><W111/><G111/><T122/><D50/><U6/><E6/><V2/><F2/><W16/><G77/><T93/><D133/><U52/><E31/><V72/><F72/><W10/><G10/><T38/><D73/><U74/><E74/><V75/><F75/><W88/><G88/><T39/><D122/><U23/><E23/><V76/><F76/><W68/><G68/><T9/><D9/><U18/><E18/><V78/><F78/><W132/><G132/><T123/><D123/><U103/><E101/><V70/><F70/><W12/><G12/><T44/><D5/><U124/><E124/><V92/><F128/><W21/><G11/><T125/><D125/><U0/><E0/><V8/><REACH who="2" step="1"/><F92/><REACH who="2" ten="339,286,150,215" step="2"/><W115/><G115/><T134/><D93/><U102/><E102/><V89/><F89/><W86/><G29/><T121/><D121/><U34/><E34/><V25/><F25/><W19/><G26/><RYUUKYOKU ba="2,1" sc="339,-15,286,15,150,15,215,-15" hai1="32,33,51,52,60,67,69,98,103,107" hai2="4,8,13,40,41,53,56,79,81,84,90,94,99" /><INIT seed="4,3,1,1,3,61" ten="324,301,165,200" oya="0" hai0="77,101,6,103,67,32,24,55,90,1,14,15,68" hai1="79,85,81,7,133,9,45,25,112,91,108,80,66" hai2="129,11,22,65,92,89,23,96,123,46,26,100,62" hai3="71,20,0,84,87,82,122,36,95,88,27,4,130"/><T3/><D77/><U37/><E108/><V110/><F110/><W43/><G71/><T53/><D90/><U47/><E133/><V38/><F123/><W97/><G122/><T40/><D40/><U126/><E126/><V64/><F129/><W134/><G130/><T31/><D6/><U34/><E37/><V121/><F121/><W16/><G134/><T94/><D94/><U44/><E112/><V28/><F38/><W18/><G0/><T41/><D41/><U83/><E66/><N who="2" m="25707" /><F46/><W58/><G4/><T127/><D127/><U5/><E44/><V116/><F116/><W115/><G115/><T59/><D68/><U74/><E45/><V51/><F51/><W39/><G43/><T29/><D67/><U93/><E47/><V10/><F62/><W60/><G84/><T49/><D49/><U118/><E118/><V124/><F124/><W72/><G72/><T102/><D1/><U63/><E63/><V35/><F35/><W30/><G39/><T98/><D3/><U109/><E109/><V131/><F131/><W13/><G36/><T19/><D32/><U54/><E34/><V107/><F107/><W125/><G125/><T86/><D55/><U106/><E106/><V69/><F69/><W120/><G120/><T2/><D53/><U21/><E54/><V135/><F135/><W104/><G104/><T73/><D2/><U33/><E33/><N who="2" m="20631" /><F100/><N who="3" m="60479" /><G60/><T17/><D101/><U57/><E57/><V128/><F128/><W56/><G30/><T70/><D31/><N who="1" m="17839" /><E9/><AGARI ba="3,1" hai="9,13,16,18,20,27,56,58,82,87,88" m="60479" machi="9" ten="30,3900,0" yaku="8,1,54,2" doraHai="61" who="3" fromWho="1" sc="324,0,301,-48,165,0,200,58" /><INIT seed="5,0,0,2,1,19" ten="324,253,165,258" oya="1" hai0="21,133,86,62,42,24,75,40,22,16,112,15,43" hai1="79,41,94,25,124,115,98,100,70,130,36,120,93" hai2="118,101,56,71,87,18,9,69,0,37,135,58,23" hai3="128,113,1,127,20,84,74,28,51,55,26,89,12"/><U33/><E120/><V97/><F37/><W99/><G74/><T117/><D75/><U107/><E70/><V64/><F118/><W134/><G1/><T32/><D32/><U60/><E130/><V91/><F135/><W7/><G134/><T132/><D117/><U3/><E115/><V46/><F46/><W14/><G127/><T119/><D119/><U104/><E124/><V30/><F30/><W88/><G113/><T105/><D105/><U121/><E3/><V125/><F125/><W50/><G128/><T63/><D112/><U54/><E121/><V44/><F44/><N who="3" m="28103" /><G51/><T53/><D86/><U131/><E131/><V11/><F69/><W111/><G7/><T82/><D82/><U90/><E79/><V114/><F71/><W95/><G111/><T73/><D73/><U57/><E41/><V96/><F114/><W61/><G61/><T52/><D133/><U8/><E36/><V31/><F31/><W108/><G108/><T116/><D116/><U10/><E33/><V35/><F35/><W29/><G29/><N who="0" m="17551" /><D132/><U17/><E107/><V59/><F64/><W67/><G67/><T85/><D85/><N who="1" m="52431" /><E104/><V83/><F0/><W129/><G129/><T49/><D53/><U78/><E78/><V80/><F80/><AGARI ba="0,0" hai="12,14,20,26,28,80,84,88,89,95,99" m="28103" machi="80" ten="30,3900,0" yaku="8,1,52,1,54,1" doraHai="19" who="3" fromWho="2" sc="324,0,253,0,165,-39,258,39" /><INIT seed="6,0,0,3,0,87" ten="324,253,126,297" oya="2" hai0="100,2,77,56,1,70,59,45,26,89,135,3,125" hai1="24,113,60,37,9,102,129,73,115,61,98,46,15" hai2="47,69,18,35,58,101,109,31,52,112,78,29,130" hai3="48,85,82,27,121,106,7,86,55,108,57,38,40"/><V32/><F69/><W5/><G108/><T10/><D70/><U12/><E129/><V123/><F123/><W36/><G121/><T103/><D125/><U81/><E24/><V127/><F127/><W17/><G106/><T19/><D135/><U6/><E15/><V84/><F109/><W88/><G38/><T54/><D77/><N who="1" m="44207" /><E46/><V33/><F130/><W119/><G119/><T132/><D132/><U71/><E37/><V91/><F78/><N who="3" m="46295" /><G40/><T68/><D68/><U42/><E42/><V76/><F76/><W14/><G27/><T104/><D45/><U39/><E39/><V118/><F118/><W22/><G36/><T11/><D26/><U134/><E134/><V90/><F47/><W133/><G133/><T49/><D59/><U51/><E51/><V67/><F67/><W96/><G96/><T16/><D11/><U116/><E71/><V21/><F101/><W65/><G65/><T23/><D10/><U117/><E117/><V114/><F31/><W72/><G72/><T53/><D103/><U99/><E116/><V93/><F29/><W64/><G64/><T126/><D126/><U122/><E122/><V120/><F120/><W110/><G110/><T105/><D100/><U97/><E102/><V50/><REACH who="2" step="1"/><F91/><REACH who="2" ten="324,253,116,297" step="2"/><W8/><G88/><T95/><D89/><U83/><E83/><V30/><F30/><W4/><G57/><T66/><D56/><U0/><E0/><V20/><F20/><W92/><G22/><T128/><D23/><U111/><E111/><V75/><F75/><W79/><G79/><T94/><D128/><U41/><E41/><RYUUKYOKU ba="0,1" sc="324,-15,253,15,116,15,297,-15" hai1="6,9,12,60,61,97,98,99,113,115" hai2="18,21,32,33,35,50,52,58,84,90,93,112,114" /><INIT seed="6,1,1,5,0,58" ten="309,268,131,282" oya="2" hai0="53,56,35,64,77,91,41,86,104,6,90,129,32" hai1="110,84,36,96,11,51,4,50,119,106,98,101,34" hai2="79,44,8,39,116,128,69,7,61,45,12,14,95" hai3="1,3,112,125,23,76,28,70,15,13,26,97,133"/><V111/><F116/><W22/><G70/><T124/><D104/><U87/><E110/><V43/><F111/><W38/><G38/><T135/><D64/><U47/><E34/><V65/><F128/><W29/><G76/><T85/><D41/><U60/><E119/><V134/><F134/><W107/><G133/><T82/><D6/><U42/><E98/><V0/><F95/><W108/><G108/><T114/><D135/><U25/><E25/><V46/><F46/><W99/><G125/><T83/><D124/><U31/><E31/><V120/><F120/><W10/><G112/><T102/><D102/><U122/><E122/><V2/><F2/><W113/><G113/><T105/><D105/><U127/><E127/><V78/><REACH who="2" step="1"/><F45/><REACH who="2" ten="309,268,121,282" step="2"/><W80/><G1/><T93/><D129/><U52/><E47/><V21/><F21/><W66/><G3/><T94/><D114/><U71/><E106/><V72/><F72/><W16/><G107/><T18/><D94/><U33/><E33/><V40/><F40/><W49/><G23/><T75/><D35/><U55/><E42/><V126/><F126/><W68/><G22/><T123/><D32/><U117/><E117/><V121/><F121/><W81/><G81/><T17/><D123/><U30/><E101/><V5/><F5/><W100/><G80/><T63/><AGARI ba="1,2" hai="17,18,53,56,63,75,77,82,83,85,86,90,91,93" machi="63" ten="20,2700,0" yaku="0,1,7,1,52,1" doraHai="58" who="0" fromWho="0" sc="309,50,268,-8,121,-14,282,-8" /><INIT seed="7,0,0,3,0,96" ten="359,260,107,274" oya="3" hai0="43,80,31,62,94,38,122,106,0,110,47,90,39" hai1="134,42,22,85,19,79,118,73,135,49,12,33,123" hai2="13,64,44,89,88,129,29,107,91,115,37,46,24" hai3="30,21,17,52,7,14,55,2,51,108,126,58,1"/><W133/><G133/><N who="1" m="50698" /><E123/><V98/><F115/><W104/><G126/><T18/><D110/><U130/><E33/><V69/><F129/><W3/><G108/><T121/><D106/><U59/><E130/><V6/><F37/><W34/><G104/><T23/><D0/><U77/><E73/><V127/><F127/><W27/><REACH who="3" step="1"/><G55/><REACH who="3" ten="359,260,107,264" step="2"/><T113/><D122/><U95/><E118/><V4/><F46/><W92/><G92/><T99/><D94/><U101/><E42/><V48/><F13/><W57/><G57/><T75/><D43/><U76/><E101/><V86/><F86/><W20/><G20/><T54/><D23/><U131/><E131/><V82/><F82/><W60/><G60/><T36/><D62/><U67/><E95/><V8/><F8/><AGARI ba="0,1" hai="1,2,3,7,8,14,17,21,27,30,34,51,52,58" machi="8" ten="40,12000,1" yaku="1,1,24,2,54,1,53,1" doraHai="96" doraHaiUra="26" who="3" fromWho="2" sc="359,0,260,0,107,-120,264,130" owari="359,16.0,260,-14.0,-13,-51.0,394,49.0" /></mjloggm>