<mjloggm ver="2.3"><GO type="97" lobby="0"/><UN n0="%E8%88%AC%E5%8D%93%E6%B0%91%E3%81%AE%E6%9C%9D%E3%81%AF%E6%97%A9%E3%81%84" n1="%E5%B0%B1%E6%B4%BB%E7%94%9F%40%E5%B7%9D%E6%9D%91%E8%BB%8D%E5%9B%A3" n2="%E3%81%8F%E3%81%88%E3%82%93%E3%81%9D%E3%81%86" n3="%E6%A1%83%E6%9E%9D%E7%B5%B5%E7%95%99%E3%80%85" dan="15,15,14,14" rate="1983.44,1975.81,1918.62,1977.53" sx="M,M,M,F"/><TAIKYOKU oya="0"/><INIT seed="0,0,0,0,4,131" ten="250,250,250,250" oya="0" hai0="78,50,86,132,22,36,57,9,81,31,7,102,27" hai1="80,119,29,32,70,4,99,118,82,33,63,21,2" hai2="104,77,62,127,101,26,15,59,74,72,53,58,122" hai3="55,40,24,23,124,112,129,5,79,38,114,28,133"/><T123/><D36/><U128/><E128/><V120/><F127/><W134/><G129/><T84/><D123/><U105/><E21/><V42/><F42/><W67/><G124/><T16/><D132/><N who="3" m="50793" /><G79/><T85/><D102/><N who="1" m="62687" /><E80/><V54/><F26/><W64/><G5/><T41/><D31/><U20/><E20/><V73/><F15/><W93/><G93/><T106/><D106/><U68/><E82/><V47/><F47/><N who="3" m="23959" /><G55/><N who="0" m="31991" /><D41/><U56/><E56/><V10/><F10/><W14/><G14/><AGARI ba="0,0" hai="7,9,14,16,22,27,78,81,84,85,86" m="31991" machi="14" ten="30,2900,0" yaku="8,1,54,1" doraHai="131" who="0" fromWho="3" sc="250,29,250,0,250,0,250,-29" /><INIT seed="0,1,0,2,2,3" ten="279,250,250,221" oya="0" hai0="114,32,120,26,134,122,66,19,62,57,99,17,54" hai1="34,119,131,7,38,129,130,8,118,49,43,113,83" hai2="28,2,33,51,35,30,20,97,13,40,105,48,18" hai3="82,96,69,135,14,102,107,10,110,111,87,11,124"/><T36/><D36/><U9/><E34/><V42/><F2/><W67/><G135/><T100/><D114/><U77/><E113/><V41/><F105/><W86/><G124/><T93/><D134/><U27/><E27/><V117/><F117/><W80/><G69/><T63/><D32/><U47/><E9/><V72/><F72/><W74/><G67/><T98/><D98/><U39/><E39/><V16/><F97/><W71/><G71/><T121/><REACH who="0" step="1"/><D26/><REACH who="0" ten="269,250,250,221" step="2"/><U92/><E38/><V103/><F103/><W85/><G14/><T15/><D15/><N who="1" m="5535" /><E92/><V78/><F33/><W125/><G125/><T61/><D61/><U115/><E115/><V127/><F35/><W79/><G82/><T31/><D31/><N who="2" m="11818" /><F127/><W84/><N who="3" m="21504" /><DORA hai="52" /><W126/><G126/><T64/><D64/><U1/><E1/><V45/><F78/><W60/><G60/><T21/><D21/><U106/><E106/><V88/><F45/><W58/><G58/><AGARI ba="1,1" hai="17,19,54,57,58,62,63,66,93,99,100,120,121,122" machi="58" ten="40,7700,0" yaku="1,1,52,2,53,0" doraHai="3,52" doraHaiUra="76,29" who="0" fromWho="3" sc="269,90,250,0,250,0,221,-80" /><INIT seed="0,2,0,4,1,104" ten="359,250,250,141" oya="0" hai0="117,68,78,107,25,22,42,110,1,127,26,84,130" hai1="4,134,64,33,24,120,103,126,41,99,95,79,135" hai2="19,13,87,40,27,85,5,50,21,57,35,122,111" hai3="128,0,96,98,121,45,31,29,49,66,9,52,53"/><T37/><D1/><U32/><E120/><V91/><F122/><W101/><G121/><T7/><D7/><U90/><E126/><V72/><F72/><W62/><G128/><T54/><D107/><U83/><E64/><V59/><F111/><W15/><G0/><T75/><D68/><U82/><E41/><V61/><F35/><W132/><G53/><T12/><D84/><N who="2" m="32330" /><F91/><W14/><G14/><T112/><D54/><U114/><E114/><V47/><F5/><W8/><G8/><T46/><D112/><U18/><E4/><V105/><F105/><W60/><G132/><N who="1" m="50730" /><E103/><V48/><F48/><W131/><G131/><T115/><D115/><U106/><E106/><V123/><F123/><W89/><G89/><T108/><D130/><U80/><E79/><V2/><F2/><W20/><G20/><AGARI ba="2,0" hai="18,20,24,32,33,80,82,83,90,95,99" m="50730" machi="20" ten="30,1000,0" yaku="20,1" doraHai="104" who="1" fromWho="3" sc="359,0,250,16,250,0,141,-16" /><INIT seed="1,0,0,1,1,18" ten="359,266,250,125" oya="1" hai0="17,51,82,13,115,97,48,11,33,10,81,41,109" hai1="59,135,73,4,100,121,122,26,21,27,29,68,0" hai2="1,54,90,94,112,79,123,67,111,108,117,16,23" hai3="55,84,19,131,35,71,22,9,132,44,57,99,52"/><U47/><E68/><V128/><F1/><W105/><G71/><T43/><D33/><U118/><E118/><V7/><F117/><W24/><G132/><T3/><D115/><U124/><E135/><V58/><F112/><W133/><G133/><T75/><D75/><U34/><E73/><V14/><F123/><W56/><G131/><T63/><D63/><U102/><E124/><V103/><F103/><W37/><G35/><T74/><D74/><U126/><E126/><V60/><F128/><W61/><G9/><N who="0" m="3083" /><D109/><N who="2" m="42058" /><F79/><W64/><G84/><T69/><D97/><U49/><E0/><V89/><F7/><W91/><G57/><T125/><D3/><U31/><E4/><V127/><F127/><W66/><G55/><T8/><D69/><U62/><E121/><V72/><F72/><W12/><G12/><T2/><D2/><U38/><E38/><V32/><F32/><W45/><G105/><T40/><D125/><U96/><E96/><N who="2" m="57423" /><F90/><W114/><G114/><T110/><D110/><U93/><E93/><V87/><F87/><W65/><G37/><T120/><D120/><U83/><E83/><AGARI ba="0,0" hai="8,13,17,40,41,43,48,51,81,82,83" m="3083" machi="83" ten="30,1000,0" yaku="8,1" doraHai="18" who="0" fromWho="1" sc="359,10,266,-10,250,0,125,0" /><INIT seed="2,0,0,4,0,0" ten="369,256,250,125" oya="2" hai0="121,28,62,49,118,4,53,26,119,45,40,31,128" hai1="73,126,27,95,29,132,90,47,16,9,34,44,6" hai2="98,8,64,19,122,109,94,81,59,86,55,2,82" hai3="17,131,125,35,112,107,10,97,99,104,38,30,77"/><V24/><F122/><W13/><G125/><T48/><D121/><U84/><E73/><V69/><F109/><W123/><G123/><T87/><D4/><U124/><E132/><V42/><F42/><W103/><G131/><T70/><D128/><U41/><E16/><V110/><F110/><W120/><G120/><T65/><D26/><U89/><E89/><V111/><F111/><W75/><G38/><T101/><D101/><U116/><E116/><N who="0" m="44585" /><D87/><U68/><E68/><V37/><F37/><W15/><G112/><T79/><D79/><U105/><E105/><V92/><F8/><W108/><G108/><T46/><AGARI ba="0,0" hai="28,31,40,45,46,48,49,53,62,65,70" m="44585" machi="46" ten="30,1100,0" yaku="12,1" doraHai="0" who="0" fromWho="0" sc="369,11,256,-3,250,-5,125,-3" /><INIT seed="3,0,0,0,2,52" ten="380,253,245,122" oya="3" hai0="3,68,49,44,9,111,124,96,40,17,82,19,101" hai1="92,110,36,20,61,73,47,5,95,48,31,80,13" hai2="58,129,71,56,4,0,99,53,107,90,114,54,77" hai3="55,12,108,62,81,72,51,84,1,74,46,65,7"/><W103/><G103/><T98/><D68/><U116/><E36/><V104/><F114/><W29/><G29/><T128/><D111/><U27/><E110/><V45/><F77/><W78/><G108/><T115/><D3/><U67/><E73/><V118/><F118/><W79/><G1/><T16/><D128/><U57/><E80/><V89/><F71/><W88/><G74/><T10/><D82/><U75/><E75/><V63/><F129/><W33/><G33/><T25/><D124/><U102/><E102/><V93/><F0/><W134/><G134/><T132/><D25/><U23/><E116/><V125/><F4/><W70/><REACH who="3" step="1"/><G72/><REACH who="3" ten="380,253,245,112" step="2"/><T94/><D132/><U34/><E34/><V24/><F24/><W105/><G105/><T35/><D35/><U66/><E27/><V8/><F125/><W43/><G43/><T32/><D32/><U59/><E31/><V69/><F8/><AGARI ba="0,1" hai="7,8,12,46,51,55,62,65,70,78,79,81,84,88" machi="8" ten="40,3900,0" yaku="1,1,54,1,53,0" doraHai="52" doraHaiUra="37" who="3" fromWho="2" sc="380,0,253,0,245,-39,112,49" /><INIT seed="3,1,0,3,2,12" ten="380,253,206,161" oya="3" hai0="21,131,7,135,18,116,13,94,104,134,110,103,11" hai1="85,127,55,23,6,107,123,91,102,34,128,106,96" hai2="125,2,79,22,17,64,45,74,50,73,41,38,97" hai3="25,69,10,20,42,129,65,87,78,98,47,59,105"/><W51/><G129/><T60/><D116/><U26/><E123/><V53/><F2/><W33/><G33/><T101/><D131/><U112/><E112/><V130/><F130/><W76/><G69/><T122/><D122/><U132/><E107/><V14/><F125/><W120/><G120/><T119/><D119/><U84/><E34/><V19/><F97/><W83/><G10/><T62/><D104/><U4/><E128/><V75/><F64/><W111/><G111/><T100/><D94/><U77/><E127/><V44/><REACH who="2" step="1"/><F19/><REACH who="2" ten="380,253,196,161" step="2"/><W68/><G68/><T35/><D110/><U99/><E96/><V72/><F72/><W71/><G71/><T63/><REACH who="0" step="1"/><D35/><REACH who="0" ten="370,253,196,161" step="2"/><U115/><E106/><V46/><F46/><W109/><G109/><T8/><D8/><U32/><E32/><V81/><AGARI ba="1,2" hai="14,17,22,38,41,44,45,50,53,73,74,75,79,81" machi="81" ten="30,4000,0" yaku="1,1,0,1,52,1,53,0" doraHai="12" doraHaiUra="30" who="2" fromWho="2" sc="370,-11,253,-11,196,63,161,-21" owari="359,46.0,242,-16.0,259,6.0,140,-36.0" /></mjloggm>