<mjloggm ver="2.3"><GO type="169" lobby="0"/><UN n0="%43%50%30%33" n1="%E3%82%A6%E3%83%AB%E3%83%88%E3%83%A9%E7%AB%8B%E7%9B%B4" n2="%E3%82%B7%E3%83%A3%E3%83%B3%E3%83%86%E3%83%B3%E5%9C%B0%E7%8D%84%E2%98%86" n3="%E3%82%A2%E3%82%A6%E3%83%A9%E3%83%B3%E3%82%B0%E3%82%BC%E3%83%BC%E3%83%96" dan="16,17,17,16" rate="2164.69,2200.24,2160.26,2075.14" sx="M,M,M,M"/><TAIKYOKU oya="0"/><INIT seed="0,0,0,0,5,75" ten="250,250,250,250" oya="0" hai0="114,27,49,113,47,81,85,110,25,50,16,101,44" hai1="119,117,29,37,31,28,53,103,42,84,89,19,104" hai2="125,2,1,92,74,115,123,133,40,11,73,135,21" hai3="90,32,118,68,45,55,24,43,48,121,129,96,124"/><T95/><D110/><U41/><E37/><V112/><F123/><W23/><G121/><T80/><D114/><U12/><E104/><V26/><F40/><W66/><G118/><T105/><D105/><U57/><E103/><V9/><F92/><W97/><G32/><T14/><D113/><N who="2" m="43594" /><F74/><W108/><G108/><T98/><D49/><N who="1" m="30895" /><E119/><V127/><F73/><W22/><G66/><T52/><D47/><U109/><E109/><V58/><F58/><W8/><G68/><T116/><D81/><N who="1" m="49295" /><E117/><V86/><F86/><W30/><G124/><N who="2" m="47689" /><F11/><AGARI ba="0,0" hai="11,12,19,28,29,31,41,42" m="49295,30895" machi="11" ten="30,1000,0" yaku="8,1" doraHai="75" who="1" fromWho="2" sc="250,0,250,10,250,-10,250,0" /><INIT seed="1,0,0,3,3,106" ten="250,260,240,250" oya="1" hai0="91,95,55,49,93,5,26,51,27,76,39,40,45" hai1="102,32,131,89,65,50,4,33,71,30,60,57,11" hai2="110,3,17,21,16,128,8,31,18,25,126,120,103" hai3="82,114,63,86,87,9,119,127,13,96,58,112,79"/><U6/><E131/><V123/><F103/><W90/><G127/><T99/><D5/><U118/><E118/><V80/><F80/><W23/><G119/><T20/><D27/><U38/><E38/><V105/><F105/><W107/><G23/><T67/><D67/><U77/><E6/><N who="2" m="1119" /><F126/><W15/><G15/><T48/><D76/><U52/><E102/><V28/><F128/><W72/><G96/><T41/><D95/><U133/><E133/><V115/><F110/><W14/><G14/><T81/><D81/><U61/><E30/><N who="2" m="17711" /><F115/><W125/><G107/><T134/><D134/><U92/><E77/><V117/><F117/><W46/><G46/><T66/><D66/><U24/><E50/><N who="0" m="19561" /><D39/><U94/><E94/><V19/><N who="2" m="4096" /><DORA hai="97" /><V132/><F132/><W88/><G125/><T85/><D85/><U35/><E92/><V54/><F54/><W122/><G87/><T44/><D45/><U69/><E69/><V113/><F113/><W1/><G86/><T62/><D62/><U68/><E68/><V108/><F108/><W104/><G104/><T12/><D41/><U101/><E89/><V43/><F43/><W100/><G112/><T7/><D40/><U111/><E111/><V78/><F78/><W75/><G114/><T73/><D44/><U129/><E129/><V130/><F130/><W10/><G90/><T64/><D51/><U83/><E83/><V47/><F47/><W0/><G82/><T37/><D93/><U22/><E101/><V135/><F135/><W70/><G79/><T124/><D91/><U98/><E71/><V74/><F74/><RYUUKYOKU ba="0,0" sc="250,-10,260,-10,240,30,250,-10" hai2="28,31,120,123" /><INIT seed="2,1,0,3,0,17" ten="240,250,270,240" oya="2" hai0="65,63,54,107,52,77,13,49,70,47,97,110,31" hai1="88,122,41,78,135,109,134,69,1,85,42,124,25" hai2="61,6,19,60,108,38,120,12,48,53,10,123,4" hai3="105,125,16,71,23,30,99,95,11,57,93,112,18"/><V15/><F38/><W106/><G71/><T76/><D110/><U73/><E1/><V5/><F108/><W115/><G125/><T55/><D13/><U117/><E69/><V56/><REACH who="2" step="1"/><F12/><REACH who="2" ten="240,250,260,240" step="2"/><N who="3" m="7199" /><G112/><T14/><D14/><U64/><E109/><V100/><F100/><W37/><G115/><T104/><D31/><U67/><E117/><V2/><F2/><W81/><G30/><T116/><D116/><U28/><E124/><V58/><F58/><W86/><G37/><T83/><D107/><U26/><E28/><V34/><F34/><W66/><G106/><T32/><D32/><U98/><E122/><AGARI ba="1,1" hai="4,5,6,10,15,19,48,53,56,60,61,120,122,123" machi="122" ten="40,2000,0" yaku="1,1,53,0" doraHai="17" doraHaiUra="21" who="2" fromWho="1" sc="240,0,250,-23,260,33,240,0" /><INIT seed="2,2,0,1,5,88" ten="240,227,293,240" oya="2" hai0="109,34,102,2,27,44,14,81,72,12,25,24,127" hai1="5,124,67,95,93,41,20,134,118,47,83,43,55" hai2="110,56,71,87,77,80,65,96,70,129,30,120,54" hai3="69,29,23,40,22,57,91,39,135,121,97,89,16"/><V100/><F120/><W74/><G69/><T48/><D2/><U92/><E118/><V116/><F116/><W26/><G121/><T130/><D127/><U6/><E124/><V104/><F129/><W86/><G74/><T94/><D130/><U107/><E107/><V42/><F42/><N who="1" m="15881" /><E134/><V63/><F110/><W1/><G1/><T132/><D109/><U53/><E67/><V38/><F38/><W82/><G135/><T37/><D37/><U8/><E8/><V18/><F30/><W46/><G57/><T73/><D34/><U117/><E117/><V35/><F35/><W122/><G122/><T0/><D0/><U115/><E115/><V32/><F32/><W9/><G9/><T68/><D68/><U111/><E111/><V58/><REACH who="2" step="1"/><F18/><REACH who="2" ten="240,227,283,240" step="2"/><W62/><G16/><T119/><D119/><U64/><E20/><V21/><F21/><W113/><G23/><T90/><D132/><U11/><E11/><V128/><F128/><W17/><G17/><T36/><D36/><U28/><E28/><V126/><F126/><W98/><G113/><T31/><D31/><U45/><E64/><V85/><F85/><W50/><G39/><T105/><D73/><U7/><E83/><V99/><F99/><W51/><G98/><N who="0" m="61655" /><D81/><U79/><E79/><V103/><F103/><W84/><G97/><N who="0" m="57559" /><D72/><U3/><E3/><V59/><F59/><W10/><G10/><T106/><D106/><U33/><E33/><V13/><F13/><W76/><G29/><T60/><D14/><U114/><E114/><V133/><F133/><W66/><G22/><T52/><D12/><RYUUKYOKU ba="2,1" sc="240,10,227,10,283,10,240,-30" hai0="24,25,27,44,48,52,60" hai1="5,6,7,45,47,53,55,92,93,95" hai2="54,56,58,63,65,70,71,77,80,87,96,100,104" /><INIT seed="2,3,1,1,2,49" ten="250,237,293,210" oya="2" hai0="80,43,115,109,3,63,25,0,88,35,101,4,79" hai1="124,72,57,51,61,6,66,97,15,134,112,37,62" hai2="46,18,73,8,132,55,120,33,77,90,92,127,39" hai3="108,54,105,76,126,104,95,2,44,122,110,41,13"/><V81/><F33/><W68/><G2/><T71/><D115/><U99/><E72/><V96/><F120/><W82/><G122/><T69/><D101/><U59/><E37/><V24/><F127/><W123/><G123/><T10/><D3/><U19/><E124/><V17/><F132/><W23/><G126/><T125/><D88/><U58/><E134/><V85/><F24/><W111/><G68/><T11/><D11/><U20/><E112/><V74/><F74/><N who="3" m="43287" /><G95/><T113/><D113/><U50/><E6/><V28/><F28/><W114/><G114/><T5/><D5/><U21/><E21/><V48/><F39/><N who="3" m="21567" /><G54/><T91/><D43/><U38/><E38/><V117/><F117/><W53/><G53/><T93/><D125/><U89/><E57/><V135/><F135/><W27/><G13/><T131/><D71/><U16/><E19/><AGARI ba="3,1" hai="19,23,27,104,105,108,110,111" m="21567,43287" machi="19" ten="30,1000,0" yaku="14,1" doraHai="49" who="3" fromWho="1" sc="250,0,237,-19,293,0,210,29" /><INIT seed="3,0,0,5,3,121" ten="250,218,293,239" oya="3" hai0="15,83,42,8,12,92,69,91,50,32,100,11,72" hai1="61,51,1,14,129,125,67,126,87,112,109,81,59" hai2="38,94,0,110,53,114,76,95,43,96,134,19,29" hai3="104,93,7,127,21,18,70,108,45,49,56,25,52"/><W77/><G70/><T66/><D32/><U28/><E1/><V23/><F114/><W132/><G104/><T2/><D69/><U47/><E112/><V118/><F118/><W35/><G35/><T106/><D66/><U34/><E34/><V37/><F0/><W6/><G127/><N who="1" m="48650" /><E28/><V60/><F76/><W10/><G132/><T80/><D72/><U58/><E14/><V84/><F29/><W9/><G77/><T89/><D106/><U122/><E122/><V31/><F31/><W62/><G108/><T98/><D2/><U63/><E87/><V36/><F110/><W133/><G133/><T22/><D22/><U46/><E81/><N who="0" m="31305" /><D15/><U135/><E135/><V131/><F131/><W119/><G93/><T79/><D79/><U5/><E5/><N who="3" m="1546" /><G119/><T99/><D11/><U17/><E17/><V124/><F134/><W44/><G44/><N who="1" m="16938" /><E129/><V13/><F124/><W115/><G115/><T20/><D98/><U102/><E102/><V75/><F75/><W4/><N who="3" m="1554" /><W64/><AGARI ba="0,0" hai="9,10,18,21,25,45,49,52,56,62,64" m="1554" machi="64" ten="30,6000,0" yaku="4,1,8,1,54,1" doraHai="121" who="3" fromWho="3" sc="250,-20,218,-20,293,-20,239,60" /><INIT seed="3,1,0,4,5,24" ten="230,198,273,299" oya="3" hai0="62,125,23,61,3,52,48,6,82,19,109,40,100" hai1="35,36,10,123,41,53,119,81,21,51,118,46,131" hai2="7,77,112,44,33,68,39,89,37,54,43,2,47" hai3="122,115,59,92,114,17,98,1,107,75,111,5,105"/><W129/><G122/><T60/><D125/><U50/><E35/><V116/><F68/><W56/><G75/><T108/><D100/><U102/><E102/><V106/><F106/><W4/><G129/><T135/><D40/><U99/><E99/><V28/><F112/><W103/><G111/><N who="0" m="42571" /><D135/><U45/><E10/><V90/><F77/><W38/><G38/><T30/><D6/><U126/><E81/><V79/><F79/><W13/><G1/><T132/><D132/><U18/><E123/><V70/><F70/><W73/><G73/><T9/><D82/><U55/><E126/><V124/><F116/><W34/><G34/><T78/><D78/><U121/><E121/><V16/><F7/><N who="3" m="2635" /><G107/><T95/><D95/><U134/><E134/><V84/><F2/><W83/><G105/><T76/><D9/><U49/><E131/><V65/><F39/><W80/><G115/><T91/><D91/><U85/><E36/><V133/><F133/><W57/><G114/><T101/><D101/><U0/><E0/><V110/><F110/><W11/><AGARI ba="1,0" hai="11,13,17,56,57,59,80,83,92,98,103" m="2635" machi="11" ten="30,1500,0" yaku="8,1" doraHai="24" who="3" fromWho="3" sc="230,-6,198,-6,273,-6,299,18" /><INIT seed="3,2,0,2,2,97" ten="224,192,267,317" oya="3" hai0="45,31,37,7,118,21,52,71,132,128,54,36,72" hai1="19,102,22,89,9,111,18,4,59,0,126,131,123" hai2="55,49,103,68,51,74,129,57,25,33,48,8,66" hai3="119,80,86,109,67,95,92,83,46,32,115,17,58"/><W107/><G119/><T1/><D118/><U116/><E116/><V101/><F74/><W13/><G115/><T133/><D71/><U130/><E89/><V78/><F78/><W77/><G107/><T50/><D72/><U104/><E59/><V15/><F129/><N who="1" m="49161" /><E104/><V6/><F68/><W117/><G32/><T99/><D128/><U110/><E102/><N who="2" m="38923" /><F33/><W34/><G34/><T127/><D99/><U85/><E85/><V113/><F113/><W47/><G83/><T40/><D127/><U84/><E84/><V98/><F98/><W94/><G109/><N who="1" m="41482" /><E126/><V35/><F35/><W16/><G117/><T65/><D65/><U75/><E75/><V56/><F25/><W41/><G77/><T96/><D96/><U11/><E123/><V122/><F122/><W100/><G100/><T63/><D37/><U10/><E19/><V38/><F38/><W23/><G17/><T82/><D36/><U134/><E134/><V61/><AGARI ba="2,0" hai="6,8,15,48,49,51,55,56,57,61,66" m="38923" machi="61" ten="30,7900,0" yaku="8,1,52,3" doraHai="97" who="2" fromWho="2" sc="224,-22,192,-22,267,85,317,-41" /><INIT seed="4,0,0,5,0,66" ten="202,170,352,276" oya="0" hai0="9,96,7,92,38,37,30,36,31,65,43,87,27" hai1="24,90,108,134,32,116,97,21,41,95,45,89,10" hai2="84,102,114,74,101,93,25,67,51,77,105,35,107" hai3="39,6,127,91,112,57,62,68,63,29,122,5,42"/><T109/><D109/><U117/><E32/><V131/><F67/><W71/><G29/><T50/><D65/><U59/><E108/><V110/><F25/><W121/><G112/><T23/><D87/><U103/><E134/><V11/><F11/><W49/><G127/><T104/><D104/><U129/><E129/><V18/><F18/><W3/><G3/><T81/><D81/><U14/><E59/><V124/><F51/><W26/><G26/><T94/><D31/><U99/><E21/><V130/><F35/><W80/><G80/><T8/><D94/><U58/><E24/><V52/><F52/><N who="3" m="31887" /><G91/><T55/><D43/><U44/><E58/><V1/><F1/><W64/><G63/><T86/><D86/><U75/><E75/><V40/><F40/><W76/><G71/><T120/><D120/><N who="3" m="46185" /><G76/><T72/><D72/><U133/><E133/><V47/><F74/><W73/><G73/><T28/><D28/><U123/><E123/><V20/><F77/><W128/><G128/><T19/><D30/><U98/><E90/><V125/><F114/><W78/><G78/><T53/><D50/><U100/><E89/><V85/><F110/><W60/><G60/><T46/><D46/><AGARI ba="0,0" hai="5,6,39,42,46,62,64,68" m="46185,31887" machi="46" ten="30,7700,0" yaku="24,1,13,1,52,1,54,1" doraHai="66" who="3" fromWho="0" sc="202,-77,170,0,352,0,276,77" /><INIT seed="5,0,0,1,2,37" ten="125,170,352,353" oya="1" hai0="87,84,104,46,81,28,5,13,126,20,65,38,115" hai1="24,88,52,73,91,22,99,43,121,12,96,64,76" hai2="35,31,3,69,82,98,85,128,102,135,67,7,49" hai3="16,110,101,117,93,61,42,6,33,51,59,63,34"/><U132/><E121/><V62/><F128/><W68/><G110/><T9/><D104/><U116/><E73/><V53/><F135/><W71/><G6/><T54/><D126/><U111/><E76/><V36/><F36/><W124/><G124/><T105/><D105/><U106/><E106/><V134/><F134/><W77/><G77/><T18/><D115/><U58/><E132/><V86/><F7/><W74/><G74/><T80/><D65/><U4/><E64/><V130/><F3/><W95/><G101/><T0/><D28/><N who="1" m="17431" /><E111/><V44/><F130/><W30/><G30/><T90/><D38/><U41/><E116/><V48/><F82/><W47/><G117/><T11/><D5/><U1/><E1/><V57/><F31/><W23/><G34/><T78/><D0/><U15/><E4/><V113/><F35/><W122/><G33/><T108/><D108/><U103/><E103/><V131/><F113/><W32/><G32/><T118/><D118/><U39/><E39/><V70/><F70/><N who="3" m="26667" /><G122/><T107/><D107/><U29/><E29/><V2/><F2/><W75/><G75/><T109/><D109/><U8/><E91/><V10/><F131/><W83/><G83/><T125/><D125/><U66/><E66/><V19/><F69/><W25/><G63/><T79/><D90/><U112/><E88/><V17/><F62/><W56/><G61/><T14/><D13/><N who="1" m="5195" /><E112/><V119/><F119/><W72/><G72/><T97/><D97/><N who="1" m="37451" /><E8/><V120/><F10/><W100/><G100/><T129/><D129/><U89/><E89/><V40/><F120/><RYUUKYOKU ba="0,0" sc="125,10,170,10,352,-30,353,10" hai0="9,11,14,18,20,46,54,78,79,80,81,84,87" hai1="41,43,52,58" hai3="16,23,25,42,47,51,56,59,93,95" /><INIT seed="5,1,0,3,3,84" ten="135,180,322,363" oya="1" hai0="41,133,117,100,32,61,102,110,135,97,10,36,112" hai1="92,115,45,106,69,81,79,113,83,33,111,20,107" hai2="88,134,68,95,6,8,105,15,129,37,130,78,70" hai3="89,49,11,53,3,98,1,101,28,124,74,121,13"/><U43/><E33/><V65/><F37/><W51/><G121/><T17/><D32/><U59/><E69/><V0/><F105/><N who="1" m="39945" /><E59/><V29/><F78/><W42/><G74/><T56/><D117/><U120/><E20/><V118/><F118/><W19/><G101/><T63/><D110/><U103/><E120/><V35/><F134/><N who="0" m="51210" /><D63/><U109/><E103/><V119/><F119/><W132/><G132/><T71/><D71/><U126/><E92/><V21/><F65/><W27/><G42/><T64/><D97/><U75/><E83/><V125/><F125/><W127/><G51/><T73/><D73/><U116/><E116/><V30/><F68/><W128/><G127/><T108/><D108/><N who="1" m="41547" /><E126/><V25/><F70/><W104/><G124/><T52/><D64/><U86/><E86/><N who="2" m="52631" /><F30/><W47/><G104/><T87/><D87/><U24/><E24/><V99/><F99/><W54/><G27/><T60/><D102/><U22/><E22/><V96/><F96/><W80/><G98/><T31/><D100/><U76/><E76/><V77/><F77/><W40/><G28/><T94/><D31/><U66/><E66/><V85/><F85/><N who="3" m="50343" /><G53/><T2/><D94/><U122/><E122/><V4/><F35/><W5/><G54/><T55/><D55/><U93/><E93/><V14/><F14/><W72/><G3/><T67/><D67/><U131/><E131/><N who="2" m="50187" /><F0/><W82/><G128/><T90/><D2/><U57/><E57/><V9/><F9/><N who="3" m="2223" /><G72/><T123/><D56/><U46/><E46/><V44/><F44/><W38/><G38/><AGARI ba="1,0" hai="38,43,45,75,79,81,113,115" m="41547,39945" machi="38" ten="30,2900,0" yaku="10,1,23,1" doraHai="84" who="1" fromWho="3" sc="135,0,180,32,322,0,363,-32" /><INIT seed="5,2,0,2,2,131" ten="135,212,322,331" oya="1" hai0="121,8,123,62,39,48,79,53,103,27,19,116,77" hai1="58,35,44,110,127,11,119,89,85,37,106,124,93" hai2="95,74,75,73,83,59,16,105,21,18,10,97,49" hai3="23,69,70,112,108,46,2,118,94,54,36,78,86"/><U109/><E35/><V56/><F105/><W31/><G108/><N who="1" m="41578" /><E119/><V64/><F64/><W57/><G118/><T101/><D39/><U96/><E58/><V134/><F134/><W115/><G2/><T130/><D116/><U61/><E61/><V55/><F10/><W13/><G46/><T88/><D62/><U128/><E11/><V92/><F59/><W111/><G36/><T81/><D8/><U41/><E128/><V65/><F65/><W45/><G45/><T104/><D48/><U102/><AGARI ba="2,0" hai="37,41,44,85,89,93,96,102,106,124,127" m="41578" machi="102" ten="30,1500,0" yaku="10,1" doraHai="131" who="1" fromWho="1" sc="135,-7,212,21,322,-7,331,-7" /><INIT seed="5,3,0,5,3,133" ten="128,233,315,324" oya="1" hai0="112,95,25,99,71,126,74,102,69,103,11,111,76" hai1="52,114,3,107,104,40,77,34,56,35,28,98,123" hai2="49,13,61,135,30,78,97,60,17,122,89,19,27" hai3="48,124,8,14,66,90,45,10,2,115,109,113,130"/><U53/><E123/><V23/><F122/><W117/><G109/><T54/><D111/><U86/><E3/><V93/><F135/><W63/><G130/><T36/><D36/><U50/><E114/><N who="3" m="43530" /><G117/><T32/><D112/><U118/><E118/><V7/><F78/><W37/><G37/><T42/><D42/><U24/><E40/><V125/><F125/><W6/><G90/><T129/><D129/><U127/><E127/><V83/><F83/><W85/><G85/><T4/><D103/><U55/><E35/><V46/><F7/><N who="3" m="1143" /><G124/><T105/><D95/><U132/><E132/><V134/><F134/><W91/><G91/><T20/><D54/><U121/><E121/><V68/><F68/><N who="3" m="42079" /><G48/><T29/><D20/><U67/><E50/><V12/><F12/><W33/><G45/><T101/><D101/><U84/><E98/><V106/><F106/><W96/><G96/><T15/><D126/><U128/><E128/><V43/><REACH who="2" step="1"/><F19/><REACH who="2" ten="128,233,305,324" step="2"/><W70/><G70/><T18/><D18/><U73/><E107/><V81/><F81/><W9/><G9/><AGARI ba="3,1" hai="9,13,17,23,27,30,43,46,49,60,61,89,93,97" machi="9" ten="30,7700,0" yaku="1,1,7,1,8,1,53,1" doraHai="133" doraHaiUra="5" who="2" fromWho="3" sc="128,0,233,0,305,96,324,-86" /><INIT seed="6,0,0,5,3,51" ten="128,233,401,238" oya="2" hai0="41,114,128,121,63,36,3,80,61,111,88,122,14" hai1="21,104,85,131,73,23,12,134,72,92,56,107,110" hai2="116,67,22,90,44,84,79,31,11,4,70,127,57" hai3="126,81,102,58,9,135,109,76,66,37,93,96,26"/><V38/><F70/><W97/><G109/><T43/><D3/><U32/><E32/><V105/><F105/><W68/><G37/><T28/><D28/><U123/><E56/><V94/><F127/><W65/><G68/><T133/><D111/><U101/><E12/><V30/><F116/><W27/><G126/><T99/><D128/><U71/><E92/><V95/><F79/><W62/><G135/><T54/><D133/><U45/><E85/><V18/><F94/><W13/><G66/><T75/><D36/><U24/><E21/><V129/><F129/><W59/><G59/><T87/><D99/><U17/><E45/><V50/><F38/><W49/><G49/><T42/><D75/><U77/><E17/><V118/><F118/><W34/><G34/><T16/><D114/><U103/><E101/><V52/><F67/><W74/><REACH who="3" step="1"/><G97/><REACH who="3" ten="128,233,401,228" step="2"/><T8/><REACH who="0" step="1"/><D54/><REACH who="0" ten="118,233,401,228" step="2"/><U47/><E110/><V64/><F64/><W60/><G60/><AGARI ba="0,2" hai="8,14,16,41,42,43,60,61,63,80,87,88,121,122" machi="60" ten="40,8000,1" yaku="1,1,2,1,54,2,53,1" doraHai="51" doraHaiUra="10" who="0" fromWho="3" sc="118,100,233,0,401,0,228,-80" /><INIT seed="7,0,0,4,1,105" ten="218,233,401,148" oya="3" hai0="0,128,107,46,44,106,31,79,88,40,58,87,37" hai1="6,131,39,74,55,63,17,30,2,86,61,45,112" hai2="121,34,62,49,72,109,117,10,9,82,12,26,1" hai3="103,41,33,133,135,78,53,101,66,96,24,122,42"/><W110/><G122/><T129/><D0/><U100/><E74/><V80/><F117/><W89/><G66/><T98/><D79/><U27/><E100/><N who="3" m="38474" /><G78/><T116/><D98/><U23/><E39/><V64/><F72/><W76/><G76/><T108/><D116/><U48/><E131/><N who="0" m="50249" /><D31/><U13/><E112/><V70/><F1/><W28/><G110/><T54/><D46/><U69/><E69/><V73/><F73/><W92/><G53/><T35/><D35/><N who="1" m="20959" /><E86/><V38/><F64/><W14/><G14/><T115/><D115/><U50/><E50/><V65/><F65/><W75/><G75/><T21/><D21/><U134/><E134/><AGARI ba="0,0" hai="24,28,33,41,42,89,92,96,133,134,135" m="38474" machi="134" ten="30,1500,0" yaku="20,1" doraHai="105" who="3" fromWho="1" sc="218,0,233,-15,401,0,148,15" /><INIT seed="7,1,0,3,1,8" ten="218,218,401,163" oya="3" hai0="15,131,36,51,64,7,67,125,33,22,62,102,0" hai1="80,101,20,94,31,85,90,119,78,63,61,75,37" hai2="10,118,47,74,18,52,41,16,126,73,88,103,56" hai3="66,19,107,133,112,129,55,123,116,50,46,9,54"/><W120/><G107/><T30/><D36/><U92/><E37/><V91/><F103/><W40/><G116/><T83/><D102/><U43/><E43/><V17/><F118/><W113/><G66/><T87/><D125/><U2/><E2/><V95/><F10/><W86/><G86/><T99/><D99/><N who="1" m="59639" /><E75/><V42/><F126/><W104/><G104/><T93/><D93/><U128/><E128/><V132/><F132/><W57/><G133/><T79/><D62/><N who="1" m="23563" /><E119/><V100/><F100/><W5/><G19/><N who="0" m="10623" /><D51/><U98/><E20/><V122/><F122/><N who="3" m="46635" /><G57/><T89/><D79/><N who="1" m="46239" /><E31/><V60/><F18/><W45/><G129/><T1/><D131/><U4/><E4/><V28/><F47/><W24/><G24/><N who="0" m="18631" /><D1/><U12/><E78/><V44/><F95/><W48/><G5/><T39/><D39/><U108/><E92/><V84/><F91/><W6/><G6/><T58/><D58/><U69/><E90/><V96/><F96/><W127/><G127/><T14/><D0/><U114/><E98/><V135/><F135/><W70/><G9/><N who="0" m="4415" /><D67/><U115/><E69/><V109/><F73/><W11/><G11/><T3/><D3/><U97/><E97/><V25/><F74/><W77/><G77/><T110/><D64/><U71/><E71/><V21/><F88/><W117/><G70/><T105/><D105/><U72/><E72/><V27/><F84/><W106/><G106/><T81/><D81/><U23/><E108/><V32/><F109/><W121/><N who="3" m="46643" /><W53/><DORA hai="13" /><G117/><T35/><D110/><U76/><E76/><V111/><F111/><RYUUKYOKU ba="1,0" sc="218,10,218,10,401,-30,163,10" hai0="35,83,87,89" hai1="12,23,114,115" hai3="40,45,46,48,50,53,54,55,112,113" /><INIT seed="7,2,0,5,2,96" ten="228,228,371,173" oya="3" hai0="1,92,131,112,83,132,78,30,120,62,105,12,128" hai1="89,47,114,21,2,28,97,65,130,102,7,37,33" hai2="63,85,69,14,76,100,110,45,82,126,35,16,49" hai3="43,51,42,15,58,22,133,25,124,18,3,27,111"/><W55/><G3/><T8/><D105/><U23/><E7/><V127/><F35/><W119/><G119/><T87/><D132/><U67/><E2/><V121/><F100/><W79/><G133/><T94/><D112/><U20/><E114/><V0/><F0/><W117/><G117/><T32/><D62/><U118/><E130/><N who="0" m="49705" /><D120/><U52/><E89/><V73/><F110/><W10/><G111/><T99/><D99/><U74/><E74/><V98/><F98/><W17/><G124/><T129/><D1/><U80/><E80/><V101/><F101/><W108/><G108/><T6/><D129/><U31/><E33/><V11/><F121/><W71/><G71/><T122/><D122/><U84/><E84/><V68/><F63/><W113/><G113/><T106/><D106/><U116/><E118/><V40/><F73/><W48/><G79/><T66/><D66/><N who="1" m="25099" /><E37/><V75/><F75/><W56/><G27/><AGARI ba="2,0" hai="6,8,12,27,30,32,78,83,87,92,94" m="49705" machi="27" ten="30,1000,0" yaku="19,1" doraHai="96" who="0" fromWho="3" sc="228,16,228,0,371,0,173,-16" owari="244,4.0,228,-17.0,371,47.0,157,-34.0" /></mjloggm>