<mjloggm ver="2.3"><GO type="97" lobby="0"/><UN n0="%E3%81%9E%E3%82%8D%E5%8A%A9" n1="%67%65%6D%73" n2="%E5%B0%B1%E6%B4%BB%E7%94%9F%40%E5%B7%9D%E6%9D%91%E8%BB%8D%E5%9B%A3" n3="%E9%9B%A8%E6%89%93%E8%95%89%E5%8F%B6" dan="13,14,15,14" rate="1828.94,1899.49,1979.19,1952.77" sx="M,F,M,F"/><TAIKYOKU oya="0"/><INIT seed="0,0,0,5,1,40" ten="250,250,250,250" oya="0" hai0="100,38,65,121,81,129,60,119,57,135,50,125,45" hai1="16,0,118,61,88,17,89,3,80,51,44,68,106" hai2="29,117,53,87,12,22,98,102,10,49,52,73,72" hai3="83,112,35,84,11,69,130,103,43,36,31,95,42"/><T30/><D121/><U46/><E118/><V26/><F117/><W92/><G112/><T74/><D119/><U59/><E106/><V9/><F9/><W41/><G69/><T25/><D125/><U124/><E124/><V85/><F73/><W93/><G130/><T131/><D129/><U18/><E68/><V32/><F72/><W79/><G35/><T77/><D131/><U21/><E0/><V47/><F53/><W114/><G31/><T67/><D135/><U28/><E3/><V8/><F8/><W37/><G114/><T133/><D133/><U75/><E75/><V5/><REACH who="2" step="1"/><F32/><REACH who="2" ten="250,250,240,250" step="2"/><W6/><G37/><T1/><D38/><U33/><E33/><V13/><F13/><N who="3" m="5367" /><G36/><T2/><D67/><N who="1" m="39359" /><E80/><V39/><F39/><W71/><G71/><T55/><D100/><AGARI ba="0,1" hai="41,42,43,79,83,84,92,93,95,100,103" m="5367" machi="100" ten="30,1000,0" yaku="8,1" doraHai="40" who="3" fromWho="0" sc="250,-10,250,0,240,0,250,20" /><INIT seed="1,0,0,0,5,123" ten="240,250,240,270" oya="1" hai0="53,27,82,93,3,115,48,54,99,64,70,92,38" hai1="117,19,22,30,104,108,133,128,112,4,7,14,84" hai2="25,83,29,119,44,97,31,80,12,55,33,9,96" hai3="85,135,134,105,111,57,41,13,11,116,37,126,58"/><U59/><E104/><V18/><F119/><W120/><G120/><T61/><D115/><U95/><E112/><V63/><F31/><W40/><G105/><T94/><D3/><U106/><E117/><V39/><F39/><W65/><G116/><T60/><D38/><U109/><E106/><V107/><F107/><W89/><G111/><N who="1" m="42570" /><E128/><V110/><F110/><W67/><G126/><T121/><D121/><U52/><E133/><N who="3" m="50698" /><G58/><T0/><D0/><U132/><E132/><V1/><F1/><W35/><G57/><T127/><D127/><U91/><E30/><V69/><F69/><W102/><G35/><T34/><D34/><U86/><E86/><V26/><F26/><W98/><G85/><T28/><D28/><U46/><E46/><V36/><F36/><W77/><G37/><T6/><D27/><U66/><E66/><V68/><F68/><W56/><G56/><T15/><D64/><U21/><E21/><V42/><F44/><W45/><G45/><T47/><D47/><U129/><E129/><V71/><F71/><W73/><G67/><T74/><D70/><U50/><AGARI ba="0,0" hai="4,7,14,19,22,50,52,59,84,91,95" m="42570" machi="50" ten="30,18000,2" yaku="25,1,14,1,10,1,52,3,54,1" doraHai="123" who="1" fromWho="1" sc="240,-60,250,180,240,-60,270,-60" /><INIT seed="1,1,0,3,3,97" ten="180,430,180,210" oya="1" hai0="18,48,120,24,51,26,77,55,37,4,31,90,89" hai1="34,119,0,72,106,6,92,71,49,9,16,35,109" hai2="99,58,116,121,23,85,118,47,78,13,50,80,8" hai3="74,94,108,27,86,42,91,101,105,104,87,70,66"/><U82/><E119/><V25/><F121/><W115/><G42/><T41/><D37/><U21/><E71/><V134/><F134/><W61/><G115/><T67/><D120/><U10/><E106/><V113/><F113/><W125/><G108/><T111/><D111/><U59/><E109/><V135/><F135/><W33/><G125/><T12/><D67/><U126/><E126/><V124/><F124/><W88/><G74/><T2/><D77/><U128/><E128/><V1/><F1/><W15/><G15/><T39/><D39/><U102/><E10/><V44/><F99/><W103/><G104/><T95/><D2/><U32/><E72/><V73/><F73/><W3/><G3/><T45/><D4/><U22/><E82/><V7/><F58/><W56/><G105/><T63/><D63/><U76/><E76/><V83/><F83/><N who="3" m="49247" /><G33/><T122/><D122/><U17/><E59/><V20/><F20/><N who="1" m="7785" /><E49/><V65/><F65/><W130/><G70/><T62/><D62/><U96/><E92/><V114/><F114/><W11/><G11/><N who="0" m="6431" /><D95/><U36/><E36/><V30/><REACH who="2" step="1"/><F47/><REACH who="2" ten="180,430,170,210" step="2"/><W127/><G127/><T64/><D64/><U43/><E96/><V57/><F57/><W100/><G130/><T38/><D38/><U84/><E0/><V52/><AGARI ba="1,1" hai="7,8,13,23,25,30,44,50,52,78,80,85,116,118" machi="52" ten="20,8000,1" yaku="1,1,0,1,7,1,54,1,53,1" doraHai="97" doraHaiUra="5" who="2" fromWho="2" sc="180,-21,430,-41,170,93,210,-21" /><INIT seed="2,0,0,3,5,116" ten="159,389,263,189" oya="2" hai0="133,91,37,47,92,106,66,33,101,4,87,48,39" hai1="135,76,9,71,23,43,77,5,19,67,125,104,124" hai2="53,113,57,44,51,78,8,70,26,122,117,83,6" hai3="109,97,17,59,112,56,1,49,35,22,98,74,60"/><V131/><F113/><W126/><G74/><T121/><D33/><U119/><E104/><V29/><F70/><W42/><G109/><T46/><D133/><U14/><E119/><V12/><F117/><W88/><G112/><T52/><D4/><U95/><E43/><V40/><F131/><W7/><G126/><N who="1" m="48746" /><E95/><V69/><F69/><W55/><G35/><T103/><D66/><U120/><E135/><V99/><F99/><W16/><G7/><T110/><D110/><U100/><E100/><V115/><F115/><W3/><G42/><T132/><D132/><U65/><E65/><V80/><F122/><W10/><G10/><T25/><D25/><N who="1" m="14591" /><E120/><V2/><F2/><W0/><G97/><T114/><D121/><U62/><AGARI ba="0,0" hai="5,9,14,62,67,71,76,77" m="14591,48746" machi="62" ten="30,1100,0" yaku="18,1" doraHai="116" who="1" fromWho="1" sc="159,-3,389,11,263,-5,189,-3" /><INIT seed="3,0,0,0,0,14" ten="156,400,258,186" oya="3" hai0="135,31,106,88,79,101,89,104,24,62,120,132,56" hai1="7,72,29,64,16,122,71,3,8,116,27,102,42" hai2="95,36,54,100,83,81,25,21,70,115,105,59,77" hai3="33,82,61,50,128,112,67,30,97,66,119,45,118"/><W85/><G112/><T129/><D79/><U87/><E122/><V69/><F105/><N who="0" m="40554" /><D120/><U37/><E72/><V53/><F36/><W98/><G33/><N who="0" m="20711" /><D129/><U41/><E116/><V46/><F115/><W110/><G128/><T103/><D101/><U43/><E102/><V44/><F70/><W15/><G30/><T78/><D103/><U74/><E74/><V22/><F69/><W51/><G118/><T47/><D47/><N who="2" m="17962" /><F77/><W40/><G110/><T63/><D78/><U49/><E87/><V114/><F114/><W2/><G2/><T133/><D63/><U5/><E5/><V109/><F109/><W86/><G119/><T126/><D126/><U26/><E37/><V55/><F59/><W28/><G28/><T17/><D17/><U13/><E49/><V99/><F22/><W111/><G111/><T32/><D32/><N who="1" m="20535" /><E27/><V0/><F0/><W121/><G121/><T84/><D84/><N who="3" m="32361" /><G82/><T68/><D68/><U48/><E48/><V113/><F113/><W76/><G76/><T92/><D92/><U6/><E6/><V108/><F108/><W10/><G51/><T20/><D20/><N who="1" m="11279" /><E42/><V34/><F34/><W18/><G61/><AGARI ba="0,0" hai="3,7,8,41,43,61,64,71" m="11279,20535" machi="61" ten="30,3900,0" yaku="24,1,52,1,54,1" doraHai="14" who="1" fromWho="3" sc="156,0,400,39,258,0,186,-39" owari="156,-24.0,439,53.0,258,6.0,147,-35.0" /></mjloggm>