<mjloggm ver="2.3"><GO type="97" lobby="0"/><UN n0="%E5%A4%A7%E6%8E%88" n1="%E5%B0%B1%E6%B4%BB%E7%94%9F%40%E5%B7%9D%E6%9D%91%E8%BB%8D%E5%9B%A3" n2="%E3%81%B5%E3%82%8F%E3%81%B5%E3%82%8F%E3%81%BE%E3%82%8A%E3%82%82" n3="%62%69%67%67%79" dan="14,15,15,13" rate="1920.33,2054.53,2033.83,1922.34" sx="M,M,M,M"/><TAIKYOKU oya="0"/><INIT seed="0,0,0,1,0,115" ten="250,250,250,250" oya="0" hai0="93,57,130,70,94,92,87,29,81,122,134,9,11" hai1="13,74,111,77,116,58,41,48,96,135,62,86,120" hai2="64,66,46,72,32,30,51,129,7,10,55,100,127" hai3="59,63,117,35,107,97,14,19,76,121,110,85,20"/><T128/><D122/><U99/><E74/><V31/><F72/><W52/><G110/><T26/><D134/><U25/><E120/><V104/><F129/><N who="0" m="49770" /><D70/><U132/><E116/><V3/><F127/><W40/><G121/><T109/><D109/><U6/><E111/><V108/><F108/><W42/><G117/><T112/><D112/><U49/><E25/><V23/><F32/><W84/><G35/><N who="0" m="20919" /><D57/><U5/><E58/><V88/><F104/><W82/><REACH who="3" step="1"/><G85/><REACH who="3" ten="250,250,250,240" step="2"/><T75/><D75/><U98/><E86/><V38/><F23/><W33/><G33/><T118/><D118/><U34/><E34/><V53/><F10/><W80/><G80/><T21/><D21/><U0/><E132/><V133/><F133/><W95/><G95/><N who="0" m="24323" /><T89/><AGARI ba="0,1" hai="9,11,81,87,89" m="24323,20919,49770" machi="89" ten="40,3900,0" yaku="4,1,19,1" doraHai="115" who="0" fromWho="0" sc="250,49,250,-13,250,-13,240,-13" /><INIT seed="0,1,0,2,3,108" ten="299,237,237,227" oya="0" hai0="33,15,125,104,51,95,81,21,45,16,10,114,76" hai1="34,63,72,5,94,37,83,35,57,38,50,53,36" hai2="18,129,116,22,12,109,127,118,97,111,96,66,78" hai3="85,2,3,74,98,117,47,58,49,131,84,112,92"/><T120/><D120/><U13/><E94/><V52/><F78/><W62/><G117/><N who="2" m="45161" /><F66/><W68/><G112/><T24/><D114/><U133/><E133/><V6/><F129/><W102/><G68/><T28/><D125/><U115/><E115/><V91/><F127/><W30/><G131/><T32/><D104/><U110/><E110/><N who="2" m="41995" /><F91/><W31/><G74/><T8/><D95/><U64/><E83/><V99/><F6/><W40/><G2/><T17/><D17/><U55/><E72/><V107/><F107/><W41/><G3/><T106/><D106/><U70/><E5/><V135/><F135/><W56/><G41/><T90/><D90/><U126/><E126/><V73/><F73/><W65/><G58/><T119/><D119/><U80/><E80/><V60/><F99/><W130/><G130/><T23/><D23/><U113/><E113/><V29/><F29/><AGARI ba="1,0" hai="29,30,31,40,47,49,56,62,65,84,85,92,98,102" machi="29" ten="40,1300,0" yaku="8,1" doraHai="108" who="3" fromWho="2" sc="299,0,237,0,237,-16,227,16" /><INIT seed="1,0,0,3,4,19" ten="299,237,221,243" oya="1" hai0="103,59,85,11,60,65,5,2,3,80,95,116,7" hai1="45,115,133,70,12,122,73,112,106,101,117,111,13" hai2="52,129,125,78,22,128,4,79,110,86,67,9,8" hai3="27,90,33,93,91,35,108,40,81,118,109,56,131"/><U23/><E70/><V49/><F110/><N who="3" m="42603" /><G131/><N who="2" m="50249" /><F125/><W72/><G118/><T121/><D116/><U20/><E111/><V102/><F102/><W55/><G40/><T89/><D121/><U58/><E117/><V14/><F67/><W69/><G69/><T92/><REACH who="0" step="1"/><D103/><REACH who="0" ten="289,237,221,243" step="2"/><U84/><E122/><V126/><F126/><W130/><G130/><T24/><D24/><U1/><E101/><V16/><F86/><N who="3" m="50511" /><G27/><T54/><D54/><U74/><E84/><V36/><F36/><W38/><G72/><T46/><D46/><U99/><E45/><N who="2" m="27695" /><F8/><AGARI ba="0,1" hai="2,3,5,7,8,11,59,60,65,80,85,89,92,95" machi="8" ten="40,2600,0" yaku="1,1,9,1,53,0" doraHai="19" doraHaiUra="48" who="0" fromWho="2" sc="289,36,237,0,221,-26,243,0" /><INIT seed="2,0,0,0,3,92" ten="325,237,195,243" oya="2" hai0="115,116,37,97,33,5,71,7,56,16,78,8,15" hai1="91,82,1,83,75,86,34,29,122,79,57,20,77" hai2="61,43,125,119,106,28,105,3,118,113,84,126,132" hai3="19,51,50,100,127,69,114,30,107,99,102,96,90"/><V112/><F3/><W47/><G69/><T108/><D115/><N who="2" m="44106" /><F43/><W88/><G114/><T22/><D71/><U60/><E1/><V53/><F28/><W66/><G127/><N who="2" m="48649" /><F61/><W94/><G30/><T81/><D108/><U18/><E122/><V58/><F132/><W40/><G66/><T70/><D70/><U36/><E36/><V68/><F68/><W26/><REACH who="3" step="1"/><G51/><REACH who="3" ten="325,237,195,233" step="2"/><T21/><D116/><U27/><E34/><V32/><F32/><W101/><G101/><T87/><D33/><U110/><E110/><V103/><F103/><W117/><G117/><T67/><D37/><U35/><E35/><V0/><F0/><W62/><G62/><N who="0" m="38343" /><D22/><AGARI ba="0,1" hai="19,22,26,40,47,50,88,90,94,96,99,100,102,107" machi="22" ten="40,8000,1" yaku="1,1,52,2,54,1,53,0" doraHai="92" doraHaiUra="10" who="3" fromWho="0" sc="325,-80,237,0,195,0,233,90" /><INIT seed="3,0,0,1,4,109" ten="245,237,195,323" oya="3" hai0="77,3,83,21,40,84,68,38,27,15,9,73,88" hai1="86,17,115,47,42,37,70,22,78,79,65,128,48" hai2="31,135,103,113,67,62,7,82,90,99,134,72,58" hai3="118,81,64,120,126,131,129,71,6,106,20,46,33"/><W45/><G120/><T25/><D68/><U117/><E115/><V112/><F31/><W14/><G118/><T8/><D3/><U110/><E110/><V69/><F7/><W10/><G33/><T36/><D40/><U105/><E105/><N who="2" m="63743" /><F58/><W76/><G106/><T34/><D34/><U29/><E117/><V50/><F50/><W121/><G121/><T57/><D27/><U95/><E128/><N who="3" m="49226" /><G126/><T28/><D57/><U104/><E104/><V19/><F19/><N who="3" m="10359" /><G64/><T54/><D54/><U0/><E0/><V123/><F123/><W93/><G93/><T35/><D35/><U24/><E37/><V5/><F5/><W127/><G71/><T53/><D53/><U52/><E65/><V11/><F11/><W108/><G127/><T111/><D111/><U49/><E29/><V92/><F92/><W122/><G108/><T4/><REACH who="0" step="1"/><D9/><REACH who="0" ten="235,237,195,323" step="2"/><U101/><E70/><V56/><F56/><W43/><G122/><T132/><D132/><N who="2" m="50730" /><F90/><W91/><G91/><T102/><D102/><U41/><E101/><V44/><F44/><W125/><G125/><T98/><D98/><U2/><E2/><V61/><F61/><W75/><G43/><N who="1" m="16394" /><E48/><V26/><F26/><W74/><G46/><T97/><D97/><U116/><E116/><V94/><F94/><AGARI ba="0,1" hai="4,8,15,21,25,28,36,38,73,77,83,84,88,94" machi="94" ten="30,3900,0" yaku="1,1,7,1,54,1,53,0" doraHai="109" doraHaiUra="39" who="0" fromWho="2" sc="235,49,237,0,195,-39,323,0" owari="284,8.0,237,-16.0,156,-34.0,323,42.0" /></mjloggm>