<mjloggm ver="2.3"><GO type="97" lobby="0"/><UN n0="%E5%B0%B1%E6%B4%BB%E7%94%9F%40%E5%B7%9D%E6%9D%91%E8%BB%8D%E5%9B%A3" n1="%73%75%6D%6F%75%6D%61%6E" n2="%E3%83%8B%E3%82%B3%E5%8E%A8%EF%BC%A0%E5%B7%9D%E6%9D%91%E8%BB%8D%E5%9B%A3" n3="%E3%82%8A%E3%81%9D%E3%81%86%E3%81%A2%E3%82%83%E3%82%93%E3%81%97%E2%99%AA" dan="14,13,14,15" rate="1976.11,1883.28,1917.09,2008.84" sx="M,M,F,M"/><TAIKYOKU oya="0"/><INIT seed="0,0,0,3,5,90" ten="250,250,250,250" oya="0" hai0="25,38,84,125,120,113,77,101,82,13,66,134,29" hai1="37,48,20,14,128,41,19,57,39,53,88,83,36" hai2="73,24,65,8,114,117,130,23,3,9,115,58,63" hai3="69,16,75,68,34,26,102,55,10,50,59,74,67"/><T52/><D38/><U72/><E128/><V30/><F130/><W31/><G102/><T45/><D120/><U131/><E131/><V71/><F73/><W22/><G10/><T64/><D113/><U80/><E72/><V107/><F117/><W129/><G129/><T97/><D134/><U56/><E56/><V116/><F116/><W1/><G1/><T92/><D13/><U32/><E32/><V89/><F71/><W18/><G69/><T2/><D2/><U0/><E0/><V86/><F107/><W43/><G18/><T122/><D122/><U44/><REACH who="1" step="1"/><E88/><REACH who="1" ten="250,240,250,250" step="2"/><V27/><F3/><W93/><G93/><T99/><D99/><U111/><E111/><V60/><F115/><W47/><G68/><T126/><D126/><U105/><E105/><V133/><F114/><W7/><G7/><T40/><D125/><U132/><E132/><V70/><F133/><W61/><REACH who="3" step="1"/><G67/><REACH who="3" ten="250,240,250,240" step="2"/><T4/><D4/><U62/><AGARI ba="0,2" hai="14,19,20,36,37,39,41,44,48,53,57,62,80,83" machi="62" ten="30,2000,0" yaku="1,1,0,1,53,0" doraHai="90" doraHaiUra="121" who="1" fromWho="1" sc="250,-10,240,40,250,-5,240,-5" /><INIT seed="1,0,0,1,4,80" ten="240,280,245,235" oya="1" hai0="42,126,67,44,7,115,127,124,25,108,120,122,9" hai1="95,46,81,129,59,50,135,73,64,68,33,85,106" hai2="131,130,35,134,65,8,112,54,28,103,118,56,39" hai3="105,3,2,10,15,49,102,74,34,96,88,121,72"/><U93/><E33/><V22/><F35/><W24/><G121/><N who="0" m="46699" /><D115/><U86/><E106/><V104/><F112/><W45/><G74/><T55/><D25/><U26/><E68/><V43/><F118/><W47/><G72/><T63/><D108/><U37/><E37/><V20/><F65/><W77/><G77/><T17/><D17/><U62/><E129/><N who="2" m="49163" /><F8/><W125/><G125/><T97/><D97/><U52/><E135/><V113/><F113/><W101/><G101/><T51/><D9/><U71/><E73/><V11/><F11/><W0/><G0/><T84/><D84/><N who="1" m="32363" /><E81/><V57/><F134/><W18/><G3/><T109/><D7/><U117/><E117/><V32/><F32/><W60/><G2/><T21/><D21/><U5/><E5/><V30/><F20/><N who="3" m="13335" /><G34/><T27/><D27/><U133/><E133/><V116/><F22/><W70/><G70/><N who="0" m="42367" /><D109/><U91/><E91/><V92/><F104/><W123/><G123/><T78/><D78/><U66/><E26/><V19/><F116/><W98/><G105/><T83/><D83/><U41/><E71/><V38/><F38/><W36/><G36/><T119/><D119/><U111/><E111/><V132/><F39/><W40/><G102/><T29/><D29/><U76/><E76/><V14/><F28/><W4/><G98/><T128/><D128/><U114/><E114/><V31/><F30/><W48/><G4/><T12/><D12/><U6/><E6/><V1/><F31/><W90/><G90/><T89/><D89/><U82/><E82/><V110/><F132/><W53/><G88/><RYUUKYOKU ba="0,0" sc="240,15,280,15,245,-15,235,-15" hai0="42,44,51,55,124,126,127" hai1="41,46,50,52,59,62,64,66,93,95" /><INIT seed="1,1,0,5,1,10" ten="255,295,230,220" oya="1" hai0="76,9,86,115,129,64,110,6,16,14,99,102,95" hai1="98,48,77,31,28,29,96,109,88,82,70,72,120" hai2="62,104,40,41,26,33,57,81,39,8,75,132,4" hai3="34,2,66,103,5,135,69,1,42,21,44,59,91"/><U65/><E120/><V111/><F104/><W0/><G34/><T71/><D115/><U68/><E109/><V122/><F111/><W127/><G127/><T133/><D110/><U11/><E65/><V25/><F122/><W97/><G135/><T107/><D129/><U45/><E70/><V51/><F132/><W116/><G116/><T108/><D133/><U93/><E68/><V90/><F39/><W117/><G117/><T19/><D108/><U84/><REACH who="1" step="1"/><E11/><REACH who="1" ten="255,285,230,220" step="2"/><V114/><F8/><W128/><G69/><T134/><D134/><U12/><E12/><V30/><F114/><W37/><G128/><T106/><D71/><U36/><E36/><V60/><F25/><W73/><G66/><T78/><D64/><U94/><E94/><V113/><F113/><W131/><G131/><T49/><D107/><U125/><E125/><V52/><F26/><W46/><G37/><T56/><D106/><U67/><E67/><V85/><F33/><W80/><G0/><T23/><D86/><U27/><E27/><V92/><F75/><W83/><G1/><T47/><D95/><U58/><E58/><V50/><F92/><W121/><G73/><T126/><D56/><U130/><E130/><V118/><F118/><W24/><G121/><T61/><D126/><U20/><E20/><V43/><F57/><W32/><G59/><T53/><D23/><U38/><E38/><V112/><F112/><W105/><G105/><N who="0" m="63711" /><D61/><U13/><E13/><V79/><F62/><W18/><G2/><T55/><D14/><U123/><E123/><V100/><F60/><W74/><G74/><RYUUKYOKU ba="1,1" sc="255,-10,285,30,230,-10,220,-10" hai1="28,29,31,45,48,72,77,82,84,88,93,96,98" /><INIT seed="1,2,1,5,3,54" ten="245,315,220,210" oya="1" hai0="59,103,70,37,128,66,100,45,121,88,11,64,82" hai1="22,0,122,47,2,118,119,104,56,34,33,58,68" hai2="133,60,131,92,101,83,93,30,117,86,71,27,75" hai3="102,10,112,85,123,49,108,110,12,53,26,120,135"/><U52/><E104/><V124/><F117/><N who="1" m="44553" /><E22/><V106/><F133/><W74/><G74/><T95/><D70/><U19/><E19/><V17/><F131/><W9/><G112/><T36/><D128/><U46/><E52/><V78/><F124/><W31/><G135/><T39/><D121/><U113/><E68/><V38/><F38/><W3/><G102/><T129/><D129/><U73/><E73/><V7/><F17/><W134/><G134/><T21/><D45/><N who="1" m="16907" /><E113/><V65/><F7/><N who="3" m="1279" /><G85/><T6/><D21/><U20/><E20/><V35/><REACH who="2" step="1"/><F75/><REACH who="2" ten="245,315,210,210" step="2"/><W1/><G1/><N who="1" m="618" /><E122/><V55/><F55/><W61/><G123/><T84/><D39/><U43/><E43/><V29/><F29/><W90/><G120/><T16/><D37/><U14/><E14/><V42/><F42/><W72/><G72/><T115/><D36/><U114/><E114/><V76/><F76/><W32/><G32/><AGARI ba="2,2" hai="32,33,34,56,58" m="618,16907,44553" machi="32" ten="40,12000,1" yaku="28,2,52,2" doraHai="54" who="1" fromWho="3" sc="245,0,315,146,210,0,210,-126" /><INIT seed="1,3,0,4,5,36" ten="245,461,210,84" oya="1" hai0="67,116,93,89,37,45,117,79,129,92,4,96,9" hai1="66,24,87,47,56,58,51,75,81,20,112,111,44" hai2="43,72,2,103,0,99,98,115,71,102,114,85,134" hai3="77,91,49,109,125,13,42,132,34,74,39,119,106"/><U41/><E75/><V123/><F71/><W25/><G109/><T50/><D129/><U31/><E111/><V46/><F123/><W40/><G132/><T113/><D37/><U121/><E121/><V7/><F72/><W84/><G106/><T18/><D113/><N who="2" m="43018" /><F85/><W57/><G39/><T82/><D67/><U6/><E112/><V63/><F63/><W107/><G107/><T105/><D105/><U61/><E6/><V86/><F86/><W97/><G97/><N who="2" m="36873" /><F134/><W11/><G125/><T48/><D18/><U16/><E47/><V76/><F76/><W19/><G119/><T133/><D93/><U10/><E10/><V101/><F7/><N who="3" m="3327" /><G34/><T29/><D133/><U21/><E21/><V65/><F65/><W38/><G77/><T73/><D29/><U32/><E32/><V130/><F130/><W17/><G74/><T27/><D45/><U104/><E104/><V3/><F46/><W23/><G38/><T8/><D116/><U122/><E122/><V30/><F30/><W33/><G33/><T78/><D117/><U131/><E131/><V69/><F69/><W14/><G57/><T100/><D79/><U110/><E110/><V68/><F68/><W70/><G49/><T126/><D50/><U94/><E31/><V53/><F53/><W55/><G55/><T118/><D48/><U22/><E22/><V64/><F64/><W28/><G70/><T135/><D118/><U1/><E1/><V95/><F95/><N who="3" m="54759" /><G28/><T26/><D135/><U90/><E94/><V35/><F35/><W108/><G108/><T83/><D92/><U12/><E24/><RYUUKYOKU ba="3,0" sc="245,-30,461,10,210,10,84,10" hai1="12,16,20,41,44,51,56,58,61,66,81,87,90" hai2="0,2,3,43,101,102,103" hai3="14,17,19,23,25,40,42" /><INIT seed="1,4,0,4,0,12" ten="215,471,220,94" oya="1" hai0="85,0,135,90,25,33,79,82,49,88,63,21,119" hai1="23,46,7,129,121,116,65,87,111,5,53,122,3" hai2="78,74,16,54,133,94,52,128,14,73,8,107,37" hai3="123,18,120,109,130,10,40,1,31,69,81,61,77"/><U47/><E116/><V113/><F107/><W51/><G109/><T64/><D33/><U70/><E111/><V112/><F37/><W43/><G130/><T44/><D119/><U106/><E129/><V127/><F128/><W108/><G108/><T42/><D0/><U26/><E106/><V4/><F133/><W57/><G69/><T29/><REACH who="0" step="1"/><D135/><REACH who="0" ten="205,471,220,94" step="2"/><U104/><E121/><V75/><F113/><W102/><G123/><T83/><D83/><U126/><E122/><V32/><F112/><W71/><G120/><T80/><D80/><U27/><E3/><V66/><F32/><W24/><G1/><T93/><D93/><U114/><E104/><V50/><F94/><W97/><G71/><AGARI ba="4,1" hai="21,25,29,42,44,49,63,64,71,79,82,85,88,90" machi="71" ten="30,3900,0" yaku="1,1,7,1,54,1,53,0" doraHai="12" doraHaiUra="30" who="0" fromWho="3" sc="205,61,471,0,220,0,94,-51" /><INIT seed="2,0,0,5,2,45" ten="266,471,220,43" oya="2" hai0="80,55,88,4,105,124,118,31,64,22,56,66,5" hai1="114,100,93,94,51,35,68,99,79,85,96,77,24" hai2="120,128,40,84,30,37,135,28,17,21,70,81,43" hai3="126,20,54,127,44,71,6,38,27,41,76,1,62"/><V106/><F120/><W102/><G102/><T8/><D105/><U14/><E68/><V111/><F106/><W9/><G76/><T125/><D118/><U50/><E114/><V107/><F107/><W91/><G91/><T116/><D31/><N who="2" m="11818" /><F37/><W112/><G112/><T23/><D116/><U73/><E35/><V89/><F70/><W3/><G3/><T97/><D23/><U130/><E24/><N who="2" m="14383" /><F135/><W92/><G92/><N who="0" m="56455" /><D22/><U33/><E33/><V115/><F115/><W82/><G82/><T101/><D101/><N who="1" m="60559" /><E73/><V121/><F121/><W2/><G2/><T11/><D80/><N who="1" m="47247" /><E130/><V32/><F32/><W65/><REACH who="3" step="1"/><G54/><REACH who="3" ten="266,471,220,33" step="2"/><T12/><D124/><U95/><E79/><V19/><F128/><W113/><G113/><T109/><D125/><U98/><E14/><V103/><F103/><AGARI ba="0,1" hai="50,51,94,95,98,99,100,103" m="47247,60559" machi="103" ten="30,3900,0" yaku="8,1,52,2" doraHai="45" who="1" fromWho="2" sc="266,0,471,49,220,-39,33,0" /><INIT seed="3,0,0,4,3,81" ten="266,520,181,33" oya="3" hai0="5,67,134,45,12,18,116,95,65,118,31,40,70" hai1="33,44,90,94,99,83,125,103,43,36,27,35,133" hai2="93,37,128,17,25,15,73,0,26,124,2,64,32" hai3="16,3,13,59,74,96,61,129,86,38,22,88,126"/><W92/><G129/><T113/><D134/><U123/><E123/><V39/><F73/><W114/><G114/><T117/><D113/><U55/><E133/><V50/><F128/><W66/><G126/><T11/><D70/><U98/><E125/><V76/><F124/><W30/><G38/><T54/><D31/><U52/><E35/><V105/><F105/><W28/><G74/><T108/><D108/><U87/><E33/><V119/><F119/><W109/><G3/><T4/><D54/><U79/><E27/><V75/><F75/><W106/><G109/><T89/><D65/><U21/><E21/><V53/><F39/><W84/><G106/><AGARI ba="0,0" hai="36,43,44,52,55,79,83,87,90,94,98,99,103,106" machi="106" ten="30,3900,0" yaku="7,1,52,1,54,1" doraHai="81" who="1" fromWho="3" sc="266,0,520,39,181,0,33,-39" owari="266,7.0,559,66.0,181,-22.0,-6,-51.0" /></mjloggm>