<mjloggm ver="2.3"><GO type="225" lobby="0"/><UN n0="%E5%85%A8%E8%87%AA%E5%8B%95%E5%8D%93%E3%81%AE%E4%B8%AD%E3%81%AE%E4%BA%BA" n1="%E3%82%A6%E3%83%AB%E3%83%88%E3%83%A9%E7%AB%8B%E7%9B%B4" n2="%E7%88%86%E6%92%83%E3%81%A1%E3%82%83%E3%82%93" n3="%E6%A1%9C%E7%AB%9C%E2%80%A0%E3%82%BF%E3%83%9E" dan="16,17,16,17" rate="2092.71,2095.55,2133.49,2205.27" sx="M,M,M,F"/><TAIKYOKU oya="0"/><INIT seed="0,0,0,4,1,69" ten="250,250,250,250" oya="0" hai0="94,110,109,82,104,74,14,41,86,4,78,112,128" hai1="84,113,97,47,58,16,15,76,65,43,114,80,67" hai2="123,66,70,64,77,25,87,124,32,19,125,127,71" hai3="45,0,29,34,134,98,106,11,2,81,100,120,73"/><T52/><D104/><U62/><E97/><V130/><F123/><W28/><G120/><T37/><D112/><U18/><E67/><V60/><F130/><W13/><G134/><T8/><D128/><U36/><REACH who="1" step="1"/><E18/><REACH who="1" ten="250,240,250,250" step="2"/><V126/><F66/><W17/><G29/><T54/><D94/><U38/><E38/><V22/><F127/><W42/><G28/><T49/><D86/><U3/><E3/><V118/><F118/><W46/><G34/><T75/><D75/><U108/><E108/><N who="0" m="41577" /><D49/><U40/><E40/><V21/><F32/><W115/><G115/><T10/><D10/><AGARI ba="0,1" hai="10,15,16,36,43,47,58,62,65,76,80,84,113,114" machi="10" ten="40,8000,1" yaku="1,1,52,1,54,1,53,1" doraHai="69" doraHaiUra="68" who="1" fromWho="0" sc="250,-80,240,90,250,0,250,0" /><INIT seed="1,0,0,1,1,84" ten="170,330,250,250" oya="1" hai0="109,38,47,119,87,123,104,30,114,116,91,35,81" hai1="61,52,117,99,18,78,40,24,95,60,15,53,25" hai2="51,115,69,6,130,86,122,39,75,105,121,83,50" hai3="4,126,31,110,0,102,32,120,21,100,96,62,68"/><U128/><E78/><V57/><F75/><W135/><G120/><T124/><D123/><U8/><E40/><V134/><F105/><W3/><G126/><T88/><D124/><U5/><E128/><V125/><F39/><W77/><G77/><T63/><D114/><U107/><E107/><V23/><F69/><W66/><G135/><T16/><D104/><U46/><E46/><V17/><F6/><W94/><G110/><T11/><D109/><U93/><E93/><V12/><F125/><W65/><G65/><T9/><D9/><U56/><E18/><V10/><F134/><W103/><G32/><T127/><D127/><U101/><E117/><V49/><F130/><W67/><G67/><T13/><D63/><U118/><E118/><V42/><F115/><W132/><G132/><T14/><D14/><U37/><E37/><V98/><F98/><W133/><G133/><T19/><D19/><U59/><AGARI ba="0,0" hai="5,8,15,24,25,52,53,56,59,60,61,95,99,101" machi="59" ten="30,11700,0" yaku="0,1,9,1,8,1,54,1" doraHai="84" who="1" fromWho="1" sc="170,-39,330,117,250,-39,250,-39" /><INIT seed="1,1,0,3,3,69" ten="131,447,211,211" oya="1" hai0="88,98,2,100,33,135,18,36,3,71,85,22,53" hai1="112,48,96,29,127,40,30,5,23,113,37,28,63" hai2="109,111,78,59,91,54,83,15,94,132,31,44,117" hai3="42,76,87,73,16,97,105,66,124,9,60,115,110"/><U133/><E63/><V24/><F117/><W102/><G115/><T134/><D33/><U47/><E48/><V126/><F126/><W131/><G131/><T6/><D71/><U35/><E35/><V1/><F1/><W89/><G124/><T32/><D32/><U10/><E23/><V70/><F70/><W108/><G42/><T65/><D65/><U106/><E96/><V51/><F132/><N who="0" m="50730" /><D53/><U8/><E8/><V81/><F15/><W12/><G60/><T45/><D6/><U41/><E41/><V57/><F24/><W43/><G43/><N who="0" m="22759" /><D98/><U46/><E46/><V92/><F31/><W128/><G128/><T19/><D100/><U56/><E30/><V61/><F59/><W120/><G120/><T39/><D39/><U38/><E28/><V95/><F91/><W104/><G104/><T116/><D116/><U20/><E106/><V90/><F90/><W58/><G58/><T50/><D50/><U84/><E56/><V107/><F107/><W72/><G66/><T68/><D68/><U13/><E38/><V93/><N who="2" m="24064" /><DORA hai="129" /><V34/><F34/><W4/><G4/><T17/><D22/><U49/><E37/><V74/><F51/><W25/><G25/><T26/><D26/><N who="1" m="16583" /><E133/><V64/><F54/><W0/><G0/><T79/><D79/><U27/><E27/><V119/><F119/><W7/><G7/><T130/><D130/><U52/><E52/><V114/><F64/><W14/><G14/><T77/><D77/><U86/><E127/><V67/><F78/><W101/><G101/><T118/><D118/><U55/><E49/><RYUUKYOKU ba="1,0" sc="131,30,447,-10,211,-10,211,-10" hai0="2,3,17,18,19,85,88" /><INIT seed="2,2,0,5,5,92" ten="161,437,201,201" oya="2" hai0="63,39,51,82,135,43,45,9,127,115,93,33,38" hai1="102,116,71,32,13,20,52,76,106,17,108,124,41" hai2="113,109,87,125,74,104,94,130,0,91,103,118,101" hai3="54,88,6,86,121,112,122,65,114,68,128,48,81"/><V129/><F0/><W131/><G6/><T132/><D115/><N who="3" m="44073" /><G65/><T27/><D127/><U99/><E32/><V4/><F4/><W57/><G68/><T61/><D82/><U35/><E35/><V79/><F113/><W100/><G100/><T26/><D9/><U111/><E71/><V69/><F69/><W18/><G18/><T5/><D5/><U96/><E76/><V12/><F12/><W105/><G105/><T110/><D110/><U70/><E41/><V55/><F55/><W120/><AGARI ba="2,0" hai="48,54,57,81,86,88,120,121,122,128,131" m="44073" machi="120" ten="40,2700,0" yaku="11,1,54,1" doraHai="92" who="3" fromWho="3" sc="161,-9,437,-9,201,-15,201,33" /><INIT seed="3,0,0,5,2,97" ten="152,428,186,234" oya="3" hai0="106,78,122,22,107,67,84,48,31,66,14,24,74" hai1="46,119,13,111,72,123,64,103,83,113,65,41,53" hai2="108,129,4,95,54,40,120,18,6,15,58,101,86" hai3="52,91,100,127,73,26,92,34,11,61,134,77,33"/><W79/><G134/><T135/><D122/><U124/><E53/><V133/><F120/><W19/><G127/><T62/><D135/><U3/><E64/><V8/><F133/><W98/><G73/><T130/><D74/><U37/><E83/><V60/><F108/><W57/><G33/><T42/><D66/><U16/><E16/><V5/><F129/><W43/><G43/><T17/><D130/><U10/><E13/><V12/><F40/><W96/><G34/><T112/><D112/><U75/><E10/><N who="2" m="6423" /><F101/><W128/><G128/><T90/><D78/><U82/><E65/><V49/><F60/><W25/><G11/><T76/><D76/><U88/><E46/><V45/><F58/><W126/><G126/><T71/><D48/><U109/><E88/><AGARI ba="0,0" hai="4,5,6,8,15,45,49,54,86,88,95" m="6423" machi="88" ten="30,2000,0" yaku="8,1,54,1" doraHai="97" who="2" fromWho="1" sc="152,0,428,-20,186,20,234,0" owari="152,-35.0,408,51.0,206,-19.0,234,3.0" /></mjloggm>