<mjloggm ver="2.3"><GO type="41" lobby="0"/><UN n0="%E6%B2%99%E8%80%B6%E5%8A%A0%E4%BD%90%E5%80%89" n1="%E6%9D%BE%E5%B3%B6" n2="%E6%9D%B1%E9%87%8E%E5%A4%8F%E9%A6%99" n3="%E5%B0%B1%E6%B4%BB%E7%94%9F%40%E5%B7%9D%E6%9D%91%E8%BB%8D%E5%9B%A3" dan="15,15,15,15" rate="1968.01,2031.65,2023.40,1970.26" sx="M,F,M,M"/><TAIKYOKU oya="0"/><INIT seed="0,0,0,1,1,0" ten="250,250,250,250" oya="0" hai0="64,9,109,81,63,55,19,25,118,10,122,82,110" hai1="104,130,90,71,87,68,23,46,39,58,117,47,75" hai2="113,103,44,98,127,38,61,2,66,14,6,114,112" hai3="8,135,101,59,92,73,7,129,24,95,80,67,133"/><T20/><D118/><U88/><E104/><V56/><F127/><W99/><G129/><T106/><D106/><U84/><E130/><V123/><F2/><W62/><G24/><T31/><D122/><U60/><E75/><V49/><F38/><W78/><REACH who="3" step="1"/><G92/><REACH who="3" ten="250,250,250,240" step="2"/><T33/><D55/><U36/><E117/><V100/><F114/><W11/><G11/><T115/><D115/><U53/><E53/><V13/><F113/><W27/><G27/><T125/><D10/><U21/><E60/><V120/><F112/><W96/><G96/><T70/><D9/><U119/><E119/><V97/><F123/><W51/><G51/><T15/><REACH who="0" step="1"/><D125/><REACH who="0" ten="240,250,250,240" step="2"/><U41/><E41/><V121/><F120/><W89/><G89/><T34/><D34/><U48/><E48/><V94/><F121/><W124/><G124/><T126/><D126/><U29/><E29/><V17/><F49/><W111/><G111/><AGARI ba="0,2" hai="15,19,20,25,31,33,63,64,70,81,82,109,110,111" machi="111" ten="40,7700,0" yaku="1,1,14,1,10,1,53,0" doraHai="0" doraHaiUra="131" who="0" fromWho="3" sc="240,97,250,0,250,0,240,-77" /><INIT seed="0,1,0,2,2,68" ten="337,250,250,163" oya="0" hai0="39,95,48,99,1,87,75,76,70,104,22,46,81" hai1="109,25,30,19,101,17,7,94,65,91,107,88,16" hai2="100,55,130,44,6,62,116,82,57,10,98,119,32" hai3="71,49,118,5,9,12,50,18,41,115,24,73,3"/><T121/><D39/><U0/><E109/><V20/><F32/><W93/><G71/><T133/><D70/><U124/><E124/><V28/><F130/><W40/><G73/><T36/><D1/><U13/><E107/><V51/><F82/><W103/><G118/><N who="2" m="45097" /><F28/><W54/><G115/><T43/><D121/><U27/><E65/><N who="2" m="39119" /><F20/><N who="3" m="13335" /><G3/><T122/><D122/><U134/><E134/><V42/><F10/><W33/><G33/><T111/><D133/><U131/><E131/><V105/><F6/><W34/><G34/><T132/><D132/><U126/><E126/><V26/><F26/><N who="1" m="9737" /><E0/><V106/><F42/><N who="3" m="16491" /><G54/><T67/><D22/><U63/><E30/><V60/><F60/><W96/><AGARI ba="1,0" hai="5,9,12,49,50,93,96,103" m="16491,13335" machi="96" ten="30,1100,0" yaku="8,1" doraHai="68" who="3" fromWho="3" sc="337,-6,250,-4,250,-4,163,14" /><INIT seed="1,0,0,4,2,28" ten="331,246,246,177" oya="1" hai0="47,110,75,31,120,80,34,121,99,32,81,83,109" hai1="87,22,74,7,8,23,29,39,114,56,84,78,46" hai2="88,45,0,96,101,97,63,64,128,53,85,26,33" hai3="93,11,4,119,15,18,124,134,2,61,118,135,55"/><U62/><E114/><V3/><F128/><W79/><G79/><T24/><D75/><U19/><E29/><V42/><F53/><W27/><G93/><T67/><D67/><U36/><E23/><V21/><F96/><W126/><G61/><T130/><D47/><U73/><E39/><V12/><F12/><W71/><G27/><T133/><D99/><U44/><E36/><V14/><F14/><W116/><G55/><T58/><D58/><U102/><E102/><V117/><F42/><W103/><G103/><T129/><D133/><N who="3" m="50697" /><G71/><T108/><D34/><U98/><E98/><V17/><F45/><N who="1" m="17513" /><E78/><V95/><F33/><W94/><G94/><T9/><REACH who="0" step="1"/><D9/><AGARI ba="0,0" hai="2,4,9,11,15,18,116,118,119,124,126" m="50697" machi="9" ten="40,8000,1" yaku="12,1,20,1,34,2" doraHai="28" who="3" fromWho="0" sc="331,-80,246,0,246,0,177,80" /><INIT seed="2,0,0,0,1,129" ten="251,246,246,257" oya="2" hai0="113,125,90,58,2,130,79,121,16,30,99,19,122" hai1="133,95,42,73,93,115,0,81,6,48,84,52,53" hai2="8,4,97,61,131,89,101,55,82,13,26,98,106" hai3="103,102,28,77,45,94,17,54,10,109,91,62,88"/><V70/><F131/><W80/><G109/><T47/><D130/><U127/><E127/><V78/><F26/><W105/><G28/><T123/><D125/><U64/><E133/><V114/><F114/><W50/><G105/><T56/><D113/><U5/><E115/><V76/><F97/><W126/><G126/><T60/><D2/><U3/><E64/><V21/><F21/><W108/><G62/><T44/><D79/><U59/><E73/><V11/><F55/><W112/><G108/><T31/><D121/><U68/><E68/><V51/><F51/><W75/><G112/><T69/><D60/><N who="1" m="35943" /><E42/><V118/><F11/><W100/><G94/><N who="1" m="35850" /><E3/><V43/><F43/><W49/><REACH who="3" step="1"/><G50/><REACH who="3" ten="251,246,246,247" step="2"/><T18/><D69/><U128/><E128/><V96/><F118/><W15/><AGARI ba="0,1" hai="10,15,17,45,49,54,75,77,80,88,91,100,102,103" machi="15" ten="30,7900,0" yaku="1,1,2,1,0,1,54,1,53,0" doraHai="129" doraHaiUra="116" who="3" fromWho="3" sc="251,-20,246,-20,246,-39,247,89" /><INIT seed="3,0,0,3,4,123" ten="231,226,207,336" oya="3" hai0="49,64,67,3,10,19,92,87,34,120,129,106,2" hai1="30,83,75,65,130,20,117,57,45,95,37,104,131" hai2="77,125,105,133,8,111,100,53,110,32,85,55,74" hai3="71,101,1,109,127,134,108,51,132,58,62,42,48"/><W126/><BYE who="0" /><G1/><T115/><D115/><U63/><E117/><V61/><F32/><W38/><G101/><T17/><D17/><U41/><E104/><V0/><F125/><N who="3" m="47627" /><G71/><T13/><D13/><U26/><REACH who="1" step="1"/><E95/><REACH who="1" ten="231,216,207,336" step="2"/><V18/><F133/><N who="3" m="51307" /><G38/><T22/><D22/><U5/><E5/><V56/><F105/><W7/><G7/><T112/><D112/><U21/><E21/><V28/><F8/><W40/><G40/><T6/><D6/><U128/><E128/><V76/><F111/><N who="3" m="42571" /><G42/><T27/><D27/><U124/><E124/><V93/><F110/><W80/><G80/><T118/><D118/><U46/><E46/><V60/><F0/><W73/><G73/><T24/><D24/><U114/><E114/><V43/><F74/><W88/><G88/><T89/><D89/><U113/><E113/><V97/><F43/><W29/><G29/><T78/><D78/><AGARI ba="0,1" hai="20,26,30,37,41,45,57,63,65,75,78,83,130,131" machi="78" ten="40,1300,0" yaku="1,1,53,0" doraHai="123" doraHaiUra="81" who="1" fromWho="0" sc="231,-13,216,23,207,0,336,0" /><INIT seed="4,0,0,0,2,50" ten="218,239,207,336" oya="0" hai0="74,60,76,42,82,97,13,65,127,34,23,114,81" hai1="122,111,105,7,102,119,92,22,69,75,32,29,80" hai2="107,12,2,3,99,48,47,46,130,135,91,73,56" hai3="19,88,113,36,101,90,31,20,115,87,55,59,58"/><T85/><D85/><U67/><E119/><V124/><F130/><W37/><G101/><T94/><D94/><U84/><E122/><V61/><F73/><W71/><G31/><T49/><D49/><U45/><E111/><V79/><F124/><W134/><G71/><T123/><D123/><U33/><E7/><V129/><F135/><W93/><G134/><UN n0="%E6%B2%99%E8%80%B6%E5%8A%A0%E4%BD%90%E5%80%89" /><T121/><D114/><N who="3" m="43529" /><G90/><T77/><D34/><U109/><E45/><V128/><F79/><W25/><G59/><T96/><D121/><U1/><E1/><V10/><F2/><W15/><G25/><T57/><D42/><U9/><E9/><V112/><F3/><W39/><G39/><T125/><D127/><U24/><E67/><V86/><F112/><W38/><G38/><T11/><D125/><U52/><E69/><V89/><F48/><AGARI ba="0,0" hai="15,19,20,36,37,48,55,58,87,88,93" m="43529" machi="48" ten="30,7700,0" yaku="25,1,15,1,52,1,54,1" doraHai="50" who="3" fromWho="2" sc="218,0,239,0,207,-77,336,77" /><INIT seed="5,0,0,4,1,60" ten="218,239,130,413" oya="1" hai0="132,43,36,77,87,135,68,81,37,1,24,52,16" hai1="90,17,82,69,84,109,63,45,75,10,121,128,88" hai2="12,66,123,76,101,57,102,113,55,131,38,111,11" hai3="125,85,42,86,21,46,15,13,64,8,5,70,32"/><U50/><E121/><V40/><F111/><W4/><G32/><T27/><D77/><U9/><E128/><V20/><F123/><W23/><G125/><T96/><D68/><U120/><E109/><V73/><F131/><W79/><G70/><T56/><D1/><U71/><E75/><V117/><F117/><W33/><G33/><T30/><D96/><U126/><E126/><V91/><F66/><W119/><G64/><T99/><D99/><U51/><E51/><V47/><F20/><W95/><G95/><T80/><D43/><U34/><E34/><V3/><F3/><W92/><G86/><T129/><D129/><U122/><E90/><V106/><F106/><W6/><G119/><T65/><D65/><N who="1" m="41151" /><E10/><V103/><F91/><N who="3" m="53359" /><G79/><N who="0" m="46495" /><D81/><U31/><E31/><V19/><F113/><W44/><G13/><T108/><D108/><U112/><E71/><V54/><F73/><W100/><G100/><T74/><D74/><U78/><E78/><V105/><F76/><W134/><G134/><N who="0" m="51243" /><D30/><U114/><E120/><V25/><F105/><W0/><G0/><T49/><D27/><U7/><E122/><V67/><REACH who="2" step="1"/><F25/><REACH who="2" ten="218,239,120,413" step="2"/><W93/><G23/><AGARI ba="0,1" hai="16,23,24,36,37,49,52,56" m="51243,46495" machi="23" ten="30,3900,0" yaku="20,1,54,2" doraHai="60" who="0" fromWho="3" sc="218,49,239,0,120,0,413,-39" /><INIT seed="6,0,0,2,5,65" ten="267,239,120,374" oya="2" hai0="83,71,48,34,20,58,121,100,39,87,70,57,14" hai1="12,124,43,105,23,79,32,59,93,98,16,111,78" hai2="22,30,68,117,104,4,64,49,131,24,67,17,19" hai3="3,75,26,60,130,13,7,63,74,47,88,128,90"/><V18/><F104/><W61/><G3/><T134/><D39/><U15/><E124/><V62/><F117/><W135/><G135/><T42/><D34/><U66/><E105/><V40/><F131/><N who="3" m="50219" /><G26/><T50/><D100/><U29/><E111/><V10/><F64/><W84/><G47/><T97/><D97/><U52/><E43/><V69/><F40/><W77/><G77/><N who="1" m="29194" /><E66/><V123/><F49/><W5/><G90/><T107/><D107/><U9/><E32/><V27/><F123/><W127/><G127/><T102/><D121/><U94/><E98/><V46/><F46/><W11/><G5/><T133/><D42/><U28/><E28/><V0/><REACH who="2" step="1"/><F24/><REACH who="2" ten="267,239,110,374" step="2"/><W56/><G56/><AGARI ba="0,1" hai="0,4,10,17,18,19,22,27,30,56,62,67,68,69" machi="56" ten="40,12000,1" yaku="1,1,2,1,52,2,53,0" doraHai="65" doraHaiUra="99" who="2" fromWho="3" sc="267,0,239,0,110,130,374,-120" /><INIT seed="6,1,0,3,1,89" ten="267,239,240,254" oya="2" hai0="67,121,62,39,110,58,48,108,82,45,43,74,100" hai1="37,128,126,29,32,60,35,14,22,85,103,38,94" hai2="78,56,19,93,68,26,2,90,97,120,46,104,6" hai3="95,132,73,63,3,92,127,47,15,96,1,36,65"/><V125/><F120/><W102/><G73/><T113/><D100/><U114/><E114/><V31/><F68/><W18/><G127/><T88/><D74/><U42/><E126/><V49/><F78/><W4/><G132/><T57/><D88/><N who="1" m="53519" /><E37/><V33/><F104/><W34/><G34/><T59/><D82/><U81/><E38/><V79/><F79/><W71/><G4/><T117/><D121/><U130/><E42/><V119/><F56/><N who="0" m="21610" /><D117/><U112/><E60/><V135/><F119/><W9/><REACH who="3" step="1"/><G92/><REACH who="3" ten="267,239,240,244" step="2"/><T133/><D113/><U20/><E112/><V87/><F125/><W21/><G21/><T131/><D133/><U109/><E35/><V5/><F135/><W10/><G10/><T54/><D131/><N who="1" m="50219" /><E32/><V129/><F129/><W44/><G44/><AGARI ba="1,1" hai="39,43,44,45,48,54,59,62,67,108,110" m="21610" machi="44" ten="30,2000,0" yaku="34,2" doraHai="89" who="0" fromWho="3" sc="267,33,239,0,240,0,244,-23" /><INIT seed="7,0,0,0,3,45" ten="300,239,240,221" oya="3" hai0="99,53,9,14,117,28,119,49,77,34,22,46,37" hai1="52,88,85,87,91,67,25,16,89,4,60,106,3" hai2="26,30,101,7,41,135,124,93,109,103,84,44,65" hai3="83,110,19,51,57,126,97,21,108,63,82,10,11"/><W81/><G126/><T112/><D34/><U23/><E106/><V92/><F109/><N who="3" m="42091" /><G97/><T105/><D112/><U95/><E4/><V120/><F135/><W0/><G0/><T104/><D37/><U42/><E42/><V8/><F124/><W43/><G43/><T100/><D77/><U27/><E3/><V13/><F65/><N who="3" m="39151" /><G51/><T18/><D105/><U132/><E132/><V133/><F133/><W20/><G20/><T56/><D46/><U58/><E91/><V32/><F120/><W48/><G48/><T127/><D127/><U118/><E118/><V64/><F64/><W62/><G62/><T47/><D47/><U54/><E27/><AGARI ba="0,0" hai="10,11,19,21,27,81,82,83" m="39151,42091" machi="27" ten="30,1500,0" yaku="10,1" doraHai="45" who="3" fromWho="1" sc="300,0,239,-15,240,0,221,15" /><INIT seed="7,1,0,3,2,125" ten="300,224,240,236" oya="3" hai0="73,47,90,122,68,119,133,129,53,94,80,37,31" hai1="96,104,13,20,114,15,5,39,19,8,58,46,60" hai2="115,36,51,99,113,111,84,121,106,123,120,124,54" hai3="86,34,21,56,95,131,108,2,109,44,35,127,107"/><W126/><G2/><T74/><D119/><U116/><E114/><N who="2" m="43531" /><F36/><W62/><G107/><T38/><D68/><U134/><E116/><V11/><F11/><W110/><G131/><T130/><D122/><U101/><E134/><V98/><F111/><W24/><G44/><T128/><D133/><U45/><E39/><N who="0" m="14857" /><D31/><U17/><E19/><V63/><F124/><N who="3" m="47659" /><G95/><T117/><D80/><U28/><E28/><V52/><F84/><W135/><G86/><N who="0" m="52567" /><D117/><U89/><E89/><V61/><F106/><W33/><G135/><T132/><D132/><U23/><E23/><V4/><F4/><W79/><G79/><T1/><D1/><U92/><E104/><V42/><F42/><W75/><G75/><T0/><D0/><U67/><AGARI ba="1,0" hai="5,8,13,15,17,20,45,46,58,60,67,92,96,101" machi="67" ten="20,2700,0" yaku="0,1,7,1,8,1" doraHai="125" who="1" fromWho="1" sc="300,-8,224,30,240,-8,236,-14" /><INIT seed="8,0,0,4,1,40" ten="292,254,232,222" oya="0" hai0="38,52,89,82,92,50,97,0,43,119,116,130,24" hai1="45,112,56,74,79,28,46,131,135,108,30,67,42" hai2="32,34,128,35,60,33,27,53,54,70,98,94,20" hai3="84,78,22,123,6,77,85,110,114,69,41,75,12"/><T129/><D0/><U4/><E112/><V100/><N who="2" m="8704" /><DORA hai="72" /><V11/><F128/><N who="0" m="49258" /><D43/><U83/><E131/><V71/><F11/><N who="3" m="4215" /><G69/><T23/><D38/><U90/><E135/><V29/><REACH who="2" step="1"/><F60/><REACH who="2" ten="292,254,222,222" step="2"/><W19/><G110/><T104/><D116/><U10/><E108/><V118/><F118/><W44/><G123/><T113/><D119/><U96/><E10/><V2/><F2/><W14/><G114/><T86/><D113/><U111/><E111/><V57/><F57/><W101/><G75/><T63/><D63/><U120/><E120/><V9/><F9/><W80/><G101/><T15/><D15/><U7/><E56/><V107/><F107/><W109/><G109/><T68/><D104/><U105/><E105/><V132/><F132/><W36/><G36/><T117/><D117/><U99/><E74/><V103/><F103/><W3/><G3/><T115/><D115/><U26/><E26/><V25/><F25/><W5/><G5/><T88/><D68/><AGARI ba="0,1" hai="20,27,29,53,54,68,70,71,94,98,100" m="8704" machi="68" ten="70,8000,1" yaku="1,1,53,3" doraHai="40,72" doraHaiUra="64,62" who="2" fromWho="0" sc="292,-80,254,0,222,90,222,0" owari="212,-29.0,254,5.0,312,42.0,222,-18.0" /></mjloggm>