<mjloggm ver="2.3"><GO type="169" lobby="0"/><UN n0="%E3%83%88%E3%83%88%E3%83%AA%E5%85%88%E7%94%9F%31%39%E6%AD%B3" n1="%E4%B8%8A%E6%9F%BF%E3%82%81%E3%81%90%E3%81%BF" n2="%64%6F%75%6D%6F%6B%75%6E" n3="%E3%82%A2%E3%82%AB%E3%82%AE%EF%BC%A0%E5%B7%9D%E6%9D%91%E8%BB%8D%E5%9B%A3" dan="18,16,16,16" rate="2192.91,2071.91,2172.21,2180.18" sx="F,F,M,M"/><TAIKYOKU oya="0"/><INIT seed="0,0,0,2,1,9" ten="250,250,250,250" oya="0" hai0="61,46,103,0,55,33,75,85,13,41,127,16,93" hai1="7,79,130,62,37,51,107,31,84,63,89,113,43" hai2="30,8,125,86,135,44,54,19,59,23,27,68,15" hai3="71,26,114,21,73,32,25,67,35,22,82,102,99"/><T66/><D75/><U12/><E107/><V10/><F125/><W104/><G114/><T98/><D33/><U131/><E37/><V6/><F135/><W39/><G39/><T56/><D0/><U3/><E3/><V24/><F68/><W106/><G106/><T112/><D112/><U4/><E79/><V76/><F44/><W116/><G116/><T83/><D127/><U121/><E121/><V123/><F123/><W5/><G5/><T53/><D41/><U28/><E113/><V94/><F76/><N who="3" m="44303" /><G26/><T81/><D46/><N who="1" m="26079" /><E62/><V64/><F64/><W65/><G65/><T42/><D42/><U101/><E63/><V122/><F122/><W57/><G57/><T118/><D118/><U80/><E101/><V109/><F109/><W45/><G45/><T14/><D14/><U100/><E100/><V40/><F40/><W69/><G35/><T17/><D17/><U18/><E28/><V133/><F133/><W124/><G71/><T38/><D38/><U52/><E31/><V129/><F129/><N who="1" m="49161" /><E52/><N who="0" m="20041" /><D85/><U108/><E108/><V48/><F86/><W50/><G124/><T77/><D77/><U36/><E36/><V90/><F30/><N who="3" m="19535" /><G50/><T20/><AGARI ba="0,0" hai="13,16,20,56,61,66,81,83,93,98,103" m="20041" machi="20" ten="30,11700,0" yaku="8,1,52,1,54,2" doraHai="9" who="0" fromWho="0" sc="250,117,250,-39,250,-39,250,-39" /><INIT seed="0,1,0,5,5,21" ten="367,211,211,211" oya="0" hai0="124,101,118,36,48,111,128,115,18,12,82,49,97" hai1="63,87,35,135,100,80,75,93,44,79,62,71,77" hai2="114,54,112,15,39,7,33,11,89,123,0,96,130" hai3="91,17,1,16,50,23,43,106,98,38,88,47,90"/><T57/><D115/><U109/><E35/><V30/><F123/><W67/><G1/><T28/><D118/><U131/><E71/><V94/><F39/><W32/><G32/><T46/><D128/><U102/><E44/><V64/><F64/><W92/><G106/><T83/><D124/><U68/><E68/><V103/><F130/><W52/><G67/><T81/><D111/><U34/><E34/><V29/><F0/><W55/><G17/><T105/><D28/><U70/><E70/><V37/><F37/><W69/><G69/><T104/><D104/><U134/><E131/><V53/><F103/><N who="1" m="39465" /><E109/><V27/><REACH who="2" step="1"/><F30/><REACH who="2" ten="367,211,201,211" step="2"/><W108/><G108/><T10/><D36/><U99/><E135/><V45/><F45/><W76/><G76/><T14/><D46/><U61/><E77/><V66/><F66/><W13/><G55/><AGARI ba="1,1" hai="7,11,15,27,29,33,53,54,55,89,94,96,112,114" machi="55" ten="40,5200,0" yaku="1,1,52,1,53,1" doraHai="21" doraHaiUra="6" who="2" fromWho="3" sc="367,0,211,0,201,65,211,-55" /><INIT seed="1,0,0,5,0,91" ten="367,211,266,156" oya="1" hai0="36,34,78,107,100,17,6,38,1,68,45,71,119" hai1="111,35,72,59,74,121,49,83,102,109,46,73,96" hai2="15,57,18,43,79,64,118,133,53,41,37,122,97" hai3="42,101,4,89,60,131,134,3,94,51,58,19,54"/><U56/><E35/><V0/><F0/><W126/><G134/><T65/><D119/><U117/><E83/><V24/><F24/><W106/><G131/><T13/><D34/><U114/><E117/><V76/><F37/><W2/><G126/><T105/><D78/><N who="2" m="29738" /><F64/><W85/><G19/><T22/><D38/><U29/><E29/><V61/><F133/><W115/><G4/><T55/><D65/><U93/><E114/><V77/><N who="2" m="29746" /><V30/><DORA hai="23" /><F30/><W52/><G42/><T82/><D82/><U8/><E8/><N who="2" m="6503" /><F122/><W113/><G113/><T16/><D107/><U99/><E121/><V88/><F118/><W92/><G106/><T125/><D36/><U12/><E12/><V5/><F5/><W31/><G31/><T132/><D125/><U87/><E87/><V26/><F26/><W14/><G14/><T25/><D132/><U63/><E99/><V47/><F47/><W11/><G11/><T98/><D6/><U129/><E129/><V21/><F21/><W33/><G33/><T80/><D1/><U28/><E28/><V123/><F123/><W7/><G7/><T116/><D116/><U9/><E9/><V135/><F135/><W110/><G110/><N who="1" m="41994" /><E63/><V27/><F27/><W81/><G115/><T75/><D25/><U32/><E32/><V69/><F69/><W39/><G39/><T40/><D17/><U90/><E102/><V86/><F97/><N who="3" m="59575" /><G2/><T127/><D13/><U10/><E10/><V130/><F130/><W20/><G3/><T95/><D16/><U84/><E96/><V67/><F67/><W62/><G20/><RYUUKYOKU ba="0,0" sc="367,-15,211,15,266,15,156,-15" hai1="46,49,56,59,72,73,74,84,90,93" hai2="41,43,53,57,61,86,88" /><INIT seed="1,1,0,1,4,5" ten="352,226,281,141" oya="1" hai0="4,103,129,37,130,67,65,39,21,134,85,132,125" hai1="48,82,115,98,13,119,72,75,16,97,28,89,116" hai2="121,54,8,56,120,86,46,117,57,63,128,113,112" hai3="42,59,106,61,111,55,17,53,1,76,9,108,114"/><U62/><E115/><N who="2" m="44107" /><F8/><W93/><G106/><T110/><D110/><N who="3" m="42025" /><G114/><T105/><D105/><U122/><E122/><N who="2" m="47211" /><F86/><W69/><G42/><T35/><D35/><U11/><E75/><V41/><F128/><N who="0" m="49258" /><D103/><U127/><E127/><V91/><F91/><W58/><G69/><T95/><D125/><U22/><E62/><V32/><F32/><W26/><G76/><T30/><D4/><U131/><E131/><V45/><F117/><W90/><G26/><N who="0" m="16719" /><D95/><U43/><E28/><V14/><F14/><N who="3" m="7375" /><G1/><T36/><D85/><N who="1" m="50359" /><E72/><V12/><F12/><W34/><G34/><T51/><D51/><U71/><E71/><V88/><F88/><W94/><G90/><T40/><D40/><U133/><E133/><AGARI ba="1,0" hai="36,37,39,65,67,132,133,134" m="16719,49258" machi="133" ten="40,2600,0" yaku="20,1,19,1" doraHai="5" who="0" fromWho="1" sc="352,29,226,-29,281,0,141,0" /><INIT seed="2,0,0,3,5,3" ten="381,197,281,141" oya="2" hai0="97,124,45,123,51,113,92,125,57,42,115,110,101" hai1="133,93,106,95,132,35,82,86,6,7,40,59,26" hai2="117,34,131,56,14,130,72,71,17,1,9,120,104" hai3="69,37,49,128,24,50,129,32,20,81,61,109,96"/><V18/><F104/><W74/><G37/><T73/><D123/><U90/><E106/><V58/><F71/><W99/><G32/><T118/><D73/><U84/><E40/><V28/><F72/><W114/><G109/><T100/><D110/><U52/><E35/><V36/><F36/><W13/><G13/><T98/><D57/><U19/><E26/><N who="2" m="18711" /><F117/><W23/><G114/><T68/><D68/><U38/><E19/><V16/><F120/><W44/><G74/><T55/><D42/><U116/><E38/><V65/><F65/><W70/><G81/><T46/><D46/><U31/><E31/><V78/><F78/><W75/><G44/><T94/><REACH who="0" step="1"/><D118/><REACH who="0" ten="371,197,281,141" step="2"/><U30/><E116/><V108/><F108/><W33/><G75/><T83/><D83/><U135/><E30/><V66/><F58/><W48/><G70/><T111/><D111/><U79/><REACH who="1" step="1"/><E95/><REACH who="1" ten="371,187,281,141" step="2"/><V63/><F1/><W25/><G33/><T91/><D91/><U15/><E15/><V12/><F14/><W121/><G121/><T64/><D64/><U29/><E29/><V43/><F43/><W112/><G112/><AGARI ba="0,2" hai="45,51,55,92,94,97,98,100,101,112,113,115,124,125" machi="112" ten="40,2600,0" yaku="1,1,9,1,53,0" doraHai="3" doraHaiUra="87" who="0" fromWho="3" sc="371,46,187,0,281,0,141,-26" /><INIT seed="3,0,0,0,0,53" ten="417,187,281,115" oya="3" hai0="12,103,3,47,18,120,9,43,30,27,2,119,52" hai1="124,66,36,97,37,61,29,71,14,133,111,55,132" hai2="72,32,11,38,35,109,94,13,104,48,134,10,73" hai3="42,69,54,19,90,129,34,95,65,51,78,60,46"/><W24/><G129/><T25/><D119/><U122/><E29/><V83/><F104/><W96/><G78/><T62/><D120/><U70/><E14/><V50/><F13/><W26/><G34/><T126/><D126/><U76/><E76/><V118/><F83/><W79/><G79/><T82/><D103/><U101/><E122/><V58/><F94/><W112/><G112/><T44/><D82/><U33/><E33/><V99/><F38/><N who="1" m="14953" /><E124/><V74/><F99/><W8/><REACH who="3" step="1"/><G42/><REACH who="3" ten="417,187,281,105" step="2"/><T31/><D43/><U40/><E40/><V88/><F118/><W80/><G80/><T67/><D3/><U131/><E131/><V56/><F74/><W130/><G130/><T114/><D2/><U75/><E75/><V135/><F109/><W128/><G128/><T84/><D114/><U63/><E111/><V57/><F72/><W68/><G68/><T15/><D9/><U121/><E121/><V127/><F73/><W115/><G115/><T108/><D108/><U105/><E55/><V59/><F127/><W41/><G41/><T107/><D52/><U20/><E20/><V17/><F35/><W89/><G89/><T0/><D0/><U1/><E1/><V116/><F32/><W85/><G85/><T117/><D84/><U7/><E7/><V5/><F5/><W113/><G113/><T23/><D23/><U125/><E125/><V93/><F10/><W4/><G4/><T86/><D86/><U45/><E71/><V21/><F11/><W102/><G102/><T100/><D100/><U91/><E101/><V81/><N who="2" m="14336" /><DORA hai="6" /><V16/><F21/><RYUUKYOKU ba="0,1" sc="417,-10,187,-10,281,-10,105,30" hai3="8,19,24,26,46,51,54,60,65,69,90,95,96" /><INIT seed="3,1,1,4,4,88" ten="407,177,271,135" oya="3" hai0="131,13,109,113,69,126,94,49,36,118,34,99,56" hai1="68,110,47,134,77,67,1,116,55,133,93,54,19" hai2="124,80,91,107,32,17,65,7,10,112,70,4,115" hai3="38,85,3,119,73,6,37,128,26,22,39,24,46"/><W21/><G119/><T130/><D118/><U28/><E1/><V114/><F107/><W30/><G73/><T100/><D69/><U71/><E116/><V79/><F32/><W40/><G128/><N who="0" m="49195" /><D34/><U23/><E28/><V27/><F124/><W82/><G6/><T83/><D36/><U111/><E77/><V29/><F91/><W104/><G3/><T90/><D126/><U42/><E93/><V120/><F120/><W89/><REACH who="3" step="1"/><G104/><REACH who="3" ten="407,177,271,125" step="2"/><T62/><D113/><U98/><E133/><V60/><F4/><W121/><G121/><T92/><D109/><U44/><E134/><V51/><F7/><W5/><G5/><T12/><D83/><U72/><E110/><V53/><F112/><W117/><G117/><T45/><D94/><U31/><E111/><V81/><F81/><W9/><G9/><T108/><D108/><U15/><E72/><V84/><F10/><W59/><G59/><T75/><D75/><U50/><E71/><V58/><F115/><W86/><G86/><T64/><D100/><U35/><E68/><V52/><F114/><W11/><G11/><T132/><D132/><U102/><E47/><V96/><F70/><W0/><G0/><T103/><D103/><U25/><E44/><V95/><F80/><W57/><G57/><T14/><D45/><U61/><E98/><V76/><F96/><W33/><G33/><T63/><D56/><U87/><E35/><V106/><F106/><W48/><G48/><T41/><D49/><U2/><E50/><V8/><F51/><W74/><G74/><T127/><D99/><U43/><E2/><RYUUKYOKU ba="1,2" sc="407,-10,177,-10,271,-10,125,30" hai3="21,22,24,26,30,37,38,39,40,46,82,85,89" /><INIT seed="3,2,2,0,0,41" ten="397,167,261,155" oya="3" hai0="90,3,25,106,21,19,117,84,127,126,38,134,100" hai1="72,65,85,122,110,30,8,97,37,61,120,67,27" hai2="103,128,9,62,130,111,17,28,26,12,49,22,74" hai3="1,42,133,66,5,89,102,29,23,78,11,57,39"/><W87/><G133/><T86/><D117/><U88/><E72/><V56/><F74/><W91/><G102/><T53/><D3/><U132/><E37/><V118/><F118/><W4/><G4/><T16/><D38/><U45/><E132/><V131/><F103/><W32/><G32/><T24/><D134/><U96/><E110/><V75/><F75/><W52/><G66/><T69/><D69/><U80/><E8/><V125/><F49/><W63/><G78/><T114/><D114/><U119/><E119/><V93/><F93/><W14/><G87/><T68/><D68/><U101/><E45/><V44/><F44/><W76/><G76/><T129/><D129/><U36/><E36/><V34/><F125/><N who="0" m="47626" /><D53/><U59/><E67/><N who="2" m="39367" /><F111/><W109/><G109/><T112/><D112/><U115/><E115/><V60/><F60/><W73/><G73/><T79/><D79/><U47/><E47/><V0/><F0/><W43/><G39/><T113/><D113/><U95/><REACH who="1" step="1"/><E97/><REACH who="1" ten="397,157,261,155" step="2"/><V98/><F98/><W31/><G43/><T46/><D46/><U10/><E10/><AGARI ba="2,3" hai="9,10,12,17,22,26,28,34,128,130,131" m="39367" machi="10" ten="30,1000,0" yaku="19,1" doraHai="41" who="2" fromWho="1" sc="397,0,157,-16,261,46,155,0" /><INIT seed="4,0,0,1,3,35" ten="397,141,307,155" oya="0" hai0="23,66,109,113,120,114,42,32,134,14,123,8,3" hai1="111,70,5,52,49,25,63,103,13,31,28,91,21" hai2="30,124,97,9,98,57,26,92,76,4,130,100,40" hai3="38,72,112,44,128,18,58,6,117,16,131,135,33"/><T48/><D32/><U10/><E111/><V105/><F124/><W88/><G117/><T133/><D66/><U78/><E78/><V85/><F130/><N who="3" m="49707" /><G72/><T27/><D48/><U34/><E103/><V37/><F57/><W46/><G33/><T36/><D42/><U79/><E79/><V102/><F40/><N who="3" m="22551" /><G135/><N who="0" m="51723" /><D36/><U64/><E91/><V68/><F68/><W84/><G112/><N who="0" m="43115" /><D3/><U125/><E125/><V99/><F37/><W132/><G132/><T39/><D39/><U80/><E80/><V56/><F56/><W11/><G58/><T122/><D109/><U20/><REACH who="1" step="1"/><E31/><REACH who="1" ten="397,131,307,155" step="2"/><V41/><F76/><W69/><G69/><T22/><D27/><U45/><AGARI ba="0,1" hai="5,10,13,20,21,25,28,34,45,49,52,63,64,70" machi="45" ten="20,8000,1" yaku="1,1,2,1,0,1,7,1,54,1,53,0" doraHai="35" doraHaiUra="83" who="1" fromWho="1" sc="397,-40,131,90,307,-20,155,-20" /><INIT seed="5,0,0,3,0,64" ten="357,221,287,135" oya="1" hai0="125,91,117,70,9,7,76,98,45,48,63,129,41" hai1="120,83,101,56,27,34,110,52,79,84,112,39,10" hai2="67,13,69,94,87,38,115,135,8,47,57,77,44" hai3="33,116,68,131,18,59,49,20,82,122,72,11,126"/><U86/><E120/><V37/><F135/><W17/><G33/><T73/><D117/><U75/><E112/><V81/><F115/><W15/><G122/><T71/><D129/><U100/><E39/><V54/><F38/><W114/><G131/><T61/><D125/><U12/><E75/><V16/><F37/><W80/><G114/><T62/><D76/><U130/><E130/><V105/><F105/><W66/><G126/><T30/><D73/><U36/><E36/><V65/><F94/><W0/><G116/><T28/><D91/><U85/><E110/><V1/><F1/><W119/><G119/><T24/><D98/><U78/><E27/><V21/><F69/><W22/><G72/><T102/><D102/><N who="1" m="39531" /><E83/><V6/><F65/><W103/><G103/><T26/><D26/><U46/><E46/><V29/><F29/><W55/><G0/><T134/><D134/><U118/><E34/><V132/><F67/><W2/><G2/><T60/><N who="0" m="15360" /><DORA hai="42" /><T32/><REACH who="0" step="1"/><D28/><REACH who="0" ten="347,221,287,135" step="2"/><U95/><E95/><V53/><F132/><W4/><G66/><T40/><D40/><U74/><E74/><V121/><F121/><W43/><G43/><T127/><D127/><U96/><E96/><V107/><F54/><W113/><G113/><T111/><D111/><U50/><E118/><V123/><F123/><W25/><REACH who="3" step="1"/><G68/><REACH who="3" ten="347,221,287,125" step="2"/><T3/><AGARI ba="0,2" hai="3,7,9,24,30,32,41,45,48,70,71" m="15360" machi="3" ten="40,8000,1" yaku="1,1,0,1,52,3,53,0" doraHai="64,42" doraHaiUra="92,97" who="0" fromWho="0" sc="347,100,221,-40,287,-20,125,-20" /><INIT seed="6,0,0,3,5,35" ten="447,181,267,105" oya="2" hai0="46,130,86,2,127,129,65,30,108,36,122,78,124" hai1="27,29,32,118,45,10,89,125,54,49,17,7,38" hai2="33,75,37,90,15,34,6,28,114,63,104,103,93" hai3="96,25,131,132,69,8,109,60,101,83,5,128,112"/><V84/><F75/><W105/><G109/><T20/><D108/><U47/><E125/><N who="0" m="48201" /><D122/><U16/><E118/><V68/><F37/><W116/><G116/><T11/><D65/><U26/><E38/><V95/><F114/><W73/><G132/><T123/><D123/><U58/><E89/><V117/><F117/><W9/><G112/><T57/><D57/><U66/><E66/><N who="2" m="41055" /><F34/><W13/><G25/><N who="0" m="16679" /><D78/><U76/><E76/><V91/><F15/><W87/><G60/><T111/><D111/><U18/><REACH who="1" step="1"/><E27/><REACH who="1" ten="447,171,267,105" step="2"/><N who="2" m="18591" /><F91/><W77/><G69/><T22/><D36/><U12/><AGARI ba="0,1" hai="7,10,12,16,17,18,26,29,32,45,47,49,54,58" machi="12" ten="30,4000,0" yaku="1,1,0,1,54,1,53,0" doraHai="35" doraHaiUra="115" who="1" fromWho="1" sc="447,-10,171,50,267,-20,105,-10" /><INIT seed="7,0,0,2,3,34" ten="437,221,247,95" oya="3" hai0="126,82,103,28,51,65,94,12,134,38,52,56,93" hai1="127,0,11,113,72,26,97,84,6,75,98,42,117" hai2="68,31,121,124,108,135,44,85,115,43,61,69,55" hai3="23,92,29,73,106,70,35,21,10,110,15,116,102"/><W14/><G70/><T101/><D38/><U109/><E109/><V111/><F31/><W18/><G73/><N who="1" m="28234" /><E42/><V3/><F85/><W57/><G106/><T64/><D134/><U37/><E37/><N who="2" m="21615" /><F3/><W79/><G110/><N who="2" m="42025" /><F135/><W123/><G123/><T91/><D126/><U81/><E26/><V59/><F124/><W132/><G132/><T128/><D128/><U105/><E105/><V32/><F32/><W50/><G35/><T107/><D28/><U45/><E45/><V99/><F99/><N who="3" m="59751" /><G79/><T77/><D107/><U60/><E60/><N who="2" m="35967" /><F115/><W80/><G80/><T133/><D133/><U30/><E30/><V66/><F121/><W71/><G71/><AGARI ba="0,0" hai="61,66,68,69,71" m="35967,42025,21615" machi="71" ten="30,2000,0" yaku="34,2" doraHai="34" who="2" fromWho="3" sc="437,0,221,0,247,20,95,-20" owari="437,53.0,221,-18.0,267,7.0,75,-42.0" /></mjloggm>