<mjloggm ver="2.3"><GO type="97" lobby="0"/><UN n0="%E3%83%91%E3%83%81%E3%83%A3%E3%83%94" n1="%E7%A9%BA%E9%96%91" n2="%E3%83%A4%E3%82%A4%E3%82%B2%E3%83%8A" n3="%E5%B0%B1%E6%B4%BB%E7%94%9F%40%E5%B7%9D%E6%9D%91%E8%BB%8D%E5%9B%A3" dan="14,14,13,15" rate="1889.22,1934.40,1846.06,1942.78" sx="M,M,M,M"/><TAIKYOKU oya="0"/><INIT seed="0,0,0,0,0,116" ten="250,250,250,250" oya="0" hai0="1,97,96,85,31,35,129,103,4,10,25,58,93" hai1="62,111,118,107,83,53,95,27,52,119,16,68,29" hai2="64,15,5,109,19,72,80,24,110,7,94,76,115" hai3="11,121,108,131,78,84,117,56,106,51,135,128,69"/><T88/><D129/><N who="3" m="49737" /><G69/><T125/><D125/><U12/><E111/><N who="2" m="42507" /><F115/><W90/><G117/><N who="1" m="44554" /><E107/><V75/><F64/><W2/><G106/><T18/><D103/><U101/><E83/><V134/><F134/><W60/><G78/><T70/><D70/><U42/><E42/><V100/><F24/><W47/><G135/><T112/><D112/><U67/><E95/><V123/><F123/><W38/><G38/><T81/><D81/><U21/><E101/><V54/><F54/><N who="3" m="33815" /><G11/><T48/><REACH who="0" step="1"/><D18/><REACH who="0" ten="240,250,250,250" step="2"/><U30/><E30/><V61/><F100/><W99/><G108/><T45/><D45/><U36/><E68/><V89/><F80/><W132/><G132/><T32/><D32/><U33/><E33/><V113/><F113/><W82/><G47/><T43/><D43/><U102/><E29/><V14/><F19/><W77/><G82/><T13/><D13/><U114/><E12/><V20/><F15/><W41/><G2/><T98/><D98/><U57/><E114/><V55/><F14/><W73/><G41/><T23/><D23/><U65/><E102/><V91/><F20/><W130/><G130/><T44/><D44/><U40/><E40/><V120/><F5/><W0/><G0/><T26/><D26/><U59/><E36/><V50/><F7/><W66/><G73/><T63/><D63/><U74/><E74/><V3/><F61/><W49/><G77/><T126/><D126/><U104/><E104/><V39/><F76/><W71/><G99/><T127/><D127/><U124/><E124/><V133/><F75/><W87/><G71/><T9/><D9/><RYUUKYOKU ba="0,1" sc="240,15,250,15,250,-15,250,-15" hai0="1,4,10,25,31,35,48,58,85,88,93,96,97" hai1="16,21,27,52,53,57,59,62,65,67" /><INIT seed="0,1,1,3,2,129" ten="255,265,235,235" oya="0" hai0="81,54,12,111,56,83,48,51,119,105,46,86,66" hai1="123,40,1,64,23,43,131,134,7,60,22,107,132" hai2="100,53,8,30,128,75,108,77,112,37,126,49,58" hai3="39,42,104,28,99,103,113,65,32,63,17,34,68"/><T3/><D3/><U70/><E123/><V33/><F128/><W59/><G17/><T35/><D35/><U114/><E131/><V29/><F112/><W41/><G113/><T15/><D105/><U52/><E114/><V118/><F37/><W78/><G78/><T4/><D111/><U121/><E107/><V90/><F108/><W21/><G21/><N who="1" m="7690" /><E121/><V16/><F126/><W62/><G39/><T95/><D119/><U50/><E7/><V6/><F118/><W45/><G45/><T85/><D95/><U92/><E92/><V91/><F100/><W120/><G120/><T96/><D96/><U47/><E1/><V25/><F30/><W9/><G9/><N who="0" m="4135" /><D15/><U38/><E43/><V18/><F77/><W27/><REACH who="3" step="1"/><G32/><REACH who="3" ten="255,265,235,225" step="2"/><T20/><D20/><U61/><E61/><V55/><F75/><W117/><G117/><T80/><D66/><AGARI ba="1,2" hai="27,28,34,41,42,59,62,63,65,66,68,99,103,104" machi="66" ten="30,7700,0" yaku="1,1,7,1,25,2,53,0" doraHai="129" doraHaiUra="116" who="3" fromWho="0" sc="255,-80,265,0,235,0,225,100" /><INIT seed="1,0,0,1,0,13" ten="175,265,235,325" oya="1" hai0="118,94,29,96,107,64,6,90,123,7,39,102,2" hai1="53,66,120,24,22,37,101,25,18,0,130,12,86" hai2="31,46,41,121,67,27,110,21,125,81,117,71,134" hai3="112,11,1,75,82,61,35,65,126,113,87,124,70"/><U23/><E120/><V69/><F121/><W97/><G35/><T84/><D123/><U100/><E0/><V88/><F117/><W26/><G26/><T72/><D118/><U57/><E37/><V116/><F116/><W109/><G109/><T128/><D39/><U32/><E130/><V43/><F134/><W30/><G30/><T91/><D128/><U55/><E32/><V50/><F110/><W8/><G75/><T45/><D2/><U114/><E114/><N who="3" m="44138" /><G97/><T77/><D90/><U76/><E66/><V52/><F125/><N who="3" m="48235" /><G1/><T56/><D45/><U99/><E55/><V16/><F67/><W49/><G49/><T5/><D29/><U4/><E4/><V129/><F129/><W62/><G62/><T33/><D33/><U59/><E59/><V119/><F119/><W19/><G19/><T78/><D72/><U104/><E101/><V73/><F71/><W89/><AGARI ba="0,0" hai="8,11,61,65,70,82,87,89" m="48235,44138" machi="89" ten="30,1100,0" yaku="18,1" doraHai="13" who="3" fromWho="3" sc="175,-3,265,-5,235,-3,325,11" /><INIT seed="2,0,0,4,4,24" ten="172,260,232,336" oya="2" hai0="112,124,127,10,70,109,2,66,88,90,68,35,121" hai1="120,130,4,123,65,77,75,58,111,23,76,98,5" hai2="132,9,54,73,14,39,84,131,7,129,113,85,62" hai3="57,100,48,59,30,110,32,19,69,134,135,118,55"/><V40/><F73/><W101/><G69/><T107/><D107/><U56/><E111/><V17/><F113/><W27/><G118/><T8/><D112/><U12/><E130/><N who="2" m="49675" /><F132/><N who="3" m="50731" /><G110/><T103/><D103/><N who="3" m="39497" /><G19/><T64/><D109/><U44/><E98/><V126/><F126/><N who="0" m="48170" /><D35/><U133/><E133/><V116/><F116/><W21/><G32/><T79/><D79/><U93/><E75/><V128/><N who="2" m="49683" /><V52/><DORA hai="86" /><F39/><W31/><G59/><T18/><D18/><U41/><E65/><N who="0" m="25193" /><D2/><U11/><E93/><V125/><F40/><W105/><G31/><T50/><D50/><U80/><E23/><N who="2" m="11703" /><F125/><W106/><AGARI ba="0,0" hai="21,27,30,48,55,57,105,106" m="39497,50731" machi="106" ten="30,2000,0" yaku="20,1,52,1" doraHai="24,86" who="3" fromWho="3" sc="172,-5,260,-5,232,-10,336,20" /><INIT seed="3,0,0,1,0,39" ten="167,255,222,356" oya="3" hai0="55,79,48,2,115,66,77,118,127,103,120,106,54" hai1="46,22,76,95,1,121,110,87,12,5,133,25,83" hai2="53,31,107,93,62,85,64,26,97,30,119,134,3" hai3="129,45,105,24,9,99,117,4,6,32,126,38,20"/><W61/><G117/><T135/><D2/><U33/><E121/><V28/><F119/><W104/><G32/><T114/><D118/><U16/><E110/><V47/><F134/><W23/><G129/><T10/><D135/><U68/><E68/><V41/><F3/><W130/><G130/><T112/><D127/><U44/><E95/><V113/><F53/><W123/><G123/><T35/><D35/><U14/><E14/><V17/><F17/><W57/><G126/><T70/><D120/><U91/><E91/><V90/><F113/><W29/><G23/><T108/><D108/><U60/><E60/><V42/><F47/><W88/><G38/><T74/><D74/><U50/><E50/><V128/><F128/><W100/><G45/><T80/><D80/><U59/><E59/><N who="2" m="36959" /><F107/><W40/><G40/><N who="2" m="15465" /><F26/><W124/><G105/><T73/><D73/><U102/><E133/><V18/><F18/><W78/><G6/><T21/><D10/><N who="1" m="2351" /><E102/><V56/><F56/><W15/><G100/><T43/><D21/><U84/><E84/><AGARI ba="0,0" hai="28,30,31,84,85,90,93,97" m="15465,36959" machi="84" ten="30,7700,0" yaku="8,1,52,3" doraHai="39" who="2" fromWho="1" sc="167,0,255,-77,222,77,356,0" owari="167,-33.0,178,-22.0,299,10.0,356,45.0" /></mjloggm>