<mjloggm ver="2.3"><GO type="97" lobby="0"/><UN n0="%E8%BF%85%63%68%61%6E%E2%99%AA" n1="%E3%81%AC%E3%82%8B%E3%82%8A%E3%82%93%E3%81%93" n2="%E5%B0%B1%E6%B4%BB%E7%94%9F%40%E5%B7%9D%E6%9D%91%E8%BB%8D%E5%9B%A3" n3="%68%61%6E%67%61%6B%75" dan="13,16,15,14" rate="1875.29,2105.35,1944.51,1965.92" sx="M,F,M,M"/><TAIKYOKU oya="0"/><INIT seed="0,0,0,5,4,62" ten="250,250,250,250" oya="0" hai0="121,114,80,100,33,133,70,76,37,104,88,41,38" hai1="3,69,106,65,40,85,63,98,30,23,10,49,28" hai2="77,48,8,112,116,117,97,6,2,92,134,21,82" hai3="109,1,135,45,56,105,52,122,59,131,75,42,39"/><T96/><D121/><U0/><E85/><V95/><F112/><W102/><G122/><T89/><D133/><U64/><E64/><V81/><F134/><W90/><G135/><T60/><D114/><U83/><E83/><V130/><F130/><W128/><G1/><T72/><D33/><U13/><E23/><V61/><F21/><W32/><G32/><T58/><D70/><U7/><E3/><V119/><F48/><W107/><G75/><T132/><D132/><U18/><E18/><V126/><F126/><W125/><G125/><T36/><REACH who="0" step="1"/><D41/><REACH who="0" ten="240,250,250,250" step="2"/><U67/><E40/><V93/><F97/><W5/><G131/><T129/><D129/><U51/><E69/><V120/><F120/><W118/><G128/><T31/><D31/><U124/><E30/><V4/><F77/><W84/><G42/><T22/><D22/><U103/><E28/><V26/><F116/><W68/><G68/><T50/><D50/><U9/><E51/><V53/><F119/><W91/><G118/><T111/><D111/><U15/><E49/><V71/><F117/><W43/><G109/><T55/><AGARI ba="0,1" hai="36,37,38,55,58,60,72,76,80,88,89,96,100,104" machi="55" ten="30,6000,0" yaku="1,1,0,1,54,1,53,0" doraHai="62" doraHaiUra="17" who="0" fromWho="0" sc="240,70,250,-20,250,-20,250,-20" /><INIT seed="0,1,0,0,4,69" ten="310,230,230,230" oya="0" hai0="81,44,126,27,70,118,8,71,116,120,103,117,114" hai1="61,99,39,128,32,19,50,65,43,68,79,47,104" hai2="76,10,90,91,21,52,94,48,22,18,108,58,3" hai3="97,28,53,115,35,109,85,100,102,15,72,107,46"/><T122/><D81/><U1/><E128/><V29/><F108/><W34/><G115/><T17/><D103/><U95/><E1/><V31/><F76/><W42/><G72/><T4/><D114/><U131/><E131/><V73/><F73/><W88/><G109/><T14/><D44/><U63/><E104/><V25/><F90/><W83/><G28/><T23/><D71/><U133/><E133/><V41/><F41/><W77/><G102/><T105/><D70/><U33/><E61/><V113/><F113/><W45/><G77/><T64/><D64/><U132/><E132/><V74/><F74/><W121/><G121/><N who="0" m="46699" /><D105/><U24/><E79/><V38/><F38/><W40/><G53/><T7/><D126/><U9/><E50/><V11/><F3/><W59/><G59/><T0/><D0/><U30/><E95/><V26/><F18/><AGARI ba="1,0" hai="4,7,8,14,17,18,23,27,116,117,118" m="46699" machi="18" ten="40,3900,0" yaku="34,2" doraHai="69" who="0" fromWho="2" sc="310,42,230,0,230,-42,230,0" /><INIT seed="0,2,0,1,0,87" ten="352,230,188,230" oya="0" hai0="128,19,58,65,105,69,71,104,41,37,67,44,74" hai1="64,129,83,126,10,1,93,79,29,21,99,133,110" hai2="92,111,32,113,24,97,66,13,109,57,106,96,112" hai3="6,34,12,14,102,39,3,5,11,54,48,101,33"/><T52/><D74/><U80/><E110/><N who="2" m="41995" /><F32/><W56/><G39/><T68/><D19/><U40/><E126/><V51/><F24/><W46/><G3/><T28/><D28/><U84/><E129/><V16/><F106/><W94/><G6/><T76/><D76/><U115/><E133/><V116/><F116/><W36/><G14/><T50/><D104/><U89/><E115/><V117/><F117/><W88/><G36/><T86/><D105/><U91/><E40/><V90/><F97/><W20/><G20/><T4/><D4/><U134/><E134/><V82/><F82/><W2/><G46/><N who="0" m="23855" /><D86/><N who="1" m="48415" /><E1/><V62/><F51/><W8/><G2/><T25/><D25/><N who="1" m="16559" /><E64/><N who="0" m="24649" /><D128/><U120/><E120/><V0/><F0/><W114/><G114/><T35/><D35/><U124/><E124/><V75/><F75/><W18/><G5/><T59/><AGARI ba="2,0" hai="44,50,52,58,59,68,69,71" m="24649,23855" machi="59" ten="40,18000,2" yaku="35,5,54,1" doraHai="87" who="0" fromWho="0" sc="352,186,230,-62,188,-62,230,-62" /><INIT seed="0,3,0,2,1,66" ten="538,168,126,168" oya="0" hai0="6,71,99,97,86,26,109,119,61,90,79,81,1" hai1="133,31,13,8,27,87,65,20,91,111,44,54,64" hai2="45,117,58,116,48,89,73,28,129,60,51,124,105" hai3="96,69,7,120,125,84,16,41,68,126,0,4,75"/><T39/><D119/><N who="2" m="45642" /><F105/><W72/><G120/><T5/><D39/><U108/><E111/><V103/><F73/><N who="3" m="28235" /><G41/><T93/><D109/><U12/><E133/><V101/><F28/><W19/><G84/><T113/><D113/><U17/><E108/><V52/><F129/><W24/><G96/><T33/><D1/><U32/><E32/><V49/><F124/><N who="3" m="47723" /><G0/><T56/><D71/><N who="3" m="27209" /><G24/><T35/><D35/><U14/><E65/><V127/><F127/><W21/><G21/><T57/><D33/><U121/><E64/><V118/><N who="2" m="45650" /><V55/><DORA hai="83" /><F89/><W102/><G102/><AGARI ba="3,0" hai="45,48,49,51,52,55,58,60,101,102,103" m="45650" machi="102" ten="40,2600,0" yaku="12,1,54,1" doraHai="66,83" who="2" fromWho="3" sc="538,0,168,0,126,35,168,-35" /><INIT seed="1,0,0,2,2,70" ten="538,168,161,133" oya="1" hai0="80,73,114,78,17,36,67,113,72,20,87,16,50" hai1="123,103,91,124,86,95,83,5,51,85,25,60,45" hai2="130,94,107,74,31,133,26,34,108,59,100,90,104" hai3="6,68,117,63,93,98,62,21,64,89,82,126,61"/><U28/><E123/><V22/><F74/><W42/><G126/><T121/><D121/><U14/><E124/><V122/><F122/><W23/><G117/><T13/><D36/><U111/><E111/><V66/><F108/><W96/><G6/><T128/><D128/><U97/><E60/><N who="2" m="38175" /><F130/><W40/><G68/><T53/><D67/><U24/><E28/><V69/><F69/><W99/><G64/><T55/><D55/><U8/><REACH who="1" step="1"/><E86/><REACH who="1" ten="538,158,161,133" step="2"/><V56/><F133/><W12/><G82/><T119/><D119/><U54/><AGARI ba="0,1" hai="5,8,14,24,25,45,51,54,83,85,91,95,97,103" machi="54" ten="20,18000,2" yaku="1,1,2,1,0,1,7,1,8,1,53,1" doraHai="70" doraHaiUra="3" who="1" fromWho="1" sc="538,-60,158,190,161,-60,133,-60" /><INIT seed="1,1,0,1,4,91" ten="478,348,101,73" oya="1" hai0="73,5,134,85,87,27,92,78,0,104,25,86,65" hai1="61,48,95,46,35,49,44,51,106,70,74,6,89" hai2="103,36,26,80,129,115,101,53,31,24,52,37,1" hai3="11,130,128,124,54,8,67,9,108,133,98,20,75"/><U45/><E106/><V96/><F1/><W121/><G121/><T57/><D104/><U125/><E125/><V58/><F115/><W32/><G32/><T132/><D0/><U28/><E74/><V127/><F127/><W131/><G124/><T79/><D5/><U100/><E6/><V19/><F129/><W119/><G75/><T110/><D110/><U42/><E100/><V29/><F80/><W97/><G67/><T15/><D15/><U2/><E2/><V3/><F3/><W41/><G41/><T113/><D113/><U39/><E70/><V71/><F71/><W7/><G7/><T111/><D111/><U94/><E61/><V34/><F19/><W116/><G108/><T33/><D33/><U120/><E120/><V43/><F43/><W13/><G133/><N who="0" m="51307" /><D92/><U77/><E77/><N who="0" m="29193" /><D73/><U93/><REACH who="1" step="1"/><E89/><REACH who="1" ten="478,338,101,73" step="2"/><V12/><F103/><W22/><G13/><T105/><D105/><U76/><E76/><V17/><F12/><W90/><G90/><T135/><D135/><U109/><E109/><V10/><F101/><W122/><G122/><T30/><D30/><U60/><E60/><AGARI ba="1,1" hai="25,27,57,60,65,85,86,87" m="29193,51307" machi="60" ten="40,1300,0" yaku="20,1" doraHai="91" who="0" fromWho="1" sc="478,26,338,-16,101,0,73,0" /><INIT seed="2,0,0,2,3,106" ten="504,322,101,73" oya="2" hai0="134,71,60,39,124,31,87,42,2,115,23,88,123" hai1="103,92,17,35,90,117,127,3,6,76,108,54,121" hai2="101,32,112,66,84,74,15,132,61,52,41,126,46" hai3="40,93,62,10,89,43,0,26,116,96,33,5,72"/><V45/><F74/><W47/><G116/><T94/><D123/><U55/><E117/><V7/><F32/><W56/><G72/><T128/><D115/><U53/><E121/><V13/><F112/><W97/><G97/><T111/><D2/><U11/><E35/><V49/><F126/><W85/><G47/><T77/><D124/><U109/><E127/><V9/><F132/><W24/><G85/><T105/><D134/><U113/><E113/><V130/><F130/><W110/><G110/><N who="1" m="42602" /><E76/><V68/><F101/><W19/><G26/><T34/><D128/><U95/><E103/><V63/><F84/><W78/><G78/><T131/><D77/><U67/><E67/><V98/><F98/><W14/><G33/><T119/><D23/><U22/><E90/><V133/><F133/><W29/><G29/><T70/><D94/><U82/><E82/><V125/><F125/><W44/><G44/><T114/><D87/><U64/><E64/><V12/><REACH who="2" step="1"/><F63/><REACH who="2" ten="504,322,91,73" step="2"/><W27/><G96/><T100/><D60/><U79/><E79/><V104/><F104/><W4/><G0/><T1/><D100/><U118/><E118/><V86/><F86/><W50/><G89/><T16/><D105/><U69/><E92/><V28/><F28/><W81/><G93/><T21/><D31/><U38/><E95/><V73/><F73/><W57/><G81/><T36/><D88/><U83/><E83/><V20/><F20/><W25/><G10/><T75/><D21/><U129/><E129/><V58/><F58/><W8/><G57/><T120/><D111/><U18/><E3/><RYUUKYOKU ba="0,1" sc="504,-10,322,-10,91,30,73,-10" hai2="7,9,12,13,15,41,45,46,49,52,61,66,68" /><INIT seed="2,1,1,1,2,16" ten="494,312,121,63" oya="2" hai0="133,52,3,68,120,31,97,112,78,41,32,15,122" hai1="8,127,132,6,5,67,24,119,126,49,2,135,45" hai2="69,111,125,94,57,114,33,103,34,116,93,23,82" hai3="58,74,72,115,42,47,17,98,55,80,11,71,36"/><V53/><F116/><W79/><G71/><T100/><D68/><U48/><E119/><V44/><F69/><W73/><G115/><T102/><D112/><U95/><E67/><V124/><F114/><W30/><G30/><T101/><D3/><U37/><E6/><V75/><F111/><W113/><G113/><T91/><D41/><N who="1" m="22703" /><E24/><V70/><F70/><W43/><G43/><T9/><D78/><U25/><E25/><V4/><F4/><W38/><G38/><T59/><D133/><N who="1" m="51275" /><E95/><V54/><F44/><W84/><G98/><T117/><D91/><U21/><E21/><V65/><F65/><W131/><G131/><T107/><D31/><U20/><E20/><V29/><F75/><W76/><G76/><T87/><D32/><U96/><E96/><V63/><F82/><W27/><G74/><T105/><D87/><U66/><E66/><V130/><F130/><W83/><G83/><T35/><D117/><U39/><E39/><V129/><F129/><W40/><G40/><T7/><D35/><U104/><E104/><V88/><F103/><W128/><G128/><T77/><D77/><U61/><E61/><V56/><F34/><W106/><G106/><T123/><D107/><U110/><E110/><V46/><F33/><W19/><G27/><T92/><D105/><U134/><N who="1" m="51283" /><U13/><DORA hai="0" /><E13/><V14/><F14/><N who="3" m="7391" /><G19/><T60/><AGARI ba="1,1" hai="7,9,15,52,59,60,92,97,100,101,102,120,122,123" machi="60" ten="30,4000,0" yaku="0,1,52,1,54,1" doraHai="16,0" who="0" fromWho="0" sc="494,53,312,-11,121,-21,63,-11" /><INIT seed="3,0,0,2,5,131" ten="547,301,100,52" oya="3" hai0="125,58,49,74,38,72,71,75,110,127,113,13,68" hai1="60,54,2,11,36,42,17,119,86,102,83,61,1" hai2="93,108,105,109,56,111,31,51,45,48,95,33,117" hai3="34,92,50,70,21,79,101,116,26,104,91,85,5"/><W88/><G116/><T135/><D135/><U90/><E119/><V52/><F105/><W14/><G34/><T129/><D129/><U66/><E102/><V100/><F117/><W23/><G70/><N who="0" m="26667" /><D110/><U80/><E54/><N who="2" m="29967" /><F100/><W57/><G104/><T16/><D38/><U41/><E17/><V115/><F115/><W63/><G50/><T20/><D113/><U62/><E83/><V130/><F130/><W39/><G39/><T3/><D3/><U99/><E86/><V8/><F8/><N who="3" m="4367" /><G79/><T29/><D29/><U27/><E60/><V55/><F55/><N who="3" m="34239" /><G101/><T25/><D49/><U76/><E76/><V78/><F78/><W87/><G26/><AGARI ba="0,0" hai="26,31,33,51,52,56,93,95,108,109,111" m="29967" machi="26" ten="30,2000,0" yaku="14,1,54,1" doraHai="131" who="2" fromWho="3" sc="547,0,301,0,100,20,52,-20" owari="547,65.0,301,10.0,120,-28.0,32,-47.0" /></mjloggm>