<mjloggm ver="2.3"><GO type="169" lobby="0"/><UN n0="%E3%83%9E%E3%83%AB%E3%83%9E%E3%82%A4%E3%83%B3" n1="%E3%83%88%E3%83%88%E3%83%AA%E5%85%88%E7%94%9F%31%39%E6%AD%B3" n2="%E6%9D%BE%E5%B3%B6" n3="%6D%6F%6B%61%2D" dan="17,17,16,16" rate="2097.41,2257.66,2111.27,2164.72" sx="M,F,F,M"/><TAIKYOKU oya="0"/><INIT seed="0,0,0,3,5,79" ten="250,250,250,250" oya="0" hai0="45,3,34,54,106,95,21,120,100,69,126,30,89" hai1="8,46,26,134,119,39,116,18,127,49,97,60,86" hai2="105,81,0,22,38,41,107,63,82,1,27,78,122" hai3="77,11,36,72,31,7,56,12,5,40,65,53,74"/><T85/><D120/><U73/><E73/><V124/><F122/><W128/><G65/><T118/><D118/><U102/><E39/><V92/><F92/><W44/><G128/><T133/><D34/><U83/><E134/><V4/><F124/><W9/><G31/><T123/><D123/><U42/><E127/><V103/><F63/><W125/><G125/><T93/><D126/><U61/><E119/><V59/><F59/><W101/><G101/><T111/><D69/><U121/><E121/><V51/><F51/><W112/><G112/><T129/><D3/><U109/><E109/><V6/><F103/><W130/><G130/><T70/><D70/><U50/><E50/><V66/><F66/><W132/><G132/><T114/><D129/><U67/><E67/><V15/><F15/><W57/><G57/><T87/><D133/><U28/><E18/><V43/><F78/><W64/><G64/><T19/><D30/><U90/><E8/><V135/><F135/><W71/><G71/><T35/><D35/><U108/><E108/><V99/><F99/><W94/><G94/><T62/><D114/><U84/><E84/><N who="0" m="32329" /><D111/><U29/><E29/><V10/><F10/><W16/><G77/><T24/><D89/><U117/><E117/><V88/><F88/><W47/><G47/><T131/><D131/><U96/><E116/><V80/><F38/><W2/><REACH who="3" step="1"/><G7/><REACH who="3" ten="250,250,250,240" step="2"/><N who="2" m="2601" /><F105/><W33/><G33/><T48/><D62/><AGARI ba="0,1" hai="2,5,9,11,12,16,36,40,44,53,56,62,72,74" machi="62" ten="30,3900,0" yaku="1,1,7,1,54,1,53,0" doraHai="79" doraHaiUra="91" who="3" fromWho="0" sc="250,-39,250,0,250,0,240,49" /><INIT seed="1,0,0,4,3,11" ten="211,250,250,289" oya="1" hai0="122,22,109,75,129,31,108,49,54,61,60,92,98" hai1="106,74,71,59,88,56,4,97,128,55,112,58,14" hai2="77,73,34,53,125,72,78,39,118,115,13,91,16" hai3="35,82,62,107,28,37,24,26,99,105,119,103,126"/><U127/><E112/><V21/><F118/><W130/><G130/><T47/><D75/><U44/><E74/><V1/><F1/><W36/><G126/><T30/><D129/><U27/><E71/><V42/><F115/><W83/><G107/><T69/><D122/><U121/><E121/><V66/><F34/><W101/><G101/><T84/><D84/><U48/><E128/><V76/><F125/><W50/><G26/><T6/><D6/><U57/><E127/><V65/><F91/><W96/><G96/><T94/><D94/><N who="1" m="56519" /><E106/><V0/><F0/><W29/><G29/><N who="0" m="10763" /><D69/><U12/><E27/><V80/><F53/><W113/><G113/><T123/><D123/><U117/><E4/><V18/><F18/><W134/><G37/><T89/><D22/><U100/><E100/><V110/><F110/><AGARI ba="0,0" hai="47,49,54,60,61,89,92,98,108,109,110" m="10763" machi="110" ten="30,1000,0" yaku="14,1" doraHai="11" who="0" fromWho="2" sc="211,10,250,0,250,-10,289,0" /><INIT seed="2,0,0,5,5,74" ten="221,250,240,289" oya="2" hai0="122,95,42,20,9,100,130,1,126,70,19,121,91" hai1="32,117,115,109,125,116,57,46,66,124,132,40,135" hai2="31,23,13,108,29,55,99,61,67,90,73,33,107" hai3="56,48,80,113,71,11,8,64,16,6,25,78,96"/><V84/><F73/><W72/><G113/><T88/><D70/><U68/><E32/><V127/><F127/><N who="1" m="48713" /><E115/><V65/><F108/><W103/><G71/><T110/><D126/><U15/><E15/><V131/><F131/><W106/><G6/><T18/><D100/><U24/><E24/><V5/><F33/><W7/><G7/><T98/><D110/><U79/><E109/><V82/><F107/><W35/><G35/><T4/><D130/><U133/><E68/><V37/><F37/><W87/><G72/><T62/><D62/><N who="1" m="38223" /><E79/><N who="2" m="46175" /><F5/><W34/><G34/><T10/><D4/><U69/><E69/><V12/><F29/><W75/><G75/><T28/><D28/><U128/><E128/><V47/><F12/><W97/><G97/><T26/><D98/><U94/><E94/><N who="2" m="56791" /><F13/><W49/><G11/><T3/><D26/><U83/><E83/><V38/><F38/><AGARI ba="0,0" hai="38,40,46,116,117,132,133,135" m="38223,48713" machi="38" ten="40,8000,1" yaku="20,1,18,1,34,2" doraHai="74" who="1" fromWho="2" sc="221,0,250,80,240,-80,289,0" /><INIT seed="3,0,0,2,5,95" ten="221,330,160,289" oya="3" hai0="10,133,39,4,78,94,25,37,42,17,87,31,96" hai1="3,2,51,120,23,115,82,111,20,0,108,129,72" hai2="28,54,65,56,60,24,52,41,71,81,89,62,16" hai3="26,85,67,9,84,132,49,47,90,118,103,12,134"/><W93/><G118/><T121/><D121/><U80/><E120/><V43/><F54/><W64/><G26/><T122/><D122/><U61/><E51/><V70/><F70/><W109/><G109/><N who="1" m="42058" /><E72/><V86/><REACH who="2" step="1"/><F16/><REACH who="2" ten="221,330,150,289" step="2"/><N who="3" m="8207" /><G134/><T22/><D133/><U88/><E115/><V13/><F13/><W127/><G132/><T59/><D17/><U15/><E15/><V128/><F128/><W125/><G125/><T113/><D113/><U34/><E129/><V35/><AGARI ba="0,1" hai="24,28,35,41,43,52,56,60,62,65,71,81,86,89" machi="35" ten="20,12000,2" yaku="1,1,0,1,7,1,54,1,53,2" doraHai="95" doraHaiUra="57" who="2" fromWho="2" sc="221,-30,330,-30,150,130,289,-60" /><INIT seed="4,0,0,5,1,72" ten="191,300,280,229" oya="0" hai0="18,26,43,125,98,131,82,74,45,57,20,9,84" hai1="108,113,69,30,104,19,107,11,44,50,123,6,22" hai2="32,135,80,71,97,105,102,54,41,78,4,66,3" hai3="21,5,90,93,91,129,132,128,23,85,106,48,119"/><T7/><D125/><U121/><E108/><V126/><F54/><W67/><G119/><T55/><D131/><N who="3" m="50249" /><G106/><T115/><D115/><U65/><E30/><V14/><F14/><W33/><G33/><T68/><D68/><U73/><E73/><N who="2" m="43087" /><F41/><W75/><G75/><T133/><D74/><U35/><E35/><V87/><F87/><N who="3" m="52447" /><G5/><T101/><D133/><U114/><E123/><V10/><F135/><W40/><G67/><T8/><D7/><U13/><E121/><V70/><F126/><W28/><G28/><T127/><D127/><U95/><E65/><V99/><F32/><W64/><G64/><T110/><D110/><U31/><E95/><V15/><F66/><W51/><G132/><T38/><D55/><U118/><E31/><V27/><F27/><W1/><G1/><T89/><REACH who="0" step="1"/><D57/><REACH who="0" ten="181,300,280,229" step="2"/><U76/><E69/><V60/><F70/><W100/><G40/><T88/><D88/><U120/><E120/><V77/><F71/><W61/><G100/><T79/><D79/><U53/><E76/><V39/><F77/><W63/><G23/><T37/><D37/><U124/><E124/><V52/><F39/><W47/><G21/><T117/><D117/><U42/><E53/><V16/><F52/><W130/><G130/><T103/><D103/><U25/><E118/><V34/><F34/><W109/><G109/><T36/><D36/><U0/><E0/><V2/><F2/><W122/><G122/><T29/><D29/><U116/><E116/><V111/><F111/><W62/><G47/><T49/><D49/><U86/><E44/><V81/><F3/><RYUUKYOKU ba="0,1" sc="181,15,300,-15,280,-15,229,15" hai0="8,9,18,20,26,38,43,45,82,84,89,98,101" hai3="48,51,61,62,63,85,91" /><INIT seed="4,1,1,3,3,69" ten="196,285,265,244" oya="0" hai0="87,126,101,29,103,70,79,52,90,37,27,129,9" hai1="0,21,18,91,116,41,54,105,75,48,28,49,107" hai2="83,80,1,106,78,85,121,10,4,102,93,53,12" hai3="134,68,94,113,55,132,114,127,38,64,71,8,98"/><T86/><D70/><N who="3" m="26665" /><G64/><T108/><D126/><U56/><E116/><V63/><F121/><W72/><G72/><T110/><D9/><U15/><E0/><V81/><F1/><W125/><G8/><T123/><D123/><U115/><E75/><V67/><F106/><W39/><G55/><T62/><D79/><U34/><E115/><N who="3" m="44042" /><G94/><T19/><D19/><U6/><E6/><V40/><F40/><W60/><G60/><T59/><D129/><U51/><E41/><V50/><F67/><W109/><G109/><N who="0" m="42091" /><D87/><U73/><E73/><V36/><F63/><W58/><G58/><T11/><D11/><U45/><E56/><V25/><F25/><W89/><G89/><T66/><D66/><U133/><E91/><V104/><F104/><W22/><G98/><T32/><D37/><N who="3" m="13833" /><G22/><T118/><D118/><U47/><E21/><V44/><F36/><W124/><AGARI ba="1,1" hai="124,125,127,132,134" m="13833,44042,26665" machi="124" ten="50,24000,4" yaku="28,2,18,1,15,1,31,2,34,2,52,3" doraHai="69" who="3" fromWho="3" sc="196,-121,285,-61,265,-61,244,253" /><INIT seed="5,0,0,0,0,88" ten="75,224,204,497" oya="1" hai0="83,37,62,23,122,100,132,3,27,70,53,98,99" hai1="77,19,106,120,36,13,51,40,1,91,93,54,126" hai2="5,107,31,81,108,112,43,67,66,123,17,74,42" hai3="20,47,63,79,94,135,15,90,89,76,21,28,115"/><U111/><E120/><V57/><F107/><W80/><G115/><T128/><D37/><U12/><E106/><V117/><F117/><W85/><G135/><T75/><D3/><U4/><E1/><V16/><F112/><W7/><G63/><T69/><D132/><U129/><E129/><V72/><F123/><W49/><G28/><T78/><D122/><U60/><E126/><V65/><F31/><W101/><G101/><T127/><D127/><U97/><E111/><V96/><F5/><W82/><G21/><T124/><D124/><U121/><E121/><V55/><F108/><W0/><G0/><T10/><D128/><U34/><E34/><V48/><F96/><N who="3" m="57423" /><G82/><T50/><D10/><N who="1" m="4167" /><E36/><V125/><F125/><W14/><G14/><T102/><D100/><U6/><E60/><V133/><F133/><W134/><G134/><T52/><D99/><U114/><E6/><V71/><F71/><W59/><G59/><T39/><D39/><U26/><E26/><V18/><REACH who="2" step="1"/><F81/><REACH who="2" ten="75,224,194,497" step="2"/><W130/><G130/><T104/><D69/><U68/><E68/><V2/><F2/><W95/><G80/><T119/><D119/><U56/><E114/><V25/><F25/><W9/><G20/><T46/><D23/><U38/><E13/><V58/><F58/><W118/><G118/><T84/><D27/><U113/><E113/><V109/><F109/><W32/><G32/><T131/><D131/><U86/><E97/><V24/><F24/><W44/><G44/><T92/><D104/><U105/><E105/><V29/><F29/><W33/><G33/><T8/><D70/><RYUUKYOKU ba="0,1" sc="75,-15,224,-15,194,15,497,15" hai2="16,17,18,42,43,48,55,57,65,66,67,72,74" hai3="7,9,15,47,49,76,79,85,90,95" /><INIT seed="6,1,1,5,1,56" ten="60,209,209,512" oya="2" hai0="1,22,63,101,104,52,80,42,87,108,103,84,2" hai1="133,35,27,131,115,89,94,85,23,64,83,36,66" hai2="40,59,70,18,125,41,28,0,47,44,90,5,107" hai3="14,119,53,30,135,120,13,98,117,74,72,92,48"/><V29/><F107/><W67/><G120/><T11/><D108/><U132/><E36/><V55/><F125/><W121/><G121/><T9/><D104/><U128/><E35/><V124/><F124/><W62/><G74/><T57/><D42/><N who="2" m="16490" /><F70/><W17/><G72/><T50/><D1/><U4/><E4/><V78/><F78/><W95/><G30/><N who="2" m="11881" /><F5/><W32/><G32/><T86/><D2/><U112/><E23/><V76/><F76/><W16/><G117/><T65/><D80/><U71/><E27/><V100/><F100/><W93/><G98/><T39/><D39/><U31/><E31/><V33/><F33/><W37/><G37/><T68/><REACH who="0" step="1"/><D22/><REACH who="0" ten="50,209,209,512" step="2"/><U21/><E21/><V109/><F109/><W110/><G110/><T102/><AGARI ba="1,2" hai="9,11,50,52,57,63,65,68,84,86,87,101,102,103" machi="102" ten="30,8000,1" yaku="1,1,2,1,0,1,52,1,54,1,53,0" doraHai="56" doraHaiUra="26" who="0" fromWho="0" sc="50,103,209,-21,209,-41,512,-21" /><INIT seed="7,0,0,1,1,29" ten="153,188,168,491" oya="3" hai0="112,9,21,120,64,74,133,79,127,125,35,109,99" hai1="28,84,129,102,101,43,33,89,123,73,104,113,98" hai2="15,22,12,82,65,50,126,7,30,34,75,17,54" hai3="94,100,59,10,3,60,66,51,31,88,105,37,87"/><W62/><G37/><T48/><D109/><U14/><E123/><V72/><F126/><N who="0" m="48138" /><D120/><U119/><E73/><V38/><F38/><W13/><G3/><T2/><D74/><U6/><E113/><V58/><F65/><W18/><G31/><T23/><D79/><U115/><E115/><V135/><F135/><W122/><G122/><T41/><D112/><U78/><E43/><V16/><F7/><W4/><G105/><T42/><D133/><U63/><E129/><V56/><F56/><N who="3" m="37127" /><G51/><T40/><D64/><U8/><E119/><V131/><F131/><W52/><G100/><T0/><D48/><U128/><E128/><V118/><F118/><W81/><G4/><N who="0" m="1175" /><D0/><U46/><E63/><V83/><F75/><W124/><G124/><T68/><D68/><U76/><E101/><V121/><F72/><W117/><G117/><T93/><D35/><U36/><E36/><V32/><F121/><W92/><AGARI ba="0,0" hai="10,13,18,52,59,62,81,87,88,92,94" m="37127" machi="92" ten="30,6000,0" yaku="8,1,54,2" doraHai="29" who="3" fromWho="3" sc="153,-20,188,-20,168,-20,491,60" owari="133,-37.0,168,-3.0,148,-25.0,551,65.0" /></mjloggm>