<mjloggm ver="2.3"><GO type="169" lobby="0"/><UN n0="%65%72%61%6E%76%69%74%61" n1="%28%5E%5E%5E%29" n2="%4A%65%66%66" n3="%E5%B0%B1%E6%B4%BB%E7%94%9F%40%E5%B7%9D%E6%9D%91%E8%BB%8D%E5%9B%A3" dan="17,16,16,16" rate="2158.13,2042.56,2051.90,2146.58" sx="M,M,M,M"/><TAIKYOKU oya="0"/><INIT seed="0,0,0,2,3,41" ten="250,250,250,250" oya="0" hai0="126,40,83,63,90,87,111,44,109,29,113,84,0" hai1="75,85,19,97,13,107,43,45,100,17,88,31,125" hai2="26,122,110,52,48,95,39,12,60,28,115,16,99" hai3="94,67,114,14,72,15,9,86,106,8,51,5,123"/><T82/><D113/><U81/><E125/><V79/><F122/><W54/><G106/><T68/><D126/><U120/><E120/><V24/><F115/><W4/><G72/><T42/><D0/><U36/><E31/><V10/><F110/><N who="0" m="41994" /><D29/><U74/><REACH who="1" step="1"/><E19/><REACH who="1" ten="250,240,250,250" step="2"/><V78/><F39/><W71/><G114/><T89/><D68/><U56/><E56/><N who="2" m="32775" /><F28/><W53/><G123/><T93/><D63/><U119/><E119/><V131/><F131/><W55/><G71/><T20/><D20/><AGARI ba="0,1" hai="13,17,20,36,43,45,74,75,81,85,88,97,100,107" machi="20" ten="30,8000,1" yaku="1,1,7,1,52,1,54,1,53,1" doraHai="41" doraHaiUra="11" who="1" fromWho="0" sc="250,-80,240,90,250,0,250,0" /><INIT seed="1,0,0,2,5,107" ten="170,330,250,250" oya="1" hai0="77,58,26,66,117,82,104,67,45,75,97,15,94" hai1="103,43,124,65,10,85,128,78,125,28,106,9,20" hai2="95,126,24,88,25,93,23,98,91,52,109,64,80" hai3="42,27,37,33,134,112,38,89,99,55,57,115,7"/><U132/><E132/><V116/><F109/><W81/><G134/><T131/><D117/><U31/><E128/><V17/><F126/><N who="1" m="48745" /><E106/><V14/><F116/><W12/><G38/><T34/><D131/><U59/><E103/><V29/><F64/><W76/><G42/><T41/><D104/><U86/><E43/><V96/><F80/><W105/><G37/><T101/><D58/><U50/><E20/><V48/><REACH who="2" step="1"/><F29/><REACH who="2" ten="170,330,240,250" step="2"/><W127/><G127/><T0/><D67/><U54/><E65/><V68/><F68/><W6/><G112/><T120/><D66/><U49/><E28/><V22/><F22/><W87/><G115/><T129/><D129/><U44/><E31/><V47/><AGARI ba="0,1" hai="14,17,23,24,25,47,48,52,88,91,93,95,96,98" machi="47" ten="20,16000,3" yaku="1,1,0,1,7,1,9,1,8,1,54,2,53,2" doraHai="107" doraHaiUra="90" who="2" fromWho="2" sc="170,-40,330,-80,240,170,250,-40" /><INIT seed="2,0,0,5,3,108" ten="130,250,410,210" oya="2" hai0="33,130,70,88,43,14,91,95,24,23,5,10,4" hai1="9,52,107,100,22,116,13,90,120,27,20,39,7" hai2="68,51,112,42,109,75,98,45,8,123,89,19,104" hai3="50,17,55,78,0,85,37,16,56,67,97,12,71"/><V82/><F123/><W77/><G0/><T61/><D130/><U40/><E116/><V29/><F109/><W69/><G37/><T113/><D113/><U84/><E120/><V122/><F68/><W44/><G71/><T127/><D127/><U83/><E39/><V59/><F122/><W103/><G69/><T25/><D43/><U93/><E40/><V106/><F29/><W11/><G17/><T111/><D111/><U81/><E107/><V48/><F75/><W3/><G3/><T118/><D118/><U63/><E100/><V92/><F112/><W26/><G26/><T114/><D114/><U57/><REACH who="1" step="1"/><E22/><REACH who="1" ten="130,240,410,210" step="2"/><V36/><F36/><W32/><G32/><T115/><D115/><U87/><E87/><V49/><F104/><W34/><G34/><T121/><D121/><U54/><E54/><V35/><F106/><W66/><G66/><T80/><D33/><U15/><E15/><N who="2" m="7655" /><F35/><W79/><G85/><T74/><D74/><U119/><E119/><V86/><F59/><W46/><REACH who="3" step="1"/><G67/><REACH who="3" ten="130,240,410,200" step="2"/><T101/><D70/><U135/><E135/><V73/><F73/><W72/><G72/><T76/><D25/><U129/><E129/><V18/><F18/><AGARI ba="0,2" hai="7,9,13,18,20,27,52,57,63,81,83,84,90,93" machi="18" ten="30,7700,0" yaku="1,1,7,1,8,1,54,1,53,0" doraHai="108" doraHaiUra="110" who="1" fromWho="2" sc="130,0,240,97,410,-77,200,0" /><INIT seed="3,0,0,3,1,105" ten="130,337,333,200" oya="3" hai0="59,47,131,99,20,125,95,15,96,72,124,63,4" hai1="2,21,103,34,18,79,19,54,108,1,56,106,23" hai2="3,92,38,42,50,5,110,17,26,57,41,85,115" hai3="118,61,90,94,133,121,111,64,122,53,113,8,62"/><W93/><G118/><T58/><D131/><U134/><E34/><V74/><F74/><W49/><G113/><T16/><D72/><U119/><E108/><V82/><F115/><W45/><G111/><T6/><D47/><U31/><E134/><V28/><F110/><W24/><G133/><T114/><D114/><U83/><E31/><V43/><F38/><W70/><G93/><T71/><D71/><U89/><E89/><V132/><F132/><W51/><G62/><T86/><D86/><U87/><E103/><V12/><F92/><W116/><G116/><T13/><D13/><U130/><E106/><V30/><F5/><W91/><G91/><T48/><D48/><U109/><E109/><V27/><F3/><W10/><G24/><N who="2" m="9257" /><F57/><W77/><G77/><T36/><D36/><U67/><E130/><V104/><F50/><W81/><G81/><T97/><D95/><U60/><E119/><V98/><F98/><W135/><G135/><T68/><D68/><U117/><E117/><V129/><F129/><W126/><G126/><T102/><D102/><U11/><E11/><N who="2" m="6303" /><F104/><W33/><G33/><T100/><D100/><U9/><E9/><V84/><F84/><W52/><G121/><T40/><D40/><U120/><E120/><V69/><F69/><W112/><G112/><T0/><D0/><U7/><E2/><V127/><F127/><N who="0" m="48714" /><D59/><N who="1" m="37279" /><E1/><V123/><F123/><W14/><G122/><T39/><D39/><U32/><E32/><V35/><F35/><W80/><G80/><T73/><D73/><U46/><E46/><V107/><F107/><W55/><G45/><RYUUKYOKU ba="0,0" sc="130,15,337,-15,333,15,200,-15" hai0="4,6,15,16,20,58,63,96,97,99" hai2="28,30,41,42,43,82,85" /><INIT seed="4,1,0,3,5,70" ten="145,322,348,185" oya="0" hai0="119,3,73,4,89,30,88,47,57,99,40,16,62" hai1="8,44,56,25,59,76,34,122,134,107,116,124,54" hai2="21,72,125,7,97,27,69,64,118,37,81,93,101" hai3="9,36,20,23,48,102,51,71,1,131,129,42,12"/><T24/><D119/><U121/><E116/><V63/><F125/><W2/><G71/><T96/><D73/><U109/><E109/><V75/><F118/><W26/><G102/><T83/><D3/><N who="3" m="1033" /><G36/><T106/><D4/><U0/><E124/><V39/><F7/><N who="3" m="3135" /><G42/><T82/><D106/><U84/><E134/><V94/><F93/><W108/><G108/><T90/><D30/><U130/><E130/><N who="3" m="49674" /><G23/><N who="0" m="13415" /><D47/><U31/><E107/><V33/><F33/><W53/><G53/><N who="0" m="34095" /><D40/><U110/><E34/><V105/><F105/><W61/><G61/><T85/><D82/><U68/><E110/><V5/><F5/><W120/><G120/><T80/><D80/><U10/><E121/><V15/><F75/><W46/><G46/><T52/><D52/><U65/><E54/><V115/><F72/><W127/><G127/><T126/><D126/><U43/><E122/><V67/><F81/><W135/><G135/><T32/><D32/><U128/><E128/><V35/><F69/><W49/><G49/><T66/><D66/><U74/><E74/><V60/><F67/><W92/><G92/><N who="0" m="56343" /><D99/><U133/><E65/><V45/><F64/><W14/><G14/><T79/><AGARI ba="1,0" hai="79,83,85,88,89" m="56343,34095,13415" machi="79" ten="30,11700,0" yaku="25,1,8,1,54,2" doraHai="70" who="0" fromWho="0" sc="145,120,322,-40,348,-40,185,-40" /><INIT seed="4,2,0,0,5,6" ten="265,282,308,145" oya="0" hai0="50,51,34,98,113,109,131,81,68,88,96,44,42" hai1="16,125,72,84,118,53,87,3,15,80,129,79,130" hai2="89,135,33,61,100,67,52,71,83,126,99,1,0" hai3="94,38,119,36,56,66,28,54,25,17,31,134,132"/><T70/><D109/><U127/><E118/><V122/><F135/><N who="3" m="51755" /><G119/><T90/><D113/><U112/><E112/><V120/><F126/><N who="1" m="48137" /><E3/><V23/><F33/><W121/><G121/><T93/><D131/><N who="1" m="50187" /><E53/><V29/><F1/><W14/><G66/><T60/><D34/><U7/><E7/><V62/><F0/><W64/><G64/><T12/><D60/><U65/><E65/><V8/><F52/><W86/><G94/><T27/><D51/><U104/><E104/><V105/><F61/><N who="3" m="35991" /><G86/><T4/><D70/><U24/><E24/><V59/><F71/><W19/><G19/><T123/><D27/><U101/><E101/><V37/><F67/><W21/><G31/><T110/><D68/><U10/><AGARI ba="2,0" hai="10,15,16,72,79,80,84,87" m="50187,48137" machi="10" ten="30,7900,0" yaku="18,1,19,1,52,1,54,1" doraHai="6" who="1" fromWho="1" sc="265,-41,282,85,308,-22,145,-22" /><INIT seed="5,0,0,5,3,76" ten="224,367,286,123" oya="1" hai0="46,70,55,115,95,74,53,127,6,3,83,119,21" hai1="129,135,111,86,33,42,54,14,56,131,16,106,80" hai2="26,62,57,82,31,101,100,130,93,113,114,124,51" hai3="25,12,125,61,10,36,123,69,117,41,0,22,98"/><U121/><E121/><V96/><F130/><N who="1" m="49673" /><E106/><V15/><F15/><W90/><G123/><T59/><D119/><U109/><E33/><V38/><F38/><W68/><G117/><T87/><D70/><U65/><E65/><N who="2" m="39119" /><F124/><W91/><G0/><T99/><D127/><U44/><E54/><V50/><F101/><W19/><G125/><T60/><D74/><U133/><E56/><V132/><F132/><N who="1" m="50761" /><E44/><V8/><F8/><W7/><G41/><T37/><D115/><N who="2" m="44042" /><F82/><W105/><G36/><T58/><D37/><U52/><E52/><V97/><F97/><W40/><G40/><T112/><D46/><U88/><E42/><V34/><AGARI ba="0,0" hai="26,31,34,50,51,93,96,100" m="44042,39119" machi="34" ten="30,2000,0" yaku="15,1,11,1" doraHai="76" who="2" fromWho="2" sc="224,-5,367,-10,286,20,123,-5" /><INIT seed="6,0,0,1,1,52" ten="219,357,306,118" oya="2" hai0="6,42,77,15,97,27,61,131,51,4,85,50,49" hai1="70,41,68,112,79,72,9,103,88,121,53,114,134" hai2="87,116,69,128,101,84,23,47,93,46,111,31,48" hai3="65,119,22,38,43,14,21,96,57,37,66,8,59"/><V13/><F116/><W126/><G119/><T132/><D131/><U100/><E121/><V129/><F69/><W16/><G126/><T99/><D132/><U108/><E70/><V71/><F71/><W40/><G96/><T90/><D77/><U44/><E68/><V56/><F111/><W102/><G102/><T105/><D105/><U91/><E103/><V75/><F75/><W32/><G32/><T82/><D42/><N who="3" m="15913" /><G38/><T2/><D2/><U135/><E100/><V10/><F87/><W80/><G80/><T92/><D27/><U20/><E72/><V73/><F73/><W33/><G33/><T81/><D15/><U127/><E135/><V29/><F128/><W123/><G37/><T133/><D133/><U94/><E134/><V11/><F129/><W122/><G122/><T83/><REACH who="0" step="1"/><D61/><REACH who="0" ten="209,357,306,118" step="2"/><U30/><E108/><V130/><F130/><W125/><G125/><T19/><D19/><U58/><E127/><V98/><F31/><W104/><G104/><T25/><D25/><U55/><E30/><V63/><F29/><W120/><G120/><T7/><AGARI ba="0,1" hai="4,6,7,49,50,51,81,82,83,85,90,92,97,99" machi="7" ten="40,8000,1" yaku="1,1,0,1,29,2,8,1,53,0" doraHai="52" doraHaiUra="67" who="0" fromWho="0" sc="209,90,357,-20,306,-40,118,-20" /><INIT seed="7,0,0,0,2,60" ten="299,337,266,98" oya="3" hai0="98,131,103,25,124,108,46,96,42,59,66,63,26" hai1="84,86,93,119,89,65,118,132,130,18,76,105,75" hai2="6,23,5,135,107,68,49,35,123,24,47,112,31" hai3="32,69,4,57,97,104,37,109,115,13,53,87,20"/><W127/><G69/><T81/><D108/><U58/><E132/><V134/><F107/><W78/><G32/><T0/><D124/><U114/><E114/><V122/><F68/><W14/><G37/><T16/><D131/><U44/><E130/><V40/><F112/><W1/><G1/><T94/><D0/><U43/><E105/><V11/><F49/><W52/><G115/><T50/><D81/><N who="1" m="45215" /><E65/><V15/><F40/><W56/><G109/><T70/><D70/><U22/><E58/><V79/><F47/><W117/><G117/><N who="1" m="44554" /><E89/><V55/><F55/><W72/><G127/><T67/><D67/><U91/><E91/><V106/><F106/><W126/><G126/><T3/><D3/><U9/><E93/><V48/><F48/><W39/><G39/><T51/><D51/><N who="1" m="27039" /><E9/><N who="2" m="4527" /><F79/><W111/><G72/><T19/><D98/><U29/><E29/><V7/><F7/><W116/><G111/><T17/><AGARI ba="0,0" hai="16,17,19,25,26,42,46,50,59,63,66,94,96,103" machi="17" ten="30,7900,0" yaku="0,1,8,1,52,1,54,1" doraHai="60" who="0" fromWho="0" sc="299,79,337,-20,266,-20,98,-39" owari="378,47.0,317,12.0,246,-15.0,59,-44.0" /></mjloggm>