<mjloggm ver="2.3"><GO type="41" lobby="0"/><UN n0="%E8%BF%BD%E6%86%B6%E3%81%AE%E3%83%B4%E3%82%A3%E3%83%B4%E3%82%A3" n1="%4A%65%66%66" n2="%E5%B0%B1%E6%B4%BB%E7%94%9F%40%E5%B7%9D%E6%9D%91%E8%BB%8D%E5%9B%A3" n3="%E3%82%A6%E3%82%A7%E3%82%A4%EF%BC%9D%E3%82%A2%E3%83%92%E3%82%A3%E3%83%B3" dan="14,14,16,16" rate="1956.65,1935.05,2070.16,2026.10" sx="M,M,M,M"/><TAIKYOKU oya="0"/><INIT seed="0,0,0,3,2,49" ten="250,250,250,250" oya="0" hai0="117,54,21,70,22,119,6,11,74,79,125,76,25" hai1="71,57,105,97,30,115,134,88,60,15,2,90,131" hai2="92,48,95,64,13,62,51,113,41,72,23,39,67" hai3="84,33,12,50,120,45,112,94,20,9,107,34,69"/><T78/><D70/><U133/><E2/><V66/><F72/><W55/><G107/><T111/><D74/><U28/><E71/><V121/><F113/><W124/><G112/><T81/><D125/><U98/><E115/><V0/><F0/><W122/><G69/><T18/><D111/><U135/><E131/><V1/><F1/><W38/><G38/><T14/><D81/><U126/><E15/><V65/><F121/><N who="3" m="46699" /><G20/><T56/><REACH who="0" step="1"/><D22/><REACH who="0" ten="240,250,250,250" step="2"/><U85/><E126/><V44/><F23/><W87/><G124/><T5/><D5/><U27/><E133/><V100/><F92/><W17/><G94/><T91/><D91/><U63/><E134/><V99/><F95/><W73/><G73/><T32/><D32/><AGARI ba="0,1" hai="9,12,17,32,33,34,45,50,55,84,87" m="46699" machi="32" ten="30,2000,0" yaku="13,1,52,1" doraHai="49" who="3" fromWho="0" sc="240,-20,250,0,250,0,250,30" /><INIT seed="1,0,0,1,4,1" ten="220,250,250,280" oya="1" hai0="71,66,22,68,14,113,81,77,19,55,99,111,120" hai1="101,109,69,24,31,65,60,131,97,96,67,11,114" hai2="108,28,129,70,94,48,119,83,20,54,45,98,135" hai3="57,41,106,90,9,33,76,51,74,117,107,52,82"/><U133/><E114/><V42/><F70/><W3/><G33/><T88/><D113/><U61/><E131/><V35/><F35/><W121/><G121/><T25/><D120/><U5/><E133/><V87/><F119/><W34/><G34/><T104/><D111/><U64/><E109/><V46/><F135/><W85/><G117/><T79/><D55/><U86/><E86/><V23/><F108/><W126/><G126/><T37/><D37/><U4/><E69/><V30/><F129/><W100/><G41/><T73/><D79/><U72/><E72/><V32/><F32/><W10/><G3/><T127/><D127/><U122/><E122/><V124/><F124/><W105/><REACH who="3" step="1"/><G100/><REACH who="3" ten="220,250,250,270" step="2"/><T123/><D123/><U91/><E101/><N who="2" m="60631" /><F30/><W116/><G116/><T43/><D43/><U16/><E31/><V38/><F38/><W40/><G40/><T78/><D104/><U95/><E97/><V49/><F28/><W134/><G134/><T84/><D99/><U39/><E39/><V50/><F50/><W15/><G15/><T27/><D14/><N who="1" m="7263" /><E24/><V130/><F130/><W2/><G2/><T29/><D27/><U62/><AGARI ba="0,1" hai="4,5,60,61,62,64,65,67,91,95,96" m="7263" machi="62" ten="30,11700,0" yaku="8,1,52,2,54,1" doraHai="1" who="1" fromWho="1" sc="220,-39,250,127,250,-39,270,-39" /><INIT seed="1,1,0,4,0,0" ten="181,377,211,231" oya="1" hai0="17,114,115,53,6,116,94,59,58,82,105,64,1" hai1="131,122,31,65,49,120,44,99,37,93,92,36,117" hai2="11,19,40,46,128,135,121,113,123,125,33,110,112" hai3="22,41,107,18,102,70,38,132,7,68,16,54,34"/><U88/><E117/><V79/><F79/><W4/><G34/><T62/><D105/><U90/><E131/><V104/><F104/><W51/><G38/><T2/><D116/><U75/><E75/><V56/><F33/><W91/><G41/><T78/><D94/><U130/><E130/><V133/><F19/><W129/><G129/><T118/><D118/><U29/><E65/><V81/><F11/><W103/><G132/><N who="2" m="50761" /><F81/><W28/><G70/><T21/><D115/><N who="2" m="44106" /><F128/><W106/><G68/><T109/><D109/><U63/><E63/><V5/><F5/><N who="3" m="2123" /><G106/><T32/><D32/><U72/><E72/><V42/><F110/><W24/><G107/><T30/><D30/><U87/><E29/><V101/><F101/><N who="3" m="38411" /><G91/><T27/><D114/><U77/><E31/><V35/><F35/><W23/><G23/><T8/><D1/><U100/><E77/><V9/><F9/><W12/><G12/><T108/><D108/><U15/><E100/><V74/><F74/><W13/><G13/><T83/><D78/><U66/><E15/><V84/><F42/><W134/><G134/><T52/><REACH who="0" step="1"/><D64/><REACH who="0" ten="171,377,211,231" step="2"/><U26/><E66/><V76/><F76/><W47/><AGARI ba="1,1" hai="16,18,22,24,28,47,51,54" m="38411,2123" machi="47" ten="30,8000,1" yaku="8,1,52,3,54,1" doraHai="0" who="3" fromWho="3" sc="171,-21,377,-41,211,-21,231,93" /><INIT seed="2,0,0,0,0,47" ten="150,336,190,324" oya="2" hai0="107,9,6,3,38,70,21,37,104,72,113,18,49" hai1="61,58,50,56,40,88,13,17,12,66,133,46,30" hai2="92,11,36,8,126,68,119,103,100,71,121,23,15" hai3="43,32,123,125,57,51,90,111,54,64,22,25,89"/><V10/><F36/><W67/><G123/><T52/><D113/><U134/><E30/><V14/><F121/><W62/><G32/><T63/><D72/><U96/><E56/><V45/><F119/><W101/><G111/><T19/><D19/><U99/><E133/><V93/><F126/><W2/><G2/><T98/><D70/><N who="2" m="26666" /><F45/><N who="3" m="26047" /><G101/><N who="2" m="38985" /><F23/><W117/><G125/><T42/><D63/><U77/><E77/><V7/><F7/><W87/><G117/><T132/><D132/><U24/><E99/><V114/><F114/><W27/><G27/><T110/><D110/><U79/><E79/><V108/><F108/><W94/><G90/><T127/><D127/><U105/><E105/><V76/><F76/><W44/><G44/><T59/><D98/><U16/><E17/><AGARI ba="0,0" hai="17,22,25,54,57,62,64,67,87,89,94" m="26047" machi="17" ten="30,2000,0" yaku="8,1,52,1" doraHai="47" who="3" fromWho="1" sc="150,0,336,-20,190,0,324,20" /><INIT seed="3,0,0,1,2,55" ten="150,316,190,344" oya="3" hai0="51,97,5,64,20,56,7,21,69,27,135,123,12" hai1="103,6,39,129,108,115,19,1,78,68,130,88,77" hai2="62,82,110,31,52,2,125,75,17,131,81,47,48" hai3="124,9,133,121,22,104,79,122,90,14,54,116,35"/><W105/><G116/><T61/><D123/><U18/><E68/><V72/><F2/><W4/><G35/><T0/><D0/><U118/><E39/><V32/><F110/><W30/><G79/><N who="1" m="30218" /><E115/><V89/><F125/><W102/><G124/><T60/><D135/><U94/><E103/><V109/><F109/><W58/><G133/><T26/><D51/><U119/><E108/><V15/><F131/><N who="1" m="50185" /><E6/><V10/><F81/><W100/><G105/><T80/><D80/><U41/><E41/><V63/><F75/><W65/><G104/><T127/><D97/><N who="1" m="57543" /><E1/><V99/><F72/><W126/><G126/><T132/><D132/><U93/><E93/><V37/><F37/><W28/><G122/><T92/><D92/><U71/><E71/><V112/><F112/><W67/><G121/><T33/><D127/><U128/><N who="1" m="50193" /><U66/><DORA hai="59" /><E66/><V11/><F32/><W74/><G74/><T101/><D33/><U107/><E107/><V106/><F31/><W43/><G43/><T42/><D101/><N who="3" m="39017" /><G30/><T57/><D42/><U44/><E44/><V91/><F106/><W53/><G67/><N who="0" m="39303" /><D69/><U85/><E85/><N who="2" m="50359" /><F11/><W84/><G28/><N who="0" m="17479" /><D12/><U8/><E8/><V134/><F134/><W96/><G96/><T86/><D86/><U113/><E113/><V95/><AGARI ba="0,0" hai="10,15,17,47,48,52,62,63,91,95,99" m="50359" machi="95" ten="30,8000,1" yaku="25,1,8,1,52,2,54,1" doraHai="55,59" who="2" fromWho="2" sc="150,-20,316,-20,190,80,344,-40" /><INIT seed="4,0,0,5,1,38" ten="130,296,270,304" oya="0" hai0="21,106,101,59,44,67,102,112,45,49,99,128,81" hai1="9,39,83,120,87,43,77,110,33,1,19,42,24" hai2="68,29,73,123,118,20,18,89,47,65,125,79,122" hai3="15,75,98,71,66,58,107,30,35,16,27,22,93"/><T11/><D112/><U133/><E110/><V12/><F118/><W88/><G75/><T6/><D128/><U72/><E120/><V113/><F113/><W46/><G107/><T54/><D102/><U36/><E33/><V97/><F125/><W111/><G111/><T90/><D21/><U119/><E119/><V3/><F3/><W104/><G104/><T85/><REACH who="0" step="1"/><D67/><REACH who="0" ten="120,296,270,304" step="2"/><U74/><E133/><V62/><F20/><W7/><G71/><T115/><D115/><U70/><E70/><V94/><F122/><W91/><G7/><T48/><D48/><U132/><E39/><V13/><F65/><W34/><G34/><T121/><D121/><U53/><E36/><V26/><F68/><W100/><REACH who="3" step="1"/><G46/><REACH who="3" ten="120,296,270,294" step="2"/><T5/><D5/><U14/><E132/><V130/><F47/><W127/><G127/><T10/><D10/><U52/><E9/><V76/><F123/><W8/><G8/><T51/><D51/><U78/><E1/><AGARI ba="0,2" hai="1,6,11,44,45,49,54,59,81,85,90,99,101,106" machi="1" ten="30,2900,0" yaku="1,1,7,1,53,0" doraHai="38" doraHaiUra="28" who="0" fromWho="1" sc="120,49,296,-29,270,0,294,0" /><INIT seed="4,1,0,5,4,76" ten="169,267,270,294" oya="0" hai0="95,113,83,72,10,47,24,127,29,122,20,100,31" hai1="34,97,108,25,96,9,13,115,26,27,64,116,74" hai2="41,40,132,111,2,19,36,71,8,107,87,135,82" hai3="0,90,105,125,106,61,30,5,17,57,52,21,58"/><T81/><D122/><U103/><E116/><V56/><F71/><W128/><G30/><T70/><D70/><U45/><E108/><V101/><F111/><W92/><G125/><T88/><D127/><U38/><E64/><V54/><F101/><W50/><G128/><T11/><D113/><U49/><E38/><V53/><F107/><W112/><G112/><T28/><D100/><U1/><E1/><V48/><F36/><W73/><G73/><T66/><D66/><U43/><E115/><V7/><F19/><W94/><G94/><T104/><D104/><U35/><E74/><V22/><F22/><W77/><G77/><T118/><D118/><U114/><E114/><V134/><REACH who="2" step="1"/><F54/><REACH who="2" ten="169,267,260,294" step="2"/><W131/><G131/><T23/><D23/><U18/><REACH who="1" step="1"/><E103/><REACH who="1" ten="169,257,260,294" step="2"/><V130/><F130/><W63/><G106/><T93/><D72/><U133/><E133/><V6/><F6/><W55/><G105/><T109/><D109/><U126/><E126/><V102/><F102/><W85/><G5/><T12/><D11/><U86/><E86/><V46/><F46/><W91/><G85/><N who="0" m="52367" /><D47/><U15/><E15/><V51/><F51/><W98/><G50/><T78/><D78/><AGARI ba="1,2" hai="2,7,8,40,41,48,53,56,78,82,87,132,134,135" machi="78" ten="40,5200,0" yaku="1,1,20,1,52,1,53,0" doraHai="76" doraHaiUra="121" who="2" fromWho="0" sc="169,-55,257,0,260,75,294,0" /><INIT seed="5,0,0,5,5,68" ten="114,257,335,294" oya="1" hai0="16,110,2,88,49,17,47,38,102,71,27,43,128" hai1="40,78,84,12,58,28,70,126,135,32,101,73,132" hai2="103,83,66,90,94,115,45,24,20,29,56,6,67" hai3="11,124,86,0,55,134,108,64,123,131,117,121,23"/><U3/><E73/><V89/><F115/><W93/><G64/><T4/><D110/><U81/><E3/><V51/><F6/><N who="3" m="1479" /><G55/><T130/><D71/><U9/><E70/><V52/><F83/><W33/><G86/><T21/><D102/><U50/><E101/><V19/><F19/><W80/><G93/><T74/><D74/><U129/><E129/><N who="0" m="49769" /><D4/><N who="1" m="3111" /><E126/><V98/><F67/><W82/><G131/><T133/><D133/><N who="1" m="51275" /><E58/><V106/><F106/><W65/><G134/><T112/><D112/><U35/><E28/><V105/><F105/><W87/><G124/><T1/><D17/><U13/><E13/><V107/><F107/><W113/><G113/><T127/><D127/><U39/><E50/><V85/><F85/><W97/><G33/><N who="1" m="12874" /><E40/><V18/><F18/><W26/><G123/><T25/><D25/><U120/><E120/><V96/><F96/><W31/><G97/><T76/><D76/><U122/><E122/><V69/><F69/><W8/><G121/><T75/><D75/><U99/><E99/><V46/><F46/><W57/><G87/><T36/><D2/><U54/><E54/><V60/><AGARI ba="0,0" hai="20,24,29,45,51,52,56,60,66,89,90,94,98,103" machi="60" ten="30,8000,1" yaku="0,1,25,2,8,1,54,1" doraHai="68" who="2" fromWho="2" sc="114,-20,257,-40,335,80,294,-20" /><INIT seed="6,0,0,0,1,13" ten="94,217,415,274" oya="2" hai0="125,1,32,87,92,95,29,54,78,66,129,48,110" hai1="33,68,47,4,62,103,124,130,91,74,51,131,23" hai2="82,10,93,69,27,58,127,122,36,99,70,105,106" hai3="80,9,22,90,89,6,56,52,75,112,94,133,24"/><V46/><F122/><W100/><G133/><T8/><D110/><U109/><E74/><V81/><F69/><W63/><G112/><T77/><D66/><U116/><E116/><V135/><F70/><W61/><G100/><T53/><D129/><U0/><E33/><V83/><F127/><W38/><G38/><T108/><D108/><U20/><E109/><V79/><F135/><W111/><G111/><T104/><D104/><U15/><E103/><V5/><F27/><W7/><G63/><T55/><D29/><U21/><E124/><V37/><F79/><W18/><G75/><T132/><D32/><U14/><E91/><V114/><F114/><W64/><G64/><T2/><D48/><U34/><E62/><V73/><F73/><W31/><G80/><T12/><D78/><U72/><E68/><V85/><F58/><W3/><G6/><T16/><D132/><U86/><E86/><V26/><F46/><W57/><G57/><T41/><D41/><U121/><E72/><V97/><F37/><W120/><G120/><T45/><D45/><U11/><E34/><V115/><F36/><W84/><REACH who="3" step="1"/><G90/><REACH who="3" ten="94,217,415,264" step="2"/><T40/><D125/><U19/><E121/><V25/><F5/><W59/><G59/><T88/><D77/><U65/><E65/><V44/><F82/><W76/><G76/><T126/><D126/><U96/><E131/><V107/><F83/><W134/><G134/><T67/><D67/><U42/><E130/><V60/><F81/><W119/><G119/><T98/><D40/><U35/><E42/><V117/><F115/><W71/><G71/><RYUUKYOKU ba="0,1" sc="94,15,217,-15,415,-15,264,15" hai0="1,2,8,12,16,53,54,55,87,88,92,95,98" hai3="3,7,9,18,22,24,31,52,56,61,84,89,94" /><INIT seed="7,1,1,5,1,19" ten="109,202,400,279" oya="3" hai0="61,21,49,131,22,55,6,7,14,39,119,32,86" hai1="79,43,99,93,67,35,116,106,62,72,12,96,127" hai2="89,44,130,15,56,23,103,91,40,83,97,26,78" hai3="2,4,108,135,69,117,59,70,10,114,68,37,76"/><W42/><G117/><T54/><D32/><U34/><E127/><V16/><F130/><W57/><G108/><T101/><D39/><U124/><E124/><V95/><F56/><W8/><G114/><T1/><D1/><U107/><E116/><V84/><F26/><W94/><G135/><T121/><D121/><U87/><E43/><V53/><F53/><W73/><G94/><T133/><D133/><U24/><E35/><V81/><F81/><N who="3" m="45199" /><G10/><T60/><D131/><U20/><E72/><V66/><F66/><W90/><G90/><T36/><D36/><AGARI ba="1,1" hai="15,16,23,36,40,44,78,83,84,89,91,95,97,103" machi="36" ten="30,3900,0" yaku="7,1,52,1,54,1" doraHai="19" who="2" fromWho="0" sc="109,-42,202,0,400,52,279,0" owari="67,-43.0,202,-20.0,452,55.0,279,8.0" /></mjloggm>