<mjloggm ver="2.3"><GO type="41" lobby="0"/><UN n0="%74%6F%69%69%74%75" n1="%EF%BC%A0%E3%81%96%E3%82%81%E3%81%AF" n2="%E5%B0%B1%E6%B4%BB%E7%94%9F%40%E5%B7%9D%E6%9D%91%E8%BB%8D%E5%9B%A3" n3="%E3%82%86%E3%81%8D%E3%81%A9%E3%81%91%E3%81%BF%E3%81%9A" dan="13,15,15,13" rate="1916.16,2032.30,2013.10,1873.72" sx="M,M,M,M"/><TAIKYOKU oya="0"/><INIT seed="0,0,0,0,5,108" ten="250,250,250,250" oya="0" hai0="130,131,76,33,116,118,12,60,11,84,26,132,83" hai1="71,115,49,114,20,10,69,124,112,59,109,72,105" hai2="36,54,19,23,125,42,8,52,41,16,119,6,95" hai3="135,104,117,94,40,67,75,87,27,78,65,101,55"/><T30/><D132/><U82/><E109/><V14/><F119/><W15/><G117/><T28/><D28/><U45/><E124/><V128/><F125/><W126/><G126/><T73/><D84/><U121/><E121/><V88/><F128/><N who="0" m="49194" /><D60/><U56/><E105/><V9/><F9/><W102/><G15/><T110/><D110/><U113/><E113/><V63/><F19/><AGARI ba="0,0" hai="11,12,19,26,30,33,73,76,83,116,118" m="49194" machi="19" ten="30,1500,0" yaku="19,1" doraHai="108" who="0" fromWho="2" sc="250,15,250,0,250,-15,250,0" /><INIT seed="0,1,0,2,4,37" ten="265,250,235,250" oya="0" hai0="94,98,9,36,110,49,72,5,39,32,77,79,128" hai1="67,26,134,117,112,31,17,114,66,28,33,119,85" hai2="123,38,53,13,58,55,115,108,6,61,47,76,75" hai3="46,56,4,45,63,116,2,69,19,132,127,64,3"/><T96/><D32/><U81/><E134/><V12/><F115/><N who="1" m="44073" /><E28/><V88/><F108/><W101/><G116/><N who="1" m="44618" /><E17/><V7/><F123/><W78/><G78/><AGARI ba="1,0" hai="26,31,33,66,67,78,81,85" m="44618,44073" machi="78" ten="30,1000,0" yaku="11,1" doraHai="37" who="1" fromWho="3" sc="265,0,250,13,235,0,250,-13" /><INIT seed="1,0,0,0,4,109" ten="265,263,235,237" oya="1" hai0="94,105,61,55,95,108,77,37,69,96,91,15,8" hai1="21,47,116,54,101,130,11,59,72,121,43,7,42" hai2="88,112,25,135,50,102,87,123,76,85,12,30,104" hai3="34,36,70,2,56,1,18,117,97,16,83,13,38"/><U114/><E116/><V67/><F123/><W22/><G70/><T27/><D108/><U127/><E121/><V80/><F135/><W128/><G128/><T23/><D37/><U58/><E72/><V115/><F67/><W49/><G83/><T129/><D129/><U107/><E130/><V32/><F12/><W39/><G34/><T75/><D105/><U35/><E35/><V90/><F50/><W100/><G49/><T110/><D110/><U132/><E114/><N who="2" m="43563" /><F87/><W106/><G56/><N who="0" m="34975" /><D69/><U31/><E132/><V3/><F3/><W119/><REACH who="3" step="1"/><G18/><REACH who="3" ten="265,263,235,227" step="2"/><N who="0" m="8551" /><D75/><U86/><E58/><V89/><F76/><W5/><G5/><T113/><D77/><U17/><E59/><V64/><F64/><W41/><G41/><T48/><D113/><U126/><E42/><V63/><F63/><W81/><G81/><T52/><D96/><AGARI ba="0,1" hai="25,30,32,80,85,88,89,90,96,102,104" m="43563" machi="96" ten="30,8000,1" yaku="11,1,52,3,54,1" doraHai="109" who="2" fromWho="0" sc="265,-80,263,0,235,90,227,0" /><INIT seed="2,0,0,1,5,12" ten="185,263,325,227" oya="2" hai0="64,65,112,60,17,55,71,42,32,3,79,88,2" hai1="11,101,100,1,30,72,6,96,10,134,68,123,39" hai2="41,44,122,113,129,133,120,35,85,76,18,53,127" hai3="90,67,14,43,80,4,126,40,114,54,105,31,89"/><V118/><F35/><W63/><G105/><T48/><D112/><U92/><E68/><V73/><F73/><W93/><G31/><T110/><D110/><U128/><E72/><V121/><F113/><W52/><G126/><T15/><D32/><U115/><E115/><V103/><F103/><W27/><G27/><T0/><D79/><U7/><E39/><V82/><F118/><W22/><G114/><T94/><D64/><U56/><E128/><V131/><F127/><W24/><G24/><T29/><D42/><N who="3" m="15913" /><G63/><T91/><D29/><U75/><E75/><V20/><F53/><N who="3" m="20587" /><G67/><T98/><D91/><U33/><E134/><V9/><F9/><N who="3" m="4391" /><G22/><T23/><REACH who="0" step="1"/><D0/><REACH who="0" ten="175,263,325,227" step="2"/><U16/><E30/><V57/><F133/><W119/><G119/><T132/><D132/><U86/><E33/><V95/><F129/><W61/><G90/><T99/><D99/><U66/><E96/><V37/><F131/><W107/><G89/><T36/><D36/><U38/><E38/><V25/><F57/><AGARI ba="0,1" hai="2,3,15,17,23,48,55,57,60,65,71,88,94,98" machi="57" ten="30,7700,0" yaku="1,1,7,1,52,1,54,1,53,0" doraHai="12" doraHaiUra="77" who="0" fromWho="2" sc="175,87,263,0,325,-77,227,0" /><INIT seed="3,0,0,0,0,118" ten="262,263,248,227" oya="3" hai0="83,106,8,7,109,42,52,122,68,38,24,65,20" hai1="50,110,62,131,124,19,116,31,60,102,28,96,72" hai2="12,77,2,66,22,111,85,79,123,73,10,104,27" hai3="119,87,47,11,114,88,43,23,14,61,63,74,90"/><W4/><G119/><T107/><D109/><U39/><E116/><V93/><F2/><W55/><G114/><T16/><D122/><U94/><E39/><V108/><F104/><W113/><G74/><T69/><D38/><U58/><E72/><V45/><F73/><W127/><G127/><T120/><D42/><U18/><E124/><V80/><F66/><W70/><G70/><T82/><D120/><U92/><E110/><N who="2" m="42027" /><F77/><W121/><G121/><T84/><D82/><U100/><E131/><V86/><F123/><W112/><G112/><T29/><D29/><N who="1" m="11339" /><E50/><V57/><F45/><W115/><G115/><T3/><D68/><U132/><E132/><V35/><F35/><W34/><G34/><T15/><D69/><U95/><E96/><V44/><F44/><W76/><G23/><T54/><D65/><U130/><E130/><V75/><F57/><W36/><G76/><T78/><REACH who="0" step="1"/><D3/><REACH who="0" ten="252,263,248,227" step="2"/><U133/><E133/><V21/><F80/><W6/><G113/><T48/><D48/><U13/><E62/><V64/><F64/><W71/><G61/><T26/><D26/><U25/><E25/><V49/><F27/><W105/><G71/><T30/><D30/><U128/><E128/><V97/><F49/><W0/><G63/><T9/><D9/><N who="1" m="6447" /><E19/><V101/><F75/><W98/><G36/><T53/><AGARI ba="0,1" hai="7,8,15,16,20,24,52,53,54,78,83,84,106,107" machi="53" ten="30,7900,0" yaku="1,1,0,1,54,2,53,0" doraHai="118" doraHaiUra="32" who="0" fromWho="0" sc="252,89,263,-20,248,-20,227,-39" /><INIT seed="4,0,0,4,5,102" ten="341,243,228,188" oya="0" hai0="64,73,111,24,106,51,25,99,8,7,62,45,88" hai1="108,69,27,100,121,72,89,95,128,110,31,115,76" hai2="30,134,60,78,131,35,44,33,63,55,118,135,23" hai3="77,57,109,32,83,101,122,10,112,116,124,28,29"/><T11/><D73/><U6/><E69/><V56/><F118/><W22/><G116/><T18/><D111/><U67/><E67/><V113/><F113/><W38/><G38/><T130/><D130/><U16/><E121/><V75/><F131/><W103/><G109/><T5/><D18/><U133/><E128/><V98/><F98/><W90/><G124/><T65/><D62/><U123/><E123/><V70/><F44/><W34/><G10/><T127/><D127/><U119/><E119/><V14/><F60/><W39/><G39/><T36/><D36/><U37/><E37/><V91/><F70/><W9/><G9/><N who="0" m="3659" /><D106/><U2/><E2/><V53/><F53/><W96/><G112/><T125/><D125/><U42/><E115/><V84/><F78/><W19/><G57/><T80/><D99/><U79/><E6/><N who="0" m="2057" /><D88/><U92/><E16/><N who="2" m="10647" /><F30/><W85/><G101/><T58/><D80/><U93/><E100/><V61/><F61/><W114/><G114/><T43/><D58/><U120/><E120/><V71/><F75/><W41/><G41/><T4/><D4/><U47/><E72/><V81/><F71/><W20/><G122/><T3/><D3/><U46/><E108/><V105/><F105/><W74/><G29/><T17/><D17/><U1/><E110/><V86/><F86/><W26/><G74/><T12/><D12/><U50/><E1/><V97/><F97/><W87/><G77/><T49/><D49/><N who="1" m="26839" /><E76/><V15/><F15/><N who="3" m="9343" /><G85/><T132/><D132/><AGARI ba="0,0" hai="33,35,55,56,63,81,84,91,132,134,135" m="10647" machi="132" ten="30,2000,0" yaku="20,1,54,1" doraHai="102" who="2" fromWho="0" sc="341,-20,243,0,228,20,188,0" /><INIT seed="5,0,0,0,3,113" ten="321,243,248,188" oya="1" hai0="10,117,128,82,12,59,110,74,68,17,57,7,55" hai1="34,46,61,101,31,86,123,112,37,79,108,32,84" hai2="42,78,72,118,102,9,26,99,97,35,49,107,131" hai3="81,16,36,48,83,111,80,25,63,6,30,87,60"/><U4/><E123/><V13/><F118/><W44/><G111/><T5/><D117/><U121/><E121/><V52/><F131/><W120/><G120/><T23/><D110/><U103/><E108/><V135/><F135/><W21/><G36/><T51/><D68/><U92/><E37/><V71/><F71/><W94/><G6/><T58/><D128/><U65/><E112/><V134/><F42/><W133/><G133/><T15/><D5/><U41/><E4/><V2/><F2/><W115/><G115/><T67/><D67/><U70/><E84/><V126/><F126/><W39/><G39/><T19/><D74/><U132/><E132/><V104/><F134/><W66/><G30/><T45/><D82/><U130/><E130/><V106/><F72/><W124/><G124/><T109/><D109/><U56/><E70/><V89/><F78/><W54/><REACH who="3" step="1"/><G66/><REACH who="3" ten="321,243,248,178" step="2"/><T18/><AGARI ba="0,1" hai="7,10,12,15,17,18,19,23,45,51,55,57,58,59" machi="18" ten="30,2000,0" yaku="0,1,8,1" doraHai="113" who="0" fromWho="0" sc="321,30,243,-10,248,-5,178,-5" /><INIT seed="6,0,0,2,3,74" ten="351,233,243,173" oya="2" hai0="22,25,72,18,48,27,114,70,82,33,7,38,125" hai1="129,51,19,101,127,85,29,36,78,75,113,40,21" hai2="108,49,121,23,1,77,17,118,53,32,35,119,44" hai3="87,37,90,84,45,105,81,6,52,83,100,89,130"/><V15/><F121/><W4/><G130/><T14/><D38/><U93/><E36/><V76/><F1/><W61/><G37/><T116/><D70/><U31/><E75/><V28/><F108/><W88/><G100/><T134/><D72/><U11/><E129/><V96/><F96/><W102/><G102/><T92/><D82/><N who="1" m="47319" /><E113/><V62/><F62/><W3/><G105/><T80/><D80/><N who="3" m="30793" /><G3/><T112/><D92/><U47/><E127/><V55/><F55/><W94/><G94/><T16/><D48/><U86/><E11/><V5/><F5/><N who="3" m="2155" /><G45/><T43/><D116/><U59/><E59/><AGARI ba="0,0" hai="52,59,61,84,87,88,89,90" m="2155,30793" machi="59" ten="30,3900,0" yaku="8,1,54,2" doraHai="74" who="3" fromWho="1" sc="351,0,233,-39,243,0,173,39" /><INIT seed="7,0,0,1,3,49" ten="351,194,243,212" oya="3" hai0="34,15,102,10,80,70,50,22,78,29,32,87,21" hai1="131,118,110,82,93,9,95,106,67,104,76,116,74" hai2="57,88,14,54,58,33,125,38,46,65,68,2,5" hai3="12,11,0,86,96,51,94,133,16,40,44,77,64"/><W47/><G133/><T28/><D70/><U119/><E67/><V4/><F4/><W61/><G0/><T85/><D102/><U117/><N who="1" m="30208" /><DORA hai="56" /><U41/><E9/><N who="2" m="4399" /><F38/><W72/><G72/><T108/><D108/><U90/><E41/><V83/><F68/><W3/><G3/><T63/><D34/><U19/><E19/><V42/><F33/><W37/><G86/><N who="0" m="48407" /><D32/><U115/><E110/><V30/><F125/><W59/><G77/><T31/><D63/><U105/><E115/><V1/><F1/><W100/><G37/><T107/><D107/><U124/><E124/><V99/><F2/><W130/><REACH who="3" step="1"/><G47/><REACH who="3" ten="351,194,243,202" step="2"/><T48/><D85/><N who="1" m="52431" /><E95/><N who="2" m="56807" /><F83/><W43/><G43/><T120/><D87/><U71/><E71/><V26/><F46/><W39/><G39/><T128/><D120/><U135/><E135/><V101/><F101/><W25/><G25/><T17/><D128/><AGARI ba="0,1" hai="74,76,82,104,105,106,128,131" m="52431,30208" machi="128" ten="70,8000,1" yaku="12,1,34,2" doraHai="49,56" who="1" fromWho="0" sc="351,-80,194,90,243,0,202,0" /><AGARI ba="0,0" hai="11,12,16,40,44,51,59,61,64,94,96,100,128,130" machi="128" ten="40,12000,1" yaku="1,1,52,1,54,1,53,1" doraHai="49,56" doraHaiUra="52,35" who="3" fromWho="0" sc="271,-120,284,0,243,0,202,120" owari="151,-35.0,284,8.0,243,-16.0,322,43.0" /></mjloggm>