<mjloggm ver="2.3"><GO type="193" lobby="0"/><UN n0="%E3%83%9E%E3%82%B7%E3%83%B3%E3%82%AC%E3%83%B3" n1="%E3%82%BC%E3%83%B3%E3%83%84%E3%81%A7%E3%83%AD%E3%83%B3" n2="%44%41%42%49%44%4F%42%49" n3="%E3%83%88%E3%83%88%E3%83%AA%E5%85%88%E7%94%9F%31%39%E6%AD%B3" dan="12,2,11,4" rate="1810.83,1456.49,1555.80,1635.35" sx="M,F,M,F"/><TAIKYOKU oya="0"/><INIT seed="0,0,0,4,5,88" ten="250,250,250,250" oya="0" hai0="37,12,78,84,29,31,30,51,95,100,118,83,113" hai1="6,73,1,72,4,26,54,101,66,18,121,76,104" hai2="86,57,45,132,11,126,103,21,102,38,134,17,15" hai3="40,135,9,79,61,39,97,119,120,55,13,52,10"/><T130/><D113/><U81/><E121/><V110/><F38/><W27/><G119/><T71/><D118/><U44/><E66/><V92/><F45/><W114/><G114/><T133/><D133/><N who="2" m="51306" /><F110/><W87/><G120/><T33/><D130/><U28/><E18/><V90/><F126/><W59/><G135/><T62/><D33/><U60/><E72/><V123/><F123/><W5/><G39/><T116/><D116/><U124/><E124/><V85/><F57/><N who="3" m="34983" /><G40/><T112/><D37/><U7/><E1/><V74/><F74/><W91/><G27/><T43/><D112/><U42/><E104/><V89/><F11/><N who="3" m="4335" /><G97/><N who="0" m="59455" /><D71/><U106/><E106/><V93/><AGARI ba="0,0" hai="15,17,21,85,86,89,90,92,93,102,103" m="51306" machi="93" ten="30,4000,0" yaku="20,1,52,2" doraHai="88" who="2" fromWho="2" sc="250,-20,250,-10,250,40,250,-10" /><INIT seed="1,0,0,1,5,122" ten="230,240,290,240" oya="1" hai0="43,33,100,38,15,29,23,86,118,108,36,74,82" hai1="106,66,11,49,64,34,80,48,134,107,97,126,0" hai2="131,19,2,99,21,92,119,16,133,103,102,47,39" hai3="12,95,32,7,20,1,4,56,120,110,31,9,130"/><U13/><E0/><V105/><F119/><W89/><G120/><T18/><D118/><U135/><E34/><V24/><F2/><W114/><G114/><T6/><D108/><U42/><E126/><V62/><F133/><W10/><G130/><T94/><D74/><U78/><E107/><V45/><F131/><W128/><G128/><T50/><D6/><U25/><E25/><V116/><F116/><W87/><G110/><T79/><D33/><U67/><E106/><V121/><F121/><W77/><G32/><T76/><D29/><U93/><E42/><V72/><F72/><W117/><G117/><T124/><D124/><U55/><E134/><V17/><F39/><W61/><G77/><T113/><D113/><U63/><E135/><V96/><REACH who="2" step="1"/><F62/><REACH who="2" ten="230,240,280,240" step="2"/><W81/><G1/><T109/><D36/><U129/><E129/><V59/><F59/><W98/><G56/><T52/><D38/><U69/><E49/><V90/><F90/><W83/><G61/><T112/><D112/><U104/><E63/><V46/><AGARI ba="0,1" hai="16,17,19,21,24,45,46,47,92,96,99,102,103,105" machi="46" ten="30,4000,0" yaku="1,1,0,1,54,1,53,0" doraHai="122" doraHaiUra="68" who="2" fromWho="2" sc="230,-10,240,-20,280,50,240,-10" /><INIT seed="2,0,0,1,4,43" ten="220,220,330,230" oya="2" hai0="24,110,14,29,37,59,106,111,80,122,73,6,130" hai1="107,87,11,39,28,27,97,94,65,13,57,32,36" hai2="104,49,21,98,120,19,90,64,125,17,118,105,99" hai3="109,127,41,60,124,58,100,1,12,8,82,9,114"/><V102/><F120/><W34/><G34/><N who="0" m="20775" /><D122/><U133/><E133/><V22/><F118/><W79/><G109/><N who="0" m="41483" /><D130/><U50/><E107/><V96/><F125/><N who="3" m="48203" /><G114/><T71/><D71/><U108/><E108/><V48/><F64/><N who="3" m="38935" /><G1/><T7/><D106/><N who="2" m="41066" /><F102/><W25/><G100/><T103/><D103/><U78/><E78/><V67/><F67/><W44/><G12/><T2/><D37/><U113/><E113/><V66/><F66/><W69/><G25/><T4/><D59/><U5/><E87/><V45/><F90/><W52/><G69/><T117/><D117/><U129/><E129/><V47/><F47/><W83/><G52/><T30/><D30/><U134/><E134/><V93/><F93/><W123/><G123/><T23/><D73/><U86/><E86/><V77/><F77/><W116/><G116/><T112/><D112/><U62/><REACH who="1" step="1"/><E50/><REACH who="1" ten="220,210,330,230" step="2"/><N who="2" m="19563" /><F45/><W33/><G79/><T46/><D80/><N who="3" m="30761" /><G33/><T119/><D46/><U88/><AGARI ba="0,1" hai="5,11,13,27,28,32,36,39,57,62,65,88,94,97" machi="88" ten="20,5200,0" yaku="1,1,0,1,7,1,54,1,53,0" doraHai="43" doraHaiUra="51" who="1" fromWho="1" sc="220,-13,210,62,330,-26,230,-13" /><INIT seed="3,0,0,1,3,71" ten="207,272,304,217" oya="3" hai0="37,33,98,123,75,46,131,6,57,82,92,31,104" hai1="111,67,121,125,72,8,4,62,127,60,21,99,110" hai2="66,47,112,108,109,55,36,91,44,86,19,115,68" hai3="53,105,77,117,97,24,79,45,32,9,81,70,116"/><W135/><G70/><T11/><D123/><U2/><E72/><V41/><F19/><W35/><G135/><T90/><D131/><U100/><E121/><V61/><F86/><W95/><G105/><T20/><D57/><U69/><E60/><V83/><F83/><W50/><G9/><T17/><D104/><N who="1" m="63519" /><E21/><V13/><F13/><W134/><G134/><T128/><D128/><U93/><E93/><V84/><F84/><W26/><G26/><T34/><D75/><U130/><E130/><V56/><F91/><W96/><G96/><T114/><D114/><N who="2" m="43562" /><F47/><W52/><G53/><T22/><D34/><U120/><E120/><V14/><F14/><W0/><G0/><T38/><D33/><U58/><E58/><V74/><F74/><W7/><G7/><T113/><D113/><U89/><E89/><V1/><F1/><W59/><G45/><T129/><D129/><U78/><E78/><V15/><F15/><W27/><G35/><T51/><D31/><U122/><E122/><V25/><F25/><N who="3" m="9803" /><G32/><T64/><D64/><U42/><E42/><V73/><F73/><N who="3" m="43183" /><G79/><T16/><D82/><U103/><E103/><V54/><F54/><W102/><G102/><T124/><D124/><AGARI ba="0,0" hai="2,4,8,62,67,69,110,111,124,125,127" m="63519" machi="124" ten="30,2000,0" yaku="18,1,23,1" doraHai="71" who="1" fromWho="0" sc="207,-20,272,20,304,0,217,0" owari="187,-31.0,292,9.0,304,40.0,217,-18.0" /></mjloggm>