<mjloggm ver="2.3"><GO type="97" lobby="0"/><UN n0="%E3%81%B6%E3%82%8B%E3%81%A3%E3%81%A1%E3%82%87%E3%81%AA" n1="%E5%B7%9D%E6%9D%91%E5%A4%96%E3%81%AB%E5%87%BA%E3%82%8B%E3%81%9E" n2="%63%67%66%35%34%38%35%38" n3="%E5%B0%B1%E6%B4%BB%E7%94%9F%40%E5%B7%9D%E6%9D%91%E8%BB%8D%E5%9B%A3" dan="13,13,14,15" rate="1854.42,1839.90,1946.51,2054.28" sx="M,M,M,M"/><TAIKYOKU oya="0"/><INIT seed="0,0,0,1,2,46" ten="250,250,250,250" oya="0" hai0="47,111,35,44,36,56,21,20,83,29,50,112,104" hai1="73,124,64,99,1,68,109,49,132,122,32,110,34" hai2="24,77,26,61,69,65,128,59,108,101,130,86,22" hai3="76,88,100,120,14,19,2,60,52,81,37,5,3"/><T74/><D112/><U23/><E122/><V126/><F108/><N who="1" m="41577" /><E73/><V75/><F126/><W103/><G37/><T58/><D111/><U78/><E1/><V27/><F75/><W66/><G3/><T113/><D113/><U98/><E78/><V67/><F101/><N who="3" m="38987" /><G2/><T85/><D104/><U53/><E124/><V42/><F42/><W115/><G5/><T40/><D74/><U38/><E38/><V6/><F6/><W11/><G115/><T12/><D35/><N who="1" m="13355" /><E132/><V95/><F67/><W92/><G120/><T43/><D29/><U17/><E64/><V79/><F69/><W13/><G66/><T8/><D21/><U33/><N who="1" m="13363" /><U18/><DORA hai="63" /><E18/><V7/><F7/><W39/><G39/><T94/><D20/><U25/><E68/><V97/><F22/><W80/><G14/><T133/><D133/><U30/><E30/><V119/><F119/><W84/><G76/><T96/><D12/><U106/><E106/><V62/><F79/><W15/><G15/><T16/><D16/><U93/><E93/><V131/><F77/><W4/><G4/><T55/><D8/><U135/><E135/><V107/><F107/><W117/><G117/><T127/><D127/><U134/><E134/><V102/><F86/><W105/><G105/><T118/><D118/><U48/><E53/><V28/><F28/><W91/><G91/><N who="0" m="55391" /><D55/><U70/><E70/><V45/><F131/><W41/><G41/><T71/><D71/><U51/><AGARI ba="0,0" hai="17,23,25,48,49,51,98,99" m="13363,41577" machi="51" ten="50,8000,1" yaku="14,1,52,3" doraHai="46,63" who="1" fromWho="1" sc="250,-40,250,80,250,-20,250,-20" /><INIT seed="1,0,0,3,3,54" ten="210,330,230,230" oya="1" hai0="66,45,34,27,95,97,108,105,134,84,72,71,78" hai1="1,103,18,22,86,29,91,38,35,5,47,116,63" hai2="130,76,117,99,46,60,90,96,32,39,49,36,133" hai3="13,87,107,110,123,58,102,7,15,100,81,26,23"/><U57/><E116/><V33/><F117/><W42/><G123/><T80/><D108/><U101/><E35/><V16/><F76/><N who="3" m="46503" /><G107/><T53/><D134/><U48/><E38/><V85/><F133/><W73/><G73/><T125/><D125/><U2/><E29/><V75/><F75/><W88/><G42/><T69/><D66/><U59/><E2/><V0/><F0/><W89/><G110/><T106/><D34/><U61/><E5/><V109/><F109/><W128/><G128/><T55/><D27/><N who="1" m="14807" /><E1/><V98/><F130/><W111/><G111/><T40/><D105/><U25/><E25/><V122/><F122/><W93/><G58/><N who="1" m="22026" /><E61/><V129/><F60/><W82/><G82/><T83/><D106/><U21/><E21/><V44/><F129/><W9/><G15/><T126/><D126/><U20/><E20/><V3/><F3/><W120/><G120/><T77/><D71/><U11/><E11/><V114/><F114/><W17/><G89/><T64/><D69/><U6/><E63/><V70/><F70/><W56/><G56/><T79/><D72/><U62/><E62/><V37/><F16/><W112/><G112/><T41/><D64/><U135/><E6/><V94/><F46/><W132/><G132/><T68/><D68/><U12/><E12/><V104/><F104/><W30/><G30/><T14/><D14/><U121/><E121/><V43/><AGARI ba="0,0" hai="32,33,36,37,39,43,44,49,85,90,94,96,98,99" machi="43" ten="40,1500,0" yaku="0,1" doraHai="54" who="2" fromWho="2" sc="210,-4,330,-7,230,15,230,-4" /><INIT seed="2,0,0,3,2,58" ten="206,323,245,226" oya="2" hai0="109,54,74,18,63,119,81,135,102,90,43,101,132" hai1="68,114,94,61,84,38,34,25,92,115,113,16,0" hai2="15,100,65,57,36,121,42,83,9,3,28,39,59" hai3="27,30,105,70,26,37,20,40,4,51,80,130,1"/><V128/><F121/><W88/><G37/><T111/><D43/><U129/><E38/><V69/><F3/><W133/><G105/><T23/><D119/><U47/><E0/><V97/><F69/><W17/><G70/><T12/><D74/><U96/><E47/><V19/><F128/><W73/><G130/><T60/><D54/><U125/><E129/><V85/><F28/><W55/><G133/><N who="0" m="51275" /><D90/><U123/><E123/><V5/><F5/><W56/><G40/><T77/><D77/><U95/><E84/><V78/><F42/><W122/><G122/><T134/><D81/><U116/><E116/><V46/><F46/><W87/><G73/><T79/><D79/><U103/><E125/><V126/><F57/><W6/><REACH who="3" step="1"/><G1/><REACH who="3" ten="206,323,245,216" step="2"/><T29/><D134/><U53/><E68/><V124/><F36/><W31/><G31/><T118/><D29/><U24/><E34/><AGARI ba="0,1" hai="4,6,17,20,26,27,30,34,51,55,56,80,87,88" machi="34" ten="30,8000,1" yaku="1,1,7,1,54,1,53,2" doraHai="58" doraHaiUra="22" who="3" fromWho="1" sc="206,0,323,-80,245,0,216,90" /><INIT seed="3,0,0,3,1,26" ten="206,243,245,306" oya="3" hai0="64,55,84,79,56,4,41,7,90,63,106,3,52" hai1="134,49,108,59,8,88,91,123,117,5,16,25,6" hai2="81,120,43,100,17,40,13,103,28,70,131,97,118" hai3="111,77,24,121,30,54,37,10,122,51,115,109,2"/><W85/><G37/><T68/><D106/><U11/><E123/><N who="3" m="47114" /><G77/><T112/><D112/><U126/><E108/><N who="3" m="41546" /><G85/><T113/><D113/><U21/><E126/><V62/><F120/><W76/><G76/><T119/><D119/><U31/><E134/><V94/><F118/><W114/><G10/><N who="1" m="3626" /><E117/><V93/><F131/><W80/><G80/><N who="0" m="47135" /><D3/><U39/><E39/><V34/><F81/><W18/><G18/><T61/><D41/><U82/><E16/><V12/><F17/><W132/><G132/><T69/><D69/><U86/><E91/><V33/><F70/><W29/><G2/><T95/><D68/><U124/><E124/><V47/><F97/><W75/><G75/><T125/><D125/><U53/><AGARI ba="0,0" hai="5,6,21,25,31,49,53,59,82,86,88" m="3626" machi="53" ten="30,4000,0" yaku="8,1,52,1,54,1" doraHai="26" who="1" fromWho="1" sc="206,-10,243,40,245,-10,306,-20" /><INIT seed="4,0,0,3,0,134" ten="196,283,235,286" oya="0" hai0="50,126,52,114,85,33,110,70,24,76,120,9,92" hai1="17,75,12,80,102,122,1,59,11,5,128,27,95" hai2="82,74,129,57,118,123,90,31,132,38,15,108,28" hai3="8,81,13,87,48,22,34,45,42,2,103,77,54"/><T107/><D120/><U88/><E122/><V21/><F123/><W97/><G34/><T96/><D107/><U60/><E75/><V79/><F38/><W78/><G2/><T93/><D114/><U55/><E128/><V43/><F129/><W53/><G22/><T84/><D70/><U62/><E80/><V61/><F43/><W4/><G78/><T116/><D116/><U32/><E102/><V83/><F118/><W130/><G130/><T124/><D9/><U49/><E32/><V113/><F132/><W44/><G45/><N who="0" m="27727" /><D110/><U20/><E1/><V35/><F35/><W47/><G47/><T73/><D73/><U29/><E29/><V115/><F108/><W51/><G51/><T101/><D76/><U117/><E117/><V66/><F83/><W112/><G112/><N who="2" m="43081" /><F90/><W94/><AGARI ba="0,0" hai="4,8,13,42,44,48,53,54,77,81,87,94,97,103" machi="94" ten="20,8000,1" yaku="0,1,7,1,25,2,8,1" doraHai="134" who="3" fromWho="3" sc="196,-40,283,-20,235,-20,286,80" owari="156,-34.0,263,6.0,215,-18.0,366,46.0" /></mjloggm>