<mjloggm ver="2.3"><GO type="97" lobby="0"/><UN n0="%E5%B0%B1%E6%B4%BB%E7%94%9F%40%E5%B7%9D%E6%9D%91%E8%BB%8D%E5%9B%A3" n1="%E7%B4%85%E8%A1%A3" n2="%6D%6F%62%6F%32%36" n3="%E5%BE%AE%E7%B3%96%E6%B8%8B%E5%B7%9D" dan="14,13,14,14" rate="1958.37,1946.81,1948.49,1917.34" sx="M,M,M,M"/><TAIKYOKU oya="0"/><INIT seed="0,0,0,4,4,122" ten="250,250,250,250" oya="0" hai0="37,125,19,17,68,46,7,91,114,69,13,49,132" hai1="99,12,110,134,90,48,51,120,100,6,77,116,35" hai2="85,94,87,60,54,14,16,4,115,126,70,124,133" hai3="105,98,102,9,76,40,121,21,82,38,27,39,97"/><T52/><D114/><U44/><E116/><V64/><F115/><W118/><G118/><T2/><D125/><N who="2" m="48234" /><F4/><W73/><G121/><T53/><D132/><U113/><E35/><V50/><F133/><W26/><G26/><T32/><D32/><U79/><E113/><V55/><F94/><W104/><G40/><T63/><D37/><U28/><E28/><V127/><N who="2" m="48242" /><V56/><DORA hai="112" /><F54/><W81/><G81/><T66/><D69/><U86/><E120/><V101/><F101/><W103/><REACH who="3" step="1"/><G9/><AGARI ba="0,0" hai="9,14,16,50,55,56,60,64,70,85,87" m="48242" machi="9" ten="40,2600,0" yaku="18,1,54,1" doraHai="122,112" who="2" fromWho="3" sc="250,0,250,0,250,26,250,-26" /><INIT seed="1,0,0,5,2,53" ten="250,250,276,224" oya="1" hai0="106,55,64,112,99,44,69,119,120,121,45,104,129" hai1="77,20,58,91,19,110,21,113,22,95,46,50,26" hai2="107,67,15,30,62,9,39,92,52,63,47,36,100" hai3="61,75,134,101,40,109,71,59,73,8,13,90,16"/><U11/><E113/><V65/><F107/><N who="0" m="41002" /><D119/><U48/><E110/><V125/><F125/><W31/><G109/><T6/><D112/><U5/><E77/><V24/><F39/><W35/><G134/><T128/><D6/><U4/><E4/><V0/><F0/><W72/><G101/><T122/><D99/><U87/><E50/><N who="2" m="28767" /><F36/><W14/><G71/><T25/><D25/><U7/><E7/><N who="2" m="3519" /><F24/><W103/><G103/><T127/><D127/><U118/><E118/><V131/><F30/><W117/><G117/><T96/><D96/><U88/><E91/><V43/><F43/><W12/><G40/><T80/><D80/><U27/><E27/><V105/><F105/><W130/><G130/><N who="0" m="50283" /><D55/><N who="1" m="32103" /><E46/><N who="0" m="18025" /><D64/><N who="2" m="24650" /><F131/><W18/><G31/><T126/><D126/><U114/><E114/><V56/><F56/><W34/><G59/><T93/><D93/><U89/><E89/><V94/><F100/><W32/><G90/><T98/><D98/><U41/><E41/><V85/><F94/><W79/><G79/><T74/><D74/><U133/><E133/><V57/><F92/><W28/><G28/><T37/><D37/><U111/><E111/><V17/><F85/><W76/><G76/><T33/><D33/><U83/><E95/><V132/><F132/><W97/><G97/><T1/><D1/><U102/><E102/><V42/><F42/><W82/><G82/><T2/><D2/><U10/><E5/><V49/><F17/><N who="3" m="6763" /><G8/><AGARI ba="0,0" hai="8,10,11,19,20,21,22,26,83,87,88" m="32103" machi="8" ten="30,5800,0" yaku="8,1,52,1,54,1" doraHai="53" who="1" fromWho="3" sc="250,0,250,58,276,0,224,-58" /><INIT seed="1,1,0,2,1,59" ten="250,308,276,166" oya="1" hai0="46,25,22,49,92,36,37,30,0,47,63,115,18" hai1="17,75,6,12,89,95,104,69,3,99,109,14,112" hai2="93,71,27,51,117,131,79,44,64,38,74,31,111" hai3="76,85,132,106,72,87,121,33,16,110,68,124,24"/><U86/><E75/><V113/><F111/><W48/><G121/><T39/><D0/><U20/><E69/><V127/><F117/><W23/><G110/><T19/><D115/><U107/><E112/><V21/><F127/><W66/><G124/><T42/><D47/><U10/><E109/><V41/><F131/><W73/><G132/><T5/><D5/><U103/><REACH who="1" step="1"/><E107/><REACH who="1" ten="250,298,276,166" step="2"/><V114/><F71/><W32/><G106/><T88/><REACH who="0" step="1"/><D63/><REACH who="0" ten="240,298,276,166" step="2"/><U53/><E53/><V54/><F54/><W101/><G66/><T67/><D67/><U100/><E100/><V91/><F64/><W94/><G101/><T125/><D125/><U82/><E82/><V118/><F114/><W4/><G4/><T26/><D26/><AGARI ba="1,2" hai="3,6,10,12,14,17,20,26,86,89,95,99,103,104" machi="26" ten="30,5800,0" yaku="1,1,7,1,53,1" doraHai="59" doraHaiUra="98" who="1" fromWho="0" sc="240,-61,298,81,276,0,166,0" /><INIT seed="1,2,0,3,4,32" ten="179,379,276,166" oya="1" hai0="16,42,63,55,118,122,125,61,72,12,62,14,67" hai1="124,28,21,108,6,66,58,91,29,109,76,8,95" hai2="15,86,129,92,87,84,116,74,78,37,96,1,50" hai3="51,133,25,48,3,34,33,89,56,90,80,18,107"/><U111/><E124/><V40/><F116/><W83/><G107/><T128/><D72/><U79/><E21/><V112/><F129/><W36/><G36/><T64/><D118/><U103/><E103/><V60/><F112/><W35/><G133/><T93/><D125/><U101/><E101/><V98/><F15/><W71/><G71/><T0/><D0/><N who="1" m="71" /><E58/><V120/><F40/><W22/><G3/><T102/><D128/><U59/><E59/><V73/><F1/><W121/><G121/><T41/><D122/><U11/><E11/><V110/><F37/><W131/><G131/><T39/><D39/><U88/><E66/><N who="0" m="25129" /><D55/><U126/><E126/><V5/><F120/><W106/><G106/><T31/><D31/><N who="1" m="11851" /><E91/><V2/><F74/><W132/><G132/><T75/><D75/><U7/><E7/><V45/><F5/><W135/><G135/><T20/><D12/><U70/><E70/><V23/><F73/><W53/><G51/><T49/><D49/><U123/><E123/><V44/><F50/><W99/><G99/><AGARI ba="2,0" hai="14,16,20,41,42,61,62,63,93,99,102" m="25129" machi="99" ten="30,2000,0" yaku="8,1,54,1" doraHai="32" who="0" fromWho="3" sc="179,26,379,0,276,0,166,-26" /><AGARI ba="2,0" hai="76,79,88,95,99,108,109,111" m="11851,71" machi="99" ten="30,11600,0" yaku="14,1,10,1,52,1,54,1" doraHai="32" who="1" fromWho="3" sc="205,0,379,116,276,0,140,-116" /><INIT seed="1,3,0,0,5,34" ten="205,495,276,24" oya="1" hai0="112,121,19,120,25,42,27,89,111,38,109,28,66" hai1="39,101,71,7,69,52,118,105,6,131,56,103,85" hai2="73,126,117,37,98,21,123,49,58,84,113,3,67" hai3="88,17,2,36,40,33,44,57,94,59,102,54,79"/><U114/><E118/><V130/><F117/><W116/><G116/><T80/><D66/><U81/><E39/><V83/><F123/><N who="0" m="47178" /><D42/><U20/><E114/><V90/><F130/><W32/><G79/><T50/><D38/><U43/><E43/><V82/><F126/><W12/><G102/><T93/><D80/><U29/><E131/><V24/><F37/><W99/><G59/><T1/><D50/><U132/><E132/><V100/><F113/><W35/><G2/><T31/><D112/><U76/><E105/><V9/><F73/><W133/><G133/><T8/><D93/><U135/><E135/><V61/><F83/><W51/><G35/><N who="0" m="20879" /><D89/><U5/><E71/><V124/><F49/><W78/><G78/><T87/><D87/><U129/><E69/><V127/><F98/><W107/><REACH who="3" step="1"/><G107/><REACH who="3" ten="205,495,276,14" step="2"/><T16/><D109/><U48/><E129/><V104/><F100/><W63/><G63/><T62/><D62/><U60/><E60/><V18/><F104/><W96/><G96/><T108/><D108/><U0/><E0/><V74/><F74/><W65/><G65/><T22/><D111/><U41/><E41/><V92/><F3/><W55/><G55/><T30/><D1/><U11/><E103/><V125/><F125/><W26/><G26/><T106/><D106/><U75/><E101/><V53/><F53/><W68/><G68/><T134/><D134/><U70/><E70/><V10/><F127/><W128/><G128/><T4/><D4/><U15/><E75/><V97/><F124/><W72/><G72/><T95/><D27/><AGARI ba="3,1" hai="5,6,7,11,15,20,27,29,48,52,56,76,81,85" machi="27" ten="40,3900,0" yaku="8,1,54,1" doraHai="34" who="1" fromWho="0" sc="205,-48,495,58,276,0,14,0" /><INIT seed="1,4,0,2,4,71" ten="157,553,276,14" oya="1" hai0="98,6,51,94,46,95,19,79,28,100,62,1,66" hai1="57,116,135,120,78,0,47,32,128,59,90,91,96" hai2="75,133,86,37,77,44,25,27,68,121,88,48,125" hai3="101,89,22,81,9,8,49,45,124,107,117,50,13"/><U56/><E116/><V30/><F121/><W104/><G117/><T83/><D28/><U127/><E120/><V80/><F133/><W38/><G124/><T18/><D6/><U31/><E135/><V29/><F125/><W14/><G22/><T85/><D1/><U26/><E0/><V126/><F126/><W36/><G101/><T15/><D95/><U99/><E127/><V67/><F37/><W87/><G107/><T2/><D2/><U111/><E128/><V43/><F67/><W102/><G104/><T63/><D66/><U113/><E113/><V58/><F68/><W106/><G106/><T132/><D132/><U23/><E32/><V123/><F58/><W105/><G105/><T52/><REACH who="0" step="1"/><D19/><REACH who="0" ten="147,553,276,14" step="2"/><U92/><E92/><V54/><F29/><W110/><G102/><T70/><D70/><U16/><E31/><V131/><F30/><W122/><G110/><T129/><D129/><U24/><E111/><V33/><F131/><W119/><G122/><T69/><D69/><U97/><E26/><V84/><F123/><W42/><G119/><T40/><D40/><U55/><E78/><V17/><F43/><W118/><G118/><T53/><D53/><U72/><E72/><V115/><F115/><W21/><G21/><AGARI ba="4,1" hai="15,18,21,46,51,52,62,63,79,83,85,94,98,100" machi="21" ten="30,7700,0" yaku="1,1,7,1,8,1,54,1,53,0" doraHai="71" doraHaiUra="20" who="0" fromWho="3" sc="147,99,553,0,276,0,14,-89" owari="246,-15.0,553,65.0,276,8.0,-75,-58.0" /></mjloggm>