<mjloggm ver="2.3"><GO type="41" lobby="0"/><UN n0="%E5%B0%B1%E6%B4%BB%E7%94%9F%40%E5%B7%9D%E6%9D%91%E8%BB%8D%E5%9B%A3" n1="%E5%8D%97%E6%B5%A6%E6%95%B8%E7%B5%B5" n2="%E3%83%A0%E3%83%A1%E3%82%A4" n3="%74%68%65%66%74" dan="16,14,15,14" rate="2134.17,1887.94,1930.91,1877.82" sx="M,F,M,M"/><TAIKYOKU oya="0"/><INIT seed="0,0,0,3,4,98" ten="250,250,250,250" oya="0" hai0="14,21,120,129,49,84,46,30,47,82,114,92,89" hai1="95,15,31,22,27,52,25,35,44,63,16,8,105" hai2="17,62,65,53,88,40,130,85,86,71,7,117,107" hai3="126,54,104,108,94,81,0,41,2,125,113,67,119"/><T58/><D120/><U123/><E123/><V34/><F107/><W70/><G41/><T78/><D114/><U13/><E105/><V38/><F34/><W9/><G113/><T90/><D129/><U97/><E44/><V18/><F130/><W33/><G33/><T100/><D58/><N who="1" m="35271" /><E8/><V116/><F7/><W124/><G119/><T73/><D47/><U23/><E35/><V131/><F131/><W122/><G81/><T87/><D30/><U109/><E109/><V28/><F28/><W43/><G122/><T72/><D21/><U37/><E37/><V76/><F53/><W39/><G54/><T102/><D14/><U91/><AGARI ba="0,0" hai="13,15,16,22,23,25,27,31,91,95,97" m="35271" machi="91" ten="30,7900,0" yaku="25,1,8,1,54,2" doraHai="98" who="1" fromWho="1" sc="250,-39,250,79,250,-20,250,-20" /><INIT seed="1,0,0,4,2,31" ten="211,329,230,230" oya="1" hai0="47,48,14,50,79,29,85,63,58,124,78,20,7" hai1="121,122,93,92,32,106,56,13,76,60,45,95,72" hai2="54,23,25,41,114,126,19,97,108,113,4,111,112" hai3="16,73,9,104,105,116,71,107,129,75,17,68,103"/><U39/><E106/><V131/><F41/><W127/><G103/><T64/><D124/><U88/><E76/><V66/><F66/><W36/><G36/><T94/><D50/><U3/><E3/><V87/><F97/><W117/><G127/><T18/><D7/><U135/><E72/><N who="3" m="27722" /><G9/><T128/><D29/><U99/><E135/><V101/><F101/><W62/><G62/><T30/><D30/><U26/><E13/><V42/><F42/><W100/><G100/><T24/><D24/><U109/><E109/><N who="2" m="42059" /><F126/><W53/><G129/><T27/><D27/><U74/><E74/><V89/><F54/><W10/><G10/><T57/><D57/><U59/><E122/><V130/><F87/><W86/><G86/><T77/><D128/><N who="2" m="49194" /><F89/><W80/><G53/><N who="0" m="29855" /><D94/><U8/><E121/><V132/><F4/><W55/><G55/><T11/><D85/><U40/><E60/><V22/><F22/><AGARI ba="0,0" hai="11,14,18,20,22,58,63,64,77,78,79" m="29855" machi="22" ten="30,1000,0" yaku="8,1" doraHai="31" who="0" fromWho="2" sc="211,10,329,0,230,-10,230,0" /><INIT seed="2,0,0,5,3,131" ten="221,329,220,230" oya="2" hai0="60,97,63,103,6,70,65,47,42,100,99,87,88" hai1="39,133,5,78,19,90,36,69,104,126,132,75,51" hai2="79,74,10,44,66,76,129,96,114,107,59,31,130" hai3="64,101,32,117,98,54,135,110,109,127,61,108,128"/><V121/><F114/><W48/><G32/><T34/><D34/><U40/><E69/><V83/><F121/><W113/><G117/><T28/><D28/><U22/><E104/><V106/><F79/><W57/><G113/><T81/><D6/><U134/><E126/><V56/><F31/><W41/><G128/><N who="2" m="49257" /><F44/><W20/><G20/><T58/><D99/><U45/><E5/><V102/><F10/><W94/><G127/><T12/><D12/><N who="1" m="9575" /><E90/><V11/><F11/><W37/><G135/><T1/><D1/><U115/><E115/><V77/><F77/><W119/><G119/><T123/><D123/><U111/><E111/><V23/><F23/><W112/><G112/><T14/><D14/><U15/><E15/><V86/><F107/><W33/><G33/><T92/><D63/><U53/><E40/><V21/><F21/><W71/><REACH who="3" step="1"/><G41/><REACH who="3" ten="221,329,220,220" step="2"/><T95/><D70/><U122/><E122/><V13/><F74/><W30/><G30/><T52/><D65/><U43/><E43/><V38/><F66/><W67/><G67/><T82/><REACH who="0" step="1"/><D103/><REACH who="0" ten="211,329,220,220" step="2"/><U29/><E29/><V73/><F102/><W84/><G84/><T85/><D85/><U7/><E7/><V9/><F86/><W62/><G62/><T118/><D118/><U105/><E105/><V8/><F106/><W35/><G35/><T46/><D46/><U89/><E132/><V25/><F73/><W80/><G80/><T120/><D120/><U49/><E133/><V17/><F83/><W91/><G91/><T50/><AGARI ba="0,2" hai="42,47,50,52,58,60,81,82,87,88,92,95,97,100" machi="50" ten="20,12000,2" yaku="1,1,0,1,7,1,8,1,54,2,53,0" doraHai="131" doraHaiUra="72" who="0" fromWho="0" sc="211,140,329,-30,220,-60,220,-30" /><INIT seed="3,0,0,4,4,122" ten="351,299,160,190" oya="3" hai0="23,45,47,117,112,95,114,50,55,65,108,49,126" hai1="120,68,97,37,16,70,30,79,61,92,6,41,64" hai2="81,116,63,56,57,18,25,8,132,53,123,83,11" hai3="93,101,78,14,2,102,1,13,59,52,75,69,80"/><W60/><G69/><T26/><D117/><U44/><E120/><V104/><F116/><W94/><G102/><T20/><D126/><U127/><E127/><V115/><F123/><W9/><G14/><T58/><D95/><U72/><E6/><V119/><F119/><W96/><REACH who="3" step="1"/><G93/><REACH who="3" ten="351,299,160,180" step="2"/><T12/><D12/><U54/><E70/><V74/><F115/><W82/><G82/><T66/><D114/><U48/><E92/><V121/><F121/><W32/><G32/><T110/><D112/><U124/><E68/><V134/><F104/><W107/><G107/><T42/><D23/><U73/><E124/><V87/><F83/><W39/><G39/><N who="0" m="21727" /><D20/><U103/><E37/><V85/><F132/><W62/><G62/><T113/><D26/><U35/><E35/><V84/><F134/><W21/><G21/><T34/><D34/><U27/><E27/><V71/><F25/><W89/><G89/><T90/><D90/><U10/><E10/><V15/><F71/><W17/><AGARI ba="0,1" hai="1,2,9,13,17,52,59,60,75,78,80,94,96,101" machi="17" ten="20,12000,1" yaku="1,1,0,1,7,1,54,1,53,1" doraHai="122" doraHaiUra="7" who="3" fromWho="3" sc="351,-40,299,-40,160,-40,180,130" /><INIT seed="3,1,0,4,2,111" ten="311,259,120,310" oya="3" hai0="24,86,11,2,105,63,58,4,33,97,76,133,8" hai1="29,90,25,91,100,113,14,6,19,3,12,35,53" hai2="128,68,106,122,132,26,131,10,64,37,96,92,57" hai3="48,87,102,125,127,41,9,79,17,121,81,80,88"/><W20/><G121/><T32/><D133/><U27/><E113/><V40/><F122/><W55/><G102/><T69/><D69/><U50/><E100/><V118/><F118/><W70/><G41/><T36/><D36/><U123/><E123/><V85/><F68/><W44/><G70/><T42/><D42/><U82/><E3/><V43/><F132/><W103/><G103/><T60/><D60/><U107/><E107/><V120/><F120/><W23/><G127/><T49/><D49/><U65/><E65/><V134/><F134/><W1/><G125/><T0/><D24/><U129/><E129/><V51/><F106/><W47/><G1/><T130/><D130/><N who="2" m="49706" /><F85/><N who="3" m="48287" /><G44/><T71/><D71/><U39/><E39/><V18/><F37/><W72/><G72/><T16/><D97/><U95/><E27/><V78/><F78/><W59/><G59/><T56/><D105/><U112/><E25/><V34/><F34/><W13/><AGARI ba="1,0" hai="9,13,17,20,23,47,48,55,81,87,88" m="48287" machi="13" ten="30,6000,0" yaku="25,1,8,1,54,1" doraHai="111" who="3" fromWho="3" sc="311,-21,259,-21,120,-21,310,63" /><INIT seed="3,2,0,5,2,21" ten="290,238,99,373" oya="3" hai0="114,56,93,95,104,4,117,2,91,97,10,122,7" hai1="44,65,51,8,38,62,39,88,66,6,129,67,47" hai2="125,45,79,113,23,3,68,111,80,12,34,119,48" hai3="73,89,31,116,49,69,63,128,90,103,35,43,82"/><W30/><G116/><T64/><D117/><U108/><E108/><V72/><F119/><W134/><G134/><T29/><D122/><U5/><E129/><V71/><F113/><W112/><G112/><T98/><D114/><U133/><E133/><V105/><F3/><W15/><G103/><T118/><D118/><U75/><E75/><V87/><F125/><W115/><G90/><T131/><D131/><U32/><E32/><V54/><F111/><W109/><G115/><T130/><D130/><U83/><E38/><V58/><F34/><W96/><G109/><T55/><D104/><U50/><E39/><V120/><F105/><W85/><G15/><T59/><D29/><U13/><E5/><V11/><F120/><W18/><G73/><T102/><D7/><U135/><E62/><V14/><F72/><W70/><G31/><T22/><D22/><U9/><E9/><V41/><F23/><W61/><G18/><T17/><D17/><U124/><E124/><V36/><REACH who="2" step="1"/><F14/><REACH who="2" ten="290,238,89,373" step="2"/><W28/><G128/><T92/><D2/><U40/><E135/><V20/><F20/><W74/><G35/><T99/><D10/><U127/><E127/><V76/><F76/><W101/><G74/><T132/><D132/><U60/><E13/><V37/><F37/><W26/><G30/><T52/><D4/><AGARI ba="2,1" hai="4,11,12,36,41,45,48,54,58,68,71,79,80,87" machi="4" ten="30,2000,0" yaku="1,1,7,1,53,0" doraHai="21" doraHaiUra="57" who="2" fromWho="0" sc="290,-26,238,0,89,36,373,0" /><INIT seed="4,0,0,5,5,123" ten="264,238,125,373" oya="0" hai0="133,59,101,89,110,30,78,62,102,129,105,13,131" hai1="41,8,88,21,114,97,74,29,25,63,6,17,98" hai2="42,121,49,95,71,58,19,76,117,56,96,68,107" hai3="32,108,103,91,77,124,80,118,46,44,31,16,37"/><T10/><D133/><U125/><E74/><V3/><F121/><W134/><G118/><T90/><D78/><U15/><E125/><V5/><F107/><W73/><G124/><T130/><D30/><U94/><E114/><V57/><F76/><W22/><G103/><N who="0" m="39435" /><D105/><U70/><E41/><V113/><F113/><W38/><G91/><T87/><D87/><N who="1" m="52511" /><E70/><V128/><F128/><W135/><G108/><T23/><D23/><N who="1" m="15551" /><E63/><V4/><F117/><W65/><G32/><T100/><D110/><U79/><E79/><V116/><F116/><W126/><G65/><N who="0" m="39135" /><D100/><U120/><E120/><V83/><F3/><W67/><G126/><T43/><D43/><U50/><E50/><V122/><F68/><W132/><G31/><T72/><D72/><U92/><E92/><V34/><F71/><W48/><G67/><T45/><D45/><N who="3" m="17513" /><G48/><T40/><D40/><U33/><E33/><V39/><F34/><W86/><G73/><T127/><D127/><U14/><AGARI ba="0,0" hai="6,8,14,15,17,21,97,98" m="15551,52511" machi="14" ten="30,2000,0" yaku="8,1,54,1" doraHai="123" who="1" fromWho="1" sc="264,-10,238,20,125,-5,373,-5" /><INIT seed="5,0,0,4,1,11" ten="254,258,120,368" oya="1" hai0="45,110,19,76,90,89,81,118,20,69,107,62,8" hai1="87,54,31,44,48,42,126,65,85,98,32,105,133" hai2="53,88,50,99,64,5,73,29,120,111,26,121,129" hai3="1,61,6,135,93,36,33,35,123,131,86,82,83"/><U59/><E126/><V58/><F111/><W132/><G36/><T10/><D107/><U55/><E133/><V95/><F129/><W67/><G1/><T38/><D110/><U27/><E65/><V130/><F73/><W13/><G131/><T43/><D118/><U70/><E70/><V17/><F130/><W2/><G123/><T28/><D28/><U113/><E113/><V41/><F5/><W39/><G93/><T102/><D102/><U106/><E54/><V94/><F41/><W96/><G96/><T40/><D40/><U57/><E57/><V128/><F128/><W15/><G39/><T3/><D3/><U103/><REACH who="1" step="1"/><E106/><REACH who="1" ten="254,248,120,368" step="2"/><V18/><F121/><W34/><G135/><T91/><D69/><U117/><E117/><V127/><F127/><W78/><G132/><T97/><D62/><AGARI ba="0,1" hai="27,31,32,42,44,48,55,59,62,85,87,98,103,105" machi="62" ten="30,5800,0" yaku="1,1,7,1,53,1" doraHai="11" doraHaiUra="52" who="1" fromWho="0" sc="254,-58,248,68,120,0,368,0" /><INIT seed="5,1,0,2,5,48" ten="196,316,120,368" oya="1" hai0="97,17,129,111,36,83,130,23,40,65,46,131,76" hai1="45,14,63,50,68,125,73,10,98,123,3,21,117" hai2="128,38,58,51,101,109,61,59,30,107,99,127,84" hai3="15,88,78,24,16,1,64,60,124,85,0,92,56"/><U67/><E117/><V39/><F109/><W91/><G124/><T77/><D111/><U79/><E123/><V108/><F108/><W44/><G78/><T121/><D121/><U18/><E125/><V71/><F128/><W57/><G24/><T122/><D122/><U81/><E98/><V69/><F127/><W9/><G44/><T75/><D77/><U31/><E31/><V25/><F71/><W112/><G112/><T19/><D65/><U27/><E3/><V70/><F70/><W6/><G6/><T93/><REACH who="0" step="1"/><D23/><REACH who="0" ten="186,316,120,368" step="2"/><U102/><E21/><V135/><F135/><W34/><G34/><T74/><D74/><U62/><E67/><V26/><F69/><W126/><G126/><T119/><D119/><U35/><E79/><V22/><F84/><W29/><G0/><T42/><D42/><U66/><E66/><V47/><F26/><W133/><G1/><T2/><D2/><U8/><E27/><V90/><F90/><AGARI ba="1,1" hai="17,19,36,40,46,75,76,83,90,93,97,129,130,131" machi="90" ten="40,2600,0" yaku="1,1,19,1,53,0" doraHai="48" doraHaiUra="103" who="0" fromWho="2" sc="186,39,316,0,120,-29,368,0" /><INIT seed="6,0,0,5,3,7" ten="225,316,91,368" oya="2" hai0="65,82,112,95,2,20,11,78,122,57,47,133,126" hai1="31,48,87,79,40,117,85,41,53,30,13,129,119" hai2="69,18,6,102,21,97,70,106,101,96,10,33,100" hai3="92,43,108,0,29,114,46,124,113,27,49,24,42"/><V26/><F101/><W28/><G0/><T105/><D105/><U34/><E79/><V75/><F75/><W77/><G77/><T14/><D122/><U132/><E34/><V16/><F18/><W72/><G72/><T67/><D112/><N who="3" m="43113" /><G124/><T19/><D126/><U17/><E129/><V71/><F33/><W91/><G108/><T66/><D133/><U125/><E132/><V68/><F68/><W107/><G42/><N who="1" m="16490" /><E117/><V38/><F38/><W63/><G63/><T35/><D35/><U15/><E119/><V3/><REACH who="2" step="1"/><F71/><REACH who="2" ten="225,316,81,368" step="2"/><W1/><G107/><AGARI ba="0,1" hai="3,6,10,16,21,26,69,70,96,97,100,102,106,107" machi="107" ten="30,18000,2" yaku="1,1,2,1,7,1,9,1,52,1,54,1,53,0" doraHai="7" doraHaiUra="50" who="2" fromWho="3" sc="225,0,316,0,81,190,368,-180" /><INIT seed="6,1,0,2,3,97" ten="225,316,271,188" oya="2" hai0="135,24,125,14,88,122,118,129,94,134,6,80,57" hai1="73,90,120,107,39,19,4,84,83,96,45,66,105" hai2="87,99,34,31,81,62,67,130,102,27,2,75,25" hai3="56,16,98,8,71,41,124,1,40,119,78,26,43"/><V76/><F2/><W64/><G119/><T92/><D122/><U106/><E120/><V48/><F130/><W37/><G1/><T22/><D118/><U0/><E66/><V93/><F27/><W60/><G124/><T133/><D125/><U72/><E19/><V7/><F7/><W69/><G78/><T104/><D104/><U114/><E114/><V38/><F48/><W113/><G37/><T52/><D129/><U77/><E72/><V128/><F128/><W85/><G85/><N who="0" m="50215" /><D14/><U46/><E46/><V51/><F51/><W132/><G132/><N who="0" m="33795" /><T117/><DORA hai="50" /><D6/><U109/><E109/><V5/><F5/><W35/><G113/><T3/><D3/><U123/><E45/><V111/><F111/><W54/><G35/><T44/><D44/><U58/><E39/><V12/><F12/><W42/><N who="3" m="10240" /><DORA hai="59" /><W91/><G64/><T63/><D117/><U13/><E13/><V10/><F38/><W101/><G8/><T70/><D70/><U15/><E15/><V108/><F108/><W126/><G126/><T116/><D116/><U103/><E4/><V68/><REACH who="2" step="1"/><F10/><REACH who="2" ten="225,316,261,188" step="2"/><W11/><G11/><T82/><D82/><U28/><E83/><V33/><F33/><W49/><G49/><T95/><D22/><U127/><E127/><V131/><F131/><W55/><G71/><T17/><D17/><U79/><E0/><V30/><F30/><W110/><G69/><T121/><D121/><U86/><E28/><V18/><F18/><W100/><G110/><T112/><D112/><U53/><E123/><V47/><F47/><W20/><G54/><RYUUKYOKU ba="1,1" sc="225,10,316,-30,261,10,188,10" hai0="24,52,57,63,92,94,95" hai2="25,31,34,62,67,68,75,76,81,87,93,99,102" hai3="16,20,26,55,56,60,91,98,100,101" /><INIT seed="6,2,1,5,3,92" ten="235,286,271,198" oya="2" hai0="119,99,113,53,107,95,81,41,93,126,124,12,86" hai1="85,120,88,11,1,8,69,114,65,105,0,6,108" hai2="74,26,82,75,24,10,121,19,28,62,32,35,103" hai3="91,67,36,63,50,42,30,76,40,68,112,55,49"/><V46/><F121/><W52/><G76/><N who="0" m="46375" /><D41/><N who="3" m="15977" /><G30/><T47/><D12/><U116/><E108/><V71/><F46/><N who="3" m="27703" /><G91/><N who="0" m="55743" /><D47/><U4/><E114/><V18/><F82/><W96/><G112/><T83/><D53/><U60/><E116/><V14/><F19/><W73/><G96/><T33/><D33/><U15/><E105/><V16/><F103/><W25/><G25/><T61/><D61/><U94/><E120/><V134/><F18/><W79/><G73/><T21/><D21/><U125/><E125/><N who="0" m="48233" /><D113/><U72/><E72/><V51/><F75/><W129/><G79/><T130/><D107/><U131/><E131/><V54/><F74/><W98/><G129/><T23/><D23/><U111/><E111/><V48/><F32/><W44/><G98/><T123/><D123/><U17/><E17/><V127/><F127/><W77/><G77/><T29/><D29/><U102/><E102/><V117/><F28/><W78/><G78/><T2/><D2/><AGARI ba="2,1" hai="0,1,2,4,6,8,11,15,60,65,69,85,88,94" machi="2" ten="30,2000,0" yaku="7,1,54,1" doraHai="92" who="1" fromWho="0" sc="235,-26,286,36,271,0,198,0" /><INIT seed="7,0,0,5,2,15" ten="209,322,271,198" oya="3" hai0="28,72,83,122,91,125,33,55,46,25,129,51,92" hai1="119,1,94,97,85,7,120,71,12,56,58,82,4" hai2="24,64,73,23,47,102,121,128,87,9,60,130,19" hai3="43,26,50,38,111,17,132,35,134,63,22,110,81"/><W93/><G35/><T133/><D122/><U74/><E120/><V67/><F73/><W52/><G38/><T112/><D112/><U42/><E71/><V13/><F102/><W131/><G43/><T40/><D129/><N who="2" m="49770" /><F60/><W116/><G131/><T20/><D125/><U88/><E74/><V10/><F10/><W108/><G116/><T114/><D114/><U3/><E3/><V117/><F117/><W48/><G81/><T98/><D133/><N who="3" m="51305" /><G93/><T57/><D83/><U135/><E1/><V89/><F47/><W16/><G63/><T115/><D115/><U5/><E119/><V101/><F101/><W27/><G27/><T49/><D72/><U123/><E123/><V69/><F69/><W44/><G50/><T99/><D33/><U37/><E135/><V30/><F121/><W95/><G95/><AGARI ba="0,0" hai="9,13,19,23,24,30,64,67,87,89,95" m="49770" machi="95" ten="30,2000,0" yaku="19,1,52,1" doraHai="15" who="2" fromWho="3" sc="209,0,322,0,271,20,198,-20" owari="209,-19.0,322,42.0,291,9.0,178,-32.0" /></mjloggm>