<mjloggm ver="2.3"><GO type="169" lobby="0"/><UN n0="%E4%B8%8A%E6%9F%BF%E3%82%81%E3%81%90%E3%81%BF" n1="%E9%BB%92%E7%8A%AC%40%E3%81%A6%E3%82%93%E3%81%BB%E3%83%BC" n2="%E5%8D%9A%E9%BA%97%E3%82%86%E3%81%8B%E3%82%8A" n3="%E5%B0%B1%E6%B4%BB%E7%94%9F%40%E5%B7%9D%E6%9D%91%E8%BB%8D%E5%9B%A3" dan="17,16,17,16" rate="2135.21,2049.05,2170.47,2025.43" sx="F,F,M,M"/><TAIKYOKU oya="0"/><INIT seed="0,0,0,4,1,104" ten="250,250,250,250" oya="0" hai0="30,132,55,105,24,37,122,33,18,98,116,134,73" hai1="107,124,115,64,77,42,36,50,49,14,5,0,74" hai2="119,130,27,48,16,96,109,97,68,65,129,110,127" hai3="79,67,85,38,44,99,76,71,95,57,100,53,29"/><T8/><D116/><U114/><E107/><V43/><F119/><W70/><G29/><T10/><D37/><U41/><E64/><V92/><F127/><W59/><G67/><T62/><D122/><U34/><E34/><V20/><F65/><W51/><G79/><T125/><D55/><U9/><E124/><V26/><F68/><W117/><G117/><T3/><D62/><U23/><E14/><V128/><F27/><W25/><G25/><T35/><D125/><U84/><E23/><V133/><F133/><N who="0" m="51306" /><D35/><U131/><E84/><V89/><F97/><W6/><G6/><N who="0" m="1119" /><D98/><U111/><E131/><V101/><F101/><W47/><G71/><T113/><D105/><U17/><E17/><V22/><F22/><W40/><G70/><T13/><D73/><U102/><E102/><V7/><F7/><W21/><G21/><T45/><D45/><AGARI ba="0,0" hai="16,20,26,43,45,48,89,92,96,109,110,128,129,130" machi="45" ten="50,3200,0" yaku="19,1,54,1" doraHai="104" who="2" fromWho="0" sc="250,-32,250,0,250,32,250,0" /><INIT seed="1,0,0,3,3,56" ten="218,250,282,250" oya="1" hai0="52,75,106,59,134,128,133,36,68,10,82,125,107" hai1="13,74,5,32,24,49,50,30,109,12,108,38,33" hai2="135,39,94,104,77,97,0,44,114,117,78,34,35" hai3="69,118,19,6,95,3,31,45,115,101,93,14,66"/><U22/><E74/><V99/><F0/><W81/><G115/><T96/><D68/><U53/><E38/><V85/><F117/><W46/><G118/><T110/><D36/><U20/><E49/><V131/><F44/><W67/><G3/><T55/><D110/><N who="1" m="42603" /><E5/><V89/><F34/><N who="1" m="13417" /><E22/><V1/><F35/><W41/><G6/><T113/><D113/><U98/><E98/><V58/><F1/><W116/><G116/><T7/><D96/><U132/><E132/><V79/><F39/><W9/><G31/><T43/><D134/><U29/><E29/><V111/><F135/><W60/><G67/><T88/><D10/><U21/><E21/><V26/><F111/><W84/><G101/><T80/><D7/><U76/><E76/><V86/><F79/><W126/><G126/><T15/><D125/><U27/><E27/><V71/><F26/><W23/><G23/><T28/><D133/><U63/><E63/><V127/><F127/><W40/><G46/><AGARI ba="0,0" hai="12,13,20,24,30,46,50,53" m="13417,42603" machi="46" ten="30,2900,0" yaku="14,1,10,1" doraHai="56" who="1" fromWho="3" sc="218,0,250,29,282,0,250,-29" /><INIT seed="1,1,0,5,4,49" ten="218,279,282,221" oya="1" hai0="19,97,104,32,64,20,63,81,5,94,22,118,76" hai1="87,0,86,108,99,135,34,82,4,48,24,80,119" hai2="33,57,54,58,109,11,43,6,15,21,67,124,3" hai3="114,66,27,112,75,8,74,89,18,79,52,88,100"/><U103/><E119/><V134/><F33/><W37/><G37/><T23/><D118/><U71/><E71/><V131/><F134/><W2/><G2/><T122/><D5/><U13/><E135/><V16/><F131/><W90/><G66/><T25/><D122/><U84/><E0/><V51/><F109/><W78/><G100/><T105/><D19/><U126/><E126/><V91/><F124/><W120/><G120/><T107/><D94/><U117/><E117/><V45/><F67/><W77/><G27/><T29/><D81/><U98/><E108/><V56/><REACH who="2" step="1"/><F91/><REACH who="2" ten="218,279,272,221" step="2"/><W50/><G112/><T12/><D76/><U9/><E34/><V111/><F111/><W92/><G114/><T7/><D7/><U31/><E103/><V123/><F123/><W41/><G75/><T121/><D121/><U53/><E82/><V14/><F14/><N who="3" m="7495" /><G74/><T96/><REACH who="0" step="1"/><D12/><REACH who="0" ten="208,279,272,221" step="2"/><U62/><E13/><V110/><F110/><W132/><G132/><T73/><D73/><U60/><E80/><V70/><F70/><AGARI ba="1,2" hai="20,22,23,25,29,32,63,64,70,96,97,104,105,107" machi="70" ten="50,1600,0" yaku="1,1,53,0" doraHai="49" doraHaiUra="39" who="0" fromWho="2" sc="208,39,279,0,272,-19,221,0" /><INIT seed="2,0,0,1,0,130" ten="247,279,253,221" oya="2" hai0="104,38,14,51,124,15,113,13,76,4,52,65,93" hai1="125,46,62,36,61,1,106,102,98,74,72,89,55" hai2="18,112,44,34,122,126,2,77,99,26,49,82,50" hai3="5,37,134,57,28,12,6,116,39,0,90,94,40"/><V109/><F122/><W97/><G116/><T79/><D104/><U43/><E1/><V69/><F112/><W120/><G120/><T42/><D38/><U56/><E125/><V117/><F117/><W66/><G0/><T123/><D113/><U25/><E25/><V3/><F69/><W60/><G28/><T31/><D123/><U86/><REACH who="1" step="1"/><E62/><REACH who="1" ten="247,269,253,221" step="2"/><V54/><F3/><W24/><G24/><T91/><D124/><U47/><E47/><V35/><F2/><W27/><G27/><T83/><D15/><U10/><E10/><V78/><F126/><W121/><G121/><T58/><D14/><U9/><E9/><V108/><F35/><W8/><G5/><T110/><D31/><U7/><E7/><V115/><F34/><W129/><G129/><T11/><D13/><U45/><E45/><N who="2" m="27951" /><F115/><W107/><G107/><T132/><D11/><U48/><E48/><V32/><F32/><W135/><REACH who="3" step="1"/><G40/><REACH who="3" ten="247,269,253,211" step="2"/><T53/><D42/><U30/><E30/><V33/><F33/><W101/><G101/><T19/><D4/><U96/><E96/><V131/><F99/><W114/><G114/><T95/><D19/><U105/><E105/><V100/><F100/><W92/><G92/><AGARI ba="0,2" hai="36,43,46,55,56,61,72,74,86,89,92,98,102,106" machi="92" ten="30,2000,0" yaku="1,1,7,1,53,0" doraHai="130" doraHaiUra="21" who="1" fromWho="3" sc="247,0,269,40,253,0,211,-20" /><INIT seed="3,0,0,1,3,7" ten="247,309,253,191" oya="3" hai0="81,22,12,90,108,131,55,13,53,3,45,10,124" hai1="63,116,92,101,127,70,79,49,119,61,97,114,11" hai2="31,36,98,128,67,38,91,125,51,28,86,77,35" hai3="15,21,113,4,8,122,2,68,62,96,14,29,102"/><W109/><G122/><T89/><D131/><U135/><E79/><V84/><F128/><W75/><G75/><T100/><D124/><U118/><E114/><V57/><F125/><W33/><G113/><T37/><D108/><U54/><E127/><V16/><F36/><W106/><G109/><T41/><D100/><U9/><E135/><V103/><F38/><W44/><G44/><T1/><D22/><U19/><E19/><V58/><F35/><W65/><REACH who="3" step="1"/><G21/><REACH who="3" ten="247,309,253,181" step="2"/><T121/><D121/><U129/><E129/><V104/><F31/><W82/><G82/><T0/><D81/><U78/><E116/><V5/><F28/><W85/><G85/><T42/><D45/><U48/><E118/><V59/><F86/><W71/><G71/><T30/><D30/><U107/><E70/><V94/><F84/><W115/><G115/><T43/><D37/><U25/><E119/><V95/><F59/><W123/><G123/><T17/><REACH who="0" step="1"/><D13/><REACH who="0" ten="237,309,253,181" step="2"/><U120/><E120/><V99/><F58/><W20/><G20/><T60/><D60/><U88/><E63/><V133/><F57/><W80/><G80/><T134/><D134/><U23/><E61/><V26/><F133/><W83/><G83/><T6/><D6/><U46/><E23/><V130/><F5/><W87/><G87/><T111/><D111/><U18/><E78/><V73/><F77/><W39/><G39/><T126/><D126/><U50/><E46/><V66/><F130/><W34/><G34/><T52/><AGARI ba="0,2" hai="0,1,3,10,12,17,41,42,43,52,53,55,89,90" machi="52" ten="40,12000,2" yaku="1,1,0,1,29,2,52,1,54,1,53,0" doraHai="7" doraHaiUra="40" who="0" fromWho="0" sc="237,140,309,-30,253,-30,181,-60" /><INIT seed="4,0,0,2,5,87" ten="377,279,223,121" oya="0" hai0="0,82,95,60,124,76,4,31,54,5,7,32,52" hai1="17,109,46,68,128,99,112,84,123,115,29,23,38" hai2="116,131,93,88,96,106,111,22,15,14,72,132,25" hai3="33,6,64,73,77,26,50,53,10,19,48,59,40"/><T36/><D124/><U62/><E109/><V9/><F111/><W80/><G64/><T91/><D0/><U18/><E123/><V39/><F39/><W92/><G92/><T1/><D1/><U61/><E128/><V65/><F131/><W42/><G50/><T127/><D127/><U45/><E99/><V119/><F132/><W24/><G24/><T2/><D2/><U13/><E29/><V122/><F122/><W71/><G71/><T28/><D36/><U114/><E84/><V44/><F72/><W70/><G70/><T47/><D32/><U55/><E55/><V35/><F35/><W125/><G125/><T133/><D133/><U117/><E117/><N who="2" m="45131" /><F65/><W57/><G57/><N who="0" m="34855" /><D76/><U37/><E68/><V118/><F106/><W83/><G83/><T74/><D82/><U30/><E30/><N who="0" m="11305" /><D74/><U78/><E78/><V129/><F129/><W103/><G103/><T66/><D66/><U98/><E38/><V12/><F118/><W8/><G33/><T108/><D108/><U105/><E37/><V86/><F44/><N who="1" m="17001" /><E18/><N who="2" m="12503" /><F96/><W56/><G56/><T121/><D121/><U67/><E67/><V51/><F51/><W126/><G126/><T11/><D47/><U135/><E135/><V107/><F107/><W43/><REACH who="3" step="1"/><G6/><AGARI ba="0,0" hai="6,9,12,14,15,86,88,93" m="12503,45131" machi="6" ten="30,3900,0" yaku="12,1,52,1,54,1" doraHai="87" who="2" fromWho="3" sc="377,0,279,0,223,39,121,-39" /><INIT seed="5,0,0,4,1,127" ten="377,279,262,82" oya="1" hai0="109,83,24,5,76,125,91,131,62,90,29,89,92" hai1="57,120,66,45,18,104,111,47,105,126,12,64,128" hai2="114,68,21,27,108,55,110,115,31,23,99,85,10" hai3="119,63,28,25,117,56,52,122,2,95,9,40,48"/><U16/><E120/><V101/><F68/><W88/><G122/><T37/><D37/><U59/><E12/><V58/><F85/><W133/><G133/><T124/><D5/><U116/><E126/><N who="0" m="48745" /><D62/><U130/><REACH who="1" step="1"/><E111/><REACH who="1" ten="377,269,262,82" step="2"/><V38/><F108/><W82/><G2/><T53/><D109/><U35/><E35/><V1/><F110/><W73/><G117/><AGARI ba="0,1" hai="16,18,45,47,57,59,64,66,104,105,116,117,128,130" machi="117" ten="25,18000,2" yaku="1,1,22,2,52,2,54,1,53,0" doraHai="127" doraHaiUra="72" who="1" fromWho="3" sc="377,0,269,190,262,0,82,-180" owari="377,18.0,459,56.0,262,-14.0,-98,-60.0" /></mjloggm>