<mjloggm ver="2.3"><GO type="169" lobby="0"/><UN n0="%E5%B0%B1%E6%B4%BB%E7%94%9F%40%E5%B7%9D%E6%9D%91%E8%BB%8D%E5%9B%A3" n1="%E3%81%A4%E3%81%B0%E3%81%8D%E3%81%A1%30%33" n2="%E3%81%AD%E3%81%93%E3%81%AB%E3%82%83%E3%82%93" n3="%E4%BF%BA%54%55%45%45%45%45%45" dan="16,16,16,16" rate="2064.90,2161.63,2080.41,2126.42" sx="M,M,F,F"/><TAIKYOKU oya="0"/><INIT seed="0,0,0,0,0,29" ten="250,250,250,250" oya="0" hai0="25,126,97,115,77,66,120,98,33,22,82,131,48" hai1="134,129,43,37,105,108,64,16,39,79,70,67,31" hai2="132,41,88,60,23,85,133,110,12,72,80,91,96" hai3="89,83,20,107,68,90,61,30,63,100,95,52,101"/><T56/><D120/><U57/><E105/><V24/><F110/><W69/><G107/><T113/><D126/><U92/><E92/><V5/><F72/><W34/><G20/><T119/><D131/><U11/><E79/><V123/><F123/><W40/><G40/><T62/><D119/><U28/><E57/><V122/><F122/><W106/><G106/><T49/><D33/><U9/><E43/><V44/><F60/><W121/><G121/><T10/><D113/><U74/><E74/><V71/><F71/><W3/><G3/><T81/><D10/><U114/><E70/><V1/><F1/><W93/><G30/><T94/><D115/><U36/><E36/><V59/><F59/><W54/><G83/><T75/><D82/><U111/><E134/><V78/><F96/><W135/><G135/><T50/><REACH who="0" step="1"/><D94/><REACH who="0" ten="240,250,250,250" step="2"/><U2/><E2/><V7/><F133/><W125/><G125/><T17/><AGARI ba="0,1" hai="17,22,25,48,49,50,56,62,66,75,77,81,97,98" machi="17" ten="30,6000,0" yaku="1,1,2,1,0,1,53,0" doraHai="29" doraHaiUra="118" who="0" fromWho="0" sc="240,70,250,-20,250,-20,250,-20" /><INIT seed="0,1,0,2,1,133" ten="310,230,230,230" oya="0" hai0="10,14,43,50,85,112,109,34,11,134,23,29,36" hai1="42,26,108,94,130,18,12,90,52,103,62,22,66" hai2="81,86,35,135,55,9,2,93,106,64,30,116,57" hai3="87,105,0,17,33,51,6,126,16,39,46,97,15"/><T83/><D112/><U60/><E108/><V37/><F106/><W69/><G69/><T1/><D134/><U8/><E130/><V3/><F37/><W70/><G70/><T73/><D36/><U48/><E42/><V110/><F64/><W82/><G39/><T76/><D34/><U118/><E103/><V74/><F74/><W98/><G33/><T38/><D38/><U127/><E127/><V107/><F107/><W132/><G126/><T45/><D109/><U92/><E66/><V56/><F93/><W104/><G104/><T115/><D115/><U100/><E100/><V61/><F116/><W113/><G132/><T40/><D1/><U25/><E92/><V7/><F30/><W28/><G28/><T131/><D131/><U49/><E49/><V4/><F35/><W122/><G122/><T114/><D114/><U99/><E25/><V54/><F110/><W53/><G113/><T72/><D11/><U44/><REACH who="1" step="1"/><E118/><REACH who="1" ten="310,220,230,230" step="2"/><V68/><F135/><W47/><G105/><T80/><D43/><U41/><E41/><V71/><F61/><W117/><G117/><T101/><D101/><U58/><E58/><V129/><F129/><W21/><G47/><T77/><D50/><U24/><E24/><V59/><F59/><W84/><G46/><T91/><D40/><U121/><E121/><V27/><F27/><W95/><G51/><T79/><D45/><U63/><E63/><V67/><F67/><W124/><G95/><T75/><D80/><U125/><E125/><V32/><F81/><W123/><G82/><T31/><D83/><U120/><E120/><RYUUKYOKU ba="1,1" sc="310,-10,220,30,230,-10,230,-10" hai1="8,12,18,22,26,44,48,52,60,62,90,94,99" /><INIT seed="1,2,1,5,2,94" ten="300,250,220,220" oya="1" hai0="78,39,84,47,38,53,48,7,105,56,107,100,115" hai1="112,67,54,40,45,25,31,103,106,61,122,73,10" hai2="127,124,129,77,6,16,11,135,90,20,79,26,32" hai3="126,3,101,111,2,14,60,55,65,98,102,134,132"/><U42/><E122/><V49/><F32/><W75/><G75/><T81/><D115/><U131/><E112/><V76/><F135/><N who="3" m="51755" /><G111/><T109/><D109/><U41/><E73/><V110/><F110/><W12/><G55/><T118/><D118/><U64/><E131/><V59/><F129/><W85/><G85/><T57/><D7/><U24/><E10/><V71/><F71/><N who="3" m="42407" /><G102/><T66/><D105/><U120/><E120/><V133/><F133/><W91/><G91/><T108/><D108/><U37/><E67/><V19/><F90/><W97/><G126/><T23/><D23/><U128/><E54/><V22/><F59/><W123/><G123/><T86/><D86/><U43/><E128/><V63/><F63/><W87/><G87/><T74/><D74/><U70/><REACH who="1" step="1"/><E31/><REACH who="1" ten="300,240,220,220" step="2"/><V83/><F127/><W89/><G2/><T113/><D66/><U117/><E117/><V62/><F124/><W29/><G3/><T58/><D113/><U69/><E69/><V88/><F11/><W15/><G29/><T46/><D46/><U34/><E34/><V44/><F44/><W82/><G82/><T36/><D47/><U114/><E114/><V99/><F83/><W72/><G72/><T52/><D48/><U33/><E33/><V50/><F49/><W1/><G1/><T9/><D9/><U21/><E21/><V28/><F22/><W4/><G4/><T125/><D125/><U121/><E121/><V80/><F6/><W96/><G101/><T8/><D8/><U92/><E92/><V116/><F116/><W68/><G68/><T30/><D30/><RYUUKYOKU ba="2,2" sc="300,10,240,10,220,-30,220,10" hai0="36,38,39,52,53,56,57,58,78,81,84,100,107" hai1="24,25,37,40,41,42,43,45,61,64,70,103,106" hai3="12,14,15,89,96,97,98" /><INIT seed="1,3,2,2,4,93" ten="310,250,190,230" oya="1" hai0="10,17,6,85,30,42,49,70,75,74,52,87,110" hai1="22,83,35,31,43,1,130,118,88,24,9,47,29" hai2="97,104,23,106,92,38,115,44,40,34,65,120,50" hai3="62,84,89,96,77,46,20,8,66,39,121,59,134"/><U132/><E118/><V135/><F34/><W60/><G121/><T99/><D70/><U56/><E132/><V128/><F120/><W123/><G123/><T95/><D110/><U101/><E130/><V69/><F135/><W111/><G134/><T61/><D75/><U91/><E101/><V37/><F128/><W41/><G111/><T45/><D74/><U119/><E119/><V26/><F115/><W21/><G8/><T58/><D30/><U131/><E131/><V36/><F65/><W127/><G127/><T0/><REACH who="0" step="1"/><D17/><REACH who="0" ten="300,250,190,230" step="2"/><U113/><E31/><V4/><F69/><W90/><G62/><T112/><D112/><U3/><E113/><V11/><F4/><W109/><G109/><T81/><D81/><U100/><E83/><V32/><F32/><W125/><G125/><T80/><D80/><U73/><E73/><V102/><REACH who="2" step="1"/><F11/><REACH who="2" ten="300,250,180,230" step="2"/><W129/><G129/><T108/><D108/><U86/><E35/><V28/><AGARI ba="3,4" hai="23,26,28,36,37,38,40,44,50,92,97,102,104,106" machi="28" ten="30,8000,1" yaku="1,1,2,1,0,1,52,1,53,1" doraHai="93" doraHaiUra="19" who="2" fromWho="2" sc="300,-23,250,-43,180,129,230,-23" /><INIT seed="2,0,0,2,4,60" ten="277,207,309,207" oya="2" hai0="49,122,129,112,24,75,57,107,113,134,8,67,131" hai1="26,80,28,34,88,121,100,14,81,74,6,119,77" hai2="45,17,83,16,65,124,91,84,125,55,54,133,89" hai3="58,62,42,39,23,29,36,1,18,52,59,41,116"/><V93/><F133/><W120/><G1/><T47/><D107/><U13/><E121/><V82/><F83/><W104/><G104/><T135/><D24/><U70/><E119/><V37/><F37/><W27/><G116/><T46/><D8/><U66/><E100/><V76/><F89/><W126/><G120/><T105/><D105/><U90/><E6/><V86/><F65/><N who="3" m="39127" /><G36/><T53/><D75/><U2/><E2/><V4/><F4/><W48/><G39/><T9/><D9/><U22/><E34/><V71/><F71/><W21/><G126/><N who="2" m="48745" /><F45/><N who="0" m="16906" /><D67/><U99/><E90/><V85/><F85/><W51/><G51/><T127/><D127/><U10/><E81/><V0/><F0/><W19/><G29/><T69/><D69/><U5/><E88/><V40/><F40/><W109/><G109/><T50/><D50/><U78/><E77/><V101/><F101/><W106/><G106/><T43/><D43/><U98/><REACH who="1" step="1"/><E14/><AGARI ba="0,0" hai="14,18,19,21,23,27,41,42,48,52,59" m="39127" machi="14" ten="30,3900,0" yaku="8,1,52,1,54,1" doraHai="60" who="3" fromWho="1" sc="277,0,207,-39,309,0,207,39" /><INIT seed="3,0,0,4,2,24" ten="277,168,309,246" oya="3" hai0="76,3,62,49,106,130,15,55,92,123,0,30,9" hai1="61,42,83,90,58,22,57,128,86,35,10,121,27" hai2="67,101,14,32,11,23,107,18,60,56,71,113,20" hai3="2,28,126,133,118,1,125,115,102,78,59,81,74"/><W95/><G115/><T17/><D106/><U108/><E121/><V21/><F113/><W127/><G118/><T25/><D123/><U52/><E108/><V43/><F43/><W36/><G133/><T13/><D130/><U100/><E128/><V70/><F32/><W79/><G36/><T114/><D114/><U109/><E109/><V117/><F117/><W69/><G69/><T77/><D62/><U89/><E35/><V64/><F101/><W12/><G79/><T39/><D39/><U45/><E100/><V80/><F107/><W47/><G47/><T51/><D51/><U91/><E58/><V19/><F64/><W135/><G135/><T31/><D3/><U99/><E10/><V104/><F104/><W131/><G131/><T37/><D37/><U65/><E65/><V6/><F70/><W72/><G72/><T26/><D92/><U94/><E89/><V98/><F71/><W124/><G12/><T75/><D15/><U38/><REACH who="1" step="1"/><E27/><REACH who="1" ten="277,158,309,246" step="2"/><N who="0" m="10249" /><D0/><U40/><E40/><V132/><F132/><W87/><G1/><T53/><D53/><U111/><E111/><V44/><F67/><W8/><G2/><T68/><D68/><U29/><E29/><N who="0" m="10761" /><D75/><U73/><E73/><V4/><F56/><AGARI ba="0,1" hai="9,13,17,49,55,56,76,77" m="10761,10249" machi="56" ten="30,7700,0" yaku="8,1,52,3" doraHai="24" who="0" fromWho="2" sc="277,87,158,0,309,-77,246,0" /><INIT seed="4,0,0,1,1,95" ten="364,158,232,246" oya="0" hai0="49,96,120,84,21,101,83,38,93,64,118,53,87" hai1="16,74,55,72,86,47,0,3,35,9,19,23,132" hai2="43,85,103,109,69,123,97,112,81,129,10,80,88" hai3="90,33,92,58,121,61,29,60,126,5,130,73,59"/><T40/><D120/><U41/><E35/><V54/><F69/><W122/><G73/><T94/><D118/><U113/><E55/><V70/><F70/><W7/><G126/><T106/><D64/><U8/><E132/><V45/><F123/><N who="3" m="47115" /><G130/><T79/><D87/><U2/><E113/><V46/><F112/><W78/><G78/><T12/><D40/><U25/><E86/><V91/><F129/><W128/><G128/><T77/><D38/><U56/><E56/><N who="3" m="21546" /><G29/><T57/><D79/><U4/><E19/><V114/><F114/><W133/><G33/><T102/><D102/><U134/><E134/><V100/><F80/><W32/><G32/><T124/><D124/><U108/><E108/><V22/><F109/><W52/><G133/><T117/><D117/><U11/><REACH who="1" step="1"/><E4/><REACH who="1" ten="364,148,232,246" step="2"/><V30/><F54/><W65/><G52/><T13/><D53/><U26/><E26/><V50/><F85/><N who="3" m="52303" /><G60/><T66/><D84/><U28/><E28/><V48/><F30/><W14/><G61/><T36/><D57/><U115/><E115/><V111/><F111/><W135/><G135/><T107/><D66/><U18/><E18/><V15/><F81/><W39/><G65/><T42/><D77/><U82/><E82/><V125/><F125/><W89/><G5/><T31/><D83/><U105/><E105/><V98/><F46/><W44/><G44/><T6/><D106/><U17/><E17/><V20/><F45/><W63/><G63/><T75/><D6/><U67/><E67/><V99/><F43/><W68/><G7/><T62/><D42/><U116/><E116/><RYUUKYOKU ba="0,1" sc="364,-10,148,30,232,-10,246,-10" hai1="0,2,3,8,9,11,16,23,25,41,47,72,74" /><INIT seed="5,1,1,4,1,102" ten="354,178,222,236" oya="1" hai0="19,77,0,113,91,64,75,93,81,44,10,119,126" hai1="3,112,94,103,87,134,115,4,110,59,98,53,129" hai2="85,67,127,18,88,14,29,120,96,35,39,55,12" hai3="72,135,33,108,82,23,105,128,56,20,41,13,40"/><U131/><E3/><V47/><F120/><W38/><G108/><T25/><D119/><U7/><E110/><V118/><F118/><W30/><G56/><T80/><D126/><U63/><E87/><V132/><F127/><W116/><G82/><T45/><D64/><U89/><E89/><V130/><F132/><W121/><G41/><T52/><D113/><N who="1" m="43595" /><E134/><V28/><F130/><AGARI ba="1,1" hai="4,7,53,59,63,94,98,103,129,130,131" m="43595" machi="130" ten="30,2900,0" yaku="19,1,15,1" doraHai="102" who="1" fromWho="2" sc="354,0,178,42,222,-32,236,0" /><INIT seed="5,2,0,2,4,120" ten="354,220,190,236" oya="1" hai0="16,60,56,37,58,69,63,97,22,21,25,0,92" hai1="36,28,45,109,20,131,95,78,102,117,93,73,80" hai2="112,42,24,85,57,108,119,118,68,94,82,64,8" hai3="15,100,6,4,1,31,111,52,84,49,90,29,47"/><U74/><E117/><V39/><F68/><W41/><G111/><T124/><D37/><U27/><E131/><V11/><F112/><W70/><G70/><T115/><D0/><U91/><E109/><V10/><F108/><W125/><G125/><T87/><D124/><U86/><E102/><V65/><F94/><W114/><G114/><T62/><D69/><U130/><E130/><V46/><F24/><W96/><G1/><T7/><D7/><U35/><E95/><V72/><F72/><W135/><G135/><T59/><D115/><U2/><E2/><V123/><F123/><W101/><G4/><T26/><D87/><U110/><E110/><V34/><F34/><W121/><G121/><T51/><D51/><U33/><REACH who="1" step="1"/><E73/><REACH who="1" ten="354,210,190,236" step="2"/><V32/><F118/><W55/><G101/><N who="0" m="60583" /><D63/><U23/><E23/><V38/><F119/><W122/><G122/><T43/><D62/><U103/><E103/><V67/><F32/><W3/><G100/><T13/><D60/><U40/><AGARI ba="2,1" hai="20,27,28,33,35,36,40,45,74,78,80,86,91,93" machi="40" ten="30,6000,0" yaku="1,1,0,1,53,1" doraHai="120" doraHaiUra="81" who="1" fromWho="1" sc="354,-22,210,76,190,-22,236,-22" /><INIT seed="5,3,0,4,0,135" ten="332,286,168,214" oya="1" hai0="20,73,38,58,21,95,12,32,27,60,113,78,109" hai1="111,110,121,22,1,108,131,69,80,54,48,42,100" hai2="114,31,10,5,126,90,52,119,2,82,37,34,118" hai3="56,18,61,67,3,44,85,30,19,105,8,65,33"/><U40/><E1/><V77/><F37/><W9/><G105/><T66/><D109/><U117/><E100/><V116/><F90/><W7/><G67/><T26/><D38/><U79/><E121/><V14/><F82/><W15/><G33/><T51/><D32/><U102/><E102/><V91/><F91/><W57/><G30/><T72/><D78/><U46/><E117/><V24/><F52/><W29/><G29/><T62/><D12/><U59/><E131/><V74/><F77/><W13/><G44/><T70/><D51/><U50/><E22/><V45/><F45/><W115/><G115/><T127/><D113/><U68/><REACH who="1" step="1"/><E42/><REACH who="1" ten="332,276,168,214" step="2"/><V55/><F114/><W16/><G3/><T92/><D20/><U93/><E93/><V87/><F2/><W96/><G9/><T63/><D21/><U120/><E120/><V124/><F74/><AGARI ba="3,1" hai="40,46,48,50,54,59,68,69,74,79,80,108,110,111" machi="74" ten="40,7700,0" yaku="1,1,10,1,53,1" doraHai="135" doraHaiUra="43" who="1" fromWho="2" sc="332,0,276,96,168,-86,214,0" /><INIT seed="5,4,0,4,0,42" ten="332,372,82,214" oya="1" hai0="2,130,64,58,73,79,84,34,71,101,19,63,11" hai1="105,109,10,89,53,65,3,118,8,102,111,27,20" hai2="107,96,91,41,40,134,24,13,127,15,33,92,51" hai3="38,7,97,131,120,76,17,133,112,100,98,77,121"/><U61/><E118/><V14/><F134/><W18/><G133/><T125/><D34/><U37/><E37/><V75/><F75/><W132/><G132/><T56/><D73/><U39/><E39/><V95/><F107/><W59/><G38/><T57/><D101/><U81/><E53/><V30/><F127/><W70/><G70/><T6/><D130/><U78/><E89/><V0/><F0/><W23/><G7/><T4/><D125/><U82/><E102/><V48/><F48/><W80/><G131/><T74/><D74/><U50/><E50/><V22/><F33/><W117/><G117/><T32/><D32/><U43/><E43/><V67/><F67/><W36/><G36/><T28/><D28/><N who="1" m="17511" /><E105/><V114/><F114/><W47/><G59/><T122/><D122/><U35/><E35/><V87/><REACH who="2" step="1"/><F51/><REACH who="2" ten="332,372,72,214" step="2"/><W126/><G126/><T123/><D2/><U5/><E65/><V60/><F60/><W90/><G121/><T29/><D63/><U12/><E61/><V88/><AGARI ba="4,1" hai="13,14,15,22,24,30,40,41,87,88,91,92,95,96" machi="88" ten="30,7900,0" yaku="1,1,0,1,8,1,54,1,53,0" doraHai="42" doraHaiUra="115" who="2" fromWho="2" sc="332,-24,372,-43,72,101,214,-24" /><INIT seed="6,0,0,4,0,25" ten="308,329,173,190" oya="2" hai0="134,51,75,18,87,129,90,74,69,4,81,53,88" hai1="73,132,126,33,67,130,29,76,63,65,77,1,46" hai2="104,133,56,95,35,39,125,52,121,108,45,19,36" hai3="14,47,54,78,115,102,32,20,93,26,118,127,113"/><V12/><F104/><W83/><G118/><T82/><D69/><N who="1" m="42175" /><E67/><V23/><F108/><W41/><G127/><T7/><D129/><U58/><E58/><V96/><F125/><W8/><G32/><T9/><D134/><U43/><E76/><V5/><F133/><W10/><G54/><T103/><D103/><U79/><E77/><V59/><F35/><W34/><G34/><T128/><D128/><U123/><E1/><V15/><F39/><N who="3" m="21951" /><G14/><N who="0" m="7503" /><D75/><U17/><E17/><V107/><F107/><W116/><G116/><T2/><D2/><U66/><E66/><V110/><F110/><W16/><G93/><T37/><D37/><N who="1" m="21871" /><E130/><V61/><F36/><W97/><G97/><T42/><D42/><U68/><E68/><V85/><F85/><N who="3" m="48375" /><G102/><T49/><D74/><U60/><E60/><V135/><F135/><W48/><G48/><N who="0" m="18507" /><D53/><U84/><E132/><V6/><F45/><W101/><G101/><T117/><D117/><U21/><E33/><V11/><F59/><W31/><G16/><T80/><D90/><U72/><E72/><V28/><F6/><AGARI ba="0,0" hai="4,6,7,80,81,82,87,88" m="18507,7503" machi="6" ten="30,2000,0" yaku="8,1,54,1" doraHai="25" who="0" fromWho="2" sc="308,20,329,0,173,-20,190,0" /><INIT seed="7,0,0,4,4,135" ten="328,329,153,190" oya="3" hai0="29,40,88,55,121,3,129,48,68,14,1,36,93" hai1="16,13,57,97,75,6,50,69,82,103,65,45,37" hai2="53,60,56,72,44,12,123,24,70,109,122,26,21" hai3="5,106,2,58,9,4,96,117,102,81,22,84,30"/><W87/><G117/><T120/><D68/><U85/><E75/><V74/><F109/><W77/><G5/><T39/><D129/><U66/><E69/><V99/><F70/><W124/><G124/><T10/><D29/><U100/><E6/><V110/><F110/><W128/><G128/><T80/><D40/><N who="1" m="24871" /><E37/><V67/><F12/><W101/><G101/><N who="1" m="38986" /><E97/><V61/><F99/><W104/><G58/><T107/><D107/><U19/><E57/><V116/><F116/><W47/><G47/><N who="0" m="28063" /><D39/><U91/><E16/><V79/><F44/><W11/><G11/><AGARI ba="0,0" hai="11,13,19,65,66,82,85,91" m="38986,24871" machi="11" ten="30,1000,0" yaku="8,1" doraHai="135" who="1" fromWho="3" sc="328,0,329,10,153,0,190,-10" owari="328,13.0,339,44.0,153,-35.0,180,-22.0" /></mjloggm>