<mjloggm ver="2.3"><GO type="97" lobby="0"/><UN n0="%6E%69%64%69%65%75" n1="%E3%81%AF%E3%82%89%E3%81%9F%E3%81%84%E3%82%89" n2="%2D%6B%6F%6B%6F%2D" n3="%E3%83%88%E3%83%88%E3%83%AA%E5%85%88%E7%94%9F%31%39%E6%AD%B3" dan="14,13,14,15" rate="1947.54,1882.41,1968.17,2015.85" sx="M,M,M,F"/><TAIKYOKU oya="0"/><INIT seed="0,0,0,1,4,26" ten="250,250,250,250" oya="0" hai0="2,9,71,72,129,53,66,8,58,89,79,68,70" hai1="115,33,4,65,74,46,67,135,85,41,35,98,5" hai2="116,93,39,11,47,120,102,19,44,21,7,15,132" hai3="126,69,50,109,127,99,18,73,42,6,108,121,97"/><T119/><D119/><U87/><E74/><V16/><F120/><W131/><G73/><T60/><D72/><U84/><E98/><N who="3" m="37386" /><G69/><T101/><D79/><U77/><E77/><V107/><F107/><W113/><G113/><T130/><D101/><U1/><E115/><V111/><F111/><N who="3" m="42571" /><G131/><N who="0" m="50187" /><D2/><U81/><E81/><V24/><F132/><W86/><G121/><T20/><D89/><U122/><E122/><V57/><F39/><W112/><G112/><T125/><D20/><U10/><E135/><V75/><F75/><W95/><G6/><T96/><D96/><U83/><E5/><V13/><F102/><W36/><G36/><T59/><D125/><N who="3" m="47625" /><G18/><T34/><D34/><U48/><E83/><V63/><F93/><W124/><N who="3" m="47633" /><W123/><DORA hai="82" /><G123/><T38/><D38/><U92/><REACH who="1" step="1"/><E92/><REACH who="1" ten="250,240,250,250" step="2"/><V17/><F116/><W118/><G118/><T90/><D90/><U40/><E40/><V94/><F94/><W103/><G103/><T29/><D8/><U61/><E61/><V45/><REACH who="2" step="1"/><F24/><REACH who="2" ten="250,240,240,250" step="2"/><W27/><G27/><T52/><D52/><AGARI ba="0,2" hai="7,11,13,15,16,17,19,21,44,45,47,52,57,63" machi="52" ten="40,12000,2" yaku="1,1,2,1,8,1,54,2,53,1" doraHai="26,82" doraHaiUra="54,62" who="2" fromWho="0" sc="250,-120,240,0,240,140,250,0" /><INIT seed="1,0,0,0,0,55" ten="130,240,380,250" oya="1" hai0="126,87,33,53,103,94,78,132,67,29,60,99,121" hai1="36,84,57,85,39,25,8,118,76,11,68,40,80" hai2="91,89,127,38,82,120,75,107,54,71,50,30,62" hai3="44,79,101,37,135,90,112,134,3,28,24,7,41"/><U74/><E118/><V105/><F107/><W64/><G112/><T93/><D121/><U133/><E68/><V83/><F105/><W17/><G101/><T15/><D132/><N who="3" m="50729" /><G79/><T123/><D126/><U125/><E133/><V0/><F0/><W19/><G64/><T51/><D123/><U98/><E125/><V12/><F127/><W14/><G3/><T4/><D33/><U117/><E117/><V56/><F38/><W23/><G90/><N who="2" m="34313" /><F75/><W42/><G42/><T100/><D29/><U2/><E2/><V49/><F71/><W86/><G86/><T110/><D110/><U46/><E98/><V16/><F30/><W22/><G7/><T128/><D128/><U27/><E39/><V31/><F31/><AGARI ba="0,0" hai="14,17,19,22,23,24,28,31,37,41,44" m="50729" machi="31" ten="30,1000,0" yaku="20,1" doraHai="55" who="3" fromWho="2" sc="130,0,240,0,380,-10,250,10" /><INIT seed="2,0,0,2,3,42" ten="130,240,370,260" oya="2" hai0="104,19,27,31,24,132,90,134,125,62,36,101,115" hai1="33,35,39,7,123,85,73,94,109,14,54,22,5" hai2="47,91,119,60,79,41,56,83,127,78,69,67,128" hai3="70,102,16,18,110,44,97,124,12,112,135,74,92"/><V64/><F119/><W0/><G0/><T13/><D36/><U120/><E73/><V61/><F127/><W26/><G70/><T28/><D62/><U129/><E39/><V88/><F128/><W131/><G74/><T9/><D104/><U38/><E38/><V55/><F55/><W51/><G131/><T59/><D101/><U30/><E129/><V46/><F79/><W113/><G124/><T111/><D59/><U98/><E109/><V71/><F56/><W6/><G110/><T3/><D90/><U122/><E85/><V105/><F105/><W93/><G135/><N who="0" m="51755" /><D111/><U114/><E114/><N who="3" m="44138" /><G26/><N who="0" m="9771" /><D115/><U89/><E30/><N who="0" m="11305" /><D3/><U10/><E54/><V117/><F117/><W40/><G93/><T29/><N who="0" m="11313" /><T103/><DORA hai="49" /><D103/><U82/><E82/><V68/><F68/><W72/><G72/><T43/><D43/><U77/><E77/><V21/><F41/><W86/><G86/><T76/><D76/><U15/><E7/><V66/><F66/><W133/><G133/><T121/><D121/><U23/><REACH who="1" step="1"/><E15/><REACH who="1" ten="130,230,370,260" step="2"/><V45/><F83/><W50/><G50/><T126/><AGARI ba="0,1" hai="9,13,19,125,126" m="11313,9771,51755" machi="126" ten="40,5200,0" yaku="20,1,34,2" doraHai="42,49" who="0" fromWho="0" sc="130,62,230,-13,370,-26,260,-13" /><INIT seed="3,0,0,2,4,122" ten="192,217,344,247" oya="3" hai0="33,85,82,127,124,47,114,61,35,86,69,25,56" hai1="42,77,54,132,17,49,37,129,93,87,113,67,18" hai2="27,115,65,60,51,40,107,24,63,92,43,100,83" hai3="73,9,68,5,135,46,98,0,31,95,4,91,108"/><W105/><G135/><T36/><D69/><U15/><E113/><V131/><F107/><W48/><G68/><T1/><D1/><U29/><E132/><V118/><F118/><W120/><G120/><T80/><D25/><N who="2" m="9802" /><F115/><W10/><G73/><T52/><D114/><U133/><E129/><V106/><F106/><W72/><G72/><T26/><D26/><U23/><E133/><V101/><F83/><W130/><G130/><T134/><D134/><U71/><E71/><V50/><F131/><W28/><G108/><T11/><D11/><U102/><E67/><V16/><F16/><W58/><G58/><T19/><D19/><U79/><E37/><V112/><F112/><W84/><G98/><T62/><D36/><U125/><E125/><N who="0" m="48201" /><D47/><U88/><E42/><V96/><F101/><W90/><G90/><N who="0" m="51495" /><D62/><N who="2" m="23594" /><F65/><W21/><G21/><T55/><D55/><U20/><E102/><V74/><F74/><W116/><G28/><T110/><D110/><U3/><E29/><V22/><F22/><W119/><G31/><T34/><D33/><U32/><E3/><V12/><F12/><W109/><G109/><T30/><D30/><U38/><E38/><V99/><F43/><W59/><G116/><T45/><D45/><U41/><E41/><V70/><F70/><W66/><G119/><T81/><D82/><U126/><E126/><V94/><F40/><N who="3" m="24647" /><G66/><T89/><AGARI ba="0,0" hai="34,35,52,56,61,81,86,89" m="51495,48201" machi="89" ten="30,2000,0" yaku="18,1,54,1" doraHai="122" who="0" fromWho="0" sc="192,20,217,-5,344,-5,247,-10" owari="212,-19.0,212,-29.0,339,44.0,237,4.0" /></mjloggm>