<mjloggm ver="2.3"><GO type="41" lobby="0"/><UN n0="%E5%8F%A4%E7%BE%8E%E9%96%80%E5%BC%81%E8%AD%B7%E5%A3%AB" n1="%E4%BA%8B%E6%95%85" n2="%E3%83%9F%E3%82%B9%E3%82%BF%E3%83%BC%58" n3="%E5%B0%B1%E6%B4%BB%E7%94%9F%40%E5%B7%9D%E6%9D%91%E8%BB%8D%E5%9B%A3" dan="13,14,15,15" rate="1863.41,1966.39,1993.27,2016.32" sx="M,F,M,M"/><TAIKYOKU oya="0"/><INIT seed="0,0,0,3,2,3" ten="250,250,250,250" oya="0" hai0="41,0,49,76,75,134,122,109,7,51,55,66,118" hai1="133,28,33,15,48,32,113,12,61,8,88,1,101" hai2="132,94,89,53,19,43,119,123,42,99,72,114,2" hai3="14,24,115,121,21,10,111,110,85,106,60,30,44"/><T79/><D118/><U97/><E101/><V71/><F123/><W54/><G106/><T81/><D122/><U127/><E133/><V105/><F114/><W5/><G115/><T80/><D134/><U63/><E127/><V39/><F132/><W20/><G121/><T83/><D66/><U25/><E33/><V22/><F105/><W47/><G85/><T29/><D29/><U67/><E63/><V90/><F71/><W124/><G124/><T13/><D0/><U23/><E32/><V95/><F72/><W78/><G78/><T100/><D81/><U45/><E1/><V112/><F112/><W16/><G60/><T69/><D69/><U57/><E113/><V26/><F39/><W17/><G54/><T131/><D109/><N who="3" m="41481" /><G30/><T130/><D100/><U40/><E8/><V135/><F119/><W91/><G91/><T34/><D34/><U62/><REACH who="1" step="1"/><E61/><REACH who="1" ten="250,240,250,250" step="2"/><V128/><F2/><AGARI ba="0,1" hai="2,5,10,14,16,17,20,21,24,44,47" m="41481" machi="2" ten="30,3900,0" yaku="14,1,52,1,54,1" doraHai="3" who="3" fromWho="2" sc="250,0,240,0,250,-39,250,49" /><INIT seed="1,0,0,5,1,77" ten="250,240,211,299" oya="1" hai0="116,115,88,0,68,30,57,15,118,73,112,75,59" hai1="14,86,92,19,103,40,69,39,13,37,100,130,20" hai2="124,79,6,29,111,127,123,42,28,52,105,1,43" hai3="21,5,56,120,17,41,71,109,22,89,110,31,62"/><U24/><E130/><V96/><F123/><W133/><G120/><T32/><D32/><U58/><E69/><V70/><F70/><W76/><G71/><T50/><D50/><U119/><E39/><V8/><F111/><N who="3" m="42507" /><G76/><T83/><D83/><U48/><E37/><V26/><F79/><W63/><G41/><T3/><D3/><U128/><E128/><V23/><F29/><W72/><G72/><T55/><D68/><U85/><E119/><V10/><F10/><W113/><G5/><T46/><D0/><U45/><E58/><V60/><F60/><W90/><G113/><T78/><D30/><U64/><E64/><V87/><F87/><N who="1" m="33289" /><E92/><V35/><F35/><W132/><G31/><T47/><D116/><U108/><E108/><V11/><F11/><W84/><G22/><T36/><D118/><U65/><E65/><V101/><REACH who="2" step="1"/><F52/><REACH who="2" ten="250,240,201,299" step="2"/><N who="3" m="34055" /><G63/><T61/><D115/><U102/><AGARI ba="0,1" hai="13,14,19,20,24,40,45,48,100,102,103" m="33289" machi="102" ten="30,1500,0" yaku="8,1" doraHai="77" who="1" fromWho="1" sc="250,-5,240,25,201,-5,299,-5" /><INIT seed="1,1,0,0,1,87" ten="245,265,196,294" oya="1" hai0="14,128,95,29,47,97,72,81,109,111,2,82,55" hai1="135,129,88,120,1,51,62,90,119,36,39,78,80" hai2="121,63,100,101,16,35,132,65,93,33,64,17,92" hai3="125,126,7,61,86,79,83,10,48,133,73,25,53"/><U102/><E119/><V27/><F121/><W85/><G133/><T98/><D128/><U54/><E120/><V12/><F63/><W67/><G25/><T106/><D2/><U103/><E1/><V127/><F27/><W22/><G22/><T18/><D29/><U38/><E129/><V116/><F12/><N who="3" m="5215" /><G53/><T113/><D113/><U15/><E135/><V28/><F132/><W130/><G48/><N who="0" m="29087" /><D72/><U32/><E32/><V91/><F28/><W69/><G130/><T134/><D134/><U70/><E70/><V123/><F123/><W58/><G69/><T43/><D106/><U3/><E3/><V117/><F127/><AGARI ba="1,0" hai="58,61,67,73,79,83,85,86,125,126,127" m="5215" machi="127" ten="30,1000,0" yaku="18,1" doraHai="87" who="3" fromWho="2" sc="245,0,265,0,196,-13,294,13" /><INIT seed="2,0,0,5,3,135" ten="245,265,183,307" oya="2" hai0="102,113,103,126,67,85,112,37,76,36,68,24,122" hai1="2,86,56,94,23,44,75,32,5,114,25,21,70" hai2="80,104,115,39,45,107,12,90,18,106,110,98,64" hai3="109,57,127,111,101,55,92,22,105,26,33,28,54"/><V46/><F115/><W62/><G105/><T63/><D122/><U59/><E75/><V125/><F64/><N who="3" m="38991" /><G33/><T78/><D24/><U88/><E70/><V97/><F110/><N who="3" m="41995" /><G127/><T7/><D7/><U11/><E32/><V65/><F65/><W99/><AGARI ba="0,0" hai="22,26,28,54,55,92,99,101" m="41995,38991" machi="99" ten="30,2000,0" yaku="25,1,14,1" doraHai="135" who="3" fromWho="3" sc="245,-5,265,-5,183,-10,307,20" /><INIT seed="3,0,0,3,3,133" ten="240,260,173,327" oya="3" hai0="16,82,131,47,123,103,75,70,127,53,112,89,12" hai1="23,1,118,54,45,18,57,135,98,59,31,86,17" hai2="60,85,41,10,62,22,32,11,65,4,132,116,50" hai3="88,67,130,20,91,14,100,78,13,24,30,61,36"/><W97/><G36/><T63/><D123/><U27/><E1/><V117/><F32/><W106/><G130/><T8/><D112/><U84/><E135/><V114/><F132/><W9/><G78/><T94/><D103/><U35/><E35/><V46/><F114/><W64/><G14/><T51/><D131/><U68/><E68/><V95/><F11/><W48/><G48/><T129/><D129/><U39/><E39/><V55/><F22/><W99/><G97/><T73/><D82/><U66/><E98/><V113/><F113/><W38/><G38/><T26/><D26/><U108/><E45/><V111/><F111/><W115/><G115/><T43/><D43/><U125/><E108/><V40/><F117/><W93/><G106/><T128/><D128/><U72/><E72/><V79/><F62/><W56/><REACH who="3" step="1"/><G64/><REACH who="3" ten="240,260,173,317" step="2"/><T90/><D73/><U96/><E66/><V102/><F116/><W52/><G52/><T80/><D75/><U134/><E96/><V69/><F102/><W119/><G119/><T74/><D74/><U120/><E134/><V3/><F79/><W34/><G34/><T28/><D28/><U49/><E118/><V19/><F41/><W21/><G21/><T44/><D80/><U5/><E31/><V29/><F40/><W0/><G0/><T58/><D89/><U6/><E23/><V2/><F2/><W124/><G124/><T77/><D77/><U126/><E125/><V83/><F83/><W92/><G92/><T7/><D127/><U71/><E54/><V110/><F95/><W104/><G104/><T105/><D105/><RYUUKYOKU ba="0,1" sc="240,-10,260,-10,173,-10,317,30" hai3="9,13,20,24,30,56,61,67,88,91,93,99,100" /><INIT seed="3,1,1,1,5,107" ten="230,250,163,347" oya="3" hai0="72,35,57,7,9,17,110,52,97,23,86,92,67" hai1="115,133,14,122,32,45,22,46,43,118,78,64,106" hai2="41,34,69,109,33,18,6,60,28,70,1,3,53" hai3="38,0,127,119,130,81,54,12,51,40,116,61,31"/><W65/><G0/><T88/><D72/><U82/><E122/><V94/><F109/><W62/><G31/><T44/><D35/><U4/><E115/><V90/><F41/><W101/><G101/><T124/><D124/><U77/><E32/><V75/><F75/><W131/><G12/><T36/><D110/><U2/><E106/><V58/><F28/><W134/><G81/><T112/><D86/><U50/><E2/><V114/><F114/><W21/><G21/><T113/><D67/><U68/><E68/><V48/><F3/><W120/><G120/><T13/><D44/><N who="1" m="25887" /><E64/><V95/><F95/><W26/><G26/><T20/><D36/><U10/><E118/><N who="3" m="45098" /><G127/><T117/><D23/><U96/><E133/><V79/><F79/><W102/><G102/><T24/><REACH who="0" step="1"/><D117/><REACH who="0" ten="220,250,163,347" step="2"/><U99/><E22/><V104/><F34/><W49/><G134/><T16/><D16/><U47/><E78/><V66/><F18/><W125/><G125/><T76/><D76/><U63/><E63/><AGARI ba="1,2" hai="7,9,13,17,20,24,52,57,63,88,92,97,112,113" machi="63" ten="40,8000,1" yaku="1,1,25,2,54,2,53,0" doraHai="107" doraHaiUra="126" who="0" fromWho="1" sc="220,103,250,-83,163,0,347,0" /><INIT seed="4,0,0,3,2,23" ten="323,167,163,347" oya="0" hai0="21,120,85,58,16,73,0,87,44,71,28,114,135" hai1="22,86,5,26,56,116,97,123,67,51,98,8,1" hai2="66,77,104,92,88,13,68,63,32,75,119,80,29" hai3="101,37,93,127,122,100,107,115,128,19,94,10,81"/><T47/><D120/><U69/><E116/><V54/><F119/><W27/><G37/><T132/><D71/><U39/><E39/><V112/><F112/><W35/><G122/><T108/><D73/><U17/><E123/><V4/><F104/><W60/><G127/><T34/><D0/><U31/><E69/><V3/><F3/><W70/><G128/><T111/><D114/><U109/><E109/><N who="0" m="42057" /><D58/><U134/><E134/><N who="0" m="51241" /><D28/><U91/><E31/><V125/><F125/><W90/><G70/><T126/><D34/><U78/><E78/><V49/><F4/><W38/><G60/><T83/><D126/><U50/><E50/><V79/><F79/><W106/><G38/><T129/><D129/><U130/><E130/><V72/><F72/><W33/><G33/><T133/><N who="0" m="51249" /><T20/><DORA hai="48" /><D20/><U46/><E56/><V2/><F2/><W7/><G35/><T82/><D82/><U84/><E67/><V74/><F74/><W43/><G81/><T53/><D53/><U11/><E11/><V9/><F29/><W113/><G10/><T12/><D12/><N who="1" m="5135" /><E51/><V76/><F32/><W42/><G113/><T25/><D25/><U45/><E1/><V117/><F117/><W99/><G27/><N who="0" m="14759" /><D85/><U59/><E59/><V65/><F65/><W18/><G115/><T95/><D95/><N who="1" m="54759" /><E86/><V131/><F131/><W61/><G61/><T55/><D55/><U24/><E24/><V102/><F9/><W6/><G99/><AGARI ba="0,0" hai="17,22,26,45,46,97,98,99" m="54759,5135" machi="99" ten="30,2000,0" yaku="8,1,52,1" doraHai="23,48" who="1" fromWho="3" sc="323,0,167,20,163,0,347,-20" /><INIT seed="5,0,0,5,5,110" ten="323,187,163,327" oya="1" hai0="85,77,53,132,86,114,72,6,19,94,93,66,118" hai1="98,54,29,51,90,26,36,20,124,131,2,56,105" hai2="1,121,101,127,47,91,100,14,84,107,31,123,128" hai3="70,41,28,12,48,73,3,0,33,78,4,88,111"/><U116/><E131/><V44/><F1/><W5/><G111/><T32/><D118/><U64/><E124/><V30/><F128/><W27/><G70/><T58/><D32/><U104/><E2/><V11/><F107/><W49/><G73/><T63/><D72/><U97/><E36/><V35/><F35/><W61/><G78/><T106/><D106/><U81/><E116/><V8/><F14/><W76/><G76/><T55/><D55/><U16/><E98/><V89/><REACH who="2" step="1"/><F84/><REACH who="2" ten="323,187,153,327" step="2"/><W125/><G12/><T13/><D86/><N who="1" m="50511" /><E105/><V129/><F129/><W68/><G3/><T9/><D85/><U120/><E104/><V99/><F99/><W95/><G0/><T112/><D13/><U22/><E97/><V18/><F18/><W65/><G5/><T52/><D19/><U46/><E120/><V45/><F45/><W75/><G4/><T7/><D9/><U83/><E29/><V133/><F133/><W38/><G75/><T40/><D6/><U108/><E108/><V50/><F50/><W21/><G125/><AGARI ba="0,1" hai="8,11,30,31,44,47,89,91,100,101,121,123,125,127" machi="125" ten="25,3200,0" yaku="1,1,22,2,53,0" doraHai="110" doraHaiUra="109" who="2" fromWho="3" sc="323,0,187,0,153,42,327,-32" /><INIT seed="6,0,0,5,4,50" ten="323,187,195,295" oya="2" hai0="59,68,29,35,130,55,22,86,120,38,127,97,34" hai1="131,134,89,45,118,95,83,7,52,111,63,114,81" hai2="105,39,62,124,72,3,14,6,33,0,51,19,20" hai3="103,40,8,73,24,110,25,65,121,26,46,74,17"/><V47/><F39/><W16/><G110/><T4/><D38/><U64/><E111/><V32/><F72/><W77/><G121/><T76/><D68/><U56/><E118/><V119/><F119/><W37/><G103/><T88/><D120/><U100/><E100/><V18/><F105/><W79/><G65/><T87/><D130/><U54/><E131/><V70/><F124/><W67/><G67/><T57/><D127/><U75/><E75/><V116/><F116/><W12/><G74/><T113/><D59/><N who="1" m="36991" /><E134/><V69/><F69/><W66/><G66/><T93/><D4/><U106/><E106/><V61/><F70/><W102/><G102/><T71/><D71/><U101/><E101/><V44/><F51/><W115/><G115/><T96/><D113/><U133/><E133/><V60/><F6/><W27/><G73/><T41/><D41/><U126/><E126/><V117/><F117/><W30/><REACH who="3" step="1"/><G17/><REACH who="3" ten="323,187,195,285" step="2"/><T135/><D135/><U107/><E114/><V13/><F62/><W98/><G98/><T2/><D96/><N who="1" m="57455" /><E107/><V49/><F49/><W122/><G122/><T125/><D125/><U53/><E7/><V104/><REACH who="2" step="1"/><F104/><REACH who="2" ten="323,187,185,285" step="2"/><W11/><G11/><T1/><D97/><U80/><E45/><V58/><F58/><AGARI ba="0,2" hai="52,53,54,56,58,80,81,83" m="57455,36991" machi="58" ten="30,8000,1" yaku="8,1,52,3,54,1" doraHai="50" who="1" fromWho="2" sc="323,0,187,100,185,-80,285,0" /><INIT seed="7,0,0,5,1,59" ten="323,287,105,285" oya="3" hai0="124,129,79,106,45,44,37,105,121,116,72,88,10" hai1="58,52,21,66,26,96,61,93,75,74,48,34,17" hai2="35,126,1,70,22,76,56,115,28,119,32,53,38" hai3="4,120,113,92,133,87,125,43,81,83,15,27,95"/><W122/><G122/><T18/><D121/><U85/><E34/><V69/><F119/><W68/><G68/><T64/><D116/><U63/><E85/><V24/><F38/><W8/><G120/><T114/><D129/><U127/><E127/><V98/><F126/><W13/><G113/><T6/><D114/><U46/><REACH who="1" step="1"/><E63/><REACH who="1" ten="323,277,105,285" step="2"/><V128/><F115/><W77/><G125/><T80/><D124/><U41/><E41/><V30/><F128/><W82/><G133/><T108/><D108/><U7/><E7/><V109/><F109/><W89/><G43/><T42/><D6/><U33/><E33/><V40/><F1/><W49/><G49/><T94/><D44/><U12/><E12/><V62/><F40/><W50/><G50/><T91/><D45/><U131/><E131/><V104/><F76/><W101/><G27/><T103/><D42/><U16/><E16/><V3/><F3/><W111/><G111/><T130/><D18/><U2/><E2/><V135/><F135/><W86/><REACH who="3" step="1"/><G13/><REACH who="3" ten="323,277,105,275" step="2"/><T31/><D37/><U9/><E9/><V118/><F118/><W23/><G23/><T54/><D10/><U19/><E19/><V47/><F47/><W99/><AGARI ba="0,2" hai="4,8,15,77,81,82,83,86,87,89,92,95,99,101" machi="99" ten="30,11700,0" yaku="1,1,0,1,8,1,53,1" doraHai="59" doraHaiUra="73" who="3" fromWho="3" sc="323,-39,277,-39,105,-39,275,137" owari="284,8.0,238,-16.0,66,-43.0,412,51.0" /></mjloggm>