<mjloggm ver="2.3"><GO type="41" lobby="0"/><UN n0="%2A%47%41%4F%2A" n1="%64%61%69%6F" n2="%53%55%42%E3%82%A2%E3%82%AB" n3="%E5%B0%B1%E6%B4%BB%E7%94%9F%40%E5%B7%9D%E6%9D%91%E8%BB%8D%E5%9B%A3" dan="14,15,13,15" rate="1917.54,1932.77,1924.49,1961.41" sx="F,M,M,M"/><TAIKYOKU oya="0"/><INIT seed="0,0,0,0,0,99" ten="250,250,250,250" oya="0" hai0="19,38,14,107,134,78,121,128,3,12,94,5,88" hai1="133,25,85,39,120,23,74,106,11,43,6,13,7" hai2="26,56,29,66,122,86,53,42,80,45,127,10,32" hai3="115,9,31,69,77,112,50,71,130,98,109,4,95"/><T46/><D128/><U67/><E74/><V41/><F122/><W49/><G130/><T76/><D121/><U28/><E120/><V113/><F113/><W8/><G109/><T51/><D38/><U104/><E133/><V72/><F72/><W111/><G77/><T83/><D3/><U60/><E6/><V16/><F127/><W35/><G111/><T131/><D107/><U18/><E85/><V132/><F132/><W54/><G49/><T64/><D64/><U124/><E124/><V118/><F118/><W93/><G93/><T90/><D134/><U123/><E123/><V81/><F66/><W96/><G96/><N who="0" m="57415" /><D131/><U62/><E62/><V97/><F97/><W65/><G35/><T44/><D90/><U87/><E87/><V36/><F86/><W33/><G33/><T100/><D100/><U57/><E43/><V135/><F135/><W21/><G65/><T102/><D102/><U79/><E79/><N who="0" m="30249" /><D83/><U2/><REACH who="1" step="1"/><E39/><REACH who="1" ten="250,240,250,250" step="2"/><V126/><F42/><W119/><G119/><T92/><D51/><U108/><E108/><V68/><F126/><W101/><G71/><T117/><D117/><U125/><E125/><V47/><F68/><W27/><G69/><T52/><D92/><U63/><E63/><V75/><F75/><W15/><REACH who="3" step="1"/><G8/><AGARI ba="0,1" hai="2,7,8,11,13,18,23,25,28,57,60,67,104,106" machi="8" ten="30,3900,0" yaku="1,1,7,1,53,1" doraHai="99" doraHaiUra="59" who="1" fromWho="3" sc="250,0,240,49,250,0,250,-39" /><INIT seed="1,0,0,3,3,89" ten="250,289,250,211" oya="1" hai0="30,7,63,29,87,108,75,32,73,121,132,114,133" hai1="6,66,100,9,14,28,119,117,10,98,26,55,92" hai2="105,21,93,0,43,39,94,44,134,19,46,125,99" hai3="36,11,72,106,104,77,67,70,35,45,57,71,113"/><U118/><E66/><V101/><F0/><W126/><G57/><T38/><D114/><U120/><E120/><V91/><F125/><W83/><G126/><T25/><D121/><U58/><E9/><V122/><F122/><W110/><G110/><T5/><D38/><U61/><REACH who="1" step="1"/><E118/><REACH who="1" ten="250,279,250,211" step="2"/><V130/><F130/><W88/><G67/><T37/><D108/><U33/><AGARI ba="0,1" hai="6,10,14,26,28,33,55,58,61,92,98,100,117,119" machi="33" ten="20,12000,1" yaku="1,1,2,1,0,1,7,1,52,1,53,0" doraHai="89" doraHaiUra="64" who="1" fromWho="1" sc="250,-40,279,130,250,-40,211,-40" /><INIT seed="1,1,0,3,3,12" ten="210,409,210,171" oya="1" hai0="26,131,130,58,98,57,75,126,103,78,13,92,125" hai1="83,84,19,108,121,14,43,40,73,79,33,10,16" hai2="60,119,105,41,52,118,66,95,80,3,17,29,134" hai3="107,113,86,68,129,110,71,124,120,123,28,32,74"/><U100/><E33/><V51/><F105/><W87/><RYUUKYOKU type="yao9" ba="1,0" sc="210,0,409,0,210,0,171,0" hai3="28,32,68,71,74,86,87,107,110,113,120,123,124,129" /><INIT seed="1,2,0,0,5,0" ten="210,409,210,171" oya="1" hai0="23,92,96,21,99,46,101,31,102,14,114,50,85" hai1="33,66,113,56,1,67,86,103,61,76,63,41,83" hai2="4,38,6,34,90,53,30,49,132,15,2,135,39" hai3="129,59,98,126,74,42,106,19,5,52,43,71,104"/><U94/><E33/><V80/><F2/><W115/><G71/><T54/><D114/><U47/><E113/><V123/><F123/><W89/><G74/><T62/><D85/><U134/><E1/><V82/><F30/><W13/><G115/><T17/><D62/><U55/><E134/><N who="2" m="51243" /><F15/><W108/><G129/><T60/><D60/><U7/><E66/><V24/><F24/><W133/><G126/><T79/><D79/><U9/><E103/><V78/><F90/><W12/><G133/><T111/><D111/><U27/><E27/><V91/><F91/><W25/><G108/><T32/><D32/><U107/><E107/><V121/><F121/><W3/><G3/><T8/><REACH who="0" step="1"/><D31/><REACH who="0" ten="200,409,210,171" step="2"/><U73/><E63/><V69/><F34/><W100/><G106/><AGARI ba="2,1" hai="8,14,17,21,23,46,50,54,92,96,99,101,102,106" machi="106" ten="30,7700,0" yaku="1,1,2,1,7,1,53,1" doraHai="0" doraHaiUra="40" who="0" fromWho="3" sc="200,93,409,0,210,0,171,-83" /><INIT seed="2,0,0,2,0,19" ten="293,409,210,88" oya="2" hai0="68,56,24,128,97,92,49,14,134,100,123,15,54" hai1="113,65,37,112,86,34,12,67,13,11,91,1,53" hai2="121,62,84,102,132,29,72,126,103,4,127,99,75" hai3="22,10,89,23,46,30,129,25,110,117,0,55,31"/><V106/><F4/><W83/><G117/><T38/><D128/><U115/><E34/><V124/><F62/><W125/><G110/><T2/><D2/><U5/><E37/><V64/><F64/><W88/><G129/><T122/><D134/><U119/><E119/><V79/><F29/><W93/><G125/><T50/><D68/><U16/><E53/><V35/><F35/><W18/><G0/><T47/><D38/><U48/><E48/><V36/><F36/><W58/><G46/><T60/><D123/><U90/><E1/><V17/><F17/><N who="3" m="12495" /><G10/><T73/><D73/><U74/><E74/><V96/><F121/><W51/><G83/><T9/><D122/><U63/><E86/><V8/><F8/><W41/><G41/><T95/><D24/><U78/><E78/><V61/><F61/><W82/><G82/><T108/><D108/><U45/><E45/><V133/><F84/><N who="3" m="52359" /><G89/><T59/><D95/><U40/><E40/><V26/><F26/><AGARI ba="0,0" hai="18,23,26,30,31,51,55,58" m="52359,12495" machi="26" ten="30,7700,0" yaku="8,1,52,2,54,1" doraHai="19" who="3" fromWho="2" sc="293,0,409,0,210,-77,88,77" /><INIT seed="3,0,0,0,3,106" ten="293,409,133,165" oya="3" hai0="69,21,68,94,3,19,130,135,77,12,48,108,111" hai1="47,22,123,24,98,0,84,121,113,36,118,26,62" hai2="14,17,44,64,67,20,132,37,95,1,40,125,102" hai3="65,54,34,105,52,92,75,116,55,80,11,124,56"/><W134/><G116/><T110/><D3/><U81/><E0/><V79/><F1/><W16/><G105/><T72/><D135/><U85/><E113/><V63/><F132/><W45/><G34/><T18/><D130/><U93/><E118/><V31/><F125/><W61/><G134/><T38/><D38/><U99/><E84/><V117/><F117/><W71/><G124/><T115/><D115/><U89/><E98/><V42/><F79/><W82/><G45/><T8/><D94/><U27/><E62/><V127/><F127/><W30/><G30/><T100/><D100/><U96/><E96/><V28/><F42/><W78/><G82/><N who="0" m="45351" /><D48/><U119/><E119/><V51/><F37/><W6/><G92/><T86/><D86/><U59/><E59/><V133/><F133/><W9/><G9/><T13/><AGARI ba="0,0" hai="8,12,13,18,19,21,68,69,108,110,111" m="45351" machi="13" ten="40,2700,0" yaku="14,1,52,1" doraHai="106" who="0" fromWho="0" sc="293,27,409,-7,133,-7,165,-13" /><INIT seed="4,0,0,5,5,6" ten="320,402,126,152" oya="0" hai0="131,32,120,114,24,22,5,15,133,48,47,42,117" hai1="101,135,132,68,34,18,31,61,77,122,94,2,123" hai2="84,81,38,76,60,95,43,13,79,64,1,129,39" hai3="126,124,113,119,109,10,115,97,127,37,108,51,8"/><T112/><D117/><U70/><E77/><V45/><F1/><W52/><G37/><T69/><D120/><U66/><E68/><V103/><F129/><W59/><G97/><T88/><D131/><U111/><E111/><N who="3" m="42570" /><G119/><T116/><D116/><U26/><E18/><V50/><F79/><W106/><G106/><T53/><D133/><U96/><E2/><V71/><F103/><W29/><G29/><T33/><D69/><U44/><E44/><V57/><F95/><W130/><G130/><T3/><D3/><U75/><E75/><V7/><REACH who="2" step="1"/><F71/><REACH who="2" ten="320,402,116,152" step="2"/><W16/><G16/><N who="0" m="10527" /><D5/><U35/><E94/><V89/><F89/><W54/><G54/><T110/><D88/><U40/><E70/><V102/><F102/><W78/><G78/><T4/><D110/><U62/><E101/><V93/><F93/><W100/><BYE who="2" /><G100/><T9/><D53/><U23/><E122/><UN n2="%53%55%42%E3%82%A2%E3%82%AB" /><V65/><F65/><W92/><G92/><T49/><D4/><U121/><E66/><V74/><F74/><W90/><G90/><T105/><D105/><U99/><E121/><V83/><F83/><W91/><G91/><T67/><D67/><U128/><E128/><V28/><F28/><W125/><G125/><T72/><D72/><U20/><E123/><V12/><F12/><W14/><G14/><T118/><D24/><U46/><E96/><V63/><F63/><W55/><G55/><N who="0" m="30111" /><D118/><U73/><E73/><V85/><F85/><W30/><G30/><T86/><D86/><U87/><E87/><V21/><F21/><W19/><G19/><T58/><D42/><U82/><E40/><RYUUKYOKU ba="0,1" sc="320,-15,402,-15,116,15,152,15" hai2="7,13,38,39,43,45,50,57,60,64,76,81,84" hai3="8,10,51,52,59,113,115,124,126,127" /><INIT seed="5,1,1,0,0,126" ten="305,387,131,167" oya="1" hai0="36,45,16,101,77,90,96,99,129,42,119,62,38" hai1="12,17,57,60,2,108,3,104,47,22,40,103,111" hai2="8,105,18,55,32,95,75,53,74,94,66,121,135" hai3="70,31,10,120,98,124,48,49,132,113,5,50,37"/><U9/><E103/><V35/><F121/><W86/><G120/><T80/><D119/><U125/><E104/><V44/><F135/><W87/><G70/><T34/><D34/><U20/><E125/><V29/><F44/><W106/><G37/><T4/><D129/><U52/><E2/><V63/><F63/><W97/><G124/><T88/><D4/><U123/><E123/><V24/><F8/><W51/><G132/><T82/><D38/><U128/><E128/><V76/><F76/><W112/><G31/><T14/><D62/><U122/><E122/><V39/><F39/><W118/><G118/><T28/><D28/><U33/><E33/><V54/><F105/><W85/><N who="3" m="12800" /><DORA hai="7" /><W93/><G106/><T68/><D68/><U92/><E92/><V46/><F46/><W59/><G59/><T11/><D101/><U117/><E117/><V30/><F66/><W21/><G21/><T6/><D99/><U65/><E65/><V73/><F18/><W114/><G93/><T100/><D100/><U110/><E3/><AGARI ba="1,1" hai="3,5,10,85,86,87,97,98,112,113,114" m="12800" machi="3" ten="60,8000,1" yaku="29,2,15,1,52,1" doraHai="126,7" who="3" fromWho="1" sc="305,0,387,-83,131,0,167,93" /><INIT seed="6,0,0,1,0,127" ten="305,304,131,260" oya="2" hai0="13,68,102,9,133,35,30,38,18,67,8,87,52" hai1="50,63,44,5,23,41,88,14,26,84,109,117,45" hai2="122,96,78,28,98,34,94,42,10,75,1,0,91" hai3="103,3,85,15,119,70,77,65,58,93,25,16,132"/><V32/><F122/><W46/><G70/><T81/><D133/><U74/><E74/><V33/><F28/><W116/><G3/><T27/><D38/><U104/><E104/><V31/><F31/><W60/><G132/><T130/><D130/><U126/><E117/><V6/><F0/><W134/><G134/><T51/><D102/><U107/><E107/><V73/><F42/><W135/><G135/><T43/><D43/><U83/><E109/><V131/><F96/><W72/><G72/><T79/><D68/><U12/><E126/><V86/><F78/><W111/><G111/><T21/><REACH who="0" step="1"/><D67/><REACH who="0" ten="295,304,131,260" step="2"/><U95/><E41/><V61/><F131/><W49/><G103/><T17/><D17/><U56/><E5/><V64/><REACH who="2" step="1"/><F98/><REACH who="2" ten="295,304,121,260" step="2"/><W100/><G116/><T124/><D124/><U48/><E44/><AGARI ba="0,2" hai="8,9,13,18,21,27,30,35,44,51,52,79,81,87" machi="44" ten="30,8000,1" yaku="1,1,7,1,54,1,53,2" doraHai="127" doraHaiUra="4" who="0" fromWho="1" sc="295,100,304,-80,121,0,260,0" /><INIT seed="7,0,0,0,3,19" ten="395,224,121,260" oya="3" hai0="10,77,35,65,101,96,125,135,64,133,74,43,34" hai1="29,9,53,134,61,72,130,90,58,71,85,118,68" hai2="88,60,39,113,80,33,123,56,13,99,112,110,14" hai3="50,51,66,4,111,28,73,109,107,24,116,5,76"/><W115/><G107/><N who="0" m="63911" /><D125/><U54/><E72/><V114/><F110/><W52/><G116/><T2/><D43/><U20/><E130/><V7/><F33/><N who="0" m="12298" /><D77/><U69/><E134/><N who="0" m="51209" /><D74/><U128/><E128/><V89/><F39/><W16/><G66/><T49/><D49/><U26/><E9/><V105/><F123/><W119/><G51/><T32/><D32/><U126/><E126/><V86/><F7/><AGARI ba="0,0" hai="2,7,10,64,65" m="51209,12298,63911" machi="7" ten="30,1000,0" yaku="20,1" doraHai="19" who="0" fromWho="2" sc="395,10,224,0,121,-10,260,0" owari="405,51.0,224,-18.0,111,-39.0,260,6.0" /></mjloggm>