<mjloggm ver="2.3"><GO type="41" lobby="0"/><UN n0="%77%69%6E%64%61%6C" n1="%E3%81%AA%E3%81%AA%E3%81%A1%E3%82%85%E3%82%93" n2="%E5%B0%B1%E6%B4%BB%E7%94%9F%40%E5%B7%9D%E6%9D%91%E8%BB%8D%E5%9B%A3" n3="%E9%95%B7%E9%96%80%E3%80%82" dan="13,13,15,14" rate="1842.90,1860.97,2080.04,1951.95" sx="M,M,M,M"/><TAIKYOKU oya="0"/><INIT seed="0,0,0,4,1,100" ten="250,250,250,250" oya="0" hai0="81,118,47,80,96,135,60,109,103,46,99,119,10" hai1="70,134,45,116,39,89,84,30,107,34,52,29,56" hai2="64,75,2,19,87,25,78,42,15,50,57,101,41" hai3="54,121,49,8,122,58,108,22,14,24,72,3,132"/><T104/><D109/><U9/><E116/><V86/><F2/><W113/><G113/><T27/><D135/><U40/><E70/><V16/><F75/><W65/><G3/><T31/><D10/><U106/><E134/><V112/><F101/><W82/><G132/><T97/><D60/><U20/><E20/><N who="2" m="13447" /><F112/><W115/><G115/><T0/><D0/><U28/><E9/><N who="2" m="6639" /><F78/><W23/><G108/><T61/><D61/><U74/><E74/><V48/><F64/><W124/><G65/><T83/><D103/><U38/><E38/><V11/><F11/><W123/><G124/><T66/><D66/><U88/><E34/><V69/><F69/><W63/><G72/><T79/><D79/><U92/><REACH who="1" step="1"/><E89/><REACH who="1" ten="250,240,250,250" step="2"/><V71/><F71/><W126/><G123/><T102/><D102/><U62/><AGARI ba="0,1" hai="28,29,30,39,40,45,52,56,62,84,88,92,106,107" machi="62" ten="30,12000,2" yaku="1,1,2,1,0,1,52,2,54,2,53,0" doraHai="100" doraHaiUra="127" who="1" fromWho="1" sc="250,-60,240,130,250,-30,250,-30" /><INIT seed="1,0,0,5,3,63" ten="190,370,220,220" oya="1" hai0="64,96,103,115,14,58,31,59,119,98,30,11,102" hai1="21,121,54,76,90,68,92,61,129,127,95,123,78" hai2="57,131,93,13,45,91,7,105,75,73,50,126,82" hai3="104,97,46,83,4,88,106,3,114,25,38,112,135"/><U86/><E127/><V24/><F105/><N who="3" m="40555" /><G46/><T53/><D119/><U12/><E129/><V120/><F120/><W84/><G25/><T20/><D115/><N who="3" m="44073" /><G4/><N who="0" m="3431" /><D20/><U110/><E123/><V22/><F131/><W39/><G3/><T132/><D132/><U0/><E121/><V101/><F126/><W113/><G38/><T69/><D69/><U19/><E0/><V89/><F57/><W17/><G17/><T72/><D72/><U37/><E37/><V2/><F2/><W8/><G8/><T40/><D40/><U27/><E110/><V29/><F75/><W67/><G39/><T49/><D96/><U118/><E118/><V116/><F116/><W99/><G67/><T23/><D98/><N who="3" m="37385" /><G113/><T65/><D58/><U111/><E111/><V42/><F101/><N who="0" m="38410" /><D31/><U33/><E33/><V56/><F56/><W52/><G52/><T108/><D108/><U66/><E54/><V134/><F134/><AGARI ba="0,0" hai="83,84,88,134,135" m="37385,44073,40555" machi="134" ten="40,5200,0" yaku="34,2,54,1" doraHai="63" who="3" fromWho="2" sc="190,0,370,0,220,-52,220,52" /><INIT seed="2,0,0,2,2,40" ten="190,370,168,272" oya="2" hai0="48,129,63,25,95,44,2,112,0,80,81,47,18" hai1="24,9,14,13,45,121,114,12,55,7,83,70,59" hai2="61,34,57,23,86,60,102,103,79,97,53,29,72" hai3="126,19,33,54,64,51,111,52,22,68,85,132,27"/><V50/><F34/><W31/><G111/><T73/><D112/><U3/><E114/><V37/><F72/><W128/><G132/><T49/><D129/><U46/><E70/><V74/><F37/><W118/><G118/><T4/><D73/><U75/><E121/><V5/><F74/><W88/><G128/><T101/><D63/><N who="2" m="24138" /><F5/><W134/><G64/><T26/><D4/><U16/><E75/><V92/><F102/><W104/><G104/><T21/><D101/><U65/><E65/><V10/><F10/><W15/><G68/><T122/><D122/><U133/><E133/><V131/><F131/><W38/><G38/><T11/><D95/><U89/><E59/><V36/><F36/><W107/><G107/><T113/><D113/><U100/><E100/><V8/><F8/><W35/><G54/><T87/><D11/><U32/><E32/><V39/><F39/><W66/><G66/><T82/><D87/><U124/><E124/><V91/><F79/><W67/><G126/><T6/><D6/><U30/><E30/><V116/><F116/><W1/><G67/><T28/><D28/><U94/><E83/><N who="2" m="49631" /><F29/><W43/><G35/><T105/><D105/><U123/><E123/><V130/><F130/><W76/><G1/><T106/><D106/><U42/><E42/><V110/><F110/><W135/><G43/><T99/><D99/><N who="1" m="57807" /><E3/><V109/><F109/><W125/><G125/><T71/><D71/><U90/><E90/><V117/><F117/><W77/><G135/><T93/><D93/><U78/><E9/><V17/><F23/><W127/><G127/><RYUUKYOKU ba="0,0" sc="190,-10,370,-10,168,30,272,-10" hai2="17,50,53,57,92,97,103" /><INIT seed="2,1,0,3,0,54" ten="180,360,198,262" oya="2" hai0="26,123,76,33,126,95,25,69,32,56,118,84,111" hai1="29,73,98,88,58,116,89,72,80,100,90,87,15" hai2="51,101,0,96,106,127,41,47,120,53,23,21,24" hai3="128,83,4,121,61,99,70,50,12,5,110,31,62"/><V82/><F120/><W124/><G121/><T81/><D69/><U103/><E116/><V91/><F0/><W63/><G110/><T43/><D123/><U57/><E29/><V92/><F127/><W125/><G70/><T3/><D3/><U2/><E2/><V109/><F109/><W44/><G128/><T16/><D118/><U9/><E73/><V42/><F82/><W135/><G135/><T71/><D71/><U11/><E72/><V129/><F129/><W108/><G108/><T64/><D126/><N who="3" m="48745" /><G31/><T49/><D111/><U19/><E11/><V38/><F24/><W14/><G99/><T66/><D33/><U27/><E27/><V17/><F17/><W132/><G132/><T39/><D32/><U105/><REACH who="1" step="1"/><E100/><REACH who="1" ten="180,350,198,262" step="2"/><V28/><F28/><W65/><G65/><N who="0" m="25195" /><D26/><U22/><E22/><V1/><F1/><W34/><G34/><T10/><D25/><U45/><E45/><V46/><F41/><W79/><G12/><T20/><D43/><U94/><E94/><V104/><F104/><W18/><G14/><T131/><D20/><U8/><E8/><V52/><F53/><W37/><G44/><T13/><D131/><U60/><E60/><V48/><REACH who="2" step="1"/><F38/><REACH who="2" ten="180,350,188,262" step="2"/><W130/><G37/><T117/><D39/><U35/><E35/><V78/><F78/><AGARI ba="1,2" hai="9,15,19,57,58,78,80,87,88,89,90,98,103,105" machi="78" ten="40,8000,1" yaku="1,1,52,2,54,1,53,0" doraHai="54" doraHaiUra="113" who="1" fromWho="2" sc="180,0,350,103,188,-83,262,0" /><INIT seed="3,0,0,4,1,59" ten="180,453,105,262" oya="3" hai0="107,106,101,75,71,115,134,74,54,87,19,18,69" hai1="32,120,99,80,37,116,117,51,41,118,89,60,125" hai2="15,38,2,78,66,64,61,128,42,3,50,114,102" hai3="133,45,67,49,84,119,91,10,82,46,98,94,76"/><W97/><G119/><T39/><D87/><N who="1" m="50407" /><E120/><V17/><F114/><W9/><G133/><T85/><D85/><U5/><E5/><V131/><F38/><W52/><G46/><T24/><D39/><U92/><E32/><V30/><F30/><W65/><REACH who="3" step="1"/><G98/><REACH who="3" ten="180,453,105,252" step="2"/><T110/><D134/><U20/><E37/><V62/><F3/><W33/><G33/><T44/><D115/><U95/><E125/><V122/><F2/><W100/><G100/><T123/><D123/><U34/><E34/><V11/><F122/><W23/><G23/><T113/><D113/><U43/><E20/><V35/><F35/><W12/><G12/><T79/><D101/><N who="1" m="60647" /><E95/><V58/><F102/><W26/><G26/><T48/><D110/><U31/><E31/><V88/><F78/><W22/><G22/><T109/><D109/><U21/><E21/><V124/><F124/><W6/><G6/><T55/><D24/><U0/><E0/><V104/><F104/><W56/><G56/><T14/><D79/><U29/><E29/><V83/><F128/><W93/><G93/><T63/><D14/><U47/><E43/><V28/><F131/><W103/><G103/><T36/><D36/><U108/><E108/><V8/><F28/><W132/><G132/><T105/><D105/><U53/><E41/><V127/><F127/><W40/><G40/><T135/><D135/><U27/><E27/><V126/><F126/><W4/><G4/><T130/><D130/><U1/><E1/><V111/><F111/><W25/><G25/><T81/><D44/><U121/><E121/><V7/><F42/><RYUUKYOKU ba="0,1" sc="180,-15,453,15,105,-15,252,15" hai1="47,51,53,60,116,117,118" hai3="9,10,45,49,52,65,67,76,82,84,91,94,97" /><INIT seed="3,1,1,2,5,54" ten="165,468,90,267" oya="3" hai0="76,4,78,108,68,19,70,65,96,27,7,94,21" hai1="42,6,72,105,53,49,127,52,125,113,106,99,133" hai2="29,120,75,24,123,13,1,51,89,12,31,110,16" hai3="119,30,85,46,34,14,88,11,81,39,66,135,129"/><W86/><G119/><T20/><D108/><U100/><E72/><V102/><F75/><W92/><G129/><T115/><D115/><U15/><E113/><V35/><F102/><W116/><G135/><T2/><D2/><U74/><E74/><V61/><F61/><W84/><G116/><T114/><D114/><U3/><E3/><V64/><F64/><W28/><G66/><T41/><D41/><U32/><E32/><V45/><F110/><W26/><G30/><T104/><D104/><U131/><E131/><V62/><F62/><W82/><G39/><T80/><D65/><U25/><E25/><V124/><F124/><N who="1" m="47689" /><E42/><V83/><F31/><W109/><G46/><T50/><D50/><U37/><E37/><V17/><F1/><W95/><G109/><T77/><D80/><U10/><E53/><V23/><F89/><W22/><G34/><T128/><D128/><U132/><E106/><V38/><F83/><N who="3" m="31755" /><G92/><T121/><D121/><N who="2" m="46666" /><F38/><W97/><G97/><T67/><D67/><U87/><E87/><V33/><F45/><AGARI ba="1,1" hai="6,10,15,45,49,52,99,100,105,132,133" m="47689" machi="45" ten="30,2000,0" yaku="18,1,54,1" doraHai="54" who="1" fromWho="2" sc="165,0,468,33,90,-23,267,0" /><INIT seed="4,0,0,0,0,118" ten="165,501,67,267" oya="0" hai0="81,90,44,23,112,96,107,74,37,36,70,128,135" hai1="115,28,21,69,122,50,121,105,61,43,53,124,0" hai2="18,108,24,54,89,26,20,110,131,104,40,94,12" hai3="30,120,91,83,113,76,1,32,85,56,71,80,46"/><T84/><D70/><U130/><E0/><V55/><F104/><W35/><G71/><T22/><D112/><U95/><E95/><V82/><F131/><W100/><G1/><T106/><D128/><U88/><E88/><V119/><F119/><W19/><G113/><T7/><D135/><U48/><E105/><V102/><F110/><W60/><G46/><T79/><D7/><U97/><E97/><V101/><F108/><W38/><G38/><T2/><D2/><U92/><E92/><V47/><F82/><W132/><G132/><T77/><D77/><U123/><E28/><V45/><F26/><W49/><G49/><T3/><D3/><U126/><E21/><V11/><F101/><W17/><G100/><T16/><D44/><N who="1" m="25631" /><E130/><V65/><F65/><W31/><G30/><T98/><D98/><U34/><E34/><V117/><F102/><W75/><G31/><T78/><D78/><U6/><E6/><V114/><F114/><W10/><G32/><T125/><D107/><U57/><E115/><V42/><F117/><W64/><G35/><T134/><D134/><U58/><E69/><V27/><F27/><W39/><G10/><T14/><D23/><U5/><E5/><N who="2" m="3183" /><F45/><W25/><G25/><T103/><REACH who="0" step="1"/><D125/><REACH who="0" ten="155,501,67,267" step="2"/><N who="1" m="48235" /><E58/><V59/><F47/><W109/><G56/><T67/><D67/><U15/><E15/><V52/><F59/><W51/><G64/><T133/><D133/><U66/><E66/><V93/><F93/><AGARI ba="0,1" hai="14,16,22,36,37,74,79,81,84,90,93,96,103,106" machi="93" ten="30,12000,1" yaku="1,1,7,1,24,2,54,1,53,0" doraHai="118" doraHaiUra="111" who="0" fromWho="2" sc="155,130,501,0,67,-120,267,0" owari="285,9.0,501,59.0,-53,-55.0,267,-13.0" /></mjloggm>