<mjloggm ver="2.3"><GO type="169" lobby="0"/><UN n0="%7A%65%61%6C%E2%88%AB" n1="%E3%83%88%E3%83%88%E3%83%AA%E5%85%88%E7%94%9F%31%39%E6%AD%B3" n2="%E3%81%84%E3%82%82%E3%81%91%E3%82%93%70" n3="%E3%81%BD%E3%81%BF%E3%82%85" dan="17,18,17,16" rate="2140.18,2172.77,2157.81,2053.64" sx="M,F,M,F"/><TAIKYOKU oya="0"/><INIT seed="0,0,0,4,5,128" ten="250,250,250,250" oya="0" hai0="72,63,96,127,124,98,103,17,95,109,104,107,51" hai1="87,33,16,35,26,49,113,52,89,48,114,64,36" hai2="112,61,27,81,105,45,58,22,1,29,5,73,12" hai3="108,67,43,115,0,38,54,123,42,92,126,106,78"/><T47/><D72/><U37/><E64/><V25/><F112/><N who="1" m="43113" /><E49/><V102/><F45/><W135/><G106/><T11/><D63/><U99/><E99/><V83/><F105/><W97/><G0/><T7/><D17/><U8/><E33/><V79/><F102/><W60/><G115/><T65/><D65/><U55/><E35/><V19/><F83/><W31/><G38/><N who="1" m="14954" /><E48/><V94/><F94/><W118/><G67/><T130/><D104/><U3/><E3/><V21/><F1/><W30/><G43/><T76/><D98/><U133/><E133/><V111/><F111/><W44/><G97/><T9/><D107/><U2/><E2/><V85/><F5/><W53/><G135/><T100/><D100/><U34/><E34/><V74/><F12/><W80/><G108/><T71/><D109/><U28/><E28/><V68/><F68/><W69/><G30/><T40/><D96/><U18/><E8/><V50/><F50/><W14/><G31/><T20/><D11/><U125/><E125/><V101/><F101/><W84/><G126/><T117/><D71/><U41/><E41/><V91/><F91/><W57/><G69/><T4/><D103/><U121/><E121/><V93/><F93/><W13/><G123/><T82/><D124/><U132/><E132/><V77/><F77/><W23/><G42/><T119/><D40/><U134/><E134/><V120/><F120/><W10/><G44/><T88/><D47/><U32/><E89/><V24/><F24/><W70/><G70/><T62/><D127/><U6/><E26/><V56/><F61/><RYUUKYOKU ba="0,0" sc="250,-10,250,-10,250,30,250,-10" hai2="19,21,22,25,27,29,56,58,73,74,79,81,85" /><INIT seed="1,1,0,2,1,90" ten="240,240,280,240" oya="1" hai0="117,113,87,108,25,100,85,63,49,79,36,91,7" hai1="41,131,110,116,10,11,135,73,81,54,132,27,55" hai2="15,66,114,112,92,23,4,30,127,130,5,24,32" hai3="72,40,14,45,61,78,134,74,38,83,12,86,52"/><U102/><E116/><V98/><F66/><W67/><G134/><N who="1" m="51242" /><E131/><V53/><F130/><W101/><G101/><T115/><D36/><U76/><E110/><V104/><F104/><W120/><G120/><T94/><D117/><U2/><E41/><V80/><F80/><W126/><G126/><T50/><D108/><U128/><E128/><V20/><F127/><W19/><G12/><T62/><D7/><N who="2" m="2634" /><F53/><N who="1" m="19977" /><E2/><V89/><F15/><W105/><G105/><T48/><D25/><U22/><E102/><V31/><F31/><AGARI ba="1,0" hai="10,11,22,27,31,73,76,81" m="19977,51242" machi="31" ten="30,1500,0" yaku="20,1" doraHai="90" who="1" fromWho="2" sc="240,0,240,18,280,-18,240,0" /><INIT seed="1,2,0,5,2,10" ten="240,258,262,240" oya="1" hai0="112,49,102,2,67,85,89,121,3,132,134,60,21" hai1="109,87,50,7,117,107,40,74,69,27,72,114,39" hai2="65,48,106,105,97,120,93,135,71,130,113,23,116" hai3="63,118,0,56,64,124,70,78,133,54,73,29,122"/><U1/><E114/><V115/><F116/><W33/><G122/><T75/><D75/><U58/><E117/><V53/><F120/><W26/><G118/><T20/><D102/><U119/><E119/><V18/><F65/><W4/><G124/><T77/><D77/><U108/><E69/><V25/><F71/><W128/><G133/><N who="0" m="51307" /><D49/><U100/><E39/><V52/><F135/><W8/><G128/><T47/><D47/><N who="1" m="25959" /><E7/><V57/><F53/><W94/><G94/><N who="0" m="54575" /><D112/><N who="2" m="43082" /><F130/><W12/><G78/><T22/><D121/><U95/><E1/><V15/><F25/><W17/><G73/><T36/><D36/><U126/><E126/><V35/><F35/><W110/><G110/><N who="1" m="42602" /><E27/><V98/><F98/><W61/><REACH who="3" step="1"/><G0/><REACH who="3" ten="240,258,262,230" step="2"/><T62/><D3/><U104/><E74/><V131/><F131/><W37/><G37/><T38/><D38/><U99/><E72/><V16/><F18/><AGARI ba="2,1" hai="4,8,12,17,18,26,29,33,54,56,61,63,64,70" machi="18" ten="40,5200,0" yaku="1,1,52,1,53,1" doraHai="10" doraHaiUra="11" who="3" fromWho="2" sc="240,0,258,0,262,-58,230,68" /><INIT seed="2,0,0,5,1,99" ten="240,258,204,298" oya="2" hai0="40,109,68,73,102,110,108,15,11,94,13,47,34" hai1="74,4,44,115,124,78,57,20,112,134,60,66,92" hai2="16,135,67,43,125,80,104,61,122,98,71,123,42" hai3="12,84,45,23,131,41,85,75,111,36,101,132,53"/><V65/><F125/><W129/><G75/><T2/><D73/><U119/><E119/><V105/><F135/><W38/><G38/><N who="0" m="21911" /><D68/><U87/><E124/><V30/><F30/><W33/><G33/><T133/><D34/><U52/><E134/><V114/><F114/><W9/><G132/><T59/><D59/><U58/><E74/><V63/><F98/><W10/><G111/><T91/><D102/><U28/><E44/><V6/><F6/><W35/><G35/><T50/><D50/><U55/><E4/><V120/><F80/><W7/><G10/><T127/><D127/><U29/><E66/><V27/><F105/><W117/><G117/><T89/><D133/><U26/><E29/><V86/><F86/><W90/><G101/><T97/><D91/><U32/><E32/><V24/><F104/><W88/><G23/><T64/><D64/><U95/><E78/><V130/><F122/><W48/><G85/><T18/><D13/><U93/><REACH who="1" step="1"/><E87/><REACH who="1" ten="240,248,204,298" step="2"/><V54/><F71/><W81/><REACH who="3" step="1"/><G90/><REACH who="3" ten="240,248,204,288" step="2"/><T17/><D2/><U1/><E1/><V51/><F120/><W22/><G22/><T106/><D109/><U76/><E76/><V79/><F79/><W49/><G49/><AGARI ba="0,2" hai="20,26,28,49,52,55,57,58,60,92,93,95,112,115" machi="49" ten="40,2600,0" yaku="1,1,54,1,53,0" doraHai="99" doraHaiUra="121" who="1" fromWho="3" sc="240,0,248,46,204,0,288,-26" /><INIT seed="3,0,0,5,4,68" ten="240,294,204,262" oya="3" hai0="70,115,103,101,18,13,3,87,46,32,67,17,118" hai1="124,49,48,71,134,79,84,44,69,96,4,61,66" hai2="60,92,102,8,27,14,95,23,131,75,42,112,22" hai3="129,98,1,109,91,94,120,31,6,126,19,132,122"/><W82/><G31/><T24/><D3/><U133/><E4/><V55/><F75/><W121/><G6/><T62/><D118/><U37/><E96/><V40/><F112/><W88/><G1/><T9/><D115/><U56/><E84/><V45/><F131/><W33/><G33/><T5/><D18/><U127/><E79/><V105/><F105/><W73/><G19/><T80/><D46/><U7/><E49/><V93/><F102/><W58/><G58/><N who="0" m="37335" /><D32/><U85/><E85/><V28/><F23/><W0/><G0/><T21/><D70/><N who="1" m="26635" /><E7/><V51/><REACH who="2" step="1"/><F60/><REACH who="2" ten="240,294,194,262" step="2"/><W116/><G129/><T86/><D101/><U77/><E61/><V57/><F57/><W113/><G113/><T15/><D103/><U50/><E56/><V100/><F100/><W38/><G73/><T76/><D76/><U64/><E77/><V25/><F25/><W117/><G109/><T16/><D80/><U41/><E124/><V97/><F97/><W128/><G128/><T78/><D78/><U52/><E127/><V74/><F74/><W99/><G126/><T130/><D130/><U106/><E106/><V11/><F11/><AGARI ba="0,1" hai="5,9,11,13,15,16,17,21,24,86,87" m="37335" machi="11" ten="30,2000,0" yaku="8,1,54,1" doraHai="68" who="0" fromWho="2" sc="240,30,294,0,194,-20,262,0" /><INIT seed="4,0,0,2,3,19" ten="270,294,174,262" oya="0" hai0="74,60,1,126,124,64,88,53,26,8,18,7,15" hai1="96,4,102,3,99,73,84,2,97,45,100,106,114" hai2="127,104,87,128,70,40,78,108,6,110,80,76,122" hai3="75,116,58,17,55,98,117,50,109,5,63,16,92"/><T65/><D74/><U37/><E73/><V113/><F70/><W38/><G38/><T101/><D101/><U57/><E114/><V52/><F40/><W46/><G109/><T25/><D53/><U14/><E97/><V120/><F6/><W132/><G75/><T89/><D26/><U91/><E57/><V83/><F113/><W123/><G123/><N who="2" m="47145" /><F128/><W56/><G132/><T130/><D25/><U85/><E85/><N who="2" m="48263" /><F127/><N who="0" m="48682" /><D130/><U118/><E118/><V10/><F10/><W27/><G5/><T39/><D39/><U23/><E45/><V11/><F11/><W35/><G35/><T61/><D61/><U125/><E37/><V59/><F104/><W32/><G32/><T29/><D29/><U12/><E125/><V72/><F52/><N who="3" m="34183" /><G117/><T81/><D64/><U67/><E67/><V44/><F44/><W94/><G116/><T115/><D115/><U133/><E4/><V31/><F59/><W62/><G27/><T77/><D7/><U28/><E106/><V107/><F31/><W131/><G131/><T95/><D1/><U135/><E28/><V33/><F33/><W36/><G36/><T121/><D121/><U103/><E135/><V69/><F107/><W68/><G68/><T20/><D8/><U119/><E133/><V51/><F69/><W41/><G94/><T42/><D95/><N who="1" m="54759" /><E119/><V93/><F51/><W43/><G43/><T79/><D42/><U54/><E54/><V86/><F93/><W82/><G82/><T48/><D81/><U49/><E49/><V30/><F30/><W24/><G24/><T112/><D48/><U111/><E2/><RYUUKYOKU ba="0,0" sc="270,-15,294,-15,174,15,262,15" hai2="72,78,83,86,87,108,110" hai3="16,17,41,46,50,55,58,62,92,98" /><INIT seed="5,1,0,2,1,26" ten="255,279,189,277" oya="1" hai0="127,8,59,6,22,25,66,99,104,50,1,33,21" hai1="103,89,55,67,10,128,14,131,72,115,81,91,4" hai2="37,86,43,105,79,61,135,126,46,95,117,20,109" hai3="102,56,52,87,88,57,64,108,27,24,97,49,54"/><U30/><E115/><V12/><F109/><W118/><G108/><T17/><D127/><U120/><E120/><V96/><F117/><W119/><G64/><T90/><D22/><U98/><E67/><V132/><F126/><W23/><G27/><T45/><D33/><U122/><E122/><V65/><F105/><W31/><G97/><T39/><D39/><U29/><E55/><V35/><F35/><W100/><G118/><T107/><D59/><U3/><E3/><V106/><F106/><W11/><G11/><T7/><D7/><U125/><E125/><V5/><F86/><W63/><G119/><T0/><D0/><U134/><E134/><V101/><F79/><W113/><G113/><T71/><D90/><N who="1" m="34315" /><E81/><AGARI ba="1,0" hai="23,24,31,49,52,54,56,57,63,81,87,88,100,102" machi="81" ten="30,8000,1" yaku="7,1,8,1,52,1,54,2" doraHai="26" who="3" fromWho="1" sc="255,0,279,-83,189,0,277,83" /><INIT seed="6,0,0,0,4,40" ten="255,196,189,360" oya="2" hai0="92,106,113,3,109,127,59,46,13,98,57,21,97" hai1="90,94,15,41,87,74,61,22,100,4,86,95,69" hai2="25,39,67,14,84,134,28,104,7,53,124,108,70" hai3="122,79,26,52,68,20,1,31,118,64,16,5,63"/><V34/><F124/><W45/><G122/><T71/><D3/><U33/><E33/><V93/><F104/><W48/><G118/><T24/><D71/><U121/><E74/><V65/><F134/><W101/><G79/><T80/><D109/><U51/><E121/><V76/><F39/><W133/><G133/><T44/><D113/><U62/><E69/><V77/><F70/><W8/><REACH who="3" step="1"/><G101/><REACH who="3" ten="255,196,189,350" step="2"/><T89/><D127/><U103/><E100/><V129/><F77/><W132/><G132/><T130/><D130/><U60/><E103/><V11/><F129/><W9/><G9/><T50/><D89/><U36/><E90/><V30/><F108/><W2/><G2/><T6/><D106/><U115/><E115/><V128/><F128/><W85/><G85/><T116/><D116/><U126/><E126/><V82/><F28/><AGARI ba="0,1" hai="1,5,8,16,20,26,28,31,45,48,52,63,64,68" machi="28" ten="40,8000,1" yaku="1,1,52,1,54,2,53,0" doraHai="40" doraHaiUra="38" who="3" fromWho="2" sc="255,0,196,0,189,-80,350,90" /><INIT seed="7,0,0,4,0,107" ten="255,196,109,440" oya="3" hai0="79,36,26,127,67,77,22,6,58,73,74,43,45" hai1="28,135,62,82,3,101,83,111,25,42,134,129,2" hai2="12,102,92,93,103,14,128,64,29,124,13,126,116" hai3="10,65,85,76,31,19,78,32,130,54,96,18,63"/><W16/><G130/><T5/><D127/><U9/><E111/><V119/><F29/><W27/><G54/><T115/><D115/><U53/><E129/><V110/><F64/><W66/><G66/><T117/><D117/><N who="2" m="45130" /><F110/><W20/><G10/><T44/><D67/><U131/><E131/><V125/><F128/><W81/><G96/><T122/><D58/><N who="1" m="35151" /><E42/><V21/><F21/><W106/><G106/><T39/><D22/><U120/><E9/><V1/><F1/><W132/><G132/><T72/><D26/><U38/><E25/><V55/><F55/><W109/><G109/><T41/><D122/><U70/><E120/><V104/><F104/><W91/><G32/><T87/><D87/><U100/><E28/><V24/><F24/><W17/><N who="3" m="4608" /><DORA hai="80" /><W118/><REACH who="3" step="1"/><G118/><REACH who="3" ten="255,196,109,430" step="2"/><T56/><D6/><U99/><E134/><V47/><F47/><W90/><G90/><T112/><D5/><U114/><E135/><V108/><F108/><W69/><AGARI ba="0,1" hai="20,27,31,63,65,69,76,78,81,85,91" m="4608" machi="69" ten="40,12000,1" yaku="1,1,0,1,52,1,54,1,53,0" doraHai="107,80" doraHaiUra="7,89" who="3" fromWho="3" sc="255,-40,196,-40,109,-40,430,130" owari="215,2.0,156,-24.0,69,-43.0,560,65.0" /></mjloggm>