<mjloggm ver="2.3"><GO type="97" lobby="0"/><UN n0="%45%65%72%69%6B" n1="%E5%9B%A0%E5%B9%A1" n2="%E5%B0%B1%E6%B4%BB%E7%94%9F%40%E5%B7%9D%E6%9D%91%E8%BB%8D%E5%9B%A3" n3="%6D%6F%6D%69%61%67%65%30" dan="13,14,14,14" rate="1865.73,1976.37,1981.58,1969.74" sx="M,M,M,M"/><TAIKYOKU oya="0"/><INIT seed="0,0,0,3,4,56" ten="250,250,250,250" oya="0" hai0="16,103,38,23,69,75,54,95,66,37,111,49,97" hai1="92,46,24,110,53,118,44,11,64,100,13,17,15" hai2="87,126,81,105,30,35,72,80,129,134,77,43,50" hai3="123,89,135,47,71,86,121,61,27,90,40,42,57"/><T58/><D75/><U28/><E118/><V9/><F105/><W131/><G71/><T78/><D78/><U128/><E110/><V88/><F129/><W82/><G135/><T91/><D111/><U65/><E128/><V102/><F134/><W98/><G131/><T124/><D124/><U68/><E15/><V101/><F126/><W5/><G5/><T1/><D1/><U2/><E2/><V6/><F30/><W52/><G27/><T39/><D103/><U29/><E68/><V96/><F35/><W120/><G47/><N who="1" m="17962" /><E53/><V34/><F34/><W84/><G98/><T127/><D127/><U99/><E24/><V109/><F109/><W132/><REACH who="3" step="1"/><G132/><REACH who="3" ten="250,250,250,240" step="2"/><T83/><D69/><U85/><E85/><V36/><F36/><W119/><G119/><T31/><D38/><U115/><E115/><V94/><F43/><W22/><G22/><T104/><D37/><U10/><E11/><V63/><F9/><W93/><AGARI ba="0,1" hai="40,42,52,57,61,82,84,86,89,90,93,120,121,123" machi="93" ten="30,8000,1" yaku="1,1,0,1,13,1,52,1,54,1,53,0" doraHai="56" doraHaiUra="26" who="3" fromWho="3" sc="250,-40,250,-20,250,-20,240,90" /><INIT seed="1,0,0,3,4,135" ten="210,230,230,330" oya="1" hai0="99,12,52,36,64,20,27,65,86,108,115,129,53" hai1="68,105,93,90,98,30,0,114,75,2,102,113,69" hai2="84,120,49,83,56,94,71,39,40,41,23,80,119" hai3="96,9,38,117,29,10,66,18,8,134,6,22,124"/><U103/><E30/><V37/><F71/><W133/><G38/><T101/><D108/><U73/><E93/><V87/><F120/><W55/><G66/><N who="0" m="25707" /><D115/><U24/><E24/><V89/><F119/><W76/><G76/><T132/><D36/><U91/><REACH who="1" step="1"/><E98/><REACH who="1" ten="210,220,230,330" step="2"/><V130/><F130/><W46/><G96/><T25/><D99/><U107/><AGARI ba="0,1" hai="0,2,68,69,73,75,90,91,102,103,105,107,113,114" machi="107" ten="25,18000,2" yaku="1,1,2,1,0,1,22,2,53,2" doraHai="135" doraHaiUra="111" who="1" fromWho="1" sc="210,-60,220,190,230,-60,330,-60" /><INIT seed="1,1,0,4,0,36" ten="150,410,170,270" oya="1" hai0="81,123,14,38,92,20,25,68,18,84,118,51,8" hai1="130,110,7,66,112,77,61,85,95,72,73,26,39" hai2="100,78,9,58,109,99,48,31,15,121,42,83,79" hai3="114,44,115,125,69,102,1,19,103,104,2,82,86"/><U96/><E39/><V5/><F121/><W116/><G69/><T111/><D118/><U46/><E112/><V126/><F109/><W27/><G116/><T11/><D38/><U41/><E110/><V75/><F126/><W12/><G125/><T128/><D111/><U65/><E130/><V108/><F108/><W91/><G27/><T122/><D128/><U59/><E7/><V89/><F31/><W74/><G74/><T88/><D68/><U10/><E10/><N who="0" m="3625" /><D51/><U56/><E26/><V133/><F133/><W90/><G12/><T23/><D123/><U29/><E29/><V127/><F127/><W13/><G13/><T32/><D32/><U3/><E3/><V76/><F89/><W129/><G129/><T54/><D54/><U34/><E34/><V52/><REACH who="2" step="1"/><F42/><REACH who="2" ten="150,410,160,270" step="2"/><W71/><G90/><T50/><D122/><U47/><E41/><V49/><F49/><W45/><G91/><T107/><D50/><U120/><E120/><V132/><F132/><W98/><G114/><T117/><D117/><U40/><E40/><V4/><F4/><W28/><G115/><T6/><D6/><U101/><E61/><V55/><F55/><W67/><G28/><N who="0" m="17447" /><D107/><AGARI ba="1,1" hai="5,9,15,48,52,58,75,76,78,79,83,99,100,107" machi="107" ten="30,3900,0" yaku="1,1,7,1,54,1,53,0" doraHai="36" doraHaiUra="62" who="2" fromWho="0" sc="150,-42,410,0,160,52,270,0" /><INIT seed="2,0,0,2,3,57" ten="108,410,212,270" oya="2" hai0="29,33,52,46,45,74,23,71,38,116,123,17,87" hai1="67,86,43,119,24,112,21,80,107,97,6,120,133" hai2="53,101,131,55,113,60,125,124,42,62,90,3,85" hai3="19,27,41,30,111,75,77,91,15,44,99,88,69"/><V9/><F101/><W92/><G111/><T14/><D123/><U56/><E120/><V58/><F113/><W31/><G69/><T95/><D74/><U108/><E119/><V36/><F131/><W78/><G75/><T54/><D71/><U4/><E112/><V94/><F36/><W126/><G126/><N who="2" m="48745" /><F42/><W12/><G91/><T81/><D116/><U134/><E43/><V122/><F122/><W129/><G129/><T39/><D95/><U18/><E108/><V76/><F76/><W8/><G12/><T135/><D135/><N who="1" m="51723" /><E97/><V72/><F72/><W70/><G70/><T66/><D66/><U65/><E107/><V26/><F26/><W73/><G73/><T110/><D110/><U22/><E22/><V121/><F121/><W7/><G7/><N who="1" m="2602" /><E56/><N who="2" m="34831" /><F9/><W117/><G117/><T37/><D33/><U127/><E127/><V105/><F105/><W64/><G64/><T13/><D29/><U20/><E20/><V103/><F103/><W2/><G2/><AGARI ba="0,0" hai="2,3,55,58,62,85,90,94" m="34831,48745" machi="2" ten="30,5800,0" yaku="18,1,52,2" doraHai="57" who="2" fromWho="3" sc="108,0,410,0,212,58,270,-58" /><INIT seed="2,1,0,2,1,91" ten="108,410,270,212" oya="2" hai0="66,1,110,31,87,112,37,121,3,35,24,90,39" hai1="53,79,14,82,72,16,102,50,36,54,57,56,32" hai2="81,11,128,124,0,129,21,33,20,85,30,88,65" hai3="10,40,7,45,126,131,104,74,133,48,46,113,86"/><V114/><F114/><W2/><G74/><T9/><D110/><U100/><E36/><V130/><F124/><W62/><G126/><T135/><D112/><U44/><E32/><V71/><F33/><W123/><G123/><T49/><D135/><U52/><E44/><V109/><F109/><W120/><G133/><T115/><D115/><U119/><E119/><V6/><REACH who="2" step="1"/><F30/><REACH who="2" ten="108,410,260,212" step="2"/><W12/><G113/><T63/><D121/><U97/><E50/><V58/><F58/><W125/><G125/><T15/><D35/><U23/><REACH who="1" step="1"/><E102/><REACH who="1" ten="108,400,260,212" step="2"/><V132/><F132/><W107/><G120/><T111/><D31/><U108/><E108/><V51/><F51/><W22/><G48/><T25/><D49/><U92/><AGARI ba="1,2" hai="14,16,23,52,53,54,56,57,72,79,82,92,97,100" machi="92" ten="30,8000,1" yaku="1,1,0,1,52,1,54,2,53,0" doraHai="91" doraHaiUra="117" who="1" fromWho="1" sc="108,-21,400,103,260,-41,212,-21" /><INIT seed="3,0,0,1,0,72" ten="87,503,219,191" oya="3" hai0="41,99,73,27,134,54,68,86,107,126,16,56,117" hai1="125,122,78,93,24,100,115,57,36,10,0,109,31" hai2="21,130,37,79,113,38,50,17,25,94,55,80,69" hai3="26,119,116,91,9,22,23,65,60,51,18,67,98"/><W43/><G9/><T4/><D117/><U89/><E36/><V114/><F69/><W71/><G67/><T40/><D73/><U19/><E122/><V103/><F130/><W90/><G116/><T127/><D134/><U105/><E115/><V112/><F94/><W111/><G111/><T48/><D68/><U128/><E109/><V132/><F132/><W120/><G120/><T118/><D118/><U47/><E125/><V6/><F6/><W88/><G119/><T121/><D121/><U66/><E128/><V29/><F103/><W8/><G8/><T5/><D86/><U58/><E47/><V34/><F34/><W33/><G33/><T95/><D107/><U83/><E100/><V92/><F92/><W75/><G75/><T61/><D127/><U102/><E102/><V87/><REACH who="2" step="1"/><F29/><REACH who="2" ten="87,503,209,191" step="2"/><W35/><G35/><T46/><D126/><U135/><E105/><V30/><F30/><W110/><G110/><T42/><D4/><U77/><E66/><V129/><F129/><W39/><G71/><T96/><D5/><U84/><E135/><V3/><F3/><W76/><G98/><T45/><D45/><AGARI ba="0,1" hai="17,21,25,37,38,45,50,55,79,80,87,112,113,114" machi="45" ten="40,2600,0" yaku="1,1,52,1,53,0" doraHai="72" doraHaiUra="1" who="2" fromWho="0" sc="87,-26,503,0,209,36,191,0" owari="61,-44.0,503,60.0,245,5.0,191,-21.0" /></mjloggm>