<mjloggm ver="2.3"><GO type="169" lobby="0"/><UN n0="%E9%BA%BB%E7%94%9F%E9%9B%80%E5%AD%90" n1="%E3%82%A6%E3%83%AB%E3%83%88%E3%83%A9%E7%AB%8B%E7%9B%B4" n2="%72%6F%61%73%73%6F%32%38" n3="%53%69%6D%6F%6F%6E" dan="16,18,16,17" rate="2122.47,2189.75,2115.39,2192.16" sx="F,M,M,M"/><TAIKYOKU oya="0"/><INIT seed="0,0,0,1,1,42" ten="250,250,250,250" oya="0" hai0="130,38,110,109,11,84,121,131,53,107,73,89,65" hai1="58,13,108,88,96,113,3,26,30,70,114,8,28" hai2="23,125,24,102,39,103,15,16,124,59,50,100,27" hai3="48,105,12,85,91,4,92,90,52,76,31,80,46"/><T126/><D121/><U64/><E3/><V61/><F39/><W101/><G105/><T29/><D73/><U98/><E70/><V25/><REACH who="2" step="1"/><F50/><REACH who="2" ten="250,250,240,250" step="2"/><W0/><G0/><T5/><D38/><U134/><E114/><V40/><F40/><W54/><G54/><AGARI ba="0,1" hai="15,16,23,24,25,27,54,59,61,100,102,103,124,125" machi="54" ten="40,2600,0" yaku="1,1,54,1,53,0" doraHai="42" doraHaiUra="63" who="2" fromWho="3" sc="250,0,250,0,240,36,250,-26" /><INIT seed="1,0,0,1,2,130" ten="250,250,276,224" oya="1" hai0="104,25,86,124,122,91,31,8,38,115,107,16,96" hai1="15,127,20,81,101,94,93,75,125,18,70,19,65" hai2="69,59,76,54,57,126,35,46,32,36,102,114,21" hai3="134,131,39,9,77,42,108,56,79,40,55,88,34"/><U92/><E101/><V29/><F69/><W23/><G34/><T99/><D115/><U48/><E48/><V129/><F114/><W58/><G131/><T117/><D38/><U121/><E121/><V97/><F129/><W61/><G39/><T90/><D117/><U47/><E47/><V7/><F126/><W53/><G108/><T41/><D41/><U112/><E112/><V17/><F76/><W5/><G23/><T111/><D111/><U135/><E19/><V22/><F7/><W66/><G66/><T14/><D124/><N who="1" m="47691" /><E135/><V133/><F133/><W110/><G110/><T128/><D128/><U37/><E37/><V72/><F72/><W82/><G134/><T78/><D122/><U98/><E98/><V106/><F36/><W1/><G42/><T80/><D78/><N who="1" m="44255" /><E65/><V0/><F46/><W103/><G40/><T73/><D73/><U60/><E60/><V109/><F109/><W63/><G103/><T105/><REACH who="0" step="1"/><D91/><REACH who="0" ten="240,250,276,224" step="2"/><U4/><E4/><V62/><F102/><W30/><G88/><T118/><D118/><U44/><E44/><V74/><F74/><W67/><G79/><T11/><D11/><U45/><E45/><V6/><F106/><W68/><G77/><T51/><D51/><U50/><E50/><V83/><F62/><W28/><G82/><T33/><AGARI ba="0,1" hai="8,14,16,25,31,33,80,86,90,96,99,104,105,107" machi="33" ten="30,7900,0" yaku="1,1,0,1,54,1,53,1" doraHai="130" doraHaiUra="12" who="0" fromWho="0" sc="240,89,250,-39,276,-20,224,-20" /><INIT seed="2,0,0,1,3,65" ten="329,211,256,204" oya="2" hai0="40,5,94,135,52,22,101,49,118,126,28,70,46" hai1="84,96,87,21,51,74,47,17,12,111,128,77,103" hai2="130,105,2,80,124,3,98,11,60,20,97,66,129" hai3="104,59,107,125,1,44,25,10,30,90,35,95,121"/><V45/><F124/><W43/><G121/><T110/><D118/><U37/><E111/><V42/><F80/><W108/><G108/><T62/><D110/><U71/><E128/><N who="2" m="49259" /><F20/><W131/><G131/><T7/><D126/><U18/><E37/><N who="2" m="21711" /><F11/><W56/><G125/><T114/><D114/><U53/><E71/><N who="2" m="42439" /><F98/><W100/><G10/><T102/><D22/><N who="1" m="11559" /><E77/><V15/><F15/><W79/><G1/><T91/><D28/><U27/><E74/><V19/><F19/><W64/><G79/><T9/><D9/><U82/><E82/><V109/><F109/><W76/><G76/><T73/><D73/><U85/><E96/><V123/><F123/><W92/><G30/><T78/><D78/><U127/><E127/><V0/><F97/><W117/><G25/><T63/><D5/><U41/><E103/><V112/><F3/><W106/><G35/><T32/><D32/><U99/><E99/><V14/><F14/><W67/><G100/><T120/><D101/><U48/><E85/><V55/><F105/><W122/><G122/><T16/><D120/><U54/><E87/><V93/><F93/><W75/><G95/><T57/><D7/><U23/><E84/><V134/><F112/><W69/><G75/><T68/><D102/><U58/><E23/><V116/><F116/><W115/><G117/><T72/><D72/><U133/><E21/><V50/><F134/><W29/><G115/><T36/><D135/><U34/><E133/><V33/><F33/><W113/><G113/><T132/><D132/><U83/><E34/><V8/><F8/><W88/><G107/><RYUUKYOKU ba="0,0" sc="329,-10,211,-10,256,30,204,-10" hai2="0,2,50,55" /><INIT seed="2,1,0,3,1,2" ten="319,201,286,194" oya="2" hai0="93,10,20,41,99,70,96,74,58,63,85,54,110" hai1="16,121,53,56,18,37,27,39,131,26,25,128,75" hai2="134,120,15,116,82,67,33,36,79,71,91,98,107" hai3="132,46,30,68,14,24,17,124,112,6,23,9,100"/><V81/><F120/><W130/><G68/><T3/><D74/><U49/><E75/><V47/><F116/><W89/><G100/><T97/><D110/><U5/><E121/><V111/><F33/><W34/><G124/><T102/><D70/><U77/><E77/><V104/><F134/><W114/><G132/><T129/><D129/><N who="1" m="49739" /><E5/><V64/><F111/><W78/><G78/><T66/><D41/><U113/><E113/><N who="3" m="43626" /><G130/><T32/><D32/><U86/><E86/><V4/><F71/><W126/><G126/><T88/><D54/><U11/><E11/><V22/><F104/><W19/><G46/><T69/><D69/><U87/><E87/><V122/><F122/><W29/><G89/><T45/><D45/><U51/><E51/><V59/><F59/><W38/><G38/><AGARI ba="1,0" hai="16,18,25,26,27,37,38,39,49,53,56" m="49739" machi="38" ten="40,2600,0" yaku="19,1,54,1" doraHai="2" who="1" fromWho="3" sc="319,0,201,29,286,0,194,-29" /><INIT seed="3,0,0,5,3,7" ten="319,230,286,165" oya="3" hai0="67,124,101,33,132,63,10,57,46,96,80,125,4" hai1="17,44,78,29,117,122,131,49,61,95,51,128,40" hai2="82,77,66,129,88,93,91,100,16,50,58,41,85" hai3="37,42,35,74,36,30,62,79,23,112,6,126,14"/><W69/><G112/><T134/><D33/><U59/><E29/><V92/><F129/><N who="1" m="49737" /><E78/><V24/><F100/><W48/><G126/><N who="0" m="48747" /><D80/><U11/><E95/><N who="2" m="36427" /><F41/><W84/><G74/><T0/><D46/><U47/><E17/><V34/><F34/><W21/><G35/><T65/><D65/><N who="1" m="39103" /><E11/><V81/><F66/><W90/><G62/><T9/><D9/><U68/><E68/><V8/><F81/><N who="3" m="47167" /><G69/><T43/><D43/><N who="1" m="24735" /><E122/><V19/><F24/><N who="3" m="16655" /><G23/><T99/><D101/><U105/><E105/><V120/><F120/><W107/><G107/><T135/><AGARI ba="0,0" hai="0,4,10,57,63,67,96,99,132,134,135" m="48747" machi="135" ten="40,5200,0" yaku="20,1,18,1,52,1" doraHai="7" who="0" fromWho="0" sc="319,52,230,-13,286,-13,165,-26" /><INIT seed="4,0,0,3,5,21" ten="371,217,273,139" oya="0" hai0="95,4,17,33,48,23,89,24,123,5,102,67,71" hai1="49,28,101,124,73,16,27,57,0,51,121,20,72" hai2="68,36,64,13,1,122,26,55,106,80,93,96,3" hai3="65,113,84,131,119,15,79,60,70,98,92,9,45"/><T7/><D33/><U34/><E121/><V14/><F122/><W42/><G113/><T10/><D123/><U104/><E124/><V61/><F106/><W117/><G131/><T116/><D102/><U47/><E0/><V99/><F99/><W74/><G74/><T109/><D109/><U52/><E101/><V105/><F105/><W35/><G35/><T19/><D116/><U44/><E104/><V29/><F14/><W114/><G114/><T127/><D127/><U11/><E11/><V134/><F134/><W18/><G84/><T126/><D126/><U103/><E103/><V125/><F36/><W53/><G79/><T128/><D128/><U63/><E49/><V75/><F13/><W112/><G112/><T88/><D48/><U100/><E100/><V85/><F75/><W66/><G66/><T115/><D115/><U135/><E47/><V56/><F93/><W43/><G92/><T133/><D133/><U108/><E108/><V97/><F3/><W54/><G98/><T46/><D46/><U50/><E50/><V110/><F1/><W130/><G130/><T83/><D83/><U59/><E59/><V2/><F2/><W91/><G91/><N who="0" m="34891" /><D10/><U37/><E37/><V132/><F110/><W62/><G43/><T82/><D82/><U22/><E34/><N who="2" m="20791" /><F132/><W8/><G8/><T58/><D71/><U87/><E135/><V86/><F125/><W38/><REACH who="3" step="1"/><G62/><REACH who="3" ten="371,217,273,129" step="2"/><N who="0" m="38359" /><D95/><U118/><E87/><N who="2" m="33291" /><F80/><W12/><G12/><T129/><D129/><U78/><E78/><V41/><F41/><W90/><G90/><T94/><D94/><U111/><E111/><RYUUKYOKU ba="0,1" sc="371,10,217,-30,273,10,129,10" hai0="4,5,7,17,19,23,24" hai2="55,56,61,64,68,96,97" hai3="9,15,18,38,42,45,53,54,60,65,70,117,119" /><INIT seed="4,1,1,3,0,103" ten="381,187,283,139" oya="0" hai0="135,58,113,108,36,95,32,92,125,37,12,104,84" hai1="123,42,9,50,29,120,134,61,67,129,21,66,53" hai2="33,101,24,27,22,40,133,63,126,74,118,88,110" hai3="28,127,114,25,14,115,94,86,43,52,106,7,68"/><T124/><D113/><N who="3" m="43017" /><G127/><N who="0" m="48715" /><D32/><U3/><E21/><V97/><F110/><W18/><G68/><T60/><D108/><U0/><E29/><V16/><F126/><W78/><G43/><T100/><D12/><U35/><E35/><V13/><F118/><W98/><G7/><T49/><D49/><U89/><E89/><V15/><F40/><W47/><G78/><T117/><D135/><U132/><E9/><V20/><F74/><W54/><G86/><T26/><D26/><U72/><E72/><V99/><F33/><N who="3" m="20623" /><G47/><T109/><D109/><U62/><E42/><V76/><F76/><W82/><G82/><T1/><D84/><U23/><E0/><V90/><F133/><N who="1" m="51305" /><E3/><V79/><F79/><W65/><G65/><N who="1" m="24586" /><E23/><V19/><F63/><N who="1" m="24073" /><E129/><V121/><REACH who="2" step="1"/><F101/><REACH who="2" ten="381,187,273,139" step="2"/><N who="3" m="62775" /><G94/><T31/><D95/><U57/><AGARI ba="1,2" hai="50,53,57,120,123" m="24073,24586,51305" machi="57" ten="30,4000,0" yaku="20,1,34,2" doraHai="103" who="1" fromWho="1" sc="381,-21,187,63,273,-11,139,-11" /><INIT seed="5,0,0,3,3,92" ten="360,250,262,128" oya="1" hai0="106,75,117,26,81,132,42,119,72,15,39,120,98" hai1="95,22,113,84,66,10,99,54,93,2,9,80,29" hai2="49,34,115,61,3,60,73,110,134,43,65,83,121" hai3="37,69,64,105,125,103,131,96,8,112,44,1,40"/><U62/><E113/><V20/><F20/><W133/><G112/><T129/><D120/><U77/><E54/><V90/><F90/><W122/><G122/><T46/><D132/><U14/><E95/><V56/><F83/><W18/><G18/><T88/><D129/><U130/><E2/><V102/><F102/><W17/><G17/><T52/><D26/><U12/><E130/><V30/><F30/><W63/><G131/><T57/><D15/><U23/><E14/><V118/><F56/><W35/><G125/><T70/><D70/><U89/><E29/><V25/><F49/><W31/><G133/><T109/><D109/><U5/><REACH who="1" step="1"/><E9/><REACH who="1" ten="360,240,262,128" step="2"/><V114/><F25/><N who="3" m="18927" /><G8/><T76/><D106/><U27/><E27/><V59/><F43/><W86/><G86/><T68/><D72/><U74/><E74/><V107/><F65/><W55/><G55/><T126/><D126/><U11/><E11/><V135/><F114/><W38/><G38/><T32/><D75/><U82/><E82/><V123/><F123/><W47/><G47/><T48/><D81/><U67/><E67/><V36/><F59/><AGARI ba="0,1" hai="5,10,12,22,23,59,62,66,77,80,84,89,93,99" machi="59" ten="30,12000,1" yaku="1,1,7,1,8,1,52,1,53,1" doraHai="92" doraHaiUra="85" who="1" fromWho="2" sc="360,0,240,130,262,-120,128,0" /><INIT seed="5,1,0,3,5,33" ten="360,370,142,128" oya="1" hai0="23,21,127,20,29,37,44,129,16,68,57,31,64" hai1="72,30,118,101,14,96,119,121,77,71,69,125,45" hai2="67,59,106,39,49,97,70,87,108,78,93,79,18" hai3="91,114,1,55,128,76,13,46,131,17,100,104,42"/><U15/><E121/><V123/><F39/><W115/><G76/><T54/><D68/><U58/><E30/><V40/><F108/><W53/><G100/><T26/><D127/><U56/><E77/><V35/><F123/><W12/><G104/><T120/><D120/><U60/><E72/><V107/><F79/><W48/><G91/><T19/><D129/><N who="3" m="49737" /><G1/><T38/><D64/><U25/><E25/><V75/><F70/><W51/><G13/><T4/><D4/><U102/><E60/><V2/><F2/><W0/><G0/><T3/><D3/><U117/><E117/><V32/><F106/><W95/><G95/><T84/><D84/><U81/><E96/><V133/><F107/><W22/><G51/><T116/><D38/><U124/><E81/><V135/><F75/><W103/><G103/><T82/><D116/><U122/><E122/><V10/><F97/><W132/><G132/><N who="2" m="50761" /><F78/><W63/><G63/><T34/><D82/><U66/><E118/><V41/><F87/><W43/><G43/><N who="2" m="16457" /><F93/><W110/><G110/><T92/><D92/><U111/><E119/><V85/><F85/><W74/><G74/><T8/><D37/><U83/><E111/><V86/><F86/><W52/><AGARI ba="1,0" hai="12,17,22,42,46,48,52,53,55,114,115" m="49737" machi="52" ten="40,2700,0" yaku="19,1,54,1" doraHai="33" who="3" fromWho="3" sc="360,-8,370,-14,142,-8,128,30" /><INIT seed="6,0,0,5,4,53" ten="352,356,134,158" oya="2" hai0="72,27,33,42,59,84,79,61,129,110,55,30,78" hai1="64,20,80,8,132,13,65,74,133,57,83,44,17" hai2="24,117,40,112,108,14,43,116,11,106,62,49,123" hai3="103,54,75,109,39,69,135,46,21,85,126,1,104"/><V63/><F106/><W41/><G109/><T34/><D110/><U76/><E83/><V28/><F108/><W23/><G75/><T130/><D42/><U105/><E105/><V3/><F3/><W26/><G1/><T113/><D113/><U122/><E122/><V95/><F123/><W115/><G115/><T7/><D7/><U25/><E44/><N who="2" m="25735" /><F112/><W125/><G69/><T99/><D34/><U2/><E2/><V36/><F36/><W12/><G135/><N who="1" m="51786" /><E57/><V119/><F117/><W93/><G104/><T22/><D33/><U82/><E82/><V51/><F116/><W48/><G12/><T58/><D72/><U120/><E120/><V128/><F119/><W16/><G23/><T15/><D15/><U73/><E73/><V98/><F128/><N who="0" m="49258" /><D84/><U60/><E60/><N who="2" m="23083" /><F43/><W127/><G85/><T71/><D71/><U89/><E89/><N who="2" m="55663" /><F51/><W38/><G41/><T77/><D99/><AGARI ba="0,0" hai="16,21,26,38,39,46,48,54,93,99,103,125,126,127" machi="99" ten="40,2600,0" yaku="18,1,54,1" doraHai="53" who="3" fromWho="0" sc="352,-26,356,0,134,0,158,26" /><INIT seed="7,0,0,1,0,25" ten="326,356,134,184" oya="3" hai0="1,133,0,80,74,28,30,99,127,124,26,39,123" hai1="97,73,37,12,5,69,111,72,100,18,125,48,7" hai2="11,57,117,134,33,107,104,115,45,6,29,83,58" hai3="108,90,101,118,35,132,63,112,86,43,34,75,128"/><W42/><G118/><T102/><D123/><U105/><E37/><V14/><F117/><W32/><G75/><T126/><D39/><U68/><E111/><V113/><F134/><W77/><G132/><T47/><D47/><U81/><E125/><V10/><F45/><W98/><G77/><N who="0" m="44087" /><D133/><U49/><E81/><V106/><F83/><W119/><G108/><T62/><D62/><U53/><E53/><V121/><F11/><W66/><G112/><T40/><D40/><U130/><E130/><V85/><F85/><W129/><G119/><T114/><D114/><N who="2" m="43530" /><F121/><W71/><G86/><T122/><D122/><U17/><E12/><V9/><F10/><W38/><G90/><T120/><D120/><U20/><E20/><V59/><F33/><W79/><G79/><T13/><D13/><U87/><E87/><V16/><F6/><W95/><G38/><T19/><D19/><U52/><E52/><V3/><F3/><N who="0" m="1098" /><D26/><U89/><E89/><V61/><F61/><W64/><G64/><T56/><D56/><N who="2" m="14338" /><V44/><DORA hai="78" /><F44/><W46/><G46/><T41/><D41/><U55/><E55/><V65/><F65/><W91/><G91/><T2/><D2/><U24/><E24/><V31/><AGARI ba="0,0" hai="9,14,16,29,31,104,106,107" m="14338,43530" machi="31" ten="50,8000,1" yaku="15,1,52,2,54,1" doraHai="25,78" who="2" fromWho="2" sc="326,-20,356,-20,134,80,184,-40" owari="306,11.0,336,44.0,214,-19.0,144,-36.0" /></mjloggm>