<mjloggm ver="2.3"><GO type="41" lobby="0"/><UN n0="%4E%2E%4B%3B" n1="%E5%B0%B1%E6%B4%BB%E7%94%9F%40%E5%B7%9D%E6%9D%91%E8%BB%8D%E5%9B%A3" n2="%E3%81%B1%E3%81%B3%E3%82%8D%E3%82%93" n3="%E8%97%A4%E5%8E%9F%E3%81%A8%E3%81%85%E3%81%B5%E5%BA%97" dan="14,15,14,14" rate="1939.37,1958.34,2049.57,1945.56" sx="M,M,M,M"/><TAIKYOKU oya="0"/><INIT seed="0,0,0,3,3,10" ten="250,250,250,250" oya="0" hai0="114,71,100,119,61,29,8,62,33,122,99,40,117" hai1="124,49,78,120,102,35,96,23,84,12,45,44,75" hai2="60,68,36,108,17,9,26,11,111,16,77,46,1" hai3="42,93,76,94,55,97,57,134,58,110,34,53,80"/><T95/><D122/><U126/><E35/><V47/><F77/><W87/><G34/><T91/><D114/><U5/><E75/><V116/><F116/><W32/><G32/><T82/><D40/><U101/><E120/><V54/><F1/><W73/><G110/><N who="2" m="42025" /><F36/><W135/><G42/><T28/><D117/><U115/><E115/><V118/><F118/><W104/><G57/><T133/><D119/><U18/><E5/><V41/><F17/><W107/><G55/><T67/><D133/><N who="3" m="50697" /><G53/><T30/><D61/><U112/><E112/><V22/><F46/><W15/><G15/><T89/><D33/><U113/><E113/><V31/><F31/><W19/><G58/><T3/><D82/><N who="1" m="47191" /><E49/><N who="2" m="26863" /><F54/><W38/><G19/><T127/><REACH who="0" step="1"/><D127/><REACH who="0" ten="240,250,250,250" step="2"/><N who="1" m="48683" /><E102/><V63/><F60/><W83/><G38/><T4/><AGARI ba="0,1" hai="3,4,8,28,29,30,62,67,71,89,91,95,99,100" machi="4" ten="30,3000,0" yaku="1,1,0,1,53,0" doraHai="10" doraHaiUra="21" who="0" fromWho="0" sc="240,40,250,-10,250,-10,250,-10" /><INIT seed="0,1,0,5,5,78" ten="280,240,240,240" oya="0" hai0="121,71,120,32,46,3,47,14,15,114,48,18,11" hai1="75,87,1,99,41,68,89,42,44,24,98,30,0" hai2="66,9,84,62,97,96,20,93,108,31,127,53,49" hai3="52,19,74,91,38,129,51,28,13,135,5,29,25"/><T72/><D71/><U61/><E75/><V35/><F35/><W59/><G74/><T102/><D72/><U86/><E68/><V119/><F119/><W70/><G129/><T124/><D32/><U132/><E132/><V110/><F127/><W100/><G100/><T118/><D124/><U17/><E17/><V82/><F9/><W94/><G38/><T116/><D102/><U133/><E133/><V109/><F31/><W123/><G123/><T101/><D101/><U4/><E61/><V117/><F117/><W12/><G70/><T56/><D114/><U21/><E86/><V26/><F26/><W6/><G135/><T107/><D107/><U63/><E63/><V105/><F105/><W88/><G91/><T37/><D118/><U50/><E42/><V85/><F20/><N who="3" m="15399" /><G29/><T95/><D116/><U65/><E65/><V64/><F66/><W36/><G36/><T115/><D115/><U104/><E104/><V128/><F128/><W106/><G106/><T92/><D3/><U77/><E77/><N who="2" m="46159" /><F64/><W83/><G83/><T130/><D130/><U23/><E23/><V34/><F62/><W125/><G125/><T131/><D131/><U58/><E1/><V112/><F34/><W73/><G73/><T122/><D37/><U69/><E0/><V79/><F112/><W16/><G13/><T81/><D15/><U80/><E69/><V90/><F79/><W10/><G6/><T113/><D113/><U55/><E4/><V111/><N who="2" m="28160" /><DORA hai="39" /><V27/><F27/><W103/><G103/><T40/><D122/><U2/><E2/><V60/><F60/><RYUUKYOKU ba="1,0" sc="280,-30,240,10,240,10,240,10" hai1="21,24,30,41,44,50,55,58,80,87,89,98,99" hai2="49,53,85,90,93,96,97" hai3="5,10,12,16,19,51,52,59,88,94" /><INIT seed="1,2,0,1,1,22" ten="250,250,250,250" oya="1" hai0="4,20,90,42,31,17,47,33,102,69,61,37,72" hai1="2,107,86,119,117,125,63,110,76,116,3,15,67" hai2="49,19,53,0,38,1,135,106,127,104,130,24,98" hai3="132,32,133,50,71,30,82,43,96,54,118,57,28"/><U45/><E107/><V120/><F120/><W8/><G71/><T10/><D72/><U94/><E125/><V27/><F38/><W41/><G118/><T13/><D102/><U85/><E110/><V121/><F121/><W115/><G115/><T5/><D5/><U44/><E15/><V39/><F39/><W103/><G8/><T123/><D123/><U65/><E76/><V56/><F127/><W129/><G82/><T59/><D69/><U95/><E116/><V29/><F130/><W77/><G129/><T109/><D109/><U36/><E36/><V48/><F135/><N who="3" m="51787" /><G77/><T134/><D134/><U7/><E7/><V111/><F111/><W87/><G87/><T35/><D90/><U60/><AGARI ba="2,0" hai="2,3,44,45,60,63,65,67,85,86,94,95,117,119" machi="60" ten="25,4800,0" yaku="0,1,22,2" doraHai="22" who="1" fromWho="1" sc="250,-18,250,54,250,-18,250,-18" /><INIT seed="1,3,0,5,5,64" ten="232,304,232,232" oya="1" hai0="88,111,125,15,35,37,20,31,14,7,105,74,68" hai1="38,107,114,46,127,52,57,77,55,116,62,89,66" hai2="67,93,58,92,79,126,5,101,39,32,115,59,91" hai3="106,102,8,24,27,109,123,124,43,18,60,96,85"/><U13/><E107/><V121/><F121/><W51/><G123/><T1/><D105/><U78/><E116/><V36/><F32/><W73/><G124/><T133/><D74/><U3/><E3/><V76/><F126/><W40/><G109/><T17/><D37/><U10/><E114/><V103/><F67/><W9/><G73/><T90/><D125/><U65/><E127/><V22/><F22/><W19/><G60/><T61/><D111/><U135/><E135/><V119/><F5/><W44/><G85/><T117/><D117/><U0/><E0/><V23/><F23/><W112/><G112/><T110/><D110/><U33/><E33/><V128/><F128/><W6/><G6/><T63/><D133/><U25/><E25/><V2/><F2/><W131/><G131/><T82/><D1/><U113/><E113/><V80/><F115/><W4/><G4/><T130/><D130/><U94/><E65/><V54/><F54/><N who="1" m="20521" /><E46/><V48/><F48/><W132/><G132/><T134/><D68/><U104/><E38/><V100/><F100/><W81/><G51/><T95/><D134/><U118/><E104/><V108/><F108/><W28/><G102/><T29/><D35/><U45/><E45/><V87/><F119/><W42/><G44/><T122/><D122/><U99/><E118/><V34/><F34/><W49/><G106/><T97/><D31/><U12/><E12/><V84/><F91/><W26/><G28/><T70/><D29/><U83/><E83/><AGARI ba="3,0" hai="36,39,58,59,76,79,80,83,84,87,92,93,101,103" machi="83" ten="25,1600,0" yaku="22,2" doraHai="64" who="2" fromWho="1" sc="232,0,304,-25,232,25,232,0" /><INIT seed="2,0,0,3,4,53" ten="232,279,257,232" oya="2" hai0="68,74,52,85,2,135,92,5,28,41,119,123,11" hai1="89,33,99,65,94,14,27,131,86,87,121,134,12" hai2="35,49,111,104,91,7,59,54,129,13,50,133,25" hai3="0,6,51,44,70,30,126,79,115,127,19,98,23"/><V132/><F104/><W39/><G39/><T117/><D74/><U56/><E121/><V124/><F129/><W1/><G70/><T45/><D68/><U62/><E131/><V96/><F124/><W9/><G79/><T26/><D123/><U29/><E134/><N who="2" m="51819" /><F25/><W8/><G98/><T120/><D135/><U67/><E67/><V77/><F35/><W43/><G115/><T76/><D120/><U37/><E37/><V128/><F77/><W31/><G43/><T114/><D114/><U101/><REACH who="1" step="1"/><E86/><REACH who="1" ten="232,269,257,232" step="2"/><V58/><F128/><W107/><G127/><T106/><D85/><U57/><E57/><N who="2" m="21515" /><F111/><W63/><G126/><T105/><D117/><U60/><E60/><V18/><F7/><W38/><G63/><T32/><D119/><U46/><E46/><V130/><F130/><W109/><G44/><T47/><D45/><U24/><E24/><V97/><F50/><W83/><G51/><T64/><D47/><U80/><AGARI ba="0,1" hai="12,14,27,29,33,56,62,65,80,87,89,94,99,101" machi="80" ten="20,5200,0" yaku="1,1,0,1,7,1,52,1,53,0" doraHai="53" doraHaiUra="102" who="1" fromWho="1" sc="232,-13,269,62,257,-26,232,-13" /><INIT seed="3,0,0,2,1,117" ten="219,331,231,219" oya="3" hai0="44,51,84,67,100,90,64,71,35,79,25,107,37" hai1="99,36,49,104,85,69,109,116,78,111,1,113,12" hai2="27,110,52,134,56,28,86,105,26,9,32,57,30" hai3="11,50,93,103,15,125,55,94,45,95,77,0,20"/><W62/><G0/><T7/><D37/><U59/><E36/><V114/><F114/><W60/><G125/><T31/><D79/><U8/><E69/><V6/><F105/><W102/><G77/><T129/><D129/><U87/><E1/><V115/><F115/><W48/><G20/><T133/><D133/><U120/><E116/><V130/><F130/><W82/><G82/><T89/><D71/><U29/><E29/><V123/><F134/><W24/><G24/><T13/><D90/><U83/><E113/><V73/><F73/><W96/><G50/><T74/><D74/><U91/><E59/><V119/><F119/><W43/><G102/><T128/><D128/><U101/><E49/><V40/><F40/><W122/><G122/><T118/><D118/><U66/><E66/><V75/><F75/><W65/><G43/><T58/><D58/><U97/><E120/><V61/><F123/><W126/><G126/><T92/><D100/><N who="1" m="62479" /><E12/><V4/><F110/><N who="1" m="41993" /><E8/><V2/><F57/><N who="3" m="37007" /><G62/><T108/><D108/><U70/><E70/><V88/><F2/><W81/><G81/><T41/><D107/><N who="1" m="63935" /><E91/><V53/><F9/><W42/><G42/><T3/><D3/><U10/><E10/><V121/><F121/><W16/><AGARI ba="0,0" hai="11,15,16,45,48,55,93,94,95,96,103" m="37007" machi="16" ten="30,3000,0" yaku="8,1,54,1" doraHai="117" who="3" fromWho="3" sc="219,-10,331,-10,231,-10,219,30" /><INIT seed="3,1,0,1,2,70" ten="209,321,221,249" oya="3" hai0="2,72,20,21,98,127,110,49,129,22,133,75,58" hai1="66,28,53,130,103,48,5,78,11,107,117,73,106" hai2="114,132,6,112,69,19,0,24,64,76,14,84,36" hai3="125,101,34,50,35,109,23,51,88,30,10,12,40"/><W123/><G123/><T68/><D68/><U59/><E130/><V9/><F132/><W126/><G101/><T94/><D133/><U128/><E128/><V42/><F64/><W116/><G116/><T32/><D129/><U29/><E117/><V77/><F69/><W97/><G35/><T55/><D32/><U47/><E73/><V90/><F24/><N who="3" m="16671" /><G34/><T38/><D127/><N who="3" m="48649" /><G40/><T121/><D110/><U67/><E78/><V63/><F63/><W86/><G97/><T80/><D121/><U135/><E135/><V81/><F114/><W113/><G113/><T102/><D2/><U17/><E103/><V16/><F112/><W52/><G109/><T105/><D80/><U61/><E106/><V79/><REACH who="2" step="1"/><F0/><REACH who="2" ten="209,321,211,249" step="2"/><W37/><G12/><T93/><D75/><U43/><E67/><V46/><AGARI ba="1,1" hai="6,9,14,16,19,36,42,46,76,77,79,81,84,90" machi="46" ten="30,8000,1" yaku="1,1,2,1,0,1,52,1,54,1,53,0" doraHai="70" doraHaiUra="120" who="2" fromWho="2" sc="209,-21,321,-21,211,93,249,-41" /><INIT seed="4,0,0,0,1,84" ten="188,300,304,208" oya="0" hai0="44,90,103,133,62,108,99,3,15,42,85,68,63" hai1="60,110,20,67,93,135,126,6,107,114,8,123,86" hai2="47,113,82,74,7,16,75,27,0,56,111,52,57" hai3="41,64,58,49,78,32,54,59,5,125,9,37,33"/><T100/><D133/><U109/><E107/><V127/><F111/><W46/><G125/><T72/><D108/><U4/><E123/><V116/><F127/><W117/><G117/><T71/><D3/><U21/><E126/><V106/><F106/><W87/><G59/><T10/><D72/><U92/><E135/><V38/><F116/><W66/><G66/><T102/><D68/><U88/><E114/><V98/><F98/><W61/><G78/><T34/><D34/><U94/><E110/><V89/><F113/><W1/><REACH who="3" step="1"/><G87/><REACH who="3" ten="188,300,304,198" step="2"/><T51/><D71/><U81/><E109/><V132/><F132/><W53/><G53/><T45/><D45/><U26/><E21/><V77/><F56/><W35/><G35/><T22/><D22/><U18/><REACH who="1" step="1"/><E8/><REACH who="1" ten="188,290,304,198" step="2"/><N who="2" m="2151" /><F75/><W76/><G76/><T104/><D104/><U96/><E96/><V11/><F74/><W2/><G2/><T19/><REACH who="0" step="1"/><D99/><REACH who="0" ten="178,290,304,198" step="2"/><U14/><E14/><V83/><F11/><W55/><G55/><T23/><D23/><U97/><E97/><V40/><F52/><W128/><G128/><T12/><D12/><U28/><E28/><V79/><F40/><W70/><AGARI ba="0,3" hai="1,5,9,32,33,37,41,46,49,54,58,61,64,70" machi="70" ten="20,12000,2" yaku="1,1,0,1,7,1,24,2,53,1" doraHai="84" doraHaiUra="39" who="3" fromWho="3" sc="178,-60,290,-30,304,-30,198,150" /><INIT seed="5,0,0,0,1,106" ten="118,260,274,348" oya="1" hai0="88,130,61,28,6,89,65,67,62,22,45,56,30" hai1="50,2,47,29,53,105,114,110,1,52,25,96,54" hai2="75,122,118,129,134,48,31,71,72,44,97,76,91" hai3="39,116,100,3,81,125,128,123,78,64,32,18,0"/><U94/><E105/><V60/><F118/><W9/><G123/><T14/><D130/><U102/><E110/><V34/><F122/><W10/><G39/><T19/><D6/><U93/><E114/><V4/><F76/><W109/><G109/><T68/><D45/><U40/><REACH who="1" step="1"/><E93/><REACH who="1" ten="118,250,274,348" step="2"/><V87/><F129/><W23/><G128/><T126/><D126/><U115/><E115/><V12/><F134/><W84/><G125/><T77/><D77/><U85/><E85/><V80/><F97/><W127/><G127/><T70/><D56/><U21/><AGARI ba="0,1" hai="1,2,21,25,29,40,47,50,52,53,54,94,96,102" machi="21" ten="30,6000,0" yaku="1,1,0,1,54,1,53,0" doraHai="106" doraHaiUra="55" who="1" fromWho="1" sc="118,-20,250,70,274,-20,348,-20" /><INIT seed="5,1,0,4,3,85" ten="98,320,254,328" oya="1" hai0="130,27,91,123,56,107,117,63,35,19,1,59,57" hai1="58,42,33,103,14,62,76,90,69,125,70,61,36" hai2="55,89,120,64,119,45,93,106,131,118,101,68,26" hai3="13,41,75,22,99,7,115,132,15,105,4,74,39"/><U6/><E33/><V94/><F120/><W84/><G132/><T98/><D117/><U16/><E76/><V51/><F131/><W128/><G128/><T46/><D123/><U25/><E103/><V2/><F2/><W53/><G115/><T96/><D1/><U104/><E104/><V88/><F106/><W65/><G65/><T24/><D130/><U40/><E125/><V3/><F3/><W81/><G53/><T47/><D63/><U116/><E116/><V72/><F72/><W43/><G39/><T83/><D107/><U124/><E124/><V23/><F93/><W73/><G99/><T50/><D35/><U92/><E70/><V134/><F134/><W87/><G105/><T112/><D112/><U82/><E69/><V78/><F78/><W79/><G84/><T110/><D110/><U135/><E82/><V8/><F8/><W126/><G126/><T127/><D127/><U113/><E61/><V11/><F11/><W71/><G71/><T122/><D122/><U48/><E48/><V100/><F118/><W28/><G7/><T9/><D46/><U21/><E36/><V12/><F12/><W109/><G109/><T121/><D121/><U133/><E113/><V80/><F119/><W38/><G38/><T0/><D0/><U52/><E133/><V10/><F10/><W108/><G108/><T97/><D9/><N who="1" m="4407" /><E135/><V30/><F68/><W95/><G4/><T114/><D114/><U77/><E77/><V49/><F49/><W18/><G13/><T20/><D24/><U29/><E29/><V67/><F67/><W66/><G66/><RYUUKYOKU ba="1,0" sc="98,-10,320,30,254,-10,328,-10" hai1="16,21,25,40,42,52,58,62,90,92" /><INIT seed="5,2,0,2,3,100" ten="88,350,244,318" oya="1" hai0="135,59,70,7,130,19,40,104,93,67,106,55,84" hai1="53,31,8,77,66,44,20,11,21,87,111,122,41" hai2="14,76,38,15,22,5,82,118,63,74,45,110,25" hai3="29,92,80,91,78,2,1,32,56,61,117,30,121"/><U123/><E66/><V58/><F110/><W0/><G121/><T133/><D7/><U13/><E111/><V26/><F118/><W75/><G117/><T86/><D40/><U109/><E109/><V81/><F81/><W115/><G115/><T35/><D35/><U39/><E11/><V51/><F38/><W96/><REACH who="3" step="1"/><G32/><REACH who="3" ten="88,350,244,308" step="2"/><T24/><D130/><U6/><E123/><V57/><F25/><W17/><G17/><T60/><D19/><U64/><E122/><V46/><F5/><W105/><G105/><N who="0" m="40555" /><D24/><U37/><E6/><V72/><F14/><W65/><AGARI ba="2,1" hai="0,1,2,29,30,56,61,65,75,78,80,91,92,96" machi="65" ten="30,2000,0" yaku="1,1,0,1,53,0" doraHai="100" doraHaiUra="116" who="3" fromWho="3" sc="88,-7,350,-12,244,-7,308,36" /><INIT seed="6,0,0,4,1,64" ten="81,338,237,344" oya="2" hai0="26,81,73,129,57,121,31,37,108,12,101,50,5" hai1="118,1,111,52,123,107,113,71,25,134,35,6,109" hai2="28,102,120,130,67,122,68,4,85,62,40,110,8" hai3="15,53,56,77,16,41,0,105,87,11,54,58,19"/><V34/><F130/><W88/><G0/><T10/><D121/><U128/><E25/><V83/><F40/><W33/><G105/><T115/><D108/><U29/><E29/><V48/><F48/><N who="3" m="30759" /><G33/><T13/><D129/><U94/><E6/><V91/><F110/><W133/><G133/><T98/><D115/><U42/><E94/><V104/><F8/><W75/><G75/><T106/><D37/><U38/><E52/><V82/><F4/><N who="3" m="3559" /><G77/><T9/><D73/><U17/><E17/><V2/><F2/><W135/><G135/><T103/><D81/><U97/><E97/><N who="2" m="61519" /><F83/><N who="3" m="49279" /><G41/><T76/><D76/><U100/><E42/><V14/><F14/><W86/><G86/><T69/><D69/><U43/><E43/><V96/><F96/><W59/><G59/><T23/><D98/><U18/><E100/><V55/><F55/><W79/><G79/><T116/><D106/><U132/><E132/><V124/><F124/><W114/><G114/><T7/><D116/><U30/><E111/><V60/><F60/><AGARI ba="0,0" hai="16,19,54,58,60" m="49279,3559,30759" machi="60" ten="30,3900,0" yaku="8,1,54,2" doraHai="64" who="3" fromWho="2" sc="81,0,338,0,237,-39,344,39" /><INIT seed="7,0,0,3,1,31" ten="81,338,198,383" oya="3" hai0="63,117,20,39,115,124,100,50,54,36,74,135,112" hai1="30,73,11,81,49,92,125,122,88,23,59,101,52" hai2="29,57,8,19,62,13,67,37,53,38,111,86,10" hai3="14,120,80,127,21,45,129,46,95,28,2,116,89"/><W7/><G120/><T113/><D74/><U106/><E122/><V134/><F111/><W82/><G116/><T72/><D72/><U104/><E125/><V66/><F134/><W79/><G129/><T78/><D78/><U61/><E104/><V44/><F29/><W12/><G2/><T105/><D100/><U107/><E107/><V40/><F10/><N who="3" m="4191" /><G79/><T75/><D105/><U128/><E106/><V9/><F8/><W24/><G14/><T126/><D75/><U90/><E128/><V99/><F99/><N who="3" m="57839" /><G127/><N who="0" m="48683" /><D117/><U32/><E32/><V47/><F86/><W77/><G77/><T94/><D20/><U64/><E73/><V87/><F87/><W48/><G46/><N who="0" m="27991" /><D94/><U60/><E81/><V65/><F65/><W27/><G27/><T91/><D91/><N who="1" m="34859" /><E11/><V76/><F76/><W69/><G69/><T114/><D135/><U123/><E123/><V68/><F9/><W1/><G1/><T108/><N who="0" m="29184" /><DORA hai="84" /><T58/><D108/><U3/><E3/><V6/><F6/><W97/><G97/><T119/><D119/><U35/><E35/><V121/><F121/><W43/><AGARI ba="0,0" hai="21,24,28,43,45,48,80,82" m="57839,4191" machi="43" ten="30,3000,0" yaku="8,1,52,1" doraHai="31,84" who="3" fromWho="3" sc="81,-10,338,-10,198,-10,383,30" owari="71,-43.0,328,13.0,188,-21.0,413,51.0" /></mjloggm>