<mjloggm ver="2.3"><GO type="41" lobby="0"/><UN n0="%E3%82%B8%E3%83%A7%E3%83%B3%E4%B8%87%E6%AC%A1%E9%83%8E" n1="%E3%83%8F%E3%82%A4%E3%83%86%E3%83%B3%E3%83%9C%E3%83%BC" n2="%E5%B0%B1%E6%B4%BB%E7%94%9F%40%E5%B7%9D%E6%9D%91%E8%BB%8D%E5%9B%A3" n3="%E8%8D%92%E5%9F%8E" dan="15,14,16,13" rate="2131.49,2019.84,2115.95,1867.39" sx="M,M,M,M"/><TAIKYOKU oya="0"/><INIT seed="0,0,0,5,0,101" ten="250,250,250,250" oya="0" hai0="76,114,93,103,41,130,7,96,6,55,0,102,128" hai1="88,89,16,115,37,2,43,53,45,127,47,135,3" hai2="64,11,104,134,9,66,97,48,19,63,50,65,126" hai3="24,56,21,95,22,79,111,75,34,124,46,42,100"/><T12/><D114/><U26/><E115/><V98/><F126/><W39/><G111/><T87/><D0/><U82/><E127/><V35/><F35/><W8/><G124/><T94/><D41/><U74/><E135/><V121/><F121/><W99/><G56/><T20/><D55/><U109/><E109/><V68/><F134/><W28/><G75/><T84/><D20/><U120/><E120/><V18/><F63/><W118/><G118/><T49/><D49/><N who="2" m="19050" /><F104/><W25/><G79/><T30/><D30/><U108/><E47/><V112/><F68/><W58/><G58/><T73/><D12/><U71/><E71/><V67/><N who="2" m="16896" /><DORA hai="132" /><V85/><F85/><N who="0" m="32842" /><D6/><U90/><E53/><V125/><F125/><W92/><G92/><N who="0" m="35435" /><D7/><U23/><REACH who="1" step="1"/><E108/><REACH who="1" ten="250,240,250,250" step="2"/><V69/><F69/><W10/><REACH who="3" step="1"/><G34/><REACH who="3" ten="250,240,250,240" step="2"/><T27/><D130/><U57/><E57/><V36/><F112/><W31/><AGARI ba="0,2" hai="8,10,21,22,24,25,28,31,39,42,46,95,99,100" machi="31" ten="20,8000,1" yaku="1,1,2,1,0,1,7,1,9,1,53,0" doraHai="101,132" doraHaiUra="77,32" who="3" fromWho="3" sc="250,-40,240,-20,250,-20,240,100" /><INIT seed="1,0,0,1,0,113" ten="210,220,230,340" oya="1" hai0="53,118,78,59,76,26,108,44,69,126,123,18,19" hai1="68,95,7,50,23,15,10,70,56,89,29,64,36" hai2="86,30,93,98,79,115,65,91,119,104,45,106,90" hai3="101,55,22,60,1,0,97,37,102,40,71,61,6"/><U130/><E36/><V38/><F115/><W94/><G71/><T128/><D69/><U49/><E130/><V99/><F65/><W13/><G37/><T62/><D128/><U81/><E81/><N who="2" m="47423" /><F38/><W133/><G133/><T2/><D2/><U110/><E70/><V43/><F43/><W75/><G75/><T8/><D123/><U57/><E68/><V100/><F45/><W74/><G74/><T20/><D108/><U85/><E110/><V129/><F30/><W132/><G132/><T120/><D120/><U34/><E34/><V46/><F46/><W66/><G40/><T4/><D126/><U72/><E72/><V32/><F32/><W92/><G0/><T135/><D135/><U25/><E57/><V14/><F14/><W83/><G83/><T5/><D118/><U88/><REACH who="1" step="1"/><E89/><REACH who="1" ten="210,210,230,340" step="2"/><N who="2" m="33803" /><F129/><W84/><G66/><T63/><D59/><U67/><E67/><V27/><F119/><W47/><G47/><T109/><D109/><U131/><E131/><V39/><F39/><W87/><G61/><AGARI ba="0,1" hai="7,10,15,23,25,29,49,50,56,61,64,85,88,95" machi="61" ten="40,7700,0" yaku="1,1,8,1,54,1,53,0" doraHai="113" doraHaiUra="41" who="1" fromWho="3" sc="210,0,210,87,230,0,340,-77" /><INIT seed="1,1,0,2,0,20" ten="210,297,230,263" oya="1" hai0="44,30,128,60,58,68,45,79,74,130,10,25,90" hai1="41,84,78,69,6,123,21,63,49,106,100,35,26" hai2="50,118,97,85,47,65,17,5,112,57,99,88,108" hai3="86,126,120,18,48,121,59,125,92,105,46,134,93"/><U7/><E123/><N who="3" m="47178" /><G59/><T16/><D68/><U1/><E35/><V114/><F118/><W131/><G18/><T76/><D90/><U33/><E33/><V52/><F108/><W53/><G105/><T32/><D44/><U51/><E1/><V38/><F5/><W83/><G46/><T27/><D45/><U66/><E41/><N who="2" m="22967" /><F17/><W3/><G3/><T122/><D122/><U119/><E119/><V107/><F107/><W8/><G48/><T124/><D124/><N who="3" m="47721" /><G8/><T19/><D19/><U127/><E127/><V61/><F99/><W133/><G53/><T109/><D109/><U29/><E7/><V55/><F97/><W4/><G4/><T40/><D40/><U34/><E21/><V132/><F132/><N who="3" m="50795" /><G131/><T72/><D128/><U42/><E6/><V110/><F110/><W24/><G24/><T67/><D130/><U94/><E42/><V71/><F55/><W111/><G111/><T15/><REACH who="0" step="1"/><D27/><REACH who="0" ten="200,297,230,263" step="2"/><U115/><E26/><V70/><F70/><W135/><N who="3" m="50803" /><W56/><DORA hai="28" /><G56/><T103/><D103/><U2/><E100/><V81/><AGARI ba="1,1" hai="50,52,57,61,65,71,81,85,88,112,114" m="22967" machi="81" ten="30,4000,0" yaku="24,1,54,2" doraHai="20,28" who="2" fromWho="2" sc="200,-11,297,-21,230,53,263,-11" /><INIT seed="2,0,0,3,3,130" ten="189,276,283,252" oya="2" hai0="33,9,54,40,128,83,27,34,133,107,78,97,44" hai1="25,4,103,8,32,57,91,53,76,116,29,21,89" hai2="113,46,106,2,56,102,86,126,13,95,35,5,75" hai3="71,99,115,64,81,82,6,120,30,90,135,60,112"/><V101/><F113/><W63/><G120/><T127/><D128/><U123/><E116/><V1/><F75/><W24/><G6/><T43/><D133/><U109/><E123/><V77/><F35/><W22/><G60/><T73/><D127/><U55/><E76/><V65/><F106/><W84/><G99/><T15/><D54/><U70/><E70/><V129/><F129/><W124/><G124/><T67/><D67/><U88/><E103/><V125/><F46/><W131/><G131/><T117/><D117/><U72/><E72/><V18/><F5/><W37/><G37/><T41/><D44/><U114/><E114/><N who="3" m="43562" /><G81/><T19/><REACH who="0" step="1"/><D27/><REACH who="0" ten="179,276,283,252" step="2"/><U36/><E55/><V12/><F65/><W118/><G118/><T68/><D68/><U61/><E109/><V98/><F125/><W10/><G10/><T108/><D108/><U74/><E74/><V51/><F126/><W105/><G105/><T85/><D85/><U100/><E100/><AGARI ba="0,1" hai="9,15,19,33,34,40,41,43,73,78,83,97,100,107" machi="100" ten="40,2600,0" yaku="1,1,53,1" doraHai="130" doraHaiUra="14" who="0" fromWho="1" sc="179,36,276,-26,283,0,252,0" /><INIT seed="3,0,0,4,5,50" ten="215,250,283,252" oya="3" hai0="38,95,33,18,12,103,25,126,22,45,66,123,70" hai1="47,17,29,56,129,114,23,4,89,51,36,75,52" hai2="125,133,107,14,80,93,128,102,54,24,3,117,96" hai3="79,99,20,31,131,64,91,71,83,48,42,43,39"/><W101/><G131/><T32/><D123/><U63/><E114/><V87/><F3/><W55/><G39/><T73/><D73/><U134/><E75/><V116/><F128/><W108/><G108/><T121/><D121/><U2/><E36/><V34/><F133/><W78/><G71/><T100/><D126/><U130/><E29/><V113/><F113/><W53/><G64/><T122/><D122/><U86/><E2/><V127/><F14/><W65/><G65/><T88/><D70/><U92/><E4/><V124/><F107/><W67/><G67/><T81/><D66/><U109/><E109/><V19/><F19/><W61/><G101/><T97/><D81/><U9/><E9/><V74/><F74/><W77/><G20/><T69/><D69/><U90/><E134/><V76/><REACH who="2" step="1"/><F54/><REACH who="2" ten="215,250,273,252" step="2"/><N who="3" m="20491" /><G31/><AGARI ba="0,1" hai="24,31,34,76,80,87,93,96,102,116,117,124,125,127" machi="31" ten="40,2600,0" yaku="1,1,18,1,53,0" doraHai="50" doraHaiUra="111" who="2" fromWho="3" sc="215,0,250,0,273,36,252,-26" /><INIT seed="4,0,0,4,4,50" ten="215,250,309,226" oya="0" hai0="125,90,76,119,86,36,40,5,115,47,15,38,66" hai1="108,20,103,24,93,87,25,114,75,21,12,19,16" hai2="30,46,27,134,77,80,4,56,7,131,49,11,62" hai3="9,59,13,44,120,95,130,97,121,0,94,110,74"/><T112/><D119/><U18/><E75/><V34/><F131/><W99/><G74/><T117/><D117/><U133/><E108/><V28/><F134/><W70/><G0/><T128/><D128/><U111/><E111/><V1/><F30/><W68/><G130/><T63/><D125/><U23/><E133/><V96/><F96/><N who="3" m="36939" /><G110/><T98/><D38/><U43/><E114/><N who="0" m="43561" /><D98/><U124/><E124/><V39/><F39/><W72/><G72/><T92/><D76/><U45/><E103/><V48/><F7/><W104/><G44/><T67/><D63/><U6/><E6/><V14/><F1/><W78/><G78/><T8/><AGARI ba="0,0" hai="5,8,15,36,40,47,66,67,86,90,92" m="43561" machi="8" ten="30,1500,0" yaku="15,1" doraHai="50" who="0" fromWho="0" sc="215,15,250,-5,309,-5,226,-5" /><INIT seed="4,1,0,4,3,135" ten="230,245,304,221" oya="0" hai0="124,24,46,20,37,10,0,104,117,79,96,66,70" hai1="53,56,84,23,113,114,58,57,52,120,69,54,3" hai2="80,121,32,7,15,31,100,22,95,88,81,83,55" hai3="101,60,92,90,39,14,50,43,16,97,59,6,25"/><T105/><D117/><U34/><E34/><V126/><F121/><W98/><G39/><T106/><D79/><U128/><E3/><V94/><F32/><W29/><G6/><T112/><D112/><N who="1" m="43115" /><E120/><V1/><F126/><W11/><G43/><T110/><D110/><U38/><E84/><N who="2" m="52487" /><F1/><W21/><G50/><T123/><D123/><U87/><E23/><V41/><F41/><W103/><REACH who="3" step="1"/><G98/><REACH who="3" ten="230,245,304,211" step="2"/><T65/><D96/><U86/><E38/><V125/><F7/><W133/><G133/><T75/><D37/><U45/><E87/><V108/><F108/><W93/><G93/><T111/><D111/><U91/><E128/><V99/><F125/><W48/><G48/><T67/><D124/><U74/><E74/><V42/><F42/><W78/><G78/><T134/><D75/><U44/><E69/><V5/><F5/><W72/><G72/><T85/><D134/><U36/><E36/><V40/><F40/><W19/><G19/><N who="0" m="12319" /><D85/><U9/><E9/><V8/><F8/><W64/><AGARI ba="1,1" hai="11,14,16,21,25,29,59,60,64,90,92,97,101,103" machi="64" ten="20,8000,1" yaku="1,1,0,1,7,1,8,1,54,1,53,0" doraHai="135" doraHaiUra="122" who="3" fromWho="3" sc="230,-41,245,-21,304,-21,211,93" /><INIT seed="5,0,0,3,4,13" ten="189,224,283,304" oya="1" hai0="117,133,134,74,10,85,70,84,3,30,43,20,113" hai1="5,69,95,48,97,107,123,47,79,14,132,2,105" hai2="99,94,0,21,103,104,120,121,16,129,78,24,55" hai3="39,88,49,63,81,58,76,98,31,18,40,8,130"/><U124/><E123/><V89/><F0/><W36/><G130/><T35/><D74/><U127/><E69/><V50/><F129/><W53/><G31/><T122/><D117/><U12/><E2/><V110/><F78/><W96/><G39/><T73/><D73/><U26/><E79/><V62/><F110/><W45/><G36/><T34/><D70/><U22/><E132/><N who="0" m="50793" /><D122/><U116/><E116/><V87/><F62/><W44/><G45/><AGARI ba="0,0" hai="16,21,24,45,50,55,87,89,94,99,103,104,120,121" machi="45" ten="30,3900,0" yaku="7,1,52,1,54,1" doraHai="13" who="2" fromWho="3" sc="189,0,224,0,283,39,304,-39" /><INIT seed="6,0,0,3,5,41" ten="189,224,322,265" oya="2" hai0="64,102,45,115,48,13,130,39,73,74,23,121,131" hai1="47,124,90,6,103,79,100,19,101,44,113,97,22" hai2="127,80,96,133,71,98,70,42,83,112,32,49,27" hai3="14,1,114,76,10,50,16,52,20,135,62,122,51"/><V0/><F0/><W21/><G122/><T110/><D110/><U134/><E6/><V28/><F112/><W92/><G114/><T34/><D34/><U123/><E113/><V87/><F127/><W30/><G1/><T77/><D121/><U104/><E123/><V11/><F133/><W129/><G135/><T56/><D115/><U58/><E134/><V66/><F11/><W60/><G129/><N who="0" m="49163" /><D102/><U31/><E31/><V18/><F18/><W35/><G35/><T68/><D77/><U25/><E79/><V43/><F83/><W132/><G132/><T61/><D13/><U33/><E33/><V95/><F66/><W46/><G76/><T106/><D106/><U89/><E124/><V93/><F93/><W116/><G116/><T54/><D23/><N who="3" m="8777" /><G30/><T119/><D119/><U2/><E2/><V12/><F12/><W107/><G107/><T105/><D105/><U84/><E104/><V55/><F71/><W86/><G51/><T69/><D69/><U29/><E29/><V94/><F70/><W81/><G81/><T38/><D38/><U53/><E97/><V72/><F72/><W57/><G57/><T91/><D91/><AGARI ba="0,0" hai="10,14,16,46,50,52,60,62,86,91,92" m="8777" machi="91" ten="30,7700,0" yaku="8,1,52,1,54,2" doraHai="41" who="3" fromWho="0" sc="189,-77,224,0,322,0,265,77" /><INIT seed="7,0,0,3,1,135" ten="112,224,322,342" oya="3" hai0="23,29,22,19,93,1,77,5,133,102,60,34,31" hai1="94,14,84,105,35,81,48,70,85,6,78,32,114" hai2="64,120,87,55,44,130,45,82,104,25,127,111,80" hai3="126,69,56,121,16,52,36,74,96,129,98,42,119"/><W33/><G121/><T103/><D77/><U0/><E105/><V71/><F127/><W88/><G119/><T10/><D60/><U95/><E70/><V125/><F125/><W97/><G74/><T54/><D54/><U51/><E0/><V7/><F104/><W67/><G126/><T43/><D43/><U109/><E109/><V4/><F120/><W57/><G129/><T116/><D93/><U53/><E114/><V99/><F130/><W28/><G33/><T128/><D102/><U89/><E51/><V117/><F111/><W131/><G131/><T40/><D103/><U61/><E61/><V27/><F117/><W62/><G28/><N who="0" m="10827" /><D40/><U41/><E95/><V113/><F113/><W91/><G16/><T13/><D116/><U38/><E38/><V76/><F99/><W63/><REACH who="3" step="1"/><G69/><REACH who="3" ten="112,224,322,332" step="2"/><T49/><D128/><U39/><E35/><V108/><F108/><W90/><G90/><T17/><D133/><U115/><E32/><V47/><F71/><W65/><G65/><T26/><D49/><U75/><E115/><V110/><F110/><W11/><G11/><N who="0" m="2479" /><D34/><U122/><E122/><V134/><F134/><W3/><G3/><T46/><D46/><AGARI ba="0,1" hai="36,42,46,52,56,57,62,63,67,88,91,96,97,98" machi="46" ten="40,7700,0" yaku="1,1,54,2,53,0" doraHai="135" doraHaiUra="118" who="3" fromWho="0" sc="112,-77,224,0,322,0,332,87" owari="35,-46.0,224,-18.0,322,12.0,419,52.0" /></mjloggm>