<mjloggm ver="2.3"><GO type="169" lobby="0"/><UN n0="%4D%6F%67%65%72%61" n1="%6E%61%63%6F%6D%61%69%69" n2="%E5%B0%B1%E6%B4%BB%E7%94%9F%40%E5%B7%9D%E6%9D%91%E8%BB%8D%E5%9B%A3" n3="%E3%81%BF%E3%81%A9%E3%82%8A%E8%8C%B6" dan="16,16,16,16" rate="2155.32,2083.60,2041.47,2163.07" sx="F,F,M,M"/><TAIKYOKU oya="0"/><INIT seed="0,0,0,1,2,25" ten="250,250,250,250" oya="0" hai0="70,78,9,84,79,117,91,53,114,129,135,59,130" hai1="40,55,116,106,90,13,124,49,50,125,41,86,115" hai2="52,47,105,132,31,103,29,14,44,66,122,1,95" hai3="8,12,111,128,89,83,33,134,74,109,68,80,32"/><T76/><D114/><U35/><E106/><V65/><F105/><W73/><G68/><T7/><D70/><U96/><E116/><V64/><F1/><W102/><G102/><T10/><D117/><U63/><E35/><V56/><F122/><W104/><G104/><T0/><D135/><U108/><E96/><N who="2" m="59807" /><F132/><W85/><G134/><T18/><D18/><U82/><E115/><V112/><F112/><W38/><G38/><T19/><D19/><U87/><E108/><N who="3" m="41546" /><G128/><T133/><D10/><U92/><E63/><N who="2" m="36231" /><F14/><W110/><G110/><T72/><D133/><U15/><E49/><V27/><F27/><W67/><G67/><T4/><D72/><N who="3" m="27753" /><G83/><T22/><D7/><AGARI ba="0,0" hai="7,8,12,32,33,80,85,89" m="27753,41546" machi="7" ten="30,1000,0" yaku="14,1" doraHai="25" who="3" fromWho="0" sc="250,-10,250,0,250,0,250,10" /><INIT seed="1,0,0,4,2,123" ten="240,250,250,260" oya="1" hai0="51,87,1,35,102,11,41,116,98,34,36,118,55" hai1="96,85,108,30,44,50,20,104,8,80,78,72,133" hai2="61,88,107,22,56,18,2,52,45,26,62,74,135" hai3="89,114,105,53,23,120,29,68,60,12,16,92,28"/><U79/><E133/><V134/><F107/><W32/><G114/><T124/><D124/><U47/><E8/><V99/><F74/><W101/><G120/><T126/><D126/><U128/><E128/><V17/><F2/><W77/><G77/><T58/><D41/><U5/><E5/><V115/><F115/><W109/><G109/><T97/><D36/><U127/><E127/><V112/><F112/><W69/><G69/><T25/><D87/><U65/><E65/><V6/><F6/><W106/><G106/><T70/><D70/><U38/><E38/><V46/><F17/><W100/><G100/><T49/><D49/><U84/><E96/><V13/><F13/><W10/><G10/><T75/><D75/><U24/><E104/><V33/><F33/><W111/><G111/><T119/><D25/><U83/><E108/><V86/><F62/><W31/><G105/><T64/><D64/><U37/><E37/><V19/><F19/><W81/><G101/><T57/><D57/><U0/><E0/><V15/><F15/><W9/><G81/><T7/><REACH who="0" step="1"/><D102/><REACH who="0" ten="230,250,250,260" step="2"/><U94/><E50/><V21/><F86/><N who="3" m="52279" /><G68/><T130/><D130/><U95/><E72/><V43/><F22/><W132/><G23/><T82/><D82/><U40/><E40/><V131/><F131/><W125/><G125/><T73/><D73/><U4/><E4/><V39/><REACH who="2" step="1"/><F45/><AGARI ba="0,1" hai="20,24,30,44,45,47,78,79,80,83,84,85,94,95" machi="45" ten="40,3900,0" yaku="9,1,8,1" doraHai="123" who="1" fromWho="2" sc="230,0,250,49,250,-39,260,0" /><INIT seed="1,1,0,5,5,65" ten="230,299,211,260" oya="1" hai0="124,100,123,64,58,82,66,34,76,86,89,40,59" hai1="26,15,121,6,0,33,52,85,81,61,8,104,29" hai2="79,133,90,2,105,72,48,28,130,38,50,12,5" hai3="102,120,88,109,97,42,75,129,45,95,93,80,74"/><U117/><E104/><V56/><F38/><W32/><G32/><T131/><D34/><U10/><E117/><V11/><F105/><W1/><G120/><T3/><D123/><U91/><E121/><V78/><F130/><W101/><G1/><T16/><D3/><U87/><E85/><V115/><F115/><W135/><G129/><T47/><D131/><U60/><REACH who="1" step="1"/><E52/><REACH who="1" ten="230,289,211,260" step="2"/><N who="2" m="31751" /><F72/><W63/><G75/><T46/><D86/><U27/><E27/><V134/><F133/><W70/><G74/><T21/><D66/><U43/><E43/><V9/><F134/><W125/><G42/><T35/><D64/><U103/><E103/><V23/><F2/><W55/><G102/><T67/><D40/><U31/><E31/><V132/><F132/><W53/><G101/><T19/><D67/><U4/><AGARI ba="1,1" hai="0,4,6,8,10,15,26,29,33,60,61,81,87,91" machi="4" ten="20,3900,0" yaku="1,1,0,1,7,1,53,0" doraHai="65" doraHaiUra="122" who="1" fromWho="1" sc="230,-14,289,52,211,-14,260,-14" /><INIT seed="1,2,0,1,5,120" ten="216,341,197,246" oya="1" hai0="15,107,61,126,46,60,35,62,70,83,38,18,53" hai1="96,49,130,75,131,123,71,21,101,11,25,13,98" hai2="86,118,103,40,102,116,121,8,74,124,16,115,17" hai3="20,76,33,0,89,50,7,52,79,135,55,22,26"/><U122/><E75/><V129/><F74/><W99/><G135/><T63/><D35/><U105/><E71/><V119/><F121/><W88/><G33/><T29/><D29/><U1/><E1/><V91/><F124/><W56/><G0/><T127/><D107/><U31/><E96/><V5/><F129/><N who="1" m="49161" /><E49/><V84/><F40/><W100/><G7/><AGARI ba="2,0" hai="7,11,13,21,25,31,98,101,105,122,123" m="49161" machi="7" ten="30,1500,0" yaku="19,1" doraHai="120" who="1" fromWho="3" sc="216,0,341,21,197,0,246,-21" /><INIT seed="1,3,0,0,2,55" ten="216,362,197,225" oya="1" hai0="22,101,66,129,104,69,20,64,46,3,23,32,115" hai1="93,10,77,132,76,127,43,12,107,45,112,135,25" hai2="38,81,117,75,18,123,88,11,16,60,118,62,111" hai3="128,1,33,85,100,39,4,120,28,79,114,74,52"/><U121/><E112/><V72/><F123/><W119/><G120/><T83/><D115/><U48/><E107/><V50/><F38/><W130/><G114/><T24/><D3/><U36/><E127/><V8/><F50/><W87/><G39/><T58/><D129/><U80/><E121/><V26/><F111/><W122/><G122/><T13/><D46/><U5/><E36/><V134/><F134/><N who="1" m="51241" /><E93/><V113/><F26/><W14/><G1/><T131/><D131/><U30/><E80/><V19/><F113/><W51/><G119/><T31/><D13/><U47/><E45/><V105/><F105/><W15/><G15/><T78/><D66/><U41/><E41/><V34/><F34/><AGARI ba="3,0" hai="5,10,12,25,30,34,43,47,48,76,77" m="51241" machi="34" ten="30,1500,0" yaku="20,1" doraHai="55" who="1" fromWho="2" sc="216,0,362,24,197,-24,225,0" /><INIT seed="1,4,0,2,2,90" ten="216,386,173,225" oya="1" hai0="101,32,106,69,41,7,74,17,92,95,44,20,65" hai1="88,6,58,43,45,110,85,103,33,34,5,3,64" hai2="80,4,21,131,102,47,76,68,84,118,11,2,77" hai3="31,48,86,75,82,10,99,73,79,117,55,60,122"/><U124/><E124/><V107/><F118/><W63/><G122/><T61/><D74/><U62/><E103/><V27/><F131/><W28/><G117/><T91/><D32/><U50/><E110/><V87/><F68/><W100/><G75/><T23/><D7/><U116/><E116/><V97/><F47/><W108/><G108/><T29/><D29/><U57/><E3/><V71/><F71/><W59/><G10/><T133/><D133/><U46/><E34/><V135/><F135/><W30/><REACH who="3" step="1"/><G73/><REACH who="3" ten="216,386,173,215" step="2"/><T1/><D1/><U129/><E129/><V19/><REACH who="2" step="1"/><F84/><REACH who="2" ten="216,386,163,215" step="2"/><W119/><G119/><T49/><D69/><U14/><E46/><V40/><F40/><W54/><G54/><T115/><D44/><U123/><E45/><V132/><F132/><W39/><G39/><T83/><D41/><U25/><E43/><V105/><F105/><AGARI ba="4,2" hai="28,30,31,48,55,59,60,63,79,82,86,99,100,105" machi="105" ten="40,1300,0" yaku="1,1,53,0" doraHai="90" doraHaiUra="15" who="3" fromWho="2" sc="216,0,386,0,163,-25,215,45" /><INIT seed="2,0,0,4,4,116" ten="216,386,138,260" oya="2" hai0="80,60,4,43,114,14,122,74,26,9,59,96,119" hai1="51,58,106,134,28,88,67,104,95,65,113,24,56" hai2="63,135,50,13,41,111,49,125,53,108,5,15,94" hai3="109,81,17,68,82,61,27,20,21,55,77,54,93"/><V110/><F125/><W75/><G109/><T79/><D114/><U35/><E134/><V37/><F135/><W127/><G127/><T73/><D119/><U98/><E113/><V34/><F34/><W31/><G81/><T99/><D74/><U72/><E72/><V78/><F78/><W89/><G68/><T22/><D43/><U40/><E40/><V18/><F37/><W112/><G112/><T66/><REACH who="0" step="1"/><D122/><REACH who="0" ten="206,386,138,260" step="2"/><U3/><E3/><V46/><F63/><W120/><G61/><T133/><D133/><U76/><E106/><V131/><F131/><W32/><G120/><T48/><D48/><U69/><E104/><V92/><F5/><W57/><G75/><T87/><D87/><U6/><E51/><V90/><F90/><W123/><G123/><T128/><D128/><U47/><E88/><V33/><F33/><W30/><G89/><T117/><D117/><U45/><E35/><V1/><F1/><W19/><G32/><T102/><D102/><U91/><E6/><V71/><F71/><W97/><G97/><T115/><D115/><U107/><E69/><V129/><F129/><W0/><G77/><T44/><D44/><U36/><E47/><N who="2" m="27839" /><F13/><W12/><G12/><T132/><D132/><U42/><E76/><V105/><F105/><W70/><G70/><T7/><D7/><U52/><E107/><V126/><F126/><W124/><G124/><T84/><D84/><U101/><E91/><V29/><F29/><AGARI ba="0,1" hai="4,9,14,22,26,29,59,60,66,73,79,80,96,99" machi="29" ten="30,2000,0" yaku="1,1,7,1,53,0" doraHai="116" doraHaiUra="103" who="0" fromWho="2" sc="206,30,386,0,138,-20,260,0" /><INIT seed="3,0,0,2,3,102" ten="236,386,118,260" oya="3" hai0="70,4,47,93,127,115,71,17,34,20,85,43,89" hai1="123,22,63,87,38,23,19,97,21,66,75,107,128" hai2="16,74,5,42,59,91,98,121,50,29,114,55,3" hai3="113,132,100,7,112,44,72,106,12,120,111,126,78"/><W62/><G120/><T92/><D127/><U80/><E75/><V104/><F121/><W131/><G126/><T35/><D115/><U105/><E38/><V24/><F114/><W64/><G131/><T41/><D4/><U33/><E33/><V10/><F74/><W28/><G132/><T52/><D70/><U54/><E123/><V48/><F42/><W134/><G134/><T122/><D71/><U99/><E19/><V109/><F109/><W0/><G12/><T129/><D129/><U8/><E8/><V40/><F40/><W108/><G44/><T31/><D122/><U37/><E37/><V25/><F50/><W32/><G112/><T68/><D68/><U119/><E66/><V86/><F29/><W58/><G113/><T124/><D124/><U14/><E14/><V2/><F2/><W56/><G56/><T39/><D43/><U95/><E99/><V96/><F96/><N who="3" m="61703" /><G78/><T116/><D116/><U110/><E110/><N who="3" m="42026" /><G72/><T11/><D47/><U61/><E119/><V51/><F51/><W13/><G13/><T36/><D39/><U45/><E45/><V27/><F98/><W57/><G57/><T26/><D36/><U103/><E128/><V69/><F69/><W1/><G7/><T9/><D26/><AGARI ba="0,0" hai="0,1,26,28,32,58,62,64" m="42026,61703" machi="26" ten="30,5800,0" yaku="14,1,10,1,52,1" doraHai="102" who="3" fromWho="0" sc="236,-58,386,0,118,0,260,58" /><INIT seed="3,1,0,5,5,58" ten="178,386,118,318" oya="3" hai0="49,50,125,116,109,80,126,65,129,39,103,111,48" hai1="32,41,40,102,68,52,25,46,135,104,87,66,105" hai2="43,91,24,19,57,37,78,63,18,117,114,13,11" hai3="69,4,76,8,60,26,10,123,17,33,20,107,16"/><W42/><G123/><T97/><D116/><U22/><E135/><V74/><F117/><W98/><G76/><T62/><D39/><U47/><E32/><V38/><F114/><W35/><G42/><T53/><D80/><U5/><E5/><V82/><F43/><W29/><G35/><T85/><D85/><U64/><E102/><V110/><F110/><N who="0" m="41994" /><D129/><U130/><E87/><V128/><F128/><W115/><G115/><T133/><D133/><U12/><E12/><V127/><F127/><N who="0" m="48650" /><D97/><U120/><E120/><V113/><F113/><W81/><G81/><T28/><D28/><U6/><E130/><V31/><F91/><W132/><G132/><T89/><D89/><U67/><E105/><V44/><F44/><W0/><G98/><T95/><D95/><U77/><E77/><V2/><F2/><W7/><G107/><T14/><D14/><U9/><E104/><V93/><F93/><W34/><G34/><T71/><D103/><U122/><E122/><V131/><F131/><W124/><G124/><T1/><D1/><U70/><E47/><AGARI ba="1,0" hai="47,48,49,50,53,62,65,71" m="48650,41994" machi="47" ten="30,8000,1" yaku="14,1,18,1,34,2,52,1" doraHai="58" who="0" fromWho="1" sc="178,83,386,-83,118,0,318,0" /><INIT seed="4,0,0,0,2,43" ten="261,303,118,318" oya="0" hai0="19,76,84,117,50,69,42,75,45,68,133,40,116" hai1="96,87,103,36,62,106,102,13,28,18,61,33,65" hai2="53,82,4,108,128,89,90,99,88,120,118,38,2" hai3="35,123,105,37,26,124,9,122,127,67,49,23,64"/><T135/><D75/><U54/><E36/><V3/><F120/><N who="3" m="46123" /><G105/><T0/><D0/><U44/><E102/><V10/><F108/><W52/><G35/><T6/><D6/><U31/><E33/><V16/><F118/><N who="0" m="45674" /><D19/><U101/><E103/><V132/><F128/><W48/><G9/><T131/><D84/><U8/><E87/><V72/><F132/><N who="0" m="50762" /><D76/><U27/><E27/><V98/><F3/><W22/><G37/><T46/><D131/><U66/><E96/><V114/><F114/><W55/><G26/><T17/><D17/><U56/><E101/><V79/><F38/><AGARI ba="0,0" hai="38,40,42,45,46,50,68,69" m="50762,45674" machi="38" ten="30,12000,1" yaku="20,1,34,2,52,2" doraHai="43" who="0" fromWho="2" sc="261,120,303,0,118,-120,318,0" owari="381,48.0,303,-10.0,-2,-50.0,318,12.0" /></mjloggm>