<mjloggm ver="2.3"><GO type="97" lobby="0"/><UN n0="%E3%81%88%E3%81%A0%E2%98%86%E3%81%BE%E3%82%81" n1="%70%6F%6E%5F%6B%61%73%75" n2="%E5%B0%B1%E6%B4%BB%E7%94%9F%40%E5%B7%9D%E6%9D%91%E8%BB%8D%E5%9B%A3" n3="%E6%B3%A2%E4%B9%97%E3%82%8A%E9%B5%9C" dan="14,15,14,14" rate="1948.15,1992.40,2018.93,1946.33" sx="M,M,M,M"/><TAIKYOKU oya="0"/><INIT seed="0,0,0,1,4,28" ten="250,250,250,250" oya="0" hai0="113,78,3,57,100,102,115,10,9,81,14,55,72" hai1="133,111,120,93,5,31,95,62,20,112,8,19,101" hai2="97,23,130,27,30,109,127,38,16,65,135,41,91" hai3="45,73,87,82,118,85,134,52,43,114,21,47,48"/><T50/><D3/><U75/><E120/><V7/><F127/><W86/><G114/><T40/><D10/><U24/><E112/><V34/><F130/><W106/><G118/><T116/><D116/><U96/><E75/><V110/><F7/><W92/><G106/><T42/><D115/><U129/><E129/><V1/><F1/><W53/><G134/><T58/><D113/><U117/><E117/><V99/><F65/><W51/><G73/><T13/><D13/><U119/><E119/><V124/><F135/><W98/><G21/><T33/><D33/><U123/><E123/><V46/><F124/><W84/><G84/><N who="0" m="48183" /><D57/><U39/><E39/><V4/><F4/><W18/><G18/><N who="0" m="8527" /><D72/><U64/><E101/><AGARI ba="0,0" hai="40,42,50,55,58,100,101,102" m="8527,48183" machi="101" ten="30,1500,0" yaku="8,1" doraHai="28" who="0" fromWho="1" sc="250,15,250,-15,250,0,250,0" /><INIT seed="0,1,0,1,4,125" ten="265,235,250,250" oya="0" hai0="75,117,43,77,63,28,31,10,71,126,2,129,130" hai1="120,67,60,16,56,118,39,86,69,99,114,36,20" hai2="98,94,70,32,89,105,34,18,91,29,135,3,8" hai3="85,47,49,96,15,12,84,24,65,41,19,104,0"/><T82/><D117/><U134/><E120/><V97/><F70/><W61/><G0/><T122/><D122/><U23/><E118/><V79/><F135/><W26/><G15/><T72/><D126/><U4/><E134/><V132/><F132/><W103/><G84/><T52/><D43/><U11/><E114/><V131/><F79/><W37/><G85/><T42/><D42/><U112/><E112/><V51/><F131/><N who="0" m="50186" /><D72/><U78/><E23/><V48/><F29/><W7/><G7/><N who="0" m="1399" /><D52/><U80/><E99/><V102/><F89/><W54/><G54/><T113/><D113/><U44/><E44/><V73/><F73/><W87/><G87/><T27/><D27/><U53/><E36/><V95/><F51/><W9/><G49/><T45/><D45/><U121/><E39/><V30/><F48/><W123/><G123/><T46/><D46/><U76/><E121/><V55/><F55/><W62/><G62/><T66/><AGARI ba="1,0" hai="28,31,63,66,71,75,77,82" m="1399,50186" machi="66" ten="30,11700,0" yaku="19,1,52,3" doraHai="125" who="0" fromWho="0" sc="265,120,235,-40,250,-40,250,-40" /><INIT seed="0,2,0,4,2,49" ten="385,195,210,210" oya="0" hai0="74,72,57,82,116,119,35,63,113,55,124,66,106" hai1="31,86,94,9,32,70,79,20,109,73,30,40,47" hai2="118,6,56,16,43,84,44,117,96,91,87,59,15" hai3="61,68,17,48,14,60,95,42,22,62,92,76,18"/><T7/><D113/><U134/><E109/><V131/><F6/><W29/><G29/><T126/><D106/><U21/><E134/><V81/><F131/><W25/><G68/><T111/><D35/><U45/><E70/><V97/><F87/><W78/><G78/><T100/><D100/><U2/><E73/><N who="0" m="28265" /><D7/><U46/><E40/><V125/><F125/><N who="0" m="48234" /><D82/><U26/><E31/><V37/><F59/><W54/><G42/><T53/><D111/><U89/><E79/><V52/><F117/><AGARI ba="2,0" hai="53,55,57,63,66,116,117,119" m="48234,28265" machi="117" ten="40,7700,0" yaku="18,1,52,2" doraHai="49" who="0" fromWho="2" sc="385,83,195,0,210,-83,210,0" /><INIT seed="0,3,0,0,0,63" ten="468,195,127,210" oya="0" hai0="128,66,14,58,22,9,106,120,7,45,33,34,81" hai1="94,84,4,79,114,96,54,27,113,123,19,90,70" hai2="98,17,59,93,103,52,86,55,88,129,95,65,36" hai3="72,26,92,40,28,21,49,41,119,69,30,74,109"/><T29/><D106/><U3/><E123/><V18/><F36/><W77/><G109/><T99/><D120/><U68/><E54/><N who="2" m="20523" /><F129/><W83/><G119/><T24/><D99/><U131/><E131/><V76/><F76/><W107/><G107/><T73/><D45/><U10/><E27/><V85/><F85/><W125/><G74/><T39/><D39/><U46/><E19/><V117/><F117/><W102/><G69/><T62/><REACH who="0" step="1"/><D128/><REACH who="0" ten="458,195,127,210" step="2"/><U135/><E46/><V104/><F104/><W56/><G40/><T25/><D25/><U47/><E47/><V11/><F11/><W50/><G41/><T5/><D5/><U37/><E37/><V78/><F78/><AGARI ba="3,1" hai="7,9,14,22,24,29,33,34,58,62,66,73,78,81" machi="78" ten="40,3900,0" yaku="1,1,52,1,53,0" doraHai="63" doraHaiUra="126" who="0" fromWho="2" sc="458,58,195,0,127,-48,210,0" /><INIT seed="0,4,0,5,1,18" ten="516,195,79,210" oya="0" hai0="16,23,114,78,57,119,42,20,14,12,33,69,62" hai1="37,102,26,135,2,19,72,68,106,17,122,132,93" hai2="75,86,92,108,0,64,9,59,81,13,25,105,104" hai3="44,24,130,113,90,109,79,134,63,53,129,89,60"/><T84/><D119/><U103/><E122/><V48/><F0/><W50/><G109/><T87/><D114/><U27/><E2/><V101/><F108/><W97/><G113/><T120/><D69/><U85/><E37/><V31/><F75/><W83/><G134/><T77/><D120/><U125/><E72/><V123/><F123/><W82/><G24/><T58/><D42/><U66/><E66/><V115/><F115/><W28/><G28/><T40/><D33/><U35/><E85/><N who="0" m="32841" /><D40/><U1/><E1/><V8/><F92/><N who="3" m="56463" /><G90/><T38/><D38/><U32/><E93/><V128/><F128/><N who="3" m="49259" /><G79/><N who="0" m="30219" /><D62/><AGARI ba="4,0" hai="44,50,53,60,62,63,82,83" m="49259,56463" machi="62" ten="30,1000,0" yaku="19,1" doraHai="18" who="3" fromWho="0" sc="516,-22,195,0,79,0,210,22" /><INIT seed="1,0,0,2,0,37" ten="494,195,79,232" oya="1" hai0="127,124,31,83,18,13,115,46,74,25,114,28,4" hai1="106,32,97,92,72,77,64,98,10,73,130,60,116" hai2="62,121,69,70,79,111,14,59,24,108,123,71,117" hai3="15,44,54,36,21,68,90,29,8,53,9,81,91"/><U129/><E116/><V27/><F14/><W11/><G68/><N who="2" m="17409" /><V135/><DORA hai="82" /><F79/><W107/><G107/><T133/><D46/><U19/><E32/><V113/><F27/><N who="3" m="16623" /><G36/><T105/><D105/><U119/><E119/><V134/><F24/><W47/><G15/><T41/><D41/><U23/><E10/><V17/><F17/><W5/><G5/><T34/><D74/><U3/><E3/><V118/><F113/><N who="0" m="43018" /><D83/><U33/><E33/><V75/><F75/><W112/><G112/><T110/><D110/><N who="2" m="42026" /><F117/><W2/><G2/><T132/><D28/><U51/><E106/><V87/><F87/><N who="3" m="50543" /><G91/><T38/><D38/><U120/><E73/><V0/><F0/><W96/><G96/><T61/><D61/><U43/><E97/><V94/><F94/><W12/><G12/><T16/><D4/><U7/><E92/><V126/><F126/><N who="0" m="48170" /><D18/><U26/><E7/><V55/><F118/><W85/><G85/><T93/><D93/><U95/><E98/><V30/><F30/><W101/><G101/><T39/><D39/><U65/><E95/><V88/><F88/><W20/><G20/><AGARI ba="0,0" hai="13,16,20,25,31,34,132,133" m="48170,43018" machi="20" ten="30,7700,0" yaku="18,1,34,2,54,1" doraHai="37,82" who="0" fromWho="3" sc="494,77,195,0,79,0,232,-77" /><INIT seed="2,0,0,2,3,83" ten="571,195,79,155" oya="2" hai0="115,28,8,33,84,36,77,10,80,69,124,88,46" hai1="32,135,18,73,129,48,91,66,50,94,41,49,37" hai2="21,42,20,105,128,63,58,61,82,30,62,121,76" hai3="12,57,27,133,34,72,89,107,5,102,15,85,119"/><V9/><F121/><W110/><G110/><T11/><D115/><U101/><E101/><V100/><F128/><W1/><G119/><T19/><D124/><U125/><E73/><V120/><F120/><W130/><G72/><T59/><D69/><U44/><E32/><V81/><F42/><W87/><G1/><T123/><D123/><U108/><E108/><V98/><F9/><W93/><G130/><T99/><D59/><U114/><E66/><V22/><F30/><W71/><G71/><T65/><D65/><U92/><E114/><V86/><REACH who="2" step="1"/><F82/><REACH who="2" ten="571,195,69,155" step="2"/><W127/><G127/><T53/><D28/><U40/><E125/><V55/><AGARI ba="0,1" hai="20,21,22,55,58,61,62,63,76,81,86,98,100,105" machi="55" ten="30,11700,0" yaku="1,1,2,1,0,1,52,1,53,0" doraHai="83" doraHaiUra="117" who="2" fromWho="2" sc="571,-39,195,-39,69,127,155,-39" /><INIT seed="2,1,0,2,5,17" ten="532,156,196,116" oya="2" hai0="99,81,32,96,50,133,92,52,79,41,71,61,75" hai1="127,36,35,85,21,72,44,43,70,40,34,118,49" hai2="57,4,91,120,132,88,109,47,128,122,104,22,134" hai3="101,56,111,20,105,68,24,97,98,39,89,0,80"/><V27/><F104/><W126/><G111/><T74/><D32/><U19/><E118/><V51/><F109/><W95/><G68/><T11/><D133/><N who="2" m="51306" /><F4/><W53/><G39/><T5/><D41/><U66/><E72/><V116/><F57/><W28/><G0/><T9/><D75/><U59/><E127/><V103/><F103/><W78/><G126/><T29/><D29/><U115/><E115/><V6/><F6/><W8/><G8/><T10/><D5/><U82/><E43/><N who="2" m="25087" /><F128/><W25/><G25/><T42/><D92/><U67/><E70/><V54/><F54/><W18/><G28/><T124/><D124/><U100/><E100/><V121/><F116/><W76/><REACH who="3" step="1"/><G80/><REACH who="3" ten="532,156,196,106" step="2"/><T15/><D15/><N who="1" m="9471" /><E36/><V106/><F106/><W93/><G93/><T12/><D12/><U13/><E13/><V2/><F2/><W107/><G107/><T117/><D117/><U31/><E31/><AGARI ba="1,1" hai="22,27,31,88,91,120,121,122" m="25087,51306" machi="31" ten="40,7700,0" yaku="20,1,52,1,54,1" doraHai="17" who="2" fromWho="1" sc="532,0,156,-80,196,90,106,0" /><INIT seed="2,2,0,0,4,13" ten="532,76,286,106" oya="2" hai0="110,74,119,18,122,79,78,102,99,29,114,80,1" hai1="33,108,16,14,70,43,75,115,19,10,2,25,84" hai2="93,62,88,126,97,118,89,11,83,116,120,51,131" hai3="30,12,130,46,21,111,101,100,133,64,60,20,86"/><V77/><F120/><W39/><G111/><T15/><D1/><U61/><E75/><V40/><F126/><W66/><G133/><T54/><D110/><U41/><E115/><V125/><F125/><W17/><G130/><T37/><D122/><U76/><E108/><V109/><F131/><W135/><G135/><T47/><D114/><U132/><E132/><V98/><F62/><W85/><G64/><T34/><D119/><U50/><E2/><V36/><F36/><W117/><G117/><T82/><D29/><U0/><E0/><V113/><F113/><W69/><G85/><T24/><D24/><U49/><E33/><V38/><F38/><W27/><REACH who="3" step="1"/><G86/><REACH who="3" ten="532,76,286,96" step="2"/><T52/><D74/><U106/><E70/><V55/><F109/><W91/><G91/><T95/><D79/><U124/><E124/><V56/><F118/><W134/><G134/><T3/><D78/><U9/><E106/><V103/><F116/><W68/><G68/><T8/><D102/><U123/><E123/><V28/><F89/><W23/><G23/><T94/><D34/><U35/><E35/><V81/><F88/><W67/><G67/><T31/><D8/><U7/><E10/><V32/><F11/><W92/><G92/><T90/><D94/><U96/><E7/><V42/><F93/><W112/><G112/><T59/><D95/><U104/><E104/><V22/><F103/><W57/><G57/><T121/><D90/><U129/><E129/><V45/><F56/><W4/><G4/><T65/><D59/><U63/><E84/><N who="2" m="48175" /><F22/><W6/><G6/><T73/><D65/><RYUUKYOKU ba="2,1" sc="532,-10,76,-10,286,-10,96,30" hai3="12,17,20,21,27,30,39,46,60,66,69,100,101" /><INIT seed="3,3,1,5,4,37" ten="522,66,276,126" oya="3" hai0="14,13,71,119,23,78,8,24,116,130,82,69,120" hai1="0,85,64,129,44,22,41,58,132,106,134,84,60" hai2="100,123,29,88,99,3,25,108,61,107,54,76,70" hai3="92,102,38,63,15,126,40,33,66,48,46,122,114"/><W2/><G2/><T5/><D120/><U112/><E106/><V117/><F123/><W86/><G122/><T47/><D130/><U118/><E0/><V57/><F117/><W125/><G114/><T7/><D119/><U80/><E118/><V95/><F3/><W56/><G33/><T90/><D116/><U77/><E112/><V21/><F108/><W9/><G38/><T81/><D47/><U131/><E84/><V68/><F76/><W52/><G102/><T87/><D13/><U133/><REACH who="1" step="1"/><E22/><REACH who="1" ten="522,56,276,126" step="2"/><V55/><F55/><W43/><G86/><AGARI ba="3,2" hai="21,25,29,54,57,61,68,70,86,88,95,99,100,107" machi="86" ten="30,2000,0" yaku="7,1,54,1" doraHai="37" who="2" fromWho="3" sc="522,0,56,0,276,49,126,-29" owari="522,61.0,56,-44.0,325,13.0,97,-30.0" /></mjloggm>