<mjloggm ver="2.3"><GO type="193" lobby="0"/><UN n0="%4C%68%45%4D%74" n1="%E7%8A%AC%E8%B5%B0" n2="%E3%83%88%E3%83%88%E3%83%AA%E5%85%88%E7%94%9F%31%39%E6%AD%B3" n3="%74%61%6D%61%73%61%6B%61" dan="11,12,12,12" rate="1734.59,1697.37,1908.20,1668.66" sx="M,M,F,M"/><TAIKYOKU oya="0"/><INIT seed="0,0,0,4,5,71" ten="250,250,250,250" oya="0" hai0="120,127,99,106,12,78,75,110,47,52,109,134,39" hai1="94,61,23,105,121,63,79,20,3,73,58,89,8" hai2="90,85,126,97,111,56,114,29,124,103,112,116,10" hai3="128,87,76,55,135,81,122,59,43,28,42,64,65"/><T46/><D120/><U133/><E133/><V44/><F56/><W115/><G115/><N who="2" m="44073" /><F10/><W15/><G135/><T60/><D134/><U69/><E121/><V125/><F44/><W48/><G122/><T113/><D113/><U4/><E105/><N who="2" m="63727" /><F29/><W38/><G128/><T119/><D127/><U92/><E69/><V53/><F53/><W62/><G28/><T51/><D119/><U108/><E108/><N who="0" m="41577" /><D75/><U9/><E73/><V132/><F132/><W7/><G7/><T95/><D78/><U88/><E79/><V11/><F11/><N who="1" m="4169" /><E3/><V101/><F101/><W96/><G96/><T24/><D106/><U41/><E4/><V27/><F27/><W130/><G15/><T37/><D24/><U77/><E41/><V74/><F111/><W16/><G130/><T49/><D12/><U32/><E32/><V45/><F74/><W84/><G38/><N who="0" m="14347" /><D60/><N who="1" m="23115" /><E77/><V34/><F116/><W22/><G65/><T13/><D13/><U57/><E57/><V66/><F66/><W26/><REACH who="3" step="1"/><G87/><REACH who="3" ten="250,250,250,240" step="2"/><T82/><D47/><AGARI ba="0,1" hai="16,22,26,42,43,47,48,55,59,62,64,76,81,84" machi="47" ten="30,8000,1" yaku="1,1,2,1,7,1,8,1,54,1,53,0" doraHai="71" doraHaiUra="102" who="3" fromWho="0" sc="250,-80,250,0,250,0,240,90" /><INIT seed="1,0,0,2,0,8" ten="170,250,250,330" oya="1" hai0="95,71,47,135,100,81,133,13,127,78,61,2,26" hai1="32,25,91,70,45,50,30,97,88,68,12,92,94" hai2="54,101,119,86,130,0,48,19,131,80,90,11,123" hai3="120,66,82,22,60,44,99,63,115,14,15,110,42"/><U87/><REACH who="1" step="1"/><E12/><REACH who="1" ten="170,240,250,330" step="2"/><N who="2" m="7583" /><F0/><W31/><G120/><T56/><D13/><U73/><E73/><V36/><F123/><W6/><G115/><T35/><D2/><U125/><E125/><V116/><F119/><W121/><G121/><T24/><D133/><U28/><E28/><V76/><F116/><W107/><G110/><T104/><D135/><U16/><E16/><V106/><F131/><W58/><G31/><T85/><D127/><U52/><AGARI ba="0,1" hai="25,30,32,45,50,52,68,70,87,88,91,92,94,97" machi="52" ten="20,18000,2" yaku="21,2,0,1,7,1,54,2,53,1" doraHai="8" doraHaiUra="43" who="1" fromWho="1" sc="170,-60,240,190,250,-60,330,-60" /><INIT seed="1,1,0,5,5,38" ten="110,430,190,270" oya="1" hai0="92,53,39,45,116,133,73,22,117,97,28,89,110" hai1="109,50,124,29,83,15,24,13,57,98,132,85,134" hai2="122,108,25,106,56,21,40,114,76,79,80,16,77" hai3="18,75,127,36,12,34,102,58,19,129,74,93,41"/><U125/><E109/><V48/><F122/><W27/><G127/><N who="1" m="48714" /><E98/><V9/><F106/><W47/><G129/><T120/><D120/><U105/><E105/><V33/><F108/><W88/><G102/><T1/><D110/><U86/><E57/><V82/><F114/><W91/><G58/><T107/><D133/><N who="1" m="51307" /><E50/><V0/><F33/><W4/><G4/><T130/><D130/><U26/><E86/><V55/><F0/><W6/><G6/><T103/><D1/><U112/><E112/><V35/><F35/><W64/><G64/><T123/><D123/><U131/><E131/><V111/><F111/><W70/><G70/><T51/><D73/><U31/><E85/><V72/><F9/><W61/><G61/><T94/><D107/><U3/><E83/><N who="2" m="31787" /><F72/><W60/><G60/><T59/><D59/><U69/><E69/><V96/><F96/><W42/><G36/><T126/><D39/><U71/><E71/><V62/><F62/><W135/><G34/><T81/><D81/><U90/><E90/><V63/><F63/><W84/><G135/><T32/><D126/><U2/><E2/><V65/><F65/><W30/><G75/><T17/><D94/><U118/><E3/><V14/><F77/><W66/><G74/><T121/><D103/><U37/><E37/><V68/><F68/><W44/><G66/><T67/><D67/><U113/><E113/><V10/><F79/><W52/><G91/><T101/><D101/><U87/><E118/><V119/><F119/><W5/><G5/><T43/><D121/><U115/><E115/><V11/><F56/><RYUUKYOKU ba="1,0" sc="110,0,430,0,190,0,270,0" /><INIT seed="2,2,0,1,0,43" ten="110,430,190,270" oya="2" hai0="39,19,46,128,133,15,22,77,57,14,75,54,127" hai1="76,51,91,32,92,81,122,86,98,134,102,26,132" hai2="88,85,87,89,84,5,131,126,96,9,53,94,41" hai3="109,4,1,90,21,58,95,16,48,35,56,64,108"/><V82/><F131/><W130/><G35/><T40/><D128/><U99/><E122/><V116/><F116/><W114/><G130/><T105/><D127/><U104/><E51/><V106/><F126/><W125/><G125/><T97/><D133/><N who="1" m="51307" /><E32/><V2/><F106/><W24/><G114/><T123/><D123/><U42/><E26/><V38/><REACH who="2" step="1"/><F53/><REACH who="2" ten="110,430,180,270" step="2"/><W70/><G64/><T110/><D105/><U120/><E120/><V60/><F60/><W7/><G70/><T118/><D118/><U59/><E42/><V78/><F78/><W50/><G1/><T115/><D115/><U20/><E59/><V74/><F74/><W68/><G68/><T71/><D71/><U33/><E33/><V36/><F36/><W117/><G117/><T93/><D77/><U55/><E55/><V72/><F72/><W34/><G34/><T107/><D75/><U62/><E62/><V66/><F66/><W100/><G58/><T45/><D107/><U124/><E124/><V13/><F13/><W17/><G56/><T67/><D67/><U44/><E44/><AGARI ba="2,1" hai="2,5,9,38,41,44,82,84,85,87,88,89,94,96" machi="44" ten="40,7700,0" yaku="1,1,52,1,54,1,53,0" doraHai="43" doraHaiUra="63" who="2" fromWho="1" sc="110,0,430,-83,180,93,270,0" /><INIT seed="2,3,0,0,3,90" ten="110,347,273,270" oya="2" hai0="49,33,86,91,72,53,27,9,64,61,66,129,113" hai1="47,114,50,60,46,124,44,125,10,15,96,18,1" hai2="28,130,35,82,34,21,119,111,2,69,85,12,25" hai3="24,54,59,68,17,101,23,126,29,39,103,13,41"/><V121/><F119/><W3/><G68/><T106/><D113/><U134/><E114/><V102/><F121/><W98/><G126/><N who="1" m="48746" /><E134/><V37/><F2/><W51/><G39/><T122/><D122/><U48/><E96/><V70/><F37/><W99/><G3/><T43/><D129/><U76/><E76/><V55/><F130/><W16/><G41/><T108/><D72/><U4/><E60/><V74/><F74/><W120/><G120/><T67/><D108/><U123/><E123/><V107/><F111/><W5/><G5/><T94/><D106/><U78/><E78/><V65/><F55/><W105/><REACH who="3" step="1"/><G13/><REACH who="3" ten="110,347,273,260" step="2"/><T92/><D43/><U30/><E30/><V80/><F12/><W52/><G52/><T117/><D117/><U81/><E81/><V77/><F82/><W83/><G83/><T42/><D42/><U57/><E57/><V100/><F70/><W95/><AGARI ba="3,1" hai="16,17,23,24,29,51,54,59,95,98,99,101,103,105" machi="95" ten="20,12000,2" yaku="1,1,0,1,7,1,52,1,54,1,53,1" doraHai="90" doraHaiUra="19" who="3" fromWho="3" sc="110,-33,347,-33,273,-63,260,139" /><INIT seed="3,0,0,3,2,70" ten="77,314,210,399" oya="3" hai0="61,8,119,113,104,134,10,90,84,22,76,71,69" hai1="85,44,51,114,55,77,17,111,123,4,66,92,13" hai2="127,128,131,106,59,130,23,42,20,32,109,96,41" hai3="108,102,56,58,132,47,88,125,33,87,1,29,63"/><W7/><G125/><T52/><D113/><U115/><E123/><V80/><F59/><W60/><G132/><T118/><D134/><U91/><E111/><V112/><F112/><W120/><G120/><T3/><D104/><U129/><E129/><V105/><F109/><W19/><G1/><T12/><D76/><U122/><E122/><V11/><F127/><W34/><G108/><T14/><D3/><U101/><E115/><V121/><F121/><W18/><G102/><T9/><D118/><U24/><E114/><V100/><F100/><W64/><G7/><T15/><D119/><U97/><E66/><V57/><F57/><W49/><G34/><T54/><D22/><U107/><E24/><V27/><F32/><W40/><G29/><T135/><D135/><U2/><E2/><V16/><F96/><W93/><G33/><T67/><D90/><U79/><REACH who="1" step="1"/><E4/><REACH who="1" ten="77,304,210,399" step="2"/><V116/><F116/><W39/><G39/><T37/><D84/><U43/><E43/><V21/><F27/><W82/><G82/><T126/><D126/><U48/><E48/><V74/><F80/><W5/><G5/><T78/><D78/><U75/><E75/><V68/><F74/><W103/><G103/><T95/><D95/><U36/><E36/><V6/><F68/><W133/><G133/><T28/><D37/><U0/><E0/><V62/><F6/><W110/><G110/><T124/><D124/><U65/><E65/><AGARI ba="0,1" hai="18,19,40,47,49,56,58,60,63,64,65,87,88,93" machi="65" ten="30,11600,0" yaku="7,1,9,1,8,1,54,1" doraHai="70" who="3" fromWho="1" sc="77,0,304,-116,210,0,399,126" owari="77,-42.0,188,-21.0,210,1.0,525,62.0" /></mjloggm>