<mjloggm ver="2.3"><GO type="169" lobby="0"/><UN n0="%E7%94%9F%E8%82%89%E3%81%A7%E3%81%99%E3%82%88" n1="%E3%82%82%E3%82%81%E3%82%93%E3%81%AA%E3%81%A1%E3%82%83%E3%81%84" n2="%E3%81%84%E3%82%82%E3%81%91%E3%82%93%70" n3="%E3%82%A6%E3%83%AB%E3%83%88%E3%83%A9%E7%AB%8B%E7%9B%B4" dan="16,16,16,17" rate="2149.61,2127.06,2038.96,2136.90" sx="M,F,M,M"/><TAIKYOKU oya="0"/><INIT seed="0,0,0,1,1,75" ten="250,250,250,250" oya="0" hai0="95,117,42,54,45,93,102,10,114,79,84,126,76" hai1="112,27,122,135,101,0,124,106,89,116,58,12,127" hai2="110,65,115,90,111,134,125,86,119,113,94,7,35" hai3="9,39,49,53,25,8,118,78,80,13,77,66,5"/><T4/><D117/><U44/><E0/><V34/><F7/><W30/><G39/><T123/><D123/><U92/><E27/><V59/><F119/><W105/><G105/><T48/><D114/><N who="2" m="43530" /><F134/><W107/><G107/><T87/><D126/><U91/><E12/><V32/><F125/><W88/><G66/><T108/><D108/><N who="2" m="41514" /><F65/><W67/><G67/><T85/><D42/><U3/><E58/><AGARI ba="0,0" hai="32,34,35,58,59,86,90,94" m="41514,43530" machi="58" ten="40,1300,0" yaku="14,1" doraHai="75" who="2" fromWho="1" sc="250,0,250,-13,250,13,250,0" /><INIT seed="1,0,0,1,3,21" ten="250,237,263,250" oya="1" hai0="60,57,47,39,55,51,50,129,65,93,96,111,128" hai1="133,78,99,29,67,0,97,58,110,37,125,41,31" hai2="11,101,112,72,123,84,118,10,63,109,23,8,16" hai3="80,2,66,132,69,127,20,102,24,104,52,76,121"/><U119/><E0/><V33/><F118/><W9/><G66/><T56/><D111/><U77/><E119/><V26/><F72/><W134/><G69/><T122/><D122/><U59/><E110/><V114/><F109/><W6/><G121/><T17/><D17/><U98/><E133/><V18/><F101/><W105/><G127/><T5/><D5/><U49/><E37/><V120/><F63/><W43/><G43/><N who="0" m="23039" /><D93/><U48/><E125/><V116/><F84/><W32/><G32/><T4/><D4/><U27/><E27/><N who="2" m="14823" /><F116/><W64/><G64/><T86/><D86/><U75/><E75/><V107/><F107/><W130/><G102/><T61/><D96/><U70/><E70/><V90/><F90/><W88/><G76/><N who="1" m="29290" /><E67/><V30/><F18/><N who="3" m="12311" /><G105/><T68/><D51/><N who="1" m="19531" /><E41/><V95/><F95/><W45/><G104/><T73/><D73/><U85/><E85/><V81/><F81/><W108/><G108/><T126/><D126/><U35/><E35/><V74/><F74/><W25/><G134/><T115/><D115/><AGARI ba="0,0" hai="8,10,11,26,30,33,112,114,115,120,123" m="14823" machi="115" ten="30,12000,2" yaku="11,1,34,2,52,2,54,1" doraHai="21" who="2" fromWho="0" sc="250,-120,237,0,263,120,250,0" /><INIT seed="2,0,0,4,1,15" ten="130,237,383,250" oya="2" hai0="41,62,51,135,48,5,71,95,46,130,18,7,110" hai1="32,12,83,59,56,4,131,64,91,29,69,79,3" hai2="80,93,126,13,44,99,60,26,1,82,74,2,121" hai3="134,98,30,33,76,66,122,35,61,87,43,106,123"/><V22/><F121/><W77/><G43/><T14/><D110/><U97/><E3/><V72/><F126/><W132/><G87/><T24/><D130/><U38/><E131/><V75/><F13/><W92/><G77/><T119/><D119/><U10/><E38/><V88/><F44/><W89/><G76/><T81/><D135/><N who="3" m="51753" /><G106/><T0/><D0/><U133/><E69/><V90/><F60/><W25/><G33/><T116/><D116/><U27/><E133/><V45/><F45/><W124/><G124/><T8/><D71/><AGARI ba="0,0" hai="25,30,35,61,66,71,89,92,98,122,123" m="51753" machi="71" ten="30,1000,0" yaku="20,1" doraHai="15" who="3" fromWho="0" sc="130,-10,237,0,383,0,250,10" /><INIT seed="3,0,0,1,0,109" ten="120,237,383,260" oya="3" hai0="124,22,112,122,104,91,119,66,92,62,67,84,77" hai1="133,6,114,125,32,17,101,76,13,81,87,128,61" hai2="14,7,8,18,24,86,28,12,110,71,35,0,64" hai3="106,30,33,43,68,53,3,111,59,105,82,45,34"/><W74/><G68/><T48/><D119/><U46/><E32/><V75/><F75/><W42/><G42/><T54/><D122/><U31/><E133/><V52/><F86/><W10/><G111/><T107/><D124/><U41/><E31/><V2/><F110/><W120/><G120/><T27/><D77/><U56/><E128/><V44/><F64/><W9/><G9/><T38/><D38/><U19/><E125/><V129/><F71/><W90/><G90/><T11/><D11/><U130/><E101/><V16/><F129/><W78/><G53/><T15/><D15/><U100/><E100/><V79/><F79/><W117/><G59/><T103/><D103/><U85/><E114/><V1/><F44/><W73/><G74/><T99/><D99/><U69/><E69/><V135/><F52/><W29/><G29/><T80/><D80/><U116/><E85/><V94/><F94/><W63/><G63/><T72/><D72/><U40/><E40/><V98/><F98/><W55/><G55/><T96/><D96/><U134/><E134/><V23/><F135/><W127/><G117/><T49/><D67/><N who="1" m="39335" /><E116/><V25/><F14/><W37/><G127/><T89/><D89/><U47/><E47/><V39/><F39/><W70/><G70/><N who="0" m="42327" /><D112/><U21/><E130/><V88/><F88/><W118/><G118/><T121/><D121/><U97/><E97/><V57/><F57/><W83/><G83/><T20/><D54/><U58/><E58/><V102/><F102/><W115/><G115/><T26/><D104/><N who="3" m="40041" /><G30/><AGARI ba="0,0" hai="0,1,2,7,8,12,16,18,23,24,25,28,30,35" machi="30" ten="40,12000,2" yaku="35,6,54,1" doraHai="109" who="2" fromWho="3" sc="120,0,237,0,383,120,260,-120" /><INIT seed="4,0,0,0,3,95" ten="120,237,503,140" oya="0" hai0="27,127,100,112,64,84,33,122,56,120,47,31,46" hai1="16,114,115,135,44,83,132,19,28,126,60,133,65" hai2="104,63,89,12,107,72,29,1,45,113,22,96,81" hai3="87,80,26,123,103,38,92,14,43,78,118,9,59"/><T21/><D112/><N who="1" m="43051" /><E126/><V130/><F1/><W11/><G118/><T77/><D127/><U134/><E134/><V6/><F63/><W131/><G123/><T7/><D33/><U49/><E83/><V91/><F45/><W76/><G43/><T61/><D7/><U70/><E28/><V109/><F29/><W48/><G38/><T124/><D124/><U66/><E66/><V68/><F68/><W15/><G26/><T98/><D120/><U58/><E58/><V129/><F12/><N who="3" m="4651" /><G76/><T42/><D122/><U55/><AGARI ba="0,0" hai="16,19,44,49,55,60,65,70,132,133,135" m="43051" machi="55" ten="40,8000,1" yaku="20,1,15,1,11,1,54,1" doraHai="95" who="1" fromWho="1" sc="120,-40,237,80,503,-20,140,-20" /><INIT seed="5,0,0,4,1,4" ten="80,317,483,120" oya="1" hai0="90,72,103,91,57,95,113,7,78,56,20,71,10" hai1="104,51,13,130,1,81,85,65,37,18,82,54,28" hai2="39,32,133,63,67,74,40,115,88,35,84,128,122" hai3="119,3,98,58,61,132,60,62,134,107,2,34,109"/><U105/><E1/><V5/><F74/><W38/><G38/><T49/><D71/><U6/><E37/><V129/><F122/><W126/><G34/><T69/><D69/><U29/><E6/><V80/><F5/><W14/><G109/><T43/><D113/><U31/><E130/><N who="2" m="50283" /><F115/><W24/><G24/><T47/><D72/><U79/><E65/><V66/><F133/><N who="3" m="51307" /><G126/><T116/><D78/><U124/><E82/><V33/><F67/><W121/><G58/><T30/><D116/><U15/><E124/><V102/><F102/><N who="3" m="62935" /><G121/><T123/><D123/><U42/><E42/><V19/><F39/><W89/><G119/><T46/><D46/><U44/><REACH who="1" step="1"/><E15/><REACH who="1" ten="80,307,483,120" step="2"/><V45/><F40/><W59/><G14/><T120/><D43/><U36/><E36/><V110/><F66/><W22/><G3/><T55/><D120/><U53/><E53/><V70/><F80/><W77/><G2/><T87/><D55/><U125/><E125/><V135/><F135/><W76/><G76/><T117/><D117/><U9/><AGARI ba="0,1" hai="9,13,18,28,29,31,44,51,54,79,81,85,104,105" machi="9" ten="30,6000,0" yaku="1,1,0,1,52,1,53,0" doraHai="4" doraHaiUra="21" who="1" fromWho="1" sc="80,-20,307,70,483,-20,120,-20" /><INIT seed="5,1,0,2,1,131" ten="60,377,463,100" oya="1" hai0="12,133,30,67,1,69,89,14,135,32,24,3,53" hai1="16,83,38,124,27,125,75,42,100,19,94,7,111" hai2="18,26,92,22,120,56,60,44,74,110,106,82,78" hai3="68,108,71,35,66,117,84,6,102,93,85,70,104"/><U128/><E128/><V28/><F106/><W127/><G108/><T91/><D69/><U98/><E111/><V86/><F110/><W17/><G66/><T36/><D67/><U101/><E7/><V2/><F2/><W62/><G62/><T116/><D36/><U8/><E100/><V114/><F120/><W65/><G65/><T0/><D116/><U20/><E8/><V109/><F109/><W122/><G122/><T55/><D55/><U99/><E99/><V11/><F114/><W31/><G71/><T72/><D72/><U9/><E9/><V130/><F44/><W115/><G85/><T95/><D53/><U40/><E38/><V45/><F45/><W15/><G84/><T29/><D29/><U59/><E19/><V52/><F130/><W90/><G31/><T10/><D14/><U119/><E119/><V64/><F64/><W112/><G15/><T4/><D95/><U79/><REACH who="1" step="1"/><E59/><REACH who="1" ten="60,367,463,100" step="2"/><V5/><F18/><W54/><G117/><T25/><REACH who="0" step="1"/><D25/><REACH who="0" ten="50,367,463,100" step="2"/><U33/><E33/><V77/><F26/><W126/><G68/><T49/><D49/><U76/><E76/><V87/><F56/><W61/><G70/><T105/><D105/><U134/><E134/><AGARI ba="1,2" hai="0,1,3,4,10,12,24,30,32,89,91,133,134,135" machi="134" ten="50,16000,3" yaku="1,1,20,1,52,3,53,3" doraHai="131" doraHaiUra="34" who="0" fromWho="1" sc="50,183,367,-163,463,0,100,0" /><INIT seed="6,0,0,4,5,12" ten="233,204,463,100" oya="2" hai0="81,104,1,20,28,122,49,131,50,108,97,114,31" hai1="105,127,117,33,22,70,52,106,65,62,121,73,59" hai2="41,76,48,44,89,93,36,75,63,95,78,60,87" hai3="54,130,43,32,42,85,124,18,14,38,133,47,113"/><V5/><F75/><W10/><G32/><T79/><D1/><U61/><E33/><V99/><F5/><W2/><G2/><T71/><D108/><U84/><E117/><V30/><F30/><W119/><G119/><T74/><D71/><U13/><E73/><V21/><F21/><W19/><G124/><T66/><D122/><U55/><E127/><V102/><F36/><W91/><G130/><T57/><D114/><U100/><E121/><V9/><F9/><W7/><G133/><T34/><D34/><U86/><E55/><V39/><F39/><W116/><G116/><T58/><D58/><U135/><E135/><V132/><F132/><W4/><G113/><T77/><D77/><AGARI ba="0,0" hai="41,44,48,60,63,76,77,78,87,89,93,95,99,102" machi="77" ten="40,2000,0" yaku="8,1" doraHai="12" who="2" fromWho="0" sc="233,-20,204,0,463,20,100,0" /><INIT seed="6,1,0,3,3,120" ten="213,204,483,100" oya="2" hai0="106,95,114,127,1,13,6,115,29,80,33,84,101" hai1="30,78,88,72,89,41,73,91,96,34,9,61,7" hai2="25,118,68,5,125,121,40,123,94,11,76,28,38" hai3="82,100,31,116,19,26,124,24,53,113,57,44,15"/><V17/><F68/><W54/><G116/><T90/><D127/><U129/><E129/><V126/><F76/><W55/><G124/><N who="2" m="47721" /><F40/><W8/><G113/><T111/><D111/><U65/><E96/><V52/><F38/><W102/><G44/><T58/><D1/><U42/><E30/><V119/><F52/><W130/><G130/><T12/><D6/><U56/><E34/><N who="2" m="20751" /><F17/><W132/><G132/><T45/><D58/><U97/><E97/><V20/><F20/><W85/><G57/><T46/><D114/><U16/><E16/><V75/><F94/><W87/><G31/><T134/><D95/><U109/><E78/><V108/><F75/><W36/><G36/><T69/><D69/><U21/><E21/><V110/><F121/><W104/><G104/><T0/><D106/><U135/><E135/><V43/><F43/><W39/><G39/><T71/><D134/><U92/><E92/><V4/><F4/><W128/><G128/><T81/><D71/><U64/><E7/><V112/><F123/><W62/><G62/><T98/><D115/><U48/><E72/><V59/><F112/><W67/><G67/><T50/><D29/><U133/><E73/><V3/><F59/><W10/><G10/><T14/><D0/><U79/><E133/><V37/><F37/><W47/><G47/><T63/><D33/><U131/><E9/><V107/><F107/><W23/><G8/><T18/><D98/><U32/><E56/><V103/><F103/><N who="3" m="39467" /><G87/><T22/><D101/><U117/><E32/><V74/><F3/><W2/><G2/><T27/><D46/><RYUUKYOKU ba="1,0" sc="213,-10,204,-10,483,-10,100,30" hai3="15,19,23,24,26,53,54,55,82,85" /><INIT seed="7,2,0,4,0,65" ten="203,194,473,130" oya="3" hai0="41,20,12,23,40,14,130,27,103,61,18,9,57" hai1="68,102,120,59,75,108,79,37,54,17,121,77,85" hai2="101,106,24,69,119,31,51,63,89,35,22,5,62" hai3="81,45,91,34,86,67,60,114,19,50,66,8,11"/><W126/><G34/><T111/><D111/><U133/><E37/><V39/><F39/><W58/><G126/><T47/><D103/><U72/><E108/><V21/><F5/><W97/><G114/><T33/><D33/><U78/><E68/><V117/><F89/><W135/><G135/><T3/><D3/><U71/><E71/><V98/><F51/><W113/><G113/><T131/><D47/><U74/><E133/><V90/><F90/><W123/><G123/><T13/><D9/><U76/><E102/><V36/><F63/><W134/><G134/><T44/><D23/><N who="2" m="8714" /><F36/><W87/><G97/><T28/><D28/><U4/><E4/><V2/><F2/><W73/><G73/><T124/><D124/><U29/><E29/><V30/><F30/><W92/><G67/><AGARI ba="2,0" hai="24,31,35,62,67,69,98,101,106,117,119" m="8714" machi="67" ten="30,2000,0" yaku="25,1,52,1" doraHai="65" who="2" fromWho="3" sc="203,0,194,0,473,26,130,-26" owari="203,0.0,194,-21.0,499,61.0,104,-40.0" /></mjloggm>