<mjloggm ver="2.3"><GO type="97" lobby="0"/><UN n0="%4A%4F%4C%54" n1="%E3%83%A8%E3%82%B3%E3%83%85%E3%83%8A" n2="%E5%B0%B1%E6%B4%BB%E7%94%9F%40%E5%B7%9D%E6%9D%91%E8%BB%8D%E5%9B%A3" n3="%47%41%4B%4B%59%32%31" dan="14,15,15,13" rate="1892.43,2002.01,2065.43,1878.84" sx="M,M,M,M"/><TAIKYOKU oya="0"/><INIT seed="0,0,0,4,3,131" ten="250,250,250,250" oya="0" hai0="96,105,37,104,43,124,119,133,127,82,122,27,18" hai1="41,51,47,101,28,100,57,55,135,109,23,102,118" hai2="35,48,89,112,19,65,126,95,3,99,130,91,63" hai3="22,32,64,0,60,111,30,106,103,84,38,50,72"/><T83/><D43/><U16/><E118/><V79/><F130/><W114/><G0/><T92/><D37/><U90/><E109/><V123/><F112/><W107/><G114/><T6/><D6/><U5/><E5/><V110/><F123/><W11/><G72/><T120/><D27/><U66/><E90/><V68/><F3/><W40/><G38/><T46/><D46/><U10/><E10/><V93/><F110/><W87/><G111/><T58/><D18/><U53/><E28/><V108/><F108/><W34/><G107/><N who="0" m="41035" /><D58/><U70/><E70/><V4/><F126/><N who="0" m="48170" /><D119/><U86/><E86/><V75/><F35/><W45/><G22/><T9/><D9/><U125/><E125/><V77/><F75/><W69/><G11/><T88/><D133/><U13/><E135/><V56/><F4/><W85/><G32/><T39/><D39/><U71/><E71/><V33/><F33/><W116/><G116/><T2/><D2/><U1/><E1/><V8/><F48/><W94/><G85/><T97/><D97/><U61/><AGARI ba="0,0" hai="13,16,23,41,47,51,53,55,57,61,66,100,101,102" machi="61" ten="30,4000,0" yaku="0,1,8,1,54,1" doraHai="131" who="1" fromWho="1" sc="250,-20,250,40,250,-10,250,-10" /><INIT seed="1,0,0,5,3,60" ten="230,290,240,240" oya="1" hai0="112,105,95,85,71,132,113,9,126,5,6,13,62" hai1="17,10,16,104,31,25,88,21,81,134,77,127,76" hai2="111,98,106,64,121,108,2,120,8,26,122,28,74" hai3="68,97,39,14,82,43,66,34,22,45,70,72,110"/><U55/><E104/><V33/><F74/><W15/><G34/><T103/><D105/><U96/><E127/><V1/><F64/><W83/><G70/><T69/><D126/><U7/><E134/><V63/><F63/><W44/><G45/><T50/><D132/><U73/><E77/><V53/><F53/><W118/><G118/><T135/><D135/><U42/><E42/><V67/><F67/><W54/><G110/><N who="2" m="42025" /><F98/><W75/><G54/><T117/><D117/><U38/><E38/><V37/><F37/><W101/><G75/><T4/><D71/><U35/><E55/><V130/><F106/><W52/><G72/><T57/><D69/><U20/><E35/><V46/><F46/><W27/><G83/><T99/><D113/><U18/><E21/><V114/><F114/><W59/><G82/><T93/><D112/><U0/><REACH who="1" step="1"/><E31/><REACH who="1" ten="230,280,240,240" step="2"/><V86/><F130/><W128/><G128/><T94/><D50/><U100/><E100/><V115/><F115/><W119/><G119/><T89/><REACH who="0" step="1"/><D95/><AGARI ba="0,1" hai="0,7,10,16,17,18,20,25,73,76,81,88,95,96" machi="95" ten="40,7700,0" yaku="1,1,54,2,53,0" doraHai="60" doraHaiUra="116" who="1" fromWho="0" sc="230,-77,280,87,240,0,240,0" /><INIT seed="1,1,0,4,0,60" ten="153,367,240,240" oya="1" hai0="61,55,11,127,7,122,5,41,118,86,87,121,18" hai1="93,13,53,29,47,73,15,12,6,24,79,19,70" hai2="111,52,40,77,8,98,28,135,32,63,114,131,65" hai3="105,59,17,83,84,27,74,117,94,123,82,37,57"/><U92/><E70/><V45/><F114/><W69/><G69/><T51/><D118/><U109/><E109/><V88/><F111/><W126/><G37/><T80/><D127/><U103/><E6/><V46/><F131/><W100/><G123/><N who="0" m="47115" /><D87/><U34/><E92/><N who="2" m="56583" /><F32/><W128/><G117/><T2/><D41/><U42/><E53/><V44/><F135/><W9/><G128/><T104/><D104/><U124/><E124/><V50/><F77/><W58/><G126/><T26/><D2/><U134/><E134/><V35/><F35/><W1/><G105/><T102/><D102/><U30/><E30/><V20/><F8/><W97/><G74/><T106/><D106/><U78/><E73/><V133/><F133/><W62/><G1/><T16/><D18/><U54/><E54/><V115/><F115/><W101/><G100/><T99/><D99/><U56/><E19/><V113/><F113/><W21/><G9/><T14/><D26/><U76/><E56/><N who="2" m="37095" /><F40/><W33/><G33/><T71/><D71/><U81/><E103/><V112/><F112/><W66/><REACH who="3" step="1"/><G83/><REACH who="3" ten="153,367,240,230" step="2"/><T38/><D38/><U89/><E81/><V3/><F3/><W10/><G10/><T68/><D68/><U119/><E119/><V75/><F75/><W110/><G110/><T49/><D61/><U132/><E132/><V48/><F48/><W108/><G108/><T25/><D51/><U72/><E72/><V91/><F91/><AGARI ba="1,1" hai="17,21,27,57,58,59,62,66,82,84,91,94,97,101" machi="91" ten="30,8000,1" yaku="1,1,7,1,8,1,52,1,53,1" doraHai="60" doraHaiUra="96" who="3" fromWho="2" sc="153,0,367,0,240,-83,230,93" /><INIT seed="2,0,0,0,2,19" ten="153,367,157,323" oya="2" hai0="65,22,23,134,26,113,117,107,36,110,124,43,0" hai1="69,76,52,80,41,18,49,57,5,4,96,77,88" hai2="33,15,84,53,45,103,79,128,82,14,56,132,108" hai3="30,34,62,81,102,9,94,85,12,87,95,37,39"/><V50/><F33/><W16/><G34/><T92/><D107/><U25/><E69/><V55/><F128/><W123/><G123/><T66/><D0/><U71/><E71/><V51/><F132/><W42/><G30/><T125/><D134/><U68/><E68/><V98/><REACH who="2" step="1"/><F108/><REACH who="2" ten="153,367,147,323" step="2"/><W126/><G126/><N who="0" m="48747" /><D110/><U133/><E133/><V121/><F121/><W10/><G102/><T47/><D113/><U1/><E1/><V109/><F109/><W115/><G115/><T31/><D117/><U38/><E38/><V63/><F63/><W6/><G39/><T74/><D74/><U32/><E32/><V105/><AGARI ba="0,1" hai="14,15,45,50,51,53,55,56,79,82,84,98,103,105" machi="105" ten="20,7800,0" yaku="1,1,0,1,7,1,53,1" doraHai="19" doraHaiUra="93" who="2" fromWho="2" sc="153,-26,367,-26,147,88,323,-26" /><INIT seed="2,1,0,1,1,40" ten="127,341,235,297" oya="2" hai0="55,13,18,87,37,41,62,132,86,119,120,4,71" hai1="28,135,6,51,107,134,45,104,61,58,53,17,106" hai2="73,15,81,133,91,66,84,105,110,98,78,8,121" hai3="116,7,99,79,32,21,38,24,90,23,57,26,27"/><V35/><F121/><W60/><G38/><T67/><D120/><U124/><E28/><V75/><F35/><W12/><G32/><T102/><D132/><N who="1" m="50731" /><E6/><V128/><F128/><W85/><G79/><T3/><D102/><U69/><E124/><V14/><F133/><W11/><G99/><T65/><D65/><U129/><E129/><V5/><F110/><W42/><G42/><T22/><D119/><U117/><E117/><V113/><F113/><W74/><G74/><T122/><D122/><U97/><E17/><V114/><F114/><W131/><G131/><T1/><D4/><U70/><E97/><V76/><F66/><AGARI ba="1,0" hai="45,51,53,58,61,66,69,70,104,106,107" m="50731" machi="66" ten="40,2600,0" yaku="20,1,52,1" doraHai="40" who="1" fromWho="2" sc="127,0,341,29,235,-29,297,0" /><INIT seed="3,0,0,4,3,25" ten="127,370,206,297" oya="3" hai0="82,39,123,133,3,63,65,17,96,48,69,112,105" hai1="115,37,102,121,27,18,92,104,78,15,125,100,94" hai2="119,30,59,16,21,36,108,86,19,72,47,58,71" hai3="74,113,70,91,83,28,110,31,132,77,20,93,87"/><W75/><G70/><T85/><D123/><U9/><E37/><V68/><F72/><W57/><G113/><T41/><D112/><U84/><E115/><V35/><F35/><W79/><G132/><T54/><D133/><U64/><E121/><V90/><F119/><W128/><G128/><T129/><D129/><U95/><E104/><V24/><F108/><W2/><G2/><T55/><D3/><U45/><E64/><V126/><F126/><W53/><G110/><T66/><D96/><U12/><E125/><V22/><F71/><W131/><G131/><T61/><D105/><U43/><E27/><N who="2" m="16751" /><F68/><W130/><G130/><T38/><D17/><N who="2" m="6730" /><F47/><W11/><G11/><T97/><D97/><U5/><E45/><V0/><F0/><W118/><G20/><T52/><D82/><N who="1" m="47191" /><E43/><V67/><F67/><W120/><G118/><T60/><D85/><U13/><E13/><V34/><F34/><W99/><G120/><T44/><REACH who="0" step="1"/><D65/><REACH who="0" ten="117,370,206,297" step="2"/><U88/><E100/><V23/><F36/><AGARI ba="0,1" hai="36,38,39,41,44,48,52,54,55,60,61,63,66,69" machi="36" ten="40,16000,3" yaku="1,1,2,1,35,6,54,1,53,0" doraHai="25" doraHaiUra="1" who="0" fromWho="2" sc="117,170,370,0,206,-160,297,0" owari="287,-11.0,370,46.0,46,-45.0,297,10.0" /></mjloggm>