<mjloggm ver="2.3"><GO type="169" lobby="0"/><UN n0="%E3%83%AD%E3%83%83%E3%83%86%E9%9B%80%E7%90%83" n1="%E3%82%A6%E3%83%AB%E3%83%88%E3%83%A9%E7%AB%8B%E7%9B%B4" n2="%E5%A4%A9%E5%B0%8A%E4%BD%8D" n3="%6E%61%6B%61%6A%75%75%6E" dan="17,18,16,19" rate="2142.16,2192.82,2022.36,2275.01" sx="M,M,F,M"/><TAIKYOKU oya="0"/><INIT seed="0,0,0,2,1,30" ten="250,250,250,250" oya="0" hai0="62,135,68,114,54,49,58,22,82,123,61,111,1" hai1="45,102,31,93,81,103,98,113,85,11,95,134,104" hai2="12,125,28,128,19,37,69,52,4,20,56,15,39" hai3="124,26,107,71,88,9,47,53,55,126,41,132,112"/><T92/><D114/><U117/><E117/><V32/><F69/><W51/><G107/><T73/><D123/><U27/><E113/><V70/><F70/><W91/><G112/><T59/><D1/><U121/><E121/><V87/><F125/><N who="3" m="48235" /><G71/><T127/><D135/><U64/><E64/><V120/><F120/><W94/><G132/><T77/><D127/><U96/><E11/><V122/><F122/><W48/><G9/><T89/><D111/><U21/><E45/><V72/><F72/><W14/><G14/><T110/><D110/><U65/><E65/><V40/><F128/><W78/><G78/><T86/><D68/><U76/><E134/><V105/><F40/><W97/><G48/><T108/><D108/><U116/><E116/><V35/><F105/><AGARI ba="0,0" hai="21,27,31,76,81,85,93,95,96,98,102,103,104,105" machi="105" ten="30,2000,0" yaku="7,1,9,1" doraHai="30" who="1" fromWho="2" sc="250,0,250,20,250,-20,250,0" /><INIT seed="1,0,0,0,5,11" ten="250,270,230,250" oya="1" hai0="88,122,73,64,132,24,17,96,91,123,133,113,22" hai1="92,51,36,71,8,31,13,84,16,26,63,104,4" hai2="118,112,53,52,111,20,40,35,130,1,95,106,54" hai3="12,28,85,59,101,99,94,81,37,5,39,108,55"/><U72/><E36/><V97/><F35/><W83/><G108/><T93/><D113/><U127/><E72/><V77/><F118/><W62/><G28/><T65/><D73/><U80/><E104/><V43/><F111/><W34/><G34/><T29/><D91/><U82/><E127/><V49/><F1/><W70/><G70/><T125/><D125/><U89/><E51/><V30/><F106/><W87/><G39/><T44/><D44/><U42/><E42/><V79/><F130/><W27/><G27/><T131/><D131/><U105/><E105/><V45/><F112/><W107/><G37/><T126/><D126/><U114/><E114/><V86/><F43/><W69/><G69/><T121/><REACH who="0" step="1"/><D29/><REACH who="0" ten="240,270,230,250" step="2"/><U110/><E110/><V116/><F116/><W6/><G83/><T98/><D98/><U90/><E31/><V117/><F117/><W134/><G85/><T128/><D128/><U32/><E82/><V78/><F86/><W103/><G103/><T0/><D0/><U75/><E75/><V58/><F30/><W119/><G119/><T124/><D124/><U41/><E32/><V56/><F20/><W76/><G107/><T48/><D48/><U7/><E80/><V46/><F45/><W15/><REACH who="3" step="1"/><G134/><AGARI ba="0,1" hai="17,22,24,64,65,88,93,96,121,122,123,132,133,134" machi="134" ten="50,8000,1" yaku="1,1,13,1,20,1,54,1,53,0" doraHai="11" doraHaiUra="100" who="0" fromWho="3" sc="240,90,270,0,230,0,250,-80" /><INIT seed="2,0,0,1,4,54" ten="330,270,230,170" oya="2" hai0="63,1,0,72,114,71,28,31,116,47,67,113,12" hai1="111,122,18,90,20,41,121,17,25,15,103,129,50" hai2="75,128,65,124,60,69,87,45,3,39,76,10,118" hai3="83,48,96,26,126,133,85,64,34,55,13,74,88"/><V59/><F118/><W82/><G126/><T86/><D72/><U16/><E103/><V27/><F124/><W108/><G108/><T19/><D116/><U78/><E78/><V80/><F128/><W40/><G133/><T135/><D135/><U89/><E111/><V7/><F87/><W38/><G64/><T102/><D102/><U43/><E129/><V119/><F119/><W2/><G2/><T68/><D47/><U105/><E105/><V131/><F27/><W110/><G110/><T132/><D132/><U104/><E104/><V24/><F24/><W123/><G123/><T9/><D86/><U127/><E127/><V73/><F131/><W42/><G38/><T46/><D46/><N who="1" m="25935" /><E43/><N who="2" m="22783" /><F75/><W32/><G96/><T107/><D71/><AGARI ba="0,0" hai="3,7,10,59,60,65,69,71,73,76,80" m="22783" machi="71" ten="30,2900,0" yaku="25,1,52,1" doraHai="54" who="2" fromWho="0" sc="330,-29,270,0,230,29,170,0" /><INIT seed="2,1,0,0,2,97" ten="301,270,259,170" oya="2" hai0="18,47,1,55,50,101,92,113,48,131,122,28,126" hai1="33,118,66,130,38,115,100,6,9,54,128,112,51" hai2="13,19,91,102,119,134,4,45,61,43,125,65,14" hai3="127,108,11,35,84,34,121,26,96,81,69,23,16"/><V74/><F119/><W114/><G121/><T123/><D113/><U29/><E38/><V20/><F74/><W86/><G114/><T31/><D1/><U62/><E118/><V83/><F125/><W40/><G127/><T63/><D126/><U7/><E29/><V56/><F134/><W53/><G69/><T52/><D131/><U2/><E7/><V0/><F0/><W21/><G108/><T70/><D70/><U87/><E87/><N who="2" m="50687" /><F4/><W67/><G67/><T129/><D63/><U99/><E33/><V32/><F32/><W110/><G110/><T73/><D73/><U90/><E115/><V37/><F37/><W75/><G40/><T88/><D101/><U30/><E112/><V107/><F107/><W10/><G75/><T77/><D77/><U46/><E90/><V17/><F45/><W39/><G39/><T72/><D72/><U103/><E99/><V22/><F43/><W25/><G96/><N who="0" m="57351" /><D129/><N who="1" m="49771" /><E30/><V44/><F44/><W15/><G81/><T59/><D123/><U3/><E3/><V117/><F117/><W36/><G36/><T80/><D80/><U104/><E104/><V124/><F124/><W76/><G76/><T109/><D122/><U133/><E133/><V89/><F89/><W8/><G84/><T106/><D106/><U111/><E111/><V135/><F135/><W85/><G86/><T95/><D109/><U41/><E41/><V24/><F24/><W58/><G85/><T116/><D116/><U120/><E120/><V57/><F57/><AGARI ba="1,0" hai="2,6,9,46,51,54,57,62,66,100,103" m="49771" machi="57" ten="30,3900,0" yaku="19,1,52,2" doraHai="97" who="1" fromWho="2" sc="301,0,270,42,259,-42,170,0" /><INIT seed="3,0,0,4,0,83" ten="301,312,217,170" oya="3" hai0="89,110,108,47,10,75,48,79,28,39,49,69,33" hai1="122,26,107,42,101,77,81,105,44,76,82,21,127" hai2="90,13,34,17,120,31,18,1,88,94,55,6,132" hai3="123,78,91,14,57,40,54,99,74,125,58,106,22"/><W9/><G123/><T87/><D69/><U72/><E127/><V92/><F120/><W25/><G125/><T133/><D133/><U29/><E101/><V67/><F132/><W53/><G40/><N who="0" m="22943" /><D79/><U64/><E64/><V61/><F55/><W4/><G74/><T16/><D75/><U112/><E112/><V45/><F1/><W59/><G78/><T32/><D28/><U2/><E2/><V117/><F45/><W23/><G106/><T131/><D131/><U85/><REACH who="1" step="1"/><E122/><REACH who="1" ten="301,302,217,170" step="2"/><V130/><F130/><W12/><G12/><N who="0" m="7191" /><D33/><U11/><E11/><V52/><F67/><W60/><G22/><T70/><D32/><U62/><E62/><V104/><F61/><W109/><G60/><T19/><D70/><U56/><E56/><V24/><F34/><W63/><G63/><T37/><D37/><AGARI ba="0,1" hai="21,26,29,37,42,44,72,76,77,81,82,85,105,107" machi="37" ten="30,3900,0" yaku="1,1,7,1,52,1,53,0" doraHai="83" doraHaiUra="51" who="1" fromWho="0" sc="301,-39,302,49,217,0,170,0" /><INIT seed="4,0,0,1,5,0" ten="262,351,217,170" oya="0" hai0="95,121,31,7,114,10,54,119,22,82,68,85,44" hai1="109,113,106,39,77,12,90,30,72,28,64,18,130" hai2="61,49,36,15,8,94,29,58,47,24,134,108,79" hai3="1,48,81,99,74,34,17,65,86,25,53,2,63"/><T40/><D119/><U52/><E106/><V26/><F108/><W118/><G74/><T80/><D121/><U3/><E39/><V129/><F36/><W43/><G43/><T91/><D68/><U75/><E109/><V111/><F111/><W116/><G99/><T56/><D114/><U96/><E64/><V131/><F134/><W115/><G115/><T135/><D135/><U38/><E38/><V41/><F94/><W101/><G101/><T107/><D107/><U84/><E3/><V6/><F79/><W13/><G25/><N who="0" m="16823" /><D44/><U21/><E113/><V93/><F93/><W20/><G34/><T92/><D40/><U51/><E130/><N who="2" m="49675" /><F29/><W32/><G32/><T73/><D95/><N who="1" m="56439" /><E75/><V117/><F117/><W104/><G104/><T62/><D73/><U78/><E77/><V89/><F89/><W97/><G97/><T27/><D27/><U110/><E110/><V133/><F133/><W35/><G35/><T112/><D112/><U9/><E72/><V59/><F59/><W123/><G123/><T14/><AGARI ba="0,0" hai="7,10,14,54,56,62,80,82,85,91,92" m="16823" machi="14" ten="30,3000,0" yaku="8,1,52,1" doraHai="0" who="0" fromWho="0" sc="262,30,351,-10,217,-10,170,-10" /><INIT seed="4,1,0,5,2,51" ten="292,341,207,160" oya="0" hai0="5,98,74,105,129,69,104,117,68,120,53,121,131" hai1="37,48,99,86,82,36,17,63,101,93,56,22,79" hai2="6,66,9,67,30,60,61,8,46,127,43,102,92" hai3="7,28,29,26,39,11,70,54,103,34,77,126,135"/><T96/><D74/><U24/><REACH who="1" step="1"/><E48/><REACH who="1" ten="292,331,207,160" step="2"/><V52/><F127/><W118/><G126/><T109/><D121/><U3/><E3/><V31/><F67/><AGARI ba="1,1" hai="17,22,24,36,37,56,63,67,79,82,86,93,99,101" machi="67" ten="30,3900,0" yaku="21,2,7,1,53,0" doraHai="51" doraHaiUra="113" who="1" fromWho="2" sc="292,0,331,52,207,-42,160,0" /><INIT seed="5,0,0,0,3,47" ten="292,383,165,160" oya="1" hai0="50,53,51,129,61,57,119,82,126,101,93,71,90" hai1="134,115,74,13,109,16,32,2,38,26,113,111,28" hai2="79,66,8,43,64,52,22,83,10,48,58,55,104" hai3="35,67,14,114,96,132,6,65,118,17,15,1,73"/><U107/><E107/><V131/><F104/><W81/><G114/><N who="1" m="43530" /><E74/><V122/><F122/><W45/><G35/><T100/><D119/><U44/><E2/><V77/><F131/><W106/><G118/><T21/><D126/><U98/><E98/><V41/><F22/><W112/><G112/><T60/><D82/><U56/><E56/><N who="2" m="32871" /><F83/><W40/><G132/><T63/><D71/><U87/><E87/><V125/><F125/><W19/><G1/><T103/><D129/><U69/><E69/><V116/><F116/><W133/><G6/><T68/><D21/><N who="1" m="11407" /><E134/><V97/><F97/><W76/><G96/><N who="0" m="57399" /><D68/><U23/><E32/><V70/><F70/><W78/><G106/><T59/><D61/><U86/><E86/><V62/><F79/><W102/><G78/><T72/><D72/><U37/><E37/><V89/><F77/><W127/><G127/><T39/><D39/><U12/><E12/><V108/><F108/><W46/><G133/><T25/><D25/><U84/><E84/><V120/><F120/><W110/><G110/><T105/><D105/><U75/><E75/><V4/><F89/><W123/><G123/><T11/><D11/><N who="2" m="4138" /><F4/><W31/><G76/><T7/><D7/><U130/><E130/><V20/><F20/><W92/><G73/><T42/><D59/><U9/><E9/><V85/><F85/><W124/><G124/><T27/><D27/><U88/><E88/><V99/><F99/><W95/><G81/><T29/><D57/><U117/><E117/><V33/><F33/><W36/><G36/><T49/><D103/><U5/><E5/><RYUUKYOKU ba="0,0" sc="292,-15,383,15,165,15,160,-15" hai1="23,26,28,38,44,109,111" hai2="41,43,52,58,62,64,66" /><INIT seed="5,1,0,1,3,134" ten="277,398,180,145" oya="1" hai0="130,41,105,31,10,109,95,71,17,42,54,20,21" hai1="18,68,85,129,92,44,114,25,93,60,16,40,2" hai2="14,88,119,11,7,82,101,56,27,132,117,102,121" hai3="116,66,30,91,128,126,47,76,111,26,83,51,52"/><U73/><E2/><V67/><F121/><W124/><G111/><T96/><D109/><U72/><E114/><V125/><F132/><W8/><G128/><T106/><D71/><U29/><E93/><V80/><F119/><W87/><G116/><T5/><D130/><U53/><E73/><V15/><F117/><W112/><G112/><T23/><D31/><U98/><E85/><N who="2" m="50215" /><F82/><W45/><G66/><T110/><D17/><U50/><E72/><V36/><F36/><W133/><G133/><T78/><D78/><U74/><E74/><V3/><F3/><W103/><G103/><T34/><D34/><U108/><E108/><V13/><F27/><W58/><G76/><T59/><D110/><U77/><E77/><V99/><F125/><N who="3" m="48235" /><G8/><T61/><D106/><U48/><E129/><V86/><F86/><W28/><G28/><T39/><D105/><U107/><E107/><V57/><F67/><W35/><AGARI ba="1,0" hai="26,30,35,45,47,51,52,58,83,87,91" m="48235" machi="35" ten="30,8000,1" yaku="18,1,52,3,54,1" doraHai="134" who="3" fromWho="3" sc="277,-21,398,-41,180,-21,145,83" /><INIT seed="6,0,0,4,0,72" ten="256,357,159,228" oya="2" hai0="129,63,49,83,98,116,65,110,11,92,26,133,14" hai1="3,57,24,127,23,94,122,111,8,87,22,12,17" hai2="75,31,58,35,70,54,2,88,67,86,39,82,15" hai3="93,5,104,131,66,52,118,106,44,79,55,84,74"/><V60/><F2/><W13/><G118/><T123/><D110/><U51/><E3/><V108/><F108/><W29/><G74/><T121/><D129/><U62/><E111/><V73/><F39/><W132/><G66/><T25/><D133/><U59/><E127/><V61/><REACH who="2" step="1"/><F15/><REACH who="2" ten="256,357,149,228" step="2"/><W97/><G132/><T19/><D14/><U18/><E12/><V114/><F114/><W1/><G1/><T68/><D116/><U112/><E112/><V10/><F10/><W135/><G135/><T71/><D11/><U30/><E8/><V105/><F105/><W76/><G106/><T115/><D115/><U69/><E122/><V90/><F90/><N who="3" m="55479" /><G104/><T40/><D123/><U21/><E18/><V80/><F80/><W50/><G131/><T47/><D83/><U42/><E17/><V120/><F120/><W4/><G13/><T95/><D19/><U128/><E128/><V119/><F119/><W37/><G37/><T124/><D121/><U113/><E113/><V33/><F33/><W102/><G29/><T109/><D109/><U53/><E30/><V41/><F41/><W6/><G102/><T81/><D81/><U16/><E42/><V134/><F134/><W28/><G28/><T126/><D126/><U38/><E38/><V77/><F77/><N who="3" m="29771" /><G84/><T9/><D124/><U103/><E87/><V46/><F46/><W130/><G130/><T89/><D47/><U64/><E103/><V36/><F36/><W48/><G5/><T99/><D89/><U107/><E107/><V32/><F32/><W7/><G4/><T100/><D100/><U78/><E16/><RYUUKYOKU ba="0,1" sc="256,-15,357,-15,149,15,228,15" hai2="31,35,54,58,60,61,67,70,73,75,82,86,88" hai3="6,7,44,48,50,52,55" /><INIT seed="6,1,1,0,3,85" ten="241,342,164,243" oya="2" hai0="57,10,126,20,99,56,69,114,131,120,108,32,70" hai1="11,33,38,124,52,9,113,3,19,121,100,43,22" hai2="35,109,129,21,13,106,37,93,110,25,82,0,135" hai3="36,128,68,26,134,18,4,87,112,5,30,76,88"/><V96/><F37/><W48/><G36/><T122/><D108/><N who="2" m="41578" /><F106/><W34/><G68/><T118/><D32/><U89/><E43/><V6/><F82/><W42/><G128/><T81/><D114/><U46/><E38/><V53/><F129/><W111/><G111/><T80/><D126/><U105/><E105/><V29/><F53/><W102/><G102/><T40/><D131/><U115/><E52/><V84/><F84/><W58/><G134/><T24/><D40/><U28/><E124/><V31/><F135/><W63/><G112/><T75/><D81/><U15/><E46/><V45/><F45/><N who="3" m="25655" /><G30/><T132/><D132/><U2/><E115/><V133/><F133/><W78/><G34/><T92/><D80/><U51/><E51/><V72/><F72/><W71/><G71/><T101/><D75/><U12/><E113/><V17/><F31/><W47/><G47/><T16/><D118/><U79/><E28/><V125/><F125/><W83/><G76/><T8/><D122/><U67/><E79/><V66/><F66/><N who="3" m="39287" /><G78/><T94/><D120/><U54/><E121/><V55/><F55/><W104/><G104/><T65/><D65/><U117/><E54/><V49/><F49/><W97/><G97/><T95/><D99/><U130/><E67/><V50/><F50/><W77/><G77/><T44/><D44/><U62/><E130/><V14/><F0/><W59/><G59/><N who="0" m="22603" /><D101/><U86/><E2/><V107/><F107/><W1/><G1/><T116/><D116/><U7/><E3/><V91/><F6/><W64/><G64/><T98/><D98/><RYUUKYOKU ba="1,1" sc="241,10,342,-30,164,10,243,10" hai0="8,10,16,20,24,69,70,92,94,95" hai2="13,14,17,21,25,29,35,91,93,96" hai3="4,5,18,26,83,87,88" /><INIT seed="6,2,1,2,2,37" ten="251,312,174,253" oya="2" hai0="119,91,11,62,133,126,103,1,27,73,49,18,108" hai1="125,112,115,2,100,14,92,36,65,98,38,72,82" hai2="19,106,59,44,42,30,21,122,109,34,31,117,12" hai3="13,116,113,0,5,107,71,17,127,88,22,63,67"/><V134/><F117/><W35/><G116/><T81/><D119/><U51/><E2/><V77/><F122/><W130/><G107/><T54/><D108/><U123/><E125/><V95/><F106/><W75/><G75/><T129/><D103/><U90/><E65/><V105/><F105/><W4/><G127/><T39/><D39/><U80/><E123/><V16/><F109/><W93/><G130/><T121/><D133/><U40/><E14/><N who="2" m="9463" /><F34/><W111/><G111/><T132/><D132/><U131/><E131/><V99/><F134/><W32/><G113/><T8/><D121/><U26/><E72/><V128/><F77/><W41/><G41/><T29/><D62/><U87/><E26/><V76/><F76/><W94/><G94/><T55/><D55/><U46/><E82/><V25/><F59/><W47/><G47/><T83/><D73/><U61/><E36/><V74/><F74/><W33/><REACH who="3" step="1"/><G0/><REACH who="3" ten="251,312,174,243" step="2"/><T66/><D1/><U52/><E115/><V53/><F128/><W101/><G101/><T120/><D129/><U118/><E112/><V6/><F42/><W104/><G104/><T24/><D126/><U20/><E118/><V9/><F44/><W85/><AGARI ba="2,2" hai="4,5,13,17,22,32,33,35,63,67,71,85,88,93" machi="85" ten="30,4000,0" yaku="1,1,0,1,54,1,53,0" doraHai="37" doraHaiUra="110" who="3" fromWho="3" sc="251,-12,312,-12,174,-22,243,66" /><INIT seed="7,0,0,0,5,86" ten="239,300,152,309" oya="3" hai0="104,127,92,111,85,95,26,131,25,118,37,44,47" hai1="97,113,18,100,69,83,21,116,90,99,9,34,24" hai2="70,22,82,49,64,88,114,71,75,23,27,4,133" hai3="115,132,59,89,41,128,31,79,0,32,50,66,6"/><W28/><G32/><T48/><D104/><U12/><E113/><V101/><F114/><W67/><G115/><T45/><D37/><U109/><E109/><V106/><F133/><W33/><G33/><T51/><D127/><U54/><E69/><V73/><F4/><W125/><G125/><T58/><D131/><U20/><E34/><V134/><F134/><W11/><G132/><T8/><D8/><U77/><E54/><V68/><F64/><W46/><G79/><T43/><D58/><U62/><E62/><V94/><F101/><W105/><G105/><T5/><D5/><U107/><E24/><V60/><F106/><W91/><G128/><T93/><D118/><U80/><E116/><V30/><F60/><W103/><G103/><T135/><D111/><U13/><E13/><V81/><F49/><W76/><G76/><T129/><D129/><U61/><E61/><V16/><F75/><W14/><G0/><T7/><D7/><U1/><E1/><V119/><F119/><W72/><G72/><T2/><D2/><U19/><E77/><V35/><F73/><W96/><G96/><T126/><D126/><U57/><E99/><V120/><F120/><W108/><G108/><T40/><D45/><U112/><E57/><V39/><F39/><W124/><G124/><T84/><D135/><U87/><E112/><V122/><F122/><W121/><G121/><T63/><D63/><U29/><E97/><N who="2" m="57543" /><F35/><W52/><G66/><T117/><D117/><U15/><E100/><V110/><F110/><W38/><G67/><T56/><D56/><U17/><E107/><RYUUKYOKU ba="0,0" sc="239,10,300,-30,152,10,309,10" hai0="25,26,40,43,44,47,48,51,84,85,92,93,95" hai2="16,22,23,27,30,68,70,71,81,82" hai3="6,11,14,28,31,38,41,46,50,52,59,89,91" owari="249,-15.0,270,7.0,162,-34.0,319,42.0" /></mjloggm>