<mjloggm ver="2.3"><GO type="97" lobby="0"/><UN n0="%65%6D%70%39%72%6F%72" n1="%74%6F%6F%73%68%69%72%6F" n2="%E5%B0%B1%E6%B4%BB%E7%94%9F%40%E5%B7%9D%E6%9D%91%E8%BB%8D%E5%9B%A3" n3="%E9%89%84%E4%B8%B8" dan="14,15,15,14" rate="1944.00,1934.87,2081.53,1873.51" sx="M,M,M,M"/><TAIKYOKU oya="0"/><INIT seed="0,0,0,2,2,49" ten="250,250,250,250" oya="0" hai0="78,132,43,82,86,56,21,7,105,116,90,129,101" hai1="134,55,91,54,65,126,31,135,83,13,118,94,111" hai2="0,48,58,28,130,99,110,115,77,19,37,85,68" hai3="4,102,41,81,98,39,62,45,32,88,69,74,96"/><T53/><D116/><U131/><E111/><V52/><F115/><W75/><G32/><T71/><D71/><U38/><E38/><V12/><F0/><W3/><G3/><T22/><D132/><N who="1" m="50731" /><E131/><V67/><F37/><W72/><G4/><T2/><D129/><U15/><E65/><V84/><F130/><W36/><G36/><T117/><D43/><U10/><E126/><V80/><F110/><W11/><G11/><T89/><D117/><U42/><E42/><V26/><F99/><W33/><G33/><T125/><D125/><U25/><E83/><V24/><F84/><W76/><G98/><T34/><D34/><N who="1" m="20847" /><E118/><V64/><F68/><W60/><G69/><T112/><D112/><U18/><E13/><V46/><F46/><W70/><G70/><T104/><D2/><U50/><E50/><V87/><F87/><AGARI ba="0,0" hai="10,15,18,54,55,87,91,94" m="20847,50731" machi="87" ten="30,3900,0" yaku="20,1,52,2" doraHai="49" who="1" fromWho="2" sc="250,0,250,39,250,-39,250,0" /><INIT seed="1,0,0,5,3,121" ten="250,289,211,250" oya="1" hai0="58,19,29,51,86,104,22,109,91,78,54,32,69" hai1="114,10,90,102,41,130,105,15,59,116,52,21,113" hai2="103,67,106,11,34,131,16,31,118,25,49,38,76" hai3="27,62,124,18,132,39,3,123,73,89,36,128,8"/><U42/><E116/><V82/><F38/><W61/><G123/><T30/><D104/><U120/><E120/><V48/><F118/><W119/><G124/><T2/><D69/><U5/><E130/><V117/><F117/><W92/><G132/><T37/><D37/><U64/><E64/><V68/><F131/><W96/><G128/><T63/><D2/><U134/><E134/><V126/><F126/><W115/><G115/><T55/><D78/><U26/><E114/><V7/><F68/><W98/><G119/><T108/><D32/><U40/><E113/><V13/><F67/><W75/><G98/><T0/><D0/><U88/><E102/><V129/><F129/><W14/><G3/><T112/><D112/><U111/><E105/><V44/><F44/><W133/><G133/><T12/><D30/><N who="1" m="17743" /><E111/><N who="0" m="42569" /><D29/><U33/><E33/><V20/><F103/><W125/><G125/><T35/><D35/><U77/><E77/><V94/><F94/><W83/><G39/><T93/><D55/><U50/><AGARI ba="0,0" hai="5,10,15,40,41,42,50,52,59,88,90" m="17743" machi="50" ten="30,6000,0" yaku="8,1,54,2" doraHai="121" who="1" fromWho="1" sc="250,-20,289,60,211,-20,250,-20" /><INIT seed="1,1,0,2,0,98" ten="230,349,191,230" oya="1" hai0="115,81,19,95,12,5,114,69,135,126,41,112,83" hai1="71,18,59,86,106,129,52,17,23,13,119,8,75" hai2="20,3,24,111,117,134,128,133,6,34,77,37,84" hai3="123,53,16,109,55,63,27,14,85,42,54,90,11"/><U1/><E75/><V125/><F37/><W31/><G123/><T79/><D69/><U49/><E71/><V87/><F77/><W51/><G109/><T101/><D135/><N who="2" m="51722" /><F117/><W132/><G132/><T78/><D126/><U45/><E106/><V122/><F122/><W2/><G2/><T44/><D5/><U120/><E120/><V7/><F125/><W32/><G42/><T67/><D67/><U93/><E129/><V127/><F127/><W4/><G63/><T62/><D62/><U124/><E119/><V33/><F128/><W92/><REACH who="3" step="1"/><G4/><REACH who="3" ten="230,349,191,220" step="2"/><N who="2" m="1577" /><F3/><W99/><G99/><T38/><D115/><U105/><E1/><V28/><F111/><W57/><AGARI ba="1,1" hai="11,14,16,27,31,32,51,53,54,55,57,85,90,92" machi="57" ten="20,5200,0" yaku="1,1,0,1,7,1,54,1,53,0" doraHai="98" doraHaiUra="96" who="3" fromWho="3" sc="230,-14,349,-27,191,-14,220,65" /><INIT seed="2,0,0,3,2,48" ten="216,322,177,285" oya="2" hai0="125,55,87,19,8,97,133,89,66,81,54,28,116" hai1="45,16,123,122,33,113,129,63,1,117,104,110,39" hai2="91,95,6,37,0,2,90,80,18,93,31,53,10" hai3="128,61,69,4,7,30,50,127,56,119,29,3,44"/><V76/><F37/><W94/><G69/><T24/><D133/><U34/><RYUUKYOKU type="yao9" ba="0,0" sc="216,0,322,0,177,0,285,0" hai1="1,16,33,34,39,45,63,104,110,113,117,122,123,129" /><INIT seed="2,1,0,5,1,70" ten="216,322,177,285" oya="2" hai0="50,84,117,28,57,6,63,100,54,66,51,85,41" hai1="98,49,104,64,109,103,48,25,107,130,65,112,40" hai2="4,91,78,42,30,124,1,80,106,35,15,99,123" hai3="71,56,53,39,82,134,14,102,7,27,113,44,16"/><V131/><F123/><W88/><G71/><T133/><D133/><U43/><E109/><V115/><F115/><W69/><G69/><T55/><D117/><U89/><E130/><V11/><F131/><W135/><G113/><T62/><D41/><U52/><E89/><V33/><F124/><W121/><G121/><T38/><D38/><U108/><E108/><V75/><F30/><W46/><G102/><T76/><D100/><U34/><E107/><V86/><F15/><W101/><G101/><T26/><D6/><U10/><E48/><V129/><F129/><W79/><G7/><T118/><D118/><U120/><E65/><V37/><F99/><W110/><G110/><T47/><D76/><U60/><E10/><V68/><F68/><W18/><G27/><T32/><REACH who="0" step="1"/><D63/><REACH who="0" ten="206,322,177,285" step="2"/><U125/><E60/><V19/><F106/><W74/><G39/><T111/><D111/><U77/><E77/><V23/><F42/><W92/><G135/><T94/><D94/><U87/><E43/><V119/><F37/><W95/><G134/><T9/><D9/><U31/><E40/><V8/><F119/><W13/><G95/><T72/><D72/><U20/><E104/><V24/><REACH who="2" step="1"/><F8/><REACH who="2" ten="206,322,167,285" step="2"/><W0/><G0/><T127/><D127/><U126/><E126/><V90/><F90/><W116/><G88/><T96/><D96/><U114/><E98/><V61/><F61/><W2/><G116/><T58/><AGARI ba="1,2" hai="26,28,32,47,50,51,54,55,57,58,62,66,84,85" machi="58" ten="20,5200,0" yaku="1,1,0,1,7,1,53,1" doraHai="70" doraHaiUra="29" who="0" fromWho="0" sc="206,75,322,-14,167,-27,285,-14" /><INIT seed="3,0,0,2,5,71" ten="281,308,140,271" oya="3" hai0="22,17,115,43,94,98,41,123,99,116,51,106,57" hai1="54,75,9,23,20,30,32,33,118,110,131,87,0" hai2="130,50,60,107,109,77,127,28,64,63,58,49,10" hai3="84,133,122,78,67,117,88,39,72,120,92,13,108"/><W124/><G117/><T53/><D116/><U11/><E75/><V135/><F107/><W8/><G67/><T56/><D123/><U89/><E118/><V52/><F109/><W38/><G133/><T61/><D106/><U4/><E110/><V31/><F135/><W111/><G108/><T83/><D83/><U114/><E131/><V129/><F77/><W69/><G111/><T101/><D99/><U125/><E125/><V91/><F91/><W27/><G69/><T126/><D126/><U86/><E86/><V36/><F127/><W35/><G124/><T132/><D115/><U66/><E66/><V16/><F31/><W34/><G122/><T62/><D132/><U15/><E114/><V68/><F28/><W65/><G65/><T42/><REACH who="0" step="1"/><D57/><REACH who="0" ten="271,308,140,271" step="2"/><U113/><E113/><V76/><F76/><W80/><G120/><T7/><D7/><U95/><E33/><V105/><F105/><W21/><G35/><T93/><D93/><U19/><E32/><V26/><F36/><W59/><G59/><T96/><D96/><U45/><E30/><V3/><F3/><W55/><G34/><T5/><D5/><U12/><E0/><V81/><F81/><W18/><G55/><T48/><D48/><AGARI ba="0,1" hai="4,9,11,12,15,19,20,23,45,48,54,87,89,95" machi="48" ten="40,1300,0" yaku="8,1" doraHai="71" who="1" fromWho="0" sc="271,-13,308,23,140,0,271,0" owari="258,-14.0,331,43.0,140,-36.0,271,7.0" /></mjloggm>