<mjloggm ver="2.3"><GO type="97" lobby="0"/><UN n0="%E5%B0%B1%E6%B4%BB%E7%94%9F%40%E5%B7%9D%E6%9D%91%E8%BB%8D%E5%9B%A3" n1="%79%61%6D%61%61%70%71" n2="%E3%81%9F%E3%81%82%E3%81%BC%E3%81%86%E9%9B%80%E4%BA%94%E9%83%8E" n3="%57%65%62%63%6F%6D" dan="15,16,13,14" rate="2116.48,1999.02,1922.60,1880.27" sx="M,M,M,M"/><TAIKYOKU oya="0"/><INIT seed="0,0,0,4,1,124" ten="250,250,250,250" oya="0" hai0="38,77,24,94,81,121,69,73,129,123,78,46,70" hai1="0,91,47,113,21,120,64,74,48,55,53,71,26" hai2="87,65,12,110,11,67,59,82,3,58,104,28,61" hai3="50,105,80,130,135,122,14,44,39,102,52,128,54"/><T100/><D129/><N who="3" m="49769" /><G135/><T96/><D78/><U27/><E120/><V83/><F104/><W18/><G122/><T117/><D117/><U45/><E0/><V103/><F3/><W17/><G17/><T101/><D101/><U79/><E71/><V37/><F37/><W89/><G105/><T72/><D72/><U16/><E64/><V132/><F103/><W99/><G102/><T43/><D70/><U114/><E91/><V112/><F132/><W8/><G39/><T5/><D69/><U115/><E53/><V84/><F112/><W126/><G126/><T97/><D97/><U85/><E74/><V34/><F28/><W40/><G99/><T31/><REACH who="0" step="1"/><D5/><REACH who="0" ten="240,250,250,250" step="2"/><U106/><E114/><V62/><F87/><AGARI ba="0,1" hai="8,14,18,40,44,50,52,54,80,87,89" m="49769" machi="87" ten="30,8000,1" yaku="19,1,52,3,54,1" doraHai="124" who="3" fromWho="2" sc="240,0,250,0,250,-80,250,90" /><INIT seed="1,0,0,1,3,57" ten="240,250,170,340" oya="1" hai0="115,113,61,135,84,73,85,13,70,122,36,28,63" hai1="87,0,119,40,108,78,2,105,102,83,67,44,52" hai2="130,17,77,88,20,116,112,5,82,96,89,107,27" hai3="64,131,66,134,111,71,129,34,90,124,94,3,19"/><U1/><E119/><V8/><F116/><W6/><G34/><T93/><D73/><U9/><E67/><V65/><F112/><W118/><G118/><T41/><D70/><U22/><E22/><V69/><F130/><N who="3" m="49675" /><G111/><T76/><D135/><U7/><E108/><V47/><F47/><W49/><G71/><T45/><D28/><U42/><E105/><V15/><F96/><W51/><G6/><T114/><D122/><U11/><E102/><V132/><F107/><W12/><G3/><T97/><D13/><U72/><E72/><V133/><F132/><W53/><G51/><T58/><D76/><U38/><E40/><V123/><F123/><W74/><G124/><T32/><D32/><U26/><E26/><V127/><F127/><W109/><G74/><T117/><D117/><U121/><E121/><V33/><F133/><W10/><G109/><T104/><D104/><U128/><E128/><V120/><F120/><W99/><G134/><T86/><REACH who="0" step="1"/><D58/><AGARI ba="0,0" hai="10,12,19,49,53,58,64,66,90,94,99" m="49675" machi="58" ten="30,1000,0" yaku="19,1" doraHai="57" who="3" fromWho="0" sc="240,-10,250,0,170,0,340,10" /><INIT seed="2,0,0,3,1,14" ten="230,250,170,350" oya="2" hai0="37,114,125,124,61,81,20,109,105,39,69,7,95" hai1="112,44,19,116,96,43,130,63,110,117,18,13,3" hai2="111,28,6,1,66,9,132,94,86,127,23,45,41" hai3="11,119,84,90,122,33,65,113,120,50,4,103,52"/><V40/><F132/><W129/><G33/><T22/><D105/><U79/><E112/><V53/><F127/><N who="0" m="48714" /><D109/><U67/><E3/><V34/><F111/><W62/><G119/><T76/><D7/><U32/><E110/><V99/><F86/><W15/><G129/><T83/><D95/><U59/><E32/><V26/><F66/><W73/><G103/><T128/><D128/><U126/><E130/><V8/><F8/><W97/><G97/><T101/><D101/><U68/><E68/><V16/><F53/><W85/><G85/><N who="0" m="48295" /><D83/><U38/><E126/><V121/><F45/><W58/><G73/><T56/><D69/><U35/><E79/><V115/><F121/><W47/><G113/><T60/><D60/><U93/><E35/><V0/><F0/><W123/><G123/><T78/><D78/><U54/><E67/><V104/><F104/><W108/><G108/><T82/><D82/><AGARI ba="0,0" hai="4,11,15,47,50,52,58,62,65,82,84,90,120,122" machi="82" ten="30,2000,0" yaku="7,1,54,1" doraHai="14" who="3" fromWho="0" sc="230,-20,250,0,170,0,350,20" /><INIT seed="3,0,0,5,3,45" ten="210,250,170,370" oya="3" hai0="107,64,106,36,110,130,112,58,8,22,115,94,135" hai1="134,37,2,27,47,55,117,39,10,21,40,35,46" hai2="108,16,82,48,9,100,104,34,65,103,49,88,99" hai3="25,60,28,4,76,84,87,51,85,15,96,1,43"/><W80/><G1/><T12/><D36/><U5/><E134/><V128/><F34/><W105/><G60/><T63/><D130/><U20/><E117/><V118/><F118/><W68/><G68/><T127/><D127/><U86/><E86/><N who="2" m="50263" /><F128/><W123/><G105/><T122/><D110/><U133/><E133/><V91/><F104/><W102/><G96/><T74/><D74/><U18/><E35/><V0/><F0/><W70/><G102/><N who="2" m="38953" /><F108/><W62/><G123/><T29/><D94/><U24/><E55/><V44/><F65/><W59/><G70/><T81/><D81/><U50/><E46/><V13/><F44/><W52/><G4/><N who="0" m="3079" /><D122/><U17/><AGARI ba="0,0" hai="2,5,10,17,18,20,21,24,27,37,39,40,47,50" machi="17" ten="20,5200,0" yaku="0,1,7,1,9,1,52,1" doraHai="45" who="1" fromWho="1" sc="210,-13,250,52,170,-13,370,-26" owari="197,-20.0,302,10.0,157,-34.0,344,44.0" /></mjloggm>