<mjloggm ver="2.3"><GO type="169" lobby="0"/><UN n0="%E3%82%A6%E3%83%AB%E3%83%88%E3%83%A9%E7%AB%8B%E7%9B%B4" n1="%E3%83%95%E3%82%A7%E3%83%AB%E3%83%8A%E3%83%B3%E3%83%89" n2="%61%6B%69%21%21%21" n3="%E3%83%AB%E3%82%BF%E3%82%B9%E3%82%B1" dan="17,16,17,17" rate="2158.16,2092.08,2179.39,2191.45" sx="M,M,M,M"/><TAIKYOKU oya="0"/><INIT seed="0,0,0,4,2,123" ten="250,250,250,250" oya="0" hai0="128,62,2,14,40,109,12,69,120,91,68,90,131" hai1="105,70,56,135,50,42,60,18,82,132,29,111,30" hai2="102,133,25,129,7,88,61,27,85,6,72,73,92" hai3="67,76,81,8,101,107,57,44,71,17,66,100,116"/><T4/><D120/><U36/><E105/><V26/><F129/><N who="0" m="49738" /><D40/><U80/><E36/><V19/><F133/><N who="1" m="51273" /><E70/><N who="0" m="27241" /><D62/><U96/><E96/><N who="2" m="59655" /><F73/><W16/><G71/><T55/><D55/><N who="1" m="33823" /><E111/><V124/><F72/><W83/><G107/><T28/><D28/><N who="1" m="10859" /><E18/><V125/><F19/><W22/><G116/><T86/><D109/><U119/><E119/><V75/><F75/><W106/><G106/><T97/><D97/><U33/><E33/><V1/><F1/><W48/><G17/><T43/><D43/><U34/><E34/><V10/><F10/><W31/><G8/><N who="0" m="2071" /><D91/><U15/><E15/><V11/><F11/><W35/><G31/><T93/><AGARI ba="0,0" hai="12,14,86,90,93" m="2071,27241,49738" machi="93" ten="30,1500,0" yaku="19,1" doraHai="123" who="0" fromWho="0" sc="250,15,250,-5,250,-5,250,-5" /><INIT seed="0,1,0,2,3,81" ten="265,245,245,245" oya="0" hai0="50,56,111,38,44,51,11,65,117,77,23,134,91" hai1="68,15,17,43,60,118,90,48,120,128,28,102,97" hai2="126,41,29,47,122,5,55,114,24,110,26,27,58" hai3="66,14,116,119,86,83,3,76,6,19,35,30,33"/><T94/><D117/><U123/><E118/><V107/><F122/><W78/><G66/><T61/><D134/><U112/><E128/><V131/><F114/><W20/><G76/><T22/><D111/><U42/><E112/><V95/><F107/><W104/><G104/><T39/><D77/><U21/><E28/><V52/><F131/><W135/><G135/><T124/><D124/><U133/><E133/><V96/><F126/><W127/><G35/><T70/><D11/><U71/><E123/><V105/><F105/><W93/><G127/><T74/><D74/><U121/><E121/><V75/><F75/><W84/><G3/><T101/><D101/><U89/><E120/><V34/><F5/><W46/><G46/><T113/><D113/><U13/><E102/><V12/><F12/><W80/><G6/><T100/><D100/><U25/><E25/><V129/><F55/><W73/><G73/><T16/><D70/><U88/><E97/><V57/><F57/><W4/><G4/><T8/><D39/><U40/><E60/><V49/><F110/><W79/><G93/><T63/><D63/><U64/><E64/><V59/><F59/><W62/><G62/><T115/><D115/><U7/><REACH who="1" step="1"/><E48/><REACH who="1" ten="265,235,245,245" step="2"/><N who="2" m="26735" /><F129/><W45/><G45/><T98/><D38/><U99/><E99/><V54/><F29/><W69/><G69/><T130/><D130/><U53/><E53/><N who="2" m="32047" /><F34/><W1/><G1/><T31/><D31/><U9/><AGARI ba="1,1" hai="7,9,13,15,17,21,40,42,43,68,71,88,89,90" machi="9" ten="40,5200,0" yaku="1,1,0,1,54,1,53,0" doraHai="81" doraHaiUra="106" who="1" fromWho="1" sc="265,-27,235,65,245,-14,245,-14" /><INIT seed="1,0,0,5,5,92" ten="238,300,231,231" oya="1" hai0="46,89,1,30,29,33,121,52,21,70,85,9,25" hai1="7,107,97,132,112,69,47,116,51,105,104,76,4" hai2="40,48,73,14,67,18,91,8,15,74,64,135,31" hai3="118,54,120,53,22,125,45,65,119,50,56,41,95"/><U115/><E116/><N who="3" m="44586" /><G22/><T17/><D70/><U81/><E69/><V42/><F135/><W61/><G95/><T130/><D130/><U11/><E132/><V77/><F77/><W37/><G120/><T68/><D68/><U75/><E97/><V23/><F74/><W66/><G125/><T2/><D121/><U79/><E79/><V127/><F73/><W36/><G36/><T94/><D9/><U123/><E123/><V114/><F114/><W93/><G93/><T43/><D52/><U110/><E110/><V78/><F78/><W108/><G108/><T35/><D30/><U57/><E57/><AGARI ba="0,0" hai="37,41,45,50,53,54,56,57,61,65,66" m="44586" machi="57" ten="30,3900,0" yaku="12,1,34,2" doraHai="92" who="3" fromWho="1" sc="238,0,300,-39,231,0,231,39" /><INIT seed="2,0,0,0,2,82" ten="238,261,231,270" oya="2" hai0="0,81,89,131,109,71,74,53,80,116,76,132,126" hai1="73,77,2,78,33,92,10,35,121,115,105,47,65" hai2="51,87,112,23,93,75,84,134,43,28,94,133,38" hai3="27,68,45,66,29,98,100,123,129,96,26,9,55"/><V31/><F75/><W42/><G123/><T113/><RYUUKYOKU type="yao9" ba="0,0" sc="238,0,261,0,231,0,270,0" hai0="0,53,71,74,76,80,81,89,109,113,116,126,131,132" /><INIT seed="2,1,0,5,1,62" ten="238,261,231,270" oya="2" hai0="84,47,52,80,82,118,53,123,129,45,49,60,7" hai1="71,34,81,23,131,5,125,77,104,43,133,94,64" hai2="69,4,87,2,132,10,113,24,19,108,57,25,93" hai3="15,83,122,111,21,31,116,114,0,105,20,98,120"/><V102/><F69/><W28/><G116/><T127/><D123/><U115/><E104/><V56/><F113/><W99/><G114/><T42/><D118/><U27/><E115/><V12/><F132/><W61/><G0/><T100/><D127/><U124/><E34/><V30/><F108/><W109/><G105/><T97/><D129/><U88/><E131/><V70/><F70/><W59/><G83/><T36/><D7/><U103/><E133/><V51/><F25/><W95/><G15/><T86/><D86/><N who="1" m="48431" /><E103/><V11/><F51/><W16/><G61/><T76/><D82/><U106/><E106/><V89/><REACH who="2" step="1"/><F102/><REACH who="2" ten="238,261,221,270" step="2"/><W91/><G109/><T128/><D128/><U17/><E125/><V33/><AGARI ba="1,1" hai="2,4,10,11,12,19,24,30,33,56,57,87,89,93" machi="33" ten="20,12000,1" yaku="1,1,2,1,0,1,7,1,53,1" doraHai="62" doraHaiUra="8" who="2" fromWho="2" sc="238,-41,261,-41,221,133,270,-41" /><INIT seed="2,2,0,4,4,91" ten="197,220,354,229" oya="2" hai0="55,34,42,89,71,124,133,84,80,30,45,61,73" hai1="79,36,107,41,15,48,67,119,128,13,122,54,87" hai2="77,43,62,56,52,92,4,108,98,127,126,3,28" hai3="39,40,37,76,59,64,82,97,32,132,19,78,50"/><V22/><F108/><W110/><G32/><T44/><D124/><U86/><E119/><V88/><F77/><W117/><G117/><T129/><D133/><U74/><E107/><V57/><F43/><W63/><G132/><T58/><D129/><U130/><E74/><V35/><F35/><W66/><G110/><T69/><D73/><U16/><E122/><V29/><F4/><W17/><G66/><T53/><D30/><U68/><E36/><V72/><F3/><W24/><G24/><T101/><D34/><U94/><E41/><V65/><F72/><W113/><G113/><T121/><D121/><U9/><E68/><V20/><F20/><W25/><G25/><T60/><D101/><U120/><E67/><V114/><F114/><W103/><G76/><T111/><D111/><U118/><E118/><V31/><REACH who="2" step="1"/><F22/><REACH who="2" ten="197,220,344,229" step="2"/><W105/><G39/><T11/><D42/><U33/><E33/><V5/><F5/><W123/><G37/><T95/><D11/><U125/><E120/><V115/><F115/><W7/><G7/><T51/><D69/><U131/><E79/><V70/><F70/><W75/><G123/><T0/><D71/><U8/><E125/><V46/><F46/><W18/><G40/><T85/><D0/><U116/><E116/><V27/><F27/><W81/><G78/><N who="0" m="46103" /><D44/><N who="1" m="27911" /><E9/><V99/><F99/><W26/><G75/><T2/><D2/><U102/><E13/><V23/><F23/><W47/><G26/><T135/><D135/><U109/><E109/><V1/><F1/><W104/><G47/><T96/><D96/><AGARI ba="2,1" hai="8,15,16,86,87,94,96,102,128,130,131" m="27911" machi="96" ten="30,3900,0" yaku="19,1,52,1,54,1" doraHai="91" who="1" fromWho="0" sc="197,-45,220,55,344,0,229,0" /><INIT seed="3,0,0,4,4,31" ten="152,275,344,229" oya="3" hai0="75,34,99,25,125,46,117,123,118,68,40,48,29" hai1="86,0,115,74,37,49,135,127,45,114,110,33,44" hai2="51,61,53,113,56,67,58,41,42,19,26,73,120" hai3="22,98,54,8,72,62,60,81,43,77,80,129,90"/><W30/><G129/><T79/><D123/><U106/><RYUUKYOKU type="yao9" ba="0,0" sc="152,0,275,0,344,0,229,0" hai1="0,33,37,44,45,49,74,86,106,110,114,115,127,135" /><INIT seed="3,1,0,0,5,7" ten="152,275,344,229" oya="3" hai0="65,95,114,38,49,71,122,62,63,76,45,88,115" hai1="117,82,90,16,22,83,60,4,33,69,87,32,25" hai2="85,48,44,73,129,55,110,27,134,68,78,108,46" hai3="12,66,56,107,92,6,135,41,15,53,5,36,20"/><W132/><G107/><T52/><D122/><U34/><E117/><V1/><F73/><W128/><G66/><T118/><D118/><U57/><E69/><V67/><F1/><W28/><G36/><T51/><D76/><U30/><E4/><N who="3" m="1642" /><G41/><T50/><D38/><U105/><E105/><V39/><F67/><W91/><G128/><T116/><D116/><U101/><E101/><V74/><F74/><W23/><G132/><T133/><D133/><U111/><E111/><V131/><F68/><W29/><G23/><T99/><REACH who="0" step="1"/><D63/><REACH who="0" ten="142,275,344,229" step="2"/><U98/><E60/><V19/><F39/><W97/><G135/><T14/><D14/><N who="3" m="5161" /><G20/><T43/><D43/><U89/><E22/><V42/><F42/><W47/><G47/><T80/><D80/><U3/><E83/><V10/><F46/><W130/><G130/><T93/><D93/><U119/><E82/><N who="2" m="47319" /><F134/><W109/><G109/><T94/><D94/><U84/><E119/><V113/><F131/><W77/><G77/><T9/><D9/><U121/><E121/><V127/><F10/><W58/><G92/><T54/><D54/><U0/><E0/><V24/><F55/><W100/><G53/><T31/><D31/><U40/><E30/><V81/><F129/><W21/><G21/><T125/><D125/><U59/><E3/><V104/><F104/><N who="3" m="63503" /><G91/><T61/><D61/><U120/><E90/><V64/><F110/><W17/><G17/><T102/><D102/><U8/><E16/><V2/><F108/><W112/><G28/><T11/><D11/><U103/><E8/><V70/><F19/><W35/><G29/><RYUUKYOKU ba="1,1" sc="142,30,275,-10,344,-10,229,-10" hai0="45,49,50,51,52,62,65,71,88,95,99,114,115" /><INIT seed="4,2,1,0,3,89" ten="172,265,334,219" oya="0" hai0="117,121,55,133,12,85,56,0,61,5,77,35,64" hai1="7,125,67,111,24,46,2,79,18,80,25,53,127" hai2="6,43,14,39,30,88,16,86,116,19,17,122,96" hai3="4,74,1,41,118,62,130,82,99,13,71,31,135"/><T34/><D121/><U38/><E111/><V115/><F115/><W109/><G118/><T73/><D117/><U119/><E119/><V70/><F116/><W126/><G109/><T114/><D114/><U91/><E67/><V29/><F70/><W15/><G1/><T44/><D73/><U95/><E2/><V98/><F122/><W129/><G41/><T128/><D0/><U42/><E7/><V50/><F39/><W27/><G126/><N who="1" m="48138" /><E18/><N who="2" m="7275" /><F6/><W20/><G4/><T51/><D128/><N who="3" m="49257" /><G99/><N who="2" m="37929" /><F50/><W59/><G71/><T26/><D133/><U101/><E101/><V108/><F43/><W106/><G106/><T97/><D97/><N who="1" m="57599" /><E53/><V105/><F105/><W84/><G74/><AGARI ba="2,1" hai="24,25,38,42,46,74,79,80" m="57599,48138" machi="74" ten="30,2000,0" yaku="18,1,52,1" doraHai="89" who="1" fromWho="3" sc="172,0,265,36,334,0,219,-26" /><INIT seed="5,0,0,1,1,85" ten="172,301,334,193" oya="1" hai0="100,102,60,41,86,112,75,32,25,7,87,90,19" hai1="69,37,5,8,45,35,110,29,15,121,38,93,134" hai2="92,46,24,105,97,11,98,103,114,59,79,82,65" hai3="6,17,84,117,21,72,9,28,66,124,55,77,130"/><U16/><E121/><V116/><F116/><W113/><G117/><T76/><D112/><U126/><E69/><V4/><F114/><W135/><G113/><T122/><D122/><U61/><E126/><V71/><F46/><W131/><G72/><T2/><D75/><U73/><E73/><V80/><F24/><W31/><G66/><T125/><D125/><U118/><E118/><V111/><F71/><W108/><G124/><T78/><D41/><U70/><E134/><V0/><F79/><N who="0" m="30250" /><D2/><U1/><E110/><V54/><F65/><W53/><G108/><T120/><D32/><U51/><E93/><V64/><F64/><W27/><G135/><T81/><D120/><U128/><E128/><N who="3" m="49194" /><G77/><N who="0" m="46383" /><D7/><U36/><E70/><V23/><F23/><W10/><G84/><T123/><D60/><U42/><E61/><V43/><F43/><W68/><G68/><T48/><D48/><U26/><REACH who="1" step="1"/><E51/><REACH who="1" ten="172,291,334,193" step="2"/><V99/><F111/><W109/><G109/><T95/><D123/><U107/><E107/><V129/><F129/><W133/><G133/><T89/><D90/><U101/><E101/><V119/><F119/><W47/><G6/><T58/><D58/><U33/><E33/><V88/><F105/><W12/><G47/><T106/><D106/><U49/><E49/><N who="2" m="31183" /><F103/><W44/><G44/><T63/><D63/><U94/><E94/><V34/><F34/><N who="3" m="20767" /><G31/><T91/><D91/><U39/><E39/><V30/><F30/><W132/><G132/><T50/><D50/><U62/><E62/><V127/><F127/><W40/><G40/><T3/><D3/><U67/><E67/><RYUUKYOKU ba="0,1" sc="172,0,291,0,334,0,193,0" hai0="19,25,87,89,95,100,102" hai1="1,5,8,15,16,26,29,35,36,37,38,42,45" hai2="0,4,11,80,82,88,92,97,98,99" hai3="9,10,12,17,21,53,55" /><INIT seed="5,1,1,0,0,89" ten="172,291,334,193" oya="1" hai0="58,74,17,105,78,111,20,123,127,119,109,6,18" hai1="38,45,46,83,37,104,106,41,16,15,130,39,129" hai2="65,33,61,113,103,115,110,96,112,63,87,47,44" hai3="52,108,55,107,40,70,93,97,99,80,100,95,60"/><U4/><E4/><V19/><F33/><W114/><G108/><N who="0" m="41547" /><D105/><U84/><E106/><V124/><F110/><W53/><G114/><T26/><D78/><N who="1" m="46199" /><E41/><V24/><F124/><W76/><G40/><T125/><D74/><U118/><E104/><N who="2" m="63591" /><F87/><N who="3" m="48519" /><G107/><T94/><D58/><U35/><E35/><V71/><F63/><W22/><G70/><T98/><D119/><U79/><E79/><V122/><F122/><W25/><G60/><T77/><D77/><U23/><E118/><V72/><F72/><W50/><G50/><T68/><D68/><U85/><E85/><V59/><F71/><W54/><N who="3" m="13312" /><DORA hai="92" /><W48/><G48/><T34/><D6/><U121/><E121/><V10/><F47/><W3/><G3/><T27/><D123/><U120/><E120/><V21/><F44/><W57/><G57/><T90/><D34/><U81/><E81/><V67/><F67/><W102/><G22/><T135/><D20/><U86/><E86/><V126/><F126/><N who="0" m="48138" /><D135/><U82/><E82/><V14/><F65/><W64/><G64/><T75/><D75/><U66/><E66/><V30/><F61/><W2/><G2/><T73/><D73/><U131/><AGARI ba="1,1" hai="15,16,23,37,38,39,45,46,129,130,131" m="46199" machi="131" ten="40,3900,0" yaku="19,1,54,1" doraHai="89,92" who="1" fromWho="1" sc="172,-14,291,52,334,-14,193,-14" /><INIT seed="5,2,0,2,1,107" ten="158,343,320,179" oya="1" hai0="121,126,46,87,38,91,98,21,43,22,33,8,104" hai1="47,13,28,25,5,45,0,134,3,60,4,80,81" hai2="92,31,41,48,11,50,125,114,132,9,56,89,127" hai3="66,65,95,29,55,84,108,112,58,73,6,86,54"/><U123/><E123/><V39/><F39/><W42/><G73/><T93/><D33/><U12/><E60/><V10/><F132/><W59/><G108/><T67/><D121/><U94/><E94/><V79/><F79/><W24/><G42/><T128/><D128/><U101/><E25/><V7/><F7/><W115/><G95/><T49/><D126/><U70/><E101/><V109/><F109/><W69/><G24/><T51/><D67/><U111/><E70/><V96/><F114/><W124/><G29/><T119/><D119/><U72/><E28/><V117/><F117/><W57/><G6/><T68/><D68/><U2/><E2/><V82/><F82/><W32/><G32/><T90/><D8/><U76/><E111/><V74/><F31/><W97/><G97/><T26/><D104/><U135/><E76/><V23/><F92/><W64/><G69/><T120/><D120/><U14/><E14/><V130/><F96/><W18/><G18/><T37/><D37/><U52/><E52/><N who="3" m="20010" /><G124/><T77/><D38/><U1/><E3/><V63/><F41/><W75/><G75/><AGARI ba="2,0" hai="0,1,4,5,12,13,45,47,72,75,80,81,134,135" machi="75" ten="25,9600,0" yaku="22,2,52,2" doraHai="107" who="1" fromWho="3" sc="158,0,343,102,320,0,179,-102" /><INIT seed="5,3,0,2,1,18" ten="158,445,320,77" oya="1" hai0="102,93,17,127,4,76,52,44,13,116,57,21,113" hai1="75,42,87,58,48,22,121,45,108,60,73,55,23" hai2="115,125,54,51,130,70,77,94,33,112,98,91,99" hai3="24,53,49,0,123,124,90,82,80,46,131,47,38"/><U2/><E121/><V129/><F70/><W11/><G123/><T16/><D116/><U5/><E108/><V31/><F33/><W12/><G124/><T40/><D127/><U128/><E128/><V86/><F125/><W96/><G0/><T100/><D113/><N who="2" m="43594" /><F31/><W84/><G131/><N who="2" m="50185" /><F77/><W88/><G24/><N who="0" m="14375" /><D4/><U37/><E5/><V92/><F92/><N who="3" m="56343" /><G38/><T79/><D76/><U6/><E6/><V32/><F32/><W28/><G28/><T8/><D79/><U27/><E37/><V65/><F65/><W122/><G122/><T29/><D29/><U35/><E2/><V120/><F120/><W36/><G36/><T104/><D104/><U78/><E35/><V95/><F95/><N who="3" m="54663" /><G47/><AGARI ba="3,0" hai="47,51,54,86,91,94,98,99" m="50185,43594" machi="47" ten="30,3900,0" yaku="15,1,11,1,19,1" doraHai="18" who="2" fromWho="3" sc="158,0,445,0,320,48,77,-48" /><INIT seed="6,0,0,3,1,115" ten="158,445,368,29" oya="2" hai0="116,26,36,21,22,13,71,54,11,93,64,70,68" hai1="4,28,29,91,14,129,99,38,7,49,3,2,40" hai2="35,81,25,73,18,52,97,62,95,111,51,92,66" hai3="74,87,125,44,45,1,89,90,20,127,77,79,118"/><V128/><F128/><W98/><G1/><T105/><D105/><U80/><E38/><V82/><F111/><W121/><G20/><T33/><D64/><U19/><E129/><V6/><F6/><N who="1" m="2089" /><E3/><V102/><F73/><W53/><G53/><T31/><D36/><U0/><E0/><V39/><F95/><N who="3" m="56695" /><G44/><T84/><D54/><U16/><E2/><V109/><F39/><W30/><G30/><N who="1" m="11882" /><E14/><V5/><F109/><W119/><G45/><T126/><D11/><U46/><E99/><V117/><F117/><N who="3" m="44555" /><G121/><T94/><D31/><U134/><E134/><V37/><F5/><W76/><G74/><T47/><D22/><U130/><E130/><V15/><F25/><W106/><G106/><T60/><D26/><U59/><E59/><N who="2" m="37215" /><F35/><W58/><G58/><T12/><D33/><U124/><E19/><V122/><F122/><W100/><G100/><T103/><D103/><U63/><E16/><V9/><F37/><W86/><G89/><T67/><D116/><U135/><E91/><V61/><F61/><W32/><G32/><T72/><D60/><U112/><E63/><V110/><F110/><W131/><G131/><T133/><D71/><U41/><E49/><V85/><F51/><W108/><G108/><T75/><D68/><U50/><E50/><V83/><F52/><W17/><G17/><T101/><D70/><U88/><E41/><V24/><F24/><W48/><G48/><T78/><D72/><U114/><E40/><V10/><F10/><W123/><G123/><T65/><D75/><U34/><E34/><V113/><F18/><W104/><G104/><RYUUKYOKU ba="0,0" sc="158,-10,445,-10,368,-10,29,30" hai3="76,77,79,86,87,125,127" /><INIT seed="7,1,0,3,3,100" ten="148,435,358,59" oya="3" hai0="10,12,31,63,103,9,40,2,132,81,47,0,13" hai1="114,8,111,66,42,6,123,44,135,28,97,11,75" hai2="121,120,70,43,86,83,80,131,77,19,71,87,116" hai3="94,17,62,92,130,64,93,50,36,113,52,104,118"/><W48/><G36/><T95/><D0/><U57/><E111/><V96/><F116/><W18/><G118/><T109/><D2/><U124/><E123/><V24/><F43/><W67/><G130/><T107/><D107/><U90/><E75/><V22/><F131/><W15/><G104/><T133/><D109/><U5/><E114/><V74/><F74/><W119/><G119/><T82/><D31/><U14/><E135/><N who="0" m="51785" /><D63/><N who="1" m="38255" /><E124/><V32/><F32/><W101/><G101/><T68/><D68/><U53/><E42/><V72/><F72/><W106/><G106/><T76/><D95/><N who="3" m="24321" /><W20/><DORA hai="91" /><G113/><T129/><D103/><U7/><E97/><V108/><F96/><W56/><G18/><N who="0" m="8463" /><D76/><U85/><E90/><N who="2" m="51527" /><F108/><W45/><G48/><N who="0" m="26727" /><D129/><U60/><E7/><AGARI ba="1,0" hai="7,10,13,81,82" m="26727,8463,51785" machi="7" ten="30,1000,0" yaku="20,1" doraHai="100,91" who="0" fromWho="1" sc="148,13,435,-13,358,0,59,0" owari="161,-24.0,422,52.0,358,16.0,59,-44.0" /></mjloggm>