<mjloggm ver="2.3"><GO type="41" lobby="0"/><UN n0="%E5%B0%B1%E6%B4%BB%E7%94%9F%40%E5%B7%9D%E6%9D%91%E8%BB%8D%E5%9B%A3" n1="%6B%6F%6B%6F%6E%6F%6B%61" n2="%63%68%6F%6E%6A%69" n3="%E3%81%86%E3%82%89%E3%81%91%E3%82%93" dan="17,14,15,14" rate="2159.46,1890.50,2039.51,1921.10" sx="M,M,M,M"/><TAIKYOKU oya="0"/><INIT seed="0,0,0,0,1,126" ten="250,250,250,250" oya="0" hai0="85,57,43,86,60,5,98,31,66,21,79,8,74" hai1="59,68,18,39,131,128,104,61,108,111,134,124,75" hai2="4,115,3,97,11,6,27,16,52,120,80,23,88" hai3="45,51,10,106,91,113,73,65,28,42,76,35,41"/><T112/><D112/><U127/><E75/><V64/><F115/><W116/><G116/><T38/><D74/><U72/><E72/><V25/><F6/><W49/><G113/><T122/><D122/><U105/><E39/><V67/><F120/><W102/><G65/><T17/><D31/><U30/><E30/><V71/><F27/><W117/><G117/><T123/><D123/><U48/><E68/><V32/><F32/><W13/><G106/><N who="1" m="41066" /><E48/><V24/><F24/><W47/><G102/><T110/><D110/><N who="1" m="42027" /><E18/><V1/><F1/><W129/><G28/><T7/><D79/><U56/><E134/><V14/><F3/><W114/><G114/><T135/><D135/><U9/><E9/><V78/><F71/><W93/><G35/><T70/><D70/><U26/><E26/><V133/><F133/><W15/><G76/><T34/><D34/><U81/><E81/><V53/><F78/><W94/><G73/><T63/><D8/><U130/><E59/><V29/><F29/><W87/><G93/><T12/><D60/><U69/><E69/><V89/><F80/><W36/><G36/><T101/><D38/><U100/><E100/><V109/><F109/><W118/><G118/><T83/><D43/><U77/><E77/><V96/><F96/><W0/><G0/><T84/><REACH who="0" step="1"/><D83/><REACH who="0" ten="240,250,250,250" step="2"/><U121/><E121/><V90/><REACH who="2" step="1"/><F97/><REACH who="2" ten="240,250,240,250" step="2"/><W33/><G33/><T40/><D40/><U119/><E119/><V92/><F92/><AGARI ba="0,2" hai="5,7,12,17,21,57,63,66,84,85,86,92,98,101" machi="92" ten="40,3900,0" yaku="1,1,8,1,53,0" doraHai="126" doraHaiUra="50" who="0" fromWho="2" sc="240,59,250,0,240,-39,250,0" /><INIT seed="0,1,0,2,4,67" ten="299,250,201,250" oya="0" hai0="41,28,7,60,44,34,75,23,4,62,119,86,31" hai1="66,42,93,76,38,78,19,21,11,20,17,5,107" hai2="129,27,74,63,118,49,89,59,120,24,10,102,30" hai3="101,39,57,64,73,81,12,84,54,72,117,15,131"/><T61/><D75/><U0/><E107/><V92/><F120/><W18/><G117/><T87/><D119/><U53/><E66/><V9/><F118/><W36/><G131/><T104/><D104/><U46/><E93/><V2/><F129/><W56/><G64/><T65/><D65/><U85/><E53/><V29/><F102/><W50/><G101/><T47/><D34/><U124/><E124/><V22/><F74/><W130/><G130/><T16/><D86/><U105/><E105/><V95/><F49/><W51/><G18/><T116/><D87/><U103/><E103/><V128/><F128/><W35/><G35/><T96/><D96/><U134/><E134/><V69/><F69/><W68/><G84/><T108/><D108/><U33/><E33/><V3/><F3/><W122/><G54/><T52/><D116/><U98/><E98/><V32/><F95/><W55/><G55/><T71/><D71/><U114/><E114/><V111/><F111/><W70/><REACH who="3" step="1"/><G81/><REACH who="3" ten="299,250,201,240" step="2"/><T13/><D41/><U100/><E100/><V109/><F109/><W79/><G79/><T94/><D94/><U6/><E6/><N who="0" m="2089" /><D44/><U133/><E133/><V113/><F113/><W121/><AGARI ba="1,1" hai="12,15,36,39,50,51,56,57,68,70,72,73,121,122" machi="121" ten="25,12000,2" yaku="1,1,0,1,22,2,52,2,53,0" doraHai="67" doraHaiUra="91" who="3" fromWho="3" sc="299,-61,250,-31,201,-31,240,133" /><INIT seed="1,0,0,3,3,110" ten="238,219,170,373" oya="1" hai0="20,52,87,23,12,67,0,112,71,62,41,2,58" hai1="73,118,94,129,13,25,40,96,18,100,54,111,121" hai2="117,123,17,106,97,32,21,131,103,19,63,79,34" hai3="69,37,59,50,77,114,125,28,30,35,22,84,44"/><U102/><E118/><V101/><F117/><W51/><G37/><T15/><D41/><U45/><E121/><V3/><F123/><W130/><G35/><T109/><D109/><U36/><E111/><V78/><F3/><W122/><G69/><T108/><D108/><U126/><E73/><V82/><F131/><W10/><G130/><T107/><D107/><U89/><E126/><V39/><F39/><W80/><G125/><T31/><D112/><U135/><E135/><V132/><F132/><W11/><G114/><T127/><D127/><U76/><E76/><V72/><F78/><W74/><G74/><T98/><D98/><U85/><E25/><V46/><F46/><W83/><G83/><T5/><D87/><U124/><E129/><V65/><F103/><W113/><G113/><T9/><D23/><U116/><E116/><V88/><F88/><W81/><G81/><T47/><D47/><U48/><E124/><V16/><REACH who="2" step="1"/><F21/><REACH who="2" ten="238,219,160,373" step="2"/><W43/><G122/><T128/><D128/><U60/><E100/><V66/><F66/><W86/><G86/><T92/><D92/><U29/><E89/><V68/><AGARI ba="0,1" hai="16,17,19,32,34,63,65,68,72,79,82,97,101,106" machi="68" ten="30,4000,0" yaku="1,1,0,1,54,1,53,0" doraHai="110" doraHaiUra="8" who="2" fromWho="2" sc="238,-10,219,-20,160,50,373,-10" /><INIT seed="2,0,0,2,3,60" ten="228,199,210,363" oya="2" hai0="23,16,63,124,126,50,32,56,46,54,35,129,49" hai1="65,112,108,70,64,133,128,33,131,71,134,83,78" hai2="0,116,58,37,3,94,113,101,17,9,5,47,79" hai3="7,103,91,88,14,110,121,127,51,30,97,105,123"/><V6/><F116/><W62/><G127/><N who="0" m="48683" /><D129/><N who="1" m="49739" /><E33/><N who="0" m="12873" /><D46/><U132/><E108/><V115/><F17/><W13/><G51/><T27/><AGARI ba="0,0" hai="16,23,27,49,50,54,56,63" m="12873,48683" machi="27" ten="30,2000,0" yaku="18,1,54,1" doraHai="60" who="0" fromWho="0" sc="228,20,199,-5,210,-10,363,-5" /><INIT seed="3,0,0,3,3,57" ten="248,194,200,358" oya="3" hai0="82,45,58,131,31,33,121,34,56,106,4,54,11" hai1="108,48,132,16,91,102,12,0,119,84,110,115,85" hai2="96,83,38,5,18,103,44,112,50,77,105,98,133" hai3="23,135,104,73,87,13,7,36,65,35,9,117,72"/><W120/><G35/><T53/><D121/><U6/><E132/><V76/><F112/><W68/><G120/><T26/><D131/><U101/><E6/><V60/><F38/><W42/><G104/><T1/><D106/><U88/><E0/><V107/><F133/><W113/><G113/><T8/><D45/><U29/><E29/><V2/><F18/><W123/><G123/><T37/><D37/><U78/><E78/><V74/><F76/><W51/><G117/><T27/><D82/><N who="1" m="49175" /><E48/><V69/><F5/><W49/><G36/><T100/><D100/><U3/><E3/><V47/><F2/><W63/><G23/><T66/><D66/><U17/><E119/><V90/><F50/><W129/><G51/><T99/><D99/><U14/><E115/><V95/><REACH who="2" step="1"/><F107/><REACH who="2" ten="248,194,190,358" step="2"/><W24/><G135/><T75/><D75/><U39/><E39/><V94/><F94/><W40/><G72/><T79/><D79/><U118/><E17/><V21/><F21/><W59/><G73/><T52/><D8/><U86/><E16/><V125/><F125/><W10/><G10/><T97/><D34/><U122/><E118/><V93/><F93/><W43/><G49/><T41/><D27/><U19/><E19/><V70/><F70/><W116/><G116/><T67/><D33/><U71/><E71/><V15/><F15/><W80/><G24/><T127/><D26/><U124/><E124/><V28/><F28/><W130/><G68/><T22/><D31/><U111/><E122/><V25/><F25/><W126/><G126/><T20/><D127/><U92/><E12/><RYUUKYOKU ba="0,1" sc="248,-15,194,-15,190,15,358,15" hai2="44,47,60,69,74,77,83,90,95,96,98,103,105" hai3="7,9,13,40,42,43,59,63,65,80,87,129,130" /><INIT seed="3,1,1,1,0,21" ten="233,179,205,373" oya="3" hai0="33,38,75,5,78,77,84,126,82,31,15,92,50" hai1="23,8,127,125,13,90,61,85,106,118,4,76,97" hai2="120,16,122,55,119,74,17,87,72,70,102,89,131" hai3="64,28,115,121,67,19,53,20,80,69,98,39,42"/><W117/><G121/><N who="2" m="46697" /><F119/><W79/><G117/><T93/><D38/><U26/><E118/><V109/><F70/><W47/><G115/><T123/><D123/><U129/><E129/><V66/><F66/><W11/><G69/><T104/><D104/><U108/><E108/><V35/><F35/><W12/><G53/><T0/><D126/><U51/><E51/><V57/><F109/><W133/><G98/><T111/><D111/><U110/><E110/><V81/><F102/><W58/><G58/><T86/><D0/><U63/><E76/><V100/><F100/><W3/><G133/><T46/><D33/><U14/><E97/><V107/><F107/><W41/><G41/><T6/><D31/><U91/><E106/><V25/><F131/><W65/><G28/><T40/><D75/><N who="2" m="28714" /><F25/><W59/><G59/><T43/><D43/><U22/><E125/><V1/><F1/><W37/><G37/><T62/><D62/><AGARI ba="1,1" hai="16,17,55,57,62,81,87,89" m="28714,46697" machi="62" ten="30,2000,0" yaku="13,1,54,1" doraHai="21" who="2" fromWho="0" sc="233,-23,179,0,205,33,373,0" /><INIT seed="4,0,0,3,1,128" ten="210,179,238,373" oya="0" hai0="12,123,3,43,92,118,7,46,32,121,25,131,44" hai1="51,126,0,98,135,1,47,99,31,104,18,124,38" hai2="60,2,66,34,113,73,53,114,94,15,19,56,116" hai3="111,21,45,88,102,29,42,11,59,16,52,100,67"/><T91/><D3/><U35/><E38/><V101/><F2/><W86/><G111/><T125/><D131/><U71/><E71/><V49/><F73/><W84/><G67/><T69/><D125/><U133/><E18/><V130/><F34/><W13/><G29/><T97/><D69/><U72/><E72/><V5/><F5/><W4/><G86/><T129/><D129/><U134/><E31/><V17/><F130/><W75/><G75/><T132/><D118/><U62/><E35/><V65/><F116/><W103/><G45/><T70/><D70/><U93/><E62/><V22/><F19/><W23/><G42/><T82/><D82/><U54/><E104/><V95/><F66/><W40/><G40/><T14/><D7/><U80/><E80/><V30/><F30/><W83/><G4/><T112/><D32/><U115/><E115/><N who="2" m="44043" /><F101/><W76/><G76/><T122/><D25/><U89/><E98/><V24/><F24/><W78/><G78/><T106/><D106/><U120/><E120/><V109/><F109/><W119/><G119/><T57/><D112/><U41/><E41/><V127/><F127/><AGARI ba="0,0" hai="0,1,47,51,54,89,93,99,124,126,127,133,134,135" machi="127" ten="50,8000,1" yaku="18,1,20,1,52,3" doraHai="128" who="1" fromWho="2" sc="210,0,179,80,238,-80,373,0" /><INIT seed="5,0,0,5,0,26" ten="210,259,158,373" oya="1" hai0="122,76,88,75,125,93,70,3,61,24,90,45,51" hai1="38,104,132,103,84,109,8,20,7,10,33,68,40" hai2="63,2,100,126,69,117,15,34,12,43,81,89,58" hai3="39,35,47,16,59,9,86,64,106,5,56,27,14"/><U80/><E33/><V99/><F117/><W60/><G106/><T50/><D3/><U114/><E68/><V72/><F2/><W18/><G39/><T123/><D125/><U107/><E114/><V22/><F126/><W52/><G47/><T46/><D75/><U124/><E124/><V120/><F120/><N who="0" m="46122" /><D76/><U42/><E132/><V78/><F34/><W92/><G35/><T49/><D24/><U96/><E107/><V98/><F69/><W21/><G92/><T37/><D37/><U115/><E115/><V11/><F43/><W112/><G112/><T94/><D61/><U36/><E36/><V97/><F89/><N who="0" m="34410" /><D70/><U82/><E38/><V28/><F11/><W108/><G108/><T110/><D110/><U54/><E8/><V102/><F12/><W13/><G86/><T66/><D66/><U133/><E84/><V91/><F91/><W19/><G13/><T105/><D105/><U65/><E65/><V32/><F32/><W0/><G0/><T129/><D129/><U79/><E79/><V55/><REACH who="2" step="1"/><F15/><REACH who="2" ten="210,259,148,373" step="2"/><W53/><G64/><T119/><D119/><U111/><E111/><V101/><F101/><W134/><G134/><T1/><D1/><U121/><E133/><V73/><F73/><W62/><AGARI ba="0,1" hai="5,9,14,16,18,19,21,27,52,53,56,59,60,62" machi="62" ten="20,12000,2" yaku="0,1,7,1,9,1,8,1,54,2" doraHai="26" who="3" fromWho="3" sc="210,-30,259,-60,148,-30,373,130" /><INIT seed="6,0,0,3,4,43" ten="180,199,118,503" oya="2" hai0="115,4,94,57,78,128,105,104,74,110,123,9,13" hai1="79,70,125,37,88,64,134,96,63,117,89,50,122" hai2="59,106,68,86,129,101,102,72,99,18,131,12,58" hai3="109,56,111,6,76,48,116,46,114,97,52,84,120"/><V81/><F101/><W49/><G120/><T5/><D110/><U112/><E37/><V30/><F72/><W10/><G116/><T42/><D123/><U19/><E117/><V69/><F30/><W54/><G97/><T73/><D128/><N who="2" m="49226" /><F69/><W23/><G114/><T77/><D115/><U71/><E112/><V83/><F68/><W41/><G23/><T66/><D42/><U28/><E28/><V35/><F35/><W7/><G7/><T36/><D36/><U119/><E119/><V44/><F44/><W132/><G132/><T27/><D27/><U55/><E134/><V135/><F135/><W93/><G54/><T26/><D26/><U118/><E71/><V130/><N who="2" m="49234" /><V61/><DORA hai="22" /><F86/><W95/><G109/><T29/><D29/><U91/><E118/><V103/><F103/><W33/><G33/><T45/><D45/><U31/><E31/><V113/><F113/><W17/><G17/><T65/><D73/><U62/><E19/><V2/><F2/><W67/><G67/><T92/><D74/><U126/><E64/><N who="2" m="38967" /><F59/><W14/><G111/><T20/><D57/><N who="1" m="33015" /><E70/><V90/><F90/><W80/><AGARI ba="0,0" hai="6,10,14,41,46,48,49,52,56,76,80,84,93,95" machi="80" ten="30,12000,2" yaku="0,1,25,2,8,1,52,1,54,1" doraHai="43,22" who="3" fromWho="3" sc="180,-30,199,-30,118,-60,503,120" /><INIT seed="7,0,0,1,5,84" ten="150,169,58,623" oya="3" hai0="17,36,71,59,50,85,62,82,63,64,60,126,131" hai1="88,3,100,30,70,76,45,67,91,53,81,115,72" hai2="28,127,61,98,51,33,58,109,90,86,125,39,92" hai3="112,119,7,116,56,65,13,12,40,10,48,6,32"/><W41/><G32/><T73/><D73/><U49/><E3/><V54/><F39/><W37/><G37/><T93/><D126/><U110/><E110/><V57/><F109/><W83/><G112/><T113/><D131/><U16/><E30/><V78/><F28/><W75/><G75/><T120/><D36/><U103/><E103/><V74/><F74/><W133/><G133/><T18/><D120/><U9/><E100/><V97/><F33/><W34/><G34/><T46/><D113/><U121/><E121/><V134/><F134/><W95/><G83/><T118/><D93/><U5/><E70/><V27/><F27/><W102/><G119/><T8/><D118/><U135/><E67/><V15/><F15/><W69/><G69/><T55/><D8/><U122/><E135/><V106/><F78/><W22/><G116/><T77/><REACH who="0" step="1"/><D63/><REACH who="0" ten="140,169,58,623" step="2"/><U124/><E122/><V2/><F2/><W43/><G6/><T105/><D105/><U107/><E107/><V44/><F58/><W89/><G102/><T42/><AGARI ba="0,1" hai="17,18,42,46,50,55,59,60,62,64,71,77,82,85" machi="42" ten="20,2700,0" yaku="1,1,0,1,7,1,53,0" doraHai="84" doraHaiUra="29" who="0" fromWho="0" sc="140,37,169,-7,58,-7,623,-13" owari="177,-2.0,162,-24.0,51,-45.0,610,71.0" /></mjloggm>