<mjloggm ver="2.3"><GO type="41" lobby="0"/><UN n0="%E5%B0%B1%E6%B4%BB%E7%94%9F%40%E5%B7%9D%E6%9D%91%E8%BB%8D%E5%9B%A3" n1="%73%61%6B%69%36%33%34%32" n2="%43%44%37" n3="%6A%6F%6E%E5%A4%AA%E9%83%8E" dan="17,14,14,15" rate="2111.35,1936.96,2010.53,1983.57" sx="M,M,M,M"/><TAIKYOKU oya="0"/><INIT seed="0,0,0,4,1,69" ten="250,250,250,250" oya="0" hai0="3,34,64,50,116,46,135,101,48,13,67,9,0" hai1="84,1,54,103,85,43,106,100,125,27,110,112,23" hai2="41,57,111,10,113,66,31,92,89,63,75,18,120" hai3="8,36,37,130,94,80,88,78,58,87,127,98,53"/><T129/><D34/><U32/><E1/><V96/><F75/><W77/><G130/><T12/><D116/><U82/><E32/><V45/><F111/><W114/><G114/><T118/><D118/><U102/><E110/><V93/><F113/><W61/><G127/><T14/><D129/><U52/><E43/><V115/><F115/><W55/><G78/><T49/><D135/><U2/><E2/><V121/><F31/><W132/><G132/><T95/><D46/><U4/><E4/><V6/><F18/><W86/><G55/><T99/><D3/><U76/><E125/><V44/><F44/><W79/><G8/><T30/><D30/><N who="1" m="17791" /><E106/><V56/><F56/><W29/><G29/><T40/><D40/><U119/><E119/><V133/><F133/><W7/><G7/><T25/><D25/><U20/><E112/><V62/><F62/><W83/><AGARI ba="0,0" hai="36,37,53,58,61,77,79,80,83,86,87,88,94,98" machi="83" ten="30,8000,1" yaku="0,1,9,1,52,2,54,1" doraHai="69" who="3" fromWho="3" sc="250,-40,250,-20,250,-20,250,80" /><INIT seed="1,0,0,1,4,79" ten="210,230,230,330" oya="1" hai0="118,83,22,104,134,78,35,61,102,53,74,75,52" hai1="91,0,50,4,14,46,44,29,108,7,125,93,24" hai2="65,56,20,98,71,122,84,132,88,54,28,36,62" hai3="81,124,90,82,17,109,11,97,9,92,110,86,89"/><U99/><E0/><V115/><F115/><W126/><G17/><T16/><D35/><U12/><E125/><N who="3" m="48234" /><G82/><T6/><D118/><U45/><E108/><AGARI ba="0,0" hai="9,11,81,86,89,90,92,97,108,109,110" m="48234" machi="108" ten="30,3900,0" yaku="14,1,18,1,52,1" doraHai="79" who="3" fromWho="1" sc="210,0,230,-39,230,0,330,39" /><INIT seed="2,0,0,5,2,81" ten="210,191,230,369" oya="2" hai0="9,107,40,83,64,108,112,82,22,124,37,20,8" hai1="116,126,19,135,71,23,14,115,127,39,33,68,87" hai2="4,122,59,75,10,18,134,48,1,29,52,54,132" hai3="24,111,46,130,60,55,117,113,17,26,43,95,74"/><V97/><F75/><W120/><G117/><T42/><D112/><U101/><E116/><V58/><F122/><W57/><G120/><T35/><D107/><U118/><E33/><V63/><F29/><W31/><G74/><T41/><D37/><U38/><E118/><V103/><REACH who="2" step="1"/><F18/><REACH who="2" ten="210,191,220,369" step="2"/><W110/><G113/><T51/><D35/><U12/><E115/><V94/><AGARI ba="0,1" hai="1,4,10,48,52,54,58,59,63,94,97,103,132,134" machi="94" ten="30,12000,1" yaku="1,1,2,1,0,1,54,1,53,1" doraHai="81" doraHaiUra="34" who="2" fromWho="2" sc="210,-40,191,-40,220,130,369,-40" /><INIT seed="2,1,0,0,4,54" ten="170,151,350,329" oya="2" hai0="3,42,18,14,93,26,76,8,82,71,74,90,105" hai1="55,32,63,127,70,103,128,86,106,120,115,2,23" hai2="111,114,57,13,25,48,35,58,6,1,98,88,68" hai3="12,38,56,97,66,133,134,81,112,11,99,94,89"/><V5/><F68/><W15/><G38/><T41/><D105/><U80/><E32/><V75/><F75/><W92/><G112/><T28/><D71/><U40/><E2/><V16/><F114/><W30/><G30/><T31/><D3/><U69/><E115/><V125/><F1/><W21/><G81/><T62/><D62/><U10/><E40/><V109/><F35/><W34/><G34/><T72/><D72/><U64/><E69/><V84/><F25/><W107/><G107/><T124/><D124/><U36/><E36/><V50/><F125/><W22/><G15/><T7/><D7/><N who="2" m="2570" /><F98/><W131/><G131/><T67/><D67/><U95/><E106/><V17/><F17/><N who="3" m="8351" /><G133/><T126/><D31/><U110/><E70/><V61/><F61/><N who="3" m="38183" /><G134/><T135/><D135/><U73/><E63/><V91/><F91/><AGARI ba="1,0" hai="21,22,89,91,92,94,97,99" m="38183,8351" machi="91" ten="30,2000,0" yaku="8,1,52,1" doraHai="54" who="3" fromWho="2" sc="170,0,151,0,350,-23,329,23" /><INIT seed="3,0,0,4,4,14" ten="170,151,327,352" oya="3" hai0="22,53,1,37,60,47,30,82,69,74,101,65,17" hai1="6,83,0,92,64,78,11,100,40,56,110,94,133" hai2="44,58,13,50,99,70,15,21,134,7,5,79,127" hai3="26,107,98,113,109,23,86,131,104,72,9,115,32"/><W85/><G72/><T91/><D1/><U95/><E133/><V76/><F70/><W73/><G73/><T118/><D118/><U121/><E121/><V88/><F134/><W4/><G32/><T20/><D101/><U93/><E110/><V129/><F129/><W61/><G109/><T124/><D124/><U67/><E40/><V49/><F127/><W46/><G131/><T63/><D30/><U19/><E56/><V16/><F58/><W119/><G119/><T38/><D22/><U80/><E80/><V71/><F71/><W33/><G33/><T2/><D2/><U123/><E123/><V62/><F62/><W120/><G120/><T105/><D105/><U18/><N who="1" m="24064" /><DORA hai="108" /><U122/><E100/><V128/><F128/><W55/><G86/><T43/><D37/><U28/><E28/><V116/><F88/><W90/><G85/><T54/><D63/><U135/><E135/><V114/><F99/><W68/><G90/><T81/><D81/><U112/><E112/><V52/><F114/><W29/><G107/><T35/><D35/><U132/><E132/><V130/><F130/><W25/><G25/><T12/><REACH who="0" step="1"/><D91/><REACH who="0" ten="160,151,327,352" step="2"/><U97/><E122/><V126/><F126/><W96/><G104/><T31/><D31/><U117/><E117/><V39/><F116/><W42/><G115/><T34/><D34/><U75/><REACH who="1" step="1"/><E97/><REACH who="1" ten="160,141,327,352" step="2"/><V51/><F39/><N who="3" m="21855" /><G113/><T8/><D8/><U45/><E45/><V103/><F103/><W87/><G98/><T24/><D24/><U36/><E36/><V106/><F106/><W41/><G96/><T3/><D3/><RYUUKYOKU ba="0,2" sc="160,15,141,15,327,-15,352,-15" hai0="12,17,20,38,43,47,53,54,60,65,69,74,82" hai1="0,6,11,18,19,64,67,75,78,83" /><INIT seed="4,1,2,1,5,105" ten="175,156,312,337" oya="0" hai0="101,26,104,128,109,32,4,97,131,0,113,120,36" hai1="35,74,52,18,45,114,99,15,122,110,87,12,23" hai2="49,54,5,27,82,69,92,77,41,108,123,73,60" hai3="20,3,53,124,22,7,135,96,43,58,47,28,111"/><T121/><D36/><U112/><E74/><V33/><F108/><W84/><G111/><T30/><D109/><U44/><E35/><V59/><F123/><W81/><G135/><T95/><D95/><U25/><E122/><V103/><F5/><W134/><G134/><T68/><D113/><N who="1" m="43627" /><E110/><V75/><F92/><W16/><G124/><T55/><D55/><U116/><E116/><V19/><F103/><W90/><G3/><T133/><D133/><U51/><E99/><V78/><F78/><W126/><G7/><T65/><D4/><U115/><N who="1" m="43635" /><U76/><DORA hai="2" /><E45/><V56/><F69/><W14/><G96/><T39/><D0/><U107/><E107/><V61/><F61/><W63/><G126/><T29/><D29/><U125/><E125/><V6/><F6/><W72/><G72/><T127/><D127/><U62/><E62/><V70/><F70/><W71/><G71/><T106/><D106/><U46/><E46/><V88/><F75/><W37/><G28/><T129/><D39/><U17/><E17/><V9/><F41/><W24/><REACH who="3" step="1"/><G24/><REACH who="3" ten="175,156,312,327" step="2"/><T83/><D120/><U132/><E132/><V48/><F73/><W21/><AGARI ba="1,3" hai="14,16,20,21,22,37,43,47,53,58,63,81,84,90" machi="21" ten="20,12000,2" yaku="1,1,2,1,0,1,7,1,54,1,53,2" doraHai="105,2" doraHaiUra="80,85" who="3" fromWho="3" sc="175,-61,156,-31,312,-31,327,153" /><INIT seed="5,0,0,3,1,25" ten="114,125,281,480" oya="1" hai0="38,41,98,87,66,23,56,15,112,72,13,45,118" hai1="70,2,111,7,95,78,47,125,77,35,83,123,126" hai2="121,114,124,16,20,58,28,55,116,12,91,61,52" hai3="84,127,30,40,97,75,59,103,133,93,36,132,80"/><U102/><E123/><V9/><F116/><W22/><G22/><T37/><D72/><U115/><E70/><V0/><F124/><W18/><G30/><T99/><D118/><U88/><E35/><V54/><F121/><W21/><G59/><T17/><D112/><U108/><E115/><V26/><F114/><W74/><G127/><N who="1" m="48650" /><E7/><V68/><F68/><W105/><G40/><T104/><D38/><U76/><E2/><V81/><F0/><W109/><G36/><T33/><D33/><U110/><E47/><V120/><F120/><W6/><G6/><T117/><D117/><U106/><E106/><V60/><F60/><W11/><G11/><T3/><D3/><U86/><E102/><V113/><F113/><W65/><G65/><T92/><D104/><U34/><E34/><V122/><F122/><W135/><G109/><T43/><D43/><U53/><E53/><V8/><F8/><W51/><G51/><T130/><D130/><U44/><E44/><V57/><F58/><W42/><G42/><T39/><D39/><U32/><E32/><V100/><F100/><W73/><G105/><T19/><D56/><U63/><E63/><V14/><F14/><N who="3" m="9431" /><G73/><AGARI ba="0,0" hai="73,76,77,78,83,86,88,95,108,110,111" m="48650" machi="73" ten="40,12000,1" yaku="10,1,18,1,34,2,54,1" doraHai="25" who="1" fromWho="3" sc="114,0,125,120,281,0,480,-120" /><INIT seed="5,1,0,4,0,132" ten="114,245,281,360" oya="1" hai0="101,46,118,84,121,122,30,113,13,1,83,110,131" hai1="37,96,54,86,0,44,78,82,134,63,17,50,55" hai2="65,114,108,64,130,12,94,38,7,61,79,25,51" hai3="117,43,62,124,56,75,70,103,69,28,67,77,80"/><U18/><E0/><V29/><F38/><W90/><G124/><T15/><D1/><U123/><E123/><N who="0" m="47113" /><D30/><U111/><E37/><V129/><F108/><W23/><G117/><T42/><D46/><U8/><E134/><V71/><F114/><W85/><G43/><T107/><D42/><U52/><E111/><V73/><F65/><W112/><G103/><T72/><D15/><N who="1" m="7399" /><E96/><V109/><F109/><W105/><G105/><T27/><D13/><U120/><E120/><V10/><F51/><W133/><G133/><T89/><D27/><U126/><E126/><V22/><REACH who="2" step="1"/><F94/><REACH who="2" ten="114,245,271,360" step="2"/><W88/><G112/><T98/><D110/><U135/><E135/><V35/><F35/><W115/><G115/><T95/><D113/><U2/><E2/><V33/><F33/><W91/><G67/><T4/><D4/><U40/><E18/><V102/><F102/><W93/><G28/><T21/><D21/><U81/><E81/><AGARI ba="1,1" hai="7,10,12,22,25,29,61,64,71,73,79,81,129,130" machi="81" ten="40,1300,0" yaku="1,1,53,0" doraHai="132" doraHaiUra="87" who="2" fromWho="1" sc="114,0,245,-16,271,26,360,0" /><INIT seed="6,0,0,1,2,111" ten="114,229,297,360" oya="2" hai0="95,28,120,106,103,107,33,116,43,77,74,60,29" hai1="101,76,69,59,16,50,65,114,63,12,82,10,1" hai2="18,117,53,122,54,112,94,55,92,102,126,110,51" hai3="40,93,35,9,99,124,2,13,105,36,61,22,68"/><V41/><F117/><W3/><G35/><T64/><D120/><U62/><E1/><V4/><F122/><W19/><G124/><T80/><D116/><U23/><E101/><V11/><F126/><W123/><G123/><T57/><D33/><U132/><E132/><V75/><F75/><W125/><G125/><T27/><D43/><U0/><E50/><V121/><F121/><W97/><G105/><T25/><D25/><U7/><E114/><V81/><F81/><W67/><G36/><T85/><D85/><U14/><E0/><V86/><F112/><W72/><G72/><T109/><D109/><U8/><E63/><V78/><F110/><W84/><G40/><T90/><D90/><U88/><E69/><V127/><F18/><W38/><G38/><T87/><D87/><N who="1" m="50295" /><E76/><V129/><F129/><W15/><G84/><T119/><D119/><U5/><E10/><V49/><F127/><W118/><G99/><T20/><REACH who="0" step="1"/><D29/><REACH who="0" ten="104,229,297,360" step="2"/><U96/><E96/><AGARI ba="0,1" hai="20,27,28,57,60,64,74,77,80,95,96,103,106,107" machi="96" ten="40,8000,1" yaku="1,1,2,1,25,2,53,1" doraHai="111" doraHaiUra="79" who="0" fromWho="1" sc="104,90,229,-80,297,0,360,0" /><INIT seed="7,0,0,3,1,70" ten="194,149,297,360" oya="3" hai0="92,131,108,65,37,115,97,124,10,96,44,54,101" hai1="127,125,93,41,33,57,48,74,50,126,34,43,123" hai2="82,134,106,122,81,61,53,19,111,29,116,8,117" hai3="119,67,2,87,64,14,130,23,59,52,77,38,109"/><W58/><G119/><T94/><D108/><U51/><E74/><V104/><F111/><W28/><G38/><T31/><D124/><N who="1" m="31747" /><U71/><DORA hai="99" /><E71/><V42/><F42/><N who="1" m="15881" /><E93/><V20/><F29/><W13/><G2/><T76/><D131/><U16/><E123/><V86/><F8/><W4/><G130/><T121/><D121/><U85/><E85/><V12/><F134/><W27/><G109/><T21/><D115/><U6/><E6/><V17/><F122/><W62/><G4/><T132/><D132/><U114/><E114/><V9/><F82/><N who="3" m="47567" /><G67/><T35/><D94/><U129/><E129/><V40/><F40/><W24/><G24/><T7/><D92/><U84/><E84/><V98/><F117/><W75/><G75/><T102/><D76/><U118/><E118/><V105/><F116/><W0/><G0/><T103/><D97/><U3/><E3/><V55/><F61/><AGARI ba="0,0" hai="13,14,23,27,28,52,58,59,61,62,64" m="47567" machi="61" ten="30,2900,0" yaku="8,1,54,1" doraHai="70,99" who="3" fromWho="2" sc="194,0,149,0,297,-29,360,29" owari="194,-21.0,149,-35.0,268,7.0,389,49.0" /></mjloggm>