<mjloggm ver="2.3"><GO type="41" lobby="0"/><UN n0="%E5%B0%B1%E6%B4%BB%E7%94%9F%40%E5%B7%9D%E6%9D%91%E8%BB%8D%E5%9B%A3" n1="%E3%81%AE%E3%81%B3%E3%81%97%E3%82%8D%E2%99%82" n2="%3D%4B%4D%52%3D" n3="%E3%81%82%E3%81%A4%E3%81%97" dan="15,14,14,13" rate="1997.51,1917.43,1961.95,1851.81" sx="M,M,M,M"/><TAIKYOKU oya="0"/><INIT seed="0,0,0,2,4,3" ten="250,250,250,250" oya="0" hai0="19,123,84,10,29,36,93,101,83,126,35,122,109" hai1="30,42,54,71,79,87,89,96,53,85,108,60,37" hai2="105,59,32,31,1,111,63,22,38,62,57,68,7" hai3="98,75,20,43,9,117,74,97,131,44,114,135,86"/><T64/><D36/><U121/><E108/><V28/><F111/><W134/><G117/><T45/><D126/><U58/><E121/><V91/><F32/><W80/><G114/><T23/><D64/><U47/><E71/><V127/><F127/><W103/><G20/><T17/><D109/><U110/><E110/><V70/><F38/><W125/><G125/><T104/><D104/><U34/><E79/><V81/><F105/><W51/><G131/><T55/><D35/><U46/><E96/><V18/><F81/><W112/><G112/><T48/><D29/><U27/><E85/><V61/><F91/><W13/><G98/><N who="0" m="59599" /><D19/><U113/><E47/><V14/><F68/><W73/><G97/><T107/><D107/><U49/><E113/><V133/><F133/><W66/><G66/><T39/><D23/><U124/><E124/><V25/><F70/><W106/><G103/><T2/><D39/><U132/><E132/><N who="3" m="50730" /><G106/><T100/><D100/><U76/><E76/><V82/><F82/><W116/><G116/><T129/><D2/><U11/><E11/><N who="2" m="2543" /><F28/><W67/><G67/><T120/><D129/><U92/><REACH who="1" step="1"/><E37/><REACH who="1" ten="250,240,250,250" step="2"/><V21/><F57/><W41/><G75/><T4/><D123/><U16/><E16/><V50/><F59/><W33/><G74/><T8/><D122/><U12/><E12/><V72/><F72/><W15/><G73/><T94/><D120/><U69/><E69/><V130/><F130/><W0/><G15/><N who="0" m="7399" /><D10/><U90/><E90/><V78/><F78/><W5/><G13/><T99/><D99/><U102/><E102/><V6/><F50/><RYUUKYOKU ba="0,1" sc="250,-15,240,15,250,15,250,-15" hai1="27,30,34,42,46,49,53,54,58,60,87,89,92" hai2="6,14,18,21,22,25,31,61,62,63" /><INIT seed="1,1,1,3,5,50" ten="235,255,265,235" oya="1" hai0="62,72,52,53,61,44,22,87,82,116,42,125,19" hai1="77,89,84,47,41,48,16,134,107,104,29,66,36" hai2="55,92,74,76,30,11,46,106,9,101,15,91,63" hai3="21,127,17,43,27,59,130,69,131,88,18,123,119"/><U73/><E134/><V12/><F106/><W100/><G123/><T85/><D125/><U124/><E124/><V98/><F30/><W102/><G69/><T79/><D116/><U56/><E77/><V96/><F74/><W126/><G127/><T86/><D61/><U33/><E73/><V39/><F76/><W110/><G126/><T71/><D71/><U60/><E29/><V38/><F38/><W99/><G43/><T120/><D62/><U4/><E33/><V34/><F34/><W31/><G119/><T113/><D113/><U58/><E4/><V35/><F35/><W54/><G110/><T97/><D97/><U67/><E16/><N who="3" m="6250" /><G130/><T51/><REACH who="0" step="1"/><D120/><REACH who="0" ten="225,255,265,235" step="2"/><U81/><REACH who="1" step="1"/><E66/><REACH who="1" ten="225,245,265,235" step="2"/><V23/><F98/><W13/><G131/><T108/><D108/><U40/><E40/><V90/><F96/><W118/><G118/><T95/><D95/><U135/><E135/><V1/><F92/><N who="3" m="56711" /><G13/><AGARI ba="1,3" hai="13,19,22,42,44,51,52,53,72,79,82,85,86,87" machi="13" ten="40,8000,1" yaku="1,1,52,2,54,1,53,0" doraHai="50" doraHaiUra="5" who="0" fromWho="3" sc="225,113,245,0,265,0,235,-83" /><INIT seed="2,0,0,2,2,122" ten="338,245,265,152" oya="2" hai0="16,131,75,117,66,68,64,129,2,81,83,57,106" hai1="119,69,62,84,72,0,34,98,101,32,26,12,130" hai2="135,124,28,56,4,102,11,41,89,77,19,22,104" hai3="6,1,80,47,23,24,111,100,50,42,61,134,29"/><V114/><F114/><W127/><G127/><T70/><D2/><U51/><E119/><V86/><F135/><W30/><G134/><T43/><D106/><U91/><E72/><V58/><F124/><W120/><G120/><T99/><D99/><U5/><E0/><V31/><F77/><W115/><G115/><T128/><D117/><U107/><E130/><V87/><F41/><W39/><G100/><T73/><D43/><U38/><E38/><V110/><F110/><W71/><G111/><T15/><D57/><U109/><E109/><V78/><F104/><W17/><G80/><N who="0" m="30795" /><D66/><U67/><E51/><V125/><F102/><W35/><G71/><N who="0" m="27179" /><D64/><U63/><E63/><V59/><F125/><W54/><G61/><T74/><D15/><U25/><E34/><V88/><F78/><W97/><G97/><T121/><D121/><U133/><E133/><V8/><F4/><W112/><G112/><T20/><D20/><U105/><E105/><V116/><F116/><W7/><G1/><T92/><D92/><U94/><REACH who="1" step="1"/><E32/><REACH who="1" ten="338,235,265,152" step="2"/><V76/><F76/><W48/><G39/><T55/><D75/><U85/><E85/><V40/><F87/><W45/><G35/><T46/><D74/><U44/><E44/><V60/><F86/><W113/><G113/><T10/><D73/><U82/><E82/><V95/><F60/><W18/><G42/><T65/><D46/><U13/><E13/><N who="2" m="9583" /><F40/><W21/><G24/><T90/><D128/><U9/><AGARI ba="0,1" hai="5,9,12,25,26,62,67,69,84,91,94,98,101,107" machi="9" ten="30,2000,0" yaku="1,1,0,1,53,0" doraHai="122" doraHaiUra="79" who="1" fromWho="1" sc="338,-5,235,30,265,-10,152,-5" /><INIT seed="3,0,0,2,5,64" ten="333,265,255,147" oya="3" hai0="76,114,101,102,49,133,9,83,70,51,84,35,39" hai1="97,25,88,16,8,93,28,5,12,100,15,66,112" hai2="109,135,58,67,40,62,36,22,85,105,20,57,132" hai3="77,44,29,18,73,98,128,63,53,14,124,123,59"/><W13/><G123/><T71/><D39/><U113/><E66/><V27/><F109/><W69/><G29/><T65/><D35/><U78/><E78/><V31/><F105/><W79/><G69/><T130/><D114/><U119/><E119/><V122/><F122/><W24/><G73/><T129/><D133/><N who="2" m="51274" /><F85/><W108/><G108/><T131/><D9/><U118/><E118/><V68/><F22/><N who="3" m="13399" /><G128/><T47/><D51/><U30/><E100/><N who="0" m="38505" /><D65/><U19/><E5/><V87/><F87/><W61/><G124/><T92/><D92/><U32/><REACH who="1" step="1"/><E30/><REACH who="1" ten="333,255,255,147" step="2"/><V75/><F75/><W4/><G4/><T99/><D99/><U127/><E127/><V33/><F33/><W42/><G98/><T50/><D50/><U80/><E80/><V46/><AGARI ba="0,1" hai="20,27,31,36,40,46,57,58,62,67,68" m="51274" machi="46" ten="30,2000,0" yaku="20,1,52,1" doraHai="64" who="2" fromWho="2" sc="333,-5,255,-5,255,30,147,-10" /><INIT seed="4,0,0,2,4,10" ten="328,250,285,137" oya="0" hai0="56,96,26,48,45,95,106,57,70,51,1,24,37" hai1="17,15,83,82,101,39,0,115,4,124,73,91,42" hai2="49,36,116,47,98,69,118,64,122,114,75,13,19" hai3="130,107,78,86,89,68,44,131,21,100,31,79,119"/><T12/><D1/><U3/><E124/><V77/><F114/><W117/><G68/><T62/><D106/><U134/><E115/><V76/><F122/><W90/><G44/><T120/><D70/><U81/><E134/><V53/><F36/><W52/><G31/><T67/><D120/><U20/><E73/><V61/><F75/><W6/><G21/><T94/><D37/><U87/><E101/><V84/><F98/><N who="3" m="61847" /><G52/><N who="0" m="31751" /><D12/><U125/><E125/><V74/><F74/><W46/><G46/><T126/><D126/><U104/><E104/><V99/><F99/><W63/><G63/><T8/><D8/><U29/><E29/><V132/><F132/><W109/><G6/><T105/><D105/><U121/><E121/><V97/><F97/><W5/><G5/><T34/><D34/><U40/><E39/><V22/><REACH who="2" step="1"/><F84/><REACH who="2" ten="328,250,275,137" step="2"/><W111/><G109/><T43/><D95/><U9/><REACH who="1" step="1"/><E0/><REACH who="1" ten="328,240,275,137" step="2"/><V30/><F30/><W103/><G111/><T72/><D72/><U50/><E50/><V28/><F28/><W35/><G35/><T129/><D129/><U16/><E16/><V66/><F66/><W2/><G2/><T23/><D51/><U38/><E38/><V25/><F25/><W93/><G103/><T65/><D67/><U127/><E127/><V59/><F59/><W58/><G58/><T33/><D57/><U92/><AGARI ba="0,2" hai="3,4,9,15,17,20,40,42,81,82,83,87,91,92" machi="92" ten="30,4000,0" yaku="1,1,0,1,52,1,53,0" doraHai="10" doraHaiUra="54" who="1" fromWho="1" sc="328,-20,240,60,275,-10,137,-10" /><INIT seed="5,0,0,3,4,0" ten="308,300,265,127" oya="1" hai0="86,110,21,113,83,48,84,66,51,106,5,7,50" hai1="111,132,135,134,54,115,58,131,126,28,85,29,42" hai2="124,93,22,76,123,47,99,3,69,88,40,55,1" hai3="53,52,89,71,27,8,68,65,19,98,46,119,80"/><U62/><E115/><V117/><F123/><W105/><G119/><T26/><D110/><U78/><E111/><V13/><F117/><W24/><G105/><T33/><D33/><U56/><E131/><V75/><F124/><W108/><G108/><T63/><D106/><U133/><E126/><V60/><F75/><W109/><G71/><T36/><D36/><U125/><E125/><V129/><F76/><W20/><G68/><T34/><D34/><U120/><E120/><V37/><F129/><W94/><G65/><T35/><D35/><U102/><E42/><V59/><F69/><W38/><G80/><T39/><D39/><U12/><E102/><V41/><F41/><W17/><G8/><T4/><D113/><U61/><E12/><V103/><F103/><W72/><G72/><T114/><D114/><U31/><N who="1" m="34304" /><DORA hai="30" /><U96/><E96/><V57/><F57/><W97/><G109/><T116/><D116/><U127/><E127/><V25/><REACH who="2" step="1"/><F13/><REACH who="2" ten="308,300,255,127" step="2"/><W77/><G77/><T79/><D79/><U67/><E78/><V90/><F90/><W43/><G97/><T74/><D74/><U73/><E73/><V130/><F130/><W18/><REACH who="3" step="1"/><G27/><REACH who="3" ten="308,300,255,117" step="2"/><T23/><D26/><U15/><REACH who="1" step="1"/><E15/><REACH who="1" ten="308,290,255,117" step="2"/><V91/><F91/><W82/><G82/><T2/><D2/><U64/><E64/><V14/><F14/><W118/><G118/><T9/><D83/><U107/><E107/><V122/><F122/><W112/><G112/><T128/><D66/><U92/><E92/><V10/><F10/><W81/><G81/><T11/><D128/><U45/><E45/><RYUUKYOKU ba="0,3" sc="308,-30,290,10,255,10,117,10" hai1="28,29,31,54,56,58,61,62,67,85" hai2="1,3,22,25,37,40,47,55,59,60,88,93,99" hai3="17,18,19,20,24,38,43,46,52,53,89,94,98" /><INIT seed="5,1,3,5,4,63" ten="278,300,265,127" oya="1" hai0="128,71,33,39,0,27,80,114,121,120,86,34,96" hai1="8,103,62,102,47,13,79,101,106,17,24,5,42" hai2="66,115,31,64,41,111,38,135,134,126,81,132,28" hai3="76,25,58,107,70,91,78,119,4,50,59,61,43"/><U51/><E106/><V67/><F111/><W15/><G107/><T12/><D0/><U100/><N who="1" m="26112" /><DORA hai="69" /><U6/><E79/><N who="3" m="30250" /><G70/><T14/><D114/><U36/><E62/><V16/><F115/><W53/><G25/><T46/><D128/><U92/><E92/><V122/><F122/><N who="0" m="47210" /><D71/><U44/><REACH who="1" step="1"/><E24/><REACH who="1" ten="278,290,265,127" step="2"/><V54/><F126/><W113/><G113/><T130/><D130/><U1/><E1/><V108/><F108/><W2/><G2/><T60/><D60/><U3/><E3/><V45/><F81/><W117/><G119/><T75/><D96/><U37/><E37/><V48/><REACH who="2" step="1"/><F16/><REACH who="2" ten="278,290,255,127" step="2"/><W88/><G117/><T56/><D27/><U73/><E73/><V93/><F93/><W30/><G30/><T84/><D75/><U26/><E26/><V52/><F52/><AGARI ba="1,5" hai="5,6,8,13,17,36,42,44,47,51,52" m="26112" machi="52" ten="50,18000,2" yaku="1,1,52,1,54,1,53,4" doraHai="63,69" doraHaiUra="97,87" who="1" fromWho="2" sc="278,0,290,233,255,-183,127,0" /><INIT seed="5,2,0,4,4,97" ten="278,523,72,127" oya="1" hai0="94,61,131,104,87,80,113,100,23,117,47,33,128" hai1="111,34,14,8,29,121,103,81,134,85,52,129,75" hai2="68,21,31,91,69,101,35,119,105,107,72,4,11" hai3="106,42,109,63,10,3,15,46,130,0,57,56,126"/><U5/><E121/><V37/><F119/><W110/><G106/><T50/><D33/><U118/><E118/><V135/><F135/><W122/><G122/><T125/><D117/><U115/><E115/><V13/><F35/><W51/><G130/><N who="0" m="49707" /><D104/><U108/><E129/><V96/><F105/><W123/><G123/><T44/><D113/><U70/><E75/><V114/><F114/><W77/><G126/><T58/><D125/><U24/><E134/><V59/><F37/><W49/><G77/><N who="0" m="46479" /><D23/><U98/><E70/><V76/><F72/><W90/><G3/><T89/><D50/><U18/><E5/><V30/><F76/><W86/><G0/><T7/><D7/><U22/><E34/><V54/><F91/><W45/><G63/><T78/><D78/><U92/><REACH who="1" step="1"/><E52/><REACH who="1" ten="278,513,72,127" step="2"/><V53/><F53/><N who="3" m="29871" /><G109/><T39/><D47/><U64/><E64/><V1/><F1/><W112/><G110/><T32/><D44/><U48/><E48/><V6/><F6/><N who="3" m="3543" /><G112/><T120/><D39/><U88/><AGARI ba="2,1" hai="8,14,18,22,24,29,81,85,88,92,98,103,108,111" machi="88" ten="30,11700,0" yaku="1,1,0,1,52,1,54,1,53,0" doraHai="97" doraHaiUra="60" who="1" fromWho="1" sc="278,-41,513,133,72,-41,127,-41" /><INIT seed="5,3,0,4,2,76" ten="237,646,31,86" oya="1" hai0="30,13,135,37,14,44,35,22,103,121,61,106,80" hai1="133,59,109,62,108,74,101,82,0,126,49,16,129" hai2="75,130,58,97,110,55,25,28,115,11,70,92,8" hai3="102,3,123,34,20,128,114,111,7,127,131,88,24"/><U64/><E133/><V85/><F110/><N who="1" m="42601" /><E129/><N who="3" m="49738" /><G111/><T134/><D35/><U104/><E126/><V6/><F130/><W112/><G127/><T10/><D106/><U71/><E0/><V47/><F115/><N who="3" m="44075" /><G102/><T124/><D103/><U38/><E38/><V18/><F75/><W42/><G42/><T21/><D61/><N who="1" m="40335" /><E49/><V29/><F70/><W93/><G123/><T60/><D60/><U118/><E118/><V105/><F105/><W36/><G36/><T32/><D37/><U33/><E33/><V120/><F120/><W46/><G46/><T65/><D44/><U45/><E45/><V83/><F47/><W73/><G73/><T100/><D32/><U52/><E16/><V79/><F18/><N who="3" m="12311" /><G34/><T90/><D121/><U107/><E101/><N who="2" m="60583" /><F6/><W53/><G53/><T69/><D100/><U67/><E67/><V98/><F98/><N who="3" m="57639" /><G7/><T63/><D124/><U72/><E72/><V86/><F86/><W2/><AGARI ba="3,0" hai="2,3" m="57639,12311,44075,49738" machi="2" ten="40,5200,0" yaku="19,1,15,1,54,1" doraHai="76" who="3" fromWho="3" sc="237,-16,646,-29,31,-16,86,61" /><INIT seed="6,0,0,1,4,101" ten="221,617,15,147" oya="2" hai0="38,125,74,23,96,85,59,100,129,3,52,62,128" hai1="110,88,40,115,105,28,24,124,60,10,1,4,17" hai2="43,65,66,106,93,78,95,44,47,53,83,14,27" hai3="97,123,119,87,45,54,73,86,19,108,67,57,111"/><V58/><F106/><W36/><G123/><T42/><D3/><U0/><E110/><V37/><F47/><W134/><G119/><T133/><D74/><U94/><E115/><V116/><F116/><W82/><G73/><T13/><D125/><U77/><E124/><V49/><F27/><W39/><G134/><T31/><D133/><U113/><E113/><V71/><F14/><W32/><G32/><T114/><D114/><U112/><E112/><V6/><F6/><W11/><G67/><T7/><D85/><U79/><E105/><V63/><REACH who="2" step="1"/><F66/><REACH who="2" ten="221,617,5,147" step="2"/><W20/><G111/><T35/><D7/><N who="1" m="1383" /><E24/><V15/><F15/><W55/><G108/><T120/><D13/><U92/><E4/><V72/><AGARI ba="0,1" hai="37,43,44,49,53,58,63,65,71,72,78,83,93,95" machi="72" ten="20,12000,1" yaku="1,1,0,1,7,1,24,2,53,0" doraHai="101" doraHaiUra="126" who="2" fromWho="2" sc="221,-40,617,-40,5,130,147,-40" /><INIT seed="6,1,0,5,1,122" ten="181,577,135,107" oya="2" hai0="85,28,52,20,24,51,120,63,127,71,13,98,34" hai1="121,3,60,76,129,125,86,124,105,68,123,48,50" hai2="33,70,133,114,35,92,21,106,116,8,58,88,56" hai3="37,38,119,65,32,69,42,66,109,55,95,9,54"/><V126/><F116/><W15/><G32/><T59/><D120/><N who="1" m="46155" /><E3/><V12/><F114/><W96/><G119/><T17/><D127/><N who="1" m="48715" /><E105/><V100/><F126/><W90/><G109/><T97/><D71/><U5/><E5/><V75/><F133/><W84/><G38/><T57/><REACH who="0" step="1"/><D85/><REACH who="0" ten="171,577,135,107" step="2"/><U36/><E86/><V104/><F70/><W47/><G84/><T113/><D113/><U132/><E68/><V108/><F75/><W94/><G69/><T107/><D107/><U43/><E132/><V53/><F104/><W11/><G66/><AGARI ba="1,1" hai="13,17,20,24,28,34,51,52,57,59,63,66,97,98" machi="66" ten="30,3900,0" yaku="1,1,7,1,54,1,53,0" doraHai="122" doraHaiUra="103" who="0" fromWho="3" sc="171,52,577,0,135,0,107,-42" /><INIT seed="7,0,0,3,3,57" ten="223,577,135,65" oya="3" hai0="28,122,85,50,115,103,25,23,80,73,20,126,129" hai1="87,82,92,55,99,12,71,45,114,68,77,69,70" hai2="130,59,112,97,40,119,117,5,104,8,96,120,67" hai3="61,108,44,3,75,27,37,56,2,11,19,10,48"/><W43/><G75/><T0/><D122/><U125/><E114/><V135/><F112/><W89/><G108/><T102/><D73/><U38/><E125/><V24/><F120/><W31/><G19/><T52/><D0/><U105/><E105/><V16/><F40/><W110/><G110/><T26/><D126/><U124/><E124/><V60/><F135/><W29/><G37/><T54/><D129/><U18/><E55/><N who="0" m="21033" /><D50/><U131/><E131/><V127/><F127/><W17/><G17/><N who="0" m="12431" /><D115/><U66/><E66/><V78/><F130/><W4/><G89/><AGARI ba="0,0" hai="23,26,28,80,85,89,102,103" m="12431,21033" machi="89" ten="30,2000,0" yaku="8,1,54,1" doraHai="57" who="0" fromWho="3" sc="223,20,577,0,135,0,65,-20" owari="243,4.0,577,67.0,135,-26.0,45,-45.0" /></mjloggm>