<mjloggm ver="2.3"><GO type="97" lobby="0"/><UN n0="%E5%B0%B1%E6%B4%BB%E7%94%9F%40%E5%B7%9D%E6%9D%91%E8%BB%8D%E5%9B%A3" n1="%63%68%6F%75%6A%69%72%6F" n2="%E3%81%B5%E3%82%82%E3%81%82" n3="%E3%81%8B%E3%81%96%E3%81%B0%E3%81%AA" dan="15,13,15,14" rate="2014.68,1803.83,2036.95,2000.23" sx="M,M,M,M"/><TAIKYOKU oya="0"/><INIT seed="0,0,0,3,1,92" ten="250,250,250,250" oya="0" hai0="109,120,83,40,51,2,7,76,97,106,11,35,122" hai1="62,81,33,3,111,74,21,4,64,78,129,52,95" hai2="30,20,27,66,91,63,127,99,19,8,58,1,73" hai3="24,132,45,10,59,80,15,55,31,13,56,105,130"/><T54/><D35/><U72/><E33/><V46/><F73/><W77/><G130/><T43/><D109/><U25/><E129/><V49/><F127/><W100/><G132/><T131/><D131/><U6/><E111/><V125/><F125/><W113/><G113/><T29/><D29/><U26/><E74/><V32/><F1/><W82/><G82/><T41/><D106/><U115/><E115/><V69/><F69/><W37/><G105/><T16/><D16/><U38/><E38/><V17/><F8/><W121/><G100/><T57/><REACH who="0" step="1"/><D97/><REACH who="0" ten="240,250,250,250" step="2"/><U42/><E4/><V101/><F32/><W114/><G31/><T85/><AGARI ba="0,1" hai="2,7,11,40,41,43,51,54,57,76,83,85,120,122" machi="85" ten="30,6000,0" yaku="1,1,2,1,0,1,53,0" doraHai="92" doraHaiUra="14" who="0" fromWho="0" sc="240,70,250,-20,250,-20,250,-20" /><INIT seed="0,1,0,4,3,81" ten="310,230,230,230" oya="0" hai0="108,98,12,99,123,69,118,114,39,65,61,17,15" hai1="38,23,31,10,29,89,49,97,91,124,113,103,120" hai2="92,130,127,94,105,87,80,8,56,48,100,85,60" hai3="42,82,125,26,83,132,93,43,20,77,54,134,19"/><T102/><D114/><U126/><E38/><V9/><F105/><W84/><G125/><N who="1" m="48234" /><E113/><V52/><F127/><W3/><G3/><T34/><D34/><U37/><E37/><V121/><F121/><W33/><G33/><T66/><D39/><U107/><E120/><V115/><F115/><W6/><G6/><T51/><D123/><U76/><E76/><V32/><F32/><W53/><G93/><N who="2" m="35945" /><F100/><W47/><G82/><T64/><D118/><U135/><E135/><N who="3" m="51754" /><G42/><T11/><D108/><U46/><E10/><N who="2" m="4203" /><F130/><W109/><G109/><T90/><D90/><N who="1" m="34315" /><E23/><V59/><F80/><W104/><G104/><T128/><D128/><U14/><E14/><V50/><F50/><AGARI ba="1,0" hai="19,20,26,43,47,50,53,54,77,83,84" m="51754" machi="50" ten="30,2000,0" yaku="20,1,52,1" doraHai="81" who="3" fromWho="2" sc="310,0,230,0,230,-23,230,23" /><INIT seed="1,0,0,3,5,109" ten="310,230,207,253" oya="1" hai0="67,86,79,4,17,117,84,108,69,16,10,2,72" hai1="98,73,9,128,110,80,92,105,58,68,51,130,18" hai2="93,53,38,107,54,26,7,37,124,70,135,95,121" hai3="116,64,0,122,31,48,90,123,55,118,91,14,29"/><U115/><E110/><V112/><F107/><W15/><G64/><T77/><D108/><U27/><E68/><V99/><F121/><N who="3" m="46091" /><G55/><T28/><D117/><N who="3" m="45161" /><G48/><T8/><D28/><N who="3" m="10825" /><G0/><T96/><D96/><U19/><E105/><V47/><F70/><W104/><G104/><T134/><D69/><U11/><E80/><V111/><F53/><W103/><G103/><T44/><D67/><U43/><E73/><V133/><F54/><W39/><G39/><T100/><D100/><N who="1" m="60487" /><E58/><V125/><F38/><W126/><G126/><T56/><D72/><U119/><E43/><V76/><F37/><W101/><G101/><T75/><D56/><U36/><E51/><V71/><F71/><W50/><G50/><T97/><D75/><U32/><E36/><V24/><F111/><W60/><G60/><T127/><D97/><U81/><E119/><V61/><F99/><W45/><G45/><T82/><D127/><U132/><E81/><V1/><F61/><W59/><G59/><T120/><D120/><U88/><E88/><AGARI ba="0,0" hai="14,15,88,90,91" m="10825,45161,46091" machi="88" ten="40,8000,1" yaku="28,2,12,1,54,1" doraHai="109" who="3" fromWho="1" sc="310,0,230,-80,207,0,253,80" /><INIT seed="2,0,0,2,1,109" ten="310,150,207,333" oya="2" hai0="3,18,13,103,14,70,45,107,28,78,53,9,61" hai1="96,46,81,11,55,49,35,30,41,48,119,99,127" hai2="33,102,98,22,62,71,52,76,0,135,51,26,58" hai3="67,56,94,68,129,24,65,20,84,114,112,37,80"/><V79/><F0/><W100/><G37/><T72/><D3/><U69/><E69/><V32/><F135/><W42/><G42/><T36/><D28/><U126/><E119/><V6/><F6/><W4/><G4/><T31/><D31/><U63/><E11/><V44/><F33/><W2/><G2/><T85/><D72/><U131/><E63/><V73/><F73/><W1/><G1/><T125/><D125/><U93/><E131/><V115/><F115/><N who="3" m="44075" /><G129/><T27/><D27/><U40/><E81/><V75/><F75/><W120/><G120/><T108/><D70/><U106/><E30/><V23/><F23/><W54/><G94/><T57/><D108/><U133/><E35/><V8/><F8/><W19/><G100/><T66/><D107/><U91/><E133/><V59/><F32/><W15/><G15/><T74/><D74/><U64/><E64/><V12/><F12/><W121/><G121/><T34/><D103/><U43/><E106/><V130/><F130/><W128/><G128/><T86/><D34/><U77/><E77/><V104/><F71/><W82/><G68/><T25/><D78/><U123/><E123/><V117/><F117/><W10/><G10/><N who="0" m="6455" /><D25/><U124/><E99/><V118/><F118/><W105/><G105/><T83/><D36/><U21/><REACH who="1" step="1"/><E21/><REACH who="1" ten="310,140,207,333" step="2"/><V90/><F22/><W5/><G80/><T16/><D83/><U39/><E39/><V87/><F79/><N who="3" m="46175" /><G5/><T122/><D122/><U132/><E132/><V60/><F76/><W97/><G97/><T50/><AGARI ba="0,1" hai="9,14,16,45,50,53,57,61,66,85,86" m="6455" machi="50" ten="30,2000,0" yaku="8,1,54,1" doraHai="109" who="0" fromWho="0" sc="310,30,140,-5,207,-10,333,-5" /><INIT seed="3,0,0,5,3,126" ten="340,135,197,328" oya="3" hai0="110,131,50,2,66,5,122,33,41,119,96,78,68" hai1="0,125,116,59,106,133,54,7,69,43,82,83,104" hai2="24,107,39,93,16,111,17,130,45,77,63,21,30" hai3="101,72,42,48,55,98,102,70,32,80,25,115,34"/><W89/><G70/><T71/><D119/><U117/><E69/><V28/><F107/><W105/><G115/><T11/><D122/><U97/><E125/><V67/><F77/><W4/><G102/><T49/><D33/><U95/><E43/><V85/><F111/><W99/><G4/><T35/><D35/><U112/><E112/><V18/><F130/><W60/><G60/><T103/><D110/><U19/><E7/><V94/><F39/><W6/><G6/><T120/><D120/><U47/><E133/><V124/><F45/><W52/><G25/><T37/><D131/><U3/><E95/><N who="2" m="36363" /><F124/><W62/><G98/><T38/><D78/><U123/><E47/><V128/><F128/><W61/><G61/><T20/><D38/><U92/><E92/><V40/><F40/><W100/><G100/><T90/><D37/><U118/><E123/><V113/><F113/><W75/><G62/><T12/><D41/><U64/><E64/><V76/><F30/><W91/><G91/><T84/><D66/><U27/><E104/><V22/><F22/><W36/><G36/><T1/><D71/><U121/><E121/><V9/><F9/><W23/><G23/><T10/><D68/><U53/><E106/><V135/><F135/><W56/><G55/><N who="1" m="21002" /><E97/><V15/><F15/><W31/><G42/><T87/><D96/><U58/><E27/><V44/><F44/><W51/><G51/><N who="0" m="19467" /><D103/><U73/><E73/><N who="3" m="28234" /><G31/><T13/><D90/><U74/><E19/><V129/><F129/><W109/><G109/><T46/><D46/><U108/><E108/><V88/><F28/><RYUUKYOKU ba="0,0" sc="340,-10,135,-10,197,-10,328,30" hai3="32,34,48,52,56,80,89,99,101,105" owari="330,13.0,125,-37.0,187,-21.0,358,45.0" /></mjloggm>