<mjloggm ver="2.3"><GO type="97" lobby="0"/><UN n0="%43%30%42%52%41" n1="%2A%73%61%69%74%6F%75%2A" n2="%E4%B8%87%E5%B9%B4%E4%B8%8A%E5%8D%93%E6%B0%91" n3="%E5%B0%B1%E6%B4%BB%E7%94%9F%40%E5%B7%9D%E6%9D%91%E8%BB%8D%E5%9B%A3" dan="14,13,15,15" rate="1951.15,1846.84,2037.90,2113.80" sx="M,M,F,M"/><TAIKYOKU oya="0"/><INIT seed="0,0,0,2,5,6" ten="250,250,250,250" oya="0" hai0="122,126,21,27,8,72,76,112,22,30,63,4,102" hai1="3,106,46,67,78,48,80,85,90,107,118,110,49" hai2="77,98,130,64,55,105,9,24,91,11,124,65,19" hai3="92,134,71,62,26,129,59,57,12,1,74,101,43"/><T38/><D112/><U56/><E118/><V70/><F70/><W121/><G1/><T117/><D122/><U104/><E110/><V88/><F105/><W103/><G74/><T28/><D117/><U133/><E133/><V40/><F124/><W97/><G71/><T125/><D38/><U95/><E3/><V47/><F130/><W81/><G101/><T69/><D102/><U36/><E36/><V123/><F123/><W0/><G0/><T73/><D69/><U127/><E127/><N who="0" m="48649" /><D63/><U89/><E89/><N who="2" m="34379" /><F98/><W115/><G81/><N who="0" m="45191" /><D73/><U94/><E67/><N who="2" m="25675" /><F40/><W54/><G43/><T29/><D27/><U75/><E56/><V113/><F77/><W116/><G59/><T68/><D68/><U109/><E49/><N who="2" m="29119" /><F113/><W131/><G115/><T132/><D132/><U96/><E48/><V86/><F86/><W66/><G134/><T128/><D128/><U84/><E46/><V135/><F135/><W16/><G121/><T53/><D53/><U17/><E109/><V50/><F50/><W39/><G39/><T42/><D42/><U120/><E120/><V83/><F83/><W61/><G116/><T44/><D44/><U82/><E75/><V51/><F51/><W20/><G62/><T5/><D5/><U119/><E119/><V35/><F35/><W15/><G66/><T25/><D25/><U32/><E32/><V100/><F100/><W14/><AGARI ba="0,0" hai="12,14,15,16,20,26,54,57,61,92,97,103,129,131" machi="14" ten="30,2000,0" yaku="0,1,54,1" doraHai="6" who="3" fromWho="3" sc="250,-10,250,-5,250,-5,250,20" /><INIT seed="1,0,0,0,4,0" ten="240,245,245,270" oya="1" hai0="72,87,25,104,46,70,28,50,115,8,59,126,52" hai1="114,94,118,17,134,44,100,102,68,57,93,95,131" hai2="7,20,40,107,67,83,129,29,77,53,19,108,35" hai3="98,105,34,21,66,106,84,132,62,125,69,45,47"/><U92/><E118/><V135/><F108/><W51/><G34/><T39/><D115/><U65/><E68/><V120/><F120/><W63/><G125/><T128/><D126/><U36/><E114/><V13/><F107/><W110/><G110/><T30/><D72/><U119/><E119/><V15/><F129/><W6/><G132/><T124/><D124/><U24/><E134/><V133/><F67/><W11/><G63/><T37/><D128/><U88/><E131/><V79/><F40/><W4/><G11/><T130/><D130/><U97/><E36/><V48/><F79/><W103/><G105/><T22/><D70/><U31/><E44/><V16/><F29/><W5/><G51/><T80/><D104/><U109/><E17/><V74/><F35/><W56/><G69/><T82/><D8/><U64/><E109/><V76/><F7/><W33/><G33/><T23/><D87/><U27/><E65/><V123/><F77/><W14/><G84/><T42/><D39/><U38/><E38/><V3/><F3/><W75/><G75/><T111/><D111/><U54/><E64/><V127/><F127/><W96/><G96/><T9/><D9/><U99/><E31/><V18/><F18/><W112/><G112/><T113/><REACH who="0" step="1"/><D113/><REACH who="0" ten="230,245,245,270" step="2"/><U78/><E78/><V61/><F123/><W71/><G71/><T117/><D117/><U91/><E102/><V86/><F86/><W10/><G10/><T101/><D101/><U89/><REACH who="1" step="1"/><E99/><REACH who="1" ten="230,235,245,270" step="2"/><V81/><F133/><W55/><G66/><T85/><D85/><U1/><E1/><V41/><F135/><RYUUKYOKU ba="0,2" sc="230,10,235,10,245,-30,270,10" hai0="22,23,25,28,30,37,42,46,50,52,59,80,82" hai1="24,27,54,57,88,89,91,92,93,94,95,97,100" hai3="4,5,6,14,21,45,47,55,56,62,98,103,106" /><INIT seed="1,1,2,1,4,117" ten="240,245,215,280" oya="1" hai0="83,7,109,108,32,56,9,107,8,33,47,98,42" hai1="112,84,74,106,113,13,4,126,36,54,68,105,94" hai2="82,25,78,53,103,22,51,55,57,3,65,118,59" hai3="16,114,19,129,30,10,70,133,86,96,79,100,116"/><U130/><E68/><V77/><F118/><W38/><G38/><N who="0" m="21975" /><D56/><U76/><E54/><N who="2" m="31967" /><F103/><W14/><G70/><T1/><D83/><N who="1" m="45463" /><E13/><V73/><F73/><W85/><G114/><N who="1" m="44138" /><E4/><V115/><F3/><W75/><G129/><T99/><D9/><U89/><E36/><V132/><F132/><W128/><G128/><T91/><D91/><U87/><E130/><V41/><F41/><W15/><G30/><T104/><D99/><N who="1" m="57807" /><E126/><V35/><F115/><W101/><G133/><T123/><D123/><U29/><E29/><N who="2" m="17591" /><F35/><N who="0" m="13386" /><D98/><U31/><E31/><V21/><F21/><W48/><G116/><T122/><D122/><U12/><E12/><V134/><F134/><W69/><G69/><T45/><D45/><U66/><E66/><V2/><F2/><W5/><G101/><T52/><D52/><N who="2" m="20042" /><F82/><W121/><G121/><T44/><D44/><U64/><E64/><V6/><F6/><W39/><G39/><T131/><D131/><U72/><E72/><V80/><F80/><W0/><G75/><T90/><D90/><U37/><E37/><V46/><F46/><W61/><G0/><T102/><D102/><U27/><E27/><V110/><F110/><AGARI ba="1,2" hai="1,7,8,104,107,108,109,110" m="13386,21975" machi="110" ten="30,2000,0" yaku="14,1,23,1" doraHai="117" who="0" fromWho="2" sc="240,43,245,0,215,-23,280,0" /><INIT seed="2,0,0,2,4,18" ten="283,245,192,280" oya="2" hai0="63,67,53,112,11,39,103,128,133,10,134,73,45" hai1="20,31,16,85,116,44,87,56,131,69,81,110,21" hai2="118,68,54,60,113,83,92,96,127,58,34,120,43" hai3="41,104,78,51,14,49,50,1,37,93,102,107,27"/><V126/><F120/><W28/><G1/><T32/><D112/><U42/><E116/><V117/><F113/><W52/><G78/><T4/><D32/><U125/><E69/><V30/><F83/><W0/><G0/><T105/><D73/><U55/><E125/><N who="2" m="47627" /><F68/><W46/><G14/><T65/><D128/><U100/><E131/><V76/><F76/><W35/><G104/><T111/><D111/><U99/><E110/><V98/><F43/><W121/><G107/><T97/><D39/><U124/><E124/><V23/><F34/><W33/><G33/><T66/><D10/><U57/><E42/><V36/><F36/><W106/><G106/><T95/><D105/><U132/><E132/><N who="0" m="50793" /><D45/><U72/><E72/><V8/><F8/><W59/><G121/><T135/><D135/><U129/><E129/><V108/><F108/><W84/><G102/><T29/><D29/><U2/><E2/><V130/><F130/><W91/><AGARI ba="0,0" hai="27,28,35,37,41,46,49,50,51,52,59,84,91,93" machi="91" ten="30,2000,0" yaku="0,1,54,1" doraHai="18" who="3" fromWho="3" sc="283,-5,245,-5,192,-10,280,20" /><INIT seed="3,0,0,4,0,77" ten="278,240,182,300" oya="3" hai0="23,132,47,42,105,68,33,45,114,103,104,115,39" hai1="3,117,122,0,107,113,16,52,110,62,129,116,7" hai2="21,95,60,109,40,22,112,123,31,131,133,43,69" hai3="6,71,121,51,130,101,76,70,80,98,15,92,10"/><W125/><G121/><T17/><D132/><U1/><E122/><V78/><F123/><W55/><G125/><T20/><D33/><U58/><E113/><V96/><F133/><W63/><G63/><T75/><D68/><U65/><E107/><V13/><F112/><N who="0" m="43050" /><D75/><U135/><E135/><V49/><F109/><W66/><G66/><T128/><D128/><U44/><E110/><V24/><F131/><W85/><G130/><T91/><D91/><U48/><E129/><V50/><F78/><W64/><G64/><T108/><D108/><U74/><E74/><V53/><F69/><W89/><G89/><T97/><D47/><AGARI ba="0,0" hai="6,10,15,47,51,55,70,71,76,80,85,92,98,101" machi="47" ten="30,2900,0" yaku="7,1,52,1" doraHai="77" who="3" fromWho="0" sc="278,-29,240,0,182,0,300,29" owari="249,5.0,240,-16.0,182,-32.0,329,43.0" /></mjloggm>