<mjloggm ver="2.3"><GO type="97" lobby="0"/><UN n0="%E5%B0%B1%E6%B4%BB%E7%94%9F%40%E5%B7%9D%E6%9D%91%E8%BB%8D%E5%9B%A3" n1="%E3%83%B4%E3%82%A3%E3%83%A9%E3%81%AE%E7%A5%9E" n2="%E5%85%A8%E5%B1%80%E5%8F%82%E5%8A%A0%E5%9E%8B%E9%9B%80%E5%A3%AB" n3="%E3%83%88%E3%83%88%E3%83%AD%E3%82%B5%E3%83%B3" dan="15,14,15,13" rate="1975.03,2014.28,1975.39,1951.53" sx="M,M,M,M"/><TAIKYOKU oya="0"/><INIT seed="0,0,0,2,3,45" ten="250,250,250,250" oya="0" hai0="62,82,66,114,13,112,107,126,87,25,101,80,32" hai1="1,28,34,78,58,6,118,90,5,132,44,121,94" hai2="35,51,7,125,135,81,129,93,17,116,74,124,15" hai3="88,48,31,104,127,39,98,65,133,77,105,109,49"/><T9/><D126/><U47/><E121/><V11/><F116/><W22/><G39/><T76/><D107/><U36/><E132/><V26/><F93/><W55/><G77/><T23/><D32/><U84/><E36/><V41/><F135/><W83/><G127/><N who="2" m="48713" /><F129/><W18/><G133/><T52/><D101/><U27/><E78/><N who="2" m="44247" /><F35/><W95/><G65/><T115/><D82/><U111/><E111/><V59/><F26/><W68/><G109/><T29/><D52/><U96/><E27/><V123/><F123/><W69/><G105/><T79/><D79/><U117/><E34/><V19/><F41/><W70/><G104/><T122/><D122/><U72/><E28/><V54/><AGARI ba="0,0" hai="7,11,15,17,19,51,54,59" m="44247,48713" machi="54" ten="30,2000,0" yaku="18,1,52,1" doraHai="45" who="2" fromWho="2" sc="250,-10,250,-5,250,20,250,-5" /><INIT seed="1,0,0,5,0,1" ten="240,245,270,245" oya="1" hai0="133,121,108,46,64,117,59,126,128,107,54,17,45" hai1="129,40,101,47,11,37,57,35,98,55,49,24,31" hai2="23,112,30,109,82,50,115,33,72,96,74,26,8" hai3="73,70,114,16,15,56,127,132,21,91,48,41,13"/><U27/><E129/><V79/><F109/><W44/><G70/><T87/><D107/><U131/><E131/><V78/><F50/><W116/><G73/><T53/><D117/><U20/><E11/><V10/><F96/><W62/><G114/><N who="2" m="43561" /><F33/><W9/><G127/><T124/><D121/><U63/><E27/><V14/><F14/><W119/><G132/><T95/><D128/><U36/><REACH who="1" step="1"/><E35/><REACH who="1" ten="240,235,270,245" step="2"/><V99/><F99/><W25/><G13/><T92/><D133/><U125/><E125/><N who="0" m="48233" /><D108/><U5/><E5/><V19/><F19/><W122/><G122/><T76/><D17/><U110/><E110/><V100/><F100/><W88/><G119/><T103/><D103/><U134/><E134/><V120/><F120/><W111/><G116/><T67/><D67/><U130/><E130/><V58/><F8/><W69/><G111/><T104/><D64/><U77/><E77/><V6/><F79/><W90/><G25/><T39/><D39/><U123/><E123/><V118/><F118/><W28/><G21/><T38/><D38/><U68/><E68/><V81/><F78/><W71/><REACH who="3" step="1"/><G28/><REACH who="3" ten="240,235,270,235" step="2"/><T102/><D76/><U43/><E43/><V86/><F23/><W94/><G94/><AGARI ba="0,2" hai="20,24,31,36,37,40,47,49,55,57,63,94,98,101" machi="94" ten="30,2900,0" yaku="1,1,7,1,53,0" doraHai="1" doraHaiUra="106" who="1" fromWho="3" sc="240,0,235,49,270,0,235,-29" /><INIT seed="1,1,0,3,0,39" ten="240,284,270,206" oya="1" hai0="53,115,54,3,124,37,20,111,135,72,59,70,79" hai1="82,9,87,129,74,96,114,78,130,45,1,4,83" hai2="26,38,133,112,30,128,103,11,77,60,33,15,66" hai3="47,91,57,88,119,105,132,50,84,13,29,7,0"/><U116/><E116/><V17/><F112/><W121/><G105/><T32/><RYUUKYOKU type="yao9" ba="1,0" sc="240,0,284,0,270,0,206,0" hai0="3,20,32,37,53,54,59,70,72,79,111,115,124,135" /><INIT seed="1,2,0,1,4,51" ten="240,284,270,206" oya="1" hai0="58,66,15,108,133,17,21,73,131,35,96,55,46" hai1="39,19,22,110,126,98,117,85,132,87,50,78,7" hai2="2,123,89,59,29,0,120,18,111,10,32,130,90" hai3="71,119,101,115,113,64,27,80,24,42,69,70,125"/><U9/><E117/><V45/><F45/><W26/><G64/><T53/><D73/><U49/><E39/><V91/><F130/><W44/><G119/><T34/><D131/><U99/><E132/><V38/><F38/><W116/><G116/><T84/><D133/><U41/><E126/><V14/><F111/><W127/><G101/><T56/><D108/><U122/><E122/><V86/><F86/><N who="1" m="32777" /><E110/><V95/><F95/><W128/><G80/><T60/><D96/><N who="1" m="36907" /><E41/><V121/><F32/><W4/><G4/><T63/><D84/><U100/><E78/><V75/><F75/><W40/><G128/><T65/><D46/><U106/><E106/><V36/><F36/><W31/><G31/><T109/><D109/><U74/><E100/><V112/><F29/><W81/><G81/><T12/><D12/><N who="1" m="5183" /><E74/><V103/><F103/><W3/><G3/><T79/><D79/><U28/><E28/><V76/><F76/><W118/><G118/><T102/><D102/><U57/><E57/><V93/><F93/><W8/><G44/><T68/><D68/><U43/><E43/><N who="3" m="16426" /><G8/><T30/><D30/><U5/><E5/><V61/><REACH who="2" step="1"/><F112/><AGARI ba="2,0" hai="24,26,27,69,70,71,112,113,115,125,127" m="16426" machi="112" ten="40,2600,0" yaku="28,2" doraHai="51" who="3" fromWho="2" sc="240,0,284,0,270,-32,206,32" /><INIT seed="2,0,0,3,1,106" ten="240,284,238,238" oya="2" hai0="43,99,50,84,108,13,72,125,38,11,57,67,10" hai1="48,27,25,64,118,90,62,6,123,70,96,104,52" hai2="54,82,107,129,75,7,37,21,4,20,102,8,23" hai3="51,16,87,71,32,132,47,63,60,69,53,93,33"/><V22/><N who="2" m="5120" /><DORA hai="41" /><V79/><F129/><W92/><G132/><T9/><D38/><U81/><E118/><V94/><F94/><W30/><G16/><N who="0" m="8239" /><D72/><U39/><E6/><V58/><F37/><W95/><G87/><T86/><D108/><U116/><E123/><V83/><F83/><W35/><REACH who="3" step="1"/><G30/><REACH who="3" ten="240,284,238,228" step="2"/><T29/><D86/><U34/><E116/><V45/><F45/><W59/><G59/><T42/><D29/><U121/><E121/><V5/><F102/><W77/><G77/><T18/><D84/><U17/><E81/><V68/><F68/><AGARI ba="0,1" hai="32,33,35,47,51,53,60,63,68,69,71,92,93,95" machi="68" ten="50,8000,1" yaku="1,1,52,1,53,2" doraHai="106,41" doraHaiUra="19,56" who="3" fromWho="2" sc="240,0,284,0,238,-80,228,90" /><INIT seed="3,0,0,1,1,133" ten="240,284,158,318" oya="3" hai0="93,115,122,79,100,21,128,102,50,130,11,76,53" hai1="94,6,40,111,90,108,67,48,86,42,37,32,99" hai2="106,3,96,97,81,89,107,17,56,88,84,135,77" hai3="23,126,34,125,131,70,15,83,10,80,87,113,82"/><W121/><G34/><T112/><D11/><U25/><E6/><V5/><F5/><W45/><G70/><T78/><D21/><U4/><E4/><V66/><F3/><W44/><G113/><N who="0" m="43595" /><D122/><U91/><E67/><V1/><F1/><W26/><G131/><N who="0" m="50219" /><D53/><U13/><E13/><V92/><F17/><N who="3" m="8439" /><G121/><T129/><D50/><U132/><E132/><V119/><F56/><W105/><G105/><N who="2" m="39945" /><F66/><W103/><G103/><N who="0" m="39467" /><D129/><U20/><E48/><V62/><F62/><W109/><G45/><T85/><D93/><U24/><E20/><V101/><F135/><W69/><G44/><T33/><D33/><U14/><E32/><V72/><F119/><W57/><G57/><T114/><D114/><U18/><E94/><N who="2" m="58551" /><F89/><W51/><G69/><T22/><D22/><U60/><E91/><V28/><F28/><W120/><G51/><T118/><D118/><U19/><E90/><V127/><F127/><N who="3" m="48651" /><G120/><T29/><D29/><U12/><E60/><V117/><F117/><W58/><G58/><T39/><D39/><U8/><E37/><V124/><F124/><W59/><G59/><T52/><D52/><U110/><E108/><V47/><F47/><W43/><G109/><T75/><D75/><AGARI ba="0,0" hai="72,75,77,81,84,88,92,96" m="58551,39945" machi="75" ten="30,12000,2" yaku="35,5,54,1" doraHai="133" who="2" fromWho="0" sc="240,-120,284,0,158,120,318,0" owari="120,-38.0,284,8.0,278,-12.0,318,42.0" /></mjloggm>