<mjloggm ver="2.3"><GO type="97" lobby="0"/><UN n0="%E3%81%8A%E3%81%A3%E3%81%B1%E3%81%84%E5%85%88%E7%94%9F" n1="%68%79%6F%31%39%35%39" n2="%E5%B0%B1%E6%B4%BB%E7%94%9F%40%E5%B7%9D%E6%9D%91%E8%BB%8D%E5%9B%A3" n3="%62%61%6B%61%7A%6F%6E%6E" dan="14,13,15,14" rate="1982.34,1880.10,1975.71,1868.35" sx="F,M,M,M"/><TAIKYOKU oya="0"/><INIT seed="0,0,0,3,5,124" ten="250,250,250,250" oya="0" hai0="29,48,12,16,114,118,1,126,65,13,105,125,50" hai1="121,2,109,18,42,99,98,52,10,17,134,35,11" hai2="88,113,57,79,23,86,30,32,39,58,20,82,55" hai3="37,63,46,67,106,31,81,130,44,111,28,128,45"/><T27/><D114/><U22/><E121/><V112/><F39/><W36/><G106/><T119/><D105/><U7/><E42/><V6/><F6/><W94/><G81/><T19/><D65/><U78/><E134/><V33/><F57/><N who="3" m="37359" /><G94/><T74/><D74/><U43/><E109/><V122/><F122/><W76/><G76/><T26/><D29/><N who="3" m="11337" /><G111/><T91/><D91/><U8/><E35/><V59/><F59/><W0/><G0/><AGARI ba="0,0" hai="0,1,12,13,16,19,26,27,48,50,118,119,125,126" machi="0" ten="25,4800,0" yaku="22,2,54,1" doraHai="124" who="0" fromWho="3" sc="250,48,250,0,250,0,250,-48" /><INIT seed="0,1,0,5,4,110" ten="298,250,250,202" oya="0" hai0="44,42,118,106,132,2,121,134,90,39,33,5,58" hai1="82,76,24,35,54,46,4,7,108,27,52,13,17" hai2="51,10,18,32,60,56,75,115,123,8,87,61,43" hai3="20,66,79,114,1,128,71,31,85,9,99,11,38"/><T53/><D121/><U119/><E108/><V124/><F75/><W129/><G38/><T103/><D118/><U92/><E119/><V116/><F123/><W70/><G66/><T100/><D33/><U16/><E35/><V109/><F116/><W102/><G1/><T74/><D106/><U127/><E92/><V73/><F73/><W29/><G79/><T84/><D74/><U96/><E96/><V69/><F109/><W104/><G85/><T45/><D44/><U125/><E46/><V15/><F69/><N who="3" m="26123" /><G114/><T0/><D2/><U89/><E89/><V57/><F32/><W34/><G34/><T47/><D47/><U107/><E107/><V36/><F36/><W3/><G3/><T130/><D130/><N who="3" m="50281" /><G29/><T59/><D59/><U86/><E125/><V78/><F115/><W81/><G81/><T131/><D131/><U105/><E105/><V122/><F122/><W30/><G30/><T49/><D5/><N who="1" m="2123" /><E127/><V23/><F124/><W68/><G68/><T72/><D0/><U50/><E17/><V117/><F117/><W25/><AGARI ba="1,0" hai="9,11,20,25,31,99,102,104" m="50281,26123" machi="25" ten="40,1500,0" yaku="19,1" doraHai="110" who="3" fromWho="3" sc="298,-8,250,-5,250,-5,202,18" /><INIT seed="1,0,0,2,3,106" ten="290,245,245,220" oya="1" hai0="0,21,23,72,107,117,129,71,27,66,83,76,29" hai1="123,122,49,132,111,75,96,47,25,104,65,91,130" hai2="115,48,114,15,125,53,4,103,85,45,35,32,50" hai3="55,89,18,44,36,94,7,79,52,6,43,98,62"/><U84/><E132/><V1/><F1/><W5/><G18/><T2/><D117/><U59/><E130/><V109/><F109/><W16/><G79/><T68/><D129/><U121/><E111/><V97/><F125/><W9/><REACH who="3" step="1"/><G62/><REACH who="3" ten="290,245,245,210" step="2"/><T70/><D107/><U77/><E77/><V64/><F115/><W61/><G61/><T69/><N who="0" m="17920" /><DORA hai="33" /><T92/><D66/><U46/><E104/><V19/><F64/><W56/><G56/><T105/><D105/><U135/><E59/><V40/><F114/><W124/><G124/><T113/><D113/><U17/><E65/><V13/><F4/><W131/><G131/><T57/><D57/><U88/><E135/><V51/><F19/><W108/><G108/><T12/><D92/><U38/><E123/><V3/><F50/><W87/><G87/><T120/><D120/><U60/><E122/><V63/><F85/><W90/><G90/><T20/><REACH who="0" step="1"/><D12/><AGARI ba="0,1" hai="5,6,7,9,12,16,36,43,44,52,55,89,94,98" machi="12" ten="40,8000,1" yaku="1,1,54,2,53,1" doraHai="106,33" doraHaiUra="41,126" who="3" fromWho="0" sc="290,-80,245,0,245,0,210,90" /><INIT seed="2,0,0,1,2,107" ten="210,245,245,300" oya="2" hai0="31,114,12,115,51,83,96,128,8,75,109,40,28" hai1="23,43,29,7,129,1,38,84,19,131,59,67,25" hai2="113,102,48,70,57,105,133,110,126,5,79,9,77" hai3="135,42,16,117,98,124,122,91,118,33,39,46,21"/><V112/><F70/><W44/><G33/><T0/><D0/><U76/><E29/><V18/><F110/><W30/><G122/><T10/><D109/><U93/><E43/><V22/><F126/><W73/><G30/><T36/><D36/><U61/><E38/><V55/><F133/><W35/><G35/><T66/><D66/><U56/><E56/><V108/><F108/><W97/><G124/><T100/><D128/><N who="1" m="49227" /><E93/><V37/><F37/><W74/><G135/><T111/><D111/><U34/><E34/><V80/><F102/><W85/><G46/><T64/><D64/><U15/><E1/><V3/><F105/><W2/><G2/><T104/><D28/><U68/><E68/><V4/><F79/><W90/><G118/><T58/><D31/><U123/><E123/><V134/><F5/><W20/><G117/><T127/><D127/><U49/><E49/><V41/><F41/><W71/><G71/><T32/><D32/><U101/><E101/><V54/><F54/><W78/><G39/><T99/><D99/><U69/><E69/><V121/><F121/><W50/><G42/><T14/><D58/><U95/><E95/><V13/><REACH who="2" step="1"/><F134/><REACH who="2" ten="210,245,235,300" step="2"/><W86/><G78/><N who="0" m="44511" /><D115/><U125/><E125/><V119/><F119/><W17/><G50/><T132/><D114/><U53/><E53/><V47/><F47/><W130/><G44/><N who="0" m="25991" /><D132/><U82/><E7/><V116/><F116/><W60/><G130/><T62/><D62/><AGARI ba="0,1" hai="16,17,20,21,60,62,73,74,85,86,90,91,97,98" machi="62" ten="25,8000,1" yaku="22,2,52,2,54,1" doraHai="107" who="3" fromWho="0" sc="210,-80,245,0,235,0,300,90" /><INIT seed="3,0,0,3,0,129" ten="130,245,235,390" oya="3" hai0="27,62,44,19,59,54,38,15,135,112,12,9,34" hai1="90,88,46,72,108,93,11,127,103,21,55,67,61" hai2="0,75,70,23,68,5,98,17,111,60,133,130,100" hai3="7,63,57,24,123,105,10,6,16,41,33,58,14"/><W4/><G105/><T134/><D112/><U22/><E72/><V83/><F130/><W128/><G123/><T71/><D71/><U115/><E115/><V29/><F111/><W45/><G128/><T121/><D121/><U18/><E127/><V49/><F29/><W86/><G33/><T110/><D110/><U43/><E108/><V82/><F133/><N who="0" m="50698" /><D34/><U31/><E31/><V124/><F124/><W80/><G24/><T32/><D32/><U66/><E55/><V97/><F49/><N who="3" m="26799" /><G63/><T13/><D27/><U96/><E67/><V48/><F5/><W77/><AGARI ba="0,0" hai="4,6,7,10,14,16,57,58,77,80,86" m="26799" machi="77" ten="30,3000,0" yaku="8,1,54,1" doraHai="129" who="3" fromWho="3" sc="130,-10,245,-10,235,-10,390,30" owari="120,-38.0,235,4.0,225,-17.0,420,51.0" /></mjloggm>