<mjloggm ver="2.3"><GO type="97" lobby="0"/><UN n0="%E3%83%88%E3%83%88%E3%83%AA%E5%85%88%E7%94%9F%31%39%E6%AD%B3" n1="%E5%93%AD%E3%81%8D%E3%81%AE%E7%AB%9C%2E" n2="%E3%82%8A%E3%82%81%E3%82%8D" n3="%31%32%31%34%34" dan="15,14,15,14" rate="2023.87,1987.14,1952.67,1916.37" sx="F,M,M,M"/><TAIKYOKU oya="0"/><INIT seed="0,0,0,5,2,47" ten="250,250,250,250" oya="0" hai0="21,15,125,91,16,100,76,123,87,81,114,115,127" hai1="65,64,66,14,60,49,128,59,51,116,1,97,30" hai2="53,80,11,111,118,20,120,37,95,56,6,50,69" hai3="27,135,9,68,12,57,24,2,90,34,126,35,8"/><T13/><D123/><U54/><E116/><V31/><F111/><W28/><G68/><T105/><D15/><U33/><E1/><V110/><F110/><W107/><G107/><T89/><D100/><U41/><E128/><V3/><F118/><W61/><G126/><N who="0" m="48139" /><D105/><U103/><E33/><V133/><F133/><W23/><G135/><T85/><D76/><U102/><E30/><V99/><F120/><W88/><G2/><T25/><D25/><U78/><E78/><V46/><F69/><W119/><G119/><T5/><D5/><U22/><E102/><V52/><F80/><AGARI ba="0,0" hai="13,16,21,80,81,85,87,89,91,114,115" m="48139" machi="80" ten="30,2900,0" yaku="18,1,54,1" doraHai="47" who="0" fromWho="2" sc="250,29,250,0,250,-29,250,0" /><INIT seed="0,1,0,2,1,77" ten="279,250,221,250" oya="0" hai0="57,2,15,120,60,93,84,55,112,106,44,0,35" hai1="3,32,49,115,37,29,54,100,105,103,111,13,66" hai2="118,27,10,21,78,126,108,40,129,74,4,20,23" hai3="90,51,34,53,80,83,102,94,68,121,69,18,124"/><T12/><D112/><U132/><E115/><V59/><F40/><W9/><G121/><T133/><D120/><U22/><E132/><V58/><F118/><W130/><G124/><T6/><D106/><U117/><E3/><V122/><F122/><W107/><G130/><T7/><D35/><U26/><E117/><V75/><F126/><W134/><G134/><T127/><D127/><U45/><E111/><V50/><F129/><W38/><G38/><T39/><D133/><U56/><E105/><V47/><F108/><W19/><G34/><T113/><D113/><U64/><E32/><V131/><F27/><W96/><G69/><T86/><D2/><U52/><E37/><V16/><F131/><W5/><G68/><T36/><D36/><U43/><E13/><N who="0" m="5193" /><D0/><U65/><REACH who="1" step="1"/><E43/><REACH who="1" ten="279,240,221,250" step="2"/><V42/><F42/><W63/><G107/><T82/><D39/><U95/><E95/><V28/><F28/><W85/><G63/><AGARI ba="1,1" hai="22,26,29,45,49,52,54,56,63,64,65,66,100,103" machi="63" ten="40,5200,0" yaku="1,1,8,1,54,1,53,0" doraHai="77" doraHaiUra="73" who="1" fromWho="3" sc="279,0,240,65,221,0,250,-55" /><INIT seed="1,0,0,4,1,47" ten="279,305,221,195" oya="1" hai0="57,79,9,51,131,95,125,128,107,100,78,110,62" hai1="17,5,98,20,46,90,26,99,7,10,65,3,42" hai2="48,120,74,53,1,0,19,88,23,66,54,75,60" hai3="86,83,2,11,8,76,4,21,109,63,124,33,22"/><U24/><E65/><V25/><F120/><W64/><G124/><T132/><D107/><U112/><E112/><V123/><F123/><W73/><G109/><T126/><D110/><U135/><E135/><V16/><F54/><W72/><G33/><T14/><D132/><U114/><E114/><V134/><F134/><W35/><G35/><T61/><D95/><U59/><E7/><V85/><F74/><W94/><G94/><T116/><D100/><U41/><E59/><N who="2" m="37151" /><F75/><W113/><G113/><T67/><D62/><U40/><E26/><V45/><F1/><W12/><G73/><T80/><D116/><U34/><E34/><V56/><F0/><W96/><G96/><T82/><D82/><U15/><E3/><V129/><F129/><N who="0" m="49738" /><D80/><U108/><E108/><V92/><F56/><W32/><G32/><T106/><D106/><U118/><E118/><V130/><F130/><W55/><G55/><N who="0" m="31999" /><D61/><U91/><E46/><V104/><F104/><W115/><G115/><T119/><D67/><U28/><E28/><AGARI ba="0,0" hai="16,19,23,25,28,45,48,53,85,88,92" m="37151" machi="28" ten="30,7700,0" yaku="8,1,52,1,54,2" doraHai="47" who="2" fromWho="1" sc="279,0,305,-77,221,77,195,0" /><INIT seed="2,0,0,4,1,81" ten="279,228,298,195" oya="2" hai0="130,70,22,111,103,115,41,82,18,39,49,118,61" hai1="64,44,98,74,119,50,26,78,89,75,105,10,29" hai2="114,37,51,38,9,20,93,45,94,123,87,100,131" hai3="23,97,116,90,71,58,43,102,47,122,3,32,106"/><V40/><F114/><W4/><G122/><T65/><D115/><U132/><E119/><V14/><F123/><W62/><G116/><T73/><D39/><U99/><E132/><V8/><F131/><W124/><G71/><T86/><D118/><U42/><E64/><V135/><F135/><W36/><G124/><T76/><D130/><U126/><E126/><V54/><F38/><W66/><G32/><T63/><D111/><U31/><E31/><V110/><F110/><W134/><G134/><T24/><D103/><U2/><E78/><V48/><F37/><W92/><G23/><T21/><D63/><U19/><E98/><N who="2" m="59471" /><F20/><W104/><REACH who="3" step="1"/><G102/><REACH who="3" ten="279,228,298,185" step="2"/><T67/><D22/><U121/><E121/><V27/><F8/><AGARI ba="0,1" hai="3,4,8,36,43,47,58,62,66,90,92,97,104,106" machi="8" ten="40,5200,0" yaku="1,1,2,1,53,1" doraHai="81" doraHaiUra="35" who="3" fromWho="2" sc="279,0,228,0,298,-52,185,62" /><INIT seed="3,0,0,1,0,109" ten="279,228,246,247" oya="3" hai0="70,87,101,61,95,79,74,12,96,121,9,67,99" hai1="90,47,8,92,52,133,83,55,69,132,57,19,65" hai2="62,15,5,71,63,53,80,4,104,32,6,75,72" hai3="25,117,24,81,10,2,113,128,36,130,17,111,20"/><W1/><G117/><T50/><D121/><U29/><E29/><V68/><F104/><W66/><G36/><T16/><D74/><U94/><E69/><V30/><F30/><W108/><G66/><T7/><D79/><U60/><E83/><V13/><F80/><W22/><G81/><T37/><D37/><U116/><E116/><V127/><F5/><W97/><G97/><T42/><D87/><U31/><E31/><V98/><F98/><W45/><G45/><T86/><D86/><U115/><E115/><V26/><F53/><W82/><G82/><T64/><D64/><U59/><E47/><V35/><F26/><W58/><G58/><T123/><D123/><U124/><E124/><AGARI ba="0,0" hai="4,6,13,15,32,35,62,63,68,71,72,75,124,127" machi="124" ten="25,1600,0" yaku="22,2" doraHai="109" who="2" fromWho="1" sc="279,0,228,-16,246,16,247,0" /><INIT seed="4,0,0,1,4,19" ten="279,212,262,247" oya="0" hai0="120,89,34,132,73,75,47,102,63,70,71,17,97" hai1="128,54,77,93,12,117,60,74,52,121,42,49,135" hai2="9,78,18,105,114,3,2,50,56,36,106,88,29" hai3="43,15,58,48,134,37,5,55,35,104,122,46,83"/><T124/><D34/><U53/><E121/><V126/><F114/><W103/><G122/><T39/><D120/><U112/><E117/><V129/><F36/><W23/><G134/><T67/><D71/><U40/><E135/><V25/><F129/><W84/><G35/><T69/><D69/><U79/><E128/><V28/><F78/><N who="1" m="29705" /><E74/><V51/><F126/><W130/><G130/><T85/><D124/><U94/><E112/><V125/><F25/><W22/><G104/><T80/><D132/><U32/><E32/><V92/><F18/><W100/><G100/><T115/><D115/><U68/><E68/><V44/><F56/><W20/><G103/><T133/><D133/><U101/><E12/><V30/><F3/><W127/><G127/><T119/><D119/><U98/><E94/><V107/><F125/><W99/><G99/><T16/><D75/><U64/><E64/><V111/><F111/><W90/><REACH who="3" step="1"/><G5/><REACH who="3" ten="279,212,262,237" step="2"/><T81/><D97/><U8/><E8/><V113/><F9/><W61/><G61/><T118/><D63/><U11/><E11/><V91/><F113/><W82/><G82/><T0/><D118/><U108/><E108/><V96/><F107/><W86/><G86/><T131/><D85/><U26/><E26/><V27/><F27/><W10/><G10/><T45/><D131/><U72/><E72/><V14/><F106/><W7/><G7/><T62/><D73/><U95/><E95/><V24/><F92/><W59/><G59/><T57/><D57/><N who="1" m="32911" /><E60/><V65/><F105/><W123/><G123/><T1/><D62/><U38/><E38/><RYUUKYOKU ba="0,1" sc="279,-15,212,15,262,-15,237,15" hai1="40,42,53,54,93,98,101" hai3="15,20,22,23,37,43,46,48,55,58,83,84,90" /><INIT seed="5,1,1,4,0,113" ten="264,227,247,252" oya="1" hai0="18,123,110,29,59,74,55,27,105,50,7,53,34" hai1="5,96,81,54,132,104,58,51,70,112,26,101,88" hai2="36,131,91,42,89,61,125,75,86,38,129,82,15" hai3="39,120,23,8,87,114,106,72,122,64,0,1,48"/><U121/><E132/><V71/><F125/><W49/><G72/><T130/><D110/><U65/><E121/><V93/><F75/><W79/><G39/><T102/><D74/><U108/><E112/><V11/><F42/><W30/><G114/><T117/><D117/><U35/><E108/><V20/><F20/><W44/><G106/><T68/><D68/><U69/><E5/><N who="2" m="3567" /><F71/><W47/><G64/><T99/><D130/><N who="2" m="49674" /><F61/><W3/><G8/><T124/><D124/><U115/><E115/><V46/><F46/><W6/><G6/><T32/><D7/><U62/><E35/><V97/><AGARI ba="1,1" hai="36,38,82,86,89,91,93,97" m="49674,3567" machi="97" ten="30,1100,0" yaku="19,1" doraHai="113" who="2" fromWho="2" sc="264,-4,227,-6,247,24,252,-4" /><INIT seed="6,0,0,3,2,135" ten="260,221,271,248" oya="2" hai0="55,98,52,10,24,126,85,0,116,108,20,51,115" hai1="65,40,45,112,99,76,84,8,97,57,95,53,66" hai2="121,81,128,7,119,47,78,72,86,36,23,105,58" hai3="19,134,32,50,69,118,28,129,6,15,87,12,42"/><V75/><F121/><W61/><G134/><T70/><D108/><U25/><E112/><V54/><F128/><W83/><G129/><T68/><D115/><U106/><E106/><V117/><F105/><W71/><G118/><T89/><D116/><U2/><E25/><V30/><F7/><W26/><G69/><T33/><D33/><U109/><E109/><V102/><F102/><W34/><G34/><T13/><D0/><U60/><E99/><V63/><F72/><W29/><G29/><T77/><D126/><U104/><E104/><V43/><REACH who="2" step="1"/><F75/><REACH who="2" ten="260,221,261,248" step="2"/><W92/><G6/><N who="0" m="3287" /><D70/><U79/><E2/><V22/><F22/><W100/><G32/><T103/><D68/><U41/><E8/><V133/><F133/><W127/><G127/><T39/><D103/><N who="1" m="60863" /><E84/><V107/><F107/><W62/><G71/><T21/><D98/><U113/><E113/><V88/><F88/><W80/><G100/><T5/><D5/><U110/><E110/><V120/><F120/><W82/><G28/><T27/><D89/><U59/><E79/><V17/><F17/><W48/><G92/><T44/><D77/><U35/><E76/><V67/><F67/><N who="1" m="25609" /><E35/><V3/><F3/><W38/><G38/><T122/><D85/><U111/><E111/><V130/><F130/><W123/><G123/><T1/><D1/><U124/><E124/><V9/><F9/><W18/><G87/><T94/><D122/><U91/><E91/><V64/><F64/><W49/><G42/><N who="0" m="24983" /><D94/><U37/><E41/><V114/><F114/><W90/><G90/><T11/><D39/><U31/><E31/><RYUUKYOKU ba="0,1" sc="260,-15,221,15,261,15,248,-15" hai1="37,40,45,53,57,59,60" hai2="23,30,36,43,47,54,58,63,78,81,86,117,119" /><INIT seed="6,1,1,3,3,1" ten="245,236,276,233" oya="2" hai0="29,95,35,124,28,119,109,48,72,50,128,60,40" hai1="37,9,10,24,80,18,82,71,13,59,32,83,98" hai2="91,15,63,112,51,39,107,100,86,113,69,121,78" hai3="11,94,88,134,22,105,108,34,117,64,8,123,126"/><V130/><F121/><W17/><G123/><T30/><D72/><U12/><E71/><V33/><F33/><W20/><G105/><T114/><D35/><U53/><E37/><V87/><F39/><W135/><G117/><T125/><D109/><U14/><E98/><N who="2" m="61847" /><F78/><W90/><G108/><T45/><D114/><N who="2" m="44138" /><F130/><W131/><G131/><T55/><D119/><U68/><E68/><V21/><F51/><W89/><G34/><T76/><D76/><U43/><E43/><V66/><F91/><W122/><G122/><T92/><D128/><U116/><E116/><V96/><F96/><W16/><G126/><T103/><D103/><U62/><E32/><V57/><F57/><W47/><G47/><T26/><D48/><U101/><E101/><V7/><F7/><W120/><G120/><T54/><D40/><U74/><E74/><V25/><F15/><W42/><G42/><T31/><D124/><U106/><E106/><V73/><F73/><W23/><G94/><T129/><D125/><U58/><E58/><V65/><F65/><W132/><G64/><T84/><D129/><U110/><E110/><V2/><F2/><W0/><G0/><T27/><N who="0" m="7168" /><DORA hai="3" /><T127/><D127/><U61/><E61/><V44/><F44/><W19/><AGARI ba="1,1" hai="8,11,16,17,19,20,22,23,88,89,90,132,134,135" machi="19" ten="50,32000,5" yakuman="40" doraHai="1,3" who="3" fromWho="3" sc="245,-81,236,-81,276,-161,233,333" owari="164,-4.0,155,-24.0,115,-38.0,566,66.0" /></mjloggm>