<mjloggm ver="2.3"><GO type="97" lobby="0"/><UN n0="%73%69%72%6F%73%75%70%69" n1="%E5%B0%B1%E6%B4%BB%E7%94%9F%40%E5%B7%9D%E6%9D%91%E8%BB%8D%E5%9B%A3" n2="%54%53%69%6E%73%74%2E%53" n3="%E6%9D%BE%E5%B3%B6" dan="13,15,14,15" rate="1858.58,2018.73,1922.86,2077.49" sx="M,M,M,F"/><TAIKYOKU oya="0"/><INIT seed="0,0,0,5,0,54" ten="250,250,250,250" oya="0" hai0="29,129,3,21,6,44,26,106,50,113,23,122,47" hai1="78,9,124,108,91,32,130,24,68,63,92,0,120" hai2="98,72,57,41,89,52,8,86,45,34,117,31,73" hai3="85,43,55,56,81,96,112,12,30,53,35,100,119"/><T58/><D122/><U59/><E120/><V62/><F117/><W127/><G119/><T71/><D71/><U74/><E68/><V128/><F98/><W109/><G109/><T25/><D113/><U75/><E108/><V116/><F116/><W88/><G112/><T27/><D129/><U95/><E130/><V51/><F128/><W60/><G43/><T115/><D106/><U90/><E124/><V82/><F31/><W37/><G37/><T69/><D69/><U110/><E110/><V103/><F34/><W83/><G127/><T40/><D115/><U121/><E121/><V123/><F103/><W4/><G30/><N who="0" m="17711" /><D3/><U15/><E0/><V125/><F125/><W64/><G35/><T14/><D27/><U19/><E78/><V1/><REACH who="2" step="1"/><F123/><REACH who="2" ten="250,250,240,250" step="2"/><W118/><G118/><T67/><D29/><U22/><E32/><V99/><F99/><W114/><G114/><T38/><D23/><U33/><E33/><V61/><F61/><W5/><G96/><T13/><D13/><U126/><E126/><V17/><F17/><W76/><G100/><T94/><D14/><U66/><E15/><V65/><F65/><W11/><REACH who="3" step="1"/><G4/><AGARI ba="0,1" hai="1,4,8,41,45,51,52,57,62,72,73,82,86,89" machi="4" ten="40,8000,1" yaku="1,1,52,1,54,1,53,1" doraHai="54" doraHaiUra="39" who="2" fromWho="3" sc="250,0,250,0,240,90,250,-80" /><INIT seed="1,0,0,5,4,72" ten="250,250,330,170" oya="1" hai0="1,98,46,39,109,18,20,133,88,59,51,8,6" hai1="97,30,122,37,38,35,92,31,134,118,91,99,64" hai2="112,120,108,26,94,12,102,41,66,80,65,69,100" hai3="62,29,76,86,125,21,119,105,11,14,130,40,55"/><U117/><E122/><V2/><F112/><W10/><G105/><T22/><D133/><U126/><E134/><V57/><F120/><W43/><G125/><T106/><D109/><U47/><E126/><V56/><F2/><W44/><G130/><T110/><D110/><U78/><E64/><V52/><F108/><W17/><G119/><T81/><D106/><U101/><E78/><V19/><F69/><W48/><G62/><T13/><D39/><U89/><E35/><V3/><F3/><W36/><G36/><T42/><D59/><U58/><E58/><V75/><F57/><W50/><G29/><T132/><D132/><U135/><E135/><V61/><F26/><W128/><G128/><T77/><D22/><U107/><E38/><V24/><F24/><W53/><G53/><T79/><REACH who="0" step="1"/><D81/><REACH who="0" ten="240,250,330,170" step="2"/><U85/><E37/><V32/><F32/><W83/><REACH who="3" step="1"/><G43/><REACH who="3" ten="240,250,330,160" step="2"/><T67/><D67/><U127/><E127/><V121/><F41/><W129/><G129/><T68/><D68/><U73/><E117/><V4/><F66/><W123/><G123/><T116/><D116/><U111/><E111/><V34/><F65/><W16/><G16/><T5/><D5/><U104/><E118/><V15/><F4/><W96/><G96/><T103/><D103/><U60/><E101/><V33/><F102/><W0/><G0/><T93/><AGARI ba="0,2" hai="1,6,8,13,18,20,42,46,51,77,79,88,93,98" machi="93" ten="30,8000,1" yaku="1,1,0,1,52,2,54,1,53,0" doraHai="72" doraHaiUra="114" who="0" fromWho="0" sc="240,100,250,-40,330,-20,160,-20" /><INIT seed="2,0,0,5,4,122" ten="340,210,310,140" oya="2" hai0="130,90,38,83,105,75,82,127,6,25,15,124,126" hai1="117,27,80,51,99,113,11,71,10,134,115,97,125" hai2="57,32,50,29,37,133,112,94,87,58,110,49,76" hai3="119,109,9,19,55,44,66,47,31,39,36,81,116"/><V106/><F106/><W96/><G96/><T16/><D38/><N who="3" m="14377" /><G31/><T135/><D105/><U60/><E125/><V7/><F112/><W34/><G34/><T84/><D135/><U23/><E134/><V78/><F37/><W102/><G102/><T114/><D114/><U20/><E117/><N who="3" m="45130" /><G19/><T129/><D75/><U61/><E51/><V120/><F133/><W88/><G88/><T14/><D25/><U63/><E71/><V72/><F72/><W35/><G9/><N who="1" m="3082" /><E115/><V132/><F132/><W89/><G89/><T123/><D123/><U41/><E41/><V64/><F120/><W12/><G12/><T22/><D6/><U59/><E113/><V17/><F7/><W74/><G74/><T52/><D14/><U18/><E59/><V91/><F29/><W4/><G4/><T28/><D28/><N who="1" m="17511" /><E80/><V42/><F32/><W93/><G81/><N who="0" m="49423" /><D52/><U26/><AGARI ba="0,0" hai="18,23,26,60,61,63,97,99" m="17511,3082" machi="26" ten="30,1100,0" yaku="8,1" doraHai="122" who="1" fromWho="1" sc="340,-3,210,11,310,-5,140,-3" /><INIT seed="3,0,0,2,3,104" ten="337,221,305,137" oya="3" hai0="57,76,88,106,92,134,32,48,71,82,13,55,129" hai1="66,126,103,47,86,87,58,45,41,38,117,53,135" hai2="98,65,97,31,75,119,29,43,6,105,81,80,77" hai3="102,16,107,61,74,62,4,128,116,54,96,26,118"/><W22/><G74/><T36/><D129/><U122/><E122/><V115/><F115/><W84/><G128/><T59/><D134/><U125/><E117/><V85/><F119/><W23/><G4/><T108/><D108/><U7/><E135/><V133/><F6/><W9/><G9/><T25/><D106/><U60/><E7/><V46/><F65/><W132/><G132/><T14/><D71/><U56/><E103/><V70/><F70/><W127/><G127/><N who="1" m="48650" /><E47/><V90/><F133/><W12/><G84/><N who="0" m="48199" /><D36/><U89/><E89/><V91/><F98/><W124/><G124/><T2/><D2/><U0/><E0/><V19/><F19/><W72/><G72/><T94/><D32/><U78/><E78/><V120/><F120/><W44/><G62/><AGARI ba="0,0" hai="38,41,45,53,56,58,60,62,66,86,87" m="48650" machi="62" ten="30,1000,0" yaku="18,1" doraHai="104" who="1" fromWho="3" sc="337,0,221,10,305,0,137,-10" owari="337,43.0,231,-17.0,305,11.0,127,-37.0" /></mjloggm>