<mjloggm ver="2.3"><GO type="41" lobby="0"/><UN n0="%E5%BF%83%E5%A4%AA%E3%81%86%E3%81%BE%E3%81%84%E3%81%99%E3%81%9F%E3%81%81" n1="%E5%B0%B1%E6%B4%BB%E7%94%9F%40%E5%B7%9D%E6%9D%91%E8%BB%8D%E5%9B%A3" n2="%6A%6F%65%5F%6A%61%6E" n3="%74%6B%35%39%34%36%73%6F" dan="15,15,13,14" rate="1993.98,2018.45,1908.58,1932.10" sx="M,M,M,M"/><TAIKYOKU oya="0"/><INIT seed="0,0,0,3,1,64" ten="250,250,250,250" oya="0" hai0="40,32,102,124,8,90,7,37,74,60,48,99,123" hai1="41,91,81,95,2,31,131,76,6,73,67,119,106" hai2="80,18,66,126,4,115,116,92,103,82,96,61,45" hai3="17,113,55,3,127,62,109,16,54,1,134,122,129"/><T104/><D123/><U24/><E119/><V97/><F115/><W133/><G113/><T51/><D74/><U117/><E117/><V63/><F116/><W35/><G35/><T57/><D32/><U39/><E131/><V130/><F130/><W79/><G129/><T43/><D124/><U30/><E106/><V14/><F126/><W9/><G127/><T87/><D37/><U77/><E77/><V69/><F4/><W10/><G79/><T83/><D43/><U38/><E67/><V75/><F63/><W5/><G62/><T59/><D40/><U110/><E110/><V26/><F45/><W11/><G5/><T135/><D135/><N who="3" m="51721" /><G109/><T25/><D25/><U13/><E13/><V111/><F111/><W100/><G100/><T50/><REACH who="0" step="1"/><D60/><REACH who="0" ten="240,250,250,250" step="2"/><U47/><E39/><V70/><F75/><W101/><G122/><T34/><D34/><U52/><E24/><V12/><F26/><W49/><G49/><T20/><D20/><U65/><E65/><V84/><F61/><W0/><G101/><T86/><D86/><U23/><E52/><AGARI ba="0,1" hai="0,1,3,9,10,11,16,17,52,54,55" m="51721" machi="52" ten="40,8000,1" yaku="28,2,20,1,54,2" doraHai="64" who="3" fromWho="1" sc="240,0,250,-80,250,0,250,90" /><INIT seed="1,0,0,3,1,80" ten="240,170,250,340" oya="1" hai0="79,119,25,55,49,41,102,34,33,46,28,26,122" hai1="108,94,82,56,89,17,67,77,126,18,92,127,91" hai2="54,29,120,10,88,51,103,72,65,69,111,0,117" hai3="99,15,98,40,131,128,50,125,78,27,13,63,16"/><U53/><E67/><V43/><F111/><W22/><G125/><N who="1" m="47626" /><E108/><V73/><F117/><W100/><G63/><T130/><D130/><N who="3" m="49705" /><G78/><T4/><D119/><U81/><E94/><V61/><F103/><W113/><G113/><T59/><D102/><U60/><E91/><V68/><F120/><W114/><G114/><T58/><D122/><U23/><E77/><V36/><F29/><W105/><G99/><T71/><D71/><U129/><E129/><V45/><F69/><W57/><G40/><T62/><D79/><U85/><E18/><V83/><F10/><W9/><G9/><T24/><D33/><U32/><E32/><V97/><F0/><W1/><G1/><T106/><D106/><U84/><E84/><V107/><F107/><W12/><G27/><AGARI ba="0,0" hai="17,23,27,53,56,60,81,82,85,89,92" m="47626" machi="27" ten="30,2900,0" yaku="18,1,52,1" doraHai="80" who="1" fromWho="3" sc="240,0,170,29,250,0,340,-29" /><INIT seed="1,1,0,4,2,130" ten="240,199,250,311" oya="1" hai0="92,82,99,70,19,44,80,33,20,13,65,67,113" hai1="103,3,23,127,77,74,62,97,12,68,120,116,123" hai2="52,15,11,14,114,73,117,29,63,119,8,76,0" hai3="88,30,69,42,90,96,56,54,126,104,111,86,6"/><U83/><E3/><V17/><F76/><W41/><G69/><T112/><D33/><U43/><E116/><V78/><F114/><W22/><G111/><T85/><D80/><U58/><E68/><V46/><F78/><W94/><G6/><T81/><D81/><U108/><E108/><V39/><F73/><W9/><G9/><T79/><D44/><U1/><E1/><V110/><F110/><W50/><G104/><T31/><D31/><U18/><E43/><V60/><F0/><W125/><G125/><T48/><D48/><U35/><E35/><V53/><F29/><W47/><G47/><T87/><D87/><U129/><E129/><V124/><F124/><W131/><G131/><T102/><REACH who="0" step="1"/><D70/><REACH who="0" ten="230,199,250,311" step="2"/><U10/><E127/><V45/><F17/><W122/><G126/><T26/><D26/><U57/><E57/><V24/><F24/><N who="3" m="16663" /><G122/><T121/><D121/><U61/><E123/><V55/><F39/><W16/><G16/><T2/><D2/><U28/><E120/><V32/><F32/><W106/><G106/><T109/><D109/><U59/><E59/><V98/><F98/><W118/><G118/><T7/><D7/><U134/><E28/><V93/><F93/><AGARI ba="1,1" hai="41,42,50,54,56,86,88,90,93,94,96" m="16663" machi="93" ten="30,2000,0" yaku="8,1,54,1" doraHai="130" who="3" fromWho="2" sc="230,0,199,0,250,-23,311,33" /><INIT seed="2,0,0,0,5,115" ten="230,199,227,344" oya="2" hai0="91,135,43,22,49,117,24,74,86,34,14,16,26" hai1="31,105,93,47,3,77,78,30,65,50,72,61,127" hai2="35,79,69,87,85,7,13,8,67,33,10,58,68" hai3="45,6,128,98,121,75,122,97,51,92,83,124,25"/><V60/><F79/><W70/><G70/><T108/><D74/><U48/><E105/><V66/><F58/><W55/><G128/><T5/><D108/><U21/><E3/><V132/><F132/><W107/><G124/><T64/><D64/><U63/><E127/><V116/><F116/><W123/><G107/><T100/><D100/><U126/><E126/><V99/><F99/><W90/><G6/><T112/><D112/><U28/><E72/><V130/><F130/><W71/><G25/><T104/><D104/><U119/><E119/><V84/><F10/><W59/><G71/><T118/><D135/><U23/><E93/><V95/><REACH who="2" step="1"/><F95/><REACH who="2" ten="230,199,217,344" step="2"/><W57/><G98/><T11/><D34/><U113/><E113/><V81/><F81/><W18/><G59/><T94/><D118/><U82/><E82/><V36/><F36/><W120/><G57/><T88/><D117/><U96/><E96/><V17/><F17/><W0/><G18/><T2/><D91/><U133/><E133/><V109/><F109/><W46/><G97/><T111/><REACH who="0" step="1"/><D111/><REACH who="0" ten="220,199,217,344" step="2"/><U89/><E89/><V73/><F73/><W131/><G75/><T1/><D1/><U37/><E78/><V102/><F102/><W110/><G0/><T53/><D53/><U32/><E77/><V4/><F4/><W56/><G90/><T19/><D19/><U52/><E32/><V129/><F129/><W44/><G110/><T38/><D38/><U54/><E37/><V134/><F134/><W9/><G131/><T40/><D40/><U12/><E54/><V39/><F39/><W106/><G55/><RYUUKYOKU ba="0,2" sc="220,15,199,-15,217,15,344,-15" hai0="2,5,11,14,16,22,24,26,43,49,86,88,94" hai2="7,8,13,33,35,60,66,67,68,69,84,85,87" /><INIT seed="2,1,2,0,1,84" ten="235,184,232,329" oya="2" hai0="113,69,83,29,64,122,65,106,30,45,117,22,31" hai1="18,101,121,32,42,82,104,13,77,15,33,72,103" hai2="58,111,125,68,96,1,118,86,80,100,133,14,34" hai3="129,95,112,5,71,89,78,6,131,91,97,60,27"/><V9/><F1/><W114/><G78/><T119/><D113/><N who="3" m="43625" /><G27/><T105/><D122/><U81/><E121/><V61/><F68/><W94/><G60/><T99/><D69/><U51/><E15/><V59/><F118/><N who="0" m="45066" /><D83/><U76/><E42/><V55/><F111/><W19/><G71/><T135/><D135/><U2/><E2/><V102/><F133/><W23/><G19/><T43/><D22/><U73/><E51/><N who="2" m="31103" /><F34/><W8/><G23/><T10/><D10/><U66/><E66/><N who="0" m="25705" /><D99/><U56/><E56/><V36/><F36/><AGARI ba="1,2" hai="29,30,31,36,43,45,105,106" m="25705,45066" machi="36" ten="30,1000,0" yaku="12,1" doraHai="84" who="0" fromWho="2" sc="235,33,184,0,232,-13,329,0" /><INIT seed="3,0,0,1,4,55" ten="268,184,219,329" oya="3" hai0="8,78,120,0,130,97,81,104,11,42,31,125,17" hai1="60,49,75,106,98,22,128,50,96,36,127,102,53" hai2="5,68,101,6,26,131,115,28,69,74,16,124,73" hai3="100,83,7,126,134,133,35,89,56,116,95,76,12"/><W19/><G35/><T21/><D120/><U44/><E75/><V62/><F115/><W86/><G7/><T4/><D125/><U112/><E127/><V122/><F124/><W118/><G126/><T90/><D130/><U30/><E128/><V58/><F131/><W108/><G100/><T103/><D11/><U46/><E112/><V105/><F122/><W45/><G45/><T47/><D90/><U33/><E33/><V111/><F111/><W39/><G39/><T59/><D31/><U77/><E77/><V41/><F41/><W54/><G83/><T37/><D21/><U99/><E36/><V132/><F132/><N who="3" m="50795" /><G76/><T88/><D88/><U52/><REACH who="1" step="1"/><E60/><REACH who="1" ten="268,174,219,329" step="2"/><V117/><F117/><W129/><G129/><T121/><D121/><U93/><E93/><V3/><F3/><W87/><G108/><T71/><D81/><U18/><E18/><V61/><F105/><W29/><G29/><T85/><D17/><U65/><E65/><V80/><F80/><W107/><G107/><T48/><D78/><U24/><AGARI ba="0,1" hai="22,24,30,44,46,49,50,52,53,96,98,99,102,106" machi="24" ten="30,7900,0" yaku="1,1,0,1,9,1,54,1,53,0" doraHai="55" doraHaiUra="70" who="1" fromWho="1" sc="268,-20,174,89,219,-20,329,-39" /><INIT seed="4,0,0,0,3,65" ten="248,263,199,290" oya="0" hai0="123,57,107,15,32,99,83,54,118,86,55,56,68" hai1="13,21,81,28,105,114,132,98,125,97,27,134,88" hai2="9,79,12,108,20,59,131,80,111,50,112,66,92" hai3="63,67,124,14,48,37,100,64,101,89,22,1,61"/><T74/><D123/><U69/><E105/><V44/><F112/><W29/><G37/><T46/><D32/><U51/><E114/><V115/><F131/><W7/><G1/><T6/><D118/><U129/><E129/><V53/><F115/><W82/><G124/><T71/><D74/><U117/><E117/><V5/><F92/><W8/><G22/><T76/><D46/><U87/><E125/><V26/><F66/><W47/><G29/><T43/><D43/><U119/><E119/><V3/><F59/><W130/><G89/><T35/><D35/><U39/><E39/><V42/><F53/><W11/><G82/><T58/><D6/><U116/><E116/><V127/><F127/><W60/><G11/><T77/><D15/><U73/><E73/><V41/><F41/><N who="3" m="24687" /><G130/><T52/><REACH who="0" step="1"/><D77/><REACH who="0" ten="238,263,199,290" step="2"/><U75/><E75/><V85/><F3/><W38/><G38/><T109/><D109/><U135/><E13/><V128/><F128/><W133/><G133/><T78/><D78/><U122/><E122/><V33/><F33/><W72/><G72/><T102/><AGARI ba="0,1" hai="52,54,55,56,57,58,68,71,76,83,86,99,102,107" machi="102" ten="40,12000,1" yaku="1,1,0,1,52,2,54,1,53,0" doraHai="65" doraHaiUra="10" who="0" fromWho="0" sc="238,130,263,-40,199,-40,290,-40" /><INIT seed="4,1,0,3,1,53" ten="368,223,159,250" oya="0" hai0="118,14,112,114,69,73,130,27,31,81,61,119,80" hai1="109,59,42,70,28,12,113,58,82,65,8,91,18" hai2="43,32,92,24,17,2,63,128,72,117,87,122,103" hai3="22,84,88,19,40,98,66,51,50,16,102,110,34"/><T83/><D73/><U15/><E109/><V21/><F72/><W29/><G34/><T3/><D3/><U60/><E113/><V116/><F122/><W125/><G110/><T5/><D130/><U76/><E28/><V52/><F43/><W77/><G77/><T111/><D111/><U101/><E101/><V25/><F128/><W129/><G129/><T13/><D69/><U124/><E124/><V127/><F127/><W74/><G74/><T11/><D14/><U1/><E1/><V86/><F2/><W123/><G125/><T105/><D105/><U99/><E42/><V134/><F134/><W67/><G51/><T133/><D133/><U7/><E91/><V106/><F106/><W75/><G29/><T47/><D47/><U94/><E99/><V48/><F63/><W0/><G0/><T78/><D78/><U131/><E94/><V49/><F48/><W55/><G40/><T10/><D10/><U57/><E131/><V23/><F32/><W9/><G9/><T44/><D44/><U39/><E39/><V4/><F4/><W104/><G75/><T97/><D97/><U6/><REACH who="1" step="1"/><E15/><REACH who="1" ten="368,213,159,250" step="2"/><V41/><F41/><W30/><G30/><T132/><D132/><U68/><E68/><V71/><F71/><W95/><G123/><T46/><D114/><U64/><E64/><V35/><F35/><W90/><G67/><T33/><D112/><U45/><E45/><N who="2" m="27695" /><F103/><W121/><G102/><T108/><D108/><U115/><E115/><V20/><F92/><W62/><G95/><T26/><D46/><U54/><E54/><V38/><F38/><RYUUKYOKU ba="1,1" sc="368,-10,213,30,159,-10,250,-10" hai1="6,7,8,12,18,57,58,59,60,65,70,76,82" /><INIT seed="5,2,1,3,0,8" ten="358,243,149,240" oya="1" hai0="9,109,88,44,83,125,132,13,23,108,53,87,124" hai1="47,93,81,7,22,94,6,32,34,37,101,67,42" hai2="36,28,89,118,90,15,43,58,131,134,114,105,79" hai3="18,69,71,4,77,99,21,2,64,135,100,112,106"/><U17/><E34/><V73/><F118/><W14/><G4/><T27/><D132/><U72/><E32/><V70/><F70/><W95/><G2/><T103/><D103/><U104/><E104/><V116/><F116/><W84/><G135/><T12/><D23/><U130/><E130/><V76/><F134/><W19/><G64/><T54/><D27/><U62/><E72/><V102/><F131/><W33/><G33/><T40/><D40/><U85/><E6/><V38/><F28/><W107/><G112/><T78/><D78/><U75/><E75/><V56/><F73/><W128/><G128/><T96/><D96/><U51/><E37/><V127/><F102/><W115/><G115/><T55/><D44/><U59/><E7/><V119/><F114/><W113/><G113/><T74/><D9/><U126/><E101/><V35/><F119/><W11/><G107/><T133/><D74/><U16/><E126/><N who="0" m="48745" /><D133/><U65/><E65/><V122/><F35/><W31/><G31/><T121/><D121/><U39/><E39/><V110/><F127/><W41/><G41/><T123/><D123/><U29/><E29/><V30/><F122/><W5/><G106/><T25/><D25/><N who="1" m="14535" /><E17/><V117/><F117/><W10/><G5/><T45/><D45/><U66/><E66/><V61/><F105/><W46/><G46/><T52/><N who="0" m="13824" /><DORA hai="60" /><T82/><D82/><U20/><E20/><V49/><F30/><W63/><G21/><T129/><D129/><U97/><E97/><V57/><F36/><W1/><G99/><T68/><D68/><U92/><E81/><RYUUKYOKU ba="2,1" sc="358,15,243,15,149,-15,240,-15" hai0="12,13,83,87,88,108,109" hai1="42,47,51,59,62,67,85,92,93,94" /><INIT seed="5,3,1,4,0,13" ten="373,258,134,225" oya="1" hai0="39,65,35,3,5,21,7,97,102,19,89,15,54" hai1="101,124,17,126,44,121,115,90,87,98,113,133,105" hai2="55,128,74,80,111,85,78,57,100,59,52,131,42" hai3="71,107,112,70,23,12,8,32,4,69,116,103,36"/><U68/><E121/><V125/><F111/><W72/><G72/><T27/><D39/><U110/><E68/><V95/><F42/><W132/><G36/><T67/><D3/><U0/><E0/><V26/><F125/><N who="1" m="48233" /><E44/><V20/><F74/><W117/><G107/><T122/><D122/><U104/><E17/><V25/><F100/><W120/><G103/><T76/><D35/><U45/><E45/><V82/><F95/><W106/><G106/><T96/><D54/><U127/><E127/><V46/><F46/><W2/><G32/><T9/><D7/><U56/><E56/><V14/><F14/><W118/><G120/><T83/><D67/><U18/><E18/><V58/><F82/><W64/><G64/><T60/><D60/><U1/><E1/><V73/><F73/><W81/><G81/><T33/><D33/><U99/><E110/><V91/><F78/><W114/><G69/><T41/><D41/><U49/><E49/><V108/><F108/><W79/><G79/><T48/><D48/><U31/><E31/><V30/><REACH who="2" step="1"/><F26/><REACH who="2" ten="373,258,124,225" step="2"/><W123/><G123/><T51/><D27/><U119/><E119/><V53/><AGARI ba="3,2" hai="20,25,30,52,53,55,57,58,59,80,85,91,128,131" machi="53" ten="40,8000,1" yaku="1,1,2,1,0,1,54,1,53,0" doraHai="13" doraHaiUra="61" who="2" fromWho="2" sc="373,-23,258,-43,124,109,225,-23" /><INIT seed="6,0,0,2,2,117" ten="350,215,233,202" oya="2" hai0="77,94,103,9,100,2,90,91,88,72,10,63,85" hai1="101,59,69,7,11,38,135,27,28,80,89,62,6" hai2="71,132,60,42,108,109,125,12,81,29,115,47,46" hai3="21,45,114,133,105,121,129,35,61,34,41,96,37"/><V92/><F115/><W118/><G118/><T14/><D72/><U1/><E69/><V128/><F125/><W16/><G114/><T24/><D2/><U3/><E135/><V57/><F132/><W17/><G133/><T84/><D77/><U8/><E38/><V86/><F71/><W64/><G17/><T15/><D24/><U122/><E101/><N who="0" m="38985" /><D63/><U131/><E131/><V25/><F128/><W104/><G96/><T130/><D130/><U123/><E89/><N who="0" m="34409" /><D85/><U44/><E80/><V97/><F92/><W98/><G129/><T4/><D4/><U65/><REACH who="1" step="1"/><E44/><REACH who="1" ten="350,205,233,202" step="2"/><V82/><F97/><W119/><G98/><T48/><D91/><U112/><E112/><V116/><F116/><W70/><G119/><T50/><D94/><U52/><E52/><N who="2" m="33831" /><F86/><W120/><G105/><T74/><D84/><U19/><E19/><V111/><F12/><W126/><G104/><T134/><D74/><U31/><E31/><V107/><F107/><W76/><G126/><T93/><D93/><U43/><E43/><V95/><F95/><W106/><G106/><T20/><D15/><U51/><E51/><N who="2" m="27095" /><F47/><W56/><G70/><T79/><D134/><U67/><E67/><V58/><F58/><W54/><G64/><T127/><D127/><U66/><E66/><V87/><F87/><W0/><G56/><T30/><D14/><U18/><E18/><V75/><F75/><W23/><G16/><T78/><D50/><U110/><E110/><N who="2" m="28163" /><V83/><DORA hai="55" /><F83/><W36/><G45/><T113/><D48/><U68/><E68/><V49/><F49/><W26/><G37/><RYUUKYOKU ba="0,1" sc="350,-15,205,15,233,15,202,-15" hai1="1,3,6,7,8,11,27,28,59,62,65,122,123" hai2="25,29,81,82" /><INIT seed="6,1,1,5,1,71" ten="335,220,248,187" oya="2" hai0="118,83,132,30,52,54,127,45,53,73,46,113,51" hai1="37,101,13,35,135,3,40,93,6,66,111,87,33" hai2="116,7,44,38,61,34,14,99,24,62,119,27,17" hai3="9,121,12,133,68,64,39,79,89,50,126,102,90"/><V82/><F7/><W131/><G121/><T55/><D30/><U134/><E111/><V28/><F24/><W95/><G102/><T117/><D113/><U23/><E3/><V129/><F129/><W76/><G64/><T2/><D2/><U16/><E6/><V15/><F99/><W77/><G68/><T105/><D105/><U29/><E66/><V92/><F92/><W67/><G67/><T85/><D73/><U107/><E107/><V86/><F14/><W112/><G39/><T21/><D21/><U109/><E109/><V1/><F1/><W96/><G131/><T0/><D0/><U88/><E101/><V97/><F97/><W19/><G133/><N who="1" m="50698" /><E29/><V70/><F70/><W4/><G126/><T72/><D72/><U84/><E84/><V56/><F56/><W63/><G112/><T20/><D20/><U65/><E65/><V104/><F104/><W43/><G4/><T18/><D18/><U98/><E98/><V103/><F103/><N who="3" m="60831" /><G63/><T59/><D127/><U32/><E32/><V8/><F119/><N who="0" m="45578" /><D132/><U108/><E108/><V26/><F26/><W41/><G41/><T10/><D10/><U124/><E124/><V60/><F116/><W58/><G43/><T120/><D120/><U78/><E78/><AGARI ba="1,1" hai="45,46,51,52,53,54,55,59,78,83,85" m="45578" machi="78" ten="30,2000,0" yaku="12,1,54,1" doraHai="71" who="0" fromWho="1" sc="335,33,220,-23,248,0,187,0" /><INIT seed="7,0,0,0,0,87" ten="368,197,248,187" oya="3" hai0="11,50,100,51,38,23,61,36,84,93,99,9,29" hai1="110,35,62,0,127,5,118,59,6,133,57,13,68" hai2="52,14,34,33,123,95,4,125,49,114,25,115,98" hai3="70,80,117,48,82,76,74,97,43,75,39,89,71"/><W30/><G117/><T121/><D121/><U60/><E35/><V21/><F123/><W64/><G39/><T56/><D38/><U63/><E68/><V109/><F109/><W22/><G64/><T85/><D36/><U113/><E0/><V81/><F125/><W116/><G116/><T37/><D37/><U8/><E110/><V94/><F4/><N who="1" m="1641" /><E118/><V122/><F122/><W129/><G129/><T20/><D85/><U103/><E127/><V79/><F14/><W132/><G132/><T101/><D84/><U106/><E106/><V42/><F42/><W119/><G119/><T27/><D101/><U112/><E103/><V91/><F81/><W86/><G97/><T12/><D23/><U134/><E13/><V88/><F79/><W16/><G30/><T72/><D72/><U19/><E19/><V53/><F21/><W3/><G3/><T77/><D77/><U92/><E8/><N who="0" m="3145" /><D12/><U45/><E92/><V108/><F108/><W10/><G10/><T105/><D105/><U120/><E45/><V31/><F33/><W17/><G17/><T2/><D2/><U78/><E78/><V44/><REACH who="2" step="1"/><F53/><AGARI ba="0,0" hai="20,27,29,50,51,53,56,61,93,99,100" m="3145" machi="53" ten="30,1000,0" yaku="8,1" doraHai="87" who="0" fromWho="2" sc="368,10,197,0,248,-10,187,0" owari="378,47.0,197,-20.0,238,4.0,187,-31.0" /></mjloggm>