<mjloggm ver="2.3"><GO type="225" lobby="0"/><UN n0="%E3%83%AF%E3%82%A4%E3%83%AB%E3%83%89" n1="%73%61%72%61%68%31%32%33" n2="%E4%B8%A6%E3%81%BF%E3%81%AE%E7%AB%9C" n3="%E5%B0%B1%E6%B4%BB%E7%94%9F%40%E5%B7%9D%E6%9D%91%E8%BB%8D%E5%9B%A3" dan="16,17,16,17" rate="2132.15,2145.33,2046.49,2097.99" sx="M,M,M,M"/><TAIKYOKU oya="0"/><INIT seed="0,0,0,2,2,17" ten="250,250,250,250" oya="0" hai0="50,80,47,87,90,89,79,22,122,64,131,85,130" hai1="73,26,93,46,81,13,98,58,119,52,134,33,128" hai2="117,99,41,109,44,23,28,94,82,78,112,42,74" hai3="86,34,100,129,19,121,91,92,16,135,65,6,104"/><T83/><D122/><U95/><E119/><V56/><F109/><W49/><G34/><T18/><D64/><U63/><E128/><V45/><F112/><W114/><G121/><T10/><D79/><U3/><E3/><V69/><F69/><W53/><G114/><T37/><D37/><U123/><E123/><V72/><F56/><W20/><G129/><T84/><D84/><U111/><E111/><V120/><F120/><W0/><G135/><T113/><D113/><U57/><E134/><V38/><F72/><W66/><G0/><T110/><D10/><U21/><E33/><V8/><F8/><W36/><G36/><T31/><D31/><N who="1" m="17871" /><E73/><V62/><F62/><W15/><G6/><T55/><REACH who="0" step="1"/><D110/><REACH who="0" ten="240,250,250,250" step="2"/><U59/><E81/><V88/><F117/><W108/><G108/><T101/><D101/><N who="1" m="60623" /><E63/><V133/><F133/><W97/><REACH who="3" step="1"/><G19/><REACH who="3" ten="240,250,250,240" step="2"/><T39/><D39/><U12/><E95/><V115/><F115/><W118/><G118/><T35/><D35/><U1/><E1/><V24/><REACH who="2" step="1"/><F38/><REACH who="2" ten="240,250,240,240" step="2"/><W75/><G75/><T116/><D116/><U126/><E126/><V107/><F107/><W32/><G32/><T14/><AGARI ba="0,3" hai="14,18,22,47,50,55,80,83,85,87,89,90,130,131" machi="14" ten="30,11700,0" yaku="1,1,0,1,9,1,52,1,53,0" doraHai="17" doraHaiUra="70" who="0" fromWho="0" sc="240,147,250,-39,240,-39,240,-39" /><INIT seed="0,1,0,3,1,0" ten="387,211,201,201" oya="0" hai0="112,123,18,122,21,42,61,107,5,52,67,25,48" hai1="53,79,115,16,84,109,126,6,91,22,97,60,75" hai2="111,99,29,20,105,65,80,54,95,68,27,12,104" hai3="9,98,121,57,13,132,133,100,113,7,116,24,63"/><T69/><D107/><U82/><E115/><V2/><F111/><W37/><G113/><T110/><D112/><U77/><E109/><V33/><F2/><W4/><G37/><T15/><D110/><U46/><E126/><V3/><F3/><W74/><G116/><T101/><D101/><U45/><E79/><V26/><F80/><W102/><G74/><T125/><D42/><U89/><E6/><N who="3" m="2090" /><G24/><T117/><D117/><U1/><E1/><V78/><F12/><W85/><G85/><T96/><D96/><U119/><E119/><V86/><F86/><W41/><G41/><T44/><REACH who="0" step="1"/><D125/><REACH who="0" ten="377,211,201,201" step="2"/><U17/><E97/><V14/><F99/><W64/><G98/><T59/><D59/><N who="1" m="34927" /><E75/><V83/><F104/><W51/><G121/><T49/><D49/><U103/><E103/><V70/><F105/><W118/><G118/><T56/><D56/><U71/><E71/><V88/><F70/><W72/><G51/><T31/><D31/><U130/><E130/><V43/><F68/><W35/><G35/><T39/><D39/><U106/><E106/><V128/><F43/><W92/><G102/><T8/><AGARI ba="1,1" hai="5,8,15,18,21,25,44,48,52,61,67,69,122,123" machi="8" ten="30,11700,0" yaku="1,1,0,1,52,1,54,1,53,0" doraHai="0" doraHaiUra="135" who="0" fromWho="0" sc="377,130,211,-40,201,-40,201,-40" /><INIT seed="0,2,0,3,2,76" ten="507,171,161,161" oya="0" hai0="38,58,114,129,75,39,104,22,53,118,72,65,102" hai1="116,61,42,0,105,113,34,56,47,6,16,103,55" hai2="17,127,84,10,126,9,66,119,91,2,132,19,88" hai3="77,80,24,123,45,35,122,67,26,112,3,13,44"/><T101/><D118/><U90/><E116/><V130/><F119/><W97/><G3/><T98/><D114/><U135/><E34/><V99/><F132/><W59/><G112/><T69/><D129/><U33/><E33/><V121/><F121/><N who="3" m="46091" /><G97/><T7/><D101/><U57/><E135/><V1/><F130/><W49/><G13/><T93/><D104/><U8/><E113/><V83/><F99/><W74/><G35/><T25/><D7/><U12/><E103/><V68/><F68/><W40/><G45/><T11/><D11/><N who="2" m="4106" /><F91/><W94/><G94/><T133/><D133/><U78/><E78/><V50/><F50/><W115/><G115/><T82/><D82/><U14/><E105/><V46/><F46/><W5/><G5/><T37/><D65/><N who="1" m="39079" /><E90/><V117/><F66/><W27/><G67/><T111/><D69/><U73/><E73/><V125/><F117/><W4/><G4/><T32/><D32/><U54/><E0/><AGARI ba="2,0" hai="0,1,2,17,19,83,84,88,125,126,127" m="4106" machi="0" ten="40,5200,0" yaku="18,1,52,1,54,1" doraHai="76" who="2" fromWho="1" sc="507,0,171,-58,161,58,161,0" /><INIT seed="1,0,0,2,3,120" ten="507,113,219,161" oya="1" hai0="74,40,45,70,76,47,87,24,39,56,86,106,3" hai1="49,17,33,90,71,14,116,134,25,83,88,127,123" hai2="131,93,104,6,20,7,103,4,72,65,18,63,41" hai3="117,55,82,30,89,66,60,64,73,110,79,75,67"/><U130/><E123/><V36/><F72/><W11/><G75/><T21/><D70/><U121/><E121/><V135/><F104/><W9/><G117/><T111/><D106/><U98/><E116/><V68/><F135/><W113/><G113/><T126/><D126/><U122/><E122/><V80/><F131/><W107/><G107/><T58/><D3/><U105/><E71/><V43/><F36/><W29/><G110/><T101/><D101/><U99/><E105/><V84/><F93/><W114/><G114/><T62/><D58/><U100/><E127/><V69/><F103/><W15/><G89/><N who="1" m="34410" /><E33/><V77/><REACH who="2" step="1"/><F68/><REACH who="2" ten="507,113,209,161" step="2"/><W53/><G60/><T52/><D74/><U54/><E134/><V12/><AGARI ba="0,1" hai="4,6,7,12,18,20,41,43,63,65,69,77,80,84" machi="12" ten="30,4000,0" yaku="1,1,2,1,0,1,53,0" doraHai="120" doraHaiUra="108" who="2" fromWho="2" sc="507,-10,113,-20,209,50,161,-10" /><INIT seed="2,0,0,1,4,77" ten="497,93,259,151" oya="2" hai0="67,57,66,11,30,68,75,135,5,12,104,90,33" hai1="14,102,96,95,20,133,44,106,43,13,64,115,37" hai2="120,53,1,51,113,69,27,84,10,28,71,16,91" hai3="42,124,8,34,35,114,48,31,7,9,45,103,89"/><V58/><F113/><W123/><G124/><T47/><D75/><U122/><E115/><V65/><F120/><W117/><G114/><T18/><D104/><U21/><E122/><V6/><F65/><W121/><G117/><T78/><D78/><U111/><E111/><V101/><F101/><W0/><G103/><T79/><D79/><U59/><E133/><V62/><F51/><W29/><G89/><T116/><D68/><U39/><E39/><V49/><F49/><W52/><G9/><T70/><D70/><U119/><E119/><V63/><F63/><W46/><G31/><T38/><D135/><U24/><E106/><V131/><F131/><W55/><G29/><T97/><D116/><U60/><REACH who="1" step="1"/><E21/><REACH who="1" ten="497,83,259,151" step="2"/><V100/><F69/><W85/><G121/><T81/><D33/><U26/><E26/><V127/><F71/><W134/><G123/><T99/><D38/><U23/><E23/><N who="2" m="13799" /><F127/><W87/><G134/><T32/><D32/><U15/><E15/><V105/><F105/><W88/><G35/><T4/><D12/><U19/><AGARI ba="0,1" hai="13,14,19,20,24,37,43,44,59,60,64,95,96,102" machi="19" ten="20,5200,0" yaku="1,1,0,1,7,1,53,1" doraHai="77" doraHaiUra="61" who="1" fromWho="1" sc="497,-13,83,62,259,-26,151,-13" /><INIT seed="3,0,0,0,2,75" ten="484,145,233,138" oya="3" hai0="77,15,2,131,59,132,133,129,22,3,119,80,19" hai1="8,94,43,134,20,96,35,9,127,11,88,115,57" hai2="51,38,71,110,70,118,4,120,21,124,37,85,54" hai3="97,78,86,114,73,102,81,125,23,103,31,117,28"/><W105/><G114/><T48/><D119/><U40/><E115/><V56/><F118/><W91/><G117/><T1/><D59/><U34/><E127/><V7/><F124/><W89/><G125/><T98/><D98/><U52/><E134/><N who="0" m="51817" /><D48/><N who="1" m="30855" /><E35/><V13/><F120/><W99/><G23/><T25/><D25/><U17/><E34/><V109/><F70/><W112/><G112/><T95/><D95/><U64/><E64/><V6/><F71/><W84/><G28/><T18/><D18/><U116/><E116/><V65/><F65/><W113/><G31/><T53/><D53/><U30/><E30/><V126/><F126/><W111/><G111/><T92/><D92/><U128/><E128/><V55/><F109/><W107/><G113/><T12/><D12/><AGARI ba="0,0" hai="8,9,11,12,17,20,40,43,88,94,96" m="30855" machi="12" ten="30,3900,0" yaku="8,1,54,2" doraHai="75" who="1" fromWho="0" sc="484,-39,145,39,233,0,138,0" owari="445,55.0,184,-22.0,233,3.0,138,-36.0" /></mjloggm>