<mjloggm ver="2.3"><GO type="97" lobby="0"/><UN n0="%4D%41%4E%41%42%55" n1="%E5%B0%B1%E6%B4%BB%E7%94%9F%40%E5%B7%9D%E6%9D%91%E8%BB%8D%E5%9B%A3" n2="%E3%81%A6%E3%82%93%E3%81%BB%E3%81%86%E3%83%93%E3%82%AE%E3%83%8A" n3="%E9%9B%80%E5%A3%AB%E3%81%AC%E3%82%8B%E3%82%8A%E3%82%93" dan="13,14,14,15" rate="1928.97,1972.73,1952.82,1991.14" sx="M,M,M,M"/><TAIKYOKU oya="0"/><INIT seed="0,0,0,4,5,75" ten="250,250,250,250" oya="0" hai0="24,38,82,112,125,34,61,74,51,33,1,72,117" hai1="18,93,94,27,58,81,89,87,96,48,98,59,131" hai2="83,113,6,103,123,129,68,110,111,10,22,126,134" hai3="84,70,124,44,116,133,36,13,50,47,121,2,101"/><T86/><D117/><U67/><E131/><V55/><F123/><W43/><G2/><T5/><D112/><U78/><E67/><V39/><F68/><W108/><G116/><T64/><D125/><U132/><E132/><V99/><F113/><W122/><G124/><T85/><D85/><U9/><E48/><V32/><F32/><W25/><G133/><T63/><D63/><U60/><E60/><V77/><F126/><W91/><G70/><T118/><D118/><U4/><E27/><V79/><F83/><W71/><G71/><T115/><D115/><U14/><REACH who="1" step="1"/><E4/><REACH who="1" ten="250,240,250,250" step="2"/><V66/><F66/><W21/><G25/><T109/><D51/><U17/><E17/><V95/><F39/><W119/><G119/><T127/><D38/><U23/><E23/><V52/><F22/><W40/><G121/><T53/><D127/><U114/><E114/><V16/><F16/><W73/><G50/><T76/><D24/><U12/><E12/><V100/><F134/><W92/><G36/><T69/><D53/><N who="2" m="20554" /><F129/><W29/><G21/><T3/><D109/><N who="2" m="41482" /><F10/><W15/><G108/><T45/><D45/><U80/><E80/><V28/><F6/><W130/><G122/><T49/><D49/><U37/><E37/><V135/><F135/><W54/><G130/><T11/><REACH who="0" step="1"/><D3/><REACH who="0" ten="240,240,250,250" step="2"/><U65/><E65/><V7/><F7/><W46/><G46/><T41/><D41/><U42/><E42/><V56/><F56/><W120/><G47/><T90/><D90/><AGARI ba="0,2" hai="9,14,18,58,59,78,81,87,89,90,93,94,96,98" machi="90" ten="30,8000,1" yaku="1,1,7,1,9,1,8,1,52,1,53,0" doraHai="75" doraHaiUra="19" who="1" fromWho="0" sc="240,-80,240,100,250,0,250,0" /><INIT seed="1,0,0,2,3,99" ten="160,340,250,250" oya="1" hai0="37,24,54,29,121,79,73,116,75,53,104,66,94" hai1="42,80,98,23,56,112,117,113,44,49,10,120,61" hai2="55,25,72,124,46,34,111,77,67,8,36,126,131" hai3="21,108,133,31,118,14,110,59,115,105,27,125,0"/><U60/><E120/><V83/><F111/><W20/><G59/><T18/><D121/><U52/><E117/><V82/><F67/><W40/><G40/><T63/><D116/><U13/><E23/><V81/><F8/><W68/><G68/><T45/><D18/><U3/><E3/><V90/><F131/><W86/><G86/><T97/><D79/><U88/><E61/><V26/><F26/><W28/><G105/><T39/><D54/><U32/><E32/><V12/><F12/><W96/><G96/><T129/><D129/><U103/><E80/><V89/><F25/><W91/><G91/><N who="2" m="34825" /><F34/><W134/><G118/><T123/><D123/><U74/><E74/><V2/><F2/><W130/><G27/><T43/><D94/><U17/><REACH who="1" step="1"/><E88/><REACH who="1" ten="160,330,250,250" step="2"/><V4/><F82/><W11/><G0/><T33/><D39/><U16/><E16/><V106/><F83/><W119/><G119/><T69/><REACH who="0" step="1"/><D53/><REACH who="0" ten="150,330,250,250" step="2"/><U85/><E85/><V41/><F55/><W9/><G130/><T65/><D65/><U5/><E5/><V84/><F4/><W100/><G108/><T35/><D35/><U7/><E7/><V87/><F72/><W135/><G110/><T22/><D22/><U95/><AGARI ba="0,2" hai="10,13,17,42,44,49,52,56,60,95,98,103,112,113" machi="95" ten="20,12000,1" yaku="1,1,0,1,7,1,52,1,54,1,53,0" doraHai="99" doraHaiUra="102" who="1" fromWho="1" sc="150,-40,330,140,250,-40,250,-40" /><INIT seed="1,1,0,2,0,80" ten="110,470,210,210" oya="1" hai0="34,32,14,121,18,115,35,125,55,79,126,73,99" hai1="6,9,64,2,76,50,135,7,120,44,25,41,4" hai2="102,107,65,36,10,114,110,74,89,16,112,3,104" hai3="27,69,134,86,100,66,49,40,0,70,12,39,101"/><U43/><E120/><V124/><F110/><W28/><G0/><T109/><D79/><U116/><E116/><V111/><F74/><W82/><G39/><T60/><D73/><U46/><E135/><V83/><F111/><W58/><G134/><T13/><D109/><U1/><E64/><V56/><F36/><W68/><G12/><T47/><D47/><U71/><E71/><V61/><F3/><W75/><G75/><T85/><D99/><U22/><E76/><V20/><F10/><W51/><G66/><T88/><D121/><U128/><E128/><V54/><F102/><W19/><G19/><T96/><D96/><U48/><REACH who="1" step="1"/><E2/><REACH who="1" ten="110,460,210,210" step="2"/><V67/><F65/><W129/><G129/><T91/><D115/><U106/><E106/><V132/><F67/><W15/><G69/><T84/><D60/><U57/><E57/><V94/><F56/><W119/><G119/><T31/><D31/><AGARI ba="1,1" hai="1,4,6,7,9,22,25,31,41,43,44,46,48,50" machi="31" ten="30,5800,0" yaku="1,1,7,1,9,1,53,0" doraHai="80" doraHaiUra="52" who="1" fromWho="0" sc="110,-61,460,71,210,0,210,0" /><INIT seed="1,2,0,1,4,82" ten="49,531,210,210" oya="1" hai0="10,57,74,64,122,77,28,114,41,20,94,13,107" hai1="133,65,104,72,47,21,97,71,15,52,23,70,63" hai2="3,84,81,75,43,109,106,7,105,116,130,79,58" hai3="83,22,108,44,40,98,80,24,31,29,30,49,67"/><U32/><E72/><V25/><F116/><W73/><G108/><T55/><D107/><U113/><E32/><V91/><F109/><W88/><G67/><T99/><D122/><U19/><E113/><V128/><F58/><W112/><G112/><T125/><D125/><U9/><E71/><V60/><F60/><W115/><G115/><T62/><D114/><U123/><E123/><V61/><F61/><W134/><G134/><T118/><D118/><U124/><E124/><V121/><F121/><W89/><G73/><T51/><D41/><U18/><E133/><V54/><F54/><W103/><G80/><T46/><D74/><U35/><E35/><V59/><F59/><W50/><G50/><T4/><D77/><U38/><E38/><V132/><F132/><W68/><G68/><T66/><D66/><U34/><E34/><V17/><F43/><W85/><G89/><T6/><D4/><U100/><E19/><V110/><F110/><W78/><G78/><T96/><REACH who="0" step="1"/><D94/><AGARI ba="2,0" hai="22,24,29,30,31,40,44,49,83,85,88,94,98,103" machi="94" ten="30,7700,0" yaku="7,1,8,1,52,1,54,1" doraHai="82" who="3" fromWho="0" sc="49,-83,531,0,210,0,210,83" owari="-34,-53.0,531,63.0,210,-19.0,293,9.0" /></mjloggm>