<mjloggm ver="2.3"><GO type="225" lobby="0"/><UN n0="%E3%81%8A%E3%83%BC%E3%81%8F%E3%82%8A%E3%83%BC%E2%99%AA" n1="%E3%81%86%E3%81%A9%E3%82%93%E5%B1%8B" n2="%47%E3%83%A8%E9%BE%8D%E9%96%80" n3="%E5%B0%B1%E6%B4%BB%E7%94%9F%40%E5%B7%9D%E6%9D%91%E8%BB%8D%E5%9B%A3" dan="17,17,17,16" rate="2139.53,2136.87,2116.82,2078.09" sx="M,M,M,M"/><TAIKYOKU oya="0"/><INIT seed="0,0,0,0,4,64" ten="250,250,250,250" oya="0" hai0="57,42,131,51,100,79,12,36,86,127,58,132,76" hai1="67,106,56,48,65,44,89,40,124,94,38,84,69" hai2="62,34,85,99,47,17,119,4,66,30,115,24,117" hai3="75,74,2,81,72,45,88,111,135,60,96,22,41"/><T120/><D120/><U5/><E106/><V16/><F115/><W123/><G2/><T92/><D127/><U61/><E124/><V14/><F85/><W118/><G123/><T110/><D132/><U125/><E125/><V27/><F47/><W9/><G118/><N who="2" m="45065" /><F99/><W15/><G135/><T20/><D36/><U104/><E104/><V52/><F52/><W37/><G111/><T130/><D110/><U59/><E5/><V121/><F62/><W31/><G60/><T53/><D42/><U3/><E3/><V91/><F91/><W46/><G46/><N who="0" m="27895" /><D79/><U83/><E67/><V25/><F66/><W43/><G43/><T102/><D76/><U97/><REACH who="1" step="1"/><E38/><REACH who="1" ten="250,240,250,250" step="2"/><V63/><F121/><W101/><G37/><T28/><D130/><U122/><E122/><V50/><F50/><W19/><G45/><T39/><D39/><U98/><E98/><V78/><F63/><W33/><G33/><T13/><D131/><U108/><E108/><V73/><F73/><W21/><G41/><T0/><D0/><U23/><E23/><V103/><F4/><W113/><G113/><T134/><D134/><U95/><E95/><V26/><F17/><W90/><G81/><T6/><D6/><U82/><E82/><V10/><F78/><AGARI ba="0,1" hai="40,44,48,56,59,61,65,69,78,83,84,89,94,97" machi="78" ten="30,8000,1" yaku="1,1,7,1,52,1,53,2" doraHai="64" doraHaiUra="55" who="1" fromWho="2" sc="250,0,240,90,250,-80,250,0" /><INIT seed="1,0,0,1,0,130" ten="250,330,170,250" oya="1" hai0="118,120,90,133,13,64,48,79,112,61,122,71,110" hai1="96,101,29,123,98,76,15,11,30,6,65,109,78" hai2="46,16,47,97,91,17,59,44,105,53,0,82,134" hai3="51,25,67,135,50,36,84,10,14,89,60,23,86"/><U8/><E123/><N who="0" m="47145" /><D118/><U18/><E109/><V20/><F134/><W21/><G36/><T19/><D112/><U4/><E65/><V106/><F0/><W129/><G129/><T37/><D37/><U5/><E11/><V92/><F82/><W83/><G86/><T58/><D110/><U3/><E3/><V31/><F31/><N who="1" m="11785" /><E101/><V72/><F72/><W103/><G135/><T70/><D133/><U52/><E52/><V117/><F117/><W100/><G23/><T80/><D48/><N who="3" m="18473" /><G21/><N who="0" m="11503" /><D90/><U55/><E55/><V94/><F94/><W41/><G25/><T124/><D71/><U1/><E1/><V38/><F38/><W73/><G41/><T87/><D70/><U127/><E127/><AGARI ba="0,0" hai="58,61,64,79,80,87,124,127" m="11503,47145" machi="127" ten="30,1000,0" yaku="13,1" doraHai="130" who="0" fromWho="1" sc="250,10,330,-10,170,0,250,0" /><INIT seed="2,0,0,5,4,56" ten="260,320,170,250" oya="2" hai0="99,2,102,6,129,50,54,83,43,55,112,46,105" hai1="111,27,21,58,135,119,107,101,130,31,25,79,76" hai2="117,41,33,32,118,42,11,100,115,104,8,74,66" hai3="17,88,51,80,9,48,97,126,110,78,22,61,64"/><V62/><F115/><W13/><G110/><T3/><D112/><U40/><E119/><V59/><F74/><W91/><G126/><T20/><D129/><U96/><E111/><V73/><F73/><W116/><G116/><T47/><D83/><U70/><E130/><V124/><F124/><W28/><G51/><T37/><D6/><U68/><E135/><V29/><F118/><W95/><G48/><T77/><D77/><U24/><E40/><V49/><F117/><W108/><G108/><T10/><D10/><U128/><E128/><V90/><F90/><W92/><G78/><T57/><D20/><U35/><E70/><V38/><F38/><W44/><G80/><T85/><D85/><U93/><E68/><V81/><F81/><W15/><G44/><T75/><D75/><U114/><E114/><V127/><F127/><W18/><G28/><T123/><D123/><U39/><E39/><V65/><F65/><W67/><G61/><AGARI ba="0,0" hai="2,3,37,43,46,47,50,54,55,57,61,99,102,105" machi="61" ten="30,2000,0" yaku="7,1,52,1" doraHai="56" who="0" fromWho="3" sc="260,20,320,0,170,0,250,-20" /><INIT seed="3,0,0,4,1,119" ten="280,320,170,230" oya="3" hai0="89,97,22,117,23,11,91,108,77,106,111,28,33" hai1="48,17,29,58,13,99,38,92,41,57,83,96,72" hai2="101,118,135,125,86,98,88,7,32,121,44,45,62" hai3="49,43,90,127,128,19,14,35,105,70,52,85,10"/><W130/><G35/><T71/><D71/><U122/><E122/><V31/><F118/><W2/><G105/><T79/><D117/><U95/><E38/><V1/><F135/><W59/><G70/><T134/><D11/><U18/><E72/><V94/><F125/><W46/><G127/><T6/><D6/><U102/><E29/><V87/><F121/><W61/><REACH who="3" step="1"/><G2/><REACH who="3" ten="280,320,170,220" step="2"/><T24/><D134/><U63/><E83/><AGARI ba="0,1" hai="10,14,19,43,46,49,52,59,61,83,85,90,128,130" machi="83" ten="40,12000,1" yaku="1,1,2,1,54,1,53,1" doraHai="119" doraHaiUra="56" who="3" fromWho="1" sc="280,0,320,-120,170,0,220,130" owari="280,8.0,200,-20.0,170,-33.0,350,45.0" /></mjloggm>