<mjloggm ver="2.3"><GO type="169" lobby="0"/><UN n0="%E3%83%88%E3%83%88%E3%83%AA%E5%85%88%E7%94%9F%31%39%E6%AD%B3" n1="%E9%AF%89%E3%81%AB%E6%81%8B" n2="%E3%83%AA%E3%83%81%E3%83%A3%21%21" n3="%40%E7%B4%94%E3%81%A1%E3%82%83%E3%82%93" dan="18,16,16,16" rate="2284.08,2037.25,2094.66,2165.13" sx="F,M,M,M"/><TAIKYOKU oya="0"/><INIT seed="0,0,0,2,4,25" ten="250,250,250,250" oya="0" hai0="86,69,7,101,62,47,81,10,63,29,1,95,68" hai1="82,120,129,113,48,51,50,127,30,111,57,78,80" hai2="115,28,90,43,70,8,119,16,109,19,94,84,32" hai3="135,99,2,85,11,36,126,100,112,9,76,12,20"/><T66/><D101/><U124/><E120/><V77/><F115/><W35/><G112/><T89/><D47/><U34/><E113/><V27/><F70/><W24/><G36/><T104/><D104/><U130/><E111/><V42/><F109/><W15/><G76/><T116/><D116/><U60/><E34/><V4/><F119/><W134/><G85/><T38/><D38/><U40/><E30/><V21/><F77/><W114/><G114/><T65/><REACH who="0" step="1"/><D29/><REACH who="0" ten="240,250,250,250" step="2"/><U18/><E40/><V53/><F53/><W44/><G44/><T125/><D125/><U64/><E127/><V52/><F52/><W22/><G126/><T103/><D103/><U61/><E124/><V33/><F33/><W3/><G100/><T54/><D54/><U5/><E64/><V58/><F58/><W71/><G71/><T117/><D117/><U41/><E41/><V75/><F43/><W17/><G35/><T55/><D55/><U118/><E57/><V91/><F42/><W67/><G67/><T73/><D73/><U92/><E118/><V72/><F32/><W106/><G106/><T39/><D39/><U46/><E46/><V26/><F75/><W132/><G99/><T110/><D110/><U6/><E50/><V13/><F72/><W87/><G87/><T56/><D56/><U23/><E51/><V14/><F28/><W107/><G107/><T122/><D122/><U93/><E48/><V37/><F37/><W131/><G135/><T123/><D123/><U79/><E61/><V98/><F4/><W97/><G132/><T74/><D74/><N who="1" m="43095" /><E5/><V105/><F105/><RYUUKYOKU ba="0,1" sc="240,15,250,-15,250,15,250,-15" hai0="1,7,10,62,63,65,66,68,69,81,86,89,95" hai2="8,13,14,16,19,21,26,27,84,90,91,94,98" /><INIT seed="0,1,1,2,5,98" ten="255,235,265,235" oya="0" hai0="100,67,18,26,19,3,21,9,57,5,111,125,13" hai1="15,80,0,78,61,48,47,101,117,1,113,70,108" hai2="82,75,86,77,36,84,79,23,27,130,96,56,52" hai3="124,59,93,105,89,64,54,71,72,128,107,49,40"/><T38/><D38/><U62/><E117/><V123/><F36/><W10/><G72/><T116/><D116/><U76/><E108/><V122/><F130/><W66/><G128/><T121/><D121/><U4/><E113/><V50/><F96/><W114/><G114/><T65/><D111/><U42/><E1/><V28/><REACH who="2" step="1"/><F75/><REACH who="2" ten="255,235,255,235" step="2"/><W119/><G119/><T81/><D125/><U22/><E0/><V120/><F120/><W17/><G124/><T74/><D74/><U30/><E70/><V69/><F69/><W126/><G126/><T115/><D115/><U83/><E62/><V35/><F35/><W2/><G2/><T102/><D81/><AGARI ba="1,2" hai="23,27,28,50,52,56,77,79,81,82,84,86,122,123" machi="81" ten="40,5200,0" yaku="1,1,9,1,54,1,53,0" doraHai="98" doraHaiUra="134" who="2" fromWho="0" sc="255,-55,235,0,255,75,235,0" /><INIT seed="1,0,0,5,5,40" ten="200,235,330,235" oya="1" hai0="36,3,66,37,118,80,95,41,49,18,127,111,20" hai1="24,92,99,81,54,74,60,7,50,107,57,121,43" hai2="94,2,38,69,82,8,124,28,84,108,56,85,134" hai3="26,86,32,31,109,106,101,126,102,1,61,110,64"/><U10/><E121/><V48/><F38/><W25/><G126/><T14/><D118/><U133/><E107/><V34/><F69/><W11/><G26/><T130/><D3/><U128/><E128/><V53/><F124/><W27/><G27/><T5/><D5/><U98/><E133/><V116/><F116/><W71/><G86/><T65/><D127/><U13/><E24/><V58/><F108/><W96/><G102/><T75/><D111/><U90/><E74/><V105/><F105/><W72/><G72/><T79/><D130/><U67/><E81/><V119/><F94/><W122/><G122/><T103/><D49/><U17/><E43/><V93/><F93/><W88/><G88/><T131/><D131/><U63/><E63/><V129/><F129/><W89/><G89/><T16/><D18/><U132/><E132/><V76/><F134/><W39/><G39/><T42/><D37/><U9/><E9/><V123/><F119/><W115/><G115/><T47/><REACH who="0" step="1"/><D41/><REACH who="0" ten="190,235,330,235" step="2"/><U135/><E135/><V52/><F2/><W19/><G19/><T0/><D0/><U21/><E7/><AGARI ba="0,1" hai="1,7,11,25,31,32,61,64,71,96,101,106,109,110" machi="7" ten="40,8000,1" yaku="25,2,23,2" doraHai="40" who="3" fromWho="1" sc="190,0,235,-80,330,0,235,90" /><INIT seed="2,0,0,1,4,6" ten="190,155,330,325" oya="2" hai0="46,120,20,28,53,97,27,110,109,57,42,23,134" hai1="85,37,129,19,105,33,38,41,125,121,62,79,29" hai2="114,35,111,106,124,112,78,2,51,103,77,61,40" hai3="54,80,11,130,123,50,59,43,30,104,93,76,13"/><V94/><F106/><W117/><G104/><T5/><D120/><U31/><E121/><V88/><F2/><W16/><G123/><T75/><D75/><U73/><E105/><V95/><F35/><W47/><G117/><T12/><D134/><U135/><E135/><V66/><F124/><W82/><G130/><T64/><D64/><U10/><E73/><V17/><F111/><N who="0" m="42506" /><D97/><U32/><E129/><V65/><F103/><W25/><G76/><T21/><D5/><U128/><E32/><V71/><F66/><W4/><G4/><T49/><D12/><U91/><E33/><V55/><F40/><W101/><G101/><T115/><D115/><U14/><E38/><AGARI ba="0,0" hai="20,21,23,27,28,38,42,46,49,53,57" m="42506" machi="38" ten="30,1000,0" yaku="14,1" doraHai="6" who="0" fromWho="1" sc="190,10,155,-10,330,0,325,0" /><INIT seed="3,0,0,1,0,19" ten="200,145,330,325" oya="3" hai0="107,0,80,66,13,58,10,117,57,103,18,105,114" hai1="76,77,46,121,2,68,94,11,98,122,87,17,12" hai2="30,78,86,24,124,129,75,16,123,72,109,127,54" hai3="4,48,134,84,125,40,67,82,62,126,44,108,3"/><W112/><G112/><T6/><D117/><U59/><E68/><V51/><F109/><W53/><G4/><T101/><D114/><U79/><E2/><V90/><F129/><W14/><G3/><T50/><D80/><U35/><E35/><V61/><F61/><W116/><G14/><T28/><D28/><U26/><E87/><V41/><F41/><W85/><G116/><T21/><D66/><U135/><E135/><V33/><F78/><W119/><G119/><T29/><D50/><U74/><E74/><V7/><F7/><W34/><G34/><T71/><D71/><U132/><E132/><V95/><F16/><W118/><G118/><T37/><D37/><U47/><E59/><N who="2" m="33247" /><F123/><W56/><G134/><T128/><D128/><U1/><E1/><V111/><F111/><W8/><G8/><T5/><D5/><U23/><E122/><V38/><F38/><N who="3" m="21527" /><G108/><T73/><D73/><U70/><E70/><V131/><F131/><W22/><G62/><T42/><D42/><U110/><E110/><V92/><F92/><W99/><G67/><T102/><D29/><U60/><E60/><V31/><F31/><W130/><G130/><T64/><D64/><U45/><E121/><V96/><F86/><N who="3" m="33387" /><G82/><T9/><REACH who="0" step="1"/><D9/><REACH who="0" ten="190,145,330,325" step="2"/><U39/><E39/><V43/><F43/><W115/><G115/><T63/><D63/><U133/><E133/><V106/><F75/><W65/><G65/><T89/><D89/><N who="1" m="55631" /><E79/><V27/><F72/><W49/><G49/><T97/><D97/><U83/><E83/><V32/><F96/><W52/><G99/><T81/><D81/><RYUUKYOKU ba="0,1" sc="190,15,145,15,330,-15,325,-15" hai0="0,6,10,13,18,21,57,58,101,102,103,105,107" hai1="11,12,17,23,26,45,46,47,76,77" /><INIT seed="4,1,1,2,0,74" ten="205,160,315,310" oya="0" hai0="25,62,125,117,100,128,7,130,66,77,101,56,9" hai1="23,34,31,26,4,112,124,129,135,87,60,45,39" hai2="133,107,59,95,46,44,108,47,0,97,83,36,1" hai3="22,27,109,15,52,21,96,106,99,104,10,17,58"/><T20/><D117/><U91/><E129/><N who="0" m="49769" /><D125/><U65/><E124/><V105/><F108/><W61/><G109/><T75/><D75/><U113/><E135/><V76/><F36/><W19/><G99/><T121/><D121/><U103/><E103/><V33/><F33/><W14/><REACH who="3" step="1"/><G96/><REACH who="3" ten="205,160,315,300" step="2"/><T57/><D101/><U118/><E118/><V86/><F133/><W81/><G81/><T92/><D100/><U78/><E113/><V16/><F97/><W70/><G70/><N who="0" m="42327" /><D92/><U32/><E112/><V41/><F95/><W114/><G114/><T13/><D77/><U127/><E78/><V53/><F76/><W68/><G68/><T63/><D63/><U84/><E84/><V111/><F86/><W132/><G132/><T126/><D126/><U94/><E127/><V12/><F83/><W93/><G93/><T49/><D49/><U72/><E72/><V11/><F107/><W90/><G90/><T82/><D82/><U3/><E91/><V110/><F105/><W28/><AGARI ba="1,2" hai="10,14,15,17,19,21,22,27,28,52,58,61,104,106" machi="28" ten="20,5200,0" yaku="1,1,0,1,7,1,54,1,53,0" doraHai="74" doraHaiUra="119" who="3" fromWho="3" sc="205,-27,160,-14,315,-14,300,75" /><INIT seed="5,0,0,5,0,77" ten="178,146,301,375" oya="1" hai0="75,64,95,42,126,43,23,111,22,20,91,68,11" hai1="19,107,123,60,115,55,99,82,61,121,40,124,31" hai2="56,69,101,67,81,78,125,119,65,13,35,2,118" hai3="53,6,80,94,33,92,51,59,25,74,62,73,50"/><U0/><E0/><V132/><F69/><W109/><G109/><T18/><D111/><U37/><E124/><V21/><F2/><W108/><G108/><T27/><D75/><U131/><E131/><V47/><F35/><W110/><G110/><T44/><D126/><U72/><E31/><V41/><F125/><W84/><G6/><T28/><D68/><U85/><E72/><V26/><F132/><W93/><G33/><T129/><D129/><U46/><E115/><V57/><F13/><W4/><G4/><T63/><D11/><U71/><E19/><V36/><F101/><W127/><G127/><T14/><D23/><U102/><E55/><V105/><F57/><W98/><G98/><T89/><D89/><U90/><REACH who="1" step="1"/><E71/><REACH who="1" ten="178,136,301,375" step="2"/><V58/><F118/><W128/><G128/><T45/><D43/><U134/><E134/><V1/><F119/><W120/><G74/><T70/><D42/><U106/><E106/><V32/><F1/><W86/><G73/><T34/><D34/><U5/><E5/><V83/><F105/><W54/><G54/><T100/><D100/><U17/><E17/><V3/><F32/><W8/><G53/><T112/><D112/><U38/><E38/><V130/><F3/><W39/><G39/><T117/><D117/><U116/><E116/><V52/><F41/><W76/><G51/><T10/><D18/><U97/><E97/><V12/><F36/><W9/><G50/><T29/><D28/><U16/><E16/><V49/><F52/><W122/><G25/><T48/><D27/><U15/><E15/><V96/><F26/><RYUUKYOKU ba="0,1" sc="178,-10,136,30,301,-10,375,-10" hai1="37,40,46,60,61,82,85,90,99,102,107,121,123" /><INIT seed="5,1,1,3,3,112" ten="168,166,291,365" oya="1" hai0="49,29,31,36,34,110,92,40,57,33,54,59,126" hai1="7,67,79,109,60,101,133,12,73,53,15,61,24" hai2="87,121,1,47,127,35,81,10,88,82,95,108,99" hai3="21,113,75,120,135,104,65,8,117,80,39,14,28"/><U30/><E133/><V85/><F121/><W27/><G120/><T37/><D110/><U68/><E109/><V64/><F35/><W98/><G39/><T125/><D92/><U90/><E101/><V50/><F127/><N who="0" m="48650" /><D59/><U74/><E7/><V89/><F64/><W70/><G113/><T114/><D114/><U83/><E74/><V97/><F108/><W63/><G135/><T58/><D58/><U6/><E6/><V78/><F1/><W103/><G75/><T26/><D40/><U16/><E90/><N who="2" m="51511" /><F10/><W43/><G43/><T48/><D48/><U11/><E15/><V107/><F107/><W2/><G80/><T9/><D9/><U77/><E77/><V0/><F0/><W38/><G38/><N who="0" m="14955" /><D26/><U129/><E61/><V130/><F130/><W118/><G2/><T91/><D91/><N who="2" m="34890" /><F95/><W4/><AGARI ba="1,1" hai="4,8,14,21,27,28,63,65,70,98,103,104,117,118" machi="4" ten="30,4000,0" yaku="0,1,52,2" doraHai="112" who="3" fromWho="3" sc="168,-11,166,-21,291,-11,365,53" /><INIT seed="6,0,0,5,0,41" ten="157,145,280,418" oya="2" hai0="12,134,30,36,18,14,9,6,33,86,10,26,120" hai1="35,47,17,38,29,15,83,76,133,131,40,81,97" hai2="88,87,130,99,96,89,50,48,106,66,125,135,2" hai3="4,114,115,90,1,112,100,102,11,95,43,113,126"/><V128/><F2/><W52/><G126/><T82/><D134/><U72/><E133/><V124/><F66/><W0/><G115/><T127/><D127/><N who="2" m="48714" /><F135/><W25/><G43/><T103/><D36/><U44/><E131/><N who="2" m="50219" /><F89/><W34/><G1/><T77/><REACH who="0" step="1"/><D103/><REACH who="0" ten="147,145,280,418" step="2"/><U20/><E38/><V27/><F27/><W46/><G25/><T129/><D129/><U24/><E40/><V107/><F50/><N who="3" m="28759" /><G34/><T78/><D78/><U119/><E119/><V3/><F48/><W49/><G49/><T118/><D118/><U79/><E97/><AGARI ba="0,1" hai="0,4,11,90,95,97,100,102,112,113,114" m="28759" machi="97" ten="30,7700,0" yaku="15,1,11,1,52,1,54,1" doraHai="41" who="3" fromWho="1" sc="147,0,145,-77,280,0,418,87" /><INIT seed="7,0,0,0,0,90" ten="147,68,280,505" oya="3" hai0="57,24,126,98,135,133,14,28,6,130,80,107,86" hai1="121,75,124,71,50,43,102,106,110,94,109,55,33" hai2="95,89,64,41,112,11,19,13,65,52,82,123,96" hai3="85,79,76,77,38,101,18,25,114,22,119,44,20"/><W103/><G119/><T53/><D130/><U54/><E71/><V61/><F112/><W63/><G114/><T62/><D126/><U48/><E124/><V7/><F41/><W35/><G35/><T67/><D14/><U17/><E33/><V113/><F113/><W84/><G38/><T23/><D6/><U69/><E69/><V92/><F82/><W70/><G70/><T134/><D98/><U29/><E121/><V93/><F123/><W31/><G44/><T131/><D107/><U73/><E102/><N who="3" m="38922" /><G63/><T36/><D36/><U128/><E128/><V45/><F19/><W116/><G116/><T8/><D8/><U104/><E17/><V108/><F108/><W127/><G127/><T26/><D26/><AGARI ba="0,0" hai="18,20,22,25,26,31,76,77,79,84,85" m="38922" machi="26" ten="30,1500,0" yaku="8,1" doraHai="90" who="3" fromWho="0" sc="147,-15,68,0,280,0,505,15" owari="132,-27.0,68,-43.0,280,8.0,520,62.0" /></mjloggm>