<mjloggm ver="2.3"><GO type="169" lobby="0"/><UN n0="%E2%91%A3%E3%82%BB%E3%83%B3%E3%83%81" n1="%E3%81%8B%E3%81%98%E3%81%9D" n2="%E8%8F%AF%E6%B5%81" n3="%E5%B0%B1%E6%B4%BB%E7%94%9F%40%E5%B7%9D%E6%9D%91%E8%BB%8D%E5%9B%A3" dan="17,16,16,17" rate="2194.42,2102.08,2083.35,2116.66" sx="M,M,F,M"/><TAIKYOKU oya="0"/><INIT seed="0,0,0,0,5,106" ten="250,250,250,250" oya="0" hai0="47,43,34,95,84,131,118,55,16,97,82,130,36" hai1="129,20,40,89,91,29,86,12,54,77,101,100,60" hai2="88,87,22,59,28,110,115,37,105,26,39,11,74" hai3="69,81,15,119,76,46,23,127,68,57,94,128,21"/><T9/><D34/><U3/><E3/><V32/><F115/><W109/><G119/><T132/><D118/><U108/><E108/><V30/><F110/><W5/><G128/><N who="0" m="49195" /><D132/><U45/><E129/><V17/><F105/><W62/><G127/><T123/><D123/><U126/><E126/><V35/><F59/><W79/><G109/><T58/><D9/><U66/><E77/><V14/><F74/><W122/><G122/><T92/><D16/><U31/><E89/><V73/><F73/><W90/><G23/><T135/><D97/><U56/><E66/><V117/><F117/><W70/><G46/><T72/><D72/><U133/><E133/><V112/><F112/><W121/><G121/><T1/><D1/><U51/><E12/><V18/><F32/><W10/><G21/><T102/><D102/><N who="1" m="39531" /><E20/><V2/><F30/><W78/><G15/><T85/><D135/><U49/><E60/><V0/><F0/><W53/><G10/><T44/><D44/><U61/><E61/><V67/><F18/><W27/><G27/><T7/><D7/><U25/><E25/><V80/><REACH who="2" step="1"/><F67/><REACH who="2" ten="250,250,240,250" step="2"/><W104/><G104/><T8/><D8/><U83/><AGARI ba="0,1" hai="29,31,40,45,49,51,54,56,83,86,91" m="39531" machi="83" ten="30,1100,0" yaku="8,1" doraHai="106" who="1" fromWho="1" sc="250,-5,250,21,240,-3,250,-3" /><INIT seed="1,0,0,4,5,69" ten="245,271,237,247" oya="1" hai0="14,49,28,53,45,50,76,119,56,64,102,10,113" hai1="43,106,0,65,13,36,92,103,81,120,116,80,79" hai2="109,74,9,6,95,133,3,126,130,17,127,86,71" hai3="32,104,68,131,110,25,42,70,54,105,94,7,60"/><U40/><E0/><V8/><F74/><W93/><G7/><T111/><D119/><U27/><E106/><V125/><F71/><W78/><G42/><T51/><D113/><U12/><E120/><V107/><F107/><W20/><G32/><T82/><D111/><U124/><E116/><V134/><F86/><W129/><G78/><T31/><D102/><U29/><E124/><V100/><F100/><W1/><G1/><T98/><D98/><U97/><E80/><V122/><F95/><W77/><G77/><T21/><D64/><U5/><E43/><V112/><F122/><W26/><G20/><T59/><D59/><U123/><E123/><V41/><F41/><W2/><G2/><T18/><D21/><U34/><E5/><V61/><F61/><W118/><G118/><T22/><D22/><U24/><E24/><V44/><F44/><W62/><REACH who="3" step="1"/><G54/><REACH who="3" ten="245,271,237,237" step="2"/><T115/><D115/><U67/><E67/><V88/><F112/><W52/><G52/><T33/><D33/><U4/><E65/><V117/><F117/><W30/><G30/><T114/><D114/><U48/><E4/><V135/><F109/><AGARI ba="0,1" hai="25,26,60,62,68,70,93,94,104,105,109,110,129,131" machi="109" ten="25,8000,1" yaku="1,1,22,2,53,2" doraHai="69" doraHaiUra="66" who="3" fromWho="2" sc="245,0,271,0,237,-80,237,90" /><INIT seed="2,0,0,0,5,30" ten="245,271,157,327" oya="2" hai0="119,27,28,26,95,73,20,109,128,50,62,22,57" hai1="34,49,110,114,98,112,56,31,18,33,118,16,94" hai2="21,116,10,14,47,40,121,86,103,17,25,52,134" hai3="88,45,13,96,113,7,129,125,97,53,77,70,35"/><V74/><F74/><W83/><G70/><T101/><D73/><U91/><E118/><V104/><F116/><W69/><G69/><T8/><D119/><U4/><E4/><V48/><F121/><W130/><G35/><T60/><D109/><U90/><E31/><V107/><F134/><W64/><G64/><T32/><D128/><N who="3" m="49257" /><G113/><T37/><D37/><U75/><E75/><V85/><F40/><W68/><G68/><T78/><D78/><U36/><E36/><V65/><F65/><W46/><G125/><T79/><D79/><U41/><E110/><V43/><F43/><W19/><G7/><T6/><D50/><U93/><E41/><V102/><F104/><W87/><G53/><T66/><D62/><U81/><E81/><V29/><F107/><W67/><G67/><T108/><D108/><U9/><E49/><V132/><F132/><W80/><G80/><T54/><D54/><U51/><E51/><V124/><F124/><W11/><G77/><T44/><D44/><AGARI ba="0,0" hai="11,13,19,44,45,46,83,87,88,96,97" m="49257" machi="44" ten="30,2000,0" yaku="19,1,54,1" doraHai="30" who="3" fromWho="0" sc="245,-20,271,0,157,0,327,20" /><INIT seed="3,0,0,2,0,125" ten="225,271,157,347" oya="3" hai0="117,72,32,76,27,26,63,135,78,39,123,109,0" hai1="38,48,75,134,17,66,45,130,112,101,21,22,40" hai2="31,127,6,110,124,113,116,56,67,65,15,82,16" hai3="87,133,41,95,62,77,89,100,7,47,132,84,104"/><W129/><G7/><T93/><D0/><U49/><E75/><V18/><F110/><W12/><G12/><T8/><D39/><U119/><E112/><V36/><F36/><W105/><G62/><T102/><D8/><U86/><E22/><V70/><F70/><W53/><G53/><T68/><D72/><U24/><E101/><V69/><F69/><W128/><G84/><T14/><D68/><U9/><E134/><N who="3" m="51818" /><G77/><T92/><D14/><U122/><E122/><V114/><F6/><W35/><G35/><T1/><D63/><U51/><E86/><V20/><F31/><W29/><G29/><T23/><D76/><U85/><E85/><V118/><F15/><W11/><G11/><T88/><D78/><U10/><E66/><V99/><F20/><W54/><G54/><T97/><D32/><U83/><E9/><V91/><F82/><W43/><G43/><T71/><D23/><U3/><E83/><V4/><F4/><W81/><G81/><T74/><D1/><U59/><E10/><V106/><F67/><W28/><G28/><T121/><D26/><U46/><E3/><V5/><F65/><W90/><G90/><T131/><D27/><U126/><E40/><V108/><F91/><W103/><G103/><T57/><D88/><U107/><E24/><V25/><F25/><W94/><G94/><T73/><D102/><U50/><E21/><V37/><F5/><W80/><G80/><T42/><D93/><U79/><E79/><V98/><F18/><W13/><G100/><T30/><D135/><U33/><N who="1" m="12288" /><DORA hai="52" /><U61/><E17/><RYUUKYOKU ba="0,0" sc="225,0,271,0,157,0,347,0" /><INIT seed="4,1,0,0,1,83" ten="225,271,157,347" oya="0" hai0="78,135,94,79,87,33,34,28,11,131,112,69,130" hai1="0,89,100,70,5,46,7,106,98,127,93,59,77" hai2="51,45,85,121,37,88,73,60,113,91,62,63,9" hai3="56,134,105,125,133,76,20,40,107,26,55,71,27"/><T119/><D69/><U1/><E70/><V115/><F73/><W8/><G71/><T6/><D119/><U22/><E127/><V4/><F121/><W58/><G76/><N who="0" m="29227" /><D28/><U50/><E77/><V53/><F37/><W68/><G68/><T64/><D64/><U12/><E59/><V10/><F91/><W13/><G40/><T101/><D101/><U109/><E109/><V61/><N who="2" m="15360" /><DORA hai="42" /><V116/><F116/><W23/><G125/><T102/><D102/><U104/><E104/><V43/><F43/><W16/><G107/><T129/><D112/><N who="2" m="43082" /><F4/><N who="3" m="3207" /><G105/><T128/><D128/><U67/><E67/><V65/><F65/><W31/><G55/><T132/><D132/><AGARI ba="1,0" hai="16,20,23,26,27,31,56,58,132,133,134" m="3207" machi="132" ten="30,2000,0" yaku="20,1,54,1" doraHai="83,42" who="3" fromWho="0" sc="225,-23,271,0,157,0,347,23" /><INIT seed="5,0,0,4,1,106" ten="202,271,157,370" oya="1" hai0="89,11,22,58,10,48,31,29,35,51,73,50,33" hai1="95,70,133,60,30,61,112,88,97,3,126,38,124" hai2="99,59,107,121,131,71,55,92,120,117,115,5,0" hai3="8,40,81,39,26,90,63,44,49,94,43,75,34"/><U93/><E3/><V47/><F117/><W64/><G8/><T57/><D22/><U82/><E38/><V85/><F71/><W111/><G111/><T62/><D51/><U20/><E112/><V56/><F115/><W9/><G9/><T79/><D89/><U53/><E70/><V6/><F131/><W28/><G81/><T110/><D62/><U17/><E30/><V12/><F0/><W118/><G118/><T7/><D79/><U67/><E67/><V80/><F107/><W69/><G75/><T130/><D110/><U4/><E4/><V23/><F47/><W68/><G68/><T86/><D86/><N who="1" m="50263" /><E133/><V27/><F120/><W123/><G123/><T65/><D65/><U134/><E134/><V87/><F121/><W74/><G74/><T105/><D105/><U101/><E95/><V54/><F12/><W25/><G25/><T98/><D73/><U66/><E53/><V104/><F104/><W127/><G127/><N who="1" m="48682" /><E66/><V15/><F15/><AGARI ba="0,0" hai="15,17,20,60,61,93,97,101" m="48682,50263" machi="15" ten="30,2900,0" yaku="18,1,54,1" doraHai="106" who="1" fromWho="2" sc="202,0,271,29,157,-29,370,0" /><INIT seed="5,1,0,4,0,99" ten="202,300,128,370" oya="1" hai0="116,62,120,122,123,97,67,75,110,92,124,5,83" hai1="64,107,36,41,103,106,127,1,60,63,102,91,15" hai2="66,72,121,57,9,53,45,135,95,89,28,68,108" hai3="61,42,96,52,76,47,39,81,13,38,82,109,129"/><U19/><E1/><V113/><F121/><W54/><G109/><T14/><D110/><U104/><E36/><V37/><F72/><W131/><G39/><T33/><D33/><U74/><E41/><V24/><F113/><W0/><G0/><T80/><D116/><U133/><E74/><V46/><F135/><W56/><G96/><T49/><D124/><U17/><E133/><V30/><F108/><W112/><G112/><T35/><D35/><U130/><E127/><V105/><F105/><W59/><G13/><T48/><D5/><U93/><E130/><N who="3" m="49674" /><G76/><N who="0" m="44063" /><D83/><U10/><E19/><V21/><F66/><W51/><AGARI ba="1,0" hai="38,42,47,51,52,54,56,59,61,81,82" m="49674" machi="51" ten="30,2000,0" yaku="19,1,54,1" doraHai="99" who="3" fromWho="3" sc="202,-6,300,-11,128,-6,370,23" /><INIT seed="6,0,0,1,3,6" ten="196,289,122,393" oya="2" hai0="94,60,48,4,42,84,73,0,114,17,28,50,81" hai1="93,43,95,46,98,58,15,112,103,91,101,134,118" hai2="70,10,66,25,7,71,53,49,18,14,22,2,64" hai3="16,76,122,21,135,57,40,33,36,130,52,121,75"/><V1/><F66/><W83/><G33/><T125/><D73/><U65/><E118/><V115/><F115/><W80/><G130/><T11/><D114/><U120/><E120/><V39/><F39/><W51/><G135/><T123/><D123/><U132/><E112/><V116/><F116/><W62/><G36/><T30/><D125/><U119/><E119/><V44/><REACH who="2" step="1"/><F64/><REACH who="2" ten="196,289,112,393" step="2"/><W54/><G122/><T127/><D127/><U34/><E65/><V13/><F13/><W37/><G121/><T5/><D0/><AGARI ba="0,1" hai="0,1,2,7,10,14,18,22,25,44,49,53,70,71" machi="0" ten="40,3900,0" yaku="1,1,52,1,53,0" doraHai="6" doraHaiUra="128" who="2" fromWho="0" sc="196,-39,289,0,112,49,393,0" /><INIT seed="6,1,0,1,3,79" ten="157,289,161,393" oya="2" hai0="113,93,109,117,0,21,2,36,134,46,34,38,62" hai1="123,23,75,53,52,86,43,99,31,115,110,83,30" hai2="97,61,11,98,120,17,56,100,128,12,40,74,132" hai3="4,133,70,9,107,69,25,114,88,78,80,59,18"/><V103/><F120/><W94/><G107/><T89/><D34/><U102/><E110/><V92/><F128/><W13/><G114/><T54/><D109/><U49/><E75/><V121/><F121/><W37/><G37/><T130/><D113/><U105/><E115/><V104/><F132/><W111/><G111/><T76/><D76/><U101/><E101/><V87/><F74/><W20/><G59/><T124/><D134/><U39/><E39/><V66/><F40/><W33/><G33/><T119/><D130/><U135/><E135/><V58/><REACH who="2" step="1"/><F87/><REACH who="2" ten="157,289,151,393" step="2"/><W64/><G133/><T14/><D119/><U96/><E43/><V67/><F67/><W28/><G64/><T127/><D117/><U29/><E123/><V84/><F84/><N who="3" m="48151" /><G70/><AGARI ba="1,1" hai="11,12,17,56,58,61,66,70,92,97,98,100,103,104" machi="70" ten="30,2900,0" yaku="1,1,7,1,53,0" doraHai="79" doraHaiUra="73" who="2" fromWho="3" sc="157,0,289,0,151,42,393,-32" /><INIT seed="6,2,0,4,0,85" ten="157,289,193,361" oya="2" hai0="125,11,75,131,67,134,8,23,109,61,28,58,87" hai1="52,80,13,97,68,66,124,128,35,15,51,132,10" hai2="103,71,130,114,56,19,65,90,113,25,63,82,115" hai3="107,126,24,104,2,29,34,57,78,77,81,44,76"/><V54/><F103/><W60/><G2/><T43/><D75/><U73/><E35/><V101/><F101/><W98/><G126/><T83/><D109/><U4/><E124/><V33/><F130/><W26/><G26/><T108/><D125/><U31/><E31/><V127/><F127/><W32/><G32/><T135/><D108/><U102/><E128/><V21/><F33/><W79/><G44/><T53/><D43/><U89/><E66/><V129/><F129/><W5/><G5/><T122/><D122/><U16/><E68/><V12/><F82/><W106/><G98/><T133/><D131/><U42/><E42/><V91/><REACH who="2" step="1"/><F25/><REACH who="2" ten="157,289,183,361" step="2"/><W84/><G107/><T116/><D116/><U18/><E102/><V119/><F119/><W36/><G36/><T45/><D135/><U39/><E132/><V17/><F17/><W7/><G7/><T3/><D134/><U72/><E4/><V64/><F64/><W94/><G94/><T46/><D133/><U111/><E39/><V88/><F88/><W41/><G104/><T118/><D118/><U55/><E111/><V27/><F27/><W96/><G106/><T48/><D67/><U120/><E120/><V14/><F14/><W74/><G74/><T121/><D83/><U50/><E80/><V70/><F70/><W47/><G78/><T59/><D121/><U86/><E89/><V20/><F20/><W49/><G77/><T22/><D23/><U92/><E92/><V37/><F37/><W95/><G79/><T93/><D22/><U62/><E73/><V100/><F100/><W1/><G76/><RYUUKYOKU ba="2,1" sc="157,-10,289,-10,183,30,361,-10" hai2="12,19,21,54,56,63,65,71,90,91,113,114,115" /><INIT seed="6,3,1,5,0,42" ten="147,279,213,351" oya="2" hai0="72,127,131,99,98,111,15,86,134,52,91,87,95" hai1="133,70,90,56,51,78,2,6,80,76,113,46,79" hai2="130,115,10,128,26,39,20,49,75,50,7,73,118" hai3="120,103,38,109,9,58,23,77,43,81,124,129,11"/><V135/><F39/><W28/><G109/><T102/><D72/><U4/><E70/><V45/><F115/><W93/><G120/><T122/><D122/><U40/><E113/><V12/><F118/><W114/><G114/><T57/><D111/><U82/><E133/><V92/><F135/><W126/><G58/><T88/><D134/><U62/><E2/><V37/><F37/><W33/><G33/><T121/><D121/><U67/><E90/><V68/><F68/><W53/><G53/><T110/><D110/><U34/><E34/><V24/><F50/><W107/><G107/><T116/><D116/><U31/><E31/><V17/><F26/><N who="3" m="16479" /><G43/><T48/><D127/><N who="3" m="48681" /><G38/><T89/><D131/><N who="2" m="50218" /><F92/><W3/><G3/><T132/><D132/><U60/><E62/><V8/><F8/><W5/><G5/><AGARI ba="3,1" hai="4,5,6,40,46,51,56,60,67,76,78,79,80,82" machi="5" ten="40,2600,0" yaku="8,1,52,1" doraHai="42" who="1" fromWho="3" sc="147,0,279,45,213,0,351,-35" /><INIT seed="7,0,0,1,5,99" ten="147,324,213,316" oya="3" hai0="108,65,129,29,78,62,52,57,54,106,41,107,4" hai1="38,121,91,85,17,27,126,104,32,116,93,24,95" hai2="22,135,81,53,30,46,14,35,10,21,55,82,63" hai3="70,8,64,23,77,90,37,94,1,6,127,11,49"/><W68/><G37/><T133/><D108/><U48/><E38/><V39/><F135/><W86/><G127/><T19/><D133/><U40/><E104/><V73/><F35/><W58/><G11/><T75/><D129/><U117/><E121/><V33/><F33/><W72/><G23/><T47/><D29/><U60/><E126/><V115/><F115/><W103/><G103/><T111/><D111/><U15/><E32/><V51/><F39/><W130/><G130/><T109/><D109/><U134/><E134/><V114/><F114/><W101/><G101/><T92/><D4/><U131/><E131/><V25/><F22/><W0/><G0/><T102/><D92/><U112/><E60/><V105/><F105/><W124/><G124/><T66/><D54/><U89/><E48/><V28/><F28/><W50/><G50/><T79/><D19/><U13/><E40/><V119/><F73/><W5/><G5/><T12/><D12/><N who="1" m="4683" /><E112/><V74/><F74/><W56/><G56/><T100/><D107/><U110/><E110/><V120/><F120/><W34/><G34/><T118/><D118/><N who="1" m="45675" /><E17/><V96/><F119/><W59/><G59/><T45/><D45/><U97/><AGARI ba="0,0" hai="24,27,85,89,91,93,95,97" m="45675,4683" machi="97" ten="30,1100,0" yaku="12,1" doraHai="99" who="1" fromWho="1" sc="147,-3,324,11,213,-3,316,-5" owari="144,-36.0,335,44.0,210,-19.0,311,11.0" /></mjloggm>