<mjloggm ver="2.3"><GO type="41" lobby="0"/><UN n0="%EF%BC%BA%EF%BC%A5%EF%BC%B2%EF%BC%AF%EF%BC%8D%EF%BC%AD%EF%BC%A1%EF%BC%B8" n1="%E5%B0%B1%E6%B4%BB%E7%94%9F%40%E5%B7%9D%E6%9D%91%E8%BB%8D%E5%9B%A3" n2="%E4%BC%BC%E9%9D%9E%E7%9B%8A%E7%94%B0%E3%81%82" n3="%6A%65%72%69%63%68%6F" dan="14,15,13,13" rate="1840.41,1956.69,1907.30,2022.65" sx="M,M,M,M"/><TAIKYOKU oya="0"/><INIT seed="0,0,0,2,3,33" ten="250,250,250,250" oya="0" hai0="32,57,46,75,120,31,84,37,36,88,118,127,123" hai1="47,40,128,25,11,23,60,107,67,17,16,134,124" hai2="2,125,29,39,8,113,103,74,38,80,97,106,81" hai3="48,109,96,77,45,59,66,132,43,21,98,85,115"/><T63/><D118/><U35/><E107/><V19/><F113/><W4/><G115/><T54/><D127/><U135/><E35/><V62/><F29/><W129/><G129/><T41/><D37/><U49/><E128/><V72/><F81/><N who="3" m="47279" /><G132/><T83/><REACH who="0" step="1"/><D75/><REACH who="0" ten="240,250,250,250" step="2"/><U3/><E124/><V50/><F125/><W87/><G109/><T101/><D101/><U93/><E135/><V10/><F74/><W27/><G87/><T82/><D82/><U61/><E134/><V117/><F80/><W14/><G96/><T126/><D126/><U131/><E131/><V102/><F72/><W110/><G98/><T12/><D12/><U0/><E93/><V26/><F97/><W92/><G92/><T53/><D53/><U100/><E100/><V20/><F103/><W71/><G110/><T51/><D51/><U73/><E73/><V68/><F50/><W70/><G14/><T7/><D7/><U55/><E55/><V1/><F102/><W116/><G4/><T34/><D34/><U22/><E61/><V28/><F62/><W86/><G86/><T90/><D90/><U79/><E79/><V111/><F111/><W99/><G99/><T13/><D13/><U94/><E94/><V18/><F39/><W105/><G116/><T6/><D6/><U95/><E95/><V56/><F38/><W65/><G48/><T5/><D5/><U122/><E60/><V130/><F117/><W64/><G64/><T58/><D58/><U24/><E67/><V89/><F56/><W119/><G65/><T15/><D15/><N who="1" m="7295" /><E122/><V44/><F130/><W91/><G119/><RYUUKYOKU ba="0,1" sc="240,15,250,15,250,-15,250,-15" hai0="31,32,36,41,46,54,57,63,83,84,88,120,123" hai1="0,3,17,22,23,24,25,40,47,49" /><INIT seed="0,1,1,4,5,61" ten="255,265,235,235" oya="0" hai0="68,88,4,30,85,38,74,89,59,92,65,70,105" hai1="47,104,51,21,130,8,9,29,119,11,54,44,110" hai2="15,111,84,62,78,127,134,34,122,32,128,6,80" hai3="13,107,45,117,123,12,120,109,58,20,126,132,87"/><T101/><D38/><U46/><E119/><V16/><F122/><N who="3" m="46635" /><G107/><T64/><D70/><U48/><E104/><V2/><F2/><W76/><G117/><T135/><D68/><U100/><E130/><V39/><F39/><W75/><G75/><T43/><D135/><U116/><E116/><V133/><F6/><W83/><G132/><N who="2" m="50793" /><F111/><W55/><G109/><T5/><D74/><U7/><E110/><V103/><F103/><W115/><G126/><T1/><D1/><U52/><E100/><V96/><F96/><W81/><G45/><T77/><D77/><U23/><E7/><N who="0" m="2633" /><D105/><U60/><E60/><V22/><F128/><W129/><G83/><N who="0" m="49215" /><D101/><U82/><E82/><V18/><F127/><W35/><G115/><T112/><D112/><U31/><E47/><V118/><F118/><W106/><G35/><T27/><D59/><U125/><REACH who="1" step="1"/><E125/><REACH who="1" ten="255,255,235,235" step="2"/><V0/><F62/><N who="3" m="36191" /><G106/><T108/><D108/><U67/><E67/><V28/><F80/><W19/><G129/><T24/><D65/><U33/><E33/><V93/><F34/><W41/><G81/><T98/><D64/><U97/><E97/><V72/><F32/><W90/><G76/><T53/><D98/><U37/><E37/><V63/><F78/><W102/><G102/><T66/><D66/><U49/><E49/><V121/><F121/><W42/><G90/><T40/><D89/><U113/><E113/><V69/><F72/><W124/><G124/><T25/><D92/><U99/><E99/><V36/><F69/><W50/><G50/><T14/><D30/><AGARI ba="1,2" hai="8,9,11,21,23,29,30,31,44,46,48,51,52,54" machi="30" ten="40,8000,1" yaku="1,1,9,1,8,1,54,1,53,0" doraHai="61" doraHaiUra="94" who="1" fromWho="0" sc="255,-83,255,103,235,0,235,0" /><INIT seed="1,0,0,3,5,124" ten="172,358,235,235" oya="1" hai0="96,99,8,59,108,34,20,72,105,56,74,114,54" hai1="118,82,7,11,122,78,127,60,113,134,120,102,14" hai2="57,69,58,17,79,48,107,98,81,126,132,119,31" hai3="80,86,22,70,25,71,29,85,116,46,93,43,89"/><U62/><E127/><V115/><F119/><W109/><G109/><T90/><D108/><U9/><E118/><V101/><F69/><W66/><G66/><T91/><D34/><U50/><E113/><V26/><F126/><W111/><G111/><T77/><D114/><U76/><E134/><V1/><F1/><W97/><G86/><T65/><D20/><U95/><E50/><V110/><F132/><W133/><G133/><T37/><D37/><U63/><E11/><V68/><F68/><W23/><G22/><T125/><D125/><U92/><E102/><V12/><F48/><W83/><G83/><T18/><D65/><U10/><E10/><V27/><F27/><W104/><G104/><T5/><D105/><U55/><E55/><V112/><F110/><W4/><G4/><T51/><D18/><U44/><E44/><V47/><F47/><W38/><REACH who="3" step="1"/><G116/><REACH who="3" ten="172,358,235,225" step="2"/><T42/><D5/><U130/><E82/><V135/><F81/><W6/><G6/><T67/><D74/><U121/><E76/><AGARI ba="0,1" hai="23,25,29,38,43,46,70,71,76,80,85,89,93,97" machi="76" ten="30,3900,0" yaku="1,1,7,1,53,1" doraHai="124" doraHaiUra="36" who="3" fromWho="1" sc="172,0,358,-39,235,0,225,49" /><INIT seed="2,0,0,3,5,5" ten="172,319,235,274" oya="2" hai0="104,1,125,100,6,43,105,135,88,98,74,20,55" hai1="115,130,36,13,107,92,22,56,28,124,60,50,85" hai2="16,82,108,114,18,53,57,12,133,70,66,7,42" hai3="109,95,63,37,77,23,90,134,81,4,44,89,15"/><V99/><F114/><W112/><G112/><T101/><D74/><U79/><E107/><V58/><F133/><W116/><G116/><T129/><D135/><U35/><E36/><V30/><F70/><W47/><G134/><T132/><D132/><U46/><E115/><V9/><F108/><W93/><G109/><T8/><D125/><U27/><E124/><V19/><F42/><W49/><G37/><T71/><D129/><U21/><E130/><V62/><F30/><W39/><G39/><T75/><D75/><U76/><E35/><V102/><F82/><W14/><G63/><T29/><D71/><U127/><E127/><V10/><F102/><W52/><G47/><T73/><D73/><U0/><E0/><V45/><F45/><W86/><G15/><T31/><D43/><N who="1" m="24927" /><E13/><N who="2" m="7215" /><F99/><W119/><G119/><T120/><D120/><U131/><E22/><V106/><F106/><W67/><G67/><T41/><D41/><U64/><E131/><V103/><F103/><W51/><G51/><AGARI ba="0,0" hai="7,10,12,18,19,51,53,57,58,62,66" m="7215" machi="51" ten="30,11600,0" yaku="8,1,52,2,54,1" doraHai="5" who="2" fromWho="3" sc="172,0,319,0,235,116,274,-116" /><INIT seed="2,1,0,1,2,0" ten="172,319,351,158" oya="2" hai0="43,28,122,94,108,111,47,93,95,35,64,58,11" hai1="85,54,37,9,89,115,50,6,130,20,38,69,129" hai2="82,1,56,83,40,49,80,135,10,81,75,48,117" hai3="32,4,77,52,41,98,24,84,51,90,70,62,65"/><V126/><F117/><W120/><G120/><T61/><D122/><U31/><E20/><V132/><F126/><W44/><G77/><T8/><D28/><U100/><E100/><V36/><F56/><W76/><G76/><T13/><D35/><U97/><E97/><V133/><F49/><W116/><G116/><T105/><D105/><U33/><E31/><V119/><F48/><W125/><G24/><T99/><D99/><U92/><E69/><V5/><F119/><W112/><G32/><T123/><D123/><U72/><E33/><V121/><F121/><W22/><G22/><T78/><D78/><U60/><E60/><V18/><F18/><W118/><G112/><T74/><D74/><U53/><E72/><V42/><F75/><W34/><G98/><T68/><D68/><U19/><E19/><V26/><F36/><W45/><G34/><T63/><D63/><U12/><E54/><V104/><F104/><W39/><G125/><T107/><D107/><U124/><E124/><V16/><F83/><W27/><G27/><T131/><D131/><N who="1" m="50187" /><E115/><V67/><F67/><W91/><G118/><T114/><D114/><U86/><E86/><V102/><F102/><W87/><G87/><T59/><D11/><U15/><E15/><V21/><AGARI ba="1,0" hai="1,5,10,16,21,26,40,42,80,81,82,132,133,135" machi="21" ten="40,12000,1" yaku="0,1,20,1,52,1,54,1" doraHai="0" who="2" fromWho="2" sc="172,-41,319,-41,351,123,158,-41" /><INIT seed="2,2,0,4,1,80" ten="131,278,474,117" oya="2" hai0="17,108,29,124,120,75,57,85,10,78,1,130,15" hai1="11,86,101,38,35,100,66,82,42,115,118,91,34" hai2="61,88,83,41,113,45,77,18,51,107,70,74,13" hai3="25,2,33,126,36,106,65,14,19,128,3,117,5"/><V31/><F31/><N who="3" m="19695" /><G106/><T135/><D108/><U62/><E115/><V87/><F107/><W123/><G36/><T27/><D120/><U21/><E118/><V84/><F113/><W0/><G65/><T127/><D130/><U63/><E63/><V134/><F134/><W81/><G81/><N who="0" m="47287" /><D135/><U9/><E21/><N who="2" m="11471" /><F74/><W131/><G123/><T110/><D110/><U94/><E35/><V46/><F70/><W22/><G117/><T53/><D75/><U39/><E34/><V102/><F102/><W4/><G126/><N who="0" m="48171" /><D1/><U89/><E11/><V96/><F61/><W23/><G23/><N who="0" m="15615" /><D53/><U105/><E105/><V103/><F46/><W112/><G112/><T121/><D57/><U37/><E42/><V79/><F103/><W59/><G59/><T30/><D30/><U20/><E9/><V99/><F79/><W60/><G60/><T40/><D121/><U68/><REACH who="1" step="1"/><E20/><REACH who="1" ten="131,268,474,117" step="2"/><V28/><F28/><W32/><G32/><T24/><D40/><U93/><E93/><AGARI ba="2,1" hai="41,45,51,77,83,84,87,88,93,96,99" m="11471" machi="93" ten="30,11600,0" yaku="8,1,52,2,54,1" doraHai="80" who="2" fromWho="1" sc="131,0,268,-122,474,132,117,0" /><INIT seed="2,3,0,0,3,128" ten="131,146,606,117" oya="2" hai0="57,24,11,8,56,104,79,87,121,18,92,45,13" hai1="105,88,131,99,113,84,134,21,37,25,69,93,53" hai2="89,47,77,115,14,72,67,101,55,12,58,114,51" hai3="20,34,9,91,98,59,54,68,90,39,10,116,7"/><V135/><F101/><W62/><G34/><T75/><D121/><U127/><E131/><V97/><F72/><W2/><G39/><T122/><D104/><U112/><E69/><V38/><F77/><W52/><G116/><T26/><D122/><U28/><E37/><V70/><F97/><W80/><G68/><T100/><D75/><U22/><E127/><V48/><F89/><W32/><G32/><T96/><D45/><U86/><E134/><V41/><F14/><W35/><G35/><T74/><D74/><U103/><E22/><V130/><F12/><W118/><G10/><T110/><D110/><U16/><E28/><V27/><F27/><N who="0" m="10282" /><D8/><U133/><E133/><V30/><F30/><W43/><G20/><T4/><D4/><U3/><E3/><V61/><F135/><W66/><G43/><T129/><D129/><U17/><E17/><V132/><F132/><W46/><G46/><T120/><D120/><U19/><E19/><V60/><F130/><W23/><G23/><T64/><D64/><U1/><E1/><V83/><F83/><AGARI ba="3,0" hai="11,13,18,56,57,79,83,87,92,96,100" m="10282" machi="83" ten="30,1000,0" yaku="8,1" doraHai="128" who="0" fromWho="2" sc="131,19,146,0,606,-19,117,0" /><INIT seed="3,0,0,2,4,122" ten="150,146,587,117" oya="3" hai0="50,3,71,47,72,56,111,23,53,36,39,61,110" hai1="27,69,54,45,101,28,135,131,81,67,91,58,57" hai2="97,96,93,12,129,26,76,95,7,66,65,132,86" hai3="1,116,87,20,51,48,17,42,94,32,114,126,99"/><W109/><G1/><T115/><D72/><U4/><E131/><V98/><F26/><W18/><G116/><T0/><D0/><U90/><E135/><V16/><F7/><W104/><G114/><T40/><D3/><U22/><E4/><V82/><F129/><W41/><G32/><T118/><D23/><U29/><E101/><V70/><F70/><W25/><G126/><T128/><D128/><U107/><E107/><V10/><F132/><W55/><G104/><T88/><D88/><N who="1" m="33835" /><E69/><V73/><F73/><W124/><G109/><N who="0" m="41483" /><D118/><U123/><E123/><V52/><F52/><W125/><G87/><T63/><D115/><U2/><E2/><V121/><F121/><W59/><G124/><T130/><D130/><U134/><E134/><V11/><F11/><W9/><G125/><T19/><D19/><N who="1" m="12767" /><E81/><V80/><F80/><W117/><G48/><T34/><D34/><U5/><E5/><V30/><F30/><N who="1" m="11881" /><E67/><AGARI ba="0,0" hai="10,12,16,65,66,67,76,82,86,93,95,96,97,98" machi="67" ten="40,2600,0" yaku="8,1,54,1" doraHai="122" who="2" fromWho="1" sc="150,0,146,-26,587,26,117,0" /><AGARI ba="0,0" hai="36,39,40,47,50,53,56,61,63,67,71" m="41483" machi="67" ten="30,12000,2" yaku="14,1,34,2,52,3" doraHai="122" who="0" fromWho="1" sc="150,120,120,-120,613,0,117,0" /><INIT seed="4,0,0,3,1,127" ten="270,0,613,117" oya="0" hai0="42,81,101,63,102,46,83,51,18,76,94,90,112" hai1="32,48,100,75,62,47,123,82,85,129,2,72,15" hai2="105,99,29,19,88,65,38,57,52,13,120,31,132" hai3="79,49,121,124,10,98,117,24,14,27,133,59,125"/><T92/><D112/><U64/><E2/><V25/><F38/><W60/><G117/><T130/><D130/><U7/><E32/><V73/><F73/><W22/><G133/><T128/><D128/><U106/><E123/><V67/><F105/><W58/><G121/><T12/><D63/><U104/><E129/><V118/><F118/><W119/><G119/><T96/><D76/><N who="1" m="46279" /><E75/><V36/><F36/><W89/><G79/><T71/><D71/><N who="1" m="42391" /><E100/><N who="0" m="38505" /><D94/><U113/><E72/><V70/><F70/><W37/><G37/><T122/><D122/><U109/><E109/><V66/><F132/><W23/><G49/><T86/><D96/><U4/><E4/><V30/><F25/><N who="3" m="9803" /><G124/><T11/><AGARI ba="0,0" hai="11,12,18,42,46,51,81,83,86,90,92" m="38505" machi="11" ten="30,1500,0" yaku="8,1" doraHai="127" who="0" fromWho="0" sc="270,15,0,-5,613,-5,117,-5" owari="285,9.0,-5,-51.0,608,71.0,112,-29.0" /></mjloggm>