<mjloggm ver="2.3"><GO type="41" lobby="0"/><UN n0="%6D%65%6F%77%6D%65%6F%77" n1="%61%4C%69%76%61%E6%AD%A3%E5%AE%97" n2="%E3%82%A2%E3%83%A4%E3%82%AB%E3%83%B3" n3="%E5%B0%B1%E6%B4%BB%E7%94%9F%40%E5%B7%9D%E6%9D%91%E8%BB%8D%E5%9B%A3" dan="13,13,13,16" rate="1856.14,1839.54,1864.27,2031.67" sx="M,M,M,M"/><TAIKYOKU oya="0"/><INIT seed="0,0,0,1,4,109" ten="250,250,250,250" oya="0" hai0="16,2,11,90,125,10,40,135,62,123,92,116,91" hai1="111,120,7,76,50,51,67,69,127,31,23,45,0" hai2="35,38,130,96,95,102,8,15,70,26,106,14,107" hai3="54,22,66,97,58,89,47,21,81,18,98,117,61"/><T39/><D123/><U99/><E120/><V115/><F38/><W110/><G117/><T93/><D116/><U75/><E111/><V68/><F130/><W53/><G110/><T48/><D39/><U79/><E127/><V94/><F115/><W104/><G22/><T29/><D29/><U12/><E0/><V60/><F15/><W131/><G104/><T118/><D118/><U80/><E76/><V36/><F36/><W126/><G126/><T71/><D135/><U27/><E99/><V33/><F94/><W6/><G6/><T108/><D108/><U56/><E69/><V84/><F84/><W77/><G131/><T128/><D128/><U20/><E45/><V133/><F133/><W65/><G89/><T1/><D62/><U83/><E83/><V114/><F114/><W3/><G3/><T85/><D71/><U82/><E82/><V37/><F37/><W105/><G105/><T19/><D48/><U44/><E44/><V64/><F70/><W30/><G30/><T119/><D119/><U17/><E7/><V32/><F26/><W86/><G54/><T25/><D25/><U46/><E46/><V124/><F124/><W103/><G103/><T88/><D91/><U34/><E34/><V24/><F24/><N who="3" m="14391" /><G47/><T72/><D125/><U41/><E41/><V13/><F13/><W87/><G87/><N who="0" m="52255" /><D40/><U49/><REACH who="1" step="1"/><E67/><AGARI ba="0,0" hai="53,58,61,65,66,67,77,81,86,97,98" m="14391" machi="67" ten="30,1000,0" yaku="8,1" doraHai="109" who="3" fromWho="1" sc="250,0,250,-10,250,0,250,10" /><INIT seed="1,0,0,0,5,34" ten="250,240,250,260" oya="1" hai0="92,86,123,115,117,39,124,110,129,88,51,119,68" hai1="96,3,70,90,74,55,4,69,108,26,99,20,31" hai2="91,56,21,111,29,95,132,18,27,52,25,80,6" hai3="128,84,50,37,53,63,33,135,98,114,49,43,127"/><U75/><E108/><V113/><F111/><W15/><G33/><T130/><D110/><U14/><E55/><V12/><F113/><W77/><G114/><T104/><D115/><U44/><E44/><V7/><F132/><W93/><G37/><T58/><D39/><U133/><E133/><V101/><F25/><W78/><G43/><T100/><D68/><U121/><E121/><V36/><F36/><W125/><G50/><T73/><D58/><U23/><E20/><V59/><F59/><W1/><G1/><T62/><D62/><U57/><E57/><V72/><F101/><W97/><G63/><T71/><D51/><U109/><E109/><V5/><F80/><W47/><G98/><N who="0" m="61463" /><D71/><U45/><E45/><V82/><F82/><W24/><G24/><T120/><D73/><U87/><E14/><V17/><F17/><W0/><BYE who="2" /><G0/><T32/><D32/><U85/><E70/><V65/><F65/><W13/><G135/><T67/><D67/><UN n2="%E3%82%A2%E3%83%A4%E3%82%AB%E3%83%B3" /><U64/><E75/><V30/><F72/><W122/><G122/><N who="0" m="46635" /><D124/><U94/><E74/><V106/><F12/><W40/><G40/><T126/><D126/><N who="3" m="48137" /><G13/><T81/><D81/><U89/><E64/><V102/><F106/><W22/><G15/><T10/><D10/><U105/><E69/><V61/><F102/><N who="3" m="60719" /><G22/><T48/><D48/><U16/><E105/><V42/><F42/><W11/><G11/><T79/><D79/><N who="3" m="30217" /><G84/><T83/><BYE who="2" /><D83/><N who="1" m="49343" /><E31/><UN n2="%E3%82%A2%E3%83%A4%E3%82%AB%E3%83%B3" /><V2/><F2/><W41/><G41/><T76/><D76/><U38/><E38/><V107/><F107/><W35/><G35/><T131/><AGARI ba="0,0" hai="86,88,92,117,119,129,130,131" m="46635,61463" machi="131" ten="40,12000,2" yaku="5,1,19,1,13,1,34,2,54,1" doraHai="34" who="0" fromWho="0" sc="250,120,240,-60,250,-30,260,-30" /><INIT seed="2,0,0,3,0,3" ten="370,180,220,230" oya="2" hai0="120,17,80,11,56,52,9,6,102,27,5,57,135" hai1="105,131,93,62,123,116,89,23,61,94,103,87,60" hai2="101,124,104,32,55,65,48,108,50,107,24,59,38" hai3="115,26,121,47,81,126,16,112,20,54,53,85,97"/><V86/><F38/><W72/><G121/><T8/><D120/><U4/><E123/><V127/><F108/><W36/><G72/><T63/><D102/><U110/><E116/><V10/><F101/><W22/><G126/><N who="2" m="48169" /><F65/><W84/><G97/><T30/><D135/><U76/><E110/><V130/><F130/><W0/><G0/><T106/><D106/><N who="2" m="40490" /><F10/><W132/><G84/><T109/><D109/><U37/><E37/><V133/><F133/><W100/><G100/><T75/><D75/><U122/><E122/><V67/><F67/><W2/><G2/><T71/><D80/><U29/><E105/><V40/><F40/><W1/><G1/><T83/><D83/><U42/><E131/><V19/><F86/><W43/><G20/><N who="0" m="13711" /><D30/><U44/><E76/><V74/><F74/><W68/><G68/><T129/><D129/><U15/><E44/><V45/><F32/><W118/><G118/><T34/><D34/><U70/><E42/><N who="2" m="24631" /><F19/><W114/><REACH who="3" step="1"/><G132/><REACH who="3" ten="370,180,220,220" step="2"/><T99/><D71/><U111/><E111/><V119/><F119/><W77/><AGARI ba="0,1" hai="16,22,26,36,43,47,53,54,77,81,85,112,114,115" machi="77" ten="30,8000,1" yaku="1,1,2,1,0,1,11,1,54,1,53,0" doraHai="3" doraHaiUra="31" who="3" fromWho="3" sc="370,-20,180,-20,220,-40,220,90" /><INIT seed="3,0,0,2,1,38" ten="350,160,180,310" oya="3" hai0="81,108,121,75,58,113,114,86,18,100,24,115,25" hai1="3,126,101,99,37,96,131,22,124,94,0,42,120" hai2="39,135,69,30,117,23,109,16,5,41,130,50,40" hai3="129,46,29,12,14,59,11,83,104,95,92,134,119"/><W90/><G104/><T64/><D121/><U65/><E120/><V67/><F39/><W106/><G106/><T32/><D108/><U17/><E131/><V56/><F117/><W1/><G119/><T107/><D75/><U118/><E118/><V63/><F109/><W78/><G129/><T48/><D100/><U43/><E37/><V21/><F130/><W2/><G134/><T26/><D107/><U61/><E96/><V112/><F135/><W20/><G92/><T111/><D111/><U10/><E3/><V103/><F112/><W89/><G90/><N who="0" m="51535" /><D32/><U74/><E74/><V123/><F123/><W27/><G12/><T51/><D18/><U80/><E80/><V133/><F133/><W73/><G59/><T15/><D15/><N who="1" m="9535" /><E10/><V19/><F5/><W105/><G46/><T84/><D84/><U8/><E8/><V36/><F36/><W88/><G89/><T57/><D57/><N who="1" m="37039" /><E0/><V98/><F69/><W68/><G105/><T62/><AGARI ba="0,0" hai="24,25,26,48,51,58,62,64,113,114,115" m="51535" machi="62" ten="40,1500,0" yaku="11,1" doraHai="38" who="0" fromWho="0" sc="350,15,160,-4,180,-4,310,-7" /><INIT seed="4,0,0,0,0,78" ten="365,156,176,303" oya="0" hai0="24,123,81,60,61,121,89,40,76,114,118,117,112" hai1="66,129,43,72,42,108,16,73,56,126,104,33,55" hai2="6,11,25,54,63,5,34,37,134,99,125,97,87" hai3="67,26,47,127,7,57,19,65,96,10,116,49,20"/><T4/><D4/><U109/><E33/><V59/><F37/><W133/><G116/><T28/><D89/><U41/><E104/><V82/><F134/><W75/><G75/><T124/><D124/><U92/><E66/><V119/><F119/><BYE who="2" /><N who="0" m="45578" /><D40/><U50/><E126/><UN n2="%E3%82%A2%E3%83%A4%E3%82%AB%E3%83%B3" /><V21/><F125/><W22/><G133/><T3/><D61/><U36/><E129/><V8/><F34/><W32/><G32/><N who="0" m="20487" /><D60/><U122/><E122/><N who="0" m="46601" /><D3/><U131/><E131/><V132/><F132/><W130/><G130/><T79/><D79/><U71/><E71/><V39/><F39/><W120/><G120/><T52/><D52/><U101/><E36/><V58/><F6/><W70/><G70/><T23/><D23/><U77/><E73/><AGARI ba="0,0" hai="73,76,81,112,114" m="46601,20487,45578" machi="73" ten="30,2900,0" yaku="23,1,52,1" doraHai="78" who="0" fromWho="1" sc="365,29,156,-29,176,0,303,0" /><INIT seed="4,1,0,1,2,31" ten="394,127,176,303" oya="0" hai0="61,5,101,32,65,58,100,106,129,27,105,109,49" hai1="133,95,26,25,18,15,86,38,97,72,124,56,22" hai2="55,80,110,70,88,36,84,6,122,119,24,123,79" hai3="29,104,99,73,16,42,51,135,108,75,46,40,120"/><T53/><D5/><U21/><E38/><V98/><F36/><W9/><G108/><T2/><D2/><U67/><E72/><V116/><F110/><W62/><G29/><T14/><D14/><U63/><E124/><V23/><F70/><W117/><G117/><N who="2" m="45129" /><F6/><W83/><G42/><T92/><D109/><U41/><E133/><V89/><F55/><W69/><G135/><T60/><D129/><U1/><E1/><V47/><F47/><W20/><G9/><T68/><D60/><U19/><E41/><V113/><F113/><W91/><G120/><N who="2" m="46121" /><F24/><W121/><G121/><T132/><D132/><U66/><E86/><V28/><F28/><W57/><G69/><T34/><D27/><U94/><E15/><V93/><F23/><W7/><G104/><T76/><D76/><AGARI ba="1,0" hai="76,79,80,84,88,89,93,98" m="46121,45129" machi="76" ten="30,7700,0" yaku="12,1,34,2,54,1" doraHai="31" who="2" fromWho="0" sc="394,-80,127,0,176,80,303,0" /><INIT seed="5,0,0,2,2,84" ten="314,127,256,303" oya="1" hai0="86,121,11,79,61,7,17,124,91,110,15,14,12" hai1="125,9,3,40,127,18,22,108,131,48,116,21,23" hai2="93,27,134,101,50,42,82,56,74,32,57,8,106" hai3="114,107,5,133,62,66,35,6,87,76,129,111,58"/><U95/><E116/><V100/><F134/><W16/><G107/><T13/><D110/><U98/><E108/><V36/><F36/><W132/><G35/><T78/><D121/><U89/><E131/><V24/><F32/><W0/><G0/><T83/><D124/><N who="1" m="47691" /><E3/><V67/><F106/><W37/><G37/><T104/><D104/><U115/><E115/><V60/><F74/><W120/><G111/><T105/><D105/><U1/><E1/><V72/><F72/><W31/><G31/><T2/><REACH who="0" step="1"/><D61/><REACH who="0" ten="304,127,256,303" step="2"/><U43/><E48/><V68/><F50/><W128/><G120/><T46/><D46/><U126/><N who="1" m="47699" /><U10/><DORA hai="65" /><E9/><AGARI ba="0,1" hai="2,7,9,11,12,13,14,15,17,78,79,83,86,91" machi="9" ten="40,2600,0" yaku="1,1,52,1,53,0" doraHai="84,65" doraHaiUra="28,113" who="0" fromWho="1" sc="304,36,127,-26,256,0,303,0" /><INIT seed="6,0,0,3,5,26" ten="340,101,256,303" oya="2" hai0="69,33,32,52,97,110,31,86,77,72,15,41,103" hai1="91,90,39,53,34,112,123,14,106,0,128,82,47" hai2="113,129,62,102,81,98,21,114,2,35,43,92,60" hai3="75,76,66,22,87,84,19,118,7,17,120,23,44"/><V109/><F2/><W5/><G120/><T89/><D69/><U57/><E112/><N who="2" m="43115" /><F35/><W3/><G118/><T24/><D41/><U100/><E123/><V78/><F129/><W80/><G3/><T27/><D110/><U13/><E128/><V63/><F109/><W40/><G66/><T93/><D15/><U6/><E34/><V126/><F126/><W30/><G75/><T12/><D12/><U54/><E106/><V85/><F43/><W121/><G121/><T70/><D70/><U117/><E117/><V131/><F131/><W122/><G87/><T104/><D24/><U101/><E0/><V83/><F83/><W132/><G132/><T135/><D135/><U8/><E39/><V1/><F1/><W67/><G67/><T36/><D36/><U107/><E107/><V105/><F21/><W74/><G74/><T68/><D68/><U59/><E47/><V49/><F49/><W79/><G122/><T64/><D64/><U65/><E65/><V119/><F119/><W116/><G84/><T4/><D4/><U71/><E71/><V95/><AGARI ba="0,0" hai="60,62,63,78,81,85,92,95,98,102,105" m="43115" machi="95" ten="40,2100,0" yaku="15,1" doraHai="26" who="2" fromWho="2" sc="340,-7,101,-7,256,21,303,-7" /><INIT seed="6,1,0,2,2,44" ten="333,94,277,296" oya="2" hai0="23,130,3,17,33,103,104,73,28,46,35,74,63" hai1="135,84,91,32,16,66,60,65,132,48,108,22,107" hai2="117,99,21,58,97,134,56,26,81,75,77,51,13" hai3="115,50,125,83,4,70,89,92,126,20,49,101,82"/><V18/><F117/><W113/><G101/><T54/><D3/><U114/><E32/><V79/><F134/><W111/><G70/><T109/><D109/><U71/><E108/><V80/><F26/><W102/><G102/><T127/><D35/><U93/><E107/><V61/><F51/><N who="3" m="19467" /><G20/><T15/><D28/><U34/><E34/><V131/><F56/><W12/><G12/><T110/><D33/><U123/><E66/><V47/><F47/><W24/><G4/><T27/><D104/><U121/><E114/><N who="3" m="43530" /><G24/><T100/><D27/><U55/><E132/><V68/><F68/><W29/><G29/><T25/><D15/><U105/><E105/><V52/><REACH who="2" step="1"/><F131/><REACH who="2" ten="333,94,267,296" step="2"/><W36/><G111/><T94/><D25/><U118/><E135/><V11/><F11/><W120/><G36/><T6/><D110/><U5/><E118/><V31/><F31/><W2/><G120/><T38/><D130/><U0/><E5/><V1/><F1/><W85/><G2/><T19/><D38/><U98/><E0/><V40/><F40/><W76/><G83/><T7/><D6/><U67/><E65/><V106/><F106/><W69/><G69/><T86/><D7/><U96/><E123/><V53/><F53/><W10/><G10/><T95/><D54/><U129/><E121/><V88/><F88/><W64/><G64/><T41/><D41/><U133/><E129/><V122/><F122/><W39/><G39/><T57/><D46/><N who="1" m="28055" /><E133/><V9/><F9/><W37/><G37/><T112/><D112/><U59/><E71/><V45/><F45/><W42/><G42/><RYUUKYOKU ba="1,1" sc="333,-30,94,10,267,10,296,10" hai1="16,22,59,60,67,84,91,93,96,98" hai2="13,18,21,52,58,61,75,77,79,80,81,97,99" hai3="76,82,85,89,92,125,126" /><INIT seed="6,2,1,0,5,132" ten="303,104,277,306" oya="2" hai0="108,62,50,98,57,15,27,13,85,32,75,22,9" hai1="37,11,31,17,89,127,21,128,3,95,48,129,125" hai2="72,123,20,64,39,107,103,16,93,59,38,96,43" hai3="7,135,53,6,41,109,8,102,130,47,114,81,73"/><V87/><F123/><W45/><G109/><T25/><D75/><U82/><E37/><V113/><F72/><W51/><G135/><T4/><D108/><U2/><E82/><V124/><F124/><N who="1" m="47689" /><E48/><V1/><F1/><N who="1" m="9" /><E95/><V120/><F120/><W91/><G130/><N who="1" m="50282" /><E89/><V100/><F113/><W40/><G91/><T76/><D50/><U94/><E94/><V28/><F43/><W116/><G81/><T71/><D71/><U97/><E97/><V84/><F103/><W67/><G102/><T121/><D98/><U88/><E88/><V10/><F64/><W58/><G67/><T70/><D121/><U79/><E79/><V49/><F39/><W35/><G51/><T26/><D76/><U106/><E106/><V46/><F107/><W69/><G40/><T131/><D70/><U90/><E90/><V24/><F38/><W118/><G41/><T101/><D131/><U86/><E86/><V29/><F59/><W19/><G58/><T104/><D57/><U68/><E68/><V54/><F84/><W52/><G69/><T134/><D85/><U110/><E110/><V63/><F87/><W115/><G47/><T112/><D104/><U55/><E55/><V56/><F63/><W111/><G45/><T92/><D62/><U105/><E105/><V74/><F74/><W133/><G53/><T80/><D92/><U60/><E60/><V44/><F46/><W18/><G52/><T65/><D80/><U126/><N who="1" m="47697" /><U66/><DORA hai="42" /><E66/><V12/><F44/><W117/><G111/><T119/><D65/><U0/><N who="1" m="17" /><U33/><DORA hai="30" /><E11/><RYUUKYOKU ba="2,1" sc="303,-10,104,-10,277,30,306,-10" hai2="10,12,16,20,24,28,29,49,54,56,93,96,100" /><INIT seed="6,3,1,5,5,59" ten="293,94,307,296" oya="2" hai0="106,76,13,75,85,129,57,123,37,115,26,7,22" hai1="81,111,34,93,52,30,88,119,6,103,133,72,120" hai2="124,79,101,107,82,51,14,36,77,90,4,98,29" hai3="32,23,130,8,109,114,45,127,58,31,66,121,73"/><V63/><F36/><W53/><G32/><T80/><D37/><U0/><E119/><V122/><F122/><W21/><G109/><T48/><D123/><U94/><E111/><V49/><F124/><W15/><G73/><T39/><D39/><U68/><E120/><V55/><F29/><W46/><G121/><T27/><D106/><U70/><E133/><V50/><F90/><W9/><G127/><T38/><D38/><U65/><E103/><V25/><F25/><W17/><G66/><T71/><D71/><U135/><E135/><V95/><F107/><W64/><G64/><T104/><D104/><U84/><E70/><V19/><F4/><W126/><G130/><T44/><D57/><U96/><E6/><V24/><F24/><N who="3" m="16783" /><G114/><T1/><D22/><U62/><E0/><V20/><REACH who="2" step="1"/><F82/><REACH who="2" ten="293,94,297,296" step="2"/><W11/><G126/><T131/><D7/><U113/><E113/><V78/><F78/><W16/><G17/><T105/><D80/><U40/><E72/><V134/><F134/><W99/><G99/><T74/><D76/><U83/><E40/><V47/><F47/><W117/><G117/><T42/><D26/><U116/><E116/><V108/><F108/><W3/><G3/><T12/><D27/><U35/><E30/><V86/><F86/><W91/><G91/><T69/><D1/><U112/><E112/><V125/><F125/><W132/><G132/><T18/><D105/><U102/><E52/><V97/><F97/><W89/><G89/><T118/><D85/><U92/><E94/><V43/><F43/><W54/><G53/><T10/><D42/><RYUUKYOKU ba="3,2" sc="293,-30,94,10,297,10,296,10" hai1="34,35,62,65,68,81,83,84,88,92,93,96,102" hai2="14,19,20,49,50,51,55,63,77,79,95,98,101" hai3="8,9,11,15,16,23,45,46,54,58" /><INIT seed="6,4,2,5,2,50" ten="263,104,307,306" oya="2" hai0="74,110,13,122,121,1,71,105,39,44,106,46,120" hai1="98,20,112,51,64,92,21,88,28,10,79,75,101" hai2="63,59,53,86,128,78,38,124,116,85,18,37,115" hai3="60,14,125,55,3,108,16,23,111,123,91,95,70"/><V32/><F116/><W103/><G123/><T72/><D110/><U4/><E112/><V22/><F32/><W45/><G3/><T5/><D13/><U117/><E117/><V80/><F115/><W118/><G103/><T2/><D5/><U25/><E75/><N who="0" m="28713" /><D44/><U43/><E79/><V83/><F128/><W99/><G118/><T65/><D65/><U132/><E132/><V96/><F96/><W48/><REACH who="3" step="1"/><G125/><REACH who="3" ten="263,104,307,296" step="2"/><T29/><D1/><U87/><E64/><AGARI ba="4,3" hai="14,16,23,45,48,55,60,64,70,91,95,99,108,111" machi="64" ten="40,8000,1" yaku="1,1,2,1,52,1,54,1,53,0" doraHai="50" doraHaiUra="114" who="3" fromWho="1" sc="263,0,104,-92,307,0,296,122" /><INIT seed="7,0,0,3,4,9" ten="263,12,307,418" oya="3" hai0="59,58,100,32,133,87,104,119,79,78,109,41,68" hai1="124,50,2,61,60,111,125,130,113,53,18,135,52" hai2="69,97,75,82,66,105,118,47,116,94,102,81,98" hai3="62,67,34,70,33,36,28,85,128,39,86,121,19"/><W106/><G121/><T14/><D32/><U84/><E2/><V114/><F66/><W80/><G106/><T43/><D119/><U46/><E18/><V0/><F69/><W76/><G128/><T90/><D68/><U120/><E84/><V112/><F0/><W40/><G28/><T21/><D109/><U71/><E120/><V129/><F47/><W99/><G99/><T83/><D133/><U64/><E111/><V131/><F75/><W92/><G19/><T44/><D100/><U55/><E113/><N who="2" m="43627" /><F97/><W57/><G70/><T89/><D104/><U38/><E130/><N who="2" m="49675" /><F94/><W5/><G5/><T1/><D1/><U23/><E23/><V115/><N who="2" m="43635" /><V107/><DORA hai="26" /><F107/><W65/><G65/><T93/><D41/><N who="1" m="22839" /><E135/><V54/><F54/><N who="1" m="21097" /><E125/><V42/><F42/><W108/><G108/><T101/><D101/><U77/><E77/><V24/><F24/><W110/><G40/><T20/><D78/><U51/><E124/><V6/><F6/><W25/><G39/><T12/><D79/><U122/><E122/><V22/><F22/><N who="0" m="8810" /><D44/><U16/><E16/><V63/><F63/><W45/><G45/><T91/><D43/><U3/><E3/><V15/><F15/><N who="0" m="5674" /><D90/><U27/><E27/><V74/><F74/><W13/><G76/><T10/><D10/><U132/><E132/><V96/><F96/><AGARI ba="0,0" hai="58,59,83,87,89,91,93,96" m="5674,8810" machi="96" ten="30,7700,0" yaku="8,1,52,3" doraHai="9,26" who="0" fromWho="2" sc="263,77,12,0,307,-77,418,0" owari="340,14.0,12,-49.0,230,-17.0,418,52.0" /></mjloggm>