<mjloggm ver="2.3"><GO type="169" lobby="0"/><UN n0="%E3%80%90%E6%B8%9A%E6%A5%93%E3%80%91" n1="%33%33%62%6C%61%63%6B" n2="%E3%83%9B%E3%83%A2%E5%85%AC" n3="%E5%B0%B1%E6%B4%BB%E7%94%9F%40%E5%B7%9D%E6%9D%91%E8%BB%8D%E5%9B%A3" dan="17,16,16,16" rate="2163.54,2122.78,2144.32,2090.04" sx="F,M,F,M"/><TAIKYOKU oya="0"/><INIT seed="0,0,0,4,5,127" ten="250,250,250,250" oya="0" hai0="120,62,77,22,60,27,54,76,63,104,17,80,28" hai1="29,2,79,48,107,67,11,20,30,71,14,36,18" hai2="41,5,25,99,50,108,116,87,101,47,52,69,4" hai3="124,109,0,44,9,66,3,1,111,122,90,119,7"/><T93/><D104/><U106/><E36/><V42/><F108/><N who="3" m="41547" /><G119/><T114/><D120/><U73/><E71/><V134/><F134/><W123/><G66/><T13/><D114/><U53/><E67/><V61/><F116/><W46/><G124/><T49/><D93/><U15/><E2/><N who="3" m="1130" /><G90/><T105/><D105/><U74/><E106/><V82/><F25/><W8/><G46/><T110/><D80/><U72/><E107/><V92/><F69/><W126/><G44/><T98/><D98/><U89/><E89/><V23/><F23/><W125/><G125/><T100/><D100/><U113/><E79/><N who="2" m="46559" /><F61/><W118/><G126/><T65/><D65/><U78/><E78/><V132/><F132/><W35/><G118/><T102/><D102/><U10/><E113/><V133/><F133/><W135/><G135/><T86/><D86/><U40/><E40/><AGARI ba="0,0" hai="4,5,40,41,42,47,50,52,92,99,101" m="46559" machi="40" ten="30,2000,0" yaku="8,1,54,1" doraHai="127" who="2" fromWho="1" sc="250,0,250,-20,250,20,250,0" /><INIT seed="1,0,0,1,2,66" ten="250,230,270,250" oya="1" hai0="74,18,118,99,109,7,1,6,34,129,2,3,36" hai1="100,54,77,91,124,27,47,19,132,108,135,127,72" hai2="126,51,52,41,83,59,21,95,125,16,15,79,122" hai3="57,39,90,119,14,106,120,113,131,69,134,67,31"/><U43/><E100/><V55/><F122/><W17/><G106/><T40/><D99/><U94/><E108/><V104/><F104/><W101/><G120/><T76/><D76/><U68/><E54/><N who="2" m="32223" /><F95/><W23/><G101/><T49/><D49/><U84/><E68/><V20/><F41/><W123/><G123/><T24/><D74/><U37/><E72/><V92/><F21/><W110/><G110/><T11/><D40/><U63/><E77/><V116/><F116/><W13/><G39/><T0/><D36/><U60/><E60/><V88/><F83/><W111/><G111/><T46/><D46/><U107/><E63/><V26/><F26/><W61/><G31/><N who="0" m="19815" /><D129/><U73/><E73/><V114/><F79/><W82/><G134/><N who="1" m="51242" /><E107/><V115/><F126/><N who="1" m="48169" /><E27/><V87/><F125/><W133/><G133/><T71/><D71/><U44/><E44/><V81/><F81/><W93/><G113/><AGARI ba="0,0" hai="15,16,20,52,55,87,88,92,113,114,115" m="32223" machi="113" ten="30,8000,1" yaku="25,1,11,1,54,3" doraHai="66" who="2" fromWho="3" sc="250,0,230,0,270,80,250,-80" /><INIT seed="2,0,0,4,4,44" ten="250,230,350,170" oya="2" hai0="78,98,38,12,74,133,101,22,94,67,59,5,125" hai1="62,27,75,28,33,113,8,122,39,58,126,66,97" hai2="109,117,93,54,91,4,31,111,50,81,132,11,57" hai3="82,20,35,70,36,102,6,112,121,17,55,68,3"/><V130/><F117/><W83/><G121/><T108/><D38/><U106/><E113/><V116/><F116/><W46/><G35/><T37/><D37/><U32/><E75/><V29/><F132/><W72/><G112/><T77/><D108/><N who="2" m="41546" /><F81/><W95/><G6/><T104/><D125/><U14/><E126/><V34/><F34/><W24/><G3/><T115/><D74/><U0/><E122/><V103/><F103/><W85/><G72/><T96/><D133/><U25/><E0/><N who="2" m="391" /><F130/><W18/><G18/><T84/><D5/><U124/><E124/><V100/><F100/><W61/><G61/><N who="0" m="38335" /><D101/><U80/><E80/><V69/><F69/><W41/><G83/><T48/><D104/><U76/><E106/><V119/><F119/><W120/><G120/><T65/><D115/><U99/><E32/><V127/><F127/><W9/><G9/><T92/><D92/><U26/><E8/><V51/><F50/><W114/><G114/><T105/><D48/><U1/><E39/><V87/><AGARI ba="0,0" hai="29,31,51,54,57,87,91,93" m="391,41546" machi="87" ten="30,6000,0" yaku="14,1,10,1,52,1" doraHai="44" who="2" fromWho="2" sc="250,-20,230,-20,350,60,170,-20" /><INIT seed="2,1,0,0,3,134" ten="230,210,410,150" oya="2" hai0="13,7,87,67,70,4,122,118,107,53,106,98,43" hai1="12,93,89,45,16,29,28,125,66,48,31,58,95" hai2="119,127,82,110,84,44,6,57,39,116,99,68,97" hai3="5,63,101,120,26,115,52,128,69,11,55,83,79"/><V123/><F68/><W25/><G120/><T33/><D33/><U108/><E108/><V72/><F72/><W60/><G128/><T113/><D113/><U20/><E125/><V18/><F127/><W42/><G42/><T131/><D43/><U129/><E129/><V124/><F124/><W75/><G115/><T35/><D35/><U86/><E95/><V32/><F32/><W94/><G101/><T105/><D53/><N who="1" m="32039" /><E45/><V3/><F123/><W71/><G94/><T78/><D118/><U133/><E133/><V73/><F110/><W121/><G121/><T50/><D105/><U19/><E19/><V130/><F57/><W135/><G135/><T81/><D106/><U14/><E66/><V132/><F132/><W80/><G75/><T102/><D67/><U59/><E59/><V9/><F73/><W96/><G11/><T100/><D70/><U1/><E1/><V90/><F18/><W10/><G10/><T24/><D107/><U38/><E38/><V76/><F130/><W56/><G56/><T117/><D117/><U22/><E12/><V112/><F112/><W77/><REACH who="3" step="1"/><G96/><REACH who="3" ten="230,210,410,140" step="2"/><T114/><D98/><U126/><E126/><V92/><F99/><W30/><G30/><T64/><D114/><U17/><E29/><V104/><F104/><W46/><G46/><T47/><D47/><U36/><E36/><V8/><F8/><W65/><G65/><T0/><D64/><U51/><E51/><V61/><F61/><W85/><G85/><T103/><D122/><U54/><E54/><V34/><F119/><W40/><G40/><T49/><D131/><RYUUKYOKU ba="1,1" sc="230,-15,210,15,410,-15,140,15" hai1="14,16,17,20,22,28,31,86,89,93" hai3="5,25,26,52,55,60,63,69,71,77,79,80,83" /><INIT seed="3,2,1,2,2,131" ten="215,225,395,155" oya="3" hai0="135,10,41,110,78,104,4,125,46,123,95,118,122" hai1="31,43,108,44,113,134,47,63,51,94,58,83,115" hai2="109,126,88,24,52,60,76,67,105,35,87,3,16" hai3="101,57,40,111,54,84,74,42,37,64,75,127,99"/><W90/><G127/><T80/><D104/><U129/><E31/><V38/><F3/><W2/><G2/><T61/><D118/><U6/><E6/><V86/><F38/><W128/><G64/><T133/><D95/><U100/><E83/><N who="2" m="47463" /><F35/><W15/><G128/><T9/><D61/><U93/><E129/><V98/><F105/><W82/><G111/><T96/><D96/><U33/><E33/><V32/><F32/><W11/><G74/><T39/><D110/><U66/><E108/><V79/><F109/><W103/><G75/><N who="0" m="43103" /><D10/><U81/><E81/><N who="2" m="49263" /><F126/><W5/><G37/><T91/><D91/><U28/><E100/><N who="3" m="38474" /><G99/><T73/><D73/><U27/><E113/><V85/><F98/><W132/><G132/><N who="0" m="50763" /><D125/><U106/><E134/><V49/><F85/><W0/><G0/><AGARI ba="2,1" hai="0,4,9,39,41,46,122,123" m="50763,43103" machi="0" ten="30,12000,2" yaku="25,1,20,1,23,1,52,3" doraHai="131" who="0" fromWho="3" sc="215,136,225,0,395,0,155,-126" /><INIT seed="4,0,0,2,3,88" ten="351,225,395,29" oya="0" hai0="64,39,65,52,82,1,57,132,30,92,53,107,124" hai1="35,42,68,123,131,125,70,130,38,89,60,67,110" hai2="86,59,26,41,18,104,43,128,6,121,102,127,22" hai3="51,108,91,99,100,32,118,4,40,84,36,103,134"/><T114/><D107/><U69/><E110/><V111/><F121/><W19/><G118/><T96/><D1/><U27/><E123/><V66/><F111/><W71/><G71/><T119/><D39/><U45/><E125/><V85/><F128/><N who="1" m="49193" /><E89/><V117/><F127/><W25/><G36/><T2/><D2/><U33/><E33/><V80/><F6/><W44/><G108/><T126/><D114/><U20/><E35/><V62/><F117/><W15/><G134/><T50/><D132/><U28/><AGARI ba="0,0" hai="20,27,28,38,42,45,60,67,68,69,70" m="49193" machi="28" ten="30,1100,0" yaku="19,1" doraHai="88" who="1" fromWho="1" sc="351,-5,225,11,395,-3,29,-3" /><INIT seed="5,0,0,5,2,114" ten="346,236,392,26" oya="1" hai0="115,76,14,104,130,28,63,43,39,134,22,135,72" hai1="82,19,75,86,100,58,84,110,49,81,34,8,129" hai2="42,70,73,12,53,26,123,3,37,38,7,89,32" hai3="116,55,6,52,71,30,36,106,56,33,85,90,62"/><U1/><E34/><V61/><F73/><W25/><G106/><T91/><D104/><U9/><E129/><V5/><F3/><W23/><G36/><T35/><D115/><U83/><E75/><V66/><F123/><W87/><G71/><T99/><D130/><U57/><E110/><V44/><F89/><W102/><G102/><T74/><D35/><U11/><E1/><V69/><F69/><W64/><G33/><T127/><D127/><U24/><E100/><V0/><F0/><W16/><G30/><T20/><D63/><U68/><E68/><V21/><F38/><W101/><G101/><T65/><D65/><U47/><E24/><V79/><F79/><W18/><G18/><T17/><D76/><U119/><E119/><V88/><F88/><W111/><G111/><T78/><D78/><U50/><E19/><V95/><F95/><W108/><G108/><T97/><D43/><U126/><E126/><V46/><F32/><W128/><G128/><T60/><D39/><U13/><E13/><V98/><F98/><N who="0" m="37386" /><D60/><U59/><REACH who="1" step="1"/><E50/><REACH who="1" ten="346,226,392,26" step="2"/><N who="2" m="28887" /><F12/><W107/><G107/><T125/><D125/><U109/><E109/><V122/><F122/><W40/><G116/><T92/><D72/><U133/><E133/><V77/><F7/><W94/><G6/><T29/><D74/><U2/><E2/><V31/><F5/><W93/><G40/><AGARI ba="0,1" hai="8,9,11,40,47,49,57,58,59,81,82,83,84,86" machi="40" ten="50,12000,1" yaku="1,1,29,2,8,1,53,0" doraHai="114" doraHaiUra="96" who="1" fromWho="3" sc="346,0,226,130,392,0,26,-120" owari="346,-5.0,356,16.0,392,48.0,-94,-59.0" /></mjloggm>