<mjloggm ver="2.3"><GO type="169" lobby="0"/><UN n0="%E6%9D%89%E6%B5%A6%E7%B6%BE%E4%B9%83%76" n1="%6D%69%6E%32%30%30%32" n2="%E3%83%88%E3%83%88%E3%83%AA%E5%85%88%E7%94%9F%31%39%E6%AD%B3" n3="%7A%6B%75%72%74" dan="17,16,18,18" rate="2170.92,2110.86,2200.00,2235.73" sx="M,F,F,M"/><TAIKYOKU oya="0"/><INIT seed="0,0,0,4,2,28" ten="250,250,250,250" oya="0" hai0="88,14,133,58,36,115,27,60,118,70,23,11,103" hai1="119,38,55,54,71,21,69,102,128,43,85,101,24" hai2="13,110,96,76,47,18,80,105,113,41,67,68,106" hai3="120,15,46,8,108,135,86,87,20,132,19,99,6"/><T63/><D118/><U12/><E119/><V93/><F106/><W112/><G112/><T114/><D36/><U52/><E128/><V95/><F110/><W124/><G108/><T7/><D103/><U77/><E12/><V123/><F123/><W16/><G120/><T26/><D133/><N who="3" m="51273" /><G124/><T129/><D129/><U65/><E43/><V34/><F113/><W79/><G99/><T107/><D107/><U5/><E5/><V82/><F34/><W48/><G79/><T91/><D27/><U104/><E38/><V92/><F105/><W0/><G19/><T4/><D4/><U29/><E104/><V117/><F117/><W35/><G35/><T66/><D114/><U98/><E98/><V2/><F2/><W64/><G64/><T121/><D115/><U74/><E74/><V17/><F96/><W125/><G125/><T9/><D121/><U50/><E50/><V134/><F134/><W42/><AGARI ba="0,0" hai="0,6,8,15,16,20,42,46,48,86,87" m="51273" machi="42" ten="30,2000,0" yaku="20,1,54,1" doraHai="28" who="3" fromWho="3" sc="250,-10,250,-5,250,-5,250,20" /><INIT seed="1,0,0,5,2,16" ten="240,245,245,270" oya="1" hai0="50,65,127,105,45,89,60,22,4,39,37,98,20" hai1="61,115,99,62,19,6,87,111,95,114,14,126,119" hai2="100,133,121,55,28,116,96,118,88,135,85,49,38" hai3="134,68,29,104,117,63,54,47,1,11,21,124,66"/><U71/><E119/><V12/><F38/><W78/><G117/><T10/><D127/><U48/><E126/><V7/><F121/><W86/><G104/><T77/><D77/><U0/><E48/><V46/><F28/><W128/><G124/><T26/><D26/><U103/><E87/><V9/><F118/><W112/><G112/><T17/><D17/><U74/><E74/><V131/><F131/><W113/><G113/><T43/><D39/><U23/><E111/><V79/><F79/><W25/><G128/><T81/><D37/><U41/><E41/><V53/><F53/><W123/><G123/><T132/><D132/><U24/><E0/><V93/><REACH who="2" step="1"/><F116/><REACH who="2" ten="240,245,235,270" step="2"/><W15/><G134/><T44/><D43/><U92/><E115/><V13/><F13/><W80/><G54/><T35/><D65/><U52/><E114/><V30/><F30/><W94/><G1/><T83/><D35/><U69/><E52/><V75/><F75/><W84/><G47/><T107/><D45/><U5/><E71/><V34/><F34/><W58/><G68/><T73/><D44/><U101/><E69/><V125/><F125/><W90/><G15/><T76/><D73/><U31/><E6/><V33/><F33/><W91/><G78/><T110/><D76/><U2/><E2/><V70/><F70/><W3/><G3/><T106/><D4/><U32/><E5/><V56/><F56/><W97/><G11/><T64/><D10/><N who="1" m="6615" /><E32/><V18/><F18/><W130/><G130/><T42/><D42/><U67/><E67/><V51/><F51/><W109/><G109/><RYUUKYOKU ba="0,1" sc="240,-30,245,10,235,10,270,10" hai1="23,24,31,61,62,92,95,99,101,103" hai2="7,9,12,46,49,55,85,88,93,96,100,133,135" hai3="21,25,29,58,63,66,80,84,86,90,91,94,97" /><INIT seed="1,1,1,0,3,10" ten="210,255,245,280" oya="1" hai0="34,31,112,82,49,109,7,4,96,91,22,131,38" hai1="25,11,39,24,134,130,125,48,116,23,20,83,2" hai2="9,67,62,17,12,133,72,73,44,29,97,37,115" hai3="99,68,101,58,54,59,5,120,14,122,86,135,118"/><U61/><E39/><V56/><F133/><W69/><G135/><T129/><D112/><U113/><E113/><V74/><F115/><W16/><G118/><T108/><D38/><U76/><E116/><V105/><F29/><W106/><G5/><N who="0" m="2123" /><D49/><U88/><E134/><V51/><F37/><W81/><G68/><T1/><D1/><U85/><E130/><N who="0" m="49673" /><D96/><U65/><E125/><V79/><F97/><W32/><G69/><T78/><D91/><U92/><E48/><V47/><F105/><W87/><G32/><T128/><N who="0" m="49681" /><T52/><DORA hai="3" /><D52/><U13/><E2/><V100/><F100/><W28/><G54/><T18/><D31/><U75/><E24/><V90/><F90/><W36/><G28/><T35/><D82/><U77/><E77/><V8/><F79/><W132/><G36/><T127/><D78/><U6/><REACH who="1" step="1"/><E25/><REACH who="1" ten="210,245,245,280" step="2"/><V94/><F51/><W53/><G132/><T70/><D127/><U84/><E84/><V21/><F74/><W117/><G117/><T124/><D124/><U45/><E45/><V42/><F72/><W63/><G87/><T80/><D80/><U55/><E55/><V71/><F73/><W64/><G86/><T41/><D41/><U123/><E123/><V57/><F42/><W126/><G81/><T15/><D70/><AGARI ba="1,2" hai="6,11,13,20,23,61,65,70,75,76,83,85,88,92" machi="70" ten="30,18000,2" yaku="1,1,7,1,52,2,54,1,53,1" doraHai="10,3" doraHaiUra="114,89" who="1" fromWho="0" sc="210,-183,245,203,245,0,280,0" /><INIT seed="1,2,0,0,5,125" ten="27,448,245,280" oya="1" hai0="44,110,78,81,126,9,19,86,109,21,32,58,123" hai1="5,63,15,65,92,2,87,12,26,83,80,4,3" hai2="132,10,28,79,56,53,13,117,95,82,135,97,34" hai3="37,128,96,67,120,70,57,16,43,24,29,71,35"/><U48/><E26/><N who="2" m="18711" /><F117/><W25/><G120/><T55/><D123/><U90/><E48/><V99/><F95/><W101/><G43/><T121/><D121/><U33/><E33/><V76/><F56/><W46/><G46/><T75/><D126/><U59/><E3/><V102/><F53/><W131/><G37/><T50/><D32/><U42/><E42/><V51/><F51/><W115/><G115/><T31/><D31/><U49/><E49/><V0/><F0/><W98/><G57/><T94/><D9/><N who="1" m="4143" /><E2/><V72/><F76/><W62/><G71/><T73/><D44/><U130/><E130/><N who="3" m="49706" /><G101/><T108/><REACH who="0" step="1"/><D94/><REACH who="0" ten="17,448,245,280" step="2"/><U93/><E93/><V107/><F10/><AGARI ba="2,1" hai="4,10,15,59,63,65,80,83,87,90,92" m="4143" machi="10" ten="30,1500,0" yaku="8,1" doraHai="125" who="1" fromWho="2" sc="17,0,448,31,245,-21,280,0" /><INIT seed="1,3,0,1,3,39" ten="17,479,224,280" oya="1" hai0="34,89,17,128,41,72,125,55,93,27,8,61,131" hai1="95,106,80,14,94,97,120,40,134,30,6,98,4" hai2="47,67,24,126,32,57,48,15,29,92,109,1,65" hai3="77,20,60,44,114,79,116,35,66,133,13,110,99"/><U71/><E120/><V53/><F1/><W103/><G35/><T33/><D72/><U83/><E71/><V96/><F109/><W42/><G114/><T50/><D125/><U127/><E127/><V69/><F126/><W129/><G110/><T115/><D115/><U23/><E106/><V68/><F15/><W37/><G129/><N who="0" m="49739" /><D61/><U113/><E113/><V64/><REACH who="2" step="1"/><F57/><REACH who="2" ten="17,479,214,280" step="2"/><W85/><G116/><T82/><D82/><U38/><E83/><V12/><F12/><W87/><G133/><T22/><D8/><U59/><E80/><V58/><F58/><W19/><G79/><T9/><D9/><U11/><E59/><V73/><F73/><W130/><G77/><T111/><D111/><U117/><E117/><V31/><F31/><W36/><G130/><T28/><D28/><U46/><E6/><V135/><F135/><W78/><G78/><T124/><D124/><U18/><E134/><V26/><F26/><W76/><G76/><T25/><D27/><U45/><E30/><V86/><F86/><W88/><G85/><N who="0" m="52399" /><D33/><U16/><E4/><V49/><F49/><W54/><G37/><T101/><D34/><U81/><E81/><V52/><F52/><W119/><G54/><T91/><D55/><U90/><E38/><V100/><AGARI ba="3,1" hai="24,29,32,47,48,53,64,65,67,68,69,92,96,100" machi="100" ten="30,2000,0" yaku="1,1,0,1,53,0" doraHai="39" doraHaiUra="107" who="2" fromWho="2" sc="17,-8,479,-13,214,39,280,-8" /><INIT seed="2,0,0,2,5,107" ten="9,466,253,272" oya="2" hai0="97,81,96,50,41,7,109,132,116,42,38,99,94" hai1="78,17,114,22,103,33,80,35,90,21,106,57,12" hai2="124,115,40,77,2,93,14,66,18,129,31,62,112" hai3="133,34,89,135,60,3,58,68,125,52,56,4,72"/><V67/><F2/><W86/><G125/><T88/><D38/><U130/><E114/><V6/><F6/><W134/><G34/><T73/><D109/><U79/><E130/><V19/><F124/><W23/><G72/><T1/><D1/><U45/><E45/><V27/><F129/><W117/><G117/><T28/><D116/><U126/><E126/><V101/><F40/><N who="0" m="15466" /><D73/><U104/><E90/><V63/><F77/><W108/><G108/><T127/><D127/><U121/><E121/><V11/><F19/><W76/><G76/><T119/><D119/><U82/><E57/><V110/><F110/><W59/><G68/><T69/><D69/><U54/><E54/><V13/><F13/><W25/><G4/><T91/><D132/><U74/><E22/><V95/><F115/><W53/><G3/><T61/><D7/><U128/><E128/><V51/><F51/><W71/><G71/><T47/><D61/><N who="2" m="23050" /><F112/><W92/><G60/><T100/><D28/><AGARI ba="0,0" hai="23,25,28,52,53,56,58,59,86,89,92,133,134,135" machi="28" ten="50,3200,0" yaku="20,1,54,1" doraHai="107" who="3" fromWho="0" sc="9,-32,466,0,253,0,272,32" owari="-23,-52.0,466,57.0,253,-15.0,304,10.0" /></mjloggm>