<mjloggm ver="2.3"><GO type="41" lobby="0"/><UN n0="%E9%8A%80%E3%81%AE%E3%83%AD%E3%83%90" n1="%E5%B0%B1%E6%B4%BB%E7%94%9F%40%E5%B7%9D%E6%9D%91%E8%BB%8D%E5%9B%A3" n2="%74%65%7A%6B" n3="%E3%81%93%E3%81%AC%E3%81%8B" dan="14,17,13,14" rate="1906.42,2146.23,1852.49,1844.56" sx="M,M,M,M"/><TAIKYOKU oya="0"/><INIT seed="0,0,0,1,0,67" ten="250,250,250,250" oya="0" hai0="115,69,18,12,129,42,16,32,91,73,45,15,63" hai1="13,122,130,110,54,105,52,89,14,71,38,19,74" hai2="132,4,131,22,20,2,128,96,59,98,108,26,48" hai3="118,62,17,114,80,94,117,24,47,97,61,87,10"/><T124/><D73/><U126/><E74/><V50/><F108/><W33/><G114/><T90/><D32/><U51/><E110/><V41/><F132/><W77/><G47/><T36/><D115/><U35/><E38/><V57/><F41/><W21/><G33/><T134/><D134/><U68/><E105/><V123/><F2/><W40/><G40/><T76/><D76/><U23/><E122/><V112/><F112/><W49/><G49/><T30/><D30/><U103/><E35/><V37/><F4/><W3/><G3/><T70/><D129/><U31/><E130/><V75/><F75/><W1/><G1/><T39/><D124/><U120/><E120/><V29/><F37/><W8/><G118/><T116/><D63/><N who="3" m="24073" /><G117/><T46/><REACH who="0" step="1"/><D42/><REACH who="0" ten="240,250,250,250" step="2"/><U101/><E126/><V82/><F29/><W27/><G27/><T119/><AGARI ba="0,1" hai="12,15,16,18,36,39,45,46,69,70,90,91,116,119" machi="119" ten="25,24000,3" yaku="1,1,2,1,0,1,22,2,52,2,54,1,53,0" doraHai="67" doraHaiUra="79" who="0" fromWho="0" sc="240,250,250,-80,250,-80,250,-80" /><INIT seed="0,1,0,1,1,113" ten="490,170,170,170" oya="0" hai0="106,68,85,81,14,71,5,54,6,45,115,78,56" hai1="9,72,134,55,12,59,66,13,135,19,23,64,18" hai2="119,118,65,129,25,120,107,82,50,62,99,40,127" hai3="132,109,34,21,60,43,77,123,44,3,89,91,83"/><T114/><D106/><U49/><REACH who="1" step="1"/><E72/><REACH who="1" ten="490,160,170,170" step="2"/><V29/><F120/><W126/><G123/><T63/><D115/><U75/><E75/><V79/><F129/><W102/><G132/><AGARI ba="1,1" hai="9,12,13,18,19,23,49,55,59,64,66,132,134,135" machi="132" ten="40,5200,0" yaku="21,2,20,1,53,0" doraHai="113" doraHaiUra="67" who="1" fromWho="3" sc="490,0,160,65,170,0,170,-55" /><INIT seed="1,0,0,3,4,36" ten="490,225,170,115" oya="1" hai0="19,71,51,113,81,39,86,110,60,65,99,2,33" hai1="35,12,40,55,54,96,97,93,90,41,43,47,118" hai2="5,83,13,104,3,9,124,69,119,20,64,27,98" hai3="59,50,23,1,6,58,4,92,16,7,123,0,102"/><U89/><E118/><V31/><F119/><W17/><G123/><T120/><D39/><U18/><E35/><V112/><F124/><W108/><G108/><T87/><D120/><U105/><E47/><V121/><F121/><W42/><G102/><T24/><D2/><U79/><E79/><V133/><F133/><W117/><G117/><T49/><D113/><U114/><E114/><V135/><F135/><W30/><G92/><T100/><D110/><U15/><E15/><V37/><F112/><W22/><G58/><T107/><D19/><U77/><E77/><V131/><F131/><W80/><G59/><T95/><D95/><N who="1" m="56431" /><E105/><V122/><F37/><W129/><G80/><T73/><D73/><U26/><E26/><V134/><F134/><W94/><G94/><T109/><D109/><U25/><E25/><V34/><F122/><W14/><G129/><T74/><D74/><U130/><E130/><V38/><F38/><W68/><G68/><T111/><D111/><U78/><E78/><V91/><F69/><W127/><G127/><T132/><D132/><U61/><E61/><V106/><F64/><W46/><REACH who="3" step="1"/><G30/><REACH who="3" ten="490,225,170,105" step="2"/><N who="0" m="19655" /><D86/><U82/><E82/><V10/><F83/><W84/><G84/><T56/><D56/><U32/><E32/><V57/><F57/><W103/><G103/><T72/><D72/><U21/><AGARI ba="0,1" hai="12,18,21,40,41,43,54,55,90,93,97" m="56431" machi="21" ten="30,11700,0" yaku="8,1,52,3" doraHai="36" who="1" fromWho="1" sc="490,-39,225,127,170,-39,105,-39" /><INIT seed="1,1,0,1,2,51" ten="451,352,131,66" oya="1" hai0="64,37,67,84,130,35,97,50,40,117,69,110,82" hai1="4,16,94,42,98,80,31,83,90,26,15,61,106" hai2="102,28,115,49,13,104,3,99,58,126,30,113,55" hai3="123,18,19,131,116,33,41,12,29,0,112,124,25"/><U96/><E4/><V71/><F3/><W79/><G0/><T127/><D117/><U6/><E6/><V100/><F71/><W60/><G116/><T56/><D35/><U122/><E122/><V128/><F128/><W101/><G131/><T93/><D130/><U134/><E134/><V132/><F132/><W38/><G123/><T32/><D32/><U1/><E1/><V7/><F126/><W39/><G124/><T24/><D127/><U118/><E118/><V48/><F102/><W105/><G112/><N who="2" m="43081" /><F7/><W17/><G79/><T20/><D37/><U85/><E42/><V103/><F103/><W66/><G101/><N who="0" m="60591" /><D69/><U88/><E61/><V34/><F13/><W87/><G105/><T54/><D40/><U114/><E114/><V14/><F14/><W11/><G41/><T92/><D92/><U70/><E70/><V91/><F34/><W36/><REACH who="3" step="1"/><G87/><REACH who="3" ten="451,352,131,56" step="2"/><T107/><D107/><U62/><E106/><V133/><F133/><W65/><G65/><T119/><D119/><U44/><E98/><V95/><F104/><W45/><G45/><T125/><D125/><U120/><E44/><V74/><F74/><W53/><G53/><T5/><D5/><U46/><E120/><V72/><F72/><W43/><G43/><T57/><D57/><AGARI ba="1,1" hai="11,12,17,18,19,25,29,33,36,38,39,57,60,66" machi="57" ten="40,1300,0" yaku="1,1,53,0" doraHai="51" doraHaiUra="129" who="3" fromWho="0" sc="451,-16,352,0,131,0,56,26" /><INIT seed="2,0,0,1,2,50" ten="435,352,131,82" oya="2" hai0="31,101,27,99,53,35,70,114,19,125,92,29,104" hai1="22,87,73,28,79,36,54,93,76,58,90,74,15" hai2="26,44,7,122,128,69,83,40,112,17,84,61,13" hai3="49,127,81,37,10,120,60,62,33,30,6,21,116"/><V110/><F112/><W119/><G37/><T52/><D114/><U68/><E36/><V63/><F122/><W38/><G120/><T132/><D31/><U25/><E68/><V71/><F128/><W4/><G38/><T8/><D125/><U115/><E115/><V57/><F7/><W86/><G127/><T107/><D132/><U66/><E66/><V41/><F26/><W16/><G33/><T20/><D8/><U97/><E15/><V126/><F126/><W55/><G30/><T124/><D124/><U47/><E47/><V24/><F24/><W111/><G111/><T109/><D109/><U117/><E117/><V42/><F44/><W56/><G4/><T108/><D108/><U65/><E65/><V43/><N who="2" m="10752" /><DORA hai="1" /><V91/><F110/><W34/><G34/><T14/><REACH who="0" step="1"/><D70/><REACH who="0" ten="425,352,131,82" step="2"/><U77/><REACH who="1" step="1"/><E97/><REACH who="1" ten="425,342,131,82" step="2"/><V135/><F71/><W46/><G116/><T5/><D5/><U121/><E121/><V85/><F69/><W32/><G119/><T88/><D88/><U12/><E12/><V134/><F13/><W131/><G6/><T130/><D130/><U51/><AGARI ba="0,2" hai="22,25,28,51,54,58,73,74,76,77,79,87,90,93" machi="51" ten="30,12000,2" yaku="1,1,0,1,52,1,53,3" doraHai="50,1" doraHaiUra="89,105" who="1" fromWho="1" sc="425,-30,342,140,131,-60,82,-30" /><INIT seed="3,0,0,1,5,21" ten="395,482,71,52" oya="3" hai0="126,107,24,59,131,73,58,26,10,91,23,82,123" hai1="132,103,9,134,11,118,84,120,92,74,48,86,117" hai2="112,88,80,43,38,28,53,75,130,109,78,37,63" hai3="110,94,25,51,93,40,113,31,70,116,3,45,129"/><W104/><G116/><N who="1" m="44650" /><E74/><V8/><F109/><W4/><G110/><T14/><D107/><U69/><E69/><V98/><F130/><W19/><G129/><T47/><D131/><U22/><E120/><V56/><F112/><W76/><G113/><T17/><D123/><U119/><E119/><V135/><F135/><N who="1" m="51753" /><E48/><V97/><F8/><N who="1" m="3145" /><E22/><V0/><F0/><W68/><G76/><T95/><D126/><U44/><E44/><V61/><F61/><W90/><G104/><T57/><D47/><U122/><E122/><V35/><F28/><W30/><G4/><T62/><D73/><U65/><E65/><V105/><F105/><W89/><G3/><T67/><D82/><U133/><E133/><V128/><F128/><W125/><G125/><T46/><D46/><U124/><E124/><V32/><F43/><W99/><G68/><T55/><D67/><U54/><E54/><V6/><F6/><W1/><G70/><T7/><REACH who="0" step="1"/><D24/><REACH who="0" ten="385,482,71,52" step="2"/><U115/><E115/><V64/><F64/><W15/><G1/><T106/><D106/><U127/><E127/><V5/><F38/><W114/><G114/><T83/><D83/><U41/><E41/><V20/><F37/><W52/><G40/><T108/><D108/><U18/><E18/><V102/><F75/><W79/><G25/><T42/><D42/><U49/><E49/><V16/><F16/><W72/><G72/><T39/><D39/><U66/><E66/><V60/><F80/><W87/><G45/><T29/><D29/><U85/><E92/><V2/><F2/><W111/><G93/><T36/><D36/><RYUUKYOKU ba="0,1" sc="385,15,482,15,71,-15,52,-15" hai0="7,10,14,17,23,26,55,57,58,59,62,91,95" hai1="84,85,86,103" /><INIT seed="4,1,1,3,2,129" ten="400,497,56,37" oya="0" hai0="91,90,131,67,52,85,104,36,94,88,92,135,134" hai1="1,111,82,80,98,21,0,75,30,37,84,77,31" hai2="127,60,8,12,110,44,58,27,74,79,2,19,22" hai3="20,50,39,57,93,113,115,3,71,123,119,48,107"/><T65/><D36/><U76/><E37/><V72/><F110/><W6/><G39/><T4/><D104/><U24/><E111/><V114/><F114/><W34/><G34/><T122/><D4/><U53/><E31/><V95/><F127/><W130/><G130/><T133/><D122/><U109/><E109/><V103/><F2/><W7/><G119/><T86/><D131/><U61/><E98/><V54/><F79/><W116/><G71/><T25/><D25/><U81/><E81/><V102/><F44/><W42/><G107/><T121/><D121/><U10/><E10/><V43/><F43/><W69/><G69/><T51/><REACH who="0" step="1"/><D90/><REACH who="0" ten="390,497,56,37" step="2"/><U26/><E24/><V41/><F27/><W9/><G123/><T5/><D5/><U46/><E1/><V35/><F35/><W89/><G3/><T55/><D55/><U118/><E0/><V125/><F54/><W63/><G115/><T120/><D120/><U45/><E118/><V70/><F103/><W73/><G113/><T99/><D99/><U32/><E32/><V40/><F102/><W49/><G116/><T124/><D124/><U59/><AGARI ba="1,2" hai="21,26,30,45,46,53,59,61,75,76,77,80,82,84" machi="59" ten="30,1100,0" yaku="0,1" doraHai="129" who="1" fromWho="1" sc="390,-6,497,34,56,-4,37,-4" /><INIT seed="5,0,0,1,3,117" ten="384,531,52,33" oya="1" hai0="35,126,57,69,33,96,98,28,5,14,46,77,52" hai1="8,73,11,50,72,19,110,64,112,89,84,92,76" hai2="47,58,118,103,67,17,88,31,22,71,40,94,63" hai3="36,81,2,4,102,44,38,85,116,127,3,13,113"/><U9/><E112/><V25/><F118/><W100/><G113/><T134/><D69/><U114/><E114/><V104/><F71/><W53/><G116/><T15/><D77/><U99/><E110/><V107/><F17/><W39/><G127/><T121/><D126/><U68/><E68/><V133/><F133/><W119/><G119/><T12/><D46/><U125/><E125/><V93/><F93/><W78/><G13/><T55/><D134/><U65/><E19/><V49/><REACH who="2" step="1"/><F103/><REACH who="2" ten="384,531,42,33" step="2"/><W20/><G100/><T79/><D79/><U86/><E92/><V129/><F129/><W75/><G102/><T56/><D5/><U82/><E9/><V62/><F62/><W23/><G4/><T60/><D28/><U37/><E11/><V97/><AGARI ba="0,1" hai="22,25,31,40,47,49,58,63,67,88,94,97,104,107" machi="97" ten="20,5200,0" yaku="1,1,0,1,7,1,54,1,53,0" doraHai="117" doraHaiUra="51" who="2" fromWho="2" sc="384,-13,531,-26,42,62,33,-13" /><INIT seed="6,0,0,3,2,94" ten="371,505,104,20" oya="2" hai0="53,120,28,34,126,2,91,65,118,41,44,10,100" hai1="75,101,60,119,21,76,95,6,116,96,93,25,117" hai2="73,14,107,113,37,17,130,88,85,46,1,40,108" hai3="50,33,5,135,74,22,134,38,133,7,3,62,4"/><V129/><F113/><W102/><G74/><T132/><D120/><U35/><E35/><V66/><F73/><W15/><G38/><T103/><D118/><U77/><E75/><V45/><F1/><W43/><G62/><T131/><D65/><U29/><E6/><V127/><F107/><W80/><G80/><T69/><D69/><U12/><E12/><V89/><F127/><W125/><G125/><T114/><D126/><U87/><E87/><V109/><F66/><W111/><G111/><N who="2" m="42569" /><F45/><N who="3" m="25919" /><G102/><T86/><D53/><U106/><E106/><V84/><F84/><W81/><G81/><T36/><D28/><U13/><E13/><V67/><F67/><W0/><G33/><T110/><D110/><U83/><E83/><N who="2" m="49215" /><F89/><W124/><G124/><T61/><D34/><U99/><REACH who="1" step="1"/><E60/><REACH who="1" ten="371,495,104,20" step="2"/><V97/><F97/><W42/><G15/><T31/><D61/><U59/><E59/><V122/><F122/><W16/><G3/><T123/><D123/><U72/><E72/><V92/><F92/><W105/><G0/><T57/><D57/><U98/><E98/><V8/><AGARI ba="0,1" hai="8,14,17,37,40,46,129,130" m="49215,42569" machi="8" ten="30,3000,0" yaku="10,1,54,1" doraHai="94" who="2" fromWho="2" sc="371,-10,495,-10,104,40,20,-10" /><INIT seed="6,1,0,4,3,23" ten="361,485,144,10" oya="2" hai0="45,2,125,88,97,72,8,51,119,43,75,123,110" hai1="80,35,92,135,124,89,10,56,73,67,116,79,93" hai2="41,74,95,76,49,121,126,122,37,102,104,101,117" hai3="109,0,9,58,13,71,17,130,132,113,48,3,52"/><V16/><F117/><W1/><G71/><T108/><D119/><U29/><E116/><V133/><F133/><W47/><G132/><T111/><D123/><U25/><E135/><V26/><F126/><W90/><G109/><T99/><D125/><U50/><E124/><V27/><F104/><W66/><G130/><T32/><D32/><U103/><E103/><V63/><F37/><W42/><G113/><T34/><D34/><U44/><E10/><V33/><F63/><W105/><G105/><T40/><D2/><U5/><E5/><V115/><F115/><W39/><G90/><T36/><D8/><U131/><E131/><V85/><F74/><W22/><G66/><T91/><D36/><U128/><E128/><V46/><F33/><W87/><G87/><T20/><D20/><U112/><E112/><V4/><F4/><W70/><G70/><T19/><D19/><U11/><E11/><V84/><F84/><W114/><G114/><T83/><D40/><U86/><E56/><V134/><F134/><W24/><REACH who="3" step="1"/><G0/><REACH who="3" ten="361,485,144,0" step="2"/><T28/><D91/><U12/><E67/><V60/><F85/><W106/><G106/><T78/><D75/><U120/><E120/><V107/><F107/><W62/><G62/><T77/><D72/><U129/><E129/><V38/><F60/><W54/><G54/><T18/><D78/><U81/><E12/><V68/><F76/><W65/><G65/><T82/><D77/><U57/><E86/><V61/><F121/><W69/><G69/><T118/><D118/><U53/><E79/><V14/><F68/><W96/><G96/><RYUUKYOKU ba="1,1" sc="361,-10,485,-10,144,-10,0,30" hai3="1,3,9,13,17,22,24,39,42,47,48,52,58" /><INIT seed="7,2,1,1,2,98" ten="351,475,134,30" oya="3" hai0="22,40,133,45,118,68,29,94,50,20,127,102,55" hai1="132,42,53,89,3,5,60,117,16,59,78,87,84" hai2="67,31,75,37,74,128,13,131,83,58,14,25,112" hai3="135,110,44,56,12,106,28,11,49,77,32,99,6"/><W91/><G135/><T72/><D68/><U104/><E117/><V48/><F37/><W33/><G110/><T17/><D72/><U41/><E104/><V62/><F112/><W65/><G77/><T130/><D130/><N who="2" m="49706" /><F48/><W52/><G28/><T111/><D118/><U124/><E132/><V105/><F105/><W100/><REACH who="3" step="1"/><G91/><REACH who="3" ten="351,475,134,20" step="2"/><T79/><D111/><U116/><E116/><V107/><F107/><W70/><G70/><T23/><D133/><U73/><E124/><V24/><F75/><W119/><G119/><T39/><D127/><U18/><E78/><V113/><F31/><W57/><G57/><T103/><D79/><U92/><E73/><V0/><F74/><W38/><G38/><T71/><D71/><U36/><E36/><V35/><F58/><W120/><G120/><T8/><D29/><U63/><E59/><V85/><F35/><W10/><G10/><T101/><D8/><U1/><E89/><V27/><F113/><W9/><G9/><T97/><REACH who="0" step="1"/><D17/><REACH who="0" ten="341,475,134,20" step="2"/><U115/><E18/><V82/><F0/><W86/><G86/><T125/><D125/><U96/><E87/><V93/><F85/><W54/><G54/><T2/><D2/><U81/><E3/><V26/><F67/><W95/><G95/><T129/><D129/><U51/><E84/><V61/><F93/><W134/><G134/><T30/><D30/><U76/><E1/><V122/><F122/><W15/><G15/><T108/><D108/><U126/><E16/><V43/><F13/><W4/><G4/><T80/><D80/><U34/><E126/><V7/><F83/><RYUUKYOKU ba="2,3" sc="341,15,475,-15,134,-15,20,15" hai0="20,22,23,39,40,45,50,55,94,97,101,102,103" hai3="6,11,12,32,33,44,49,52,56,65,99,100,106" /><INIT seed="7,3,3,0,0,27" ten="356,460,119,35" oya="3" hai0="7,129,74,73,18,72,92,30,65,39,68,111,20" hai1="40,89,58,19,116,10,82,71,23,34,93,2,61" hai2="63,6,46,11,4,123,52,8,33,28,79,60,99" hai3="90,117,87,114,119,54,103,134,115,5,95,55,26"/><W130/><G130/><T44/><D129/><U132/><E71/><V107/><F123/><W124/><G124/><T75/><D111/><U41/><E34/><V32/><F79/><W110/><G110/><T59/><D68/><U35/><E35/><V48/><F107/><W9/><G134/><T31/><D7/><U3/><E132/><V38/><F38/><W29/><G103/><T128/><D128/><U126/><E116/><V53/><F99/><W127/><G127/><T13/><N who="0" m="18944" /><DORA hai="22" /><T109/><D109/><U57/><E126/><V125/><F125/><W98/><G98/><T108/><D108/><U131/><E131/><V16/><F46/><W49/><G117/><T64/><D92/><U37/><E37/><V81/><F81/><W80/><G80/><T102/><D102/><U105/><E105/><V86/><F86/><W51/><G119/><T101/><D101/><U25/><E3/><V83/><F83/><W21/><G54/><T122/><D122/><U24/><E24/><V50/><REACH who="2" step="1"/><F16/><REACH who="2" ten="356,460,109,35" step="2"/><W17/><G17/><T88/><D88/><U121/><E82/><V69/><F69/><W15/><REACH who="3" step="1"/><G51/><REACH who="3" ten="356,460,109,25" step="2"/><T56/><D39/><U62/><E121/><V112/><F112/><W113/><G113/><T12/><D44/><AGARI ba="3,5" hai="5,9,15,21,26,29,44,49,55,87,90,95,114,115" machi="44" ten="40,7700,0" yaku="1,1,52,2,53,0" doraHai="27,22" doraHaiUra="104,94" who="3" fromWho="0" sc="356,-86,460,0,109,0,25,136" /><INIT seed="7,4,0,3,1,61" ten="270,460,109,161" oya="3" hai0="42,62,123,55,77,81,133,108,92,53,63,121,12" hai1="11,72,132,135,36,67,114,44,27,69,47,126,17" hai2="101,134,54,79,100,13,48,4,28,117,127,50,107" hai3="37,23,43,18,109,119,60,66,32,103,129,80,82"/><W8/><G119/><T38/><D12/><N who="1" m="7327" /><E72/><V86/><F107/><W102/><G109/><T83/><D92/><U111/><E111/><V52/><F117/><W130/><G32/><T39/><D108/><U49/><E114/><V9/><F134/><N who="1" m="51241" /><E126/><V24/><F127/><W30/><G30/><T99/><D133/><U88/><E36/><V1/><F1/><W2/><G2/><T16/><D99/><U64/><E69/><V106/><F106/><W5/><G5/><T26/><D26/><U35/><E88/><V0/><F0/><W85/><G8/><T14/><D14/><U3/><E3/><V34/><F79/><W128/><G43/><T59/><D77/><U118/><E118/><V71/><F71/><N who="3" m="42439" /><G37/><T115/><D42/><N who="1" m="24727" /><E47/><V41/><F41/><W7/><G7/><T25/><D25/><U116/><E116/><V91/><F101/><N who="3" m="38411" /><G85/><T96/><D96/><U33/><E33/><V131/><F100/><W56/><G56/><T125/><D125/><U95/><E95/><V20/><F34/><W73/><G73/><T15/><D15/><AGARI ba="4,0" hai="15,18,23,80,82,128,129,130" m="38411,42439" machi="15" ten="30,2900,0" yaku="19,1,52,1" doraHai="61" who="3" fromWho="0" sc="270,-41,460,0,109,0,161,41" /><INIT seed="7,5,0,3,3,0" ten="229,460,109,202" oya="3" hai0="2,72,40,119,101,128,61,115,46,26,121,28,29" hai1="110,10,118,85,70,60,45,14,120,111,123,11,58" hai2="51,42,24,94,55,75,30,38,15,129,57,113,25" hai3="98,125,127,4,96,67,79,21,64,76,52,86,104"/><W132/><G132/><T107/><D28/><U35/><E35/><V80/><F113/><W95/><G104/><T87/><D87/><U106/><E106/><V93/><F129/><W12/><G52/><T122/><D61/><U32/><E32/><V131/><F131/><W34/><G34/><T41/><D41/><U48/><E70/><V117/><F117/><W9/><G21/><T5/><D128/><U7/><E118/><V97/><F15/><W103/><G86/><T84/><D84/><U83/><E11/><V31/><F38/><W63/><G96/><T130/><D130/><U112/><E112/><V126/><F126/><N who="3" m="48139" /><G67/><T44/><D44/><U81/><E81/><V6/><F42/><W8/><G8/><T91/><D91/><U1/><E1/><V88/><F94/><W90/><G103/><T36/><D26/><N who="2" m="10346" /><F75/><W23/><G23/><T69/><D29/><N who="2" m="10762" /><F80/><W56/><AGARI ba="5,0" hai="4,9,12,56,63,64,76,79,90,95,98" m="48139" machi="56" ten="30,3000,0" yaku="18,1,52,1" doraHai="0" who="3" fromWho="3" sc="229,-15,460,-15,109,-15,202,45" /><INIT seed="7,6,0,2,1,104" ten="214,445,94,247" oya="3" hai0="111,131,89,132,17,7,19,31,92,128,134,67,62" hai1="70,125,41,1,91,25,117,99,60,18,84,77,9" hai2="121,119,44,8,85,22,108,49,78,43,38,100,14" hai3="13,57,97,10,21,59,69,55,36,15,118,116,96"/><W33/><G69/><T103/><D103/><U123/><E123/><V6/><F119/><W51/><G36/><T29/><D92/><U115/><E117/><V58/><F108/><W102/><G33/><T109/><D89/><U106/><E115/><V105/><F121/><W135/><G135/><N who="0" m="51755" /><D67/><U23/><E125/><V95/><F105/><W101/><G21/><T126/><D7/><U63/><E70/><V79/><F38/><W11/><G55/><T113/><D62/><U107/><E41/><V52/><F22/><W27/><G51/><T73/><D73/><U80/><E106/><V82/><F79/><W20/><G20/><T127/><D113/><U54/><E54/><V65/><F65/><W0/><G27/><T48/><D48/><U98/><E107/><V72/><F72/><W53/><G53/><T56/><D56/><U66/><E66/><V112/><F112/><W90/><G90/><T87/><D87/><N who="1" m="48527" /><E9/><V3/><F3/><AGARI ba="6,0" hai="0,3,10,11,13,15,57,59,96,97,101,102,116,118" machi="3" ten="25,2400,0" yaku="22,2" doraHai="104" who="3" fromWho="2" sc="214,0,445,0,94,-42,247,42" /><INIT seed="7,7,0,3,2,101" ten="214,445,52,289" oya="3" hai0="64,58,22,90,41,17,26,8,83,133,117,16,21" hai1="56,76,1,9,57,111,12,74,105,45,112,35,107" hai2="34,114,44,120,19,52,63,122,61,71,106,110,7" hai3="80,126,78,75,128,79,37,131,14,38,135,51,36"/><W69/><G69/><T60/><D117/><U39/><E35/><V85/><F110/><W88/><G126/><T53/><D41/><N who="1" m="22719" /><E111/><V119/><F119/><W0/><G0/><T25/><D133/><U6/><E12/><V29/><F114/><W100/><G100/><T23/><D8/><U130/><E130/><N who="3" m="49706" /><G135/><T46/><D46/><U87/><E87/><V40/><F7/><W123/><G123/><T72/><D72/><U98/><E112/><V13/><F106/><N who="1" m="40457" /><E98/><V99/><F99/><W47/><G14/><T102/><D102/><U10/><E10/><V66/><F85/><N who="3" m="50215" /><G75/><T121/><D121/><U32/><E32/><V33/><F29/><W129/><G129/><T70/><D83/><AGARI ba="7,0" hai="1,6,9,56,57,74,76,83" m="40457,22719" machi="83" ten="30,7700,0" yaku="25,1,52,3" doraHai="101" who="1" fromWho="0" sc="214,-98,445,98,52,0,289,0" owari="116,-28.0,543,64.0,52,-45.0,289,9.0" /></mjloggm>