<mjloggm ver="2.3"><GO type="97" lobby="0"/><UN n0="%E5%B0%B1%E6%B4%BB%E7%94%9F%40%E5%B7%9D%E6%9D%91%E8%BB%8D%E5%9B%A3" n1="%59%E3%82%B9%E3%82%AE%59" n2="%E3%82%A2%E3%82%AF%E3%82%B9%E3%82%B1" n3="%E6%B2%96%E6%9C%AC%E7%9E%AC%EF%BC%A0%E5%B7%9D%E6%9D%91%E8%BB%8D%E5%9B%A3" dan="15,14,14,14" rate="2069.36,1945.97,1925.24,1897.57" sx="M,M,M,M"/><TAIKYOKU oya="0"/><INIT seed="0,0,0,2,2,17" ten="250,250,250,250" oya="0" hai0="42,102,36,61,95,109,74,2,98,112,32,40,53" hai1="77,13,0,33,101,116,24,133,135,62,25,115,123" hai2="41,80,31,129,106,121,110,75,10,23,71,73,97" hai3="38,29,132,125,56,131,22,50,120,16,63,105,94"/><T14/><D2/><U20/><E116/><V126/><F121/><W69/><G105/><T26/><D74/><U28/><E123/><V84/><F71/><W124/><G38/><T91/><D112/><U1/><E115/><V72/><F110/><W46/><G29/><T122/><D122/><U45/><E77/><V117/><F41/><W49/><G69/><T43/><D109/><U9/><E45/><V127/><F10/><W30/><G30/><T65/><D53/><U55/><E101/><N who="2" m="62767" /><F23/><W78/><G78/><T100/><D36/><U70/><E55/><V57/><F57/><W114/><G114/><T67/><D32/><U15/><E62/><V96/><F31/><W21/><G120/><T6/><D26/><U4/><E70/><V52/><F52/><N who="3" m="34183" /><G21/><T104/><D61/><U59/><E59/><V64/><F64/><N who="0" m="24650" /><D104/><U47/><E47/><V51/><F51/><W5/><G5/><T113/><D113/><U119/><E119/><V66/><F66/><W35/><G35/><T34/><D34/><U19/><E15/><V79/><F117/><W48/><G94/><T68/><D68/><U8/><E8/><AGARI ba="0,0" hai="6,8,14,40,42,43,91,95,98,100,102" m="24650" machi="8" ten="30,1500,0" yaku="8,1" doraHai="17" who="0" fromWho="1" sc="250,15,250,-15,250,0,250,0" /><INIT seed="0,1,0,2,0,55" ten="265,235,250,250" oya="0" hai0="12,111,47,132,40,75,95,0,110,59,46,45,99" hai1="10,4,105,127,98,121,20,120,118,31,71,126,87" hai2="2,78,134,89,57,60,42,43,16,112,64,90,86" hai3="76,48,67,103,19,69,122,34,65,50,32,38,13"/><T128/><D0/><U109/><E71/><V129/><F112/><W79/><G38/><T107/><D107/><U29/><E118/><V63/><F2/><W114/><G114/><T22/><D75/><U73/><E73/><V113/><F113/><W104/><G104/><T81/><D81/><U23/><E109/><N who="0" m="41481" /><D128/><U56/><E87/><V125/><F125/><N who="1" m="47625" /><E56/><N who="2" m="36871" /><F129/><W77/><G103/><N who="0" m="60927" /><D132/><U17/><E98/><V28/><F134/><W15/><G122/><N who="1" m="47210" /><E105/><V8/><F28/><N who="1" m="10825" /><E17/><V108/><F108/><W106/><G106/><T53/><D40/><N who="2" m="15402" /><F86/><W41/><G76/><T3/><D47/><U74/><E74/><V54/><F78/><W24/><G19/><N who="0" m="10599" /><D3/><AGARI ba="1,0" hai="3,4,10,20,23" m="10825,47210,47625" machi="3" ten="30,3900,0" yaku="18,1,34,2" doraHai="55" who="1" fromWho="0" sc="265,-42,235,42,250,0,250,0" /><INIT seed="1,0,0,5,1,20" ten="223,277,250,250" oya="1" hai0="46,83,68,102,108,84,32,131,48,41,109,116,114" hai1="95,45,69,87,37,42,104,3,72,63,128,55,105" hai2="106,111,12,86,134,99,74,70,103,64,2,115,124" hai3="18,123,8,15,14,23,43,52,49,122,107,77,11"/><U39/><E72/><V125/><F111/><N who="0" m="42570" /><D32/><U75/><E75/><V88/><F134/><W119/><G107/><T132/><D68/><U31/><E3/><V78/><F2/><W61/><G119/><T35/><D35/><U135/><E135/><V19/><F115/><W96/><G77/><N who="0" m="46191" /><D114/><U0/><E0/><V54/><F54/><W117/><G117/><T25/><D116/><U89/><E128/><V110/><F110/><W36/><G61/><T29/><D132/><U94/><E39/><V85/><F70/><W50/><G36/><T51/><D102/><U47/><E47/><V57/><F57/><W73/><G43/><T81/><D81/><U30/><E95/><N who="2" m="54679" /><F85/><W13/><G8/><T24/><D29/><U133/><E133/><V33/><F33/><W67/><G11/><T121/><D121/><U82/><E82/><N who="2" m="45399" /><F64/><W101/><G67/><T58/><D131/><U6/><E6/><V22/><AGARI ba="0,0" hai="12,19,22,99,103,106,124,125" m="45399,54679" machi="22" ten="30,2000,0" yaku="24,1,54,1" doraHai="20" who="2" fromWho="2" sc="223,-5,277,-10,250,20,250,-5" /><INIT seed="2,0,0,0,3,49" ten="218,267,270,245" oya="2" hai0="70,36,16,118,82,133,91,60,40,51,35,61,78" hai1="110,4,67,56,113,26,14,123,33,66,128,131,72" hai2="58,44,20,81,107,96,24,117,50,114,115,105,109" hai3="108,68,13,102,38,54,6,121,77,64,29,98,111"/><V59/><F117/><W69/><G29/><T93/><D35/><U79/><E113/><V48/><F81/><W23/><G38/><T37/><D133/><U2/><E2/><V127/><F127/><W80/><G121/><T132/><D132/><U71/><E110/><N who="3" m="42026" /><G64/><T88/><D118/><U7/><E123/><V25/><F109/><W103/><G13/><T135/><D70/><N who="3" m="27241" /><G23/><T101/><D37/><U86/><E72/><V53/><F115/><W17/><G17/><T28/><D36/><U10/><E7/><V126/><F126/><W116/><G6/><T112/><D28/><N who="1" m="19607" /><E56/><V12/><F114/><W41/><G41/><T27/><D112/><U18/><E18/><N who="2" m="10311" /><F107/><N who="3" m="63959" /><G103/><T65/><D101/><U100/><E100/><V5/><F105/><W9/><G9/><T95/><D135/><U1/><E14/><V94/><F5/><W92/><G92/><N who="0" m="35403" /><D65/><U43/><E43/><V52/><F44/><W0/><G0/><T134/><D134/><U45/><E45/><V89/><AGARI ba="0,0" hai="24,25,48,50,52,53,58,59,89,94,96" m="10311" machi="89" ten="30,11700,0" yaku="8,1,52,2,54,1" doraHai="49" who="2" fromWho="2" sc="218,-39,267,-39,270,117,245,-39" /><INIT seed="2,1,0,1,3,86" ten="179,228,387,206" oya="2" hai0="5,84,23,44,43,40,96,81,89,131,63,29,118" hai1="48,112,25,26,132,75,15,21,27,9,39,98,123" hai2="36,8,100,58,50,78,105,18,33,117,114,101,72" hai3="103,3,11,4,128,12,54,107,52,129,6,93,66"/><V70/><F36/><W104/><G66/><T16/><D131/><U20/><E112/><V13/><F33/><W108/><G108/><T71/><D118/><U53/><E39/><V47/><F114/><W90/><G103/><T95/><D29/><U69/><E69/><V46/><F46/><W113/><G113/><T79/><D5/><U1/><E1/><V133/><F70/><W121/><G121/><T28/><D28/><U111/><E111/><V76/><F133/><W82/><G82/><T102/><D71/><U30/><E132/><V37/><F37/><W24/><G24/><N who="0" m="14439" /><D63/><U106/><E75/><V14/><F105/><W85/><G4/><T125/><D125/><U59/><E123/><V94/><F72/><W45/><G3/><T99/><D44/><U97/><E106/><N who="3" m="40490" /><G45/><T134/><D134/><U34/><E34/><V88/><F117/><W62/><G62/><T67/><D67/><U91/><E30/><V109/><F109/><W87/><G87/><N who="0" m="48575" /><D96/><U119/><E119/><V2/><F2/><W135/><G135/><T61/><D61/><U73/><E73/><V10/><F47/><W116/><G116/><T64/><D64/><U17/><E98/><N who="2" m="57671" /><F101/><W65/><G65/><T74/><D74/><U124/><E124/><V7/><F100/><W22/><G22/><T127/><D127/><U51/><E48/><V32/><F32/><W122/><G122/><T130/><D130/><AGARI ba="1,0" hai="6,11,12,52,54,85,90,93,128,129,130" m="40490" machi="130" ten="30,3900,0" yaku="19,1,52,1,54,1" doraHai="86" who="3" fromWho="0" sc="179,-42,228,0,387,0,206,42" /><INIT seed="3,0,0,4,0,129" ten="137,228,387,248" oya="3" hai0="68,1,16,89,4,28,9,26,131,56,40,47,94" hai1="128,0,97,7,30,113,6,80,48,69,75,54,10" hai2="53,17,11,110,114,86,105,35,52,72,91,117,44" hai3="126,73,103,2,67,55,63,123,116,64,122,60,112"/><W66/><G2/><T51/><D68/><U92/><E113/><V108/><F105/><W71/><G103/><T42/><D131/><U45/><E69/><V102/><F114/><W70/><G73/><T31/><D56/><U37/><E37/><V57/><F117/><W23/><G23/><T111/><D111/><N who="2" m="42538" /><F102/><W95/><G95/><T50/><D50/><U41/><E128/><V134/><F134/><W34/><G34/><T8/><D42/><U58/><E30/><V59/><F72/><W130/><G112/><T83/><D83/><U77/><E7/><V22/><F35/><W74/><G74/><T24/><D24/><U120/><E120/><N who="3" m="46122" /><G130/><T81/><D81/><U33/><E33/><V65/><F11/><W15/><G15/><T27/><D27/><U84/><E84/><V119/><F119/><W125/><G116/><T12/><REACH who="0" step="1"/><D26/><REACH who="0" ten="127,228,387,248" step="2"/><U46/><E41/><V88/><F59/><N who="3" m="34943" /><G63/><T124/><D124/><AGARI ba="0,1" hai="64,66,67,70,71,124,125,126" m="34943,46122" machi="124" ten="40,7700,0" yaku="18,1,34,2" doraHai="129" who="3" fromWho="0" sc="127,-77,228,0,387,0,248,87" /><INIT seed="3,1,0,5,3,131" ten="50,228,387,335" oya="3" hai0="26,129,62,87,109,91,8,53,83,98,108,78,37" hai1="64,59,77,72,38,96,100,44,135,5,88,94,95" hai2="123,58,25,57,82,76,116,35,93,63,128,52,19" hai3="16,85,13,43,81,102,65,34,4,29,122,22,101"/><W75/><G75/><T48/><D37/><U70/><E135/><V92/><F116/><W47/><G122/><T56/><D26/><U73/><E70/><V90/><F128/><W119/><G119/><T69/><D8/><U132/><E132/><V17/><F123/><W126/><G65/><T134/><D69/><U7/><E38/><V111/><F111/><W67/><G67/><T54/><D98/><U127/><E127/><V118/><F118/><W121/><G121/><T36/><D87/><U115/><E115/><V40/><F40/><W84/><G4/><T11/><D91/><U113/><E44/><V6/><F6/><W60/><G60/><T41/><D78/><U80/><E7/><V46/><F46/><W110/><G126/><T133/><D83/><U20/><E5/><V104/><F104/><W39/><G85/><T107/><D107/><U124/><E20/><V97/><F35/><W0/><G110/><T50/><D11/><U86/><E59/><N who="2" m="35303" /><F93/><W30/><G0/><T27/><D27/><U51/><E51/><V1/><F1/><W99/><G34/><T112/><D36/><U42/><E42/><V18/><F25/><W10/><G10/><T117/><D41/><U79/><E64/><V66/><F66/><W14/><G14/><T125/><D117/><U71/><E71/><V31/><F31/><W28/><REACH who="3" step="1"/><G99/><REACH who="3" ten="50,228,387,325" step="2"/><T21/><D125/><U103/><E124/><V32/><F32/><W45/><G45/><T89/><D129/><U61/><E61/><V105/><F105/><W120/><G120/><T12/><D109/><U9/><E113/><RYUUKYOKU ba="1,1" sc="50,-15,228,-15,387,15,325,15" hai2="17,18,19,57,58,76,82,90,92,97" hai3="13,16,22,28,29,30,39,43,47,81,84,101,102" /><INIT seed="3,2,1,4,1,93" ten="35,213,402,340" oya="3" hai0="82,79,48,62,105,126,119,43,106,35,123,34,104" hai1="129,96,5,77,12,128,29,64,24,99,71,58,49" hai2="73,114,69,39,37,98,121,76,125,135,31,7,42" hai3="95,101,19,111,100,3,2,122,13,47,40,33,84"/><W103/><G33/><T94/><D48/><U127/><E127/><V70/><F114/><W131/><G122/><T134/><D62/><U110/><E110/><V21/><F125/><W22/><G111/><T67/><D67/><U108/><E108/><V113/><F113/><W118/><G118/><T27/><D126/><U6/><E77/><V60/><F7/><N who="1" m="2569" /><E71/><V52/><F135/><W4/><G4/><T120/><D43/><U83/><E83/><V81/><F121/><W91/><REACH who="3" step="1"/><G131/><REACH who="3" ten="35,213,402,330" step="2"/><N who="1" m="50250" /><E12/><V66/><F70/><W14/><G14/><T28/><D134/><U10/><E10/><V92/><F31/><W26/><G26/><T53/><D123/><U54/><E64/><V130/><F130/><W59/><G59/><T85/><D120/><U116/><E116/><V55/><F21/><AGARI ba="2,2" hai="21,24,29,49,54,58,96,99" m="50250,2569" machi="21" ten="30,3900,0" yaku="19,1,52,2" doraHai="93" who="1" fromWho="2" sc="35,0,213,65,402,-45,330,0" owari="35,-46.0,278,-12.0,357,45.0,330,13.0" /></mjloggm>