<mjloggm ver="2.3"><GO type="225" lobby="0"/><UN n0="%53%65%6E%61%72" n1="%E4%B8%87%E8%83%BD%E3%81%AD%E3%81%8E" n2="%E3%83%88%E3%83%88%E3%83%AA%E5%85%88%E7%94%9F%31%39%E6%AD%B3" n3="%E5%A4%A9%E6%9C%88%E7%B4%97%E7%9F%A2%E9%A6%99" dan="17,16,18,16" rate="2122.66,2053.63,2264.44,2033.02" sx="M,M,F,M"/><TAIKYOKU oya="0"/><INIT seed="0,0,0,3,3,54" ten="250,250,250,250" oya="0" hai0="22,51,47,43,61,97,55,9,6,58,46,127,107" hai1="96,91,41,12,85,100,128,69,117,106,101,17,38" hai2="72,50,62,112,65,2,52,27,13,76,94,122,16" hai3="60,1,5,66,37,63,87,45,74,77,135,15,21"/><T68/><D127/><U81/><E117/><V75/><F112/><W110/><G110/><T71/><D46/><U79/><E69/><V11/><F122/><W33/><G33/><T116/><D116/><U35/><E35/><V133/><F133/><W108/><G108/><T56/><D56/><U48/><E38/><V78/><F2/><W105/><G135/><T29/><D107/><U86/><E128/><V88/><F27/><W32/><G105/><T130/><D130/><U25/><E25/><V31/><F31/><W3/><G32/><T103/><D22/><U120/><E120/><V123/><F123/><W49/><G74/><T89/><D29/><U26/><E26/><V83/><F75/><W24/><G37/><T125/><D125/><U7/><E7/><V34/><F34/><W134/><G134/><T53/><D53/><U18/><E101/><V90/><F76/><W132/><G132/><T80/><D80/><U121/><E12/><V114/><F94/><W64/><G77/><T82/><D82/><U93/><E121/><V8/><F8/><N who="3" m="4495" /><G87/><T118/><D118/><U131/><E131/><V40/><F40/><N who="3" m="24743" /><G3/><N who="0" m="223" /><D103/><U129/><E129/><V44/><F114/><W73/><G73/><T20/><D20/><U119/><E119/><V67/><F67/><N who="3" m="25643" /><G1/><T84/><D84/><U99/><E99/><V42/><F42/><W0/><G0/><T104/><D104/><U4/><E41/><V109/><F109/><W102/><G102/><T28/><D28/><AGARI ba="0,0" hai="21,24,28,60,63" m="25643,24743,4495" machi="28" ten="30,1000,0" yaku="8,1" doraHai="54" who="3" fromWho="0" sc="250,-10,250,0,250,0,250,10" /><INIT seed="1,0,0,3,2,62" ten="240,250,250,260" oya="1" hai0="126,131,102,60,70,69,33,95,71,112,26,114,9" hai1="22,43,109,50,36,100,72,31,73,52,127,63,44" hai2="7,53,134,17,77,37,42,12,118,58,78,11,30" hai3="123,103,122,85,41,101,29,111,35,68,0,56,39"/><U119/><E119/><V86/><F118/><W34/><G68/><T128/><D9/><U94/><E127/><V83/><F134/><W25/><G0/><T87/><D126/><U61/><E109/><V113/><F113/><N who="0" m="43626" /><D26/><U47/><E61/><V38/><F30/><W3/><G3/><T82/><D33/><U1/><E1/><V115/><F115/><W120/><G111/><T21/><D21/><U76/><E76/><V8/><F42/><W6/><G6/><T130/><D60/><U48/><E36/><V80/><F58/><W46/><G35/><T88/><D102/><U67/><E94/><AGARI ba="0,0" hai="69,70,71,82,87,88,94,95,128,130,131" m="43626" machi="94" ten="50,3200,0" yaku="19,1,54,1" doraHai="62" who="0" fromWho="1" sc="240,32,250,-32,250,0,260,0" /><INIT seed="2,0,0,2,3,116" ten="272,218,250,260" oya="2" hai0="32,0,13,60,131,18,29,40,28,2,90,108,37" hai1="39,41,24,58,83,76,5,124,17,63,112,52,43" hai2="130,70,80,95,9,115,50,47,19,44,129,35,59" hai3="132,79,104,55,87,102,125,88,46,111,105,6,56"/><V134/><F70/><W23/><G111/><T33/><D108/><U22/><E112/><V7/><F115/><W16/><G125/><T1/><D60/><U53/><E124/><V71/><F71/><W106/><G132/><T121/><D90/><U82/><E82/><V20/><F35/><N who="0" m="13386" /><D40/><U45/><E43/><V57/><F134/><W54/><G79/><T126/><D37/><U72/><REACH who="1" step="1"/><E5/><REACH who="1" ten="272,208,250,260" step="2"/><V69/><F80/><W101/><G6/><T103/><D126/><U10/><E10/><V21/><F9/><W42/><G42/><T109/><D109/><U74/><E74/><V118/><F7/><W4/><G4/><T99/><D1/><U25/><E25/><V62/><F130/><W133/><G133/><T51/><D131/><U73/><E73/><V128/><F129/><W3/><G3/><T123/><D2/><U93/><E93/><V81/><F95/><W135/><G135/><T127/><D0/><U64/><AGARI ba="0,1" hai="17,22,24,39,41,45,52,53,58,63,64,72,76,83" machi="64" ten="20,5200,0" yaku="1,1,0,1,7,1,54,1,53,0" doraHai="116" doraHaiUra="113" who="1" fromWho="1" sc="272,-13,208,62,250,-26,260,-13" /><INIT seed="3,0,0,3,0,1" ten="259,270,224,247" oya="3" hai0="119,17,55,87,65,93,20,127,74,3,95,49,23" hai1="34,9,126,7,91,89,97,14,116,131,51,60,96" hai2="120,121,24,2,130,39,38,75,33,82,102,13,81" hai3="79,78,108,0,5,80,99,58,44,62,114,100,129"/><W104/><G114/><T4/><D74/><U6/><E34/><V43/><F130/><W107/><G129/><T57/><D119/><U41/><E126/><V45/><F102/><W73/><G108/><T135/><D127/><U10/><E116/><V88/><F2/><W30/><G30/><T98/><D135/><U71/><E71/><V11/><F38/><W37/><G79/><T83/><D65/><U85/><E60/><V52/><F33/><W64/><G104/><T66/><D66/><U27/><E27/><V32/><F32/><W132/><G132/><T21/><D17/><U103/><E103/><V8/><F24/><W134/><G134/><T47/><D57/><U16/><E91/><V36/><F36/><W42/><REACH who="3" step="1"/><G0/><REACH who="3" ten="259,270,224,237" step="2"/><T128/><D128/><U94/><E131/><V40/><F75/><W48/><G48/><T31/><D31/><U18/><E51/><N who="2" m="28783" /><F39/><W123/><G123/><N who="2" m="47177" /><F8/><W63/><G63/><T105/><D105/><U28/><E28/><V90/><F82/><W25/><G25/><T101/><D83/><U67/><E9/><V86/><F90/><W76/><G76/><T35/><D3/><U69/><E89/><V29/><F29/><W124/><G124/><T111/><D35/><U26/><E26/><V122/><N who="2" m="47185" /><V53/><DORA hai="50" /><F53/><W117/><G117/><T46/><D55/><U12/><E10/><V56/><F56/><W106/><G106/><T113/><D49/><U115/><E67/><V72/><F72/><W125/><G125/><T77/><D77/><U68/><E68/><V118/><F118/><W54/><G54/><RYUUKYOKU ba="0,1" sc="259,-15,270,-15,224,15,237,15" hai2="11,13,40,43,81,86,88" hai3="5,37,42,44,58,62,64,73,78,80,99,100,107" /><INIT seed="3,1,1,5,3,121" ten="244,255,239,252" oya="3" hai0="135,1,16,99,10,26,130,43,90,120,11,116,111" hai1="133,53,88,14,70,86,58,4,38,19,132,13,109" hai2="29,102,61,48,77,81,39,125,118,126,82,24,5" hai3="44,74,47,80,78,45,68,73,55,134,98,79,18"/><W59/><G68/><T60/><D120/><U2/><E2/><V30/><F118/><W46/><G134/><N who="1" m="51818" /><E38/><V87/><F39/><W108/><G108/><T50/><D116/><U119/><E70/><V104/><F5/><W3/><G3/><T101/><D135/><U107/><E107/><V7/><F7/><W15/><G98/><T110/><D60/><U67/><E67/><V69/><F48/><W113/><G113/><T117/><D90/><U100/><E100/><V41/><F41/><W21/><N who="3" m="11264" /><DORA hai="85" /><W105/><G105/><N who="0" m="63679" /><D43/><U65/><E109/><N who="0" m="41481" /><D50/><N who="1" m="31031" /><E65/><N who="2" m="41135" /><F102/><W96/><G96/><T129/><D117/><U122/><E122/><V94/><F104/><W66/><G66/><T23/><D1/><U27/><E119/><V42/><F42/><W84/><REACH who="3" step="1"/><G79/><REACH who="3" ten="244,255,239,242" step="2"/><T115/><D115/><U49/><E88/><N who="2" m="53535" /><F77/><W128/><G128/><AGARI ba="1,2" hai="10,11,16,23,26,128,129,130" m="41481,63679" machi="128" ten="30,12000,2" yaku="19,1,14,1,52,3,54,1" doraHai="121,85" who="0" fromWho="3" sc="244,143,255,0,239,0,242,-123" owari="387,48.0,255,6.0,239,-16.0,119,-38.0" /></mjloggm>