<mjloggm ver="2.3"><GO type="41" lobby="0"/><UN n0="%E3%83%AC%E3%82%BF%E3%82%B9" n1="%E3%81%9F%E3%81%8B%E3%81%B2%E3%82%8D%EF%BC%A0%E7%A0%94%E7%A9%B6%E9%A4%A8" n2="%E3%82%88%E3%81%8A%E3%81%96%E3%82%93" n3="%E5%B0%B1%E6%B4%BB%E7%94%9F%40%E5%B7%9D%E6%9D%91%E8%BB%8D%E5%9B%A3" dan="13,15,14,15" rate="1876.72,1956.15,1926.98,2064.12" sx="M,M,M,M"/><TAIKYOKU oya="0"/><INIT seed="0,0,0,4,4,107" ten="250,250,250,250" oya="0" hai0="115,69,83,38,101,29,122,134,57,4,58,77,0" hai1="59,13,66,70,32,40,96,43,44,94,53,106,114" hai2="73,74,102,112,31,121,103,109,79,12,133,111,15" hai3="28,89,131,108,1,127,52,39,23,85,49,55,26"/><T84/><D115/><U64/><E32/><V95/><F112/><W5/><G39/><T68/><D122/><U119/><E119/><V75/><F121/><W123/><G123/><T99/><D38/><U129/><E114/><V104/><F104/><W21/><G108/><N who="2" m="41545" /><F133/><W25/><G127/><T42/><D29/><U118/><E118/><V128/><F128/><W92/><G131/><T78/><D42/><U22/><E106/><V130/><F130/><W93/><G1/><T35/><D35/><U87/><E87/><V20/><F79/><W120/><G5/><T45/><D45/><U17/><E129/><V91/><F31/><W46/><G120/><T71/><D78/><U36/><E70/><V67/><F67/><N who="1" m="25641" /><E44/><V3/><F3/><W124/><G124/><T88/><D134/><U100/><E36/><V30/><F30/><N who="3" m="17711" /><G93/><T81/><D4/><U86/><E86/><N who="2" m="52727" /><F20/><W113/><G113/><T90/><D0/><U72/><E72/><V135/><F135/><W14/><G14/><AGARI ba="0,0" hai="12,14,15,73,74,75,102,103" m="52727,41545" machi="14" ten="40,8000,1" yaku="14,1,52,3" doraHai="107" who="2" fromWho="3" sc="250,0,250,0,250,80,250,-80" /><INIT seed="1,0,0,2,5,115" ten="250,250,330,170" oya="1" hai0="37,113,51,135,98,49,89,32,97,68,35,110,84" hai1="92,7,44,52,10,1,50,111,67,93,6,123,120" hai2="112,99,40,106,23,127,72,122,134,19,28,27,87" hai3="85,133,15,26,131,108,36,58,54,103,75,116,70"/><U25/><E111/><V34/><F72/><W104/><G70/><T88/><D37/><U41/><E7/><V38/><F122/><W24/><G75/><T5/><D113/><U73/><E73/><V64/><F112/><W8/><G36/><T117/><D68/><U100/><E67/><V46/><F64/><W56/><G108/><T48/><D110/><U33/><E33/><V90/><F127/><W22/><G131/><T86/><D5/><U80/><E80/><V12/><F134/><W96/><G133/><T61/><D61/><U121/><E100/><V66/><F66/><W47/><G47/><T124/><D135/><U17/><REACH who="1" step="1"/><E41/><REACH who="1" ten="250,240,330,170" step="2"/><V30/><F34/><W114/><G114/><T16/><D124/><U14/><E14/><V132/><F12/><W83/><G24/><T107/><D35/><U53/><E53/><V94/><F132/><W42/><G54/><T71/><D32/><U39/><E39/><V2/><F2/><W78/><G42/><T125/><D71/><U119/><E119/><V74/><F74/><W126/><G116/><T62/><D62/><U81/><E81/><V43/><F40/><W59/><G126/><T65/><D65/><U63/><E63/><V4/><F4/><W3/><G3/><T0/><D0/><U11/><E11/><V130/><F130/><W101/><G101/><T105/><D125/><U18/><E18/><V31/><F19/><N who="3" m="12639" /><G15/><T118/><D16/><U69/><E69/><V55/><F55/><W79/><G8/><T82/><D48/><U76/><E76/><V77/><F77/><W128/><G79/><RYUUKYOKU ba="0,1" sc="250,0,240,0,330,0,170,0" hai0="49,51,82,84,86,88,89,97,98,105,107,117,118" hai1="1,6,10,17,25,44,50,52,92,93,120,121,123" hai2="23,27,28,30,31,38,43,46,87,90,94,99,106" hai3="56,58,59,78,83,85,96,103,104,128" /><INIT seed="1,1,1,5,0,81" ten="250,240,330,170" oya="1" hai0="72,93,123,59,119,51,32,106,8,67,56,126,10" hai1="31,88,47,53,102,74,54,25,73,92,58,62,38" hai2="110,96,95,115,105,71,100,34,39,16,78,108,1" hai3="101,44,45,33,6,82,24,77,61,83,116,43,28"/><U135/><E135/><V107/><F34/><W125/><G125/><T97/><D106/><U0/><E0/><V26/><F1/><W15/><G116/><T91/><D123/><U65/><E102/><V2/><F2/><W19/><G101/><T41/><D119/><U130/><E130/><V118/><F118/><W69/><G6/><T57/><D32/><U70/><E53/><V42/><F71/><W134/><G134/><T27/><D72/><U30/><E30/><V94/><F115/><W36/><G45/><N who="0" m="26031" /><D27/><U5/><E5/><V117/><F117/><W7/><G7/><T64/><D126/><U114/><E114/><V17/><F78/><W112/><G112/><T35/><D35/><U63/><E47/><N who="2" m="24031" /><F105/><W99/><G99/><T109/><D109/><N who="2" m="42090" /><F17/><W90/><G90/><T4/><D4/><U50/><E38/><V37/><F37/><W76/><G76/><T122/><D122/><U132/><E132/><V79/><F79/><W84/><G82/><T29/><D29/><U21/><REACH who="1" step="1"/><E62/><REACH who="1" ten="250,230,330,170" step="2"/><V87/><F107/><W22/><G61/><T9/><AGARI ba="1,2" hai="8,9,10,56,57,59,64,67,91,93,97" m="26031" machi="9" ten="30,1100,0" yaku="8,1" doraHai="81" who="0" fromWho="0" sc="250,34,230,-6,330,-4,170,-4" /><INIT seed="2,0,0,3,4,68" ten="284,224,326,166" oya="2" hai0="97,17,36,84,56,13,51,40,114,122,79,125,34" hai1="66,130,4,111,112,118,100,75,105,19,55,73,83" hai2="117,108,120,71,43,126,22,62,20,33,121,87,132" hai3="128,89,44,5,109,77,98,28,41,10,39,29,91"/><V12/><F33/><W46/><G109/><T78/><D114/><U99/><E118/><V64/><F117/><W14/><G128/><T0/><D0/><U124/><E112/><V106/><F106/><W15/><G77/><T103/><D122/><U8/><E111/><V65/><F108/><W31/><G44/><T23/><D34/><U72/><E130/><V81/><F126/><W42/><G42/><T25/><D25/><U107/><E105/><V2/><F2/><W47/><G47/><T1/><D1/><U45/><E124/><V113/><F113/><W82/><G82/><T11/><D11/><U119/><E66/><V96/><F132/><W123/><G123/><T16/><D17/><U135/><E135/><V37/><F65/><W69/><G69/><T110/><D110/><U90/><E119/><V131/><F96/><W53/><G53/><T76/><D125/><U86/><E19/><V58/><F71/><W54/><G54/><T92/><D56/><U30/><E30/><V85/><F131/><W74/><G74/><T21/><D21/><U115/><E115/><V134/><F134/><W35/><G35/><T27/><D27/><U24/><E24/><V48/><F120/><W127/><G127/><T50/><REACH who="0" step="1"/><D84/><REACH who="0" ten="274,224,326,166" step="2"/><N who="2" m="32330" /><F121/><W88/><REACH who="3" step="1"/><G15/><REACH who="3" ten="274,224,326,156" step="2"/><T60/><D60/><U7/><REACH who="1" step="1"/><E8/><REACH who="1" ten="274,214,326,156" step="2"/><V133/><F133/><W57/><G57/><T116/><D116/><U104/><E104/><V18/><F22/><W3/><G3/><T9/><D9/><U95/><E95/><AGARI ba="0,3" hai="5,10,14,28,29,31,39,41,46,88,89,91,95,98" machi="95" ten="40,5200,0" yaku="1,1,52,1,54,1,53,0" doraHai="68" doraHaiUra="59" who="3" fromWho="1" sc="274,0,214,-52,326,0,156,82" /><INIT seed="3,0,0,2,5,31" ten="274,162,326,238" oya="3" hai0="65,75,63,73,9,72,70,0,88,40,87,55,122" hai1="129,30,21,127,68,106,121,45,119,84,103,50,13" hai2="85,24,82,22,44,1,47,86,51,53,57,69,124" hai3="104,27,16,39,36,120,67,107,96,10,81,52,23"/><W90/><G120/><T128/><D122/><U110/><E121/><V19/><F69/><W54/><G104/><T37/><D128/><U108/><E129/><V123/><F123/><W113/><G113/><T38/><D40/><U15/><E68/><V109/><F1/><W130/><G130/><T32/><D55/><N who="3" m="21033" /><G107/><T17/><D32/><U3/><E3/><V95/><F124/><W118/><G36/><T78/><D78/><U43/><E127/><V26/><F109/><N who="1" m="42089" /><E119/><V97/><F26/><W7/><G39/><T71/><D71/><U25/><E84/><N who="2" m="32363" /><F82/><W112/><G112/><T59/><D70/><U99/><AGARI ba="0,0" hai="13,15,21,25,30,43,45,50,99,103,106" m="42089" machi="99" ten="30,1100,0" yaku="14,1" doraHai="31" who="1" fromWho="1" sc="274,-3,162,11,326,-3,238,-5" /><INIT seed="4,0,0,2,3,76" ten="271,173,323,233" oya="0" hai0="83,3,64,51,32,22,41,127,117,113,46,114,84" hai1="134,82,61,35,122,94,33,66,43,72,6,37,108" hai2="120,69,68,106,88,9,105,44,112,115,125,128,54" hai3="7,99,11,57,103,20,8,58,96,73,14,102,91"/><T116/><D32/><U21/><E108/><V39/><F120/><W89/><G73/><T123/><D123/><U29/><E122/><V1/><F125/><W121/><G121/><T18/><D3/><U98/><E134/><V5/><F128/><W42/><G20/><T27/><D64/><U75/><E6/><V131/><F131/><W56/><G42/><T63/><D63/><U59/><E72/><V86/><F39/><W111/><G111/><T97/><D97/><N who="3" m="37449" /><G11/><T34/><D34/><U132/><E132/><V40/><F54/><W129/><G129/><T118/><REACH who="0" step="1"/><D127/><REACH who="0" ten="261,173,323,233" step="2"/><U80/><E35/><V85/><F68/><W25/><G25/><T107/><D107/><U101/><E33/><V81/><F69/><W109/><G109/><T93/><D93/><U28/><E75/><V90/><F105/><W24/><G24/><T15/><D15/><U53/><E66/><V2/><F106/><W30/><G30/><T78/><AGARI ba="0,1" hai="18,22,27,41,46,51,78,83,84,113,114,116,117,118" machi="78" ten="40,12000,1" yaku="1,1,0,1,52,1,53,1" doraHai="76" doraHaiUra="45" who="0" fromWho="0" sc="261,130,173,-40,323,-40,233,-40" /><INIT seed="4,1,0,2,1,18" ten="391,133,283,193" oya="0" hai0="23,19,129,2,123,45,41,58,10,33,75,98,9" hai1="69,86,60,29,12,125,81,54,34,38,90,64,21" hai2="77,53,117,27,3,127,14,114,4,121,73,30,31" hai3="28,132,61,36,22,78,103,67,63,57,102,83,7"/><T48/><D123/><U25/><E125/><V109/><F109/><W17/><G36/><T131/><D33/><U70/><E38/><V5/><F121/><W108/><G108/><T122/><D122/><U42/><E42/><V39/><F39/><W128/><G128/><N who="0" m="49227" /><D75/><U113/><E113/><V76/><F114/><W112/><G112/><T133/><D133/><U6/><E54/><V15/><F117/><W99/><G132/><T35/><D35/><U91/><E6/><V43/><F43/><W24/><G7/><T50/><D2/><U8/><E34/><V65/><F127/><W84/><G99/><T59/><D98/><U13/><E70/><V88/><F73/><W32/><REACH who="3" step="1"/><G61/><REACH who="3" ten="391,133,283,183" step="2"/><T89/><D50/><U52/><E8/><N who="0" m="3177" /><D89/><U130/><E130/><V0/><F88/><W51/><G51/><T56/><D56/><U95/><REACH who="1" step="1"/><E52/><REACH who="1" ten="391,123,283,183" step="2"/><V79/><F53/><W16/><G16/><T1/><D1/><U92/><E92/><V40/><F3/><W72/><G72/><T94/><D94/><U62/><E62/><V55/><F0/><W85/><G85/><AGARI ba="1,2" hai="12,13,21,25,29,60,64,69,81,85,86,90,91,95" machi="85" ten="30,3900,0" yaku="1,1,7,1,52,1,53,0" doraHai="18" doraHaiUra="49" who="1" fromWho="3" sc="391,0,123,62,283,0,183,-42" /><INIT seed="5,0,0,2,0,13" ten="391,185,283,141" oya="1" hai0="55,68,99,73,9,52,63,10,98,44,77,42,110" hai1="6,56,72,60,23,78,18,79,131,87,76,45,117" hai2="40,132,7,97,123,69,61,109,59,135,134,70,95" hai3="106,11,39,31,0,5,19,25,75,65,62,22,38"/><U113/><E117/><V54/><F109/><W49/><G106/><T116/><D110/><U32/><E32/><V66/><F123/><W125/><G75/><T122/><D116/><U108/><E108/><V34/><F34/><W43/><G125/><T67/><D73/><U103/><E113/><V80/><F7/><W126/><G126/><T105/><D77/><U26/><E131/><V30/><F30/><W48/><G48/><T51/><D99/><U15/><E72/><V120/><F120/><W93/><G93/><T92/><D105/><U41/><E103/><V124/><F124/><W47/><REACH who="3" step="1"/><G31/><REACH who="3" ten="391,185,283,131" step="2"/><T46/><D122/><U128/><E128/><V102/><F80/><W8/><G8/><T96/><D92/><U101/><E101/><V130/><F130/><W36/><G36/><T89/><D10/><N who="1" m="4567" /><E41/><V119/><F119/><W33/><G33/><T37/><D9/><U100/><E100/><V84/><F40/><W2/><G2/><T64/><D42/><U24/><E45/><V112/><F102/><W111/><G111/><T114/><D46/><U91/><E26/><V88/><F132/><W27/><G27/><T3/><D44/><U21/><E21/><V14/><F134/><W17/><G17/><T82/><D3/><U127/><E127/><V28/><F135/><W121/><G121/><T12/><D37/><U81/><E60/><V53/><F28/><W16/><G16/><T118/><D63/><U90/><E56/><AGARI ba="0,1" hai="0,5,11,19,22,25,38,39,43,47,49,56,62,65" machi="56" ten="30,3900,0" yaku="1,1,7,1,52,1,53,0" doraHai="13" doraHaiUra="133" who="3" fromWho="1" sc="391,0,185,-39,283,0,131,49" /><INIT seed="6,0,0,5,1,24" ten="391,146,283,180" oya="2" hai0="65,96,78,111,23,26,34,50,5,82,0,94,35" hai1="41,15,33,1,74,105,20,21,68,67,106,3,43" hai2="51,58,8,114,76,124,40,70,120,95,102,57,99" hai3="109,123,104,16,80,22,48,119,131,85,60,90,37"/><V122/><F70/><W54/><G37/><T17/><D111/><U25/><E74/><V113/><F76/><W84/><G119/><T93/><D65/><U59/><E68/><V31/><F124/><W28/><G123/><T117/><D117/><U61/><E33/><V12/><F40/><W45/><G104/><T27/><D27/><U38/><E105/><V112/><F31/><W89/><G109/><T116/><D116/><U97/><E15/><V18/><REACH who="2" step="1"/><F51/><REACH who="2" ten="391,146,273,180" step="2"/><W127/><G127/><T100/><D50/><U11/><E41/><V115/><N who="2" m="28672" /><DORA hai="47" /><V30/><F30/><W46/><G28/><T56/><D35/><U81/><E43/><V86/><F86/><W125/><G125/><T121/><D78/><U49/><E38/><V32/><F32/><W64/><G131/><T73/><D34/><U134/><E134/><V107/><F107/><W62/><G85/><T69/><D69/><U79/><E49/><V14/><F14/><W103/><G84/><T101/><D73/><U44/><E106/><V126/><F126/><W128/><G128/><T52/><D121/><AGARI ba="0,1" hai="8,12,18,57,58,95,99,102,120,121,122" m="28672" machi="121" ten="70,12000,1" yaku="1,1,15,1,53,1" doraHai="24,47" doraHaiUra="129,13" who="2" fromWho="0" sc="391,-120,146,0,273,130,180,0" /><INIT seed="6,1,0,5,5,80" ten="271,146,403,180" oya="2" hai0="81,107,104,88,84,21,92,29,91,82,2,123,3" hai1="119,132,64,20,134,5,16,11,18,124,74,37,22" hai2="102,42,57,120,110,33,77,51,28,96,4,31,108" hai3="118,48,9,60,100,95,76,32,55,94,43,89,71"/><V38/><F120/><W101/><G32/><T56/><D123/><U72/><E37/><V131/><F38/><W135/><G135/><N who="1" m="51754" /><E64/><V130/><F4/><W85/><G118/><T125/><D125/><U12/><E119/><V58/><F77/><W53/><G76/><T27/><D56/><N who="2" m="21610" /><F51/><W50/><G71/><T73/><D73/><U105/><E105/><N who="2" m="63687" /><F42/><W24/><G24/><T93/><D82/><U129/><E124/><V40/><F40/><W111/><G111/><N who="2" m="42537" /><F33/><W8/><G43/><T63/><D63/><U99/><E129/><AGARI ba="1,0" hai="28,31,129,130,131" m="42537,63687,21610" machi="129" ten="30,2900,0" yaku="19,1,10,1" doraHai="80" who="2" fromWho="1" sc="271,0,146,-32,403,32,180,0" /><INIT seed="6,2,0,4,2,40" ten="271,114,435,180" oya="2" hai0="15,21,115,111,13,96,2,72,87,12,35,76,100" hai1="69,135,116,24,74,34,1,97,77,66,10,128,49" hai2="0,130,54,11,36,58,124,4,5,94,114,6,95" hai3="127,19,45,8,105,126,25,47,82,79,42,88,78"/><V125/><F130/><W133/><G105/><T85/><D35/><U22/><E128/><V90/><F36/><W31/><G133/><T83/><D2/><U37/><E135/><V17/><F114/><W3/><G42/><T123/><D115/><U129/><E129/><V23/><F11/><W39/><G39/><T57/><D123/><U32/><E37/><V38/><F38/><W55/><G55/><T118/><D111/><U120/><E116/><V112/><F0/><W108/><G79/><T33/><D33/><U103/><E120/><V41/><F41/><W113/><G78/><T73/><D73/><U44/><E66/><V46/><F112/><W102/><G102/><T122/><D122/><U48/><E69/><V68/><F68/><W93/><G82/><T98/><D98/><U53/><E77/><V30/><F30/><W84/><G108/><T86/><D118/><U50/><E74/><V92/><F90/><W110/><G110/><T101/><D96/><U51/><E10/><V89/><F89/><W107/><G107/><T59/><D21/><U67/><E67/><V56/><F46/><N who="3" m="17419" /><G113/><T109/><D109/><U131/><E1/><V20/><F54/><W29/><G3/><T18/><D72/><U91/><E91/><V117/><F117/><W80/><G80/><T134/><D134/><U104/><REACH who="1" step="1"/><E131/><REACH who="1" ten="271,104,435,180" step="2"/><V26/><F124/><N who="3" m="47659" /><G8/><T99/><D76/><U60/><E60/><V52/><F125/><W119/><G119/><T121/><D121/><U64/><E64/><V62/><F62/><W70/><G70/><T14/><D101/><U27/><E27/><RYUUKYOKU ba="2,1" sc="271,-15,104,15,435,-15,180,15" hai1="22,24,32,34,44,48,49,50,51,53,97,103,104" hai3="19,25,29,31,84,88,93" /><INIT seed="7,3,1,1,0,25" ten="256,119,420,195" oya="3" hai0="112,43,90,80,102,128,32,1,34,26,40,113,92" hai1="91,77,82,121,99,76,6,14,94,56,53,33,27" hai2="51,5,89,126,124,81,58,107,10,11,130,129,57" hai3="67,75,15,30,93,50,28,100,106,35,69,42,2"/><W96/><G2/><T83/><D1/><U62/><E121/><V3/><F107/><W22/><G75/><T41/><D128/><N who="2" m="49258" /><F11/><W64/><G35/><N who="0" m="13355" /><D26/><U71/><E71/><V45/><F81/><W110/><G106/><T111/><D111/><U59/><E33/><V132/><F89/><W38/><G38/><T115/><D102/><U103/><E27/><V134/><F57/><W18/><G110/><T123/><D123/><U37/><E37/><V79/><F58/><W4/><G4/><T29/><D29/><N who="3" m="11369" /><G69/><T95/><D90/><U109/><E109/><V55/><F79/><W47/><AGARI ba="3,1" hai="15,18,22,42,47,50,64,67,93,96,100" m="11369" machi="47" ten="30,11700,0" yaku="8,1,52,3" doraHai="25" who="3" fromWho="3" sc="256,-42,119,-42,420,-42,195,136" /><INIT seed="7,4,0,1,1,77" ten="214,77,378,331" oya="3" hai0="7,120,55,80,76,109,125,94,16,17,56,25,63" hai1="73,118,51,89,53,4,46,111,127,31,90,69,105" hai2="64,88,5,62,132,1,33,91,18,39,19,61,133" hai3="108,8,97,128,3,66,27,87,68,67,47,41,42"/><W37/><G128/><T84/><D120/><U14/><E111/><V32/><F39/><W24/><G108/><T130/><D109/><U123/><E127/><V126/><F126/><W30/><G42/><T20/><D125/><U74/><E123/><V57/><F5/><W115/><G115/><T36/><D36/><U122/><E122/><V124/><F1/><W35/><G27/><T23/><D130/><U58/><E118/><V21/><F124/><W121/><G121/><T129/><D129/><U26/><E105/><V101/><F101/><W59/><G68/><T10/><D94/><U9/><E69/><V0/><F0/><W6/><G59/><T110/><D110/><U104/><E104/><V112/><F112/><W40/><G40/><T43/><D43/><U83/><E73/><V28/><F28/><W48/><G37/><T12/><REACH who="0" step="1"/><D23/><REACH who="0" ten="204,77,378,331" step="2"/><U38/><E38/><V114/><F114/><W75/><G75/><T135/><D135/><U95/><E95/><V85/><F21/><W119/><G119/><T2/><D2/><U60/><E74/><V107/><F107/><W102/><G87/><T49/><D49/><U22/><REACH who="1" step="1"/><E83/><REACH who="1" ten="204,67,378,331" step="2"/><V100/><F132/><W106/><AGARI ba="4,2" hai="3,6,8,24,30,35,41,47,48,66,67,97,102,106" machi="106" ten="20,2100,0" yaku="0,1,7,1" doraHai="77" who="3" fromWho="3" sc="204,-11,67,-11,378,-11,331,53" owari="193,-21.0,56,-44.0,367,17.0,384,48.0" /></mjloggm>