<mjloggm ver="2.3"><GO type="169" lobby="0"/><UN n0="%E5%B0%B1%E6%B4%BB%E7%94%9F%40%E5%B7%9D%E6%9D%91%E8%BB%8D%E5%9B%A3" n1="%72%30%33%31%30" n2="%72%75%75%72%75%75" n3="%70%70%67%75%6E" dan="16,16,16,17" rate="2081.47,2172.69,2058.78,2141.25" sx="M,M,M,M"/><TAIKYOKU oya="0"/><INIT seed="0,0,0,0,2,60" ten="250,250,250,250" oya="0" hai0="87,129,2,116,48,84,22,63,51,133,82,86,16" hai1="50,34,111,127,30,93,33,109,99,31,14,52,74" hai2="37,62,120,128,126,38,66,57,53,43,1,44,75" hai3="102,90,17,0,71,81,35,36,130,104,110,122,96"/><T88/><D116/><U92/><E74/><V83/><F1/><W113/><RYUUKYOKU type="yao9" ba="0,0" sc="250,0,250,0,250,0,250,0" hai3="0,17,35,36,71,81,90,96,102,104,110,113,122,130" /><INIT seed="0,1,0,0,0,109" ten="250,250,250,250" oya="0" hai0="86,125,87,28,64,123,24,126,36,70,7,93,32" hai1="10,13,30,83,68,114,85,95,11,42,72,40,115" hai2="120,71,94,2,77,81,59,67,98,60,99,15,3" hai3="37,75,23,56,18,135,44,58,1,121,90,51,128"/><T79/><D123/><U39/><E68/><V20/><F120/><W101/><G37/><T5/><D36/><U106/><E106/><V62/><F20/><W131/><G121/><T110/><D110/><U50/><E39/><V97/><F15/><W116/><G116/><T96/><D64/><U105/><E105/><V57/><F94/><W0/><G101/><T113/><D70/><U88/><E30/><V118/><F118/><W76/><G135/><T43/><D43/><U73/><E10/><V45/><F45/><W80/><G90/><T16/><D16/><N who="1" m="8255" /><E50/><V124/><F124/><N who="0" m="47722" /><D113/><N who="1" m="43019" /><E95/><V34/><F34/><W52/><G0/><T21/><D32/><U53/><E53/><V46/><F71/><W133/><G1/><T132/><D132/><U107/><E107/><V122/><F122/><W26/><G133/><T14/><D79/><U49/><E49/><V102/><F3/><W111/><G111/><T4/><D14/><U78/><E78/><V29/><F2/><W17/><G51/><T55/><D55/><U129/><E129/><V54/><F29/><W108/><G52/><T119/><D119/><U117/><E117/><V92/><F92/><W112/><G108/><T104/><D104/><U100/><E100/><AGARI ba="1,0" hai="4,5,7,21,24,28,86,87,93,96,100" m="47722" machi="100" ten="30,1500,0" yaku="18,1" doraHai="109" who="0" fromWho="1" sc="250,18,250,-18,250,0,250,0" /><INIT seed="0,2,0,5,3,93" ten="268,232,250,250" oya="0" hai0="64,44,18,90,88,36,85,71,70,86,118,120,92" hai1="55,87,29,0,50,45,109,61,106,56,4,2,46" hai2="103,28,24,114,23,127,47,104,6,27,34,12,72" hai3="123,110,41,21,13,94,20,68,32,130,69,101,115"/><T8/><D118/><U14/><E109/><V126/><F72/><W129/><G115/><T89/><D120/><U108/><E108/><V125/><F47/><W74/><G110/><T30/><D30/><U98/><E29/><N who="2" m="19775" /><F103/><W119/><G119/><T105/><D105/><U48/><E87/><V38/><F104/><W54/><G32/><T135/><D135/><U51/><E14/><V132/><F38/><W113/><G113/><T131/><D131/><N who="3" m="50185" /><G74/><T67/><D71/><N who="3" m="27209" /><G41/><T112/><D112/><U33/><E33/><V81/><F81/><W57/><G13/><N who="0" m="7463" /><D70/><U5/><E4/><V16/><F114/><W3/><G3/><T96/><D36/><U26/><E26/><V111/><F111/><W58/><G123/><T107/><D107/><U39/><E5/><V7/><F132/><W73/><G73/><T25/><D44/><U52/><E39/><V91/><F91/><N who="0" m="34890" /><D25/><U75/><E75/><V97/><F97/><N who="3" m="59575" /><G57/><T9/><D9/><AGARI ba="2,0" hai="6,7,9,12,16,23,24,28,125,126,127" m="19775" machi="9" ten="30,7700,0" yaku="18,1,34,2,54,1" doraHai="93" who="2" fromWho="0" sc="268,-83,232,0,250,83,250,0" /><INIT seed="1,0,0,4,2,17" ten="185,232,333,250" oya="1" hai0="6,31,127,24,43,42,8,108,82,15,18,131,132" hai1="84,128,117,12,120,38,113,134,44,95,118,5,46" hai2="45,90,106,9,122,81,27,37,114,116,2,47,40" hai3="63,26,97,25,109,77,107,55,16,41,13,14,30"/><U124/><E113/><V111/><F111/><W102/><G109/><T35/><D108/><U0/><E0/><V51/><F116/><W54/><G41/><T96/><D131/><U98/><E120/><V92/><F106/><W50/><G26/><T60/><D132/><U67/><E128/><V23/><F122/><W119/><G119/><T59/><D127/><U126/><E67/><V61/><F61/><W20/><G77/><T56/><D56/><U36/><E84/><V4/><F81/><W3/><G3/><T123/><D123/><U99/><E12/><V21/><F27/><W22/><G63/><T101/><D82/><U85/><E85/><V105/><F105/><W83/><G83/><T34/><D34/><U10/><E10/><V29/><F29/><W7/><G50/><T100/><D100/><U66/><E95/><V103/><F103/><W74/><G74/><T39/><D39/><U53/><E53/><V91/><F114/><W11/><AGARI ba="0,0" hai="7,11,13,14,16,20,22,25,30,54,55,97,102,107" machi="11" ten="30,7900,0" yaku="0,1,52,2,54,1" doraHai="17" who="3" fromWho="3" sc="185,-20,232,-39,333,-20,250,79" /><INIT seed="2,0,0,5,2,99" ten="165,193,313,329" oya="2" hai0="49,121,46,93,28,101,74,128,111,133,53,132,69" hai1="60,3,33,1,102,47,75,42,103,41,96,107,100" hai2="115,24,66,4,48,114,98,108,106,85,25,39,130" hai3="7,70,51,13,21,67,82,23,44,91,104,58,10"/><V113/><F39/><W112/><G70/><T50/><D74/><U9/><E33/><V72/><F72/><W110/><G104/><T35/><D121/><U90/><E75/><V129/><F108/><W27/><G110/><T118/><D111/><U116/><E116/><V19/><F19/><W31/><G112/><T78/><D69/><U17/><E41/><V59/><F4/><W105/><G105/><T122/><D122/><U86/><E60/><N who="2" m="38175" /><F48/><W18/><G58/><T135/><D128/><N who="2" m="49258" /><F85/><W54/><G67/><T131/><D131/><U16/><E107/><V84/><F84/><W11/><G7/><T55/><D118/><U5/><E96/><V32/><F32/><W134/><G134/><T43/><D78/><U52/><E1/><V127/><F127/><W94/><G82/><T65/><D65/><U77/><E77/><V62/><F62/><W64/><G64/><T97/><REACH who="0" step="1"/><D49/><REACH who="0" ten="155,193,313,329" step="2"/><U38/><REACH who="1" step="1"/><E52/><REACH who="1" ten="155,183,313,329" step="2"/><V26/><F114/><W125/><G125/><T29/><D29/><U57/><E57/><V88/><F115/><W36/><G36/><T30/><D30/><U126/><E126/><V12/><F113/><W40/><G54/><T0/><D0/><U68/><E68/><V79/><F79/><W37/><G37/><T87/><D87/><AGARI ba="0,2" hai="10,11,13,18,21,23,27,31,40,44,51,87,91,94" machi="87" ten="30,2000,0" yaku="7,1,8,1" doraHai="99" who="3" fromWho="0" sc="155,-20,183,0,313,0,329,40" /><INIT seed="3,0,0,3,1,114" ten="135,183,313,369" oya="3" hai0="97,93,99,29,110,23,0,98,26,101,107,17,11" hai1="122,43,131,4,118,126,38,27,96,82,70,18,94" hai2="36,7,62,51,69,20,83,37,135,12,22,80,85" hai3="115,111,39,81,116,102,47,1,53,68,55,133,60"/><W134/><G1/><T48/><D110/><U117/><E70/><V25/><F135/><N who="3" m="51723" /><G81/><T73/><D73/><U90/><E122/><V2/><F2/><W109/><G102/><T87/><D87/><U42/><E131/><V66/><F80/><W34/><G34/><T91/><D48/><U128/><E128/><V21/><F25/><W92/><G92/><T108/><D108/><N who="3" m="41545" /><G116/><N who="1" m="44650" /><E126/><V129/><F129/><W44/><G115/><T120/><D120/><U130/><E38/><V123/><F85/><W104/><G104/><T46/><D46/><N who="3" m="17449" /><G39/><T65/><D65/><AGARI ba="0,0" hai="53,55,60,65,68" m="17449,41545,51723" machi="65" ten="40,12000,1" yaku="20,1,14,1,10,1,34,2" doraHai="114" who="3" fromWho="0" sc="135,-120,183,0,313,0,369,120" /><INIT seed="3,1,0,2,5,52" ten="15,183,313,489" oya="3" hai0="61,8,41,69,100,74,14,121,73,20,128,119,90" hai1="97,11,125,62,26,53,95,86,56,28,9,65,130" hai2="22,18,124,135,51,94,98,30,104,131,64,32,68" hai3="77,89,120,47,59,70,72,132,133,107,31,75,42"/><W21/><G70/><T46/><D119/><U91/><E130/><V1/><F131/><W16/><G107/><T60/><D121/><U82/><E125/><V114/><F51/><W83/><G72/><T49/><D128/><U50/><E28/><V17/><F22/><W25/><G120/><T66/><D100/><U19/><E26/><N who="2" m="18519" /><F94/><W96/><G59/><T67/><D90/><U55/><E55/><V105/><F135/><W99/><G31/><T37/><D20/><U93/><E93/><V12/><F12/><W110/><G110/><T87/><D87/><U127/><E127/><V43/><F43/><W2/><G2/><T3/><D3/><U134/><E134/><N who="3" m="51818" /><G89/><T40/><D40/><U117/><E117/><V116/><F1/><W24/><G25/><T113/><D113/><U39/><E39/><AGARI ba="1,0" hai="16,21,24,39,42,47,75,77,83,96,99" m="51818" machi="39" ten="30,2900,0" yaku="20,1,54,1" doraHai="52" who="3" fromWho="1" sc="15,0,183,-32,313,0,489,32" /><INIT seed="3,2,0,0,0,35" ten="15,151,313,521" oya="3" hai0="104,93,29,69,51,34,94,3,12,41,8,25,67" hai1="7,116,2,110,4,59,15,17,52,98,130,20,28" hai2="111,23,14,54,40,107,82,30,79,132,88,103,133" hai3="49,58,81,6,72,105,92,16,43,96,101,71,66"/><W126/><G71/><T21/><D104/><U0/><E110/><V37/><F111/><W5/><G126/><T11/><D69/><U75/><E75/><V109/><F109/><W73/><G105/><T118/><D118/><U70/><E70/><V114/><F54/><W62/><G72/><T18/><D67/><U22/><E130/><V115/><F40/><W129/><G129/><T24/><D8/><U122/><E122/><V99/><F37/><W106/><G106/><T56/><D24/><U120/><E120/><V64/><F64/><W77/><G43/><T63/><D63/><U131/><E131/><V39/><F39/><W76/><G77/><T33/><D33/><U26/><E116/><V74/><F14/><W134/><G49/><T50/><D50/><U86/><E98/><N who="2" m="61943" /><F23/><W60/><G62/><T45/><REACH who="0" step="1"/><D56/><REACH who="0" ten="5,151,313,521" step="2"/><U68/><E68/><V31/><F132/><W84/><G134/><T10/><D10/><U125/><E26/><V89/><F133/><W121/><G121/><T83/><D83/><U127/><E59/><V119/><F119/><W91/><G81/><T44/><D44/><U1/><E22/><V87/><F82/><W57/><G58/><T100/><D100/><U95/><E20/><V46/><F46/><W42/><G101/><T36/><D36/><U9/><E9/><V48/><F48/><W65/><G57/><T47/><D47/><U102/><E102/><V90/><F114/><W117/><G65/><T78/><D78/><U124/><E124/><V55/><F115/><W97/><G76/><T123/><D123/><U108/><E127/><RYUUKYOKU ba="2,1" sc="5,30,151,-10,313,-10,521,-10" hai0="3,11,12,18,21,25,29,34,41,45,51,93,94" /><INIT seed="4,3,1,2,5,7" ten="35,141,303,511" oya="0" hai0="47,67,43,68,66,48,118,90,130,132,69,23,38" hai1="52,65,110,60,115,121,120,15,19,41,112,42,57" hai2="81,109,33,119,62,50,55,5,45,36,25,20,9" hai3="82,94,56,24,34,125,46,101,49,123,133,35,27"/><T51/><D118/><U98/><E98/><V28/><F109/><W2/><G2/><T116/><D116/><U70/><E110/><V106/><F119/><W32/><G56/><T71/><D90/><U108/><E108/><V113/><F113/><N who="1" m="43593" /><E15/><V54/><F36/><W18/><G82/><T64/><D23/><U8/><E8/><V134/><F134/><W58/><G58/><T39/><D130/><U61/><E19/><V80/><F106/><W59/><G59/><T124/><D124/><U131/><E131/><V0/><F62/><W30/><G125/><T91/><D91/><U3/><E3/><V26/><REACH who="2" step="1"/><F55/><REACH who="2" ten="35,141,293,511" step="2"/><W122/><G133/><T75/><D75/><U1/><E1/><V104/><F104/><W126/><G122/><AGARI ba="3,2" hai="41,42,52,57,60,61,65,70,120,121,122" m="43593" machi="122" ten="30,8000,1" yaku="15,1,11,1,34,2,54,1" doraHai="7" who="1" fromWho="3" sc="35,0,141,109,293,0,511,-89" /><INIT seed="5,0,0,4,5,119" ten="35,250,293,422" oya="1" hai0="72,48,17,77,2,83,14,30,54,86,107,43,42" hai1="15,45,87,93,26,78,80,113,40,127,0,105,133" hai2="88,117,52,124,103,44,21,5,32,56,108,7,125" hai3="99,23,97,10,61,1,63,118,81,95,46,71,67"/><U126/><E0/><V101/><F108/><W134/><G134/><T53/><D2/><U9/><E133/><V90/><F32/><W109/><G109/><T130/><D107/><U16/><E105/><V70/><F44/><W37/><G118/><T55/><D130/><U27/><E113/><V115/><F70/><W123/><G123/><T135/><D135/><U89/><E126/><N who="2" m="48747" /><F117/><W13/><G1/><T98/><D72/><U11/><E11/><V65/><F65/><W100/><G61/><T50/><D98/><U68/><E68/><V18/><F101/><W104/><G81/><T121/><D121/><U129/><E129/><V131/><F103/><W22/><G46/><T74/><D74/><U111/><E111/><V132/><F115/><W79/><G79/><T12/><D30/><U49/><REACH who="1" step="1"/><E127/><REACH who="1" ten="35,240,293,422" step="2"/><V62/><F132/><W33/><G10/><T34/><D34/><U91/><E91/><N who="2" m="34859" /><F131/><W128/><G33/><T76/><D76/><U59/><E59/><V102/><F102/><W73/><G128/><T64/><D64/><U96/><AGARI ba="0,1" hai="9,15,16,26,27,40,45,49,78,80,87,89,93,96" machi="96" ten="20,18000,2" yaku="1,1,0,1,7,1,8,1,54,1,53,1" doraHai="119" doraHaiUra="75" who="1" fromWho="1" sc="35,-60,240,190,293,-60,422,-60" owari="-25,-53.0,430,54.0,233,-17.0,362,16.0" /></mjloggm>