<mjloggm ver="2.3"><GO type="97" lobby="0"/><UN n0="%E5%B0%B1%E6%B4%BB%E7%94%9F%40%E5%B7%9D%E6%9D%91%E8%BB%8D%E5%9B%A3" n1="%E5%8B%9D%E8%B2%A0%E5%B8%AB" n2="%42%4F%53%53%37" n3="%E3%82%8B%E3%83%BC%E3%83%BC%E3%83%BC%E3%81%8F" dan="15,13,15,13" rate="1976.24,1831.04,1975.93,1954.23" sx="M,M,M,M"/><TAIKYOKU oya="0"/><INIT seed="0,0,0,2,3,127" ten="250,250,250,250" oya="0" hai0="36,103,117,12,65,52,55,130,5,48,109,73,63" hai1="135,106,113,20,17,96,95,94,132,76,44,37,83" hai2="79,46,68,111,114,8,122,98,131,4,42,123,70" hai3="119,116,66,69,24,81,13,54,47,115,90,28,18"/><T91/><D117/><U126/><E126/><V85/><F114/><W51/><G115/><T71/><D73/><U121/><E121/><V92/><F111/><W75/><G66/><T104/><D109/><U6/><E6/><V41/><F41/><W38/><G69/><T118/><D36/><U112/><E106/><V107/><F107/><W99/><G38/><T108/><D108/><U64/><E64/><V72/><F72/><W59/><G75/><T43/><D118/><U77/><E95/><V19/><F19/><W102/><G59/><T15/><D43/><U45/><E77/><V40/><F40/><W125/><G125/><T124/><D124/><U39/><E39/><V26/><F26/><W21/><G102/><T23/><D55/><U97/><E97/><V49/><F70/><W16/><G18/><T80/><D103/><N who="1" m="60823" /><E37/><V120/><F68/><W57/><G99/><T62/><D104/><U78/><E78/><V10/><F4/><W100/><G100/><T89/><D5/><U129/><E45/><V60/><F60/><W14/><G57/><T74/><D63/><U34/><E44/><V50/><F49/><W133/><G133/><N who="1" m="51274" /><E34/><V61/><F122/><W128/><G128/><T101/><D101/><U56/><E129/><V22/><F131/><W11/><G13/><N who="0" m="5195" /><D130/><U105/><E56/><V31/><F120/><W87/><AGARI ba="0,0" hai="11,14,16,21,24,28,47,51,54,81,87,90,116,119" machi="87" ten="30,7900,0" yaku="0,1,25,2,54,1" doraHai="127" who="3" fromWho="3" sc="250,-39,250,-20,250,-20,250,79" /><INIT seed="1,0,0,2,1,108" ten="211,230,230,329" oya="1" hai0="120,72,52,83,67,76,87,57,86,8,75,42,41" hai1="30,134,53,39,45,50,43,47,59,92,98,5,65" hai2="40,133,27,68,23,26,1,14,51,102,79,49,25" hai3="3,131,101,80,17,61,88,71,55,135,31,29,78"/><U132/><E5/><V106/><F1/><W18/><G3/><T63/><D120/><U36/><E30/><V105/><F68/><W13/><G135/><N who="1" m="51754" /><E92/><V100/><F133/><W89/><G101/><T95/><D72/><U104/><E104/><V62/><F79/><W93/><G131/><T2/><D75/><U37/><E98/><V116/><F116/><W111/><G111/><T112/><D112/><U46/><E65/><V6/><F62/><AGARI ba="0,0" hai="36,37,39,43,45,46,47,50,53,59,62" m="51754" machi="62" ten="40,7700,0" yaku="20,1,34,2" doraHai="108" who="1" fromWho="2" sc="211,0,230,77,230,-77,329,0" /><INIT seed="1,1,0,3,5,127" ten="211,307,153,329" oya="1" hai0="89,18,11,35,71,59,78,81,77,0,112,93,54" hai1="61,17,30,110,3,67,94,74,43,46,80,129,115" hai2="50,14,7,10,100,118,65,23,83,97,119,57,134" hai3="133,90,107,45,6,32,72,13,52,12,126,40,47"/><U41/><E115/><V53/><F134/><W91/><G133/><T27/><D71/><U75/><E3/><V109/><F109/><W8/><G8/><T87/><D112/><U48/><E110/><V51/><F118/><W102/><G32/><T79/><D0/><U98/><E43/><V114/><F114/><W1/><G72/><T101/><D101/><U95/><E30/><V22/><F119/><W21/><G102/><T60/><D35/><U121/><E95/><V106/><F83/><W16/><G107/><T122/><D122/><U2/><E17/><V111/><F111/><W29/><G126/><T55/><D55/><U28/><E28/><V64/><F51/><N who="3" m="27047" /><G1/><T76/><D11/><U124/><E2/><V73/><F73/><W96/><G96/><T99/><REACH who="0" step="1"/><D76/><REACH who="0" ten="201,307,153,329" step="2"/><U68/><E121/><V42/><F42/><W15/><G52/><T113/><D113/><U5/><E124/><V86/><F64/><W123/><G123/><T103/><D103/><U38/><E67/><V132/><F132/><W108/><G108/><T131/><D131/><U34/><E41/><V70/><F70/><W37/><G6/><T26/><D26/><U36/><E68/><V33/><F33/><W25/><G25/><T105/><D105/><U4/><E34/><V31/><F65/><W104/><G104/><T69/><D69/><U56/><E56/><V117/><F117/><W58/><G58/><T62/><D62/><U44/><E61/><V82/><F31/><W85/><G29/><T88/><D88/><AGARI ba="1,1" hai="7,10,14,22,23,50,53,57,82,86,88,97,100,106" machi="88" ten="30,2000,0" yaku="7,1,54,1" doraHai="127" who="2" fromWho="0" sc="201,-23,307,0,153,33,329,0" /><INIT seed="2,0,0,4,4,113" ten="178,307,186,329" oya="2" hai0="28,100,64,103,47,22,15,132,25,0,97,72,31" hai1="42,56,81,126,10,89,11,8,40,18,109,74,65" hai2="52,38,46,35,98,131,130,68,29,79,96,115,60" hai3="101,43,17,14,36,70,112,94,66,87,33,6,86"/><V9/><F115/><W122/><G112/><T114/><D0/><U59/><E126/><V121/><F121/><W45/><G33/><T19/><D114/><U1/><E109/><V92/><F79/><W53/><G122/><T77/><D132/><U82/><E74/><V16/><F35/><W78/><G6/><T80/><D64/><U102/><E102/><V99/><F29/><W34/><G34/><T119/><D119/><U90/><E18/><V118/><F118/><W13/><G13/><T69/><D69/><U129/><E129/><N who="2" m="49163" /><F68/><W39/><G53/><T67/><D67/><U44/><E1/><V7/><F38/><W75/><G39/><T63/><D63/><N who="1" m="38119" /><E59/><N who="2" m="34919" /><F46/><W135/><G66/><T76/><D76/><U123/><E44/><V133/><F7/><W108/><G70/><T85/><D72/><U128/><E128/><V24/><F133/><W58/><G58/><T120/><D120/><U3/><E3/><V83/><F83/><N who="1" m="31753" /><E123/><V49/><F49/><W134/><G78/><T48/><D31/><U111/><E111/><V51/><F51/><W26/><G135/><T116/><D116/><U93/><E90/><N who="2" m="55319" /><F9/><W5/><G45/><T2/><D2/><U84/><AGARI ba="0,0" hai="8,10,11,40,42,84,89,93" m="31753,38119" machi="84" ten="30,1100,0" yaku="8,1" doraHai="113" who="1" fromWho="1" sc="178,-3,307,11,186,-5,329,-3" /><INIT seed="3,0,0,2,1,69" ten="175,318,181,326" oya="3" hai0="42,77,51,49,130,18,96,131,19,93,84,125,12" hai1="112,109,103,66,123,68,67,10,104,56,99,70,48" hai2="2,3,38,76,100,129,30,17,34,40,21,121,73" hai3="101,126,53,58,63,60,20,35,132,15,127,133,86"/><W27/><G101/><N who="0" m="60559" /><D125/><N who="3" m="47625" /><G35/><T54/><D42/><U114/><E123/><V113/><F121/><W135/><G15/><T50/><D54/><U102/><E109/><V5/><F113/><W64/><G86/><T115/><D115/><U55/><E10/><V118/><F118/><W75/><G75/><T28/><D28/><U7/><E7/><V25/><F129/><N who="0" m="49162" /><D12/><U11/><E11/><N who="2" m="2487" /><F3/><W92/><G92/><T124/><D124/><U134/><E103/><V8/><F100/><W90/><G90/><T1/><D1/><U94/><E104/><V110/><F110/><W9/><G9/><T14/><D14/><U36/><E70/><V111/><F111/><W78/><G78/><T119/><D119/><U79/><E79/><V59/><F59/><N who="3" m="36895" /><G135/><T108/><D108/><U31/><E134/><V83/><F8/><W105/><G105/><T74/><D74/><U62/><E31/><AGARI ba="0,0" hai="20,27,31,53,58,63,132,133" m="36895,47625" machi="31" ten="30,1500,0" yaku="18,1" doraHai="69" who="3" fromWho="1" sc="175,0,318,-15,181,0,326,15" owari="175,-32.0,303,10.0,181,-22.0,341,44.0" /></mjloggm>