<mjloggm ver="2.3"><GO type="169" lobby="0"/><UN n0="%6B%79%6F%6E%6B%6F%31%31" n1="%52%69%2D%4D%6F%2D" n2="%E5%B0%B1%E6%B4%BB%E7%94%9F%40%E5%B7%9D%E6%9D%91%E8%BB%8D%E5%9B%A3" n3="%E3%82%B7%E3%83%A3%E3%83%B3%E3%83%86%E3%83%B3%E5%9C%B0%E7%8D%84%E2%98%86" dan="17,17,16,17" rate="2135.42,2105.83,2086.23,2201.80" sx="M,M,M,M"/><TAIKYOKU oya="0"/><INIT seed="0,0,0,2,0,109" ten="250,250,250,250" oya="0" hai0="61,78,64,129,39,27,79,91,90,134,73,74,128" hai1="5,69,66,15,88,71,32,50,132,24,116,81,70" hai2="36,55,63,9,54,3,29,86,92,95,133,1,65" hai3="38,80,94,122,77,14,26,11,89,112,97,105,99"/><T33/><D39/><U25/><E116/><V117/><F36/><W68/><G68/><T115/><D27/><U123/><E123/><V31/><F117/><W135/><G122/><T67/><D61/><U47/><E66/><N who="0" m="25129" /><D33/><U49/><E132/><V57/><F133/><W52/><G135/><T40/><D40/><U30/><E24/><V20/><F3/><W41/><G41/><T120/><D120/><U96/><E47/><V37/><F37/><W107/><G38/><T72/><D134/><U110/><E110/><V10/><F1/><W85/><G26/><T58/><D58/><U127/><E127/><V51/><F55/><W98/><G52/><T35/><D35/><U18/><E5/><V93/><F86/><N who="3" m="52535" /><G14/><T108/><D108/><U121/><E121/><V114/><F114/><W17/><G11/><T119/><D119/><U42/><E42/><V53/><F53/><W100/><G17/><T19/><D19/><U130/><E130/><N who="0" m="50281" /><D115/><U60/><E60/><V43/><F43/><W21/><G21/><T46/><D46/><U124/><E124/><V126/><F126/><W101/><G112/><T0/><D0/><U34/><E34/><V56/><F20/><W8/><G8/><AGARI ba="0,0" hai="8,9,10,29,31,51,54,56,57,63,65,92,93,95" machi="8" ten="40,1300,0" yaku="8,1" doraHai="109" who="2" fromWho="3" sc="250,0,250,0,250,13,250,-13" /><INIT seed="1,0,0,1,0,42" ten="250,250,263,237" oya="1" hai0="86,28,45,129,17,52,76,120,4,128,8,48,15" hai1="1,94,55,127,2,19,5,57,116,68,84,88,24" hai2="31,37,56,39,121,131,107,104,83,62,90,113,119" hai3="0,10,77,21,96,66,61,59,49,33,93,126,22"/><U43/><E116/><V105/><F119/><W103/><G33/><T30/><D120/><U44/><E68/><V118/><F121/><W27/><G126/><T47/><D76/><U82/><E127/><V125/><F118/><W97/><G77/><T25/><D86/><U20/><E5/><V40/><F125/><W16/><G0/><T65/><D65/><U102/><E102/><V87/><F113/><W106/><G49/><T111/><D111/><U29/><E29/><V34/><F131/><W23/><REACH who="3" step="1"/><G10/><REACH who="3" ten="250,250,263,227" step="2"/><T64/><D129/><U133/><E133/><V54/><F40/><W6/><G6/><T98/><D128/><U32/><E32/><V18/><F34/><W13/><G13/><T9/><D9/><U130/><E130/><V108/><F108/><W69/><G69/><T109/><D109/><U114/><E114/><V12/><REACH who="2" step="1"/><F31/><REACH who="2" ten="250,250,253,227" step="2"/><W14/><G14/><T50/><D28/><U135/><E1/><V132/><F132/><W58/><G58/><T67/><D30/><U74/><E2/><V79/><F79/><W122/><G122/><T75/><D75/><U72/><E135/><V81/><F81/><W63/><G63/><T92/><D4/><U89/><E82/><V95/><F95/><W38/><G38/><T112/><D112/><U100/><E74/><V11/><AGARI ba="0,2" hai="11,12,18,37,39,54,56,62,83,87,90,104,105,107" machi="11" ten="30,2000,0" yaku="1,1,0,1,53,0" doraHai="42" doraHaiUra="73" who="2" fromWho="2" sc="250,-5,250,-10,253,40,227,-5" /><INIT seed="2,0,0,0,4,135" ten="245,240,293,222" oya="2" hai0="31,117,108,85,98,125,124,50,63,128,110,109,16" hai1="41,33,22,112,70,74,129,61,6,20,2,65,86" hai2="9,131,106,89,64,1,62,81,113,3,34,19,90" hai3="134,111,25,92,30,78,43,72,46,114,0,93,122"/><V32/><F113/><W88/><G122/><T126/><D31/><U24/><E74/><V4/><F106/><W99/><G114/><T94/><D128/><U130/><E112/><V21/><F131/><N who="1" m="50185" /><E41/><V12/><F1/><W103/><G134/><T118/><D50/><U66/><E66/><V80/><F80/><W17/><G0/><T119/><D63/><U100/><E100/><V96/><F89/><W105/><G111/><T40/><D40/><U77/><E33/><V68/><REACH who="2" step="1"/><F81/><REACH who="2" ten="245,240,283,222" step="2"/><W127/><G105/><T59/><D59/><U116/><E2/><V71/><F71/><W123/><G78/><T82/><D16/><U48/><E77/><V52/><F52/><W83/><G17/><T101/><D109/><U69/><E70/><V44/><F44/><W58/><G83/><T29/><D29/><U45/><E45/><V42/><F42/><W104/><G58/><T133/><D133/><U132/><E132/><V51/><F51/><W120/><G46/><T14/><D14/><U76/><E48/><V15/><F15/><W47/><G47/><T67/><D67/><U5/><E65/><V91/><F91/><AGARI ba="0,1" hai="82,85,91,94,98,101,108,110,117,118,119,124,125,126" machi="91" ten="50,16000,3" yaku="12,1,18,1,34,3,52,3" doraHai="135" who="0" fromWho="2" sc="245,170,240,0,283,-160,222,0" /><INIT seed="3,0,0,4,1,88" ten="415,240,123,222" oya="3" hai0="0,52,13,35,126,119,84,29,130,58,100,95,91" hai1="37,70,80,118,54,71,9,106,120,107,26,36,50" hai2="90,111,83,127,87,102,28,75,18,51,99,56,43" hai3="2,121,123,93,110,14,134,22,5,92,133,34,115"/><W40/><G34/><T98/><D126/><U57/><E120/><V11/><F111/><W60/><G115/><T66/><D130/><U114/><E114/><V16/><F127/><W4/><G40/><T41/><D0/><U30/><E118/><V59/><F75/><W65/><G110/><T69/><D119/><U27/><E9/><V3/><F28/><W109/><G109/><T63/><D41/><U7/><E7/><N who="3" m="2634" /><G2/><T24/><D13/><U38/><E80/><V20/><F3/><W82/><G82/><T10/><D10/><U117/><E117/><V96/><F11/><W116/><G116/><T6/><D6/><U113/><E113/><V55/><F43/><W25/><G14/><T74/><D74/><U49/><E30/><V101/><F59/><N who="3" m="37023" /><G121/><T48/><D69/><N who="1" m="26123" /><E54/><V64/><F64/><W61/><G123/><T85/><D66/><U23/><E23/><V31/><F31/><N who="3" m="17847" /><G61/><T135/><D135/><AGARI ba="0,0" hai="92,93,133,134,135" m="17847,37023,2634" machi="135" ten="30,5800,0" yaku="20,1,52,2" doraHai="88" who="3" fromWho="0" sc="415,-58,240,0,123,0,222,58" /><INIT seed="3,1,0,2,3,120" ten="357,240,123,280" oya="3" hai0="8,61,55,81,31,83,77,105,22,13,27,56,108" hai1="98,93,128,57,18,129,12,14,113,130,48,9,52" hai2="41,91,72,21,90,68,63,114,95,133,102,110,53" hai3="134,58,19,86,67,103,40,16,47,125,132,34,117"/><W97/><G117/><T54/><D105/><U100/><REACH who="1" step="1"/><E14/><REACH who="1" ten="357,230,123,280" step="2"/><V122/><F114/><AGARI ba="1,1" hai="9,12,18,48,52,57,93,98,100,113,114,128,129,130" machi="114" ten="40,8000,1" yaku="21,2,2,1,19,1,54,1,53,0" doraHai="120" doraHaiUra="3" who="1" fromWho="2" sc="357,0,230,93,123,-83,280,0" /><INIT seed="4,0,0,1,3,114" ten="357,323,40,280" oya="0" hai0="30,16,27,66,46,91,118,52,124,129,64,32,50" hai1="76,125,109,108,105,13,92,29,95,62,67,126,120" hai2="134,77,56,132,6,48,131,38,110,99,86,49,117" hai3="34,106,5,51,14,53,36,18,54,11,85,94,23"/><T37/><D118/><U75/><E29/><V10/><F38/><W78/><G106/><T98/><D124/><N who="1" m="47723" /><E13/><V122/><F122/><W119/><G36/><T63/><D129/><U19/><E19/><V57/><F110/><N who="1" m="42601" /><E120/><V107/><F131/><W7/><G119/><T43/><D63/><U42/><E42/><V33/><F33/><W100/><G34/><T60/><D60/><U79/><E105/><V8/><F117/><W71/><G71/><T28/><D28/><U97/><E75/><V101/><F86/><W17/><G17/><T45/><REACH who="0" step="1"/><D16/><REACH who="0" ten="347,323,40,280" step="2"/><U1/><E62/><V90/><F10/><W15/><G11/><T61/><D61/><U133/><E67/><V26/><F26/><W24/><G24/><T116/><D116/><U88/><E133/><V96/><F134/><W2/><G18/><T123/><D123/><U9/><E9/><V130/><F132/><W70/><G70/><T103/><D103/><N who="1" m="60839" /><E1/><V35/><F130/><W83/><G2/><T22/><D22/><U55/><E55/><V0/><F8/><W113/><G53/><T80/><D80/><U84/><AGARI ba="0,1" hai="76,79,84,88,95" m="60839,42601,47723" machi="84" ten="30,7900,0" yaku="18,1,34,2,54,1" doraHai="114" who="1" fromWho="1" sc="347,-39,323,89,40,-20,280,-20" /><INIT seed="5,0,0,1,3,41" ten="308,412,20,260" oya="1" hai0="111,100,81,18,11,43,120,121,36,124,128,99,77" hai1="119,108,24,26,35,58,80,40,48,98,126,46,117" hai2="95,72,27,104,73,59,55,20,132,37,131,67,90" hai3="130,114,66,6,87,94,88,135,13,2,93,133,64"/><U116/><E126/><V127/><F131/><W16/><G130/><T44/><D128/><U57/><E108/><V60/><F132/><N who="3" m="50763" /><G114/><T14/><D124/><U92/><E80/><V82/><F127/><W129/><G129/><T62/><D62/><U51/><E35/><V15/><F104/><W3/><G94/><T115/><D115/><U56/><REACH who="1" step="1"/><E48/><REACH who="1" ten="308,402,20,260" step="2"/><V28/><F37/><W30/><G30/><T5/><D111/><U22/><E22/><V103/><F15/><W107/><G107/><T12/><D12/><U78/><E78/><V39/><F39/><W89/><G89/><AGARI ba="0,1" hai="24,26,40,46,51,56,57,58,89,92,98,116,117,119" machi="89" ten="50,9600,0" yaku="1,1,52,1,53,1" doraHai="41" doraHaiUra="47" who="1" fromWho="3" sc="308,0,402,106,20,0,260,-96" /><INIT seed="5,1,0,5,1,111" ten="308,508,20,164" oya="1" hai0="19,21,17,121,73,33,61,27,70,66,76,134,91" hai1="102,133,6,109,39,47,36,71,12,107,74,4,123" hai2="0,40,52,22,125,44,64,94,92,130,57,46,54" hai3="77,113,106,100,85,35,59,131,24,11,89,72,68"/><U67/><E123/><V82/><F0/><W13/><G68/><T124/><D121/><U55/><E74/><V34/><F34/><W49/><G131/><T10/><D33/><U23/><E109/><V79/><F125/><W63/><G72/><T9/><D124/><U37/><E71/><V38/><F130/><W83/><G49/><T127/><D127/><U51/><E67/><V7/><F7/><W25/><G35/><T86/><D134/><U41/><E41/><V117/><F117/><W18/><G77/><T119/><D119/><U90/><E107/><V112/><F112/><W98/><G113/><T56/><D70/><U116/><E102/><V31/><F64/><AGARI ba="1,0" hai="11,13,18,24,25,59,63,64,83,85,89,98,100,106" machi="64" ten="30,1000,0" yaku="7,1" doraHai="111" who="3" fromWho="2" sc="308,0,508,0,20,-13,164,13" /><INIT seed="6,0,0,1,4,105" ten="308,508,7,177" oya="2" hai0="49,26,101,32,107,72,21,60,30,133,14,92,128" hai1="10,87,84,34,11,20,97,69,23,82,127,65,24" hai2="131,119,43,51,3,16,83,61,1,117,103,90,33" hai3="78,73,102,54,48,59,99,108,76,124,47,77,125"/><V12/><F33/><W28/><G108/><T110/><D110/><U53/><E69/><V17/><F103/><W134/><G134/><T7/><D107/><U27/><E65/><V55/><F131/><W39/><G28/><T75/><D128/><U122/><E34/><V129/><F129/><W50/><G39/><T13/><D133/><U68/><E27/><V120/><F120/><W45/><G73/><T113/><D32/><U2/><E24/><V106/><F106/><N who="3" m="63839" /><G50/><T64/><D49/><U70/><E127/><AGARI ba="0,0" hai="45,47,48,54,59,76,77,78,124,125,127" m="63839" machi="127" ten="30,1000,0" yaku="18,1" doraHai="105" who="3" fromWho="1" sc="308,0,508,-10,7,0,177,10" /><INIT seed="7,0,0,5,1,128" ten="308,498,7,187" oya="3" hai0="120,103,73,125,127,12,42,129,100,32,3,67,58" hai1="134,47,18,121,62,112,36,9,52,50,82,117,16" hai2="43,63,85,99,119,94,106,76,28,71,57,55,115" hai3="24,15,70,51,133,135,49,45,123,109,53,41,122"/><W93/><G15/><T39/><D3/><U40/><E134/><N who="3" m="51210" /><G109/><T13/><D32/><U113/><E121/><N who="3" m="46090" /><G93/><T105/><D120/><U29/><E9/><V14/><F106/><W132/><N who="3" m="51218" /><W64/><DORA hai="4" /><G24/><T31/><D31/><U60/><E29/><V59/><F119/><W44/><G64/><T116/><D73/><U27/><E18/><V37/><F115/><W130/><G70/><T17/><D116/><U78/><E16/><V68/><F68/><W98/><G98/><T91/><D129/><AGARI ba="0,0" hai="41,44,45,49,51,53,129,130" m="46090,51218" machi="129" ten="50,18000,2" yaku="20,1,34,2,52,4" doraHai="128,4" who="3" fromWho="0" sc="308,-180,498,0,7,0,187,180" /><INIT seed="7,1,0,1,0,108" ten="128,498,7,367" oya="3" hai0="67,84,32,61,105,132,114,12,125,134,91,118,81" hai1="28,10,86,120,112,9,34,27,16,104,135,19,2" hai2="93,26,54,73,76,80,83,44,115,1,49,106,4" hai3="63,59,126,97,11,98,47,21,18,110,52,31,43"/><W0/><G110/><T6/><D32/><U85/><E112/><V117/><F106/><W45/><G126/><T89/><D105/><U131/><E120/><V48/><F117/><W36/><G31/><T103/><D103/><U79/><E104/><V56/><F1/><W116/><G116/><T95/><D125/><U57/><E131/><V109/><F4/><W122/><G122/><T33/><D33/><U88/><E79/><V82/><F109/><W65/><G0/><T75/><D114/><U38/><E38/><V119/><F119/><W102/><G11/><T40/><D40/><U39/><E39/><V78/><F93/><W72/><G72/><T46/><D46/><U121/><E121/><V69/><F69/><W101/><G101/><T15/><D75/><U41/><E41/><V35/><F35/><W129/><G129/><T113/><D113/><U77/><E77/><V17/><F17/><W128/><G128/><T30/><D30/><U55/><E135/><V24/><F82/><W90/><G102/><T96/><D6/><U127/><E127/><V70/><F70/><W20/><G20/><T94/><D81/><N who="1" m="49199" /><E86/><V130/><F130/><W87/><G47/><T22/><D22/><U64/><E2/><V13/><F13/><W111/><G65/><T60/><D118/><U62/><E64/><V100/><F100/><W14/><REACH who="3" step="1"/><G111/><REACH who="3" ten="128,498,7,357" step="2"/><T23/><D23/><U74/><E74/><N who="2" m="43031" /><F115/><W5/><G5/><T53/><D67/><U71/><E10/><V8/><F8/><W37/><G37/><T123/><D123/><U107/><E9/><V124/><F124/><RYUUKYOKU ba="1,1" sc="128,-15,498,-15,7,15,357,15" hai2="24,26,44,48,49,54,56,73,78,83" hai3="14,18,21,36,43,45,52,59,63,87,90,97,98" /><INIT seed="7,2,1,0,0,49" ten="113,483,22,372" oya="3" hai0="86,123,111,96,81,128,38,102,65,79,33,60,118" hai1="0,20,77,116,94,25,8,35,37,46,59,108,85" hai2="68,41,42,130,83,31,74,53,13,45,90,54,43" hai3="61,97,115,29,125,122,24,17,10,44,78,26,113"/><W50/><G122/><T98/><D33/><U101/><E108/><V47/><F68/><W39/><G39/><T5/><D38/><U57/><E35/><V119/><F119/><W107/><G78/><T58/><D118/><U18/><E116/><V134/><F134/><W63/><G125/><T55/><D111/><U70/><E70/><V106/><F106/><W76/><G76/><T51/><D123/><U72/><E72/><V91/><F130/><W30/><G107/><T4/><D128/><U132/><E132/><V120/><F120/><W75/><G75/><T117/><D117/><U93/><E0/><V71/><F71/><W135/><G97/><N who="0" m="37483" /><D102/><U27/><E101/><V84/><F74/><W99/><G99/><T87/><D87/><U112/><E112/><N who="3" m="43082" /><G135/><T80/><D80/><N who="1" m="47247" /><E37/><V34/><F34/><N who="3" m="20775" /><G17/><T133/><D133/><U109/><E109/><V40/><N who="2" m="10752" /><DORA hai="88" /><V3/><F3/><W6/><G26/><T48/><D48/><U105/><E27/><V103/><F103/><W16/><G30/><T92/><D92/><N who="1" m="35435" /><E105/><V126/><F126/><W23/><G23/><T100/><D100/><U14/><E46/><AGARI ba="2,1" hai="4,5,46,51,55,58,60,65,79,81,86" m="37483" machi="46" ten="30,2000,0" yaku="8,1,52,1" doraHai="49,88" who="0" fromWho="1" sc="113,36,483,-26,22,0,372,0" owari="149,-25.0,457,56.0,22,-48.0,372,17.0" /></mjloggm>