<mjloggm ver="2.3"><GO type="225" lobby="0"/><UN n0="%E7%99%BE%E5%BC%8F%E8%A6%B3%E9%9F%B3" n1="%E3%83%89%E3%83%90%E3%82%AF%E3%83%81%E5%A4%A7%E9%87%8E" n2="%E6%B3%95%E6%94%BF%E5%A4%A7%E5%AD%A6%EF%BC%93%E5%B9%B4" n3="%E5%B0%B1%E6%B4%BB%E7%94%9F%40%E5%B7%9D%E6%9D%91%E8%BB%8D%E5%9B%A3" dan="17,16,17,16" rate="2172.79,2138.50,2175.95,2069.56" sx="M,M,M,M"/><TAIKYOKU oya="0"/><INIT seed="0,0,0,0,0,19" ten="250,250,250,250" oya="0" hai0="73,17,60,29,85,52,7,79,66,21,37,41,62" hai1="39,6,129,25,49,84,118,135,4,40,0,117,74" hai2="38,130,26,133,46,134,53,8,124,24,75,33,116" hai3="59,72,16,5,127,111,54,56,99,45,114,81,92"/><T91/><D7/><U93/><E74/><V106/><F106/><W125/><G114/><T42/><D37/><U110/><E39/><V58/><F75/><W96/><G111/><T70/><D29/><U35/><E110/><V44/><F8/><W107/><G107/><T15/><D79/><U11/><E6/><V63/><F33/><W104/><G104/><T86/><D73/><U10/><E10/><V132/><F124/><N who="3" m="47691" /><G5/><T47/><D86/><U77/><E135/><V48/><F130/><W61/><G45/><N who="2" m="17513" /><F24/><W100/><G96/><T108/><D108/><U9/><E129/><V13/><F26/><W65/><G81/><T1/><D1/><U36/><E36/><V51/><F38/><W120/><G120/><T55/><D55/><U97/><E11/><V121/><F13/><W88/><G72/><T18/><D18/><U69/><E69/><V119/><F121/><W80/><G80/><T76/><D76/><U89/><E40/><V20/><F20/><W32/><G32/><T71/><D71/><U115/><E115/><V31/><F31/><W67/><G16/><T27/><D15/><U22/><E35/><V83/><F83/><W128/><G128/><T50/><D60/><U87/><E49/><AGARI ba="0,0" hai="48,49,51,53,58,63,116,119,132,133,134" m="17513" machi="49" ten="40,5200,0" yaku="20,1,34,2" doraHai="19" who="2" fromWho="1" sc="250,0,250,-52,250,52,250,0" /><INIT seed="1,0,0,0,2,71" ten="250,198,302,250" oya="1" hai0="101,92,3,44,54,90,32,110,119,60,63,105,2" hai1="128,89,82,1,135,66,87,114,53,75,38,118,107" hai2="126,49,57,68,9,22,13,70,37,97,20,19,40" hai3="123,121,99,24,125,72,42,86,74,64,5,51,35"/><U31/><E1/><V129/><F37/><W133/><G64/><T59/><D119/><U81/><E118/><V84/><F70/><W112/><G5/><T76/><D32/><U80/><E66/><V104/><F68/><W4/><G4/><T96/><D110/><U100/><E31/><V132/><F104/><W28/><G112/><T83/><D44/><U29/><E29/><V103/><F126/><W6/><G6/><T106/><D60/><U58/><E38/><V36/><F36/><W95/><G125/><T11/><D11/><U79/><E114/><V48/><F129/><W94/><G133/><T10/><D10/><U127/><E127/><V62/><F84/><W7/><G7/><T113/><D113/><U61/><E135/><V98/><F132/><W52/><G42/><T50/><D63/><U30/><E30/><V0/><F0/><W120/><G86/><N who="0" m="52311" /><D105/><U21/><E21/><N who="2" m="8299" /><F103/><W34/><G34/><T25/><D25/><U122/><E122/><V134/><F134/><W47/><REACH who="3" step="1"/><G99/><REACH who="3" ten="250,198,302,240" step="2"/><N who="2" m="37897" /><F40/><W117/><G117/><T17/><D17/><U111/><E111/><V78/><F19/><W130/><G130/><T27/><D27/><U56/><E128/><V43/><F43/><W55/><G55/><T26/><D26/><U102/><E107/><V65/><F65/><W108/><G108/><T46/><D3/><U14/><E14/><V16/><F13/><W8/><G8/><T116/><D2/><U91/><E91/><V67/><F9/><W39/><G39/><T18/><D116/><U12/><E12/><V45/><F16/><W41/><G41/><RYUUKYOKU ba="0,1" sc="250,-10,198,-10,302,-10,240,30" hai3="24,28,35,47,51,52,72,74,94,95,120,121,123" /><INIT seed="2,1,1,0,2,74" ten="240,188,292,270" oya="2" hai0="32,68,87,77,37,45,109,17,111,79,61,7,65" hai1="15,35,96,75,29,16,112,114,31,4,71,115,132" hai2="63,25,134,14,6,24,81,93,56,2,67,98,119" hai3="126,94,105,121,12,84,83,41,18,90,101,20,78"/><V40/><F119/><W92/><G121/><T128/><D32/><U48/><E71/><V66/><F2/><W117/><G117/><T60/><D128/><U21/><E75/><V106/><F106/><W102/><G126/><T52/><D7/><U104/><E104/><V127/><F127/><W107/><G41/><T97/><D97/><U26/><E96/><V129/><F129/><W49/><G107/><T86/><D37/><U10/><E48/><V110/><F134/><W0/><G0/><T13/><D86/><U39/><E39/><V64/><F40/><W30/><G105/><T133/><D87/><U131/><E131/><V57/><F81/><W100/><G30/><N who="1" m="11274" /><E132/><V11/><F110/><N who="0" m="41994" /><D133/><U85/><E85/><V54/><F57/><W69/><G69/><T22/><D45/><U72/><E72/><V76/><F76/><W89/><G49/><T8/><D8/><U122/><E35/><V113/><REACH who="2" step="1"/><F113/><REACH who="2" ten="240,188,282,270" step="2"/><W23/><G78/><T116/><D116/><U28/><E122/><V80/><F80/><W73/><G73/><T1/><D1/><U55/><E55/><V46/><F46/><W33/><G83/><T50/><D50/><U99/><E99/><V91/><AGARI ba="1,2" hai="6,11,14,24,25,54,56,63,64,66,67,91,93,98" machi="91" ten="30,11700,0" yaku="1,1,0,1,8,1,53,1" doraHai="74" doraHaiUra="3" who="2" fromWho="2" sc="240,-40,188,-40,282,140,270,-40" /><INIT seed="2,2,0,1,1,130" ten="200,148,422,230" oya="2" hai0="88,2,61,27,15,17,55,108,38,20,59,14,67" hai1="36,56,125,123,96,105,82,29,30,84,69,71,134" hai2="114,127,33,122,10,60,31,43,23,112,118,32,107" hai3="25,51,85,120,75,22,0,94,128,68,1,63,42"/><V37/><F107/><W45/><G75/><T126/><D38/><U26/><E36/><V49/><F37/><W70/><G120/><T104/><D104/><U109/><E123/><V6/><F60/><W4/><G128/><T9/><D108/><U18/><E109/><V54/><F43/><W11/><G0/><T12/><D126/><U91/><E125/><V86/><F127/><W44/><G63/><T115/><D115/><U58/><E18/><V39/><F39/><W87/><G45/><T79/><D79/><U110/><E110/><V62/><F62/><W65/><G65/><T117/><D117/><U50/><E30/><V52/><F122/><W97/><G70/><T93/><D2/><U100/><E134/><V99/><F118/><W89/><REACH who="3" step="1"/><G68/><REACH who="3" ten="200,148,422,220" step="2"/><T102/><D67/><U101/><E58/><N who="2" m="33039" /><F114/><W35/><G35/><T66/><D66/><U28/><E71/><V19/><F33/><W116/><G116/><T78/><D102/><U81/><E69/><V83/><F32/><W135/><G135/><T21/><D21/><U7/><E101/><V133/><F133/><W41/><G41/><T98/><REACH who="0" step="1"/><D78/><REACH who="0" ten="190,148,422,220" step="2"/><U16/><E100/><V72/><F23/><W46/><G46/><T40/><D40/><U92/><E105/><V3/><F112/><W111/><G111/><T24/><D24/><U106/><E106/><V13/><F3/><W8/><G8/><AGARI ba="2,2" hai="8,9,12,14,15,17,20,27,55,59,61,88,93,98" machi="8" ten="40,12000,2" yaku="1,1,25,2,8,1,54,1,53,1" doraHai="130" doraHaiUra="90" who="0" fromWho="3" sc="190,146,148,0,422,0,220,-126" /><INIT seed="3,0,0,1,1,92" ten="336,148,422,94" oya="3" hai0="67,8,57,133,63,109,46,75,128,83,131,44,126" hai1="100,21,69,5,96,31,73,56,99,34,77,47,119" hai2="130,11,86,29,104,121,102,89,55,68,85,50,66" hai3="74,24,88,13,39,79,14,95,98,123,107,17,42"/><W2/><G123/><T124/><D8/><U25/><E69/><V49/><F130/><N who="0" m="49706" /><D83/><U87/><E119/><V35/><F121/><W53/><G2/><T116/><D75/><U23/><E73/><V12/><F104/><W108/><G108/><T115/><D116/><U6/><E34/><V16/><F102/><N who="3" m="62935" /><G42/><T30/><D30/><U59/><E47/><N who="0" m="17961" /><D115/><U72/><E72/><V105/><F29/><W106/><G39/><T38/><D38/><U19/><E77/><V134/><F105/><W58/><G106/><T70/><D109/><U4/><E87/><V76/><F86/><N who="3" m="52631" /><G24/><T90/><D90/><U18/><E100/><V20/><F89/><W41/><G41/><T3/><D3/><U51/><E31/><V114/><F114/><W22/><G22/><T118/><D118/><U80/><E80/><V94/><F20/><W122/><G17/><T7/><D7/><U54/><E56/><V91/><F16/><W27/><G27/><AGARI ba="0,0" hai="4,5,6,18,19,21,23,25,27,51,54,59,96,99" machi="27" ten="40,8000,1" yaku="9,1,8,1,52,2" doraHai="92" who="1" fromWho="3" sc="336,0,148,80,422,0,94,-80" owari="336,14.0,228,-17.0,422,52.0,14,-49.0" /></mjloggm>