<mjloggm ver="2.3"><GO type="169" lobby="0"/><UN n0="%E7%81%BC%E3%81%A1%E3%82%83%E3%82%93%E3%81%8D%E3%82%83%E3%82%8F%E3%82%8F" n1="%E3%82%A6%E3%83%AB%E3%83%88%E3%83%A9%E7%AB%8B%E7%9B%B4" n2="%E3%82%B5%E3%83%9C" n3="%E3%81%A9%E3%81%85%E3%83%BC%E3%81%96%E3%82%93" dan="17,17,16,16" rate="2187.63,2122.05,2092.50,2045.21" sx="M,M,M,M"/><TAIKYOKU oya="0"/><INIT seed="0,0,0,4,1,124" ten="250,250,250,250" oya="0" hai0="10,68,64,78,134,31,2,89,9,126,47,28,79" hai1="13,116,102,105,41,16,104,24,135,53,81,128,45" hai2="84,19,74,95,66,82,1,118,119,129,127,131,59" hai3="110,14,54,8,34,11,72,17,112,125,133,103,33"/><T25/><D126/><U100/><E116/><N who="2" m="44587" /><F1/><W85/><G125/><T87/><D134/><U32/><E53/><V23/><F127/><W40/><G133/><T62/><D31/><U57/><E57/><V22/><F74/><W35/><G72/><T114/><D114/><U65/><E65/><V20/><F95/><W30/><G112/><T3/><D47/><U108/><E81/><V18/><F66/><W5/><G103/><T77/><D3/><U43/><E24/><V36/><F59/><W26/><G40/><T60/><D60/><U55/><E55/><V6/><F6/><W88/><G54/><T27/><D27/><U94/><E94/><V49/><F49/><W73/><G73/><T122/><D2/><U99/><E32/><V96/><F96/><W52/><G52/><T69/><D69/><U67/><E67/><V117/><F36/><W90/><G90/><T70/><D70/><U80/><E80/><V0/><F0/><N who="3" m="39" /><G88/><T61/><D61/><U15/><E99/><V120/><F120/><W46/><G46/><T113/><D113/><U50/><E45/><V123/><F123/><W107/><G85/><T38/><D122/><U48/><E135/><V106/><F106/><W29/><G107/><T92/><REACH who="0" step="1"/><D38/><REACH who="0" ten="240,250,250,250" step="2"/><U4/><E50/><V75/><F117/><W132/><G132/><T98/><D98/><U71/><E48/><V56/><F56/><W130/><G26/><T97/><D97/><U42/><E71/><V93/><F93/><W109/><G30/><T58/><D58/><U7/><E105/><V91/><F75/><W101/><G29/><RYUUKYOKU ba="0,1" sc="240,15,250,-15,250,15,250,-15" hai0="9,10,25,28,62,64,68,77,78,79,87,89,92" hai2="18,19,20,22,23,82,84,91,129,131" /><INIT seed="0,1,1,3,0,131" ten="255,235,265,235" oya="0" hai0="31,86,7,60,97,11,10,35,46,25,71,92,99" hai1="91,124,90,41,73,61,101,89,70,65,128,18,16" hai2="113,83,24,53,38,26,6,129,43,87,93,29,50" hai3="127,132,37,102,123,55,21,22,23,2,107,122,116"/><T30/><D30/><U84/><E73/><V135/><F113/><W114/><G114/><T39/><D39/><U67/><E128/><V95/><F129/><W85/><G116/><T105/><D46/><U130/><E130/><V32/><F6/><W121/><G37/><T96/><D86/><U106/><E124/><V8/><F8/><W4/><G127/><T115/><D115/><U15/><E67/><V52/><F38/><W126/><G126/><T3/><D11/><U47/><E84/><V42/><F26/><W40/><G40/><T45/><D45/><U28/><E28/><V117/><F117/><W94/><G107/><T81/><D81/><U82/><E82/><V9/><F9/><N who="3" m="2199" /><G55/><T112/><D112/><U13/><E13/><V68/><F68/><W120/><G120/><T34/><D34/><U98/><REACH who="1" step="1"/><E15/><REACH who="1" ten="255,225,265,235" step="2"/><V69/><F29/><W74/><G74/><T0/><D0/><U110/><E110/><V63/><F87/><W119/><G119/><T75/><D75/><U66/><E66/><V5/><F69/><W111/><G111/><T20/><D71/><U80/><E80/><V58/><F83/><W44/><G85/><T33/><D105/><U72/><E72/><V78/><F78/><W1/><G121/><T19/><D35/><U36/><AGARI ba="1,2" hai="16,18,36,41,47,61,65,70,89,90,91,98,101,106" machi="36" ten="30,4000,0" yaku="1,1,0,1,54,1,53,0" doraHai="131" doraHaiUra="133" who="1" fromWho="1" sc="255,-21,225,63,265,-11,235,-11" /><INIT seed="1,0,0,4,5,52" ten="234,288,254,224" oya="1" hai0="84,133,37,53,88,72,112,63,78,25,82,34,60" hai1="111,115,65,123,101,0,24,11,129,96,33,29,18" hai2="98,44,79,107,26,14,86,89,70,121,30,62,42" hai3="32,54,120,20,103,38,131,59,73,130,80,92,19"/><U100/><E123/><V36/><F121/><W31/><G120/><T50/><D112/><U67/><E115/><V9/><F79/><W47/><G31/><T127/><D37/><U64/><E129/><N who="3" m="49162" /><G32/><T55/><D133/><U22/><E111/><V56/><F70/><W15/><G73/><T17/><D55/><U135/><E135/><V49/><F36/><W40/><G80/><T1/><D1/><U61/><E61/><V16/><F107/><W75/><G75/><T51/><D51/><U122/><E122/><V83/><F98/><N who="3" m="59847" /><G54/><T4/><D4/><N who="1" m="1415" /><E96/><V57/><REACH who="2" step="1"/><F62/><REACH who="2" ten="234,288,244,224" step="2"/><W7/><G7/><T69/><D69/><U99/><E99/><V8/><F8/><W93/><G93/><T28/><D63/><U10/><E10/><V76/><F76/><W125/><G125/><T126/><D60/><U35/><E35/><AGARI ba="0,1" hai="9,14,16,26,30,35,42,44,49,56,57,83,86,89" machi="35" ten="30,12000,2" yaku="1,1,7,1,52,2,54,1,53,1" doraHai="52" doraHaiUra="43" who="2" fromWho="1" sc="234,0,288,-120,244,130,224,0" /><INIT seed="2,0,0,3,5,88" ten="234,168,374,224" oya="2" hai0="10,42,83,4,84,108,44,120,20,27,113,106,85" hai1="110,51,105,121,101,16,59,116,38,89,55,41,90" hai2="93,25,50,45,57,111,23,98,127,56,18,94,77" hai3="26,33,11,71,24,31,54,52,126,87,76,74,122"/><V19/><F127/><W40/><G122/><T34/><D120/><U103/><E121/><V99/><F77/><W130/><G126/><T62/><D113/><U132/><E116/><V95/><F19/><W9/><G71/><T86/><D106/><U134/><E41/><N who="2" m="24879" /><F111/><W75/><G130/><T6/><D108/><U78/><E78/><V0/><F0/><W13/><G40/><T66/><D34/><U115/><E38/><V97/><AGARI ba="0,0" hai="18,23,25,56,57,93,94,95,97,98,99" m="24879" machi="97" ten="30,11700,0" yaku="8,1,52,3" doraHai="88" who="2" fromWho="2" sc="234,-39,168,-39,374,117,224,-39" /><INIT seed="2,1,0,3,1,59" ten="195,129,491,185" oya="2" hai0="103,125,56,29,39,83,104,62,47,9,0,98,87" hai1="77,91,1,107,52,121,61,105,54,95,99,123,113" hai2="60,68,57,53,93,58,133,132,73,119,4,46,96" hai3="51,67,79,76,86,13,44,92,28,30,24,50,70"/><V126/><F119/><W2/><G2/><T18/><D125/><U117/><E1/><V32/><F73/><W36/><G36/><T3/><D29/><U129/><E117/><V100/><F32/><W7/><G30/><T63/><D39/><U21/><E113/><V41/><F126/><W127/><G127/><T25/><D47/><U43/><E43/><V118/><F68/><W22/><G13/><T108/><D108/><U40/><E40/><V97/><F118/><W114/><G7/><T48/><D3/><U10/><E10/><V31/><F31/><W72/><G72/><T27/><D0/><U20/><E77/><V89/><F4/><W90/><G51/><T55/><D9/><U64/><E129/><V134/><F58/><W120/><G120/><N who="1" m="46154" /><E107/><V109/><F109/><W130/><G114/><T11/><D11/><U75/><E75/><V38/><REACH who="2" step="1"/><F97/><REACH who="2" ten="195,129,481,185" step="2"/><W15/><G70/><T6/><D6/><U80/><E21/><V16/><F16/><W42/><G22/><T81/><D18/><U5/><E20/><V84/><F84/><W101/><G86/><T66/><D25/><U135/><E5/><V124/><F124/><W12/><G24/><T122/><D27/><U14/><E14/><V49/><F49/><W94/><G12/><T35/><D35/><U128/><E128/><V110/><F110/><W88/><G130/><T106/><D87/><N who="1" m="52735" /><E135/><V111/><F111/><W112/><G15/><T37/><D37/><U116/><E116/><V69/><F69/><W8/><G112/><T82/><D122/><U71/><E80/><V78/><F78/><RYUUKYOKU ba="1,1" sc="195,-15,129,15,481,15,185,-15" hai1="52,54,61,64,71,99,105" hai2="38,41,46,53,57,60,89,93,96,100,132,133,134" /><INIT seed="2,2,1,5,4,27" ten="180,144,496,170" oya="2" hai0="80,110,89,134,25,132,107,34,42,87,83,103,0" hai1="131,6,10,59,37,54,119,31,100,18,53,56,4" hai2="51,116,122,128,101,70,93,126,61,50,11,129,102" hai3="39,67,24,99,109,21,117,97,104,71,108,46,19"/><V84/><F116/><W62/><G117/><T113/><D110/><N who="3" m="42601" /><G104/><T86/><D113/><U20/><E37/><V79/><F122/><W118/><G118/><T124/><D124/><U73/><E73/><V28/><F126/><W123/><G123/><T82/><D0/><U5/><E100/><N who="2" m="38507" /><F11/><W29/><G19/><T92/><D42/><AGARI ba="2,1" hai="21,24,29,39,42,46,62,67,71,97,99" m="42601" machi="42" ten="30,2000,0" yaku="14,1,52,1" doraHai="27" who="3" fromWho="0" sc="180,-26,144,0,496,0,170,36" /><INIT seed="3,0,0,0,3,107" ten="154,144,496,206" oya="3" hai0="96,63,8,22,10,66,78,93,132,31,52,91,51" hai1="67,76,34,59,75,72,101,54,94,18,26,88,79" hai2="25,40,50,42,119,21,90,33,38,128,95,3,118" hai3="121,60,27,69,24,74,12,117,84,109,48,73,105"/><W92/><G105/><T129/><D129/><U56/><E101/><V110/><F110/><W122/><G117/><T100/><D132/><U30/><E67/><V49/><F38/><W36/><G36/><T13/><D78/><U2/><E2/><V80/><F3/><W46/><G109/><T57/><D91/><U104/><E104/><V111/><F111/><W68/><G12/><T29/><D29/><U134/><E134/><V135/><F33/><W61/><G84/><T62/><D62/><U58/><E54/><V83/><F128/><W81/><G81/><N who="2" m="31305" /><F135/><W103/><G103/><T20/><D20/><U19/><E79/><V39/><F39/><W55/><G55/><T17/><REACH who="0" step="1"/><D31/><REACH who="0" ten="144,144,496,206" step="2"/><U65/><E76/><V43/><F118/><W37/><G61/><T53/><D53/><U0/><E65/><V70/><F119/><W86/><G60/><T133/><D133/><U114/><E114/><V5/><F21/><W1/><G122/><T23/><D23/><U28/><E28/><V45/><F90/><W97/><G121/><T64/><D64/><U9/><E9/><V120/><F120/><W113/><G113/><T85/><D85/><U41/><E30/><V44/><F42/><W102/><G86/><T89/><D89/><U16/><E41/><V7/><F43/><W32/><G32/><T47/><AGARI ba="0,1" hai="8,10,13,17,22,47,51,52,57,63,66,93,96,100" machi="47" ten="20,12000,2" yaku="1,1,0,1,7,1,8,1,54,1,53,1" doraHai="107" doraHaiUra="98" who="0" fromWho="0" sc="144,130,144,-30,496,-30,206,-60" /><INIT seed="4,0,0,1,1,91" ten="274,114,466,146" oya="0" hai0="12,54,122,51,9,27,65,80,15,98,102,127,2" hai1="3,104,41,57,34,101,28,72,5,133,46,8,29" hai2="26,120,95,134,22,129,64,68,19,70,44,117,24" hai3="42,32,36,52,100,6,135,82,62,87,69,92,1"/><T123/><D2/><U79/><E57/><V112/><F120/><W25/><G135/><T0/><D0/><U38/><E133/><V60/><F134/><W128/><G128/><T50/><D127/><U94/><E94/><V81/><F112/><W18/><G6/><T119/><D119/><U7/><E7/><V76/><F129/><W59/><G1/><T113/><D113/><U124/><E124/><V132/><F132/><W11/><G69/><T109/><D109/><U74/><E74/><V90/><F68/><W40/><G36/><T67/><D27/><U66/><E66/><V16/><F44/><W88/><G32/><T114/><D114/><U131/><E131/><V21/><F117/><W84/><G100/><T13/><D80/><U39/><E39/><V49/><F49/><W125/><G125/><T75/><D75/><U47/><E47/><V118/><F118/><W121/><G121/><T85/><D85/><U17/><E17/><V33/><F33/><W108/><G108/><T37/><D37/><U130/><E130/><V14/><F14/><N who="3" m="7519" /><G25/><T83/><D83/><N who="1" m="45543" /><E34/><V107/><F107/><W126/><G126/><T78/><D9/><U56/><E56/><V55/><F55/><W115/><G115/><T106/><D54/><U63/><E63/><V35/><F35/><W97/><G97/><AGARI ba="0,0" hai="3,5,8,28,29,38,41,46,97,101,104" m="45543" machi="97" ten="30,1000,0" yaku="25,1" doraHai="91" who="1" fromWho="3" sc="274,0,114,10,466,0,146,-10" /><INIT seed="5,0,0,3,4,130" ten="274,124,466,136" oya="1" hai0="129,62,37,20,24,126,58,57,46,94,83,100,21" hai1="7,33,16,69,34,111,14,8,66,22,67,6,86" hai2="107,17,93,10,0,52,13,103,32,127,112,108,109" hai3="19,98,119,84,60,80,2,135,26,113,116,51,74"/><U47/><E111/><V110/><F107/><W56/><G113/><T95/><D129/><U87/><E6/><V15/><F32/><W90/><G2/><T91/><D126/><U99/><E33/><V23/><F0/><W30/><G74/><T106/><D106/><U117/><E34/><V9/><F127/><W76/><G135/><T1/><D1/><U72/><E72/><V61/><F112/><W81/><G19/><T71/><D71/><U65/><E69/><V50/><F61/><W48/><G98/><T42/><D58/><U77/><E117/><N who="3" m="45130" /><G80/><T43/><D43/><U68/><E68/><V79/><F79/><W3/><G90/><T114/><D114/><U123/><E123/><V73/><F73/><W18/><G18/><T64/><D100/><U97/><E47/><V25/><F25/><W38/><G38/><T89/><D83/><N who="1" m="47471" /><E87/><V39/><F39/><W96/><G96/><T40/><D40/><U35/><E35/><V59/><F103/><W54/><G3/><T133/><D91/><U12/><AGARI ba="0,0" hai="7,8,12,14,16,22,65,66,67,97,99" m="47471" machi="12" ten="30,3000,0" yaku="8,1,54,1" doraHai="130" who="1" fromWho="1" sc="274,-10,124,30,466,-10,136,-10" /><INIT seed="5,1,0,0,1,5" ten="264,154,456,126" oya="1" hai0="62,83,4,121,26,6,50,45,107,39,101,105,122" hai1="21,131,64,79,37,72,38,88,134,91,7,82,13" hai2="128,28,23,117,124,87,135,70,32,27,89,110,9" hai3="59,129,104,120,18,80,108,86,44,11,69,40,47"/><U84/><E131/><V132/><F70/><W51/><G108/><T29/><D39/><U42/><E134/><N who="2" m="51243" /><F89/><W68/><G120/><N who="0" m="46187" /><D62/><U130/><E130/><V14/><F87/><W24/><G129/><T15/><D15/><U106/><E106/><N who="0" m="40457" /><D101/><U55/><E91/><V123/><F128/><W97/><G97/><T85/><D85/><U92/><E64/><V118/><F123/><W66/><G104/><T102/><D83/><U61/><E42/><V96/><F96/><W71/><G47/><T49/><D49/><U0/><E0/><V56/><F56/><W78/><G59/><T30/><D30/><U115/><E115/><V74/><F74/><W17/><G24/><T126/><D126/><U36/><E61/><V75/><F75/><W34/><G34/><N who="0" m="20791" /><D102/><U119/><E119/><N who="2" m="45579" /><F124/><W60/><REACH who="3" step="1"/><G18/><REACH who="3" ten="264,154,456,116" step="2"/><T16/><D16/><N who="1" m="10383" /><E37/><V35/><F110/><W22/><G22/><T133/><D133/><U94/><E36/><V113/><F113/><W98/><G98/><T114/><D114/><U77/><E38/><V43/><F43/><AGARI ba="1,1" hai="4,6,43,45,50" m="20791,40457,46187" machi="43" ten="30,1000,0" yaku="13,1" doraHai="5" who="0" fromWho="2" sc="264,23,154,0,456,-13,116,0" /><INIT seed="6,0,0,2,2,84" ten="287,154,443,116" oya="2" hai0="100,41,31,69,43,105,51,34,63,128,37,48,65" hai1="3,129,70,15,73,95,45,90,13,24,19,112,127" hai2="1,61,93,103,119,25,123,46,9,2,20,26,58" hai3="44,133,62,116,122,32,0,101,75,110,39,64,120"/><V81/><F119/><W23/><G23/><T59/><D105/><U86/><E3/><V130/><F123/><W28/><G28/><T79/><D79/><U8/><E70/><V131/><F81/><W38/><G101/><T30/><D100/><U60/><E73/><V40/><F9/><W76/><G76/><T118/><D118/><U52/><E24/><V109/><F109/><W21/><G21/><T91/><D91/><U106/><E106/><V108/><F108/><W77/><G77/><T87/><D87/><U107/><E107/><V132/><F132/><W42/><G0/><N who="2" m="105" /><F20/><W71/><G32/><T104/><D104/><U114/><E127/><V99/><F58/><W35/><G35/><T96/><D96/><U72/><E72/><V49/><F61/><W6/><G6/><T135/><D135/><U111/><E15/><V98/><F99/><W80/><G133/><T113/><D30/><U14/><E14/><V27/><F27/><W29/><G29/><T74/><D31/><U82/><E111/><V92/><F92/><W121/><G110/><T17/><D17/><U89/><E60/><V88/><F103/><W117/><G80/><T55/><D34/><U10/><E10/><V85/><F98/><W12/><G75/><T56/><D74/><U22/><E22/><V97/><F97/><W50/><G12/><T124/><D124/><U4/><E4/><V36/><F36/><AGARI ba="0,0" hai="36,38,39,42,44,50,62,64,71,116,117,120,121,122" machi="36" ten="50,6400,0" yaku="34,3" doraHai="84" who="3" fromWho="2" sc="287,0,154,0,443,-64,116,64" /><INIT seed="7,0,0,3,4,82" ten="287,154,379,180" oya="3" hai0="29,14,134,81,125,58,17,106,7,57,110,114,43" hai1="111,129,35,121,104,90,41,13,91,26,68,27,49" hai2="108,42,30,19,65,61,117,105,72,48,44,15,124" hai3="85,60,77,132,112,1,118,51,126,109,97,3,54"/><W55/><G118/><T38/><D110/><U32/><E104/><V67/><F72/><W74/><G112/><T98/><D134/><U46/><E68/><V9/><F105/><W52/><G132/><T21/><D125/><U10/><E111/><V88/><F124/><W33/><G126/><T75/><D114/><U2/><E2/><V37/><F117/><W79/><G109/><T101/><D101/><U127/><BYE who="0" /><E127/><V80/><F30/><W31/><G74/><UN n0="%E7%81%BC%E3%81%A1%E3%82%83%E3%82%93%E3%81%8D%E3%82%83%E3%82%8F%E3%82%8F" /><T25/><D98/><U62/><E121/><V34/><F34/><W76/><G97/><T28/><D106/><U4/><E129/><V130/><F130/><W103/><G103/><T94/><D94/><U50/><E62/><V87/><F108/><W135/><G135/><T11/><D29/><U100/><E100/><V39/><F65/><W119/><G119/><T86/><D75/><U122/><E122/><V113/><F113/><W115/><G115/><T8/><D43/><U12/><E35/><V56/><AGARI ba="0,0" hai="9,15,19,37,39,42,44,48,56,61,67,80,87,88" machi="56" ten="20,5200,0" yaku="0,1,7,1,52,1,54,1" doraHai="82" who="2" fromWho="2" sc="287,-13,154,-13,379,52,180,-26" owari="274,7.0,141,-36.0,431,54.0,154,-25.0" /></mjloggm>