<mjloggm ver="2.3"><GO type="225" lobby="0"/><UN n0="%E9%BB%92%E9%AC%BC" n1="%E9%95%B7%E5%B7%9E%E3%81%AE%E5%85%8B" n2="%E5%B0%B1%E6%B4%BB%E7%94%9F%40%E5%B7%9D%E6%9D%91%E8%BB%8D%E5%9B%A3" n3="%E5%85%88%E2%99%80%E7%94%9F" dan="16,16,17,16" rate="2069.91,2135.42,2201.03,2136.96" sx="M,M,M,F"/><TAIKYOKU oya="0"/><INIT seed="0,0,0,4,3,82" ten="250,250,250,250" oya="0" hai0="32,91,31,78,135,108,127,101,94,6,70,57,44" hai1="131,52,11,93,42,41,75,122,90,9,5,30,29" hai2="7,53,10,37,63,16,15,18,118,19,114,61,3" hai3="134,87,128,88,22,126,14,56,12,100,73,110,45"/><T72/><D70/><U28/><E75/><V65/><F114/><W102/><G73/><T34/><D127/><U17/><E122/><V77/><F118/><W104/><G126/><T76/><D135/><U4/><E131/><V33/><F33/><W55/><G134/><T86/><D108/><U121/><E121/><V67/><F37/><W2/><G2/><T58/><D6/><N who="1" m="2667" /><E52/><V130/><F130/><W39/><G128/><T106/><D32/><U43/><E17/><V89/><F77/><W27/><G110/><T79/><D44/><U132/><E132/><V20/><F53/><W80/><G104/><T84/><D72/><U51/><E51/><V23/><F3/><W111/><G111/><T60/><D57/><U113/><E113/><V133/><F133/><W54/><G39/><T105/><D101/><N who="3" m="39017" /><G45/><T123/><D123/><U26/><E26/><V129/><F89/><W69/><G69/><T21/><D34/><U92/><E90/><V64/><REACH who="2" step="1"/><F129/><REACH who="2" ten="250,250,240,250" step="2"/><W99/><G55/><T8/><D78/><U112/><E112/><V103/><F103/><W125/><G125/><T48/><D76/><U120/><E120/><V36/><F36/><W49/><G99/><T85/><D106/><U95/><AGARI ba="0,1" hai="9,11,28,29,30,41,42,43,92,93,95" m="2667" machi="95" ten="40,8000,1" yaku="29,2,28,2,8,1" doraHai="82" who="1" fromWho="1" sc="250,-40,250,90,240,-20,250,-20" /><INIT seed="1,0,0,1,1,99" ten="210,340,220,230" oya="1" hai0="93,27,78,68,121,69,36,14,106,70,44,4,55" hai1="125,28,94,60,114,111,122,97,87,52,16,63,61" hai2="26,30,25,86,17,109,31,58,50,21,120,43,90" hai3="12,41,110,11,45,80,34,91,112,103,129,134,22"/><U62/><E122/><V131/><F120/><W1/><G112/><T29/><D106/><U37/><E37/><V23/><F109/><W128/><G34/><T124/><D121/><U65/><E114/><V20/><F131/><N who="3" m="50251" /><G110/><T104/><D104/><U10/><E111/><V85/><F90/><W101/><G134/><T9/><D124/><U47/><E28/><V67/><F67/><W7/><G91/><T48/><D78/><U84/><E125/><V77/><F77/><W5/><G80/><T35/><D36/><U19/><E65/><V96/><F96/><W115/><G115/><T73/><D73/><U88/><E10/><V76/><F76/><W119/><G119/><T117/><REACH who="0" step="1"/><D93/><REACH who="0" ten="200,340,220,230" step="2"/><U81/><E81/><V126/><F126/><W54/><G5/><T98/><D98/><U71/><E71/><V83/><F83/><W79/><G79/><T66/><D66/><U46/><E97/><V56/><F86/><W118/><G118/><AGARI ba="0,1" hai="4,9,14,27,29,35,44,48,55,68,69,70,117,118" machi="118" ten="40,1300,0" yaku="1,1,53,0" doraHai="99" doraHaiUra="18" who="0" fromWho="3" sc="200,23,340,0,220,0,230,-13" /><INIT seed="2,0,0,1,0,13" ten="223,340,220,217" oya="2" hai0="59,43,72,95,86,55,20,48,65,118,77,18,130" hai1="114,54,4,67,9,12,31,97,117,49,10,110,128" hai2="133,80,76,121,33,64,53,125,61,29,19,36,69" hai3="83,131,27,11,30,105,23,39,93,123,3,94,15"/><V104/><F121/><W16/><G123/><T75/><D130/><U40/><E114/><V0/><F125/><W70/><G105/><T74/><D118/><U14/><E110/><V71/><F133/><W122/><G122/><T41/><D65/><U45/><E117/><V66/><F104/><W24/><G70/><T120/><D120/><U91/><E31/><V84/><F0/><W89/><G39/><T126/><D126/><U68/><E128/><V135/><F36/><W37/><G37/><T47/><D77/><U116/><E116/><V90/><F135/><W62/><G131/><T111/><D111/><U26/><E26/><N who="3" m="9770" /><G3/><T50/><D43/><U87/><E97/><V44/><F29/><W96/><G62/><T98/><D86/><U21/><E68/><V101/><F33/><W58/><G58/><T17/><REACH who="0" step="1"/><D20/><REACH who="0" ten="213,340,220,217" step="2"/><U85/><E87/><V6/><F69/><W79/><G79/><T81/><D81/><U1/><E21/><V34/><F76/><W82/><G30/><T88/><AGARI ba="0,1" hai="17,18,41,47,48,50,55,59,72,74,75,88,95,98" machi="88" ten="30,8000,1" yaku="1,1,0,1,52,2,54,1,53,0" doraHai="13" doraHaiUra="28" who="0" fromWho="0" sc="213,90,340,-20,220,-40,217,-20" /><INIT seed="3,0,0,0,0,54" ten="303,320,180,197" oya="3" hai0="16,46,8,128,78,106,14,75,15,49,83,64,20" hai1="87,70,98,71,58,29,105,110,88,84,19,2,28" hai2="53,32,124,5,66,47,68,4,131,117,77,114,109" hai3="126,95,17,42,111,123,12,107,60,96,50,31,9"/><W116/><G123/><T94/><D106/><U7/><E110/><V11/><F114/><W73/><G107/><T13/><D128/><U102/><E71/><V79/><F117/><W90/><G116/><T35/><D35/><U93/><E70/><V18/><F32/><W112/><G112/><T34/><D34/><U99/><E29/><V21/><F109/><W62/><G111/><T119/><D64/><U121/><E28/><V40/><F124/><W39/><G73/><T43/><D119/><U129/><E121/><V67/><F131/><W85/><G39/><T65/><D65/><N who="2" m="24586" /><F68/><W10/><G126/><T69/><D69/><U55/><E129/><V30/><F40/><W24/><G9/><T63/><D63/><U86/><E7/><N who="2" m="2635" /><F11/><W25/><G96/><T127/><D127/><U37/><E2/><V115/><F30/><W103/><G103/><T91/><D20/><U48/><E37/><V27/><F115/><W97/><G97/><AGARI ba="0,0" hai="8,13,14,15,16,43,46,49,75,78,83,91,94,97" machi="97" ten="30,2000,0" yaku="7,1,54,1" doraHai="54" who="0" fromWho="3" sc="303,20,320,0,180,0,197,-20" owari="323,42.0,320,12.0,180,-22.0,177,-32.0" /></mjloggm>