<mjloggm ver="2.3"><GO type="41" lobby="0"/><UN n0="%E5%B0%B1%E6%B4%BB%E7%94%9F%40%E5%B7%9D%E6%9D%91%E8%BB%8D%E5%9B%A3" n1="%E3%83%9E%E3%83%8A%E3%82%AB%E3%83%8A" n2="%E9%81%8B%E5%91%BD%E3%81%AB%E6%8A%97%E3%81%86" n3="%48%52%50%4E" dan="15,14,15,14" rate="1947.75,1961.22,2027.93,1904.07" sx="M,F,M,M"/><TAIKYOKU oya="0"/><INIT seed="0,0,0,1,2,104" ten="250,250,250,250" oya="0" hai0="122,53,61,95,71,37,32,8,21,115,17,38,78" hai1="19,1,7,50,36,0,56,110,3,92,116,5,55" hai2="79,101,47,12,131,76,9,123,63,39,49,72,125" hai3="4,52,42,24,127,135,20,129,100,58,35,54,73"/><T23/><D122/><U14/><E36/><V118/><F123/><W75/><G35/><T44/><D32/><U107/><E107/><V124/><F131/><W112/><G112/><T30/><D115/><U46/><E116/><V126/><F39/><W77/><G42/><T105/><D105/><U89/><E46/><V22/><F22/><W85/><G129/><T16/><D30/><U91/><E91/><V28/><F28/><W94/><G4/><T51/><D8/><U69/><E69/><V103/><F63/><W25/><G25/><T134/><D134/><U96/><REACH who="1" step="1"/><E110/><REACH who="1" ten="250,240,250,250" step="2"/><V90/><F118/><W31/><G135/><T83/><D37/><U60/><E60/><V97/><F90/><W114/><G114/><T133/><D38/><U84/><E84/><V67/><F103/><W87/><G87/><N who="0" m="48631" /><D71/><U57/><E57/><V11/><F101/><W98/><G127/><T66/><D133/><U80/><E80/><N who="2" m="45063" /><F97/><W113/><G113/><T74/><D74/><U68/><E68/><V18/><F79/><W10/><G75/><T48/><D48/><U13/><E13/><V132/><F132/><W27/><G73/><T102/><D61/><U120/><E120/><V111/><F111/><W2/><G100/><T117/><D117/><U86/><E86/><V81/><F81/><W26/><G85/><T119/><D119/><U41/><E41/><N who="2" m="24815" /><F67/><W88/><G98/><N who="0" m="59743" /><D66/><U128/><E128/><V99/><F99/><W6/><G77/><T130/><D130/><U65/><E65/><V43/><F43/><W106/><G106/><T121/><D121/><U15/><E15/><RYUUKYOKU ba="0,1" sc="250,10,240,10,250,10,250,-30" hai0="16,17,21,23,44,51,53" hai1="0,1,3,5,7,14,19,50,55,56,89,92,96" hai2="9,11,12,18,124,125,126" /><INIT seed="0,1,1,5,2,99" ten="260,250,260,220" oya="0" hai0="29,128,131,127,133,95,35,7,67,44,130,31,83" hai1="113,91,39,75,93,53,54,70,111,16,66,45,116" hai2="42,94,96,37,10,106,110,90,121,49,36,26,84" hai3="64,24,134,126,119,55,11,8,13,89,25,78,103"/><T76/><D35/><U52/><E75/><V82/><F121/><W86/><G119/><T109/><D7/><U48/><E116/><V28/><F110/><W19/><G134/><T135/><D67/><U129/><E111/><V107/><F49/><W71/><G126/><T22/><D109/><U85/><E113/><V65/><F65/><W23/><G78/><T104/><D104/><U14/><E39/><V68/><F68/><W87/><G87/><N who="0" m="48615" /><D22/><U105/><E105/><V57/><F57/><W80/><G55/><T62/><D62/><U38/><E129/><V114/><F114/><W41/><G41/><T61/><D61/><U124/><E124/><V47/><F10/><N who="3" m="3627" /><G64/><T101/><D44/><U120/><E120/><V32/><REACH who="2" step="1"/><F37/><REACH who="2" ten="260,250,250,220" step="2"/><W73/><G71/><T51/><D51/><U43/><E70/><V125/><F125/><W100/><G73/><T4/><D127/><U122/><E122/><V30/><F30/><N who="0" m="11274" /><D4/><U59/><REACH who="1" step="1"/><E66/><REACH who="1" ten="260,240,250,220" step="2"/><V63/><F63/><W81/><G81/><T60/><D60/><U123/><E123/><V118/><F118/><W46/><G46/><T72/><D72/><U69/><E69/><V15/><F15/><W117/><G117/><T58/><D58/><U79/><E79/><AGARI ba="1,3" hai="26,28,32,36,42,47,79,82,84,90,94,96,106,107" machi="79" ten="30,2000,0" yaku="1,1,7,1,53,0" doraHai="99" doraHaiUra="2" who="2" fromWho="1" sc="260,0,240,-23,250,53,220,0" /><INIT seed="1,0,0,1,2,7" ten="260,217,303,220" oya="1" hai0="50,69,114,85,19,104,63,26,90,79,56,0,33" hai1="14,66,46,11,21,39,133,99,118,130,116,110,13" hai2="35,112,60,68,125,92,102,65,6,132,32,93,62" hai3="36,121,18,31,3,80,54,103,16,2,134,111,40"/><U27/><E66/><V10/><F132/><W101/><G111/><T57/><D114/><U96/><E133/><V129/><F125/><W44/><G134/><T127/><D104/><U72/><E72/><V17/><F129/><W109/><G109/><T29/><D0/><U12/><E110/><V34/><F112/><W122/><G31/><T135/><D135/><U24/><E130/><V83/><F17/><W20/><G54/><T78/><D127/><U28/><E46/><V9/><F6/><W23/><G44/><T4/><D4/><N who="1" m="3175" /><E96/><V82/><F62/><W123/><G80/><T106/><D106/><U59/><E99/><V75/><F102/><W74/><G74/><T98/><D98/><U117/><E59/><V15/><F15/><N who="1" m="5641" /><E39/><V64/><F75/><W94/><G121/><T120/><D57/><U43/><E43/><V87/><F65/><W89/><G40/><T49/><D69/><U61/><E61/><V126/><F126/><W108/><G108/><T42/><D120/><U88/><E88/><V71/><F71/><W38/><G89/><T55/><D50/><U76/><E76/><V105/><F105/><W84/><G94/><T73/><D73/><U45/><E45/><V91/><F93/><W107/><G107/><T58/><D42/><U131/><E131/><V8/><AGARI ba="0,0" hai="8,9,10,32,34,35,60,64,68,82,83,87,91,92" machi="8" ten="40,8000,1" yaku="0,1,52,3" doraHai="7" who="2" fromWho="2" sc="260,-20,217,-40,303,80,220,-20" /><INIT seed="2,0,0,4,5,91" ten="240,177,383,200" oya="2" hai0="107,80,79,123,9,129,28,0,50,43,7,132,44" hai1="87,83,27,121,82,134,117,40,2,21,42,67,38" hai2="4,51,63,71,41,37,68,81,95,45,74,35,47" hai3="46,101,60,20,52,13,5,66,6,17,111,113,26"/><V12/><F35/><W33/><G111/><T99/><D123/><U56/><E2/><V96/><F4/><W34/><G113/><T61/><D132/><U108/><E108/><V93/><F12/><W39/><G101/><T23/><D129/><U65/><E117/><V11/><F11/><W75/><G75/><T109/><D109/><U97/><E134/><V102/><F74/><W127/><G127/><T78/><D61/><U110/><E110/><V30/><F30/><W10/><G6/><T130/><D130/><U59/><E121/><V73/><F73/><W90/><G90/><T49/><D78/><U112/><E112/><V131/><F81/><W36/><G36/><T24/><D99/><U103/><E38/><V88/><F131/><W128/><G128/><T92/><D107/><U69/><E69/><V104/><F63/><W54/><G39/><T57/><D57/><N who="1" m="22091" /><E67/><V84/><F104/><W114/><G114/><T124/><D124/><U85/><E65/><V72/><F72/><W133/><G133/><T100/><D100/><U98/><E27/><V3/><F3/><W125/><G125/><T25/><D25/><U64/><E21/><V116/><F116/><W122/><G122/><T94/><REACH who="0" step="1"/><D50/><REACH who="0" ten="230,177,383,200" step="2"/><U1/><E103/><V22/><REACH who="2" step="1"/><F22/><REACH who="2" ten="230,177,373,200" step="2"/><N who="3" m="11567" /><G33/><T16/><D16/><U106/><E106/><V76/><F76/><W18/><G34/><T89/><D89/><U70/><E83/><V135/><F135/><W14/><G46/><T15/><D15/><U105/><E82/><V86/><F86/><AGARI ba="0,2" hai="0,7,9,23,24,28,43,44,49,79,80,86,92,94" machi="86" ten="30,7700,0" yaku="1,1,7,1,52,2,53,0" doraHai="91" doraHaiUra="119" who="0" fromWho="2" sc="230,97,177,0,373,-77,200,0" /><INIT seed="3,0,0,3,0,132" ten="327,177,296,200" oya="3" hai0="29,73,98,124,23,89,60,104,130,121,92,99,80" hai1="112,69,67,131,108,77,5,38,59,42,24,109,50" hai2="8,81,129,100,52,119,84,25,51,93,87,97,33" hai3="3,133,85,82,72,9,4,10,49,21,74,96,48"/><W1/><G133/><T71/><D121/><U127/><E77/><V105/><F119/><W41/><G96/><T37/><D130/><U45/><E5/><V63/><F129/><W111/><G21/><T106/><D37/><U94/><E131/><V26/><F105/><W39/><G111/><N who="1" m="42570" /><E24/><N who="2" m="9323" /><F33/><W95/><G95/><T0/><D0/><U115/><E94/><V110/><F110/><W15/><G39/><T13/><D29/><U102/><E102/><V68/><F68/><W103/><G103/><T19/><D98/><U47/><E127/><V120/><F120/><W18/><G3/><T86/><D73/><U126/><E126/><V56/><F8/><W78/><REACH who="3" step="1"/><G41/><REACH who="3" ten="327,177,296,190" step="2"/><T55/><D124/><U36/><E36/><V128/><F128/><W122/><G122/><T70/><D106/><U53/><E47/><N who="2" m="27775" /><F81/><W2/><G2/><T35/><D104/><U135/><E135/><V125/><F125/><W66/><G66/><AGARI ba="0,1" hai="56,63,66,84,87,93,97,100" m="27775,9323" machi="66" ten="30,2000,0" yaku="8,1,54,1" doraHai="132" who="2" fromWho="3" sc="327,0,177,0,296,30,190,-20" /><INIT seed="4,0,0,1,1,72" ten="327,177,326,170" oya="0" hai0="66,116,70,38,31,111,89,95,46,69,58,82,39" hai1="56,15,1,122,25,48,129,52,6,42,4,123,134" hai2="115,35,12,81,11,23,92,108,59,2,17,119,5" hai3="51,20,61,68,3,90,97,62,41,94,19,83,80"/><T40/><D116/><U16/><E1/><V93/><F108/><W50/><G3/><T107/><D107/><U86/><E123/><V9/><F119/><W55/><G68/><T60/><D39/><U96/><E122/><V28/><F81/><N who="3" m="31307" /><G41/><T49/><D111/><U77/><E42/><V64/><F64/><W132/><G132/><T106/><D106/><U21/><E134/><V120/><F59/><N who="3" m="33271" /><G51/><T112/><D112/><U105/><E105/><V118/><F118/><W131/><G131/><T104/><D104/><U73/><E73/><V7/><F93/><W99/><G99/><T54/><D31/><N who="1" m="17839" /><E96/><V135/><F92/><W130/><G130/><T117/><D82/><N who="1" m="47439" /><E129/><V75/><F75/><W88/><G90/><T87/><REACH who="0" step="1"/><D117/><REACH who="0" ten="317,177,326,170" step="2"/><U37/><E37/><V8/><F120/><W113/><G113/><T74/><D74/><U32/><E32/><V100/><F115/><W43/><G43/><T109/><D109/><U63/><E63/><V47/><F135/><W85/><G97/><T18/><D18/><U34/><E34/><V24/><F100/><W30/><G30/><T114/><D114/><U57/><E57/><AGARI ba="0,1" hai="38,40,46,49,54,57,58,60,66,69,70,87,89,95" machi="57" ten="30,5800,0" yaku="1,1,7,1,53,1" doraHai="72" doraHaiUra="91" who="0" fromWho="1" sc="317,68,177,-58,326,0,170,0" /><INIT seed="4,1,0,3,3,74" ten="385,119,326,170" oya="0" hai0="73,8,113,13,4,78,96,9,47,56,42,33,61" hai1="76,135,55,17,109,22,46,80,134,0,25,50,20" hai2="41,48,81,15,83,89,128,66,58,24,87,27,123" hai3="57,35,10,16,69,105,71,103,72,21,130,118,133"/><T29/><D113/><U121/><E121/><V14/><F123/><W115/><G118/><T112/><D112/><U28/><E0/><V62/><F128/><W101/><G115/><T64/><D96/><U36/><E36/><V23/><F83/><W116/><G35/><T84/><D73/><U91/><E135/><V49/><F27/><W43/><G43/><T67/><D9/><U40/><E134/><V51/><REACH who="2" step="1"/><F41/><REACH who="2" ten="385,119,316,170" step="2"/><W18/><G130/><T5/><D33/><U60/><E109/><V12/><F12/><W34/><G133/><T11/><D29/><AGARI ba="1,1" hai="14,15,23,24,29,48,49,51,58,62,66,81,87,89" machi="29" ten="40,2600,0" yaku="1,1,8,1,53,0" doraHai="74" doraHaiUra="102" who="2" fromWho="0" sc="385,-29,119,0,316,39,170,0" /><INIT seed="5,0,0,4,4,124" ten="356,119,355,170" oya="1" hai0="120,101,72,99,48,19,15,89,104,117,69,73,98" hai1="27,29,110,21,4,58,12,44,107,113,23,128,2" hai2="92,31,57,30,130,93,74,96,41,70,133,1,53" hai3="47,109,71,32,78,94,108,24,51,36,123,63,52"/><U34/><E107/><V65/><F133/><W102/><G78/><T38/><D69/><U132/><E44/><V14/><F1/><W79/><G79/><T61/><D38/><U80/><E80/><V5/><F74/><W77/><G77/><T66/><D120/><U10/><E58/><V7/><F130/><W18/><G18/><T75/><D117/><U125/><E132/><V90/><F70/><W115/><G123/><T100/><D89/><U37/><E37/><V116/><F65/><N who="3" m="41407" /><G24/><T82/><D82/><U84/><E84/><N who="2" m="52295" /><F41/><N who="3" m="22951" /><G94/><T88/><D48/><U135/><E135/><V105/><F116/><W42/><G102/><T91/><D61/><U106/><E106/><V81/><F81/><W129/><G32/><T134/><D66/><U13/><E125/><V8/><F7/><W3/><G3/><T126/><D126/><U16/><E110/><V50/><F105/><W33/><G33/><T95/><REACH who="0" step="1"/><D134/><REACH who="0" ten="346,119,355,170" step="2"/><U114/><E128/><V64/><F64/><W55/><G129/><T103/><D103/><AGARI ba="0,1" hai="5,8,14,30,31,50,53,57,93,96,103" m="52295" machi="103" ten="30,1000,0" yaku="8,1" doraHai="124" who="2" fromWho="0" sc="346,-10,119,0,355,20,170,0" /><INIT seed="6,0,0,1,4,71" ten="336,119,375,170" oya="2" hai0="128,80,62,57,53,134,16,83,117,113,114,131,93" hai1="1,70,119,122,67,84,51,43,77,26,76,52,17" hai2="97,12,28,108,78,32,40,44,126,24,110,29,63" hai3="104,20,49,109,124,127,81,4,33,65,19,59,8"/><V56/><F29/><W112/><G109/><T118/><D93/><U23/><E1/><V31/><F31/><W0/><G33/><T2/><D2/><U103/><E119/><N who="0" m="45577" /><D134/><U58/><E122/><V132/><F132/><W133/><G133/><T34/><D34/><U99/><E84/><V129/><F78/><W90/><G104/><T86/><D16/><U105/><E70/><V61/><F61/><W14/><G112/><N who="0" m="43115" /><D86/><U68/><REACH who="1" step="1"/><E43/><REACH who="1" ten="336,109,375,170" step="2"/><V39/><F110/><W91/><G124/><T115/><N who="0" m="43123" /><T116/><N who="0" m="45585" /><DORA hai="25" /><T74/><DORA hai="54" /><D74/><U82/><E82/><AGARI ba="0,1" hai="53,57,62,80,82,83,128,131" m="43123,45585" machi="82" ten="60,7700,0" yaku="12,1,15,1,52,1" doraHai="71,25,54" who="0" fromWho="1" sc="336,87,109,-77,375,0,170,0" /><INIT seed="7,0,0,2,0,100" ten="423,32,375,170" oya="3" hai0="63,74,30,45,89,134,88,11,129,97,4,92,40" hai1="58,95,13,53,56,39,80,87,29,1,38,9,14" hai2="126,77,33,76,110,86,10,106,83,111,68,133,64" hai3="25,50,15,109,79,49,22,125,41,67,120,71,122"/><W121/><G79/><T108/><D74/><U16/><E1/><V34/><F133/><W98/><G15/><N who="0" m="5607" /><D108/><U37/><E29/><V118/><F118/><W113/><G109/><T115/><D115/><U6/><E95/><V114/><F114/><W105/><G113/><T130/><D30/><U93/><E93/><V62/><F126/><W12/><G12/><T107/><D107/><U44/><E39/><V57/><F34/><W46/><G105/><T75/><D75/><U48/><E38/><V26/><F76/><W85/><G85/><T123/><D63/><U52/><E37/><V112/><F112/><W51/><G98/><T99/><D123/><U27/><E53/><V60/><F10/><W127/><G22/><T17/><D17/><U54/><E27/><V8/><F8/><W32/><G25/><T90/><D92/><U135/><E135/><V19/><F106/><W5/><G5/><T69/><D69/><U117/><E117/><V94/><F94/><W61/><G32/><T31/><D31/><U82/><E14/><V47/><F47/><W7/><G7/><T91/><D134/><U36/><E36/><V65/><F33/><W18/><G18/><T101/><D101/><U66/><E6/><V102/><F102/><W24/><G24/><T78/><D78/><U21/><E21/><V132/><F132/><W35/><G35/><T42/><D42/><U28/><E28/><V72/><F72/><W23/><G23/><T124/><D124/><AGARI ba="0,0" hai="41,46,49,50,51,61,67,71,120,121,122,124,125,127" machi="124" ten="50,12000,1" yaku="18,1,34,3" doraHai="100" who="3" fromWho="0" sc="423,-120,32,0,375,0,170,120" /><INIT seed="7,1,0,0,4,86" ten="303,32,375,290" oya="3" hai0="5,110,35,71,30,73,117,108,82,26,111,6,8" hai1="76,29,67,21,45,4,2,40,92,49,53,55,127" hai2="85,34,7,18,95,120,16,135,42,36,64,54,41" hai3="66,124,87,88,118,89,125,97,90,14,99,1,77"/><W129/><G1/><T12/><D117/><U121/><E121/><V93/><F36/><W122/><G118/><T94/><D71/><U113/><E2/><V33/><F120/><W96/><G122/><T17/><D94/><N who="2" m="35850" /><F135/><W98/><G66/><T62/><D62/><U43/><E4/><V78/><F34/><W13/><G129/><T123/><D82/><U83/><E92/><V79/><F33/><W103/><G14/><T22/><D73/><U107/><E107/><V69/><F69/><W3/><G13/><T80/><D80/><U11/><E11/><V0/><F0/><W126/><G3/><N who="0" m="95" /><D5/><U50/><E67/><V128/><F128/><W48/><G48/><T39/><D39/><U25/><E127/><V81/><F7/><W23/><G23/><T114/><D123/><U112/><E113/><AGARI ba="1,0" hai="12,17,22,26,30,35,108,110,111,113,114" m="95" machi="113" ten="40,5200,0" yaku="24,1,34,2" doraHai="86" who="0" fromWho="1" sc="303,55,32,-55,375,0,290,0" owari="358,16.0,-23,-52.0,375,47.0,290,-11.0" /></mjloggm>