<mjloggm ver="2.3"><GO type="169" lobby="0"/><UN n0="%E3%83%AA%E3%83%BC%E3%83%81%EF%BC%91" n1="%73%61%63%68%69%6F" n2="%6D%6F%74%69%37%32%2E%2E" n3="%E3%82%A6%E3%83%AB%E3%83%88%E3%83%A9%E7%AB%8B%E7%9B%B4" dan="18,16,16,17" rate="2226.35,2093.85,2075.27,2152.55" sx="M,M,M,M"/><TAIKYOKU oya="0"/><INIT seed="0,0,0,1,0,52" ten="250,250,250,250" oya="0" hai0="26,46,36,87,33,43,21,93,34,76,80,126,42" hai1="6,17,7,67,133,55,13,120,16,69,35,105,23" hai2="30,96,95,102,8,37,10,20,66,0,72,128,90" hai3="29,118,63,31,50,119,77,28,73,109,84,44,64"/><T123/><D123/><U82/><E105/><V124/><F37/><W11/><G73/><T14/><D126/><U45/><E35/><V58/><F128/><W81/><G11/><T116/><D116/><U112/><E120/><V41/><F41/><W103/><G103/><T86/><D43/><U56/><E69/><V79/><F124/><W61/><G109/><T60/><D60/><N who="1" m="38279" /><E133/><V125/><F125/><W134/><G134/><T131/><D131/><U114/><E82/><V40/><F40/><W110/><G110/><T4/><D4/><U107/><E107/><V121/><F121/><W101/><G101/><T113/><D113/><N who="1" m="43627" /><E17/><V71/><F71/><W135/><G135/><T38/><D38/><U85/><E85/><V51/><F0/><W117/><REACH who="3" step="1"/><G64/><REACH who="3" ten="250,250,250,240" step="2"/><T132/><D132/><U111/><E111/><V130/><F130/><W74/><G74/><T83/><D93/><U3/><E3/><V25/><F72/><W68/><G68/><T94/><D94/><U104/><E104/><V99/><F66/><W70/><G70/><T19/><REACH who="0" step="1"/><D14/><REACH who="0" ten="240,250,250,240" step="2"/><U65/><E65/><V53/><REACH who="2" step="1"/><F79/><AGARI ba="0,2" hai="19,21,26,33,34,36,42,46,76,79,80,83,86,87" machi="79" ten="30,11600,0" yaku="1,1,2,1,7,1,9,1,53,0" doraHai="52" doraHaiUra="48" who="0" fromWho="2" sc="240,136,250,0,250,-116,240,0" /><INIT seed="0,1,0,0,1,131" ten="376,250,134,240" oya="0" hai0="12,10,96,130,62,30,56,1,67,102,125,103,94" hai1="111,48,15,34,45,82,74,135,7,25,115,105,126" hai2="77,26,4,43,90,33,113,22,60,68,39,19,72" hai3="9,79,128,87,133,80,76,11,47,28,89,3,83"/><T40/><D130/><U52/><E105/><V119/><F113/><W44/><G128/><T27/><D1/><U100/><E111/><V66/><F119/><W61/><G28/><T17/><D125/><U134/><E100/><V85/><F4/><W50/><G3/><T88/><REACH who="0" step="1"/><D40/><REACH who="0" ten="366,250,134,240" step="2"/><U112/><E126/><V108/><F43/><W99/><G47/><T104/><D104/><U8/><E115/><V46/><F46/><W16/><G44/><T51/><D51/><U14/><E112/><V53/><F39/><W23/><G50/><T37/><D37/><U58/><E45/><V101/><F108/><W59/><G61/><T106/><D106/><U38/><E38/><V116/><F60/><W81/><G79/><T109/><D109/><U13/><E74/><V41/><F77/><W18/><G76/><T110/><D110/><U123/><E123/><V49/><F72/><W24/><G59/><T97/><D97/><U31/><REACH who="1" step="1"/><E82/><REACH who="1" ten="366,240,134,240" step="2"/><V86/><F41/><W121/><G83/><T2/><D2/><AGARI ba="1,2" hai="2,7,8,13,14,15,25,31,34,48,52,58,134,135" machi="2" ten="40,8000,1" yaku="1,1,2,1,52,2,54,1,53,0" doraHai="131" doraHaiUra="73" who="1" fromWho="0" sc="366,-83,240,103,134,0,240,0" /><INIT seed="1,0,0,5,5,129" ten="283,343,134,240" oya="1" hai0="62,7,45,6,32,0,3,72,14,34,83,81,73" hai1="112,46,89,79,123,59,40,107,88,65,69,125,71" hai2="111,86,92,25,66,119,30,100,44,109,54,22,63" hai3="35,37,120,9,33,135,26,131,90,94,68,50,113"/><U77/><E112/><V74/><F74/><W67/><G37/><T133/><D62/><U21/><E107/><V60/><F119/><W82/><G131/><T130/><D45/><U28/><E123/><V80/><F54/><W95/><G113/><T99/><D130/><U18/><E28/><V70/><F44/><W8/><G120/><T19/><D99/><U76/><E125/><V31/><F31/><W75/><G67/><T58/><D58/><U11/><E11/><V17/><F63/><W43/><G68/><T116/><D14/><U53/><E65/><V36/><F36/><W91/><G50/><T87/><D87/><U64/><E64/><V61/><F61/><W1/><G26/><T2/><D2/><U96/><E96/><V84/><F17/><W103/><G82/><T41/><D19/><U114/><E114/><V106/><F106/><W124/><G124/><T102/><D102/><U118/><E118/><V15/><F15/><W85/><G103/><T127/><D127/><U128/><E128/><V27/><F27/><W20/><G43/><T47/><D47/><U16/><E18/><V49/><F49/><W38/><G38/><T115/><D115/><U108/><E108/><N who="2" m="41547" /><F80/><W39/><G39/><T93/><D41/><U4/><E4/><V98/><AGARI ba="0,0" hai="22,25,30,60,66,70,84,86,92,98,100" m="41547" machi="98" ten="30,1100,0" yaku="14,1" doraHai="129" who="2" fromWho="2" sc="283,-3,343,-5,134,11,240,-3" /><INIT seed="2,0,0,4,1,91" ten="280,338,145,237" oya="2" hai0="130,109,32,85,68,44,13,120,36,99,134,65,50" hai1="47,75,2,124,73,46,0,18,48,22,23,122,58" hai2="34,24,76,12,108,115,94,60,55,28,123,70,51" hai3="49,62,106,52,101,111,43,17,20,126,25,133,84"/><V64/><F123/><W78/><G111/><T38/><D109/><U92/><E122/><V114/><F108/><W77/><G126/><T29/><D120/><U69/><E69/><V125/><F125/><W89/><G133/><T72/><D134/><U128/><E128/><V61/><F61/><W14/><G43/><T95/><D72/><U66/><E124/><V21/><F76/><W80/><G62/><T116/><D116/><U45/><E23/><V129/><F129/><W27/><G101/><T96/><D130/><U83/><E83/><V81/><F81/><W118/><G106/><T59/><D68/><U112/><E112/><V79/><F79/><N who="3" m="30219" /><G118/><T90/><D32/><U131/><E131/><V8/><F34/><W41/><G41/><T7/><D29/><U88/><E75/><V105/><F105/><W98/><G98/><T56/><D38/><U4/><E73/><V5/><REACH who="2" step="1"/><F94/><REACH who="2" ten="280,338,135,237" step="2"/><W42/><G42/><T135/><D135/><U110/><E110/><V33/><F33/><W86/><G86/><T97/><D85/><U127/><E127/><V16/><F16/><W54/><G54/><T26/><D65/><U74/><E74/><V104/><F104/><W117/><G117/><T9/><D96/><U93/><E93/><V6/><F6/><W37/><G37/><T113/><D99/><N who="1" m="57735" /><E4/><V67/><F67/><W87/><G87/><T102/><D36/><U103/><E66/><V132/><F132/><W53/><G53/><N who="0" m="29895" /><D113/><U19/><E19/><V100/><F100/><W119/><G119/><T63/><D102/><U3/><E103/><V30/><F30/><RYUUKYOKU ba="0,1" sc="280,-15,338,-15,135,15,237,15" hai2="5,8,12,21,24,28,51,55,60,64,70,114,115" hai3="14,17,20,25,27,49,52,80,84,89" /><INIT seed="2,1,1,1,1,58" ten="265,323,150,252" oya="2" hai0="56,82,44,62,49,121,32,107,39,108,6,92,12" hai1="10,15,128,109,51,72,103,132,124,122,5,133,2" hai2="84,59,90,50,40,123,71,83,125,66,93,13,14" hai3="46,135,100,85,19,38,76,9,80,35,3,45,116"/><V112/><F112/><W88/><G116/><T4/><D107/><U17/><E72/><V98/><F123/><W57/><G35/><T24/><D121/><U23/><E103/><V99/><F125/><W70/><G70/><T129/><D39/><U91/><E122/><V95/><F71/><W131/><G131/><T41/><D129/><U26/><E128/><V68/><F68/><W110/><G110/><T118/><D108/><U48/><E109/><V34/><F34/><W52/><G135/><N who="1" m="51786" /><E124/><V20/><F20/><W55/><G100/><T25/><D118/><U134/><N who="1" m="51794" /><U119/><DORA hai="69" /><E119/><V0/><F0/><W65/><G38/><T89/><D82/><U94/><E2/><V101/><F40/><W87/><G3/><T16/><D32/><U117/><E117/><V96/><F96/><AGARI ba="1,1" hai="5,10,15,17,23,26,48,51,91,94,96" m="51794" machi="96" ten="40,1300,0" yaku="20,1" doraHai="58,69" who="1" fromWho="2" sc="265,0,323,26,150,-16,252,0" /><INIT seed="3,0,0,4,0,34" ten="265,349,134,252" oya="3" hai0="90,97,22,121,64,76,32,17,114,135,96,38,130" hai1="43,107,118,109,102,53,60,128,48,0,113,103,21" hai2="88,57,122,115,78,108,5,61,58,54,131,73,50" hai3="134,52,35,91,30,13,70,14,11,87,100,29,26"/><W69/><G134/><T93/><D135/><U112/><E109/><V66/><F115/><W111/><G111/><T106/><D32/><U119/><E21/><V126/><F108/><W55/><G100/><T31/><D114/><N who="1" m="44139" /><E107/><V10/><F131/><W117/><G117/><N who="1" m="44554" /><E128/><V75/><F126/><W20/><G35/><T80/><D121/><U116/><N who="1" m="44562" /><U46/><DORA hai="82" /><E0/><V44/><F122/><W3/><G3/><T12/><D38/><U86/><E86/><V41/><F78/><W62/><G14/><T25/><D130/><U16/><E16/><V94/><F10/><W51/><G30/><T33/><D64/><U15/><E15/><V129/><F5/><W95/><G62/><T65/><D65/><U77/><E77/><V36/><REACH who="2" step="1"/><F129/><REACH who="2" ten="265,349,124,252" step="2"/><W28/><G28/><T8/><D8/><U120/><E120/><V124/><F124/><W133/><G133/><T123/><D123/><U47/><E103/><V4/><F4/><W24/><G29/><T99/><REACH who="0" step="1"/><D106/><REACH who="0" ten="255,349,124,252" step="2"/><U79/><E102/><V19/><F19/><N who="3" m="10351" /><G11/><T49/><D49/><N who="1" m="26879" /><E79/><V2/><F2/><W56/><G70/><T127/><D127/><U85/><E48/><V98/><AGARI ba="0,2" hai="36,41,44,50,54,57,58,61,66,73,75,88,94,98" machi="98" ten="20,12000,2" yaku="1,1,0,1,7,1,54,1,53,2" doraHai="34,82" doraHaiUra="105,67" who="2" fromWho="2" sc="255,-30,349,-30,124,140,252,-60" /><INIT seed="4,0,0,5,0,89" ten="225,319,264,192" oya="0" hai0="23,92,48,102,10,65,5,0,115,73,132,96,86" hai1="18,88,19,44,99,114,59,91,90,42,1,74,22" hai2="119,111,30,113,68,121,107,57,7,133,21,13,135" hai3="118,26,2,112,25,40,29,98,14,127,27,124,79"/><T85/><D73/><U77/><E1/><V46/><F68/><W101/><G2/><T83/><D132/><U103/><E114/><V71/><F71/><W32/><G118/><T122/><D122/><U8/><E8/><V36/><F107/><W33/><G112/><T15/><D115/><U52/><E77/><V54/><F113/><W24/><G79/><T17/><D65/><U70/><E70/><V84/><F111/><W126/><G40/><T109/><D109/><U116/><E74/><V120/><F119/><W12/><REACH who="3" step="1"/><G32/><REACH who="3" ten="225,319,264,182" step="2"/><T94/><D83/><U128/><E116/><V34/><F34/><W20/><G20/><T61/><D61/><U4/><E128/><V110/><F21/><W28/><G28/><T131/><D131/><U43/><E43/><V58/><F30/><W93/><AGARI ba="0,1" hai="12,14,24,25,26,27,29,33,93,98,101,124,126,127" machi="93" ten="40,8000,1" yaku="1,1,0,1,18,1,52,1,53,0" doraHai="89" doraHaiUra="72" who="3" fromWho="3" sc="225,-40,319,-20,264,-20,182,90" /><INIT seed="5,0,0,4,0,70" ten="185,299,244,272" oya="1" hai0="52,95,10,114,37,39,113,123,33,83,54,60,22" hai1="6,112,116,61,42,25,80,26,132,120,67,111,15" hai2="49,134,4,35,96,87,8,46,66,85,88,5,130" hai3="12,73,63,51,79,17,3,84,55,124,48,38,34"/><U29/><E116/><V68/><F35/><W92/><G34/><T121/><D33/><U90/><E120/><N who="0" m="46153" /><D10/><U59/><E112/><N who="0" m="43113" /><D83/><U53/><E132/><V57/><F68/><W81/><G124/><T77/><D77/><U125/><E125/><V19/><F134/><W106/><G106/><T109/><D109/><U30/><E42/><V62/><F130/><W27/><G27/><N who="1" m="10250" /><E111/><V127/><F127/><W65/><G3/><T86/><D22/><U14/><E67/><V69/><F69/><W2/><G2/><T56/><D54/><U103/><E103/><V108/><F96/><W133/><G55/><T101/><D101/><U76/><E76/><V41/><F108/><W7/><G133/><T110/><D110/><U0/><E0/><V107/><F107/><W58/><G73/><T100/><D100/><U105/><E105/><V75/><F75/><W104/><G104/><T28/><D28/><N who="1" m="10859" /><E6/><N who="2" m="2667" /><F88/><AGARI ba="0,0" hai="37,39,52,56,60,86,88,95" m="43113,46153" machi="88" ten="30,12000,2" yaku="13,1,15,1,52,2,54,2" doraHai="70" who="0" fromWho="2" sc="185,120,299,0,244,-120,272,0" /><INIT seed="6,0,0,0,0,75" ten="305,299,124,272" oya="2" hai0="50,21,67,32,24,114,34,59,18,57,20,70,95" hai1="85,135,110,30,19,40,65,63,97,43,117,108,2" hai2="68,131,55,36,51,15,38,61,3,0,122,6,8" hai3="66,78,29,99,127,130,103,82,53,119,80,37,23"/><V73/><F122/><W42/><G119/><T60/><D114/><U52/><E117/><V11/><F131/><W31/><G130/><T93/><D70/><U62/><E2/><V83/><F61/><W22/><G127/><T54/><D34/><U98/><E135/><V96/><F68/><W76/><G66/><T124/><D32/><U88/><E30/><N who="3" m="11274" /><G42/><N who="1" m="15914" /><E110/><V111/><F96/><N who="1" m="36969" /><E65/><V56/><F111/><W104/><G53/><T132/><D124/><U102/><E102/><V1/><REACH who="2" step="1"/><F11/><REACH who="2" ten="305,299,114,272" step="2"/><W118/><G118/><T129/><D129/><U49/><E108/><V13/><F13/><W14/><G14/><N who="0" m="9303" /><D132/><U64/><E64/><V45/><F45/><W112/><G112/><T91/><D60/><U47/><E19/><V48/><F48/><W113/><G113/><T25/><D67/><U79/><E79/><AGARI ba="0,1" hai="0,1,3,6,8,15,36,38,51,55,56,73,79,83" machi="79" ten="40,3900,0" yaku="1,1,52,1,53,0" doraHai="75" doraHaiUra="134" who="2" fromWho="1" sc="305,0,299,-39,114,49,272,0" /><INIT seed="6,1,0,4,5,113" ten="305,260,163,272" oya="2" hai0="121,112,69,97,117,32,56,52,124,8,22,119,3" hai1="63,64,7,85,23,10,19,81,108,30,133,67,5" hai2="134,84,116,87,128,73,24,9,127,20,51,125,17" hai3="77,90,44,14,70,114,76,111,61,89,75,43,96"/><V93/><F73/><W62/><G111/><T1/><D32/><U55/><E108/><V6/><F128/><W54/><G75/><T74/><D69/><U107/><E107/><V13/><F134/><W86/><G114/><T59/><D112/><U15/><E133/><V68/><F68/><W135/><G135/><T18/><D74/><U50/><E30/><V65/><F65/><W46/><G70/><T28/><D124/><N who="2" m="47690" /><F51/><N who="3" m="27039" /><G14/><N who="0" m="7495" /><D56/><N who="1" m="32887" /><E63/><N who="3" m="24074" /><G96/><T40/><D40/><U42/><E42/><V29/><F93/><N who="3" m="54455" /><G90/><T12/><D97/><U100/><E100/><V25/><F116/><N who="0" m="44618" /><D121/><U83/><E83/><V72/><F72/><W31/><G31/><T99/><D99/><U26/><E5/><V27/><F27/><W109/><G109/><T57/><D57/><U34/><E34/><AGARI ba="1,0" hai="6,9,13,17,20,24,25,29,34,84,87" m="47690" machi="34" ten="30,1500,0" yaku="18,1" doraHai="113" who="2" fromWho="1" sc="305,0,260,-18,163,18,272,0" /><INIT seed="6,2,0,2,3,108" ten="305,242,181,272" oya="2" hai0="97,82,48,93,60,127,118,103,18,123,102,83,99" hai1="87,111,28,20,24,74,105,90,89,45,78,88,70" hai2="59,46,0,117,10,115,116,100,5,104,31,107,94" hai3="77,106,6,41,101,13,129,132,52,30,2,135,44"/><V25/><F46/><W23/><G129/><T92/><D123/><U3/><E111/><V26/><F26/><W17/><G77/><T63/><D127/><U131/><E3/><V62/><F94/><W95/><G106/><T64/><D118/><U9/><E70/><V39/><F39/><W79/><G79/><T71/><D63/><U113/><E113/><V96/><F107/><W16/><G30/><T119/><D119/><U51/><E131/><V109/><F109/><W54/><G6/><T65/><D65/><U50/><E50/><V43/><F43/><W76/><G2/><T61/><D61/><U85/><E105/><V75/><F75/><W69/><G76/><T72/><D72/><U4/><E74/><V27/><F27/><W33/><G33/><T34/><D34/><U11/><E4/><V86/><F86/><N who="1" m="32777" /><E78/><V29/><F115/><W55/><G17/><T21/><D48/><U38/><E38/><V73/><F73/><W15/><G69/><T57/><D71/><U53/><AGARI ba="2,0" hai="9,11,20,24,28,45,51,53,88,89,90" m="32777" machi="53" ten="30,2000,0" yaku="8,1,54,1" doraHai="108" who="1" fromWho="1" sc="305,-7,242,26,181,-12,272,-7" /><INIT seed="7,0,0,5,5,133" ten="298,268,169,265" oya="3" hai0="102,56,114,121,60,4,47,125,58,65,108,52,45" hai1="76,23,120,113,67,92,12,10,8,107,90,31,40" hai2="85,24,96,110,69,122,53,84,16,37,130,61,88" hai3="32,2,91,112,46,29,124,27,123,106,127,83,104"/><W50/><G2/><T134/><D134/><U1/><E120/><V94/><F110/><W118/><G123/><T64/><D121/><U11/><E107/><V68/><F122/><W54/><G118/><T74/><D108/><U0/><E67/><V63/><F130/><W18/><G18/><T128/><D74/><U99/><E113/><V44/><F69/><W51/><G112/><T80/><D114/><U41/><E76/><V105/><F68/><W109/><G109/><T22/><D80/><U82/><E82/><V25/><F25/><W55/><G91/><T103/><D4/><U36/><E36/><V57/><F63/><W79/><G106/><T28/><D128/><U115/><E115/><V126/><F126/><N who="3" m="48171" /><G104/><T7/><D7/><U43/><REACH who="1" step="1"/><E31/><REACH who="1" ten="298,258,169,265" step="2"/><V71/><F71/><W20/><G32/><T119/><D125/><U73/><E73/><V135/><F135/><W13/><G13/><T70/><D28/><U77/><E77/><V35/><F105/><W6/><G6/><T81/><D81/><U19/><AGARI ba="0,1" hai="0,1,8,10,11,12,19,23,40,41,43,90,92,99" machi="19" ten="40,2700,0" yaku="1,1,0,1,53,0" doraHai="133" doraHaiUra="101" who="1" fromWho="1" sc="298,-7,258,37,169,-7,265,-13" /><INIT seed="8,0,0,2,3,109" ten="291,295,162,252" oya="0" hai0="92,9,6,93,58,38,13,100,59,39,86,60,2" hai1="131,47,119,105,48,135,46,10,19,64,43,50,52" hai2="42,23,104,68,66,78,116,15,21,123,36,27,32" hai3="65,67,85,44,99,98,126,82,132,29,45,63,1"/><T40/><D2/><U134/><E105/><V113/><F123/><W110/><G1/><T97/><D40/><U41/><E119/><V24/><F104/><W35/><G110/><T4/><D58/><U125/><E131/><V118/><F78/><W122/><G126/><T81/><D92/><U112/><E112/><V91/><F32/><W16/><G132/><N who="1" m="50730" /><E125/><V72/><F72/><W30/><G35/><T111/><D111/><U70/><E10/><V18/><F91/><W17/><G63/><T130/><D130/><U56/><E19/><V14/><F113/><W127/><G127/><T121/><D121/><U80/><E80/><V120/><F120/><W88/><G122/><T117/><D117/><N who="2" m="45162" /><F66/><W8/><G67/><T3/><D3/><U55/><E70/><V54/><F68/><W133/><G65/><N who="0" m="39071" /><D39/><U26/><E26/><V76/><F76/><W102/><G133/><T107/><D38/><N who="1" m="21815" /><E64/><V101/><F101/><W128/><G102/><T28/><D107/><U89/><E89/><V90/><F90/><W34/><G34/><T20/><D6/><U77/><E77/><V74/><F74/><W71/><G71/><T69/><D69/><U124/><E124/><V51/><F36/><W84/><G128/><T75/><D75/><U61/><E43/><V49/><F42/><W7/><G7/><T33/><D33/><U57/><E61/><V115/><F115/><W11/><G88/><N who="0" m="51279" /><D20/><U129/><E129/><V25/><F54/><W79/><G79/><T22/><D22/><U5/><E5/><V96/><F96/><W87/><G87/><T12/><D12/><RYUUKYOKU ba="0,0" sc="291,0,295,0,162,0,252,0" hai0="4,9,13,28,93,97,100" hai1="47,48,50,52,55,56,57" hai2="14,15,18,21,23,24,25,27,49,51" hai3="8,11,16,17,29,30,44,45,82,84,85,98,99" /><INIT seed="8,1,0,4,2,15" ten="291,295,162,252" oya="0" hai0="86,50,107,4,10,125,24,74,25,84,7,60,102" hai1="118,56,27,23,122,6,44,67,77,42,71,53,101" hai2="66,117,85,29,109,30,88,9,135,63,69,126,105" hai3="0,31,110,70,98,92,127,35,78,8,111,90,64"/><T106/><D74/><U116/><E122/><V114/><F109/><W11/><G78/><T83/><D125/><U14/><E101/><V55/><F114/><W47/><G127/><T72/><D72/><U13/><E77/><V94/><F126/><W52/><G0/><T79/><D107/><U76/><E76/><V39/><F135/><W61/><G35/><T128/><D128/><U19/><E67/><V5/><F117/><N who="1" m="45161" /><E71/><V108/><F108/><W40/><G31/><T41/><D84/><U129/><E129/><V81/><F105/><W34/><G34/><T100/><D60/><N who="1" m="35855" /><E6/><N who="0" m="2089" /><D10/><U12/><E13/><V46/><F81/><W21/><G21/><T22/><D106/><U131/><E131/><V121/><F121/><W120/><G120/><T45/><D25/><U38/><AGARI ba="1,0" hai="12,14,19,23,27,38,42,44" m="35855,45161" machi="38" ten="30,2000,0" yaku="16,1,52,1" doraHai="15" who="1" fromWho="1" sc="291,-11,295,23,162,-6,252,-6" owari="280,8.0,318,41.0,156,-34.0,246,-15.0" /></mjloggm>