<mjloggm ver="2.3"><GO type="169" lobby="0"/><UN n0="%31%30%30%27%73" n1="%E7%9F%B3%E4%BA%95%E3%82%AF%E3%83%B3%E3%83%84%E6%98%8C%E5%AD%90" n2="%E3%82%A6%E3%83%AB%E3%83%88%E3%83%A9%E7%AB%8B%E7%9B%B4" n3="%E9%A2%A8%E6%B4%A5%E9%81%93" dan="16,16,17,16" rate="2044.05,2147.97,2111.78,2039.87" sx="M,M,M,M"/><TAIKYOKU oya="0"/><INIT seed="0,0,0,5,2,32" ten="250,250,250,250" oya="0" hai0="25,104,75,114,14,116,47,121,36,26,74,35,87" hai1="29,1,30,71,85,39,46,17,48,0,105,113,13" hai2="15,97,7,70,78,122,57,134,120,135,4,58,118" hai3="67,91,92,124,31,56,103,109,96,119,63,64,95"/><T117/><D114/><U111/><E113/><V81/><F70/><W40/><G119/><T108/><D87/><U130/><E39/><V99/><F15/><W50/><G109/><T112/><D14/><U28/><E111/><V27/><F27/><W76/><G124/><T11/><D11/><U41/><E130/><V53/><F81/><W89/><G76/><T42/><D26/><U65/><E105/><V123/><F78/><W52/><G31/><N who="0" m="19951" /><D112/><U20/><REACH who="1" step="1"/><E85/><REACH who="1" ten="250,240,250,250" step="2"/><V34/><F122/><W37/><G37/><T131/><D108/><U10/><E10/><V19/><F123/><W18/><G50/><T110/><D110/><U127/><E127/><V44/><F120/><W33/><G63/><AGARI ba="0,1" hai="0,1,13,17,20,28,29,30,41,46,48,63,65,71" machi="63" ten="40,5200,0" yaku="1,1,52,2,53,0" doraHai="32" doraHaiUra="106" who="1" fromWho="3" sc="250,0,240,62,250,0,250,-52" /><INIT seed="1,0,0,5,1,78" ten="250,302,250,198" oya="1" hai0="13,30,48,110,39,4,87,19,18,73,117,129,22" hai1="58,124,115,135,131,90,93,21,102,43,122,49,5" hai2="128,97,69,99,14,108,26,94,65,120,116,17,101" hai3="25,33,134,37,54,113,86,42,66,36,81,47,127"/><U105/><E122/><V95/><F120/><W63/><G113/><T10/><D73/><U27/><E115/><V119/><F108/><W57/><G127/><T29/><D39/><U7/><E124/><V104/><F128/><W98/><G134/><T96/><D117/><U3/><E131/><V44/><F104/><W100/><G37/><T28/><D129/><U133/><E105/><V61/><F26/><W8/><G8/><T31/><D110/><U132/><E102/><V83/><F44/><W82/><G86/><T130/><D130/><U9/><E7/><V118/><F83/><W53/><G33/><T35/><D96/><U11/><E11/><V88/><REACH who="2" step="1"/><F119/><REACH who="2" ten="250,302,240,198" step="2"/><W70/><G25/><T103/><D35/><U114/><E114/><V121/><F121/><W60/><REACH who="3" step="1"/><G54/><REACH who="3" ten="250,302,240,188" step="2"/><T64/><D64/><U84/><E27/><V12/><F12/><W89/><G89/><T1/><D13/><U56/><REACH who="1" step="1"/><E21/><AGARI ba="0,2" hai="14,17,21,61,65,69,88,94,95,97,99,101,116,118" machi="21" ten="30,3900,0" yaku="1,1,7,1,54,1,53,0" doraHai="78" doraHaiUra="2" who="2" fromWho="1" sc="250,0,302,-39,240,59,188,0" /><INIT seed="2,0,0,2,4,17" ten="250,263,299,188" oya="2" hai0="131,39,20,88,70,68,16,108,77,62,28,48,100" hai1="55,51,11,73,116,37,3,82,35,125,78,119,43" hai2="122,91,9,130,135,4,27,95,76,96,105,41,32" hai3="14,94,112,33,89,12,93,63,134,75,60,64,74"/><V29/><F130/><W126/><G33/><T47/><D39/><U26/><E125/><V5/><F122/><W0/><G0/><T80/><D28/><U31/><E55/><V38/><F135/><W69/><G112/><T98/><D131/><U15/><E51/><V52/><F105/><W1/><G1/><T85/><D108/><U6/><REACH who="1" step="1"/><E15/><REACH who="1" ten="250,253,299,188" step="2"/><V109/><F109/><W81/><G126/><T13/><D62/><U103/><E103/><V59/><F41/><W72/><G60/><T30/><D48/><U66/><E66/><V123/><F38/><W90/><G134/><T87/><D100/><U36/><E36/><V104/><F123/><W124/><G124/><T58/><D13/><U101/><E101/><V133/><F133/><W117/><G117/><T118/><D118/><U50/><E50/><V79/><F104/><W86/><REACH who="3" step="1"/><G81/><REACH who="3" ten="250,253,299,178" step="2"/><T84/><D80/><U111/><E111/><V21/><F32/><W121/><G121/><T19/><D47/><AGARI ba="0,2" hai="3,6,11,26,31,35,37,43,47,73,78,82,116,119" machi="47" ten="40,8000,1" yaku="1,1,25,2,23,2,53,0" doraHai="17" doraHaiUra="102" who="1" fromWho="0" sc="250,-80,253,100,299,0,178,0" /><INIT seed="3,0,0,0,4,127" ten="170,353,299,178" oya="3" hai0="54,20,12,27,80,83,86,112,3,90,115,102,7" hai1="106,39,8,19,26,47,121,85,36,22,0,84,94" hai2="63,89,113,29,114,72,133,92,95,61,53,78,135" hai3="60,1,116,117,66,25,132,28,70,104,96,108,37"/><W42/><G132/><N who="2" m="50761" /><F29/><W130/><G130/><T5/><D3/><U31/><E106/><V46/><F78/><W98/><G108/><T120/><D120/><U64/><E121/><V111/><F72/><W125/><G125/><T45/><D102/><U34/><E64/><V122/><F111/><W107/><G96/><T97/><D97/><U93/><E94/><N who="2" m="35883" /><F89/><W103/><G104/><T88/><D12/><U81/><E93/><V48/><F122/><W23/><G1/><T6/><D90/><U24/><E85/><V50/><F50/><W123/><G123/><T38/><D83/><U35/><E35/><V30/><F30/><W124/><G124/><T41/><REACH who="0" step="1"/><D54/><REACH who="0" ten="160,353,299,178" step="2"/><U131/><E0/><V18/><F53/><W76/><REACH who="3" step="1"/><G76/><REACH who="3" ten="160,353,299,168" step="2"/><T65/><D65/><U105/><E105/><V79/><F79/><W110/><G110/><T56/><D56/><U51/><E47/><AGARI ba="0,2" hai="23,25,28,37,42,47,60,66,70,98,103,107,116,117" machi="47" ten="40,3900,0" yaku="1,1,53,1" doraHai="127" doraHaiUra="43" who="3" fromWho="1" sc="160,0,353,-39,299,0,168,59" /><INIT seed="3,1,0,3,1,94" ten="160,314,299,227" oya="3" hai0="84,63,4,40,74,81,82,73,100,49,106,7,108" hai1="99,79,62,78,90,132,1,133,97,44,127,124,33" hai2="19,101,60,76,98,46,0,58,126,70,16,55,105" hai3="5,11,134,41,88,111,42,53,28,37,52,103,95"/><W24/><G103/><T71/><D108/><U26/><E1/><V64/><F0/><W34/><G134/><N who="1" m="51818" /><E62/><V121/><F126/><N who="1" m="48169" /><E44/><V109/><F109/><W89/><G111/><T120/><D74/><U12/><E12/><V110/><F110/><W57/><G37/><T93/><D106/><U118/><E118/><V130/><F76/><N who="1" m="29225" /><E90/><V83/><F46/><W50/><G89/><T9/><D63/><U36/><E36/><V91/><F91/><W39/><G39/><T59/><D73/><U29/><AGARI ba="1,0" hai="26,29,33,97,99" m="29225,48169,51818" machi="29" ten="40,8000,1" yaku="20,1,18,1,52,2" doraHai="94" who="1" fromWho="1" sc="160,-21,314,83,299,-21,227,-41" /><INIT seed="4,0,0,4,0,22" ten="139,397,278,186" oya="0" hai0="78,18,45,112,1,57,87,56,119,118,49,47,107" hai1="111,29,77,62,35,27,63,98,59,9,84,7,3" hai2="50,95,31,10,28,74,106,38,104,80,105,89,67" hai3="76,125,75,115,88,20,81,14,102,40,110,113,73"/><T30/><D107/><U122/><E111/><V2/><F38/><W25/><G110/><T17/><D1/><U86/><E122/><V64/><F50/><W116/><G116/><T127/><D112/><N who="3" m="43081" /><G125/><T32/><D127/><U8/><E8/><V123/><F123/><W19/><G102/><T100/><D100/><U133/><E133/><V53/><F53/><W11/><G40/><T6/><D6/><U54/><E98/><V42/><F42/><W51/><G51/><T79/><D49/><U129/><E129/><V58/><F80/><W5/><G88/><T52/><D87/><AGARI ba="0,0" hai="5,11,14,19,20,25,73,75,76,81,87" m="43081" machi="87" ten="30,2000,0" yaku="15,1,52,1" doraHai="22" who="3" fromWho="0" sc="139,-20,397,0,278,0,186,20" /><INIT seed="5,0,0,3,2,107" ten="119,397,278,206" oya="1" hai0="40,9,106,16,8,79,35,4,102,85,94,18,36" hai1="110,89,6,31,117,131,21,10,121,88,20,132,17" hai2="72,45,42,5,62,49,105,91,109,2,26,11,101" hai3="84,44,73,39,43,125,86,54,55,69,83,32,133"/><U76/><E117/><V98/><F109/><W116/><G32/><T71/><D35/><U87/><E121/><V120/><F120/><W28/><G69/><T128/><D71/><U57/><E110/><V96/><F62/><W14/><G28/><T108/><D108/><U118/><E118/><V52/><F26/><W59/><G116/><T82/><D128/><U124/><E131/><V48/><F96/><W95/><G125/><T100/><D106/><U77/><E132/><V34/><F91/><W61/><G133/><T30/><D30/><U19/><E124/><V53/><F34/><W68/><G68/><T80/><D9/><U104/><E104/><V25/><F25/><W1/><G1/><T58/><D58/><U60/><E31/><V134/><F134/><W24/><G24/><T119/><D119/><U38/><E38/><V74/><F42/><W47/><G14/><T27/><D82/><N who="1" m="49271" /><E6/><V51/><F51/><W33/><G33/><T122/><D122/><U66/><E89/><V46/><AGARI ba="0,0" hai="2,5,11,45,46,48,49,52,53,72,74,98,101,105" machi="46" ten="20,12000,2" yaku="0,1,7,1,9,1,52,2,54,1" doraHai="107" who="2" fromWho="2" sc="119,-30,397,-60,278,120,206,-30" /><INIT seed="6,0,0,1,1,11" ten="89,337,398,176" oya="2" hai0="91,17,46,97,86,125,41,35,71,0,16,69,129" hai1="124,82,103,21,134,60,131,77,75,128,40,90,28" hai2="53,127,52,13,51,2,106,108,115,102,95,34,87" hai3="135,80,56,98,123,9,15,107,6,85,78,111,43"/><V59/><F2/><W1/><G123/><T119/><D0/><U105/><E134/><V54/><F34/><W65/><G111/><T64/><D35/><U83/><E124/><V50/><F115/><W45/><G135/><T32/><D32/><U39/><E40/><V36/><F36/><W66/><G56/><T63/><D125/><U48/><E39/><V67/><F106/><W4/><G4/><T68/><D129/><N who="1" m="49739" /><E48/><N who="2" m="18475" /><F108/><W72/><G1/><T126/><D126/><U61/><E103/><V33/><F33/><W100/><REACH who="3" step="1"/><G72/><REACH who="3" ten="89,337,398,166" step="2"/><T55/><D119/><U130/><E130/><V8/><F59/><W110/><G110/><T93/><D55/><U26/><E75/><V132/><F127/><W76/><G76/><T20/><D97/><U57/><E77/><V89/><F132/><W81/><G81/><T62/><D62/><U113/><E83/><V19/><F67/><W84/><G84/><T92/><D92/><U121/><E121/><V22/><F54/><W133/><G133/><T18/><REACH who="0" step="1"/><D20/><REACH who="0" ten="79,337,398,166" step="2"/><U96/><E60/><V49/><F22/><W109/><G109/><T24/><D24/><U37/><E61/><V94/><F53/><W122/><G122/><T42/><D42/><U23/><E23/><V12/><F52/><W79/><G79/><T27/><D27/><U70/><E21/><V10/><F94/><W118/><G118/><T73/><D73/><U74/><E74/><V14/><F95/><W120/><G120/><T44/><D44/><U47/><E47/><V114/><F87/><W38/><AGARI ba="0,2" hai="6,9,15,38,43,45,65,66,78,80,85,98,100,107" machi="38" ten="20,5200,0" yaku="1,1,0,1,7,1,52,1,53,0" doraHai="11" doraHaiUra="30" who="3" fromWho="3" sc="79,-13,337,-13,398,-26,166,72" /><INIT seed="7,0,0,2,5,100" ten="66,324,372,238" oya="3" hai0="42,45,127,73,70,9,24,72,113,58,104,27,0" hai1="105,96,83,71,44,120,2,102,17,94,76,52,14" hai2="134,101,1,11,34,121,62,81,53,129,38,15,25" hai3="95,116,103,18,37,50,66,107,85,26,16,4,31"/><W112/><G116/><T75/><D70/><U110/><E110/><V55/><F38/><W28/><G37/><T67/><D24/><U84/><E120/><V133/><F1/><W80/><G107/><T46/><D46/><U41/><E2/><V36/><F36/><W108/><G112/><T6/><D113/><U47/><E71/><V63/><F101/><W123/><G123/><T30/><D67/><U13/><E94/><V111/><F81/><W5/><G108/><T90/><D90/><U49/><REACH who="1" step="1"/><E17/><REACH who="1" ten="66,314,372,238" step="2"/><V82/><F111/><W115/><G115/><T126/><D58/><U39/><AGARI ba="0,1" hai="13,14,39,41,44,47,49,52,76,83,84,96,102,105" machi="39" ten="20,12000,2" yaku="1,1,2,1,0,1,7,1,52,1,54,1,53,0" doraHai="100" doraHaiUra="109" who="1" fromWho="1" sc="66,-30,314,130,372,-30,238,-60" owari="36,-46.0,444,54.0,342,14.0,178,-22.0" /></mjloggm>