<mjloggm ver="2.3"><GO type="41" lobby="0"/><UN n0="%E3%83%99%E3%82%BF%E3%82%AA%E3%83%AA%E3%82%B9%E3%82%AF" n1="%E5%B0%B1%E6%B4%BB%E7%94%9F%40%E5%B7%9D%E6%9D%91%E8%BB%8D%E5%9B%A3" n2="%61%6B%69%33%39" n3="%E3%82%8F%E3%81%97%E3%81%A3%E3%81%9A" dan="15,15,15,14" rate="1949.48,2020.47,1960.88,1968.18" sx="M,M,M,M"/><TAIKYOKU oya="0"/><INIT seed="0,0,0,0,5,21" ten="250,250,250,250" oya="0" hai0="108,68,84,76,44,106,52,39,110,3,49,97,91" hai1="75,78,126,31,25,22,5,104,9,87,107,111,89" hai2="112,35,26,55,40,11,102,32,88,58,36,93,83" hai3="134,80,71,12,0,29,81,19,132,131,43,41,8"/><T57/><D68/><U38/><E111/><N who="0" m="42537" /><D3/><U33/><E126/><V94/><F112/><W50/><G71/><T82/><D39/><U53/><E38/><V92/><F11/><W99/><G131/><T1/><D1/><U124/><E124/><V28/><F102/><W64/><G64/><T103/><D57/><U20/><E78/><AGARI ba="0,0" hai="44,49,52,76,78,82,84,91,97,103,106" m="42537" machi="78" ten="30,5800,0" yaku="14,1,10,1,54,1" doraHai="21" who="0" fromWho="1" sc="250,58,250,-58,250,0,250,0" /><INIT seed="0,1,0,2,0,119" ten="308,192,250,250" oya="0" hai0="96,86,69,7,30,117,25,22,51,4,50,11,111" hai1="134,107,129,21,126,124,112,63,91,40,39,95,76" hai2="105,43,66,81,31,131,97,64,130,36,88,78,5" hai3="100,103,135,99,6,10,44,15,122,72,0,8,65"/><T56/><D69/><U101/><E39/><V108/><F108/><W120/><G72/><T89/><D117/><U74/><E40/><V67/><F31/><W114/><G114/><T102/><D111/><U37/><E37/><V77/><F5/><W53/><G65/><T128/><D128/><N who="2" m="49194" /><F105/><W17/><G135/><T87/><D56/><U13/><E13/><V84/><F97/><W42/><G53/><T93/><D87/><N who="1" m="52735" /><E21/><V94/><F94/><W110/><G110/><T2/><REACH who="0" step="1"/><D7/><REACH who="0" ten="298,192,250,250" step="2"/><U83/><E129/><V16/><F67/><W80/><G80/><AGARI ba="1,1" hai="2,4,11,22,25,30,50,51,80,86,89,93,96,102" machi="80" ten="30,11600,0" yaku="1,1,2,1,7,1,53,1" doraHai="119" doraHaiUra="35" who="0" fromWho="3" sc="298,129,192,0,250,0,250,-119" /><INIT seed="0,2,0,1,4,60" ten="427,192,250,131" oya="0" hai0="105,96,3,38,91,97,39,103,62,68,122,51,9" hai1="102,50,2,130,71,43,82,73,129,81,29,70,119" hai2="13,63,35,90,41,55,47,74,11,84,117,10,131" hai3="27,21,65,18,80,6,113,104,66,42,120,87,22"/><T118/><D118/><U109/><E2/><V12/><F35/><W64/><G104/><T95/><D122/><U110/><E102/><V128/><F74/><W133/><G120/><T134/><D134/><U121/><E121/><V127/><F117/><W135/><G42/><T112/><D112/><U20/><E119/><V5/><F127/><W107/><G107/><T77/><D77/><U40/><E20/><V17/><F55/><W92/><G92/><T8/><D51/><U75/><E50/><V100/><F100/><W53/><G6/><T116/><D116/><U48/><E48/><V32/><F32/><W126/><G126/><T59/><D68/><U124/><E124/><V115/><F115/><W1/><G1/><T34/><D34/><U86/><E86/><V31/><F31/><AGARI ba="2,0" hai="29,31,40,43,70,71,73,75,81,82,109,110,129,130" machi="31" ten="25,1600,0" yaku="22,2" doraHai="60" who="1" fromWho="2" sc="427,0,192,22,250,-22,131,0" /><INIT seed="1,0,0,0,4,119" ten="427,214,228,131" oya="1" hai0="0,72,24,123,14,93,82,48,91,15,57,122,33" hai1="132,94,21,131,135,39,43,40,105,38,12,130,87" hai2="53,56,1,29,89,37,34,11,69,68,54,17,128" hai3="19,107,98,49,110,55,64,118,42,133,44,117,28"/><U115/><E105/><V80/><F37/><N who="1" m="13833" /><E21/><V86/><F128/><N who="1" m="49193" /><E12/><V81/><F1/><W4/><G28/><N who="0" m="19591" /><D0/><U7/><E7/><V6/><F34/><W113/><G4/><T127/><D127/><U20/><E20/><V106/><F29/><W67/><G19/><T84/><D48/><U83/><E94/><V90/><F17/><W27/><G27/><T92/><D57/><U16/><E115/><V47/><F106/><W134/><G98/><N who="0" m="57631" /><D93/><U35/><E35/><V36/><F11/><W100/><G100/><T108/><D72/><U45/><E16/><V74/><F6/><W97/><G97/><T85/><D108/><U61/><E61/><V116/><F116/><N who="3" m="44651" /><G107/><T77/><D85/><U51/><E40/><V121/><F36/><N who="3" m="21575" /><G110/><T25/><D25/><U112/><E112/><V2/><F2/><W18/><G18/><T59/><D15/><U102/><E102/><V99/><F74/><W75/><G75/><T126/><D14/><U32/><E32/><V22/><F22/><W62/><G113/><T120/><D82/><U13/><E13/><V3/><F81/><W71/><G67/><T41/><D41/><U104/><E104/><V30/><F3/><W76/><G76/><AGARI ba="0,0" hai="43,45,51,76,83,87,132,135" m="49193,13833" machi="76" ten="30,1500,0" yaku="19,1" doraHai="119" who="1" fromWho="3" sc="427,0,214,15,228,0,131,-15" /><INIT seed="1,1,0,5,4,125" ten="427,229,228,116" oya="1" hai0="67,57,87,85,69,24,36,78,71,26,2,37,6" hai1="18,61,62,16,60,117,9,81,79,115,112,83,100" hai2="55,95,72,10,109,51,23,17,12,124,133,29,113" hai3="11,4,114,134,52,111,122,131,7,58,123,84,32"/><U103/><E9/><V27/><F124/><W45/><G32/><T66/><D78/><U44/><E44/><V119/><F109/><W20/><G114/><N who="1" m="43562" /><E79/><V106/><F113/><W86/><G111/><T41/><D57/><U33/><E33/><V64/><F64/><W102/><G102/><N who="1" m="38954" /><E117/><V107/><F72/><W54/><G134/><T43/><D6/><U40/><E40/><V132/><F95/><W49/><G20/><T108/><D2/><U53/><E53/><V89/><F89/><W42/><G54/><T92/><D92/><U8/><E8/><V135/><REACH who="2" step="1"/><F119/><REACH who="2" ten="427,229,218,116" step="2"/><W110/><G110/><AGARI ba="1,1" hai="24,26,36,37,41,43,66,67,69,71,85,87,108,110" machi="110" ten="25,1600,0" yaku="22,2" doraHai="125" who="0" fromWho="3" sc="427,29,229,0,218,0,116,-19" /><INIT seed="2,0,0,4,2,32" ten="456,229,218,97" oya="2" hai0="133,77,96,109,9,54,50,56,3,10,65,75,35" hai1="127,25,19,4,70,74,53,13,85,36,134,23,57" hai2="94,12,135,107,26,98,91,125,104,21,18,123,16" hai3="33,29,20,90,117,43,45,60,100,110,28,108,122"/><V72/><F123/><W55/><G33/><T83/><D35/><U47/><E74/><V80/><F135/><W17/><G122/><T22/><D109/><N who="3" m="42089" /><G117/><T101/><D3/><U63/><E134/><V89/><F125/><W41/><G100/><T79/><D79/><U82/><E127/><V88/><F89/><W116/><G116/><T105/><D133/><U97/><E97/><V52/><F52/><W66/><G90/><T6/><D6/><U76/><E70/><V128/><F128/><W114/><G114/><T121/><D121/><U40/><E4/><V120/><F120/><W78/><G78/><T8/><D65/><U130/><E130/><V39/><F39/><N who="3" m="21695" /><G55/><T103/><D103/><U119/><E119/><V92/><F72/><W11/><G11/><T69/><D69/><U51/><E36/><V27/><F80/><W24/><G43/><T71/><D71/><AGARI ba="0,0" hai="17,20,24,28,29,60,66,71" m="21695,42089" machi="71" ten="30,1000,0" yaku="14,1" doraHai="32" who="3" fromWho="0" sc="456,-10,229,0,218,0,97,10" /><INIT seed="3,0,0,1,4,118" ten="446,229,218,107" oya="3" hai0="102,37,68,88,113,89,119,108,70,106,53,48,80" hai1="55,46,105,12,87,97,96,73,3,122,115,33,38" hai2="21,132,111,95,62,61,125,7,34,41,126,0,27" hai3="8,14,67,131,69,94,74,39,114,10,81,99,30"/><W123/><G123/><T66/><D37/><U76/><E3/><V93/><F111/><W5/><G114/><T116/><D108/><U36/><E33/><V90/><F132/><W124/><G131/><T110/><D110/><U109/><E73/><V77/><F77/><W45/><G30/><T135/><D135/><U2/><E2/><V54/><F41/><W50/><G39/><T22/><D113/><U128/><E105/><V13/><F93/><W85/><G74/><T84/><D102/><U32/><E32/><V78/><F78/><N who="3" m="46263" /><G124/><T31/><D106/><U23/><E38/><V58/><F34/><W44/><G69/><T71/><D66/><U42/><E115/><V130/><F130/><W18/><G67/><T82/><D82/><U121/><E109/><V112/><F0/><W4/><G10/><T52/><D89/><U91/><E128/><V72/><F72/><W100/><G45/><T86/><D86/><U28/><E76/><V25/><F112/><W19/><G4/><T11/><D11/><U56/><E97/><V17/><F7/><W60/><G60/><T59/><D53/><AGARI ba="0,0" hai="5,8,14,18,19,44,50,53,94,99,100" m="46263" machi="53" ten="30,1500,0" yaku="8,1" doraHai="118" who="3" fromWho="0" sc="446,-15,229,0,218,0,107,15" /><INIT seed="3,1,0,5,3,80" ten="431,229,218,122" oya="3" hai0="40,64,123,25,105,23,5,118,74,114,44,100,15" hai1="85,48,66,91,4,19,56,134,51,2,109,67,55" hai2="59,65,97,95,24,113,135,30,27,116,35,133,111" hai3="61,28,69,22,6,84,49,50,87,98,3,13,47"/><W8/><G69/><T131/><D118/><U37/><E37/><V42/><F116/><W58/><G98/><T36/><D123/><U78/><E109/><V119/><F119/><W92/><G92/><T31/><D74/><U121/><E121/><V110/><F113/><W7/><G7/><T63/><D131/><U108/><E108/><N who="2" m="41515" /><F42/><W101/><G101/><T43/><D43/><U75/><E75/><V41/><F41/><N who="3" m="24815" /><G50/><T128/><D128/><U93/><E134/><N who="2" m="51211" /><F27/><N who="3" m="16503" /><G3/><T46/><D40/><U76/><E4/><V89/><F59/><W130/><G130/><T122/><D5/><U26/><E2/><V81/><F81/><W77/><G77/><N who="1" m="29802" /><E51/><V9/><F9/><W96/><G96/><T39/><D36/><U73/><E73/><V72/><F72/><W57/><G57/><T60/><D39/><U12/><E26/><V90/><F65/><AGARI ba="1,0" hai="6,8,13,58,61,65,84,87" m="16503,24815" machi="65" ten="30,5800,0" yaku="8,1,52,2" doraHai="80" who="3" fromWho="2" sc="431,0,229,0,218,-61,122,61" /><INIT seed="3,2,0,3,4,38" ten="431,229,157,183" oya="3" hai0="65,91,50,78,76,22,131,52,73,14,88,29,99" hai1="121,57,42,106,79,16,10,36,58,40,85,32,96" hai2="53,77,98,30,90,87,31,47,108,12,82,75,109" hai3="11,46,101,93,8,97,21,102,13,86,80,132,94"/><W84/><G132/><T34/><D65/><U67/><E32/><V92/><F12/><W81/><G21/><T69/><D69/><U123/><E123/><V7/><F7/><W19/><G8/><T43/><D43/><N who="1" m="16427" /><E36/><V129/><F129/><W1/><G1/><T56/><D73/><U114/><E106/><V51/><REACH who="2" step="1"/><F75/><REACH who="2" ten="431,229,147,183" step="2"/><W35/><G35/><T20/><D14/><N who="1" m="7255" /><E121/><V100/><F100/><W37/><G37/><T62/><D34/><U125/><E125/><V64/><F64/><W113/><G113/><T28/><D131/><U3/><E3/><V4/><F4/><W54/><G102/><T134/><D134/><U59/><E114/><V24/><F24/><W5/><G5/><T66/><D66/><U104/><E104/><V119/><F119/><W9/><G9/><T27/><D27/><U68/><E68/><V83/><F83/><N who="3" m="31819" /><G94/><T2/><D2/><U44/><E67/><V72/><F72/><W128/><G128/><T55/><D29/><AGARI ba="2,1" hai="29,30,31,47,51,53,77,82,87,90,92,98,108,109" machi="29" ten="40,1300,0" yaku="1,1,53,0" doraHai="38" doraHaiUra="60" who="2" fromWho="0" sc="431,-19,229,0,147,29,183,0" /><INIT seed="4,0,0,5,5,78" ten="412,229,176,183" oya="0" hai0="94,22,31,11,29,76,109,32,68,36,108,85,49" hai1="48,101,41,97,82,20,27,24,73,59,79,62,115" hai2="39,122,116,33,92,110,16,107,4,10,7,1,70" hai3="30,102,45,117,114,121,65,125,28,15,56,21,66"/><T26/><D36/><U81/><E115/><V132/><RYUUKYOKU type="yao9" ba="0,0" sc="412,0,229,0,176,0,183,0" hai2="1,4,7,10,16,33,39,70,92,107,110,116,122,132" /><INIT seed="4,1,0,2,2,124" ten="412,229,176,183" oya="0" hai0="80,120,17,87,43,72,126,29,53,88,101,70,104" hai1="71,102,95,114,99,7,90,66,96,97,60,113,86" hai2="111,131,42,57,40,18,5,75,22,74,28,63,133" hai3="98,16,85,110,4,107,10,54,49,32,45,52,59"/><T37/><D70/><U34/><E7/><V55/><F111/><W27/><G110/><T23/><D29/><U69/><E34/><V103/><F133/><W73/><G73/><T83/><D120/><U19/><E71/><V36/><F5/><W93/><G107/><T125/><D43/><U64/><E64/><V84/><F28/><W33/><G85/><T21/><D37/><U106/><REACH who="1" step="1"/><E19/><REACH who="1" ten="412,219,176,183" step="2"/><V109/><F36/><W117/><G117/><T128/><D17/><U134/><E134/><V48/><F18/><W2/><G16/><T81/><D126/><U24/><E24/><V89/><F22/><W44/><G27/><T116/><D23/><U25/><E25/><V1/><F1/><W82/><G82/><N who="0" m="49271" /><D21/><U30/><E30/><V51/><F109/><W135/><G135/><T129/><D83/><U6/><E6/><V119/><F119/><W100/><REACH who="3" step="1"/><G45/><REACH who="3" ten="412,219,176,173" step="2"/><T94/><D81/><U108/><E108/><V56/><F75/><W127/><G127/><T79/><D80/><U118/><E118/><V11/><F74/><W9/><G9/><T12/><D72/><U3/><E3/><V92/><F11/><W26/><G26/><T105/><D125/><U121/><E121/><V122/><F122/><W123/><G123/><T115/><D116/><U67/><E67/><V20/><F20/><W31/><G31/><T91/><D79/><U78/><E78/><V61/><F84/><W14/><G14/><T41/><D12/><U77/><E77/><V58/><F92/><W8/><G8/><T38/><D94/><U0/><E0/><V39/><F39/><RYUUKYOKU ba="1,2" sc="412,-15,219,15,176,-15,173,15" hai1="60,66,69,86,90,95,96,97,99,102,106,113,114" hai3="2,4,10,32,33,44,49,52,54,59,93,98,100" /><INIT seed="5,2,2,3,5,8" ten="397,234,161,188" oya="1" hai0="117,113,84,45,133,125,90,38,22,1,102,57,66" hai1="32,112,92,76,0,69,34,53,82,64,37,103,86" hai2="85,83,15,107,56,73,21,11,5,55,58,44,12" hai3="75,116,131,87,94,61,10,16,50,81,114,129,3"/><U51/><E37/><V78/><F107/><W101/><G116/><T36/><D1/><U126/><E0/><V104/><F104/><W115/><G75/><T124/><D102/><U122/><E122/><V127/><F73/><W71/><G50/><T2/><D2/><U48/><E126/><V7/><F127/><N who="0" m="48714" /><D113/><N who="3" m="43017" /><G101/><T106/><D106/><U41/><E112/><V109/><F109/><W132/><G94/><N who="0" m="54599" /><D133/><U67/><E69/><V52/><F44/><W80/><G132/><T97/><D97/><N who="1" m="59815" /><E32/><V49/><F21/><W33/><G33/><T31/><D45/><N who="1" m="25647" /><E34/><V47/><REACH who="2" step="1"/><F55/><REACH who="2" ten="397,234,151,188" step="2"/><W70/><G61/><N who="0" m="38191" /><D117/><U42/><E42/><V4/><F4/><N who="3" m="1311" /><G80/><T35/><D35/><U111/><E111/><V63/><F63/><W18/><G71/><T121/><D121/><U24/><E24/><AGARI ba="2,3" hai="22,24,31,36,38" m="38191,54599,48714" machi="24" ten="30,1000,0" yaku="18,1" doraHai="8" who="0" fromWho="1" sc="397,46,234,-16,151,0,188,0" /><INIT seed="6,0,0,4,4,36" ten="443,218,151,188" oya="2" hai0="112,7,74,105,120,79,21,30,34,9,130,11,28" hai1="42,47,68,76,86,25,38,5,109,16,23,83,103" hai2="62,39,125,75,48,100,104,129,27,54,80,117,52" hai3="121,132,65,57,20,69,43,98,84,128,32,50,45"/><V12/><F117/><W35/><G121/><T93/><D105/><U134/><E109/><V70/><F39/><W102/><G128/><T90/><D34/><U118/><E68/><V131/><F125/><W17/><G132/><T119/><D120/><U19/><E118/><V94/><F104/><W29/><G84/><T49/><D112/><U44/><E134/><V113/><F113/><W66/><G66/><T115/><D115/><U8/><E103/><V99/><F12/><W60/><G69/><T122/><D122/><U133/><E133/><V72/><F27/><W61/><G61/><T64/><D64/><U92/><E92/><V126/><F126/><W51/><G51/><T40/><D79/><U58/><E58/><N who="2" m="35143" /><F70/><W78/><G78/><T15/><D74/><N who="2" m="28202" /><F80/><W123/><G123/><T63/><D15/><N who="1" m="5519" /><E38/><V114/><F114/><W87/><G87/><T135/><D135/><U56/><E42/><V0/><F0/><W24/><REACH who="3" step="1"/><G17/><REACH who="3" ten="443,218,151,178" step="2"/><N who="1" m="6730" /><E56/><V3/><F3/><W37/><G37/><T14/><D119/><U33/><E33/><V31/><F31/><AGARI ba="0,1" hai="23,25,31,44,47,76,83,86" m="6730,5519" machi="31" ten="30,2000,0" yaku="8,1,54,1" doraHai="36" who="1" fromWho="2" sc="443,0,218,30,151,-20,178,0" /><INIT seed="7,0,0,3,2,96" ten="443,248,131,178" oya="3" hai0="36,127,2,16,37,68,125,84,112,76,79,74,134" hai1="26,82,100,109,135,25,38,73,118,22,128,42,5" hai2="61,41,64,56,10,126,71,50,23,119,101,45,63" hai3="62,24,55,66,4,18,75,133,81,11,19,90,21"/><W28/><G133/><T124/><D134/><U0/><E109/><V57/><F126/><W131/><G131/><T85/><D112/><U1/><E100/><V99/><F119/><W132/><G132/><T32/><D68/><U48/><E48/><V94/><F10/><W91/><G55/><T35/><D2/><U80/><E80/><V29/><F71/><W51/><G51/><T7/><D7/><U130/><E118/><V97/><F97/><W14/><G75/><T98/><D98/><U104/><E104/><V65/><F23/><W108/><G108/><T116/><D116/><U121/><E121/><V113/><F113/><W105/><G105/><T59/><D16/><U47/><E135/><V86/><F86/><N who="0" m="33386" /><D59/><U92/><E92/><V83/><REACH who="2" step="1"/><F29/><REACH who="2" ten="443,248,121,178" step="2"/><W72/><G72/><T49/><D49/><N who="1" m="26871" /><E22/><V110/><F110/><W46/><G81/><AGARI ba="0,1" hai="41,45,50,56,57,61,63,64,65,81,83,94,99,101" machi="81" ten="40,8000,1" yaku="1,1,9,1,8,1,52,1,53,0" doraHai="96" doraHaiUra="20" who="2" fromWho="3" sc="443,0,248,0,121,90,178,-80" owari="443,54.0,248,5.0,211,-19.0,98,-40.0" /></mjloggm>