<mjloggm ver="2.3"><GO type="169" lobby="0"/><UN n0="%E3%81%A8%E3%82%8C%E3%82%82%E3%82%8D" n1="%E3%82%89%E3%81%84%E3%81%A1%E3%82%87%E3%81%86" n2="%54%2E%54%2E%38" n3="%E3%83%88%E3%83%88%E3%83%AA%E5%85%88%E7%94%9F%31%39%E6%AD%B3" dan="17,17,16,17" rate="2117.39,2231.85,2076.78,2200.93" sx="M,M,M,F"/><TAIKYOKU oya="0"/><INIT seed="0,0,0,1,3,66" ten="250,250,250,250" oya="0" hai0="77,116,114,123,125,78,64,76,53,16,111,8,120" hai1="132,49,3,86,44,96,106,118,23,80,65,59,81" hai2="22,31,129,134,112,61,40,131,128,83,58,15,55" hai3="88,130,47,20,41,84,48,102,9,91,13,17,54"/><T135/><D116/><U46/><E118/><V4/><F112/><W124/><G130/><T63/><D114/><U92/><E3/><V6/><F134/><W5/><G124/><T121/><D135/><U25/><E106/><V104/><F104/><W2/><G102/><T42/><D125/><U62/><E132/><V11/><F40/><W38/><REACH who="3" step="1"/><G84/><REACH who="3" ten="250,250,250,240" step="2"/><T100/><D100/><N who="1" m="60423" /><E86/><V10/><F83/><W113/><G113/><T34/><D123/><U87/><E87/><V33/><F131/><W29/><G29/><T90/><D121/><U14/><E81/><V99/><F129/><W37/><G37/><T1/><D120/><U18/><E80/><V94/><F128/><W133/><G133/><T119/><D119/><U93/><E93/><V127/><F127/><W70/><G70/><T19/><D78/><U51/><E25/><V109/><F94/><W115/><G115/><T45/><D77/><U95/><E95/><V36/><F36/><W73/><G73/><T75/><D76/><U67/><E67/><V0/><F31/><W110/><G110/><T82/><D64/><U108/><E108/><V97/><F109/><W50/><G50/><AGARI ba="0,1" hai="14,18,23,44,46,49,50,51,59,62,65" m="60423" machi="50" ten="30,1000,0" yaku="8,1" doraHai="66" who="1" fromWho="3" sc="250,0,250,20,250,0,240,-10" /><INIT seed="1,0,0,0,4,89" ten="250,270,250,230" oya="1" hai0="99,12,35,11,118,60,82,117,94,34,58,23,108" hai1="0,100,27,4,50,59,52,1,42,47,120,129,123" hai2="85,29,48,116,64,115,98,95,104,31,56,83,3" hai3="126,121,111,93,76,132,38,63,69,128,97,6,41"/><U8/><E129/><V9/><F3/><W125/><G121/><T53/><D108/><U124/><E0/><V88/><F104/><W80/><G128/><T106/><D106/><U61/><E124/><N who="3" m="47722" /><G111/><T90/><D23/><U92/><REACH who="1" step="1"/><E27/><REACH who="1" ten="250,260,250,230" step="2"/><V33/><F116/><W10/><G132/><T74/><D118/><U18/><E18/><V96/><F115/><W22/><G6/><T72/><D117/><U70/><E70/><V79/><F29/><W36/><G69/><T77/><D72/><U135/><E135/><V21/><F33/><W15/><G15/><T67/><D67/><U32/><E32/><V19/><F64/><W71/><G71/><T110/><D110/><U86/><E86/><N who="2" m="48511" /><F31/><W49/><G38/><T40/><REACH who="0" step="1"/><D40/><REACH who="0" ten="240,260,250,230" step="2"/><U75/><E75/><V103/><F9/><W25/><G10/><T55/><D55/><U54/><E54/><N who="2" m="31815" /><F103/><W66/><G66/><T13/><D13/><AGARI ba="0,2" hai="13,19,21,85,88,95,96,98" m="31815,48511" machi="13" ten="30,7700,0" yaku="25,1,8,1,52,1,54,1" doraHai="89" who="2" fromWho="0" sc="240,-77,260,0,250,97,230,0" /><INIT seed="2,0,0,0,4,49" ten="163,260,347,230" oya="2" hai0="30,118,61,107,57,21,0,41,119,116,134,62,4" hai1="72,96,24,113,5,89,60,15,6,88,43,19,29" hai2="20,27,90,46,100,11,92,51,75,38,58,91,34" hai3="125,121,84,45,124,106,85,111,68,71,17,78,64"/><V37/><F75/><W25/><G121/><T47/><D107/><U33/><E72/><V114/><F34/><W117/><G117/><T112/><D112/><U42/><E113/><V77/><F114/><W97/><G111/><T48/><D134/><U108/><E108/><V132/><F77/><W40/><G64/><T18/><D30/><U12/><E60/><V83/><F132/><W133/><G133/><T44/><D57/><U120/><E120/><V87/><F100/><N who="3" m="62735" /><G17/><T80/><D80/><U53/><E53/><V22/><F11/><W2/><G25/><T79/><D79/><U94/><E89/><V3/><F58/><W13/><G13/><T73/><D73/><U104/><E104/><V10/><F3/><W28/><G28/><T82/><D82/><U76/><E76/><V81/><F10/><W131/><G2/><T128/><D128/><U74/><E74/><V59/><F59/><W31/><G31/><T26/><D4/><U50/><E15/><V110/><F110/><W102/><G102/><T103/><D0/><U135/><E135/><V8/><F8/><W115/><G131/><T86/><D103/><U69/><E69/><N who="3" m="26698" /><G78/><T23/><D23/><N who="1" m="11751" /><E6/><V65/><F65/><W130/><G130/><T109/><D109/><U123/><E5/><V98/><F20/><W127/><G115/><T95/><D44/><N who="1" m="25879" /><E123/><V16/><REACH who="2" step="1"/><F83/><REACH who="2" ten="163,260,337,230" step="2"/><W66/><G66/><T70/><D70/><U39/><E33/><V122/><F122/><W1/><G1/><T9/><D9/><U105/><E105/><V7/><F7/><W63/><G127/><T32/><D32/><RYUUKYOKU ba="0,1" sc="163,15,260,-15,337,15,230,-15" hai0="18,21,26,41,47,48,61,62,86,95,116,118,119" hai2="16,22,27,37,38,46,51,81,87,90,91,92,98" /><INIT seed="2,1,1,1,2,89" ten="178,245,352,215" oya="2" hai0="114,78,11,131,20,23,72,77,67,38,126,2,5" hai1="45,34,70,103,133,59,116,4,40,31,88,79,32" hai2="123,24,73,56,115,124,10,93,6,0,128,135,86" hai3="46,29,60,110,106,44,84,112,3,108,92,35,9"/><V134/><F123/><W109/><G112/><T66/><D114/><U51/><E70/><V125/><F115/><W97/><G106/><T13/><D126/><N who="2" m="48746" /><F73/><W132/><G132/><N who="2" m="50729" /><F24/><N who="3" m="18855" /><G84/><T127/><D38/><U7/><E133/><V14/><F56/><W28/><G28/><T130/><D72/><U118/><E31/><V87/><F0/><W57/><G9/><T42/><D2/><U8/><E8/><V54/><F54/><N who="3" m="33847" /><G3/><T58/><D127/><U17/><E59/><V91/><F128/><W105/><G105/><T71/><D71/><U95/><E34/><V43/><F43/><W80/><G80/><T64/><D42/><U63/><E32/><V74/><F74/><W22/><G22/><N who="0" m="8235" /><D58/><U37/><E40/><V75/><F75/><W76/><G46/><T36/><D36/><U94/><E45/><V68/><F68/><W39/><G44/><T61/><D61/><U104/><E63/><V98/><AGARI ba="1,1" hai="6,10,14,86,87,91,93,98" m="50729,48746" machi="98" ten="30,6000,0" yaku="18,1,20,1,52,1" doraHai="89" who="2" fromWho="2" sc="178,-21,245,-21,352,73,215,-21" /><INIT seed="2,2,0,4,5,77" ten="157,224,425,194" oya="2" hai0="122,121,135,25,21,87,82,11,81,62,68,85,134" hai1="32,92,24,86,5,42,44,20,126,106,98,96,12" hai2="63,35,124,78,34,119,69,129,59,115,113,114,112" hai3="73,15,31,38,57,55,128,0,22,3,103,104,80"/><V99/><F119/><W48/><G38/><T1/><D68/><U117/><E117/><V45/><F129/><W133/><G128/><T49/><D62/><U58/><E126/><V79/><F124/><W65/><G133/><N who="0" m="50699" /><D49/><N who="1" m="26775" /><E32/><V10/><F69/><W71/><G65/><T36/><D36/><U123/><E106/><V60/><F45/><W72/><G71/><T105/><D105/><U91/><E123/><N who="0" m="47113" /><D11/><N who="1" m="4207" /><E58/><V95/><F10/><W4/><G104/><T131/><D1/><U8/><E8/><V101/><F63/><W30/><G3/><T18/><D131/><U132/><E132/><V56/><F56/><W66/><G57/><T41/><D41/><U125/><E125/><V17/><F35/><W39/><G0/><T50/><D50/><U97/><E97/><V46/><F34/><W14/><G48/><T64/><D64/><U9/><E9/><V90/><F46/><W89/><G66/><T102/><D102/><U27/><E27/><V93/><F17/><AGARI ba="2,0" hai="17,20,24,86,91,92,96,98" m="4207,26775" machi="17" ten="30,1000,0" yaku="8,1" doraHai="77" who="1" fromWho="2" sc="157,0,224,16,425,-16,194,0" /><INIT seed="3,0,0,4,3,102" ten="157,240,409,194" oya="3" hai0="134,6,105,53,110,95,27,48,60,21,77,90,16" hai1="3,62,44,33,28,107,76,100,47,130,125,43,14" hai2="121,13,115,93,31,58,86,132,120,113,30,101,25" hai3="10,133,122,72,80,89,9,117,81,11,65,22,128"/><W69/><G117/><T99/><D110/><U84/><E3/><V56/><F132/><W119/><G119/><T129/><D129/><U68/><E14/><V103/><F13/><W8/><G122/><N who="2" m="47209" /><F86/><W5/><G128/><T70/><D134/><U4/><E4/><V24/><F93/><W78/><G133/><T63/><D70/><U23/><E43/><V7/><F7/><W114/><G114/><N who="2" m="43529" /><F56/><W83/><G89/><T131/><D131/><U92/><E130/><V41/><F58/><W96/><G96/><T45/><D77/><U15/><E92/><V54/><F54/><W50/><G22/><T91/><D6/><U73/><E23/><N who="2" m="15647" /><F41/><W42/><G69/><T18/><D105/><U55/><E107/><V74/><F74/><W61/><G61/><T1/><D1/><U32/><E73/><V112/><F112/><W126/><G65/><T36/><D36/><U29/><E68/><V26/><F26/><W39/><G39/><T87/><REACH who="0" step="1"/><D18/><REACH who="0" ten="147,240,409,194" step="2"/><U40/><E76/><V49/><F49/><W127/><G78/><T19/><D19/><U67/><E29/><V85/><F31/><W71/><G71/><T109/><D109/><U52/><E28/><V98/><F25/><W46/><REACH who="3" step="1"/><G72/><REACH who="3" ten="147,240,409,184" step="2"/><T64/><D64/><U79/><E67/><V135/><F98/><W111/><G111/><T116/><D116/><U75/><E75/><V59/><F135/><W88/><G88/><T20/><D20/><U35/><E79/><V2/><F103/><W123/><G123/><T38/><D38/><U37/><E37/><V104/><F101/><W118/><G118/><RYUUKYOKU ba="0,2" sc="147,15,240,-15,409,-15,184,15" hai0="16,21,27,45,48,53,60,63,87,90,91,95,99" hai3="5,8,9,10,11,42,46,50,80,81,83,126,127" /><INIT seed="3,1,2,4,3,98" ten="162,225,394,199" oya="3" hai0="81,86,115,132,29,131,59,69,65,89,15,12,93" hai1="134,3,104,33,105,20,113,109,17,92,74,27,66" hai2="32,38,6,10,7,78,129,82,2,70,88,4,37" hai3="39,49,58,68,57,126,103,44,11,19,73,106,107"/><W22/><G73/><T102/><D69/><U25/><E113/><V112/><F70/><W13/><G68/><T97/><D132/><U125/><E3/><V42/><F32/><W1/><G39/><T121/><D121/><U54/><E74/><V48/><F112/><W18/><G126/><T14/><D131/><U101/><E125/><V79/><F129/><W91/><G91/><T56/><D115/><U123/><E66/><V96/><F38/><W100/><G106/><T63/><REACH who="0" step="1"/><D29/><REACH who="0" ten="152,225,394,199" step="2"/><U85/><E134/><V23/><F2/><W36/><G1/><T119/><D119/><U43/><E123/><V122/><F122/><W130/><G130/><T47/><D47/><U55/><E109/><V26/><F37/><W75/><G57/><T87/><D87/><U84/><E85/><V5/><F96/><W24/><G75/><T52/><D52/><U118/><E55/><V80/><F42/><N who="3" m="24727" /><G36/><T0/><D0/><U83/><E118/><V8/><F78/><W9/><G107/><T61/><D61/><U135/><E135/><V16/><F79/><W116/><G116/><T30/><D30/><N who="1" m="19663" /><E43/><V90/><F48/><W34/><G58/><T127/><D127/><U46/><E46/><V114/><F114/><W62/><G62/><T128/><D128/><U124/><E124/><V94/><F90/><W28/><G34/><T53/><D53/><U72/><E54/><V51/><F51/><W41/><G41/><T64/><D64/><U77/><E72/><V110/><F88/><W60/><G60/><T108/><D108/><U133/><E133/><V45/><F110/><RYUUKYOKU ba="1,3" sc="152,10,225,10,394,-30,199,10" hai0="12,14,15,56,59,63,65,81,86,89,93,97,102" hai1="17,20,27,77,83,84,92,101,104,105" hai3="9,11,13,18,19,22,24,28,100,103" /><INIT seed="3,2,3,1,5,58" ten="162,235,364,209" oya="3" hai0="120,89,50,33,73,107,118,45,101,35,34,23,85" hai1="55,105,11,84,59,3,119,102,26,114,62,78,92" hai2="46,40,21,75,57,16,1,52,15,20,80,53,30" hai3="90,63,10,129,27,111,54,22,124,25,133,104,42"/><W32/><G104/><T61/><D118/><U106/><E114/><V66/><F1/><W113/><G113/><T69/><D73/><U122/><E122/><V9/><F75/><W68/><G129/><T77/><D77/><U125/><E119/><V93/><F80/><W36/><G133/><T108/><D120/><U127/><E26/><V0/><F0/><W31/><G124/><N who="1" m="47690" /><E78/><V71/><F71/><W79/><G111/><T13/><D108/><U28/><E28/><V72/><F72/><W130/><G130/><T123/><D123/><U135/><E135/><V76/><F76/><W95/><G79/><T70/><D101/><U117/><E117/><V7/><F30/><W86/><G10/><T38/><D38/><U81/><E81/><V51/><F21/><W17/><G54/><T49/><D107/><U14/><E3/><V24/><F93/><W132/><G132/><T112/><D112/><U65/><E55/><V126/><F126/><W87/><G87/><T131/><D34/><U134/><E134/><V97/><F97/><W94/><G94/><T18/><D131/><U64/><E64/><V121/><F121/><W88/><G90/><T60/><D89/><N who="1" m="53287" /><E102/><V56/><F66/><W115/><G115/><T82/><D82/><U100/><E100/><V67/><F67/><N who="3" m="41087" /><G42/><N who="0" m="24759" /><D85/><U8/><E8/><V43/><F46/><W19/><G19/><AGARI ba="2,3" hai="11,14,19,59,62,65,105,106" m="53287,47690" machi="19" ten="30,2000,0" yaku="18,1,52,1" doraHai="58" who="1" fromWho="3" sc="162,0,235,56,364,0,209,-26" /><INIT seed="4,0,0,2,1,57" ten="162,291,364,183" oya="0" hai0="128,135,44,53,51,84,74,69,5,108,81,1,102" hai1="73,19,62,132,122,23,72,30,12,3,39,18,0" hai2="94,52,22,92,41,111,118,47,48,97,59,35,79" hai3="14,45,4,54,80,8,119,15,46,36,60,133,13"/><T67/><D74/><U116/><E39/><V37/><F35/><W109/><G119/><T7/><D135/><U61/><E116/><V100/><F118/><W88/><G133/><T85/><D128/><U32/><E132/><V105/><F111/><W75/><G109/><T121/><D121/><U124/><E32/><V10/><F79/><W112/><G112/><T20/><D108/><U27/><E122/><V106/><F106/><W83/><G75/><T131/><D131/><U101/><E101/><V104/><F104/><W89/><G36/><T91/><D102/><U86/><E86/><V115/><F115/><W103/><G103/><T107/><D107/><U68/><E68/><V42/><F42/><W63/><G8/><T99/><D99/><U40/><E40/><V17/><F10/><W120/><G120/><T90/><D1/><U129/><E129/><V114/><F114/><W11/><G11/><T70/><D20/><N who="1" m="15719" /><E3/><V113/><F113/><W76/><G4/><T126/><D126/><U77/><E0/><V93/><REACH who="2" step="1"/><F105/><REACH who="2" ten="162,291,354,183" step="2"/><W71/><G76/><T16/><D5/><U43/><E43/><V25/><AGARI ba="0,1" hai="17,22,25,37,41,47,48,52,59,92,93,94,97,100" machi="25" ten="20,8000,1" yaku="1,1,2,1,0,1,7,1,54,1,53,0" doraHai="57" doraHaiUra="29" who="2" fromWho="2" sc="162,-40,291,-20,354,90,183,-20" /><INIT seed="5,0,0,2,2,131" ten="122,271,444,163" oya="1" hai0="35,78,11,24,10,66,99,31,4,13,77,69,98" hai1="27,97,123,132,17,26,62,101,15,45,56,47,0" hai2="33,103,121,65,85,61,59,60,43,68,93,116,19" hai3="21,80,81,73,127,90,44,125,2,71,72,92,48"/><U79/><E123/><V128/><F116/><W104/><G71/><T6/><D66/><U5/><E79/><V8/><F121/><W75/><G2/><T112/><D69/><U16/><E5/><V107/><F33/><W110/><G21/><T89/><D112/><U94/><E132/><V57/><F68/><W49/><G104/><T54/><D54/><N who="1" m="34071" /><E0/><V46/><F128/><W42/><G49/><T32/><D32/><U74/><E74/><V86/><F107/><W29/><G29/><T34/><D34/><U124/><E124/><N who="3" m="47690" /><G110/><T115/><D115/><U111/><E111/><V114/><F114/><W25/><G25/><N who="1" m="9226" /><E17/><V63/><F19/><W50/><G50/><T88/><D99/><AGARI ba="0,0" hai="42,44,48,72,73,75,80,81,90,92,99" m="47690" machi="99" ten="40,1300,0" yaku="18,1" doraHai="131" who="3" fromWho="0" sc="122,-13,271,0,444,0,163,13" /><INIT seed="6,0,0,5,3,115" ten="109,271,444,176" oya="2" hai0="88,97,59,56,122,82,86,32,87,117,102,28,21" hai1="54,55,132,43,65,22,83,134,80,51,101,25,30" hai2="126,69,133,116,58,63,123,14,5,112,107,50,27" hai3="13,0,103,109,127,130,12,79,9,6,76,131,42"/><V35/><F107/><W53/><G109/><T57/><D122/><U94/><E65/><V64/><F123/><W91/><G127/><T105/><D32/><U62/><E43/><V49/><F126/><W18/><G103/><T124/><D124/><U92/><E62/><V108/><F112/><W8/><G42/><T89/><D117/><U75/><E55/><V36/><F116/><W128/><G91/><T68/><D68/><U111/><E111/><V100/><F36/><W11/><REACH who="3" step="1"/><G53/><REACH who="3" ten="109,271,444,166" step="2"/><T67/><D67/><U120/><E101/><V118/><F100/><W37/><G37/><T17/><D28/><U39/><E54/><V98/><F108/><W60/><G60/><T74/><D74/><U1/><E39/><V93/><F63/><W15/><G15/><T31/><D31/><U16/><E30/><V85/><F14/><W4/><AGARI ba="0,1" hai="0,4,6,8,9,11,12,13,18,76,79,128,130,131" machi="4" ten="40,8000,1" yaku="1,1,0,1,19,1,53,2" doraHai="115" doraHaiUra="2" who="3" fromWho="3" sc="109,-20,271,-20,444,-40,166,90" /><INIT seed="7,0,0,3,0,38" ten="89,251,404,256" oya="3" hai0="35,9,127,111,33,44,13,0,29,31,3,69,26" hai1="114,116,19,67,133,132,63,24,90,85,73,42,52" hai2="108,97,14,107,21,36,110,126,129,23,83,60,95" hai3="103,124,94,93,102,113,91,25,131,98,96,78,10"/><W125/><G25/><N who="0" m="18607" /><D44/><U115/><E73/><V117/><F107/><W123/><G10/><T105/><D69/><N who="1" m="42239" /><E116/><V5/><F117/><W84/><G123/><T54/><D54/><U51/><E42/><V18/><F36/><W55/><G55/><T64/><D64/><U39/><E39/><V30/><F83/><W79/><G113/><N who="1" m="43018" /><E19/><V46/><F110/><W58/><G58/><T119/><D127/><N who="3" m="48713" /><G131/><T88/><D105/><AGARI ba="0,0" hai="78,79,84,91,93,94,96,98,102,103,105" m="48713" machi="105" ten="30,5800,0" yaku="18,1,34,2" doraHai="38" who="3" fromWho="0" sc="89,-58,251,0,404,0,256,58" /><INIT seed="7,1,0,4,0,71" ten="31,251,404,314" oya="3" hai0="118,82,67,53,89,18,70,84,103,9,100,20,111" hai1="113,74,29,60,114,97,33,120,104,42,131,1,12" hai2="10,40,62,45,119,41,134,79,50,59,61,109,117" hai3="76,36,85,91,34,133,81,115,102,105,66,44,47"/><W17/><G34/><T135/><D111/><U78/><E12/><V72/><F109/><W27/><G115/><T23/><D135/><U21/><E21/><V55/><F79/><W95/><G133/><T110/><D110/><U57/><E57/><V130/><F72/><W56/><G36/><T13/><D118/><N who="2" m="45066" /><F10/><W63/><G102/><T128/><D128/><U48/><E48/><N who="2" m="31207" /><F130/><W132/><G105/><T8/><D67/><U64/><E120/><V43/><F134/><W0/><G0/><T37/><D70/><N who="1" m="42247" /><E1/><V39/><F39/><W127/><G127/><T11/><D37/><U16/><E16/><V88/><F88/><W2/><G2/><T93/><D20/><U25/><E131/><V123/><F123/><W99/><G132/><T28/><D28/><U15/><E15/><V80/><F80/><W14/><REACH who="3" step="1"/><G27/><REACH who="3" ten="31,251,404,304" step="2"/><T32/><D32/><U116/><E116/><V49/><F49/><W58/><G58/><T7/><D7/><U4/><E4/><V6/><F6/><W86/><G86/><T77/><D53/><AGARI ba="1,1" hai="40,41,43,45,50,53,61,62" m="31207,45066" machi="53" ten="30,2000,0" yaku="34,2" doraHai="71" who="2" fromWho="0" sc="31,-23,251,0,404,33,304,0" owari="8,-49.0,251,-15.0,437,54.0,304,10.0" /></mjloggm>