<mjloggm ver="2.3"><GO type="41" lobby="0"/><UN n0="%E3%82%B8%E3%83%A3%E3%82%A4%E3%82%A2%E3%83%B3%E3%83%83" n1="%67%61%6C%65%72%69%61" n2="%E5%86%A8%E6%A8%AB%E7%BE%A9%E5%8D%9A" n3="%E5%B0%B1%E6%B4%BB%E7%94%9F%40%E5%B7%9D%E6%9D%91%E8%BB%8D%E5%9B%A3" dan="13,13,13,16" rate="1812.53,1857.04,1860.94,2172.13" sx="M,M,M,M"/><TAIKYOKU oya="0"/><INIT seed="0,0,0,1,2,33" ten="250,250,250,250" oya="0" hai0="126,9,43,29,42,117,124,14,65,40,68,49,88" hai1="25,48,92,12,52,90,55,6,3,127,15,60,110" hai2="11,132,58,79,70,119,18,7,116,30,54,98,27" hai3="114,131,81,128,78,134,105,13,50,106,71,51,111"/><T112/><D117/><N who="2" m="45130" /><F132/><W91/><G71/><T59/><D112/><U80/><E80/><V10/><F70/><W57/><G114/><T118/><D118/><U37/><E37/><V94/><F79/><W84/><G134/><T46/><D29/><U97/><E25/><V19/><F11/><W22/><G111/><T95/><D68/><U73/><E110/><V26/><F54/><W5/><G78/><T107/><D107/><U1/><E73/><V16/><F58/><W96/><G57/><T66/><D59/><U130/><E60/><V85/><F85/><W87/><G87/><N who="0" m="52639" /><D126/><U89/><E127/><V34/><F26/><W135/><G135/><T101/><D101/><U82/><E48/><V17/><F17/><W35/><G35/><T93/><D93/><U86/><E15/><N who="2" m="5599" /><F19/><W24/><G5/><N who="0" m="3375" /><D124/><U103/><E103/><AGARI ba="0,0" hai="16,18,27,30,34,94,98,103" m="5599,45130" machi="103" ten="30,2000,0" yaku="12,1,54,1" doraHai="33" who="2" fromWho="1" sc="250,0,250,-20,250,20,250,0" /><INIT seed="1,0,0,3,3,68" ten="250,230,270,250" oya="1" hai0="89,126,1,24,40,117,17,133,43,105,18,53,127" hai1="129,134,74,75,63,32,14,132,11,5,76,15,99" hai2="73,87,41,50,34,98,49,42,59,102,64,52,29" hai3="104,107,45,26,85,79,97,116,67,7,92,37,22"/><U57/><E32/><V44/><F73/><W124/><G67/><T118/><D1/><U72/><E76/><V19/><F87/><W111/><G111/><T103/><D24/><U55/><E99/><V121/><F121/><W3/><G116/><N who="0" m="44651" /><D103/><U0/><REACH who="1" step="1"/><E129/><REACH who="1" ten="250,220,270,250" step="2"/><V54/><F34/><W93/><G97/><T91/><D105/><U120/><E120/><V125/><F98/><W84/><G79/><T130/><D130/><U96/><E96/><V20/><F125/><N who="0" m="47626" /><D133/><AGARI ba="0,1" hai="0,5,11,14,15,55,57,63,72,74,75,132,133,134" machi="133" ten="50,4800,0" yaku="1,1,20,1,53,0" doraHai="68" doraHaiUra="101" who="1" fromWho="0" sc="250,-48,220,58,270,0,250,0" /><INIT seed="1,1,0,0,0,53" ten="202,278,270,250" oya="1" hai0="1,13,101,63,61,89,8,2,86,18,30,95,19" hai1="72,6,103,78,56,73,48,55,39,31,96,41,93" hai2="34,5,127,85,99,42,58,57,32,100,105,74,119" hai3="88,26,106,109,62,38,94,77,36,90,43,121,59"/><U111/><E31/><V24/><F119/><W133/><G106/><T12/><D30/><U65/><E6/><V130/><F74/><W50/><G121/><T71/><D71/><U49/><E39/><V60/><F5/><W115/><G77/><T3/><REACH who="0" step="1"/><D101/><REACH who="0" ten="192,278,270,250" step="2"/><U15/><E73/><V27/><F100/><W16/><G115/><T92/><D92/><U29/><E72/><V14/><F105/><W108/><G133/><T116/><D116/><U46/><E29/><V4/><F32/><W51/><G94/><T28/><D28/><U84/><E111/><V54/><F34/><W69/><G69/><T98/><D98/><U118/><E118/><V123/><F123/><W113/><G113/><T67/><D67/><U66/><E15/><V47/><F99/><W81/><G109/><T33/><D33/><U75/><E75/><V128/><F127/><W110/><G108/><T0/><D0/><U82/><AGARI ba="1,1" hai="41,46,48,49,55,56,65,66,78,82,84,93,96,103" machi="82" ten="30,6000,0" yaku="0,1,8,1,52,1" doraHai="53" who="1" fromWho="1" sc="192,-21,278,73,270,-21,250,-21" /><INIT seed="1,2,0,3,1,42" ten="171,351,249,229" oya="1" hai0="68,78,19,26,51,71,131,36,59,110,100,23,16" hai1="1,46,120,90,33,135,48,96,133,41,97,82,28" hai2="50,74,111,24,7,30,86,72,13,94,2,77,116" hai3="3,22,39,83,102,25,125,134,79,109,80,84,65"/><U75/><E120/><V112/><F116/><W118/><G39/><T5/><D110/><U56/><E1/><V119/><F119/><W87/><G3/><T73/><D36/><U113/><E113/><V27/><F112/><W58/><G118/><T21/><D131/><U44/><E56/><V104/><F104/><W121/><G121/><T107/><D5/><U17/><E28/><V81/><F111/><W63/><G109/><T69/><D73/><N who="2" m="28266" /><F2/><W64/><G134/><N who="1" m="51210" /><E33/><V55/><F94/><W105/><G125/><T29/><D29/><U61/><E61/><V101/><F101/><W34/><G34/><T98/><D78/><N who="1" m="44383" /><E90/><V11/><F30/><W108/><G108/><T8/><D8/><U99/><E17/><V6/><F6/><W10/><G102/><T32/><D32/><U66/><E66/><V38/><F38/><W132/><G132/><T43/><D59/><U88/><E88/><V45/><F55/><W53/><G105/><T85/><D85/><U114/><E114/><V0/><F0/><W57/><G84/><T117/><D117/><U49/><E99/><V106/><F106/><W62/><G83/><T20/><D20/><U35/><E35/><V103/><F103/><W9/><G53/><AGARI ba="2,0" hai="41,44,46,48,49,53,96,97" m="44383,51210" machi="53" ten="30,5800,0" yaku="20,1,52,2" doraHai="42" who="1" fromWho="3" sc="171,0,351,64,249,0,229,-64" /><INIT seed="1,3,0,2,0,33" ten="171,415,249,165" oya="1" hai0="85,132,77,69,52,32,38,30,63,22,14,83,101" hai1="17,19,123,23,13,2,107,7,64,131,11,89,92" hai2="54,5,122,76,111,98,117,61,86,109,82,65,16" hai3="67,130,103,45,47,27,87,113,72,51,31,105,91"/><U80/><E107/><V36/><F122/><W35/><G72/><T41/><D132/><U102/><E64/><V128/><F117/><W66/><G130/><T37/><D32/><U0/><E102/><V94/><F128/><W46/><G113/><T121/><D121/><U81/><E131/><V126/><F126/><W56/><G105/><T49/><D101/><U90/><E123/><V8/><F36/><W112/><G103/><T95/><D95/><U93/><E23/><V115/><F115/><W10/><G112/><T60/><D69/><U34/><E34/><V1/><F54/><W4/><G56/><T120/><D120/><U127/><E127/><V97/><F16/><W53/><G66/><T108/><D108/><N who="2" m="41546" /><F94/><W40/><G67/><T9/><D41/><U116/><E116/><V73/><F73/><W70/><G70/><AGARI ba="3,0" hai="1,5,8,61,65,70,76,82,86,97,98" m="41546" machi="70" ten="30,2000,0" yaku="14,1,52,1" doraHai="33" who="2" fromWho="3" sc="171,0,415,0,249,29,165,-29" /><INIT seed="2,0,0,1,3,24" ten="171,415,278,136" oya="2" hai0="27,133,64,135,104,131,77,43,89,23,31,95,5" hai1="124,79,111,10,8,68,117,71,112,130,80,13,99" hai2="96,119,85,54,1,78,114,15,98,26,67,83,60" hai3="14,55,38,62,121,25,90,122,34,42,101,84,58"/><V41/><F119/><W75/><G75/><T33/><D104/><U29/><E112/><V61/><F114/><W57/><G101/><T12/><D43/><U93/><E29/><V22/><F1/><W107/><G107/><T113/><D77/><U88/><E8/><V105/><F105/><W52/><G42/><T66/><D113/><U37/><E37/><V110/><F110/><W47/><G47/><T91/><D131/><U7/><E111/><V44/><F15/><W45/><G45/><T59/><D59/><U108/><E130/><V32/><F32/><W48/><G38/><T36/><D36/><U106/><E108/><V123/><F123/><W115/><G115/><T49/><D49/><U73/><E117/><V53/><F60/><W2/><G2/><T92/><D5/><U128/><E128/><V0/><F0/><W56/><G56/><T28/><D12/><U18/><E7/><V109/><F109/><W63/><G48/><T35/><D23/><U39/><E39/><V3/><F3/><W9/><G25/><AGARI ba="0,0" hai="25,27,28,31,33,35,64,66,89,91,92,95,133,135" machi="25" ten="25,6400,0" yaku="22,2,52,2" doraHai="24" who="0" fromWho="3" sc="171,64,415,0,278,0,136,-64" /><INIT seed="3,0,0,3,1,120" ten="235,415,278,72" oya="3" hai0="115,110,4,100,39,68,93,3,27,114,51,24,88" hai1="21,28,42,133,123,26,122,59,8,124,31,55,38" hai2="92,40,95,107,29,49,111,134,121,25,16,70,54" hai3="1,12,46,87,34,82,101,74,76,72,5,77,13"/><W105/><G34/><T60/><D39/><U9/><E133/><V108/><F121/><W125/><G125/><T83/><D3/><U36/><E124/><V99/><F134/><W20/><G1/><T17/><D4/><U109/><E42/><V128/><F128/><W117/><G117/><T112/><D100/><U79/><E59/><V32/><F70/><W127/><G127/><T129/><D129/><U0/><E0/><V73/><F73/><W11/><G77/><T84/><D51/><U71/><E79/><V119/><F119/><W78/><G78/><N who="0" m="46199" /><D60/><U80/><E80/><V118/><F118/><W85/><G74/><T53/><D53/><U126/><E126/><V7/><F7/><W15/><G46/><T47/><D47/><U66/><E55/><V94/><F16/><W135/><G135/><T81/><D68/><U44/><E71/><V19/><F19/><W116/><G116/><T97/><D17/><U14/><E44/><V57/><F40/><W113/><G113/><T75/><D24/><U33/><E26/><V102/><AGARI ba="0,0" hai="25,29,32,49,54,57,92,94,95,99,102,107,108,111" machi="102" ten="30,4000,0" yaku="0,1,52,2" doraHai="120" who="2" fromWho="2" sc="235,-10,415,-10,278,40,72,-20" /><INIT seed="4,0,0,0,2,12" ten="225,405,318,52" oya="0" hai0="67,57,6,97,7,126,32,48,98,50,14,28,75" hai1="11,40,104,49,128,26,51,135,94,8,44,60,30" hai2="124,122,114,38,24,85,1,132,21,117,13,95,58" hai3="10,129,113,16,45,105,61,22,59,90,64,120,3"/><T2/><D75/><U131/><E104/><V76/><F1/><W42/><G105/><T109/><D109/><U88/><E60/><V130/><F122/><W39/><G113/><T74/><D74/><U93/><E93/><V121/><F121/><W123/><G129/><N who="1" m="49738" /><E51/><V79/><F130/><W100/><G100/><T73/><D73/><U5/><E5/><V33/><F124/><W125/><G125/><T101/><D126/><U69/><E69/><V35/><F132/><W111/><G111/><T68/><D2/><U110/><E110/><V25/><F114/><W66/><G66/><T23/><D14/><U133/><E133/><V84/><F38/><W41/><G41/><T102/><D57/><U71/><E71/><V81/><F58/><W118/><G118/><T46/><D50/><U56/><E56/><V89/><F117/><W77/><G77/><T83/><D83/><U17/><E135/><V72/><F72/><W43/><G43/><N who="0" m="24671" /><D32/><U112/><E112/><V9/><F79/><W4/><REACH who="3" step="1"/><G90/><REACH who="3" ten="225,405,318,42" step="2"/><T20/><D67/><U18/><E88/><V103/><F103/><N who="0" m="39434" /><D68/><U70/><E70/><V29/><REACH who="2" step="1"/><F25/><AGARI ba="0,1" hai="3,4,10,16,22,25,39,42,45,59,61,64,120,123" machi="25" ten="40,5200,0" yaku="1,1,52,1,54,1,53,0" doraHai="12" doraHaiUra="108" who="3" fromWho="2" sc="225,0,405,0,318,-52,42,62" /><INIT seed="5,0,0,1,5,85" ten="225,405,266,104" oya="1" hai0="22,105,79,127,61,10,66,75,112,73,55,42,131" hai1="62,93,2,54,108,84,120,25,90,67,92,45,102" hai2="96,27,88,129,114,5,8,82,118,121,60,7,26" hai3="128,94,72,24,11,40,47,17,19,36,74,29,9"/><U110/><BYE who="3" /><E120/><UN n3="%E5%B0%B1%E6%B4%BB%E7%94%9F%40%E5%B7%9D%E6%9D%91%E8%BB%8D%E5%9B%A3" /><V125/><F121/><W44/><G128/><T53/><D131/><U3/><E25/><V4/><F129/><W89/><G72/><T64/><D105/><U63/><E102/><V23/><F118/><W117/><G74/><T0/><D0/><U13/><E13/><V107/><F114/><W34/><G117/><T77/><D42/><U113/><E113/><V21/><F125/><W1/><G44/><T104/><D112/><U91/><E3/><V119/><F119/><W109/><G109/><N who="1" m="42090" /><E2/><V56/><F107/><W111/><G111/><T41/><D104/><U122/><E122/><V16/><F8/><W49/><G36/><T87/><D41/><U43/><E54/><V68/><F68/><W32/><G32/><T48/><D127/><U80/><E67/><V133/><F133/><W123/><G123/><T15/><D73/><U30/><E30/><V95/><F82/><W135/><G135/><T35/><D75/><U31/><E31/><N who="2" m="17871" /><F4/><W65/><G65/><AGARI ba="0,0" hai="5,7,16,23,27,56,60,65,88,95,96" m="17871" machi="65" ten="30,7700,0" yaku="8,1,52,1,54,2" doraHai="85" who="2" fromWho="3" sc="225,0,405,0,266,77,104,-77" /><INIT seed="6,0,0,0,3,28" ten="225,405,343,27" oya="2" hai0="90,121,122,8,134,117,83,78,56,66,65,99,54" hai1="63,95,50,32,87,7,36,70,64,93,128,69,52" hai2="86,55,84,118,47,105,130,37,16,13,100,131,133" hai3="51,114,15,112,62,132,29,103,14,109,88,31,1"/><V80/><F118/><W0/><G103/><T57/><D117/><U135/><E32/><V76/><F133/><W71/><G71/><T59/><D134/><U123/><E135/><V94/><F105/><W113/><G132/><T21/><D122/><U48/><E7/><V43/><F55/><W91/><G109/><T96/><D121/><U41/><E123/><V116/><F116/><W10/><G62/><T27/><D8/><U98/><E87/><V126/><F126/><W25/><G51/><T11/><D11/><U12/><E12/><N who="3" m="4650" /><G10/><T34/><D34/><U120/><E120/><V46/><F46/><W108/><G108/><T26/><D90/><N who="3" m="34345" /><G25/><T77/><D83/><U49/><E98/><N who="0" m="37417" /><D54/><U44/><E93/><V53/><F100/><W97/><G97/><T24/><D21/><U19/><E19/><V85/><F94/><W119/><G119/><T125/><D125/><U35/><E35/><V82/><F53/><W75/><G75/><T110/><D110/><U20/><E95/><V72/><REACH who="2" step="1"/><F82/><REACH who="2" ten="225,405,333,27" step="2"/><W127/><G127/><T129/><D129/><U92/><E92/><V106/><F106/><W42/><G42/><T22/><D22/><AGARI ba="0,1" hai="13,16,22,37,43,47,72,76,80,84,85,86,130,131" machi="22" ten="40,7700,0" yaku="1,1,54,1,53,1" doraHai="28" doraHaiUra="73" who="2" fromWho="0" sc="225,-77,405,0,333,87,27,0" /><INIT seed="6,1,0,0,4,102" ten="148,405,420,27" oya="2" hai0="80,38,27,51,64,111,89,117,21,45,68,94,1" hai1="131,39,11,9,125,55,132,2,99,112,0,120,48" hai2="101,108,104,25,85,69,4,57,93,121,119,60,24" hai3="10,96,114,133,79,72,18,109,78,115,124,31,20"/><V16/><F121/><W6/><G72/><T122/><D111/><U62/><E39/><V35/><F119/><W77/><G109/><T15/><D122/><U14/><E120/><V135/><F108/><W129/><G124/><T19/><D1/><U83/><E125/><V130/><F4/><W13/><G133/><T12/><D38/><U105/><E132/><V59/><F135/><W127/><G127/><T22/><D117/><U58/><E131/><V26/><F130/><W42/><G129/><T17/><D80/><U113/><E9/><V92/><F57/><W30/><G42/><T43/><D68/><U56/><E83/><V118/><F118/><W86/><G86/><T71/><D71/><U63/><E48/><V3/><F3/><W95/><G95/><T81/><D81/><U128/><E128/><V76/><F76/><W33/><G96/><N who="0" m="57423" /><D64/><U110/><E110/><V126/><F126/><W46/><G46/><T23/><D27/><U103/><E2/><V41/><F25/><W73/><G73/><T53/><D43/><U100/><E100/><V32/><F85/><W29/><REACH who="3" step="1"/><G33/><REACH who="3" ten="148,405,420,17" step="2"/><T98/><D98/><U97/><E97/><N who="2" m="61487" /><F32/><W28/><N who="3" m="7680" /><DORA hai="40" /><W123/><G123/><T88/><D88/><U74/><E74/><V70/><F35/><W116/><G116/><T107/><D107/><U8/><E0/><AGARI ba="1,1" hai="0,6,10,13,18,20,77,78,79,114,115" m="7680" machi="0" ten="60,3900,0" yaku="1,1,53,1" doraHai="102,40" doraHaiUra="34,61" who="3" fromWho="1" sc="148,0,405,-42,420,0,17,52" /><INIT seed="7,0,0,1,0,123" ten="148,363,420,69" oya="3" hai0="50,65,15,134,104,84,113,27,105,31,120,102,0" hai1="126,53,97,58,33,4,118,82,129,80,133,116,91" hai2="52,106,3,121,122,96,101,124,100,61,87,83,89" hai3="22,32,90,73,112,131,85,36,54,72,93,114,63"/><W57/><G36/><T45/><D120/><N who="2" m="46186" /><F124/><W76/><G32/><T38/><D38/><U115/><E33/><V125/><F125/><W41/><G41/><T20/><D0/><U25/><E126/><V28/><F28/><W59/><G76/><T132/><D65/><U111/><E25/><V12/><F3/><W55/><G131/><T40/><D102/><U47/><E4/><V110/><F110/><W70/><G70/><T5/><D5/><U56/><E111/><V68/><F101/><W128/><G128/><T44/><D44/><U35/><E129/><V10/><F52/><W13/><G73/><T26/><D15/><U95/><E35/><V94/><F61/><W42/><G42/><T130/><D130/><U18/><E133/><N who="0" m="51305" /><D113/><N who="3" m="43625" /><G72/><T69/><D69/><U8/><E115/><V46/><F46/><W37/><G37/><T29/><D84/><U99/><E99/><V107/><F68/><W34/><G34/><AGARI ba="0,0" hai="20,26,27,29,31,34,40,45,50,104,105" m="51305" machi="34" ten="30,1000,0" yaku="20,1" doraHai="123" who="0" fromWho="3" sc="148,10,363,0,420,0,69,-10" owari="158,-24.0,363,16.0,420,52.0,59,-44.0" /></mjloggm>