<mjloggm ver="2.3"><GO type="97" lobby="0"/><UN n0="%73%61%6C%74%79%64%6F%67" n1="%E3%81%99%E3%81%86%E3%81%83%E3%81%BF%E3%83%BC" n2="%E3%83%8F%E3%83%B3%E3%83%97%EF%BD%94" n3="%E3%83%88%E3%83%88%E3%83%AA%E5%85%88%E7%94%9F%31%39%E6%AD%B3" dan="15,14,14,15" rate="2014.97,1939.19,1883.22,2050.77" sx="M,M,M,F"/><TAIKYOKU oya="0"/><INIT seed="0,0,0,5,0,47" ten="250,250,250,250" oya="0" hai0="133,1,28,75,8,106,119,78,113,58,30,34,7" hai1="109,56,92,77,54,99,103,69,48,80,2,127,95" hai2="33,98,10,3,88,15,43,0,11,112,44,81,79" hai3="12,76,62,131,89,64,87,114,24,21,71,4,46"/><T94/><D119/><U31/><E69/><V39/><F112/><W68/><G114/><T59/><D113/><U128/><E109/><V82/><F33/><W115/><G115/><T29/><D106/><U104/><E128/><V110/><F110/><W50/><G131/><T74/><D133/><U67/><E127/><V51/><F39/><W36/><G36/><T117/><D117/><U101/><E2/><V25/><F25/><W90/><G71/><T32/><D94/><U100/><E67/><V26/><F26/><W55/><G12/><T9/><D78/><U121/><E121/><V52/><F43/><W35/><G4/><T53/><D9/><U40/><E31/><V130/><F130/><W116/><G35/><T132/><D132/><U19/><E19/><N who="2" m="8695" /><F11/><W57/><G116/><T37/><D37/><U38/><E38/><V108/><F108/><W134/><G68/><T14/><D1/><U22/><E40/><V5/><F5/><W65/><G65/><T124/><D124/><U91/><E104/><V122/><F122/><W105/><G105/><T70/><D70/><U23/><REACH who="1" step="1"/><E92/><REACH who="1" ten="250,240,250,250" step="2"/><N who="2" m="56583" /><F0/><W123/><G123/><T72/><D34/><U20/><E20/><V45/><F3/><W17/><G134/><T61/><D32/><U118/><E118/><V41/><F79/><W126/><G126/><T27/><D30/><U83/><E83/><AGARI ba="0,1" hai="17,21,24,46,50,55,57,62,64,76,83,87,89,90" machi="83" ten="40,2600,0" yaku="8,1,52,1" doraHai="47" who="3" fromWho="1" sc="250,0,240,-26,250,0,250,36" /><INIT seed="1,0,0,1,0,38" ten="250,214,250,286" oya="1" hai0="32,112,50,91,5,57,100,41,83,81,31,30,75" hai1="52,7,68,19,74,116,93,121,131,77,125,128,70" hai2="12,25,4,26,92,36,3,117,1,108,95,10,122" hai3="103,102,11,62,51,55,2,20,27,72,97,53,76"/><U9/><E116/><V22/><F36/><W39/><G39/><T60/><D112/><U56/><E121/><V64/><F117/><W99/><G72/><T110/><D110/><U113/><E113/><V46/><F122/><W43/><G76/><T107/><D107/><U80/><E19/><V35/><F108/><W40/><G2/><T71/><D71/><U17/><E17/><N who="2" m="10535" /><F64/><W106/><G11/><T88/><D100/><U127/><E93/><V98/><F92/><W63/><G106/><T58/><D75/><U115/><E115/><V119/><F46/><N who="3" m="27895" /><G102/><T120/><D32/><U33/><E33/><V65/><F119/><W134/><G134/><T14/><D120/><U85/><E74/><V37/><F37/><W18/><G103/><T109/><D109/><U29/><E29/><N who="2" m="19887" /><F1/><W73/><G73/><T44/><D83/><U59/><E59/><N who="0" m="22537" /><D60/><N who="3" m="23081" /><G55/><T111/><D111/><U78/><E78/><V24/><F65/><W130/><G130/><N who="1" m="49706" /><E70/><V87/><F87/><W135/><G135/><T96/><D91/><AGARI ba="0,0" hai="3,4,10,24,26,91,95,98" m="19887,10535" machi="91" ten="30,1000,0" yaku="24,1" doraHai="38" who="2" fromWho="0" sc="250,-10,214,0,250,10,286,0" /><INIT seed="2,0,0,2,0,1" ten="240,214,260,286" oya="2" hai0="94,118,102,126,73,110,84,0,47,67,61,81,116" hai1="12,7,103,92,52,97,78,79,106,24,2,18,58" hai2="11,57,99,44,48,21,105,95,54,64,104,5,96" hai3="119,133,22,62,127,19,74,68,28,100,65,53,37"/><V113/><F113/><W3/><G119/><N who="0" m="45611" /><D47/><U8/><E24/><V101/><F21/><W29/><G74/><T51/><D51/><U26/><E26/><V93/><F64/><W35/><G35/><T36/><D36/><U43/><E43/><V123/><F123/><W120/><G120/><T122/><D122/><U34/><E34/><V76/><F76/><W31/><G37/><T109/><D0/><U82/><E106/><V71/><F71/><W20/><G133/><T63/><D73/><U60/><REACH who="1" step="1"/><E82/><REACH who="1" ten="240,204,260,286" step="2"/><V13/><REACH who="2" step="1"/><F44/><REACH who="2" ten="240,204,250,286" step="2"/><W124/><G29/><T85/><D81/><U83/><E83/><V98/><F98/><W40/><G31/><T121/><D121/><U114/><E114/><V72/><F72/><W56/><G28/><T125/><D126/><U49/><E49/><V135/><F135/><W15/><G124/><T33/><D125/><U115/><E115/><V88/><AGARI ba="0,2" hai="5,11,13,48,54,57,88,93,95,96,99,101,104,105" machi="88" ten="20,12000,1" yaku="1,1,0,1,7,1,52,1,54,1,53,0" doraHai="1" doraHaiUra="129" who="2" fromWho="2" sc="240,-40,204,-40,250,140,286,-40" /><INIT seed="2,1,0,3,2,3" ten="200,164,390,246" oya="2" hai0="79,8,51,1,89,41,10,29,71,114,134,129,125" hai1="133,108,58,113,88,52,47,106,12,77,121,40,33" hai2="131,76,64,107,72,86,61,87,59,62,30,127,83" hai3="65,135,45,15,16,99,80,85,78,90,93,75,42"/><V27/><F127/><W36/><G135/><T115/><D71/><U92/><E113/><V38/><F131/><W124/><G124/><T110/><D79/><U48/><E33/><V116/><F116/><W19/><G65/><T95/><D125/><U69/><E69/><V56/><F107/><W37/><G37/><T23/><D110/><U119/><E119/><V109/><F38/><W6/><G6/><T54/><D41/><U57/><E106/><V84/><F109/><W26/><G26/><T102/><D102/><U14/><E133/><V82/><F82/><W2/><G2/><T120/><D120/><U105/><E105/><V103/><F103/><W63/><G63/><T44/><D134/><U111/><E111/><V25/><REACH who="2" step="1"/><F30/><REACH who="2" ten="200,164,380,246" step="2"/><W130/><G130/><T74/><D129/><U0/><E108/><V70/><F70/><W132/><G132/><T46/><D114/><U22/><E121/><V13/><F13/><W9/><REACH who="3" step="1"/><G19/><REACH who="3" ten="200,164,380,236" step="2"/><T49/><D115/><U31/><E0/><V35/><F35/><W98/><AGARI ba="1,2" hai="9,15,16,36,42,45,75,78,80,85,90,93,98,99" machi="98" ten="30,7900,0" yaku="1,1,2,1,0,1,54,1,53,0" doraHai="3" doraHaiUra="66" who="3" fromWho="3" sc="200,-21,164,-21,380,-40,236,102" /><INIT seed="3,0,0,3,1,93" ten="179,143,340,338" oya="3" hai0="30,9,63,122,66,65,10,46,94,57,98,7,17" hai1="68,14,40,67,3,123,95,24,74,18,2,58,120" hai2="126,80,83,134,42,25,119,16,110,71,86,36,82" hai3="41,53,75,15,89,19,27,128,38,11,44,20,28"/><W60/><G128/><T55/><D122/><U70/><E74/><V135/><F119/><W129/><G129/><T5/><D30/><U114/><E114/><V127/><F71/><W8/><G75/><T22/><D46/><U125/><E125/><N who="2" m="47627" /><F110/><W1/><G89/><N who="0" m="55631" /><D5/><U12/><E40/><V109/><F109/><W33/><G1/><T100/><D100/><U116/><E116/><V69/><F69/><W51/><G60/><T99/><D99/><U104/><E95/><V84/><F42/><W31/><G31/><T13/><D7/><U79/><E24/><V39/><F84/><W132/><G132/><N who="2" m="50729" /><F86/><W72/><G72/><T52/><D66/><U35/><E67/><V26/><F16/><W73/><REACH who="3" step="1"/><G73/><REACH who="3" ten="179,143,340,328" step="2"/><T56/><D63/><U85/><E120/><V117/><F117/><W62/><G62/><T118/><D118/><U76/><E123/><V103/><F103/><W78/><G78/><T54/><D65/><U21/><E35/><V121/><F121/><W34/><G34/><T108/><D108/><U29/><E29/><V133/><F133/><W37/><G37/><AGARI ba="0,1" hai="25,26,36,37,39,80,82,83" m="50729,47627" machi="37" ten="40,8000,1" yaku="28,2,18,1,20,1" doraHai="93" who="2" fromWho="3" sc="179,0,143,0,340,90,328,-80" owari="179,-22.0,143,-36.0,430,53.0,248,5.0" /></mjloggm>