<mjloggm ver="2.3"><GO type="97" lobby="0"/><UN n0="%E5%B0%B1%E6%B4%BB%E7%94%9F%40%E5%B7%9D%E6%9D%91%E8%BB%8D%E5%9B%A3" n1="%E3%82%88%E3%83%BC%E3%81%90%E3%82%8B%E3%81%A8" n2="%E4%B8%8B%E6%AE%B5%E3%83%81%E3%82%A7%E3%83%AA%E3%83%BC" n3="%79%75%6B%69%6E%6F%36" dan="15,13,15,14" rate="2057.53,1912.76,2036.64,2025.74" sx="M,M,M,M"/><TAIKYOKU oya="0"/><INIT seed="0,0,0,1,1,68" ten="250,250,250,250" oya="0" hai0="109,1,80,16,81,7,30,34,116,120,73,21,94" hai1="39,99,117,119,33,84,55,20,45,98,32,5,127" hai2="59,58,9,89,65,2,12,78,19,22,49,29,88" hai3="31,82,96,15,107,125,106,124,134,128,104,114,10"/><T100/><D116/><U61/><E5/><V75/><F75/><W6/><G114/><T35/><D120/><U110/><E117/><V93/><F78/><W62/><G96/><T44/><D109/><U72/><E72/><V83/><F2/><W0/><G15/><N who="0" m="9375" /><D73/><U50/><E119/><V23/><F83/><W135/><G82/><T57/><D57/><U8/><E110/><V13/><F29/><W63/><G31/><T71/><D71/><U79/><E8/><V101/><F65/><W112/><G112/><T54/><D54/><U123/><E123/><V103/><F89/><W133/><REACH who="3" step="1"/><G128/><REACH who="3" ten="250,250,250,240" step="2"/><T115/><D115/><U129/><E98/><V66/><F13/><W14/><G14/><T64/><D81/><U69/><E99/><N who="2" m="57767" /><F9/><W41/><G41/><T28/><D80/><U36/><E129/><V53/><F23/><W77/><G77/><T51/><D30/><U118/><E79/><V38/><F103/><W43/><G43/><T52/><D28/><U27/><E118/><V24/><F101/><W56/><G56/><T48/><D35/><U90/><E32/><V46/><F12/><W37/><G37/><T130/><D34/><U111/><E33/><V105/><F38/><W60/><AGARI ba="0,1" hai="0,6,10,60,62,63,104,106,107,124,125,133,134,135" machi="60" ten="50,8000,1" yaku="1,1,0,1,29,2,20,1,53,0" doraHai="68" doraHaiUra="70" who="3" fromWho="3" sc="250,-40,250,-20,250,-20,240,90" /><INIT seed="1,0,0,0,5,18" ten="210,230,230,330" oya="1" hai0="118,0,109,110,125,13,129,74,93,42,22,124,98" hai1="59,95,2,49,94,62,87,33,108,121,107,32,78" hai2="99,9,57,23,84,29,127,46,48,30,83,103,53" hai3="132,111,6,3,28,19,73,63,97,55,120,85,82"/><U117/><E117/><V131/><F127/><N who="0" m="48714" /><D74/><U65/><E121/><V91/><F131/><W45/><G73/><T70/><D70/><U66/><E2/><V86/><F86/><W8/><G120/><T81/><D0/><U43/><E107/><V20/><F9/><W21/><G132/><T1/><D1/><U56/><E43/><V116/><F116/><W37/><G111/><N who="0" m="42507" /><D42/><U90/><E108/><V44/><F30/><W76/><G28/><T130/><D118/><U77/><E49/><V47/><REACH who="2" step="1"/><F29/><REACH who="2" ten="210,230,220,330" step="2"/><W72/><G85/><T79/><D79/><U50/><E78/><V38/><F38/><W34/><G34/><T101/><D81/><U61/><E77/><V39/><F39/><W102/><G37/><T119/><D119/><U25/><E33/><V113/><F113/><W123/><G123/><T24/><D13/><U115/><E32/><V7/><F7/><W75/><G75/><T100/><D100/><U128/><E115/><V27/><F27/><W104/><G82/><T92/><D92/><AGARI ba="0,1" hai="20,23,44,46,47,48,53,57,83,84,91,92,99,103" machi="92" ten="40,8000,1" yaku="1,1,8,1,52,2,53,0" doraHai="18" doraHaiUra="71" who="2" fromWho="0" sc="210,-80,230,0,220,90,330,0" /><INIT seed="2,0,0,5,5,65" ten="130,230,310,330" oya="2" hai0="132,46,51,75,9,50,74,90,44,108,7,89,72" hai1="83,66,78,5,18,100,4,17,133,125,81,25,97" hai2="32,88,33,134,38,118,34,2,64,55,61,36,8" hai3="27,123,130,116,14,98,110,67,106,37,63,16,91"/><V23/><F118/><W21/><G116/><T113/><D113/><U111/><E111/><V54/><F134/><W73/><G123/><T41/><D108/><U112/><E112/><V42/><F23/><W6/><G110/><T109/><D109/><U68/><E133/><V129/><F129/><W56/><G37/><T43/><REACH who="0" step="1"/><D132/><REACH who="0" ten="120,230,310,330" step="2"/><U135/><E135/><V117/><F117/><W119/><G119/><T11/><D11/><U15/><E125/><V29/><F8/><N who="3" m="4375" /><G130/><T115/><D115/><U121/><E121/><V77/><F2/><AGARI ba="0,1" hai="2,7,9,41,43,44,46,50,51,72,74,75,89,90" machi="2" ten="40,2600,0" yaku="1,1,9,1,53,0" doraHai="65" doraHaiUra="69" who="0" fromWho="2" sc="120,36,230,0,310,-26,330,0" /><INIT seed="3,0,0,5,1,63" ten="156,230,284,330" oya="3" hai0="25,16,70,90,15,42,87,14,123,39,122,35,11" hai1="61,73,83,116,6,94,27,77,108,110,92,121,19" hai2="100,54,96,127,5,44,124,97,17,1,10,40,34" hai3="71,112,48,41,59,85,2,128,135,20,53,72,46"/><W82/><G2/><T23/><D70/><U60/><E121/><V129/><F34/><W51/><G112/><T130/><D39/><U99/><E6/><V84/><F129/><W65/><G72/><T29/><D42/><U75/><E27/><V0/><F0/><W74/><G74/><T13/><D130/><U26/><E26/><V119/><F119/><W98/><G128/><T49/><D49/><U93/><E19/><V36/><F17/><W56/><G135/><T80/><REACH who="0" step="1"/><D15/><REACH who="0" ten="146,230,284,330" step="2"/><U131/><E131/><V67/><F36/><W104/><G71/><T45/><D45/><U12/><E12/><V126/><F40/><W76/><G51/><T86/><D86/><U103/><E116/><V37/><F84/><W105/><G85/><T102/><D102/><U117/><E117/><V47/><F37/><W33/><G48/><T50/><D50/><U109/><E61/><V64/><F47/><W62/><G46/><T106/><D106/><N who="1" m="63871" /><E60/><V89/><F44/><W57/><G62/><T134/><D134/><U3/><E3/><V21/><F126/><W78/><G105/><T133/><D133/><U113/><E73/><V118/><F127/><W4/><G104/><T22/><D22/><U111/><N who="1" m="28160" /><DORA hai="115" /><U24/><E24/><V31/><F124/><W114/><G20/><T95/><D95/><U7/><E7/><AGARI ba="0,1" hai="7,11,13,14,16,23,25,29,35,80,87,90,122,123" machi="7" ten="30,3900,0" yaku="1,1,7,1,54,1,53,0" doraHai="63,115" doraHaiUra="120,88" who="0" fromWho="1" sc="146,49,230,-39,284,0,330,0" owari="195,-20.0,191,-31.0,284,8.0,330,43.0" /></mjloggm>