<mjloggm ver="2.3"><GO type="41" lobby="0"/><UN n0="%E6%A5%B5%E9%99%90%E7%8A%B6%E6%85%8B" n1="%E5%B0%B1%E6%B4%BB%E7%94%9F%40%E5%B7%9D%E6%9D%91%E8%BB%8D%E5%9B%A3" n2="%51%51%53%39%39%35" n3="%E5%AF%BA%E3%81%AE%E4%BA%95%E6%88%B8" dan="15,14,14,15" rate="1952.90,1968.98,1901.44,1951.04" sx="M,M,M,M"/><TAIKYOKU oya="0"/><INIT seed="0,0,0,4,3,98" ten="250,250,250,250" oya="0" hai0="75,92,53,83,125,91,110,117,17,66,85,64,121" hai1="104,9,119,8,5,106,35,99,115,59,84,20,11" hai2="63,26,2,43,57,29,76,103,70,44,48,108,65" hai3="130,16,62,0,25,68,22,111,54,90,113,4,55"/><T6/><D121/><U131/><E35/><V37/><F2/><W12/><G113/><T72/><D125/><U86/><E119/><V56/><F76/><W81/><G130/><T60/><D117/><U45/><E131/><V41/><F108/><W3/><G111/><T109/><D6/><U18/><E115/><V116/><F116/><W10/><G0/><T127/><D127/><U23/><E5/><V123/><F103/><W132/><G132/><T118/><D118/><U27/><E45/><N who="2" m="23727" /><F26/><W40/><G40/><T114/><D114/><U67/><E23/><V61/><F29/><W107/><G107/><T13/><D109/><U77/><E77/><V50/><F123/><W120/><G120/><T93/><D75/><U133/><E133/><V33/><F33/><W71/><G3/><T88/><D72/><U39/><E39/><N who="2" m="21631" /><F70/><W135/><G135/><T42/><D110/><U105/><E99/><V87/><F87/><W15/><G15/><T34/><D34/><U74/><E74/><V28/><F28/><W14/><G14/><T101/><D13/><U7/><E7/><V97/><F97/><W95/><G81/><T19/><D83/><U1/><E1/><V126/><F126/><W46/><G71/><T112/><D112/><U69/><E69/><V49/><F49/><N who="3" m="28983" /><G68/><T129/><D129/><U47/><E47/><V102/><F102/><W73/><G73/><T31/><D101/><U79/><E79/><V124/><F124/><W122/><G122/><T58/><D42/><U80/><E80/><V100/><F100/><W128/><G128/><T51/><D85/><RYUUKYOKU ba="0,0" sc="250,-15,250,15,250,15,250,-15" hai1="8,9,11,18,20,27,59,67,84,86,104,105,106" hai2="48,50,56,57,61,63,65" /><INIT seed="1,1,0,0,5,41" ten="235,265,265,235" oya="1" hai0="67,11,128,109,25,107,26,16,17,60,31,36,3" hai1="124,45,122,125,69,62,120,135,22,2,89,86,1" hai2="98,4,95,38,113,87,49,104,14,112,9,81,106" hai3="121,51,119,130,21,27,42,111,34,6,50,53,70"/><U114/><E114/><N who="2" m="44139" /><F38/><W44/><G121/><N who="1" m="46698" /><E22/><V35/><F35/><W83/><G119/><T79/><D107/><U32/><E32/><V57/><F57/><W40/><G70/><T115/><D36/><U28/><E28/><V82/><F49/><W132/><G132/><T108/><D115/><U61/><E135/><V10/><F10/><W88/><G130/><T29/><D128/><U46/><E69/><V19/><F4/><W66/><G66/><T93/><D79/><U103/><E103/><N who="2" m="60895" /><F81/><W48/><G34/><T13/><D93/><U100/><E100/><V30/><F30/><N who="0" m="11274" /><D60/><N who="1" m="23147" /><E89/><AGARI ba="1,0" hai="9,14,19,82,87,89,104,106" m="60895,44139" machi="89" ten="30,1000,0" yaku="11,1" doraHai="41" who="2" fromWho="1" sc="235,0,265,-13,265,13,235,0" /><INIT seed="2,0,0,4,3,127" ten="235,252,278,235" oya="2" hai0="134,52,23,11,16,61,117,112,34,104,45,28,4" hai1="39,129,37,130,96,25,87,50,9,68,73,38,42" hai2="33,101,1,76,103,72,7,71,98,58,27,116,6" hai3="111,114,86,17,100,21,83,85,128,115,78,26,119"/><V80/><F116/><W107/><G119/><T43/><D112/><N who="3" m="43049" /><G111/><T48/><D117/><U35/><E73/><V81/><F81/><W40/><G40/><T133/><D104/><U63/><E87/><V24/><F71/><W65/><G65/><T53/><D34/><U69/><E9/><V113/><F113/><W102/><G85/><T55/><D28/><U36/><E96/><V82/><F82/><W8/><G8/><T62/><D11/><U131/><N who="1" m="9216" /><DORA hai="125" /><U59/><E25/><V29/><F27/><W44/><G44/><T126/><D4/><U18/><E18/><V54/><F1/><W22/><G21/><T84/><D84/><U88/><E35/><V99/><F99/><N who="3" m="61855" /><G102/><T41/><D41/><U110/><E88/><V3/><F3/><W95/><G95/><T49/><D49/><U20/><E20/><V121/><F121/><W67/><G67/><T14/><D126/><U77/><E77/><V12/><F12/><W120/><G120/><T109/><REACH who="0" step="1"/><D109/><REACH who="0" ten="225,252,278,235" step="2"/><U108/><E108/><V47/><F47/><W93/><G93/><T15/><D15/><U2/><E2/><V56/><F6/><W32/><G32/><T92/><D92/><U51/><E110/><V105/><F7/><W10/><G10/><T135/><AGARI ba="0,1" hai="14,16,23,43,45,48,52,53,55,61,62,133,134,135" machi="135" ten="40,8000,1" yaku="1,1,0,1,20,1,54,2,53,0" doraHai="127,125" doraHaiUra="124,132" who="0" fromWho="0" sc="225,90,252,-20,278,-40,235,-20" /><INIT seed="3,0,0,1,2,73" ten="315,232,238,215" oya="3" hai0="88,119,103,55,14,36,23,0,131,80,18,41,127" hai1="56,134,99,38,86,102,117,115,33,112,101,22,24" hai2="108,30,62,19,1,28,95,74,12,122,104,3,43" hai3="48,85,135,78,7,125,15,34,120,133,54,110,123"/><W10/><G34/><T69/><D119/><U47/><E33/><V72/><F104/><W100/><G100/><T93/><D69/><U109/><E117/><V76/><F108/><W96/><G96/><T89/><D0/><U84/><E109/><V83/><F74/><W128/><G110/><T63/><D127/><U27/><E134/><N who="3" m="51210" /><G125/><T20/><D131/><U132/><E132/><V82/><F122/><W97/><G97/><T92/><D41/><U39/><E99/><V98/><F83/><N who="3" m="47351" /><G128/><T129/><D36/><U53/><E22/><V29/><F43/><W77/><G77/><T65/><D129/><U32/><E32/><V91/><REACH who="2" step="1"/><F62/><REACH who="2" ten="315,232,228,215" step="2"/><W126/><G126/><T118/><D63/><U11/><E115/><V49/><F49/><W124/><G124/><T79/><D118/><U52/><E112/><V64/><F64/><W130/><G130/><T8/><D65/><U4/><E39/><V81/><F81/><W2/><G2/><T105/><D105/><U75/><E38/><V58/><F58/><AGARI ba="0,1" hai="7,10,15,48,54,58,120,123" m="47351,51210" machi="58" ten="30,2900,0" yaku="20,1,52,1" doraHai="73" who="3" fromWho="2" sc="315,0,232,0,228,-29,215,39" /><INIT seed="3,1,0,1,1,50" ten="315,232,199,254" oya="3" hai0="80,78,37,121,94,122,81,51,29,62,44,17,89" hai1="119,71,42,24,93,4,73,96,104,23,113,38,5" hai2="120,35,0,92,77,67,68,102,2,132,91,43,79" hai3="46,128,11,115,39,28,7,90,54,75,83,74,82"/><W13/><G115/><T59/><D37/><U125/><E104/><V88/><F35/><W61/><G128/><T16/><D29/><U15/><E73/><V10/><F132/><W98/><G28/><T66/><D121/><U97/><E71/><V1/><F43/><W76/><G74/><T124/><D124/><U134/><E125/><V106/><F106/><W12/><G39/><T101/><D101/><U85/><E134/><V87/><F120/><W52/><G75/><T131/><D131/><U3/><E3/><V56/><F68/><W19/><G76/><T27/><D27/><U21/><E113/><V126/><F126/><W55/><G46/><T34/><D34/><U118/><E38/><V8/><F102/><W109/><G109/><T133/><D133/><U70/><E70/><V116/><F116/><W48/><G48/><T72/><D81/><N who="3" m="30729" /><G61/><T130/><D130/><U108/><E42/><V9/><REACH who="2" step="1"/><F91/><REACH who="2" ten="315,232,189,254" step="2"/><W60/><G90/><T30/><D122/><U63/><E118/><V135/><F135/><W69/><G69/><T65/><D89/><U112/><E119/><V57/><F57/><N who="3" m="34855" /><G98/><T99/><D99/><U95/><E112/><V103/><F103/><W41/><G41/><T26/><D78/><U47/><E97/><V36/><F36/><W86/><G86/><T117/><D72/><U6/><E96/><V105/><F105/><W45/><G45/><T100/><D117/><U129/><E85/><V107/><F107/><W84/><G84/><T53/><D100/><U32/><E47/><V33/><F33/><W20/><AGARI ba="1,1" hai="7,11,12,13,19,20,54,55" m="34855,30729" machi="20" ten="30,12000,1" yaku="8,1,52,3,54,1" doraHai="50" who="3" fromWho="3" sc="315,-41,232,-41,189,-41,254,133" /><INIT seed="3,2,0,2,1,89" ten="274,191,148,387" oya="3" hai0="49,104,36,95,112,76,105,43,60,42,34,127,7" hai1="56,2,17,121,123,38,113,8,83,103,37,107,99" hai2="18,100,115,79,63,39,33,22,40,46,28,10,31" hai3="128,12,122,77,87,30,74,117,90,58,61,3,93"/><W41/><G117/><T88/><D127/><U71/><E113/><V25/><F115/><W84/><G3/><T85/><D34/><U73/><E56/><V129/><F129/><W23/><G122/><T59/><D76/><U133/><E133/><V27/><F79/><W102/><G128/><T111/><D111/><U72/><E17/><V106/><F63/><W11/><G74/><T19/><D7/><U91/><E91/><V26/><F100/><W52/><G102/><T81/><D81/><U70/><E121/><V125/><F106/><W35/><G35/><T5/><D5/><N who="1" m="1079" /><E123/><V64/><F64/><W86/><G41/><T82/><D82/><U131/><E131/><V29/><F125/><W80/><G23/><T6/><D6/><U44/><E38/><V101/><F101/><W67/><G30/><N who="2" m="11881" /><F46/><W54/><G86/><T92/><D36/><U116/><E116/><V51/><F51/><W97/><G87/><T134/><D85/><U53/><E53/><V119/><F40/><W14/><G14/><T13/><D13/><U68/><E83/><V109/><F39/><W24/><G24/><N who="2" m="9321" /><F119/><W118/><G118/><T16/><D49/><U32/><E32/><V15/><F109/><W114/><G114/><T21/><D112/><U4/><E4/><AGARI ba="2,0" hai="4,11,12,52,54,58,61,67,77,80,84,90,93,97" machi="4" ten="30,11600,0" yaku="7,1,8,1,52,1,54,1" doraHai="89" who="3" fromWho="1" sc="274,0,191,-122,148,0,387,122" /><INIT seed="3,3,0,0,2,107" ten="274,69,148,509" oya="3" hai0="116,112,80,27,99,109,3,24,75,113,76,86,34" hai1="32,67,91,92,88,104,42,84,13,83,120,134,66" hai2="100,29,12,64,22,71,1,37,50,41,115,118,16" hai3="133,79,77,131,124,5,8,14,78,20,68,105,33"/><W81/><G33/><T62/><D116/><U52/><E104/><V89/><F118/><W97/><G68/><T72/><D109/><U127/><E32/><V114/><F37/><W126/><G131/><T38/><D38/><U93/><E120/><V132/><F132/><W129/><G129/><T26/><D3/><U85/><E134/><V54/><F41/><W60/><G133/><T39/><D39/><U15/><E127/><N who="3" m="48682" /><G60/><T11/><D11/><U117/><E117/><V55/><F100/><N who="3" m="62607" /><G20/><T73/><D34/><U103/><E42/><V43/><F29/><W90/><G90/><T69/><D99/><N who="1" m="59887" /><E67/><V0/><F43/><W98/><G98/><T23/><D23/><U125/><E66/><V46/><F64/><W36/><G36/><T74/><N who="0" m="18432" /><DORA hai="40" /><T6/><D6/><U53/><E125/><V17/><F71/><W63/><G63/><T111/><D62/><U122/><E122/><V2/><F55/><AGARI ba="3,0" hai="13,15,52,53,55,83,84,85,88,91,92" m="59887" machi="55" ten="30,3900,0" yaku="8,1,54,2" doraHai="107,40" who="1" fromWho="2" sc="274,0,69,48,148,-48,509,0" /><INIT seed="4,0,0,2,3,98" ten="274,117,100,509" oya="0" hai0="111,64,103,79,77,115,135,104,19,119,43,21,12" hai1="14,101,17,86,122,69,32,51,66,3,52,46,18" hai2="128,30,133,126,68,11,85,94,75,96,81,25,127" hai3="121,26,124,100,125,53,60,61,28,65,97,117,99"/><T44/><D115/><U112/><E3/><V93/><F68/><W73/><G117/><T132/><D119/><U13/><E122/><V89/><F11/><W20/><G73/><T67/><D111/><U0/><E0/><V8/><F8/><W29/><G121/><T2/><D2/><U45/><E32/><V16/><F128/><W123/><G53/><T113/><D113/><U90/><E112/><V70/><F70/><W105/><G123/><T84/><D79/><U118/><E118/><V134/><F16/><N who="1" m="6249" /><E69/><V39/><F39/><W40/><G97/><N who="0" m="61551" /><D84/><U56/><E101/><N who="2" m="60559" /><F25/><N who="3" m="16423" /><G40/><T1/><D77/><U27/><E27/><V41/><F30/><W108/><G65/><T129/><D129/><U48/><E66/><V83/><F41/><W36/><G36/><N who="0" m="21607" /><D1/><U10/><E10/><V80/><F75/><W42/><G42/><T15/><D15/><N who="1" m="5643" /><E52/><V114/><F114/><W109/><G61/><T88/><D88/><U38/><E38/><V131/><F131/><W50/><G60/><T102/><D102/><U31/><E31/><V78/><F78/><W82/><G29/><T59/><D59/><U49/><E56/><V23/><F23/><W34/><G109/><T110/><D110/><U47/><E90/><V72/><F72/><W92/><G108/><T106/><D106/><U120/><E120/><V4/><F4/><W95/><G105/><T107/><D107/><U63/><E63/><V71/><F71/><W24/><G24/><T58/><D58/><U74/><E74/><V9/><F9/><W5/><G26/><T91/><D91/><U33/><E33/><RYUUKYOKU ba="0,0" sc="274,10,117,10,100,10,509,-30" hai0="12,19,21,64,67,132,135" hai1="45,46,47,48,49,51,86" hai2="80,81,83,85,89,94,126,127,133,134" /><INIT seed="4,1,0,5,1,27" ten="284,127,110,479" oya="0" hai0="41,19,86,70,77,114,87,18,82,57,31,15,26" hai1="72,12,13,35,85,109,103,20,51,37,33,120,84" hai2="63,50,105,115,73,42,60,121,34,22,98,46,4" hai3="108,111,81,29,135,11,92,38,102,47,122,113,96"/><T3/><D70/><U69/><E69/><V90/><F34/><W128/><G122/><T66/><D3/><U74/><E51/><V2/><F121/><W91/><G38/><T21/><D41/><U54/><E120/><V58/><F73/><W126/><G11/><T129/><D129/><U133/><E54/><V89/><F115/><W130/><G47/><T127/><D127/><U119/><E20/><V64/><F22/><W25/><G113/><T97/><D114/><U94/><E94/><V79/><F79/><W9/><G9/><T99/><D19/><U14/><E103/><V36/><F105/><W117/><G117/><T44/><D44/><U88/><E37/><V118/><F98/><N who="3" m="57631" /><G81/><T6/><D6/><U24/><E119/><V30/><F30/><W7/><G7/><T68/><D68/><U116/><E116/><V104/><F104/><N who="3" m="63559" /><G126/><T107/><D107/><U65/><E65/><V43/><F43/><W45/><G45/><T106/><D106/><U0/><E0/><V59/><F36/><W71/><G71/><T32/><REACH who="0" step="1"/><D87/><REACH who="0" ten="274,127,110,479" step="2"/><U101/><E84/><V125/><F118/><W48/><G128/><T67/><D67/><U16/><E85/><V100/><F125/><W49/><G130/><T93/><D93/><U17/><E17/><V40/><F40/><W83/><G111/><T75/><D75/><U28/><E72/><V39/><F39/><W95/><G108/><T132/><D132/><U56/><E74/><V61/><F4/><W23/><G95/><T80/><D80/><U5/><E133/><V134/><F2/><W78/><G135/><RYUUKYOKU ba="1,1" sc="274,15,127,-15,110,-15,479,15" hai0="15,18,21,26,31,32,57,66,77,82,86,97,99" hai3="23,25,29,48,49,78,83" /><INIT seed="4,2,1,3,1,11" ten="289,112,95,494" oya="0" hai0="78,34,126,59,41,103,91,66,131,73,116,132,67" hai1="6,17,87,40,26,46,81,44,85,60,86,111,77" hai2="31,27,37,47,94,5,102,21,75,127,52,89,54" hai3="48,133,20,119,19,121,8,84,79,117,57,92,125"/><T2/><D116/><U7/><E111/><V49/><F75/><W104/><G104/><T83/><D126/><U9/><E60/><V64/><F127/><W95/><G125/><T88/><D34/><U129/><E129/><V96/><F64/><W16/><G121/><T56/><D2/><U10/><E26/><V28/><F37/><W30/><G119/><T120/><D131/><U134/><E17/><V106/><F5/><N who="1" m="1545" /><E134/><V80/><F80/><N who="3" m="47135" /><G8/><N who="1" m="3178" /><E40/><V70/><F70/><W124/><G133/><T65/><D120/><U118/><E118/><V63/><F63/><W15/><G124/><T50/><D132/><U12/><E12/><V45/><F45/><AGARI ba="2,1" hai="44,45,46,77,81,85,86,87" m="3178,1545" machi="45" ten="30,1000,0" yaku="8,1" doraHai="11" who="1" fromWho="2" sc="289,0,112,26,95,-16,494,0" /><INIT seed="5,0,0,5,1,90" ten="289,138,79,494" oya="1" hai0="121,124,67,113,14,71,17,99,82,111,60,88,11" hai1="4,37,10,36,49,98,62,70,131,77,74,94,51" hai2="26,32,16,45,108,63,34,44,85,23,12,24,132" hai3="134,93,106,57,61,91,109,54,95,133,35,104,89"/><U110/><E131/><V68/><F108/><W43/><G35/><T55/><D121/><U86/><E110/><V1/><F132/><N who="3" m="50795" /><G43/><T114/><D111/><U31/><E74/><V129/><F129/><W100/><G100/><T39/><D39/><U130/><E31/><V75/><F75/><W102/><G102/><T105/><D105/><U112/><E130/><V122/><F122/><W120/><G120/><T87/><D124/><U65/><E112/><N who="0" m="43113" /><D55/><U58/><E37/><V9/><F34/><W21/><G21/><T83/><D99/><U29/><E36/><V13/><F85/><N who="3" m="52399" /><G109/><T84/><D84/><AGARI ba="0,0" hai="54,57,61,84,91,95,104,106" m="52399,50795" machi="84" ten="30,3900,0" yaku="20,1,52,2" doraHai="90" who="3" fromWho="0" sc="289,-39,138,0,79,0,494,39" /><INIT seed="6,0,0,4,3,123" ten="250,138,79,533" oya="2" hai0="74,103,58,42,91,98,1,85,49,53,67,117,15" hai1="0,130,86,51,43,32,19,2,17,37,119,23,69" hai2="10,18,129,40,63,70,94,6,29,54,106,57,73" hai3="71,100,121,93,41,83,14,13,64,122,77,111,46"/><V27/><F106/><W88/><G100/><T125/><D1/><U110/><E69/><V107/><F107/><W21/><G71/><T20/><D117/><U66/><E37/><V47/><F73/><W116/><G64/><T109/><D109/><U11/><E66/><V101/><F70/><W26/><G111/><T8/><D74/><U134/><E110/><V38/><F18/><W97/><G14/><T92/><D67/><U5/><E119/><V105/><F105/><W78/><G13/><T56/><D125/><U50/><E32/><V118/><F129/><W133/><G133/><T126/><D42/><U44/><E0/><V55/><F101/><W108/><G108/><T75/><D75/><U80/><E134/><V131/><F94/><W115/><G115/><T112/><D112/><U34/><E34/><V30/><F131/><W84/><G78/><T124/><D126/><U87/><E130/><V132/><F132/><W48/><G116/><T12/><D15/><U89/><E23/><N who="2" m="15615" /><F30/><AGARI ba="0,0" hai="21,26,30,41,46,48,77,83,84,88,93,97,121,122" machi="30" ten="30,2000,0" yaku="7,1,54,1" doraHai="123" who="3" fromWho="2" sc="250,0,138,0,79,-20,533,20" /><INIT seed="7,0,0,5,1,55" ten="250,138,59,553" oya="3" hai0="33,42,132,123,100,20,11,107,60,0,64,75,119" hai1="66,39,24,135,98,87,81,56,46,62,6,4,76" hai2="116,85,88,77,61,95,91,41,73,127,101,5,13" hai3="108,54,34,32,110,134,16,47,79,124,65,114,109"/><W44/><G114/><T113/><D20/><U52/><E135/><V112/><F41/><W83/><G65/><T29/><D11/><U111/><E111/><V19/><F5/><W117/><G117/><T86/><D29/><U38/><E38/><V120/><F116/><W92/><G134/><T50/><D86/><U70/><E24/><V8/><F112/><W68/><G68/><T45/><D100/><U21/><E21/><V103/><F127/><W3/><G3/><T22/><D22/><U122/><E122/><V10/><F120/><W115/><G115/><T72/><D60/><U129/><E129/><V59/><F8/><W63/><G124/><T71/><D64/><U49/><E98/><V18/><F18/><W51/><G92/><T17/><D50/><U80/><E80/><V35/><F35/><N who="3" m="13355" /><G16/><T25/><D17/><U97/><E97/><V30/><F30/><W94/><G63/><T7/><D25/><U128/><E128/><V78/><F73/><N who="3" m="43503" /><G94/><T104/><D113/><U15/><E15/><V89/><F89/><W84/><G84/><T67/><D119/><U2/><E2/><V118/><F118/><W96/><G96/><T9/><D0/><U1/><E1/><V14/><F14/><W125/><G110/><T57/><D123/><U121/><E121/><V43/><F43/><AGARI ba="0,0" hai="4,6,39,43,46,49,52,56,62,66,70,76,81,87" machi="43" ten="40,8000,1" yaku="24,2,52,1,54,1" doraHai="55" who="1" fromWho="2" sc="250,0,138,80,59,-80,553,0" owari="250,5.0,218,-18.0,-21,-52.0,553,65.0" /></mjloggm>