<mjloggm ver="2.3"><GO type="41" lobby="0"/><UN n0="%79%61%73%6B%69%6E%67%73" n1="%6B%61%6C%75" n2="%E5%B0%B1%E6%B4%BB%E7%94%9F%40%E5%B7%9D%E6%9D%91%E8%BB%8D%E5%9B%A3" n3="%E6%9D%91%E5%85%83%E3%83%97%E3%83%AD%EF%BC%88%E4%BB%AE%EF%BC%89" dan="13,13,17,14" rate="1832.08,1902.82,2164.22,1917.94" sx="M,M,M,M"/><TAIKYOKU oya="0"/><INIT seed="0,0,0,4,0,59" ten="250,250,250,250" oya="0" hai0="29,133,3,113,57,37,31,50,15,84,51,83,131" hai1="11,86,87,18,47,46,4,43,45,121,2,30,91" hai2="27,100,80,108,93,134,52,7,13,42,36,118,48" hai3="66,122,5,58,90,111,109,9,69,54,16,102,38"/><T1/><D37/><U88/><E121/><V78/><F108/><N who="3" m="41547" /><G38/><T70/><D70/><U53/><E30/><V34/><F118/><W105/><G122/><T123/><D123/><U61/><E43/><V128/><F134/><W112/><G112/><T85/><D113/><U63/><E2/><V77/><F128/><W71/><G90/><N who="1" m="34346" /><E4/><V106/><F106/><W28/><G28/><T23/><D57/><N who="1" m="34991" /><E63/><V81/><F42/><W126/><G66/><T6/><D6/><U24/><E11/><N who="2" m="4351" /><F27/><W129/><G129/><T20/><D15/><U75/><E75/><V94/><F36/><W116/><G116/><T33/><D131/><U41/><E41/><V107/><F107/><W74/><G74/><T40/><D40/><U55/><E55/><V10/><F10/><W132/><G132/><T0/><D0/><U95/><E95/><N who="2" m="36363" /><F100/><W64/><G102/><T97/><D133/><U103/><E103/><V125/><F34/><W130/><G130/><T110/><D110/><U114/><E114/><V26/><F80/><W119/><G105/><T56/><D56/><U82/><E82/><V49/><F81/><W120/><G119/><T99/><D83/><U19/><E24/><V124/><F49/><W14/><G120/><T35/><AGARI ba="0,0" hai="1,3,20,23,29,31,33,35,50,51,84,85,97,99" machi="35" ten="25,4800,0" yaku="0,1,22,2" doraHai="59" who="0" fromWho="0" sc="250,48,250,-16,250,-16,250,-16" /><INIT seed="0,1,0,1,3,19" ten="298,234,234,234" oya="0" hai0="113,24,67,118,60,83,72,91,106,47,14,28,69" hai1="108,22,42,62,10,41,126,52,36,125,55,129,1" hai2="53,107,66,11,31,50,97,84,39,133,105,32,134" hai3="57,45,26,115,56,5,81,124,101,6,76,8,131"/><T87/><D106/><U3/><E108/><V80/><F39/><W63/><G115/><T0/><D72/><U92/><E92/><V46/><F32/><W120/><G131/><T123/><D123/><U112/><E112/><V93/><F31/><W65/><G120/><T29/><D0/><U135/><E129/><V18/><F66/><W94/><G124/><N who="1" m="47722" /><E36/><V25/><F133/><W116/><G116/><T114/><D118/><U79/><E79/><V82/><F82/><W103/><G45/><T13/><D47/><U77/><E77/><V128/><F128/><W44/><G44/><T21/><D28/><U49/><E62/><V48/><F48/><W51/><G8/><T70/><D70/><U96/><E96/><V98/><F98/><N who="3" m="59607" /><G103/><T61/><D61/><U20/><E135/><V86/><F86/><N who="3" m="48423" /><G26/><T58/><D58/><N who="1" m="33039" /><E55/><AGARI ba="1,0" hai="5,6,51,55,56,57,63,65" m="48423,59607" machi="55" ten="30,1000,0" yaku="8,1" doraHai="19" who="3" fromWho="1" sc="298,0,234,-13,234,0,234,13" /><INIT seed="1,0,0,2,0,76" ten="298,221,234,247" oya="1" hai0="96,59,60,109,123,131,21,23,80,61,35,65,25" hai1="125,68,101,89,122,83,12,55,79,91,47,107,33" hai2="118,104,97,92,28,94,41,5,132,52,127,134,9" hai3="45,112,100,32,105,27,1,30,87,46,36,0,99"/><U62/><E122/><V110/><F41/><W106/><G46/><T53/><D123/><U56/><E33/><V113/><F118/><W117/><G117/><T40/><D131/><U69/><E125/><V73/><F73/><W6/><G112/><T78/><D40/><U24/><E24/><V38/><F38/><W111/><G111/><T120/><D120/><U8/><E107/><V71/><F71/><W85/><G106/><T74/><D109/><U57/><E101/><V19/><F110/><W72/><G87/><T49/><D61/><U95/><E57/><V20/><F28/><W17/><G17/><T126/><D126/><U34/><E34/><V2/><F104/><W50/><G6/><T58/><REACH who="0" step="1"/><D96/><REACH who="0" ten="288,221,234,247" step="2"/><U103/><E69/><V37/><F97/><W26/><G99/><T4/><D4/><U98/><E68/><V54/><F127/><W29/><G105/><T66/><D66/><U86/><REACH who="1" step="1"/><E47/><REACH who="1" ten="288,211,234,247" step="2"/><V64/><F113/><W70/><G45/><T16/><D16/><AGARI ba="0,2" hai="8,12,16,55,56,62,79,83,86,89,91,95,98,103" machi="16" ten="30,18000,2" yaku="1,1,2,1,7,1,8,1,52,1,54,1,53,1" doraHai="76" doraHaiUra="88" who="1" fromWho="0" sc="288,-180,211,200,234,0,247,0" /><INIT seed="1,1,0,3,5,112" ten="108,411,234,247" oya="1" hai0="14,8,124,63,95,114,30,51,101,94,97,70,54" hai1="41,24,81,127,15,85,86,125,64,20,48,78,67" hai2="32,68,34,75,90,39,129,130,100,22,80,42,61" hai3="88,84,60,83,103,6,121,96,72,58,53,13,106"/><U10/><E85/><V91/><F39/><W33/><G33/><T134/><D134/><U50/><E50/><V126/><F42/><W74/><REACH who="3" step="1"/><G121/><REACH who="3" ten="108,411,234,237" step="2"/><T27/><D114/><U0/><E125/><V18/><F126/><W11/><AGARI ba="1,1" hai="6,11,13,53,58,60,72,74,83,84,88,96,103,106" machi="11" ten="30,7900,0" yaku="1,1,2,1,0,1,54,1,53,0" doraHai="112" doraHaiUra="17" who="3" fromWho="3" sc="108,-21,411,-40,234,-21,237,92" /><INIT seed="2,0,0,4,2,66" ten="87,371,213,329" oya="2" hai0="103,58,60,23,130,67,18,120,19,96,20,52,16" hai1="122,59,3,35,126,32,8,76,71,98,107,134,53" hai2="129,81,87,0,75,33,118,43,77,61,51,91,88" hai3="55,36,40,108,30,128,14,78,86,44,132,123,68"/><V21/><F33/><W48/><G30/><T124/><D130/><U84/><E122/><V41/><F0/><W39/><G14/><T85/><D124/><U82/><E126/><V62/><F118/><W27/><G27/><T37/><D37/><N who="3" m="14409" /><G86/><T106/><D120/><U29/><E35/><V72/><F129/><W90/><G90/><N who="2" m="34345" /><F75/><W104/><G78/><T50/><REACH who="0" step="1"/><D85/><REACH who="0" ten="77,371,213,329" step="2"/><U101/><E84/><V112/><F72/><W99/><G123/><T94/><D94/><U95/><E76/><V4/><F112/><W64/><G104/><T114/><D114/><U121/><E95/><V65/><F87/><W31/><G99/><T56/><AGARI ba="0,1" hai="16,18,19,20,23,50,52,56,58,60,67,96,103,106" machi="56" ten="30,7900,0" yaku="1,1,0,1,54,2,53,0" doraHai="66" doraHaiUra="22" who="0" fromWho="0" sc="77,89,371,-20,213,-39,329,-20" /><INIT seed="3,0,0,3,0,56" ten="166,351,174,309" oya="3" hai0="23,111,107,121,9,120,96,51,26,100,20,79,67" hai1="27,98,99,21,128,75,102,109,94,16,57,69,55" hai2="37,41,18,25,112,135,91,126,129,133,80,12,4" hai3="31,127,70,105,103,89,32,78,77,83,93,36,116"/><W61/><G36/><T38/><D111/><U6/><E109/><V132/><F37/><W87/><G116/><T106/><D38/><U49/><E128/><V119/><F41/><W35/><G127/><T130/><D130/><U40/><E75/><V53/><F119/><W2/><G2/><T11/><D79/><U63/><E6/><V60/><F112/><W44/><G44/><T10/><D67/><U0/><E0/><V72/><F126/><W117/><G117/><T123/><D51/><U124/><E124/><V66/><F129/><W110/><G110/><T73/><D73/><U1/><E1/><V65/><F4/><W3/><G3/><T71/><D71/><U7/><E7/><V22/><F12/><W125/><G125/><T14/><D14/><U104/><E69/><V45/><F45/><W17/><G17/><T5/><D5/><U74/><E74/><V33/><F33/><W97/><G35/><T29/><REACH who="0" step="1"/><D106/><REACH who="0" ten="156,351,174,309" step="2"/><U115/><E115/><V114/><F114/><W84/><G105/><T81/><D81/><U34/><E34/><AGARI ba="0,1" hai="9,10,11,20,23,26,29,34,96,100,107,120,121,123" machi="34" ten="50,1600,0" yaku="1,1,53,0" doraHai="56" doraHaiUra="43" who="0" fromWho="1" sc="156,26,351,-16,174,0,309,0" /><INIT seed="4,0,0,3,3,130" ten="182,335,174,309" oya="0" hai0="97,42,68,7,28,23,119,17,72,104,132,70,73" hai1="67,55,126,36,49,43,125,25,90,0,105,103,129" hai2="69,128,77,18,91,134,38,29,13,86,66,110,93" hai3="71,65,81,102,74,133,88,16,5,78,20,48,113"/><T64/><D119/><U33/><E129/><V63/><F38/><W87/><G113/><T135/><D28/><U80/><E0/><V41/><F110/><W51/><G5/><T96/><D7/><U94/><E36/><V24/><F128/><W1/><G1/><T11/><D11/><U10/><E43/><V58/><F41/><W26/><G133/><N who="0" m="51275" /><D42/><U46/><E67/><V98/><F134/><W53/><G102/><N who="0" m="62535" /><D97/><U32/><E103/><V31/><F69/><N who="0" m="26730" /><D64/><U118/><E118/><V9/><F24/><AGARI ba="0,0" hai="17,23,24,72,73" m="26730,62535,51275" machi="24" ten="30,11600,0" yaku="20,1,52,3" doraHai="130" who="0" fromWho="2" sc="182,116,335,0,174,-116,309,0" /><INIT seed="4,1,0,1,5,34" ten="298,335,58,309" oya="0" hai0="9,18,114,36,107,94,31,115,89,26,33,92,74" hai1="130,124,116,51,6,13,45,44,85,75,65,46,20" hai2="69,66,108,132,53,11,87,57,12,32,68,77,86" hai3="24,8,0,59,117,82,50,62,133,15,42,54,109"/><T63/><D107/><U39/><E75/><V56/><F108/><W88/><G109/><T101/><D74/><U83/><E116/><V103/><F32/><W22/><G117/><T106/><D106/><U60/><E130/><V78/><F132/><W5/><G133/><T4/><D36/><U2/><E124/><V79/><F103/><W21/><G15/><T127/><D127/><U64/><E64/><V97/><F97/><W110/><G110/><T49/><D49/><U35/><E35/><V113/><F113/><N who="0" m="43018" /><D63/><U30/><E39/><V128/><F128/><W95/><G82/><T129/><D129/><U100/><E100/><V119/><F119/><W105/><G105/><T118/><D118/><U102/><E102/><V96/><F96/><W41/><G50/><T72/><D72/><U120/><E120/><V73/><F73/><W3/><G22/><T55/><D55/><U111/><E111/><V7/><F57/><W37/><G37/><T19/><D101/><U81/><E81/><V104/><F104/><W10/><G42/><T123/><D123/><U121/><E121/><V23/><F23/><W134/><G41/><T131/><D131/><U28/><E20/><V48/><REACH who="2" step="1"/><F66/><REACH who="2" ten="298,335,48,309" step="2"/><W38/><G134/><T17/><D89/><U29/><E65/><V99/><F99/><W135/><G135/><T61/><D61/><U67/><E60/><V14/><F14/><AGARI ba="1,1" hai="4,9,14,17,18,19,26,31,33,92,94" m="43018" machi="14" ten="30,1500,0" yaku="15,1" doraHai="34" who="0" fromWho="2" sc="298,28,335,0,48,-18,309,0" /><INIT seed="4,2,0,4,2,30" ten="326,335,30,309" oya="0" hai0="60,31,81,48,72,80,38,121,16,27,3,2,11" hai1="99,124,104,41,42,63,97,101,128,64,109,0,119" hai2="35,52,17,132,25,1,134,74,107,117,44,114,61" hai3="94,69,88,5,102,126,43,50,92,71,103,66,125"/><T100/><D121/><U77/><E109/><V21/><F107/><W33/><G5/><T55/><D38/><U47/><E119/><V18/><F74/><W78/><G78/><T51/><D100/><U15/><E99/><V110/><F117/><W49/><G66/><T133/><D133/><N who="2" m="51306" /><F110/><W115/><G43/><T135/><D135/><U14/><E0/><V65/><F114/><W39/><G39/><T129/><D129/><U76/><E128/><V29/><F1/><W130/><G130/><T20/><D72/><U53/><E41/><V70/><F21/><W57/><G57/><N who="0" m="34879" /><D3/><U89/><E53/><V23/><F23/><W19/><G19/><T75/><D75/><U98/><E15/><V116/><F116/><W120/><G120/><T96/><D96/><U58/><E14/><V24/><F24/><W9/><G9/><T28/><D2/><U54/><E54/><V127/><F127/><W37/><G37/><T22/><D11/><U93/><REACH who="1" step="1"/><E124/><REACH who="1" ten="326,325,30,309" step="2"/><V8/><F8/><W86/><G126/><T56/><D56/><U46/><E46/><V67/><F67/><W34/><G125/><T131/><D131/><U79/><E79/><V36/><F36/><AGARI ba="2,1" hai="36,42,47,58,63,64,76,77,89,93,97,98,101,104" machi="36" ten="30,3900,0" yaku="1,1,7,1,53,1" doraHai="30" doraHaiUra="87" who="1" fromWho="2" sc="326,0,325,55,30,-45,309,0" owari="326,13.0,380,48.0,-15,-52.0,309,-9.0" /></mjloggm>