<mjloggm ver="2.3"><GO type="169" lobby="0"/><UN n0="%E3%81%8F%E3%82%89%E3%81%BF%E3%81%98%E3%81%82" n1="%E5%9B%BD%E8%A6%8B%E6%AF%94%E5%91%82" n2="%E3%82%A6%E3%83%AB%E3%83%88%E3%83%A9%E7%AB%8B%E7%9B%B4" n3="%E3%82%A2%E3%83%95%E3%83%AD%E3%81%AA%E4%BE%8D" dan="16,16,17,16" rate="2170.13,2115.85,2182.78,2069.26" sx="M,M,M,M"/><TAIKYOKU oya="0"/><INIT seed="0,0,0,1,2,116" ten="250,250,250,250" oya="0" hai0="115,20,130,13,66,16,37,34,76,62,99,21,90" hai1="4,11,56,60,10,78,63,17,101,33,45,44,54" hai2="102,79,70,15,82,75,93,123,111,2,134,9,98" hai3="69,61,8,67,22,105,125,26,108,32,57,19,28"/><T24/><D115/><U38/><E33/><V124/><F70/><W12/><G108/><T104/><D37/><U49/><E101/><V55/><F111/><W92/><G125/><T39/><D39/><U86/><E38/><V120/><F124/><W31/><G31/><T135/><D76/><U133/><E133/><V64/><F134/><W3/><G92/><T74/><D74/><U109/><E109/><V103/><F64/><W73/><G73/><T89/><D135/><U131/><E131/><V51/><F2/><W27/><G27/><T118/><D118/><U68/><E68/><V46/><REACH who="2" step="1"/><F103/><REACH who="2" ten="250,250,240,250" step="2"/><W6/><G69/><T58/><D130/><U5/><E63/><V80/><F80/><W43/><G43/><T96/><D34/><U29/><E60/><V129/><F129/><W40/><G40/><T35/><D35/><U65/><E65/><V94/><F94/><W122/><G105/><T0/><D0/><U128/><E128/><V18/><AGARI ba="0,1" hai="9,15,18,46,51,55,75,79,82,93,98,102,120,123" machi="18" ten="20,8000,1" yaku="1,1,0,1,7,1,52,2,53,0" doraHai="116" doraHaiUra="85" who="2" fromWho="2" sc="250,-40,250,-20,240,90,250,-20" /><INIT seed="1,0,0,5,1,63" ten="210,230,330,230" oya="1" hai0="45,33,113,81,83,26,56,82,0,60,120,87,46" hai1="110,13,50,53,42,73,130,19,67,62,98,59,93" hai2="6,20,68,76,39,5,61,89,133,132,10,78,117" hai3="65,86,51,107,38,55,127,75,11,2,112,88,123"/><U99/><E130/><V134/><F39/><W131/><G123/><T94/><D0/><U129/><E129/><V48/><F117/><W74/><G112/><T3/><D3/><U119/><E119/><V37/><F37/><W14/><G107/><T115/><D120/><U35/><E73/><V29/><F48/><W135/><G2/><T90/><D115/><U85/><E35/><V79/><F89/><W1/><G1/><T49/><D113/><U8/><E110/><V100/><F100/><W57/><G38/><T122/><D122/><U80/><E93/><V66/><F10/><W27/><G131/><T106/><D106/><U121/><E42/><V41/><REACH who="2" step="1"/><F41/><REACH who="2" ten="210,230,320,230" step="2"/><W52/><G51/><T40/><D46/><N who="1" m="27863" /><E121/><V22/><F22/><W96/><G11/><T92/><D33/><U126/><E126/><V116/><F116/><W77/><G127/><T36/><D36/><U43/><E43/><V69/><F69/><W25/><G88/><AGARI ba="0,1" hai="8,13,19,59,62,67,80,85,88,98,99" m="27863" machi="88" ten="30,11600,0" yaku="25,1,8,1,52,1,54,1" doraHai="63" who="1" fromWho="3" sc="210,0,230,126,320,0,230,-116" /><INIT seed="1,1,0,3,5,69" ten="210,356,320,114" oya="1" hai0="54,72,57,38,121,87,17,47,28,133,7,16,22" hai1="98,94,23,37,102,126,130,111,100,76,120,128,27" hai2="19,122,3,64,131,61,2,84,26,51,92,43,6" hai3="110,93,104,55,56,78,89,67,30,85,106,86,113"/><U70/><E120/><V71/><F122/><W95/><G113/><T65/><D72/><U31/><E126/><V97/><F131/><N who="1" m="50217" /><E70/><V68/><F68/><W5/><G110/><T63/><D121/><U124/><E124/><V41/><F84/><W118/><G118/><T117/><D117/><U21/><E111/><V15/><F26/><W79/><G5/><T40/><D133/><U107/><E76/><V108/><F108/><W14/><G14/><T34/><D34/><N who="1" m="20863" /><E37/><V115/><F115/><W96/><G30/><T90/><D7/><U35/><E35/><V33/><F33/><W62/><G104/><T49/><D28/><U77/><E77/><V58/><F6/><W0/><G0/><T50/><D50/><U18/><E18/><V66/><F2/><W82/><G106/><T119/><D119/><U101/><E107/><V75/><F75/><W44/><G78/><T46/><REACH who="0" step="1"/><D22/><AGARI ba="1,0" hai="21,22,23,94,98,100,101,102" m="20863,50217" machi="22" ten="30,1500,0" yaku="19,1" doraHai="69" who="1" fromWho="0" sc="210,-18,356,18,320,0,114,0" /><INIT seed="1,2,0,1,4,119" ten="192,374,320,114" oya="1" hai0="112,42,71,66,50,61,95,41,108,38,10,36,33" hai1="94,57,63,97,26,17,15,81,30,39,35,117,76" hai2="125,4,46,5,113,86,79,0,12,24,91,3,127" hai3="53,60,8,77,29,80,59,23,87,16,84,75,89"/><U45/><E117/><V22/><F79/><W19/><G29/><T107/><D107/><U109/><E109/><V20/><F46/><W69/><G69/><T100/><D33/><U82/><E39/><V135/><F86/><W1/><G75/><T93/><D112/><U9/><E45/><V70/><F91/><W83/><G1/><N who="2" m="585" /><F70/><W40/><G40/><T37/><D10/><U120/><E120/><V121/><F135/><W14/><REACH who="3" step="1"/><G23/><REACH who="3" ten="192,374,320,104" step="2"/><T52/><D108/><U96/><E35/><V47/><F22/><W98/><G98/><T85/><D85/><U110/><E110/><V55/><F20/><W44/><G44/><T68/><D100/><U72/><E96/><V128/><F47/><W64/><G64/><T31/><D31/><U115/><E115/><V21/><F113/><W114/><G114/><T88/><D71/><U126/><E30/><V65/><F65/><W56/><G56/><T6/><D68/><U101/><E101/><V99/><F99/><W134/><G134/><T78/><D66/><U131/><E97/><V102/><F102/><W62/><G62/><T116/><D61/><U25/><E57/><V54/><F21/><W48/><G48/><T73/><D50/><U123/><E63/><V92/><F24/><W129/><G129/><T7/><D42/><U133/><E131/><V103/><F128/><W58/><G58/><T106/><D41/><U2/><E133/><V118/><F103/><W90/><G90/><T130/><D88/><U105/><E72/><V43/><F43/><W28/><G28/><T111/><D130/><U122/><E122/><RYUUKYOKU ba="2,1" sc="192,-10,374,-10,320,-10,104,30" hai3="8,14,16,19,53,59,60,77,80,83,84,87,89" /><INIT seed="2,3,1,3,5,8" ten="182,364,310,134" oya="2" hai0="23,37,64,35,46,3,10,72,26,39,19,94,100" hai1="60,49,110,118,43,131,84,63,133,53,2,14,75" hai2="4,47,30,1,87,32,82,90,129,18,86,99,42" hai3="109,103,78,113,134,107,105,124,125,123,79,36,40"/><V38/><F129/><W126/><G40/><T15/><D72/><U73/><E118/><V24/><F99/><W106/><G36/><T41/><D64/><U9/><E2/><V7/><F1/><W29/><G29/><T22/><D39/><U50/><E131/><V5/><F18/><W54/><G54/><T58/><D58/><U93/><E110/><V95/><REACH who="2" step="1"/><F7/><REACH who="2" ten="182,364,300,134" step="2"/><W25/><G109/><T34/><D3/><U76/><E133/><V11/><F11/><W128/><G134/><T80/><D10/><U132/><E132/><V92/><F92/><W21/><G128/><T119/><D119/><U55/><E93/><V81/><F81/><W120/><G113/><T83/><D80/><U45/><E73/><V117/><F117/><W114/><G114/><T56/><D83/><N who="1" m="47207" /><E75/><V111/><F111/><W116/><G116/><T6/><D6/><N who="1" m="3383" /><E43/><V130/><F130/><W70/><G105/><T127/><D41/><U65/><E65/><V85/><F85/><W16/><G106/><T122/><D94/><U89/><E89/><AGARI ba="3,2" hai="4,5,24,30,32,38,42,47,82,86,87,89,90,95" machi="89" ten="30,2900,0" yaku="1,1,7,1,53,0" doraHai="8" doraHaiUra="13" who="2" fromWho="1" sc="182,0,364,-38,300,58,134,0" /><INIT seed="2,4,0,3,2,29" ten="182,326,358,134" oya="2" hai0="36,110,41,28,5,87,21,4,50,106,100,76,6" hai1="101,132,15,3,80,94,57,18,99,64,45,30,111" hai2="123,34,98,13,44,23,33,134,119,129,31,1,81" hai3="59,116,128,78,52,37,117,105,65,103,90,71,114"/><V83/><F123/><W68/><G128/><T61/><D36/><U32/><E3/><V84/><F119/><W130/><G114/><T12/><D110/><U79/><E111/><V51/><F1/><W131/><G37/><T48/><D106/><U96/><E132/><V58/><F83/><W14/><G78/><T109/><D109/><U47/><E96/><V118/><F118/><W56/><G90/><T93/><D61/><U16/><E32/><V124/><F58/><W63/><G14/><T70/><D70/><U8/><E30/><V135/><F98/><W22/><G22/><T133/><D133/><N who="2" m="50698" /><F129/><W121/><G121/><T69/><D69/><U39/><E39/><V2/><F2/><W88/><G131/><T72/><D72/><U9/><E57/><V35/><F124/><W19/><G130/><T115/><D115/><U67/><E67/><V112/><F112/><W127/><G117/><T60/><D60/><U7/><E64/><V113/><F113/><W11/><G127/><T77/><D77/><U89/><E79/><N who="2" m="46143" /><F13/><W17/><G116/><T104/><D76/><U108/><E108/><V42/><F23/><W95/><G59/><T55/><D104/><U20/><E8/><V38/><F38/><W75/><G11/><T125/><D125/><U26/><E7/><V86/><F86/><AGARI ba="4,0" hai="9,15,16,18,20,26,45,47,80,86,89,94,99,101" machi="86" ten="40,2600,0" yaku="8,1,54,1" doraHai="29" who="1" fromWho="2" sc="182,0,326,38,358,-38,134,0" /><INIT seed="3,0,0,1,1,5" ten="182,364,320,134" oya="3" hai0="25,80,118,113,68,36,37,106,47,99,51,134,103" hai1="131,92,16,127,11,86,10,0,40,97,112,78,17" hai2="57,62,83,81,133,102,34,56,105,22,79,72,69" hai3="31,41,23,116,26,38,14,93,21,63,123,65,130"/><W44/><G123/><T49/><D118/><U35/><E35/><V82/><F133/><W128/><G116/><T60/><D134/><U101/><E112/><V46/><F34/><W91/><G23/><T48/><D113/><U129/><E127/><V117/><F117/><W84/><REACH who="3" step="1"/><G14/><REACH who="3" ten="182,364,320,124" step="2"/><T53/><D25/><U76/><E0/><V107/><F22/><W7/><G7/><T32/><D32/><U90/><E129/><V28/><F28/><W18/><G18/><N who="1" m="7274" /><E131/><V43/><F72/><W100/><G100/><T24/><D24/><U87/><E40/><V121/><F102/><W71/><AGARI ba="0,1" hai="21,26,31,38,41,44,63,65,71,84,91,93,128,130" machi="71" ten="30,3000,0" yaku="1,1,0,1,53,0" doraHai="5" doraHaiUra="115" who="3" fromWho="3" sc="182,-10,364,-10,320,-10,124,40" /><INIT seed="3,1,0,3,4,77" ten="172,354,310,164" oya="3" hai0="65,122,97,68,111,50,27,23,19,12,98,22,103" hai1="2,89,92,55,18,9,115,35,107,69,4,43,123" hai2="17,75,64,105,106,29,84,16,96,85,11,8,82" hai3="40,38,56,33,71,39,37,34,73,7,32,62,57"/><W42/><G73/><T112/><D122/><U45/><E123/><V49/><F29/><W101/><G101/><T15/><D111/><U1/><E115/><V91/><F75/><W79/><G79/><T60/><D112/><U78/><E107/><V95/><F64/><W6/><G71/><T20/><D50/><U127/><E35/><V102/><F49/><W134/><G134/><T28/><REACH who="0" step="1"/><D103/><REACH who="0" ten="162,354,310,164" step="2"/><U25/><E127/><V104/><F102/><W109/><G109/><T51/><D51/><U93/><E43/><N who="3" m="16426" /><G62/><T24/><D24/><U53/><E25/><V90/><F104/><W31/><G31/><T41/><D41/><U108/><E108/><V87/><F105/><W61/><G61/><T80/><D80/><U10/><E45/><V110/><F106/><W26/><G26/><T88/><D88/><U70/><E89/><V117/><F110/><W58/><AGARI ba="1,1" hai="6,7,32,33,34,37,38,39,56,57,58" m="16426" machi="58" ten="50,12000,1" yaku="29,2,28,2" doraHai="77" who="3" fromWho="3" sc="162,-41,354,-41,310,-41,164,133" /><INIT seed="3,2,0,1,0,29" ten="121,313,269,297" oya="3" hai0="13,15,82,97,88,72,124,129,127,45,113,119,126" hai1="9,116,74,54,106,133,89,32,71,122,125,28,128" hai2="108,48,26,56,68,0,14,5,110,130,38,23,8" hai3="59,55,27,57,100,104,16,93,12,49,2,132,30"/><W7/><G104/><T92/><D119/><U53/><RYUUKYOKU type="yao9" ba="2,0" sc="121,0,313,0,269,0,297,0" hai1="9,28,32,53,54,71,74,89,106,116,122,125,128,133" /><INIT seed="3,3,0,1,0,93" ten="121,313,269,297" oya="3" hai0="13,104,69,126,63,128,70,123,110,79,19,71,105" hai1="32,117,124,64,49,134,130,54,47,78,35,56,37" hai2="24,59,65,101,3,85,48,131,83,74,46,73,84" hai3="113,100,97,92,94,42,26,109,58,89,66,99,16"/><W72/><G113/><T41/><D123/><U1/><E1/><V82/><F3/><W34/><G72/><T12/><D110/><U68/><E78/><V88/><F131/><W50/><G34/><T75/><D128/><U116/><E130/><V80/><F101/><W111/><G66/><T119/><D126/><U55/><E124/><V57/><F80/><W129/><G129/><T125/><D125/><U14/><E14/><V102/><F102/><W60/><G60/><T133/><D119/><N who="1" m="45643" /><E134/><V121/><F121/><W33/><G33/><T106/><D133/><U135/><E135/><V30/><F65/><W67/><G67/><T22/><D41/><N who="1" m="22959" /><E54/><V52/><F74/><W38/><G38/><T98/><D63/><AGARI ba="3,0" hai="32,35,49,55,56,63,64,68" m="22959,45643" machi="63" ten="30,2000,0" yaku="24,1,12,1" doraHai="93" who="1" fromWho="0" sc="121,-29,313,29,269,0,297,0" /><INIT seed="4,0,0,3,4,30" ten="92,342,269,297" oya="0" hai0="6,25,19,4,97,64,120,126,65,114,115,50,84" hai1="48,60,12,61,3,16,45,49,116,104,73,53,35" hai2="47,22,131,113,105,122,36,124,62,107,37,93,82" hai3="121,15,86,110,106,98,123,57,38,135,119,71,128"/><T18/><D120/><U75/><E116/><V33/><F22/><W7/><G7/><N who="0" m="2603" /><D97/><U34/><E3/><V79/><F62/><W58/><G98/><T102/><D102/><U111/><E111/><V66/><F93/><W78/><G78/><T117/><D117/><U10/><E104/><V101/><F66/><N who="0" m="25706" /><D126/><U56/><E61/><V80/><F101/><W54/><G119/><T59/><D84/><U85/><E85/><V24/><F82/><W26/><G86/><T27/><D59/><U70/><E70/><V95/><F95/><W9/><G71/><T55/><D50/><U94/><E94/><V21/><F124/><W63/><G58/><T108/><D55/><U68/><E68/><V13/><F122/><W125/><G54/><T67/><N who="0" m="25714" /><T2/><DORA hai="112" /><D2/><U134/><E60/><V20/><F107/><W40/><G63/><T96/><D96/><U29/><E29/><V5/><F105/><W109/><G106/><T118/><D108/><U133/><E73/><V14/><F37/><W52/><G38/><T42/><D42/><N who="1" m="24631" /><E75/><V17/><F36/><W81/><G110/><T130/><D130/><U43/><E43/><V69/><F69/><W1/><G40/><T74/><D74/><U76/><E76/><V8/><F131/><W41/><G128/><T77/><D77/><U39/><E39/><V103/><F79/><W127/><G123/><T46/><D46/><U129/><E129/><V88/><F47/><W51/><G121/><T28/><D118/><U99/><E99/><V132/><F103/><W0/><G109/><T92/><D28/><RYUUKYOKU ba="0,0" sc="92,-10,342,30,269,-10,297,-10" hai1="10,12,16,34,35,49,53,56,133,134" /><INIT seed="5,1,0,2,2,81" ten="82,372,259,287" oya="1" hai0="114,74,78,128,132,105,95,87,123,122,48,133,109" hai1="45,59,89,25,108,12,67,72,23,27,93,24,60" hai2="117,11,100,130,29,64,116,99,37,2,84,102,22" hai3="107,134,82,125,30,52,44,50,31,126,91,21,76"/><U38/><E72/><V14/><F37/><W18/><G134/><N who="0" m="51819" /><D109/><U98/><E108/><V9/><F130/><W17/><G107/><T51/><D128/><U68/><E68/><V56/><F100/><W70/><G70/><T96/><D105/><U80/><E38/><V10/><F2/><W32/><G32/><T65/><D65/><U112/><E112/><V113/><F113/><W97/><G97/><T3/><D3/><U75/><E45/><V73/><F73/><W41/><G41/><T13/><D13/><U34/><E34/><V104/><F64/><W40/><G40/><T61/><D61/><U135/><E135/><V101/><F56/><W7/><G7/><T19/><D19/><N who="3" m="7177" /><G91/><N who="0" m="55423" /><D114/><U77/><REACH who="1" step="1"/><E12/><REACH who="1" ten="82,362,259,287" step="2"/><V35/><F14/><W36/><G36/><T1/><D1/><U69/><E69/><V103/><F35/><W26/><G44/><T118/><D118/><U127/><E127/><V55/><F117/><W28/><G126/><T85/><D51/><U111/><E111/><V62/><F116/><W58/><G125/><T20/><D48/><U83/><E83/><V39/><F39/><W131/><G131/><T57/><D57/><U79/><E79/><V46/><F46/><W43/><G76/><T110/><D110/><U63/><E63/><V71/><F71/><W66/><G82/><N who="0" m="45399" /><D20/><AGARI ba="1,1" hai="20,23,24,25,27,59,60,67,75,77,80,89,93,98" machi="20" ten="40,2000,0" yaku="1,1,53,0" doraHai="81" doraHaiUra="124" who="1" fromWho="0" sc="82,-23,362,33,259,0,287,0" /><INIT seed="5,2,0,0,4,98" ten="59,395,259,287" oya="1" hai0="92,16,129,73,24,68,74,128,106,65,6,28,53" hai1="52,104,50,72,66,109,130,45,101,3,61,95,48" hai2="37,4,71,5,64,27,126,17,39,78,85,38,88" hai3="115,22,69,113,1,30,59,23,89,70,99,67,8"/><U119/><E119/><V90/><F126/><W107/><G1/><T94/><D6/><U0/><E104/><V58/><F71/><W36/><G36/><T96/><D53/><U125/><E72/><V118/><F118/><W123/><G123/><T13/><D106/><U114/><E125/><V41/><F41/><W131/><G8/><T40/><D40/><U91/><E114/><N who="3" m="43530" /><G131/><T112/><D112/><U62/><E130/><V46/><F46/><W12/><G89/><T116/><D116/><U77/><E77/><V51/><F90/><W44/><G44/><T81/><D81/><U19/><E109/><V103/><F78/><W102/><G30/><T25/><D25/><U31/><E31/><V86/><F86/><W43/><G43/><T79/><D79/><U82/><E82/><V60/><F51/><W34/><G34/><T33/><D94/><U122/><E122/><V29/><F17/><N who="3" m="10535" /><G23/><T108/><D108/><U10/><E50/><V76/><F76/><W132/><G132/><T133/><D133/><U54/><E91/><V14/><F14/><W20/><G20/><T117/><D117/><U63/><E3/><V127/><F127/><W42/><G42/><T18/><D18/><U75/><E75/><V83/><REACH who="2" step="1"/><F103/><REACH who="2" ten="59,395,249,287" step="2"/><W87/><G87/><T111/><D111/><U57/><E0/><V56/><F56/><W134/><G134/><T121/><D121/><U47/><E45/><V120/><F120/><W26/><G26/><T9/><D129/><U84/><E19/><V97/><F97/><W135/><G135/><T110/><D110/><U21/><E84/><RYUUKYOKU ba="2,1" sc="59,-15,395,-15,249,15,287,15" hai2="4,5,27,29,37,38,39,58,60,64,83,85,88" hai3="59,67,69,70,99,102,107" /><INIT seed="6,3,1,2,5,30" ten="44,380,264,302" oya="2" hai0="72,61,111,124,63,29,99,14,92,6,52,28,82" hai1="33,76,67,103,54,87,106,37,57,25,80,3,109" hai2="34,117,36,127,20,59,129,74,81,133,118,42,1" hai3="43,49,120,13,10,46,35,116,93,69,51,17,134"/><V113/><RYUUKYOKU type="yao9" ba="3,1" sc="44,0,380,0,264,0,302,0" hai2="1,20,34,36,42,59,74,81,113,117,118,127,129,133" /><INIT seed="6,4,1,3,3,82" ten="44,380,264,302" oya="2" hai0="103,23,70,98,118,25,49,13,108,0,76,86,60" hai1="73,58,10,71,127,11,74,29,89,14,59,32,121" hai2="34,69,92,95,126,105,123,19,36,40,90,104,78" hai3="38,129,20,93,107,62,45,66,135,30,22,120,53"/><V28/><F69/><W131/><G107/><T1/><D108/><U16/><E71/><V35/><F123/><W26/><G120/><T113/><D113/><U77/><E121/><V125/><F28/><W122/><G122/><T116/><D49/><U88/><E29/><V43/><F78/><W17/><G135/><T124/><D124/><N who="2" m="47722" /><F19/><W4/><G4/><T18/><D70/><U12/><E127/><V72/><F72/><W99/><G53/><T128/><D60/><U102/><E32/><N who="2" m="12331" /><F36/><W101/><G38/><T24/><D128/><U8/><E77/><V112/><F112/><W6/><G6/><T27/><D1/><U110/><E110/><V44/><F95/><W63/><G45/><T117/><D0/><U67/><E73/><V33/><F33/><W94/><G94/><T96/><REACH who="0" step="1"/><D103/><REACH who="0" ten="34,380,264,302" step="2"/><U83/><E102/><V55/><F43/><W50/><G63/><T132/><D132/><U41/><E41/><V5/><F40/><W134/><G134/><T68/><D68/><U15/><E67/><V65/><F65/><W106/><G66/><T130/><D130/><U91/><E58/><V39/><F39/><W2/><G131/><T52/><D52/><U3/><E59/><V100/><F55/><W109/><G62/><T57/><D57/><U51/><E51/><V80/><F44/><W56/><G109/><T42/><D42/><U111/><E3/><V81/><F100/><W97/><G2/><T47/><D47/><U133/><E133/><V79/><F79/><W48/><G129/><T9/><D9/><N who="1" m="6159" /><E111/><V31/><F90/><N who="3" m="55479" /><G56/><T54/><D54/><RYUUKYOKU ba="4,2" sc="34,10,380,10,264,-30,302,10" hai0="13,18,23,24,25,27,76,86,96,98,116,117,118" hai1="8,10,11,14,15,74,83,88,89,91" hai3="17,20,22,26,30,48,50,99,101,106" /><INIT seed="7,5,2,0,0,132" ten="44,390,234,312" oya="3" hai0="6,38,133,63,82,81,43,28,128,68,76,112,12" hai1="91,80,23,90,46,11,32,41,74,45,130,24,85" hai2="39,62,69,25,30,59,107,58,117,79,108,113,4" hai3="26,42,97,121,48,73,36,118,27,102,75,60,3"/><W7/><G121/><T15/><D28/><U64/><E32/><V83/><F108/><W56/><G118/><T0/><D0/><U111/><E111/><V94/><F107/><W71/><G71/><T70/><D133/><U115/><E115/><V134/><F39/><W34/><G36/><T55/><D128/><U110/><E74/><V66/><F113/><W100/><G100/><T19/><D112/><U109/><E109/><V61/><F4/><W5/><G34/><T105/><D105/><U53/><E90/><V89/><F62/><W37/><G37/><T78/><D38/><U93/><E93/><V125/><F117/><W29/><G29/><T127/><D43/><U40/><E130/><V20/><F134/><W10/><G5/><T2/><D2/><U14/><E64/><V8/><F8/><W22/><G22/><T35/><D35/><U120/><E120/><V54/><F83/><W84/><G84/><T51/><D6/><N who="1" m="3447" /><E110/><V77/><F69/><W103/><G103/><T119/><D119/><U44/><E53/><V9/><F9/><W52/><G75/><T114/><D114/><U65/><E65/><V87/><REACH who="2" step="1"/><F125/><REACH who="2" ten="44,390,224,312" step="2"/><W101/><G10/><T126/><D63/><U57/><E80/><V96/><F96/><W129/><G97/><T72/><D72/><U86/><E86/><V92/><F92/><W122/><G73/><T17/><REACH who="0" step="1"/><D55/><REACH who="0" ten="34,390,224,312" step="2"/><U50/><E41/><V98/><F98/><W104/><G52/><T106/><D106/><U18/><E40/><V88/><F88/><W31/><G104/><T116/><D116/><U13/><E91/><RYUUKYOKU ba="5,4" sc="34,15,390,-15,224,15,312,-15" hai0="12,15,17,19,51,68,70,76,78,81,82,126,127" hai2="20,25,30,54,58,59,61,66,77,79,87,89,94" owari="49,-45.0,415,51.0,239,-16.0,297,10.0" /></mjloggm>