<mjloggm ver="2.3"><GO type="169" lobby="0"/><UN n0="%E8%88%AC%E5%8D%93%E6%B0%91%E3%81%AE%E6%9C%9D%E3%81%AF%E6%97%A9%E3%81%84" n1="%E9%9B%AA%E4%B9%83%E7%80%AC%E9%BA%97" n2="%E3%82%A6%E3%83%AB%E3%83%88%E3%83%A9%E7%AB%8B%E7%9B%B4" n3="%E5%88%B9%E9%82%A3%E3%81%AE%E5%A3%B0" dan="16,16,17,17" rate="2138.67,2075.64,2186.38,2219.27" sx="F,M,M,M"/><TAIKYOKU oya="0"/><INIT seed="0,0,0,0,4,125" ten="250,250,250,250" oya="0" hai0="97,5,0,79,127,11,7,106,73,100,95,35,40" hai1="75,126,50,110,57,10,119,102,112,34,115,25,43" hai2="28,132,81,23,39,99,30,105,76,68,101,93,21" hai3="19,91,15,98,36,116,18,52,49,134,54,51,72"/><T13/><D127/><U135/><E110/><V82/><F68/><W130/><G36/><T63/><D35/><U74/><E119/><V1/><F1/><W61/><G72/><T103/><D40/><U29/><E126/><V86/><F39/><W122/><G116/><T66/><D73/><U70/><E70/><V45/><F132/><W27/><G61/><T55/><D79/><U108/><E108/><V90/><F82/><W48/><G122/><T62/><D103/><U37/><E135/><V2/><F2/><W96/><G130/><T9/><D66/><U118/><E118/><V123/><F123/><W83/><G27/><T117/><D117/><U47/><E102/><V104/><F104/><W22/><G19/><T6/><D6/><U17/><E17/><V4/><F4/><W3/><G3/><T77/><D77/><U56/><E10/><V121/><F45/><W84/><G134/><T128/><D128/><U41/><E41/><V46/><F46/><W114/><G114/><N who="1" m="43562" /><E57/><V67/><F67/><W8/><G8/><T26/><D106/><U14/><E14/><V113/><F113/><W80/><REACH who="3" step="1"/><G83/><REACH who="3" ten="250,250,250,240" step="2"/><T38/><D38/><U92/><E75/><V133/><F133/><W111/><G111/><T87/><D9/><U44/><E74/><N who="2" m="43159" /><F121/><W85/><G85/><T64/><D87/><U120/><E120/><V89/><F30/><W129/><G129/><T33/><D0/><U59/><E92/><N who="2" m="54327" /><F28/><W65/><G65/><T88/><D64/><U31/><E31/><V131/><F131/><W24/><G24/><T12/><D26/><U60/><E60/><RYUUKYOKU ba="0,1" sc="250,-30,250,10,250,10,240,10" hai1="25,29,34,37,43,44,47,50,56,59" hai2="21,23,90,93,99,101,105" hai3="15,18,22,48,49,51,52,54,80,84,91,96,98" /><INIT seed="1,1,1,3,5,15" ten="220,260,260,250" oya="1" hai0="104,63,90,70,66,30,50,34,93,100,52,110,135" hai1="53,40,82,89,69,20,95,132,47,107,101,46,112" hai2="38,6,0,57,134,17,4,12,3,105,64,36,74" hai3="127,61,128,131,98,103,39,22,94,2,123,75,58"/><U32/><E32/><V62/><F105/><W56/><G123/><T108/><D135/><U83/><E112/><V130/><F134/><W10/><G39/><T1/><D1/><U45/><E69/><V72/><F130/><N who="3" m="49707" /><G75/><T55/><D100/><U124/><E132/><V113/><F113/><W24/><G127/><T87/><D104/><U5/><E124/><V99/><F99/><W60/><G58/><T106/><D106/><U27/><E40/><V14/><F57/><W96/><G96/><T21/><D34/><U11/><E53/><V16/><REACH who="2" step="1"/><F62/><REACH who="2" ten="220,260,250,250" step="2"/><W67/><G61/><T37/><D108/><U29/><E107/><V121/><F121/><W102/><G102/><T116/><D110/><U81/><E101/><V119/><F119/><W18/><G56/><T59/><D116/><U42/><E42/><V43/><F43/><W25/><G60/><T92/><D37/><U68/><E68/><V19/><F19/><W28/><G28/><T109/><D109/><U54/><E54/><V91/><F91/><W125/><G125/><T31/><D55/><U23/><E47/><V85/><F85/><W51/><G67/><AGARI ba="1,2" hai="0,3,4,6,12,14,16,17,36,38,64,67,72,74" machi="67" ten="25,12000,2" yaku="1,1,22,2,52,2,54,1,53,0" doraHai="15" doraHaiUra="111" who="2" fromWho="3" sc="220,0,260,0,250,143,250,-123" /><INIT seed="2,0,0,4,0,118" ten="220,260,393,127" oya="2" hai0="115,70,88,71,47,72,14,135,116,110,59,112,39" hai1="20,54,53,23,108,106,113,31,26,84,96,79,105" hai2="120,2,66,103,60,129,92,1,51,61,16,38,73" hai3="86,109,21,44,107,6,55,27,134,0,65,49,33"/><V45/><F73/><W80/><G107/><T68/><D72/><U17/><E108/><V52/><F129/><W15/><G0/><T67/><D110/><U13/><E113/><V7/><F120/><W124/><G33/><T102/><D102/><U89/><E106/><V91/><F103/><W126/><G109/><T114/><D116/><U40/><E105/><V5/><F38/><W133/><G65/><T64/><D14/><U97/><E79/><V95/><F2/><W56/><G56/><T50/><D135/><U34/><E40/><V128/><F1/><W32/><G32/><T37/><D88/><U69/><E69/><V90/><F128/><W12/><G12/><T117/><D117/><U78/><E78/><V119/><F119/><W62/><G62/><N who="2" m="24169" /><F66/><N who="0" m="25130" /><D59/><U122/><E34/><V41/><F41/><AGARI ba="0,0" hai="37,39,41,47,50,68,70,71,112,114,115" m="25130" machi="41" ten="40,2600,0" yaku="34,2" doraHai="118" who="0" fromWho="2" sc="220,26,260,0,393,-26,127,0" /><INIT seed="3,0,0,3,2,59" ten="246,260,367,127" oya="3" hai0="85,120,97,111,110,119,46,127,51,36,10,39,81" hai1="54,66,27,117,33,7,98,45,90,6,63,103,129" hai2="100,44,114,41,1,134,8,102,72,43,124,84,80" hai3="104,53,35,94,89,60,74,112,91,86,11,14,48"/><W83/><G112/><T52/><D119/><U118/><E129/><V76/><F114/><W17/><G104/><T2/><D120/><U79/><E79/><V116/><F116/><N who="1" m="44649" /><E90/><V105/><F124/><W19/><G35/><T40/><D97/><U20/><E54/><V70/><F43/><W13/><G74/><T58/><D127/><U31/><E45/><V12/><F134/><W23/><G60/><N who="0" m="35911" /><D10/><U113/><E113/><V126/><F126/><W3/><G3/><T4/><D4/><U106/><E20/><V115/><F115/><W15/><G17/><T71/><D71/><AGARI ba="0,0" hai="6,7,27,31,33,63,66,71,98,103,106" m="44649" machi="71" ten="30,3900,0" yaku="25,1,12,1,52,1" doraHai="59" who="1" fromWho="0" sc="246,-39,260,39,367,0,127,0" /><INIT seed="4,0,0,4,1,131" ten="207,299,367,127" oya="0" hai0="84,7,20,72,127,21,25,85,31,134,37,55,82" hai1="121,47,74,102,101,62,2,44,90,24,39,9,18" hai2="60,15,78,1,92,123,35,93,111,110,50,34,26" hai3="71,79,117,95,98,87,53,112,59,6,32,104,80"/><T16/><D37/><U100/><E74/><V86/><F1/><W17/><G71/><T122/><D122/><U109/><E109/><V106/><F106/><W99/><G32/><T69/><D69/><U27/><E2/><V28/><F123/><W125/><G117/><T133/><D72/><U132/><E132/><N who="0" m="50793" /><D127/><U135/><E121/><V66/><F35/><W108/><G125/><T41/><D41/><U10/><E135/><V64/><F64/><W52/><G108/><T0/><D82/><U42/><E62/><V94/><F50/><W12/><G112/><T119/><D119/><U105/><E105/><V4/><F92/><W128/><G128/><T129/><D129/><U8/><E18/><V30/><F93/><W88/><G6/><T89/><D89/><U70/><E70/><V48/><F94/><W46/><G46/><T113/><D113/><U43/><E90/><V57/><F4/><W23/><REACH who="3" step="1"/><G59/><REACH who="3" ten="207,299,367,117" step="2"/><T67/><D7/><U68/><REACH who="1" step="1"/><E68/><REACH who="1" ten="207,289,367,117" step="2"/><N who="2" m="42055" /><F111/><W120/><G120/><T124/><D124/><U103/><N who="1" m="25600" /><DORA hai="96" /><U29/><E29/><V63/><F30/><W51/><G51/><AGARI ba="0,2" hai="8,9,10,24,27,39,42,43,44,47,51" m="25600" machi="51" ten="50,16000,3" yaku="1,1,52,4,53,3" doraHai="131,96" doraHaiUra="14,5" who="1" fromWho="3" sc="207,0,289,180,367,0,117,-160" owari="207,-19.0,469,56.0,367,17.0,-43,-54.0" /></mjloggm>