<mjloggm ver="2.3"><GO type="169" lobby="0"/><UN n0="%EF%BC%88%EF%BC%BE%D0%94%EF%BC%BE%EF%BC%89" n1="%E3%81%84%E3%81%AC%E3%81%98%E3%82%83%E3%82%89%EF%BC%94" n2="%E6%A1%9C%E4%BA%95%E3%81%95%E3%82%93" n3="%E3%83%88%E3%83%88%E3%83%AA%E5%85%88%E7%94%9F%31%39%E6%AD%B3" dan="16,18,16,18" rate="2191.18,2322.07,2080.67,2231.53" sx="M,M,M,F"/><TAIKYOKU oya="0"/><INIT seed="0,0,0,0,4,20" ten="250,250,250,250" oya="0" hai0="49,35,4,70,111,17,43,85,51,37,88,65,1" hai1="56,26,101,84,63,86,94,82,33,57,103,41,27" hai2="135,124,10,38,72,42,71,76,93,104,68,83,24" hai3="131,80,55,105,13,12,107,112,115,36,18,79,48"/><T9/><D111/><U128/><E33/><V110/><F104/><W91/><G36/><T64/><D35/><U98/><E128/><V121/><F121/><W3/><G3/><T99/><D37/><U66/><E41/><V122/><F122/><W32/><G32/><T7/><D99/><U54/><E103/><V74/><F110/><W31/><G31/><T134/><D134/><U100/><E100/><V6/><F135/><W89/><G131/><T23/><D4/><U90/><REACH who="1" step="1"/><E86/><REACH who="1" ten="250,240,250,250" step="2"/><V11/><F42/><W77/><G112/><T133/><D133/><U34/><E34/><V59/><F72/><W97/><G115/><T126/><D43/><U95/><E95/><V45/><F93/><W106/><G105/><T2/><D85/><U40/><E40/><V30/><F74/><W125/><G106/><T61/><D126/><U53/><E53/><V19/><F124/><W50/><G55/><T127/><D127/><U39/><E39/><V132/><F38/><W130/><G107/><T58/><D65/><U44/><E44/><V117/><F45/><W123/><G130/><T96/><D64/><U114/><E114/><V60/><F132/><W78/><G125/><T25/><D96/><U75/><E75/><V118/><F118/><W119/><G119/><T8/><D1/><U113/><E113/><V120/><F117/><W29/><G97/><T47/><D2/><U73/><E73/><V16/><F120/><W81/><G123/><T46/><D47/><U21/><E21/><V62/><F83/><W116/><G116/><T28/><D46/><U52/><E52/><RYUUKYOKU ba="0,1" sc="250,-10,240,30,250,-10,250,-10" hai1="26,27,54,56,57,63,66,82,84,90,94,98,101" /><INIT seed="1,1,1,4,4,62" ten="240,270,240,240" oya="1" hai0="84,18,5,27,54,17,60,38,89,115,12,77,9" hai1="50,2,112,134,100,4,20,1,52,66,23,127,45" hai2="0,16,57,109,123,8,98,83,31,125,82,97,32" hai3="41,67,103,88,61,28,72,33,19,6,70,21,44"/><U51/><E112/><V110/><F123/><W104/><G72/><T121/><D38/><U120/><E120/><V26/><F125/><W14/><G6/><T10/><D115/><U132/><E127/><V59/><F83/><W113/><G113/><T133/><D133/><N who="1" m="51307" /><E100/><V11/><F82/><W130/><G130/><T114/><D114/><U129/><E129/><V94/><F98/><W36/><G28/><T92/><D77/><U86/><E86/><V78/><F78/><W3/><G33/><T99/><D121/><U24/><E4/><N who="2" m="1031" /><F16/><N who="0" m="6250" /><D27/><U37/><E37/><V39/><F11/><W79/><G79/><T90/><D9/><U96/><E96/><V85/><F85/><W58/><G103/><N who="0" m="60903" /><D84/><U81/><E23/><V135/><F39/><W76/><G76/><T15/><D15/><U43/><E81/><V55/><F135/><W91/><G104/><T101/><D101/><U131/><E131/><V30/><F32/><W108/><G91/><T106/><D106/><U13/><E13/><V95/><F97/><W35/><G88/><T119/><D119/><U128/><E128/><V118/><F118/><W49/><G35/><T47/><D47/><N who="1" m="27775" /><E1/><V73/><F73/><W53/><G3/><T48/><D48/><U68/><E2/><V105/><F105/><W56/><G36/><T117/><D117/><U64/><E68/><V74/><F74/><W29/><G70/><T107/><D107/><U80/><E80/><V124/><F124/><W40/><G21/><T42/><D42/><U122/><E122/><V126/><F126/><W63/><G41/><T46/><D46/><RYUUKYOKU ba="1,1" sc="240,15,270,15,240,-15,240,-15" hai0="5,10,12,54,60,89,90" hai1="20,24,43,45,50,64,66" /><INIT seed="1,2,1,5,2,98" ten="255,285,225,225" oya="1" hai0="10,107,29,99,127,90,134,110,61,30,35,129,102" hai1="81,36,51,113,44,74,104,124,40,76,128,120,9" hai2="25,117,67,95,100,28,65,70,8,41,59,16,19" hai3="97,46,84,12,82,58,24,21,7,49,1,73,130"/><U88/><E120/><V31/><F117/><W54/><G73/><T108/><D127/><U5/><E113/><V33/><F70/><W64/><G1/><T34/><D134/><U52/><E104/><V131/><F131/><W60/><G130/><T66/><D129/><U57/><E128/><V87/><F41/><W63/><G63/><T125/><D125/><U105/><E105/><V109/><F109/><N who="0" m="42090" /><D90/><U80/><E124/><V18/><F8/><W69/><G12/><T86/><D10/><U91/><REACH who="1" step="1"/><E81/><REACH who="1" ten="255,275,225,225" step="2"/><V123/><F123/><W135/><G82/><T53/><D107/><U14/><AGARI ba="2,2" hai="5,9,14,36,40,44,51,52,57,74,76,80,88,91" machi="14" ten="20,18000,2" yaku="1,1,2,1,0,1,7,1,54,2,53,0" doraHai="98" doraHaiUra="92" who="1" fromWho="1" sc="255,-62,275,206,225,-62,225,-62" /><INIT seed="1,3,0,3,5,74" ten="193,481,163,163" oya="1" hai0="106,37,23,124,12,97,90,0,52,22,75,55,53" hai1="45,35,13,104,115,114,107,78,127,41,10,126,63" hai2="118,105,58,6,89,65,76,29,14,28,48,21,27" hai3="79,33,88,16,31,40,17,91,46,32,103,47,92"/><U101/><E35/><V128/><F118/><W113/><G113/><T36/><D0/><U64/><E78/><V66/><F105/><W133/><G133/><T132/><D132/><U24/><E24/><V44/><F128/><W120/><G120/><T57/><D124/><N who="1" m="47659" /><E101/><V50/><F29/><W4/><G4/><T11/><D75/><U85/><E85/><V69/><F69/><W2/><G2/><T71/><D71/><N who="1" m="42399" /><E107/><V134/><F134/><W109/><G103/><T80/><D106/><U1/><E1/><V87/><F14/><W72/><G31/><T70/><D70/><U100/><E100/><V54/><F6/><W96/><G72/><T15/><D15/><U81/><E81/><N who="2" m="47527" /><F89/><W99/><G79/><T84/><D97/><U5/><E104/><V73/><F73/><W112/><G92/><T43/><D57/><U129/><E129/><V25/><F25/><W56/><G56/><T49/><D37/><AGARI ba="3,0" hai="5,10,13,37,41,45,114,115" m="42399,47659" machi="37" ten="30,1500,0" yaku="18,1" doraHai="74" who="1" fromWho="0" sc="193,-24,481,24,163,0,163,0" /><INIT seed="1,4,0,2,5,81" ten="169,505,163,163" oya="1" hai0="82,44,89,47,60,130,32,46,92,43,45,129,24" hai1="125,103,78,1,51,107,126,66,117,122,53,17,15" hai2="22,49,109,67,34,132,111,114,62,95,83,106,68" hai3="118,14,105,35,23,119,3,112,25,133,29,108,56"/><U85/><E1/><V102/><F34/><W12/><G105/><T84/><D60/><U73/><E73/><V116/><F116/><N who="3" m="44587" /><G112/><T55/><D55/><U10/><E66/><V13/><F106/><W63/><G3/><T97/><D32/><U50/><E117/><V38/><F38/><W40/><G108/><N who="2" m="41545" /><F114/><W124/><G124/><T28/><D28/><U100/><E122/><V21/><F132/><W123/><G123/><T69/><D24/><U113/><E113/><V20/><F49/><W101/><G101/><T88/><REACH who="0" step="1"/><D69/><REACH who="0" ten="159,505,163,163" step="2"/><U16/><E53/><V0/><F62/><W86/><G35/><T11/><D11/><U74/><E10/><V135/><F68/><W48/><G63/><T96/><D96/><U33/><E33/><V121/><F121/><W4/><G29/><T59/><D59/><U71/><E71/><V42/><F21/><W5/><G23/><T57/><D57/><U2/><E125/><V37/><F20/><W115/><G56/><T70/><D70/><U131/><E126/><V31/><F22/><W61/><G61/><T72/><D72/><U120/><E74/><V7/><F31/><W79/><G115/><T134/><D134/><U110/><E120/><V98/><F98/><W58/><G58/><T27/><D27/><U8/><E8/><V39/><F67/><W18/><G25/><T127/><D127/><U104/><E110/><V52/><F52/><W64/><G64/><T77/><D77/><U65/><E78/><V36/><F42/><W26/><G40/><T91/><D91/><U54/><E65/><V80/><F102/><RYUUKYOKU ba="4,1" sc="159,30,505,-10,163,-10,163,-10" hai0="43,44,45,46,47,82,84,88,89,92,97,129,130" /><INIT seed="2,5,1,1,3,125" ten="189,495,153,153" oya="2" hai0="134,42,8,50,81,27,71,49,20,94,99,18,10" hai1="106,37,2,101,77,31,14,45,88,36,133,130,124" hai2="131,68,69,102,28,83,107,63,26,64,75,15,23" hai3="120,55,58,12,116,80,105,46,112,13,48,128,129"/><V111/><F111/><W103/><G116/><T76/><D134/><U1/><E130/><N who="3" m="50282" /><G120/><T62/><D71/><U61/><E14/><N who="3" m="5738" /><G112/><T93/><D62/><U29/><E61/><V11/><F131/><W24/><G24/><T114/><D94/><U25/><E25/><V79/><F69/><W73/><G103/><T52/><D50/><U32/><E29/><V118/><F118/><W19/><G19/><T72/><D42/><U109/><E1/><V86/><F102/><W126/><G105/><T3/><D3/><U98/><E31/><V96/><F107/><W53/><G126/><T85/><D72/><U82/><E32/><V90/><F96/><W30/><G30/><T89/><REACH who="0" step="1"/><D114/><REACH who="0" ten="179,495,153,153" step="2"/><U47/><E2/><V104/><F104/><W6/><G73/><T41/><D41/><U4/><E106/><V74/><REACH who="2" step="1"/><F79/><REACH who="2" ten="179,495,143,153" step="2"/><W22/><G6/><AGARI ba="5,3" hai="6,11,15,23,26,28,63,64,68,74,75,83,86,90" machi="6" ten="30,5800,0" yaku="1,1,2,1,7,1,53,0" doraHai="125" doraHaiUra="122" who="2" fromWho="3" sc="179,0,495,0,143,103,153,-73" /><INIT seed="2,6,0,0,4,131" ten="179,495,246,80" oya="2" hai0="54,29,114,11,13,2,17,107,126,86,64,75,46" hai1="9,81,123,124,45,74,68,19,47,93,73,122,69" hai2="32,112,91,5,99,55,71,76,58,67,85,95,12" hai3="34,60,129,128,119,43,39,42,117,35,57,101,132"/><V14/><F112/><W118/><G101/><T53/><D114/><U40/><E124/><V88/><F32/><W48/><G34/><T111/><D75/><U22/><E9/><V51/><F5/><W134/><G35/><T80/><D111/><U33/><E33/><V79/><F67/><N who="3" m="39311" /><G48/><T7/><D126/><U97/><E81/><V66/><F66/><W102/><G102/><T135/><D29/><U25/><E74/><V30/><F30/><W94/><G94/><T4/><D107/><U98/><E73/><V109/><F109/><W31/><G31/><T61/><D54/><U121/><E47/><V52/><F71/><N who="1" m="27209" /><E93/><N who="2" m="54415" /><F55/><W130/><G39/><AGARI ba="6,0" hai="19,22,25,39,40,45,97,98,121,122,123" m="27209" machi="39" ten="40,1300,0" yaku="13,1" doraHai="131" who="1" fromWho="3" sc="179,0,495,31,246,0,80,-31" /><INIT seed="3,0,0,5,4,119" ten="179,526,246,49" oya="3" hai0="122,87,49,104,98,29,24,118,44,12,126,88,84" hai1="4,45,114,72,55,73,48,27,65,107,41,91,58" hai2="5,132,31,67,94,42,93,83,71,50,54,19,33" hai3="109,9,112,105,26,38,22,14,78,64,75,13,32"/><W30/><G112/><T51/><D122/><U79/><E107/><V82/><F132/><W99/><G38/><T1/><D1/><U20/><E79/><V53/><F5/><W127/><G127/><T16/><D126/><U92/><E65/><V121/><F67/><W46/><G109/><T117/><D84/><U21/><E4/><V97/><F71/><W70/><G46/><T2/><D2/><U52/><E55/><V0/><F0/><W133/><G133/><T6/><D6/><U66/><E66/><V124/><F124/><W106/><G22/><T108/><D108/><U103/><E103/><V76/><F121/><W80/><G9/><N who="0" m="6159" /><D49/><U128/><E128/><V34/><F31/><W7/><G7/><T35/><D98/><U3/><E20/><V110/><F110/><W56/><G56/><T115/><D104/><U36/><E3/><V15/><F33/><W10/><G10/><T63/><D63/><U37/><E37/><V120/><F34/><W101/><REACH who="3" step="1"/><G106/><REACH who="3" ten="179,526,246,39" step="2"/><T69/><D115/><U81/><E114/><V57/><F120/><W85/><G85/><T74/><D69/><U111/><E111/><V43/><F57/><W11/><G11/><T47/><D44/><U100/><E21/><V18/><F97/><W60/><AGARI ba="0,1" hai="13,14,26,30,32,60,64,70,75,78,80,99,101,105" machi="60" ten="30,11700,0" yaku="1,1,0,1,25,2,53,0" doraHai="119" doraHaiUra="125" who="3" fromWho="3" sc="179,-39,526,-39,246,-39,39,127" /><INIT seed="3,1,0,3,4,56" ten="140,487,207,166" oya="3" hai0="63,13,107,1,52,82,37,81,55,88,134,22,26" hai1="112,8,85,97,86,103,7,131,54,92,67,135,34" hai2="5,2,4,126,84,108,69,53,39,80,130,133,110" hai3="23,47,76,122,124,19,42,38,121,18,60,20,125"/><W58/><G76/><T77/><D37/><U68/><E34/><V33/><F33/><W64/><G20/><T128/><D1/><U6/><E112/><V94/><F39/><W61/><G19/><T15/><D107/><U50/><E131/><V21/><F130/><W3/><G3/><T113/><D134/><U93/><E135/><V27/><F133/><W98/><G98/><T116/><D116/><U9/><E67/><V101/><F126/><N who="3" m="48747" /><G23/><T132/><D132/><U99/><E68/><V87/><F69/><N who="3" m="42119" /><G18/><N who="0" m="12631" /><D113/><U100/><E50/><V24/><F2/><W17/><G17/><T119/><D119/><U83/><E54/><AGARI ba="1,0" hai="38,42,47,54,58,61,121,122" m="42119,48747" machi="54" ten="30,12000,1" yaku="18,1,34,2,52,2" doraHai="56" who="3" fromWho="1" sc="140,0,487,-123,207,0,166,123" /><INIT seed="3,2,0,1,3,43" ten="140,364,207,289" oya="3" hai0="24,96,119,111,78,113,35,71,36,84,15,135,83" hai1="31,114,127,28,106,75,109,107,102,54,25,88,97" hai2="134,30,120,67,128,76,13,123,132,6,7,68,129" hai3="37,99,53,62,1,70,57,40,50,14,63,34,133"/><W41/><G1/><T56/><D119/><U122/><E122/><N who="2" m="46635" /><F76/><W2/><G2/><T39/><D71/><U90/><E75/><V59/><F68/><W21/><G34/><T89/><D111/><U22/><E109/><V12/><F67/><N who="3" m="41343" /><G99/><T121/><D135/><N who="2" m="51754" /><F30/><W26/><G14/><N who="2" m="5737" /><F59/><N who="3" m="33207" /><G21/><T16/><D121/><U66/><E22/><V69/><F69/><W32/><G26/><T45/><D113/><U131/><E25/><V20/><F20/><W10/><G10/><T80/><D56/><U46/><E28/><V29/><F29/><W51/><G32/><T8/><D24/><U61/><E31/><V48/><F48/><W87/><G87/><T82/><D35/><U65/><E97/><V17/><F17/><W81/><G133/><T115/><D115/><U11/><E11/><V47/><F47/><N who="3" m="26095" /><G40/><T52/><D96/><U108/><E90/><V98/><F98/><W101/><G101/><T58/><D78/><U124/><E88/><V33/><F33/><W18/><G18/><T3/><D3/><U49/><E102/><V110/><F110/><W79/><G79/><T126/><D89/><U125/><E108/><V60/><F60/><W85/><G85/><T4/><D84/><U23/><E61/><V117/><F117/><W118/><G118/><T104/><D16/><U72/><E23/><V103/><F103/><W105/><G62/><N who="0" m="36167" /><D8/><U64/><E72/><V116/><F116/><W55/><G57/><T94/><D82/><U9/><E9/><V77/><F77/><W44/><G81/><T95/><D83/><U73/><E73/><V38/><F38/><RYUUKYOKU ba="2,0" sc="140,-10,364,-10,207,30,289,-10" hai2="6,7,128,129" /><INIT seed="4,3,0,3,4,8" ten="130,354,237,279" oya="0" hai0="45,131,115,22,25,39,99,34,49,26,29,96,79" hai1="120,129,88,47,32,126,85,134,41,72,116,130,86" hai2="111,75,122,62,64,14,55,16,20,12,78,1,51" hai3="125,92,80,50,21,24,17,107,76,81,102,93,89"/><T82/><D115/><U117/><E72/><V112/><F111/><W105/><G125/><T40/><D131/><N who="1" m="50187" /><E120/><V123/><F1/><W57/><G102/><T113/><D113/><U106/><E134/><V38/><F38/><W95/><G89/><T3/><D3/><U73/><E73/><V15/><F112/><W69/><G69/><T90/><D90/><U68/><E68/><V119/><F119/><W121/><G121/><T10/><D10/><U135/><E135/><V58/><F75/><W97/><G97/><T52/><D82/><U2/><E2/><V66/><F78/><W74/><G81/><T71/><D79/><U36/><E126/><V110/><F110/><W132/><G132/><T65/><D65/><N who="2" m="25194" /><F123/><W46/><REACH who="3" step="1"/><G57/><REACH who="3" ten="130,354,237,269" step="2"/><T63/><D71/><U101/><E88/><V18/><F122/><W56/><G56/><T35/><D63/><U30/><E101/><V7/><F7/><W83/><G83/><T28/><REACH who="0" step="1"/><D35/><REACH who="0" ten="120,354,237,269" step="2"/><U127/><E32/><V109/><F109/><W98/><G98/><T11/><D11/><U67/><E127/><V61/><F61/><W118/><G118/><T54/><D54/><AGARI ba="3,2" hai="17,21,24,46,50,54,74,76,80,92,93,95,105,107" machi="54" ten="40,1300,0" yaku="1,1,53,0" doraHai="8" doraHaiUra="84" who="3" fromWho="0" sc="120,-22,354,0,237,0,269,42" /><INIT seed="5,0,0,0,3,76" ten="98,354,237,311" oya="1" hai0="74,125,28,99,133,115,129,44,98,67,106,60,79" hai1="5,14,34,33,105,51,29,131,86,101,80,31,102" hai2="35,72,69,18,82,4,19,2,108,81,50,42,118" hai3="15,104,112,89,110,40,92,58,103,1,132,73,119"/><U52/><E131/><V38/><F108/><W84/><G110/><T124/><D115/><U113/><E113/><V8/><F118/><W43/><G1/><T78/><D129/><U59/><E34/><V26/><F69/><W83/><G112/><T109/><D109/><U87/><E87/><V32/><F50/><W37/><G37/><T49/><D133/><U48/><E48/><V0/><F0/><W88/><G132/><T57/><D28/><N who="1" m="10827" /><E105/><V17/><F26/><W114/><G114/><T107/><D106/><U39/><E33/><V16/><F19/><W128/><G128/><T111/><D111/><U90/><E39/><V53/><F53/><W126/><G126/><T120/><D120/><U97/><E97/><V23/><F23/><W20/><G119/><T47/><D107/><U6/><E14/><V91/><F91/><W12/><G73/><T61/><D79/><U7/><AGARI ba="0,0" hai="5,6,7,51,52,59,80,86,90,101,102" m="10827" machi="7" ten="30,6000,0" yaku="8,1,52,1,54,1" doraHai="76" who="1" fromWho="1" sc="98,-20,354,60,237,-20,311,-20" /><INIT seed="5,1,0,2,2,74" ten="78,414,217,291" oya="1" hai0="107,70,23,129,18,120,95,48,54,2,94,87,132" hai1="60,49,80,104,133,63,109,3,50,78,4,101,37" hai2="41,117,93,67,56,8,30,16,28,76,100,53,6" hai3="124,19,62,75,66,68,83,38,35,69,79,89,42"/><U102/><E37/><V122/><F117/><W13/><G124/><T123/><D107/><U21/><E133/><V43/><F122/><W20/><G35/><T135/><D70/><U125/><E125/><V81/><F67/><W111/><G111/><T88/><D2/><U91/><E91/><V97/><F28/><W58/><G38/><T108/><D108/><U96/><E102/><V57/><F30/><W12/><G42/><T26/><D129/><U72/><E109/><V127/><F127/><W86/><REACH who="3" step="1"/><G13/><REACH who="3" ten="78,414,217,281" step="2"/><T92/><D132/><U31/><E3/><V105/><F43/><W29/><G29/><T0/><D0/><U55/><E31/><V114/><F41/><W51/><G51/><T103/><D135/><U61/><E49/><V110/><F110/><W99/><G99/><T10/><D103/><U47/><E50/><V126/><F126/><W113/><G113/><T44/><REACH who="0" step="1"/><D10/><REACH who="0" ten="68,414,217,281" step="2"/><U85/><E101/><V9/><F8/><W121/><G121/><AGARI ba="1,2" hai="18,23,26,44,48,54,87,88,92,94,95,120,121,123" machi="121" ten="40,8000,1" yaku="1,1,2,1,13,1,54,1,53,1" doraHai="74" doraHaiUra="15" who="0" fromWho="3" sc="68,103,414,0,217,0,281,-83" /><INIT seed="6,0,0,0,1,42" ten="171,414,217,198" oya="2" hai0="114,11,111,112,18,86,12,105,43,34,75,101,74" hai1="83,39,107,132,88,84,47,58,85,55,122,95,37" hai2="4,110,36,40,38,100,45,130,56,66,106,78,30" hai3="124,102,16,113,65,131,3,31,127,48,117,70,71"/><V73/><F130/><W97/><G117/><T121/><D121/><U81/><E107/><V94/><F110/><W93/><G3/><T103/><D111/><U41/><E132/><V62/><F106/><W60/><G131/><T109/><D109/><U82/><E122/><V134/><F134/><W120/><G120/><T126/><D34/><U9/><E9/><V25/><F4/><W59/><G31/><T99/><D103/><U67/><E67/><V2/><F2/><W29/><G113/><T27/><D126/><N who="3" m="48169" /><G29/><T64/><D27/><U72/><E72/><V14/><F14/><W87/><G87/><T8/><D64/><U116/><E116/><V135/><F135/><W91/><G102/><T104/><D104/><U5/><E5/><V108/><F108/><W35/><G35/><T80/><D8/><U96/><REACH who="1" step="1"/><E37/><REACH who="1" ten="171,404,217,198" step="2"/><N who="2" m="21647" /><F73/><W50/><G16/><T28/><D28/><U119/><E119/><V53/><F38/><W20/><G20/><T51/><D114/><U10/><E10/><V23/><F36/><W68/><AGARI ba="0,1" hai="48,50,59,60,65,68,70,71,91,93,97" m="48169" machi="68" ten="40,1500,0" yaku="18,1" doraHai="42" who="3" fromWho="3" sc="171,-4,404,-4,217,-7,198,25" /><INIT seed="7,0,0,2,3,134" ten="167,400,210,223" oya="3" hai0="60,89,9,72,25,6,68,102,125,11,62,55,18" hai1="101,82,97,63,129,92,20,46,49,7,98,86,34" hai2="83,121,90,118,2,76,59,31,14,47,130,81,93" hai3="35,95,28,104,23,69,4,41,131,3,65,33,19"/><W24/><G104/><T53/><D72/><U29/><E34/><V94/><F118/><W12/><G131/><T66/><D102/><U109/><E109/><V1/><F130/><W61/><G41/><T75/><D75/><U30/><E129/><V115/><F115/><W51/><G51/><T26/><D89/><U85/><E7/><V114/><F114/><W67/><G67/><T44/><D44/><U96/><E63/><V84/><F121/><W77/><G77/><T27/><D18/><U54/><E86/><N who="2" m="48423" /><F1/><W99/><G35/><T73/><D73/><U123/><E123/><V128/><F2/><W126/><G3/><T43/><D43/><U100/><E20/><V56/><F128/><W117/><G4/><T15/><D9/><U40/><E54/><V57/><F31/><N who="1" m="11785" /><E101/><V32/><F32/><W120/><G117/><T50/><D62/><U116/><E116/><V74/><F74/><W13/><G120/><T58/><REACH who="0" step="1"/><D55/><REACH who="0" ten="157,400,210,223" step="2"/><U0/><E0/><V105/><F105/><W112/><G112/><T132/><D132/><U10/><E10/><V108/><F108/><W37/><G19/><T22/><D22/><U110/><E110/><V103/><F103/><W79/><G23/><T107/><D107/><U106/><E106/><V127/><F47/><W39/><G33/><T48/><D48/><U5/><E5/><V71/><F83/><W45/><G28/><T21/><D21/><U8/><E8/><V42/><F42/><W80/><G45/><T91/><D91/><AGARI ba="0,1" hai="40,46,49,82,85,91,92,96,97,98,100" m="11785" machi="91" ten="30,1000,0" yaku="8,1" doraHai="134" who="1" fromWho="0" sc="157,-10,400,20,210,0,223,0" owari="147,-35.0,420,52.0,210,-19.0,223,2.0" /></mjloggm>