<mjloggm ver="2.3"><GO type="97" lobby="0"/><UN n0="%E5%B0%B1%E6%B4%BB%E7%94%9F%40%E5%B7%9D%E6%9D%91%E8%BB%8D%E5%9B%A3" n1="%E3%82%A6%E3%83%92%E3%83%A7%E5%8A%A9" n2="%E6%AD%A3%E5%A4%AB" n3="%E4%B8%80%E6%97%A5%E4%B8%80%E5%8D%B3%E3%83%85%E3%83%A2" dan="15,14,14,15" rate="1964.02,1884.14,1889.05,1977.43" sx="M,M,M,M"/><TAIKYOKU oya="0"/><INIT seed="0,0,0,5,3,82" ten="250,250,250,250" oya="0" hai0="134,110,132,47,85,104,1,122,7,105,75,19,131" hai1="78,31,129,99,21,80,87,76,58,46,8,34,94" hai2="90,64,3,48,53,41,25,106,74,97,15,4,11" hai3="79,135,100,59,108,126,42,102,57,10,40,84,2"/><T16/><D75/><U127/><E129/><V56/><F74/><W115/><G115/><T125/><D122/><U86/><E127/><V96/><F106/><W62/><G126/><T27/><D125/><U61/><E34/><V23/><F64/><W52/><G108/><T26/><D110/><U18/><E31/><V65/><F65/><N who="3" m="39119" /><G2/><T116/><D116/><U123/><E123/><V5/><F41/><N who="3" m="15979" /><G10/><N who="0" m="2415" /><D47/><U43/><E8/><V67/><F67/><W39/><G39/><T29/><D104/><U32/><E32/><V98/><F5/><W14/><G14/><T93/><D105/><U133/><E133/><N who="0" m="51305" /><D131/><U91/><E78/><V107/><F107/><W22/><G22/><N who="0" m="15575" /><D27/><U50/><E99/><V45/><F45/><W81/><G135/><T44/><D44/><U83/><E83/><V55/><F55/><W71/><G71/><T112/><D112/><U77/><E77/><V73/><F73/><W60/><AGARI ba="0,0" hai="52,59,60,79,81,84,100,102" m="15979,39119" machi="60" ten="30,4000,0" yaku="8,1,52,1,54,1" doraHai="82" who="3" fromWho="3" sc="250,-20,250,-10,250,-10,250,40" /><INIT seed="1,0,0,2,0,3" ten="230,240,240,290" oya="1" hai0="25,26,101,16,80,135,10,22,28,17,58,66,50" hai1="32,100,82,61,88,104,128,115,15,11,8,107,53" hai2="41,120,129,54,132,18,13,48,73,87,96,133,34" hai3="56,130,7,79,92,29,68,123,117,94,98,2,43"/><U116/><E116/><V1/><F120/><W45/><G68/><T63/><D135/><N who="2" m="51786" /><F73/><W75/><G123/><T59/><D101/><U14/><E115/><V40/><F34/><W106/><G117/><T20/><D80/><U111/><E32/><V103/><F1/><W31/><G106/><T51/><D58/><U62/><E128/><V9/><F87/><W65/><G94/><T114/><D114/><U24/><E24/><V72/><F72/><W126/><G65/><T122/><D122/><U30/><E30/><V125/><F125/><W78/><G56/><T77/><D77/><U39/><E39/><V118/><F129/><W76/><G130/><T38/><D38/><U90/><E82/><V49/><F118/><W105/><G105/><T44/><D44/><U37/><E100/><V27/><F27/><W131/><G126/><T108/><D108/><U19/><E37/><V0/><F0/><W89/><G131/><T23/><D10/><U74/><E74/><V134/><N who="2" m="51794" /><V109/><DORA hai="21" /><F109/><W83/><G31/><T86/><D86/><U42/><E42/><N who="2" m="16491" /><F54/><W85/><G29/><T36/><D36/><U110/><E53/><V67/><F67/><W6/><G75/><T127/><D127/><U5/><REACH who="1" step="1"/><E19/><REACH who="1" ten="230,230,240,290" step="2"/><V113/><F113/><W4/><REACH who="3" step="1"/><G2/><REACH who="3" ten="230,230,240,280" step="2"/><T47/><D47/><U112/><E112/><V70/><F70/><W64/><G64/><T124/><D124/><U84/><E84/><V81/><F81/><W57/><G57/><T97/><D97/><U35/><E35/><V91/><F103/><W55/><G55/><T60/><D60/><RYUUKYOKU ba="0,2" sc="230,0,230,0,240,0,280,0" hai0="16,17,20,22,23,25,26,28,50,51,59,63,66" hai1="5,8,11,14,15,61,62,88,90,104,107,110,111" hai2="9,13,18,48,49,91,96" hai3="4,6,7,43,45,76,78,79,83,85,89,92,98" /><INIT seed="1,1,2,1,0,4" ten="230,230,240,280" oya="1" hai0="92,52,91,14,15,51,46,31,42,33,67,122,47" hai1="135,24,112,25,108,16,64,26,41,132,2,38,110" hai2="68,77,35,118,82,19,99,65,53,30,113,105,6" hai3="72,8,100,107,27,104,57,119,120,7,55,126,109"/><U0/><E112/><V10/><F118/><W54/><G120/><T117/><D117/><U128/><E128/><V76/><F113/><W111/><G72/><T28/><D122/><U88/><E64/><V86/><F76/><W106/><G119/><T36/><D67/><U32/><E41/><V61/><F19/><W1/><G27/><N who="1" m="10314" /><E38/><V79/><F30/><W84/><G84/><T81/><D81/><U133/><E88/><V62/><F35/><W78/><G78/><T58/><D33/><U18/><N who="1" m="10322" /><U37/><DORA hai="60" /><E37/><V66/><F79/><W13/><G1/><N who="1" m="618" /><E32/><V43/><F43/><W75/><G55/><T59/><D59/><U9/><E9/><V74/><F53/><W56/><G75/><T103/><D103/><U93/><E93/><V90/><F105/><W123/><G123/><T63/><D46/><U23/><E23/><V70/><F99/><W101/><G54/><T130/><D36/><U85/><E85/><V71/><F71/><W96/><G96/><N who="0" m="57375" /><D130/><U39/><E39/><V98/><F98/><W121/><G121/><T50/><D50/><U124/><E124/><V34/><F34/><W95/><G126/><T115/><D115/><U125/><E125/><V87/><F90/><W20/><G20/><T73/><D73/><U5/><E5/><V80/><F80/><W40/><G95/><T131/><D131/><U11/><E11/><V29/><F29/><AGARI ba="1,2" hai="14,15,28,29,31,42,47,51,52,58,63" m="57375" machi="29" ten="30,2000,0" yaku="8,1,54,1" doraHai="4,60" who="0" fromWho="2" sc="230,43,230,0,240,-23,280,0" /><INIT seed="2,0,0,3,4,61" ten="273,230,217,280" oya="2" hai0="73,25,124,125,106,36,121,33,56,129,123,98,47" hai1="122,0,12,118,60,7,135,109,66,77,116,13,38" hai2="10,81,113,95,85,40,63,75,94,131,132,84,80" hai3="68,23,71,45,43,62,78,19,48,67,87,127,18"/><V128/><F40/><W17/><G71/><T15/><D73/><U101/><E38/><V2/><F113/><W54/><G127/><N who="0" m="48715" /><D129/><N who="2" m="49738" /><F63/><W35/><G35/><T112/><D112/><U92/><E122/><V50/><F50/><W70/><G70/><T46/><D33/><U93/><E135/><V24/><F24/><W103/><G103/><N who="0" m="62839" /><D25/><U34/><E34/><V90/><F10/><W11/><G11/><T51/><D15/><U9/><E77/><N who="2" m="44095" /><F2/><W49/><G78/><T74/><D74/><U31/><E31/><V58/><F58/><W41/><G41/><N who="0" m="22823" /><D56/><U64/><E13/><V79/><F132/><W97/><G49/><T29/><D29/><U8/><E12/><V82/><AGARI ba="0,0" hai="79,81,82,84,85,90,94,95" m="44095,49738" machi="82" ten="30,6000,0" yaku="19,1,34,2" doraHai="61" who="2" fromWho="2" sc="273,-20,230,-20,217,60,280,-20" /><INIT seed="2,1,0,5,4,52" ten="253,210,277,260" oya="2" hai0="53,88,123,79,35,38,20,31,76,113,89,108,124" hai1="23,103,129,48,133,61,97,102,58,77,127,41,0" hai2="17,22,32,104,18,5,40,131,37,57,47,118,98" hai3="55,83,116,69,92,3,4,19,13,24,14,85,135"/><V50/><F118/><W117/><G69/><T25/><D38/><U66/><E133/><V60/><F32/><W73/><G3/><T70/><D123/><U121/><E0/><V15/><F131/><W75/><G135/><T106/><D106/><U125/><E121/><V128/><F128/><W132/><G132/><T68/><D113/><U99/><E129/><V80/><F5/><W7/><G92/><T12/><D124/><N who="1" m="47691" /><E77/><N who="0" m="29769" /><D108/><U87/><E87/><V110/><F110/><W91/><G75/><T72/><D72/><U28/><E28/><V109/><F109/><W45/><G73/><T93/><D35/><U36/><E36/><V100/><F80/><W94/><G83/><T33/><D33/><U115/><E23/><V96/><F98/><N who="1" m="37385" /><E115/><V2/><F2/><W122/><G122/><T30/><D68/><U9/><E9/><V39/><REACH who="2" step="1"/><F18/><REACH who="2" ten="253,210,267,260" step="2"/><W62/><G117/><T95/><D31/><U114/><E114/><V65/><AGARI ba="1,1" hai="15,17,22,37,39,40,47,50,57,60,65,96,100,104" machi="65" ten="20,12000,1" yaku="1,1,2,1,0,1,7,1,52,1,53,0" doraHai="52" doraHaiUra="6" who="2" fromWho="2" sc="253,-41,210,-41,267,133,260,-41" /><INIT seed="2,2,0,2,5,93" ten="212,169,400,219" oya="2" hai0="88,129,24,71,33,13,116,61,31,135,111,19,98" hai1="9,115,110,21,92,89,101,124,86,50,47,66,25" hai2="95,41,108,8,120,57,118,85,76,65,134,79,112" hai3="4,81,54,56,77,51,106,109,73,78,12,37,22"/><V125/><F41/><W103/><G37/><T83/><D111/><U45/><E115/><V126/><F57/><W29/><G78/><T104/><D129/><U40/><E124/><N who="2" m="47723" /><F65/><W36/><G36/><T107/><D135/><U99/><E110/><V100/><F8/><W6/><G109/><T80/><D116/><U62/><E9/><V64/><F64/><W119/><G119/><T27/><D27/><U87/><E47/><V58/><F58/><W74/><G74/><T5/><D5/><U53/><E40/><V16/><F16/><W67/><G67/><N who="0" m="41455" /><D88/><U94/><E87/><V133/><F120/><W30/><G6/><T117/><D107/><U96/><E101/><V15/><F15/><W123/><G123/><T97/><D97/><N who="1" m="37451" /><E66/><V28/><F28/><W26/><G30/><T20/><D117/><U127/><E127/><V82/><F112/><W10/><G106/><T32/><D32/><U23/><E62/><V121/><F121/><W102/><AGARI ba="2,0" hai="4,10,12,22,26,29,51,54,56,73,77,81,102,103" machi="102" ten="30,1100,0" yaku="0,1" doraHai="93" who="3" fromWho="3" sc="212,-5,169,-5,400,-7,219,17" /><INIT seed="3,0,0,4,2,3" ten="207,164,393,236" oya="3" hai0="102,41,62,83,99,103,84,131,108,18,50,88,59" hai1="86,120,77,24,28,100,42,85,23,65,49,115,68" hai2="35,128,124,123,20,36,90,73,45,7,10,43,5" hai3="121,51,75,92,44,129,39,34,48,111,33,30,31"/><W130/><G75/><T58/><D108/><U29/><E120/><V97/><F35/><N who="3" m="13323" /><G121/><T87/><D131/><N who="3" m="50185" /><G39/><T125/><D125/><U17/><E115/><V66/><F128/><W109/><G92/><N who="0" m="56711" /><D18/><U133/><E133/><V63/><F123/><W27/><G27/><T37/><D37/><U74/><E100/><N who="0" m="38441" /><D62/><U116/><E116/><V135/><F73/><W26/><G26/><T118/><D118/><U25/><E68/><V69/><F124/><W117/><G117/><T72/><D72/><U105/><E105/><V2/><F135/><W6/><G6/><T52/><D41/><U46/><E65/><V8/><F20/><W12/><G12/><T53/><D83/><U96/><E96/><V71/><F97/><W132/><G132/><T47/><D53/><U98/><E98/><V22/><F22/><W19/><G19/><T101/><D101/><U126/><E126/><V15/><F90/><W104/><G104/><T60/><D60/><U9/><E74/><V40/><F40/><N who="3" m="24583" /><G51/><T16/><D16/><U21/><REACH who="1" step="1"/><E77/><REACH who="1" ten="207,154,393,236" step="2"/><V127/><F127/><W0/><G111/><T91/><D91/><U4/><E4/><V67/><F67/><W13/><G109/><T64/><D64/><U14/><AGARI ba="0,1" hai="9,14,17,21,23,24,25,28,29,42,46,49,85,86" machi="14" ten="30,7900,0" yaku="1,1,0,1,9,1,8,1,53,0" doraHai="3" doraHaiUra="122" who="1" fromWho="1" sc="207,-20,154,89,393,-20,236,-39" owari="187,-31.0,243,4.0,373,47.0,197,-20.0" /></mjloggm>