<mjloggm ver="2.3"><GO type="225" lobby="0"/><UN n0="%E5%A9%9A%E6%B4%BB%E7%94%9F%40%E5%B7%9D%E6%9D%91%E8%BB%8D%E5%9B%A3" n1="%E3%81%BE%E3%82%8A%E3%82%82%E2%98%86%E5%A4%AA%E9%83%8E" n2="%E3%83%88%E3%83%88%E3%83%AA%E5%85%88%E7%94%9F%31%39%E6%AD%B3" n3="%E3%83%A1%E3%82%AC%E3%83%8D%E9%83%A8%E9%95%B7" dan="16,17,17,16" rate="2050.62,2223.98,2123.55,2171.34" sx="M,M,F,M"/><TAIKYOKU oya="0"/><INIT seed="0,0,0,1,4,84" ten="250,250,250,250" oya="0" hai0="80,116,42,60,98,31,13,29,125,114,62,109,11" hai1="63,93,36,128,104,53,46,58,16,52,22,126,61" hai2="12,91,129,4,34,78,56,66,112,32,0,17,133" hai3="90,48,83,8,39,67,33,35,69,115,28,44,106"/><T87/><D116/><U59/><E104/><V100/><F112/><W135/><G106/><T76/><D114/><U105/><E105/><V55/><F129/><W18/><G115/><T26/><D125/><U103/><E128/><V121/><F121/><W134/><G39/><T79/><D109/><U27/><E126/><V94/><F100/><W23/><G67/><T123/><D123/><U51/><E36/><V24/><F133/><N who="3" m="50699" /><G69/><T130/><D130/><U47/><E51/><V101/><F101/><W82/><G28/><T131/><D131/><U3/><E3/><V9/><F78/><W68/><G68/><T43/><D79/><U64/><E64/><V120/><F24/><N who="3" m="14455" /><G8/><T57/><D98/><AGARI ba="0,0" hai="16,22,27,46,47,52,53,58,59,61,63,93,98,103" machi="98" ten="40,8000,1" yaku="9,1,8,1,54,2" doraHai="84" who="1" fromWho="0" sc="250,-80,250,80,250,0,250,0" /><INIT seed="1,0,0,2,1,97" ten="170,330,250,250" oya="1" hai0="112,131,15,85,96,126,36,47,86,53,8,79,50" hai1="89,62,34,133,7,16,61,33,30,76,122,52,48" hai2="63,71,37,102,95,73,110,98,120,124,84,68,39" hai3="22,67,116,115,93,74,1,88,66,99,59,121,25"/><U132/><E7/><V90/><F120/><W42/><G74/><T14/><D112/><U10/><E76/><V92/><F73/><W114/><G116/><T134/><D126/><U81/><E122/><V118/><F118/><W107/><G121/><T56/><D131/><U28/><E61/><V103/><F124/><W65/><G42/><T55/><D134/><N who="1" m="51819" /><E62/><V26/><F110/><W60/><G1/><T19/><D36/><U75/><E30/><V23/><F103/><W45/><G45/><T125/><D125/><U29/><E28/><V82/><F92/><W44/><G44/><T111/><D111/><U4/><E29/><V35/><F35/><W105/><G114/><T27/><D27/><U106/><E16/><V31/><REACH who="2" step="1"/><F71/><REACH who="2" ten="170,330,240,250" step="2"/><W17/><REACH who="3" step="1"/><G115/><REACH who="3" ten="170,330,240,240" step="2"/><T64/><D64/><AGARI ba="0,2" hai="23,26,31,37,39,63,64,68,82,84,90,95,98,102" machi="64" ten="40,5200,0" yaku="1,1,2,1,52,1,53,0" doraHai="97" doraHaiUra="40" who="2" fromWho="0" sc="170,-52,330,0,240,72,240,0" /><AGARI ba="0,0" hai="17,22,25,59,60,64,65,66,67,88,93,99,105,107" machi="64" ten="40,5200,0" yaku="1,1,2,1,54,1,53,0" doraHai="97" doraHaiUra="40" who="3" fromWho="0" sc="118,-52,330,0,312,0,240,52" /><INIT seed="2,0,0,1,1,82" ten="66,330,312,292" oya="2" hai0="100,12,69,25,61,98,42,39,31,108,18,26,84" hai1="117,83,50,62,1,131,51,21,13,41,103,116,104" hai2="3,80,7,44,123,5,94,75,109,16,125,132,52" hai3="107,45,113,124,85,74,88,71,111,29,48,23,110"/><V30/><F123/><W76/><G71/><T46/><D108/><N who="3" m="41513" /><G107/><T115/><D115/><U17/><E1/><V2/><F109/><W129/><G113/><T128/><D84/><U56/><E131/><V93/><F30/><W20/><G124/><T135/><D128/><U92/><E104/><V99/><F125/><W22/><G129/><T79/><D135/><U58/><E117/><V86/><F75/><W89/><G74/><T67/><D79/><U91/><E116/><V35/><F35/><W4/><G4/><N who="2" m="1609" /><F2/><W53/><G29/><T27/><D12/><U134/><E134/><V40/><F3/><W33/><G33/><T19/><REACH who="0" step="1"/><D31/><REACH who="0" ten="56,330,312,292" step="2"/><U126/><E126/><V112/><F132/><W102/><G76/><T127/><D127/><U15/><E15/><V106/><F112/><W0/><G0/><T97/><D97/><U59/><E83/><V57/><F99/><W60/><G85/><T64/><D64/><U130/><E130/><V105/><F80/><W36/><G36/><T77/><D77/><U38/><E38/><N who="2" m="21527" /><F86/><W63/><G102/><T24/><N who="0" m="6656" /><DORA hai="49" /><T70/><D70/><U101/><E103/><V37/><F37/><W8/><G89/><T54/><D54/><N who="1" m="34167" /><E101/><V133/><F133/><W120/><G88/><T55/><D55/><U34/><E34/><V87/><F87/><W118/><G118/><T11/><D11/><U65/><E65/><V72/><F72/><W28/><G8/><T114/><D114/><U66/><E66/><V73/><F73/><W96/><G28/><T43/><D43/><U78/><E78/><V14/><F14/><RYUUKYOKU ba="0,1" sc="56,30,330,-10,312,-10,292,-10" hai0="18,19,39,42,46,61,67,69,98,100" /><INIT seed="3,1,1,3,2,81" ten="86,320,302,282" oya="3" hai0="22,53,105,16,58,100,72,119,98,106,122,134,56" hai1="87,71,60,99,110,10,115,52,84,2,62,6,75" hai2="44,89,37,4,80,31,49,39,55,17,92,9,27" hai3="45,18,30,46,108,67,50,65,95,29,28,86,21"/><W51/><G108/><T38/><D122/><U47/><E75/><V91/><F80/><W104/><G104/><T57/><D119/><U70/><E115/><V102/><F17/><W74/><G74/><T125/><D72/><U19/><E110/><V36/><F102/><W83/><G95/><T79/><D38/><U14/><E71/><V96/><F91/><N who="3" m="51679" /><G51/><T103/><D125/><U113/><E113/><V118/><F118/><W94/><G94/><T128/><D134/><U123/><E123/><V82/><F82/><W73/><G73/><T97/><D79/><U77/><E70/><V5/><REACH who="2" step="1"/><F9/><REACH who="2" ten="86,320,292,282" step="2"/><W120/><G120/><T88/><D128/><U64/><E77/><V111/><F111/><W66/><G50/><T117/><D117/><U26/><E99/><V25/><F25/><AGARI ba="1,2" hai="18,21,25,28,29,30,45,46,65,66,67" m="51679" machi="25" ten="30,2900,0" yaku="8,1,52,1" doraHai="81" who="3" fromWho="2" sc="86,0,320,0,292,-32,282,52" owari="86,-41.0,320,12.0,260,-14.0,334,43.0" /></mjloggm>