<mjloggm ver="2.3"><GO type="97" lobby="0"/><UN n0="%E5%B0%B1%E6%B4%BB%E7%94%9F%40%E5%B7%9D%E6%9D%91%E8%BB%8D%E5%9B%A3" n1="%4A%48%4E" n2="%48%2D%4B%69%73%65%6B%69" n3="%E3%83%8B%E3%82%B3%E5%8E%A8%EF%BC%A0%E5%B7%9D%E6%9D%91%E8%BB%8D%E5%9B%A3" dan="15,13,14,14" rate="2005.28,1908.28,1968.06,2013.09" sx="M,M,M,F"/><TAIKYOKU oya="0"/><INIT seed="0,0,0,4,5,113" ten="250,250,250,250" oya="0" hai0="125,80,117,84,43,55,48,130,86,112,4,42,120" hai1="100,107,51,5,1,54,52,14,3,76,78,15,16" hai2="94,63,57,108,25,85,2,128,83,103,50,12,17" hai3="111,39,0,72,115,9,131,37,121,91,88,104,118"/><T45/><D112/><U101/><E5/><V64/><F2/><W41/><RYUUKYOKU type="yao9" ba="0,0" sc="250,0,250,0,250,0,250,0" hai3="0,9,37,39,41,72,88,91,104,111,115,118,121,131" /><INIT seed="0,1,0,5,2,76" ten="250,250,250,250" oya="0" hai0="102,127,92,75,8,45,5,58,106,6,109,32,89" hai1="113,25,47,56,31,7,86,41,83,13,99,67,79" hai2="111,69,85,68,24,63,125,44,60,53,29,84,96" hai3="1,73,117,64,28,62,35,133,59,11,135,21,77"/><T93/><D32/><U14/><E113/><V126/><F111/><W54/><G117/><T27/><D75/><U132/><E132/><N who="3" m="50762" /><G35/><T115/><D115/><U107/><E107/><V95/><F63/><W134/><G134/><T123/><D123/><U94/><E7/><V26/><F96/><W81/><G1/><T100/><D127/><N who="2" m="48650" /><F44/><W90/><G11/><T88/><D109/><U122/><E122/><V51/><F51/><N who="3" m="31199" /><G90/><N who="0" m="34923" /><D106/><U118/><E118/><V55/><F26/><N who="3" m="16463" /><G62/><T82/><D27/><U124/><E124/><V114/><F114/><W50/><G50/><T74/><D74/><U61/><E47/><V33/><F84/><W9/><G9/><T80/><D45/><U20/><E41/><V23/><F33/><W10/><G10/><T12/><D58/><U119/><E119/><V40/><F40/><W34/><G34/><T110/><D110/><U131/><REACH who="1" step="1"/><E131/><REACH who="1" ten="250,240,250,250" step="2"/><V57/><F55/><W91/><G91/><AGARI ba="1,1" hai="13,14,20,25,31,56,61,67,79,83,86,91,94,99" machi="91" ten="30,12000,2" yaku="1,1,2,1,7,1,8,1,52,1,53,1" doraHai="76" doraHaiUra="22" who="1" fromWho="3" sc="250,0,240,133,250,0,250,-123" /><AGARI ba="1,0" hai="23,24,29,53,57,60,68,69,85,91,95" m="48650" machi="91" ten="30,1000,0" yaku="18,1" doraHai="76" who="2" fromWho="3" sc="250,0,373,0,250,10,127,-10" /><INIT seed="1,0,0,2,0,118" ten="250,373,260,117" oya="1" hai0="30,74,85,39,134,27,83,61,68,101,130,133,44" hai1="0,84,70,20,48,36,49,46,5,82,16,37,81" hai2="42,56,96,13,25,58,121,107,90,66,78,62,111" hai3="122,43,6,123,93,129,76,94,120,32,64,117,19"/><U95/><E70/><V45/><F111/><W67/><G32/><T24/><D130/><U79/><E37/><V8/><F78/><W135/><G6/><T88/><D74/><U12/><E36/><V128/><F128/><W92/><G129/><T40/><D101/><U112/><E112/><V55/><F121/><W47/><G76/><T87/><D87/><U119/><E119/><V23/><F107/><W72/><G72/><T104/><D104/><U89/><E5/><V108/><F108/><W57/><G117/><T109/><D109/><U116/><E0/><V106/><F106/><W105/><G105/><T59/><D68/><U60/><E60/><V53/><F45/><W80/><G80/><T103/><D103/><U33/><E33/><V127/><F127/><W14/><G57/><T113/><D113/><U2/><E2/><V28/><F42/><W31/><G31/><T99/><D99/><U131/><E131/><V50/><F66/><W3/><G3/><T52/><REACH who="0" step="1"/><D27/><REACH who="0" ten="240,373,260,117" step="2"/><U102/><E102/><V86/><F96/><W26/><G26/><T17/><D17/><U71/><E71/><V132/><F132/><W124/><G135/><T4/><D4/><U21/><E116/><V115/><F115/><W125/><G19/><T126/><D126/><N who="3" m="48745" /><G14/><T11/><D11/><U38/><E12/><V35/><F8/><W18/><G18/><T51/><D51/><AGARI ba="0,1" hai="43,47,51,64,67,92,93,94,120,122,123" m="48745" machi="51" ten="40,8000,1" yaku="18,1,52,3" doraHai="118" who="3" fromWho="0" sc="240,-80,373,0,260,0,117,90" /><INIT seed="2,0,0,0,2,12" ten="160,373,260,207" oya="2" hai0="37,116,1,4,118,33,55,14,78,119,130,77,90" hai1="129,86,105,115,80,22,21,48,6,91,30,18,134" hai2="23,35,72,100,7,82,58,59,117,73,112,128,47" hai3="76,25,41,84,124,104,54,126,85,79,88,125,71"/><V133/><F117/><N who="0" m="29954" /><T24/><DORA hai="45" /><D37/><U66/><E105/><V120/><F112/><W81/><G71/><T39/><D39/><U26/><E115/><V131/><F120/><W95/><G41/><T0/><D130/><N who="2" m="49706" /><F35/><W75/><G25/><T93/><D55/><U56/><E134/><V52/><F133/><W46/><G46/><T69/><D69/><U49/><E6/><V57/><F100/><W43/><G54/><T60/><D60/><N who="1" m="38151" /><E129/><V61/><F7/><W87/><G43/><T3/><D24/><AGARI ba="0,0" hai="18,21,22,24,26,30,48,49,80,86,91" m="38151" machi="24" ten="30,7700,0" yaku="8,1,52,3" doraHai="12,45" who="1" fromWho="0" sc="160,-77,373,77,260,0,207,0" /><INIT seed="3,0,0,2,0,74" ten="83,450,260,207" oya="3" hai0="30,27,120,61,58,79,22,106,51,19,59,116,7" hai1="123,20,0,128,42,129,14,76,91,35,46,86,44" hai2="34,64,53,29,36,12,115,83,113,16,13,28,112" hai3="71,110,32,55,114,88,95,6,73,49,70,38,90"/><W133/><G38/><T52/><D106/><U93/><E123/><V108/><F64/><W41/><G114/><T105/><D120/><U57/><E35/><V117/><F117/><W54/><G32/><T62/><D105/><U122/><E0/><V5/><F5/><W96/><G73/><T45/><D116/><U121/><E76/><V67/><F67/><W130/><G133/><T84/><D7/><U85/><E85/><V66/><F66/><W102/><G130/><N who="1" m="50282" /><E57/><V100/><F100/><W98/><G110/><T25/><D25/><U134/><E134/><V11/><F36/><W17/><G6/><T81/><D59/><U127/><E127/><V65/><F65/><W15/><G41/><T99/><D99/><U1/><E1/><V126/><F108/><W2/><G2/><T18/><REACH who="0" step="1"/><D62/><REACH who="0" ten="73,450,260,207" step="2"/><U9/><E122/><V104/><F126/><W119/><G119/><T39/><D39/><U72/><E20/><V40/><F104/><W132/><G132/><T33/><D33/><U31/><E31/><V56/><F40/><W4/><G4/><T26/><D26/><U68/><E68/><V43/><F43/><W118/><G118/><T69/><D69/><U89/><E42/><V8/><F34/><W87/><G98/><T63/><D63/><U50/><E44/><V135/><F135/><W92/><G102/><T80/><D80/><U3/><E3/><V94/><F115/><W24/><G24/><T48/><D48/><U111/><E50/><V47/><F113/><W82/><G82/><T77/><D77/><U124/><E121/><V10/><F112/><RYUUKYOKU ba="0,1" sc="73,30,450,-10,260,-10,207,-10" hai0="18,19,22,27,30,45,51,52,58,61,79,81,84" owari="103,-40.0,450,55.0,250,5.0,197,-20.0" /></mjloggm>