<mjloggm ver="2.3"><GO type="41" lobby="0"/><UN n0="%70%69%6E%67%70%6F%6E%67" n1="%E3%83%AD%E3%82%A4%E3%83%89" n2="%E3%81%AF%E3%81%A8%E3%81%95%E3%81%B6%E3%82%8C" n3="%E3%83%88%E3%83%88%E3%83%AA%E5%85%88%E7%94%9F%31%39%E6%AD%B3" dan="15,14,15,14" rate="1978.84,1908.93,1988.74,2019.36" sx="M,M,M,F"/><TAIKYOKU oya="0"/><INIT seed="0,0,0,1,4,1" ten="250,250,250,250" oya="0" hai0="22,55,69,16,33,92,53,96,95,114,48,82,105" hai1="97,88,41,21,5,45,3,20,120,32,35,44,121" hai2="87,38,31,123,116,15,119,103,70,68,90,113,100" hai3="59,25,135,94,110,50,7,128,61,78,98,36,126"/><T9/><D114/><U80/><E3/><V42/><F113/><W23/><G36/><T60/><D33/><U8/><E97/><V11/><F123/><W77/><G110/><T107/><D82/><U52/><E80/><V6/><F31/><W34/><G34/><T4/><D105/><U74/><E8/><V111/><F111/><W127/><G50/><T27/><D107/><U85/><E85/><V112/><F112/><W62/><G128/><T18/><D18/><U28/><E28/><V81/><F68/><W75/><G135/><T57/><D69/><U43/><E5/><V64/><F64/><W14/><G62/><T0/><REACH who="0" step="1"/><D96/><REACH who="0" ten="240,250,250,250" step="2"/><U12/><E32/><V72/><F70/><W17/><G98/><T106/><D106/><U93/><E35/><V129/><F129/><W115/><G17/><T104/><D104/><U130/><E130/><V83/><F81/><W134/><G115/><T39/><D39/><U63/><E120/><V29/><F72/><W30/><G75/><T10/><D10/><U73/><E73/><V101/><F38/><W131/><G131/><T125/><D125/><U132/><E121/><V54/><F83/><W26/><G127/><T79/><D79/><U56/><E74/><V67/><F11/><N who="3" m="4479" /><G126/><T91/><D91/><U122/><E88/><V66/><F90/><W47/><G78/><T40/><D40/><U19/><E43/><V118/><F116/><W24/><G77/><T76/><D76/><U102/><E41/><V46/><F42/><W109/><G109/><T99/><D99/><N who="1" m="59759" /><E122/><V71/><F119/><W65/><G30/><RYUUKYOKU ba="0,1" sc="240,30,250,-10,250,-10,250,-10" hai0="0,4,9,16,22,27,48,53,55,57,60,92,95" /><INIT seed="0,1,1,1,2,44" ten="270,240,240,240" oya="0" hai0="37,71,42,53,0,54,4,39,61,113,99,25,48" hai1="14,96,10,121,122,36,106,18,130,108,126,16,24" hai2="97,43,133,1,112,90,98,28,82,120,21,60,118" hai3="2,7,46,111,83,31,115,132,19,41,9,119,26"/><T92/><D113/><U64/><E108/><V13/><F112/><W85/><G115/><T47/><D25/><U117/><E36/><N who="0" m="13897" /><D92/><U66/><E117/><V101/><F120/><W69/><G111/><T91/><D99/><U125/><E130/><V124/><F118/><W34/><G132/><T100/><D100/><N who="1" m="62727" /><E18/><V89/><F1/><W81/><G119/><T49/><D91/><U52/><E24/><V127/><F133/><W3/><G69/><T45/><D4/><U62/><E66/><V33/><F33/><W67/><G67/><N who="0" m="41455" /><D0/><U17/><E17/><V59/><F13/><W72/><G72/><T80/><D80/><U58/><E64/><V87/><F21/><W32/><G32/><T79/><D79/><U131/><E131/><V114/><F114/><W38/><G85/><T55/><AGARI ba="1,1" hai="42,45,47,48,49,53,54,55" m="41455,13897" machi="55" ten="30,18000,2" yaku="35,5,52,2" doraHai="44" who="0" fromWho="0" sc="270,193,240,-61,240,-61,240,-61" /><INIT seed="0,2,0,4,1,120" ten="463,179,179,179" oya="0" hai0="61,50,4,22,86,2,1,62,25,39,116,73,47" hai1="125,68,52,59,54,11,13,29,16,44,33,63,69" hai2="90,60,24,99,83,95,126,28,21,119,9,132,48" hai3="122,74,55,10,72,17,51,76,78,81,38,87,8"/><T75/><D116/><U101/><E125/><V0/><F119/><W106/><G122/><T12/><D39/><U3/><E101/><V49/><F132/><W109/><G106/><T64/><D12/><U32/><E32/><V124/><F124/><W117/><G38/><T128/><D128/><U36/><E3/><V45/><F126/><W56/><G117/><T46/><D86/><U108/><E108/><V103/><F0/><W77/><G109/><T31/><D47/><U57/><E29/><V92/><F9/><W27/><G10/><T133/><D133/><U129/><E33/><V7/><F7/><W84/><G84/><T114/><D114/><U23/><E23/><V118/><F83/><W127/><G127/><T130/><D130/><U40/><E129/><V6/><F6/><W112/><G112/><T102/><D102/><U135/><E135/><V80/><F80/><W35/><G8/><T104/><D104/><U134/><E134/><V105/><F118/><W85/><G85/><T79/><D79/><U15/><E15/><V110/><F110/><W67/><G67/><T20/><D20/><U91/><E91/><V131/><F131/><W93/><G93/><T97/><D97/><U94/><E94/><V41/><F90/><W88/><REACH who="3" step="1"/><G17/><REACH who="3" ten="463,179,179,169" step="2"/><N who="0" m="12495" /><D64/><U14/><E14/><V121/><F121/><W18/><G18/><T89/><D1/><U71/><E36/><V100/><F105/><W26/><G26/><T30/><D2/><U107/><E107/><V65/><F95/><W58/><G58/><N who="1" m="22026" /><E63/><V5/><F60/><W66/><G66/><T43/><D61/><RYUUKYOKU ba="2,1" sc="463,-15,179,15,179,-15,169,15" hai1="11,13,16,40,44,52,54,68,69,71" hai3="27,35,51,55,56,72,74,76,77,78,81,87,88" /><INIT seed="1,3,1,1,3,129" ten="448,194,164,184" oya="1" hai0="79,126,86,32,29,75,76,56,20,40,78,130,12" hai1="98,94,68,121,97,132,73,84,54,89,117,27,87" hai2="58,67,14,13,46,28,114,34,30,64,17,4,38" hai3="134,103,50,91,48,127,8,107,65,108,113,21,60"/><U124/><E68/><V43/><F114/><W2/><G113/><T100/><D130/><U112/><E73/><V96/><F34/><W1/><G108/><T81/><D126/><U0/><E112/><V9/><F64/><W70/><G127/><T74/><D100/><U93/><E0/><V115/><F115/><W59/><G103/><T83/><D32/><U109/><E27/><V5/><F96/><N who="1" m="36969" /><E54/><V26/><F26/><W105/><G91/><T118/><D118/><U71/><E71/><V11/><REACH who="2" step="1"/><F17/><REACH who="2" ten="448,194,154,184" step="2"/><W92/><G65/><T49/><D74/><U122/><E124/><V39/><F39/><W37/><G37/><T95/><D75/><U90/><E117/><V57/><F57/><W19/><G59/><T61/><D56/><U36/><E36/><V80/><F80/><W135/><G105/><T16/><D83/><U31/><E31/><V99/><F99/><W85/><G107/><T47/><D81/><U62/><E109/><V102/><F102/><W131/><G70/><T104/><D104/><U33/><E33/><V125/><F125/><W41/><G19/><T88/><D29/><U69/><E122/><V72/><F72/><W110/><G110/><T18/><D18/><U10/><E121/><V25/><F25/><W23/><G92/><T22/><D22/><U116/><E116/><V51/><F51/><W24/><G23/><T82/><D82/><U3/><E94/><V52/><F52/><W15/><G21/><T119/><D119/><U45/><E93/><V63/><AGARI ba="3,2" hai="4,5,9,11,13,14,28,30,38,43,46,58,63,67" machi="63" ten="30,4000,0" yaku="1,1,0,1,9,1,53,0" doraHai="129" doraHaiUra="44" who="2" fromWho="2" sc="448,-13,194,-23,154,69,184,-13" /><INIT seed="2,0,0,2,1,104" ten="435,171,223,171" oya="2" hai0="118,80,112,1,65,128,69,53,89,120,49,44,122" hai1="54,18,13,90,105,132,100,84,47,64,50,5,34" hai2="125,21,37,99,26,95,102,127,115,92,117,82,12" hai3="22,134,11,87,10,55,106,72,27,121,68,101,25"/><V48/><F37/><W35/><G121/><T31/><D112/><U2/><E34/><V74/><F12/><W109/><G68/><T63/><D128/><U78/><E132/><V23/><F115/><W38/><G38/><T81/><D118/><U20/><E64/><V62/><F117/><W29/><G134/><T0/><D31/><U94/><E2/><V126/><F48/><W32/><G72/><T119/><D119/><U70/><E70/><V28/><F92/><W39/><G39/><T113/><D113/><U124/><E124/><V57/><F23/><W61/><G109/><T6/><D6/><U76/><E105/><V66/><F82/><W116/><G116/><T73/><D73/><AGARI ba="0,0" hai="21,26,28,57,62,66,73,74,95,99,102,125,126,127" machi="73" ten="40,12000,1" yaku="25,2,18,1,52,2" doraHai="104" who="2" fromWho="0" sc="435,-120,171,0,223,120,171,0" /><INIT seed="2,1,0,4,3,50" ten="315,171,343,171" oya="2" hai0="96,39,59,1,79,13,68,14,131,133,43,49,54" hai1="91,117,16,85,134,41,128,62,26,122,121,78,5" hai2="64,125,8,35,113,61,92,57,38,29,106,94,108" hai3="44,83,75,97,129,71,19,15,82,21,126,4,20"/><V45/><F113/><W84/><G71/><T101/><D1/><U74/><E117/><V120/><F120/><N who="1" m="46185" /><E5/><V132/><F106/><W9/><G129/><T48/><D131/><U86/><E128/><V123/><F123/><W22/><G126/><T103/><D133/><U23/><E134/><V66/><F132/><W115/><G115/><T112/><D112/><U11/><E11/><V12/><F125/><W27/><G75/><T17/><D39/><U25/><E41/><V18/><F64/><W65/><G65/><T55/><D68/><U28/><E91/><V118/><F118/><W60/><G60/><T3/><D3/><U47/><E47/><V40/><F108/><W72/><G72/><T93/><D43/><U102/><E102/><V6/><F35/><W99/><G82/><T53/><D79/><U58/><E78/><V52/><F29/><W7/><G44/><T36/><D36/><U109/><E109/><V70/><REACH who="2" step="1"/><F6/><REACH who="2" ten="315,171,333,171" step="2"/><W46/><G4/><T2/><D2/><U37/><E74/><V24/><F24/><W88/><G27/><T89/><D59/><U63/><E58/><V105/><F105/><W0/><G46/><T111/><D111/><U10/><E26/><V114/><F114/><W67/><G67/><T98/><D14/><N who="1" m="7255" /><E37/><V107/><F107/><W76/><G0/><T31/><D31/><U30/><E30/><V42/><F42/><W130/><G130/><T116/><D116/><U80/><E80/><V81/><F81/><N who="3" m="49167" /><G7/><T32/><D32/><U90/><E90/><V135/><F135/><W69/><G69/><T104/><D103/><RYUUKYOKU ba="1,1" sc="315,0,171,0,333,0,171,0" hai0="13,17,48,49,53,54,55,89,93,96,98,101,104" hai1="23,25,28,62,63,85,86" hai2="8,12,18,38,40,45,52,57,61,66,70,92,94" hai3="9,15,19,20,21,22,76,83,97,99" /><INIT seed="2,2,1,2,0,124" ten="315,171,333,171" oya="2" hai0="125,86,42,30,75,7,83,121,115,100,71,131,9" hai1="111,135,29,108,118,70,94,1,119,65,91,67,74" hai2="126,2,13,19,103,127,18,60,47,51,122,107,36" hai3="37,132,120,78,56,10,79,53,58,82,11,33,45"/><V98/><F122/><W101/><G120/><T14/><D121/><U105/><E105/><V59/><F2/><W109/><G33/><T25/><D125/><N who="2" m="47626" /><F36/><W130/><G132/><T106/><D115/><U92/><E1/><V39/><F13/><W77/><G109/><N who="1" m="42058" /><E74/><V87/><F87/><W49/><G130/><T63/><D75/><U93/><E135/><V28/><F28/><W113/><G113/><T54/><D42/><U20/><E70/><V72/><F39/><W46/><G101/><T5/><D131/><U16/><E29/><V123/><F72/><W134/><G134/><T88/><D5/><U24/><E91/><V81/><F81/><W8/><G82/><T44/><D44/><U48/><E48/><V95/><F107/><W114/><G114/><T34/><D106/><U27/><E27/><V15/><F15/><W102/><G102/><T66/><D100/><U99/><E99/><V73/><F73/><W97/><G97/><T52/><AGARI ba="2,1" hai="7,9,14,25,30,34,52,54,63,66,71,83,86,88" machi="52" ten="30,4000,0" yaku="0,1,54,2" doraHai="124" who="0" fromWho="0" sc="315,56,171,-12,333,-22,171,-12" /><INIT seed="3,0,0,4,5,109" ten="371,159,311,159" oya="3" hai0="42,126,108,124,93,35,131,125,90,61,129,83,41" hai1="24,84,58,48,104,20,99,98,0,118,122,115,53" hai2="23,68,5,77,29,79,106,37,50,2,100,12,43" hai3="102,31,116,21,11,87,128,39,69,40,13,88,113"/><W18/><G116/><T130/><D108/><U55/><E122/><V10/><F68/><W103/><G69/><T46/><D35/><U63/><E0/><V44/><F37/><W89/><G113/><T28/><D28/><U120/><E120/><V38/><F38/><W49/><G39/><T114/><D83/><U66/><E118/><V19/><F106/><W101/><G128/><T9/><D9/><U51/><E115/><V60/><F100/><W36/><G36/><T62/><D114/><U73/><E73/><V27/><REACH who="2" step="1"/><F60/><REACH who="2" ten="371,159,301,159" step="2"/><W59/><G102/><T8/><D62/><U7/><E104/><V76/><F76/><W47/><G89/><T94/><D61/><U65/><E63/><V6/><F6/><W107/><G107/><T26/><D90/><U30/><E7/><V22/><AGARI ba="0,1" hai="2,5,10,12,19,22,23,27,29,43,44,50,77,79" machi="22" ten="20,2700,0" yaku="1,1,0,1,7,1,53,0" doraHai="109" doraHaiUra="95" who="2" fromWho="2" sc="371,-7,159,-7,301,37,159,-13" /><INIT seed="4,0,0,0,4,105" ten="364,152,338,146" oya="0" hai0="32,71,120,30,8,19,83,92,31,100,96,39,42" hai1="110,74,127,54,65,47,131,21,123,72,70,69,44" hai2="46,6,10,11,90,94,101,16,77,1,129,109,36" hai3="25,126,102,106,81,29,76,43,79,75,52,24,80"/><T57/><D120/><U82/><E123/><V45/><F109/><W23/><G126/><T33/><D71/><U64/><E110/><V89/><F129/><W117/><G117/><T86/><D57/><U49/><E82/><V59/><F59/><W113/><G113/><T68/><D68/><U132/><E21/><V15/><F77/><W124/><G124/><T58/><D58/><U88/><E49/><V51/><F36/><W112/><G112/><T97/><D97/><U40/><E40/><V37/><F37/><W133/><G133/><T35/><D42/><U13/><E13/><V50/><F101/><W73/><G43/><T22/><D39/><U134/><E54/><V14/><F1/><W111/><G111/><T27/><REACH who="0" step="1"/><D8/><REACH who="0" ten="354,152,338,146" step="2"/><U4/><E127/><V128/><F128/><W2/><G52/><T93/><D93/><U104/><E131/><V108/><F108/><W34/><G106/><T87/><D87/><U67/><E104/><V5/><F94/><W3/><REACH who="3" step="1"/><G102/><REACH who="3" ten="354,152,338,136" step="2"/><T60/><D60/><U122/><E132/><V66/><F50/><W28/><AGARI ba="0,2" hai="2,3,23,24,25,28,29,34,73,75,76,79,80,81" machi="28" ten="20,16000,3" yaku="1,1,2,1,0,1,7,1,9,1,52,2,53,2" doraHai="105" doraHaiUra="20" who="3" fromWho="3" sc="354,-80,152,-40,338,-40,136,180" /><INIT seed="5,0,0,1,5,37" ten="274,112,298,316" oya="1" hai0="77,35,102,71,70,122,82,7,132,54,53,40,51" hai1="89,120,86,76,52,87,15,58,3,130,33,13,22" hai2="41,62,31,75,18,117,66,84,101,107,73,63,19" hai3="125,100,10,2,44,123,112,110,129,59,32,25,134"/><U119/><E120/><V68/><F117/><W109/><G123/><T114/><D122/><U50/><E33/><V61/><F84/><W29/><G112/><T98/><D114/><U131/><E3/><V135/><F66/><W9/><G100/><T27/><D132/><U92/><E119/><V30/><F68/><W115/><G115/><T108/><D108/><U103/><E103/><V65/><F65/><W128/><G59/><T124/><D124/><U39/><E39/><V72/><F101/><W8/><G44/><T34/><D7/><U113/><E113/><V81/><F81/><W45/><G45/><T5/><D5/><U111/><E111/><N who="3" m="42506" /><G134/><T24/><D77/><U57/><E57/><V94/><F135/><W23/><G125/><T21/><D82/><N who="1" m="47431" /><E22/><V96/><F96/><W56/><G56/><T12/><D21/><U14/><E131/><N who="3" m="50250" /><G32/><T95/><D34/><U121/><E121/><V11/><F94/><W104/><G104/><T99/><D35/><U78/><E130/><V85/><F107/><W38/><G38/><T49/><D102/><U67/><E67/><V127/><F127/><W79/><G79/><AGARI ba="0,0" hai="13,14,15,50,52,58,78,79,87,89,92" m="47431" machi="79" ten="30,2900,0" yaku="8,1,54,1" doraHai="37" who="1" fromWho="3" sc="274,0,112,29,298,0,316,-29" /><INIT seed="5,1,0,2,5,117" ten="274,141,298,287" oya="1" hai0="122,42,30,109,35,44,97,93,8,116,83,9,82" hai1="28,24,68,7,125,2,60,51,86,79,118,31,22" hai2="71,95,45,123,124,61,12,107,74,18,16,50,127" hai3="15,64,33,3,126,57,134,110,52,63,120,37,101"/><U100/><E118/><V103/><F107/><W128/><G110/><T59/><D109/><U98/><E125/><V47/><F74/><W21/><G3/><T19/><D116/><U25/><E68/><V108/><F108/><W20/><G33/><T130/><D130/><U131/><E131/><V80/><F80/><W111/><G111/><T105/><D105/><U5/><E60/><V75/><F75/><W84/><G37/><T0/><D122/><U129/><E129/><V92/><F50/><W43/><G128/><T94/><D59/><U114/><E114/><V34/><F34/><W40/><G120/><T62/><D62/><U6/><E2/><V113/><F113/><W81/><G126/><T70/><D70/><U85/><E79/><V23/><F123/><W135/><G101/><T4/><D35/><U55/><E25/><V72/><F72/><W49/><G43/><T39/><D30/><U48/><E48/><V67/><F127/><W76/><G40/><T99/><D19/><U119/><E28/><V89/><F103/><W27/><G15/><T115/><D115/><U53/><E53/><V65/><F65/><W1/><G1/><T54/><D54/><U132/><E132/><N who="3" m="50730" /><G27/><T87/><D9/><U88/><E119/><V133/><F133/><W121/><G121/><T10/><D8/><U73/><E73/><V58/><F124/><W106/><G106/><T96/><REACH who="0" step="1"/><D83/><REACH who="0" ten="264,141,298,287" step="2"/><U46/><E100/><V91/><F71/><AGARI ba="1,1" hai="20,21,49,52,57,63,64,71,76,81,84" m="50730" machi="71" ten="30,2000,0" yaku="20,1,54,1" doraHai="117" who="3" fromWho="2" sc="264,0,141,0,298,-23,287,33" /><INIT seed="6,0,0,1,5,57" ten="264,141,275,320" oya="2" hai0="80,36,118,119,103,35,42,87,43,9,68,46,79" hai1="63,109,40,90,121,131,115,123,54,45,75,51,27" hai2="12,66,130,99,133,65,26,70,0,110,85,81,48" hai3="60,67,25,23,89,49,124,86,98,33,6,29,134"/><V84/><F130/><W47/><G134/><T52/><D68/><U59/><E75/><V100/><F0/><W31/><G124/><T76/><D35/><U32/><E32/><V116/><F116/><N who="0" m="44586" /><D103/><U82/><E82/><V78/><F133/><W15/><G98/><T129/><D129/><U11/><E11/><V18/><F110/><W104/><G104/><T22/><D76/><U1/><E27/><V108/><F108/><W95/><G33/><T111/><D111/><U132/><E1/><V24/><F85/><W101/><G101/><T19/><D9/><U16/><E90/><V34/><F48/><W128/><G128/><T107/><D107/><U55/><E16/><V96/><F96/><W41/><G15/><N who="0" m="9599" /><D36/><N who="1" m="21639" /><E109/><V97/><F97/><W2/><G2/><T114/><D114/><U125/><E131/><V91/><F78/><W37/><G37/><T44/><D44/><N who="1" m="28007" /><E132/><V28/><F26/><W14/><G14/><T13/><D13/><U83/><E83/><V71/><F99/><W88/><G89/><T20/><D20/><U62/><E115/><V126/><F100/><W53/><G6/><T112/><D112/><U69/><E125/><V117/><F126/><W61/><G31/><T102/><D102/><U50/><E69/><N who="2" m="26123" /><F117/><W7/><G7/><T56/><D46/><U10/><E10/><V74/><F74/><W17/><G29/><T105/><D105/><U93/><E93/><V92/><F92/><W5/><G5/><T72/><D72/><U58/><E58/><V38/><F34/><W8/><G41/><T135/><D135/><U3/><E3/><RYUUKYOKU ba="0,0" sc="264,15,141,15,275,-15,320,-15" hai0="42,43,52,56,79,80,87" hai1="50,55,59,62,63,121,123" /><INIT seed="7,1,0,5,1,110" ten="279,156,260,305" oya="3" hai0="77,54,83,27,19,26,74,112,11,106,53,39,72" hai1="78,32,9,85,47,117,40,14,18,13,6,109,118" hai2="130,21,124,103,15,60,41,31,86,81,129,64,92" hai3="126,70,45,0,132,30,95,127,99,71,122,55,119"/><W23/><G122/><T123/><D123/><U98/><E32/><V115/><F41/><W89/><G119/><N who="1" m="45578" /><E109/><V82/><F124/><N who="3" m="47659" /><G0/><T2/><D39/><N who="1" m="21919" /><E98/><N who="2" m="59847" /><F31/><W56/><G45/><T46/><D112/><U121/><E121/><V111/><F111/><W17/><G30/><T91/><D106/><U94/><E94/><V69/><F21/><W51/><G132/><T66/><D66/><U75/><E75/><V93/><F15/><AGARI ba="1,0" hai="15,17,23,51,55,56,70,71,89,95,99" m="47659" machi="15" ten="30,1500,0" yaku="18,1" doraHai="110" who="3" fromWho="2" sc="279,0,156,0,260,-18,305,18" owari="279,8.0,156,-34.0,242,-16.0,323,42.0" /></mjloggm>