<mjloggm ver="2.3"><GO type="193" lobby="0"/><UN n0="%E3%81%B5%E3%81%89%E3%81%A3%E3%81%B4%E3%83%BC" n1="%E3%83%88%E3%83%88%E3%83%AA%E5%85%88%E7%94%9F%31%39%E6%AD%B3" n2="%E3%81%BC%E3%82%93%E3%81%A0%E3%82%93%E3%81%99" n3="%65%72%69%6E%64" dan="12,12,11,10" rate="1700.54,1845.62,1789.67,1498.00" sx="M,F,M,M"/><TAIKYOKU oya="0"/><INIT seed="0,0,0,0,5,87" ten="250,250,250,250" oya="0" hai0="17,7,132,2,71,92,57,9,89,66,102,47,45" hai1="124,121,67,30,104,50,32,25,69,129,112,29,18" hai2="134,20,16,84,54,83,64,12,122,27,109,6,73" hai3="99,60,59,103,41,131,80,125,97,49,74,43,22"/><T52/><D132/><U120/><E129/><V8/><F134/><W75/><G131/><T13/><D102/><U48/><E124/><V61/><F122/><W24/><G125/><T93/><D71/><U105/><E18/><V36/><F36/><W133/><G133/><T70/><D70/><U107/><E112/><V98/><F73/><W63/><G49/><T26/><D66/><U33/><E67/><V88/><F109/><W3/><G3/><T127/><D127/><U95/><E69/><V111/><F111/><W126/><G126/><T113/><D113/><U38/><E38/><V58/><F98/><N who="3" m="37387" /><G103/><T19/><D2/><U35/><E95/><N who="0" m="36425" /><D89/><U77/><E77/><V14/><REACH who="2" step="1"/><F64/><REACH who="2" ten="250,250,240,250" step="2"/><W110/><G110/><T128/><D128/><U72/><E72/><N who="3" m="27690" /><G80/><T101/><D101/><U123/><REACH who="1" step="1"/><E25/><AGARI ba="0,1" hai="6,8,12,14,16,20,25,27,54,58,61,83,84,88" machi="25" ten="40,8000,1" yaku="1,1,8,1,52,1,54,2,53,0" doraHai="87" doraHaiUra="37" who="2" fromWho="1" sc="250,0,250,-80,240,90,250,0" /><INIT seed="1,0,0,1,0,93" ten="250,170,330,250" oya="1" hai0="54,112,11,100,10,62,41,0,127,83,63,89,95" hai1="15,7,132,91,44,99,47,109,33,81,98,77,22" hai2="56,51,24,26,66,1,121,43,39,48,80,2,94" hai3="104,123,20,90,60,5,38,4,128,64,61,79,117"/><U65/><E33/><V55/><F121/><W115/><G123/><T18/><D112/><U86/><E132/><V101/><F2/><W114/><G38/><T135/><D127/><U118/><E118/><V107/><F1/><W129/><G104/><T73/><D135/><U17/><E109/><V52/><F107/><W19/><G117/><T131/><D131/><N who="3" m="50249" /><G79/><T8/><D0/><U6/><E65/><V105/><F105/><W111/><G111/><T23/><D100/><U110/><E110/><V97/><F66/><W108/><G108/><T82/><D73/><U29/><E29/><V68/><F68/><W49/><G49/><T70/><D41/><U42/><E47/><V28/><F43/><W67/><G90/><T32/><D32/><U50/><E91/><V46/><F39/><W37/><G37/><T119/><D119/><U3/><E3/><V69/><F69/><W116/><G116/><T120/><D120/><U85/><E85/><V12/><F28/><W74/><G74/><T35/><D35/><U16/><E17/><V122/><F122/><W34/><G34/><T40/><D40/><U59/><E59/><V124/><F124/><W96/><G96/><AGARI ba="0,0" hai="6,7,15,16,22,42,44,50,77,81,86,96,98,99" machi="96" ten="40,12000,1" yaku="8,1,52,3,54,1" doraHai="93" who="1" fromWho="3" sc="250,0,170,120,330,0,250,-120" /><INIT seed="1,1,0,2,0,50" ten="250,290,330,130" oya="1" hai0="74,5,132,95,56,135,79,123,20,39,13,72,23" hai1="14,35,53,24,47,119,12,46,85,30,65,0,110" hai2="120,7,1,134,108,125,21,2,16,105,100,52,115" hai3="87,81,55,18,84,33,60,71,27,121,103,91,37"/><U88/><E119/><V106/><F120/><W75/><G121/><T26/><D39/><U97/><E0/><V90/><F90/><N who="3" m="51471" /><G75/><T11/><D123/><U17/><E110/><V83/><F83/><N who="3" m="49663" /><G37/><T126/><D126/><U78/><E65/><V127/><F2/><W6/><G33/><T93/><D56/><U116/><E116/><V10/><F108/><W112/><G112/><T61/><D61/><U29/><E78/><V28/><F115/><W31/><G71/><T34/><D34/><U48/><E97/><V4/><F4/><W54/><G6/><T114/><D114/><U70/><E70/><V76/><F76/><W92/><G60/><T44/><D44/><N who="1" m="27783" /><E35/><V86/><F134/><W49/><G49/><T42/><D42/><U73/><E73/><V109/><F109/><W64/><G64/><T43/><D43/><U124/><E124/><V111/><F111/><W51/><G51/><T25/><D72/><U122/><E122/><V67/><F67/><W131/><G131/><T133/><D79/><U101/><E101/><V128/><F127/><W66/><G66/><T98/><D74/><U113/><E113/><V36/><F36/><W68/><G68/><T104/><D104/><U117/><E117/><V32/><F106/><W80/><G31/><N who="1" m="11786" /><E47/><V8/><F1/><W62/><G62/><T3/><D3/><U22/><E46/><V99/><F125/><W118/><G80/><AGARI ba="1,0" hai="12,14,17,22,24,80,85,88" m="11786,27783" machi="80" ten="30,5800,0" yaku="8,1,52,1,54,1" doraHai="50" who="1" fromWho="3" sc="250,0,290,61,330,0,130,-61" /><INIT seed="1,2,0,5,3,85" ten="250,351,330,69" oya="1" hai0="87,93,21,95,106,48,65,115,111,80,127,123,23" hai1="14,76,135,104,103,94,29,118,72,116,34,32,55" hai2="73,50,117,64,4,15,28,24,131,7,10,1,62" hai3="107,69,68,110,13,83,37,97,18,96,44,53,67"/><U26/><E104/><V112/><F73/><W47/><G110/><T63/><BYE who="3" /><D115/><U59/><E34/><V54/><F117/><W58/><G58/><T16/><D111/><U84/><E72/><UN n3="%65%72%69%6E%64" /><V86/><F112/><W19/><G107/><T25/><D106/><U46/><E135/><V108/><F108/><W56/><G83/><T20/><D127/><U122/><E122/><V113/><F113/><W132/><G132/><T100/><D123/><U134/><E134/><V101/><F101/><W130/><G130/><T78/><D48/><U91/><E103/><V45/><F131/><W114/><G114/><T42/><D42/><U66/><E76/><V71/><F86/><W82/><G82/><BYE who="3" /><T39/><D39/><U90/><E66/><V33/><F7/><UN n3="%65%72%69%6E%64" /><W61/><G13/><T119/><D119/><U3/><E3/><V133/><F1/><W8/><G8/><T120/><D120/><U11/><E46/><N who="3" m="17450" /><G19/><T43/><D43/><U102/><E102/><V105/><F105/><W75/><G18/><T49/><D49/><U51/><REACH who="1" step="1"/><E91/><REACH who="1" ten="250,341,330,69" step="2"/><V79/><F79/><W40/><G75/><T89/><D100/><U98/><E98/><V81/><F133/><W52/><G97/><T92/><REACH who="0" step="1"/><D78/><REACH who="0" ten="240,341,330,69" step="2"/><U99/><E99/><V36/><F36/><W22/><G96/><T129/><D129/><U41/><E41/><V5/><F33/><W12/><G12/><T30/><D30/><U88/><E88/><V31/><F28/><W57/><G22/><T125/><D125/><U70/><E70/><AGARI ba="2,2" hai="16,20,21,23,25,63,65,70,80,87,89,92,93,95" machi="70" ten="40,12000,2" yaku="1,1,52,1,54,1,53,3" doraHai="85" doraHaiUra="17" who="0" fromWho="1" sc="240,146,341,-126,330,0,69,0" /><INIT seed="2,0,0,2,4,85" ten="386,215,330,69" oya="2" hai0="135,78,45,75,15,118,23,60,12,116,112,39,53" hai1="133,67,13,117,92,119,16,115,34,9,21,126,27" hai2="55,101,98,114,123,100,54,81,76,18,3,26,19" hai3="40,103,2,62,122,91,90,121,5,4,70,44,50"/><V87/><F123/><N who="3" m="47115" /><G103/><T134/><D112/><U106/><E106/><V32/><F3/><W128/><G2/><T1/><D1/><U77/><E115/><V51/><F114/><W111/><G111/><T11/><D75/><U8/><E67/><V72/><F72/><W84/><G128/><T43/><D78/><U88/><E133/><N who="0" m="50697" /><D23/><N who="1" m="11663" /><E34/><V28/><F101/><W63/><G84/><T94/><D94/><U82/><E126/><V29/><F29/><W68/><G50/><T65/><D53/><U61/><E119/><N who="0" m="45609" /><D11/><N who="1" m="4171" /><E117/><V33/><F33/><W58/><G44/><T129/><D129/><U0/><E0/><V20/><F51/><W132/><G58/><AGARI ba="0,0" hai="12,15,39,43,45,58,60,65" m="45609,50697" machi="58" ten="30,2000,0" yaku="20,1,12,1" doraHai="85" who="0" fromWho="3" sc="386,20,215,0,330,0,69,-20" /><INIT seed="3,0,0,2,1,96" ten="406,215,330,49" oya="3" hai0="56,44,13,57,109,14,17,113,3,25,104,86,19" hai1="11,131,26,77,120,129,101,98,88,102,87,83,126" hai2="106,108,20,29,132,118,133,12,115,70,27,58,91" hai3="90,124,47,52,55,6,89,18,92,99,50,53,63"/><W30/><G124/><T37/><D109/><U43/><E43/><V100/><F70/><W15/><G30/><T76/><D104/><U75/><E11/><V46/><F46/><W23/><G6/><T39/><D3/><U79/><E26/><V62/><F118/><W9/><G9/><T110/><D110/><U74/><E120/><V64/><F115/><W103/><G103/><N who="1" m="39434" /><E126/><V10/><F108/><W21/><G90/><T121/><D121/><U51/><E51/><V117/><F91/><W33/><G33/><T134/><D134/><U8/><E8/><V38/><F38/><W66/><G23/><T7/><D7/><U16/><E16/><V97/><REACH who="2" step="1"/><F117/><REACH who="2" ten="406,215,320,49" step="2"/><W116/><G116/><T34/><D44/><U94/><E77/><V122/><F122/><W119/><G119/><T65/><D113/><U130/><AGARI ba="0,1" hai="74,75,79,83,87,88,94,98,129,130,131" m="39434" machi="130" ten="40,12000,2" yaku="19,1,34,2,52,3,54,1" doraHai="96" who="1" fromWho="1" sc="406,-30,215,130,320,-30,49,-60" owari="376,47.0,345,15.0,290,-11.0,-11,-51.0" /></mjloggm>