<mjloggm ver="2.3"><GO type="97" lobby="0"/><UN n0="%E3%83%99%E3%83%AB%E3%83%88%E3%83%AD" n1="%E6%98%BC%E4%B8%8B%E3%81%8C%E3%82%8A%E3%81%AE%E5%9B%A3%E5%9C%B0%E5%A6%BB" n2="%E6%B8%85%E6%B0%B4%40%E6%A3%84%E9%BA%BB%E8%BB%8D%E5%9C%98" n3="%E5%B0%B1%E6%B4%BB%E7%94%9F%40%E5%B7%9D%E6%9D%91%E8%BB%8D%E5%9B%A3" dan="13,14,14,15" rate="1843.89,1910.23,1946.95,2054.63" sx="F,F,F,M"/><TAIKYOKU oya="0"/><INIT seed="0,0,0,2,4,105" ten="250,250,250,250" oya="0" hai0="22,111,42,2,4,71,49,118,29,131,127,3,132" hai1="80,129,103,74,119,107,58,69,39,94,53,67,99" hai2="56,31,92,126,64,84,57,108,96,122,47,121,76" hai3="106,82,27,19,36,109,113,8,6,95,21,134,90"/><T117/><D71/><U124/><E119/><V60/><F108/><W114/><G113/><T128/><D42/><U123/><E123/><V1/><F1/><W45/><G109/><T46/><D46/><U48/><E39/><V62/><F126/><W34/><G106/><T61/><D61/><U44/><E69/><V7/><F7/><W41/><G134/><T112/><D49/><U65/><E124/><V97/><F31/><W24/><G114/><T43/><D43/><U18/><E129/><N who="0" m="49737" /><D111/><U51/><E107/><V13/><F13/><W104/><G104/><T130/><D130/><U70/><E70/><V120/><F47/><W0/><G82/><T78/><D78/><U73/><E18/><V30/><F30/><W125/><G125/><T81/><D81/><U79/><REACH who="1" step="1"/><E74/><REACH who="1" ten="250,240,250,250" step="2"/><V38/><F38/><W20/><G34/><T63/><D127/><U77/><E77/><V75/><F75/><W25/><G21/><T100/><D112/><U91/><E91/><V9/><F76/><W28/><G19/><T16/><D29/><U101/><E101/><V85/><F121/><W72/><G72/><T37/><D100/><U116/><E116/><V23/><F120/><W17/><G17/><T10/><D37/><U135/><E135/><V115/><F122/><W5/><G5/><T50/><D132/><U89/><E89/><V11/><F115/><W133/><G133/><T15/><D118/><U93/><E93/><V98/><F97/><AGARI ba="0,1" hai="0,6,8,20,24,25,27,28,36,41,45,90,95,97" machi="97" ten="30,1000,0" yaku="7,1" doraHai="105" who="3" fromWho="2" sc="250,0,240,0,250,-10,250,20" /><INIT seed="1,0,0,5,0,15" ten="250,240,240,270" oya="1" hai0="41,66,114,98,109,51,94,52,97,78,106,67,68" hai1="131,58,14,21,50,129,20,49,56,2,35,125,80" hai2="121,27,115,73,37,34,7,17,103,96,36,30,11" hai3="128,105,43,99,64,77,62,42,116,102,71,16,83"/><U57/><E2/><V120/><F73/><W47/><G128/><N who="1" m="49226" /><E35/><V133/><F17/><W130/><G130/><T135/><D114/><U46/><E125/><V18/><F115/><W23/><G116/><T59/><D135/><U76/><E14/><V122/><F18/><W29/><G29/><T134/><D134/><U4/><E4/><V132/><F133/><W85/><REACH who="3" step="1"/><G47/><REACH who="3" ten="250,240,240,260" step="2"/><T93/><D109/><U89/><E89/><V104/><REACH who="2" step="1"/><F132/><REACH who="2" ten="250,240,230,260" step="2"/><W45/><G45/><T79/><D68/><U61/><E61/><V65/><F65/><W0/><G0/><AGARI ba="0,2" hai="0,7,11,27,30,34,36,37,96,103,104,120,121,122" machi="0" ten="40,8000,1" yaku="1,1,23,2,53,1" doraHai="15" doraHaiUra="5" who="2" fromWho="3" sc="250,0,240,0,230,100,260,-80" /><INIT seed="2,0,0,2,1,2" ten="250,240,330,180" oya="2" hai0="54,23,116,74,24,73,127,20,30,132,130,35,43" hai1="68,93,4,1,129,96,21,133,48,37,42,58,117" hai2="119,82,101,52,128,57,0,63,75,60,107,29,111" hai3="98,95,65,14,15,131,102,108,87,67,49,118,44"/><V72/><F119/><W80/><G118/><T76/><D116/><U8/><E68/><V103/><F0/><W5/><G131/><T71/><D71/><U61/><E129/><V77/><F128/><W36/><G108/><T86/><D130/><U25/><E117/><V16/><F111/><W64/><G36/><T19/><D132/><U18/><E37/><V59/><F72/><W3/><G3/><T7/><D35/><U134/><E42/><V85/><F75/><W99/><G99/><T110/><D110/><U84/><E48/><V92/><F107/><W55/><REACH who="3" step="1"/><G5/><REACH who="3" ten="250,240,330,170" step="2"/><T78/><D7/><U53/><REACH who="1" step="1"/><E84/><REACH who="1" ten="250,230,330,170" step="2"/><V9/><F85/><W39/><G39/><T100/><D86/><U88/><AGARI ba="0,2" hai="1,4,8,18,21,25,53,58,61,88,93,96,133,134" machi="88" ten="30,12000,2" yaku="1,1,2,1,0,1,25,2,52,1,54,1,53,0" doraHai="2" doraHaiUra="123" who="1" fromWho="1" sc="250,-30,230,140,330,-60,170,-30" /><INIT seed="3,0,0,3,5,105" ten="220,370,270,140" oya="3" hai0="57,48,80,121,42,47,66,56,15,94,75,1,62" hai1="38,53,107,2,125,106,84,70,7,41,115,88,104" hai2="12,71,117,89,65,16,55,34,113,77,20,118,22" hai3="21,14,112,128,0,36,24,25,33,10,26,50,95"/><W64/><G36/><T131/><D1/><U99/><E70/><V63/><F34/><W96/><G112/><T101/><D121/><U3/><E115/><V114/><F77/><W54/><G128/><T123/><D123/><U116/><E99/><V67/><F65/><W43/><G33/><T30/><D30/><U27/><E27/><V52/><F113/><W93/><G0/><T72/><D80/><U29/><E29/><V46/><F114/><W19/><G64/><T39/><D131/><U83/><E7/><V122/><F122/><W28/><G43/><T130/><D130/><U119/><E53/><V5/><F5/><W132/><G132/><T133/><D15/><U108/><E125/><V103/><F103/><W69/><G69/><T59/><D133/><U91/><E91/><V35/><F35/><W76/><G76/><T58/><D39/><U4/><E4/><V87/><F22/><W81/><G81/><T110/><D110/><U79/><E79/><V11/><F20/><W85/><G85/><T68/><D59/><U134/><E134/><V13/><F13/><W109/><G95/><T8/><D8/><U17/><E108/><V37/><F37/><W100/><REACH who="3" step="1"/><G109/><REACH who="3" ten="220,370,270,130" step="2"/><T73/><D94/><U74/><E38/><V9/><F117/><W32/><G32/><T129/><D129/><U61/><E41/><V98/><F118/><W126/><G126/><T111/><D111/><U86/><E2/><V49/><F98/><W45/><AGARI ba="0,1" hai="10,14,19,21,24,25,26,28,45,50,54,93,96,100" machi="45" ten="20,7800,0" yaku="1,1,0,1,7,1,8,1,53,0" doraHai="105" doraHaiUra="102" who="3" fromWho="3" sc="220,-26,370,-26,270,-26,130,88" /><INIT seed="3,1,0,5,3,2" ten="194,344,244,218" oya="3" hai0="134,27,92,83,89,85,65,116,79,114,73,110,100" hai1="131,122,6,81,80,29,43,67,9,97,104,130,103" hai2="123,23,58,101,45,74,53,61,46,119,95,36,44" hai3="105,82,49,121,25,107,108,42,1,37,91,52,115"/><W7/><G115/><T5/><D116/><U129/><E122/><V84/><F119/><W66/><G121/><T70/><D114/><U17/><E29/><V69/><F123/><W133/><G66/><T39/><D39/><U90/><E43/><V50/><F74/><W38/><G25/><T31/><D134/><U55/><E67/><V68/><F36/><W96/><G38/><T51/><D110/><U40/><E40/><V88/><F101/><W57/><G133/><T76/><D76/><U18/><E55/><V106/><F106/><W126/><G126/><T64/><D70/><U132/><E132/><V63/><REACH who="2" step="1"/><F23/><REACH who="2" ten="194,344,234,218" step="2"/><W41/><G37/><T0/><D100/><U35/><E35/><V111/><F111/><W98/><G107/><T30/><D30/><U78/><E104/><V33/><F33/><W59/><G105/><T14/><D0/><U102/><E103/><V21/><F21/><W4/><G108/><T99/><D73/><U48/><E102/><V62/><AGARI ba="1,1" hai="44,45,46,50,53,58,61,62,63,68,69,84,88,95" machi="62" ten="30,4000,0" yaku="1,1,0,1,54,1,53,0" doraHai="2" doraHaiUra="15" who="2" fromWho="2" sc="194,-11,344,-11,234,53,218,-21" owari="183,-32.0,333,43.0,287,9.0,197,-20.0" /></mjloggm>