<mjloggm ver="2.3"><GO type="169" lobby="0"/><UN n0="%E3%82%A6%E3%83%AB%E3%83%88%E3%83%A9%E7%AB%8B%E7%9B%B4" n1="%36%31%2E%38%EF%BC%85" n2="%E3%82%86%E3%81%A3%E3%81%8F%E3%82%8A%E5%A6%96%E5%A4%A2" n3="%41%6B%61%2D%75%72%61" dan="16,17,16,17" rate="2118.81,2119.22,2163.61,2178.10" sx="M,M,M,M"/><TAIKYOKU oya="0"/><INIT seed="0,0,0,4,5,70" ten="250,250,250,250" oya="0" hai0="115,0,122,119,118,36,52,1,99,78,48,35,67" hai1="12,21,11,129,51,111,18,16,100,89,126,64,63" hai2="94,53,15,96,32,57,24,128,85,6,68,132,56" hai3="77,76,88,40,31,59,108,75,42,120,84,101,33"/><T14/><D35/><U44/><E111/><V49/><F68/><W93/><G108/><T46/><D122/><U25/><E129/><V92/><F128/><W73/><G120/><T113/><D1/><U37/><E126/><V58/><F132/><W82/><G101/><T10/><D0/><U22/><E100/><V116/><F116/><W79/><G59/><T98/><D118/><U133/><E133/><V30/><F85/><W55/><G55/><T124/><D119/><U9/><E89/><V47/><REACH who="2" step="1"/><F96/><REACH who="2" ten="250,250,240,250" step="2"/><W20/><G75/><T28/><D99/><U71/><REACH who="1" step="1"/><E37/><REACH who="1" ten="250,240,240,250" step="2"/><V19/><F19/><W134/><G134/><T106/><D36/><U54/><AGARI ba="0,2" hai="9,11,12,16,18,21,22,25,44,51,54,63,64,71" machi="54" ten="20,8000,1" yaku="1,1,2,1,0,1,7,1,54,1,53,0" doraHai="70" doraHaiUra="87" who="1" fromWho="1" sc="250,-40,240,100,240,-20,250,-20" /><INIT seed="1,0,0,2,2,91" ten="210,340,220,230" oya="1" hai0="3,23,102,27,117,75,13,77,2,116,26,65,33" hai1="88,110,131,99,47,64,50,59,53,79,90,34,60" hai2="18,95,43,67,123,112,6,46,51,36,14,0,61" hai3="89,19,54,96,86,37,35,71,130,100,29,21,22"/><U135/><E131/><V52/><F123/><W69/><G37/><T30/><D65/><U74/><E34/><V73/><F73/><W31/><G130/><T118/><D77/><U93/><E135/><V80/><F112/><W111/><G111/><T108/><D75/><U87/><E110/><V72/><F72/><W62/><G35/><T104/><D108/><U98/><REACH who="1" step="1"/><E90/><REACH who="1" ten="210,330,220,230" step="2"/><V45/><F46/><W124/><G124/><T5/><D102/><U125/><E125/><V32/><F45/><W68/><G100/><T83/><D104/><U113/><E113/><V134/><F32/><W28/><G89/><T58/><D58/><U105/><E105/><V128/><F134/><W63/><G69/><T92/><D83/><AGARI ba="0,1" hai="47,50,53,59,60,64,74,79,83,87,88,93,98,99" machi="83" ten="40,7700,0" yaku="1,1,52,1,54,1,53,0" doraHai="91" doraHaiUra="16" who="1" fromWho="0" sc="210,-77,330,87,220,0,230,0" /><INIT seed="1,1,0,0,4,6" ten="133,417,220,230" oya="1" hai0="94,71,96,3,127,52,85,105,0,84,123,78,124" hai1="32,53,87,128,59,129,27,68,110,80,23,73,103" hai2="11,56,93,5,91,45,117,92,35,41,60,14,42" hai3="76,58,108,40,48,104,21,69,83,109,121,77,99"/><U19/><E68/><V63/><F117/><W49/><G69/><T64/><D64/><U33/><E73/><V15/><F35/><W132/><G121/><T118/><D71/><U114/><E103/><V90/><F45/><N who="3" m="25639" /><G132/><T125/><D118/><U54/><E114/><V39/><F39/><W8/><G21/><T79/><D0/><U95/><E95/><V111/><F111/><N who="3" m="42571" /><G83/><N who="0" m="47231" /><D3/><U75/><E75/><V100/><F100/><N who="3" m="62495" /><G8/><T82/><D52/><AGARI ba="1,0" hai="49,52,58,76,77" m="62495,42571,25639" machi="52" ten="30,2000,0" yaku="14,1,54,1" doraHai="6" who="3" fromWho="0" sc="133,-23,417,0,220,0,230,23" /><INIT seed="2,0,0,0,1,113" ten="110,417,220,253" oya="2" hai0="89,90,92,134,109,97,80,43,120,37,88,0,50" hai1="130,77,63,53,125,16,64,71,115,35,4,32,61" hai2="94,17,73,12,48,10,84,34,76,41,110,2,81" hai3="26,33,104,103,22,24,96,82,31,28,85,91,47"/><V25/><F110/><W101/><REACH who="3" step="1"/><G103/><REACH who="3" ten="110,417,220,243" step="2"/><T45/><D109/><U19/><E115/><V21/><F34/><W15/><G15/><T78/><D0/><U57/><E35/><V127/><F2/><W6/><G6/><T124/><D120/><U102/><E4/><V20/><F127/><W118/><G118/><T70/><D124/><U39/><E32/><V111/><F111/><W66/><G66/><T7/><D7/><U105/><E64/><V60/><F25/><W99/><G99/><T11/><D134/><U54/><E102/><V40/><F60/><W119/><G119/><T1/><D70/><U75/><E63/><V36/><F36/><W123/><G123/><T112/><D112/><U128/><E39/><V121/><F121/><W5/><G5/><T117/><D117/><U13/><E71/><V67/><F67/><W38/><G38/><T100/><D37/><U49/><E13/><V106/><F106/><W56/><G56/><T65/><D65/><U108/><E105/><V55/><F21/><W107/><G107/><T18/><D1/><U122/><E122/><V62/><F62/><W8/><G8/><T46/><D46/><AGARI ba="0,1" hai="22,24,26,28,31,33,46,47,82,85,91,96,101,104" machi="46" ten="40,2600,0" yaku="21,2,53,0" doraHai="113" doraHaiUra="59" who="3" fromWho="0" sc="110,-26,417,0,220,0,243,36" /><INIT seed="3,0,0,0,4,71" ten="84,417,220,279" oya="3" hai0="98,123,120,7,56,16,38,78,44,84,121,89,58" hai1="55,26,17,22,54,90,111,64,80,112,104,132,1" hai2="3,59,77,53,86,79,12,135,94,88,23,125,4" hai3="119,27,2,85,40,31,74,103,11,109,108,9,21"/><W61/><G74/><T129/><D7/><U99/><E111/><N who="3" m="42570" /><G119/><T60/><D129/><U117/><E1/><V34/><F125/><W47/><G103/><T128/><D128/><U91/><E132/><V37/><F135/><W42/><G2/><T28/><D28/><U63/><E112/><V106/><F106/><W46/><G61/><T20/><D78/><N who="2" m="29706" /><F34/><W133/><G133/><T105/><D98/><U51/><E55/><V43/><F3/><W18/><G85/><T73/><D73/><U10/><E117/><V127/><F127/><W48/><G18/><T29/><D29/><U30/><E99/><V66/><F66/><W96/><G96/><T32/><D105/><U49/><E64/><V33/><F33/><W52/><G42/><T24/><D32/><U19/><E104/><V97/><F97/><W124/><G124/><T122/><N who="0" m="30720" /><DORA hai="114" /><T100/><D100/><U107/><E19/><N who="2" m="10727" /><F4/><W6/><G6/><T69/><D60/><U67/><E63/><V83/><F43/><W92/><G92/><T68/><D68/><U8/><E107/><V110/><F110/><W116/><G116/><T113/><D69/><U95/><E95/><V70/><F70/><W101/><G101/><T57/><D113/><U76/><E30/><V102/><F102/><W62/><G62/><T0/><D0/><U13/><E67/><V45/><F94/><W65/><G65/><T5/><D5/><U87/><E17/><V39/><F45/><W82/><G82/><N who="0" m="49303" /><D44/><U131/><E131/><V130/><F130/><W81/><G81/><T25/><D25/><U75/><E26/><RYUUKYOKU ba="0,0" sc="84,10,417,-30,220,10,279,10" hai0="16,20,24,38,56,57,58" hai2="37,39,53,59,83,86,88" hai3="9,11,21,27,31,40,46,47,48,52" /><INIT seed="3,1,0,3,3,59" ten="94,387,230,289" oya="3" hai0="32,96,125,45,127,43,55,106,115,78,99,46,73" hai1="90,72,5,111,15,53,27,23,63,29,70,110,88" hai2="131,65,135,8,50,122,82,128,21,39,60,52,85" hai3="134,48,67,28,10,1,2,19,49,84,123,76,116"/><W74/><G74/><T20/><D32/><U89/><E72/><V30/><F39/><W56/><G116/><T69/><D115/><U3/><E3/><V104/><F104/><W77/><G123/><T75/><D69/><U97/><E97/><V61/><F122/><W26/><G134/><T11/><D20/><U37/><E37/><V57/><F135/><W62/><G2/><T7/><D55/><U98/><E98/><V113/><F8/><W94/><G1/><T0/><D46/><U95/><E95/><V120/><F113/><W35/><G94/><T112/><D112/><U105/><E105/><V83/><F120/><W54/><G84/><T87/><D87/><U9/><REACH who="1" step="1"/><E53/><REACH who="1" ten="94,377,230,289" step="2"/><V4/><F85/><W16/><G49/><T80/><D75/><U25/><E25/><N who="2" m="16687" /><F65/><AGARI ba="1,1" hai="5,9,15,23,27,29,63,65,70,88,89,90,110,111" machi="65" ten="40,8000,1" yaku="1,1,52,1,54,1,53,1" doraHai="59" doraHaiUra="22" who="1" fromWho="2" sc="94,0,377,93,230,-83,289,0" /><INIT seed="4,0,0,5,5,77" ten="94,470,147,289" oya="0" hai0="19,74,69,65,125,79,57,5,90,96,97,92,40" hai1="11,75,36,61,117,78,122,114,64,103,102,20,44" hai2="98,124,41,133,119,39,34,94,27,1,52,59,55" hai3="63,26,105,128,104,48,120,131,121,99,83,37,108"/><T33/><D125/><U53/><E117/><V50/><F1/><W93/><G37/><T107/><D33/><U132/><E122/><N who="3" m="47210" /><G108/><T49/><D5/><U84/><E20/><V0/><F0/><W42/><G63/><T113/><D113/><U123/><E75/><V101/><F124/><W28/><G48/><T32/><D32/><U8/><E123/><V89/><F119/><W76/><G42/><T86/><D69/><U4/><E11/><V58/><F133/><W106/><G26/><T23/><D107/><U100/><E132/><V135/><F135/><W60/><G60/><N who="0" m="38031" /><D79/><U67/><E114/><V13/><F13/><W62/><G62/><T35/><D74/><U129/><E129/><N who="3" m="49738" /><G28/><T87/><D35/><U38/><E38/><V68/><F68/><W22/><G22/><T6/><D6/><U54/><E61/><V56/><F39/><W47/><G47/><N who="0" m="25831" /><D97/><U15/><E36/><V91/><F27/><AGARI ba="0,0" hai="19,23,27,86,87,90,92,96" m="25831,38031" machi="27" ten="30,1500,0" yaku="8,1" doraHai="77" who="0" fromWho="2" sc="94,15,470,0,147,-15,289,0" /><INIT seed="4,1,0,2,2,100" ten="109,470,132,289" oya="0" hai0="19,88,74,8,47,12,123,113,4,16,66,29,99" hai1="131,124,14,133,63,110,134,90,126,1,52,55,46" hai2="11,76,111,92,30,128,84,103,115,75,77,59,87" hai3="98,72,89,105,121,22,73,51,31,57,36,127,135"/><T94/><D123/><U37/><E1/><V18/><F111/><W2/><G2/><T108/><D108/><U3/><E3/><V91/><F30/><W56/><G36/><T65/><D74/><U23/><E110/><V50/><F115/><W106/><G127/><N who="1" m="48682" /><E90/><V81/><F128/><W67/><G135/><N who="1" m="51722" /><E14/><N who="2" m="7519" /><F75/><W21/><G89/><T125/><D125/><U54/><E23/><V45/><F59/><W9/><G9/><T86/><D113/><U13/><E13/><V107/><F107/><W40/><G51/><T116/><D116/><U112/><E112/><V109/><F109/><W41/><G98/><T69/><D69/><U82/><E82/><V61/><F61/><W44/><G44/><T6/><D6/><U70/><E131/><V62/><F62/><W85/><G85/><T15/><D29/><U26/><E26/><V93/><F93/><W17/><G17/><N who="0" m="6731" /><D15/><U68/><E63/><V48/><F48/><W104/><G31/><T43/><D86/><U80/><E80/><V24/><F24/><W5/><G5/><T122/><D122/><U25/><E25/><V130/><F130/><W119/><G73/><T71/><D71/><N who="1" m="27179" /><E37/><V83/><F83/><W33/><G72/><T95/><D95/><U102/><E102/><V0/><F0/><W53/><G104/><T35/><D35/><U39/><E39/><V114/><F114/><W38/><G38/><T101/><D101/><U20/><E20/><V28/><F28/><W10/><G33/><T118/><D118/><U120/><E120/><V58/><F103/><W96/><G121/><T64/><D64/><RYUUKYOKU ba="1,0" sc="109,15,470,15,132,-15,289,-15" hai0="4,8,12,43,47,65,66,88,94,99" hai1="46,52,54,55" /><INIT seed="4,2,0,5,4,92" ten="124,485,117,274" oya="0" hai0="129,109,117,113,134,85,121,54,78,33,4,12,22" hai1="96,88,10,71,57,79,66,18,24,13,126,56,37" hai2="44,67,63,29,27,16,48,6,107,51,21,90,38" hai3="100,55,25,45,120,95,115,62,83,65,84,53,133"/><T2/><D121/><U30/><E37/><V101/><F6/><W72/><G115/><T40/><D117/><U69/><E126/><V98/><F90/><W125/><G125/><T68/><D113/><U104/><E79/><V75/><F75/><W43/><G133/><T42/><D68/><U131/><E131/><V32/><F38/><W128/><G72/><T119/><D119/><U94/><E104/><V105/><F107/><W36/><G128/><T52/><D33/><U122/><E122/><V49/><F44/><W5/><G5/><T26/><D2/><U82/><E82/><V111/><F111/><W114/><G114/><T59/><D134/><U135/><E135/><V7/><F7/><W23/><G120/><T35/><D35/><U87/><E57/><V3/><F3/><W58/><G95/><T47/><D109/><U8/><E8/><V81/><F81/><W73/><G73/><T1/><D1/><U14/><E14/><V86/><F86/><W60/><G100/><T93/><D47/><U118/><E118/><V0/><F0/><W20/><G60/><N who="0" m="35943" /><D54/><U61/><E87/><V127/><F127/><W112/><G112/><T41/><D129/><U99/><E69/><N who="2" m="42239" /><F49/><W130/><G130/><T76/><D93/><U123/><E71/><V50/><F50/><N who="3" m="31095" /><G53/><T97/><D97/><N who="1" m="57543" /><E123/><V70/><F70/><N who="3" m="42295" /><G25/><AGARI ba="2,0" hai="16,21,25,27,29,32,48,51,98,101,105" m="42239" machi="25" ten="30,3900,0" yaku="25,1,52,1,54,1" doraHai="92" who="2" fromWho="3" sc="124,0,485,0,117,45,274,-45" /><INIT seed="5,0,0,5,1,30" ten="124,485,162,229" oya="1" hai0="53,61,131,82,24,80,15,36,49,29,110,96,116" hai1="69,64,14,102,71,60,43,44,56,48,117,38,97" hai2="91,23,114,75,107,105,130,55,135,89,99,129,103" hai3="100,62,51,125,13,124,32,21,72,87,132,123,63"/><U0/><E0/><V86/><F23/><W109/><G109/><T8/><D36/><U4/><E117/><V77/><F55/><W20/><G72/><T52/><D110/><U46/><E4/><V81/><F135/><W128/><G123/><T31/><D131/><N who="2" m="50186" /><F107/><W65/><G128/><T127/><D127/><N who="3" m="48713" /><G100/><T35/><D31/><U133/><E14/><V94/><F91/><W84/><G65/><T121/><D116/><U26/><E26/><V90/><F90/><W54/><G32/><T9/><D121/><U112/><E97/><V68/><F68/><W111/><G111/><T83/><D96/><U78/><E78/><V19/><F19/><N who="3" m="10351" /><G21/><T79/><D79/><U88/><E88/><V92/><F114/><W67/><G132/><T113/><D113/><U57/><E102/><V104/><AGARI ba="0,0" hai="75,77,81,86,89,92,94,99,103,104,105" m="50186" machi="104" ten="30,4000,0" yaku="19,1,34,2" doraHai="30" who="2" fromWho="2" sc="124,-10,485,-20,162,40,229,-10" /><INIT seed="6,0,0,0,1,58" ten="114,465,202,219" oya="2" hai0="82,106,128,33,89,68,99,97,23,130,117,93,40" hai1="8,116,131,59,100,134,81,115,26,85,75,13,114" hai2="120,35,60,16,31,78,56,84,0,86,5,30,80" hai3="52,28,38,10,96,132,4,76,72,108,17,32,118"/><V123/><F84/><W121/><G38/><T107/><D33/><U125/><E75/><V113/><F113/><W62/><G118/><T77/><D40/><U71/><E71/><V14/><F0/><W25/><G108/><T21/><D68/><U34/><E116/><V6/><F120/><W79/><G121/><T3/><D21/><U39/><E100/><V103/><F103/><W37/><G37/><T46/><D23/><U9/><E39/><V129/><F129/><N who="0" m="49770" /><D46/><U65/><E134/><V104/><F104/><N who="0" m="39978" /><D3/><U98/><E125/><V90/><F78/><W41/><G41/><T74/><D117/><U51/><E85/><AGARI ba="0,0" hai="74,77,82,85,89,93,97,99" m="39978,49770" machi="85" ten="30,3900,0" yaku="19,1,34,2" doraHai="58" who="0" fromWho="1" sc="114,39,465,-39,202,0,219,0" /><INIT seed="7,0,0,4,5,109" ten="153,426,202,219" oya="3" hai0="60,14,33,84,1,133,37,83,67,105,94,9,121" hai1="34,57,25,87,99,95,32,18,56,98,76,3,91" hai2="31,78,124,135,39,62,96,36,70,50,123,17,128" hai3="27,46,26,101,106,85,127,30,8,92,65,75,77"/><W13/><G65/><T89/><D121/><U6/><E3/><V22/><F123/><W93/><G127/><T125/><D125/><U110/><E6/><V16/><F124/><W12/><G75/><T38/><D133/><U54/><E57/><V107/><F135/><W61/><G61/><T88/><D105/><U42/><E42/><V47/><F128/><W126/><G126/><T102/><D33/><U97/><E76/><V117/><F117/><W15/><G106/><T7/><D1/><U112/><E112/><V69/><F78/><W73/><G73/><T11/><D11/><U19/><E110/><V64/><F70/><W114/><G114/><T130/><D130/><U131/><E131/><V53/><F31/><W132/><G132/><T51/><D51/><N who="1" m="30815" /><E32/><V79/><F79/><W86/><G77/><T118/><D118/><U48/><E34/><V28/><F28/><W29/><G46/><T40/><D40/><U116/><E116/><V24/><REACH who="2" step="1"/><F17/><REACH who="2" ten="153,426,192,219" step="2"/><N who="1" m="6153" /><E25/><V90/><F90/><W35/><G8/><T0/><D0/><U49/><AGARI ba="0,1" hai="48,49,87,91,95,97,98,99" m="6153,30815" machi="49" ten="30,1100,0" yaku="8,1" doraHai="109" who="1" fromWho="1" sc="153,-3,426,21,192,-3,219,-5" owari="150,-35.0,447,55.0,189,-21.0,214,1.0" /></mjloggm>