<mjloggm ver="2.3"><GO type="97" lobby="0"/><UN n0="%E3%81%A8%E3%81%97%E3%81%8B%E3%81%9A" n1="%E5%B0%B1%E6%B4%BB%E7%94%9F%40%E5%B7%9D%E6%9D%91%E8%BB%8D%E5%9B%A3" n2="%E9%BB%92%E4%BA%95%EF%BC%A0%E8%A3%8F" n3="%E7%82%8E%E3%83%8E%E6%9C%B1%E9%9B%80" dan="13,15,14,15" rate="1926.03,2016.47,1952.29,1957.37" sx="M,M,M,M"/><TAIKYOKU oya="0"/><INIT seed="0,0,0,2,0,10" ten="250,250,250,250" oya="0" hai0="39,110,32,101,83,97,81,80,15,135,0,59,114" hai1="95,9,86,75,23,90,12,132,2,24,102,34,57" hai2="118,71,69,25,55,29,103,48,130,125,93,129,68" hai3="40,52,4,106,22,45,117,74,113,127,72,61,38"/><T84/><D114/><U14/><E75/><V77/><F118/><W31/><G113/><T1/><D39/><U87/><E132/><V116/><F116/><W109/><G106/><T96/><D32/><U79/><E2/><V104/><F77/><W41/><G117/><T13/><D135/><U89/><E34/><V99/><F125/><W94/><G127/><T58/><D110/><U47/><E102/><V20/><REACH who="2" step="1"/><F104/><REACH who="2" ten="250,250,240,250" step="2"/><W35/><G109/><T3/><D84/><U76/><E47/><AGARI ba="0,1" hai="20,25,29,47,48,55,68,69,71,93,99,103,129,130" machi="47" ten="40,2600,0" yaku="1,1,2,1,53,0" doraHai="10" doraHaiUra="33" who="2" fromWho="1" sc="250,0,250,-26,240,36,250,0" /><INIT seed="1,0,0,3,2,21" ten="250,224,276,250" oya="1" hai0="4,88,107,60,132,103,9,5,32,58,6,95,48" hai1="123,16,126,77,99,19,133,120,51,37,54,80,17" hai2="134,102,46,59,62,36,24,3,2,97,0,38,71" hai3="31,34,7,22,47,44,83,72,105,43,12,91,27"/><U29/><E37/><V110/><F110/><W100/><G100/><T40/><D132/><U75/><E133/><V87/><F71/><W131/><G105/><T8/><D32/><U78/><E126/><V125/><F134/><W39/><G131/><T96/><D48/><U114/><E114/><V76/><F46/><W101/><G101/><T64/><REACH who="0" step="1"/><D40/><REACH who="0" ten="240,224,276,250" step="2"/><U61/><E61/><V82/><F125/><W129/><G43/><T135/><D135/><U85/><E99/><AGARI ba="0,1" hai="4,5,6,8,9,58,60,64,88,95,96,99,103,107" machi="99" ten="40,8000,1" yaku="1,1,54,1,53,2" doraHai="21" doraHaiUra="94" who="0" fromWho="1" sc="240,90,224,-80,276,0,250,0" /><INIT seed="2,0,0,2,2,113" ten="330,144,276,250" oya="2" hai0="79,65,7,50,9,86,64,33,17,36,126,3,59" hai1="73,27,18,29,44,77,39,96,41,117,120,10,19" hai2="52,105,23,20,47,31,30,85,57,48,112,135,25" hai3="71,128,97,104,93,121,76,84,56,2,15,13,107"/><V60/><F105/><W22/><G71/><T70/><D36/><U95/><E120/><V131/><F112/><W87/><G2/><T82/><D33/><U37/><E37/><V109/><F131/><W42/><G121/><T80/><D126/><U26/><E26/><V92/><F135/><W89/><G128/><T16/><D70/><U28/><E28/><V6/><F6/><W68/><G68/><T110/><D110/><U116/><E77/><V51/><F109/><W130/><G130/><T21/><D17/><U1/><E73/><V114/><F114/><W106/><G42/><T72/><D50/><U134/><E134/><V58/><F92/><W100/><G56/><T38/><D59/><U91/><E19/><V81/><F30/><W11/><G22/><T32/><D38/><U123/><E123/><V108/><F108/><W62/><G62/><T43/><D43/><U75/><E75/><V101/><F101/><W5/><G15/><T88/><REACH who="0" step="1"/><D32/><REACH who="0" ten="320,144,276,250" step="2"/><U67/><E67/><V69/><F69/><W14/><G5/><T55/><D55/><U83/><E83/><V54/><F23/><W74/><G11/><T12/><AGARI ba="0,1" hai="3,7,9,12,16,21,64,65,72,79,80,82,86,88" machi="12" ten="20,8000,1" yaku="1,1,0,1,7,1,54,2,53,0" doraHai="113" doraHaiUra="46" who="0" fromWho="0" sc="320,90,144,-20,276,-40,250,-20" /><INIT seed="3,0,0,1,5,33" ten="410,124,236,230" oya="3" hai0="87,96,129,26,41,95,103,119,102,29,12,30,66" hai1="94,98,116,75,91,43,112,69,120,114,132,52,45" hai2="8,57,72,101,16,107,15,74,130,17,20,55,10" hai3="59,42,49,89,21,131,13,1,128,51,6,124,38"/><W54/><G38/><T23/><D119/><U7/><E69/><V82/><F130/><N who="3" m="49707" /><G124/><T83/><D129/><U106/><E120/><V76/><F74/><W93/><G42/><T108/><D108/><U110/><E116/><V3/><F107/><W56/><G1/><T63/><D41/><U109/><E75/><V97/><F101/><W64/><G64/><T115/><D115/><U123/><E123/><V32/><F97/><N who="3" m="57519" /><G6/><T113/><D113/><U35/><E35/><V22/><F32/><W37/><G37/><T84/><D103/><U71/><E71/><V19/><F3/><W121/><G121/><T2/><D2/><U100/><E132/><V48/><F19/><N who="3" m="10479" /><G51/><T39/><D39/><U92/><E106/><V44/><F8/><W122/><G122/><T24/><D83/><U61/><E112/><V81/><F81/><W40/><G40/><T4/><D4/><U47/><E114/><V104/><F104/><W77/><G77/><T34/><D12/><U111/><E7/><V127/><F127/><W118/><G118/><T80/><D80/><U28/><E28/><V67/><F17/><W90/><G90/><T65/><D66/><U105/><E105/><V9/><F9/><W125/><G125/><T58/><AGARI ba="0,0" hai="23,24,26,29,30,34,58,63,65,84,87,95,96,102" machi="58" ten="20,5200,0" yaku="0,1,7,1,25,2" doraHai="33" who="0" fromWho="0" sc="410,52,124,-13,236,-13,230,-26" owari="462,57.0,111,-39.0,223,2.0,204,-20.0" /></mjloggm>