<mjloggm ver="2.3"><GO type="97" lobby="0"/><UN n0="%E8%B5%A4%E3%81%AE%E6%B4%9E%E7%AA%9F" n1="%E5%B0%B1%E6%B4%BB%E7%94%9F%40%E5%B7%9D%E6%9D%91%E8%BB%8D%E5%9B%A3" n2="%E3%82%86%E3%81%86%36%36%36%36%36%36" n3="%E3%82%88%E3%83%BC%E3%81%90%E3%82%8B%E3%81%A8" dan="15,16,14,15" rate="1973.50,2107.73,1942.32,2000.84" sx="M,M,M,M"/><TAIKYOKU oya="0"/><INIT seed="0,0,0,2,5,131" ten="250,250,250,250" oya="0" hai0="104,53,106,25,14,81,126,116,72,65,55,75,32" hai1="28,35,67,102,76,113,87,40,34,50,109,125,71" hai2="97,95,101,128,103,15,5,42,70,94,62,118,127" hai3="33,88,37,68,115,93,8,10,3,85,46,43,59"/><T6/><D116/><U96/><E113/><V117/><F128/><W4/><G115/><T11/><D126/><U0/><E0/><V22/><F127/><W134/><G68/><T132/><D65/><U83/><E125/><V91/><F42/><W123/><G33/><T64/><D64/><U51/><E109/><V129/><F129/><W52/><G123/><T135/><D104/><U112/><E112/><V44/><F44/><W31/><G31/><N who="0" m="19567" /><D106/><U41/><E51/><V92/><F62/><W56/><G10/><T133/><D81/><U86/><E86/><V24/><F70/><W9/><G9/><T108/><D108/><U60/><E50/><V121/><F121/><W124/><G124/><T29/><D29/><U19/><E19/><V69/><F69/><W18/><G18/><T48/><D55/><U20/><E20/><V21/><F118/><W1/><G3/><T79/><D79/><U7/><E7/><V49/><F117/><W36/><G37/><T120/><D120/><U26/><REACH who="1" step="1"/><E34/><REACH who="1" ten="250,240,250,250" step="2"/><V111/><F49/><W58/><REACH who="3" step="1"/><G134/><REACH who="3" ten="250,240,250,240" step="2"/><T119/><D119/><U114/><E114/><V130/><F22/><W78/><G78/><T54/><D54/><AGARI ba="0,2" hai="1,4,8,36,43,46,52,54,56,58,59,85,88,93" machi="54" ten="40,5200,0" yaku="1,1,54,2,53,0" doraHai="131" doraHaiUra="57" who="3" fromWho="0" sc="250,-52,240,0,250,0,240,72" /><INIT seed="1,0,0,1,3,33" ten="198,240,250,312" oya="1" hai0="14,34,95,74,43,16,87,31,125,130,10,114,122" hai1="40,56,120,77,94,55,76,64,4,58,92,3,21" hai2="35,90,106,104,128,66,102,52,9,48,8,7,11" hai3="71,81,20,89,123,50,134,101,18,107,27,109,70"/><U32/><E120/><V75/><F75/><W111/><G123/><T93/><D74/><U54/><E32/><V124/><F35/><W49/><G107/><T1/><D122/><U132/><E132/><V15/><F66/><W135/><G101/><T131/><D114/><U28/><E64/><V97/><F106/><W117/><G117/><T62/><D125/><U26/><E40/><V6/><F124/><W115/><G115/><T30/><D43/><U69/><E69/><N who="3" m="26122" /><G81/><T67/><D1/><U79/><E4/><V84/><F7/><W85/><G85/><T47/><D47/><U116/><E3/><V36/><F36/><W53/><G89/><N who="0" m="53439" /><D95/><U86/><E86/><V57/><REACH who="2" step="1"/><F128/><REACH who="2" ten="198,240,240,312" step="2"/><N who="0" m="49194" /><D34/><U99/><E116/><V41/><F41/><W60/><G135/><T51/><D51/><N who="1" m="30815" /><E99/><V126/><F126/><W45/><G50/><AGARI ba="0,1" hai="21,26,28,50,55,58,76,77,79,92,94" m="30815" machi="50" ten="30,1500,0" yaku="8,1" doraHai="33" who="1" fromWho="3" sc="198,0,240,25,240,0,312,-15" /><INIT seed="1,1,0,3,2,15" ten="198,265,240,297" oya="1" hai0="44,109,51,49,55,21,127,102,90,7,20,59,134" hai1="116,1,50,61,128,92,96,79,72,12,124,36,65" hai2="101,77,38,30,13,52,89,34,122,58,63,103,53" hai3="0,69,71,106,104,111,100,115,93,82,25,45,91"/><U130/><E36/><V81/><F38/><W117/><G115/><T70/><D70/><U84/><E1/><V23/><F122/><W132/><G0/><T46/><D109/><U2/><E2/><V83/><F34/><W37/><G111/><T27/><D134/><U41/><E116/><V56/><F77/><W47/><G132/><T16/><D127/><U32/><E32/><V42/><F42/><W43/><G71/><T99/><D90/><U87/><E124/><V97/><F89/><W29/><G69/><T6/><D21/><U105/><E105/><V112/><F112/><W126/><G126/><T73/><D73/><U114/><E114/><V94/><F101/><W113/><G113/><T85/><D85/><U33/><E33/><V76/><F76/><W3/><G3/><T11/><D11/><U118/><E118/><V95/><F95/><W64/><G64/><T19/><D19/><U131/><E72/><V86/><F86/><W80/><G117/><T75/><D75/><U10/><E50/><V24/><REACH who="2" step="1"/><F13/><REACH who="2" ten="198,265,230,297" step="2"/><W74/><G106/><T60/><D102/><N who="1" m="60679" /><E41/><V78/><F78/><W8/><G104/><T4/><D99/><U125/><E79/><V17/><F17/><W26/><G74/><T9/><D9/><U129/><E125/><V133/><F133/><W57/><G100/><T14/><D14/><U135/><E135/><V48/><AGARI ba="1,1" hai="23,24,30,48,52,53,56,58,63,81,83,94,97,103" machi="48" ten="20,8000,1" yaku="1,1,0,1,7,1,8,1,54,1,53,0" doraHai="15" doraHaiUra="110" who="2" fromWho="2" sc="198,-21,265,-41,230,93,297,-21" /><INIT seed="2,0,0,0,3,92" ten="177,224,323,276" oya="2" hai0="64,131,24,31,99,29,54,103,62,77,58,47,118" hai1="46,30,120,60,122,49,10,22,7,53,36,112,18" hai2="3,91,100,6,9,23,128,121,43,45,124,11,28" hai3="72,32,71,111,119,42,13,38,70,104,26,35,19"/><V48/><F121/><N who="1" m="46697" /><E112/><V75/><F75/><W135/><G119/><T66/><D118/><U40/><E30/><V20/><F128/><W21/><G72/><T130/><D77/><U69/><E69/><V25/><F124/><W34/><G104/><T67/><D47/><N who="1" m="23943" /><E60/><V101/><F11/><W129/><G111/><T76/><D76/><U97/><E97/><V86/><REACH who="2" step="1"/><F23/><REACH who="2" ten="177,224,313,276" step="2"/><W126/><G21/><T113/><D113/><U8/><E7/><V44/><F44/><W132/><G126/><T125/><D125/><U5/><E5/><V39/><F39/><W59/><G129/><T115/><D115/><U107/><E107/><V134/><F134/><W0/><G135/><T4/><D131/><U15/><AGARI ba="0,1" hai="8,10,15,18,22,46,49,53" m="23943,46697" machi="15" ten="30,1100,0" yaku="13,1" doraHai="92" who="1" fromWho="1" sc="177,-3,224,21,313,-5,276,-3" /><INIT seed="3,0,0,4,0,23" ten="174,245,308,273" oya="3" hai0="95,11,70,25,38,2,85,129,52,15,75,84,4" hai1="94,63,43,117,48,112,56,124,123,97,121,7,41" hai2="42,68,71,73,79,62,135,49,87,132,58,107,32" hai3="26,10,66,76,111,55,24,96,37,108,109,45,29"/><W130/><G130/><T54/><D75/><U106/><E106/><V128/><F32/><W122/><G122/><T118/><D70/><U9/><E112/><V72/><F107/><W20/><G76/><T16/><D38/><U82/><E117/><V89/><F79/><W99/><G66/><T101/><D118/><U19/><E124/><V13/><F128/><W69/><G69/><N who="2" m="26697" /><F13/><W44/><G10/><T93/><D129/><U116/><E116/><V64/><F49/><N who="3" m="29095" /><G26/><T77/><D2/><U22/><E82/><N who="2" m="49399" /><F42/><AGARI ba="0,0" hai="20,24,29,37,42,45,96,99,108,109,111" m="29095" machi="42" ten="30,5800,0" yaku="14,1,10,1,52,1" doraHai="23" who="3" fromWho="2" sc="174,0,245,0,308,-58,273,58" owari="174,-33.0,245,-15.0,250,5.0,331,43.0" /></mjloggm>