<mjloggm ver="2.3"><GO type="169" lobby="0"/><UN n0="%E3%81%82%E3%81%B2%E3%82%8B%E3%81%95%E3%82%93" n1="%E3%82%AB%E3%83%A9%E3%82%B9%E3%81%AE%E5%AD%90" n2="%E3%82%BF%E3%83%8A%E3%82%AE" n3="%E5%B0%B1%E6%B4%BB%E7%94%9F%40%E5%B7%9D%E6%9D%91%E8%BB%8D%E5%9B%A3" dan="16,16,19,17" rate="2065.54,2160.17,2240.38,2146.61" sx="M,M,M,M"/><TAIKYOKU oya="0"/><INIT seed="0,0,0,4,5,40" ten="250,250,250,250" oya="0" hai0="108,82,41,135,69,112,123,42,74,36,85,73,51" hai1="44,72,20,33,89,12,54,62,77,99,79,55,92" hai2="1,80,53,96,9,56,81,101,64,60,10,52,131" hai3="134,86,34,83,78,2,58,102,127,118,37,3,117"/><T5/><D112/><U14/><E33/><V15/><F131/><W121/><G37/><T97/><D123/><U87/><E72/><V50/><F1/><W66/><G34/><T100/><D69/><U32/><E32/><V19/><F9/><W30/><G30/><T130/><D135/><U4/><E4/><V113/><F113/><W105/><G127/><T59/><D130/><U29/><E29/><V13/><F13/><N who="1" m="5225" /><E20/><V93/><REACH who="2" step="1"/><F53/><REACH who="2" ten="250,250,240,250" step="2"/><W111/><G2/><T125/><D5/><U126/><E126/><V68/><AGARI ba="0,1" hai="10,15,19,50,52,56,60,64,68,80,81,93,96,101" machi="68" ten="20,8000,1" yaku="1,1,2,1,0,1,7,1,54,1,53,0" doraHai="40" doraHaiUra="23" who="2" fromWho="2" sc="250,-40,250,-20,240,90,250,-20" /><INIT seed="1,0,0,4,5,44" ten="210,230,330,230" oya="1" hai0="119,123,92,132,28,34,24,60,18,64,6,40,22" hai1="104,76,114,85,0,68,84,74,124,8,42,112,32" hai2="118,23,121,108,58,50,73,26,14,65,122,130,19" hai3="48,69,96,115,49,29,55,30,46,71,116,98,62"/><U21/><E32/><V51/><F73/><W109/><G115/><T93/><D119/><U4/><E124/><V103/><F118/><W117/><G109/><T95/><D132/><U15/><E104/><V83/><F108/><W78/><G78/><T37/><D123/><U41/><E68/><V1/><F1/><W12/><G12/><T66/><D6/><U52/><E74/><V27/><F130/><W36/><G36/><T33/><D37/><U133/><E133/><V45/><F103/><W90/><G90/><T102/><D34/><U75/><E75/><V88/><F121/><W87/><G87/><T63/><D40/><U57/><E114/><V126/><F126/><W25/><G62/><T17/><D63/><N who="1" m="36263" /><E0/><V72/><F122/><W54/><REACH who="3" step="1"/><G46/><REACH who="3" ten="210,230,330,220" step="2"/><T5/><D60/><U134/><E112/><V39/><F39/><W94/><G94/><T9/><D93/><U86/><E134/><V113/><F113/><W70/><G70/><T61/><D95/><U100/><E76/><V77/><F88/><W79/><G79/><T47/><D47/><U89/><E89/><V125/><F125/><W105/><G105/><T101/><D92/><U128/><E128/><V3/><F3/><W110/><G110/><T20/><D61/><U129/><E129/><V67/><F45/><W80/><G80/><T16/><D66/><N who="2" m="25098" /><F58/><W107/><G107/><T31/><D64/><U111/><E111/><V11/><F72/><W13/><G13/><N who="0" m="5295" /><D102/><U81/><E100/><V2/><F77/><W82/><G82/><T106/><D101/><U97/><E97/><V38/><BYE who="1" /><F2/><RYUUKYOKU ba="0,1" sc="210,-10,230,-10,330,-10,220,30" hai3="25,29,30,48,49,54,55,69,71,96,98,116,117" /><UN n1="%E3%82%AB%E3%83%A9%E3%82%B9%E3%81%AE%E5%AD%90" /><INIT seed="2,1,1,5,5,104" ten="200,220,320,250" oya="2" hai0="56,7,58,29,65,109,36,129,52,31,78,89,130" hai1="38,132,67,66,107,40,16,10,20,28,18,128,118" hai2="8,0,105,19,80,33,119,86,114,37,125,14,83" hai3="68,82,46,27,55,12,87,62,110,94,54,81,39"/><V88/><F114/><W116/><G110/><T95/><D36/><U35/><E118/><V13/><F119/><W47/><G116/><T96/><D109/><U101/><E132/><V49/><F37/><W76/><G39/><T93/><D7/><U102/><E128/><V4/><F125/><W123/><G123/><T79/><D65/><U112/><E112/><V15/><F105/><W48/><G68/><T17/><D17/><U91/><E35/><V41/><F33/><W53/><G27/><T99/><REACH who="0" step="1"/><D89/><REACH who="0" ten="190,220,320,250" step="2"/><U43/><E91/><V108/><F108/><W9/><G62/><T100/><D100/><U1/><E38/><V77/><F19/><W51/><G94/><T126/><D126/><U103/><E102/><V74/><REACH who="2" step="1"/><F0/><REACH who="2" ten="190,220,310,250" step="2"/><W70/><G70/><T124/><D124/><U32/><E1/><V122/><F122/><W2/><G2/><T57/><D57/><U97/><E18/><V75/><F75/><W34/><G47/><AGARI ba="1,3" hai="4,8,13,14,15,41,47,49,74,77,80,83,86,88" machi="47" ten="40,7700,0" yaku="1,1,52,1,54,1,53,0" doraHai="104" doraHaiUra="71" who="2" fromWho="3" sc="190,0,220,0,310,110,250,-80" /><INIT seed="2,2,0,2,4,37" ten="190,220,420,170" oya="2" hai0="22,12,28,67,1,15,84,98,95,4,13,45,106" hai1="59,73,72,135,40,69,94,116,65,101,130,109,18" hai2="76,53,126,33,87,8,34,61,89,54,85,35,0" hai3="79,97,103,104,93,29,132,25,51,125,90,127,7"/><V3/><F76/><W16/><G7/><T102/><D67/><U83/><E116/><V112/><F112/><W134/><G79/><T41/><D1/><U50/><E69/><V64/><F126/><N who="3" m="48139" /><G51/><T49/><D4/><U5/><E109/><V107/><F107/><W17/><G29/><T32/><D32/><U92/><E135/><N who="3" m="51754" /><G25/><N who="0" m="16439" /><D106/><U26/><E5/><V24/><F24/><W10/><G10/><T99/><D99/><AGARI ba="2,0" hai="16,17,90,93,97,99,103,104" m="51754,48139" machi="99" ten="30,3900,0" yaku="18,1,20,1,54,1" doraHai="37" who="3" fromWho="0" sc="190,-45,220,0,420,0,170,45" /><INIT seed="3,0,0,5,1,94" ten="145,220,420,215" oya="3" hai0="107,96,121,65,35,79,40,133,16,14,17,37,25" hai1="4,42,53,102,56,74,47,87,127,27,103,111,31" hai2="120,2,83,124,99,100,78,41,130,10,30,5,85" hai3="18,48,68,0,76,110,39,44,115,75,77,81,49"/><W64/><G115/><T46/><D121/><U32/><E74/><V116/><F130/><W3/><G110/><T93/><D107/><U58/><E111/><V97/><F124/><W38/><G76/><T82/><D133/><U128/><E128/><V21/><F116/><W13/><G48/><T80/><D65/><U123/><E123/><V125/><F125/><W54/><G64/><T86/><D82/><U20/><E127/><V114/><F114/><W132/><G68/><T104/><D104/><U135/><E135/><V92/><F120/><W62/><G62/><T29/><REACH who="0" step="1"/><D14/><REACH who="0" ten="135,220,420,215" step="2"/><U7/><E103/><AGARI ba="0,1" hai="16,17,25,29,35,37,40,46,79,80,86,93,96,103" machi="103" ten="30,8000,1" yaku="1,1,2,1,7,1,52,1,54,1,53,0" doraHai="94" doraHaiUra="119" who="0" fromWho="1" sc="135,90,220,-80,420,0,215,0" /><INIT seed="4,0,0,3,1,103" ten="225,140,420,215" oya="0" hai0="14,86,83,126,63,113,28,68,33,105,122,102,90" hai1="81,60,35,128,27,93,56,85,74,54,48,129,112" hai2="127,11,116,67,78,39,52,22,53,104,115,0,65" hai3="50,8,49,82,34,88,89,92,111,38,2,59,16"/><T97/><D122/><U80/><E74/><V36/><F78/><W119/><G38/><T40/><D113/><U109/><E109/><V29/><F115/><W30/><G111/><T77/><D126/><U62/><E112/><V46/><F104/><W133/><G133/><T64/><D40/><U100/><E100/><V101/><F101/><W114/><G114/><T21/><D14/><U41/><E93/><V5/><F127/><W76/><G119/><T73/><D21/><U23/><E35/><V42/><F36/><W3/><G34/><T71/><D68/><U69/><E69/><V6/><F6/><W131/><G30/><T66/><D66/><U19/><E81/><V96/><F96/><W132/><G132/><T87/><REACH who="0" step="1"/><D90/><REACH who="0" ten="215,140,420,215" step="2"/><U47/><REACH who="1" step="1"/><E60/><REACH who="1" ten="215,130,420,215" step="2"/><V135/><F135/><W123/><G123/><T10/><D10/><U110/><E110/><V13/><F11/><W94/><G8/><T9/><D9/><U31/><E31/><V134/><F29/><W26/><G3/><T95/><D95/><U18/><E18/><V125/><F134/><W58/><G2/><T79/><D79/><AGARI ba="0,2" hai="19,23,27,41,47,48,54,56,62,79,80,85,128,129" machi="79" ten="40,1300,0" yaku="1,1,53,0" doraHai="103" doraHaiUra="117" who="1" fromWho="0" sc="215,-13,130,33,420,0,215,0" /><INIT seed="5,0,0,1,0,102" ten="202,163,420,215" oya="1" hai0="49,101,54,59,71,42,62,57,133,90,6,94,127" hai1="47,36,30,26,39,5,130,134,60,40,125,24,104" hai2="76,83,4,23,109,126,122,28,69,48,44,107,78" hai3="112,18,63,111,34,0,72,73,61,25,119,37,20"/><U115/><E36/><V81/><F109/><W27/><G37/><T55/><D133/><U12/><E134/><V113/><F69/><W14/><G111/><T68/><D127/><U131/><E125/><V87/><F126/><W8/><G112/><T114/><D114/><U105/><E115/><V92/><F113/><W79/><G119/><T82/><D6/><U95/><E95/><V96/><F107/><W70/><G27/><T64/><D42/><U129/><E60/><V77/><F122/><W67/><G63/><T74/><D64/><U124/><E124/><V116/><F4/><N who="3" m="1031" /><G79/><T66/><D74/><U108/><E108/><V121/><F116/><W53/><G53/><T98/><D66/><U45/><E47/><V3/><F3/><W52/><G52/><T46/><D46/><U117/><E117/><V80/><F121/><W51/><G51/><T106/><REACH who="0" step="1"/><D82/><REACH who="0" ten="192,163,420,215" step="2"/><U31/><E5/><V88/><F81/><W16/><G18/><T132/><D132/><U11/><E11/><V100/><F80/><W118/><G118/><T58/><D58/><U123/><E123/><V21/><F28/><AGARI ba="0,1" hai="14,16,20,25,28,34,61,67,70,72,73" m="1031" machi="28" ten="30,2000,0" yaku="24,1,54,1" doraHai="102" who="3" fromWho="2" sc="192,0,163,0,420,-20,215,30" /><INIT seed="6,0,0,5,5,31" ten="192,163,400,245" oya="2" hai0="114,83,65,52,122,3,54,43,48,102,18,132,39" hai1="78,28,9,20,84,17,131,64,75,77,35,76,98" hai2="85,89,135,110,74,124,91,103,38,27,42,32,7" hai3="134,112,106,108,115,126,81,13,72,14,60,49,111"/><V44/><F124/><W96/><G134/><T105/><D122/><U23/><E75/><V73/><F135/><W11/><G126/><T12/><D3/><U130/><E64/><V59/><F110/><W71/><G49/><T104/><D132/><U93/><E84/><V63/><F103/><N who="3" m="62823" /><G60/><T79/><D114/><N who="3" m="43561" /><G71/><T80/><D65/><U119/><E9/><V129/><F129/><N who="1" m="49161" /><E119/><V21/><F7/><N who="3" m="3327" /><G14/><T2/><D12/><U117/><E117/><V45/><F45/><W100/><G100/><T22/><D102/><N who="1" m="60751" /><E17/><V10/><F10/><W33/><G33/><T53/><D18/><U113/><E113/><V6/><F6/><W56/><G56/><T128/><D128/><U62/><E62/><V58/><F32/><W123/><G123/><T40/><D2/><U90/><E90/><V34/><F34/><W41/><G41/><T61/><D43/><U51/><E51/><V92/><F58/><W116/><G116/><T37/><D40/><U97/><E97/><V24/><F24/><AGARI ba="0,0" hai="20,23,24,28,35,76,77,78" m="60751,49161" machi="24" ten="30,2000,0" yaku="19,1,52,1" doraHai="31" who="1" fromWho="2" sc="192,0,163,20,400,-20,245,0" /><INIT seed="7,0,0,0,1,123" ten="192,183,380,245" oya="3" hai0="35,128,100,63,101,60,102,78,41,82,32,72,71" hai1="49,106,6,0,59,48,19,23,87,28,64,58,77" hai2="79,98,57,112,13,2,108,74,119,132,25,53,88" hai3="129,130,114,91,83,80,43,111,124,1,104,117,95"/><W51/><G1/><T21/><D128/><N who="3" m="49257" /><G43/><T97/><D97/><U30/><E106/><V105/><F2/><W15/><G15/><T16/><D41/><U75/><E75/><V56/><F13/><W68/><G68/><T17/><D17/><U39/><E39/><V4/><F4/><W54/><G51/><N who="1" m="19530" /><E6/><V47/><F25/><W92/><G54/><T66/><REACH who="0" step="1"/><D63/><REACH who="0" ten="182,183,380,245" step="2"/><N who="1" m="38007" /><E0/><V126/><F53/><W115/><G117/><T70/><D70/><U131/><E131/><V20/><F119/><W33/><G104/><T52/><D52/><U93/><E59/><V45/><F105/><W135/><G135/><T110/><D110/><U96/><E96/><V5/><F108/><W67/><G111/><T36/><D36/><U26/><E93/><V55/><F55/><W133/><G95/><T90/><D90/><U29/><E19/><V99/><F132/><W7/><G92/><T50/><D50/><U127/><E127/><V3/><F126/><W86/><G91/><T121/><D121/><U62/><E62/><V134/><F134/><W46/><G133/><T44/><D44/><U10/><E10/><V31/><F45/><W84/><G46/><T12/><AGARI ba="0,1" hai="12,16,21,32,35,60,66,71,72,78,82,100,101,102" machi="12" ten="30,4000,0" yaku="1,1,0,1,54,1,53,0" doraHai="123" doraHaiUra="69" who="0" fromWho="0" sc="182,50,183,-10,380,-10,245,-20" owari="232,3.0,173,-33.0,370,47.0,225,-17.0" /></mjloggm>