<mjloggm ver="2.3"><GO type="41" lobby="0"/><UN n0="%E3%82%A8%E3%83%93%E3%82%B9%E3%83%B3" n1="%E3%81%BD%E3%81%84%E3%81%A1%E3%82%87" n2="%E5%B0%B1%E6%B4%BB%E7%94%9F%40%E5%B7%9D%E6%9D%91%E8%BB%8D%E5%9B%A3" n3="%47%2E%4D%41%43%4B" dan="14,14,15,13" rate="1900.55,2027.37,1950.41,1811.15" sx="M,M,M,M"/><TAIKYOKU oya="0"/><INIT seed="0,0,0,3,5,54" ten="250,250,250,250" oya="0" hai0="135,79,61,106,92,34,8,71,17,82,80,32,90" hai1="23,72,3,86,26,78,33,40,93,11,120,111,103" hai2="43,47,96,74,68,130,19,76,97,12,46,75,129" hai3="58,1,89,38,134,53,100,131,49,77,39,36,70"/><T62/><D106/><U57/><E33/><V24/><F68/><W20/><G1/><T14/><D135/><U105/><E40/><V73/><F76/><W114/><G114/><T104/><D104/><U98/><E120/><V99/><F24/><W81/><G100/><T127/><D127/><U27/><E3/><V110/><F110/><W10/><G10/><T91/><D82/><U35/><E11/><V95/><F95/><W15/><G70/><T48/><D48/><U117/><E35/><V124/><F124/><W88/><G131/><T59/><D71/><U44/><E44/><V21/><REACH who="2" step="1"/><F43/><REACH who="2" ten="250,250,240,250" step="2"/><W83/><G134/><T69/><D69/><U64/><E111/><V101/><F101/><W16/><REACH who="3" step="1"/><G81/><REACH who="3" ten="250,250,240,240" step="2"/><T52/><D80/><U9/><E103/><V132/><F132/><W51/><G51/><T22/><D62/><U29/><E105/><V30/><F30/><W128/><G128/><AGARI ba="0,2" hai="12,19,21,46,47,73,74,75,96,97,99,128,129,130" machi="128" ten="50,3200,0" yaku="1,1,19,1,53,0" doraHai="54" doraHaiUra="2" who="2" fromWho="3" sc="250,0,250,0,240,52,240,-32" /><INIT seed="1,0,0,0,2,28" ten="250,250,292,208" oya="1" hai0="15,109,1,103,74,91,51,83,45,78,38,11,18" hai1="63,132,46,6,133,19,4,35,29,81,126,40,10" hai2="41,110,104,49,130,80,124,90,65,55,96,105,56" hai3="111,101,113,53,30,127,50,66,94,14,22,120,128"/><U76/><E63/><V43/><F124/><W118/><G66/><T73/><D103/><U60/><E60/><V75/><F110/><W7/><G111/><T42/><D109/><U71/><E71/><V77/><F130/><W61/><G128/><T95/><D74/><U87/><E126/><V37/><F65/><W116/><G127/><T92/><D91/><U57/><E57/><V33/><F33/><W99/><G120/><T117/><D117/><U107/><E107/><V39/><F104/><W125/><G125/><T100/><D100/><U88/><E19/><V9/><F105/><W69/><G113/><T93/><D93/><U44/><E76/><V135/><F135/><N who="1" m="51785" /><E10/><V0/><F41/><W72/><G72/><T17/><D51/><N who="1" m="27015" /><E46/><V62/><F43/><W31/><G61/><T52/><D18/><U3/><E3/><V34/><F62/><W131/><G69/><T97/><D1/><U121/><E121/><V68/><F68/><W13/><G131/><T108/><D108/><U23/><E23/><V24/><F9/><N who="3" m="4287" /><G116/><T114/><D11/><U16/><E16/><V85/><F0/><W47/><G118/><T21/><D17/><AGARI ba="0,0" hai="14,17,22,30,31,47,50,53,94,99,101" m="4287" machi="17" ten="30,1000,0" yaku="8,1" doraHai="28" who="3" fromWho="0" sc="250,-10,250,0,292,0,208,10" /><INIT seed="2,0,0,5,4,111" ten="240,250,292,218" oya="2" hai0="3,109,125,43,47,129,126,25,6,53,88,1,9" hai1="41,114,134,62,84,64,23,55,8,16,51,57,123" hai2="132,131,20,24,70,32,124,54,119,103,116,37,99" hai3="28,45,22,36,93,90,12,79,75,15,50,117,115"/><V98/><F37/><W89/><G117/><T73/><D109/><U128/><E123/><V108/><F32/><W95/><G36/><T21/><D73/><U96/><E128/><V26/><F108/><W110/><G110/><T33/><D33/><U127/><E127/><N who="0" m="48649" /><D129/><U61/><E134/><V44/><F70/><W66/><G66/><T60/><D60/><U76/><E8/><V13/><F131/><W5/><G75/><T107/><D107/><U130/><E130/><V34/><F34/><W71/><G79/><T105/><D105/><U4/><E4/><V81/><F124/><W100/><G71/><T14/><D53/><U30/><E30/><V29/><F132/><W46/><G100/><T68/><D68/><U67/><E41/><V74/><F26/><W101/><G101/><T106/><D106/><U85/><E96/><V72/><F98/><W120/><G120/><T38/><D88/><U69/><E76/><V104/><F13/><W86/><G5/><T49/><D38/><U10/><E10/><V133/><F133/><W39/><G39/><T82/><D82/><U56/><REACH who="1" step="1"/><E114/><REACH who="1" ten="240,240,292,218" step="2"/><V27/><F29/><AGARI ba="0,1" hai="1,3,6,9,14,21,25,29,43,47,49" m="48649" machi="29" ten="30,1000,0" yaku="18,1" doraHai="111" who="0" fromWho="2" sc="240,20,240,0,292,-10,218,0" /><INIT seed="3,0,0,5,3,12" ten="260,240,282,218" oya="3" hai0="73,63,58,103,51,5,11,46,78,124,10,7,57" hai1="104,97,117,92,132,2,25,9,47,17,24,33,40" hai2="39,35,44,41,50,28,43,53,122,96,1,26,42" hai3="14,82,109,105,4,88,3,134,91,32,70,48,115"/><W128/><G115/><T76/><D103/><U135/><E104/><V100/><F1/><W34/><G105/><T31/><D31/><U107/><E107/><V126/><F126/><W71/><G3/><T112/><D112/><U54/><E117/><V86/><F86/><W123/><G123/><T113/><D124/><U125/><E125/><V23/><F35/><W74/><G74/><T85/><D73/><U37/><E54/><V52/><F122/><W19/><G32/><T0/><D113/><U101/><E2/><V81/><F81/><W131/><G34/><T68/><D68/><U127/><E127/><V108/><F108/><W15/><G109/><T61/><D85/><U87/><E87/><V99/><F53/><W93/><G82/><T6/><D6/><U84/><E84/><V119/><F119/><W114/><G114/><T36/><D0/><U111/><E111/><V98/><REACH who="2" step="1"/><F100/><REACH who="2" ten="260,240,272,218" step="2"/><W90/><G134/><N who="1" m="51242" /><E33/><V75/><F75/><W21/><G131/><T77/><D76/><U102/><E102/><V56/><AGARI ba="0,1" hai="23,26,28,39,41,42,43,44,50,52,56,96,98,99" machi="56" ten="30,4000,0" yaku="1,1,0,1,54,1,53,0" doraHai="12" doraHaiUra="118" who="2" fromWho="2" sc="260,-10,240,-10,272,50,218,-20" /><INIT seed="4,0,0,5,3,12" ten="250,230,322,198" oya="0" hai0="125,109,22,97,128,110,21,92,72,20,133,78,59" hai1="132,98,91,54,70,127,71,32,107,112,14,38,96" hai2="130,68,3,104,7,64,105,135,9,53,122,45,48" hai3="10,113,37,19,26,114,76,118,15,93,24,67,63"/><T11/><D128/><U85/><E38/><V1/><F122/><W16/><G37/><T51/><D125/><U42/><E42/><V61/><F130/><W100/><G118/><T116/><D133/><U79/><E32/><V0/><REACH who="2" step="1"/><F135/><REACH who="2" ten="250,230,312,198" step="2"/><W80/><G100/><N who="0" m="60455" /><D116/><U56/><E132/><V47/><F47/><W106/><G106/><AGARI ba="0,1" hai="0,1,3,7,9,45,48,53,61,64,68,104,105,106" machi="106" ten="40,8000,1" yaku="1,1,53,3" doraHai="12" doraHaiUra="34" who="2" fromWho="3" sc="250,0,230,0,312,90,198,-80" /><INIT seed="5,0,0,4,1,103" ten="250,230,402,118" oya="1" hai0="106,122,108,17,101,91,121,47,126,107,116,75,23" hai1="120,105,24,50,90,77,112,16,20,64,54,87,89" hai2="119,31,110,84,118,30,102,45,29,88,96,51,36" hai3="9,11,2,32,98,76,28,7,71,34,8,19,92"/><U131/><E64/><V39/><F110/><W33/><G71/><T78/><D108/><U57/><E120/><N who="0" m="46185" /><D126/><U132/><E132/><V38/><F96/><W62/><G76/><T37/><D116/><U99/><E131/><V65/><F65/><W61/><G61/><T97/><D91/><U67/><E112/><V85/><F85/><W128/><G62/><T74/><D47/><U129/><E129/><V117/><F102/><W66/><G66/><T35/><D35/><N who="3" m="13385" /><G92/><N who="0" m="58535" /><D37/><U49/><E67/><V63/><F63/><W114/><G98/><T3/><D3/><U79/><E105/><N who="0" m="39945" /><D78/><U41/><E99/><V93/><F45/><W15/><G114/><T56/><D56/><U46/><REACH who="1" step="1"/><E90/><REACH who="1" ten="250,220,402,118" step="2"/><V115/><F115/><W130/><G128/><T69/><D69/><U100/><E100/><V4/><F117/><W0/><G130/><T109/><D109/><U44/><E44/><V12/><F118/><W82/><G82/><AGARI ba="0,1" hai="16,20,24,41,46,49,50,54,57,77,79,82,87,89" machi="82" ten="30,11600,0" yaku="1,1,7,1,8,1,54,1,53,0" doraHai="103" doraHaiUra="59" who="1" fromWho="3" sc="250,0,220,126,402,0,118,-116" /><INIT seed="5,1,0,0,5,68" ten="250,346,402,2" oya="1" hai0="15,91,5,23,76,79,112,125,22,65,70,60,104" hai1="81,55,40,7,28,36,118,94,58,8,106,51,117" hai2="26,113,1,132,2,59,120,53,19,47,119,88,108" hai3="93,89,20,50,35,99,62,116,14,103,56,85,13"/><U18/><E106/><V72/><F72/><W3/><G3/><T124/><D112/><U11/><E28/><V102/><F108/><W133/><G35/><T30/><D104/><U16/><E11/><V83/><F120/><W48/><G133/><T105/><D105/><U12/><E94/><V111/><F111/><W33/><G33/><T49/><D5/><U41/><E41/><V87/><F119/><W6/><G116/><T45/><D91/><U135/><E135/><V4/><F132/><W32/><G32/><T25/><D15/><N who="3" m="5641" /><G6/><T126/><REACH who="0" step="1"/><D23/><REACH who="0" ten="240,346,402,2" step="2"/><U9/><E118/><V123/><F4/><W121/><G20/><T24/><D24/><U69/><E117/><V92/><F2/><W134/><G121/><T90/><D90/><U97/><E7/><V122/><F1/><W31/><G134/><T57/><D57/><U130/><E9/><V67/><F113/><W86/><G31/><T63/><D63/><U21/><E21/><V38/><F122/><W71/><G71/><T37/><D37/><U0/><E69/><V34/><F38/><W129/><G129/><T73/><D73/><U114/><E130/><V78/><F123/><W52/><G86/><T42/><AGARI ba="1,1" hai="22,25,30,42,45,49,60,65,70,76,79,124,125,126" machi="42" ten="30,4000,0" yaku="1,1,0,1,18,1,53,0" doraHai="68" doraHaiUra="96" who="0" fromWho="0" sc="240,53,346,-21,402,-11,2,-11" owari="293,-11.0,325,13.0,391,49.0,-9,-51.0" /></mjloggm>