<mjloggm ver="2.3"><GO type="97" lobby="0"/><UN n0="%52%41%44%49%41%4E%43%45" n1="%E6%98%A5%E9%A2%A8%E9%80%81%E7%A6%8F" n2="%E7%AB%9C%E6%B2%B3%E6%86%A9" n3="%E5%B0%B1%E6%B4%BB%E7%94%9F%40%E5%B7%9D%E6%9D%91%E8%BB%8D%E5%9B%A3" dan="15,13,15,15" rate="1966.45,1823.32,1988.97,2029.89" sx="M,M,M,M"/><TAIKYOKU oya="0"/><INIT seed="0,0,0,2,0,2" ten="250,250,250,250" oya="0" hai0="9,56,124,51,5,22,15,37,78,94,111,131,25" hai1="54,93,83,35,43,31,120,110,0,75,66,130,77" hai2="12,90,3,98,53,135,55,112,20,128,52,70,74" hai3="33,100,34,80,109,117,133,87,103,44,50,40,125"/><T26/><D37/><U84/><E120/><V69/><F74/><W95/><G117/><T57/><D131/><U27/><E110/><V126/><F3/><W108/><G125/><T67/><D124/><U36/><E130/><V45/><F126/><W107/><G133/><T59/><D111/><N who="3" m="42569" /><G107/><T46/><D78/><U32/><E0/><V39/><F98/><N who="3" m="59487" /><G103/><T62/><D94/><U48/><E66/><V11/><F20/><W115/><G115/><T88/><D88/><AGARI ba="0,0" hai="33,34,40,44,50,80,87,88" m="59487,42569" machi="88" ten="30,2000,0" yaku="14,1,54,1" doraHai="2" who="3" fromWho="0" sc="250,-20,250,0,250,0,250,20" /><INIT seed="1,0,0,3,1,26" ten="230,250,250,270" oya="1" hai0="124,77,116,57,134,5,11,41,101,53,93,44,45" hai1="111,82,91,129,38,108,13,74,8,105,62,104,35" hai2="20,32,47,110,79,6,114,83,64,18,90,96,67" hai3="113,60,14,28,112,69,40,39,76,33,58,122,71"/><U1/><E1/><V15/><F110/><N who="1" m="42025" /><E129/><V34/><F114/><W2/><G122/><T54/><D116/><U37/><E35/><V12/><F47/><W61/><G2/><T72/><D134/><U120/><E62/><V117/><F117/><W66/><G76/><T42/><D124/><U43/><E120/><V52/><F34/><W22/><G33/><T92/><D72/><U19/><E43/><V118/><F32/><W102/><G102/><T85/><D101/><U131/><E131/><V103/><F118/><W132/><G132/><T16/><D5/><U126/><E126/><V81/><F6/><W48/><G39/><N who="1" m="14858" /><E74/><V9/><F64/><W55/><G40/><T87/><D77/><U84/><AGARI ba="0,0" hai="8,13,19,82,84,91,104,105" m="14858,42025" machi="84" ten="40,3900,0" yaku="14,1,10,1" doraHai="26" who="1" fromWho="1" sc="230,-13,250,39,250,-13,270,-13" /><INIT seed="1,1,0,2,3,65" ten="217,289,237,257" oya="1" hai0="50,117,53,93,84,39,90,119,104,29,101,60,107" hai1="47,6,80,17,96,71,128,68,31,92,109,110,12" hai2="88,10,82,83,61,44,79,66,32,134,123,52,5" hai3="99,67,25,22,19,118,77,42,133,15,108,59,37"/><U105/><E128/><V64/><F123/><W112/><G112/><T27/><D39/><U23/><E105/><V35/><F134/><W69/><G118/><T74/><D107/><U21/><E47/><V38/><F66/><W102/><G133/><T9/><D9/><U78/><E6/><V26/><F26/><W100/><G108/><N who="1" m="41578" /><E31/><V125/><F125/><W13/><G77/><T73/><D73/><N who="1" m="43087" /><E21/><V124/><F124/><W11/><G15/><T54/><D54/><U72/><E72/><V89/><F35/><W91/><G37/><T2/><D2/><U129/><E129/><V43/><F32/><W126/><G42/><T1/><D1/><U30/><E30/><V63/><F43/><W48/><G126/><T24/><D24/><U76/><E76/><V94/><F38/><W3/><G25/><T75/><D75/><U130/><E130/><V56/><F79/><W127/><G127/><T87/><D74/><U18/><E18/><V115/><F44/><W57/><G22/><T132/><D132/><U116/><E116/><V36/><F115/><W0/><G0/><T70/><D87/><U8/><E23/><V122/><F36/><W45/><G3/><T131/><D131/><U7/><E17/><V49/><F122/><W81/><G19/><T58/><D27/><U111/><N who="1" m="41586" /><U40/><DORA hai="28" /><E40/><V120/><F120/><W103/><G11/><T16/><D29/><U4/><E7/><V20/><F5/><W41/><G13/><T55/><D16/><U97/><E96/><V98/><F20/><W14/><G41/><T121/><D121/><RYUUKYOKU ba="1,0" sc="217,-10,289,30,237,-10,257,-10" hai1="4,8,12,68,71,92,97" /><INIT seed="1,2,0,4,5,84" ten="207,319,227,247" oya="1" hai0="122,99,28,11,75,101,88,112,127,38,134,53,90" hai1="71,65,77,68,105,132,25,63,111,66,118,82,50" hai2="43,26,41,95,61,78,130,106,18,4,27,97,85" hai3="5,13,87,64,21,86,16,39,107,131,108,81,36"/><U115/><E105/><V109/><F106/><W29/><G107/><T60/><D112/><U91/><E118/><V58/><F4/><W24/><G131/><T62/><D38/><U110/><E115/><V14/><F109/><N who="1" m="41481" /><E132/><V30/><F130/><W120/><G120/><T113/><D113/><U73/><E25/><V40/><F78/><W104/><G108/><T9/><D134/><U114/><E114/><V103/><F85/><W89/><G5/><T48/><D75/><U7/><E7/><V15/><F30/><W69/><G104/><T31/><D122/><U55/><E91/><N who="0" m="34857" /><D127/><U42/><E42/><V80/><F80/><W52/><G87/><T23/><D101/><U46/><E66/><N who="2" m="39223" /><F15/><W6/><G6/><T74/><D74/><U32/><E32/><V67/><F67/><W126/><G126/><T83/><D83/><U57/><AGARI ba="2,0" hai="46,50,55,57,63,65,68,71,73,77,82" m="41481" machi="57" ten="30,3000,0" yaku="14,1,10,1" doraHai="84" who="1" fromWho="1" sc="207,-12,319,36,227,-12,247,-12" /><INIT seed="1,3,0,4,5,133" ten="195,355,215,235" oya="1" hai0="67,127,45,52,31,71,97,6,120,109,8,63,68" hai1="27,14,94,62,34,28,82,22,4,126,80,117,58" hai2="30,129,124,69,121,35,57,100,75,41,18,65,9" hai3="112,83,11,104,44,74,46,61,3,39,122,15,86"/><U132/><E117/><V37/><F18/><W59/><G122/><T50/><D120/><U131/><E132/><V60/><F9/><W113/><G104/><T51/><D31/><U53/><E131/><V5/><F5/><W40/><G3/><T85/><D109/><U32/><E126/><V115/><F121/><W92/><G74/><T64/><D97/><U106/><E106/><V7/><F7/><W105/><G105/><T90/><D127/><U43/><E43/><V96/><F75/><W102/><G40/><T29/><D29/><U23/><E32/><V54/><F129/><W13/><G39/><T36/><D36/><U2/><E94/><V101/><F115/><W108/><G108/><T89/><D50/><U10/><E23/><V88/><F124/><W91/><G13/><T125/><D125/><U128/><E128/><V119/><F119/><W78/><G112/><T72/><D72/><U26/><E27/><V24/><F88/><W0/><G0/><T56/><D90/><U116/><E116/><V118/><F118/><W107/><G107/><T47/><D47/><U110/><E110/><V93/><F93/><W135/><G135/><T103/><D103/><U20/><E22/><V12/><F96/><N who="3" m="59655" /><G78/><T98/><D98/><U48/><E48/><N who="2" m="30919" /><F12/><W42/><G42/><T99/><D99/><U76/><E76/><V95/><F95/><W17/><G113/><T16/><D67/><AGARI ba="3,0" hai="11,15,17,44,46,59,61,67,83,86,91" m="59655" machi="67" ten="30,1000,0" yaku="8,1" doraHai="133" who="3" fromWho="0" sc="195,-19,355,0,215,0,235,19" /><INIT seed="2,0,0,1,3,111" ten="176,355,215,254" oya="2" hai0="85,104,44,16,93,73,71,121,97,100,105,107,91" hai1="109,77,75,46,66,47,7,87,126,15,81,24,9" hai2="43,67,129,3,74,31,5,133,13,83,82,51,33" hai3="92,86,40,59,135,115,106,10,18,17,23,108,19"/><V22/><F67/><W38/><G106/><T124/><D71/><U42/><E109/><V20/><F74/><W1/><G108/><T118/><D121/><U122/><E122/><V8/><F133/><W130/><G135/><T6/><D6/><U26/><E126/><V2/><F129/><W32/><G32/><T125/><D44/><U116/><E116/><V114/><F114/><W103/><G130/><T29/><D29/><U34/><E34/><V64/><F64/><W4/><G38/><T113/><D16/><U35/><E35/><V0/><F43/><W30/><G40/><T65/><D65/><U84/><E66/><V95/><F51/><W63/><G115/><T72/><D113/><U117/><E117/><V57/><F57/><W27/><G86/><T78/><D118/><U88/><E75/><N who="0" m="28745" /><D78/><U94/><E46/><V76/><F76/><W90/><G90/><T80/><AGARI ba="0,0" hai="80,85,91,93,97,100,104,105,107,124,125" m="28745" machi="80" ten="40,2700,0" yaku="34,2" doraHai="111" who="0" fromWho="0" sc="176,27,355,-7,215,-13,254,-7" /><INIT seed="3,0,0,1,1,23" ten="203,348,202,247" oya="3" hai0="15,119,56,41,38,109,57,18,105,63,12,40,44" hai1="134,51,1,77,124,46,70,25,126,103,37,69,107" hai2="34,99,5,65,10,93,49,118,24,74,135,62,111" hai3="131,68,26,75,0,97,58,39,95,129,90,91,53"/><W80/><G0/><T55/><D119/><U86/><E134/><V128/><F118/><W20/><G68/><T83/><D105/><U27/><E1/><V14/><F74/><W82/><G39/><T96/><D109/><U94/><E37/><V54/><F111/><W2/><G2/><T32/><D96/><N who="1" m="59799" /><E107/><V59/><F128/><N who="3" m="49227" /><G90/><T120/><D120/><U16/><E77/><V48/><F135/><W36/><G36/><T79/><D41/><N who="1" m="25039" /><E86/><V7/><F7/><W33/><G33/><T64/><D32/><U122/><E122/><V17/><F65/><W13/><G13/><T76/><D12/><U101/><E101/><V29/><REACH who="2" step="1"/><F5/><REACH who="2" ten="203,348,192,247" step="2"/><W43/><G75/><T11/><D83/><U52/><E124/><V127/><F127/><W115/><G115/><T72/><D72/><U89/><E126/><V123/><F123/><W116/><G116/><T87/><REACH who="0" step="1"/><D87/><REACH who="0" ten="193,348,192,247" step="2"/><U45/><E70/><V112/><F112/><W73/><G73/><T98/><D98/><U81/><E69/><V130/><F130/><W6/><G82/><T67/><D67/><U71/><E71/><V9/><F9/><W19/><G80/><T106/><D106/><U50/><E81/><V114/><F114/><W31/><G97/><T100/><D100/><AGARI ba="0,2" hai="10,14,17,24,29,34,48,49,54,59,62,93,99,100" machi="100" ten="30,3900,0" yaku="1,1,7,1,52,1,53,0" doraHai="23" doraHaiUra="132" who="2" fromWho="0" sc="193,-39,348,0,192,59,247,0" owari="154,-35.0,348,45.0,251,5.0,247,-15.0" /></mjloggm>