<mjloggm ver="2.3"><GO type="169" lobby="0"/><UN n0="%E4%B8%89%E9%BA%BB%E3%81%AF%EF%BD%8B%EF%BD%93%EF%BD%87" n1="%E4%B8%89%E9%83%8E%44%58" n2="%E3%82%A6%E3%83%AB%E3%83%88%E3%83%A9%E7%AB%8B%E7%9B%B4" n3="%E5%BA%83%E8%83%BD%E6%98%8C%E4%B8%89" dan="17,16,17,17" rate="2117.38,2089.98,2157.69,2217.12" sx="M,M,M,M"/><TAIKYOKU oya="0"/><INIT seed="0,0,0,1,1,54" ten="250,250,250,250" oya="0" hai0="133,45,10,110,127,3,90,125,119,130,92,134,2" hai1="62,108,132,24,27,47,1,122,76,17,26,57,49" hai2="40,72,38,14,21,43,83,81,113,128,94,112,71" hai3="25,96,15,67,114,106,7,89,123,42,102,118,69"/><T56/><D119/><U9/><E122/><V28/><F94/><W34/><G114/><T59/><D45/><U84/><E132/><N who="0" m="50793" /><D110/><U50/><E1/><N who="0" m="9" /><D10/><U51/><E108/><V39/><F14/><W117/><G123/><T5/><D5/><U131/><E131/><V107/><F21/><W80/><G42/><T73/><D73/><U68/><E68/><V65/><F71/><W104/><G7/><T16/><D16/><U0/><E0/><V35/><F28/><N who="3" m="19727" /><G15/><T6/><D6/><U70/><E70/><V61/><F72/><W115/><G115/><T85/><D130/><U100/><E100/><V19/><F128/><W120/><G120/><T31/><D31/><U18/><E9/><V63/><F19/><N who="1" m="7177" /><E84/><V30/><F30/><W36/><G36/><T55/><D55/><N who="1" m="34111" /><E76/><V32/><REACH who="2" step="1"/><F65/><REACH who="2" ten="250,250,240,250" step="2"/><W124/><G67/><T78/><D78/><U12/><E12/><V95/><F95/><W103/><G117/><T41/><D41/><AGARI ba="0,1" hai="24,26,27,41,47,49,50,51" m="34111,7177" machi="41" ten="30,2000,0" yaku="8,1,52,1" doraHai="54" who="1" fromWho="0" sc="250,-20,250,30,240,0,250,0" /><INIT seed="1,0,0,5,4,119" ten="230,280,240,250" oya="1" hai0="27,105,102,69,45,33,53,92,51,67,73,7,99" hai1="85,106,133,18,97,6,54,15,50,24,48,47,128" hai2="88,16,19,94,65,115,14,13,12,84,57,130,42" hai3="120,46,108,116,100,123,121,74,134,32,107,114,35"/><U28/><E133/><V129/><F115/><W52/><G114/><T11/><D73/><U63/><E6/><V38/><F42/><W98/><G116/><T80/><D80/><U8/><E128/><N who="2" m="49259" /><F38/><W40/><G134/><T125/><D125/><U87/><E63/><AGARI ba="0,0" hai="12,13,14,16,19,57,63,65,84,88,94" m="49259" machi="63" ten="30,3900,0" yaku="19,1,54,2" doraHai="119" who="2" fromWho="1" sc="230,0,280,-39,240,39,250,0" /><INIT seed="2,0,0,0,2,30" ten="230,241,279,250" oya="2" hai0="20,134,34,102,91,125,83,38,76,43,65,77,19" hai1="116,84,16,2,132,82,7,80,120,121,21,74,93" hai2="81,90,41,119,92,118,4,52,63,45,40,122,86" hai3="42,0,105,101,64,27,55,61,15,97,25,123,53"/><V69/><F122/><N who="1" m="47209" /><E116/><V75/><F4/><W94/><G0/><T66/><D102/><U1/><E74/><V129/><F129/><W99/><G42/><T37/><D91/><N who="1" m="53479" /><E132/><V6/><F6/><W59/><G123/><T128/><D128/><U22/><E22/><V26/><F26/><W62/><G15/><T46/><D134/><U87/><E7/><V60/><F40/><W51/><G55/><T110/><D110/><U3/><E87/><V35/><F75/><W112/><G112/><T68/><D125/><U57/><E57/><V131/><F131/><W115/><G115/><T58/><D77/><U96/><E96/><V23/><F23/><W95/><G105/><T109/><D109/><U50/><E50/><V56/><F81/><W79/><G79/><T78/><D78/><U10/><E10/><V71/><F119/><W98/><G98/><T100/><D100/><U67/><E67/><N who="2" m="41215" /><F71/><W17/><G64/><T113/><D68/><U135/><E135/><V114/><F114/><W127/><G127/><T29/><D113/><U5/><E5/><V9/><F9/><W47/><G59/><T31/><D58/><U11/><E11/><V54/><F118/><W28/><G17/><T12/><D38/><U126/><E126/><V32/><F56/><W111/><G111/><T48/><D37/><U104/><E104/><V117/><F60/><N who="3" m="23147" /><G28/><N who="0" m="10827" /><D66/><U85/><E85/><V88/><F117/><W49/><G49/><T106/><D65/><U72/><E72/><V24/><F86/><W8/><G8/><T13/><D106/><U14/><AGARI ba="0,0" hai="1,2,3,14,16,21,80,82" m="53479,47209" machi="14" ten="40,2700,0" yaku="13,1,54,1" doraHai="30" who="1" fromWho="1" sc="230,-7,241,27,279,-13,250,-7" /><INIT seed="3,0,0,1,5,117" ten="223,268,266,243" oya="3" hai0="48,65,43,123,26,59,67,2,99,129,122,112,70" hai1="88,135,47,7,110,82,89,105,13,132,6,126,64" hai2="58,19,41,28,29,131,109,78,22,50,134,80,17" hai3="18,106,9,128,33,84,57,114,73,69,103,37,102"/><W118/><G69/><T1/><D99/><U39/><E105/><V45/><F131/><W93/><G73/><T35/><D67/><U36/><E64/><V127/><F127/><W66/><G37/><T107/><D107/><U71/><E71/><V56/><F109/><W15/><G33/><T83/><D129/><U120/><E120/><N who="0" m="46121" /><D59/><N who="2" m="22570" /><F19/><W52/><G106/><T113/><D48/><U14/><E126/><V74/><F74/><W125/><G125/><T11/><D43/><U87/><E110/><V44/><F44/><W21/><G66/><T10/><D83/><U104/><E104/><V0/><F0/><N who="0" m="106" /><D65/><U42/><E89/><V101/><F101/><W119/><G128/><T31/><D70/><U55/><E36/><V4/><F50/><W23/><G103/><T40/><D40/><U86/><E55/><V98/><F45/><W124/><G124/><T53/><D53/><U12/><REACH who="1" step="1"/><E87/><REACH who="1" ten="223,258,266,243" step="2"/><V91/><F91/><W90/><G102/><T34/><D34/><U77/><E77/><V30/><F78/><W62/><G84/><T27/><D27/><U38/><E38/><V16/><F41/><W94/><G90/><T108/><D108/><U81/><E81/><V76/><F80/><W61/><G52/><T5/><D5/><AGARI ba="0,1" hai="5,6,7,12,13,14,39,42,47,82,86,88,132,135" machi="5" ten="40,2600,0" yaku="1,1,54,1,53,0" doraHai="117" doraHaiUra="95" who="1" fromWho="0" sc="223,-26,258,36,266,0,243,0" /><INIT seed="4,0,0,5,2,13" ten="197,294,266,243" oya="0" hai0="123,85,2,62,58,103,30,129,57,65,25,3,27" hai1="61,45,74,81,80,111,113,131,23,16,120,115,126" hai2="0,95,26,118,20,78,106,88,35,8,122,87,71" hai3="64,5,52,4,12,48,70,54,38,127,99,29,92"/><T107/><D129/><U67/><E120/><V11/><F106/><W59/><G38/><T17/><D123/><U49/><E111/><V10/><F35/><W100/><G127/><T24/><D85/><U102/><E74/><V104/><F104/><W9/><G29/><T63/><D30/><U39/><E39/><V41/><F71/><W109/><G109/><T134/><D134/><U96/><E126/><V77/><F0/><W40/><G40/><T114/><D114/><N who="1" m="43531" /><E131/><V19/><F122/><W15/><G54/><T60/><D107/><N who="1" m="63943" /><E45/><V56/><F118/><W50/><G50/><T128/><D103/><U37/><E49/><V42/><F56/><W93/><G93/><T21/><D128/><U31/><E31/><V72/><F72/><W90/><G100/><T112/><D112/><U7/><E7/><V119/><F119/><W94/><G94/><T101/><D101/><U83/><E37/><V89/><F42/><W105/><G105/><T32/><D32/><U97/><E97/><N who="2" m="57575" /><F41/><W28/><G28/><T51/><D51/><U69/><E83/><AGARI ba="0,0" hai="8,10,11,19,20,26,77,78,83,87,89" m="57575" machi="83" ten="30,3900,0" yaku="8,1,52,1,54,1" doraHai="13" who="2" fromWho="1" sc="197,0,294,-39,266,39,243,0" /><INIT seed="5,0,0,4,3,33" ten="197,255,305,243" oya="1" hai0="80,5,115,36,9,92,77,70,38,56,111,93,25" hai1="40,7,89,129,34,79,74,32,124,20,3,2,51" hai2="133,101,128,96,27,43,31,107,17,8,13,67,64" hai3="90,81,60,0,71,14,108,19,123,58,112,48,98"/><U95/><E124/><V78/><F128/><W61/><G108/><T109/><D70/><U82/><E129/><V23/><F133/><W116/><G123/><T63/><D115/><U42/><E42/><V28/><F78/><W83/><G112/><T62/><D25/><U130/><E130/><V127/><F127/><W122/><G0/><T106/><D106/><U85/><E20/><V105/><F105/><W57/><G71/><T29/><D29/><U66/><E66/><V119/><F119/><W103/><G48/><T16/><D77/><U69/><E69/><V134/><F134/><W50/><G50/><T21/><D80/><U126/><E126/><V132/><F132/><W4/><G4/><T6/><D21/><U87/><E74/><V30/><F43/><W49/><G49/><T52/><D56/><U39/><E39/><V59/><F59/><W94/><G122/><T22/><D22/><U100/><E100/><V45/><F45/><W75/><G116/><T99/><D99/><U37/><E37/><V102/><F102/><W113/><G113/><T97/><D97/><U131/><E131/><V47/><F47/><W76/><G57/><T41/><D41/><U44/><REACH who="1" step="1"/><E7/><REACH who="1" ten="197,245,305,243" step="2"/><V35/><F67/><W53/><G61/><T91/><D38/><U104/><E104/><V55/><F64/><W73/><G103/><T121/><D36/><U118/><E118/><V114/><F114/><W135/><G135/><T65/><D65/><U18/><E18/><N who="2" m="8487" /><F55/><W46/><G73/><T15/><D52/><U68/><E68/><V12/><F107/><W24/><G75/><RYUUKYOKU ba="0,1" sc="197,-15,245,15,305,15,243,-15" hai1="2,3,32,34,40,44,51,79,82,85,87,89,95" hai2="12,17,23,27,28,30,31,35,96,101" /><INIT seed="5,1,1,0,2,49" ten="182,260,320,228" oya="1" hai0="0,13,111,85,132,59,28,102,50,75,74,41,117" hai1="125,108,97,127,104,93,12,86,5,53,122,110,69" hai2="58,128,15,80,10,40,4,130,65,79,84,6,29" hai3="60,54,9,72,30,99,11,47,7,32,78,123,34"/><U23/><E69/><V21/><F40/><W114/><G123/><T25/><D0/><U73/><E73/><V16/><F65/><W116/><G99/><T92/><D111/><N who="1" m="42539" /><E122/><V39/><F39/><W63/><G114/><T38/><D117/><U46/><E86/><V18/><F29/><W66/><G116/><T14/><D132/><U135/><E135/><V57/><F128/><W118/><G118/><T27/><D38/><U68/><E68/><V82/><F82/><W98/><G98/><T31/><D85/><U87/><E87/><V26/><F130/><W131/><G131/><T36/><D36/><U52/><E104/><V77/><F77/><W22/><G78/><T17/><D75/><U61/><E46/><V76/><F76/><W24/><G72/><T48/><D74/><U55/><E61/><V96/><F96/><W42/><G63/><T120/><D120/><U8/><E23/><V119/><F119/><W100/><G11/><T134/><D134/><U115/><E115/><V90/><F79/><W43/><G22/><T81/><D41/><U44/><E44/><V106/><F106/><W45/><G43/><T67/><D81/><U109/><N who="1" m="42547" /><U121/><DORA hai="91" /><E121/><V64/><F57/><N who="3" m="34871" /><G42/><T129/><D129/><U33/><E33/><V103/><F103/><AGARI ba="1,1" hai="5,8,12,52,53,55,93,97,103,125,127" m="42547" machi="103" ten="50,18000,2" yaku="10,1,52,4,54,1" doraHai="49,91" who="1" fromWho="2" sc="182,0,260,193,320,-183,228,0" /><INIT seed="5,2,0,0,2,69" ten="182,453,137,228" oya="1" hai0="8,117,87,33,130,75,118,135,81,39,86,37,91" hai1="51,115,44,0,122,56,98,133,62,113,22,64,77" hai2="99,46,126,97,68,96,41,61,28,4,112,114,103" hai3="57,36,12,26,116,95,35,42,30,29,74,110,11"/><U54/><E122/><V82/><F82/><W105/><G105/><T16/><D33/><U27/><E0/><V55/><F4/><W14/><G74/><T94/><D75/><U6/><E6/><V131/><F28/><W47/><G110/><T21/><D8/><U18/><E77/><V79/><F79/><W85/><G116/><T76/><D135/><U24/><E133/><V125/><F103/><W129/><G29/><T5/><D5/><U132/><E98/><V20/><F20/><W119/><G119/><T34/><D34/><U89/><E89/><V88/><F88/><W100/><G129/><T104/><D104/><U2/><E2/><V106/><F106/><W63/><G11/><T48/><D48/><U23/><REACH who="1" step="1"/><E132/><REACH who="1" ten="182,443,137,228" step="2"/><V9/><F99/><W108/><G100/><T52/><D118/><U66/><E66/><V49/><F97/><W72/><G108/><T121/><D117/><U120/><E120/><V101/><F96/><W102/><G102/><T40/><D121/><U134/><E134/><V7/><F101/><W84/><G72/><T45/><D76/><U93/><E93/><V31/><F7/><W58/><G95/><T43/><D94/><U127/><E127/><V78/><F78/><W50/><G84/><T70/><D87/><U71/><E71/><V17/><F68/><W10/><G85/><T80/><D70/><U73/><E73/><V3/><F126/><W15/><G10/><T65/><D91/><U25/><E25/><V107/><F9/><W123/><G123/><T109/><D86/><U13/><E13/><V1/><F125/><RYUUKYOKU ba="2,1" sc="182,-10,443,30,137,-10,228,-10" hai1="18,22,23,24,27,44,51,54,56,62,64,113,115" /><INIT seed="5,3,1,1,2,56" ten="172,473,127,218" oya="1" hai0="26,121,127,126,16,66,9,118,104,50,91,1,92" hai1="22,70,54,60,87,64,78,115,49,98,122,39,132" hai2="28,119,109,6,79,114,31,34,99,24,17,95,83" hai3="5,82,44,11,21,29,43,108,134,103,7,111,3"/><U100/><E122/><V12/><F119/><W23/><G103/><T61/><D104/><U110/><E39/><V129/><F109/><W81/><G134/><T96/><D118/><U42/><E110/><V8/><F129/><W86/><G7/><T125/><D121/><U57/><E42/><V75/><F114/><W120/><G120/><T40/><D40/><U77/><E115/><V107/><F107/><W63/><G82/><T94/><D50/><U93/><E132/><V45/><F45/><W53/><G29/><T135/><D135/><U55/><E55/><V35/><F31/><W52/><G108/><T0/><D94/><U105/><E105/><V48/><F48/><W124/><G124/><T18/><D26/><U68/><E68/><V90/><REACH who="2" step="1"/><F6/><REACH who="2" ten="172,473,117,218" step="2"/><W89/><G111/><T106/><D106/><U128/><E49/><V65/><F65/><W117/><G117/><T72/><D72/><U14/><E64/><V37/><F37/><W133/><G133/><T130/><D130/><U67/><E128/><V32/><AGARI ba="3,2" hai="8,12,17,24,28,32,34,35,75,79,83,90,95,99" machi="32" ten="20,5200,0" yaku="1,1,0,1,7,1,53,1" doraHai="56" doraHaiUra="13" who="2" fromWho="2" sc="172,-16,473,-29,117,81,218,-16" /><INIT seed="6,0,0,0,5,135" ten="156,444,198,202" oya="2" hai0="105,6,33,96,104,1,77,39,38,53,8,128,83" hai1="67,88,50,13,91,48,97,120,30,109,71,86,3" hai2="45,21,54,17,2,124,90,100,28,10,25,110,0" hai3="95,70,87,125,93,52,51,68,11,111,37,81,32"/><V36/><F100/><W122/><G37/><T72/><D128/><U74/><E3/><V47/><F110/><W126/><G32/><T22/><D53/><U58/><E74/><V69/><F69/><N who="3" m="26731" /><G11/><T56/><D56/><U121/><E71/><V115/><F47/><N who="3" m="27775" /><G111/><T41/><D22/><U114/><E30/><V57/><F45/><W60/><G60/><T65/><D65/><U131/><E13/><V26/><F36/><W61/><G61/><T94/><D33/><U99/><E109/><V82/><F57/><W127/><G122/><T49/><D49/><U134/><E48/><V117/><F54/><W112/><G112/><T76/><D76/><AGARI ba="0,0" hai="76,81,87,93,95,125,126,127" m="27775,26731" machi="76" ten="40,8000,1" yaku="18,1,52,3,54,1" doraHai="135" who="3" fromWho="0" sc="156,-80,444,0,198,0,202,80" /><INIT seed="7,0,0,2,2,91" ten="76,444,198,282" oya="3" hai0="107,76,0,7,78,119,57,99,110,89,47,45,90" hai1="113,109,75,73,128,68,96,130,38,43,135,95,126" hai2="42,26,40,131,93,4,39,31,112,23,52,35,114" hai3="72,88,118,6,36,60,98,117,97,2,9,37,21"/><W129/><G72/><T11/><D110/><U8/><E68/><V79/><F79/><W41/><G129/><N who="1" m="49770" /><E109/><V46/><F42/><W22/><G60/><T121/><D119/><U64/><E64/><V33/><F4/><W74/><G74/><T104/><D121/><U10/><E113/><N who="2" m="43627" /><F52/><W125/><G41/><T70/><D70/><U25/><E135/><V27/><F27/><W18/><G18/><T71/><D71/><U50/><E126/><V106/><F106/><W66/><G125/><T29/><D29/><U133/><E133/><V20/><F20/><W55/><G55/><T85/><D57/><U116/><E116/><V101/><F131/><W28/><G21/><T67/><D67/><U102/><E38/><V24/><F24/><W80/><G66/><T34/><D34/><U3/><E25/><V44/><F44/><W69/><G22/><T30/><D30/><U56/><E3/><V134/><F134/><W16/><G28/><T58/><D58/><U51/><E51/><V49/><F49/><W54/><G54/><T81/><D47/><N who="1" m="25983" /><E56/><V123/><F123/><W108/><G37/><T120/><D120/><U59/><E59/><V32/><F32/><W115/><G36/><T124/><D124/><U1/><E1/><V87/><F35/><W62/><G115/><T15/><D45/><U12/><E10/><V14/><F23/><W17/><G118/><T53/><D53/><U122/><E122/><V83/><F14/><W92/><G117/><T84/><D0/><U94/><E75/><V82/><F33/><W105/><G2/><T86/><D15/><RYUUKYOKU ba="0,0" sc="76,0,444,0,198,0,282,0" owari="76,-42.0,444,54.0,198,-20.0,282,8.0" /></mjloggm>