<mjloggm ver="2.3"><GO type="41" lobby="0"/><UN n0="%54%61%6E%70%61%61%63%68" n1="%E3%81%BF%E3%82%93%E3%81%AA%E3%81%AE%E9%A4%8A%E5%88%86" n2="%4E%2E%4E%2E" n3="%E5%B0%B1%E6%B4%BB%E7%94%9F%40%E5%B7%9D%E6%9D%91%E8%BB%8D%E5%9B%A3" dan="14,13,14,15" rate="1962.05,1856.87,1844.46,2020.07" sx="M,M,M,M"/><TAIKYOKU oya="0"/><INIT seed="0,0,0,2,1,108" ten="250,250,250,250" oya="0" hai0="15,75,117,119,22,59,63,114,18,107,16,58,106" hai1="49,125,62,112,29,12,7,133,78,135,72,60,105" hai2="76,96,102,85,27,9,51,45,17,13,32,43,100" hai3="97,90,126,132,80,83,5,54,68,115,39,65,53"/><T101/><D75/><U94/><E105/><V52/><F32/><W20/><G39/><T4/><D4/><U69/><E29/><V42/><F27/><W89/><G5/><T67/><D114/><U88/><E125/><V56/><F96/><W111/><G111/><T28/><D28/><U134/><E69/><V57/><F57/><W87/><G126/><T77/><D77/><U99/><E49/><V79/><F42/><W47/><G132/><T55/><D107/><U44/><E44/><V73/><F73/><W6/><G6/><T34/><D34/><U26/><E26/><V124/><F124/><W21/><G115/><T130/><D130/><U120/><E112/><V128/><F128/><W10/><G10/><T35/><D35/><U118/><E120/><V48/><REACH who="2" step="1"/><F85/><REACH who="2" ten="250,250,240,250" step="2"/><W19/><G97/><T129/><D129/><U109/><E72/><V0/><F0/><W123/><G87/><T64/><D59/><U50/><E99/><V82/><F82/><W36/><G80/><T40/><D40/><U8/><E133/><V84/><F84/><W116/><G83/><T127/><D127/><U46/><E134/><V110/><F110/><W3/><G3/><T121/><D121/><U71/><E109/><V81/><F81/><W41/><G123/><T92/><D58/><U98/><E135/><V2/><F2/><W113/><G41/><T30/><D106/><U122/><E122/><V31/><F31/><W104/><G104/><T61/><D30/><U131/><E131/><V14/><F14/><W86/><G86/><T23/><D15/><U11/><E98/><RYUUKYOKU ba="0,1" sc="250,-10,250,-10,240,30,250,-10" hai2="9,13,17,43,45,48,51,52,56,76,79,100,102" /><INIT seed="1,1,1,5,4,33" ten="240,240,270,240" oya="1" hai0="43,75,73,87,24,112,31,28,2,60,97,119,71" hai1="90,105,38,65,124,127,6,37,12,116,84,39,131" hai2="120,107,8,48,61,85,32,126,45,67,36,115,99" hai3="19,46,80,88,108,63,18,57,62,113,122,29,13"/><U114/><E116/><V17/><F120/><W49/><G122/><T5/><D112/><U25/><E105/><V10/><F36/><W22/><G113/><T72/><D119/><U51/><E114/><V103/><F115/><W98/><G108/><T42/><D97/><U117/><E117/><V128/><F32/><W1/><G1/><T70/><D87/><U89/><E65/><V0/><F128/><W56/><G29/><T44/><D31/><U92/><E131/><V15/><F126/><W23/><G57/><T111/><D111/><U3/><E25/><V47/><F85/><N who="3" m="50215" /><G98/><T4/><D4/><U27/><E27/><V21/><F0/><W54/><G56/><T130/><D130/><U86/><E51/><V133/><F133/><W110/><G110/><T9/><D60/><U129/><E12/><AGARI ba="1,1" hai="12,13,18,19,22,23,46,49,54,62,63" m="50215" machi="12" ten="30,2000,0" yaku="8,1,54,1" doraHai="33" who="3" fromWho="1" sc="240,0,240,-23,270,0,240,33" /><INIT seed="2,0,0,2,3,110" ten="240,217,270,273" oya="2" hai0="118,74,21,84,4,14,34,115,61,25,49,135,15" hai1="78,109,70,82,22,106,32,26,80,23,47,129,68" hai2="60,103,13,107,64,12,95,81,3,55,58,88,42" hai3="51,87,29,43,30,76,69,127,96,48,128,9,94"/><V108/><F3/><W131/><G69/><T116/><D115/><U102/><E32/><V97/><F42/><W57/><G127/><T117/><D74/><U101/><E109/><V133/><F108/><W10/><G76/><T8/><D135/><U105/><E47/><V111/><F133/><W92/><G87/><T120/><D120/><U79/><E26/><V121/><F121/><W24/><G43/><T130/><D130/><AGARI ba="0,0" hai="22,23,68,70,78,79,80,82,101,102,105,106,129,130" machi="130" ten="25,1600,0" yaku="22,2" doraHai="110" who="1" fromWho="0" sc="240,-16,217,16,270,0,273,0" /><INIT seed="3,0,0,0,0,131" ten="224,233,270,273" oya="3" hai0="128,37,106,69,11,7,10,66,97,65,30,76,28" hai1="33,83,108,101,122,32,35,77,24,64,81,4,59" hai2="62,56,58,8,126,102,23,130,133,72,13,104,27" hai3="2,52,112,123,118,92,93,110,99,121,78,17,1"/><W111/><G78/><T6/><D37/><U48/><E122/><N who="3" m="46602" /><G112/><T89/><D76/><U90/><E101/><V109/><F109/><N who="3" m="41483" /><G118/><T116/><D116/><U57/><E108/><V91/><F126/><W135/><G135/><T12/><D128/><U50/><E64/><V9/><F130/><W115/><G115/><T127/><D127/><U120/><E120/><V132/><F72/><W63/><G17/><T18/><D69/><U42/><E77/><V51/><F51/><W68/><G68/><T44/><D44/><U49/><E42/><V70/><F70/><W105/><G105/><T82/><D106/><U14/><E4/><V124/><F124/><W55/><G92/><N who="0" m="56463" /><D82/><N who="1" m="31243" /><E90/><V5/><F91/><N who="3" m="55743" /><G63/><T46/><D18/><U117/><E117/><V61/><F62/><W96/><G96/><T25/><D30/><U98/><E98/><N who="2" m="61527" /><F61/><W114/><G114/><T67/><D28/><U103/><E24/><V85/><F5/><W22/><G22/><T119/><D25/><U84/><E14/><V16/><F23/><W134/><G134/><T107/><D107/><U20/><E20/><V26/><F27/><W53/><AGARI ba="0,0" hai="1,2,52,53,55" m="55743,41483,46602" machi="53" ten="40,7800,0" yaku="14,1,10,1,54,1" doraHai="131" who="3" fromWho="3" sc="224,-26,233,-26,270,-26,273,78" /><INIT seed="3,1,0,2,5,42" ten="198,207,244,351" oya="3" hai0="53,4,39,22,125,76,98,105,8,60,84,46,115" hai1="51,55,61,57,24,69,123,79,34,132,117,99,73" hai2="45,2,21,33,71,119,126,32,85,9,18,3,94" hai3="37,62,130,20,114,35,10,128,97,87,100,131,49"/><W88/><G35/><T120/><D120/><U30/><E123/><V104/><F119/><W54/><G37/><T1/><D125/><U58/><E132/><V77/><F126/><W102/><G114/><T48/><D115/><U110/><E110/><V75/><F104/><W52/><G10/><T17/><D105/><U68/><E117/><V106/><F106/><W113/><G113/><T108/><D108/><U63/><E51/><V103/><F71/><W93/><G20/><T27/><D98/><U12/><E12/><V14/><F75/><W124/><G124/><T95/><D39/><U41/><E41/><V78/><F103/><W81/><G62/><T15/><D60/><U5/><E5/><V44/><F94/><W67/><G67/><T118/><D118/><U91/><E73/><V109/><F109/><W70/><G70/><T107/><D107/><U59/><E79/><V133/><F133/><W26/><G26/><T6/><D1/><U96/><E91/><V82/><F77/><N who="3" m="46511" /><G54/><T28/><D76/><U135/><E135/><V19/><F2/><W92/><G93/><T127/><D127/><U80/><E69/><V0/><F0/><W112/><G112/><T89/><AGARI ba="1,0" hai="4,6,8,15,17,22,27,28,46,48,53,84,89,95" machi="89" ten="30,4000,0" yaku="0,1,8,1,52,1" doraHai="42" who="0" fromWho="0" sc="198,43,207,-11,244,-11,351,-21" /><INIT seed="4,0,0,5,2,40" ten="241,196,233,330" oya="0" hai0="69,71,134,84,56,0,94,83,119,42,88,53,36" hai1="3,124,98,32,51,31,61,102,125,85,80,21,2" hai2="41,73,75,110,86,60,122,91,101,16,89,113,13" hai3="46,77,108,1,34,129,78,50,19,128,96,114,92"/><T72/><D119/><U82/><E82/><V6/><F122/><W55/><G108/><T109/><D0/><U70/><E21/><V15/><F110/><W130/><G114/><T81/><D134/><U87/><E87/><V126/><F113/><W38/><G1/><T4/><D4/><U20/><E20/><V79/><F126/><W100/><G34/><T23/><D109/><U17/><E17/><V28/><F28/><W66/><G66/><T33/><D33/><U39/><E39/><V105/><F60/><W45/><G19/><T44/><D23/><U22/><E22/><V93/><F41/><AGARI ba="0,0" hai="38,41,45,46,50,55,77,78,92,96,100,128,129,130" machi="41" ten="40,5200,0" yaku="19,1,52,2" doraHai="40" who="3" fromWho="2" sc="241,0,196,0,233,-52,330,52" /><INIT seed="5,0,0,0,2,38" ten="241,196,181,382" oya="1" hai0="6,32,40,74,24,121,116,68,54,39,16,73,134" hai1="49,105,98,18,19,122,50,64,75,66,114,71,130" hai2="108,101,35,96,72,117,1,58,36,31,65,42,2" hai3="120,11,106,131,45,51,102,118,127,89,93,34,67"/><U90/><E122/><V23/><F117/><W126/><G34/><T25/><D116/><U97/><E75/><V10/><F23/><W69/><G120/><T70/><D134/><U0/><E0/><V129/><F108/><W83/><G118/><T128/><D128/><U46/><E114/><V135/><F135/><W5/><G131/><T7/><D121/><U125/><E125/><N who="3" m="47626" /><G83/><T13/><D54/><U21/><E130/><V57/><F129/><W111/><G111/><T17/><D32/><U115/><E115/><V76/><F57/><W56/><G69/><T84/><D84/><U55/><E105/><N who="2" m="63655" /><F58/><W100/><G56/><T37/><REACH who="0" step="1"/><D13/><REACH who="0" ten="231,196,181,382" step="2"/><U85/><E85/><V47/><F35/><W26/><G67/><T43/><AGARI ba="0,1" hai="6,7,16,17,24,25,37,39,40,43,68,70,73,74" machi="43" ten="25,16000,3" yaku="1,1,2,1,0,1,22,2,52,2,54,1,53,0" doraHai="38" doraHaiUra="132" who="0" fromWho="0" sc="231,170,196,-80,181,-40,382,-40" /><INIT seed="6,0,0,0,3,89" ten="401,116,141,342" oya="2" hai0="114,67,96,56,15,95,102,36,62,55,106,69,37" hai1="76,87,122,123,99,128,34,109,21,28,29,26,116" hai2="35,63,58,120,78,133,43,47,66,71,113,50,70" hai3="49,57,112,9,86,45,134,24,84,32,117,93,59"/><V7/><F35/><W38/><G117/><T91/><D114/><U81/><E99/><V44/><F7/><W30/><G38/><T16/><D69/><N who="2" m="26122" /><F78/><W19/><G134/><T14/><D67/><U5/><E116/><V107/><F107/><W68/><G68/><T108/><D108/><U60/><E60/><V0/><F0/><W77/><G112/><T98/><D14/><U125/><E109/><V2/><F2/><W105/><G105/><T79/><D79/><U115/><E115/><V75/><F75/><W42/><G86/><T46/><D46/><U72/><E128/><V97/><F97/><W39/><G39/><T11/><AGARI ba="0,0" hai="11,15,16,36,37,55,56,62,91,95,96,98,102,106" machi="11" ten="20,5200,0" yaku="0,1,7,1,52,1,54,1" doraHai="89" who="0" fromWho="0" sc="401,52,116,-13,141,-26,342,-13" /><INIT seed="7,0,0,5,0,100" ten="453,103,115,329" oya="3" hai0="0,49,119,111,58,30,104,106,78,50,114,77,44" hai1="109,37,129,3,1,32,128,116,20,92,27,46,96" hai2="134,4,31,126,91,40,85,61,122,55,79,93,66" hai3="13,71,56,11,103,102,80,42,90,81,76,113,124"/><W89/><G71/><T73/><D111/><U63/><E116/><V64/><F40/><W117/><G117/><T8/><D119/><U87/><E109/><V21/><F134/><W84/><G113/><T123/><D123/><U9/><E63/><V12/><F126/><W121/><G124/><T16/><D30/><U53/><E87/><V130/><F130/><N who="1" m="50281" /><E32/><V108/><F108/><W60/><G121/><T98/><D73/><U82/><E82/><N who="2" m="47327" /><F122/><W2/><G42/><T127/><D127/><U67/><E67/><V38/><F38/><W132/><G2/><T23/><D0/><U105/><E3/><V133/><F133/><W5/><G132/><T33/><D33/><U18/><E1/><V26/><F12/><W29/><G29/><T135/><D135/><U54/><E9/><V69/><F4/><W101/><REACH who="3" step="1"/><G80/><REACH who="3" ten="453,103,115,319" step="2"/><T22/><D114/><U110/><E110/><V112/><F69/><W70/><G70/><T95/><D77/><U99/><E37/><V14/><F112/><W51/><G51/><T65/><D78/><U68/><E68/><V86/><F14/><W62/><G62/><T88/><D49/><U74/><E74/><V17/><F31/><W15/><G15/><T39/><D50/><U48/><E48/><V24/><F24/><W45/><G45/><T83/><D44/><U52/><E46/><V47/><F47/><W72/><G72/><T57/><D39/><U115/><E115/><V97/><F26/><W118/><G118/><T131/><D131/><U75/><E75/><V7/><F61/><W43/><G43/><T107/><D83/><RYUUKYOKU ba="0,1" sc="453,-10,103,-10,115,-10,319,30" hai3="5,11,13,56,60,76,81,84,89,90,101,102,103" /><INIT seed="7,1,1,1,3,99" ten="443,93,105,349" oya="3" hai0="39,48,114,74,52,75,71,16,102,13,83,87,113" hai1="108,103,9,107,24,130,27,7,58,54,3,5,122" hai2="12,88,6,70,77,47,121,36,85,134,38,84,72" hai3="105,31,106,2,93,133,26,116,41,53,111,117,15"/><W4/><G2/><T125/><D125/><U109/><E122/><V126/><F126/><W76/><G41/><T1/><D1/><U92/><E107/><V55/><F70/><W40/><G40/><T82/><D102/><U104/><E104/><V42/><F134/><W97/><G106/><T60/><D39/><U73/><E73/><V46/><F121/><W89/><G133/><T0/><D0/><U131/><E103/><V30/><F30/><W65/><G65/><N who="0" m="41383" /><D75/><U37/><E92/><V25/><F25/><N who="1" m="9801" /><E37/><V14/><F77/><W110/><G76/><T129/><D129/><N who="1" m="49163" /><E7/><V78/><F78/><W64/><G64/><T123/><D87/><U119/><E119/><V23/><F72/><W11/><G105/><T94/><D16/><U67/><E67/><V8/><F88/><W100/><G89/><T90/><D52/><U95/><E95/><V29/><F36/><W49/><G111/><T128/><D48/><AGARI ba="1,1" hai="3,5,9,48,54,58,108,109" m="49163,9801" machi="48" ten="30,1000,0" yaku="19,1" doraHai="99" who="1" fromWho="0" sc="443,-13,93,23,105,0,349,0" owari="430,52.0,116,-28.0,105,-39.0,349,15.0" /></mjloggm>