<mjloggm ver="2.3"><GO type="169" lobby="0"/><UN n0="%74%61%72%6F%33%39%30%30" n1="%31%73%E3%81%A7%E3%81%84%E3%81%84%E3%81%9D%E3%81%86" n2="%E5%B0%8F%E8%B5%B0%E3%82%84%E3%81%88%E5%A4%A7%E5%85%88%E8%BC%A9" n3="%E3%82%A6%E3%83%AB%E3%83%88%E3%83%A9%E7%AB%8B%E7%9B%B4" dan="17,16,16,16" rate="2155.34,2075.01,2056.01,2119.26" sx="M,M,F,M"/><TAIKYOKU oya="0"/><INIT seed="0,0,0,3,3,102" ten="250,250,250,250" oya="0" hai0="47,62,6,39,127,34,116,122,84,83,10,48,61" hai1="130,31,80,91,109,30,128,12,42,1,90,50,115" hai2="79,37,89,93,119,7,88,21,41,110,43,78,108" hai3="75,65,73,58,54,11,51,33,74,96,22,114,4"/><T113/><D116/><U26/><E1/><V53/><F119/><W60/><G33/><T32/><D113/><U3/><E3/><V49/><F7/><W56/><G22/><T20/><D39/><U121/><E121/><V25/><F37/><W112/><REACH who="3" step="1"/><G96/><REACH who="3" ten="250,250,250,240" step="2"/><T8/><D20/><U71/><E115/><V86/><F108/><W134/><G134/><T111/><D111/><U97/><E109/><V59/><F110/><W2/><AGARI ba="0,1" hai="2,4,11,51,54,56,58,60,65,73,74,75,112,114" machi="2" ten="30,2000,0" yaku="1,1,0,1,53,0" doraHai="102" doraHaiUra="129" who="3" fromWho="3" sc="250,-10,250,-5,250,-5,240,30" /><INIT seed="1,0,0,4,2,12" ten="240,245,245,270" oya="1" hai0="21,31,86,74,107,51,117,114,71,55,87,52,131" hai1="24,58,15,25,42,13,7,98,47,32,40,130,0" hai2="102,29,126,119,128,91,1,8,123,37,26,77,72" hai3="3,69,22,108,34,19,94,38,85,120,127,28,53"/><U2/><E130/><V135/><F119/><W43/><G120/><T132/><D114/><U118/><E118/><V115/><F91/><W64/><G127/><T54/><D117/><U88/><E32/><N who="2" m="20535" /><F123/><W134/><G134/><T36/><D36/><U59/><E47/><V70/><F102/><W73/><G73/><T48/><D74/><U112/><E98/><V121/><F121/><W4/><G108/><T95/><D107/><U81/><E7/><N who="2" m="1135" /><F70/><W39/><G64/><T100/><D131/><U129/><E129/><V18/><F18/><W133/><G69/><T76/><D132/><U106/><E106/><V14/><F14/><N who="3" m="9591" /><G43/><T97/><D71/><U33/><E33/><V89/><F89/><N who="3" m="53551" /><G53/><T11/><D11/><U10/><E88/><V103/><F103/><W99/><G99/><T78/><D87/><U111/><E10/><V16/><F37/><W20/><G20/><T23/><D23/><U79/><E111/><V6/><F126/><W49/><G133/><T122/><D122/><U125/><E125/><V57/><F135/><W45/><G4/><T90/><D100/><U30/><E112/><V82/><F115/><W61/><G3/><T101/><D78/><U75/><E75/><V110/><F128/><W65/><G34/><T124/><D124/><U60/><E79/><V67/><F110/><W66/><G28/><T105/><D76/><U93/><E30/><V46/><F6/><W56/><G65/><T104/><D104/><U44/><E0/><V109/><F109/><W92/><G92/><N who="0" m="54359" /><D105/><U62/><E2/><V50/><F77/><W80/><G80/><RYUUKYOKU ba="0,0" sc="240,15,245,-15,245,-15,270,15" hai0="21,31,48,51,52,54,55,95,97,101" hai3="38,39,45,49,56,61,66" /><INIT seed="2,1,0,4,4,45" ten="255,230,230,285" oya="2" hai0="135,8,109,73,133,65,9,76,33,66,85,53,10" hai1="4,23,54,43,34,58,11,107,126,104,95,90,134" hai2="64,5,114,118,41,132,27,48,123,106,131,7,110" hai3="86,20,69,50,18,15,89,30,26,97,35,2,99"/><V1/><F114/><W32/><G69/><T88/><D109/><U55/><E34/><V83/><F118/><W49/><G35/><T121/><D121/><U29/><E126/><V36/><F36/><W111/><G2/><T125/><D33/><U78/><E134/><N who="0" m="51209" /><D125/><U68/><E68/><V75/><F123/><W56/><G111/><T100/><D100/><U0/><E78/><V127/><F110/><W92/><G56/><T129/><D129/><U71/><E71/><V40/><F106/><W19/><G19/><T72/><D53/><U37/><E54/><V105/><F105/><W74/><G74/><N who="0" m="28779" /><D76/><U119/><E119/><V60/><F131/><W77/><G77/><T47/><D47/><U120/><E120/><V59/><F75/><W98/><AGARI ba="1,0" hai="15,18,20,26,30,32,49,50,86,89,92,97,98,99" machi="98" ten="30,4000,0" yaku="0,1,52,2" doraHai="45" who="3" fromWho="3" sc="255,-11,230,-11,230,-21,285,43" /><INIT seed="3,0,0,2,1,80" ten="244,219,209,328" oya="3" hai0="79,83,19,130,107,59,90,12,33,26,109,95,39" hai1="122,27,100,116,46,125,85,58,74,64,52,10,32" hai2="40,4,71,76,60,113,25,9,112,110,84,97,67" hai3="21,35,34,78,104,61,73,66,31,111,128,119,126"/><W133/><G119/><T92/><D107/><U14/><E122/><V120/><F110/><W22/><G104/><T135/><D109/><U117/><E74/><V75/><F75/><W77/><G111/><T42/><D130/><U54/><E100/><V72/><F72/><W129/><G126/><T1/><D1/><U17/><E125/><V87/><F120/><W45/><G45/><T36/><D135/><U86/><E64/><V44/><F97/><W24/><G133/><T11/><D95/><U29/><E46/><V15/><F25/><W57/><G22/><T132/><D132/><U16/><E17/><V115/><REACH who="2" step="1"/><F76/><REACH who="2" ten="244,219,199,328" step="2"/><N who="3" m="29291" /><G73/><T30/><D79/><U63/><REACH who="1" step="1"/><E54/><REACH who="1" ten="244,209,199,328" step="2"/><V6/><F6/><W101/><G101/><T105/><D42/><U13/><E13/><V7/><F7/><W96/><G128/><T99/><D12/><U43/><E43/><V134/><F134/><W131/><G129/><T28/><D26/><U37/><E37/><AGARI ba="0,2" hai="4,9,15,37,40,44,60,67,71,84,87,112,113,115" machi="37" ten="40,8000,1" yaku="1,1,52,2,53,1" doraHai="80" doraHaiUra="70" who="2" fromWho="1" sc="244,0,209,-80,199,100,328,0" /><INIT seed="4,0,0,2,3,74" ten="244,129,299,328" oya="0" hai0="105,1,17,54,94,75,95,35,125,110,109,34,51" hai1="88,59,83,119,81,124,80,100,52,45,4,15,98" hai2="121,47,48,135,39,93,99,101,38,73,10,53,8" hai3="28,84,57,46,0,87,68,118,5,61,69,60,114"/><T63/><D105/><U22/><E124/><V126/><F121/><W129/><G118/><T2/><D125/><U91/><E119/><V89/><F126/><W26/><G5/><T49/><D75/><U29/><E45/><V107/><F73/><W50/><G0/><T130/><D63/><U6/><E29/><V41/><F38/><W90/><G114/><T97/><D17/><U25/><E25/><V79/><F135/><W56/><G129/><T14/><D14/><U27/><E27/><V7/><F7/><W71/><G50/><T36/><D36/><U11/><E22/><V96/><REACH who="2" step="1"/><F79/><REACH who="2" ten="244,129,289,328" step="2"/><W72/><G72/><T111/><D130/><U108/><E6/><V113/><F113/><W23/><G84/><T21/><D97/><U65/><E108/><V66/><F66/><W78/><G78/><T19/><D111/><U85/><E65/><V102/><F102/><W70/><G87/><T112/><D112/><U42/><E85/><V117/><F117/><W76/><G76/><T64/><D64/><U103/><E103/><V122/><F122/><W43/><G90/><T44/><D110/><U77/><E77/><V32/><F32/><W37/><G68/><T20/><D109/><U58/><E100/><V55/><F55/><W3/><G70/><T131/><D131/><U120/><E120/><V127/><F127/><W30/><G71/><T115/><D115/><U18/><E4/><V123/><F123/><W86/><G69/><T82/><D54/><U106/><E52/><V12/><F12/><W128/><G37/><T134/><D35/><U40/><E15/><RYUUKYOKU ba="0,1" sc="244,-10,129,-10,289,30,328,-10" hai2="8,10,39,41,47,48,53,89,93,96,99,101,107" /><INIT seed="5,1,1,0,5,120" ten="234,119,319,318" oya="1" hai0="86,112,37,27,85,10,77,128,91,18,75,87,95" hai1="114,7,16,69,68,129,94,98,92,84,14,25,101" hai2="135,49,57,72,36,67,83,116,131,126,66,105,0" hai3="100,43,93,78,108,107,132,113,46,12,70,62,97"/><U54/><E114/><V11/><F49/><W2/><G113/><T104/><D112/><U13/><E129/><V61/><F66/><N who="3" m="41303" /><G12/><T88/><D37/><U6/><E68/><V99/><F57/><W96/><G93/><T81/><D128/><U55/><E69/><N who="2" m="42223" /><F36/><N who="3" m="21863" /><G97/><N who="0" m="57575" /><D10/><N who="1" m="6231" /><E25/><V29/><F29/><W24/><G24/><T38/><D38/><U109/><E109/><V134/><F131/><W15/><G15/><T8/><D18/><U122/><E122/><V80/><F72/><W5/><G78/><N who="0" m="44255" /><D8/><N who="1" m="4247" /><E7/><N who="2" m="1511" /><F105/><W21/><G21/><T117/><D27/><U9/><E9/><V106/><F106/><W102/><G5/><T103/><D117/><U39/><E39/><V52/><F116/><W44/><G2/><T63/><D63/><U28/><E28/><V31/><F31/><W22/><G22/><T73/><D73/><U76/><E94/><V30/><F30/><W56/><G107/><T59/><D77/><U50/><E50/><V130/><F130/><W42/><G132/><T32/><D32/><U125/><E125/><V48/><F126/><W89/><G108/><T79/><D79/><U90/><E90/><V51/><F134/><W111/><G111/><T127/><D127/><U20/><E20/><V123/><F135/><W1/><G1/><T133/><D133/><U19/><E19/><V115/><F115/><W119/><G119/><T45/><D91/><U23/><E23/><V3/><F123/><W74/><G74/><T58/><D104/><U64/><E64/><V82/><F3/><W124/><G124/><T40/><D103/><U4/><E4/><V65/><F65/><RYUUKYOKU ba="1,1" sc="234,15,119,15,319,-15,318,-15" hai0="40,45,58,59,85,86,87" hai1="54,55,76,84,92,98,101" /><INIT seed="5,2,1,0,4,50" ten="249,134,304,303" oya="1" hai0="77,71,56,70,12,34,85,80,114,104,30,73,51" hai1="0,24,10,99,88,47,65,96,61,58,115,78,120" hai2="67,57,9,69,36,79,76,92,128,33,103,42,91" hai3="35,101,111,82,55,31,95,133,106,113,39,6,7"/><U135/><E120/><V62/><F33/><W105/><G39/><T14/><D104/><U48/><E115/><V131/><F103/><W86/><G111/><T16/><D114/><U94/><E135/><V4/><F69/><W11/><G113/><T49/><D14/><U72/><E24/><V32/><F32/><W123/><G123/><T15/><D12/><U100/><E0/><N who="2" m="135" /><F42/><W118/><G31/><T1/><D1/><U54/><E10/><V121/><F36/><W28/><G28/><T130/><D130/><N who="2" m="49706" /><F121/><W102/><G35/><T83/><D30/><U125/><E125/><V53/><F67/><W46/><G102/><T41/><D34/><U27/><E27/><V25/><F25/><W13/><G7/><T2/><D2/><U127/><E127/><V109/><F109/><W20/><G133/><T22/><D41/><U19/><E19/><V129/><N who="2" m="49714" /><V43/><DORA hai="3" /><F43/><W44/><G106/><T63/><D71/><U38/><E38/><V124/><F124/><W40/><G105/><T97/><D70/><U75/><REACH who="1" step="1"/><E78/><REACH who="1" ten="249,124,304,303" step="2"/><V5/><F5/><W8/><G6/><T84/><D77/><U66/><E66/><V132/><F132/><W37/><G37/><T93/><D15/><U87/><E87/><AGARI ba="2,2" hai="53,57,62,76,79,87,91,92" m="49714,135" machi="87" ten="40,5200,0" yaku="19,1,52,2" doraHai="50,3" who="2" fromWho="1" sc="249,0,124,-58,304,78,303,0" /><INIT seed="6,0,0,4,0,5" ten="249,66,382,303" oya="2" hai0="53,106,12,29,95,42,47,24,78,82,25,6,80" hai1="74,132,65,44,113,122,118,87,101,43,112,61,27" hai2="26,92,11,62,4,131,63,111,135,0,37,9,97" hai3="85,8,103,125,1,17,123,67,126,60,68,88,7"/><V66/><F37/><W121/><G103/><T105/><D53/><U64/><E74/><V30/><F131/><W120/><REACH who="3" step="1"/><G17/><REACH who="3" ten="249,66,382,293" step="2"/><T21/><D106/><U96/><E118/><V94/><F111/><W73/><G73/><T133/><D105/><U31/><E122/><V33/><F135/><W15/><G15/><T110/><D110/><U76/><E132/><V34/><F0/><W83/><AGARI ba="0,1" hai="1,7,8,60,67,68,83,85,88,120,121,123,125,126" machi="83" ten="40,8000,1" yaku="1,1,0,1,52,1,54,1,53,0" doraHai="5" doraHaiUra="107" who="3" fromWho="3" sc="249,-20,66,-20,382,-40,293,90" /><INIT seed="7,0,0,5,5,106" ten="229,46,342,383" oya="3" hai0="40,89,7,114,123,78,64,100,32,23,4,81,43" hai1="45,20,70,42,67,107,60,116,22,11,24,8,118" hai2="13,82,94,128,61,134,31,58,39,27,34,15,2" hai3="66,49,72,110,52,113,131,5,10,86,127,69,132"/><W28/><G52/><T68/><D32/><U3/><E107/><V29/><F2/><W104/><G49/><T84/><D123/><U62/><E70/><V12/><F39/><W108/><G86/><T71/><D71/><U102/><E102/><V115/><F115/><W36/><G28/><T44/><D114/><U59/><E3/><V6/><F31/><W99/><G10/><T97/><D68/><U133/><E133/><V79/><F128/><W90/><G90/><T92/><D64/><U77/><E77/><V101/><F134/><W65/><G99/><T51/><D40/><U119/><E67/><V83/><F6/><W95/><G5/><T38/><D38/><U1/><E1/><V126/><F126/><W73/><G36/><T57/><D57/><U63/><E59/><V98/><F82/><W47/><G127/><T26/><REACH who="0" step="1"/><D100/><REACH who="0" ten="219,46,342,383" step="2"/><U55/><E55/><N who="2" m="34015" /><F34/><W88/><G69/><T30/><AGARI ba="0,1" hai="4,7,23,26,30,43,44,51,78,81,84,89,92,97" machi="30" ten="20,5200,0" yaku="1,1,0,1,7,1,8,1,53,0" doraHai="106" doraHaiUra="33" who="0" fromWho="0" sc="219,62,46,-13,342,-13,383,-26" owari="281,-12.0,33,-47.0,329,13.0,357,46.0" /></mjloggm>