<mjloggm ver="2.3"><GO type="169" lobby="0"/><UN n0="%E5%81%BD%E5%96%84%E8%80%85%E9%AB%98%E6%A9%8B%E3%81%BF%E3%81%AA%E3%81%BF" n1="%E3%82%A6%E3%83%AB%E3%83%88%E3%83%A9%E7%AB%8B%E7%9B%B4" n2="%73%66%73%66" n3="%E3%82%B1%E3%83%B3%E3%83%A4%E2%98%85" dan="16,17,17,17" rate="2096.65,2136.07,2150.96,2148.90" sx="F,M,M,M"/><TAIKYOKU oya="0"/><INIT seed="0,0,0,0,2,71" ten="250,250,250,250" oya="0" hai0="44,70,125,62,121,133,90,59,46,127,108,3,56" hai1="130,30,20,85,40,110,53,17,129,45,55,54,58" hai2="109,29,98,51,131,24,43,118,99,35,73,67,96" hai3="18,135,86,4,89,94,23,95,81,74,27,68,88"/><T122/><D3/><U77/><E30/><V21/><F73/><W113/><G113/><T105/><D105/><U0/><E0/><V36/><F118/><W12/><G68/><T25/><D25/><U116/><E116/><V32/><F131/><W10/><G135/><T84/><D133/><U37/><E110/><V124/><F109/><W26/><G74/><T93/><D108/><U61/><E85/><V19/><F124/><N who="0" m="47690" /><D70/><U64/><REACH who="1" step="1"/><E77/><REACH who="1" ten="250,240,250,250" step="2"/><V100/><F29/><W16/><G81/><T42/><D121/><U80/><E80/><V112/><F99/><N who="3" m="57799" /><G26/><AGARI ba="0,1" hai="17,20,26,37,40,45,53,54,55,58,61,64,129,130" machi="26" ten="40,2600,0" yaku="1,1,52,1,53,0" doraHai="71" doraHaiUra="2" who="1" fromWho="3" sc="250,0,240,36,250,0,250,-26" /><INIT seed="1,0,0,0,4,21" ten="250,276,250,224" oya="1" hai0="60,122,119,135,92,124,26,27,82,58,6,91,101" hai1="93,111,107,32,18,121,36,132,63,61,94,109,84" hai2="33,66,134,22,85,78,62,68,133,48,38,65,39" hai3="64,44,54,123,35,98,74,47,7,57,9,56,3"/><U12/><E107/><V102/><F33/><W49/><G123/><T42/><D119/><U120/><E36/><V115/><F102/><W1/><G74/><T86/><D124/><U76/><E32/><V8/><F115/><W118/><G118/><T96/><D135/><N who="2" m="51722" /><F8/><W30/><G1/><T130/><D130/><U45/><E132/><V90/><F78/><W2/><G2/><T114/><D114/><U127/><E127/><V5/><F5/><W67/><G98/><T87/><D122/><N who="1" m="47211" /><E76/><V83/><F66/><W112/><G112/><T46/><D6/><U100/><E100/><V0/><F0/><W104/><G104/><T113/><D113/><U72/><E72/><V25/><F48/><W105/><G105/><T73/><D73/><U40/><E84/><V126/><F126/><W14/><G3/><T69/><D69/><U55/><E93/><V110/><F39/><W97/><G97/><T131/><D131/><U108/><E94/><V50/><F38/><W11/><G11/><T95/><D95/><U103/><E103/><V20/><F22/><W117/><G117/><T41/><D87/><U125/><E125/><V37/><F37/><W59/><G47/><T28/><D28/><U80/><E80/><V15/><F85/><W81/><G81/><T19/><D46/><U34/><E34/><V51/><F83/><W128/><G128/><T52/><D19/><U88/><E40/><AGARI ba="0,0" hai="26,27,40,41,42,52,58,60,82,86,91,92,96,101" machi="40" ten="40,8000,1" yaku="8,1,52,2,54,1" doraHai="21" who="0" fromWho="1" sc="250,80,276,-80,250,0,224,0" /><INIT seed="2,0,0,5,3,25" ten="330,196,250,224" oya="2" hai0="128,30,47,2,81,114,0,75,29,48,123,9,93" hai1="35,60,132,133,5,24,52,16,78,56,44,84,50" hai2="101,110,58,3,107,109,99,12,113,8,61,65,102" hai3="87,69,119,106,126,130,90,97,45,85,80,83,131"/><V10/><F113/><W19/><G69/><T122/><D114/><U51/><E5/><V104/><F3/><W82/><G19/><T127/><D127/><U15/><E84/><N who="3" m="32330" /><G45/><T34/><D128/><N who="3" m="49193" /><G119/><T121/><D34/><U38/><E78/><V23/><F23/><W96/><G126/><T14/><D93/><U100/><E100/><V111/><REACH who="2" step="1"/><F12/><REACH who="2" ten="330,196,240,224" step="2"/><W77/><G77/><T33/><D0/><U43/><E35/><V89/><F89/><W53/><G90/><T70/><D2/><U49/><REACH who="1" step="1"/><E24/><REACH who="1" ten="330,186,240,224" step="2"/><V76/><F76/><W95/><G82/><T98/><D33/><U64/><E64/><V124/><F124/><W20/><G80/><T6/><D81/><U91/><E91/><V73/><F73/><W31/><G83/><T22/><D75/><U92/><E92/><V135/><F135/><W68/><G95/><T32/><D32/><U79/><E79/><V120/><F120/><W55/><G106/><T115/><D123/><U26/><E26/><V37/><F37/><W103/><G103/><T118/><D122/><U105/><E105/><V36/><F36/><W27/><G27/><T116/><D121/><U54/><E54/><V17/><F17/><W134/><G134/><T46/><D115/><U1/><E1/><V42/><F42/><W13/><G55/><T28/><D116/><U7/><E7/><V11/><F11/><AGARI ba="0,2" hai="11,15,16,38,43,44,49,50,51,52,56,60,132,133" machi="11" ten="40,5200,0" yaku="1,1,54,2,53,0" doraHai="25" doraHaiUra="21" who="1" fromWho="2" sc="330,0,186,72,240,-52,224,0" /><INIT seed="3,0,0,4,0,35" ten="330,258,188,224" oya="3" hai0="67,9,38,99,50,77,15,85,23,112,125,61,30" hai1="5,1,132,45,120,11,87,90,46,88,53,97,115" hai2="117,83,91,7,94,113,20,8,109,13,26,48,25" hai3="103,119,44,110,40,14,78,106,19,105,4,37,28"/><W127/><G119/><T129/><D38/><U41/><E120/><V81/><F117/><W33/><G127/><T89/><D125/><U122/><E122/><V82/><F113/><W92/><G78/><T3/><D129/><U116/><E115/><V86/><F109/><W31/><G4/><T130/><D130/><U76/><E132/><V34/><F34/><W70/><G70/><T79/><D112/><U69/><E69/><V62/><F62/><W134/><G134/><T95/><D50/><U17/><E46/><V93/><F93/><W80/><G80/><T55/><D55/><U126/><E53/><V16/><REACH who="2" step="1"/><F48/><REACH who="2" ten="330,258,178,224" step="2"/><W2/><G92/><T60/><D61/><U131/><E116/><V133/><F133/><W12/><G33/><T75/><D60/><U101/><E126/><V39/><F39/><W121/><G121/><T71/><D95/><U107/><E131/><V29/><F29/><W63/><G110/><T6/><D30/><U84/><E107/><V96/><F96/><W72/><G106/><T47/><D99/><U102/><E97/><V56/><F56/><W68/><G31/><T111/><D111/><U10/><E45/><V43/><F43/><W108/><G28/><T74/><D47/><U128/><E41/><V22/><F22/><W100/><G105/><T24/><D71/><U54/><E128/><V27/><AGARI ba="0,1" hai="7,8,13,16,20,25,26,27,81,82,83,86,91,94" machi="27" ten="30,7900,0" yaku="1,1,0,1,8,1,54,1,53,0" doraHai="35" doraHaiUra="58" who="2" fromWho="2" sc="330,-20,258,-20,178,89,224,-39" /><INIT seed="4,0,0,1,5,134" ten="310,238,267,185" oya="0" hai0="50,119,107,18,35,60,34,90,81,88,128,80,17" hai1="0,46,30,86,124,28,126,40,89,118,49,91,112" hai2="23,29,66,64,25,43,123,135,2,26,77,1,11" hai3="62,63,132,114,39,33,84,37,113,104,45,53,20"/><T127/><D119/><U10/><E118/><V111/><F111/><W115/><G33/><T79/><D107/><U73/><E73/><V54/><F77/><W55/><G104/><T15/><D128/><U133/><E89/><V109/><F109/><W99/><G99/><T82/><D79/><U19/><E133/><V122/><F135/><W67/><G20/><T94/><D60/><N who="3" m="23081" /><G84/><T74/><D74/><U110/><E110/><V131/><F131/><W59/><G132/><T83/><D17/><U42/><E42/><V16/><F43/><N who="3" m="22767" /><G39/><T116/><D116/><U96/><E112/><V76/><F76/><W65/><G59/><T68/><D35/><U3/><E96/><V92/><F92/><W14/><G14/><T6/><D34/><U22/><E10/><V93/><F93/><W38/><G38/><T12/><D6/><U125/><E86/><V32/><F11/><W7/><G7/><T97/><D12/><N who="1" m="9575" /><E91/><V58/><F2/><AGARI ba="0,0" hai="0,2,3,28,30,40,46,49,124,125,126" m="9575" machi="2" ten="40,8000,1" yaku="18,1,52,3" doraHai="134" who="1" fromWho="2" sc="310,0,238,80,267,-80,185,0" /><INIT seed="5,0,0,2,2,128" ten="310,318,187,185" oya="1" hai0="74,111,101,118,77,65,122,90,116,55,16,105,106" hai1="110,113,109,100,117,18,36,45,32,112,71,31,27" hai2="44,46,69,53,1,26,2,14,28,19,60,124,126" hai3="25,70,59,38,37,40,6,11,94,78,15,84,61"/><U4/><E71/><V10/><F69/><W95/><G70/><T54/><D65/><U64/><E64/><V81/><F81/><N who="3" m="47159" /><G37/><T123/><D111/><N who="1" m="42507" /><E100/><V125/><F60/><W132/><G38/><T98/><D105/><U58/><E58/><V17/><F53/><N who="0" m="19978" /><D90/><U79/><E79/><V30/><F46/><W85/><G40/><T127/><D127/><U92/><E92/><V9/><F44/><W0/><G0/><N who="2" m="105" /><F26/><W35/><G94/><T50/><D50/><U133/><E117/><V104/><F104/><W87/><G95/><T134/><D74/><U7/><E45/><V42/><F42/><W120/><G25/><T12/><D77/><U131/><E36/><V93/><F93/><W73/><G73/><T121/><D134/><U114/><E133/><V22/><F17/><W57/><G132/><T62/><D62/><U13/><E131/><V68/><F68/><W80/><G80/><T86/><D86/><U75/><E75/><V91/><F91/><W5/><G87/><T24/><D24/><U29/><E29/><AGARI ba="0,0" hai="9,10,14,19,22,28,29,30,124,125,126" m="105" machi="29" ten="40,5200,0" yaku="18,1,34,2" doraHai="128" who="2" fromWho="1" sc="310,0,318,-52,187,52,185,0" /><INIT seed="6,0,0,0,4,75" ten="310,266,239,185" oya="2" hai0="92,37,133,29,34,127,13,22,42,47,85,131,27" hai1="124,72,109,61,6,87,53,24,134,114,52,74,66" hai2="54,101,128,18,11,32,51,10,113,132,112,108,123" hai3="120,103,40,60,71,59,135,95,88,25,0,21,63"/><V122/><F32/><W5/><G120/><N who="2" m="46121" /><F101/><W82/><G135/><T105/><D105/><U89/><E74/><V98/><F98/><W80/><G40/><T110/><D110/><U38/><E72/><V12/><F132/><W58/><G71/><T73/><D133/><U121/><E87/><V79/><F108/><W99/><G5/><T69/><D73/><U49/><E89/><V15/><F79/><W111/><G0/><T93/><D69/><U119/><E6/><N who="2" m="3159" /><F54/><N who="3" m="33879" /><G103/><T83/><D131/><U86/><E52/><V62/><F62/><W94/><G94/><T16/><REACH who="0" step="1"/><D127/><REACH who="0" ten="300,266,239,185" step="2"/><U100/><E124/><V118/><F128/><W35/><G111/><T9/><D9/><U68/><E109/><V19/><F118/><W81/><G35/><T1/><D1/><U46/><E134/><V107/><F107/><W115/><G115/><N who="2" m="44105" /><F51/><W56/><G63/><T84/><D84/><U31/><E86/><V30/><F30/><AGARI ba="0,1" hai="21,25,30,56,59,80,81,82,88,95,99" m="33879" machi="30" ten="30,2000,0" yaku="8,1,54,1" doraHai="75" who="3" fromWho="2" sc="300,0,266,0,239,-20,185,30" /><INIT seed="7,0,0,1,2,111" ten="300,266,219,215" oya="3" hai0="59,7,113,114,135,54,38,62,12,0,34,60,51" hai1="68,6,127,94,64,86,81,22,23,3,10,91,98" hai2="73,29,80,117,20,129,32,24,42,14,112,15,66" hai3="52,11,18,56,27,133,105,104,103,125,4,128,16"/><W5/><G125/><T132/><D0/><U1/><E1/><V123/><F117/><W17/><G133/><N who="0" m="51275" /><D38/><U107/><E107/><V13/><F66/><W26/><G128/><T109/><D109/><U69/><E127/><V48/><F129/><W75/><G75/><T87/><D34/><U47/><E47/><V28/><F123/><W55/><G103/><T21/><D87/><U90/><E64/><V72/><F112/><N who="0" m="43114" /><D21/><U89/><E23/><V124/><F124/><W95/><G95/><T126/><D126/><U101/><E22/><V65/><F32/><W96/><G96/><T44/><D59/><U2/><E2/><V50/><F73/><W131/><G131/><T119/><D119/><U53/><E3/><V97/><F72/><W74/><G74/><T83/><D83/><U40/><E86/><V25/><F80/><W71/><G71/><T130/><D130/><U43/><E81/><V115/><F115/><W33/><G56/><T46/><D46/><U78/><E69/><V84/><F84/><W31/><G27/><T99/><D99/><U93/><E68/><V100/><F97/><W79/><G79/><T116/><D116/><U63/><E78/><V108/><F108/><W37/><G37/><T121/><D121/><U120/><E120/><V106/><F25/><W30/><G30/><T76/><D76/><U39/><E39/><V122/><F29/><W102/><G102/><T77/><D77/><U118/><E118/><V35/><F28/><W134/><G134/><T110/><D110/><U88/><N who="1" m="22528" /><DORA hai="82" /><U58/><E94/><V61/><F122/><RYUUKYOKU ba="0,0" sc="300,15,266,15,219,-15,215,-15" hai0="7,12,44,51,54,60,62" hai1="6,10,40,43,53,58,63,93,98,101" owari="315,42.0,281,8.0,204,-20.0,200,-30.0" /></mjloggm>