<mjloggm ver="2.3"><GO type="41" lobby="0"/><UN n0="%77%65" n1="%E7%9B%AE%E6%A8%99%E3%81%AF%E5%B9%B3%E5%9D%87%E3%83%AC%E3%83%BC%E3%83%88" n2="%E5%B0%B1%E6%B4%BB%E7%94%9F%40%E5%B7%9D%E6%9D%91%E8%BB%8D%E5%9B%A3" n3="%E5%8F%A3%E5%86%85%E7%82%8E%E3%81%8C%E3%81%A7%E3%81%8D%E3%81%A6%E3%82%8B" dan="14,13,16,15" rate="1931.47,1882.22,2152.19,1995.44" sx="M,M,M,F"/><TAIKYOKU oya="0"/><INIT seed="0,0,0,5,2,122" ten="250,250,250,250" oya="0" hai0="71,55,92,51,115,94,74,58,39,111,121,34,90" hai1="133,109,103,107,67,59,70,110,125,57,106,79,53" hai2="2,85,63,5,89,62,99,23,42,60,77,50,11" hai3="88,54,105,19,6,32,24,0,52,131,61,95,56"/><T98/><D121/><U69/><E79/><V13/><F77/><W14/><G105/><N who="1" m="39946" /><E103/><V45/><F99/><W48/><G131/><T83/><D115/><U130/><E130/><V93/><F2/><W100/><G100/><N who="0" m="60487" /><D39/><U38/><E38/><V68/><REACH who="2" step="1"/><F23/><REACH who="2" ten="250,250,240,250" step="2"/><W31/><G0/><T120/><D120/><U132/><E125/><V16/><F16/><W26/><G6/><T119/><D34/><U28/><E28/><V49/><F49/><W37/><G37/><T126/><D126/><U25/><E25/><V12/><F12/><W76/><G76/><T7/><D7/><U21/><E21/><V8/><F8/><W33/><G26/><T135/><D74/><U97/><E97/><V81/><F81/><W108/><G48/><T101/><D83/><U112/><E112/><V47/><F47/><W80/><G80/><T134/><D101/><U46/><E46/><V82/><F82/><W102/><G102/><T73/><D73/><U113/><E113/><V10/><F10/><W72/><G72/><T116/><D94/><U66/><E70/><AGARI ba="0,1" hai="5,11,13,42,45,50,60,62,63,68,70,85,89,93" machi="70" ten="40,1300,0" yaku="1,1,53,0" doraHai="122" doraHaiUra="78" who="2" fromWho="1" sc="250,0,250,-13,240,23,250,0" /><INIT seed="1,0,0,0,5,57" ten="250,237,263,250" oya="1" hai0="114,104,79,42,119,126,135,3,31,67,96,70,118" hai1="26,72,20,127,33,48,6,23,7,36,2,68,81" hai2="16,117,82,43,60,40,58,18,115,61,24,123,49" hai3="106,132,12,35,105,59,73,86,75,110,62,17,69"/><U102/><E36/><V130/><F123/><W66/><G110/><T64/><D114/><U13/><E68/><V134/><F117/><W52/><G35/><T113/><D113/><U124/><E102/><V38/><F130/><W21/><G132/><T97/><D3/><U9/><E48/><V10/><F115/><W116/><G116/><T63/><D135/><U122/><E122/><V53/><F134/><W46/><G46/><T101/><D126/><N who="1" m="48171" /><E81/><V54/><F38/><W76/><G86/><T120/><D120/><U88/><E88/><V125/><F125/><W45/><G45/><T47/><D97/><U8/><E72/><V95/><F82/><W128/><G128/><T30/><D79/><U5/><E5/><V93/><F18/><W15/><G15/><T50/><D31/><AGARI ba="0,0" hai="2,6,7,8,9,13,20,23,26,31,33" m="48171" machi="31" ten="30,5800,0" yaku="18,1,34,2" doraHai="57" who="1" fromWho="0" sc="250,-58,237,58,263,0,250,0" /><INIT seed="1,1,0,2,2,115" ten="192,295,263,250" oya="1" hai0="118,124,91,18,130,45,11,122,74,94,103,13,71" hai1="69,1,24,5,134,102,129,82,81,77,33,20,26" hai2="27,7,32,120,28,30,38,9,121,53,97,68,12" hai3="31,35,46,70,59,109,57,41,60,62,85,50,43"/><U99/><E69/><V113/><F68/><W112/><G112/><T110/><D71/><U80/><E134/><V65/><F38/><W3/><G3/><T119/><D74/><U8/><E129/><V106/><F65/><W67/><G109/><T4/><D103/><U76/><E33/><V108/><F53/><N who="3" m="33839" /><G31/><T72/><D72/><U114/><E114/><V93/><F106/><W58/><G85/><T47/><D130/><U116/><E116/><V54/><F113/><W79/><G79/><T78/><D78/><U125/><E125/><V87/><F108/><W51/><G35/><T0/><D110/><U131/><E131/><V132/><F132/><W15/><G15/><T40/><D124/><U75/><E75/><V86/><F30/><W22/><G22/><T29/><D29/><U73/><E73/><V34/><F34/><W23/><G23/><T61/><D61/><U25/><REACH who="1" step="1"/><E20/><REACH who="1" ten="192,285,263,250" step="2"/><V84/><F120/><W37/><G37/><T95/><D122/><U123/><E123/><V66/><F121/><W104/><G104/><AGARI ba="1,1" hai="1,5,8,24,25,26,76,77,80,81,82,99,102,104" machi="104" ten="40,2000,0" yaku="1,1,53,0" doraHai="115" doraHaiUra="16" who="1" fromWho="3" sc="192,0,285,33,263,0,250,-23" /><INIT seed="1,2,0,2,1,37" ten="192,318,263,227" oya="1" hai0="22,124,90,134,11,98,18,0,106,7,91,19,133" hai1="67,51,76,79,135,112,103,40,86,26,61,44,24" hai2="31,25,82,16,50,35,117,2,41,125,5,34,20" hai3="65,72,69,118,105,48,36,126,96,84,14,132,70"/><U28/><E112/><V102/><F117/><W128/><G72/><T52/><D124/><U63/><E135/><N who="0" m="51721" /><D106/><U46/><E103/><V115/><F115/><W123/><G36/><T116/><D116/><U6/><E6/><V87/><F125/><W127/><G105/><T114/><D114/><U68/><E63/><V47/><F102/><W120/><G96/><T66/><D66/><U122/><E122/><N who="3" m="46634" /><G84/><T131/><D131/><U85/><E46/><V109/><F109/><W12/><G12/><N who="0" m="9543" /><D98/><U33/><REACH who="1" step="1"/><E24/><REACH who="1" ten="192,308,263,227" step="2"/><V38/><F5/><W43/><G126/><T53/><D19/><U130/><E130/><V77/><F2/><W83/><G128/><T71/><D71/><U21/><E21/><V129/><F129/><W58/><G70/><T15/><D0/><U97/><E97/><V81/><F35/><W39/><G69/><T45/><D45/><U93/><E93/><V13/><F81/><W113/><G83/><T101/><D101/><U56/><E56/><V78/><F38/><W73/><G58/><T9/><D9/><U89/><E89/><AGARI ba="2,1" hai="13,16,20,25,31,34,41,47,50,77,78,82,87,89" machi="89" ten="30,3900,0" yaku="7,1,52,1,54,1" doraHai="37" who="2" fromWho="1" sc="192,0,308,-45,263,55,227,0" /><AGARI ba="2,0" hai="7,11,15,52,53,89,90,91" m="9543,51721" machi="89" ten="30,2000,0" yaku="20,1,54,1" doraHai="37" who="0" fromWho="1" sc="192,20,263,-20,318,0,227,0" /><INIT seed="2,0,0,3,5,122" ten="212,243,318,227" oya="2" hai0="39,23,123,33,99,132,78,13,60,57,77,52,18" hai1="24,76,80,131,93,71,84,36,70,58,64,19,67" hai2="0,25,4,120,35,85,56,83,30,92,129,135,46" hai3="17,37,49,40,89,103,54,55,81,15,107,126,41"/><V12/><F120/><W128/><G128/><T2/><D123/><U124/><E36/><V6/><F129/><W16/><G126/><T48/><D132/><U74/><E131/><V94/><F135/><W114/><G114/><T102/><D2/><U28/><E124/><V104/><F104/><W106/><G17/><T42/><D33/><U82/><E19/><V3/><F3/><W130/><G130/><T75/><D39/><U98/><E58/><V118/><F118/><W53/><G37/><T61/><D75/><U134/><E134/><V111/><F0/><W121/><G121/><T90/><D90/><U31/><E31/><V87/><F46/><W69/><G69/><T105/><REACH who="0" step="1"/><D42/><REACH who="0" ten="202,243,318,227" step="2"/><U125/><E125/><V38/><F38/><W66/><G41/><T109/><D109/><U50/><E74/><V79/><F111/><W96/><G40/><T133/><D133/><U68/><E71/><V119/><F119/><W65/><G49/><T11/><D11/><U21/><E50/><V47/><F79/><AGARI ba="0,1" hai="13,18,23,48,52,57,60,61,77,78,79,99,102,105" machi="79" ten="40,2600,0" yaku="1,1,54,1,53,0" doraHai="122" doraHaiUra="88" who="0" fromWho="2" sc="202,36,243,0,318,-26,227,0" /><INIT seed="3,0,0,0,4,97" ten="238,243,292,227" oya="3" hai0="40,7,56,95,54,128,47,41,66,99,74,3,21" hai1="17,16,122,27,23,58,11,63,8,85,88,25,127" hai2="71,83,65,81,29,37,36,84,22,19,31,14,33" hai3="49,90,121,45,126,4,133,12,69,93,80,62,43"/><W117/><G117/><T111/><D128/><U73/><E122/><V42/><F33/><W67/><G121/><T91/><D111/><U32/><E73/><V98/><F71/><W94/><G126/><T92/><D66/><N who="1" m="39287" /><E32/><V104/><F65/><W20/><G133/><T75/><D3/><U61/><E127/><V102/><F81/><W125/><G125/><T51/><D7/><U60/><E61/><V129/><F129/><W77/><G90/><T115/><D115/><U18/><E60/><V105/><F105/><W124/><G124/><T53/><D75/><U48/><E48/><V108/><F108/><W24/><G4/><T130/><D74/><U79/><E79/><V38/><REACH who="2" step="1"/><F42/><REACH who="2" ten="238,243,282,227" step="2"/><W100/><G69/><T132/><D130/><U82/><E25/><V135/><F135/><W123/><G24/><T59/><D132/><U103/><E103/><V78/><AGARI ba="0,1" hai="14,19,22,29,31,36,37,38,78,83,84,98,102,104" machi="78" ten="30,4000,0" yaku="1,1,0,1,52,1,53,0" doraHai="97" doraHaiUra="109" who="2" fromWho="2" sc="238,-10,243,-10,282,50,227,-20" /><INIT seed="4,0,0,1,5,114" ten="228,233,332,207" oya="0" hai0="82,122,63,78,26,97,15,112,24,65,116,12,51" hai1="105,58,69,72,25,47,107,36,121,53,94,119,38" hai2="120,88,80,49,61,32,90,103,23,45,91,77,71" hai3="1,133,35,110,95,96,128,135,127,98,37,60,75"/><T118/><D122/><U2/><E121/><V124/><F32/><W132/><G110/><T104/><D112/><U70/><E72/><V16/><F120/><W33/><G37/><T48/><D104/><U54/><E2/><V62/><F124/><W111/><G111/><T13/><D97/><N who="3" m="37481" /><G75/><T130/><D130/><U92/><E25/><N who="2" m="14567" /><F71/><W4/><G128/><T46/><D26/><U89/><E89/><V43/><F103/><W57/><G95/><T100/><D100/><U3/><E3/><V93/><F93/><W86/><G86/><AGARI ba="0,0" hai="43,45,49,61,62,77,80,86,88,90,91" m="14567" machi="86" ten="30,3900,0" yaku="8,1,54,2" doraHai="114" who="2" fromWho="3" sc="228,0,233,0,332,39,207,-39" /><INIT seed="5,0,0,4,3,76" ten="228,233,371,168" oya="1" hai0="70,0,17,35,78,1,113,21,10,120,94,132,18" hai1="31,114,123,20,5,87,52,100,13,77,29,89,112" hai2="109,104,27,2,111,37,56,130,80,84,122,28,12" hai3="125,134,75,51,72,93,105,101,127,107,60,91,42"/><U8/><E123/><V97/><F37/><W116/><G134/><T74/><D70/><U49/><E100/><N who="2" m="62479" /><F2/><W106/><G60/><T61/><D35/><U64/><E64/><V3/><F3/><W85/><G42/><T40/><D40/><U99/><E99/><V6/><F122/><W36/><G36/><T43/><D43/><U92/><E77/><N who="2" m="46095" /><F56/><W65/><G65/><T67/><D120/><U110/><E110/><V83/><F28/><W57/><G57/><T131/><D0/><U98/><E98/><V62/><F27/><W88/><G51/><T50/><D50/><U86/><E86/><V44/><F62/><W59/><G59/><T38/><D38/><U81/><E92/><V55/><F55/><W25/><G25/><T30/><D94/><U129/><E129/><V102/><F44/><W135/><G116/><T39/><D131/><U90/><E90/><N who="3" m="34346" /><G135/><T26/><D39/><U32/><E32/><V15/><F15/><W73/><G85/><T16/><D132/><U4/><E4/><V118/><F12/><W41/><G41/><T54/><D54/><U119/><E119/><V121/><F6/><W46/><G46/><T58/><D1/><U34/><E34/><V133/><F121/><W69/><G69/><T108/><D108/><U63/><E63/><V79/><F133/><W23/><G23/><T117/><D117/><U68/><E68/><V19/><F118/><W11/><G11/><T71/><D10/><U66/><E66/><V48/><F111/><W126/><G93/><T22/><D71/><U96/><E8/><V115/><F109/><RYUUKYOKU ba="0,0" sc="228,-10,233,-10,371,-10,168,30" hai3="72,73,75,101,105,106,107,125,126,127" /><INIT seed="6,1,0,2,4,103" ten="218,223,361,198" oya="2" hai0="87,59,88,126,115,77,13,64,86,30,110,34,80" hai1="108,48,74,7,78,42,117,124,75,17,21,32,61" hai2="132,83,12,128,84,133,60,91,46,20,28,38,76" hai3="66,8,2,50,122,22,100,73,23,72,116,129,44"/><V99/><F128/><W49/><G129/><T53/><D110/><U40/><E108/><V106/><F60/><W25/><G122/><T1/><D1/><U81/><E117/><V15/><F38/><W4/><G116/><T134/><D126/><U19/><E32/><V39/><F39/><W92/><G66/><T97/><D134/><N who="2" m="51818" /><F46/><W125/><G125/><T10/><D115/><U104/><E104/><V0/><F0/><W29/><G23/><T71/><D34/><U14/><E124/><V105/><F28/><W3/><G3/><T68/><D30/><U94/><E7/><V98/><F20/><W85/><G50/><T120/><D97/><N who="2" m="36874" /><F12/><W70/><G70/><T9/><D120/><U135/><E135/><V33/><F33/><W63/><G63/><T18/><D64/><U6/><E6/><V112/><F15/><W55/><REACH who="3" step="1"/><G100/><REACH who="3" ten="218,223,361,188" step="2"/><T82/><D10/><U43/><E61/><AGARI ba="1,1" hai="9,13,18,53,59,61,68,71,77,80,82,86,87,88" machi="61" ten="30,2000,0" yaku="7,1,54,1" doraHai="103" who="0" fromWho="1" sc="218,33,223,-23,361,0,188,0" /><INIT seed="7,0,0,3,0,15" ten="251,200,361,188" oya="3" hai0="39,89,106,110,65,50,93,87,42,17,9,95,33" hai1="20,101,74,105,29,75,84,102,122,71,46,35,98" hai2="0,47,56,112,54,82,130,45,80,73,113,118,1" hai3="132,30,128,11,51,69,34,129,70,120,27,13,37"/><W126/><G37/><T91/><D33/><U5/><E122/><V55/><F130/><N who="3" m="50283" /><G120/><T94/><D106/><U131/><E71/><V38/><F38/><W49/><G132/><T57/><D39/><U123/><E123/><V76/><F118/><W16/><G126/><T3/><D110/><U63/><E35/><V119/><F119/><W127/><G127/><T18/><D3/><N who="2" m="1098" /><F80/><W10/><G10/><T134/><D134/><U107/><E131/><V41/><F41/><W78/><G78/><T44/><D57/><U88/><E5/><V96/><F96/><W115/><G115/><N who="2" m="44105" /><F54/><W85/><G85/><T4/><D65/><U25/><E63/><AGARI ba="0,0" hai="45,47,55,56,63,73,76,82" m="44105,1098" machi="63" ten="30,1000,0" yaku="15,1" doraHai="15" who="2" fromWho="1" sc="251,0,200,-10,361,10,188,0" owari="251,5.0,190,-21.0,371,47.0,188,-31.0" /></mjloggm>