<mjloggm ver="2.3"><GO type="41" lobby="0"/><UN n0="%E3%83%81%E3%83%93%E3%82%BF%E3%83%99%E3%83%83%E3%82%AD%E3%82%AA" n1="%E6%B8%A9%E5%86%B7%E4%B8%A1%E7%94%A8" n2="%E5%B0%B1%E6%B4%BB%E7%94%9F%40%E5%B7%9D%E6%9D%91%E8%BB%8D%E5%9B%A3" n3="%78%48%41%4F%78" dan="14,14,15,13" rate="1915.92,1956.64,2013.20,1961.16" sx="M,M,M,M"/><TAIKYOKU oya="0"/><INIT seed="0,0,0,0,5,100" ten="250,250,250,250" oya="0" hai0="88,79,90,41,24,115,68,1,98,116,30,26,0" hai1="78,101,19,55,28,7,131,31,53,120,81,45,74" hai2="69,128,72,121,25,63,33,20,6,54,2,49,23" hai3="65,82,29,86,132,117,83,35,39,103,108,126,40"/><T60/><D116/><U89/><E120/><V71/><F72/><W114/><G117/><T96/><D115/><U66/><E131/><V75/><F121/><W37/><G114/><T85/><D79/><U102/><E66/><V52/><F75/><W46/><G132/><T34/><D41/><U107/><E7/><V56/><F128/><W92/><G126/><T43/><D43/><U127/><E127/><V91/><F33/><W51/><G108/><T70/><D85/><U94/><E19/><V59/><F23/><W84/><G65/><T57/><D57/><U125/><E125/><V10/><REACH who="2" step="1"/><F91/><REACH who="2" ten="250,250,240,250" step="2"/><W12/><G35/><T36/><D34/><U67/><E102/><V87/><F87/><W61/><G103/><T42/><D36/><U110/><E110/><V123/><F123/><W15/><G37/><T99/><D99/><U5/><E101/><V105/><F105/><W73/><G39/><T13/><D98/><U21/><E107/><V38/><F38/><W17/><G73/><T113/><D96/><U62/><E21/><V11/><F11/><W106/><G106/><T18/><D113/><U104/><E104/><V50/><F50/><W111/><G111/><T16/><D60/><U97/><E62/><V22/><F22/><W47/><G61/><T48/><D48/><U93/><E93/><V3/><F3/><W134/><G134/><T77/><D90/><U135/><E135/><V122/><F122/><W76/><G92/><T109/><D88/><U133/><E133/><V8/><F8/><W80/><G86/><T112/><D112/><U44/><E97/><RYUUKYOKU ba="0,1" sc="250,-10,250,-10,240,30,250,-10" hai2="2,6,10,20,25,49,52,54,56,59,63,69,71" /><INIT seed="1,1,1,1,2,37" ten="240,240,270,240" oya="1" hai0="31,78,60,123,87,90,94,124,27,50,126,76,131" hai1="121,132,128,35,86,45,98,69,16,25,3,52,54" hai2="46,95,63,17,44,59,29,9,11,122,38,30,57" hai3="47,28,134,33,67,81,68,43,99,61,64,114,14"/><U42/><E69/><V49/><F122/><W83/><G134/><T93/><D60/><U91/><E121/><V102/><F38/><W92/><G114/><T125/><D123/><U65/><E132/><V53/><F102/><W23/><G33/><T89/><D50/><U129/><E3/><V0/><F95/><W58/><G68/><T73/><D131/><N who="1" m="50251" /><E98/><V72/><F72/><W5/><G67/><T18/><D18/><U118/><E65/><N who="2" m="39151" /><F0/><W113/><G113/><T36/><D36/><N who="1" m="21703" /><E118/><V24/><F24/><W127/><G127/><T117/><D117/><U56/><E56/><V39/><F39/><W51/><G28/><N who="2" m="10857" /><F17/><N who="3" m="10679" /><G5/><T77/><D31/><N who="1" m="19951" /><E16/><V88/><F88/><AGARI ba="1,1" hai="43,47,51,58,61,64,81,83,88,92,99" m="10679" machi="88" ten="30,3900,0" yaku="8,1,52,1,54,1" doraHai="37" who="3" fromWho="2" sc="240,0,240,0,270,-42,240,52" /><INIT seed="2,0,0,3,2,62" ten="240,240,228,292" oya="2" hai0="6,114,126,13,69,43,93,92,118,99,54,25,128" hai1="16,78,103,56,57,68,44,31,98,116,63,81,36" hai2="76,49,64,111,15,66,7,46,51,61,55,29,131" hai3="129,77,105,119,123,59,125,3,71,12,41,52,33"/><V40/><F131/><W115/><G52/><T86/><D114/><U42/><E116/><V122/><F122/><W23/><G23/><T9/><D128/><U94/><E31/><V117/><F117/><W38/><G59/><T102/><D118/><U50/><E36/><V10/><F111/><W75/><G12/><T79/><D126/><U112/><E112/><V109/><F109/><W113/><G41/><T88/><D69/><U121/><E121/><V22/><F76/><W133/><G77/><T110/><D110/><AGARI ba="0,0" hai="3,33,38,71,75,105,110,113,115,119,123,125,129,133" machi="110" ten="0,32000,5" yakuman="47" doraHai="62" who="3" fromWho="0" sc="240,-320,240,0,228,0,292,320" owari="-80,-58.0,240,4.0,228,-17.0,612,71.0" /></mjloggm>