<mjloggm ver="2.3"><GO type="169" lobby="0"/><UN n0="%E3%82%A6%E3%83%AB%E3%83%88%E3%83%A9%E7%AB%8B%E7%9B%B4" n1="%2D%E7%81%BC%E7%86%B1%E3%83%8E%E6%B3%A2%E5%8B%95%2D" n2="%4F%5A%4B%59" n3="%E7%BD%AE%E5%82%98" dan="16,17,16,17" rate="2130.37,2075.72,2046.34,2268.95" sx="M,M,M,M"/><TAIKYOKU oya="0"/><INIT seed="0,0,0,3,1,3" ten="250,250,250,250" oya="0" hai0="37,29,73,117,40,39,131,23,54,62,74,8,111" hai1="98,11,122,12,81,68,103,43,72,63,93,32,60" hai2="26,104,0,128,66,127,83,45,10,125,52,107,116" hai3="94,9,16,134,14,50,20,36,70,67,61,92,55"/><T118/><D131/><U13/><E122/><V97/><F128/><W91/><G134/><T22/><D111/><U84/><E32/><V99/><F116/><W38/><G9/><T28/><D8/><U119/><E119/><V33/><F66/><W112/><G112/><T49/><D49/><U31/><E31/><N who="2" m="19703" /><F83/><W53/><G94/><T56/><D56/><U77/><E43/><V34/><F97/><W78/><G78/><T100/><D100/><U124/><E124/><N who="2" m="47691" /><F99/><W96/><REACH who="3" step="1"/><G55/><REACH who="3" ten="250,250,250,240" step="2"/><T120/><D54/><U58/><E77/><V25/><F10/><W76/><G76/><T130/><D130/><U82/><E11/><V64/><F0/><W95/><G95/><T80/><D120/><U21/><E93/><V24/><F64/><W48/><G48/><T59/><D80/><U4/><E81/><V135/><F135/><W105/><G105/><N who="2" m="40521" /><F34/><W79/><G79/><T101/><D117/><U6/><E82/><V2/><F2/><W27/><G27/><T65/><D118/><U126/><E126/><V47/><F52/><W46/><AGARI ba="0,1" hai="14,16,20,36,38,46,50,53,61,67,70,91,92,96" machi="46" ten="20,5200,0" yaku="1,1,0,1,7,1,54,1,53,0" doraHai="3" doraHaiUra="30" who="3" fromWho="3" sc="250,-26,250,-13,250,-13,240,62" /><INIT seed="1,0,0,3,1,74" ten="224,237,237,302" oya="1" hai0="79,87,48,27,68,129,132,67,12,95,89,99,92" hai1="1,54,58,44,98,73,122,45,82,19,133,64,83" hai2="113,125,120,103,2,69,55,47,21,61,102,90,130" hai3="34,4,110,72,32,105,22,23,26,28,36,88,128"/><U118/><E118/><V7/><F120/><W41/><G105/><T121/><D121/><U51/><E122/><V53/><F125/><W57/><G128/><T50/><D129/><U115/><E1/><V66/><F130/><W104/><G104/><T33/><D132/><U35/><E115/><V81/><F113/><W91/><G110/><T11/><D68/><U5/><E35/><V63/><F21/><W10/><G72/><T0/><D0/><U62/><E5/><V109/><F109/><W124/><G124/><T39/><D39/><U14/><E133/><V38/><F61/><W93/><G34/><T24/><D67/><U46/><E98/><V111/><F111/><W3/><G91/><T78/><D33/><U31/><E31/><V101/><F2/><W116/><G116/><T97/><D87/><U43/><E73/><V86/><F7/><W59/><G23/><T16/><D50/><N who="1" m="26911" /><E45/><V49/><REACH who="2" step="1"/><F38/><REACH who="2" ten="224,237,227,302" step="2"/><W112/><G112/><T9/><D9/><AGARI ba="0,1" hai="9,14,19,46,51,54,58,62,64,82,83" m="26911" machi="9" ten="30,1500,0" yaku="8,1" doraHai="74" who="1" fromWho="0" sc="224,-15,237,25,227,0,302,0" /><INIT seed="1,1,0,1,4,134" ten="209,262,227,302" oya="1" hai0="102,60,41,129,71,24,128,10,13,132,113,46,130" hai1="94,103,19,99,5,92,42,86,126,95,72,65,69" hai2="135,122,70,78,33,101,20,85,36,22,14,97,112" hai3="104,133,2,38,108,125,115,1,25,73,26,6,118"/><U68/><E5/><V100/><F36/><W18/><RYUUKYOKU type="yao9" ba="1,0" sc="209,0,262,0,227,0,302,0" hai3="1,2,6,18,25,26,38,73,104,108,115,118,125,133" /><INIT seed="1,2,0,3,1,23" ten="209,262,227,302" oya="1" hai0="80,110,92,4,125,26,57,32,121,38,52,86,63" hai1="7,10,70,114,76,69,131,58,128,27,97,39,135" hai2="120,16,3,11,122,104,40,64,54,9,22,84,72" hai3="99,112,91,116,21,29,6,87,41,109,13,103,31"/><U37/><E135/><V78/><F104/><W25/><G112/><T74/><D121/><U56/><E76/><V61/><F72/><W129/><G109/><T36/><D125/><U98/><E10/><V123/><F40/><W48/><G129/><T130/><D130/><U53/><E7/><V119/><F119/><W1/><G1/><T105/><D105/><U51/><E51/><V106/><F106/><W77/><G116/><T12/><D110/><U95/><E95/><V67/><F3/><W55/><G31/><T82/><D74/><U79/><E79/><V81/><F54/><W18/><G6/><T65/><D92/><U42/><E42/><V2/><F2/><W113/><G77/><T90/><D82/><U93/><E93/><V132/><F132/><W73/><G73/><T34/><D65/><U43/><E43/><V28/><F28/><W75/><G75/><T20/><D12/><U19/><E19/><V35/><F35/><W50/><G41/><T117/><D4/><U49/><E49/><N who="3" m="19050" /><G55/><T126/><D126/><U85/><E53/><V71/><REACH who="2" step="1"/><F67/><REACH who="2" ten="209,262,217,302" step="2"/><W17/><G113/><T107/><D107/><U60/><E114/><V101/><F101/><W33/><G33/><T46/><D117/><U133/><E133/><V0/><F0/><W8/><G103/><T5/><D34/><U66/><E66/><V44/><F44/><W62/><G29/><N who="0" m="17607" /><D32/><U88/><E131/><V59/><F59/><W96/><G62/><T124/><D124/><U14/><E60/><V45/><F45/><W89/><G87/><T24/><D46/><U102/><E128/><RYUUKYOKU ba="2,1" sc="209,-15,262,-15,217,15,302,15" hai2="9,11,16,22,61,64,71,78,81,84,120,122,123" hai3="8,13,17,18,21,25,89,91,96,99" /><INIT seed="2,3,1,2,5,74" ten="194,247,232,317" oya="2" hai0="122,38,110,111,101,106,105,107,36,125,85,72,102" hai1="53,117,7,93,21,108,24,116,5,14,17,57,133" hai2="84,87,63,80,82,131,19,26,61,123,88,49,69" hai3="32,73,9,64,41,124,65,97,43,47,70,126,2"/><V34/><F123/><W71/><G32/><T121/><D72/><U91/><E108/><N who="0" m="41513" /><D125/><N who="3" m="48233" /><G97/><T98/><D98/><U113/><E113/><V51/><F131/><W31/><G31/><T46/><D46/><U40/><E40/><N who="3" m="15434" /><G73/><T50/><D50/><N who="2" m="18954" /><F34/><W109/><G109/><T28/><D28/><U96/><E133/><V112/><F69/><N who="3" m="26123" /><G47/><T6/><D6/><AGARI ba="3,1" hai="2,6,9,64,65" m="26123,15434,48233" machi="6" ten="40,1300,0" yaku="18,1" doraHai="74" who="3" fromWho="0" sc="194,-22,247,0,232,0,317,32" /><INIT seed="3,0,0,3,0,19" ten="172,247,232,349" oya="3" hai0="101,64,5,133,115,8,11,35,126,27,44,70,45" hai1="68,114,32,7,49,14,97,60,66,43,75,62,72" hai2="22,42,125,9,87,96,2,106,120,13,41,55,69" hai3="3,21,63,58,110,105,50,59,100,15,107,25,135"/><W123/><G3/><T78/><D133/><U83/><E114/><V65/><F120/><W89/><G123/><T26/><D126/><U113/><E113/><V29/><F125/><W61/><G135/><T93/><D115/><U31/><E60/><V23/><F2/><W38/><G38/><T47/><D78/><U132/><E83/><V33/><F87/><W53/><G15/><T94/><D35/><U16/><E7/><V48/><F42/><W92/><G100/><T74/><D74/><U80/><E80/><V39/><F39/><W76/><G110/><T40/><D40/><U109/><E109/><V24/><F41/><W46/><G76/><T57/><D70/><U1/><E1/><V102/><F13/><W36/><G36/><T134/><D134/><U129/><E129/><V81/><F81/><W117/><G117/><T6/><D57/><N who="3" m="21513" /><G107/><T51/><D51/><U77/><E77/><V10/><F9/><N who="0" m="3658" /><D64/><U128/><E128/><V99/><F99/><N who="3" m="57743" /><G105/><T37/><D37/><U103/><E132/><V127/><F10/><W111/><G111/><T98/><D94/><N who="1" m="58807" /><E32/><V104/><F104/><W54/><G54/><T131/><D131/><U18/><E75/><V12/><F12/><W95/><G95/><T84/><D84/><U17/><E72/><V71/><F127/><W86/><G86/><T73/><D73/><U91/><E14/><V119/><F119/><W124/><G124/><T85/><D85/><U130/><E130/><V82/><F71/><W121/><G121/><T118/><D118/><U28/><E91/><V56/><F82/><W20/><G25/><AGARI ba="0,0" hai="5,6,25,26,27,44,45,47,93,98,101" m="3658" machi="25" ten="30,2000,0" yaku="6,1,8,1" doraHai="19" who="0" fromWho="3" sc="172,20,247,0,232,0,349,-20" /><INIT seed="4,0,0,5,1,59" ten="192,247,232,329" oya="0" hai0="114,39,78,64,110,77,98,133,62,43,121,11,42" hai1="17,109,132,19,90,135,4,46,47,13,58,100,118" hai2="21,102,126,3,8,41,128,72,88,108,35,29,106" hai3="84,45,131,130,31,5,56,9,30,38,10,112,24"/><T93/><D121/><U15/><E109/><V122/><F122/><W83/><G112/><T60/><D110/><U49/><E4/><V48/><F72/><W22/><G30/><T123/><D123/><U34/><E100/><V107/><F108/><W70/><G70/><T71/><D114/><U50/><E90/><V25/><F126/><W74/><G56/><T28/><D133/><N who="1" m="51275" /><E34/><V55/><F128/><N who="3" m="49195" /><G74/><T40/><D39/><U73/><E73/><V80/><F41/><N who="3" m="22711" /><G5/><T82/><D82/><U76/><E76/><AGARI ba="0,0" hai="9,10,22,24,31,76,83,84" m="22711,49195" machi="76" ten="30,1000,0" yaku="19,1" doraHai="59" who="3" fromWho="1" sc="192,0,247,-10,232,0,329,10" /><INIT seed="5,0,0,4,4,85" ten="192,237,232,339" oya="1" hai0="83,97,81,47,100,29,106,80,127,24,1,126,90" hai1="54,22,101,130,20,84,12,5,115,102,26,23,18" hai2="37,77,14,116,21,105,131,94,123,73,93,57,52" hai3="134,91,108,32,107,27,44,70,86,11,31,133,17"/><U124/><E115/><V65/><F37/><W117/><G108/><T42/><D1/><U114/><E114/><V55/><F105/><W112/><G112/><T6/><D6/><U71/><E71/><V28/><F123/><W36/><G107/><T111/><D111/><U10/><E130/><V63/><F116/><W51/><G70/><T129/><D129/><U48/><E124/><V69/><F131/><W125/><G36/><T92/><D47/><U33/><E33/><V53/><F73/><W19/><G125/><N who="0" m="47627" /><D42/><U82/><E102/><V121/><F121/><W0/><G117/><T110/><D110/><U78/><REACH who="1" step="1"/><E101/><REACH who="1" ten="192,227,232,339" step="2"/><V2/><F69/><W61/><G134/><T68/><D68/><U132/><E132/><V103/><F103/><W88/><G133/><T72/><D106/><U56/><AGARI ba="0,1" hai="5,10,12,18,20,22,23,26,48,54,56,78,82,84" machi="56" ten="20,7800,0" yaku="1,1,0,1,7,1,8,1,53,0" doraHai="85" doraHaiUra="120" who="1" fromWho="1" sc="192,-26,227,88,232,-26,339,-26" /><INIT seed="5,1,0,1,1,10" ten="166,315,206,313" oya="1" hai0="102,12,77,91,81,93,73,88,37,9,130,7,134" hai1="128,1,115,132,133,85,48,45,14,98,59,43,52" hai2="30,126,44,42,94,117,17,120,39,3,63,96,21" hai3="113,92,2,50,15,26,61,4,90,23,103,67,131"/><U53/><E1/><V51/><F120/><W18/><G2/><T80/><D37/><N who="1" m="21743" /><E98/><V60/><F117/><W78/><G113/><T58/><D130/><U16/><E53/><V100/><F3/><W70/><G131/><T56/><D134/><N who="1" m="51819" /><E128/><V125/><F30/><W32/><G103/><T27/><D102/><U104/><E104/><V118/><F118/><W82/><G50/><T38/><D38/><U19/><E115/><V124/><REACH who="2" step="1"/><F39/><REACH who="2" ten="166,315,196,313" step="2"/><W83/><G78/><T123/><D123/><U65/><E65/><V46/><F46/><W101/><G67/><T69/><D69/><U0/><E0/><V105/><F105/><W106/><G70/><T5/><D77/><U122/><E122/><V34/><F34/><W87/><G32/><T116/><D116/><U11/><E85/><V109/><F109/><W76/><G106/><T72/><D72/><U20/><E20/><V68/><F68/><W24/><G23/><T64/><D73/><U36/><E36/><V89/><F89/><W41/><G76/><T62/><D91/><U55/><E55/><V25/><AGARI ba="1,1" hai="17,21,25,42,44,51,60,63,94,96,100,124,125,126" machi="25" ten="30,7900,0" yaku="1,1,0,1,18,1,53,1" doraHai="10" doraHaiUra="95" who="2" fromWho="2" sc="166,-21,315,-40,196,92,313,-21" /><INIT seed="6,0,0,0,1,71" ten="145,275,288,292" oya="2" hai0="103,16,9,128,123,14,132,130,102,60,127,65,32" hai1="38,72,114,108,68,8,121,42,84,54,117,28,135" hai2="44,52,116,59,31,39,45,62,6,5,113,112,0" hai3="93,101,21,87,73,18,134,96,1,34,50,77,124"/><V41/><F116/><W106/><G34/><T26/><D123/><U33/><RYUUKYOKU type="yao9" ba="0,0" sc="145,0,275,0,288,0,292,0" hai1="8,28,33,38,42,54,68,72,84,108,114,117,121,135" /><INIT seed="6,1,0,4,4,92" ten="145,275,288,292" oya="2" hai0="43,66,47,97,70,42,53,106,36,15,127,25,17" hai1="108,11,74,78,33,29,2,1,24,119,38,90,62" hai2="35,73,57,88,122,5,22,51,13,61,40,101,83" hai3="86,129,30,126,80,18,71,7,117,115,104,46,39"/><V110/><F122/><W116/><G71/><T21/><D127/><U48/><E108/><V121/><F121/><W100/><G126/><T89/><D43/><U4/><E90/><V94/><F35/><W49/><G39/><T102/><D66/><U41/><E1/><V98/><F110/><W52/><G129/><T113/><D70/><U118/><E48/><V82/><F73/><W65/><G65/><T54/><D113/><U133/><E62/><V87/><F40/><W10/><G30/><T99/><REACH who="0" step="1"/><D25/><REACH who="0" ten="135,275,288,292" step="2"/><U64/><E64/><N who="2" m="38959" /><F51/><W103/><G115/><T45/><D45/><N who="1" m="23735" /><E133/><V107/><F107/><W95/><G104/><T112/><D112/><U72/><E24/><V14/><F5/><W123/><G7/><T68/><D68/><U111/><E4/><V12/><F83/><W79/><G123/><T131/><D131/><U16/><E111/><V9/><F9/><W37/><G37/><T55/><D55/><U6/><E11/><V114/><F114/><W23/><G10/><T135/><D135/><U34/><E119/><V69/><F69/><W134/><G134/><T20/><D20/><AGARI ba="1,1" hai="12,13,14,20,22,82,87,88,94,98,101" m="38959" machi="20" ten="30,5800,0" yaku="8,1,52,1,54,1" doraHai="92" who="2" fromWho="0" sc="135,-61,275,0,288,71,292,0" /><INIT seed="6,2,0,2,0,93" ten="74,275,359,292" oya="2" hai0="68,1,30,110,27,56,113,61,96,60,114,127,102" hai1="103,13,15,131,47,69,133,18,17,11,111,76,124" hai2="80,49,120,95,24,64,42,70,122,75,105,87,26" hai3="65,86,50,73,84,94,46,55,89,116,62,5,0"/><V99/><F75/><W20/><G73/><T8/><D110/><U82/><E69/><V72/><F72/><W38/><G116/><T9/><D127/><U125/><E111/><V97/><F105/><W78/><G38/><T108/><D108/><U88/><E103/><V2/><F2/><W14/><G0/><T98/><D68/><U22/><E76/><N who="2" m="46471" /><F70/><W37/><G37/><T40/><D40/><U51/><E133/><V41/><F122/><W36/><G36/><T130/><D130/><U101/><E101/><V19/><F120/><W67/><G62/><T45/><D45/><U21/><E131/><V74/><F74/><W107/><G107/><T34/><D60/><U52/><E22/><N who="2" m="13407" /><F64/><W4/><G67/><T112/><D102/><U25/><E25/><V128/><F128/><W23/><G65/><N who="0" m="39079" /><D1/><U3/><E3/><V85/><F26/><W48/><G14/><T44/><D44/><U90/><E90/><N who="2" m="53711" /><F49/><W77/><G50/><T59/><D59/><U33/><E33/><V53/><F53/><W118/><G118/><T104/><D104/><U79/><E79/><N who="3" m="30218" /><G86/><AGARI ba="2,0" hai="11,13,15,17,18,21,47,51,52,82,86,88,124,125" machi="86" ten="40,8000,1" yaku="25,2,54,2" doraHai="93" who="1" fromWho="3" sc="74,0,275,86,359,0,292,-86" /><INIT seed="7,0,0,5,5,31" ten="74,361,359,206" oya="3" hai0="111,8,126,64,120,38,4,43,123,19,89,91,51" hai1="110,79,97,63,102,103,61,96,78,25,20,100,2" hai2="23,30,40,34,115,132,85,65,49,93,81,101,127" hai3="116,16,84,3,108,45,87,106,80,66,117,82,113"/><W90/><G3/><T14/><D38/><U128/><E128/><V109/><F34/><W73/><G66/><T21/><D126/><U9/><E9/><V26/><F109/><W52/><G108/><T77/><D111/><U107/><E2/><V72/><F72/><W68/><G68/><T24/><D123/><U76/><E110/><V86/><F127/><W62/><G106/><T22/><D120/><U130/><E130/><V57/><F115/><W122/><G73/><T6/><D64/><U5/><E5/><V119/><F132/><W121/><G113/><T28/><D6/><U99/><E107/><V83/><F119/><W74/><G74/><T10/><D10/><U94/><E94/><V69/><F69/><W134/><G134/><T67/><D67/><U46/><E46/><N who="2" m="25799" /><F101/><W35/><G35/><T54/><D21/><U125/><E125/><V37/><F37/><W12/><G122/><T11/><D11/><U39/><E39/><V41/><F41/><W58/><G121/><T95/><D43/><U50/><E50/><V104/><F104/><W133/><G133/><T0/><D77/><U71/><E71/><V55/><F65/><W98/><G98/><T15/><D95/><U42/><E42/><V129/><F129/><W17/><G45/><T18/><D15/><U124/><E124/><V60/><F93/><W70/><G70/><T56/><REACH who="0" step="1"/><D19/><AGARI ba="0,0" hai="19,20,25,61,63,76,78,79,96,97,99,100,102,103" machi="19" ten="50,6400,0" yaku="29,2,8,1" doraHai="31" who="1" fromWho="0" sc="74,-64,361,64,359,0,206,0" owari="10,-49.0,425,52.0,359,16.0,206,-19.0" /></mjloggm>