<mjloggm ver="2.3"><GO type="169" lobby="0"/><UN n0="%E3%83%89%E3%83%BC%E3%83%A0%E3%81%AE%E8%81%B7%E4%BA%BA" n1="%E6%9D%BE%E5%AE%9F%E7%8E%84%E3%81%98%E3%82%83%E3%81%AA%E3%81%84" n2="%E5%B0%B1%E6%B4%BB%E7%94%9F%40%E5%B7%9D%E6%9D%91%E8%BB%8D%E5%9B%A3" n3="%E3%82%A2%E3%83%95%E3%83%AA%E3%82%AB" dan="18,17,16,17" rate="2292.84,2130.83,2108.80,2111.28" sx="M,F,M,M"/><TAIKYOKU oya="0"/><INIT seed="0,0,0,4,3,63" ten="250,250,250,250" oya="0" hai0="10,109,40,65,12,113,9,25,125,105,47,135,22" hai1="119,41,94,36,50,20,93,29,49,118,82,35,48" hai2="101,67,117,87,132,23,55,128,81,38,92,85,103" hai3="79,39,70,91,60,30,43,0,34,121,6,17,127"/><T4/><D113/><U130/><E35/><V76/><F38/><W15/><G121/><T126/><D105/><U56/><E130/><V106/><F128/><W61/><G127/><N who="0" m="48651" /><D135/><U131/><E131/><V51/><F132/><W7/><G79/><T52/><D109/><U86/><E36/><V28/><F106/><W116/><G116/><T66/><D10/><U11/><E41/><V14/><F67/><N who="0" m="25610" /><D52/><U104/><E104/><V69/><F69/><W88/><G70/><T102/><D102/><U46/><E11/><V58/><F117/><W42/><G61/><T99/><D99/><U37/><E118/><V54/><F54/><W53/><G60/><T59/><D59/><U112/><E56/><V122/><F122/><W77/><G53/><T83/><D83/><U68/><E68/><V80/><F92/><W21/><G43/><T31/><D47/><U2/><E112/><V8/><F101/><W90/><G42/><AGARI ba="0,0" hai="4,9,12,22,25,31,40,42" m="25610,48651" machi="42" ten="30,11600,0" yaku="18,1,52,3" doraHai="63" who="0" fromWho="3" sc="250,116,250,0,250,0,250,-116" /><INIT seed="0,1,0,3,3,62" ten="366,250,250,134" oya="0" hai0="39,19,7,76,113,79,28,90,69,83,115,114,130" hai1="9,121,44,2,14,18,30,133,108,124,13,52,11" hai2="132,110,128,45,48,80,27,29,100,60,67,74,59" hai3="125,42,4,43,63,98,127,70,8,1,50,109,123"/><T106/><D106/><U105/><E105/><V99/><F110/><W77/><G109/><T31/><D39/><U55/><E108/><V10/><F128/><W68/><G123/><T20/><D69/><U101/><E121/><V73/><F132/><W116/><G116/><T32/><D7/><U94/><E2/><V35/><F10/><W117/><G117/><T88/><D32/><U21/><E133/><V22/><F80/><W24/><G77/><T131/><D31/><U118/><E124/><N who="3" m="47690" /><G98/><T12/><D28/><U16/><E44/><V104/><REACH who="2" step="1"/><F35/><REACH who="2" ten="366,250,240,134" step="2"/><W53/><G8/><T58/><D130/><U25/><E118/><V95/><F95/><W96/><G1/><T33/><D131/><U87/><E87/><V0/><F0/><W38/><G96/><AGARI ba="1,1" hai="9,11,13,14,16,18,21,25,30,52,55,94,96,101" machi="96" ten="40,8000,1" yaku="9,1,8,1,54,2" doraHai="62" who="1" fromWho="3" sc="366,0,250,93,240,0,134,-83" /><INIT seed="1,0,0,0,4,3" ten="366,343,240,51" oya="1" hai0="51,23,56,52,7,75,5,40,130,13,90,95,39" hai1="96,66,72,15,30,16,107,112,93,47,42,53,37" hai2="119,67,17,8,91,134,128,108,104,76,54,109,117" hai3="65,85,48,103,97,125,2,121,133,73,50,115,18"/><U87/><E72/><V106/><F104/><W41/><G73/><T9/><D75/><U32/><E66/><V4/><F106/><W63/><G121/><T24/><D130/><U77/><E107/><V69/><F76/><W100/><G2/><T34/><D34/><U120/><E120/><V59/><F128/><W36/><G36/><T33/><D33/><U6/><E112/><V80/><F134/><W38/><G38/><T83/><D83/><U101/><E53/><V20/><F67/><W135/><G115/><T31/><D39/><U12/><E30/><V64/><F69/><W49/><G41/><T110/><D110/><N who="2" m="42602" /><F64/><W92/><G103/><T111/><D111/><U127/><E32/><V1/><F91/><W14/><G85/><N who="0" m="52687" /><D40/><U79/><E87/><V116/><F80/><W81/><G81/><T102/><D102/><U122/><E127/><V25/><F119/><W46/><G46/><T124/><D124/><U113/><E122/><V60/><AGARI ba="0,0" hai="1,4,8,17,20,25,54,59,60,116,117" m="42602" machi="60" ten="30,2000,0" yaku="14,1,52,1" doraHai="3" who="2" fromWho="2" sc="366,-5,343,-10,240,20,51,-5" /><INIT seed="2,0,0,2,3,17" ten="361,333,260,46" oya="2" hai0="128,92,134,44,35,81,101,74,112,58,89,71,45" hai1="119,41,131,24,133,122,88,27,6,96,111,1,86" hai2="48,55,8,65,49,30,76,84,61,93,82,38,16" hai3="60,54,10,62,73,4,34,98,36,121,20,126,63"/><V69/><F38/><W18/><G34/><T57/><D35/><U97/><E119/><V59/><F30/><W130/><G36/><T95/><D71/><U7/><E111/><V19/><F8/><W115/><G121/><T107/><D112/><U75/><E75/><V11/><F11/><W37/><G37/><T77/><D128/><U106/><E131/><V132/><F132/><W25/><G130/><T87/><D134/><U80/><E133/><V5/><F5/><N who="1" m="1545" /><E106/><V127/><F127/><W52/><G126/><T22/><D92/><U29/><E1/><V94/><F49/><W28/><G73/><T15/><D44/><U3/><E3/><V120/><F120/><W100/><G28/><T117/><D45/><U32/><E32/><V31/><F31/><W103/><G115/><T0/><D0/><U46/><E122/><V72/><F93/><N who="3" m="58447" /><G103/><T12/><D117/><U123/><E123/><V43/><F43/><W124/><G124/><T90/><D90/><U68/><E68/><V33/><F33/><W51/><G51/><T118/><D118/><U109/><E109/><V110/><F110/><W108/><G108/><T50/><D50/><N who="1" m="26959" /><E29/><V129/><F129/><W91/><G91/><T113/><D113/><U64/><E64/><V83/><F94/><W42/><G42/><T13/><D107/><U105/><E105/><V135/><F135/><W53/><G4/><T78/><D101/><U85/><E85/><V40/><F40/><W125/><G125/><T67/><D67/><U104/><E104/><V116/><F116/><W79/><G79/><AGARI ba="0,0" hai="16,19,48,55,59,61,65,69,72,76,79,82,83,84" machi="79" ten="30,2900,0" yaku="7,1,54,1" doraHai="17" who="2" fromWho="3" sc="361,0,333,0,260,29,46,-29" /><INIT seed="2,1,0,2,3,77" ten="361,333,289,17" oya="2" hai0="7,22,40,119,110,54,18,0,133,53,62,134,24" hai1="75,87,45,1,2,91,121,42,63,28,108,14,95" hai2="113,97,99,135,12,41,83,26,58,103,93,37,19" hai3="105,16,11,29,80,104,51,128,98,44,17,112,126"/><V5/><F113/><W67/><G112/><T111/><D119/><U56/><E75/><V114/><F114/><W79/><G128/><T117/><D117/><U68/><E68/><V31/><F135/><N who="0" m="51722" /><D40/><U43/><E108/><N who="0" m="41513" /><D62/><U94/><E28/><V102/><F5/><W35/><G126/><T50/><D50/><U9/><E95/><V109/><F109/><W82/><G67/><T27/><D27/><U65/><E121/><V123/><F123/><W89/><G29/><T73/><D73/><U46/><E46/><V127/><F127/><W48/><G35/><T3/><D7/><U34/><E34/><V90/><F58/><W61/><G61/><T129/><D129/><U88/><E43/><V86/><F41/><W38/><G38/><T21/><D21/><U72/><E72/><V106/><F37/><W85/><G51/><T92/><D92/><U69/><E69/><V47/><F47/><W13/><G17/><T78/><D78/><U101/><E45/><V52/><F52/><AGARI ba="1,0" hai="0,3,18,22,24,52,53,54" m="41513,51722" machi="52" ten="30,3900,0" yaku="20,1,14,1,54,1" doraHai="77" who="0" fromWho="2" sc="361,42,333,0,289,-42,17,0" /><INIT seed="3,0,0,0,1,91" ten="403,333,247,17" oya="3" hai0="131,58,95,69,125,35,51,0,13,30,66,41,92" hai1="15,114,135,21,103,100,36,109,7,24,121,102,134" hai2="104,88,120,31,48,2,60,89,55,75,37,80,1" hai3="111,20,126,82,122,8,133,54,25,70,127,42,79"/><W46/><G122/><T26/><D0/><U18/><E36/><V68/><F37/><W77/><G70/><T110/><D69/><U81/><E121/><V85/><F104/><W128/><G128/><T43/><D131/><U45/><E114/><V11/><F75/><W98/><G133/><N who="1" m="50698" /><E45/><V39/><F39/><N who="3" m="21855" /><G54/><T84/><D125/><N who="3" m="47625" /><G111/><T74/><D74/><U106/><E81/><V56/><F120/><W108/><G108/><T33/><D33/><U59/><E59/><V99/><F31/><N who="3" m="17831" /><G98/><T63/><D110/><U94/><E109/><V47/><F68/><W27/><G27/><T129/><D129/><U117/><E117/><V57/><F57/><W83/><G8/><T123/><D123/><U119/><E119/><V112/><F11/><W50/><G50/><T105/><D51/><U23/><E106/><V4/><F112/><W124/><N who="3" m="47633" /><W12/><DORA hai="16" /><G12/><T53/><D105/><U86/><E24/><V29/><F29/><W116/><G116/><T115/><D115/><U78/><E15/><V49/><F49/><W93/><G93/><N who="0" m="35915" /><D13/><U97/><E97/><V44/><F99/><W52/><G52/><T96/><D96/><U90/><E103/><V19/><F48/><W40/><G40/><N who="0" m="15435" /><D53/><U71/><E71/><V62/><F55/><W28/><G28/><T118/><D118/><U9/><E102/><V113/><F113/><W132/><G132/><T14/><D14/><U64/><E100/><V73/><F73/><W5/><G5/><T65/><D65/><U22/><E64/><V34/><F4/><W3/><G3/><T67/><D67/><RYUUKYOKU ba="0,0" sc="403,15,333,-15,247,-15,17,15" hai0="26,30,35,58,63,66,84" hai3="77,79,82,83" /><INIT seed="3,1,0,3,4,89" ten="418,318,232,32" oya="3" hai0="85,38,51,112,64,28,86,41,6,1,11,117,18" hai1="96,103,13,50,29,56,22,66,63,32,92,17,94" hai2="134,116,61,25,83,77,16,57,122,45,70,40,2" hai3="110,30,0,121,24,84,87,19,36,31,39,52,130"/><W114/><G121/><T35/><D117/><U133/><E133/><V113/><F116/><W106/><G106/><T62/><D38/><U12/><E12/><V127/><F2/><W119/><G119/><T123/><D123/><U78/><E78/><V124/><F113/><W98/><G0/><T81/><D112/><U109/><E109/><V42/><F70/><W5/><G5/><T3/><D3/><U9/><E32/><V105/><F105/><W129/><G114/><T111/><D111/><U53/><E29/><N who="3" m="10762" /><G110/><T7/><D7/><U27/><E27/><V71/><F134/><W95/><G39/><T59/><D18/><U4/><E4/><V74/><F71/><W91/><G36/><T118/><D118/><U131/><E9/><V65/><F122/><W58/><G130/><T46/><D81/><U55/><E131/><V60/><F60/><N who="3" m="35911" /><G129/><T104/><D104/><U79/><E79/><V23/><REACH who="2" step="1"/><F45/><REACH who="2" ten="418,318,222,32" step="2"/><W69/><G69/><T14/><D1/><U132/><E132/><V101/><F101/><W48/><G48/><T44/><D51/><U10/><E50/><V54/><F54/><W33/><G33/><T80/><D35/><U100/><E55/><V67/><F67/><W88/><G91/><T15/><D64/><U93/><E66/><V97/><F97/><W108/><G108/><T135/><D135/><U82/><E96/><V76/><F76/><W102/><G102/><T37/><D37/><U126/><E103/><V115/><F115/><W68/><G68/><T120/><D120/><U20/><E100/><V34/><F34/><W49/><G49/><RYUUKYOKU ba="1,1" sc="418,-15,318,-15,222,15,32,15" hai2="16,23,25,40,42,57,61,65,74,77,83,124,127" hai3="19,24,84,87,88,95,98" /><INIT seed="3,2,1,3,1,71" ten="403,303,237,47" oya="3" hai0="11,113,123,0,37,76,77,59,130,64,23,44,74" hai1="133,54,122,104,9,26,69,21,63,79,45,70,120" hai2="95,43,39,89,18,92,22,15,16,68,42,61,83" hai3="129,36,80,99,67,72,115,34,47,90,33,97,57"/><W102/><G115/><T85/><D123/><U6/><E104/><V31/><F31/><W60/><G129/><T81/><D130/><U7/><E7/><V29/><F29/><W4/><G4/><N who="0" m="1415" /><D23/><U56/><E133/><V17/><F68/><W35/><G102/><T32/><D32/><U101/><E101/><V125/><F125/><W127/><G127/><T126/><D126/><U103/><E103/><V121/><F121/><W12/><G12/><T53/><D64/><U128/><E70/><V8/><F61/><W58/><G58/><T1/><D1/><U13/><E128/><V50/><F39/><W119/><G119/><T114/><D85/><U52/><E79/><V46/><F43/><W14/><G14/><T96/><D96/><U84/><E84/><N who="2" m="50335" /><F22/><W88/><G90/><T55/><D77/><U131/><E69/><V73/><F73/><W48/><G72/><T108/><D108/><U109/><E109/><V107/><F107/><W49/><G49/><N who="0" m="31215" /><D53/><U62/><E131/><V116/><F116/><W40/><REACH who="3" step="1"/><G48/><REACH who="3" ten="403,303,237,37" step="2"/><T82/><D114/><U110/><E110/><V112/><F112/><W106/><G106/><T41/><D113/><U38/><E122/><V65/><F65/><W86/><AGARI ba="2,2" hai="33,34,35,36,40,47,57,60,67,80,86,88,97,99" machi="86" ten="40,18000,2" yaku="1,1,0,1,52,1,54,1,53,2" doraHai="71" doraHaiUra="93" who="3" fromWho="3" sc="403,-62,303,-62,237,-62,37,206" /><INIT seed="3,3,0,4,2,41" ten="341,241,175,243" oya="3" hai0="126,108,82,102,60,23,99,130,100,134,107,105,72" hai1="121,42,2,83,39,36,98,0,124,120,5,15,8" hai2="11,31,19,112,68,50,110,52,49,46,53,40,59" hai3="26,4,85,58,114,71,13,117,84,135,21,115,94"/><W133/><G71/><T125/><D108/><U27/><E124/><N who="0" m="47721" /><D130/><U63/><E63/><V87/><F110/><W119/><G58/><T25/><D60/><U127/><E127/><V38/><F112/><N who="3" m="43051" /><G94/><N who="0" m="58487" /><D134/><N who="3" m="51209" /><G85/><T9/><D9/><U109/><E27/><V45/><F31/><N who="3" m="17871" /><G84/><T64/><D64/><U73/><E109/><V104/><F104/><W34/><G34/><T61/><D61/><U10/><E98/><V122/><F122/><W79/><G79/><N who="0" m="44391" /><D102/><U89/><E121/><V81/><F68/><W43/><G43/><T129/><D129/><U3/><E42/><V67/><F67/><W113/><G113/><T37/><D37/><U57/><E57/><V51/><F38/><W16/><G4/><T6/><D6/><U106/><E120/><V20/><F87/><W111/><G111/><T96/><D96/><U123/><E123/><V116/><F81/><W86/><G86/><T7/><D7/><U76/><E36/><V30/><F116/><W44/><G44/><T69/><D69/><U70/><E70/><V75/><F75/><W47/><G47/><T48/><D48/><U128/><E39/><V101/><F101/><W103/><G103/><T18/><AGARI ba="3,0" hai="18,23,25,105,107" m="44391,58487,47721" machi="18" ten="30,1100,0" yaku="18,1" doraHai="41" who="0" fromWho="0" sc="341,20,241,-6,175,-6,243,-8" /><INIT seed="4,0,0,3,0,83" ten="361,235,169,235" oya="0" hai0="84,94,104,99,108,79,105,125,101,130,10,92,67" hai1="15,48,70,49,131,18,126,109,21,85,82,3,80" hai2="9,64,129,127,59,69,60,22,53,6,66,30,19" hai3="43,42,4,58,44,25,29,93,0,51,76,62,95"/><T72/><D67/><U32/><E109/><V74/><F129/><W128/><G128/><T96/><D10/><U135/><E131/><V121/><F127/><W100/><G76/><T37/><D37/><U33/><E70/><V56/><F121/><W24/><G43/><T90/><D130/><U13/><E3/><V54/><F74/><W112/><G112/><T123/><D123/><U110/><E110/><V57/><F30/><W52/><G25/><T11/><D11/><U39/><E39/><V12/><REACH who="2" step="1"/><F66/><REACH who="2" ten="361,235,159,235" step="2"/><W50/><G29/><T119/><D125/><U106/><E126/><V103/><F103/><W63/><G100/><N who="0" m="60439" /><D108/><U73/><E73/><V132/><F132/><W91/><G0/><AGARI ba="0,1" hai="0,6,9,12,19,22,53,54,56,57,59,60,64,69" machi="0" ten="40,1300,0" yaku="1,1,53,0" doraHai="83" doraHaiUra="75" who="2" fromWho="3" sc="361,0,235,0,159,23,235,-13" /><INIT seed="5,0,0,1,5,115" ten="361,235,182,222" oya="1" hai0="14,17,134,58,50,52,110,53,109,86,65,111,62" hai1="83,56,67,21,22,37,102,74,19,101,9,35,84" hai2="31,15,127,51,122,113,55,73,30,5,33,133,43" hai3="135,132,99,112,92,80,44,27,93,82,105,2,94"/><U49/><E35/><V41/><F122/><W59/><G2/><T72/><D72/><U95/><E37/><V103/><F73/><W100/><G44/><T13/><D134/><N who="3" m="51241" /><G112/><T71/><D17/><U121/><E74/><V117/><F113/><W60/><G27/><T128/><D128/><U124/><E124/><V61/><F127/><W8/><G8/><T68/><D86/><U6/><E121/><V75/><F75/><W81/><G59/><N who="0" m="33175" /><D13/><N who="1" m="5303" /><E95/><V12/><F133/><W32/><G60/><N who="0" m="35919" /><D14/><N who="1" m="9463" /><E22/><V120/><F61/><W119/><G32/><T29/><D29/><U7/><E7/><V23/><F33/><W63/><G63/><T130/><D130/><U98/><E98/><V26/><F120/><W40/><G40/><T25/><D25/><U11/><E11/><V118/><F5/><W3/><G3/><T97/><D97/><U85/><E85/><V38/><F38/><W70/><G70/><AGARI ba="0,0" hai="62,65,68,70,71,109,110,111" m="35919,33175" machi="70" ten="30,3900,0" yaku="34,2,54,1" doraHai="115" who="0" fromWho="3" sc="361,39,235,0,182,0,222,-39" /><INIT seed="6,0,0,1,2,3" ten="400,235,182,183" oya="2" hai0="14,57,85,24,21,26,30,65,125,97,103,126,5" hai1="4,29,120,68,9,13,102,60,123,62,87,22,17" hai2="34,46,12,93,86,49,76,59,64,75,127,132,98" hai3="54,131,134,89,96,82,100,74,0,16,77,129,35"/><V112/><F46/><W2/><G35/><T81/><D26/><U23/><E102/><V79/><F34/><W70/><G70/><T66/><D14/><U101/><E101/><N who="2" m="60623" /><F75/><W40/><G40/><T48/><D5/><U108/><E108/><V1/><F1/><N who="3" m="619" /><G54/><N who="0" m="31943" /><D97/><U113/><E113/><V15/><F132/><W119/><G119/><T88/><D103/><U38/><E38/><V8/><F112/><W53/><G53/><T91/><D91/><U39/><E39/><V20/><F127/><AGARI ba="0,0" hai="21,24,30,65,66,81,85,88,125,126,127" m="31943" machi="127" ten="30,2000,0" yaku="18,1,54,1" doraHai="3" who="0" fromWho="2" sc="400,20,235,0,182,-20,183,0" /><INIT seed="7,0,0,1,3,103" ten="420,235,162,183" oya="3" hai0="10,34,129,108,60,125,65,2,117,35,91,59,13" hai1="134,116,114,54,38,102,66,84,25,37,89,22,32" hai2="47,27,118,43,87,85,28,18,21,78,11,19,97" hai3="80,109,15,132,48,99,72,101,39,92,94,120,5"/><W69/><G39/><T123/><D123/><U44/><E32/><V1/><F118/><W6/><G120/><T113/><D108/><U75/><E75/><V57/><F97/><W127/><G109/><T82/><D117/><U49/><E116/><V115/><F115/><W104/><G69/><T8/><D125/><U112/><E66/><V106/><F106/><W17/><G127/><T105/><D105/><U73/><E73/><V107/><F107/><W41/><G132/><T93/><D129/><U62/><E62/><V24/><F78/><W81/><G94/><T67/><D67/><U96/><E102/><V111/><F111/><W51/><G104/><T36/><D36/><U52/><E54/><V79/><F79/><W31/><G31/><T20/><D82/><N who="3" m="31849" /><G72/><T0/><D113/><N who="1" m="43627" /><E96/><V122/><F122/><W7/><G41/><T126/><D93/><N who="1" m="54439" /><E134/><V121/><F121/><W133/><G133/><T16/><D126/><U50/><E50/><V71/><F71/><W100/><G100/><T12/><D35/><U74/><E74/><V90/><F57/><W135/><G135/><T56/><D56/><U53/><E53/><V86/><F90/><W64/><G64/><T95/><D34/><U76/><E76/><V23/><F1/><W119/><G119/><T45/><D45/><U26/><E26/><V55/><F55/><W3/><G3/><N who="0" m="1067" /><D95/><U88/><E88/><V130/><F130/><W30/><G30/><AGARI ba="0,0" hai="22,25,30,37,38,44,49,52" m="54439,43627" machi="30" ten="30,2000,0" yaku="15,1,54,1" doraHai="103" who="1" fromWho="3" sc="420,0,235,20,162,0,183,-20" owari="420,52.0,255,6.0,162,-34.0,163,-24.0" /></mjloggm>