<mjloggm ver="2.3"><GO type="97" lobby="0"/><UN n0="%E9%89%84%E5%B9%B3" n1="%E3%81%9F%E3%81%84%E3%82%89%E3%81%9F%E3%81%84%E3%81%AF%E3%82%93" n2="%E5%B0%B1%E6%B4%BB%E7%94%9F%40%E5%B7%9D%E6%9D%91%E8%BB%8D%E5%9B%A3" n3="%E3%81%82%E3%82%8B%E3%82%8B%E3%81%8B%E3%82%93%E3%80%82" dan="15,13,15,14" rate="2033.08,1852.95,2055.50,1914.56" sx="M,M,M,M"/><TAIKYOKU oya="0"/><INIT seed="0,0,0,1,4,5" ten="250,250,250,250" oya="0" hai0="19,37,26,93,4,34,103,18,25,84,65,78,73" hai1="112,49,125,14,75,3,106,11,67,119,77,115,85" hai2="108,10,33,122,24,102,134,128,69,20,6,133,48" hai3="98,28,54,127,132,97,126,27,87,92,55,74,72"/><T89/><D37/><U53/><E119/><V7/><F69/><W2/><G2/><T80/><D34/><U64/><E106/><V107/><F107/><W21/><G132/><N who="2" m="50793" /><F102/><W91/><G74/><T1/><D65/><U100/><E3/><N who="2" m="351" /><F48/><W16/><G72/><T121/><D121/><U110/><E110/><V29/><F122/><W23/><G97/><T60/><D60/><U96/><E75/><V62/><F62/><W59/><G98/><T117/><D117/><U50/><E50/><V124/><F124/><N who="3" m="47659" /><G59/><T40/><D40/><U15/><E15/><AGARI ba="0,0" hai="15,16,21,23,27,28,54,55,87,91,92" m="47659" machi="15" ten="30,2000,0" yaku="18,1,54,1" doraHai="5" who="3" fromWho="1" sc="250,0,250,-20,250,0,250,20" /><INIT seed="1,0,0,3,5,87" ten="250,230,250,270" oya="1" hai0="88,98,113,125,35,51,27,103,66,132,135,115,44" hai1="70,97,76,123,99,112,105,73,62,25,5,43,16" hai2="40,129,11,33,31,90,127,102,19,106,15,1,101" hai3="37,71,100,32,85,109,128,95,68,47,2,21,30"/><U57/><E112/><V6/><F127/><W77/><G2/><T94/><D125/><U48/><E123/><V7/><F129/><W0/><G0/><T116/><D116/><U3/><E105/><V36/><F106/><W133/><G133/><N who="0" m="51275" /><D66/><U119/><E119/><V17/><F40/><W75/><G75/><T110/><D110/><U118/><E118/><V41/><F41/><W130/><G109/><T124/><D124/><U104/><E70/><V126/><F36/><W64/><G32/><T54/><D103/><U65/><E104/><V20/><F126/><W84/><G84/><T63/><D63/><U18/><E73/><V86/><F19/><N who="1" m="7209" /><E3/><V26/><F7/><W117/><G117/><T4/><D4/><U121/><E121/><V108/><F108/><W120/><G120/><T107/><D107/><U29/><E5/><V81/><AGARI ba="0,0" hai="1,6,11,15,17,20,26,31,33,81,86,90,101,102" machi="81" ten="20,8000,1" yaku="0,1,7,1,24,2,52,1" doraHai="87" who="2" fromWho="2" sc="250,-20,230,-40,250,80,270,-20" /><INIT seed="2,0,0,1,5,101" ten="230,190,330,250" oya="2" hai0="108,105,3,95,128,110,30,40,34,71,23,45,102" hai1="8,10,126,9,89,122,50,1,114,53,2,96,121" hai2="63,133,135,56,117,64,94,62,132,72,31,14,28" hai3="98,67,109,83,106,12,70,124,52,17,130,13,4"/><V6/><F72/><W134/><G134/><T44/><D23/><U119/><E114/><V127/><F117/><W66/><G109/><N who="0" m="42091" /><D95/><U16/><E119/><V15/><F127/><W86/><G124/><T11/><D71/><U78/><E78/><V49/><F49/><W5/><G130/><T48/><D128/><U55/><E126/><V60/><F94/><W59/><G70/><T93/><D93/><U35/><E35/><V25/><F31/><W22/><G106/><T87/><D87/><U43/><E89/><V65/><F6/><N who="3" m="2667" /><G13/><N who="2" m="4617" /><F56/><W26/><G98/><N who="0" m="61655" /><D11/><U68/><E68/><V120/><F120/><N who="1" m="46185" /><E96/><V91/><F91/><N who="3" m="51679" /><G12/><T99/><D99/><U19/><E43/><V123/><F123/><W81/><G81/><T79/><D3/><N who="1" m="1035" /><E50/><AGARI ba="0,0" hai="17,22,26,50,52,59,66,67" m="51679,2667" machi="50" ten="30,2000,0" yaku="8,1,54,1" doraHai="101" who="3" fromWho="1" sc="230,0,190,-20,330,0,250,20" /><INIT seed="3,0,0,2,4,71" ten="230,170,330,270" oya="3" hai0="67,114,129,33,32,75,52,48,13,0,93,130,82" hai1="128,123,76,16,29,69,112,25,54,6,62,81,10" hai2="18,79,7,14,70,19,53,9,99,119,43,120,132" hai3="104,36,122,115,102,31,20,65,27,17,86,105,24"/><W30/><G36/><T60/><D0/><U42/><E128/><N who="0" m="49257" /><D93/><U111/><E123/><V26/><F70/><W83/><G122/><T28/><D28/><U66/><E112/><V94/><F119/><W56/><G115/><T110/><D13/><U61/><E111/><V117/><F120/><W55/><G65/><T108/><D114/><U44/><E61/><V135/><F117/><W49/><G102/><T68/><D82/><U47/><E54/><V85/><F43/><W126/><G126/><T118/><D75/><U73/><E16/><V45/><F85/><W78/><REACH who="3" step="1"/><G17/><REACH who="3" ten="230,170,330,260" step="2"/><T97/><D118/><U124/><E124/><V91/><F19/><W4/><G4/><T113/><D113/><U37/><E47/><V15/><F7/><W96/><G96/><T38/><D97/><U106/><E29/><V57/><F18/><W64/><G64/><T98/><D98/><U12/><E25/><V131/><F99/><W88/><G88/><T134/><D38/><U127/><E127/><V41/><F91/><W23/><AGARI ba="0,1" hai="20,23,24,27,30,31,49,55,56,78,83,86,104,105" machi="23" ten="20,7800,0" yaku="1,1,0,1,7,1,9,1,53,0" doraHai="71" doraHaiUra="107" who="3" fromWho="3" sc="230,-26,170,-26,330,-26,260,88" owari="204,-20.0,144,-36.0,304,10.0,348,46.0" /></mjloggm>