<mjloggm ver="2.3"><GO type="169" lobby="0"/><UN n0="%73%68%61%70%65%6C%65%72" n1="%E3%82%A6%E3%83%AB%E3%83%88%E3%83%A9%E7%AB%8B%E7%9B%B4" n2="%E3%81%A8%E3%83%BC%E3%82%84%E3%82%93" n3="%E9%96%83%E5%85%89%E3%81%AE%E6%8C%87%E5%9C%A7%E5%B8%AB" dan="16,17,16,16" rate="2136.47,2206.60,2143.26,2123.74" sx="M,M,M,F"/><TAIKYOKU oya="0"/><INIT seed="0,0,0,4,4,94" ten="250,250,250,250" oya="0" hai0="4,2,27,101,107,1,70,122,81,44,57,75,3" hai1="54,116,95,25,119,18,32,66,97,89,22,106,67" hai2="104,128,65,115,15,23,29,123,79,87,113,12,59" hai3="63,125,39,24,33,14,99,56,112,124,20,72,41"/><T71/><D57/><U43/><E43/><V117/><F104/><W132/><G72/><T28/><D44/><U102/><E32/><V45/><F123/><W37/><G112/><T53/><D53/><U58/><E66/><V85/><F117/><W34/><G14/><T96/><D4/><U92/><E67/><V100/><F128/><W78/><G78/><N who="0" m="44255" /><D122/><U88/><E106/><V51/><F113/><W13/><G13/><T73/><D73/><U46/><E46/><V131/><F131/><W42/><G39/><T19/><D19/><U61/><E102/><V62/><F115/><W77/><G42/><T50/><D50/><U98/><AGARI ba="0,0" hai="18,22,25,54,58,61,88,89,92,95,97,98,116,119" machi="98" ten="20,16000,3" yaku="0,1,7,1,9,1,25,2,52,2,54,1" doraHai="94" who="1" fromWho="1" sc="250,-80,250,160,250,-40,250,-40" /><INIT seed="1,0,0,5,5,134" ten="170,410,210,210" oya="1" hai0="121,119,128,104,81,15,64,55,19,48,85,100,27" hai1="38,69,135,106,54,99,91,112,86,57,78,98,37" hai2="58,42,59,122,108,29,101,116,62,70,13,40,126" hai3="32,41,16,39,10,30,113,118,127,28,14,4,24"/><U123/><E69/><V77/><F116/><W5/><G41/><T44/><D119/><U53/><E123/><V110/><F29/><N who="3" m="19495" /><G118/><T130/><D64/><U34/><E34/><V87/><F101/><W120/><G39/><T109/><D121/><U20/><E78/><V83/><F122/><W56/><G56/><T47/><D27/><U89/><E20/><V115/><F115/><W73/><G73/><T46/><D100/><U88/><E135/><V105/><F105/><W103/><G103/><T25/><D25/><U94/><E112/><V60/><F70/><W74/><G74/><T50/><D104/><U125/><E106/><V23/><F23/><W80/><G80/><T84/><D84/><U52/><E57/><V65/><F13/><W82/><G82/><T76/><D109/><U35/><E35/><V66/><REACH who="2" step="1"/><F126/><REACH who="2" ten="170,410,200,210" step="2"/><W102/><G102/><T132/><D132/><U95/><E125/><V17/><F17/><W61/><G120/><T97/><D19/><U6/><E6/><V45/><F45/><W96/><G113/><T2/><D15/><U11/><E11/><V107/><F107/><W68/><G127/><T133/><D46/><U79/><E79/><V124/><F124/><W72/><G4/><T0/><D133/><U93/><AGARI ba="0,1" hai="37,38,52,53,54,86,88,89,91,93,94,95,98,99" machi="93" ten="30,11700,0" yaku="0,1,9,1,54,2" doraHai="134" who="1" fromWho="1" sc="170,-39,410,127,200,-39,210,-39" /><INIT seed="1,1,0,1,4,10" ten="131,537,161,171" oya="1" hai0="77,97,43,88,57,133,29,40,112,75,101,118,129" hai1="16,126,67,31,98,85,66,0,4,44,48,45,22" hai2="78,47,107,41,74,6,50,18,15,132,25,127,55" hai3="28,76,125,20,58,80,84,14,37,35,69,73,120"/><U99/><E31/><V8/><F107/><W46/><G69/><T113/><D118/><U128/><E4/><V9/><F132/><W110/><G120/><T114/><D133/><U17/><E0/><V5/><F127/><W82/><G35/><T106/><D29/><U36/><E36/><V63/><F74/><W38/><G125/><T81/><D57/><U12/><E126/><V21/><F78/><W135/><G135/><T39/><D39/><U71/><E71/><V72/><F72/><W2/><G2/><T52/><D52/><N who="1" m="29703" /><E45/><V102/><F102/><W27/><G46/><T119/><D119/><U124/><E128/><V96/><F96/><N who="1" m="36905" /><E124/><V11/><F5/><W59/><G38/><T87/><REACH who="0" step="1"/><D129/><REACH who="0" ten="121,537,161,171" step="2"/><U100/><E100/><V90/><F90/><W51/><G37/><T117/><D117/><U131/><E131/><V33/><F33/><W121/><G59/><AGARI ba="1,1" hai="6,8,9,11,15,18,21,25,41,47,50,55,59,63" machi="59" ten="40,2600,0" yaku="8,1,52,1" doraHai="10" who="2" fromWho="3" sc="121,0,537,0,161,39,171,-29" /><INIT seed="2,0,0,5,0,82" ten="121,537,200,142" oya="2" hai0="122,68,50,62,112,64,130,78,8,55,117,81,36" hai1="106,56,27,80,109,1,9,132,88,0,65,85,83" hai2="6,127,115,46,108,69,98,12,95,14,3,104,77" hai3="29,133,100,23,135,21,57,111,58,90,37,74,75"/><V107/><F69/><W43/><G111/><T17/><D122/><U51/><E106/><V113/><F3/><W28/><G90/><T96/><D36/><U44/><E109/><V7/><F77/><W30/><G37/><T124/><D112/><U89/><E132/><N who="3" m="50762" /><G43/><T87/><D130/><U32/><E9/><V5/><F108/><W70/><G100/><T42/><D42/><U4/><E4/><V92/><F127/><W18/><G70/><T76/><D124/><U2/><E65/><V105/><F46/><W84/><G84/><T128/><D128/><U22/><E56/><N who="3" m="21610" /><G18/><T10/><D117/><U59/><E59/><V94/><REACH who="2" step="1"/><F98/><REACH who="2" ten="121,537,190,142" step="2"/><W119/><G119/><T67/><D78/><N who="1" m="46231" /><E1/><V54/><F54/><W49/><G49/><T86/><D67/><U15/><E44/><V91/><F91/><W53/><G53/><T129/><D129/><U123/><E51/><V93/><N who="2" m="23552" /><DORA hai="116" /><V31/><F31/><W41/><G41/><T47/><D96/><U97/><E89/><V16/><F16/><W25/><G30/><T99/><D99/><U125/><E97/><V24/><F24/><AGARI ba="0,1" hai="21,23,24,25,28,29,74,75" m="21610,50762" machi="24" ten="30,1000,0" yaku="20,1" doraHai="82,116" who="3" fromWho="2" sc="121,0,537,0,190,-10,142,20" /><INIT seed="3,0,0,5,0,123" ten="121,537,180,162" oya="3" hai0="52,100,0,1,86,77,28,33,118,127,129,125,90" hai1="50,62,81,53,8,84,56,114,64,134,49,51,92" hai2="112,83,40,31,121,122,27,106,9,23,119,75,69" hai3="14,101,72,22,3,4,57,6,43,91,85,29,61"/><W93/><G72/><T68/><D68/><U78/><E114/><V111/><F40/><W35/><G3/><T12/><D77/><U87/><E134/><V105/><F83/><W7/><G35/><T108/><D100/><U54/><E8/><V94/><F94/><W73/><G73/><T45/><D118/><U110/><E110/><V76/><F76/><W2/><G2/><T96/><D96/><U113/><E113/><V24/><F9/><W30/><G43/><T130/><D12/><U60/><E60/><V55/><F23/><W44/><G44/><T70/><D70/><U131/><E131/><N who="0" m="50185" /><D108/><U80/><E92/><V63/><F63/><W32/><G32/><T46/><D46/><U115/><E115/><V98/><F98/><W103/><G29/><T67/><D67/><U5/><E5/><V124/><F31/><W47/><G47/><T109/><D109/><U16/><E16/><V132/><F55/><W37/><G37/><T42/><D52/><U41/><E41/><V10/><F121/><W82/><G82/><N who="0" m="49495" /><D28/><U48/><E48/><V88/><F112/><W128/><G128/><T97/><D97/><U20/><E20/><V17/><F122/><W66/><REACH who="3" step="1"/><G14/><REACH who="3" ten="121,537,180,152" step="2"/><T116/><D33/><U126/><E81/><V15/><F75/><W95/><G95/><T26/><D26/><AGARI ba="0,1" hai="4,6,7,22,26,30,57,61,66,85,91,93,101,103" machi="26" ten="40,3900,0" yaku="1,1,8,1,53,0" doraHai="123" doraHaiUra="39" who="3" fromWho="0" sc="121,-39,537,0,180,0,152,49" /><INIT seed="3,1,0,2,1,25" ten="82,537,180,201" oya="3" hai0="128,119,130,52,5,36,115,28,86,24,13,35,38" hai1="94,107,98,12,8,104,48,114,116,81,54,90,72" hai2="123,99,133,127,59,131,62,7,103,79,71,50,45" hai3="132,66,102,120,78,33,126,129,110,40,6,42,58"/><W83/><G120/><T23/><D119/><U113/><E116/><V64/><F133/><W1/><G132/><T2/><D86/><U134/><E134/><V70/><F131/><N who="0" m="50218" /><D115/><U69/><E69/><V0/><F127/><W14/><G1/><T76/><D76/><U82/><E104/><V10/><F123/><W77/><G126/><T92/><D92/><U97/><E82/><V16/><F79/><W122/><G78/><T18/><D52/><U80/><E80/><V4/><F4/><W112/><G112/><T3/><D5/><U31/><E81/><V17/><F70/><W68/><G83/><T95/><D95/><U30/><E72/><V67/><F64/><W26/><G66/><T51/><D51/><U101/><E113/><V93/><REACH who="2" step="1"/><F71/><REACH who="2" ten="82,537,170,201" step="2"/><W85/><G6/><T11/><D2/><U91/><E114/><V41/><AGARI ba="1,1" hai="0,7,10,16,17,41,45,50,59,62,67,93,99,103" machi="41" ten="20,12000,2" yaku="1,1,2,1,0,1,7,1,54,1,53,1" doraHai="25" doraHaiUra="55" who="2" fromWho="2" sc="82,-31,537,-31,170,133,201,-61" /><INIT seed="4,0,0,5,5,71" ten="51,506,303,140" oya="0" hai0="58,88,126,93,73,122,92,120,109,67,21,132,114" hai1="35,63,124,103,7,6,83,116,135,85,36,30,101" hai2="55,38,104,20,18,13,34,48,46,123,134,118,69" hai3="70,76,84,5,33,90,89,121,87,75,31,106,8"/><T108/><D73/><U112/><E36/><V42/><F123/><W25/><G106/><T72/><D72/><U110/><E30/><V57/><F134/><W111/><G70/><T133/><D21/><U86/><E35/><V2/><F118/><W39/><G121/><N who="0" m="46699" /><D67/><U130/><E63/><V4/><F104/><W79/><G75/><T131/><D58/><U91/><E83/><V23/><F34/><W51/><G51/><T45/><D45/><U44/><E91/><V3/><F4/><W94/><G39/><T97/><D131/><U40/><E44/><V125/><F125/><W28/><G28/><T47/><D47/><U128/><E40/><V77/><F77/><W100/><G100/><N who="0" m="60455" /><D126/><U115/><E124/><V10/><F23/><W14/><REACH who="3" step="1"/><G111/><REACH who="3" ten="51,506,303,130" step="2"/><N who="0" m="42571" /><D114/><U17/><E110/><V53/><F69/><W50/><G50/><T1/><D1/><U74/><E74/><V52/><F3/><W27/><G27/><T64/><D64/><U0/><E0/><V9/><F2/><W62/><G62/><T96/><AGARI ba="0,1" hai="88,93,96,132,133" m="42571,60455,46699" machi="96" ten="40,12000,1" yaku="10,1,34,2,54,1" doraHai="71" who="0" fromWho="0" sc="51,130,506,-40,303,-40,130,-40" /><INIT seed="4,1,0,1,0,66" ten="181,466,263,90" oya="0" hai0="21,112,79,39,126,135,33,116,92,109,4,20,93" hai1="80,22,5,106,78,115,97,27,58,110,43,34,26" hai2="104,45,13,77,38,16,123,23,28,131,51,67,25" hai3="83,35,134,30,95,102,122,8,52,3,99,127,121"/><T87/><D33/><U53/><E110/><V88/><F123/><W37/><G37/><T117/><D39/><U15/><E34/><V19/><F104/><W50/><G134/><T7/><D135/><U40/><E26/><V63/><F131/><W118/><G118/><T32/><D32/><U41/><E115/><V12/><F77/><W100/><G127/><T11/><D112/><U73/><E15/><V60/><F38/><W81/><G100/><T18/><D126/><U65/><E65/><V48/><F88/><W49/><G49/><T54/><D109/><U124/><E5/><V114/><F114/><W90/><G30/><T68/><D54/><U101/><E124/><V76/><F76/><W14/><G3/><T1/><D79/><U24/><REACH who="1" step="1"/><E22/><REACH who="1" ten="181,456,263,90" step="2"/><V9/><F67/><W64/><G64/><T132/><D132/><U71/><E71/><V72/><F72/><W105/><G35/><T10/><D68/><U2/><E2/><V42/><REACH who="2" step="1"/><F51/><AGARI ba="1,1" hai="24,27,40,41,43,51,53,58,73,78,80,97,101,106" machi="51" ten="40,1300,0" yaku="1,1,53,0" doraHai="66" doraHaiUra="62" who="1" fromWho="2" sc="181,0,456,26,263,-16,90,0" /><INIT seed="5,0,0,0,3,24" ten="181,482,247,90" oya="1" hai0="23,63,116,59,115,78,41,32,73,16,79,10,95" hai1="102,43,80,21,126,132,52,127,107,19,1,87,85" hai2="48,89,3,88,82,93,130,128,58,125,7,13,74" hai3="86,47,62,29,4,114,33,109,120,117,39,83,42"/><U97/><E1/><V2/><F125/><N who="1" m="47625" /><E43/><V28/><F28/><W111/><G120/><T40/><D32/><U131/><E52/><N who="2" m="32007" /><F13/><W6/><G114/><T30/><D115/><U135/><E19/><V49/><F7/><W99/><G117/><T14/><D116/><U27/><E21/><V92/><F82/><W61/><G99/><T105/><D105/><U129/><E27/><V108/><F74/><W119/><G119/><T68/><D68/><U124/><E124/><V96/><F108/><W81/><G86/><N who="1" m="32778" /><E80/><V64/><F64/><W51/><G42/><N who="0" m="16491" /><D73/><U37/><E37/><V106/><F106/><W11/><G39/><T72/><D72/><U84/><E84/><N who="2" m="52231" /><F3/><W46/><G83/><T112/><D112/><U123/><E123/><V60/><F2/><W31/><G81/><T101/><D30/><U133/><AGARI ba="0,0" hai="97,102,107,129,131,132,133,135" m="32778,47625" machi="133" ten="40,18000,2" yaku="30,2,20,1,18,1,34,2" doraHai="24" who="1" fromWho="1" sc="181,-60,482,180,247,-60,90,-60" /><INIT seed="5,1,0,4,5,43" ten="121,662,187,30" oya="1" hai0="7,128,19,29,33,87,107,126,12,117,134,111,30" hai1="34,132,115,100,9,10,114,16,93,44,133,28,70" hai2="39,123,76,95,121,56,131,91,46,118,65,130,83" hai3="35,99,42,86,13,68,82,135,48,62,102,122,38"/><U47/><E70/><V96/><F118/><W8/><G38/><T90/><D107/><U32/><E93/><V127/><F127/><W17/><G122/><T108/><D117/><U11/><E100/><V4/><F4/><W125/><G125/><T116/><D116/><U124/><E124/><V71/><F71/><W104/><G135/><N who="1" m="51786" /><E16/><V69/><F69/><W22/><G35/><N who="1" m="13354" /><E28/><V2/><F2/><W67/><G42/><T21/><D126/><U25/><E25/><V49/><F39/><W23/><REACH who="3" step="1"/><G48/><REACH who="3" ten="121,662,187,20" step="2"/><T101/><D134/><U75/><E75/><V92/><F121/><W88/><AGARI ba="1,1" hai="8,13,17,22,23,62,67,68,82,86,88,99,102,104" machi="88" ten="20,12000,2" yaku="1,1,2,1,0,1,7,1,54,1,53,1" doraHai="43" doraHaiUra="60" who="3" fromWho="3" sc="121,-31,662,-61,187,-31,20,133" /><INIT seed="6,0,0,1,3,47" ten="90,601,156,153" oya="2" hai0="46,66,120,34,31,62,21,117,81,101,0,25,75" hai1="79,19,72,87,39,11,52,40,24,123,133,8,96" hai2="26,108,124,59,41,113,14,10,100,110,86,94,49" hai3="130,18,71,45,107,131,95,116,2,30,121,15,9"/><V85/><F113/><W106/><G121/><T112/><D120/><U7/><E72/><V89/><F124/><W119/><G71/><T43/><D0/><U77/><E40/><V90/><F100/><W68/><G68/><T55/><D112/><U42/><E42/><V44/><F26/><W35/><G2/><T33/><D55/><U73/><E39/><V16/><REACH who="2" step="1"/><F59/><REACH who="2" ten="90,601,146,153" step="2"/><W132/><G119/><T17/><D101/><U20/><E24/><V23/><F23/><W125/><G116/><T38/><D117/><U109/><E20/><V92/><AGARI ba="0,1" hai="10,14,16,41,44,49,85,86,89,90,92,94,108,110" machi="92" ten="30,18000,2" yaku="1,1,0,1,9,1,52,1,54,1,53,1" doraHai="47" doraHaiUra="13" who="2" fromWho="2" sc="90,-60,601,-60,146,190,153,-60" /><INIT seed="6,1,0,2,0,68" ten="30,541,336,93" oya="2" hai0="17,27,69,80,131,47,31,101,48,107,58,30,96" hai1="1,83,20,90,52,87,32,113,50,85,82,74,36" hai2="130,128,118,116,100,63,94,70,59,111,133,61,14" hai3="65,56,11,8,19,46,125,77,3,39,4,112,72"/><V71/><F100/><W12/><G125/><T103/><D69/><N who="2" m="26122" /><F94/><W99/><G112/><T29/><D131/><N who="2" m="50218" /><F14/><W122/><G122/><T54/><D103/><U102/><E20/><V78/><F78/><W73/><G99/><T105/><D105/><U67/><E85/><V66/><F133/><W21/><G11/><T6/><D6/><U51/><E87/><V84/><F84/><W79/><G79/><T5/><D5/><U98/><E83/><V60/><F111/><W135/><G135/><T2/><D2/><U16/><E82/><V0/><F0/><W13/><G13/><T62/><D80/><U93/><E93/><V132/><F132/><W89/><G89/><T123/><D123/><U117/><E90/><V109/><F109/><W15/><G15/><T91/><D91/><U55/><E102/><V23/><F23/><W134/><G134/><T33/><REACH who="0" step="1"/><D17/><REACH who="0" ten="20,541,336,93" step="2"/><U120/><E16/><V26/><F26/><W37/><G19/><T9/><D9/><U104/><E32/><V97/><F97/><W88/><G8/><T108/><D108/><U115/><E74/><V106/><F106/><W64/><G73/><T126/><D126/><U92/><E104/><V28/><F28/><W10/><G72/><T40/><AGARI ba="1,1" hai="27,29,30,31,33,40,47,48,54,58,62,96,101,107" machi="40" ten="20,2700,0" yaku="1,1,0,1,7,1,53,0" doraHai="68" doraHaiUra="76" who="0" fromWho="0" sc="20,40,541,-8,336,-14,93,-8" /><INIT seed="7,0,0,4,2,66" ten="60,533,322,85" oya="3" hai0="121,22,60,93,55,1,97,122,92,61,45,54,4" hai1="98,123,120,76,33,17,124,112,5,99,53,35,126" hai2="133,65,68,38,91,51,32,73,14,94,125,69,40" hai3="57,41,37,16,106,34,30,108,115,23,36,25,90"/><W59/><G106/><T2/><D22/><U109/><E17/><V26/><F14/><W111/><G115/><T113/><D45/><U134/><E76/><V118/><F118/><W83/><G83/><T119/><D97/><U42/><E5/><V15/><F73/><W64/><G90/><T100/><D4/><U117/><E112/><V103/><F133/><W63/><G59/><T10/><D113/><U72/><E72/><V116/><F116/><W135/><G135/><T58/><D119/><U13/><E13/><V62/><F125/><W75/><G75/><T28/><D58/><U86/><E86/><V84/><F38/><W67/><G67/><T128/><D28/><U74/><E134/><V0/><F0/><W43/><G37/><T101/><REACH who="0" step="1"/><D10/><REACH who="0" ten="50,533,322,85" step="2"/><U56/><E74/><V87/><F15/><N who="3" m="9631" /><G36/><T130/><AGARI ba="0,1" hai="1,2,54,55,60,61,92,93,100,101,121,122,128,130" machi="130" ten="25,6400,0" yaku="1,1,0,1,22,2,53,0" doraHai="66" doraHaiUra="39" who="0" fromWho="0" sc="50,74,533,-16,322,-16,85,-32" owari="124,-28.0,517,62.0,306,11.0,53,-45.0" /></mjloggm>