<mjloggm ver="2.3"><GO type="97" lobby="0"/><UN n0="%74%6D%33" n1="%E5%A5%88%E8%89%AF%E5%80%8B%E4%BA%BA%31%E4%BD%8D" n2="%E9%AB%98%E8%8F%9C" n3="%E3%83%88%E3%83%88%E3%83%AA%E5%85%88%E7%94%9F%31%39%E6%AD%B3" dan="13,13,14,13" rate="1827.06,1991.02,1963.74,2016.15" sx="M,F,M,F"/><TAIKYOKU oya="0"/><INIT seed="0,0,0,2,1,108" ten="250,250,250,250" oya="0" hai0="131,102,134,1,112,83,122,55,94,95,121,66,60" hai1="12,118,48,51,116,67,36,35,129,125,22,10,3" hai2="133,59,123,71,77,25,80,16,91,65,58,69,6" hai3="15,7,76,119,26,21,70,111,124,96,88,106,38"/><T100/><D1/><U24/><E36/><V74/><F123/><W130/><G119/><N who="1" m="45610" /><E67/><V87/><F133/><W97/><G70/><T19/><D134/><U32/><E51/><V81/><F6/><W45/><G111/><T103/><D112/><U54/><E54/><V98/><F98/><W2/><G2/><T11/><D131/><U68/><E48/><V114/><F114/><W126/><G130/><T104/><D104/><U18/><E68/><V23/><REACH who="2" step="1"/><F59/><REACH who="2" ten="250,250,240,250" step="2"/><W29/><G97/><T90/><D122/><U56/><E56/><V14/><F14/><W92/><G106/><T43/><D121/><U132/><E132/><V79/><F79/><W101/><G76/><T9/><D103/><U109/><E129/><V105/><F105/><W49/><G101/><T33/><D100/><U85/><E109/><V115/><F115/><W127/><G15/><T84/><D102/><U120/><E120/><V39/><F39/><W64/><G38/><T93/><D33/><U57/><E3/><V78/><F78/><W37/><G37/><T110/><D110/><U20/><E35/><V62/><AGARI ba="0,1" hai="16,23,25,58,62,65,69,71,74,77,80,81,87,91" machi="62" ten="30,4000,0" yaku="1,1,0,1,54,1,53,0" doraHai="108" doraHaiUra="46" who="2" fromWho="2" sc="250,-20,250,-10,240,50,250,-10" /><INIT seed="1,0,0,2,1,99" ten="230,240,290,240" oya="1" hai0="113,112,65,50,82,86,110,130,2,38,101,102,76" hai1="12,27,74,93,19,84,6,22,106,39,29,88,98" hai2="1,121,91,71,31,63,40,116,54,77,64,56,9" hai3="32,21,18,100,13,79,83,58,46,124,57,28,127"/><U89/><E74/><V53/><F116/><W125/><G46/><T131/><D38/><U7/><E39/><V61/><F121/><W94/><G28/><T33/><D33/><U36/><E36/><V45/><F31/><W49/><G32/><T30/><D2/><U118/><E118/><V92/><F77/><W8/><G49/><T24/><D110/><U55/><E55/><V95/><F40/><W68/><G68/><T128/><D65/><U15/><E15/><V51/><F51/><W52/><G8/><T37/><D37/><U97/><E97/><V81/><F45/><W119/><G119/><T80/><D80/><N who="1" m="49159" /><E106/><V70/><F53/><W114/><G114/><N who="0" m="44139" /><D50/><U41/><E41/><V48/><F71/><W111/><G111/><T42/><D42/><U11/><AGARI ba="0,0" hai="6,7,11,12,19,22,27,29,89,93,98" m="49159" machi="11" ten="30,3000,0" yaku="8,1,54,1" doraHai="99" who="1" fromWho="1" sc="230,-10,240,30,290,-10,240,-10" /><INIT seed="1,1,0,3,4,104" ten="220,270,280,230" oya="1" hai0="14,63,68,22,126,117,128,105,97,16,103,36,6" hai1="132,30,33,134,119,5,74,47,66,127,123,70,106" hai2="93,59,3,28,61,0,87,50,94,39,65,88,113" hai3="55,86,131,8,19,71,60,32,42,135,99,96,91"/><U7/><E123/><V95/><F39/><W64/><G32/><T25/><D117/><U98/><E119/><V108/><F113/><W114/><G114/><T121/><D126/><U109/><E127/><V56/><F108/><W20/><G131/><T29/><D128/><U81/><E109/><V102/><F28/><W73/><G135/><N who="1" m="51754" /><E47/><V35/><F35/><W40/><G73/><T115/><D36/><U48/><E48/><V27/><F27/><W17/><G55/><T26/><D6/><U15/><E15/><V10/><F102/><W129/><G129/><T83/><D83/><U52/><E52/><V23/><F23/><W34/><G34/><N who="0" m="20783" /><D121/><U107/><E30/><V112/><F112/><W75/><G75/><T38/><D38/><U85/><E33/><V111/><F111/><W53/><G53/><T116/><D116/><U45/><E74/><V82/><F50/><W124/><G124/><T100/><D14/><U80/><E80/><V9/><REACH who="2" step="1"/><F56/><REACH who="2" ten="220,270,270,230" step="2"/><W76/><G20/><T130/><D115/><U133/><E133/><V37/><F37/><W120/><G120/><T67/><D130/><U92/><E45/><V77/><F77/><W1/><G76/><T79/><D79/><N who="1" m="46271" /><E70/><V51/><F51/><W31/><G31/><T72/><D103/><N who="1" m="60871" /><E66/><V18/><F18/><W78/><G17/><T122/><D122/><U4/><AGARI ba="1,1" hai="4,5,7,106,107" m="60871,46271,51754" machi="4" ten="30,1500,0" yaku="20,1" doraHai="104" who="1" fromWho="1" sc="220,-6,270,28,270,-6,230,-6" /><INIT seed="1,2,0,5,1,74" ten="214,298,264,224" oya="1" hai0="34,84,60,66,18,1,111,53,81,122,63,78,119" hai1="92,65,42,114,4,98,129,134,32,2,64,39,75" hai2="24,87,117,99,109,30,50,77,47,58,16,38,17" hai3="112,40,125,107,115,6,46,59,29,67,126,128,61"/><U123/><E123/><V14/><F117/><W105/><G6/><T9/><D119/><U71/><E114/><N who="3" m="43562" /><G29/><T55/><D34/><U10/><E32/><V82/><F109/><W51/><G105/><T19/><D122/><U0/><E75/><V72/><F72/><W93/><G93/><T130/><D111/><U49/><E39/><V15/><F38/><N who="3" m="21783" /><G107/><T108/><D108/><U80/><E80/><V33/><F99/><W118/><G118/><T110/><D110/><U21/><E0/><V41/><F58/><W11/><G11/><T70/><D1/><U124/><E21/><V76/><F17/><W127/><G51/><T62/><D9/><U31/><E31/><V113/><F15/><W102/><G102/><T132/><D18/><U89/><E49/><V25/><F25/><W8/><G8/><T121/><D121/><U20/><E20/><N who="2" m="15623" /><F113/><W79/><G128/><T26/><D130/><U3/><E10/><N who="2" m="6231" /><F33/><W22/><G22/><T12/><D26/><U101/><E4/><V94/><F94/><W85/><G85/><T37/><D37/><U36/><E36/><V91/><AGARI ba="2,0" hai="41,47,50,76,77,82,87,91" m="6231,15623" machi="91" ten="30,7900,0" yaku="8,1,52,2,54,1" doraHai="74" who="2" fromWho="2" sc="214,-22,298,-41,264,85,224,-22" /><INIT seed="2,0,0,1,5,102" ten="192,257,349,202" oya="2" hai0="18,86,63,121,93,113,60,92,112,132,0,30,117" hai1="122,3,48,68,59,134,105,130,51,57,124,123,76" hai2="55,13,54,135,39,5,50,19,4,41,125,29,129" hai3="74,53,126,12,9,80,17,91,6,52,42,103,101"/><V107/><F107/><W82/><G126/><T73/><D73/><U66/><E3/><V23/><F125/><W33/><G33/><T31/><D121/><N who="1" m="46091" /><E124/><V16/><F135/><W104/><G42/><T45/><D0/><U49/><E76/><V2/><F2/><W116/><G116/><T81/><D132/><U69/><E134/><V71/><F71/><N who="1" m="27209" /><E130/><V11/><F129/><W106/><G6/><N who="2" m="2665" /><F29/><W95/><G103/><T128/><D128/><U47/><E105/><V37/><F39/><W97/><G104/><T27/><D117/><U88/><E88/><V110/><F37/><W83/><REACH who="3" step="1"/><G74/><REACH who="3" ten="192,257,349,192" step="2"/><T100/><D113/><U40/><E66/><V85/><F110/><W8/><G8/><T84/><D112/><U34/><E34/><V119/><F119/><W98/><AGARI ba="0,1" hai="9,12,17,52,53,80,82,83,91,95,97,98,101,106" machi="98" ten="30,7900,0" yaku="1,1,0,1,52,1,54,1,53,0" doraHai="102" doraHaiUra="35" who="3" fromWho="3" sc="192,-20,257,-20,349,-39,192,89" /><INIT seed="3,0,0,1,5,64" ten="172,237,310,281" oya="3" hai0="87,24,84,98,97,32,90,135,28,116,68,39,86" hai1="21,31,111,62,49,100,105,22,19,33,127,91,85" hai2="41,6,42,58,36,46,10,38,63,11,26,103,110" hai3="126,69,79,15,115,78,114,95,120,56,47,102,75"/><W94/><G56/><T30/><D116/><U108/><E127/><V80/><F110/><W101/><G15/><T128/><D128/><U82/><E33/><V71/><F103/><N who="3" m="39435" /><G47/><T129/><D129/><U117/><E117/><V13/><F26/><W34/><G69/><T81/><D135/><U37/><E37/><V119/><F119/><W60/><G60/><T20/><D39/><U134/><E134/><V88/><F71/><W89/><G34/><T107/><D68/><U133/><E62/><V123/><F123/><W112/><G120/><T131/><D131/><U57/><E31/><V104/><F104/><W124/><G94/><T8/><D8/><U5/><E5/><V125/><F125/><N who="3" m="48235" /><G75/><T122/><D122/><U12/><E133/><V92/><F10/><W45/><G45/><T74/><D74/><U73/><E73/><V53/><F92/><W48/><G48/><T67/><D107/><U59/><E49/><V3/><F13/><W96/><AGARI ba="0,0" hai="78,79,89,95,96,112,114,115" m="48235,39435" machi="96" ten="40,7800,0" yaku="18,1,34,2" doraHai="64" who="3" fromWho="3" sc="172,-26,237,-26,310,-26,281,78" owari="146,-35.0,211,-19.0,284,8.0,359,46.0" /></mjloggm>