<mjloggm ver="2.3"><GO type="41" lobby="0"/><UN n0="%E3%82%86%E3%81%86%E3%81%BE%E2%99%AA" n1="%E3%81%BB%E3%81%A3%E3%81%93%E3%82%8A%E4%B8%B8" n2="%E5%B0%B1%E6%B4%BB%E7%94%9F%40%E5%B7%9D%E6%9D%91%E8%BB%8D%E5%9B%A3" n3="%72%65%3A%E3%81%BF%E3%81%AA%E3%81%84%E3%81%A0%E3%82%93" dan="14,13,15,15" rate="1880.27,1894.61,2020.11,2007.95" sx="M,M,M,M"/><TAIKYOKU oya="0"/><INIT seed="0,0,0,4,4,12" ten="250,250,250,250" oya="0" hai0="27,127,79,80,43,63,61,4,24,113,39,68,111" hai1="66,52,16,6,67,125,100,29,115,38,0,36,133" hai2="77,81,98,94,1,108,30,126,89,116,120,64,91" hai3="45,40,18,58,9,96,3,118,5,95,14,135,134"/><T85/><D113/><U130/><E115/><V104/><F1/><W82/><G118/><T114/><D114/><U73/><E133/><N who="3" m="50698" /><G82/><T34/><D127/><U102/><E73/><V17/><F30/><W21/><G58/><T49/><D39/><U15/><E125/><V117/><F120/><W76/><G76/><T33/><D4/><U8/><E29/><V83/><F64/><W129/><G129/><T121/><D121/><U53/><E130/><V11/><F126/><W41/><G45/><T59/><D68/><U109/><E109/><V106/><F108/><W13/><G13/><T84/><D111/><U25/><E67/><V28/><F28/><W50/><G50/><T10/><D10/><U74/><E74/><V60/><F60/><W131/><G131/><T90/><D34/><U105/><E66/><V48/><F48/><W78/><G78/><T103/><D33/><U47/><E25/><N who="0" m="9801" /><D103/><AGARI ba="0,0" hai="3,5,9,14,18,21,40,41,95,96,103" m="50698" machi="103" ten="30,2000,0" yaku="20,1,52,1" doraHai="12" who="3" fromWho="0" sc="250,-20,250,0,250,0,250,20" /><INIT seed="1,0,0,1,0,109" ten="230,250,250,270" oya="1" hai0="89,134,6,70,135,112,63,26,16,39,122,71,56" hai1="3,91,119,132,9,90,99,53,85,77,101,58,123" hai2="68,37,73,22,32,30,0,23,1,127,25,35,48" hai3="19,50,75,86,129,10,13,105,43,60,52,44,11"/><U38/><E123/><V94/><F68/><W87/><G105/><T131/><D39/><U97/><E38/><V45/><F37/><W27/><G75/><T81/><D122/><U117/><E119/><V64/><F73/><W79/><G129/><T31/><D131/><U15/><E3/><V7/><F127/><W62/><G11/><T67/><D6/><U124/><E117/><V55/><F35/><W118/><G118/><T51/><D51/><U61/><E124/><V80/><F64/><W65/><G27/><T59/><D59/><U33/><E132/><V40/><F80/><W8/><G8/><T18/><D71/><U47/><E33/><V29/><F7/><W107/><G107/><T103/><D103/><U114/><E47/><V110/><F110/><W116/><G116/><T14/><D70/><U126/><E114/><V121/><F121/><W4/><G79/><T88/><D112/><U108/><E126/><V84/><F32/><W133/><G4/><T57/><D57/><U96/><E108/><V17/><F30/><W100/><G100/><T2/><D2/><U113/><E101/><V72/><F72/><W120/><G133/><N who="0" m="50699" /><D81/><N who="1" m="47279" /><E113/><V95/><F0/><W36/><G120/><T104/><D104/><U102/><E102/><V82/><F40/><W76/><G76/><T78/><D78/><U66/><E66/><V5/><F5/><AGARI ba="0,0" hai="5,9,15,53,58,61,90,91,96,97,99" m="47279" machi="5" ten="30,1500,0" yaku="8,1" doraHai="109" who="1" fromWho="2" sc="230,0,250,15,250,-15,270,0" /><INIT seed="1,1,0,1,2,74" ten="230,265,235,270" oya="1" hai0="47,68,79,110,50,122,31,119,5,90,25,35,113" hai1="60,129,78,134,0,28,20,48,94,12,106,82,107" hai2="84,16,73,43,38,64,97,80,32,44,120,59,22" hai3="24,87,36,123,66,55,46,3,54,33,18,26,63"/><U21/><E0/><V115/><F120/><W7/><G33/><T56/><D68/><U30/><E134/><V127/><F32/><W1/><G7/><T67/><D119/><U96/><E60/><V133/><F73/><W86/><G36/><T102/><D113/><U89/><E129/><V41/><F115/><W131/><G46/><T103/><D110/><U23/><E12/><V11/><F127/><W52/><G131/><T100/><D5/><U39/><E39/><V4/><F133/><W37/><G37/><T72/><D90/><U51/><E51/><V124/><F97/><W65/><G123/><T125/><D125/><U27/><E48/><V71/><F71/><W99/><G99/><T83/><D122/><U34/><REACH who="1" step="1"/><E30/><REACH who="1" ten="230,255,235,270" step="2"/><V108/><F108/><W2/><G63/><T29/><D29/><U58/><E58/><V53/><F124/><W70/><G70/><T121/><D121/><U126/><E126/><V98/><F64/><N who="3" m="24683" /><G18/><T130/><D130/><U49/><E49/><V19/><F19/><W15/><G15/><T109/><D109/><U6/><E6/><V81/><F38/><W88/><G3/><T9/><D67/><U13/><E13/><V105/><F4/><W14/><G14/><T92/><D56/><U40/><E40/><V75/><F43/><W101/><G2/><T10/><D50/><U111/><E111/><V42/><F41/><W114/><G1/><T77/><D47/><U117/><E117/><V128/><F42/><W95/><G114/><T112/><D112/><U118/><E118/><V17/><F128/><W132/><G132/><RYUUKYOKU ba="1,1" sc="230,-10,255,30,235,-10,270,-10" hai1="20,21,23,27,28,34,78,82,89,94,96,106,107" /><INIT seed="1,2,1,1,0,98" ten="220,285,225,260" oya="1" hai0="21,3,64,16,132,61,135,86,70,22,41,97,127" hai1="122,105,114,128,71,24,36,82,80,54,51,28,73" hai2="18,94,38,65,31,103,83,50,67,63,84,46,104" hai3="43,120,69,8,75,7,32,130,27,66,79,11,48"/><U68/><E122/><V9/><F38/><W90/><G120/><T6/><D127/><U56/><E114/><V53/><F104/><W99/><G69/><T52/><D41/><U57/><E36/><V58/><F31/><W2/><G66/><T23/><D86/><U10/><E10/><V89/><F67/><W115/><G115/><T126/><D126/><U72/><E128/><V76/><F103/><W96/><G11/><T74/><D74/><U37/><E105/><V91/><F94/><W85/><G75/><T15/><D97/><U121/><E121/><V78/><F91/><W47/><G79/><T77/><D77/><U34/><E37/><V17/><F17/><W20/><G32/><T110/><D110/><U88/><E80/><V1/><F1/><W40/><G40/><T12/><D3/><U100/><E100/><V111/><F111/><W49/><G49/><T55/><D6/><U62/><E73/><V35/><F35/><W117/><G117/><T45/><D12/><AGARI ba="2,1" hai="9,12,18,46,50,53,58,63,65,76,78,83,84,89" machi="12" ten="40,5200,0" yaku="25,2,8,1" doraHai="98" who="2" fromWho="0" sc="220,-58,285,0,225,68,260,0" /><INIT seed="2,0,0,1,3,55" ten="162,285,293,260" oya="2" hai0="86,5,104,54,81,33,15,40,0,87,90,28,113" hai1="75,105,109,6,4,133,32,13,64,101,59,121,48" hai2="16,51,53,85,25,135,92,42,23,26,94,65,131" hai3="97,111,67,37,58,132,110,72,52,27,3,9,44"/><V61/><F131/><W128/><G72/><T122/><D0/><U120/><E32/><V117/><F117/><W74/><G74/><T57/><D104/><U98/><E75/><V100/><F135/><W49/><G27/><T78/><D40/><U46/><E133/><V69/><F42/><N who="3" m="22607" /><G97/><T14/><D122/><N who="1" m="47211" /><E13/><V18/><F100/><W8/><G132/><T11/><D113/><U2/><E2/><V45/><F85/><W10/><G128/><T88/><D15/><U115/><E115/><V38/><F38/><W99/><G99/><T80/><D33/><U79/><E79/><V71/><F71/><W112/><G67/><T129/><D28/><U106/><E106/><V56/><F69/><W20/><G20/><AGARI ba="0,0" hai="16,18,20,23,25,26,45,51,53,56,61,65,92,94" machi="20" ten="40,12000,1" yaku="9,1,8,1,52,1,54,1" doraHai="55" who="2" fromWho="3" sc="162,0,285,0,293,120,260,-120" /><INIT seed="2,1,0,2,3,120" ten="162,285,413,140" oya="2" hai0="88,131,66,28,8,32,117,50,67,99,127,129,34" hai1="115,40,128,114,16,30,95,21,104,87,68,106,59" hai2="0,52,29,62,19,92,135,43,56,42,33,91,78" hai3="39,74,14,125,61,25,116,31,13,121,86,55,123"/><V37/><F0/><W20/><G74/><T132/><D117/><U63/><E68/><V103/><F135/><W76/><G39/><T10/><D132/><U71/><E40/><V84/><F37/><W22/><G116/><T51/><D127/><U109/><E71/><V83/><F103/><W44/><G125/><T4/><D28/><U108/><E30/><V23/><F29/><W38/><G38/><T72/><D72/><U48/><E48/><V36/><F33/><W75/><G75/><T81/><D99/><U107/><E95/><V7/><F7/><W12/><G121/><T118/><D81/><U65/><E87/><V130/><F130/><W45/><G123/><T17/><D17/><U82/><E82/><V134/><F36/><W105/><G105/><T3/><D118/><U49/><E49/><V2/><F2/><W15/><G86/><T112/><D3/><U102/><E102/><V122/><F122/><W60/><G76/><T58/><D58/><U77/><E77/><V26/><F134/><W79/><G79/><T101/><D101/><U119/><E119/><V93/><F93/><W90/><G90/><T11/><D11/><U35/><E35/><V27/><F27/><W94/><G94/><T70/><D70/><U89/><E89/><V98/><AGARI ba="1,0" hai="19,23,26,42,43,52,56,62,78,83,84,91,92,98" machi="98" ten="20,18000,2" yaku="0,1,7,1,25,2,8,1,54,1" doraHai="120" who="2" fromWho="2" sc="162,-61,285,-61,413,183,140,-61" /><INIT seed="2,2,0,0,3,94" ten="101,224,596,79" oya="2" hai0="109,108,134,82,18,76,91,92,118,40,98,48,36" hai1="41,65,115,130,30,19,4,123,120,23,125,21,15" hai2="3,13,104,133,90,35,75,64,52,63,121,53,26" hai3="68,10,45,114,81,60,16,128,38,66,107,34,32"/><V101/><F3/><W97/><G128/><T56/><D36/><U103/><E41/><V79/><F121/><N who="1" m="46665" /><E65/><V124/><F124/><W22/><G10/><T86/><D134/><U131/><E103/><V85/><F133/><W116/><G116/><T31/><D31/><U113/><E125/><V119/><F119/><W50/><G38/><T12/><D118/><U39/><E30/><V127/><F127/><W132/><G81/><T51/><D40/><U5/><E39/><V117/><F117/><W69/><G69/><T99/><D56/><U29/><E29/><V129/><F129/><N who="1" m="49161" /><E23/><V122/><F122/><W102/><G114/><AGARI ba="2,0" hai="4,5,15,19,21,113,114,115" m="49161,46665" machi="114" ten="40,8000,1" yaku="13,1,19,1,34,2" doraHai="94" who="1" fromWho="3" sc="101,0,224,86,596,0,79,-86" owari="101,-30.0,310,11.0,596,70.0,-7,-51.0" /></mjloggm>