<mjloggm ver="2.3"><GO type="169" lobby="0"/><UN n0="%E9%97%87%E3%82%B5%E3%83%88%E3%82%B7" n1="%6B%69%6E%67%32%33%32%33" n2="%E3%82%A6%E3%83%AB%E3%83%88%E3%83%A9%E7%AB%8B%E7%9B%B4" n3="%E3%81%84%E3%81%84%E7%AC%91%E9%A1%94" dan="16,17,17,17" rate="2090.21,2199.22,2147.58,2159.23" sx="F,M,M,F"/><TAIKYOKU oya="0"/><INIT seed="0,0,0,5,4,23" ten="250,250,250,250" oya="0" hai0="131,116,35,38,70,73,34,17,31,115,13,93,40" hai1="80,79,53,130,64,134,124,37,7,45,0,10,54" hai2="71,103,50,33,66,15,84,65,77,55,94,59,86" hai3="127,75,119,114,1,30,122,4,120,129,18,56,107"/><T27/><D115/><U47/><E64/><N who="2" m="24683" /><F33/><W5/><G56/><T87/><D73/><U78/><E134/><V118/><F71/><W108/><G107/><T9/><D116/><U48/><E130/><V8/><F118/><W112/><G75/><T81/><D70/><U91/><E124/><V106/><F106/><W36/><G36/><T76/><D131/><U22/><E22/><V52/><F55/><W63/><G63/><T132/><D132/><U67/><E67/><V88/><F103/><W72/><G72/><T97/><D35/><U3/><E3/><V85/><F77/><W109/><G129/><T96/><REACH who="0" step="1"/><D93/><REACH who="0" ten="240,250,250,250" step="2"/><U113/><E113/><V82/><F94/><W11/><G119/><T110/><D110/><U98/><E80/><V104/><F104/><W123/><G127/><T46/><AGARI ba="0,1" hai="9,13,17,27,31,34,38,40,46,76,81,87,96,97" machi="46" ten="30,6000,0" yaku="1,1,0,1,52,1,53,0" doraHai="23" doraHaiUra="60" who="0" fromWho="0" sc="240,70,250,-20,250,-20,250,-20" /><INIT seed="0,1,0,0,3,86" ten="310,230,230,230" oya="0" hai0="94,55,45,61,96,39,38,71,89,114,67,13,110" hai1="50,122,107,79,17,47,58,81,116,112,62,22,132" hai2="85,68,134,48,119,15,23,42,72,6,52,51,26" hai3="3,11,133,30,111,124,10,80,95,98,32,78,35"/><T74/><D114/><U59/><E122/><V46/><F72/><W102/><G111/><T109/><D74/><U128/><E116/><V33/><F68/><W25/><G133/><T117/><D117/><U129/><E107/><V91/><F119/><W44/><G124/><T31/><D31/><U65/><E132/><V70/><F70/><W49/><G32/><T53/><D13/><U60/><E112/><V76/><F76/><W36/><G36/><N who="0" m="13867" /><D45/><U27/><E81/><N who="2" m="49583" /><F33/><W8/><G80/><T87/><D87/><U115/><E79/><V82/><F82/><W43/><REACH who="3" step="1"/><G78/><REACH who="3" ten="310,230,230,220" step="2"/><T12/><D110/><U64/><REACH who="1" step="1"/><E115/><REACH who="1" ten="310,220,230,220" step="2"/><V75/><F134/><W100/><G100/><T9/><D109/><U103/><E103/><V41/><F75/><W0/><AGARI ba="1,2" hai="0,3,8,10,11,25,30,35,43,44,49,95,98,102" machi="0" ten="30,2000,0" yaku="1,1,0,1,53,0" doraHai="86" doraHaiUra="73" who="3" fromWho="3" sc="310,-11,220,-6,230,-6,220,43" /><INIT seed="1,0,0,1,1,72" ten="299,214,224,263" oya="1" hai0="73,29,88,96,59,15,49,66,47,132,125,74,94" hai1="89,28,79,36,76,21,23,32,8,22,114,119,0" hai2="85,50,124,130,61,45,25,26,16,135,103,43,1" hai3="67,9,111,108,56,34,14,83,65,18,75,105,77"/><U117/><E36/><V122/><F122/><W68/><G105/><T104/><D125/><U113/><E89/><V62/><F124/><W52/><G34/><T123/><D123/><U90/><E90/><V129/><F1/><W70/><G67/><T27/><D104/><U80/><E0/><V95/><F135/><W98/><G98/><T127/><D127/><U84/><E8/><V100/><F85/><W35/><G35/><T97/><D97/><U81/><E32/><V118/><F118/><N who="1" m="45065" /><E28/><V71/><F71/><W51/><REACH who="3" step="1"/><G65/><REACH who="3" ten="299,214,224,253" step="2"/><T101/><D132/><U91/><E91/><V33/><F33/><W46/><G46/><T5/><D47/><U87/><E87/><V69/><F45/><W24/><G24/><T92/><D66/><U115/><E84/><V19/><F26/><W134/><G134/><T42/><D27/><U93/><E93/><V37/><F25/><W53/><G53/><T6/><D92/><U116/><E116/><V57/><F95/><W86/><G86/><T112/><D74/><U121/><E121/><V128/><F128/><W7/><G7/><T58/><D73/><U54/><E54/><V55/><F130/><W40/><G40/><T106/><D42/><U11/><E11/><V110/><F129/><W131/><G131/><T12/><D106/><U30/><E30/><V78/><F43/><W13/><G13/><T38/><D15/><U109/><E109/><AGARI ba="0,1" hai="9,14,18,51,52,56,68,70,75,77,83,108,109,111" machi="109" ten="40,8000,1" yaku="1,1,14,1,52,1,54,1,53,1" doraHai="72" doraHaiUra="107" who="3" fromWho="1" sc="299,0,214,-80,224,0,253,90" /><INIT seed="2,0,0,2,3,94" ten="299,134,224,343" oya="2" hai0="18,36,38,26,133,91,23,128,77,5,70,118,67" hai1="44,74,103,114,62,84,116,107,79,101,119,8,86" hai2="19,45,104,43,105,115,110,68,106,42,83,81,90" hai3="3,131,37,49,25,80,30,134,15,32,124,78,112"/><V97/><F115/><W28/><G37/><T20/><D128/><U113/><E44/><V75/><F68/><W17/><G3/><T33/><D33/><U125/><E8/><V24/><F110/><W39/><G39/><T7/><D133/><U58/><E58/><V35/><F75/><W117/><G117/><N who="1" m="45130" /><E62/><V123/><F123/><W130/><G134/><T14/><D70/><U111/><E111/><V56/><F56/><W121/><G121/><T52/><D67/><U66/><E66/><V57/><F57/><W126/><G49/><T59/><D77/><U51/><E51/><V69/><F69/><W1/><G1/><T99/><D36/><U95/><E125/><N who="3" m="48234" /><G30/><N who="0" m="17759" /><D38/><U73/><E107/><V87/><F105/><W65/><G65/><T40/><D40/><U93/><E79/><V71/><F106/><W92/><G112/><N who="1" m="43114" /><E95/><N who="2" m="54751" /><F71/><W88/><G15/><T6/><D118/><U76/><E76/><V127/><F127/><W132/><G17/><T11/><D6/><U98/><E103/><N who="2" m="62575" /><F19/><W129/><G132/><T72/><D11/><U21/><E21/><V135/><F135/><W34/><G34/><T122/><D122/><U41/><E41/><N who="2" m="15371" /><F45/><W85/><G131/><T13/><D13/><U47/><E47/><V31/><F35/><W108/><G108/><T29/><D29/><U10/><E10/><V22/><F31/><W61/><G61/><N who="0" m="36071" /><D72/><AGARI ba="0,0" hai="72,73,74,84,86,93,98,101" m="43114,45130" machi="72" ten="40,5200,0" yaku="34,2,52,1" doraHai="94" who="1" fromWho="0" sc="299,-52,134,52,224,0,343,0" /><AGARI ba="0,0" hai="25,28,32,72,78,80,85,88,92,129,130" m="48234" machi="72" ten="30,2000,0" yaku="18,1,54,1" doraHai="94" who="3" fromWho="0" sc="247,-20,186,0,224,0,343,20" /><INIT seed="3,0,0,4,5,134" ten="227,186,224,363" oya="3" hai0="35,16,103,84,127,6,77,131,36,89,21,106,111" hai1="115,53,42,102,20,98,128,54,112,7,66,52,130" hai2="63,64,49,34,120,15,39,59,72,114,87,57,121" hai3="90,83,73,81,56,17,91,108,93,41,119,47,92"/><W40/><G119/><T123/><D35/><U78/><E78/><V117/><F72/><W2/><G2/><T24/><D123/><N who="2" m="47178" /><F34/><W88/><G108/><T133/><D111/><U60/><E7/><V85/><F39/><W51/><G73/><T74/><D133/><U124/><E42/><V11/><F114/><N who="1" m="43561" /><E20/><V14/><F117/><W37/><G37/><T25/><D36/><U30/><E30/><V19/><F15/><W65/><G40/><T104/><D6/><U96/><E102/><V118/><F118/><W48/><G17/><T45/><D45/><U101/><E101/><V1/><F1/><W12/><G12/><T79/><D25/><U50/><E98/><V28/><F28/><W32/><G32/><T5/><D131/><N who="1" m="50219" /><E96/><V58/><F49/><W62/><G51/><T8/><D103/><U75/><E75/><V10/><F10/><W9/><G9/><T33/><D33/><U23/><E23/><V97/><F97/><W31/><G31/><T43/><D43/><U26/><E26/><V105/><F105/><W113/><G113/><T46/><D46/><N who="1" m="27735" /><E124/><V70/><AGARI ba="0,0" hai="11,14,19,57,58,59,63,64,70,85,87" m="47178" machi="70" ten="30,1100,0" yaku="13,1" doraHai="134" who="2" fromWho="2" sc="227,-3,186,-3,224,11,363,-5" /><INIT seed="4,0,0,1,3,100" ten="224,183,235,358" oya="0" hai0="60,1,97,24,102,65,48,122,54,27,92,107,132" hai1="70,85,8,83,6,3,12,30,41,90,0,21,128" hai2="98,75,73,35,9,124,16,131,13,40,39,112,81" hai3="50,25,129,5,77,59,69,33,58,95,20,46,52"/><T121/><D132/><U61/><E128/><V114/><F131/><W133/><G129/><T42/><D1/><U127/><E127/><V49/><F35/><W66/><G33/><T118/><D42/><U10/><E41/><V96/><F39/><W134/><G5/><T44/><D118/><U43/><E43/><V82/><F124/><W105/><G105/><T56/><REACH who="0" step="1"/><D92/><REACH who="0" ten="214,183,235,358" step="2"/><U7/><E70/><V57/><F40/><W18/><G95/><T78/><D78/><U79/><E79/><V4/><F81/><W109/><G77/><T37/><D37/><U17/><E61/><V120/><F82/><W74/><G109/><T130/><D130/><U119/><REACH who="1" step="1"/><E30/><REACH who="1" ten="214,173,235,358" step="2"/><V135/><F135/><W126/><G69/><T110/><D110/><U34/><E34/><V123/><F123/><AGARI ba="0,2" hai="24,27,44,48,54,56,60,65,97,102,107,121,122,123" machi="123" ten="40,3900,0" yaku="1,1,52,1,53,0" doraHai="100" doraHaiUra="36" who="0" fromWho="2" sc="214,59,173,0,235,-39,358,0" /><INIT seed="4,1,0,1,4,73" ten="273,173,196,358" oya="0" hai0="36,78,23,97,85,132,38,82,27,46,67,30,3" hai1="93,102,37,2,35,44,66,103,17,21,127,101,76" hai2="106,33,118,65,41,53,18,60,10,129,121,94,69" hai3="19,83,111,6,68,109,128,4,110,71,14,28,115"/><T134/><D3/><U125/><E35/><V15/><F121/><W131/><G28/><T45/><D67/><U50/><E2/><V133/><F106/><W34/><G34/><T5/><D5/><U42/><E66/><V86/><F129/><N who="3" m="49739" /><G83/><T105/><D97/><U72/><E37/><N who="0" m="14441" /><D105/><U90/><E72/><V104/><F104/><W124/><G115/><T47/><D47/><U48/><E48/><V64/><F133/><N who="0" m="51306" /><D45/><U16/><E76/><V74/><F65/><W81/><G81/><T79/><D46/><U54/><E42/><V57/><F41/><W122/><G122/><T95/><D95/><U117/><E117/><V32/><F118/><W75/><G75/><T58/><D58/><U135/><E135/><V100/><F74/><W62/><G62/><T84/><D84/><U108/><E108/><V120/><F120/><W89/><G6/><T11/><D11/><U113/><E113/><V123/><F123/><W12/><G4/><T98/><D98/><U9/><E9/><V63/><REACH who="2" step="1"/><F100/><REACH who="2" ten="273,173,186,358" step="2"/><W70/><G111/><T56/><D56/><U8/><E8/><V119/><F119/><W1/><G110/><T92/><D92/><U0/><E0/><V52/><F52/><W25/><G1/><T107/><D107/><U7/><E7/><V20/><F20/><W77/><G109/><T130/><D130/><U112/><E112/><V49/><F49/><W91/><G71/><T59/><D59/><U114/><E114/><V99/><F99/><W55/><G70/><T61/><D61/><U26/><E17/><V39/><F39/><W24/><G19/><RYUUKYOKU ba="1,1" sc="273,10,173,10,186,10,358,-30" hai0="23,27,30,78,79,82,85" hai1="16,21,26,44,50,54,90,93,101,102,103,125,127" hai2="10,15,18,32,33,53,57,60,63,64,69,86,94" /><INIT seed="4,2,1,1,5,121" ten="283,183,196,328" oya="0" hai0="85,111,12,78,102,118,8,72,120,126,101,90,106" hai1="35,55,75,115,88,119,129,4,96,1,43,61,94" hai2="32,41,17,14,58,132,28,24,83,117,107,25,82" hai3="70,7,71,38,5,68,13,49,26,48,34,86,108"/><T29/><D118/><U30/><E119/><V114/><F117/><W89/><G38/><T9/><D120/><U130/><E75/><V6/><F107/><W23/><G108/><T134/><D111/><U97/><E43/><V98/><F132/><W22/><G34/><T11/><D134/><U103/><E30/><V60/><F114/><W44/><G48/><T63/><D126/><U0/><E35/><V67/><F41/><W105/><G105/><T76/><D29/><U59/><E115/><V42/><F42/><W84/><G84/><T113/><D72/><U21/><E21/><V52/><F98/><W99/><G99/><T92/><D106/><N who="1" m="63847" /><E4/><V31/><F6/><W56/><G56/><T135/><D135/><U40/><E40/><V53/><F25/><W100/><G100/><N who="0" m="38507" /><D113/><U69/><E69/><V65/><F31/><W109/><G109/><T16/><D63/><U37/><E37/><V104/><F104/><W62/><G62/><T3/><D3/><U93/><E93/><V95/><F95/><W73/><G73/><T20/><AGARI ba="2,1" hai="8,9,11,12,16,20,76,78,85,90,92" m="38507" machi="20" ten="30,3000,0" yaku="8,1,54,1" doraHai="121" who="0" fromWho="0" sc="283,46,183,-12,196,-12,328,-12" /><INIT seed="4,3,0,3,4,73" ten="329,171,184,316" oya="0" hai0="79,78,80,121,47,31,67,119,101,44,58,56,128" hai1="112,28,134,17,39,15,51,29,61,126,99,40,89" hai2="23,22,86,66,53,26,49,74,12,131,129,3,113" hai3="122,6,0,114,70,104,65,125,10,50,118,54,60"/><T34/><D119/><U130/><E39/><V20/><F74/><W109/><G109/><T48/><D121/><U108/><E108/><V9/><F66/><W106/><G118/><T132/><D34/><U25/><E130/><N who="2" m="49675" /><F86/><W85/><G114/><T76/><D31/><U19/><E126/><V135/><F3/><W57/><G125/><T72/><D132/><U30/><E134/><V77/><F135/><W69/><G69/><T7/><D72/><U33/><E112/><V123/><F123/><W63/><G122/><T115/><D115/><U133/><E133/><V52/><F113/><W98/><G50/><T111/><D80/><U43/><E61/><V62/><F62/><W83/><REACH who="3" step="1"/><G98/><REACH who="3" ten="329,171,184,306" step="2"/><T110/><D128/><U107/><E51/><V71/><F71/><W13/><G13/><T105/><D48/><U38/><E38/><V88/><F49/><W97/><G97/><T120/><D120/><U82/><E15/><V46/><F12/><W37/><G37/><T21/><D111/><U68/><E68/><V103/><F46/><W42/><G42/><T5/><D44/><U35/><E43/><V64/><F26/><W116/><G116/><T18/><D47/><U84/><E40/><V36/><F36/><W4/><G4/><T1/><D110/><U41/><E41/><V2/><F2/><W96/><G96/><N who="0" m="61607" /><D1/><U27/><E29/><V14/><F14/><W81/><G81/><T93/><D7/><U91/><E107/><V124/><F124/><W75/><G75/><T8/><D5/><U55/><E55/><V117/><F53/><W11/><G11/><RYUUKYOKU ba="3,1" sc="329,-15,171,15,184,-15,306,15" hai1="17,19,25,27,28,30,33,35,82,84,89,91,99" hai3="0,6,10,54,57,60,63,65,70,83,85,104,106" /><INIT seed="5,4,1,0,5,49" ten="314,186,169,321" oya="1" hai0="88,6,132,128,1,58,105,14,107,85,112,110,53" hai1="90,2,76,67,93,80,96,73,117,29,103,40,68" hai2="32,25,118,113,38,26,10,0,108,124,129,115,70" hai3="130,72,35,126,57,134,17,98,79,74,24,71,43"/><U19/><E2/><V75/><F10/><W101/><G71/><T46/><D110/><U15/><E117/><V121/><F25/><W99/><G99/><T102/><D1/><U5/><E29/><V20/><F20/><W12/><G79/><T7/><D112/><U51/><E5/><V81/><F81/><W55/><G43/><T39/><D128/><U23/><E68/><V37/><F26/><W28/><G134/><T33/><D33/><U104/><E67/><V66/><F66/><W13/><G126/><T89/><D132/><U27/><E40/><V95/><F95/><W77/><G77/><T8/><D39/><U63/><E51/><V47/><F47/><W119/><G130/><T22/><D105/><U21/><E63/><V36/><F36/><W100/><G100/><T50/><D107/><U60/><E60/><V59/><F59/><W125/><G125/><T62/><D102/><U16/><E104/><V52/><F52/><W78/><G78/><T9/><D22/><U114/><REACH who="1" step="1"/><E103/><REACH who="1" ten="314,176,169,321" step="2"/><V83/><F38/><W120/><G119/><T41/><D7/><U64/><E64/><V3/><F0/><W44/><G101/><T86/><D6/><U69/><E69/><V18/><F18/><W87/><G17/><T135/><D135/><U111/><E111/><V131/><F131/><W123/><G28/><T91/><D41/><U48/><E48/><V45/><F129/><W97/><G123/><T30/><D30/><U92/><E92/><V122/><F121/><W133/><G120/><T109/><D109/><U42/><E42/><V106/><F122/><RYUUKYOKU ba="4,2" sc="314,-10,176,30,169,-10,321,-10" hai1="15,16,19,21,23,27,73,76,80,90,93,96,114" /><INIT seed="5,5,2,1,0,65" ten="304,206,159,311" oya="1" hai0="23,58,105,1,32,34,77,9,5,33,100,103,46" hai1="54,108,47,30,38,20,95,102,36,131,72,21,7" hai2="123,49,98,14,42,111,126,43,94,37,0,68,31" hai3="78,90,128,106,15,91,83,11,19,29,80,118,134"/><U113/><E72/><V69/><F0/><W41/><G106/><T130/><D130/><U40/><E131/><V26/><F111/><W112/><G128/><T97/><D77/><U85/><E7/><V104/><F123/><W22/><G112/><T107/><D46/><U8/><E113/><V12/><F104/><W73/><G134/><T55/><D23/><U64/><E64/><V122/><F122/><W35/><G118/><T93/><REACH who="0" step="1"/><D103/><REACH who="0" ten="294,206,159,311" step="2"/><U115/><E115/><V53/><F126/><W50/><G35/><T84/><D84/><U3/><E108/><V62/><F37/><W45/><REACH who="3" step="1"/><G80/><REACH who="3" ten="294,206,159,301" step="2"/><T71/><D71/><U124/><E124/><V79/><F68/><W74/><G74/><T56/><D56/><U92/><E47/><V27/><F69/><W28/><G28/><T129/><D129/><U17/><E30/><V39/><F31/><W121/><G121/><T6/><D6/><U109/><E109/><V119/><F119/><W101/><G101/><T51/><AGARI ba="5,4" hai="1,5,9,32,33,34,51,55,58,93,97,100,105,107" machi="51" ten="30,2000,0" yaku="1,1,0,1,53,0" doraHai="65" doraHaiUra="114" who="0" fromWho="0" sc="294,75,206,-15,159,-10,301,-10" /><INIT seed="6,0,0,2,3,103" ten="369,191,149,291" oya="2" hai0="85,16,26,6,83,62,14,33,99,126,40,55,34" hai1="13,56,53,24,1,3,109,134,43,28,37,39,18" hai2="128,70,108,30,92,45,105,8,111,106,64,7,81" hai3="73,76,67,50,42,91,57,86,72,79,23,80,125"/><V95/><F30/><W35/><G35/><T93/><D40/><U15/><E109/><N who="2" m="42059" /><F128/><W51/><G125/><T46/><D126/><U31/><E134/><V97/><F81/><W59/><G23/><N who="0" m="13671" /><D34/><U54/><E43/><V20/><F20/><W69/><G69/><T60/><D33/><U11/><E56/><V2/><F45/><N who="3" m="25911" /><G73/><T133/><D133/><U75/><E75/><V38/><F38/><W132/><G72/><T66/><D66/><U9/><E24/><V94/><F97/><W19/><G19/><AGARI ba="0,0" hai="1,3,9,11,13,15,18,19,28,31,37,39,53,54" machi="19" ten="25,1600,0" yaku="22,2" doraHai="103" who="1" fromWho="3" sc="369,0,191,16,149,0,291,-16" /><INIT seed="7,0,0,3,2,85" ten="369,207,149,275" oya="3" hai0="12,117,115,67,9,37,62,118,88,131,82,66,22" hai1="48,13,126,63,106,90,111,127,42,20,84,94,10" hai2="69,1,25,112,99,108,132,133,96,68,93,98,59" hai3="120,18,43,26,58,89,71,95,79,92,38,21,72"/><W116/><G116/><T57/><D37/><U3/><E111/><V65/><F1/><W114/><G71/><N who="2" m="27209" /><F25/><W31/><G120/><T51/><D115/><U87/><E106/><V19/><F93/><W77/><G114/><T55/><D131/><U2/><E63/><V134/><F112/><W34/><G95/><T122/><D122/><U52/><E42/><V17/><F59/><W107/><G107/><T124/><D124/><N who="1" m="47659" /><E84/><V49/><F49/><W64/><G72/><T44/><D22/><U129/><E129/><V53/><F108/><W5/><G5/><T103/><D67/><U39/><E39/><V119/><F119/><W33/><G33/><T73/><D103/><U14/><E20/><V56/><F56/><W28/><G43/><T23/><D57/><N who="1" m="32903" /><E14/><V15/><F15/><W105/><G105/><T30/><D51/><U60/><E60/><V101/><F101/><W97/><G38/><T121/><D121/><U61/><E61/><V29/><F53/><W7/><G7/><AGARI ba="0,0" hai="2,3,7,10,13,87,90,94" m="32903,47659" machi="7" ten="30,3900,0" yaku="18,1,52,1,54,1" doraHai="85" who="1" fromWho="3" sc="369,0,207,39,149,0,275,-39" owari="369,46.0,246,5.0,149,-35.0,236,-16.0" /></mjloggm>