<mjloggm ver="2.3"><GO type="169" lobby="0"/><UN n0="%E3%81%B5%E3%81%81%E3%81%84%E3%81%A1%E3%82%83%E3%82%80%E2%98%85" n1="%E3%83%AD%E3%83%9E%E3%83%8D%E3%82%B9%E3%82%AF" n2="%E8%84%B3%E5%A4%A9%E3%81%AE%E6%8B%B3" n3="%E3%82%A6%E3%83%AB%E3%83%88%E3%83%A9%E7%AB%8B%E7%9B%B4" dan="16,16,17,17" rate="2096.86,2083.51,2203.09,2201.05" sx="M,M,M,M"/><TAIKYOKU oya="0"/><INIT seed="0,0,0,2,4,4" ten="250,250,250,250" oya="0" hai0="79,48,132,84,24,66,32,23,14,64,128,57,6" hai1="102,7,133,77,28,10,33,15,121,67,112,3,114" hai2="80,65,54,37,36,82,72,104,124,39,69,63,116" hai3="110,118,68,130,9,83,53,41,108,86,44,88,107"/><T19/><D132/><U46/><E102/><V52/><F104/><W62/><G107/><T98/><D128/><U105/><E105/><V111/><F111/><N who="3" m="42539" /><G118/><T5/><D98/><U70/><E77/><V43/><F72/><W75/><G75/><T99/><D99/><U76/><E76/><V31/><F31/><W103/><G103/><T117/><D117/><U11/><E46/><V34/><F34/><W90/><G90/><T135/><D135/><U16/><E133/><V89/><F116/><W17/><G130/><T96/><D96/><U40/><E40/><V109/><F43/><W113/><G113/><N who="1" m="43626" /><E121/><V47/><F109/><W30/><G30/><T127/><D127/><U25/><E67/><N who="0" m="25641" /><D32/><U20/><E70/><V106/><F124/><W42/><G68/><T95/><D24/><U12/><E3/><V125/><F125/><W92/><G92/><T26/><D26/><U73/><E73/><V123/><F123/><W115/><G115/><T93/><D93/><U119/><E119/><V59/><F106/><W29/><G29/><T60/><D48/><U35/><AGARI ba="0,0" hai="7,10,11,12,15,16,20,25,28,33,35" m="43626" machi="35" ten="30,12000,2" yaku="11,1,34,2,52,2,54,1" doraHai="4" who="1" fromWho="1" sc="250,-60,250,120,250,-30,250,-30" /><INIT seed="1,0,0,5,2,4" ten="190,370,220,220" oya="1" hai0="123,90,43,113,71,42,45,6,109,128,80,1,3" hai1="127,78,23,41,2,104,97,121,87,88,30,50,18" hai2="9,115,35,16,74,83,27,131,76,56,0,134,111" hai3="21,22,13,130,126,46,65,95,48,25,67,122,33"/><U75/><E121/><V31/><F111/><W105/><G105/><T36/><D113/><U99/><E2/><V94/><F115/><W82/><G122/><T103/><D123/><U29/><E127/><V10/><F131/><W101/><G130/><T77/><D71/><U26/><E75/><V92/><F134/><W59/><G33/><T135/><D135/><U86/><E78/><V8/><F0/><W66/><G82/><T49/><D128/><U116/><E116/><V64/><REACH who="2" step="1"/><F16/><REACH who="2" ten="190,370,210,220" step="2"/><W11/><G126/><T53/><D109/><U7/><E18/><V55/><F55/><W19/><G25/><T118/><D118/><U96/><E30/><V133/><F133/><W106/><G59/><N who="0" m="33199" /><D42/><U51/><E7/><V17/><F17/><W73/><G73/><N who="0" m="43055" /><D1/><U58/><E41/><V14/><F14/><W102/><G66/><T72/><D72/><U125/><E125/><V84/><F84/><W117/><G67/><T69/><D69/><U79/><E86/><V38/><F38/><W37/><G65/><T68/><D68/><U5/><E5/><V57/><F57/><W114/><G37/><T110/><D110/><U100/><E58/><V34/><F34/><W54/><G114/><T44/><D45/><U40/><E40/><V89/><F89/><W93/><G117/><T70/><D70/><U15/><E15/><V91/><F91/><W62/><G13/><T132/><D132/><U85/><E85/><V52/><F52/><W124/><G54/><T129/><D129/><U120/><E120/><V47/><F47/><W108/><G46/><T107/><D90/><RYUUKYOKU ba="0,1" sc="190,-10,370,-10,210,30,220,-10" hai2="8,9,10,27,31,35,56,64,74,76,83,92,94" /><INIT seed="2,1,1,3,4,55" ten="180,360,240,210" oya="2" hai0="43,18,89,82,91,135,112,87,1,27,62,131,2" hai1="96,51,103,134,74,107,95,37,45,129,48,17,109" hai2="123,97,4,65,122,77,64,20,15,70,128,61,60" hai3="10,57,108,81,26,85,30,84,94,98,49,68,72"/><V58/><F128/><W67/><G108/><T80/><D112/><U29/><E109/><V71/><F77/><W126/><G126/><T93/><D131/><U86/><E129/><V100/><F71/><W105/><G105/><T69/><D43/><U3/><E3/><V44/><F44/><W130/><G130/><T34/><D135/><U25/><E134/><V79/><F79/><W12/><G68/><T56/><D69/><U73/><E17/><V36/><F36/><W113/><G72/><T117/><D117/><U63/><E37/><V90/><F90/><W119/><G81/><T125/><D125/><U42/><E48/><V111/><F111/><W9/><G9/><T66/><D80/><U23/><E107/><V75/><F75/><W38/><G38/><T14/><D27/><U102/><E102/><V32/><F32/><W88/><G119/><T11/><REACH who="0" step="1"/><D34/><REACH who="0" ten="170,360,240,210" step="2"/><U5/><E42/><V31/><F123/><W118/><G118/><T78/><D78/><U115/><E115/><V127/><F122/><W35/><G113/><T41/><D41/><U53/><E74/><V99/><F127/><W106/><G26/><T83/><D83/><U121/><E73/><V50/><F70/><W22/><G35/><T46/><D46/><U124/><E45/><V19/><F31/><W24/><G30/><T28/><D28/><U40/><E29/><V104/><F104/><W133/><G106/><T52/><D52/><U114/><E121/><V21/><F65/><W39/><G67/><T59/><D59/><U6/><E124/><V47/><F64/><W33/><G133/><RYUUKYOKU ba="1,2" sc="170,30,360,-10,240,-10,210,-10" hai0="1,2,11,14,18,56,62,66,82,87,89,91,93" /><INIT seed="3,2,2,0,5,83" ten="200,350,230,200" oya="3" hai0="35,84,81,5,3,87,66,74,118,124,32,23,14" hai1="128,125,75,135,130,90,82,13,38,99,34,77,94" hai2="103,30,9,91,108,97,26,126,49,21,28,69,12" hai3="80,78,86,61,24,52,20,79,123,25,11,15,129"/><W67/><G129/><N who="1" m="49770" /><E38/><V18/><F108/><W2/><G2/><T8/><D118/><U101/><E34/><V40/><F69/><W68/><G123/><T43/><D124/><U119/><E119/><V117/><F117/><W109/><G109/><T116/><D116/><U50/><E50/><V112/><F112/><W39/><G39/><T7/><D66/><U93/><E13/><V0/><F126/><W31/><G25/><T113/><D113/><U134/><E125/><V115/><F115/><W85/><G52/><T70/><D70/><U98/><AGARI ba="2,2" hai="75,77,82,90,93,94,98,99,101,134,135" m="49770" machi="98" ten="30,4000,0" yaku="19,1,34,2" doraHai="83" who="1" fromWho="1" sc="200,-12,350,66,230,-12,200,-22" /><INIT seed="4,0,0,5,4,70" ten="188,416,218,178" oya="0" hai0="95,41,129,10,82,61,17,75,69,40,44,65,105" hai1="98,4,52,91,60,110,96,7,58,48,125,78,128" hai2="134,120,57,135,127,85,118,79,37,30,49,16,83" hai3="123,18,80,50,0,38,68,106,55,66,67,29,28"/><T84/><D105/><U117/><E110/><V20/><F120/><W119/><G119/><T64/><D129/><U24/><E117/><V11/><F118/><W59/><G123/><T101/><D75/><U31/><E128/><V126/><F30/><W53/><G0/><T36/><D40/><U63/><E125/><N who="2" m="47627" /><F11/><W109/><G109/><T8/><D65/><U114/><E114/><V99/><F99/><N who="1" m="37929" /><E78/><V74/><F74/><W115/><G115/><T33/><D33/><U12/><E91/><V116/><F116/><W71/><G18/><T104/><D104/><U19/><E31/><V133/><F37/><W89/><G38/><T35/><D35/><U73/><E73/><V39/><F39/><W43/><G89/><T100/><D95/><U22/><E24/><N who="2" m="14343" /><F57/><W3/><G59/><T62/><D101/><U88/><E88/><N who="2" m="51263" /><F49/><W81/><G50/><T1/><D100/><U14/><E14/><V54/><F54/><W107/><REACH who="3" step="1"/><G3/><REACH who="3" ten="188,416,218,168" step="2"/><T46/><D1/><U32/><E48/><V27/><F79/><W97/><G97/><T23/><D44/><U111/><E111/><V25/><AGARI ba="0,1" hai="25,27,133,134,135" m="51263,14343,47627" machi="25" ten="40,8000,1" yaku="20,1,18,1,54,2" doraHai="70" who="2" fromWho="2" sc="188,-40,416,-20,218,90,168,-20" /><INIT seed="5,0,0,3,3,55" ten="148,396,308,148" oya="1" hai0="25,48,127,51,39,133,102,17,68,134,54,112,73" hai1="123,91,10,3,53,117,114,62,61,4,36,122,78" hai2="79,1,88,49,92,75,5,128,23,30,16,94,85" hai3="24,116,35,52,41,72,7,59,9,96,115,33,82"/><U67/><E117/><V71/><F128/><W32/><G115/><T22/><D73/><U38/><E114/><V87/><F71/><W124/><G116/><T110/><D68/><U95/><E78/><V28/><F75/><W99/><G124/><T46/><D110/><U76/><E76/><V13/><F1/><W119/><G119/><T40/><D112/><U29/><E29/><V50/><F5/><W74/><G41/><T83/><D127/><U132/><E132/><N who="0" m="50793" /><D83/><U103/><E103/><V101/><F101/><W66/><G24/><T125/><D125/><U69/><E38/><V37/><F37/><W107/><G66/><T111/><D111/><U12/><E3/><V84/><F79/><W0/><G107/><T131/><D131/><U104/><E36/><V106/><F106/><W113/><G113/><T70/><D70/><U8/><E8/><V42/><F50/><W97/><REACH who="3" step="1"/><G82/><REACH who="3" ten="148,396,308,138" step="2"/><T63/><D102/><U126/><E104/><V77/><F42/><W120/><G120/><T34/><D34/><U43/><E43/><V118/><F118/><W27/><G27/><T105/><D105/><U89/><E126/><V2/><F94/><W15/><G15/><T135/><D135/><U31/><E123/><V108/><F2/><W60/><AGARI ba="0,1" hai="0,7,9,32,33,35,52,59,60,72,74,96,97,99" machi="60" ten="40,8000,1" yaku="1,1,0,1,52,1,54,1,53,0" doraHai="55" doraHaiUra="20" who="3" fromWho="3" sc="148,-20,396,-40,308,-20,138,90" /><INIT seed="6,0,0,4,5,104" ten="128,356,288,228" oya="2" hai0="126,65,20,8,84,19,87,15,96,2,56,111,44" hai1="9,79,6,77,120,125,45,114,121,131,118,28,97" hai2="1,10,133,106,132,122,38,70,85,113,73,57,37" hai3="5,36,16,18,80,59,67,41,98,134,101,71,51"/><V42/><F122/><N who="1" m="47209" /><E118/><V0/><F85/><W4/><G134/><N who="2" m="51817" /><F57/><W93/><G36/><N who="2" m="13929" /><F42/><W105/><G105/><T94/><D111/><U68/><E68/><V129/><F113/><W32/><G32/><T63/><D126/><U100/><E125/><V81/><F129/><W62/><G80/><T25/><D2/><N who="1" m="215" /><E131/><V88/><F106/><W78/><G78/><T115/><D115/><U82/><E114/><V30/><F10/><W7/><REACH who="3" step="1"/><G71/><REACH who="3" ten="128,356,288,218" step="2"/><T48/><D44/><AGARI ba="0,1" hai="4,5,7,16,18,41,44,51,59,62,67,93,98,101" machi="44" ten="40,8000,1" yaku="1,1,2,1,8,1,54,1,53,1" doraHai="104" doraHaiUra="55" who="3" fromWho="0" sc="128,-80,356,0,288,0,218,90" /><INIT seed="7,0,0,4,1,92" ten="48,356,288,308" oya="3" hai0="83,10,120,135,51,74,27,33,110,113,121,130,30" hai1="131,34,115,98,40,26,7,93,50,79,77,104,29" hai2="111,12,133,91,19,102,64,85,99,53,71,101,25" hai3="59,1,60,35,87,37,20,4,123,5,103,45,76"/><W21/><G123/><T48/><D83/><U100/><E131/><V89/><F111/><W86/><G35/><T129/><D48/><U66/><E115/><V82/><F133/><W41/><G103/><T78/><D51/><U57/><E7/><V58/><F71/><W128/><G128/><N who="0" m="49259" /><D78/><U124/><E124/><V112/><F112/><W63/><G63/><T11/><D74/><U47/><E104/><V2/><F2/><W94/><G87/><T134/><D110/><U42/><E42/><V49/><F25/><W52/><G1/><T109/><D109/><U17/><E17/><V18/><F64/><W8/><G76/><T38/><D38/><U132/><E132/><N who="0" m="50729" /><D113/><U108/><E108/><V43/><F19/><W0/><G5/><T88/><D88/><U81/><E81/><V16/><F43/><W125/><G86/><T32/><D27/><U90/><E90/><V119/><F91/><W116/><G94/><T127/><D30/><U117/><E79/><V95/><F102/><W96/><G96/><T3/><D3/><U31/><E77/><V61/><F61/><W24/><G116/><T39/><D39/><U69/><E31/><V70/><F119/><W13/><G0/><T44/><D44/><U106/><E117/><V62/><F70/><W55/><G55/><T14/><D14/><U75/><E69/><V122/><F12/><W22/><G24/><T15/><D15/><U97/><E26/><V65/><F62/><W28/><G28/><T126/><D10/><U56/><E29/><V68/><F101/><W23/><N who="3" m="5120" /><DORA hai="105" /><W73/><G73/><RYUUKYOKU ba="0,0" sc="48,-10,356,-10,288,-10,308,30" hai3="4,8,13,37,41,45,52,59,60,125" /><INIT seed="7,1,0,3,2,114" ten="38,346,278,338" oya="3" hai0="32,131,30,110,44,115,52,74,99,62,4,76,135" hai1="38,91,92,47,82,7,15,40,72,77,132,13,119" hai2="20,102,95,60,111,109,129,24,75,134,53,2,97" hai3="117,37,41,81,67,126,93,10,45,100,57,103,113"/><W80/><G117/><T130/><D99/><U79/><E132/><V21/><F134/><W34/><G34/><T116/><D4/><U128/><E128/><V14/><F129/><W127/><G113/><T22/><D22/><U59/><E119/><V65/><F2/><W33/><G33/><T39/><D76/><U56/><E77/><V29/><F75/><W104/><G104/><T125/><D62/><U83/><E83/><N who="3" m="31818" /><G10/><T121/><D52/><U85/><E15/><V86/><F86/><W61/><G93/><T71/><D44/><U25/><E25/><V124/><F124/><AGARI ba="1,0" hai="37,41,45,57,61,67,100,103,124,126,127" m="31818" machi="124" ten="30,1500,0" yaku="18,1" doraHai="114" who="3" fromWho="2" sc="38,0,346,0,278,-18,338,18" owari="38,-46.0,346,15.0,260,-14.0,356,45.0" /></mjloggm>