<mjloggm ver="2.3"><GO type="169" lobby="0"/><UN n0="%E3%82%B9%E3%82%B1%E3%83%BC%E3%82%BF%E3%83%BC" n1="%7A%65%6C%64%65%6E" n2="%E3%82%A6%E3%83%AB%E3%83%88%E3%83%A9%E7%AB%8B%E7%9B%B4" n3="%73%68%6F%6F%74%33%39" dan="17,17,17,17" rate="2110.35,2220.30,2107.10,2149.56" sx="M,M,M,M"/><TAIKYOKU oya="0"/><INIT seed="0,0,0,5,0,107" ten="250,250,250,250" oya="0" hai0="111,4,34,39,57,50,120,25,32,52,108,27,79" hai1="80,45,6,92,129,20,73,38,66,63,74,43,5" hai2="94,56,9,117,91,115,118,83,101,40,113,135,14" hai3="7,119,68,46,133,59,18,86,99,71,54,121,31"/><T106/><D120/><U134/><E134/><V8/><F135/><W116/><G133/><T100/><D39/><U12/><E129/><V127/><F127/><W26/><G121/><T123/><D123/><U81/><E92/><V42/><F56/><W29/><G7/><T130/><D130/><U105/><E105/><V30/><F30/><W22/><G46/><T49/><D4/><U132/><E132/><V72/><F101/><W112/><G112/><T70/><D70/><U35/><E35/><N who="0" m="13353" /><D79/><U1/><E1/><V11/><F14/><W28/><G86/><T75/><D75/><U85/><E6/><V124/><F124/><W53/><G99/><N who="0" m="61727" /><D50/><U125/><E125/><V2/><F2/><W103/><G103/><T36/><D36/><U96/><E96/><V67/><F67/><W47/><G47/><T84/><D84/><U60/><E80/><V37/><F37/><W33/><G33/><T95/><D95/><U64/><E64/><V69/><F69/><W126/><G126/><T87/><D87/><U65/><E65/><V55/><F94/><W102/><G102/><T48/><D48/><U97/><E97/><V62/><F115/><W13/><G71/><T0/><D0/><U109/><E66/><V114/><F113/><W19/><G68/><T24/><D24/><U3/><E3/><V78/><F114/><W128/><G128/><T21/><D27/><U41/><E5/><V16/><F91/><W10/><G59/><T110/><D25/><U77/><E38/><V88/><F88/><W23/><G10/><N who="2" m="2561" /><V122/><DORA hai="58" /><F122/><W76/><G76/><RYUUKYOKU ba="0,0" sc="250,15,250,-15,250,-15,250,15" hai0="21,49,52,57,108,110,111" hai3="13,18,19,22,23,26,28,29,31,53,54,116,119" /><INIT seed="0,1,0,0,3,34" ten="265,235,235,265" oya="0" hai0="20,86,101,84,19,113,67,8,29,89,13,90,102" hai1="121,132,81,50,125,77,18,108,87,98,118,92,106" hai2="76,14,62,51,130,2,17,115,119,66,0,65,39" hai3="129,122,75,95,83,53,61,59,91,11,124,80,22"/><T26/><D67/><U71/><E71/><V60/><F39/><W116/><G116/><T104/><D113/><U133/><E118/><V99/><F119/><W134/><G134/><N who="1" m="51818" /><E121/><V35/><F115/><W82/><G122/><T103/><REACH who="0" step="1"/><D104/><REACH who="0" ten="255,235,235,265" step="2"/><U107/><E107/><V78/><F66/><W63/><G124/><T56/><D56/><U96/><E106/><V131/><F65/><W27/><G129/><T109/><D109/><U25/><E108/><V24/><F130/><W54/><G75/><T44/><D44/><U48/><E125/><V30/><F131/><W36/><G36/><T47/><D47/><U6/><E50/><V85/><F51/><W46/><G46/><T120/><D120/><U37/><E48/><V43/><F62/><W123/><G123/><T55/><D55/><U70/><E37/><V28/><F60/><W73/><G73/><T111/><D111/><U117/><E117/><V93/><F43/><W3/><G54/><T49/><D49/><U74/><E70/><V105/><F105/><W4/><G63/><T12/><D12/><U100/><E74/><V15/><F15/><W112/><G112/><T88/><AGARI ba="1,1" hai="8,13,19,20,26,29,84,86,88,89,90,101,102,103" machi="88" ten="30,11700,0" yaku="1,1,0,1,8,1,54,1,53,0" doraHai="34" doraHaiUra="114" who="0" fromWho="0" sc="255,130,235,-40,235,-40,265,-40" /><INIT seed="0,2,0,0,3,118" ten="385,195,195,225" oya="0" hai0="77,41,61,43,72,21,46,101,2,68,70,78,129" hai1="16,88,57,80,47,50,58,0,92,107,11,127,132" hai2="63,123,44,108,83,14,126,4,121,75,120,125,134" hai3="3,7,35,51,60,10,119,135,49,27,1,116,79"/><T32/><D101/><U31/><E107/><V20/><F108/><W12/><G79/><T97/><D97/><U65/><E127/><N who="2" m="48651" /><F134/><W45/><G135/><T96/><D96/><U28/><E132/><V6/><F44/><W25/><G60/><T15/><D32/><U9/><E0/><V90/><F63/><W59/><G59/><N who="1" m="22538" /><E65/><V38/><F38/><W111/><G111/><T128/><D2/><U124/><E124/><V106/><F106/><W29/><G1/><T30/><D43/><N who="1" m="24959" /><E80/><V130/><F130/><W95/><G51/><T24/><D61/><U56/><N who="1" m="22546" /><U40/><DORA hai="71" /><E40/><V98/><F75/><W105/><G105/><T131/><D72/><U85/><E11/><V34/><F34/><W69/><G69/><T86/><D70/><U104/><E104/><V42/><F42/><W23/><G3/><T109/><D68/><U91/><E91/><V76/><F76/><W52/><REACH who="3" step="1"/><G95/><REACH who="3" ten="385,195,195,215" step="2"/><T115/><D109/><U37/><E37/><V22/><F83/><W87/><G87/><T64/><D86/><U114/><E114/><V113/><F113/><W18/><AGARI ba="2,1" hai="7,10,12,18,23,25,27,29,35,45,49,52,116,119" machi="18" ten="20,5200,0" yaku="1,1,0,1,7,1,54,1,53,0" doraHai="118,71" doraHaiUra="66,103" who="3" fromWho="3" sc="385,-28,195,-15,195,-15,215,68" /><INIT seed="1,0,0,2,3,90" ten="357,180,180,283" oya="1" hai0="101,48,20,57,60,45,10,12,42,2,67,34,9" hai1="41,28,63,49,8,72,128,117,5,86,70,16,26" hai2="6,61,114,3,35,125,14,97,129,108,40,0,95" hai3="120,106,81,37,135,92,77,1,71,68,79,84,89"/><U65/><E72/><V126/><F35/><W112/><G1/><N who="2" m="585" /><F40/><W105/><G37/><T111/><D34/><U93/><E117/><V38/><F38/><W82/><G68/><T36/><D111/><U78/><E128/><V109/><F61/><W19/><G71/><T96/><D2/><U85/><E5/><V98/><F98/><W39/><G39/><T121/><D121/><U25/><E78/><V32/><F32/><W31/><G31/><T83/><D83/><U123/><E123/><V133/><F129/><W115/><G19/><T91/><D91/><U43/><E93/><V58/><F58/><W7/><G7/><T100/><D36/><U62/><E62/><V119/><F119/><W27/><G27/><T47/><D47/><U33/><E43/><V75/><F75/><N who="3" m="43199" /><G135/><T122/><D122/><U59/><E41/><V21/><F133/><W51/><G51/><T11/><D96/><U30/><E30/><V55/><F55/><W46/><G46/><T22/><D12/><U50/><E50/><V124/><F114/><N who="3" m="43563" /><G120/><T134/><D134/><U132/><E132/><V44/><F44/><W66/><G66/><T24/><D24/><U118/><E118/><V99/><F6/><W64/><G64/><T54/><D67/><U15/><REACH who="1" step="1"/><E26/><REACH who="1" ten="357,170,180,283" step="2"/><V113/><F113/><W52/><G52/><AGARI ba="0,1" hai="8,15,16,25,28,33,49,52,59,63,65,70,85,86" machi="52" ten="40,12000,1" yaku="1,1,2,1,54,2,53,0" doraHai="90" doraHaiUra="130" who="1" fromWho="3" sc="357,0,170,130,180,0,283,-120" /><INIT seed="1,1,0,0,0,4" ten="357,300,180,163" oya="1" hai0="113,107,53,3,103,55,12,63,75,119,23,45,28" hai1="126,132,84,21,135,94,105,123,25,134,11,112,36" hai2="32,50,5,17,59,95,98,49,30,108,35,129,127" hai3="37,79,85,0,74,41,13,46,29,121,64,66,56"/><U120/><E105/><V60/><F108/><W10/><G121/><T131/><D3/><U116/><E36/><V97/><F127/><W54/><G29/><T80/><D113/><U58/><E112/><V125/><F125/><W122/><G122/><T118/><D131/><U51/><E126/><V81/><F129/><W106/><G106/><T52/><D103/><U47/><E116/><V57/><F5/><N who="3" m="1319" /><G85/><T44/><D107/><U26/><E58/><V117/><F30/><W40/><G13/><T104/><D104/><U20/><E11/><V109/><F95/><W76/><G76/><T70/><D70/><U115/><E115/><V31/><F31/><W22/><G22/><N who="1" m="8810" /><E25/><V9/><F9/><W101/><G101/><T92/><D63/><U2/><E26/><V67/><F17/><W16/><G41/><T68/><D68/><U114/><E2/><V19/><F19/><W42/><G16/><N who="0" m="10631" /><D28/><U34/><E34/><V15/><F60/><N who="3" m="35863" /><G42/><T90/><D119/><U82/><E94/><V65/><F15/><W78/><G78/><N who="0" m="44127" /><D118/><U43/><E114/><V38/><F117/><W6/><G6/><T73/><D73/><U27/><E27/><V72/><F72/><W87/><G87/><T88/><D92/><U133/><N who="1" m="33792" /><DORA hai="100" /><U62/><E62/><V69/><F38/><W77/><G77/><AGARI ba="1,0" hai="43,47,51,77,82,84,120,123" m="33792,8810" machi="77" ten="60,2900,0" yaku="20,1" doraHai="4,100" who="1" fromWho="3" sc="357,0,300,32,180,0,163,-32" /><INIT seed="1,2,0,4,4,96" ten="357,332,180,131" oya="1" hai0="53,87,117,25,70,67,71,65,130,11,46,8,103" hai1="119,82,126,30,9,94,61,114,85,37,124,73,90" hai2="115,42,93,135,80,29,5,22,24,110,12,55,92" hai3="0,6,45,21,63,4,54,127,68,58,101,3,1"/><U19/><E37/><V50/><F110/><W10/><G127/><N who="1" m="48682" /><E114/><V59/><F135/><W34/><G34/><T125/><D117/><U39/><E39/><V111/><F111/><W49/><G68/><T88/><D130/><U84/><E119/><V122/><F122/><W36/><G36/><T83/><D71/><U102/><E30/><V132/><F132/><W74/><G74/><T20/><D125/><U69/><E73/><V97/><F115/><W104/><G21/><T77/><D77/><U128/><E128/><V109/><F109/><W62/><G6/><T26/><D26/><U106/><E69/><V72/><F72/><W116/><G116/><T57/><D70/><U35/><E61/><V7/><F80/><W33/><G33/><T17/><D46/><U113/><E35/><V64/><F64/><N who="0" m="24650" /><D103/><U31/><E31/><V108/><F108/><W134/><G134/><T23/><D20/><U81/><E113/><V112/><F112/><W91/><G91/><T2/><D2/><U41/><E41/><V27/><F42/><W99/><REACH who="3" step="1"/><G63/><AGARI ba="2,0" hai="8,11,17,23,25,53,57,63,83,87,88" m="24650" machi="63" ten="30,2000,0" yaku="8,1,54,1" doraHai="96" who="0" fromWho="3" sc="357,26,332,0,180,0,131,-26" /><INIT seed="2,0,0,5,2,36" ten="383,332,180,105" oya="2" hai0="60,28,3,131,26,6,59,120,5,73,128,51,67" hai1="1,117,40,122,2,121,93,0,12,123,18,24,91" hai2="90,15,81,45,114,82,37,107,113,50,42,106,8" hai3="48,71,39,118,104,76,58,34,101,53,84,74,87"/><V129/><F129/><N who="0" m="49738" /><D73/><U111/><E117/><V62/><F37/><W125/><G118/><T4/><D51/><U66/><E111/><V96/><F62/><W38/><G125/><T98/><D98/><U83/><E66/><V112/><F90/><W99/><G71/><T33/><D120/><U109/><E109/><V105/><REACH who="2" step="1"/><F96/><REACH who="2" ten="383,332,170,105" step="2"/><W35/><G39/><T130/><D130/><U30/><E91/><V47/><F47/><W133/><G38/><T7/><D60/><U32/><E121/><V97/><F97/><W80/><G133/><T17/><D3/><U110/><E122/><V78/><F78/><W92/><G84/><T69/><D59/><U10/><E123/><V44/><F44/><W20/><G20/><T135/><D135/><U65/><E1/><V14/><F14/><W19/><G19/><AGARI ba="0,1" hai="8,15,19,42,45,50,81,82,105,106,107,112,113,114" machi="19" ten="50,4800,0" yaku="1,1,52,1,53,0" doraHai="36" doraHaiUra="57" who="2" fromWho="3" sc="383,0,332,0,170,58,105,-48" /><INIT seed="2,1,0,2,0,33" ten="383,332,228,57" oya="2" hai0="64,122,80,76,133,9,97,14,75,134,116,69,50" hai1="16,13,85,3,0,99,84,36,109,40,131,1,79" hai2="70,78,42,81,22,110,53,117,86,120,18,63,127" hai3="61,45,66,126,88,23,41,130,47,24,44,12,37"/><V54/><F120/><W28/><G126/><T15/><D122/><U27/><E109/><V43/><F117/><W101/><G130/><T98/><D15/><U128/><E27/><V119/><F119/><W125/><G125/><T89/><D116/><U68/><E68/><V123/><F123/><W67/><G101/><T103/><D89/><U124/><E124/><V7/><F127/><W73/><G73/><T21/><D21/><U91/><E36/><V65/><F110/><W112/><G112/><T26/><D26/><U87/><E40/><V39/><F7/><W82/><G12/><T115/><D103/><U74/><E74/><V111/><F111/><W4/><G4/><T38/><D38/><U30/><E30/><V106/><F106/><W48/><G37/><T62/><D50/><U114/><E79/><V59/><F39/><W135/><G135/><N who="0" m="51723" /><D115/><U35/><E35/><V94/><F94/><W56/><REACH who="3" step="1"/><G67/><REACH who="3" ten="383,332,228,47" step="2"/><T104/><D104/><U19/><E114/><V20/><F65/><W32/><G32/><T46/><D14/><U83/><E13/><V102/><F102/><W17/><G17/><N who="1" m="6730" /><E99/><V51/><F18/><W29/><G29/><T10/><D98/><U72/><E72/><V95/><F22/><W8/><G8/><N who="0" m="3179" /><D97/><U113/><E113/><V100/><F20/><W25/><G25/><T107/><D107/><U71/><E71/><V6/><F70/><W132/><G132/><T77/><D69/><U57/><E57/><N who="2" m="35255" /><F6/><W34/><G34/><T58/><D75/><U96/><E96/><AGARI ba="1,1" hai="42,43,51,53,59,78,81,86,95,96,100" m="35255" machi="96" ten="30,1500,0" yaku="8,1" doraHai="33" who="2" fromWho="1" sc="383,0,332,-18,228,28,47,0" /><INIT seed="2,2,0,5,2,42" ten="383,314,256,47" oya="2" hai0="69,9,112,94,29,128,108,4,83,35,99,111,61" hai1="96,125,74,2,79,100,76,19,27,59,52,21,71" hai2="75,126,36,66,123,22,37,110,63,5,28,68,102" hai3="130,87,93,23,15,45,117,51,124,98,11,25,55"/><V26/><F123/><W56/><G130/><T10/><D112/><U39/><E71/><V50/><F126/><W103/><G124/><T127/><D128/><U132/><E125/><V73/><F110/><W7/><G117/><T101/><D127/><U3/><E39/><V31/><F5/><W33/><G33/><T131/><D131/><U44/><E132/><V46/><F31/><W134/><G134/><T106/><D83/><U64/><E74/><V17/><F102/><W135/><G135/><T1/><D94/><N who="1" m="58391" /><E3/><V47/><F28/><W84/><REACH who="3" step="1"/><G56/><REACH who="3" ten="383,314,256,37" step="2"/><T58/><D58/><U41/><E2/><V89/><F68/><W81/><G81/><T129/><D129/><U122/><E122/><V104/><F66/><W38/><G38/><T77/><D69/><U48/><E64/><V113/><F37/><W49/><G49/><T91/><D35/><U82/><E82/><V67/><F36/><W78/><G78/><N who="1" m="29738" /><E59/><N who="2" m="37375" /><F50/><W72/><G72/><T13/><D111/><U8/><E8/><V60/><F75/><W16/><AGARI ba="2,1" hai="7,11,15,16,23,25,45,51,55,84,87,93,98,103" machi="16" ten="20,12000,2" yaku="1,1,0,1,7,1,8,1,52,1,54,1,53,1" doraHai="42" doraHaiUra="14" who="3" fromWho="3" sc="383,-32,314,-32,256,-62,37,136" /><INIT seed="3,0,0,1,0,81" ten="351,282,194,173" oya="3" hai0="134,127,28,36,51,25,122,59,26,3,10,104,22" hai1="78,74,64,112,71,44,15,18,57,119,70,55,11" hai2="82,120,92,113,99,97,47,125,61,30,24,77,133" hai3="0,131,4,16,56,67,20,118,108,109,114,101,17"/><W89/><G118/><T23/><D36/><U121/><E121/><V123/><F113/><W87/><G114/><T79/><D104/><U38/><E112/><V8/><F125/><W90/><G101/><T98/><D79/><U60/><E119/><V40/><F133/><W39/><G39/><T132/><D98/><U32/><E32/><V52/><F8/><N who="3" m="2055" /><G90/><T106/><D106/><U41/><E78/><V50/><F61/><N who="3" m="38311" /><G20/><T135/><D122/><N who="2" m="46634" /><F40/><W63/><G63/><T33/><D127/><U111/><E74/><N who="2" m="43319" /><F92/><N who="3" m="54335" /><G131/><T128/><D128/><U48/><E71/><V96/><F96/><W76/><G76/><T31/><D59/><U84/><E84/><V66/><F66/><W117/><G117/><T19/><D51/><U86/><REACH who="1" step="1"/><E86/><REACH who="1" ten="351,272,194,173" step="2"/><V94/><F94/><W126/><G126/><T5/><D33/><AGARI ba="0,1" hai="24,30,33,47,50,52,97,99" m="43319,46634" machi="33" ten="30,2000,0" yaku="13,1,54,1" doraHai="81" who="2" fromWho="0" sc="351,-20,272,0,194,30,173,0" /><INIT seed="4,0,0,0,3,71" ten="331,272,224,173" oya="0" hai0="12,102,105,111,99,21,96,2,122,40,44,132,109" hai1="37,62,100,124,70,16,42,89,30,10,39,95,108" hai2="82,55,112,31,22,123,92,125,5,24,113,17,18" hai3="34,7,38,41,11,9,97,57,43,116,110,35,86"/><T101/><D2/><U75/><E108/><N who="0" m="41545" /><D122/><U33/><E75/><V104/><F104/><W48/><G116/><T81/><D132/><U115/><E100/><N who="0" m="38505" /><D105/><U121/><E42/><V19/><F123/><W80/><G110/><T91/><D81/><U60/><E121/><V64/><F125/><W50/><G97/><T133/><D91/><U74/><E74/><V129/><F129/><W27/><G80/><T83/><D83/><U14/><E124/><V94/><F82/><W47/><G86/><T63/><D63/><U52/><E115/><N who="2" m="44107" /><F5/><W119/><G119/><T66/><D66/><U0/><E0/><V46/><F64/><W103/><G103/><T6/><D133/><U45/><E70/><V51/><AGARI ba="0,0" hai="17,18,19,22,24,31,46,51,55,92,94" m="44107" machi="51" ten="40,1500,0" yaku="15,1" doraHai="71" who="2" fromWho="2" sc="331,-7,272,-4,224,15,173,-4" /><INIT seed="5,0,0,4,1,38" ten="324,268,239,169" oya="1" hai0="123,82,87,58,111,88,85,21,118,70,116,1,15" hai1="23,69,125,104,80,133,135,126,65,18,33,64,76" hai2="89,45,122,50,75,54,57,81,106,30,4,2,29" hai3="39,130,93,128,12,117,66,108,44,52,10,49,13"/><U115/><E104/><V19/><F122/><W77/><G108/><T37/><D70/><U97/><E33/><V78/><F106/><W5/><G117/><T32/><D1/><U17/><E97/><V51/><F19/><N who="1" m="7177" /><E23/><V96/><F96/><W9/><G66/><N who="1" m="25706" /><E69/><V72/><F72/><W42/><G77/><T124/><D21/><U95/><E95/><V16/><F16/><W83/><G83/><T91/><D82/><U92/><E92/><V27/><F89/><W34/><G34/><T103/><D32/><U20/><E20/><V99/><F99/><W98/><G10/><T60/><D91/><U129/><E115/><V41/><REACH who="2" step="1"/><F27/><REACH who="2" ten="324,268,229,169" step="2"/><W0/><G128/><T84/><D123/><U24/><E24/><V36/><F36/><W121/><G130/><T94/><D37/><U90/><E90/><V53/><F53/><W8/><G121/><T127/><D88/><U79/><E129/><V59/><F59/><W134/><G8/><AGARI ba="0,1" hai="2,4,8,29,30,41,45,50,51,54,57,75,78,81" machi="8" ten="40,2600,0" yaku="1,1,52,1,53,0" doraHai="38" doraHaiUra="63" who="2" fromWho="3" sc="324,0,268,0,229,36,169,-26" /><INIT seed="6,0,0,1,2,64" ten="324,268,265,143" oya="2" hai0="105,68,57,88,95,3,12,79,69,125,63,5,91" hai1="130,85,62,7,96,84,31,13,112,42,26,89,113" hai2="134,80,24,109,127,30,97,23,126,19,70,9,103" hai3="119,46,104,93,20,73,32,38,17,45,60,90,78"/><V82/><F134/><W76/><G104/><T44/><D105/><U102/><E130/><V115/><F115/><N who="1" m="44105" /><E42/><V66/><F109/><W58/><G32/><T132/><D3/><U28/><E62/><N who="2" m="40279" /><F19/><W22/><G119/><T14/><D79/><U135/><E135/><V116/><F9/><W54/><G22/><T6/><D132/><U49/><E49/><V100/><F116/><W123/><G123/><T21/><D125/><N who="2" m="47626" /><F103/><W55/><G38/><T131/><D131/><U77/><E77/><V18/><F18/><W111/><G111/><T25/><D44/><U50/><E50/><V35/><F23/><W29/><G29/><N who="0" m="17583" /><D69/><U75/><E31/><V33/><F35/><W124/><G124/><T15/><D68/><U4/><E75/><V106/><AGARI ba="0,0" hai="24,30,33,80,82,97,100,106" m="47626,40279" machi="106" ten="30,6000,0" yaku="25,1,18,1,52,1" doraHai="64" who="2" fromWho="2" sc="324,-20,268,-20,265,60,143,-20" /><INIT seed="6,1,0,0,1,43" ten="304,248,325,123" oya="2" hai0="66,16,63,24,104,39,97,18,108,82,121,133,26" hai1="17,120,88,85,125,99,102,53,93,70,79,59,48" hai2="78,32,107,5,31,131,91,84,4,87,7,130,119" hai3="94,61,22,89,67,37,57,103,76,72,13,73,98"/><V15/><F107/><W0/><G0/><T80/><D108/><U25/><E125/><V100/><F100/><W115/><G37/><T101/><D121/><U45/><E70/><V6/><F119/><W113/><G89/><T60/><D39/><U124/><E124/><V23/><F32/><W105/><G105/><T83/><D133/><U65/><E120/><V38/><F38/><W12/><G76/><T56/><D63/><N who="1" m="38143" /><E79/><V117/><F117/><W110/><G110/><T111/><D111/><U30/><E30/><V42/><F42/><W68/><G68/><T135/><D135/><U40/><E40/><V116/><F116/><W96/><G96/><T129/><D129/><N who="2" m="49162" /><F78/><W54/><G54/><T75/><D75/><U34/><E34/><V69/><F69/><W27/><G73/><T21/><D26/><U33/><E33/><V3/><F3/><W52/><G72/><T134/><D134/><U132/><E132/><V51/><F84/><W55/><G55/><T126/><D126/><U74/><E74/><V92/><F31/><N who="3" m="17911" /><G52/><T14/><D83/><N who="1" m="49215" /><E25/><V77/><F77/><W71/><G71/><T127/><D127/><U8/><E8/><AGARI ba="1,0" hai="8,14,16,18,21,24,56,60,66,80,82,97,101,104" machi="8" ten="30,2000,0" yaku="7,1,54,1" doraHai="43" who="0" fromWho="1" sc="304,23,248,-23,325,0,123,0" /><INIT seed="7,0,0,0,1,100" ten="327,225,325,123" oya="3" hai0="113,0,108,6,53,124,17,7,72,42,59,121,82" hai1="40,12,64,128,67,77,130,31,47,126,13,99,103" hai2="33,27,2,102,58,68,106,5,76,39,135,23,26" hai3="36,51,38,123,22,65,62,74,80,129,25,122,30"/><W90/><G129/><N who="1" m="49770" /><E126/><V118/><F118/><W105/><G105/><T21/><D82/><U81/><E31/><N who="2" m="19711" /><F39/><W94/><G51/><T54/><D53/><U19/><E13/><V9/><F76/><W78/><G38/><T92/><D17/><U48/><E19/><N who="2" m="12671" /><F58/><W101/><G36/><T85/><D59/><U86/><E12/><V50/><F50/><W20/><G20/><T35/><D85/><U133/><E133/><V18/><F68/><W46/><G46/><T4/><D92/><AGARI ba="0,0" hai="40,47,48,64,67,77,81,86,92,99,103" m="49770" machi="92" ten="30,1000,0" yaku="19,1" doraHai="100" who="1" fromWho="0" sc="327,-10,225,10,325,0,123,0" owari="317,12.0,235,-16.0,325,42.0,123,-38.0" /></mjloggm>