<mjloggm ver="2.3"><GO type="41" lobby="0"/><UN n0="%45%76%65%72%31%34" n1="%72%61%72%75%74%6F" n2="%E5%B0%B1%E6%B4%BB%E7%94%9F%40%E5%B7%9D%E6%9D%91%E8%BB%8D%E5%9B%A3" n3="%6A%69%7A%6F%75" dan="15,15,15,14" rate="1984.18,2140.38,2016.06,1990.73" sx="F,M,M,M"/><TAIKYOKU oya="0"/><INIT seed="0,0,0,0,0,34" ten="250,250,250,250" oya="0" hai0="66,129,88,115,130,39,13,4,70,133,25,107,20" hai1="56,84,86,79,54,27,128,46,74,95,5,68,32" hai2="75,64,99,85,6,62,24,135,59,18,11,100,127" hai3="17,2,42,3,80,65,123,134,28,97,23,112,90"/><T57/><D115/><U60/><E68/><V40/><F75/><W44/><G123/><T36/><D70/><U58/><E128/><N who="0" m="49257" /><D133/><U67/><E5/><V35/><F127/><W109/><G112/><T61/><D107/><U19/><E46/><V33/><F135/><W50/><G134/><T111/><D111/><U83/><E95/><V126/><F40/><W12/><G109/><T31/><D88/><U98/><E98/><V26/><F85/><W38/><G38/><T118/><D118/><U49/><REACH who="1" step="1"/><E19/><REACH who="1" ten="250,240,250,250" step="2"/><V131/><F18/><W89/><G65/><T108/><D108/><U48/><E48/><V22/><F99/><W94/><REACH who="3" step="1"/><G28/><AGARI ba="0,1" hai="27,28,32,49,54,56,58,60,67,74,79,83,84,86" machi="28" ten="40,1300,0" yaku="1,1,53,0" doraHai="34" doraHaiUra="91" who="1" fromWho="3" sc="250,0,240,23,250,0,250,-13" /><INIT seed="1,0,0,4,3,106" ten="250,263,250,237" oya="1" hai0="126,84,131,61,2,34,120,63,110,58,27,94,56" hai1="123,95,128,37,1,101,6,0,72,7,104,96,36" hai2="23,111,125,62,65,39,30,78,28,35,47,109,12" hai3="60,130,76,44,122,80,90,69,18,13,9,15,49"/><U89/><E123/><V25/><F125/><W17/><G122/><T29/><D126/><U22/><E128/><V4/><F78/><W102/><G130/><T98/><D2/><U52/><E0/><V135/><F135/><W48/><G102/><T55/><D120/><U66/><E66/><V38/><F28/><W71/><G90/><T114/><D114/><U26/><E36/><V19/><F4/><W134/><G134/><T33/><D110/><N who="2" m="41994" /><F47/><W77/><G60/><T70/><D70/><AGARI ba="0,0" hai="12,19,23,25,30,35,38,39,62,65,70" m="41994" machi="70" ten="30,1000,0" yaku="14,1" doraHai="106" who="2" fromWho="0" sc="250,-10,263,0,250,10,237,0" /><INIT seed="2,0,0,5,5,18" ten="240,263,260,237" oya="2" hai0="51,47,64,75,27,135,71,42,89,112,31,113,84" hai1="86,79,92,69,26,81,72,76,23,119,96,2,133" hai2="59,121,129,90,30,74,0,1,61,19,125,93,82" hai3="13,104,114,4,120,17,32,8,28,88,94,54,36"/><V128/><F121/><W15/><G104/><T83/><D135/><U102/><E2/><V37/><F37/><W132/><G36/><T56/><D71/><U9/><E69/><V46/><F30/><W10/><G120/><T20/><REACH who="0" step="1"/><D75/><REACH who="0" ten="230,263,260,237" step="2"/><U22/><E133/><V53/><F74/><W60/><G132/><T98/><D98/><U91/><E119/><V109/><F109/><W25/><G114/><T63/><AGARI ba="0,1" hai="20,27,31,42,47,51,56,63,64,83,84,89,112,113" machi="63" ten="30,4000,0" yaku="1,1,0,1,52,1,53,0" doraHai="18" doraHaiUra="65" who="0" fromWho="0" sc="230,50,263,-10,260,-20,237,-10" /><INIT seed="3,0,0,0,2,31" ten="280,253,240,227" oya="3" hai0="36,9,54,20,103,92,58,111,49,131,84,37,87" hai1="121,60,79,6,24,78,1,89,95,0,77,27,86" hai2="32,122,133,12,76,23,39,44,100,128,57,8,16" hai3="45,83,11,105,46,26,107,65,112,34,82,42,135"/><W48/><G112/><T4/><D111/><U28/><E121/><V63/><F122/><W35/><G135/><T51/><D131/><U29/><E60/><V19/><F133/><W50/><G65/><T108/><D108/><U91/><E6/><V64/><F128/><W67/><G67/><T93/><D20/><U117/><E89/><V119/><F119/><W114/><G114/><T98/><D49/><U40/><E40/><V129/><F129/><W126/><G11/><T127/><D127/><U53/><E53/><V21/><F32/><W10/><G10/><T101/><D101/><U90/><E91/><V25/><F100/><W106/><G26/><T61/><D61/><U81/><E81/><V134/><F134/><W3/><G3/><T99/><D99/><U5/><E5/><V73/><F73/><W75/><G75/><T33/><D33/><U96/><E96/><V13/><F76/><W130/><G107/><T102/><D102/><U97/><E97/><V15/><F39/><W68/><G130/><T85/><REACH who="0" step="1"/><D93/><REACH who="0" ten="270,253,240,227" step="2"/><U62/><E62/><V14/><F44/><W7/><G126/><T104/><D104/><U110/><E110/><V74/><REACH who="2" step="1"/><F74/><REACH who="2" ten="270,253,230,227" step="2"/><W94/><G42/><T56/><D56/><U41/><E41/><V55/><F55/><W52/><G52/><T43/><D43/><U123/><E123/><V30/><AGARI ba="0,2" hai="8,12,13,14,15,16,19,21,23,25,30,57,63,64" machi="30" ten="20,8000,1" yaku="1,1,0,1,7,1,8,1,54,1,53,0" doraHai="31" doraHaiUra="125" who="2" fromWho="2" sc="270,-20,253,-20,230,100,227,-40" /><INIT seed="4,0,0,4,3,115" ten="250,233,330,187" oya="0" hai0="75,74,83,73,52,128,32,0,38,56,77,17,65" hai1="43,112,104,84,80,54,90,51,132,108,95,126,33" hai2="60,25,133,59,19,55,50,107,26,63,99,9,36" hai3="110,14,47,130,8,127,15,120,119,81,124,93,97"/><T106/><D128/><U94/><E33/><V98/><F36/><W48/><G119/><T89/><D106/><U71/><E71/><V131/><F131/><W42/><G120/><T41/><D0/><U105/><E43/><V7/><F133/><W64/><G130/><T96/><D65/><U23/><E132/><V12/><F107/><W4/><G15/><T103/><D32/><U123/><E123/><V6/><F6/><W118/><G118/><T24/><D103/><U114/><E108/><V22/><F26/><W35/><G35/><T68/><D68/><U58/><E126/><V29/><F29/><W69/><G110/><T28/><D28/><U3/><E3/><V1/><F1/><W102/><G64/><T82/><D41/><U13/><E94/><V40/><F40/><W30/><G30/><T135/><D38/><U92/><E92/><V122/><F122/><W62/><G62/><AGARI ba="0,0" hai="7,9,12,19,22,25,50,55,59,60,62,63,98,99" machi="62" ten="40,1300,0" yaku="8,1" doraHai="115" who="2" fromWho="3" sc="250,0,233,0,330,13,187,-13" /><INIT seed="5,0,0,1,2,91" ten="250,233,343,174" oya="1" hai0="54,92,97,20,16,71,8,108,9,130,28,40,115" hai1="109,79,60,4,107,43,17,44,78,85,36,11,37" hai2="26,106,65,57,19,49,58,32,70,118,132,35,39" hai3="102,94,22,56,101,45,120,99,6,29,81,52,129"/><U55/><E107/><V47/><F106/><W90/><G120/><T113/><D108/><U104/><E104/><V34/><F132/><W68/><G68/><T127/><D71/><U64/><E109/><V31/><F118/><W105/><G129/><T95/><D130/><U82/><E17/><V93/><F39/><W128/><G128/><T131/><D131/><U125/><E125/><V83/><F83/><W46/><G6/><T10/><D127/><U15/><E55/><V5/><F5/><W73/><G102/><T59/><D28/><U14/><E78/><V86/><F19/><W98/><G81/><T89/><D40/><U7/><E4/><V13/><F13/><W116/><G73/><T72/><D72/><U2/><REACH who="1" step="1"/><E37/><REACH who="1" ten="250,223,343,174" step="2"/><V76/><F76/><W88/><G116/><T0/><D0/><U75/><E75/><V51/><F65/><W96/><G98/><T110/><D110/><U80/><E80/><V24/><F31/><W134/><G134/><T114/><D97/><U112/><E112/><V123/><F123/><W42/><G42/><T30/><D30/><U21/><E21/><V66/><F66/><W77/><G77/><T53/><D54/><U41/><E41/><V74/><F74/><W103/><G103/><T3/><D3/><U27/><E27/><V122/><F122/><W33/><G33/><T25/><D89/><U23/><E23/><V135/><F34/><W117/><G90/><T100/><D100/><U126/><E126/><V63/><F35/><W111/><G117/><T87/><D87/><U18/><E18/><V84/><F135/><RYUUKYOKU ba="0,1" sc="250,15,223,15,343,-15,174,-15" hai0="8,9,10,16,20,25,53,59,92,95,113,114,115" hai1="2,7,11,14,15,36,43,44,60,64,79,82,85" /><INIT seed="5,1,1,3,1,86" ten="265,238,328,159" oya="1" hai0="58,61,44,22,20,88,65,3,26,60,91,5,129" hai1="19,16,63,128,95,24,74,132,94,82,90,42,55" hai2="133,47,27,56,98,9,40,33,6,18,4,89,105" hai3="130,122,76,13,68,127,2,29,114,21,48,99,7"/><U113/><E42/><V39/><F133/><W134/><G68/><T32/><D129/><U111/><E132/><V46/><F33/><W84/><G2/><T116/><D116/><U23/><E128/><V45/><F56/><W81/><G122/><T28/><D3/><U11/><E113/><V126/><F126/><W115/><G127/><T77/><D5/><U53/><E111/><V110/><F110/><W72/><G72/><T12/><D77/><U25/><E74/><V50/><F39/><W57/><G134/><T102/><D102/><U10/><E82/><V78/><F78/><W104/><G130/><T125/><D125/><U54/><E63/><V59/><F59/><W17/><G7/><T97/><D97/><N who="1" m="57559" /><E95/><N who="2" m="56687" /><F105/><W73/><G29/><T75/><D75/><U119/><E119/><V67/><F67/><W124/><G124/><T1/><D1/><U118/><E118/><V92/><F92/><W49/><G73/><T64/><D44/><N who="2" m="17002" /><F9/><W117/><G117/><T36/><D36/><U100/><E100/><V35/><F35/><W71/><G71/><T123/><D123/><U37/><E37/><V85/><F85/><W135/><G135/><T66/><D32/><U69/><E69/><V87/><F87/><W121/><G121/><T109/><D109/><U101/><E101/><V30/><F30/><W103/><REACH who="3" step="1"/><G57/><REACH who="3" ten="265,238,328,149" step="2"/><N who="0" m="36911" /><D66/><U83/><E83/><V107/><F107/><W51/><AGARI ba="1,2" hai="13,17,21,48,49,51,76,81,84,99,103,104,114,115" machi="51" ten="30,4000,0" yaku="1,1,0,1,53,1" doraHai="86" doraHaiUra="79" who="3" fromWho="3" sc="265,-11,238,-21,328,-11,149,63" /><INIT seed="6,0,0,1,2,29" ten="254,217,317,212" oya="2" hai0="72,2,14,58,22,27,90,7,107,11,54,71,93" hai1="35,15,62,95,44,49,128,25,99,101,105,109,24" hai2="70,111,21,87,0,123,32,124,64,115,4,112,67" hai3="79,129,12,65,119,125,28,80,88,56,68,41,102"/><V78/><F123/><W43/><G119/><T89/><D71/><U83/><E109/><V133/><F111/><W10/><G68/><T45/><D107/><U76/><E128/><V82/><F133/><W121/><G121/><T59/><D72/><U118/><E118/><V116/><F116/><W69/><G69/><T34/><D34/><U100/><E15/><V51/><F124/><W132/><G132/><T37/><D2/><U39/><E39/><V126/><F32/><W75/><G102/><T103/><D103/><U98/><E62/><V86/><F4/><W85/><G28/><T60/><D45/><U66/><E66/><V16/><F0/><W52/><G65/><T18/><D37/><U36/><E36/><V94/><F51/><W92/><G129/><T46/><D46/><U3/><E3/><V5/><F5/><W47/><G47/><T81/><D81/><U134/><E134/><V130/><F70/><W91/><G91/><T63/><D93/><U6/><E6/><V73/><F130/><W23/><G23/><T96/><D96/><U17/><E17/><V38/><F38/><W33/><G33/><T19/><D18/><U108/><E108/><V9/><F9/><W97/><G75/><T13/><D13/><U84/><E35/><V114/><F126/><W120/><G120/><T50/><D50/><U26/><REACH who="1" step="1"/><E25/><REACH who="1" ten="254,207,317,212" step="2"/><N who="2" m="14503" /><F67/><AGARI ba="0,1" hai="7,11,14,19,22,27,54,58,59,60,63,67,89,90" machi="67" ten="30,2000,0" yaku="7,1,8,1" doraHai="29" who="0" fromWho="2" sc="254,30,207,0,317,-20,212,0" /><INIT seed="7,0,0,3,4,40" ten="284,207,297,212" oya="3" hai0="21,93,128,49,104,114,5,1,79,8,92,100,50" hai1="24,53,83,64,51,45,108,109,73,16,12,58,98" hai2="135,0,119,103,111,32,11,3,89,118,33,2,43" hai3="60,54,116,59,65,87,72,113,68,125,90,22,71"/><W14/><G72/><T36/><D128/><U62/><E24/><V70/><F111/><W123/><G116/><T94/><D114/><U39/><E98/><V76/><F70/><W35/><G123/><T85/><D36/><U55/><E39/><V29/><F103/><W52/><G113/><T69/><D69/><U105/><E105/><V9/><F76/><W81/><G35/><N who="2" m="13385" /><F89/><W42/><G42/><T37/><D37/><U84/><E73/><V86/><F86/><W121/><G121/><T91/><D79/><U82/><E82/><V26/><F43/><W13/><G13/><T130/><D130/><U46/><E108/><V110/><F135/><W63/><G54/><N who="1" m="20490" /><E51/><V7/><F110/><W18/><REACH who="3" step="1"/><G125/><REACH who="3" ten="284,207,297,202" step="2"/><T6/><D1/><N who="2" m="618" /><F9/><W20/><G20/><AGARI ba="0,1" hai="3,7,11,20,26,29,118,119" m="618,13385" machi="20" ten="30,2000,0" yaku="34,2" doraHai="40" who="2" fromWho="3" sc="284,0,207,0,297,30,202,-20" owari="284,8.0,207,-19.0,327,43.0,182,-32.0" /></mjloggm>