<mjloggm ver="2.3"><GO type="41" lobby="0"/><UN n0="%E5%B0%B1%E6%B4%BB%E7%94%9F%40%E5%B7%9D%E6%9D%91%E8%BB%8D%E5%9B%A3" n1="%67%75%73%68" n2="%E6%9A%B4%E3%82%8C%E3%82%93%E5%9D%8A%E5%A4%A7%E7%8E%8B" n3="%53%55%49%54%4F%4B%49" dan="15,15,15,14" rate="2006.34,2013.32,1994.19,1887.37" sx="M,M,M,F"/><TAIKYOKU oya="0"/><INIT seed="0,0,0,4,4,19" ten="250,250,250,250" oya="0" hai0="55,61,101,24,87,73,37,29,53,54,32,43,77" hai1="80,129,69,126,21,127,106,134,30,102,57,95,76" hai2="23,133,0,6,59,125,31,26,78,71,68,17,50" hai3="9,94,121,40,131,15,38,90,27,81,93,111,116"/><T92/><D73/><U86/><E69/><V123/><F123/><W113/><G116/><T124/><D124/><N who="1" m="47659" /><E106/><V105/><F125/><W4/><G113/><T2/><D2/><U107/><E107/><V41/><F105/><W10/><G121/><T1/><D1/><U70/><E129/><V96/><F133/><W83/><G131/><T20/><D32/><U39/><E70/><V118/><F118/><W12/><G111/><T110/><D110/><U98/><E39/><V3/><F3/><W132/><G132/><T44/><D61/><U36/><E36/><V74/><F96/><W99/><G93/><T103/><REACH who="0" step="1"/><D92/><REACH who="0" ten="240,250,250,250" step="2"/><U33/><E33/><V72/><F72/><W49/><G81/><AGARI ba="0,1" hai="20,24,29,37,43,44,53,54,55,77,81,87,101,103" machi="81" ten="40,7700,0" yaku="1,1,2,1,52,1,53,0" doraHai="19" doraHaiUra="100" who="0" fromWho="3" sc="240,87,250,0,250,0,250,-77" /><INIT seed="0,1,0,2,4,63" ten="327,250,250,173" oya="0" hai0="66,114,135,91,11,13,55,85,79,103,116,60,125" hai1="31,110,32,98,115,121,129,45,74,95,43,117,88" hai2="100,72,94,128,5,27,130,56,131,48,39,65,77" hai3="120,14,35,25,18,53,75,51,107,37,82,36,58"/><T134/><D114/><U2/><E117/><V104/><F104/><W10/><G107/><T71/><D116/><U17/><E121/><V15/><F39/><W4/><G120/><T41/><D41/><U68/><E2/><V113/><F113/><W84/><G75/><T67/><D79/><U1/><E1/><V87/><F72/><W34/><G34/><T92/><D125/><U119/><E119/><V7/><F27/><W20/><REACH who="3" step="1"/><G35/><REACH who="3" ten="327,250,250,163" step="2"/><T49/><D134/><U8/><E74/><V22/><F77/><AGARI ba="1,1" hai="4,10,14,18,20,25,36,37,51,53,58,77,82,84" machi="77" ten="30,7700,0" yaku="1,1,2,1,7,1,53,1" doraHai="63" doraHaiUra="6" who="3" fromWho="2" sc="327,0,250,0,250,-80,163,90" /><INIT seed="1,0,0,4,0,104" ten="327,250,170,253" oya="1" hai0="112,118,71,113,119,4,52,70,25,27,5,124,41" hai1="59,11,8,31,12,114,15,116,62,75,19,43,56" hai2="68,47,13,131,101,115,23,66,103,38,80,22,88" hai3="69,132,49,98,21,111,90,133,1,24,79,77,29"/><U35/><E114/><V99/><F115/><W58/><G69/><T30/><D41/><U94/><E116/><V9/><F131/><W83/><G1/><T42/><D42/><U120/><E120/><V126/><F126/><W87/><G98/><T36/><D30/><U17/><E43/><V110/><F38/><W63/><G49/><T18/><D18/><U134/><E134/><V67/><F47/><W28/><G28/><T78/><D78/><U45/><E45/><V129/><F129/><W102/><G102/><N who="2" m="38921" /><F110/><W106/><G106/><T39/><REACH who="0" step="1"/><D52/><REACH who="0" ten="317,250,170,253" step="2"/><U32/><E31/><V74/><F74/><W130/><G130/><T122/><D122/><U6/><E75/><V33/><F33/><W26/><G111/><T109/><D109/><U93/><E62/><V84/><F68/><W16/><G133/><T135/><D135/><U65/><E65/><N who="2" m="24587" /><F99/><W105/><G132/><T53/><D53/><U100/><E32/><V82/><F82/><W51/><G105/><T125/><AGARI ba="0,1" hai="4,5,25,27,36,39,70,71,112,113,118,119,124,125" machi="125" ten="25,6400,0" yaku="1,1,0,1,22,2,53,0" doraHai="104" doraHaiUra="127" who="0" fromWho="0" sc="317,74,250,-32,170,-16,253,-16" /><INIT seed="2,0,0,3,4,129" ten="391,218,154,237" oya="2" hai0="58,52,47,94,60,104,36,54,134,57,100,63,71" hai1="128,115,28,88,0,26,7,117,123,119,83,67,42" hai2="102,127,132,59,77,108,99,96,122,31,113,61,89" hai3="133,85,29,3,38,116,82,5,17,65,35,126,11"/><V13/><F113/><W22/><G116/><T124/><D104/><U98/><E115/><V62/><F122/><W70/><G38/><T37/><D100/><U130/><E123/><V48/><F77/><W73/><G73/><T2/><D2/><U118/><E42/><V45/><F127/><W46/><G126/><T66/><D94/><N who="1" m="56647" /><E67/><V43/><F108/><W97/><G97/><T10/><D10/><N who="1" m="2407" /><E83/><V76/><F76/><W4/><G4/><T14/><D14/><U64/><E64/><V84/><F31/><W91/><G70/><T80/><D80/><U25/><E28/><V18/><F102/><W8/><G65/><N who="0" m="41383" /><D124/><U1/><E1/><V6/><F6/><W125/><G125/><T34/><D34/><U12/><E12/><V106/><F106/><W90/><G11/><T135/><D66/><U20/><E20/><V19/><F19/><W87/><G35/><T23/><D23/><U74/><E74/><V107/><F107/><W121/><G29/><T55/><D55/><U15/><E15/><V78/><F78/><W110/><G121/><T30/><D30/><U21/><E21/><N who="2" m="11471" /><F59/><W9/><G9/><T95/><D95/><U24/><E130/><V39/><F39/><N who="0" m="14922" /><D47/><U68/><E128/><V114/><F114/><W79/><G46/><T51/><AGARI ba="0,0" hai="51,52,54,57,58,63,134,135" m="14922,41383" machi="51" ten="30,8000,1" yaku="34,2,52,2,54,1" doraHai="129" who="0" fromWho="0" sc="391,80,218,-20,154,-40,237,-20" /><INIT seed="3,0,0,0,2,18" ten="471,198,114,217" oya="3" hai0="95,12,50,47,125,82,2,124,13,43,23,54,32" hai1="135,42,128,77,129,26,64,44,118,31,15,16,89" hai2="99,94,37,105,121,132,90,81,45,130,106,112,114" hai3="61,79,102,57,120,6,100,111,70,93,53,56,96"/><W108/><G70/><T67/><D2/><U49/><E118/><V84/><F37/><W41/><G41/><T36/><D32/><U91/><E77/><V131/><F45/><W83/><G6/><T40/><D67/><U58/><E135/><V59/><F59/><W62/><G120/><T123/><D123/><U0/><E0/><V92/><F121/><W87/><G102/><T117/><D117/><U33/><E58/><V68/><F68/><W104/><G104/><T86/><D95/><U119/><E64/><V101/><F132/><W3/><G3/><T134/><D134/><U65/><E65/><V109/><F109/><N who="3" m="42059" /><G56/><T1/><D1/><U66/><E66/><V126/><F126/><N who="0" m="48746" /><D23/><N who="1" m="11679" /><E119/><V29/><F29/><W88/><G100/><T72/><D72/><U127/><E127/><V35/><F35/><W103/><G103/><T74/><D74/><U78/><E78/><V133/><F133/><W97/><G62/><T55/><D43/><U71/><E71/><V7/><F7/><W116/><G116/><T75/><D75/><AGARI ba="0,0" hai="53,57,61,75,79,83,87,88,93,96,97" m="42059" machi="75" ten="30,5800,0" yaku="14,1,10,1,54,1" doraHai="18" who="3" fromWho="0" sc="471,-58,198,0,114,0,217,58" /><INIT seed="3,1,0,3,2,106" ten="413,198,114,275" oya="3" hai0="72,8,63,104,129,85,30,10,18,113,92,42,46" hai1="131,61,14,58,62,21,24,37,38,32,96,2,84" hai2="99,20,26,41,80,130,7,69,19,73,122,53,52" hai3="134,44,79,81,11,105,22,0,60,94,117,67,3"/><W95/><G117/><T127/><D104/><U121/><E2/><V75/><F69/><W119/><G119/><T9/><D72/><N who="2" m="27722" /><F41/><W132/><G105/><T101/><D127/><U98/><E32/><V50/><F7/><W118/><G118/><T39/><D129/><U54/><E131/><V135/><F130/><W13/><G22/><T78/><D113/><U103/><E121/><V124/><F50/><W120/><G44/><T35/><D35/><U89/><E14/><V109/><F99/><W56/><G120/><T55/><D30/><U111/><E61/><V40/><F40/><W70/><G70/><T74/><D74/><U5/><E5/><V31/><F122/><W49/><G49/><T91/><D78/><U23/><E96/><V100/><F100/><W25/><G25/><T12/><D101/><U93/><E111/><V125/><F80/><W16/><G81/><T66/><D55/><N who="2" m="21066" /><F109/><W29/><G79/><T110/><D110/><U114/><E114/><V76/><F76/><W59/><G29/><T47/><D47/><U34/><E34/><V28/><F135/><N who="3" m="51755" /><G56/><AGARI ba="1,0" hai="8,9,10,12,18,39,42,46,56,63,66,85,91,92" machi="56" ten="30,1000,0" yaku="7,1" doraHai="106" who="0" fromWho="3" sc="413,13,198,0,114,0,275,-13" /><INIT seed="4,0,0,3,5,28" ten="426,198,114,262" oya="0" hai0="90,58,134,69,117,8,82,50,120,10,101,86,53" hai1="40,112,63,59,52,81,27,100,3,93,131,128,11" hai2="19,5,60,14,71,57,75,42,78,46,133,116,123" hai3="80,29,39,132,0,38,129,62,44,99,13,103,79"/><T77/><D69/><U24/><E112/><V49/><F123/><W4/><G44/><T32/><D120/><U111/><E111/><V45/><F133/><W55/><G132/><T104/><D117/><U30/><E40/><V114/><F116/><W83/><G83/><T91/><D134/><U108/><E108/><V51/><F114/><W26/><G13/><T109/><D109/><U95/><E81/><V96/><F5/><W88/><G129/><N who="1" m="49738" /><E100/><V68/><F96/><W41/><G41/><T113/><D113/><U31/><E31/><V102/><F102/><W64/><G55/><T61/><D104/><U98/><E98/><V107/><F107/><W110/><G110/><T76/><D101/><U43/><E43/><V92/><F92/><N who="1" m="35401" /><E30/><V7/><F7/><AGARI ba="0,0" hai="3,7,11,24,27,52,59,63" m="35401,49738" machi="7" ten="30,2000,0" yaku="19,1,54,1" doraHai="28" who="1" fromWho="2" sc="426,0,198,20,114,-20,262,0" /><INIT seed="5,0,0,4,5,94" ten="426,218,94,262" oya="1" hai0="3,55,128,38,100,63,129,34,36,114,110,98,53" hai1="4,48,84,108,26,5,49,109,119,62,31,52,124" hai2="7,35,115,69,106,68,118,72,132,86,12,24,77" hai3="99,58,44,21,18,60,92,80,50,76,47,73,6"/><U19/><E119/><V126/><F86/><W16/><G18/><T29/><D3/><U134/><E134/><V40/><F40/><W27/><G50/><N who="1" m="19562" /><E124/><V28/><F118/><W93/><G93/><N who="0" m="58447" /><D110/><N who="1" m="42603" /><E19/><V107/><F126/><W43/><G43/><T2/><D2/><U83/><E62/><V122/><F122/><W125/><G6/><T67/><D114/><U116/><E116/><V65/><F132/><W135/><G135/><T102/><D102/><U95/><E95/><V71/><F115/><W105/><G105/><T20/><D34/><N who="1" m="20855" /><E52/><N who="0" m="20041" /><D20/><U14/><E14/><V10/><F65/><W41/><G41/><T51/><D29/><U39/><E39/><V42/><F42/><W46/><G125/><T104/><D104/><U90/><AGARI ba="0,0" hai="4,5,83,84,90" m="20855,42603,19562" machi="90" ten="30,1500,0" yaku="10,1" doraHai="94" who="1" fromWho="1" sc="426,-5,218,15,94,-5,262,-5" /><INIT seed="5,1,0,3,5,79" ten="421,233,89,257" oya="1" hai0="99,77,64,117,121,110,106,115,0,113,18,82,60" hai1="22,85,66,122,2,86,127,124,39,95,8,100,4" hai2="41,61,46,130,30,96,55,32,72,103,58,54,74" hai3="126,123,50,53,88,67,52,112,6,16,101,17,93"/><U1/><E122/><V129/><F32/><W120/><G123/><T34/><D0/><U43/><E1/><V14/><F30/><W89/><G120/><T42/><D34/><U47/><E66/><V24/><F55/><W45/><G67/><T108/><D121/><U20/><E100/><V59/><F59/><W134/><G134/><T133/><D133/><U36/><E36/><V80/><F24/><W132/><G132/><T75/><D117/><U5/><E5/><V44/><F14/><W25/><G6/><T35/><D35/><U87/><REACH who="1" step="1"/><E95/><REACH who="1" ten="421,223,89,257" step="2"/><V71/><F71/><W40/><G126/><AGARI ba="1,1" hai="2,4,8,20,22,39,43,47,85,86,87,124,126,127" machi="126" ten="40,7700,0" yaku="1,1,2,1,18,1,53,0" doraHai="79" doraHaiUra="51" who="1" fromWho="3" sc="421,0,223,90,89,0,257,-80" /><INIT seed="5,2,0,5,1,19" ten="421,313,89,177" oya="1" hai0="10,75,37,54,62,124,0,56,49,107,50,7,130" hai1="68,55,132,98,126,96,6,113,34,135,41,31,106" hai2="133,59,71,119,48,21,26,111,114,47,29,30,52" hai3="95,39,36,46,103,74,112,4,101,73,105,110,84"/><U86/><E113/><V27/><F71/><W83/><G110/><T92/><D107/><U5/><E68/><V35/><F111/><W121/><G121/><T72/><D37/><U44/><E55/><V104/><F114/><W129/><G112/><T134/><D124/><U24/><E86/><V76/><F133/><N who="1" m="51273" /><E126/><V33/><F104/><W43/><G129/><T87/><D130/><U16/><E16/><V69/><F69/><W123/><G123/><T102/><D134/><U1/><E1/><V20/><F119/><W70/><G70/><T81/><D72/><U58/><E58/><V99/><F76/><W64/><G64/><T23/><D75/><U14/><E14/><V82/><F82/><W3/><G105/><T9/><D9/><U90/><E90/><V12/><F99/><N who="1" m="37929" /><E106/><V131/><F131/><W22/><G39/><AGARI ba="2,0" hai="5,6,24,31,34,39,41,44" m="37929,51273" machi="39" ten="30,1500,0" yaku="20,1" doraHai="19" who="1" fromWho="3" sc="421,0,313,21,89,0,177,-21" /><INIT seed="5,3,0,2,2,83" ten="421,334,89,156" oya="1" hai0="95,99,29,31,28,66,3,59,69,120,19,72,1" hai1="132,107,56,124,84,97,5,131,92,89,74,52,12" hai2="25,48,86,60,33,90,32,127,108,6,24,42,119" hai3="75,11,70,105,22,46,134,129,78,54,30,85,88"/><U125/><E132/><V18/><F108/><W81/><G105/><T40/><D72/><U62/><E74/><V100/><F119/><W109/><G70/><T133/><D120/><U115/><E115/><V116/><F116/><W123/><G109/><T104/><D104/><U26/><E26/><V135/><F100/><W110/><G123/><T77/><D133/><U53/><E131/><V93/><F135/><W7/><G110/><T39/><D69/><U45/><E45/><V102/><F6/><W103/><G103/><T34/><D77/><U101/><REACH who="1" step="1"/><E53/><REACH who="1" ten="421,324,89,156" step="2"/><V58/><F33/><W65/><G134/><T71/><D34/><U51/><E51/><V114/><F32/><W14/><G129/><T76/><D39/><U37/><E37/><V128/><F114/><W68/><G75/><T8/><D40/><U126/><E126/><V117/><F127/><W4/><G54/><T20/><D31/><U61/><E61/><V13/><F128/><W36/><G36/><T55/><D29/><U49/><E49/><V21/><F117/><W15/><G46/><T87/><D28/><U82/><E82/><N who="2" m="49495" /><F42/><W41/><G41/><T47/><D55/><U121/><E121/><V50/><F25/><W106/><G30/><T27/><D47/><U130/><E130/><V2/><F24/><W112/><G112/><T67/><D66/><U38/><E38/><V63/><F63/><W57/><G68/><T113/><D67/><U23/><E23/><V111/><F111/><W35/><G22/><T16/><D27/><U10/><AGARI ba="3,1" hai="5,10,12,52,56,62,84,89,92,97,101,107,124,125" machi="10" ten="30,12000,1" yaku="1,1,0,1,52,1,54,1,53,1" doraHai="83" doraHaiUra="98" who="1" fromWho="1" sc="421,-43,324,139,89,-43,156,-43" /><INIT seed="5,4,0,5,3,131" ten="378,463,46,113" oya="1" hai0="65,127,48,76,84,111,109,102,87,73,39,52,46" hai1="49,26,32,6,107,8,18,92,135,63,113,72,83" hai2="133,86,4,69,93,77,100,68,88,24,64,17,130" hai3="51,82,0,23,20,134,74,122,31,9,60,19,126"/><U53/><E107/><V38/><F38/><W57/><G122/><T121/><D73/><U116/><E116/><V1/><F130/><W50/><G74/><T25/><D121/><U56/><E113/><V97/><F64/><W123/><G123/><T104/><D127/><U112/><E112/><V36/><F36/><W120/><G120/><T42/><D65/><U91/><E135/><V10/><F133/><W14/><G126/><T3/><D3/><U2/><E72/><V115/><F115/><W40/><G134/><T54/><D104/><U118/><E83/><V99/><F99/><W90/><G0/><T12/><D102/><U34/><E118/><V45/><F77/><W67/><G40/><T80/><D25/><U41/><E41/><V11/><F45/><W33/><G33/><T110/><D87/><U128/><E128/><V106/><REACH who="2" step="1"/><F24/><REACH who="2" ten="378,463,36,113" step="2"/><W125/><G125/><T119/><D119/><U114/><E114/><V94/><F94/><W37/><G37/><T108/><D39/><U22/><REACH who="1" step="1"/><E49/><REACH who="1" ten="378,453,36,113" step="2"/><V103/><F103/><W13/><G50/><T101/><N who="0" m="28160" /><DORA hai="44" /><T15/><D101/><U27/><E27/><V16/><F16/><N who="3" m="8239" /><G51/><T47/><D42/><U7/><E7/><V98/><F98/><AGARI ba="4,2" hai="2,6,8,18,22,26,32,34,53,56,63,91,92,98" machi="98" ten="30,12000,1" yaku="1,1,7,1,25,2,53,1" doraHai="131,44" doraHaiUra="43,58" who="1" fromWho="2" sc="378,0,453,152,36,-132,113,0" owari="378,18.0,605,71.0,-96,-60.0,113,-29.0" /></mjloggm>