<mjloggm ver="2.3"><GO type="169" lobby="0"/><UN n0="%E3%82%AF%E3%83%AD%E3%83%8E%E3%82%B9%40" n1="%E5%81%A5%E5%85%A8%E7%90%86%E7%B3%BB%E7%94%B7%E5%85%90" n2="%E3%82%A6%E3%83%AB%E3%83%88%E3%83%A9%E7%AB%8B%E7%9B%B4" n3="%E3%82%80%E3%81%99%E3%82%93%E3%81%A7%E3%81%B2%E3%82%89%E3%81%84%E3%81%A6" dan="17,16,17,16" rate="2171.66,2038.52,2168.63,2052.28" sx="M,M,M,M"/><TAIKYOKU oya="0"/><INIT seed="0,0,0,3,0,57" ten="250,250,250,250" oya="0" hai0="48,130,68,39,63,29,79,86,70,12,37,56,87" hai1="20,106,101,119,27,8,73,88,15,19,102,121,110" hai2="10,64,129,42,124,59,4,85,49,127,117,113,44" hai3="122,24,23,38,104,13,98,89,17,133,78,80,22"/><T47/><D130/><U76/><E119/><V118/><F85/><W58/><G133/><T21/><D70/><U82/><E121/><V74/><F74/><W100/><G38/><T45/><D68/><U67/><E106/><V28/><F28/><W14/><G122/><T99/><D99/><U34/><E110/><V109/><F109/><W3/><G3/><T115/><D115/><U35/><E67/><V43/><F113/><W93/><G23/><T62/><D39/><U91/><E101/><V50/><F10/><W52/><G100/><T41/><D37/><U66/><E66/><V33/><F4/><W135/><G104/><T83/><D47/><U32/><REACH who="1" step="1"/><E102/><REACH who="1" ten="250,240,250,250" step="2"/><V46/><F129/><W6/><G135/><T103/><D103/><U26/><E26/><V30/><F118/><W132/><G132/><T81/><D56/><U53/><E53/><V94/><F117/><W95/><G52/><T126/><D126/><U72/><E72/><V97/><F59/><W7/><G58/><T84/><D84/><U11/><E11/><V108/><F64/><W2/><G98/><T61/><D83/><U5/><AGARI ba="0,1" hai="5,8,15,19,20,27,32,34,35,73,76,82,88,91" machi="5" ten="30,7900,0" yaku="1,1,0,1,54,1,53,1" doraHai="57" doraHaiUra="77" who="1" fromWho="1" sc="250,-39,240,89,250,-20,250,-20" /><INIT seed="1,0,0,0,5,92" ten="211,329,230,230" oya="1" hai0="88,101,46,49,105,1,30,40,119,110,21,69,15" hai1="107,41,63,60,37,13,28,56,7,84,65,120,102" hai2="78,90,3,132,26,128,98,19,125,24,85,8,127" hai3="9,118,130,95,89,54,73,103,4,76,32,106,10"/><U52/><E120/><V91/><F78/><W17/><G32/><T133/><D119/><U71/><E28/><V42/><F42/><W114/><G114/><T124/><D1/><U27/><E27/><V81/><F132/><W33/><G33/><T123/><D133/><U72/><E72/><V12/><F3/><W23/><G130/><T82/><D69/><U68/><E84/><V39/><F39/><W131/><G131/><T55/><D123/><U29/><E29/><V14/><F14/><W100/><G118/><T97/><D110/><U74/><E74/><V47/><F47/><W38/><G38/><T2/><D2/><U62/><E7/><V0/><F0/><W79/><G54/><T48/><D124/><N who="2" m="47690" /><F128/><W66/><G73/><T64/><D64/><N who="1" m="41375" /><E102/><N who="3" m="38954" /><G66/><T96/><D105/><U45/><E13/><V6/><F6/><W51/><G4/><T5/><D101/><U75/><E75/><V134/><F134/><W58/><G76/><T16/><D30/><U93/><E107/><V86/><F86/><W11/><G79/><T31/><D31/><U36/><E93/><AGARI ba="0,0" hai="8,12,19,24,26,81,85,90,91,93,98" m="47690" machi="93" ten="30,2000,0" yaku="18,1,52,1" doraHai="92" who="2" fromWho="1" sc="211,0,329,-20,230,20,230,0" /><INIT seed="2,0,0,2,4,111" ten="211,309,250,230" oya="2" hai0="100,89,127,13,113,103,132,59,20,93,31,36,72" hai1="84,76,37,58,87,80,27,85,48,52,134,115,25" hai2="18,108,130,123,57,21,97,96,109,15,121,53,116" hai3="19,88,82,135,86,35,3,102,7,125,34,1,14"/><V95/><F130/><W54/><G135/><T42/><D72/><U75/><E115/><V56/><F116/><W126/><G102/><T117/><D132/><U65/><E37/><V91/><F97/><W17/><G54/><T44/><D127/><N who="3" m="48649" /><G19/><T67/><D117/><U74/><E134/><V131/><F131/><W124/><N who="3" m="48657" /><W90/><DORA hai="29" /><G90/><T41/><D113/><U105/><E105/><V4/><F4/><W38/><G38/><T22/><D41/><U101/><E101/><V73/><F73/><W129/><G129/><T40/><D40/><U119/><E119/><V69/><F69/><W26/><G26/><T23/><D13/><U94/><E65/><V71/><F71/><W2/><G7/><T118/><D31/><U12/><E75/><V98/><F98/><W49/><G49/><N who="0" m="26775" /><D118/><U106/><E106/><V51/><REACH who="2" step="1"/><F57/><REACH who="2" ten="211,309,240,230" step="2"/><W107/><G107/><T92/><D59/><U0/><E74/><V46/><F46/><W81/><G81/><T83/><D83/><U43/><E80/><V120/><AGARI ba="0,1" hai="15,18,21,51,53,56,91,95,96,108,109,120,121,123" machi="120" ten="40,3900,0" yaku="1,1,0,1,53,0" doraHai="111,29" doraHaiUra="114,33" who="2" fromWho="2" sc="211,-13,309,-13,240,49,230,-13" /><INIT seed="2,1,0,3,1,93" ten="198,296,289,217" oya="2" hai0="86,83,20,19,97,85,34,79,115,55,89,23,33" hai1="76,69,71,44,16,29,12,78,46,50,84,3,109" hai2="77,94,133,5,28,24,61,4,8,134,121,14,75" hai3="42,51,129,98,122,35,131,96,59,17,127,11,116"/><V113/><F77/><W25/><G122/><T1/><D115/><U72/><E3/><V70/><F75/><W119/><G127/><T117/><D1/><U125/><E125/><V99/><F121/><W21/><G35/><T47/><D117/><U65/><E109/><V40/><F40/><W124/><G124/><T128/><D128/><N who="3" m="49225" /><G11/><T120/><D120/><U57/><E72/><V30/><F5/><W101/><G101/><T53/><D34/><U56/><E29/><V2/><F2/><W66/><G66/><T7/><D7/><U41/><E69/><V58/><F70/><W68/><G68/><T31/><D33/><U74/><E74/><V9/><F9/><W81/><G81/><T45/><D31/><U43/><E71/><V100/><F113/><W6/><G6/><T95/><D85/><U103/><E103/><V63/><F63/><W60/><G60/><T37/><D23/><N who="1" m="11655" /><E65/><N who="2" m="39095" /><F30/><W48/><G42/><T106/><D106/><U67/><E67/><V92/><F92/><W110/><G110/><T111/><D111/><U26/><E76/><V52/><F52/><N who="0" m="20042" /><D37/><U18/><E78/><V0/><F0/><W82/><G119/><T132/><D132/><N who="2" m="50794" /><F28/><W90/><G116/><T126/><D126/><U112/><E112/><V10/><F10/><W114/><G114/><T80/><D80/><U118/><E118/><V88/><F24/><AGARI ba="1,0" hai="19,20,24,45,47,79,83,86,89,95,97" m="20042" machi="24" ten="30,3900,0" yaku="8,1,52,1,54,1" doraHai="93" who="0" fromWho="2" sc="198,42,296,0,289,-42,217,0" /><INIT seed="3,0,0,2,0,100" ten="240,296,247,217" oya="3" hai0="25,29,34,96,62,111,91,73,43,125,80,31,28" hai1="121,26,90,130,113,68,71,98,22,70,41,20,107" hai2="66,54,126,60,123,37,0,106,17,9,92,109,102" hai3="14,84,77,69,116,35,12,30,15,51,67,65,36"/><W47/><G116/><T97/><D111/><U42/><E121/><V4/><F109/><W55/><G36/><T131/><D131/><U44/><E130/><V75/><F75/><W72/><G72/><T120/><D120/><U85/><E113/><V132/><F123/><W135/><G135/><T114/><D125/><U50/><E42/><V2/><F126/><W27/><REACH who="3" step="1"/><G69/><REACH who="3" ten="240,296,247,207" step="2"/><T38/><D38/><U93/><E70/><V59/><F132/><W88/><G88/><T32/><D91/><U76/><E68/><V58/><F37/><W13/><N who="3" m="3072" /><DORA hai="105" /><W11/><G11/><T122/><D73/><U16/><E71/><V134/><F134/><W86/><G86/><T110/><D122/><U89/><E76/><V45/><F9/><W82/><AGARI ba="0,1" hai="27,30,35,47,51,55,65,67,77,82,84" m="3072" machi="82" ten="40,7800,0" yaku="1,1,0,1,53,1" doraHai="100,105" doraHaiUra="124,48" who="3" fromWho="3" sc="240,-26,296,-26,247,-26,207,88" /><INIT seed="3,1,0,1,3,28" ten="214,270,221,295" oya="3" hai0="56,73,35,72,125,22,10,69,6,44,9,19,130" hai1="0,1,112,105,36,78,76,26,4,17,121,86,49" hai2="113,41,25,30,57,84,58,64,104,89,108,11,71" hai3="16,122,40,97,106,43,48,2,75,91,81,29,118"/><W115/><G118/><T79/><D69/><U116/><E36/><V62/><F113/><W53/><G2/><T38/><D130/><U119/><E112/><V85/><F108/><W52/><G115/><T99/><D99/><U50/><E105/><V5/><F104/><W74/><G122/><T100/><D100/><U131/><E121/><V92/><F41/><W54/><G29/><T107/><D107/><U126/><E131/><V13/><REACH who="2" step="1"/><F85/><REACH who="2" ten="214,270,211,295" step="2"/><W45/><G43/><T133/><D73/><U98/><E86/><V24/><F24/><W114/><G114/><T83/><D72/><U129/><E26/><V77/><F77/><W31/><G106/><T18/><D79/><U117/><E78/><V51/><F51/><W95/><G75/><T23/><D38/><U20/><E76/><V103/><F103/><W93/><G74/><T66/><D133/><U27/><E49/><V34/><AGARI ba="1,1" hai="5,11,13,25,30,34,57,58,62,64,71,84,89,92" machi="34" ten="20,8000,1" yaku="1,1,0,1,7,1,52,1,53,1" doraHai="28" doraHaiUra="65" who="2" fromWho="2" sc="214,-21,270,-21,211,93,295,-41" /><INIT seed="4,0,0,1,5,110" ten="193,249,304,254" oya="0" hai0="104,101,10,50,60,93,78,23,24,82,107,21,105" hai1="77,20,90,28,112,64,115,96,44,119,25,65,1" hai2="13,26,59,121,92,56,43,32,12,85,124,114,31" hai3="33,88,113,122,127,17,68,34,54,133,75,4,108"/><T109/><D109/><U42/><E1/><V118/><F121/><W117/><RYUUKYOKU type="yao9" ba="0,0" sc="193,0,249,0,304,0,254,0" hai3="4,17,33,34,54,68,75,88,108,113,117,122,127,133" /><INIT seed="4,1,0,3,5,91" ten="193,249,304,254" oya="0" hai0="10,20,47,114,62,107,96,16,25,80,112,22,29" hai1="68,32,19,4,81,82,88,73,86,74,133,48,72" hai2="63,90,61,28,93,115,24,60,18,124,53,7,108" hai3="26,104,123,121,120,54,85,27,128,71,49,84,45"/><T58/><D47/><U11/><E68/><V135/><F135/><W94/><G104/><T38/><D38/><U40/><E32/><V79/><F115/><N who="0" m="44074" /><D80/><U67/><E67/><V77/><F108/><W109/><G109/><T118/><D118/><U12/><E133/><V119/><F124/><W39/><G128/><T111/><D111/><U36/><E36/><V129/><F119/><W52/><G71/><T117/><D117/><U55/><E40/><V41/><F41/><N who="3" m="22719" /><G54/><N who="0" m="34135" /><D10/><U105/><E105/><V14/><F129/><W8/><G8/><T15/><D107/><U87/><E4/><V113/><F113/><W0/><G0/><T103/><D96/><U51/><REACH who="1" step="1"/><E55/><REACH who="1" ten="193,239,304,254" step="2"/><V92/><F53/><W78/><G52/><T13/><D103/><U76/><AGARI ba="1,1" hai="11,12,19,48,51,72,73,74,76,81,82,86,87,88" machi="76" ten="30,12000,2" yaku="1,1,2,1,0,1,54,1,53,2" doraHai="91" doraHaiUra="46" who="1" fromWho="1" sc="193,-61,239,133,304,-31,254,-31" /><INIT seed="5,0,0,0,2,107" ten="132,372,273,223" oya="1" hai0="55,0,39,37,38,129,101,86,61,60,41,19,27" hai1="97,122,23,98,79,127,65,80,14,83,32,119,36" hai2="108,111,31,88,105,50,128,115,47,73,74,113,29" hai3="59,15,94,104,42,44,130,22,90,92,9,114,43"/><U95/><E119/><V66/><F105/><W64/><G104/><T123/><D0/><U62/><E32/><V117/><F66/><W112/><G130/><T16/><D129/><U53/><E36/><V30/><F128/><W20/><G64/><T133/><D41/><U102/><E53/><V57/><F57/><W34/><G34/><T132/><D123/><U10/><E83/><V2/><F2/><W11/><G59/><T106/><D86/><U131/><E127/><V13/><F13/><W67/><G67/><T89/><D89/><U103/><E23/><V96/><F117/><W134/><G134/><N who="0" m="51819" /><D55/><U120/><E131/><V25/><F25/><W1/><G1/><T109/><D109/><U49/><E98/><V82/><F111/><W121/><G90/><T52/><D27/><U18/><E103/><V6/><F6/><W21/><G121/><T68/><D68/><U81/><E81/><V125/><F125/><W87/><G87/><T4/><D4/><U70/><REACH who="1" step="1"/><E49/><REACH who="1" ten="132,362,273,223" step="2"/><V40/><F108/><W56/><G20/><T3/><D52/><U5/><E5/><V116/><F116/><W85/><G21/><T93/><D106/><U33/><E33/><V45/><F82/><W26/><G22/><T58/><D101/><U75/><AGARI ba="0,1" hai="10,14,18,62,65,70,75,79,80,95,97,102,120,122" machi="75" ten="20,7800,0" yaku="1,1,0,1,7,1,52,1,53,0" doraHai="107" doraHaiUra="48" who="1" fromWho="1" sc="132,-26,362,88,273,-26,223,-26" /><INIT seed="5,1,0,1,0,36" ten="106,450,247,197" oya="1" hai0="108,123,94,113,31,130,35,72,6,65,50,2,33" hai1="15,49,8,129,107,126,68,34,12,9,127,84,39" hai2="42,86,53,75,23,67,58,82,71,57,103,118,21" hai3="114,116,121,96,10,55,45,17,109,51,119,19,4"/><U120/><E49/><V41/><F75/><W37/><G109/><T56/><D72/><U80/><E84/><V128/><F71/><W69/><G121/><T124/><D94/><U70/><E80/><V25/><F128/><W104/><G69/><T20/><D65/><U97/><E15/><V81/><F118/><N who="3" m="45099" /><G37/><T64/><D64/><U52/><E12/><V95/><F23/><W99/><G114/><T30/><D108/><U101/><E97/><N who="3" m="37450" /><G104/><T76/><D76/><U18/><E107/><V29/><F103/><W134/><G134/><T79/><D79/><U111/><E101/><V7/><F95/><W22/><G22/><T112/><D123/><U93/><E93/><V125/><F125/><W92/><G92/><T132/><D132/><U44/><E70/><V135/><F135/><W106/><G106/><T85/><D130/><U105/><E68/><V43/><F7/><W60/><G60/><T3/><D124/><U38/><E105/><V59/><F67/><W89/><G89/><T131/><D131/><U61/><E129/><V98/><F98/><W46/><G46/><T83/><D20/><U87/><E111/><V1/><F1/><AGARI ba="1,0" hai="1,4,10,17,19,45,51,55" m="37450,45099" machi="1" ten="30,1000,0" yaku="12,1" doraHai="36" who="3" fromWho="2" sc="106,0,450,0,247,-13,197,13" /><INIT seed="6,0,0,5,0,56" ten="106,450,234,210" oya="2" hai0="119,103,128,26,107,104,74,31,3,53,91,61,7" hai1="37,101,16,130,114,92,28,112,116,97,102,118,11" hai2="98,12,117,85,68,29,83,110,60,129,69,46,67" hai3="1,54,34,33,49,40,73,50,21,87,18,99,134"/><V100/><F129/><W84/><G73/><T72/><D128/><U45/><E130/><V106/><F110/><W109/><G1/><T70/><D119/><U62/><E28/><V65/><F29/><W120/><G120/><T52/><D91/><U96/><E11/><V75/><F75/><W125/><G109/><T115/><D115/><U13/><E37/><V63/><F46/><N who="3" m="25799" /><G34/><N who="0" m="20855" /><D107/><U126/><E45/><V111/><F111/><W71/><G33/><T127/><D127/><U51/><E51/><V15/><F117/><W86/><G71/><T132/><D132/><U105/><E126/><V6/><F6/><W88/><G134/><T43/><D43/><U78/><E78/><AGARI ba="0,0" hai="12,15,60,63,65,67,68,69,78,83,85,98,100,106" machi="78" ten="30,11600,0" yaku="7,1,9,1,52,2" doraHai="56" who="2" fromWho="1" sc="106,0,450,-116,234,116,210,0" /><INIT seed="6,1,0,3,0,10" ten="106,334,350,210" oya="2" hai0="29,65,37,100,38,92,108,53,71,54,134,112,113" hai1="96,58,15,33,64,111,98,118,27,105,6,115,31" hai2="82,114,125,77,42,2,101,132,95,75,99,46,28" hai3="56,131,0,79,119,13,3,21,61,106,60,41,94"/><V16/><F114/><N who="0" m="44138" /><D100/><U109/><E115/><V47/><F125/><W91/><G106/><T133/><D92/><U63/><E118/><V86/><F132/><N who="0" m="50794" /><D108/><U45/><E98/><V17/><F2/><W85/><G119/><T117/><D117/><U128/><E128/><V90/><F28/><W89/><G131/><T81/><D81/><U5/><E5/><V130/><F130/><W67/><G79/><T70/><D29/><U76/><E76/><V74/><F74/><W129/><G129/><T57/><D54/><U8/><E105/><N who="2" m="63679" /><F46/><W78/><G78/><T52/><D53/><U127/><E127/><V103/><F103/><W62/><G91/><T23/><D23/><U84/><E96/><V124/><F124/><W104/><G104/><T59/><D59/><U55/><E84/><V50/><AGARI ba="1,0" hai="16,17,42,47,50,75,77,82,86,90,95" m="63679" machi="50" ten="30,3000,0" yaku="24,1,54,1" doraHai="10" who="2" fromWho="2" sc="106,-11,334,-11,350,33,210,-11" /><INIT seed="6,2,0,1,3,104" ten="95,323,383,199" oya="2" hai0="129,22,128,63,7,120,79,20,10,60,130,23,133" hai1="26,106,124,84,132,17,18,122,102,89,47,73,95" hai2="70,11,103,4,99,69,52,77,117,111,45,90,2" hai3="94,61,51,126,58,49,12,98,33,54,50,32,41"/><V65/><F117/><W68/><G126/><T55/><D120/><U112/><E124/><V46/><F111/><W78/><G41/><T82/><D133/><U107/><E122/><V30/><F30/><W125/><G125/><T86/><REACH who="0" step="1"/><D55/><REACH who="0" ten="85,323,383,199" step="2"/><U43/><E132/><V56/><F52/><W113/><G54/><T123/><D123/><U121/><E121/><V27/><F46/><W29/><G113/><T38/><D38/><U81/><E47/><V8/><F45/><W75/><G49/><T0/><AGARI ba="2,1" hai="0,7,10,20,22,23,60,63,79,82,86,128,129,130" machi="0" ten="40,5200,0" yaku="1,1,0,1,19,1,53,0" doraHai="104" doraHaiUra="96" who="0" fromWho="0" sc="85,68,323,-15,383,-28,199,-15" /><INIT seed="7,0,0,1,1,132" ten="153,308,355,184" oya="3" hai0="1,48,112,40,124,74,125,134,78,126,70,90,45" hai1="63,19,31,24,52,130,56,76,62,116,25,127,39" hai2="57,36,105,20,86,41,103,71,12,97,96,69,107" hai3="61,83,9,10,135,111,75,17,73,54,67,98,58"/><W122/><G122/><T129/><D134/><U99/><E39/><V51/><F36/><W131/><G135/><T91/><D129/><U22/><E130/><V27/><F12/><W3/><G131/><T104/><D104/><U65/><E116/><V44/><F86/><W32/><G32/><T93/><D112/><U72/><E127/><N who="0" m="32513" /><T79/><DORA hai="64" /><D70/><U68/><E99/><V121/><F57/><W81/><G111/><T14/><D1/><U88/><E88/><N who="0" m="33833" /><D74/><U77/><E72/><V92/><F107/><W33/><G3/><T8/><D93/><U37/><E37/><V106/><F106/><W53/><G33/><AGARI ba="0,0" hai="19,22,24,25,31,33,52,56,62,63,65,68,76,77" machi="33" ten="30,3900,0" yaku="7,1,52,1,54,1" doraHai="132,64" who="1" fromWho="3" sc="153,0,308,39,355,0,184,-39" owari="153,-25.0,347,15.0,355,45.0,145,-35.0" /></mjloggm>