<mjloggm ver="2.3"><GO type="41" lobby="0"/><UN n0="%E3%82%AA%E3%83%AC%E3%81%8C%E3%82%A4%E3%82%B1%E3%83%A1%E3%83%B3%E3%81%A0" n1="%E5%B0%B1%E6%B4%BB%E7%94%9F%40%E5%B7%9D%E6%9D%91%E8%BB%8D%E5%9B%A3" n2="%6B%65%6E%34%31%30" n3="%61%6E%6D%72" dan="13,14,14,14" rate="1914.78,1967.89,1980.02,1949.47" sx="M,M,F,M"/><TAIKYOKU oya="0"/><INIT seed="0,0,0,5,5,76" ten="250,250,250,250" oya="0" hai0="64,104,110,55,58,90,4,111,78,26,57,60,102" hai1="39,65,24,47,106,44,68,94,101,12,21,125,46" hai2="128,29,84,41,67,77,127,86,79,120,93,117,89" hai3="72,31,63,126,14,48,19,108,30,82,95,129,115"/><T132/><D132/><U88/><E39/><V133/><F120/><W87/><G115/><T17/><D4/><U43/><E125/><V51/><F133/><W112/><G112/><T56/><D90/><U98/><E43/><V69/><F127/><W11/><G126/><T13/><D26/><U3/><E3/><V119/><F128/><W45/><G129/><T100/><D78/><U9/><E68/><V33/><F33/><W1/><G1/><T97/><D100/><U73/><E65/><V121/><F121/><W52/><G108/><N who="0" m="41515" /><D55/><U53/><E73/><V50/><F29/><W18/><G72/><T123/><D123/><U74/><E74/><V8/><F69/><W113/><G113/><T66/><D60/><U54/><E106/><V10/><F67/><W91/><G63/><T71/><D71/><U116/><E101/><V37/><F37/><W49/><G19/><T124/><D124/><U114/><E114/><V118/><F41/><N who="3" m="24623" /><G95/><T16/><D17/><N who="1" m="12335" /><E116/><V7/><F10/><AGARI ba="0,0" hai="10,13,16,56,57,58,64,66,97,102,104" m="41515" machi="10" ten="30,5800,0" yaku="14,1,10,1,54,1" doraHai="76" who="0" fromWho="2" sc="250,58,250,0,250,-58,250,0" /><INIT seed="0,1,0,0,0,90" ten="308,250,192,250" oya="0" hai0="81,85,70,78,44,131,115,108,33,43,82,32,104" hai1="65,83,84,13,63,126,92,97,125,88,86,133,46" hai2="100,3,11,31,62,18,20,35,50,102,112,21,45" hai3="15,113,114,51,109,135,132,72,122,121,103,28,119"/><T130/><D115/><N who="3" m="44041" /><G72/><N who="0" m="43207" /><D70/><U120/><E120/><N who="3" m="46186" /><G103/><N who="2" m="39465" /><F112/><W105/><G105/><T124/><D104/><U58/><E133/><N who="3" m="51274" /><G51/><N who="0" m="27039" /><D124/><N who="1" m="47723" /><E13/><N who="2" m="7487" /><F3/><W5/><G28/><T79/><D108/><U9/><E9/><V12/><F35/><W106/><G106/><T26/><D26/><U52/><E83/><V1/><F1/><W29/><G29/><T59/><D59/><N who="1" m="37119" /><E46/><V27/><F62/><AGARI ba="1,0" hai="52,58,62,84,86,88,92,97" m="37119,47723" machi="62" ten="30,7700,0" yaku="18,1,52,1,54,2" doraHai="90" who="1" fromWho="2" sc="308,0,250,80,192,-80,250,0" /><INIT seed="1,0,0,5,3,72" ten="308,330,112,250" oya="1" hai0="78,51,21,115,12,107,116,84,98,42,103,92,57" hai1="89,100,25,131,79,13,49,94,4,86,37,9,125" hai2="128,95,129,105,19,24,97,48,41,20,75,31,88" hai3="111,34,11,64,121,36,38,124,46,22,83,99,59"/><U108/><E37/><V47/><F105/><W77/><G34/><T52/><D116/><U91/><E125/><V55/><F75/><W63/><G121/><T133/><D115/><U81/><E131/><N who="2" m="50251" /><F19/><W70/><G124/><T17/><D133/><U73/><E108/><V2/><F2/><W90/><G111/><T80/><REACH who="0" step="1"/><D42/><AGARI ba="0,0" hai="20,24,31,41,42,47,48,55,88,95,97" m="50251" machi="42" ten="30,2000,0" yaku="19,1,54,1" doraHai="72" who="2" fromWho="0" sc="308,-20,330,0,112,20,250,0" /><INIT seed="2,0,0,1,4,43" ten="288,330,132,250" oya="2" hai0="131,60,20,127,67,27,1,34,56,64,10,36,18" hai1="12,117,116,30,26,77,119,57,84,48,31,91,70" hai2="109,69,96,102,0,76,62,111,21,24,4,25,85" hai3="33,44,132,28,125,41,75,65,129,82,40,13,52"/><V99/><F0/><W38/><G132/><T112/><D112/><U37/><E37/><V47/><F4/><W15/><G129/><T19/><D131/><U63/><E77/><V35/><F35/><W114/><G125/><T126/><D36/><U113/><E113/><V123/><F123/><W94/><G65/><N who="0" m="39047" /><D34/><U42/><E70/><V122/><F122/><W45/><G114/><T124/><D1/><U100/><E100/><V95/><F69/><W59/><G94/><T50/><D50/><U92/><E12/><AGARI ba="0,0" hai="10,12,18,19,20,27,64,67,124,126,127" m="39047" machi="12" ten="30,1000,0" yaku="18,1" doraHai="43" who="0" fromWho="1" sc="288,10,330,-10,132,0,250,0" /><INIT seed="3,0,0,5,1,62" ten="298,320,132,250" oya="3" hai0="18,68,0,69,113,46,108,98,7,15,5,85,57" hai1="78,24,43,53,90,29,2,96,17,48,23,131,134" hai2="50,16,127,77,34,25,10,105,9,6,126,82,58" hai3="52,95,51,39,93,97,72,1,20,89,117,13,33"/><W36/><G33/><T99/><D108/><U73/><E2/><V103/><F105/><W80/><G1/><T123/><D123/><U118/><E118/><V22/><F103/><W31/><G117/><T65/><D113/><U109/><E109/><V71/><F71/><W61/><G61/><N who="0" m="38063" /><D68/><U40/><E131/><V12/><F34/><W28/><G36/><T115/><D0/><U42/><E134/><V44/><F58/><N who="3" m="33055" /><G39/><T63/><D69/><U27/><E73/><V83/><F10/><W74/><G72/><T32/><D32/><U125/><E78/><V41/><REACH who="2" step="1"/><F83/><REACH who="2" ten="298,320,122,250" step="2"/><W84/><G80/><T59/><D115/><U135/><E135/><V104/><F104/><W92/><G92/><T76/><D46/><N who="1" m="27799" /><E125/><V54/><F54/><W120/><G120/><T64/><D99/><U37/><E37/><V119/><F119/><W106/><G106/><T19/><D98/><U87/><E96/><V130/><F130/><W3/><G97/><T107/><D107/><U86/><E43/><V129/><F129/><W122/><G122/><T4/><D15/><U14/><E42/><V45/><F45/><W70/><G70/><T101/><D101/><U110/><E40/><V116/><F116/><W75/><G3/><T49/><D49/><U114/><E110/><V111/><F111/><W38/><G38/><T60/><D60/><U121/><E114/><V94/><F94/><W11/><G95/><T88/><D76/><U132/><E121/><V66/><F66/><W55/><G55/><T91/><D91/><U21/><E90/><V56/><F56/><W102/><G89/><RYUUKYOKU ba="0,1" sc="298,15,320,-15,122,15,250,-15" hai0="4,5,7,18,19,59,63,64,85,88" hai2="6,9,12,16,22,25,41,44,50,77,82,126,127" /><INIT seed="4,1,1,3,1,110" ten="313,305,137,235" oya="0" hai0="13,43,40,80,58,112,82,70,12,51,7,127,106" hai1="60,73,74,41,16,3,125,61,88,104,18,111,91" hai2="15,109,95,24,90,22,96,98,68,114,131,126,113" hai3="46,48,77,79,76,4,132,130,21,83,36,65,84"/><T35/><D106/><U1/><E111/><V59/><F109/><W20/><G36/><T119/><D119/><U78/><E78/><N who="3" m="30314" /><G132/><T52/><D70/><U54/><E54/><V118/><F68/><W86/><G130/><T29/><D127/><U101/><E101/><V62/><F131/><W121/><G121/><T94/><D35/><U75/><E41/><N who="0" m="15945" /><D29/><U71/><E71/><V129/><F129/><W31/><G65/><T116/><D116/><U47/><E47/><V135/><F118/><W49/><G4/><T39/><D39/><U72/><E72/><V30/><F135/><W33/><G33/><T81/><D7/><U5/><E5/><V117/><F117/><W64/><G64/><T55/><D112/><N who="2" m="43114" /><F15/><W66/><G66/><T93/><D55/><U122/><E122/><V53/><F126/><W50/><G31/><T134/><D134/><U17/><E104/><V99/><AGARI ba="1,1" hai="22,24,30,53,59,62,90,95,96,98,99" m="43114" machi="99" ten="30,7900,0" yaku="15,1,52,3" doraHai="110" who="2" fromWho="2" sc="313,-40,305,-21,137,92,235,-21" /><INIT seed="5,0,0,1,3,19" ten="273,284,229,214" oya="1" hai0="106,75,115,8,132,71,97,43,21,68,15,122,90" hai1="100,50,83,133,55,110,31,12,124,93,9,20,67" hai2="130,65,113,88,53,7,92,102,94,14,131,109,111" hai3="34,17,119,104,128,37,46,63,107,86,26,120,41"/><U32/><E32/><V3/><F3/><W61/><G120/><T24/><D75/><U84/><E110/><V22/><F113/><W27/><G119/><T70/><D115/><U87/><E124/><V103/><F65/><W1/><G1/><T54/><D122/><U123/><E133/><V51/><F94/><W116/><G116/><T64/><D132/><U0/><E0/><V114/><F114/><W62/><G128/><N who="2" m="49193" /><F7/><W52/><G34/><T25/><D43/><U39/><E39/><V91/><F91/><W33/><G33/><T10/><D54/><U72/><E67/><V85/><F111/><W129/><G86/><T66/><D24/><N who="1" m="16775" /><E72/><V81/><F81/><W82/><G27/><T74/><D74/><U125/><E125/><V48/><F48/><W95/><G82/><T29/><D8/><U112/><E112/><V47/><F109/><W11/><G129/><T117/><D117/><U96/><E123/><V23/><F14/><N who="3" m="7391" /><G26/><T99/><D99/><U118/><E83/><V80/><F80/><W42/><G95/><T78/><D78/><U35/><E35/><V58/><F47/><W108/><G108/><T38/><D38/><U2/><E2/><V121/><F121/><W73/><G73/><T134/><D134/><U135/><E135/><V5/><F5/><W40/><G37/><T13/><D90/><U76/><E76/><V60/><F60/><W77/><G77/><T59/><D25/><U69/><E118/><V6/><F6/><W126/><G126/><T105/><D29/><U30/><E30/><V56/><F56/><N who="3" m="34951" /><G46/><T127/><D127/><RYUUKYOKU ba="0,0" sc="273,-15,284,-15,229,15,214,15" hai2="22,23,51,53,58,85,88,92,102,103" hai3="40,41,42,62,63,104,107" /><INIT seed="6,1,0,4,0,81" ten="258,269,244,229" oya="2" hai0="6,126,120,110,1,61,95,92,19,86,65,27,31" hai1="129,123,5,107,116,66,98,52,78,69,38,56,83" hai2="0,128,130,44,50,71,14,134,3,46,108,41,99" hai3="47,59,112,117,58,135,28,114,24,121,60,16,91"/><V67/><F134/><W105/><G121/><T132/><D110/><U18/><E38/><V20/><F108/><W70/><G117/><T8/><D120/><U55/><E116/><V64/><F99/><W42/><G105/><T34/><D132/><U2/><E123/><V118/><F118/><W89/><G135/><T127/><D19/><U94/><E129/><N who="2" m="49771" /><F71/><W33/><G16/><T100/><D100/><U84/><E107/><V49/><F14/><W73/><G73/><T57/><REACH who="0" step="1"/><D86/><REACH who="0" ten="248,269,244,229" step="2"/><U122/><E18/><V51/><F20/><W11/><G11/><T12/><D12/><U87/><E5/><V104/><F104/><W93/><G112/><T82/><D82/><U7/><E7/><V72/><F72/><W22/><G114/><T115/><D115/><U37/><E2/><N who="2" m="555" /><F41/><W88/><G22/><T125/><AGARI ba="1,1" hai="1,6,8,27,31,34,57,61,65,92,95,125,126,127" machi="125" ten="30,4000,0" yaku="1,1,0,1,18,1,53,0" doraHai="81" doraHaiUra="74" who="0" fromWho="0" sc="248,53,269,-11,244,-21,229,-11" /><INIT seed="7,0,0,0,4,42" ten="301,258,223,218" oya="3" hai0="26,45,97,84,62,5,30,48,18,128,61,13,129" hai1="83,109,81,35,15,110,82,46,121,0,79,93,1" hai2="99,86,135,133,115,14,53,103,6,113,117,94,43" hai3="21,119,54,105,50,19,70,44,16,60,114,104,33"/><W101/><G33/><T22/><D97/><U36/><E121/><V11/><F117/><W39/><G119/><T91/><D5/><U29/><E79/><V58/><F43/><W55/><G114/><N who="2" m="43529" /><F86/><W40/><G101/><T41/><D129/><U31/><E93/><V24/><F24/><N who="3" m="14375" /><G19/><T108/><D108/><U125/><E125/><V51/><AGARI ba="0,0" hai="6,11,14,51,53,58,94,99,103,133,135" m="43529" machi="51" ten="30,1100,0" yaku="15,1" doraHai="42" who="2" fromWho="2" sc="301,-3,258,-3,223,11,218,-5" /><INIT seed="8,0,0,3,0,121" ten="298,255,234,213" oya="0" hai0="59,13,31,42,70,5,58,9,113,130,66,41,16" hai1="33,65,29,96,38,94,124,116,71,7,109,39,8" hai2="2,83,74,134,12,20,77,27,46,118,100,51,117" hai3="50,6,75,4,110,128,108,111,18,61,79,68,55"/><T19/><D70/><U89/><E109/><V53/><F134/><W36/><G36/><T102/><D113/><U1/><E116/><N who="2" m="44651" /><F2/><W87/><G75/><T47/><D130/><U44/><E124/><V14/><F100/><W57/><G128/><T112/><D112/><U86/><E71/><V135/><F135/><W120/><G120/><T21/><D102/><U92/><E65/><V114/><F114/><W24/><G68/><T88/><D88/><U54/><E33/><V60/><F60/><W131/><G131/><T122/><D122/><U104/><E104/><V115/><F115/><W64/><G79/><T25/><D41/><U43/><E29/><AGARI ba="0,0" hai="12,14,20,27,29,46,51,53,74,77,83" m="44651" machi="29" ten="30,2000,0" yaku="16,1,12,1" doraHai="121" who="2" fromWho="1" sc="298,0,255,-20,234,20,213,0" /><INIT seed="9,0,0,4,0,104" ten="298,235,254,213" oya="1" hai0="130,74,38,125,44,28,95,134,101,60,77,122,50" hai1="55,40,9,25,2,78,133,120,7,47,110,65,85" hai2="100,20,72,53,11,30,88,103,68,29,36,57,79" hai3="108,87,39,51,24,41,106,121,70,127,69,58,46"/><U32/><E120/><V129/><F68/><W83/><G121/><T56/><D122/><U10/><E110/><V27/><F36/><W42/><G108/><T135/><D38/><U99/><E133/><N who="0" m="50697" /><D125/><U80/><E65/><V126/><F126/><W89/><G127/><T75/><D130/><U64/><E64/><V124/><F124/><W128/><G128/><T67/><D77/><U34/><E55/><V94/><F129/><W90/><G106/><T52/><D28/><U8/><E99/><AGARI ba="0,0" hai="44,50,52,56,60,67,74,75,95,99,101" m="50697" machi="99" ten="30,7700,0" yaku="20,1,52,2,54,1" doraHai="104" who="0" fromWho="1" sc="298,77,235,-77,254,0,213,0" owari="375,48.0,158,-34.0,254,5.0,213,-19.0" /></mjloggm>