<mjloggm ver="2.3"><GO type="97" lobby="0"/><UN n0="%E5%B0%B1%E6%B4%BB%E7%94%9F%40%E5%B7%9D%E6%9D%91%E8%BB%8D%E5%9B%A3" n1="%77%6F%72%6B" n2="%28%2F%D0%B4%EF%BC%BC%2A%29" n3="%E3%81%BE%E3%81%99%E3%81%AE%E3%81%99%E3%81%97" dan="14,13,14,14" rate="1951.76,1917.21,1958.98,1969.47" sx="M,M,M,M"/><TAIKYOKU oya="0"/><INIT seed="0,0,0,5,4,0" ten="250,250,250,250" oya="0" hai0="33,39,19,128,38,111,22,46,125,77,23,107,87" hai1="89,94,3,76,5,60,35,13,27,17,126,88,36" hai2="1,92,72,120,134,129,7,86,101,44,43,78,15" hai3="6,62,70,103,110,52,68,115,93,25,119,12,63"/><T51/><D107/><U32/><E36/><V96/><F120/><W58/><G115/><T124/><D33/><U66/><E126/><N who="0" m="48745" /><D128/><U102/><E102/><V113/><F113/><W69/><G119/><T20/><D111/><U114/><E114/><V28/><F28/><W80/><G110/><T121/><D121/><U57/><E76/><V85/><F129/><W105/><G105/><T100/><D100/><U56/><E27/><V18/><F134/><W47/><G25/><T84/><D19/><U98/><E57/><V132/><F132/><W30/><G30/><T67/><D67/><U99/><E99/><V75/><F75/><W79/><G47/><T49/><D77/><U54/><E89/><V41/><F41/><W55/><G93/><T65/><D65/><U127/><E66/><V59/><F59/><W73/><G103/><T83/><D46/><U8/><E127/><V48/><F72/><W26/><G26/><T122/><D122/><U109/><E109/><V112/><F112/><W24/><G24/><T2/><D2/><U29/><E29/><V135/><F135/><W53/><REACH who="3" step="1"/><G58/><REACH who="3" ten="250,250,250,240" step="2"/><T9/><D83/><U74/><E74/><V106/><F106/><W61/><G61/><T42/><D42/><U40/><E40/><V91/><F43/><W4/><G4/><T16/><D39/><U37/><E37/><V34/><F44/><W82/><G82/><T118/><D38/><U97/><E60/><V130/><F130/><W116/><G116/><T117/><D117/><U10/><E56/><V45/><F45/><W31/><G31/><T21/><D118/><RYUUKYOKU ba="0,1" sc="250,-10,250,-10,250,-10,240,30" hai3="6,12,52,53,55,62,63,68,69,70,73,79,80" /><INIT seed="1,1,1,5,2,132" ten="240,240,240,270" oya="1" hai0="120,22,118,64,25,8,127,125,39,30,95,73,131" hai1="112,68,53,44,94,119,12,72,106,29,71,38,77" hai2="66,3,11,96,124,18,33,46,40,28,101,81,60" hai3="91,111,122,6,75,74,83,105,35,58,85,103,104"/><U107/><E29/><V79/><F18/><W56/><G35/><T19/><D39/><U37/><E94/><V10/><F124/><N who="0" m="47690" /><D118/><U110/><E77/><V98/><F3/><W117/><G6/><T93/><D120/><U15/><E44/><V70/><F98/><W4/><G4/><T51/><D131/><U78/><E78/><V14/><F28/><W113/><G58/><T42/><D73/><U59/><E59/><V87/><F33/><W23/><G56/><T17/><D64/><U134/><E72/><V82/><F82/><W31/><G83/><T7/><D93/><U34/><E34/><V45/><F14/><W99/><G105/><T21/><D95/><U102/><E15/><V54/><F54/><W69/><G104/><T0/><D22/><U24/><E106/><V100/><F46/><AGARI ba="1,1" hai="0,7,8,17,19,21,25,30,42,46,51" m="47690" machi="46" ten="30,7700,0" yaku="18,1,52,3" doraHai="132" who="0" fromWho="2" sc="240,90,240,0,240,-80,270,0" /><INIT seed="2,0,0,3,4,31" ten="330,240,160,270" oya="2" hai0="88,126,100,120,63,104,6,40,106,91,83,115,43" hai1="16,84,65,109,9,113,122,70,130,93,95,118,90" hai2="101,17,102,133,66,58,45,19,123,132,36,110,103" hai3="23,119,79,28,48,52,11,33,57,44,74,97,98"/><V15/><F123/><W80/><G119/><T114/><D120/><U3/><E118/><V37/><F110/><W61/><G33/><T78/><D6/><U92/><E113/><N who="0" m="43017" /><D63/><U71/><E130/><V96/><F96/><W135/><G135/><N who="2" m="51785" /><F66/><W50/><G50/><T107/><D43/><U46/><E65/><V42/><F58/><W21/><G11/><T55/><D55/><U41/><E3/><V67/><F67/><W25/><REACH who="3" step="1"/><G21/><REACH who="3" ten="330,240,160,260" step="2"/><T131/><D40/><AGARI ba="0,1" hai="23,25,28,40,44,48,52,57,61,74,79,80,97,98" machi="40" ten="30,7700,0" yaku="1,1,2,1,7,1,54,1,53,0" doraHai="31" doraHaiUra="99" who="3" fromWho="0" sc="330,-77,240,0,160,0,260,87" /><INIT seed="3,0,0,5,3,125" ten="253,240,160,347" oya="3" hai0="128,0,67,51,131,108,17,91,83,70,47,80,2" hai1="116,114,87,92,23,99,65,78,49,4,75,31,56" hai2="24,29,28,43,103,58,18,81,96,5,135,33,107" hai3="111,48,88,9,22,41,46,59,124,15,94,32,34"/><W52/><G124/><T102/><D108/><U129/><E75/><V71/><F135/><W130/><G130/><N who="0" m="49707" /><D102/><U10/><E114/><V54/><F29/><W8/><G111/><T89/><D17/><U30/><E23/><V133/><F133/><W45/><G45/><T66/><D89/><U6/><E6/><V69/><F5/><W79/><G79/><T35/><D35/><U64/><E64/><N who="0" m="24617" /><D70/><U14/><E116/><V12/><F43/><W134/><G134/><T127/><D127/><U119/><E119/><V25/><F25/><W74/><G74/><T39/><D39/><U112/><E112/><V113/><F81/><N who="0" m="31306" /><D91/><U105/><E129/><V118/><F118/><W53/><G53/><AGARI ba="0,0" hai="0,2,47,51,53" m="31306,24617,49707" machi="53" ten="30,7700,0" yaku="19,1,52,3" doraHai="125" who="0" fromWho="3" sc="253,77,240,0,160,0,347,-77" owari="330,43.0,240,-16.0,160,-34.0,270,7.0" /></mjloggm>