<mjloggm ver="2.3"><GO type="41" lobby="0"/><UN n0="%E5%B0%B1%E6%B4%BB%E7%94%9F%40%E5%B7%9D%E6%9D%91%E8%BB%8D%E5%9B%A3" n1="%63%6F%63%6F%6C%75%6C%75" n2="%E7%83%8F%E5%B8%BD%E5%AD%90%E7%83%8F" n3="%E9%BB%92%E9%9B%B2" dan="16,14,14,14" rate="2031.11,1866.39,1823.56,1888.86" sx="M,M,M,M"/><TAIKYOKU oya="0"/><INIT seed="0,0,0,3,1,15" ten="250,250,250,250" oya="0" hai0="115,112,8,28,47,130,124,87,109,120,128,2,80" hai1="114,106,101,72,34,16,108,92,78,39,14,30,63" hai2="88,127,58,93,42,104,10,102,0,45,70,73,37" hai3="69,12,131,22,68,99,74,83,18,94,54,96,41"/><T61/><BYE who="2" /><D120/><U51/><E106/><V134/><F134/><W32/><G131/><UN n2="%E7%83%8F%E5%B8%BD%E5%AD%90%E7%83%8F" /><T129/><D28/><U100/><E39/><V9/><F70/><W85/><G74/><T103/><D103/><U26/><E108/><V90/><F0/><W3/><G32/><T1/><D109/><U43/><E114/><V89/><F127/><W75/><G75/><T17/><D124/><U50/><E63/><V48/><F104/><W36/><G3/><T119/><D119/><U44/><E92/><V6/><F6/><W133/><G133/><T40/><D61/><U66/><E66/><V135/><F73/><W86/><G86/><T24/><D2/><U67/><E67/><V29/><F29/><W38/><G54/><T125/><D1/><U111/><E111/><V31/><F31/><W62/><G62/><T25/><D25/><U53/><E78/><V81/><F81/><W97/><G94/><T98/><D98/><U19/><E72/><V117/><F117/><W76/><REACH who="3" step="1"/><G38/><REACH who="3" ten="250,250,250,240" step="2"/><T110/><D125/><U64/><E64/><V21/><F37/><W107/><G107/><T95/><D110/><U13/><E13/><V113/><F135/><W60/><G60/><T116/><D95/><U65/><E65/><V5/><F93/><W56/><G56/><T105/><D105/><U132/><E132/><V20/><F58/><W122/><G122/><T46/><D116/><U11/><E19/><V7/><F113/><W4/><G4/><N who="2" m="1609" /><F102/><W23/><G23/><AGARI ba="0,1" hai="9,10,20,21,23,42,45,48,88,89,90" m="1609" machi="23" ten="30,2000,0" yaku="8,1,54,1" doraHai="15" who="2" fromWho="3" sc="250,0,250,0,250,30,240,-20" /><INIT seed="1,0,0,2,2,100" ten="250,250,280,220" oya="1" hai0="39,88,93,106,32,115,26,128,78,92,126,86,122" hai1="116,37,112,3,21,57,72,89,104,70,68,97,8" hai2="123,2,65,130,74,7,87,135,90,82,1,117,69" hai3="51,95,77,29,66,17,84,14,28,63,12,48,36"/><U16/><E112/><V25/><F117/><W109/><G109/><T102/><D39/><U67/><E116/><V47/><F123/><W10/><G36/><T46/><D122/><U56/><E37/><V94/><F130/><W31/><G95/><T121/><D121/><U119/><E119/><V80/><F135/><W44/><G44/><T107/><D115/><U113/><E113/><V75/><F7/><W43/><G43/><T22/><D32/><U133/><E72/><V24/><F47/><W132/><G132/><T30/><D128/><U120/><E120/><V108/><F108/><W27/><G27/><T34/><D34/><U20/><E133/><V96/><F69/><W11/><G84/><T83/><D126/><U91/><E3/><V0/><F65/><W76/><G76/><T61/><D61/><U79/><E79/><V73/><REACH who="2" step="1"/><F80/><REACH who="2" ten="250,250,270,220" step="2"/><W5/><REACH who="3" step="1"/><G77/><AGARI ba="0,1" hai="0,1,2,24,25,73,74,75,77,82,87,90,94,96" machi="77" ten="50,8000,1" yaku="1,1,2,1,53,3" doraHai="100" doraHaiUra="35" who="2" fromWho="3" sc="250,0,250,0,270,90,220,-80" /><INIT seed="2,0,0,0,4,49" ten="250,250,360,140" oya="2" hai0="99,102,111,96,122,27,110,16,71,86,74,63,65" hai1="106,33,19,93,32,103,44,82,112,40,133,9,50" hai2="51,7,31,95,69,66,135,77,56,54,12,87,108" hai3="85,98,81,36,29,38,120,62,101,30,80,18,109"/><V13/><F135/><W84/><G109/><T37/><D74/><U73/><E112/><V0/><F108/><N who="0" m="41514" /><D122/><U78/><E106/><V89/><F31/><W11/><G120/><T107/><D37/><U24/><E133/><V132/><F132/><W4/><G62/><T35/><D96/><U26/><E9/><V20/><F20/><W83/><G18/><T118/><D118/><U97/><REACH who="1" step="1"/><E19/><REACH who="1" ten="250,240,360,140" step="2"/><V121/><F121/><W92/><G29/><N who="0" m="19903" /><D86/><U53/><E53/><V52/><F66/><W57/><G30/><T126/><D16/><U131/><E131/><V117/><F117/><W43/><G84/><T79/><D79/><U88/><E88/><V105/><F105/><W129/><G85/><T5/><D5/><U41/><E41/><V22/><F77/><W72/><G129/><T130/><D130/><U48/><E48/><V116/><F116/><W46/><G38/><T59/><D126/><U45/><E45/><V17/><F7/><W127/><G127/><T123/><D123/><U115/><E115/><V21/><F0/><W2/><REACH who="3" step="1"/><G57/><AGARI ba="0,1" hai="57,59,63,65,71,99,102,107" m="19903,41514" machi="57" ten="30,2000,0" yaku="25,1,14,1" doraHai="49" who="0" fromWho="3" sc="250,30,240,0,360,0,140,-20" /><INIT seed="3,0,0,4,5,13" ten="280,240,360,120" oya="3" hai0="78,109,81,33,63,57,48,93,15,134,92,77,121" hai1="51,56,118,36,88,111,39,115,76,99,11,66,43" hai2="1,49,3,38,75,102,69,83,64,53,108,4,61" hai3="24,112,50,40,130,20,105,5,84,62,6,59,101"/><W44/><G112/><T100/><D33/><U0/><E115/><V29/><F108/><W18/><G130/><T116/><D121/><U129/><E111/><V80/><F29/><W21/><G105/><T89/><D116/><U79/><E129/><V45/><F102/><W35/><G35/><T2/><D109/><U12/><E118/><V28/><F28/><W67/><G101/><T94/><D2/><U7/><E0/><V85/><F75/><W104/><G104/><T120/><D120/><U25/><E36/><V30/><F30/><W131/><G131/><T68/><D68/><U95/><E39/><V124/><F124/><W46/><G84/><N who="0" m="50319" /><D134/><U133/><E133/><V90/><F83/><W127/><G127/><T122/><D122/><U54/><E43/><V126/><F126/><W19/><REACH who="3" step="1"/><G46/><REACH who="3" ten="280,240,360,110" step="2"/><T58/><D100/><U32/><E32/><V16/><F4/><W117/><G117/><T65/><D15/><AGARI ba="0,1" hai="5,6,15,18,19,20,21,24,40,44,50,59,62,67" machi="15" ten="30,12000,1" yaku="1,1,7,1,8,1,52,2,53,0" doraHai="13" doraHaiUra="87" who="3" fromWho="0" sc="280,-120,240,0,360,0,110,130" /><INIT seed="3,1,0,3,4,84" ten="160,240,360,240" oya="3" hai0="113,52,87,83,96,30,37,92,45,11,27,76,16" hai1="117,79,85,69,73,26,63,56,9,25,42,81,91" hai2="126,121,49,68,64,19,33,39,54,78,70,75,80" hai3="47,74,38,10,132,114,110,111,71,13,35,72,101"/><W116/><G116/><T133/><D113/><U2/><E69/><V89/><F39/><W124/><G114/><T135/><D37/><U86/><E42/><V14/><F126/><W108/><G124/><T99/><D30/><U131/><E117/><V43/><F121/><W15/><G132/><T8/><D8/><U29/><E131/><V97/><F33/><W123/><G123/><T0/><D0/><U125/><E125/><V61/><F43/><N who="3" m="23031" /><G71/><T65/><D65/><U103/><E103/><V41/><F41/><W107/><G35/><T46/><D46/><U82/><E73/><N who="3" m="28266" /><G10/><T22/><D11/><U18/><E29/><V28/><F28/><W127/><G127/><T3/><D3/><U6/><REACH who="1" step="1"/><E18/><REACH who="1" ten="160,230,360,240" step="2"/><V95/><F68/><W36/><G36/><T105/><D105/><U118/><E118/><V94/><F19/><W31/><G31/><T32/><D32/><U34/><E34/><V130/><F130/><W129/><G129/><T48/><REACH who="0" step="1"/><D99/><AGARI ba="1,1" hai="13,15,99,101,107,108,110,111" m="28266,23031" machi="99" ten="40,3900,0" yaku="14,1,10,1" doraHai="84" who="3" fromWho="0" sc="160,-42,230,0,360,0,240,52" /><INIT seed="3,2,0,5,5,33" ten="118,230,360,292" oya="3" hai0="31,85,124,61,127,126,114,86,13,100,125,116,26" hai1="54,70,1,9,46,108,73,55,98,111,132,69,67" hai2="42,105,29,50,56,74,107,20,68,115,101,21,96" hai3="59,5,112,72,103,93,44,119,95,15,133,102,135"/><W117/><G112/><T28/><N who="0" m="32256" /><DORA hai="84" /><T63/><D116/><U60/><E132/><N who="3" m="50762" /><G72/><T65/><D114/><U97/><E73/><V8/><F68/><W48/><G59/><T80/><D100/><N who="3" m="38441" /><G117/><T38/><D38/><U99/><E70/><V121/><F121/><W78/><G78/><T43/><D43/><U16/><E46/><V77/><F107/><W51/><G51/><T123/><D123/><U23/><E9/><V82/><F8/><N who="3" m="4495" /><G119/><T12/><D65/><U66/><E1/><V27/><F115/><W49/><G49/><T14/><D26/><U30/><E30/><V90/><F20/><W106/><G106/><T104/><D104/><U37/><E67/><V17/><F29/><N who="0" m="11338" /><D80/><U130/><E37/><V22/><F22/><W91/><G95/><T92/><D92/><U89/><E130/><V122/><F122/><W52/><G93/><T88/><D88/><AGARI ba="2,0" hai="44,48,52,88,91" m="4495,38441,50762" machi="88" ten="30,12000,1" yaku="20,1,52,2,54,2" doraHai="33,84" who="3" fromWho="0" sc="118,-126,230,0,360,0,292,126" owari="-8,-51.0,230,-17.0,360,16.0,418,52.0" /></mjloggm>