<mjloggm ver="2.3"><GO type="193" lobby="0"/><UN n0="%E3%82%AA%E3%83%AA%E3%81%A6%E3%83%95%E3%83%83%E3%81%A6%E3%82%A6%E3%83%83" n1="%E3%83%88%E3%83%88%E3%83%AA%E5%85%88%E7%94%9F%31%39%E6%AD%B3" n2="%6D%6F%6E%6B" n3="%4D%69%6E%6F%4D%69%6E%6F" dan="12,11,12,12" rate="1809.66,1758.39,1674.89,1750.14" sx="M,F,M,F"/><TAIKYOKU oya="0"/><INIT seed="0,0,0,5,5,19" ten="250,250,250,250" oya="0" hai0="31,102,131,51,98,105,13,90,116,61,52,78,114" hai1="82,66,117,73,74,30,21,127,104,60,81,124,59" hai2="67,39,75,53,128,125,25,26,44,29,50,86,49" hai3="63,79,9,123,83,103,45,35,72,62,84,99,85"/><T3/><D116/><U10/><E117/><V133/><F75/><N who="1" m="28681" /><E104/><V16/><F133/><W135/><G35/><T97/><D3/><U95/><E95/><V89/><F67/><W27/><G135/><T46/><D78/><U100/><E10/><V76/><F128/><W22/><G9/><T18/><D131/><U0/><E100/><V12/><F125/><N who="1" m="48201" /><E0/><V36/><F76/><W57/><G45/><T112/><D31/><U20/><E30/><V80/><F49/><W56/><G123/><T115/><D61/><U126/><N who="1" m="48209" /><U33/><DORA hai="113" /><E33/><V34/><REACH who="2" step="1"/><F25/><REACH who="2" ten="250,250,240,250" step="2"/><W1/><G63/><T120/><D120/><U65/><E65/><V24/><F24/><W118/><G62/><T48/><D51/><U91/><E91/><V17/><F17/><W132/><G118/><T32/><D112/><U94/><E94/><V5/><F5/><W11/><G132/><T69/><D114/><U55/><E66/><V58/><F58/><W77/><G77/><T41/><D115/><U70/><E70/><V47/><F47/><W107/><G79/><T54/><D69/><U106/><E106/><V2/><F2/><W108/><G1/><T38/><D38/><U37/><E37/><V130/><F130/><W28/><G27/><T87/><D18/><U42/><E42/><V122/><F122/><W134/><G134/><T64/><D64/><U88/><E88/><V23/><AGARI ba="0,1" hai="12,16,23,26,29,34,36,39,44,50,53,80,86,89" machi="23" ten="20,12000,2" yaku="1,1,0,1,7,1,52,1,54,1,53,2" doraHai="19,113" doraHaiUra="68,92" who="2" fromWho="2" sc="250,-60,250,-30,240,130,250,-30" /><INIT seed="1,0,0,2,4,116" ten="190,220,370,220" oya="1" hai0="70,73,2,81,113,13,52,26,97,96,77,1,84" hai1="107,102,68,30,21,134,125,23,83,49,12,78,72" hai2="111,11,93,36,35,29,39,53,106,28,131,82,98" hai3="103,31,92,54,87,74,101,20,71,47,55,118,99"/><U109/><E68/><V89/><F111/><W48/><G74/><T32/><D113/><U79/><E109/><V34/><F131/><W128/><G71/><T126/><D70/><U115/><E115/><V3/><F39/><W57/><G128/><T66/><D66/><U18/><E134/><V95/><F36/><W88/><G118/><T50/><D126/><U91/><E125/><V132/><F132/><W60/><G99/><T86/><D2/><U129/><E129/><V27/><F106/><W90/><G90/><T121/><D1/><U22/><E30/><V14/><F3/><W80/><G92/><T61/><D61/><U110/><E110/><V104/><F104/><W124/><G124/><T67/><D67/><U43/><E79/><V7/><F29/><W42/><G42/><T33/><D26/><AGARI ba="0,0" hai="20,26,31,47,48,54,55,57,60,80,87,88,101,103" machi="26" ten="40,2600,0" yaku="8,1,54,1" doraHai="116" who="3" fromWho="0" sc="190,-26,220,0,370,0,220,26" /><INIT seed="2,0,0,3,3,17" ten="164,220,370,246" oya="2" hai0="49,28,86,92,62,71,59,102,1,110,73,65,103" hai1="115,20,14,21,38,26,67,91,7,111,118,32,78" hai2="128,90,117,56,76,95,93,68,133,15,63,122,113" hai3="129,83,61,6,99,8,134,0,41,72,40,24,64"/><V45/><F117/><W88/><G129/><T127/><D73/><U57/><E118/><V19/><F122/><W22/><G134/><T105/><D1/><U96/><E115/><V11/><F113/><W116/><G116/><T29/><D105/><U74/><E38/><V25/><F68/><W125/><G125/><T132/><D127/><U34/><E111/><V112/><F112/><W44/><G44/><T108/><D132/><U77/><E74/><V69/><F133/><W104/><G104/><T37/><D108/><U85/><E34/><V87/><F69/><W54/><G54/><T97/><D110/><U10/><E32/><V130/><F76/><N who="1" m="29289" /><E96/><V47/><F25/><W18/><G72/><T106/><D37/><U135/><E26/><V82/><F82/><W35/><G35/><T94/><D86/><U124/><E124/><V27/><F95/><W53/><G53/><T60/><D49/><U52/><E67/><V43/><F27/><W79/><G79/><T131/><D131/><N who="2" m="50218" /><F43/><W101/><G101/><T123/><D123/><U89/><E135/><V36/><F36/><W75/><G75/><T5/><D5/><U33/><E33/><V119/><F119/><W39/><G39/><T9/><D9/><U23/><E85/><V114/><F114/><W55/><G99/><T48/><D48/><AGARI ba="0,0" hai="7,10,14,20,21,23,48,52,57,89,91" m="29289" machi="48" ten="30,8000,1" yaku="8,1,52,3,54,1" doraHai="17" who="1" fromWho="0" sc="164,-80,220,80,370,0,246,0" /><INIT seed="3,0,0,2,1,10" ten="84,300,370,246" oya="3" hai0="115,27,57,55,76,59,77,97,72,100,133,13,101" hai1="110,135,114,47,126,122,93,42,6,22,106,130,74" hai2="91,58,102,104,16,121,75,49,25,24,56,35,112" hai3="87,7,61,3,38,120,50,132,18,80,69,105,51"/><W62/><G120/><T94/><D115/><U113/><E74/><V53/><F112/><W17/><G38/><T2/><D133/><U64/><E106/><V109/><F75/><W29/><G105/><T41/><D2/><U54/><E93/><V131/><F109/><W107/><G107/><T85/><D72/><U118/><E22/><V34/><F131/><W39/><G39/><T134/><D134/><U67/><E6/><V68/><F68/><W43/><G69/><T95/><D41/><U82/><E82/><V111/><F111/><W92/><G132/><T119/><D27/><U124/><E135/><V84/><F102/><W26/><G3/><T86/><D119/><U52/><E110/><V78/><F104/><W1/><G1/><T44/><D44/><U128/><E47/><V33/><F78/><N who="3" m="46487" /><G7/><T21/><D21/><U20/><E20/><V31/><F121/><W73/><G73/><T127/><D127/><U30/><E30/><V116/><F58/><W12/><G92/><T71/><D71/><U37/><E37/><V70/><F70/><W88/><G88/><T4/><D4/><U9/><E122/><V63/><F24/><W15/><G26/><T14/><REACH who="0" step="1"/><D55/><REACH who="0" ten="74,300,370,246" step="2"/><U96/><E9/><V79/><F116/><W0/><G0/><T125/><D125/><U129/><E129/><V83/><F35/><W60/><G29/><T32/><D32/><U11/><E11/><V36/><F34/><W28/><G28/><T23/><D23/><U65/><E118/><V19/><F36/><W81/><G43/><T123/><D123/><U45/><E42/><RYUUKYOKU ba="0,1" sc="74,30,300,-10,370,-10,246,-10" hai0="13,14,57,59,76,77,85,86,94,95,97,100,101" owari="104,-40.0,290,9.0,370,47.0,236,-16.0" /></mjloggm>