<mjloggm ver="2.3"><GO type="169" lobby="0"/><UN n0="%E3%83%84%E3%83%AC%E3%82%AA" n1="%E3%82%86%E3%81%84%E3%81%A1%E3%82%83%E3%82%93%E3%81%AE%E3%83%91%E3%83%91" n2="%E3%82%A6%E3%83%AB%E3%83%88%E3%83%A9%E7%AB%8B%E7%9B%B4" n3="%74%61%6E%61%4B%61" dan="16,17,17,16" rate="2068.99,2159.14,2140.19,2105.75" sx="M,M,M,M"/><TAIKYOKU oya="0"/><INIT seed="0,0,0,2,2,66" ten="250,250,250,250" oya="0" hai0="97,51,113,79,134,104,18,53,94,117,130,82,93" hai1="20,131,48,90,25,32,47,89,34,110,0,31,135" hai2="102,61,49,128,126,54,40,100,111,91,103,125,67" hai3="133,11,60,129,105,73,6,74,3,77,37,98,119"/><T72/><D113/><U120/><E110/><V41/><F91/><W63/><G119/><T56/><D117/><U86/><E120/><V33/><F33/><W71/><G129/><T59/><D130/><U69/><E135/><V68/><F111/><W46/><G133/><T106/><D134/><U62/><E131/><V118/><F128/><W22/><G22/><T92/><D97/><U23/><E0/><V116/><F116/><W43/><G60/><T85/><D72/><U84/><E62/><V1/><F1/><W78/><G78/><T29/><D29/><U87/><E69/><V57/><REACH who="2" step="1"/><F118/><REACH who="2" ten="250,250,240,250" step="2"/><W42/><G77/><T55/><REACH who="0" step="1"/><D18/><REACH who="0" ten="240,250,240,250" step="2"/><U83/><E34/><V107/><F107/><W132/><G132/><T80/><D80/><U114/><E83/><V7/><F7/><W88/><G105/><T19/><D19/><U14/><E32/><V127/><AGARI ba="0,2" hai="40,41,49,54,57,61,67,68,100,102,103,125,126,127" machi="127" ten="40,8000,1" yaku="1,1,0,1,18,1,52,1,53,0" doraHai="66" doraHaiUra="95" who="2" fromWho="2" sc="240,-40,250,-20,240,100,250,-20" /><INIT seed="1,0,0,5,4,114" ten="200,230,340,230" oya="1" hai0="15,36,16,42,102,124,12,127,87,64,38,41,108" hai1="107,94,89,21,132,19,84,52,86,105,103,10,83" hai2="45,14,22,11,109,66,96,4,55,93,110,7,26" hai3="40,72,30,25,115,76,130,123,57,39,17,135,47"/><U78/><E132/><V34/><F66/><W5/><G135/><T49/><D108/><N who="2" m="41578" /><F34/><W43/><G115/><T67/><D49/><U61/><E103/><V81/><F81/><W129/><G123/><T9/><D102/><U111/><E111/><V13/><F55/><W44/><G17/><T118/><D87/><U80/><E10/><N who="2" m="4295" /><F45/><W117/><G57/><T20/><D20/><U6/><E6/><V48/><F48/><W77/><G5/><T2/><D9/><U58/><REACH who="1" step="1"/><E83/><REACH who="1" ten="200,220,340,230" step="2"/><V3/><F11/><W88/><G129/><T69/><D2/><U68/><E68/><V29/><F3/><W32/><G130/><T116/><REACH who="0" step="1"/><D69/><REACH who="0" ten="190,220,340,230" step="2"/><U37/><E37/><V62/><F7/><W50/><G39/><T113/><D113/><U0/><E0/><V23/><F93/><W51/><G72/><T35/><D35/><U73/><E73/><V63/><F23/><W90/><G32/><T65/><D65/><U134/><E134/><V33/><F22/><W122/><G122/><T18/><AGARI ba="0,2" hai="12,15,16,18,36,38,41,42,64,67,116,118,124,127" machi="18" ten="25,12000,2" yaku="1,1,0,1,22,2,52,2,54,1,53,0" doraHai="114" doraHaiUra="59" who="0" fromWho="0" sc="190,140,220,-60,340,-30,230,-30" /><INIT seed="2,0,0,5,3,8" ten="330,160,310,200" oya="2" hai0="74,79,78,30,94,65,73,113,35,31,112,76,60" hai1="39,4,71,115,27,14,47,123,0,67,62,99,41" hai2="80,89,42,45,109,46,25,66,16,135,91,102,126" hai3="53,134,107,18,15,84,22,13,49,21,61,10,130"/><V117/><F117/><W37/><G37/><T29/><D35/><U12/><E115/><V98/><F135/><W59/><G134/><T125/><D94/><U43/><E123/><V20/><F126/><W88/><G107/><T85/><D85/><U1/><E43/><V77/><F109/><W101/><G101/><T83/><D125/><U36/><E36/><V48/><F66/><W56/><G130/><T50/><D50/><U124/><E124/><V32/><F32/><W51/><G22/><T100/><D100/><U24/><E99/><V75/><REACH who="2" step="1"/><F45/><REACH who="2" ten="330,160,300,200" step="2"/><W9/><G59/><T114/><D112/><U5/><E47/><V96/><F96/><W40/><G40/><T68/><D114/><U82/><E67/><V95/><AGARI ba="0,1" hai="16,20,25,42,46,48,75,77,80,89,91,95,98,102" machi="95" ten="20,7800,0" yaku="1,1,0,1,7,1,54,1,53,0" doraHai="8" doraHaiUra="120" who="2" fromWho="2" sc="330,-26,160,-26,300,88,200,-26" /><INIT seed="2,1,0,2,4,47" ten="304,134,388,174" oya="2" hai0="135,2,54,131,107,127,83,21,27,44,124,117,80" hai1="60,7,99,130,45,8,35,53,91,12,29,11,24" hai2="51,69,68,13,75,18,73,31,133,23,94,78,62" hai3="105,57,56,125,100,134,36,49,63,113,123,88,34"/><V95/><F133/><W46/><G123/><T10/><D117/><U42/><E130/><V65/><F69/><W119/><G134/><T90/><D135/><U82/><E60/><V118/><F118/><W67/><G119/><T32/><D32/><U106/><E53/><V98/><F31/><W0/><G34/><T96/><D131/><U86/><E106/><V102/><F78/><W30/><G30/><T104/><D10/><U58/><E58/><V109/><F109/><W70/><G125/><T97/><D2/><U64/><E64/><V59/><REACH who="2" step="1"/><F95/><REACH who="2" ten="304,134,378,174" step="2"/><W108/><G108/><T26/><D124/><U50/><E29/><V121/><F121/><W15/><G113/><T20/><D127/><U3/><E35/><V37/><F37/><W52/><G36/><T87/><D107/><U116/><E116/><V1/><F1/><W66/><G0/><T111/><D104/><U72/><E3/><V101/><F101/><W85/><G100/><T48/><D111/><U89/><E89/><V61/><F61/><N who="3" m="38191" /><G105/><T5/><D90/><U22/><E91/><V122/><F122/><W9/><G70/><T126/><D126/><U6/><E6/><V28/><F28/><W38/><G38/><T71/><D5/><U19/><E7/><V120/><F120/><W4/><G88/><N who="0" m="51303" /><D71/><U103/><E103/><V55/><AGARI ba="1,1" hai="13,18,23,51,55,59,62,65,68,73,75,94,98,102" machi="55" ten="30,6000,0" yaku="1,1,0,1,52,1,53,0" doraHai="47" doraHaiUra="84" who="2" fromWho="2" sc="304,-21,134,-21,378,73,174,-21" /><INIT seed="2,2,0,4,0,59" ten="283,113,451,153" oya="2" hai0="67,18,17,51,65,118,109,82,46,16,41,121,95" hai1="60,86,74,64,58,40,122,113,126,4,27,93,32" hai2="6,29,125,102,52,12,9,88,134,53,79,133,124" hai3="20,42,23,2,97,26,14,66,44,131,72,96,28"/><V85/><F102/><W3/><G72/><T117/><D109/><U110/><E113/><V8/><F79/><W123/><G123/><T33/><D33/><U21/><E110/><V91/><F29/><W94/><G131/><T83/><D121/><U114/><E114/><V103/><F103/><W135/><G135/><N who="2" m="51721" /><F9/><W15/><G66/><N who="0" m="25099" /><D95/><U99/><E126/><N who="2" m="48747" /><F91/><W80/><G80/><AGARI ba="2,0" hai="6,8,12,52,53,80,85,88" m="48747,51721" machi="80" ten="30,11600,0" yaku="20,1,18,1,54,2" doraHai="59" who="2" fromWho="3" sc="283,0,113,0,451,122,153,-122" /><INIT seed="2,3,0,4,5,96" ten="283,113,573,31" oya="2" hai0="86,77,97,98,49,59,68,73,11,30,89,29,58" hai1="18,22,5,10,125,87,110,100,117,4,85,109,19" hai2="74,31,133,105,42,41,38,95,26,94,116,70,14" hai3="93,103,0,50,101,46,83,121,124,23,113,122,107"/><V21/><F116/><W99/><G0/><T3/><D68/><U108/><E117/><V120/><F120/><W53/><G124/><T79/><D3/><U25/><E125/><V47/><F74/><W7/><G7/><T27/><D11/><U56/><E56/><N who="0" m="21545" /><D73/><U55/><E55/><V88/><F133/><W48/><G113/><T60/><D49/><U28/><E4/><V61/><F105/><W51/><G51/><T6/><D6/><U127/><E100/><V130/><F130/><W123/><G48/><T63/><D98/><U32/><E127/><V91/><F42/><W112/><G112/><T119/><D97/><U36/><E36/><V111/><F111/><W126/><G126/><T132/><D132/><U80/><E32/><V82/><F91/><W106/><G103/><T75/><D75/><U64/><E64/><V84/><REACH who="2" step="1"/><F14/><REACH who="2" ten="283,113,563,31" step="2"/><W43/><G43/><T24/><D119/><U35/><E108/><V16/><F16/><W54/><G53/><T57/><D30/><U135/><E135/><V92/><F92/><W1/><G1/><T33/><D29/><U15/><E110/><V78/><F78/><W67/><G67/><AGARI ba="3,1" hai="21,26,31,38,41,47,61,67,70,82,84,88,94,95" machi="67" ten="40,3900,0" yaku="1,1,54,1,53,0" doraHai="96" doraHaiUra="128" who="2" fromWho="3" sc="283,0,113,0,563,58,31,-48" owari="283,8.0,113,-29.0,621,73.0,-17,-52.0" /></mjloggm>