<mjloggm ver="2.3"><GO type="169" lobby="0"/><UN n0="%E3%81%8F%E3%82%89%E3%81%BE%E3%82%82%E3%82%93" n1="%E3%83%96%E3%83%A9%E3%83%95%E3%83%BB%4E%61%76%69" n2="%E5%B0%B1%E6%B4%BB%E7%94%9F%40%E5%B7%9D%E6%9D%91%E8%BB%8D%E5%9B%A3" n3="%E3%80%90%E3%81%A1%E3%82%85%E3%81%AE%E3%81%A0%E3%80%91" dan="16,17,16,16" rate="2048.61,2187.19,2062.15,2091.74" sx="M,M,M,M"/><TAIKYOKU oya="0"/><INIT seed="0,0,0,5,3,23" ten="250,250,250,250" oya="0" hai0="122,72,40,67,50,76,88,65,131,57,25,37,9" hai1="63,132,10,94,112,54,103,56,71,44,7,84,126" hai2="102,100,32,51,58,104,34,135,95,66,78,6,92" hai3="27,26,119,114,87,118,116,41,36,96,117,99,98"/><T24/><D122/><U77/><E132/><V5/><F135/><W93/><G114/><T59/><D131/><U113/><E126/><V47/><F78/><W75/><G75/><T91/><D37/><U46/><E71/><V20/><F104/><W12/><N who="3" m="29696" /><DORA hai="42" /><W19/><G41/><T13/><D76/><U15/><E113/><V85/><F66/><N who="0" m="25098" /><D72/><U49/><E49/><V68/><F58/><N who="0" m="22026" /><D50/><U121/><E121/><V82/><F68/><W55/><G55/><T79/><D79/><U101/><E112/><V21/><F51/><W128/><G128/><T3/><D3/><U17/><E7/><V105/><F105/><W108/><G36/><T111/><D111/><U60/><E60/><V133/><F133/><W70/><G70/><T125/><D40/><U45/><E94/><V115/><F115/><W2/><G2/><T127/><D127/><U31/><REACH who="1" step="1"/><E31/><REACH who="1" ten="250,240,250,250" step="2"/><V53/><F95/><W39/><G39/><T86/><D125/><U22/><E22/><V38/><F92/><W1/><G108/><T33/><D33/><U48/><E48/><V11/><F38/><W8/><REACH who="3" step="1"/><G1/><REACH who="3" ten="250,240,250,240" step="2"/><T83/><D91/><AGARI ba="0,2" hai="8,12,19,26,27,87,91,93,96,98,99" m="29696" machi="91" ten="70,8000,1" yaku="1,1,2,1,52,2,53,0" doraHai="23,42" doraHaiUra="18,130" who="3" fromWho="0" sc="250,-80,240,0,250,0,240,100" /><INIT seed="1,0,0,2,0,43" ten="170,240,250,340" oya="1" hai0="57,60,35,45,29,120,38,18,63,127,71,97,101" hai1="117,26,86,11,98,115,16,125,90,124,54,94,126" hai2="104,81,67,106,61,49,110,89,93,14,0,7,118" hai3="77,9,82,50,64,40,122,37,19,100,108,22,91"/><U84/><E117/><V51/><F0/><W69/><G122/><T133/><D120/><U1/><E115/><V2/><F2/><W132/><G37/><T92/><D127/><U3/><E84/><V10/><F110/><W32/><G32/><T42/><D133/><U103/><E54/><V31/><F31/><W55/><G40/><T75/><D75/><U111/><E111/><V74/><F118/><W66/><G69/><T129/><D129/><U85/><E85/><V41/><F81/><W134/><G91/><T116/><D116/><U48/><E48/><V39/><F74/><N who="3" m="43319" /><G9/><T27/><D71/><U17/><E17/><V119/><F39/><W23/><G100/><T79/><D79/><U4/><E4/><V34/><F34/><W114/><G114/><T102/><D102/><U109/><E109/><V121/><F121/><W58/><G108/><T107/><D107/><U80/><REACH who="1" step="1"/><E26/><REACH who="1" ten="170,230,250,340" step="2"/><V105/><F119/><W56/><G19/><T12/><REACH who="0" step="1"/><D57/><REACH who="0" ten="160,230,250,340" step="2"/><U99/><E99/><V131/><F131/><W96/><G96/><T123/><D123/><U128/><E128/><V87/><REACH who="2" step="1"/><F41/><REACH who="2" ten="160,230,240,340" step="2"/><W95/><G134/><T46/><D46/><U53/><E53/><V88/><F88/><W78/><G132/><T44/><D44/><U83/><E83/><V68/><AGARI ba="0,3" hai="7,10,14,49,51,61,67,68,87,89,93,104,105,106" machi="68" ten="30,2000,0" yaku="1,1,0,1,53,0" doraHai="43" doraHaiUra="28" who="2" fromWho="2" sc="160,-5,230,-10,240,50,340,-5" /><INIT seed="2,0,0,5,5,6" ten="155,220,290,335" oya="2" hai0="62,128,93,35,49,10,124,11,91,68,54,84,76" hai1="58,117,112,92,69,99,37,7,133,8,119,101,109" hai2="5,28,63,3,24,44,26,47,55,9,1,115,125" hai3="66,80,27,73,90,72,134,129,22,31,34,123,79"/><V98/><F115/><W51/><G123/><T39/><D35/><U25/><E69/><V48/><F125/><W120/><G120/><T19/><D39/><U33/><E112/><V103/><F26/><W81/><G129/><T110/><D110/><U127/><E127/><V60/><F44/><W56/><G134/><T12/><D124/><U46/><E133/><V64/><F3/><W38/><G38/><T20/><D76/><U114/><E109/><V50/><F50/><W108/><G108/><T53/><D128/><U89/><E58/><V126/><F64/><W29/><G34/><T23/><D23/><U86/><E114/><V106/><REACH who="2" step="1"/><F126/><REACH who="2" ten="155,220,280,335" step="2"/><W111/><G66/><T2/><D2/><U70/><E37/><V0/><F0/><W41/><G27/><T77/><D77/><U82/><E46/><V40/><F40/><W97/><G51/><T83/><D83/><U107/><E119/><V85/><F85/><W75/><G41/><T45/><D54/><U116/><E82/><V18/><F18/><W105/><G80/><T32/><D32/><AGARI ba="0,1" hai="1,5,9,24,28,32,47,48,55,60,63,98,103,106" machi="32" ten="30,5800,0" yaku="1,1,7,1,52,1,53,0" doraHai="6" doraHaiUra="17" who="2" fromWho="0" sc="155,-58,220,0,280,68,335,0" /><INIT seed="2,1,0,3,4,129" ten="97,220,348,335" oya="2" hai0="119,103,66,57,23,126,104,19,29,118,64,114,71" hai1="30,95,121,58,87,4,73,10,82,135,2,54,39" hai2="32,111,90,125,99,11,97,3,15,5,128,89,49" hai3="86,26,107,106,131,85,22,47,41,44,92,78,84"/><V0/><F128/><W91/><G131/><T1/><D114/><U74/><E121/><V72/><F32/><W83/><G85/><T134/><D126/><U70/><E70/><V102/><F72/><W14/><G14/><T61/><D1/><U98/><E39/><V105/><F125/><W59/><G59/><T110/><D110/><U25/><E95/><V46/><F111/><W51/><G47/><T122/><D122/><U60/><E98/><V76/><F76/><W31/><AGARI ba="1,0" hai="22,26,31,41,44,51,78,83,84,86,91,92,106,107" machi="31" ten="20,1500,0" yaku="0,1,7,1" doraHai="129" who="3" fromWho="3" sc="97,-5,220,-5,348,-8,335,18" /><INIT seed="3,0,0,3,4,7" ten="92,215,340,353" oya="3" hai0="103,63,78,108,134,53,69,126,21,50,39,38,0" hai1="83,42,59,43,20,51,130,60,124,135,13,128,85" hai2="90,11,95,104,5,6,125,45,55,68,2,17,27" hai3="76,57,44,133,131,18,29,14,25,94,122,132,64"/><W26/><G122/><T67/><D108/><U88/><E124/><V12/><F104/><W119/><G119/><T47/><D0/><U120/><E120/><V1/><F68/><W121/><G121/><T112/><D103/><U111/><E111/><V15/><F125/><W22/><G131/><N who="1" m="50218" /><E51/><V110/><F110/><W79/><G44/><T37/><D78/><U102/><E102/><V72/><F72/><W8/><G94/><T23/><D126/><U97/><E97/><V74/><F74/><W19/><G64/><T30/><D30/><U109/><E135/><N who="3" m="51786" /><G57/><T123/><D123/><U40/><E109/><V70/><F70/><W116/><G116/><T106/><D106/><U114/><E114/><V118/><F118/><W16/><G19/><T28/><D28/><U89/><E89/><V32/><F45/><W107/><G107/><T105/><D105/><U86/><E86/><V3/><F55/><W46/><G46/><T82/><D134/><U24/><E42/><V58/><F58/><W71/><G71/><T10/><D112/><U129/><E129/><V41/><F41/><W33/><AGARI ba="0,0" hai="8,14,16,18,22,25,26,29,33,76,79" m="51786" machi="33" ten="30,6000,0" yaku="20,1,52,1,54,1" doraHai="7" who="3" fromWho="3" sc="92,-20,215,-20,340,-20,353,60" /><INIT seed="3,1,0,3,4,54" ten="72,195,320,413" oya="3" hai0="122,55,52,60,114,4,86,72,97,124,25,71,104" hai1="102,105,106,47,132,61,95,128,109,94,117,14,80" hai2="39,42,89,121,107,41,21,99,68,116,62,33,112" hai3="49,98,23,46,120,10,38,45,118,79,88,58,78"/><W28/><G118/><T90/><D122/><U35/><E117/><V93/><F33/><W44/><G38/><T75/><D124/><U16/><E35/><V135/><F112/><W30/><G10/><T48/><D114/><U84/><E109/><V8/><F135/><W83/><G120/><T20/><D4/><U13/><E132/><V56/><F68/><W12/><G12/><T96/><D55/><U18/><E128/><V53/><F39/><W22/><G22/><T110/><D110/><U1/><E1/><V36/><F36/><W127/><G127/><T9/><D9/><U108/><E108/><V26/><F107/><W32/><G32/><T85/><D86/><U7/><E7/><V34/><F34/><W126/><G126/><T19/><D60/><U3/><E3/><V17/><F121/><W115/><G115/><T131/><D71/><U91/><E47/><V59/><F8/><W6/><G6/><T101/><D97/><U69/><E69/><V73/><F73/><W0/><G0/><T64/><D64/><U2/><E61/><N who="2" m="35983" /><F116/><W40/><G45/><T81/><REACH who="0" step="1"/><D131/><REACH who="0" ten="62,195,320,413" step="2"/><U5/><E5/><V77/><F77/><W29/><G79/><T125/><D125/><U63/><E63/><V66/><AGARI ba="1,1" hai="17,21,26,41,42,59,62,66,89,93,99" m="35983" machi="66" ten="30,7900,0" yaku="25,1,8,1,52,2" doraHai="54" who="2" fromWho="2" sc="62,-21,195,-21,320,92,413,-40" /><INIT seed="4,0,0,5,3,101" ten="41,174,412,373" oya="0" hai0="75,58,111,105,118,16,18,95,40,27,132,38,133" hai1="82,92,121,39,50,79,116,7,131,110,54,52,36" hai2="49,91,89,80,37,56,60,84,64,4,68,5,42" hai3="57,103,34,44,113,8,12,100,15,117,108,107,73"/><T98/><D118/><U109/><E116/><V97/><F37/><W99/><G108/><T47/><D75/><U93/><E121/><V9/><F68/><W81/><G117/><T48/><D111/><U32/><E32/><V78/><F97/><W129/><G34/><T61/><D38/><U122/><E122/><V66/><F66/><W119/><G119/><T104/><D27/><U55/><E50/><V41/><F5/><W125/><G113/><T123/><D123/><U90/><E55/><V135/><F135/><N who="0" m="51786" /><D18/><U72/><E7/><V77/><F77/><W63/><G73/><T19/><D19/><U45/><E79/><V23/><F23/><W71/><G8/><T65/><D16/><U115/><E72/><V14/><F42/><W85/><G12/><T69/><D69/><U62/><E36/><V128/><F128/><W2/><G15/><T106/><D95/><U46/><E93/><V127/><F127/><W35/><G71/><T70/><D70/><U134/><E92/><V10/><F9/><W87/><G129/><T53/><D98/><U130/><E39/><V24/><F24/><W124/><G99/><T102/><D102/><U126/><E131/><V33/><F33/><W1/><G100/><T76/><D76/><U21/><E130/><V112/><F112/><W43/><G103/><T94/><D94/><U96/><E115/><V17/><F17/><W20/><G125/><T28/><D28/><U22/><E126/><V6/><F6/><W59/><G124/><T67/><AGARI ba="0,0" hai="40,47,48,53,58,61,65,67,104,105,106" m="51786" machi="67" ten="40,12000,1" yaku="20,1,52,3" doraHai="101" who="0" fromWho="0" sc="41,120,174,-40,412,-40,373,-40" /><INIT seed="4,1,0,1,0,110" ten="161,134,372,333" oya="0" hai0="10,83,113,80,40,108,71,27,9,92,52,95,5" hai1="122,87,33,129,22,75,120,67,134,74,101,88,56" hai2="48,85,17,7,58,51,78,130,13,117,109,100,59" hai3="23,25,45,116,61,0,4,29,125,47,76,70,124"/><T53/><D71/><U63/><E33/><V15/><F109/><W112/><G116/><T30/><D40/><U46/><E129/><V82/><F130/><W123/><G76/><T18/><D18/><U135/><E101/><V21/><F117/><W64/><G123/><N who="1" m="47146" /><E46/><N who="3" m="17418" /><G4/><T34/><D108/><U55/><E22/><V91/><F100/><W31/><G0/><T102/><D10/><U103/><E103/><V57/><F78/><W19/><G112/><T107/><D113/><U106/><E67/><V50/><F7/><W6/><G6/><T84/><D107/><U11/><E11/><V14/><AGARI ba="1,0" hai="13,14,15,17,21,48,50,51,57,58,59,82,85,91" machi="14" ten="40,2700,0" yaku="0,1,8,1" doraHai="110" who="2" fromWho="2" sc="161,-14,134,-8,372,30,333,-8" /><INIT seed="5,0,0,5,4,133" ten="147,126,402,325" oya="1" hai0="114,98,108,36,46,105,13,81,131,66,123,61,101" hai1="7,35,62,135,51,19,38,44,8,41,132,64,70" hai2="121,125,118,127,31,117,11,97,0,84,37,96,47" hai3="24,32,12,15,23,63,1,5,129,120,40,50,6"/><U53/><E35/><V48/><F37/><W79/><G79/><T10/><D108/><U119/><E19/><V55/><F31/><N who="3" m="19559" /><G63/><T29/><D114/><U22/><E22/><V68/><F68/><W80/><G80/><T58/><D131/><U90/><E90/><V57/><F121/><W60/><G60/><T71/><D29/><U91/><E91/><V16/><F84/><W9/><G50/><T17/><D123/><U3/><REACH who="1" step="1"/><E119/><REACH who="1" ten="147,116,402,325" step="2"/><V85/><F16/><W59/><G120/><T78/><D17/><U109/><E109/><V104/><F117/><W77/><G129/><T102/><D102/><U75/><E75/><V33/><F118/><W49/><G6/><T67/><D78/><U76/><E76/><V95/><F33/><W2/><G77/><T42/><D81/><U30/><E30/><V94/><F11/><W115/><G9/><T112/><D10/><U25/><E25/><V93/><F96/><W74/><G74/><T20/><D20/><U69/><E69/><V52/><F85/><W126/><G5/><T27/><D27/><U128/><E128/><V113/><F113/><W83/><G83/><T34/><D112/><U4/><E4/><V54/><F0/><W14/><G115/><T72/><D34/><U45/><AGARI ba="0,1" hai="3,7,8,38,41,44,45,51,53,62,64,70,132,135" machi="45" ten="30,3000,0" yaku="1,1,0,1,53,0" doraHai="133" doraHaiUra="87" who="1" fromWho="1" sc="147,-10,116,40,402,-10,325,-10" /><INIT seed="5,1,0,3,5,2" ten="137,156,392,315" oya="1" hai0="28,52,45,53,24,23,61,3,123,20,13,1,17" hai1="86,133,59,35,50,12,58,32,31,29,26,68,83" hai2="120,73,76,118,65,93,19,82,107,111,85,44,128" hai3="96,51,106,131,46,62,39,72,97,71,75,55,34"/><U112/><E68/><V115/><F107/><W25/><G131/><T108/><D108/><U21/><E112/><V99/><F111/><W63/><G39/><T114/><D114/><U103/><E103/><V124/><F124/><W7/><G7/><T16/><D123/><U125/><E125/><V113/><F120/><W129/><G129/><T41/><D28/><U101/><E101/><V78/><F65/><W135/><G135/><T6/><D6/><U33/><E133/><V27/><F118/><W10/><G10/><T14/><D24/><U40/><E31/><V87/><F44/><W18/><G63/><T104/><D104/><U69/><E69/><V57/><F57/><N who="3" m="35135" /><G34/><T134/><D134/><U37/><E37/><V64/><F27/><W109/><G75/><T84/><D84/><U38/><E38/><V4/><F19/><W5/><G5/><T126/><D126/><U95/><E95/><V89/><F4/><W43/><G72/><T88/><D88/><U56/><E12/><V105/><F64/><W36/><G71/><T48/><D61/><U0/><E0/><AGARI ba="1,0" hai="0,1,3,13,14,16,17,20,23,41,45,48,52,53" machi="0" ten="40,5200,0" yaku="9,1,54,2" doraHai="2" who="0" fromWho="1" sc="137,55,156,-55,392,0,315,0" /><INIT seed="6,0,0,5,1,31" ten="192,101,392,315" oya="2" hai0="114,71,67,20,40,44,21,36,47,19,62,88,6" hai1="82,72,32,60,46,94,3,95,64,80,61,104,111" hai2="28,76,34,93,79,90,120,131,65,25,10,108,135" hai3="69,16,73,59,55,129,58,84,54,87,106,35,9"/><V1/><F120/><W22/><G69/><T96/><D114/><U45/><E64/><V97/><F108/><W4/><G73/><T11/><D44/><U2/><E72/><V134/><F65/><W5/><G106/><T41/><D41/><U15/><E15/><V91/><F131/><W42/><G42/><T121/><D121/><U26/><E26/><V43/><F43/><W92/><G129/><T81/><D19/><U53/><E53/><N who="3" m="19978" /><G35/><T7/><D7/><N who="3" m="2633" /><G9/><T89/><D89/><U52/><E52/><V105/><F1/><W98/><G84/><T126/><D126/><U127/><E104/><V51/><F10/><W107/><G87/><T12/><D81/><U123/><E123/><V78/><F51/><W132/><G107/><T124/><D124/><U75/><E75/><V125/><F125/><W8/><G8/><T33/><D33/><U23/><E23/><V112/><F112/><W109/><G132/><N who="2" m="50729" /><F105/><W77/><G77/><N who="2" m="19713" /><V13/><DORA hai="133" /><F13/><N who="3" m="9487" /><G109/><T115/><REACH who="0" step="1"/><D115/><REACH who="0" ten="182,101,392,315" step="2"/><U116/><E127/><V48/><F48/><W56/><G56/><T102/><D102/><AGARI ba="0,1" hai="25,28,34,90,91,93,97,102" m="19713,50729" machi="102" ten="40,3900,0" yaku="20,1,52,1" doraHai="31,133" who="2" fromWho="0" sc="182,-39,101,0,392,49,315,0" /><AGARI ba="0,0" hai="58,59,92,98,102" m="9487,2633,19978" machi="102" ten="30,2000,0" yaku="8,1,54,1" doraHai="31,133" who="3" fromWho="0" sc="143,-20,101,0,441,0,315,20" /><INIT seed="6,1,0,0,1,42" ten="123,101,441,335" oya="2" hai0="115,97,81,45,112,105,99,38,11,89,104,18,114" hai1="28,3,46,73,23,131,24,92,103,41,21,54,17" hai2="14,82,71,47,88,37,48,36,51,116,79,120,25" hai3="119,50,109,133,59,135,87,78,129,126,96,74,43"/><V102/><F120/><W16/><G119/><T10/><D10/><U85/><E73/><V128/><F71/><W86/><G109/><T53/><D11/><U107/><E107/><N who="0" m="41033" /><D18/><U44/><E3/><V2/><F2/><W91/><G126/><T15/><D15/><U127/><E127/><V68/><F102/><W39/><G129/><T63/><D63/><U110/><E131/><V4/><F128/><W35/><G35/><T58/><D38/><U32/><E110/><V75/><F68/><W118/><G118/><T67/><D45/><N who="1" m="17515" /><E32/><V62/><F51/><W124/><G16/><T5/><D5/><U61/><E41/><V22/><F62/><W76/><G43/><T13/><D13/><N who="1" m="9391" /><E85/><V122/><F37/><W56/><G86/><N who="0" m="50383" /><D67/><U130/><E130/><V106/><F36/><W27/><G39/><T132/><D132/><U31/><E31/><V94/><F106/><W84/><G124/><T0/><D0/><U121/><E121/><V9/><F122/><W100/><G135/><T1/><D1/><U111/><E111/><V70/><F70/><W60/><G133/><T108/><D108/><U12/><E12/><V125/><F125/><W134/><G134/><T30/><D30/><U90/><E103/><V29/><F116/><W19/><G100/><T7/><D7/><U80/><E80/><V113/><F113/><W83/><G83/><T98/><D53/><U34/><E34/><V123/><F123/><W64/><G19/><T77/><D58/><N who="1" m="35031" /><E90/><V65/><F65/><W40/><G91/><T69/><D69/><U26/><E26/><V49/><F25/><RYUUKYOKU ba="1,0" sc="123,15,101,15,441,-15,335,-15" hai0="77,97,98,99,112,114,115" hai1="23,24,28,92" /><INIT seed="7,2,0,3,5,111" ten="138,116,426,320" oya="3" hai0="82,115,3,40,112,65,134,121,130,62,14,68,90" hai1="51,113,97,101,23,4,21,41,72,128,78,11,69" hai2="132,2,67,55,24,9,127,94,126,80,36,57,100" hai3="37,0,53,49,52,133,12,88,114,59,20,48,91"/><W66/><G0/><T87/><D121/><U81/><E69/><V13/><F36/><W104/><G37/><T38/><D3/><U10/><E128/><V103/><F2/><W5/><G104/><T92/><D130/><U129/><E129/><V32/><F67/><W84/><G133/><T118/><D118/><U89/><E89/><V73/><F94/><N who="3" m="54535" /><G66/><T77/><D134/><U105/><E113/><N who="0" m="43593" /><D14/><U75/><E75/><V116/><F116/><W117/><G114/><T74/><D38/><U22/><REACH who="1" step="1"/><E4/><REACH who="1" ten="138,106,426,320" step="2"/><V95/><F73/><W43/><G117/><T26/><D26/><U28/><E28/><V109/><F24/><W60/><G91/><T35/><D40/><U46/><AGARI ba="2,1" hai="10,11,21,22,23,41,46,51,72,78,81,97,101,105" machi="46" ten="30,2000,0" yaku="1,1,0,1,53,0" doraHai="111" doraHaiUra="110" who="1" fromWho="1" sc="138,-7,106,36,426,-7,320,-12" owari="131,-37.0,142,-26.0,419,52.0,308,11.0" /></mjloggm>