<mjloggm ver="2.3"><GO type="41" lobby="0"/><UN n0="%E2%98%85%4D%45%4C%4C%E2%98%85" n1="%E3%82%8F%E3%81%8C%E5%90%8D%E3%81%AF%E3%81%A9%E3%82%89%E3%81%A9%E3%82%89" n2="%E5%B0%B1%E6%B4%BB%E7%94%9F%40%E5%B7%9D%E6%9D%91%E8%BB%8D%E5%9B%A3" n3="%6D%61%73%6D%6F%6E" dan="14,15,14,13" rate="1928.03,2010.96,1978.22,1891.31" sx="M,M,M,M"/><TAIKYOKU oya="0"/><INIT seed="0,0,0,4,5,67" ten="250,250,250,250" oya="0" hai0="89,75,73,62,122,18,103,80,36,124,54,78,118" hai1="7,22,116,33,134,35,3,127,81,85,110,101,117" hai2="87,84,106,129,69,44,74,77,39,25,34,86,60" hai3="5,88,97,79,20,41,135,49,1,58,91,19,128"/><T51/><D122/><U126/><E101/><V8/><F129/><W32/><G135/><T38/><D118/><N who="1" m="45675" /><E85/><V119/><F119/><W53/><G128/><T23/><D124/><N who="1" m="47659" /><E81/><V114/><F114/><W104/><G32/><N who="1" m="12362" /><E22/><V12/><F106/><W52/><G104/><T42/><D103/><U30/><E30/><V15/><F34/><W59/><G79/><T125/><D125/><U93/><E93/><V121/><F121/><W10/><G41/><T26/><D42/><U45/><E45/><V56/><F44/><W102/><G102/><T108/><D75/><U63/><E63/><V94/><F94/><W24/><REACH who="3" step="1"/><G97/><REACH who="3" ten="250,250,250,240" step="2"/><T133/><D133/><U47/><E134/><V107/><F77/><W50/><AGARI ba="0,1" hai="1,5,10,19,20,24,49,50,52,53,58,59,88,91" machi="50" ten="20,12000,2" yaku="1,1,2,1,0,1,7,1,9,1,54,2,53,0" doraHai="67" doraHaiUra="76" who="3" fromWho="3" sc="250,-60,250,-30,250,-30,240,130" /><INIT seed="1,0,0,5,5,69" ten="190,220,220,370" oya="1" hai0="83,80,76,6,47,66,7,51,10,82,89,111,101" hai1="42,62,88,44,22,55,40,46,112,3,14,41,5" hai2="30,116,113,133,54,121,15,63,135,58,81,36,27" hai3="120,98,72,115,110,29,23,79,108,85,59,4,33"/><U34/><E34/><V125/><F116/><W100/><G120/><T43/><D66/><U74/><E74/><V18/><F121/><W94/><G115/><T107/><D111/><N who="3" m="42537" /><G4/><T8/><D107/><U57/><E112/><V68/><F113/><W126/><G126/><T21/><D101/><U37/><E3/><V56/><F125/><W129/><G129/><T1/><D89/><U91/><E41/><V97/><F68/><W45/><G33/><T124/><D21/><U50/><REACH who="1" step="1"/><E22/><REACH who="1" ten="190,210,220,370" step="2"/><V67/><F133/><W95/><G72/><T61/><D124/><U128/><E128/><V52/><F135/><W0/><G0/><T104/><D1/><U25/><E25/><V132/><F27/><N who="3" m="16639" /><G45/><T103/><D47/><U130/><E130/><V84/><F132/><W117/><G117/><T12/><D43/><U87/><E87/><V32/><F84/><W102/><G85/><T39/><D82/><U64/><E64/><V92/><F81/><W106/><G79/><T53/><D83/><U109/><E109/><V119/><F67/><W90/><G106/><T78/><D80/><U13/><E13/><V28/><F15/><W48/><G95/><T70/><D12/><U134/><E134/><V71/><F92/><W24/><G24/><T73/><D76/><U75/><E75/><V65/><F32/><W122/><G122/><T16/><D73/><U77/><E77/><V127/><F127/><W105/><G105/><T31/><D78/><U38/><E38/><V9/><F36/><W118/><G118/><T114/><D39/><U93/><E93/><V17/><F119/><RYUUKYOKU ba="0,1" sc="190,-15,210,15,220,-15,370,15" hai1="5,14,37,40,42,44,46,50,55,57,62,88,91" hai3="48,59,90,94,98,100,102" /><INIT seed="1,1,1,2,5,73" ten="175,225,205,385" oya="1" hai0="109,85,55,117,97,65,42,106,12,99,1,25,58" hai1="95,68,36,83,45,76,105,90,129,74,52,16,5" hai2="31,32,43,82,112,56,57,21,113,47,54,22,18" hai3="10,103,98,46,86,115,51,131,70,59,9,27,91"/><U19/><E129/><V101/><F32/><W94/><G115/><N who="2" m="44105" /><F101/><W92/><G131/><T121/><D121/><U122/><E68/><V4/><F4/><W72/><G70/><T69/><D117/><U126/><E122/><V53/><F31/><W71/><G71/><T87/><D1/><U77/><E126/><V38/><F82/><W110/><G110/><T34/><D42/><U64/><E64/><V133/><F133/><W17/><G72/><T128/><D128/><U33/><E33/><V50/><F18/><N who="1" m="6697" /><E36/><V13/><F13/><W81/><G59/><T11/><D58/><U80/><E105/><V15/><F15/><W75/><G27/><T41/><D25/><U125/><E125/><V107/><F107/><W130/><G130/><T24/><D24/><U124/><E5/><V6/><F6/><W49/><G17/><T116/><D65/><U119/><E119/><V67/><F67/><W44/><G75/><T20/><D116/><U78/><E74/><V89/><F89/><W28/><G28/><T100/><D69/><U3/><E3/><V0/><F0/><W88/><G81/><N who="1" m="31306" /><E124/><V118/><F118/><W135/><G135/><T114/><D34/><U79/><E79/><V48/><AGARI ba="1,1" hai="21,22,38,43,47,48,50,53,54,56,57" m="44105" machi="48" ten="30,1100,0" yaku="11,1" doraHai="73" who="2" fromWho="2" sc="175,-4,225,-6,205,24,385,-4" /><INIT seed="2,0,0,1,0,40" ten="171,219,229,381" oya="2" hai0="3,64,123,15,103,57,28,8,105,58,39,16,109" hai1="60,33,12,133,78,77,67,134,13,111,131,20,81" hai2="97,82,36,52,22,126,1,87,5,135,17,101,23" hai3="88,130,6,18,98,94,74,55,54,34,59,2,73"/><V65/><F36/><W62/><G130/><T49/><D123/><U121/><E121/><V85/><F65/><W47/><G34/><T115/><D115/><U44/><E33/><V119/><F119/><W19/><G73/><T114/><D114/><U122/><E122/><V108/><F135/><N who="1" m="51721" /><E131/><V29/><F126/><W37/><G74/><T70/><D70/><N who="1" m="42343" /><E111/><V42/><F42/><W38/><G38/><T129/><D129/><U31/><E31/><V71/><F71/><W91/><G91/><T50/><D39/><U7/><E20/><V0/><F108/><W118/><G118/><T128/><D28/><U113/><E113/><V11/><F0/><W63/><G37/><T132/><D3/><U76/><E81/><V124/><F124/><W127/><G127/><T68/><D109/><U46/><E13/><V10/><F29/><W107/><G107/><T99/><D128/><U100/><E100/><V30/><F30/><W45/><G2/><T9/><D132/><U104/><E104/><V92/><F11/><AGARI ba="0,0" hai="7,11,12,44,46,76,77,78" m="42343,51721" machi="11" ten="30,3900,0" yaku="20,1,52,2" doraHai="40" who="1" fromWho="2" sc="171,0,219,39,229,-39,381,0" /><INIT seed="3,0,0,0,5,0" ten="171,258,190,381" oya="3" hai0="32,30,120,15,66,97,135,107,13,114,78,73,89" hai1="124,109,38,51,44,34,62,67,31,75,127,98,131" hai2="85,84,100,113,53,10,1,52,21,90,106,112,121" hai3="128,115,103,92,63,11,101,134,24,59,46,39,60"/><W104/><G115/><T91/><D120/><U94/><E75/><V4/><F121/><W132/><G104/><T82/><D114/><U6/><E109/><V95/><F84/><W76/><G76/><T29/><D135/><N who="3" m="51753" /><G39/><T9/><D32/><U37/><E6/><V57/><F53/><N who="3" m="33903" /><G46/><T3/><D3/><U74/><E74/><V72/><F72/><W108/><G24/><T110/><D66/><U28/><E131/><V93/><F106/><W42/><G42/><T43/><D43/><N who="1" m="24991" /><E37/><V41/><F41/><W125/><G125/><N who="1" m="48202" /><E38/><V19/><F100/><N who="3" m="38475" /><G128/><T14/><D110/><U86/><E98/><V61/><REACH who="2" step="1"/><F95/><REACH who="2" ten="171,258,180,381" step="2"/><W22/><G92/><T87/><D107/><U40/><E40/><V123/><F123/><W48/><G108/><T56/><D73/><U70/><E34/><V12/><AGARI ba="0,1" hai="1,4,10,12,19,21,52,57,61,85,90,93,112,113" machi="12" ten="20,8000,1" yaku="1,1,0,1,7,1,52,1,54,1,53,0" doraHai="0" doraHaiUra="79" who="2" fromWho="2" sc="171,-20,258,-20,180,90,381,-40" /><INIT seed="4,0,0,0,0,23" ten="151,238,270,341" oya="0" hai0="76,19,7,114,55,52,42,21,91,113,2,43,70" hai1="54,122,126,51,24,62,83,48,58,17,59,47,106" hai2="109,133,18,101,69,78,56,89,84,53,123,94,87" hai3="45,96,111,4,31,99,129,44,11,120,65,130,117"/><T37/><D70/><U72/><E122/><V135/><F69/><W100/><G117/><T124/><D76/><U88/><E126/><V67/><F67/><W49/><G120/><T97/><D124/><U33/><E106/><V32/><F32/><W60/><G111/><T92/><D2/><U82/><E72/><V116/><F116/><W90/><G31/><T128/><D7/><U108/><E108/><V80/><F109/><W8/><G4/><T95/><D128/><N who="3" m="49257" /><G90/><T46/><D43/><U85/><E82/><V36/><F36/><W34/><G34/><T121/><D121/><U71/><E71/><V50/><F123/><W13/><G13/><T125/><D125/><U115/><E115/><N who="0" m="44041" /><D95/><U104/><E104/><V98/><REACH who="2" step="1"/><F18/><REACH who="2" ten="151,238,260,341" step="2"/><W81/><G65/><T131/><D131/><U75/><E33/><V14/><F14/><AGARI ba="0,1" hai="14,19,21,37,42,46,52,55,91,92,97" m="44041" machi="14" ten="30,2900,0" yaku="15,1,54,1" doraHai="23" who="0" fromWho="2" sc="151,39,238,0,260,-29,341,0" /><INIT seed="4,1,0,3,4,55" ten="190,238,231,341" oya="0" hai0="126,71,64,36,5,87,128,134,13,14,76,100,28" hai1="95,54,10,42,8,113,120,44,90,1,111,39,104" hai2="25,50,2,132,43,131,73,99,109,30,72,35,114" hai3="52,97,118,123,89,74,127,105,47,59,108,6,3"/><T11/><D36/><U34/><E120/><V18/><F109/><W61/><G108/><T119/><D119/><U88/><E111/><V129/><F2/><W85/><G118/><T53/><D100/><U49/><E113/><V68/><F68/><W56/><G123/><T92/><D28/><U110/><E110/><V38/><F114/><W102/><G74/><T122/><D122/><U77/><E104/><V103/><F132/><W60/><G127/><T62/><D134/><U84/><E34/><V82/><F18/><W106/><G47/><T29/><D29/><U66/><E77/><V117/><F117/><W101/><G3/><T51/><D126/><U98/><E66/><V112/><F112/><W17/><G17/><T135/><D135/><U15/><E1/><V4/><F4/><W22/><G22/><T67/><D67/><U115/><E115/><V83/><F83/><W20/><G20/><T80/><D128/><N who="2" m="49226" /><F82/><W94/><G6/><T81/><D81/><U40/><E39/><V69/><F69/><W46/><G46/><T24/><D92/><N who="1" m="54279" /><E15/><V12/><F12/><W65/><G101/><T27/><REACH who="0" step="1"/><D14/><REACH who="0" ten="180,238,231,341" step="2"/><U96/><E96/><V31/><F31/><W33/><G33/><T79/><D79/><U70/><E70/><V93/><F38/><W0/><G0/><T125/><D125/><U23/><E95/><AGARI ba="1,1" hai="52,56,59,60,61,65,85,89,94,95,97,102,105,106" machi="95" ten="30,7700,0" yaku="7,1,52,2,54,1" doraHai="55" who="3" fromWho="1" sc="180,0,238,-80,231,0,341,90" /><INIT seed="5,0,0,3,2,85" ten="180,158,231,431" oya="1" hai0="20,110,27,82,71,92,54,2,91,70,93,18,87" hai1="97,14,69,23,118,100,80,122,40,79,47,0,67" hai2="89,29,74,31,30,9,45,8,68,73,109,4,3" hai3="38,116,102,111,13,88,130,129,5,7,106,99,11"/><U83/><E122/><V21/><F109/><W66/><G111/><T101/><D2/><U15/><E118/><V98/><F68/><W119/><G38/><T135/><D110/><U72/><E0/><V81/><F21/><W124/><G66/><T37/><D37/><U41/><E41/><V32/><F32/><W19/><G124/><T28/><D135/><U43/><E43/><V17/><F45/><W108/><G108/><T52/><D71/><U55/><E55/><N who="0" m="21033" /><D70/><U104/><E80/><V10/><F17/><W94/><G5/><T36/><D36/><U22/><E22/><V60/><F60/><W76/><G76/><T1/><D1/><U133/><E133/><V49/><F49/><W34/><G34/><T127/><D127/><U16/><E67/><V12/><F3/><W57/><G57/><T114/><D114/><U63/><E63/><V53/><F53/><W6/><G6/><T59/><D59/><U117/><E69/><V61/><F61/><W115/><G115/><T42/><D42/><U48/><REACH who="1" step="1"/><E117/><REACH who="1" ten="180,148,231,431" step="2"/><N who="3" m="45130" /><G7/><T103/><D82/><U95/><E95/><N who="2" m="56687" /><F73/><W33/><G33/><T35/><D93/><U84/><E84/><AGARI ba="0,1" hai="11,13,19,84,88,94,99,102,106,129,130" m="45130" machi="84" ten="30,3900,0" yaku="12,1,52,1,54,1" doraHai="85" who="3" fromWho="1" sc="180,0,148,-39,231,0,431,49" /><INIT seed="6,0,0,0,0,62" ten="180,109,231,480" oya="2" hai0="43,80,77,30,81,113,26,104,101,64,59,10,2" hai1="99,125,38,110,19,95,82,66,46,96,93,28,48" hai2="24,135,39,58,103,105,50,70,130,16,132,23,86" hai3="55,18,74,76,22,117,83,112,51,27,119,128,15"/><V56/><F70/><W40/><G128/><T98/><D43/><U14/><E125/><V131/><F39/><W35/><G112/><T36/><D36/><U87/><E110/><V73/><F73/><W126/><G126/><T53/><D113/><U29/><E38/><V75/><F75/><W129/><G129/><N who="2" m="49161" /><F86/><W122/><G122/><T41/><D41/><U89/><E66/><V133/><F50/><W42/><G119/><T17/><D80/><U65/><E65/><V92/><F105/><W1/><G1/><T134/><D134/><U33/><E33/><V124/><F124/><W116/><G117/><T4/><D17/><U67/><E67/><V8/><F8/><W97/><G97/><AGARI ba="0,0" hai="16,23,24,56,58,92,97,103,132,133,135" m="49161" machi="97" ten="40,7700,0" yaku="20,1,19,1,54,1" doraHai="62" who="2" fromWho="3" sc="180,0,109,0,231,77,480,-77" /><INIT seed="6,1,0,1,5,74" ten="180,109,308,403" oya="2" hai0="11,15,54,25,36,99,105,91,130,5,43,120,116" hai1="55,12,46,53,92,57,67,129,104,90,111,134,64" hai2="75,87,132,65,23,112,78,63,123,40,106,22,79" hai3="76,108,128,86,19,44,2,70,115,1,21,68,62"/><V125/><F123/><W119/><G119/><T6/><D120/><U10/><E104/><V51/><F75/><W30/><G108/><T117/><D130/><U103/><E134/><V28/><F106/><W38/><G115/><T72/><D72/><U42/><E129/><V88/><F112/><W69/><G128/><T9/><D36/><U18/><E111/><V84/><F132/><W133/><G133/><T122/><D43/><U77/><E103/><V3/><F3/><W37/><G30/><T24/><D122/><U58/><E77/><N who="2" m="29195" /><F125/><W41/><G38/><T0/><D105/><U52/><E57/><N who="2" m="37103" /><F28/><W66/><G86/><N who="2" m="32809" /><F88/><W45/><G76/><T102/><D91/><U71/><E71/><V135/><F135/><W20/><G44/><AGARI ba="1,0" hai="22,23,40,44,51" m="32809,37103,29195" machi="44" ten="30,11600,0" yaku="8,1,52,3" doraHai="74" who="2" fromWho="3" sc="180,0,109,0,308,119,403,-119" /><INIT seed="6,2,0,5,4,67" ten="180,109,427,284" oya="2" hai0="112,108,59,121,90,117,109,15,100,42,2,87,86" hai1="107,32,65,30,7,66,82,25,132,97,85,81,101" hai2="39,38,128,99,77,17,102,119,135,21,111,9,131" hai3="18,5,20,14,105,51,124,118,127,22,98,104,13"/><V57/><F119/><W83/><G118/><T110/><D2/><U89/><E132/><V16/><F77/><W114/><G114/><T91/><D42/><U44/><E7/><V61/><F135/><W8/><G83/><T106/><D117/><U41/><REACH who="1" step="1"/><E82/><REACH who="1" ten="180,99,427,284" step="2"/><V28/><F128/><W69/><G105/><T23/><D112/><U84/><E84/><V24/><F131/><W45/><G104/><T26/><D121/><U79/><E79/><V19/><F111/><W93/><G22/><T43/><D106/><U74/><E74/><V3/><F3/><W0/><G13/><T80/><D15/><U88/><E88/><V113/><F113/><W33/><G33/><T71/><D100/><U48/><AGARI ba="2,1" hai="25,30,32,41,44,48,65,66,81,85,89,97,101,107" machi="48" ten="20,5200,0" yaku="1,1,0,1,7,1,53,1" doraHai="67" doraHaiUra="103" who="1" fromWho="1" sc="180,-15,99,68,427,-28,284,-15" /><INIT seed="7,0,0,0,5,132" ten="165,167,399,269" oya="3" hai0="92,11,122,6,20,111,80,32,95,48,21,9,18" hai1="19,14,66,130,68,113,28,126,120,103,55,44,110" hai2="94,42,54,51,60,40,58,57,90,78,87,84,23" hai3="89,115,4,49,38,91,117,41,118,98,116,50,119"/><W109/><N who="3" m="30208" /><DORA hai="124" /><W70/><G70/><T39/><D39/><U72/><E72/><V67/><F23/><N who="0" m="8778" /><D32/><U8/><E120/><V7/><F7/><W64/><G64/><T121/><D121/><U10/><E126/><V3/><F3/><W108/><G4/><T36/><D36/><U69/><E130/><V97/><F78/><W74/><G74/><T1/><D1/><U30/><E110/><N who="3" m="42602" /><G98/><T27/><D111/><U59/><E113/><V56/><F56/><W112/><G91/><T107/><D107/><U37/><E103/><V82/><F82/><W73/><G73/><T88/><D122/><U77/><E77/><V102/><F90/><W31/><G31/><T29/><D6/><U71/><E66/><V79/><F79/><W13/><G13/><N who="0" m="7471" /><D11/><U43/><REACH who="1" step="1"/><E8/><REACH who="1" ten="165,157,399,269" step="2"/><V105/><F105/><W129/><G129/><T17/><D48/><AGARI ba="0,1" hai="10,14,19,28,30,37,43,44,48,55,59,68,69,71" machi="48" ten="40,2600,0" yaku="1,1,2,1,53,0" doraHai="132,124" doraHaiUra="34,35" who="1" fromWho="0" sc="165,-26,157,36,399,0,269,0" owari="139,-36.0,193,-21.0,399,50.0,269,7.0" /></mjloggm>