<mjloggm ver="2.3"><GO type="41" lobby="0"/><UN n0="%E4%B8%80%E6%9C%A8%E4%B8%80%E6%A8%B9" n1="%E5%A4%9A%E7%99%BA%E3%81%99%E3%82%8B%E4%B8%80%E7%99%BA" n2="%E3%83%88%E3%83%88%E3%83%AA%E5%85%88%E7%94%9F%31%39%E6%AD%B3" n3="%EF%BC%93%E9%80%B1%E9%96%93%40%76%69%70" dan="14,14,15,15" rate="1880.22,1811.23,2038.04,1960.02" sx="M,F,F,M"/><TAIKYOKU oya="0"/><INIT seed="0,0,0,4,4,108" ten="250,250,250,250" oya="0" hai0="83,104,85,50,48,80,0,38,75,70,106,33,4" hai1="133,98,125,96,63,42,130,112,29,90,47,17,107" hai2="28,8,73,127,30,46,116,6,36,123,97,12,40" hai3="25,118,57,102,78,120,45,92,32,27,35,86,132"/><T22/><D38/><U18/><E133/><V43/><F123/><W21/><G118/><T53/><D33/><U64/><E130/><V115/><F115/><W91/><G120/><T66/><D75/><U114/><E125/><V126/><F73/><W55/><G132/><T59/><D0/><U79/><E79/><V9/><F116/><W121/><G121/><T100/><D4/><U119/><E119/><V14/><F97/><N who="1" m="37481" /><E107/><V69/><F69/><W74/><G102/><T72/><D72/><U88/><E29/><V122/><F122/><W67/><G27/><T99/><D106/><U58/><E18/><V110/><F110/><W5/><G5/><T1/><D1/><U24/><E24/><V26/><F43/><W117/><G117/><T134/><D134/><U84/><E17/><N who="2" m="8327" /><F26/><W39/><G39/><T56/><D22/><U81/><E81/><V105/><F105/><W10/><G10/><T44/><D70/><U61/><E61/><V95/><F95/><W135/><G135/><T52/><REACH who="0" step="1"/><D85/><REACH who="0" ten="240,250,250,250" step="2"/><U23/><E84/><V129/><F129/><W124/><G74/><T2/><D2/><U49/><E23/><V131/><F131/><W82/><G35/><T13/><D13/><U62/><E62/><AGARI ba="0,1" hai="44,48,50,52,53,56,59,62,66,80,83,99,100,104" machi="62" ten="40,3900,0" yaku="1,1,54,1,53,0" doraHai="108" doraHaiUra="113" who="0" fromWho="1" sc="240,49,250,-39,250,0,250,0" /><INIT seed="0,1,0,5,2,31" ten="289,211,250,250" oya="0" hai0="84,36,61,89,80,79,42,131,74,56,65,86,112" hai1="135,12,106,118,73,57,107,72,41,15,77,102,47" hai2="134,64,111,25,58,23,115,105,71,126,83,30,69" hai3="7,124,13,75,119,92,14,39,5,8,60,90,33"/><T85/><D112/><U45/><E118/><V59/><F115/><W40/><G119/><T9/><D131/><U51/><E135/><V94/><F105/><W101/><G75/><T4/><D42/><U76/><E107/><V82/><F134/><W1/><G33/><T50/><D50/><U128/><E73/><V32/><F111/><W48/><G39/><T96/><D96/><U38/><E128/><V54/><F126/><W22/><G101/><T95/><REACH who="0" step="1"/><D36/><REACH who="0" ten="279,211,250,250" step="2"/><U123/><E41/><V44/><F44/><W49/><G49/><T81/><D81/><U127/><E38/><V17/><F83/><W35/><G48/><T104/><D104/><U3/><E51/><V98/><F82/><W55/><G40/><T121/><D121/><U132/><E47/><V110/><F110/><W6/><G92/><T26/><D26/><U66/><E45/><V20/><F94/><W88/><G60/><T19/><D19/><U108/><E106/><V87/><F98/><W91/><G124/><T53/><D53/><U70/><E108/><V133/><F17/><W27/><G55/><T113/><D113/><U116/><E116/><V10/><F54/><W100/><G27/><T93/><D93/><U117/><E117/><V122/><F25/><W28/><G28/><T21/><D21/><U120/><E127/><V24/><F24/><W62/><G22/><T109/><D109/><U78/><E123/><V18/><F30/><W130/><G130/><T125/><D125/><U114/><E120/><V103/><F122/><W67/><G62/><T52/><D52/><U129/><E114/><RYUUKYOKU ba="1,1" sc="279,30,211,-10,250,-10,250,-10" hai0="4,9,56,61,65,74,79,80,84,85,86,89,95" /><INIT seed="0,2,1,2,5,84" ten="309,201,240,240" oya="0" hai0="7,81,70,100,101,59,41,43,103,55,53,117,109" hai1="75,133,105,132,17,29,45,4,97,20,102,54,47" hai2="48,34,66,2,16,91,90,76,13,5,64,42,89" hai3="134,57,24,72,107,0,92,3,25,56,9,98,116"/><T128/><D117/><U119/><E75/><V51/><F34/><W36/><G116/><T69/><D128/><U52/><E119/><V96/><F2/><W114/><G114/><T122/><D122/><U86/><E29/><V80/><F5/><W106/><G72/><T85/><D109/><U135/><E4/><V27/><F27/><W115/><G115/><T74/><D74/><U108/><E108/><V26/><F26/><W112/><G112/><T50/><D7/><U99/><E99/><V58/><F96/><W93/><G36/><T82/><D82/><U124/><E86/><N who="2" m="48391" /><F42/><W88/><G9/><T60/><D70/><U129/><E129/><V33/><F33/><W30/><G30/><T130/><D130/><U63/><E124/><V46/><F46/><N who="1" m="17417" /><E63/><N who="2" m="38007" /><F66/><W79/><G98/><T37/><D37/><U67/><E67/><V32/><F32/><W35/><G35/><T65/><REACH who="0" step="1"/><D55/><REACH who="0" ten="299,201,240,240" step="2"/><U121/><E121/><V10/><AGARI ba="2,2" hai="10,13,16,48,51,89,90,91" m="38007,48391" machi="10" ten="30,8000,1" yaku="8,1,52,3,54,1" doraHai="84" who="2" fromWho="2" sc="299,-42,201,-22,240,106,240,-22" /><INIT seed="1,0,0,4,5,44" ten="257,179,346,218" oya="1" hai0="123,43,131,16,47,125,61,3,26,51,33,38,109" hai1="93,6,32,102,58,84,99,54,20,69,11,59,24" hai2="76,113,80,87,46,9,117,97,116,14,39,94,1" hai3="55,90,63,91,126,120,106,7,107,67,25,28,4"/><U82/><E32/><V45/><F1/><W19/><G120/><T112/><D112/><U64/><E69/><V122/><F122/><W50/><G107/><T103/><D123/><U95/><E64/><V70/><F70/><W30/><G106/><T81/><D109/><U124/><E124/><V49/><F39/><W75/><G75/><T119/><D119/><U85/><E95/><V132/><F46/><W129/><G126/><T65/><D125/><U34/><E34/><V53/><F132/><W23/><G129/><T42/><D131/><U48/><E59/><V21/><F21/><W73/><G73/><T134/><D134/><U110/><E82/><V52/><F53/><W37/><G37/><T13/><D3/><U104/><E104/><V79/><F79/><W111/><G111/><T71/><D103/><U27/><E110/><V86/><F86/><W68/><G4/><T2/><D2/><U83/><E83/><V121/><F113/><W60/><G7/><T128/><D128/><U92/><E92/><V36/><F36/><W22/><G63/><T72/><D72/><U77/><E77/><V41/><F41/><W57/><REACH who="3" step="1"/><G30/><REACH who="3" ten="257,179,346,208" step="2"/><T78/><D38/><U17/><REACH who="1" step="1"/><E27/><AGARI ba="0,1" hai="19,22,23,25,27,28,50,55,57,60,67,68,90,91" machi="27" ten="30,7700,0" yaku="1,1,2,1,7,1,52,1,53,0" doraHai="44" doraHaiUra="100" who="3" fromWho="1" sc="257,0,179,-77,346,0,208,87" /><INIT seed="2,0,0,4,5,76" ten="257,102,346,295" oya="2" hai0="86,114,125,85,50,132,111,6,18,119,98,129,96" hai1="92,39,121,1,28,14,110,71,2,103,120,78,7" hai2="68,41,19,115,126,36,122,3,33,12,102,127,13" hai3="84,117,65,81,90,62,108,52,57,30,47,70,135"/><V112/><F68/><W97/><G117/><T91/><D6/><U10/><E71/><V100/><F41/><W94/><G108/><T133/><D18/><U106/><E39/><V34/><F19/><W9/><G135/><N who="0" m="51787" /><D50/><U74/><E106/><V130/><F36/><W116/><G116/><T61/><D61/><U22/><E74/><V20/><F20/><W77/><G30/><T15/><D15/><N who="2" m="5706" /><F130/><W80/><G9/><T54/><D54/><U128/><E128/><V37/><F37/><W49/><G70/><T45/><D45/><U24/><E78/><V29/><F29/><W38/><G38/><T25/><D25/><U101/><E92/><V113/><F122/><N who="1" m="47209" /><E103/><N who="2" m="39467" /><F3/><N who="1" m="1033" /><E101/><V73/><F73/><W31/><G31/><T8/><D119/><U11/><E11/><V44/><F44/><W67/><G67/><T26/><D8/><U5/><E5/><V46/><F46/><W88/><G77/><T23/><D111/><AGARI ba="0,0" hai="7,10,14,22,24,28,110,111" m="1033,47209" machi="111" ten="40,5200,0" yaku="13,1,34,2" doraHai="76" who="1" fromWho="0" sc="257,-52,102,52,346,0,295,0" /><INIT seed="3,0,0,1,1,71" ten="205,154,346,295" oya="3" hai0="79,5,65,56,10,98,8,63,84,121,12,131,120" hai1="57,28,2,47,129,74,14,52,59,55,31,123,24" hai2="13,19,38,134,27,25,37,42,132,97,22,54,107" hai3="39,105,66,81,100,83,32,91,7,67,4,88,53"/><W80/><G32/><T133/><D131/><U29/><E74/><V110/><F110/><W118/><G118/><T115/><D115/><U51/><E123/><V106/><F42/><W50/><G105/><N who="2" m="39945" /><F97/><W96/><G39/><N who="2" m="14857" /><F54/><W117/><G117/><T17/><D133/><AGARI ba="0,0" hai="13,19,22,25,27,132,133,134" m="14857,39945" machi="133" ten="40,8000,1" yaku="20,1,52,3" doraHai="71" who="2" fromWho="0" sc="205,-80,154,0,346,80,295,0" /><INIT seed="4,0,0,0,1,35" ten="125,154,426,295" oya="0" hai0="51,83,70,24,0,13,110,106,58,42,96,125,19" hai1="103,91,131,46,52,121,22,76,111,9,117,5,32" hai2="60,113,105,21,114,127,34,112,93,120,115,40,90" hai3="37,67,14,135,25,87,73,53,134,80,47,65,49"/><T36/><D70/><U116/><E32/><V79/><F120/><W94/><G37/><T123/><D123/><U122/><E131/><V104/><F34/><W27/><G14/><T16/><D125/><U30/><E122/><V74/><F127/><W17/><G94/><T2/><D110/><U43/><E121/><V4/><F113/><W129/><G73/><T71/><D71/><U132/><E132/><N who="3" m="50730" /><G129/><T102/><D36/><U57/><E111/><V82/><F40/><W72/><G72/><T6/><D6/><U26/><E103/><V33/><F33/><W48/><G48/><T118/><D118/><U3/><E91/><V97/><F60/><W98/><G98/><T86/><D24/><N who="3" m="9289" /><G17/><T109/><D109/><U101/><E101/><V56/><F21/><W119/><G119/><T133/><D133/><U107/><E76/><AGARI ba="0,0" hai="47,49,53,65,67,76,80,87" m="9289,50730" machi="76" ten="30,1000,0" yaku="20,1" doraHai="35" who="3" fromWho="1" sc="125,0,154,-10,426,0,295,10" /><INIT seed="5,0,0,2,5,88" ten="125,144,426,305" oya="1" hai0="34,12,38,48,65,121,32,23,63,123,98,76,26" hai1="11,99,71,104,130,51,45,87,2,85,77,66,103" hai2="122,95,75,9,60,132,20,36,89,50,74,5,73" hai3="106,57,52,67,134,93,55,24,49,46,43,29,119"/><U59/><E71/><V109/><F109/><W33/><G106/><T14/><D38/><U90/><E130/><V105/><F122/><N who="0" m="46602" /><D76/><U6/><E66/><V35/><F105/><W27/><G134/><T84/><D48/><U78/><E59/><V13/><F35/><N who="0" m="13354" /><D84/><U53/><REACH who="1" step="1"/><E87/><REACH who="1" ten="125,134,426,305" step="2"/><V56/><F74/><W68/><G68/><N who="0" m="42047" /><D98/><U91/><E91/><V80/><F89/><W39/><G67/><T129/><D129/><U19/><E19/><AGARI ba="0,1" hai="12,14,19,23,26" m="42047,13354,46602" machi="19" ten="30,1000,0" yaku="13,1" doraHai="88" who="0" fromWho="1" sc="125,20,134,-10,426,0,305,0" /><INIT seed="6,0,0,2,4,6" ten="145,124,426,305" oya="2" hai0="64,104,102,44,60,91,66,101,23,1,51,72,128" hai1="130,65,105,26,100,45,68,90,3,88,13,127,120" hai2="77,37,92,10,63,35,73,133,33,112,43,74,76" hai3="52,78,54,9,121,83,131,111,125,97,80,55,113"/><V27/><F112/><W94/><G113/><T24/><D128/><U96/><E3/><V0/><F133/><W12/><G131/><T135/><D135/><U34/><E130/><V42/><F92/><W40/><G111/><T71/><D1/><U22/><E127/><V62/><F0/><W5/><G121/><T115/><D115/><U41/><E120/><V67/><F27/><W132/><G132/><T124/><D124/><U75/><E75/><V28/><F67/><W15/><G125/><T70/><D72/><U30/><E34/><V107/><F37/><W79/><G40/><T2/><D2/><U53/><E53/><V109/><F28/><W93/><G15/><T85/><D104/><U126/><E126/><V47/><F47/><W18/><G18/><T95/><D70/><U106/><E106/><V14/><F14/><W118/><G118/><T46/><D46/><U17/><E65/><N who="0" m="25193" /><D60/><U32/><REACH who="1" step="1"/><E68/><REACH who="1" ten="145,114,426,305" step="2"/><V61/><F107/><W59/><G59/><T39/><D71/><U48/><AGARI ba="0,1" hai="13,17,22,26,30,32,41,45,48,88,90,96,100,105" machi="48" ten="20,12000,2" yaku="1,1,2,1,0,1,7,1,54,1,53,2" doraHai="6" doraHaiUra="86" who="1" fromWho="1" sc="145,-30,114,130,426,-60,305,-30" /><INIT seed="7,0,0,3,4,108" ten="115,244,366,275" oya="3" hai0="65,54,36,132,70,1,9,122,131,5,2,93,95" hai1="10,128,68,121,124,86,135,114,15,13,76,130,97" hai2="11,18,63,73,75,90,118,16,35,56,84,57,89" hai3="43,39,94,91,44,113,25,3,53,107,64,105,77"/><W81/><G64/><T55/><D122/><U111/><E68/><V109/><F109/><W49/><G3/><T102/><D36/><U17/><E111/><V83/><F118/><W123/><G25/><T125/><D131/><N who="1" m="50219" /><E97/><V30/><F73/><W103/><G103/><T112/><D132/><U110/><E110/><V8/><F75/><W101/><G101/><T106/><D102/><U58/><E135/><V66/><F30/><W33/><G33/><T82/><D125/><U51/><E124/><V48/><F35/><W32/><G32/><T22/><D22/><N who="1" m="11567" /><E121/><V52/><F89/><W26/><G123/><T117/><D117/><U47/><E58/><V134/><F134/><W19/><G107/><T28/><D28/><U126/><E126/><V72/><F72/><W50/><G105/><T115/><D82/><N who="1" m="47431" /><E51/><V41/><F41/><W60/><G50/><T71/><D106/><U24/><E24/><V59/><F59/><W85/><G39/><T99/><D99/><U31/><E31/><V67/><F67/><W45/><G45/><T133/><D65/><U34/><E34/><V46/><F46/><W37/><G37/><T87/><D133/><U0/><E0/><V119/><F119/><W100/><G100/><T20/><D20/><U92/><E92/><V78/><F78/><W88/><G94/><T40/><D40/><U127/><E127/><V12/><F8/><W74/><G74/><T79/><D9/><U120/><E120/><V4/><AGARI ba="0,0" hai="4,11,12,16,18,48,52,56,57,63,66,83,84,90" machi="4" ten="20,8000,1" yaku="0,1,7,1,8,1,54,2" doraHai="108" who="2" fromWho="2" sc="115,-20,244,-20,366,80,275,-40" owari="95,-40.0,224,-18.0,446,54.0,235,4.0" /></mjloggm>