<mjloggm ver="2.3"><GO type="97" lobby="0"/><UN n0="%E3%81%95%E3%81%95%E3%81%BF%EF%BC%A0%E5%B7%9D%E6%9D%91%E8%BB%8D%E5%9B%A3" n1="%E3%83%88%E3%83%88%E3%83%AA%E5%85%88%E7%94%9F%31%39%E6%AD%B3" n2="%E3%82%89%E3%81%99%E3%81%A1%E3%82%83%E3%82%93%E9%9B%80%E5%A3%AB" n3="%E7%9C%9F%E9%BE%8D" dan="15,13,13,15" rate="1986.48,2045.25,1942.44,1997.60" sx="M,F,F,F"/><TAIKYOKU oya="0"/><INIT seed="0,0,0,1,4,83" ten="250,250,250,250" oya="0" hai0="41,96,133,122,29,97,124,112,74,11,123,103,76" hai1="77,17,115,15,127,111,65,67,8,59,116,71,19" hai2="94,10,24,68,6,46,113,125,98,52,45,101,79" hai3="14,56,62,109,54,110,61,120,106,53,25,69,102"/><T12/><D133/><U50/><E116/><V78/><F125/><W107/><G25/><T81/><D124/><U126/><E71/><V27/><F113/><W92/><G120/><T87/><D112/><U108/><E115/><V20/><F68/><W90/><G14/><T135/><D135/><U26/><E77/><V80/><F27/><W132/><G132/><T33/><D33/><U13/><E26/><V23/><F23/><W85/><G102/><T9/><D29/><U34/><E50/><N who="2" m="28751" /><F46/><W82/><G82/><T0/><D41/><U18/><E18/><N who="2" m="12311" /><F80/><W22/><G22/><T104/><D74/><U129/><E59/><V99/><F99/><W64/><REACH who="3" step="1"/><G54/><REACH who="3" ten="250,250,250,240" step="2"/><T31/><D81/><U4/><E126/><V128/><F128/><W57/><G57/><T72/><D123/><U100/><E129/><V39/><F101/><W93/><G93/><T75/><D103/><U60/><E100/><V134/><F94/><W44/><G44/><T88/><D122/><U43/><E127/><V3/><F134/><W47/><G47/><T118/><D72/><U51/><E13/><V49/><F3/><W86/><G86/><T105/><D87/><U58/><E15/><V2/><F2/><W84/><G84/><T95/><D0/><U1/><E1/><V119/><F119/><W37/><G37/><T130/><D118/><U91/><E58/><V35/><F39/><W48/><G48/><T36/><D130/><U28/><E51/><V38/><F49/><W63/><G63/><T32/><D36/><U131/><E60/><V114/><F38/><W42/><G42/><RYUUKYOKU ba="0,1" sc="250,-10,250,-10,250,-10,240,30" hai3="53,56,61,62,64,69,85,90,92,106,107,109,110" /><INIT seed="1,1,1,4,2,33" ten="240,240,240,270" oya="1" hai0="46,8,87,134,34,62,111,70,7,30,40,32,88" hai1="117,83,29,57,1,79,122,109,121,124,73,9,100" hai2="13,39,65,135,16,106,94,43,44,53,116,54,86" hai3="17,67,129,61,58,80,59,77,115,4,105,92,52"/><U38/><E117/><V82/><F116/><W48/><G115/><T14/><D111/><U20/><E124/><V45/><F106/><W93/><G129/><T110/><D110/><U18/><E109/><V12/><F12/><W132/><G132/><T102/><D134/><U69/><E69/><V50/><F135/><W125/><G125/><T56/><D70/><U123/><E29/><V114/><F114/><W22/><G4/><T133/><D102/><U55/><E100/><V63/><F94/><W26/><REACH who="3" step="1"/><G105/><REACH who="3" ten="240,240,240,260" step="2"/><T28/><D133/><U27/><E123/><V112/><F112/><W97/><G97/><T120/><D120/><U31/><E122/><V19/><F19/><W66/><G66/><T127/><D127/><U24/><E121/><V42/><F16/><W90/><G90/><T36/><D34/><U60/><E31/><V84/><F65/><W49/><G49/><T47/><D32/><U11/><E38/><V104/><F104/><W85/><AGARI ba="1,2" hai="17,22,26,48,52,58,59,61,67,77,80,85,92,93" machi="85" ten="20,12000,2" yaku="1,1,0,1,7,1,8,1,54,1,53,1" doraHai="33" doraHaiUra="75" who="3" fromWho="3" sc="240,-31,240,-61,240,-31,260,143" /><INIT seed="2,0,0,2,3,76" ten="209,179,209,403" oya="2" hai0="46,87,105,115,99,98,43,101,135,82,18,79,58" hai1="33,25,1,117,128,17,62,104,53,66,54,124,60" hai2="42,45,48,95,49,109,83,68,7,113,38,72,27" hai3="114,36,50,133,3,74,14,9,125,123,132,10,41"/><V6/><F113/><W64/><G114/><T80/><D135/><N who="3" m="51785" /><G123/><T75/><D115/><U92/><E117/><V44/><F68/><W19/><G125/><T94/><D18/><U90/><E104/><V35/><F109/><W15/><G36/><T116/><D116/><U103/><E1/><V93/><F38/><W69/><G74/><T108/><D108/><U30/><E124/><V86/><F72/><W85/><G85/><T37/><D58/><U131/><E17/><V52/><F27/><W51/><G41/><T56/><D56/><U120/><E120/><V29/><F29/><W106/><G106/><T97/><REACH who="0" step="1"/><D105/><REACH who="0" ten="199,179,209,403" step="2"/><U32/><E128/><V20/><F44/><W81/><G69/><T12/><D12/><U73/><E131/><V26/><F45/><W88/><G3/><T57/><D57/><U63/><E66/><V21/><F26/><W23/><G64/><T31/><D31/><U96/><E32/><V110/><F35/><W118/><G118/><T112/><D112/><U55/><REACH who="1" step="1"/><E73/><REACH who="1" ten="199,169,209,403" step="2"/><V71/><F110/><W91/><G19/><T134/><D134/><U129/><E129/><V5/><F5/><W34/><G34/><T122/><D122/><U70/><E70/><V13/><F71/><W77/><G15/><T65/><D65/><U24/><E24/><V78/><F13/><W84/><G14/><T4/><D4/><U61/><N who="1" m="15360" /><DORA hai="102" /><U127/><E127/><V100/><F6/><W39/><G9/><T111/><D111/><U28/><E28/><V47/><F7/><W119/><G10/><T121/><D121/><U16/><E16/><RYUUKYOKU ba="0,2" sc="199,15,169,15,209,-15,403,-15" hai0="37,43,46,75,79,80,82,87,94,97,98,99,101" hai1="25,30,33,53,54,55,90,92,96,103" /><INIT seed="3,1,2,5,4,67" ten="214,184,194,388" oya="3" hai0="51,102,132,133,125,25,52,93,77,39,79,69,91" hai1="122,41,87,113,63,45,13,36,94,2,53,97,28" hai2="4,107,109,12,37,78,72,59,5,3,70,43,88" hai3="110,92,0,46,135,27,29,108,57,6,117,118,80"/><W71/><G135/><N who="0" m="51787" /><D125/><U62/><E122/><V64/><F107/><W100/><G80/><T26/><D39/><U119/><E113/><V89/><F3/><W84/><G57/><N who="0" m="32927" /><D69/><U56/><E2/><V103/><F103/><W112/><G71/><T114/><D102/><U105/><E105/><V19/><F109/><N who="3" m="42091" /><G46/><T22/><D114/><U96/><E119/><V82/><F37/><W50/><G50/><T86/><D26/><U18/><E28/><AGARI ba="1,2" hai="22,25,28,77,79,86,91,93" m="32927,51787" machi="28" ten="30,2000,0" yaku="20,1,54,1" doraHai="67" who="0" fromWho="1" sc="214,43,184,-23,194,0,388,0" owari="257,6.0,161,-34.0,194,-21.0,388,49.0" /></mjloggm>