<mjloggm ver="2.3"><GO type="97" lobby="0"/><UN n0="%73%69%6E%65%68%69%6D%65" n1="%E3%83%88%E3%83%88%E3%83%AA%E5%85%88%E7%94%9F%31%39%E6%AD%B3" n2="%E6%9F%B3%E3%81%AB%E7%95%AA%E5%82%98" n3="%65%37%69%34%37%75%36" dan="13,15,16,13" rate="2000.84,2049.66,2058.00,1943.64" sx="F,F,M,M"/><TAIKYOKU oya="0"/><INIT seed="0,0,0,5,3,131" ten="250,250,250,250" oya="0" hai0="125,89,24,49,73,5,22,90,1,56,38,18,8" hai1="0,111,127,62,33,79,67,106,128,80,126,83,9" hai2="14,46,31,39,58,26,45,47,66,54,93,17,98" hai3="81,72,2,107,91,132,70,94,71,87,50,122,118"/><T13/><D38/><U92/><E106/><V78/><F78/><W133/><G122/><T117/><D73/><U7/><E33/><V61/><F39/><W110/><G107/><T25/><D117/><U64/><E128/><V23/><F54/><W57/><G118/><T69/><D69/><U52/><E111/><V63/><F63/><W99/><G110/><T34/><D125/><N who="1" m="47627" /><E92/><V95/><REACH who="2" step="1"/><F98/><REACH who="2" ten="250,250,240,250" step="2"/><W29/><G133/><T115/><D115/><U60/><E79/><V36/><F36/><W76/><G132/><T109/><D109/><U103/><E52/><V4/><F4/><W114/><G114/><T41/><D25/><U32/><E62/><V134/><F134/><W104/><G99/><T75/><D75/><U59/><E64/><V43/><F43/><W30/><G104/><T19/><D19/><U3/><E60/><V130/><F130/><W112/><G112/><T21/><D21/><AGARI ba="0,1" hai="14,17,21,23,26,31,45,46,47,58,61,66,93,95" machi="21" ten="40,2600,0" yaku="1,1,8,1,53,0" doraHai="131" doraHaiUra="74" who="2" fromWho="0" sc="250,-26,250,0,240,36,250,0" /><INIT seed="1,0,0,1,5,71" ten="224,250,276,250" oya="1" hai0="107,103,80,120,129,89,3,108,111,122,53,113,5" hai1="74,84,39,72,91,61,43,45,16,132,133,50,79" hai2="66,58,0,127,47,99,25,114,125,112,27,13,49" hai3="55,69,65,26,92,83,100,105,54,87,76,48,82"/><U131/><E131/><V59/><F0/><W6/><G105/><T8/><D113/><N who="2" m="43626" /><F99/><W86/><G69/><T29/><D29/><U34/><E34/><V12/><F66/><W4/><G65/><T101/><D53/><N who="3" m="19977" /><G26/><N who="2" m="9737" /><F47/><W70/><G70/><T95/><D129/><U37/><E61/><V88/><F88/><N who="3" m="51319" /><G48/><T23/><D23/><U135/><E79/><V11/><F49/><W68/><G68/><T123/><D80/><N who="1" m="49543" /><E16/><N who="2" m="8223" /><F13/><W1/><G1/><T21/><D21/><U7/><E7/><N who="3" m="2602" /><G100/><T73/><D73/><AGARI ba="0,0" hai="37,39,43,45,50,72,73,74,132,133,135" m="49543" machi="73" ten="40,7700,0" yaku="20,1,52,2" doraHai="71" who="1" fromWho="0" sc="224,-77,250,77,276,0,250,0" /><INIT seed="1,1,0,0,0,85" ten="147,327,276,250" oya="1" hai0="60,25,63,16,57,87,109,106,34,46,40,7,61" hai1="67,81,98,118,80,13,102,117,49,0,73,24,129" hai2="79,96,21,70,37,119,47,20,9,113,53,62,133" hai3="112,114,1,64,104,45,6,100,116,88,3,115,48"/><U75/><E0/><V56/><F119/><W35/><G35/><T44/><D106/><U127/><E129/><V58/><F58/><W78/><G116/><T59/><D109/><U11/><E127/><V74/><F96/><W95/><G64/><T131/><D131/><U50/><E67/><V92/><F92/><W83/><G6/><T22/><D34/><U121/><E121/><V2/><F20/><W33/><G33/><T124/><D124/><U69/><E69/><V110/><F21/><W132/><G132/><T82/><D40/><U28/><E117/><V5/><F9/><W94/><G104/><T43/><D7/><U32/><E118/><V38/><F5/><W12/><G12/><T29/><D29/><U27/><E27/><V17/><F70/><W55/><G95/><T86/><D86/><U39/><E39/><V120/><F74/><W4/><G100/><T14/><D25/><U134/><E134/><V18/><F38/><W107/><G107/><T91/><REACH who="0" step="1"/><D46/><REACH who="0" ten="137,327,276,250" step="2"/><U51/><E75/><V90/><F47/><W36/><G115/><T54/><D54/><U126/><E73/><V105/><F53/><W31/><G114/><T15/><D15/><U26/><E26/><V41/><F105/><W89/><G112/><T52/><D52/><U65/><E126/><V68/><F41/><W93/><G31/><T30/><D30/><U122/><E28/><V128/><F113/><W123/><G123/><T23/><D23/><U97/><E122/><V130/><F120/><W77/><G4/><T8/><D8/><U103/><E11/><V19/><F130/><RYUUKYOKU ba="1,1" sc="137,30,327,-10,276,-10,250,-10" hai0="14,16,22,43,44,57,59,60,61,63,82,87,91" /><INIT seed="2,2,1,2,4,92" ten="167,317,266,240" oya="2" hai0="123,84,47,132,44,45,37,122,118,77,114,96,22" hai1="112,56,134,74,88,38,90,127,4,36,55,87,10" hai2="48,78,41,69,68,30,43,28,97,62,27,67,81" hai3="113,50,75,106,53,20,6,125,124,120,94,70,33"/><V104/><F68/><W80/><G120/><T66/><D37/><U121/><E74/><V12/><F30/><W107/><G70/><T109/><D114/><U102/><E112/><V64/><F64/><W25/><G113/><T46/><D109/><U18/><E121/><V49/><F12/><W71/><G33/><T89/><D132/><U31/><E134/><V54/><F48/><W105/><G71/><T110/><D110/><U83/><E127/><N who="3" m="48714" /><G6/><T24/><D118/><U95/><E102/><N who="2" m="62543" /><F49/><W57/><G94/><T60/><N who="0" m="11776" /><DORA hai="135" /><T58/><D77/><U101/><E101/><V1/><F1/><W126/><G107/><T2/><D2/><U91/><E91/><V17/><F54/><W35/><G35/><T79/><D79/><U52/><E31/><V98/><F69/><W0/><G0/><T32/><D32/><U63/><E55/><V100/><F78/><N who="3" m="44127" /><G126/><T72/><D72/><U116/><E116/><V85/><F43/><W117/><G117/><T19/><REACH who="0" step="1"/><D96/><REACH who="0" ten="157,317,266,240" step="2"/><U59/><E38/><V119/><F98/><W86/><G86/><T26/><D26/><U108/><E36/><V73/><F27/><W129/><G129/><T7/><D7/><U115/><E4/><V34/><F85/><W21/><G25/><T111/><D111/><U3/><E108/><V23/><F34/><W14/><G14/><T51/><D51/><U5/><E115/><V76/><F119/><W42/><G106/><T93/><AGARI ba="2,2" hai="19,22,24,58,60,66,84,89,93,122,123" m="11776" machi="93" ten="40,5200,0" yaku="1,1,0,1,53,1" doraHai="92,135" doraHaiUra="15,103" who="0" fromWho="0" sc="157,78,317,-15,266,-28,240,-15" /><INIT seed="3,0,0,0,4,22" ten="235,302,238,225" oya="3" hai0="122,81,96,92,47,63,30,82,79,54,78,1,80" hai1="52,120,50,15,88,25,72,48,106,102,40,134,66" hai2="7,19,129,131,36,77,20,0,84,73,91,125,74" hai3="37,35,29,38,108,10,33,57,4,133,65,26,21"/><W69/><G108/><T49/><D122/><U115/><E120/><V116/><F36/><W75/><G75/><T103/><D1/><U11/><E115/><V118/><F125/><W100/><G100/><T17/><D30/><U93/><E72/><N who="2" m="27755" /><F77/><W99/><G133/><T45/><D63/><U95/><E134/><V18/><F7/><W59/><G69/><T51/><D17/><N who="2" m="6154" /><F20/><W132/><G132/><T31/><D31/><U90/><E106/><V123/><F0/><W6/><G99/><T62/><D62/><U127/><E66/><V16/><N who="2" m="6162" /><V89/><DORA hai="34" /><F123/><W44/><G38/><T53/><AGARI ba="0,0" hai="45,47,49,51,53,54,78,79,80,81,82,92,96,103" machi="53" ten="30,4000,0" yaku="0,1,9,1,8,1" doraHai="22,34" who="0" fromWho="0" sc="235,40,302,-10,238,-10,225,-20" /><INIT seed="4,0,0,5,2,135" ten="275,292,228,205" oya="0" hai0="101,126,2,17,6,108,82,40,86,53,3,114,103" hai1="104,81,64,124,45,38,92,54,91,110,76,57,29" hai2="129,30,43,32,100,99,102,41,89,25,112,105,120" hai3="62,97,42,51,69,98,5,7,107,96,132,4,127"/><T67/><D114/><U12/><E124/><V78/><F120/><W131/><G131/><T68/><D126/><U1/><E110/><V71/><F112/><W20/><G132/><T109/><D40/><U50/><E1/><N who="0" m="9" /><D6/><U24/><E104/><V84/><F78/><W123/><G123/><T118/><D118/><U117/><E117/><V93/><F129/><W39/><G127/><T121/><D121/><U59/><E38/><V95/><F102/><W72/><G72/><T60/><D53/><U130/><E130/><V133/><F133/><W33/><G33/><T18/><D103/><U74/><E12/><V116/><F116/><W113/><G113/><T63/><D63/><U106/><E64/><V9/><F95/><W36/><G107/><T13/><D13/><U111/><E111/><N who="0" m="42569" /><D101/><U85/><E106/><V70/><F9/><W80/><G80/><T90/><AGARI ba="0,0" hai="17,18,60,67,68,82,86,90" m="42569,9" machi="90" ten="30,1500,0" yaku="10,1" doraHai="135" who="0" fromWho="0" sc="275,15,292,-5,228,-5,205,-5" /><INIT seed="4,1,0,2,1,8" ten="290,287,223,200" oya="0" hai0="21,76,82,68,58,122,80,67,57,72,27,3,111" hai1="50,24,85,51,49,10,39,131,98,106,112,128,100" hai2="26,23,116,79,29,30,103,2,102,17,60,5,36" hai3="96,71,97,4,19,105,35,53,44,47,66,74,62"/><T119/><D122/><U127/><E127/><V75/><F36/><W104/><G74/><T20/><D119/><U11/><E112/><V94/><F116/><W91/><G35/><T38/><D38/><U18/><E39/><V129/><F129/><N who="1" m="49737" /><E85/><V61/><F5/><W56/><G4/><T78/><D3/><U87/><E87/><V14/><F2/><W16/><G91/><T126/><D126/><U115/><E115/><V13/><F75/><W134/><G134/><T73/><D111/><U45/><E45/><V22/><F79/><W88/><G47/><T70/><D27/><U124/><E124/><V1/><F1/><W42/><G96/><T37/><D37/><U113/><E113/><V99/><F103/><W110/><G110/><T101/><D67/><U84/><E84/><V90/><F102/><AGARI ba="1,0" hai="20,21,57,58,68,70,72,73,76,78,80,82,101,102" machi="102" ten="25,2400,0" yaku="22,2" doraHai="8" who="0" fromWho="2" sc="290,27,287,0,223,-27,200,0" owari="317,41.0,287,9.0,196,-30.0,200,-20.0" /></mjloggm>