<mjloggm ver="2.3"><GO type="41" lobby="0"/><UN n0="%E3%81%8F%E3%81%86%E3%81%93" n1="%E6%8A%BC%E5%BF%8D%EF%BC%81%E6%93%8D" n2="%E6%9A%B4%E8%B5%B0%E5%A6%84%E6%83%B3" n3="%E5%B0%B1%E6%B4%BB%E7%94%9F%40%E5%B7%9D%E6%9D%91%E8%BB%8D%E5%9B%A3" dan="15,14,14,17" rate="1953.24,1922.47,1979.83,2146.61" sx="M,M,M,M"/><TAIKYOKU oya="0"/><INIT seed="0,0,0,1,1,133" ten="250,250,250,250" oya="0" hai0="34,86,46,82,128,32,95,24,76,124,8,78,81" hai1="93,105,45,7,116,22,89,11,40,12,41,94,28" hai2="66,37,36,25,6,59,88,131,69,54,21,10,84" hai3="33,73,70,62,130,51,111,117,43,64,110,90,91"/><T31/><D128/><U118/><E105/><V123/><F66/><W17/><G33/><T30/><D95/><U119/><E28/><V35/><F69/><W53/><G73/><T57/><D46/><U23/><E41/><V122/><F35/><W92/><G117/><T106/><D106/><U29/><E29/><V134/><F134/><W39/><G130/><T44/><D44/><U125/><E125/><V67/><F67/><W19/><G43/><T112/><D112/><U2/><E2/><V0/><F123/><W102/><G39/><T9/><D57/><U50/><REACH who="1" step="1"/><E94/><REACH who="1" ten="250,240,250,250" step="2"/><V56/><F131/><W101/><G110/><T129/><D129/><U63/><E63/><V1/><F1/><W14/><G111/><T100/><D100/><U114/><E114/><V4/><F0/><W15/><G101/><T5/><D5/><U26/><E26/><V75/><F25/><W96/><G102/><T38/><D38/><U58/><E58/><V120/><F56/><W108/><G108/><T61/><D61/><U55/><E55/><V13/><F54/><W107/><G107/><T80/><D124/><U52/><E52/><V18/><F59/><W3/><G3/><T97/><D31/><U71/><E71/><V74/><F37/><W77/><G70/><T27/><D30/><U85/><AGARI ba="0,1" hai="7,11,12,22,23,40,45,50,85,89,93,116,118,119" machi="85" ten="30,7900,0" yaku="1,1,0,1,53,2" doraHai="133" doraHaiUra="16" who="1" fromWho="1" sc="250,-39,240,89,250,-20,250,-20" /><INIT seed="1,0,0,1,5,30" ten="211,329,230,230" oya="1" hai0="121,127,101,1,50,2,39,38,45,124,92,40,22" hai1="10,47,42,3,36,82,26,112,15,76,37,20,85" hai2="100,67,97,43,59,11,129,90,4,123,87,74,60" hai3="109,41,58,77,125,13,0,5,105,128,78,34,51"/><U88/><E3/><V24/><F74/><W69/><G105/><T48/><D22/><U71/><E71/><V12/><F129/><W104/><G104/><T126/><D101/><U80/><E112/><V122/><F43/><W6/><G69/><T70/><D92/><U86/><E37/><N who="0" m="13833" /><D70/><U134/><E134/><V25/><F123/><W131/><G34/><T17/><D17/><U62/><E62/><V29/><F122/><W56/><G125/><T72/><D121/><U79/><E20/><V53/><F53/><W23/><G0/><N who="0" m="107" /><D72/><U98/><E98/><V75/><F75/><W95/><G95/><T130/><D130/><U116/><E26/><V64/><F64/><W28/><G28/><T117/><D117/><U68/><E68/><V73/><F73/><W9/><G51/><AGARI ba="0,0" hai="40,45,48,50,51,124,126,127" m="107,13833" machi="51" ten="40,1300,0" yaku="18,1" doraHai="30" who="0" fromWho="3" sc="211,13,329,0,230,0,230,-13" /><INIT seed="2,0,0,2,4,19" ten="224,329,230,217" oya="2" hai0="92,62,41,105,68,32,63,8,115,65,128,111,16" hai1="15,30,132,84,3,113,39,95,53,102,73,107,14" hai2="112,67,83,116,104,55,59,58,23,29,18,31,11" hai3="96,21,99,118,36,9,130,100,98,2,45,7,0"/><V134/><F116/><W127/><G118/><T40/><D115/><U121/><E39/><V12/><F112/><W22/><G127/><T76/><D105/><U66/><E66/><V125/><F104/><W86/><G130/><T103/><D32/><U5/><E3/><V6/><F125/><W117/><G117/><T42/><D128/><U79/><E73/><V44/><F134/><W82/><G2/><T106/><D111/><U60/><E107/><V108/><F108/><W119/><G100/><T101/><D76/><U126/><E30/><N who="2" m="11275" /><F83/><W4/><G4/><T129/><D129/><U70/><E70/><V135/><F135/><W120/><G120/><T25/><D106/><U114/><E132/><V54/><F67/><W69/><G69/><T57/><D63/><U38/><E38/><V37/><F37/><W72/><G72/><T47/><D68/><U24/><E126/><V34/><F34/><W81/><G119/><T93/><D47/><U64/><E64/><V94/><F94/><N who="0" m="36458" /><D8/><U78/><E95/><V131/><F131/><W85/><G45/><T10/><D10/><U123/><E102/><V1/><F1/><W52/><G52/><N who="2" m="20009" /><F44/><W33/><G33/><T109/><D109/><U43/><E114/><V17/><F6/><W74/><G74/><T75/><D75/><U90/><E5/><V97/><F97/><W28/><G36/><T87/><D87/><U71/><E113/><V27/><AGARI ba="0,0" hai="11,12,17,18,23,27,58,59" m="20009,11275" machi="27" ten="30,6000,0" yaku="8,1,52,1,54,1" doraHai="19" who="2" fromWho="2" sc="224,-20,329,-20,230,60,217,-20" /><INIT seed="2,1,0,3,1,38" ten="204,309,290,197" oya="2" hai0="19,96,44,9,92,128,29,111,77,12,80,120,57" hai1="130,43,94,30,83,126,25,78,61,81,124,31,56" hai2="11,35,115,99,73,119,118,116,98,55,15,37,52" hai3="106,48,0,66,60,14,7,74,20,58,133,129,36"/><V1/><F1/><W113/><G36/><T134/><D120/><U132/><E130/><V104/><F115/><W45/><G74/><T110/><D128/><U90/><E132/><V24/><F73/><W23/><G106/><T105/><D105/><U10/><E10/><V27/><F37/><W47/><G0/><T42/><D29/><U71/><E71/><V62/><F104/><W50/><G113/><T84/><D57/><U91/><E78/><V32/><F62/><W8/><G133/><T63/><D63/><U87/><E31/><V76/><F11/><W4/><G4/><T85/><D85/><U75/><E75/><V51/><F15/><W69/><G69/><T89/><REACH who="0" step="1"/><D134/><REACH who="0" ten="194,309,290,197" step="2"/><U79/><E126/><V16/><F119/><W18/><G129/><T33/><D33/><U108/><E56/><V28/><F35/><W40/><REACH who="3" step="1"/><G7/><REACH who="3" ten="194,309,290,187" step="2"/><T26/><D26/><U86/><E25/><V41/><F27/><W100/><G100/><T93/><D93/><U121/><E94/><V22/><F24/><W64/><G64/><T72/><D72/><U39/><E121/><V131/><F131/><W101/><G101/><T82/><D82/><U54/><E83/><V46/><F118/><W13/><G13/><T49/><AGARI ba="1,2" hai="9,12,19,42,44,49,77,80,84,89,92,96,110,111" machi="49" ten="30,4000,0" yaku="1,1,0,1,52,1,53,0" doraHai="38" doraHaiUra="127" who="0" fromWho="0" sc="194,63,309,-11,290,-21,187,-11" /><INIT seed="3,0,0,4,3,32" ten="257,298,269,176" oya="3" hai0="8,93,84,46,78,122,51,1,12,119,71,58,27" hai1="127,41,98,76,91,79,18,2,10,26,20,64,33" hai2="14,112,59,11,9,13,16,130,24,81,40,116,92" hai3="135,134,118,53,114,48,89,83,15,45,77,80,3"/><W39/><G118/><T110/><D71/><U54/><E127/><V66/><F112/><W17/><G114/><T28/><D122/><U62/><E41/><V120/><F130/><W85/><G39/><T106/><D106/><U65/><E64/><V37/><F116/><W99/><G3/><T115/><D119/><U56/><E33/><V7/><F120/><W123/><G123/><T52/><D115/><U75/><E75/><V100/><F81/><W38/><G38/><T95/><D1/><U87/><E65/><V126/><F126/><W61/><G61/><T111/><D78/><U4/><REACH who="1" step="1"/><E98/><REACH who="1" ten="257,288,269,176" step="2"/><V109/><F66/><W36/><G36/><T105/><D111/><U5/><E5/><V29/><F40/><W50/><G50/><T72/><D72/><U34/><E34/><V82/><F109/><W30/><G30/><T74/><D74/><U133/><E133/><V101/><F37/><W107/><G107/><T121/><D105/><U128/><E128/><V49/><F7/><W43/><G43/><T131/><D121/><U108/><E108/><V117/><F29/><W6/><G6/><T31/><D131/><U19/><E19/><V44/><F16/><W22/><REACH who="3" step="1"/><G99/><REACH who="3" ten="257,288,269,166" step="2"/><T35/><D110/><U21/><E21/><V63/><F117/><W103/><G103/><T102/><D102/><U23/><E23/><V57/><F101/><W129/><G129/><T67/><D35/><U70/><E70/><V90/><F100/><W88/><G88/><T104/><D104/><U60/><E60/><V86/><F63/><W97/><G97/><T73/><D8/><RYUUKYOKU ba="0,2" sc="257,-15,288,15,269,-15,166,15" hai1="2,4,10,18,20,26,54,56,62,76,79,87,91" hai3="15,17,22,45,48,53,77,80,83,85,89,134,135" /><INIT seed="3,1,2,0,1,15" ten="242,303,254,181" oya="3" hai0="100,58,111,28,24,97,117,88,75,42,105,95,55" hai1="52,16,2,123,127,125,14,10,9,133,132,134,94" hai2="130,73,128,120,135,119,108,122,25,33,49,121,11" hai3="114,60,23,80,91,65,36,79,32,31,83,50,45"/><W129/><G32/><T102/><D117/><U30/><E123/><V6/><F73/><W57/><G36/><T116/><D116/><U109/><E94/><V62/><F119/><W77/><G114/><T64/><D111/><U112/><E112/><V40/><F62/><W54/><G129/><N who="2" m="49769" /><F49/><W34/><G34/><T96/><D42/><U89/><E89/><V12/><F40/><W17/><G31/><T22/><D75/><U70/><E70/><V90/><F90/><W37/><G37/><T66/><D100/><U38/><E38/><V20/><F33/><W3/><G3/><T131/><D131/><U74/><E74/><V59/><F59/><W63/><G63/><AGARI ba="1,2" hai="22,24,28,55,58,63,64,66,88,95,96,97,102,105" machi="63" ten="30,2000,0" yaku="7,1,54,1" doraHai="15" who="0" fromWho="3" sc="242,43,303,0,254,0,181,-23" /><INIT seed="4,0,0,3,0,30" ten="285,303,254,158" oya="0" hai0="116,105,131,59,58,49,95,9,56,98,107,25,52" hai1="24,2,118,17,47,111,68,46,76,86,120,21,88" hai2="121,33,130,44,41,125,7,71,101,39,70,127,63" hai3="66,89,42,115,8,35,122,34,94,74,45,48,85"/><T93/><D116/><U14/><E120/><V18/><F18/><W108/><G108/><T54/><D131/><U82/><E68/><V124/><F7/><W31/><G74/><T104/><D9/><U38/><E118/><V90/><F90/><W10/><G122/><T117/><D117/><U96/><E2/><V64/><F121/><W133/><G133/><T128/><D128/><U62/><E38/><V29/><F101/><W67/><G115/><T5/><D5/><U109/><E111/><V92/><F92/><W123/><G123/><T20/><D95/><N who="1" m="56423" /><E109/><V43/><F43/><W84/><G84/><T19/><REACH who="0" step="1"/><D49/><REACH who="0" ten="275,303,254,158" step="2"/><U27/><E62/><V23/><F130/><W129/><G129/><T50/><D50/><U57/><E57/><V26/><F71/><W32/><REACH who="3" step="1"/><G31/><REACH who="3" ten="275,303,254,148" step="2"/><T134/><D134/><U51/><E47/><V79/><F127/><W55/><G55/><AGARI ba="0,2" hai="14,17,21,24,27,46,51,55,76,82,86" m="56423" machi="55" ten="30,2000,0" yaku="8,1,54,1" doraHai="30" who="1" fromWho="3" sc="275,0,303,40,254,0,148,-20" /><INIT seed="5,0,0,5,3,21" ten="275,343,254,128" oya="1" hai0="123,57,116,98,53,70,100,7,94,133,106,68,55" hai1="72,86,20,87,32,131,88,19,110,121,108,74,17" hai2="130,14,2,83,124,119,43,26,40,56,16,84,49" hai3="64,126,67,99,97,77,69,60,66,103,102,76,127"/><U33/><E121/><V48/><F2/><W75/><G69/><T24/><D123/><U3/><E3/><V39/><F39/><W79/><G75/><T128/><D116/><U132/><E132/><V78/><F130/><W12/><G60/><T28/><D133/><U118/><E118/><V50/><F124/><W18/><G18/><T65/><D7/><U80/><E131/><V38/><F38/><W25/><G12/><T112/><D112/><U22/><E80/><V114/><F114/><W113/><G25/><T9/><D9/><U42/><E42/><N who="2" m="15915" /><F119/><W11/><G11/><T93/><D128/><U52/><E52/><N who="2" m="31751" /><F26/><W111/><G111/><T41/><D41/><U89/><AGARI ba="0,0" hai="17,19,20,22,32,33,72,74,86,87,88,89,108,110" machi="89" ten="25,9600,0" yaku="0,1,22,2,54,1" doraHai="21" who="1" fromWho="1" sc="275,-32,343,96,254,-32,128,-32" /><INIT seed="5,1,0,0,0,46" ten="243,439,222,96" oya="1" hai0="99,100,96,33,122,19,104,130,78,85,71,88,120" hai1="43,18,110,40,39,119,5,74,73,1,84,63,107" hai2="69,7,35,115,16,24,128,106,90,54,23,64,13" hai3="121,6,59,124,55,87,56,97,34,11,131,135,93"/><U129/><E107/><V50/><F106/><W48/><G34/><T10/><D71/><U25/><E119/><V75/><F75/><W134/><G121/><N who="0" m="46699" /><D33/><U102/><E102/><V36/><F36/><W80/><G131/><T60/><D60/><U20/><E129/><V26/><F128/><W45/><G124/><T86/><D130/><U103/><E103/><V79/><F79/><W42/><G134/><T77/><D19/><U81/><E110/><V57/><F115/><W133/><G135/><T113/><D10/><U9/><E63/><V76/><F76/><N who="0" m="29290" /><D113/><U109/><E109/><V125/><F125/><W37/><G133/><T112/><D112/><U114/><E114/><V72/><F72/><W41/><G80/><N who="0" m="49191" /><D86/><U58/><E58/><V108/><F108/><W32/><G32/><T123/><N who="0" m="46707" /><T82/><DORA hai="116" /><D99/><U105/><E40/><V94/><F7/><W53/><G87/><T68/><D68/><U70/><E70/><V67/><F35/><W3/><G42/><T38/><D82/><U12/><E43/><V132/><F132/><W8/><G6/><T47/><D47/><U117/><E39/><AGARI ba="1,0" hai="38,39,96,100,104" m="49191,29290,46707" machi="39" ten="40,12000,2" yaku="13,1,52,4,54,1" doraHai="46,116" who="0" fromWho="1" sc="243,123,439,-123,222,0,96,0" /><INIT seed="6,0,0,2,3,111" ten="366,316,222,96" oya="2" hai0="35,0,103,42,53,101,36,24,130,85,59,80,15" hai1="119,69,83,79,122,48,26,67,47,65,43,109,78" hai2="116,64,21,46,20,118,2,32,134,90,16,45,68" hai3="71,3,12,28,120,66,125,70,5,114,13,129,54"/><V133/><F32/><W25/><G120/><T73/><D0/><U95/><E122/><V99/><F2/><W56/><G125/><T102/><D73/><U77/><E119/><V87/><F99/><W132/><G129/><T58/><D130/><U49/><E109/><V75/><F75/><W108/><G132/><N who="2" m="50793" /><F64/><W55/><G108/><T104/><D104/><U107/><E107/><V100/><F68/><W76/><G76/><T11/><D36/><U127/><E127/><V61/><F61/><W115/><G3/><T126/><D42/><U14/><E69/><N who="3" m="26122" /><G66/><T74/><D74/><U62/><E62/><V9/><F100/><W60/><G54/><T123/><D123/><U82/><E49/><V128/><F128/><W97/><G5/><T29/><D126/><U33/><E33/><V110/><F110/><W113/><G97/><T105/><D105/><U8/><E67/><V31/><F31/><W6/><G6/><T89/><REACH who="0" step="1"/><D53/><REACH who="0" ten="356,316,222,96" step="2"/><U23/><E65/><V92/><F118/><W135/><G135/><T18/><AGARI ba="0,1" hai="11,15,18,24,29,35,58,59,80,85,89,101,102,103" machi="18" ten="30,8000,1" yaku="1,1,2,1,0,1,53,2" doraHai="111" doraHaiUra="52" who="0" fromWho="0" sc="356,90,316,-20,222,-40,96,-20" /><INIT seed="7,0,0,5,0,121" ten="446,296,182,76" oya="3" hai0="1,106,34,10,25,107,37,3,0,133,76,38,120" hai1="46,31,40,75,39,20,127,108,48,36,101,96,41" hai2="91,114,98,113,84,24,54,87,85,89,67,64,90" hai3="56,8,92,26,125,69,28,134,110,111,45,23,47"/><W79/><G69/><T117/><D120/><U33/><E108/><N who="3" m="41514" /><G134/><T73/><D117/><U21/><E75/><V32/><F54/><W66/><G125/><T95/><D95/><U5/><E127/><V35/><F98/><W61/><G79/><T116/><D116/><U53/><E5/><V112/><F24/><W57/><G8/><T55/><D55/><U19/><E33/><AGARI ba="0,0" hai="32,33,35,64,67,84,85,87,89,90,91,112,113,114" machi="33" ten="50,8000,1" yaku="29,2,28,2,15,1" doraHai="121" who="2" fromWho="1" sc="446,0,296,-80,182,80,76,0" owari="446,54.0,216,-18.0,262,6.0,76,-42.0" /></mjloggm>