<mjloggm ver="2.3"><GO type="97" lobby="0"/><UN n0="%E7%89%8C%E7%8E%8B%E4%BD%8D" n1="%44%4F%44%4F%4B%4F" n2="%E5%B0%B1%E6%B4%BB%E7%94%9F%40%E5%B7%9D%E6%9D%91%E8%BB%8D%E5%9B%A3" n3="%67%65%6D" dan="14,13,15,13" rate="1923.07,1913.88,1958.98,1881.76" sx="M,F,M,F"/><TAIKYOKU oya="0"/><INIT seed="0,0,0,5,1,23" ten="250,250,250,250" oya="0" hai0="102,24,69,91,26,73,134,47,92,63,18,98,124" hai1="108,22,55,25,7,49,48,46,58,130,110,66,72" hai2="103,11,129,119,90,8,29,87,32,121,125,93,39" hai3="99,30,70,105,57,68,117,14,78,116,35,118,104"/><T120/><D73/><U101/><E72/><V43/><F121/><W123/><G123/><T13/><D120/><U10/><E101/><V27/><F125/><W15/><G78/><T16/><D124/><U40/><E66/><V100/><F129/><W86/><G86/><T1/><D1/><U2/><REACH who="1" step="1"/><E130/><REACH who="1" ten="250,240,250,250" step="2"/><V106/><F119/><W0/><G117/><T126/><D126/><U53/><E53/><V6/><F103/><W61/><G118/><T111/><D134/><U21/><E21/><V5/><F100/><W44/><G116/><T131/><D131/><U85/><E85/><V84/><F106/><W50/><G105/><T33/><D111/><U95/><E95/><V109/><F87/><W42/><G104/><T59/><D33/><U12/><E12/><V62/><F109/><W17/><G15/><T31/><D102/><U41/><E41/><V54/><F54/><W20/><G42/><T96/><D96/><U3/><E3/><V113/><F43/><W112/><G14/><T75/><D75/><U67/><E67/><V83/><F93/><W133/><G133/><T38/><D13/><U36/><E36/><V88/><F39/><W45/><G0/><T81/><D38/><U135/><E135/><V65/><F65/><W9/><G70/><T82/><D69/><U64/><E64/><V76/><F84/><W77/><G99/><T60/><D98/><U97/><E97/><V74/><F74/><W115/><G68/><T128/><D128/><U89/><E89/><V34/><F34/><W94/><G35/><T28/><D91/><N who="2" m="34858" /><F32/><W52/><G77/><RYUUKYOKU ba="0,1" sc="250,-10,240,30,250,-10,250,-10" hai1="2,7,10,22,25,40,46,48,49,55,58,108,110" /><INIT seed="1,1,1,0,3,40" ten="240,270,240,240" oya="1" hai0="84,53,8,46,92,19,26,122,60,33,101,75,5" hai1="25,43,0,56,105,131,81,124,96,102,27,117,118" hai2="30,13,98,94,10,54,17,89,90,31,12,52,93" hai3="20,109,24,125,50,104,22,82,9,110,85,55,127"/><U80/><E0/><V28/><REACH who="2" step="1"/><F12/><REACH who="2" ten="240,270,230,240" step="2"/><W29/><G104/><T126/><D122/><U14/><E118/><V66/><F66/><W69/><G69/><T112/><D112/><U113/><E117/><V3/><F3/><W23/><G9/><T103/><D8/><U77/><E113/><V107/><F107/><W47/><G29/><T99/><D126/><N who="3" m="48137" /><G24/><T67/><D26/><U57/><E124/><V135/><F135/><W116/><G116/><T130/><D130/><U61/><E131/><V38/><F38/><W132/><G132/><T114/><D114/><U119/><E119/><V63/><F63/><W21/><N who="3" m="5632" /><DORA hai="11" /><W115/><G115/><T2/><D60/><U62/><E14/><V44/><F44/><W76/><AGARI ba="1,2" hai="47,50,55,76,82,85,109,110" m="5632,48137" machi="76" ten="50,3200,0" yaku="18,1,52,1" doraHai="40,11" who="3" fromWho="3" sc="240,-9,270,-17,230,-9,240,55" /><INIT seed="2,0,0,2,3,134" ten="231,253,221,295" oya="2" hai0="73,129,41,39,62,17,75,118,24,64,131,15,87" hai1="89,76,5,132,50,45,106,33,55,117,98,61,19" hai2="81,54,135,37,66,84,53,48,120,11,121,113,20" hai3="94,88,29,40,105,95,8,68,7,104,109,27,112"/><V43/><F113/><W128/><G68/><T38/><D24/><U22/><E33/><V51/><F135/><W130/><G112/><T12/><D41/><U10/><E117/><V78/><F37/><N who="0" m="13834" /><D87/><U65/><E76/><V101/><F43/><W26/><G109/><T119/><D62/><U111/><E111/><V114/><F114/><W35/><G27/><T28/><D64/><U46/><E46/><V72/><F66/><W42/><G95/><T1/><D17/><U36/><E36/><V34/><F34/><W4/><G4/><T56/><D56/><U125/><E132/><V70/><F70/><W79/><G79/><T0/><D15/><U86/><E98/><V110/><F110/><W49/><G40/><T59/><D59/><U91/><E106/><V44/><F101/><W92/><G92/><T63/><D12/><U69/><E86/><V13/><F72/><N who="0" m="27722" /><D63/><U82/><E61/><V57/><REACH who="2" step="1"/><F20/><REACH who="2" ten="231,253,211,295" step="2"/><W85/><G42/><T83/><D83/><U116/><E82/><V58/><F58/><W124/><G35/><T25/><D119/><U16/><E116/><V108/><F108/><W77/><G105/><T60/><D60/><U47/><E65/><V96/><F96/><W3/><G104/><T126/><D118/><U122/><E69/><V21/><F21/><W32/><G32/><N who="0" m="20495" /><D126/><U30/><E125/><V97/><F97/><W67/><G124/><T103/><D103/><U123/><E22/><V23/><F23/><W107/><G67/><T18/><D18/><AGARI ba="0,1" hai="11,13,18,44,48,51,53,54,57,78,81,84,120,121" machi="18" ten="30,2900,0" yaku="1,1,7,1,53,0" doraHai="134" doraHaiUra="99" who="2" fromWho="0" sc="231,-29,253,0,211,39,295,0" /><INIT seed="2,1,0,3,1,119" ten="202,253,250,295" oya="2" hai0="41,83,56,88,8,96,68,25,69,115,17,52,134" hai1="85,66,86,110,98,67,21,105,127,58,27,16,81" hai2="92,116,101,34,29,55,48,77,20,28,40,73,87" hai3="12,2,59,13,91,4,120,95,19,37,35,113,36"/><V100/><F116/><W130/><G35/><T5/><D115/><U10/><E127/><V129/><F34/><W43/><G120/><T102/><D41/><U132/><E132/><V128/><F73/><W33/><G113/><T80/><D134/><U18/><E110/><V71/><F71/><W9/><G33/><T90/><D69/><U32/><E86/><V93/><F40/><W62/><G130/><N who="2" m="50281" /><F77/><W65/><G2/><T60/><D68/><U49/><E32/><V72/><F72/><W47/><G37/><T57/><D57/><U42/><E105/><V117/><F117/><W30/><G30/><N who="2" m="11881" /><F20/><W1/><REACH who="3" step="1"/><G19/><REACH who="3" ten="202,253,250,285" step="2"/><T107/><D17/><U50/><E18/><V109/><F109/><W103/><G103/><N who="2" m="39497" /><F87/><AGARI ba="1,1" hai="1,4,9,12,13,36,43,47,59,62,65,87,91,95" machi="87" ten="30,3900,0" yaku="1,1,7,1,53,1" doraHai="119" doraHaiUra="6" who="3" fromWho="2" sc="202,0,253,0,250,-42,285,52" /><INIT seed="3,0,0,4,3,84" ten="202,253,208,337" oya="3" hai0="80,97,91,61,82,47,92,55,51,81,37,106,48" hai1="50,57,39,11,52,34,0,31,109,71,23,63,3" hai2="110,83,96,101,123,135,127,41,54,28,19,85,130" hai3="22,131,133,5,114,17,111,119,90,122,121,6,134"/><W43/><G43/><N who="0" m="24703" /><D106/><U2/><E34/><V59/><F123/><N who="3" m="47115" /><G90/><N who="0" m="55447" /><D37/><U18/><E31/><V100/><F110/><W88/><G119/><T49/><D61/><U66/><E109/><V8/><F130/><W36/><G36/><T93/><D55/><U132/><E132/><N who="3" m="50794" /><G111/><T38/><D38/><U95/><E39/><V103/><F135/><W35/><G35/><T94/><D94/><U113/><E95/><N who="2" m="58399" /><F41/><W4/><G114/><T128/><D128/><U108/><E113/><V79/><F28/><W16/><G131/><T75/><D75/><U89/><E108/><V120/><F127/><W77/><G77/><T10/><D10/><U29/><E89/><V69/><F69/><W1/><G1/><T112/><D112/><U86/><E86/><AGARI ba="0,0" hai="49,51,80,81,82,86,91,93" m="55447,24703" machi="86" ten="30,3900,0" yaku="8,1,52,2" doraHai="84" who="0" fromWho="1" sc="202,39,253,-39,208,0,337,0" owari="241,4.0,214,-19.0,208,-29.0,337,44.0" /></mjloggm>