<mjloggm ver="2.3"><GO type="97" lobby="0"/><UN n0="%E5%B0%B1%E6%B4%BB%E7%94%9F%40%E5%B7%9D%E6%9D%91%E8%BB%8D%E5%9B%A3" n1="%E3%81%9C%E3%82%93" n2="%E3%81%A6%E3%81%A3%E3%81%8B%E3%82%93" n3="%E9%9B%B6%E5%BA%A6" dan="15,16,13,15" rate="1993.13,2029.30,1865.82,1975.47" sx="M,M,M,M"/><TAIKYOKU oya="0"/><INIT seed="0,0,0,3,1,97" ten="250,250,250,250" oya="0" hai0="56,65,15,64,115,61,129,36,90,82,42,130,19" hai1="117,121,114,8,21,35,80,128,120,75,134,32,127" hai2="101,102,98,100,81,112,84,135,54,108,20,70,92" hai3="131,132,51,73,22,111,3,60,69,105,87,77,17"/><T55/><D115/><U126/><E75/><V27/><F70/><W83/><G3/><T57/><D82/><U46/><E46/><V49/><F112/><W0/><G0/><T71/><D90/><U30/><E80/><V110/><F135/><W41/><G111/><N who="2" m="42537" /><F20/><W6/><G6/><T18/><D18/><U52/><E114/><V12/><F12/><W1/><G1/><T4/><D4/><U43/><E43/><V44/><F27/><W124/><G131/><N who="0" m="50187" /><D71/><U86/><E86/><V2/><F2/><W13/><G132/><T78/><D78/><AGARI ba="0,0" hai="44,49,54,78,81,84,92,98,100,101,102" m="42537" machi="78" ten="30,7700,0" yaku="14,1,52,3" doraHai="97" who="2" fromWho="0" sc="250,-77,250,0,250,77,250,0" /><INIT seed="1,0,0,0,4,39" ten="173,250,327,250" oya="1" hai0="115,23,129,83,56,87,19,52,57,10,89,22,93" hai1="124,70,62,75,37,27,55,46,117,14,2,42,54" hai2="74,44,30,67,15,122,107,99,126,61,6,96,47" hai3="49,4,88,133,32,81,101,5,68,110,119,18,45"/><U71/><E2/><V48/><F74/><W41/><G110/><T108/><D115/><U127/><E75/><V114/><F122/><W98/><G68/><N who="1" m="26154" /><E27/><V38/><F114/><W132/><G119/><T90/><D108/><U11/><E11/><N who="2" m="4599" /><F38/><W73/><G32/><T0/><D129/><U95/><E14/><V12/><F107/><W43/><G18/><T118/><D118/><U105/><E95/><V36/><F36/><W92/><G73/><T58/><D0/><U135/><E105/><V94/><F47/><W128/><G128/><T28/><D28/><U50/><E117/><V21/><F126/><N who="1" m="48169" /><E135/><N who="3" m="51786" /><G81/><T24/><D22/><U78/><E78/><V13/><F96/><N who="3" m="57351" /><G43/><T16/><D19/><U131/><E131/><V34/><F34/><W33/><G33/><T8/><REACH who="0" step="1"/><D52/><REACH who="0" ten="163,250,327,250" step="2"/><N who="1" m="20011" /><E62/><V59/><F30/><W109/><G109/><T51/><D51/><AGARI ba="0,1" hai="37,42,46,50,51" m="20011,48169,26154" machi="51" ten="40,12000,1" yaku="18,1,34,2,52,1,54,1" doraHai="39" who="1" fromWho="0" sc="163,-120,250,130,327,0,250,0" /><INIT seed="1,1,0,5,1,71" ten="43,380,327,250" oya="1" hai0="7,13,135,120,67,134,127,108,77,106,129,63,85" hai1="107,93,38,65,52,75,35,96,11,82,88,53,20" hai2="80,102,87,5,131,37,31,46,18,132,54,40,56" hai3="76,44,45,57,92,81,97,27,94,9,26,10,29"/><U98/><E35/><V79/><F131/><W47/><G57/><T105/><D120/><U23/><E38/><V66/><F132/><W60/><G60/><T34/><D34/><U55/><E107/><V61/><F31/><W41/><G41/><T91/><D129/><U24/><E65/><V73/><F102/><W19/><G19/><T64/><D127/><U78/><E24/><V95/><F95/><N who="3" m="36395" /><G97/><T15/><D108/><U130/><E130/><V128/><F128/><W72/><G72/><T74/><D74/><U25/><E11/><N who="3" m="4106" /><G76/><T118/><D77/><U69/><E69/><V21/><F5/><W30/><G81/><T70/><D118/><U22/><REACH who="1" step="1"/><E25/><AGARI ba="1,0" hai="25,26,27,29,30,44,45,47" m="4106,36395" machi="25" ten="30,3900,0" yaku="28,2,8,1" doraHai="71" who="3" fromWho="1" sc="43,0,380,-42,327,0,250,42" /><INIT seed="2,0,0,3,2,50" ten="43,338,327,292" oya="2" hai0="11,134,15,16,70,58,84,33,94,1,127,99,28" hai1="102,110,62,89,27,100,95,83,10,39,2,123,63" hai2="86,18,61,76,105,90,13,32,121,64,130,66,108" hai3="36,49,67,128,31,88,4,72,47,9,45,6,125"/><V54/><F121/><W57/><G72/><T97/><D70/><U23/><E39/><V115/><F105/><W101/><G101/><T96/><D127/><U122/><E110/><V131/><F32/><W75/><G75/><T111/><D111/><U107/><E107/><V40/><F40/><W113/><G113/><T68/><D134/><U41/><E41/><V73/><F115/><W35/><G128/><N who="2" m="49193" /><F108/><W19/><G125/><T118/><D118/><U14/><E2/><V126/><F126/><W91/><G35/><T55/><D68/><U42/><E42/><V60/><F76/><W114/><G114/><T3/><D33/><U69/><E69/><V119/><F73/><W29/><G36/><T48/><REACH who="0" step="1"/><D28/><REACH who="0" ten="33,338,327,292" step="2"/><U43/><E122/><V85/><F119/><W65/><G31/><T74/><D74/><U30/><E123/><V117/><F117/><W93/><G29/><T17/><D17/><U82/><E43/><V25/><F25/><W98/><G19/><T51/><D51/><U7/><E62/><V26/><F26/><W77/><G49/><T104/><D104/><U106/><E63/><V24/><F24/><W5/><G5/><T37/><D37/><U59/><E106/><V78/><F61/><W20/><G4/><T129/><D129/><U112/><E112/><V34/><F34/><W81/><G6/><T8/><D8/><U135/><E7/><V92/><F60/><W53/><G9/><T46/><D46/><U22/><E10/><N who="2" m="6455" /><F54/><W21/><G45/><T132/><D132/><U109/><E109/><V0/><F0/><W80/><G47/><RYUUKYOKU ba="0,1" sc="33,15,338,-15,327,15,292,-15" hai0="1,3,11,15,16,48,55,58,84,94,96,97,99" hai2="64,66,78,85,86,90,92" /><INIT seed="2,1,1,3,5,114" ten="48,323,342,277" oya="2" hai0="113,117,84,101,110,71,90,38,80,1,92,100,13" hai1="53,116,4,85,36,87,48,135,5,65,43,34,59" hai2="115,8,50,89,119,95,63,44,118,30,58,11,132" hai3="29,62,69,0,37,73,51,56,49,94,125,99,32"/><V129/><F115/><W127/><G73/><T133/><D1/><U70/><E34/><V15/><F132/><W21/><G0/><T2/><D2/><U45/><E87/><V124/><F30/><W3/><G3/><T39/><D71/><U57/><E85/><V108/><F129/><W122/><G122/><T12/><D113/><U68/><E5/><V22/><F22/><W23/><G37/><T93/><D110/><U19/><E19/><V20/><F20/><W31/><G69/><N who="1" m="26730" /><E4/><V26/><F108/><W46/><G32/><T60/><D133/><U24/><E24/><V120/><F120/><W82/><G82/><T97/><D60/><N who="1" m="38047" /><E135/><V67/><F124/><N who="3" m="47691" /><G23/><T88/><D84/><U74/><E74/><V42/><F26/><N who="3" m="16591" /><G46/><T76/><D97/><U40/><E40/><V86/><F8/><W107/><G107/><T17/><D17/><AGARI ba="1,1" hai="11,15,17,42,44,50,58,63,67,86,89,95,118,119" machi="17" ten="30,5800,0" yaku="7,1,52,2" doraHai="114" who="2" fromWho="0" sc="48,-61,323,0,342,71,277,0" owari="-13,-51.0,323,12.0,413,51.0,277,-12.0" /></mjloggm>