<mjloggm ver="2.3"><GO type="193" lobby="0"/><UN n0="%73%69%7A%65%6E" n1="%E5%91%A8%E8%A8%AA" n2="%E3%83%88%E3%83%88%E3%83%AA%E5%85%88%E7%94%9F%31%39%E6%AD%B3" n3="%E7%AC%AC%38%E3%83%89%E3%83%BC%E3%83%AB%E2%80%A0%E5%A3%81%E7%94%B7" dan="11,12,10,13" rate="1594.34,1649.80,1763.25,1725.94" sx="F,M,F,M"/><TAIKYOKU oya="0"/><INIT seed="0,0,0,0,1,94" ten="250,250,250,250" oya="0" hai0="54,65,80,50,32,37,1,90,30,111,97,66,38" hai1="64,40,35,114,120,118,57,113,125,2,86,60,24" hai2="84,16,89,56,31,68,109,45,101,112,122,20,77" hai3="18,105,55,49,75,69,58,21,28,15,135,85,0"/><T13/><D111/><U117/><E2/><V7/><F112/><N who="1" m="43113" /><E35/><V131/><F68/><W53/><G75/><T26/><D1/><U61/><E24/><V63/><F109/><W93/><G69/><T22/><D66/><N who="1" m="39183" /><E86/><V129/><F122/><W95/><G105/><T59/><D65/><U79/><E79/><V99/><F45/><W51/><G0/><T88/><D90/><U72/><E72/><V52/><F7/><W46/><G135/><T102/><D80/><U43/><E120/><V87/><F31/><W82/><REACH who="3" step="1"/><G28/><REACH who="3" ten="250,250,250,240" step="2"/><T124/><D124/><U106/><E106/><V108/><F108/><W67/><G67/><T107/><D88/><AGARI ba="0,1" hai="15,18,21,46,49,51,53,55,58,82,85,88,93,95" machi="88" ten="30,8000,1" yaku="1,1,7,1,8,1,54,1,53,1" doraHai="94" doraHaiUra="19" who="3" fromWho="0" sc="250,-80,250,0,250,0,240,90" /><INIT seed="1,0,0,5,0,93" ten="170,250,250,330" oya="1" hai0="51,52,57,63,65,70,94,4,0,119,41,25,36" hai1="40,114,46,121,58,45,124,30,53,32,115,62,60" hai2="49,113,7,78,118,87,19,71,99,86,98,104,6" hai3="81,110,122,13,2,28,79,26,34,112,10,73,27"/><U107/><E107/><V14/><F118/><W72/><G112/><T9/><D119/><U83/><E32/><V132/><F71/><W131/><G131/><T125/><D125/><U3/><E3/><V77/><F132/><W123/><G2/><T21/><D94/><U61/><E30/><V48/><F113/><W103/><G73/><T43/><REACH who="0" step="1"/><D36/><REACH who="0" ten="160,250,250,330" step="2"/><N who="1" m="21639" /><E124/><V38/><F104/><W88/><G122/><T5/><D5/><U44/><E83/><N who="2" m="47471" /><F38/><W39/><G123/><T92/><D92/><U90/><E121/><V101/><F7/><W75/><G39/><T100/><D100/><U35/><E35/><V55/><F101/><W16/><G103/><T33/><D33/><U89/><E89/><V105/><F6/><W54/><G88/><T109/><D109/><U129/><E90/><V128/><F105/><W68/><G34/><T127/><D127/><U47/><E129/><V135/><F128/><W56/><G110/><T1/><D1/><U95/><E95/><V12/><F135/><W67/><G81/><T8/><D8/><U82/><E82/><V84/><F78/><W64/><G79/><T91/><D91/><U17/><E17/><AGARI ba="0,1" hai="0,4,9,17,21,25,41,43,51,52,57,63,65,70" machi="17" ten="30,3900,0" yaku="1,1,7,1,54,1,53,0" doraHai="93" doraHaiUra="11" who="0" fromWho="1" sc="160,49,250,-39,250,0,330,0" /><INIT seed="2,0,0,4,2,114" ten="209,211,250,330" oya="2" hai0="5,111,104,122,93,55,130,124,53,71,16,54,21" hai1="60,79,69,7,105,77,115,27,73,110,23,57,18" hai2="9,75,132,38,50,48,49,135,61,2,67,65,0" hai3="70,8,80,4,85,63,113,47,121,11,43,36,117"/><V128/><F75/><W118/><G121/><T22/><D122/><U12/><E115/><V20/><F38/><W14/><G113/><T40/><D111/><U101/><E110/><V131/><F20/><W66/><G8/><T31/><D130/><N who="2" m="49706" /><F9/><W56/><G70/><T83/><D124/><U62/><E69/><V59/><F2/><W108/><G108/><T112/><D112/><U96/><E73/><V26/><F26/><W89/><AGARI ba="0,0" hai="4,11,14,36,43,47,56,63,66,80,85,89,117,118" machi="89" ten="20,5200,0" yaku="0,1,7,1,52,2" doraHai="114" who="3" fromWho="3" sc="209,-13,211,-13,250,-26,330,52" /><INIT seed="3,0,0,3,3,71" ten="196,198,224,382" oya="3" hai0="76,80,12,26,2,21,101,88,116,119,15,59,28" hai1="94,111,35,93,72,68,7,103,36,27,25,100,41" hai2="82,128,133,17,134,66,45,107,57,32,5,75,130" hai3="4,65,42,53,112,98,114,97,105,38,109,46,52"/><W83/><G109/><T79/><D119/><U40/><E68/><V61/><F107/><W13/><G65/><T48/><D116/><U73/><E111/><V70/><F32/><W85/><G98/><T3/><D3/><U108/><E108/><V30/><F30/><W118/><G118/><T91/><D2/><U9/><E35/><V74/><F5/><W50/><G53/><T58/><D101/><U24/><E9/><V22/><F45/><W77/><G105/><T125/><D125/><U110/><E110/><V84/><F70/><W19/><G97/><T115/><D115/><U56/><E56/><V63/><F63/><W14/><G14/><T135/><D135/><N who="2" m="51722" /><F84/><W33/><G4/><T29/><D48/><U51/><E51/><V60/><F60/><W90/><G33/><T47/><D47/><U104/><E104/><V64/><F64/><W96/><G96/><T69/><D69/><U95/><E7/><V81/><F81/><W20/><G77/><T11/><D11/><U0/><E0/><V8/><F8/><W99/><G99/><T55/><D55/><U131/><E131/><N who="2" m="50219" /><F82/><W39/><G112/><T120/><D120/><U6/><E6/><V113/><F113/><W89/><G114/><T132/><D132/><U126/><E126/><V124/><F124/><W106/><G106/><T18/><D18/><U34/><E34/><V44/><F44/><W92/><G19/><T102/><D102/><N who="1" m="38955" /><E40/><V23/><F17/><W49/><G42/><T122/><D122/><U86/><E86/><V37/><F37/><W127/><G39/><T67/><D67/><RYUUKYOKU ba="0,0" sc="196,-15,198,15,224,15,382,-15" hai1="24,25,27,36,41,72,73,93,94,95" hai2="22,23,57,61,66,74,75" owari="181,-32.0,213,-19.0,239,4.0,367,47.0" /></mjloggm>