<mjloggm ver="2.3"><GO type="169" lobby="0"/><UN n0="%E3%83%88%E3%83%88%E3%83%AA%E5%85%88%E7%94%9F%31%39%E6%AD%B3" n1="%E3%82%8B%E3%81%84%E3%81%9A%E3%81%85%E3%81%86%E3%81%82%E3%81%81%E3%81%82" n2="%63%68%61%72%68%69%6D%65" n3="%E3%82%B8%E3%82%AE%E3%82%BF%E3%83%AA%E3%82%B9" dan="18,17,16,16" rate="2172.58,2153.07,2101.13,2068.35" sx="F,F,F,M"/><TAIKYOKU oya="0"/><INIT seed="0,0,0,0,0,11" ten="250,250,250,250" oya="0" hai0="131,96,90,88,17,9,38,45,118,5,105,54,4" hai1="132,75,7,63,21,26,40,27,133,12,13,135,78" hai2="103,19,108,44,50,49,18,2,100,82,125,51,83" hai3="10,69,62,33,98,37,86,110,56,8,20,126,42"/><T87/><D118/><U74/><E40/><V115/><F115/><W39/><G33/><T89/><D131/><U104/><E104/><V113/><F113/><W134/><G110/><T72/><D72/><N who="1" m="27691" /><E78/><V127/><F2/><W128/><G69/><T30/><D30/><N who="1" m="17743" /><E7/><N who="0" m="2633" /><D105/><U24/><E63/><V120/><F108/><W43/><G39/><T31/><D38/><U112/><E112/><V66/><F66/><W61/><G37/><T29/><D96/><U55/><E55/><V91/><F44/><W36/><G98/><T70/><D70/><U48/><E48/><V94/><F120/><W77/><G36/><T102/><D102/><N who="2" m="38954" /><F94/><W58/><G128/><T123/><D123/><U95/><E95/><V106/><F106/><W101/><G101/><T64/><D64/><U73/><N who="1" m="27699" /><U68/><DORA hai="35" /><E68/><V121/><F121/><W25/><G77/><T93/><D29/><U14/><AGARI ba="0,0" hai="12,13,14,24,27,132,133,135" m="17743,27699" machi="14" ten="50,8000,1" yaku="20,1,52,3" doraHai="11,35" who="1" fromWho="1" sc="250,-40,250,80,250,-20,250,-20" /><INIT seed="1,0,0,1,0,60" ten="210,330,230,230" oya="1" hai0="3,66,18,134,47,39,16,81,58,21,59,102,36" hai1="128,35,79,110,132,82,86,98,49,25,14,72,129" hai2="90,106,70,115,20,68,87,108,64,69,38,44,17" hai3="4,54,96,89,51,67,42,37,92,118,116,31,55"/><U114/><E114/><V101/><F115/><W30/><G4/><T123/><D3/><U103/><E132/><V45/><F108/><W12/><G12/><T120/><D134/><U29/><E110/><V13/><F38/><W105/><G105/><T119/><D119/><N who="3" m="45609" /><G67/><T131/><D131/><N who="1" m="50251" /><E49/><V46/><F101/><W10/><G10/><T53/><D102/><U65/><E65/><V100/><F100/><W104/><G104/><T78/><D18/><U124/><E14/><V75/><F106/><W111/><G111/><T99/><D99/><U76/><E124/><V0/><F0/><W93/><G37/><T50/><D36/><U80/><E103/><V9/><F75/><W15/><G15/><N who="0" m="9375" /><D39/><U28/><E98/><V135/><F135/><W7/><G7/><T126/><D66/><U109/><E109/><V8/><REACH who="2" step="1"/><F64/><REACH who="2" ten="210,330,220,230" step="2"/><W91/><G42/><T125/><D126/><U94/><E72/><V117/><F117/><W34/><G55/><T19/><D125/><U52/><E52/><V33/><F33/><W62/><G34/><T133/><D133/><U83/><E35/><V74/><F74/><W71/><G71/><T2/><D2/><U43/><E43/><V113/><F113/><W97/><G62/><T40/><D40/><U127/><E127/><V27/><F27/><W5/><G5/><T130/><D130/><U48/><E48/><V107/><F107/><W84/><G54/><T6/><D6/><U73/><E73/><V56/><F56/><W23/><G51/><T95/><D50/><U121/><E121/><V11/><F11/><W57/><G57/><RYUUKYOKU ba="0,1" sc="210,-10,330,-10,220,30,230,-10" hai2="8,9,13,17,20,44,45,46,68,69,70,87,90" /><INIT seed="2,1,1,3,1,50" ten="200,320,250,220" oya="2" hai0="24,74,68,109,108,99,105,100,129,62,78,56,31" hai1="135,40,134,85,92,82,21,5,86,38,71,45,17" hai2="3,84,72,128,106,97,91,49,51,110,42,20,14" hai3="70,79,19,115,59,15,133,6,32,107,75,9,8"/><V44/><F3/><W67/><G107/><T121/><D121/><U37/><E71/><V131/><F72/><W46/><G32/><N who="0" m="20583" /><D56/><U35/><E35/><V58/><F106/><W87/><G115/><T13/><D13/><U36/><E5/><V26/><F97/><W16/><G70/><T63/><D63/><U27/><E92/><V25/><F110/><W52/><G75/><T54/><D54/><U61/><E61/><V60/><F51/><N who="3" m="28791" /><G133/><N who="1" m="50698" /><E86/><V132/><F132/><W64/><G9/><T96/><D96/><U113/><E113/><V47/><F47/><W103/><G103/><T125/><D125/><U118/><E118/><V126/><F126/><W57/><G57/><T43/><D43/><U80/><E80/><V104/><F104/><W29/><G29/><T119/><D119/><U33/><E33/><V7/><F131/><W28/><G28/><T22/><D129/><U130/><E130/><V30/><F128/><W116/><G116/><T101/><D101/><U112/><E112/><V94/><F30/><W73/><G73/><T88/><D109/><U66/><E66/><N who="3" m="25130" /><G59/><T90/><D108/><U55/><E55/><N who="2" m="33887" /><F7/><W2/><G2/><T122/><D68/><U1/><E1/><V18/><AGARI ba="1,1" hai="14,18,20,25,26,42,44,49,84,91,94" m="33887" machi="18" ten="30,3000,0" yaku="8,1,52,1" doraHai="50" who="2" fromWho="2" sc="200,-11,320,-11,250,43,220,-11" /><INIT seed="2,2,0,5,5,48" ten="189,309,293,209" oya="2" hai0="112,115,103,22,80,27,133,82,98,8,106,4,116" hai1="2,77,23,124,120,65,60,42,130,109,61,95,84" hai2="47,100,64,102,55,131,86,35,118,92,13,85,111" hai3="69,134,123,87,19,39,107,50,14,0,46,11,128"/><V12/><F118/><W94/><G123/><T93/><D116/><U126/><E120/><V125/><F35/><W29/><G107/><T44/><D133/><U3/><E109/><V57/><F125/><N who="1" m="48233" /><E130/><V127/><F127/><W6/><G69/><T43/><D106/><U73/><E73/><V122/><F122/><W62/><G128/><T132/><D132/><U37/><E23/><V34/><F34/><W32/><G134/><T99/><D99/><U88/><E77/><V101/><F131/><W26/><G39/><T66/><D66/><U16/><E61/><N who="2" m="37935" /><F111/><W17/><G62/><T97/><D97/><U91/><E91/><N who="2" m="53359" /><F86/><W121/><G121/><T96/><D96/><U113/><E113/><V21/><F21/><W58/><G87/><T18/><D115/><U54/><E3/><V129/><F129/><W110/><G110/><T105/><D105/><U10/><E2/><V90/><F90/><W1/><G94/><T51/><REACH who="0" step="1"/><D112/><REACH who="0" ten="179,309,293,209" step="2"/><U59/><E84/><V81/><F81/><W49/><G0/><AGARI ba="2,1" hai="0,4,8,18,22,27,43,44,51,80,82,93,98,103" machi="0" ten="30,3900,0" yaku="1,1,2,1,7,1,53,0" doraHai="48" doraHaiUra="67" who="0" fromWho="3" sc="179,55,309,0,293,0,209,-45" /><INIT seed="3,0,0,3,4,123" ten="234,309,293,164" oya="3" hai0="110,21,70,22,57,11,91,116,65,8,32,48,14" hai1="27,10,12,24,9,6,89,121,79,120,84,66,129" hai2="34,26,19,109,3,102,36,96,49,25,85,72,128" hai3="51,2,43,30,127,111,82,86,71,63,54,88,47"/><W92/><G2/><T64/><D116/><U119/><E119/><V44/><F36/><W93/><G127/><T97/><D32/><U46/><E79/><V95/><F72/><W4/><G4/><T59/><D70/><U74/><E74/><V77/><F128/><W52/><G111/><T58/><D110/><U16/><E66/><N who="0" m="25705" /><D48/><U101/><E101/><V17/><F3/><W134/><G134/><T83/><D11/><U29/><E129/><V87/><F34/><W40/><G71/><T18/><D83/><U103/><E103/><V45/><F45/><W73/><G30/><T131/><D131/><U55/><E29/><V98/><F98/><W13/><G13/><T78/><D78/><U113/><E113/><V62/><F62/><W106/><G106/><T135/><D135/><U108/><E108/><V53/><F109/><W1/><G1/><T94/><AGARI ba="0,0" hai="8,14,18,21,22,57,58,59,91,94,97" m="25705" machi="94" ten="30,1100,0" yaku="8,1" doraHai="123" who="0" fromWho="0" sc="234,11,309,-3,293,-3,164,-5" /><INIT seed="4,0,0,5,4,100" ten="245,306,290,159" oya="0" hai0="74,67,126,129,19,14,34,25,120,130,61,112,134" hai1="86,45,122,132,7,88,53,13,0,77,58,108,103" hai2="22,71,17,121,35,104,73,32,94,28,80,50,3" hai3="118,48,30,91,33,114,57,59,16,64,72,89,107"/><T106/><D120/><U11/><E108/><V83/><F121/><W51/><G118/><T131/><D74/><U125/><E122/><V38/><F38/><W95/><G72/><T69/><D112/><U117/><E117/><V46/><F71/><W105/><G114/><T79/><D79/><U82/><E132/><V90/><F3/><W109/><G109/><T12/><D134/><U135/><E135/><V21/><F104/><W78/><G78/><T10/><D126/><U70/><E70/><V9/><F73/><W98/><G89/><T75/><D75/><U76/><E125/><V5/><F35/><W36/><G36/><T97/><D14/><U101/><E0/><V15/><F32/><W116/><G116/><T40/><D40/><U18/><E45/><V123/><F123/><W115/><G115/><T62/><D62/><N who="1" m="36175" /><E77/><V24/><F22/><W66/><G30/><N who="0" m="19791" /><D97/><U6/><E76/><V81/><F5/><AGARI ba="0,0" hai="5,6,7,11,13,18,82,86,88,101,103" m="36175" machi="5" ten="30,2000,0" yaku="8,1,54,1" doraHai="100" who="1" fromWho="2" sc="245,0,306,20,290,-20,159,0" /><INIT seed="5,0,0,4,1,132" ten="245,326,270,159" oya="1" hai0="84,102,26,77,86,21,75,61,101,56,79,40,104" hai1="42,27,74,11,129,53,134,70,112,110,88,93,5" hai2="16,128,28,58,59,15,46,62,14,133,105,43,118" hai3="52,82,34,96,68,30,81,48,63,100,121,130,41"/><U50/><E74/><V45/><F133/><W10/><G121/><T1/><D1/><U115/><E134/><V109/><F109/><W66/><G130/><T44/><D75/><U19/><E70/><V54/><F118/><W131/><G131/><T87/><D104/><U60/><E110/><V29/><F105/><W38/><G10/><T25/><D102/><U135/><E135/><V107/><F107/><W119/><G119/><T113/><D101/><U117/><E129/><V90/><F128/><W23/><G34/><T31/><D26/><U124/><E117/><V17/><F90/><W7/><G7/><T6/><D6/><U13/><E42/><V122/><F122/><W95/><G23/><T57/><D113/><N who="1" m="43595" /><E60/><V126/><F43/><W116/><G30/><T20/><D20/><U67/><E67/><V65/><F65/><W69/><G69/><T76/><REACH who="0" step="1"/><D61/><REACH who="0" ten="235,326,270,159" step="2"/><U24/><E27/><V78/><F62/><W2/><G116/><T106/><D106/><U0/><E24/><V64/><F64/><W94/><G2/><T39/><AGARI ba="0,1" hai="21,25,31,39,40,44,56,57,76,77,79,84,86,87" machi="39" ten="30,2000,0" yaku="1,1,0,1,53,0" doraHai="132" doraHaiUra="51" who="0" fromWho="0" sc="235,30,326,-10,270,-5,159,-5" /><INIT seed="6,0,0,4,1,42" ten="265,316,265,154" oya="2" hai0="104,0,81,44,73,39,59,61,77,62,95,113,72" hai1="46,116,21,84,101,66,23,36,78,122,133,94,55" hai2="45,30,13,127,102,15,93,11,128,80,53,103,8" hai3="27,22,10,65,67,91,119,32,56,132,31,2,64"/><V106/><F128/><W112/><G119/><T92/><D104/><U37/><E116/><V97/><F127/><W63/><G132/><T12/><D0/><U43/><E133/><V98/><F30/><W74/><G74/><T105/><D105/><U79/><E36/><V86/><F11/><W24/><G112/><T60/><D73/><U26/><E122/><V28/><F28/><W50/><G91/><T7/><D113/><U90/><E66/><V40/><F8/><W118/><G118/><T9/><REACH who="0" step="1"/><D59/><REACH who="0" ten="255,316,265,154" step="2"/><U33/><E79/><N who="2" m="46367" /><F106/><W115/><G115/><T41/><AGARI ba="0,1" hai="7,9,12,39,41,44,60,61,62,72,77,81,92,95" machi="41" ten="30,4000,0" yaku="1,1,0,1,52,1,53,0" doraHai="42" doraHaiUra="125" who="0" fromWho="0" sc="255,50,316,-10,265,-20,154,-10" /><INIT seed="7,0,0,4,5,103" ten="305,306,245,144" oya="3" hai0="96,113,131,119,56,100,2,68,21,112,91,63,39" hai1="24,120,49,7,127,53,85,125,20,60,29,82,116" hai2="35,133,108,118,8,65,97,22,86,132,71,94,79" hai3="64,105,34,78,38,15,121,46,130,9,134,43,17"/><W93/><G121/><T81/><D119/><U52/><E116/><V48/><F35/><W126/><G34/><T62/><D2/><U90/><E120/><V41/><F118/><W76/><G134/><T0/><D0/><U55/><E7/><V5/><F108/><W123/><G123/><T25/><D39/><U107/><E107/><V31/><F71/><W128/><G126/><N who="1" m="48138" /><E60/><V75/><F65/><W110/><G110/><T101/><D131/><N who="3" m="50217" /><G64/><N who="0" m="38983" /><D63/><U92/><E82/><V77/><F75/><W66/><G66/><T67/><D67/><U36/><E36/><V70/><F70/><W11/><G105/><T72/><D68/><U104/><E104/><V80/><F132/><W83/><G93/><N who="0" m="56383" /><D81/><U42/><E42/><V124/><F124/><W4/><G83/><T84/><D84/><U114/><E114/><N who="0" m="44137" /><D72/><U32/><E32/><V129/><F133/><W3/><AGARI ba="0,0" hai="3,4,9,11,15,17,38,43,46,76,78" m="50217" machi="3" ten="30,1500,0" yaku="19,1" doraHai="103" who="3" fromWho="3" sc="305,-5,306,-5,245,-5,144,15" /><INIT seed="7,1,0,0,2,112" ten="300,301,240,159" oya="3" hai0="101,11,76,36,107,29,24,105,88,44,51,54,133" hai1="103,78,39,106,128,42,63,64,134,126,3,83,21" hai2="67,104,85,58,5,30,110,37,52,26,34,49,131" hai3="120,45,75,109,121,56,41,72,59,8,108,69,57"/><W46/><G8/><T18/><D133/><U0/><E134/><V79/><F110/><N who="3" m="42603" /><G69/><T47/><D101/><U61/><E61/><V6/><F131/><W77/><G77/><T65/><D76/><U16/><E128/><V23/><F37/><W98/><G98/><T124/><D124/><U4/><E126/><V43/><F104/><W87/><G87/><T60/><D88/><U1/><E103/><V27/><F43/><W40/><G75/><T13/><D44/><N who="3" m="17001" /><G72/><T10/><D10/><U19/><E106/><V66/><F6/><W81/><G81/><T91/><D91/><U82/><E4/><V25/><F5/><W17/><G17/><T38/><D107/><U123/><E19/><V96/><F96/><W62/><G62/><T14/><D14/><U129/><E129/><V135/><F135/><W86/><G86/><T70/><D105/><U119/><E82/><N who="2" m="47327" /><F34/><AGARI ba="1,0" hai="11,13,18,24,29,34,36,38,47,51,54,60,65,70" machi="34" ten="30,1000,0" yaku="7,1" doraHai="112" who="0" fromWho="2" sc="300,13,301,0,240,-13,159,0" owari="313,41.0,301,10.0,227,-17.0,159,-34.0" /></mjloggm>