<mjloggm ver="2.3"><GO type="97" lobby="0"/><UN n0="%E5%B0%B1%E6%B4%BB%E7%94%9F%40%E5%B7%9D%E6%9D%91%E8%BB%8D%E5%9B%A3" n1="%70%6C%61%6B%31%31%30%35" n2="%E7%99%BD%E9%B9%BF%E6%84%9B%E8%8E%89" n3="%43%52%63%68%61%6E" dan="15,14,13,13" rate="1954.31,1886.00,1949.61,1879.48" sx="M,M,F,M"/><TAIKYOKU oya="0"/><INIT seed="0,0,0,3,3,78" ten="250,250,250,250" oya="0" hai0="67,10,55,76,17,11,41,4,109,44,102,43,133" hai1="73,114,104,18,98,30,1,134,36,105,89,21,27" hai2="85,54,79,100,125,91,92,106,2,35,130,59,107" hai3="37,101,63,118,75,16,93,57,46,96,71,3,128"/><T53/><D133/><U87/><E36/><V74/><F35/><W47/><G118/><T80/><D102/><U126/><E1/><V124/><F2/><W122/><G122/><T32/><D32/><U68/><E134/><V31/><F31/><W58/><G128/><T7/><D109/><U6/><E6/><N who="0" m="2089" /><D67/><U127/><E68/><V123/><F123/><W121/><G121/><T9/><D17/><U20/><E73/><V115/><F115/><W129/><G129/><T90/><D76/><U111/><E98/><V50/><F130/><W38/><G75/><T72/><D72/><U97/><E97/><N who="2" m="61711" /><F107/><W116/><G116/><T8/><N who="0" m="2560" /><DORA hai="60" /><T42/><D44/><U82/><E111/><V120/><F120/><W15/><G3/><T13/><D13/><U83/><E114/><V39/><F39/><W84/><G38/><T88/><D80/><AGARI ba="0,0" hai="50,54,59,74,79,80,85,91,92,124,125" m="61711" machi="80" ten="30,2000,0" yaku="24,1,52,1" doraHai="78,60" who="2" fromWho="0" sc="250,-20,250,0,250,20,250,0" /><INIT seed="1,0,0,3,4,4" ten="230,250,270,250" oya="1" hai0="49,38,33,55,86,84,67,25,80,68,122,78,103" hai1="14,112,6,62,128,73,93,124,106,46,43,102,35" hai2="108,116,69,5,3,32,19,130,52,27,107,57,135" hai3="91,45,36,76,126,34,96,109,56,119,81,113,83"/><U100/><E112/><V15/><F116/><W22/><G113/><T30/><D38/><U95/><E73/><V115/><F69/><W134/><G119/><T127/><D127/><U61/><E35/><V10/><F115/><W0/><G34/><T88/><D122/><U123/><E123/><V8/><F107/><W82/><G126/><T87/><D103/><N who="1" m="39467" /><E95/><V53/><F108/><W51/><G0/><T85/><D67/><U50/><E106/><V9/><F135/><W132/><G109/><T60/><D60/><U114/><E114/><V72/><F72/><W40/><G36/><T58/><REACH who="0" step="1"/><D68/><REACH who="0" ten="220,250,270,250" step="2"/><U63/><E124/><V29/><F130/><W21/><G134/><T17/><D17/><U79/><E128/><V28/><F28/><W66/><G132/><T74/><D74/><U105/><E105/><V97/><F97/><W64/><G96/><T16/><D16/><U54/><E6/><V125/><F125/><W42/><G66/><T77/><AGARI ba="0,1" hai="25,30,33,49,55,58,77,78,80,84,85,86,87,88" machi="77" ten="30,4000,0" yaku="1,1,0,1,54,1,53,0" doraHai="4" doraHaiUra="117" who="0" fromWho="0" sc="220,50,250,-20,270,-10,250,-10" /><INIT seed="2,0,0,0,3,18" ten="270,230,260,240" oya="2" hai0="46,130,97,133,27,39,61,71,100,41,103,127,68" hai1="99,42,124,20,91,55,78,135,109,116,74,96,73" hai2="44,30,132,50,106,121,43,13,8,22,75,19,81" hai3="5,35,70,62,52,110,11,77,85,112,69,31,15"/><V64/><F106/><W59/><G112/><T123/><D123/><U89/><E116/><V34/><F121/><W108/><G35/><T118/><D118/><U76/><E109/><N who="3" m="42090" /><G31/><T129/><D133/><U120/><E120/><V92/><F132/><W122/><G122/><T113/><D127/><U86/><E135/><V3/><F64/><W38/><G38/><T93/><D113/><U51/><E42/><V24/><F92/><W117/><G117/><T33/><D100/><U23/><E124/><V58/><F58/><W63/><G63/><T17/><D61/><U98/><E55/><V29/><F29/><W28/><G28/><N who="0" m="19615" /><D17/><U36/><E51/><V87/><F75/><N who="1" m="28681" /><E36/><V49/><F49/><W10/><G10/><T0/><D0/><U67/><E86/><V2/><REACH who="2" step="1"/><F8/><REACH who="2" ten="270,230,250,240" step="2"/><W12/><G70/><T101/><D101/><U65/><E67/><V102/><F102/><W40/><G69/><T37/><D37/><U134/><E65/><V72/><F72/><W119/><G119/><T4/><D71/><U104/><E104/><V126/><F126/><W57/><G57/><T56/><D56/><U88/><E134/><V114/><F114/><W115/><G115/><T83/><D68/><U82/><E82/><V107/><F107/><W48/><G48/><T60/><D83/><U26/><E26/><V54/><F54/><W95/><G40/><T128/><D60/><U66/><E66/><V47/><F47/><W45/><G45/><T21/><D21/><AGARI ba="0,1" hai="20,21,23,76,78,88,89,91,96,98,99" m="28681" machi="21" ten="40,12000,2" yaku="28,2,52,3,54,1" doraHai="18" who="1" fromWho="0" sc="270,-120,230,130,250,0,240,0" /><INIT seed="3,0,0,4,5,58" ten="150,360,250,240" oya="3" hai0="118,132,24,88,33,94,76,131,109,11,91,129,72" hai1="16,105,99,1,104,4,101,38,98,112,60,85,59" hai2="84,28,75,3,115,102,133,126,35,135,106,67,114" hai3="18,73,39,30,78,113,57,44,10,124,50,96,83"/><W107/><G113/><T74/><D33/><U121/><E112/><V43/><F75/><N who="0" m="28714" /><D24/><U125/><E121/><V70/><F126/><W130/><G124/><T97/><D11/><U69/><E125/><V0/><F43/><W6/><G130/><N who="0" m="49675" /><D118/><U90/><E38/><V79/><F84/><W123/><G123/><T20/><D20/><U48/><E69/><V61/><F79/><W40/><G30/><T100/><D132/><N who="2" m="50762" /><F115/><W103/><G18/><T80/><D109/><U65/><E48/><V17/><F17/><W31/><G31/><T64/><D64/><U26/><E1/><V93/><F93/><W71/><G50/><T86/><AGARI ba="0,0" hai="76,80,86,88,91,94,97,100" m="49675,28714" machi="86" ten="30,7900,0" yaku="19,1,34,2,54,1" doraHai="58" who="0" fromWho="0" sc="150,79,360,-20,250,-20,240,-39" owari="229,-17.0,340,44.0,230,3.0,201,-30.0" /></mjloggm>