<mjloggm ver="2.3"><GO type="225" lobby="0"/><UN n0="%72%69%6F%75%63%68%61%6E" n1="%E2%98%85%E3%83%9F%E3%83%BC%E3%82%B3%E2%98%85" n2="%E3%81%AA%E3%81%A3%E3%81%8D%E3%82%8A" n3="%E5%B0%B1%E6%B4%BB%E7%94%9F%40%E5%B7%9D%E6%9D%91%E8%BB%8D%E5%9B%A3" dan="16,16,16,16" rate="2097.41,2155.28,2138.03,2138.19" sx="M,F,M,M"/><TAIKYOKU oya="0"/><INIT seed="0,0,0,4,1,130" ten="250,250,250,250" oya="0" hai0="117,100,119,12,87,64,106,47,122,5,123,4,88" hai1="84,133,35,67,16,82,44,99,89,129,112,54,114" hai2="125,48,27,91,40,13,85,15,108,71,109,51,38" hai3="55,111,73,43,56,2,132,52,33,126,113,50,103"/><T70/><D70/><U58/><E129/><V20/><F71/><W11/><G33/><T29/><D64/><U62/><E35/><V3/><F3/><W57/><G73/><T110/><D29/><U68/><E133/><V19/><F38/><W7/><G113/><N who="1" m="43626" /><E99/><V14/><F125/><W45/><G126/><T95/><D47/><U36/><E16/><N who="2" m="12679" /><F40/><W86/><G103/><T31/><D31/><U6/><E6/><V115/><F115/><W53/><G111/><N who="2" m="42569" /><F19/><W76/><REACH who="3" step="1"/><G132/><REACH who="3" ten="250,250,250,240" step="2"/><T46/><D110/><U34/><E34/><V105/><F105/><W77/><G77/><T49/><D106/><U23/><E23/><V128/><F128/><W24/><G24/><T72/><D119/><U78/><E78/><V42/><F42/><W32/><G32/><T120/><D117/><U104/><E104/><V1/><F1/><W83/><AGARI ba="0,1" hai="2,7,11,43,45,50,52,53,55,56,57,76,83,86" machi="83" ten="30,4000,0" yaku="1,1,0,1,54,1,53,0" doraHai="130" doraHaiUra="61" who="3" fromWho="3" sc="250,-20,250,-10,250,-10,240,50" /><INIT seed="1,0,0,5,0,33" ten="230,240,240,290" oya="1" hai0="20,39,45,0,58,129,19,24,13,44,130,52,12" hai1="10,65,124,83,49,17,88,71,22,80,47,110,106" hai2="76,25,127,102,68,105,34,85,67,84,116,23,122" hai3="3,63,117,8,72,15,89,132,128,7,133,123,115"/><U77/><E106/><V54/><F34/><W28/><G72/><T35/><D0/><U101/><E124/><V27/><F122/><W100/><G100/><T14/><D35/><U11/><E101/><V32/><F127/><W98/><G115/><T64/><D64/><U66/><E110/><V73/><F54/><W96/><G28/><T38/><D45/><U41/><E71/><V26/><F116/><W1/><G123/><T97/><D97/><N who="3" m="37481" /><G89/><T87/><D87/><N who="1" m="50303" /><E80/><V43/><F43/><W18/><G63/><N who="0" m="36295" /><D44/><U99/><E77/><V95/><F32/><W57/><G57/><T37/><D39/><U59/><E99/><N who="2" m="59775" /><F73/><W135/><G128/><N who="0" m="49259" /><D38/><U134/><E134/><V62/><F105/><W51/><G51/><T126/><D37/><U81/><E81/><V2/><F2/><N who="3" m="523" /><G117/><T46/><D46/><U93/><E66/><V36/><F67/><W113/><G113/><T21/><D126/><U4/><E65/><V120/><F36/><W74/><G74/><T60/><D60/><U92/><E59/><V94/><F62/><W108/><G108/><T131/><N who="0" m="49267" /><T121/><DORA hai="61" /><D121/><U55/><E55/><V86/><F120/><W29/><G29/><AGARI ba="0,0" hai="12,13,14,19,20,21,24,29" m="49267,36295" machi="29" ten="40,2600,0" yaku="19,1,54,1" doraHai="33,61" who="0" fromWho="3" sc="230,26,240,0,240,0,290,-26" /><INIT seed="2,0,0,0,5,128" ten="256,240,240,264" oya="2" hai0="23,95,106,85,88,132,96,134,57,119,12,15,70" hai1="54,80,93,42,26,41,62,98,38,60,129,7,35" hai2="133,58,123,125,67,108,124,51,74,135,3,79,114" hai3="34,48,18,37,24,126,101,55,66,84,69,16,59"/><V1/><F123/><W83/><G126/><N who="2" m="48745" /><F114/><W28/><G37/><T31/><D70/><U13/><E129/><V4/><F108/><W33/><G33/><T53/><D119/><U47/><E42/><V6/><F79/><W32/><G32/><T25/><D106/><U121/><E121/><V73/><F6/><W22/><G101/><T120/><D120/><U19/><E7/><V46/><F58/><W21/><G21/><T30/><D31/><U39/><E39/><V72/><F67/><W61/><REACH who="3" step="1"/><G34/><REACH who="3" ten="256,240,240,254" step="2"/><T52/><D134/><N who="2" m="51210" /><F4/><W92/><G92/><N who="0" m="54287" /><D132/><U107/><E93/><V36/><F36/><W117/><G117/><T97/><D95/><U43/><E38/><V2/><F1/><W104/><G104/><T76/><D97/><U87/><E98/><V82/><F82/><W78/><AGARI ba="0,1" hai="16,18,22,24,28,48,55,59,61,66,69,78,83,84" machi="78" ten="20,8000,1" yaku="1,1,0,1,7,1,54,1,53,1" doraHai="128" doraHaiUra="45" who="3" fromWho="3" sc="256,-20,240,-20,240,-40,254,90" /><INIT seed="3,0,0,5,4,3" ten="236,220,200,344" oya="3" hai0="7,37,47,93,108,90,67,0,4,56,60,115,76" hai1="54,125,131,85,111,1,124,100,123,68,35,29,105" hai2="13,17,63,39,103,69,128,80,127,64,61,78,22" hai3="134,96,49,27,130,30,32,23,83,65,110,97,79"/><W120/><G110/><T118/><D118/><U122/><E111/><V62/><F127/><N who="1" m="48713" /><E131/><V112/><F128/><W104/><G65/><T119/><D119/><U109/><E109/><V135/><F112/><W9/><G49/><T102/><D108/><U91/><E68/><V107/><F135/><W51/><G51/><T50/><D37/><U6/><E54/><V20/><F39/><W24/><G9/><T121/><D0/><U25/><E100/><V59/><F69/><W132/><G104/><T98/><D76/><U94/><E105/><V84/><REACH who="2" step="1"/><F20/><REACH who="2" ten="236,220,190,344" step="2"/><N who="3" m="15623" /><G130/><T16/><D115/><U43/><E43/><V12/><F12/><W95/><G23/><T45/><D121/><U52/><E52/><V38/><F38/><W72/><G120/><T42/><D42/><U21/><E21/><V66/><F66/><W2/><G32/><T92/><D67/><U88/><E1/><V53/><F53/><W87/><G2/><T70/><D70/><U55/><E55/><V101/><F101/><W106/><G134/><T11/><D102/><U117/><E117/><V99/><AGARI ba="0,1" hai="13,17,22,59,61,62,63,64,78,80,84,99,103,107" machi="99" ten="30,2000,0" yaku="1,1,0,1,53,0" doraHai="3" doraHaiUra="36" who="2" fromWho="2" sc="236,-5,220,-5,190,30,344,-10" owari="231,3.0,215,-28.0,220,-18.0,334,43.0" /></mjloggm>