<mjloggm ver="2.3"><GO type="169" lobby="0"/><UN n0="%E3%82%A6%E3%83%AB%E3%83%88%E3%83%A9%E7%AB%8B%E7%9B%B4" n1="%E9%A6%AC%E8%BB%8A%E9%A6%AC%32%6E%64" n2="%E3%82%86%E3%81%A3%E3%81%8F%E3%82%8A%E5%A6%96%E5%A4%A2" n3="%E7%BD%AE%E5%82%98" dan="17,17,16,17" rate="2160.30,2175.26,2129.20,2217.21" sx="M,M,M,M"/><TAIKYOKU oya="0"/><INIT seed="0,0,0,3,0,84" ten="250,250,250,250" oya="0" hai0="31,75,121,27,100,98,28,8,47,92,111,133,0" hai1="101,15,131,108,134,46,62,13,21,33,130,70,49" hai2="1,67,90,95,71,129,103,61,12,41,112,79,18" hai3="11,68,42,77,37,110,94,109,88,124,119,51,36"/><T10/><D75/><U91/><E33/><V114/><F1/><W120/><G119/><T93/><D121/><U25/><E101/><V45/><F129/><N who="1" m="49161" /><E108/><N who="3" m="41578" /><G68/><T126/><D111/><U2/><E2/><V99/><F79/><W26/><G120/><T48/><D126/><U66/><E134/><V19/><F103/><W64/><G64/><T107/><D133/><U105/><E105/><V106/><F106/><W86/><G124/><T85/><D0/><U14/><E91/><V72/><F72/><W50/><G11/><T74/><D74/><U132/><E132/><V117/><F117/><W32/><G77/><T118/><D118/><U89/><E89/><V127/><F127/><W5/><G5/><T6/><D6/><U20/><E25/><V17/><REACH who="2" step="1"/><F12/><REACH who="2" ten="250,250,240,250" step="2"/><W38/><G42/><AGARI ba="0,1" hai="13,14,15,20,21,42,46,49,62,66,70" m="49161" machi="42" ten="30,1000,0" yaku="19,1" doraHai="84" who="1" fromWho="3" sc="250,0,250,20,240,0,250,-10" /><INIT seed="1,0,0,4,1,32" ten="250,270,240,240" oya="1" hai0="80,0,49,83,97,98,38,22,113,104,75,106,76" hai1="114,73,69,99,86,74,28,125,5,93,14,63,6" hai2="81,51,84,35,130,12,21,45,102,61,85,70,60" hai3="77,33,34,15,58,18,41,30,50,19,46,9,26"/><U91/><E114/><V7/><F35/><W25/><G77/><T68/><D38/><U53/><E125/><V127/><F130/><W129/><G129/><T52/><D68/><U133/><E133/><V87/><F127/><W123/><G123/><T8/><D113/><U121/><E121/><V62/><F70/><W107/><G107/><T118/><D118/><U94/><E28/><V128/><F128/><W56/><REACH who="3" step="1"/><G18/><REACH who="3" ten="250,270,240,230" step="2"/><T134/><D106/><U126/><E126/><V110/><F110/><W39/><G39/><T100/><D134/><U131/><E131/><V90/><F102/><W135/><G135/><T71/><D100/><U40/><E74/><V122/><F122/><W115/><G115/><T17/><D104/><U116/><E73/><V42/><F7/><W2/><G2/><T82/><D76/><U103/><E116/><V23/><F23/><W95/><G95/><T101/><D101/><U65/><E40/><V20/><F21/><W44/><G44/><T47/><D75/><U48/><E14/><V124/><F124/><W54/><G54/><T67/><D0/><U89/><E103/><V88/><F81/><W1/><G1/><T59/><D47/><AGARI ba="0,1" hai="5,6,47,48,53,63,65,69,86,89,91,93,94,99" machi="47" ten="30,1500,0" yaku="7,1" doraHai="32" who="1" fromWho="0" sc="250,-15,270,25,240,0,230,0" /><INIT seed="1,1,0,5,3,51" ten="235,295,240,230" oya="1" hai0="35,21,40,83,97,91,81,129,38,52,104,130,19" hai1="96,110,98,55,4,93,112,90,125,13,100,67,60" hai2="77,126,127,70,54,6,69,14,47,22,28,74,73" hai3="75,65,68,2,109,72,5,42,0,121,84,66,71"/><U56/><E112/><V113/><F113/><W105/><G84/><T10/><D35/><U128/><E128/><N who="0" m="49257" /><D10/><U133/><E125/><N who="2" m="47627" /><F6/><W44/><G105/><T134/><D40/><U120/><E133/><V106/><F106/><W46/><G42/><T37/><D134/><U1/><E1/><N who="3" m="618" /><G5/><T32/><D32/><U61/><E110/><V80/><F74/><N who="3" m="28203" /><G121/><T132/><D132/><U41/><E41/><V87/><F73/><W92/><G92/><T82/><D104/><U116/><E116/><V39/><F39/><N who="0" m="14858" /><D97/><U26/><E120/><V11/><F11/><W57/><G57/><T25/><D91/><U15/><E4/><V43/><F43/><W63/><G109/><T33/><D33/><U27/><E98/><V18/><F28/><W50/><G50/><AGARI ba="1,0" hai="14,18,22,47,50,54,69,70,77,80,87" m="47627" machi="50" ten="30,2000,0" yaku="18,1,52,1" doraHai="51" who="2" fromWho="3" sc="235,0,295,0,240,23,230,-23" /><INIT seed="2,0,0,4,4,105" ten="235,295,263,207" oya="2" hai0="88,109,100,29,23,97,16,122,121,132,10,126,89" hai1="101,35,128,25,135,59,67,127,43,130,63,21,99" hai2="70,57,17,91,36,56,44,113,77,55,134,20,60" hai3="68,133,120,124,95,31,78,50,26,12,94,49,4"/><V98/><F113/><W2/><G68/><T79/><D126/><U116/><E116/><V72/><F134/><W54/><G120/><T114/><D132/><U22/><E135/><V81/><F70/><W28/><G124/><T30/><D114/><U66/><E43/><V92/><F57/><W37/><G37/><T123/><D109/><U1/><E1/><V24/><F36/><W117/><G133/><T51/><D79/><U74/><E74/><V7/><F7/><W64/><G64/><T106/><D51/><U52/><E35/><V62/><F62/><W87/><G117/><T13/><REACH who="0" step="1"/><D10/><REACH who="0" ten="225,295,263,207" step="2"/><U48/><E127/><V83/><F83/><W5/><G2/><T9/><D9/><U38/><E38/><V8/><F8/><N who="3" m="4103" /><G50/><T53/><D53/><U115/><E115/><V129/><F129/><W112/><G112/><T69/><D69/><U27/><E128/><V93/><F93/><N who="3" m="35339" /><G5/><T40/><D40/><U18/><E130/><V90/><F44/><N who="3" m="27943" /><G26/><T104/><D104/><U102/><E66/><V47/><F47/><W108/><G108/><T3/><D3/><U86/><E67/><V65/><F65/><W0/><G0/><T96/><D96/><U107/><E63/><V34/><F34/><W32/><G32/><T111/><D111/><U131/><E131/><V125/><F125/><W110/><G110/><T45/><D45/><U19/><E99/><V33/><F33/><W82/><AGARI ba="0,1" hai="28,31,78,82,87" m="27943,35339,4103" machi="82" ten="30,1100,0" yaku="8,1" doraHai="105" who="3" fromWho="3" sc="225,-3,295,-3,263,-5,207,21" /><INIT seed="3,0,0,4,5,122" ten="222,292,258,228" oya="3" hai0="61,80,89,97,54,3,106,79,15,85,53,72,125" hai1="24,107,99,102,74,119,132,14,5,95,77,124,111" hai2="13,91,21,114,121,33,8,41,82,108,81,12,134" hai3="37,30,98,94,29,104,93,0,62,47,38,110,103"/><W112/><G112/><T129/><D3/><U1/><E14/><V67/><F114/><W32/><G0/><T90/><D125/><U31/><E124/><V66/><F33/><W16/><G62/><T23/><D129/><U63/><E95/><V11/><F121/><W25/><G30/><T45/><D90/><U55/><E55/><V113/><F113/><W48/><G94/><T83/><D61/><U42/><E42/><V120/><F120/><W43/><G104/><T44/><D44/><U18/><E18/><V73/><F41/><W19/><REACH who="3" step="1"/><G110/><REACH who="3" ten="222,292,258,218" step="2"/><T78/><D106/><U109/><E109/><V69/><F108/><W10/><G10/><T36/><D97/><U2/><E111/><V116/><F11/><W87/><G87/><T34/><D85/><U57/><E2/><V51/><F8/><W27/><G27/><T52/><D72/><U59/><E63/><V118/><F73/><W76/><G76/><T60/><D79/><U49/><E77/><V35/><F118/><W96/><G96/><T64/><D78/><U58/><E74/><V84/><F84/><W68/><G68/><T105/><D105/><U39/><E119/><V100/><F69/><W123/><G123/><T28/><D60/><U133/><E24/><V40/><F116/><W92/><G92/><T17/><D28/><U20/><E31/><V7/><F81/><W115/><G115/><T4/><D83/><U56/><E99/><V22/><F82/><W86/><G86/><T50/><D80/><U131/><E107/><V75/><F75/><W26/><G26/><T135/><D15/><RYUUKYOKU ba="0,1" sc="222,-10,292,-10,258,-10,218,30" hai3="16,19,25,29,32,37,38,43,47,48,93,98,103" /><INIT seed="3,1,1,4,4,11" ten="212,282,248,248" oya="3" hai0="125,68,15,63,8,73,89,122,66,22,32,99,101" hai1="57,61,35,3,25,83,97,34,74,7,93,29,123" hai2="49,76,36,42,33,84,48,59,19,102,27,20,132" hai3="47,87,1,105,80,12,124,92,115,86,71,133,23"/><W103/><G1/><T2/><D122/><U14/><E123/><V62/><F132/><W38/><G115/><T100/><D73/><U82/><E34/><V30/><F102/><W118/><G71/><T112/><D32/><U131/><E131/><V0/><F0/><W127/><G118/><T77/><D112/><U26/><E3/><V96/><F96/><N who="3" m="59783" /><G105/><T56/><D125/><N who="3" m="48201" /><G133/><T107/><D77/><U4/><E26/><V91/><F76/><W44/><G38/><T110/><D110/><U54/><E74/><V9/><F36/><W28/><G28/><T98/><D2/><U88/><REACH who="1" step="1"/><E14/><REACH who="1" ten="212,272,248,248" step="2"/><V95/><F27/><W128/><G128/><T55/><D107/><U17/><E17/><V6/><F19/><N who="3" m="10727" /><G87/><T52/><D101/><U18/><E18/><V85/><F84/><W121/><G121/><T113/><D100/><U106/><E106/><V134/><F85/><W65/><G65/><T31/><D113/><U114/><E114/><V111/><F134/><W67/><G67/><T51/><D66/><U21/><E21/><V81/><F20/><W90/><AGARI ba="1,2" hai="44,47,80,86,90" m="10727,48201,59783" machi="90" ten="30,3000,0" yaku="18,1,52,1" doraHai="11" who="3" fromWho="3" sc="212,-11,272,-11,248,-11,248,53" /><INIT seed="3,2,0,2,4,27" ten="201,261,237,301" oya="3" hai0="61,101,96,63,125,66,112,79,126,56,35,37,74" hai1="36,53,13,14,135,42,33,28,5,100,18,59,68" hai2="131,122,94,64,76,44,130,20,47,115,6,23,40" hai3="12,92,38,52,118,83,89,67,111,120,109,32,127"/><W39/><G118/><T16/><D37/><U30/><E33/><V84/><F115/><W99/><G120/><T34/><D112/><U55/><E68/><V102/><F122/><W78/><G67/><T91/><D79/><U45/><E135/><V107/><F64/><W62/><G32/><T15/><D74/><U104/><E5/><V9/><F107/><W119/><G12/><T2/><D2/><U93/><E104/><V117/><F117/><W75/><G127/><N who="0" m="48651" /><D63/><U17/><E55/><V124/><F124/><W114/><G114/><T54/><D54/><U123/><E123/><V3/><F76/><W98/><G98/><T11/><D91/><U51/><E93/><AGARI ba="2,0" hai="11,15,16,34,35,56,61,66,93,96,101" m="48651" machi="93" ten="30,2000,0" yaku="18,1,54,1" doraHai="27" who="0" fromWho="1" sc="201,26,261,-26,237,0,301,0" /><INIT seed="4,0,0,5,0,84" ten="227,235,237,301" oya="0" hai0="123,106,51,94,74,19,87,102,39,9,82,119,27" hai1="30,91,69,76,56,20,2,34,6,61,11,77,101" hai2="75,52,115,42,40,59,86,13,107,113,124,21,50" hai3="131,25,10,53,45,49,41,1,96,5,57,114,108"/><T71/><D39/><U93/><E69/><V29/><F75/><W36/><G108/><T116/><D71/><U112/><E34/><V83/><F124/><W60/><G131/><T0/><D123/><U128/><E128/><V85/><F107/><W127/><G127/><T79/><D51/><U7/><E112/><N who="2" m="43083" /><F86/><W109/><G109/><T95/><D0/><U80/><E101/><V68/><F68/><W133/><G133/><T4/><D4/><U63/><E63/><V125/><F125/><W35/><G114/><T130/><D130/><U44/><E44/><V105/><F105/><W120/><G120/><T104/><D9/><U37/><E37/><V103/><F103/><W66/><G96/><N who="0" m="59679" /><D27/><N who="1" m="16743" /><E2/><V65/><F65/><W132/><G132/><T33/><D19/><U88/><E93/><V118/><F118/><N who="0" m="45098" /><D33/><U97/><E97/><V38/><F38/><W48/><G66/><T100/><D100/><U22/><E22/><V47/><F47/><W14/><G1/><T122/><D122/><U12/><E7/><V23/><F23/><W92/><G35/><T43/><D43/><U90/><E80/><V111/><F111/><W99/><G25/><T15/><D15/><U129/><E129/><V28/><F13/><W67/><G67/><AGARI ba="0,0" hai="6,11,12,56,61,67,76,77,88,90,91" m="16743" machi="67" ten="30,8000,1" yaku="8,1,52,3,54,1" doraHai="84" who="1" fromWho="3" sc="227,0,235,80,237,0,301,-80" /><INIT seed="5,0,0,2,1,109" ten="227,315,237,221" oya="1" hai0="104,49,82,112,114,1,37,30,25,32,68,72,21" hai1="76,122,129,59,73,99,61,17,5,134,45,58,90" hai2="13,65,135,4,26,125,47,31,130,55,33,63,128" hai3="92,60,94,79,71,44,34,108,105,7,117,115,131"/><U66/><E122/><V8/><F135/><W35/><G105/><T116/><D37/><U102/><E129/><V118/><F118/><W106/><G106/><T119/><D104/><U111/><E5/><V41/><F55/><W22/><G131/><T18/><D68/><U51/><E73/><V10/><F10/><W42/><G108/><T24/><D49/><U56/><E76/><V83/><F125/><W126/><G126/><T50/><D50/><U121/><E121/><V74/><F74/><W69/><G117/><N who="0" m="45131" /><D82/><U16/><E134/><V53/><F53/><W85/><G7/><T127/><D72/><U48/><E90/><V110/><F83/><W14/><G35/><T97/><D97/><U36/><E51/><V40/><F110/><W3/><G3/><T93/><D93/><N who="1" m="58735" /><E36/><V9/><F4/><W78/><G34/><T52/><D52/><N who="1" m="29711" /><E111/><V87/><F33/><W84/><G60/><T11/><D127/><U75/><E75/><V103/><F63/><W12/><G22/><T43/><D43/><U86/><E86/><V101/><F41/><W77/><G42/><T38/><D38/><U96/><E96/><V88/><F40/><W20/><G79/><T91/><D91/><U15/><E17/><V27/><F88/><W39/><G39/><T54/><D54/><U46/><E46/><V113/><F47/><W70/><G44/><T62/><D62/><U98/><E98/><V95/><F87/><W64/><G69/><T89/><D89/><U57/><E59/><V100/><F128/><W133/><G70/><T81/><D81/><U23/><AGARI ba="0,0" hai="15,16,23,56,57,58,61,66" m="29711,58735" machi="23" ten="30,11700,0" yaku="5,1,8,1,54,2" doraHai="109" who="1" fromWho="1" sc="227,-39,315,117,237,-39,221,-39" /><INIT seed="5,1,0,1,4,95" ten="188,432,198,182" oya="1" hai0="124,15,6,24,51,40,133,73,59,101,121,92,67" hai1="119,125,64,0,84,104,21,57,34,123,78,112,55" hai2="103,79,116,41,80,18,53,16,14,69,42,106,1" hai3="61,122,5,128,48,60,8,72,102,131,13,111,58"/><U29/><E34/><V20/><F1/><W88/><G122/><T56/><D73/><U45/><E0/><V4/><F116/><W27/><G111/><T89/><D124/><U76/><E104/><V46/><F4/><W110/><G72/><T98/><D133/><U7/><E112/><V120/><F120/><W52/><G110/><T26/><D121/><U113/><E7/><V85/><F69/><W23/><G102/><T28/><D67/><U115/><E125/><V50/><REACH who="2" step="1"/><F18/><REACH who="2" ten="188,432,188,182" step="2"/><W99/><G131/><T66/><D6/><U77/><E123/><V11/><F11/><W87/><G128/><T109/><D109/><U25/><E119/><V96/><AGARI ba="1,1" hai="14,16,20,41,42,46,50,53,79,80,85,96,103,106" machi="96" ten="30,7900,0" yaku="1,1,0,1,52,1,54,1,53,0" doraHai="95" doraHaiUra="33" who="2" fromWho="2" sc="188,-21,432,-40,188,92,182,-21" /><INIT seed="6,0,0,0,5,113" ten="167,392,280,161" oya="2" hai0="129,110,7,40,102,51,115,92,100,112,90,37,74" hai1="131,55,75,108,77,93,66,107,8,95,94,41,62" hai2="22,39,80,28,46,85,43,97,17,101,132,83,121" hai3="130,20,47,111,106,91,98,58,78,72,0,105,26"/><V32/><F121/><W88/><G111/><T64/><D37/><U76/><E107/><V134/><F32/><W35/><G35/><T87/><D110/><U36/><E108/><V118/><F28/><W125/><G0/><T18/><D7/><U11/><E131/><V82/><F118/><W19/><G130/><T21/><D74/><U52/><E36/><V109/><F85/><W45/><G125/><T114/><D64/><U68/><E41/><V126/><F126/><W81/><G58/><T70/><D70/><U4/><E11/><V2/><F2/><W99/><G99/><T12/><D129/><U63/><E63/><V89/><F89/><W122/><G122/><T123/><D123/><U5/><E5/><V135/><F109/><W128/><G128/><T117/><D117/><U9/><E9/><V56/><F56/><W14/><G26/><T119/><D119/><U31/><E31/><V60/><F60/><W34/><G34/><T30/><D30/><U86/><E86/><V57/><F57/><W24/><G24/><T10/><D10/><U79/><REACH who="1" step="1"/><E75/><REACH who="1" ten="167,382,280,161" step="2"/><V127/><F127/><W44/><REACH who="3" step="1"/><G106/><REACH who="3" ten="167,382,280,151" step="2"/><T16/><D18/><U27/><E27/><N who="2" m="14799" /><F97/><W61/><G61/><T65/><D65/><U33/><E33/><V104/><F104/><W50/><G50/><T116/><D116/><U25/><E25/><V48/><F48/><W42/><G42/><T23/><D40/><U73/><E73/><V124/><F124/><W67/><G67/><T133/><D51/><U1/><AGARI ba="0,2" hai="1,4,8,52,55,62,66,68,76,77,79,93,94,95" machi="1" ten="30,4000,0" yaku="1,1,0,1,54,1,53,0" doraHai="113" doraHaiUra="71" who="1" fromWho="1" sc="167,-10,382,60,280,-20,151,-10" /><INIT seed="7,0,0,3,2,102" ten="157,442,260,141" oya="3" hai0="103,72,65,107,118,81,56,117,73,94,67,115,63" hai1="27,132,4,13,16,100,66,5,77,112,24,104,50" hai2="123,21,71,114,110,29,41,91,111,76,48,3,88" hai3="84,74,126,58,131,43,2,121,97,11,68,125,87"/><W30/><G68/><T108/><D107/><U35/><E77/><V130/><F71/><W55/><G121/><T99/><D108/><U44/><E112/><V79/><F3/><W45/><G74/><T60/><D115/><U119/><E132/><V20/><F114/><W32/><G131/><T10/><D10/><U12/><E66/><V69/><F69/><W61/><G30/><T82/><D73/><U46/><E104/><V122/><F48/><N who="3" m="26687" /><G32/><T23/><D72/><U128/><E100/><V22/><F41/><W42/><G42/><T17/><D117/><U28/><E46/><V64/><F64/><W6/><G97/><T9/><D9/><U47/><E47/><V133/><F133/><W134/><G134/><T92/><D92/><U1/><E1/><V37/><F37/><W106/><G106/><T80/><D118/><U31/><E50/><V19/><F29/><W18/><G18/><T54/><D63/><U95/><E44/><V34/><F19/><W36/><G36/><T98/><D99/><U14/><E95/><V116/><F34/><W62/><G62/><T113/><D113/><U15/><E119/><V105/><F105/><W40/><G40/><T51/><D60/><U85/><E85/><V52/><F116/><W86/><G86/><T101/><D101/><U7/><E128/><V26/><F130/><W38/><G38/><T90/><D103/><U39/><E39/><V8/><F123/><W109/><G109/><T127/><D127/><N who="3" m="48649" /><G87/><T57/><D57/><U53/><N who="1" m="3072" /><DORA hai="89" /><U120/><E35/><V25/><F122/><W135/><G135/><RYUUKYOKU ba="0,0" sc="157,15,442,-15,260,-15,141,15" hai0="17,23,51,54,56,65,67,80,81,82,90,94,98" hai3="2,6,11,55,58,61,84" /><INIT seed="7,1,0,2,1,76" ten="172,427,245,156" oya="3" hai0="19,87,56,72,6,70,77,106,92,61,116,119,7" hai1="31,125,95,103,1,26,51,134,117,71,49,40,27" hai2="13,127,114,41,0,121,38,101,93,60,111,15,110" hai3="53,81,21,65,128,85,104,55,129,86,46,84,113"/><W98/><G113/><T64/><D106/><U44/><E1/><V36/><F0/><W91/><G65/><T109/><D109/><U28/><E71/><V69/><F114/><W123/><G123/><T108/><D108/><U100/><E134/><V75/><F69/><W97/><G21/><T59/><D72/><U118/><E125/><V37/><F127/><W30/><G30/><T94/><D70/><U34/><E95/><N who="0" m="36393" /><D116/><N who="1" m="44651" /><E51/><V8/><F75/><W58/><G46/><T102/><D102/><U23/><AGARI ba="1,0" hai="23,26,27,28,31,34,40,44,49,100,103" m="44651" machi="23" ten="30,1100,0" yaku="12,1" doraHai="76" who="1" fromWho="1" sc="172,-4,427,14,245,-4,156,-6" owari="168,-23.0,441,54.0,241,4.0,150,-35.0" /></mjloggm>