<mjloggm ver="2.3"><GO type="97" lobby="0"/><UN n0="%6D%61%73%61%32%34" n1="%47%2D%6E%65%74" n2="%E5%B0%B1%E6%B4%BB%E7%94%9F%40%E5%B7%9D%E6%9D%91%E8%BB%8D%E5%9B%A3" n3="%74%61%6B%61%6D%69%74%75" dan="14,14,15,13" rate="1852.15,1892.14,2097.92,1866.56" sx="M,M,M,F"/><TAIKYOKU oya="0"/><INIT seed="0,0,0,2,1,2" ten="250,250,250,250" oya="0" hai0="38,13,26,40,29,117,74,107,97,135,47,5,67" hai1="19,52,77,119,116,115,21,93,10,23,11,17,70" hai2="111,84,1,79,71,90,95,98,109,122,45,16,81" hai3="24,35,44,75,96,89,58,18,68,114,65,94,22"/><T66/><D117/><U103/><E70/><V87/><F71/><W30/><G75/><T8/><D135/><U9/><E77/><V37/><F1/><W6/><G68/><T34/><D67/><U128/><E128/><V72/><F37/><W85/><G114/><T131/><D66/><U76/><E76/><V132/><F45/><W133/><G133/><T92/><D131/><U15/><E115/><V118/><F132/><W63/><G44/><T54/><D54/><U104/><E104/><V55/><F55/><W61/><G61/><T56/><D56/><U31/><E52/><V12/><F118/><N who="1" m="45097" /><E93/><V4/><F4/><W112/><G112/><T121/><D121/><U101/><E101/><V60/><F60/><W125/><G125/><T28/><D28/><U36/><E36/><V134/><F134/><W99/><G6/><T62/><D62/><U91/><E91/><V106/><F122/><W86/><G99/><T82/><D82/><U105/><E103/><V129/><F129/><W43/><G43/><T25/><D25/><AGARI ba="0,0" hai="18,22,24,25,30,35,58,63,65,85,86,89,94,96" machi="25" ten="30,1000,0" yaku="7,1" doraHai="2" who="3" fromWho="0" sc="250,-10,250,0,250,0,250,10" /><INIT seed="1,0,0,4,0,10" ten="240,250,250,260" oya="1" hai0="2,6,65,116,132,4,59,117,58,114,1,51,31" hai1="72,131,24,19,74,48,84,90,76,29,15,63,47" hai2="69,38,43,109,133,18,99,68,98,5,25,33,89" hai3="40,95,55,20,57,88,112,82,49,80,60,8,45"/><U115/><E115/><V113/><F109/><W134/><G112/><T83/><D114/><U22/><E131/><V93/><F113/><W7/><G134/><T103/><D132/><U101/><E101/><V130/><F130/><W106/><G106/><T87/><D103/><U108/><E108/><V64/><F133/><W41/><G41/><T12/><D31/><U16/><E63/><V14/><F5/><W9/><G20/><T23/><D2/><U81/><E19/><V44/><F98/><W128/><G128/><T121/><D1/><U122/><E122/><V135/><F135/><W105/><G105/><T3/><D121/><U30/><E30/><V127/><F127/><W28/><G28/><T96/><D3/><U85/><E85/><V102/><F102/><W67/><G67/><T36/><D36/><U124/><E76/><V111/><F111/><W77/><G77/><T78/><D96/><U37/><E37/><V75/><F75/><W100/><G100/><T50/><D116/><U94/><E124/><V119/><F64/><W66/><G66/><T17/><D117/><U21/><REACH who="1" step="1"/><E81/><REACH who="1" ten="240,240,250,260" step="2"/><N who="3" m="31338" /><G7/><N who="0" m="2603" /><D65/><U62/><E62/><V39/><F39/><W97/><AGARI ba="0,1" hai="8,9,40,45,49,55,57,60,88,95,97" m="31338" machi="97" ten="30,2000,0" yaku="8,1,54,1" doraHai="10" who="3" fromWho="3" sc="240,-5,240,-10,250,-5,260,30" /><INIT seed="2,0,0,3,4,90" ten="235,230,245,290" oya="2" hai0="71,2,34,9,4,112,8,41,45,125,14,83,118" hai1="18,133,69,96,57,73,17,20,23,116,86,114,60" hai2="65,36,101,16,25,82,97,130,105,33,91,32,92" hai3="94,42,55,126,84,37,61,122,22,70,108,103,80"/><V62/><F36/><W134/><G122/><T68/><D112/><U27/><E116/><V38/><F38/><W29/><G108/><T52/><D118/><U99/><E73/><V131/><F82/><W81/><G134/><T74/><D125/><U76/><E114/><V12/><F25/><W100/><G126/><T98/><D98/><U46/><E69/><N who="2" m="42167" /><F91/><W89/><G42/><T102/><D102/><U39/><E39/><V63/><F63/><W95/><G37/><T5/><D34/><U78/><E46/><V59/><F59/><N who="3" m="35071" /><G70/><T28/><D28/><U49/><E49/><V6/><F6/><W24/><G81/><T111/><D111/><U3/><E3/><V21/><F105/><W93/><AGARI ba="0,0" hai="22,24,29,80,84,89,93,94,95,100,103" m="35071" machi="93" ten="30,7900,0" yaku="8,1,52,3" doraHai="90" who="3" fromWho="3" sc="235,-20,230,-20,245,-39,290,79" /><INIT seed="3,0,0,4,5,20" ten="215,210,206,369" oya="3" hai0="46,63,101,131,93,19,64,55,100,103,102,90,29" hai1="11,75,35,22,21,57,127,112,91,27,38,74,16" hai2="124,71,69,104,116,85,125,32,82,15,99,5,105" hai3="39,45,44,106,70,60,123,98,0,8,134,88,113"/><W6/><G113/><T79/><D131/><U13/><E112/><V14/><F116/><W67/><G134/><T25/><N who="0" m="26112" /><DORA hai="36" /><T76/><D19/><U110/><E127/><N who="2" m="48715" /><F32/><W121/><G44/><T56/><D46/><U115/><E110/><V129/><F99/><W3/><G106/><N who="2" m="41065" /><F129/><W122/><G3/><T133/><D133/><U17/><E115/><V28/><F28/><W107/><G107/><T41/><D41/><U66/><E38/><V33/><F33/><W52/><G98/><T62/><D25/><U92/><E35/><V72/><F72/><W40/><G40/><T54/><D29/><U10/><E75/><V59/><F59/><W7/><G7/><T68/><REACH who="0" step="1"/><D55/><REACH who="0" ten="205,210,206,369" step="2"/><U111/><E111/><V119/><F119/><W84/><G39/><T97/><AGARI ba="0,1" hai="54,56,62,63,64,68,76,79,90,93,97" m="26112" machi="97" ten="40,8000,1" yaku="1,1,2,1,0,1,53,1" doraHai="20,36" doraHaiUra="95,81" who="0" fromWho="0" sc="205,90,210,-20,206,-20,369,-40" owari="295,10.0,190,-21.0,186,-31.0,329,42.0" /></mjloggm>