<mjloggm ver="2.3"><GO type="169" lobby="0"/><UN n0="%E9%81%BF%E3%81%91%E3%82%8B%E3%83%81%E3%83%BC%E3%82%BA" n1="%E3%83%95%E3%82%A7%E3%83%AB%E3%83%8A%E3%83%B3%E3%83%89" n2="%E3%83%88%E3%83%88%E3%83%AA%E5%85%88%E7%94%9F%31%39%E6%AD%B3" n3="%6A%69%6E%6B%61%69" dan="17,17,18,16" rate="2161.34,2250.56,2258.46,2066.25" sx="F,M,F,M"/><TAIKYOKU oya="0"/><INIT seed="0,0,0,2,1,70" ten="250,250,250,250" oya="0" hai0="41,27,94,104,17,125,106,11,34,103,56,50,105" hai1="6,87,133,115,93,73,36,43,45,98,51,62,108" hai2="48,44,33,114,76,66,10,14,39,96,90,83,49" hai3="0,25,102,135,111,134,121,20,13,52,9,126,54"/><T127/><D34/><U46/><E73/><V72/><F114/><W21/><G0/><T89/><D11/><U23/><E115/><V59/><F33/><W7/><G111/><T26/><D17/><U92/><E108/><V4/><F66/><W63/><G126/><N who="0" m="48139" /><D103/><U31/><E133/><N who="3" m="50698" /><G121/><T110/><D110/><U74/><E74/><V28/><F59/><N who="3" m="35303" /><G102/><T84/><D56/><U1/><E6/><V42/><REACH who="2" step="1"/><F28/><REACH who="2" ten="250,250,240,250" step="2"/><N who="3" m="17447" /><G54/><T132/><D132/><U37/><E31/><V35/><F35/><W99/><G21/><T2/><D2/><U57/><E23/><V8/><F8/><W71/><G71/><T119/><D119/><U129/><E1/><V100/><F100/><W97/><AGARI ba="0,1" hai="7,9,13,97,99" m="17447,35303,50698" machi="97" ten="30,2000,0" yaku="20,1,54,1" doraHai="70" who="3" fromWho="3" sc="250,-10,250,-5,240,-5,250,30" /><INIT seed="1,0,0,0,2,25" ten="240,245,235,280" oya="1" hai0="113,26,107,35,74,52,96,135,36,122,12,121,87" hai1="21,130,105,92,94,42,129,100,77,57,73,7,53" hai2="115,110,55,59,117,54,116,93,79,83,56,65,84" hai3="99,101,19,47,66,104,103,40,18,20,88,112,68"/><U6/><E105/><V29/><F110/><W118/><G112/><T24/><D74/><U45/><E73/><V22/><F115/><W1/><G1/><T127/><D36/><U72/><E72/><V51/><F65/><W16/><G103/><T97/><D113/><U69/><E69/><V49/><REACH who="2" step="1"/><F93/><REACH who="2" ten="240,245,225,280" step="2"/><N who="3" m="56743" /><G66/><T119/><D122/><U78/><E94/><V60/><F60/><W33/><G118/><T71/><D121/><U98/><E92/><V128/><F128/><W61/><G104/><T27/><D119/><U82/><E130/><V15/><F15/><W14/><G68/><T9/><D107/><U46/><E129/><V28/><F28/><W23/><G61/><T37/><D71/><U17/><E100/><V38/><F38/><W0/><G101/><T132/><D37/><U75/><E98/><V11/><F11/><W34/><G0/><T58/><D97/><U95/><E95/><V125/><F125/><W123/><G123/><T8/><D96/><U62/><E78/><V86/><F86/><W30/><G14/><T31/><D87/><U50/><E46/><V4/><F4/><W114/><G114/><T81/><D127/><U3/><E3/><V2/><F2/><W67/><G67/><T109/><D109/><U63/><E62/><V120/><F120/><W108/><G30/><T126/><D126/><U124/><E124/><V111/><F111/><W48/><G108/><T134/><D8/><U133/><E133/><V43/><F43/><W80/><G80/><T39/><D39/><U64/><E42/><V106/><F106/><W13/><G13/><AGARI ba="0,1" hai="6,7,13,17,21,45,50,53,57,63,64,75,77,82" machi="13" ten="30,2900,0" yaku="6,1,7,1" doraHai="25" who="1" fromWho="3" sc="240,0,245,39,225,0,280,-29" /><INIT seed="1,1,0,0,2,126" ten="240,284,225,251" oya="1" hai0="37,18,62,10,75,54,60,133,16,74,94,132,117" hai1="70,114,24,34,107,129,115,44,61,46,3,69,100" hai2="9,112,92,21,55,4,2,56,102,20,73,103,82" hai3="51,124,42,26,90,5,109,57,32,8,13,28,30"/><U111/><E3/><V47/><F112/><W50/><G124/><T43/><D117/><U67/><E70/><V105/><F105/><W127/><G109/><T71/><D71/><U15/><E15/><V19/><F21/><W22/><G127/><T96/><D43/><U72/><E72/><V123/><F123/><W121/><G121/><T65/><D37/><U89/><E89/><V81/><F47/><N who="1" m="17961" /><E111/><V128/><F128/><W78/><G78/><T104/><D104/><U25/><E25/><V83/><F73/><W119/><G42/><T93/><D65/><U11/><E11/><V122/><F92/><W64/><G119/><T77/><D77/><U53/><E53/><V6/><F122/><W38/><G38/><T86/><D54/><U95/><E95/><V63/><REACH who="2" step="1"/><F4/><REACH who="2" ten="240,284,215,251" step="2"/><W33/><G33/><T134/><D134/><U135/><E135/><V58/><F58/><W68/><G68/><T29/><D133/><U66/><E129/><V35/><F35/><W99/><G32/><T12/><D132/><U36/><E36/><V76/><F76/><W87/><G30/><T59/><D29/><N who="1" m="19751" /><E67/><V31/><F31/><W101/><G57/><T130/><D130/><U0/><E0/><V116/><F116/><W14/><G64/><T91/><D59/><U17/><E17/><V1/><F1/><W88/><G28/><T120/><D120/><U84/><E84/><V131/><F131/><W110/><G87/><T40/><D75/><U48/><E48/><N who="3" m="18474" /><G110/><T39/><D74/><U113/><E115/><V45/><F45/><W106/><G13/><AGARI ba="1,1" hai="2,6,9,13,19,20,55,56,63,81,82,83,102,103" machi="13" ten="40,1300,0" yaku="1,1,53,0" doraHai="126" doraHaiUra="85" who="2" fromWho="3" sc="240,0,284,0,215,26,251,-16" /><INIT seed="2,0,0,1,1,135" ten="240,284,241,235" oya="2" hai0="62,97,105,33,85,59,51,20,75,36,44,88,81" hai1="10,6,79,19,132,82,18,25,64,61,5,83,45" hai2="71,43,109,128,0,9,22,47,89,1,55,35,50" hai3="29,78,30,80,123,122,86,77,40,34,104,12,46"/><V95/><F35/><W39/><G104/><T13/><D33/><U115/><E115/><V56/><F71/><W63/><G77/><T96/><D36/><U16/><E132/><V84/><F128/><W49/><G39/><T53/><D75/><U118/><E118/><V93/><F109/><W129/><G129/><T73/><D73/><U127/><E45/><V54/><F54/><W2/><G2/><T102/><D102/><U121/><E121/><V114/><F114/><W66/><G12/><T7/><D105/><U70/><E83/><V91/><F9/><W58/><REACH who="3" step="1"/><G29/><REACH who="3" ten="240,284,241,225" step="2"/><T4/><D4/><U15/><E6/><V28/><F28/><W117/><G117/><T52/><D7/><U48/><E5/><V126/><F0/><W103/><G103/><T57/><D13/><U26/><E15/><V3/><F3/><W14/><G14/><T106/><D106/><U90/><E79/><V74/><F1/><W76/><G76/><T67/><REACH who="0" step="1"/><D20/><REACH who="0" ten="230,284,241,225" step="2"/><U99/><E26/><AGARI ba="0,2" hai="26,30,34,40,46,49,58,63,66,78,80,86,122,123" machi="26" ten="40,1300,0" yaku="1,1,53,0" doraHai="135" doraHaiUra="69" who="3" fromWho="1" sc="230,0,284,-13,241,0,225,33" /><INIT seed="3,0,0,0,3,78" ten="230,271,241,258" oya="3" hai0="11,18,6,25,7,75,122,76,126,0,26,35,96" hai1="67,15,113,98,74,128,121,54,109,71,115,65,103" hai2="123,23,125,52,91,135,134,102,129,17,72,130,60" hai3="105,21,120,106,107,9,45,1,118,62,57,81,116"/><W90/><G120/><T124/><D96/><U61/><E121/><V53/><F123/><W24/><G45/><T86/><D75/><U42/><E42/><V127/><F72/><W10/><G10/><N who="0" m="2375" /><D86/><U63/><E74/><V117/><F91/><W108/><G9/><T37/><D76/><U80/><E109/><V104/><F117/><W46/><G46/><T8/><D37/><U22/><E128/><N who="2" m="49259" /><F102/><W110/><G1/><N who="0" m="111" /><D122/><U32/><E54/><N who="2" m="21099" /><F60/><W99/><G116/><T55/><D55/><U38/><E63/><V58/><F58/><W68/><G68/><T44/><D44/><U59/><E71/><V84/><F84/><N who="3" m="50447" /><G118/><T29/><D26/><U69/><E69/><V93/><F93/><W33/><G57/><T4/><D18/><U66/><E59/><V3/><F3/><AGARI ba="0,0" hai="3,4,11,25,29,35,124,126" m="111,2375" machi="3" ten="30,3900,0" yaku="23,1,34,2" doraHai="78" who="0" fromWho="2" sc="230,39,271,0,241,-39,258,0" /><INIT seed="4,0,0,2,5,111" ten="269,271,202,258" oya="0" hai0="124,50,60,18,40,120,56,129,5,54,128,117,107" hai1="67,81,93,15,42,99,84,52,61,57,62,76,109" hai2="8,33,45,58,30,96,88,16,55,28,118,89,131" hai3="17,114,4,74,121,47,63,24,69,41,34,1,35"/><T73/><D73/><U110/><E42/><V7/><F131/><N who="0" m="50250" /><D107/><U22/><E15/><N who="2" m="7271" /><F33/><N who="3" m="12299" /><G17/><T116/><D5/><U3/><E22/><V85/><F7/><W66/><G24/><T122/><D18/><U53/><E3/><V133/><F133/><W123/><G114/><T98/><D98/><U44/><E53/><V80/><F45/><W64/><G64/><N who="0" m="38919" /><D40/><U86/><E86/><N who="2" m="50247" /><F96/><W108/><G74/><T68/><D68/><U20/><E20/><V48/><F118/><N who="0" m="45674" /><D124/><U91/><REACH who="1" step="1"/><E44/><AGARI ba="0,0" hai="44,50,54,120,122" m="45674,38919,50250" machi="44" ten="30,5800,0" yaku="19,1,34,2" doraHai="111" who="0" fromWho="1" sc="269,58,271,-58,202,0,258,0" /><INIT seed="4,1,0,5,2,72" ten="327,213,202,258" oya="0" hai0="117,100,99,18,56,105,93,26,14,37,86,68,52" hai1="21,67,133,32,28,75,20,35,123,115,15,118,89" hai2="66,129,8,103,34,36,47,84,62,57,91,22,0" hai3="107,104,131,53,116,33,27,101,9,108,94,119,31"/><T6/><D68/><U41/><E118/><V102/><F34/><W73/><G108/><T76/><D37/><U134/><E67/><V55/><F129/><W121/><G131/><T44/><D44/><U38/><E75/><V98/><F0/><W24/><G73/><T42/><D42/><U81/><E38/><V135/><F135/><N who="1" m="51721" /><E41/><V10/><F36/><W29/><G121/><T4/><D26/><N who="1" m="16463" /><E89/><V59/><F22/><W12/><G53/><T65/><D65/><U19/><E81/><V46/><F46/><W23/><G94/><T110/><D110/><U40/><E40/><V51/><F47/><W88/><G88/><T126/><D126/><U79/><E79/><V120/><F120/><W17/><REACH who="3" step="1"/><G101/><REACH who="3" ten="327,213,202,248" step="2"/><N who="2" m="38409" /><F98/><W127/><G127/><T85/><D117/><AGARI ba="1,1" hai="9,12,17,23,24,27,29,31,33,104,107,116,117,119" machi="117" ten="40,1300,0" yaku="1,1,53,0" doraHai="72" doraHaiUra="50" who="3" fromWho="0" sc="327,-16,213,0,202,0,248,26" /><INIT seed="5,0,0,0,0,124" ten="311,213,202,274" oya="1" hai0="51,46,4,52,122,23,102,77,86,66,134,42,8" hai1="61,5,63,10,3,34,84,76,74,92,13,38,64" hai2="131,47,62,2,96,72,35,93,83,130,30,67,57" hai3="21,39,75,70,126,129,32,31,82,79,110,112,78"/><U113/><E74/><V58/><F2/><W14/><G78/><T59/><D122/><U56/><E38/><V89/><F47/><W106/><G14/><T19/><D102/><U12/><E34/><V37/><F37/><W120/><G21/><T69/><D134/><U94/><E113/><V33/><F57/><W118/><G31/><T36/><D86/><U27/><E27/><V119/><F119/><W95/><G95/><T40/><D77/><U88/><E76/><N who="2" m="44423" /><F30/><W101/><G82/><T90/><D90/><U6/><E6/><V135/><F135/><W73/><G101/><T108/><D108/><U7/><E7/><V132/><F132/><W1/><G79/><T71/><D42/><U54/><REACH who="1" step="1"/><E94/><REACH who="1" ten="311,203,202,274" step="2"/><V116/><F116/><W18/><G18/><T45/><D36/><U123/><E123/><V105/><F105/><W25/><G25/><T16/><D4/><U98/><E98/><V121/><F121/><W107/><G106/><T81/><D81/><U97/><E97/><V9/><F35/><W50/><G107/><T48/><D19/><U125/><E125/><V22/><F33/><W87/><G75/><T17/><D17/><U11/><E11/><V109/><F9/><W43/><G73/><T55/><D16/><U91/><E91/><V133/><F133/><W26/><G126/><T100/><D8/><U15/><E15/><V68/><F109/><W60/><G39/><N who="0" m="21663" /><D23/><U28/><E28/><V44/><F22/><W103/><G32/><T99/><D99/><U20/><E20/><V85/><F96/><W114/><G120/><T80/><D80/><RYUUKYOKU ba="0,1" sc="311,-10,203,30,202,-10,274,-10" hai1="3,5,10,12,13,54,56,61,63,64,84,88,92" /><INIT seed="5,1,1,5,5,32" ten="301,233,192,264" oya="1" hai0="5,129,102,89,31,62,11,124,58,120,117,70,51" hai1="8,114,29,111,36,74,40,130,126,94,10,97,80" hai2="115,84,79,6,17,28,134,87,13,57,83,71,107" hai3="85,34,49,50,93,103,82,121,135,78,41,53,12"/><U26/><E114/><V22/><F71/><W39/><G34/><T60/><D117/><U77/><E130/><V73/><F107/><W88/><G135/><T65/><D129/><U108/><E126/><V116/><F116/><W128/><G121/><T44/><D124/><U125/><E125/><V55/><F134/><W14/><G103/><T98/><D31/><U101/><E40/><V133/><F133/><W45/><G128/><T46/><D89/><U113/><E36/><V16/><F115/><W48/><REACH who="3" step="1"/><G53/><REACH who="3" ten="301,233,192,254" step="2"/><T3/><D120/><U30/><E113/><V35/><F35/><W0/><G0/><T19/><D3/><U9/><REACH who="1" step="1"/><E30/><REACH who="1" ten="301,223,192,254" step="2"/><V110/><F28/><W99/><AGARI ba="1,3" hai="12,14,39,41,45,48,49,50,78,82,85,88,93,99" machi="99" ten="30,4000,0" yaku="1,1,0,1,54,1,53,0" doraHai="32" doraHaiUra="100" who="3" fromWho="3" sc="301,-11,223,-21,192,-11,254,73" /><INIT seed="6,0,0,2,1,35" ten="290,202,181,327" oya="2" hai0="42,19,60,71,80,104,86,59,63,45,103,121,34" hai1="26,74,21,49,17,52,10,79,70,28,135,72,30" hai2="68,29,114,120,89,57,130,134,4,7,85,55,2" hai3="50,9,44,113,75,102,123,116,111,76,83,43,107"/><V65/><F120/><W23/><G116/><T46/><D121/><U25/><E70/><V94/><F114/><W13/><G111/><T18/><D34/><U129/><E135/><V31/><F134/><W92/><G113/><T125/><D125/><U133/><E133/><V0/><F130/><W110/><G110/><T78/><D71/><U56/><E129/><V38/><F38/><W126/><G126/><T101/><D60/><U112/><E79/><V12/><F65/><W22/><G107/><T47/><D42/><U16/><E112/><V122/><F68/><W115/><G115/><T64/><D104/><U106/><E106/><V37/><F37/><W118/><G118/><T27/><D27/><U96/><E96/><V108/><F108/><W8/><G8/><T95/><D95/><U11/><E74/><V87/><F87/><N who="3" m="48615" /><G123/><T131/><D131/><U48/><E72/><V117/><F117/><W73/><G75/><T3/><D3/><U77/><E77/><V93/><F93/><W132/><G73/><T100/><AGARI ba="0,0" hai="18,19,45,46,47,59,63,64,78,80,86,100,101,103" machi="100" ten="30,2000,0" yaku="0,1,8,1" doraHai="35" who="0" fromWho="0" sc="290,20,202,-5,181,-10,327,-5" /><INIT seed="7,0,0,2,2,44" ten="310,197,171,322" oya="3" hai0="124,37,131,93,31,106,82,34,42,76,54,87,10" hai1="35,59,8,119,69,36,129,134,86,52,77,19,12" hai2="101,29,53,61,99,105,68,115,65,28,95,25,71" hai3="4,40,21,33,113,18,6,78,9,123,55,56,96"/><W1/><G123/><T81/><D106/><U0/><E69/><V5/><F115/><W125/><G33/><T47/><D131/><U45/><E129/><V51/><F71/><W80/><G113/><T98/><D124/><U39/><E35/><V89/><F5/><W128/><G40/><T104/><D104/><U58/><E0/><V116/><F116/><W14/><G128/><T2/><D31/><U90/><E119/><V22/><F29/><W7/><G96/><T94/><D34/><U121/><E121/><V120/><F120/><W118/><G118/><T57/><D98/><U126/><E126/><V91/><F105/><W3/><G125/><T102/><D102/><U133/><E77/><V50/><F50/><W111/><G111/><T72/><D54/><U135/><E45/><AGARI ba="0,0" hai="22,25,28,45,51,53,61,65,68,89,91,95,99,101" machi="45" ten="30,2000,0" yaku="7,1,52,1" doraHai="44" who="2" fromWho="1" sc="310,0,197,-20,171,20,322,0" owari="310,11.0,177,-32.0,191,-21.0,322,42.0" /></mjloggm>