<mjloggm ver="2.3"><GO type="97" lobby="0"/><UN n0="%62%61%6D%69%63%6F" n1="%E3%83%88%E3%83%88%E3%83%AA%E5%85%88%E7%94%9F%31%39%E6%AD%B3" n2="%E2%98%85%E9%BA%BB%E5%B0%86%E7%AB%B6%E6%8A%80%E6%84%9B%E5%A5%BD%E8%80%85" n3="%63%6F%6E%75%6C%61" dan="13,13,14,14" rate="1926.58,2012.40,1975.01,1869.22" sx="M,F,M,M"/><TAIKYOKU oya="0"/><INIT seed="0,0,0,2,2,125" ten="250,250,250,250" oya="0" hai0="85,11,73,26,71,4,24,127,88,21,65,84,5" hai1="23,45,111,135,124,130,17,117,74,61,75,119,98" hai2="133,66,12,106,50,3,48,134,19,86,123,78,28" hai3="58,0,20,104,6,89,59,30,38,35,128,131,42"/><T100/><D127/><U83/><E124/><V49/><F106/><W102/><G35/><T76/><D73/><U120/><E120/><V129/><F3/><W43/><G6/><T37/><D37/><U40/><E111/><V34/><F123/><W126/><G0/><T110/><D100/><U87/><E135/><V69/><F69/><W103/><G126/><T105/><D105/><U52/><E98/><V31/><F66/><W18/><G30/><T97/><D110/><U118/><E130/><N who="3" m="49706" /><G89/><T93/><D4/><U81/><E40/><N who="3" m="15402" /><G38/><T79/><D71/><U115/><E119/><V15/><F129/><W53/><G104/><T14/><D65/><U25/><E118/><V54/><F34/><W60/><G58/><T99/><D26/><AGARI ba="0,0" hai="18,20,26,53,59,60,102,103" m="15402,49706" machi="26" ten="30,7700,0" yaku="19,1,52,3" doraHai="125" who="3" fromWho="0" sc="250,-77,250,0,250,0,250,77" /><INIT seed="1,0,0,4,0,42" ten="173,250,250,327" oya="1" hai0="72,27,90,92,18,26,43,98,122,57,4,31,107" hai1="102,108,110,104,94,25,112,44,134,100,19,81,1" hai2="46,60,20,55,66,124,73,65,133,82,71,2,99" hai3="67,120,126,117,24,83,16,129,15,33,76,121,49"/><U61/><E112/><V22/><F2/><W34/><G67/><T78/><D122/><U11/><E134/><V59/><F124/><W50/><G126/><T119/><D119/><U51/><E104/><V5/><F5/><W32/><G117/><T41/><D4/><N who="1" m="1423" /><E94/><V23/><F133/><W10/><G24/><T8/><D107/><U88/><E61/><V131/><F131/><W69/><G129/><T12/><D72/><U95/><E81/><V21/><F65/><W75/><REACH who="3" step="1"/><G69/><REACH who="3" ten="173,250,250,317" step="2"/><T47/><D27/><U48/><E25/><V0/><F0/><W62/><G62/><T53/><D78/><U64/><E64/><V39/><F71/><W116/><G116/><T58/><D26/><U128/><E128/><V54/><F66/><W85/><G85/><T37/><D31/><U80/><E108/><V30/><F99/><W84/><G84/><T101/><D101/><U87/><E110/><V103/><F103/><W93/><G93/><T6/><D6/><U17/><E95/><V56/><F30/><W105/><G105/><T86/><D98/><U123/><E100/><V52/><F73/><W9/><G9/><T77/><D92/><U109/><E102/><V135/><F135/><W118/><G118/><T45/><D86/><U132/><E109/><V130/><F130/><W89/><G89/><T127/><D90/><U97/><E132/><V29/><F29/><W125/><G125/><T7/><D127/><U91/><E97/><V35/><F60/><W3/><G3/><T115/><D77/><U70/><E70/><V111/><F111/><W74/><G74/><RYUUKYOKU ba="0,1" sc="173,-10,250,-10,250,-10,317,30" hai3="10,15,16,32,33,34,49,50,75,76,83,120,121" /><INIT seed="2,1,1,0,1,66" ten="163,240,240,347" oya="2" hai0="107,132,46,60,76,14,22,59,48,49,38,21,127" hai1="62,37,95,124,34,12,47,45,130,8,120,101,67" hai2="2,112,18,42,77,100,109,63,41,111,56,11,102" hai3="135,6,73,94,104,81,13,30,103,4,75,27,123"/><V16/><F77/><W35/><G104/><T82/><D107/><U91/><E34/><V51/><F51/><W57/><G123/><T122/><D122/><U19/><E120/><V70/><F112/><W78/><G75/><T116/><D132/><U108/><E108/><N who="2" m="41547" /><F2/><W90/><G103/><N who="2" m="39465" /><F11/><W98/><G135/><T1/><D1/><U52/><E130/><V105/><F105/><W92/><G94/><T119/><D127/><U43/><E124/><V83/><F83/><W79/><G78/><T23/><D38/><U96/><E101/><V32/><F32/><W28/><G30/><T26/><D14/><U50/><E37/><V40/><F56/><W58/><G13/><T3/><D3/><U25/><E25/><V114/><F114/><W10/><G10/><T53/><D49/><U31/><E31/><V39/><F39/><W125/><G125/><T61/><D60/><U69/><E43/><V33/><F33/><W115/><G115/><T20/><D26/><U9/><E8/><V134/><F134/><W113/><G113/><T85/><N who="0" m="5632" /><DORA hai="80" /><T106/><REACH who="0" step="1"/><D106/><REACH who="0" ten="153,240,240,347" step="2"/><U110/><E110/><V54/><F54/><AGARI ba="1,2" hai="46,48,53,54,59,61,76,82,85,116,119" m="5632" machi="54" ten="50,6400,0" yaku="1,1,2,1,52,1,53,0" doraHai="66,80" doraHaiUra="133,7" who="0" fromWho="2" sc="153,87,240,0,240,-67,347,0" /><INIT seed="3,0,0,2,2,39" ten="240,240,173,347" oya="3" hai0="9,20,52,4,100,121,44,37,126,78,22,107,33" hai1="25,102,21,29,86,132,70,2,127,55,50,61,109" hai2="35,19,130,46,60,101,28,99,116,123,71,87,59" hai3="12,74,114,118,7,30,27,69,115,36,90,82,47"/><W18/><G7/><T104/><D33/><U64/><E109/><V45/><F130/><W3/><G69/><T43/><D121/><U67/><E132/><V81/><F123/><W63/><G3/><T26/><D126/><U120/><E120/><V57/><F116/><W15/><G118/><T24/><D78/><U79/><E127/><V89/><F59/><W84/><G74/><T105/><D100/><U23/><E2/><V66/><F57/><W13/><G18/><T108/><D108/><U83/><E102/><V54/><F54/><W96/><G96/><T85/><D85/><U40/><E40/><V92/><F19/><W14/><G63/><T16/><D52/><U111/><E111/><V91/><F91/><W5/><G5/><T11/><REACH who="0" step="1"/><D4/><REACH who="0" ten="230,240,173,347" step="2"/><U131/><E131/><V58/><F71/><W110/><G110/><T80/><D80/><U6/><E6/><V41/><F41/><W134/><G134/><T122/><D122/><U135/><E135/><V125/><F125/><W75/><G75/><T68/><D68/><U76/><E76/><V97/><F97/><W95/><G82/><T117/><D117/><U32/><E64/><V128/><F128/><W133/><G133/><T62/><D62/><U88/><E79/><V31/><F35/><W38/><G114/><T34/><D34/><U98/><E98/><V51/><F51/><W72/><G72/><T94/><D94/><U53/><E53/><V1/><F1/><W119/><G115/><T65/><D65/><U17/><E17/><AGARI ba="0,1" hai="9,11,16,17,20,22,24,26,37,43,44,104,105,107" machi="17" ten="40,8000,1" yaku="1,1,9,1,52,1,54,1,53,0" doraHai="39" doraHaiUra="106" who="0" fromWho="1" sc="230,90,240,-80,173,0,347,0" owari="320,12.0,160,-34.0,173,-23.0,347,45.0" /></mjloggm>