<mjloggm ver="2.3"><GO type="97" lobby="0"/><UN n0="%E5%B0%B1%E6%B4%BB%E7%94%9F%40%E5%B7%9D%E6%9D%91%E8%BB%8D%E5%9B%A3" n1="%61%6C%6F%74%75%73" n2="%E2%98%86%E5%A4%A9%E2%98%85" n3="%E5%B7%9D%E6%9D%91%E8%BB%8D%E5%9B%A3%E8%BB%8D%E6%9D%91%E5%B7%9D" dan="15,15,14,14" rate="2000.54,2029.88,1964.40,1991.26" sx="M,M,M,F"/><TAIKYOKU oya="0"/><INIT seed="0,0,0,3,2,50" ten="250,250,250,250" oya="0" hai0="13,54,98,120,123,57,88,58,15,70,118,132,130" hai1="85,74,78,32,124,24,86,102,36,12,79,65,82" hai2="7,49,76,44,39,43,101,109,117,121,28,125,25" hai3="119,107,112,46,53,91,95,5,129,64,20,110,0"/><T84/><D70/><U72/><E36/><V104/><F121/><W92/><G107/><T116/><D130/><U42/><E42/><V47/><F117/><W34/><G112/><T89/><D132/><U94/><E65/><V23/><F109/><W135/><G34/><T22/><D98/><N who="1" m="59735" /><E32/><V11/><F76/><N who="1" m="29225" /><E24/><V37/><F125/><W8/><G119/><T69/><D69/><U83/><E12/><V114/><F114/><W133/><G110/><T103/><D103/><U30/><E30/><V18/><F101/><W122/><G122/><T16/><D58/><U128/><E124/><V68/><F104/><W51/><G129/><T131/><D89/><N who="1" m="51383" /><E128/><V71/><F28/><W99/><G64/><T10/><D131/><U90/><AGARI ba="0,0" hai="72,74,83,86,90" m="51383,29225,59735" machi="90" ten="30,8000,1" yaku="35,5" doraHai="50" who="1" fromWho="1" sc="250,-40,250,80,250,-20,250,-20" /><INIT seed="1,0,0,1,5,117" ten="210,330,230,230" oya="1" hai0="88,25,50,129,97,105,37,107,110,42,26,133,106" hai1="59,116,72,108,92,94,60,71,8,15,124,104,74" hai2="55,128,64,17,67,53,11,18,5,36,86,65,90" hai3="121,45,10,83,31,118,41,93,32,58,98,24,23"/><U12/><E104/><V103/><F128/><W130/><G130/><T62/><D37/><U44/><E124/><V69/><F36/><W99/><G10/><T47/><D129/><U7/><E71/><V20/><F69/><W84/><G118/><T39/><D39/><U40/><E116/><V81/><F103/><W109/><G109/><T126/><D110/><U13/><E74/><V14/><REACH who="2" step="1"/><F5/><REACH who="2" ten="210,330,220,230" step="2"/><W30/><G32/><T29/><D126/><U16/><E108/><V132/><F132/><W85/><G31/><T6/><D133/><U119/><E119/><V102/><F102/><W82/><G58/><T35/><D6/><U70/><E70/><V9/><F9/><W123/><G98/><T120/><D29/><U4/><E4/><V95/><F95/><N who="1" m="36393" /><E7/><V56/><F56/><W91/><G45/><T33/><D106/><U27/><E44/><V57/><F57/><W87/><G41/><T51/><D107/><U22/><E40/><V79/><F79/><W38/><G38/><T77/><D105/><U52/><E72/><V131/><F131/><W3/><G3/><T75/><D77/><U43/><E43/><V0/><F0/><W122/><AGARI ba="0,1" hai="23,24,30,82,83,84,85,87,91,93,99,121,122,123" machi="122" ten="40,8000,1" yaku="0,1,52,3" doraHai="117" who="3" fromWho="3" sc="210,-20,330,-40,220,-20,230,90" /><INIT seed="2,0,0,4,2,83" ten="190,290,200,320" oya="2" hai0="4,97,52,46,110,123,41,91,114,49,89,113,17" hai1="33,93,131,59,127,101,96,22,70,15,106,81,73" hai2="124,8,1,12,0,88,87,62,79,120,26,95,16" hai3="48,105,38,37,112,75,85,63,5,32,2,19,51"/><V35/><F120/><W39/><G32/><T108/><D123/><U64/><E33/><V115/><F124/><W44/><G105/><T47/><D4/><U71/><E131/><V72/><F115/><N who="0" m="44042" /><D97/><U36/><E36/><V132/><F132/><W77/><G112/><T3/><D17/><U86/><E127/><V10/><F10/><W18/><G75/><T68/><D3/><U20/><E59/><V66/><F72/><W119/><G119/><T58/><D91/><N who="1" m="53495" /><E64/><V61/><F79/><W27/><G63/><N who="0" m="36295" /><D89/><U23/><E15/><V78/><F61/><W100/><G100/><T118/><D118/><U50/><E50/><V28/><REACH who="2" step="1"/><F78/><AGARI ba="0,0" hai="20,22,23,70,71,73,78,81,96,101,106" m="53495" machi="78" ten="30,2000,0" yaku="24,1,52,1" doraHai="83" who="1" fromWho="2" sc="190,0,290,20,200,-20,320,0" /><INIT seed="3,0,0,5,1,53" ten="190,310,180,320" oya="3" hai0="0,94,47,119,40,97,121,50,111,23,60,2,83" hai1="17,101,73,87,85,45,1,88,132,80,77,78,99" hai2="89,106,90,16,65,115,122,117,48,127,12,41,20" hai3="5,91,120,123,26,28,15,108,86,105,11,51,134"/><W58/><G105/><T112/><D119/><U63/><E1/><V33/><F115/><W75/><G75/><T126/><D121/><U3/><E3/><V38/><F117/><W68/><G68/><T135/><D135/><U42/><E132/><V130/><F122/><W8/><G134/><T30/><D111/><U54/><E17/><V93/><F106/><W71/><G71/><T24/><D126/><U14/><E14/><V128/><F38/><W6/><G108/><T4/><D4/><U81/><E54/><V114/><F33/><W95/><G58/><T92/><D92/><U34/><E63/><V107/><F114/><W69/><G51/><T31/><D31/><U7/><E7/><V102/><F107/><W133/><G133/><T29/><D29/><U22/><E22/><V44/><F127/><W110/><G69/><T43/><D43/><U74/><E34/><V118/><F118/><W116/><G110/><T59/><D83/><N who="1" m="49279" /><E45/><V61/><F102/><W10/><G116/><T70/><D70/><U57/><E57/><N who="2" m="37039" /><F93/><W113/><G10/><T18/><D112/><U104/><E42/><V39/><F39/><W109/><G109/><T72/><D72/><AGARI ba="0,0" hai="72,73,74,77,78,80,81,85,99,101,104" m="49279" machi="72" ten="30,12000,2" yaku="35,5,54,1" doraHai="53" who="1" fromWho="0" sc="190,-120,310,120,180,0,320,0" owari="70,-43.0,430,53.0,180,-22.0,320,12.0" /></mjloggm>