<mjloggm ver="2.3"><GO type="41" lobby="0"/><UN n0="%74%68%78%39%35%32%37" n1="%E3%82%86%E3%82%8A%E3%81%BB%E3%82%80" n2="%55%53%48%49%21%21" n3="%E3%83%88%E3%83%88%E3%83%AA%E5%85%88%E7%94%9F%31%39%E6%AD%B3" dan="15,13,14,14" rate="1941.02,1862.64,1934.30,2045.37" sx="M,F,M,F"/><TAIKYOKU oya="0"/><INIT seed="0,0,0,4,1,85" ten="250,250,250,250" oya="0" hai0="53,22,12,96,98,76,30,135,113,109,40,71,81" hai1="1,115,15,91,0,62,82,36,102,27,124,89,32" hai2="29,55,3,6,112,126,26,11,47,25,56,78,19" hai3="9,39,120,127,92,79,28,123,77,80,18,133,51"/><T41/><D113/><U24/><E24/><BYE who="1" /><V95/><F112/><W106/><G106/><T37/><D71/><U88/><E88/><V84/><F126/><W119/><G39/><T94/><D37/><U8/><E8/><V99/><F84/><W65/><G127/><T42/><D135/><U57/><E57/><V111/><F78/><W31/><G119/><T105/><D105/><U69/><E69/><V38/><F111/><W131/><G133/><T7/><D109/><U68/><E68/><V58/><F56/><W35/><G65/><UN n1="%E3%82%86%E3%82%8A%E3%81%BB%E3%82%80" /><T101/><D53/><U116/><E116/><V86/><F86/><W10/><G131/><T60/><D60/><U64/><E36/><V52/><F19/><W104/><G104/><T90/><D30/><U114/><E124/><V4/><F4/><W14/><G51/><T93/><D22/><U45/><E45/><V129/><F129/><W34/><G92/><T59/><D59/><U74/><E74/><V108/><F108/><W130/><G130/><T54/><D54/><U46/><E46/><V70/><F70/><W117/><G117/><T118/><D118/><U13/><E102/><V122/><F122/><N who="3" m="46635" /><G9/><N who="0" m="4159" /><D76/><N who="3" m="29257" /><G80/><AGARI ba="0,0" hai="40,41,42,80,81,90,93,94,96,98,101" m="4159" machi="80" ten="30,2900,0" yaku="8,1,52,1" doraHai="85" who="0" fromWho="3" sc="250,29,250,0,250,0,250,-29" /><INIT seed="0,1,0,5,4,58" ten="279,250,250,221" oya="0" hai0="57,25,40,23,21,31,7,36,80,64,0,78,127" hai1="128,37,45,77,112,99,71,44,79,49,20,14,22" hai2="122,81,113,133,16,43,15,74,91,89,100,34,84" hai3="92,5,110,126,48,53,98,72,130,134,131,69,70"/><T9/><D127/><U1/><E1/><V10/><F122/><W52/><G72/><N who="0" m="43079" /><D31/><U101/><E112/><V116/><F116/><W86/><G110/><T119/><D25/><U85/><E71/><V19/><F133/><W97/><G134/><T17/><D17/><U132/><E132/><V32/><F113/><W75/><G75/><T62/><D119/><U42/><E128/><N who="3" m="49194" /><G126/><T96/><D96/><N who="3" m="36969" /><G53/><T8/><D9/><U47/><E47/><AGARI ba="1,0" hai="0,7,8,21,23,36,40,47,57,62,64" m="43079" machi="47" ten="30,2900,0" yaku="25,1,52,1" doraHai="58" who="0" fromWho="1" sc="279,32,250,-32,250,0,221,0" /><INIT seed="0,2,0,2,1,71" ten="311,218,250,221" oya="0" hai0="87,88,110,125,20,44,119,2,96,133,95,32,54" hai1="37,36,80,40,55,31,89,42,64,67,93,53,112" hai2="85,12,69,33,77,39,47,94,124,49,14,25,132" hai3="120,107,114,82,19,115,29,79,4,111,83,131,51"/><T135/><D119/><U60/><E31/><V81/><F69/><W5/><G107/><T74/><D32/><U50/><E80/><V98/><F132/><N who="0" m="50762" /><D2/><U21/><E21/><V17/><F124/><W123/><G111/><T134/><D125/><U97/><E112/><N who="3" m="43050" /><G29/><T46/><D20/><U45/><E67/><V72/><F72/><N who="3" m="43367" /><G19/><T8/><D74/><U52/><REACH who="1" step="1"/><E42/><REACH who="1" ten="311,208,250,221" step="2"/><V15/><F33/><W61/><G83/><T27/><D134/><U118/><E118/><V10/><F25/><W91/><G120/><T99/><D27/><U9/><E9/><V41/><REACH who="2" step="1"/><F39/><REACH who="2" ten="311,208,240,221" step="2"/><W75/><G123/><T128/><D110/><U130/><E130/><V38/><F38/><W28/><G131/><T121/><D128/><U102/><E102/><AGARI ba="2,2" hai="10,12,14,15,17,41,47,49,77,81,85,94,98,102" machi="102" ten="30,3900,0" yaku="1,1,7,1,8,1,53,0" doraHai="71" doraHaiUra="34" who="2" fromWho="1" sc="311,0,208,-45,240,65,221,0" /><INIT seed="1,0,0,5,2,94" ten="311,163,305,221" oya="1" hai0="74,62,116,132,15,40,18,68,87,78,126,114,71" hai1="115,14,124,119,96,82,49,35,113,19,69,91,83" hai2="13,20,54,122,73,129,99,52,108,44,84,133,109" hai3="105,103,90,111,102,61,57,98,100,80,11,5,0"/><U63/><E35/><V10/><F122/><W97/><G111/><N who="2" m="42569" /><F73/><W107/><G80/><T70/><D114/><U127/><E119/><V43/><F133/><W26/><G26/><T67/><D116/><U121/><E121/><V112/><F112/><W53/><REACH who="3" step="1"/><G90/><REACH who="3" ten="311,163,305,211" step="2"/><T95/><D132/><U33/><E113/><V42/><F129/><W64/><G64/><T120/><D120/><U89/><E115/><V77/><F77/><W32/><G32/><T31/><D78/><U41/><E89/><V65/><F65/><W117/><G117/><T38/><D67/><N who="1" m="41215" /><E33/><V106/><F84/><W1/><G1/><T48/><D74/><U27/><E27/><V58/><F20/><W50/><G50/><T45/><D48/><U104/><E49/><N who="2" m="28711" /><F13/><W39/><G39/><T118/><D87/><U25/><E25/><V86/><F86/><W72/><G72/><T79/><D79/><U60/><E60/><N who="2" m="35927" /><F10/><W51/><G51/><T130/><D118/><U4/><E41/><V81/><F81/><W7/><G7/><T3/><D130/><U47/><E83/><V30/><F30/><W2/><G2/><T24/><D3/><U6/><E82/><V29/><F29/><W28/><G28/><T23/><D31/><U85/><E124/><V131/><F131/><W46/><G46/><T125/><D24/><U55/><E127/><N who="0" m="48649" /><D62/><U59/><E47/><V34/><F34/><W76/><G76/><T110/><D110/><U123/><E123/><V9/><F9/><W17/><G17/><T135/><D135/><U22/><E19/><V12/><F12/><W36/><G36/><RYUUKYOKU ba="0,1" sc="311,10,163,-30,305,10,211,10" hai0="15,18,23,38,40,45,68,70,71,95" hai2="42,43,99,106" hai3="0,5,11,53,57,61,97,98,100,102,103,105,107" /><INIT seed="2,1,1,3,2,110" ten="321,133,315,221" oya="2" hai0="37,62,23,123,26,74,114,71,118,48,112,36,111" hai1="52,91,46,39,43,20,134,14,61,13,84,116,85" hai2="7,128,115,82,38,1,90,19,88,81,99,30,15" hai3="97,135,29,96,22,65,130,2,58,76,79,59,89"/><V40/><F115/><N who="0" m="44074" /><D74/><U63/><E134/><V54/><F30/><W27/><G130/><T3/><D3/><U49/><E116/><V16/><F128/><W21/><G135/><T44/><D26/><U101/><E101/><V77/><F1/><W127/><G127/><T75/><D75/><U133/><E133/><V6/><F38/><W64/><G2/><T126/><D23/><U67/><E20/><N who="2" m="11295" /><F40/><W8/><G89/><N who="2" m="34409" /><F99/><W117/><G117/><T0/><D0/><U41/><E41/><V100/><F100/><W34/><G27/><T25/><D126/><U119/><E119/><V11/><F54/><W80/><G34/><T124/><D25/><U66/><E39/><N who="0" m="14921" /><D118/><U78/><E43/><V131/><F131/><W28/><G8/><T122/><D124/><U120/><E120/><V42/><F42/><W53/><G53/><N who="0" m="29831" /><D62/><N who="1" m="23563" /><E78/><V83/><F77/><W104/><G104/><T35/><D35/><U55/><E85/><V33/><F33/><W105/><G105/><T12/><D71/><U51/><E84/><V108/><F108/><W86/><G86/><T18/><D111/><U32/><E91/><V113/><F113/><W31/><G31/><T87/><D87/><U107/><E107/><V47/><F47/><W4/><G29/><T50/><D123/><U17/><E32/><V94/><F94/><W103/><G28/><T125/><D122/><U9/><E14/><AGARI ba="1,1" hai="6,7,11,14,19,81,82,83" m="34409,11295" machi="14" ten="30,5800,0" yaku="8,1,54,2" doraHai="110" who="2" fromWho="1" sc="321,0,133,-61,315,71,221,0" /><INIT seed="2,2,0,5,2,10" ten="321,72,386,221" oya="2" hai0="31,117,15,1,123,16,38,106,24,94,54,79,71" hai1="30,63,87,29,135,58,48,116,28,64,119,70,6" hai2="56,88,80,76,93,97,11,40,105,100,124,27,33" hai3="60,17,113,69,109,111,5,46,9,20,107,96,35"/><V132/><F124/><W36/><G35/><T59/><D123/><U78/><E135/><V103/><F132/><W126/><G126/><T37/><D106/><U68/><E6/><V65/><F40/><W133/><G133/><T83/><D117/><U110/><E110/><V42/><F42/><W50/><G36/><T8/><D94/><U0/><E0/><V62/><F11/><W127/><G127/><T61/><D71/><U81/><REACH who="1" step="1"/><E48/><REACH who="1" ten="321,62,386,221" step="2"/><V53/><F65/><N who="3" m="41127" /><G50/><T13/><D1/><U43/><E43/><V101/><F33/><W120/><G5/><T108/><D108/><U122/><E122/><V134/><F134/><W34/><G34/><T12/><D38/><U55/><E55/><V7/><F7/><W2/><G120/><T121/><D37/><U25/><E25/><V90/><F27/><W84/><G111/><T3/><D3/><U52/><E52/><V18/><F18/><W21/><G17/><T39/><D39/><U129/><E129/><V41/><F41/><W57/><G2/><T89/><D121/><U91/><E91/><V112/><F90/><W32/><G32/><T23/><D89/><U75/><E75/><AGARI ba="2,1" hai="8,12,13,15,16,23,24,31,54,59,61,75,79,83" machi="75" ten="30,8000,1" yaku="7,1,52,3,54,1" doraHai="10" who="0" fromWho="1" sc="321,96,62,-86,386,0,221,0" owari="417,51.0,-24,-52.0,386,19.0,221,-18.0" /></mjloggm>