<mjloggm ver="2.3"><GO type="41" lobby="0"/><UN n0="%73%61%6B%61%73%61" n1="%E5%B0%B1%E6%B4%BB%E7%94%9F%40%E5%B7%9D%E6%9D%91%E8%BB%8D%E5%9B%A3" n2="%4E%45%5A%55%37%37" n3="%E5%8D%B1%E8%84%B3%E4%B8%B8" dan="13,15,15,14" rate="1853.88,1964.73,2033.83,1939.76" sx="M,M,M,M"/><TAIKYOKU oya="0"/><INIT seed="0,0,0,1,4,113" ten="250,250,250,250" oya="0" hai0="34,27,134,122,36,118,59,71,123,30,50,72,84" hai1="79,41,110,39,87,98,33,1,65,16,76,14,4" hai2="45,131,116,109,7,13,120,78,5,60,54,64,49" hai3="125,102,63,132,55,40,52,99,2,28,31,18,12"/><T81/><D72/><U66/><E110/><V23/><F120/><W29/><G2/><T88/><D71/><U97/><E33/><V108/><F131/><W21/><G125/><T93/><D36/><U111/><E111/><N who="2" m="42571" /><F78/><N who="1" m="29737" /><E1/><V117/><F23/><W83/><G83/><T11/><D134/><U89/><E39/><V58/><F13/><W75/><G75/><T104/><D104/><U35/><E41/><V46/><F46/><W37/><G132/><T69/><D118/><AGARI ba="0,0" hai="5,7,45,49,54,58,60,64,116,117,118" m="42571" machi="118" ten="30,8000,1" yaku="12,1,14,1,52,3" doraHai="113" who="2" fromWho="0" sc="250,-80,250,0,250,80,250,0" /><INIT seed="1,0,0,2,2,115" ten="170,250,330,250" oya="1" hai0="19,67,40,134,84,88,131,57,21,104,17,114,41" hai1="129,77,42,36,35,50,118,28,69,23,73,25,18" hai2="8,34,59,52,11,124,125,106,68,0,98,82,117" hai3="120,116,102,135,95,87,110,103,107,29,93,119,80"/><U78/><E36/><V130/><F68/><W111/><G29/><T27/><D104/><U66/><E129/><V47/><F34/><W51/><G51/><T85/><D114/><U123/><E123/><V33/><F33/><W20/><G20/><T15/><D134/><U31/><E31/><V3/><F47/><W53/><G53/><T133/><D133/><U12/><E73/><V39/><F39/><W122/><G135/><T92/><D131/><U99/><E42/><V62/><F130/><W56/><G56/><T7/><D7/><U64/><E50/><V112/><F112/><W105/><G87/><T55/><D67/><U128/><E128/><V108/><F108/><W76/><G80/><T127/><D84/><U97/><E118/><V83/><F117/><W60/><G60/><N who="0" m="35903" /><D127/><N who="2" m="48714" /><F3/><W46/><G46/><T101/><D101/><U38/><E38/><V79/><F0/><W5/><G5/><T113/><D113/><U16/><E18/><V121/><F121/><W22/><G22/><AGARI ba="0,0" hai="15,17,19,21,22,27,40,41,85,88,92" m="35903" machi="22" ten="30,2000,0" yaku="8,1,54,1" doraHai="115" who="0" fromWho="3" sc="170,20,250,0,330,0,250,-20" /><INIT seed="2,0,0,2,0,97" ten="190,250,330,230" oya="2" hai0="90,27,78,135,80,17,34,48,113,103,70,94,126" hai1="75,114,7,12,109,56,98,117,71,101,37,64,54" hai2="22,13,65,39,116,82,9,43,14,127,25,28,21" hai3="89,74,35,118,128,131,79,84,6,52,55,92,46"/><V120/><F120/><W106/><G35/><T18/><D70/><U63/><E117/><V20/><F116/><W36/><G118/><T26/><D113/><U76/><E114/><V47/><F127/><W42/><G106/><T87/><D135/><U62/><E37/><V81/><F65/><W15/><G74/><T102/><D34/><U125/><E125/><V50/><F39/><W96/><G79/><T24/><D126/><U8/><E109/><V41/><F41/><W83/><G6/><T58/><D17/><U111/><E111/><V3/><F3/><W129/><REACH who="3" step="1"/><G15/><REACH who="3" ten="190,250,330,220" step="2"/><T53/><REACH who="0" step="1"/><D18/><REACH who="0" ten="180,250,330,220" step="2"/><U112/><E112/><V45/><F14/><W86/><G86/><AGARI ba="0,2" hai="24,26,27,48,53,58,78,80,86,87,90,94,102,103" machi="86" ten="40,8000,1" yaku="1,1,2,1,8,1,52,2,53,0" doraHai="97" doraHaiUra="123" who="0" fromWho="3" sc="180,100,250,0,330,0,220,-80" /><INIT seed="3,0,0,2,5,69" ten="280,250,330,140" oya="3" hai0="23,64,134,116,1,72,105,16,89,8,99,66,133" hai1="112,123,11,12,109,13,67,107,90,54,38,37,29" hai2="101,130,40,132,110,50,94,48,113,76,52,120,92" hai3="15,20,88,75,25,46,22,121,30,98,129,122,118"/><W55/><G75/><T70/><D116/><U5/><E107/><V0/><F113/><W24/><G118/><T82/><D72/><U65/><E112/><V58/><F110/><W126/><G126/><T41/><D41/><U135/><E123/><V80/><F0/><W77/><G77/><T115/><D115/><U44/><E109/><V104/><F130/><W62/><G129/><T6/><D70/><U87/><E29/><V28/><F132/><N who="0" m="50794" /><D82/><U61/><E135/><V60/><F120/><W59/><G46/><T128/><D128/><U4/><E65/><V63/><F28/><W18/><REACH who="3" step="1"/><G15/><REACH who="3" ten="280,250,330,130" step="2"/><N who="0" m="9631" /><D105/><U14/><E14/><V102/><F104/><W53/><G53/><T3/><D66/><U93/><E12/><V100/><F76/><W74/><G74/><T106/><D64/><U47/><E5/><V96/><F52/><W91/><G91/><T131/><D89/><U108/><E108/><V86/><F101/><W111/><G111/><T36/><D106/><U26/><E26/><V114/><F100/><W103/><G103/><T34/><D1/><U27/><E27/><V51/><F102/><W19/><G19/><T49/><D3/><U85/><E54/><V7/><F7/><W78/><G78/><T39/><D6/><U33/><E47/><V57/><F114/><W73/><G73/><T56/><D131/><U2/><E44/><V31/><F31/><W42/><G42/><T83/><D34/><U43/><E2/><V97/><F40/><W9/><G9/><T95/><D8/><U10/><E4/><V84/><F51/><W45/><G45/><RYUUKYOKU ba="0,1" sc="280,-15,250,-15,330,15,130,15" hai2="48,50,57,58,60,63,80,84,86,92,94,96,97" hai3="18,20,22,24,25,30,55,59,62,88,98,121,122" /><INIT seed="3,1,1,4,1,76" ten="265,235,345,145" oya="3" hai0="99,34,82,51,52,30,31,114,41,106,5,33,3" hai1="133,102,83,62,36,126,16,119,90,66,14,130,96" hai2="49,63,122,104,100,88,135,55,46,68,118,12,86" hai3="95,109,1,112,84,75,110,89,111,79,21,91,48"/><W56/><G1/><T78/><D41/><U11/><E36/><V125/><F118/><W73/><G21/><T123/><D123/><U120/><E120/><V121/><F125/><W105/><G56/><T45/><D114/><U54/><E119/><V81/><F135/><W25/><G48/><T44/><D31/><U20/><E133/><V107/><F12/><W127/><G25/><T116/><D116/><U42/><E130/><V15/><F15/><W24/><G24/><T77/><D77/><U40/><E126/><V69/><F107/><W38/><G38/><T85/><D30/><U35/><E35/><V92/><F104/><W70/><G70/><T32/><D5/><U59/><E66/><V39/><F39/><W117/><G127/><T60/><D3/><U98/><E11/><V124/><F124/><W50/><G50/><T22/><D22/><U17/><E17/><V94/><F69/><W103/><G117/><T115/><D115/><U28/><E28/><V108/><F108/><W87/><G112/><T0/><D0/><U128/><E128/><V9/><F9/><W10/><G10/><T18/><D18/><U6/><E6/><V113/><F113/><W4/><G4/><T27/><D27/><U72/><E72/><V47/><F47/><W129/><G129/><T19/><D19/><U7/><E7/><V64/><REACH who="2" step="1"/><F94/><REACH who="2" ten="265,235,335,145" step="2"/><N who="3" m="54567" /><G79/><T29/><D45/><U2/><E2/><V23/><F23/><W132/><G132/><T134/><D134/><U26/><E14/><V74/><F74/><W8/><G8/><T131/><D131/><U101/><E26/><RYUUKYOKU ba="1,2" sc="265,-15,235,-15,335,15,145,15" hai2="46,49,55,63,64,68,81,86,88,92,100,121,122" hai3="73,75,87,91,95,103,105,109,110,111" /><INIT seed="3,2,2,3,0,8" ten="250,220,350,160" oya="3" hai0="3,117,13,115,124,110,19,18,133,9,114,94,97" hai1="107,20,42,65,61,81,37,126,52,49,120,131,132" hai2="39,54,25,29,122,109,128,26,127,32,7,31,125" hai3="106,58,64,75,41,123,59,87,21,80,30,104,66"/><W99/><G75/><T23/><D117/><U135/><E107/><V72/><F72/><W82/><G123/><T100/><D110/><U116/><E120/><V119/><F122/><W83/><G41/><T93/><D3/><U70/><E81/><V27/><F39/><W6/><G6/><T33/><D33/><U38/><E20/><V62/><F109/><W129/><G129/><T51/><D133/><N who="1" m="51275" /><E131/><V77/><F77/><W68/><G87/><T14/><D51/><U24/><E24/><V45/><F128/><W98/><G21/><T91/><D124/><N who="2" m="47690" /><F119/><W85/><G30/><T50/><REACH who="0" step="1"/><D50/><REACH who="0" ten="240,220,350,160" step="2"/><U92/><E126/><V101/><F32/><W53/><G68/><T108/><D108/><U105/><E116/><V90/><F31/><W40/><G85/><AGARI ba="2,3" hai="9,13,14,18,19,23,85,91,93,94,97,100,114,115" machi="85" ten="40,8000,1" yaku="1,1,52,2,53,2" doraHai="8" doraHaiUra="10" who="0" fromWho="3" sc="240,116,220,0,350,0,160,-86" /><INIT seed="4,0,0,5,2,68" ten="356,220,350,74" oya="0" hai0="125,20,98,37,108,89,44,93,26,41,112,56,13" hai1="18,126,47,120,57,17,124,53,121,123,33,105,34" hai2="7,30,109,12,5,113,118,6,11,62,46,110,99" hai3="132,94,81,1,61,92,63,42,101,74,69,28,88"/><T71/><D112/><U32/><E105/><V131/><F62/><W31/><G1/><T66/><D71/><U104/><E104/><V14/><F99/><W102/><G132/><T15/><D125/><U60/><REACH who="1" step="1"/><E47/><REACH who="1" ten="356,210,350,74" step="2"/><V55/><F46/><W52/><G69/><T22/><D108/><U82/><E82/><V79/><F110/><W36/><G74/><T21/><REACH who="0" step="1"/><D26/><REACH who="0" ten="346,210,350,74" step="2"/><U106/><E106/><V24/><F24/><W43/><G81/><T38/><D38/><U86/><E86/><V19/><F109/><W122/><G122/><T90/><D90/><U3/><E3/><V115/><F115/><W67/><G88/><T83/><D83/><U76/><E76/><V0/><F79/><W103/><G103/><T49/><D49/><U96/><E96/><V70/><F113/><W8/><G36/><T54/><D54/><U51/><E51/><V107/><F55/><W10/><REACH who="3" step="1"/><G52/><REACH who="3" ten="346,210,350,64" step="2"/><T75/><D75/><U16/><AGARI ba="0,3" hai="16,17,18,32,33,34,53,57,60,120,121,123,124,126" machi="16" ten="50,8000,1" yaku="1,1,0,1,29,2,54,1,53,0" doraHai="68" doraHaiUra="87" who="1" fromWho="1" sc="346,-40,210,110,350,-20,64,-20" /><INIT seed="5,0,0,1,5,72" ten="306,320,330,44" oya="1" hai0="52,12,113,53,26,61,34,103,68,16,74,127,29" hai1="77,91,128,131,96,101,125,23,86,45,64,14,0" hai2="133,37,104,25,115,24,28,78,47,59,66,40,116" hai3="114,27,130,79,87,13,2,38,55,50,107,11,32"/><U60/><E0/><V42/><F116/><W44/><G107/><T67/><D74/><U82/><E45/><V73/><F104/><W39/><G2/><T43/><D43/><U121/><E121/><V9/><F133/><W110/><G110/><T111/><D111/><U132/><E132/><V58/><F42/><W98/><G130/><N who="1" m="49706" /><E125/><V126/><F126/><W57/><G114/><T54/><D127/><U122/><E122/><V119/><F119/><W17/><G98/><T4/><D113/><U48/><E48/><V124/><F124/><W62/><G27/><T100/><REACH who="0" step="1"/><D4/><REACH who="0" ten="296,320,330,44" step="2"/><U84/><E14/><V6/><F115/><W36/><G32/><T7/><D7/><U31/><E31/><V33/><F33/><W41/><G39/><T109/><D109/><U99/><E23/><AGARI ba="0,1" hai="12,16,23,26,29,34,52,53,54,61,67,68,100,103" machi="23" ten="40,8000,1" yaku="1,1,54,2,53,1" doraHai="72" doraHaiUra="15" who="0" fromWho="1" sc="296,90,320,-80,330,0,44,0" /><INIT seed="6,0,0,4,0,39" ten="386,240,330,44" oya="2" hai0="128,99,33,0,90,12,22,119,97,63,95,75,8" hai1="133,19,93,4,21,26,46,69,23,131,124,129,3" hai2="14,110,44,49,57,7,74,34,114,25,20,89,122" hai3="1,120,16,130,27,135,105,64,79,50,11,43,103"/><V54/><F122/><W117/><G64/><T38/><D75/><U76/><E69/><V102/><F34/><W116/><G79/><T108/><D33/><U70/><E70/><V98/><F114/><W84/><G84/><T92/><D108/><U53/><E76/><V115/><F115/><W87/><G87/><T71/><D38/><U123/><E93/><V45/><F74/><W96/><G120/><T30/><D128/><N who="1" m="49227" /><E53/><V61/><F110/><W104/><G104/><T28/><D0/><U125/><E46/><V51/><F102/><W55/><G130/><T13/><D22/><N who="1" m="13663" /><E123/><V47/><F14/><W42/><G135/><T32/><D13/><U56/><E56/><V100/><F7/><W134/><G134/><T80/><D32/><U72/><E72/><V60/><F60/><W15/><G1/><T83/><D71/><U94/><E94/><N who="2" m="56655" /><F100/><W59/><REACH who="3" step="1"/><G27/><REACH who="3" ten="386,240,330,34" step="2"/><T88/><D119/><AGARI ba="0,1" hai="11,15,16,42,43,50,55,59,96,103,105,116,117,119" machi="119" ten="40,8000,1" yaku="1,1,2,1,52,2,54,1,53,0" doraHai="39" doraHaiUra="31" who="3" fromWho="0" sc="386,-80,240,0,330,0,34,90" /><INIT seed="7,0,0,1,0,15" ten="306,240,330,124" oya="3" hai0="64,30,88,58,111,48,34,72,61,60,18,13,116" hai1="121,54,83,120,118,96,20,12,92,1,100,84,43" hai2="6,17,33,8,63,56,107,45,70,25,53,134,24" hai3="97,23,130,71,112,50,122,75,36,37,5,28,49"/><W95/><G75/><T89/><D72/><U109/><E1/><V41/><F107/><W106/><G71/><T113/><D116/><U65/><E109/><V119/><F134/><W87/><G122/><T67/><D111/><U22/><E118/><V10/><F70/><W135/><G135/><T131/><D34/><U80/><E65/><V3/><F33/><W47/><G106/><T27/><D131/><U51/><E43/><V82/><F82/><W105/><G105/><T117/><D117/><U44/><E80/><V78/><F78/><W104/><G104/><T99/><D27/><U81/><E81/><V126/><F126/><W114/><G5/><T93/><D30/><U123/><REACH who="1" step="1"/><E12/><REACH who="1" ten="306,230,330,124" step="2"/><V77/><F119/><W128/><G87/><T39/><D113/><N who="3" m="43625" /><G28/><T42/><D39/><N who="3" m="14921" /><G23/><N who="0" m="11727" /><D64/><U55/><E55/><V73/><F53/><N who="3" m="29887" /><G50/><T14/><D48/><U98/><E98/><V125/><F125/><W85/><G85/><T40/><D14/><U127/><E127/><V62/><F73/><W16/><G16/><T133/><D133/><U68/><E68/><V86/><F17/><W52/><G52/><T2/><D2/><U132/><E132/><V21/><F86/><W11/><G11/><T103/><D61/><U38/><E38/><V124/><F10/><W101/><AGARI ba="0,1" hai="95,97,101,128,130" m="29887,14921,43625" machi="101" ten="40,2100,0" yaku="15,1" doraHai="15" who="3" fromWho="3" sc="306,-7,230,-7,330,-7,124,31" /><INIT seed="7,1,0,1,5,135" ten="299,223,323,155" oya="3" hai0="41,34,71,100,37,57,11,106,48,104,108,77,46" hai1="105,129,38,45,82,58,7,132,63,92,80,0,131" hai2="113,98,64,114,59,14,36,81,97,103,96,17,22" hai3="50,125,133,61,3,2,54,72,13,20,123,25,78"/><W66/><G123/><T32/><D71/><U65/><E105/><V119/><F119/><W112/><G112/><N who="2" m="43113" /><F36/><W56/><G133/><T12/><D108/><U118/><E92/><V6/><F81/><N who="1" m="31337" /><E45/><V88/><F88/><W124/><G78/><T35/><D77/><U121/><E7/><V67/><F6/><W60/><G72/><T115/><D115/><U90/><E0/><V43/><F43/><W39/><G39/><T16/><D100/><U69/><E69/><V68/><F68/><W5/><G61/><T117/><D117/><U120/><E38/><V93/><F59/><W28/><G13/><T19/><D19/><U75/><E75/><V1/><F1/><W30/><G28/><T62/><REACH who="0" step="1"/><D37/><REACH who="0" ten="289,223,323,155" step="2"/><U110/><E110/><V47/><F47/><W55/><G54/><AGARI ba="1,1" hai="11,12,16,32,34,35,41,46,48,54,57,62,104,106" machi="54" ten="40,8000,1" yaku="1,1,2,1,54,1,53,1" doraHai="135" doraHaiUra="40" who="0" fromWho="3" sc="289,93,223,0,323,0,155,-83" owari="382,49.0,223,-18.0,323,12.0,72,-43.0" /></mjloggm>