<mjloggm ver="2.3"><GO type="97" lobby="0"/><UN n0="%66%6C%61%74%34" n1="%E5%B0%B1%E6%B4%BB%E7%94%9F%40%E5%B7%9D%E6%9D%91%E8%BB%8D%E5%9B%A3" n2="%6D%61%72%6F%72%6F%6E" n3="%E3%83%B4%E3%82%A3%E3%83%A9%E3%81%AE%E7%A5%9E" dan="14,14,13,14" rate="1975.18,1963.25,1899.04,2010.85" sx="M,M,M,M"/><TAIKYOKU oya="0"/><INIT seed="0,0,0,0,4,96" ten="250,250,250,250" oya="0" hai0="37,125,51,107,36,13,89,5,20,114,35,27,76" hai1="26,47,12,101,60,18,122,134,86,118,98,83,43" hai2="41,15,80,25,59,17,74,102,120,126,108,48,70" hai3="40,79,54,65,85,6,69,46,87,130,117,116,61"/><T77/><D114/><U62/><E122/><V73/><F70/><W100/><G130/><T8/><D107/><U7/><E134/><V1/><F120/><W84/><G6/><T104/><D104/><U94/><E118/><V39/><F1/><W132/><G132/><T10/><D35/><U115/><E26/><V9/><F25/><W99/><G54/><T34/><D34/><U95/><E95/><V131/><F108/><W91/><G79/><T14/><D89/><U97/><E97/><V124/><F39/><W90/><G116/><T71/><D71/><U133/><E133/><V33/><F33/><W0/><G0/><T19/><D51/><N who="1" m="27135" /><E115/><V72/><F131/><W44/><G44/><T42/><D125/><N who="2" m="48234" /><F80/><W127/><G117/><T58/><D58/><U119/><E7/><V31/><F31/><W123/><G123/><T49/><D49/><U23/><E119/><V2/><F2/><W21/><G127/><T57/><D57/><U121/><E121/><V88/><F88/><AGARI ba="0,0" hai="12,18,23,60,62,83,86,88,94,98,101" m="27135" machi="88" ten="30,3900,0" yaku="8,1,52,1,54,1" doraHai="96" who="1" fromWho="2" sc="250,0,250,39,250,-39,250,0" /><INIT seed="1,0,0,3,2,75" ten="250,289,211,250" oya="1" hai0="8,74,122,51,9,49,101,126,100,103,61,104,54" hai1="65,6,23,27,66,135,50,73,84,48,21,121,72" hai2="14,87,7,32,71,77,58,117,119,96,31,112,33" hai3="129,52,78,41,108,47,60,11,22,59,10,18,4"/><U114/><E121/><V128/><F71/><W133/><G108/><T1/><D74/><U29/><E114/><V91/><F112/><W57/><G129/><T19/><D104/><U2/><E135/><V42/><F42/><W28/><G28/><T12/><D122/><U30/><E84/><V110/><F110/><W127/><G127/><T17/><D126/><U95/><E95/><V67/><F128/><W92/><G92/><T36/><D36/><U97/><E97/><V116/><F31/><W68/><G68/><T16/><D1/><U0/><E27/><V25/><F25/><N who="3" m="14551" /><G4/><AGARI ba="0,0" hai="0,2,4,6,21,23,29,30,48,50,65,66,72,73" machi="4" ten="25,2400,0" yaku="22,2" doraHai="75" who="1" fromWho="3" sc="250,0,289,24,211,0,250,-24" /><INIT seed="1,1,0,0,3,37" ten="250,313,211,226" oya="1" hai0="86,67,45,38,35,65,101,27,131,55,120,32,30" hai1="130,83,9,81,112,103,52,97,25,132,82,54,36" hai2="111,109,91,56,108,1,107,20,50,33,14,43,89" hai3="49,72,63,69,61,113,12,19,71,48,44,26,129"/><U105/><E112/><V13/><F1/><W5/><G72/><T34/><D131/><U23/><E130/><V3/><F3/><W70/><G129/><T76/><D101/><U95/><E132/><V66/><F33/><W79/><G79/><T106/><D106/><U102/><E36/><V127/><F107/><W77/><G77/><T16/><D120/><U6/><E105/><V125/><F66/><W8/><G113/><T10/><D30/><U4/><E103/><V21/><F56/><W53/><G26/><T22/><D10/><U40/><E40/><V47/><F21/><W123/><G123/><T96/><D96/><U75/><E75/><V51/><F51/><W135/><G135/><T118/><D118/><U116/><E116/><V39/><F39/><W18/><REACH who="3" step="1"/><G49/><REACH who="3" ten="250,313,211,216" step="2"/><T119/><D119/><U114/><E114/><V58/><F58/><W80/><G80/><T87/><D76/><U78/><E78/><V121/><F121/><W117/><G117/><T2/><D2/><U59/><E59/><V46/><F46/><W62/><AGARI ba="1,1" hai="5,8,12,18,19,44,48,53,61,62,63,69,70,71" machi="62" ten="40,2700,0" yaku="1,1,0,1,53,0" doraHai="37" doraHaiUra="93" who="3" fromWho="3" sc="250,-8,313,-14,211,-8,216,40" /><INIT seed="2,0,0,3,5,62" ten="242,299,203,256" oya="2" hai0="89,130,30,83,128,123,80,5,31,99,76,43,57" hai1="14,39,22,32,55,132,77,115,21,19,110,105,91" hai2="4,53,121,106,98,48,65,16,15,34,127,113,87" hai3="52,118,12,49,116,35,96,71,101,50,124,10,84"/><V125/><F121/><W3/><G35/><T93/><D123/><U0/><E0/><V117/><F117/><W104/><G3/><T33/><D33/><U129/><E32/><V133/><F34/><W135/><G49/><T37/><D5/><U38/><E105/><V73/><F73/><W1/><G1/><T112/><D112/><U6/><E115/><V27/><F113/><W64/><G135/><T47/><D57/><U44/><E6/><V102/><F133/><W131/><G131/><N who="0" m="50219" /><D83/><U111/><E77/><V120/><F120/><W42/><G84/><AGARI ba="0,0" hai="30,31,37,43,47,76,80,84,89,93,99" m="50219" machi="84" ten="30,1000,0" yaku="19,1" doraHai="62" who="0" fromWho="3" sc="242,10,299,0,203,0,256,-10" /><INIT seed="3,0,0,0,0,118" ten="252,299,203,246" oya="3" hai0="92,90,107,9,45,3,54,6,17,49,74,53,35" hai1="41,30,69,124,103,110,59,66,72,125,122,78,82" hai2="105,99,0,76,21,73,88,120,26,113,44,131,135" hai3="36,37,123,70,29,132,34,22,81,16,112,27,25"/><W101/><G112/><T109/><D107/><U87/><E122/><V51/><F113/><W39/><G132/><T85/><D74/><U5/><E110/><V98/><F0/><W83/><G123/><T10/><D35/><U12/><E30/><V7/><F7/><W115/><G115/><T108/><D53/><U20/><E69/><V94/><F120/><W42/><G70/><T130/><D130/><U61/><E41/><V129/><F135/><W55/><G101/><T47/><D47/><U23/><E103/><N who="2" m="62711" /><F76/><W86/><G55/><T127/><D127/><N who="1" m="48715" /><E72/><V48/><F44/><W38/><G38/><T4/><REACH who="0" step="1"/><D17/><REACH who="0" ten="242,299,203,246" step="2"/><U63/><E63/><V31/><F73/><W19/><G19/><T15/><AGARI ba="0,1" hai="3,4,6,9,10,15,45,49,54,85,90,92,108,109" machi="15" ten="30,4000,0" yaku="1,1,2,1,0,1,53,0" doraHai="118" doraHaiUra="133" who="0" fromWho="0" sc="242,50,299,-10,203,-10,246,-20" /><INIT seed="4,0,0,0,1,46" ten="292,289,193,226" oya="0" hai0="17,40,112,6,2,123,120,31,68,106,127,107,134" hai1="87,95,13,74,119,19,53,130,57,42,81,122,98" hai2="71,94,83,36,22,72,62,70,115,38,129,5,33" hai3="60,1,76,77,128,61,48,93,56,37,133,12,73"/><T69/><D17/><U80/><E130/><V126/><F33/><W116/><G1/><T35/><D40/><U101/><E122/><N who="0" m="46633" /><D112/><U9/><E119/><V18/><F115/><W103/><G116/><T89/><D89/><U135/><E135/><V29/><F129/><W63/><G37/><T34/><D134/><U50/><E74/><V7/><F126/><W75/><G133/><T67/><D127/><U59/><E42/><V92/><F29/><W99/><G75/><T132/><D132/><U85/><E59/><V14/><F38/><W51/><G73/><T100/><D31/><U54/><E54/><V88/><F36/><W25/><G128/><T55/><D55/><U27/><E27/><V114/><F114/><W66/><G25/><T125/><D125/><U28/><E28/><V109/><F72/><W8/><G56/><T118/><D118/><U108/><E108/><V16/><F109/><W58/><G58/><T20/><D20/><U91/><E85/><N who="2" m="50239" /><F71/><N who="0" m="27210" /><D67/><U41/><E41/><V79/><F70/><W97/><G66/><T4/><D4/><N who="2" m="1610" /><F79/><N who="3" m="30283" /><G99/><N who="0" m="61727" /><D107/><AGARI ba="0,0" hai="9,13,19,50,53,57,80,81,87,91,95,98,101,107" machi="107" ten="30,2000,0" yaku="7,1,52,1" doraHai="46" who="1" fromWho="0" sc="292,-20,289,20,193,0,226,0" owari="272,7.0,309,41.0,193,-31.0,226,-17.0" /></mjloggm>