<mjloggm ver="2.3"><GO type="41" lobby="0"/><UN n0="%E3%82%84%E3%82%93%E3%82%8F%E3%82%8A" n1="%6A%2E%67%61%74%7A" n2="%E5%B0%B1%E6%B4%BB%E7%94%9F%40%E5%B7%9D%E6%9D%91%E8%BB%8D%E5%9B%A3" n3="%52%59%54%48%45%4D" dan="14,13,15,13" rate="1963.72,1862.78,2044.49,1941.31" sx="M,M,M,F"/><TAIKYOKU oya="0"/><INIT seed="0,0,0,1,3,102" ten="250,250,250,250" oya="0" hai0="46,34,90,32,81,24,14,4,21,63,86,30,22" hai1="12,51,31,110,124,56,134,109,11,47,2,135,101" hai2="78,84,71,61,65,26,108,132,16,55,70,72,10" hai3="43,97,95,113,121,130,13,54,75,100,67,127,33"/><T5/><D63/><U20/><E101/><V122/><F122/><W6/><G33/><T8/><D4/><N who="1" m="1431" /><E56/><V99/><F72/><W50/><G75/><T119/><D119/><U53/><E51/><V111/><F132/><N who="1" m="50729" /><E47/><V83/><F55/><W66/><G121/><T123/><D123/><U62/><E53/><V57/><F99/><W88/><G43/><T48/><REACH who="0" step="1"/><D32/><REACH who="0" ten="240,250,250,250" step="2"/><U98/><E62/><V60/><F60/><W0/><G6/><T73/><D73/><U1/><E124/><V85/><F71/><W131/><G127/><T112/><D112/><U117/><E117/><V77/><F70/><W120/><G113/><T58/><D58/><U126/><E126/><V106/><F57/><W92/><G120/><T40/><AGARI ba="0,1" hai="5,8,14,21,22,24,30,34,40,46,48,81,86,90" machi="40" ten="20,7800,0" yaku="1,1,0,1,7,1,53,1" doraHai="102" doraHaiUra="25" who="0" fromWho="0" sc="240,88,250,-26,250,-26,250,-26" /><INIT seed="0,1,0,2,2,60" ten="328,224,224,224" oya="0" hai0="12,132,24,17,16,4,27,30,108,5,52,70,109" hai1="68,88,63,103,105,129,55,58,40,76,93,69,8" hai2="64,1,135,100,42,123,95,44,22,32,126,11,116" hai3="96,51,20,131,48,2,101,66,106,43,82,41,83"/><T50/><D70/><U6/><E76/><V122/><F32/><W57/><G2/><T23/><D132/><U47/><E129/><V115/><F116/><W53/><G131/><T10/><D50/><U124/><E124/><V104/><F115/><W54/><G20/><T73/><D73/><U72/><E72/><V107/><F135/><W86/><G82/><T39/><D39/><U81/><E81/><V97/><F126/><W119/><G119/><T33/><D52/><U77/><E77/><V26/><F122/><W130/><G130/><T121/><D121/><U15/><E103/><V85/><F123/><W112/><G112/><T92/><D92/><U56/><E56/><V14/><F1/><W113/><G113/><T18/><D18/><U94/><E105/><V35/><F35/><W74/><G74/><T80/><D80/><U0/><E94/><V102/><F64/><W90/><REACH who="3" step="1"/><G66/><REACH who="3" ten="328,224,224,214" step="2"/><T3/><D3/><U78/><E0/><V65/><F65/><W114/><G114/><T89/><D89/><U87/><REACH who="1" step="1"/><E78/><REACH who="1" ten="328,214,224,214" step="2"/><V117/><F117/><W28/><G28/><T111/><AGARI ba="1,2" hai="4,5,10,12,16,17,23,24,27,30,33,108,109,111" machi="111" ten="30,18000,2" yaku="0,1,14,1,10,1,34,3,54,1" doraHai="60" who="0" fromWho="0" sc="328,203,214,-61,224,-61,214,-61" /><INIT seed="0,2,0,4,5,62" ten="531,153,163,153" oya="0" hai0="65,8,10,58,35,118,91,135,110,78,52,77,22" hai1="94,49,16,117,128,83,85,63,21,17,11,44,45" hai2="114,42,124,116,123,81,3,12,67,29,27,15,131" hai3="34,80,57,39,98,88,61,30,53,122,95,84,19"/><T31/><D35/><U9/><E117/><V41/><F116/><W73/><G39/><T71/><D118/><U125/><E128/><V37/><F123/><W121/><G73/><T26/><D135/><U46/><E125/><V60/><F114/><W51/><G34/><T24/><D24/><U59/><E94/><V130/><F3/><W55/><G30/><T109/><D91/><N who="1" m="51647" /><E49/><V134/><F134/><W68/><G68/><T89/><D89/><U47/><N who="1" m="11776" /><DORA hai="82" /><U40/><E40/><N who="2" m="15467" /><F81/><W18/><G122/><T72/><D77/><U111/><E111/><N who="0" m="42505" /><D78/><U106/><E106/><V97/><F97/><W70/><G70/><T23/><D72/><U75/><E75/><V105/><F105/><W112/><G112/><T126/><D126/><U87/><E87/><V28/><F37/><W108/><G108/><T50/><D23/><U92/><E92/><V69/><F124/><W7/><G7/><T43/><D43/><U90/><E90/><V104/><F104/><W48/><G61/><AGARI ba="2,0" hai="8,10,22,26,31,50,52,58,61,65,71" m="42505" machi="61" ten="30,11600,0" yaku="14,1,10,1,52,1,54,1" doraHai="62,82" who="0" fromWho="3" sc="531,122,153,0,163,0,153,-122" /><INIT seed="0,3,0,0,4,57" ten="653,153,163,31" oya="0" hai0="7,75,91,24,6,52,73,20,21,83,128,117,111" hai1="93,135,55,54,28,39,65,104,2,76,19,81,115" hai2="72,41,14,100,4,78,34,45,94,53,122,98,125" hai3="124,36,126,70,56,60,130,116,88,11,68,25,87"/><T105/><D117/><U58/><E104/><V47/><F34/><W123/><G116/><T44/><D105/><U50/><E39/><V8/><F122/><W13/><G36/><T97/><D128/><U109/><E2/><V106/><F125/><N who="3" m="48235" /><G25/><T96/><D20/><U118/><E118/><V0/><F53/><N who="3" m="33807" /><G130/><T134/><D73/><U71/><E71/><V63/><F63/><W89/><G123/><T9/><D75/><U61/><E109/><V3/><F47/><W16/><G89/><T119/><D119/><U132/><E115/><V48/><F72/><W103/><G103/><T62/><D134/><N who="1" m="51243" /><E28/><V80/><REACH who="2" step="1"/><F106/><REACH who="2" ten="653,153,153,31" step="2"/><W5/><G5/><T64/><D6/><U82/><E55/><V26/><F26/><W12/><G12/><T86/><D111/><U37/><E54/><V85/><AGARI ba="3,1" hai="0,3,4,8,14,41,45,48,78,80,85,94,98,100" machi="85" ten="20,8000,1" yaku="1,1,0,1,7,1,25,2,53,0" doraHai="57" doraHaiUra="49" who="2" fromWho="2" sc="653,-43,153,-23,153,99,31,-23" /><INIT seed="1,0,0,4,4,27" ten="610,130,252,8" oya="1" hai0="70,83,41,86,19,131,54,17,128,30,121,108,12" hai1="42,58,4,88,99,71,3,72,15,61,5,111,114" hai2="47,67,64,79,2,109,84,91,80,105,106,89,101" hai3="33,14,119,52,98,57,51,21,73,78,36,63,107"/><U20/><E114/><V0/><F109/><W97/><G33/><T132/><D70/><U93/><E72/><V28/><F47/><W35/><G35/><T118/><D118/><U34/><E71/><V75/><F28/><W11/><G36/><T60/><D108/><U45/><E111/><V6/><F91/><W38/><G38/><T96/><D96/><U115/><E115/><V92/><F105/><W25/><G119/><T22/><D41/><U7/><E34/><V110/><F110/><W76/><G73/><T104/><D104/><U103/><E3/><V53/><F53/><W68/><G107/><T112/><D112/><U117/><E117/><V120/><F120/><W135/><G135/><T10/><D121/><U32/><E32/><V31/><F31/><N who="3" m="17839" /><G68/><T62/><D132/><U44/><E103/><V48/><F48/><W43/><G43/><T16/><D54/><N who="1" m="34007" /><E42/><V50/><F50/><W126/><G126/><T124/><D124/><U56/><E56/><V85/><F2/><W113/><G113/><T23/><D60/><U130/><E130/><V40/><F40/><W133/><G133/><T13/><D62/><U81/><E81/><V9/><F75/><W46/><G46/><T82/><D82/><U59/><E59/><V8/><F106/><W116/><G63/><T127/><D127/><U18/><E45/><V55/><F55/><W123/><G116/><T24/><D128/><U26/><E44/><V95/><F0/><W65/><G65/><N who="2" m="25161" /><F6/><N who="3" m="3447" /><G123/><T129/><D129/><U87/><E99/><AGARI ba="0,0" hai="8,9,79,80,84,85,89,92,95,99,101" m="25161" machi="99" ten="30,1000,0" yaku="8,1" doraHai="27" who="2" fromWho="1" sc="610,0,130,-10,252,10,8,0" /><AGARI ba="0,0" hai="51,52,57,76,78,97,98,99" m="3447,17839" machi="99" ten="30,3900,0" yaku="8,1,52,1,54,1" doraHai="27" who="3" fromWho="1" sc="610,0,120,-39,262,0,8,39" /><INIT seed="2,0,0,5,1,126" ten="610,81,262,47" oya="2" hai0="18,31,26,64,54,130,56,30,94,98,129,28,111" hai1="50,23,19,22,55,117,83,60,34,58,116,124,73" hai2="68,110,75,9,32,10,134,123,57,3,36,8,67" hai3="114,106,86,29,135,113,11,14,93,97,21,79,69"/><V71/><F123/><W81/><G69/><T40/><D40/><U20/><E34/><V128/><F3/><W61/><G106/><T12/><D111/><U46/><E124/><V33/><F75/><W125/><G61/><T51/><D64/><U84/><E73/><V132/><F36/><W48/><G125/><T112/><D26/><U121/><E121/><V17/><F110/><W90/><G48/><T63/><D63/><U16/><E117/><V72/><F72/><W100/><G21/><T39/><D39/><U41/><REACH who="1" step="1"/><E116/><REACH who="1" ten="610,71,262,47" step="2"/><V13/><F33/><W66/><G135/><N who="2" m="51753" /><F32/><W107/><G29/><T43/><D112/><U87/><E87/><V1/><F1/><W105/><G66/><T53/><D98/><U74/><E74/><V109/><F109/><W88/><G11/><N who="2" m="4169" /><F128/><W108/><G108/><T120/><D120/><U118/><E118/><V77/><F77/><AGARI ba="0,1" hai="16,19,20,22,23,41,46,50,55,58,60,77,83,84" machi="77" ten="40,5200,0" yaku="1,1,8,1,54,1,53,0" doraHai="126" doraHaiUra="65" who="1" fromWho="2" sc="610,0,71,62,262,-52,47,0" /><INIT seed="3,0,0,5,4,52" ten="610,133,210,47" oya="3" hai0="100,47,30,80,12,87,10,112,75,94,2,22,123" hai1="113,89,86,61,59,110,90,64,57,32,72,21,11" hai2="101,97,96,108,4,63,23,43,98,118,8,71,26" hai3="15,50,126,116,40,122,1,18,134,129,9,79,42"/><W135/><G122/><T104/><D123/><U83/><E113/><V105/><F118/><W37/><G116/><T132/><D132/><N who="3" m="50729" /><G37/><T117/><D117/><U111/><E32/><V48/><F108/><N who="1" m="41513" /><E72/><V24/><F71/><W0/><G79/><T58/><D47/><U92/><E11/><V95/><F63/><W13/><G126/><T36/><D36/><U19/><E61/><V46/><F105/><W20/><G129/><T77/><D112/><U106/><E64/><V125/><F125/><W53/><G15/><T16/><D2/><N who="3" m="1129" /><G9/><T120/><D120/><U130/><E106/><V73/><F73/><W70/><G70/><T44/><D44/><AGARI ba="0,0" hai="13,18,20,40,42,44,50,53" m="1129,50729" machi="44" ten="30,1500,0" yaku="20,1" doraHai="52" who="3" fromWho="0" sc="610,-15,133,0,210,0,47,15" /><INIT seed="3,1,0,1,2,69" ten="595,133,210,62" oya="3" hai0="13,120,85,86,77,7,20,109,107,4,66,37,62" hai1="14,22,101,35,131,93,108,43,117,65,110,51,19" hai2="96,32,21,59,53,40,124,30,133,78,1,5,95" hai3="9,104,45,57,70,76,84,54,82,31,6,15,83"/><W71/><G104/><T97/><D120/><U47/><E117/><V105/><F105/><W75/><G31/><T60/><D109/><N who="1" m="42091" /><E35/><V99/><F124/><W113/><G113/><T72/><D37/><U135/><E65/><V63/><F32/><W16/><G6/><T58/><D72/><U129/><E101/><V64/><F133/><W73/><G73/><T44/><D44/><U18/><E18/><V123/><F123/><W89/><REACH who="3" step="1"/><G45/><REACH who="3" ten="595,133,210,52" step="2"/><T48/><D107/><U8/><E135/><V102/><F1/><W81/><G81/><T2/><D7/><U50/><E93/><V130/><F5/><W25/><G25/><T74/><D74/><U92/><E92/><V67/><F130/><W91/><G91/><T23/><D4/><U68/><E131/><V3/><F3/><W94/><G94/><T46/><D2/><U100/><E129/><V42/><F78/><W27/><G27/><T98/><D77/><U112/><E112/><V128/><F128/><W33/><G33/><T115/><D115/><U41/><E47/><V29/><F29/><W11/><G11/><T132/><D132/><U34/><E34/><V122/><F122/><W79/><G79/><T88/><D88/><U10/><E8/><V134/><F134/><W36/><G36/><T24/><D24/><U49/><E10/><V17/><F30/><W103/><G103/><T61/><D46/><U80/><E100/><V39/><F39/><W111/><G111/><T126/><D20/><U38/><E38/><V0/><F0/><W114/><G114/><T28/><D23/><U52/><E22/><RYUUKYOKU ba="1,1" sc="595,-10,133,-10,210,-10,52,30" hai3="9,15,16,54,57,70,71,75,76,82,83,84,89" /><INIT seed="3,2,1,3,4,63" ten="585,123,200,82" oya="3" hai0="113,125,40,114,10,68,46,24,0,70,58,47,39" hai1="19,36,3,8,123,62,133,32,134,13,116,80,67" hai2="87,86,37,2,81,23,93,95,38,28,6,76,108" hai3="103,20,98,92,42,89,90,77,7,127,109,30,12"/><W105/><G42/><N who="0" m="22879" /><D24/><U117/><E36/><V121/><F108/><W1/><G1/><T69/><D10/><U11/><E123/><V102/><F121/><W84/><G127/><T72/><D72/><U29/><E80/><V112/><F112/><N who="0" m="43114" /><D0/><U107/><E107/><V130/><F130/><W61/><G105/><T44/><D125/><U35/><E62/><V78/><F2/><W33/><G33/><N who="1" m="12874" /><E67/><V122/><F6/><W25/><G109/><T115/><D115/><U126/><E126/><V106/><F106/><W85/><G61/><T9/><D9/><U52/><E52/><V71/><F71/><W97/><G77/><T131/><D131/><U88/><E88/><N who="3" m="33898" /><G98/><T18/><D18/><U65/><E65/><V43/><F122/><W15/><G7/><T41/><D58/><U100/><E100/><V56/><F56/><W111/><G111/><T132/><D132/><N who="1" m="50795" /><E29/><V74/><F74/><W55/><G55/><T45/><AGARI ba="2,1" hai="40,41,44,45,47,68,69,70" m="43114,22879" machi="45" ten="40,5200,0" yaku="11,1,34,2" doraHai="63" who="0" fromWho="0" sc="585,68,123,-15,200,-15,82,-28" /><INIT seed="4,0,0,5,1,110" ten="653,108,185,54" oya="0" hai0="8,101,14,3,107,132,19,71,77,119,66,35,82" hai1="70,94,121,18,122,104,33,57,85,15,45,32,115" hai2="86,20,50,0,99,47,54,117,22,52,21,93,63" hai3="51,37,108,7,23,59,100,88,16,67,124,56,61"/><T102/><D119/><U34/><E104/><V60/><F0/><W131/><G124/><T96/><D101/><U116/><E116/><V118/><F86/><W129/><G108/><T112/><D35/><U90/><E70/><V49/><F117/><W28/><G37/><T97/><D97/><U125/><E125/><V64/><F118/><W62/><G100/><T29/><D29/><U113/><E45/><N who="2" m="27695" /><F64/><W120/><G120/><T81/><D132/><U133/><E133/><V44/><F44/><W111/><G111/><T55/><D55/><U69/><E69/><V73/><F73/><W41/><G7/><T83/><D3/><U109/><E109/><V39/><F39/><W80/><G28/><T127/><D127/><U76/><E76/><V105/><F105/><W25/><G51/><T87/><D66/><U91/><E57/><V65/><F65/><W46/><G131/><T36/><D36/><U74/><E74/><V26/><F26/><W123/><G123/><T48/><D48/><U24/><E24/><V134/><F134/><W11/><G129/><T58/><D71/><U128/><E128/><V31/><F31/><W135/><G135/><T79/><D58/><N who="3" m="22057" /><G67/><T84/><D82/><U114/><E91/><AGARI ba="0,0" hai="20,21,22,47,50,54,60,63,91,93,99" m="27695" machi="91" ten="30,2000,0" yaku="8,1,54,1" doraHai="110" who="2" fromWho="1" sc="653,0,108,-20,185,20,54,0" /><INIT seed="5,0,0,4,2,115" ten="653,88,205,54" oya="1" hai0="65,72,134,28,133,128,15,7,86,74,124,96,51" hai1="118,18,52,31,113,106,33,42,39,119,35,3,90" hai2="117,82,41,45,66,68,104,69,34,25,95,130,81" hai3="37,38,57,112,100,40,62,75,93,101,50,43,89"/><U1/><E106/><V47/><F117/><W44/><G75/><T14/><D124/><U21/><E42/><V16/><F130/><W10/><G112/><T6/><D128/><U46/><E113/><V103/><F47/><W102/><G10/><T24/><D65/><U125/><E125/><V111/><F111/><W135/><G135/><T5/><D51/><U11/><E39/><V120/><F120/><W59/><G59/><T61/><D61/><U32/><E90/><V97/><F95/><W79/><G79/><T91/><D96/><U105/><E105/><V23/><F34/><W78/><G78/><T63/><D63/><U60/><E46/><V77/><F66/><W131/><G131/><T127/><D127/><U55/><E60/><V98/><F98/><W27/><G27/><T8/><D8/><U114/><E114/><V88/><F88/><W132/><G132/><N who="0" m="50795" /><D74/><U26/><E55/><V30/><F30/><W83/><G83/><N who="0" m="49631" /><D72/><U9/><E52/><V20/><F20/><AGARI ba="0,0" hai="5,6,7,14,15,20,24,28" m="49631,50795" machi="20" ten="30,1000,0" yaku="20,1" doraHai="115" who="0" fromWho="2" sc="653,10,88,0,205,-10,54,0" /><INIT seed="6,0,0,2,0,118" ten="663,88,195,54" oya="2" hai0="85,89,40,63,18,13,57,103,67,82,54,53,121" hai1="24,81,77,59,74,104,130,75,11,87,6,35,129" hai2="23,28,8,31,115,37,68,62,108,49,25,48,91" hai3="21,80,72,3,109,38,46,132,116,131,100,134,19"/><V95/><F37/><W106/><G116/><T50/><D121/><U94/><E104/><V112/><F108/><W73/><G19/><T119/><D119/><U33/><E59/><V98/><F28/><W127/><G21/><N who="0" m="11471" /><D103/><U14/><E24/><V107/><F107/><W10/><G109/><T101/><D101/><U17/><E6/><V64/><REACH who="2" step="1"/><F8/><REACH who="2" ten="663,88,185,54" step="2"/><W90/><G10/><T55/><D50/><AGARI ba="0,1" hai="23,25,31,48,49,50,62,64,68,91,95,98,112,115" machi="50" ten="40,3900,0" yaku="1,1,2,1,53,0" doraHai="118" doraHaiUra="99" who="2" fromWho="0" sc="663,-39,88,0,185,49,54,0" /><INIT seed="6,1,0,0,2,134" ten="624,88,234,54" oya="2" hai0="135,62,86,45,15,5,61,44,23,88,72,47,9" hai1="31,81,53,133,77,52,115,108,59,74,129,102,7" hai2="132,43,90,36,113,78,21,73,38,130,8,128,3" hai3="19,103,101,20,70,125,92,105,4,99,131,24,16"/><V118/><F118/><W25/><G70/><T110/><D72/><U17/><E133/><V85/><F113/><W79/><G131/><T37/><D37/><U89/><E108/><V6/><F132/><W75/><G4/><T22/><D110/><U96/><E129/><V35/><F35/><W56/><G75/><T127/><D127/><U2/><E115/><V50/><F21/><N who="0" m="7690" /><D135/><U32/><E17/><V63/><F63/><W28/><G79/><T26/><D26/><U114/><E114/><V112/><F112/><W40/><G40/><T76/><D76/><U124/><E89/><V94/><F50/><W93/><G25/><T34/><D34/><U122/><E122/><V95/><F95/><AGARI ba="1,0" hai="5,9,15,44,45,47,61,62,86,88,95" m="7690" machi="95" ten="30,2000,0" yaku="8,1,54,1" doraHai="134" who="0" fromWho="2" sc="624,23,88,0,234,-23,54,0" /><INIT seed="7,0,0,0,0,28" ten="647,88,211,54" oya="3" hai0="111,109,11,86,112,91,57,70,16,17,67,77,9" hai1="31,40,37,23,63,90,97,84,75,81,85,102,123" hai2="64,106,27,19,36,54,60,61,56,12,120,124,96" hai3="118,133,115,117,32,30,101,105,89,82,122,66,6"/><W21/><G66/><T71/><D77/><N who="1" m="44223" /><E63/><V44/><F120/><W98/><G122/><T18/><D57/><U48/><E37/><V41/><F124/><W51/><G6/><T114/><D67/><U10/><E10/><N who="0" m="3593" /><D86/><N who="1" m="33387" /><E23/><V33/><F33/><W95/><G21/><T59/><D59/><U83/><E31/><V131/><F27/><W26/><G82/><T14/><D91/><U29/><E48/><V73/><F73/><W24/><G24/><T110/><D14/><U108/><E29/><V72/><F72/><W4/><G4/><T47/><D47/><U74/><E40/><V35/><F35/><W39/><G39/><T132/><D132/><U116/><E123/><V20/><F131/><W8/><G8/><T107/><D107/><N who="1" m="63951" /><E116/><V1/><F1/><W125/><G133/><T22/><D22/><U55/><E55/><V43/><F43/><W80/><G80/><T100/><D70/><U52/><E52/><V128/><F128/><W92/><G51/><T15/><D71/><U121/><E121/><V3/><F3/><W127/><G95/><T79/><D15/><U76/><E108/><V126/><F126/><N who="3" m="48139" /><G115/><T87/><D112/><U130/><E130/><V5/><F5/><W42/><G42/><T94/><D114/><U50/><E50/><V88/><F106/><W0/><G0/><T46/><D46/><U34/><E34/><V135/><F135/><W68/><G68/><T134/><D134/><U65/><E65/><V104/><F104/><W53/><G53/><T93/><D111/><U69/><E69/><V78/><F64/><W99/><AGARI ba="0,0" hai="26,30,32,89,92,98,99,101,105,117,118" m="48139" machi="99" ten="30,6000,0" yaku="5,1,18,1,52,1" doraHai="28" who="3" fromWho="3" sc="647,-20,88,-20,211,-20,54,60" /><INIT seed="7,1,0,4,3,53" ten="627,68,191,114" oya="3" hai0="59,52,92,76,79,37,51,84,27,118,98,7,19" hai1="100,64,89,16,9,83,129,82,117,99,29,2,54" hai2="6,44,41,102,108,97,123,60,128,115,135,131,55" hai3="111,40,74,86,63,85,112,13,119,121,104,25,45"/><W114/><G74/><T1/><D37/><U18/><E117/><V105/><F108/><W30/><G119/><T50/><D1/><U120/><E129/><N who="2" m="49739" /><F135/><W91/><G104/><T56/><D7/><U81/><E120/><V31/><F123/><W78/><G121/><T48/><D118/><U71/><E29/><V73/><F115/><W39/><G111/><T23/><D84/><U87/><E2/><V38/><F73/><W75/><G75/><T132/><D132/><U107/><E64/><V70/><F6/><W34/><G78/><N who="0" m="29739" /><D52/><U46/><E71/><V109/><F109/><W28/><G28/><T10/><D10/><U17/><REACH who="1" step="1"/><E9/><REACH who="1" ten="627,58,191,114" step="2"/><V93/><F70/><W116/><G116/><T72/><D72/><U26/><E26/><V24/><F31/><W14/><G114/><T42/><D42/><U88/><E88/><AGARI ba="1,1" hai="19,23,27,48,50,51,56,59,88,92,98" m="29739" machi="88" ten="30,7700,0" yaku="8,1,52,2,54,1" doraHai="53" who="0" fromWho="1" sc="627,90,58,-80,191,0,114,0" owari="717,82.0,-22,-52.0,191,-1.0,114,-29.0" /></mjloggm>