<mjloggm ver="2.3"><GO type="169" lobby="0"/><UN n0="%52%4F%4C%4C%59" n1="%E7%B4%85%E3%81%84%E7%9E%B3%E3%81%AE%E6%AD%A6%E4%B8%B8" n2="%E5%8C%97%E3%81%AE%E5%AF%BE%E5%AD%90%E8%90%BD%E3%81%A8%E3%81%97" n3="%E5%B0%B1%E6%B4%BB%E7%94%9F%40%E5%B7%9D%E6%9D%91%E8%BB%8D%E5%9B%A3" dan="17,16,16,17" rate="2192.49,2097.08,2041.16,2180.21" sx="M,M,M,M"/><TAIKYOKU oya="0"/><INIT seed="0,0,0,3,0,107" ten="250,250,250,250" oya="0" hai0="58,117,71,131,128,47,12,33,70,72,38,129,77" hai1="18,121,78,119,49,93,13,1,108,101,134,110,56" hai2="104,84,40,92,73,85,26,96,3,57,11,111,133" hai3="44,35,102,34,2,76,27,7,100,120,55,9,14"/><T60/><D33/><U29/><E119/><V36/><F133/><W118/><G118/><T68/><D12/><U25/><E1/><V81/><F111/><W67/><G67/><N who="0" m="39319" /><D77/><U45/><E121/><V65/><F104/><W115/><G115/><T54/><D117/><U53/><E78/><N who="2" m="44239" /><F26/><W74/><G120/><T103/><D103/><U39/><E134/><V62/><F92/><W42/><G14/><T127/><D72/><U99/><E39/><V64/><F96/><W28/><G35/><T106/><D106/><U50/><E25/><V123/><F65/><W116/><G55/><T97/><D97/><U37/><E29/><V16/><F16/><W61/><G61/><T46/><D38/><U20/><REACH who="1" step="1"/><E37/><REACH who="1" ten="250,240,250,250" step="2"/><V109/><F123/><W32/><G116/><T95/><D127/><U75/><E75/><V43/><F109/><W48/><G34/><T132/><D132/><U22/><E22/><V82/><F3/><W90/><G76/><T113/><D113/><U51/><E51/><V41/><F36/><W24/><G74/><T30/><D30/><U0/><E0/><V86/><F11/><W80/><G27/><T94/><D128/><U126/><E126/><V17/><F82/><W31/><G28/><T87/><D129/><U79/><E79/><V59/><F62/><W8/><G9/><T23/><D131/><U83/><E83/><V112/><F112/><W6/><G80/><T10/><D23/><U88/><E88/><V15/><F64/><W66/><G32/><T98/><D10/><U91/><E91/><V4/><F4/><W124/><G8/><RYUUKYOKU ba="0,1" sc="250,-15,240,15,250,15,250,-15" hai1="13,18,20,45,49,50,53,56,93,99,101,108,110" hai2="15,17,40,41,43,57,59,84,85,86" /><INIT seed="1,1,1,1,1,24" ten="235,255,265,235" oya="1" hai0="120,73,86,121,97,0,12,119,77,132,84,134,16" hai1="17,103,123,42,83,75,124,81,26,72,15,64,37" hai2="29,65,109,21,107,108,114,18,7,125,93,85,20" hai3="56,51,113,98,111,8,135,80,44,52,13,34,9"/><U58/><E123/><N who="0" m="47177" /><D0/><U122/><E122/><V19/><F107/><W49/><G113/><T92/><D119/><U57/><E103/><V129/><F114/><W74/><G111/><N who="2" m="42569" /><F125/><W131/><G135/><N who="0" m="51755" /><D73/><U2/><E2/><V55/><F65/><W101/><G131/><T112/><D77/><U63/><E124/><V67/><F67/><W3/><G34/><T94/><D112/><U41/><E26/><N who="2" m="16591" /><F7/><W82/><G3/><T95/><D97/><U6/><E6/><V45/><F20/><AGARI ba="1,1" hai="12,16,20,84,86,92,94,95" m="51755,47177" machi="20" ten="40,5200,0" yaku="13,1,20,1,54,1" doraHai="24" who="0" fromWho="2" sc="235,65,255,0,265,-55,235,0" /><INIT seed="2,0,0,0,2,37" ten="300,255,210,235" oya="2" hai0="25,8,85,17,69,26,112,19,65,105,131,86,10" hai1="122,102,64,89,1,55,123,111,91,52,78,98,49" hai2="5,34,119,81,99,41,101,57,36,48,20,0,27" hai3="80,77,12,84,118,127,128,7,43,44,33,14,130"/><V95/><F119/><W56/><G118/><T74/><D105/><U135/><E1/><V73/><F34/><W106/><G106/><T71/><D74/><U67/><E135/><V53/><F0/><W23/><G33/><T59/><D131/><U58/><E111/><V24/><F5/><W63/><G127/><T121/><D59/><U103/><E78/><V104/><F104/><W134/><G134/><T88/><D65/><N who="1" m="25163" /><E55/><V133/><F133/><W31/><G31/><T11/><D121/><N who="1" m="46091" /><E98/><V42/><F36/><W109/><G23/><T124/><D124/><U110/><E110/><V3/><F3/><W51/><G109/><T61/><D61/><U30/><E30/><V13/><F81/><W32/><G32/><T120/><D120/><U114/><E114/><V116/><F73/><W35/><G35/><T45/><D112/><U126/><E126/><V96/><F96/><W129/><REACH who="3" step="1"/><G7/><REACH who="3" ten="300,255,210,225" step="2"/><T9/><D9/><U70/><E70/><V22/><F116/><W97/><G97/><T39/><D8/><U94/><E103/><V54/><F99/><W2/><G2/><T117/><D117/><U83/><E102/><V60/><F101/><W100/><G100/><T132/><D132/><U66/><E94/><V40/><F95/><W46/><G46/><T79/><D45/><U82/><E82/><V6/><F6/><W92/><G92/><T87/><D71/><U76/><E66/><AGARI ba="0,1" hai="12,14,43,44,51,56,63,66,77,80,84,128,129,130" machi="66" ten="40,8000,1" yaku="1,1,19,1,52,1,53,1" doraHai="37" doraHaiUra="75" who="3" fromWho="1" sc="300,0,255,-80,210,0,225,90" /><INIT seed="3,0,0,0,0,33" ten="300,175,210,315" oya="3" hai0="119,90,134,91,127,19,106,24,21,37,36,17,95" hai1="117,25,126,59,88,110,99,72,73,22,43,7,135" hai2="15,35,109,23,32,50,94,70,57,108,80,82,28" hai3="60,97,102,11,66,98,56,53,55,29,129,115,67"/><W6/><G115/><T116/><D106/><U48/><E110/><N who="2" m="42603" /><F70/><W74/><G74/><T131/><D134/><U39/><E135/><V47/><F57/><W2/><G129/><T68/><D68/><U124/><E39/><V61/><F61/><W34/><G97/><T133/><D133/><U46/><E59/><V89/><F15/><W14/><G14/><T45/><D131/><U77/><E7/><V118/><F23/><W132/><G132/><T121/><D121/><U87/><E99/><V13/><F13/><W75/><G75/><T8/><D127/><N who="1" m="48683" /><E77/><V125/><F118/><W71/><G67/><T130/><D130/><U113/><E113/><V112/><F112/><W31/><G34/><N who="2" m="12841" /><F28/><W41/><G41/><T62/><D62/><U12/><E12/><V42/><F125/><W114/><G114/><T26/><D45/><U30/><E117/><V65/><F65/><W5/><G5/><T52/><D21/><U103/><E103/><V92/><F92/><AGARI ba="0,0" hai="22,25,30,43,46,48,72,73,87,88,92" m="48683" machi="92" ten="30,2000,0" yaku="18,1,54,1" doraHai="33" who="1" fromWho="2" sc="300,0,175,20,210,-20,315,0" /><INIT seed="4,0,0,5,2,57" ten="300,195,190,315" oya="0" hai0="58,34,132,21,93,44,18,107,14,121,83,66,20" hai1="120,19,1,134,97,125,4,116,118,53,7,54,26" hai2="114,112,22,32,49,31,86,17,45,76,77,9,82" hai3="8,81,105,74,108,100,15,5,63,39,52,3,98"/><T104/><D121/><U60/><E120/><V90/><F9/><W79/><G108/><T71/><D34/><U29/><E125/><V119/><F31/><W109/><G109/><T130/><D71/><U25/><E134/><V47/><F32/><W13/><G39/><T43/><D132/><U68/><E1/><V59/><F59/><W87/><G74/><T106/><D130/><U75/><E75/><V99/><F119/><W56/><AGARI ba="0,0" hai="3,5,8,13,15,52,56,63,79,81,87,98,100,105" machi="56" ten="30,4000,0" yaku="0,1,52,1,54,1" doraHai="57" who="3" fromWho="3" sc="300,-20,195,-10,190,-10,315,40" /><INIT seed="5,0,0,3,5,134" ten="280,185,180,355" oya="1" hai0="127,28,37,102,100,119,67,39,84,32,68,11,38" hai1="55,62,21,71,25,77,111,19,114,23,81,22,75" hai2="125,36,129,13,33,97,49,35,112,94,51,45,80" hai3="5,54,20,53,72,107,90,99,88,4,92,78,64"/><U17/><E114/><V30/><F125/><W120/><G120/><T43/><D43/><U117/><E117/><V29/><F129/><W15/><G107/><T83/><D119/><U104/><E104/><V31/><F112/><W41/><G41/><T46/><D46/><U109/><E55/><V60/><F36/><W47/><G64/><T122/><D122/><U89/><E89/><V69/><F80/><W57/><G78/><T130/><D130/><U7/><E7/><V113/><F113/><W44/><G72/><T27/><D127/><U59/><E59/><V86/><F86/><W6/><G90/><T3/><D68/><U8/><E8/><V118/><F118/><W76/><G76/><T131/><D67/><N who="1" m="41463" /><E19/><V110/><F110/><AGARI ba="0,0" hai="17,21,22,23,25,75,77,81,109,110,111" m="41463" machi="110" ten="30,1500,0" yaku="10,1" doraHai="134" who="1" fromWho="2" sc="280,0,185,15,180,-15,355,0" /><INIT seed="5,1,0,4,4,127" ten="280,200,165,355" oya="1" hai0="72,9,116,35,77,71,98,43,97,56,135,99,133" hai1="7,28,14,85,25,45,27,126,37,68,32,79,67" hai2="86,81,102,96,123,108,3,122,110,4,113,0,12" hai3="57,101,93,11,74,18,30,1,83,42,52,21,88"/><U47/><E126/><V89/><F12/><W23/><G42/><T69/><D35/><U109/><E109/><N who="2" m="42091" /><F4/><W6/><G101/><T107/><D107/><U84/><E67/><V130/><F0/><W95/><G30/><T34/><D34/><U117/><E68/><V33/><F3/><W39/><G39/><T53/><D43/><U106/><E37/><V80/><F33/><W94/><G74/><T73/><D9/><U76/><E32/><V51/><F51/><W75/><G75/><N who="0" m="28747" /><D77/><U10/><E14/><V128/><F81/><W26/><G23/><T121/><D121/><N who="2" m="46090" /><F113/><W87/><G83/><T29/><D116/><U58/><E10/><V129/><F130/><W48/><AGARI ba="1,0" hai="1,6,11,18,21,26,48,52,57,87,88,93,94,95" machi="48" ten="20,5200,0" yaku="0,1,7,1,54,2" doraHai="127" who="3" fromWho="3" sc="280,-14,200,-27,165,-14,355,55" /><INIT seed="6,0,0,4,4,50" ten="266,173,151,410" oya="2" hai0="43,12,15,99,110,97,130,112,127,17,46,73,68" hai1="120,80,90,69,125,114,4,40,36,86,82,117,51" hai2="65,87,100,14,1,29,0,62,79,33,44,92,84" hai3="103,102,122,115,10,56,37,70,135,111,98,20,16"/><V126/><F126/><W89/><G70/><T74/><D68/><U28/><E117/><V30/><F44/><W57/><G111/><T52/><D110/><U22/><E69/><V11/><F0/><W94/><G37/><T118/><D127/><U21/><E125/><V64/><F1/><W45/><G122/><T53/><D118/><U134/><E114/><V41/><F41/><W31/><G135/><T35/><D35/><U55/><E134/><V5/><F33/><W59/><G115/><T18/><D112/><U132/><E132/><V88/><F100/><W104/><G45/><T129/><D46/><U109/><E109/><V39/><F39/><W47/><G47/><T123/><D43/><U107/><E107/><V85/><F79/><W66/><G66/><N who="2" m="25705" /><F62/><W96/><G103/><T26/><D26/><U7/><E120/><AGARI ba="0,0" hai="12,15,17,18,52,53,73,74,97,99,120,123,129,130" machi="120" ten="25,8000,1" yaku="22,2,52,2,54,1" doraHai="50" who="0" fromWho="1" sc="266,80,173,-80,151,0,410,0" /><INIT seed="7,0,0,1,4,81" ten="346,93,151,410" oya="3" hai0="7,63,135,115,55,116,45,133,103,123,26,104,42" hai1="87,6,96,32,36,90,33,117,9,64,68,46,23" hai2="65,30,100,120,73,59,127,129,83,98,95,92,75" hai3="16,128,1,43,107,69,2,40,93,14,126,27,15"/><W106/><G69/><T70/><D116/><U17/><E117/><V97/><F129/><W3/><G128/><T112/><D123/><U108/><E108/><V21/><F127/><W11/><G126/><T76/><D76/><U66/><E33/><V131/><F83/><W132/><G132/><N who="0" m="50763" /><D7/><U125/><E32/><V56/><F56/><W88/><G27/><T37/><D26/><U61/><E66/><V22/><F22/><W78/><G78/><T80/><D80/><U25/><E125/><V4/><F4/><W74/><G74/><T114/><D103/><U57/><E68/><V18/><F30/><W20/><G106/><T41/><D104/><U84/><E36/><V38/><F38/><W105/><G105/><T34/><D34/><U67/><E46/><V124/><F124/><W91/><G107/><T111/><D111/><U44/><E44/><V134/><F131/><W109/><G109/><T49/><D37/><U47/><E47/><V19/><F120/><W10/><G20/><T101/><D101/><U113/><E113/><V118/><F118/><W122/><G122/><T8/><D8/><U12/><E64/><AGARI ba="0,0" hai="41,42,45,49,55,63,64,70,112,114,115" m="50763" machi="64" ten="40,8000,1" yaku="15,1,11,1,20,1,34,2" doraHai="81" who="0" fromWho="1" sc="346,80,93,-80,151,0,410,0" owari="426,53.0,13,-49.0,151,-25.0,410,21.0" /></mjloggm>