<mjloggm ver="2.3"><GO type="169" lobby="0"/><UN n0="%66%61%62%6C%65" n1="%E6%AF%94%E5%98%89%E7%A7%80%E4%BB%81" n2="%E9%97%87%E3%82%B5%E3%83%88%E3%82%B7" n3="%E3%82%A6%E3%83%AB%E3%83%88%E3%83%A9%E7%AB%8B%E7%9B%B4" dan="16,16,16,16" rate="2065.52,2137.89,2085.03,2103.59" sx="M,M,F,M"/><TAIKYOKU oya="0"/><INIT seed="0,0,0,2,4,91" ten="250,250,250,250" oya="0" hai0="80,82,17,36,104,52,88,31,120,113,60,16,111" hai1="134,33,9,10,98,106,114,50,110,25,116,89,74" hai2="79,62,70,95,6,69,41,100,71,94,2,105,24" hai3="124,30,92,118,127,1,107,0,27,26,77,23,32"/><T5/><D120/><U68/><E110/><V7/><F79/><W90/><G107/><T54/><D113/><U42/><E116/><V132/><F41/><W4/><G77/><T135/><D36/><U3/><E68/><V76/><F76/><W81/><G81/><T15/><D104/><U22/><E74/><V131/><F62/><W83/><G83/><T93/><D135/><U19/><E114/><V21/><F132/><W47/><G47/><T123/><D123/><U34/><E134/><V84/><F131/><W129/><G118/><T65/><D111/><U130/><E130/><V128/><F128/><W20/><G32/><T44/><D31/><U72/><E72/><V12/><F2/><W85/><G129/><T121/><D121/><U53/><E42/><V108/><F108/><W87/><G87/><N who="0" m="52383" /><D82/><U63/><E106/><V102/><F84/><W40/><G40/><T39/><D39/><U43/><E3/><V13/><F105/><W37/><G37/><T64/><D80/><U35/><E43/><V67/><F67/><N who="0" m="25674" /><D5/><U46/><REACH who="1" step="1"/><E63/><REACH who="1" ten="250,240,250,250" step="2"/><V109/><F109/><W51/><G0/><T8/><D17/><U86/><E86/><V126/><F71/><W96/><G85/><T28/><D28/><U38/><E38/><V11/><F69/><W61/><G1/><T59/><D44/><U75/><E75/><V119/><F70/><W112/><G112/><T48/><D54/><U97/><E97/><V122/><F119/><W14/><G30/><T49/><AGARI ba="0,1" hai="8,15,16,48,49,52,59,60" m="25674,52383" machi="49" ten="30,12000,1" yaku="8,1,52,1,54,3" doraHai="91" who="0" fromWho="0" sc="250,130,240,-40,250,-40,250,-40" /><INIT seed="0,1,0,5,5,45" ten="380,200,210,210" oya="0" hai0="68,30,75,132,83,115,87,29,24,37,93,41,12" hai1="39,36,70,44,34,78,99,135,27,9,47,50,31" hai2="3,71,23,86,102,81,88,77,49,121,54,42,59" hai3="21,89,4,130,15,104,112,134,84,2,133,25,109"/><T18/><D68/><U96/><E135/><N who="3" m="51722" /><G104/><T53/><D132/><U66/><E78/><V16/><F71/><W62/><G112/><T122/><D75/><U101/><E9/><V94/><F3/><W108/><G62/><T107/><D107/><N who="1" m="63911" /><E99/><N who="2" m="59767" /><F42/><W32/><G130/><T58/><D93/><U119/><E119/><V56/><F121/><W52/><G2/><T57/><D57/><U20/><E20/><V55/><F77/><W8/><G32/><T43/><D115/><U5/><E5/><V131/><F131/><W61/><G61/><T111/><D122/><U1/><E1/><V76/><F76/><W67/><G67/><T110/><D41/><N who="1" m="24943" /><E44/><N who="2" m="27943" /><F55/><W106/><G106/><T80/><D43/><U117/><E117/><V7/><F7/><W127/><G52/><T91/><D80/><U72/><E72/><V73/><F73/><W98/><G98/><T40/><D40/><U48/><E48/><V28/><F28/><N who="3" m="17455" /><G84/><T17/><D37/><U82/><E82/><V14/><AGARI ba="1,0" hai="14,16,23,56,59,81,86,88" m="27943,59767" machi="14" ten="30,7900,0" yaku="8,1,52,1,54,2" doraHai="45" who="2" fromWho="2" sc="380,-40,200,-21,210,82,210,-21" /><INIT seed="1,0,0,0,5,39" ten="340,179,292,189" oya="1" hai0="8,28,66,26,68,14,111,115,29,18,21,69,81" hai1="46,65,51,15,30,20,6,76,91,64,119,11,7" hai2="40,96,88,52,83,53,41,114,38,131,4,25,27" hai3="60,130,75,78,97,13,56,37,79,89,103,120,104"/><U84/><E119/><V74/><F38/><W57/><G120/><T77/><D111/><U87/><E7/><V67/><F131/><W1/><G130/><T61/><D115/><U63/><E30/><V95/><F114/><W102/><G1/><T132/><D132/><U100/><E100/><V70/><F4/><W32/><G32/><T33/><D69/><U44/><E20/><V135/><F135/><W134/><G134/><T24/><D81/><N who="1" m="47143" /><E63/><V124/><F124/><W93/><G37/><T106/><D77/><U107/><E107/><V48/><F70/><W112/><G112/><T43/><REACH who="0" step="1"/><D106/><REACH who="0" ten="330,179,292,189" step="2"/><U94/><E46/><N who="2" m="27671" /><F83/><W98/><G79/><T50/><D50/><U127/><E127/><V10/><F74/><W19/><G78/><T82/><D82/><U72/><E72/><V116/><F116/><W105/><G75/><T92/><D92/><U3/><E3/><V90/><F95/><W101/><G105/><T126/><D126/><U58/><E58/><V99/><F90/><W5/><G57/><T47/><D47/><U133/><E133/><V17/><F88/><W0/><G56/><T16/><D16/><U2/><E2/><V22/><F17/><W121/><G60/><T125/><D125/><U128/><E128/><V59/><F59/><W110/><G19/><T34/><D34/><U117/><E117/><V108/><F108/><W31/><G110/><T9/><D9/><U12/><E12/><V85/><F10/><N who="3" m="2343" /><G13/><T62/><D62/><U129/><E129/><V73/><F73/><W118/><G118/><T55/><D55/><AGARI ba="0,1" hai="6,11,15,44,51,55,64,65,87,91,94" m="47143" machi="55" ten="30,1500,0" yaku="8,1" doraHai="39" who="1" fromWho="0" sc="330,-15,179,25,292,0,189,0" /><INIT seed="1,1,0,2,0,114" ten="315,204,292,189" oya="1" hai0="23,20,123,110,130,8,72,22,14,58,102,97,103" hai1="90,27,87,70,4,45,104,109,48,7,31,129,56" hai2="122,65,126,10,115,39,91,38,117,116,21,83,26" hai3="36,13,111,121,35,113,89,2,18,33,68,59,86"/><U69/><E129/><V73/><F122/><W16/><G68/><T57/><D110/><U81/><E104/><V131/><F39/><W96/><G2/><T134/><D72/><U135/><E109/><V82/><F38/><W108/><G113/><T76/><D130/><U34/><E135/><V28/><F115/><W105/><G121/><T3/><D3/><U6/><REACH who="1" step="1"/><E56/><REACH who="1" ten="315,194,292,189" step="2"/><V67/><F131/><W32/><G108/><T9/><D134/><U17/><E17/><V51/><F126/><W29/><G111/><T55/><D58/><U41/><AGARI ba="1,1" hai="4,6,7,27,31,34,41,45,48,69,70,81,87,90" machi="41" ten="30,6000,0" yaku="1,1,0,1,53,1" doraHai="114" doraHaiUra="85" who="1" fromWho="1" sc="315,-21,194,73,292,-21,189,-21" /><INIT seed="1,2,0,2,0,42" ten="294,267,271,168" oya="1" hai0="36,96,10,24,69,32,51,5,37,77,130,33,85" hai1="98,104,73,44,61,21,16,132,62,54,121,34,30" hai2="39,13,135,127,82,49,94,134,74,4,80,131,6" hai3="72,120,102,81,47,87,55,57,97,43,59,79,84"/><U27/><E132/><N who="2" m="50731" /><F39/><W15/><G120/><T28/><D69/><U125/><E73/><V124/><F49/><W103/><G15/><T31/><D130/><U117/><E117/><V119/><F119/><W29/><G29/><T111/><D111/><U2/><E2/><V115/><F115/><W70/><G70/><T41/><D96/><U100/><E125/><N who="2" m="48203" /><F94/><W122/><G122/><T64/><D64/><U11/><E121/><V99/><F99/><W26/><G26/><T129/><D129/><U8/><E62/><V66/><F66/><W25/><G25/><T92/><D31/><U133/><E133/><V95/><F95/><W18/><G18/><T58/><D33/><U71/><E71/><V38/><F38/><W106/><G102/><T128/><D128/><U60/><E60/><V3/><F3/><W114/><G114/><T63/><D92/><U56/><E44/><V68/><F68/><W0/><G0/><N who="0" m="295" /><D63/><U75/><E75/><V20/><F131/><W93/><G55/><T101/><D37/><U14/><AGARI ba="2,0" hai="8,11,14,16,21,27,30,34,54,56,61,98,100,104" machi="14" ten="20,3900,0" yaku="0,1,7,1,54,1" doraHai="42" who="1" fromWho="1" sc="294,-15,267,45,271,-15,168,-15" /><INIT seed="1,3,0,3,5,133" ten="279,312,256,153" oya="1" hai0="62,99,44,41,45,53,108,39,33,81,3,103,26" hai1="82,109,57,113,22,61,68,131,94,127,91,114,95" hai2="132,4,15,64,124,49,27,120,16,119,129,97,51" hai3="118,78,89,77,74,86,12,37,65,115,72,90,55"/><U100/><E131/><V70/><F119/><W71/><G55/><T29/><D108/><U30/><E68/><V107/><F120/><W116/><G65/><T24/><D3/><U38/><E38/><V20/><F132/><W79/><G12/><T50/><D81/><U123/><E123/><V104/><F129/><W130/><G37/><T92/><D24/><U87/><E109/><V128/><F128/><W21/><G21/><T66/><D66/><U10/><E10/><V13/><F124/><W134/><G71/><T6/><D6/><U105/><E105/><V18/><F4/><W135/><G130/><T69/><D69/><U31/><E127/><V42/><F27/><W46/><G46/><T83/><D83/><U52/><E82/><V5/><F5/><W32/><G32/><T84/><D84/><U85/><E22/><V110/><F110/><W102/><G115/><T25/><D25/><U35/><E35/><V126/><F126/><W36/><G36/><T14/><D14/><U73/><E73/><N who="3" m="28266" /><G102/><T63/><AGARI ba="3,0" hai="26,29,33,39,41,44,45,50,53,62,63,92,99,103" machi="63" ten="30,1100,0" yaku="0,1" doraHai="133" who="0" fromWho="0" sc="279,20,312,-8,256,-6,153,-6" /><INIT seed="2,0,0,3,5,92" ten="299,304,250,147" oya="2" hai0="104,31,114,47,22,18,91,34,89,123,20,36,48" hai1="87,132,39,52,33,0,112,13,4,122,49,98,60" hai2="19,56,10,95,44,127,53,84,42,57,29,70,3" hai3="96,97,55,38,14,5,119,7,77,59,32,15,128"/><V115/><F70/><W134/><G38/><T90/><D123/><U135/><E112/><V73/><F73/><W6/><G119/><T78/><D114/><U106/><E39/><V105/><F105/><W63/><G128/><T37/><D37/><U50/><E33/><V17/><F115/><W131/><G131/><T124/><D36/><U109/><E0/><V65/><F127/><W133/><G32/><T40/><D124/><U83/><E122/><V71/><F71/><W67/><G77/><T101/><D78/><N who="1" m="46583" /><E4/><V100/><F29/><W76/><G76/><T108/><D108/><U103/><E13/><N who="3" m="4618" /><G67/><T93/><D104/><U62/><E50/><N who="2" m="26903" /><F3/><W75/><G75/><T64/><D64/><U28/><E28/><V9/><F65/><W2/><G2/><T120/><D120/><U79/><E79/><V121/><F121/><W54/><G54/><T25/><REACH who="0" step="1"/><D18/><REACH who="0" ten="289,304,250,147" step="2"/><U110/><E110/><V51/><F17/><W74/><G74/><T102/><D102/><U116/><E116/><V23/><F100/><W26/><G26/><T111/><D111/><U69/><E109/><V117/><F117/><W58/><G134/><N who="1" m="51242" /><E69/><V1/><F19/><W35/><G133/><T41/><D41/><U43/><E43/><V12/><F10/><W11/><G11/><T61/><D61/><U82/><E62/><V107/><F9/><W125/><G125/><T68/><D68/><U16/><E60/><V85/><F107/><W99/><G35/><T118/><D118/><U113/><E113/><V80/><F51/><N who="3" m="31103" /><G6/><T126/><D126/><U45/><E16/><N who="2" m="10631" /><F1/><W72/><G72/><RYUUKYOKU ba="0,1" sc="289,10,304,10,250,-30,147,10" hai0="20,22,25,31,34,40,47,48,89,90,91,93,101" hai1="45,49,52,82,98,103,106" hai3="5,7,59,63,96,97,99" /><INIT seed="3,1,1,2,5,131" ten="299,314,220,157" oya="3" hai0="27,89,83,19,26,135,10,134,81,120,130,20,112" hai1="45,122,116,6,90,39,35,119,106,11,92,9,129" hai2="102,0,73,114,71,25,87,62,76,95,3,18,65" hai3="52,68,57,30,37,78,12,101,103,59,1,31,113"/><W125/><G1/><T64/><D130/><U8/><E129/><V111/><F114/><W51/><G68/><T66/><D112/><U34/><E106/><V124/><F111/><W43/><G37/><T21/><D10/><U80/><E80/><N who="0" m="30793" /><D89/><U24/><E6/><V123/><F73/><W82/><G113/><T100/><D100/><N who="3" m="38473" /><G125/><T49/><D49/><U58/><E58/><N who="3" m="22026" /><G43/><T41/><D41/><N who="1" m="22719" /><E24/><N who="0" m="9257" /><D19/><U44/><E44/><V70/><F71/><W13/><G82/><T23/><D120/><U88/><E122/><V17/><F70/><W96/><G96/><T128/><D128/><U55/><E90/><V32/><F124/><W104/><G104/><T75/><D75/><U50/><E50/><V36/><F3/><W93/><G93/><T54/><D54/><U126/><E126/><V14/><F0/><W79/><G78/><T42/><D42/><U47/><E55/><V33/><F76/><W38/><G79/><T53/><D53/><U118/><E47/><V48/><F95/><W108/><G38/><T107/><D107/><U4/><E4/><V69/><F36/><W74/><G74/><T72/><D72/><U86/><AGARI ba="1,1" hai="8,9,11,34,35,86,88,92,116,118,119" m="22719" machi="86" ten="40,2700,0" yaku="12,1,54,1" doraHai="131" who="1" fromWho="1" sc="299,-8,314,40,220,-8,157,-14" /><INIT seed="4,0,0,4,3,8" ten="291,354,212,143" oya="0" hai0="95,98,93,131,130,12,63,107,45,116,61,17,119" hai1="11,97,89,113,29,42,64,79,106,133,112,76,103" hai2="114,49,124,132,26,77,126,47,10,67,123,32,14" hai3="86,38,105,117,87,92,74,71,83,94,33,99,25"/><T56/><D107/><U36/><E133/><V80/><F123/><W43/><G71/><T50/><D119/><U19/><E29/><N who="2" m="19511" /><F132/><W120/><G25/><T101/><D95/><N who="3" m="36393" /><G43/><T2/><D2/><U21/><E11/><V70/><F70/><W134/><G38/><T46/><D116/><U39/><E64/><V100/><F67/><W66/><G66/><N who="0" m="39207" /><D50/><U85/><E42/><N who="2" m="24823" /><F100/><N who="3" m="62623" /><G33/><T16/><D63/><U31/><E31/><V27/><F27/><W5/><G5/><T125/><D125/><N who="2" m="48234" /><F114/><N who="1" m="44137" /><E39/><V82/><F77/><N who="3" m="44471" /><G117/><T41/><D41/><U58/><E58/><V37/><F37/><W129/><G134/><T127/><D127/><U60/><E60/><V22/><F22/><W78/><G120/><T6/><D6/><AGARI ba="0,0" hai="6,10,14,80,82" m="48234,24823,19511" machi="6" ten="30,2000,0" yaku="18,1,52,1" doraHai="8" who="2" fromWho="0" sc="291,-20,354,0,212,20,143,0" /><INIT seed="5,0,0,4,1,55" ten="271,354,232,143" oya="1" hai0="121,19,86,110,120,101,132,11,40,51,98,2,0" hai1="95,37,69,114,102,113,79,3,27,13,63,100,1" hai2="134,25,9,53,85,17,128,127,23,124,129,56,90" hai3="6,118,18,5,42,67,65,68,81,104,52,130,45"/><U24/><E37/><V82/><F9/><W14/><G104/><T119/><D110/><U57/><E69/><V108/><F108/><W117/><G130/><T36/><D36/><U22/><E79/><V115/><F115/><N who="1" m="44041" /><E13/><V112/><F112/><W30/><G30/><T106/><D119/><N who="3" m="45577" /><G81/><T15/><D132/><U49/><E49/><V73/><F73/><W4/><G68/><T44/><REACH who="0" step="1"/><D86/><REACH who="0" ten="261,354,232,143" step="2"/><U38/><E38/><V54/><F134/><W10/><G42/><T111/><D111/><U99/><E102/><V84/><F85/><W75/><G75/><T135/><D135/><U92/><E92/><V32/><F129/><W70/><G70/><T109/><D109/><U7/><E95/><V60/><F128/><W41/><G41/><T39/><D39/><U62/><E100/><V35/><REACH who="2" step="1"/><F54/><REACH who="2" ten="261,354,222,143" step="2"/><W96/><G96/><T28/><D28/><U71/><E99/><V61/><F61/><W58/><G52/><T29/><D29/><U126/><E63/><V105/><F105/><W83/><G83/><T16/><D16/><U59/><E62/><V125/><AGARI ba="0,2" hai="17,23,25,32,35,53,56,60,82,84,90,124,125,127" machi="125" ten="30,7900,0" yaku="1,1,0,1,18,1,52,1,53,0" doraHai="55" doraHaiUra="107" who="2" fromWho="2" sc="261,-20,354,-39,222,99,143,-20" /><INIT seed="6,0,0,5,4,20" ten="241,315,321,123" oya="2" hai0="70,47,24,0,31,51,62,27,7,15,89,21,72" hai1="85,58,128,30,103,100,54,64,125,101,114,49,1" hai2="97,36,131,112,133,6,119,95,43,42,60,67,94" hai3="122,39,25,127,90,102,44,107,56,96,75,73,37"/><V19/><F119/><W22/><G122/><T80/><D0/><U91/><E114/><V104/><F104/><W126/><G90/><T113/><D113/><U106/><E1/><V124/><F112/><W52/><G75/><T118/><D118/><U4/><E4/><V117/><F117/><W83/><G83/><T53/><D70/><U16/><E128/><V45/><F42/><W84/><G84/><N who="0" m="50311" /><D72/><U111/><E111/><V93/><F124/><N who="3" m="47659" /><G44/><T105/><D105/><U74/><E74/><V41/><F41/><W59/><G59/><T66/><D66/><U76/><E125/><V69/><F133/><W5/><G5/><T77/><D77/><U110/><E110/><V99/><F6/><W33/><G33/><T86/><D86/><U68/><E30/><V71/><F71/><W9/><G73/><T87/><D87/><U28/><E28/><V82/><F82/><W26/><G9/><N who="0" m="4543" /><D62/><U135/><E135/><V38/><F38/><N who="3" m="14347" /><G22/><T123/><D123/><U3/><E3/><V18/><REACH who="2" step="1"/><F131/><REACH who="2" ten="241,315,311,123" step="2"/><W11/><G11/><T57/><D47/><U34/><E106/><V65/><F65/><W48/><AGARI ba="0,1" hai="25,26,48,52,56,96,102,107" m="14347,47659" machi="48" ten="30,7900,0" yaku="18,1,52,2,54,1" doraHai="20" who="3" fromWho="3" sc="241,-20,315,-20,311,-39,123,89" /><INIT seed="7,0,0,1,0,37" ten="221,295,272,212" oya="3" hai0="124,19,16,24,96,29,101,32,39,90,66,85,111" hai1="75,60,53,23,21,49,99,83,74,34,18,110,1" hai2="61,108,41,5,48,20,95,50,88,71,77,97,91" hai3="116,128,42,45,103,12,94,14,38,131,82,65,76"/><W123/><G123/><T7/><D111/><U121/><E110/><V78/><F108/><W15/><G116/><T6/><D124/><U104/><E121/><V63/><F5/><W98/><REACH who="3" step="1"/><G65/><REACH who="3" ten="221,295,272,202" step="2"/><T8/><D66/><U44/><E74/><AGARI ba="0,1" hai="12,14,15,38,42,45,74,76,82,94,98,103,128,131" machi="74" ten="40,18000,2" yaku="1,1,2,1,52,1,53,3" doraHai="37" doraHaiUra="9" who="3" fromWho="1" sc="221,0,295,-180,272,0,202,190" owari="221,-18.0,115,-38.0,272,7.0,392,49.0" /></mjloggm>