<mjloggm ver="2.3"><GO type="169" lobby="0"/><UN n0="%74%61%74%73%75%37%30%32" n1="%73%68%61%6F" n2="%E3%81%86%E3%81%83%E3%83%BC%E3%81%A1%E3%82%83%E3%82%93" n3="%E3%82%A6%E3%83%AB%E3%83%88%E3%83%A9%E7%AB%8B%E7%9B%B4" dan="16,17,16,17" rate="2132.62,2191.47,2158.43,2179.61" sx="M,M,M,M"/><TAIKYOKU oya="0"/><INIT seed="0,0,0,0,0,94" ten="250,250,250,250" oya="0" hai0="28,2,128,97,79,104,87,51,130,0,93,69,134" hai1="65,67,100,132,21,40,8,84,120,41,27,113,53" hai2="54,110,48,1,111,75,85,117,109,24,34,56,10" hai3="11,88,33,129,49,62,60,107,91,112,32,35,30"/><T81/><D69/><U114/><E120/><V90/><F117/><W37/><G37/><T135/><D28/><U131/><E131/><N who="0" m="50217" /><D51/><U59/><E132/><N who="0" m="50729" /><D104/><U124/><E65/><V55/><F55/><W19/><G129/><T14/><D14/><U116/><E124/><V15/><F1/><W39/><G39/><T126/><D126/><U125/><E125/><V12/><F10/><W89/><G112/><T31/><D31/><U47/><E41/><V23/><F34/><W122/><G122/><T13/><D13/><U44/><E40/><V70/><F70/><W82/><G107/><T43/><D43/><U86/><E116/><V22/><F22/><W29/><G49/><T98/><D98/><U9/><E21/><V77/><F23/><W63/><G11/><T115/><D115/><U123/><E9/><V57/><F24/><W61/><N who="3" m="15360" /><DORA hai="6" /><W58/><G19/><T83/><D83/><U133/><E8/><V5/><F5/><W42/><G42/><T118/><D118/><U68/><E114/><V45/><F12/><W66/><G66/><T105/><D105/><U4/><E67/><V121/><F15/><W71/><G71/><T3/><D2/><U18/><E68/><V103/><F121/><W108/><G82/><T101/><AGARI ba="0,0" hai="0,3,79,81,87,93,97,101" m="50729,50217" machi="101" ten="30,6000,0" yaku="19,1,20,1,52,1" doraHai="94,6" who="0" fromWho="0" sc="250,60,250,-20,250,-20,250,-20" /><INIT seed="0,1,0,5,5,104" ten="310,230,230,230" oya="0" hai0="101,31,68,105,25,87,133,128,121,72,1,71,54" hai1="70,77,55,63,135,49,123,56,5,99,47,122,130" hai2="3,102,26,44,43,10,66,42,64,12,94,129,30" hai3="113,115,112,117,60,116,6,21,69,35,85,51,83"/><T132/><D87/><U82/><E70/><N who="0" m="26665" /><D54/><U39/><E39/><V125/><F3/><W98/><G35/><N who="0" m="20975" /><D1/><U8/><E99/><V119/><F119/><W11/><G21/><T38/><D121/><U92/><E92/><V59/><F125/><W91/><G51/><T22/><D22/><U106/><E106/><V81/><F43/><W15/><REACH who="3" step="1"/><G98/><REACH who="3" ten="310,230,230,220" step="2"/><N who="0" m="61623" /><D38/><U28/><E49/><V74/><F30/><W27/><G27/><T34/><D34/><U108/><E28/><V62/><F26/><W41/><G41/><T114/><D128/><U17/><E130/><V4/><F42/><W24/><G24/><T134/><D114/><U13/><E123/><V37/><F129/><W118/><G118/><T93/><D93/><U111/><E122/><V95/><F94/><W78/><G78/><T14/><D14/><U50/><E77/><V67/><F95/><W18/><G18/><T109/><D109/><U84/><E108/><V46/><F37/><W126/><G126/><T110/><D110/><U36/><E111/><V65/><F12/><W0/><G0/><T23/><D23/><U16/><E36/><V58/><F102/><W120/><G120/><T90/><D90/><U88/><E135/><V32/><F32/><W131/><G131/><T53/><D53/><AGARI ba="1,1" hai="5,8,13,16,17,47,50,53,55,56,63,82,84,88" machi="53" ten="30,7700,0" yaku="7,1,8,1,54,2" doraHai="104" who="1" fromWho="0" sc="310,-80,230,90,230,0,220,0" /><INIT seed="1,0,0,1,4,128" ten="230,320,230,220" oya="1" hai0="108,126,83,72,27,10,58,124,34,21,55,5,56" hai1="48,46,30,22,85,94,70,80,44,57,8,127,67" hai2="89,29,39,91,40,59,112,66,33,92,116,41,2" hai3="113,28,99,49,42,12,101,95,14,13,123,122,65"/><U52/><E127/><N who="0" m="48681" /><D108/><U134/><E134/><V43/><F116/><W104/><G113/><T45/><D34/><U25/><E94/><V31/><F2/><W98/><G28/><N who="0" m="17519" /><D45/><U102/><E102/><V119/><F119/><W79/><G65/><T88/><D72/><U132/><E132/><V114/><F39/><W96/><G79/><T23/><D23/><U50/><E8/><V97/><F91/><W77/><G77/><T15/><D55/><U64/><E70/><V76/><F76/><W62/><G62/><T75/><D75/><U93/><E93/><V20/><F20/><W32/><G32/><T9/><D10/><U117/><E117/><V0/><F33/><W69/><G69/><T17/><D17/><U3/><E3/><V26/><F0/><W68/><G68/><T118/><D118/><U86/><E57/><V1/><F1/><W115/><G115/><N who="2" m="44073" /><F26/><W110/><G110/><T36/><D36/><U111/><E111/><V7/><F7/><W100/><REACH who="3" step="1"/><G98/><REACH who="3" ten="230,320,230,210" step="2"/><T6/><D5/><U81/><E67/><V63/><AGARI ba="0,1" hai="29,31,40,41,43,59,63,66,89,92,97" m="44073" machi="63" ten="40,1500,0" yaku="11,1" doraHai="128" who="2" fromWho="2" sc="230,-4,320,-7,230,25,210,-4" /><INIT seed="2,0,0,5,5,44" ten="226,313,255,206" oya="2" hai0="18,12,92,91,3,61,126,121,10,37,110,94,43" hai1="14,77,113,40,56,21,39,50,111,82,46,93,114" hai2="103,32,20,79,64,2,134,101,131,87,124,47,51" hai3="104,29,108,17,27,122,22,112,45,98,53,63,97"/><V52/><F2/><W74/><G74/><T133/><D110/><U30/><E111/><V38/><F38/><W24/><G108/><T106/><D126/><U49/><E93/><V102/><F32/><W42/><G104/><T117/><D133/><U127/><E127/><V7/><F124/><W88/><G122/><T54/><D106/><U76/><E76/><V31/><F134/><W13/><G112/><T115/><D94/><U69/><E69/><V120/><F120/><W73/><G73/><T19/><D117/><U26/><E14/><V130/><F7/><W96/><G88/><T36/><D115/><U15/><E15/><V81/><REACH who="2" step="1"/><F64/><REACH who="2" ten="226,313,245,206" step="2"/><W85/><G29/><T83/><D121/><U100/><E39/><V66/><F66/><W5/><G5/><T135/><D135/><U35/><E35/><V68/><F68/><W119/><G119/><T11/><D37/><U16/><E30/><V105/><F105/><W72/><G17/><T125/><D19/><U0/><E0/><V109/><F109/><W123/><G123/><T71/><D125/><U95/><E114/><V84/><F84/><W48/><G85/><N who="0" m="52335" /><D3/><U65/><E113/><V57/><F57/><N who="3" m="35247" /><G72/><T107/><D107/><U60/><E65/><V99/><F99/><W34/><G34/><T8/><D71/><U67/><E67/><V80/><F80/><W89/><G97/><T70/><D83/><U90/><E82/><V75/><F75/><W41/><G98/><T9/><D70/><U62/><E56/><V28/><F28/><W129/><G96/><T33/><N who="0" m="2048" /><DORA hai="55" /><T118/><D36/><RYUUKYOKU ba="0,1" sc="226,-10,313,-10,245,30,206,-10" hai2="20,31,47,51,52,79,81,87,101,102,103,130,131" /><INIT seed="2,1,1,4,0,76" ten="216,303,275,196" oya="2" hai0="84,31,9,71,113,131,21,117,30,8,127,56,133" hai1="58,110,97,122,40,45,10,107,18,54,62,120,124" hai2="27,5,6,134,81,115,111,92,15,20,98,78,130" hai3="7,93,135,25,50,116,96,129,11,26,132,112,104"/><V103/><F115/><W114/><G104/><T32/><D71/><U123/><E110/><V63/><F130/><W89/><G116/><T128/><D113/><N who="3" m="43625" /><G50/><T37/><D37/><U1/><E124/><V24/><F134/><N who="3" m="51243" /><G129/><N who="0" m="49739" /><D133/><U19/><E1/><AGARI ba="1,1" hai="1,7,11,25,26,89,93,96" m="51243,43625" machi="1" ten="30,2000,0" yaku="11,1,20,1" doraHai="76" who="3" fromWho="1" sc="216,0,303,-23,275,0,196,33" /><INIT seed="3,0,0,5,2,53" ten="216,280,275,229" oya="3" hai0="105,4,89,90,25,18,49,8,110,115,47,70,135" hai1="122,63,48,68,29,16,88,99,85,120,60,58,17" hai2="57,130,98,82,103,71,6,131,113,1,41,32,40" hai3="55,64,45,112,67,125,132,22,86,5,20,106,9"/><W61/><G106/><T93/><D105/><U102/><E29/><V37/><F71/><W91/><G112/><T0/><D70/><U97/><E120/><V31/><F82/><W121/><G121/><T24/><D115/><U116/><E122/><V114/><F57/><W101/><G101/><T83/><D110/><U75/><E75/><V46/><F40/><W73/><G73/><T118/><D135/><U39/><E39/><V34/><F6/><W117/><G132/><T36/><D118/><U33/><E33/><N who="2" m="12907" /><F31/><W23/><G117/><T109/><D36/><U59/><E68/><V28/><F28/><W10/><G5/><T84/><D18/><N who="1" m="7275" /><E48/><V124/><F124/><W15/><G125/><T65/><D65/><N who="3" m="25161" /><G15/><T14/><D0/><U51/><E51/><V128/><F1/><W104/><G104/><AGARI ba="0,0" hai="37,41,46,98,103,104,113,114,128,130,131" m="12907" machi="104" ten="40,2600,0" yaku="19,1,23,1" doraHai="53" who="2" fromWho="3" sc="216,0,280,0,275,26,229,-26" /><INIT seed="4,0,0,4,1,92" ten="216,280,301,203" oya="0" hai0="31,82,6,59,20,99,25,63,10,105,7,78,21" hai1="34,51,127,123,79,26,0,88,44,120,96,45,94" hai2="89,81,22,83,15,50,30,116,95,101,60,4,85" hai3="16,1,18,100,73,55,117,91,27,108,17,24,126"/><T87/><D21/><U43/><E0/><V11/><F116/><W122/><G73/><T8/><D7/><U64/><E127/><V98/><F50/><W40/><G40/><T12/><D10/><U112/><E112/><V5/><F60/><W72/><G72/><T135/><D135/><U66/><E79/><V124/><F124/><W93/><G1/><T57/><REACH who="0" step="1"/><D63/><REACH who="0" ten="206,280,301,203" step="2"/><U121/><REACH who="1" step="1"/><E45/><REACH who="1" ten="206,270,301,203" step="2"/><V29/><F4/><W71/><G126/><T33/><D33/><U130/><E130/><V62/><F62/><W35/><G35/><T106/><D106/><U53/><E53/><V69/><F5/><W13/><G55/><T14/><D14/><U86/><E86/><V28/><F15/><W131/><G13/><T115/><D115/><U37/><E37/><V118/><F85/><W80/><G131/><T133/><D133/><U54/><E54/><V39/><F39/><W36/><G36/><T38/><D38/><U58/><E58/><V19/><F11/><W125/><G125/><T109/><D109/><U97/><E97/><V47/><F98/><N who="3" m="59471" /><G108/><T134/><D134/><U41/><E41/><V49/><F47/><W76/><G117/><T67/><D67/><U102/><E102/><AGARI ba="0,2" hai="6,8,12,20,25,31,57,59,78,82,87,99,102,105" machi="102" ten="40,3900,0" yaku="1,1,52,1,53,0" doraHai="92" doraHaiUra="132" who="0" fromWho="1" sc="206,59,270,-39,301,0,203,0" /><INIT seed="4,1,0,2,4,117" ten="265,231,301,203" oya="0" hai0="115,80,102,99,57,20,62,41,49,43,30,61,72" hai1="97,48,35,121,130,95,38,4,106,68,122,18,5" hai2="7,75,132,134,32,55,84,123,45,107,46,112,33" hai3="65,90,91,129,101,19,29,16,135,44,119,100,63"/><T89/><D115/><U17/><E38/><V36/><F75/><W111/><G111/><T92/><D72/><U94/><E68/><V21/><F7/><W39/><G119/><T56/><D49/><U67/><E35/><V14/><F14/><W93/><G129/><T31/><D80/><U73/><E130/><V34/><F21/><W127/><G127/><T54/><D89/><U50/><E73/><V69/><F69/><W82/><G135/><T131/><D131/><U1/><E97/><V128/><F128/><W37/><G29/><T12/><D31/><U86/><E86/><V25/><F25/><W42/><G82/><T0/><D0/><U22/><E67/><V40/><F107/><W47/><G65/><T10/><D10/><U26/><E26/><V11/><F123/><W77/><G63/><T59/><D59/><U76/><E22/><V15/><F112/><W133/><G133/><N who="2" m="51305" /><F84/><W3/><G3/><T78/><D78/><U24/><E1/><V53/><F46/><W28/><G28/><T70/><D70/><U51/><E24/><V60/><F60/><W105/><G105/><T85/><D85/><U126/><E106/><V71/><F71/><W108/><G108/><T64/><REACH who="0" step="1"/><D12/><REACH who="0" ten="255,231,301,203" step="2"/><U52/><E51/><V114/><F114/><W110/><G110/><T23/><D23/><U124/><E76/><V9/><F15/><W87/><G87/><T113/><D113/><U120/><E120/><V104/><F9/><W58/><G77/><T83/><D83/><U81/><E81/><V74/><F11/><W116/><G116/><T6/><D6/><RYUUKYOKU ba="1,1" sc="255,15,231,15,301,-15,203,-15" hai0="20,30,41,43,54,56,57,61,62,64,92,99,102" hai1="4,5,17,18,48,50,52,94,95,121,122,124,126" /><INIT seed="4,2,1,0,2,130" ten="270,246,286,188" oya="0" hai0="59,5,114,104,43,61,12,28,106,73,101,58,111" hai1="31,66,134,84,53,37,38,107,75,62,123,9,52" hai2="95,113,63,50,90,15,131,68,97,96,121,29,22" hai3="10,133,119,14,69,76,98,30,108,100,94,51,4"/><T93/><D73/><U102/><E75/><V36/><F36/><W103/><G108/><T135/><D111/><U77/><E123/><V126/><F121/><W99/><G119/><T110/><D110/><U54/><E31/><V81/><F126/><W67/><G76/><T132/><D114/><U1/><E134/><N who="0" m="51241" /><D43/><U19/><E102/><V72/><F131/><W21/><G133/><T24/><D59/><U116/><E107/><V125/><F68/><W64/><G69/><T124/><D124/><U79/><E77/><V120/><F113/><W34/><G34/><N who="0" m="20743" /><D5/><U35/><E116/><V46/><F72/><W45/><G45/><T44/><D44/><U115/><E115/><V105/><F46/><W42/><G42/><T49/><D49/><U65/><E38/><V6/><F50/><W112/><G51/><T89/><D12/><U83/><E37/><V39/><F15/><W117/><G112/><T47/><D101/><U26/><E1/><V0/><F39/><W78/><G14/><T41/><D47/><U25/><E62/><V13/><F125/><W70/><G103/><T129/><D129/><U82/><E79/><V7/><F63/><W16/><G78/><T60/><D41/><U57/><E57/><V33/><F13/><W74/><G74/><T23/><D23/><U56/><E35/><V17/><F33/><W71/><G21/><T87/><D61/><U91/><E56/><V88/><F22/><W122/><G100/><T86/><D87/><U80/><E84/><V20/><F20/><W109/><G71/><T48/><D48/><U92/><E26/><RYUUKYOKU ba="2,1" sc="270,30,246,-10,286,-10,188,-10" hai0="58,60,86,89,93,104,106" /><INIT seed="4,3,1,3,2,110" ten="300,236,276,178" oya="0" hai0="2,87,101,44,10,69,114,17,6,106,103,38,25" hai1="67,4,45,89,53,54,41,111,124,7,92,121,88" hai2="19,42,63,109,56,52,47,74,40,133,98,18,123" hai3="0,8,62,11,76,13,134,119,90,29,131,27,120"/><T108/><D108/><U115/><E111/><V57/><F74/><W20/><G76/><T95/><D69/><U127/><E121/><V60/><F109/><W3/><G90/><T100/><D106/><U68/><E68/><V79/><F133/><W97/><G97/><T66/><D66/><U72/><E72/><V1/><F1/><N who="3" m="587" /><G62/><T12/><D25/><U28/><E28/><V118/><F123/><W94/><G94/><T22/><D114/><U51/><E115/><V26/><F118/><W59/><G59/><T16/><D17/><U80/><E67/><V23/><F79/><W58/><G58/><T64/><D64/><U24/><E24/><V70/><F70/><W128/><G120/><T116/><D116/><U91/><E80/><V73/><F73/><W15/><G119/><T35/><D35/><U125/><E92/><V113/><F98/><W130/><G134/><T5/><D6/><AGARI ba="3,1" hai="4,6,7,41,45,51,53,54,88,89,91,124,125,127" machi="6" ten="50,3200,0" yaku="18,1,54,1" doraHai="110" who="1" fromWho="0" sc="300,-41,236,51,276,0,178,0" /><INIT seed="5,0,0,3,5,74" ten="259,287,276,178" oya="1" hai0="69,0,116,53,42,55,31,104,98,89,117,75,49" hai1="50,23,59,13,17,122,129,51,95,9,28,33,57" hai2="121,25,126,40,91,47,36,38,34,105,128,115,81" hai3="97,78,125,112,72,15,41,82,52,12,19,86,2"/><U119/><E122/><V71/><F71/><W135/><G2/><T37/><D69/><U68/><E68/><V43/><F105/><W3/><G3/><T108/><D0/><U120/><E120/><V62/><F121/><W114/><G41/><T45/><D75/><U107/><E107/><V130/><F126/><W18/><G97/><T131/><D108/><U93/><E33/><V39/><F115/><N who="3" m="44075" /><G125/><T92/><D131/><N who="2" m="50218" /><F62/><W54/><G72/><T66/><D66/><U110/><E119/><V60/><F60/><W24/><G24/><T67/><D67/><U21/><E129/><V11/><F11/><N who="3" m="6431" /><G135/><T111/><D111/><U8/><E110/><V10/><F10/><AGARI ba="0,0" hai="10,15,19,52,54,78,82,86" m="6431,44075" machi="10" ten="30,3900,0" yaku="15,1,52,1,54,1" doraHai="74" who="3" fromWho="2" sc="259,0,287,0,276,-39,178,39" /><INIT seed="6,0,0,1,2,60" ten="259,287,237,217" oya="2" hai0="97,135,95,29,11,71,59,122,1,45,42,127,105" hai1="81,40,27,124,28,61,78,128,6,77,63,2,53" hai2="86,119,23,15,13,69,96,99,113,51,118,34,70" hai3="62,57,55,74,125,121,38,85,92,98,109,44,83"/><V0/><F34/><W116/><G116/><T32/><D122/><U75/><E124/><V107/><F0/><W112/><G121/><T91/><D105/><U21/><E128/><V134/><F86/><W108/><G74/><T9/><D71/><U50/><E78/><V76/><F76/><W64/><G125/><T35/><D127/><U10/><E40/><V89/><F89/><N who="3" m="51391" /><G38/><T93/><D135/><U123/><REACH who="1" step="1"/><E123/><REACH who="1" ten="259,277,237,217" step="2"/><V22/><F119/><W36/><G109/><T126/><D126/><U12/><E12/><V49/><F118/><W33/><G108/><T65/><D1/><U131/><E131/><V48/><F134/><W24/><G112/><T66/><D42/><U56/><AGARI ba="0,1" hai="2,6,10,21,27,28,50,53,56,61,63,75,77,81" machi="56" ten="20,2700,0" yaku="1,1,0,1,7,1,53,0" doraHai="60" doraHaiUra="133" who="1" fromWho="1" sc="259,-7,277,37,237,-13,217,-7" /><INIT seed="7,0,0,3,1,115" ten="252,314,224,210" oya="3" hai0="55,113,74,88,119,37,73,76,78,40,2,58,83" hai1="82,96,32,6,53,57,18,110,91,92,61,123,101" hai2="118,94,135,20,102,68,54,1,5,44,43,95,47" hai3="46,34,50,75,48,109,11,116,7,134,38,125,16"/><W0/><G109/><T71/><D71/><U85/><E32/><V41/><F68/><W28/><G116/><T89/><D2/><U63/><E110/><V133/><F20/><W65/><G125/><T131/><D119/><U29/><E123/><V45/><F5/><W127/><G127/><T126/><D126/><U81/><E29/><V39/><F1/><W117/><G117/><T9/><D9/><U87/><E18/><V60/><F118/><W4/><G134/><N who="2" m="51209" /><F102/><W79/><G65/><T93/><D113/><U3/><E6/><V84/><F84/><W100/><G100/><T111/><D111/><U24/><E24/><V114/><F114/><W108/><G108/><T72/><D131/><U80/><E3/><V90/><F90/><W130/><G130/><T106/><D40/><N who="2" m="15434" /><F39/><W104/><G104/><T15/><D37/><U66/><E87/><V112/><F112/><W14/><G7/><T103/><D15/><U42/><E42/><V69/><F69/><AGARI ba="0,0" hai="53,57,61,63,66,69,80,81,82,85,91,92,96,101" machi="69" ten="30,1000,0" yaku="7,1" doraHai="115" who="1" fromWho="2" sc="252,0,314,10,224,-10,210,0" owari="252,5.0,324,43.0,214,-19.0,210,-29.0" /></mjloggm>