<mjloggm ver="2.3"><GO type="169" lobby="0"/><UN n0="%E3%81%8B%E3%81%98%E3%81%9D" n1="%E3%82%A6%E3%83%AB%E3%83%88%E3%83%A9%E7%AB%8B%E7%9B%B4" n2="%E3%83%88%E3%82%B7%E3%83%95%E3%83%BC%E3%83%8B" n3="%62%75%74%69%74%61%6D%61" dan="16,17,18,17" rate="2124.01,2173.83,2250.89,2195.97" sx="M,M,M,M"/><TAIKYOKU oya="0"/><INIT seed="0,0,0,3,2,62" ten="250,250,250,250" oya="0" hai0="95,67,46,7,55,48,87,110,126,61,37,84,3" hai1="42,101,100,131,130,33,44,116,12,105,54,89,82" hai2="9,56,133,30,20,25,80,40,132,96,103,60,34" hai3="53,85,19,52,0,15,88,71,78,114,70,117,109"/><T18/><D126/><U68/><E33/><V64/><F40/><W50/><G0/><T86/><D3/><U98/><E116/><V106/><F20/><W6/><G117/><T8/><D37/><U29/><E29/><V129/><F129/><N who="1" m="49161" /><E100/><V69/><F56/><W59/><G114/><T97/><D110/><U76/><E12/><V113/><F113/><W102/><G6/><T112/><D112/><U2/><E2/><V41/><F41/><W23/><G109/><T107/><D107/><U35/><E35/><V39/><F39/><W123/><G78/><T124/><D124/><U17/><E17/><V79/><REACH who="2" step="1"/><F9/><REACH who="2" ten="250,250,240,250" step="2"/><W120/><G102/><N who="0" m="60735" /><D8/><U118/><E42/><V5/><F5/><W111/><G111/><T65/><D7/><U10/><E10/><V11/><F11/><W115/><G115/><T66/><D18/><U26/><E101/><V93/><F93/><N who="3" m="54415" /><G53/><T81/><D81/><U99/><E82/><V121/><F121/><AGARI ba="0,1" hai="15,19,23,50,52,59,70,71,120,121,123" m="54415" machi="121" ten="30,7700,0" yaku="25,1,13,1,54,2" doraHai="62" who="3" fromWho="2" sc="250,0,250,0,240,-77,250,87" /><INIT seed="1,0,0,1,2,15" ten="250,250,163,337" oya="1" hai0="130,2,33,102,40,30,108,95,46,41,105,127,8" hai1="69,94,116,62,118,14,5,16,9,67,37,84,106" hai2="48,35,79,23,65,81,21,97,49,1,91,36,59" hai3="72,56,51,45,10,135,73,34,86,90,22,61,74"/><U38/><E106/><V88/><F36/><W133/><G34/><T57/><D41/><U6/><E38/><V27/><F1/><W121/><G121/><T124/><D57/><U132/><E37/><V26/><F35/><W107/><G107/><T13/><D95/><U89/><REACH who="1" step="1"/><E132/><REACH who="1" ten="250,240,163,337" step="2"/><V125/><F125/><W66/><G135/><T85/><D127/><U129/><E129/><V117/><F117/><AGARI ba="0,1" hai="5,6,9,14,16,62,67,69,84,89,94,116,117,118" machi="117" ten="40,7700,0" yaku="1,1,52,1,54,1,53,0" doraHai="15" doraHaiUra="131" who="1" fromWho="2" sc="250,0,240,87,163,-77,337,0" /><INIT seed="1,1,0,0,4,36" ten="250,327,86,337" oya="1" hai0="21,97,135,50,41,31,30,102,123,89,18,49,84" hai1="71,78,75,33,17,44,96,22,121,28,34,117,100" hai2="134,105,47,40,14,131,104,92,61,52,56,63,107" hai3="13,16,125,86,53,11,4,27,64,45,10,54,115"/><U80/><E121/><V126/><F126/><W69/><G125/><T77/><D77/><U129/><E117/><V0/><F0/><W128/><G128/><T101/><D135/><U82/><E129/><V90/><F131/><W95/><G115/><T26/><D123/><U99/><E71/><V103/><F134/><W65/><G27/><T87/><D50/><U37/><E28/><N who="0" m="10793" /><D87/><U83/><E82/><V8/><F103/><W74/><G74/><T70/><D97/><U112/><E112/><V88/><F61/><W1/><G69/><T113/><D70/><U48/><E37/><V73/><F73/><W108/><G108/><T132/><D132/><U57/><E57/><V12/><F12/><N who="3" m="7199" /><G1/><T15/><D26/><U55/><E83/><V85/><F90/><N who="3" m="53719" /><G45/><N who="0" m="25775" /><D113/><U110/><E110/><V7/><REACH who="2" step="1"/><F107/><REACH who="2" ten="250,327,76,337" step="2"/><W38/><G38/><AGARI ba="1,1" hai="7,8,14,38,40,47,52,56,63,85,88,92,104,105" machi="38" ten="30,12000,2" yaku="1,1,2,1,7,1,52,1,54,2,53,0" doraHai="36" doraHaiUra="114" who="2" fromWho="3" sc="250,0,327,0,76,133,337,-123" /><INIT seed="2,0,0,3,1,74" ten="250,327,209,214" oya="2" hai0="97,93,113,67,42,7,104,85,108,122,69,57,28" hai1="4,106,102,84,87,128,126,103,66,90,80,55,52" hai2="91,132,23,61,125,2,22,63,47,0,115,134,82" hai3="51,86,33,114,130,105,98,73,95,34,107,21,17"/><V48/><F125/><W12/><G73/><T41/><D69/><U118/><E118/><V129/><F129/><W26/><G130/><T101/><D108/><U45/><E128/><V46/><F82/><W36/><G36/><T1/><D113/><U20/><E126/><V111/><F111/><W50/><G114/><T56/><D57/><U68/><E68/><V32/><F115/><W9/><G34/><T62/><D7/><U27/><E66/><V64/><F64/><W92/><G33/><T16/><D1/><U25/><E106/><V30/><F32/><W89/><G107/><T60/><D60/><U29/><E4/><V72/><F72/><W121/><G105/><T35/><D122/><U24/><E87/><V78/><F91/><W3/><G3/><T127/><D127/><U131/><E131/><V58/><F58/><W39/><G39/><T79/><D35/><U18/><E29/><V10/><F30/><W100/><REACH who="3" step="1"/><G121/><REACH who="3" ten="250,327,209,204" step="2"/><T19/><D104/><U116/><E116/><V109/><F109/><W40/><G40/><T54/><D42/><U13/><E55/><V119/><F119/><W75/><G75/><T135/><D41/><U14/><E52/><V53/><F53/><W65/><G65/><T124/><D54/><U83/><E45/><V99/><F48/><W31/><AGARI ba="0,1" hai="9,12,17,21,26,31,50,51,86,89,92,95,98,100" machi="31" ten="20,5200,0" yaku="1,1,0,1,7,1,8,1,53,0" doraHai="74" doraHaiUra="59" who="3" fromWho="3" sc="250,-13,327,-13,209,-26,204,62" /><INIT seed="3,0,0,0,3,9" ten="237,314,183,266" oya="3" hai0="39,87,41,86,56,67,104,33,44,79,113,18,131" hai1="30,132,127,34,25,123,124,59,43,69,112,74,68" hai2="52,82,109,95,45,106,42,36,108,20,115,47,111" hai3="66,110,121,118,128,29,72,53,55,1,12,23,84"/><W122/><G72/><T70/><D104/><U134/><E123/><V63/><F106/><W31/><G1/><T117/><D117/><U125/><E112/><V73/><F115/><W14/><G66/><T0/><D0/><U35/><E74/><V46/><F95/><W105/><G105/><T120/><D33/><U64/><E43/><V93/><F93/><W38/><G38/><T27/><D120/><N who="3" m="46185" /><G23/><T16/><D113/><U54/><E35/><V4/><F4/><W133/><G84/><T62/><D131/><U24/><E24/><V13/><F82/><W61/><G61/><T94/><D27/><U28/><E28/><N who="3" m="10826" /><G118/><T71/><D71/><N who="1" m="27211" /><E64/><V37/><F73/><W80/><G80/><T81/><REACH who="0" step="1"/><D70/><REACH who="0" ten="227,314,183,266" step="2"/><U88/><E25/><V75/><F37/><W3/><G3/><T50/><D50/><N who="1" m="31191" /><E34/><V89/><F75/><W114/><G114/><T85/><D85/><U130/><E30/><V7/><F89/><AGARI ba="0,1" hai="16,18,39,41,44,56,62,67,79,81,86,87,89,94" machi="89" ten="40,2600,0" yaku="1,1,54,1,53,0" doraHai="9" doraHaiUra="8" who="0" fromWho="2" sc="227,36,314,0,183,-26,266,0" /><INIT seed="4,0,0,4,4,62" ten="263,314,157,266" oya="0" hai0="82,51,38,53,3,15,119,32,29,31,121,118,69" hai1="80,131,113,103,50,54,36,133,73,130,6,129,34" hai2="96,40,57,13,41,71,83,72,74,128,12,28,63" hai3="106,100,47,25,68,90,101,77,5,124,8,66,27"/><T108/><D38/><U79/><E36/><V49/><F128/><W44/><G124/><T60/><D3/><U88/><E34/><V24/><F71/><W92/><G106/><T94/><D121/><U19/><E133/><V126/><F126/><W45/><G77/><T112/><D112/><U111/><E111/><V7/><F96/><W59/><G68/><T17/><D108/><U120/><E120/><V14/><F7/><W1/><G100/><T93/><D82/><U26/><E113/><V20/><F83/><W98/><REACH who="3" step="1"/><G101/><REACH who="3" ten="263,314,157,256" step="2"/><T2/><D69/><U95/><E103/><V4/><F4/><W33/><G33/><T37/><D32/><U91/><E6/><V89/><F89/><W52/><G52/><T109/><D53/><U9/><E95/><V81/><F81/><W70/><G70/><T18/><D109/><U114/><E114/><V64/><REACH who="2" step="1"/><F40/><REACH who="2" ten="263,314,147,256" step="2"/><W116/><G116/><T117/><D118/><U122/><E122/><V125/><F125/><W56/><G56/><T76/><D117/><U107/><E91/><V127/><F127/><W55/><G55/><T46/><D119/><U132/><E88/><V30/><F30/><W65/><G65/><T87/><D31/><U78/><E78/><V105/><F105/><W99/><G99/><T58/><D29/><U134/><E107/><V39/><F39/><W43/><G43/><T84/><D58/><N who="1" m="33111" /><E134/><V21/><F21/><W104/><G104/><T16/><D37/><U67/><E132/><V10/><F10/><W97/><G97/><T86/><D76/><U110/><E9/><V42/><F42/><RYUUKYOKU ba="0,2" sc="263,-15,314,-15,147,15,256,15" hai2="12,13,14,20,24,28,41,49,57,63,64,72,74" hai3="1,5,8,25,27,44,45,47,59,66,90,92,98" /><INIT seed="5,1,2,0,5,7" ten="248,299,162,271" oya="1" hai0="21,92,120,41,68,45,118,25,83,99,43,133,4" hai1="26,30,130,53,88,61,108,49,67,122,127,109,103" hai2="27,87,66,32,24,79,11,35,5,116,86,134,51" hai3="97,123,100,124,111,94,65,15,40,125,93,59,106"/><U18/><E122/><V47/><F116/><W128/><G123/><T112/><D68/><U57/><E127/><N who="3" m="48714" /><G111/><N who="1" m="42570" /><E130/><V105/><F105/><W33/><G33/><T121/><D118/><U126/><E126/><V55/><F134/><W50/><G128/><T29/><D133/><U117/><E117/><V129/><F129/><W71/><G71/><T3/><D41/><U115/><E115/><V89/><F32/><W101/><G101/><T132/><D132/><U34/><E103/><V37/><F35/><W2/><G2/><T14/><D3/><U46/><E18/><V74/><F37/><W12/><G65/><T84/><D112/><U1/><E1/><V75/><F66/><W72/><G72/><T80/><D120/><U17/><E17/><V96/><F75/><W0/><G0/><T52/><D43/><U42/><E88/><V82/><F74/><W102/><G102/><T10/><D121/><U60/><E60/><V28/><F96/><W114/><G114/><T19/><D19/><U73/><E73/><V48/><F28/><W23/><G94/><T78/><D80/><U44/><E42/><N who="2" m="24695" /><F89/><W95/><G40/><T13/><D92/><U110/><N who="1" m="42578" /><U113/><DORA hai="131" /><E113/><V54/><F87/><W36/><G95/><T98/><REACH who="0" step="1"/><D13/><REACH who="0" ten="238,299,162,271" step="2"/><U119/><E119/><V38/><F38/><W16/><G36/><T62/><D62/><U8/><E61/><V76/><F76/><W39/><G39/><T69/><D69/><U58/><E30/><V31/><F31/><W135/><G135/><T63/><D63/><U81/><E67/><V70/><F70/><RYUUKYOKU ba="1,3" sc="238,30,299,-10,162,-10,271,-10" hai0="4,10,14,21,25,29,45,52,78,83,84,98,99" /><INIT seed="6,2,3,4,1,31" ten="268,289,152,261" oya="2" hai0="49,12,7,44,62,67,124,38,9,81,48,2,43" hai1="65,105,17,111,8,28,130,82,121,88,114,71,134" hai2="20,117,15,55,29,85,13,63,76,92,80,64,99" hai3="26,133,103,120,25,135,110,70,27,126,108,57,14"/><V24/><F55/><W100/><G70/><T16/><D124/><U74/><E111/><N who="3" m="42538" /><G120/><T93/><D93/><U39/><E39/><V128/><F117/><W94/><G126/><T35/><D35/><U46/><E105/><V118/><F118/><W86/><G14/><T66/><D66/><U83/><E130/><V50/><F50/><W37/><G37/><T51/><D81/><U19/><E134/><N who="3" m="51210" /><G57/><T58/><REACH who="0" step="1"/><D38/><REACH who="0" ten="258,289,152,261" step="2"/><U78/><E83/><V53/><F128/><W109/><G109/><T127/><D127/><U45/><E82/><V59/><REACH who="2" step="1"/><F53/><REACH who="2" ten="258,289,142,261" step="2"/><W101/><G86/><T36/><D36/><U6/><E121/><V97/><F97/><AGARI ba="2,5" hai="25,26,27,94,97,100,101,103" m="51210,42538" machi="97" ten="40,1300,0" yaku="20,1" doraHai="31" who="3" fromWho="2" sc="258,0,289,0,142,-19,261,69" /><INIT seed="7,0,0,5,4,129" ten="258,289,123,330" oya="3" hai0="63,6,41,0,88,89,65,47,64,76,57,7,74" hai1="115,2,26,29,48,59,12,134,11,82,21,60,67" hai2="122,102,4,36,20,50,49,54,30,127,110,39,62" hai3="72,71,69,80,13,1,56,83,99,15,38,126,116"/><W58/><G38/><T109/><D109/><U118/><E115/><V10/><F110/><W27/><G1/><T19/><D65/><U133/><E118/><V23/><F122/><W114/><G27/><T112/><D112/><U117/><E117/><V103/><F127/><W85/><G114/><T70/><D70/><U135/><E82/><V25/><F39/><W101/><G116/><T40/><D40/><U37/><E37/><V43/><F36/><W68/><G126/><T78/><D0/><U119/><E119/><V96/><F43/><W45/><G45/><T132/><D47/><U35/><E48/><V92/><F103/><W52/><G72/><T66/><D41/><U100/><E100/><V79/><F79/><W111/><G58/><T22/><D74/><U75/><E75/><V95/><F95/><W91/><G83/><T123/><D57/><U77/><E77/><V113/><F113/><W90/><G90/><T84/><D84/><U24/><E2/><V105/><F105/><W55/><G55/><T5/><D5/><N who="1" m="3183" /><E26/><V16/><F62/><W121/><G121/><T46/><D63/><U14/><E14/><V94/><F94/><W81/><G81/><T124/><D124/><U128/><E128/><V86/><F86/><W44/><G111/><T33/><D46/><U108/><E35/><V31/><F23/><W107/><G44/><T51/><D33/><U42/><E108/><V97/><F97/><W61/><AGARI ba="0,0" hai="13,15,52,56,61,68,69,71,80,85,91,99,101,107" machi="61" ten="30,3000,0" yaku="0,1,54,1" doraHai="129" who="3" fromWho="3" sc="258,-10,289,-10,123,-10,330,30" owari="248,-15.0,279,8.0,113,-39.0,360,46.0" /></mjloggm>