<mjloggm ver="2.3"><GO type="97" lobby="0"/><UN n0="%E9%87%A3%E3%82%8A%E9%9B%80%E5%A3%AB%EF%BC%88%E6%94%B9%EF%BC%89" n1="%E3%83%9C%E3%82%A2%E3%83%BB%E3%83%8F%E3%83%B3%E3%82%B3%E3%83%83%E3%82%AF" n2="%E5%B0%B1%E6%B4%BB%E7%94%9F%40%E5%B7%9D%E6%9D%91%E8%BB%8D%E5%9B%A3" n3="%E5%B7%9D%E6%9D%91%E8%AC%9D%E3%81%A3%E3%81%A6" dan="13,13,15,14" rate="1861.73,1803.93,1996.91,1940.81" sx="M,M,M,F"/><TAIKYOKU oya="0"/><INIT seed="0,0,0,5,3,83" ten="250,250,250,250" oya="0" hai0="33,77,133,26,53,36,104,125,128,74,119,4,57" hai1="21,7,42,0,103,45,107,110,84,86,59,73,48" hai2="108,55,85,101,121,54,126,66,112,79,96,17,5" hai3="47,131,88,19,109,124,62,117,28,41,118,113,51"/><T61/><D119/><U71/><E73/><V9/><F112/><W114/><G28/><T16/><D125/><U27/><E71/><V10/><F121/><W129/><G124/><T60/><D128/><N who="3" m="49225" /><G109/><T87/><D133/><U52/><E110/><V72/><F108/><W102/><G102/><T123/><D74/><U11/><E103/><V22/><F72/><W92/><G62/><T14/><D104/><U65/><E65/><V20/><F66/><W105/><G105/><T37/><D123/><U80/><E80/><N who="2" m="47263" /><F126/><W89/><G19/><T6/><D61/><U18/><E107/><V31/><F96/><N who="3" m="57351" /><G89/><T111/><D111/><U46/><E46/><V30/><F101/><W67/><G67/><T81/><D33/><U93/><E93/><V127/><F127/><W35/><G35/><T130/><D130/><U95/><E95/><V78/><F78/><W8/><G8/><N who="2" m="3177" /><F5/><W132/><G132/><T23/><REACH who="0" step="1"/><D26/><REACH who="0" ten="240,250,250,250" step="2"/><U15/><REACH who="1" step="1"/><E0/><REACH who="1" ten="240,240,250,250" step="2"/><V34/><F34/><W32/><G32/><T63/><D63/><AGARI ba="0,2" hai="7,11,15,18,21,27,42,45,48,52,59,63,84,86" machi="63" ten="30,12000,2" yaku="1,1,2,1,7,1,8,1,52,2,54,1,53,0" doraHai="83" doraHaiUra="100" who="1" fromWho="0" sc="240,-120,240,140,250,0,250,0" /><INIT seed="1,0,0,4,0,108" ten="120,380,250,250" oya="1" hai0="90,76,91,13,121,86,109,124,114,116,99,117,120" hai1="46,51,101,43,63,128,58,56,50,84,0,30,55" hai2="60,81,107,21,98,106,15,119,48,26,134,83,24" hai3="53,18,49,67,95,94,82,78,32,123,1,129,62"/><U125/><E0/><V57/><F119/><N who="0" m="45642" /><D13/><U44/><E101/><V41/><F134/><W104/><G104/><T34/><D34/><U133/><E30/><V103/><F107/><W12/><G1/><T38/><D38/><U7/><E7/><V80/><F15/><W87/><G32/><T100/><D109/><U97/><E133/><V9/><F9/><W37/><G37/><T29/><D29/><U69/><E97/><V130/><F130/><W39/><G39/><T65/><D65/><N who="1" m="41151" /><E84/><V113/><F48/><W17/><G123/><N who="0" m="47179" /><D124/><U23/><E23/><V45/><F45/><N who="3" m="27823" /><G129/><T28/><D28/><U111/><E125/><V59/><F41/><W33/><G33/><T5/><D5/><U11/><E11/><V64/><F59/><N who="1" m="22569" /><E111/><V47/><F47/><W79/><G79/><T10/><D10/><U72/><E72/><V66/><F24/><W102/><G102/><T42/><D42/><N who="1" m="24855" /><E128/><V89/><F89/><W2/><G2/><T8/><D8/><U70/><E70/><V96/><F96/><W3/><G3/><T75/><D75/><U85/><E85/><V14/><F14/><W22/><G17/><T135/><D135/><U110/><E110/><V36/><F98/><W27/><G12/><T25/><D25/><U122/><E122/><V4/><F106/><W54/><G27/><T115/><D76/><U52/><AGARI ba="0,0" hai="43,46,51,52,55" m="24855,22569,41151" machi="52" ten="30,18000,2" yaku="35,5,54,1" doraHai="108" who="1" fromWho="1" sc="120,-60,380,180,250,-60,250,-60" /><INIT seed="1,1,0,0,2,56" ten="60,560,190,190" oya="1" hai0="122,35,37,123,111,46,10,55,88,92,26,100,105" hai1="76,17,61,68,50,94,51,110,98,129,101,3,0" hai2="93,117,64,34,45,24,89,52,44,81,12,16,118" hai3="72,132,95,22,96,103,71,102,31,128,57,62,83"/><U74/><E129/><V97/><F64/><N who="3" m="38991" /><G71/><T5/><D111/><U80/><E110/><V15/><F117/><W106/><G106/><T67/><D67/><U135/><E135/><V53/><F118/><W112/><G112/><T4/><D105/><U41/><E17/><V20/><F81/><W108/><G108/><T115/><D100/><U87/><E3/><V113/><F113/><W21/><G132/><T124/><D115/><U70/><E0/><V13/><F34/><W8/><G128/><T121/><D124/><U107/><E70/><V134/><F134/><W84/><G72/><T73/><D73/><U65/><E41/><V77/><F77/><N who="3" m="46191" /><G8/><T29/><D10/><U120/><E120/><V2/><F2/><W58/><G58/><T66/><D66/><U18/><E18/><V48/><F45/><W109/><G109/><T28/><D28/><U131/><E131/><V69/><F69/><W33/><G33/><T32/><D32/><U91/><AGARI ba="1,0" hai="50,51,61,65,68,74,76,80,87,91,94,98,101,107" machi="91" ten="30,11700,0" yaku="0,1,24,2,52,1" doraHai="56" who="1" fromWho="1" sc="60,-40,560,120,190,-40,190,-40" /><INIT seed="1,2,0,0,0,89" ten="20,680,150,150" oya="1" hai0="108,3,115,33,59,84,21,28,43,57,85,62,86" hai1="94,64,104,29,111,36,134,10,13,18,42,133,125" hai2="92,7,77,116,32,9,91,5,34,8,117,0,66" hai3="131,78,2,65,82,39,97,100,14,79,110,109,17"/><U75/><E104/><V127/><F77/><W132/><G2/><T55/><D115/><U107/><E107/><V126/><F66/><W70/><G39/><T129/><D3/><U119/><E119/><N who="2" m="45643" /><F91/><W76/><G131/><T58/><D129/><U113/><E113/><V101/><F101/><W25/><G25/><N who="0" m="16431" /><D33/><N who="2" m="12906" /><F92/><N who="3" m="58407" /><G132/><N who="1" m="50794" /><E125/><N who="2" m="47627" /><F0/><W68/><G82/><T51/><D108/><N who="3" m="41577" /><G65/><N who="0" m="39119" /><D43/><U22/><E111/><V105/><F105/><W24/><G70/><T96/><D96/><U35/><E75/><V16/><F16/><W26/><G68/><T53/><D84/><U45/><E64/><V69/><F69/><W48/><G48/><AGARI ba="2,0" hai="48,51,53,55,58,59,85,86" m="39119,16431" machi="48" ten="30,1000,0" yaku="8,1" doraHai="89" who="0" fromWho="3" sc="20,16,680,0,150,0,150,-16" /><INIT seed="2,0,0,1,4,31" ten="36,680,150,134" oya="2" hai0="112,65,11,67,52,18,111,116,14,73,36,69,49" hai1="59,88,130,108,1,79,21,32,0,2,113,105,64" hai2="15,104,13,84,25,102,115,94,44,60,8,66,131" hai3="5,3,83,82,55,121,122,28,57,33,78,89,12"/><V97/><F115/><W101/><G3/><T93/><D112/><U6/><E113/><V72/><F72/><W68/><G68/><T45/><D111/><U87/><E108/><V85/><F131/><W27/><G101/><T62/><D116/><U26/><E130/><V125/><F125/><W43/><G43/><T118/><D118/><U51/><E105/><V128/><F128/><W81/><G78/><T107/><D107/><U53/><E32/><V22/><F44/><W109/><G109/><T7/><D73/><U135/><E135/><V20/><F20/><W71/><G71/><T46/><D65/><U23/><E79/><V95/><F95/><W126/><G89/><T48/><D93/><U132/><E132/><V61/><F104/><W100/><G100/><T103/><D103/><U75/><E75/><V63/><F66/><W17/><G5/><T70/><D36/><U119/><E119/><V30/><REACH who="2" step="1"/><F13/><REACH who="2" ten="36,680,140,134" step="2"/><W92/><G92/><T24/><D24/><U34/><E64/><V40/><F40/><W35/><G126/><T41/><REACH who="0" step="1"/><D69/><REACH who="0" ten="26,680,140,134" step="2"/><U117/><E117/><V98/><F98/><W54/><G122/><T58/><D58/><U39/><E39/><V38/><F38/><W99/><G121/><T127/><D127/><U50/><E26/><V90/><F90/><W19/><G99/><T134/><D134/><U106/><E106/><V42/><F42/><W56/><G56/><T86/><D86/><U124/><E124/><V16/><AGARI ba="0,2" hai="8,15,16,22,25,30,60,61,63,84,85,94,97,102" machi="16" ten="30,11700,0" yaku="1,1,0,1,8,1,54,1,53,0" doraHai="31" doraHaiUra="123" who="2" fromWho="2" sc="26,-39,680,-39,140,137,134,-39" owari="-13,-51.0,641,73.0,277,8.0,95,-30.0" /></mjloggm>