<mjloggm ver="2.3"><GO type="169" lobby="0"/><UN n0="%6D%6F%65%2E%6E" n1="%E3%82%A6%E3%83%AB%E3%83%88%E3%83%A9%E7%AB%8B%E7%9B%B4" n2="%E3%83%AD%E3%83%9E%E3%83%8D%E3%82%B9%E3%82%AF" n3="%7A%65%72%6F%52%58" dan="16,17,16,17" rate="2086.98,2122.91,2126.60,2164.79" sx="F,M,M,M"/><TAIKYOKU oya="0"/><INIT seed="0,0,0,0,3,107" ten="250,250,250,250" oya="0" hai0="7,5,50,119,42,14,30,130,41,81,92,78,37" hai1="125,48,94,112,82,59,135,91,16,56,32,99,61" hai2="118,3,65,132,43,27,44,28,26,131,34,100,120" hai3="88,74,25,13,103,47,121,73,49,115,85,113,72"/><T36/><D119/><U58/><E32/><V127/><F120/><W114/><G103/><T128/><D30/><U116/><E116/><V97/><F118/><W2/><G2/><T98/><D50/><U35/><E35/><V79/><F127/><W122/><G13/><T22/><D42/><U46/><E125/><V38/><F131/><N who="0" m="50218" /><D41/><N who="1" m="24655" /><E135/><V87/><F132/><W80/><REACH who="3" step="1"/><G25/><REACH who="3" ten="250,250,250,240" step="2"/><T86/><D14/><U110/><E112/><V66/><F27/><W89/><G89/><N who="0" m="55567" /><D22/><U68/><E110/><V51/><F3/><W53/><AGARI ba="0,1" hai="47,49,53,72,73,74,80,85,88,113,114,115,121,122" machi="53" ten="40,12000,2" yaku="1,1,0,1,52,3,54,1,53,0" doraHai="107" doraHaiUra="90" who="3" fromWho="3" sc="250,-60,250,-30,250,-30,240,130" /><INIT seed="1,0,0,5,3,97" ten="190,220,220,370" oya="1" hai0="68,108,80,79,131,69,3,70,117,6,75,121,5" hai1="71,8,55,57,90,99,94,41,1,0,116,101,102" hai2="30,4,118,109,133,31,10,62,122,106,19,107,18" hai3="76,15,119,105,37,89,66,39,78,14,134,127,21"/><U2/><E71/><V34/><F118/><W96/><G127/><T9/><D6/><U91/><E116/><V28/><F122/><W51/><G119/><T83/><D117/><U47/><E8/><V58/><F109/><W36/><G66/><T74/><D108/><U56/><E90/><V27/><F133/><W45/><G134/><T135/><D135/><U65/><E65/><V88/><F106/><W130/><G130/><T123/><REACH who="0" step="1"/><D131/><REACH who="0" ten="180,220,220,370" step="2"/><U104/><E104/><V111/><F107/><W49/><G105/><T38/><D38/><U93/><E93/><V110/><F110/><W42/><G37/><T44/><D44/><U16/><E47/><V53/><F111/><W126/><G39/><T13/><D13/><U67/><E41/><V54/><F4/><W24/><G14/><T26/><D26/><U92/><E92/><V85/><F27/><W33/><G15/><T43/><D43/><U63/><REACH who="1" step="1"/><E16/><REACH who="1" ten="180,210,220,370" step="2"/><V40/><F40/><W72/><G42/><T100/><D100/><U7/><E7/><V46/><F18/><W61/><G45/><T52/><D52/><U115/><E115/><V81/><F46/><W20/><G36/><T132/><D132/><U103/><E103/><V60/><F54/><W25/><G25/><T59/><D59/><U48/><AGARI ba="0,2" hai="0,1,2,48,55,56,57,63,67,91,94,99,101,102" machi="48" ten="30,11700,0" yaku="1,1,0,1,52,2,53,0" doraHai="97" doraHaiUra="120" who="1" fromWho="1" sc="180,-39,210,137,220,-39,370,-39" /><INIT seed="1,1,0,0,1,81" ten="141,347,181,331" oya="1" hai0="7,67,38,98,127,126,107,55,68,39,2,62,10" hai1="6,104,125,83,102,113,61,71,73,132,106,31,108" hai2="42,133,93,99,112,63,128,119,50,72,15,12,130" hai3="3,47,131,122,95,84,32,82,28,78,37,70,129"/><U117/><E117/><V21/><F119/><W135/><G70/><T51/><D51/><U30/><E113/><V96/><F133/><W19/><G3/><T89/><D55/><U91/><E132/><V29/><F72/><W35/><G135/><T64/><D64/><U116/><E116/><V54/><F112/><W79/><G122/><T134/><D134/><U44/><E125/><N who="0" m="47625" /><D89/><U114/><E6/><V110/><F110/><W77/><G95/><T4/><D4/><U40/><E71/><V0/><F42/><N who="3" m="22991" /><G19/><T90/><D90/><U88/><E61/><V16/><F63/><W66/><G66/><T41/><D41/><U121/><E40/><V120/><F120/><W118/><G118/><T43/><D43/><U13/><E91/><V14/><F29/><W22/><G22/><T58/><D58/><U75/><E31/><V46/><F0/><W85/><G82/><T11/><D11/><U100/><E83/><V101/><REACH who="2" step="1"/><F99/><REACH who="2" ten="141,347,171,331" step="2"/><W8/><G28/><T52/><D98/><N who="1" m="61463" /><E30/><V109/><F109/><W87/><G8/><T27/><D10/><U9/><E9/><V5/><F5/><W59/><G32/><T76/><D7/><U33/><E33/><V36/><F36/><W124/><G35/><T65/><D2/><U105/><E121/><V1/><F1/><W103/><G124/><T57/><D38/><U123/><E123/><V56/><F56/><W94/><G59/><T115/><D68/><U97/><E108/><V111/><F111/><W74/><G74/><T24/><D115/><U34/><E75/><V20/><F20/><W48/><G48/><RYUUKYOKU ba="1,1" sc="141,-15,347,-15,171,15,331,15" hai2="12,14,15,16,21,46,50,54,93,96,101,128,130" hai3="77,78,79,84,85,87,94,103,129,131" /><INIT seed="2,2,1,0,2,48" ten="126,332,186,346" oya="2" hai0="130,58,11,2,99,124,101,50,104,77,59,18,31" hai1="17,14,7,127,86,4,108,38,111,12,79,40,81" hai2="113,30,53,96,13,52,90,20,27,87,45,84,29" hai3="91,107,67,41,25,114,89,119,105,1,46,19,26"/><V5/><F113/><W61/><G1/><T117/><D31/><U135/><E127/><V83/><F30/><W126/><G119/><T34/><D34/><U85/><E135/><V121/><F121/><W97/><G126/><T112/><D124/><U128/><E128/><V55/><F96/><W62/><G114/><T82/><D112/><U76/><E40/><V70/><F70/><W43/><G19/><T66/><D130/><U68/><E38/><V116/><F116/><W49/><G43/><T133/><D117/><U65/><E65/><V98/><F98/><W103/><G107/><T92/><D133/><U63/><E63/><V42/><F84/><W44/><G44/><T74/><D66/><U129/><E68/><V80/><F80/><W72/><G62/><T102/><D102/><U6/><E129/><V32/><F32/><W131/><G72/><T22/><D104/><U120/><E120/><V64/><F64/><W60/><G60/><T56/><D2/><U28/><E28/><V10/><F55/><W69/><G131/><T36/><D36/><AGARI ba="2,1" hai="5,10,13,20,27,29,36,42,45,52,53,83,87,90" machi="36" ten="30,11600,0" yaku="7,1,52,2,54,1" doraHai="48" who="2" fromWho="0" sc="126,-122,332,0,186,132,346,0" /><INIT seed="2,3,0,0,3,120" ten="4,332,318,346" oya="2" hai0="117,122,68,46,13,125,87,94,59,123,61,2,79" hai1="131,99,74,81,41,93,49,6,95,71,76,111,44" hai2="55,132,119,121,133,128,57,12,38,53,113,80,126" hai3="135,130,29,30,3,54,14,105,116,69,124,78,5"/><V66/><F121/><W83/><G105/><T64/><D2/><U127/><E71/><V50/><F119/><W60/><G116/><T26/><D117/><U18/><E127/><V73/><F113/><W114/><G3/><T108/><D26/><U103/><E131/><V82/><F128/><W25/><G130/><T24/><D24/><U45/><E111/><V16/><F126/><W8/><G124/><T110/><D125/><U17/><E6/><V15/><F38/><W1/><G135/><N who="2" m="51785" /><F73/><W100/><G100/><T20/><D46/><U129/><E129/><V91/><F66/><W89/><G89/><N who="0" m="53567" /><D79/><U90/><E45/><N who="2" m="27855" /><F91/><W19/><G114/><T11/><D20/><U72/><E72/><V28/><F28/><W27/><G27/><T56/><D122/><U96/><AGARI ba="3,0" hai="17,18,41,44,49,74,76,81,90,93,95,96,99,103" machi="96" ten="20,1500,0" yaku="0,1,7,1" doraHai="120" who="1" fromWho="1" sc="4,-7,332,24,318,-10,346,-7" owari="-3,-50.0,356,45.0,308,-9.0,339,14.0" /></mjloggm>