<mjloggm ver="2.3"><GO type="97" lobby="0"/><UN n0="%E3%83%88%E3%83%88%E3%83%AA%E5%85%88%E7%94%9F%31%39%E6%AD%B3" n1="%E3%81%B7%E3%82%8B%E3%82%8B%E3%82%93%E5%A4%A7%E4%BD%90" n2="%66%65" n3="%6E%6F%69%67%79" dan="14,14,13,13" rate="2032.22,2097.67,1865.30,1924.78" sx="F,M,M,M"/><TAIKYOKU oya="0"/><INIT seed="0,0,0,2,5,16" ten="250,250,250,250" oya="0" hai0="0,75,67,97,48,123,122,9,53,58,43,8,96" hai1="59,78,113,77,83,69,7,100,111,130,30,12,81" hai2="65,71,57,38,101,47,10,104,94,118,116,36,121" hai3="28,68,63,102,109,37,86,112,54,117,82,72,76"/><T31/><D75/><U41/><E111/><V103/><F104/><W27/><G37/><T51/><D67/><U87/><E69/><V70/><F121/><W39/><G39/><N who="2" m="14889" /><F10/><W84/><G117/><N who="2" m="45161" /><F94/><W134/><G112/><T80/><D80/><U32/><E41/><V44/><F57/><W18/><G134/><T125/><D43/><U79/><E100/><N who="2" m="38475" /><F65/><W19/><G109/><T45/><D58/><U92/><E113/><V85/><F85/><W14/><G102/><T26/><D53/><U20/><E59/><V29/><F29/><W127/><G127/><T4/><D125/><U3/><E30/><V42/><F42/><W50/><G68/><AGARI ba="0,0" hai="44,47,68,70,71" m="38475,45161,14889" machi="68" ten="40,5200,0" yaku="28,2,12,1" doraHai="16" who="2" fromWho="3" sc="250,0,250,0,250,52,250,-52" /><INIT seed="1,0,0,5,5,91" ten="250,250,302,198" oya="1" hai0="100,109,6,74,131,84,39,102,135,92,87,81,65" hai1="61,35,107,105,72,124,129,71,8,49,59,43,86" hai2="117,116,48,62,106,83,66,90,104,125,18,5,69" hai3="58,134,128,108,16,73,31,67,32,97,126,75,13"/><U23/><E72/><V133/><F133/><W24/><G126/><T50/><D39/><U22/><E35/><V88/><F125/><W45/><G128/><T80/><D135/><U70/><E124/><V12/><F5/><W114/><G114/><T17/><D74/><U120/><E120/><V111/><F111/><W47/><G134/><T42/><D109/><U99/><E8/><V79/><F48/><W4/><G108/><T3/><D131/><U20/><E129/><V2/><F2/><W1/><G97/><T64/><D6/><U25/><E86/><V44/><F44/><W51/><G67/><T54/><D42/><U82/><E82/><N who="0" m="31849" /><D17/><U53/><E25/><V19/><F19/><W0/><G0/><T127/><D3/><U85/><E85/><V123/><F123/><W122/><G122/><T112/><D112/><U29/><E29/><V110/><F110/><W37/><G37/><T33/><D33/><U93/><E70/><V77/><F77/><W10/><G58/><T119/><D87/><U60/><E61/><V132/><F132/><W130/><G130/><T76/><D119/><U34/><E34/><V14/><F14/><W7/><G7/><T55/><D76/><U94/><E43/><V46/><F46/><W57/><G57/><N who="0" m="32983" /><D55/><U113/><E113/><V38/><F38/><W103/><G103/><N who="0" m="39467" /><D127/><U11/><E105/><N who="2" m="40555" /><F79/><W121/><G121/><T95/><D84/><U101/><REACH who="1" step="1"/><E11/><REACH who="1" ten="250,240,302,198" step="2"/><N who="2" m="6431" /><F83/><W15/><G73/><T26/><D26/><U41/><E41/><V40/><F40/><W30/><G75/><T89/><D64/><AGARI ba="0,1" hai="20,22,23,49,53,59,60,64,71,93,94,99,101,107" machi="64" ten="40,12000,1" yaku="1,1,52,2,53,1" doraHai="91" doraHaiUra="98" who="1" fromWho="0" sc="250,-120,240,130,302,0,198,0" /><INIT seed="1,1,0,5,0,75" ten="130,370,302,198" oya="1" hai0="63,66,124,62,35,40,61,5,15,128,49,74,50" hai1="99,16,104,33,113,89,83,41,51,133,131,114,134" hai2="88,119,21,53,118,102,23,57,43,9,45,0,29" hai3="73,106,130,58,24,25,85,2,135,98,82,116,93"/><U39/><E39/><V34/><F34/><W27/><G116/><T125/><D35/><U97/><E131/><V10/><F102/><W1/><G135/><N who="1" m="51722" /><E33/><V81/><F0/><W18/><G130/><T77/><D128/><U68/><E68/><V103/><F103/><W71/><G71/><T13/><D66/><U111/><E111/><V80/><F43/><W48/><G106/><T64/><D64/><U46/><E16/><V79/><F45/><W117/><G117/><T54/><D40/><U26/><E26/><V70/><F70/><W12/><G73/><T55/><D5/><U38/><E38/><V65/><F65/><W67/><G67/><T132/><D132/><U112/><E104/><V17/><F29/><W3/><G58/><T96/><D74/><U91/><E89/><V6/><F6/><W129/><G48/><T84/><D63/><U31/><E31/><V95/><F17/><W110/><G110/><T87/><REACH who="0" step="1"/><D96/><REACH who="0" ten="120,370,302,198" step="2"/><U52/><E41/><V32/><F32/><W120/><G120/><T4/><D4/><U56/><E99/><N who="2" m="57831" /><F118/><W30/><G129/><T28/><D28/><U22/><E97/><V109/><F109/><W101/><G30/><T92/><D92/><U8/><E113/><V20/><F119/><W78/><REACH who="3" step="1"/><G1/><REACH who="3" ten="120,370,302,188" step="2"/><T19/><D19/><U121/><E121/><V7/><F7/><W105/><G105/><T123/><D123/><U37/><E112/><V11/><F81/><W72/><G72/><T90/><D90/><U76/><E114/><V47/><F47/><W115/><G115/><T122/><D122/><U108/><E83/><RYUUKYOKU ba="1,2" sc="120,15,370,-15,302,-15,188,15" hai0="13,15,49,50,54,55,61,62,77,84,87,124,125" hai3="2,3,12,18,24,25,27,78,82,85,93,98,101" /><INIT seed="2,2,2,3,5,70" ten="135,355,287,203" oya="2" hai0="66,92,130,71,117,49,23,26,82,15,13,101,103" hai1="37,110,83,68,41,88,128,11,112,120,33,119,35" hai2="14,6,91,24,36,135,73,42,63,109,1,102,8" hai3="2,38,31,124,57,20,40,75,113,125,96,52,62"/><V121/><F121/><W16/><G75/><T4/><D130/><U61/><E112/><V47/><F135/><W18/><G2/><T72/><D117/><U116/><E120/><V46/><F109/><W17/><G96/><T74/><D71/><U118/><E110/><V81/><F102/><W108/><G108/><T30/><D72/><U76/><E128/><V45/><F63/><W78/><G78/><T100/><D66/><N who="1" m="41039" /><E88/><V93/><F14/><W106/><G106/><T50/><D74/><N who="1" m="43415" /><E11/><V85/><F24/><W114/><G31/><T77/><D92/><U25/><E25/><V123/><F123/><W12/><G12/><T127/><D127/><N who="3" m="48713" /><G20/><T107/><D107/><U90/><E90/><V29/><F29/><W59/><G59/><T65/><D65/><U9/><E9/><V84/><F73/><W122/><G122/><T126/><D126/><U79/><E79/><AGARI ba="2,2" hai="1,6,8,36,42,45,46,47,79,81,84,85,91,93" machi="79" ten="30,2900,0" yaku="7,1,52,1" doraHai="70" who="2" fromWho="1" sc="135,0,355,-35,287,55,203,0" /><INIT seed="2,3,0,1,4,83" ten="135,320,342,203" oya="2" hai0="51,135,119,71,72,63,65,25,107,81,44,68,14" hai1="42,50,4,129,58,114,94,30,6,82,92,39,52" hai2="47,131,19,53,16,0,34,70,123,69,102,121,46" hai3="98,112,96,73,61,84,29,130,32,12,74,125,101"/><V10/><F0/><W133/><G112/><T75/><D107/><U103/><E129/><V108/><F34/><W36/><G36/><T48/><D135/><U59/><E114/><V99/><F131/><W97/><G125/><T111/><D111/><U26/><E82/><V2/><F2/><W100/><G130/><T115/><D115/><U118/><E118/><V11/><F108/><W1/><G1/><T77/><D119/><U43/><E39/><V17/><F99/><W62/><G133/><T40/><D71/><N who="2" m="27146" /><F53/><W9/><G32/><T104/><D104/><U87/><E94/><V122/><F102/><W90/><G29/><T54/><D25/><U85/><E103/><N who="3" m="39498" /><G74/><T21/><D21/><N who="1" m="15695" /><E58/><V64/><F64/><W27/><G27/><T60/><D60/><U35/><E35/><V8/><AGARI ba="3,0" hai="8,10,11,16,17,19,46,47,121,122,123" m="27146" machi="8" ten="50,12000,1" yaku="29,2,28,2,54,1" doraHai="83" who="2" fromWho="2" sc="135,-43,320,-43,342,129,203,-43" /><INIT seed="2,4,0,2,0,110" ten="92,277,471,160" oya="2" hai0="46,135,101,52,76,72,107,34,59,61,102,79,36" hai1="26,116,131,133,132,88,106,51,7,38,108,55,94" hai2="40,44,117,77,125,124,32,134,120,50,114,121,98" hai3="87,47,39,37,91,70,83,128,63,13,113,130,84"/><V103/><F117/><W129/><G47/><T90/><D34/><U74/><E108/><V16/><F77/><W49/><G49/><T104/><D135/><U57/><E38/><V62/><F32/><W29/><G29/><T3/><D3/><U15/><E106/><V8/><F62/><W43/><G43/><T123/><D123/><U75/><E26/><V82/><F134/><W56/><G70/><T14/><D107/><U10/><E131/><V71/><F71/><W28/><G28/><T92/><D104/><U42/><E116/><V119/><F119/><W0/><G0/><T1/><D1/><U64/><E42/><V127/><F82/><N who="3" m="49559" /><G13/><T54/><D14/><U100/><E64/><V25/><F114/><W69/><G69/><T86/><D36/><U21/><E15/><N who="2" m="7271" /><F25/><W19/><G19/><T78/><REACH who="0" step="1"/><D72/><REACH who="0" ten="82,277,471,160" step="2"/><U80/><E74/><V67/><F67/><N who="3" m="39399" /><G113/><T31/><D31/><U53/><E75/><V12/><F12/><W109/><G109/><T41/><D41/><U45/><E133/><V126/><F126/><W97/><G97/><T85/><D85/><U105/><E132/><V58/><F120/><W17/><G17/><T24/><D24/><U27/><E27/><V9/><F121/><W22/><G22/><T33/><D33/><U2/><E21/><V111/><F111/><W89/><AGARI ba="4,1" hai="37,39,83,87,89,128,129,130" m="39399,49559" machi="89" ten="30,1100,0" yaku="19,1" doraHai="110" who="3" fromWho="3" sc="82,-7,277,-7,471,-9,160,33" /><INIT seed="3,0,0,5,4,115" ten="75,270,462,193" oya="3" hai0="48,126,119,12,90,63,114,110,60,98,123,128,78" hai1="105,25,20,100,95,99,104,89,61,29,53,91,54" hai2="16,49,94,45,87,0,93,76,13,11,46,108,31" hai3="70,72,75,80,21,22,55,57,8,58,77,30,4"/><W101/><G70/><T125/><D12/><U28/><E104/><V113/><F108/><W88/><G101/><T135/><D123/><U9/><E9/><V74/><F74/><W112/><G112/><T18/><D18/><N who="1" m="12439" /><E105/><V6/><F31/><N who="1" m="11849" /><E61/><N who="0" m="23625" /><D114/><U132/><E132/><V50/><F113/><W117/><G117/><T116/><D135/><U97/><E97/><V129/><F129/><W92/><G75/><T10/><D10/><U127/><E127/><N who="0" m="48649" /><D78/><U109/><E109/><V83/><F0/><W62/><G58/><T71/><D71/><U39/><E91/><V96/><F96/><W36/><G36/><T32/><D32/><U7/><E89/><V17/><F94/><W15/><G30/><T24/><D24/><U102/><E39/><V103/><F103/><W79/><G79/><T124/><N who="0" m="48657" /><T118/><DORA hai="64" /><D110/><U2/><E2/><V23/><F93/><W51/><REACH who="3" step="1"/><G62/><REACH who="3" ten="75,270,462,183" step="2"/><T1/><D1/><U81/><E100/><V73/><F73/><W86/><AGARI ba="0,1" hai="4,8,15,21,22,51,55,57,72,77,80,86,88,92" machi="86" ten="20,18000,2" yaku="1,1,2,1,0,1,7,1,54,1,53,1" doraHai="115,64" doraHaiUra="106,35" who="3" fromWho="3" sc="75,-60,270,-60,462,-60,183,190" /><INIT seed="3,1,0,0,5,22" ten="15,210,402,373" oya="3" hai0="54,92,65,120,99,75,61,14,53,28,55,101,100" hai1="5,37,102,36,94,125,79,124,46,64,15,105,129" hai2="12,110,112,7,60,40,74,4,34,56,20,96,9" hai3="48,25,19,115,113,98,109,84,107,47,67,38,104"/><W89/><G38/><T87/><D120/><U126/><E105/><V71/><F112/><W123/><G123/><T66/><D75/><U58/><E129/><V121/><F74/><W78/><G67/><T33/><D33/><U17/><E5/><V103/><F71/><W111/><G78/><T43/><D43/><U118/><E118/><V59/><F34/><W49/><G98/><T39/><D39/><U1/><E1/><V131/><F121/><W32/><G32/><T76/><D14/><U50/><E79/><V117/><F131/><W73/><G73/><T122/><D122/><U68/><E94/><N who="2" m="58775" /><F117/><W2/><G2/><T90/><D76/><U85/><E85/><V30/><F40/><N who="3" m="24679" /><G49/><T114/><D114/><N who="3" m="43529" /><G25/><T133/><D133/><U29/><E102/><V57/><F110/><N who="3" m="41995" /><G19/><T128/><D128/><U51/><E29/><V77/><F4/><W80/><AGARI ba="1,0" hai="80,84,89,104,107" m="41995,43529,24679" machi="80" ten="30,3000,0" yaku="14,1,10,1" doraHai="22" who="3" fromWho="3" sc="15,-11,210,-11,402,-11,373,33" owari="4,-50.0,199,-20.0,391,19.0,406,51.0" /></mjloggm>