<mjloggm ver="2.3"><GO type="169" lobby="0"/><UN n0="%6E%61%63%6F%6D%61%69%69" n1="%E3%82%A6%E3%83%AB%E3%83%88%E3%83%A9%E7%AB%8B%E7%9B%B4" n2="%EF%BC%9D%E9%AB%98%E6%A9%8B%E3%83%91%E3%83%B3%E3%83%80%EF%BC%9D" n3="%53%49%4C%41%53" dan="16,17,16,16" rate="2081.66,2186.43,2110.09,2148.25" sx="F,M,M,F"/><TAIKYOKU oya="0"/><INIT seed="0,0,0,4,4,46" ten="250,250,250,250" oya="0" hai0="77,61,13,123,28,44,82,133,51,130,12,79,42" hai1="15,119,106,81,4,18,132,36,105,68,29,80,23" hai2="34,92,25,90,116,108,8,24,74,30,31,94,78" hai3="100,49,128,69,112,111,93,91,121,124,72,40,98"/><T107/><D123/><U99/><E119/><V73/><F108/><W59/><G112/><T9/><D107/><U48/><E36/><V22/><F116/><W33/><G111/><T125/><D133/><U113/><E68/><V58/><F78/><W115/><G115/><T27/><D130/><U38/><E38/><V43/><F43/><W70/><G128/><T45/><D125/><U56/><E132/><V71/><F71/><W57/><G33/><T54/><D61/><U114/><E114/><V83/><F83/><W5/><G72/><T3/><D3/><U67/><E106/><V26/><F8/><W85/><G124/><T53/><D82/><U64/><E113/><V20/><F58/><W21/><G121/><T135/><D135/><U117/><E117/><V88/><F26/><W118/><G118/><T95/><D95/><U10/><E29/><V62/><F62/><W60/><G5/><T109/><D13/><U14/><E81/><V122/><REACH who="2" step="1"/><F34/><REACH who="2" ten="250,250,240,250" step="2"/><W55/><G40/><T65/><D42/><U41/><E80/><V131/><F131/><W16/><G59/><T1/><D109/><U50/><E41/><V129/><F129/><W47/><G47/><T87/><D45/><U63/><REACH who="1" step="1"/><E67/><REACH who="1" ten="250,240,240,250" step="2"/><V35/><F35/><W104/><REACH who="3" step="1"/><G60/><REACH who="3" ten="250,240,240,240" step="2"/><T120/><D120/><AGARI ba="0,3" hai="20,22,24,25,30,31,73,74,88,90,92,94,120,122" machi="120" ten="25,6400,0" yaku="1,1,22,2,54,1,53,0" doraHai="46" doraHaiUra="11" who="2" fromWho="0" sc="250,-64,240,0,240,94,240,0" /><INIT seed="1,0,0,4,5,119" ten="186,240,334,240" oya="1" hai0="96,42,32,125,90,92,79,123,57,132,118,53,31" hai1="85,80,14,6,15,103,91,60,34,70,72,131,63" hai2="95,117,111,35,2,87,12,19,121,21,65,45,83" hai3="26,116,107,4,114,17,41,98,28,37,113,33,51"/><U88/><E34/><V100/><F111/><W49/><G116/><T52/><D118/><U73/><E131/><V82/><F2/><W78/><G4/><T110/><D132/><U102/><E70/><V11/><F35/><W8/><G78/><T133/><D110/><U56/><E6/><V50/><F65/><W71/><G49/><T129/><D42/><U105/><E105/><V58/><F121/><W38/><G51/><T128/><D125/><U130/><E130/><N who="0" m="50281" /><D79/><U59/><E85/><V24/><F58/><W47/><G37/><T93/><D92/><U81/><AGARI ba="0,0" hai="14,15,56,59,60,63,72,73,80,81,88,91,102,103" machi="81" ten="25,9600,0" yaku="0,1,22,2,54,1" doraHai="119" who="1" fromWho="1" sc="186,-32,240,96,334,-32,240,-32" /><INIT seed="1,1,0,1,5,67" ten="154,336,302,208" oya="1" hai0="113,37,132,51,97,25,33,92,114,122,111,99,44" hai1="21,81,17,56,19,90,120,131,117,1,60,112,62" hai2="72,95,34,48,126,2,116,119,0,46,65,9,88" hai3="73,127,134,50,40,28,87,55,83,22,84,7,66"/><U89/><E120/><V106/><F106/><W41/><G134/><T30/><D122/><U24/><E117/><V100/><F100/><W68/><G127/><T98/><D132/><U57/><E1/><V59/><F34/><W12/><G73/><T43/><D111/><U133/><E112/><V109/><F109/><W102/><G102/><T103/><REACH who="0" step="1"/><D37/><REACH who="0" ten="144,336,302,208" step="2"/><U13/><E133/><V64/><F119/><W16/><G7/><T38/><D38/><U5/><E5/><V135/><F116/><W74/><G28/><T18/><D18/><U69/><E131/><V70/><F135/><W77/><G74/><T124/><D124/><U118/><E118/><V27/><F72/><W125/><G125/><T14/><D14/><U104/><E13/><V20/><F126/><W123/><G123/><T8/><D8/><U76/><E17/><V10/><F9/><W3/><G3/><T36/><D36/><U11/><E11/><V80/><F10/><W105/><G105/><T58/><D58/><U53/><E104/><V29/><F59/><W32/><G16/><T49/><D49/><U63/><E57/><V110/><F0/><W91/><G12/><T54/><D54/><U6/><E6/><V71/><F2/><W130/><G55/><T45/><D45/><U35/><E53/><N who="2" m="29847" /><F110/><W86/><G50/><T115/><AGARI ba="1,1" hai="25,30,33,43,44,51,92,97,98,99,103,113,114,115" machi="115" ten="30,4000,0" yaku="1,1,0,1,53,1" doraHai="67" doraHaiUra="42" who="0" fromWho="0" sc="144,53,336,-21,302,-11,208,-11" /><INIT seed="2,0,0,0,5,61" ten="197,315,291,197" oya="2" hai0="123,84,131,7,23,132,117,106,110,38,116,79,52" hai1="129,135,53,47,107,34,130,74,96,81,4,36,101" hai2="16,69,124,91,133,2,125,35,120,100,78,49,12" hai3="109,115,33,5,58,10,103,59,97,57,25,77,19"/><V28/><F120/><W114/><G109/><T45/><D123/><U43/><E34/><V71/><F78/><W44/><G44/><T50/><D110/><U128/><E53/><V95/><F2/><W122/><G122/><T75/><D106/><U42/><E42/><V118/><F100/><W70/><G77/><T17/><D7/><U32/><E32/><V24/><F118/><N who="0" m="45674" /><D132/><U65/><E135/><V6/><F6/><W68/><G5/><T14/><D38/><U31/><E31/><V126/><F49/><W66/><G10/><T111/><D111/><U21/><E21/><N who="2" m="11399" /><F133/><W86/><G19/><T56/><D75/><U108/><E4/><V37/><F37/><W83/><G25/><T105/><D105/><U93/><E108/><V73/><F73/><W104/><G33/><T72/><D72/><U87/><E107/><V20/><F20/><W54/><G54/><T64/><D131/><U113/><E74/><V90/><F90/><W9/><G9/><T15/><D14/><U102/><E102/><V82/><F82/><W30/><G30/><T27/><D15/><U0/><E0/><V88/><F91/><W13/><G13/><T85/><D79/><N who="1" m="46527" /><E113/><V63/><F63/><AGARI ba="0,0" hai="17,23,27,45,50,52,56,63,64,84,85" m="45674" machi="63" ten="30,3900,0" yaku="12,1,52,1,54,1" doraHai="61" who="0" fromWho="2" sc="197,39,315,0,291,-39,197,0" /><INIT seed="3,0,0,0,1,108" ten="236,315,252,197" oya="3" hai0="25,59,40,133,77,34,2,134,61,122,63,96,111" hai1="86,82,115,98,36,79,16,117,56,95,102,8,52" hai2="93,123,10,22,106,126,101,3,55,11,45,51,119" hai3="81,43,75,46,128,1,32,110,30,33,26,48,6"/><W17/><G110/><T18/><D2/><U64/><E36/><V97/><F119/><W54/><G128/><T44/><D122/><U12/><E115/><V37/><F123/><W66/><G66/><T31/><D77/><U131/><E131/><V9/><F126/><W14/><G33/><T38/><D111/><U80/><E117/><V39/><F3/><W90/><G75/><T47/><D44/><U118/><E118/><V58/><F106/><W23/><G43/><T105/><D18/><U125/><E125/><V5/><F5/><W94/><G81/><T113/><D63/><N who="1" m="36231" /><E82/><V41/><REACH who="2" step="1"/><F22/><REACH who="2" ten="236,315,242,197" step="2"/><W27/><G6/><T130/><D130/><U127/><E127/><V107/><F107/><W89/><G1/><T65/><D105/><U104/><E104/><V87/><F87/><W0/><G0/><T78/><D96/><U72/><E72/><V35/><F35/><W19/><G94/><T135/><REACH who="0" step="1"/><D78/><REACH who="0" ten="226,315,242,197" step="2"/><U7/><E7/><V85/><F85/><W42/><G42/><T53/><D53/><U73/><E73/><V84/><F84/><W103/><G103/><T109/><D109/><U28/><E64/><V60/><AGARI ba="0,2" hai="9,10,11,37,39,41,45,51,55,58,60,93,97,101" machi="60" ten="30,7900,0" yaku="1,1,0,1,53,2" doraHai="108" doraHaiUra="68" who="2" fromWho="2" sc="226,-20,315,-20,242,99,197,-39" /><INIT seed="4,0,0,4,5,40" ten="206,295,341,158" oya="0" hai0="36,79,103,69,94,33,12,129,114,42,4,72,85" hai1="21,110,74,13,119,63,118,109,99,37,87,29,59" hai2="131,115,1,80,64,130,32,35,97,106,132,122,43" hai3="8,83,91,93,104,95,52,20,65,107,30,56,6"/><T70/><D33/><U98/><E74/><V45/><F1/><W46/><G104/><T126/><D129/><N who="2" m="49162" /><F122/><W27/><G107/><T3/><D126/><U57/><E37/><N who="2" m="21743" /><F115/><W67/><G83/><T9/><D114/><U100/><E87/><V34/><F132/><W66/><G91/><T75/><D12/><U7/><E7/><V11/><F11/><W15/><REACH who="3" step="1"/><G46/><REACH who="3" ten="206,295,341,148" step="2"/><N who="0" m="23879" /><D103/><U55/><E100/><V51/><F80/><W86/><G86/><T88/><D75/><U82/><E82/><AGARI ba="0,1" hai="3,4,9,69,70,72,79,82,85,88,94" m="23879" machi="82" ten="30,5800,0" yaku="25,1,52,1,54,1" doraHai="40" who="0" fromWho="1" sc="206,68,295,-58,341,0,148,0" /><INIT seed="4,1,0,0,4,125" ten="274,237,341,148" oya="0" hai0="83,79,98,7,64,2,110,85,35,29,31,1,109" hai1="41,108,120,61,72,118,119,129,69,81,88,115,68" hai2="42,48,103,135,45,107,75,95,22,6,3,26,15" hai3="54,134,130,47,32,24,4,65,87,104,40,57,33"/><T91/><D64/><U73/><E108/><N who="0" m="41577" /><D35/><U84/><E120/><V71/><F71/><W0/><G134/><T60/><D60/><U14/><E69/><V51/><F3/><N who="0" m="1034" /><D7/><U59/><E68/><V113/><F75/><N who="1" m="28745" /><E41/><V49/><F107/><W128/><G65/><T23/><D23/><U38/><E14/><V96/><F135/><W46/><G104/><T105/><D105/><U36/><E36/><V9/><REACH who="2" step="1"/><F113/><REACH who="2" ten="274,237,331,148" step="2"/><W11/><G87/><N who="0" m="48639" /><D98/><U127/><E84/><V117/><F117/><W30/><G33/><T76/><D76/><U58/><E119/><V44/><F44/><W28/><G28/><AGARI ba="1,1" hai="6,9,15,22,26,28,42,45,48,49,51,95,96,103" machi="28" ten="30,7700,0" yaku="1,1,7,1,8,1,53,1" doraHai="125" doraHaiUra="43" who="2" fromWho="3" sc="274,0,237,0,331,90,148,-80" /><INIT seed="5,0,0,0,4,104" ten="274,237,421,68" oya="1" hai0="84,55,47,80,39,121,87,131,126,69,120,15,94" hai1="89,77,51,71,91,58,20,61,103,112,73,85,97" hai2="23,33,56,100,11,99,78,13,95,9,28,2,0" hai3="129,76,98,27,117,29,128,81,111,108,106,90,116"/><U67/><E112/><V132/><F132/><W133/><G29/><T107/><D69/><U34/><E34/><V70/><F70/><W64/><G64/><T86/><D107/><U24/><E73/><V125/><F125/><W42/><G42/><T44/><D131/><N who="3" m="50249" /><G27/><T3/><D3/><U74/><E74/><V88/><F33/><W22/><G22/><T10/><D126/><U52/><E77/><V4/><F78/><W63/><G63/><T32/><D32/><U65/><E85/><V113/><F113/><W21/><G21/><T17/><D80/><U118/><E118/><N who="3" m="45674" /><G133/><T14/><D39/><U6/><E6/><V122/><F56/><W127/><G127/><T68/><D68/><U50/><E50/><V26/><F0/><W101/><G90/><T72/><D55/><U60/><E60/><V75/><F2/><W19/><G19/><T1/><D15/><U43/><E43/><V83/><F9/><W119/><N who="3" m="45682" /><W124/><DORA hai="62" /><G124/><T7/><D44/><U46/><E71/><V115/><F13/><W123/><G123/><T8/><D47/><U66/><E91/><V18/><F122/><W16/><G16/><T114/><D17/><N who="1" m="12303" /><E89/><V38/><F38/><W12/><G12/><T35/><D14/><U130/><E130/><V93/><F18/><W105/><G105/><T31/><D121/><U45/><E61/><V5/><F11/><W53/><G53/><T102/><D8/><U41/><E41/><V37/><F37/><W40/><G40/><T36/><D10/><U79/><E52/><V135/><F135/><W109/><G109/><RYUUKYOKU ba="0,0" sc="274,-10,237,-10,421,-10,68,30" hai3="76,81,98,101,106,108,111" /><INIT seed="6,1,0,0,2,3" ten="264,227,411,98" oya="2" hai0="22,88,38,29,16,124,111,44,54,92,135,25,100" hai1="37,72,18,5,94,118,59,17,86,87,39,69,81" hai2="77,126,60,7,128,133,121,113,134,13,119,15,32" hai3="131,19,65,30,80,52,24,11,62,110,106,33,93"/><V51/><F121/><W57/><G110/><T70/><D70/><U104/><E104/><V36/><F119/><W85/><G106/><T42/><D135/><U83/><E69/><V102/><F36/><W75/><G131/><T12/><D124/><U50/><E94/><V112/><F32/><W20/><G75/><T114/><D114/><N who="2" m="44138" /><F102/><W97/><G11/><T40/><D111/><U73/><E50/><V66/><F77/><W101/><G33/><T28/><D100/><U99/><E59/><V10/><F126/><W82/><G19/><T53/><D40/><U91/><E91/><V79/><F79/><W67/><REACH who="3" step="1"/><G82/><REACH who="3" ten="264,227,411,88" step="2"/><T26/><D29/><U68/><E18/><V84/><F128/><W56/><G56/><T63/><D28/><U107/><E81/><V55/><F10/><W117/><G117/><T34/><D34/><U35/><E17/><V9/><F9/><W58/><G58/><T21/><D22/><U96/><E35/><V64/><F134/><W1/><G1/><T103/><D25/><U122/><E83/><V8/><F8/><W71/><G71/><T61/><D26/><U116/><E107/><V43/><F133/><W41/><G41/><T125/><D42/><U4/><E68/><V27/><F43/><W6/><G6/><T46/><D21/><U14/><E14/><V115/><F13/><W76/><AGARI ba="1,1" hai="20,24,30,52,57,62,65,67,76,80,85,93,97,101" machi="76" ten="20,8000,1" yaku="1,1,0,1,7,1,8,1,54,1,53,0" doraHai="3" doraHaiUra="130" who="3" fromWho="3" sc="264,-21,227,-21,411,-41,88,93" /><INIT seed="7,0,0,2,0,124" ten="243,206,370,181" oya="3" hai0="82,121,6,132,105,52,61,7,93,89,96,68,55" hai1="126,78,114,88,104,77,41,42,74,14,48,51,44" hai2="57,43,134,5,129,29,37,10,66,63,108,34,47" hai3="35,92,86,69,99,79,64,122,106,2,40,28,117"/><W23/><G122/><T107/><D121/><U94/><E104/><V33/><F108/><W49/><G117/><T123/><D132/><U59/><E74/><V127/><F129/><W65/><G2/><T25/><D123/><U75/><E75/><V76/><F127/><W115/><G35/><T102/><D107/><U135/><E135/><V70/><F134/><W31/><G106/><T109/><D109/><U113/><E126/><V53/><F76/><W84/><G115/><N who="1" m="44042" /><E14/><V9/><F29/><N who="3" m="11339" /><G69/><T27/><D68/><U97/><E42/><V71/><F10/><W67/><G23/><T103/><D61/><U83/><E83/><V101/><F101/><N who="0" m="38410" /><D82/><U87/><E97/><V130/><F71/><W21/><G21/><T119/><D119/><U110/><E110/><V81/><F34/><W111/><G111/><T72/><D72/><U38/><E38/><V22/><F33/><W85/><G79/><T73/><D73/><U112/><E112/><V4/><F22/><W131/><G131/><T56/><D55/><AGARI ba="0,0" hai="41,44,48,51,55,59,77,78,87,88,94" m="44042" machi="55" ten="30,2000,0" yaku="15,1,54,1" doraHai="124" who="1" fromWho="0" sc="243,-20,206,20,370,0,181,0" owari="223,-18.0,226,3.0,370,47.0,181,-32.0" /></mjloggm>