<mjloggm ver="2.3"><GO type="97" lobby="0"/><UN n0="%E5%B0%B1%E6%B4%BB%E7%94%9F%40%E5%B7%9D%E6%9D%91%E8%BB%8D%E5%9B%A3" n1="%E9%9B%A8%E8%9B%99" n2="%E5%A4%A9%E6%88%91%E4%BC%AF%E5%B8%9D" n3="%E7%9C%9F%E9%8D%8B" dan="14,14,14,13" rate="1975.92,1944.41,1937.15,1895.77" sx="M,M,M,M"/><TAIKYOKU oya="0"/><INIT seed="0,0,0,1,2,75" ten="250,250,250,250" oya="0" hai0="60,45,70,30,41,39,4,15,103,67,53,79,62" hai1="34,108,0,50,107,61,113,134,17,27,125,8,90" hai2="129,49,118,7,52,89,48,3,18,86,115,105,43" hai3="54,57,83,47,135,56,51,65,9,26,124,32,73"/><T76/><D30/><U23/><E108/><V78/><F115/><W132/><G32/><T102/><D60/><U31/><E113/><V120/><F129/><W87/><G73/><T121/><D121/><U29/><E125/><V100/><F118/><W91/><G124/><T68/><D68/><U117/><E134/><N who="3" m="51242" /><G26/><T66/><D66/><U126/><E126/><V72/><F18/><W74/><G74/><T111/><D53/><U119/><E61/><V12/><F43/><W109/><G109/><T24/><D24/><U95/><E107/><V36/><F36/><W64/><G9/><T2/><D2/><U93/><E93/><V112/><F112/><W1/><G1/><T40/><D40/><U14/><E29/><V25/><F25/><W38/><G38/><T104/><D111/><U69/><E50/><V123/><F3/><W84/><G64/><T46/><D46/><U110/><E69/><V96/><F49/><W88/><G65/><T20/><D104/><U114/><E114/><V28/><F28/><W16/><G16/><N who="0" m="10271" /><D4/><N who="1" m="1031" /><E110/><V80/><F12/><W98/><G98/><AGARI ba="0,0" hai="14,17,23,27,31,34,90,95,98,117,119" m="1031" machi="98" ten="30,1000,0" yaku="24,1" doraHai="75" who="1" fromWho="3" sc="250,0,250,10,250,0,250,-10" /><INIT seed="1,0,0,0,2,15" ten="250,260,250,240" oya="1" hai0="112,30,87,4,16,120,134,70,47,75,95,118,8" hai1="14,24,37,66,9,80,94,78,17,25,98,93,26" hai2="115,105,103,39,117,40,73,77,22,81,29,13,82" hai3="7,113,109,11,43,131,84,55,126,74,0,135,2"/><U41/><E66/><V99/><F117/><W48/><G74/><T23/><D70/><U49/><E37/><V67/><F67/><W128/><G113/><T31/><D75/><U111/><E111/><V122/><F122/><W114/><G114/><T28/><D118/><U119/><E119/><V110/><F110/><W61/><G109/><T53/><D112/><U54/><E41/><V72/><F115/><W64/><G43/><T32/><D32/><U56/><REACH who="1" step="1"/><E98/><REACH who="1" ten="250,250,250,240" step="2"/><V34/><F40/><W116/><G116/><T3/><D120/><U19/><E19/><V65/><F39/><W12/><G135/><T21/><D134/><U44/><E44/><V107/><F65/><W124/><G84/><AGARI ba="0,1" hai="9,14,17,24,25,26,49,54,56,78,80,84,93,94" machi="84" ten="40,7700,0" yaku="1,1,8,1,52,1,53,0" doraHai="15" doraHaiUra="125" who="1" fromWho="3" sc="250,0,250,87,250,0,240,-77" /><INIT seed="1,1,0,0,3,9" ten="250,337,250,163" oya="1" hai0="92,70,44,100,61,2,6,15,47,134,11,94,127" hai1="96,10,24,83,50,133,25,43,37,48,110,113,86" hai2="5,71,12,40,42,19,91,58,38,3,52,85,20" hai3="64,31,4,114,128,131,49,28,60,73,130,87,120"/><U125/><E113/><V59/><F71/><W56/><G73/><T135/><D127/><U103/><E125/><V30/><F3/><W29/><G114/><T26/><D26/><U16/><E133/><N who="0" m="50697" /><D2/><U41/><E37/><V82/><F38/><W21/><G120/><T22/><D22/><U27/><E110/><V129/><F129/><W36/><G36/><T55/><D100/><U78/><E103/><V111/><F111/><W13/><G49/><N who="1" m="19050" /><E96/><V75/><F75/><W121/><G121/><T108/><D108/><U39/><E39/><V107/><F107/><W99/><G87/><T79/><D79/><U63/><E63/><N who="2" m="36295" /><F5/><W84/><G84/><T115/><D115/><U14/><AGARI ba="1,0" hai="10,14,16,24,25,27,41,43,78,83,86" m="19050" machi="14" ten="30,6000,0" yaku="8,1,52,1,54,1" doraHai="9" who="1" fromWho="1" sc="250,-21,337,63,250,-21,163,-21" /><INIT seed="1,2,0,1,4,109" ten="229,400,229,142" oya="1" hai0="41,88,5,51,3,108,72,39,100,40,82,95,101" hai1="107,19,36,80,77,131,46,42,134,70,129,49,8" hai2="102,75,12,16,113,61,118,29,116,11,59,67,68" hai3="58,117,94,111,6,130,132,123,115,64,114,50,60"/><U1/><E107/><V71/><F75/><W93/><G6/><T66/><D108/><U74/><E70/><V30/><F102/><W79/><G111/><T56/><D39/><U55/><E134/><V31/><REACH who="2" step="1"/><F113/><REACH who="2" ten="229,400,219,142" step="2"/><W112/><G132/><T85/><D72/><U98/><E74/><V2/><F2/><W21/><G123/><T20/><D100/><U53/><E1/><V33/><F33/><W120/><G120/><T104/><D104/><U48/><E131/><V26/><F26/><W125/><G117/><AGARI ba="2,1" hai="11,12,16,29,30,31,59,61,67,68,71,116,117,118" machi="117" ten="40,2600,0" yaku="1,1,54,1,53,0" doraHai="109" doraHaiUra="103" who="2" fromWho="3" sc="229,0,400,0,219,42,142,-32" /><INIT seed="2,0,0,1,0,65" ten="229,400,261,110" oya="2" hai0="130,12,47,75,17,82,41,6,36,34,92,135,74" hai1="63,123,58,30,109,67,134,100,54,27,124,98,112" hai2="23,89,115,13,16,28,108,15,113,14,31,51,121" hai3="21,37,0,86,129,26,44,73,80,38,61,2,78"/><V3/><F121/><W20/><G129/><T8/><D130/><U19/><E112/><V76/><F76/><W101/><G101/><T43/><D135/><U29/><E134/><V4/><F89/><W106/><G106/><T127/><D127/><U118/><E118/><V93/><F93/><W102/><G102/><T69/><D41/><U128/><E128/><V48/><F48/><W107/><G107/><T99/><D34/><U22/><E124/><V105/><F105/><W1/><G73/><T53/><D69/><U9/><E123/><V42/><F51/><W90/><G78/><T70/><D70/><U84/><E84/><V18/><F42/><W110/><G110/><T62/><D6/><U72/><E109/><V10/><F108/><W71/><G44/><T94/><D94/><U45/><E72/><V114/><F3/><W116/><G116/><T120/><D120/><U122/><E122/><V103/><REACH who="2" step="1"/><F103/><REACH who="2" ten="229,400,251,110" step="2"/><W79/><G79/><T95/><D92/><U52/><E100/><V64/><F64/><W7/><G61/><T111/><D111/><U66/><E66/><V91/><F91/><W133/><G133/><T33/><D95/><U59/><E67/><V25/><F25/><W50/><G50/><T125/><D43/><U60/><E60/><V55/><F55/><W85/><G38/><T68/><D53/><U96/><E63/><V119/><F119/><W87/><G37/><T131/><D36/><U46/><E27/><V104/><F104/><W77/><G26/><T39/><D39/><U49/><E49/><V5/><F5/><W88/><G7/><RYUUKYOKU ba="0,1" sc="229,-10,400,-10,251,30,110,-10" hai2="4,10,13,14,15,16,18,23,28,31,113,114,115" /><INIT seed="2,1,1,3,0,48" ten="219,390,281,100" oya="2" hai0="104,18,74,97,108,119,91,50,37,90,2,99,6" hai1="67,117,66,28,62,17,89,55,44,36,81,30,116" hai2="38,87,109,60,25,94,105,71,16,127,31,4,106" hai3="19,32,72,49,101,61,73,56,0,58,96,41,102"/><V85/><F38/><W112/><G0/><T52/><D37/><U88/><E36/><V7/><F127/><W24/><G32/><T130/><D74/><U70/><E17/><V110/><F31/><W107/><G112/><T5/><D119/><U57/><E67/><N who="2" m="41447" /><F94/><W80/><G102/><T77/><D130/><U39/><E39/><V33/><F87/><W68/><G68/><T21/><D108/><N who="2" m="41578" /><F85/><W27/><G80/><T113/><D77/><U120/><E28/><N who="2" m="19599" /><F16/><W34/><G34/><T54/><D104/><AGARI ba="1,1" hai="4,7,104,105,106" m="19599,41578,41447" machi="104" ten="30,2900,0" yaku="14,1,10,1" doraHai="48" who="2" fromWho="0" sc="219,-32,390,0,281,42,100,0" /><INIT seed="2,2,0,0,1,125" ten="187,390,323,100" oya="2" hai0="70,45,27,84,65,12,79,26,52,38,122,93,39" hai1="87,20,100,31,135,134,86,33,22,108,51,29,44" hai2="88,113,14,105,36,73,89,37,58,56,116,82,102" hai3="72,30,7,115,118,46,74,19,16,97,131,9,4"/><V66/><F116/><W101/><G118/><T114/><D122/><U128/><E108/><V132/><F113/><W107/><G115/><T57/><D114/><U119/><E119/><V104/><F132/><N who="1" m="50729" /><E100/><V76/><F14/><W109/><G109/><T124/><D70/><U17/><E128/><V53/><F66/><W18/><G131/><T69/><D69/><U95/><E33/><V92/><F89/><W40/><G30/><N who="1" m="11274" /><E95/><V98/><F105/><W50/><REACH who="3" step="1"/><G7/><REACH who="3" ten="187,390,323,90" step="2"/><T59/><D124/><U91/><E17/><V83/><F83/><W81/><G81/><N who="0" m="47167" /><D38/><U133/><E133/><V8/><F8/><W1/><AGARI ba="2,1" hai="1,4,9,16,18,19,40,46,50,72,74,97,101,107" machi="1" ten="30,4000,0" yaku="1,1,0,1,54,1,53,0" doraHai="125" doraHaiUra="129" who="3" fromWho="3" sc="187,-12,390,-12,323,-22,90,56" /><INIT seed="3,0,0,5,2,4" ten="175,378,301,146" oya="3" hai0="27,133,80,10,7,98,99,107,125,106,39,120,111" hai1="32,53,43,46,38,124,95,72,22,62,109,35,5" hai2="47,94,58,131,104,11,68,132,2,97,108,88,25" hai3="16,101,69,112,28,78,77,18,12,123,103,81,73"/><W23/><G69/><T0/><D120/><U83/><E109/><V34/><F108/><W82/><G123/><T66/><D111/><U79/><E124/><V3/><F68/><W102/><G112/><T29/><D125/><U87/><E22/><V76/><F104/><W57/><G57/><T96/><D133/><U63/><E63/><V121/><F121/><W54/><G54/><T116/><D116/><U61/><E61/><V44/><F132/><W100/><N who="3" m="26112" /><DORA hai="122" /><W51/><G51/><T128/><D128/><U119/><E119/><V19/><F76/><W15/><G28/><T26/><D39/><U41/><E41/><V127/><F131/><W129/><G129/><T45/><D45/><U110/><E110/><V114/><F58/><W37/><G37/><T60/><D80/><U67/><E53/><V52/><F47/><W85/><REACH who="3" step="1"/><G18/><REACH who="3" ten="175,378,301,136" step="2"/><T14/><D29/><U115/><E115/><V64/><F114/><W117/><G117/><T55/><D55/><U65/><E38/><V91/><F127/><W9/><G9/><N who="0" m="2279" /><D60/><U84/><E43/><V48/><F64/><W1/><G1/><T93/><D66/><U31/><E65/><V71/><F3/><W75/><G75/><T50/><D50/><U40/><E67/><V130/><F130/><W74/><G74/><T126/><D126/><U36/><E72/><V134/><F71/><W113/><G113/><T70/><D70/><U105/><E36/><V86/><F134/><W135/><G135/><T49/><D49/><U13/><E40/><V59/><F2/><W6/><G6/><T118/><D118/><RYUUKYOKU ba="0,1" sc="175,-10,378,-10,301,-10,136,30" hai3="12,15,16,23,73,77,78,81,82,85" /><INIT seed="3,1,1,5,2,43" ten="165,368,291,166" oya="3" hai0="79,88,85,135,128,6,95,101,31,20,4,48,93" hai1="84,115,59,82,133,130,108,131,9,105,110,24,94" hai2="5,92,71,44,16,14,87,118,127,34,62,81,13" hai3="106,37,96,36,68,72,49,67,112,134,46,52,121"/><W45/><G72/><T107/><D107/><U104/><E115/><V35/><F127/><W61/><G112/><T32/><D32/><U3/><E133/><V91/><F5/><N who="0" m="2154" /><D135/><U56/><E3/><V27/><F118/><W113/><G134/><T41/><D128/><N who="1" m="49195" /><E9/><V76/><F71/><W0/><G0/><T1/><D1/><U23/><E94/><V132/><F62/><N who="3" m="40055" /><G96/><N who="0" m="59535" /><D79/><N who="1" m="46175" /><E105/><V97/><F132/><W11/><G11/><T83/><D83/><U129/><E104/><V2/><F2/><W64/><G106/><T10/><D10/><U42/><E42/><V53/><F35/><W25/><G25/><N who="0" m="16807" /><D41/><U51/><E129/><V38/><F38/><N who="3" m="14955" /><G121/><T109/><D109/><N who="1" m="42091" /><E51/><AGARI ba="1,1" hai="48,51,85,88,95" m="16807,59535,2154" machi="51" ten="30,2000,0" yaku="8,1,54,1" doraHai="43" who="0" fromWho="1" sc="165,33,368,-23,291,0,166,0" owari="198,-20.0,345,44.0,291,9.0,166,-33.0" /></mjloggm>