<mjloggm ver="2.3"><GO type="169" lobby="0"/><UN n0="%E3%82%A6%E3%83%AB%E3%83%88%E3%83%A9%E7%AB%8B%E7%9B%B4" n1="%55%4E%4B%4F%63%68%61%6E" n2="%E7%B4%85%E3%81%84%E7%9E%B3%E3%81%AE%E6%AD%A6%E4%B8%B8" n3="%E7%AB%8B%E8%8F%AF%E5%A5%8F" dan="17,17,16,16" rate="2137.74,2170.86,2168.71,2167.33" sx="M,M,M,F"/><TAIKYOKU oya="0"/><INIT seed="0,0,0,3,3,73" ten="250,250,250,250" oya="0" hai0="54,47,48,127,69,49,115,85,125,98,83,58,128" hai1="51,116,70,90,68,131,133,18,43,41,66,15,26" hai2="17,46,40,82,121,122,0,25,74,8,19,108,63" hai3="9,75,61,80,97,101,118,14,27,87,107,1,89"/><T36/><D115/><U96/><E116/><V123/><F108/><W117/><G1/><T21/><D69/><U129/><E133/><V111/><F111/><W57/><G27/><T105/><D128/><N who="1" m="49227" /><E26/><V124/><F124/><N who="0" m="47690" /><D21/><U135/><E135/><V102/><F102/><W79/><G14/><T45/><D36/><U32/><E32/><V86/><F63/><W60/><G9/><T110/><D110/><U134/><E134/><V33/><F74/><W132/><G132/><T52/><D98/><U120/><E66/><V91/><F0/><W99/><G99/><T42/><D105/><U119/><E120/><V64/><F64/><W16/><G16/><T130/><D130/><U81/><E96/><V114/><F114/><W38/><G38/><N who="0" m="21719" /><D83/><U62/><E119/><V65/><F8/><W55/><REACH who="3" step="1"/><G61/><REACH who="3" ten="250,250,250,240" step="2"/><N who="0" m="36039" /><D85/><N who="1" m="50479" /><E62/><V104/><F122/><W53/><G53/><T39/><D39/><U109/><E109/><V28/><F121/><W71/><G71/><T2/><D2/><U3/><E3/><V106/><F123/><W67/><G67/><T126/><D126/><U5/><E68/><V77/><F65/><W37/><G37/><T50/><AGARI ba="0,1" hai="47,48,49,50,54" m="36039,21719,47690" machi="50" ten="30,11700,0" yaku="18,1,34,2,54,1" doraHai="73" who="0" fromWho="0" sc="250,127,250,-39,250,-39,240,-39" /><INIT seed="0,1,0,0,0,57" ten="377,211,211,201" oya="0" hai0="30,85,93,98,96,29,22,42,70,2,63,47,25" hai1="33,116,1,88,50,95,36,73,32,132,39,101,86" hai2="10,41,74,83,110,79,72,129,75,123,78,127,81" hai3="27,65,11,135,7,103,113,71,23,4,117,40,28"/><T51/><D2/><U76/><E116/><V55/><F41/><W56/><G117/><T0/><D0/><U114/><E1/><V53/><F123/><W84/><G113/><T119/><D119/><U99/><E132/><V108/><F10/><W131/><G135/><T19/><D85/><U35/><E114/><V89/><F127/><W45/><G131/><T133/><D133/><U16/><E50/><V80/><F89/><W102/><G71/><T38/><D38/><U15/><E76/><V14/><F14/><W77/><G4/><T8/><D8/><U60/><E60/><V3/><F3/><W115/><G115/><T100/><REACH who="0" step="1"/><D96/><REACH who="0" ten="367,211,211,201" step="2"/><U130/><E73/><V17/><F75/><W43/><G11/><T90/><D90/><U62/><E130/><V26/><F129/><W120/><G84/><T31/><D31/><U91/><E91/><V37/><F37/><W125/><G28/><T58/><D58/><U69/><E69/><V20/><F81/><W46/><G56/><T18/><D18/><U21/><REACH who="1" step="1"/><E62/><REACH who="1" ten="367,201,211,201" step="2"/><V68/><F68/><W122/><G77/><T44/><D44/><U109/><E109/><AGARI ba="1,2" hai="17,20,26,53,55,72,74,78,79,80,83,108,109,110" machi="109" ten="40,2600,0" yaku="9,1,14,1" doraHai="57" who="2" fromWho="1" sc="367,0,201,-29,211,49,201,0" /><INIT seed="1,0,0,3,0,119" ten="367,172,260,201" oya="1" hai0="93,43,69,113,100,123,96,102,67,78,79,106,61" hai1="121,82,31,11,1,57,134,19,46,98,10,65,72" hai2="128,107,73,28,55,89,8,50,133,122,85,125,25" hai3="29,126,20,54,44,94,70,76,33,124,120,60,24"/><U75/><E134/><V115/><F133/><W3/><G3/><T97/><D113/><U59/><E31/><V92/><F107/><W53/><G76/><T105/><D93/><U111/><E46/><V17/><F115/><W48/><G33/><T5/><D123/><U116/><E116/><V38/><F38/><W27/><G27/><T77/><D5/><U81/><E65/><V0/><F73/><W64/><G120/><T14/><D14/><U45/><E45/><V110/><F110/><W127/><REACH who="3" step="1"/><G94/><REACH who="3" ten="367,172,260,191" step="2"/><T66/><D79/><U35/><E121/><V9/><F122/><W21/><G21/><T101/><D78/><U18/><E35/><V129/><F25/><W131/><G131/><T23/><D77/><U39/><E1/><V87/><F0/><W109/><G109/><T47/><D23/><U56/><E111/><V15/><F128/><W86/><G86/><T26/><D26/><U135/><E135/><V32/><F87/><W62/><G62/><T68/><D106/><U7/><E75/><V49/><F129/><W40/><AGARI ba="0,1" hai="20,24,29,40,44,48,53,54,60,64,70,124,126,127" machi="40" ten="30,7900,0" yaku="1,1,0,1,18,1,53,1" doraHai="119" doraHaiUra="36" who="3" fromWho="3" sc="367,-20,172,-39,260,-20,191,89" /><INIT seed="2,0,0,2,0,100" ten="347,133,240,280" oya="2" hai0="48,111,25,29,47,14,87,16,101,81,130,41,46" hai1="52,69,38,65,95,99,113,124,117,11,92,102,7" hai2="131,15,9,30,121,2,54,5,28,67,109,116,134" hai3="70,77,133,34,26,76,21,72,31,112,66,90,86"/><V35/><F116/><W120/><G120/><T1/><D1/><U40/><E117/><V12/><F121/><W105/><G133/><T63/><D111/><U18/><E113/><V4/><F67/><W107/><G112/><T6/><D130/><U118/><E118/><V135/><F54/><W24/><G72/><T125/><D125/><U55/><E124/><V36/><F36/><W89/><G66/><T22/><D101/><U42/><E18/><V74/><F74/><W108/><G108/><T20/><D63/><U97/><E65/><V13/><F109/><W122/><G122/><T3/><D3/><U123/><E69/><V0/><F131/><W17/><G70/><T104/><D104/><U33/><E33/><V103/><F103/><W59/><G59/><T129/><D129/><U57/><E123/><V27/><F30/><W8/><G8/><AGARI ba="0,0" hai="0,2,4,5,8,9,12,13,15,27,28,35,134,135" machi="8" ten="40,12000,1" yaku="9,1,34,3" doraHai="100" who="2" fromWho="3" sc="347,0,133,0,240,120,280,-120" /><INIT seed="2,1,0,3,0,1" ten="347,133,360,160" oya="2" hai0="115,101,130,2,42,58,40,17,61,127,3,59,11" hai1="105,100,15,53,97,114,112,68,37,119,14,103,38" hai2="19,135,41,133,110,122,8,85,74,95,48,18,24" hai3="120,87,75,72,7,27,71,12,49,90,132,99,67"/><V13/><F122/><W44/><G120/><T33/><D115/><U9/><E119/><V6/><F74/><W80/><G132/><N who="2" m="50761" /><F110/><W34/><G99/><T98/><D33/><U64/><E100/><V81/><F95/><W121/><G121/><T65/><D127/><U29/><E29/><V125/><F125/><W108/><G108/><T102/><D130/><U118/><E118/><V30/><F41/><W39/><G39/><T22/><D42/><U117/><E117/><V28/><F48/><W107/><G107/><T45/><D40/><U96/><E96/><V109/><F109/><W66/><G75/><T86/><D86/><U116/><E116/><V131/><F131/><W46/><G72/><T70/><D102/><U128/><E128/><V124/><F124/><W63/><G66/><T93/><D93/><U0/><E38/><V123/><F123/><W54/><G34/><T51/><D98/><U35/><E37/><V126/><F126/><W113/><G113/><T104/><D101/><U36/><E36/><V4/><F19/><W10/><REACH who="3" step="1"/><G27/><REACH who="3" ten="347,133,360,150" step="2"/><T60/><D104/><U57/><E105/><V21/><F28/><W50/><G50/><T84/><D51/><U62/><E97/><V83/><F85/><W134/><G134/><T55/><D84/><U89/><E103/><V77/><F77/><W111/><G111/><T52/><D60/><U88/><E62/><V73/><F73/><W106/><G106/><T94/><D61/><U129/><E112/><V43/><F30/><W20/><G20/><T31/><D22/><U26/><E114/><V16/><F21/><RYUUKYOKU ba="1,1" sc="347,-10,133,-10,360,-10,150,30" hai3="7,10,12,44,46,49,54,63,67,71,80,87,90" /><INIT seed="3,2,1,0,4,14" ten="337,123,350,180" oya="3" hai0="107,46,103,67,2,31,97,79,108,18,119,45,9" hai1="36,48,30,58,86,43,66,47,118,50,87,26,63" hai2="6,4,22,98,115,92,71,114,121,99,111,0,23" hai3="80,28,15,106,57,42,41,56,104,8,89,112,20"/><W11/><G112/><T60/><D119/><U72/><E72/><V128/><F71/><W102/><G102/><T19/><D108/><U29/><E118/><V126/><F111/><W59/><G104/><T32/><D79/><U27/><E36/><V125/><F128/><W12/><G106/><T96/><D96/><N who="2" m="36906" /><F92/><W53/><G53/><T1/><D46/><U130/><E130/><V127/><F121/><W77/><G89/><T93/><D45/><U55/><E30/><V88/><F88/><W109/><G109/><T122/><D93/><U123/><E123/><V34/><F34/><W16/><G28/><T105/><D105/><U68/><REACH who="1" step="1"/><E26/><REACH who="1" ten="337,113,350,180" step="2"/><V133/><F115/><W61/><G61/><T51/><D60/><U113/><E113/><V39/><F39/><W74/><REACH who="3" step="1"/><G8/><REACH who="3" ten="337,113,350,170" step="2"/><T54/><D9/><U100/><E100/><V75/><F114/><W101/><G101/><T49/><D103/><U135/><E135/><V91/><F133/><W24/><G24/><T132/><D132/><U110/><E110/><V3/><F126/><W73/><G73/><T76/><D107/><U35/><AGARI ba="2,3" hai="27,29,35,43,47,48,50,55,58,63,66,68,86,87" machi="35" ten="20,5200,0" yaku="1,1,0,1,7,1,53,1" doraHai="14" doraHaiUra="37" who="1" fromWho="1" sc="337,-15,113,88,350,-15,170,-28" /><INIT seed="4,0,0,1,1,125" ten="322,201,335,142" oya="0" hai0="46,37,43,66,40,134,1,104,62,57,74,29,69" hai1="115,12,39,80,73,120,130,35,108,19,114,123,131" hai2="109,61,89,28,112,23,96,36,17,11,63,93,27" hai3="6,101,58,79,65,88,98,16,102,75,22,7,32"/><T18/><D74/><U24/><E39/><V87/><F109/><W15/><G32/><T128/><D104/><U55/><E73/><V83/><F36/><W97/><G75/><T10/><D29/><N who="1" m="19879" /><E55/><V76/><F112/><N who="1" m="43049" /><E80/><V4/><F28/><W118/><G79/><T50/><D134/><U41/><E41/><V59/><F59/><W107/><G118/><T72/><D72/><U122/><E108/><V82/><F83/><W106/><REACH who="3" step="1"/><G88/><REACH who="3" ten="322,201,335,132" step="2"/><T111/><D111/><U14/><E14/><AGARI ba="0,1" hai="4,11,14,17,23,27,61,63,76,82,87,89,93,96" machi="14" ten="30,2000,0" yaku="7,1,8,1" doraHai="125" who="2" fromWho="1" sc="322,0,201,-20,335,30,132,0" /><INIT seed="5,0,0,5,2,50" ten="322,181,365,132" oya="1" hai0="108,34,99,35,56,62,125,5,47,40,109,100,46" hai1="63,1,37,107,117,53,86,17,20,95,79,14,124" hai2="74,58,0,129,30,23,135,96,87,42,118,38,128" hai3="13,25,3,10,69,105,103,76,32,91,9,112,132"/><U121/><E121/><V54/><F0/><W11/><G112/><T120/><D120/><U51/><E117/><V127/><F74/><W60/><G132/><T72/><D72/><U97/><E37/><V12/><F118/><W2/><G76/><T111/><D125/><U114/><E1/><V75/><F75/><W57/><G91/><T59/><D5/><U70/><E114/><V134/><F87/><W4/><G2/><T77/><D77/><U21/><E107/><V116/><F116/><W18/><G69/><T7/><D7/><U36/><E36/><V126/><F96/><W55/><G103/><T39/><D47/><U106/><E106/><V45/><F12/><W115/><G115/><T33/><REACH who="0" step="1"/><D62/><REACH who="0" ten="312,181,365,132" step="2"/><U81/><E124/><N who="2" m="47659" /><F135/><W41/><G105/><AGARI ba="0,1" hai="33,34,35,39,40,46,56,59,99,100,105,108,109,111" machi="105" ten="50,1600,0" yaku="1,1,53,0" doraHai="50" doraHaiUra="104" who="0" fromWho="3" sc="312,26,181,0,365,0,132,-16" /><INIT seed="6,0,0,3,0,2" ten="338,181,365,116" oya="2" hai0="68,61,63,97,71,19,90,51,83,113,105,46,31" hai1="81,64,52,6,107,82,32,48,13,119,69,23,11" hai2="74,114,130,56,36,7,84,0,85,55,75,8,40" hai3="101,59,109,58,129,134,121,53,116,131,30,28,49"/><V78/><F114/><W132/><G101/><T50/><D113/><U124/><E119/><V18/><F130/><N who="3" m="49675" /><G28/><T67/><D31/><U106/><E32/><V120/><F120/><W91/><G30/><T104/><D19/><U5/><E124/><V94/><F18/><W60/><G91/><T62/><D62/><U9/><E64/><V92/><F92/><W110/><G116/><T37/><D37/><U133/><E69/><V70/><F70/><W12/><G12/><T98/><D67/><U54/><E133/><N who="3" m="51306" /><G121/><T80/><D90/><U66/><E66/><AGARI ba="0,0" hai="49,53,58,59,60,66,109,110" m="51306,49675" machi="66" ten="30,7700,0" yaku="19,1,20,1,34,2" doraHai="2" who="3" fromWho="1" sc="338,0,181,-77,365,0,116,77" /><INIT seed="7,0,0,1,0,64" ten="338,104,365,193" oya="3" hai0="52,50,135,86,22,79,129,67,46,62,17,2,30" hai1="38,16,101,116,98,82,99,60,23,81,75,61,10" hai2="87,15,42,26,128,7,90,71,115,1,100,83,105" hai3="66,70,114,56,40,59,65,69,77,132,0,27,122"/><W123/><G0/><T68/><D129/><U47/><E116/><V58/><F115/><W43/><G27/><T108/><D135/><U111/><E111/><V12/><F71/><W112/><REACH who="3" step="1"/><G77/><REACH who="3" ten="338,104,365,183" step="2"/><T78/><D2/><U119/><E119/><V33/><F26/><W84/><G84/><T3/><D3/><U97/><E101/><V31/><F87/><W5/><G5/><T104/><D108/><U28/><E28/><V13/><F7/><W109/><G109/><T48/><D30/><U92/><E92/><V74/><F1/><W54/><G54/><T124/><D86/><U18/><E75/><V120/><F100/><W14/><G14/><T102/><D79/><U125/><E125/><V85/><F13/><W121/><G121/><T96/><D78/><U103/><E103/><V9/><F15/><W36/><G36/><T106/><D124/><U72/><E72/><V131/><F12/><W107/><G107/><T29/><D29/><U95/><E95/><V11/><F85/><W134/><AGARI ba="0,1" hai="40,43,56,59,65,66,69,70,112,114,122,123,132,134" machi="134" ten="25,36000,4" yaku="1,1,0,1,22,2,34,3,52,2,53,2" doraHai="64" doraHaiUra="110" who="3" fromWho="3" sc="338,-120,104,-120,365,-120,183,370" owari="218,-18.0,-16,-52.0,245,5.0,553,65.0" /></mjloggm>