<mjloggm ver="2.3"><GO type="225" lobby="0"/><UN n0="%E3%82%AC%E3%83%9F%E3%82%B4%E3%83%B3" n1="%E3%83%88%E3%83%88%E3%83%AA%E5%85%88%E7%94%9F%31%39%E6%AD%B3" n2="%E9%88%B4%E4%BE%8D" n3="%63%6F%61" dan="16,16,17,16" rate="2197.63,2171.40,2172.66,2153.22" sx="M,F,M,M"/><TAIKYOKU oya="0"/><INIT seed="0,0,0,2,2,114" ten="250,250,250,250" oya="0" hai0="113,63,48,64,32,43,81,47,108,67,60,126,103" hai1="7,111,51,76,27,3,97,41,101,109,35,68,92" hai2="42,40,102,10,77,112,28,87,9,20,1,104,98" hai3="23,110,39,129,17,127,62,117,130,18,61,80,100"/><T133/><D113/><U73/><E68/><V6/><F112/><W16/><G39/><T57/><D32/><U124/><E124/><V122/><F122/><W134/><G127/><T84/><D126/><U13/><E3/><V70/><F70/><W14/><G110/><N who="1" m="41994" /><E76/><V31/><F31/><W66/><G134/><T26/><D133/><U56/><E73/><V116/><F116/><W105/><G80/><T38/><D103/><U91/><E35/><V85/><F85/><W33/><G33/><T135/><D135/><U55/><E27/><V71/><F71/><W4/><G117/><T86/><D108/><U29/><E29/><V75/><F10/><N who="3" m="4423" /><G66/><T115/><D115/><U30/><E30/><V44/><F75/><W8/><G8/><T89/><D26/><U21/><E41/><V50/><F20/><W79/><G79/><T45/><D86/><U54/><E54/><V22/><F22/><W53/><G53/><T132/><D132/><U88/><E7/><V128/><F28/><W52/><G52/><T121/><D121/><U2/><E2/><V24/><F24/><W37/><G37/><T106/><D106/><U19/><AGARI ba="0,0" hai="13,19,21,51,55,56,88,91,92,97,101" m="41994" machi="19" ten="30,2000,0" yaku="14,1,54,1" doraHai="114" who="1" fromWho="1" sc="250,-10,250,20,250,-5,250,-5" /><INIT seed="1,0,0,4,5,121" ten="240,270,245,245" oya="1" hai0="103,19,37,75,74,1,87,30,38,41,66,63,56" hai1="112,42,26,24,89,50,95,125,47,35,90,69,21" hai2="29,82,52,115,133,49,59,54,91,100,28,108,72" hai3="124,12,106,88,45,3,119,22,31,126,62,131,61"/><U10/><E112/><V135/><F115/><W11/><G106/><T110/><D1/><U105/><E105/><V116/><F116/><W94/><G119/><T34/><D103/><U67/><E125/><N who="3" m="48234" /><G131/><T53/><D41/><U17/><E69/><V122/><F122/><W99/><G45/><T8/><D75/><U60/><E35/><V58/><F100/><W83/><G83/><T107/><D74/><U68/><E95/><V77/><F91/><W81/><G81/><T98/><D98/><U84/><E84/><V120/><F120/><W129/><G129/><T32/><D32/><U104/><E104/><V127/><F127/><W111/><G111/><T36/><D107/><U6/><REACH who="1" step="1"/><E26/><REACH who="1" ten="240,260,245,245" step="2"/><V114/><F114/><W51/><G94/><T65/><D34/><U9/><E9/><V23/><F108/><W4/><G11/><T132/><D8/><U20/><E20/><V92/><F92/><W2/><G22/><T134/><D87/><U39/><E39/><V33/><F33/><W5/><G99/><T128/><D110/><U97/><E97/><V40/><F23/><W15/><G88/><T118/><D128/><U93/><E93/><V80/><F80/><W70/><G70/><T25/><D118/><U14/><AGARI ba="0,1" hai="6,10,14,17,21,24,42,47,50,60,67,68,89,90" machi="14" ten="20,12000,1" yaku="1,1,0,1,7,1,53,2" doraHai="121" doraHaiUra="86" who="1" fromWho="1" sc="240,-40,260,130,245,-40,245,-40" /><INIT seed="1,1,0,4,1,78" ten="200,390,205,205" oya="1" hai0="18,2,8,123,34,125,89,22,75,47,52,122,130" hai1="28,15,65,93,95,31,113,37,17,90,4,30,55" hai2="69,41,63,129,60,126,100,24,49,62,43,124,120" hai3="35,102,81,112,128,86,132,133,12,46,115,131,96"/><U106/><E113/><N who="3" m="43594" /><G35/><T117/><D117/><U87/><E106/><V16/><F100/><W135/><G12/><T98/><D34/><U76/><E37/><V127/><F120/><N who="0" m="46122" /><D130/><U88/><E76/><V0/><F0/><W74/><G74/><T80/><D125/><U29/><E65/><V77/><F129/><W109/><G46/><T72/><D98/><U33/><E4/><V59/><F77/><N who="3" m="46383" /><G109/><T73/><D8/><U3/><E3/><V104/><F104/><AGARI ba="1,0" hai="96,102,104,128,131,132,133,135" m="46383,43594" machi="104" ten="40,8000,1" yaku="20,1,34,2,52,1" doraHai="78" who="3" fromWho="2" sc="200,0,390,0,205,-83,205,83" /><INIT seed="2,0,0,4,1,88" ten="200,390,122,288" oya="2" hai0="58,20,115,71,65,125,76,10,67,24,1,23,129" hai1="61,101,34,3,0,110,106,85,12,32,132,35,99" hai2="38,90,18,83,95,134,69,97,50,80,68,55,36" hai3="16,2,30,82,77,131,111,123,84,91,8,104,28"/><V27/><F134/><W56/><G123/><T102/><D115/><U78/><E132/><V119/><F119/><W128/><G104/><T66/><D71/><U108/><E78/><V52/><F69/><W9/><G111/><N who="1" m="42538" /><E85/><V5/><F68/><W86/><G56/><T127/><D129/><N who="3" m="49737" /><G2/><N who="1" m="554" /><E12/><V44/><F5/><W81/><G16/><T133/><D133/><U25/><E61/><V135/><F135/><W79/><G79/><T51/><D76/><U29/><AGARI ba="0,0" hai="25,29,32,34,35,99,101,106" m="554,42538" machi="29" ten="40,2700,0" yaku="14,1,23,1" doraHai="88" who="1" fromWho="1" sc="200,-7,390,27,122,-13,288,-7" /><INIT seed="3,0,0,4,4,132" ten="193,417,109,281" oya="3" hai0="108,130,81,19,40,34,26,114,57,82,16,135,69" hai1="107,42,14,31,94,54,33,18,73,45,36,53,62" hai2="30,58,117,41,68,89,3,99,116,61,59,134,51" hai3="122,38,1,92,120,133,125,52,88,91,93,79,84"/><W65/><G1/><T0/><D69/><U49/><E107/><V131/><F3/><W56/><G38/><T9/><D40/><U11/><E73/><V121/><F30/><W21/><G133/><T10/><D135/><U85/><E33/><V27/><F134/><W22/><G65/><T70/><D70/><U23/><E36/><V77/><F77/><W112/><G112/><T35/><D57/><N who="1" m="35127" /><E31/><V7/><F7/><W71/><G71/><T101/><D101/><U127/><E127/><V78/><F78/><W110/><G110/><T103/><D103/><U50/><E85/><V126/><F27/><W15/><G79/><T113/><D0/><U95/><E11/><V74/><F74/><W48/><G125/><T90/><D90/><U106/><E106/><V75/><F75/><W100/><G100/><T17/><D26/><U12/><E12/><V43/><F89/><W111/><G111/><T72/><D72/><U39/><E39/><V37/><F99/><W128/><G128/><T25/><D25/><U6/><E6/><V104/><F104/><W105/><G105/><T32/><D130/><U60/><E60/><V119/><F119/><W124/><G124/><T109/><D81/><U123/><E123/><V102/><F126/><W28/><G28/><T24/><D82/><U2/><E2/><V118/><F131/><W83/><G83/><T87/><D24/><U86/><E86/><V44/><F121/><W8/><G122/><T66/><D87/><U76/><E76/><V129/><F129/><W80/><G120/><T115/><D66/><U29/><E29/><RYUUKYOKU ba="0,0" sc="193,15,417,15,109,-15,281,-15" hai0="9,10,16,17,19,32,34,35,108,109,113,114,115" hai1="14,18,23,42,45,49,50,53,94,95" owari="208,-19.0,432,53.0,94,-41.0,266,7.0" /></mjloggm>