<mjloggm ver="2.3"><GO type="97" lobby="0"/><UN n0="%54%61%6E%79" n1="%E3%83%8B%E3%83%A3%E3%83%BC%E5%8A%A9" n2="%E6%A8%99%E6%BA%96%E9%9B%80%E5%A3%AB" n3="%E5%B0%B1%E6%B4%BB%E7%94%9F%40%E5%B7%9D%E6%9D%91%E8%BB%8D%E5%9B%A3" dan="13,14,14,15" rate="1844.76,1924.91,1953.61,2002.71" sx="M,M,M,M"/><TAIKYOKU oya="0"/><INIT seed="0,0,0,4,2,26" ten="250,250,250,250" oya="0" hai0="119,65,88,51,2,42,96,108,12,93,112,120,115" hai1="124,19,107,0,63,95,22,34,25,116,110,122,40" hai2="17,117,134,66,37,89,21,27,133,14,102,23,125" hai3="30,38,127,80,16,31,128,39,131,109,81,32,8"/><T104/><D120/><U44/><E116/><V111/><F37/><N who="3" m="13835" /><G32/><T64/><D119/><U129/><E122/><V79/><F102/><W46/><G46/><T62/><D2/><U57/><E107/><V103/><F103/><W7/><G127/><T43/><D108/><U13/><E124/><V41/><F117/><W99/><G99/><T29/><D29/><N who="3" m="10761" /><G16/><T92/><D104/><U11/><E110/><V105/><F111/><W56/><G56/><T58/><D64/><U47/><E95/><V10/><F105/><W84/><G84/><T5/><D115/><U1/><E47/><V52/><F125/><W36/><G36/><T82/><D112/><U54/><E34/><V45/><F45/><W33/><G33/><T60/><D60/><U78/><E78/><V86/><F79/><W6/><G109/><T73/><D73/><U69/><E69/><V77/><F77/><W132/><G132/><T76/><D96/><U4/><REACH who="1" step="1"/><E129/><REACH who="1" ten="250,240,250,250" step="2"/><N who="3" m="49738" /><G7/><T130/><D5/><U70/><E70/><V9/><F133/><W68/><G68/><T35/><D130/><U98/><E98/><V100/><F134/><W53/><G53/><T15/><D65/><U72/><E72/><V20/><F52/><W75/><G75/><T123/><D123/><U91/><E91/><V49/><F89/><W67/><G67/><T50/><D88/><U126/><E126/><V24/><F66/><W94/><G94/><T87/><D93/><U113/><E113/><V118/><F118/><W71/><G71/><T3/><D92/><U97/><E97/><V114/><F114/><W28/><G6/><RYUUKYOKU ba="0,1" sc="250,-10,240,30,250,-10,250,-10" hai1="0,1,4,11,13,19,22,25,40,44,54,57,63" /><INIT seed="1,1,1,1,1,132" ten="240,270,240,240" oya="1" hai0="22,5,133,74,102,71,81,119,111,130,19,2,80" hai1="49,106,69,18,37,10,40,32,23,15,35,0,104" hai2="91,11,88,82,75,77,21,59,103,90,129,6,65" hai3="54,89,76,123,114,85,36,110,33,116,107,98,122"/><U12/><E69/><V7/><F129/><W56/><G36/><T126/><D119/><U45/><E0/><V38/><F38/><W8/><G33/><T44/><D133/><U13/><E37/><V109/><F109/><W99/><G114/><T64/><D111/><U96/><E104/><V67/><F103/><W27/><G116/><T87/><D130/><U30/><E30/><V34/><F34/><W100/><G110/><T84/><D74/><U25/><REACH who="1" step="1"/><E10/><REACH who="1" ten="240,260,240,240" step="2"/><V62/><F67/><W3/><G8/><T124/><D2/><U42/><E42/><V68/><F68/><W131/><G3/><T70/><D64/><U101/><AGARI ba="1,2" hai="12,13,15,18,23,25,32,35,40,45,49,96,101,106" machi="101" ten="30,3000,0" yaku="1,1,0,1,53,0" doraHai="132" doraHaiUra="48" who="1" fromWho="1" sc="240,-11,260,53,240,-11,240,-11" /><INIT seed="1,2,0,3,2,29" ten="229,313,229,229" oya="1" hai0="3,64,100,36,49,90,43,47,33,132,109,27,9" hai1="103,85,108,114,15,19,78,11,73,101,71,34,38" hai2="23,75,68,40,51,26,120,97,129,106,8,6,79" hai3="105,122,134,16,131,59,21,98,54,111,48,119,84"/><U37/><E114/><V55/><F68/><W76/><G122/><T123/><D123/><U52/><E71/><V115/><F129/><W116/><G111/><T133/><D109/><U135/><E108/><V13/><F120/><W58/><G131/><T53/><D64/><U28/><E73/><V83/><F115/><W62/><G134/><N who="0" m="51819" /><D100/><U5/><E135/><V65/><F65/><W57/><G105/><T86/><D3/><U31/><E28/><V18/><F40/><W41/><G98/><T22/><D9/><U50/><E50/><V94/><BYE who="1" /><F106/><W20/><G20/><T95/><D22/><U69/><E69/><V4/><F94/><W77/><G41/><T24/><D33/><U92/><E92/><V128/><F97/><W32/><G32/><T125/><D125/><U10/><E10/><V60/><F60/><W25/><G84/><T121/><D121/><U93/><E93/><V104/><F104/><W0/><G0/><T70/><D70/><U30/><E30/><V112/><F128/><W44/><REACH who="3" step="1"/><G62/><REACH who="3" ten="229,313,229,219" step="2"/><T113/><D113/><U117/><E117/><AGARI ba="2,1" hai="16,21,25,44,48,54,57,58,59,76,77,116,117,119" machi="117" ten="40,8000,1" yaku="1,1,2,1,12,1,54,1,53,0" doraHai="29" doraHaiUra="130" who="3" fromWho="1" sc="229,0,313,-86,229,0,219,96" /><UN n1="%E3%83%8B%E3%83%A3%E3%83%BC%E5%8A%A9" /><INIT seed="2,0,0,5,5,101" ten="229,227,229,315" oya="2" hai0="51,55,91,127,50,57,65,52,38,56,31,9,43" hai1="29,88,118,37,35,121,64,132,18,59,90,116,63" hai2="110,72,39,7,44,125,85,86,77,25,129,15,73" hai3="89,78,13,23,126,5,130,112,134,45,61,47,14"/><V128/><F125/><W131/><G112/><T42/><D31/><U102/><E121/><V68/><F68/><W120/><G120/><T30/><D30/><U46/><E132/><V40/><F110/><W104/><G104/><T2/><D127/><U60/><E102/><V4/><F25/><W84/><G126/><T66/><D91/><U28/><E18/><V24/><F24/><W58/><G78/><T54/><D2/><U10/><E10/><N who="2" m="4551" /><F7/><W135/><G23/><T133/><D9/><U74/><E74/><N who="2" m="28779" /><F77/><W94/><G14/><T96/><D96/><U103/><E103/><V3/><F3/><W87/><G87/><T70/><D133/><N who="3" m="50697" /><G13/><T53/><D38/><U69/><E37/><V119/><F119/><W117/><G117/><T106/><D106/><U99/><E46/><N who="3" m="17418" /><G5/><T97/><D97/><U62/><E62/><V34/><F34/><W81/><G81/><T114/><D114/><U6/><E6/><V105/><F105/><W75/><G75/><T124/><D124/><U123/><E123/><V22/><F22/><W12/><G12/><T98/><D98/><U115/><E115/><V16/><F16/><W92/><G92/><T109/><D109/><U80/><E99/><V67/><F86/><W111/><G111/><T48/><N who="0" m="13824" /><DORA hai="76" /><T21/><D21/><U41/><E35/><V95/><F95/><W122/><G122/><T20/><D20/><U8/><E8/><V113/><F113/><W100/><G100/><T26/><D26/><U82/><E69/><V32/><F85/><W107/><G107/><T79/><D79/><U83/><E116/><RYUUKYOKU ba="0,0" sc="229,-10,227,-10,229,-10,315,30" hai3="58,61,84,89,94,130,131" /><INIT seed="3,1,0,2,4,125" ten="219,217,219,345" oya="3" hai0="99,14,94,4,46,0,122,8,22,16,26,11,34" hai1="18,83,119,59,30,110,19,91,66,23,65,39,61" hai2="63,40,47,9,120,70,41,133,74,79,5,35,71" hai3="76,73,51,25,67,112,118,48,113,100,45,6,12"/><W77/><G118/><T13/><D46/><U49/><E119/><V54/><F35/><W3/><G3/><T89/><D122/><U20/><E39/><V56/><F133/><W103/><G73/><T52/><D34/><U105/><E105/><V111/><F111/><W24/><G67/><T78/><D78/><U128/><E110/><V107/><F107/><W80/><G80/><T10/><D13/><U44/><E66/><V17/><F17/><N who="1" m="6153" /><E30/><V84/><F74/><W55/><G12/><T106/><D106/><U127/><E127/><V86/><F120/><W32/><G32/><T115/><D115/><U75/><E75/><V82/><F86/><W124/><G124/><T2/><D2/><U36/><E36/><V93/><F93/><W69/><G69/><T129/><D129/><U81/><E128/><V104/><F104/><W88/><G6/><T123/><D123/><U85/><E83/><V117/><F117/><W116/><G116/><T132/><D132/><U102/><E102/><V135/><F135/><W60/><G100/><T64/><D64/><U37/><E37/><V7/><F7/><W33/><G103/><T90/><D90/><U50/><E50/><N who="2" m="26991" /><F40/><AGARI ba="1,0" hai="20,23,40,44,49,59,61,65,81,85,91" m="6153" machi="40" ten="30,1000,0" yaku="8,1" doraHai="125" who="1" fromWho="2" sc="219,0,217,13,219,-13,345,0" owari="219,-18.0,230,3.0,206,-29.0,345,44.0" /></mjloggm>