<mjloggm ver="2.3"><GO type="41" lobby="0"/><UN n0="%41%6F%69%41" n1="%7A%79%61%6B%61%74%75%32" n2="%E5%B0%B1%E6%B4%BB%E7%94%9F%40%E5%B7%9D%E6%9D%91%E8%BB%8D%E5%9B%A3" n3="%62%6F%6E%70%75%6D%61%6E" dan="15,13,17,14" rate="1963.47,1838.36,2129.29,1856.08" sx="F,M,M,M"/><TAIKYOKU oya="0"/><INIT seed="0,0,0,1,5,18" ten="250,250,250,250" oya="0" hai0="109,133,7,74,96,79,32,113,39,130,110,101,26" hai1="115,2,100,91,5,36,69,16,119,29,14,78,17" hai2="38,59,106,135,75,88,12,84,46,92,51,33,57" hai3="128,131,25,37,105,108,27,20,76,30,22,70,72"/><T58/><D113/><U65/><E119/><V117/><F38/><W112/><G70/><T93/><D130/><N who="3" m="49705" /><G112/><T35/><D133/><U62/><E115/><V125/><F106/><W116/><G37/><T54/><D39/><U19/><E36/><V0/><F0/><W60/><G105/><T42/><D42/><U68/><E2/><V9/><F75/><W120/><G116/><T66/><D66/><U129/><E129/><V21/><F117/><W10/><G108/><T111/><D7/><U123/><E123/><V24/><F135/><W4/><G60/><T23/><D79/><U95/><E100/><V49/><F125/><W97/><G97/><T1/><D1/><U124/><E124/><V126/><F126/><W82/><G120/><T56/><D56/><N who="2" m="21578" /><F33/><N who="3" m="20687" /><G27/><T52/><D74/><U73/><E29/><N who="2" m="17551" /><F46/><W118/><G118/><T11/><D54/><U41/><E41/><V102/><F102/><W13/><AGARI ba="0,0" hai="4,10,13,20,22,72,76,82" m="20687,49705" machi="13" ten="30,4000,0" yaku="19,1,52,2" doraHai="18" who="3" fromWho="3" sc="250,-20,250,-10,250,-10,250,40" /><INIT seed="1,0,0,2,5,25" ten="230,240,240,290" oya="1" hai0="23,109,27,39,106,33,67,98,68,92,117,11,53" hai1="88,125,45,63,78,6,83,128,29,7,51,104,69" hai2="16,35,36,17,101,121,108,127,135,94,24,49,126" hai3="80,15,124,87,134,114,119,20,5,46,82,89,105"/><U129/><E104/><V115/><F36/><W42/><G105/><T61/><D117/><U70/><E63/><V10/><F121/><W116/><G114/><T40/><D109/><U37/><E37/><V44/><F115/><W96/><G124/><N who="2" m="47657" /><F108/><W12/><G96/><T84/><D11/><U86/><E125/><V52/><F135/><W72/><G134/><T123/><D123/><U26/><E78/><V102/><F94/><W107/><G107/><T112/><D112/><U66/><E66/><V50/><F50/><W65/><G65/><T54/><D39/><U75/><E75/><V76/><F76/><W95/><G72/><T59/><D40/><U4/><E51/><V14/><F17/><N who="3" m="10279" /><G46/><T47/><D47/><U48/><E69/><V97/><F97/><W18/><G42/><T22/><D59/><U34/><REACH who="1" step="1"/><E70/><REACH who="1" ten="230,230,240,290" step="2"/><V81/><F81/><W120/><G82/><T73/><D73/><U9/><E9/><V2/><F2/><W79/><G80/><T90/><D106/><U85/><E85/><V3/><F3/><W30/><G79/><T62/><D84/><U71/><E71/><V21/><F10/><W58/><G120/><T32/><D68/><U19/><E19/><V41/><F41/><AGARI ba="0,1" hai="4,6,7,26,29,34,41,45,48,83,86,88,128,129" machi="41" ten="40,7700,0" yaku="1,1,52,1,54,1,53,0" doraHai="25" doraHaiUra="113" who="1" fromWho="2" sc="230,0,230,87,240,-77,290,0" /><INIT seed="1,1,0,1,5,59" ten="230,317,163,290" oya="1" hai0="115,120,75,57,132,16,42,21,60,74,44,30,68" hai1="22,101,131,79,54,8,7,94,116,70,90,34,76" hai2="15,71,128,50,130,47,1,51,37,29,31,17,10" hai3="65,80,103,4,87,112,26,122,52,91,40,106,5"/><U99/><E116/><V118/><F71/><W36/><G122/><T111/><D115/><U18/><E131/><N who="2" m="50219" /><F118/><W109/><G112/><T66/><D30/><N who="2" m="11274" /><F1/><W123/><G109/><T0/><D111/><U49/><E70/><V124/><F124/><W27/><G65/><T53/><D132/><U86/><E34/><V19/><F19/><W126/><G126/><T98/><D98/><U97/><E97/><V25/><F25/><W77/><G26/><T45/><D45/><U6/><E8/><V24/><F24/><W3/><G27/><T125/><D125/><U92/><E6/><V82/><F82/><W93/><G3/><T96/><D96/><U117/><E7/><V89/><F89/><W88/><G91/><T104/><D104/><U62/><E62/><V110/><F110/><W102/><G123/><T43/><D0/><U100/><E100/><V69/><F69/><W14/><G103/><T72/><D120/><U2/><E2/><V35/><F35/><W81/><G102/><T67/><D16/><U133/><E133/><V9/><F9/><W23/><G5/><T107/><D21/><U73/><E73/><V108/><F108/><W78/><G4/><T127/><D107/><U11/><E117/><V20/><F10/><W63/><G23/><T114/><D127/><U12/><REACH who="1" step="1"/><E11/><REACH who="1" ten="230,307,163,290" step="2"/><V129/><F129/><W58/><G106/><T83/><D114/><U95/><E95/><V39/><F39/><W32/><G32/><T56/><D68/><U61/><E61/><V84/><F37/><W48/><G36/><T13/><D72/><U105/><E105/><RYUUKYOKU ba="1,1" sc="230,-10,307,30,163,-10,290,-10" hai1="12,18,22,49,54,76,79,86,90,92,94,99,101" /><INIT seed="1,2,1,1,1,55" ten="220,337,153,280" oya="1" hai0="44,81,96,42,47,122,78,4,108,124,102,39,14" hai1="118,100,33,30,13,9,5,83,50,101,82,75,134" hai2="58,91,7,133,69,56,104,99,85,52,70,129,40" hai3="66,125,32,126,84,80,2,68,63,36,61,43,67"/><U19/><E118/><V64/><F129/><W17/><G32/><T130/><D108/><U98/><E134/><V93/><F133/><W41/><G2/><T15/><D130/><U51/><E101/><V79/><F40/><W18/><G36/><T132/><D132/><U110/><E110/><V94/><F104/><W115/><G115/><T22/><D124/><N who="3" m="47721" /><G18/><T6/><D122/><U48/><E75/><V49/><F7/><W60/><G17/><T89/><D89/><U8/><E30/><V77/><F70/><N who="3" m="42311" /><G63/><T105/><D47/><U72/><E33/><V127/><F69/><W74/><G74/><T23/><D14/><U11/><E72/><V46/><F127/><W90/><AGARI ba="2,1" hai="41,43,61,67,68,80,84,90" m="42311,47721" machi="90" ten="30,1100,0" yaku="18,1" doraHai="55" who="3" fromWho="3" sc="220,-5,337,-7,153,-5,280,27" /><INIT seed="2,0,0,3,4,104" ten="215,330,148,307" oya="2" hai0="123,93,89,86,126,19,26,129,10,73,109,43,38" hai1="46,98,131,35,6,23,114,112,68,42,106,15,7" hai2="17,100,28,103,99,0,122,49,32,101,30,110,119" hai3="92,133,96,67,134,41,116,9,58,63,61,52,4"/><V31/><F119/><W118/><G41/><T21/><D123/><U91/><E131/><V111/><F122/><W50/><G63/><T25/><D129/><U20/><E35/><V78/><F0/><W72/><G72/><T127/><D109/><N who="2" m="41482" /><F32/><W11/><G11/><T77/><D10/><U62/><E68/><V132/><F132/><W2/><G133/><T95/><D95/><U29/><E62/><V87/><F49/><W105/><G105/><T79/><D26/><U125/><E125/><N who="0" m="47625" /><D73/><U39/><E29/><V97/><F17/><W34/><G34/><T108/><D108/><U82/><E82/><AGARI ba="0,0" hai="28,30,31,78,82,87,97,99,100,101,103" m="41482" machi="82" ten="40,3900,0" yaku="14,1,10,1" doraHai="104" who="2" fromWho="1" sc="215,0,330,-39,148,39,307,0" /><INIT seed="2,1,0,5,4,105" ten="215,291,187,307" oya="2" hai0="74,55,61,90,45,75,95,32,96,3,117,28,48" hai1="15,66,99,106,7,120,133,62,11,109,53,98,76" hai2="126,25,27,8,30,97,135,56,20,71,116,42,84" hai3="24,64,85,112,65,130,36,101,73,2,70,89,6"/><V21/><F71/><W107/><G36/><T125/><D3/><U22/><E120/><V33/><F116/><W31/><G130/><T122/><D122/><U59/><E109/><V103/><F126/><W60/><G65/><T86/><D117/><U18/><E133/><V1/><F135/><W78/><G112/><T19/><D125/><U113/><E106/><V39/><F84/><W129/><G129/><T93/><D28/><U50/><E113/><V47/><F56/><W9/><G85/><T44/><D32/><U110/><E76/><V52/><F52/><W43/><G89/><T41/><D19/><U102/><E110/><V49/><F39/><W124/><G43/><T67/><D44/><U51/><E102/><V10/><F1/><W82/><G124/><T13/><D13/><U40/><E40/><V100/><F33/><N who="3" m="20711" /><G101/><N who="2" m="38985" /><F97/><W118/><G118/><T17/><D17/><AGARI ba="1,0" hai="8,10,17,20,21,25,27,30,42,47,49" m="38985" machi="17" ten="30,1500,0" yaku="8,1" doraHai="105" who="2" fromWho="0" sc="215,-18,291,0,187,18,307,0" /><INIT seed="2,2,0,1,2,35" ten="197,291,205,307" oya="2" hai0="134,13,15,21,106,125,33,55,111,103,100,129,22" hai1="53,83,67,63,43,85,121,9,24,124,26,36,25" hai2="87,113,5,0,66,2,11,31,49,39,52,57,78" hai3="60,46,132,38,108,89,16,135,41,109,118,17,40"/><V19/><F39/><W126/><G118/><T86/><D111/><N who="3" m="42569" /><G126/><T70/><D33/><U114/><E121/><V82/><F113/><W50/><G60/><T122/><D122/><U92/><E114/><V117/><F117/><W88/><G38/><T97/><D103/><U69/><E124/><V14/><F31/><W6/><G6/><T80/><D125/><U68/><E92/><V10/><REACH who="2" step="1"/><F66/><REACH who="2" ten="197,291,195,307" step="2"/><W45/><G132/><T72/><D134/><U110/><E69/><V119/><F119/><W12/><G135/><T123/><D70/><U95/><E36/><V105/><F105/><W112/><G112/><T90/><D123/><U115/><E110/><V27/><F27/><W3/><G41/><T44/><D129/><U30/><E115/><V61/><F61/><W65/><G65/><T99/><D106/><U58/><E30/><V131/><F131/><W48/><G40/><T74/><D55/><U120/><E43/><V104/><F104/><W75/><G75/><T94/><D72/><U47/><E120/><V127/><F127/><W34/><G34/><T130/><D74/><U107/><E107/><V98/><F98/><W42/><G42/><T116/><D99/><U84/><E68/><V29/><F29/><W37/><G37/><T73/><D73/><U32/><E32/><V128/><F128/><W23/><G48/><T7/><D130/><U133/><E133/><V28/><F28/><W79/><G50/><T71/><D71/><U81/><E67/><V64/><F64/><W8/><G23/><N who="0" m="8715" /><D116/><U76/><E26/><V96/><F96/><W102/><G8/><RYUUKYOKU ba="2,1" sc="197,-10,291,-10,195,30,307,-10" hai2="0,2,5,10,11,14,19,49,52,57,78,82,87" /><INIT seed="2,3,1,3,4,115" ten="187,281,225,297" oya="2" hai0="29,98,75,55,96,76,84,14,135,128,66,33,130" hai1="17,74,122,25,4,35,56,108,127,24,60,81,0" hai2="80,85,118,89,87,57,93,134,72,86,100,82,40" hai3="114,47,110,22,42,27,2,133,13,16,49,34,11"/><V31/><F134/><W50/><G114/><T26/><D135/><U3/><E122/><V67/><F118/><W119/><G119/><T78/><D75/><U21/><E108/><V36/><F31/><W77/><G133/><T91/><D66/><U58/><E74/><V61/><F72/><W69/><G69/><T105/><D55/><U41/><E41/><V88/><F36/><W39/><G110/><T106/><D14/><U45/><E45/><V124/><F124/><W68/><G68/><T54/><D54/><U51/><E81/><N who="2" m="31339" /><F40/><W92/><G77/><N who="0" m="29803" /><D96/><AGARI ba="3,1" hai="57,61,67,85,86,87,88,89,93,96,100" m="31339" machi="96" ten="30,2900,0" yaku="8,1,54,1" doraHai="115" who="2" fromWho="0" sc="187,-38,281,0,225,48,297,0" /><INIT seed="2,4,0,1,0,130" ten="149,281,273,297" oya="2" hai0="86,82,113,107,70,132,117,134,14,68,26,7,106" hai1="125,78,10,12,8,99,91,31,110,43,67,69,77" hai2="1,11,129,64,121,103,5,111,51,89,42,133,2" hai3="112,24,3,116,102,39,87,94,40,60,20,72,126"/><V22/><F121/><W36/><G72/><T44/><D113/><U32/><E125/><V88/><F129/><W109/><G3/><T79/><D117/><U13/><E110/><V104/><F111/><W56/><G109/><T119/><D119/><U59/><E32/><V15/><F64/><W118/><G126/><T135/><D44/><U29/><E69/><N who="0" m="26729" /><D26/><U71/><E71/><V128/><F128/><W114/><G116/><T34/><D34/><U33/><E33/><V73/><F73/><W93/><G118/><T95/><D95/><N who="3" m="36361" /><G102/><T55/><D55/><U4/><E43/><V108/><F108/><W124/><G87/><T54/><D54/><U84/><E99/><V96/><F42/><W50/><G40/><T37/><D37/><U21/><E21/><V49/><F2/><W92/><G50/><T30/><D30/><U97/><E97/><V74/><F74/><W18/><N who="3" m="36369" /><W25/><DORA hai="120" /><G25/><T27/><D27/><U58/><E67/><V28/><F51/><W127/><G127/><T6/><D14/><U46/><E46/><V48/><F49/><W45/><G45/><T101/><D101/><U75/><E84/><V100/><F48/><W83/><G124/><T122/><D122/><U81/><E75/><V66/><F103/><W65/><G83/><T63/><D63/><U9/><E81/><V85/><F66/><W123/><G123/><T115/><D115/><AGARI ba="4,0" hai="18,20,24,36,39,56,60,65,112,114,115" m="36369" machi="115" ten="40,1300,0" yaku="11,1" doraHai="130,120" who="3" fromWho="0" sc="149,-25,281,0,273,0,297,25" /><INIT seed="3,0,0,4,2,114" ten="124,281,273,322" oya="3" hai0="84,108,24,48,121,55,80,107,19,78,102,86,2" hai1="41,75,109,59,74,62,69,112,46,16,85,96,81" hai2="110,88,31,42,52,54,93,66,20,76,61,132,26" hai3="125,128,72,126,129,122,64,58,39,82,40,9,8"/><W134/><G122/><T133/><D121/><U43/><E109/><V131/><F132/><W103/><G103/><T17/><D2/><U104/><E112/><V27/><F131/><N who="3" m="50251" /><G40/><T25/><D108/><U83/><E104/><V98/><F110/><W100/><G100/><T135/><D107/><U3/><E3/><V1/><F1/><W115/><G39/><T4/><D4/><U14/><E96/><V6/><F6/><W116/><G115/><T99/><D99/><U13/><E69/><V111/><F111/><W49/><G82/><T91/><D102/><U113/><E113/><V12/><F76/><W123/><G72/><T7/><D7/><U101/><E101/><V45/><F12/><W35/><G35/><T22/><D133/><U92/><E92/><V87/><F27/><W120/><G134/><T33/><D33/><U0/><E0/><V37/><REACH who="2" step="1"/><F98/><REACH who="2" ten="124,281,263,322" step="2"/><W32/><G120/><T95/><D135/><U124/><E14/><V67/><F67/><W38/><G123/><T89/><D78/><U36/><E74/><V23/><F23/><W11/><G64/><T21/><D55/><U90/><E75/><V77/><F77/><W65/><G65/><T68/><D68/><AGARI ba="0,1" hai="20,26,31,37,42,45,52,54,61,66,68,87,88,93" machi="68" ten="30,7700,0" yaku="1,1,7,1,54,2,53,0" doraHai="114" doraHaiUra="15" who="2" fromWho="0" sc="124,-77,281,0,263,87,322,0" /><INIT seed="4,0,0,0,0,14" ten="47,281,350,322" oya="0" hai0="120,11,79,56,23,91,58,33,117,8,61,113,71" hai1="6,75,43,20,89,42,25,47,125,46,34,31,77" hai2="15,134,30,87,108,66,44,80,121,114,10,107,127" hai3="92,74,59,41,93,81,21,68,100,0,63,57,7"/><T106/><D117/><U52/><E125/><V84/><F107/><W65/><G41/><T135/><D120/><U86/><E75/><V38/><F121/><W94/><G7/><T85/><D33/><U102/><E77/><V103/><F114/><W55/><G0/><T64/><D106/><U45/><E102/><V99/><F127/><W18/><G68/><T88/><D113/><U1/><E34/><V62/><F134/><W76/><G100/><T90/><D135/><U119/><E119/><V26/><F108/><W39/><G39/><T19/><D71/><U95/><E1/><V126/><F126/><W54/><REACH who="3" step="1"/><G59/><REACH who="3" ten="47,281,350,312" step="2"/><T24/><REACH who="0" step="1"/><D58/><REACH who="0" ten="37,281,350,312" step="2"/><U98/><E6/><V72/><F38/><W70/><G70/><T97/><D97/><U5/><E5/><V128/><F99/><W53/><G53/><T73/><D73/><U115/><E115/><V129/><F129/><W123/><G123/><T36/><D36/><U78/><E52/><V131/><F128/><W130/><G130/><T133/><D133/><U2/><E2/><V17/><F131/><W40/><G40/><T28/><D28/><U51/><E43/><V67/><F30/><W82/><G82/><AGARI ba="0,2" hai="8,11,19,23,24,56,61,64,79,82,85,88,90,91" machi="82" ten="40,12000,1" yaku="1,1,8,1,52,1,54,1,53,0" doraHai="14" doraHaiUra="109" who="0" fromWho="3" sc="37,140,281,0,350,0,312,-120" /><AGARI ba="0,0" hai="20,25,31,42,45,46,47,51,78,82,86,89,95,98" machi="82" ten="40,1300,0" yaku="8,1" doraHai="14" who="1" fromWho="3" sc="177,0,281,13,350,0,192,-13" /><INIT seed="4,1,0,5,0,102" ten="177,294,350,179" oya="0" hai0="82,129,16,78,87,106,89,7,45,54,73,80,24" hai1="69,47,30,23,94,31,11,59,118,65,46,18,41" hai2="75,43,85,103,108,56,112,71,90,36,63,4,115" hai3="72,122,121,117,1,29,44,39,76,61,55,66,50"/><T34/><D7/><U131/><E118/><V26/><F71/><W109/><G109/><T96/><D129/><U20/><E131/><V40/><F108/><W97/><G117/><T9/><D45/><U64/><E69/><V100/><F75/><W130/><G1/><T14/><D54/><U107/><E107/><V13/><F26/><W74/><G130/><T98/><REACH who="0" step="1"/><D106/><REACH who="0" ten="167,294,350,179" step="2"/><U12/><E47/><V92/><F43/><W19/><G55/><T49/><D49/><U10/><E46/><V99/><F40/><W3/><G50/><T124/><D124/><U84/><E41/><V5/><F36/><W27/><G39/><T123/><D123/><U127/><E127/><V53/><F112/><W68/><G44/><T83/><D83/><U125/><E125/><V28/><F115/><W116/><G116/><T48/><D48/><U104/><E104/><V86/><F5/><W126/><G126/><T81/><D81/><U58/><E65/><V88/><F4/><W21/><G121/><T0/><D0/><U22/><E64/><V52/><F53/><W114/><G3/><T128/><D128/><U101/><E11/><V111/><F111/><W135/><G114/><T8/><D8/><U35/><E10/><V93/><F52/><W132/><G122/><T57/><D57/><U67/><E67/><V17/><F56/><W134/><G134/><T2/><D2/><U6/><E58/><V38/><F63/><W110/><G135/><T33/><D33/><U25/><E59/><V91/><F38/><W133/><G133/><T79/><D79/><U105/><E6/><RYUUKYOKU ba="1,1" sc="167,30,294,-10,350,-10,179,-10" hai0="9,14,16,24,34,73,78,80,82,87,89,96,98" /><INIT seed="4,2,1,3,2,118" ten="197,284,340,169" oya="0" hai0="84,33,90,122,15,104,95,36,39,81,30,14,123" hai1="113,119,49,105,85,46,61,54,51,79,27,55,74" hai2="120,132,21,100,7,108,107,53,6,41,23,20,58" hai3="29,69,89,97,19,38,101,68,25,18,63,34,67"/><T64/><D104/><U80/><E119/><V94/><F108/><W78/><G38/><T44/><D64/><U24/><E113/><V43/><F107/><W9/><G78/><T16/><D15/><U12/><E105/><V117/><F117/><W11/><G89/><T26/><D81/><U130/><E130/><V121/><F132/><W114/><G69/><T102/><D102/><U8/><E61/><V98/><F7/><W133/><G133/><T87/><D87/><U86/><E74/><V3/><F6/><W2/><G114/><T13/><D13/><U99/><E99/><V124/><F3/><W56/><G56/><T109/><D109/><U96/><E96/><V65/><F65/><W111/><G111/><T48/><D39/><U28/><E28/><V52/><F53/><W4/><REACH who="3" step="1"/><G11/><REACH who="3" ten="197,284,340,159" step="2"/><T110/><D36/><U31/><E86/><V92/><F124/><W35/><G35/><T93/><D110/><U91/><E79/><V57/><F58/><W88/><G88/><T22/><REACH who="0" step="1"/><D93/><AGARI ba="2,2" hai="2,4,9,18,19,25,29,34,63,67,68,93,97,101" machi="93" ten="30,2000,0" yaku="1,1,7,1,53,0" doraHai="118" doraHaiUra="10" who="3" fromWho="0" sc="197,-26,284,0,340,0,159,46" /><INIT seed="5,0,0,4,4,45" ten="171,284,340,205" oya="1" hai0="39,21,116,131,50,40,97,104,69,82,58,14,9" hai1="80,5,74,88,38,65,43,0,83,20,121,85,68" hai2="132,122,133,42,22,2,51,61,102,1,47,36,127" hai3="53,113,99,117,52,120,57,31,90,8,114,6,7"/><U67/><E121/><V35/><F35/><W95/><G120/><T70/><D116/><U77/><E68/><V78/><F122/><W112/><G117/><T125/><D39/><U19/><E20/><V62/><F127/><W87/><G31/><T18/><D125/><U101/><E101/><V63/><F102/><W79/><G53/><T12/><D131/><U96/><E96/><V109/><F109/><W28/><G28/><T106/><D82/><U26/><E26/><V30/><F78/><W135/><G135/><N who="2" m="51785" /><F36/><W46/><G46/><T98/><D98/><U54/><E19/><V33/><F33/><W13/><G79/><T60/><D40/><U23/><E54/><V66/><F66/><W56/><G56/><T115/><D115/><U129/><E129/><V34/><F34/><W107/><G107/><T71/><D97/><U94/><E23/><V84/><F84/><W3/><G3/><T75/><D75/><U73/><E94/><V110/><F110/><W118/><G118/><T44/><D104/><U105/><E73/><V48/><F48/><N who="3" m="30855" /><G99/><T81/><D106/><U11/><E105/><V16/><F30/><W17/><AGARI ba="0,0" hai="6,7,8,13,17,87,90,95,112,113,114" m="30855" machi="17" ten="30,4000,0" yaku="15,1,52,1,54,1" doraHai="45" who="3" fromWho="3" sc="171,-10,284,-20,340,-10,205,40" /><INIT seed="6,0,0,4,4,120" ten="161,264,330,245" oya="2" hai0="125,94,69,16,24,13,29,87,27,122,40,25,41" hai1="35,103,3,15,106,63,9,96,57,54,33,102,112" hai2="95,130,101,45,123,127,39,62,79,88,56,91,90" hai3="132,83,111,26,21,78,10,19,4,7,68,55,72"/><V6/><F123/><W114/><G68/><T2/><D2/><U0/><E112/><V81/><F127/><W124/><G124/><T100/><D122/><U135/><E135/><V38/><F130/><W50/><G132/><T51/><D125/><U17/><REACH who="1" step="1"/><E103/><REACH who="1" ten="161,254,330,245" step="2"/><V92/><F101/><W98/><G114/><T36/><D100/><U28/><E28/><V73/><F6/><W1/><G7/><T108/><D29/><U67/><E67/><V12/><F39/><W121/><G121/><T71/><D108/><U64/><E64/><V113/><F113/><W31/><G111/><T52/><D36/><U110/><E110/><V23/><F38/><W99/><G31/><T22/><D69/><U58/><E58/><AGARI ba="0,1" hai="1,4,10,19,21,26,50,55,58,72,78,83,98,99" machi="58" ten="30,1000,0" yaku="7,1" doraHai="120" who="3" fromWho="1" sc="161,0,254,-10,330,0,245,20" /><INIT seed="7,0,0,5,5,25" ten="161,244,330,265" oya="3" hai0="14,53,111,3,112,54,8,129,119,91,88,41,10" hai1="45,17,103,15,92,16,80,134,37,100,116,130,93" hai2="30,48,70,38,64,6,122,57,22,76,12,107,68" hai3="43,99,104,115,4,24,29,113,55,34,135,132,97"/><W121/><G121/><T2/><D112/><N who="3" m="43081" /><G4/><T28/><D129/><U89/><E116/><V114/><F38/><W82/><G43/><T5/><D119/><U90/><E130/><V105/><F114/><W131/><G131/><T42/><D111/><U18/><E134/><N who="3" m="51242" /><G82/><T39/><D14/><U71/><E71/><V61/><F122/><W62/><G104/><T128/><D128/><U59/><E59/><AGARI ba="0,0" hai="24,29,34,55,59,62,97,99" m="51242,43081" machi="59" ten="30,5800,0" yaku="15,1,20,1,52,1" doraHai="25" who="3" fromWho="1" sc="161,0,244,-58,330,0,265,58" /><INIT seed="7,1,0,4,5,125" ten="161,186,330,323" oya="3" hai0="22,119,80,46,121,95,129,132,111,124,134,5,10" hai1="116,29,108,21,26,0,52,63,64,54,113,15,90" hai2="79,110,67,65,94,128,51,123,47,24,42,81,58" hai3="105,75,61,35,100,7,114,130,56,68,20,32,83"/><W135/><G135/><T44/><D111/><U126/><E113/><V99/><F128/><W102/><G68/><T38/><D119/><U8/><E116/><V69/><F110/><W6/><G114/><T48/><D121/><U82/><E108/><V57/><F123/><W37/><G37/><T122/><D122/><U39/><E126/><V91/><F24/><W43/><G43/><T120/><D120/><U104/><E39/><V74/><REACH who="2" step="1"/><F69/><REACH who="2" ten="161,186,320,323" step="2"/><W78/><G130/><T77/><D124/><U3/><E104/><V16/><F16/><W131/><G131/><T70/><D70/><U62/><E0/><V41/><F41/><W34/><G105/><T53/><D129/><U93/><E3/><V60/><F60/><W92/><G20/><T27/><D38/><U40/><E40/><V87/><F87/><W96/><REACH who="3" step="1"/><G102/><REACH who="3" ten="161,186,320,313" step="2"/><T2/><D2/><U18/><E63/><V14/><F14/><W25/><G25/><T59/><D134/><U112/><E112/><V17/><F17/><W33/><N who="3" m="8192" /><DORA hai="55" /><W106/><G106/><T72/><D132/><U127/><E127/><V71/><F71/><W45/><G45/><T84/><D5/><U50/><E15/><V97/><F97/><W86/><G86/><T19/><REACH who="0" step="1"/><D10/><REACH who="0" ten="151,186,320,313" step="2"/><U88/><E8/><V115/><F115/><W89/><G89/><AGARI ba="1,3" hai="19,22,27,44,46,48,53,59,72,77,80,84,89,95" machi="89" ten="40,8000,1" yaku="1,1,2,1,52,1,53,2" doraHai="125,55" doraHaiUra="73,49" who="0" fromWho="3" sc="151,113,186,0,320,0,313,-83" owari="264,6.0,186,-31.0,320,42.0,230,-17.0" /></mjloggm>