<mjloggm ver="2.3"><GO type="97" lobby="0"/><UN n0="%74%65%72%61%74%65%72%61" n1="%2D%6B%6F%6B%6F%2D" n2="%59%6F%6E%65" n3="%E5%B0%B1%E6%B4%BB%E7%94%9F%40%E5%B7%9D%E6%9D%91%E8%BB%8D%E5%9B%A3" dan="14,15,13,15" rate="1984.42,1984.12,1947.97,2006.19" sx="M,M,M,M"/><TAIKYOKU oya="0"/><INIT seed="0,0,0,0,5,6" ten="250,250,250,250" oya="0" hai0="72,20,12,92,122,15,36,94,27,63,82,70,99" hai1="25,23,4,40,115,11,111,57,53,100,54,110,73" hai2="102,50,105,24,56,88,83,129,26,71,131,66,124" hai3="95,123,76,42,59,103,80,85,117,31,90,22,34"/><T97/><D36/><U47/><E73/><V104/><F71/><W107/><G117/><T33/><D33/><U119/><E100/><V3/><F3/><W21/><G123/><T114/><D122/><U106/><E106/><V2/><F2/><W44/><G34/><T84/><D72/><U113/><E119/><V19/><F124/><W108/><G108/><N who="1" m="41514" /><E11/><V89/><F19/><W134/><G31/><T125/><D125/><U43/><E4/><V87/><F89/><W69/><G69/><T55/><D114/><N who="1" m="43531" /><E57/><V93/><F105/><W41/><G134/><T118/><D70/><U29/><E43/><V121/><F104/><W127/><G59/><N who="0" m="35327" /><D118/><U8/><E8/><V10/><F102/><W38/><G42/><T32/><D32/><U52/><E53/><V120/><F10/><W7/><G7/><T46/><D46/><U78/><E78/><V14/><F56/><W91/><G127/><T130/><D130/><U1/><E1/><V35/><F129/><W86/><G76/><N who="0" m="46151" /><D94/><U98/><E98/><N who="0" m="37385" /><D92/><U112/><N who="1" m="43539" /><U132/><DORA hai="126" /><E132/><V0/><F131/><W16/><G107/><T75/><D75/><U79/><E79/><V101/><F0/><W65/><G103/><T45/><D45/><U77/><E77/><V13/><F101/><W58/><G58/><T128/><D128/><U109/><N who="1" m="41522" /><U39/><AGARI ba="0,0" hai="23,25,29,39,40,47,52,54" m="43539,41522" machi="39" ten="60,8000,1" yaku="4,1,14,1,11,1,54,1" doraHai="6,126" who="1" fromWho="1" sc="250,-40,250,80,250,-20,250,-20" /><INIT seed="1,0,0,3,5,44" ten="210,330,230,230" oya="1" hai0="116,6,84,119,95,37,124,114,2,97,134,48,70" hai1="3,41,15,27,32,71,60,62,52,98,93,132,65" hai2="92,107,103,34,129,83,72,82,133,67,117,127,31" hai3="104,29,42,75,13,73,80,43,77,87,19,25,35"/><U115/><E115/><V118/><F107/><W109/><G104/><T88/><D70/><U111/><E3/><V130/><F127/><W110/><G73/><T63/><D37/><U39/><E132/><V46/><F133/><W50/><G75/><T17/><D134/><U5/><E111/><N who="3" m="42506" /><G50/><T96/><D114/><U121/><E121/><V18/><F67/><W120/><G120/><T7/><D124/><U16/><E5/><N who="0" m="1545" /><D2/><U54/><E60/><V28/><F18/><W10/><AGARI ba="0,0" hai="10,13,19,25,29,35,42,43,77,80,87" m="42506" machi="10" ten="30,1100,0" yaku="14,1" doraHai="44" who="3" fromWho="3" sc="210,-3,330,-5,230,-3,230,11" /><INIT seed="2,0,0,2,0,105" ten="207,325,227,241" oya="2" hai0="62,54,19,50,95,116,94,51,80,110,69,9,31" hai1="74,7,87,34,6,20,75,88,101,113,111,25,90" hai2="121,127,32,79,18,92,1,133,73,43,77,86,78" hai3="109,93,70,98,65,11,28,29,40,91,35,21,47"/><V39/><F73/><N who="1" m="27657" /><E34/><V120/><F1/><W14/><G109/><T61/><D110/><U131/><E111/><V89/><F32/><W132/><G132/><T134/><D134/><U129/><E101/><V108/><F133/><W126/><G126/><T84/><D116/><U49/><E49/><V115/><F127/><W3/><G3/><T5/><D31/><N who="1" m="17831" /><E113/><V48/><F108/><W2/><G2/><T4/><D69/><U0/><E0/><V122/><F115/><W68/><G35/><T103/><D19/><U102/><E102/><V36/><F18/><W59/><G70/><T63/><D9/><U71/><E71/><V117/><F117/><W15/><G68/><T56/><D51/><U22/><E22/><V125/><F125/><W128/><G21/><T27/><D27/><U118/><E118/><V104/><F104/><W82/><G15/><T83/><D83/><N who="1" m="49279" /><E90/><V114/><F114/><W53/><G82/><T38/><D38/><U130/><AGARI ba="0,0" hai="6,7,129,130,131" m="49279,17831,27657" machi="130" ten="40,8000,1" yaku="19,1,52,3,54,1" doraHai="105" who="1" fromWho="1" sc="207,-20,325,80,227,-40,241,-20" /><INIT seed="3,0,0,2,1,4" ten="187,405,187,221" oya="3" hai0="61,34,76,25,2,122,126,78,57,128,24,67,104" hai1="115,85,83,10,134,89,8,33,51,94,17,19,114" hai2="98,95,18,81,113,39,70,48,87,43,26,49,60" hai3="12,14,0,96,111,38,132,20,130,5,22,6,7"/><W106/><G38/><T118/><D104/><U86/><E33/><V91/><F113/><W90/><G130/><T28/><D2/><U88/><E134/><V80/><F39/><W63/><G132/><T102/><D122/><U15/><E51/><N who="2" m="19531" /><F43/><W29/><G106/><T116/><D102/><U123/><E123/><V21/><F70/><W92/><G111/><T127/><D128/><U54/><E54/><V50/><N who="2" m="19539" /><V107/><DORA hai="9" /><F107/><W108/><G108/><T119/><REACH who="0" step="1"/><D24/><REACH who="0" ten="177,405,187,221" step="2"/><U125/><E125/><AGARI ba="0,1" hai="25,28,34,57,61,67,76,78,116,118,119,125,126,127" machi="125" ten="50,6400,0" yaku="1,1,2,1,18,1,53,0" doraHai="4,9" doraHaiUra="1,32" who="0" fromWho="1" sc="177,74,405,-64,187,0,221,0" owari="251,5.0,341,44.0,187,-31.0,221,-18.0" /></mjloggm>