<mjloggm ver="2.3"><GO type="169" lobby="0"/><UN n0="%79%6F%73%68%69%67%69" n1="%E3%83%95%E3%83%AB%E3%82%BC%E3%83%B3%E3%83%84" n2="%E3%81%8D%E3%81%BE%E3%81%99" n3="%E3%82%A6%E3%83%AB%E3%83%88%E3%83%A9%E7%AB%8B%E7%9B%B4" dan="16,16,17,18" rate="2162.62,2097.06,2162.48,2190.48" sx="M,M,M,M"/><TAIKYOKU oya="0"/><INIT seed="0,0,0,3,2,97" ten="250,250,250,250" oya="0" hai0="17,131,65,124,108,50,58,29,68,87,126,113,122" hai1="37,56,82,88,81,111,4,69,101,7,13,25,24" hai2="89,128,95,132,15,70,28,79,72,112,103,109,83" hai3="123,0,36,66,60,31,106,53,100,47,39,16,90"/><T30/><D122/><U22/><E69/><V5/><F112/><W8/><G123/><T2/><D113/><U34/><E37/><V86/><F70/><W52/><G31/><T21/><D2/><U67/><E111/><V38/><F38/><W41/><G39/><T96/><D68/><U35/><E35/><V133/><F28/><W43/><G43/><T55/><D131/><U1/><E1/><V74/><F128/><W127/><G127/><N who="0" m="48683" /><D108/><U114/><E114/><V46/><F46/><W10/><G0/><T42/><D42/><U19/><E101/><V64/><F64/><W57/><G90/><T104/><D65/><U129/><E129/><V91/><F15/><W118/><G118/><T71/><D71/><U45/><E45/><V93/><F5/><N who="1" m="2121" /><E34/><V135/><F109/><W117/><G117/><T119/><D119/><U3/><E3/><V6/><F6/><W48/><G100/><N who="0" m="62471" /><D87/><N who="1" m="50287" /><E82/><V78/><F103/><W77/><G106/><T44/><D44/><U63/><AGARI ba="0,0" hai="13,19,22,24,25,56,63,67" m="50287,2121" machi="63" ten="30,2000,0" yaku="8,1,54,1" doraHai="97" who="1" fromWho="1" sc="250,-10,250,20,250,-5,250,-5" /><INIT seed="1,0,0,0,5,7" ten="240,270,245,245" oya="1" hai0="27,41,28,43,17,126,47,124,128,35,123,112,11" hai1="50,38,121,63,78,36,77,93,18,100,55,69,5" hai2="16,74,88,40,129,23,42,6,84,87,37,8,14" hai3="44,66,117,65,15,103,96,135,113,73,13,57,118"/><U4/><E121/><V46/><F74/><W39/><G73/><T61/><D112/><U71/><E18/><V1/><F40/><N who="3" m="22559" /><G113/><T48/><D123/><U80/><E100/><V60/><F129/><W0/><G0/><T92/><D128/><U132/><E132/><V91/><REACH who="2" step="1"/><F60/><REACH who="2" ten="240,270,235,245" step="2"/><N who="3" m="38031" /><G66/><T29/><D61/><U30/><E63/><V82/><F82/><W134/><G135/><T32/><D126/><U59/><E80/><V95/><F95/><N who="3" m="58783" /><G134/><T111/><D124/><U99/><E93/><V51/><F51/><W86/><G86/><AGARI ba="0,1" hai="1,6,8,14,16,23,37,42,46,84,86,87,88,91" machi="86" ten="40,8000,1" yaku="1,1,52,1,54,2,53,0" doraHai="7" doraHaiUra="101" who="2" fromWho="3" sc="240,0,270,0,235,90,245,-80" /><INIT seed="2,0,0,0,0,98" ten="240,270,325,165" oya="2" hai0="128,103,32,14,96,69,38,114,61,130,45,132,34" hai1="89,7,3,78,70,117,91,101,26,9,133,30,131" hai2="72,39,41,115,97,74,20,123,88,5,42,31,19" hai3="119,83,11,36,4,40,50,104,77,125,52,111,37"/><V63/><F123/><W67/><G119/><T23/><D114/><U6/><E70/><V73/><F31/><W122/><G122/><T79/><D79/><U120/><E117/><V47/><F41/><W56/><G125/><T134/><D14/><U46/><E120/><V10/><F63/><W57/><G111/><T105/><D23/><U110/><E110/><V43/><F43/><W62/><G104/><T86/><D86/><U109/><E109/><V127/><F127/><W68/><G68/><T17/><D17/><U16/><E133/><N who="0" m="51305" /><D45/><U121/><E121/><V66/><F66/><W22/><G22/><T71/><D38/><U106/><E7/><V116/><F116/><W124/><G124/><T93/><D93/><U94/><E78/><V112/><F97/><W95/><G95/><T54/><D71/><U81/><E81/><V21/><F21/><W8/><G40/><T2/><D54/><U118/><E106/><V27/><REACH who="2" step="1"/><F88/><REACH who="2" ten="240,270,315,165" step="2"/><W35/><G35/><N who="0" m="13355" /><D2/><AGARI ba="0,1" hai="2,5,10,19,20,27,39,42,47,72,73,74,112,115" machi="2" ten="40,2000,0" yaku="1,1,53,0" doraHai="98" doraHaiUra="29" who="2" fromWho="0" sc="240,-20,270,0,315,30,165,0" /><INIT seed="2,1,0,1,4,87" ten="220,270,345,165" oya="2" hai0="130,132,119,57,16,41,51,95,111,40,23,89,46" hai1="60,83,48,52,70,25,36,133,72,31,9,11,104" hai2="43,12,64,128,93,27,90,134,69,32,131,15,110" hai3="63,76,30,125,117,102,45,54,94,50,3,55,62"/><V68/><F134/><W77/><G3/><T115/><D132/><U29/><E36/><V39/><F64/><W121/><G121/><T61/><D115/><U5/><E104/><V71/><F43/><W53/><G117/><T101/><D130/><N who="2" m="49706" /><F39/><W88/><G102/><T98/><D111/><U124/><E133/><V97/><F110/><W20/><G125/><T19/><D119/><U22/><E29/><AGARI ba="1,0" hai="12,15,27,29,32,68,69,71,90,93,97" m="49706" machi="29" ten="40,3900,0" yaku="19,1,52,1" doraHai="87" who="2" fromWho="1" sc="220,0,270,-42,345,42,165,0" /><INIT seed="2,2,0,3,5,70" ten="220,228,387,165" oya="2" hai0="101,34,7,107,90,26,43,77,13,92,116,18,22" hai1="30,125,68,47,67,15,14,25,102,45,63,99,48" hai2="11,110,124,58,85,32,81,128,53,135,54,46,93" hai3="9,56,103,38,105,96,89,40,104,42,4,57,108"/><V41/><F128/><W91/><G108/><T131/><D116/><U50/><E125/><V1/><F124/><W27/><G27/><T52/><D131/><U60/><E60/><V16/><F32/><W62/><G105/><T133/><D133/><U97/><E50/><V3/><F93/><W98/><G57/><T21/><D43/><U28/><E28/><V10/><F11/><W82/><G96/><T5/><D34/><U33/><E97/><V88/><F54/><W2/><G82/><T39/><D77/><U64/><E64/><V87/><F135/><W119/><G119/><T117/><D117/><U122/><E122/><V94/><F10/><W23/><G23/><T37/><D107/><U130/><E130/><V74/><F74/><W19/><G19/><T72/><D101/><U71/><E71/><V75/><F16/><W134/><G134/><T55/><D72/><U73/><E73/><V24/><F24/><W120/><G120/><T118/><D118/><U109/><E109/><V76/><F75/><W132/><G132/><T86/><D7/><U29/><E29/><V114/><F110/><W0/><G0/><T78/><D78/><U69/><E69/><V61/><F114/><W12/><G2/><T100/><D100/><U121/><E121/><V111/><F111/><W129/><G129/><T49/><D5/><U36/><E36/><AGARI ba="2,0" hai="1,3,36,41,46,53,58,61,76,81,85,87,88,94" machi="36" ten="30,5800,0" yaku="7,1,52,1,54,1" doraHai="70" who="2" fromWho="1" sc="220,0,228,-64,387,64,165,0" /><INIT seed="2,3,0,1,4,29" ten="220,164,451,165" oya="2" hai0="73,133,19,124,35,34,56,65,99,14,39,55,9" hai1="134,18,111,32,76,96,12,63,13,80,24,27,23" hai2="129,85,67,77,122,53,106,41,89,8,60,131,57" hai3="22,103,20,21,82,3,135,66,54,62,51,46,40"/><V74/><F106/><W86/><G3/><T44/><D124/><U1/><E1/><V118/><F118/><W102/><G40/><T128/><D133/><U125/><E134/><V72/><F41/><W91/><REACH who="3" step="1"/><G135/><REACH who="3" ten="220,164,451,155" step="2"/><T5/><D128/><U52/><E125/><V79/><F129/><W37/><G37/><T101/><D73/><U132/><E132/><V107/><F74/><W97/><G97/><T98/><D65/><U17/><E96/><V4/><F72/><W95/><G95/><T112/><D112/><U26/><E111/><V119/><F131/><W50/><G50/><T11/><D39/><U75/><E32/><V36/><F36/><W64/><G64/><T33/><D44/><U127/><E127/><V10/><F67/><W126/><G126/><T109/><D109/><U2/><E2/><V88/><F119/><W120/><G120/><T108/><D108/><U49/><E63/><V48/><F60/><W84/><G84/><T7/><D99/><U59/><REACH who="1" step="1"/><E27/><REACH who="1" ten="220,154,451,155" step="2"/><V31/><F122/><W114/><G114/><T116/><D116/><U94/><E94/><V43/><F107/><W28/><G28/><T90/><D101/><U93/><E93/><V130/><F31/><W16/><G16/><T69/><D98/><U70/><E70/><AGARI ba="3,2" hai="20,21,22,46,51,54,62,66,70,82,86,91,102,103" machi="70" ten="40,2600,0" yaku="1,1,53,1" doraHai="29" doraHaiUra="42" who="3" fromWho="1" sc="220,0,154,-35,451,0,155,55" /><INIT seed="3,0,0,0,3,7" ten="220,119,451,210" oya="3" hai0="38,98,2,54,89,22,45,28,99,109,34,78,64" hai1="74,133,39,85,114,72,32,87,47,129,8,88,97" hai2="80,132,119,1,58,102,70,23,41,65,53,94,105" hai3="43,36,117,14,15,76,111,100,20,124,60,27,9"/><W95/><G117/><T48/><D109/><U127/><E32/><V46/><F105/><W91/><G111/><T73/><D34/><U6/><E114/><V10/><F70/><W61/><G124/><T13/><D2/><U67/><E127/><V130/><F65/><W24/><G100/><T69/><D38/><U63/><E129/><V86/><F132/><W35/><G76/><T131/><D131/><U11/><E97/><V120/><F120/><W92/><G35/><T33/><D33/><U126/><E133/><V79/><F102/><W30/><G36/><T118/><D118/><U21/><E21/><V77/><F23/><N who="3" m="15743" /><G43/><T59/><D69/><U90/><E126/><V84/><F41/><W56/><G15/><T103/><D89/><U0/><E39/><V18/><F79/><W37/><G37/><T125/><D125/><U68/><E47/><V66/><F46/><W3/><G3/><T122/><D122/><U135/><E135/><V17/><F77/><W101/><G101/><T55/><D64/><U52/><E52/><V62/><F1/><W93/><G91/><T113/><D113/><U96/><E96/><V107/><F107/><W81/><G81/><T112/><D112/><U106/><E106/><V31/><F80/><W57/><G20/><T44/><D13/><U128/><E128/><V4/><F130/><W42/><G24/><N who="0" m="16407" /><D103/><U115/><E115/><V49/><F119/><W25/><G25/><T116/><D116/><U121/><E121/><V110/><F110/><W19/><G42/><T51/><D45/><U104/><E104/><V123/><F123/><RYUUKYOKU ba="0,0" sc="220,15,119,-15,451,-15,210,15" hai0="44,48,51,54,55,59,73,78,98,99" hai3="9,14,19,56,57,60,61,92,93,95" /><INIT seed="3,1,0,1,1,79" ten="235,104,436,225" oya="3" hai0="97,51,112,23,107,0,48,57,68,91,9,54,77" hai1="42,92,37,49,117,131,58,121,53,90,7,67,21" hai2="115,15,19,32,106,12,93,65,47,98,103,99,127" hai3="124,29,63,34,129,5,46,135,56,30,95,84,10"/><W89/><G124/><T13/><D112/><U52/><E117/><V50/><F115/><W3/><G129/><T35/><D68/><U132/><E121/><V96/><F32/><W69/><G135/><T27/><D35/><U73/><E73/><V109/><F109/><W60/><G34/><T116/><D0/><U11/><E132/><V87/><F65/><W8/><G46/><T128/><D128/><U31/><E131/><V123/><F123/><W130/><G130/><T86/><D116/><U82/><E37/><V55/><F15/><W38/><G38/><T39/><D39/><U102/><E102/><V36/><F36/><W24/><G24/><T111/><D111/><U14/><E42/><V80/><F106/><W18/><G69/><T105/><D77/><U108/><E108/><V122/><F127/><W100/><G100/><T120/><D51/><U113/><E113/><V61/><F61/><W110/><G63/><T17/><D97/><U33/><E33/><V104/><F104/><W78/><G78/><T101/><D101/><U71/><E71/><V44/><F44/><W26/><G110/><T83/><REACH who="0" step="1"/><D120/><REACH who="0" ten="225,104,436,225" step="2"/><U126/><E126/><V70/><F70/><W16/><G3/><T119/><D119/><U41/><E49/><V88/><F122/><W114/><G114/><T133/><D133/><U25/><E41/><V66/><F66/><W59/><G89/><T125/><D125/><U64/><E64/><V75/><F75/><W81/><G60/><T62/><D62/><U85/><E67/><V43/><F43/><W2/><G2/><T45/><D45/><RYUUKYOKU ba="1,1" sc="225,15,104,-15,436,15,225,-15" hai0="9,13,17,23,27,48,54,57,83,86,91,105,107" hai2="12,19,47,50,55,80,87,88,93,96,98,99,103" /><INIT seed="4,2,1,2,3,97" ten="240,89,451,210" oya="0" hai0="79,56,126,16,6,85,73,20,76,3,60,100,23" hai1="68,2,37,58,18,62,64,4,52,33,42,19,77" hai2="29,61,28,122,105,50,32,84,15,47,83,26,112" hai3="89,93,70,13,41,69,67,65,9,101,78,27,40"/><T1/><D73/><U96/><E33/><V35/><F112/><W91/><G78/><T119/><D119/><U99/><E77/><V103/><F29/><W133/><G133/><T81/><D126/><U116/><E116/><V75/><F35/><W120/><G120/><T0/><D6/><U51/><E4/><V128/><F75/><W123/><G123/><T121/><D121/><U22/><E2/><V31/><F31/><W46/><G27/><T38/><D38/><U55/><E55/><V48/><F48/><W102/><G46/><T72/><D72/><U71/><E71/><V24/><F24/><W90/><G93/><T127/><D127/><U59/><E59/><V45/><F47/><W117/><G117/><T118/><D118/><U54/><E54/><V109/><F128/><W44/><G44/><T98/><D79/><U80/><E80/><V110/><F61/><W95/><G95/><T57/><D60/><U39/><E18/><V14/><F110/><W131/><G131/><T124/><D23/><U130/><E130/><V94/><F105/><W36/><G36/><T115/><D115/><U30/><E30/><V63/><F63/><W8/><G90/><T74/><D74/><U108/><E108/><V125/><F109/><W86/><G13/><T34/><D34/><U114/><E114/><V11/><F15/><W10/><G9/><T106/><REACH who="0" step="1"/><D124/><REACH who="0" ten="230,89,451,210" step="2"/><U107/><E39/><V5/><F125/><W88/><G86/><T111/><D111/><U21/><E37/><V12/><F84/><W129/><G129/><T135/><D135/><U53/><E22/><RYUUKYOKU ba="2,2" sc="230,30,89,-10,451,-10,210,-10" hai0="0,1,3,16,20,56,57,76,81,85,98,100,106" /><INIT seed="4,3,2,3,3,3" ten="260,79,441,200" oya="0" hai0="30,121,43,78,26,64,56,24,57,116,69,102,8" hai1="16,110,27,67,113,34,103,99,62,79,108,105,81" hai2="96,21,20,53,60,7,123,6,84,10,130,95,76" hai3="65,132,50,93,2,47,25,83,127,15,18,77,85"/><T0/><D116/><U23/><E113/><V41/><F123/><W44/><G2/><T32/><D121/><U51/><E51/><V89/><F41/><W42/><G127/><T72/><D26/><U46/><E46/><V52/><F10/><W61/><G132/><T87/><D72/><U28/><E81/><N who="2" m="47143" /><F130/><W131/><G131/><T100/><D43/><U114/><E79/><V36/><F36/><W94/><G25/><T104/><D78/><U126/><E126/><V12/><F53/><W112/><G47/><T29/><D29/><U19/><E114/><V54/><F54/><W1/><G1/><T91/><D102/><U59/><REACH who="1" step="1"/><E19/><REACH who="1" ten="260,69,441,200" step="2"/><N who="2" m="10343" /><F21/><N who="3" m="11487" /><G112/><T118/><D118/><U38/><E38/><V128/><F128/><W33/><G33/><T5/><D100/><U134/><E134/><V115/><F115/><W135/><G135/><T98/><D104/><U66/><E66/><V120/><F120/><W129/><G129/><T71/><D98/><U80/><E80/><V117/><F117/><W49/><G49/><T70/><REACH who="0" step="1"/><D64/><REACH who="0" ten="250,69,441,200" step="2"/><U9/><E9/><V11/><F11/><W111/><G65/><T90/><D90/><U133/><E133/><V101/><F89/><W45/><G77/><T37/><D37/><U125/><E125/><V75/><F75/><W88/><G42/><T68/><N who="0" m="17408" /><DORA hai="17" /><T82/><AGARI ba="3,4" hai="0,5,8,24,30,32,56,57,82,87,91" m="17408" machi="82" ten="60,12000,1" yaku="1,1,4,1,0,1,52,1,53,0" doraHai="3,17" doraHaiUra="63,74" who="0" fromWho="0" sc="250,169,69,-43,441,-43,200,-43" /><INIT seed="4,4,0,5,1,89" ten="419,26,398,157" oya="0" hai0="34,96,106,60,59,94,124,125,103,47,115,68,38" hai1="132,12,71,81,29,39,104,37,48,111,14,58,108" hai2="101,79,40,17,92,27,107,13,52,69,91,67,30" hai3="85,18,32,62,83,80,114,22,54,77,131,90,135"/><T3/><D115/><U10/><E71/><V130/><F79/><W98/><G32/><T20/><D68/><U0/><E104/><V113/><F40/><W78/><G131/><T33/><D3/><U36/><E132/><V42/><F130/><W95/><G114/><T84/><D20/><U76/><E29/><V123/><F123/><W23/><G135/><T87/><D38/><U120/><E0/><V1/><F42/><W122/><G122/><T100/><D47/><U15/><E120/><V46/><F1/><W55/><G62/><T2/><D2/><U117/><E117/><V112/><F101/><W26/><REACH who="3" step="1"/><G23/><REACH who="3" ten="419,26,398,147" step="2"/><T63/><D60/><U24/><E111/><V16/><F112/><W61/><G61/><T56/><D63/><U21/><E108/><V134/><F69/><W99/><G99/><T88/><D96/><U110/><E110/><V133/><F134/><W127/><G127/><T6/><D34/><U121/><E121/><V45/><F113/><W93/><G93/><T35/><D94/><U43/><E10/><V5/><F92/><W75/><AGARI ba="4,1" hai="18,22,26,54,55,75,77,78,80,83,85,90,95,98" machi="75" ten="20,5200,0" yaku="1,1,0,1,7,1,52,1,53,0" doraHai="89" doraHaiUra="31" who="3" fromWho="3" sc="419,-30,26,-17,398,-17,147,74" /><INIT seed="5,0,0,5,3,106" ten="389,9,381,221" oya="1" hai0="74,19,21,43,25,81,112,51,16,45,93,110,64" hai1="98,32,99,55,60,50,35,91,29,56,36,86,34" hai2="104,3,72,15,49,122,130,39,135,18,41,0,114" hai3="69,125,48,24,63,46,109,113,10,131,27,40,127"/><U92/><E36/><V59/><F122/><W132/><G109/><T20/><D110/><U133/><E133/><V5/><F104/><W14/><G132/><T116/><D116/><U70/><E29/><V62/><F114/><W61/><G113/><T121/><D112/><U44/><E70/><V66/><F39/><W103/><G103/><T77/><D121/><U58/><E58/><V11/><F130/><W78/><G78/><T100/><D64/><U79/><E79/><V53/><F72/><W8/><G8/><T105/><D105/><U68/><E68/><V65/><F3/><W87/><G87/><T1/><D1/><U90/><E90/><V75/><F75/><W83/><G83/><T9/><D9/><U97/><E86/><V128/><F128/><W31/><G131/><T12/><D100/><U26/><E26/><N who="3" m="9770" /><G31/><T95/><AGARI ba="0,0" hai="12,16,19,20,21,25,43,45,51,74,77,81,93,95" machi="95" ten="30,4000,0" yaku="0,1,52,1,54,1" doraHai="106" who="0" fromWho="0" sc="389,40,9,-20,381,-10,221,-10" owari="429,53.0,-11,-51.0,371,17.0,211,-19.0" /></mjloggm>