<mjloggm ver="2.3"><GO type="97" lobby="0"/><UN n0="%E5%B0%B1%E6%B4%BB%E7%94%9F%40%E5%B7%9D%E6%9D%91%E8%BB%8D%E5%9B%A3" n1="%E6%89%8B%E5%BD%B9%E3%82%A2%E3%83%BC%E3%83%86%E3%82%A3%E3%82%B9%E3%83%88" n2="%72%69%6E%39%36%39%31" n3="%E6%98%9F%E3%81%AE%E7%8C%AB" dan="15,15,14,13" rate="2085.91,2014.65,1934.85,1903.58" sx="M,M,M,M"/><TAIKYOKU oya="0"/><INIT seed="0,0,0,4,2,92" ten="250,250,250,250" oya="0" hai0="111,43,84,80,72,65,47,109,29,79,38,48,110" hai1="86,129,112,68,117,124,120,114,5,7,90,27,11" hai2="58,67,46,119,42,127,98,100,91,36,22,12,28" hai3="1,104,2,10,113,63,74,51,55,103,39,3,131"/><T89/><D29/><U52/><E117/><V81/><F119/><W96/><G113/><N who="1" m="43626" /><E120/><V106/><F127/><W66/><G131/><T34/><D34/><U16/><E68/><V44/><F44/><W37/><G51/><T99/><D65/><U70/><E70/><V125/><F125/><W41/><G55/><T115/><D115/><U6/><E124/><V49/><F81/><W64/><G10/><T78/><D38/><U35/><E35/><V21/><F91/><W82/><G64/><T19/><D19/><U88/><E52/><V45/><F28/><W102/><G102/><T130/><D130/><U118/><E118/><V9/><F58/><W20/><G20/><T97/><D79/><U50/><E50/><V61/><F61/><W13/><G13/><T23/><D23/><N who="1" m="13799" /><E129/><V132/><F67/><W116/><G116/><T135/><D135/><U4/><E86/><V53/><REACH who="2" step="1"/><F132/><REACH who="2" ten="250,250,240,250" step="2"/><W69/><G41/><T30/><D30/><U32/><E32/><V73/><F73/><W107/><G107/><T18/><D18/><AGARI ba="0,1" hai="9,12,18,21,22,36,42,45,46,49,53,98,100,106" machi="18" ten="30,3900,0" yaku="1,1,7,1,52,1,53,0" doraHai="92" doraHaiUra="85" who="2" fromWho="0" sc="250,-39,250,0,240,49,250,0" /><INIT seed="1,0,0,5,0,33" ten="211,250,289,250" oya="1" hai0="85,130,129,111,84,30,23,21,54,94,119,134,104" hai1="106,100,55,19,72,62,32,61,49,15,64,133,71" hai2="20,56,132,116,76,115,123,124,74,96,47,77,42" hai3="34,40,113,80,38,1,7,108,117,105,118,112,48"/><U53/><E72/><V88/><F123/><W83/><G108/><T36/><D104/><U69/><E32/><V59/><F116/><N who="3" m="44651" /><G34/><T114/><D119/><U87/><E87/><N who="0" m="33353" /><D36/><U50/><E100/><V24/><F115/><N who="3" m="44107" /><G105/><T63/><D114/><U27/><E27/><V0/><F132/><W6/><G48/><N who="1" m="18538" /><E19/><V4/><F124/><W109/><G109/><T16/><D111/><U97/><E15/><V91/><F20/><W70/><G70/><N who="1" m="26634" /><E97/><V43/><F24/><W120/><G120/><T122/><D122/><U128/><E133/><V12/><F12/><W17/><G17/><T86/><D134/><U25/><E25/><V92/><F91/><W93/><G93/><T90/><D30/><U26/><E26/><V65/><F77/><W68/><G68/><T41/><D16/><U103/><E103/><V79/><F79/><W57/><G57/><N who="0" m="35255" /><D41/><U45/><E106/><V28/><F28/><W18/><G18/><T22/><D130/><U73/><E73/><V14/><F43/><W44/><G7/><T95/><D129/><U37/><E128/><V9/><F14/><W121/><G121/><T126/><D126/><U39/><E64/><V82/><F65/><W75/><G75/><T125/><D125/><U81/><E81/><AGARI ba="0,0" hai="21,22,23,81,86,90,94,95" m="35255,33353" machi="81" ten="30,1000,0" yaku="8,1" doraHai="33" who="0" fromWho="1" sc="211,10,250,-10,289,0,250,0" /><INIT seed="2,0,0,0,3,26" ten="221,240,289,250" oya="2" hai0="66,53,109,99,128,68,116,41,18,37,5,55,23" hai1="90,52,79,9,95,59,87,108,93,58,96,11,111" hai2="86,130,32,47,39,1,21,46,74,15,50,12,131" hai3="83,114,88,134,98,94,129,113,51,133,122,119,34"/><V25/><F74/><W60/><G34/><T76/><D116/><U132/><E132/><N who="3" m="50794" /><G60/><T118/><D118/><U24/><E24/><V78/><F32/><W17/><G119/><T3/><D109/><N who="1" m="42059" /><E59/><V8/><F39/><W69/><G69/><T14/><D128/><N who="2" m="49194" /><F1/><W43/><G17/><T6/><D76/><U123/><E123/><V36/><F36/><W107/><G122/><T106/><D37/><U73/><E73/><V20/><F20/><W91/><G107/><T81/><D41/><U101/><E79/><V117/><F117/><W61/><G61/><AGARI ba="0,0" hai="9,11,52,58,61,87,90,93,95,96,101" m="42059" machi="61" ten="30,2000,0" yaku="14,1,54,1" doraHai="26" who="1" fromWho="3" sc="221,0,240,20,289,0,250,-20" /><INIT seed="3,0,0,4,1,121" ten="221,260,289,230" oya="3" hai0="133,72,5,45,4,36,122,99,107,58,109,73,120" hai1="62,40,103,68,34,100,15,9,3,66,70,132,71" hai2="56,33,16,89,95,76,126,22,77,135,110,27,118" hai3="81,59,83,17,30,131,104,61,47,23,0,69,39"/><W14/><G0/><T111/><D133/><U124/><E3/><V79/><F118/><W129/><G104/><T102/><D58/><U86/><E34/><V21/><F135/><W46/><G69/><T101/><D45/><N who="3" m="16905" /><G39/><T113/><D113/><U67/><E132/><V108/><F126/><W25/><G129/><T96/><D36/><U57/><E40/><V91/><F33/><W26/><G131/><T55/><D55/><U60/><E124/><V94/><F22/><N who="3" m="15671" /><G26/><T38/><D38/><U116/><E116/><V6/><F6/><W24/><G24/><T106/><AGARI ba="0,0" hai="4,5,72,73,96,99,101,102,106,107,109,111,120,122" machi="106" ten="25,8000,1" yaku="0,1,22,2,52,2" doraHai="121" who="0" fromWho="0" sc="221,80,260,-20,289,-20,230,-40" owari="301,40.0,240,-16.0,269,7.0,190,-31.0" /></mjloggm>