<mjloggm ver="2.3"><GO type="169" lobby="0"/><UN n0="%E5%A4%A9%E9%BC%93" n1="%E5%B0%B1%E6%B4%BB%E7%94%9F%40%E5%B7%9D%E6%9D%91%E8%BB%8D%E5%9B%A3" n2="%E3%81%8D%E3%81%BF%E3%81%9F%E3%81%BE%E3%81%94" n3="%E3%81%AE%E3%81%A9%E3%81%94%E3%81%97%E3%80%88%E7%94%9F%E3%80%89" dan="17,17,16,16" rate="2136.10,2173.57,2168.65,2109.44" sx="M,M,M,M"/><TAIKYOKU oya="0"/><INIT seed="0,0,0,0,2,122" ten="250,250,250,250" oya="0" hai0="57,16,27,54,90,87,24,81,114,49,0,21,47" hai1="111,132,38,58,94,33,95,112,82,120,133,127,67" hai2="103,101,135,14,64,4,118,20,119,79,36,23,52" hai3="129,110,3,32,74,55,134,42,63,35,106,96,39"/><T78/><D0/><U5/><E33/><V2/><F36/><W7/><G55/><T50/><D114/><U41/><E112/><V83/><F64/><W69/><G134/><N who="1" m="51818" /><E5/><V91/><F91/><W17/><G17/><T76/><REACH who="0" step="1"/><D27/><REACH who="0" ten="240,250,250,250" step="2"/><U13/><E120/><V9/><F2/><W11/><G3/><T15/><D15/><U117/><E13/><V48/><F135/><W31/><G129/><T25/><D25/><U71/><E117/><V51/><F118/><W29/><G29/><T6/><D6/><U19/><E19/><V124/><F119/><W97/><G31/><T18/><D18/><U72/><E127/><V44/><F124/><W107/><G7/><T59/><D59/><U26/><E26/><V30/><F30/><W70/><G69/><T1/><D1/><U10/><E71/><V130/><F130/><W28/><G70/><T77/><D77/><U8/><E58/><V104/><F20/><W85/><G28/><T37/><D37/><U75/><E38/><V65/><F23/><W43/><G39/><T88/><D88/><U34/><E34/><V105/><F14/><W86/><G35/><T121/><D121/><U68/><E68/><V84/><F4/><W93/><G32/><T131/><D131/><U73/><E10/><V40/><F9/><W115/><G11/><T116/><D116/><U45/><E8/><V12/><F12/><W99/><G115/><T109/><D109/><U80/><E111/><V102/><REACH who="2" step="1"/><F65/><REACH who="2" ten="240,250,240,250" step="2"/><W125/><G110/><T113/><D113/><U100/><E67/><V60/><F60/><W126/><G125/><RYUUKYOKU ba="0,2" sc="240,15,250,-15,240,15,250,-15" hai0="16,21,24,47,49,50,54,57,76,78,81,87,90" hai2="40,44,48,51,52,79,83,84,101,102,103,104,105" /><INIT seed="0,1,2,0,3,18" ten="255,235,255,235" oya="0" hai0="40,25,119,109,134,60,129,126,57,80,14,112,35" hai1="24,117,22,33,30,87,79,19,36,23,78,116,113" hai2="44,88,5,115,59,50,27,53,63,118,76,9,69" hai3="132,122,56,58,70,107,64,66,65,97,135,16,67"/><T32/><D119/><U91/><E36/><V108/><F108/><W21/><G122/><T94/><D112/><U31/><E113/><V6/><F76/><N who="1" m="29225" /><E33/><V62/><F118/><W7/><G7/><T103/><D109/><U45/><E117/><V52/><F115/><W86/><G70/><T93/><D126/><U72/><E72/><V49/><F9/><W34/><G86/><T127/><D127/><U20/><E45/><V47/><F27/><W3/><G34/><T90/><D134/><N who="3" m="51241" /><G3/><T13/><D129/><U48/><E48/><V133/><F133/><W55/><G55/><T26/><D40/><U102/><E102/><V61/><F69/><W11/><G11/><T131/><D131/><U0/><E0/><V130/><F130/><W68/><G68/><T98/><D80/><N who="1" m="49639" /><E116/><V125/><F125/><W110/><G110/><T114/><D114/><U10/><E24/><N who="0" m="9321" /><D35/><U128/><E128/><V84/><F59/><N who="3" m="22571" /><G107/><T73/><D73/><U41/><E41/><V12/><REACH who="2" step="1"/><F12/><AGARI ba="1,2" hai="10,12,19,20,22,23,30,31" m="49639,29225" machi="12" ten="30,7700,0" yaku="8,1,52,3" doraHai="18" who="1" fromWho="2" sc="255,0,235,100,255,-80,235,0" /><INIT seed="1,0,0,4,4,77" ten="255,335,175,235" oya="1" hai0="109,31,44,41,75,48,53,24,101,30,132,51,108" hai1="83,84,115,25,133,33,16,68,97,67,66,26,76" hai2="6,131,72,89,61,107,35,49,94,124,99,79,37" hai3="19,23,21,103,104,92,69,102,123,46,40,2,105"/><U32/><E115/><V3/><F37/><W12/><G2/><T20/><D132/><U135/><E97/><V118/><F35/><W120/><G69/><T14/><D75/><U34/><E26/><V54/><F118/><W11/><G92/><T59/><D101/><U93/><E93/><N who="2" m="56751" /><F3/><W95/><G95/><T98/><D98/><U10/><E68/><V119/><F6/><W96/><G11/><T18/><REACH who="0" step="1"/><D31/><REACH who="0" ten="245,335,175,235" step="2"/><U63/><E133/><V78/><F72/><W80/><G96/><T62/><D62/><U125/><E135/><V29/><F61/><W111/><G120/><T65/><D65/><U55/><E66/><V45/><F29/><W81/><G123/><T5/><D5/><U22/><E67/><V64/><F64/><W134/><G134/><T56/><D56/><U39/><E63/><V128/><F107/><W17/><G111/><T28/><D28/><U126/><E126/><V116/><F124/><W86/><G86/><T127/><D127/><U8/><E84/><V106/><F106/><W122/><G122/><T85/><D85/><U13/><E125/><V36/><F116/><W117/><G117/><T47/><D47/><U42/><E34/><AGARI ba="0,1" hai="14,18,20,24,30,34,41,44,48,51,53,59,108,109" machi="34" ten="40,1300,0" yaku="1,1,53,0" doraHai="77" doraHaiUra="91" who="0" fromWho="1" sc="245,23,335,-13,175,0,235,0" /><INIT seed="2,0,0,2,0,29" ten="268,322,175,235" oya="2" hai0="57,31,62,91,45,83,26,38,135,111,116,107,105" hai1="108,96,56,5,70,1,88,42,64,41,76,134,132" hai2="66,85,94,32,0,129,43,80,58,126,102,35,114" hai3="75,61,33,39,77,117,82,130,20,11,124,121,73"/><V8/><F114/><W24/><G121/><T109/><D135/><N who="1" m="51755" /><E108/><N who="0" m="41545" /><D116/><U23/><E70/><V18/><F43/><W115/><G39/><T97/><D45/><U128/><E128/><V9/><F129/><W103/><G117/><T71/><D71/><U87/><E1/><V19/><F126/><W28/><G130/><T3/><D3/><U101/><E5/><V127/><F127/><W53/><G124/><T7/><D7/><U72/><E76/><V92/><F0/><W104/><G115/><T68/><D68/><U10/><E10/><N who="2" m="4203" /><F58/><W17/><G11/><T89/><D38/><U95/><E72/><V99/><F66/><W122/><G73/><T51/><D51/><U119/><E119/><V50/><F50/><W120/><G104/><N who="0" m="40011" /><D83/><N who="1" m="49279" /><E23/><V27/><F27/><W112/><G112/><T52/><D97/><U47/><E47/><V48/><F48/><W78/><G122/><T13/><D13/><U67/><E67/><V15/><F15/><W118/><G120/><T131/><D131/><U133/><E133/><V2/><F2/><W12/><G118/><T93/><D93/><N who="2" m="35946" /><F80/><W86/><G82/><T69/><D69/><U22/><E22/><AGARI ba="0,0" hai="22,26,31,52,57,62,89,91" m="40011,41545" machi="22" ten="30,2000,0" yaku="14,1,54,1" doraHai="29" who="0" fromWho="1" sc="268,20,322,-20,175,0,235,0" /><INIT seed="3,0,0,5,1,33" ten="288,302,175,235" oya="3" hai0="29,90,0,15,78,17,45,63,88,84,35,131,132" hai1="40,62,133,68,58,79,128,93,18,9,23,4,42" hai2="73,69,24,75,74,31,115,83,106,134,41,122,118" hai3="44,60,95,47,12,55,113,135,52,125,66,102,127"/><W54/><G113/><T14/><D0/><U36/><E68/><V64/><F41/><W129/><G12/><T20/><D132/><U99/><E128/><V96/><F134/><W10/><G10/><T94/><D131/><U126/><E79/><V53/><F53/><W87/><G135/><T16/><D78/><U77/><E77/><N who="2" m="44463" /><F118/><W123/><G129/><T114/><D114/><U28/><E126/><N who="3" m="48138" /><G123/><T38/><D38/><U27/><E36/><V3/><F122/><W34/><G34/><T7/><D45/><N who="3" m="17481" /><G87/><T120/><D120/><U92/><E133/><V61/><F115/><W82/><G82/><T112/><D112/><U1/><E92/><V110/><F110/><W85/><G85/><T72/><D72/><N who="2" m="27690" /><F24/><W70/><G102/><T101/><D101/><U2/><E2/><V109/><F31/><W108/><G95/><N who="0" m="54663" /><D35/><U104/><E104/><V19/><F19/><W81/><G81/><T59/><D29/><U46/><E46/><V13/><F13/><N who="0" m="4618" /><D20/><U65/><E18/><V56/><F109/><AGARI ba="0,0" hai="52,54,55,60,66,70,108,109" m="17481,48138" machi="109" ten="40,12000,1" yaku="18,1,34,2,54,1" doraHai="33" who="3" fromWho="2" sc="288,0,302,0,175,-120,235,120" /><INIT seed="3,1,0,1,5,48" ten="288,302,55,355" oya="3" hai0="55,52,18,25,64,102,131,88,108,44,120,65,40" hai1="114,13,82,68,95,111,89,22,46,37,56,80,78" hai2="1,7,115,38,29,94,100,117,118,67,105,57,85" hai3="96,124,79,31,20,92,17,23,61,127,59,70,6"/><W11/><G70/><T47/><D120/><U27/><E68/><V75/><F57/><W101/><G79/><T113/><D108/><U76/><E111/><V24/><F67/><N who="0" m="25674" /><D131/><U43/><E114/><V19/><F85/><W5/><G31/><T26/><D113/><U126/><E13/><V133/><F94/><W28/><G28/><T3/><D3/><U116/><E116/><V35/><F100/><W63/><G63/><T93/><D102/><U134/><E126/><N who="3" m="48170" /><G61/><T121/><D121/><U86/><E56/><V2/><F19/><W50/><G17/><T33/><D33/><U49/><E37/><V15/><F15/><N who="3" m="5615" /><G6/><T106/><D106/><U107/><E134/><V110/><F24/><N who="0" m="9322" /><D18/><N who="1" m="12759" /><E107/><V77/><F29/><W97/><G97/><N who="0" m="57511" /><D40/><U42/><E43/><V129/><F7/><W54/><AGARI ba="1,0" hai="20,23,50,54,59,92,96,101" m="5615,48170" machi="54" ten="30,3000,0" yaku="18,1,52,1" doraHai="48" who="3" fromWho="3" sc="288,-11,302,-11,55,-11,355,33" /><INIT seed="3,2,0,0,4,45" ten="277,291,44,388" oya="3" hai0="5,26,115,117,27,54,21,32,78,116,51,81,56" hai1="10,18,95,121,101,9,103,1,55,49,8,22,38" hai2="87,2,65,129,75,70,114,43,92,131,124,88,63" hai3="48,94,120,93,135,40,14,85,107,46,13,80,111"/><W133/><G107/><T104/><D104/><U17/><E38/><V97/><F75/><W20/><G120/><T134/><D134/><N who="3" m="51209" /><G20/><T84/><D115/><U30/><E1/><V28/><F2/><W0/><G0/><T105/><D105/><U122/><E122/><V69/><F114/><W50/><G50/><T90/><D5/><U100/><E95/><N who="3" m="36362" /><G111/><T11/><D11/><U34/><E34/><V33/><F124/><W102/><G102/><T98/><D98/><U82/><E82/><V47/><F69/><W36/><G36/><T130/><D130/><U60/><E60/><V31/><F97/><W112/><G112/><T57/><D32/><U109/><E109/><V37/><REACH who="2" step="1"/><F33/><REACH who="2" ten="277,291,34,388" step="2"/><W15/><G15/><T58/><D116/><U77/><E121/><V25/><F25/><W3/><G3/><T16/><D117/><U106/><E106/><V62/><F62/><W128/><G128/><AGARI ba="2,1" hai="28,31,37,43,47,63,65,70,87,88,92,128,129,131" machi="128" ten="40,5200,0" yaku="1,1,19,1,54,1,53,0" doraHai="45" doraHaiUra="35" who="2" fromWho="3" sc="277,0,291,0,34,68,388,-58" /><INIT seed="4,0,0,4,0,18" ten="277,291,102,330" oya="0" hai0="113,87,27,86,111,7,10,116,59,35,17,0,93" hai1="102,20,94,89,69,60,123,52,112,62,47,6,84" hai2="43,71,130,91,45,110,107,42,57,74,77,34,56" hai3="117,33,90,82,16,78,63,66,23,121,119,81,5"/><T85/><D116/><U108/><E123/><V131/><F34/><W129/><G33/><T54/><D113/><U126/><E108/><V79/><F107/><W50/><G121/><T76/><D111/><U135/><E126/><V3/><F74/><W21/><G129/><N who="2" m="49161" /><F3/><W51/><G5/><T24/><D76/><N who="2" m="29258" /><F71/><W49/><G117/><T37/><D37/><U19/><E135/><V46/><F91/><W40/><G119/><T58/><D58/><N who="2" m="22634" /><F110/><W48/><G78/><T68/><D68/><U53/><E112/><V115/><F115/><W25/><G90/><T55/><D35/><U109/><E109/><V22/><F22/><N who="3" m="13511" /><G63/><N who="1" m="24106" /><E6/><V124/><F124/><W73/><G66/><T44/><D59/><U11/><E11/><V118/><F118/><W105/><G73/><T127/><D127/><U39/><E39/><V114/><F114/><W132/><G105/><T13/><D0/><U134/><E134/><V32/><F32/><W8/><G8/><T106/><D106/><U104/><E69/><V95/><F95/><W41/><G132/><T80/><D93/><N who="1" m="54439" /><E104/><V29/><F29/><W15/><G15/><T2/><D2/><U133/><E133/><V61/><F61/><W92/><G92/><T65/><D7/><U4/><E4/><V103/><F103/><W128/><G128/><T14/><D14/><N who="1" m="9335" /><E47/><AGARI ba="0,0" hai="42,43,45,46,47" m="22634,29258,49161" machi="47" ten="30,3900,0" yaku="28,2,19,1" doraHai="18" who="2" fromWho="1" sc="277,0,291,-39,102,39,330,0" /><INIT seed="5,0,0,3,4,46" ten="277,252,141,330" oya="1" hai0="85,74,55,50,91,5,126,7,29,60,96,24,84" hai1="64,107,12,83,125,76,135,28,42,49,14,0,128" hai2="116,92,113,30,105,108,70,75,93,134,69,100,59" hai3="132,4,16,111,17,71,66,2,117,1,67,114,18"/><U23/><E0/><V22/><F59/><W35/><G111/><T79/><D74/><U119/><E107/><V3/><F22/><W97/><G71/><T102/><D126/><U45/><E119/><V9/><F30/><W57/><G97/><T122/><D79/><U52/><E125/><V68/><F9/><W106/><G106/><T32/><D60/><U61/><E128/><V86/><F75/><W26/><G57/><T133/><D133/><U87/><E135/><V41/><F3/><W53/><G53/><T118/><D118/><U81/><E81/><V15/><F105/><W130/><G132/><T6/><D122/><U72/><E72/><V62/><F41/><W98/><G98/><T112/><D112/><U99/><E99/><V43/><F43/><W103/><G103/><T131/><D91/><U123/><E123/><V39/><F116/><W33/><G114/><T89/><D89/><U127/><E127/><V19/><F100/><W34/><G130/><T48/><D131/><U115/><E115/><V94/><F113/><W120/><G117/><T31/><D31/><U88/><E76/><V44/><F134/><W13/><G120/><T8/><D8/><U56/><E42/><N who="2" m="22623" /><F108/><W78/><G78/><T37/><D37/><U21/><E21/><N who="2" m="11519" /><F86/><N who="0" m="33386" /><D55/><U51/><E51/><N who="0" m="19497" /><D96/><U36/><E36/><V82/><F62/><W109/><G109/><T104/><D104/><U63/><E63/><V20/><F20/><N who="3" m="11279" /><G1/><T101/><D101/><U65/><E65/><N who="3" m="24586" /><G26/><AGARI ba="0,0" hai="12,14,23,26,28,45,49,52,56,61,64,83,87,88" machi="26" ten="40,12000,1" yaku="8,1,52,1,54,2" doraHai="46" who="1" fromWho="3" sc="277,0,252,120,141,0,330,-120" /><INIT seed="5,1,0,0,1,97" ten="277,372,141,210" oya="1" hai0="127,76,98,19,79,124,60,109,112,102,61,114,30" hai1="45,46,103,81,130,110,105,3,37,131,59,123,23" hai2="119,106,96,125,86,74,35,50,40,68,47,73,24" hai3="120,17,33,134,101,108,4,28,126,133,113,107,44"/><U12/><E3/><V95/><F119/><W132/><G120/><T75/><D30/><U77/><E123/><V27/><F68/><W52/><G108/><T84/><D109/><U129/><E110/><V54/><F125/><N who="0" m="48202" /><D19/><U8/><E23/><V78/><F35/><W72/><G126/><T48/><D48/><U1/><E1/><V49/><F73/><W70/><G72/><T82/><D61/><U38/><E59/><V67/><F67/><W51/><G70/><T99/><D99/><N who="1" m="61695" /><E45/><V22/><F106/><W89/><G4/><T93/><D60/><U36/><E46/><V111/><F74/><W20/><G89/><N who="0" m="51351" /><D75/><N who="1" m="43199" /><E38/><V88/><F111/><W85/><G28/><T91/><D91/><U34/><E34/><V116/><F116/><W0/><G33/><T7/><D7/><AGARI ba="1,0" hai="7,8,12,36,37,129,130,131" m="43199,61695" machi="7" ten="30,2900,0" yaku="19,1,52,1" doraHai="97" who="1" fromWho="0" sc="277,-32,372,32,141,0,210,0" /><INIT seed="5,2,0,0,0,57" ten="245,404,141,210" oya="1" hai0="26,72,48,6,27,14,17,110,128,92,67,117,88" hai1="32,111,36,64,34,73,58,90,33,97,113,38,105" hai2="130,65,20,23,101,9,60,114,19,75,70,94,21" hai3="76,47,134,120,95,109,28,63,10,3,2,82,123"/><U131/><E73/><V81/><F130/><W49/><G109/><T8/><D110/><U13/><E111/><V55/><F114/><W78/><G134/><T93/><D117/><U31/><E31/><V86/><F9/><W1/><G28/><T125/><D125/><U46/><E46/><V124/><F124/><W18/><G10/><T22/><D128/><U129/><E113/><V127/><F127/><W85/><G18/><T100/><D72/><U59/><E13/><V61/><F75/><W77/><G95/><T44/><D67/><U121/><E64/><V71/><F94/><W79/><REACH who="3" step="1"/><G63/><REACH who="3" ten="245,404,141,200" step="2"/><T42/><D100/><U118/><E129/><V43/><F101/><W132/><G132/><T107/><D107/><U98/><E105/><V87/><F19/><W83/><G83/><T11/><D93/><U122/><E131/><V35/><F81/><W68/><G68/><T84/><D11/><U96/><E33/><V116/><F116/><W41/><AGARI ba="2,1" hai="1,2,3,41,47,49,76,77,78,79,82,85,120,123" machi="41" ten="40,2700,0" yaku="1,1,0,1,53,0" doraHai="57" doraHaiUra="30" who="3" fromWho="3" sc="245,-9,404,-15,141,-9,200,43" /><INIT seed="6,0,0,0,3,2" ten="236,389,132,243" oya="2" hai0="42,93,1,12,17,59,55,107,100,51,22,47,92" hai1="122,73,124,128,8,50,20,84,75,34,65,125,89" hai2="27,36,53,106,82,24,81,16,108,120,30,113,121" hai3="38,118,90,83,33,19,31,62,32,130,80,101,88"/><V52/><F36/><W86/><G38/><T3/><D107/><U9/><E34/><V63/><F106/><W37/><G118/><T25/><D100/><U99/><E99/><V76/><F113/><W123/><G123/><T87/><D25/><U129/><E20/><V58/><F108/><W117/><G117/><T85/><D93/><N who="1" m="54439" /><E50/><V95/><F95/><W61/><G37/><N who="0" m="21967" /><D85/><U49/><E49/><V35/><F53/><W40/><G40/><T45/><D45/><U67/><E9/><V74/><REACH who="2" step="1"/><F81/><REACH who="2" ten="236,389,122,243" step="2"/><W114/><G80/><T18/><D92/><U78/><E122/><V5/><F5/><W97/><G83/><T66/><D55/><U102/><E67/><V0/><F0/><W54/><G114/><T111/><D66/><U112/><E65/><V21/><AGARI ba="0,1" hai="16,21,24,27,30,35,52,58,63,74,76,82,120,121" machi="21" ten="30,11700,0" yaku="1,1,0,1,54,2,53,0" doraHai="2" doraHaiUra="71" who="2" fromWho="2" sc="236,-39,389,-39,122,127,243,-39" /><INIT seed="6,1,0,0,4,24" ten="197,350,249,204" oya="2" hai0="73,120,59,100,7,10,72,114,84,115,132,79,32" hai1="40,112,133,57,68,75,71,20,99,29,36,11,88" hai2="77,76,28,62,113,127,48,43,31,106,47,123,44" hai3="117,37,39,50,103,93,5,55,64,25,96,23,91"/><V134/><F106/><W83/><G117/><T15/><D120/><U69/><E75/><V49/><F123/><W52/><G5/><T26/><D132/><U63/><E133/><V129/><F134/><W30/><G64/><T101/><D84/><U102/><E112/><N who="0" m="43049" /><D59/><U12/><E36/><V8/><F113/><W27/><G39/><T2/><D15/><U94/><E40/><N who="2" m="24583" /><F129/><W33/><G37/><T53/><D53/><U3/><E3/><V61/><F8/><W80/><G55/><T9/><D9/><U58/><E102/><N who="0" m="39529" /><D79/><N who="2" m="30282" /><F127/><W110/><G110/><T95/><D95/><U81/><E11/><V131/><F131/><W14/><G14/><T18/><D18/><U21/><E68/><V42/><F42/><W35/><G35/><T22/><D22/><U51/><E21/><V46/><F46/><W92/><G92/><T121/><D121/><U124/><E20/><V86/><F86/><W45/><REACH who="3" step="1"/><G103/><REACH who="3" ten="197,350,249,194" step="2"/><T60/><D60/><AGARI ba="1,1" hai="28,31,43,47,49,60,61,62" m="30282,24583" machi="60" ten="30,5800,0" yaku="8,1,52,2" doraHai="24" who="2" fromWho="0" sc="197,-61,350,0,249,71,194,0" /><INIT seed="6,2,0,4,0,62" ten="136,350,320,194" oya="2" hai0="58,94,103,90,30,112,89,115,96,91,33,87,29" hai1="36,73,110,106,13,76,1,35,123,75,83,64,55" hai2="134,52,59,86,40,131,34,51,67,72,28,48,6" hai3="126,17,21,128,37,124,92,98,74,65,47,11,111"/><V5/><F72/><W117/><G74/><T56/><D87/><U19/><E1/><V20/><F34/><W38/><G111/><T113/><REACH who="0" step="1"/><D33/><REACH who="0" ten="126,350,320,194" step="2"/><U84/><E35/><V120/><F86/><W14/><G117/><T45/><D45/><U121/><E84/><V63/><F120/><W101/><G47/><T104/><D104/><U31/><E106/><V53/><F134/><W57/><G128/><T85/><D85/><U100/><E75/><V61/><F131/><W79/><G79/><T105/><D105/><U23/><E76/><V118/><F118/><W69/><G69/><T81/><D81/><U4/><E83/><V27/><F40/><W39/><REACH who="3" step="1"/><G11/><REACH who="3" ten="126,350,320,184" step="2"/><T43/><D43/><U129/><E73/><V60/><F67/><W109/><G109/><T127/><D127/><U8/><E64/><V7/><F53/><W2/><G2/><T122/><D122/><U12/><E55/><V0/><F0/><W114/><G114/><T42/><D42/><U125/><E129/><V93/><F93/><W135/><G135/><T88/><N who="0" m="22528" /><DORA hai="25" /><T97/><D97/><U133/><E125/><V107/><F107/><W119/><G119/><T102/><D102/><U132/><E100/><V9/><F9/><W22/><G22/><T99/><D99/><U24/><E132/><V44/><F44/><W46/><G46/><T26/><D26/><U68/><E133/><V95/><F95/><W70/><G70/><T49/><D49/><AGARI ba="2,2" hai="5,6,7,20,27,28,48,49,51,52,59,60,61,63" machi="49" ten="40,7700,0" yaku="8,1,52,1,54,1" doraHai="62,25" who="2" fromWho="0" sc="126,-83,350,0,320,103,184,0" /><INIT seed="6,3,0,4,5,95" ten="43,350,423,184" oya="2" hai0="85,32,11,12,57,83,113,75,90,44,66,118,77" hai1="100,63,112,123,0,51,19,7,47,56,122,117,108" hai2="28,4,88,55,134,36,84,41,42,131,73,82,54" hai3="111,115,71,89,128,98,96,68,6,52,61,101,15"/><V133/><F131/><W62/><G128/><T35/><D113/><U124/><E112/><V130/><F130/><W2/><G111/><T33/><D118/><U120/><E108/><V125/><F28/><W119/><G2/><T29/><D29/><U60/><E117/><V78/><F4/><W103/><G115/><T105/><D105/><U79/><E124/><V13/><F125/><W81/><G119/><T74/><D77/><U25/><E79/><V67/><F67/><W91/><G6/><T23/><D23/><N who="1" m="13567" /><E100/><N who="3" m="38474" /><G15/><T76/><D57/><U64/><E63/><N who="3" m="24074" /><G68/><T40/><D66/><U16/><E16/><V92/><F13/><W127/><G71/><T116/><D90/><N who="3" m="34313" /><G127/><T38/><REACH who="0" step="1"/><D116/><REACH who="0" ten="33,350,423,184" step="2"/><U126/><E126/><V27/><F78/><W10/><G10/><T20/><D20/><U109/><E109/><V39/><F88/><W50/><G81/><T49/><D49/><U135/><E120/><V26/><F82/><W45/><AGARI ba="3,1" hai="45,50,52,96,98" m="34313,24074,38474" machi="45" ten="30,7900,0" yaku="8,1,52,2,54,1" doraHai="95" who="3" fromWho="3" sc="33,-23,350,-23,423,-42,184,98" /><INIT seed="7,0,0,3,0,60" ten="10,327,381,282" oya="3" hai0="34,122,100,67,99,134,87,84,1,53,112,23,42" hai1="61,30,39,130,45,86,77,9,33,62,3,82,107" hai2="24,32,90,97,111,115,5,13,71,63,0,14,58" hai3="95,6,36,131,31,75,70,119,25,44,41,54,73"/><W91/><G119/><T50/><D23/><U78/><E107/><V40/><F71/><W46/><G70/><T64/><D99/><U51/><E39/><V56/><F0/><W101/><G131/><T105/><D100/><U11/><E130/><V57/><F40/><W92/><G6/><T48/><D42/><N who="1" m="25015" /><E33/><V29/><F115/><W89/><G101/><T22/><D22/><U16/><E3/><V43/><F43/><W113/><G113/><T66/><D1/><U35/><E35/><V102/><F111/><W69/><G69/><T55/><D34/><U21/><E30/><V118/><F118/><W2/><G2/><T37/><D105/><U127/><E78/><V126/><F90/><W108/><G108/><T17/><D37/><U18/><E18/><V81/><F81/><W49/><G25/><T125/><D122/><U120/><E120/><V98/><F5/><W93/><REACH who="3" step="1"/><G31/><REACH who="3" ten="10,327,381,272" step="2"/><T96/><D112/><U121/><E121/><V19/><F102/><W103/><G103/><T7/><D7/><U129/><E129/><V85/><F24/><W83/><G83/><T65/><N who="0" m="16384" /><DORA hai="4" /><T106/><D106/><U72/><E127/><V128/><F126/><W135/><G135/><T12/><D125/><U10/><E72/><AGARI ba="0,1" hai="36,41,44,46,49,54,72,73,75,89,91,92,93,95" machi="72" ten="40,2000,0" yaku="1,1,53,0" doraHai="60,4" doraHaiUra="20,59" who="3" fromWho="1" sc="10,0,327,-20,381,0,272,30" /><INIT seed="7,1,0,2,4,61" ten="10,307,381,302" oya="3" hai0="5,104,48,80,1,26,68,28,134,27,88,45,32" hai1="96,118,46,117,40,56,133,91,10,74,108,111,15" hai2="12,72,106,114,129,37,97,89,110,2,21,109,120" hai3="31,54,122,94,47,93,42,39,73,41,92,99,44"/><W9/><G73/><T59/><D134/><U34/><E34/><V121/><F2/><W90/><G122/><N who="2" m="47209" /><F114/><W82/><G54/><T125/><D59/><U119/><E74/><V3/><F3/><W101/><G31/><T128/><D88/><U102/><E133/><V107/><F37/><W127/><G127/><T64/><D48/><N who="1" m="26695" /><E91/><V116/><F72/><W4/><G82/><T6/><D45/><U63/><E63/><V126/><F129/><W36/><REACH who="3" step="1"/><G101/><REACH who="3" ten="10,307,381,292" step="2"/><T67/><D68/><U60/><E102/><V87/><F126/><W71/><G71/><T66/><D66/><N who="1" m="39175" /><E96/><V78/><F97/><W115/><G115/><T11/><D125/><U8/><E8/><V18/><F116/><W113/><G113/><T95/><D67/><U30/><E30/><V62/><F62/><W79/><G79/><T17/><D64/><U50/><E50/><V85/><F78/><W13/><AGARI ba="1,1" hai="4,9,13,36,39,41,42,44,47,90,92,93,94,99" machi="13" ten="20,7800,0" yaku="1,1,0,1,7,1,9,1,53,0" doraHai="61" doraHaiUra="19" who="3" fromWho="3" sc="10,-27,307,-27,381,-27,292,91" owari="-17,-52.0,280,-12.0,354,15.0,383,49.0" /></mjloggm>