<mjloggm ver="2.3"><GO type="97" lobby="0"/><UN n0="%72%61%79%33%32%30" n1="%4F%4E%4F%46%46" n2="%E5%B7%9D%E6%9D%91%E8%BB%8D%E5%9B%A3%E8%BB%8D%E6%9D%91%E5%B7%9D" n3="%E5%B0%B1%E6%B4%BB%E7%94%9F%40%E5%B7%9D%E6%9D%91%E8%BB%8D%E5%9B%A3" dan="14,14,15,14" rate="1936.19,1896.85,2090.35,2015.76" sx="F,M,F,M"/><TAIKYOKU oya="0"/><INIT seed="0,0,0,5,3,55" ten="250,250,250,250" oya="0" hai0="133,58,44,53,57,31,62,96,70,72,107,64,93" hai1="99,68,110,91,7,9,76,116,63,35,2,89,56" hai2="130,71,78,11,74,26,121,103,101,29,86,52,119" hai3="135,22,38,102,106,28,37,98,24,109,83,104,12"/><T19/><D72/><U113/><E116/><V23/><F121/><W33/><G135/><T8/><D133/><U75/><E68/><V111/><F119/><W73/><G109/><T108/><D107/><U134/><E35/><V65/><F111/><W4/><G106/><T126/><D108/><U34/><E34/><V40/><F130/><W88/><G73/><T92/><D126/><U129/><E110/><V51/><F74/><W90/><G90/><T0/><D31/><U10/><E134/><V48/><F71/><W5/><G5/><T3/><D3/><U14/><E129/><V17/><F65/><W82/><G82/><T43/><D70/><U42/><E42/><V97/><F97/><W47/><G47/><T32/><D32/><U60/><E113/><V25/><F11/><W18/><REACH who="3" step="1"/><G4/><REACH who="3" ten="250,250,250,240" step="2"/><T59/><D64/><U13/><E91/><V84/><F78/><W69/><G69/><T87/><D0/><U122/><E2/><V27/><F103/><W112/><G112/><T36/><D87/><AGARI ba="0,1" hai="12,18,22,24,28,33,37,38,83,87,88,98,102,104" machi="87" ten="40,5200,0" yaku="1,1,54,1,53,1" doraHai="55" doraHaiUra="80" who="3" fromWho="0" sc="250,-52,250,0,250,0,240,62" /><INIT seed="1,0,0,4,2,41" ten="198,250,250,302" oya="1" hai0="105,125,104,121,109,13,7,75,3,48,71,83,4" hai1="129,54,65,31,133,130,97,49,21,84,12,66,27" hai2="62,89,44,68,40,95,19,110,93,123,91,18,135" hai3="1,43,100,42,50,25,126,39,56,107,63,94,60"/><U77/><E133/><V127/><F123/><W37/><G107/><T108/><D71/><U124/><E97/><V34/><F34/><W14/><G1/><T134/><D134/><U9/><E124/><V55/><F135/><W69/><G25/><T81/><D125/><U92/><E77/><V58/><F127/><W29/><G29/><T22/><D121/><U85/><E85/><V111/><F68/><W90/><G100/><T117/><D117/><U53/><E53/><V132/><F132/><W33/><G33/><T80/><D75/><U5/><E92/><V30/><F30/><W17/><G126/><T116/><D116/><U61/><E84/><V101/><F101/><W102/><G102/><T52/><D3/><U76/><E76/><V32/><F32/><W79/><G79/><T35/><D35/><U2/><E2/><V86/><F111/><N who="0" m="42570" /><D22/><U98/><E98/><V47/><F110/><W82/><G82/><N who="0" m="20995" /><T113/><DORA hai="99" /><D113/><U88/><E88/><V73/><F73/><W20/><G69/><T8/><D4/><U28/><E28/><V96/><F40/><N who="3" m="15403" /><G39/><T106/><D106/><U59/><REACH who="1" step="1"/><E66/><REACH who="1" ten="198,240,250,302" step="2"/><V45/><AGARI ba="0,1" hai="18,19,44,45,47,55,58,62,86,89,91,93,95,96" machi="45" ten="30,8000,1" yaku="0,1,8,1,52,3" doraHai="41,99" who="2" fromWho="2" sc="198,-20,240,-40,250,90,302,-20" /><INIT seed="2,0,0,4,5,85" ten="178,200,340,282" oya="2" hai0="116,112,57,48,44,128,106,70,113,83,115,82,35" hai1="118,75,19,30,14,60,99,66,117,78,67,72,8" hai2="3,124,40,1,130,25,37,87,18,61,103,53,56" hai3="46,68,91,50,108,2,114,80,125,64,65,129,31"/><V74/><F74/><W95/><G2/><T105/><D35/><U34/><E67/><N who="3" m="25674" /><G68/><T110/><D70/><U79/><E99/><V109/><F87/><N who="3" m="50663" /><G114/><T88/><D57/><U12/><E12/><V54/><F25/><W28/><G129/><T131/><D48/><U45/><E45/><V33/><F109/><W120/><G125/><T81/><D44/><U27/><E79/><V98/><F18/><W9/><G120/><T24/><D24/><U134/><E134/><V58/><F40/><N who="3" m="24903" /><G108/><T135/><D110/><U94/><E94/><V29/><F37/><W41/><G41/><T69/><D69/><U123/><E123/><V47/><F130/><N who="0" m="49706" /><D135/><U111/><E111/><V55/><F124/><W71/><G71/><T26/><D26/><U86/><E118/><V121/><F121/><W90/><G9/><T39/><D39/><U122/><E117/><V21/><F33/><W5/><G5/><T43/><D43/><U7/><E7/><V63/><F29/><W22/><G22/><T76/><D116/><U6/><E6/><V0/><F21/><W73/><G73/><T38/><D38/><U42/><E122/><V89/><F47/><W93/><G93/><T107/><D76/><U20/><E42/><V102/><F53/><W97/><AGARI ba="0,0" hai="28,31,90,95,97" m="24903,50663,25674" machi="97" ten="30,4000,0" yaku="8,1,52,2" doraHai="85" who="3" fromWho="3" sc="178,-10,200,-10,340,-20,282,40" /><INIT seed="3,0,0,2,2,80" ten="168,190,320,322" oya="3" hai0="129,101,88,65,97,100,36,54,2,62,76,18,20" hai1="49,128,45,125,67,113,78,63,56,119,17,120,116" hai2="103,112,105,59,82,118,95,70,47,126,27,99,30" hai3="34,86,114,0,89,91,94,93,75,115,32,7,9"/><W106/><G75/><T79/><D2/><U71/><E120/><V6/><F118/><N who="1" m="45097" /><E113/><V29/><F112/><W1/><G106/><T96/><D36/><U68/><E78/><V124/><F70/><N who="1" m="26665" /><E17/><V39/><F6/><W64/><G64/><T3/><D129/><U58/><E128/><V107/><F82/><W46/><G46/><T11/><D3/><U23/><E23/><V111/><F111/><W41/><G41/><T83/><D11/><U108/><E108/><V81/><F81/><W48/><G48/><T102/><D65/><U31/><E31/><V122/><F122/><W4/><G86/><N who="0" m="50271" /><D62/><U55/><E125/><N who="2" m="48235" /><F59/><AGARI ba="0,0" hai="45,49,55,56,58,59,63,67" m="26665,45097" machi="59" ten="30,3900,0" yaku="12,1,34,2" doraHai="80" who="1" fromWho="2" sc="168,0,190,39,320,-39,322,0" owari="168,-33.0,229,-17.0,281,8.0,322,42.0" /></mjloggm>