<mjloggm ver="2.3"><GO type="41" lobby="0"/><UN n0="%E5%B0%B1%E6%B4%BB%E7%94%9F%40%E5%B7%9D%E6%9D%91%E8%BB%8D%E5%9B%A3" n1="%74%65%6E%68%6F%6F%6F%75" n2="%E3%81%92%E3%82%93%E3%81%A1%E3%82%87%E3%83%90%E3%82%B9%E3%82%BF%E3%83%BC" n3="%E3%81%96%E3%81%84%E3%81%8B%E2%98%86" dan="15,13,13,15" rate="2012.56,1832.86,1885.37,1968.67" sx="M,M,M,F"/><TAIKYOKU oya="0"/><INIT seed="0,0,0,2,1,135" ten="250,250,250,250" oya="0" hai0="119,108,122,9,68,127,33,111,37,115,80,54,77" hai1="19,17,102,95,116,90,10,118,28,133,67,83,52" hai2="27,112,51,59,89,1,64,63,98,87,62,81,123" hai3="120,61,31,7,58,56,113,0,29,46,88,126,47"/><T94/><D33/><U71/><E28/><V91/><F123/><W121/><G113/><T30/><D122/><N who="3" m="47209" /><G7/><T18/><D115/><U97/><E133/><V99/><F1/><W69/><G0/><T107/><D119/><U104/><E83/><V82/><F112/><W15/><G15/><T92/><D107/><U76/><E76/><V45/><F27/><W16/><G69/><T93/><D68/><U3/><E17/><V131/><F63/><W55/><G56/><T50/><D37/><U74/><E74/><V125/><F131/><W79/><G79/><T84/><D30/><N who="3" m="11273" /><G16/><T39/><D39/><U106/><E106/><V109/><F82/><W13/><G13/><T25/><D25/><U110/><E3/><V117/><F117/><W43/><G43/><T36/><D36/><U73/><E73/><V75/><F75/><W53/><G53/><T129/><D129/><U128/><E52/><V24/><F24/><W72/><G72/><T124/><D18/><U2/><E2/><V41/><F81/><W114/><G114/><T34/><D34/><U101/><E128/><V14/><F14/><W134/><G134/><T26/><D26/><U40/><E118/><V85/><F41/><W48/><G61/><T4/><D9/><U23/><E10/><V12/><F59/><W86/><G126/><N who="0" m="48171" /><D4/><U8/><E8/><V96/><F125/><W44/><G44/><AGARI ba="0,0" hai="44,50,54,77,80,84,92,93,94,108,111" m="48171" machi="44" ten="40,12000,1" yaku="18,1,52,3" doraHai="135" who="0" fromWho="3" sc="250,120,250,0,250,0,250,-120" /><INIT seed="0,1,0,3,0,1" ten="370,250,250,130" oya="0" hai0="115,98,50,68,84,22,70,11,82,2,109,116,122" hai1="44,25,27,66,125,67,19,60,58,29,21,13,23" hai2="114,69,46,83,134,71,95,90,130,79,72,33,101" hai3="12,97,5,31,91,106,9,56,8,110,80,129,28"/><T103/><D116/><U128/><E125/><V36/><F114/><W18/><G129/><T113/><D122/><U107/><E107/><V93/><F130/><W131/><G110/><T99/><D109/><U43/><E128/><V111/><F111/><W133/><G131/><T34/><D34/><U77/><E77/><V75/><F134/><W42/><G133/><T100/><D22/><U57/><E67/><V45/><F33/><W118/><G118/><T47/><D11/><U78/><E78/><V92/><F101/><W41/><G106/><T16/><D2/><U65/><E65/><V37/><F90/><W32/><G56/><T3/><D3/><U86/><E86/><V52/><F52/><W15/><G32/><T14/><D70/><N who="2" m="26634" /><F83/><W88/><G80/><T73/><D68/><U85/><E85/><V53/><F53/><W124/><G124/><T63/><D73/><N who="2" m="28234" /><F79/><W55/><G55/><T127/><D63/><U38/><E58/><V112/><F112/><W126/><G126/><T132/><D127/><U104/><E104/><V4/><F4/><W61/><G61/><T105/><D132/><U121/><REACH who="1" step="1"/><E25/><REACH who="1" ten="370,240,250,130" step="2"/><V26/><F26/><W108/><G108/><T94/><D115/><U49/><E49/><V87/><F87/><W35/><G35/><T17/><D113/><U89/><E89/><N who="3" m="34378" /><G97/><T24/><D24/><U48/><E48/><V30/><F30/><AGARI ba="1,1" hai="5,8,9,12,15,18,28,30,31,41,42" m="34378" machi="30" ten="30,3900,0" yaku="8,1,52,1,54,1" doraHai="1" who="3" fromWho="2" sc="370,0,240,0,250,-42,130,52" /><INIT seed="1,0,0,3,0,9" ten="370,240,208,182" oya="1" hai0="82,120,106,11,68,16,56,44,63,17,26,58,71" hai1="118,34,122,1,73,25,104,49,129,29,22,77,70" hai2="130,79,10,28,125,69,110,47,128,27,41,90,132" hai3="45,134,80,127,131,30,5,65,62,123,38,64,75"/><U91/><E122/><V114/><F69/><W14/><G123/><T135/><D106/><U35/><E118/><V36/><F79/><W12/><G127/><T124/><D120/><U112/><E112/><V23/><F125/><W95/><G65/><T84/><D124/><U85/><E70/><V4/><F114/><W115/><G115/><T54/><D135/><U53/><E104/><V83/><F132/><W103/><G5/><T52/><D44/><U61/><E61/><V92/><F110/><W32/><G134/><T67/><D67/><U113/><E1/><V76/><F90/><W108/><G30/><T107/><D107/><U2/><E2/><N who="2" m="279" /><F92/><W72/><G32/><T42/><D42/><U55/><E113/><V117/><F117/><W101/><G80/><T60/><D26/><U21/><E34/><V24/><F24/><W39/><G45/><T119/><D119/><U19/><E35/><V50/><F50/><W6/><G6/><T100/><D100/><N who="3" m="38473" /><G62/><T7/><D71/><U87/><E73/><AGARI ba="0,0" hai="23,27,28,36,41,47,73,76,83,128,130" m="279" machi="73" ten="30,1000,0" yaku="25,1" doraHai="9" who="2" fromWho="1" sc="370,0,240,-10,208,10,182,0" /><INIT seed="2,0,0,4,2,96" ten="370,230,218,182" oya="2" hai0="62,125,20,37,59,8,13,0,45,67,28,35,129" hai1="105,15,38,127,123,1,114,3,4,61,66,99,56" hai2="60,79,11,55,73,18,90,95,50,70,7,113,84" hai3="119,107,33,115,126,42,57,97,31,106,52,78,23"/><V27/><F113/><W69/><G119/><T44/><D125/><U16/><E114/><V130/><F130/><W65/><G126/><T19/><D129/><U41/><E127/><V48/><F48/><W109/><G115/><T122/><D37/><U82/><E123/><V46/><F70/><W36/><G78/><T5/><REACH who="0" step="1"/><D122/><REACH who="0" ten="360,230,218,182" step="2"/><U63/><E38/><V75/><F73/><W116/><G116/><T111/><D111/><U25/><E1/><V30/><F75/><W29/><G109/><T21/><D21/><U24/><E3/><V53/><F11/><W108/><G108/><T89/><D89/><U88/><E88/><V121/><F79/><W81/><G23/><T32/><D32/><U91/><E91/><V51/><F121/><W132/><G33/><T86/><D86/><U34/><E34/><V40/><F90/><W71/><G36/><T77/><D77/><U94/><E99/><V128/><F84/><W68/><G97/><T47/><D47/><U80/><E94/><V85/><F95/><W131/><G131/><T10/><D10/><U58/><E80/><V134/><F46/><W9/><G81/><T103/><D103/><U118/><E82/><V110/><F85/><W76/><G9/><T83/><D83/><U2/><E118/><V133/><F110/><W72/><G76/><T100/><D100/><U54/><E2/><V98/><F98/><W12/><G106/><T135/><D135/><U74/><E105/><V112/><F128/><W101/><G132/><T87/><D87/><U93/><E74/><V22/><F133/><W26/><G72/><RYUUKYOKU ba="0,1" sc="360,30,230,-10,218,-10,182,-10" hai0="0,5,8,13,19,20,28,35,44,45,59,62,67" /><INIT seed="3,1,1,1,5,55" ten="390,220,208,172" oya="3" hai0="90,103,39,16,124,43,34,25,6,45,113,5,122" hai1="29,3,96,125,76,47,14,69,53,7,121,72,92" hai2="105,64,80,101,100,87,38,27,129,11,40,52,117" hai3="111,131,63,2,22,85,74,51,115,26,18,93,62"/><W116/><G2/><T89/><D122/><U106/><E121/><V78/><F117/><W98/><G115/><T30/><D124/><U33/><E69/><V79/><F129/><W0/><G116/><T112/><D103/><U41/><E53/><V99/><F101/><W28/><G0/><T67/><D67/><U9/><E125/><V94/><F64/><W81/><G74/><T133/><D133/><U71/><E71/><V35/><F105/><W54/><G28/><T8/><D16/><U102/><E92/><V37/><F40/><W4/><G4/><T118/><D118/><U107/><E14/><V32/><F79/><N who="3" m="46271" /><G131/><T88/><REACH who="0" step="1"/><D6/><REACH who="0" ten="380,220,208,172" step="2"/><U24/><E102/><V23/><F100/><N who="3" m="60495" /><G111/><T65/><D65/><U84/><E96/><V19/><F99/><W49/><G49/><T104/><D104/><U108/><E108/><V17/><F38/><W70/><G70/><T91/><N who="0" m="23040" /><DORA hai="127" /><T50/><D50/><U58/><E107/><V12/><F94/><W130/><G130/><T120/><D120/><U83/><E106/><V97/><F37/><W46/><AGARI ba="1,2" hai="18,22,26,46,51,54,62,63" m="60495,46271" machi="46" ten="30,1500,0" yaku="8,1" doraHai="55,127" who="3" fromWho="3" sc="380,-6,220,-6,208,-6,172,38" /><INIT seed="3,2,0,1,1,120" ten="374,214,202,210" oya="3" hai0="119,29,125,132,23,15,60,93,10,62,121,52,76" hai1="122,39,22,97,38,129,104,81,37,58,63,133,19" hai2="78,53,13,118,90,107,67,74,95,100,127,48,116" hai3="0,43,111,73,126,41,134,61,99,54,80,30,50"/><W34/><G0/><T32/><D32/><U96/><E122/><V103/><F67/><W6/><G134/><T71/><D121/><U94/><E104/><V105/><F13/><W18/><G126/><T88/><D119/><U84/><E133/><V45/><F127/><W131/><G131/><T20/><D132/><U9/><E9/><V4/><F4/><W77/><G6/><N who="0" m="3543" /><D71/><U8/><E8/><V101/><F116/><W47/><G99/><N who="0" m="57767" /><D125/><U87/><E129/><V57/><F118/><W44/><G111/><T75/><D75/><U82/><E96/><V98/><F105/><W33/><G61/><N who="0" m="23659" /><D29/><U66/><E37/><V24/><F107/><W42/><G30/><T56/><D76/><U28/><E28/><V124/><F78/><W79/><G79/><T128/><D128/><U2/><E2/><V27/><F74/><W1/><G1/><T85/><D85/><N who="1" m="32843" /><E38/><V7/><F124/><W12/><REACH who="3" step="1"/><G44/><REACH who="3" ten="374,214,202,200" step="2"/><T115/><D115/><U72/><E72/><V5/><F7/><W68/><G68/><T14/><D14/><N who="1" m="9591" /><E39/><V31/><F31/><W108/><G108/><T113/><D113/><U70/><E70/><V16/><F5/><W112/><G112/><T17/><D17/><U49/><E49/><AGARI ba="2,1" hai="20,23,49,52,56" m="23659,57767,3543" machi="49" ten="30,3900,0" yaku="8,1,54,2" doraHai="120" who="0" fromWho="1" sc="374,55,214,-45,202,0,200,0" /><INIT seed="4,0,0,2,5,11" ten="429,169,202,200" oya="0" hai0="111,100,83,132,57,97,129,33,61,29,9,41,74" hai1="67,101,25,23,69,50,126,125,28,13,8,93,21" hai2="135,4,96,32,65,39,99,116,35,30,117,20,72" hai3="37,19,66,95,3,98,91,43,80,73,51,133,40"/><T59/><D111/><U47/><E69/><V71/><F135/><W110/><G110/><T45/><D129/><U34/><E67/><V54/><F54/><W77/><G3/><T124/><D124/><N who="1" m="47723" /><E93/><V49/><F65/><W87/><G37/><T109/><D109/><U64/><E64/><V55/><F71/><W78/><G78/><T85/><D132/><U22/><E101/><V107/><F39/><W92/><G133/><T76/><D33/><U82/><E82/><V44/><F32/><W1/><G1/><T48/><D29/><U81/><E81/><V114/><F35/><W52/><G66/><T112/><D112/><U127/><N who="1" m="47731" /><U24/><DORA hai="63" /><E24/><N who="2" m="16647" /><F72/><W102/><REACH who="3" step="1"/><G19/><REACH who="3" ten="429,169,202,190" step="2"/><T104/><D74/><U2/><E2/><V12/><F117/><W105/><G105/><T88/><D76/><U60/><E60/><V113/><F116/><W68/><G68/><T70/><D61/><U79/><E79/><V106/><F107/><W131/><G131/><T123/><D70/><U16/><E34/><V6/><F106/><W89/><G89/><T31/><D123/><U38/><E38/><V14/><F113/><W15/><G15/><N who="2" m="5673" /><F114/><W17/><G17/><T27/><D104/><U62/><E62/><V128/><F128/><W18/><G18/><T36/><D88/><U10/><E10/><V118/><F118/><W53/><G53/><AGARI ba="0,1" hai="8,13,16,21,22,23,25,28,47,50,53" m="47731" machi="53" ten="40,5200,0" yaku="18,1,52,1,54,1" doraHai="11,63" who="1" fromWho="3" sc="429,0,169,62,202,0,190,-52" /><INIT seed="5,0,0,1,0,48" ten="429,231,202,138" oya="1" hai0="76,17,118,31,43,13,54,77,24,39,78,92,98" hai1="26,56,35,99,61,23,25,9,7,113,83,105,109" hai2="44,55,131,129,14,85,36,67,51,117,122,89,68" hai3="63,22,28,96,104,116,82,53,125,70,112,11,59"/><U84/><E35/><V114/><F117/><W10/><G125/><T119/><D39/><U29/><E26/><V128/><F122/><W79/><G112/><T40/><D118/><U108/><E113/><V12/><F114/><W100/><G70/><T130/><D119/><U32/><E32/><V75/><F75/><W5/><G116/><T80/><D130/><U1/><E99/><V107/><F107/><W87/><REACH who="3" step="1"/><G5/><REACH who="3" ten="429,231,202,128" step="2"/><T95/><D80/><U15/><E7/><V123/><F123/><W27/><AGARI ba="0,1" hai="10,11,22,27,28,53,59,63,79,82,87,96,100,104" machi="27" ten="30,8000,1" yaku="1,1,2,1,0,1,52,1,53,1" doraHai="48" doraHaiUra="49" who="3" fromWho="3" sc="429,-20,231,-40,202,-20,128,90" /><INIT seed="6,0,0,3,1,92" ten="409,191,182,218" oya="2" hai0="122,114,19,104,65,33,62,54,131,59,78,70,28" hai1="72,25,79,51,102,132,121,113,101,134,16,108,125" hai2="3,0,85,123,118,69,18,20,84,52,36,17,88" hai3="100,112,128,68,21,73,74,127,12,76,86,10,4"/><V41/><F123/><W29/><G68/><T38/><D122/><U56/><E121/><V48/><F118/><W58/><G127/><T116/><D104/><U2/><E2/><V111/><F69/><W98/><G128/><T31/><D38/><U83/><E108/><V1/><F111/><W115/><G86/><T15/><D116/><U110/><E110/><V22/><F36/><W109/><G109/><T99/><D114/><N who="3" m="43561" /><G76/><T39/><D39/><U67/><E113/><V47/><F85/><W55/><G21/><T50/><D131/><U124/><E16/><V57/><F20/><W32/><G29/><T129/><D78/><U90/><E25/><V34/><F22/><W126/><G32/><T91/><D33/><U44/><E90/><V82/><REACH who="2" step="1"/><F34/><REACH who="2" ten="409,191,172,218" step="2"/><W95/><G126/><T117/><D117/><U81/><E124/><V13/><F13/><W80/><G80/><T63/><D129/><U66/><E83/><V6/><F6/><W120/><G120/><T5/><D5/><U26/><E125/><V40/><F40/><W87/><G87/><T43/><D43/><N who="1" m="24991" /><E26/><V37/><AGARI ba="0,1" hai="0,1,3,17,18,37,41,47,48,52,57,82,84,88" machi="37" ten="30,11700,0" yaku="1,1,0,1,54,2,53,0" doraHai="92" doraHaiUra="119" who="2" fromWho="2" sc="409,-39,191,-39,172,127,218,-39" /><INIT seed="6,1,0,1,0,108" ten="370,152,299,179" oya="2" hai0="59,62,96,16,109,69,92,27,82,119,118,42,1" hai1="66,128,90,80,133,71,57,2,97,13,3,45,115" hai2="81,46,47,8,23,104,18,43,94,26,41,20,134" hai3="63,9,131,88,10,44,89,105,106,60,79,5,12"/><V35/><F134/><W48/><G131/><T19/><D109/><U68/><E133/><V85/><F104/><W24/><G105/><T61/><D1/><U53/><E128/><V117/><F117/><N who="0" m="44554" /><D42/><N who="2" m="15882" /><F35/><W34/><G106/><T39/><D39/><U95/><E80/><V111/><F94/><W78/><G34/><T77/><D69/><U0/><E13/><N who="2" m="7463" /><F111/><W64/><G24/><T33/><D33/><U49/><E68/><V124/><F124/><W116/><G116/><T32/><D32/><U38/><E0/><V127/><F127/><W29/><G29/><T86/><D27/><U65/><E65/><V36/><F36/><W122/><G122/><T28/><D28/><U30/><E30/><N who="2" m="17735" /><F23/><W58/><G10/><T70/><D70/><U135/><E135/><V113/><F113/><W50/><G44/><T75/><D75/><U74/><E74/><V123/><F123/><W21/><G21/><T83/><D83/><U112/><E2/><V129/><F129/><W121/><G121/><T101/><D62/><N who="1" m="40407" /><E3/><V102/><F102/><W103/><G103/><T31/><D31/><U132/><E132/><V56/><F56/><W51/><G63/><T55/><AGARI ba="1,0" hai="16,19,55,59,61,77,82,86,92,96,101" m="44554" machi="55" ten="30,2000,0" yaku="12,1,54,1" doraHai="108" who="0" fromWho="0" sc="370,23,152,-6,299,-11,179,-6" /><INIT seed="7,0,0,3,3,32" ten="393,146,288,173" oya="3" hai0="110,121,105,23,40,2,100,7,44,58,79,74,30" hai1="83,123,21,88,25,85,67,37,103,90,111,59,128" hai2="113,19,15,96,24,17,16,69,34,98,81,86,38" hai3="82,70,101,66,92,45,115,71,106,119,72,51,77"/><W57/><G119/><T80/><D121/><U131/><E37/><V36/><F69/><W3/><G115/><T78/><D110/><U65/><E111/><V107/><F113/><W33/><G33/><T62/><D79/><N who="1" m="46335" /><E103/><V89/><F36/><W50/><G106/><T9/><D100/><U84/><E123/><V127/><F38/><W6/><G57/><T39/><D105/><U76/><E76/><V87/><F127/><W109/><G109/><T68/><D68/><U20/><E20/><V14/><F107/><W12/><G12/><N who="2" m="4649" /><F24/><W118/><G118/><T55/><D23/><U47/><E47/><V48/><F48/><W108/><G108/><T102/><D102/><U64/><E59/><V133/><F133/><W112/><G112/><T28/><AGARI ba="0,0" hai="2,7,9,28,30,39,40,44,55,58,62,74,78,80" machi="28" ten="30,7900,0" yaku="0,1,25,2,52,1" doraHai="32" who="0" fromWho="0" sc="393,79,146,-20,288,-20,173,-39" owari="472,57.0,126,-37.0,268,7.0,134,-27.0" /></mjloggm>