<mjloggm ver="2.3"><GO type="97" lobby="0"/><UN n0="%E5%B0%B1%E6%B4%BB%E7%94%9F%40%E5%B7%9D%E6%9D%91%E8%BB%8D%E5%9B%A3" n1="%E4%B8%B9%E7%BE%BD" n2="%E3%82%86%E3%81%84%E3%81%A1%E3%82%83%E3%82%93%E3%81%AE%E3%83%91%E3%83%91" n3="%6B%75%6F%6D%6F" dan="15,14,17,13" rate="2026.69,1996.93,2115.91,1819.03" sx="M,M,M,M"/><TAIKYOKU oya="0"/><INIT seed="0,0,0,2,3,57" ten="250,250,250,250" oya="0" hai0="1,14,85,71,90,32,73,99,100,63,66,131,26" hai1="115,126,74,27,61,96,124,13,19,29,69,0,82" hai2="67,111,59,122,109,8,15,60,28,94,38,70,107" hai3="98,112,72,103,58,113,37,7,130,24,127,43,3"/><T18/><D1/><U93/><E0/><V31/><F107/><W108/><G72/><T83/><D131/><U123/><E123/><V47/><F122/><W101/><G130/><T75/><D26/><U92/><E115/><V6/><F70/><W105/><G127/><N who="1" m="48682" /><E74/><V118/><F118/><W91/><G103/><T40/><D32/><N who="1" m="20543" /><E82/><V51/><F38/><W21/><G108/><N who="2" m="41545" /><F94/><W68/><G68/><T114/><D114/><U117/><E117/><V50/><F50/><W80/><G37/><T45/><D45/><U110/><E110/><V20/><F20/><W64/><G43/><AGARI ba="0,0" hai="6,8,15,28,31,43,47,51,59,60,67" m="41545" machi="43" ten="30,2000,0" yaku="14,1,52,1" doraHai="57" who="2" fromWho="3" sc="250,0,250,0,250,20,250,-20" /><INIT seed="1,0,0,5,1,59" ten="250,250,270,230" oya="1" hai0="23,131,39,3,63,42,79,28,16,94,69,17,47" hai1="5,10,51,75,19,73,93,96,25,72,120,53,15" hai2="7,9,57,118,103,91,115,133,104,54,109,24,95" hai3="108,22,2,20,71,31,98,66,117,135,78,81,29"/><U43/><E120/><V11/><F118/><W86/><G2/><T35/><D131/><U92/><E43/><V58/><F115/><W14/><G117/><T21/><D3/><U116/><E116/><V64/><F104/><W130/><G130/><T33/><D79/><U1/><E25/><V4/><F103/><W52/><G135/><T77/><D77/><U102/><E92/><V44/><F133/><W49/><G108/><T113/><D113/><U34/><E34/><V38/><F109/><W111/><G111/><T122/><D28/><U50/><REACH who="1" step="1"/><E53/><REACH who="1" ten="250,240,270,230" step="2"/><V48/><F24/><W76/><G76/><T126/><D94/><U127/><E127/><V67/><F54/><W41/><G41/><T74/><D126/><U18/><E18/><V30/><F30/><W114/><G114/><T82/><D122/><U45/><E45/><V99/><F44/><W100/><G29/><T123/><D123/><U12/><E12/><V97/><F95/><W36/><G31/><T83/><D35/><U124/><E124/><V56/><F38/><W125/><G36/><T8/><D33/><U60/><E60/><V134/><F134/><W107/><G14/><T110/><D110/><U106/><E106/><V101/><F48/><W61/><G125/><T55/><D39/><U87/><E87/><V13/><F13/><W85/><G86/><T128/><D42/><U32/><E32/><V80/><F4/><W132/><G132/><T40/><D40/><U119/><E119/><V112/><F7/><W121/><G121/><T62/><D128/><U68/><E68/><V105/><F112/><RYUUKYOKU ba="0,1" sc="250,-15,240,15,270,-15,230,15" hai1="1,5,10,15,19,50,51,72,73,75,93,96,102" hai3="20,22,49,52,61,66,71,78,81,85,98,100,107" /><INIT seed="1,1,1,3,2,88" ten="235,255,255,245" oya="1" hai0="122,76,13,128,53,104,64,41,116,114,3,127,43" hai1="129,57,60,71,68,0,73,2,101,17,74,65,54" hai2="82,42,10,47,120,83,115,24,97,90,72,5,40" hai3="110,70,49,87,121,123,109,111,45,9,4,21,59"/><U44/><E129/><V92/><F120/><N who="3" m="46155" /><G70/><T27/><D3/><U29/><E29/><V33/><F115/><W86/><G59/><T23/><D104/><U108/><E108/><N who="3" m="27650" /><W38/><DORA hai="124" /><G21/><T75/><D127/><U117/><E117/><V15/><F72/><W20/><G20/><T105/><D116/><U79/><E101/><V11/><F11/><W7/><G38/><T89/><D105/><U77/><E44/><V51/><REACH who="2" step="1"/><F42/><REACH who="2" ten="235,255,245,245" step="2"/><N who="3" m="24759" /><G4/><T28/><D43/><U22/><E73/><V118/><F118/><W99/><G99/><T30/><D41/><U48/><E74/><V12/><F12/><AGARI ba="1,2" hai="7,9,12,86,87" m="24759,27650,46155" machi="12" ten="40,1300,0" yaku="14,1" doraHai="88,124" who="3" fromWho="2" sc="235,0,255,0,245,-16,245,36" /><INIT seed="2,0,0,5,5,15" ten="235,255,229,281" oya="2" hai0="71,53,18,134,79,128,87,57,36,61,112,83,62" hai1="131,108,58,100,116,104,41,2,59,135,115,38,5" hai2="105,86,119,130,26,126,32,42,52,6,4,64,103" hai3="40,69,31,9,10,16,96,28,75,95,14,44,22"/><V84/><F119/><W123/><G69/><T73/><D36/><U3/><E5/><V82/><F64/><W35/><G75/><T27/><D112/><U81/><E100/><V68/><F68/><W45/><G123/><T67/><D128/><U70/><E81/><V21/><F32/><W48/><G44/><T55/><D134/><U43/><E70/><V129/><F42/><W20/><G35/><T91/><D53/><U1/><E38/><V46/><F126/><W99/><G99/><T51/><D62/><U94/><E94/><V33/><F33/><W117/><G117/><T47/><D71/><U12/><E116/><V56/><F46/><W29/><G20/><N who="0" m="13719" /><D73/><U11/><E104/><V63/><F103/><AGARI ba="0,0" hai="9,10,14,16,22,28,29,31,40,45,48,95,96,103" machi="103" ten="40,5200,0" yaku="8,1,52,1,54,1" doraHai="15" who="3" fromWho="2" sc="235,0,255,0,229,-52,281,52" /><INIT seed="3,0,0,5,5,125" ten="235,255,177,333" oya="3" hai0="46,123,99,11,4,74,119,122,22,29,103,39,41" hai1="107,117,118,72,110,6,10,9,7,34,63,23,111" hai2="51,37,0,45,71,61,38,52,94,27,32,75,31" hai3="132,2,20,3,28,120,25,129,87,83,88,54,68"/><W98/><G68/><T33/><D119/><N who="1" m="45579" /><E107/><V109/><F75/><W130/><G120/><T50/><D22/><U126/><E72/><V55/><F0/><W15/><G132/><T24/><D74/><U112/><E63/><V114/><F114/><W30/><G15/><T124/><D124/><U59/><E59/><V26/><F109/><N who="1" m="41481" /><E126/><V49/><F26/><W97/><G28/><T58/><D58/><U101/><E101/><V116/><F116/><W69/><G69/><T35/><D35/><U95/><E95/><V57/><REACH who="2" step="1"/><F94/><REACH who="2" ten="235,255,167,333" step="2"/><W17/><G2/><N who="0" m="407" /><D50/><U106/><E106/><AGARI ba="0,1" hai="24,29,33,39,41,46,99,103,106,122,123" m="407" machi="106" ten="30,1000,0" yaku="23,1" doraHai="125" who="0" fromWho="1" sc="235,20,255,-10,167,0,333,0" owari="255,6.0,245,-15.0,167,-33.0,333,42.0" /></mjloggm>