<mjloggm ver="2.3"><GO type="41" lobby="0"/><UN n0="%79%75%6D%69%63%63%68%69" n1="%E5%BB%83%E4%BA%BA%E9%81%94%E9%9B%86%E5%90%88" n2="%E5%B0%B1%E6%B4%BB%E7%94%9F%40%E5%B7%9D%E6%9D%91%E8%BB%8D%E5%9B%A3" n3="%70%69%6E%66%75%74%75%6D" dan="15,13,16,14" rate="1917.46,1908.04,2148.99,1869.48" sx="F,M,M,M"/><TAIKYOKU oya="0"/><INIT seed="0,0,0,5,0,91" ten="250,250,250,250" oya="0" hai0="14,96,126,65,44,66,83,57,7,132,120,38,102" hai1="101,93,107,37,34,52,133,0,64,113,3,99,74" hai2="13,24,33,6,109,61,41,75,92,97,112,48,89" hai3="106,54,10,129,81,43,60,98,94,27,68,55,67"/><T118/><D118/><U16/><E37/><V115/><F75/><W4/><G129/><T117/><D117/><U84/><E34/><V2/><F109/><W35/><G43/><T86/><D120/><U76/><E64/><V128/><F2/><W122/><G81/><T12/><D132/><U47/><E133/><V51/><F128/><W9/><G122/><T104/><D126/><U49/><E113/><V134/><F134/><W69/><G69/><T1/><D1/><U111/><E111/><V30/><F61/><W80/><G80/><T45/><D45/><U19/><E74/><V23/><F51/><W125/><G125/><T22/><D14/><U63/><E63/><V15/><F15/><W32/><G32/><T25/><D57/><U95/><E3/><V17/><REACH who="2" step="1"/><F6/><REACH who="2" ten="250,250,240,250" step="2"/><W90/><G4/><T42/><D12/><U11/><E0/><V39/><F39/><W110/><G110/><T103/><D7/><U70/><E70/><V127/><F127/><W79/><G60/><T105/><D38/><U116/><E116/><V135/><F135/><W124/><G68/><T71/><D71/><U46/><E46/><AGARI ba="0,1" hai="13,17,23,24,30,33,41,46,48,89,92,97,112,115" machi="46" ten="40,2600,0" yaku="1,1,52,1,53,0" doraHai="91" doraHaiUra="123" who="2" fromWho="1" sc="250,0,250,-26,240,36,250,0" /><INIT seed="1,0,0,1,4,87" ten="250,224,276,250" oya="1" hai0="100,12,115,129,30,48,33,19,120,103,116,47,55" hai1="102,9,122,114,18,85,58,64,97,2,31,113,130" hai2="82,13,86,1,88,8,106,21,23,68,35,15,112" hai3="43,81,59,39,107,133,32,75,118,6,36,94,90"/><U128/><E122/><V54/><F35/><W124/><G32/><T119/><D115/><U89/><E31/><V96/><F68/><W16/><G107/><T91/><D120/><U5/><E18/><V40/><F40/><W78/><G118/><T0/><D0/><U26/><E26/><V135/><F135/><W34/><G34/><T56/><D129/><U45/><E45/><V126/><F126/><W111/><G6/><T11/><D30/><U83/><E130/><V14/><F112/><W109/><G124/><T52/><D33/><U123/><E123/><V41/><F41/><W63/><G133/><T49/><D119/><U20/><E20/><V10/><F54/><W98/><G43/><T50/><D116/><U62/><REACH who="1" step="1"/><E128/><REACH who="1" ten="250,214,276,250" step="2"/><V74/><F21/><W70/><G16/><T24/><D24/><U25/><E25/><V53/><F23/><W37/><G37/><T28/><D28/><U3/><E3/><V110/><F1/><W46/><G39/><T65/><D65/><U67/><E67/><V38/><F38/><W51/><G36/><T125/><D125/><U76/><E76/><V61/><F10/><W44/><G44/><T104/><D104/><AGARI ba="0,1" hai="2,5,9,58,62,64,83,85,89,97,102,104,113,114" machi="104" ten="30,5800,0" yaku="1,1,7,1,52,1,53,0" doraHai="87" doraHaiUra="117" who="1" fromWho="0" sc="250,-58,214,68,276,0,250,0" /><INIT seed="1,1,0,3,0,17" ten="192,282,276,250" oya="1" hai0="83,120,64,82,20,38,97,71,54,65,68,7,14" hai1="110,34,77,128,10,88,100,74,85,58,30,93,87" hai2="109,6,95,52,103,9,79,60,89,121,47,32,27" hai3="12,56,105,104,107,22,4,98,26,114,5,96,135"/><U115/><E115/><V36/><F121/><W124/><G114/><T50/><D38/><U11/><E11/><V8/><F109/><W111/><G111/><T45/><D120/><U40/><E110/><V81/><F103/><W51/><G124/><T106/><D106/><U90/><E40/><V78/><F36/><W39/><G39/><T70/><D97/><U91/><E10/><V129/><F129/><W75/><G75/><T3/><D3/><U42/><E58/><V102/><F102/><W80/><G80/><T18/><REACH who="0" step="1"/><D7/><REACH who="0" ten="182,282,276,250" step="2"/><U13/><E128/><V116/><F6/><W126/><G4/><T53/><D53/><U101/><E42/><V66/><F66/><AGARI ba="1,1" hai="14,18,20,45,50,54,64,65,66,68,70,71,82,83" machi="66" ten="40,8000,1" yaku="1,1,52,1,53,2" doraHai="17" doraHaiUra="76" who="0" fromWho="2" sc="182,93,282,0,276,-83,250,0" /><INIT seed="2,0,0,2,1,115" ten="275,282,193,250" oya="2" hai0="135,91,122,117,130,67,52,70,129,102,11,32,68" hai1="126,38,64,134,123,85,10,106,6,25,22,97,119" hai2="1,5,113,103,80,49,120,128,81,19,43,86,118" hai3="60,100,45,55,104,37,78,40,28,4,65,26,107"/><V92/><F120/><W83/><G55/><T99/><D122/><U101/><E123/><V88/><F113/><W36/><G100/><T47/><D32/><U2/><E119/><V7/><F128/><N who="0" m="49258" /><D117/><U66/><E38/><V96/><F118/><W51/><G4/><N who="2" m="1609" /><F1/><W82/><G82/><N who="2" m="31849" /><F19/><W116/><G116/><T73/><D73/><U3/><E3/><V21/><F21/><W125/><G125/><T133/><D11/><U53/><E126/><V31/><F31/><W132/><G51/><N who="0" m="28799" /><D91/><U108/><E85/><V95/><F49/><W90/><G37/><T114/><D114/><U24/><E24/><V71/><F71/><N who="0" m="27178" /><D67/><U77/><E66/><V131/><F131/><W29/><G65/><T0/><D0/><U72/><E64/><V46/><F46/><W48/><G90/><T87/><D87/><U58/><E72/><V44/><F44/><W110/><G45/><T79/><D79/><U9/><E77/><V16/><F16/><W12/><G78/><T84/><D84/><U42/><E22/><V69/><F69/><W23/><G83/><T112/><D112/><U33/><E6/><V121/><F121/><W27/><G23/><T39/><D39/><U74/><E10/><V18/><F18/><W76/><G36/><T20/><D20/><U59/><E9/><V50/><F50/><W62/><G76/><T111/><D102/><U14/><E74/><V109/><F109/><W34/><G48/><T41/><D111/><U13/><E108/><V89/><F103/><W93/><G110/><T98/><D41/><AGARI ba="0,0" hai="41,43,86,88,89,92,95,96" m="31849,1609" machi="41" ten="30,2900,0" yaku="8,1,54,1" doraHai="115" who="2" fromWho="0" sc="275,-29,282,0,193,29,250,0" /><INIT seed="2,1,0,2,0,97" ten="246,282,222,250" oya="2" hai0="19,9,36,18,59,103,135,43,85,71,53,114,106" hai1="90,127,88,24,118,39,67,84,130,76,16,107,3" hai2="75,25,78,115,32,10,48,46,108,89,77,51,23" hai3="99,2,132,120,79,82,8,33,92,64,72,121,30"/><V104/><F32/><W112/><G112/><T15/><D114/><U69/><E118/><V74/><F115/><W63/><G132/><T1/><D135/><U50/><E39/><V98/><F108/><W122/><G2/><T22/><D71/><U54/><E3/><V14/><F75/><W40/><G40/><T117/><D117/><U116/><E107/><V49/><F74/><W21/><G8/><T45/><D1/><U37/><E37/><V52/><F77/><W27/><G33/><T81/><D106/><U29/><E116/><V28/><F78/><W100/><REACH who="3" step="1"/><G122/><REACH who="3" ten="246,282,222,240" step="2"/><T68/><D9/><U125/><E125/><V94/><F104/><W124/><G124/><T133/><D133/><U61/><E127/><V126/><F126/><W20/><G20/><T83/><D22/><U96/><E130/><V87/><REACH who="2" step="1"/><F87/><REACH who="2" ten="246,282,212,240" step="2"/><W35/><G35/><T12/><D85/><U4/><E84/><V93/><F93/><W128/><G128/><T42/><D81/><U34/><E76/><V13/><F13/><W109/><G109/><T73/><D83/><U57/><E4/><AGARI ba="1,2" hai="4,10,14,23,25,28,46,48,49,51,52,89,94,98" machi="4" ten="30,11600,0" yaku="1,1,7,1,8,1,54,1,53,0" doraHai="97" doraHaiUra="60" who="2" fromWho="1" sc="246,0,282,-119,212,139,240,0" /><INIT seed="2,2,0,1,5,7" ten="246,163,351,240" oya="2" hai0="28,109,40,74,120,41,99,49,45,32,1,42,17" hai1="83,6,122,135,92,96,98,123,110,105,128,115,4" hai2="126,57,97,11,69,14,16,48,84,25,30,108,113" hai3="54,76,46,34,35,95,103,50,22,119,133,104,37"/><V89/><F69/><W56/><G119/><T65/><D74/><U12/><E105/><V79/><F113/><W134/><G76/><T68/><D109/><U71/><E71/><V127/><F108/><W121/><G121/><N who="1" m="46090" /><E110/><V43/><F79/><W58/><G104/><T66/><D1/><U90/><E115/><V53/><F43/><W130/><G22/><T111/><D111/><U27/><E27/><V61/><F97/><N who="1" m="37481" /><E6/><V62/><F126/><W29/><G130/><T60/><D120/><U0/><E12/><V85/><F85/><W70/><G70/><T107/><D107/><U18/><E18/><V106/><F106/><W51/><G29/><T3/><D17/><U13/><E0/><V101/><F101/><W67/><G103/><T63/><D3/><U72/><E13/><V80/><F127/><W8/><G95/><T116/><D116/><U21/><E21/><AGARI ba="2,0" hai="11,14,16,21,25,30,48,53,57,61,62,80,84,89" machi="21" ten="30,11600,0" yaku="7,1,8,1,52,1,54,1" doraHai="7" who="2" fromWho="1" sc="246,0,163,-122,351,122,240,0" /><INIT seed="2,3,0,2,2,28" ten="246,41,473,240" oya="2" hai0="87,64,10,132,58,74,129,90,78,63,9,68,36" hai1="92,48,128,72,65,103,17,114,24,19,20,11,2" hai2="12,35,75,77,3,1,46,119,31,71,43,133,30" hai3="104,93,34,99,125,42,23,116,56,7,96,67,81"/><V26/><F119/><W105/><G116/><T38/><D132/><U60/><E60/><V131/><BYE who="1" /><F133/><W95/><G42/><T45/><D129/><U101/><E101/><V83/><F131/><W97/><G7/><T91/><D68/><U44/><E44/><V123/><F123/><W4/><G4/><T118/><D118/><U94/><E94/><V41/><F41/><W15/><G81/><T120/><D120/><U117/><E117/><V55/><F55/><W54/><G67/><T69/><D69/><U79/><E79/><V13/><F30/><W121/><G121/><T0/><D45/><U84/><E84/><V110/><F110/><W22/><G125/><T113/><D113/><U8/><E8/><V89/><F89/><W135/><G135/><T47/><D91/><U27/><E27/><V32/><F13/><W40/><G40/><T33/><D33/><U62/><E62/><V108/><F12/><W6/><G6/><N who="0" m="1223" /><D10/><U102/><E102/><V18/><F18/><W115/><G15/><T16/><D16/><U50/><E50/><V66/><F35/><W134/><G34/><T39/><D47/><U53/><E53/><V25/><F25/><W59/><G115/><T51/><D51/><U112/><E112/><V107/><F107/><N who="3" m="41035" /><G134/><T29/><D29/><U109/><E109/><V73/><F108/><W21/><G54/><T49/><D49/><U127/><E127/><V100/><F100/><W130/><G130/><T106/><D106/><U61/><E61/><N who="2" m="40399" /><F73/><W124/><G124/><T37/><D74/><U86/><E86/><V126/><F126/><RYUUKYOKU ba="3,0" sc="246,-15,41,-15,473,15,240,15" hai2="1,3,26,31,32,43,46,75,77,83" hai3="21,22,23,56,59,93,95,96,97,99" /><INIT seed="2,4,0,3,1,38" ten="231,26,488,255" oya="2" hai0="55,72,113,42,41,63,73,33,91,96,14,50,22" hai1="40,26,66,20,128,109,61,117,18,126,28,70,23" hai2="116,134,114,131,52,21,3,29,100,89,10,112,48" hai3="104,35,43,53,44,0,86,11,6,121,8,46,27"/><V80/><F116/><W94/><G104/><T51/><D33/><U88/><E88/><V95/><F131/><W102/><G121/><T108/><D113/><U83/><E83/><V47/><F134/><W17/><G53/><T98/><D108/><U79/><E79/><V85/><F3/><W31/><G46/><T34/><D34/><U132/><E132/><V125/><F125/><W15/><G86/><T111/><D111/><U65/><E65/><V1/><F1/><W13/><G94/><N who="0" m="56415" /><D98/><U97/><E97/><V129/><F129/><W99/><G99/><T64/><D73/><U107/><E107/><V74/><F74/><W32/><G102/><T101/><D101/><U105/><E105/><V69/><F69/><W5/><G44/><N who="0" m="28135" /><D50/><U122/><E122/><V90/><F100/><W119/><G43/><N who="0" m="16395" /><D72/><U75/><E75/><V84/><F112/><W57/><G119/><T45/><D45/><U39/><E39/><V7/><F114/><W130/><G130/><T24/><D14/><U124/><E124/><V76/><F76/><W25/><G57/><N who="0" m="36975" /><D22/><U67/><E67/><V49/><F49/><W135/><G135/><T133/><D133/><U60/><E60/><V115/><F115/><W37/><G35/><T103/><D103/><U62/><E62/><V87/><F87/><W12/><G37/><T2/><D2/><U30/><E30/><V92/><F80/><W78/><G78/><T36/><D36/><U81/><E81/><V16/><F29/><W120/><G120/><T106/><D106/><U58/><E58/><V56/><F56/><W71/><G71/><RYUUKYOKU ba="4,0" sc="231,15,26,-15,488,-15,255,15" hai0="24" hai3="0,5,6,8,11,12,13,15,17,25,27,31,32" /><INIT seed="3,5,0,3,0,2" ten="246,11,473,270" oya="3" hai0="101,70,27,35,39,116,49,122,75,68,54,8,129" hai1="132,76,105,134,131,69,6,12,113,112,65,18,99" hai2="130,30,60,73,22,106,67,40,26,111,31,86,16" hai3="78,37,44,115,127,94,3,85,28,32,126,83,81"/><W135/><G115/><T42/><D116/><U128/><E128/><V79/><F73/><W20/><G135/><T109/><D109/><U55/><E55/><V125/><F106/><W23/><G94/><T104/><D129/><U119/><E119/><V61/><F111/><W84/><G3/><T103/><D122/><U102/><E102/><V45/><F125/><N who="3" m="47627" /><G37/><T92/><D75/><U118/><E118/><V62/><F130/><W58/><G44/><T120/><D120/><U95/><E95/><V107/><F107/><W72/><G58/><T57/><D104/><U98/><E98/><V41/><F67/><W7/><G7/><T77/><D77/><U97/><E97/><V90/><F79/><N who="3" m="46143" /><G72/><T53/><D92/><U14/><E14/><V82/><REACH who="2" step="1"/><F40/><REACH who="2" ten="246,11,463,270" step="2"/><W13/><G13/><T93/><D42/><U17/><E17/><V10/><F10/><W21/><G32/><T50/><D8/><U91/><E91/><V63/><N who="2" m="15872" /><DORA hai="25" /><V74/><F74/><W71/><G71/><T9/><D9/><U133/><E133/><V46/><F46/><W124/><N who="3" m="47635" /><W59/><DORA hai="52" /><G59/><T47/><D57/><U87/><E87/><V89/><F89/><W66/><G66/><T51/><D47/><U100/><E100/><V56/><F56/><W19/><G19/><T33/><D33/><U80/><E80/><V1/><F1/><W64/><G64/><T123/><D103/><U43/><E43/><V88/><F88/><W110/><G110/><T38/><D123/><U29/><E29/><AGARI ba="5,1" hai="20,21,23,28,29,78,83,85" m="46143,47635" machi="29" ten="50,9600,0" yaku="18,1,52,2" doraHai="2,25,52" who="3" fromWho="1" sc="246,0,11,-111,463,0,270,121" owari="246,-15.0,-100,-60.0,463,56.0,391,19.0" /></mjloggm>