<mjloggm ver="2.3"><GO type="169" lobby="0"/><UN n0="%74%79%64%79" n1="%E6%93%8D" n2="%E3%83%AA%E3%83%B3%E3%82%AC%E3%83%B3%E3%82%BF%E3%83%AB%E3%83%91%E3%82%BA" n3="%E5%B0%B1%E6%B4%BB%E7%94%9F%40%E5%B7%9D%E6%9D%91%E8%BB%8D%E5%9B%A3" dan="17,17,16,16" rate="2109.51,2153.85,2083.37,2116.89" sx="M,M,M,M"/><TAIKYOKU oya="0"/><INIT seed="0,0,0,0,3,87" ten="250,250,250,250" oya="0" hai0="135,57,75,114,130,6,63,68,39,124,113,1,103" hai1="82,127,13,29,59,61,81,17,125,86,14,112,53" hai2="79,126,58,28,128,3,48,89,7,37,32,62,21" hai3="42,46,9,26,33,129,117,27,56,19,119,43,24"/><T34/><RYUUKYOKU type="yao9" ba="0,0" sc="250,0,250,0,250,0,250,0" hai0="1,6,34,39,57,63,68,75,103,113,114,124,130,135" /><INIT seed="0,1,0,0,3,74" ten="250,250,250,250" oya="0" hai0="42,64,85,25,11,130,38,87,117,89,86,91,88" hai1="94,22,34,49,113,15,73,19,60,14,112,48,80" hai2="101,125,78,102,65,58,114,99,116,31,70,122,129" hai3="45,39,2,93,72,59,108,7,84,103,127,67,28"/><T47/><D117/><U131/><E34/><V51/><F70/><W62/><G72/><T16/><D130/><U104/><E104/><V111/><F31/><W13/><G2/><T107/><D107/><U5/><E131/><V29/><F29/><W133/><G127/><T52/><D64/><U68/><E94/><V135/><F51/><W57/><G133/><T41/><D41/><U120/><E120/><V121/><F58/><W77/><G108/><T83/><D52/><U3/><E3/><V76/><F65/><W20/><G59/><T79/><REACH who="0" step="1"/><D11/><REACH who="0" ten="240,250,250,250" step="2"/><U118/><E118/><V30/><F116/><W105/><G105/><T61/><D61/><U123/><E60/><V82/><F129/><W115/><G67/><T106/><D106/><U132/><E132/><V24/><F135/><W12/><G62/><T6/><D6/><U126/><E123/><V46/><F122/><W35/><G39/><T66/><D66/><U81/><E68/><V69/><F69/><W96/><G45/><T71/><D71/><U98/><E5/><V134/><F121/><W110/><G57/><T95/><D95/><U8/><E113/><V37/><F46/><W128/><G128/><T53/><D53/><U109/><E112/><V9/><F114/><W23/><G115/><T36/><D36/><U18/><E8/><V56/><F9/><W63/><G93/><T33/><D33/><U75/><E126/><V21/><F125/><W124/><G63/><T40/><D40/><U97/><E22/><AGARI ba="1,1" hai="16,22,25,38,42,47,79,83,85,86,87,88,89,91" machi="22" ten="40,12000,1" yaku="1,1,52,1,54,2,53,0" doraHai="74" doraHaiUra="119" who="0" fromWho="1" sc="240,133,250,-123,250,0,250,0" /><INIT seed="0,2,0,4,5,3" ten="373,127,250,250" oya="0" hai0="97,40,17,31,79,42,38,118,64,132,74,21,5" hai1="77,23,71,51,53,80,130,135,65,85,66,47,36" hai2="13,78,55,95,103,75,57,113,34,108,107,92,90" hai3="126,98,87,41,84,89,56,68,102,1,122,43,116"/><T125/><D118/><U2/><E135/><V15/><F113/><W29/><G68/><T19/><D132/><U37/><E130/><V52/><F107/><W48/><G1/><T6/><D74/><U131/><E131/><V129/><F129/><W91/><G116/><T99/><D79/><U69/><E23/><V119/><F119/><W44/><G126/><T109/><D38/><N who="1" m="14955" /><E85/><V101/><F78/><W114/><G29/><T86/><D86/><U127/><E80/><V28/><F75/><W24/><G24/><N who="0" m="16783" /><D125/><U9/><E9/><V30/><F57/><W115/><G122/><T59/><D109/><U110/><E77/><V33/><REACH who="2" step="1"/><F90/><REACH who="2" ten="373,127,240,250" step="2"/><W121/><G56/><T106/><D106/><U4/><E127/><V7/><F7/><N who="0" m="2570" /><D59/><U112/><E112/><V94/><F94/><W16/><G115/><T20/><D64/><N who="1" m="24683" /><E4/><V128/><F128/><W133/><G114/><T32/><D32/><U60/><E2/><V14/><F14/><W134/><G134/><T26/><D19/><U123/><E123/><V11/><F11/><W62/><G16/><T76/><D76/><U46/><E110/><AGARI ba="2,1" hai="13,15,28,30,33,34,52,55,92,95,101,103,108,110" machi="110" ten="25,6400,0" yaku="1,1,22,2,54,1,53,0" doraHai="3" doraHaiUra="124" who="2" fromWho="1" sc="373,0,127,-70,240,80,250,0" /><INIT seed="1,0,0,2,4,108" ten="373,57,320,250" oya="1" hai0="118,78,80,87,98,19,85,122,121,135,74,42,128" hai1="29,82,119,116,120,57,25,86,95,133,46,50,62" hai2="54,3,127,13,65,109,105,91,21,129,131,59,124" hai3="103,90,0,7,125,88,94,130,23,15,53,67,6"/><U28/><E120/><N who="0" m="46185" /><D42/><U68/><E68/><V111/><F3/><W73/><G73/><T84/><D19/><U8/><E133/><V96/><F65/><W31/><G0/><T132/><D118/><U70/><E70/><V83/><F13/><W34/><G34/><T9/><D9/><U10/><E95/><N who="2" m="56447" /><F21/><W43/><G130/><N who="2" m="49673" /><F105/><W58/><G125/><N who="2" m="48201" /><F83/><W60/><G43/><T12/><D12/><U44/><E44/><V24/><BYE who="1" /><F24/><N who="3" m="16799" /><G67/><T47/><D47/><U123/><E123/><V89/><F89/><N who="3" m="34411" /><G15/><UN n1="%E6%93%8D" /><T72/><D128/><U16/><E119/><V97/><F97/><AGARI ba="0,0" hai="6,7,53,58,60,94,97,103" m="34411,16799" machi="97" ten="30,2000,0" yaku="8,1,54,1" doraHai="108" who="3" fromWho="2" sc="373,0,57,0,320,-20,250,20" /><INIT seed="2,0,0,5,3,47" ten="373,57,300,270" oya="2" hai0="121,96,104,21,124,0,23,89,111,28,4,72,118" hai1="37,128,27,3,33,49,82,102,24,70,90,20,5" hai2="7,86,68,76,25,66,122,43,106,60,38,75,2" hai3="58,85,74,108,32,29,91,13,41,18,93,42,97"/><V131/><F86/><W79/><G108/><T17/><D121/><U61/><E37/><V81/><F25/><W40/><G74/><T129/><D72/><U56/><E128/><V112/><F131/><W67/><G32/><T110/><D129/><U53/><E33/><V123/><F106/><W8/><G29/><T6/><D124/><U9/><E102/><V103/><F103/><W71/><G71/><T99/><D28/><U14/><E3/><V92/><F92/><W34/><G34/><T22/><D17/><U35/><E35/><V30/><F30/><W132/><G132/><T73/><D73/><U55/><E70/><V84/><F84/><W10/><G10/><T98/><D118/><U105/><E105/><V133/><F133/><W78/><G97/><T45/><D0/><U46/><E20/><V119/><F119/><W69/><G69/><T54/><D89/><U100/><E100/><V50/><F50/><W12/><G13/><T39/><D104/><U77/><REACH who="1" step="1"/><E90/><REACH who="1" ten="373,47,300,270" step="2"/><V51/><F112/><W134/><G134/><T115/><D115/><U117/><E117/><V64/><F2/><W101/><G101/><T52/><D39/><U59/><E59/><V36/><F36/><W31/><G31/><T127/><D111/><U95/><E95/><V63/><F38/><W62/><AGARI ba="0,1" hai="8,12,18,40,41,42,58,62,67,78,79,85,91,93" machi="62" ten="30,2000,0" yaku="0,1,8,1" doraHai="47" who="3" fromWho="3" sc="373,-5,47,-5,300,-10,270,30" /><INIT seed="3,0,0,0,2,66" ten="368,42,290,300" oya="3" hai0="94,64,57,119,77,47,53,105,118,72,74,127,102" hai1="32,23,68,30,110,126,106,55,114,59,104,26,6" hai2="54,122,43,40,120,58,51,45,1,13,65,44,81" hai3="132,4,11,19,24,73,91,97,113,67,121,84,2"/><W128/><G121/><N who="2" m="46697" /><F1/><W28/><G73/><T129/><D105/><U3/><E114/><V90/><F13/><W12/><G113/><T135/><D135/><U96/><E126/><V85/><F65/><W41/><G132/><T48/><D127/><U61/><E110/><V107/><F107/><W133/><G133/><T89/><D102/><U115/><E115/><V109/><F109/><W79/><G128/><T78/><D129/><U5/><E106/><V95/><F81/><W76/><G41/><AGARI ba="0,0" hai="40,41,43,44,45,51,54,58,85,90,95" m="46697" machi="41" ten="30,1000,0" yaku="13,1" doraHai="66" who="2" fromWho="3" sc="368,0,42,0,290,10,300,-10" /><INIT seed="4,0,0,2,5,11" ten="368,42,300,290" oya="0" hai0="0,30,106,114,128,107,33,112,99,59,36,23,121" hai1="103,118,20,91,55,65,95,119,2,58,75,16,132" hai2="73,110,85,74,8,43,78,68,79,66,24,46,86" hai3="56,113,123,76,32,44,38,90,120,134,17,116,49"/><T50/><D121/><N who="3" m="46665" /><G32/><T28/><D36/><U5/><E75/><V21/><F110/><W70/><G70/><T130/><D0/><U3/><E103/><V83/><F8/><W4/><G116/><T80/><D80/><U15/><E65/><V62/><F73/><W45/><G4/><T127/><D127/><U101/><E101/><V42/><F79/><W19/><G134/><T97/><D23/><U41/><E132/><V105/><F105/><N who="0" m="39946" /><D59/><U7/><E41/><V89/><F89/><W100/><G100/><T111/><D50/><N who="1" m="31095" /><E119/><V94/><F94/><W92/><G76/><T34/><D111/><U14/><E118/><V39/><REACH who="2" step="1"/><F43/><REACH who="2" ten="368,42,290,290" step="2"/><W40/><G90/><T52/><D99/><N who="1" m="57855" /><E3/><V109/><F109/><W82/><G92/><T51/><D97/><U115/><E2/><V126/><F126/><W77/><G82/><T25/><D130/><U9/><E115/><N who="0" m="44073" /><D128/><U31/><E31/><AGARI ba="0,1" hai="21,24,31,39,42,46,62,66,68,74,78,83,85,86" machi="31" ten="30,2000,0" yaku="1,1,7,1,53,0" doraHai="11" doraHaiUra="35" who="2" fromWho="1" sc="368,0,42,-20,290,30,290,0" /><INIT seed="5,0,0,3,0,110" ten="368,22,320,290" oya="1" hai0="30,66,3,132,23,11,70,25,58,47,17,2,52" hai1="83,49,64,1,97,68,28,9,42,90,14,81,95" hai2="61,119,93,123,87,40,41,134,86,18,43,117,62" hai3="16,26,65,113,38,36,12,19,133,74,105,48,69"/><U120/><E120/><V37/><F123/><W55/><G105/><T60/><D132/><U129/><E129/><V82/><F134/><W8/><G74/><T135/><D135/><U131/><E131/><V31/><F31/><W21/><G133/><T44/><D2/><U4/><E68/><V67/><F37/><W56/><G113/><T13/><REACH who="0" step="1"/><D3/><REACH who="0" ten="358,22,320,290" step="2"/><U104/><E64/><V75/><F67/><W59/><G69/><T73/><D73/><U72/><E72/><V24/><F75/><W124/><G124/><T96/><D96/><U114/><E114/><V54/><F119/><W71/><G71/><T63/><AGARI ba="0,1" hai="11,13,17,23,25,30,44,47,52,58,60,63,66,70" machi="63" ten="20,5200,0" yaku="1,1,0,1,7,1,54,1,53,0" doraHai="110" doraHaiUra="89" who="0" fromWho="0" sc="358,62,22,-26,320,-13,290,-13" owari="420,51.0,-4,-50.0,307,11.0,277,-12.0" /></mjloggm>