<mjloggm ver="2.3"><GO type="41" lobby="0"/><UN n0="%E5%B0%B1%E6%B4%BB%E7%94%9F%40%E5%B7%9D%E6%9D%91%E8%BB%8D%E5%9B%A3" n1="%E3%81%8D%E3%82%93%E3%81%8E%E3%82%87%E3%81%B0%E3%81%A1" n2="%E3%81%94%E3%81%8A" n3="%E3%82%A6%E3%82%A7%E3%82%A4%EF%BC%9D%E3%82%A2%E3%83%92%E3%82%A3%E3%83%B3" dan="15,14,13,16" rate="2009.54,2071.93,1834.92,2073.54" sx="M,F,M,M"/><TAIKYOKU oya="0"/><INIT seed="0,0,0,3,2,120" ten="250,250,250,250" oya="0" hai0="10,61,8,70,99,129,135,131,49,87,110,73,117" hai1="79,126,67,75,7,111,51,25,72,91,4,16,20" hai2="47,105,104,123,107,84,132,29,62,22,23,43,77" hai3="119,60,118,15,26,46,35,14,9,41,58,101,53"/><T112/><D73/><U96/><E126/><V1/><F1/><W98/><G35/><T33/><D117/><U93/><E67/><V45/><F123/><W63/><G26/><T68/><D33/><U57/><E79/><V115/><F115/><W24/><G24/><T133/><D112/><U122/><E122/><V78/><F62/><W5/><G63/><T97/><D87/><U17/><E75/><V30/><F84/><W21/><G21/><N who="2" m="7689" /><F43/><W85/><G85/><T34/><D61/><U0/><E72/><V102/><F102/><W86/><G86/><T31/><D34/><U103/><E0/><V128/><F128/><N who="0" m="49226" /><D49/><U125/><E125/><V81/><F81/><W2/><G119/><T66/><D66/><U11/><E103/><V92/><F92/><W100/><G100/><T65/><D65/><U59/><E59/><V74/><F132/><N who="0" m="50762" /><D110/><U48/><E48/><V108/><F108/><W116/><G116/><T80/><D80/><U56/><E111/><V124/><F124/><W88/><G118/><T32/><D31/><N who="2" m="11786" /><F74/><W64/><G64/><T44/><D44/><AGARI ba="0,0" hai="44,45,47,77,78,104,105,107" m="11786,7689" machi="44" ten="40,2600,0" yaku="28,2" doraHai="120" who="2" fromWho="0" sc="250,-26,250,0,250,26,250,0" /><INIT seed="1,0,0,4,5,78" ten="224,250,276,250" oya="1" hai0="129,75,58,10,52,17,85,125,99,18,11,134,15" hai1="33,66,132,81,67,119,79,49,35,57,22,23,95" hai2="103,36,69,4,107,65,74,16,128,8,40,94,61" hai3="118,105,124,123,32,80,106,91,54,0,93,71,60"/><U24/><E119/><V63/><F128/><W46/><G0/><T112/><D75/><U90/><E132/><V102/><F94/><W5/><G5/><T47/><D112/><U120/><E120/><V114/><F114/><W92/><G32/><T2/><D129/><U62/><E67/><V122/><F122/><W116/><G123/><T77/><D125/><U50/><E23/><V51/><F51/><N who="3" m="29047" /><G124/><T70/><D70/><U12/><E12/><V72/><F63/><W25/><G25/><T48/><D134/><U68/><E68/><V84/><F103/><W104/><G60/><T6/><D99/><U29/><E35/><V110/><F84/><N who="3" m="50567" /><G71/><T9/><D9/><U37/><E37/><V41/><F74/><W56/><G56/><T97/><D97/><N who="1" m="57591" /><E33/><V39/><F72/><W83/><G83/><T3/><D3/><U44/><E44/><V38/><F38/><W82/><G82/><N who="0" m="47311" /><D2/><U127/><E127/><V14/><F39/><W45/><G45/><T20/><D6/><U89/><E79/><V115/><F4/><W21/><G21/><N who="0" m="11455" /><D47/><U96/><E96/><V88/><F36/><W121/><G121/><T73/><D73/><U113/><E113/><V76/><F115/><W111/><G111/><T53/><D53/><U98/><E98/><V28/><F110/><W1/><G1/><T30/><D30/><U43/><E43/><V133/><F40/><W19/><G19/><T126/><D126/><U55/><E55/><V135/><F41/><W117/><AGARI ba="0,0" hai="92,93,104,105,106,116,117,118" m="50567,29047" machi="117" ten="40,2700,0" yaku="12,1,52,1" doraHai="78" who="3" fromWho="3" sc="224,-7,250,-13,276,-7,250,27" /><INIT seed="2,0,0,1,0,68" ten="217,237,269,277" oya="2" hai0="123,38,85,82,72,14,15,13,59,112,21,106,5" hai1="1,42,48,129,63,118,115,47,90,103,49,12,93" hai2="16,76,43,87,91,86,100,31,56,27,80,102,114" hai3="40,124,19,28,11,32,34,45,18,81,20,35,105"/><V94/><F114/><W98/><G124/><T36/><D112/><U55/><E118/><V73/><F73/><W116/><G116/><T131/><D123/><U113/><E1/><V125/><F125/><W109/><G109/><T37/><D106/><U99/><E129/><V70/><F70/><W78/><G11/><T133/><D131/><U75/><E75/><V97/><F43/><W9/><G9/><T2/><D72/><U4/><E4/><V122/><F122/><W0/><G0/><T22/><D133/><U23/><E115/><V79/><F87/><W3/><G3/><T134/><D134/><U33/><E33/><V135/><F135/><W130/><G98/><T39/><N who="0" m="9728" /><DORA hai="44" /><T8/><REACH who="0" step="1"/><D59/><REACH who="0" ten="207,237,269,277" step="2"/><U121/><E113/><V110/><F56/><W69/><G105/><T101/><D101/><N who="2" m="39018" /><F110/><W67/><G130/><T62/><D62/><U24/><E121/><V54/><F54/><W92/><G67/><T132/><D132/><U111/><E63/><V29/><F79/><AGARI ba="0,1" hai="2,5,8,13,14,15,21,22,79,82,85" m="9728" machi="79" ten="70,8000,1" yaku="1,1,52,4,53,0" doraHai="68,44" doraHaiUra="51,127" who="0" fromWho="2" sc="207,90,237,0,269,-80,277,0" /><INIT seed="3,0,0,1,2,115" ten="297,237,189,277" oya="3" hai0="19,81,32,70,43,7,54,34,114,123,128,55,126" hai1="125,109,9,28,86,66,121,132,23,42,8,127,50" hai2="59,58,102,2,35,74,10,78,45,26,39,107,118" hai3="13,104,120,119,87,20,103,48,60,88,112,49,108"/><W16/><G112/><T12/><D114/><U134/><E121/><V53/><F59/><W135/><G120/><T95/><D123/><U40/><E66/><V111/><F58/><W56/><G135/><N who="1" m="51754" /><E86/><V57/><F57/><W72/><G72/><T105/><D105/><U36/><E50/><V73/><F53/><W17/><G119/><T71/><D7/><U89/><E89/><V110/><F78/><W124/><G124/><N who="1" m="47690" /><E109/><N who="2" m="41483" /><F102/><W76/><G76/><T93/><D43/><U51/><E51/><V117/><F107/><W130/><G104/><T84/><D84/><U37/><E23/><V122/><F122/><W29/><G103/><T113/><D81/><U106/><E28/><N who="2" m="19863" /><F10/><N who="1" m="4201" /><E106/><V96/><F96/><W21/><G108/><T79/><D126/><U90/><E90/><V77/><F77/><W33/><G49/><T47/><D79/><U97/><E97/><V52/><F52/><N who="3" m="33799" /><G48/><T65/><D65/><U38/><AGARI ba="0,0" hai="36,37,38,40,42" m="4201,47690,51754" machi="38" ten="40,8000,1" yaku="28,2,20,1,18,1" doraHai="115" who="1" fromWho="1" sc="297,-20,237,80,189,-20,277,-40" /><INIT seed="4,0,0,2,0,63" ten="277,317,169,237" oya="0" hai0="101,77,1,9,135,45,87,120,54,27,3,82,76" hai1="50,127,5,92,99,91,115,18,132,11,100,17,52" hai2="102,44,2,34,21,113,79,89,86,104,107,31,103" hai3="20,58,42,30,53,28,35,90,14,106,60,57,23"/><T39/><D120/><U24/><E132/><V6/><F113/><W119/><G106/><T41/><D135/><U70/><E70/><V80/><F34/><W51/><G35/><T133/><D133/><U43/><E43/><V134/><F134/><W13/><G119/><T37/><D37/><U131/><E131/><V29/><F107/><W84/><G23/><T95/><D76/><U125/><E115/><V128/><F128/><W109/><G109/><T85/><D54/><U75/><E75/><V25/><F31/><N who="3" m="11819" /><G20/><T94/><D94/><U130/><E130/><V16/><F29/><W98/><G98/><T96/><D27/><U124/><E24/><V118/><F118/><W73/><G73/><T93/><D93/><U110/><E100/><V36/><F104/><W74/><G74/><N who="0" m="43319" /><D3/><U47/><REACH who="1" step="1"/><E110/><REACH who="1" ten="277,307,169,237" step="2"/><V67/><F103/><W72/><G72/><T66/><D41/><U68/><E68/><V126/><F102/><W105/><G42/><T10/><D101/><U61/><E61/><V46/><F36/><W111/><G111/><T4/><D39/><U32/><E32/><V7/><F25/><W78/><G105/><T69/><D69/><U22/><E22/><V26/><F2/><AGARI ba="0,1" hai="2,5,11,17,18,47,50,52,91,92,99,124,125,127" machi="2" ten="40,8000,1" yaku="1,1,18,1,54,1,53,2" doraHai="63" doraHaiUra="12" who="1" fromWho="2" sc="277,0,307,90,169,-80,237,0" /><INIT seed="5,0,0,0,2,64" ten="277,397,89,237" oya="1" hai0="1,68,110,97,58,35,23,90,53,131,61,47,128" hai1="124,85,44,30,121,100,108,41,135,101,46,74,38" hai2="31,3,40,118,71,48,36,114,25,81,111,86,62" hai3="112,84,66,4,20,52,6,50,29,113,57,105,60"/><U49/><E121/><V127/><F118/><W22/><G105/><T39/><D35/><U72/><E124/><V14/><F3/><W96/><G96/><T117/><D110/><U107/><E108/><V115/><F111/><W129/><G129/><N who="0" m="49739" /><D1/><U51/><E38/><V17/><F127/><W70/><G84/><T79/><D117/><U116/><E116/><V5/><F36/><W19/><G29/><T77/><D23/><U26/><E135/><V43/><F5/><W125/><G22/><T109/><D109/><U80/><E107/><V87/><F87/><W83/><G83/><T102/><D90/><U88/><E74/><V59/><F17/><W104/><G104/><N who="0" m="63567" /><D68/><U0/><E0/><V18/><F18/><W2/><G125/><T11/><D11/><U132/><E132/><V56/><F14/><W69/><G69/><T12/><D12/><U10/><E10/><V65/><F56/><W78/><G78/><T8/><D8/><U32/><E72/><V126/><F126/><W130/><G130/><T67/><D67/><U106/><E106/><V16/><F31/><W7/><REACH who="3" step="1"/><G2/><REACH who="3" ten="277,397,89,227" step="2"/><T13/><D79/><U133/><E133/><V55/><F86/><W42/><G42/><AGARI ba="0,1" hai="26,30,32,41,42,44,46,49,51,80,85,88,100,101" machi="42" ten="30,5800,0" yaku="7,1,9,1,54,1" doraHai="64" who="1" fromWho="3" sc="277,0,397,68,89,0,227,-58" /><INIT seed="5,1,0,1,5,20" ten="277,465,89,169" oya="1" hai0="51,23,8,68,24,134,10,79,78,62,73,86,114" hai1="91,104,112,63,115,52,37,128,89,107,59,11,127" hai2="7,72,121,34,75,93,76,30,12,33,125,94,119" hai3="90,48,116,3,25,29,99,95,55,61,46,109,88"/><U18/><E37/><V117/><F121/><W113/><G109/><T80/><D114/><N who="1" m="43563" /><E128/><V56/><F125/><W32/><G113/><T26/><D134/><U97/><E127/><V67/><F119/><W50/><G116/><T65/><D73/><U16/><E18/><V35/><F117/><W103/><G3/><T102/><D102/><U124/><E124/><V82/><F75/><W21/><G61/><T118/><D118/><U2/><E2/><V135/><F135/><W22/><G32/><T69/><D78/><U96/><E96/><V100/><F100/><W47/><REACH who="3" step="1"/><G22/><REACH who="3" ten="277,465,89,159" step="2"/><T38/><D23/><U83/><E11/><V14/><F7/><W105/><G105/><T6/><D8/><U110/><E110/><V57/><F67/><W15/><G15/><T58/><D10/><U130/><E130/><V53/><F14/><W70/><G70/><T133/><D6/><U64/><E107/><V27/><F12/><W87/><G87/><T4/><D4/><U9/><E104/><V42/><F42/><AGARI ba="1,1" hai="21,25,29,42,46,47,48,50,55,88,90,95,99,103" machi="42" ten="30,12000,2" yaku="1,1,7,1,8,1,52,1,54,1,53,2" doraHai="20" doraHaiUra="41" who="3" fromWho="2" sc="277,0,465,0,89,-123,159,133" owari="277,-12.0,465,56.0,-34,-53.0,292,9.0" /></mjloggm>