<mjloggm ver="2.3"><GO type="97" lobby="0"/><UN n0="%E3%83%86%E3%82%A3%E3%82%AB%2D%CE%B3" n1="%E3%81%84%E3%81%9F%E3%81%9A%E3%82%89%E7%8C%AB" n2="%4F%53%43%37%37%37" n3="%E3%83%88%E3%83%88%E3%83%AA%E5%85%88%E7%94%9F%31%39%E6%AD%B3" dan="15,14,15,15" rate="2016.63,1914.70,2015.58,2037.15" sx="M,M,M,F"/><TAIKYOKU oya="0"/><INIT seed="0,0,0,3,4,53" ten="250,250,250,250" oya="0" hai0="113,125,55,100,78,23,108,47,12,16,90,135,48" hai1="40,132,34,11,117,103,25,107,6,60,7,45,72" hai2="38,98,52,105,4,131,122,133,56,33,67,59,64" hai3="81,43,124,119,95,50,86,101,62,115,2,114,102"/><T77/><D113/><U71/><E117/><V84/><F122/><W44/><G2/><T69/><D69/><U75/><E132/><V130/><F33/><W24/><G119/><T17/><D135/><U15/><E6/><V73/><F73/><W92/><G124/><T49/><D125/><U126/><E126/><V29/><F29/><W58/><G115/><T57/><D108/><U104/><E60/><N who="2" m="37895" /><F67/><N who="3" m="39383" /><G114/><T109/><D100/><N who="3" m="38505" /><G24/><N who="0" m="14439" /><D90/><AGARI ba="0,0" hai="43,44,50,81,86,90,92,95" m="38505,39383" machi="90" ten="30,2000,0" yaku="8,1,52,1" doraHai="53" who="3" fromWho="0" sc="250,-20,250,0,250,0,250,20" /><INIT seed="1,0,0,2,4,110" ten="230,250,250,270" oya="1" hai0="82,45,129,21,119,74,81,53,73,26,83,130,69" hai1="100,61,88,47,40,112,2,98,89,90,79,23,93" hai2="36,18,57,48,42,97,32,94,111,101,120,114,52" hai3="80,116,105,5,50,19,34,124,135,17,115,35,51"/><U25/><E2/><V113/><F120/><W27/><G105/><T30/><D69/><U4/><E112/><N who="2" m="43115" /><F111/><W22/><G116/><T11/><D11/><U58/><E79/><V118/><F118/><W24/><G135/><T102/><D102/><U75/><E75/><V84/><F32/><W64/><G124/><T8/><D8/><U7/><E47/><N who="2" m="24007" /><F84/><W63/><G115/><T13/><D13/><U62/><E40/><V16/><AGARI ba="0,0" hai="16,18,48,52,57,94,97,101" m="24007,43115" machi="16" ten="30,12000,2" yaku="11,1,52,3,54,2" doraHai="110" who="2" fromWho="2" sc="230,-30,250,-60,250,120,270,-30" /><INIT seed="2,0,0,4,2,47" ten="200,190,370,240" oya="2" hai0="83,61,77,126,5,88,25,24,69,114,56,14,3" hai1="67,133,65,12,54,92,131,90,76,96,109,130,101" hai2="95,26,42,82,52,134,70,45,8,118,125,33,15" hai3="58,39,111,86,0,38,46,62,129,98,79,17,85"/><V81/><F118/><W110/><G0/><T6/><D3/><U1/><E1/><V124/><F70/><W66/><G129/><N who="1" m="49162" /><E109/><N who="3" m="41482" /><G17/><T80/><D114/><U44/><E133/><V91/><F134/><W117/><G117/><T50/><D126/><U94/><E76/><V78/><F33/><W16/><G98/><T132/><D132/><U7/><E7/><N who="0" m="2569" /><D77/><U63/><E12/><V18/><F26/><N who="0" m="10346" /><D14/><U123/><E123/><V119/><F119/><W64/><G64/><N who="0" m="38951" /><D69/><U40/><E40/><V75/><F42/><N who="3" m="22871" /><G39/><T53/><D88/><U51/><E63/><V89/><F89/><W60/><G60/><T99/><D99/><AGARI ba="0,0" hai="44,51,54,65,67,90,92,94,96,99,101" m="49162" machi="99" ten="30,2000,0" yaku="19,1,52,1" doraHai="47" who="1" fromWho="0" sc="200,-20,190,20,370,0,240,0" /><INIT seed="3,0,0,5,3,35" ten="180,210,370,240" oya="3" hai0="130,71,131,112,25,61,108,83,3,42,21,79,53" hai1="30,88,99,84,52,45,19,17,96,40,102,34,28" hai2="113,134,126,23,119,67,127,98,77,73,80,41,11" hai3="129,56,60,66,63,5,106,115,101,18,125,48,111"/><W91/><G115/><T118/><D112/><U22/><E34/><V33/><F119/><W124/><G129/><N who="0" m="49163" /><D118/><U110/><E110/><V20/><F33/><W116/><G116/><T121/><D121/><U128/><E128/><V50/><F113/><W54/><G111/><T6/><D42/><U58/><E17/><V24/><F67/><W8/><G18/><N who="0" m="12471" /><D108/><U72/><E72/><V1/><F134/><W89/><G101/><T109/><D109/><U47/><E40/><V70/><F98/><N who="1" m="37417" /><E102/><V26/><F70/><W29/><G106/><T133/><D133/><U51/><E47/><V7/><F41/><W36/><G36/><T107/><D107/><U14/><E45/><V12/><F50/><W64/><G48/><T10/><D71/><U4/><E4/><V82/><F82/><AGARI ba="0,0" hai="14,19,22,28,30,51,52,58,82,84,88" m="37417" machi="82" ten="30,3900,0" yaku="8,1,54,2" doraHai="35" who="1" fromWho="2" sc="180,0,210,39,370,-39,240,0" owari="180,-32.0,249,5.0,331,43.0,240,-16.0" /></mjloggm>