<mjloggm ver="2.3"><GO type="169" lobby="0"/><UN n0="%E3%82%A6%E3%83%AB%E3%83%88%E3%83%A9%E7%AB%8B%E7%9B%B4" n1="%4A%55%4E%4B%45%52%53" n2="%E3%82%AE%E3%82%AC%E3%83%9E%E3%82%A4%E3%83%B3" n3="%72%75%75%72%75%75" dan="17,18,18,16" rate="2185.60,2252.89,2216.66,2042.10" sx="M,M,M,M"/><TAIKYOKU oya="0"/><INIT seed="0,0,0,4,5,52" ten="250,250,250,250" oya="0" hai0="86,101,111,98,112,9,130,81,15,117,11,62,103" hai1="122,106,129,108,125,78,18,0,110,128,54,96,49" hai2="94,28,116,47,66,97,59,135,34,3,29,21,16" hai3="46,17,43,85,25,65,39,53,124,119,26,104,38"/><T51/><D117/><U64/><E0/><V118/><F3/><W19/><G119/><N who="2" m="45609" /><F135/><W131/><G104/><T36/><D36/><U2/><E2/><V31/><F47/><W87/><G38/><T114/><D130/><N who="1" m="50283" /><E78/><V93/><F34/><W6/><G6/><T30/><D111/><N who="1" m="42539" /><E122/><V12/><F97/><W1/><G124/><T22/><D112/><U71/><E18/><V132/><F132/><W113/><G19/><N who="0" m="10623" /><D30/><U133/><E96/><V126/><F126/><W58/><G17/><T95/><D114/><U91/><E91/><V72/><F72/><W77/><G85/><T61/><D103/><U10/><E10/><V24/><F12/><W32/><G87/><T89/><D11/><U23/><E23/><V84/><F84/><W56/><G32/><T69/><D9/><U4/><E4/><V88/><F88/><W115/><G77/><T75/><D75/><U102/><E102/><V92/><F66/><W44/><G65/><T80/><D80/><U40/><E106/><V120/><F120/><W99/><G1/><T107/><D107/><U5/><E5/><V79/><F79/><W76/><G76/><T60/><D101/><U35/><E35/><V67/><F67/><W70/><G131/><T50/><D86/><U83/><E83/><V14/><F14/><W55/><G113/><T20/><D81/><U7/><E133/><V100/><F100/><W57/><G115/><T127/><D127/><U90/><E125/><V42/><F42/><W63/><G43/><T8/><D8/><U68/><E40/><V37/><F37/><W41/><G39/><RYUUKYOKU ba="0,0" sc="250,-10,250,-10,250,30,250,-10" hai2="16,21,24,28,29,31,59,92,93,94" /><INIT seed="1,1,0,2,2,134" ten="240,240,280,240" oya="1" hai0="100,76,8,14,96,48,67,95,119,7,39,0,11" hai1="106,65,70,56,118,112,85,71,10,29,91,63,126" hai2="41,80,44,121,9,26,4,36,17,64,72,24,111" hai3="47,88,33,60,92,102,3,81,77,115,131,93,46"/><U37/><E106/><V84/><F121/><W42/><G115/><T132/><D119/><U68/><E118/><V109/><F64/><W94/><G102/><T89/><D39/><U22/><E112/><V82/><F82/><W107/><G107/><T55/><D132/><U90/><E37/><V54/><F54/><W43/><G3/><T15/><D76/><U16/><E126/><V97/><F97/><W98/><G33/><T40/><D40/><N who="3" m="15401" /><G60/><T75/><D75/><U25/><REACH who="1" step="1"/><E85/><REACH who="1" ten="240,230,280,240" step="2"/><V53/><F84/><N who="3" m="48175" /><G131/><T87/><D87/><U133/><E133/><V62/><F36/><W125/><G125/><T30/><D96/><U58/><E58/><V129/><F129/><W116/><G116/><T35/><D100/><U12/><AGARI ba="1,1" hai="10,12,16,22,25,29,56,63,65,68,70,71,90,91" machi="12" ten="40,12000,1" yaku="1,1,0,1,54,1,53,1" doraHai="134" doraHaiUra="6" who="1" fromWho="1" sc="240,-41,230,133,280,-41,240,-41" /><INIT seed="1,2,0,5,2,113" ten="199,363,239,199" oya="1" hai0="58,12,48,70,6,75,5,11,4,36,39,130,123" hai1="19,109,88,120,8,82,16,53,85,43,33,73,35" hai2="44,122,64,45,134,83,116,9,63,98,118,34,93" hai3="112,31,52,106,13,47,14,79,95,86,107,100,18"/><U103/><E120/><V94/><F34/><W77/><G112/><T117/><D70/><U68/><E68/><V66/><F122/><W80/><G79/><T125/><D123/><U99/><E43/><V89/><F134/><W102/><G106/><T121/><D121/><U128/><E128/><V0/><F83/><W129/><G107/><T131/><D75/><U105/><E109/><V133/><F133/><W71/><G71/><T21/><D21/><U67/><E67/><V41/><F45/><W23/><G31/><T57/><D125/><U115/><E115/><V32/><F32/><W84/><G129/><N who="0" m="49163" /><D117/><U54/><E33/><V62/><F63/><W49/><REACH who="3" step="1"/><G13/><REACH who="3" ten="199,363,239,189" step="2"/><T111/><D111/><U90/><E105/><V76/><F76/><W30/><G30/><T104/><D104/><U50/><E73/><V20/><F118/><W1/><G1/><T7/><D58/><U40/><E35/><V124/><F0/><W26/><G26/><T92/><D92/><U74/><E74/><V81/><F94/><W69/><G69/><T55/><AGARI ba="2,1" hai="4,5,6,7,11,12,36,39,48,55,57" m="49163" machi="55" ten="40,1500,0" yaku="19,1" doraHai="113" who="0" fromWho="0" sc="199,31,363,-9,239,-6,189,-6" /><INIT seed="2,0,0,2,2,50" ten="230,354,233,183" oya="2" hai0="97,68,28,33,30,64,1,38,109,77,73,124,119" hai1="36,20,91,130,87,37,43,32,76,23,78,84,18" hai2="94,79,69,21,3,74,80,8,131,100,88,85,24" hai3="56,46,103,118,111,126,48,82,67,60,135,59,71"/><V89/><F69/><W121/><G103/><T99/><D97/><U27/><E32/><V2/><F131/><W81/><G81/><T133/><D30/><U13/><E130/><V52/><F100/><W42/><G82/><T117/><D99/><U92/><E43/><V58/><F89/><W65/><G118/><T102/><D102/><U122/><E122/><V108/><F8/><W5/><G5/><T132/><D77/><N who="1" m="29803" /><E37/><V61/><F108/><W7/><G7/><T101/><D101/><U128/><E36/><V83/><F83/><W127/><G121/><T14/><D14/><U53/><E128/><V96/><F74/><W72/><G72/><T70/><D70/><U4/><E4/><V9/><F9/><W22/><G22/><T29/><D1/><U93/><E87/><V62/><F62/><N who="3" m="40439" /><G111/><T19/><D109/><U107/><E107/><V17/><AGARI ba="0,0" hai="2,3,17,21,24,52,58,61,79,80,85,88,94,96" machi="17" ten="20,18000,2" yaku="0,1,7,1,25,2,52,1,54,2" doraHai="50" who="2" fromWho="2" sc="230,-60,354,-60,233,180,183,-60" /><INIT seed="2,1,0,0,5,76" ten="170,294,413,123" oya="2" hai0="48,60,69,108,1,29,41,84,65,39,58,56,71" hai1="54,49,24,67,3,46,31,102,97,47,112,50,32" hai2="126,61,62,101,53,26,64,89,10,115,15,51,114" hai3="80,23,119,87,73,70,93,36,117,17,81,45,20"/><V40/><F126/><W44/><G70/><N who="0" m="26635" /><D84/><U8/><E112/><V74/><F40/><W5/><G73/><T104/><D29/><U2/><E8/><V57/><F74/><W90/><G119/><T128/><D104/><U4/><E4/><V63/><F101/><W83/><G36/><T7/><D7/><U95/><REACH who="1" step="1"/><E67/><REACH who="1" ten="170,284,413,123" step="2"/><V19/><F64/><W116/><G117/><T0/><D0/><U130/><E130/><V6/><F115/><W59/><G116/><T14/><D1/><U106/><E106/><V68/><F114/><W9/><G5/><T11/><D11/><U66/><E66/><V72/><F6/><W100/><G9/><T125/><D128/><U135/><E135/><V85/><F68/><W121/><G121/><T91/><D65/><U13/><E13/><V75/><REACH who="2" step="1"/><F26/><REACH who="2" ten="170,284,403,123" step="2"/><W86/><G100/><T16/><D125/><U127/><E127/><V99/><F99/><W42/><G87/><T120/><D120/><U133/><E133/><V107/><F107/><W111/><G86/><T123/><D123/><U38/><E38/><V37/><F37/><W28/><G28/><T134/><D39/><U35/><E35/><V124/><F124/><W33/><G33/><T113/><D134/><U79/><E79/><V94/><AGARI ba="1,2" hai="10,15,19,51,53,57,61,62,63,72,75,85,89,94" machi="94" ten="30,11700,0" yaku="1,1,0,1,53,2" doraHai="76" doraHaiUra="105" who="2" fromWho="2" sc="170,-40,284,-40,403,140,123,-40" /><INIT seed="2,2,0,5,2,119" ten="130,244,543,83" oya="2" hai0="100,39,10,41,63,44,104,50,128,84,67,24,99" hai1="89,75,79,101,15,71,28,53,35,96,70,59,64" hai2="132,58,97,94,81,40,2,29,110,127,86,33,131" hai3="51,130,1,46,76,65,62,20,8,12,125,80,106"/><V123/><F2/><W134/><G130/><T88/><D128/><U47/><E35/><V66/><F131/><W98/><G134/><T93/><D10/><U19/><E28/><V103/><F132/><W135/><G135/><T111/><D111/><U129/><E129/><V6/><F127/><W133/><G133/><T49/><REACH who="0" step="1"/><D24/><REACH who="0" ten="120,244,543,83" step="2"/><U36/><E71/><AGARI ba="2,1" hai="39,41,44,49,50,63,67,71,84,88,93,99,100,104" machi="71" ten="30,7700,0" yaku="1,1,2,1,7,1,54,1,53,0" doraHai="119" doraHaiUra="34" who="0" fromWho="1" sc="120,93,244,-83,543,0,83,0" /><INIT seed="3,0,0,1,0,22" ten="213,161,543,83" oya="3" hai0="31,121,15,130,115,77,101,36,112,93,57,3,131" hai1="64,67,124,95,100,104,46,48,6,84,96,122,108" hai2="16,125,102,89,0,4,123,73,70,44,99,14,66" hai3="94,24,111,74,58,62,41,109,30,81,28,53,75"/><W37/><G30/><T113/><D3/><U51/><E108/><N who="3" m="41546" /><G81/><T55/><D36/><U98/><E122/><V11/><F123/><W35/><G94/><T38/><D38/><U86/><E124/><V47/><F125/><W117/><G117/><T119/><D119/><U1/><E1/><V90/><F73/><W33/><G33/><T82/><D121/><U128/><E6/><V97/><F97/><W63/><G63/><N who="0" m="36287" /><D31/><U133/><E133/><V23/><F90/><W27/><G27/><T56/><D15/><U71/><E128/><V61/><F89/><W87/><G87/><N who="0" m="48591" /><D56/><U8/><E71/><V39/><F39/><W25/><G25/><T9/><D9/><U7/><E8/><V126/><F126/><W88/><G88/><T21/><D21/><U42/><E7/><V107/><AGARI ba="0,0" hai="0,4,11,14,16,23,44,47,61,66,70,99,102,107" machi="107" ten="20,2700,0" yaku="0,1,7,1,54,1" doraHai="22" who="2" fromWho="2" sc="213,-7,161,-7,543,27,83,-13" /><INIT seed="4,0,0,2,5,65" ten="206,154,570,70" oya="0" hai0="23,102,7,47,96,76,71,134,2,77,37,133,27" hai1="81,84,61,74,92,93,88,125,113,29,41,89,19" hai2="111,79,43,66,17,14,94,42,67,110,116,20,72" hai3="55,44,64,124,35,104,97,69,25,39,91,59,26"/><T101/><D2/><U70/><E29/><V87/><F72/><W109/><G109/><T28/><D7/><U21/><E41/><V48/><F116/><W126/><G64/><N who="2" m="24617" /><F111/><W46/><G69/><T24/><D71/><U62/><E70/><V135/><F110/><W90/><G90/><T0/><D0/><U73/><E125/><V1/><F1/><W5/><G5/><T56/><D56/><U6/><E6/><V8/><F135/><N who="0" m="51722" /><D102/><U45/><E45/><N who="3" m="17514" /><G35/><T33/><D47/><U9/><E113/><V11/><F48/><W119/><G39/><T30/><D37/><U123/><E123/><V130/><F130/><W49/><G119/><T98/><D98/><U105/><E105/><AGARI ba="0,0" hai="23,24,27,28,30,33,76,77,96,101,105" m="51722" machi="105" ten="30,1500,0" yaku="20,1" doraHai="65" who="0" fromWho="1" sc="206,15,154,-15,570,0,70,0" /><INIT seed="4,1,0,4,1,7" ten="221,139,570,70" oya="0" hai0="84,23,130,98,121,81,51,49,39,71,33,30,52" hai1="12,129,80,69,20,8,88,64,57,26,13,35,36" hai2="28,132,99,131,10,82,113,50,128,116,106,79,86" hai3="42,17,22,107,96,125,16,58,70,34,134,45,3"/><T53/><D121/><U38/><E69/><V126/><F113/><W4/><G70/><T124/><D39/><U54/><E35/><V115/><F115/><W65/><G34/><T48/><D33/><U103/><E64/><V66/><F126/><W117/><G134/><T74/><D74/><U5/><E103/><V9/><F132/><W91/><G117/><T11/><D71/><U61/><E129/><N who="2" m="49739" /><F116/><W109/><G109/><T68/><D68/><U101/><E101/><N who="2" m="62783" /><F66/><W92/><G107/><T31/><D98/><U32/><E32/><V105/><F105/><W0/><G0/><T1/><D124/><U37/><E13/><V19/><F28/><N who="0" m="10794" /><D1/><U21/><REACH who="1" step="1"/><E26/><REACH who="1" ten="221,129,570,70" step="2"/><V133/><F133/><W127/><G125/><T18/><D130/><U40/><E40/><V27/><F27/><W41/><G41/><T76/><D23/><U97/><E97/><V100/><F100/><W135/><G127/><T72/><D72/><U119/><E119/><V123/><F123/><W110/><G135/><T111/><D111/><U2/><E2/><V67/><F67/><W78/><G110/><T75/><D75/><U29/><E29/><V93/><F19/><W14/><G17/><T73/><D73/><U85/><AGARI ba="1,1" hai="5,8,12,20,21,36,37,38,54,57,61,80,85,88" machi="85" ten="40,8000,1" yaku="1,1,0,1,52,1,54,1,53,1" doraHai="7" doraHaiUra="77" who="1" fromWho="1" sc="221,-41,129,93,570,-21,70,-21" /><INIT seed="5,0,0,2,3,30" ten="180,222,549,49" oya="1" hai0="94,112,70,99,82,13,69,93,129,66,100,108,41" hai1="21,124,27,60,32,34,61,80,84,49,46,111,126" hai2="92,74,52,44,91,42,132,53,40,114,97,119,3" hai3="85,0,118,130,8,83,64,18,57,121,110,65,2"/><U56/><E111/><V95/><F74/><W28/><G110/><T109/><D70/><U24/><E49/><N who="2" m="26775" /><F3/><W106/><G106/><T17/><D112/><U113/><E113/><V10/><F119/><W128/><G121/><T102/><D129/><U116/><E46/><V98/><F114/><W103/><G103/><T37/><D41/><U26/><E21/><V39/><F39/><W19/><G28/><T68/><D37/><U29/><E29/><V76/><F76/><W134/><G8/><T55/><D68/><U35/><E116/><V1/><F1/><W123/><G85/><T6/><D6/><U117/><E117/><V78/><F78/><W14/><G123/><T48/><D66/><U105/><E105/><V101/><F132/><W5/><G118/><T59/><D69/><U4/><E4/><V12/><F40/><W107/><G57/><T75/><D75/><U131/><E131/><V96/><F96/><W36/><G36/><T133/><D133/><U11/><E11/><V77/><F77/><W20/><G134/><T120/><D120/><U45/><E45/><V33/><F33/><W79/><G107/><T23/><D109/><U122/><E122/><V62/><F62/><N who="1" m="24169" /><E56/><V51/><F51/><W67/><G130/><T135/><D108/><U86/><E80/><V125/><F125/><AGARI ba="0,0" hai="24,26,27,32,34,35,84,86,124,125,126" m="24169" machi="125" ten="40,18000,2" yaku="28,2,18,1,52,3" doraHai="30" who="1" fromWho="2" sc="180,0,222,180,549,-180,49,0" /><INIT seed="5,1,0,2,4,62" ten="180,402,369,49" oya="1" hai0="49,14,130,45,135,37,102,68,99,35,57,18,72" hai1="8,92,1,61,111,43,21,48,32,12,42,127,40" hai2="108,85,73,84,11,23,53,31,67,16,86,134,112" hai3="7,15,104,98,94,56,2,34,71,89,83,110,82"/><U55/><E32/><V91/><F73/><W122/><G110/><T113/><D72/><U125/><E111/><V29/><F108/><W124/><G122/><T131/><D68/><U5/><E92/><V101/><F134/><W44/><G71/><T123/><D35/><U64/><E21/><V87/><F101/><W93/><G104/><T88/><D113/><U78/><E78/><V103/><F103/><W59/><G2/><T47/><D135/><U118/><E118/><V107/><F107/><W77/><G44/><T54/><D123/><U65/><E1/><V38/><F112/><W20/><G34/><T96/><D37/><U19/><E5/><V25/><F38/><W114/><G124/><N who="1" m="47690" /><E61/><V128/><F128/><N who="0" m="49194" /><D88/><U129/><E129/><V95/><F11/><W79/><G114/><T119/><D119/><U41/><N who="1" m="10240" /><DORA hai="3" /><U28/><E28/><V70/><REACH who="2" step="1"/><F53/><REACH who="2" ten="180,402,359,49" step="2"/><W126/><G126/><T36/><D36/><U121/><E121/><V109/><F109/><W46/><G77/><T97/><D102/><U17/><E17/><V116/><F116/><W24/><G79/><T74/><D74/><U4/><E19/><V27/><F27/><W9/><G24/><T60/><D18/><U26/><E26/><V13/><F13/><W58/><G20/><T76/><D14/><U6/><E6/><V75/><F75/><W30/><G30/><T90/><D76/><U33/><E33/><V106/><F106/><W22/><G22/><T39/><D39/><U52/><E55/><V66/><F66/><W117/><G117/><T132/><D132/><U115/><E115/><RYUUKYOKU ba="1,1" sc="180,-15,402,15,359,15,49,-15" hai1="4,8,12,48,52,64,65" hai2="16,23,25,29,31,67,70,84,85,86,87,91,95" /><INIT seed="5,2,1,4,0,28" ten="165,417,374,34" oya="1" hai0="34,116,56,16,38,108,118,120,45,92,7,9,58" hai1="33,4,18,64,100,23,87,57,2,65,27,50,74" hai2="72,69,88,49,62,111,129,93,71,44,80,81,82" hai3="103,114,41,53,26,1,99,132,117,19,21,128,122"/><U66/><E74/><V47/><F111/><W94/><G122/><T51/><D38/><U77/><E100/><V25/><F129/><W59/><G128/><T6/><D108/><U52/><E2/><V73/><F25/><W31/><G132/><T123/><D92/><U15/><E4/><V76/><F62/><W91/><G114/><T12/><D7/><U89/><E77/><V0/><F0/><W20/><G117/><T68/><D68/><U75/><E75/><V37/><F37/><W83/><G1/><T84/><D84/><U125/><E125/><V67/><F67/><W48/><G41/><T5/><D5/><U13/><E33/><V121/><F121/><N who="0" m="46666" /><D6/><U70/><REACH who="1" step="1"/><E70/><REACH who="1" ten="165,407,374,34" step="2"/><V8/><F71/><W46/><G103/><T130/><D34/><U10/><E10/><V97/><F69/><W96/><G96/><T85/><D130/><U79/><E79/><V32/><F32/><W36/><G99/><T126/><D126/><U106/><E106/><V127/><F127/><W17/><G91/><T113/><D116/><U42/><E42/><V135/><F76/><W22/><G22/><T95/><D118/><U55/><E55/><V98/><F73/><W3/><G20/><T134/><D134/><U107/><E107/><V14/><F72/><W109/><G3/><T78/><D78/><U101/><E101/><V115/><F135/><W102/><G109/><T30/><D9/><U40/><E40/><V35/><F35/><W60/><G102/><T11/><D11/><U110/><E110/><V90/><F8/><W39/><G21/><N who="0" m="11399" /><D113/><U43/><E43/><RYUUKYOKU ba="2,2" sc="165,-10,407,30,374,-10,34,-10" hai1="13,15,18,23,27,50,52,57,64,65,66,87,89" /><INIT seed="5,3,2,3,2,87" ten="155,437,364,24" oya="1" hai0="14,61,57,19,73,22,52,11,124,125,82,38,43" hai1="97,6,92,68,47,5,59,80,21,1,29,44,89" hai2="127,110,18,4,129,116,65,31,28,132,0,77,54" hai3="8,100,126,26,32,36,90,66,133,63,64,135,94"/><U102/><E68/><V48/><F110/><W67/><G36/><T49/><D38/><U115/><E115/><V119/><F127/><N who="0" m="48714" /><D73/><U9/><E6/><V81/><F129/><W83/><G126/><T103/><D103/><U39/><E59/><V99/><F132/><N who="3" m="50763" /><G8/><T105/><D105/><U35/><E35/><V27/><F65/><W69/><G83/><T13/><D82/><U131/><E131/><V10/><F18/><W78/><G78/><T60/><D43/><U37/><E37/><V106/><F99/><N who="3" m="57815" /><G100/><T16/><AGARI ba="3,2" hai="11,13,14,16,19,22,49,52,57,60,61" m="48714" machi="16" ten="30,4000,0" yaku="18,1,54,2" doraHai="87" who="0" fromWho="0" sc="155,69,437,-23,364,-13,24,-13" /><INIT seed="6,0,0,4,5,113" ten="224,414,351,11" oya="2" hai0="7,83,62,5,26,116,119,110,21,112,82,91,60" hai1="8,37,0,72,135,25,118,90,124,66,4,45,40" hai2="130,15,51,31,9,114,39,134,84,20,69,46,129" hai3="1,3,132,74,71,55,10,56,18,99,64,89,16"/><V17/><F69/><W77/><G64/><T11/><D110/><U32/><E90/><V49/><F114/><W67/><G67/><T41/><D41/><U12/><E118/><N who="0" m="45097" /><D112/><U93/><E66/><V63/><F134/><W27/><G71/><T87/><D83/><U29/><E135/><V53/><F39/><W107/><G132/><T48/><D48/><U98/><E124/><V127/><F127/><W43/><G43/><T33/><D33/><U68/><E40/><V24/><F63/><N who="0" m="24106" /><D11/><U88/><E8/><V78/><F51/><W73/><G27/><T58/><D58/><U30/><E25/><V126/><F126/><W121/><G121/><T81/><D82/><U19/><E32/><V106/><F49/><W23/><G23/><T79/><D79/><U57/><E57/><V47/><F78/><W59/><G59/><T94/><D94/><U70/><E93/><V75/><F47/><W86/><G107/><T102/><D102/><U120/><E45/><V117/><F106/><W92/><G74/><T14/><D14/><U103/><E72/><V128/><F117/><W65/><G73/><T96/><D96/><U125/><E12/><V54/><F75/><W38/><G38/><T34/><D34/><U42/><E37/><V52/><F46/><W85/><G65/><T6/><D6/><U111/><E4/><V122/><F122/><W50/><G77/><T105/><D105/><U104/><E70/><V61/><F61/><W109/><G109/><T97/><D97/><U13/><E68/><V35/><F35/><W101/><G101/><T131/><D131/><RYUUKYOKU ba="0,0" sc="224,15,414,-15,351,15,11,-15" hai0="5,7,21,26,81,87,91" hai2="9,15,17,20,24,31,52,53,54,84,128,129,130" owari="239,-16.0,399,49.0,366,17.0,-4,-50.0" /></mjloggm>