<mjloggm ver="2.3"><GO type="169" lobby="0"/><UN n0="%E5%B0%B1%E6%B4%BB%E7%94%9F%40%E5%B7%9D%E6%9D%91%E8%BB%8D%E5%9B%A3" n1="%54%61%6E%70%61%61%63%68" n2="%6D%61%63%6A%72" n3="%E5%A4%A7%E6%AD%A3%E7%BE%A9%E9%87%8E%E7%90%83%E5%A8%98" dan="17,16,17,17" rate="2255.89,2071.90,2131.46,2181.07" sx="M,M,M,F"/><TAIKYOKU oya="0"/><INIT seed="0,0,0,4,4,92" ten="250,250,250,250" oya="0" hai0="104,55,28,79,17,29,112,19,69,90,85,33,32" hai1="15,60,134,114,34,36,123,116,23,125,8,72,25" hai2="1,84,49,53,0,75,98,52,9,64,87,122,39" hai3="113,73,35,128,6,96,101,62,91,102,27,118,70"/><T5/><D104/><U41/><E60/><V30/><F75/><W63/><G118/><T74/><D69/><U54/><E54/><V115/><F115/><W94/><G113/><T78/><D112/><U80/><E23/><V71/><F39/><W37/><G73/><T3/><D74/><U82/><E15/><V76/><F122/><W42/><G128/><T59/><D5/><U126/><E80/><V106/><F30/><N who="0" m="11882" /><D3/><U110/><E25/><V68/><F49/><W20/><G6/><T58/><D33/><U4/><E41/><V131/><F106/><W130/><G35/><T93/><D32/><U109/><E82/><V31/><F31/><W24/><G24/><T57/><D55/><U120/><E8/><V107/><F107/><W48/><G37/><T47/><D47/><U46/><E46/><V124/><F9/><W127/><G127/><T132/><D132/><U135/><E4/><V67/><F131/><W88/><G130/><T81/><D81/><U108/><E36/><V117/><F117/><W56/><G70/><T66/><D66/><U95/><E34/><V10/><F10/><W44/><G63/><T77/><AGARI ba="0,0" hai="17,19,57,58,59,77,78,79,85,90,93" m="11882" machi="77" ten="40,2100,0" yaku="8,1" doraHai="92" who="0" fromWho="0" sc="250,21,250,-7,250,-7,250,-7" /><INIT seed="0,1,0,5,2,53" ten="271,243,243,243" oya="0" hai0="31,95,69,132,115,121,119,23,130,57,109,24,73" hai1="65,112,58,21,19,26,102,40,56,105,108,63,55" hai2="88,128,8,104,117,60,77,15,74,30,45,9,94" hai3="118,28,123,35,133,100,122,6,120,51,22,84,18"/><T62/><D73/><U96/><E108/><V101/><F128/><W131/><G118/><T110/><D119/><U125/><E112/><V42/><F117/><W81/><G131/><T54/><D115/><U47/><E125/><V0/><F30/><W46/><G133/><T52/><D130/><U68/><REACH who="1" step="1"/><E55/><REACH who="1" ten="271,233,243,243" step="2"/><V12/><F60/><W71/><G120/><T86/><D121/><U50/><AGARI ba="1,1" hai="19,21,26,40,47,50,56,58,63,65,68,96,102,105" machi="50" ten="20,12000,2" yaku="1,1,2,1,0,1,7,1,52,2,53,1" doraHai="53" doraHaiUra="36" who="1" fromWho="1" sc="271,-61,233,133,243,-31,243,-31" /><INIT seed="1,0,0,0,5,133" ten="210,366,212,212" oya="1" hai0="107,2,86,42,67,79,83,43,16,122,89,68,28" hai1="46,73,71,34,23,54,129,33,115,1,114,77,30" hai2="106,19,58,100,78,44,95,74,32,128,134,49,21" hai3="56,5,29,40,132,109,17,6,60,10,0,39,130"/><U62/><E1/><V112/><F134/><W51/><G39/><T48/><D2/><U97/><E129/><V94/><F32/><W14/><G132/><T111/><D107/><U121/><E121/><V81/><F128/><W131/><G29/><T66/><D28/><U37/><E23/><V72/><F112/><W123/><G123/><T18/><D68/><U7/><E7/><V63/><F72/><W82/><G109/><T22/><D111/><U50/><E97/><V47/><F106/><W45/><G82/><T93/><D18/><U90/><E90/><V102/><F102/><W116/><G5/><T12/><D122/><U24/><E34/><V104/><F104/><W3/><G3/><T55/><D66/><N who="1" m="41431" /><E77/><V41/><F47/><W4/><G4/><T113/><D67/><U92/><E92/><V118/><F100/><W70/><G70/><T108/><D108/><U57/><E73/><V59/><F118/><W75/><G75/><T26/><D26/><U36/><E36/><V38/><F38/><W35/><G35/><T87/><REACH who="0" step="1"/><D113/><REACH who="0" ten="200,366,212,212" step="2"/><U120/><E120/><V110/><F110/><W69/><G69/><T119/><D119/><U127/><E114/><V20/><F19/><W126/><G116/><T9/><D9/><U61/><E115/><V31/><F21/><N who="3" m="11447" /><G131/><T135/><D135/><U25/><E25/><V52/><F31/><W105/><G130/><T88/><D88/><U125/><E61/><N who="2" m="36039" /><F20/><W91/><G105/><T101/><D101/><U11/><E11/><V85/><F74/><W13/><G91/><T8/><D8/><U96/><E37/><RYUUKYOKU ba="0,1" sc="200,15,366,-15,212,15,212,-15" hai0="12,16,22,42,43,48,55,79,83,86,87,89,93" hai2="41,44,49,59,63,78,81,85,94,95" /><INIT seed="2,1,1,1,1,1" ten="215,351,227,197" oya="2" hai0="83,117,45,52,37,25,53,30,86,6,78,26,109" hai1="65,94,132,29,105,97,36,116,39,23,47,118,73" hai2="58,87,35,106,79,114,66,101,110,122,81,70,15" hai3="55,12,69,31,85,135,54,50,49,123,40,96,64"/><V100/><F122/><W34/><G123/><T112/><D112/><U120/><E73/><V22/><F114/><W4/><G135/><T104/><D104/><U133/><E105/><V72/><F35/><W42/><G34/><T38/><D109/><U95/><E65/><V121/><F121/><W93/><G31/><T80/><D117/><U21/><E120/><V59/><F110/><W71/><G85/><T57/><D6/><U56/><E56/><V18/><F72/><W128/><G128/><T33/><D26/><U84/><E84/><V99/><REACH who="2" step="1"/><F101/><REACH who="2" ten="215,351,217,197" step="2"/><W60/><G71/><T41/><D37/><U27/><E36/><V92/><F92/><W0/><G69/><T90/><D57/><U20/><E95/><V43/><F43/><W68/><G40/><T129/><D129/><U74/><E74/><AGARI ba="1,2" hai="25,30,33,38,41,45,52,53,74,78,80,83,86,90" machi="74" ten="30,2000,0" yaku="7,1,54,1" doraHai="1" who="0" fromWho="1" sc="215,43,351,-23,217,0,197,0" /><INIT seed="3,0,0,5,4,109" ten="258,328,217,197" oya="3" hai0="3,110,79,98,46,23,87,2,88,27,49,107,121" hai1="66,126,131,77,118,33,93,134,123,53,26,95,78" hai2="55,40,29,132,68,1,76,99,62,9,39,94,85" hai3="125,42,103,100,0,48,51,54,52,37,44,96,16"/><W72/><G0/><T13/><D110/><U4/><E118/><V10/><F132/><W80/><G125/><T129/><D129/><U133/><E123/><V82/><F1/><W19/><G72/><T91/><D121/><U6/><E66/><V71/><F71/><W116/><G116/><T43/><D13/><U69/><E69/><V104/><F104/><W113/><G80/><T84/><D79/><U5/><E126/><V117/><F117/><W119/><G119/><T111/><D111/><U57/><E131/><V135/><F135/><N who="1" m="51721" /><E26/><V28/><F40/><W108/><G108/><T7/><D7/><U89/><E33/><V36/><F36/><W124/><G124/><T17/><D98/><N who="1" m="57647" /><E95/><V31/><F39/><W97/><G37/><T128/><D107/><U21/><E21/><V122/><F122/><W64/><G64/><T32/><D32/><U14/><E14/><V8/><F68/><W15/><G42/><T102/><D102/><N who="3" m="38953" /><G113/><T41/><D128/><U58/><E58/><N who="2" m="35167" /><F94/><W74/><G74/><T114/><D114/><U63/><AGARI ba="0,0" hai="4,5,6,53,57,63,77,78" m="57647,51721" machi="63" ten="30,1100,0" yaku="20,1" doraHai="109" who="1" fromWho="1" sc="258,-3,328,11,217,-3,197,-5" /><INIT seed="4,0,0,3,3,62" ten="255,339,214,192" oya="0" hai0="58,125,43,133,104,20,96,127,60,39,116,106,5" hai1="1,30,18,53,51,123,103,120,9,129,102,101,44" hai2="68,100,111,115,54,11,112,132,21,119,57,29,118" hai3="124,17,7,45,91,114,46,8,36,26,56,24,28"/><T121/><D116/><N who="2" m="44586" /><F100/><W15/><G124/><T134/><D5/><U128/><E30/><V79/><F79/><W122/><G114/><N who="2" m="43561" /><F11/><W2/><G122/><T105/><D43/><U89/><E89/><V48/><F29/><W52/><G91/><T32/><D39/><U135/><E135/><N who="0" m="51721" /><D32/><U59/><E44/><V85/><F132/><W99/><G99/><T35/><D35/><U74/><E74/><V34/><F34/><N who="3" m="20743" /><G26/><T61/><D121/><U14/><E1/><V94/><F21/><N who="3" m="11455" /><G36/><T76/><D76/><U12/><E120/><V131/><F94/><W47/><G47/><T83/><D83/><U19/><E123/><V69/><F85/><W49/><AGARI ba="0,0" hai="2,7,8,45,46,49,52,56" m="11455,20743" machi="49" ten="30,2000,0" yaku="24,1,54,1" doraHai="62" who="3" fromWho="3" sc="255,-10,339,-5,214,-5,192,20" /><INIT seed="5,0,0,3,3,2" ten="245,334,209,212" oya="1" hai0="120,0,133,105,97,10,90,58,123,81,54,64,119" hai1="80,95,4,42,124,1,30,6,72,3,14,32,69" hai2="57,135,53,44,88,27,33,37,114,65,46,132,128" hai3="49,110,84,83,118,93,63,100,125,76,104,19,75"/><U122/><E69/><V92/><F128/><W24/><G110/><T107/><D133/><N who="2" m="51274" /><F65/><W16/><G125/><T129/><D129/><U78/><E122/><N who="0" m="46633" /><D64/><U111/><E111/><V96/><F37/><W134/><G134/><T85/><D119/><U60/><E60/><N who="2" m="35887" /><F114/><W51/><G118/><T94/><D10/><U106/><E106/><V77/><F77/><W102/><G63/><N who="0" m="36311" /><D0/><U89/><E124/><V31/><AGARI ba="0,0" hai="27,31,33,44,46,88,92,96" m="35887,51274" machi="31" ten="30,2000,0" yaku="20,1,54,1" doraHai="2" who="2" fromWho="2" sc="245,-5,334,-10,209,20,212,-5" /><INIT seed="6,0,0,4,1,36" ten="240,324,229,207" oya="2" hai0="25,54,77,89,32,107,94,118,98,19,128,124,83" hai1="16,120,66,114,22,41,42,97,121,86,111,78,63" hai2="81,90,39,33,75,40,116,102,60,110,84,30,62" hai3="24,127,26,134,72,20,1,10,132,43,48,106,135"/><V113/><F116/><W74/><G106/><T133/><D107/><U47/><E111/><V108/><F113/><W73/><G127/><T129/><D133/><U71/><E97/><V44/><F102/><W99/><G99/><T117/><D54/><U125/><E47/><V45/><F75/><W31/><G24/><T68/><D68/><U4/><E4/><V12/><F12/><W93/><G93/><T95/><D124/><U76/><E114/><V91/><F30/><W67/><G67/><T3/><D3/><U82/><E76/><V29/><F29/><W96/><G96/><N who="0" m="57423" /><D19/><U85/><E86/><V87/><F33/><W50/><REACH who="3" step="1"/><G43/><REACH who="3" ten="240,324,229,197" step="2"/><T18/><D25/><N who="1" m="14535" /><E125/><V37/><F81/><W105/><G105/><T122/><D117/><U109/><E109/><V80/><F80/><W15/><G15/><T61/><D83/><U6/><E6/><AGARI ba="0,1" hai="1,6,10,20,26,31,48,50,72,73,74,132,134,135" machi="6" ten="50,3200,0" yaku="1,1,20,1,53,0" doraHai="36" doraHaiUra="64" who="3" fromWho="1" sc="240,0,324,-32,229,0,197,42" /><INIT seed="7,0,0,5,3,88" ten="240,292,229,239" oya="3" hai0="75,60,47,28,111,45,69,102,27,46,124,15,115" hai1="72,68,108,3,26,123,4,91,113,44,64,49,1" hai2="61,34,50,52,71,85,17,110,94,131,36,14,86" hai3="18,92,51,97,134,129,65,133,16,11,30,33,107"/><W32/><G107/><T66/><D111/><U37/><E108/><V55/><F110/><W80/><G129/><T63/><D75/><U93/><E72/><V29/><F36/><W38/><G38/><T98/><D124/><U99/><E37/><V6/><F131/><W58/><G80/><T126/><D126/><U25/><E123/><V20/><F6/><W84/><G84/><T122/><D122/><U90/><E91/><V83/><F34/><N who="3" m="13419" /><G11/><T9/><D63/><U128/><E113/><V54/><F29/><W56/><G30/><T42/><D115/><U127/><E127/><V73/><F50/><W43/><G65/><T101/><D101/><U130/><E130/><V77/><REACH who="2" step="1"/><F94/><REACH who="2" ten="240,292,219,239" step="2"/><W0/><G0/><T12/><D28/><U8/><E1/><V76/><F76/><W10/><G51/><T118/><D118/><U119/><E119/><V78/><F78/><W87/><G18/><T100/><D42/><U121/><E128/><V95/><F95/><W112/><G112/><T105/><D105/><U79/><E79/><V40/><F40/><W120/><G43/><T21/><D60/><U57/><E121/><V41/><F41/><W13/><G120/><T96/><D47/><U31/><E31/><V62/><F62/><W74/><G74/><T5/><D46/><U89/><E93/><V125/><F125/><W135/><G87/><T59/><D45/><U81/><E44/><V104/><F104/><W22/><G10/><T114/><D114/><U24/><E8/><V39/><F39/><W106/><G106/><T2/><D9/><U103/><E4/><RYUUKYOKU ba="0,1" sc="240,-15,292,-15,219,15,239,15" hai2="14,17,20,52,54,55,61,71,73,77,83,85,86" hai3="13,16,22,56,58,92,97,133,134,135" /><INIT seed="7,1,1,3,1,114" ten="225,277,234,254" oya="3" hai0="105,46,35,134,53,38,78,91,37,19,28,110,43" hai1="11,101,55,130,24,3,119,31,81,61,7,21,16" hai2="68,109,131,48,103,42,129,82,22,63,4,13,83" hai3="115,84,20,54,39,58,40,23,14,85,59,118,27"/><W5/><G118/><T74/><D110/><U93/><E130/><N who="2" m="49675" /><F109/><W121/><G121/><T96/><D19/><U123/><E119/><V94/><F42/><W45/><G59/><T2/><D53/><U51/><E61/><V106/><F106/><W50/><G115/><T29/><D134/><U98/><E81/><V6/><F48/><N who="3" m="31047" /><G39/><N who="0" m="21887" /><D29/><U72/><E72/><V132/><F132/><W64/><G64/><T124/><D124/><U69/><E69/><V102/><F22/><N who="3" m="8235" /><G27/><N who="0" m="18847" /><D91/><U0/><E0/><V88/><F102/><W79/><G79/><T9/><D78/><U33/><E123/><V135/><F103/><W67/><G67/><T87/><D87/><U57/><E33/><V17/><F135/><W108/><G108/><T32/><D32/><U62/><E51/><V107/><F107/><W122/><G122/><T86/><D86/><U36/><E36/><V34/><F34/><W80/><G80/><T113/><D74/><U126/><E126/><V18/><F82/><W128/><G128/><T49/><D49/><U12/><E3/><V66/><F83/><W65/><G65/><T111/><D111/><U112/><E112/><V104/><F104/><W97/><G97/><T95/><D113/><U89/><E101/><V70/><F70/><W75/><G75/><T73/><D73/><U41/><E41/><V92/><F92/><W116/><G116/><T25/><D25/><U26/><E24/><V56/><F68/><W99/><G99/><T76/><D76/><U8/><E7/><N who="2" m="2603" /><F13/><W10/><AGARI ba="1,1" hai="5,10,14,40,45,50,84,85" m="8235,31047" machi="10" ten="30,1500,0" yaku="8,1" doraHai="114" who="3" fromWho="3" sc="225,-6,277,-6,234,-6,254,28" /><INIT seed="7,2,0,2,5,128" ten="219,271,228,282" oya="3" hai0="127,8,68,106,65,55,30,99,27,135,26,35,64" hai1="131,102,109,36,31,44,118,93,3,122,87,132,117" hai2="85,23,0,79,18,95,54,20,90,74,124,37,81" hai3="34,9,105,134,61,29,5,84,7,42,120,72,17"/><W112/><G72/><T126/><D27/><U43/><E132/><V4/><F124/><N who="0" m="47658" /><D55/><U14/><E3/><V58/><F37/><W110/><G42/><T94/><D106/><U49/><E109/><V86/><F0/><W2/><G105/><T32/><D32/><U15/><E131/><V51/><F4/><W11/><G120/><T129/><D129/><U16/><E31/><V66/><F66/><N who="0" m="25706" /><D8/><N who="1" m="6215" /><E15/><V98/><F20/><W53/><G29/><T12/><D12/><AGARI ba="2,0" hai="12,18,23,51,54,58,74,79,81,85,86,90,95,98" machi="12" ten="30,1000,0" yaku="7,1" doraHai="128" who="2" fromWho="0" sc="219,-16,271,0,228,16,282,0" /><INIT seed="8,0,0,1,1,115" ten="203,271,244,282" oya="0" hai0="42,131,8,4,51,66,114,132,90,80,15,26,17" hai1="57,83,93,70,6,105,109,130,45,94,37,102,46" hai2="98,76,75,74,53,30,39,18,85,95,31,55,119" hai3="134,10,89,33,104,135,49,69,113,43,112,129,9"/><T41/><D114/><N who="3" m="44137" /><G129/><T88/><D131/><U54/><E130/><V0/><F39/><W38/><G38/><T36/><D132/><N who="3" m="50729" /><G69/><T125/><D36/><U24/><E70/><V12/><F0/><W78/><G33/><T87/><D125/><U21/><E6/><V106/><F106/><W100/><G78/><N who="0" m="46487" /><D66/><U91/><E105/><V121/><F121/><W3/><G89/><N who="0" m="34411" /><D51/><U68/><E68/><V62/><F75/><W47/><G3/><T20/><AGARI ba="0,0" hai="4,8,15,17,20,26,41,42" m="34411,46487" machi="20" ten="30,3000,0" yaku="8,1,54,1" doraHai="115" who="0" fromWho="0" sc="203,30,271,-10,244,-10,282,-10" /><INIT seed="8,1,0,1,0,37" ten="233,261,234,272" oya="0" hai0="73,71,115,67,21,52,78,102,65,90,4,61,32" hai1="14,124,81,49,1,106,39,70,28,95,24,92,25" hai2="94,133,17,84,64,104,31,126,38,75,107,7,19" hai3="129,109,114,51,125,55,53,85,29,66,9,88,43"/><T68/><D32/><U12/><E39/><V82/><F126/><W110/><G114/><T54/><D115/><U63/><E106/><V97/><F133/><W20/><G66/><T96/><D4/><U57/><E1/><V100/><F7/><W27/><G125/><T45/><D90/><U35/><E24/><V77/><F31/><W3/><G129/><T98/><D21/><U80/><E49/><V47/><F64/><W121/><G121/><T122/><D122/><U123/><E70/><V132/><F132/><W127/><G127/><T26/><D26/><U119/><E119/><V101/><F104/><W69/><G69/><T2/><D2/><U112/><E112/><V0/><F100/><W58/><G9/><T62/><D45/><U60/><E124/><V111/><F111/><W105/><G105/><T30/><D30/><U22/><E35/><V103/><F103/><W128/><G128/><T118/><D118/><U113/><E123/><V44/><F0/><W34/><G3/><T89/><D89/><U16/><E12/><V42/><F47/><N who="3" m="26111" /><G34/><T46/><D46/><U50/><E113/><V59/><F59/><W41/><G58/><T116/><D116/><U86/><E57/><V76/><F77/><W74/><G110/><T91/><D91/><AGARI ba="1,0" hai="17,19,38,42,44,75,76,82,84,91,94,97,101,107" machi="91" ten="40,5200,0" yaku="24,2,52,1" doraHai="37" who="2" fromWho="0" sc="233,-55,261,0,234,55,272,0" /><INIT seed="9,0,0,1,4,79" ten="178,261,289,272" oya="1" hai0="109,36,86,102,116,39,127,42,80,31,75,62,90" hai1="40,24,133,20,0,121,3,56,55,27,17,60,78" hai2="26,96,28,43,89,44,13,30,131,77,97,119,132" hai3="103,100,124,4,11,101,125,47,1,54,81,72,114"/><U16/><E121/><V122/><F122/><W94/><G114/><T82/><D109/><U61/><E40/><V105/><F105/><W91/><G54/><T46/><D127/><N who="3" m="48713" /><G47/><T98/><D116/><U33/><E78/><V8/><F77/><N who="3" m="44199" /><G103/><T23/><D62/><U21/><E33/><V128/><F132/><W110/><G110/><T12/><D39/><U126/><E126/><V99/><F89/><W112/><G112/><T25/><D12/><U57/><E133/><V32/><F28/><W29/><G29/><T68/><D68/><U19/><E17/><V7/><REACH who="2" step="1"/><F119/><REACH who="2" ten="178,261,279,272" step="2"/><W67/><G67/><AGARI ba="0,1" hai="0,3,16,19,20,21,24,27,55,56,57,60,61,67" machi="67" ten="30,5800,0" yaku="7,1,9,1,54,1" doraHai="79" who="1" fromWho="3" sc="178,0,261,68,279,0,272,-58" owari="178,-32.0,329,43.0,279,8.0,214,-19.0" /></mjloggm>