<mjloggm ver="2.3"><GO type="225" lobby="0"/><UN n0="%E3%83%88%E3%83%88%E3%83%AA%E5%85%88%E7%94%9F%31%39%E6%AD%B3" n1="%66%75%6A%69%6D%75%72%61" n2="%E3%82%86%E3%81%86%E3%81%98%E3%83%BC%E3%82%8B" n3="%76%69%62%72%61%74%65" dan="18,16,16,16" rate="2268.32,2077.70,2116.30,2064.82" sx="F,M,M,M"/><TAIKYOKU oya="0"/><INIT seed="0,0,0,2,0,38" ten="250,250,250,250" oya="0" hai0="103,106,47,14,90,69,100,24,61,9,83,73,5" hai1="111,63,53,10,117,20,51,132,44,56,96,21,43" hai2="94,113,127,133,104,1,107,85,17,12,82,52,31" hai3="116,129,64,50,59,84,135,79,109,72,45,42,49"/><T70/><D24/><U121/><E117/><V0/><F113/><W105/><G116/><T41/><D106/><U134/><E121/><V19/><F133/><N who="1" m="51305" /><E111/><V89/><F127/><W32/><G109/><T34/><D34/><U23/><E96/><V27/><F19/><W74/><G129/><T81/><D81/><U88/><E10/><V128/><F128/><W76/><G32/><T13/><D13/><U120/><E120/><V91/><F0/><W35/><G35/><T112/><D112/><U29/><E29/><V22/><F1/><W65/><G65/><T40/><D90/><AGARI ba="0,0" hai="20,21,23,43,44,51,53,56,63,88,90" m="51305" machi="90" ten="30,3900,0" yaku="20,1,52,1,54,1" doraHai="38" who="1" fromWho="0" sc="250,-39,250,39,250,0,250,0" /><INIT seed="1,0,0,0,3,53" ten="211,289,250,250" oya="1" hai0="104,31,94,42,17,84,131,106,114,70,61,6,121" hai1="59,7,3,24,16,129,79,132,105,45,115,74,49" hai2="80,117,99,36,103,130,5,21,112,71,126,26,63" hai3="27,47,97,39,54,44,72,56,118,67,22,109,95"/><U127/><E115/><V110/><F117/><W40/><G109/><T100/><D114/><U124/><E105/><V69/><F36/><W102/><G118/><T68/><D121/><U23/><E129/><V78/><F130/><W29/><G72/><T85/><D131/><U81/><E132/><V30/><F126/><N who="1" m="48169" /><E7/><V48/><F110/><W13/><G67/><T15/><D6/><U73/><E3/><V96/><F5/><W88/><G13/><T38/><D31/><U107/><E107/><V41/><F96/><W108/><G108/><T11/><D104/><U14/><E73/><V133/><F133/><W32/><G44/><T87/><D106/><U25/><E45/><V57/><F99/><W93/><G93/><T1/><D1/><U120/><E120/><V128/><F103/><W113/><G113/><T98/><D42/><U58/><E49/><V19/><F30/><W119/><G119/><T2/><D38/><U37/><E37/><V33/><F33/><W52/><G54/><T75/><D75/><U46/><E46/><N who="2" m="25679" /><F112/><W0/><G0/><T64/><REACH who="0" step="1"/><D2/><REACH who="0" ten="201,289,250,250" step="2"/><U116/><E116/><V77/><F128/><W76/><G32/><T50/><D50/><U18/><E25/><V83/><F26/><W10/><G29/><T20/><D20/><AGARI ba="0,1" hai="14,16,18,20,23,24,58,59,74,79,81" m="48169" machi="20" ten="30,11600,0" yaku="18,1,52,2,54,1" doraHai="53" who="1" fromWho="0" sc="201,-116,289,126,250,0,250,0" /><INIT seed="1,1,0,2,1,12" ten="85,415,250,250" oya="1" hai0="6,55,100,111,44,50,20,18,51,69,119,130,8" hai1="56,59,57,38,47,99,114,128,127,67,27,23,60" hai2="131,36,43,96,82,118,14,48,10,116,13,37,122" hai3="90,109,129,34,7,74,97,1,132,32,81,72,80"/><U3/><E3/><V84/><F122/><W123/><G7/><T21/><D111/><U102/><E114/><V73/><F131/><W26/><G1/><T9/><D130/><U113/><E113/><V11/><F73/><W52/><G26/><T61/><D119/><U68/><E127/><V134/><F134/><W126/><G129/><T108/><D108/><U66/><E128/><V101/><F48/><W33/><G132/><T58/><D69/><U89/><E38/><V103/><F43/><W46/><G123/><T40/><D6/><U62/><E47/><V54/><F54/><W75/><G126/><T133/><D133/><U120/><E89/><V124/><F124/><W35/><G35/><T98/><D21/><U15/><E15/><V104/><F103/><W105/><G109/><T115/><D50/><U71/><E120/><V110/><F110/><W112/><G112/><T22/><D22/><U49/><E49/><V0/><F0/><W16/><G33/><T94/><REACH who="0" step="1"/><D115/><REACH who="0" ten="75,415,250,250" step="2"/><U25/><REACH who="1" step="1"/><E23/><REACH who="1" ten="75,405,250,250" step="2"/><V95/><F118/><W65/><G32/><T91/><D91/><U42/><E42/><V5/><F116/><W28/><G34/><T86/><D86/><U70/><E70/><V92/><F37/><W117/><G90/><T78/><D78/><U63/><E63/><V4/><F36/><W29/><G117/><T2/><D2/><U87/><E87/><V53/><F84/><W41/><G74/><T76/><D76/><U83/><E83/><V121/><F82/><W125/><G75/><T107/><D107/><AGARI ba="1,2" hai="25,27,56,57,59,60,62,66,67,68,71,99,102,107" machi="107" ten="40,3900,0" yaku="1,1,9,1,53,0" doraHai="12" doraHaiUra="17" who="1" fromWho="0" sc="75,-42,405,62,250,0,250,0" /><INIT seed="1,2,0,4,3,104" ten="33,467,250,250" oya="1" hai0="28,122,13,113,114,73,8,112,78,92,35,85,60" hai1="70,111,11,45,128,81,66,74,79,108,57,29,1" hai2="99,46,83,25,109,30,125,65,5,77,76,98,84" hai3="115,124,69,37,0,71,32,89,15,50,49,41,52"/><U16/><E128/><V17/><F125/><W130/><G0/><T72/><D122/><U58/><E29/><V123/><F109/><N who="1" m="42057" /><E45/><V2/><F123/><W102/><G32/><T133/><D133/><U23/><E70/><V51/><F65/><W38/><G102/><T59/><D28/><U129/><E66/><V90/><F17/><W68/><G89/><T103/><D35/><U106/><E106/><V64/><F64/><W39/><G15/><T55/><D78/><N who="2" m="30314" /><F5/><W91/><G91/><T127/><D127/><U21/><E129/><V7/><F7/><W87/><G87/><T107/><D107/><U63/><E1/><V33/><F33/><W42/><G115/><T135/><D135/><U131/><E131/><V118/><F118/><W75/><G124/><T116/><D116/><U62/><E62/><V36/><F36/><W82/><G130/><T53/><D53/><N who="1" m="34223" /><E58/><V117/><F2/><W67/><G67/><T88/><REACH who="0" step="1"/><D103/><REACH who="0" ten="23,467,250,250" step="2"/><U4/><E4/><AGARI ba="2,1" hai="4,8,13,55,59,60,72,73,85,88,92,112,113,114" machi="4" ten="40,12000,2" yaku="1,1,2,1,52,2,54,1,53,1" doraHai="104" doraHaiUra="56" who="0" fromWho="1" sc="23,136,467,-126,250,0,250,0" /><INIT seed="2,0,0,0,3,62" ten="159,341,250,250" oya="2" hai0="129,0,75,99,84,59,72,46,25,3,33,63,38" hai1="123,36,93,85,134,116,131,30,120,24,55,107,20" hai2="51,8,71,100,94,27,61,15,11,104,60,26,52" hai3="69,31,28,97,5,118,58,135,76,74,110,95,111"/><V127/><F104/><W19/><G118/><T12/><D129/><U130/><E107/><V102/><F127/><W32/><G69/><T53/><D99/><U81/><E36/><V16/><F11/><W34/><G5/><T9/><D72/><U109/><E109/><N who="3" m="41482" /><G135/><T125/><D75/><U87/><E55/><V68/><F68/><W70/><G70/><T117/><D117/><U83/><E134/><V64/><F61/><W2/><G2/><BYE who="3" /><T103/><D103/><U50/><E50/><V121/><F121/><N who="1" m="46665" /><E116/><V108/><F108/><W128/><G128/><N who="1" m="49194" /><E93/><V48/><F48/><W18/><G18/><T6/><D125/><U10/><E10/><V13/><F13/><W89/><G89/><T66/><D84/><AGARI ba="0,0" hai="20,24,30,81,83,84,85,87" m="49194,46665" machi="84" ten="30,2000,0" yaku="13,1,19,1" doraHai="62" who="1" fromWho="0" sc="159,-20,341,20,250,0,250,0" /><INIT seed="3,0,0,3,4,110" ten="139,361,250,250" oya="3" hai0="21,118,62,128,46,105,133,58,43,6,25,88,56" hai1="65,29,26,36,91,15,9,42,135,97,50,117,44" hai2="104,48,116,98,45,51,124,77,23,12,52,7,17" hai3="74,111,37,4,66,73,112,131,53,18,3,115,75"/><W69/><G69/><T27/><D118/><UN n3="%76%69%62%72%61%74%65" /><U94/><E135/><V134/><F124/><W28/><G37/><T87/><D133/><U89/><E117/><V54/><F116/><W119/><G119/><T76/><D105/><U2/><E2/><V14/><F77/><W130/><G111/><T0/><D128/><N who="3" m="49193" /><G66/><T8/><D76/><U101/><E36/><V125/><F125/><W129/><G129/><T13/><D0/><U120/><E120/><V108/><F108/><W102/><G28/><T63/><D46/><U90/><E65/><V86/><F86/><W109/><G109/><T55/><D43/><U70/><E70/><V41/><F134/><W93/><G53/><T113/><D113/><N who="3" m="43593" /><G18/><T95/><D21/><N who="1" m="15567" /><E101/><V34/><F54/><AGARI ba="0,0" hai="6,8,13,25,27,54,55,56,58,62,63,87,88,95" machi="54" ten="30,7700,0" yaku="7,1,9,1,8,1,54,1" doraHai="110" who="0" fromWho="2" sc="139,77,361,0,250,-77,250,0" owari="216,-18.0,361,46.0,173,-33.0,250,5.0" /></mjloggm>