<mjloggm ver="2.3"><GO type="97" lobby="0"/><UN n0="%52%69%2D%4D%6F%2D" n1="%E3%83%9D%E3%83%AB%E3%83%95%E3%82%A3%E3%83%BC%E3%83%AA%EF%BC%8B" n2="%E3%83%88%E3%83%88%E3%83%AA%E5%85%88%E7%94%9F%31%39%E6%AD%B3" n3="%E3%82%AD%E3%83%A5%E3%83%99%E3%83%AA%E3%82%A2" dan="15,14,14,13" rate="1955.49,1856.15,2040.10,1919.46" sx="M,M,F,F"/><TAIKYOKU oya="0"/><INIT seed="0,0,0,2,2,129" ten="250,250,250,250" oya="0" hai0="69,117,88,98,21,55,32,7,126,133,95,112,87" hai1="17,4,134,29,47,93,122,13,33,0,81,22,3" hai2="119,74,43,103,92,125,42,71,106,84,16,114,80" hai3="85,113,50,63,89,68,35,38,41,111,135,90,67"/><T116/><D32/><U18/><E122/><V1/><F114/><W25/><G113/><T14/><D112/><U132/><E81/><V131/><F119/><W100/><G100/><T51/><D133/><N who="1" m="51307" /><E47/><V27/><F71/><W115/><G115/><T39/><D39/><U44/><E44/><V124/><F1/><N who="1" m="585" /><E93/><V75/><F92/><W11/><G111/><T107/><D126/><U23/><E4/><V46/><F131/><W52/><G41/><T77/><D7/><U110/><E29/><V61/><F43/><W130/><G38/><T56/><D69/><U82/><E82/><V86/><F80/><W105/><G105/><T34/><D77/><U6/><E6/><V24/><F46/><W128/><G128/><T10/><D116/><U36/><E36/><V64/><F42/><W109/><G109/><T104/><D117/><U20/><E110/><V62/><F106/><W72/><G130/><T121/><D121/><U101/><E101/><V28/><F103/><W102/><G102/><N who="0" m="60767" /><D107/><U31/><E13/><V15/><F15/><W96/><G135/><T118/><D104/><U8/><E8/><V2/><F2/><W91/><G11/><T76/><D118/><U49/><E49/><V83/><F83/><W108/><G50/><T9/><D10/><U53/><E53/><V5/><F5/><W78/><G52/><T97/><D9/><U37/><E37/><V70/><F28/><W30/><G108/><T123/><D55/><U58/><E58/><V66/><F70/><W40/><G68/><T26/><D123/><U94/><E94/><V79/><F79/><RYUUKYOKU ba="0,0" sc="250,-15,250,15,250,15,250,-15" hai1="17,18,20,22,23,31,33" hai2="16,24,27,61,62,64,66,74,75,84,86,124,125" /><INIT seed="1,1,0,5,2,43" ten="235,265,265,235" oya="1" hai0="38,6,47,113,26,28,86,76,135,92,124,35,61" hai1="77,2,53,7,3,23,81,29,114,17,27,12,78" hai2="87,64,106,107,55,42,105,119,10,46,93,44,102" hai3="74,91,0,110,99,116,49,96,14,19,60,82,118"/><U25/><E114/><V11/><F119/><N who="3" m="45611" /><G0/><T22/><D113/><U111/><E53/><V126/><F126/><W4/><G4/><T13/><D124/><U90/><E111/><V130/><F130/><W129/><G129/><T94/><D135/><U31/><E3/><V98/><F64/><W132/><G132/><T66/><D76/><U50/><E7/><V59/><F87/><N who="3" m="50679" /><G60/><T32/><D86/><U101/><E101/><V89/><F102/><W18/><G110/><T57/><D32/><U128/><E128/><V69/><F69/><W100/><G74/><T112/><D112/><U68/><E68/><V5/><F42/><W24/><G100/><T127/><D127/><U51/><E2/><V85/><F85/><W75/><G75/><T117/><D117/><U40/><E40/><V67/><F67/><W39/><G39/><T72/><D72/><U54/><E50/><V109/><F109/><W122/><G122/><T104/><D104/><U33/><E33/><V62/><REACH who="2" step="1"/><F11/><REACH who="2" ten="235,265,255,235" step="2"/><N who="3" m="6495" /><G49/><T120/><D120/><U121/><E121/><V84/><F84/><W15/><G24/><T123/><D123/><U16/><E27/><V131/><F131/><W103/><G103/><T37/><D26/><U30/><E78/><V134/><F134/><W133/><G133/><T58/><D37/><U73/><E77/><V56/><F56/><W8/><AGARI ba="1,1" hai="8,15,19,96,99" m="6495,50679,45611" machi="8" ten="30,1100,0" yaku="12,1" doraHai="43" who="3" fromWho="3" sc="235,-4,265,-6,255,-4,235,24" /><INIT seed="2,0,0,5,4,117" ten="231,259,251,259" oya="2" hai0="52,70,102,97,108,100,126,120,69,64,12,86,93" hai1="41,37,72,60,50,67,119,9,89,48,5,85,123" hai2="105,14,118,96,0,116,23,74,6,57,131,110,62" hai3="111,45,80,25,63,95,104,73,22,49,94,101,44"/><V40/><F74/><W13/><G111/><T134/><D108/><U10/><E72/><V33/><F110/><W87/><G73/><T4/><D134/><U43/><E119/><V31/><F131/><W133/><G133/><T112/><D112/><U71/><E37/><V32/><F40/><W122/><G122/><T56/><D126/><U91/><E123/><V124/><F124/><W7/><G104/><T20/><D120/><U79/><E79/><V88/><F33/><W114/><G101/><T54/><D100/><U27/><E27/><V113/><F113/><W129/><G129/><T106/><D106/><U121/><E121/><V125/><F125/><W38/><G38/><T76/><D69/><U17/><E17/><N who="2" m="10679" /><F105/><W26/><G63/><N who="0" m="37991" /><D70/><U30/><E30/><V115/><F96/><W75/><G75/><T127/><D127/><U36/><E36/><V29/><F29/><W39/><G39/><T128/><D128/><U16/><E5/><V135/><F135/><W61/><G61/><T98/><D98/><U47/><E9/><N who="2" m="2247" /><F115/><W90/><G114/><T2/><D2/><U21/><E10/><V8/><F8/><W107/><G107/><T46/><D46/><U1/><E1/><V109/><F109/><W58/><G44/><T28/><D4/><U84/><E43/><V82/><F31/><W78/><G45/><T35/><D35/><U81/><E50/><V24/><F32/><W3/><G49/><T66/><D28/><U19/><E21/><V53/><F24/><W11/><G25/><T77/><D20/><U15/><E15/><V55/><F55/><RYUUKYOKU ba="0,0" sc="231,-15,259,15,251,15,259,-15" hai1="16,19,41,47,48,60,67,71,81,84,85,89,91" hai2="53,57,62,82,88,116,118" /><INIT seed="2,1,0,4,5,94" ten="216,274,266,244" oya="2" hai0="17,60,14,132,24,67,35,134,90,63,80,113,1" hai1="54,12,96,53,55,2,0,38,4,26,33,106,31" hai2="22,57,115,91,88,48,119,108,39,62,82,129,13" hai3="112,130,102,123,103,66,69,16,98,61,87,104,85"/><V71/><F115/><W15/><G123/><T5/><D113/><U30/><E38/><V65/><F119/><W75/><G75/><T19/><D63/><U78/><E78/><V18/><F39/><W8/><G112/><T133/><D80/><U126/><E126/><V11/><F129/><W52/><G130/><T29/><D90/><U127/><E127/><V117/><F117/><W59/><G103/><T122/><D60/><AGARI ba="1,0" hai="8,15,16,52,59,60,61,66,69,85,87,98,102,104" machi="60" ten="30,7700,0" yaku="7,1,52,1,54,2" doraHai="94" who="3" fromWho="0" sc="216,-80,274,0,266,0,244,80" /><INIT seed="3,0,0,0,4,47" ten="136,274,266,324" oya="3" hai0="91,123,60,24,59,3,53,35,92,93,129,0,126" hai1="52,72,134,70,95,12,16,110,33,74,98,5,127" hai2="1,55,21,40,119,36,135,109,51,20,68,9,38" hai3="81,71,102,85,69,62,128,63,125,30,80,90,108"/><W77/><G102/><T57/><D123/><U39/><E70/><V17/><F119/><W25/><G128/><T115/><D129/><U27/><E39/><V10/><F68/><W50/><G108/><T94/><D126/><U86/><E110/><V78/><F109/><W66/><G125/><T31/><D115/><U18/><E127/><V11/><F1/><W42/><G71/><T28/><D28/><U83/><E134/><V32/><F32/><W103/><G103/><T96/><D3/><U89/><E27/><V15/><F135/><W133/><G133/><T4/><D0/><U73/><E33/><V118/><F118/><W37/><G37/><T64/><D4/><U23/><E18/><V131/><F40/><W46/><G63/><T56/><D56/><U67/><E67/><V19/><F78/><W76/><G80/><T84/><D84/><U97/><E98/><V100/><F100/><W75/><G75/><T106/><D106/><U104/><E104/><V44/><REACH who="2" step="1"/><F131/><REACH who="2" ten="136,274,256,324" step="2"/><W13/><G77/><T113/><D113/><U8/><E74/><V112/><F112/><W111/><G76/><T7/><D7/><U6/><E73/><V121/><F121/><W48/><G69/><T87/><D87/><U99/><E72/><V65/><F65/><W120/><G66/><T79/><D79/><U14/><E86/><V43/><F43/><W54/><G42/><T114/><D114/><U45/><E83/><V105/><F105/><W22/><G81/><T101/><REACH who="0" step="1"/><D101/><REACH who="0" ten="126,274,256,324" step="2"/><U88/><E99/><V49/><F49/><AGARI ba="0,2" hai="24,31,35,49,53,57,59,60,64,91,92,93,94,96" machi="49" ten="30,7700,0" yaku="1,1,2,1,7,1,52,1,53,0" doraHai="47" doraHaiUra="34" who="0" fromWho="2" sc="126,97,274,0,256,-77,324,0" owari="223,-18.0,274,7.0,179,-32.0,324,43.0" /></mjloggm>