<mjloggm ver="2.3"><GO type="41" lobby="0"/><UN n0="%53%54%31%33%30%32%31%37" n1="%E3%83%89%E3%83%A9%E7%88%86%E5%BC%BE" n2="%70%6F%6E%5F%6B%61%73%75" n3="%E5%B0%B1%E6%B4%BB%E7%94%9F%40%E5%B7%9D%E6%9D%91%E8%BB%8D%E5%9B%A3" dan="14,15,14,17" rate="1929.40,1991.14,1969.64,2121.65" sx="M,M,M,M"/><TAIKYOKU oya="0"/><INIT seed="0,0,0,5,3,41" ten="250,250,250,250" oya="0" hai0="94,21,74,0,51,44,126,32,14,1,60,88,39" hai1="80,62,25,35,54,29,55,65,91,64,120,9,53" hai2="12,95,17,133,86,5,109,58,52,68,96,90,3" hai3="93,76,114,15,111,124,40,101,10,75,135,27,85"/><T130/><D74/><U89/><E120/><V123/><F68/><W100/><G114/><T18/><D32/><U22/><E35/><V6/><F123/><W49/><G124/><T108/><D126/><U48/><E9/><V128/><F3/><W26/><G135/><T115/><D115/><U125/><E125/><V8/><F109/><W59/><G111/><T30/><D108/><U121/><E121/><V119/><F119/><W78/><G75/><T57/><D39/><U79/><E65/><V37/><F37/><W129/><G129/><T43/><D30/><U97/><E97/><V102/><F128/><W36/><G36/><T4/><D4/><U132/><E132/><V99/><F99/><W113/><G113/><T87/><D130/><U16/><E29/><V61/><REACH who="2" step="1"/><F133/><REACH who="2" ten="250,250,240,250" step="2"/><W92/><G100/><T33/><D33/><U84/><REACH who="1" step="1"/><E48/><REACH who="1" ten="250,240,240,250" step="2"/><V103/><F103/><W67/><G49/><T11/><REACH who="0" step="1"/><D11/><REACH who="0" ten="240,240,240,250" step="2"/><U104/><E104/><AGARI ba="0,3" hai="5,6,8,12,17,52,58,61,86,90,95,96,102,104" machi="104" ten="30,3900,0" yaku="1,1,7,1,54,1,53,0" doraHai="41" doraHaiUra="106" who="2" fromWho="1" sc="240,0,240,-39,240,69,250,0" /><INIT seed="1,0,0,2,4,80" ten="240,201,309,250" oya="1" hai0="4,32,126,57,100,67,109,41,19,76,95,36,17" hai1="30,10,26,125,38,86,11,127,51,91,98,43,0" hai2="60,111,63,22,42,134,132,62,71,14,94,96,118" hai3="133,87,93,117,50,12,89,64,27,99,101,108,74"/><U33/><E38/><V46/><F118/><W88/><G74/><T7/><D32/><U54/><E43/><V49/><F111/><W55/><G108/><T44/><D109/><U90/><E98/><V123/><F123/><W21/><G117/><T66/><D126/><N who="1" m="48139" /><E0/><V31/><F71/><W20/><G133/><N who="2" m="51305" /><F14/><W79/><G64/><T70/><D70/><U72/><E72/><V65/><F65/><W83/><G12/><T13/><D67/><U5/><E5/><V8/><F8/><N who="1" m="3113" /><E86/><V119/><F119/><W40/><G40/><T24/><D24/><U130/><E130/><V84/><F84/><W113/><G113/><T48/><D76/><U110/><E110/><V39/><F39/><W82/><G82/><T92/><D36/><U58/><AGARI ba="0,0" hai="26,30,33,51,54,58,90,91" m="3113,48139" machi="58" ten="30,1500,0" yaku="18,1" doraHai="80" who="1" fromWho="1" sc="240,-5,201,15,309,-5,250,-5" /><INIT seed="1,1,0,1,3,82" ten="235,216,304,245" oya="1" hai0="113,115,125,42,14,86,129,132,25,24,28,31,46" hai1="134,50,135,127,121,128,41,54,98,92,35,99,32" hai2="16,9,109,70,69,48,64,97,21,33,13,22,39" hai3="62,17,112,30,18,78,65,84,71,51,15,37,0"/><U90/><E121/><V107/><F39/><W59/><G37/><T56/><D132/><N who="1" m="50731" /><E41/><V6/><F33/><N who="1" m="12873" /><E127/><V55/><F64/><W122/><G0/><T117/><D117/><U102/><E128/><V130/><F130/><W5/><G112/><T118/><D118/><U8/><E8/><V103/><F22/><W91/><G30/><T38/><D125/><U34/><N who="1" m="12881" /><U120/><DORA hai="100" /><E120/><V126/><F109/><W85/><G122/><T116/><D129/><U11/><E11/><V73/><F73/><W27/><G71/><T67/><D116/><U76/><E76/><V63/><F63/><W119/><G51/><T23/><D115/><U44/><E102/><V79/><F79/><W3/><G3/><T77/><D14/><U45/><E45/><V58/><REACH who="2" step="1"/><F126/><REACH who="2" ten="235,216,294,245" step="2"/><W12/><G78/><T66/><D113/><U53/><E53/><V47/><F47/><W19/><G65/><T4/><D67/><U75/><E75/><V123/><F123/><W72/><G72/><T88/><D77/><U94/><E94/><V104/><F104/><W61/><G119/><T49/><D38/><U96/><AGARI ba="1,1" hai="44,50,54,90,92,96,98,99" m="12881,50731" machi="96" ten="50,2400,0" yaku="20,1" doraHai="82,100" who="1" fromWho="1" sc="235,-9,216,37,294,-9,245,-9" /><INIT seed="1,2,0,0,0,72" ten="226,253,285,236" oya="1" hai0="67,75,33,116,18,91,71,63,95,58,127,131,21" hai1="107,78,115,1,4,37,126,94,28,112,111,55,74" hai2="108,101,36,122,17,60,62,64,31,105,86,19,40" hai3="132,120,88,125,104,83,22,124,134,110,32,10,54"/><U130/><E37/><V3/><F3/><W0/><G32/><T15/><D116/><U53/><E107/><V89/><F122/><W29/><G104/><T93/><D33/><U2/><E126/><N who="3" m="48746" /><G120/><T85/><D127/><U25/><E130/><V113/><F113/><W123/><G123/><T43/><D131/><U118/><E118/><V79/><F89/><W73/><G110/><T84/><D75/><U34/><E1/><V82/><F108/><W42/><G42/><T5/><D43/><U35/><E111/><V117/><F117/><W23/><G54/><T68/><D5/><U119/><E119/><V14/><F31/><W47/><G47/><T50/><D50/><U102/><E35/><V103/><F17/><W27/><G73/><T80/><D95/><U59/><E2/><V44/><F62/><W100/><G100/><T114/><D114/><U109/><E109/><V87/><F86/><N who="3" m="50271" /><G23/><T30/><D30/><U128/><E128/><V69/><REACH who="2" step="1"/><F105/><REACH who="2" ten="226,253,275,236" step="2"/><W49/><G0/><T20/><D71/><U121/><E121/><V99/><F99/><W52/><G10/><AGARI ba="2,1" hai="10,14,19,36,40,44,60,64,69,79,82,87,101,103" machi="10" ten="30,7700,0" yaku="1,1,7,1,52,1,53,1" doraHai="72" doraHaiUra="76" who="2" fromWho="3" sc="226,0,253,0,275,93,236,-83" /><INIT seed="2,0,0,1,5,44" ten="226,253,368,153" oya="2" hai0="13,62,103,114,26,57,90,96,38,106,8,70,23" hai1="89,24,35,7,73,98,108,109,86,110,37,21,66" hai2="112,9,125,122,128,124,16,71,116,126,75,51,67" hai3="6,83,65,117,32,120,2,113,64,131,5,80,31"/><V97/><F122/><W119/><G2/><T63/><D114/><U33/><E37/><V40/><F112/><W95/><G113/><T121/><D121/><U12/><E73/><V78/><F116/><W123/><G31/><T49/><D38/><U3/><E66/><V28/><F28/><W14/><G14/><T41/><D70/><U42/><E42/><V107/><F128/><W93/><REACH who="3" step="1"/><G32/><REACH who="3" ten="226,253,368,143" step="2"/><T79/><D26/><U77/><E3/><V47/><F126/><W11/><G11/><T34/><D34/><U76/><E35/><V60/><F125/><W19/><G19/><T39/><D23/><U84/><E33/><V104/><F124/><W105/><G105/><T52/><D13/><U100/><E12/><V68/><F16/><W82/><G82/><T29/><D8/><U56/><E7/><V36/><F9/><W15/><G15/><T20/><D20/><U101/><E21/><V30/><F104/><W45/><G45/><T43/><D29/><U92/><E24/><V87/><F47/><W99/><G99/><T50/><D106/><U17/><E17/><V85/><F97/><W132/><G132/><T81/><D96/><U129/><E98/><V59/><F107/><W74/><G74/><T61/><D81/><U10/><E10/><V4/><F75/><W118/><G118/><T88/><D39/><U135/><E135/><V25/><F4/><W27/><G27/><T115/><D115/><U48/><E86/><V133/><F87/><W22/><G22/><T46/><D46/><U53/><E84/><V102/><F85/><W134/><G134/><RYUUKYOKU ba="0,1" sc="226,-10,253,-10,368,-10,143,30" hai3="5,6,64,65,80,83,93,95,117,119,120,123,131" /><INIT seed="3,1,1,3,5,57" ten="216,243,358,173" oya="3" hai0="113,134,45,0,106,18,2,17,23,85,103,6,36" hai1="107,94,114,135,16,20,76,7,30,123,54,43,105" hai2="48,40,126,108,116,81,42,95,55,64,63,93,89" hai3="67,38,96,118,56,49,98,60,73,88,52,102,62"/><W46/><G118/><T68/><D68/><U21/><E123/><V86/><F126/><W124/><G73/><T28/><D134/><U1/><E114/><V75/><F108/><W3/><G3/><T82/><D106/><U65/><E76/><V87/><F75/><W97/><G124/><T59/><D103/><U47/><E135/><V53/><F53/><W12/><G38/><T35/><D113/><U11/><E54/><V132/><F116/><W101/><G12/><T104/><D104/><U19/><E94/><V50/><F50/><W8/><G8/><T74/><D74/><U22/><E30/><V39/><F39/><W5/><G5/><T51/><D36/><U13/><E22/><V31/><F31/><W112/><G112/><T119/><D119/><U99/><E99/><N who="3" m="37962" /><G62/><T83/><D35/><U84/><E84/><V91/><F132/><W37/><G37/><T129/><D129/><U72/><E72/><V133/><F133/><W25/><G25/><N who="0" m="16447" /><D59/><U111/><E105/><V100/><F100/><W130/><G130/><T115/><D115/><U120/><E107/><V117/><F117/><W33/><G33/><T44/><D44/><U66/><E120/><V122/><F122/><W29/><G29/><T32/><D32/><U24/><E111/><V128/><F128/><W26/><G26/><T80/><D6/><U71/><E71/><V70/><F81/><W127/><G127/><T77/><D0/><U121/><E121/><V15/><F15/><W10/><G10/><T61/><D2/><U27/><E1/><V125/><F125/><W110/><G110/><RYUUKYOKU ba="1,1" sc="216,-30,243,10,358,10,173,10" hai1="7,11,13,16,19,20,21,24,27,43,47,65,66" hai2="40,42,48,55,63,64,70,86,87,89,91,93,95" hai3="46,49,52,56,60,67,88,98,101,102" /><INIT seed="3,2,1,3,0,30" ten="186,253,368,183" oya="3" hai0="37,57,104,20,95,52,63,132,119,10,5,106,54" hai1="13,73,123,28,42,82,2,46,75,67,16,9,34" hai2="118,41,94,114,120,50,70,105,116,56,112,7,103" hai3="80,78,135,84,65,102,107,115,40,6,18,98,24"/><W39/><G115/><T43/><D119/><U36/><E123/><V127/><F70/><W87/><G135/><T45/><D132/><U3/><E67/><V124/><F105/><W81/><G65/><T126/><D126/><U4/><E2/><V19/><F120/><W83/><G6/><T27/><D95/><U68/><E68/><V128/><F128/><W97/><G97/><T44/><D44/><U74/><E82/><V25/><F103/><W49/><G39/><T89/><D89/><U22/><REACH who="1" step="1"/><E73/><REACH who="1" ten="186,243,368,183" step="2"/><V71/><F71/><W69/><G69/><T129/><D129/><U134/><E134/><V32/><F116/><W38/><G38/><T109/><D109/><U11/><E11/><V99/><F118/><W23/><REACH who="3" step="1"/><G78/><REACH who="3" ten="186,243,368,173" step="2"/><T14/><REACH who="0" step="1"/><D54/><REACH who="0" ten="176,243,368,173" step="2"/><U86/><E86/><V91/><F114/><W76/><G76/><T53/><D53/><U62/><E62/><V130/><F112/><W8/><G8/><T121/><D121/><U110/><E110/><V58/><F130/><W79/><G79/><T100/><D100/><U61/><E61/><V131/><F131/><W85/><G85/><T92/><D92/><U90/><E90/><V21/><F91/><W117/><G117/><T17/><AGARI ba="2,4" hai="5,10,14,17,20,27,37,43,45,52,57,63,104,106" machi="17" ten="20,5200,0" yaku="1,1,0,1,7,1,54,1,53,0" doraHai="30" doraHaiUra="60" who="0" fromWho="0" sc="176,98,243,-15,368,-15,173,-28" /><INIT seed="4,0,0,0,2,63" ten="274,228,353,145" oya="0" hai0="107,111,77,73,96,104,100,40,33,82,10,48,64" hai1="94,46,88,91,39,56,115,133,128,66,124,11,42" hai2="90,43,19,87,114,30,38,14,17,68,78,0,129" hai3="8,61,89,60,26,29,20,123,6,69,112,22,50"/><T3/><D33/><U85/><E115/><V72/><F0/><W67/><G112/><T45/><D111/><U116/><E116/><V125/><F19/><W108/><G123/><T122/><D122/><U134/><E124/><V113/><F30/><W12/><G108/><T121/><D121/><U24/><E128/><V25/><F25/><W7/><G60/><T105/><D64/><U59/><E24/><V126/><F78/><W1/><G1/><T57/><D57/><U9/><E91/><V44/><F72/><W135/><G135/><N who="1" m="51722" /><E56/><V110/><F68/><W130/><G130/><T102/><D100/><U76/><E76/><V15/><F15/><W75/><G75/><T49/><D49/><U16/><E16/><V62/><F62/><AGARI ba="0,0" hai="9,11,39,42,46,59,62,66,85,88,94" m="51722" machi="62" ten="30,3900,0" yaku="20,1,52,1,54,1" doraHai="63" who="1" fromWho="2" sc="274,0,228,39,353,-39,145,0" /><INIT seed="5,0,0,3,0,81" ten="274,267,314,145" oya="1" hai0="51,71,114,97,63,47,102,46,70,108,69,75,118" hai1="132,100,85,0,110,82,96,26,42,59,105,49,89" hai2="125,126,6,112,94,117,39,18,44,10,9,58,13" hai3="121,74,19,45,98,113,122,103,36,23,86,2,30"/><U77/><E0/><V83/><F112/><W111/><G74/><T66/><D75/><U8/><E110/><V90/><F83/><W52/><G111/><T124/><D108/><U1/><E132/><V79/><F79/><W115/><G2/><T120/><D97/><U48/><E26/><V31/><F31/><W38/><G30/><T127/><D102/><U20/><E20/><V87/><F117/><W21/><G21/><T16/><D118/><U84/><E42/><V65/><F39/><W62/><G38/><T5/><D5/><U67/><E1/><V29/><F29/><W107/><G36/><T95/><D95/><U76/><E8/><V130/><F44/><W28/><G28/><T135/><D135/><U116/><E116/><V15/><F130/><W57/><G45/><T60/><D16/><U4/><E4/><V129/><F129/><W133/><G133/><T73/><D73/><U93/><REACH who="1" step="1"/><E77/><REACH who="1" ten="274,257,314,145" step="2"/><V35/><F35/><W101/><G23/><T3/><D3/><U109/><E109/><V80/><F10/><W55/><G19/><T12/><D12/><U40/><E40/><V53/><F15/><W61/><G121/><T123/><D114/><U128/><E128/><V25/><F25/><W68/><G122/><T7/><D7/><U131/><E131/><V24/><F24/><W11/><G115/><T91/><D123/><U37/><E37/><V92/><F18/><W78/><G113/><T106/><D120/><U88/><E88/><V64/><F13/><W119/><G11/><T14/><D91/><U72/><E72/><V99/><F9/><RYUUKYOKU ba="0,1" sc="274,-10,257,30,314,-10,145,-10" hai1="48,49,59,67,76,82,84,85,89,93,96,100,105" /><INIT seed="5,1,1,3,1,88" ten="264,287,304,135" oya="1" hai0="129,73,28,113,65,0,5,121,120,55,91,59,83" hai1="12,128,86,60,26,130,135,132,102,64,17,131,56" hai2="114,11,43,123,61,110,31,30,71,47,87,97,38" hai3="29,50,54,118,107,13,52,49,68,81,75,10,27"/><U42/><E42/><V80/><F110/><W106/><G68/><T125/><D113/><U89/><E26/><V19/><F123/><W58/><G118/><T62/><D28/><U103/><E17/><V45/><F114/><W92/><G75/><T3/><D125/><U101/><REACH who="1" step="1"/><E12/><REACH who="1" ten="264,277,304,135" step="2"/><V8/><F19/><W98/><G13/><T32/><D121/><U70/><E70/><V7/><F71/><W24/><G27/><T46/><D120/><U69/><E69/><V14/><F43/><W48/><G24/><T126/><D126/><U99/><E99/><V78/><F97/><W124/><G124/><T66/><D0/><U35/><E35/><V95/><F14/><W22/><G29/><T115/><D32/><U25/><E25/><V84/><F30/><W82/><G22/><T6/><D3/><U119/><E119/><V57/><F31/><W9/><G9/><T85/><D115/><U23/><E23/><V117/><F117/><W134/><G10/><T111/><D73/><U18/><E18/><V15/><F11/><W40/><G40/><T112/><D112/><U20/><E20/><V4/><F4/><W53/><G134/><T90/><D5/><U108/><E108/><V79/><F15/><W34/><G34/><T44/><D6/><U72/><E72/><V1/><F8/><W33/><G33/><T41/><D111/><U94/><AGARI ba="1,2" hai="56,60,64,86,89,94,101,102,103,128,130,131,132,135" machi="94" ten="40,12000,1" yaku="1,1,0,1,19,1,52,1,53,0" doraHai="88" doraHaiUra="2" who="1" fromWho="1" sc="264,-41,277,143,304,-41,135,-41" /><INIT seed="5,2,0,2,5,20" ten="223,420,263,94" oya="1" hai0="90,15,9,133,65,53,85,41,49,22,54,24,73" hai1="82,71,47,83,19,108,132,10,86,70,98,38,40" hai2="37,0,125,50,89,11,27,81,36,119,131,111,107" hai3="95,43,16,35,112,39,100,135,87,30,117,58,75"/><U61/><E108/><V25/><F107/><W4/><G75/><T69/><D133/><U96/><E132/><V93/><F111/><W52/><G117/><T88/><D73/><U21/><E71/><V26/><F119/><W118/><G118/><T32/><D32/><U110/><E110/><V6/><F81/><W115/><G135/><T34/><D34/><U103/><E10/><V5/><F5/><W123/><G123/><T129/><D129/><U1/><E1/><V78/><F78/><W7/><G43/><T102/><D102/><U17/><E70/><V12/><F0/><W94/><G39/><T92/><D69/><U80/><E61/><V126/><F50/><W2/><G2/><T91/><D65/><U128/><E128/><V77/><F77/><W109/><G109/><T113/><D41/><U127/><E127/><N who="2" m="48651" /><F131/><W31/><G35/><T130/><D113/><U8/><E8/><V48/><F48/><W46/><G46/><N who="0" m="27831" /><D54/><U105/><E96/><AGARI ba="2,0" hai="6,11,12,25,26,27,36,37,89,93,96" m="48651" machi="96" ten="30,7700,0" yaku="18,1,52,3" doraHai="20" who="2" fromWho="1" sc="223,0,420,-83,263,83,94,0" /><INIT seed="6,0,0,2,2,20" ten="223,337,346,94" oya="2" hai0="123,104,47,74,64,24,39,71,3,131,50,28,133" hai1="75,86,106,110,91,53,52,23,35,17,62,134,129" hai2="83,18,79,22,30,107,94,14,32,132,11,114,61" hai3="128,80,89,67,84,125,51,63,113,109,108,93,98"/><V121/><F107/><W96/><G125/><T95/><D123/><U26/><E106/><V1/><F121/><W135/><G128/><T78/><D104/><U19/><E110/><V48/><F114/><W70/><G113/><T29/><D3/><U119/><E75/><V33/><F132/><W117/><G117/><T127/><D39/><U111/><E119/><V12/><F1/><W4/><G135/><T13/><D133/><U126/><E134/><V9/><F94/><W25/><G4/><T102/><D127/><U122/><E122/><V43/><F61/><W42/><G98/><T85/><D74/><U15/><E111/><V56/><F11/><W38/><G38/><T115/><D131/><U101/><E101/><V45/><F56/><W54/><G42/><T0/><D0/><U65/><E35/><V10/><F10/><W59/><REACH who="3" step="1"/><G25/><REACH who="3" ten="223,337,346,84" step="2"/><T49/><D115/><U90/><E126/><V120/><F120/><W87/><G87/><T82/><D24/><U21/><E129/><V100/><F43/><W130/><G130/><T92/><D13/><U116/><E116/><V57/><F14/><W73/><G73/><T37/><D37/><U81/><E86/><V76/><F12/><W31/><G31/><T8/><D28/><U16/><E15/><V77/><F30/><W118/><G118/><T97/><D29/><U99/><E26/><V69/><F9/><W27/><G27/><T124/><D8/><U5/><E5/><V2/><F33/><W103/><AGARI ba="0,1" hai="51,54,59,63,67,70,80,84,89,93,96,103,108,109" machi="103" ten="20,2700,0" yaku="1,1,0,1,7,1,53,0" doraHai="20" doraHaiUra="6" who="3" fromWho="3" sc="223,-7,337,-7,346,-13,84,37" /><INIT seed="7,0,0,0,1,41" ten="216,330,333,121" oya="3" hai0="119,132,66,64,84,115,118,102,35,14,68,67,19" hai1="127,63,107,74,83,22,33,98,123,36,52,69,76" hai2="48,70,11,4,61,34,112,49,40,16,88,110,93" hai3="91,134,12,65,94,26,92,23,2,77,106,108,24"/><W120/><G106/><T126/><D35/><U117/><E123/><V45/><F34/><W95/><G120/><T21/><D132/><U25/><E117/><V20/><F110/><W90/><G2/><T89/><D126/><U42/><E127/><V113/><F49/><W114/><G108/><T128/><D102/><U17/><E33/><V79/><F79/><W133/><G65/><T121/><D121/><U73/><E42/><V54/><F70/><W0/><G0/><T109/><D109/><U104/><E36/><V46/><F61/><W60/><G60/><T57/><D57/><U131/><E131/><V62/><F62/><W13/><G77/><T129/><D68/><U1/><E1/><V32/><F32/><W27/><G23/><T43/><D43/><U50/><E73/><V29/><F29/><W59/><G59/><T135/><D135/><N who="3" m="51721" /><G114/><N who="2" m="44137" /><F11/><W8/><G8/><T86/><D115/><U82/><E107/><V125/><F125/><W130/><G130/><N who="0" m="50283" /><D84/><U28/><E74/><V55/><F46/><W85/><G85/><T58/><D58/><U81/><E69/><V97/><F4/><W51/><G51/><T18/><D119/><U5/><E5/><V3/><F3/><W100/><G100/><T56/><D118/><U10/><E50/><V7/><F7/><W38/><G38/><T99/><D56/><U6/><E76/><V87/><F87/><W75/><G75/><T124/><D124/><U96/><E104/><V78/><F78/><W72/><G72/><T39/><D39/><U71/><E71/><V101/><F101/><W111/><G111/><RYUUKYOKU ba="0,0" sc="216,-15,330,-15,333,15,121,15" hai2="16,20,40,45,48,54,55,88,93,97" hai3="12,13,24,26,27,90,91,92,94,95" /><INIT seed="7,1,0,2,4,122" ten="201,315,348,136" oya="3" hai0="38,20,47,35,45,117,90,15,92,68,58,72,31" hai1="30,11,40,80,48,49,131,116,26,82,102,130,71" hai2="97,91,100,1,118,19,52,17,33,110,61,18,83" hai3="111,114,132,62,9,25,54,60,13,101,128,86,66"/><W135/><G114/><T55/><D117/><U134/><E71/><V8/><F33/><W36/><G36/><T125/><D72/><U88/><E116/><V75/><F110/><W109/><G128/><T77/><D77/><U4/><E134/><N who="3" m="51242" /><G101/><T89/><D68/><U123/><E123/><V113/><F118/><W64/><G25/><T29/><D125/><U32/><E102/><V69/><F113/><W42/><G86/><T10/><D35/><U12/><E40/><V98/><F100/><W6/><G42/><T70/><D70/><U44/><E44/><N who="0" m="16969" /><D38/><U14/><E14/><V5/><F75/><W108/><G54/><T127/><D127/><U94/><E130/><V87/><REACH who="2" step="1"/><F52/><REACH who="2" ten="201,315,338,136" step="2"/><W84/><G84/><T23/><D55/><U57/><E131/><V41/><F41/><W28/><G28/><T81/><D31/><U21/><E32/><V124/><F124/><W46/><G46/><T24/><D29/><U133/><E133/><V2/><F2/><W79/><G79/><T34/><D34/><U22/><E22/><V119/><F119/><W74/><G74/><T3/><D23/><U115/><E115/><V112/><F112/><W53/><G53/><T39/><D3/><U27/><E27/><V51/><F51/><N who="1" m="19529" /><E57/><V0/><F0/><W78/><G78/><T50/><D50/><U37/><E37/><V67/><AGARI ba="1,1" hai="1,5,8,17,18,19,61,67,69,83,87,91,97,98" machi="67" ten="30,4000,0" yaku="1,1,0,1,53,1" doraHai="122" doraHaiUra="7" who="2" fromWho="2" sc="201,-11,315,-11,338,53,136,-21" owari="190,-21.0,304,10.0,391,49.0,115,-38.0" /></mjloggm>