<mjloggm ver="2.3"><GO type="169" lobby="0"/><UN n0="%E5%B0%B1%E6%B4%BB%E7%94%9F%40%E5%B7%9D%E6%9D%91%E8%BB%8D%E5%9B%A3" n1="%75%73%6B%31%31%31%35" n2="%E9%A7%84%E5%A6%B9" n3="%47%D0%81%D0%99%49%55%53" dan="16,17,16,17" rate="2030.10,2223.61,2078.06,2184.61" sx="M,M,F,M"/><TAIKYOKU oya="0"/><INIT seed="0,0,0,4,4,16" ten="250,250,250,250" oya="0" hai0="91,3,36,0,62,29,26,86,7,79,131,60,65" hai1="98,4,134,10,20,59,53,76,107,22,112,64,120" hai2="61,129,82,23,127,50,111,67,19,73,133,100,27" hai3="21,118,70,121,99,44,46,84,78,56,92,15,2"/><T11/><D131/><U49/><E120/><V122/><F122/><W74/><G118/><T63/><D36/><U83/><E134/><V51/><F129/><W52/><G70/><T68/><D79/><U71/><E112/><V55/><F133/><W110/><G2/><T130/><D130/><U14/><E71/><V132/><F132/><W66/><G66/><T106/><D106/><U18/><E64/><V115/><F111/><W17/><G74/><T24/><D24/><U1/><E98/><V116/><F127/><W125/><G110/><T8/><D8/><U90/><E107/><V117/><F115/><W48/><G125/><T105/><D3/><U40/><E90/><V113/><F100/><N who="3" m="60519" /><G121/><T94/><REACH who="0" step="1"/><D105/><REACH who="0" ten="240,250,250,250" step="2"/><U101/><E101/><V97/><F113/><W119/><G119/><T28/><D28/><U47/><E1/><V75/><F116/><W114/><G114/><T96/><D96/><U31/><E31/><V89/><F117/><W88/><G78/><T38/><D38/><U69/><E69/><V43/><F97/><W54/><G54/><T72/><D72/><U33/><E33/><AGARI ba="0,1" hai="0,7,11,26,29,33,60,62,63,65,68,86,91,94" machi="33" ten="30,5800,0" yaku="1,1,7,1,53,1" doraHai="16" doraHaiUra="25" who="0" fromWho="1" sc="240,68,250,-58,250,0,250,0" /><INIT seed="0,1,0,1,4,73" ten="308,192,250,250" oya="0" hai0="64,3,77,71,2,32,65,66,29,96,80,83,58" hai1="114,5,13,87,62,55,90,78,101,14,39,26,123" hai2="108,37,117,120,106,41,54,91,61,42,68,24,76" hai3="111,57,46,31,60,12,118,131,98,59,94,1,10"/><T0/><D71/><U28/><E39/><V99/><F120/><W84/><G118/><T100/><D80/><N who="1" m="47511" /><E123/><V110/><F117/><W86/><G1/><T97/><D58/><N who="1" m="35167" /><E114/><V92/><F106/><W130/><G31/><T34/><D29/><U27/><E101/><V11/><F37/><W8/><G46/><T30/><D30/><U18/><E90/><V63/><F76/><W115/><G115/><T116/><D116/><U104/><E104/><V113/><F113/><W122/><G122/><T74/><REACH who="0" step="1"/><D97/><REACH who="0" ten="298,192,250,250" step="2"/><U88/><E28/><V75/><F68/><W53/><G98/><T72/><D72/><U82/><E5/><V16/><F75/><W134/><G59/><T21/><D21/><N who="1" m="13623" /><E27/><V95/><F24/><W129/><G129/><T45/><D45/><U132/><E132/><V93/><F99/><W103/><G134/><T52/><D52/><U125/><E125/><V121/><F54/><W19/><G131/><T51/><D51/><U9/><E9/><V107/><F121/><W22/><G130/><T35/><D35/><U43/><E43/><V81/><F42/><W56/><G8/><T15/><D15/><U133/><E133/><V127/><F41/><W48/><G10/><T85/><D85/><AGARI ba="1,1" hai="13,14,82,85,88" m="13623,35167,47511" machi="85" ten="30,3900,0" yaku="8,1,52,1,54,1" doraHai="73" who="1" fromWho="0" sc="298,-42,192,52,250,0,250,0" /><INIT seed="1,0,0,5,2,83" ten="256,244,250,250" oya="1" hai0="51,37,96,16,88,100,69,127,115,32,38,78,40" hai1="84,119,42,130,36,134,135,71,59,53,109,128,11" hai2="29,107,68,73,112,93,8,14,110,34,12,0,131" hai3="98,22,118,52,113,91,120,2,126,90,26,103,121"/><U17/><E119/><V45/><F107/><W77/><G113/><T31/><D69/><U74/><E74/><V124/><F68/><W86/><G2/><T87/><D78/><U43/><E11/><V99/><F73/><W18/><G118/><T9/><D115/><U5/><E5/><V58/><F112/><W65/><G65/><T85/><D127/><U116/><E116/><V133/><F124/><W92/><G126/><T27/><D51/><N who="1" m="31167" /><E17/><V41/><F110/><W132/><G132/><N who="1" m="50730" /><E71/><V10/><F131/><N who="1" m="50217" /><E109/><V19/><F133/><W46/><G121/><T111/><D111/><U108/><E108/><V48/><F0/><W6/><G120/><T7/><D16/><U20/><E20/><V55/><F34/><W57/><G6/><T60/><D9/><N who="2" m="3690" /><F19/><W97/><G103/><T49/><D7/><U30/><E30/><V25/><F29/><W81/><G97/><T4/><D4/><U28/><E28/><V104/><F25/><W62/><G91/><T106/><D60/><U33/><E33/><V15/><F104/><W56/><G62/><T117/><D117/><U89/><E36/><V123/><F123/><W35/><G35/><T61/><D61/><U63/><E63/><N who="2" m="36319" /><F15/><W75/><G75/><T72/><D72/><U114/><E114/><V23/><F23/><W47/><G18/><T50/><D38/><U105/><E105/><V122/><F122/><W94/><G22/><T125/><D125/><U67/><E67/><V1/><F1/><W70/><G26/><T82/><D87/><U101/><E101/><AGARI ba="0,0" hai="12,14,41,45,48,93,99,101" m="36319,3690" machi="101" ten="30,1000,0" yaku="8,1" doraHai="83" who="2" fromWho="1" sc="256,0,244,-10,250,10,250,0" /><INIT seed="2,0,0,3,2,78" ten="256,234,260,250" oya="2" hai0="91,54,39,104,77,3,82,27,59,15,128,35,28" hai1="103,106,112,110,105,72,20,63,134,16,113,25,74" hai2="49,102,125,85,116,131,52,40,124,108,5,1,23" hai3="60,62,46,129,114,56,133,111,22,10,37,130,122"/><V55/><F116/><W21/><G122/><T11/><D128/><N who="3" m="49257" /><G111/><T107/><D3/><U14/><E110/><V66/><F108/><W109/><G109/><T71/><D39/><U69/><E134/><V41/><F131/><W24/><G133/><T33/><D71/><U80/><E72/><V61/><F102/><W31/><G114/><T90/><D35/><U51/><E51/><V83/><F23/><N who="3" m="15775" /><G10/><T115/><D107/><U101/><E105/><V43/><F5/><W57/><G57/><T32/><D104/><U58/><E69/><N who="2" m="42191" /><F1/><W64/><G62/><T120/><D33/><U98/><E103/><V48/><F48/><W121/><G121/><T9/><D120/><U94/><E106/><V8/><F8/><W118/><G118/><T96/><D11/><U73/><E25/><V7/><F7/><W117/><G117/><T132/><D132/><U29/><E29/><V97/><F49/><W76/><G76/><T86/><D115/><U4/><E4/><V87/><F124/><W34/><G34/><T36/><D36/><U81/><E74/><V79/><F125/><W95/><G95/><T67/><D67/><N who="1" m="39415" /><E73/><V93/><F93/><W38/><G38/><T26/><D26/><N who="1" m="14599" /><E113/><V0/><F0/><W13/><G13/><T19/><D96/><U42/><E112/><V127/><F97/><W30/><G30/><T17/><D17/><U119/><E119/><V89/><F127/><W70/><G70/><T65/><D65/><U100/><E100/><V126/><F126/><W2/><G2/><T68/><D68/><U88/><E101/><V84/><F84/><RYUUKYOKU ba="0,0" sc="256,10,234,-30,260,10,250,10" hai0="9,15,19,27,28,32,54,59,77,82,86,90,91" hai2="40,41,43,52,55,79,83,85,87,89" hai3="21,22,37,46,56,60,64" /><INIT seed="2,1,0,5,3,51" ten="266,204,270,260" oya="2" hai0="91,126,44,50,82,122,124,19,31,65,78,34,130" hai1="132,110,41,80,23,62,20,125,63,131,129,128,46" hai2="52,133,106,90,72,33,64,101,111,15,27,53,56" hai3="99,1,94,105,86,69,5,123,42,58,49,38,2"/><V55/><F72/><W83/><G123/><T10/><D122/><U8/><E110/><V118/><F118/><W119/><G119/><T26/><D65/><U88/><E125/><N who="0" m="48233" /><D130/><U107/><E107/><V89/><F133/><W92/><G69/><T60/><D60/><N who="1" m="23083" /><E8/><V12/><F56/><W87/><G105/><T39/><D39/><N who="1" m="21823" /><E132/><V73/><F64/><W32/><G38/><T117/><D117/><U70/><E70/><V66/><F66/><W121/><G121/><T100/><D100/><U40/><E40/><V98/><F73/><W29/><G42/><N who="0" m="24855" /><D91/><U17/><E17/><V0/><F0/><W74/><G5/><T79/><D82/><U102/><E102/><V48/><F111/><W76/><G83/><T75/><D75/><U116/><E116/><V47/><F90/><W109/><G74/><T97/><D97/><U6/><E6/><V113/><F89/><W11/><G99/><T4/><D19/><U115/><E115/><V22/><F33/><W45/><G109/><T108/><D108/><U134/><E134/><V59/><F113/><W135/><G135/><T96/><D96/><U35/><E35/><V16/><REACH who="2" step="1"/><F59/><REACH who="2" ten="266,204,260,260" step="2"/><W71/><G58/><T18/><D34/><U54/><E88/><V36/><F36/><W3/><G32/><T95/><D79/><U37/><E37/><V61/><F61/><W104/><G76/><T120/><D78/><U112/><E112/><V127/><F127/><W68/><G1/><T85/><D120/><U9/><E131/><V21/><F21/><W25/><G2/><T103/><D103/><U67/><E129/><RYUUKYOKU ba="1,1" sc="266,-10,204,-10,260,30,260,-10" hai2="12,15,16,22,27,47,48,52,53,55,98,101,106" /><INIT seed="2,2,1,0,2,74" ten="256,194,290,250" oya="2" hai0="53,41,43,33,38,133,90,36,121,113,50,76,73" hai1="101,10,111,2,28,59,79,55,130,75,123,135,17" hai2="87,58,42,117,16,47,6,27,134,131,57,69,126" hai3="22,92,98,25,81,102,40,11,1,51,125,88,83"/><V120/><F69/><W29/><G125/><T72/><D121/><U103/><E28/><V31/><F117/><W70/><G70/><T132/><D33/><U119/><E119/><V109/><F120/><W7/><REACH who="3" step="1"/><G102/><REACH who="3" ten="256,194,290,240" step="2"/><T9/><D38/><U46/><E101/><V30/><F126/><W97/><G97/><T54/><D36/><U68/><E103/><V26/><F131/><W82/><G82/><T99/><D99/><U93/><E68/><V127/><F127/><W105/><G105/><T8/><D113/><U107/><E107/><V56/><F109/><W124/><G124/><T44/><D90/><U48/><E111/><V49/><F134/><W108/><G108/><T122/><D122/><U3/><E135/><V128/><F128/><W14/><G14/><T110/><D110/><U65/><E123/><V37/><F37/><W60/><G60/><T115/><D115/><U15/><E130/><V12/><F12/><W80/><G80/><T112/><D112/><U64/><E93/><V39/><F39/><W95/><G95/><T13/><D13/><U34/><E2/><V52/><F27/><W129/><G129/><T78/><D50/><U86/><E3/><V32/><F26/><W84/><G84/><T20/><D20/><U94/><E34/><V106/><F87/><W63/><G63/><T118/><D118/><U0/><E0/><V66/><F106/><W91/><G91/><T96/><D96/><U24/><E24/><V62/><F62/><W19/><G19/><T61/><D61/><U5/><E15/><V18/><F18/><W35/><G35/><RYUUKYOKU ba="2,2" sc="256,15,194,-15,290,-15,240,15" hai0="8,9,41,43,44,53,54,72,73,76,78,132,133" hai3="1,7,11,22,25,29,40,51,81,83,88,92,98" /><INIT seed="3,3,2,5,1,4" ten="271,179,275,255" oya="3" hai0="72,105,62,130,81,94,90,51,49,52,16,73,120" hai1="43,40,87,21,118,82,13,125,128,106,69,66,109" hai2="36,67,124,12,28,48,78,56,20,24,37,23,101" hai3="95,104,122,86,60,7,15,99,6,57,107,50,110"/><W70/><G122/><T102/><D120/><U35/><E106/><V112/><F112/><W71/><G104/><T11/><D130/><U89/><E35/><V59/><F124/><W34/><G34/><T111/><D105/><U74/><E74/><V116/><F116/><W135/><G107/><T77/><D111/><U75/><E75/><V54/><F101/><W129/><G86/><N who="0" m="48431" /><D102/><U46/><E109/><V131/><F78/><W133/><G110/><T32/><D32/><U85/><E125/><V127/><F131/><W8/><G7/><T108/><D108/><U27/><E128/><V29/><F127/><W45/><G129/><T79/><D79/><N who="1" m="46303" /><E69/><V3/><F3/><W0/><G0/><T63/><D72/><U1/><E1/><V53/><F67/><N who="3" m="39311" /><G95/><T68/><D68/><U76/><E66/><V123/><F123/><W91/><G91/><T31/><D31/><N who="1" m="17903" /><E118/><V80/><F80/><W19/><G99/><N who="0" m="57815" /><D51/><N who="1" m="27079" /><E76/><V42/><F37/><W25/><G70/><T93/><D93/><N who="1" m="54463" /><E43/><V30/><F36/><W64/><G71/><T92/><D92/><U65/><E65/><V39/><F39/><W88/><G64/><T10/><D73/><U96/><E96/><V47/><F42/><N who="3" m="24887" /><G88/><T119/><D119/><U41/><E41/><V132/><F54/><W22/><G135/><T126/><D126/><U134/><E134/><V17/><REACH who="2" step="1"/><F132/><REACH who="2" ten="271,179,265,255" step="2"/><W98/><G133/><T100/><D100/><U114/><E114/><V26/><F26/><W55/><G55/><T117/><D117/><U113/><E113/><V103/><F103/><W84/><G98/><T61/><D52/><RYUUKYOKU ba="3,3" sc="271,-30,179,10,265,10,255,10" hai1="13" hai2="12,17,20,23,24,28,29,30,47,48,53,56,59" hai3="6,8,15,19,22,25,84" /><INIT seed="3,4,3,5,5,17" ten="241,189,275,265" oya="3" hai0="7,118,40,73,27,106,72,111,112,70,105,61,32" hai1="12,38,101,20,44,60,135,29,86,16,49,47,133" hai2="94,66,39,85,92,82,36,13,46,78,62,100,34" hai3="127,54,126,23,90,129,37,64,102,63,10,95,15"/><W124/><G129/><T125/><D118/><U25/><E101/><V74/><F34/><W84/><G37/><T114/><D40/><U119/><E119/><V33/><F33/><W71/><G102/><T87/><D7/><U26/><E60/><V99/><F46/><N who="1" m="17449" /><E38/><V3/><F3/><W2/><G2/><T52/><D125/><U104/><E104/><N who="0" m="40041" /><D111/><U14/><E49/><V4/><F4/><N who="3" m="3527" /><G23/><T43/><D43/><U19/><E86/><V69/><F13/><N who="1" m="5225" /><E26/><V134/><F134/><AGARI ba="4,3" hai="16,19,20,25,29,133,134,135" m="5225,17449" machi="134" ten="30,3900,0" yaku="20,1,52,1,54,1" doraHai="17" who="1" fromWho="2" sc="241,0,189,81,275,-51,265,0" /><INIT seed="4,0,0,5,3,57" ten="241,270,224,265" oya="0" hai0="18,72,103,43,45,44,82,29,78,49,105,24,123" hai1="118,96,124,110,119,40,12,41,117,8,66,35,120" hai2="17,71,79,89,10,4,87,69,74,112,77,11,68" hai3="85,130,109,50,134,3,62,58,16,7,86,80,22"/><T42/><D123/><U115/><E120/><V113/><F17/><W88/><G109/><T33/><D18/><U1/><E35/><V47/><F47/><W131/><G134/><T84/><D103/><U90/><E110/><V9/><F4/><W70/><G70/><T106/><REACH who="0" step="1"/><D72/><REACH who="0" ten="231,270,224,265" step="2"/><U108/><E108/><V23/><F74/><W65/><G131/><T93/><D93/><U25/><E119/><V37/><F37/><AGARI ba="0,1" hai="24,29,33,37,42,43,44,45,49,78,82,84,105,106" machi="37" ten="30,5800,0" yaku="1,1,7,1,53,1" doraHai="57" doraHaiUra="81" who="0" fromWho="2" sc="231,68,270,0,224,-58,265,0" /><INIT seed="4,1,0,3,5,57" ten="299,270,166,265" oya="0" hai0="130,49,42,95,119,16,46,37,132,23,128,120,131" hai1="87,86,117,84,61,65,20,0,81,14,123,112,93" hai2="77,91,30,25,51,69,18,7,76,35,31,75,70" hai3="24,27,102,79,19,13,47,108,90,88,3,41,8"/><T12/><D119/><U64/><E0/><V55/><F7/><W66/><G108/><T44/><D120/><U59/><E117/><V101/><F101/><W21/><G102/><T103/><D132/><U99/><E123/><V63/><F31/><W85/><G66/><T110/><D110/><U71/><E112/><V104/><F104/><W126/><G3/><T122/><D122/><U109/><E109/><V29/><F29/><W127/><G27/><T32/><D32/><U125/><E125/><N who="3" m="47626" /><G79/><T60/><D103/><N who="1" m="60911" /><E71/><V73/><F70/><W133/><G85/><T72/><D72/><U39/><E39/><V80/><F91/><W50/><G133/><T38/><D95/><U10/><E20/><V111/><F111/><W1/><G1/><T36/><REACH who="0" step="1"/><D60/><REACH who="0" ten="289,270,166,265" step="2"/><U34/><E34/><V40/><F73/><W94/><G94/><T11/><D11/><U58/><E81/><V54/><F75/><W129/><G129/><T74/><D74/><U107/><E107/><V5/><F80/><W48/><G48/><T134/><D134/><U113/><E113/><V115/><F115/><W6/><AGARI ba="1,1" hai="6,8,13,19,21,24,41,47,50,88,90" m="47626" machi="6" ten="30,2000,0" yaku="18,1,54,1" doraHai="57" who="3" fromWho="3" sc="289,-11,270,-6,166,-6,265,33" /><INIT seed="5,0,0,3,5,125" ten="278,264,160,298" oya="1" hai0="49,40,15,98,131,28,82,37,111,39,48,76,88" hai1="73,75,108,8,79,36,116,100,66,32,106,113,103" hai2="22,5,104,24,25,90,134,128,46,42,35,10,6" hai3="41,65,21,72,60,44,92,126,110,51,11,130,115"/><U7/><E116/><V13/><F128/><W50/><G72/><T31/><D111/><U94/><E32/><V27/><F104/><W63/><G110/><T85/><D131/><U14/><E108/><V17/><F134/><W89/><G130/><T129/><D129/><U12/><E36/><V67/><F67/><W55/><G115/><T26/><D15/><U99/><E113/><V38/><F90/><W80/><G126/><T59/><D31/><U81/><E66/><V23/><REACH who="2" step="1"/><F35/><REACH who="2" ten="278,264,150,298" step="2"/><W118/><G65/><T87/><D98/><U61/><E106/><V97/><F97/><W95/><G118/><T16/><D39/><U47/><E100/><V84/><F84/><W0/><G89/><T68/><D68/><U70/><E75/><V123/><F123/><W93/><G80/><T57/><D37/><U54/><E73/><V34/><F34/><W102/><G102/><T112/><D112/><U114/><E114/><V4/><AGARI ba="0,1" hai="4,5,6,10,13,17,22,23,24,25,27,38,42,46" machi="4" ten="30,2000,0" yaku="1,1,0,1,53,0" doraHai="125" doraHaiUra="83" who="2" fromWho="2" sc="278,-5,264,-10,150,30,298,-5" /><INIT seed="6,0,0,5,3,122" ten="273,254,180,293" oya="2" hai0="41,19,111,57,6,78,46,15,55,108,106,88,84" hai1="29,22,95,87,35,56,124,114,66,134,17,4,25" hai2="3,85,59,36,75,90,48,34,62,102,93,76,99" hai3="123,52,54,79,82,116,1,112,45,49,47,100,118"/><V73/><F36/><W105/><G123/><T32/><D106/><U69/><E69/><V0/><F34/><W126/><G1/><T128/><D78/><U51/><E114/><V131/><F131/><W70/><G70/><T77/><D77/><U39/><E39/><V130/><F130/><W96/><G112/><T13/><D6/><U42/><E124/><V23/><F48/><W117/><G126/><T133/><D15/><U28/><E134/><V97/><F97/><W58/><REACH who="3" step="1"/><G54/><REACH who="3" ten="273,254,180,283" step="2"/><T115/><D133/><U120/><E120/><V63/><F3/><W26/><G26/><T132/><D115/><U37/><E25/><V9/><F0/><W31/><G31/><T16/><D132/><U44/><E28/><V92/><F9/><W11/><G11/><T72/><D32/><U129/><E29/><V119/><F119/><W91/><G91/><T2/><D2/><U65/><E35/><V103/><F23/><W107/><G107/><T14/><D14/><N who="1" m="9527" /><E129/><V7/><F103/><W71/><G71/><T61/><D72/><AGARI ba="0,1" hai="45,47,49,52,58,72,79,82,96,100,105,116,117,118" machi="72" ten="40,2600,0" yaku="1,1,54,1,53,0" doraHai="122" doraHaiUra="86" who="3" fromWho="0" sc="273,-26,254,0,180,0,283,36" /><INIT seed="7,0,0,2,1,59" ten="247,254,180,319" oya="3" hai0="113,38,117,94,135,47,22,43,66,65,79,16,28" hai1="1,33,106,40,2,128,126,53,6,30,76,9,45" hai2="83,7,39,8,34,51,67,21,118,46,24,63,107" hai3="95,78,105,74,111,121,130,99,122,97,41,62,127"/><W29/><G29/><T86/><D117/><U4/><E106/><V75/><F118/><W112/><G41/><T88/><D28/><U64/><E53/><V61/><F34/><W134/><G95/><T102/><D135/><U5/><E64/><V114/><F107/><W72/><G78/><T108/><D108/><U0/><E76/><V37/><F114/><W120/><G120/><T119/><D119/><U25/><E126/><V60/><F67/><W85/><G85/><T54/><D113/><U132/><E132/><V12/><F83/><W23/><G23/><T109/><D109/><U13/><REACH who="1" step="1"/><E128/><REACH who="1" ten="247,244,180,319" step="2"/><V57/><F75/><W27/><G105/><T58/><D79/><U90/><E90/><V35/><F35/><W93/><G130/><T17/><D102/><U26/><E26/><V68/><F68/><W91/><G27/><T129/><D129/><U125/><E125/><V110/><F110/><W32/><G91/><T98/><D65/><U89/><E89/><V104/><F104/><W10/><G127/><T69/><D66/><U77/><E77/><V55/><REACH who="2" step="1"/><F57/><REACH who="2" ten="247,244,170,319" step="2"/><W81/><G111/><T3/><D69/><U92/><E92/><V115/><F115/><W84/><G93/><T18/><D94/><U31/><E31/><AGARI ba="0,2" hai="7,8,12,21,24,31,37,39,46,51,55,60,61,63" machi="31" ten="40,8000,1" yaku="1,1,52,3,53,1" doraHai="59" doraHaiUra="50" who="2" fromWho="1" sc="247,0,244,-80,170,100,319,0" owari="247,-15.0,164,-34.0,270,7.0,319,42.0" /></mjloggm>