<mjloggm ver="2.3"><GO type="97" lobby="0"/><UN n0="%6D%69%72%61%69%7A" n1="%E5%85%A8%E5%B1%80%E5%8F%82%E5%8A%A0%E5%9E%8B%E9%9B%80%E5%A3%AB" n2="%62%6C%61%75%38%38" n3="%E5%B0%B1%E6%B4%BB%E7%94%9F%40%E5%B7%9D%E6%9D%91%E8%BB%8D%E5%9B%A3" dan="13,15,13,15" rate="1843.92,2037.95,1868.58,1960.51" sx="M,M,M,M"/><TAIKYOKU oya="0"/><INIT seed="0,0,0,5,0,134" ten="250,250,250,250" oya="0" hai0="36,58,13,67,34,121,61,38,75,29,131,99,20" hai1="0,66,30,6,103,127,91,7,132,57,107,76,74" hai2="2,60,3,120,82,37,10,48,27,73,9,83,97" hai3="112,54,117,72,96,39,111,109,14,115,124,92,130"/><T95/><BYE who="3" /><D121/><U1/><E132/><V11/><F120/><W89/><G89/><T43/><D75/><U102/><E30/><V49/><F37/><W50/><G50/><UN n3="%E5%B0%B1%E6%B4%BB%E7%94%9F%40%E5%B7%9D%E6%9D%91%E8%BB%8D%E5%9B%A3" /><T17/><D131/><U47/><E47/><V24/><F73/><W80/><G54/><T18/><D43/><U113/><E91/><V68/><F68/><W33/><G14/><T63/><D18/><U62/><E113/><N who="3" m="43594" /><G39/><T116/><D116/><U100/><E107/><V119/><F119/><W86/><G33/><T26/><D61/><U110/><E110/><N who="3" m="41994" /><G130/><T28/><REACH who="0" step="1"/><D28/><REACH who="0" ten="240,250,250,250" step="2"/><U16/><E16/><V114/><F60/><W53/><G72/><T35/><D35/><U59/><E74/><V52/><F114/><W135/><G135/><T128/><D128/><U55/><E62/><V51/><F97/><W25/><G117/><T98/><D98/><U4/><E66/><V15/><F2/><W46/><G53/><T108/><D108/><U129/><E129/><V79/><F3/><W106/><G96/><T90/><AGARI ba="0,1" hai="13,17,20,26,29,34,36,38,58,63,67,90,95,99" machi="90" ten="20,3900,0" yaku="1,1,0,1,7,1,53,0" doraHai="134" doraHaiUra="64" who="0" fromWho="0" sc="240,49,250,-13,250,-13,250,-13" /><INIT seed="0,1,0,1,4,38" ten="289,237,237,237" oya="0" hai0="4,28,97,22,117,11,113,112,82,106,44,76,101" hai1="48,29,132,37,23,24,84,80,94,27,25,6,54" hai2="8,60,133,35,129,74,122,52,107,116,20,32,51" hai3="39,7,98,3,68,33,12,21,50,5,57,46,55"/><T135/><D117/><U42/><E132/><V16/><F74/><W36/><G33/><T73/><D135/><U10/><E94/><V90/><F122/><W9/><G68/><T13/><D44/><U26/><E37/><V127/><F107/><W0/><G0/><T86/><D28/><U59/><E42/><V1/><F133/><W34/><G34/><T81/><D22/><U61/><E61/><V114/><F114/><W53/><G98/><T123/><REACH who="0" step="1"/><D123/><REACH who="0" ten="279,237,237,237" step="2"/><U2/><REACH who="1" step="1"/><E26/><REACH who="1" ten="279,227,237,237" step="2"/><V67/><F116/><W104/><G39/><T69/><D69/><U66/><E66/><V128/><F129/><W110/><G36/><T79/><AGARI ba="1,2" hai="4,11,13,73,76,79,81,82,86,97,101,106,112,113" machi="79" ten="20,7800,0" yaku="1,1,0,1,7,1,53,1" doraHai="38" doraHaiUra="103" who="0" fromWho="0" sc="279,101,227,-27,237,-27,237,-27" /><INIT seed="0,2,0,0,2,115" ten="380,200,210,210" oya="0" hai0="89,57,91,25,11,119,118,55,45,75,41,15,20" hai1="21,23,44,48,14,17,92,116,40,35,86,133,124" hai2="109,70,78,5,10,59,60,132,52,64,62,58,93" hai3="107,0,88,114,18,83,56,135,16,72,71,13,99"/><T81/><D89/><U87/><E35/><V128/><F132/><W39/><G71/><T123/><D123/><U7/><E133/><V108/><F78/><W36/><G0/><T73/><D73/><U8/><E124/><V101/><F101/><W28/><G114/><T66/><D66/><U106/><E106/><V129/><F10/><W125/><G28/><T102/><D102/><U110/><E110/><N who="2" m="42603" /><F93/><W19/><G125/><T105/><D105/><U76/><E116/><V74/><F5/><W61/><G135/><T127/><D127/><U30/><E30/><V121/><F74/><W95/><G107/><T49/><D25/><U100/><E23/><V84/><F84/><W85/><G72/><T94/><D20/><U43/><E43/><V67/><F121/><W120/><G120/><T38/><D81/><U34/><E34/><V33/><F33/><W126/><G126/><T29/><D29/><U31/><E31/><V6/><F6/><W24/><G24/><T37/><D75/><U122/><E122/><V90/><F90/><W77/><REACH who="3" step="1"/><G13/><REACH who="3" ten="380,200,210,200" step="2"/><T26/><D26/><U98/><E76/><V12/><F12/><AGARI ba="2,1" hai="7,8,12,14,17,21,40,44,48,86,87,92,98,100" machi="12" ten="30,2000,0" yaku="7,1,8,1" doraHai="115" who="1" fromWho="2" sc="380,0,200,36,210,-26,200,0" /><INIT seed="1,0,0,0,2,78" ten="380,236,184,200" oya="1" hai0="124,121,69,116,42,33,6,21,73,10,26,36,62" hai1="56,0,81,3,54,126,57,32,25,48,104,84,74" hai2="102,68,16,98,17,71,129,122,83,67,134,19,120" hai3="40,93,79,43,5,27,85,127,11,46,119,109,63"/><U12/><E74/><V100/><F134/><W105/><G105/><T106/><D116/><U64/><E104/><V30/><F67/><W8/><G119/><T44/><D21/><U76/><E126/><V45/><F45/><W50/><G127/><T89/><D89/><U118/><E118/><V80/><F30/><W23/><G109/><T53/><D53/><U95/><E12/><V135/><F98/><W125/><G125/><T51/><D51/><U58/><E95/><V1/><F135/><W37/><G63/><T86/><D86/><U70/><E70/><V49/><F49/><W65/><G65/><N who="0" m="41143" /><D124/><U52/><E64/><V90/><F90/><N who="3" m="53455" /><G37/><T66/><D66/><U77/><E77/><V29/><F29/><N who="3" m="17663" /><G79/><T113/><D113/><U91/><E76/><V7/><F7/><W2/><G2/><N who="0" m="343" /><D121/><U34/><E57/><V128/><F17/><W130/><G130/><T103/><D73/><U107/><E107/><V97/><F97/><W41/><G5/><T82/><D82/><U133/><E133/><V31/><REACH who="2" step="1"/><F31/><REACH who="2" ten="380,236,174,200" step="2"/><W88/><G88/><T22/><D106/><U96/><E96/><V114/><F114/><W92/><G92/><T59/><D44/><U72/><E72/><V94/><F94/><W108/><G108/><T28/><D28/><U112/><E112/><V35/><F35/><W75/><G75/><T123/><D33/><U115/><E115/><V13/><F13/><W39/><G39/><T101/><D36/><U14/><E14/><V38/><F38/><W20/><G20/><T47/><D47/><U18/><E34/><V131/><F131/><RYUUKYOKU ba="0,1" sc="380,-15,236,-15,174,15,200,15" hai2="1,16,19,68,71,80,83,100,102,120,122,128,129" hai3="8,11,40,41,43,46,50" /><INIT seed="2,1,1,0,1,50" ten="365,221,189,215" oya="2" hai0="28,31,51,63,22,70,39,68,34,130,101,25,54" hai1="97,21,108,5,73,16,48,10,1,64,105,0,86" hai2="129,99,24,36,120,100,133,122,109,15,20,13,125" hai3="49,91,17,59,116,62,57,3,90,23,38,126,18"/><V43/><F129/><W75/><G3/><T110/><D39/><U106/><E73/><V78/><F133/><W40/><G75/><T82/><D130/><U65/><E108/><V29/><F78/><W111/><G116/><T9/><D110/><U74/><E74/><V71/><F71/><W132/><G111/><T83/><D70/><U88/><E0/><V119/><F109/><W32/><G32/><T135/><D101/><U113/><E113/><V12/><F119/><W41/><G38/><T30/><D34/><U85/><E85/><V19/><F125/><W69/><G69/><T44/><D135/><U53/><E106/><V118/><F118/><W121/><G121/><T89/><D9/><U112/><E112/><V4/><F4/><W123/><G123/><T8/><D8/><U102/><E53/><V42/><F36/><W76/><G76/><T45/><D45/><U84/><E84/><V114/><F114/><W79/><G79/><T33/><D33/><U98/><E48/><V11/><F122/><W107/><G107/><T124/><D68/><U27/><REACH who="1" step="1"/><E98/><REACH who="1" ten="365,211,189,215" step="2"/><V52/><F120/><W92/><G132/><T35/><D124/><U117/><E117/><V96/><F96/><W61/><G126/><T66/><D35/><U134/><E134/><V104/><REACH who="2" step="1"/><F52/><REACH who="2" ten="365,211,179,215" step="2"/><W46/><G49/><T37/><D54/><U7/><E7/><V47/><F47/><W2/><G2/><T67/><D51/><U87/><E87/><V127/><F127/><W14/><G46/><T56/><D44/><U58/><E58/><V131/><F131/><W55/><G55/><RYUUKYOKU ba="1,3" sc="365,-15,211,15,179,15,215,-15" hai1="1,5,10,16,21,27,64,65,86,88,97,102,105" hai2="11,12,13,15,19,20,24,29,42,43,99,100,104" /><INIT seed="2,2,3,0,4,37" ten="350,226,194,200" oya="2" hai0="46,0,18,109,47,15,84,30,21,121,85,32,90" hai1="130,110,86,114,36,127,9,66,53,75,65,102,74" hai2="31,99,72,4,22,107,10,128,14,134,97,88,63" hai3="71,131,83,91,3,108,48,101,1,64,13,115,117"/><V25/><F72/><W26/><G117/><T35/><D121/><U17/><E102/><V68/><F134/><W133/><G101/><T2/><D109/><U123/><E114/><V100/><F128/><W7/><G108/><T50/><D46/><U27/><E110/><V73/><F73/><W82/><G131/><T80/><D35/><U6/><E130/><V39/><F39/><W44/><G133/><T105/><D105/><U33/><E36/><V45/><F45/><W103/><G103/><T79/><D30/><U129/><E129/><V52/><F97/><W132/><G132/><T16/><D18/><U54/><E127/><V41/><F68/><W96/><G115/><T59/><D59/><U40/><E123/><V92/><F107/><W124/><G124/><T87/><D87/><U70/><E70/><V106/><F106/><W55/><G26/><T58/><D58/><U111/><E111/><V122/><F122/><W42/><G55/><T89/><D79/><U19/><E86/><V81/><F81/><W12/><G82/><T49/><D49/><U94/><E94/><V38/><F100/><W125/><G125/><T104/><D32/><U5/><E9/><V135/><F135/><W67/><G71/><T61/><D61/><U126/><E126/><V43/><F38/><W120/><G120/><T51/><D51/><U60/><E33/><V11/><F11/><N who="3" m="2543" /><G3/><T118/><D104/><U34/><E34/><V119/><F119/><W116/><G116/><T78/><D118/><U62/><E27/><V69/><F69/><W98/><G83/><N who="0" m="49471" /><D78/><U113/><E113/><RYUUKYOKU ba="2,3" sc="350,10,226,10,194,10,200,-30" hai0="0,2,15,16,21,47,50,80,84,89" hai1="5,6,17,19,40,53,54,60,62,65,66,74,75" hai2="4,10,14,22,25,31,41,43,52,63,88,92,99" /><INIT seed="2,3,3,1,2,32" ten="360,236,204,170" oya="2" hai0="108,71,39,88,105,127,116,27,117,58,59,96,36" hai1="52,107,102,119,94,64,13,60,65,90,47,125,118" hai2="89,70,75,17,40,131,134,100,50,12,133,104,86" hai3="128,97,132,11,31,51,120,62,54,56,111,9,2"/><V20/><F70/><W43/><G120/><T122/><D122/><U72/><E72/><V15/><F75/><W6/><G128/><T0/><D71/><U135/><E135/><N who="2" m="51723" /><F131/><W26/><G132/><T25/><D127/><U42/><E125/><V35/><F35/><W110/><G97/><T103/><D108/><N who="3" m="41513" /><G11/><T114/><D114/><U93/><E107/><V7/><F100/><W66/><G43/><T22/><D27/><U30/><E30/><V69/><F69/><N who="3" m="42199" /><G26/><T63/><D59/><U46/><E102/><V24/><F104/><W14/><G31/><N who="0" m="17847" /><D88/><U55/><E13/><AGARI ba="3,3" hai="2,6,9,13,14,51,54,56" m="42199,41513" machi="13" ten="30,2000,0" yaku="14,1,52,1" doraHai="32" who="3" fromWho="1" sc="360,0,236,-29,204,0,170,59" /><INIT seed="3,0,0,3,3,56" ten="360,207,204,229" oya="3" hai0="95,80,122,15,82,92,32,65,48,10,11,66,107" hai1="40,25,94,89,72,28,61,31,90,22,124,8,121" hai2="111,19,81,116,0,49,76,127,46,101,126,79,64" hai3="37,58,70,73,20,27,102,132,133,75,84,78,104"/><W120/><G70/><T14/><D32/><U43/><E72/><N who="3" m="27722" /><G37/><T74/><D122/><U85/><E121/><V33/><F116/><W13/><G13/><T35/><D35/><U109/><E109/><V130/><F33/><W68/><G68/><T23/><D23/><U129/><E129/><V108/><F130/><W77/><G77/><BYE who="3" /><T30/><D74/><U59/><E124/><N who="2" m="47659" /><F101/><UN n3="%E5%B0%B1%E6%B4%BB%E7%94%9F%40%E5%B7%9D%E6%9D%91%E8%BB%8D%E5%9B%A3" /><W5/><G5/><T52/><D30/><U4/><E31/><V97/><F0/><W47/><G47/><T24/><D24/><U128/><E90/><V131/><F97/><W17/><G58/><T7/><D107/><U113/><E128/><V53/><F131/><W57/><G57/><N who="0" m="32903" /><D66/><N who="1" m="39231" /><E113/><V123/><F123/><W134/><G120/><T115/><D65/><U44/><E44/><V26/><F64/><W103/><G104/><T83/><D115/><U55/><E55/><V21/><F81/><AGARI ba="0,0" hai="17,20,27,78,81,84,102,103,132,133,134" m="27722" machi="81" ten="40,2000,0" yaku="20,1" doraHai="56" who="3" fromWho="2" sc="360,0,207,0,204,-20,229,20" /><INIT seed="3,1,0,5,2,82" ten="360,207,184,249" oya="3" hai0="78,75,102,17,30,47,57,95,77,51,9,42,33" hai1="83,40,2,100,131,4,14,124,87,130,49,118,43" hai2="5,120,70,27,61,16,103,54,89,59,58,41,29" hai3="135,104,52,132,67,79,64,106,34,110,0,68,28"/><W23/><G34/><T63/><D75/><U12/><E118/><V73/><F73/><W98/><G0/><T94/><D33/><U15/><E100/><V18/><F70/><W72/><G72/><T39/><D30/><U6/><E124/><V13/><F120/><W45/><G79/><N who="0" m="30219" /><D39/><U133/><E133/><N who="3" m="51274" /><G110/><T128/><D128/><N who="1" m="49195" /><E49/><V55/><F41/><N who="1" m="15945" /><E2/><V129/><F129/><W125/><G125/><T113/><D102/><U44/><E44/><V76/><F76/><AGARI ba="1,0" hai="4,6,12,14,15,76,83,87" m="15945,49195" machi="76" ten="30,2000,0" yaku="19,1,52,1" doraHai="82" who="1" fromWho="2" sc="360,0,207,23,184,-23,249,0" owari="360,46.0,230,-17.0,161,-34.0,249,5.0" /></mjloggm>