<mjloggm ver="2.3"><GO type="41" lobby="0"/><UN n0="%E5%A4%A7%E6%B4%B2%E7%94%B7" n1="%E5%B1%85%E3%81%AA%E3%81%84%E8%80%85" n2="%E6%9C%AC%E7%89%A9%E3%81%BD%E3%81%A3%E3%81%8F%E3%82%93" n3="%E5%B0%B1%E6%B4%BB%E7%94%9F%40%E5%B7%9D%E6%9D%91%E8%BB%8D%E5%9B%A3" dan="13,15,14,16" rate="1802.89,2056.37,1889.18,2026.31" sx="M,M,M,M"/><TAIKYOKU oya="0"/><INIT seed="0,0,0,0,1,80" ten="250,250,250,250" oya="0" hai0="56,121,89,34,87,46,42,106,108,15,88,95,50" hai1="125,61,93,66,21,53,131,31,36,38,23,73,63" hai2="116,129,110,67,85,32,71,20,135,58,22,19,100" hai3="51,43,103,11,72,79,99,114,60,118,76,75,132"/><T82/><D121/><U2/><E2/><V37/><F32/><W17/><G114/><T113/><D113/><U109/><E73/><V90/><F116/><W133/><G118/><T45/><D34/><U47/><E125/><V128/><F71/><W9/><G60/><T27/><D106/><U126/><E126/><V115/><F37/><W97/><G51/><T112/><D112/><U104/><E104/><V30/><F115/><W26/><G26/><T35/><D108/><U28/><E109/><V111/><F100/><W124/><G17/><T40/><D56/><U94/><E53/><V96/><F96/><W123/><G124/><T62/><D62/><U70/><E47/><V25/><F58/><W14/><G14/><T29/><D15/><U107/><E107/><V7/><F7/><W13/><G13/><T92/><D89/><U74/><E74/><V69/><F67/><W101/><G43/><T0/><REACH who="0" step="1"/><D0/><REACH who="0" ten="240,250,250,250" step="2"/><U33/><E33/><V1/><F110/><W59/><G59/><T16/><D16/><U77/><E70/><V41/><F69/><W81/><G123/><T24/><D24/><U4/><E4/><V5/><F25/><W98/><G98/><T64/><D64/><U122/><E66/><V134/><F19/><W49/><G99/><T55/><D55/><U68/><E68/><V86/><F5/><W3/><G3/><T130/><D130/><U120/><E77/><V102/><F128/><AGARI ba="0,1" hai="21,23,28,31,36,38,61,63,93,94,120,122,128,131" machi="128" ten="25,1600,0" yaku="22,2" doraHai="80" who="1" fromWho="2" sc="240,0,250,26,250,-16,250,0" /><INIT seed="1,0,0,0,3,106" ten="240,276,234,250" oya="1" hai0="43,19,53,126,124,120,81,39,1,16,66,29,84" hai1="97,27,22,58,94,51,25,122,54,14,71,41,119" hai2="131,135,73,15,134,18,115,107,91,3,47,42,123" hai3="35,44,57,64,70,21,127,89,79,36,90,112,133"/><U12/><E71/><V5/><F107/><W96/><G35/><T20/><D1/><U50/><E122/><V85/><F123/><W74/><G112/><T76/><D120/><U108/><E108/><V72/><F115/><W121/><G121/><T105/><D105/><U86/><E86/><V33/><F33/><W104/><G70/><T55/><D66/><U61/><E27/><V11/><F5/><W13/><G133/><N who="2" m="50697" /><F3/><W24/><G127/><N who="0" m="48683" /><D29/><U113/><E113/><V82/><F131/><W111/><G111/><T23/><D43/><U30/><E119/><V83/><F83/><W6/><G36/><AGARI ba="0,0" hai="11,15,18,36,42,47,72,73,82,85,91" m="50697" machi="36" ten="30,3900,0" yaku="20,1,52,2" doraHai="106" who="2" fromWho="3" sc="240,0,276,0,234,39,250,-39" /><INIT seed="2,0,0,0,4,76" ten="240,276,273,211" oya="2" hai0="98,135,120,111,54,94,39,57,36,133,17,37,14" hai1="20,112,121,134,91,56,60,110,64,123,79,75,128" hai2="124,32,15,114,34,16,27,48,113,4,126,127,12" hai3="93,59,61,11,2,40,24,9,26,84,132,92,83"/><V5/><F48/><W25/><G132/><T99/><D120/><U42/><E112/><N who="2" m="43115" /><F27/><W78/><G40/><T13/><D111/><U28/><E110/><V130/><F130/><W65/><G2/><T105/><D105/><U53/><E134/><N who="0" m="51209" /><D99/><U19/><E128/><V6/><F16/><W72/><G72/><T50/><D17/><U116/><E28/><V109/><F109/><W117/><G117/><T102/><AGARI ba="0,0" hai="13,14,36,37,39,50,54,57,94,98,102" m="51209" machi="102" ten="40,1500,0" yaku="20,1" doraHai="76" who="0" fromWho="0" sc="240,15,276,-4,273,-7,211,-4" /><INIT seed="3,0,0,1,4,9" ten="255,272,266,207" oya="3" hai0="110,51,115,132,80,113,108,11,52,77,100,66,128" hai1="81,20,68,41,62,89,16,21,65,74,96,31,29" hai2="134,37,104,88,101,129,35,48,43,92,99,42,97" hai3="93,85,17,12,59,7,118,76,102,39,15,87,121"/><W116/><G121/><T124/><D100/><U25/><E41/><V49/><F35/><W103/><G39/><T107/><D107/><U125/><E125/><V83/><F129/><W46/><G118/><T84/><D132/><U55/><E55/><V122/><F122/><W114/><G114/><N who="0" m="43531" /><D66/><U19/><E96/><V90/><F134/><W40/><G116/><T86/><D128/><U54/><E54/><V82/><F37/><W119/><G119/><T18/><D124/><U32/><E32/><V120/><F120/><W71/><G71/><T2/><D2/><U67/><E67/><V127/><F127/><W26/><G59/><T73/><D18/><U69/><E69/><V94/><F104/><W78/><G7/><T79/><D11/><U28/><E74/><V60/><F60/><W57/><G57/><N who="0" m="32927" /><D79/><N who="3" m="30249" /><G46/><T1/><D1/><U61/><E65/><V13/><F101/><N who="3" m="38411" /><G40/><T4/><D4/><U8/><E8/><V34/><F34/><W50/><G50/><T123/><D123/><U64/><E64/><V91/><F91/><N who="3" m="53487" /><G87/><AGARI ba="0,0" hai="73,77,80,84,86,87,108,110" m="32927,43531" machi="87" ten="30,2000,0" yaku="11,1,54,1" doraHai="9" who="0" fromWho="3" sc="255,20,272,0,266,0,207,-20" /><INIT seed="4,0,0,0,1,3" ten="275,272,266,187" oya="0" hai0="104,132,48,115,74,110,98,52,35,29,34,19,71" hai1="105,60,130,30,10,32,45,16,75,0,13,128,47" hai2="102,67,111,86,42,73,122,40,118,20,82,11,88" hai3="62,84,117,93,2,41,24,7,70,77,36,66,133"/><T106/><D74/><U101/><E75/><V4/><F122/><W55/><G117/><T22/><D115/><U95/><E105/><V5/><F118/><W76/><G133/><T131/><D132/><U57/><E0/><V6/><F73/><W15/><G2/><T23/><D71/><U28/><E32/><V26/><F67/><W85/><G36/><T43/><D43/><N who="2" m="16426" /><F102/><W80/><G41/><T119/><D119/><U39/><E39/><V92/><F111/><W125/><G125/><T68/><D68/><U21/><E128/><V69/><F69/><W107/><G107/><T113/><D113/><U97/><E130/><V44/><F44/><W87/><G24/><T53/><D131/><U99/><E99/><V129/><F129/><W112/><G112/><T38/><D38/><U134/><E134/><V27/><F27/><W25/><G25/><T46/><D110/><U51/><E51/><V121/><F121/><W124/><G124/><T8/><D8/><U18/><E18/><N who="2" m="12567" /><F11/><W49/><G93/><AGARI ba="0,0" hai="4,5,6,82,86,88,92,93" m="12567,16426" machi="93" ten="30,8000,1" yaku="8,1,52,3,54,1" doraHai="3" who="2" fromWho="3" sc="275,0,272,0,266,80,187,-80" /><INIT seed="5,0,0,2,1,32" ten="275,272,346,107" oya="1" hai0="99,81,104,82,122,63,107,135,131,68,53,41,31" hai1="30,69,108,48,61,51,109,93,54,65,2,45,46" hai2="130,50,39,60,111,127,16,21,19,94,112,117,64" hai3="91,38,40,80,133,119,79,24,18,77,110,102,1"/><U58/><E30/><V42/><F39/><W88/><G110/><N who="1" m="42602" /><E93/><V125/><F117/><W59/><G119/><T120/><D41/><N who="1" m="24623" /><E2/><V3/><F3/><W86/><G133/><T34/><D135/><U96/><E96/><V78/><F111/><W62/><G102/><N who="0" m="62559" /><D107/><U27/><E27/><V25/><F19/><W11/><G40/><T13/><D13/><U5/><E5/><V95/><F78/><W89/><G38/><T83/><D131/><U105/><E105/><V49/><F130/><W12/><G24/><N who="0" m="18791" /><D53/><U22/><E22/><V6/><F25/><W47/><G47/><AGARI ba="0,0" hai="46,47,51,54,58,61,65,69" m="24623,42602" machi="47" ten="30,5800,0" yaku="10,1,34,2" doraHai="32" who="1" fromWho="3" sc="275,0,272,58,346,0,107,-58" /><INIT seed="5,1,0,4,0,70" ten="275,330,346,49" oya="1" hai0="84,29,44,13,36,5,124,59,110,62,78,65,134" hai1="15,55,60,87,11,69,81,63,51,107,120,18,85" hai2="132,97,130,92,108,67,47,99,49,7,77,34,80" hai3="118,53,127,89,73,103,48,25,27,128,42,57,64"/><U16/><E107/><V109/><F34/><W123/><G73/><T58/><D110/><U116/><E116/><V9/><F67/><W96/><G123/><T72/><D72/><U75/><E120/><V14/><F99/><W114/><G118/><T66/><D134/><U2/><E2/><V68/><F68/><W28/><G114/><T71/><D29/><U0/><E0/><V100/><F132/><W20/><G127/><T50/><D124/><U94/><E75/><V35/><F35/><W52/><G128/><T74/><D66/><U93/><E18/><V104/><F104/><W12/><G12/><T21/><D74/><U22/><E22/><V45/><F45/><W115/><G115/><T106/><D106/><U19/><E19/><V30/><F30/><W61/><G89/><T24/><D24/><U17/><E17/><V131/><F131/><W105/><G27/><T1/><D1/><U122/><E122/><V112/><F112/><W121/><G121/><T91/><D78/><U79/><E69/><V8/><F8/><W43/><REACH who="3" step="1"/><G53/><REACH who="3" ten="275,330,346,39" step="2"/><T135/><D135/><U98/><E85/><N who="2" m="48271" /><F130/><W113/><G113/><T101/><D84/><U3/><E3/><V39/><F109/><W33/><G33/><T125/><D125/><U129/><E129/><V90/><F90/><W4/><G4/><T95/><D91/><U32/><E32/><V76/><F108/><W133/><G133/><T88/><D5/><U117/><E117/><V86/><F7/><W54/><G54/><T6/><D6/><U126/><E126/><V83/><F86/><W31/><G31/><RYUUKYOKU ba="1,1" sc="275,-10,330,-10,346,-10,39,30" hai3="20,25,28,42,43,48,52,57,61,64,96,103,105" /><INIT seed="6,2,1,2,1,44" ten="265,320,336,69" oya="2" hai0="19,112,100,66,116,96,97,98,74,49,90,93,42" hai1="31,69,63,106,110,8,89,118,4,113,133,36,56" hai2="17,62,120,99,18,102,47,26,46,14,134,16,82" hai3="35,124,58,131,94,115,12,105,126,130,39,122,57"/><V25/><F120/><W101/><G105/><T121/><D121/><U135/><E69/><V79/><F62/><W59/><G35/><T52/><D116/><U0/><E36/><V65/><F65/><W28/><G28/><T107/><D74/><U11/><E118/><V109/><F14/><W20/><G101/><T92/><D42/><U64/><E110/><V67/><F67/><W32/><G32/><T85/><D66/><U24/><E106/><V125/><F109/><W75/><G75/><T70/><D70/><U5/><E113/><V81/><F81/><W6/><G6/><T21/><D107/><U91/><E133/><V114/><F134/><W72/><G72/><T45/><REACH who="0" step="1"/><D112/><REACH who="0" ten="255,320,336,69" step="2"/><U111/><E111/><V54/><F114/><W119/><G115/><T77/><D77/><U78/><E78/><V50/><F79/><W3/><G3/><T73/><D73/><U51/><E135/><V55/><F55/><W104/><G104/><T2/><D2/><U129/><E129/><V60/><F54/><W95/><G119/><T127/><D127/><N who="3" m="48681" /><G122/><T27/><AGARI ba="2,2" hai="19,21,27,45,49,52,85,90,92,93,96,97,98,100" machi="27" ten="20,12000,2" yaku="1,1,0,1,7,1,8,1,52,1,54,1,53,0" doraHai="44" doraHaiUra="33" who="0" fromWho="0" sc="255,146,320,-32,336,-62,69,-32" /><INIT seed="7,0,0,0,5,47" ten="401,288,274,37" oya="3" hai0="99,15,61,21,108,16,86,126,12,97,73,72,58" hai1="67,43,62,55,79,4,70,59,29,10,8,45,107" hai2="85,14,11,34,93,0,68,25,124,1,65,18,109" hai3="113,114,57,104,132,48,20,51,53,71,54,40,103"/><W116/><G104/><T77/><D108/><U13/><E107/><V35/><F109/><W101/><G71/><T26/><D126/><U49/><E29/><V6/><F65/><W91/><G116/><T120/><D73/><U127/><E127/><V33/><F68/><W115/><G40/><T90/><D72/><U50/><E10/><N who="2" m="6487" /><F85/><W42/><G42/><T64/><D77/><U82/><E82/><V94/><F94/><W78/><G78/><T5/><D120/><U39/><REACH who="1" step="1"/><E79/><REACH who="1" ten="401,278,274,37" step="2"/><V74/><F124/><W30/><G132/><T28/><D5/><U125/><E125/><V41/><F74/><W46/><REACH who="3" step="1"/><G91/><REACH who="3" ten="401,278,274,27" step="2"/><T110/><D110/><U23/><E23/><V123/><F41/><W38/><G38/><AGARI ba="0,2" hai="4,8,13,38,39,43,45,49,50,55,59,62,67,70" machi="38" ten="40,8000,1" yaku="1,1,52,2,53,1" doraHai="47" doraHaiUra="2" who="1" fromWho="3" sc="401,0,278,100,274,0,27,-80" owari="401,50.0,378,18.0,274,-13.0,-53,-55.0" /></mjloggm>