<mjloggm ver="2.3"><GO type="97" lobby="0"/><UN n0="%E3%83%88%E3%83%88%E3%83%AA%E5%85%88%E7%94%9F%31%39%E6%AD%B3" n1="%E5%AE%AE%E6%B0%B8%E7%85%A7%EF%BC%A0%E7%99%BD%E7%B3%B8%E5%8F%B0" n2="%E6%98%A5%E6%97%A5%E9%83%A8%E5%A4%AA%E9%83%8E" n3="%E8%B1%9A%E3%81%AE%E4%B8%B8%E7%84%BC%E3%81%8D" dan="15,14,15,14" rate="2063.57,1957.71,1988.09,1942.42" sx="F,F,M,M"/><TAIKYOKU oya="0"/><INIT seed="0,0,0,5,2,34" ten="250,250,250,250" oya="0" hai0="24,96,38,115,86,65,31,116,42,79,2,106,25" hai1="91,74,69,119,35,12,50,109,33,41,14,3,112" hai2="71,70,68,85,55,63,117,40,28,83,118,134,19" hai3="13,44,76,18,16,21,107,125,58,56,127,32,113"/><T53/><D115/><U105/><E91/><V122/><F122/><W46/><G32/><T124/><D116/><N who="2" m="44650" /><F28/><W64/><G107/><T66/><D124/><N who="3" m="47689" /><G113/><T30/><D2/><U51/><E41/><V110/><F110/><W36/><G76/><T97/><D53/><U11/><E119/><V104/><F104/><W87/><G87/><T67/><D42/><U45/><E45/><N who="3" m="17514" /><G64/><T108/><D38/><U47/><E47/><V4/><F40/><W49/><G49/><T27/><D108/><U75/><E105/><V88/><F134/><W17/><G36/><T82/><REACH who="0" step="1"/><D106/><REACH who="0" ten="240,250,250,250" step="2"/><U8/><E109/><V114/><F114/><W100/><G100/><T5/><D5/><U22/><E112/><V0/><F55/><W57/><AGARI ba="0,1" hai="13,16,17,18,21,56,57,58" m="17514,47689" machi="57" ten="40,2700,0" yaku="18,1,54,1" doraHai="34" who="3" fromWho="3" sc="240,-13,250,-7,250,-7,250,37" /><INIT seed="1,0,0,4,2,9" ten="227,243,243,287" oya="1" hai0="134,133,73,10,52,37,115,31,104,7,14,34,97" hai1="87,16,86,35,80,55,112,26,74,40,46,23,69" hai2="13,65,1,126,59,116,8,32,21,135,22,30,12" hai3="91,123,129,96,25,36,6,84,11,113,110,93,118"/><U47/><E69/><V128/><F59/><W130/><G123/><T5/><D115/><U15/><E112/><V75/><F65/><W76/><G113/><T45/><D73/><U64/><E64/><V53/><F53/><W3/><G36/><T58/><D31/><U99/><E99/><V0/><F75/><W2/><G110/><T92/><D34/><U121/><E121/><V101/><F101/><W127/><G127/><T88/><D104/><U82/><E55/><V54/><F54/><W66/><G66/><T85/><D37/><U124/><E124/><V114/><F126/><W109/><G109/><T107/><D45/><N who="1" m="16907" /><E40/><V61/><F61/><W63/><G63/><T89/><D7/><U4/><E74/><V120/><F116/><W28/><G118/><T41/><D41/><U131/><E35/><V24/><F120/><W132/><G3/><N who="2" m="1097" /><F135/><N who="0" m="51722" /><D107/><U95/><E131/><V125/><F128/><N who="3" m="49259" /><G132/><T42/><D42/><U81/><E95/><V33/><F125/><W98/><G76/><T70/><D70/><U57/><E57/><V72/><F72/><W78/><G78/><T49/><D85/><U51/><E51/><V19/><F114/><W79/><G79/><T29/><D29/><N who="1" m="17631" /><E4/><AGARI ba="0,0" hai="4,8,12,13,19,21,22,24,30,32,33" m="1097" machi="4" ten="30,12000,2" yaku="35,5,52,2" doraHai="9" who="2" fromWho="1" sc="227,0,243,-120,243,120,287,0" /><INIT seed="2,0,0,0,2,23" ten="227,123,363,287" oya="2" hai0="90,92,54,95,105,2,64,121,46,62,28,31,135" hai1="59,47,86,43,83,51,61,68,88,84,107,69,14" hai2="66,128,30,33,55,99,45,100,12,127,93,116,85" hai3="75,109,9,74,67,25,91,6,57,37,52,87,4"/><V123/><F116/><W70/><G37/><T63/><D121/><U26/><E107/><V110/><F123/><W132/><G70/><T111/><D105/><U106/><E106/><V98/><F127/><W18/><G67/><T15/><D2/><U79/><E14/><V89/><F128/><W102/><G102/><T80/><D111/><U17/><E69/><V73/><F73/><W11/><G109/><T39/><D135/><U72/><E68/><V27/><F110/><W126/><G126/><T0/><D0/><U77/><E72/><V44/><F66/><W122/><G132/><T97/><D80/><U125/><E125/><V20/><F98/><W41/><G41/><T82/><D82/><U113/><E113/><V29/><F55/><W3/><G75/><T13/><D39/><U130/><E130/><V34/><F34/><W32/><G3/><T48/><D13/><U53/><REACH who="1" step="1"/><E84/><REACH who="1" ten="227,113,363,287" step="2"/><V124/><F124/><W65/><G74/><T38/><D15/><U19/><E19/><V8/><F30/><W94/><G122/><T78/><D31/><U21/><AGARI ba="0,1" hai="17,21,26,43,47,51,53,59,61,77,79,83,86,88" machi="21" ten="30,8000,1" yaku="1,1,0,1,8,1,52,1,54,1,53,0" doraHai="23" doraHaiUra="96" who="1" fromWho="1" sc="227,-20,113,90,363,-40,287,-20" /><INIT seed="3,0,0,3,4,42" ten="207,203,323,267" oya="3" hai0="83,33,3,30,122,107,86,119,16,84,0,40,29" hai1="12,73,90,20,68,31,99,61,114,124,36,112,93" hai2="110,37,65,97,123,18,17,133,13,11,47,81,69" hai3="88,72,19,26,129,111,135,28,59,55,80,120,44"/><W117/><G117/><T108/><D119/><U95/><E36/><V63/><F123/><W128/><G120/><T5/><D122/><U27/><E73/><V106/><F133/><W70/><G72/><T38/><D107/><U1/><E1/><V2/><F110/><W109/><G70/><T54/><D108/><N who="3" m="41545" /><G19/><T89/><D33/><U39/><E39/><V79/><F2/><W60/><G135/><T100/><D100/><U134/><E124/><V25/><F106/><W67/><G80/><N who="0" m="49287" /><D40/><U104/><E134/><V92/><F25/><W130/><G88/><N who="0" m="51295" /><D38/><U21/><E104/><V10/><F18/><W64/><G44/><T126/><D3/><U4/><E112/><V24/><F47/><W57/><G57/><T7/><D0/><U34/><E114/><V75/><F24/><W43/><G43/><T14/><D126/><U115/><E115/><V41/><F41/><W102/><G102/><T45/><D5/><U56/><E68/><V22/><F37/><W98/><G98/><T50/><D7/><U82/><E82/><V51/><F51/><W96/><G96/><T62/><D62/><U66/><REACH who="1" step="1"/><E95/><REACH who="1" ten="207,193,323,267" step="2"/><V118/><F118/><W71/><G71/><T32/><D32/><AGARI ba="0,1" hai="26,28,32,55,59,60,64,67,128,129,130" m="41545" machi="32" ten="40,7700,0" yaku="19,1,14,1,10,1" doraHai="42" who="3" fromWho="0" sc="207,-77,193,0,323,0,267,87" owari="130,-37.0,193,-21.0,323,12.0,354,46.0" /></mjloggm>