<mjloggm ver="2.3"><GO type="41" lobby="0"/><UN n0="%E9%9B%B2%E9%BB%92%E4%BA%AD%E7%8F%8D%E5%A5%BD" n1="%33%E7%95%AA%44%48%E4%BA%95%E7%AB%AF" n2="%E5%9D%82%E9%81%93%E6%9D%91" n3="%E5%B0%B1%E6%B4%BB%E7%94%9F%40%E5%B7%9D%E6%9D%91%E8%BB%8D%E5%9B%A3" dan="14,13,14,17" rate="1889.17,1924.05,1959.34,2087.67" sx="M,M,M,M"/><TAIKYOKU oya="0"/><INIT seed="0,0,0,4,4,8" ten="250,250,250,250" oya="0" hai0="41,105,127,7,122,23,111,31,24,6,21,50,30" hai1="25,106,13,132,12,47,107,66,89,71,10,70,61" hai2="37,15,121,4,39,2,81,101,63,103,102,68,69" hai3="108,83,51,58,123,36,97,34,19,29,80,114,59"/><T72/><D72/><U133/><E70/><V126/><F121/><W91/><G36/><T62/><D105/><N who="1" m="39947" /><E10/><V131/><F131/><W55/><G114/><T57/><D122/><U135/><E89/><V46/><F126/><W93/><G123/><T3/><D127/><U109/><E109/><V75/><F2/><W112/><G108/><T40/><D50/><U28/><E47/><V54/><F37/><W113/><G34/><AGARI ba="0,0" hai="12,13,25,28,34,61,66,71,132,133,135" m="39947" machi="34" ten="40,5200,0" yaku="20,1,52,2" doraHai="8" who="1" fromWho="3" sc="250,0,250,52,250,0,250,-52" /><INIT seed="1,0,0,2,0,28" ten="250,302,250,198" oya="1" hai0="3,23,121,18,32,80,108,101,0,41,118,132,26" hai1="4,58,73,85,65,57,123,112,125,62,14,60,20" hai2="70,98,130,117,104,93,103,47,25,15,16,77,89" hai3="67,127,116,45,120,30,24,29,90,92,94,68,19"/><U115/><E73/><V78/><F117/><W113/><G120/><T27/><D118/><U52/><E123/><V82/><F70/><W56/><G116/><T129/><D121/><U111/><E125/><V71/><F71/><W7/><G113/><T97/><D41/><U44/><E111/><V6/><F130/><W133/><G68/><T66/><D66/><U110/><E110/><V119/><F119/><W51/><G127/><T135/><D80/><U134/><E134/><N who="0" m="51241" /><D108/><U9/><E85/><V106/><F25/><W83/><G7/><T95/><D129/><U63/><E63/><V48/><F6/><W87/><G19/><T40/><D40/><U17/><REACH who="1" step="1"/><E44/><REACH who="1" ten="250,292,250,198" step="2"/><V2/><F47/><W31/><G133/><T10/><D10/><U131/><E131/><V38/><F98/><W53/><G45/><T22/><D0/><AGARI ba="0,1" hai="0,4,9,14,17,20,52,57,58,60,62,65,112,115" machi="0" ten="30,11600,0" yaku="1,1,7,1,54,1,53,1" doraHai="28" doraHaiUra="35" who="1" fromWho="0" sc="250,-116,292,126,250,0,198,0" /><INIT seed="1,1,0,3,1,23" ten="134,418,250,198" oya="1" hai0="100,3,83,114,89,85,43,118,105,90,56,35,20" hai1="88,93,104,79,31,19,48,25,61,78,45,38,60" hai2="108,36,69,40,17,11,68,39,49,119,9,96,121" hai3="15,77,0,13,117,133,47,41,37,124,70,112,81"/><U34/><E104/><V46/><F121/><W10/><G112/><T131/><D35/><U54/><E38/><V91/><F119/><W26/><G117/><T109/><D3/><U44/><E44/><V29/><F108/><W99/><G70/><T65/><D109/><U128/><E128/><V53/><F36/><W106/><G124/><T4/><D4/><U120/><E120/><V126/><F126/><W62/><G133/><T76/><D43/><U135/><E135/><V134/><F134/><W123/><G123/><T84/><D131/><U113/><E113/><V14/><F29/><W5/><G62/><T59/><D90/><U130/><E130/><V101/><F91/><W8/><G8/><T50/><D50/><U107/><E107/><V111/><F9/><W6/><G6/><T129/><D129/><U32/><E32/><V64/><F64/><W63/><G63/><T16/><D65/><U52/><E19/><V71/><F111/><W28/><G99/><T55/><D55/><U12/><E12/><V7/><F7/><W87/><REACH who="3" step="1"/><G106/><REACH who="3" ten="134,418,250,188" step="2"/><T127/><D127/><U92/><E61/><V58/><REACH who="2" step="1"/><F71/><REACH who="2" ten="134,418,240,188" step="2"/><W98/><G98/><T94/><D118/><U103/><E103/><V21/><F21/><AGARI ba="1,2" hai="0,5,10,13,15,21,26,28,37,41,47,77,81,87" machi="21" ten="30,3900,0" yaku="1,1,7,1,52,1,53,0" doraHai="23" doraHaiUra="116" who="3" fromWho="2" sc="134,0,418,0,240,-42,188,62" /><INIT seed="2,0,0,3,1,124" ten="134,418,198,250" oya="2" hai0="18,1,72,39,20,3,44,49,14,70,115,112,128" hai1="97,13,131,43,5,60,33,22,4,108,28,21,62" hai2="85,107,134,114,58,119,2,6,95,41,99,74,26" hai3="19,29,47,81,40,65,102,109,37,130,106,127,15"/><V110/><F134/><W0/><G0/><T84/><D72/><U55/><E108/><V59/><F110/><W7/><G127/><T57/><D70/><U120/><E43/><V96/><F114/><W125/><G7/><T80/><D39/><U36/><E36/><V46/><F119/><W93/><G125/><T101/><D101/><U42/><E42/><V63/><F74/><W88/><G109/><T48/><D48/><U116/><E33/><V129/><F2/><W126/><G126/><T135/><D57/><U79/><E79/><V30/><F6/><W86/><G106/><T133/><D3/><U56/><E28/><V51/><F107/><W17/><G65/><T89/><D1/><U11/><E5/><V91/><F129/><W71/><G71/><T8/><D128/><U45/><E131/><V66/><REACH who="2" step="1"/><F58/><REACH who="2" ten="134,418,188,250" step="2"/><W32/><G130/><T35/><D135/><U78/><E116/><V9/><F9/><W121/><G121/><T53/><D133/><U77/><E11/><V10/><F10/><W67/><G32/><AGARI ba="0,1" hai="26,30,32,41,46,51,59,63,66,85,91,95,96,99" machi="32" ten="30,2900,0" yaku="1,1,7,1,53,0" doraHai="124" doraHaiUra="68" who="2" fromWho="3" sc="134,0,418,0,188,39,250,-29" /><INIT seed="2,1,0,3,4,22" ten="134,418,227,221" oya="2" hai0="105,17,133,121,36,16,110,79,35,7,2,50,63" hai1="101,92,59,62,19,0,33,78,27,42,46,93,10" hai2="83,6,34,88,86,81,74,103,112,53,64,82,116" hai3="91,31,119,43,122,131,71,99,38,73,96,70,72"/><V9/><F116/><W87/><G122/><T15/><D105/><U97/><E78/><V26/><F112/><W130/><G119/><T56/><D35/><U114/><E114/><V90/><F103/><W51/><G38/><T30/><D30/><U117/><E117/><V8/><F64/><W41/><G31/><T80/><D36/><U115/><E115/><V58/><F90/><W66/><G96/><T102/><D102/><U39/><E33/><V126/><F126/><W128/><G99/><T65/><D2/><U67/><E0/><V61/><F74/><N who="3" m="28779" /><G51/><T4/><D17/><U24/><E93/><V40/><F40/><N who="3" m="15435" /><G66/><T125/><D125/><U48/><E39/><V11/><REACH who="2" step="1"/><F6/><REACH who="2" ten="134,418,217,221" step="2"/><W54/><G54/><T60/><D121/><U111/><E101/><V3/><F3/><W109/><G109/><T108/><D7/><U44/><E111/><V13/><F13/><W14/><G14/><T94/><D4/><U1/><E1/><V68/><F68/><W29/><G71/><T129/><D110/><U95/><E67/><V75/><F75/><W45/><G70/><T77/><D108/><U132/><E132/><V135/><F135/><W106/><G131/><T21/><D133/><U118/><E118/><V23/><F23/><W84/><G130/><T76/><D129/><U32/><E32/><V134/><F134/><W85/><G91/><T25/><D15/><U113/><E113/><V107/><F107/><W104/><G128/><T124/><D124/><U20/><E20/><V89/><F89/><W49/><G106/><T47/><D65/><U55/><E55/><RYUUKYOKU ba="1,1" sc="134,-10,418,-10,217,30,221,-10" hai2="8,9,11,26,34,53,58,61,81,82,83,86,88" /><INIT seed="2,2,1,2,3,129" ten="124,408,247,211" oya="2" hai0="67,34,83,112,123,48,23,68,28,117,5,73,104" hai1="127,22,51,10,42,62,43,98,65,54,58,44,115" hai2="7,55,111,15,78,27,79,85,124,49,101,118,40" hai3="134,110,4,105,0,87,8,1,97,69,33,72,76"/><V128/><F118/><W29/><G1/><T125/><D104/><U71/><E115/><V52/><F128/><W21/><G110/><T99/><D112/><U2/><E127/><V9/><F124/><W59/><G69/><T20/><D123/><U121/><E121/><V17/><F111/><W75/><G33/><T32/><D125/><U57/><E98/><V60/><F101/><W82/><G105/><T96/><D117/><U35/><E35/><V114/><F114/><W16/><G29/><T6/><D28/><U19/><E2/><V80/><F78/><W88/><G134/><T45/><D83/><U13/><E71/><V53/><F60/><W94/><REACH who="3" step="1"/><G59/><REACH who="3" ten="124,408,247,201" step="2"/><T132/><D68/><U39/><E58/><V77/><F77/><W95/><G95/><T81/><D132/><U86/><E57/><V107/><F107/><W14/><AGARI ba="2,2" hai="0,4,8,14,16,21,72,75,76,82,87,88,94,97" machi="14" ten="20,8000,1" yaku="1,1,0,1,7,1,54,2,53,0" doraHai="129" doraHaiUra="30" who="3" fromWho="3" sc="124,-22,408,-22,247,-42,201,106" /><INIT seed="3,0,0,3,0,14" ten="102,386,205,307" oya="3" hai0="115,39,98,51,90,31,36,38,88,111,105,109,52" hai1="85,35,32,69,79,117,58,6,7,68,44,78,130" hai2="120,33,76,87,93,59,10,75,119,16,57,23,110" hai3="18,70,27,9,81,121,29,82,54,86,56,66,25"/><W104/><G121/><T53/><D53/><U118/><E44/><V64/><F120/><W1/><G104/><T128/><D31/><U116/><E58/><V60/><F119/><W91/><G70/><T65/><D65/><U0/><E130/><V5/><F33/><W132/><G132/><T123/><D123/><U99/><E99/><V15/><F110/><N who="0" m="41994" /><D128/><U131/><E131/><V95/><F75/><W37/><G37/><N who="0" m="9475" /><T4/><DORA hai="12" /><D4/><U34/><E85/><V41/><F41/><W24/><G66/><T8/><D8/><U101/><E101/><V62/><F76/><N who="1" m="29225" /><E0/><V97/><F87/><W40/><G40/><T49/><D49/><U50/><E50/><V45/><F45/><W2/><G29/><T108/><N who="0" m="42002" /><T102/><DORA hai="83" /><D115/><U124/><E68/><V129/><F97/><W122/><G122/><T126/><D126/><U47/><E69/><V125/><F125/><W20/><G2/><T30/><D30/><U77/><E124/><V67/><REACH who="2" step="1"/><F129/><REACH who="2" ten="102,386,195,307" step="2"/><W13/><G81/><T26/><D26/><AGARI ba="0,1" hai="5,10,15,16,23,26,57,59,60,62,64,67,93,95" machi="26" ten="30,16000,3" yaku="1,1,2,1,7,1,9,1,8,1,52,2,54,1,53,0" doraHai="14,12,83" doraHaiUra="28,74,127" who="2" fromWho="0" sc="102,-160,386,0,195,170,307,0" owari="-58,-56.0,386,48.0,365,17.0,307,-9.0" /></mjloggm>