<mjloggm ver="2.3"><GO type="169" lobby="0"/><UN n0="%E5%B0%B1%E6%B4%BB%E7%94%9F%40%E5%B7%9D%E6%9D%91%E8%BB%8D%E5%9B%A3" n1="%42%69%67%75" n2="%E3%83%8D%E3%83%BC%E3%83%A0%E3%83%AC%E3%82%B9%EF%BC%97" n3="%E6%88%A6%E9%97%98%E5%93%A1%EF%BC%A0%E5%B7%9D%E6%9D%91%E8%BB%8D%E5%9B%A3" dan="16,16,17,16" rate="2028.88,2074.73,2190.75,2099.32" sx="M,M,M,M"/><TAIKYOKU oya="0"/><INIT seed="0,0,0,5,2,36" ten="250,250,250,250" oya="0" hai0="127,1,14,0,10,9,27,60,86,91,55,129,19" hai1="124,83,46,84,30,66,32,12,8,26,130,50,4" hai2="75,61,56,35,98,73,107,24,67,16,57,81,131" hai3="7,87,48,42,33,20,3,110,52,63,28,41,64"/><T25/><D127/><U119/><E124/><V96/><F131/><W92/><G33/><T37/><D37/><U95/><E130/><V104/><F57/><N who="3" m="36975" /><G3/><T31/><D129/><U40/><E66/><V77/><F75/><W112/><G112/><T89/><D89/><U103/><E103/><V90/><F35/><W85/><G110/><T109/><D109/><U23/><E95/><V106/><REACH who="2" step="1"/><F90/><REACH who="2" ten="250,250,240,250" step="2"/><N who="3" m="53327" /><G7/><T97/><D1/><U118/><REACH who="1" step="1"/><E32/><REACH who="1" ten="250,240,240,250" step="2"/><V93/><F93/><W44/><G87/><T100/><D86/><U101/><E101/><V122/><F122/><W123/><G123/><T88/><D100/><U132/><E132/><V115/><F115/><W2/><G2/><T69/><D0/><U39/><E39/><V49/><F49/><W51/><G51/><T6/><D60/><U29/><E29/><V18/><F18/><W22/><G28/><T45/><D19/><U47/><E47/><V134/><F134/><W113/><G113/><T111/><D45/><U54/><E54/><V82/><F82/><W15/><G15/><T125/><D55/><U116/><E116/><V126/><F126/><W80/><G80/><T38/><D31/><U17/><E17/><V133/><F133/><W62/><G62/><T71/><D125/><U135/><E135/><V105/><N who="2" m="26624" /><DORA hai="121" /><V94/><F94/><W53/><G53/><T128/><D128/><U43/><E43/><AGARI ba="0,2" hai="20,22,41,42,43,44,48,52" m="53327,36975" machi="43" ten="30,8000,1" yaku="8,1,52,3,54,1" doraHai="36,121" who="3" fromWho="1" sc="250,0,240,-80,240,0,250,100" /><INIT seed="1,0,0,5,1,113" ten="250,160,240,350" oya="1" hai0="91,5,67,117,47,120,6,48,69,72,3,16,89" hai1="53,9,44,1,101,102,30,80,73,128,28,74,0" hai2="111,82,14,61,93,35,46,63,8,18,110,71,41" hai3="52,65,88,107,57,90,64,118,114,126,103,78,62"/><U66/><E128/><V121/><F121/><W39/><G39/><T70/><D72/><U95/><E66/><V96/><F35/><W38/><G38/><T34/><D120/><U105/><E105/><V2/><F2/><W10/><G78/><T86/><D34/><U21/><E21/><V92/><F82/><W109/><G114/><T37/><D37/><U77/><E74/><V116/><F116/><W76/><G76/><T15/><D117/><U135/><E135/><V100/><F93/><W4/><G118/><T55/><D91/><U54/><E0/><V22/><F71/><W60/><G109/><N who="2" m="41481" /><F8/><W98/><G126/><T131/><D131/><U27/><E95/><V42/><F42/><W124/><G124/><T129/><D129/><U112/><E112/><V79/><F79/><W25/><G25/><T58/><D3/><U36/><E101/><V130/><F130/><W19/><G19/><T99/><D99/><U51/><E102/><V7/><F7/><W23/><G23/><N who="0" m="11679" /><D69/><U94/><E94/><V40/><F40/><W115/><G115/><T43/><D70/><U33/><E30/><V132/><F132/><W122/><G122/><T68/><D68/><U125/><E125/><V56/><F56/><N who="3" m="36935" /><G65/><T134/><D134/><U123/><E123/><V45/><F45/><W84/><G84/><T50/><D67/><U87/><E87/><V26/><F26/><W49/><G60/><T97/><D97/><U127/><E127/><V119/><F119/><W11/><G4/><T133/><D133/><U106/><E36/><AGARI ba="0,0" hai="14,18,22,36,41,46,61,63,92,96,100" m="41481" machi="36" ten="30,1000,0" yaku="14,1" doraHai="113" who="2" fromWho="1" sc="250,0,160,-10,240,10,350,0" /><INIT seed="2,0,0,4,4,39" ten="250,150,250,350" oya="2" hai0="15,129,16,26,53,96,112,35,36,7,34,0,100" hai1="123,76,68,95,67,60,37,24,82,49,99,111,102" hai2="29,117,12,25,9,85,30,28,41,45,97,69,124" hai3="5,21,58,105,114,71,83,77,73,135,93,78,134"/><V31/><F117/><W92/><G71/><T104/><D129/><U64/><E111/><V116/><F116/><W66/><G105/><T122/><D122/><U62/><E37/><V54/><F69/><W70/><G70/><T32/><D112/><U13/><E123/><V22/><F124/><W52/><G66/><T94/><D104/><U8/><E24/><V17/><F97/><W48/><G77/><T106/><D106/><U19/><E49/><V89/><F54/><W84/><G5/><T79/><D79/><U23/><E67/><V56/><F56/><W75/><G114/><T6/><D0/><U108/><E62/><V110/><F110/><W3/><G3/><T120/><D26/><U107/><E108/><V130/><F130/><W88/><G21/><T44/><D120/><U65/><E65/><V87/><REACH who="2" step="1"/><F89/><REACH who="2" ten="250,150,240,350" step="2"/><W119/><G119/><T11/><REACH who="0" step="1"/><D53/><REACH who="0" ten="240,150,240,350" step="2"/><U50/><E76/><V101/><F101/><W38/><G78/><T63/><D63/><U43/><E102/><V91/><F91/><W40/><G88/><T10/><D10/><U113/><E8/><V98/><F98/><W133/><G52/><T74/><D74/><U51/><E99/><V18/><F18/><W125/><G73/><T86/><D86/><U126/><E19/><V57/><F57/><W2/><G75/><T4/><D4/><U46/><E113/><V47/><F47/><W59/><G84/><T118/><D118/><U42/><E46/><V27/><F27/><W127/><G59/><T90/><D90/><U103/><E68/><V72/><F72/><W61/><G58/><RYUUKYOKU ba="0,2" sc="240,15,150,-15,240,15,350,-15" hai0="6,7,11,15,16,32,34,35,36,44,94,96,100" hai2="9,12,17,22,25,28,29,30,31,41,45,85,87" /><INIT seed="2,1,2,2,3,24" ten="255,135,255,335" oya="2" hai0="48,65,105,37,112,50,33,27,78,60,103,57,62" hai1="4,79,109,17,54,115,91,131,127,92,80,49,61" hai2="29,31,28,12,106,16,88,111,130,41,119,107,71" hai3="113,123,89,55,44,25,58,134,74,45,5,101,21"/><V38/><F119/><W125/><G74/><T7/><D37/><U11/><E115/><V13/><F71/><W1/><G123/><T15/><D112/><U26/><E109/><V82/><F111/><W93/><G101/><T72/><D72/><U110/><E110/><V3/><F3/><W121/><G121/><T77/><D7/><U34/><E131/><V102/><F130/><W70/><G70/><T10/><D10/><U116/><E127/><V68/><F68/><W9/><G125/><T22/><D62/><U18/><E61/><V69/><F69/><W14/><G1/><T73/><D33/><U117/><E18/><V124/><F124/><W43/><G43/><T87/><D15/><U75/><E17/><V122/><F122/><W84/><G134/><T23/><D23/><U0/><E26/><V39/><F102/><W133/><G133/><T76/><D73/><U132/><E34/><V129/><F129/><W90/><G90/><T100/><D87/><U135/><E135/><V83/><F41/><W120/><G120/><T114/><D114/><U97/><REACH who="1" step="1"/><E132/><REACH who="1" ten="255,125,255,335" step="2"/><V99/><F16/><N who="3" m="12455" /><G113/><T98/><REACH who="0" step="1"/><D103/><REACH who="0" ten="245,125,255,335" step="2"/><U118/><E118/><V108/><F108/><W67/><G67/><T2/><D2/><U6/><E6/><V86/><F13/><W8/><G9/><T128/><D128/><U42/><E42/><V46/><F12/><W95/><G8/><T63/><D63/><U36/><E36/><V30/><F39/><W20/><G14/><T104/><D104/><U64/><E64/><V51/><N who="2" m="7168" /><DORA hai="59" /><V35/><F38/><W96/><G5/><RYUUKYOKU ba="1,4" sc="245,15,125,15,255,-15,335,-15" hai0="22,27,48,50,57,60,65,76,77,78,98,100,105" hai1="0,4,11,49,54,75,79,80,91,92,97,116,117" /><INIT seed="3,2,4,3,5,73" ten="260,140,240,320" oya="3" hai0="113,84,82,114,9,97,85,35,131,122,126,34,109" hai1="110,125,14,21,32,62,74,115,12,6,33,106,31" hai2="81,76,18,107,95,91,8,79,10,29,61,129,135" hai3="45,98,26,100,93,121,41,89,44,46,127,118,124"/><W128/><G118/><T52/><D122/><U90/><E106/><V47/><F107/><W78/><G121/><T99/><D109/><U80/><E115/><N who="0" m="44041" /><D131/><U132/><E110/><V4/><F135/><W51/><G128/><T101/><D126/><N who="3" m="48169" /><G78/><N who="2" m="29737" /><F129/><W49/><G41/><T55/><D9/><N who="2" m="3690" /><F4/><W39/><G39/><T3/><D3/><U117/><E125/><V88/><F29/><W28/><G100/><T64/><D64/><U65/><E74/><V60/><F18/><W71/><G71/><T7/><D7/><U59/><E117/><V1/><F1/><W42/><G42/><T24/><D24/><N who="1" m="16783" /><E32/><AGARI ba="2,4" hai="26,28,32,44,45,46,49,51,89,93,98" m="48169" machi="32" ten="30,1500,0" yaku="18,1" doraHai="73" who="3" fromWho="1" sc="260,0,140,-21,240,0,320,61" /><INIT seed="3,3,0,0,2,109" ten="260,119,240,381" oya="3" hai0="41,104,70,92,37,102,30,33,83,120,56,59,6" hai1="114,113,133,119,10,100,26,112,24,97,82,14,11" hai2="54,108,75,45,39,2,103,124,116,84,91,17,135" hai3="123,73,27,4,115,77,7,34,29,130,88,36,57"/><W53/><G36/><T118/><D120/><U117/><E82/><V89/><F116/><N who="1" m="44617" /><E133/><V74/><F2/><W86/><G123/><T63/><D104/><N who="1" m="63503" /><E11/><V96/><F108/><W94/><G130/><T79/><D118/><U31/><E31/><V3/><F3/><W46/><G46/><T90/><D102/><U19/><AGARI ba="3,0" hai="10,14,19,24,26,112,113,114" m="63503,44617" machi="19" ten="40,8000,1" yaku="12,1,52,3" doraHai="109" who="1" fromWho="1" sc="260,-23,119,89,240,-23,381,-43" /><INIT seed="4,0,0,3,2,92" ten="237,208,217,338" oya="0" hai0="124,5,63,127,64,68,32,89,3,82,65,55,61" hai1="128,113,34,0,28,59,46,45,120,37,42,121,69" hai2="100,94,81,96,125,70,20,129,97,77,86,123,90" hai3="6,62,66,10,71,30,27,87,9,48,52,33,118"/><T111/><D32/><U95/><E0/><V58/><F70/><W49/><G118/><T101/><D3/><U57/><E28/><V93/><F123/><W134/><G48/><T1/><D1/><U79/><E34/><V115/><F115/><W4/><G134/><T47/><D5/><U38/><E79/><V80/><F129/><W16/><G9/><T130/><D101/><U116/><E95/><V133/><F133/><W8/><G8/><T40/><D82/><U21/><E21/><V102/><F125/><N who="0" m="48202" /><D89/><U78/><E78/><N who="2" m="46391" /><F20/><W75/><G75/><T88/><D88/><U107/><E107/><V36/><F36/><W99/><G99/><T11/><D11/><U39/><E116/><V18/><F18/><W131/><G87/><T19/><D19/><U7/><E7/><V50/><F50/><W14/><G131/><T112/><D130/><U67/><E128/><V122/><F58/><AGARI ba="0,0" hai="4,6,10,14,16,27,30,33,49,52,58,62,66,71" machi="58" ten="30,3900,0" yaku="7,1,54,2" doraHai="92" who="3" fromWho="2" sc="237,0,208,0,217,-39,338,39" /><INIT seed="5,0,0,5,5,10" ten="237,208,178,377" oya="1" hai0="127,99,96,22,59,113,32,74,46,102,107,91,104" hai1="53,43,73,16,103,121,132,23,56,37,90,62,12" hai2="67,45,44,110,72,128,120,48,63,42,86,81,65" hai3="27,133,119,114,108,52,95,117,35,13,94,131,112"/><U80/><E132/><V40/><F110/><W118/><G108/><T109/><D74/><U130/><E121/><V89/><F120/><W30/><G133/><T69/><D32/><U71/><E130/><V93/><F128/><W14/><G52/><T0/><D69/><U29/><E37/><V54/><F72/><W77/><G77/><T20/><D0/><U7/><E43/><V9/><F93/><N who="3" m="35339" /><G131/><T129/><D113/><AGARI ba="0,0" hai="13,14,27,30,35,112,113,114,117,118,119" m="35339" machi="113" ten="40,8000,1" yaku="15,1,12,1,52,2" doraHai="10" who="3" fromWho="0" sc="237,-80,208,0,178,0,377,80" /><INIT seed="6,0,0,2,5,107" ten="157,208,178,457" oya="2" hai0="5,125,62,82,66,115,78,113,73,21,51,122,24" hai1="37,108,128,118,8,70,77,29,23,100,56,89,86" hai2="134,87,123,96,109,16,94,117,32,28,112,85,84" hai3="81,127,97,38,7,132,40,17,67,4,131,0,105"/><V3/><F117/><W91/><G17/><T63/><D122/><U44/><E70/><V124/><F123/><W129/><G67/><T99/><D125/><U2/><E108/><V10/><F124/><W65/><G65/><T20/><D5/><U42/><E100/><V25/><F109/><W101/><G81/><T114/><D21/><U34/><E34/><V106/><F106/><W64/><G91/><T135/><D135/><U58/><E128/><V75/><F134/><W69/><G64/><T116/><D116/><U57/><E2/><V90/><F112/><W50/><G69/><T11/><D11/><U22/><E8/><V121/><F121/><W126/><G50/><T14/><D14/><U133/><E133/><V71/><F71/><W9/><G7/><T120/><D120/><U48/><E77/><V35/><F35/><W27/><G27/><T88/><D51/><U1/><E1/><V26/><F75/><W93/><G105/><T68/><D63/><U110/><E110/><V30/><F3/><W119/><G119/><T83/><D83/><U46/><E29/><N who="2" m="11371" /><F32/><W76/><G132/><T36/><D36/><U15/><E118/><V104/><F104/><W74/><G74/><T41/><D41/><N who="1" m="24591" /><E15/><AGARI ba="0,0" hai="10,15,16,25,26,84,85,87,90,94,96" m="11371" machi="15" ten="30,2900,0" yaku="8,1,54,1" doraHai="107" who="2" fromWho="1" sc="157,0,208,-29,178,29,457,0" /><INIT seed="6,1,0,5,5,47" ten="157,179,207,457" oya="2" hai0="88,46,110,44,60,68,14,19,103,13,122,71,35" hai1="91,54,109,130,2,12,76,99,83,37,120,40,84" hai2="59,96,78,100,39,31,22,128,7,36,134,51,75" hai3="43,65,4,41,24,21,56,27,92,3,101,74,95"/><V93/><F134/><W11/><G27/><T67/><D110/><U89/><E2/><V102/><F128/><W58/><G74/><T9/><D122/><U123/><E109/><V85/><F75/><W116/><G56/><T129/><D35/><U118/><E40/><V132/><F132/><W135/><G92/><T73/><D73/><U49/><E37/><V125/><F125/><W45/><G116/><T79/><D71/><U33/><E118/><V104/><F7/><W114/><G114/><T81/><D129/><U127/><E33/><V98/><F31/><W70/><G70/><T124/><D124/><U113/><E130/><V115/><F22/><W5/><G45/><T90/><D103/><U97/><E127/><V23/><F23/><W94/><G94/><T1/><D1/><U26/><E26/><V38/><F115/><W52/><G21/><T63/><D13/><U112/><E12/><V105/><F93/><W18/><G95/><T66/><D46/><N who="1" m="27959" /><E112/><V32/><F32/><W53/><G5/><T72/><D44/><U20/><E20/><V50/><F59/><W6/><G58/><T121/><D121/><N who="1" m="46667" /><E113/><V107/><F107/><W86/><G6/><T80/><D80/><AGARI ba="1,0" hai="36,38,39,50,51,78,80,85,96,98,100,102,104,105" machi="80" ten="40,7700,0" yaku="9,1,52,2" doraHai="47" who="2" fromWho="0" sc="157,-80,179,0,207,80,457,0" /><INIT seed="6,2,0,4,2,54" ten="77,179,287,457" oya="2" hai0="62,66,41,19,63,24,116,71,117,2,134,40,135" hai1="59,55,56,42,82,132,23,64,48,115,3,99,87" hai2="50,45,102,10,52,79,114,15,97,6,122,9,89" hai3="96,1,100,76,31,35,85,93,88,36,38,91,72"/><V107/><F122/><W20/><G1/><T80/><D19/><U28/><E3/><V110/><F114/><W86/><G35/><T69/><D24/><N who="1" m="16415" /><E115/><V120/><F120/><W4/><G4/><T18/><D18/><U67/><E42/><N who="0" m="16489" /><D2/><U83/><E83/><V119/><F119/><N who="0" m="45642" /><D80/><U84/><E84/><V13/><F110/><W25/><G72/><T30/><D30/><U126/><E126/><V7/><F79/><W103/><G76/><T133/><D66/><N who="1" m="25131" /><E99/><V118/><F118/><W29/><G29/><T77/><D77/><N who="1" m="46543" /><E132/><N who="0" m="33793" /><T32/><DORA hai="46" /><D32/><U39/><E39/><V21/><F89/><W16/><G38/><T33/><D33/><U0/><E0/><V74/><F21/><W113/><G36/><T92/><D92/><U123/><E123/><V95/><F74/><W105/><G93/><AGARI ba="2,0" hai="6,7,9,10,13,15,45,50,52,93,95,97,102,107" machi="93" ten="40,7700,0" yaku="9,1,52,1,54,1" doraHai="54,46" who="2" fromWho="3" sc="77,0,179,0,287,83,457,-83" /><INIT seed="6,3,0,3,0,111" ten="77,179,370,374" oya="2" hai0="132,133,108,7,75,25,4,116,64,1,66,58,30" hai1="78,5,0,72,2,14,110,27,86,113,126,22,77" hai2="49,135,80,97,29,26,117,131,76,57,94,91,83" hai3="127,82,10,120,109,37,46,23,119,17,13,87,45"/><V99/><F117/><W3/><G119/><T6/><D75/><U34/><E72/><V69/><F69/><W59/><G109/><T51/><D116/><U65/><E110/><V38/><F38/><W104/><G104/><T56/><D108/><U19/><E65/><V36/><F36/><W73/><G120/><T118/><D118/><U90/><E126/><V101/><F135/><W39/><G73/><T84/><D84/><U95/><E113/><V12/><F131/><W121/><G121/><T115/><D51/><U67/><E67/><N who="0" m="25641" /><D25/><U52/><E0/><V28/><F76/><W134/><G134/><N who="0" m="51819" /><D30/><N who="2" m="11882" /><F26/><W100/><G127/><T54/><D54/><U40/><E40/><V125/><F125/><W130/><G130/><T114/><D1/><U24/><E34/><V18/><F99/><W103/><G3/><T41/><D41/><U98/><E2/><V31/><F31/><W60/><G39/><T88/><D88/><N who="1" m="55655" /><E52/><N who="2" m="31887" /><F91/><N who="3" m="51703" /><G37/><T106/><D106/><U123/><E123/><V33/><F33/><W107/><G107/><T43/><D43/><U11/><E24/><V68/><F68/><W85/><G85/><T15/><D15/><U89/><E89/><V129/><F129/><W20/><G103/><T50/><D50/><U79/><E79/><V16/><F18/><W9/><G17/><T122/><D122/><U21/><E21/><AGARI ba="3,0" hai="12,16,21,80,83,94,97,101" m="31887,11882" machi="21" ten="30,5800,0" yaku="8,1,54,2" doraHai="111" who="2" fromWho="1" sc="77,0,179,-67,370,67,374,0" /><INIT seed="6,4,0,5,4,81" ten="77,112,437,374" oya="2" hai0="122,10,26,64,65,84,44,8,9,22,102,95,113" hai1="101,11,103,83,117,91,21,86,89,13,24,48,67" hai2="105,31,92,121,6,127,99,2,75,16,112,135,29" hai3="132,42,38,104,129,17,106,52,50,36,41,73,119"/><V51/><F121/><W98/><G119/><T59/><D122/><U93/><E67/><V35/><F75/><W43/><G73/><T39/><D113/><U88/><E48/><V78/><F105/><W80/><G132/><T15/><D39/><U3/><E3/><V69/><F69/><W90/><G129/><T37/><D37/><U61/><E61/><V12/><F112/><W58/><G36/><T18/><D44/><U25/><E91/><V53/><F135/><W97/><G38/><T5/><D102/><U114/><E114/><V87/><F127/><W120/><G120/><T134/><D134/><U55/><E55/><V34/><F6/><W130/><G130/><T14/><D59/><U77/><E89/><N who="2" m="55695" /><F2/><W62/><G106/><T123/><D123/><U28/><E24/><V107/><F35/><W0/><G0/><T33/><D33/><U23/><E23/><N who="2" m="11655" /><F107/><W128/><G128/><T19/><D9/><U115/><E115/><V56/><F34/><W32/><G32/><T70/><D70/><U7/><E117/><V72/><F72/><AGARI ba="4,0" hai="7,11,13,21,25,28,72,77,83,86,88,93,101,103" machi="72" ten="30,3900,0" yaku="7,1,52,1,54,1" doraHai="81" who="1" fromWho="2" sc="77,0,112,51,437,-51,374,0" /><INIT seed="7,0,0,0,0,103" ten="77,163,386,374" oya="3" hai0="92,81,129,19,10,42,51,126,61,5,77,120,79" hai1="31,99,20,30,111,88,36,0,1,105,133,97,38" hai2="110,106,73,16,78,32,52,15,86,114,65,3,14" hai3="96,60,6,124,29,132,46,13,74,121,93,17,113"/><W69/><G121/><T24/><D120/><U41/><E111/><V123/><F110/><W55/><G74/><T7/><D126/><U39/><E41/><V34/><F123/><W72/><G72/><T118/><D129/><U25/><E31/><V27/><F3/><W82/><G124/><T109/><D118/><U100/><E133/><V80/><F106/><W64/><G132/><T59/><D109/><U94/><AGARI ba="0,0" hai="0,1,20,25,30,36,38,39,88,94,97,99,100,105" machi="94" ten="40,5200,0" yaku="0,1,52,1,54,1" doraHai="103" who="1" fromWho="1" sc="77,-13,163,52,386,-13,374,-26" owari="64,-44.0,215,-18.0,373,47.0,348,15.0" /></mjloggm>