<mjloggm ver="2.3"><GO type="97" lobby="0"/><UN n0="%E6%9D%B1%E9%A2%A8%E7%A5%9E%59%75%75%6B%69" n1="%53%72%61%6D" n2="%E3%83%88%E3%83%88%E3%83%AA%E5%85%88%E7%94%9F%31%39%E6%AD%B3" n3="%47%E3%83%A8%E9%BE%8D%E9%96%80" dan="13,14,14,17" rate="1906.17,1938.27,2024.55,2101.65" sx="F,M,F,M"/><TAIKYOKU oya="0"/><INIT seed="0,0,0,2,3,119" ten="250,250,250,250" oya="0" hai0="103,43,34,86,50,47,85,123,52,115,131,77,41" hai1="58,101,29,53,89,28,17,73,7,37,38,82,112" hai2="60,15,124,134,25,99,55,59,57,133,61,132,122" hai3="129,92,127,11,116,33,40,12,56,42,90,8,81"/><T100/><D123/><U4/><E112/><V93/><F25/><W23/><G116/><T68/><D115/><U20/><E101/><N who="0" m="38985" /><D68/><U113/><E113/><V130/><F15/><W32/><G127/><T51/><D34/><U46/><E38/><V98/><F93/><W109/><G129/><T67/><D131/><U106/><E106/><V71/><F130/><W49/><G81/><N who="0" m="47279" /><D67/><U114/><E114/><V110/><F124/><W2/><G109/><T14/><D14/><N who="1" m="9271" /><E73/><V45/><F71/><W80/><G80/><T3/><D3/><U13/><E37/><V0/><F0/><W30/><G2/><T72/><D72/><U24/><E46/><V87/><F87/><N who="3" m="52319" /><G33/><T39/><D39/><U54/><E24/><V105/><F105/><W19/><G30/><N who="1" m="11882" /><E82/><V48/><F110/><W69/><G32/><T84/><D41/><N who="3" m="15977" /><G69/><T104/><D104/><U26/><E26/><V70/><F70/><W88/><G88/><T126/><D126/><U74/><E89/><V94/><F94/><W44/><G56/><AGARI ba="0,0" hai="43,47,50,51,52,56,84,86" m="47279,38985" machi="56" ten="30,2900,0" yaku="8,1,54,1" doraHai="119" who="0" fromWho="3" sc="250,29,250,0,250,0,250,-29" /><INIT seed="0,1,0,3,4,45" ten="279,250,250,221" oya="0" hai0="63,121,15,102,84,127,46,65,62,86,103,26,71" hai1="48,96,97,119,64,10,58,113,134,0,81,31,123" hai2="11,122,111,19,35,66,37,98,79,14,56,128,68" hai3="42,109,60,40,9,36,50,77,105,23,75,13,21"/><T92/><D121/><U8/><E119/><V27/><F122/><W93/><G105/><T80/><D127/><U34/><E123/><V6/><F37/><W7/><G109/><T76/><D26/><U99/><E134/><V110/><F68/><W52/><G36/><T67/><D46/><U117/><E117/><V100/><F128/><W59/><G75/><T2/><D2/><U22/><E34/><V133/><F133/><W126/><G126/><T43/><D43/><N who="3" m="16425" /><G77/><T47/><D47/><U44/><E0/><V112/><F79/><W74/><G74/><T87/><D15/><U38/><E38/><V61/><F112/><W83/><G83/><T12/><D12/><U70/><E81/><V1/><F27/><W41/><N who="3" m="16433" /><W5/><DORA hai="135" /><G5/><T20/><D20/><N who="3" m="7753" /><G93/><T107/><D107/><U125/><E70/><V32/><F6/><W104/><G104/><T94/><D92/><U118/><E113/><V116/><F116/><W49/><AGARI ba="1,0" hai="7,9,13,49,50,52,59,60" m="7753,16433" machi="49" ten="40,8000,1" yaku="8,1,52,2,54,1" doraHai="45,135" who="3" fromWho="3" sc="279,-41,250,-21,250,-21,221,83" /><INIT seed="1,0,0,4,2,20" ten="238,229,229,304" oya="1" hai0="107,134,58,3,67,22,125,81,103,62,34,33,118" hai1="9,57,43,127,54,72,15,49,31,27,40,30,122" hai2="51,100,39,88,45,24,132,113,5,130,76,104,131" hai3="36,55,38,109,123,0,46,120,74,37,90,23,35"/><U95/><E122/><V65/><F39/><W29/><G35/><T94/><D118/><U44/><E72/><V61/><F132/><W69/><G69/><T1/><D107/><U82/><E127/><V47/><F113/><W80/><G109/><T8/><D134/><U68/><E68/><V79/><F5/><W91/><G0/><T25/><D125/><U26/><E82/><V83/><F100/><W7/><G7/><T64/><D64/><U52/><E95/><V2/><F2/><W110/><G110/><T63/><D63/><N who="1" m="36263" /><E9/><V96/><F104/><W59/><G46/><T89/><D33/><U12/><E40/><N who="2" m="24999" /><F47/><W16/><G29/><N who="1" m="10762" /><E43/><V116/><F116/><W10/><G10/><T112/><D34/><U19/><E19/><V108/><F108/><W101/><G123/><T21/><D8/><U126/><E126/><V78/><F65/><W135/><G120/><T48/><D67/><U4/><E4/><V56/><F83/><W66/><G66/><T105/><D81/><U17/><E17/><V42/><F42/><W41/><G41/><T106/><D105/><U50/><E50/><V84/><F61/><N who="3" m="36095" /><G135/><T129/><D106/><U71/><E71/><V18/><F56/><W121/><G121/><T119/><D58/><U128/><E128/><V102/><F130/><W111/><G111/><T87/><D129/><U93/><E93/><N who="2" m="58639" /><F131/><W14/><G74/><T13/><D1/><U99/><E99/><V124/><F124/><W6/><G80/><T133/><D3/><U53/><E53/><V85/><F88/><N who="3" m="33835" /><G6/><T98/><D119/><U86/><E86/><RYUUKYOKU ba="0,0" sc="238,-30,229,10,229,10,304,10" hai1="12,15,26,27,44,49,54" hai2="18,24,76,78,79,84,85" hai3="14,16,23,36,37,38,101" /><INIT seed="1,1,0,0,2,37" ten="208,239,239,314" oya="1" hai0="22,41,90,26,115,107,8,76,16,69,4,63,42" hai1="111,125,112,5,131,84,101,10,50,14,62,74,43" hai2="98,21,45,59,38,122,106,113,79,110,48,65,129" hai3="116,134,128,105,61,109,35,31,49,36,94,47,15"/><U73/><E112/><V9/><F122/><W34/><G105/><T6/><D115/><U0/><E0/><V1/><F113/><W13/><G36/><T44/><D107/><U75/><E125/><V68/><F68/><W3/><G3/><T55/><D76/><U132/><E132/><V70/><F70/><W71/><G128/><T130/><D130/><U57/><E131/><V53/><F129/><W108/><G116/><T66/><D90/><U119/><E119/><V135/><F135/><W91/><G134/><T7/><D44/><U121/><E121/><V12/><F1/><W126/><G126/><T54/><D54/><U92/><E111/><V89/><F110/><W72/><G72/><T83/><D83/><U102/><E84/><V17/><F79/><W20/><G35/><T99/><D99/><U28/><E92/><N who="2" m="56591" /><F38/><W32/><G32/><T77/><D77/><U104/><E28/><V100/><F100/><W52/><G34/><T40/><REACH who="0" step="1"/><D55/><REACH who="0" ten="198,239,239,314" step="2"/><U11/><E104/><V29/><F106/><W56/><G108/><T124/><D124/><U51/><E102/><V97/><F97/><W93/><G109/><T67/><D67/><U81/><E101/><V86/><F86/><W33/><G91/><T25/><D25/><U23/><E81/><V39/><F65/><W95/><G94/><T60/><D60/><U80/><E80/><V82/><F82/><W2/><G95/><T46/><D46/><N who="1" m="25951" /><E75/><V58/><F39/><W30/><G93/><T87/><D87/><U127/><E74/><V19/><F45/><N who="3" m="27695" /><G61/><T27/><D27/><U64/><E73/><RYUUKYOKU ba="1,1" sc="198,30,239,-10,239,-10,314,-10" hai0="4,6,7,8,16,22,26,40,41,42,63,66,69" /><INIT seed="2,2,1,5,3,6" ten="228,229,229,304" oya="2" hai0="45,84,63,79,135,33,107,58,19,9,8,29,20" hai1="39,70,102,34,71,115,130,116,92,108,80,106,13" hai2="121,60,10,48,68,122,85,52,16,134,127,54,49" hai3="119,98,35,41,36,72,86,118,59,55,120,37,30"/><V90/><F134/><W18/><G72/><T11/><D107/><U50/><E39/><V83/><F127/><W31/><G120/><T51/><D135/><U64/><E34/><V93/><F68/><W73/><G73/><T88/><D79/><U15/><E116/><V57/><F93/><W113/><G113/><T5/><D33/><U103/><E115/><V21/><F10/><W89/><G98/><T78/><D78/><U132/><E132/><V128/><F128/><W62/><G36/><T69/><D69/><U124/><E106/><V129/><F129/><W32/><G32/><T46/><D29/><U40/><E80/><V114/><F114/><W101/><G101/><T87/><D51/><U111/><E124/><V67/><F67/><W26/><G31/><T117/><D87/><U97/><E64/><V61/><F121/><W76/><G76/><T42/><D42/><U23/><E130/><V131/><F122/><W66/><G66/><N who="0" m="39287" /><D5/><U77/><E77/><V125/><F125/><W0/><G0/><T133/><D133/><U56/><E71/><V94/><F83/><W22/><G41/><T81/><D117/><U1/><E70/><V43/><F43/><W38/><G119/><T7/><D7/><U104/><E1/><V25/><F131/><W126/><G118/><T82/><D82/><U3/><E3/><V75/><F75/><W91/><G126/><T24/><AGARI ba="2,1" hai="8,9,11,19,20,24,45,46,81,84,88" m="39287" machi="24" ten="30,8000,1" yaku="8,1,52,3,54,1" doraHai="6" who="0" fromWho="0" sc="228,96,229,-22,229,-42,304,-22" /><INIT seed="3,0,0,5,1,7" ten="324,207,187,282" oya="3" hai0="12,128,104,29,5,59,105,94,44,36,135,70,89" hai1="4,23,111,3,82,93,8,114,6,45,31,16,56" hai2="74,35,96,95,49,46,57,20,113,119,71,126,51" hai3="30,102,64,25,91,37,88,117,118,83,19,15,41"/><W67/><G102/><T127/><D29/><U121/><E114/><V80/><F113/><W132/><G132/><T40/><D70/><U100/><E121/><V0/><F119/><W98/><G37/><T39/><D128/><U13/><E111/><V53/><F35/><W130/><G41/><T43/><D135/><U77/><E45/><V120/><F71/><W52/><G130/><T69/><D59/><U14/><E56/><V84/><F120/><W87/><G117/><T48/><D69/><U63/><E63/><V60/><F74/><W24/><G30/><T9/><D127/><U54/><E54/><V110/><F0/><W134/><G134/><T61/><D61/><U103/><E93/><V50/><F110/><W99/><G118/><T124/><D124/><U97/><E97/><N who="3" m="36874" /><G91/><T68/><D68/><U78/><E3/><V32/><F32/><W109/><G109/><T92/><D43/><U101/><E31/><V116/><F116/><W2/><G2/><T42/><D89/><U115/><E115/><V107/><F107/><W62/><G67/><T27/><D42/><U72/><REACH who="1" step="1"/><E78/><REACH who="1" ten="324,197,187,282" step="2"/><N who="2" m="46103" /><F126/><W108/><G108/><T22/><D92/><U133/><E133/><V17/><F46/><W28/><G28/><N who="0" m="17527" /><D94/><U125/><E125/><V90/><F60/><W26/><G62/><T123/><D123/><U65/><E65/><V33/><F33/><W58/><G64/><T1/><D1/><U10/><E10/><V129/><F129/><W112/><G112/><T18/><D44/><U106/><E106/><V86/><F96/><W73/><G58/><T66/><D105/><RYUUKYOKU ba="0,1" sc="324,-15,197,15,187,15,282,-15" hai1="4,6,8,13,14,16,23,72,77,82,100,101,103" hai2="17,20,49,50,51,53,57,86,90,95" owari="319,42.0,212,-19.0,202,-30.0,267,7.0" /></mjloggm>