<mjloggm ver="2.3"><GO type="97" lobby="0"/><UN n0="%E5%B0%B1%E6%B4%BB%E7%94%9F%40%E5%B7%9D%E6%9D%91%E8%BB%8D%E5%9B%A3" n1="%EF%BC%AD%EF%BC%A6%E3%83%99%E3%83%83%E3%82%AB%E3%83%A0" n2="%E3%81%82%E3%82%8F%E3%81%82%E3%82%8F%E2%98%86" n3="%E6%A1%83%E5%A4%A9%E9%AF%89" dan="14,14,14,13" rate="1998.03,1909.06,1904.44,1994.40" sx="M,M,F,M"/><TAIKYOKU oya="0"/><INIT seed="0,0,0,3,2,91" ten="250,250,250,250" oya="0" hai0="115,16,113,123,116,9,42,55,76,36,17,53,40" hai1="114,106,127,87,135,78,57,83,112,79,95,103,92" hai2="30,11,68,59,18,10,119,38,124,62,90,110,33" hai3="69,93,129,63,35,133,108,49,8,56,99,64,80"/><T67/><D116/><U58/><E127/><V75/><F119/><W29/><G133/><T107/><D107/><U48/><E135/><V109/><F124/><W65/><G129/><T20/><D123/><U14/><E14/><V82/><F68/><W39/><G39/><T4/><D76/><N who="1" m="46567" /><E48/><V111/><F38/><W89/><G108/><T100/><D100/><U84/><E58/><V134/><F134/><W1/><G80/><T72/><D72/><U21/><E57/><V5/><F18/><W47/><G29/><T51/><D67/><U66/><E21/><V128/><F128/><W12/><G35/><T94/><D94/><N who="1" m="35883" /><E66/><N who="2" m="39263" /><F75/><W74/><G74/><T24/><D55/><U130/><E130/><V2/><F11/><W54/><G1/><T50/><D51/><U77/><E84/><N who="2" m="50455" /><F33/><W22/><G22/><N who="0" m="13383" /><D36/><U73/><E73/><V102/><F102/><W41/><REACH who="3" step="1"/><G69/><REACH who="3" ten="250,250,250,240" step="2"/><T131/><D131/><U70/><E70/><V26/><F111/><W126/><G126/><T105/><D113/><N who="1" m="43627" /><E103/><V27/><F110/><W0/><G0/><T121/><D115/><U97/><E97/><V86/><F109/><W81/><G81/><T96/><D96/><U13/><E13/><V32/><F2/><W15/><G15/><N who="0" m="5543" /><D20/><U46/><E46/><V25/><F32/><W44/><G44/><T104/><D42/><U132/><E132/><V98/><F98/><W125/><G125/><T101/><D40/><U118/><E118/><V88/><F86/><W45/><G45/><T34/><D101/><U7/><E7/><AGARI ba="0,1" hai="7,8,12,41,47,49,54,56,63,64,65,89,93,99" machi="7" ten="30,7700,0" yaku="1,1,7,1,8,1,52,1,53,0" doraHai="91" doraHaiUra="122" who="3" fromWho="1" sc="250,0,250,-77,250,0,240,87" /><INIT seed="1,0,0,1,4,71" ten="250,173,250,327" oya="1" hai0="22,118,102,26,20,128,4,66,72,121,34,75,101" hai1="134,0,45,15,77,29,88,124,27,108,84,51,14" hai2="83,96,120,106,35,116,52,114,41,130,59,86,53" hai3="60,70,131,32,57,104,122,56,97,24,19,44,117"/><U61/><E0/><V99/><F116/><W64/><G122/><T47/><D118/><U25/><E134/><V11/><F120/><W16/><G131/><T10/><D121/><U2/><E2/><V103/><F130/><W87/><G117/><T132/><D128/><U65/><E124/><V95/><F114/><W125/><G125/><T33/><D132/><U100/><E77/><V90/><F35/><W74/><G74/><T36/><D66/><U69/><E100/><V68/><F68/><W58/><G87/><T105/><D22/><U7/><E108/><V127/><F127/><W67/><G44/><T115/><D115/><U50/><E50/><V46/><F11/><W98/><G98/><T40/><D34/><U3/><E3/><V62/><F53/><W5/><G5/><T76/><D33/><U9/><E15/><V112/><F112/><W38/><G38/><T78/><D78/><U8/><E8/><V89/><F46/><W55/><G55/><T13/><D105/><U79/><E29/><V31/><REACH who="2" step="1"/><F41/><REACH who="2" ten="250,173,240,327" step="2"/><W92/><G67/><T28/><D75/><U123/><E123/><V133/><F133/><W129/><G129/><T12/><D72/><U85/><E85/><V80/><F80/><W93/><G32/><T48/><D76/><U82/><REACH who="1" step="1"/><E79/><REACH who="1" ten="250,163,240,327" step="2"/><V91/><F91/><W17/><G24/><T42/><D101/><U54/><AGARI ba="0,2" hai="7,9,14,25,27,45,51,54,61,65,69,82,84,88" machi="54" ten="20,12000,1" yaku="1,1,2,1,0,1,7,1,54,1,53,0" doraHai="71" doraHaiUra="94" who="1" fromWho="1" sc="250,-40,163,140,240,-40,327,-40" /><INIT seed="1,1,0,3,0,90" ten="210,303,200,287" oya="1" hai0="46,116,59,21,16,55,125,17,64,127,109,29,38" hai1="81,97,27,40,50,113,82,7,133,73,70,96,22" hai2="2,65,106,92,99,75,63,23,107,134,57,34,54" hai3="71,3,61,68,120,76,32,58,119,124,83,60,77"/><U135/><E113/><V19/><F34/><W100/><G120/><T1/><D1/><U39/><E70/><V118/><F75/><W36/><G32/><T121/><D116/><U84/><E39/><V67/><F118/><W13/><G3/><T25/><D121/><U6/><E50/><V52/><F2/><W122/><G119/><T43/><D109/><U117/><E40/><V93/><F134/><N who="1" m="51209" /><E117/><V12/><F93/><W10/><G36/><T62/><REACH who="0" step="1"/><D64/><REACH who="0" ten="200,303,200,287" step="2"/><N who="2" m="24650" /><F107/><W112/><G122/><T44/><D44/><U87/><E73/><V98/><F106/><W91/><G112/><T128/><D128/><U85/><E82/><V129/><F129/><W30/><G68/><T78/><D78/><U20/><E81/><V18/><F54/><W130/><G77/><T47/><D47/><U45/><E45/><V14/><F92/><W114/><G76/><T41/><D41/><U72/><E72/><V51/><F51/><W15/><G83/><T4/><D4/><N who="1" m="1579" /><E27/><V126/><F126/><AGARI ba="1,1" hai="16,17,21,25,29,38,43,46,55,59,62,125,126,127" machi="126" ten="40,5200,0" yaku="1,1,18,1,54,1,53,0" doraHai="90" doraHaiUra="0" who="0" fromWho="2" sc="200,65,303,0,200,-55,287,0" /><INIT seed="2,0,0,3,2,123" ten="265,303,145,287" oya="2" hai0="36,96,93,135,101,39,22,29,50,132,76,72,24" hai1="109,5,63,126,118,33,89,94,12,67,130,57,59" hai2="19,4,20,79,18,40,60,56,116,75,64,35,90" hai3="77,42,111,114,9,55,107,97,85,128,32,13,11"/><V120/><F116/><W108/><G32/><T121/><D121/><U25/><E109/><N who="3" m="42058" /><G114/><T83/><REACH who="0" step="1"/><D50/><REACH who="0" ten="255,303,145,287" step="2"/><U113/><E118/><V17/><F120/><W68/><G128/><T10/><D10/><U15/><E113/><V110/><F110/><W91/><G11/><T80/><D80/><U48/><E130/><V66/><F35/><W100/><G77/><T122/><D122/><U88/><E126/><V37/><F79/><W78/><G78/><T27/><D27/><U53/><E5/><V8/><F20/><W2/><G2/><T65/><D65/><U46/><E25/><V41/><F66/><W98/><G98/><T34/><D34/><U3/><E33/><V58/><F75/><W73/><G73/><T99/><D99/><N who="1" m="57799" /><E3/><V0/><F37/><AGARI ba="0,1" hai="22,24,29,36,37,39,72,76,83,93,96,101,132,135" machi="37" ten="40,1300,0" yaku="1,1,53,0" doraHai="123" doraHaiUra="28" who="0" fromWho="2" sc="255,23,303,0,145,-13,287,0" /><INIT seed="3,0,0,4,2,26" ten="278,303,132,287" oya="3" hai0="81,97,78,90,100,132,11,76,61,33,112,67,1" hai1="126,127,91,108,43,77,18,0,38,58,89,121,95" hai2="107,85,5,21,102,15,7,53,44,34,119,62,65" hai3="86,30,98,117,17,55,73,99,60,111,74,48,79"/><W3/><G117/><T110/><D33/><U22/><E0/><V8/><F34/><W63/><G3/><T28/><D28/><U46/><E121/><V39/><F119/><W47/><G86/><N who="0" m="50511" /><D11/><U42/><E108/><V68/><F5/><W75/><G111/><T19/><D19/><U69/><E69/><V41/><F85/><W54/><G79/><N who="0" m="30251" /><D61/><U45/><E58/><V103/><F107/><W36/><G36/><T10/><D67/><U2/><E77/><V72/><F72/><W128/><G128/><T32/><D10/><U80/><E80/><V40/><F40/><W92/><G30/><T134/><D32/><U14/><E2/><V64/><F64/><W31/><G31/><T4/><D4/><U9/><E9/><V24/><REACH who="2" step="1"/><F53/><REACH who="2" ten="278,303,122,287" step="2"/><W66/><G55/><T49/><D1/><U123/><E123/><V52/><F52/><W133/><G60/><T104/><D49/><U94/><E127/><V109/><F109/><W57/><G133/><N who="0" m="51307" /><D110/><U6/><E126/><V125/><F125/><W29/><G17/><AGARI ba="0,1" hai="7,8,15,17,21,24,39,41,44,62,65,68,102,103" machi="17" ten="30,3900,0" yaku="1,1,7,1,53,1" doraHai="26" doraHaiUra="12" who="2" fromWho="3" sc="278,0,303,0,122,49,287,-39" owari="278,8.0,303,40.0,171,-33.0,248,-15.0" /></mjloggm>