<mjloggm ver="2.3"><GO type="41" lobby="0"/><UN n0="%E5%8D%97%E6%B5%A6%E6%95%B8%E7%B5%B5" n1="%E5%B0%B1%E6%B4%BB%E7%94%9F%40%E5%B7%9D%E6%9D%91%E8%BB%8D%E5%9B%A3" n2="%E8%8D%92%E5%9F%8E" n3="%70%6F%6E%73%68%75" dan="14,15,13,15" rate="1883.79,2001.40,1919.23,2025.25" sx="M,M,M,M"/><TAIKYOKU oya="0"/><INIT seed="0,0,0,0,0,13" ten="250,250,250,250" oya="0" hai0="79,19,26,102,132,116,133,54,61,47,110,15,2" hai1="124,108,10,6,72,24,62,120,5,11,31,53,101" hai2="8,83,55,50,92,17,16,43,127,91,115,7,80" hai3="21,37,1,134,99,106,68,125,81,57,87,131,104"/><T77/><D116/><U41/><E120/><V48/><F115/><W93/><G68/><T114/><D114/><U113/><E72/><V39/><F39/><W63/><G37/><T28/><D2/><U32/><E113/><V51/><F127/><W23/><G1/><T29/><D102/><U33/><E124/><V34/><F34/><W22/><G134/><N who="0" m="51819" /><D110/><U119/><E119/><V94/><F43/><W128/><G125/><T14/><D29/><U129/><E108/><V56/><F94/><W84/><G81/><N who="2" m="31305" /><F7/><W74/><G74/><T98/><D98/><U35/><E129/><V25/><F25/><W18/><G106/><T49/><D61/><U30/><E101/><V103/><F103/><W75/><G75/><T111/><D111/><U73/><E73/><V69/><F69/><W100/><G104/><T0/><D0/><N who="1" m="295" /><E41/><V67/><F67/><N who="3" m="39407" /><G131/><T45/><D47/><U64/><E53/><V122/><F122/><W76/><G128/><T71/><D71/><U90/><E62/><N who="2" m="36127" /><F8/><W107/><G107/><T27/><D26/><N who="1" m="18519" /><E64/><V109/><F109/><W9/><G76/><T97/><D97/><AGARI ba="0,0" hai="16,17,48,50,51,91,92,97" m="36127,31305" machi="97" ten="30,7700,0" yaku="8,1,52,2,54,1" doraHai="13" who="2" fromWho="0" sc="250,-77,250,0,250,77,250,0" /><INIT seed="1,0,0,4,3,48" ten="173,250,327,250" oya="1" hai0="115,74,6,125,37,83,41,113,124,35,127,85,72" hai1="122,30,61,91,33,109,42,19,16,126,68,57,110" hai2="49,14,116,96,90,93,95,103,120,9,111,104,94" hai3="119,132,38,71,34,87,101,117,81,69,10,108,86"/><U20/><E122/><V29/><F120/><W12/><G34/><T105/><D41/><U129/><E68/><V123/><F123/><W131/><G38/><T58/><D37/><U76/><E76/><V65/><F65/><W22/><G108/><N who="1" m="41578" /><E129/><V24/><F111/><W25/><G132/><T51/><D6/><U8/><E126/><V134/><F116/><W2/><G2/><T15/><D35/><U64/><E42/><V80/><F134/><W53/><G131/><T62/><D51/><U11/><E91/><V13/><F104/><W112/><G101/><T5/><D15/><N who="2" m="5642" /><F9/><N who="1" m="3657" /><E33/><V78/><F49/><W135/><G135/><T66/><D5/><U18/><E30/><V54/><F103/><W114/><G22/><AGARI ba="0,0" hai="16,18,19,20,22,57,61,64" m="3657,41578" machi="22" ten="40,7700,0" yaku="14,1,10,1,54,1" doraHai="48" who="1" fromWho="3" sc="173,0,250,77,327,0,250,-77" /><INIT seed="1,1,0,5,1,62" ten="173,327,327,173" oya="1" hai0="36,35,94,37,76,65,133,53,38,34,113,21,96" hai1="120,117,111,24,80,45,114,49,39,44,95,83,28" hai2="54,13,11,57,84,41,14,25,108,101,81,66,12" hai3="56,16,90,2,30,118,77,106,5,130,91,9,52"/><U104/><E104/><V124/><F124/><W78/><G106/><T129/><D113/><U135/><E117/><V116/><F116/><W15/><G118/><T69/><D133/><U110/><E120/><V31/><F108/><N who="1" m="41513" /><E114/><V0/><F0/><W4/><G130/><T8/><D129/><U33/><E135/><V132/><F132/><W17/><G30/><T47/><D76/><N who="3" m="29289" /><G2/><T19/><D8/><U64/><E95/><V46/><F101/><W119/><G119/><T128/><D128/><U99/><E99/><V42/><F11/><W50/><G17/><T107/><D107/><U32/><E32/><V85/><F81/><N who="1" m="31305" /><E39/><V125/><F125/><W103/><G103/><T72/><D72/><U82/><N who="1" m="31313" /><U58/><DORA hai="29" /><E49/><N who="2" m="28983" /><F25/><W88/><AGARI ba="1,0" hai="4,5,9,15,16,50,52,56,88,90,91" m="29289" machi="88" ten="30,7900,0" yaku="8,1,54,3" doraHai="62,29" who="3" fromWho="3" sc="173,-21,327,-40,327,-21,173,82" /><INIT seed="2,0,0,1,3,52" ten="152,287,306,255" oya="2" hai0="82,30,33,46,26,20,122,120,135,1,15,95,130" hai1="125,87,2,31,12,117,112,126,58,114,63,44,3" hai2="45,50,9,86,81,21,78,113,85,80,34,42,88" hai3="16,97,7,54,5,73,43,28,106,70,133,134,65"/><V109/><F113/><N who="1" m="43625" /><E117/><V100/><F34/><W60/><G43/><T41/><D1/><N who="1" m="11" /><E87/><V39/><F109/><W110/><G110/><T4/><D95/><U57/><E63/><V91/><F39/><W66/><G28/><T62/><D62/><U79/><E79/><N who="2" m="46239" /><F100/><W83/><G66/><T108/><D82/><U61/><E61/><V71/><F71/><W48/><G73/><T104/><D108/><U18/><E31/><V105/><F105/><W74/><G74/><T101/><D104/><U123/><E44/><V49/><F49/><W76/><G76/><T29/><D101/><U102/><E102/><V98/><F98/><W17/><G83/><T14/><D30/><U132/><E132/><N who="3" m="50794" /><G97/><T111/><D135/><U55/><E55/><V75/><F75/><W53/><G106/><T89/><D111/><U90/><E90/><N who="2" m="34347" /><F21/><W69/><G54/><T124/><D20/><N who="1" m="11335" /><E123/><V67/><F67/><W6/><G70/><T56/><D122/><U103/><E103/><V121/><F121/><W84/><G84/><T13/><D120/><U59/><E126/><V47/><F47/><AGARI ba="0,0" hai="5,6,7,16,17,47,48,53,60,65,69" m="50794" machi="47" ten="30,2000,0" yaku="20,1,54,1" doraHai="52" who="3" fromWho="2" sc="152,0,287,0,306,-20,255,20" /><INIT seed="3,0,0,4,4,42" ten="152,287,286,275" oya="3" hai0="22,113,94,67,13,8,89,48,129,37,26,104,61" hai1="56,53,3,82,101,39,123,115,73,24,65,96,125" hai2="36,20,10,122,116,99,63,70,100,118,69,30,103" hai3="57,126,14,117,108,12,1,131,86,68,111,114,41"/><W44/><G1/><T15/><D104/><U35/><E123/><V45/><F122/><W107/><G107/><T4/><D37/><U85/><E3/><V76/><F76/><W59/><G68/><T83/><D83/><U77/><E39/><V54/><F10/><W46/><G114/><T6/><D113/><U2/><E2/><V32/><F20/><W27/><G117/><T60/><D67/><U55/><E115/><V49/><F36/><W9/><G41/><T34/><D34/><U80/><E125/><V134/><F134/><W0/><G126/><T128/><D48/><U127/><E127/><V31/><F31/><W33/><G86/><T119/><D119/><U50/><E65/><N who="2" m="41151" /><F70/><W58/><G131/><T21/><D26/><U93/><E24/><N who="2" m="18503" /><F100/><W84/><G84/><T18/><D8/><U90/><E35/><V87/><F87/><W92/><G92/><T17/><D94/><U124/><E124/><V112/><F112/><W29/><G0/><T75/><REACH who="0" step="1"/><D89/><REACH who="0" ten="142,287,286,275" step="2"/><U135/><E50/><V23/><F23/><W38/><G38/><T105/><D105/><AGARI ba="0,1" hai="45,49,54,99,103,105,116,118" m="18503,41151" machi="105" ten="30,2000,0" yaku="25,1,52,1" doraHai="42" who="2" fromWho="0" sc="142,-20,287,0,286,30,275,0" /><INIT seed="4,0,0,3,4,17" ten="122,287,316,275" oya="0" hai0="106,39,25,56,58,10,12,117,63,119,108,5,42" hai1="28,23,125,68,35,53,27,132,72,19,101,22,79" hai2="20,135,49,130,126,57,95,133,34,90,109,18,99" hai3="38,69,83,51,30,44,76,52,67,107,33,87,73"/><T86/><D106/><U96/><E68/><V61/><F34/><W82/><G38/><T115/><D56/><U84/><E125/><V121/><F121/><W45/><G107/><T9/><D115/><U70/><E70/><V47/><F126/><W6/><G6/><T43/><D108/><U60/><E132/><N who="2" m="50763" /><F109/><W94/><G94/><T124/><D9/><U92/><E72/><V65/><F130/><W36/><G36/><T66/><D124/><U7/><E7/><V122/><F122/><W91/><G45/><T93/><D39/><U59/><REACH who="1" step="1"/><E19/><REACH who="1" ten="122,277,316,275" step="2"/><V46/><F49/><W127/><G127/><T0/><D117/><U89/><E89/><V54/><F65/><W77/><G91/><T105/><D119/><U88/><E88/><V55/><F55/><W29/><G33/><T31/><D43/><U123/><E123/><V50/><F50/><W75/><G87/><T114/><D42/><U110/><E110/><V1/><F1/><W14/><G67/><T13/><D114/><U48/><E48/><V85/><F85/><W71/><G71/><T16/><D86/><U116/><E116/><V32/><F32/><W118/><G69/><T113/><D113/><U81/><AGARI ba="0,1" hai="22,23,27,28,35,53,59,60,79,81,84,92,96,101" machi="81" ten="30,8000,1" yaku="1,1,0,1,52,2,53,1" doraHai="17" doraHaiUra="80" who="1" fromWho="1" sc="122,-40,277,90,316,-20,275,-20" /><INIT seed="5,0,0,0,0,52" ten="82,367,296,255" oya="1" hai0="4,109,18,96,41,117,62,89,127,125,64,95,111" hai1="105,77,116,54,9,120,16,85,114,0,74,86,119" hai2="38,29,37,94,24,43,6,81,47,76,78,23,112" hai3="51,40,20,44,48,97,39,14,133,61,45,79,130"/><U115/><E105/><V135/><F135/><W36/><G79/><T59/><D4/><U22/><E74/><V31/><F112/><N who="1" m="43049" /><E77/><V68/><F68/><W17/><G133/><T108/><D41/><U34/><E34/><V83/><F94/><W73/><G73/><T107/><D107/><U101/><E101/><V7/><F31/><W2/><G2/><T104/><D104/><U49/><E9/><V99/><F99/><W102/><G130/><T123/><D117/><N who="1" m="45131" /><E0/><V84/><REACH who="2" step="1"/><F37/><REACH who="2" ten="82,367,286,255" step="2"/><W132/><G132/><T57/><D123/><U126/><E120/><V66/><F66/><W19/><G39/><T63/><REACH who="0" step="1"/><D18/><REACH who="0" ten="72,367,286,255" step="2"/><U100/><E16/><V113/><F113/><W27/><G36/><T134/><D134/><U92/><E126/><V30/><F30/><W121/><G121/><T93/><D93/><U98/><E92/><V80/><F80/><W129/><G129/><T69/><D69/><U72/><E100/><V42/><F42/><W5/><G102/><T106/><D106/><U60/><E54/><AGARI ba="0,2" hai="54,57,59,62,63,64,89,95,96,108,109,111,125,127" machi="54" ten="40,5200,0" yaku="1,1,52,2,53,0" doraHai="52" doraHaiUra="46" who="0" fromWho="1" sc="72,72,367,-52,286,0,255,0" /><INIT seed="6,0,0,1,1,128" ten="144,315,286,255" oya="2" hai0="4,94,30,7,62,129,44,130,125,101,42,84,91" hai1="38,71,97,11,79,60,37,35,1,116,21,68,124" hai2="109,85,89,50,43,59,53,19,96,33,55,95,98" hai3="47,3,111,133,110,78,132,9,81,119,76,58,127"/><V69/><F33/><W20/><G119/><T134/><D30/><U66/><E35/><V80/><F69/><W107/><G58/><T88/><D125/><U31/><E71/><V83/><F109/><W100/><G78/><T63/><D91/><U41/><E116/><V77/><F43/><W90/><G90/><T72/><D72/><U113/><E124/><V82/><F98/><W49/><G127/><T92/><D94/><U115/><E79/><V36/><F36/><W40/><G20/><T56/><D101/><U131/><E131/><N who="0" m="50185" /><D134/><N who="3" m="51817" /><G100/><T13/><D13/><U74/><E74/><V64/><F64/><W105/><G3/><T54/><D62/><U17/><E41/><V114/><F114/><N who="1" m="43529" /><E97/><V103/><F77/><W102/><G9/><T118/><D118/><U32/><E32/><V120/><F120/><W5/><G5/><T73/><D73/><U51/><E51/><AGARI ba="0,0" hai="4,7,42,44,51,54,56,63,84,88,92" m="50185" machi="51" ten="30,2000,0" yaku="19,1,54,1" doraHai="128" who="0" fromWho="1" sc="144,20,315,-20,286,0,255,0" /><INIT seed="7,0,0,4,5,16" ten="164,295,286,255" oya="3" hai0="8,22,9,75,31,94,11,95,58,20,76,98,127" hai1="24,70,111,130,49,82,86,134,35,110,101,26,41" hai2="65,91,68,44,2,59,17,103,1,38,135,74,33" hai3="10,48,93,63,61,67,34,102,4,19,84,52,88"/><W71/><G34/><T117/><D117/><U113/><E70/><V53/><F33/><W121/><G121/><T80/><D127/><U60/><E35/><V105/><F74/><W114/><G114/><T36/><D36/><U51/><E113/><V104/><F135/><W92/><G19/><T128/><D128/><U124/><E124/><V55/><F103/><W3/><G63/><T85/><D75/><U29/><E130/><V129/><F129/><W47/><G102/><N who="0" m="60759" /><D95/><AGARI ba="0,0" hai="3,4,10,47,48,52,61,67,71,84,88,92,93,95" machi="95" ten="30,5800,0" yaku="7,1,54,2" doraHai="16" who="3" fromWho="0" sc="164,-58,295,0,286,0,255,58" owari="106,-39.0,295,10.0,286,-11.0,313,40.0" /></mjloggm>