<mjloggm ver="2.3"><GO type="97" lobby="0"/><UN n0="%E3%83%88%E3%83%8B%E3%83%BC%E2%98%86%E5%BD%A1" n1="%E5%B0%B1%E6%B4%BB%E7%94%9F%40%E5%B7%9D%E6%9D%91%E8%BB%8D%E5%9B%A3" n2="%E6%9C%AB%E5%BA%83%E5%AE%89%E9%82%A3" n3="%E2%99%AA%E3%82%A2%E3%83%AB%E3%83%95%E3%82%A9%E3%83%BC%E3%83%88%E2%99%AA" dan="15,15,15,14" rate="2029.25,1980.07,1958.60,1969.55" sx="M,M,F,M"/><TAIKYOKU oya="0"/><INIT seed="0,0,0,1,3,78" ten="250,250,250,250" oya="0" hai0="80,41,94,53,66,96,27,97,121,59,42,72,87" hai1="95,71,123,5,113,44,26,9,15,54,38,74,46" hai2="70,101,115,51,88,105,61,91,134,49,60,4,132" hai3="117,135,126,81,12,34,0,128,10,124,43,30,86"/><T109/><D121/><U76/><E71/><V64/><F4/><N who="3" m="1287" /><G117/><T20/><D72/><U17/><E123/><V11/><F11/><W130/><G43/><T129/><D129/><N who="3" m="49769" /><G12/><T107/><D107/><U35/><E113/><V52/><F115/><W98/><G98/><N who="0" m="37995" /><D94/><U133/><E133/><N who="2" m="51307" /><F105/><W18/><G18/><N who="0" m="12695" /><D66/><U22/><E38/><V108/><F101/><W110/><G135/><T122/><D109/><U85/><E74/><V118/><F118/><W119/><G119/><T125/><D125/><N who="3" m="48233" /><G110/><T33/><D33/><U77/><E35/><V83/><F108/><W45/><G45/><T36/><D36/><U84/><E46/><V28/><F28/><W1/><G1/><T13/><D13/><U112/><E112/><V3/><F3/><W19/><G19/><T37/><D37/><U6/><E6/><V89/><F61/><W93/><G93/><T120/><D122/><U102/><E44/><N who="2" m="27687" /><F51/><W114/><G114/><T16/><D120/><U92/><E15/><V7/><F7/><W55/><G55/><T103/><D16/><U75/><E5/><V24/><F24/><N who="3" m="18759" /><G86/><AGARI ba="0,0" hai="60,64,70,83,86,88,89,91" m="27687,51307" machi="86" ten="30,7700,0" yaku="20,1,52,1,54,2" doraHai="78" who="2" fromWho="3" sc="250,0,250,0,250,77,250,-77" /><INIT seed="1,0,0,2,2,45" ten="250,250,327,173" oya="1" hai0="58,73,59,15,127,10,117,105,94,134,42,33,100" hai1="102,20,28,9,135,133,109,121,56,83,97,107,78" hai2="103,50,112,104,13,25,60,2,11,71,52,116,46" hai3="26,132,118,54,23,64,62,14,66,44,12,53,96"/><U129/><E121/><V88/><F116/><W92/><G132/><N who="1" m="50762" /><E9/><V113/><F2/><W95/><G118/><T86/><D134/><U72/><E129/><V32/><F104/><W65/><G62/><T49/><D33/><U30/><E109/><V130/><F103/><W111/><G111/><T81/><D117/><U89/><E20/><V22/><F32/><W119/><G119/><T27/><D27/><U47/><E47/><V106/><F106/><W41/><G41/><T48/><D42/><U67/><E89/><V122/><F122/><W110/><G110/><T123/><D73/><U68/><E68/><V108/><F108/><W99/><G44/><T51/><D105/><U29/><E56/><V55/><F130/><W101/><G14/><T120/><D127/><U87/><E67/><N who="2" m="41447" /><F88/><W77/><G77/><N who="0" m="46383" /><D123/><U79/><E79/><V74/><F74/><AGARI ba="0,0" hai="28,29,30,72,74,78,83,87,97,102,107" m="50762" machi="74" ten="30,1500,0" yaku="20,1" doraHai="45" who="1" fromWho="2" sc="250,0,250,15,327,-15,173,0" /><INIT seed="1,1,0,2,4,29" ten="250,265,312,173" oya="1" hai0="70,116,40,131,30,121,102,92,22,113,89,16,59" hai1="17,55,52,77,105,53,76,23,43,24,8,91,74" hai2="11,51,124,41,106,32,111,135,101,80,132,31,68" hai3="36,10,3,42,98,133,84,6,128,9,46,37,110"/><U115/><E105/><V93/><F68/><W69/><G110/><T119/><D113/><U79/><E115/><V20/><F106/><W73/><G128/><T50/><D70/><U15/><E43/><V94/><F111/><W72/><G69/><T64/><D131/><U117/><E117/><V126/><F20/><W58/><G58/><T125/><D121/><U21/><E74/><V39/><F39/><W28/><G133/><N who="2" m="51273" /><F11/><W107/><G84/><T1/><D1/><U44/><E44/><N who="2" m="25999" /><F80/><W109/><G109/><T123/><D123/><U13/><E91/><V48/><F48/><W35/><G9/><T71/><D71/><U88/><E88/><V112/><F112/><W108/><G37/><T57/><D119/><U118/><E118/><V87/><F87/><W122/><G122/><T85/><D116/><U103/><E103/><V62/><F62/><W81/><G108/><T34/><D102/><U63/><E63/><V12/><F12/><W5/><G5/><T90/><D125/><N who="2" m="48234" /><F101/><N who="3" m="62903" /><G81/><T0/><D0/><U100/><E100/><V83/><F83/><W61/><G61/><T78/><D85/><U26/><E8/><V33/><F31/><AGARI ba="1,0" hai="13,15,17,21,23,24,26,31,52,53,55,76,77,79" machi="31" ten="40,3900,0" yaku="8,1,54,1" doraHai="29" who="1" fromWho="2" sc="250,0,265,42,312,-42,173,0" /><INIT seed="1,2,0,0,0,82" ten="250,307,270,173" oya="1" hai0="86,31,129,106,127,10,4,81,118,21,7,53,57" hai1="12,45,131,104,98,0,111,116,89,71,72,48,16" hai2="44,75,97,49,126,62,26,123,35,100,101,102,80" hai3="56,1,69,13,124,47,68,94,6,133,119,125,117"/><U113/><E0/><V130/><F123/><W5/><G1/><T27/><D106/><U8/><E116/><N who="3" m="44618" /><G56/><T58/><D118/><U46/><E113/><V103/><F130/><W93/><G47/><T41/><D41/><U85/><E72/><V95/><F126/><N who="3" m="48747" /><G13/><T64/><D127/><U54/><E71/><N who="3" m="27210" /><G133/><T42/><D42/><U34/><E131/><V90/><F62/><W15/><G15/><T121/><D129/><U78/><E111/><V77/><F35/><W60/><G60/><N who="0" m="37903" /><D10/><U67/><E67/><V9/><F26/><W2/><G2/><T59/><D59/><N who="1" m="33223" /><E104/><V74/><N who="2" m="26112" /><DORA hai="25" /><V11/><REACH who="2" step="1"/><F74/><REACH who="2" ten="250,307,260,173" step="2"/><W18/><G18/><T3/><D121/><U109/><E34/><V43/><AGARI ba="2,1" hai="9,11,43,44,49,75,77,80,90,95,97" m="26112" machi="43" ten="40,8000,1" yaku="1,1,2,1,0,1,53,2" doraHai="82,25" doraHaiUra="79,39" who="2" fromWho="2" sc="250,-22,307,-42,260,96,173,-22" /><INIT seed="2,0,0,5,4,130" ten="228,265,356,151" oya="2" hai0="32,53,87,93,78,71,124,21,116,101,51,81,57" hai1="86,54,7,0,82,4,134,115,102,98,97,107,11" hai2="117,8,58,123,74,14,13,17,22,61,59,37,67" hai3="76,6,132,73,126,109,120,92,88,112,100,83,111"/><V133/><F37/><W68/><G68/><T2/><D71/><U5/><E115/><V118/><F123/><W45/><G6/><T91/><D2/><U75/><E75/><V3/><F3/><W90/><G45/><T10/><D32/><U121/><E121/><V106/><F106/><W66/><G66/><T103/><D124/><U72/><E72/><V19/><F74/><W29/><G29/><T70/><D70/><U99/><E134/><V42/><F42/><W62/><G62/><T131/><D131/><U69/><E69/><V77/><F77/><W48/><G48/><T50/><D116/><U113/><E113/><V60/><F133/><W63/><G63/><T47/><D21/><U16/><E54/><AGARI ba="0,0" hai="8,13,14,17,19,22,54,58,59,60,61,67,117,118" machi="54" ten="30,1500,0" yaku="7,1" doraHai="130" who="2" fromWho="1" sc="228,0,265,-15,356,15,151,0" /><INIT seed="2,1,0,3,3,86" ten="228,250,371,151" oya="2" hai0="90,30,27,3,81,50,55,106,58,92,38,119,15" hai1="105,65,135,8,52,5,129,130,72,75,68,64,113" hai2="46,107,66,94,99,9,14,28,133,78,76,6,125" hai3="33,123,54,16,121,31,117,77,48,93,97,42,25"/><V85/><F107/><W101/><G117/><T83/><D38/><U134/><E105/><V88/><F133/><N who="1" m="50697" /><E113/><V32/><F125/><W34/><G77/><N who="2" m="29801" /><F32/><W95/><G42/><T60/><D106/><U7/><E68/><V69/><F69/><W35/><G95/><T11/><D3/><U102/><E102/><N who="2" m="60791" /><F28/><W22/><REACH who="3" step="1"/><G31/><REACH who="3" ten="228,250,371,141" step="2"/><T23/><D119/><U109/><E109/><V100/><F100/><W37/><G37/><T122/><D122/><U44/><E75/><V80/><F66/><W24/><G24/><T124/><D124/><U111/><E72/><V20/><F20/><W56/><AGARI ba="1,1" hai="16,22,25,33,34,35,48,54,56,93,97,101,121,123" machi="56" ten="30,4000,0" yaku="1,1,0,1,54,1,53,0" doraHai="86" doraHaiUra="62" who="3" fromWho="3" sc="228,-11,250,-11,371,-21,141,53" /><INIT seed="3,0,0,4,0,83" ten="217,239,350,194" oya="3" hai0="9,97,43,133,5,48,4,108,107,65,45,25,54" hai1="134,10,35,132,103,0,64,114,111,68,91,42,7" hai2="55,29,31,51,28,126,46,32,16,37,135,19,38" hai3="67,12,99,63,104,130,36,129,125,105,89,14,119"/><W74/><G119/><T88/><D108/><U124/><E111/><V66/><F135/><N who="1" m="51753" /><E124/><V41/><F126/><W87/><G125/><T84/><D133/><U90/><E114/><V122/><F122/><W117/><G117/><T77/><D77/><U8/><E35/><V100/><F32/><W61/><G74/><T73/><D73/><U82/><E42/><V57/><F66/><W39/><G99/><T128/><D128/><N who="3" m="49257" /><G89/><N who="1" m="33802" /><E10/><V26/><F100/><W3/><G3/><T47/><D65/><U21/><E21/><V30/><F38/><N who="3" m="14379" /><G87/><T69/><D69/><U131/><E131/><V101/><F101/><W94/><G94/><T62/><D107/><N who="3" m="41033" /><G67/><T1/><D97/><U40/><E103/><V118/><F118/><W78/><G78/><T109/><D109/><U123/><E123/><V15/><F31/><W59/><G59/><T58/><D5/><U112/><E112/><V13/><F30/><W33/><G33/><T70/><D70/><U95/><E95/><V120/><F29/><W71/><G71/><T23/><D43/><U24/><E40/><V2/><F28/><W80/><G80/><T52/><D47/><U113/><E113/><V110/><F110/><W44/><G44/><T60/><D58/><U116/><E116/><V121/><F46/><W81/><G81/><N who="0" m="49167" /><D54/><U11/><E82/><V75/><F121/><W96/><G96/><T79/><D79/><U50/><E64/><V34/><F120/><W27/><G27/><T72/><D72/><U106/><E68/><V93/><F75/><W92/><G92/><T98/><D98/><U86/><E106/><RYUUKYOKU ba="0,0" sc="217,15,239,-15,350,-15,194,15" hai0="1,4,9,23,25,45,48,52,60,62" hai3="12,14,61,63" /><INIT seed="3,1,0,5,2,73" ten="232,224,335,209" oya="3" hai0="107,38,123,43,45,130,1,3,21,55,16,32,82" hai1="0,89,51,115,75,65,26,6,42,120,90,57,37" hai2="24,64,124,125,63,132,59,109,61,25,87,113,14" hai3="17,134,78,121,70,10,102,129,94,72,2,133,12"/><W117/><G70/><T62/><D107/><U126/><E120/><V4/><F113/><W68/><G68/><T5/><D123/><U74/><E37/><V56/><F109/><W111/><G121/><T39/><D32/><U13/><E115/><V8/><F87/><W50/><G117/><T33/><D33/><U60/><E0/><V22/><F132/><N who="3" m="50795" /><G111/><T93/><D39/><U28/><E74/><V52/><REACH who="2" step="1"/><F25/><REACH who="2" ten="232,224,325,209" step="2"/><W48/><G129/><T30/><D130/><U58/><E75/><V105/><F105/><W35/><G35/><T31/><D31/><AGARI ba="1,1" hai="4,8,14,22,24,31,52,56,59,61,63,64,124,125" machi="31" ten="40,2600,0" yaku="1,1,54,1,53,0" doraHai="73" doraHaiUra="103" who="2" fromWho="0" sc="232,-29,224,0,325,39,209,0" owari="203,-30.0,224,2.0,364,47.0,209,-19.0" /></mjloggm>