<mjloggm ver="2.3"><GO type="41" lobby="0"/><UN n0="%E3%81%BC%E3%81%93%E3%81%AB%E3%82%83" n1="%E5%A4%A9%E6%89%8D%E3%83%91%E3%83%B3%E5%90%9B" n2="%E3%83%88%E3%83%88%E3%83%AA%E5%85%88%E7%94%9F%31%39%E6%AD%B3" n3="%78%E3%81%AA%E3%82%82%78" dan="13,13,14,15" rate="1849.71,1917.67,2013.01,1980.28" sx="F,M,F,M"/><TAIKYOKU oya="0"/><INIT seed="0,0,0,4,2,61" ten="250,250,250,250" oya="0" hai0="93,47,80,25,106,65,72,40,115,83,8,23,31" hai1="59,9,73,19,121,67,27,81,32,5,44,74,37" hai2="69,118,7,130,28,116,113,43,125,110,39,127,123" hai3="117,77,70,96,33,17,1,135,128,26,64,132,134"/><T98/><D115/><U122/><E73/><V63/><F7/><W29/><G1/><T20/><D106/><U104/><E104/><V84/><F84/><W97/><G117/><N who="2" m="45161" /><F28/><W85/><G128/><T18/><D72/><U91/><E91/><V15/><F15/><W36/><G17/><T105/><D65/><U56/><E19/><V38/><F113/><W102/><G36/><N who="2" m="13865" /><F43/><W45/><G45/><T129/><D129/><U71/><E44/><V51/><F51/><W124/><G124/><N who="2" m="47689" /><F130/><W10/><G10/><T66/><D66/><U87/><E67/><N who="2" m="41215" /><F110/><W131/><G131/><T54/><D8/><U107/><E107/><V112/><F112/><W49/><G49/><T24/><D105/><U109/><E37/><V2/><F123/><W120/><G120/><T78/><D78/><U50/><E109/><V48/><F48/><W126/><G126/><T82/><D40/><U30/><E50/><V114/><F114/><W76/><G85/><T88/><D47/><U133/><E74/><V60/><F60/><N who="3" m="40199" /><G102/><T4/><D4/><U13/><E87/><V14/><F14/><W119/><G119/><T62/><D83/><U103/><E81/><V53/><F53/><W92/><G92/><T46/><D46/><U58/><E5/><V94/><F94/><W41/><G41/><T100/><D100/><U52/><E103/><V21/><F21/><W101/><G101/><T111/><D111/><U108/><E108/><V12/><F12/><W75/><G76/><T90/><D90/><U86/><E121/><V79/><F79/><W22/><G22/><T3/><D3/><AGARI ba="0,0" hai="2,3" m="41215,47689,13865,45161" machi="3" ten="40,8000,1" yaku="6,1,12,1,18,1,23,1,52,1" doraHai="61" who="2" fromWho="0" sc="250,-80,250,0,250,80,250,0" /><INIT seed="1,0,0,2,3,55" ten="170,250,330,250" oya="1" hai0="71,49,60,128,106,85,86,72,57,87,53,10,64" hai1="24,42,37,51,5,62,12,47,92,76,89,123,7" hai2="125,90,112,68,96,52,15,120,121,122,2,3,103" hai3="28,58,101,70,130,99,26,30,0,111,134,75,59"/><U50/><E123/><V48/><F68/><W33/><G30/><T98/><D128/><U93/><E76/><V104/><F125/><W116/><G116/><T35/><D72/><U8/><E5/><V44/><F112/><W9/><G70/><T46/><D35/><U14/><E14/><V18/><REACH who="2" step="1"/><F90/><REACH who="2" ten="170,250,320,250" step="2"/><W66/><G134/><T6/><D71/><U36/><E36/><V45/><F45/><W129/><G111/><T21/><D106/><U110/><E110/><V79/><F79/><W78/><G78/><T113/><D113/><U124/><E124/><V40/><F40/><W108/><G108/><T65/><D98/><N who="1" m="57615" /><E37/><V126/><F126/><W115/><G115/><T135/><D135/><U102/><E42/><V67/><F67/><W118/><G66/><T114/><D114/><U109/><E109/><V17/><F17/><W80/><G118/><T38/><D65/><U133/><E47/><V73/><F73/><W107/><G75/><T82/><D38/><U27/><E133/><V117/><F117/><W97/><G97/><T91/><REACH who="0" step="1"/><D21/><AGARI ba="0,1" hai="2,3,15,18,21,44,48,52,96,103,104,120,121,122" machi="21" ten="40,2600,0" yaku="1,1,54,1,53,0" doraHai="55" doraHaiUra="84" who="2" fromWho="0" sc="170,-26,250,0,320,36,250,0" /><INIT seed="2,0,0,0,4,101" ten="144,250,356,250" oya="2" hai0="90,33,100,13,96,83,10,73,15,103,82,2,89" hai1="14,109,44,111,95,26,77,69,104,92,42,132,115" hai2="17,112,36,23,22,39,38,116,40,75,37,49,66" hai3="1,125,88,67,12,51,105,72,130,122,57,55,124"/><V47/><F112/><W119/><G1/><T43/><D33/><U68/><E115/><V76/><F116/><W108/><G119/><T65/><D2/><U117/><E117/><V41/><F66/><W45/><G122/><T58/><D43/><U99/><E77/><V93/><N who="2" m="9216" /><DORA hai="74" /><V48/><F93/><W127/><G108/><T5/><D73/><U19/><E26/><V18/><F23/><W107/><G72/><T46/><D46/><U24/><E24/><V110/><F110/><N who="1" m="41993" /><E44/><V4/><F4/><W59/><G130/><T27/><D15/><U106/><E42/><V113/><F113/><W31/><G31/><T118/><D27/><U123/><E132/><V121/><F121/><W80/><G12/><T20/><D20/><N who="1" m="11383" /><E123/><V3/><F3/><W25/><G25/><T16/><D5/><U35/><E35/><V52/><F22/><W30/><G30/><T56/><D118/><U32/><E32/><V54/><F41/><W128/><G128/><T97/><D65/><U134/><E134/><V120/><F120/><W9/><G9/><T0/><D0/><U62/><E62/><V29/><F29/><W53/><G67/><T91/><D58/><N who="3" m="22025" /><G53/><N who="2" m="20585" /><F49/><W98/><G98/><N who="0" m="37995" /><D56/><U34/><E34/><V63/><F63/><W50/><G50/><T131/><D131/><U79/><E95/><V133/><F133/><W8/><G8/><T102/><AGARI ba="0,0" hai="10,13,16,82,83,89,90,91,100,102,103" m="37995" machi="102" ten="40,2700,0" yaku="8,1,54,1" doraHai="101,74" who="0" fromWho="0" sc="144,27,250,-7,356,-13,250,-7" /><INIT seed="3,0,0,3,5,17" ten="171,243,343,243" oya="3" hai0="7,77,48,67,93,13,2,5,38,98,28,117,105" hai1="66,11,52,3,113,31,64,94,60,103,29,84,59" hai2="96,132,111,124,128,101,85,33,78,130,49,104,69" hai3="125,55,34,71,62,47,70,126,36,82,35,20,122"/><W10/><G122/><T50/><D117/><U121/><E121/><V75/><F33/><W41/><G82/><T8/><D38/><U118/><E113/><V127/><F69/><W135/><G10/><T116/><D105/><U58/><E118/><V80/><F49/><W37/><G135/><T73/><D116/><U112/><E112/><V76/><F111/><W57/><G20/><T109/><D109/><U72/><E72/><V51/><F51/><W108/><G108/><T87/><D73/><U21/><E3/><V115/><F115/><W46/><G34/><T12/><D28/><U6/><E6/><V0/><F0/><W110/><G35/><T79/><D67/><N who="1" m="25643" /><E11/><V4/><F4/><W120/><G120/><T83/><D2/><U23/><E59/><V95/><F132/><W16/><G16/><N who="0" m="8199" /><D79/><U44/><E44/><V99/><F76/><W56/><G110/><T9/><D5/><U24/><E24/><V65/><F65/><W102/><G102/><AGARI ba="0,0" hai="7,9,13,48,50,77,83,87,93,98,102" m="8199" machi="102" ten="30,2000,0" yaku="8,1,54,1" doraHai="17" who="0" fromWho="3" sc="171,20,243,0,343,0,243,-20" /><INIT seed="4,0,0,4,1,124" ten="191,243,343,223" oya="0" hai0="60,57,100,111,81,64,73,103,106,94,87,133,113" hai1="68,1,22,89,48,62,129,108,110,26,9,75,131" hai2="28,70,134,18,33,8,109,24,78,72,4,85,0" hai3="25,76,96,12,105,118,95,50,46,67,3,86,39"/><T21/><D113/><U65/><E75/><V14/><F14/><W117/><BYE who="2" /><G3/><T35/><D35/><U88/><E48/><V93/><F93/><W56/><G105/><T125/><D125/><U112/><E112/><V91/><F91/><N who="1" m="34889" /><E1/><V2/><F2/><W41/><G95/><T13/><D133/><U61/><E9/><V11/><F11/><W101/><G101/><T132/><D132/><U115/><E62/><V123/><F123/><W34/><G96/><N who="0" m="59415" /><D111/><U55/><E55/><V130/><F130/><N who="1" m="49673" /><E115/><V97/><F97/><W69/><G12/><T19/><D73/><U66/><E66/><V37/><F37/><W51/><G51/><T15/><D106/><U52/><E52/><V128/><F128/><W38/><G38/><T92/><D103/><U45/><E45/><V77/><F77/><W116/><G86/><UN n2="%E3%83%88%E3%83%88%E3%83%AA%E5%85%88%E7%94%9F%31%39%E6%AD%B3" /><T10/><D92/><U27/><E27/><V47/><F24/><W30/><G76/><N who="0" m="46503" /><D13/><U71/><E71/><V63/><F70/><W31/><G25/><T80/><D80/><U20/><E20/><AGARI ba="0,0" hai="10,15,19,20,21,57,60,64" m="46503,59415" machi="20" ten="30,1500,0" yaku="8,1" doraHai="124" who="0" fromWho="1" sc="191,15,243,-15,343,0,223,0" /><INIT seed="4,1,0,5,5,35" ten="206,228,343,223" oya="0" hai0="88,74,61,115,31,84,28,17,104,118,89,58,63" hai1="27,8,59,50,97,54,71,49,132,114,113,15,73" hai2="45,99,117,39,100,94,1,55,92,134,24,46,124" hai3="20,85,41,105,78,131,62,81,0,60,103,72,102"/><T122/><D122/><U18/><E71/><V110/><F110/><W108/><G108/><T68/><D118/><U19/><E73/><V67/><F1/><W5/><G131/><T44/><D104/><U3/><E132/><V51/><F134/><W37/><G105/><T40/><D74/><U69/><E69/><V25/><F117/><W43/><G43/><T75/><D75/><U90/><E3/><V26/><F124/><W2/><G2/><T93/><D115/><N who="1" m="44043" /><E97/><N who="2" m="59431" /><F39/><W80/><G20/><T10/><D68/><U123/><E123/><V7/><F7/><W101/><G81/><T12/><D89/><U53/><E90/><N who="2" m="55767" /><F67/><W119/><G85/><T32/><D32/><U125/><E125/><V34/><F34/><W87/><G87/><T82/><D82/><U95/><E95/><V76/><F76/><W33/><G33/><T9/><D9/><U13/><E27/><V14/><F14/><N who="1" m="5129" /><E8/><V129/><F129/><W64/><G64/><N who="0" m="38967" /><D63/><U107/><E107/><V65/><F65/><W98/><G119/><T120/><D120/><U133/><E133/><V38/><F38/><W16/><G60/><T121/><D121/><U4/><E4/><V22/><F22/><W109/><G62/><T66/><D66/><U42/><E42/><V135/><F135/><W70/><G70/><T47/><D40/><U6/><E6/><V111/><F111/><W127/><G109/><T130/><D130/><U29/><E29/><AGARI ba="1,0" hai="10,12,17,28,29,31,44,47,84,88,93" m="38967" machi="29" ten="30,2900,0" yaku="8,1,54,1" doraHai="35" who="0" fromWho="1" sc="206,32,228,-32,343,0,223,0" /><INIT seed="4,2,0,5,1,5" ten="238,196,343,223" oya="0" hai0="78,6,35,113,121,43,50,2,87,134,92,63,129" hai1="77,85,108,111,91,57,53,52,112,131,46,13,90" hai2="133,10,119,109,22,74,28,32,20,100,56,120,73" hai3="21,104,11,14,38,103,17,7,39,98,61,115,96"/><T4/><D121/><U80/><E131/><V118/><F120/><W101/><G115/><T95/><D35/><U58/><E112/><V41/><F109/><W123/><G61/><T18/><D113/><U49/><E13/><V30/><F100/><W25/><REACH who="3" step="1"/><G123/><REACH who="3" ten="238,196,343,213" step="2"/><T88/><D129/><U122/><E122/><V8/><F118/><W47/><G47/><T26/><D134/><U84/><E46/><V106/><F119/><W24/><G24/><T67/><D26/><U125/><E125/><V45/><F45/><W128/><G128/><T23/><D63/><U36/><E36/><V94/><F133/><W99/><G99/><T44/><D2/><U51/><REACH who="1" step="1"/><E77/><REACH who="1" ten="238,186,343,213" step="2"/><V79/><F79/><W86/><G86/><T117/><D78/><U71/><E71/><V37/><F37/><W130/><G130/><T135/><D135/><U72/><E72/><V102/><F74/><W93/><AGARI ba="2,2" hai="7,11,14,17,21,25,38,39,93,96,98,101,103,104" machi="93" ten="20,5200,0" yaku="1,1,0,1,7,1,52,1,53,0" doraHai="5" doraHaiUra="76" who="3" fromWho="3" sc="238,-28,186,-15,343,-15,213,78" /><INIT seed="5,0,0,5,4,113" ten="210,171,328,291" oya="1" hai0="87,116,108,5,85,49,4,110,39,45,68,102,21" hai1="109,34,78,86,121,64,119,135,132,56,90,50,126" hai2="92,9,71,76,69,60,117,27,79,7,97,75,106" hai3="36,12,123,80,1,65,104,93,59,43,13,67,37"/><U124/><E34/><V112/><F117/><W29/><G1/><T10/><D68/><U48/><E78/><V20/><F106/><W46/><G104/><T122/><D39/><U17/><E121/><V61/><F112/><W54/><G29/><T129/><D102/><U115/><E115/><V63/><F75/><W133/><G133/><N who="1" m="51274" /><E109/><V8/><F71/><W84/><G37/><T96/><D96/><U81/><E119/><V14/><F8/><W40/><G40/><T24/><D116/><U0/><E0/><V103/><REACH who="2" step="1"/><F69/><REACH who="2" ten="210,171,318,291" step="2"/><W38/><G123/><T57/><D122/><U74/><E74/><V53/><F53/><W22/><G54/><T2/><D110/><U25/><E64/><V47/><F47/><W114/><G114/><T33/><D108/><U128/><E128/><V51/><F51/><N who="1" m="19497" /><E56/><V101/><F101/><W44/><G46/><T18/><D57/><U91/><E91/><V35/><F35/><W31/><G44/><T120/><D129/><U95/><E81/><V19/><AGARI ba="0,1" hai="7,9,14,19,20,27,60,61,63,76,79,92,97,103" machi="19" ten="30,8000,1" yaku="1,1,0,1,8,1,53,2" doraHai="113" doraHaiUra="73" who="2" fromWho="2" sc="210,-20,171,-40,318,90,291,-20" /><INIT seed="6,0,0,1,5,101" ten="190,131,408,271" oya="2" hai0="133,119,87,77,27,82,54,92,12,95,79,97,108" hai1="94,17,33,116,47,19,3,53,41,26,124,96,112" hai2="20,132,109,126,24,110,74,55,122,25,67,114,22" hai3="130,129,35,78,105,75,43,50,84,121,63,32,21"/><V34/><F74/><W46/><G121/><T38/><D38/><U37/><E112/><V42/><F67/><W73/><G63/><T102/><D108/><N who="2" m="41578" /><F42/><W61/><G61/><T51/><D119/><U45/><E124/><V59/><F59/><W66/><G66/><T103/><D133/><U128/><E128/><N who="3" m="49258" /><G21/><N who="2" m="8297" /><F55/><W134/><G134/><T40/><D40/><U13/><E116/><V99/><F99/><W68/><G68/><T48/><D27/><N who="2" m="10314" /><F132/><W0/><G0/><T14/><D77/><U8/><E3/><V5/><F34/><W56/><G56/><T85/><D51/><U81/><E81/><V113/><F5/><W76/><G78/><T71/><D71/><U29/><E53/><V107/><F126/><W80/><G35/><T6/><D6/><U52/><E52/><V131/><F131/><W16/><G32/><T4/><D4/><U28/><E47/><V15/><F15/><W7/><G7/><T64/><D64/><U31/><REACH who="1" step="1"/><E19/><REACH who="1" ten="190,121,408,271" step="2"/><V104/><F122/><W58/><G16/><T39/><D39/><U72/><E72/><V115/><AGARI ba="0,1" hai="104,107,113,114,115" m="10314,8297,41578" machi="115" ten="40,18000,2" yaku="28,2,15,1,10,1,52,2" doraHai="101" who="2" fromWho="2" sc="190,-60,121,-60,408,190,271,-60" /><INIT seed="6,1,0,0,2,50" ten="130,61,598,211" oya="2" hai0="91,92,105,101,67,110,44,38,20,13,122,33,65" hai1="48,43,125,18,22,9,26,134,0,41,112,2,74" hai2="21,28,63,117,103,64,46,85,77,24,36,8,25" hai3="71,83,90,118,78,31,97,72,6,102,129,126,51"/><V88/><F117/><W4/><G71/><T121/><D33/><U93/><E74/><V82/><F103/><W39/><G39/><T5/><D110/><U80/><E80/><V99/><F36/><W69/><G69/><T100/><D105/><U81/><E81/><V55/><F8/><W130/><G126/><T15/><D38/><U11/><E125/><V1/><F1/><W60/><G118/><T66/><D44/><U131/><E112/><V3/><F3/><N who="1" m="1065" /><E93/><N who="2" m="56743" /><F25/><W108/><G108/><T119/><D119/><U96/><E48/><N who="2" m="29079" /><F63/><W17/><G31/><T132/><D132/><U59/><E18/><V54/><F54/><W19/><G60/><T111/><D111/><U35/><E43/><V107/><F107/><W37/><G37/><T70/><D70/><U95/><E41/><V12/><F12/><W109/><G109/><T14/><D122/><U53/><E35/><V47/><F47/><W104/><G104/><T10/><D121/><U32/><E32/><V58/><F58/><W27/><G27/><T133/><D133/><U34/><E34/><V116/><F116/><W89/><G72/><T115/><D115/><U42/><E42/><V62/><F62/><W98/><G102/><N who="0" m="39531" /><D20/><U84/><E134/><V61/><F61/><W56/><G56/><T73/><D73/><U76/><E59/><V113/><F113/><W30/><G78/><T127/><D127/><U79/><E76/><V135/><F135/><W106/><G106/><T123/><D123/><U128/><E79/><V86/><F86/><AGARI ba="1,0" hai="5,10,13,14,15,65,66,67,86,91,92" m="39531" machi="86" ten="30,1000,0" yaku="8,1" doraHai="50" who="0" fromWho="2" sc="130,13,61,0,598,-13,211,0" /><INIT seed="7,0,0,5,0,49" ten="143,61,585,211" oya="3" hai0="2,19,35,102,30,44,97,124,62,37,104,12,4" hai1="53,86,129,96,57,109,98,113,76,55,69,85,133" hai2="82,43,50,118,103,77,91,14,117,18,114,65,134" hai3="56,71,45,15,121,38,89,48,88,41,70,128,32"/><W58/><G121/><T122/><D124/><U10/><E113/><V31/><F114/><W27/><G128/><T115/><D122/><U40/><E133/><V111/><F134/><W112/><G112/><T130/><D115/><U3/><E109/><V0/><F111/><W24/><G32/><T66/><D130/><U21/><E129/><V29/><F0/><W78/><G27/><T13/><D2/><U52/><E69/><V131/><F131/><W73/><G24/><T101/><D101/><U80/><E3/><V25/><F103/><W16/><G78/><T127/><D127/><U87/><E40/><V9/><F29/><W11/><G73/><T84/><D84/><N who="1" m="32363" /><E10/><V60/><F91/><W79/><G79/><T83/><D83/><U75/><E75/><V108/><F108/><W106/><G106/><T46/><D37/><U123/><E123/><V120/><F120/><W94/><G89/><T135/><D135/><U47/><E47/><V67/><F67/><W105/><G105/><T33/><D4/><U81/><E81/><V34/><F82/><W5/><G5/><T125/><D125/><U126/><E126/><V99/><F77/><W68/><REACH who="3" step="1"/><G38/><REACH who="3" ten="143,61,585,201" step="2"/><T116/><D35/><U42/><E42/><V64/><F25/><W63/><G63/><T17/><D33/><U6/><E6/><V93/><F60/><W119/><G119/><N who="2" m="45577" /><F34/><W61/><G61/><T59/><D116/><U110/><E110/><V100/><F31/><W8/><G8/><T54/><D30/><U7/><E7/><V90/><F90/><W39/><G39/><T95/><D104/><RYUUKYOKU ba="0,1" sc="143,-15,61,-15,585,15,201,15" hai2="9,14,18,43,50,64,65,93,99,100" hai3="11,15,16,41,45,48,56,58,68,70,71,88,94" /><INIT seed="7,1,1,0,5,132" ten="128,46,600,216" oya="3" hai0="81,129,48,55,32,124,66,115,88,24,84,37,17" hai1="85,69,118,14,73,68,30,119,96,25,27,135,21" hai2="104,98,8,52,35,105,46,126,130,70,31,38,67" hai3="80,93,99,128,65,71,89,91,10,12,53,50,111"/><W113/><G113/><T1/><D37/><U60/><E73/><V29/><F126/><W72/><G128/><T54/><D1/><U77/><E135/><V127/><F127/><W62/><G111/><T36/><D36/><U112/><E112/><V16/><F38/><W61/><G61/><T18/><D124/><U6/><E96/><V5/><F98/><W26/><G26/><N who="1" m="9738" /><E60/><V51/><F35/><W92/><G72/><T120/><D120/><U82/><E85/><V75/><F75/><W94/><G80/><T107/><D107/><U116/><E82/><V97/><F5/><W108/><G108/><T19/><D129/><U43/><E43/><V9/><F67/><W109/><G109/><T83/><D115/><U76/><E21/><V110/><F70/><N who="1" m="27241" /><E14/><V42/><F105/><W40/><G40/><T133/><D66/><U131/><E131/><V20/><F130/><W95/><N who="3" m="23552" /><DORA hai="15" /><W102/><G102/><T4/><D4/><U101/><E101/><V121/><F121/><W63/><G99/><T74/><D74/><U79/><E6/><V23/><F110/><W28/><G63/><T56/><D133/><U33/><E30/><V100/><F42/><W47/><REACH who="3" step="1"/><G28/><REACH who="3" ten="128,46,600,206" step="2"/><T114/><D114/><U117/><N who="1" m="30208" /><DORA hai="64" /><U2/><E2/><V90/><F31/><W57/><G57/><T122/><D81/><U7/><E7/><AGARI ba="1,2" hai="7,10,12,47,50,53,62,65,71,89,91" m="23552" machi="7" ten="50,12000,1" yaku="1,1,52,1,53,2" doraHai="132,15,64" doraHaiUra="59,22,41" who="3" fromWho="1" sc="128,0,46,-123,600,0,206,143" owari="128,-27.0,-77,-58.0,600,70.0,349,15.0" /></mjloggm>