<mjloggm ver="2.3"><GO type="169" lobby="0"/><UN n0="%41%6D%69%63%68%61%6E" n1="%6C%6F%4A%61%73%6B%69%6E" n2="%E3%81%84%E3%81%AC%E3%81%98%E3%82%83%E3%82%89%EF%BC%94" n3="%E3%83%88%E3%83%88%E3%83%AA%E5%85%88%E7%94%9F%31%39%E6%AD%B3" dan="16,17,18,18" rate="2098.82,2173.50,2336.56,2220.88" sx="F,F,M,F"/><TAIKYOKU oya="0"/><INIT seed="0,0,0,5,4,96" ten="250,250,250,250" oya="0" hai0="35,95,0,91,99,34,123,9,17,6,44,64,15" hai1="46,109,115,66,31,74,90,124,92,82,7,14,62" hai2="13,126,45,83,50,110,26,11,2,111,56,36,118" hai3="103,122,128,98,63,89,3,61,28,39,57,72,5"/><T18/><D123/><U38/><E109/><V32/><F2/><W106/><G39/><T71/><D44/><U102/><E31/><V55/><F126/><W65/><G122/><T12/><D64/><U51/><E115/><V79/><F118/><W54/><G72/><T88/><D71/><U49/><E74/><V58/><F26/><W10/><G128/><T48/><D48/><U1/><E1/><V19/><F32/><W114/><G28/><T94/><D0/><U76/><E38/><V73/><REACH who="2" step="1"/><F36/><REACH who="2" ten="250,250,240,250" step="2"/><W68/><G114/><T60/><D60/><U132/><E124/><V135/><F135/><W20/><G63/><T97/><REACH who="0" step="1"/><D6/><REACH who="0" ten="240,250,240,250" step="2"/><U84/><E7/><V107/><F107/><W30/><G3/><T131/><D131/><U125/><E62/><V116/><F116/><W53/><G5/><T81/><D81/><U130/><E82/><V23/><F23/><AGARI ba="0,2" hai="9,12,15,17,18,23,34,35,88,91,94,95,97,99" machi="23" ten="30,11600,0" yaku="1,1,7,1,9,1,54,1,53,0" doraHai="96" doraHaiUra="37" who="0" fromWho="2" sc="240,136,250,0,240,-116,250,0" /><INIT seed="0,1,0,1,3,135" ten="376,250,124,250" oya="0" hai0="4,19,104,85,122,73,134,63,92,113,15,103,29" hai1="45,53,28,6,14,111,2,0,83,71,65,81,23" hai2="61,26,116,108,107,46,82,7,110,130,119,93,22" hai3="68,41,3,13,57,125,90,16,89,20,5,51,100"/><T31/><D73/><U132/><E111/><N who="2" m="42539" /><F107/><W50/><G68/><T74/><D74/><U124/><E132/><V75/><F61/><W79/><G125/><T55/><D122/><U34/><E2/><V69/><F69/><W56/><G79/><T105/><D134/><U21/><E21/><V9/><F75/><W52/><G100/><T99/><D113/><U84/><E65/><V8/><F82/><W106/><G106/><T1/><D105/><U120/><E71/><V91/><F46/><N who="3" m="25935" /><G3/><T86/><D1/><U47/><E120/><V97/><F130/><W95/><G5/><T33/><D4/><U38/><E124/><V78/><F78/><W36/><G36/><T70/><D104/><U10/><E38/><V127/><F127/><W43/><G43/><T133/><D133/><U18/><E53/><V59/><F59/><N who="3" m="33183" /><G89/><T66/><D55/><U17/><E83/><V25/><F25/><W60/><G60/><T112/><D112/><U49/><E81/><V87/><F7/><W67/><G67/><T77/><D77/><U62/><E62/><V11/><F119/><W118/><G118/><T44/><D44/><U80/><E47/><V76/><F116/><W40/><G40/><T58/><D70/><U126/><E126/><V115/><F115/><W32/><G32/><T114/><D114/><U64/><E64/><V37/><F37/><W102/><G102/><T131/><D33/><U42/><E80/><N who="2" m="47495" /><F26/><W123/><G123/><T94/><D66/><U12/><E42/><V39/><F39/><W88/><G95/><N who="0" m="36395" /><D63/><U117/><E117/><V101/><F101/><RYUUKYOKU ba="1,0" sc="376,-15,250,-15,124,15,250,15" hai2="8,9,11,22,91,93,97" hai3="13,16,20,56,57,88,90" /><INIT seed="1,2,0,5,0,40" ten="361,235,139,265" oya="1" hai0="79,113,80,34,111,18,38,82,53,19,17,104,33" hai1="74,25,24,81,68,46,60,93,58,50,45,99,98" hai2="87,124,128,56,110,2,70,120,16,21,100,62,47" hai3="105,85,107,13,108,63,131,76,4,51,61,22,23"/><U97/><E68/><V102/><F120/><W132/><G108/><T29/><D104/><U15/><E74/><V28/><F70/><W96/><G132/><T48/><D38/><U121/><E121/><V42/><F2/><W126/><G131/><T31/><D111/><U72/><E72/><V129/><F28/><N who="0" m="10826" /><D113/><U75/><E75/><V77/><F124/><W6/><G126/><T103/><D34/><U106/><E106/><V117/><F117/><W7/><G105/><T112/><D33/><U115/><E81/><N who="0" m="31337" /><D112/><U91/><E115/><V86/><F110/><W114/><G114/><T41/><D103/><N who="2" m="39466" /><F77/><W3/><G3/><T59/><D41/><U94/><E15/><N who="2" m="9375" /><F129/><W134/><G76/><AGARI ba="2,0" hai="17,18,19,48,53,59,76,79" m="31337,10826" machi="76" ten="30,1000,0" yaku="8,1" doraHai="40" who="0" fromWho="3" sc="361,16,235,0,139,0,265,-16" /><INIT seed="2,0,0,2,0,99" ten="377,235,139,249" oya="2" hai0="96,124,51,39,1,104,12,66,133,21,113,98,74" hai1="35,131,43,42,105,106,55,17,97,20,95,134,58" hai2="6,117,83,87,36,84,88,116,48,61,112,52,135" hai3="38,93,15,100,123,69,92,122,85,89,29,0,24"/><V115/><F36/><W50/><G0/><T10/><D39/><U68/><E68/><V108/><F135/><W44/><G69/><T5/><D74/><U57/><E35/><V64/><F108/><W110/><G38/><T101/><D113/><U9/><E9/><V102/><F6/><W94/><G110/><T47/><D133/><U18/><E134/><V53/><F102/><W120/><G15/><T71/><D124/><U75/><E75/><V31/><F31/><W3/><G3/><T60/><D98/><U67/><E131/><V40/><F40/><W19/><G19/><T22/><REACH who="0" step="1"/><D1/><REACH who="0" ten="367,235,139,249" step="2"/><U7/><E97/><V90/><F115/><W63/><G122/><T2/><D2/><U80/><E105/><V107/><F112/><W86/><G123/><T132/><D132/><U77/><E106/><V72/><F107/><W109/><G120/><T121/><D121/><U11/><E42/><AGARI ba="0,1" hai="5,10,12,21,22,42,47,51,60,66,71,96,101,104" machi="42" ten="30,3900,0" yaku="1,1,7,1,52,1,53,0" doraHai="99" doraHaiUra="27" who="0" fromWho="1" sc="367,49,235,-39,139,0,249,0" /><INIT seed="3,0,0,3,2,98" ten="416,196,139,249" oya="3" hai0="88,51,124,109,131,93,50,75,39,116,47,129,27" hai1="102,82,10,31,66,125,117,120,18,134,67,71,63" hai2="91,114,107,135,65,96,4,13,84,33,61,25,9" hai3="57,0,97,130,81,106,46,132,90,20,119,113,37"/><W74/><G113/><T22/><D116/><U19/><E120/><V111/><F114/><W26/><G119/><T133/><D109/><U15/><E117/><V41/><F111/><W123/><G123/><T77/><D124/><U110/><E125/><V95/><F135/><W3/><G132/><T69/><D69/><U99/><E110/><V38/><F41/><W101/><G130/><N who="0" m="49675" /><D133/><U118/><E134/><V11/><F38/><W48/><G37/><T100/><D100/><U121/><E121/><V7/><F33/><W112/><G57/><T29/><D77/><U42/><E118/><V56/><F25/><W68/><G68/><T1/><D75/><U78/><E67/><V30/><F30/><W59/><G59/><T40/><D1/><U103/><E31/><V79/><F107/><W62/><G62/><T8/><D8/><U70/><E42/><V44/><F44/><W86/><G74/><T115/><D115/><U17/><E71/><V108/><F108/><W35/><G35/><T89/><D89/><U24/><E24/><V122/><F122/><W34/><G34/><T85/><AGARI ba="0,0" hai="22,27,29,39,40,47,50,51,85,88,93" m="49675" machi="85" ten="30,2000,0" yaku="19,1,54,1" doraHai="98" who="0" fromWho="0" sc="416,20,196,-5,139,-5,249,-10" /><INIT seed="4,0,0,1,4,110" ten="436,191,134,239" oya="0" hai0="5,119,105,23,132,133,108,115,114,64,101,61,67" hai1="78,2,96,50,11,25,21,81,48,128,43,116,59" hai2="111,12,34,40,29,57,100,31,125,51,55,69,106" hai3="30,75,118,85,93,38,89,71,20,41,122,77,4"/><T90/><D5/><U16/><E116/><V76/><F111/><W10/><G118/><T0/><D0/><U53/><E128/><V83/><F125/><W109/><G109/><T97/><D108/><U6/><E96/><V127/><F127/><W91/><G71/><N who="0" m="42383" /><D119/><U103/><E103/><V135/><F135/><N who="0" m="51786" /><D67/><U124/><E124/><V54/><F69/><W22/><G30/><T88/><D23/><U62/><REACH who="1" step="1"/><E43/><REACH who="1" ten="436,181,134,239" step="2"/><V46/><F40/><W131/><G41/><T79/><D79/><U60/><E60/><V107/><F76/><W24/><G77/><T70/><D70/><U74/><AGARI ba="0,1" hai="2,6,11,16,21,25,48,50,53,59,62,74,78,81" machi="74" ten="20,8000,1" yaku="1,1,0,1,7,1,54,1,53,1" doraHai="110" doraHaiUra="17" who="1" fromWho="1" sc="436,-40,181,90,134,-20,239,-20" /><INIT seed="5,0,0,2,4,126" ten="396,271,114,219" oya="1" hai0="101,32,132,87,93,81,95,27,72,64,47,65,94" hai1="98,12,134,46,3,19,8,25,117,68,48,96,26" hai2="99,59,108,51,100,4,10,70,125,57,105,16,92" hai3="60,2,131,35,53,80,55,5,49,31,39,118,52"/><U61/><E117/><V107/><F108/><W40/><G118/><T82/><D132/><U44/><E134/><V119/><F119/><W18/><G39/><T116/><D116/><U15/><E3/><V50/><F70/><W75/><G18/><T36/><D36/><U79/><E79/><V90/><F125/><W127/><G127/><T83/><D47/><U76/><E76/><V89/><F4/><W20/><G35/><T62/><D27/><U11/><E44/><V121/><F121/><W23/><G40/><T88/><D32/><U0/><E0/><V74/><F74/><W21/><G31/><T110/><D110/><U133/><E133/><V34/><F34/><W120/><G120/><T54/><D72/><U111/><E111/><V13/><F107/><W37/><G37/><T103/><D54/><N who="1" m="29975" /><E61/><V6/><F6/><W9/><G49/><N who="2" m="18441" /><F105/><W7/><G7/><T56/><D65/><U14/><E68/><V63/><F59/><W97/><G60/><T104/><D104/><U66/><E66/><AGARI ba="0,0" hai="10,13,16,57,63,66,89,90,92,99,100" m="18441" machi="66" ten="30,2000,0" yaku="8,1,54,1" doraHai="126" who="2" fromWho="1" sc="396,0,271,-20,114,20,219,0" /><INIT seed="6,0,0,1,1,64" ten="396,251,134,219" oya="2" hai0="94,116,106,99,109,51,132,73,8,131,22,50,133" hai1="70,122,84,48,102,123,125,126,100,97,32,120,63" hai2="44,119,110,134,128,75,91,25,76,118,111,36,66" hai3="105,107,58,129,71,30,53,124,23,101,135,81,31"/><V62/><F91/><W68/><G81/><T117/><D109/><N who="2" m="41482" /><F76/><W3/><G3/><T114/><D73/><U85/><E32/><V12/><F75/><W35/><G35/><T10/><D114/><U33/><E33/><V79/><F79/><W40/><G40/><T17/><D106/><N who="3" m="40457" /><G101/><N who="1" m="39018" /><E97/><V38/><F25/><N who="3" m="16703" /><G31/><T61/><D131/><U112/><E112/><V80/><F80/><W11/><G11/><N who="0" m="4139" /><D61/><U65/><E48/><N who="0" m="18473" /><D94/><U96/><E96/><V14/><F128/><W89/><G89/><T47/><D99/><U26/><E26/><V98/><F98/><W37/><G37/><N who="2" m="14441" /><F44/><W7/><G7/><T42/><D47/><U93/><E93/><V121/><F121/><W67/><G67/><T95/><D95/><U86/><AGARI ba="0,0" hai="63,65,70,84,85,86,120,122,123,125,126" m="39018" machi="86" ten="40,2700,0" yaku="13,1,52,1" doraHai="64" who="1" fromWho="1" sc="396,-7,251,27,134,-13,219,-7" /><INIT seed="7,0,0,4,2,15" ten="389,278,121,212" oya="3" hai0="10,27,59,101,120,24,77,69,13,16,122,134,93" hai1="89,129,44,114,71,41,119,33,92,1,38,52,4" hai2="116,11,80,70,49,113,8,105,83,67,115,94,90" hai3="63,43,14,53,17,127,121,23,86,123,98,74,25"/><W118/><G118/><T47/><D69/><U62/><E119/><V76/><F105/><W110/><G74/><T104/><D104/><U19/><E33/><V111/><F111/><W34/><G110/><T75/><D134/><U126/><E114/><V51/><F116/><W61/><G127/><T26/><D47/><U48/><E129/><V128/><F128/><W50/><G43/><T66/><D75/><U37/><E126/><V65/><F94/><W21/><G34/><T28/><D77/><U102/><E102/><V55/><F90/><W78/><G98/><N who="0" m="59599" /><D122/><U68/><E4/><V124/><F124/><W95/><G121/><T58/><D120/><U36/><E1/><V88/><F88/><N who="3" m="53655" /><G78/><T5/><D5/><U40/><E89/><V106/><F106/><W103/><G103/><T42/><D42/><N who="1" m="16491" /><E19/><V79/><REACH who="2" step="1"/><F55/><REACH who="2" ten="389,278,111,212" step="2"/><W87/><G123/><T81/><D81/><U30/><E92/><V131/><F131/><W3/><G3/><T18/><D28/><U46/><E30/><V99/><F99/><W22/><G87/><T133/><D133/><U56/><E44/><V2/><F2/><W60/><G25/><T31/><D27/><U85/><E85/><V91/><F91/><W9/><G9/><T130/><D26/><U109/><E109/><V39/><F39/><W82/><G82/><T96/><D96/><U125/><E125/><V54/><F54/><AGARI ba="0,1" hai="36,37,38,46,48,52,54,56,62,68,71" m="16491" machi="54" ten="30,12000,2" yaku="35,5,54,1" doraHai="15" who="1" fromWho="2" sc="389,0,278,130,111,-120,212,0" owari="389,19.0,408,51.0,-9,-51.0,212,-19.0" /></mjloggm>