<mjloggm ver="2.3"><GO type="97" lobby="0"/><UN n0="%74%61%6D%61%5F%74%61%6D" n1="%54%61%6E%79" n2="%E5%98%98%E3%81%AF%E7%BD%AA" n3="%E5%B0%B1%E6%B4%BB%E7%94%9F%40%E5%B7%9D%E6%9D%91%E8%BB%8D%E5%9B%A3" dan="15,13,13,15" rate="1985.33,1859.38,1846.45,2045.46" sx="M,M,M,M"/><TAIKYOKU oya="0"/><INIT seed="0,0,0,5,0,50" ten="250,250,250,250" oya="0" hai0="10,98,106,59,1,114,58,31,133,38,52,110,107" hai1="72,78,91,32,43,57,70,54,47,44,67,23,125" hai2="128,86,29,94,13,103,74,124,77,118,17,112,19" hai3="62,93,87,46,15,40,34,135,35,116,130,25,22"/><T24/><D38/><U80/><E32/><V41/><F128/><W28/><G116/><T36/><D36/><U51/><E125/><V7/><F124/><W76/><G130/><T60/><D114/><U90/><E23/><V123/><F112/><W33/><G135/><T111/><D133/><U126/><E126/><V63/><F74/><W21/><G62/><T127/><D127/><U115/><E115/><V69/><F29/><W4/><G4/><N who="0" m="1295" /><D59/><U66/><E66/><V68/><F68/><W26/><G15/><T89/><D89/><U64/><E64/><V84/><F123/><W73/><G73/><T42/><D42/><U49/><E47/><V48/><F118/><W20/><G28/><T81/><D81/><U3/><E3/><V5/><F19/><W9/><G9/><T85/><D85/><U132/><E132/><V12/><F69/><W79/><G93/><T14/><D14/><N who="2" m="5738" /><F63/><W18/><G87/><N who="2" m="33321" /><F17/><W16/><REACH who="3" step="1"/><G20/><REACH who="3" ten="250,250,250,240" step="2"/><N who="0" m="15751" /><D98/><U82/><E72/><V27/><F27/><W88/><G88/><T39/><D39/><AGARI ba="0,1" hai="16,18,21,22,25,26,33,34,35,39,40,46,76,79" machi="39" ten="40,5200,0" yaku="1,1,9,1,54,1,53,0" doraHai="50" doraHaiUra="101" who="3" fromWho="0" sc="250,-52,250,0,250,0,240,62" /><INIT seed="1,0,0,0,1,7" ten="198,250,250,302" oya="1" hai0="65,11,25,133,55,31,45,94,103,91,33,30,114" hai1="130,56,129,40,37,126,99,83,24,39,32,96,120" hai2="19,15,98,51,92,85,74,34,21,125,134,135,109" hai3="62,76,64,28,123,122,0,124,119,113,73,41,57"/><U90/><E120/><V44/><F125/><W3/><G113/><T87/><D114/><U17/><E126/><V36/><F36/><W29/><G124/><T1/><D133/><N who="2" m="50698" /><F109/><W116/><G41/><T95/><D65/><U18/><E56/><V67/><F67/><W59/><G73/><T68/><D68/><U77/><E18/><V58/><F74/><W72/><G72/><T108/><D108/><U4/><E4/><V50/><F34/><W63/><G64/><T97/><D31/><U43/><E32/><V75/><F75/><W42/><G42/><N who="1" m="15914" /><E24/><V54/><F85/><W47/><G47/><T81/><D55/><U13/><E90/><N who="2" m="55575" /><F44/><W127/><G127/><T106/><REACH who="0" step="1"/><D45/><REACH who="0" ten="188,250,250,302" step="2"/><U26/><E129/><V86/><F86/><W115/><G115/><T53/><D53/><U9/><E130/><V14/><F51/><W118/><G118/><T8/><D8/><U117/><E117/><V110/><F110/><W131/><G131/><T101/><D101/><U46/><E46/><V23/><F23/><W12/><G116/><T121/><D121/><U6/><E39/><V16/><F19/><W61/><G119/><T5/><AGARI ba="0,1" hai="1,5,11,25,30,33,81,87,91,94,95,97,103,106" machi="5" ten="30,7900,0" yaku="1,1,0,1,52,1,53,1" doraHai="7" doraHaiUra="80" who="0" fromWho="0" sc="188,89,250,-39,250,-20,302,-20" /><INIT seed="2,0,0,0,3,73" ten="277,211,230,282" oya="2" hai0="83,128,45,111,16,87,69,39,52,70,92,61,58" hai1="100,1,15,116,33,63,105,23,124,110,103,14,85" hai2="84,122,115,114,37,60,77,102,42,71,125,30,36" hai3="91,120,51,68,97,46,82,41,74,72,29,112,64"/><V118/><F122/><W3/><G120/><T56/><D92/><U113/><E116/><V55/><F118/><W34/><G3/><T96/><D96/><U107/><E113/><V54/><F102/><W131/><G112/><N who="2" m="43049" /><F30/><W38/><G131/><T44/><D128/><U57/><E124/><V8/><F8/><W7/><G7/><T78/><D111/><U5/><E110/><V121/><F84/><W66/><G38/><N who="2" m="14953" /><F77/><W27/><G72/><T130/><D130/><U76/><E33/><V129/><F121/><W132/><G132/><T75/><D75/><U40/><E40/><V19/><F19/><W35/><G35/><T0/><D0/><U28/><E1/><V81/><F81/><W94/><REACH who="3" step="1"/><G68/><REACH who="3" ten="277,211,230,272" step="2"/><T65/><D70/><U117/><E117/><V134/><F129/><W10/><G10/><T119/><D119/><U88/><E5/><V93/><F134/><W50/><G50/><N who="0" m="30743" /><D39/><U22/><E22/><V31/><F125/><W67/><G67/><T80/><D69/><U26/><E23/><V20/><F71/><W17/><G17/><T98/><D16/><U109/><E109/><V104/><F31/><W108/><G108/><T123/><D123/><U47/><E28/><V90/><F20/><W101/><G101/><T79/><D65/><U106/><E103/><V21/><F21/><W2/><G2/><T11/><D11/><U126/><E100/><V25/><F25/><W9/><G9/><T32/><D32/><U12/><E26/><V127/><F127/><W4/><G4/><T6/><D6/><U49/><E126/><V133/><F133/><RYUUKYOKU ba="0,1" sc="277,-10,211,-10,230,-10,272,30" hai3="27,29,34,41,46,51,64,66,74,82,91,94,97" /><INIT seed="3,1,1,2,0,98" ten="267,201,220,302" oya="3" hai0="82,37,112,95,85,121,79,107,0,47,56,10,28" hai1="49,14,25,24,5,35,48,40,58,88,131,77,104" hai2="33,15,43,44,116,103,29,53,3,52,13,92,20" hai3="133,100,117,65,102,87,101,128,96,69,17,86,127"/><W22/><G117/><T134/><D134/><U31/><E104/><V51/><F116/><W124/><G133/><T120/><D107/><U32/><E131/><V80/><F3/><W73/><G73/><T38/><D112/><U1/><E77/><V122/><F122/><W67/><G96/><T55/><D28/><U118/><E118/><V34/><F34/><W23/><G23/><T57/><D37/><U45/><E1/><V76/><F33/><W135/><G128/><T70/><D70/><U114/><E114/><V110/><F110/><W106/><G106/><T54/><D95/><U75/><E75/><V63/><F15/><N who="3" m="9535" /><G69/><T50/><D10/><U91/><E32/><V94/><F94/><W74/><G74/><T66/><D66/><N who="3" m="25097" /><G135/><T39/><D0/><U123/><E123/><V12/><F12/><W108/><G108/><T109/><D109/><U30/><E5/><V72/><F63/><W62/><G62/><T125/><D38/><U41/><E14/><V129/><F129/><W81/><G81/><T19/><D121/><U18/><E18/><V6/><F6/><W113/><G113/><T119/><D120/><U126/><E126/><AGARI ba="1,1" hai="86,87,100,101,102,124,126,127" m="25097,9535" machi="126" ten="30,11600,0" yaku="18,1,52,3" doraHai="98" who="3" fromWho="1" sc="267,0,201,-119,220,0,302,129" owari="267,7.0,82,-42.0,220,-18.0,431,53.0" /></mjloggm>