<mjloggm ver="2.3"><GO type="169" lobby="0"/><UN n0="%74%61%6B%61%2D%31%31%36" n1="%E3%82%A6%E3%83%AB%E3%83%88%E3%83%A9%E7%AB%8B%E7%9B%B4" n2="%E8%B1%86%E7%89%B9%EF%BC%A0%E6%B2%B3%E6%9D%91%E8%BB%8D%E5%9B%A3" n3="%E3%82%BF%E3%82%B1%E3%82%AA%E3%81%97%E3%82%83%E3%82%93" dan="16,16,16,17" rate="2083.62,2132.22,2082.42,2149.01" sx="M,M,M,M"/><TAIKYOKU oya="0"/><INIT seed="0,0,0,1,1,85" ten="250,250,250,250" oya="0" hai0="130,36,23,79,84,34,132,60,67,88,69,3,20" hai1="17,97,115,121,77,59,32,105,87,6,95,124,100" hai2="80,125,16,25,5,78,7,10,46,103,55,50,117" hai3="52,102,114,92,109,58,39,73,112,107,37,106,27"/><T61/><D34/><U89/><E121/><V43/><F117/><W15/><G73/><T48/><D36/><U86/><E115/><V24/><F125/><W119/><G119/><T104/><D104/><U29/><E124/><V133/><F133/><W0/><G0/><T38/><D38/><U72/><E6/><V9/><F103/><W64/><G109/><T40/><D3/><U56/><E87/><N who="2" m="48535" /><F55/><W93/><G64/><T33/><D33/><U47/><E47/><V41/><F41/><W44/><G15/><T98/><D130/><U126/><E126/><V135/><F135/><W28/><G44/><T108/><D108/><U11/><E29/><V68/><F68/><W66/><G66/><T30/><D60/><U42/><E32/><V19/><F10/><W76/><G76/><T71/><D71/><U8/><E42/><V120/><F120/><W101/><G28/><T134/><D79/><U22/><E11/><V122/><F122/><W83/><G58/><T62/><D98/><U49/><E8/><V51/><F51/><W118/><G118/><T4/><D62/><U123/><E49/><V14/><F7/><W110/><G110/><T99/><D99/><U45/><E45/><V35/><F35/><W57/><G37/><T113/><D4/><U96/><E96/><V1/><F1/><W129/><G39/><T13/><D113/><U82/><E123/><V116/><F116/><W12/><G112/><T128/><D128/><U131/><E131/><V75/><F75/><W65/><G114/><T74/><D74/><U91/><E72/><V53/><F43/><RYUUKYOKU ba="0,0" sc="250,-10,250,-10,250,30,250,-10" hai2="5,9,14,16,19,24,25,46,50,53" /><INIT seed="1,1,0,4,0,93" ten="240,240,280,240" oya="1" hai0="50,76,132,85,35,22,2,126,96,86,115,43,129" hai1="119,116,25,122,118,57,55,12,82,89,97,39,10" hai2="106,41,40,52,7,108,65,68,123,51,128,105,100" hai3="31,110,121,49,34,1,3,94,11,26,112,24,47"/><U18/><E39/><V109/><F123/><W125/><G121/><T88/><D115/><U33/><E122/><V84/><F7/><W17/><G112/><T58/><D35/><U23/><E33/><V90/><F128/><W98/><G125/><T135/><D129/><U32/><E32/><V15/><F15/><W5/><G110/><N who="2" m="42601" /><F65/><W114/><G114/><T44/><D126/><U120/><E120/><V80/><F68/><W71/><G71/><T38/><D2/><U107/><E82/><V92/><F92/><W21/><G3/><T48/><D38/><U28/><E89/><V54/><F54/><W87/><G87/><T91/><D76/><U45/><E45/><N who="2" m="27759" /><F100/><W99/><REACH who="3" step="1"/><G94/><REACH who="3" ten="240,240,280,230" step="2"/><N who="0" m="56415" /><D86/><U29/><E107/><AGARI ba="1,1" hai="40,41,80,84,90,105,106,107" m="27759,42601" machi="107" ten="30,2000,0" yaku="14,1,54,1" doraHai="93" who="2" fromWho="1" sc="240,0,240,-23,280,33,230,0" /><INIT seed="2,0,0,3,3,52" ten="240,217,313,230" oya="2" hai0="88,109,43,94,132,73,130,119,97,93,120,0,16" hai1="70,74,129,92,5,87,46,133,65,2,79,67,4" hai2="105,47,112,13,58,51,78,102,57,103,21,18,3" hai3="53,99,126,39,27,40,23,8,131,96,9,64,33"/><V28/><F112/><W26/><G126/><T122/><D0/><U100/><E70/><V55/><F3/><W128/><G64/><T25/><D119/><U62/><E2/><V49/><F78/><W59/><G33/><T15/><D73/><U50/><E74/><V116/><F116/><W24/><G23/><T35/><D130/><N who="3" m="49705" /><G40/><T37/><D132/><U61/><E133/><V11/><F105/><W63/><G39/><T124/><D124/><U7/><E129/><V1/><F1/><W41/><G41/><T44/><D109/><U107/><E107/><V82/><F82/><W114/><G114/><T10/><REACH who="0" step="1"/><D94/><REACH who="0" ten="230,217,313,230" step="2"/><U38/><E92/><V12/><F51/><W115/><G115/><T113/><D113/><U29/><E38/><V86/><F86/><W104/><G104/><T106/><D106/><U31/><E87/><V76/><F76/><W108/><G108/><T71/><D71/><U14/><E79/><V17/><F28/><AGARI ba="0,1" hai="10,15,16,25,28,35,37,43,44,88,93,97,120,122" machi="28" ten="40,5200,0" yaku="1,1,54,2,53,0" doraHai="52" doraHaiUra="80" who="0" fromWho="2" sc="230,62,217,0,313,-52,230,0" /><INIT seed="3,0,0,3,0,121" ten="292,217,261,230" oya="3" hai0="125,63,12,107,33,113,108,50,85,135,37,111,72" hai1="25,26,23,73,14,34,7,69,87,70,89,103,36" hai2="116,98,68,115,77,99,49,114,24,64,109,122,71" hai3="16,61,110,35,91,58,42,55,39,123,126,74,15"/><W21/><G123/><T59/><D72/><U104/><E36/><V46/><F116/><W3/><G3/><T96/><D113/><U44/><E73/><V76/><F122/><W47/><G126/><T38/><D125/><U0/><E0/><V66/><F24/><W106/><G74/><T67/><D135/><U102/><E70/><V53/><F49/><W97/><G35/><T81/><D33/><U88/><E69/><V124/><F124/><W54/><G110/><N who="0" m="42027" /><D50/><U133/><E133/><V128/><F109/><W101/><REACH who="3" step="1"/><G91/><REACH who="3" ten="292,217,261,220" step="2"/><N who="0" m="51631" /><D12/><U2/><E14/><V40/><F114/><W82/><G82/><T1/><D1/><U95/><E34/><V105/><F115/><W127/><G127/><T27/><D27/><U43/><E26/><V84/><F77/><W31/><G31/><T4/><D4/><U11/><E25/><V90/><F76/><W132/><G132/><T17/><D17/><U80/><E7/><V86/><F90/><W41/><G41/><T130/><D130/><U22/><E43/><V56/><F40/><W120/><G120/><T5/><D5/><U6/><E89/><V119/><F128/><W57/><G57/><T118/><D118/><U117/><E88/><V92/><F56/><W52/><AGARI ba="0,1" hai="15,16,21,39,42,47,52,54,55,58,61,97,101,106" machi="52" ten="20,12000,1" yaku="1,1,0,1,7,1,54,2,53,0" doraHai="121" doraHaiUra="129" who="3" fromWho="3" sc="292,-40,217,-40,261,-40,220,130" /><INIT seed="3,1,0,3,1,129" ten="252,177,221,350" oya="3" hai0="111,119,82,80,28,87,27,110,120,97,47,44,51" hai1="103,99,62,67,12,68,45,63,18,42,57,114,39" hai2="35,98,9,23,48,10,75,30,0,65,19,89,56" hai3="4,132,54,130,69,16,3,134,60,32,11,76,112"/><W25/><G76/><T135/><D135/><N who="3" m="51753" /><G112/><T70/><D119/><U79/><E79/><V100/><F75/><W96/><G130/><T113/><D120/><U83/><E83/><V106/><F0/><W6/><G96/><T46/><D70/><U85/><E85/><V123/><F123/><W15/><G54/><T121/><D113/><U104/><E114/><V86/><F30/><N who="3" m="19535" /><G3/><T77/><D121/><U33/><E33/><V84/><F35/><W101/><G101/><T78/><D97/><U133/><E133/><V118/><F118/><W125/><G125/><T74/><D110/><U2/><E2/><V21/><F98/><W61/><G61/><T31/><D111/><U90/><E63/><V55/><F100/><W94/><G94/><T59/><D78/><U109/><E109/><V26/><F55/><W105/><G105/><T116/><D116/><U43/><E90/><V71/><F89/><W64/><AGARI ba="1,0" hai="4,6,11,15,16,60,64,69" m="19535,51753" machi="64" ten="30,12000,1" yaku="20,1,52,3,54,1" doraHai="129" who="3" fromWho="3" sc="252,-41,177,-41,221,-41,350,123" /><INIT seed="3,2,0,5,2,125" ten="211,136,180,473" oya="3" hai0="44,79,90,122,74,115,14,72,113,123,102,83,70" hai1="46,82,103,34,98,78,17,24,62,61,93,22,35" hai2="135,91,2,95,53,58,28,104,85,32,43,112,8" hai3="13,119,60,26,50,88,92,54,33,64,68,134,111"/><W105/><G119/><T1/><D70/><U130/><E46/><V100/><F112/><N who="0" m="43082" /><D1/><U52/><E130/><V66/><F135/><W51/><G134/><T6/><D44/><U30/><E52/><V121/><F43/><W21/><G105/><T132/><D132/><U18/><E34/><V37/><F37/><W131/><G131/><T31/><D31/><U75/><REACH who="1" step="1"/><E18/><REACH who="1" ten="211,126,180,473" step="2"/><V9/><F53/><W19/><G111/><T7/><D123/><U77/><E77/><V36/><F121/><W67/><G67/><T55/><D79/><U110/><E110/><V49/><F66/><W101/><G54/><T59/><D55/><U126/><E126/><V118/><F118/><W39/><G39/><T56/><D122/><U87/><E87/><V15/><F85/><W69/><G50/><T42/><D74/><U127/><E127/><V120/><F49/><W97/><G51/><T86/><D72/><U109/><E109/><V25/><F36/><W80/><G33/><T57/><D42/><U128/><E128/><V99/><F120/><W47/><G47/><T63/><D63/><U20/><E20/><V40/><F40/><W107/><G60/><T41/><D41/><U29/><E29/><V124/><F124/><W12/><G64/><T76/><D76/><U73/><E73/><V133/><F133/><W27/><G21/><T11/><D86/><U108/><E108/><V45/><F32/><W23/><G23/><T96/><D11/><U5/><E5/><V4/><F45/><W129/><G129/><T106/><D7/><U38/><E38/><V116/><F4/><RYUUKYOKU ba="2,1" sc="211,-10,126,30,180,-10,473,-10" hai1="17,22,24,30,35,61,62,75,78,82,93,98,103" /><INIT seed="4,3,1,2,5,67" ten="201,156,170,463" oya="0" hai0="46,42,74,71,4,25,21,78,33,17,116,81,55" hai1="80,98,101,94,108,15,99,36,132,47,19,93,100" hai2="73,44,83,51,2,1,128,62,8,6,127,54,39" hai3="87,9,37,96,107,3,89,72,61,86,69,120,79"/><T131/><D116/><U102/><E108/><V65/><F127/><W22/><G86/><T75/><D131/><U14/><E132/><V68/><F128/><W10/><G37/><T41/><D33/><U52/><E80/><V84/><F73/><W16/><G120/><T126/><D126/><U111/><E111/><V85/><F39/><W123/><G123/><T12/><D71/><U118/><E118/><V92/><F92/><N who="1" m="35433" /><E36/><V95/><F95/><N who="3" m="54719" /><G69/><T110/><D110/><U48/><E15/><V91/><REACH who="2" step="1"/><F84/><REACH who="2" ten="201,156,160,463" step="2"/><W57/><G72/><T77/><D75/><U135/><E135/><V13/><AGARI ba="3,2" hai="1,2,6,8,13,44,51,54,62,65,68,83,85,91" machi="13" ten="20,8000,1" yaku="1,1,2,1,0,1,7,1,52,1,53,0" doraHai="67" doraHaiUra="125" who="2" fromWho="2" sc="201,-43,156,-23,160,109,463,-23" /><INIT seed="5,0,0,0,2,108" ten="158,133,269,440" oya="1" hai0="36,39,117,135,132,47,66,131,114,68,99,25,72" hai1="84,94,111,65,87,11,60,128,79,54,102,93,13" hai2="86,113,122,78,107,44,112,91,80,9,41,119,76" hai3="124,97,121,59,120,6,57,33,63,64,70,31,5"/><U118/><E118/><V34/><F34/><W52/><G124/><T53/><D117/><U71/><E111/><V77/><F119/><W49/><G70/><T23/><D72/><U14/><E128/><V73/><F122/><W104/><G33/><T81/><D131/><U32/><E32/><V129/><F129/><W26/><G120/><T101/><D68/><U21/><E54/><V28/><F28/><W22/><G121/><T106/><D66/><U96/><E79/><V43/><F107/><W40/><G104/><T82/><D39/><U12/><E11/><V37/><F9/><W42/><G97/><T4/><D4/><AGARI ba="0,0" hai="4,5,6,22,26,31,40,42,49,52,57,59,63,64" machi="4" ten="40,2600,0" yaku="8,1,54,1" doraHai="108" who="3" fromWho="0" sc="158,-26,133,0,269,0,440,26" /><INIT seed="6,0,0,5,5,47" ten="132,133,269,466" oya="2" hai0="60,123,58,121,72,16,44,95,80,19,39,77,71" hai1="9,29,28,12,70,13,93,20,1,45,11,31,7" hai2="24,76,66,105,78,122,114,133,37,119,135,30,48" hai3="54,49,40,17,94,101,34,14,73,6,42,62,57"/><V109/><F37/><W90/><G34/><T51/><D71/><U83/><E70/><V111/><F105/><W127/><G73/><T134/><D134/><N who="2" m="51210" /><F66/><W3/><G101/><T50/><D39/><U115/><E93/><V118/><F122/><W86/><G127/><T36/><D36/><U126/><E83/><V125/><F125/><W88/><G6/><T68/><D68/><U2/><E45/><V52/><F114/><W102/><G3/><N who="1" m="1034" /><E115/><V100/><F100/><W23/><G102/><T15/><D95/><U35/><E126/><V85/><F24/><W53/><G90/><T124/><D124/><U27/><E35/><V21/><F30/><W108/><G108/><N who="2" m="41545" /><F21/><W131/><G131/><T74/><D121/><U25/><E20/><V106/><F106/><W89/><G89/><T26/><D123/><U5/><AGARI ba="0,0" hai="5,7,9,11,12,13,25,27,28,29,31" m="1034" machi="5" ten="30,8000,1" yaku="35,5" doraHai="47" who="1" fromWho="1" sc="132,-20,133,80,269,-40,466,-20" /><INIT seed="7,0,0,5,2,88" ten="112,213,229,446" oya="3" hai0="102,121,122,49,98,57,24,23,13,10,48,127,79" hai1="91,86,31,0,84,33,81,8,67,6,116,55,19" hai2="89,118,43,96,95,28,132,119,107,70,101,93,135" hai3="75,20,25,78,77,106,1,37,30,123,14,104,22"/><W47/><G1/><T65/><D127/><U34/><E31/><V50/><F70/><W83/><G77/><T90/><D122/><U94/><E116/><V7/><F7/><W4/><G123/><T66/><D121/><U105/><E105/><V40/><F28/><W63/><G63/><T103/><D79/><U64/><E64/><V109/><F109/><W85/><G75/><T128/><D128/><U3/><E3/><V124/><F124/><W54/><G54/><T18/><D66/><U36/><E36/><V73/><F73/><W130/><G130/><T2/><D2/><U38/><E38/><V11/><F11/><W62/><G62/><T112/><D112/><U82/><E82/><V100/><F107/><W44/><G4/><T26/><D26/><U87/><E87/><N who="2" m="52415" /><F101/><W5/><G5/><T45/><D45/><U113/><E113/><V58/><F119/><W29/><G44/><T92/><D103/><U120/><E120/><V52/><F118/><W117/><G117/><T110/><D90/><U76/><E67/><V46/><F46/><W99/><G29/><T35/><D35/><U126/><E126/><V27/><F27/><W129/><G47/><T108/><D108/><U15/><E55/><V114/><F114/><W68/><G30/><T9/><D110/><U32/><E32/><V72/><F72/><W39/><G37/><T97/><D97/><U12/><E0/><V80/><F80/><W17/><G83/><T74/><D74/><U115/><E115/><V53/><F53/><W51/><G39/><T56/><D10/><AGARI ba="0,0" hai="6,8,10,12,15,19,33,34,76,81,84,86,91,94" machi="10" ten="30,2000,0" yaku="7,1,52,1" doraHai="88" who="1" fromWho="0" sc="112,-20,213,20,229,0,446,0" owari="92,-41.0,233,3.0,229,-17.0,446,55.0" /></mjloggm>