<mjloggm ver="2.3"><GO type="41" lobby="0"/><UN n0="%E3%83%95%E3%82%A1%E3%82%BD" n1="%E5%B0%B1%E6%B4%BB%E7%94%9F%40%E5%B7%9D%E6%9D%91%E8%BB%8D%E5%9B%A3" n2="%68%61%72%74%6D%61%6E%6E" n3="%73%70%75%74%6E%69%6B" dan="13,15,13,13" rate="1870.87,2002.75,1891.70,1805.44" sx="M,M,M,M"/><TAIKYOKU oya="0"/><INIT seed="0,0,0,2,5,32" ten="250,250,250,250" oya="0" hai0="10,55,46,27,82,7,22,100,70,8,94,95,81" hai1="131,132,69,125,40,51,68,67,37,134,64,123,39" hai2="5,115,35,130,74,111,117,135,29,60,28,129,13" hai3="57,89,86,43,4,50,92,114,77,44,90,107,102"/><T34/><D70/><N who="1" m="27243" /><E123/><V45/><F60/><W119/><G114/><T99/><D34/><U47/><E125/><V30/><F45/><W21/><G119/><T88/><D46/><U31/><E31/><V23/><F74/><W126/><G126/><T0/><D10/><U93/><E93/><V84/><F84/><W110/><G110/><T98/><REACH who="0" step="1"/><D55/><REACH who="0" ten="240,250,250,250" step="2"/><U25/><E131/><V14/><F35/><W62/><G44/><T16/><AGARI ba="0,1" hai="0,7,8,16,22,27,81,82,88,94,95,98,99,100" machi="16" ten="20,18000,2" yaku="1,1,2,1,0,1,7,1,52,1,54,2,53,0" doraHai="32" doraHaiUra="105" who="0" fromWho="0" sc="240,190,250,-60,250,-60,250,-60" /><INIT seed="0,1,0,2,2,37" ten="430,190,190,190" oya="0" hai0="64,51,95,127,67,104,4,106,34,54,49,35,6" hai1="79,11,73,41,58,116,112,7,75,9,26,30,91" hai2="123,21,60,50,53,5,15,2,27,8,93,69,71" hai3="24,17,90,128,77,25,10,115,105,96,122,66,134"/><T131/><D131/><U89/><E116/><V57/><F123/><W55/><G115/><T42/><D54/><U70/><E70/><V16/><F50/><W65/><G128/><T92/><REACH who="0" step="1"/><D127/><REACH who="0" ten="420,190,190,190" step="2"/><U62/><E112/><V118/><F118/><W111/><G122/><T59/><D59/><U109/><E58/><V107/><F107/><W22/><G134/><T40/><AGARI ba="1,1" hai="4,6,34,35,40,42,49,51,64,67,92,95,104,106" machi="40" ten="25,18000,2" yaku="1,1,0,1,22,2,52,2,53,0" doraHai="37" doraHaiUra="84" who="0" fromWho="0" sc="420,193,190,-61,190,-61,190,-61" /><INIT seed="0,2,0,5,0,125" ten="613,129,129,129" oya="0" hai0="53,101,11,49,13,24,21,62,46,133,94,26,7" hai1="115,74,130,50,119,39,70,73,52,17,2,116,83" hai2="48,113,100,34,96,106,123,38,61,8,128,47,82" hai3="9,65,122,88,41,29,40,90,58,59,120,121,10"/><T107/><D107/><U104/><E39/><V42/><F123/><N who="3" m="31491" /><W51/><DORA hai="23" /><G29/><T91/><D133/><U114/><E104/><V79/><F48/><W37/><G37/><T35/><D101/><U80/><E70/><V112/><F128/><W25/><G25/><N who="0" m="9835" /><D35/><U63/><E2/><V20/><F20/><W18/><G18/><T30/><D62/><U12/><E63/><V135/><F135/><W28/><G28/><T86/><D21/><U93/><E93/><V22/><F22/><W33/><G33/><T66/><D30/><U102/><E130/><V81/><F81/><N who="1" m="31305" /><E102/><V78/><F79/><W75/><G65/><AGARI ba="2,0" hai="7,11,13,46,49,53,65,66,86,91,94" m="9835" machi="65" ten="30,11600,0" yaku="8,1,52,3" doraHai="125,23" who="0" fromWho="3" sc="613,122,129,0,129,0,129,-122" /><INIT seed="0,3,0,5,0,23" ten="735,129,129,7" oya="0" hai0="69,124,133,17,52,101,103,125,12,127,44,30,40" hai1="129,11,45,78,60,19,74,5,131,16,50,56,4" hai2="135,72,7,96,3,115,32,27,102,54,1,24,48" hai3="90,18,2,55,31,65,73,114,10,85,29,67,88"/><T38/><D69/><U109/><E78/><V33/><F72/><W53/><G114/><T112/><D112/><U26/><E74/><V89/><F89/><W57/><G73/><T14/><D30/><U64/><E109/><V111/><F111/><W98/><G98/><T75/><D75/><U15/><E4/><V132/><F7/><W66/><G55/><T123/><D123/><U42/><REACH who="1" step="1"/><E26/><REACH who="1" ten="735,119,129,7" step="2"/><V130/><F115/><W41/><G2/><T104/><D133/><U6/><E6/><V47/><F130/><AGARI ba="3,1" hai="5,11,15,16,19,42,45,50,56,60,64,129,130,131" machi="130" ten="40,5200,0" yaku="1,1,19,1,54,1,53,0" doraHai="23" doraHaiUra="119" who="1" fromWho="2" sc="735,0,119,71,129,-61,7,0" /><INIT seed="1,0,0,0,4,59" ten="735,190,68,7" oya="1" hai0="18,45,123,129,85,77,86,126,48,53,54,78,25" hai1="110,105,100,115,9,32,93,65,89,92,68,28,5" hai2="94,111,8,98,81,134,1,101,41,95,120,106,72" hai3="130,50,75,102,42,7,133,119,79,24,22,90,60"/><U39/><E115/><V83/><F120/><W132/><G130/><T2/><D123/><U15/><E39/><V43/><F111/><W35/><G35/><T114/><D114/><U103/><E105/><V87/><F95/><W82/><G119/><T29/><D2/><U66/><E110/><V49/><F49/><W112/><G112/><T27/><D129/><U107/><E107/><V55/><F55/><W17/><G102/><T44/><D126/><U116/><E92/><V47/><F83/><W14/><G90/><T33/><D33/><U38/><E38/><V3/><F47/><W84/><G75/><T109/><D18/><U128/><E128/><V19/><F1/><W121/><G60/><T13/><D109/><U57/><E68/><V96/><F96/><W46/><G121/><T97/><D13/><U91/><E91/><V52/><F52/><W124/><G124/><T23/><D23/><U31/><E116/><V71/><F71/><W117/><G117/><T21/><D21/><U70/><E70/><V51/><F3/><W62/><G62/><T63/><D63/><N who="1" m="38127" /><E66/><V73/><F73/><W125/><G125/><T0/><D0/><U34/><E34/><V135/><F106/><W80/><G80/><T131/><D97/><N who="1" m="57519" /><E32/><V4/><F94/><W99/><G99/><T76/><D131/><U37/><E37/><V58/><F98/><W56/><G56/><T113/><D113/><U26/><E26/><N who="0" m="9737" /><D29/><AGARI ba="0,0" hai="5,9,15,28,29,31,100,103" m="57519,38127" machi="29" ten="30,2900,0" yaku="8,1,52,1" doraHai="59" who="1" fromWho="0" sc="735,-29,190,29,68,0,7,0" /><INIT seed="1,1,0,0,5,71" ten="706,219,68,7" oya="1" hai0="98,88,101,26,70,50,84,103,19,51,66,134,129" hai1="67,113,64,45,75,53,35,72,39,42,131,114,7" hai2="41,0,61,8,63,97,37,102,132,73,12,94,31" hai3="22,116,55,29,34,28,69,52,124,135,13,49,14"/><U79/><E35/><V92/><F73/><W48/><G124/><T4/><D134/><U108/><E7/><V10/><F31/><W25/><G135/><T80/><D129/><U95/><E131/><V105/><F105/><W126/><G126/><T85/><D4/><U91/><E108/><V100/><F0/><W38/><G38/><T106/><D101/><U86/><E53/><V36/><F12/><W15/><G69/><T68/><D68/><U40/><E40/><V17/><F17/><W112/><G112/><T120/><D120/><U1/><E1/><V99/><REACH who="2" step="1"/><F41/><REACH who="2" ten="706,219,58,7" step="2"/><W77/><G77/><T43/><D43/><U87/><E75/><V46/><F46/><W81/><G81/><T83/><D19/><U115/><E72/><V96/><F96/><W122/><G122/><T117/><D26/><U54/><E79/><V11/><F11/><W20/><G15/><T109/><D109/><U9/><E42/><V57/><F57/><W130/><G130/><T119/><D70/><U60/><E113/><V6/><F6/><W44/><G116/><T65/><D119/><U90/><E115/><V56/><F56/><W118/><G118/><T2/><D117/><U121/><E121/><V18/><F18/><W32/><G44/><T127/><D2/><U125/><E45/><V133/><AGARI ba="1,1" hai="8,10,36,37,61,63,92,94,97,99,100,102,132,133" machi="133" ten="25,16000,3" yaku="1,1,0,1,22,2,52,2,53,2" doraHai="71" doraHaiUra="5" who="2" fromWho="2" sc="706,-41,219,-81,58,173,7,-41" owari="665,76.0,138,-26.0,231,3.0,-34,-53.0" /></mjloggm>