<mjloggm ver="2.3"><GO type="41" lobby="0"/><UN n0="%E3%82%A6%E3%83%AB%E3%83%88%E3%83%A9%E7%AB%8B%E7%9B%B4" n1="%E7%99%BD%37%53" n2="%73%74%61%79%62" n3="%E8%95%A8" dan="17,14,14,13" rate="2220.18,1817.52,1960.31,1891.07" sx="M,M,M,M"/><TAIKYOKU oya="0"/><INIT seed="0,0,0,0,0,1" ten="250,250,250,250" oya="0" hai0="97,16,90,120,128,57,15,77,12,130,100,115,66" hai1="88,134,113,43,5,104,80,112,92,20,116,44,40" hai2="42,3,34,11,64,60,111,6,76,99,31,123,105" hai3="0,58,23,4,129,94,32,53,36,70,13,102,59"/><T41/><D120/><U69/><E69/><V14/><F123/><W117/><G36/><T26/><D77/><U18/><E116/><V78/><F111/><W29/><G70/><T35/><D41/><U17/><E104/><V108/><F42/><W62/><G117/><T87/><D115/><N who="1" m="44107" /><E134/><V79/><F108/><W28/><G129/><N who="0" m="49771" /><D66/><U33/><E33/><V107/><F99/><N who="3" m="59767" /><G0/><T127/><D57/><U95/><E80/><V2/><F107/><W38/><G32/><T86/><D86/><U122/><E122/><V131/><F105/><W63/><G38/><T93/><D127/><U67/><E67/><V46/><F46/><W8/><G23/><N who="0" m="13671" /><D35/><U22/><E43/><V133/><F131/><W85/><G85/><T54/><D54/><AGARI ba="0,0" hai="4,8,13,28,29,53,54,58,59,62,63" m="59767" machi="54" ten="30,2000,0" yaku="8,1,52,1" doraHai="1" who="3" fromWho="0" sc="250,-20,250,0,250,0,250,20" /><INIT seed="1,0,0,4,1,100" ten="230,250,250,270" oya="1" hai0="52,28,101,126,34,63,90,102,26,27,84,21,110" hai1="8,40,38,98,132,107,6,47,62,10,0,48,55" hai2="11,5,1,80,66,85,124,130,99,82,71,31,78" hai3="56,104,108,120,35,51,111,54,18,2,116,115,81"/><U58/><E132/><V118/><F118/><W49/><G2/><T127/><D110/><N who="3" m="42025" /><G120/><T30/><D63/><U69/><E10/><V96/><F130/><W20/><G35/><T39/><D39/><U13/><E13/><V15/><F124/><W68/><G68/><T7/><D7/><U92/><E92/><V70/><F31/><W24/><G116/><T122/><D122/><U77/><E77/><V117/><F117/><W41/><G115/><T60/><D60/><U29/><E29/><V50/><F50/><W44/><G81/><T106/><D52/><U43/><E43/><V74/><F1/><W94/><G94/><T109/><D109/><U46/><E46/><V87/><F74/><W123/><G123/><T45/><D45/><U97/><E97/><V125/><F125/><N who="0" m="47626" /><D106/><AGARI ba="0,0" hai="18,20,24,41,44,49,51,54,56,104,106" m="42025" machi="106" ten="30,3900,0" yaku="14,1,52,2" doraHai="100" who="3" fromWho="0" sc="230,-39,250,0,250,0,270,39" /><INIT seed="2,0,0,0,4,62" ten="191,250,250,309" oya="2" hai0="24,28,15,58,3,72,90,35,2,91,57,98,34" hai1="122,105,115,133,66,40,52,42,29,107,13,113,51" hai2="131,43,61,4,11,108,101,60,36,95,80,117,94" hai3="46,86,12,21,20,127,22,65,39,9,87,30,33"/><V128/><F117/><W85/><G127/><T120/><D72/><U93/><E133/><V49/><F108/><W130/><G130/><N who="2" m="49705" /><F36/><W75/><G33/><T56/><D120/><U119/><E119/><V84/><F43/><W79/><G75/><T0/><D98/><U64/><E122/><V53/><F101/><W104/><G104/><T19/><REACH who="0" step="1"/><D34/><REACH who="0" ten="181,250,250,309" step="2"/><U50/><E113/><V31/><F31/><W6/><G30/><T55/><D55/><U14/><E29/><V106/><F106/><W67/><G79/><T92/><D92/><U45/><E93/><V37/><F95/><W26/><G26/><T82/><D82/><U48/><E115/><V47/><F94/><W125/><G125/><T89/><D89/><U96/><E96/><V121/><F121/><W25/><G25/><T32/><D32/><U23/><E107/><V76/><F37/><W83/><G39/><T97/><D97/><U114/><E105/><V123/><F123/><W5/><G83/><T102/><D102/><U74/><E74/><V118/><F118/><W1/><G1/><AGARI ba="0,1" hai="1,4,11,47,49,53,60,61,76,80,84" m="49705" machi="1" ten="30,1500,0" yaku="19,1" doraHai="62" who="2" fromWho="3" sc="181,0,250,0,250,25,309,-15" /><INIT seed="2,1,0,4,1,101" ten="181,250,275,294" oya="2" hai0="97,50,57,8,131,9,95,16,45,84,61,33,127" hai1="116,49,102,80,134,37,2,113,55,132,98,60,121" hai2="3,24,1,10,91,86,119,106,25,0,87,89,20" hai3="27,17,108,40,56,103,100,53,71,43,51,38,65"/><V14/><F119/><W36/><G27/><T4/><D33/><U58/><E116/><V104/><F87/><W115/><G115/><T99/><D127/><U6/><E113/><V67/><F67/><W128/><G128/><T12/><D131/><U11/><E37/><V96/><F96/><W75/><G75/><T63/><D84/><U107/><E121/><V22/><F22/><W5/><G5/><T26/><D57/><U112/><E112/><V31/><F24/><W28/><G28/><T19/><D19/><U64/><REACH who="1" step="1"/><E80/><REACH who="1" ten="181,240,275,294" step="2"/><V32/><F32/><W117/><G117/><T124/><D124/><U94/><E94/><V66/><F66/><W92/><G92/><T129/><D129/><U109/><E109/><V18/><REACH who="2" step="1"/><F91/><REACH who="2" ten="181,240,265,294" step="2"/><W21/><G108/><T85/><D97/><U23/><E23/><V81/><AGARI ba="1,2" hai="0,1,3,10,14,18,20,25,31,81,86,89,104,106" machi="81" ten="30,12000,1" yaku="1,1,2,1,0,1,52,2,53,0" doraHai="101" doraHaiUra="120" who="2" fromWho="2" sc="181,-41,240,-41,265,143,294,-41" /><INIT seed="2,2,0,0,0,111" ten="140,199,408,253" oya="2" hai0="17,35,79,46,37,82,74,43,40,127,53,38,0" hai1="11,116,65,5,102,105,90,62,85,31,88,77,119" hai2="81,54,72,134,135,113,89,14,114,86,47,115,41" hai3="42,50,103,68,70,15,92,120,133,13,45,94,118"/><V63/><F72/><W99/><G120/><T32/><D127/><U128/><E128/><V58/><REACH who="2" step="1"/><F14/><REACH who="2" ten="140,199,398,253" step="2"/><W57/><G118/><T8/><D17/><U27/><E119/><V49/><AGARI ba="2,1" hai="41,47,49,54,58,63,81,86,89,113,114,115,134,135" machi="49" ten="40,18000,2" yaku="1,1,2,1,0,1,52,3,53,1" doraHai="111" doraHaiUra="55" who="2" fromWho="2" sc="140,-62,199,-62,398,196,253,-62" /><INIT seed="2,3,0,1,1,119" ten="78,137,594,191" oya="2" hai0="53,94,107,63,12,40,48,26,58,5,39,1,42" hai1="6,132,51,103,90,60,25,87,17,32,82,120,123" hai2="96,50,61,15,79,75,100,104,55,73,2,31,21" hai3="80,106,19,29,91,34,92,101,68,108,44,134,66"/><V128/><F2/><W0/><G0/><T71/><D107/><U121/><E132/><V37/><F37/><W67/><G134/><T129/><D1/><U65/><E6/><V4/><F128/><W131/><G131/><T118/><D118/><U62/><E103/><V85/><F61/><W114/><G68/><T13/><D129/><U81/><E51/><V38/><F38/><W23/><G114/><T14/><D5/><U95/><E62/><V45/><F4/><W9/><G34/><T124/><D124/><U49/><E49/><V33/><F33/><W54/><G106/><T135/><D135/><U130/><E130/><V122/><F122/><W76/><G108/><T112/><D112/><U3/><E3/><V102/><F102/><W105/><G105/><T115/><D115/><U22/><E32/><V30/><F30/><W84/><G101/><T93/><D26/><U133/><E133/><V113/><F113/><W110/><G110/><T52/><D71/><AGARI ba="3,0" hai="17,22,25,60,65,71,81,82,87,90,95,120,121,123" machi="71" ten="40,8000,1" yaku="13,1,52,3" doraHai="119" who="1" fromWho="0" sc="78,-89,137,89,594,0,191,0" owari="-11,-51.0,226,3.0,594,69.0,191,-21.0" /></mjloggm>