<mjloggm ver="2.3"><GO type="169" lobby="0"/><UN n0="%E3%83%88%E3%83%88%E3%83%AA%E5%85%88%E7%94%9F%31%39%E6%AD%B3" n1="%E3%81%B3%E3%82%8A%E3%81%B3%E3%82%8A%E2%98%86%E3%83%93%E3%83%AA%E3%83%BC" n2="%E3%83%A4%E3%82%AD%E3%83%B3" n3="%E3%83%A1%E3%82%AB%E3%82%BC%E3%83%83%E3%83%88%E3%83%B3" dan="17,19,17,17" rate="2228.60,2196.83,2148.31,2141.21" sx="F,M,M,M"/><TAIKYOKU oya="0"/><INIT seed="0,0,0,0,1,94" ten="250,250,250,250" oya="0" hai0="86,54,57,14,81,83,36,133,66,72,8,131,95" hai1="35,69,62,28,98,19,5,111,29,132,27,112,56" hai2="119,43,105,89,134,20,61,93,44,52,103,79,23" hai3="82,122,15,130,49,135,60,47,128,64,80,17,37"/><T102/><D36/><U97/><E69/><V55/><F134/><W40/><G135/><T78/><D133/><U63/><E132/><V51/><F119/><W6/><G6/><T31/><D131/><N who="3" m="50217" /><G37/><T92/><D66/><U46/><E111/><V75/><F105/><W41/><G41/><T121/><D31/><N who="1" m="11851" /><E35/><V74/><F103/><W22/><G122/><T67/><D67/><N who="1" m="39367" /><E5/><V33/><F33/><W7/><G7/><T125/><D125/><U68/><E68/><AGARI ba="0,0" hai="15,17,22,40,47,49,60,64,68,80,82" m="50217" machi="68" ten="30,1000,0" yaku="19,1" doraHai="94" who="3" fromWho="1" sc="250,0,250,-10,250,0,250,10" /><INIT seed="1,0,0,4,2,36" ten="250,240,250,260" oya="1" hai0="32,26,33,80,30,41,95,70,39,123,16,53,5" hai1="126,79,63,59,98,72,25,61,3,135,58,34,64" hai2="85,82,114,20,43,52,54,111,99,100,51,81,86" hai3="87,106,45,49,42,68,132,11,65,27,118,56,105"/><U104/><E3/><V0/><F0/><W66/><G68/><T13/><D70/><U24/><E135/><V38/><F111/><W40/><G132/><T112/><D112/><U10/><E126/><V46/><F114/><W115/><G115/><T62/><D123/><U48/><E34/><V29/><F38/><W8/><G118/><T133/><D133/><U113/><E113/><V28/><F99/><W71/><G71/><T131/><D131/><U4/><E48/><V101/><F20/><W50/><G27/><T55/><D32/><U6/><E79/><V18/><F18/><W119/><G119/><T88/><D80/><U7/><E72/><V124/><F124/><W19/><G87/><T21/><D62/><U17/><E98/><V120/><F120/><W97/><G97/><T60/><D60/><U57/><E104/><V74/><F74/><W127/><G127/><T9/><D41/><U122/><E122/><V35/><F35/><W47/><G19/><T93/><D39/><U94/><E94/><V67/><F67/><W76/><G76/><T109/><D109/><U125/><E125/><V37/><F37/><W91/><G91/><T14/><REACH who="0" step="1"/><D93/><REACH who="0" ten="240,240,250,260" step="2"/><U44/><E63/><V69/><F69/><W90/><REACH who="3" step="1"/><G90/><REACH who="3" ten="240,240,250,250" step="2"/><T31/><D31/><U128/><E128/><V103/><F29/><W84/><G84/><AGARI ba="0,2" hai="5,9,13,14,16,21,26,30,33,53,55,84,88,95" machi="84" ten="30,8000,1" yaku="1,1,7,1,54,2,53,1" doraHai="36" doraHaiUra="12" who="0" fromWho="3" sc="240,100,240,0,250,0,250,-80" /><INIT seed="2,0,0,1,1,77" ten="340,240,250,170" oya="2" hai0="120,48,12,25,62,130,111,28,121,99,87,72,104" hai1="35,70,116,33,31,80,54,46,101,117,45,71,85" hai2="32,118,105,82,93,7,50,74,95,0,49,100,63" hai3="58,119,53,125,81,23,86,41,57,97,103,39,67"/><V76/><F118/><W42/><G119/><T22/><D72/><U6/><E101/><V20/><F32/><W18/><G125/><T5/><D111/><U13/><E6/><V66/><F105/><W132/><G132/><T127/><D127/><U134/><E13/><V73/><F73/><W27/><G67/><T17/><D130/><U4/><E4/><V60/><F60/><W115/><G115/><T102/><D5/><U56/><E56/><V98/><F20/><W21/><G21/><T30/><D30/><U128/><E128/><V61/><F95/><W68/><G68/><T88/><D48/><U34/><E31/><V55/><F55/><W112/><G112/><T110/><D62/><U84/><E54/><V3/><F3/><W92/><G39/><T133/><D110/><U38/><E38/><V15/><F15/><W11/><G11/><T114/><D114/><U37/><E37/><V47/><F47/><N who="1" m="17929" /><E80/><V65/><F63/><N who="3" m="36271" /><G58/><T52/><D133/><U131/><E131/><V89/><F61/><W26/><G26/><T19/><D52/><U108/><E134/><V96/><F7/><W78/><AGARI ba="0,0" hai="18,23,27,41,42,78,81,86,92,97,103" m="36271" machi="78" ten="30,2000,0" yaku="8,1,52,1" doraHai="77" who="3" fromWho="3" sc="340,-5,240,-5,250,-10,170,20" /><INIT seed="3,0,0,4,2,92" ten="335,235,240,190" oya="3" hai0="21,85,25,77,133,7,118,32,81,19,10,24,88" hai1="34,1,64,113,16,47,130,129,84,71,131,48,83" hai2="101,27,108,53,45,9,82,17,73,41,78,105,72" hai3="96,119,30,54,97,0,109,132,122,95,65,76,90"/><W3/><G119/><T115/><D118/><U116/><E34/><V134/><F108/><W58/><G122/><T57/><D133/><U22/><E1/><V5/><F53/><W110/><G65/><T14/><D115/><U103/><E116/><V28/><F17/><W61/><G132/><T55/><D32/><U43/><E113/><V36/><F134/><W63/><G63/><T126/><D126/><U86/><E103/><V62/><F62/><W117/><G117/><T51/><REACH who="0" step="1"/><D77/><REACH who="0" ten="325,235,240,190" step="2"/><U46/><E131/><V52/><F78/><W135/><G135/><T106/><D106/><U42/><E130/><V87/><F105/><W6/><G76/><T40/><D40/><U111/><E129/><V99/><F41/><W75/><G75/><T100/><D100/><U67/><E111/><N who="3" m="42506" /><G30/><T11/><D11/><U124/><E124/><V66/><F28/><W12/><G97/><T128/><D128/><U20/><E71/><V37/><F99/><W120/><G120/><T4/><D4/><U125/><E125/><V44/><F5/><W80/><G80/><T33/><D33/><U127/><E127/><V69/><F82/><W35/><G35/><T107/><D107/><U70/><E70/><V121/><F121/><W2/><G6/><T39/><D39/><N who="1" m="21855" /><E83/><V50/><F73/><W15/><AGARI ba="0,1" hai="0,2,3,12,15,54,58,61,90,95,96" m="42506" machi="15" ten="40,7800,0" yaku="14,1,10,1,52,1" doraHai="92" who="3" fromWho="3" sc="325,-26,235,-26,240,-26,190,88" /><INIT seed="3,1,0,4,0,40" ten="299,209,214,278" oya="3" hai0="93,9,39,30,26,20,18,130,29,19,61,128,52" hai1="50,96,62,47,134,1,98,65,86,119,83,60,21" hai2="74,131,5,102,44,82,133,109,73,72,53,34,116" hai3="57,7,129,105,126,35,75,70,117,67,0,104,11"/><W85/><G117/><T122/><D39/><U58/><E1/><V81/><F34/><W80/><G75/><T36/><D36/><U99/><E119/><V66/><F116/><W106/><G35/><T51/><D122/><U118/><E118/><V17/><F66/><W42/><G70/><T49/><D30/><U27/><E134/><V108/><F133/><W64/><G129/><N who="0" m="49771" /><D51/><U110/><E110/><N who="2" m="42603" /><F5/><W4/><G4/><T41/><D41/><N who="1" m="24943" /><E62/><V95/><F17/><W115/><G115/><T87/><D61/><U107/><E107/><V71/><F71/><W111/><G111/><T92/><D87/><U45/><E45/><V46/><F131/><W124/><G42/><T94/><D9/><U6/><E6/><V31/><F46/><AGARI ba="1,0" hai="18,19,20,26,29,46,49,52,92,93,94" m="49771" machi="46" ten="30,3900,0" yaku="19,1,52,1,54,1" doraHai="40" who="0" fromWho="2" sc="299,42,209,0,214,-42,278,0" /><INIT seed="4,0,0,4,3,6" ten="341,209,172,278" oya="0" hai0="86,63,114,3,94,83,79,74,105,41,29,133,71" hai1="116,127,97,20,95,40,9,96,124,89,49,57,117" hai2="0,88,85,101,80,28,45,93,81,92,47,4,60" hai3="48,99,24,36,50,102,17,7,58,119,73,128,66"/><T37/><D105/><U113/><E20/><V78/><F28/><W130/><G36/><T12/><D3/><U109/><E40/><V23/><F23/><N who="3" m="13423" /><G73/><T106/><D106/><U5/><E109/><V46/><F60/><N who="3" m="38167" /><G7/><T115/><D133/><U1/><E97/><V82/><F78/><W19/><G19/><T107/><D29/><U10/><E113/><V121/><F121/><W38/><G38/><T131/><D107/><U44/><E44/><V53/><F4/><W30/><G30/><T14/><D74/><U84/><E96/><N who="2" m="59527" /><F0/><W134/><G119/><N who="1" m="45642" /><E5/><V76/><F76/><W108/><G108/><T104/><D79/><U100/><E1/><V26/><F26/><W91/><G91/><T61/><D104/><U56/><E100/><V110/><F110/><W132/><G99/><T42/><D37/><U129/><E129/><N who="3" m="49770" /><G102/><T123/><D131/><U16/><E16/><V22/><F22/><W18/><G18/><T70/><D114/><U118/><E118/><V11/><F11/><N who="1" m="4105" /><E49/><AGARI ba="0,0" hai="45,46,47,49,53,80,81,82,85,88,93" m="59527" machi="49" ten="30,2000,0" yaku="8,1,54,1" doraHai="6" who="2" fromWho="1" sc="341,0,209,-20,172,20,278,0" /><AGARI ba="0,0" hai="48,49,50,132,134" m="49770,38167,13423" machi="49" ten="30,1000,0" yaku="19,1" doraHai="6" who="3" fromWho="1" sc="341,0,189,-10,192,0,278,10" /><INIT seed="5,0,0,0,0,59" ten="341,179,192,288" oya="1" hai0="94,106,130,56,21,102,113,88,18,48,23,14,96" hai1="61,120,64,16,29,119,79,73,129,74,45,121,115" hai2="83,12,114,25,46,109,38,13,85,32,3,20,95" hai3="39,116,28,40,127,77,124,4,72,75,22,50,65"/><U0/><E119/><V67/><F3/><W90/><G39/><T92/><D113/><U54/><E0/><V41/><F109/><W9/><G116/><T80/><D130/><U134/><E29/><V51/><F32/><W24/><G65/><T89/><D106/><U66/><E79/><V42/><F114/><W97/><G40/><T84/><D56/><N who="1" m="34967" /><E115/><V103/><F67/><N who="1" m="25641" /><E73/><V30/><F38/><W7/><G50/><T87/><D48/><U91/><E74/><V100/><F42/><W111/><G111/><T125/><D125/><N who="3" m="48201" /><G77/><T2/><D2/><U57/><E45/><V78/><F95/><N who="3" m="56567" /><G7/><T26/><D26/><U43/><E43/><V62/><F62/><W104/><G104/><T5/><D5/><U126/><E126/><V99/><F99/><W132/><G132/><T76/><D76/><U133/><E57/><V15/><AGARI ba="0,0" hai="12,13,15,20,25,30,41,46,51,78,83,85,100,103" machi="15" ten="30,2000,0" yaku="0,1,8,1" doraHai="59" who="2" fromWho="2" sc="341,-5,179,-10,192,20,288,-5" /><INIT seed="6,0,0,1,3,21" ten="336,169,212,283" oya="2" hai0="61,19,86,39,126,25,15,106,2,123,66,14,26" hai1="100,52,23,16,13,128,12,5,65,87,4,118,135" hai2="38,131,133,30,47,59,125,69,6,64,27,72,114" hai3="129,102,43,17,82,50,45,95,24,28,40,99,132"/><V89/><F72/><W79/><G132/><T37/><D123/><U18/><E118/><V53/><F133/><W32/><G129/><T48/><D2/><U62/><E135/><V60/><F6/><N who="1" m="2665" /><E128/><V75/><F75/><W105/><G17/><T109/><D109/><U122/><E122/><V111/><F131/><W57/><G57/><T83/><D106/><U10/><E100/><V91/><F114/><W113/><G113/><T85/><D126/><U119/><E119/><V80/><F80/><W96/><G43/><T90/><D14/><U20/><E87/><V130/><F130/><W73/><REACH who="3" step="1"/><G99/><REACH who="3" ten="336,169,212,273" step="2"/><T68/><D19/><N who="1" m="8599" /><E65/><V121/><F121/><W93/><AGARI ba="0,1" hai="24,28,32,40,45,50,73,79,82,93,95,96,102,105" machi="93" ten="30,4000,0" yaku="1,1,0,1,52,1,53,0" doraHai="21" doraHaiUra="116" who="3" fromWho="3" sc="336,-10,169,-10,212,-20,273,50" /><INIT seed="7,0,0,4,0,62" ten="326,159,192,323" oya="3" hai0="64,21,107,83,13,55,16,106,127,130,24,67,5" hai1="103,74,3,123,46,29,56,119,118,132,61,94,128" hai2="22,77,79,109,113,19,66,47,4,27,93,17,71" hai3="101,41,68,120,105,122,102,97,53,133,58,134,18"/><W90/><G68/><T7/><D107/><U126/><E3/><V34/><F34/><W108/><G41/><T87/><D106/><U110/><E74/><V125/><F109/><W40/><G40/><T28/><D130/><U1/><E1/><V85/><F4/><N who="0" m="1610" /><D127/><U30/><E110/><V45/><F113/><W49/><G108/><T31/><D55/><U84/><E123/><V32/><F32/><W86/><G18/><T112/><D112/><U100/><E46/><V116/><F116/><N who="1" m="44585" /><E128/><V73/><F73/><W114/><G114/><T131/><D131/><U15/><E15/><V43/><F47/><W70/><G101/><N who="1" m="38986" /><E126/><V72/><F125/><W33/><G33/><T59/><D59/><U52/><E132/><N who="3" m="50794" /><G70/><T8/><D31/><U88/><AGARI ba="0,0" hai="29,30,52,56,61,84,88,94" m="38986,44585" machi="88" ten="30,4000,0" yaku="12,1,54,2" doraHai="62" who="1" fromWho="1" sc="326,-10,159,40,192,-10,323,-20" owari="316,42.0,199,-20.0,182,-32.0,303,10.0" /></mjloggm>