<mjloggm ver="2.3"><GO type="225" lobby="0"/><UN n0="%E3%83%88%E3%83%88%E3%83%AA%E5%85%88%E7%94%9F%31%39%E6%AD%B3" n1="%4F%53%43%37%37%37" n2="%6E%61%69%74%61" n3="%E9%81%8A%E8%B5%B0" dan="17,16,16,16" rate="2263.18,2063.91,2169.67,2168.41" sx="F,M,M,M"/><TAIKYOKU oya="0"/><INIT seed="0,0,0,3,3,79" ten="250,250,250,250" oya="0" hai0="25,65,18,33,121,92,29,120,24,9,106,127,31" hai1="48,10,44,131,105,43,119,114,75,115,90,34,28" hai2="101,6,37,4,97,52,102,96,117,2,135,51,88" hai3="5,133,8,111,11,57,123,77,12,35,84,47,53"/><T76/><D106/><U32/><E105/><V21/><F37/><W112/><G112/><N who="1" m="43050" /><E119/><V125/><F117/><W93/><G35/><T85/><D127/><U103/><E103/><N who="2" m="39435" /><F2/><W82/><G111/><T60/><D18/><U67/><E67/><V122/><F122/><W116/><G116/><T38/><D9/><U19/><E75/><V42/><F42/><W134/><G123/><T73/><D38/><U130/><E90/><V104/><F104/><W109/><G109/><T107/><D73/><U128/><E28/><V3/><F3/><W95/><G11/><T1/><D1/><U99/><E99/><N who="2" m="37963" /><F125/><W126/><G47/><T91/><D76/><U68/><E68/><V129/><F129/><W61/><REACH who="3" step="1"/><G126/><REACH who="3" ten="250,250,250,240" step="2"/><T55/><D121/><U17/><E10/><V89/><F21/><W87/><G87/><T113/><D120/><U40/><E40/><V36/><F36/><W20/><G20/><T98/><D113/><U81/><E34/><V86/><F135/><AGARI ba="0,1" hai="5,8,12,53,57,61,77,82,84,93,95,133,134,135" machi="135" ten="40,8000,1" yaku="1,1,20,1,52,1,53,1" doraHai="79" doraHaiUra="0" who="3" fromWho="2" sc="250,0,250,0,250,-80,240,90" /><INIT seed="1,0,0,4,5,11" ten="250,250,170,330" oya="1" hai0="42,20,23,25,66,8,36,74,99,22,33,17,38" hai1="108,133,72,124,104,76,19,126,5,125,131,55,65" hai2="96,48,10,53,63,80,27,12,40,107,113,114,6" hai3="52,129,61,59,117,67,70,123,101,54,16,71,49"/><U29/><E104/><V135/><F135/><W81/><G123/><T116/><D116/><U118/><E118/><V112/><F80/><W51/><G117/><T91/><D74/><U41/><E133/><V90/><F27/><W37/><G101/><T111/><D111/><U4/><E131/><V128/><F128/><W110/><G129/><T15/><D66/><U21/><E29/><V109/><F109/><W98/><G98/><T2/><D42/><U3/><E3/><V103/><F90/><W30/><G110/><T95/><REACH who="0" step="1"/><D2/><REACH who="0" ten="240,250,170,330" step="2"/><U32/><E108/><V83/><F40/><W69/><G67/><T7/><D7/><U34/><E41/><V58/><REACH who="2" step="1"/><F83/><REACH who="2" ten="240,250,160,330" step="2"/><W60/><G37/><T46/><D46/><U57/><E126/><V31/><F31/><AGARI ba="0,2" hai="8,15,17,20,22,23,25,31,33,36,38,91,95,99" machi="31" ten="40,5200,0" yaku="1,1,52,1,53,1" doraHai="11" doraHaiUra="92" who="0" fromWho="2" sc="240,72,250,0,160,-52,330,0" /><INIT seed="2,0,0,3,5,112" ten="312,250,108,330" oya="2" hai0="25,87,113,77,15,118,93,52,55,90,95,0,79" hai1="86,54,49,125,109,35,121,67,30,6,43,31,53" hai2="32,51,46,65,115,89,26,110,1,129,96,82,58" hai3="70,71,34,108,73,48,38,8,123,28,36,120,135"/><V85/><F115/><W63/><G48/><T111/><D0/><U64/><E121/><N who="3" m="46666" /><G108/><T11/><D111/><U128/><E109/><V69/><F110/><W94/><G94/><T56/><D118/><U27/><E128/><V20/><F1/><W13/><G13/><T12/><D113/><U7/><E125/><V126/><F32/><W102/><G8/><T131/><D131/><U114/><E114/><V24/><F129/><W104/><G73/><T40/><D40/><U133/><E133/><V14/><F126/><W119/><G119/><T66/><D66/><U3/><E3/><V99/><F69/><W4/><G4/><N who="0" m="3175" /><D25/><N who="2" m="9834" /><F65/><W130/><G135/><T41/><D41/><U39/><E39/><V29/><F58/><W61/><G130/><T50/><D15/><U103/><E27/><N who="2" m="16615" /><F14/><W21/><G34/><T59/><D95/><U122/><E122/><V101/><F101/><W83/><G21/><T100/><D100/><U68/><E68/><V127/><F127/><W42/><G28/><T57/><D57/><U62/><E35/><V97/><F97/><N who="3" m="61519" /><G38/><T116/><D116/><U19/><E103/><V22/><F22/><W16/><G71/><T2/><D2/><U132/><E132/><V17/><F17/><W92/><G16/><T60/><AGARI ba="0,0" hai="50,52,55,56,59,60,77,79,87,90,93" m="3175" machi="60" ten="30,2000,0" yaku="8,1,54,1" doraHai="112" who="0" fromWho="0" sc="312,20,250,-5,108,-10,330,-5" /><INIT seed="3,0,0,4,4,129" ten="332,245,98,325" oya="3" hai0="48,57,37,100,134,49,63,97,108,54,131,135,44" hai1="45,23,1,18,3,119,43,29,107,0,118,5,13" hai2="22,61,64,78,11,120,28,56,85,83,31,116,20" hai3="130,77,122,91,15,92,62,133,36,98,110,46,16"/><W79/><G122/><T86/><D131/><U4/><E107/><V6/><F116/><N who="1" m="44585" /><E45/><V132/><F120/><W12/><G133/><N who="0" m="50699" /><D108/><U38/><E38/><V99/><F132/><W127/><G130/><T87/><D37/><U30/><E43/><V76/><F99/><W67/><G110/><T53/><D49/><U10/><E4/><V33/><F33/><W84/><G127/><T104/><AGARI ba="0,0" hai="44,48,53,54,57,63,86,87,97,100,104" m="50699" machi="104" ten="30,7900,0" yaku="20,1,52,3" doraHai="129" who="0" fromWho="0" sc="332,79,245,-20,98,-20,325,-39" owari="411,50.0,225,-17.0,78,-42.0,286,9.0" /></mjloggm>