<mjloggm ver="2.3"><GO type="169" lobby="0"/><UN n0="%74%61%72%6F%6F" n1="%E3%83%88%E3%83%88%E3%83%AA%E5%85%88%E7%94%9F%31%39%E6%AD%B3" n2="%E3%82%A2%E3%83%83%E3%83%97%E3%83%AB%E3%82%B0%E3%83%9F" n3="%E8%8A%B1%E6%BE%A4%E9%A6%99%E8%8F%9C%E3%81%A1%E3%82%83%E3%82%93" dan="18,18,17,16" rate="2192.55,2278.49,2222.80,2076.47" sx="M,F,M,F"/><TAIKYOKU oya="0"/><INIT seed="0,0,0,2,0,124" ten="250,250,250,250" oya="0" hai0="34,91,79,122,73,33,26,127,135,129,56,94,65" hai1="50,78,126,47,123,61,30,82,131,40,24,93,21" hai2="14,45,125,44,130,63,31,116,101,46,111,41,104" hai3="128,36,132,66,109,4,60,114,43,19,134,37,98"/><T12/><D122/><U85/><E123/><V75/><F75/><W133/><G114/><T22/><D127/><U20/><E126/><V23/><F125/><W58/><G4/><T16/><D135/><U72/><E131/><V76/><F76/><W88/><G109/><T120/><D120/><U10/><E72/><V28/><F111/><W32/><G32/><T49/><D129/><U99/><E61/><V0/><F0/><W118/><G118/><T38/><D38/><U8/><REACH who="1" step="1"/><E21/><REACH who="1" ten="250,240,250,250" step="2"/><V110/><F63/><N who="3" m="38263" /><G128/><T69/><D33/><U105/><E105/><V35/><F23/><W13/><G60/><T5/><D34/><U7/><E7/><V1/><F35/><W25/><G134/><T54/><D5/><U115/><E115/><V113/><F104/><W117/><G133/><T51/><D73/><U29/><E29/><V67/><F31/><W80/><G132/><T102/><D22/><U71/><E71/><V18/><F28/><W59/><G117/><T2/><D69/><U42/><E42/><V86/><F41/><W6/><G43/><T119/><D119/><U108/><E108/><V121/><F110/><W107/><G6/><T92/><D2/><U74/><E74/><V96/><F1/><W81/><G107/><T57/><D65/><U9/><E9/><V106/><F67/><W77/><G19/><T100/><D16/><U70/><E70/><V90/><F130/><W53/><G53/><T84/><D54/><U64/><E64/><V103/><F113/><W95/><G36/><T15/><D51/><U55/><E55/><V62/><F121/><RYUUKYOKU ba="0,1" sc="250,-10,240,30,250,-10,250,-10" hai1="8,10,20,24,30,40,47,50,78,82,85,93,99" /><INIT seed="1,1,1,1,5,77" ten="240,270,240,240" oya="1" hai0="37,54,13,81,98,82,7,134,102,11,87,29,41" hai1="60,34,8,130,118,27,39,28,31,108,78,93,36" hai2="64,112,74,110,23,79,25,124,128,21,117,26,5" hai3="35,4,57,92,94,18,49,50,33,32,40,73,68"/><U104/><E118/><V106/><F117/><W67/><G73/><T20/><D134/><U72/><E104/><V30/><F106/><W46/><G68/><T84/><D37/><U114/><E114/><V71/><F112/><W103/><G4/><T91/><D41/><U100/><E130/><V38/><F38/><W90/><G103/><T3/><D54/><U9/><E108/><V96/><F110/><W24/><G18/><T132/><D132/><U45/><E36/><V70/><F128/><W1/><G1/><T116/><D116/><U105/><E93/><V55/><F64/><W86/><G24/><N who="0" m="16519" /><D3/><U51/><E31/><V131/><F131/><W63/><REACH who="3" step="1"/><G50/><REACH who="3" ten="240,270,240,230" step="2"/><T0/><D0/><U65/><E39/><V76/><F74/><W135/><G135/><T97/><D102/><U19/><E19/><V16/><F5/><W44/><G44/><T56/><D56/><U122/><E100/><V42/><F70/><W95/><AGARI ba="1,2" hai="32,33,35,40,46,49,57,63,67,86,90,92,94,95" machi="95" ten="40,2700,0" yaku="1,1,0,1,53,0" doraHai="77" doraHaiUra="125" who="3" fromWho="3" sc="240,-8,270,-14,240,-8,230,50" /><INIT seed="2,0,0,3,4,50" ten="232,256,232,280" oya="2" hai0="82,59,91,36,43,63,46,28,115,109,9,49,48" hai1="85,42,120,92,4,44,11,119,105,81,35,93,84" hai2="20,72,51,76,62,111,22,75,3,99,29,71,45" hai3="96,32,112,41,135,33,52,83,103,39,78,133,5"/><V64/><F3/><W107/><G112/><T15/><D115/><U8/><E119/><V94/><F111/><W114/><G5/><T130/><D109/><U101/><E35/><V25/><F76/><W108/><G108/><T73/><D130/><U126/><E126/><V68/><F68/><W57/><G114/><T74/><D28/><U53/><E120/><V90/><REACH who="2" step="1"/><F20/><REACH who="2" ten="232,256,222,280" step="2"/><W97/><G78/><T117/><D117/><U98/><E8/><V100/><F100/><W13/><G103/><T17/><D73/><U65/><E11/><V86/><F86/><W1/><G1/><T21/><D9/><U132/><E85/><V6/><F6/><W27/><G33/><T0/><D0/><U125/><E4/><V124/><F124/><W110/><G32/><T10/><D10/><U18/><E125/><V102/><F102/><W23/><G23/><T87/><REACH who="0" step="1"/><D74/><REACH who="0" ten="222,256,222,280" step="2"/><U70/><E101/><V31/><F31/><W118/><G110/><T79/><D79/><U77/><E77/><V88/><F88/><W19/><G118/><T30/><D30/><U40/><E18/><V2/><F2/><W113/><G19/><T38/><D38/><U60/><E70/><V67/><F67/><AGARI ba="0,2" hai="15,17,21,36,43,46,48,49,59,63,67,82,87,91" machi="67" ten="30,2000,0" yaku="1,1,7,1,53,0" doraHai="50" doraHaiUra="121" who="0" fromWho="2" sc="222,40,256,0,222,-20,280,0" /><INIT seed="3,0,0,1,1,107" ten="262,256,202,280" oya="3" hai0="91,77,134,72,118,81,15,19,51,85,115,17,126" hai1="87,6,105,135,55,38,14,112,3,74,95,128,47" hai2="50,26,109,25,106,67,22,70,75,89,110,59,129" hai3="8,2,60,130,62,76,0,39,53,48,90,103,131"/><W86/><G39/><T4/><D118/><U114/><E105/><V123/><F106/><W69/><G103/><T33/><D33/><U99/><E128/><N who="3" m="49194" /><G76/><T49/><D126/><U79/><E87/><V13/><F129/><W83/><G8/><T29/><D134/><U96/><E14/><V36/><F36/><W12/><G12/><T122/><D122/><U23/><E23/><V102/><F102/><W16/><G16/><T57/><D29/><U9/><E55/><N who="2" m="32247" /><F123/><W34/><G34/><T93/><D115/><U20/><E20/><V31/><F13/><W92/><G83/><T18/><REACH who="0" step="1"/><D57/><REACH who="0" ten="252,256,202,280" step="2"/><U121/><E135/><V54/><F31/><W124/><G124/><T21/><D21/><U127/><E121/><V63/><F22/><W1/><G69/><T27/><D27/><U5/><E127/><V133/><F133/><W41/><G41/><T120/><D120/><U46/><E114/><V30/><F30/><W37/><G37/><T40/><D40/><U32/><E112/><V101/><F25/><W88/><G90/><T111/><D111/><U11/><E32/><V58/><F26/><W98/><G98/><T82/><D82/><N who="1" m="45431" /><E38/><V71/><F89/><W56/><AGARI ba="0,1" hai="0,1,2,48,53,56,60,62,86,88,92" m="49194" machi="56" ten="40,3900,0" yaku="19,1,54,1" doraHai="107" who="3" fromWho="3" sc="252,-13,256,-13,202,-13,280,49" /><INIT seed="3,1,0,0,2,37" ten="239,243,189,329" oya="3" hai0="41,8,119,129,46,83,123,64,100,115,65,56,93" hai1="13,3,81,45,17,85,18,94,71,73,134,25,88" hai2="55,87,128,49,15,6,97,32,78,98,58,118,108" hai3="40,0,42,84,54,62,132,60,53,91,74,16,35"/><W109/><G74/><T96/><D119/><U10/><E71/><V127/><F32/><W76/><G76/><T99/><D123/><U38/><E134/><V14/><F118/><W27/><G0/><T39/><D129/><U61/><E3/><V79/><F128/><W110/><G132/><T86/><D115/><U101/><E61/><N who="3" m="23658" /><G35/><T121/><D121/><U112/><E112/><V33/><F33/><W72/><G72/><T43/><D56/><U7/><E25/><V29/><F29/><W70/><G70/><T1/><D96/><N who="1" m="59543" /><E38/><V30/><F30/><W114/><G114/><T21/><D21/><U82/><E73/><V120/><F120/><W116/><G116/><T131/><D131/><U48/><E81/><V89/><F127/><W104/><G104/><T63/><D63/><U23/><E23/><V126/><F126/><W92/><G109/><T28/><D28/><U102/><E102/><V80/><F108/><W130/><G110/><T22/><D22/><U105/><E105/><V106/><F106/><W44/><G130/><T2/><D2/><U77/><E77/><N who="2" m="29195" /><F14/><W36/><G36/><T57/><D1/><U47/><E47/><V67/><F67/><W26/><G26/><T4/><D64/><U68/><E68/><V107/><F107/><W11/><G27/><T52/><D65/><U69/><E69/><V95/><F80/><W133/><G133/><T12/><D39/><U51/><E51/><V20/><F20/><W111/><G111/><T113/><D113/><U59/><E45/><V5/><F15/><N who="3" m="7295" /><G44/><T125/><D125/><U66/><E66/><RYUUKYOKU ba="1,0" sc="239,-30,243,10,189,10,329,10" hai1="7,10,13,17,18,48,59,82,85,88" hai2="5,6,49,55,58,87,89,95,97,98" hai3="40,42,53,54,84,91,92" /><INIT seed="3,2,0,3,2,30" ten="209,253,199,339" oya="3" hai0="54,37,13,61,31,7,135,100,62,131,76,50,57" hai1="129,12,60,124,36,19,80,6,59,10,133,29,92" hai2="95,64,127,86,27,125,2,55,44,20,96,90,46" hai3="102,14,97,85,82,84,105,35,48,38,81,118,99"/><W47/><G38/><T114/><D37/><U109/><E36/><V116/><F116/><W119/><G14/><T4/><D131/><U15/><E129/><V9/><F64/><W121/><G121/><T123/><D123/><U110/><E133/><V132/><F132/><W53/><G97/><T71/><D135/><U87/><E124/><V75/><F75/><W49/><G49/><T0/><D0/><U98/><E29/><V73/><F73/><W8/><G8/><T113/><D76/><U93/><E98/><V74/><F74/><W88/><REACH who="3" step="1"/><G35/><REACH who="3" ten="209,253,199,329" step="2"/><T68/><D13/><U111/><E12/><V23/><F9/><W24/><G24/><T32/><D32/><U128/><E6/><V117/><F2/><W70/><G70/><T67/><D71/><U51/><E51/><V58/><F117/><W39/><G39/><T5/><D50/><U77/><REACH who="1" step="1"/><E128/><REACH who="1" ten="209,243,199,329" step="2"/><V122/><F122/><W21/><G21/><T101/><D4/><U41/><E41/><V42/><F23/><W25/><G25/><T16/><D5/><U91/><E91/><AGARI ba="2,2" hai="47,48,53,81,82,84,85,88,91,99,102,105,118,119" machi="91" ten="30,11600,0" yaku="1,1,7,1,9,1,54,1,53,0" doraHai="30" doraHaiUra="106" who="3" fromWho="1" sc="209,0,243,-122,199,0,329,142" /><INIT seed="3,3,0,5,0,114" ten="209,121,199,471" oya="3" hai0="129,113,121,83,81,42,50,25,115,4,23,10,127" hai1="16,30,124,125,120,72,90,93,74,79,12,85,53" hai2="37,118,89,94,0,78,19,102,110,116,17,130,96" hai3="86,107,73,41,27,59,108,21,104,11,2,98,54"/><W64/><G73/><T109/><D121/><U38/><E120/><V32/><F32/><W134/><G134/><T22/><D109/><U24/><E38/><V119/><F0/><W35/><G35/><T103/><D129/><U43/><E43/><V45/><F110/><W75/><G75/><T34/><D103/><U87/><E53/><V62/><F130/><W7/><G41/><T112/><D127/><N who="1" m="48715" /><E85/><V20/><F78/><W46/><G46/><N who="0" m="25943" /><D34/><N who="1" m="20807" /><E79/><V9/><F9/><AGARI ba="3,0" hai="9,12,16,72,74,87,90,93" m="20807,48715" machi="9" ten="30,2000,0" yaku="18,1,54,1" doraHai="114" who="1" fromWho="2" sc="209,0,121,29,199,-29,471,0" /><INIT seed="4,0,0,4,2,29" ten="209,150,170,471" oya="0" hai0="58,56,127,134,131,61,26,115,117,126,67,133,89" hai1="119,74,70,19,64,79,84,82,99,40,44,36,9" hai2="102,39,13,51,21,124,83,45,35,90,88,86,109" hai3="3,122,65,68,73,125,116,48,0,100,33,78,2"/><T34/><D117/><U80/><E119/><V1/><F1/><W111/><G116/><T38/><D38/><U24/><E70/><V62/><F109/><W85/><G85/><T97/><D115/><U37/><E64/><V5/><F124/><N who="0" m="47658" /><D97/><U31/><E99/><V50/><F39/><W57/><G125/><T27/><D89/><U132/><E132/><N who="0" m="50793" /><D58/><U77/><E9/><N who="2" m="4271" /><F35/><W118/><G57/><T14/><D14/><U23/><E19/><V95/><F102/><W121/><G100/><T93/><D93/><U113/><E113/><V20/><F62/><W107/><G118/><T103/><D103/><U11/><E11/><V17/><F50/><AGARI ba="0,0" hai="23,24,31,36,37,40,44,50,74,77,79,80,82,84" machi="50" ten="30,1000,0" yaku="7,1" doraHai="29" who="1" fromWho="2" sc="209,0,150,10,170,-10,471,0" /><INIT seed="5,0,0,1,2,134" ten="209,160,160,471" oya="1" hai0="94,52,106,75,87,35,116,65,99,8,54,58,49" hai1="109,113,92,47,123,6,7,93,15,34,111,38,105" hai2="51,69,118,64,124,76,22,9,121,107,122,71,108" hai3="1,135,19,77,45,104,98,112,4,79,16,10,131"/><U128/><E123/><V33/><F33/><W70/><G135/><T129/><D75/><U81/><E34/><V37/><F107/><W26/><G70/><T40/><D116/><U55/><E105/><V80/><F118/><W18/><G112/><T21/><D35/><U43/><E113/><V103/><F103/><W90/><G45/><T115/><D129/><U68/><E68/><V101/><F101/><W127/><G131/><T60/><D106/><U117/><E117/><V57/><F37/><W96/><G96/><T28/><D87/><U102/><E128/><V97/><F97/><W125/><G26/><N who="0" m="16463" /><D8/><U0/><E0/><V89/><F121/><W32/><G32/><T132/><D132/><U5/><E102/><V110/><F122/><W67/><G67/><T20/><D20/><U120/><E120/><V95/><F22/><W42/><G42/><T84/><D84/><U73/><E15/><V31/><F69/><W24/><G24/><T114/><D114/><U44/><E81/><V74/><F71/><W23/><G23/><T62/><D62/><U25/><E73/><V86/><F9/><W126/><G104/><T14/><D14/><U29/><E29/><V12/><F31/><W66/><G66/><T39/><D39/><U91/><E25/><V82/><F12/><W61/><G61/><T2/><D2/><U100/><E100/><V3/><F3/><W50/><G50/><T13/><D13/><U53/><E91/><V88/><F51/><W11/><G11/><T85/><D115/><U17/><E38/><V133/><F133/><W72/><G72/><RYUUKYOKU ba="0,0" sc="209,-10,160,-10,160,-10,471,30" hai3="1,4,10,16,18,19,77,79,90,98,125,126,127" /><INIT seed="6,1,0,2,2,42" ten="199,150,150,501" oya="2" hai0="24,31,135,37,4,131,119,38,46,3,92,48,8" hai1="60,39,17,44,1,45,15,111,97,127,80,90,71" hai2="29,118,79,107,18,78,106,77,53,11,98,105,9" hai3="72,49,125,76,5,66,50,13,67,82,96,132,101"/><V27/><F118/><W129/><G129/><T20/><D131/><U26/><E111/><V102/><F53/><W126/><G132/><T103/><D135/><U124/><E1/><V6/><F18/><W112/><G112/><T21/><D21/><U16/><E39/><V52/><F52/><W99/><G99/><T116/><D92/><N who="1" m="56471" /><E80/><V95/><REACH who="2" step="1"/><F6/><REACH who="2" ten="199,150,140,501" step="2"/><W34/><G5/><T133/><D133/><U51/><E17/><V123/><F123/><W62/><G66/><T0/><D119/><U87/><E26/><V32/><AGARI ba="1,1" hai="9,11,27,29,32,77,78,79,95,98,102,105,106,107" machi="32" ten="40,3900,0" yaku="1,1,0,1,53,0" doraHai="42" doraHaiUra="2" who="2" fromWho="2" sc="199,-14,150,-14,140,52,501,-14" /><INIT seed="6,2,0,1,4,20" ten="185,136,192,487" oya="2" hai0="102,80,42,130,74,6,106,17,105,131,109,119,75" hai1="89,68,58,69,126,45,2,129,43,55,81,0,135" hai2="94,41,84,16,78,40,124,32,73,4,21,103,125" hai3="10,29,87,39,117,7,44,83,5,61,91,111,88"/><V118/><F32/><W31/><G117/><T23/><D119/><U133/><E81/><N who="2" m="45263" /><F4/><W127/><G127/><N who="2" m="48713" /><F118/><W64/><G111/><T35/><D35/><U79/><E89/><N who="2" m="53543" /><F103/><W101/><G101/><T34/><D34/><U116/><E79/><V100/><F100/><W65/><G5/><T19/><D109/><U47/><E126/><V107/><F107/><W82/><G7/><T54/><D6/><U36/><E116/><V63/><F63/><W113/><G61/><T27/><D102/><U85/><E85/><V11/><F11/><W132/><G10/><T86/><D105/><U112/><E0/><V37/><F37/><W12/><G87/><T123/><D106/><U93/><E2/><V49/><F49/><W25/><G39/><T66/><D75/><U77/><E93/><V52/><F52/><W59/><G65/><T53/><D74/><U30/><E77/><V108/><F108/><W128/><G64/><T76/><D66/><U50/><E45/><V57/><F57/><W22/><G59/><T99/><D76/><U1/><E1/><V120/><F120/><W134/><G44/><T71/><D86/><U122/><E122/><V72/><F72/><W114/><G82/><T18/><D123/><U97/><E97/><V3/><F3/><W62/><G83/><T115/><D80/><U98/><E98/><V48/><F48/><W13/><G62/><T46/><D99/><U8/><E8/><V9/><F9/><W67/><G67/><T90/><D46/><U56/><E47/><V70/><F70/><W26/><G22/><T96/><D23/><RYUUKYOKU ba="2,0" sc="185,-15,136,-15,192,15,487,15" hai2="16,21,40,41" hai3="12,13,25,26,29,31,88,91,113,114,128,132,134" /><INIT seed="6,3,0,2,3,1" ten="170,121,207,502" oya="2" hai0="124,118,128,22,87,11,125,112,60,55,92,78,84" hai1="12,91,15,101,18,133,132,115,116,0,29,104,66" hai2="21,95,53,129,56,64,79,57,103,13,69,20,2" hai3="97,82,30,10,130,4,74,65,62,122,48,77,99"/><V63/><F2/><W86/><G74/><T89/><D112/><U98/><E116/><V58/><F129/><W117/><G122/><T81/><D128/><U110/><E110/><V24/><F79/><W51/><G30/><T75/><D118/><U105/><E115/><V135/><F135/><W5/><G117/><T107/><D107/><U26/><E105/><V72/><F72/><W38/><G38/><T3/><D22/><U111/><E111/><V109/><F109/><W88/><G88/><T119/><D119/><U83/><E0/><V31/><F13/><W17/><G17/><T14/><D3/><U134/><E66/><V67/><F67/><W76/><G76/><T47/><D75/><U50/><E50/><V40/><F40/><W9/><G51/><T90/><D78/><U25/><E25/><V85/><F21/><W120/><G120/><T70/><D70/><U108/><E108/><V33/><F33/><W131/><G131/><T8/><D60/><U34/><REACH who="1" step="1"/><E18/><REACH who="1" ten="170,111,207,502" step="2"/><V32/><F64/><W39/><G65/><T41/><D55/><U61/><E61/><V113/><F53/><W42/><G62/><T46/><D41/><U102/><E102/><V54/><F54/><W96/><G48/><T27/><D27/><U6/><E6/><N who="3" m="2666" /><G130/><T121/><D121/><U126/><E126/><V23/><F113/><W68/><G68/><T114/><D114/><U7/><E7/><V28/><F69/><W16/><G39/><T59/><D125/><U123/><E123/><V45/><F63/><W43/><G16/><N who="0" m="8263" /><D124/><U19/><E19/><V127/><F127/><RYUUKYOKU ba="3,1" sc="170,-15,111,15,207,-15,502,15" hai1="12,15,26,29,34,83,91,98,101,104,132,133,134" hai3="9,10,42,43,77,82,86,96,97,99" /><INIT seed="7,4,1,1,4,88" ten="155,126,192,517" oya="3" hai0="19,46,45,30,7,74,62,23,96,31,109,50,95" hai1="116,65,76,41,122,126,2,77,53,47,70,73,21" hai2="57,20,9,133,56,81,105,8,27,25,107,78,117" hai3="90,132,112,85,28,11,94,10,71,87,92,60,0"/><W40/><G112/><T14/><D74/><U36/><E122/><V111/><F117/><W44/><G28/><N who="0" m="10795" /><D109/><U66/><E116/><V100/><F100/><W110/><G110/><T119/><D119/><U49/><E126/><V35/><F111/><W135/><G0/><T63/><D7/><U103/><E21/><V69/><F20/><W106/><G106/><T130/><D130/><U89/><E103/><V124/><F81/><W102/><G71/><T68/><D68/><U54/><E54/><V114/><F69/><W58/><G132/><T91/><D46/><U79/><E70/><V24/><F24/><W84/><G135/><T128/><D128/><U86/><E73/><V82/><F133/><W12/><G12/><T3/><D3/><U72/><E72/><V38/><F35/><W131/><G131/><T98/><D98/><U13/><E2/><V34/><F34/><W118/><G118/><T39/><D39/><U123/><E123/><V127/><F38/><W1/><G1/><T64/><D64/><N who="1" m="24683" /><E36/><V108/><F108/><W42/><G102/><T67/><D67/><U97/><E97/><V121/><F121/><W129/><G129/><T22/><D22/><U59/><E13/><V18/><F127/><W134/><G134/><T52/><AGARI ba="4,1" hai="14,19,23,45,50,52,62,63,91,95,96" m="10795" machi="52" ten="30,4000,0" yaku="8,1,52,1,54,1" doraHai="88" who="0" fromWho="0" sc="155,62,126,-14,192,-14,517,-24" owari="217,2.0,112,-39.0,178,-22.0,493,59.0" /></mjloggm>