<mjloggm ver="2.3"><GO type="97" lobby="0"/><UN n0="%E3%81%AD%E3%81%93%E3%81%A0%E3%81%BE" n1="%E5%B0%B1%E6%B4%BB%E7%94%9F%40%E5%B7%9D%E6%9D%91%E8%BB%8D%E5%9B%A3" n2="%4E%54%2D%52%34%38" n3="%E3%81%8D%E3%82%8A%E3%81%B5%E3%81%A0" dan="14,15,13,15" rate="1949.32,1957.32,1826.31,2041.28" sx="M,M,M,M"/><TAIKYOKU oya="0"/><INIT seed="0,0,0,4,4,44" ten="250,250,250,250" oya="0" hai0="33,39,89,40,82,58,69,2,107,66,26,57,124" hai1="93,8,132,15,11,59,41,22,28,63,105,85,47" hai2="9,24,54,25,76,42,14,122,130,16,45,43,121" hai3="10,35,38,70,30,129,75,80,77,61,34,62,78"/><T36/><D107/><U73/><E105/><V50/><F130/><W134/><G129/><T125/><D2/><U112/><E73/><V106/><F106/><W31/><G134/><T90/><D69/><U100/><E112/><V131/><F131/><W88/><G38/><N who="0" m="14379" /><D40/><U99/><E132/><V116/><F122/><W32/><G70/><T135/><D135/><U120/><E120/><V81/><F121/><W65/><G65/><T79/><D26/><N who="1" m="16471" /><E85/><V29/><F116/><W97/><G10/><T87/><D33/><U83/><E83/><V127/><F25/><W84/><G97/><T101/><D101/><U60/><E60/><V103/><F103/><W126/><G62/><N who="0" m="38223" /><D58/><U18/><E47/><V6/><F127/><AGARI ba="0,0" hai="79,82,87,89,90,124,125,127" m="38223,14379" machi="127" ten="30,1500,0" yaku="18,1" doraHai="44" who="0" fromWho="2" sc="250,15,250,0,250,-15,250,0" /><INIT seed="0,1,0,2,3,81" ten="265,250,235,250" oya="0" hai0="10,51,50,80,29,8,121,118,114,21,18,12,76" hai1="106,99,101,44,133,129,115,56,82,93,4,78,122" hai2="96,19,90,11,128,97,74,54,15,39,22,47,108" hai3="9,27,69,34,33,20,48,49,38,91,75,85,94"/><T86/><D114/><U123/><E4/><V16/><F108/><W17/><G38/><T77/><D118/><U60/><E115/><V52/><F128/><W30/><G69/><T23/><D121/><U104/><E129/><V40/><F74/><W41/><G75/><T32/><D76/><U7/><E7/><V135/><F135/><W73/><G73/><T67/><D67/><U3/><E3/><V36/><F36/><W59/><G41/><T5/><D10/><U127/><E127/><V66/><F66/><W58/><G34/><T35/><D35/><U65/><E133/><V68/><F68/><W6/><G48/><T14/><REACH who="0" step="1"/><D32/><REACH who="0" ten="255,250,235,250" step="2"/><U109/><E109/><V31/><F31/><W120/><G120/><T134/><D134/><U28/><E28/><V117/><F117/><W71/><G71/><T110/><D110/><U113/><E113/><V57/><F54/><W112/><G112/><T88/><D88/><U63/><E123/><V37/><F90/><W132/><G132/><T43/><D43/><U107/><E122/><V1/><F39/><W103/><G103/><T70/><D70/><U124/><E124/><V24/><REACH who="2" step="1"/><F1/><REACH who="2" ten="255,250,225,250" step="2"/><W119/><G119/><T116/><D116/><U87/><E65/><V84/><F84/><W13/><G49/><AGARI ba="1,2" hai="11,15,16,19,22,24,37,40,47,49,52,57,96,97" machi="49" ten="30,7700,0" yaku="1,1,7,1,54,2,53,0" doraHai="81" doraHaiUra="131" who="2" fromWho="3" sc="255,0,250,0,225,100,250,-80" /><INIT seed="1,0,0,4,1,25" ten="255,250,325,170" oya="1" hai0="101,93,114,38,33,13,91,66,131,80,61,24,56" hai1="31,72,6,16,128,15,107,62,47,17,19,118,126" hai2="98,30,51,32,88,45,65,70,43,87,49,125,71" hai3="53,103,1,3,122,2,100,36,121,7,23,50,89"/><U67/><E118/><V95/><F125/><W48/><G36/><T82/><D38/><U4/><E107/><V54/><F65/><W60/><G7/><N who="1" m="2602" /><E72/><V124/><F124/><W96/><G23/><T14/><D114/><U74/><E74/><V84/><F71/><W11/><G11/><T22/><D101/><U10/><E126/><V127/><F70/><W52/><G60/><T116/><D33/><U58/><E128/><V105/><F105/><W9/><G9/><T77/><D131/><U40/><E31/><V135/><F135/><W42/><G42/><T134/><D134/><U85/><E85/><V59/><F127/><W12/><G12/><N who="0" m="4715" /><D77/><U113/><E113/><V79/><F79/><W76/><G76/><T28/><D116/><U29/><E29/><V0/><F0/><W21/><G21/><T20/><D22/><U46/><E40/><V123/><F123/><W8/><G8/><T26/><D26/><U90/><E90/><V120/><F120/><N who="3" m="46187" /><G89/><T106/><D20/><U78/><E78/><V115/><F115/><W94/><G103/><T37/><D37/><U69/><E69/><V129/><F129/><W64/><G64/><T109/><D66/><U81/><E81/><V112/><F112/><W73/><G73/><T63/><D82/><U35/><E35/><V55/><F43/><W75/><G75/><T132/><D80/><U111/><E111/><V86/><F32/><W83/><G83/><T44/><D109/><U39/><E39/><V41/><F41/><W34/><G34/><T97/><D132/><U130/><E130/><V133/><F133/><RYUUKYOKU ba="0,0" sc="255,-30,250,10,325,10,170,10" hai1="10,15,16,17,19,46,47,58,62,67" hai2="30,45,49,51,54,55,59,84,86,87,88,95,98" hai3="1,2,3,48,50,52,53,94,96,100" /><INIT seed="1,1,0,3,3,16" ten="225,260,335,180" oya="1" hai0="124,72,1,30,118,127,90,113,95,52,43,130,122" hai1="119,57,111,131,5,55,67,48,21,31,2,134,120" hai2="106,37,81,89,53,104,116,105,128,82,133,12,71" hai3="129,51,80,17,18,8,11,58,92,38,41,0,25"/><U125/><E120/><V64/><F116/><W39/><G129/><T121/><D118/><U33/><E119/><V87/><F37/><W115/><G115/><T70/><D113/><U102/><E131/><V108/><F133/><W40/><G0/><T46/><D130/><U35/><E134/><V100/><F128/><W123/><G80/><T96/><D1/><U77/><E125/><N who="0" m="48201" /><D72/><U69/><E111/><V49/><F108/><W98/><G39/><N who="0" m="21887" /><D70/><U29/><E102/><V97/><F71/><W112/><G38/><T20/><D52/><U14/><E77/><V66/><F106/><W34/><G34/><T109/><D109/><U61/><E2/><V85/><F104/><W50/><G41/><T93/><D95/><U73/><E73/><V54/><F12/><W65/><G40/><T114/><D114/><U94/><E94/><V76/><F53/><W60/><G123/><N who="0" m="47115" /><D30/><U74/><E74/><V19/><F19/><N who="3" m="7179" /><G25/><T99/><D99/><U28/><E5/><V24/><F24/><W126/><G126/><T91/><D90/><U6/><E6/><V78/><F89/><N who="3" m="55567" /><G112/><T9/><D9/><AGARI ba="1,0" hai="8,9,11,50,51,58,60,65" m="55567,7179" machi="9" ten="30,1000,0" yaku="8,1" doraHai="16" who="3" fromWho="0" sc="225,-13,260,0,335,0,180,13" /><INIT seed="2,0,0,4,3,108" ten="212,260,335,193" oya="2" hai0="90,106,119,114,49,48,45,13,61,82,71,133,62" hai1="60,25,117,80,95,69,83,75,10,1,66,103,42" hai2="51,98,134,84,79,135,88,24,91,7,56,17,120" hai3="43,35,77,113,38,33,28,55,129,96,124,127,89"/><V2/><F120/><W105/><G77/><T23/><D106/><U39/><E117/><V85/><F2/><W47/><G55/><T12/><D133/><N who="2" m="50698" /><F7/><W59/><G59/><T70/><D119/><U68/><E68/><V86/><F79/><W36/><G36/><T22/><D82/><U31/><E42/><V5/><F5/><W78/><G78/><T74/><D90/><U3/><E39/><V102/><F56/><W6/><G89/><N who="2" m="34377" /><F51/><W72/><G6/><T58/><D58/><U54/><E3/><V53/><F53/><W92/><G92/><T112/><REACH who="0" step="1"/><D45/><REACH who="0" ten="202,260,335,193" step="2"/><U52/><E80/><V46/><F46/><W14/><G47/><T26/><D26/><U94/><E83/><V115/><F24/><W65/><G105/><T27/><D27/><U101/><E25/><V81/><F81/><W97/><G35/><T15/><D15/><U9/><E75/><AGARI ba="0,1" hai="12,13,22,23,48,49,61,62,70,71,74,75,112,114" machi="75" ten="25,8000,1" yaku="1,1,22,2,52,2,53,0" doraHai="108" doraHaiUra="50" who="0" fromWho="1" sc="202,90,260,-80,335,0,193,0" /><INIT seed="3,0,0,0,5,107" ten="292,180,335,193" oya="3" hai0="110,27,122,28,79,95,88,62,31,93,78,34,129" hai1="125,57,131,119,104,115,76,54,106,100,0,82,64" hai2="71,70,99,90,41,60,74,61,94,89,6,48,73" hai3="67,40,14,10,22,12,1,32,33,109,92,114,5"/><W55/><G114/><T50/><D122/><U127/><E115/><V120/><F6/><W3/><G40/><T20/><D110/><U58/><E0/><N who="3" m="74" /><G67/><T23/><D129/><U19/><E131/><V43/><F48/><W52/><G92/><T108/><D108/><U117/><E19/><V11/><F11/><N who="3" m="4207" /><G52/><T2/><D34/><N who="3" m="13417" /><G55/><T66/><D2/><U86/><E64/><V69/><F94/><W9/><G109/><T128/><D50/><N who="1" m="30935" /><E100/><V51/><F51/><W135/><G135/><T16/><D128/><U39/><E39/><V53/><F53/><W85/><G85/><T45/><D45/><U118/><E58/><V65/><F65/><W105/><G105/><AGARI ba="0,0" hai="76,82,86,104,105,106,117,118,119,125,127" m="30935" machi="105" ten="40,1300,0" yaku="12,1" doraHai="107" who="1" fromWho="3" sc="292,0,180,13,335,0,193,-13" owari="292,9.0,193,-21.0,335,44.0,180,-32.0" /></mjloggm>