<mjloggm ver="2.3"><GO type="97" lobby="0"/><UN n0="%E3%81%82%E3%81%A4%E3%81%82%E3%81%A4%E6%B9%AF%E5%A9%86%E5%A9%86" n1="%E5%8F%8B%47%46%49" n2="%E5%B0%B1%E6%B4%BB%E7%94%9F%40%E5%B7%9D%E6%9D%91%E8%BB%8D%E5%9B%A3" n3="%E3%81%A9%E3%81%90%E3%81%95%E3%82%8C%E3%81%86%E3%81%AA%E3%81%8E" dan="15,15,15,15" rate="1915.42,1981.80,1999.47,1967.80" sx="M,M,M,M"/><TAIKYOKU oya="0"/><INIT seed="0,0,0,4,2,40" ten="250,250,250,250" oya="0" hai0="106,114,76,56,20,116,29,2,55,69,7,63,32" hai1="97,8,54,77,67,96,92,81,61,9,64,12,109" hai2="132,123,46,131,118,101,88,84,130,47,133,107,128" hai3="50,43,121,85,52,83,93,34,48,58,13,102,1"/><T112/><D106/><U19/><E109/><V18/><F123/><W95/><G1/><T129/><D116/><U31/><E31/><V14/><F101/><W33/><G121/><T4/><D4/><BYE who="0" /><U126/><E126/><V51/><F107/><W86/><G86/><T44/><D44/><N who="2" m="16938" /><F51/><W72/><G72/><T66/><D66/><U6/><E54/><V53/><F53/><W125/><G48/><T105/><D105/><U91/><E96/><V45/><N who="2" m="16946" /><V98/><DORA hai="22" /><F98/><W21/><G102/><T90/><D90/><U37/><E37/><V108/><F108/><W71/><G71/><T16/><D16/><U82/><E61/><V110/><F110/><W122/><G125/><T115/><D115/><U124/><E124/><V134/><F118/><W62/><G50/><T75/><D75/><U68/><E68/><V80/><F131/><W57/><G43/><T36/><D36/><U25/><E67/><V65/><F65/><W120/><G52/><T42/><D42/><U10/><E64/><V41/><F41/><W39/><G39/><T119/><D119/><U26/><E9/><AGARI ba="0,0" hai="9,14,18,80,84,88,128,130,132,133,134" m="16946" machi="9" ten="40,12000,2" yaku="20,1,52,4,54,1" doraHai="40,22" who="2" fromWho="1" sc="250,0,250,-120,250,120,250,0" /><UN n0="%E3%81%82%E3%81%A4%E3%81%82%E3%81%A4%E6%B9%AF%E5%A9%86%E5%A9%86" /><INIT seed="1,0,0,2,5,51" ten="250,130,370,250" oya="1" hai0="86,74,50,33,113,59,53,111,99,38,127,121,114" hai1="0,35,103,39,96,17,9,68,47,135,49,125,57" hai2="80,20,27,105,65,108,72,64,88,7,44,40,6" hai3="69,16,134,122,76,52,26,79,116,4,126,130,93"/><U81/><E68/><V10/><F105/><W36/><G122/><T43/><D33/><U91/><E35/><V1/><F108/><W19/><G69/><T66/><D74/><U73/><E125/><V60/><F7/><W22/><G36/><T2/><D2/><U13/><E135/><V24/><F60/><W45/><G126/><T30/><D30/><U124/><E124/><V131/><F131/><W85/><G130/><T83/><D127/><U61/><E39/><N who="2" m="21535" /><F88/><N who="3" m="53391" /><G4/><T5/><D5/><U84/><E73/><V21/><F21/><N who="3" m="13607" /><G116/><T129/><D129/><U58/><E61/><V110/><F110/><W15/><G134/><T48/><D111/><U104/><REACH who="1" step="1"/><E0/><REACH who="1" ten="250,120,370,250" step="2"/><V28/><F27/><W89/><G89/><N who="0" m="51423" /><D38/><U78/><E78/><AGARI ba="0,1" hai="1,6,10,20,24,28,64,65,72,78,80" m="21535" machi="78" ten="30,1000,0" yaku="25,1" doraHai="51" who="2" fromWho="1" sc="250,0,120,-10,370,20,250,0" /><INIT seed="2,0,0,4,1,102" ten="250,110,390,250" oya="2" hai0="40,64,73,9,55,88,82,20,30,59,83,58,86" hai1="92,90,66,104,133,17,28,15,32,98,71,69,48" hai2="21,87,8,68,57,89,60,36,24,112,45,127,46" hai3="113,135,107,81,110,43,16,99,54,12,93,6,108"/><V94/><F112/><W132/><G43/><T22/><D40/><U72/><E72/><V123/><F68/><W49/><G6/><T0/><D64/><U122/><E133/><N who="3" m="51274" /><G81/><T103/><D103/><U106/><E122/><V5/><F36/><W134/><G113/><T13/><D0/><U14/><E48/><V65/><F127/><W34/><G34/><T42/><D42/><U44/><E44/><V1/><REACH who="2" step="1"/><F123/><REACH who="2" ten="250,110,380,250" step="2"/><W95/><G134/><T33/><D73/><U11/><E69/><V38/><F38/><W79/><G108/><T116/><D116/><U47/><E47/><V100/><F100/><W111/><G110/><T119/><D119/><U2/><E2/><V67/><F67/><W105/><G111/><T50/><D59/><U75/><E66/><V124/><F124/><W74/><G74/><T62/><D58/><U121/><E71/><V76/><F76/><W26/><G79/><T56/><D56/><U85/><E75/><V27/><F27/><W120/><G26/><T51/><D88/><U61/><E121/><V37/><F37/><W25/><G25/><T29/><D33/><U131/><E32/><V18/><AGARI ba="0,1" hai="1,5,8,18,21,24,45,46,57,60,65,87,89,94" machi="18" ten="20,7800,0" yaku="1,1,0,1,7,1,53,1" doraHai="102" doraHaiUra="19" who="2" fromWho="2" sc="250,-26,110,-26,380,88,250,-26" /><INIT seed="2,1,0,4,1,27" ten="224,84,468,224" oya="2" hai0="57,81,35,135,93,117,106,119,50,131,26,14,22" hai1="94,17,13,66,18,90,70,7,110,69,89,71,102" hai2="118,101,41,88,65,113,48,55,115,44,127,100,74" hai3="124,59,105,103,9,24,75,15,133,129,84,46,64"/><V21/><F74/><W128/><G75/><T96/><D106/><U107/><E110/><V79/><F79/><W53/><G133/><T37/><D37/><U20/><E66/><V67/><F118/><W19/><G124/><T39/><D39/><U54/><E7/><V12/><F127/><W52/><G105/><T130/><D35/><U60/><E107/><V87/><F67/><W23/><G103/><N who="0" m="60815" /><D14/><U83/><E83/><V95/><F65/><W73/><G73/><T80/><D135/><U36/><E36/><V91/><F115/><W98/><G98/><T31/><D81/><U109/><E109/><V121/><F121/><W32/><G32/><T11/><D11/><U63/><E102/><V47/><F91/><W6/><G84/><T4/><D4/><U58/><E63/><V10/><F21/><W82/><G82/><T62/><D50/><U72/><E72/><V126/><F126/><W68/><G68/><T99/><D99/><U25/><REACH who="1" step="1"/><E94/><REACH who="1" ten="224,74,468,224" step="2"/><V120/><F120/><W77/><G77/><T134/><D80/><U116/><E116/><N who="0" m="44617" /><D134/><U97/><E97/><V45/><F113/><W122/><G122/><T1/><D1/><U123/><BYE who="0" /><E123/><V85/><F101/><W43/><G64/><T34/><D34/><U40/><E40/><V61/><F100/><W78/><G78/><T38/><D38/><U28/><E28/><V8/><F41/><W112/><G112/><T86/><D86/><U56/><E56/><V125/><F87/><W3/><G3/><T5/><D5/><U2/><E2/><V114/><F85/><W0/><G0/><RYUUKYOKU ba="1,1" sc="224,15,74,15,468,-15,224,-15" hai0="22,26,31,57,62,130,131" hai1="13,17,18,20,25,54,58,60,69,70,71,89,90" /><INIT seed="3,2,1,4,2,11" ten="239,89,453,209" oya="3" hai0="83,15,117,76,127,72,57,3,16,46,107,74,112" hai1="77,10,128,92,93,28,68,33,101,61,130,53,32" hai2="69,125,86,122,42,19,37,4,31,26,47,55,62" hai3="108,133,41,20,80,116,0,81,131,48,66,50,71"/><W85/><G116/><T75/><D75/><U104/><E77/><V13/><F125/><W90/><G0/><T134/><D134/><U63/><E53/><V96/><F4/><W103/><G133/><T113/><D113/><U129/><E10/><V64/><F122/><W40/><G131/><T17/><D17/><U126/><E126/><V91/><F96/><W21/><G71/><T60/><D60/><U110/><E110/><V124/><F55/><W100/><G66/><T14/><D14/><U105/><E101/><N who="3" m="38986" /><G108/><T23/><D23/><N who="3" m="8777" /><G81/><T95/><D95/><U35/><E28/><V45/><F124/><W114/><G114/><T58/><D58/><U67/><REACH who="1" step="1"/><E61/><REACH who="1" ten="239,79,453,209" step="2"/><V2/><F2/><W43/><AGARI ba="2,2" hai="40,41,43,48,50,80,85,90" m="8777,38986" machi="43" ten="30,1500,0" yaku="8,1" doraHai="11" who="3" fromWho="3" sc="239,-7,79,-7,453,-7,209,41" /><INIT seed="3,3,0,5,0,102" ten="232,72,446,250" oya="3" hai0="35,107,49,71,123,9,2,64,78,11,43,89,56" hai1="69,92,60,113,8,74,134,105,44,25,61,29,116" hai2="1,108,6,7,125,86,51,20,5,103,53,120,37" hai3="33,104,97,0,81,30,27,98,119,91,55,67,85"/><W82/><G119/><T110/><D110/><U42/><E113/><V135/><F37/><W47/><G0/><T15/><D15/><U48/><E116/><V93/><F108/><W14/><G67/><T63/><D63/><U128/><E74/><V17/><F120/><W76/><G14/><T72/><D72/><U96/><E134/><V75/><F75/><W106/><G98/><T28/><D28/><U39/><E128/><V52/><F135/><W79/><G97/><T88/><D88/><U99/><E8/><V50/><F125/><W111/><G111/><T73/><D73/><U132/><E132/><V21/><F1/><W100/><G100/><T32/><D32/><U87/><E87/><V115/><F115/><W124/><G124/><T90/><D90/><U45/><E69/><V18/><F103/><W31/><G31/><T59/><D59/><U26/><E26/><N who="2" m="14607" /><F86/><W22/><G33/><T19/><D19/><U77/><E77/><V94/><F51/><W24/><G24/><T54/><D54/><N who="2" m="21098" /><F50/><W66/><G66/><T121/><D121/><U131/><E131/><V68/><F68/><W62/><G47/><T129/><D129/><U10/><E10/><V84/><F84/><W122/><G122/><T46/><D46/><U57/><E45/><V70/><F70/><W65/><G65/><T114/><D114/><U3/><E3/><V117/><F117/><W58/><G79/><T83/><D83/><U130/><E130/><V12/><AGARI ba="3,0" hai="5,6,7,12,18,21,93,94" m="21098,14607" machi="12" ten="30,2000,0" yaku="8,1,54,1" doraHai="102" who="2" fromWho="2" sc="232,-8,72,-8,446,29,250,-13" owari="224,-18.0,64,-44.0,475,58.0,237,4.0" /></mjloggm>