<mjloggm ver="2.3"><GO type="97" lobby="0"/><UN n0="%47%2D%6E%65%74" n1="%E5%B0%B1%E6%B4%BB%E7%94%9F%40%E5%B7%9D%E6%9D%91%E8%BB%8D%E5%9B%A3" n2="%E3%82%89%E3%82%8A%E3%81%8F%E3%81%BE" n3="%E3%81%9F%E3%81%A4%E3%81%8D%E3%82%80%E3%81%A8%E3%82%93" dan="13,15,15,14" rate="1868.20,2005.82,1930.18,1951.33" sx="M,M,M,M"/><TAIKYOKU oya="0"/><INIT seed="0,0,0,2,4,50" ten="250,250,250,250" oya="0" hai0="61,85,67,74,13,118,68,2,34,102,117,11,24" hai1="15,96,127,20,3,60,135,106,122,26,84,43,134" hai2="58,5,92,8,99,33,79,86,57,1,87,42,91" hai3="69,30,97,112,31,22,113,4,124,93,37,88,56"/><T119/><D74/><U16/><E3/><V81/><F33/><W63/><G69/><T121/><D121/><U130/><E122/><V103/><REACH who="2" step="1"/><F42/><REACH who="2" ten="250,250,240,250" step="2"/><W19/><G112/><T51/><D34/><U89/><E43/><V107/><AGARI ba="0,1" hai="1,5,8,57,58,79,81,86,87,91,92,99,103,107" machi="107" ten="20,8000,1" yaku="1,1,2,1,0,1,7,1,53,1" doraHai="50" doraHaiUra="94" who="2" fromWho="2" sc="250,-40,250,-20,240,90,250,-20" /><INIT seed="1,0,0,3,4,93" ten="210,230,330,230" oya="1" hai0="32,58,29,76,125,80,86,106,68,11,40,121,23" hai1="79,36,128,99,10,102,31,17,74,71,56,60,9" hai2="107,34,97,72,112,120,92,122,1,78,7,39,73" hai3="103,48,117,26,19,42,95,98,61,53,66,67,24"/><U22/><E36/><V114/><F34/><W65/><G117/><T94/><D106/><U108/><E71/><V64/><F64/><W2/><G2/><T118/><D118/><U8/><E31/><V30/><F30/><W133/><G133/><T4/><D125/><U129/><E108/><V45/><F45/><W124/><G124/><T6/><D68/><U41/><E41/><V81/><F7/><W89/><G42/><T70/><D70/><U15/><E79/><N who="2" m="44263" /><F1/><W38/><G38/><T50/><D32/><U33/><E74/><V126/><F126/><W104/><G61/><T109/><D121/><N who="2" m="46698" /><F39/><W28/><G19/><T25/><D109/><U69/><E69/><V5/><F5/><W85/><REACH who="3" step="1"/><G28/><REACH who="3" ten="210,230,330,220" step="2"/><T77/><D29/><U110/><E110/><V96/><F107/><W14/><G14/><T75/><D40/><U20/><E33/><V84/><F73/><W87/><G87/><T123/><D123/><U90/><E22/><V83/><F92/><W37/><G37/><T12/><D86/><U3/><E3/><V16/><F16/><W135/><G135/><T49/><D75/><U13/><E13/><V116/><F116/><W131/><G131/><N who="1" m="50250" /><E20/><V44/><F114/><W63/><G63/><T127/><D127/><U62/><E17/><V54/><F112/><W59/><AGARI ba="0,1" hai="24,26,48,53,59,65,66,67,85,89,95,98,103,104" machi="59" ten="30,4000,0" yaku="1,1,0,1,52,1,53,0" doraHai="93" doraHaiUra="27" who="3" fromWho="3" sc="210,-10,230,-20,330,-10,220,50" /><INIT seed="2,0,0,5,1,40" ten="200,210,320,270" oya="2" hai0="56,115,96,82,103,67,58,72,134,90,48,89,45" hai1="18,135,124,42,57,81,8,123,94,84,12,73,95" hai2="86,61,0,39,122,54,87,130,66,111,49,52,46" hai3="9,15,112,119,17,41,97,34,68,129,114,30,74"/><V16/><F0/><W75/><G68/><T118/><D115/><N who="3" m="44073" /><G119/><T55/><D134/><U77/><E123/><V4/><F4/><W53/><G129/><T3/><D3/><U13/><E135/><V117/><F117/><W60/><G41/><T101/><D118/><U133/><E133/><V38/><F122/><W126/><G126/><T127/><D127/><U93/><E124/><V109/><F130/><W26/><G97/><T14/><D14/><U131/><E131/><V132/><F132/><W31/><G31/><T107/><D101/><U113/><E113/><V10/><F54/><W79/><G79/><T22/><D22/><U69/><E69/><N who="2" m="42191" /><F87/><W28/><G28/><T19/><D19/><U106/><E106/><V85/><F85/><W36/><G36/><T102/><D102/><U78/><E42/><V99/><F86/><W33/><G33/><T7/><D7/><U76/><E73/><V92/><F10/><W23/><G9/><T1/><D1/><U50/><E13/><V62/><F62/><W37/><G37/><T91/><REACH who="0" step="1"/><D67/><REACH who="0" ten="190,210,320,270" step="2"/><U32/><E32/><V63/><F16/><W2/><G2/><T116/><D116/><U121/><E121/><V20/><F20/><W25/><G25/><T105/><D105/><U44/><E8/><V65/><F65/><W29/><G29/><T6/><D6/><U5/><E18/><V83/><F111/><W120/><G120/><T71/><D71/><U59/><E12/><V104/><F109/><W100/><G100/><T80/><D80/><U70/><E5/><V98/><F104/><W51/><G23/><RYUUKYOKU ba="0,1" sc="190,30,210,-10,320,-10,270,-10" hai0="45,48,55,56,58,72,82,89,90,91,96,103,107" /><INIT seed="3,1,1,1,2,120" ten="220,200,310,260" oya="3" hai0="60,69,49,110,68,86,102,17,88,73,51,83,85" hai1="107,9,94,134,38,111,4,19,125,82,126,64,33" hai2="118,45,6,30,43,65,114,90,93,61,75,135,28" hai3="5,105,39,18,26,92,8,113,99,42,50,130,100"/><W106/><G39/><T109/><D102/><U53/><E107/><V58/><F75/><W11/><G113/><T56/><D73/><U23/><E33/><V41/><F118/><W55/><G42/><T101/><D101/><U132/><E38/><V3/><F135/><N who="1" m="51753" /><E64/><V129/><F43/><W119/><G119/><T121/><D121/><U104/><E104/><V59/><F59/><W91/><G130/><T103/><D103/><U67/><E67/><V128/><F114/><W63/><G63/><T127/><D127/><N who="1" m="48651" /><E82/><V1/><F6/><W27/><G18/><T98/><D17/><U15/><E94/><V77/><F77/><W80/><G80/><N who="0" m="49191" /><D98/><U48/><E111/><N who="0" m="42505" /><D69/><U14/><E48/><V34/><F129/><W20/><G106/><T112/><D112/><U54/><AGARI ba="1,1" hai="4,9,14,15,19,23,53,54" m="48651,51753" machi="54" ten="40,2700,0" yaku="20,1,18,1" doraHai="120" who="1" fromWho="1" sc="220,-8,200,40,310,-8,260,-14" owari="212,-29.0,240,-16.0,302,40.0,246,5.0" /></mjloggm>