<mjloggm ver="2.3"><GO type="41" lobby="0"/><UN n0="%E3%82%84%E3%81%90%E2%99%AA" n1="%77%74%34%75" n2="%52%55%4E%2D%52%55%4E" n3="%E5%B0%B1%E6%B4%BB%E7%94%9F%40%E5%B7%9D%E6%9D%91%E8%BB%8D%E5%9B%A3" dan="13,13,14,15" rate="1933.43,1853.99,1881.59,2012.27" sx="M,M,M,M"/><TAIKYOKU oya="0"/><INIT seed="0,0,0,1,0,79" ten="250,250,250,250" oya="0" hai0="131,14,65,55,37,87,71,116,13,92,39,82,129" hai1="6,34,66,43,9,130,24,63,19,132,122,51,53" hai2="46,80,21,31,32,96,17,102,110,94,30,54,18" hai3="75,109,134,107,98,115,84,93,124,25,16,105,12"/><T22/><D116/><U77/><E122/><V0/><F110/><W81/><G115/><T104/><D104/><U114/><E114/><V108/><F108/><W135/><G75/><T83/><D55/><U119/><E119/><V59/><F0/><W5/><G5/><T112/><D112/><U78/><E132/><N who="3" m="50730" /><G25/><T41/><D92/><U70/><E43/><V133/><F133/><W97/><G124/><T95/><D95/><U7/><E130/><N who="0" m="49673" /><D22/><U56/><E34/><V50/><F32/><W52/><G52/><T67/><D87/><U4/><REACH who="1" step="1"/><E9/><REACH who="1" ten="250,240,250,250" step="2"/><V101/><F101/><N who="3" m="60591" /><G98/><T29/><D41/><U27/><E27/><V10/><F10/><N who="3" m="6167" /><G109/><T60/><D29/><U8/><E8/><V36/><F30/><W28/><G28/><T123/><D123/><U74/><E74/><V47/><F31/><W62/><G62/><T57/><D67/><U48/><E48/><V64/><F50/><W2/><G2/><T33/><D33/><U23/><AGARI ba="0,1" hai="4,6,7,19,23,24,51,53,56,63,66,70,77,78" machi="23" ten="30,2000,0" yaku="1,1,0,1,53,0" doraHai="79" doraHaiUra="68" who="1" fromWho="1" sc="250,-10,240,30,250,-5,250,-5" /><INIT seed="1,0,0,1,1,40" ten="240,270,245,245" oya="1" hai0="35,110,0,26,65,100,20,68,123,18,6,50,124" hai1="112,89,104,118,8,70,55,41,111,23,134,48,56" hai2="46,19,44,75,78,130,25,12,96,47,49,87,45" hai3="93,135,69,53,103,9,102,27,86,21,79,80,15"/><U29/><E118/><V7/><F75/><W17/><G69/><T98/><D110/><U73/><E112/><V22/><F130/><W38/><G38/><T115/><D115/><U1/><E70/><V122/><F122/><W59/><G135/><T119/><D119/><U116/><E116/><V64/><F64/><W84/><G84/><T30/><D124/><U97/><E134/><V31/><F96/><W129/><G93/><T113/><D113/><U133/><E73/><V107/><F107/><W58/><G58/><T61/><D50/><U33/><E33/><V77/><F87/><W34/><G34/><T92/><D6/><U10/><E111/><V54/><REACH who="2" step="1"/><F7/><REACH who="2" ten="240,270,235,245" step="2"/><W117/><G129/><T37/><D123/><U71/><E104/><V4/><F4/><N who="3" m="3495" /><G117/><T72/><D72/><U51/><E133/><V81/><F81/><W128/><G128/><T106/><D0/><U131/><E1/><V127/><F127/><W66/><G66/><T101/><D101/><U88/><E131/><V43/><F43/><W14/><G103/><T5/><D5/><U42/><E97/><V74/><F74/><W76/><G102/><T99/><D99/><U24/><E71/><V57/><F57/><W94/><G94/><T32/><D92/><U3/><E3/><V63/><F63/><N who="3" m="36335" /><G76/><T125/><D125/><U114/><E114/><V11/><AGARI ba="0,1" hai="11,12,19,22,25,31,44,45,46,47,49,54,77,78" machi="11" ten="30,12000,2" yaku="1,1,0,1,8,1,52,4,53,0" doraHai="40" doraHaiUra="95" who="2" fromWho="2" sc="240,-30,270,-60,235,130,245,-30" /><INIT seed="2,0,0,2,1,57" ten="210,210,365,215" oya="2" hai0="50,111,84,121,33,15,68,21,93,1,71,133,76" hai1="34,82,42,53,27,45,4,52,135,12,29,28,48" hai2="97,96,107,90,30,43,2,59,36,129,54,20,35" hai3="73,49,109,126,124,7,87,91,8,41,69,22,130"/><V110/><F35/><W94/><G73/><T120/><D33/><U18/><E135/><V19/><F2/><W31/><G69/><T113/><D1/><U37/><E4/><V24/><F129/><W11/><G109/><T16/><D111/><U128/><E128/><V65/><F65/><W92/><G130/><T114/><D50/><U99/><E29/><V102/><F110/><W51/><G94/><T70/><D133/><U134/><E134/><V89/><F30/><W47/><G51/><T44/><D44/><U75/><E99/><V115/><F115/><W74/><G74/><T32/><D32/><U132/><E37/><V67/><F67/><W105/><G105/><T38/><D38/><U25/><E25/><V60/><REACH who="2" step="1"/><F96/><REACH who="2" ten="210,210,355,215" step="2"/><W104/><G31/><T118/><D118/><U66/><E66/><V72/><F72/><W64/><G64/><T9/><D114/><U100/><E132/><V61/><F61/><W56/><G124/><T3/><D113/><U125/><E125/><V40/><F40/><W58/><G41/><T62/><D62/><U88/><E75/><V85/><F85/><W112/><G87/><T81/><D3/><U95/><E42/><V108/><F108/><W63/><G112/><T127/><D127/><U5/><E34/><V131/><F131/><W55/><G63/><T10/><D121/><U13/><E28/><V6/><F6/><W78/><G7/><T26/><D120/><U79/><E5/><V116/><F116/><W0/><G0/><T101/><D70/><U117/><E117/><V103/><F103/><W39/><G126/><RYUUKYOKU ba="0,1" sc="210,-10,210,-10,355,30,215,-10" hai2="19,20,24,36,43,54,59,60,89,90,97,102,107" /><INIT seed="2,1,1,0,5,82" ten="200,200,385,205" oya="2" hai0="59,22,69,132,74,17,34,106,99,73,28,61,102" hai1="25,75,57,91,79,2,70,122,39,41,23,89,98" hai2="58,92,47,49,93,109,119,12,51,107,53,134,27" hai3="4,90,133,84,60,129,71,115,125,3,35,72,113"/><V130/><F119/><W96/><G72/><T135/><D69/><U126/><E70/><V68/><F68/><W24/><G129/><T95/><D34/><U6/><E122/><V8/><F130/><W103/><G125/><T0/><D28/><U123/><E123/><V117/><F117/><W97/><G133/><N who="0" m="51275" /><D0/><U124/><E6/><V50/><F134/><W78/><G78/><T83/><D83/><U76/><E2/><V64/><F107/><W21/><G3/><T65/><D106/><U88/><E124/><V48/><F109/><W10/><G35/><T18/><D18/><U55/><E126/><V54/><F27/><AGARI ba="1,1" hai="17,22,27,59,61,65,73,74,95,99,102" m="51275" machi="27" ten="30,1000,0" yaku="20,1" doraHai="82" who="0" fromWho="2" sc="200,23,200,0,385,-13,205,0" /><INIT seed="3,0,0,0,4,66" ten="223,200,372,205" oya="3" hai0="2,69,75,67,127,115,32,135,37,71,104,45,128" hai1="58,62,132,76,123,88,103,60,81,26,44,83,14" hai2="130,38,82,129,85,107,89,50,91,64,95,63,18" hai3="13,20,41,116,24,78,22,100,10,43,49,77,51"/><W79/><G116/><T21/><RYUUKYOKU type="yao9" ba="0,0" sc="223,0,200,0,372,0,205,0" hai0="2,21,32,37,45,67,69,71,75,104,115,127,128,135" /><INIT seed="3,1,0,3,5,47" ten="223,200,372,205" oya="3" hai0="25,117,68,42,16,52,18,22,111,77,121,91,30" hai1="119,63,5,99,107,44,75,78,114,32,89,90,23" hai2="7,80,49,105,129,118,104,8,95,40,57,9,43" hai3="76,135,73,116,96,130,126,125,50,84,134,20,88"/><W103/><G73/><T58/><D117/><U37/><E114/><V131/><F95/><N who="3" m="54663" /><G116/><T85/><D111/><U53/><E32/><V56/><F80/><W3/><G3/><T92/><D68/><U0/><E119/><V100/><F118/><W98/><G76/><T86/><D42/><U11/><E78/><V62/><F62/><W54/><G20/><T6/><D6/><U112/><E75/><V4/><REACH who="2" step="1"/><F100/><REACH who="2" ten="223,200,362,205" step="2"/><W24/><G130/><T41/><D121/><U132/><E112/><V61/><F61/><W29/><G103/><T101/><D101/><U97/><E63/><V48/><AGARI ba="1,1" hai="4,7,8,9,40,43,48,49,56,57,104,105,129,131" machi="48" ten="25,12000,2" yaku="1,1,0,1,22,2,52,2,53,0" doraHai="47" doraHaiUra="123" who="2" fromWho="2" sc="223,-31,200,-31,362,133,205,-61" /><INIT seed="4,0,0,1,5,45" ten="192,169,495,144" oya="0" hai0="76,71,24,86,80,130,72,109,120,111,124,11,93" hai1="79,119,55,9,19,42,58,65,69,50,70,25,59" hai2="54,113,46,96,85,112,88,4,127,20,84,73,126" hai3="39,43,133,33,105,28,64,57,53,122,51,128,27"/><T129/><D71/><U132/><E119/><V121/><F4/><W110/><G110/><N who="0" m="41995" /><D11/><U81/><E132/><V101/><F20/><W62/><G122/><T29/><D120/><U0/><E42/><V56/><F121/><W60/><G105/><T2/><D2/><U68/><E0/><V7/><F7/><W41/><G133/><T67/><D67/><U97/><E59/><V108/><F108/><W3/><G3/><T38/><D38/><U47/><E47/><V15/><F15/><W32/><G128/><N who="0" m="49259" /><D93/><U35/><E65/><V48/><F73/><W103/><G33/><N who="0" m="20647" /><D72/><U1/><E1/><V14/><F14/><W90/><G39/><T92/><D92/><U77/><E9/><V37/><F85/><W117/><G117/><T75/><D86/><U12/><E70/><V104/><F37/><W36/><G36/><T6/><D6/><U83/><E69/><V22/><F22/><W17/><G17/><T116/><D116/><U74/><E68/><V94/><F46/><W89/><G103/><T102/><D102/><U8/><E74/><V134/><REACH who="2" step="1"/><F134/><REACH who="2" ten="192,169,485,144" step="2"/><W21/><G32/><T5/><D5/><U30/><E35/><V125/><AGARI ba="0,1" hai="48,54,56,84,88,94,96,101,104,112,113,125,126,127" machi="125" ten="40,12000,2" yaku="1,1,2,1,0,1,18,1,52,1,54,1,53,0" doraHai="45" doraHaiUra="63" who="2" fromWho="2" sc="192,-60,169,-30,485,130,144,-30" /><INIT seed="5,0,0,2,5,95" ten="132,139,615,114" oya="1" hai0="42,36,40,104,113,56,111,52,76,5,60,71,31" hai1="100,103,63,6,70,65,108,26,130,109,30,106,62" hai2="92,83,81,2,38,129,124,50,134,135,69,123,27" hai3="47,35,132,9,102,28,101,57,72,13,90,127,44"/><U41/><E130/><V53/><F2/><W121/><G72/><T120/><D104/><U64/><E6/><V59/><F38/><W39/><G121/><T11/><D111/><N who="1" m="42571" /><E41/><V107/><F107/><W14/><G132/><T115/><D76/><U74/><E74/><V128/><F69/><W45/><G127/><T24/><D71/><N who="1" m="42391" /><E106/><V54/><F123/><W91/><G39/><T88/><D36/><U37/><E37/><V4/><F4/><W19/><G35/><AGARI ba="0,0" hai="26,30,35,63,65,70,100,103" m="42391,42571" machi="35" ten="30,1500,0" yaku="10,1" doraHai="95" who="1" fromWho="3" sc="132,0,139,15,615,0,114,-15" /><INIT seed="5,1,0,3,1,83" ten="132,154,615,99" oya="1" hai0="93,112,49,11,97,38,107,72,110,37,90,62,126" hai1="87,31,30,52,36,25,85,99,29,12,95,39,67" hai2="45,88,14,68,101,21,50,116,46,71,26,17,127" hai3="131,128,78,28,65,7,6,75,129,134,3,22,77"/><U114/><E67/><V79/><F127/><W42/><G42/><T23/><D110/><U34/><E114/><V5/><F116/><W120/><G120/><T102/><D72/><U9/><E34/><V103/><F71/><W119/><G65/><T124/><D112/><U13/><E25/><V70/><F70/><W15/><G119/><T43/><D62/><U66/><E66/><V10/><F68/><W81/><G134/><T105/><D11/><U91/><E39/><V63/><F63/><W106/><G106/><N who="0" m="63823" /><D23/><U24/><E36/><N who="0" m="13929" /><D49/><U121/><E24/><V125/><F125/><N who="0" m="48234" /><D43/><U80/><E121/><V113/><F113/><W61/><G61/><T16/><D16/><N who="1" m="8207" /><E13/><V53/><F79/><W117/><G117/><T69/><D69/><U1/><E1/><V104/><F104/><W0/><G78/><T118/><D118/><U98/><E80/><V60/><F60/><W115/><G115/><T57/><D57/><U84/><E98/><AGARI ba="1,0" hai="90,93,98,105,107" m="48234,13929,63823" machi="98" ten="30,1000,0" yaku="18,1" doraHai="83" who="0" fromWho="1" sc="132,13,154,-13,615,0,99,0" /><INIT seed="6,0,0,3,5,37" ten="145,141,615,99" oya="2" hai0="0,124,18,92,65,90,1,100,14,7,59,83,99" hai1="50,132,78,71,121,24,118,8,113,61,25,84,68" hai2="29,109,23,131,88,40,80,42,85,6,34,93,15" hai3="73,104,35,63,82,21,49,110,53,62,105,60,43"/><V45/><F34/><W74/><G35/><T39/><D39/><U91/><E118/><V94/><F131/><W32/><G32/><T125/><D7/><U133/><E113/><V54/><F109/><W11/><G110/><T12/><D12/><U96/><E121/><V41/><F29/><W2/><G21/><T102/><D102/><U16/><E78/><V128/><F128/><W79/><G73/><T48/><D83/><N who="1" m="49567" /><E96/><V69/><F69/><W98/><G98/><T27/><D100/><U111/><E50/><N who="2" m="29007" /><F6/><W47/><REACH who="3" step="1"/><G53/><REACH who="3" ten="145,141,615,89" step="2"/><N who="0" m="32167" /><D99/><U76/><E111/><V101/><F101/><W9/><G9/><T4/><D0/><U52/><E8/><V20/><F20/><W114/><G114/><T112/><D1/><U3/><E3/><V17/><AGARI ba="0,1" hai="15,17,23,40,41,42,80,85,88,93,94" m="29007" machi="17" ten="30,12000,1" yaku="8,1,52,3,54,1" doraHai="37" who="2" fromWho="2" sc="145,-40,141,-40,615,130,89,-40" /><INIT seed="6,1,0,0,3,118" ten="105,101,745,49" oya="2" hai0="26,59,98,76,8,90,135,129,112,100,71,1,116" hai1="9,82,70,14,29,73,64,39,119,20,50,102,77" hai2="7,30,110,81,132,120,55,57,48,51,133,46,62" hai3="125,56,127,67,45,6,53,121,111,108,47,130,33"/><V16/><F110/><N who="3" m="42027" /><G33/><T85/><D71/><U63/><E39/><V0/><F0/><W11/><G11/><T60/><D76/><U103/><E119/><V117/><F117/><W83/><G83/><T80/><D116/><U58/><E20/><V49/><F7/><W31/><G31/><T27/><D135/><N who="2" m="51786" /><F30/><W93/><G93/><T65/><D129/><U87/><E29/><V88/><F16/><W123/><G6/><T114/><D8/><U113/><E113/><N who="0" m="43625" /><D1/><U22/><E22/><V124/><F120/><N who="3" m="46155" /><G67/><T21/><D21/><U25/><E25/><V42/><F124/><N who="3" m="47691" /><G130/><T61/><D61/><AGARI ba="1,0" hai="45,47,53,56,61" m="47691,46155,42027" machi="61" ten="40,12000,2" yaku="18,1,34,2,52,3" doraHai="118" who="3" fromWho="0" sc="105,-123,101,0,745,0,49,123" owari="-18,-52.0,101,-30.0,745,85.0,172,-3.0" /></mjloggm>