<mjloggm ver="2.3"><GO type="41" lobby="0"/><UN n0="%63%68%69%73%65%2E" n1="%6D%69%74%75%74%61%6B%61" n2="%E5%B0%B1%E6%B4%BB%E7%94%9F%40%E5%B7%9D%E6%9D%91%E8%BB%8D%E5%9B%A3" n3="%E3%83%AD%E3%83%BC%E3%82%B9%E3%83%88%E3%83%81%E3%82%AD%E3%83%B3" dan="13,13,16,14" rate="1880.02,1849.55,2149.12,1914.05" sx="M,M,M,M"/><TAIKYOKU oya="0"/><INIT seed="0,0,0,3,0,91" ten="250,250,250,250" oya="0" hai0="49,128,45,55,4,23,92,7,41,66,47,28,93" hai1="21,71,84,83,51,16,82,34,96,120,73,70,101" hai2="107,44,13,87,95,43,77,35,52,115,124,123,79" hai3="40,10,12,119,72,1,125,75,111,25,121,19,69"/><T42/><D66/><U5/><E34/><V15/><F35/><W108/><G69/><T103/><D128/><U57/><E5/><N who="0" m="2121" /><D103/><U109/><E109/><N who="3" m="42058" /><G40/><N who="0" m="15467" /><D45/><U61/><E120/><V130/><F107/><W110/><G119/><T53/><D53/><U117/><E51/><N who="2" m="28775" /><F43/><W102/><G102/><T24/><AGARI ba="0,0" hai="23,24,28,47,49,55,92,93" m="15467,2121" machi="24" ten="30,6000,0" yaku="8,1,52,2" doraHai="91" who="0" fromWho="0" sc="250,60,250,-20,250,-20,250,-20" /><INIT seed="0,1,0,3,0,85" ten="310,230,230,230" oya="0" hai0="15,9,54,112,101,59,3,1,97,93,127,36,53" hai1="34,10,135,56,126,99,31,24,92,69,129,38,113" hai2="45,115,133,106,121,65,62,39,5,100,80,66,4" hai3="6,35,78,111,37,103,49,26,22,125,16,132,74"/><T96/><D112/><U134/><E69/><V68/><F121/><W109/><G37/><T123/><D127/><U110/><E38/><V95/><F115/><W0/><G125/><T81/><D36/><U58/><E113/><V43/><F133/><N who="1" m="50697" /><E126/><V28/><F66/><W30/><G132/><T17/><D123/><U32/><E129/><V57/><F106/><W52/><G103/><T67/><D67/><U46/><E46/><V50/><F28/><W124/><G78/><T75/><D54/><U131/><E131/><V41/><F41/><W48/><G74/><T61/><REACH who="0" step="1"/><D97/><REACH who="0" ten="300,230,230,230" step="2"/><U130/><E130/><V11/><F65/><W117/><G52/><T44/><D44/><U83/><E110/><N who="3" m="41994" /><G124/><T119/><D119/><U33/><E10/><V42/><F45/><W55/><G55/><T29/><D29/><U73/><E73/><V27/><F39/><W60/><G117/><T114/><D114/><U51/><E99/><V14/><F43/><W71/><G30/><T84/><D84/><U116/><E31/><V76/><F42/><W12/><G71/><T118/><D118/><U64/><E64/><V105/><F68/><W21/><G35/><T18/><D18/><U77/><E116/><V87/><F87/><W23/><G6/><T72/><D72/><U40/><E40/><V94/><F5/><W88/><G16/><T63/><D63/><U47/><E34/><V104/><F4/><W70/><G60/><T8/><D8/><U20/><E33/><V2/><F11/><W98/><G70/><T90/><D90/><U7/><E32/><V128/><F62/><RYUUKYOKU ba="1,1" sc="300,30,230,-10,230,-10,230,-10" hai0="1,3,9,15,17,53,59,61,75,81,93,96,101" /><INIT seed="0,2,1,2,1,90" ten="330,220,220,220" oya="0" hai0="36,128,73,38,95,110,79,57,27,44,127,53,4" hai1="58,112,75,93,131,134,80,12,71,87,37,47,92" hai2="50,23,113,42,22,64,39,6,10,63,99,30,51" hai3="91,32,2,77,33,118,88,19,98,34,43,48,13"/><T123/><D123/><U97/><E71/><V41/><F113/><W55/><G2/><T94/><D128/><U101/><E112/><V116/><F116/><W84/><G43/><T120/><D120/><U11/><E131/><V109/><F109/><W69/><G77/><T3/><D127/><U133/><E58/><N who="2" m="36983" /><F39/><W59/><G69/><T114/><D114/><U130/><E130/><V132/><F132/><W126/><G126/><T83/><D110/><U115/><E115/><V28/><F99/><W16/><G118/><T104/><D104/><U135/><E47/><N who="2" m="25967" /><F6/><W54/><G34/><T49/><D36/><U1/><E1/><V0/><F0/><W9/><G33/><T108/><D108/><U29/><E29/><N who="2" m="11371" /><F10/><W106/><G32/><T86/><D86/><U65/><E65/><V20/><F42/><W70/><G70/><T15/><D15/><U46/><E46/><V7/><F7/><N who="3" m="3263" /><G106/><T18/><D18/><N who="1" m="8479" /><E37/><V31/><N who="2" m="11379" /><V81/><DORA hai="17" /><F81/><N who="3" m="49167" /><G55/><T78/><D78/><N who="1" m="46487" /><E75/><V100/><F51/><W105/><G105/><AGARI ba="2,1" hai="92,93,97,101,105,133,134,135" m="46487,8479" machi="105" ten="30,3900,0" yaku="20,1,52,2" doraHai="90,17" who="1" fromWho="3" sc="330,0,220,55,220,0,220,-45" /><INIT seed="1,0,0,2,3,90" ten="330,275,220,175" oya="1" hai0="91,10,36,17,129,5,115,76,79,37,57,116,69" hai1="44,62,16,49,42,38,103,67,118,8,95,14,85" hai2="29,53,23,122,100,110,20,52,101,120,121,119,132" hai3="25,22,86,39,124,80,88,6,89,13,56,111,131"/><U41/><E118/><V24/><F119/><W4/><G39/><T75/><D69/><U61/><E38/><V26/><F132/><W15/><G131/><T82/><D116/><U60/><E42/><V11/><F110/><W105/><G111/><T1/><D129/><U104/><E104/><V64/><F64/><W117/><G105/><T30/><D115/><U71/><E85/><V40/><F40/><W108/><G108/><T68/><D68/><U114/><REACH who="1" step="1"/><E114/><REACH who="1" ten="330,265,220,175" step="2"/><V112/><F112/><W21/><G117/><T109/><D109/><U63/><E63/><V35/><F122/><W130/><G130/><T78/><D36/><U28/><E28/><V43/><F121/><W66/><G124/><T73/><D37/><U0/><E0/><V93/><F120/><W70/><G86/><T74/><D30/><U9/><E9/><V77/><F43/><W46/><G70/><T123/><D123/><U127/><E127/><V55/><F29/><W72/><G72/><T31/><D31/><U65/><E65/><V87/><F87/><W96/><G66/><T48/><D74/><U107/><E107/><V3/><F35/><W33/><G33/><T126/><D126/><U125/><E125/><V34/><F34/><W18/><G22/><T19/><D75/><U81/><E81/><V47/><F53/><W135/><G80/><T94/><D73/><U99/><AGARI ba="0,1" hai="8,14,16,41,44,49,60,61,62,67,71,95,99,103" machi="99" ten="30,11700,0" yaku="1,1,0,1,52,1,54,1,53,0" doraHai="90" doraHaiUra="54" who="1" fromWho="1" sc="330,-39,265,127,220,-39,175,-39" /><INIT seed="1,1,0,3,2,15" ten="291,392,181,136" oya="1" hai0="27,64,92,5,67,16,130,57,21,69,47,26,133" hai1="43,79,84,45,3,99,95,122,44,36,8,82,17" hai2="91,94,102,103,25,14,88,7,66,132,53,113,23" hai3="2,83,80,112,19,65,20,71,78,11,119,9,58"/><U111/><E122/><V30/><F132/><W110/><G71/><T28/><D130/><U97/><E45/><V50/><F113/><W90/><G112/><T101/><D133/><U134/><E134/><V135/><F135/><W52/><G119/><T128/><D69/><U127/><E127/><V4/><F66/><W114/><G65/><T75/><D128/><U63/><E63/><V86/><F91/><W48/><G114/><T41/><D75/><U54/><E54/><V29/><F29/><W98/><G2/><T104/><D104/><U72/><E111/><V117/><F117/><W42/><G42/><T131/><D131/><U77/><E77/><V85/><F85/><N who="3" m="48279" /><G110/><T116/><D116/><U93/><E84/><V70/><F70/><W37/><G37/><T6/><D57/><U89/><E3/><V96/><F14/><N who="3" m="9335" /><G83/><T34/><D5/><N who="2" m="2122" /><F96/><W126/><G126/><T13/><D6/><U31/><E31/><V49/><F49/><W61/><G48/><T56/><D56/><AGARI ba="1,0" hai="23,25,30,50,53,56,86,88,94,102,103" m="2122" machi="56" ten="30,2000,0" yaku="8,1,54,1" doraHai="15" who="2" fromWho="0" sc="291,-23,392,0,181,23,136,0" /><INIT seed="2,0,0,4,5,67" ten="268,392,204,136" oya="2" hai0="65,33,86,32,46,30,131,76,62,129,71,132,69" hai1="64,63,80,88,89,99,96,77,29,7,47,133,104" hai2="123,74,85,112,81,52,0,110,61,5,68,51,12" hai3="124,94,114,134,118,42,34,11,126,53,91,55,119"/><V135/><F0/><W23/><G34/><N who="0" m="13419" /><D30/><U40/><E29/><V115/><F123/><W60/><G42/><T4/><D4/><U83/><E7/><V98/><F74/><W103/><G103/><T1/><D1/><U79/><E47/><V92/><F135/><W90/><G134/><T111/><D132/><U102/><E40/><V44/><F110/><W18/><G11/><T49/><D86/><N who="1" m="48399" /><E64/><V36/><F36/><W128/><G91/><N who="1" m="34890" /><E133/><V37/><F37/><W97/><G55/><T19/><D76/><U105/><E63/><V57/><F68/><N who="0" m="26186" /><D19/><U6/><E6/><V130/><F130/><N who="0" m="49674" /><D111/><U9/><E9/><V125/><F5/><W2/><G128/><T13/><D13/><U58/><E58/><V117/><F12/><W116/><G2/><T14/><D14/><U78/><E83/><V16/><F85/><W113/><G116/><T127/><D127/><N who="3" m="48681" /><G119/><T122/><D122/><U48/><E48/><V100/><F51/><W107/><G118/><T54/><D65/><U101/><AGARI ba="0,0" hai="78,79,96,99,101,102,104,105" m="34890,48399" machi="101" ten="30,12000,2" yaku="35,5,54,1" doraHai="67" who="1" fromWho="1" sc="268,-30,392,120,204,-60,136,-30" /><INIT seed="3,0,0,4,0,13" ten="238,512,144,106" oya="3" hai0="72,38,89,6,101,15,68,54,102,0,106,58,39" hai1="29,80,19,132,77,83,93,48,123,104,59,35,27" hai2="128,12,37,75,82,125,32,81,109,71,135,36,94" hai3="69,115,31,18,56,34,26,121,14,63,133,57,45"/><W78/><G121/><T88/><D68/><U8/><E104/><V84/><F32/><W79/><G115/><T40/><D72/><U97/><E123/><V96/><F71/><W10/><G69/><T65/><D65/><U86/><E132/><V20/><F135/><W70/><G133/><T9/><D39/><U52/><E83/><V107/><F107/><W124/><G70/><T114/><D114/><U51/><E51/><V46/><F75/><W95/><G45/><T110/><D110/><U64/><E64/><V108/><F125/><W21/><G124/><T105/><D105/><U25/><E25/><V92/><F128/><W60/><G95/><T5/><D5/><U118/><E118/><V73/><F73/><W44/><G44/><T28/><D40/><U62/><E62/><N who="3" m="23594" /><G34/><T53/><D38/><U99/><REACH who="1" step="1"/><E93/><REACH who="1" ten="238,502,144,106" step="2"/><V74/><F37/><W134/><G134/><T33/><D106/><U50/><E50/><V1/><F36/><W49/><G49/><T61/><D0/><U22/><E22/><V103/><F1/><W66/><G66/><T23/><D33/><U91/><E91/><N who="0" m="34889" /><D53/><U76/><E76/><AGARI ba="0,1" hai="10,14,18,21,26,31,56,57,76,78,79" m="23594" machi="76" ten="30,2900,0" yaku="8,1,52,1" doraHai="13" who="3" fromWho="1" sc="238,0,502,-29,144,0,106,39" /><INIT seed="3,1,0,2,1,108" ten="238,473,144,145" oya="3" hai0="12,113,19,20,28,100,60,30,96,13,102,66,77" hai1="37,48,9,120,70,133,42,129,34,106,94,21,0" hai2="88,3,105,83,92,111,121,118,91,101,44,29,50" hai3="38,22,63,52,97,135,6,7,61,81,93,45,128"/><W115/><G115/><T119/><D119/><U82/><E82/><V5/><F118/><W40/><G135/><T72/><D102/><U110/><E48/><V15/><F111/><W131/><G81/><T27/><D113/><U65/><E94/><V36/><F121/><W75/><G75/><T8/><D77/><U89/><E89/><V114/><F36/><W99/><G22/><T71/><D72/><U104/><E21/><V46/><F3/><W49/><G99/><T109/><D109/><U84/><E84/><V68/><F68/><W39/><G39/><T76/><D76/><U26/><E42/><V73/><F114/><W11/><G7/><T103/><D103/><U56/><E37/><V124/><F73/><W57/><G131/><T116/><D116/><U86/><E56/><V85/><F124/><W130/><G130/><T126/><D126/><U58/><E58/><V35/><F105/><W43/><G43/><T2/><D2/><U79/><E129/><V123/><F123/><W78/><G78/><T132/><D132/><U53/><E106/><V125/><F125/><W59/><G59/><T62/><D62/><U80/><E104/><V55/><F35/><W98/><G98/><T41/><D41/><U32/><E32/><V33/><F33/><W122/><G128/><T16/><REACH who="0" step="1"/><D27/><REACH who="0" ten="228,473,144,145" step="2"/><U67/><E110/><V112/><F112/><W51/><G122/><T18/><D18/><U31/><E120/><V74/><F74/><W127/><G127/><T90/><D90/><U25/><E133/><V17/><F91/><N who="3" m="55487" /><G63/><T4/><D4/><U117/><E117/><RYUUKYOKU ba="1,1" sc="228,15,473,-15,144,-15,145,15" hai0="8,12,13,16,19,20,28,30,60,66,71,96,100" hai3="6,11,38,40,45,49,51,52,57,61" /><INIT seed="3,2,1,4,3,133" ten="243,458,129,160" oya="3" hai0="76,21,7,48,57,135,39,51,71,52,97,69,114" hai1="53,108,131,61,104,56,75,79,101,41,110,24,54" hai2="116,123,62,118,105,55,99,5,93,98,33,46,124" hai3="43,81,8,20,67,36,125,83,11,115,14,13,38"/><W109/><G115/><T19/><D39/><U0/><E0/><V18/><F33/><W28/><G67/><T88/><D135/><U49/><E24/><V60/><F105/><W89/><G43/><T122/><D114/><U50/><E79/><V112/><F112/><W59/><G59/><T73/><D122/><U1/><E1/><V87/><F123/><W68/><G28/><T42/><D7/><U17/><E75/><V134/><F134/><W92/><G20/><T58/><D76/><U22/><E131/><V130/><F130/><W113/><G113/><T2/><D2/><U80/><E80/><V128/><F128/><W126/><G68/><T84/><D73/><U111/><E101/><V29/><F29/><W121/><G121/><T107/><D107/><U117/><E104/><V10/><F18/><W132/><G132/><T91/><D97/><U127/><E117/><V129/><F129/><W6/><G109/><T106/><D106/><U44/><E22/><V9/><F55/><W12/><G83/><T25/><D91/><U40/><E17/><V70/><F70/><W82/><G82/><T77/><D77/><U37/><E41/><V85/><F46/><W3/><G81/><T66/><D66/><U78/><E78/><V34/><F34/><W72/><G72/><T120/><D120/><U65/><E37/><N who="3" m="14442" /><G11/><T47/><D58/><N who="1" m="33071" /><E65/><V90/><F116/><W4/><G4/><T103/><D103/><U119/><E119/><V63/><F118/><W102/><G102/><T100/><D100/><U30/><E30/><V32/><F5/><W86/><AGARI ba="2,1" hai="3,6,8,12,13,14,86,89,92,125,126" m="14442" machi="86" ten="40,7800,0" yaku="5,1,52,2" doraHai="133" who="3" fromWho="3" sc="243,-28,458,-28,129,-28,160,94" /><INIT seed="3,3,0,5,4,91" ten="215,430,101,254" oya="3" hai0="59,110,69,106,70,24,100,68,128,88,101,30,42" hai1="46,49,132,47,73,9,92,86,45,53,130,117,37" hai2="103,79,12,90,27,62,72,81,97,74,84,5,112" hai3="82,126,122,89,39,7,23,115,66,4,108,16,124"/><W40/><G122/><T19/><D128/><U64/><E73/><V26/><F112/><W76/><G115/><T11/><D110/><U38/><E117/><V58/><F5/><W43/><G108/><T32/><D106/><U135/><E9/><V8/><F72/><W83/><G66/><T109/><D109/><U22/><E22/><V133/><F133/><W15/><G39/><T105/><D105/><U67/><E92/><V57/><F57/><W56/><G76/><T129/><D129/><U99/><E99/><V52/><F12/><W114/><G114/><T71/><N who="0" m="17920" /><DORA hai="36" /><T80/><D42/><N who="3" m="15913" /><G56/><T123/><D59/><N who="1" m="33199" /><E86/><V118/><F8/><W107/><G107/><T95/><D80/><N who="3" m="30761" /><G89/><T10/><D123/><U78/><E78/><V102/><F118/><W41/><N who="3" m="15921" /><W18/><DORA hai="55" /><G18/><T1/><D10/><U21/><E21/><V50/><F62/><W87/><G87/><T13/><REACH who="0" step="1"/><D1/><REACH who="0" ten="205,430,101,254" step="2"/><U17/><E130/><V6/><F74/><W94/><G94/><T116/><D116/><U20/><E38/><V119/><F119/><W54/><G54/><T134/><D134/><N who="1" m="51243" /><E37/><V75/><F75/><W131/><G131/><T65/><D65/><U125/><E67/><V63/><F79/><W111/><G111/><T48/><D48/><U0/><E64/><V113/><F113/><W2/><G2/><T96/><AGARI ba="3,1" hai="11,13,19,24,30,32,88,95,96,100,101" m="17920" machi="96" ten="60,12000,2" yaku="1,1,0,1,52,1,54,1,53,2" doraHai="91,36,55" doraHaiUra="85,29,51" who="0" fromWho="0" sc="205,139,430,-33,101,-33,254,-63" /><INIT seed="4,0,0,4,4,62" ten="344,397,68,191" oya="0" hai0="47,50,108,73,112,100,88,107,41,64,7,20,84" hai1="103,123,106,117,0,87,40,121,135,29,118,82,74" hai2="131,65,128,16,111,49,57,91,52,55,46,54,101" hai3="122,133,93,53,116,126,85,17,134,63,8,89,51"/><T44/><D112/><U95/><E40/><N who="2" m="24775" /><F101/><W42/><G116/><N who="1" m="44650" /><E29/><V83/><F91/><W11/><G122/><N who="1" m="46602" /><E0/><V24/><F83/><W98/><G126/><T68/><D108/><U130/><E135/><N who="3" m="51722" /><G42/><T36/><D73/><U15/><E15/><V71/><F111/><W104/><G17/><T127/><D127/><U90/><E130/><N who="2" m="49707" /><F71/><W19/><G19/><T59/><D7/><U97/><E74/><V9/><F24/><W80/><G104/><AGARI ba="0,0" hai="82,87,90,95,97,103,104,106" m="46602,44650" machi="104" ten="30,2000,0" yaku="34,2" doraHai="62" who="1" fromWho="3" sc="344,0,397,20,68,0,191,-20" /><INIT seed="5,0,0,0,2,131" ten="344,417,68,171" oya="1" hai0="97,96,77,49,92,101,23,95,27,100,80,13,31" hai1="9,105,63,132,20,33,106,44,21,107,8,15,61" hai2="41,56,89,11,5,112,73,46,81,24,93,60,6" hai3="121,69,40,30,14,25,110,55,75,133,71,26,85"/><U52/><E33/><V116/><F116/><W36/><G75/><T119/><D119/><U57/><E44/><V70/><F70/><W45/><G121/><T103/><D49/><U98/><E132/><V22/><F112/><W19/><G133/><T102/><REACH who="0" step="1"/><D13/><REACH who="0" ten="334,417,68,171" step="2"/><U12/><E12/><V58/><F73/><AGARI ba="0,1" hai="23,27,31,73,77,80,92,95,96,97,100,101,102,103" machi="73" ten="30,8000,1" yaku="1,1,2,1,7,1,9,1,53,1" doraHai="131" doraHaiUra="104" who="0" fromWho="2" sc="334,90,417,0,68,-80,171,0" owari="424,52.0,417,22.0,-12,-51.0,171,-23.0" /></mjloggm>