<mjloggm ver="2.3"><GO type="169" lobby="0"/><UN n0="%E3%82%A6%E3%83%AB%E3%83%88%E3%83%A9%E7%AB%8B%E7%9B%B4" n1="%E2%98%85%E9%9B%80%E9%AC%BC%E7%99%BE%E7%80%AC%E2%98%85" n2="%77%61%72%6E%69%6E%67" n3="%E3%82%AB%E3%83%A9%E3%82%B9%E3%81%AE%E5%AD%90" dan="17,18,16,19" rate="2140.89,2171.36,2115.32,2246.24" sx="M,M,M,M"/><TAIKYOKU oya="0"/><INIT seed="0,0,0,2,5,57" ten="250,250,250,250" oya="0" hai0="107,41,84,131,12,62,90,63,88,78,80,117,61" hai1="22,60,104,23,21,83,50,52,30,67,76,1,122" hai2="133,94,24,28,25,39,47,64,48,99,19,97,5" hai3="45,126,70,7,18,11,127,51,10,55,93,132,75"/><T71/><D107/><U106/><E1/><V123/><F133/><W32/><G75/><T79/><D117/><U128/><E122/><V59/><F5/><W4/><G32/><T108/><D71/><U54/><E30/><V96/><F39/><W15/><G132/><T91/><D131/><U27/><E27/><N who="2" m="10315" /><F19/><W118/><G118/><T8/><D41/><U73/><E128/><V74/><F74/><W102/><G70/><T119/><D119/><U95/><E95/><V42/><F28/><W130/><G130/><T40/><D40/><U2/><E2/><V112/><F112/><W26/><G26/><T20/><D108/><U110/><E110/><V85/><F85/><W86/><G86/><T34/><D34/><U115/><E115/><V98/><F123/><W13/><REACH who="3" step="1"/><G18/><REACH who="3" ten="250,250,250,240" step="2"/><N who="0" m="8455" /><D91/><U29/><E29/><V0/><F99/><AGARI ba="0,1" hai="4,7,10,11,13,15,45,51,55,93,99,102,126,127" machi="99" ten="40,2600,0" yaku="1,1,9,1,53,0" doraHai="57" doraHaiUra="81" who="3" fromWho="2" sc="250,0,250,0,250,-26,240,36" /><INIT seed="1,0,0,5,0,45" ten="250,250,224,276" oya="1" hai0="68,132,65,128,38,15,13,94,4,123,70,55,53" hai1="41,117,20,83,85,1,121,31,40,90,64,79,58" hai2="21,127,2,72,18,102,46,99,59,51,77,71,114" hai3="119,57,109,17,87,44,122,24,104,49,130,10,36"/><U105/><E121/><V6/><F71/><W37/><G122/><T133/><D38/><U39/><E1/><V48/><F2/><W3/><G104/><T23/><D94/><U84/><E105/><V52/><F6/><W103/><G109/><T75/><D75/><U91/><E39/><V5/><F5/><W120/><G120/><T9/><D123/><U111/><E117/><V8/><F8/><W11/><G130/><T61/><D70/><U30/><E111/><V43/><F72/><W108/><G108/><T100/><D100/><U135/><E135/><N who="0" m="51785" /><D128/><U66/><E79/><V34/><F34/><W115/><G115/><T89/><D89/><U76/><E76/><V107/><F77/><W98/><G119/><T131/><D131/><U101/><E101/><V19/><F127/><W92/><G37/><T25/><D15/><U0/><E0/><V126/><F126/><W106/><G36/><T93/><D93/><U22/><REACH who="1" step="1"/><E83/><REACH who="1" ten="250,240,224,276" step="2"/><V81/><F81/><W78/><G3/><T54/><D55/><U35/><E35/><V33/><F33/><W32/><G32/><T116/><D116/><U12/><E12/><V112/><F18/><AGARI ba="0,1" hai="4,9,13,18,23,25,53,54,61,65,68" m="51785" machi="18" ten="30,1000,0" yaku="20,1" doraHai="45" who="0" fromWho="2" sc="250,20,240,0,224,-10,276,0" /><INIT seed="2,0,0,1,3,45" ten="270,240,214,276" oya="2" hai0="60,4,128,24,133,117,124,39,38,23,32,49,114" hai1="16,51,113,111,34,102,134,84,75,112,52,105,129" hai2="80,12,8,135,63,97,6,62,103,5,108,67,106" hai3="100,123,120,48,2,59,9,85,33,109,87,43,58"/><V104/><F135/><W66/><G33/><T82/><D32/><U27/><E75/><V86/><F108/><W61/><G109/><T20/><D114/><U81/><E111/><V22/><F22/><W71/><G100/><T15/><D60/><U101/><E134/><V126/><F126/><W110/><G110/><T53/><D133/><U90/><E129/><V121/><F121/><N who="3" m="46667" /><G87/><T99/><D128/><U116/><E116/><V11/><F67/><W18/><G85/><T88/><D124/><U25/><E25/><V14/><REACH who="2" step="1"/><F106/><REACH who="2" ten="270,240,204,276" step="2"/><W96/><G66/><T95/><D23/><N who="1" m="13799" /><E34/><V44/><F44/><W7/><G9/><T65/><D20/><U115/><E105/><V41/><F41/><W78/><G43/><T3/><D65/><U77/><E112/><V122/><F122/><W35/><G35/><T92/><D117/><U76/><E113/><V36/><F36/><W55/><G71/><T29/><D39/><U54/><E115/><V119/><F119/><W93/><G59/><T19/><D38/><U74/><E54/><V50/><F50/><W17/><G48/><T28/><D49/><U1/><E52/><V10/><F10/><W30/><G55/><T79/><D53/><U72/><E51/><V125/><F125/><W107/><G107/><T31/><D31/><U26/><E26/><V0/><F0/><W127/><G2/><T21/><D29/><U83/><E1/><V68/><F68/><W42/><G42/><T91/><D28/><U132/><E132/><V37/><F37/><W131/><G127/><T98/><D3/><U94/><AGARI ba="0,1" hai="72,74,76,77,81,83,84,90,94,101,102" m="13799" machi="94" ten="30,2000,0" yaku="5,1,54,1" doraHai="45" who="1" fromWho="1" sc="270,-5,240,30,204,-10,276,-5" /><INIT seed="3,0,0,0,3,123" ten="265,270,194,271" oya="3" hai0="66,7,71,18,61,72,12,23,95,57,93,114,109" hai1="88,101,38,5,63,83,104,17,50,31,122,40,131" hai2="77,91,132,98,120,97,20,39,99,100,27,9,116" hai3="107,15,80,96,51,45,110,125,60,117,135,43,70"/><W33/><G117/><T76/><D114/><U16/><E38/><V130/><F116/><W4/><G33/><T64/><D72/><U111/><E122/><V36/><F120/><W46/><G135/><T29/><D76/><U92/><E31/><V1/><F132/><W73/><G125/><T13/><D29/><U118/><E104/><V84/><F77/><W21/><G73/><T102/><D71/><U90/><E5/><V69/><F69/><W42/><G80/><T32/><D32/><U112/><E112/><V3/><F100/><W44/><G44/><T25/><D66/><U128/><E118/><V78/><F78/><W74/><G74/><T62/><D62/><U8/><E63/><V89/><F130/><W67/><G107/><T59/><D59/><U14/><E17/><V75/><F75/><W54/><G96/><T2/><D2/><U58/><E83/><V41/><F89/><N who="1" m="34409" /><E58/><V47/><F9/><W11/><G21/><T68/><D68/><U37/><E37/><V85/><F91/><W126/><G126/><T86/><D7/><U87/><E87/><V82/><F82/><W81/><G81/><T26/><D86/><U115/><E115/><V124/><F124/><W103/><G103/><T10/><D102/><U94/><E101/><V127/><F127/><W24/><G24/><N who="0" m="9323" /><D95/><N who="1" m="36395" /><E128/><V113/><F113/><W30/><G30/><T55/><D93/><U53/><E131/><V65/><F84/><W48/><G54/><T119/><D55/><U49/><E53/><V106/><F85/><W56/><G70/><T108/><D119/><U134/><E134/><RYUUKYOKU ba="0,0" sc="265,15,270,-15,194,-15,271,15" hai0="10,12,13,18,23,57,61,64,108,109" hai3="4,11,15,42,43,45,46,48,51,56,60,67,110" /><INIT seed="3,1,0,2,5,33" ten="280,255,179,286" oya="3" hai0="68,88,78,18,130,3,129,50,121,120,63,55,122" hai1="9,2,44,112,113,67,58,21,24,82,109,99,91" hai2="62,45,135,16,25,70,22,72,61,65,34,10,26" hai3="23,116,48,86,115,131,97,41,83,119,66,15,106"/><W90/><G115/><T32/><D32/><U37/><E109/><V31/><F135/><W133/><G133/><T105/><D105/><U81/><E81/><V51/><F72/><W103/><G131/><N who="0" m="50187" /><D78/><U49/><E37/><V92/><F92/><W79/><G66/><N who="0" m="41055" /><D18/><U13/><E67/><V0/><F62/><W73/><G41/><T42/><D88/><U56/><E58/><V74/><F74/><W59/><G59/><N who="0" m="33271" /><D3/><U132/><E2/><V101/><F101/><W128/><G48/><T27/><D27/><U77/><E91/><V40/><F0/><W6/><G128/><T84/><D84/><U110/><E99/><V127/><REACH who="2" step="1"/><F10/><REACH who="2" ten="280,255,169,286" step="2"/><W108/><G108/><T94/><D94/><U52/><E110/><V7/><F7/><W114/><G114/><T29/><D29/><N who="1" m="17551" /><E132/><V123/><F123/><W75/><G75/><T87/><D87/><N who="1" m="48591" /><E112/><V28/><F28/><W102/><G102/><T36/><D122/><U5/><E113/><V19/><F19/><N who="3" m="10751" /><G6/><T43/><D121/><U57/><AGARI ba="1,1" hai="5,9,13,44,49,52,56,57" m="48591,17551" machi="57" ten="30,2000,0" yaku="8,1,54,1" doraHai="33" who="1" fromWho="1" sc="280,-6,255,33,169,-6,286,-11" /><INIT seed="4,0,0,5,4,38" ten="274,288,163,275" oya="0" hai0="33,76,15,3,42,90,13,17,104,119,2,122,83" hai1="74,47,41,114,28,44,7,21,5,135,18,6,131" hai2="12,20,27,72,102,127,113,4,29,70,30,100,99" hai3="80,43,133,68,53,125,86,34,96,0,101,84,58"/><T1/><D104/><U8/><E74/><V32/><F127/><W110/><G125/><T75/><D122/><U95/><E135/><V25/><F113/><W19/><G110/><T50/><D33/><U60/><E131/><V63/><F72/><W93/><G133/><T51/><D119/><U59/><E28/><V16/><F4/><W124/><G124/><T118/><D118/><U73/><E73/><V87/><F87/><W22/><G34/><T120/><D120/><U105/><E105/><V36/><F36/><W31/><G31/><T82/><D42/><U66/><E114/><V85/><F85/><W55/><G68/><T89/><D82/><U69/><E69/><V108/><F108/><W71/><G0/><T121/><D121/><U109/><E109/><V129/><F129/><W46/><G71/><T26/><D26/><U78/><E78/><V24/><F30/><W81/><G58/><T65/><D65/><U103/><E41/><V56/><F102/><W92/><G84/><T10/><REACH who="0" step="1"/><D15/><REACH who="0" ten="264,288,163,275" step="2"/><U128/><E66/><V57/><F25/><N who="3" m="14559" /><G81/><T77/><D77/><U64/><E128/><V91/><F27/><W98/><G80/><T126/><D126/><U132/><E132/><V52/><F24/><W9/><G43/><T48/><AGARI ba="0,1" hai="1,2,3,10,13,17,48,50,51,75,76,83,89,90" machi="48" ten="40,3900,0" yaku="1,1,0,1,53,0" doraHai="38" doraHaiUra="49" who="0" fromWho="0" sc="264,49,288,-13,163,-13,275,-13" /><INIT seed="4,1,0,5,2,123" ten="313,275,150,262" oya="0" hai0="22,12,92,28,105,15,133,132,29,49,99,6,91" hai1="88,89,117,118,31,75,25,34,97,18,96,7,134" hai2="59,90,103,8,21,11,80,135,79,70,37,43,106" hai3="9,57,14,126,127,73,125,81,101,4,108,1,20"/><T61/><D105/><U77/><E7/><V129/><F129/><W42/><G101/><T24/><D61/><U2/><E2/><V33/><F135/><N who="0" m="51786" /><D6/><U121/><E134/><V60/><F33/><W102/><G102/><T19/><D49/><U16/><E121/><V38/><F70/><W26/><G42/><T53/><D53/><U85/><E75/><V120/><F120/><W13/><G57/><T86/><D86/><U56/><E77/><V69/><F69/><W52/><G52/><T111/><D111/><U54/><E96/><V71/><F71/><W100/><G100/><T50/><D50/><U64/><E64/><V130/><F130/><W116/><G116/><T93/><D93/><U131/><E131/><V113/><F90/><W115/><G115/><T76/><D76/><U58/><E97/><V114/><F103/><W35/><G108/><T41/><D41/><U94/><E89/><V51/><F106/><W98/><G98/><T83/><D83/><U23/><E58/><V124/><F51/><W62/><G62/><T95/><D95/><U32/><E117/><V65/><F43/><W67/><G67/><T109/><D109/><U39/><E118/><V74/><F38/><W82/><G73/><T36/><D36/><U30/><E39/><V110/><F37/><W0/><G82/><T40/><D40/><U5/><E54/><V119/><F119/><W45/><G81/><T122/><D122/><U10/><E56/><V55/><F110/><W27/><G45/><T104/><D104/><U63/><E63/><V46/><F60/><W78/><G78/><RYUUKYOKU ba="1,0" sc="313,30,275,-10,150,-10,262,-10" hai0="12,15,19,22,24,28,29,91,92,99" /><INIT seed="4,2,0,5,5,96" ten="343,265,140,252" oya="0" hai0="4,57,103,15,72,122,110,131,66,120,108,42,7" hai1="19,36,84,93,101,45,21,35,33,41,113,38,92" hai2="29,39,98,116,129,75,95,28,107,124,47,18,46" hai3="11,26,8,73,0,23,100,60,25,127,117,13,43"/><T90/><D72/><U118/><E118/><V135/><F116/><W14/><G117/><T20/><D42/><U115/><E38/><V63/><F107/><W89/><G73/><T5/><D90/><N who="1" m="53319" /><E93/><V70/><F124/><W3/><G127/><T71/><D71/><U16/><E101/><V59/><F135/><W10/><G100/><T6/><D103/><U27/><E19/><V99/><F129/><W105/><G105/><T106/><D106/><U44/><E44/><V74/><F18/><N who="3" m="10703" /><G89/><T67/><D131/><U77/><E77/><V1/><F1/><N who="3" m="587" /><G60/><T132/><D132/><U97/><E97/><V17/><F63/><W126/><G43/><T87/><D87/><U69/><E69/><V2/><F47/><W119/><G119/><T12/><D57/><U37/><E37/><V32/><F46/><W111/><G111/><T125/><D125/><U81/><E81/><V104/><F59/><W121/><G121/><T112/><D120/><U62/><E62/><V83/><F83/><W51/><G51/><T114/><D122/><U79/><E79/><V48/><F48/><W134/><G134/><T78/><D78/><U128/><E128/><V85/><F85/><W24/><G126/><T102/><D102/><U22/><E22/><V64/><F70/><W82/><G82/><T31/><D20/><U88/><E88/><V30/><F98/><W61/><G61/><T94/><D110/><U65/><E65/><V133/><F64/><W130/><G130/><T109/><D109/><U56/><E56/><V50/><F99/><W123/><G123/><T34/><D108/><RYUUKYOKU ba="2,0" sc="343,-15,265,15,140,-15,252,15" hai1="16,21,27,33,35,36,41,45,113,115" hai3="8,10,11,14,24,25,26" /><INIT seed="5,3,0,4,5,21" ten="328,280,125,267" oya="1" hai0="75,12,134,37,111,71,65,87,84,108,49,112,10" hai1="23,130,14,78,116,73,4,74,63,0,19,110,96" hai2="39,114,58,35,22,52,126,42,127,60,27,59,62" hai3="13,29,91,44,36,50,101,16,26,40,1,54,102"/><U55/><E116/><V95/><F35/><W34/><G1/><T92/><D37/><U61/><E0/><V83/><F83/><W118/><G118/><T133/><D75/><U68/><E4/><V76/><F76/><W6/><G6/><T104/><D104/><U120/><E120/><V3/><F3/><W105/><G105/><T70/><D49/><U48/><E130/><V85/><F85/><W98/><G98/><T53/><D53/><U64/><E110/><V135/><F95/><W28/><G28/><T97/><D112/><U82/><E63/><V117/><F117/><W86/><G40/><T129/><D129/><U99/><REACH who="1" step="1"/><E73/><REACH who="1" ten="328,270,125,267" step="2"/><V103/><F114/><W125/><G125/><T94/><D111/><U113/><E113/><V131/><F131/><W90/><G36/><T80/><D108/><U5/><E5/><V25/><F127/><W81/><REACH who="3" step="1"/><G90/><REACH who="3" ten="328,270,125,257" step="2"/><T107/><D133/><U56/><AGARI ba="3,2" hai="14,19,23,48,55,56,61,64,68,74,78,82,96,99" machi="56" ten="20,3900,0" yaku="1,1,0,1,7,1,53,0" doraHai="21" doraHaiUra="100" who="1" fromWho="1" sc="328,-16,270,68,125,-16,257,-16" /><INIT seed="5,4,0,3,0,83" ten="312,338,109,241" oya="1" hai0="81,126,26,70,73,13,60,108,29,6,96,80,134" hai1="111,71,100,82,16,5,33,64,99,15,8,2,35" hai2="67,91,12,38,23,65,22,43,62,44,86,128,97" hai3="3,110,135,57,66,88,123,113,95,28,10,9,1"/><U106/><E111/><V124/><F124/><W41/><G110/><T52/><D108/><U127/><E127/><V93/><F128/><W89/><G123/><T87/><D126/><U45/><E45/><V11/><F97/><W75/><G75/><T121/><D134/><U7/><E7/><V98/><F98/><W109/><G109/><T58/><D70/><U19/><E19/><V76/><F76/><W54/><G135/><T78/><D96/><U125/><E125/><V46/><F46/><W53/><G41/><T119/><D119/><U115/><E115/><V49/><F38/><W0/><G28/><T27/><D121/><U14/><E14/><V72/><F72/><W32/><G32/><T122/><D122/><U63/><REACH who="1" step="1"/><E82/><REACH who="1" ten="312,328,109,241" step="2"/><V103/><F103/><W34/><G113/><T20/><D6/><U114/><E114/><V40/><F40/><W116/><G0/><T56/><D13/><U55/><E55/><V31/><F31/><W61/><G3/><T105/><D80/><U94/><E94/><V90/><F67/><W17/><G1/><T112/><D112/><U131/><E131/><V48/><F65/><W59/><G66/><T85/><D105/><U47/><E47/><V130/><F130/><W104/><G104/><T102/><D81/><U129/><E129/><V50/><F44/><W24/><G54/><T107/><D52/><U69/><E69/><V74/><F93/><W118/><G53/><T84/><D107/><U133/><E133/><V68/><F68/><W36/><G95/><T18/><D18/><U25/><E25/><V37/><F12/><RYUUKYOKU ba="4,1" sc="312,-10,328,30,109,-10,241,-10" hai1="2,5,8,15,16,33,35,63,64,71,99,100,106" /><INIT seed="5,5,1,4,2,78" ten="302,358,99,231" oya="1" hai0="90,32,4,109,121,98,45,89,33,34,9,126,18" hai1="130,96,52,132,3,116,28,131,51,47,75,12,11" hai2="16,92,37,83,113,74,19,117,122,85,62,48,29" hai3="20,65,54,80,128,123,135,7,26,101,10,133,66"/><U13/><E116/><V55/><F117/><W107/><G123/><T27/><D109/><U39/><E75/><V95/><F122/><W82/><G107/><T110/><D110/><U24/><E132/><N who="3" m="50762" /><G101/><T77/><D126/><U46/><E3/><V72/><F37/><W35/><G35/><T127/><D127/><U31/><E31/><V44/><F74/><W61/><G128/><N who="1" m="49194" /><E96/><V1/><F113/><W50/><G50/><T115/><D115/><U129/><E129/><V94/><F72/><W105/><G54/><T100/><D45/><N who="1" m="27759" /><E39/><V22/><F62/><W86/><G86/><T63/><D63/><U43/><E43/><V93/><N who="2" m="24064" /><DORA hai="53" /><V125/><F1/><N who="3" m="367" /><G105/><T76/><D98/><U5/><E13/><V0/><F0/><W6/><G6/><T71/><D4/><U42/><E42/><V69/><F69/><N who="3" m="42159" /><G66/><T79/><D71/><U38/><E38/><V23/><F125/><W114/><G114/><T103/><D121/><U64/><E64/><V41/><F41/><W60/><G60/><T106/><D103/><U118/><E118/><V8/><F29/><AGARI ba="5,1" hai="20,26,29,80,82" m="42159,367,50762" machi="29" ten="30,3900,0" yaku="20,1,52,2" doraHai="78,53" who="3" fromWho="2" sc="302,0,358,0,99,-54,231,64" /><INIT seed="6,0,0,2,1,114" ten="302,358,45,295" oya="2" hai0="65,9,46,127,26,104,82,55,72,70,0,78,30" hai1="25,50,19,37,134,24,124,83,79,130,74,71,10" hai2="45,131,17,116,6,35,76,125,53,66,29,110,5" hai3="123,49,97,56,63,14,111,13,129,34,36,62,132"/><V73/><F116/><W61/><G111/><T75/><D55/><U77/><E37/><V112/><F112/><W43/><G123/><T113/><D46/><U96/><E71/><V121/><F110/><W93/><G132/><T54/><D54/><U102/><E79/><V33/><F121/><W59/><G34/><T48/><D48/><U3/><E124/><V106/><F125/><W51/><G129/><T118/><D127/><U115/><E115/><V135/><F135/><W92/><G36/><T94/><D94/><N who="3" m="36457" /><G97/><T67/><D67/><U100/><E130/><V69/><F106/><W85/><G85/><T86/><D86/><U1/><E1/><V15/><F131/><W22/><G22/><T120/><D120/><U88/><E102/><V38/><F35/><W64/><G43/><T122/><D72/><U80/><E100/><V42/><F69/><W31/><G31/><T57/><D104/><U87/><E96/><V128/><F128/><W7/><G7/><N who="0" m="1255" /><D70/><U47/><E134/><V107/><F33/><W126/><G126/><T103/><D103/><U58/><E58/><N who="3" m="22058" /><G64/><T41/><D41/><U90/><E90/><V18/><F73/><W84/><G84/><T60/><D113/><U95/><E95/><V105/><F38/><W89/><G89/><T12/><D122/><U109/><E109/><V28/><F107/><W91/><G91/><T98/><D98/><U4/><E19/><V11/><F105/><W133/><G133/><T101/><D12/><AGARI ba="0,0" hai="12,13,14,49,51,61,62,63" m="22058,36457" machi="12" ten="30,3900,0" yaku="28,2,8,1" doraHai="114" who="3" fromWho="0" sc="302,-39,358,0,45,0,295,39" /><INIT seed="7,0,0,3,0,123" ten="263,358,45,334" oya="3" hai0="84,125,62,91,22,93,63,127,59,79,43,122,121" hai1="66,90,46,103,28,18,104,29,33,77,41,9,83" hai2="94,117,50,15,95,11,36,99,82,115,135,35,92" hai3="2,102,86,38,51,106,101,42,58,8,129,56,80"/><W110/><G38/><T69/><D43/><U31/><E104/><V76/><F135/><W26/><G106/><T71/><D79/><U113/><E33/><V64/><F117/><W1/><G1/><T20/><D84/><N who="1" m="48239" /><E113/><V55/><F35/><W0/><G0/><T17/><D93/><U114/><E114/><V70/><F36/><W132/><G2/><T72/><D72/><U57/><E103/><N who="3" m="39434" /><G132/><T12/><D12/><N who="1" m="7439" /><E90/><V44/><F99/><W98/><G129/><T27/><D27/><U68/><E68/><V3/><F3/><W4/><G98/><T14/><D14/><U6/><E6/><V107/><F107/><W89/><G110/><T5/><D5/><U105/><E105/><V100/><F115/><W109/><G109/><T67/><D91/><U54/><E66/><V16/><F100/><W118/><G118/><T131/><D131/><U34/><E34/><V126/><F126/><W73/><G73/><T45/><D67/><U32/><E32/><V75/><F64/><W53/><G42/><T134/><D134/><U65/><E65/><V88/><F70/><W128/><G128/><T48/><D125/><U78/><E78/><V124/><F124/><W19/><G4/><T130/><D127/><U119/><E119/><V120/><F120/><W81/><G80/><T96/><D71/><U21/><E21/><V52/><F55/><W108/><G108/><T74/><D69/><U49/><E41/><V97/><REACH who="2" step="1"/><F97/><REACH who="2" ten="263,358,35,334" step="2"/><W24/><G58/><AGARI ba="0,1" hai="28,29,31,46,49,54,57,58" m="7439,48239" machi="58" ten="30,1000,0" yaku="8,1" doraHai="123" who="1" fromWho="3" sc="263,0,358,20,35,0,334,-10" owari="263,-14.0,378,48.0,35,-46.0,324,12.0" /></mjloggm>