<mjloggm ver="2.3"><GO type="97" lobby="0"/><UN n0="%E2%94%90%28%27%EF%BD%9E%60%EF%BC%9B%29%E2%94%8C" n1="%E9%87%98%E5%AE%AE%E7%97%85%E6%82%A3%E8%80%85" n2="%43%61%6C%6B%61%6E" n3="%E5%B0%B1%E6%B4%BB%E7%94%9F%40%E5%B7%9D%E6%9D%91%E8%BB%8D%E5%9B%A3" dan="15,15,14,15" rate="2000.44,2042.45,1908.69,2003.71" sx="M,F,M,M"/><TAIKYOKU oya="0"/><INIT seed="0,0,0,5,0,54" ten="250,250,250,250" oya="0" hai0="124,98,40,89,122,0,129,132,13,39,20,38,49" hai1="82,3,19,62,31,53,48,92,81,67,86,8,73" hai2="80,11,114,76,37,10,16,115,127,88,87,77,15" hai3="9,12,110,65,135,134,33,44,131,126,123,103,23"/><T111/><D0/><U68/><E31/><V78/><F37/><W128/><G33/><T101/><D122/><U51/><E51/><V109/><F109/><W17/><G123/><T108/><D132/><N who="3" m="50729" /><G103/><T29/><D124/><U113/><E113/><V30/><F127/><W4/><G65/><T26/><D129/><N who="3" m="49737" /><G44/><N who="0" m="25735" /><D89/><U21/><E73/><V118/><F30/><W28/><G28/><T70/><D70/><U7/><E92/><V52/><F118/><W94/><G94/><N who="0" m="58583" /><D13/><U18/><E21/><V133/><F133/><W90/><G90/><T91/><D91/><U119/><E119/><V116/><F116/><W32/><G32/><T107/><D107/><U1/><E1/><V58/><REACH who="2" step="1"/><F10/><REACH who="2" ten="250,250,240,250" step="2"/><W75/><G110/><AGARI ba="0,1" hai="20,26,29,38,39,108,110,111" m="58583,25735" machi="110" ten="30,2900,0" yaku="14,1,10,1" doraHai="54" who="0" fromWho="3" sc="250,39,250,0,240,0,250,-29" /><INIT seed="0,1,0,5,3,15" ten="289,250,240,221" oya="0" hai0="7,128,30,28,22,98,79,67,115,42,92,25,133" hai1="74,113,61,119,55,121,68,111,109,107,3,125,105" hai2="44,32,80,60,118,90,101,27,57,24,100,108,87" hai3="95,59,33,0,126,39,8,81,77,56,37,70,40"/><T19/><D115/><U53/><E61/><V11/><F108/><W43/><G70/><T65/><D128/><U129/><E53/><V62/><F118/><W29/><G126/><T83/><D133/><U41/><E55/><V9/><F62/><W38/><G33/><T71/><D7/><U26/><E26/><N who="2" m="9771" /><F32/><W1/><G29/><T114/><D114/><U54/><E54/><N who="2" m="33847" /><F44/><W127/><G127/><T130/><D130/><U49/><E49/><V58/><F58/><W106/><G106/><T122/><D122/><U17/><E17/><V35/><F35/><W99/><G8/><AGARI ba="1,0" hai="8,9,11,80,87,90,100,101" m="33847,9771" machi="8" ten="30,1000,0" yaku="8,1" doraHai="15" who="2" fromWho="3" sc="289,0,250,0,240,13,221,-13" /><INIT seed="1,0,0,0,2,65" ten="289,250,253,208" oya="1" hai0="46,116,42,37,25,129,130,60,51,86,27,14,16" hai1="38,100,32,96,103,22,122,99,33,50,105,63,98" hai2="88,111,134,74,66,57,97,114,6,85,117,76,120" hai3="112,45,52,19,11,5,132,115,113,4,53,78,89"/><U91/><E38/><V77/><F120/><W82/><G132/><T29/><D116/><U17/><E122/><V41/><F117/><W118/><G118/><T69/><D86/><U95/><E50/><V21/><F134/><W124/><G124/><T108/><D108/><U107/><REACH who="1" step="1"/><E63/><REACH who="1" ten="289,240,253,208" step="2"/><V30/><F111/><W68/><G68/><T119/><D37/><U47/><E47/><V75/><F114/><W93/><G45/><T133/><D119/><U40/><E40/><V10/><F41/><W128/><G128/><T54/><D133/><U1/><E1/><V12/><F57/><W58/><G58/><T73/><D129/><U106/><E106/><V71/><F71/><W123/><G123/><T18/><D130/><U48/><E48/><V59/><F59/><W7/><G53/><T67/><D54/><U26/><AGARI ba="0,1" hai="17,22,26,32,33,91,95,96,98,99,100,103,105,107" machi="26" ten="20,12000,1" yaku="1,1,0,1,7,1,9,1,53,1" doraHai="65" doraHaiUra="90" who="1" fromWho="1" sc="289,-40,240,130,253,-40,208,-40" /><INIT seed="1,1,0,4,2,12" ten="249,370,213,168" oya="1" hai0="24,95,121,107,123,43,106,129,27,22,90,100,89" hai1="128,11,26,133,110,102,35,7,111,61,91,28,57" hai2="37,59,6,64,87,86,17,4,66,76,52,50,108" hai3="0,113,124,127,39,131,49,20,120,98,48,30,119"/><U115/><E115/><V31/><F37/><W103/><G0/><T78/><D129/><U73/><E73/><V130/><F130/><W58/><G39/><T21/><D43/><U114/><E114/><V94/><F31/><W33/><G33/><T99/><D78/><U82/><E128/><V46/><F108/><N who="1" m="41513" /><E102/><V32/><F32/><W62/><G119/><T81/><D81/><U85/><E133/><V29/><F29/><W93/><G113/><T42/><D42/><U23/><E35/><V96/><F76/><W63/><G131/><T134/><D134/><U3/><E57/><V34/><F34/><W118/><G118/><T105/><D123/><U80/><E61/><V15/><F66/><W9/><G120/><T77/><D77/><U60/><E60/><N who="2" m="37919" /><F86/><W14/><G63/><T2/><D121/><U79/><E79/><V75/><F87/><W135/><G135/><T10/><D2/><U45/><E45/><V41/><F41/><W101/><G101/><T47/><D47/><U13/><E3/><V68/><F68/><W109/><G109/><T67/><D67/><U83/><AGARI ba="1,0" hai="7,11,13,23,26,28,80,82,83,85,91" m="41513" machi="83" ten="30,3000,0" yaku="14,1,10,1" doraHai="12" who="1" fromWho="1" sc="249,-11,370,33,213,-11,168,-11" /><INIT seed="1,2,0,1,3,105" ten="238,403,202,157" oya="1" hai0="118,101,22,61,50,82,132,24,125,34,26,48,14" hai1="64,38,35,106,114,31,80,8,112,119,72,120,83" hai2="39,20,3,15,70,134,92,71,100,96,46,81,108" hai3="78,28,107,4,62,68,95,6,122,129,90,25,67"/><U33/><E64/><V109/><F3/><W56/><G107/><T10/><D118/><U131/><E8/><V13/><F134/><W53/><G122/><T37/><D37/><U17/><E31/><V66/><F81/><W75/><G129/><T52/><D132/><U135/><E17/><V102/><F66/><W32/><G78/><T43/><D125/><U7/><E7/><V29/><F29/><W113/><G113/><T103/><D34/><U69/><E80/><V49/><F39/><W19/><G19/><T86/><D61/><U27/><E83/><V91/><F20/><W99/><REACH who="3" step="1"/><G75/><REACH who="3" ten="238,403,202,147" step="2"/><T0/><D0/><U127/><E112/><V58/><F108/><W47/><G47/><T124/><D124/><U128/><E131/><V76/><F76/><W41/><G41/><T94/><D43/><U54/><E54/><V130/><F109/><W1/><G1/><T18/><D26/><U98/><E128/><V73/><F73/><W12/><G12/><T40/><D40/><U36/><E114/><V63/><F130/><W111/><G111/><T133/><D133/><U59/><E135/><V115/><F115/><W88/><G88/><T123/><D123/><U21/><E72/><V9/><F15/><W16/><G16/><T5/><D18/><U89/><E120/><V60/><F91/><W11/><G11/><T126/><D10/><U57/><E27/><V116/><F9/><W42/><G42/><T23/><D24/><U65/><E89/><V79/><F13/><W44/><G44/><T77/><D14/><U51/><E127/><V104/><F104/><RYUUKYOKU ba="2,1" sc="238,-10,403,-10,202,-10,147,30" hai3="4,6,25,28,32,53,56,62,67,68,90,95,99" /><INIT seed="2,3,1,2,5,122" ten="228,393,192,177" oya="2" hai0="60,85,51,24,131,35,56,115,30,66,108,42,102" hai1="86,28,10,117,69,89,6,45,3,124,16,73,33" hai2="26,96,63,44,98,106,116,65,46,62,54,48,18" hai3="76,81,92,132,127,57,34,75,14,113,105,40,104"/><V77/><F116/><W133/><G34/><T12/><D115/><U2/><E117/><V79/><F46/><W53/><G40/><T67/><D131/><U17/><E73/><V110/><F63/><W38/><G38/><T8/><D102/><U94/><E124/><V123/><F123/><W119/><G119/><T49/><D67/><U97/><E69/><V87/><F106/><W19/><G92/><T5/><D108/><U128/><E128/><V25/><F110/><W58/><G58/><T70/><D70/><U71/><E71/><V83/><F77/><W125/><G113/><T1/><D42/><U129/><E129/><V121/><F121/><W61/><G105/><T31/><D31/><U95/><E2/><V15/><F98/><W4/><G4/><T100/><D100/><U114/><E114/><V37/><F96/><W74/><G74/><T130/><D130/><U82/><E45/><V52/><F54/><W20/><REACH who="3" step="1"/><G104/><REACH who="3" ten="228,393,192,167" step="2"/><T0/><D35/><U109/><E94/><V80/><F37/><W21/><G21/><T90/><D5/><U111/><E33/><V64/><F83/><W126/><AGARI ba="3,2" hai="14,19,20,53,57,61,75,76,81,125,126,127,132,133" machi="126" ten="40,5200,0" yaku="1,1,0,1,18,1,53,0" doraHai="122" doraHaiUra="103" who="3" fromWho="3" sc="228,-16,393,-16,192,-29,167,81" /><INIT seed="3,0,0,0,3,25" ten="212,377,163,248" oya="3" hai0="127,67,58,12,4,79,7,42,32,35,125,43,92" hai1="131,21,56,132,54,83,63,73,77,66,28,3,88" hai2="114,60,57,9,94,89,17,49,104,20,61,74,87" hai3="44,45,22,80,11,18,31,109,2,96,5,65,41"/><W116/><G116/><T10/><D4/><U75/><E132/><V111/><F114/><W110/><G65/><T112/><D112/><U118/><E3/><V69/><F104/><W100/><G80/><T121/><D121/><U53/><E118/><V68/><F74/><W19/><G44/><T135/><D135/><U133/><E133/><V0/><F111/><N who="3" m="42507" /><G96/><T99/><D79/><U106/><E106/><V117/><F117/><W108/><G100/><N who="0" m="60519" /><D58/><U78/><E131/><V103/><F69/><W84/><G84/><T72/><D67/><U82/><E88/><V34/><F34/><W14/><G108/><T64/><D64/><U55/><E28/><V76/><F68/><W1/><G45/><T62/><D62/><U33/><E21/><V123/><F123/><W70/><G41/><N who="0" m="15371" /><D72/><U105/><E105/><V93/><F76/><W47/><G47/><T134/><D134/><U52/><E53/><V24/><F0/><N who="3" m="107" /><G70/><T97/><D97/><U27/><E33/><V15/><F103/><W13/><G13/><T29/><D35/><U51/><E27/><AGARI ba="0,0" hai="5,11,14,18,19,22,27,31" m="107,42507" machi="27" ten="30,12000,1" yaku="14,1,10,1,34,2,52,1" doraHai="25" who="3" fromWho="1" sc="212,0,377,-120,163,0,248,120" owari="212,-19.0,257,6.0,163,-34.0,368,47.0" /></mjloggm>