<mjloggm ver="2.3"><GO type="97" lobby="0"/><UN n0="%73%61%6B%65%39%39%39" n1="%79%75%74%61%73%61%77%61" n2="%E3%83%88%E3%83%88%E3%83%AA%E5%85%88%E7%94%9F%31%39%E6%AD%B3" n3="%E3%82%AE%E3%83%BC%E5%A4%AA" dan="14,13,15,15" rate="1968.51,1872.68,2046.35,2065.31" sx="M,M,F,M"/><TAIKYOKU oya="0"/><INIT seed="0,0,0,0,0,56" ten="250,250,250,250" oya="0" hai0="106,130,14,3,134,97,33,58,0,65,29,110,100" hai1="94,107,6,48,17,41,32,68,105,57,10,76,117" hai2="20,75,111,108,124,81,44,8,123,70,52,25,4" hai3="42,122,60,87,40,95,38,16,27,15,116,67,7"/><T125/><D134/><U115/><E68/><V69/><F123/><W12/><G116/><T128/><D125/><U80/><E117/><V54/><F124/><W103/><G122/><T74/><D74/><U59/><E32/><V51/><F54/><W46/><G40/><T92/><D110/><N who="2" m="42026" /><F81/><W83/><G95/><T96/><D14/><N who="1" m="5463" /><E115/><V21/><F75/><W88/><G103/><N who="0" m="60807" /><D29/><U47/><E107/><V11/><F11/><W64/><G64/><T66/><D33/><U53/><E105/><V43/><F43/><W127/><G127/><T89/><D66/><U19/><E94/><V22/><F25/><W85/><G85/><T35/><D89/><U5/><E5/><V91/><F91/><W84/><G84/><T78/><D35/><U45/><E45/><V73/><F73/><W9/><G27/><T129/><D78/><U109/><E109/><V113/><F113/><W55/><G55/><T120/><D120/><U132/><E132/><V104/><F104/><W50/><G38/><T13/><D13/><AGARI ba="0,0" hai="4,8,13,20,21,22,44,51,52,69,70" m="42026" machi="13" ten="30,2000,0" yaku="14,1,54,1" doraHai="56" who="2" fromWho="0" sc="250,-20,250,0,250,20,250,0" /><INIT seed="1,0,0,1,4,99" ten="230,250,270,250" oya="1" hai0="73,84,31,43,51,19,55,53,90,30,62,59,78" hai1="117,95,6,34,104,118,46,69,42,82,116,100,48" hai2="44,20,80,52,92,101,27,89,119,60,37,68,21" hai3="39,103,28,38,8,133,121,135,72,26,32,24,91"/><U96/><E69/><V7/><F119/><W128/><G121/><T105/><D43/><U14/><E34/><V129/><F129/><W113/><G113/><T0/><D0/><U16/><E6/><V49/><F37/><W126/><G128/><T40/><D40/><U77/><E104/><V110/><F110/><W112/><G112/><T25/><D78/><U97/><E97/><N who="2" m="59559" /><F68/><W74/><G126/><T50/><D73/><N who="3" m="28265" /><G8/><T75/><D75/><U115/><E115/><V13/><F60/><W36/><G26/><T114/><D105/><U106/><E106/><V4/><F13/><W122/><G122/><T79/><D79/><U87/><REACH who="1" step="1"/><E117/><REACH who="1" ten="230,240,270,250" step="2"/><V76/><F7/><W125/><G125/><T85/><D114/><U134/><E134/><N who="3" m="51210" /><G91/><T57/><D62/><U66/><E66/><V93/><F4/><W102/><AGARI ba="0,1" hai="24,28,32,36,38,39,102,103" m="51210,28265" machi="102" ten="40,5200,0" yaku="20,1,52,2" doraHai="99" who="3" fromWho="3" sc="230,-13,240,-26,270,-13,250,62" /><INIT seed="2,0,0,5,3,23" ten="217,214,257,312" oya="2" hai0="118,36,85,56,94,16,90,122,124,12,50,41,6" hai1="98,42,13,114,71,92,74,76,24,28,84,79,73" hai2="9,106,125,14,30,10,34,131,102,107,46,35,126" hai3="17,105,97,48,31,66,67,130,127,37,113,62,70"/><V128/><F46/><W18/><G130/><N who="2" m="49705" /><F102/><W51/><G127/><N who="2" m="48649" /><F30/><W117/><G117/><T21/><D124/><U121/><E71/><V60/><F60/><W8/><G37/><T15/><D122/><U40/><E121/><V55/><F55/><W111/><G67/><T5/><D118/><U39/><E114/><V53/><F53/><W45/><G113/><T77/><D36/><U135/><E39/><V134/><F14/><W59/><G111/><T33/><D33/><N who="2" m="12298" /><F134/><W123/><G123/><T103/><D103/><U32/><E135/><V1/><F1/><W132/><G132/><T112/><D112/><U65/><E73/><V44/><F44/><W120/><G120/><T100/><D100/><U26/><E74/><V104/><AGARI ba="0,0" hai="9,10,104,106,107" m="12298,48649,49705" machi="104" ten="50,12000,1" yaku="28,2,19,1,18,1" doraHai="23" who="2" fromWho="2" sc="217,-40,214,-40,257,120,312,-40" /><INIT seed="2,1,0,0,0,128" ten="177,174,377,272" oya="2" hai0="32,57,135,107,131,3,98,83,74,12,38,11,72" hai1="26,62,109,86,116,63,84,119,51,111,52,90,31" hai2="132,10,92,127,55,134,87,125,15,89,99,105,124" hai3="24,102,79,40,117,49,1,41,18,29,59,0,61"/><V104/><F55/><W126/><G117/><T5/><D32/><U28/><E26/><V42/><F42/><W70/><G126/><T22/><D38/><U19/><E19/><V82/><F15/><W20/><G79/><T122/><D131/><U54/><E51/><V64/><F10/><W44/><G102/><T21/><D122/><U103/><E90/><N who="2" m="55703" /><F64/><W106/><G106/><AGARI ba="1,0" hai="82,87,89,104,105,106,124,125,127,132,134" m="55703" machi="106" ten="40,12000,1" yaku="18,1,34,2,52,2" doraHai="128" who="2" fromWho="3" sc="177,0,174,0,377,123,272,-123" /><INIT seed="2,2,0,5,4,129" ten="177,174,500,149" oya="2" hai0="80,0,28,121,134,78,125,135,39,3,108,45,29" hai1="55,10,68,88,33,15,70,107,21,100,36,82,50" hai2="79,22,42,130,132,116,19,106,105,101,18,14,46" hai3="123,92,20,43,54,89,99,6,66,81,41,64,26"/><V110/><F116/><W93/><G123/><T86/><D121/><U83/><E36/><V133/><F130/><W73/><G6/><T48/><D39/><U98/><E33/><V90/><F110/><W85/><G73/><T56/><D108/><U47/><E21/><V77/><F90/><W63/><G54/><N who="0" m="29967" /><D125/><U75/><E75/><V109/><F109/><W60/><G93/><T113/><D56/><U94/><E83/><V111/><F111/><W124/><G124/><T84/><D84/><U114/><E114/><V76/><F19/><W23/><G23/><T97/><D97/><U58/><E58/><V31/><F31/><N who="0" m="11850" /><D113/><U12/><E12/><V49/><F101/><W7/><G7/><T5/><D5/><U9/><E9/><V118/><F118/><W17/><G63/><T65/><D65/><U37/><E37/><V59/><F59/><W38/><G38/><T102/><D102/><U122/><E122/><V34/><F34/><W112/><G112/><T24/><D24/><U1/><E1/><V67/><F67/><N who="3" m="25643" /><G60/><T2/><D2/><U30/><E30/><V120/><F120/><W61/><G61/><T126/><D126/><U40/><E40/><V8/><F22/><W115/><G115/><T87/><D3/><U52/><E55/><V57/><F57/><W13/><G26/><T25/><D0/><U16/><E82/><V104/><AGARI ba="2,0" hai="8,14,18,42,46,49,76,77,79,104,105,106,132,133" machi="104" ten="40,7800,0" yaku="0,1,52,2" doraHai="129" who="2" fromWho="2" sc="177,-28,174,-28,500,84,149,-28" /><INIT seed="2,3,0,1,4,105" ten="149,146,584,121" oya="2" hai0="19,102,51,1,14,78,50,60,63,38,11,113,131" hai1="22,82,81,46,121,56,117,116,16,42,61,29,115" hai2="72,96,108,6,64,89,12,88,104,87,110,98,5" hai3="120,35,25,83,10,134,48,7,79,118,112,126,74"/><V111/><F72/><W53/><G120/><T37/><D113/><U34/><E121/><V54/><F64/><W125/><G118/><T23/><D102/><U65/><E115/><V13/><F54/><W27/><G112/><T4/><D131/><U100/><E34/><V26/><F26/><W92/><G134/><T20/><D20/><U57/><E29/><V8/><F104/><W2/><G92/><T45/><D78/><U39/><E100/><V44/><F44/><W18/><G18/><T52/><REACH who="0" step="1"/><D51/><REACH who="0" ten="139,146,584,121" step="2"/><U122/><E122/><V43/><F89/><W32/><G32/><T130/><D130/><U119/><REACH who="1" step="1"/><E57/><REACH who="1" ten="139,136,584,121" step="2"/><V71/><F108/><W95/><G35/><T85/><D85/><U17/><E17/><V77/><F110/><W84/><G84/><T70/><D70/><U49/><E49/><V24/><F71/><W21/><G48/><T93/><D93/><U40/><E40/><V66/><F111/><W128/><G95/><T109/><D109/><U55/><E55/><V0/><F43/><W132/><G128/><T47/><D47/><U107/><E107/><V86/><F86/><W94/><G53/><T15/><D15/><AGARI ba="3,2" hai="15,16,22,39,42,46,56,61,65,81,82,116,117,119" machi="15" ten="40,2600,0" yaku="1,1,54,1,53,0" doraHai="105" doraHaiUra="67" who="1" fromWho="0" sc="139,-35,136,55,584,0,121,0" /><INIT seed="3,0,0,3,5,34" ten="104,191,584,121" oya="3" hai0="132,61,35,94,87,17,103,134,115,81,24,37,80" hai1="78,127,85,133,22,70,19,51,7,33,31,28,44" hai2="93,100,108,52,48,109,84,8,113,43,135,126,29" hai3="60,119,104,47,128,6,45,53,54,30,41,90,122"/><W42/><G122/><T5/><D37/><U110/><E70/><V50/><F113/><W27/><G119/><T56/><D115/><U131/><E33/><V82/><F135/><W13/><G104/><T118/><D118/><U23/><E133/><V58/><F29/><N who="1" m="11337" /><E127/><V74/><F74/><W18/><G128/><T129/><D35/><U59/><E131/><V71/><F71/><W65/><G90/><T40/><D129/><U86/><E110/><V66/><F66/><W75/><G75/><T97/><D40/><N who="1" m="24967" /><E7/><V9/><F126/><W12/><G6/><T96/><D5/><U89/><E78/><V83/><F83/><W49/><G42/><T25/><D134/><U64/><E89/><N who="2" m="53415" /><F82/><W14/><G18/><T102/><D132/><U76/><E76/><V68/><F68/><W121/><G121/><T4/><D4/><U117/><E117/><V55/><F100/><W92/><G47/><T107/><D17/><U36/><E36/><V95/><F95/><W67/><G92/><T3/><D3/><U99/><E99/><V106/><F43/><W105/><G105/><T38/><D38/><U69/><E69/><V120/><F120/><W10/><G10/><T88/><D80/><U125/><E125/><V32/><F106/><W112/><G112/><T46/><D46/><U77/><E77/><V91/><F91/><W0/><G0/><T1/><D1/><U101/><E101/><V98/><F9/><W73/><G73/><T16/><D16/><U21/><E19/><V116/><F8/><W79/><G79/><T15/><D15/><N who="3" m="3841" /><W11/><DORA hai="114" /><G11/><RYUUKYOKU ba="0,0" sc="104,15,191,15,584,-15,121,-15" hai0="24,25,56,61,81,87,88,94,96,97,102,103,107" hai1="21,22,23,59,64,85,86" owari="119,-28.0,206,1.0,569,66.0,106,-39.0" /></mjloggm>