<mjloggm ver="2.3"><GO type="41" lobby="0"/><UN n0="%78%78%54%4F%4D%59%78%78" n1="%E3%83%8F%E3%83%A0%E3%81%95%E3%81%84%E3%81%A6%E3%82%87" n2="%E3%81%9F%E3%81%A4%E3%81%8D%E3%82%80%E3%81%A8%E3%82%93" n3="%E5%B0%B1%E6%B4%BB%E7%94%9F%40%E5%B7%9D%E6%9D%91%E8%BB%8D%E5%9B%A3" dan="14,13,14,17" rate="1893.74,1941.02,1897.42,2153.52" sx="M,M,M,M"/><TAIKYOKU oya="0"/><INIT seed="0,0,0,2,5,72" ten="250,250,250,250" oya="0" hai0="49,92,101,85,18,4,115,122,10,15,36,131,39" hai1="105,46,111,95,26,134,16,112,8,119,29,58,35" hai2="99,68,55,78,113,76,97,93,32,67,64,109,28" hai3="77,79,34,53,21,13,60,89,56,82,90,117,61"/><T6/><D115/><U130/><E119/><V129/><F113/><W86/><G34/><T43/><D122/><U98/><E112/><V121/><F121/><W118/><G117/><T91/><D131/><U108/><E130/><V27/><F129/><W87/><G118/><T50/><D36/><U103/><E134/><V7/><F109/><N who="1" m="42057" /><E46/><V135/><F135/><W128/><G128/><T12/><D39/><U120/><E120/><V65/><F68/><W75/><G75/><T116/><D116/><U38/><E38/><V54/><F7/><W80/><G60/><T42/><D101/><U100/><E58/><V88/><REACH who="2" step="1"/><F99/><REACH who="2" ten="250,250,240,250" step="2"/><W44/><G44/><T37/><D4/><U48/><E48/><N who="0" m="18537" /><D37/><U71/><E71/><V107/><F107/><W126/><G126/><T52/><D52/><AGARI ba="0,1" hai="27,28,32,52,54,55,64,65,67,76,78,88,93,97" machi="52" ten="40,8000,1" yaku="1,1,52,2,54,2,53,0" doraHai="72" doraHaiUra="19" who="2" fromWho="0" sc="250,-80,250,0,240,90,250,0" /><INIT seed="1,0,0,5,1,84" ten="170,250,330,250" oya="1" hai0="104,129,134,63,1,116,96,31,20,52,65,74,34" hai1="35,62,5,115,80,47,99,39,23,13,75,0,45" hai2="51,71,22,57,36,30,18,50,81,6,79,118,107" hai3="122,55,106,27,68,54,2,44,123,131,21,28,88"/><U110/><E115/><V97/><F71/><W87/><G106/><T32/><D20/><U125/><E35/><V61/><F36/><W83/><G68/><T66/><D116/><U11/><E110/><V112/><F30/><W4/><G131/><T124/><D129/><U101/><E125/><V114/><F6/><W92/><G44/><T126/><D1/><U7/><E62/><V103/><F118/><W85/><G4/><T120/><D74/><U64/><E64/><V100/><F100/><W78/><REACH who="3" step="1"/><G2/><REACH who="3" ten="170,250,330,240" step="2"/><T73/><D126/><U109/><E109/><V69/><F69/><W42/><G42/><T41/><D124/><U38/><E38/><V70/><F70/><W46/><G46/><T16/><D41/><U12/><E5/><V60/><F107/><W76/><G76/><T15/><D104/><U113/><E113/><V56/><F79/><W95/><G95/><T25/><D120/><AGARI ba="0,1" hai="21,27,28,54,55,78,83,85,87,88,92,120,122,123" machi="120" ten="40,8000,1" yaku="1,1,52,1,54,1,53,1" doraHai="84" doraHaiUra="24" who="3" fromWho="0" sc="170,-80,250,0,330,0,240,90" /><INIT seed="2,0,0,0,5,75" ten="90,250,330,330" oya="2" hai0="87,69,3,21,71,65,55,27,111,72,57,39,28" hai1="51,1,17,91,16,108,68,11,100,120,4,0,80" hai2="82,95,22,102,47,135,121,41,110,31,117,38,131" hai3="45,127,20,66,18,52,67,30,114,101,112,44,109"/><V76/><F117/><W126/><G30/><T129/><D72/><U118/><E118/><V6/><F121/><W99/><G109/><T61/><D3/><U88/><E108/><V97/><F110/><W104/><G66/><T93/><D39/><U103/><E68/><V5/><F131/><W125/><G67/><T77/><D129/><U81/><E51/><V59/><F135/><W62/><G62/><T122/><D122/><U53/><E53/><V96/><F59/><W8/><G8/><T37/><D37/><U34/><E34/><V29/><F96/><W33/><G33/><T86/><D111/><U106/><E106/><V7/><REACH who="2" step="1"/><F22/><REACH who="2" ten="90,250,320,330" step="2"/><W134/><G134/><T40/><D71/><U14/><E120/><V124/><F124/><W84/><G45/><T123/><D69/><U54/><E54/><V94/><F94/><W42/><G114/><T23/><D123/><U128/><E128/><V26/><F26/><W13/><G112/><T133/><D93/><U63/><E63/><V116/><F116/><W64/><G64/><T19/><D65/><U43/><E11/><V46/><F46/><W25/><G25/><T70/><D70/><U73/><E43/><V78/><F78/><W15/><G52/><T85/><D40/><U32/><E32/><V48/><F48/><W130/><G130/><T113/><D133/><U58/><E58/><V115/><F115/><W50/><G15/><N who="0" m="9471" /><D113/><U98/><E14/><V119/><F119/><W132/><G132/><T83/><AGARI ba="0,1" hai="23,27,28,55,57,61,77,83,85,86,87" m="9471" machi="83" ten="30,2000,0" yaku="8,1,52,1" doraHai="75" who="0" fromWho="0" sc="90,30,250,-5,320,-10,330,-5" /><INIT seed="3,0,0,3,4,99" ten="120,245,310,325" oya="3" hai0="57,77,21,133,66,34,53,94,13,61,102,114,109" hai1="6,45,90,128,65,74,131,26,50,41,4,72,16" hai2="93,15,76,22,117,44,60,113,39,111,18,35,62" hai3="47,28,115,123,7,58,125,1,129,84,24,75,107"/><W106/><G75/><T126/><D34/><U130/><E65/><V116/><F111/><W80/><G123/><T100/><D109/><U127/><E127/><V119/><F35/><W36/><G115/><T43/><D114/><U85/><E72/><V29/><F113/><W78/><G125/><T104/><D126/><U33/><E74/><V51/><F39/><W12/><G129/><T2/><D104/><N who="3" m="39977" /><G58/><N who="0" m="37175" /><D2/><U30/><REACH who="1" step="1"/><E16/><REACH who="1" ten="120,235,310,325" step="2"/><V25/><F29/><W73/><G7/><T3/><D133/><U87/><E87/><V134/><F134/><W37/><G84/><T92/><D77/><U49/><E49/><V79/><F25/><W71/><G78/><T110/><D110/><U9/><E9/><V32/><F79/><W0/><G73/><T27/><D43/><U5/><E5/><V63/><F76/><W46/><G37/><T10/><D3/><U81/><AGARI ba="0,1" hai="4,6,26,30,33,41,45,50,81,85,90,128,130,131" machi="81" ten="30,4000,0" yaku="1,1,0,1,19,1,53,0" doraHai="99" doraHaiUra="118" who="1" fromWho="1" sc="120,-10,235,50,310,-10,325,-20" /><INIT seed="4,0,0,1,2,4" ten="110,285,300,305" oya="0" hai0="91,17,49,69,54,32,73,128,67,0,86,122,53" hai1="66,127,99,70,121,123,93,103,133,76,108,8,83" hai2="129,90,58,117,22,5,105,26,50,63,130,13,47" hai3="75,104,45,94,132,14,65,44,74,62,77,92,41"/><T38/><D122/><U116/><E116/><V3/><F105/><W25/><G104/><T24/><D73/><U29/><E108/><V124/><F3/><W118/><G118/><T100/><D38/><U110/><E110/><V48/><F117/><W46/><G132/><T61/><D100/><U85/><E133/><V33/><F33/><W56/><G41/><T15/><D0/><U23/><E127/><V102/><F102/><W42/><G42/><T35/><D24/><U43/><E43/><V84/><F124/><W109/><G109/><T34/><D128/><N who="2" m="49258" /><F13/><W81/><G74/><T11/><REACH who="0" step="1"/><D49/><REACH who="0" ten="100,285,300,305" step="2"/><U101/><E101/><V10/><F48/><W60/><G25/><T57/><D57/><U59/><E59/><V78/><F50/><W28/><G28/><T112/><D112/><U126/><E126/><V114/><F58/><W9/><REACH who="3" step="1"/><G62/><REACH who="3" ten="100,285,300,295" step="2"/><T131/><D131/><U30/><E123/><V18/><F63/><W52/><G52/><T68/><D68/><U16/><E121/><V2/><F114/><W1/><G1/><T64/><D64/><U39/><E66/><V113/><F113/><W120/><G120/><T71/><D71/><U107/><E70/><V125/><F125/><W134/><G134/><T51/><D51/><U97/><E39/><V95/><F47/><W20/><G20/><T37/><D37/><U111/><E111/><V12/><F2/><W7/><AGARI ba="0,2" hai="7,9,14,44,45,46,56,60,65,75,77,81,92,94" machi="7" ten="30,4000,0" yaku="1,1,0,1,52,1,53,0" doraHai="4" doraHaiUra="21" who="3" fromWho="3" sc="100,-20,285,-10,300,-10,295,60" /><INIT seed="5,0,0,0,4,105" ten="80,275,290,355" oya="1" hai0="134,108,104,29,61,12,116,36,99,33,74,117,35" hai1="75,121,2,22,86,15,16,30,114,0,37,131,47" hai2="42,103,57,52,93,32,18,7,120,129,23,62,128" hai3="112,122,97,41,111,88,51,107,92,44,98,100,58"/><U102/><E121/><V50/><F120/><W53/><G111/><T110/><D12/><U83/><E131/><N who="2" m="50251" /><F32/><W43/><G122/><T65/><D36/><U46/><E102/><V6/><F103/><W91/><G112/><T95/><D134/><U55/><E114/><V40/><F93/><W81/><G81/><T26/><D33/><U4/><E30/><V10/><F50/><W39/><G43/><N who="2" m="16425" /><F10/><W70/><G70/><T21/><D74/><U25/><E75/><V17/><F17/><W90/><AGARI ba="0,0" hai="39,41,44,51,53,58,88,90,91,92,97,98,100,107" machi="90" ten="20,2700,0" yaku="0,1,7,1,54,1" doraHai="105" who="3" fromWho="3" sc="80,-7,275,-13,290,-7,355,27" /><INIT seed="6,0,0,1,4,5" ten="73,262,283,382" oya="2" hai0="48,102,28,3,36,20,112,12,6,29,33,2,117" hai1="69,122,64,84,86,113,98,108,114,9,63,101,7" hai2="53,130,121,88,11,27,30,95,47,79,106,43,85" hai3="119,51,111,91,49,38,10,76,100,60,94,89,104"/><V82/><F121/><W93/><G38/><T71/><D48/><U125/><E108/><V134/><F106/><W109/><G119/><T21/><D71/><U52/><E122/><V0/><F130/><W80/><G60/><T56/><D56/><U45/><E125/><V103/><F103/><W57/><G57/><T16/><D36/><U40/><E52/><V18/><F134/><W127/><G127/><T19/><D117/><U133/><E133/><V78/><F53/><W73/><G10/><N who="0" m="4183" /><D112/><N who="1" m="43115" /><E45/><V75/><F78/><W41/><G41/><T132/><D132/><U17/><E17/><N who="0" m="6729" /><D102/><U126/><E40/><V34/><F18/><W1/><G1/><N who="0" m="11" /><D33/><U77/><E77/><V68/><F68/><W67/><G67/><T24/><D20/><U135/><E135/><V14/><F0/><W131/><G49/><T50/><D50/><U46/><E46/><V124/><F124/><W123/><G51/><T8/><D29/><U107/><E126/><V74/><F43/><W99/><G131/><T115/><D115/><U42/><E42/><V66/><F47/><W83/><G123/><T128/><D128/><U55/><E55/><V39/><F39/><W37/><G37/><T110/><D110/><U87/><E7/><V35/><F66/><W92/><G83/><T81/><D81/><U61/><E63/><V13/><F35/><W31/><G31/><T65/><D65/><U96/><E98/><V116/><F116/><W58/><G58/><T72/><D72/><U105/><E105/><V44/><F44/><W26/><G111/><T97/><D97/><U59/><E69/><RYUUKYOKU ba="0,0" sc="73,15,262,15,283,-15,382,-15" hai0="8,21,24,28" hai1="9,59,61,64,84,86,87,96,101,107" /><INIT seed="7,1,0,0,3,116" ten="88,277,268,367" oya="3" hai0="102,37,93,21,15,80,69,14,103,94,70,9,31" hai1="77,11,105,74,8,73,12,127,107,83,109,111,28" hai2="92,86,122,64,76,58,16,56,38,17,79,57,4" hai3="117,126,27,112,61,42,75,1,7,13,78,91,6"/><W39/><G1/><T130/><D37/><U36/><E36/><V96/><F38/><W118/><G126/><T98/><D80/><U54/><E127/><V133/><F64/><W101/><G112/><T51/><D51/><U34/><E34/><V85/><F133/><W0/><G91/><T88/><D31/><U134/><E134/><V68/><F68/><W66/><G101/><T87/><D21/><U52/><E28/><V95/><F4/><W89/><G27/><T106/><D14/><U33/><E33/><V123/><F57/><W84/><G13/><T46/><D46/><U45/><E45/><V44/><F44/><N who="3" m="23647" /><G7/><T35/><D35/><U99/><E99/><V19/><F19/><W29/><G29/><T104/><D69/><U129/><E129/><V59/><F59/><N who="3" m="37183" /><G84/><T50/><D70/><U47/><E47/><V90/><F96/><W121/><G89/><AGARI ba="1,0" hai="16,17,56,58,76,79,85,86,89,90,92,95,122,123" machi="89" ten="25,8000,1" yaku="22,2,52,2,54,1" doraHai="116" who="2" fromWho="3" sc="88,0,277,0,268,83,367,-83" owari="88,-41.0,277,-12.0,351,45.0,284,8.0" /></mjloggm>