<mjloggm ver="2.3"><GO type="97" lobby="0"/><UN n0="%E9%A2%A8%E3%82%92" n1="%E5%B0%B1%E6%B4%BB%E7%94%9F%40%E5%B7%9D%E6%9D%91%E8%BB%8D%E5%9B%A3" n2="%E3%81%97%E3%82%87%E3%81%86%E3%81%AD%E3%82%93%E2%99%AA" n3="%E5%B9%B3%E6%9C%AC%E4%BF%9D%E5%BF%97" dan="14,15,13,14" rate="1979.03,1970.60,1907.70,1891.59" sx="M,M,M,M"/><TAIKYOKU oya="0"/><INIT seed="0,0,0,2,4,98" ten="250,250,250,250" oya="0" hai0="58,2,101,87,105,19,86,42,43,122,89,106,39" hai1="121,34,27,113,99,108,40,7,53,95,127,54,49" hai2="57,13,29,97,119,12,59,31,71,104,66,23,20" hai3="90,118,67,63,28,4,120,69,21,5,77,83,93"/><T10/><D122/><U75/><E121/><V46/><F119/><W109/><G118/><T11/><D39/><U45/><E75/><V123/><F123/><W41/><G120/><T107/><D101/><N who="1" m="60671" /><E34/><V124/><F71/><W102/><G109/><T132/><D132/><U115/><E108/><V131/><F124/><W112/><G112/><N who="1" m="43082" /><E127/><V26/><F131/><W15/><G41/><T117/><D117/><U51/><E7/><V92/><F104/><W48/><G48/><N who="1" m="18506" /><E27/><N who="2" m="16615" /><F46/><W103/><G4/><T133/><D133/><U61/><E61/><N who="2" m="38191" /><F59/><W96/><G5/><T52/><D43/><U68/><E68/><V25/><F25/><W3/><G3/><T80/><D42/><U84/><E84/><V56/><F56/><W62/><G62/><T16/><D86/><U32/><E32/><V134/><F134/><W44/><G44/><T60/><REACH who="0" step="1"/><D2/><REACH who="0" ten="240,250,250,250" step="2"/><U6/><E6/><V50/><F50/><AGARI ba="0,1" hai="40,45,50,53,54" m="18506,43082,60671" machi="50" ten="30,2000,0" yaku="11,1,52,1" doraHai="98" who="1" fromWho="2" sc="240,0,250,30,250,-20,250,0" /><INIT seed="1,0,0,4,2,32" ten="240,280,230,250" oya="1" hai0="100,99,6,84,0,66,45,71,86,36,68,127,135" hai1="78,107,105,64,60,17,31,19,14,43,63,93,21" hai2="72,39,133,106,56,4,65,44,55,11,97,2,28" hai3="24,79,30,89,121,46,118,113,54,15,26,128,104"/><U81/><E31/><V90/><F72/><W130/><G121/><T12/><D12/><U61/><E64/><V49/><F133/><W1/><G104/><N who="0" m="63519" /><D86/><U98/><E43/><V42/><F28/><W120/><G118/><T13/><D13/><U48/><E48/><V10/><F10/><W50/><G120/><T3/><D84/><U8/><E81/><V37/><F37/><W23/><G79/><T91/><D91/><U92/><E78/><V101/><F90/><W88/><G1/><N who="0" m="587" /><D6/><U29/><E29/><V7/><F65/><W102/><G102/><T75/><D135/><U25/><REACH who="1" step="1"/><E93/><REACH who="1" ten="240,270,230,250" step="2"/><V126/><F4/><W95/><G113/><T124/><D66/><U109/><E109/><V115/><F115/><W16/><G24/><T9/><D75/><U59/><E59/><V69/><REACH who="2" step="1"/><F126/><REACH who="2" ten="240,270,220,250" step="2"/><N who="0" m="48170" /><D9/><U35/><E35/><V122/><F122/><W111/><G111/><T62/><D62/><U73/><E73/><V116/><F116/><W38/><G38/><T114/><D114/><U80/><E80/><V18/><F18/><W67/><G67/><T76/><D76/><U123/><E123/><V87/><F87/><W70/><G70/><AGARI ba="0,2" hai="2,7,11,39,42,44,49,55,56,69,70,97,101,106" machi="70" ten="40,2600,0" yaku="1,1,52,1,53,0" doraHai="32" doraHaiUra="112" who="2" fromWho="3" sc="240,0,270,0,220,46,250,-26" /><INIT seed="2,0,0,2,4,44" ten="240,270,266,224" oya="2" hai0="130,73,119,4,128,89,99,24,6,58,68,81,112" hai1="95,17,118,30,43,60,42,117,52,45,83,19,75" hai2="120,59,98,105,115,110,48,93,41,104,0,40,11" hai3="31,26,8,122,13,5,61,39,21,133,7,87,132"/><V28/><F115/><W56/><G39/><T27/><D68/><U53/><E30/><V90/><F120/><W121/><G87/><N who="0" m="50415" /><D73/><U71/><E95/><V1/><F28/><W66/><REACH who="3" step="1"/><G7/><REACH who="3" ten="240,270,266,214" step="2"/><N who="0" m="2603" /><D112/><U3/><E3/><V103/><F1/><W14/><G14/><T49/><D119/><U18/><E75/><V16/><F0/><W57/><G57/><T111/><D99/><U102/><E83/><V50/><F110/><W86/><G86/><T79/><D111/><U35/><E118/><V76/><F98/><W113/><G113/><T36/><D36/><U47/><E117/><V67/><F59/><W37/><G37/><T101/><D58/><U92/><E71/><V64/><F105/><W123/><AGARI ba="0,1" hai="5,8,13,21,26,31,56,61,66,121,122,123,132,133" machi="123" ten="40,2700,0" yaku="1,1,0,1,53,0" doraHai="44" doraHaiUra="94" who="3" fromWho="3" sc="240,-7,270,-7,266,-13,214,37" /><INIT seed="3,0,0,0,3,0" ten="233,263,253,251" oya="3" hai0="39,15,8,19,13,100,52,128,57,35,41,51,93" hai1="24,123,80,40,101,105,112,75,61,96,94,14,85" hai2="121,4,73,99,54,33,23,37,60,129,9,81,114" hai3="126,84,16,56,64,120,117,58,122,18,91,20,78"/><W119/><G126/><T55/><D35/><U86/><E123/><V42/><F121/><W17/><G78/><T53/><D128/><U95/><E112/><V68/><F33/><W27/><G120/><T107/><D107/><U106/><E40/><V31/><F114/><W30/><G122/><T10/><D39/><U76/><E24/><N who="2" m="16799" /><F99/><W115/><G115/><T116/><D116/><U59/><E14/><V69/><F54/><W110/><G110/><T132/><D132/><U113/><E113/><V7/><F4/><W133/><G133/><T36/><D36/><U65/><REACH who="1" step="1"/><E94/><REACH who="1" ten="233,253,253,251" step="2"/><V47/><F129/><W66/><G117/><T124/><D41/><U26/><E26/><V83/><F83/><N who="3" m="49567" /><G119/><T11/><D124/><U34/><E34/><V3/><F60/><W111/><G111/><T71/><D71/><U98/><E98/><V125/><F125/><W25/><G25/><T88/><D100/><U29/><E29/><V109/><F109/><W77/><G77/><AGARI ba="0,1" hai="3,7,9,37,42,47,68,69,73,77,81" m="16799" machi="77" ten="30,2000,0" yaku="25,1,52,1" doraHai="0" who="2" fromWho="3" sc="233,0,253,0,253,30,251,-20" /><INIT seed="4,0,0,5,5,131" ten="233,253,283,231" oya="0" hai0="126,39,82,123,51,42,95,7,46,115,87,97,64" hai1="57,61,122,75,34,71,132,129,72,12,65,33,121" hai2="106,47,62,8,24,67,58,93,114,27,59,98,77" hai3="32,1,37,88,83,18,30,41,134,4,110,81,107"/><T125/><D123/><N who="1" m="47115" /><E57/><V35/><F114/><W78/><G107/><T80/><D115/><U130/><E12/><V66/><F106/><W105/><G105/><T29/><D7/><U128/><E132/><V48/><F77/><W2/><G110/><T100/><D64/><U17/><E17/><V92/><F8/><W120/><G120/><T15/><D29/><U45/><E45/><V55/><F35/><AGARI ba="0,0" hai="33,34,35,61,65,71,72,75,128,129,130" m="47115" machi="35" ten="40,2600,0" yaku="19,1,23,1" doraHai="131" who="1" fromWho="2" sc="233,0,253,26,283,-26,231,0" /><INIT seed="5,0,0,2,0,97" ten="233,279,257,231" oya="1" hai0="38,94,34,114,66,60,70,19,53,10,40,71,54" hai1="77,104,122,127,106,21,109,15,45,67,88,65,22" hai2="23,57,30,84,113,11,126,76,85,90,5,39,82" hai3="14,116,131,7,83,20,68,107,52,63,2,123,98"/><U89/><E122/><V16/><F126/><W13/><G123/><T6/><D34/><U72/><E127/><V31/><F39/><W91/><G116/><T61/><D19/><N who="1" m="10495" /><E72/><V18/><F113/><W80/><G131/><T105/><D105/><U24/><E106/><V0/><F57/><N who="3" m="35239" /><G107/><T47/><D114/><U59/><E104/><V8/><F8/><N who="3" m="4255" /><G68/><T110/><D110/><U4/><E4/><V111/><F111/><W36/><G36/><T55/><D94/><U128/><E128/><V33/><F33/><W9/><G2/><T64/><REACH who="0" step="1"/><D54/><REACH who="0" ten="223,279,257,231" step="2"/><U78/><E109/><V102/><F102/><W25/><G80/><T93/><D93/><U101/><E101/><V49/><F49/><W99/><G83/><T1/><AGARI ba="0,1" hai="1,6,10,38,40,47,53,55,60,61,64,66,70,71" machi="1" ten="20,5200,0" yaku="1,1,0,1,7,1,9,1,53,0" doraHai="97" doraHaiUra="87" who="0" fromWho="0" sc="223,62,279,-26,257,-13,231,-13" /><INIT seed="6,0,0,3,2,73" ten="285,253,244,218" oya="2" hai0="122,44,14,101,81,102,74,1,91,119,45,89,15" hai1="68,47,85,99,33,20,129,24,78,57,35,115,3" hai2="88,93,54,10,41,109,106,49,77,5,72,31,98" hai3="23,76,80,19,83,112,134,37,65,92,126,25,90"/><V7/><F31/><W53/><G37/><T18/><D1/><U132/><E68/><V100/><F41/><W28/><G134/><T108/><D108/><U86/><E3/><V96/><F109/><W124/><G112/><T27/><D74/><U43/><E115/><V11/><F11/><W39/><G39/><T50/><D122/><U113/><E113/><V84/><F98/><N who="3" m="57623" /><G65/><T95/><D27/><U56/><E129/><V97/><F97/><W13/><G53/><N who="0" m="29895" /><D45/><U48/><E99/><V127/><F127/><N who="3" m="48683" /><G83/><T51/><D51/><U123/><E123/><V104/><F104/><W107/><G107/><T62/><D62/><U46/><E132/><V32/><F32/><W26/><G28/><T58/><D81/><N who="1" m="47287" /><E35/><V52/><F10/><W12/><G12/><T34/><D14/><U2/><E33/><V120/><F120/><W110/><G110/><T79/><D34/><U114/><E2/><V8/><F8/><W82/><G82/><T55/><D15/><U111/><E111/><V61/><F61/><W66/><G66/><T121/><D121/><U133/><E133/><V59/><F54/><W16/><G19/><T40/><D18/><N who="1" m="12311" /><E114/><V87/><F72/><AGARI ba="0,0" hai="13,16,23,25,26,72,76,80" m="48683,57623" machi="72" ten="30,3900,0" yaku="18,1,52,1,54,1" doraHai="73" who="3" fromWho="2" sc="285,0,253,0,244,-39,218,39" /><INIT seed="7,0,0,3,2,106" ten="285,253,205,257" oya="3" hai0="118,43,74,51,117,0,46,49,99,133,107,25,14" hai1="83,73,103,78,84,35,22,32,61,111,89,4,17" hai2="115,126,33,120,114,42,97,53,3,40,109,81,20" hai3="67,130,87,112,66,44,9,26,36,68,75,80,70"/><W6/><G75/><T62/><D0/><U108/><E4/><V34/><F109/><W63/><G112/><N who="2" m="43049" /><F3/><W98/><G130/><T65/><D74/><U29/><E103/><V88/><F120/><W119/><G119/><N who="0" m="45579" /><D14/><U55/><E108/><V95/><F126/><W125/><G125/><T54/><D25/><U124/><E124/><V57/><F20/><W105/><G26/><T128/><D99/><U47/><E111/><V91/><F81/><W15/><G36/><N who="0" m="21863" /><D107/><U113/><E113/><V101/><F42/><W85/><G44/><N who="0" m="27943" /><D51/><U24/><E29/><V69/><F69/><W79/><G85/><T71/><D133/><U50/><E61/><N who="2" m="36015" /><F40/><W11/><G11/><T7/><D7/><U21/><E21/><V52/><F52/><W134/><G134/><T8/><D8/><U45/><E45/><V72/><F72/><W132/><G132/><T60/><D60/><U92/><AGARI ba="0,0" hai="17,22,24,32,35,47,50,55,73,78,83,84,89,92" machi="92" ten="20,2700,0" yaku="0,1,7,1,52,1" doraHai="106" who="1" fromWho="1" sc="285,-7,253,27,205,-7,257,-13" owari="278,8.0,280,38.0,198,-30.0,244,-16.0" /></mjloggm>