<mjloggm ver="2.3"><GO type="225" lobby="0"/><UN n0="%E3%83%88%E3%83%88%E3%83%AA%E5%85%88%E7%94%9F%31%39%E6%AD%B3" n1="%E3%82%B4%E3%83%9F%E3%82%AF%E3%82%BA%E4%B8%83%E6%AE%B5" n2="%E8%92%BC%E6%9C%88%E6%BD%AE" n3="%E3%81%AA%E3%81%A3%E3%81%8D%E3%82%8A" dan="18,16,17,16" rate="2261.89,2098.91,2198.49,2071.14" sx="F,M,M,M"/><TAIKYOKU oya="0"/><INIT seed="0,0,0,3,1,85" ten="250,250,250,250" oya="0" hai0="63,125,46,94,29,34,9,42,67,79,32,36,49" hai1="128,76,109,28,2,0,84,60,126,72,39,64,66" hai2="19,124,95,110,83,58,75,129,50,134,4,121,10" hai3="78,90,86,51,5,13,22,57,44,113,123,61,69"/><T62/><D125/><U38/><E126/><V108/><F121/><W68/><G113/><T41/><D79/><U16/><E109/><N who="2" m="42091" /><F124/><W6/><G78/><T11/><D62/><U74/><E128/><V55/><F129/><W114/><G114/><T7/><D29/><U91/><E28/><V37/><F37/><W106/><G106/><T132/><D132/><U107/><E107/><V96/><F19/><N who="3" m="10607" /><G68/><T73/><D73/><U88/><E76/><N who="2" m="44447" /><F134/><W89/><G69/><T59/><D11/><U116/><E60/><V20/><F20/><W117/><G117/><T82/><D82/><U80/><E80/><V102/><F10/><W100/><G100/><T118/><D118/><U133/><E133/><V120/><F120/><W14/><G14/><T127/><D127/><U33/><E116/><V54/><F54/><N who="3" m="30055" /><G123/><T18/><D41/><U47/><E16/><V17/><F17/><W71/><G71/><T30/><D36/><U131/><E131/><V3/><F3/><W130/><G130/><T43/><D43/><U135/><E135/><V81/><F4/><N who="3" m="1643" /><G86/><T52/><D18/><U105/><E105/><V12/><F12/><W70/><G70/><T119/><D119/><U65/><E84/><V104/><F104/><W24/><G24/><N who="0" m="18503" /><D34/><U122/><E122/><V93/><F102/><W26/><G26/><T111/><D42/><U27/><E27/><V23/><F96/><W87/><G87/><T21/><D111/><U56/><E33/><V35/><F35/><W101/><G101/><T1/><D21/><U103/><E103/><V112/><F23/><W40/><G40/><RYUUKYOKU ba="0,0" sc="250,15,250,-15,250,-15,250,15" hai0="1,7,9,46,49,52,59,63,67,94" hai3="57,61,89,90" /><INIT seed="0,1,0,5,1,87" ten="265,235,235,265" oya="0" hai0="103,98,53,38,43,95,70,28,54,93,85,11,105" hai1="96,102,120,1,57,60,8,112,108,84,122,113,13" hai2="33,114,111,124,65,30,101,91,41,62,24,100,18" hai3="17,128,14,48,69,40,67,88,26,34,99,25,36"/><T3/><D70/><U55/><E108/><V7/><F114/><N who="1" m="44137" /><E1/><V92/><F111/><W5/><G36/><T59/><D54/><U47/><E47/><V35/><F124/><W63/><G128/><T135/><D135/><U83/><E13/><V6/><F35/><W126/><G126/><T119/><D119/><U61/><E61/><V86/><F41/><W58/><G5/><T89/><D28/><U10/><E122/><V44/><F44/><N who="3" m="25607" /><G34/><T9/><D43/><U127/><E120/><V12/><F6/><W68/><G68/><T75/><D38/><U52/><E55/><V133/><F7/><W82/><G69/><T49/><D75/><U23/><E23/><V74/><F74/><W134/><G134/><T22/><D3/><U72/><E72/><V66/><F133/><W29/><G29/><T121/><D121/><U76/><E127/><V51/><F51/><W110/><G110/><T64/><D64/><U56/><E57/><V19/><F19/><W2/><G2/><T79/><D79/><U107/><AGARI ba="1,0" hai="8,10,52,56,60,76,83,84,96,102,107" m="44137" machi="107" ten="30,2000,0" yaku="11,1,54,1" doraHai="87" who="1" fromWho="1" sc="265,-11,235,23,235,-6,265,-6" /><INIT seed="1,0,0,1,5,134" ten="254,258,229,259" oya="1" hai0="66,45,63,78,94,96,72,126,75,82,65,108,123" hai1="61,25,88,127,92,83,102,99,132,100,133,52,8" hai2="74,58,68,128,32,116,4,23,15,95,9,2,80" hai3="46,18,64,30,67,117,57,55,53,111,81,97,22"/><U20/><E127/><V54/><F116/><W122/><G122/><T47/><D123/><U27/><E8/><V50/><F68/><W13/><G111/><T7/><D108/><U0/><E0/><V43/><F32/><W115/><G115/><T35/><D35/><U101/><E83/><V38/><F128/><W121/><G121/><T12/><D75/><U1/><E1/><V129/><F129/><W24/><G117/><T84/><D72/><U106/><E106/><V125/><F95/><W114/><G114/><T98/><D126/><U60/><E27/><V14/><F23/><N who="3" m="15647" /><G97/><T130/><D130/><U104/><E104/><V51/><F51/><N who="3" m="28919" /><G81/><T34/><D34/><U131/><E131/><V91/><F125/><W110/><G110/><T21/><D96/><U26/><E26/><V56/><F56/><W62/><AGARI ba="0,0" hai="13,18,22,55,57,62,64,67" m="28919,15647" machi="62" ten="30,1100,0" yaku="8,1" doraHai="134" who="3" fromWho="3" sc="254,-3,258,-5,229,-3,259,11" /><INIT seed="2,0,0,0,5,57" ten="251,253,226,270" oya="2" hai0="93,89,64,43,122,52,70,10,25,35,111,128,69" hai1="44,121,129,56,124,66,98,4,36,46,110,59,116" hai2="87,61,33,47,105,130,76,135,104,82,3,107,37" hai3="119,85,38,81,127,40,20,19,109,27,84,132,60"/><V31/><F3/><W101/><G119/><T24/><D122/><U9/><E116/><V134/><F130/><W117/><G117/><T103/><D128/><U42/><E129/><V108/><F108/><W73/><G109/><T100/><D111/><U7/><E110/><V96/><F96/><W54/><G132/><N who="2" m="50729" /><F31/><W5/><G127/><T63/><D69/><U123/><E124/><V102/><F33/><W72/><G101/><T78/><D43/><N who="1" m="22631" /><E98/><N who="2" m="61527" /><F61/><W15/><G60/><T65/><D78/><U80/><E121/><V95/><F95/><W115/><G115/><T17/><D35/><U1/><E123/><V58/><F58/><W94/><G94/><T114/><D114/><U55/><E59/><V0/><F0/><W112/><G112/><T92/><D65/><U23/><E66/><V120/><F120/><W74/><G81/><T30/><D93/><U22/><E80/><V16/><F16/><W125/><G19/><T34/><D25/><U26/><E7/><V8/><F8/><W68/><G5/><T29/><D29/><U90/><E26/><V97/><F97/><W53/><G27/><T126/><D126/><U77/><E23/><V48/><F37/><W11/><G20/><T67/><D67/><U88/><E22/><V32/><F32/><W45/><G125/><T91/><D17/><U14/><E1/><V18/><F18/><N who="3" m="8575" /><G68/><T50/><D10/><U113/><E113/><V83/><F83/><W21/><G21/><T131/><D131/><U62/><E77/><V106/><F107/><W13/><G13/><T28/><D70/><U79/><E79/><RYUUKYOKU ba="0,0" sc="251,-30,253,10,226,10,270,10" hai1="4,9,14,42,46,55,56,62,88,90" hai2="47,48,76,82,87,105,106" hai3="38,40,45,53,54,72,73,74,84,85" /><INIT seed="2,1,0,5,2,11" ten="221,263,236,280" oya="2" hai0="134,85,80,60,48,114,54,14,51,78,120,39,94" hai1="40,30,36,89,34,29,99,4,81,125,57,135,113" hai2="83,21,111,24,102,76,109,79,110,6,112,72,70" hai3="52,32,12,103,15,104,0,73,115,133,98,69,92"/><V128/><F112/><W106/><G115/><T3/><D114/><U10/><E113/><RYUUKYOKU type="kaze4" ba="1,0" sc="221,0,263,0,236,0,280,0" /><INIT seed="2,2,0,5,1,68" ten="221,263,236,280" oya="2" hai0="86,41,82,74,94,38,124,76,100,55,59,71,7" hai1="2,108,57,30,28,39,6,109,84,34,101,121,52" hai2="12,134,18,58,133,96,99,88,117,60,118,104,111" hai3="125,127,15,110,73,120,56,32,0,53,85,79,119"/><V25/><F25/><W13/><G120/><T91/><D71/><U95/><E121/><V69/><F69/><W29/><G119/><T49/><D124/><N who="3" m="47689" /><G0/><T135/><D135/><N who="2" m="51722" /><F104/><W63/><G73/><T128/><D128/><U113/><E113/><V126/><F126/><W35/><G110/><N who="1" m="42602" /><E34/><N who="3" m="12842" /><G29/><N who="1" m="11370" /><E39/><V72/><F72/><W78/><G85/><T106/><D7/><U51/><E6/><V37/><F37/><W27/><G27/><T70/><D70/><U123/><E123/><V77/><F77/><AGARI ba="2,0" hai="13,15,53,56,63,77,78,79" m="12842,47689" machi="77" ten="30,1000,0" yaku="18,1" doraHai="68" who="3" fromWho="2" sc="221,0,263,0,236,-16,280,16" /><INIT seed="3,0,0,4,4,80" ten="221,263,220,296" oya="3" hai0="98,93,132,25,77,31,47,112,42,69,36,30,44" hai1="5,90,114,26,84,67,105,134,16,82,37,35,22" hai2="45,122,13,116,46,23,99,129,97,66,29,106,12" hai3="130,89,86,53,81,104,74,78,103,121,52,118,124"/><W119/><G121/><T126/><D69/><U95/><E114/><V88/><F116/><N who="3" m="44587" /><G130/><T113/><D132/><U18/><E37/><V54/><F129/><W10/><G10/><T34/><D126/><U4/><E105/><V123/><F66/><W27/><G27/><T111/><D111/><U11/><E134/><V117/><F117/><W65/><G65/><T62/><D62/><U17/><E35/><V6/><F106/><W94/><G124/><T41/><D77/><N who="1" m="46159" /><E67/><V91/><F6/><N who="1" m="2665" /><E11/><V14/><F29/><W68/><G68/><T101/><D31/><U70/><E70/><V72/><F72/><W20/><G20/><T9/><D9/><U96/><AGARI ba="0,0" hai="16,17,18,22,26,90,95,96" m="2665,46159" machi="96" ten="30,4000,0" yaku="8,1,52,1,54,1" doraHai="80" who="1" fromWho="1" sc="221,-10,263,40,220,-10,296,-20" owari="211,-19.0,303,40.0,210,-29.0,276,8.0" /></mjloggm>