<mjloggm ver="2.3"><GO type="97" lobby="0"/><UN n0="%E3%83%9D%E3%83%97%E3%83%A9%E3%81%A7%E3%81%99" n1="%E6%A3%AE%E5%B4%8E%E6%9C%89%E4%B8%89" n2="%E5%B0%B1%E6%B4%BB%E7%94%9F%40%E5%B7%9D%E6%9D%91%E8%BB%8D%E5%9B%A3" n3="%4B%49%52%49%54%42%4C" dan="13,13,15,14" rate="1854.87,1840.96,1980.13,2008.23" sx="M,M,M,M"/><TAIKYOKU oya="0"/><INIT seed="0,0,0,3,4,83" ten="250,250,250,250" oya="0" hai0="80,85,35,19,28,38,31,48,126,44,104,39,62" hai1="72,87,125,64,9,132,120,114,121,98,42,131,105" hai2="12,58,133,135,43,116,29,78,59,46,106,90,76" hai3="82,25,117,0,17,74,95,118,50,40,77,94,3"/><T15/><D104/><U11/><E72/><V63/><F106/><W53/><G40/><T7/><D126/><U112/><E42/><V84/><F116/><W57/><G3/><T60/><D38/><U99/><E125/><V127/><F29/><N who="0" m="11338" /><D35/><U6/><E131/><V134/><F12/><W96/><G0/><T103/><D39/><U55/><E132/><V108/><F108/><W13/><G25/><T32/><D7/><U119/><E64/><N who="2" m="39031" /><F59/><W75/><G75/><T47/><D32/><U128/><E128/><V22/><F22/><W123/><G123/><N who="1" m="47178" /><E119/><V124/><F78/><W36/><G36/><T41/><D103/><N who="1" m="62711" /><E6/><V66/><F76/><W122/><G122/><T73/><D47/><U26/><E26/><V129/><F66/><W115/><G115/><N who="1" m="44074" /><E99/><V20/><F20/><W34/><G34/><T23/><D73/><U97/><E97/><V8/><F8/><N who="1" m="3145" /><E55/><V109/><F129/><W24/><G24/><T30/><N who="0" m="11346" /><T68/><DORA hai="14" /><D68/><U93/><E93/><N who="2" m="54471" /><F124/><W45/><G94/><T130/><D130/><U10/><N who="1" m="3153" /><U18/><DORA hai="1" /><E87/><V92/><F92/><W70/><G70/><T27/><D27/><U67/><E67/><V56/><F127/><W21/><REACH who="3" step="1"/><G57/><REACH who="3" ten="250,250,250,240" step="2"/><T111/><D111/><U49/><E49/><N who="2" m="26847" /><F56/><W100/><AGARI ba="0,1" hai="13,17,21,45,50,53,74,77,82,95,96,100,117,118" machi="100" ten="20,12000,2" yaku="1,1,0,1,7,1,52,1,53,3" doraHai="83,14,1" doraHaiUra="113,81,79" who="3" fromWho="3" sc="250,-60,250,-30,250,-30,240,130" /><INIT seed="1,0,0,2,2,95" ten="190,220,220,370" oya="1" hai0="64,128,103,132,15,23,35,98,115,40,125,26,43" hai1="7,135,5,82,86,110,78,87,88,52,56,12,113" hai2="1,97,118,36,99,37,122,58,22,11,24,33,53" hai3="70,18,101,61,116,73,59,67,38,48,117,119,133"/><U2/><E110/><V28/><F118/><W0/><G0/><T14/><D35/><U42/><E135/><V124/><F122/><W71/><G73/><T105/><D132/><U49/><E113/><V17/><F124/><W46/><G133/><T93/><D115/><U34/><E34/><V74/><F74/><W21/><G101/><T112/><D112/><U65/><E2/><V39/><F1/><W30/><G30/><T31/><D128/><U25/><E25/><V131/><F131/><W107/><G107/><T79/><D125/><U120/><E120/><V91/><F91/><W89/><G89/><T60/><D79/><U111/><E111/><V127/><F11/><W130/><G130/><T106/><D106/><U96/><E12/><N who="0" m="4649" /><D105/><U129/><E129/><V19/><F127/><W84/><G84/><T54/><D54/><U92/><E96/><V134/><F134/><W83/><G83/><T9/><D9/><U69/><REACH who="1" step="1"/><E42/><REACH who="1" ten="190,210,220,370" step="2"/><V10/><F10/><W102/><G119/><T90/><D103/><U20/><E20/><V108/><F108/><W16/><G102/><T50/><D23/><U100/><E100/><V80/><F33/><W44/><G21/><T4/><D26/><U104/><E104/><V66/><F22/><W94/><G117/><T45/><D40/><U72/><E72/><V126/><F24/><W76/><G116/><T109/><D109/><U63/><AGARI ba="0,1" hai="5,7,49,52,56,63,65,69,78,82,86,87,88,92" machi="63" ten="30,11700,0" yaku="1,1,0,1,54,2,53,0" doraHai="95" doraHaiUra="13" who="1" fromWho="1" sc="190,-39,210,127,220,-39,370,-39" /><INIT seed="1,1,0,0,5,76" ten="151,337,181,331" oya="1" hai0="87,5,6,17,32,26,121,7,9,79,124,118,38" hai1="3,25,2,58,67,75,72,39,57,82,96,94,51" hai2="18,44,127,105,86,62,16,80,104,60,46,14,116" hai3="88,13,102,29,84,100,90,50,31,135,133,110,71"/><U101/><E39/><V89/><F116/><W33/><G71/><T56/><D118/><U85/><E3/><V70/><F127/><W74/><G74/><T49/><D38/><U120/><E120/><V54/><F105/><W66/><G66/><T107/><D124/><U115/><E115/><V129/><F104/><W63/><G63/><N who="2" m="24105" /><F70/><W97/><G110/><T73/><D107/><U28/><E2/><V10/><F129/><W34/><G50/><T131/><D73/><U59/><E67/><V48/><F18/><W22/><G97/><T92/><D131/><U35/><REACH who="1" step="1"/><E51/><REACH who="1" ten="151,327,181,331" step="2"/><V119/><F119/><W93/><G135/><T130/><D121/><U83/><E83/><V11/><F11/><W125/><G133/><T43/><D130/><U36/><E36/><V1/><F1/><W78/><G125/><T109/><D49/><U126/><E126/><V122/><F122/><W53/><G34/><T111/><D32/><U65/><E65/><V24/><F24/><W52/><G33/><T21/><D109/><U20/><E20/><V134/><F134/><W64/><G64/><T108/><D111/><U98/><E98/><V77/><F77/><AGARI ba="1,1" hai="25,28,35,57,58,59,72,75,77,82,85,94,96,101" machi="77" ten="40,7700,0" yaku="1,1,52,1,53,1" doraHai="76" doraHaiUra="30" who="1" fromWho="2" sc="151,0,327,90,181,-80,331,0" /><INIT seed="1,2,0,1,4,95" ten="151,417,101,331" oya="1" hai0="88,114,39,135,1,117,18,106,59,87,109,11,58" hai1="123,13,116,112,76,69,25,22,49,38,12,20,60" hai2="42,71,24,14,28,56,94,37,41,40,66,54,134" hai3="6,67,31,113,75,121,46,10,104,101,126,9,30"/><U125/><E38/><V89/><F134/><W107/><G75/><T29/><D109/><U79/><E125/><V16/><F37/><W131/><G113/><T7/><D106/><U32/><E112/><V50/><F71/><W105/><G121/><T2/><D135/><U0/><E123/><V103/><F103/><W17/><G126/><T34/><D114/><U132/><E132/><V119/><F66/><W63/><G131/><T78/><D78/><U64/><E116/><V80/><F80/><W96/><G46/><T45/><D2/><U128/><E128/><V44/><F119/><W81/><G81/><T62/><D18/><U8/><E0/><V43/><F24/><W73/><G73/><T108/><D108/><U92/><E32/><V19/><F28/><W90/><G90/><T52/><D59/><U61/><E61/><V127/><F127/><W4/><G17/><T110/><D110/><U77/><E49/><N who="2" m="30799" /><F14/><W124/><G124/><T53/><D53/><U33/><E33/><V23/><F23/><W36/><G36/><T120/><D120/><U115/><E115/><V91/><F91/><W122/><G122/><T74/><D74/><U130/><E25/><V118/><F118/><W93/><G10/><T83/><D34/><U51/><E130/><V84/><AGARI ba="2,0" hai="16,19,40,41,42,43,44,50,84,89,94" m="30799" machi="84" ten="30,2000,0" yaku="8,1,54,1" doraHai="95" who="2" fromWho="2" sc="151,-7,417,-12,101,26,331,-7" /><INIT seed="2,0,0,0,1,34" ten="144,405,127,324" oya="2" hai0="2,26,41,11,8,6,120,1,91,89,36,28,29" hai1="68,67,98,100,15,127,18,24,97,39,33,55,92" hai2="65,62,50,0,16,114,13,12,123,73,83,45,25" hai3="63,93,104,101,70,99,59,47,27,75,132,31,76"/><V78/><F123/><W102/><G132/><T64/><D120/><U51/><E127/><V49/><F114/><W118/><G118/><T46/><D64/><U4/><E39/><V54/><F0/><W125/><G125/><T19/><D19/><U105/><E4/><V130/><F130/><W43/><G76/><T116/><D116/><U9/><E68/><V122/><F122/><W126/><G102/><T85/><D26/><U107/><E67/><V121/><F121/><W113/><G126/><T90/><D85/><U3/><E3/><V48/><F25/><W37/><G113/><T88/><N who="0" m="23040" /><DORA hai="32" /><T133/><REACH who="0" step="1"/><D133/><REACH who="0" ten="134,405,127,324" step="2"/><U21/><E33/><V119/><F119/><W124/><G124/><T96/><D96/><U79/><E98/><V86/><F73/><W35/><G75/><T95/><D95/><U128/><E128/><V108/><F108/><W129/><G93/><T103/><D103/><U71/><E71/><V131/><F131/><W110/><G129/><T69/><D69/><U81/><E105/><V23/><REACH who="2" step="1"/><F12/><REACH who="2" ten="134,405,117,324" step="2"/><W44/><G110/><T38/><D38/><U87/><E107/><V111/><F111/><W14/><G14/><T42/><D42/><U52/><REACH who="1" step="1"/><E51/><REACH who="1" ten="134,395,117,324" step="2"/><V58/><AGARI ba="0,3" hai="13,16,23,45,48,49,50,54,58,62,65,78,83,86" machi="58" ten="20,18000,2" yaku="1,1,0,1,7,1,8,1,54,1,53,1" doraHai="34,32" doraHaiUra="84,10" who="2" fromWho="2" sc="134,-60,395,-60,117,210,324,-60" /><INIT seed="2,1,0,3,3,78" ten="74,335,327,264" oya="2" hai0="15,56,125,130,24,60,101,110,8,39,53,43,135" hai1="118,14,4,2,9,88,52,95,63,116,66,112,30" hai2="128,70,133,73,103,3,37,57,59,114,13,45,23" hai3="1,32,85,49,107,106,131,40,7,72,28,6,81"/><V98/><F70/><W31/><G72/><T91/><D110/><U124/><E124/><V97/><F3/><W29/><G32/><T46/><D125/><U64/><E112/><V41/><F73/><W34/><G34/><T48/><D135/><U111/><E111/><V79/><F114/><W65/><G65/><T36/><D130/><U123/><E123/><V90/><F128/><W108/><G108/><T82/><D101/><U115/><E115/><V71/><F71/><W67/><G67/><T102/><D102/><U16/><E30/><V83/><F133/><W17/><G17/><T12/><D12/><U54/><E118/><V94/><F23/><W75/><G75/><T86/><D24/><U27/><E116/><V129/><F129/><W11/><G7/><T44/><D44/><U58/><E54/><V87/><REACH who="2" step="1"/><F13/><REACH who="2" ten="74,335,317,264" step="2"/><N who="3" m="5367" /><G131/><T132/><REACH who="0" step="1"/><D132/><REACH who="0" ten="64,335,317,264" step="2"/><U121/><E2/><V120/><F120/><W117/><G1/><T80/><D80/><U25/><E121/><V50/><F50/><W119/><G117/><T77/><D77/><U109/><E109/><V113/><F113/><W55/><G119/><T96/><D96/><N who="1" m="57447" /><E27/><V74/><F74/><W20/><G49/><T134/><D134/><U105/><E25/><V68/><F68/><W61/><G81/><T5/><AGARI ba="1,2" hai="5,8,15,36,39,43,46,48,53,56,60,82,86,91" machi="5" ten="20,8000,1" yaku="1,1,0,1,7,1,52,1,53,1" doraHai="78" doraHaiUra="51" who="0" fromWho="0" sc="64,103,335,-21,317,-41,264,-21" /><INIT seed="3,0,0,3,2,12" ten="167,314,276,243" oya="3" hai0="39,109,100,119,10,46,131,3,114,110,118,123,116" hai1="70,51,68,111,101,71,106,135,102,69,11,35,8" hai2="48,79,133,18,77,88,45,89,62,20,27,50,85" hai3="60,78,87,52,54,47,65,7,31,63,125,83,37"/><W113/><G113/><T1/><D100/><U94/><E111/><N who="0" m="42505" /><D114/><U107/><E135/><V42/><F133/><W81/><G125/><T33/><D123/><U115/><E115/><V14/><F62/><W99/><G31/><T84/><D84/><U13/><E35/><V21/><F50/><W105/><G83/><T4/><D3/><U129/><E129/><V59/><F59/><W132/><G132/><T92/><D92/><U121/><E121/><V95/><F89/><W120/><G120/><T26/><D131/><U117/><E117/><V91/><F91/><W66/><G7/><T23/><D46/><U43/><N who="1" m="17408" /><DORA hai="0" /><U53/><E43/><V74/><F74/><W55/><G105/><T15/><D39/><U56/><E11/><V28/><AGARI ba="0,0" hai="14,18,20,21,27,28,42,45,48,77,79,85,88,95" machi="28" ten="20,8000,1" yaku="0,1,7,1,8,1,52,1,54,1" doraHai="12,0" who="2" fromWho="2" sc="167,-20,314,-20,276,80,243,-40" owari="147,-35.0,294,9.0,356,46.0,203,-20.0" /></mjloggm>