<mjloggm ver="2.3"><GO type="97" lobby="0"/><UN n0="%E5%B0%B1%E6%B4%BB%E7%94%9F%40%E5%B7%9D%E6%9D%91%E8%BB%8D%E5%9B%A3" n1="%4A%E3%83%BB%E3%82%AF%E3%83%AD%E3%82%B9" n2="%48%52%4B%61%75%69" n3="%79%61%73%65%61%6B%61%73" dan="15,16,14,15" rate="2058.27,2095.91,1886.27,2033.90" sx="M,M,M,M"/><TAIKYOKU oya="0"/><INIT seed="0,0,0,3,1,61" ten="250,250,250,250" oya="0" hai0="101,122,26,98,43,18,56,3,121,1,65,107,30" hai1="127,21,2,38,29,132,104,25,64,22,9,93,116" hai2="112,40,57,11,6,81,63,88,120,0,130,48,51" hai3="16,99,39,111,110,106,102,41,96,83,118,125,95"/><T14/><D43/><U27/><E104/><V115/><F120/><W4/><G4/><T13/><D1/><U123/><E116/><V80/><F130/><W42/><G118/><T72/><D3/><U34/><E34/><V71/><F81/><W84/><G125/><T85/><D72/><U113/><E38/><V74/><F71/><W94/><G39/><T62/><D85/><U129/><E123/><V20/><F20/><W131/><G131/><T7/><D7/><U91/><E113/><V75/><F75/><W87/><G106/><T76/><D76/><U17/><E132/><V47/><F51/><W134/><G134/><T70/><D14/><U89/><E129/><V36/><F48/><W58/><G58/><T108/><D56/><U135/><E127/><V126/><F126/><W92/><G42/><T100/><D100/><U31/><E135/><V82/><F82/><W33/><G41/><T28/><D28/><U54/><E54/><V44/><F44/><W69/><G69/><T12/><D12/><U67/><E2/><V73/><F73/><W52/><G52/><T68/><D68/><U15/><REACH who="1" step="1"/><E91/><REACH who="1" ten="250,240,250,250" step="2"/><V19/><F88/><W32/><G33/><N who="0" m="20695" /><D108/><N who="3" m="41513" /><G32/><T97/><D97/><AGARI ba="0,1" hai="9,15,17,21,22,25,27,29,31,64,67,89,93,97" machi="97" ten="30,16000,3" yaku="1,1,7,1,9,1,8,1,52,2,53,2" doraHai="61" doraHaiUra="24" who="1" fromWho="0" sc="250,-160,240,170,250,0,250,0" /><INIT seed="1,0,0,1,0,31" ten="90,410,250,250" oya="1" hai0="98,1,58,69,65,130,87,75,57,78,16,132,70" hai1="72,116,25,106,53,41,49,135,89,36,118,64,46" hai2="123,124,20,22,102,93,85,61,59,30,32,26,127" hai3="108,88,77,9,92,21,28,15,50,66,109,114,121"/><U0/><E135/><V74/><F74/><W112/><G121/><T95/><D1/><U73/><E106/><V17/><F123/><W13/><G66/><T71/><D130/><U119/><E64/><V51/><F51/><W131/><G77/><T3/><D3/><U134/><E0/><V45/><F45/><W91/><G131/><T56/><D132/><U29/><E134/><V12/><F85/><W60/><G60/><T97/><D65/><U40/><E89/><V96/><REACH who="2" step="1"/><F22/><REACH who="2" ten="90,410,240,250" step="2"/><W83/><G50/><T107/><D107/><U67/><E41/><V113/><F113/><W115/><G112/><T62/><D75/><U128/><E128/><V63/><F63/><W76/><G114/><T11/><D62/><U24/><E73/><V90/><F90/><W104/><G91/><T100/><D97/><U37/><E72/><V44/><F44/><W4/><G88/><T19/><REACH who="0" step="1"/><D11/><REACH who="0" ten="80,410,240,250" step="2"/><U111/><E118/><V54/><AGARI ba="0,2" hai="12,17,20,26,30,32,54,59,61,93,96,102,124,127" machi="54" ten="30,4000,0" yaku="1,1,0,1,52,1,53,0" doraHai="31" doraHaiUra="122" who="2" fromWho="2" sc="80,-10,410,-20,240,60,250,-10" /><INIT seed="2,0,0,2,0,120" ten="70,390,300,240" oya="2" hai0="16,91,83,88,46,18,21,114,117,101,50,86,84" hai1="63,61,2,134,17,47,129,100,131,25,132,68,103" hai2="41,72,19,24,49,127,54,79,14,74,102,98,73" hai3="9,93,126,111,59,96,53,97,48,33,87,52,5"/><V78/><F127/><W90/><G126/><T20/><D114/><U12/><E2/><V76/><F41/><W35/><G111/><T92/><D117/><U23/><E47/><V60/><F60/><N who="1" m="23113" /><E68/><V6/><F24/><W94/><G53/><T122/><D122/><U125/><E125/><V44/><F6/><W89/><REACH who="3" step="1"/><G87/><REACH who="3" ten="70,390,300,230" step="2"/><T7/><D7/><U130/><E12/><AGARI ba="0,1" hai="5,9,12,33,35,48,52,59,89,90,93,94,96,97" machi="12" ten="30,8000,1" yaku="1,1,2,1,7,1,9,1,54,1,53,0" doraHai="120" doraHaiUra="42" who="3" fromWho="1" sc="70,0,390,-80,300,0,230,90" /><INIT seed="3,0,0,0,3,98" ten="70,310,300,320" oya="3" hai0="89,5,2,44,63,62,132,40,112,82,65,18,125" hai1="19,13,12,85,9,126,72,51,86,67,117,121,21" hai2="39,14,135,71,29,1,113,60,0,22,53,46,6" hai3="84,25,75,30,3,28,131,90,110,17,122,127,92"/><W36/><G122/><T8/><D112/><U7/><E72/><V47/><F113/><W96/><G36/><T73/><D125/><U42/><E121/><V115/><F115/><W124/><G75/><T37/><D132/><U134/><E126/><N who="3" m="48170" /><G3/><T43/><D43/><U10/><E134/><V34/><F135/><W48/><G131/><T38/><D38/><U20/><E117/><V50/><F34/><W59/><G110/><T114/><D114/><U91/><E67/><V99/><F99/><W129/><G129/><T81/><D18/><N who="1" m="8463" /><E86/><V77/><F77/><W119/><G17/><T133/><D133/><U15/><E21/><V23/><F23/><W11/><G119/><T123/><D123/><U31/><E31/><V100/><F100/><N who="3" m="60423" /><G30/><T68/><D63/><U16/><E19/><V88/><F88/><W107/><G107/><T106/><D106/><U105/><E105/><V57/><F71/><W101/><G101/><T76/><D82/><N who="1" m="49591" /><E42/><V26/><F6/><W70/><G25/><T97/><D97/><U128/><E128/><V93/><F14/><W58/><G28/><T45/><D45/><U109/><E109/><V116/><F116/><W102/><G102/><T120/><D120/><U66/><E66/><V27/><F27/><W24/><G24/><T52/><REACH who="0" step="1"/><D89/><REACH who="0" ten="60,310,300,320" step="2"/><U4/><E4/><V78/><F78/><W55/><G90/><T104/><D104/><U61/><E61/><V35/><F35/><W80/><G80/><T130/><D130/><U64/><E64/><N who="2" m="38927" /><F93/><W118/><G118/><T74/><D74/><U56/><E51/><N who="2" m="28919" /><F39/><W79/><G79/><RYUUKYOKU ba="0,1" sc="60,10,310,10,300,10,320,-30" hai0="2,5,8,37,40,44,52,62,65,68,73,76,81" hai1="7,10,13,15,16,20,56" hai2="0,1,22,26,29,47,50" owari="70,-43.0,330,43.0,310,11.0,290,-11.0" /></mjloggm>