<mjloggm ver="2.3"><GO type="169" lobby="0"/><UN n0="%E5%A4%A2%E5%B9%BB%E7%A7%A6" n1="%E3%82%86%E3%81%86%E3%81%B4" n2="%E3%82%BF%E3%82%B1%E3%82%AA%E3%81%97%E3%82%83%E3%82%93" n3="%E3%82%A6%E3%83%AB%E3%83%88%E3%83%A9%E7%AB%8B%E7%9B%B4" dan="16,16,18,16" rate="2153.26,2092.87,2187.47,2110.15" sx="M,M,M,M"/><TAIKYOKU oya="0"/><INIT seed="0,0,0,5,5,93" ten="250,250,250,250" oya="0" hai0="127,91,111,113,117,94,90,62,83,41,28,70,31" hai1="42,44,106,7,101,99,36,48,67,78,3,18,61" hai2="118,84,6,82,54,23,65,68,135,4,107,25,86" hai3="40,63,21,96,10,98,95,80,24,81,97,29,131"/><T75/><D41/><U39/><E18/><V32/><F32/><W102/><G131/><T35/><D75/><U38/><E78/><V49/><F135/><W15/><G40/><T1/><D1/><U47/><E48/><V88/><F107/><W43/><G43/><T72/><D117/><U34/><E47/><N who="2" m="27967" /><F68/><W125/><G125/><T77/><D127/><U124/><E34/><V11/><F118/><W17/><G63/><T116/><D116/><U100/><E100/><V114/><F114/><W74/><G74/><T52/><D70/><N who="1" m="42351" /><E124/><V66/><F84/><W37/><G37/><T55/><D113/><U105/><E105/><V123/><F123/><W50/><G50/><T122/><D122/><U57/><E57/><V8/><F8/><AGARI ba="0,0" hai="3,7,8,36,38,39,42,44,99,101,106" m="42351" machi="8" ten="30,3900,0" yaku="33,2,52,1" doraHai="93" who="1" fromWho="2" sc="250,0,250,39,250,-39,250,0" /><INIT seed="1,0,0,0,3,16" ten="250,289,211,250" oya="1" hai0="130,52,78,80,75,97,43,118,134,28,41,104,9" hai1="3,61,13,62,0,14,39,38,106,117,112,102,49" hai2="22,63,60,109,29,85,125,94,59,27,74,128,7" hai3="69,100,64,87,25,20,17,105,2,91,95,12,70"/><U50/><E102/><V76/><F125/><W73/><G2/><T4/><D28/><U44/><E44/><V68/><F128/><W122/><G122/><T86/><D130/><U40/><E40/><V93/><F109/><W123/><G123/><T31/><D118/><U10/><E10/><V133/><F133/><W99/><G64/><T101/><D134/><U126/><E126/><V65/><F7/><W58/><G58/><T48/><D31/><U115/><REACH who="1" step="1"/><E106/><REACH who="1" ten="250,279,211,250" step="2"/><V81/><REACH who="2" step="1"/><F74/><REACH who="2" ten="250,279,201,250" step="2"/><W51/><G73/><T77/><D75/><U30/><E30/><V32/><F32/><W135/><G135/><T45/><REACH who="0" step="1"/><D78/><REACH who="0" ten="240,279,201,250" step="2"/><U55/><E55/><AGARI ba="0,3" hai="22,27,29,55,59,60,63,65,68,76,81,85,93,94" machi="55" ten="30,3900,0" yaku="1,1,7,1,52,1,53,0" doraHai="16" doraHaiUra="34" who="2" fromWho="1" sc="240,0,279,-39,201,69,250,0" /><INIT seed="2,0,0,1,2,96" ten="240,240,270,250" oya="2" hai0="95,57,94,11,85,2,35,73,78,118,121,80,108" hai1="93,22,24,62,125,5,13,110,115,100,71,101,127" hai2="104,43,133,14,37,113,26,116,44,32,42,109,34" hai3="129,15,47,105,4,39,67,63,20,132,102,30,46"/><V106/><F113/><W59/><G129/><T56/><D35/><U0/><E115/><V124/><F116/><W98/><G132/><T76/><D108/><U103/><E0/><V107/><F133/><W38/><G4/><T3/><D73/><U55/><E110/><V90/><F109/><W134/><G134/><T88/><D121/><U68/><E93/><V58/><F124/><N who="1" m="47689" /><E55/><V6/><F58/><W83/><G83/><T61/><D57/><U91/><E91/><V130/><F130/><W81/><G81/><T79/><D118/><U18/><E62/><V72/><F90/><W82/><G82/><T122/><D3/><U45/><E45/><V27/><F72/><W128/><G128/><T111/><D122/><U7/><E5/><V10/><REACH who="2" step="1"/><F43/><REACH who="2" ten="240,240,260,250" step="2"/><W112/><G112/><T99/><D111/><U65/><E65/><V19/><F19/><W40/><G40/><T49/><D79/><U50/><E50/><V28/><F28/><W120/><G120/><T64/><D49/><U16/><E7/><V75/><F75/><W123/><G123/><T77/><D2/><U25/><E25/><AGARI ba="0,1" hai="6,10,14,25,26,27,32,34,37,42,44,104,106,107" machi="25" ten="40,2000,0" yaku="1,1,53,0" doraHai="96" doraHaiUra="74" who="2" fromWho="1" sc="240,0,240,-20,260,30,250,0" /><INIT seed="2,1,0,4,3,135" ten="240,220,290,250" oya="2" hai0="88,51,103,100,71,33,14,54,114,72,55,78,108" hai1="118,24,91,74,85,3,46,1,69,89,6,12,126" hai2="17,30,34,31,110,2,129,52,5,112,7,130,20" hai3="66,64,41,92,80,45,43,42,116,83,81,124,102"/><V123/><F123/><W107/><G116/><T132/><D33/><U87/><E74/><V36/><F36/><W21/><G107/><T90/><D71/><U122/><E69/><V9/><F112/><W26/><G45/><T82/><D114/><U96/><E122/><V76/><F76/><W59/><G59/><T79/><D132/><U28/><E118/><V84/><F84/><W65/><G124/><T121/><D121/><U133/><E126/><V15/><F110/><W97/><G21/><T120/><D120/><U94/><E46/><V113/><F113/><W50/><G50/><T16/><D108/><U115/><E115/><V131/><F52/><W75/><G75/><T32/><D32/><U56/><E56/><V86/><F86/><W70/><G70/><T47/><D79/><U27/><E96/><V4/><F34/><W18/><G18/><T99/><D103/><U134/><E12/><N who="2" m="9255" /><F2/><W119/><G119/><T98/><D98/><U106/><E106/><V105/><F105/><W125/><G125/><T44/><D100/><U37/><E37/><V62/><F62/><W19/><REACH who="3" step="1"/><G19/><AGARI ba="1,0" hai="4,5,7,9,15,19,30,31,129,130,131" m="9255" machi="19" ten="40,7700,0" yaku="19,1,34,2" doraHai="135" who="2" fromWho="3" sc="240,0,220,0,290,80,250,-80" /><INIT seed="2,2,0,0,4,132" ten="240,220,370,170" oya="2" hai0="74,55,25,135,121,39,43,49,119,120,33,86,45" hai1="111,19,124,40,87,105,15,117,14,47,50,11,92" hai2="28,64,113,83,35,84,36,68,31,70,77,54,104" hai3="9,110,72,4,73,125,1,10,5,52,131,107,89"/><V94/><F104/><W103/><G110/><T12/><D74/><N who="3" m="28777" /><G89/><T80/><D119/><U65/><E105/><V99/><F113/><W57/><G131/><T109/><D109/><U62/><E111/><V115/><F115/><W22/><G22/><T63/><D135/><U98/><E117/><V100/><F36/><W66/><G52/><T129/><D63/><U38/><E38/><V102/><F35/><W34/><G57/><T18/><D129/><U32/><E32/><V53/><F70/><W81/><G81/><T93/><D93/><U13/><E87/><V91/><F68/><W114/><G66/><T60/><D60/><U101/><E124/><V97/><F64/><W108/><G108/><T75/><D75/><U42/><REACH who="1" step="1"/><E42/><REACH who="1" ten="240,210,370,170" step="2"/><V46/><F77/><W127/><G34/><T61/><D39/><U16/><E16/><V69/><F31/><W58/><G114/><T71/><D43/><U48/><E48/><V21/><F28/><W30/><G30/><T85/><D61/><U20/><E20/><V41/><F21/><W24/><G24/><T130/><D71/><AGARI ba="2,1" hai="11,13,14,15,19,40,47,50,62,65,71,92,98,101" machi="71" ten="30,2000,0" yaku="1,1,7,1,53,0" doraHai="132" doraHaiUra="128" who="1" fromWho="0" sc="240,-26,210,36,370,0,170,0" /><INIT seed="3,0,0,0,4,46" ten="214,246,370,170" oya="3" hai0="43,15,36,83,51,52,104,80,96,32,121,44,35" hai1="33,105,107,95,38,30,112,62,49,68,117,50,26" hai2="130,94,111,125,69,101,100,86,8,41,132,27,76" hai3="55,56,79,87,0,99,60,126,58,110,78,20,47"/><W97/><G0/><T98/><D104/><U128/><E112/><V45/><F69/><W24/><G126/><T48/><D121/><U21/><E38/><V16/><F125/><W4/><G110/><T89/><D36/><U71/><E128/><V108/><F130/><W9/><G47/><T28/><D28/><U63/><E95/><V59/><F59/><W90/><G58/><T67/><D67/><U37/><E37/><V40/><F132/><W18/><G9/><T123/><D123/><U53/><E117/><V66/><F66/><W31/><G4/><T57/><D15/><U12/><E107/><V114/><F114/><W2/><G2/><T29/><D29/><U118/><E53/><V34/><F41/><W42/><G42/><T103/><D103/><U135/><E135/><V10/><F10/><W75/><G31/><T6/><D6/><U116/><E105/><V11/><F11/><W109/><G109/><T131/><D131/><U23/><E12/><V84/><F8/><W82/><G75/><T39/><D39/><U25/><E30/><V124/><F40/><W120/><G120/><T102/><D102/><U54/><E54/><V64/><F64/><W14/><G14/><T93/><REACH who="0" step="1"/><D98/><AGARI ba="0,0" hai="18,20,24,55,56,60,78,79,82,87,90,97,98,99" machi="98" ten="40,2000,0" yaku="8,1" doraHai="46" who="3" fromWho="0" sc="214,-20,246,0,370,0,170,20" /><INIT seed="3,1,0,2,0,20" ten="194,246,370,190" oya="3" hai0="120,118,13,41,75,109,80,107,69,27,82,21,119" hai1="98,132,106,113,11,81,122,45,23,62,48,44,8" hai2="91,9,3,15,18,134,26,12,117,99,16,88,67" hai3="49,96,73,128,33,102,93,83,65,4,24,37,38"/><W70/><G128/><T51/><D69/><U1/><E122/><V43/><F117/><W54/><G4/><T78/><D120/><U114/><E62/><V85/><F3/><W34/><G65/><T56/><D107/><U39/><E132/><V127/><F67/><W112/><G70/><T30/><D82/><U97/><E23/><N who="2" m="13687" /><F43/><W25/><G112/><T57/><D109/><U7/><E81/><N who="2" m="49199" /><F127/><W61/><G61/><T58/><REACH who="0" step="1"/><D13/><REACH who="0" ten="184,246,370,190" step="2"/><U121/><E121/><V130/><F12/><W17/><G83/><T103/><D103/><U42/><E106/><V135/><F130/><W36/><G73/><T116/><D116/><U31/><E114/><V47/><F135/><W53/><G17/><T133/><D133/><U84/><E113/><V22/><F134/><W115/><G115/><T123/><D123/><U52/><E31/><V86/><F9/><W32/><REACH who="3" step="1"/><G54/><REACH who="3" ten="184,246,370,180" step="2"/><T68/><D68/><U74/><E74/><V63/><F16/><W131/><G131/><T6/><D6/><U108/><E7/><V35/><F15/><W28/><G28/><T64/><D64/><U89/><E1/><V100/><F100/><W111/><G111/><T60/><D60/><U14/><E108/><V104/><F63/><W40/><G40/><T124/><D124/><U105/><E14/><V94/><F91/><W72/><G72/><T77/><D77/><U95/><E89/><V0/><F0/><W76/><G76/><T19/><D19/><U10/><E105/><V87/><F104/><W90/><G90/><T5/><D5/><U125/><E125/><V101/><F101/><RYUUKYOKU ba="1,2" sc="184,10,246,10,370,-30,180,10" hai0="21,27,30,41,51,56,57,58,75,78,80,118,119" hai1="8,10,11,39,42,44,45,48,52,84,95,97,98" hai3="24,25,32,33,34,36,37,38,49,53,93,96,102" /><INIT seed="3,2,2,1,5,49" ten="194,256,340,190" oya="3" hai0="31,131,15,125,10,123,105,70,99,72,33,1,90" hai1="119,6,129,16,8,17,127,128,100,133,9,19,2" hai2="53,68,0,87,92,3,34,48,75,51,85,18,13" hai3="5,106,28,61,73,30,78,27,63,95,124,71,12"/><W40/><G106/><T130/><D90/><U134/><E100/><V4/><F68/><W20/><G124/><T81/><D15/><U24/><E119/><V67/><F67/><W36/><G71/><T38/><D81/><U44/><E44/><V113/><F75/><W64/><G64/><T82/><D82/><U86/><E86/><V101/><F34/><W52/><G73/><T121/><D72/><U103/><E103/><V88/><F48/><W110/><G78/><T25/><D38/><U45/><E45/><V60/><F60/><N who="3" m="23115" /><G40/><T21/><D21/><U84/><E84/><V59/><F4/><W47/><G36/><T57/><D57/><U26/><E127/><V66/><F66/><W23/><G95/><T7/><D70/><U41/><E41/><V50/><F113/><W96/><G96/><T54/><D125/><U35/><E9/><V112/><F112/><W111/><G110/><T32/><D32/><U37/><E37/><V107/><F50/><N who="3" m="28767" /><G111/><T80/><D80/><U93/><E93/><V77/><F77/><W79/><G79/><T83/><D83/><U42/><E42/><V69/><F69/><W55/><G55/><T62/><D62/><U135/><E35/><V109/><F109/><W132/><G132/><T117/><D54/><U94/><E94/><V65/><F65/><W97/><G97/><T120/><REACH who="0" step="1"/><D117/><REACH who="0" ten="184,256,340,190" step="2"/><U104/><REACH who="1" step="1"/><E104/><REACH who="1" ten="184,246,340,190" step="2"/><V114/><F107/><W76/><G76/><T39/><D39/><U29/><E29/><N who="3" m="11370" /><G27/><AGARI ba="2,4" hai="2,6,8,16,17,19,24,26,27,128,129,133,134,135" machi="27" ten="50,12000,2" yaku="1,1,20,1,34,3,54,1,53,0" doraHai="49" doraHaiUra="108" who="1" fromWho="3" sc="184,0,246,166,340,0,190,-126" /><INIT seed="4,0,0,0,1,63" ten="184,412,340,64" oya="0" hai0="128,22,43,53,50,126,51,92,99,83,4,65,72" hai1="19,39,28,15,113,115,3,6,122,112,121,29,57" hai2="34,117,21,107,96,105,47,69,1,110,82,36,45" hai3="130,75,98,79,37,8,80,101,84,106,135,48,77"/><T71/><D4/><U123/><E39/><V33/><F21/><W5/><G37/><T2/><D2/><U73/><E73/><V11/><F110/><W60/><G130/><T120/><D128/><U132/><E132/><V86/><F117/><W40/><G135/><T108/><D120/><U41/><E41/><V55/><F55/><W97/><G97/><T24/><D108/><U46/><E46/><V104/><F96/><W20/><G20/><T100/><D126/><U133/><E57/><V103/><F103/><W81/><G60/><T23/><D23/><N who="1" m="11775" /><E133/><V129/><F129/><W9/><REACH who="3" step="1"/><G5/><REACH who="3" ten="184,412,340,54" step="2"/><T68/><D22/><U44/><E6/><V61/><F36/><W85/><G85/><T90/><D72/><U59/><E123/><V88/><F33/><W10/><G10/><T42/><D24/><U35/><E122/><V94/><F34/><W66/><G66/><T56/><D100/><U67/><E35/><V31/><F11/><W127/><G127/><T131/><D65/><U116/><E121/><V26/><F61/><W0/><G0/><T14/><D131/><U58/><E3/><V49/><F1/><W64/><G64/><T134/><D134/><U125/><E125/><V114/><F105/><W62/><G62/><T89/><D14/><U76/><E67/><V78/><F104/><W18/><G18/><T52/><D71/><U109/><E115/><V30/><F107/><W16/><G16/><T111/><D68/><U119/><E113/><V17/><F69/><W93/><G93/><T95/><D111/><U13/><E112/><V70/><F114/><RYUUKYOKU ba="0,1" sc="184,-10,412,-10,340,-10,54,30" hai3="8,9,40,48,75,77,79,80,81,84,98,101,106" /><INIT seed="5,1,1,1,3,106" ten="174,402,330,84" oya="1" hai0="15,17,108,35,6,128,81,59,3,36,109,104,77" hai1="80,37,118,117,131,133,125,99,135,69,11,98,65" hai2="122,60,89,48,5,1,61,78,7,13,14,50,96" hai3="27,42,63,19,2,120,64,49,94,85,132,46,56"/><U12/><E37/><V84/><F122/><W68/><G120/><T73/><D35/><U71/><E80/><V111/><F78/><W51/><G132/><N who="1" m="50762" /><E65/><V76/><F76/><W123/><G2/><T8/><D104/><U97/><E131/><V83/><F1/><W75/><G123/><T24/><D128/><U101/><E101/><V16/><F96/><W67/><G75/><T116/><D116/><N who="1" m="44651" /><E125/><V54/><F50/><W31/><G19/><AGARI ba="1,1" hai="11,12,19,69,71,97,98,99" m="44651,50762" machi="19" ten="40,2000,0" yaku="20,1" doraHai="106" who="1" fromWho="3" sc="174,0,402,33,330,0,84,-23" /><INIT seed="5,2,0,0,5,76" ten="174,435,330,61" oya="1" hai0="123,89,53,33,7,61,103,83,132,18,64,15,73" hai1="118,110,43,134,108,96,60,114,91,112,59,130,22" hai2="49,17,133,71,115,5,14,72,20,75,124,84,56" hai3="36,31,116,44,45,34,77,55,1,119,78,47,6"/><U98/><E118/><V121/><F71/><W32/><G36/><T35/><D7/><U113/><E43/><V16/><F121/><W4/><G55/><T92/><D123/><U8/><E8/><V12/><F5/><N who="3" m="2155" /><G31/><T52/><D103/><U67/><E134/><V62/><F133/><W122/><G122/><T85/><D132/><U46/><E46/><N who="3" m="11778" /><W13/><DORA hai="50" /><G13/><T129/><D129/><U51/><E51/><V97/><F49/><W48/><G48/><T100/><D35/><N who="3" m="13353" /><G1/><T3/><D33/><U10/><E130/><V128/><F128/><W86/><G86/><T107/><D3/><U24/><E10/><V117/><F84/><W135/><G135/><T82/><D73/><U23/><E23/><V101/><F117/><AGARI ba="2,0" hai="77,78,116,117,119" m="13353,11778,2155" machi="117" ten="40,5200,0" yaku="28,2,12,1" doraHai="76,50" who="3" fromWho="2" sc="174,0,435,0,330,-58,61,58" /><INIT seed="6,0,0,4,0,80" ten="174,435,272,119" oya="2" hai0="3,37,4,38,92,90,40,8,11,126,68,81,23" hai1="46,10,130,33,82,119,45,18,77,104,58,20,118" hai2="56,78,120,131,114,32,35,62,26,36,86,64,111" hai3="122,124,134,107,17,89,85,108,15,100,66,88,69"/><V113/><F36/><W52/><G122/><T54/><D68/><U21/><E33/><V83/><F120/><W133/><G108/><T125/><D81/><U50/><E104/><V59/><F131/><W71/><G124/><T51/><D40/><U79/><E130/><V115/><F111/><W9/><G100/><T2/><D23/><U128/><E128/><V1/><F1/><W5/><G107/><T74/><D74/><U65/><E79/><V101/><F101/><W94/><G89/><T67/><D67/><U106/><E106/><V97/><F97/><W41/><G41/><T63/><D63/><U93/><E93/><V75/><F75/><W72/><G72/><T127/><D11/><U123/><E123/><V55/><REACH who="2" step="1"/><F26/><REACH who="2" ten="174,435,262,119" step="2"/><W103/><G103/><T70/><D2/><U44/><E119/><V31/><F31/><W7/><G69/><T61/><D70/><U102/><E102/><V42/><F42/><W95/><G71/><T28/><D28/><U112/><E118/><V73/><F73/><W12/><G133/><T6/><D6/><U48/><E112/><V110/><F110/><W30/><G30/><T39/><D39/><U57/><E65/><V105/><F105/><W76/><G66/><T29/><D29/><U25/><E25/><V27/><F27/><W43/><G43/><T60/><D38/><U129/><E129/><V135/><F135/><W99/><G134/><T91/><D37/><U19/><E50/><AGARI ba="0,1" hai="32,35,50,55,56,59,62,64,78,83,86,113,114,115" machi="50" ten="40,7700,0" yaku="1,1,15,1,52,1,53,0" doraHai="80" doraHaiUra="16" who="2" fromWho="1" sc="174,0,435,-77,262,87,119,0" /><INIT seed="6,1,0,3,5,45" ten="174,358,349,119" oya="2" hai0="78,124,52,84,17,27,22,30,29,126,77,105,111" hai1="19,65,95,85,4,93,90,132,103,102,64,49,10" hai2="31,96,80,88,62,21,11,110,123,100,122,94,120" hai3="37,55,73,16,135,129,115,2,8,51,18,61,98"/><V101/><F110/><W58/><G73/><T130/><D105/><U41/><E132/><V1/><F62/><W46/><G135/><T76/><D111/><U60/><E19/><V56/><F56/><W68/><G129/><T26/><D130/><U36/><E36/><V28/><F21/><W0/><G115/><T71/><D71/><U12/><E95/><V57/><F57/><W106/><G106/><T53/><D17/><U47/><E65/><V112/><F112/><W40/><G98/><T128/><D128/><U114/><E114/><V14/><F1/><W7/><G0/><T13/><D13/><U99/><E99/><V113/><F113/><W39/><G39/><T104/><D104/><U107/><E107/><V89/><F89/><W3/><G3/><T35/><REACH who="0" step="1"/><D84/><REACH who="0" ten="164,358,349,119" step="2"/><U119/><E119/><V25/><F122/><W75/><REACH who="3" step="1"/><G75/><REACH who="3" ten="164,358,349,109" step="2"/><T67/><D67/><AGARI ba="1,2" hai="2,7,8,16,18,37,40,46,51,55,58,61,67,68" machi="67" ten="40,12000,2" yaku="1,1,2,1,24,2,52,1,54,1,53,1" doraHai="45" doraHaiUra="38" who="3" fromWho="0" sc="164,-123,358,0,349,0,109,143" /><INIT seed="7,0,0,0,0,77" ten="41,358,349,252" oya="3" hai0="103,35,94,60,80,56,25,27,82,31,46,18,39" hai1="74,110,7,54,47,57,41,67,130,109,52,126,40" hai2="105,90,0,48,34,64,15,21,135,97,128,50,78" hai3="6,12,28,120,76,43,62,85,111,88,51,131,87"/><W133/><G120/><T83/><D39/><U102/><E74/><V73/><F34/><W49/><G131/><T36/><D36/><U106/><E106/><V72/><F0/><W104/><G104/><T14/><D27/><U5/><E102/><V22/><F64/><W30/><G133/><T114/><D46/><U58/><E67/><V69/><F69/><W116/><G116/><T26/><D26/><U123/><E123/><V9/><F128/><W92/><G62/><T29/><D29/><U4/><E130/><V70/><F70/><W38/><G38/><T75/><D114/><U23/><E23/><V33/><F33/><W95/><G111/><N who="1" m="42506" /><E47/><V2/><F2/><W44/><G51/><T68/><D68/><U8/><E8/><V20/><F135/><W65/><G65/><T79/><D94/><U117/><E126/><V89/><F105/><W53/><G43/><N who="1" m="16458" /><E117/><V86/><F72/><W108/><G108/><T113/><D103/><U134/><E134/><V59/><F73/><W91/><G76/><T127/><D113/><U66/><E66/><V1/><F1/><W115/><G115/><T37/><D37/><U122/><E122/><V3/><F3/><W13/><G13/><T118/><D127/><U107/><E107/><V17/><F78/><W71/><G71/><T32/><D32/><U119/><E119/><V125/><F125/><W24/><G24/><T11/><REACH who="0" step="1"/><D118/><REACH who="0" ten="31,358,349,252" step="2"/><U63/><E58/><V55/><F59/><W42/><G42/><T10/><D10/><AGARI ba="0,1" hai="6,10,12,28,30,44,49,53,85,87,88,91,92,95" machi="10" ten="40,7700,0" yaku="9,1,8,1,54,1" doraHai="77" who="3" fromWho="0" sc="31,-77,358,0,349,0,252,87" owari="-46,-55.0,358,46.0,349,15.0,339,-6.0" /></mjloggm>