<mjloggm ver="2.3"><GO type="169" lobby="0"/><UN n0="%E3%82%A6%E3%83%AB%E3%83%88%E3%83%A9%E7%AB%8B%E7%9B%B4" n1="%E3%83%AB%E3%82%BF%E3%82%B9%E3%82%B1" n2="%E8%B5%A4%E6%9C%A8%E3%81%97%E3%81%92%E3%82%8C" n3="%61%72%65%73%73" dan="16,16,16,16" rate="2125.18,2132.22,2067.50,2108.62" sx="M,M,M,M"/><TAIKYOKU oya="0"/><INIT seed="0,0,0,2,5,56" ten="250,250,250,250" oya="0" hai0="55,98,60,90,75,8,85,58,103,0,15,38,68" hai1="50,32,22,113,102,23,2,99,13,118,28,65,7" hai2="96,30,57,80,42,63,64,17,45,101,108,29,67" hai3="110,111,133,135,70,44,123,88,11,74,47,19,33"/><T126/><D75/><U78/><E78/><V109/><F67/><W20/><G74/><T87/><D126/><U120/><E65/><V71/><F71/><W27/><G70/><T93/><D38/><U77/><E77/><V54/><F17/><W115/><G115/><T3/><D68/><U69/><E69/><V35/><F80/><W46/><G123/><T128/><D128/><U61/><E50/><N who="2" m="26935" /><F54/><W130/><G33/><T72/><D72/><U6/><E99/><V48/><F48/><W66/><G66/><T134/><D134/><N who="3" m="51209" /><G130/><T94/><REACH who="0" step="1"/><D87/><REACH who="0" ten="240,250,250,250" step="2"/><U112/><E112/><V5/><F108/><W39/><G39/><T127/><D127/><U117/><E113/><V41/><F109/><W105/><G111/><T73/><D73/><U12/><E118/><V10/><F41/><W124/><G110/><T122/><D122/><U100/><E117/><V104/><F35/><W59/><G124/><T62/><D62/><U84/><E84/><V83/><F63/><W95/><G105/><T106/><D106/><U116/><E116/><V26/><F104/><W40/><G40/><T91/><D91/><U18/><E61/><V16/><F101/><W53/><G88/><T121/><D121/><U132/><E120/><V9/><F96/><W82/><G82/><T24/><D24/><N who="1" m="18439" /><E132/><V43/><F83/><W36/><G36/><T4/><AGARI ba="0,1" hai="0,3,4,8,15,55,58,60,85,90,93,94,98,103" machi="4" ten="20,7800,0" yaku="1,1,0,1,7,1,52,1,53,0" doraHai="56" doraHaiUra="76" who="0" fromWho="0" sc="240,88,250,-26,250,-26,250,-26" /><INIT seed="0,1,0,5,1,93" ten="328,224,224,224" oya="0" hai0="61,81,82,117,100,63,3,36,32,54,16,99,60" hai1="13,44,34,69,122,91,51,31,95,115,26,92,25" hai2="20,2,104,87,7,119,67,125,57,97,118,55,0" hai3="96,101,56,110,29,45,37,9,133,23,12,109,18"/><T116/><D36/><U68/><E122/><V84/><F67/><W120/><G133/><T39/><D39/><U42/><E115/><V77/><F20/><W41/><G120/><T131/><D3/><N who="2" m="1066" /><F7/><W19/><G56/><T126/><D32/><U128/><E128/><V107/><F125/><W80/><G80/><T49/><D131/><U47/><E13/><V79/><F87/><W40/><G29/><T30/><D30/><U50/><E25/><V10/><F10/><W14/><REACH who="3" step="1"/><G41/><REACH who="3" ten="328,224,224,214" step="2"/><T35/><D82/><U121/><E121/><V21/><F118/><W43/><G43/><T103/><D81/><U70/><E42/><V1/><F119/><W27/><G27/><T86/><D117/><U59/><E59/><V74/><F57/><W62/><G62/><T75/><D116/><U127/><E127/><V11/><F79/><W102/><G102/><T124/><D100/><U105/><E70/><V111/><F77/><W130/><G130/><T112/><D61/><U66/><E69/><V38/><F111/><W71/><G71/><T132/><D63/><U5/><E68/><V4/><F74/><W22/><G22/><T98/><D60/><U15/><E66/><V88/><F21/><W17/><G17/><T108/><D75/><U6/><E34/><V134/><F134/><W46/><G46/><N who="0" m="27959" /><D103/><U73/><E73/><V123/><F123/><W76/><G76/><T8/><D35/><U94/><E47/><V106/><F4/><W33/><G33/><T113/><D126/><U129/><E44/><V53/><F53/><W83/><G83/><T85/><D124/><RYUUKYOKU ba="1,1" sc="328,-10,224,-10,224,-10,214,30" hai3="9,12,14,18,19,23,37,40,45,96,101,109,110" /><INIT seed="1,2,1,1,1,96" ten="318,214,214,244" oya="1" hai0="79,122,50,74,31,39,109,14,60,106,17,91,97" hai1="94,128,18,24,102,7,64,115,57,27,126,116,46" hai2="62,113,23,127,125,21,1,70,15,30,72,130,68" hai3="59,55,4,95,5,13,54,88,38,114,58,75,77"/><U135/><E116/><V78/><F1/><W35/><G114/><T117/><D39/><U112/><E7/><N who="3" m="2634" /><G35/><T65/><D117/><U107/><E107/><V6/><F130/><W61/><G38/><T89/><D79/><U69/><E69/><V28/><F113/><W25/><G75/><T32/><D74/><U56/><E128/><V98/><F72/><W10/><G25/><N who="0" m="18543" /><D50/><U93/><E46/><V33/><F78/><W104/><G104/><T76/><D76/><U48/><E48/><V45/><F45/><W44/><G77/><T22/><D109/><U36/><E36/><V3/><F3/><W100/><G100/><N who="0" m="62735" /><D122/><U53/><E53/><N who="3" m="19978" /><G61/><T87/><D87/><U132/><E126/><V37/><F37/><W129/><G44/><T16/><D17/><U99/><E18/><V41/><F62/><W133/><G133/><T83/><D83/><U51/><E51/><V86/><F125/><W80/><G80/><T131/><D131/><U11/><E112/><V40/><F127/><W85/><G129/><T52/><D52/><U134/><E115/><V81/><F81/><W121/><G121/><T92/><D92/><U118/><E135/><V120/><F120/><W63/><G63/><T0/><D0/><U8/><E118/><V71/><F33/><W2/><G2/><T26/><D26/><U67/><E99/><V101/><F98/><W84/><G84/><T123/><D123/><U124/><E124/><V66/><F86/><W20/><G20/><T12/><D12/><U34/><E34/><V108/><F23/><W110/><G110/><T105/><D105/><RYUUKYOKU ba="2,1" sc="318,10,214,10,214,-30,244,10" hai0="14,16,22,60,65,89,91" hai1="8,11,24,27,56,57,64,67,93,94,102,132,134" hai3="10,13,58,59,85,88,95" /><INIT seed="1,3,1,1,3,132" ten="328,224,184,254" oya="1" hai0="92,53,38,93,21,120,24,43,71,80,17,29,127" hai1="37,116,83,57,135,33,42,95,55,102,118,86,56" hai2="69,35,97,67,51,27,106,44,87,7,49,20,100" hai3="9,1,54,10,64,117,70,15,68,60,45,58,23"/><U36/><E33/><V110/><F110/><W130/><G117/><T66/><D66/><U88/><E135/><V125/><F7/><W90/><G130/><T98/><D71/><U63/><E36/><V52/><F87/><W124/><G124/><T99/><D43/><U61/><E37/><V0/><F0/><W129/><G129/><T65/><D65/><U26/><E26/><V25/><F125/><W115/><G115/><T19/><D127/><U40/><E116/><V111/><F111/><W126/><G126/><T82/><D53/><N who="1" m="33935" /><E118/><V28/><F51/><W5/><G23/><T128/><D38/><U74/><E74/><V59/><F69/><W72/><G72/><T73/><D73/><U75/><E75/><V50/><F67/><W113/><G113/><T94/><D120/><U81/><E81/><N who="0" m="31337" /><D128/><U122/><E122/><V78/><F78/><W103/><G103/><T104/><D104/><U114/><E114/><V96/><F100/><W22/><G90/><N who="0" m="55575" /><D94/><U47/><E47/><V16/><REACH who="2" step="1"/><F106/><REACH who="2" ten="328,224,174,254" step="2"/><W123/><G64/><T119/><D119/><U107/><E107/><V2/><F2/><W6/><G123/><T41/><D41/><AGARI ba="3,2" hai="16,20,25,27,28,35,41,44,49,50,52,59,96,97" machi="41" ten="30,8000,1" yaku="1,1,7,1,54,2,53,1" doraHai="132" doraHaiUra="14" who="2" fromWho="0" sc="328,-89,224,0,174,109,254,0" /><INIT seed="2,0,0,5,5,26" ten="239,224,283,254" oya="2" hai0="34,53,60,12,67,125,123,134,37,3,93,52,30" hai1="49,131,5,33,107,108,11,22,79,85,109,112,121" hai2="13,94,99,62,104,111,7,32,29,1,65,102,73" hai3="135,100,105,118,48,75,25,44,63,2,4,40,119"/><V41/><F13/><W31/><G135/><T23/><D37/><U72/><E33/><V86/><F73/><W89/><G75/><T87/><D3/><U98/><E112/><V47/><F111/><W45/><G89/><N who="0" m="53439" /><D34/><U50/><E72/><V54/><F54/><N who="0" m="21098" /><D123/><U42/><E121/><V68/><F86/><W71/><G45/><T115/><D115/><U114/><E114/><V61/><F61/><W6/><G6/><T19/><D134/><U9/><E131/><V51/><F94/><W92/><G92/><T0/><D0/><U10/><E5/><V64/><F64/><N who="3" m="41375" /><G4/><T69/><D69/><U36/><E36/><V43/><F7/><W18/><G2/><T95/><D95/><U14/><E85/><V20/><F1/><W82/><G82/><T21/><D125/><U103/><E79/><V78/><F78/><W80/><G80/><T120/><D120/><U70/><E70/><V126/><F126/><W8/><G118/><T127/><D127/><U90/><E90/><V97/><F104/><W84/><G119/><T113/><D113/><U76/><E76/><V66/><F68/><W88/><G105/><T27/><D60/><U77/><E77/><V122/><F122/><W24/><G48/><N who="1" m="18538" /><E42/><V57/><F41/><W124/><G40/><T28/><D67/><U55/><E55/><V117/><F117/><W128/><G124/><T132/><D132/><U110/><E110/><V106/><F66/><W35/><G35/><T56/><D56/><U116/><E116/><V58/><F58/><W129/><G128/><T101/><D101/><U91/><E91/><RYUUKYOKU ba="0,0" sc="239,15,224,15,283,-15,254,-15" hai0="12,19,21,23,27,28,30" hai1="9,10,11,14,22,98,103,107,108,109" /><INIT seed="3,1,0,1,0,109" ten="254,239,268,239" oya="3" hai0="37,133,84,31,99,126,21,91,65,8,134,95,4" hai1="72,67,54,74,19,111,112,33,55,122,89,73,10" hai2="105,68,87,116,118,3,44,24,66,11,62,115,121" hai3="12,64,39,7,113,49,58,46,86,51,127,43,45"/><W26/><G26/><N who="0" m="16847" /><D37/><U53/><E122/><V85/><F121/><W9/><G127/><T59/><D65/><U92/><E33/><V83/><F105/><W80/><G113/><T5/><D59/><U52/><E67/><V130/><F130/><W104/><G104/><T114/><D126/><U69/><E69/><V50/><F115/><W129/><G129/><T124/><D124/><U131/><E131/><V60/><F60/><W48/><G64/><T117/><D117/><U70/><E70/><V61/><F61/><W110/><G110/><T81/><D8/><U107/><E112/><V27/><F87/><W28/><G28/><T123/><D123/><U0/><E107/><V18/><F27/><W71/><G71/><T88/><D114/><U2/><N who="1" m="13312" /><DORA hai="119" /><U82/><E111/><V94/><F3/><W15/><G58/><T93/><D93/><U102/><E19/><V23/><F94/><W96/><G96/><T29/><D29/><U40/><E40/><V16/><F11/><W90/><G15/><T42/><D42/><AGARI ba="1,0" hai="7,9,12,39,42,43,45,46,48,49,51,80,86,90" machi="42" ten="30,1500,0" yaku="7,1" doraHai="109,119" who="3" fromWho="0" sc="254,-18,239,0,268,0,239,18" /><INIT seed="3,2,0,2,4,69" ten="236,239,268,257" oya="3" hai0="73,87,116,49,50,115,4,46,16,135,54,33,95" hai1="90,28,61,79,125,30,127,82,58,63,65,132,86" hai2="103,53,13,62,41,124,5,11,24,81,101,76,48" hai3="108,18,17,7,3,66,67,9,42,85,59,74,26"/><W19/><G74/><T114/><D73/><U111/><E111/><V23/><F124/><W10/><G108/><T120/><D120/><U68/><E132/><V99/><F62/><W104/><G104/><T45/><D33/><U92/><E125/><V14/><F14/><W119/><G119/><T22/><D4/><U110/><E110/><V102/><F41/><W109/><G109/><T57/><D116/><U15/><E15/><V72/><F99/><W2/><G42/><T34/><D34/><U64/><REACH who="1" step="1"/><E127/><REACH who="1" ten="236,229,268,257" step="2"/><V105/><F105/><W55/><G26/><T118/><D135/><U112/><E112/><V27/><REACH who="2" step="1"/><F23/><REACH who="2" ten="236,229,258,257" step="2"/><W98/><G2/><T31/><D118/><U12/><E12/><V91/><F91/><W89/><G3/><T60/><D115/><U25/><E25/><V78/><F78/><W0/><G89/><T21/><D114/><U51/><E51/><V35/><F35/><W134/><G0/><T71/><D50/><U88/><E88/><V56/><AGARI ba="2,2" hai="5,11,13,24,27,48,53,56,72,76,81,101,102,103" machi="56" ten="30,4000,0" yaku="1,1,0,1,53,1" doraHai="69" doraHaiUra="107" who="2" fromWho="2" sc="236,-12,229,-12,258,66,257,-22" /><INIT seed="4,0,0,2,0,134" ten="224,217,324,235" oya="0" hai0="90,20,51,28,9,131,96,27,126,37,84,55,92" hai1="0,6,128,130,86,36,53,120,1,71,19,40,22" hai2="97,112,89,80,129,105,59,7,101,61,109,68,72" hai3="38,21,17,25,31,62,39,63,57,98,94,107,69"/><T111/><D37/><U88/><E71/><V110/><F68/><W70/><G107/><T135/><D135/><U50/><E36/><V76/><F112/><W91/><G69/><T24/><D131/><N who="1" m="50219" /><E40/><V114/><F114/><W115/><G115/><T124/><D111/><U26/><E6/><V95/><F7/><W32/><G70/><T121/><D121/><U23/><E23/><V67/><REACH who="2" step="1"/><F129/><REACH who="2" ten="224,217,314,235" step="2"/><W113/><G113/><T82/><D9/><U30/><E120/><V132/><F132/><W60/><G38/><T5/><D5/><U78/><E78/><V117/><F117/><W119/><G39/><T106/><D106/><U34/><E19/><V104/><F104/><W125/><G119/><T13/><D13/><U133/><E133/><V4/><F4/><W44/><G44/><T108/><D108/><U64/><E64/><V15/><F15/><W52/><REACH who="3" step="1"/><G125/><REACH who="3" ten="224,217,314,225" step="2"/><T100/><REACH who="0" step="1"/><D24/><AGARI ba="0,2" hai="17,21,24,25,31,32,52,57,60,62,63,91,94,98" machi="24" ten="30,12000,2" yaku="1,1,2,1,7,1,25,2,54,1,53,1" doraHai="134" doraHaiUra="12" who="3" fromWho="0" sc="224,-120,217,0,314,0,225,140" /><INIT seed="5,0,0,1,5,24" ten="104,217,314,365" oya="1" hai0="37,127,120,129,130,76,55,110,19,103,78,60,41" hai1="28,39,47,101,89,123,11,117,80,43,108,36,12" hai2="30,112,34,10,121,33,53,67,3,1,128,15,72" hai3="97,82,40,51,118,4,115,114,133,87,22,74,18"/><U126/><E117/><V102/><F121/><W124/><G118/><T13/><D120/><U81/><E123/><V73/><F67/><W100/><G74/><T90/><D110/><U23/><E108/><V62/><F102/><W135/><G4/><T2/><D2/><N who="2" m="522" /><F53/><W52/><G40/><T93/><D103/><U29/><E101/><V44/><F62/><W98/><G124/><T69/><D127/><U131/><E36/><V54/><F54/><W95/><G97/><T106/><D106/><U91/><E131/><V119/><F44/><N who="3" m="27751" /><G18/><T32/><D32/><N who="2" m="12394" /><F73/><W85/><G22/><T14/><D41/><U63/><E63/><V42/><F72/><W92/><G92/><T6/><D93/><U0/><E81/><V79/><F79/><N who="3" m="46303" /><G87/><T84/><D84/><U96/><E96/><V45/><F42/><W5/><G5/><T25/><D6/><N who="1" m="1479" /><E80/><V58/><F45/><W31/><G31/><N who="1" m="11850" /><E126/><V38/><F38/><W61/><G61/><T71/><D60/><U65/><E65/><V8/><F128/><W49/><G49/><T125/><D37/><U68/><E68/><V64/><F64/><W116/><G116/><T88/><D125/><U66/><E66/><V9/><F58/><W113/><AGARI ba="0,0" hai="95,98,100,113,114,115,133,135" m="46303,27751" machi="113" ten="40,2700,0" yaku="15,1,54,1" doraHai="24" who="3" fromWho="3" sc="104,-7,217,-13,314,-7,365,27" /><INIT seed="6,0,0,2,5,39" ten="97,204,307,392" oya="2" hai0="101,3,97,13,28,98,89,127,91,99,71,21,58" hai1="125,113,130,82,19,134,135,52,57,110,95,41,128" hai2="63,45,24,36,80,132,31,67,35,4,64,34,22" hai3="37,117,62,86,108,43,61,123,90,59,131,1,5"/><V118/><F118/><W51/><G108/><T9/><D71/><U109/><E82/><V102/><F132/><N who="1" m="50729" /><E95/><V47/><F4/><W68/><G117/><T94/><D127/><U50/><E19/><V29/><F102/><W115/><G123/><T10/><D3/><U2/><E2/><V46/><F80/><W111/><G111/><N who="1" m="42506" /><E125/><V79/><F79/><W77/><G131/><T133/><D133/><U129/><E41/><V124/><F124/><W122/><G122/><T65/><D10/><U54/><E54/><V84/><F84/><W44/><G77/><T106/><D106/><U121/><E121/><V73/><F73/><W70/><G115/><AGARI ba="0,0" hai="50,52,57,113,115,128,129,130" m="42506,50729" machi="115" ten="40,8000,1" yaku="19,1,20,1,34,2,54,1" doraHai="39" who="1" fromWho="3" sc="97,0,204,80,307,0,392,-80" /><INIT seed="7,0,0,1,1,109" ten="97,284,307,312" oya="3" hai0="57,2,110,124,16,13,77,128,47,82,105,89,31" hai1="21,108,53,23,88,62,46,58,125,97,87,104,56" hai2="8,71,113,5,129,73,114,44,123,33,134,112,106" hai3="19,122,84,120,30,121,69,99,55,94,118,107,70"/><W40/><G118/><T51/><D110/><U49/><E108/><V102/><F129/><W60/><G40/><T9/><D128/><U98/><E125/><V26/><F134/><W42/><G42/><T27/><D124/><U100/><E97/><N who="2" m="61775" /><F73/><W25/><G19/><T12/><D105/><U92/><REACH who="1" step="1"/><E56/><REACH who="1" ten="97,274,307,312" step="2"/><V116/><F116/><W36/><G69/><T48/><D2/><U61/><E61/><V17/><F71/><W126/><G70/><T83/><D57/><U4/><E4/><V59/><F59/><W38/><G126/><T20/><D47/><U85/><E85/><V90/><F44/><W18/><G84/><T81/><D77/><U32/><E32/><V131/><F131/><W6/><G6/><T3/><D3/><U86/><E86/><V29/><F123/><W67/><G60/><T130/><D130/><U43/><AGARI ba="0,1" hai="21,23,43,46,49,53,58,62,87,88,92,98,100,104" machi="43" ten="20,5200,0" yaku="1,1,0,1,7,1,54,1,53,0" doraHai="109" doraHaiUra="111" who="1" fromWho="1" sc="97,-13,274,62,307,-13,312,-26" owari="84,-42.0,336,44.0,294,9.0,286,-11.0" /></mjloggm>