<mjloggm ver="2.3"><GO type="169" lobby="0"/><UN n0="%6D%6F%74%69%37%32%2E%2E" n1="%E5%B0%B1%E6%B4%BB%E7%94%9F%40%E5%B7%9D%E6%9D%91%E8%BB%8D%E5%9B%A3" n2="%53%48%49%53%55%4B%45" n3="%E5%A5%88%E8%90%BD%E3%81%AE%E7%8E%8B" dan="16,16,17,17" rate="2084.97,2050.14,2143.87,2126.16" sx="M,M,M,M"/><TAIKYOKU oya="0"/><INIT seed="0,0,0,0,5,71" ten="250,250,250,250" oya="0" hai0="12,52,82,60,50,92,61,132,135,122,33,51,15" hai1="78,56,48,109,117,26,72,70,45,66,62,67,98" hai2="35,85,81,77,125,86,94,53,16,119,104,97,131" hai3="95,107,36,30,11,84,18,87,126,31,5,83,64"/><T134/><D33/><U120/><E117/><V49/><F35/><W79/><G107/><T116/><D116/><U112/><E120/><V99/><F119/><W32/><G32/><T59/><D122/><U27/><E112/><V54/><F125/><W111/><G111/><T68/><D82/><U74/><E109/><V115/><F115/><W46/><G64/><N who="0" m="40975" /><D92/><U41/><E98/><V121/><F121/><W8/><G126/><T29/><D29/><U24/><E78/><V118/><F118/><W4/><G18/><T1/><D1/><U20/><E20/><V39/><F131/><W37/><G46/><N who="0" m="27735" /><D51/><U42/><E42/><V9/><F104/><W106/><G106/><T80/><D80/><U47/><E47/><V40/><F86/><W75/><G95/><T90/><D90/><U113/><E113/><V25/><F97/><W103/><G83/><T28/><D28/><U10/><E10/><V124/><F124/><W65/><G79/><T114/><D114/><U102/><E102/><V3/><F3/><W96/><G103/><T93/><D93/><U57/><E70/><V128/><F128/><W133/><G96/><T17/><D17/><U7/><E7/><V130/><F130/><W127/><G75/><T110/><D110/><U101/><E101/><V0/><F99/><W100/><G100/><T13/><D13/><U76/><E76/><V91/><F77/><W89/><G127/><T108/><D108/><U105/><E105/><V14/><F14/><W38/><G87/><T22/><D22/><U58/><E62/><V69/><F85/><W43/><G84/><RYUUKYOKU ba="0,0" sc="250,15,250,15,250,-15,250,-15" hai0="12,15,59,60,132,134,135" hai1="24,26,27,41,45,48,56,57,58,66,67,72,74" /><INIT seed="0,1,0,2,5,52" ten="265,265,235,235" oya="0" hai0="50,78,59,20,31,61,72,104,6,74,79,16,41" hai1="4,88,69,85,127,17,70,107,95,2,131,105,18" hai2="87,37,32,99,100,119,77,30,96,71,8,112,43" hai3="26,49,124,15,135,113,56,36,24,63,103,81,55"/><T45/><D104/><U22/><E127/><V108/><F112/><W130/><G36/><T53/><D31/><U94/><E131/><V101/><F71/><W10/><G113/><T34/><D34/><U118/><E118/><V106/><F119/><W98/><G130/><T40/><D40/><U1/><E4/><V54/><F108/><W133/><G124/><T129/><D6/><U48/><E48/><V11/><F37/><W44/><G81/><T134/><D134/><N who="3" m="51209" /><G15/><T38/><D129/><U23/><E85/><V60/><F43/><N who="3" m="24735" /><G10/><T120/><D120/><U73/><E73/><V14/><F11/><W66/><G66/><T51/><D38/><U65/><E65/><V39/><F39/><W7/><G7/><T126/><D126/><U35/><E35/><V122/><F122/><W19/><G19/><T28/><D28/><U47/><E47/><V5/><F30/><W9/><G9/><T33/><D33/><U114/><E114/><V58/><F32/><W125/><G125/><T76/><REACH who="0" step="1"/><D61/><REACH who="0" ten="255,265,235,235" step="2"/><U132/><E132/><V123/><F123/><W86/><G63/><T3/><D3/><U29/><E29/><V46/><F60/><W83/><G26/><AGARI ba="1,1" hai="16,20,26,41,45,50,51,53,59,72,74,76,78,79" machi="26" ten="40,7700,0" yaku="1,1,52,1,54,1,53,0" doraHai="52" doraHaiUra="109" who="0" fromWho="3" sc="255,90,265,0,235,0,235,-80" /><INIT seed="0,2,0,0,4,14" ten="345,265,235,155" oya="0" hai0="55,133,48,125,1,29,111,135,52,97,63,47,130" hai1="68,5,46,33,38,92,112,60,51,64,120,2,20" hai2="7,91,110,27,59,95,43,37,108,61,16,25,32" hai3="62,42,87,80,123,10,75,23,116,84,35,99,13"/><T24/><D1/><U28/><E120/><V72/><F72/><W134/><G35/><T101/><D130/><U88/><E112/><V90/><F7/><W53/><G116/><T6/><D6/><U113/><E113/><V127/><F127/><W107/><G42/><T40/><D125/><U131/><E38/><V103/><F37/><W15/><G134/><N who="0" m="51211" /><D63/><U85/><E131/><V58/><F43/><W104/><G123/><T36/><D36/><U11/><E33/><V34/><F103/><W81/><G75/><T132/><D111/><U39/><E39/><V102/><F102/><W4/><G99/><T78/><D78/><U98/><E28/><V65/><F61/><W100/><G100/><T41/><D41/><U67/><E67/><V56/><F65/><W57/><G87/><T0/><D0/><U89/><E20/><V128/><F128/><W105/><REACH who="3" step="1"/><G84/><REACH who="3" ten="345,265,235,145" step="2"/><T73/><D73/><U12/><E85/><N who="2" m="52687" /><F108/><W106/><N who="3" m="26624" /><DORA hai="22" /><W45/><G45/><T69/><D132/><U71/><E89/><V74/><F110/><W17/><AGARI ba="2,1" hai="4,10,13,15,17,23,53,57,62,80,81" m="26624" machi="17" ten="60,7900,0" yaku="1,1,0,1,52,1,53,0" doraHai="14,22" doraHaiUra="117,82" who="3" fromWho="3" sc="345,-41,265,-22,235,-22,145,95" /><INIT seed="1,0,0,2,0,89" ten="304,243,213,240" oya="1" hai0="72,21,49,108,26,0,16,101,79,31,33,25,42" hai1="112,118,24,52,123,134,18,104,17,40,35,34,127" hai2="107,86,29,69,70,100,80,7,3,23,76,5,8" hai3="14,93,81,132,131,9,111,95,13,109,30,27,4"/><U15/><E104/><V48/><F7/><W47/><G131/><T1/><D101/><U98/><E123/><V83/><F107/><W87/><G132/><T116/><D116/><U6/><E118/><V10/><F10/><W106/><G14/><T92/><D92/><N who="3" m="35401" /><G106/><T60/><D60/><U12/><E98/><V74/><F100/><W99/><G99/><T38/><D38/><U117/><E40/><V77/><F48/><W88/><G47/><T68/><D68/><U94/><E117/><V54/><F54/><W46/><G46/><T32/><D42/><U2/><E94/><V91/><F91/><W124/><G124/><T97/><D49/><U62/><E62/><V22/><F69/><W59/><G59/><T114/><D97/><U56/><E56/><V122/><F70/><W58/><G58/><T90/><D114/><U119/><E52/><V53/><F53/><W128/><G128/><T43/><D90/><U105/><E105/><V44/><F44/><W67/><G67/><T19/><D43/><U57/><E57/><V82/><F122/><W36/><G36/><T51/><D51/><U37/><E37/><V64/><F64/><W63/><G63/><T50/><D50/><U103/><E119/><V120/><F120/><W55/><G55/><T130/><D130/><U61/><E134/><V75/><F75/><W96/><G96/><T78/><D72/><U113/><E61/><V133/><F133/><W11/><G11/><T135/><D135/><U45/><E113/><V129/><F129/><W28/><G28/><T65/><D65/><U84/><E112/><RYUUKYOKU ba="0,0" sc="304,-10,243,-10,213,-10,240,30" hai3="4,9,13,27,30,81,87,88,109,111" /><INIT seed="2,1,0,5,4,104" ten="294,233,203,270" oya="2" hai0="47,1,40,64,58,116,135,53,103,83,126,119,16" hai1="24,43,8,60,63,131,2,127,52,85,54,122,99" hai2="92,18,13,28,120,90,44,86,97,55,15,3,5" hai3="29,45,108,106,75,114,88,62,125,101,65,129,26"/><V35/><F120/><W39/><G108/><T30/><D1/><U17/><E122/><V72/><F72/><W71/><G129/><T32/><D64/><U80/><E131/><V91/><F3/><W70/><G125/><T69/><D69/><U79/><E127/><V87/><F35/><N who="3" m="20919" /><G88/><N who="2" m="33833" /><F28/><W19/><G19/><T61/><D126/><U25/><E99/><V56/><F44/><W37/><G114/><T12/><D103/><U113/><E113/><V38/><F38/><N who="3" m="14347" /><G45/><T67/><D83/><U78/><E2/><V23/><F5/><W68/><G75/><T95/><D95/><U20/><E43/><V21/><F13/><W105/><G105/><T66/><D30/><U73/><E73/><V118/><F23/><W59/><G59/><T96/><D32/><U134/><E134/><V81/><F81/><W6/><G6/><T132/><D47/><U10/><E25/><V121/><F121/><W14/><G14/><T100/><D40/><U74/><E74/><V41/><F41/><W107/><G107/><N who="0" m="63879" /><D12/><U130/><E130/><V94/><F118/><N who="0" m="45098" /><D16/><N who="1" m="12295" /><E78/><V57/><F57/><W27/><G27/><T0/><D0/><U109/><E109/><V7/><F7/><W51/><G106/><T123/><D123/><U11/><E17/><V93/><F97/><W50/><G101/><T84/><D84/><U34/><E34/><V33/><F33/><W110/><G110/><T117/><D117/><U115/><E115/><V133/><F133/><W111/><G111/><T124/><D124/><U46/><E46/><V22/><F22/><W98/><G98/><T9/><D9/><RYUUKYOKU ba="1,0" sc="294,0,233,0,203,0,270,0" hai0="53,58,61,66,67,132,135" hai1="8,10,11,52,54,60,63,79,80,85" hai2="15,18,21,55,56,86,87,92,93,94" hai3="50,51,62,65,68,70,71" /><INIT seed="2,2,0,0,0,85" ten="294,233,203,270" oya="2" hai0="118,104,38,12,96,93,13,29,31,0,23,73,102" hai1="40,41,6,11,87,132,79,122,116,82,83,70,84" hai2="1,68,19,34,117,103,52,71,92,7,62,94,10" hai3="45,9,51,65,86,74,53,25,106,123,54,2,36"/><V20/><F117/><W125/><G74/><T24/><D0/><U8/><E116/><V16/><F34/><W109/><G106/><T50/><D38/><U80/><E122/><V128/><F128/><W17/><G123/><T21/><D73/><U44/><E70/><V14/><F71/><W133/><G36/><T124/><D124/><U27/><E132/><V61/><F68/><W66/><G133/><T134/><D134/><U18/><E41/><V121/><F121/><W130/><G125/><T32/><D118/><U111/><E111/><V57/><F62/><W126/><G126/><T100/><D100/><U99/><E99/><V75/><F75/><W97/><G109/><T114/><D114/><U64/><E64/><N who="3" m="24682" /><G97/><T105/><D105/><U81/><E6/><V58/><F58/><W135/><G2/><T15/><D104/><U69/><E69/><V98/><F19/><W95/><G135/><T26/><D32/><U88/><E11/><V90/><REACH who="2" step="1"/><F94/><REACH who="2" ten="294,233,193,270" step="2"/><W89/><G130/><T5/><D5/><U67/><E67/><V119/><F119/><W78/><G95/><T48/><AGARI ba="2,1" hai="12,13,15,21,23,24,26,29,31,48,50,93,96,102" machi="48" ten="30,4000,0" yaku="0,1,9,1,8,1" doraHai="85" who="0" fromWho="0" sc="294,56,233,-12,193,-22,270,-12" /><INIT seed="3,0,0,5,0,49" ten="350,221,171,258" oya="3" hai0="6,28,78,82,29,55,87,114,11,121,110,40,52" hai1="113,108,53,5,135,17,129,127,95,65,13,32,122" hai2="50,61,72,45,76,84,81,111,19,71,134,33,8" hai3="43,74,88,103,30,34,54,69,10,31,7,89,67"/><W15/><G74/><T59/><D121/><U90/><E32/><V98/><F33/><W44/><G34/><T75/><D110/><U62/><E113/><V47/><F111/><W86/><G103/><T100/><D114/><U132/><E122/><V22/><F134/><N who="1" m="51241" /><E5/><V109/><F109/><W106/><G106/><T4/><D40/><U79/><E79/><V58/><F71/><W70/><G70/><T18/><D18/><U97/><E127/><V46/><F8/><W20/><G69/><T57/><D100/><U73/><E73/><V37/><F37/><W101/><G67/><T24/><D75/><U16/><E129/><V38/><F38/><W124/><G101/><T48/><D24/><U123/><E123/><V0/><F0/><W126/><G43/><T1/><D6/><U85/><E65/><V128/><F128/><W131/><G131/><T9/><D9/><N who="1" m="6191" /><E17/><V35/><F35/><W42/><G126/><T25/><D25/><U116/><E116/><V92/><F72/><W12/><G124/><T130/><D130/><U21/><E21/><V133/><F133/><W83/><G20/><T14/><D1/><U117/><E117/><V99/><F22/><W56/><G15/><T68/><D68/><U26/><E26/><V119/><F19/><W104/><G12/><T93/><D93/><U96/><E108/><V105/><F119/><W39/><G7/><T66/><D66/><U94/><E94/><V107/><F92/><W41/><G39/><T77/><D77/><U3/><E3/><V64/><F107/><W63/><G104/><T60/><AGARI ba="0,0" hai="4,11,14,28,29,48,52,55,57,59,60,78,82,87" machi="60" ten="20,12000,2" yaku="5,1,0,1,7,1,8,1,52,2,54,1" doraHai="49" who="0" fromWho="0" sc="350,120,221,-30,171,-30,258,-60" /><INIT seed="4,0,0,1,5,59" ten="470,191,141,198" oya="0" hai0="33,61,34,95,38,83,15,114,111,132,128,23,55" hai1="8,51,31,85,14,106,13,122,99,69,70,123,117" hai2="101,94,86,48,109,89,93,39,0,32,68,113,24" hai3="7,46,45,134,17,119,37,110,25,49,121,96,105"/><T72/><D38/><U62/><E117/><V30/><F39/><W2/><G110/><T135/><D114/><U118/><E118/><V36/><F36/><W6/><G119/><T81/><D128/><U130/><E130/><V84/><F109/><W53/><G134/><T63/><D95/><U10/><E31/><V104/><F0/><W102/><G2/><T133/><D111/><U108/><E108/><V129/><F129/><W1/><G1/><T21/><D55/><U54/><E85/><V27/><F113/><W5/><G121/><T103/><D103/><U20/><E20/><N who="0" m="7753" /><D15/><U26/><E26/><V9/><F9/><W98/><G98/><T42/><D42/><U28/><E28/><V44/><F24/><W52/><G25/><T76/><D83/><U66/><E70/><V82/><F68/><W71/><G71/><T3/><D3/><U131/><E131/><V65/><F101/><W100/><G100/><T19/><D19/><U11/><E99/><V4/><F104/><W107/><G107/><T88/><D88/><U127/><E106/><V116/><F116/><W125/><G96/><T41/><D41/><U50/><E50/><V90/><F82/><W58/><G102/><T112/><D112/><U35/><E35/><AGARI ba="0,0" hai="33,34,35,61,63,72,76,81,132,133,135" m="7753" machi="35" ten="40,7700,0" yaku="20,1,52,2" doraHai="59" who="0" fromWho="1" sc="470,77,191,-77,141,0,198,0" /><INIT seed="4,1,0,5,3,38" ten="547,114,141,198" oya="0" hai0="130,87,105,57,44,41,78,32,56,54,135,80,133" hai1="14,74,59,81,23,117,13,37,119,103,25,123,77" hai2="134,125,114,15,110,63,36,35,127,116,76,6,60" hai3="29,101,34,106,94,9,124,69,21,7,100,113,70"/><T24/><D105/><U102/><E123/><V111/><F76/><W109/><G21/><T31/><D130/><U131/><E131/><V52/><F35/><W20/><G20/><T66/><D66/><U10/><E37/><V99/><F36/><W95/><G95/><T11/><D11/><U89/><E14/><V129/><F129/><W30/><G94/><T83/><D83/><U28/><E89/><V71/><F71/><W82/><G30/><T104/><D104/><U45/><E45/><V55/><F6/><W12/><G101/><T75/><D75/><U58/><E58/><V49/><F15/><W22/><G22/><T62/><D57/><U43/><E43/><V90/><F90/><W64/><G12/><T33/><D33/><U107/><E59/><V120/><F99/><W50/><G82/><T0/><D0/><U72/><E72/><V3/><F3/><W93/><G93/><T16/><D44/><U86/><E74/><V42/><F120/><W97/><G69/><T8/><D133/><U1/><E1/><V48/><F134/><W39/><G39/><T27/><D135/><U53/><E53/><V98/><F98/><W46/><G64/><T96/><D96/><U4/><REACH who="1" step="1"/><E107/><REACH who="1" ten="547,104,141,198" step="2"/><V115/><F116/><AGARI ba="1,1" hai="4,10,13,23,25,28,77,81,86,102,103,116,117,119" machi="116" ten="40,2600,0" yaku="1,1,2,1,53,0" doraHai="38" doraHaiUra="126" who="1" fromWho="2" sc="547,0,104,39,141,-29,198,0" /><INIT seed="5,0,0,2,0,107" ten="547,143,112,198" oya="1" hai0="78,123,117,7,99,46,36,87,80,35,129,23,94" hai1="49,17,42,72,92,125,85,15,37,83,9,67,25" hai2="100,84,56,22,90,121,134,40,104,59,74,34,119" hai3="133,3,128,110,26,77,118,8,109,48,50,29,12"/><U31/><E37/><V66/><F34/><W0/><G77/><T89/><D35/><U4/><E125/><V27/><F74/><W47/><G50/><T106/><D117/><U20/><E67/><V58/><F119/><W114/><G48/><T32/><D32/><U30/><E92/><V10/><F121/><W53/><G53/><T95/><D106/><U41/><E72/><V1/><F134/><W102/><G102/><T44/><D7/><U108/><E108/><V88/><F40/><W16/><G47/><T61/><D129/><U130/><E130/><V11/><F66/><W51/><G51/><T81/><D36/><U19/><E19/><V76/><F104/><W131/><G118/><T82/><D61/><U24/><E24/><V39/><F39/><W5/><G133/><T18/><D78/><U65/><E65/><V98/><F1/><N who="3" m="587" /><G5/><T86/><D123/><U97/><E97/><V79/><F100/><W60/><G60/><T93/><D99/><U115/><E115/><V6/><F6/><W132/><G132/><T28/><D89/><N who="2" m="34410" /><F98/><W111/><G114/><T126/><D46/><N who="1" m="25807" /><E42/><V43/><F43/><W101/><G101/><T120/><D120/><U122/><E122/><V21/><F76/><AGARI ba="0,0" hai="4,9,15,17,20,25,30,31,76,83,85" m="25807" machi="76" ten="30,2900,0" yaku="25,1,8,1" doraHai="107" who="1" fromWho="2" sc="547,0,143,29,112,-29,198,0" /><INIT seed="5,1,0,1,4,79" ten="547,172,83,198" oya="1" hai0="35,76,15,128,133,74,18,91,117,116,72,64,41" hai1="61,32,135,109,134,54,39,81,73,22,7,55,5" hai2="10,78,53,27,111,58,2,38,112,94,90,113,103" hai3="19,48,62,24,42,93,99,97,59,88,92,102,127"/><U67/><E39/><V51/><F111/><W31/><G127/><T25/><D64/><U66/><E32/><V63/><F38/><W12/><G48/><T131/><D133/><N who="1" m="50699" /><E109/><V85/><F103/><W83/><G42/><T23/><D41/><U129/><E22/><V45/><F78/><W108/><G108/><T52/><D52/><N who="1" m="20011" /><E129/><N who="0" m="49737" /><D91/><U122/><E122/><V121/><F121/><W114/><G114/><T56/><D56/><N who="1" m="37159" /><E67/><V57/><F27/><W115/><G115/><N who="2" m="44105" /><F63/><W49/><G62/><T105/><D35/><U46/><E46/><V89/><F90/><W1/><G59/><T71/><D71/><U43/><E43/><V86/><F57/><W96/><G49/><T33/><D33/><U123/><E123/><V8/><F58/><W37/><G37/><T0/><D23/><U34/><E34/><V20/><F20/><W125/><G88/><T50/><D50/><U30/><E30/><V82/><F51/><W120/><G31/><T29/><D29/><U110/><E110/><V40/><F40/><W6/><G120/><T65/><D65/><U98/><E98/><V119/><F45/><W84/><G99/><T60/><D25/><U36/><E36/><V44/><F44/><W17/><G24/><T9/><D60/><U4/><E73/><V3/><F53/><W70/><G97/><T75/><D75/><U130/><E130/><V47/><F47/><W28/><G96/><T26/><D74/><U100/><E100/><V11/><F11/><W14/><G102/><T13/><D72/><U124/><E124/><V77/><F10/><W107/><G125/><RYUUKYOKU ba="1,0" sc="547,-10,172,30,83,-10,198,-10" hai1="4,5,7,81" /><INIT seed="5,2,0,1,1,72" ten="537,202,73,188" oya="1" hai0="107,110,29,37,105,47,19,111,22,13,127,88,56" hai1="63,27,67,70,3,118,69,84,66,20,68,0,93" hai2="14,94,21,87,79,104,103,8,26,31,44,52,10" hai3="23,45,4,15,74,116,1,43,48,49,119,39,35"/><U73/><E118/><N who="3" m="45098" /><G35/><T112/><D29/><U130/><E73/><V125/><F125/><W53/><G74/><T106/><D127/><U12/><E130/><V128/><F128/><W134/><G134/><T96/><D112/><U54/><E12/><V120/><F120/><W59/><G1/><T64/><D47/><U113/><E113/><V50/><F104/><W9/><G23/><T28/><D28/><U24/><E54/><V101/><F10/><W124/><G124/><T42/><D42/><U38/><E38/><AGARI ba="2,0" hai="4,9,15,38,39,43,45,48,49,53,59" m="45098" machi="38" ten="30,1000,0" yaku="12,1" doraHai="72" who="3" fromWho="1" sc="537,0,202,-16,73,0,188,16" /><INIT seed="6,0,0,4,3,133" ten="537,186,73,204" oya="2" hai0="97,106,45,125,20,52,25,49,129,103,105,46,126" hai1="39,90,36,55,43,33,24,42,66,108,119,62,54" hai2="47,102,130,114,135,72,100,134,1,111,53,10,96" hai3="87,83,50,101,35,57,122,123,32,92,3,11,77"/><V21/><F72/><W28/><G101/><T6/><D6/><U16/><E119/><V110/><F102/><W63/><G50/><T51/><D129/><U58/><E108/><N who="2" m="41515" /><F130/><W12/><G3/><T48/><D106/><U71/><E33/><V80/><F80/><W19/><G92/><T94/><D105/><U86/><E39/><V34/><F34/><W107/><G107/><T40/><REACH who="0" step="1"/><D49/><REACH who="0" ten="527,186,73,204" step="2"/><U112/><E36/><V84/><F114/><W124/><G123/><T78/><D78/><U17/><E112/><V18/><F84/><W38/><G122/><T73/><D73/><U95/><E42/><V104/><F1/><W0/><G0/><T115/><D115/><U99/><E43/><V81/><F81/><W91/><G77/><T132/><D132/><U61/><E86/><V68/><F68/><W14/><G87/><T88/><D88/><U2/><E2/><V65/><F65/><W127/><G91/><T82/><D82/><U74/><E74/><V5/><F5/><W7/><G83/><T128/><D128/><U79/><E79/><V41/><F41/><W113/><G113/><T121/><D121/><U8/><E55/><V64/><F64/><W23/><G7/><T93/><D93/><U70/><E70/><V117/><F117/><W44/><G38/><T85/><D85/><U37/><E37/><V56/><F10/><W30/><G11/><T98/><D98/><U13/><E71/><V109/><N who="2" m="41523" /><V59/><DORA hai="26" /><F135/><W4/><G4/><T116/><D116/><U76/><E76/><V60/><F134/><W27/><G35/><RYUUKYOKU ba="0,1" sc="527,30,186,-10,73,-10,204,-10" hai0="20,25,40,45,46,48,51,52,94,97,103,125,126" /><INIT seed="7,1,1,1,4,24" ten="557,176,63,194" oya="3" hai0="8,102,129,43,33,135,12,74,23,75,67,62,27" hai1="81,29,79,4,37,64,68,90,11,107,31,97,32" hai2="99,72,82,26,126,80,48,105,122,101,13,40,18" hai3="46,131,20,128,106,30,63,123,96,38,119,36,118"/><W45/><G106/><T95/><D33/><U69/><E37/><N who="3" m="14442" /><G96/><T50/><D43/><U111/><E111/><V53/><F126/><W6/><G6/><T7/><D50/><U114/><E114/><V100/><F122/><W116/><G20/><T121/><D121/><U108/><E108/><V130/><F130/><N who="3" m="49707" /><G123/><T10/><D10/><U14/><E64/><V71/><F71/><W93/><G93/><T125/><D129/><U1/><E14/><V109/><F109/><W28/><G63/><T91/><D102/><N who="1" m="62927" /><E31/><AGARI ba="1,1" hai="28,30,31,45,46,116,118,119" m="49707,14442" machi="31" ten="40,18000,2" yaku="28,2,19,1,52,3" doraHai="24" who="3" fromWho="1" sc="557,0,176,-183,63,0,194,193" owari="557,66.0,-7,-51.0,63,-34.0,387,19.0" /></mjloggm>