<mjloggm ver="2.3"><GO type="225" lobby="0"/><UN n0="%E6%B4%BE%E9%81%A3%E3%81%AE%E3%82%B8%E3%83%A3%E3%83%83%E3%82%AF" n1="%E3%83%88%E3%83%88%E3%83%AA%E5%85%88%E7%94%9F%31%39%E6%AD%B3" n2="%E9%95%B7%E5%B7%9E%E3%81%AE%E5%85%8B" n3="%E9%BB%92%E5%B7%9D%E5%8D%83%E7%A7%8B" dan="17,17,16,16" rate="2190.94,2137.34,2134.98,2144.43" sx="M,F,M,M"/><TAIKYOKU oya="0"/><INIT seed="0,0,0,2,1,94" ten="250,250,250,250" oya="0" hai0="109,29,69,57,64,44,118,52,38,66,132,130,18" hai1="21,50,59,28,119,48,9,120,80,128,34,62,133" hai2="72,95,26,4,102,20,123,121,56,117,79,35,112" hai3="6,23,54,3,103,83,13,89,63,51,84,10,12"/><T134/><D29/><U100/><E34/><V46/><F35/><W124/><G124/><T126/><D18/><U33/><E33/><V91/><F112/><W110/><G110/><T25/><D25/><N who="1" m="16431" /><E119/><V135/><F102/><W104/><G63/><N who="0" m="40159" /><D118/><U127/><E120/><V88/><F91/><W74/><G74/><T101/><D101/><U67/><E127/><V47/><F117/><W75/><G75/><T68/><D126/><U96/><E128/><V45/><F4/><W22/><G3/><T42/><D130/><U16/><E133/><N who="0" m="51305" /><D109/><U30/><E30/><V92/><F92/><W32/><G32/><T131/><D131/><U81/><E100/><V97/><F56/><W70/><G70/><T105/><D105/><U77/><E96/><V129/><F135/><W43/><G43/><T53/><D68/><U7/><E7/><V86/><F129/><W93/><G104/><T55/><D64/><U5/><E5/><V37/><F37/><W40/><G40/><T11/><D11/><U90/><E77/><V87/><F121/><W65/><G65/><T39/><D39/><U71/><E71/><V125/><F125/><W27/><G12/><T19/><D19/><U61/><E61/><AGARI ba="0,0" hai="38,42,44,52,53,55,57,61" m="51305,40159" machi="61" ten="30,11600,0" yaku="20,1,34,2,54,1" doraHai="94" who="0" fromWho="1" sc="250,116,250,-116,250,0,250,0" /><INIT seed="0,1,0,4,2,111" ten="366,134,250,250" oya="0" hai0="112,125,64,90,122,32,31,34,79,25,127,0,43" hai1="38,7,120,107,92,124,51,123,15,106,77,95,114" hai2="75,98,85,61,76,60,68,82,105,83,58,88,44" hai3="18,66,2,109,117,115,47,63,35,12,57,133,101"/><T71/><D90/><U23/><E38/><V96/><F68/><W16/><G117/><T134/><D122/><U45/><E124/><V53/><F61/><W46/><G2/><T116/><D116/><U41/><E114/><V81/><F105/><W42/><G35/><N who="0" m="20975" /><D134/><U30/><E107/><V99/><F44/><W52/><G109/><T1/><D79/><U74/><E106/><V5/><F5/><W69/><G133/><T97/><D97/><U8/><E30/><V80/><AGARI ba="1,0" hai="53,58,60,75,76,80,81,82,83,85,88,96,98,99" machi="80" ten="30,2000,0" yaku="0,1,54,1" doraHai="111" who="2" fromWho="2" sc="366,-11,134,-6,250,23,250,-6" /><INIT seed="1,0,0,4,5,20" ten="355,128,273,244" oya="1" hai0="0,82,78,37,32,125,51,68,3,52,108,90,13" hai1="42,54,10,124,131,134,18,70,1,75,130,72,34" hai2="69,28,111,117,39,126,55,85,25,62,86,61,100" hai3="16,35,60,24,118,59,128,2,93,50,103,84,96"/><U38/><E70/><V73/><F39/><W45/><G2/><T67/><D32/><U92/><E134/><V56/><F73/><W21/><G35/><T95/><D37/><U80/><E124/><V115/><F111/><W94/><G128/><N who="1" m="49194" /><E34/><V74/><F74/><N who="1" m="28201" /><E80/><V76/><F117/><W102/><G118/><T22/><D82/><U109/><E109/><V26/><F76/><W4/><G4/><T129/><D68/><U132/><E132/><V88/><F126/><W123/><G123/><T41/><D108/><U113/><E113/><V36/><F36/><W83/><G50/><T107/><D125/><U81/><E81/><V57/><F69/><W110/><G45/><T7/><D129/><U63/><E92/><N who="3" m="35434" /><G96/><T15/><D95/><U11/><E1/><V89/><F100/><W64/><G110/><T91/><D0/><U12/><E42/><V65/><F28/><W43/><G43/><T8/><D41/><U116/><E38/><V104/><F104/><W97/><G97/><T23/><D3/><U19/><E116/><V87/><F115/><W27/><G27/><AGARI ba="0,0" hai="25,26,27,55,56,57,61,62,65,85,86,87,88,89" machi="27" ten="40,8000,1" yaku="8,1,52,3,54,1" doraHai="20" who="2" fromWho="3" sc="355,0,128,0,273,80,244,-80" /><INIT seed="2,0,0,0,4,90" ten="355,128,353,164" oya="2" hai0="129,24,101,82,87,132,122,0,123,93,108,72,53" hai1="39,83,6,3,97,41,20,134,5,51,131,84,46" hai2="28,15,32,25,8,49,133,9,107,35,45,61,65" hai3="127,121,102,66,67,27,109,1,44,40,112,43,48"/><V42/><F133/><W31/><G121/><T135/><D0/><U76/><E134/><N who="0" m="51241" /><D108/><U113/><E113/><V64/><F107/><W105/><G1/><T63/><D129/><U29/><E131/><V79/><F35/><W124/><G109/><T100/><D24/><U96/><E39/><V23/><F32/><W58/><G43/><T69/><D72/><U92/><E96/><V88/><F79/><W68/><G68/><T91/><D53/><U75/><E3/><V103/><F103/><N who="0" m="39498" /><D63/><U33/><E33/><V117/><F117/><W22/><G112/><T98/><D69/><U89/><REACH who="1" step="1"/><E75/><REACH who="1" ten="355,118,353,164" step="2"/><V16/><F61/><W47/><G124/><T59/><D98/><U21/><E21/><V57/><F8/><W125/><G127/><T2/><D2/><U130/><E130/><V80/><F57/><W18/><G125/><T11/><D59/><U78/><E78/><V12/><F15/><W77/><G58/><T85/><D11/><U94/><E94/><V99/><F80/><W55/><G77/><AGARI ba="0,1" hai="77,82,85,87,91,93,122,123" m="39498,51241" machi="77" ten="30,7700,0" yaku="20,1,34,2,52,1" doraHai="90" who="0" fromWho="3" sc="355,87,118,0,353,0,164,-77" /><INIT seed="3,0,0,3,4,47" ten="442,118,353,87" oya="3" hai0="100,3,67,118,33,7,41,35,98,11,40,5,28" hai1="124,90,109,117,76,75,104,63,22,114,130,2,23" hai2="134,94,103,4,85,0,61,111,51,20,26,123,39" hai3="15,127,77,49,84,48,74,37,38,69,50,16,64"/><W78/><G74/><T80/><D118/><U82/><E114/><V79/><F39/><W30/><G30/><T126/><D126/><U54/><E2/><V96/><F111/><W34/><G34/><T120/><D120/><U99/><E124/><V13/><F134/><W12/><G127/><T53/><D53/><U36/><E109/><V45/><F0/><W25/><G25/><T71/><D80/><U131/><E36/><N who="3" m="13930" /><G84/><T42/><D7/><U87/><E117/><V19/><F123/><W44/><G44/><T122/><D122/><U57/><E22/><V55/><F61/><W106/><G64/><T81/><D81/><U91/><E23/><V129/><F129/><N who="1" m="49161" /><E75/><V14/><F4/><W121/><G121/><T21/><D67/><U116/><E116/><V105/><F105/><W113/><G106/><T27/><D71/><U119/><E119/><V72/><F72/><W86/><G86/><T62/><D62/><U132/><E132/><V65/><F65/><W58/><G58/><T133/><D133/><U18/><E18/><V70/><F70/><W107/><G107/><T92/><AGARI ba="0,0" hai="3,5,11,21,27,28,33,35,40,41,42,92,98,100" machi="92" ten="30,1100,0" yaku="0,1" doraHai="47" who="0" fromWho="0" sc="442,11,118,-3,353,-3,87,-5" owari="453,55.0,115,-28.0,350,15.0,82,-42.0" /></mjloggm>