<mjloggm ver="2.3"><GO type="169" lobby="0"/><UN n0="%46%69%72%73%74" n1="%6D%6F%65%2E%6E" n2="%E3%83%81%E3%83%81%E3%82%AB%E3%82%AB%E6%B9%96" n3="%E3%82%A6%E3%83%AB%E3%83%88%E3%83%A9%E7%AB%8B%E7%9B%B4" dan="16,16,16,17" rate="2038.24,2054.26,2165.15,2218.01" sx="M,F,M,M"/><TAIKYOKU oya="0"/><INIT seed="0,0,0,1,5,61" ten="250,250,250,250" oya="0" hai0="96,115,64,36,90,50,124,74,46,101,95,109,25" hai1="13,42,26,128,22,132,104,39,110,66,91,32,105" hai2="111,121,30,20,89,88,82,73,0,8,100,1,106" hai3="118,35,68,55,44,134,76,125,21,51,5,78,127"/><T77/><D115/><U87/><E32/><V15/><F121/><W67/><G35/><T135/><D124/><U94/><E110/><V11/><F111/><W129/><G5/><T126/><D126/><U53/><E128/><V49/><F100/><W34/><G34/><T57/><D135/><U102/><E132/><V7/><F106/><W133/><G21/><T40/><D109/><U2/><E2/><V24/><F49/><W75/><G51/><T92/><D25/><U14/><E66/><V69/><F69/><W123/><G68/><T63/><D77/><U31/><E53/><V112/><F112/><W98/><G55/><T37/><REACH who="0" step="1"/><D74/><REACH who="0" ten="240,250,250,250" step="2"/><U107/><E26/><V119/><F119/><W18/><G78/><T86/><AGARI ba="0,1" hai="36,37,40,46,50,57,63,64,86,90,92,95,96,101" machi="86" ten="20,18000,2" yaku="1,1,2,1,0,1,7,1,52,1,53,1" doraHai="61" doraHaiUra="81" who="0" fromWho="0" sc="240,190,250,-60,250,-60,250,-60" /><INIT seed="0,1,0,4,1,0" ten="430,190,190,190" oya="0" hai0="86,102,130,109,76,132,70,121,36,108,60,89,57" hai1="68,10,117,95,13,134,39,82,74,22,9,135,8" hai2="133,31,125,119,79,94,47,53,21,35,127,84,90" hai3="2,114,7,131,128,97,69,24,96,103,126,49,19"/><T14/><D121/><U58/><E68/><V112/><F112/><W48/><G69/><T64/><D130/><U122/><E117/><V91/><F35/><W111/><G114/><T120/><D132/><N who="1" m="50731" /><E122/><V28/><F119/><W4/><G2/><T100/><D120/><U63/><E39/><V61/><F133/><W92/><G111/><N who="0" m="42571" /><D36/><U107/><E107/><V3/><F79/><W123/><G126/><T73/><D70/><U56/><E95/><V11/><F91/><W38/><G38/><T41/><D41/><U72/><E82/><V80/><F94/><W75/><G75/><N who="1" m="28714" /><E63/><V15/><F61/><W44/><G123/><T59/><D59/><N who="1" m="22571" /><E22/><V34/><F21/><N who="3" m="13375" /><G131/><T55/><D73/><U85/><E85/><V12/><F84/><W50/><G128/><T30/><D76/><U6/><AGARI ba="1,0" hai="6,8,9,10,13" m="22571,28714,50731" machi="6" ten="40,2700,0" yaku="20,1,52,1" doraHai="0" who="1" fromWho="1" sc="430,-14,190,30,190,-8,190,-8" /><INIT seed="1,0,0,5,3,120" ten="416,220,182,182" oya="1" hai0="133,116,41,7,65,27,80,20,109,78,132,72,23" hai1="118,67,43,104,134,84,103,56,131,128,110,61,90" hai2="63,39,33,86,94,54,100,77,42,85,114,121,99" hai3="119,69,51,127,82,1,83,9,117,122,53,29,75"/><U6/><E118/><V105/><F121/><W35/><G69/><T68/><D116/><U13/><E134/><N who="0" m="51817" /><D41/><U55/><E110/><V26/><F114/><W22/><G53/><T17/><D7/><U93/><E43/><V107/><F39/><W28/><G51/><T129/><D129/><N who="1" m="49739" /><E67/><V58/><F42/><W91/><G91/><T3/><D3/><U46/><E46/><V48/><F48/><W115/><G83/><T60/><D20/><U12/><E6/><V70/><F70/><W66/><G75/><T73/><D109/><U59/><E59/><V30/><REACH who="2" step="1"/><F77/><REACH who="2" ten="416,220,172,182" step="2"/><W102/><G122/><T123/><D123/><U50/><E50/><V38/><F38/><W113/><G117/><T14/><D78/><U124/><E124/><V31/><F31/><W52/><G29/><T95/><D68/><U11/><E61/><V16/><F16/><W34/><G28/><T101/><D60/><U44/><E44/><V126/><F126/><W2/><G127/><T96/><D17/><U130/><E130/><V47/><F47/><W62/><G119/><T5/><D5/><U88/><E56/><V64/><F64/><W24/><G66/><T37/><D65/><U40/><E40/><V8/><F8/><W87/><G9/><T19/><D37/><U36/><E36/><V112/><F112/><W97/><G113/><T106/><D19/><U18/><E18/><V89/><F89/><N who="3" m="51447" /><G115/><T81/><D27/><U21/><E90/><V15/><F15/><W4/><G4/><T10/><D14/><U45/><E12/><V111/><F111/><W79/><G62/><RYUUKYOKU ba="0,1" sc="416,-10,220,-10,172,30,182,-10" hai2="26,30,33,54,58,63,85,86,94,99,100,105,107" /><INIT seed="2,1,1,1,2,91" ten="406,210,202,172" oya="2" hai0="69,88,67,19,133,62,125,2,46,126,49,55,79" hai1="102,17,33,108,66,8,28,6,109,129,84,135,42" hai2="20,29,110,128,30,45,92,76,39,90,96,117,44" hai3="0,14,119,43,107,75,87,123,32,115,65,127,1"/><V80/><F117/><W82/><G32/><T81/><D133/><U100/><E135/><V24/><F128/><W95/><G119/><T23/><D2/><U71/><E129/><V132/><F132/><W122/><G1/><T124/><D88/><U94/><E42/><V18/><F110/><N who="1" m="42601" /><E71/><V51/><F39/><W99/><G0/><T113/><D113/><U40/><E40/><V73/><REACH who="2" step="1"/><F44/><REACH who="2" ten="406,210,192,172" step="2"/><W86/><G115/><T11/><D126/><U101/><E33/><V27/><F27/><W77/><G127/><T31/><D125/><U21/><E28/><V93/><F93/><W38/><G38/><T36/><D36/><U59/><E94/><V15/><F15/><W56/><G14/><T47/><D31/><U98/><E6/><V63/><F63/><W58/><G95/><T103/><D124/><U105/><E105/><V48/><F48/><W74/><G107/><T89/><D49/><U54/><E98/><V52/><AGARI ba="1,2" hai="18,20,24,29,30,45,51,52,73,76,80,90,92,96" machi="52" ten="20,12000,1" yaku="1,1,0,1,7,1,52,1,54,1,53,0" doraHai="91" doraHaiUra="118" who="2" fromWho="2" sc="406,-41,210,-41,192,143,172,-41" /><INIT seed="2,2,0,0,4,90" ten="365,169,335,131" oya="2" hai0="88,100,93,22,39,38,19,80,51,113,103,67,84" hai1="127,24,62,133,12,112,40,124,107,49,32,68,104" hai2="95,102,78,37,55,66,11,86,28,45,81,56,26" hai3="94,46,23,25,57,61,2,106,128,8,121,31,69"/><V132/><F132/><W129/><G106/><T120/><D113/><U65/><E112/><V123/><F123/><W13/><G69/><T75/><D120/><U44/><E133/><V114/><F114/><W20/><G121/><T33/><D33/><U43/><E43/><V5/><F66/><W74/><G74/><T77/><D67/><U115/><E115/><V101/><F45/><W89/><G46/><T7/><D7/><U14/><E14/><V91/><F37/><W119/><G2/><T41/><D39/><N who="1" m="21535" /><E12/><V27/><F11/><W110/><G119/><T47/><REACH who="0" step="1"/><D38/><REACH who="0" ten="355,169,335,131" step="2"/><U48/><E32/><V0/><F5/><W72/><G128/><T18/><D18/><U122/><E122/><V17/><F17/><W116/><G129/><T16/><D16/><U64/><E65/><V60/><F0/><W96/><G116/><T15/><AGARI ba="2,1" hai="15,19,22,41,47,51,75,77,80,84,88,93,100,103" machi="15" ten="20,8000,1" yaku="1,1,0,1,7,1,52,1,54,1,53,0" doraHai="90" doraHaiUra="118" who="0" fromWho="0" sc="355,96,169,-22,335,-42,131,-22" /><INIT seed="3,0,0,4,2,43" ten="451,147,293,109" oya="3" hai0="30,123,102,49,82,116,60,113,100,70,84,64,79" hai1="122,85,37,55,68,62,13,8,90,41,54,103,118" hai2="126,134,42,53,87,83,20,45,4,17,96,15,24" hai3="89,133,86,32,117,50,25,119,69,12,73,67,61"/><W31/><G133/><T127/><D123/><U106/><E122/><V39/><F126/><W98/><G73/><T97/><D113/><U63/><E118/><V18/><F134/><W101/><G12/><T57/><D116/><U47/><E106/><V16/><F96/><W5/><G5/><T75/><D127/><U112/><E112/><V78/><REACH who="2" step="1"/><F53/><REACH who="2" ten="451,147,283,109" step="2"/><W1/><G1/><T40/><D97/><U129/><E55/><V131/><F131/><W46/><G86/><T34/><D84/><U107/><E129/><V110/><F110/><W58/><G69/><T88/><D70/><U65/><E54/><V91/><F91/><W71/><G89/><T7/><D88/><U130/><E130/><V66/><F66/><W59/><G117/><T28/><D64/><U124/><E124/><V99/><F99/><W132/><G119/><T74/><D74/><U14/><E68/><V115/><F115/><W29/><G132/><T44/><D102/><U105/><E103/><V108/><F108/><W19/><G98/><T81/><D100/><U11/><E65/><V128/><F128/><W104/><G101/><T52/><D52/><U21/><E90/><V95/><F95/><W51/><G104/><T111/><D111/><U26/><E105/><V23/><F23/><N who="3" m="13567" /><G71/><T135/><D135/><U92/><E107/><V9/><AGARI ba="0,1" hai="4,9,15,16,17,18,20,24,39,42,45,78,83,87" machi="9" ten="30,7900,0" yaku="1,1,0,1,52,1,54,1,53,0" doraHai="43" doraHaiUra="33" who="2" fromWho="2" sc="451,-20,147,-20,283,89,109,-39" /><INIT seed="4,0,0,2,3,77" ten="431,127,372,70" oya="0" hai0="79,80,135,46,112,95,2,68,76,27,16,128,130" hai1="90,28,124,7,73,126,14,120,67,132,21,60,134" hai2="44,62,23,57,104,131,118,5,121,81,15,26,115" hai3="3,24,17,119,88,87,4,8,42,38,107,84,31"/><T93/><D68/><U50/><E120/><V69/><F121/><W111/><G107/><T94/><D135/><N who="1" m="51755" /><E73/><V52/><F104/><W59/><G119/><T113/><D2/><U114/><E114/><N who="0" m="44137" /><D46/><U122/><E122/><V61/><F115/><W40/><G111/><T117/><D117/><U72/><E72/><V129/><F118/><W82/><G38/><T35/><D35/><U25/><E50/><V20/><F44/><W125/><G125/><T53/><D53/><U101/><E101/><V108/><F108/><W103/><G103/><T89/><D27/><U39/><E39/><V34/><F34/><W91/><G59/><T54/><D54/><U92/><E14/><V74/><F26/><W102/><G102/><T0/><D0/><U6/><E124/><V51/><F15/><W98/><G98/><T47/><D47/><U36/><E36/><V66/><F51/><W100/><G100/><T63/><D63/><U109/><E126/><V106/><F106/><W49/><G49/><T41/><D41/><U18/><E109/><V85/><F62/><W37/><G37/><T10/><D89/><U78/><E90/><V29/><F61/><W43/><G43/><T45/><D45/><U86/><E25/><V116/><F116/><W96/><G17/><T56/><D56/><U133/><E18/><V11/><F57/><W9/><G96/><T97/><D97/><U105/><E60/><V1/><F1/><W123/><G123/><T64/><D16/><U30/><E133/><V13/><F69/><W12/><G3/><T83/><D10/><U110/><E110/><RYUUKYOKU ba="0,0" sc="431,0,127,0,372,0,70,0" /><INIT seed="5,1,0,1,5,98" ten="431,127,372,70" oya="1" hai0="11,62,38,37,52,115,73,97,79,122,130,76,2" hai1="128,92,63,20,34,0,59,41,102,88,71,65,8" hai2="48,36,105,113,72,83,47,103,50,16,124,70,25" hai3="133,123,121,49,106,108,126,96,4,93,81,95,32"/><U132/><E34/><V28/><F70/><W82/><G32/><T15/><D130/><U35/><E35/><V14/><F124/><W9/><G49/><T129/><D129/><U111/><E128/><V66/><F66/><W99/><G9/><T17/><D115/><U21/><E132/><V116/><F116/><W3/><G4/><T131/><D2/><U55/><E111/><V112/><F36/><W30/><G30/><T42/><D122/><U46/><E102/><V74/><F25/><W12/><G12/><T7/><D7/><U57/><E0/><V51/><F28/><W125/><G3/><T91/><D79/><U22/><E8/><N who="2" m="6215" /><F83/><W110/><G106/><T1/><D38/><U75/><E75/><V18/><F18/><W135/><AGARI ba="1,0" hai="81,82,93,95,96,99,108,110,121,123,125,126,133,135" machi="135" ten="25,12000,2" yaku="0,1,22,2,34,3" doraHai="98" who="3" fromWho="3" sc="431,-31,127,-61,372,-31,70,123" /><INIT seed="6,0,0,5,1,110" ten="400,66,341,193" oya="2" hai0="117,79,1,71,113,88,100,76,85,95,5,54,73" hai1="12,65,115,135,63,50,107,40,26,121,15,132,124" hai2="17,42,32,102,74,27,31,23,112,28,44,122,108" hai3="98,48,83,84,131,33,120,21,75,20,69,99,43"/><V61/><F122/><W4/><G33/><T128/><D71/><U93/><E107/><V49/><F74/><W111/><G69/><T64/><D64/><U90/><E121/><V94/><F108/><W60/><G75/><T9/><D128/><U6/><E124/><V109/><F109/><W2/><G2/><T78/><D113/><U51/><E26/><V119/><F119/><W114/><G114/><T80/><D117/><U45/><E51/><V82/><F112/><W7/><G84/><T130/><D130/><U22/><E115/><V14/><F82/><W19/><G60/><T41/><D41/><U0/><E0/><V47/><F47/><W37/><G83/><T77/><D54/><U127/><E127/><V29/><REACH who="2" step="1"/><F61/><REACH who="2" ten="400,66,331,193" step="2"/><W104/><G111/><T70/><D73/><U134/><E6/><V126/><F126/><W66/><G4/><T105/><D5/><U56/><REACH who="1" step="1"/><E22/><REACH who="1" ten="400,56,331,193" step="2"/><V106/><F106/><W89/><G21/><T53/><D105/><U38/><E38/><V55/><F55/><W129/><G37/><T36/><D53/><U118/><E118/><V24/><F24/><W92/><G7/><T87/><D36/><U72/><E72/><V52/><F52/><W18/><G20/><T62/><D62/><U81/><E81/><V25/><F25/><W125/><G125/><T116/><D116/><U123/><E123/><V68/><F68/><W10/><G120/><T59/><D70/><U96/><AGARI ba="0,2" hai="12,15,40,45,50,56,63,65,90,93,96,132,134,135" machi="96" ten="30,7900,0" yaku="1,1,0,1,20,1,53,1" doraHai="110" doraHaiUra="39" who="1" fromWho="1" sc="400,-20,56,99,331,-39,193,-20" /><INIT seed="7,0,0,4,1,70" ten="380,155,292,173" oya="3" hai0="114,39,27,97,66,16,28,23,80,125,94,79,76" hai1="0,71,26,61,53,47,115,78,9,22,69,98,75" hai2="12,68,5,95,30,100,109,107,131,7,14,57,91" hai3="4,49,122,21,15,50,63,104,56,44,67,25,51"/><W3/><G3/><T126/><D114/><U99/><E115/><V77/><F68/><W89/><G104/><T31/><D66/><U62/><E75/><V82/><F30/><W105/><G105/><T102/><D39/><U20/><E78/><N who="0" m="29737" /><D80/><U117/><E47/><V60/><F109/><W42/><G122/><T84/><D84/><U87/><E87/><N who="2" m="52735" /><F131/><W129/><G129/><T73/><D73/><U106/><E106/><V120/><F7/><W93/><G15/><T81/><D81/><U116/><E53/><N who="2" m="33839" /><F5/><W52/><G4/><T33/><D33/><U83/><E83/><V38/><F38/><W41/><G41/><T55/><D55/><U112/><E112/><V92/><F92/><W65/><G65/><T123/><D123/><U36/><E36/><V72/><F120/><W111/><G67/><T85/><D85/><U119/><E119/><V118/><F118/><W1/><G1/><T103/><D103/><U45/><E45/><V134/><F134/><W135/><G135/><T127/><AGARI ba="0,0" hai="16,23,27,28,31,94,97,102,125,126,127" m="29737" machi="127" ten="40,2700,0" yaku="18,1,54,1" doraHai="70" who="0" fromWho="0" sc="380,27,155,-7,292,-7,173,-13" owari="407,50.0,148,-35.0,285,9.0,160,-24.0" /></mjloggm>