<mjloggm ver="2.3"><GO type="97" lobby="0"/><UN n0="%6A%69%6B%6F%6A%6D%68" n1="%E9%9B%80%E9%AC%BC%E8%94%B5%E6%88%B8" n2="%4E%61%6E%6F%4E%61%6E%6F" n3="%E5%B0%B1%E6%B4%BB%E7%94%9F%40%E5%B7%9D%E6%9D%91%E8%BB%8D%E5%9B%A3" dan="15,15,14,15" rate="2029.19,1953.82,1970.84,2012.67" sx="M,M,M,M"/><TAIKYOKU oya="0"/><INIT seed="0,0,0,1,5,27" ten="250,250,250,250" oya="0" hai0="85,122,67,115,41,116,106,37,103,86,70,1,26" hai1="129,69,134,110,2,35,13,83,34,88,71,32,48" hai2="23,4,96,6,18,123,39,46,5,120,11,84,75" hai3="131,24,52,82,127,38,132,64,130,73,9,57,126"/><T133/><D116/><U61/><E2/><V40/><F75/><W105/><G38/><T59/><D115/><U45/><E129/><N who="3" m="49162" /><G105/><T102/><D122/><U31/><E110/><V101/><F11/><W117/><G117/><T43/><D1/><U79/><E13/><V62/><F84/><W109/><G109/><T100/><D106/><U25/><E134/><V42/><F42/><N who="0" m="15882" /><D70/><U80/><E69/><V66/><F96/><W15/><G132/><T135/><D37/><U113/><E113/><V77/><F101/><W60/><G24/><T111/><D111/><U7/><E7/><V63/><F77/><N who="3" m="44335" /><G64/><T33/><D33/><U53/><E71/><V3/><F3/><W104/><G104/><T0/><D133/><U74/><REACH who="1" step="1"/><E61/><REACH who="1" ten="250,240,250,250" step="2"/><V21/><F63/><W68/><G68/><T8/><D0/><U14/><E14/><V50/><F62/><W76/><G76/><T36/><D135/><U124/><E124/><V99/><F120/><W94/><G127/><T78/><D78/><U29/><E29/><V17/><F123/><W22/><G126/><T16/><D36/><U44/><E44/><V72/><F46/><W114/><G15/><N who="0" m="7271" /><D26/><U121/><E121/><V128/><F39/><W97/><G114/><T30/><D30/><U107/><E107/><V89/><F128/><W47/><G47/><T91/><D67/><U93/><E93/><V56/><F66/><W81/><G94/><N who="0" m="54639" /><D59/><U28/><E28/><V125/><F56/><W87/><G57/><T54/><D54/><U112/><E112/><V20/><F125/><W90/><G52/><T58/><D58/><RYUUKYOKU ba="0,1" sc="250,15,240,15,250,-15,250,-15" hai0="86,100,102,103" hai1="25,31,32,34,35,45,48,53,74,79,80,83,88" /><INIT seed="0,1,1,4,3,125" ten="265,255,235,235" oya="0" hai0="126,17,119,81,95,96,38,25,79,114,39,50,5" hai1="63,34,29,65,14,32,83,26,120,36,86,42,54" hai2="18,76,24,115,9,60,73,91,35,31,40,111,124" hai3="58,68,49,121,48,102,80,62,131,89,85,78,28"/><T130/><D119/><U6/><E120/><V77/><F115/><W8/><G68/><T20/><D114/><U22/><E42/><V72/><F124/><W90/><G121/><T52/><D130/><U44/><E36/><V2/><F40/><W127/><G127/><T113/><D5/><U51/><E14/><V1/><F111/><W15/><G131/><T94/><D126/><U0/><E0/><V69/><F91/><N who="3" m="34827" /><G28/><T133/><D133/><U100/><E100/><V118/><F118/><W27/><G27/><T67/><D113/><U23/><E23/><V110/><F110/><W98/><G102/><T66/><D39/><U16/><E6/><N who="2" m="1231" /><F18/><N who="3" m="8551" /><G98/><T82/><D38/><U61/><E32/><V132/><F132/><W3/><G3/><T135/><D135/><U37/><E37/><V104/><F2/><W64/><AGARI ba="1,1" hai="48,49,58,62,64,78,80,85" m="8551,34827" machi="64" ten="30,1100,0" yaku="8,1" doraHai="125" who="3" fromWho="3" sc="265,-6,255,-4,235,-4,235,24" /><INIT seed="1,0,0,0,0,96" ten="259,251,231,259" oya="1" hai0="94,86,102,42,60,66,43,70,46,128,99,16,89" hai1="19,63,75,111,95,106,35,23,48,105,100,61,37" hai2="113,64,50,97,34,115,82,51,73,121,120,90,5" hai3="68,91,62,55,79,104,103,109,27,88,110,40,32"/><U132/><E35/><V8/><F34/><W9/><G40/><T38/><D128/><U58/><E75/><V26/><F64/><N who="3" m="40983" /><G79/><T78/><D43/><U0/><E0/><N who="2" m="39" /><F26/><W57/><G9/><T20/><D78/><U130/><E37/><V108/><F108/><N who="3" m="41579" /><G27/><T10/><D10/><U127/><E111/><V24/><F24/><W77/><G77/><T7/><D7/><U114/><E114/><N who="2" m="43531" /><F97/><N who="3" m="61551" /><G32/><T122/><D122/><N who="2" m="47210" /><F90/><W124/><G124/><T134/><D134/><U131/><E127/><V98/><F98/><W53/><G53/><T44/><D44/><U125/><E132/><V6/><F6/><W74/><G74/><T3/><D3/><U129/><E125/><V76/><AGARI ba="0,0" hai="50,51,73,76,82" m="47210,43531,39" machi="76" ten="40,1500,0" yaku="11,1" doraHai="96" who="2" fromWho="2" sc="259,-4,251,-7,231,15,259,-4" /><INIT seed="2,0,0,2,4,45" ten="255,244,246,255" oya="2" hai0="119,44,95,105,20,75,29,23,12,101,102,122,10" hai1="81,133,22,15,1,74,41,128,111,26,93,104,116" hai2="38,130,37,132,71,17,80,2,30,82,67,134,70" hai3="5,91,121,35,24,72,0,4,88,127,66,3,60"/><V68/><F82/><W9/><G72/><T61/><D122/><U123/><E104/><V107/><F80/><W56/><G121/><T108/><D75/><U43/><E1/><V8/><F107/><W89/><G127/><T46/><D105/><U59/><E74/><V131/><F30/><W90/><N who="3" m="23040" /><DORA hai="28" /><W54/><G5/><T65/><D108/><U114/><E81/><V14/><F67/><W50/><G24/><T39/><D119/><U31/><E111/><V40/><F2/><W126/><G126/><T86/><D86/><U118/><E118/><V76/><F76/><W117/><G117/><T18/><D39/><N who="2" m="14858" /><F40/><W64/><G35/><T48/><D29/><U51/><E31/><V124/><F124/><W27/><G27/><T96/><D102/><U84/><E26/><V120/><F120/><W69/><G64/><T129/><D129/><AGARI ba="0,0" hai="8,14,17,68,70,71,129,130,131,132,134" m="14858" machi="129" ten="40,2000,0" yaku="19,1" doraHai="45,28" who="2" fromWho="0" sc="255,-20,244,0,246,20,255,0" /><INIT seed="2,1,0,4,5,79" ten="235,244,266,255" oya="2" hai0="126,53,36,69,83,101,55,13,120,21,116,89,114" hai1="103,3,99,51,18,63,56,35,122,31,42,96,44" hai2="16,65,19,111,91,23,66,93,6,27,43,25,98" hai3="124,8,11,45,108,105,74,86,131,72,10,70,64"/><V1/><F111/><W59/><G105/><T76/><D114/><U68/><E68/><V2/><F43/><W14/><G70/><T117/><D120/><U106/><E3/><V9/><REACH who="2" step="1"/><F1/><REACH who="2" ten="235,244,256,255" step="2"/><W17/><G108/><T47/><D117/><U54/><E122/><V100/><F100/><W84/><G131/><T28/><D101/><U15/><E103/><V109/><F109/><W61/><G124/><T135/><D126/><U71/><E42/><V82/><F82/><W29/><G72/><T81/><D83/><U7/><E106/><V118/><F118/><W24/><G74/><T46/><D81/><U60/><E99/><V20/><AGARI ba="1,1" hai="2,6,9,16,19,20,23,25,27,65,66,91,93,98" machi="20" ten="30,11700,0" yaku="1,1,0,1,9,1,54,1,53,0" doraHai="79" doraHaiUra="112" who="2" fromWho="2" sc="235,-40,244,-40,256,130,255,-40" /><INIT seed="2,2,0,5,2,79" ten="195,204,386,215" oya="2" hai0="132,44,98,12,104,15,17,83,101,110,106,57,122" hai1="14,69,16,119,125,127,134,37,71,52,0,60,111" hai2="115,18,77,99,66,56,126,45,7,102,6,49,72" hai3="47,4,80,39,3,73,92,81,59,91,130,38,30"/><V21/><F115/><W43/><G130/><T51/><D122/><U58/><E37/><V8/><F126/><N who="1" m="48137" /><E0/><V1/><F7/><W131/><G131/><T40/><D110/><U118/><E111/><V88/><F72/><W112/><G112/><T74/><D132/><U123/><E123/><V87/><F77/><W113/><G113/><T48/><D106/><U26/><E26/><V94/><F66/><W109/><G109/><T67/><D74/><U13/><E13/><V11/><F56/><W124/><G30/><T82/><D12/><U116/><E134/><V68/><F68/><W32/><G32/><T78/><D78/><U105/><E105/><V33/><F33/><W36/><G124/><T107/><D107/><U100/><E100/><V22/><F11/><AGARI ba="2,0" hai="11,14,16,52,58,60,69,71,116,118,119" m="48137" machi="11" ten="40,5200,0" yaku="18,1,54,2" doraHai="79" who="1" fromWho="2" sc="195,0,204,58,386,-58,215,0" /><INIT seed="3,0,0,3,5,92" ten="195,262,328,215" oya="3" hai0="107,126,101,10,122,64,134,71,62,61,7,52,37" hai1="83,43,97,121,130,47,48,84,102,25,100,120,29" hai2="22,56,27,12,58,87,60,4,31,90,68,44,50" hai3="17,13,86,45,111,113,70,1,15,89,67,69,63"/><W40/><G1/><T57/><D122/><U78/><E102/><V93/><F68/><W117/><G113/><T54/><D126/><U98/><E98/><V99/><F60/><W76/><G117/><T16/><D134/><U104/><REACH who="1" step="1"/><E130/><REACH who="1" ten="195,252,328,215" step="2"/><V81/><F4/><W95/><G111/><T65/><D101/><U79/><E79/><N who="2" m="46527" /><F12/><W18/><G76/><T88/><D107/><U123/><E123/><V53/><AGARI ba="0,1" hai="22,27,31,44,50,53,56,58,90,93,99" m="46527" machi="53" ten="30,2000,0" yaku="8,1,52,1" doraHai="92" who="2" fromWho="2" sc="195,-5,252,-5,328,30,215,-10" owari="190,-31.0,247,5.0,358,45.0,205,-19.0" /></mjloggm>