<mjloggm ver="2.3"><GO type="169" lobby="0"/><UN n0="%E3%83%AD%E3%83%83%E3%83%86%E9%9B%80%E7%90%83" n1="%E9%87%8C%E4%B8%AD%E4%BA%9C%E7%9F%A2%E5%AD%90" n2="%E5%B0%B1%E6%B4%BB%E7%94%9F%40%E5%B7%9D%E6%9D%91%E8%BB%8D%E5%9B%A3" n3="%41%79%6F%75%46" dan="17,16,17,18" rate="2139.99,2069.18,2084.28,2204.62" sx="M,F,M,M"/><TAIKYOKU oya="0"/><INIT seed="0,0,0,1,5,59" ten="250,250,250,250" oya="0" hai0="63,0,116,77,38,100,25,56,75,106,6,111,114" hai1="103,101,21,82,127,123,45,41,44,98,16,102,132" hai2="27,36,10,3,133,42,135,20,64,79,18,8,112" hai3="53,115,37,7,68,65,107,19,34,26,22,119,73"/><T99/><D114/><U104/><E123/><V66/><F112/><W70/><G73/><T109/><D116/><U89/><E132/><N who="2" m="50763" /><F79/><W15/><G107/><T126/><D126/><U28/><E28/><V57/><F3/><W85/><G37/><T81/><D38/><U51/><E127/><V17/><F57/><W134/><G115/><T40/><D40/><U90/><E90/><V69/><F69/><W125/><G119/><T2/><D25/><U54/><E82/><V1/><F1/><W60/><G134/><T94/><D106/><U9/><E9/><N who="2" m="3691" /><F17/><W12/><G7/><T58/><D58/><U84/><E84/><V55/><F55/><W113/><G70/><T83/><D83/><U61/><E89/><V121/><F121/><W128/><G113/><T43/><D43/><U30/><E30/><V96/><F96/><W124/><G53/><N who="0" m="34191" /><D6/><U32/><E32/><V33/><F33/><W47/><G47/><AGARI ba="0,0" hai="18,20,27,36,42,47,64,66" m="3691,50763" machi="47" ten="30,1000,0" yaku="20,1" doraHai="59" who="2" fromWho="3" sc="250,0,250,0,250,10,250,-10" /><INIT seed="1,0,0,2,2,4" ten="250,250,260,240" oya="1" hai0="126,110,135,128,50,64,105,49,26,40,14,61,16" hai1="42,67,130,35,70,37,96,97,24,51,114,33,68" hai2="65,8,48,127,32,12,100,9,81,119,85,66,111" hai3="87,21,52,75,27,31,103,23,69,102,120,10,11"/><U82/><E114/><V133/><F32/><W41/><G75/><T7/><D110/><U6/><E37/><V90/><F111/><W53/><G69/><T1/><D126/><U17/><E130/><V62/><F119/><W78/><G41/><T99/><D128/><U56/><E6/><V91/><F127/><W73/><G73/><T58/><D135/><U129/><E82/><V19/><F100/><N who="3" m="38443" /><G120/><T18/><D105/><U122/><E122/><V107/><F107/><W15/><G78/><T88/><D1/><U47/><E129/><V22/><F133/><W30/><G87/><T55/><D40/><U109/><E35/><V131/><F131/><W5/><G11/><N who="2" m="4169" /><F62/><W112/><G112/><T2/><D2/><U57/><E109/><V43/><F91/><W117/><G117/><T74/><D74/><U134/><E134/><V104/><F104/><W83/><G83/><T123/><D123/><U79/><E79/><V98/><F98/><W116/><G116/><T94/><D7/><U36/><E33/><V124/><F124/><W125/><G125/><T46/><D14/><U84/><E97/><V60/><F60/><W3/><G3/><T115/><D115/><U39/><E96/><V101/><F101/><W108/><G108/><T34/><REACH who="0" step="1"/><D50/><REACH who="0" ten="240,250,260,240" step="2"/><U106/><E51/><V93/><F81/><W45/><G5/><T29/><AGARI ba="0,1" hai="16,18,26,29,34,46,49,55,58,61,64,88,94,99" machi="29" ten="30,8000,1" yaku="1,1,2,1,0,1,54,2,53,0" doraHai="4" doraHaiUra="121" who="0" fromWho="0" sc="240,90,250,-40,260,-20,240,-20" /><INIT seed="2,0,0,5,3,71" ten="330,210,240,220" oya="2" hai0="38,89,2,132,81,134,77,35,105,64,63,100,40" hai1="91,90,11,8,5,27,102,94,97,66,60,109,12" hai2="129,43,41,73,76,55,133,46,74,20,118,84,24" hai3="58,104,75,83,33,124,32,65,36,68,51,34,28"/><V10/><F118/><W29/><G104/><T117/><D2/><U111/><E11/><V39/><F129/><W93/><G68/><T54/><D117/><U114/><E114/><V96/><F133/><N who="0" m="51306" /><D35/><U19/><E5/><V131/><F131/><W52/><G65/><T99/><D54/><U57/><REACH who="1" step="1"/><E27/><REACH who="1" ten="330,200,240,220" step="2"/><V70/><F10/><W95/><G124/><T13/><D13/><U26/><E26/><V116/><F116/><W122/><G122/><T18/><D18/><U4/><E4/><V61/><F24/><W62/><G29/><T119/><D119/><U86/><E86/><V48/><F74/><W125/><G28/><T78/><D89/><AGARI ba="0,1" hai="8,12,19,57,60,66,89,90,91,94,97,102,109,111" machi="89" ten="40,8000,1" yaku="1,1,53,3" doraHai="71" doraHaiUra="87" who="1" fromWho="0" sc="330,-80,200,90,240,0,220,0" /><INIT seed="3,0,0,5,3,123" ten="250,290,240,220" oya="3" hai0="67,66,18,32,47,21,63,15,14,55,38,85,76" hai1="26,8,60,22,1,93,48,28,82,81,45,5,98" hai2="115,90,53,134,27,43,133,59,50,58,75,70,0" hai3="127,107,102,84,88,109,33,130,77,101,41,105,25"/><W125/><G41/><T99/><D32/><U132/><E132/><N who="2" m="50795" /><F0/><W35/><G77/><T39/><D39/><U122/><E122/><V29/><F75/><W95/><G35/><T51/><D38/><U118/><E118/><V52/><F115/><W100/><G33/><T61/><D99/><U6/><E6/><V3/><F3/><W87/><G25/><T96/><D96/><U69/><E69/><V113/><F113/><W112/><G112/><T31/><D31/><U94/><E60/><N who="0" m="23113" /><D14/><U79/><E79/><V64/><F90/><N who="3" m="53703" /><G130/><T108/><D108/><U54/><REACH who="1" step="1"/><E94/><REACH who="1" ten="250,280,240,220" step="2"/><V71/><F64/><W119/><G119/><T11/><D67/><U106/><E106/><N who="3" m="40458" /><G109/><T56/><D66/><U131/><E131/><V104/><F104/><W23/><G23/><T78/><D21/><U46/><E46/><N who="2" m="25951" /><F71/><W80/><AGARI ba="0,1" hai="80,87,88,100,101,102,125,127" m="40458,53703" machi="80" ten="40,7800,0" yaku="34,2,54,1" doraHai="123" who="3" fromWho="3" sc="250,-26,280,-26,240,-26,220,88" /><INIT seed="3,1,0,0,4,14" ten="224,254,214,308" oya="3" hai0="35,2,1,69,4,98,95,9,71,65,126,91,113" hai1="61,127,60,25,49,76,135,122,133,43,23,26,82" hai2="87,67,118,110,116,10,68,40,31,79,63,44,104" hai3="130,109,37,21,51,32,119,125,27,92,33,111,90"/><W97/><G37/><T64/><D126/><U59/><E127/><V45/><F110/><N who="3" m="41995" /><G125/><T8/><D35/><U47/><E122/><V131/><F104/><W83/><G119/><T46/><D113/><U0/><E0/><V11/><F131/><W30/><G130/><T29/><D29/><U99/><E99/><V36/><F31/><W15/><G51/><T134/><D134/><N who="1" m="51211" /><E59/><V108/><F108/><W66/><G66/><T123/><D123/><U100/><E100/><V114/><F114/><W12/><G83/><T93/><D46/><U7/><E7/><V3/><F45/><W50/><G50/><T105/><D105/><U56/><E56/><V73/><F87/><W107/><G107/><T6/><D98/><U112/><E112/><V38/><F38/><W89/><G90/><AGARI ba="1,0" hai="1,2,4,6,8,9,64,65,69,71,90,91,93,95" machi="90" ten="25,1600,0" yaku="22,2" doraHai="14" who="0" fromWho="3" sc="224,19,254,0,214,0,308,-19" /><INIT seed="4,0,0,0,5,109" ten="243,254,214,289" oya="0" hai0="19,72,108,40,23,76,45,52,37,113,66,38,44" hai1="47,64,106,65,125,116,100,78,33,8,22,13,18" hai2="115,61,92,11,135,71,67,97,131,42,124,1,93" hai3="3,102,111,90,59,0,2,129,119,51,74,118,26"/><T128/><D113/><U7/><E116/><V55/><F42/><W49/><G74/><T86/><D108/><U31/><E125/><V121/><F121/><W89/><G111/><T83/><D128/><U27/><E78/><V60/><F115/><W95/><G102/><T46/><D66/><U82/><E82/><V24/><F124/><W17/><G129/><T35/><D35/><U87/><E87/><V58/><F131/><W21/><G89/><T14/><D37/><U91/><E91/><V81/><F135/><W77/><G77/><T85/><D72/><U5/><E47/><V134/><F134/><W103/><G103/><T48/><REACH who="0" step="1"/><D86/><REACH who="0" ten="233,254,214,289" step="2"/><U99/><REACH who="1" step="1"/><E5/><REACH who="1" ten="233,244,214,289" step="2"/><V36/><F36/><W15/><G119/><T105/><D105/><U16/><E16/><V73/><F73/><W70/><G118/><T30/><D30/><U43/><E43/><V114/><F114/><W98/><G17/><T6/><D6/><U117/><E117/><V12/><F67/><W96/><G96/><T53/><D53/><U112/><E112/><V127/><F55/><W80/><G98/><T50/><D50/><U101/><E101/><V41/><F97/><W29/><G51/><T9/><D9/><U4/><E4/><V69/><F41/><W20/><G49/><T88/><D88/><U107/><E107/><V25/><F11/><W79/><G90/><T54/><D54/><U84/><E84/><V39/><F39/><W104/><G104/><T32/><D32/><U62/><E62/><V133/><F133/><W56/><G79/><T130/><D130/><U75/><E75/><RYUUKYOKU ba="0,2" sc="233,15,244,15,214,-15,289,-15" hai0="14,19,23,38,40,44,45,46,48,52,76,83,85" hai1="7,8,13,18,22,27,31,33,64,65,99,100,106" /><INIT seed="4,1,2,2,4,42" ten="248,259,199,274" oya="0" hai0="97,129,61,101,81,63,65,73,21,11,45,84,99" hai1="48,35,15,120,31,115,26,56,119,117,78,43,87" hai2="88,17,0,50,98,18,110,114,96,67,7,10,28" hai3="133,53,104,121,4,54,49,91,16,77,6,70,86"/><T2/><D129/><U62/><E120/><V85/><F110/><W94/><G104/><T12/><D73/><U130/><E130/><V93/><F114/><W109/><G109/><T27/><D2/><U80/><E115/><V46/><F28/><W3/><G70/><T89/><D45/><U14/><E14/><V113/><F67/><W32/><G32/><T134/><D134/><U102/><E102/><V123/><F123/><W1/><G121/><T33/><D33/><U23/><E15/><N who="2" m="5599" /><F113/><W68/><G68/><T82/><D82/><U40/><E35/><V108/><F0/><W69/><G69/><T128/><D128/><U124/><E124/><V24/><F108/><W9/><G133/><T25/><D65/><U95/><E95/><N who="2" m="54671" /><F24/><N who="0" m="9290" /><D21/><U118/><REACH who="1" step="1"/><E48/><REACH who="1" ten="248,249,199,274" step="2"/><V107/><F107/><W22/><G3/><T92/><D99/><N who="2" m="37930" /><F93/><W132/><G132/><T19/><AGARI ba="1,3" hai="11,12,19,61,63,81,84,89,92,97,101" m="9290" machi="19" ten="30,1500,0" yaku="8,1" doraHai="42" who="0" fromWho="0" sc="248,48,249,-6,199,-6,274,-6" /><INIT seed="4,2,0,3,1,86" ten="296,243,193,268" oya="0" hai0="130,82,46,104,126,4,28,78,117,24,109,89,63" hai1="97,87,80,92,99,5,13,42,77,27,133,121,64" hai2="120,75,52,57,96,125,48,38,113,20,26,8,91" hai3="39,18,34,83,108,53,35,45,88,54,14,60,93"/><T55/><D117/><U61/><E121/><V6/><F75/><W72/><G108/><T123/><D123/><U10/><E133/><V0/><F38/><W127/><G127/><T40/><D126/><U12/><E27/><V134/><F120/><W19/><G19/><T31/><D109/><U122/><E122/><V58/><F113/><W102/><G102/><T3/><D104/><U47/><E13/><V76/><F125/><W98/><G72/><T128/><D4/><U79/><E79/><V101/><F76/><W9/><G83/><T1/><D55/><U106/><E106/><V95/><F134/><W44/><G54/><T132/><D63/><U85/><E85/><V56/><REACH who="2" step="1"/><F101/><REACH who="2" ten="296,243,183,268" step="2"/><W71/><G39/><T37/><D78/><U49/><REACH who="1" step="1"/><E92/><REACH who="1" ten="296,233,183,268" step="2"/><V70/><F70/><AGARI ba="2,2" hai="5,10,12,42,47,49,61,64,70,77,80,87,97,99" machi="70" ten="30,8000,1" yaku="1,1,2,1,7,1,25,2,53,0" doraHai="86" doraHaiUra="118" who="1" fromWho="2" sc="296,0,233,106,183,-86,268,0" /><INIT seed="5,0,0,1,4,92" ten="296,339,97,268" oya="1" hai0="50,67,44,68,34,3,46,32,63,110,24,114,93" hai1="31,13,76,86,15,112,123,87,72,99,5,88,23" hai2="81,83,104,107,131,4,74,126,69,26,120,103,71" hai3="102,100,101,73,48,84,64,6,17,19,29,52,115"/><U40/><E123/><V38/><F38/><W7/><G73/><T133/><D110/><U1/><E72/><V124/><F4/><N who="3" m="1579" /><G64/><T41/><D3/><U37/><E1/><V59/><F120/><W39/><G39/><T85/><D114/><U12/><E37/><V36/><F36/><W33/><G33/><T42/><D133/><U117/><E40/><V57/><F74/><W62/><G62/><T106/><D106/><U22/><E117/><V0/><F0/><W18/><G115/><T82/><D93/><N who="1" m="56743" /><E112/><V97/><F26/><W47/><G29/><T105/><D105/><U111/><E5/><V129/><REACH who="2" step="1"/><F103/><REACH who="2" ten="296,339,87,268" step="2"/><W56/><G102/><T8/><D24/><N who="1" m="16791" /><E111/><V66/><F66/><W58/><G101/><T49/><REACH who="0" step="1"/><D8/><REACH who="0" ten="286,339,87,268" step="2"/><U20/><E76/><AGARI ba="0,2" hai="32,34,41,42,44,46,49,50,63,67,68,76,82,85" machi="76" ten="30,8000,1" yaku="1,1,2,1,7,1,9,1,53,1" doraHai="92" doraHaiUra="65" who="0" fromWho="1" sc="286,100,339,-80,87,0,268,0" /><INIT seed="6,0,0,0,0,20" ten="386,259,87,268" oya="2" hai0="96,46,80,79,13,107,10,118,33,77,63,27,38" hai1="23,64,61,86,85,121,98,73,112,49,81,21,110" hai2="74,62,66,25,119,67,42,134,35,68,127,125,59" hai3="113,15,32,11,89,28,17,84,71,16,9,115,51"/><V12/><F74/><W37/><G37/><T75/><D79/><U131/><E110/><V1/><F1/><W108/><G71/><T6/><D118/><U130/><E112/><N who="3" m="43082" /><G108/><T94/><D107/><U105/><E121/><V30/><F119/><W92/><G51/><T95/><D63/><U128/><E73/><V133/><F12/><N who="3" m="7199" /><G28/><T24/><D33/><AGARI ba="0,0" hai="9,15,17,32,33,84,89,92" m="7199,43082" machi="33" ten="30,3900,0" yaku="15,1,11,1,54,1" doraHai="20" who="3" fromWho="0" sc="386,-39,259,0,87,0,268,39" /><INIT seed="7,0,0,2,0,79" ten="347,259,87,307" oya="3" hai0="24,127,68,7,78,103,46,8,111,91,43,9,131" hai1="11,72,10,130,58,128,20,60,40,73,36,89,15" hai2="76,67,90,87,121,106,39,120,114,124,88,4,116" hai3="97,26,134,92,112,0,45,64,13,135,62,118,33"/><W17/><G0/><T75/><D111/><U104/><E104/><V54/><F4/><W94/><G118/><T34/><D68/><U96/><E40/><V22/><F22/><W119/><G119/><T35/><D103/><U113/><E36/><V105/><F67/><W86/><G112/><T110/><D110/><U66/><E113/><V81/><F54/><W99/><G45/><T3/><D127/><U56/><E20/><V101/><F39/><W122/><G122/><T71/><D71/><U61/><E96/><V132/><F116/><W42/><G42/><T41/><D41/><U50/><E50/><V133/><F114/><W51/><G51/><T28/><D131/><U6/><E89/><V18/><F18/><W47/><G47/><T57/><D57/><U83/><E11/><V37/><F37/><W21/><G86/><T49/><D9/><U29/><E29/><V74/><F124/><W117/><G117/><T125/><D125/><U123/><E72/><V82/><F90/><W16/><G99/><T2/><D91/><U65/><REACH who="1" step="1"/><E123/><REACH who="1" ten="347,249,87,307" step="2"/><N who="2" m="47179" /><F101/><W19/><G33/><T115/><D35/><U109/><E109/><V32/><F32/><W69/><G26/><T12/><D115/><U25/><E25/><V38/><F38/><W100/><G21/><T107/><D107/><U23/><E23/><V14/><F14/><W63/><G13/><T5/><D24/><U59/><E59/><V108/><F108/><W27/><G27/><T70/><D34/><U126/><E126/><V85/><F74/><W30/><G30/><T129/><D75/><U84/><E84/><RYUUKYOKU ba="0,1" sc="347,-15,249,15,87,15,307,-15" hai1="6,10,15,56,58,60,61,65,66,73,83,128,130" hai2="76,81,82,85,87,88,105,106,132,133" owari="342,45.0,264,-14.0,102,-40.0,292,9.0" /></mjloggm>