<mjloggm ver="2.3"><GO type="169" lobby="0"/><UN n0="%62%75%67%79%61%77%69" n1="%E3%82%A6%E3%83%AB%E3%83%88%E3%83%A9%E7%AB%8B%E7%9B%B4" n2="%E3%82%A2%E3%83%83%E3%83%97%E3%83%AB%E3%82%B0%E3%83%9F" n3="%E3%82%B5%E3%83%B3%E3%83%9E%E9%81%93%E6%A5%BD%E4%BB%A3%E8%A1%A8" dan="17,17,17,17" rate="2167.39,2215.99,2173.40,2172.96" sx="M,M,M,M"/><TAIKYOKU oya="0"/><INIT seed="0,0,0,5,4,39" ten="250,250,250,250" oya="0" hai0="56,58,123,31,131,45,2,14,48,53,76,22,75" hai1="98,120,26,71,44,60,92,114,51,30,89,127,17" hai2="84,57,46,116,90,107,105,99,72,27,70,67,100" hai3="115,28,59,4,9,117,8,132,5,33,20,121,93"/><T97/><D123/><U34/><E120/><V111/><F72/><W134/><G121/><T73/><D2/><U87/><E127/><V40/><F111/><W94/><G59/><T80/><D131/><U3/><E3/><V130/><F130/><W96/><G117/><T54/><D97/><U118/><E118/><V24/><F70/><W113/><G20/><T103/><D103/><U85/><E114/><V65/><F107/><W55/><G55/><T126/><D126/><U128/><E128/><V102/><F102/><W108/><G96/><T133/><D133/><N who="3" m="51305" /><G28/><T82/><D14/><U19/><E87/><V1/><F1/><W13/><G33/><T15/><D15/><U12/><E12/><V38/><F116/><W35/><G35/><T36/><D36/><U43/><REACH who="1" step="1"/><E98/><REACH who="1" ten="250,240,250,250" step="2"/><V64/><REACH who="2" step="1"/><F57/><REACH who="2" ten="250,240,240,250" step="2"/><W125/><G125/><T68/><D58/><U81/><E81/><AGARI ba="0,2" hai="24,27,38,40,46,64,65,67,81,84,90,99,100,105" machi="81" ten="40,5200,0" yaku="1,1,2,1,52,1,53,0" doraHai="39" doraHaiUra="91" who="2" fromWho="1" sc="250,0,240,-52,240,72,250,0" /><INIT seed="1,0,0,1,1,86" ten="250,188,312,250" oya="1" hai0="55,0,74,50,6,100,114,101,89,3,15,64,9" hai1="5,38,135,106,58,128,121,127,46,18,108,47,48" hai2="67,123,44,34,21,95,99,119,102,17,122,126,120" hai3="81,16,79,28,25,72,129,32,118,65,76,88,117"/><U36/><E106/><V105/><F119/><N who="3" m="45579" /><G65/><T11/><D74/><U49/><E5/><V42/><F34/><W51/><G51/><N who="1" m="19530" /><E18/><V7/><F126/><W63/><G63/><T56/><D114/><U96/><E96/><V1/><F67/><W94/><G79/><T30/><D30/><U84/><E84/><V62/><F62/><W71/><G71/><T19/><D0/><U83/><E83/><V97/><F7/><W43/><G43/><T31/><D31/><U37/><E121/><V110/><F1/><W24/><G129/><T60/><REACH who="0" step="1"/><D89/><REACH who="0" ten="240,188,312,250" step="2"/><U54/><E128/><V111/><F122/><W27/><G28/><T29/><D29/><U73/><E73/><V8/><F123/><W52/><G32/><T131/><D131/><U35/><E35/><V124/><F120/><W125/><G125/><T39/><D39/><U93/><E127/><V26/><F124/><W116/><G116/><T12/><D12/><U20/><E36/><V61/><F102/><W75/><G75/><T107/><D107/><U33/><E37/><V23/><F105/><W53/><G16/><T45/><AGARI ba="0,1" hai="3,6,9,11,15,19,45,50,55,56,60,64,100,101" machi="45" ten="20,2700,0" yaku="1,1,0,1,7,1,53,0" doraHai="86" doraHaiUra="87" who="0" fromWho="0" sc="240,37,188,-13,312,-7,250,-7" /><INIT seed="2,0,0,2,3,75" ten="277,175,305,243" oya="2" hai0="76,83,18,34,69,31,102,44,21,132,96,125,59" hai1="62,25,110,58,52,90,50,40,115,54,112,46,12" hai2="123,126,107,0,74,94,128,101,92,108,133,29,135" hai3="72,61,80,86,91,33,55,24,48,41,127,117,23"/><V122/><F0/><W71/><G33/><T68/><D132/><N who="2" m="50762" /><F29/><W120/><G127/><T95/><D125/><U7/><E25/><V20/><F20/><W19/><G120/><N who="2" m="46121" /><F126/><W66/><G117/><T67/><D44/><U87/><E110/><V38/><F38/><W37/><G37/><T30/><D59/><U119/><E119/><V105/><F108/><W51/><G41/><T26/><D67/><U113/><E7/><V82/><F128/><W99/><G72/><T81/><D81/><U104/><E12/><V56/><F56/><W70/><G70/><T73/><REACH who="0" step="1"/><D31/><REACH who="0" ten="267,175,305,243" step="2"/><U27/><E27/><AGARI ba="0,1" hai="18,21,26,27,30,34,68,69,73,76,83,95,96,102" machi="27" ten="30,7700,0" yaku="1,1,2,1,7,1,52,1,53,0" doraHai="75" doraHaiUra="100" who="0" fromWho="1" sc="267,87,175,-77,305,0,243,0" /><INIT seed="3,0,0,3,0,41" ten="354,98,305,243" oya="3" hai0="95,82,77,100,43,45,112,53,98,64,26,92,101" hai1="115,42,122,86,50,110,99,123,52,47,118,61,90" hai2="0,131,126,133,81,59,14,46,97,117,31,48,109" hai3="84,94,69,106,78,65,58,125,75,96,16,17,33"/><W120/><G120/><T74/><D112/><U37/><E115/><V34/><F0/><W8/><G33/><T105/><D64/><U132/><E132/><V6/><F117/><W87/><G69/><T104/><D53/><U2/><E118/><V130/><F133/><W85/><G125/><T62/><D62/><U113/><E113/><V66/><F126/><W27/><G106/><T32/><D32/><U36/><E2/><V49/><F97/><W114/><G114/><T83/><D26/><U68/><E99/><V24/><F81/><W1/><G27/><T3/><D3/><U23/><E23/><V54/><F109/><W93/><G93/><T103/><D45/><N who="1" m="27727" /><E90/><V119/><F119/><W127/><G127/><T80/><D43/><U111/><E86/><V20/><F66/><W22/><G22/><T121/><D121/><N who="1" m="46091" /><E36/><V76/><F76/><W12/><G1/><T102/><D95/><U73/><E73/><V56/><F20/><W35/><G35/><T38/><D38/><U135/><E135/><V57/><F14/><W7/><G75/><T67/><D83/><U124/><E124/><V60/><F6/><W107/><G78/><T70/><D82/><U91/><E91/><V10/><F10/><W71/><G107/><T30/><D30/><U134/><E134/><V89/><F89/><N who="3" m="55375" /><G71/><T108/><D108/><N who="1" m="41515" /><E61/><AGARI ba="0,0" hai="7,8,12,16,17,58,61,65,84,85,87" m="55375" machi="61" ten="30,2900,0" yaku="8,1,54,1" doraHai="41" who="3" fromWho="1" sc="354,0,98,-29,305,0,243,29" /><INIT seed="3,1,0,2,5,53" ten="354,69,305,272" oya="3" hai0="121,18,89,101,1,85,65,49,4,48,86,11,42" hai1="23,73,58,39,62,17,133,70,103,9,67,31,97" hai2="20,110,22,60,15,129,2,93,12,57,128,33,113" hai3="25,71,122,35,107,34,75,46,28,117,19,126,120"/><W96/><G19/><T43/><D121/><U118/><E118/><V5/><BYE who="1" /><F113/><W55/><G117/><T134/><D134/><U61/><E61/><V106/><F106/><UN n1="%E3%82%A6%E3%83%AB%E3%83%88%E3%83%A9%E7%AB%8B%E7%9B%B4" /><W59/><G71/><T92/><D65/><U66/><E133/><V74/><F74/><W41/><G75/><T125/><D125/><U88/><E73/><V90/><F33/><W56/><G126/><T112/><D112/><U115/><E39/><V84/><F110/><W32/><G120/><T47/><D101/><U95/><E115/><V80/><F2/><W14/><G122/><T104/><D104/><U132/><E132/><V27/><F80/><W108/><G14/><N who="2" m="5161" /><F5/><W38/><G108/><T102/><D102/><U82/><E9/><V10/><F27/><W105/><G105/><T68/><D68/><U78/><E17/><V98/><F84/><W29/><G29/><T77/><D18/><U111/><E111/><V83/><F83/><W16/><G28/><T8/><D1/><U40/><E40/><V131/><F10/><W130/><G130/><T91/><D77/><U87/><E70/><V119/><F119/><W124/><G124/><T50/><D4/><U94/><E67/><AGARI ba="1,0" hai="20,22,57,60,67,90,93,98,128,129,131" m="5161" machi="67" ten="30,2000,0" yaku="19,1,52,1" doraHai="53" who="2" fromWho="1" sc="354,0,69,-23,305,23,272,0" /><INIT seed="4,0,0,1,2,73" ten="354,46,328,272" oya="0" hai0="115,63,77,50,51,4,37,38,52,127,35,54,108" hai1="126,128,104,65,86,43,71,22,109,18,124,111,105" hai2="56,5,61,101,102,30,69,60,44,103,7,112,57" hai3="95,1,29,84,26,98,129,25,47,16,81,64,19"/><T14/><D35/><U8/><E43/><V33/><F69/><W117/><G1/><T132/><D63/><N who="2" m="24138" /><F33/><W94/><G117/><T0/><D0/><U135/><E65/><V53/><F30/><W82/><G64/><T116/><D116/><U62/><E62/><V114/><F44/><W92/><G129/><T76/><D115/><N who="2" m="44074" /><F53/><W59/><G98/><T123/><D123/><U20/><E71/><V74/><F74/><W34/><G59/><AGARI ba="0,0" hai="5,7,56,57,59,101,102,103" m="44074,24138" machi="59" ten="40,5200,0" yaku="28,2,15,1" doraHai="73" who="2" fromWho="3" sc="354,0,46,0,328,52,272,-52" /><INIT seed="5,0,0,3,2,97" ten="354,46,380,220" oya="1" hai0="15,120,117,38,112,128,14,111,22,28,125,39,26" hai1="6,7,66,0,68,110,37,88,49,107,135,4,102" hai2="115,108,1,118,71,92,65,93,119,101,133,100,90" hai3="99,18,105,50,122,87,132,53,130,40,25,81,11"/><U73/><E37/><V89/><F1/><W74/><G74/><T75/><D117/><N who="2" m="44554" /><F65/><W67/><G67/><T13/><D75/><U42/><E110/><V33/><F33/><W31/><G130/><T29/><D111/><U124/><E124/><V52/><F52/><W41/><G132/><T54/><D128/><U114/><E135/><V46/><F46/><W17/><G122/><T10/><D120/><U98/><E73/><V96/><F71/><W16/><G11/><T60/><D112/><U48/><E114/><V19/><F19/><W85/><G85/><T45/><D125/><U116/><E116/><V30/><F30/><W79/><G105/><T5/><D39/><U78/><E78/><V21/><F21/><N who="3" m="15791" /><G99/><T34/><D38/><U20/><E0/><V126/><F126/><W58/><AGARI ba="0,0" hai="16,17,18,40,41,50,53,58,79,81,87" m="15791" machi="58" ten="30,2000,0" yaku="8,1,54,1" doraHai="97" who="3" fromWho="3" sc="354,-5,46,-10,380,-5,220,20" /><INIT seed="6,0,0,4,2,44" ten="349,36,375,240" oya="2" hai0="60,16,10,97,81,120,52,108,50,83,109,26,131" hai1="117,24,76,92,110,36,91,41,98,58,55,57,69" hai2="115,3,72,122,75,70,65,88,39,35,84,135,37" hai3="128,123,78,101,111,96,6,125,121,18,25,129,126"/><V94/><F122/><N who="3" m="46603" /><G6/><T82/><D120/><U45/><E117/><V23/><F35/><W134/><G18/><T106/><D131/><N who="3" m="50249" /><G25/><T15/><D60/><U31/><E69/><V51/><F3/><W46/><G78/><T80/><N who="0" m="20480" /><DORA hai="74" /><T12/><D26/><U32/><E110/><V79/><F23/><W73/><G73/><T20/><D97/><U77/><REACH who="1" step="1"/><E58/><REACH who="1" ten="349,26,375,240" step="2"/><V127/><F75/><W38/><G111/><T53/><D106/><U107/><E107/><V9/><F70/><W33/><G33/><T63/><D108/><U64/><E64/><V130/><F65/><W19/><G38/><T59/><D109/><U66/><E66/><V86/><F37/><W34/><G34/><T56/><REACH who="0" step="1"/><D15/><REACH who="0" ten="339,26,375,240" step="2"/><U0/><E0/><V132/><F72/><W30/><G126/><T28/><D28/><U87/><E87/><V42/><F84/><W105/><G30/><T71/><D71/><U124/><E124/><V40/><F86/><W99/><G125/><T114/><D114/><U89/><E89/><V14/><F88/><W27/><G105/><T95/><D95/><U48/><AGARI ba="0,2" hai="24,31,32,36,41,45,48,55,57,76,77,91,92,98" machi="48" ten="20,12000,2" yaku="1,1,0,1,7,1,52,3,53,0" doraHai="44,74" doraHaiUra="100,103" who="1" fromWho="1" sc="339,-30,26,140,375,-60,240,-30" /><INIT seed="7,0,0,2,3,76" ten="309,166,315,210" oya="3" hai0="86,133,63,48,82,118,120,73,98,35,24,130,96" hai1="51,116,9,124,66,8,6,26,108,81,91,128,88" hai2="56,119,70,46,41,52,59,102,134,34,110,97,121" hai3="38,17,107,45,127,72,117,25,7,69,10,3,93"/><W37/><G117/><T61/><D118/><U100/><E108/><V129/><F34/><W79/><G107/><T106/><D73/><U5/><E116/><V109/><F119/><W65/><G127/><T89/><D120/><U53/><E124/><V77/><F70/><W23/><G69/><T64/><D130/><U44/><E128/><V1/><F1/><W114/><G65/><T16/><D133/><U103/><E66/><V15/><F129/><W105/><G105/><T42/><D106/><U84/><E91/><V12/><F59/><W54/><G93/><T28/><D16/><U0/><E26/><V113/><F134/><W58/><G45/><T101/><D101/><U4/><E4/><V49/><F77/><W125/><G114/><T78/><D78/><U83/><E83/><V30/><F30/><W55/><G125/><T43/><D48/><U112/><E112/><V14/><F113/><W60/><REACH who="3" step="1"/><G54/><REACH who="3" ten="309,166,315,200" step="2"/><T19/><D64/><U111/><REACH who="1" step="1"/><E111/><REACH who="1" ten="309,156,315,200" step="2"/><V135/><F135/><W104/><G104/><T40/><REACH who="0" step="1"/><D19/><REACH who="0" ten="299,156,315,200" step="2"/><U29/><E29/><V123/><F110/><W92/><G92/><T47/><D47/><U21/><E21/><V85/><F109/><W90/><G90/><T131/><D131/><U27/><E27/><V2/><F46/><W62/><G62/><AGARI ba="0,3" hai="24,28,35,40,42,43,61,62,63,82,86,89,96,98" machi="62" ten="40,2600,0" yaku="1,1,52,1,53,0" doraHai="76" doraHaiUra="126" who="0" fromWho="3" sc="299,56,156,0,315,0,200,-26" owari="355,45.0,156,-34.0,315,12.0,174,-23.0" /></mjloggm>