<mjloggm ver="2.3"><GO type="169" lobby="0"/><UN n0="%EF%BC%88%E2%88%AA%EF%BC%BE%CF%89%EF%BC%BE%29%E2%98%86" n1="%62%75%74%69%74%61%6D%61" n2="%E3%83%94%E3%83%A8%E3%83%AA%67" n3="%E3%82%A6%E3%83%AB%E3%83%88%E3%83%A9%E7%AB%8B%E7%9B%B4" dan="16,18,16,17" rate="2106.04,2180.80,2069.14,2136.63" sx="F,M,M,M"/><TAIKYOKU oya="0"/><INIT seed="0,0,0,0,3,117" ten="250,250,250,250" oya="0" hai0="114,130,4,86,43,112,106,30,64,76,31,93,134" hai1="127,9,55,83,10,71,58,111,60,17,102,135,20" hai2="52,94,32,123,81,26,115,56,57,23,96,131,97" hai3="133,126,2,99,18,91,53,22,120,75,128,50,72"/><T109/><D106/><U1/><E111/><V46/><F115/><W3/><G126/><T122/><D109/><U28/><E127/><V21/><F131/><W84/><G99/><N who="2" m="37961" /><F32/><W42/><G42/><T74/><D130/><U41/><E102/><V6/><F6/><W125/><G125/><T116/><D116/><U118/><E28/><N who="2" m="17487" /><F123/><W47/><G133/><T69/><D122/><U51/><E118/><V48/><F94/><W103/><G103/><T35/><D134/><U65/><E1/><V8/><F8/><W88/><G128/><T101/><D4/><U33/><E33/><V82/><F23/><W49/><G120/><T62/><D74/><U110/><E110/><V87/><F81/><W45/><G22/><T54/><D31/><U73/><E135/><V92/><F92/><W39/><G18/><T24/><D101/><U19/><E19/><V38/><F38/><W89/><G39/><T119/><D119/><U12/><REACH who="1" step="1"/><E41/><REACH who="1" ten="250,240,250,250" step="2"/><V124/><F124/><W85/><G2/><T63/><D43/><U61/><E61/><V29/><F29/><W90/><G3/><T121/><D121/><U44/><E44/><V80/><F80/><W68/><G45/><T98/><D112/><U16/><E16/><V105/><F105/><W36/><G47/><T95/><D114/><U78/><AGARI ba="0,1" hai="9,10,12,17,20,51,55,58,60,65,71,73,78,83" machi="78" ten="30,4000,0" yaku="1,1,0,1,53,1" doraHai="117" doraHaiUra="14" who="1" fromWho="1" sc="250,-20,240,50,250,-10,250,-10" /><INIT seed="1,0,0,2,1,133" ten="230,290,240,240" oya="1" hai0="25,56,59,81,46,76,44,18,100,82,101,77,130" hai1="14,117,135,6,13,116,80,93,66,118,23,58,122" hai2="94,16,102,8,21,51,20,85,114,10,89,98,112" hai3="79,69,19,5,7,73,0,4,65,128,86,134,2"/><U63/><E122/><V107/><F51/><W12/><G73/><T47/><D130/><U41/><E135/><V104/><F21/><W88/><G79/><N who="0" m="30283" /><D25/><U28/><E80/><N who="0" m="30825" /><D18/><U22/><E41/><V30/><F30/><W127/><G127/><T120/><D120/><U53/><E6/><V43/><F43/><W31/><G31/><T95/><D95/><U83/><E83/><V49/><F49/><W99/><G99/><T60/><D60/><U1/><E1/><V15/><REACH who="2" step="1"/><F107/><REACH who="2" ten="230,290,230,240" step="2"/><W32/><G134/><T55/><D55/><U113/><E53/><V87/><F87/><W90/><G86/><T24/><D24/><U74/><E23/><V54/><F54/><W68/><G32/><T108/><D108/><U131/><E22/><V111/><F111/><W119/><G128/><T92/><D92/><U48/><E28/><V91/><F91/><W64/><G88/><T121/><D121/><U50/><E131/><V110/><F110/><W62/><G90/><T109/><D109/><U26/><E93/><V17/><F17/><W61/><REACH who="3" step="1"/><G119/><REACH who="3" ten="230,290,230,230" step="2"/><T96/><D96/><U37/><E117/><V71/><F71/><W75/><G75/><T67/><D101/><U29/><E74/><V132/><F132/><W72/><G72/><T11/><D100/><U123/><E118/><V124/><F124/><W27/><G27/><T34/><D34/><U126/><E126/><V36/><F36/><W33/><G33/><T40/><D40/><U35/><E35/><V103/><F103/><W106/><G106/><T38/><D38/><U115/><E116/><V57/><F57/><RYUUKYOKU ba="0,2" sc="230,-15,290,-15,230,15,230,15" hai2="8,10,15,16,20,85,89,94,98,102,104,112,114" hai3="0,2,4,5,7,12,19,61,62,64,65,68,69" /><INIT seed="2,1,2,2,0,8" ten="215,275,245,245" oya="2" hai0="86,55,79,82,23,38,5,18,84,106,7,127,72" hai1="78,2,66,129,40,30,32,36,46,54,98,45,26" hai2="130,63,105,132,118,111,108,75,77,103,6,90,104" hai3="95,89,29,71,25,14,94,4,28,122,70,85,47"/><V99/><F6/><W51/><G122/><T97/><D38/><U49/><E129/><V131/><F118/><W59/><G59/><T88/><D127/><U44/><E2/><V135/><F105/><W100/><G100/><T113/><D113/><U123/><E123/><V101/><F101/><W121/><G121/><T39/><D39/><U60/><E78/><V83/><F63/><W93/><G71/><T80/><D72/><U48/><E98/><V62/><F62/><W21/><G29/><T34/><D34/><U13/><E13/><V37/><F37/><W12/><G70/><T67/><D67/><U91/><E91/><V56/><F56/><W87/><G4/><T107/><D107/><U116/><E116/><V50/><F50/><W81/><G87/><T112/><D112/><U115/><E115/><V0/><F90/><W53/><AGARI ba="1,2" hai="12,14,21,25,28,47,51,53,81,85,89,93,94,95" machi="53" ten="30,7900,0" yaku="0,1,8,1,52,2" doraHai="8" who="3" fromWho="3" sc="215,-21,275,-21,245,-40,245,102" /><INIT seed="3,0,0,2,1,38" ten="194,254,205,347" oya="3" hai0="1,2,70,56,12,61,47,3,27,83,126,98,33" hai1="40,25,45,117,118,60,97,55,72,132,8,125,115" hai2="119,46,73,129,39,26,101,54,57,24,19,51,14" hai3="77,86,122,105,79,52,87,112,95,71,36,7,96"/><W102/><G71/><T6/><D126/><U91/><E72/><V106/><F119/><W76/><G7/><T34/><D70/><U110/><E115/><V30/><F129/><W41/><G112/><T135/><D135/><U28/><E125/><V10/><F73/><W20/><G20/><T90/><D47/><U127/><E127/><V78/><F78/><N who="3" m="30315" /><G52/><T5/><D5/><U123/><E123/><V89/><F30/><W9/><G9/><T15/><D15/><U29/><E8/><V37/><F89/><N who="3" m="53695" /><G41/><T18/><D6/><U104/><E29/><V65/><F37/><W64/><G64/><T94/><D27/><U16/><E55/><V121/><F121/><W81/><G36/><T113/><D113/><U63/><E63/><V108/><F108/><W75/><G122/><T134/><D134/><U88/><E60/><V0/><F0/><W82/><G82/><T58/><D83/><U103/><E132/><V120/><F120/><W68/><G68/><T67/><REACH who="0" step="1"/><D58/><REACH who="0" ten="184,254,205,347" step="2"/><U50/><E117/><V22/><F26/><W31/><G31/><T128/><D128/><U85/><E118/><V4/><F24/><W11/><G11/><AGARI ba="0,1" hai="1,2,3,11,12,18,33,34,56,61,67,90,94,98" machi="11" ten="40,1300,0" yaku="1,1,53,0" doraHai="38" doraHaiUra="111" who="0" fromWho="3" sc="184,23,254,0,205,0,347,-13" /><INIT seed="4,0,0,5,3,44" ten="207,254,205,334" oya="0" hai0="116,103,53,50,81,78,93,54,31,20,117,91,122" hai1="5,97,11,132,130,36,30,104,58,4,0,95,39" hai2="118,83,38,29,99,24,51,35,88,70,127,6,100" hai3="96,27,86,102,115,80,26,133,67,7,82,56,64"/><T119/><D103/><U85/><E132/><V9/><F38/><W124/><G115/><T17/><D31/><U13/><E130/><V110/><F70/><W16/><G7/><T109/><D122/><U14/><E104/><V66/><F110/><W42/><G124/><T121/><D121/><U43/><E30/><V71/><F127/><W48/><G82/><T23/><D109/><U68/><E68/><V76/><F118/><W62/><G67/><T25/><D53/><U92/><E43/><V106/><F51/><W47/><G16/><T2/><D2/><U107/><E107/><V74/><F88/><N who="3" m="51271" /><G133/><T101/><D101/><U12/><E5/><V19/><F19/><W129/><G129/><T98/><D23/><U123/><E85/><V59/><F59/><W32/><G32/><T61/><D61/><U72/><E72/><V37/><F37/><W52/><G64/><T10/><D10/><U55/><E123/><V34/><F34/><W28/><G28/><T125/><D125/><U49/><REACH who="1" step="1"/><E95/><AGARI ba="0,0" hai="26,27,42,47,48,52,56,62,95,96,102" m="51271" machi="95" ten="30,7700,0" yaku="8,1,52,1,54,2" doraHai="44" who="3" fromWho="1" sc="207,0,254,-77,205,0,334,77" /><INIT seed="5,0,0,4,3,47" ten="207,177,205,411" oya="1" hai0="4,75,127,111,122,48,61,131,92,113,44,10,74" hai1="89,13,79,51,46,126,108,54,37,90,53,116,5" hai2="80,84,59,87,114,9,128,95,118,120,86,11,107" hai3="69,41,34,36,100,1,67,68,88,85,77,32,45"/><U133/><E116/><V97/><F118/><W99/><G77/><T60/><D111/><U72/><E133/><V129/><F120/><W115/><G1/><T43/><D113/><U125/><E108/><V102/><F59/><W16/><G115/><T106/><D106/><U105/><E105/><V73/><F11/><W22/><G68/><T30/><D127/><N who="1" m="48651" /><E37/><V19/><F9/><W14/><G67/><T15/><D131/><N who="2" m="50250" /><F19/><W101/><G69/><T23/><D122/><U40/><E5/><V58/><F58/><W117/><G117/><T119/><D119/><U71/><E71/><V24/><F24/><W29/><G29/><T110/><D110/><U12/><E12/><V123/><F123/><W96/><G101/><T20/><D20/><U98/><E13/><V8/><F8/><W6/><G6/><T31/><D31/><U70/><E70/><V93/><F114/><W112/><G112/><T64/><D23/><U33/><E33/><V130/><N who="2" m="50258" /><V18/><DORA hai="26" /><F18/><W83/><G99/><T103/><D30/><U56/><E98/><V55/><F55/><N who="1" m="21001" /><E56/><V52/><F52/><W109/><G109/><T81/><D10/><U104/><E104/><AGARI ba="0,0" hai="14,16,22,32,34,36,41,45,83,85,88,96,100,104" machi="104" ten="30,3900,0" yaku="7,1,54,2" doraHai="47,26" who="3" fromWho="1" sc="207,0,177,-39,205,0,411,39" /><INIT seed="6,0,0,4,2,115" ten="207,138,205,450" oya="2" hai0="91,31,65,70,116,125,132,21,17,101,103,72,53" hai1="78,62,10,38,54,94,18,73,39,40,96,29,109" hai2="117,76,97,121,15,75,87,98,24,52,30,99,120" hai3="25,123,26,14,86,67,118,0,63,55,122,13,36"/><V133/><F75/><W84/><G36/><T16/><D72/><U119/><E109/><V3/><F3/><W130/><G63/><T69/><D132/><U89/><E29/><V27/><F133/><W41/><G67/><T111/><D111/><U22/><E10/><V80/><F117/><W23/><G55/><T11/><D31/><U8/><E8/><V19/><F27/><W92/><G92/><T128/><D128/><U88/><E89/><V20/><REACH who="2" step="1"/><F52/><REACH who="2" ten="207,138,195,450" step="2"/><W46/><G118/><T37/><D116/><U35/><E119/><V126/><F126/><W68/><G0/><T129/><D125/><U44/><E35/><AGARI ba="0,1" hai="15,19,20,24,30,35,76,80,87,97,98,99,120,121" machi="35" ten="40,2000,0" yaku="1,1,53,0" doraHai="115" doraHaiUra="108" who="2" fromWho="1" sc="207,0,138,-20,195,30,450,0" /><INIT seed="6,1,0,0,1,87" ten="207,118,225,450" oya="2" hai0="2,7,33,94,115,54,114,57,62,89,126,78,67" hai1="83,99,18,88,130,48,59,29,120,32,23,96,131" hai2="104,65,108,64,24,98,63,66,21,55,38,35,119" hai3="26,58,28,129,44,86,76,52,22,75,111,84,50"/><V73/><F119/><W106/><G106/><T16/><D33/><U103/><E32/><V127/><F73/><W72/><G129/><T133/><D133/><U60/><E29/><V34/><F38/><W134/><G111/><T105/><D105/><U123/><E48/><V13/><F108/><W9/><G134/><T110/><D126/><U30/><E30/><V36/><F36/><W118/><G118/><T109/><D78/><U100/><E23/><V107/><F127/><W5/><G84/><N who="0" m="52519" /><D7/><U20/><E20/><V27/><F107/><W128/><G128/><N who="1" m="49194" /><E18/><V69/><F13/><W42/><G86/><T112/><D2/><U80/><E59/><V47/><F27/><W40/><G40/><T93/><D93/><N who="1" m="56359" /><E60/><V51/><F35/><W8/><G8/><T37/><D37/><U90/><E90/><V41/><F41/><W53/><G53/><T49/><D16/><U122/><E99/><V4/><F4/><W92/><G9/><T71/><AGARI ba="1,0" hai="49,54,57,62,67,71,109,110,112,114,115" m="52519" machi="71" ten="30,2000,0" yaku="15,1,52,1" doraHai="87" who="0" fromWho="0" sc="207,23,118,-6,225,-11,450,-6" /><INIT seed="7,0,0,5,3,70" ten="230,112,214,444" oya="3" hai0="86,26,39,9,79,13,117,66,59,96,64,134,12" hai1="6,46,32,38,56,126,22,15,48,45,87,33,37" hai2="92,43,81,108,85,41,67,111,24,7,77,51,125" hai3="84,16,132,36,58,74,75,133,104,63,95,76,98"/><W122/><G36/><N who="1" m="13930" /><E87/><V49/><F125/><W35/><G35/><T10/><D39/><U105/><E22/><V72/><F67/><W44/><G44/><N who="1" m="17002" /><E15/><V23/><F7/><W34/><G34/><T80/><D26/><U71/><E6/><V1/><F1/><W115/><G16/><T60/><D96/><U31/><E31/><V97/><F72/><W90/><G95/><T3/><D3/><U110/><E105/><V19/><F111/><W27/><G98/><T21/><D21/><U120/><E32/><V42/><F108/><W93/><G93/><T53/><D12/><U94/><E94/><V107/><F107/><W5/><G104/><T17/><D10/><U121/><E33/><V123/><F123/><N who="1" m="47177" /><E110/><V129/><F129/><W29/><G29/><T65/><D13/><U25/><E25/><V102/><AGARI ba="0,0" hai="19,23,24,41,42,43,49,51,77,81,85,92,97,102" machi="102" ten="30,2000,0" yaku="0,1,8,1" doraHai="70" who="2" fromWho="2" sc="230,-5,112,-5,214,20,444,-10" owari="225,-17.0,107,-39.0,234,3.0,434,53.0" /></mjloggm>