<mjloggm ver="2.3"><GO type="41" lobby="0"/><UN n0="%72%79%75%75%6A%69%6E%32" n1="%66%61%62%6C%65" n2="%E5%B0%B1%E6%B4%BB%E7%94%9F%40%E5%B7%9D%E6%9D%91%E8%BB%8D%E5%9B%A3" n3="%E3%83%A6%E3%82%AD%E3%83%A6%E3%82%AD" dan="14,15,15,15" rate="1868.89,1993.72,1997.38,1999.20" sx="M,M,M,M"/><TAIKYOKU oya="0"/><INIT seed="0,0,0,2,2,2" ten="250,250,250,250" oya="0" hai0="84,90,25,36,70,50,93,98,13,10,121,67,82" hai1="19,75,64,37,33,9,108,3,81,116,74,35,43" hai2="65,107,30,8,104,48,83,68,59,7,129,62,110" hai3="56,111,16,0,6,122,132,34,134,46,76,119,127"/><T103/><D121/><U117/><E64/><V95/><F129/><W69/><G119/><N who="1" m="45642" /><E19/><V49/><F110/><W71/><G111/><T18/><D36/><U128/><E108/><V38/><F38/><W60/><G34/><N who="1" m="12810" /><E128/><V80/><F30/><W114/><G122/><T102/><D50/><U118/><E81/><V17/><F17/><W55/><G76/><T112/><D112/><U100/><E100/><V44/><F49/><W115/><G46/><T91/><REACH who="0" step="1"/><D25/><REACH who="0" ten="240,250,250,250" step="2"/><U4/><E118/><V94/><F68/><W52/><G71/><T45/><D45/><AGARI ba="0,1" hai="3,4,9,37,43,45,74,75" m="12810,45642" machi="45" ten="30,2000,0" yaku="23,1,52,1" doraHai="2" who="1" fromWho="0" sc="240,-20,250,30,250,0,250,0" /><INIT seed="1,0,0,0,4,56" ten="220,280,250,250" oya="1" hai0="135,59,70,34,44,110,66,128,29,7,52,81,79" hai1="83,80,129,118,58,90,92,35,60,122,6,14,87" hai2="130,102,38,36,116,132,84,27,51,21,89,0,133" hai3="72,134,103,62,37,45,98,9,19,33,112,40,99"/><U106/><E129/><V41/><F0/><W10/><G112/><T71/><D128/><U82/><E122/><V75/><F130/><W97/><G72/><T46/><D110/><U68/><E118/><V111/><F75/><W12/><G33/><T76/><D135/><N who="2" m="51786" /><F102/><W77/><G77/><T22/><D34/><U123/><E123/><V26/><F111/><W109/><G109/><T100/><D100/><U104/><E35/><V131/><F131/><W85/><G85/><T108/><D108/><U124/><E68/><V53/><F41/><W117/><G117/><T5/><D71/><U57/><E124/><V24/><F21/><W121/><G121/><T30/><D70/><U39/><E39/><V127/><F127/><W2/><G103/><T31/><D66/><N who="1" m="39183" /><E104/><V17/><F17/><W49/><G37/><T63/><D22/><U91/><E106/><V101/><F101/><W67/><G134/><T28/><N who="0" m="7680" /><DORA hai="86" /><T115/><D115/><U88/><E58/><N who="2" m="33087" /><F116/><W4/><G99/><T69/><D69/><AGARI ba="0,0" hai="2,4,9,10,12,19,40,45,49,62,67,69,97,98" machi="69" ten="30,2000,0" yaku="7,1,52,1" doraHai="56,86" who="3" fromWho="0" sc="220,-20,280,0,250,0,250,20" /><INIT seed="2,0,0,4,3,100" ten="200,280,250,270" oya="2" hai0="87,112,98,4,81,74,91,99,27,68,94,21,69" hai1="104,115,88,41,43,129,22,83,49,122,59,14,107" hai2="44,110,108,79,38,132,23,60,96,135,2,30,85" hai3="125,18,65,10,105,46,116,47,28,119,63,19,64"/><V75/><F2/><W73/><G28/><T17/><D112/><U61/><E129/><V77/><F75/><W113/><G73/><T130/><D130/><U45/><E115/><V33/><F33/><W103/><G113/><T84/><D74/><U48/><E122/><V121/><F121/><W1/><G1/><T114/><D114/><U126/><E126/><V20/><F60/><W128/><G128/><T78/><REACH who="0" step="1"/><D4/><REACH who="0" ten="190,280,250,270" step="2"/><U76/><E43/><N who="2" m="22647" /><F30/><W127/><G125/><T6/><D6/><U31/><E31/><V90/><F23/><W134/><G127/><T7/><D7/><U9/><E22/><V37/><F20/><W97/><G10/><T92/><D92/><U5/><E48/><V11/><F11/><W101/><G63/><T54/><D54/><U50/><E49/><V3/><F3/><W34/><G34/><T8/><D8/><U106/><E61/><V123/><F37/><W12/><G65/><T62/><D62/><U72/><E59/><V82/><F123/><W95/><G95/><T56/><D56/><U53/><E53/><V36/><F36/><W111/><G64/><T117/><D117/><U57/><E57/><V89/><F135/><W86/><G134/><T71/><AGARI ba="0,1" hai="17,21,27,68,69,71,78,81,84,87,91,94,98,99" machi="71" ten="30,2000,0" yaku="1,1,0,1,53,0" doraHai="100" doraHaiUra="32" who="0" fromWho="0" sc="190,30,280,-5,250,-10,270,-5" /><INIT seed="3,0,0,1,1,13" ten="220,275,240,265" oya="3" hai0="40,10,94,126,106,25,76,83,130,114,67,128,39" hai1="32,14,81,118,112,129,17,82,89,45,5,135,31" hai2="38,34,20,4,60,104,123,77,101,63,35,80,119" hai3="107,73,86,109,98,15,8,124,33,30,27,100,9"/><W72/><G124/><T133/><D106/><U42/><E112/><V66/><F38/><W53/><G109/><T16/><D126/><U12/><E118/><V24/><F123/><W91/><G53/><T46/><D114/><U74/><E129/><N who="0" m="49769" /><D133/><U131/><E135/><V50/><F119/><W51/><G51/><T56/><D94/><U121/><E131/><V1/><F1/><W75/><REACH who="3" step="1"/><G15/><REACH who="3" ten="220,275,240,255" step="2"/><N who="0" m="7287" /><D67/><U54/><E121/><V55/><F66/><W28/><G28/><T48/><D25/><U62/><E12/><V23/><F24/><W58/><G58/><T87/><D56/><U18/><E14/><V116/><F55/><W59/><G59/><T95/><D95/><AGARI ba="0,1" hai="8,9,27,30,33,72,73,75,86,91,95,98,100,107" machi="95" ten="40,2000,0" yaku="1,1,53,0" doraHai="13" doraHaiUra="79" who="3" fromWho="0" sc="220,-20,275,0,240,0,255,30" /><INIT seed="3,1,0,2,1,65" ten="200,275,240,285" oya="3" hai0="135,16,134,117,53,123,56,125,33,18,23,74,54" hai1="29,87,72,43,95,131,31,109,0,64,14,68,75" hai2="107,113,11,19,128,90,116,110,115,130,9,57,126" hai3="28,66,32,88,105,44,133,15,61,67,118,35,94"/><W76/><G118/><T30/><D117/><U63/><E0/><V83/><F107/><W106/><G76/><T91/><D123/><U26/><E109/><V2/><F116/><W111/><G133/><T114/><D33/><U55/><E131/><N who="2" m="50219" /><F83/><W127/><G111/><T98/><D74/><U12/><E43/><V50/><F110/><W99/><G44/><T119/><D119/><U77/><E31/><V112/><F90/><W93/><G15/><T45/><D114/><U20/><E55/><V78/><F78/><W96/><G61/><T132/><D125/><U108/><E108/><V5/><F57/><W1/><G28/><T52/><D45/><U22/><E95/><V129/><F50/><W13/><G13/><T97/><D56/><U71/><E71/><V39/><F39/><W101/><G127/><T84/><D30/><U102/><E102/><V70/><F70/><W104/><G1/><T36/><D36/><U80/><REACH who="1" step="1"/><E14/><REACH who="1" ten="200,265,240,285" step="2"/><N who="2" m="7647" /><F129/><W46/><G101/><T3/><D3/><U73/><E73/><V25/><F126/><W58/><G104/><T42/><D42/><U79/><E79/><V85/><F85/><W8/><G106/><T17/><D23/><U6/><E6/><V49/><F49/><W62/><G105/><T100/><D100/><U27/><E27/><AGARI ba="1,1" hai="2,5,9,25,27,112,113,115" m="7647,50219" machi="27" ten="40,5200,0" yaku="19,1,34,2" doraHai="65" who="2" fromWho="1" sc="200,0,265,-55,240,65,285,0" /><INIT seed="4,0,0,3,2,113" ten="200,210,305,285" oya="0" hai0="49,47,62,75,83,92,134,135,17,131,79,40,63" hai1="24,123,32,34,50,73,114,102,1,14,33,37,89" hai2="4,36,54,116,30,128,19,57,26,127,67,87,119" hai3="108,0,41,115,80,39,96,28,101,2,72,82,97"/><T120/><D120/><U118/><E37/><V76/><F36/><W16/><G108/><T94/><D131/><U98/><E1/><V48/><F4/><W84/><G97/><T20/><D62/><U109/><E109/><V25/><F128/><W52/><G82/><T71/><D63/><U66/><E123/><V81/><F67/><W106/><G28/><T103/><D71/><U65/><E73/><V122/><F122/><W5/><G72/><T35/><D35/><U6/><E114/><V10/><F127/><W70/><G70/><T3/><D3/><U68/><E89/><V38/><F38/><W124/><G124/><T88/><D103/><U11/><E68/><V64/><F64/><W107/><G106/><T126/><D126/><U53/><E24/><V110/><F110/><W74/><G74/><T133/><REACH who="0" step="1"/><D88/><REACH who="0" ten="190,210,305,285" step="2"/><U111/><E111/><V117/><F30/><W56/><G0/><T59/><D59/><U77/><E77/><V129/><F129/><W44/><G115/><T61/><D61/><U125/><E125/><V9/><F19/><W99/><G16/><T86/><D86/><U22/><E65/><V42/><F76/><N who="3" m="46087" /><G2/><T55/><D55/><U85/><E66/><V31/><F31/><W15/><G101/><T23/><D23/><U51/><E22/><V21/><F21/><W132/><G99/><T58/><D58/><N who="1" m="33079" /><E85/><V95/><F42/><W130/><G130/><T27/><AGARI ba="0,1" hai="17,20,27,40,47,49,75,79,83,92,94,133,134,135" machi="27" ten="30,6000,0" yaku="1,1,0,1,20,1,53,0" doraHai="113" doraHaiUra="29" who="0" fromWho="0" sc="190,70,210,-20,305,-20,285,-20" /><INIT seed="4,1,0,0,3,134" ten="260,190,285,265" oya="0" hai0="66,58,83,5,17,117,53,59,27,16,129,112,131" hai1="77,1,6,54,73,118,50,95,38,0,32,44,63" hai2="113,104,82,78,80,3,132,72,37,18,74,2,97" hai3="26,67,94,130,22,31,70,56,15,12,107,35,51"/><T40/><D117/><U109/><E109/><V135/><F37/><W8/><G107/><T110/><D112/><U96/><E118/><V123/><F113/><W46/><G130/><N who="0" m="49675" /><D110/><U9/><E32/><V106/><F123/><W48/><G70/><T79/><D5/><U86/><E73/><V43/><F18/><W90/><G35/><T75/><D40/><U116/><E116/><V36/><F82/><W100/><G100/><T60/><D27/><U55/><E38/><V111/><F74/><W76/><G76/><T91/><D91/><U125/><E1/><V93/><F111/><W39/><G39/><T120/><D120/><U49/><E63/><AGARI ba="1,0" hai="16,17,53,58,59,60,63,66,75,79,83" m="49675" machi="63" ten="30,2900,0" yaku="19,1,54,1" doraHai="134" who="0" fromWho="1" sc="260,32,190,-32,285,0,265,0" /><INIT seed="4,2,0,3,5,77" ten="292,158,285,265" oya="0" hai0="37,89,95,66,116,118,88,67,111,65,104,24,74" hai1="17,59,98,91,79,102,124,114,87,2,112,103,64" hai2="121,135,9,99,100,133,127,25,73,56,43,45,123" hai3="40,119,21,86,10,49,131,125,58,110,20,61,130"/><T78/><D104/><U63/><E2/><V0/><F73/><W94/><G119/><T6/><D37/><U75/><E124/><V42/><F25/><W36/><G125/><T26/><D111/><U85/><E75/><V90/><F90/><N who="0" m="34922" /><D95/><U108/><E108/><V96/><F127/><W84/><G36/><T47/><D78/><U71/><E71/><V14/><F0/><W54/><G110/><T38/><D74/><U132/><E132/><N who="2" m="50763" /><F56/><W101/><G10/><T22/><D38/><U48/><E48/><N who="2" m="26687" /><F42/><W33/><G33/><T51/><D6/><U46/><E46/><V13/><F13/><W7/><G7/><T31/><D47/><U29/><E29/><V35/><F35/><W19/><G40/><T129/><D51/><U50/><E50/><V117/><F117/><N who="0" m="45162" /><D22/><U105/><E103/><V70/><F70/><W62/><G21/><T122/><D31/><U32/><E32/><V1/><F1/><W39/><G39/><T18/><D18/><U4/><E4/><N who="2" m="3367" /><F96/><N who="3" m="59543" /><G49/><T44/><D44/><U5/><E5/><V60/><F60/><W34/><G61/><T97/><D97/><U23/><E79/><V82/><F123/><W126/><G126/><T93/><D93/><N who="1" m="54527" /><E85/><V57/><F121/><W113/><G34/><T72/><D72/><U134/><E134/><V115/><F99/><W3/><G86/><T120/><D129/><N who="3" m="49161" /><G84/><T128/><D128/><U55/><E64/><V81/><F100/><W68/><G68/><T106/><D106/><U83/><E83/><N who="2" m="31755" /><F57/><W30/><G3/><T15/><D15/><U92/><E105/><V8/><F8/><RYUUKYOKU ba="2,0" sc="292,10,158,10,285,10,265,-30" hai0="24,26,65,66,67,120,122" hai1="17,23,55,59,63,92,98,102,112,114" hai2="115" /><INIT seed="4,3,0,1,0,108" ten="302,168,295,235" oya="0" hai0="74,96,6,128,45,66,76,72,127,129,79,9,61" hai1="94,135,40,58,8,81,12,80,132,131,32,70,47" hai2="64,105,28,16,19,110,1,86,92,11,22,100,130" hai3="62,116,14,27,71,109,18,106,29,67,3,41,55"/><T133/><D133/><U83/><E70/><V65/><F110/><W24/><G3/><T93/><D127/><U57/><E32/><V125/><F125/><W107/><G109/><T104/><D104/><U115/><E131/><N who="0" m="50249" /><D45/><U90/><E115/><V48/><F130/><W23/><G41/><T17/><D17/><U118/><E118/><V37/><F37/><W10/><G116/><T31/><D31/><U78/><E78/><N who="0" m="29737" /><D93/><U2/><E2/><V56/><F105/><W15/><G55/><T84/><D96/><U5/><E135/><V36/><F36/><W7/><REACH who="3" step="1"/><G27/><REACH who="3" ten="302,168,295,225" step="2"/><T87/><D72/><U120/><E132/><V95/><F65/><W42/><G42/><T34/><D74/><U73/><E73/><V117/><F117/><W85/><G85/><T68/><D34/><AGARI ba="3,1" hai="7,10,14,15,18,23,24,29,34,62,67,71,106,107" machi="34" ten="30,2000,0" yaku="1,1,7,1,53,0" doraHai="108" doraHaiUra="75" who="3" fromWho="0" sc="302,-29,168,0,295,0,225,39" /><INIT seed="5,0,0,2,1,79" ten="273,168,295,264" oya="1" hai0="55,63,33,8,27,135,20,83,58,128,114,113,132" hai1="50,71,45,87,0,47,70,6,97,106,53,88,36" hai2="35,112,116,126,13,5,130,30,22,67,11,93,81" hai3="131,117,118,103,120,65,21,10,121,18,24,39,44"/><U59/><E0/><V16/><F116/><N who="3" m="44651" /><G103/><T49/><D33/><U26/><E6/><V74/><F130/><W95/><G95/><T122/><D128/><U129/><E129/><V107/><F107/><W89/><G131/><T61/><D122/><N who="3" m="47209" /><G89/><T123/><D123/><U85/><E26/><V43/><F112/><N who="0" m="43114" /><D8/><U66/><E85/><V105/><F105/><W2/><G65/><T60/><D83/><U73/><E73/><V9/><F67/><W115/><G115/><T94/><D94/><U111/><E111/><V51/><F93/><W75/><G75/><T56/><D27/><U12/><E12/><V108/><F108/><W14/><G44/><N who="0" m="28071" /><D20/><U7/><E7/><V25/><F74/><W84/><G84/><T86/><D86/><U125/><E36/><V76/><F126/><W72/><G39/><T102/><D102/><N who="1" m="62799" /><E125/><V38/><F38/><W69/><G69/><N who="1" m="26122" /><E66/><V28/><F28/><N who="3" m="17423" /><G72/><T46/><D46/><U90/><E87/><N who="2" m="48551" /><F35/><W62/><G2/><T17/><D17/><U92/><E92/><V77/><F77/><W99/><G99/><T110/><D110/><U96/><E96/><V48/><F43/><W1/><G1/><T23/><D23/><U54/><E47/><V64/><F64/><W19/><G18/><T68/><D68/><U29/><E29/><V52/><F52/><W80/><G80/><T40/><D40/><U31/><E31/><V37/><F37/><W34/><G34/><T91/><D91/><U78/><E78/><V133/><F16/><W42/><G42/><T134/><AGARI ba="0,0" hai="56,58,60,61,63,132,134,135" m="28071,43114" machi="134" ten="40,8000,1" yaku="20,1,15,1,34,2" doraHai="79" who="0" fromWho="0" sc="273,80,168,-40,295,-20,264,-20" /><INIT seed="6,0,0,5,1,48" ten="353,128,275,244" oya="2" hai0="84,108,35,41,13,56,131,62,15,120,5,0,50" hai1="10,97,29,44,127,87,42,70,33,20,18,64,63" hai2="123,133,110,8,74,132,38,78,45,26,58,23,53" hai3="34,109,105,77,49,52,112,55,114,39,24,82,80"/><V128/><F123/><W40/><G109/><T12/><D108/><U7/><E127/><V98/><F110/><W90/><G105/><T122/><D35/><U3/><E97/><V83/><F128/><W61/><G61/><T75/><D75/><U134/><E134/><V43/><F8/><W28/><G90/><T11/><D131/><U14/><E87/><V94/><F132/><W65/><G65/><T104/><D104/><U69/><E69/><V130/><F130/><W107/><G39/><T101/><D101/><U71/><E71/><V92/><F133/><W46/><G107/><T115/><D115/><N who="3" m="44073" /><G82/><T102/><D102/><U81/><E81/><V96/><F96/><W2/><G2/><T51/><D84/><AGARI ba="0,0" hai="24,28,34,40,46,49,52,55,77,80,84" m="44073" machi="84" ten="30,8000,1" yaku="15,1,11,1,52,2,54,1" doraHai="48" who="3" fromWho="0" sc="353,-80,128,0,275,0,244,80" /><INIT seed="7,0,0,0,3,134" ten="273,128,275,324" oya="3" hai0="92,11,19,0,104,23,123,59,127,72,57,105,7" hai1="33,3,39,58,108,47,29,88,85,110,52,98,75" hai2="51,4,80,32,124,37,65,15,114,87,113,44,42" hai3="74,36,27,120,125,135,106,81,5,61,115,70,118"/><W109/><RYUUKYOKU type="yao9" ba="0,0" sc="273,0,128,0,275,0,324,0" hai3="5,27,36,61,70,74,81,106,109,115,118,120,125,135" /><INIT seed="7,1,0,3,0,124" ten="273,128,275,324" oya="3" hai0="86,55,129,20,57,103,123,108,78,28,5,40,29" hai1="48,4,114,119,41,132,118,54,49,2,134,36,90" hai2="25,30,112,39,65,105,22,88,89,19,102,12,120" hai3="115,31,6,84,61,17,42,16,51,72,100,63,38"/><W59/><G72/><T60/><D108/><U14/><E2/><V127/><F127/><W66/><G6/><T50/><D123/><U113/><E4/><V96/><F112/><N who="1" m="43113" /><E14/><V21/><F120/><W33/><G38/><T75/><D75/><U9/><E9/><V8/><F39/><W80/><G100/><T47/><D5/><U83/><E83/><V69/><F69/><W73/><G73/><T87/><D103/><U68/><E90/><V10/><F65/><N who="3" m="39103" /><G33/><T125/><D125/><U56/><E68/><V121/><F121/><W44/><G31/><T109/><D109/><U117/><E36/><V82/><F82/><W13/><G115/><T32/><D32/><U76/><E76/><V107/><F107/><W81/><G80/><T24/><D129/><U133/><E41/><V58/><F58/><N who="3" m="37239" /><G13/><T101/><D101/><U85/><E85/><V3/><F3/><W128/><G128/><T104/><D104/><U93/><E93/><V91/><AGARI ba="1,0" hai="8,10,12,19,21,22,25,30,88,89,91,96,102,105" machi="91" ten="30,2000,0" yaku="0,1,54,1" doraHai="124" who="2" fromWho="2" sc="273,-6,128,-6,275,23,324,-11" owari="267,-13.0,122,-38.0,298,10.0,313,41.0" /></mjloggm>