<mjloggm ver="2.3"><GO type="169" lobby="0"/><UN n0="%E3%81%9F%E3%81%BE%E3%81%93%E3%82%8D" n1="%44%65%74%63%68%27" n2="%E3%82%BF%E3%83%8A%E3%82%AE" n3="%E3%82%A6%E3%83%AB%E3%83%88%E3%83%A9%E7%AB%8B%E7%9B%B4" dan="16,16,18,17" rate="2117.98,2062.56,2169.89,2122.63" sx="M,M,M,M"/><TAIKYOKU oya="0"/><INIT seed="0,0,0,3,2,37" ten="250,250,250,250" oya="0" hai0="15,69,102,51,108,98,134,111,77,90,123,87,130" hai1="84,17,133,50,68,54,73,79,78,91,8,35,128" hai2="6,36,127,70,27,113,105,33,47,0,45,62,92" hai3="21,85,26,94,52,16,99,110,64,10,2,132,4"/><T66/><D123/><U30/><E128/><V40/><F105/><W14/><G110/><N who="0" m="42027" /><D77/><U58/><E133/><V104/><F104/><W97/><G132/><T114/><D134/><U60/><E73/><V76/><F113/><W106/><G106/><N who="0" m="63831" /><D114/><U96/><E30/><V88/><F127/><W59/><G64/><T25/><D130/><U38/><E35/><V116/><F116/><W80/><G2/><T86/><D15/><N who="1" m="7399" /><E38/><V53/><F76/><N who="3" m="46215" /><G94/><T55/><D25/><U22/><E68/><V41/><F0/><W28/><G28/><T135/><D135/><U1/><E1/><V122/><F122/><W83/><G83/><T71/><D66/><U74/><E74/><V125/><F125/><W67/><G67/><T12/><D12/><U31/><E79/><V18/><F6/><W57/><G57/><N who="0" m="33023" /><D90/><U117/><E78/><V20/><F33/><W93/><G93/><T120/><D120/><U129/><E91/><V46/><F70/><AGARI ba="0,0" hai="69,70,71,86,87" m="33023,63831,42027" machi="70" ten="30,2900,0" yaku="14,1,10,1" doraHai="37" who="0" fromWho="2" sc="250,29,250,0,250,-29,250,0" /><INIT seed="0,1,0,3,2,8" ten="279,250,221,250" oya="0" hai0="108,115,85,62,56,30,129,112,39,81,26,102,89" hai1="88,104,19,65,80,67,45,51,92,72,1,101,43" hai2="5,97,116,23,118,21,133,86,31,78,11,15,24" hai3="91,66,93,69,46,25,120,58,128,119,9,64,94"/><T99/><D39/><U52/><E1/><V71/><F71/><W50/><G119/><N who="2" m="45609" /><F97/><W106/><G106/><T135/><D129/><U121/><E121/><V42/><F42/><W96/><G69/><T40/><D40/><U47/><E104/><V134/><F78/><W32/><G128/><T111/><D135/><N who="2" m="51722" /><F86/><N who="3" m="52471" /><G32/><AGARI ba="1,0" hai="5,11,15,21,23,24,31,32" m="51722,45609" machi="32" ten="30,8000,1" yaku="12,1,20,1,34,2,52,1" doraHai="8" who="2" fromWho="3" sc="279,0,250,0,221,83,250,-83" /><INIT seed="1,0,0,4,0,26" ten="279,250,304,167" oya="1" hai0="43,57,38,124,135,87,8,130,107,118,13,111,7" hai1="47,91,30,131,17,134,67,3,22,49,34,122,20" hai2="60,21,114,45,123,23,59,36,112,94,40,41,35" hai3="108,44,27,58,61,9,120,0,126,115,18,119,52"/><U32/><E67/><V71/><F123/><W55/><G120/><T88/><D107/><U69/><E69/><V63/><F35/><N who="1" m="13353" /><E91/><V46/><F94/><W4/><G115/><N who="2" m="44073" /><F71/><W80/><G126/><T64/><D124/><U70/><E49/><N who="2" m="26799" /><F63/><W62/><G108/><T83/><D111/><U106/><E47/><V102/><F102/><W117/><G80/><T74/><D118/><N who="3" m="45065" /><G44/><T98/><D38/><U133/><E106/><V2/><F2/><W90/><G90/><T5/><D43/><U81/><E81/><V19/><F19/><W6/><G6/><T39/><D7/><U78/><E70/><V128/><F128/><W14/><G27/><T56/><D130/><U96/><E131/><V109/><F109/><W116/><N who="3" m="45073" /><W33/><DORA hai="31" /><G33/><T50/><D5/><U110/><E122/><V97/><F97/><W127/><G127/><T79/><D98/><U66/><E96/><V99/><F99/><W12/><G18/><T92/><D83/><U105/><E17/><V25/><F25/><W113/><G113/><T76/><D92/><U93/><E93/><V37/><F37/><W84/><G84/><T103/><D87/><U100/><E110/><V73/><F73/><W89/><G89/><T72/><D88/><U95/><E95/><V82/><F82/><W53/><G62/><T125/><D74/><U28/><E100/><V85/><F85/><W129/><G129/><T10/><D103/><U54/><E105/><V29/><F29/><W68/><G68/><T104/><D72/><U11/><E28/><V65/><AGARI ba="0,0" hai="21,23,36,40,46,59,60,65" m="26799,44073" machi="65" ten="30,1100,0" yaku="11,1" doraHai="26,31" who="2" fromWho="2" sc="279,-3,250,-5,304,11,167,-3" /><INIT seed="2,0,0,4,4,65" ten="276,245,315,164" oya="2" hai0="106,94,58,29,56,19,37,92,26,113,115,120,114" hai1="22,21,13,104,35,111,62,108,98,41,110,121,119" hai2="124,59,61,85,102,64,0,43,90,89,1,95,79" hai3="74,81,31,66,68,47,107,116,7,105,32,18,42"/><V60/><F124/><W75/><G18/><T39/><D106/><N who="3" m="40457" /><G7/><T33/><D19/><N who="1" m="10479" /><E119/><V97/><F79/><W78/><G116/><T12/><D12/><U23/><E35/><V126/><F126/><W36/><G75/><T96/><D120/><U67/><E41/><V109/><F109/><W71/><G66/><T2/><D2/><U72/><E72/><V28/><F43/><W40/><G40/><T48/><D48/><U11/><E11/><V70/><F28/><W93/><G93/><T63/><D92/><U52/><E121/><V87/><F102/><W30/><G30/><T5/><D5/><U55/><E22/><V82/><REACH who="2" step="1"/><F97/><REACH who="2" ten="276,245,305,164" step="2"/><W80/><G80/><T100/><D100/><N who="1" m="62487" /><E23/><V99/><F99/><W27/><AGARI ba="0,1" hai="27,31,32,36,42,47,68,71,74,78,81" m="40457" machi="27" ten="30,7900,0" yaku="33,2,52,2" doraHai="65" who="3" fromWho="3" sc="276,-20,245,-20,305,-39,164,89" /><INIT seed="3,0,0,3,5,114" ten="256,225,266,253" oya="3" hai0="99,24,21,13,97,43,120,3,89,2,123,6,122" hai1="77,104,113,96,121,15,10,85,128,33,91,117,119" hai2="49,23,80,100,36,54,135,7,70,48,41,62,79" hai3="126,59,87,58,101,8,127,47,45,14,32,84,94"/><W98/><G32/><T78/><D78/><U28/><E113/><V40/><F135/><W134/><G134/><T88/><D43/><U133/><E133/><V66/><F100/><W27/><G27/><T68/><D13/><U67/><E121/><V73/><F7/><W39/><G39/><T81/><D6/><U57/><E77/><V71/><F71/><W69/><G69/><T130/><D68/><U55/><E67/><V108/><F108/><W83/><G127/><T132/><D132/><U38/><E38/><V106/><F106/><W110/><G126/><T5/><D5/><U124/><E124/><V25/><F36/><W0/><G0/><T129/><D21/><U19/><E128/><N who="0" m="49257" /><D24/><U109/><E109/><V95/><F95/><W102/><G102/><T105/><D81/><N who="1" m="49583" /><E28/><V72/><F72/><W93/><G110/><T16/><D105/><U42/><E33/><V4/><F4/><N who="3" m="3335" /><G94/><N who="0" m="56519" /><D16/><U115/><E42/><V50/><REACH who="2" step="1"/><F54/><REACH who="2" ten="256,225,256,253" step="2"/><W111/><G111/><T74/><D74/><U82/><E55/><V9/><F9/><W18/><G93/><AGARI ba="0,1" hai="2,3,89,93,99,120,122,123" m="56519,49257" machi="93" ten="40,2600,0" yaku="19,1,54,1" doraHai="114" who="0" fromWho="3" sc="256,36,225,0,256,0,253,-26" /><INIT seed="4,0,0,1,1,68" ten="292,225,256,227" oya="0" hai0="24,116,94,10,1,115,56,3,121,104,95,118,40" hai1="61,0,33,134,123,70,84,30,77,31,43,133,67" hai2="71,113,32,72,130,5,132,46,80,8,76,81,120" hai3="98,57,127,13,66,78,60,90,83,11,109,58,54"/><T126/><D121/><U135/><E123/><V50/><F71/><W45/><G109/><T107/><D10/><U21/><E33/><V89/><F120/><W17/><G127/><T82/><D82/><N who="1" m="47183" /><E0/><N who="0" m="73" /><D56/><U131/><E131/><V41/><F32/><W114/><G114/><T124/><D24/><N who="1" m="16655" /><E31/><V117/><F113/><W88/><G98/><T87/><D115/><U9/><E9/><V103/><F130/><W18/><G18/><T97/><D87/><U48/><E48/><V69/><F69/><W36/><G36/><T16/><D16/><U42/><AGARI ba="0,0" hai="42,43,61,67,70,133,134,135" m="16655,47183" machi="42" ten="40,1500,0" yaku="20,1" doraHai="68" who="1" fromWho="1" sc="292,-7,225,15,256,-4,227,-4" /><INIT seed="5,0,0,3,4,10" ten="285,240,252,223" oya="1" hai0="70,78,20,117,88,44,38,107,131,79,113,104,75" hai1="48,31,55,16,67,91,126,61,109,9,46,5,114" hai2="103,58,93,32,4,41,76,130,1,8,98,35,30" hai3="0,83,49,125,135,29,52,121,73,40,65,115,112"/><U15/><E114/><N who="3" m="43562" /><G121/><T51/><D113/><U54/><E126/><V28/><F130/><W86/><G135/><T72/><D38/><U27/><E109/><V47/><F76/><N who="3" m="44431" /><G0/><T116/><D70/><U111/><E111/><V62/><F32/><W53/><G65/><T94/><D51/><U36/><E36/><V81/><F81/><W80/><G29/><T108/><D20/><N who="1" m="15847" /><E91/><V68/><F35/><W118/><G118/><N who="0" m="45675" /><D44/><U99/><E99/><V57/><F68/><W56/><G125/><T43/><D43/><N who="1" m="24671" /><E5/><V59/><REACH who="2" step="1"/><F62/><REACH who="2" ten="285,240,242,223" step="2"/><W106/><G80/><T119/><D119/><U13/><E61/><V7/><F7/><W69/><G69/><T82/><D108/><U3/><E3/><V50/><AGARI ba="0,1" hai="1,4,8,28,30,41,47,50,57,58,59,93,98,103" machi="50" ten="30,2000,0" yaku="1,1,0,1,53,0" doraHai="10" doraHaiUra="60" who="2" fromWho="2" sc="285,-5,240,-10,242,30,223,-5" /><INIT seed="6,0,0,3,1,48" ten="280,230,272,218" oya="2" hai0="71,93,74,80,37,102,108,81,52,21,83,111,12" hai1="5,105,29,130,22,79,39,28,33,113,54,8,134" hai2="44,64,116,4,131,62,88,103,31,94,49,129,99" hai3="42,46,73,135,1,84,14,86,19,115,69,25,53"/><V58/><F116/><W128/><G73/><T57/><D71/><U68/><E39/><V60/><F4/><W65/><G1/><T87/><D37/><U16/><E68/><V56/><F31/><W67/><G69/><T91/><D74/><U11/><E105/><V45/><F103/><W41/><G25/><T61/><D102/><U89/><E89/><V24/><F24/><W59/><G128/><N who="2" m="49225" /><F49/><N who="3" m="31151" /><G135/><T117/><D117/><U96/><E134/><V51/><F51/><N who="3" m="27087" /><G42/><T35/><D35/><U125/><E33/><V122/><F122/><W38/><G38/><T121/><D121/><U119/><E119/><V17/><F17/><W114/><G115/><T123/><D123/><U27/><E113/><V90/><F90/><W110/><G110/><T23/><REACH who="0" step="1"/><D12/><REACH who="0" ten="270,230,272,218" step="2"/><U47/><E130/><V126/><F126/><W63/><G114/><T95/><D95/><U76/><E125/><V55/><AGARI ba="0,1" hai="44,45,55,56,58,60,62,64,88,94,99" m="49225" machi="55" ten="30,6000,0" yaku="19,1,52,1,54,1" doraHai="48" who="2" fromWho="2" sc="270,-20,230,-20,272,70,218,-20" /><INIT seed="6,1,0,3,3,79" ten="250,210,342,198" oya="2" hai0="81,112,38,40,3,96,30,134,18,17,92,132,91" hai1="78,62,94,61,69,55,26,39,27,53,125,124,24" hai2="32,101,80,128,111,77,70,123,64,87,104,37,48" hai3="46,16,72,118,4,117,52,34,57,44,9,85,99"/><V21/><F123/><W33/><G72/><T108/><D108/><U28/><E39/><V135/><F37/><W130/><G130/><T102/><D3/><U76/><E28/><V12/><F32/><W0/><G34/><T109/><D109/><U97/><E94/><V126/><F111/><W2/><G33/><T84/><D30/><U22/><E22/><V60/><F126/><N who="1" m="48745" /><E69/><V20/><F135/><N who="0" m="51754" /><D112/><U25/><N who="1" m="6144" /><DORA hai="5" /><U74/><E97/><V110/><F128/><W54/><G0/><T50/><D38/><U36/><E36/><V14/><F21/><W29/><G29/><T89/><D102/><U68/><E74/><V88/><F20/><W122/><G99/><T42/><D42/><U7/><E7/><V56/><F110/><W121/><G121/><T35/><D35/><U131/><E131/><V105/><F101/><W116/><G122/><T71/><D71/><U115/><E115/><V49/><F70/><W98/><G98/><T120/><D120/><U106/><E106/><V65/><F105/><W19/><G85/><T58/><D40/><U90/><E90/><V95/><F104/><W45/><REACH who="3" step="1"/><G54/><AGARI ba="1,0" hai="17,18,50,54,58,81,84,89,91,92,96" m="51754" machi="54" ten="30,2000,0" yaku="20,1,52,1" doraHai="79,5" who="0" fromWho="3" sc="250,23,210,0,342,0,198,-23" /><INIT seed="7,0,0,0,4,87" ten="273,210,342,175" oya="3" hai0="83,93,133,27,95,106,86,59,37,24,51,84,130" hai1="112,107,60,6,73,67,45,72,126,26,75,36,79" hai2="49,127,68,1,23,5,52,78,69,58,89,34,10" hai3="55,66,43,116,42,125,33,110,31,104,28,12,105"/><W113/><G116/><T132/><D37/><U54/><E107/><N who="3" m="41034" /><G66/><T135/><D106/><U38/><E6/><V111/><F34/><W65/><G65/><T128/><D59/><U56/><E26/><N who="0" m="9769" /><D51/><U50/><E79/><V64/><F64/><W109/><G33/><T32/><D32/><U14/><E14/><V102/><F68/><W41/><G55/><T61/><D61/><U48/><E48/><V120/><F52/><W122/><G122/><T96/><D96/><U88/><E38/><V9/><F49/><W94/><G94/><N who="0" m="35851" /><D83/><U134/><E36/><V121/><F69/><W108/><G125/><T2/><D2/><U25/><E126/><V123/><F127/><W21/><G113/><T62/><D62/><U4/><E112/><V97/><F123/><W53/><G53/><T3/><D3/><U103/><E54/><V30/><F1/><W0/><G0/><T74/><D74/><U117/><E72/><V13/><F121/><W19/><AGARI ba="0,0" hai="12,19,21,28,31,41,42,43,108,109,110" m="41034" machi="19" ten="40,2100,0" yaku="10,1" doraHai="87" who="3" fromWho="3" sc="273,-7,210,-7,342,-7,175,21" /><INIT seed="7,1,0,5,3,130" ten="266,203,335,196" oya="3" hai0="133,99,67,61,65,131,83,35,14,100,51,20,59" hai1="68,72,52,117,118,21,4,64,9,132,113,5,76" hai2="84,17,44,63,120,8,85,116,31,127,93,3,115" hai3="62,7,95,123,80,1,49,30,23,96,101,79,47"/><W26/><G123/><T97/><D35/><U2/><E113/><V78/><F116/><N who="1" m="44649" /><E5/><V28/><F120/><W57/><G7/><T34/><D34/><U92/><E92/><V98/><F115/><W55/><G1/><T106/><D131/><U129/><E129/><V73/><F127/><W41/><G79/><T46/><D97/><U104/><E104/><V19/><F73/><W24/><G24/><T103/><D100/><U36/><E52/><V124/><F124/><W10/><G10/><T43/><D83/><AGARI ba="1,0" hai="23,26,30,41,47,49,55,57,62,80,83,95,96,101" machi="83" ten="40,2000,0" yaku="8,1" doraHai="130" who="3" fromWho="0" sc="266,-23,203,0,335,0,196,23" /><INIT seed="7,2,0,4,2,54" ten="243,203,335,219" oya="3" hai0="125,80,87,59,123,72,37,25,29,42,17,104,131" hai1="74,95,107,111,98,112,86,12,9,133,124,93,8" hai2="83,14,50,77,31,33,99,15,68,119,66,18,121" hai3="41,36,56,117,48,102,128,129,34,115,4,49,65"/><W105/><G34/><T101/><D123/><U30/><E111/><V23/><F119/><W118/><G4/><T100/><D72/><U127/><E74/><V10/><F121/><W51/><G102/><T2/><D104/><U44/><E133/><V78/><F99/><W38/><G105/><T27/><D2/><U109/><E109/><V55/><F66/><W89/><G89/><T110/><D110/><U85/><E112/><V13/><F68/><W97/><G97/><T82/><D42/><U70/><E70/><V75/><F78/><W39/><G41/><T71/><D37/><U73/><E73/><V94/><F94/><N who="1" m="35849" /><E44/><V79/><F79/><W134/><G134/><T43/><D71/><U57/><E57/><V22/><F22/><W108/><G108/><T126/><D43/><U52/><E52/><V20/><F20/><W63/><G115/><T16/><D131/><AGARI ba="2,0" hai="36,38,39,48,49,51,56,63,65,117,118,128,129,131" machi="131" ten="50,12000,1" yaku="19,1,34,3,52,1" doraHai="54" who="3" fromWho="0" sc="243,-126,203,0,335,0,219,126" owari="117,-38.0,203,-20.0,335,14.0,345,44.0" /></mjloggm>