<mjloggm ver="2.3"><GO type="169" lobby="0"/><UN n0="%E3%82%A6%E3%83%AB%E3%83%88%E3%83%A9%E7%AB%8B%E7%9B%B4" n1="%34%6D%61%6A%69%72%6F" n2="%E3%81%8C%E3%83%BC%E3%81%AD%E3%81%A3%E3%81%A8" n3="%E3%83%89%E3%83%A9%EF%BC%91%EF%BC%92%EF%BC%90%EF%BC%85" dan="16,16,16,16" rate="2106.68,2107.50,2086.91,2073.16" sx="M,M,M,M"/><TAIKYOKU oya="0"/><INIT seed="0,0,0,0,4,28" ten="250,250,250,250" oya="0" hai0="59,100,78,26,110,23,64,16,45,20,124,101,49" hai1="0,52,50,79,5,105,118,11,21,74,76,107,127" hai2="6,126,17,34,108,113,36,80,37,14,130,119,132" hai3="131,90,25,12,73,57,60,116,63,46,70,10,15"/><T33/><D124/><U114/><E118/><V82/><F113/><W111/><G116/><T87/><D110/><U31/><E127/><V89/><F126/><W112/><G111/><T32/><D23/><U62/><E62/><V44/><F130/><W133/><G112/><T86/><D59/><U120/><E120/><V83/><F132/><W9/><G70/><T42/><D64/><U85/><E74/><V123/><F123/><W13/><G73/><T72/><D72/><U103/><E114/><V95/><F6/><W53/><G133/><T128/><D128/><U4/><E4/><V94/><F34/><W88/><G131/><T98/><D100/><U35/><E21/><V115/><F115/><W39/><G25/><T2/><D2/><U55/><E55/><V129/><BYE who="1" /><F129/><W77/><G77/><T51/><D51/><U18/><E18/><V102/><F108/><W48/><G39/><T71/><D71/><U1/><E1/><V27/><F27/><W19/><G63/><T56/><D56/><UN n1="%34%6D%61%6A%69%72%6F" /><U40/><E40/><V47/><F37/><W67/><REACH who="3" step="1"/><G15/><REACH who="3" ten="250,250,250,240" step="2"/><T66/><D66/><U109/><E109/><V69/><F36/><W104/><G104/><T7/><D7/><AGARI ba="0,1" hai="7,9,10,12,13,19,46,48,53,57,60,67,88,90" machi="7" ten="30,7700,0" yaku="1,1,7,1,8,1,54,1,53,0" doraHai="28" doraHaiUra="68" who="3" fromWho="0" sc="250,-77,250,0,250,0,240,87" /><INIT seed="1,0,0,5,4,92" ten="173,250,250,327" oya="1" hai0="103,61,78,110,118,63,70,6,8,134,34,129,81" hai1="60,20,39,121,50,10,32,83,69,31,66,48,11" hai2="104,75,102,13,28,14,135,3,54,109,86,29,52" hai3="126,100,94,30,40,88,108,7,84,87,59,62,56"/><U51/><E32/><V91/><F75/><W99/><G108/><T79/><D118/><U67/><E39/><V9/><F3/><W89/><G126/><T41/><D110/><U96/><E121/><V5/><F109/><W44/><G7/><T124/><D124/><U119/><E119/><V22/><F135/><W53/><G30/><T68/><D134/><U58/><E83/><N who="2" m="49631" /><F102/><W73/><G73/><T74/><D34/><U43/><E67/><V33/><F104/><W107/><G59/><T95/><D79/><U24/><E69/><V112/><F112/><W4/><G4/><T2/><D129/><U113/><E113/><V46/><F33/><W105/><G105/><T111/><D111/><U18/><E43/><V132/><F132/><W16/><G16/><T71/><REACH who="0" step="1"/><D41/><REACH who="0" ten="163,250,250,327" step="2"/><U0/><E0/><V125/><F125/><W64/><G40/><T131/><D131/><U101/><REACH who="1" step="1"/><E18/><REACH who="1" ten="163,240,250,327" step="2"/><V82/><F29/><W36/><G36/><T114/><D114/><U12/><E12/><V127/><F14/><W72/><G72/><T42/><D42/><U65/><E65/><V85/><F127/><W17/><G17/><T27/><D27/><U15/><E15/><V128/><F128/><W1/><G1/><T117/><D117/><U19/><E19/><V21/><F28/><W35/><G35/><T55/><D55/><U106/><AGARI ba="0,2" hai="10,11,20,24,31,48,50,51,58,60,66,96,101,106" machi="106" ten="30,6000,0" yaku="1,1,0,1,52,1,53,0" doraHai="92" doraHaiUra="38" who="1" fromWho="1" sc="163,-20,240,80,250,-20,327,-20" /><INIT seed="1,1,0,5,0,29" ten="143,320,230,307" oya="1" hai0="27,114,95,124,34,82,58,40,128,70,26,111,81" hai1="59,8,61,39,37,52,53,125,55,85,110,98,56" hai2="101,3,120,121,43,15,108,64,38,113,4,7,133" hai3="1,84,17,129,86,67,51,28,93,60,116,9,72"/><U80/><E125/><V42/><F64/><W5/><G72/><T30/><D114/><U63/><E110/><V112/><F101/><W94/><G129/><T96/><D111/><U6/><E53/><V25/><F108/><W47/><G116/><T23/><D70/><U68/><E98/><V89/><F89/><W36/><G36/><T65/><D128/><U118/><E68/><V41/><F25/><W14/><G28/><T71/><D71/><U69/><E69/><V100/><F100/><W87/><G1/><T90/><D124/><U62/><E62/><V2/><F133/><W54/><G5/><N who="2" m="2121" /><F15/><W131/><G131/><T104/><D104/><U18/><E18/><V130/><F38/><W33/><G33/><T21/><D40/><U22/><E22/><V35/><F35/><W107/><G107/><T79/><D79/><U74/><E74/><V73/><F73/><W48/><G48/><T78/><D34/><U11/><E118/><V117/><F117/><W13/><G13/><T50/><D78/><U32/><E32/><V46/><F46/><W135/><G135/><T77/><D77/><U0/><REACH who="1" step="1"/><E11/><REACH who="1" ten="143,310,230,307" step="2"/><V134/><F134/><W88/><G60/><T76/><D65/><U123/><E123/><N who="2" m="47179" /><F130/><W105/><G67/><T92/><D23/><U99/><E99/><V97/><F97/><W19/><G9/><T126/><D21/><U44/><E44/><V49/><F49/><W10/><G47/><T83/><D50/><U12/><E12/><V102/><F113/><W66/><G51/><T103/><D96/><U115/><E115/><V16/><F112/><RYUUKYOKU ba="1,1" sc="143,-10,310,30,230,-10,307,-10" hai1="0,6,8,37,39,52,55,56,59,61,63,80,85" /><INIT seed="1,2,1,1,2,125" ten="133,340,220,297" oya="1" hai0="41,39,52,2,24,58,44,88,23,30,35,29,75" hai1="126,105,99,61,132,85,108,89,57,83,28,26,15" hai2="100,79,22,36,82,127,133,4,27,94,53,104,69" hai3="130,48,43,33,20,113,120,123,97,103,31,10,96"/><U1/><E1/><V122/><F122/><W114/><G33/><T116/><D116/><U16/><E126/><V7/><F104/><W77/><G77/><T115/><D115/><U25/><E132/><V68/><F36/><W11/><G31/><T86/><D75/><U72/><E108/><V55/><F127/><W74/><G74/><T131/><D2/><U32/><E72/><V65/><F65/><W81/><G20/><T60/><D131/><U12/><E105/><V56/><F133/><W110/><G81/><T78/><D78/><U63/><E99/><V76/><F94/><W17/><G17/><T93/><REACH who="0" step="1"/><D35/><REACH who="0" ten="123,340,220,297" step="2"/><U98/><E32/><V109/><F79/><W18/><G114/><T135/><D135/><U80/><E28/><AGARI ba="2,2" hai="23,24,28,29,30,39,41,44,52,58,60,86,88,93" machi="28" ten="30,7700,0" yaku="1,1,7,1,54,2,53,0" doraHai="125" doraHaiUra="47" who="0" fromWho="1" sc="123,103,340,-83,220,0,297,0" /><INIT seed="2,0,0,5,1,45" ten="226,257,220,297" oya="2" hai0="38,50,2,36,62,131,53,54,99,132,63,44,3" hai1="91,103,17,25,101,60,105,106,39,34,124,49,59" hai2="56,86,133,128,43,10,1,85,123,5,79,23,32" hai3="96,116,42,129,109,70,113,30,46,77,95,107,37"/><V110/><F123/><W14/><G116/><T100/><D131/><U65/><E39/><V81/><F32/><W57/><G129/><T135/><D2/><U16/><E124/><V12/><F128/><W78/><G70/><T61/><D3/><U41/><E105/><V24/><F133/><N who="0" m="51274" /><D54/><U118/><E118/><V64/><F110/><W26/><G109/><T104/><AGARI ba="0,0" hai="36,38,44,50,53,61,62,63,99,100,104" m="51274" machi="104" ten="30,2000,0" yaku="20,1,52,1" doraHai="45" who="0" fromWho="0" sc="226,20,257,-5,220,-10,297,-5" /><INIT seed="3,0,0,1,1,6" ten="246,252,210,292" oya="3" hai0="29,92,49,100,51,62,3,17,52,15,113,56,35" hai1="94,41,22,97,65,24,55,36,73,74,47,122,13" hai2="7,87,70,19,89,111,129,42,131,23,18,69,43" hai3="4,95,2,27,83,110,71,37,21,76,5,12,38"/><W8/><G71/><N who="2" m="27145" /><F7/><W40/><G110/><T84/><D3/><U64/><E122/><V72/><F72/><W101/><G40/><N who="2" m="15401" /><F111/><W102/><G2/><T96/><D113/><U28/><E55/><V115/><F115/><W117/><G117/><T45/><D45/><U60/><E64/><V9/><F23/><W99/><G101/><T77/><D29/><U59/><REACH who="1" step="1"/><E13/><REACH who="1" ten="246,242,210,292" step="2"/><V78/><F131/><W79/><G4/><T66/><D66/><U50/><E50/><V109/><F129/><W44/><G44/><T135/><D135/><U118/><E118/><V93/><F109/><W114/><G114/><T126/><D126/><U86/><E86/><V130/><F130/><W119/><G119/><T105/><D51/><U108/><E108/><V34/><F87/><W61/><G61/><T67/><D62/><U63/><E63/><V133/><F133/><W14/><G14/><T33/><D67/><U125/><E125/><V82/><F78/><W104/><G79/><T98/><D77/><U120/><E120/><V31/><F82/><W32/><G76/><T90/><D96/><U46/><E46/><V128/><F128/><W0/><G83/><T81/><D81/><U75/><E75/><V1/><F1/><W123/><G123/><T39/><D39/><U53/><E53/><V106/><F31/><W124/><G124/><T26/><D26/><U134/><E134/><V85/><F85/><W68/><G38/><T103/><D15/><U25/><E25/><V127/><F127/><W80/><G37/><T57/><D84/><U121/><E121/><V10/><F34/><RYUUKYOKU ba="0,1" sc="246,-10,242,30,210,-10,292,-10" hai1="22,24,28,36,41,47,59,60,65,73,74,94,97" /><INIT seed="4,1,1,0,4,81" ten="236,272,200,282" oya="0" hai0="76,113,131,109,5,77,34,116,134,25,6,26,48" hai1="89,61,128,47,28,118,54,11,60,72,44,41,53" hai2="38,79,95,8,10,87,58,130,17,98,16,65,21" hai3="92,125,82,126,59,4,56,120,114,75,0,62,102"/><T121/><D121/><U3/><E72/><V123/><F38/><W24/><G120/><T29/><D116/><U39/><E118/><V15/><F130/><W70/><G114/><T91/><D113/><U100/><E100/><V36/><F36/><W57/><G0/><T9/><D131/><U13/><E128/><V43/><F43/><W20/><G4/><T50/><D134/><U19/><E28/><V127/><F127/><N who="3" m="48651" /><G70/><T37/><D37/><U99/><E3/><V104/><F104/><W2/><G2/><T83/><D109/><U73/><E73/><V111/><F111/><W103/><G92/><T27/><D29/><U32/><E32/><V108/><F108/><W119/><G119/><T51/><D34/><U67/><E47/><V132/><F132/><W80/><G62/><T40/><D40/><U74/><E74/><V35/><F35/><W84/><G75/><T23/><D23/><U45/><E45/><V90/><F123/><W106/><G82/><T112/><D112/><U101/><E89/><N who="2" m="55663" /><F79/><N who="0" m="30282" /><D9/><U30/><E30/><V68/><F68/><W93/><G93/><T42/><D42/><U135/><E135/><V85/><F90/><N who="3" m="51463" /><G106/><T55/><D55/><N who="1" m="21003" /><E67/><V46/><F10/><W78/><G78/><T88/><D91/><U33/><E33/><V107/><F107/><W52/><G103/><T66/><D66/><U31/><E31/><V12/><F46/><W124/><G102/><T117/><D117/><U96/><E101/><V71/><F71/><W22/><G124/><T64/><D64/><U63/><E39/><V49/><F65/><W18/><G52/><AGARI ba="1,1" hai="8,12,15,16,17,21,49,52,58,85,87" m="55663" machi="52" ten="30,12000,2" yaku="6,1,8,1,52,2,54,2" doraHai="81" who="2" fromWho="3" sc="236,0,272,0,200,133,282,-123" /><INIT seed="5,0,0,3,0,115" ten="236,272,333,159" oya="1" hai0="85,125,131,98,69,100,103,128,71,0,105,133,39" hai1="86,30,81,8,20,21,57,55,92,46,60,89,101" hai2="42,127,61,78,76,106,51,67,3,26,75,7,59" hai3="64,119,114,35,68,24,113,29,129,4,130,124,23"/><U50/><E8/><V32/><F106/><W47/><G68/><T110/><D110/><U54/><REACH who="1" step="1"/><E30/><REACH who="1" ten="236,262,333,159" step="2"/><V111/><F111/><W99/><G64/><T56/><D128/><U80/><E80/><V10/><F67/><W28/><G28/><T2/><D131/><U96/><AGARI ba="0,1" hai="20,21,46,50,54,55,57,60,81,86,89,92,96,101" machi="96" ten="30,12000,1" yaku="1,1,0,1,8,1,53,2" doraHai="115" doraHaiUra="17" who="1" fromWho="1" sc="236,-40,262,130,333,-40,159,-40" /><INIT seed="5,1,0,1,3,33" ten="196,392,293,119" oya="1" hai0="4,81,133,16,48,116,90,40,1,78,18,26,45" hai1="13,124,108,104,77,52,80,119,64,94,74,93,135" hai2="120,115,37,32,54,38,17,47,24,29,27,107,35" hai3="113,68,96,0,42,82,98,59,83,122,101,92,25"/><U134/><E64/><V73/><F120/><W21/><G68/><T14/><D116/><U7/><E104/><V126/><F107/><W6/><G122/><T23/><D133/><U67/><E67/><V34/><F73/><W51/><G113/><T66/><D66/><U97/><E119/><V44/><F126/><W28/><G6/><T118/><D118/><U84/><E124/><V102/><F102/><W65/><G0/><T75/><D90/><U49/><E74/><V39/><F115/><W61/><REACH who="3" step="1"/><G98/><REACH who="3" ten="196,392,293,109" step="2"/><T19/><D1/><U56/><E97/><V69/><F69/><W71/><G71/><T89/><D4/><U3/><E3/><V31/><F38/><W46/><AGARI ba="1,1" hai="21,25,28,42,46,51,59,61,65,82,83,92,96,101" machi="46" ten="30,8000,1" yaku="1,1,0,1,25,2,8,1,53,0" doraHai="33" doraHaiUra="121" who="3" fromWho="3" sc="196,-21,392,-41,293,-21,109,93" /><INIT seed="6,0,0,2,0,33" ten="175,351,272,202" oya="2" hai0="25,52,99,79,20,65,86,57,94,129,135,67,120" hai1="77,88,127,126,15,61,109,78,55,130,29,104,102" hai2="119,59,70,35,124,128,42,122,112,87,73,83,16" hai3="90,22,43,66,118,50,121,84,32,123,21,97,100"/><V89/><F119/><W81/><G118/><T132/><D129/><U12/><E109/><V76/><F70/><W85/><G32/><T80/><D120/><U39/><E39/><V49/><F122/><W53/><G66/><T95/><D132/><U51/><E29/><V27/><F128/><W133/><G133/><T3/><D3/><U69/><E88/><V71/><F71/><W114/><G114/><T0/><D0/><U68/><E130/><V117/><F117/><W131/><G131/><T72/><D72/><U64/><E69/><V98/><F124/><N who="1" m="47657" /><E102/><V37/><F37/><W125/><G43/><T6/><D6/><U111/><E104/><V107/><F35/><W28/><G28/><T46/><D46/><N who="1" m="28151" /><E111/><V18/><F107/><W116/><G116/><T38/><D38/><U34/><E34/><V45/><F73/><W13/><G125/><T10/><D10/><U11/><E12/><V60/><F112/><W115/><G13/><T108/><D108/><U58/><E58/><V113/><F113/><W56/><G115/><T74/><D74/><U63/><E63/><V40/><F40/><W82/><G123/><T101/><D95/><U17/><AGARI ba="0,0" hai="11,15,17,61,64,68,77,78" m="28151,47657" machi="17" ten="30,1100,0" yaku="18,1" doraHai="33" who="1" fromWho="1" sc="175,-3,351,11,272,-5,202,-3" /><INIT seed="7,0,0,0,5,62" ten="172,362,267,199" oya="3" hai0="72,5,20,124,82,2,97,58,48,88,100,131,135" hai1="120,69,39,18,80,21,84,111,126,44,94,9,60" hai2="98,81,49,29,95,45,61,55,92,43,101,125,118" hai3="85,66,130,16,19,117,31,115,32,46,34,73,71"/><W64/><G117/><T75/><D124/><U35/><E111/><V57/><F118/><W12/><G73/><T132/><D131/><U114/><E35/><V30/><F125/><W0/><G0/><T26/><D5/><U37/><E114/><V83/><F92/><W129/><G71/><T11/><D11/><U28/><E120/><V122/><F122/><W70/><G70/><T7/><D7/><U76/><E28/><AGARI ba="0,0" hai="28,29,30,43,45,49,55,57,61,81,83,95,98,101" machi="28" ten="40,1300,0" yaku="8,1" doraHai="62" who="2" fromWho="1" sc="172,0,362,-13,267,13,199,0" owari="172,-33.0,349,45.0,280,8.0,199,-20.0" /></mjloggm>