<mjloggm ver="2.3"><GO type="169" lobby="0"/><UN n0="%E3%82%BF%E3%82%B3%EF%BC%92%EF%BC%95%EF%BC%92%EF%BC%95" n1="%E3%83%88%E3%83%88%E3%83%AA%E5%85%88%E7%94%9F%31%39%E6%AD%B3" n2="%6D%6F%6B%61%2D" n3="%E5%87%9B%E5%AE%99" dan="16,18,16,16" rate="2094.26,2170.57,2171.63,2138.05" sx="M,F,M,M"/><TAIKYOKU oya="0"/><INIT seed="0,0,0,5,1,106" ten="250,250,250,250" oya="0" hai0="1,64,53,128,123,45,60,44,55,107,27,109,85" hai1="24,116,129,119,110,86,108,67,13,47,29,26,94" hai2="93,41,20,57,89,2,124,113,25,66,46,101,19" hai3="15,77,3,120,37,61,35,16,100,65,9,69,104"/><T78/><D107/><U56/><E129/><V39/><F113/><W40/><G35/><T10/><D128/><U33/><E24/><V73/><F124/><W87/><G3/><T12/><D1/><U22/><E47/><V49/><F2/><W95/><G104/><T81/><D109/><N who="1" m="42091" /><E67/><V79/><F101/><W112/><G112/><T80/><D123/><U103/><E56/><V7/><F7/><W105/><G105/><T31/><D80/><U126/><E86/><V18/><F25/><W83/><G120/><T36/><D36/><U75/><E94/><V28/><F28/><W122/><G122/><T34/><D45/><U38/><E103/><V63/><F20/><W58/><G69/><T72/><D44/><U59/><E59/><V68/><F93/><W135/><G135/><T6/><REACH who="0" step="1"/><D72/><REACH who="0" ten="240,250,250,250" step="2"/><U111/><E38/><V88/><F73/><W0/><G0/><T50/><D50/><U92/><E111/><V74/><F74/><W97/><G37/><T130/><D130/><U132/><E92/><V21/><F39/><W48/><G48/><T5/><D5/><U121/><E75/><V76/><F49/><W134/><G134/><T84/><D84/><U14/><E132/><V43/><F46/><W90/><REACH who="3" step="1"/><G40/><REACH who="3" ten="240,250,250,240" step="2"/><T118/><D118/><U117/><E121/><V70/><F43/><W54/><G54/><T51/><D51/><U82/><E117/><V133/><F41/><W32/><G32/><T96/><D96/><U115/><E116/><V114/><F133/><W8/><G8/><T52/><D52/><U71/><E119/><V98/><F114/><RYUUKYOKU ba="0,2" sc="240,15,250,-15,250,-15,240,15" hai0="6,10,12,27,31,34,53,55,60,64,78,81,85" hai3="9,15,16,58,61,65,77,83,87,90,95,97,100" /><INIT seed="0,1,2,2,1,86" ten="255,235,235,255" oya="0" hai0="63,48,124,87,112,60,39,5,70,32,81,17,123" hai1="28,103,127,111,0,107,21,38,72,90,18,19,104" hai2="40,91,7,55,22,13,47,76,131,44,129,15,49" hai3="16,114,52,78,8,121,77,26,66,128,3,53,135"/><T1/><D39/><U58/><E0/><V43/><F76/><W92/><G114/><T41/><D32/><U118/><E118/><V9/><F131/><W82/><G3/><T56/><D112/><U30/><E72/><V115/><F115/><W12/><G128/><T80/><D80/><U108/><E38/><V65/><F65/><W113/><G113/><T75/><D75/><U69/><E69/><V6/><F129/><W61/><G135/><T134/><D124/><U83/><E127/><V71/><F71/><W88/><G26/><T85/><D85/><N who="1" m="50495" /><E58/><V45/><F91/><W102/><G102/><T119/><D119/><U50/><E50/><V120/><F120/><W34/><G34/><T4/><D134/><U79/><E79/><N who="3" m="30218" /><G82/><T133/><D133/><U42/><E42/><N who="2" m="15915" /><F22/><W110/><G110/><N who="1" m="42026" /><E103/><V25/><F25/><W29/><G121/><T99/><D99/><U84/><E84/><V132/><F132/><W10/><G29/><N who="1" m="11370" /><E21/><V94/><F94/><W2/><G2/><T100/><D100/><U122/><E122/><V14/><F9/><W31/><G8/><T109/><D1/><U64/><E64/><V20/><F20/><W67/><G31/><T54/><D109/><U36/><E36/><V97/><F97/><N who="3" m="57479" /><G67/><T101/><D101/><U74/><E74/><V125/><F125/><W130/><G130/><T93/><D70/><U23/><E23/><V73/><F73/><W46/><G46/><AGARI ba="1,2" hai="6,7,13,14,15,44,45,46,47,49,55" m="15915" machi="46" ten="30,1000,0" yaku="8,1" doraHai="86" who="2" fromWho="3" sc="255,0,235,0,235,33,255,-13" /><INIT seed="1,0,0,1,0,105" ten="255,235,268,242" oya="1" hai0="32,39,135,30,85,62,107,70,97,134,79,92,88" hai1="36,96,118,68,24,14,103,10,59,9,132,4,123" hai2="65,74,89,108,124,114,104,78,93,91,60,28,63" hai3="1,90,69,119,2,46,41,98,58,94,129,25,112"/><U81/><E118/><V117/><F108/><W45/><G112/><T130/><D39/><U38/><E123/><V16/><F117/><W125/><G69/><T71/><D130/><U64/><E68/><V27/><F104/><W126/><G129/><T77/><D62/><U48/><E132/><N who="0" m="50729" /><D30/><U102/><E24/><V86/><F124/><N who="3" m="47723" /><G119/><T49/><D49/><U66/><E81/><V18/><F63/><W22/><G58/><T50/><D50/><U84/><E84/><V56/><F114/><W83/><G83/><N who="0" m="49215" /><D32/><U37/><E10/><V52/><F91/><W20/><G20/><T106/><D70/><U82/><E82/><V12/><F74/><W43/><G46/><T6/><D71/><U72/><E72/><V133/><F78/><N who="0" m="29706" /><D6/><U61/><E48/><V11/><F133/><W121/><G121/><T15/><D15/><U5/><E5/><V26/><F18/><N who="3" m="12503" /><G43/><T34/><D34/><U87/><E87/><V113/><F113/><W7/><G7/><T44/><D44/><U101/><REACH who="1" step="1"/><E66/><REACH who="1" ten="255,225,268,242" step="2"/><V31/><F65/><W73/><G73/><T100/><AGARI ba="0,1" hai="92,97,100,106,107" m="29706,49215,50729" machi="100" ten="30,7900,0" yaku="20,1,34,2,54,1" doraHai="105" who="0" fromWho="0" sc="255,89,225,-39,268,-20,242,-20" /><INIT seed="2,0,0,5,2,89" ten="344,186,248,222" oya="2" hai0="5,0,34,119,135,50,133,48,122,77,111,86,68" hai1="71,3,6,11,80,115,127,116,7,103,118,52,69" hai2="128,2,70,123,100,125,113,129,117,82,28,25,84" hai3="19,30,41,87,72,26,99,23,102,18,83,49,9"/><V35/><F113/><W109/><G109/><T4/><D68/><U105/><E115/><V17/><F117/><W110/><G110/><T36/><D36/><U29/><E127/><V112/><F123/><W73/><G73/><T124/><D111/><U54/><E29/><V107/><F112/><W98/><G72/><T67/><D34/><U16/><E7/><N who="0" m="2633" /><D0/><U42/><E42/><V65/><F2/><W39/><G39/><T97/><D67/><U24/><E80/><V1/><F1/><W108/><G108/><T126/><D97/><U33/><E33/><V20/><F125/><N who="0" m="48234" /><D119/><U12/><E24/><V44/><F100/><W74/><G74/><T21/><D21/><U90/><E90/><V131/><F107/><W63/><G98/><T106/><D106/><U56/><E54/><V91/><F44/><W66/><G9/><T43/><D122/><U13/><E3/><V76/><F76/><W27/><G26/><T38/><D38/><U59/><E59/><V32/><REACH who="2" step="1"/><F28/><REACH who="2" ten="344,186,238,222" step="2"/><W104/><G30/><T60/><D133/><U114/><E114/><V101/><F101/><W53/><G102/><T61/><D77/><U47/><E47/><V51/><F51/><W57/><G104/><T14/><D135/><U37/><E37/><V88/><F88/><W79/><G49/><T46/><D50/><N who="1" m="30743" /><E103/><V62/><AGARI ba="0,1" hai="17,20,25,32,35,62,65,70,82,84,91,128,129,131" machi="62" ten="40,12000,1" yaku="1,1,0,1,19,1,53,1" doraHai="89" doraHaiUra="64" who="2" fromWho="2" sc="344,-40,186,-40,238,130,222,-40" /><INIT seed="2,1,0,3,5,84" ten="304,146,368,182" oya="2" hai0="44,102,11,51,68,124,18,10,28,54,43,45,114" hai1="105,109,112,60,96,89,113,104,108,130,42,29,58" hai2="39,131,24,65,0,33,119,7,34,1,46,6,31" hai3="53,80,38,75,21,81,125,94,72,19,14,127,129"/><V40/><F119/><W90/><G38/><T15/><D68/><U86/><E130/><V25/><F131/><W110/><G110/><N who="1" m="42602" /><E42/><V103/><F65/><W115/><G115/><N who="1" m="44106" /><E29/><N who="2" m="19623" /><F7/><W76/><G129/><T12/><D124/><N who="3" m="47689" /><G53/><T92/><D114/><U98/><E58/><V66/><F66/><W37/><G37/><T27/><D92/><N who="1" m="54327" /><E60/><V59/><F59/><W52/><G52/><T87/><D28/><U99/><AGARI ba="1,0" hai="96,98,99,104,105" m="54327,44106,42602" machi="99" ten="40,8000,1" yaku="14,1,34,2,52,1" doraHai="84" who="1" fromWho="1" sc="304,-21,146,83,368,-41,182,-21" /><INIT seed="3,0,0,2,0,99" ten="283,229,327,161" oya="3" hai0="33,3,11,83,66,106,123,50,27,19,28,29,78" hai1="10,67,102,96,60,35,113,14,128,18,23,52,121" hai2="25,34,40,31,126,134,79,53,51,110,95,24,131" hai3="93,12,13,132,36,133,72,61,97,4,91,64,63"/><W43/><G72/><T129/><D106/><U54/><E121/><V6/><F110/><W0/><G0/><T89/><D129/><U7/><E113/><V85/><F131/><W49/><G36/><T77/><D66/><U32/><E128/><V26/><F40/><W38/><G38/><T88/><D123/><U41/><E41/><V87/><F134/><N who="3" m="51819" /><G4/><T39/><D39/><U15/><E35/><V62/><F62/><N who="3" m="23563" /><G64/><T127/><D127/><U135/><E32/><V46/><F126/><W122/><G122/><T111/><D111/><U90/><E90/><V55/><F6/><W17/><G17/><T1/><D50/><U45/><E45/><AGARI ba="0,0" hai="12,13,43,45,49,91,93,97" m="23563,51819" machi="45" ten="30,1500,0" yaku="20,1" doraHai="99" who="3" fromWho="1" sc="283,0,229,-15,327,0,161,15" /><INIT seed="3,1,0,3,3,51" ten="283,214,327,176" oya="3" hai0="6,59,111,75,38,107,56,18,81,113,23,68,104" hai1="73,110,84,60,125,66,80,108,16,17,76,1,19" hai2="11,83,114,95,69,103,37,127,115,71,47,102,130" hai3="64,89,117,134,54,106,91,100,22,86,4,45,105"/><W40/><G117/><T24/><D68/><U44/><E1/><V28/><F28/><W118/><G118/><T20/><D38/><U48/><E73/><V94/><F11/><W58/><G4/><T70/><D70/><U31/><E31/><V72/><F37/><W50/><G100/><N who="2" m="38441" /><F47/><W119/><G119/><T3/><D111/><N who="1" m="42539" /><E125/><V57/><F57/><W33/><G33/><T43/><D43/><U92/><E92/><N who="2" m="35371" /><F71/><W35/><G35/><T65/><D113/><U128/><E128/><V12/><F12/><W14/><G134/><T97/><D97/><U41/><E60/><V61/><F61/><W27/><G14/><T99/><D99/><U39/><E39/><V131/><F69/><W46/><G106/><T36/><D36/><U34/><E34/><V124/><F83/><N who="3" m="49375" /><G105/><T25/><D65/><AGARI ba="1,0" hai="16,17,19,41,44,48,65,66,76,80,84" m="42539" machi="65" ten="30,2000,0" yaku="14,1,54,1" doraHai="51" who="1" fromWho="0" sc="283,-23,214,23,327,0,176,0" /><INIT seed="4,0,0,2,3,104" ten="260,237,327,176" oya="0" hai0="14,95,68,81,15,74,8,82,97,52,60,7,88" hai1="39,105,11,77,62,107,93,99,24,16,32,34,28" hai2="50,120,49,131,101,48,44,51,94,58,96,61,83" hai3="41,70,78,20,100,102,132,23,67,9,87,10,37"/><T12/><D74/><U106/><E39/><V65/><F131/><W75/><G132/><T130/><D130/><U42/><E42/><V59/><F120/><W72/><G37/><T92/><D68/><U108/><E108/><V63/><F83/><N who="0" m="31754" /><D95/><U116/><E116/><V109/><F109/><W122/><G41/><T1/><D1/><U29/><E77/><V43/><REACH who="2" step="1"/><F51/><REACH who="2" ten="260,237,317,176" step="2"/><W135/><G122/><T26/><D26/><U54/><E24/><V129/><F129/><W0/><G135/><T56/><AGARI ba="0,1" hai="7,8,12,14,15,52,56,60,88,92,97" m="31754" machi="56" ten="30,6000,0" yaku="8,1,54,2" doraHai="104" who="0" fromWho="0" sc="260,70,237,-20,317,-20,176,-20" /><INIT seed="4,1,0,2,4,92" ten="330,217,297,156" oya="0" hai0="53,18,131,13,51,29,48,125,47,114,106,100,21" hai1="31,130,126,93,40,49,2,69,39,43,116,95,84" hai2="56,118,63,20,0,46,9,64,61,37,132,44,82" hai3="26,7,19,23,70,28,27,4,107,8,3,103,72"/><T121/><D121/><U67/><E116/><V45/><F132/><W119/><G70/><T99/><D114/><U111/><E2/><V127/><F127/><W102/><G72/><T66/><D66/><U38/><E111/><V10/><F37/><W113/><G119/><T6/><D131/><U91/><E126/><V110/><F110/><W52/><G113/><T80/><D125/><U55/><E130/><V129/><F0/><W79/><G79/><T97/><D80/><U76/><E76/><V68/><F129/><W16/><G107/><T41/><D29/><U5/><E5/><V134/><F134/><W104/><G104/><T17/><D17/><U105/><E105/><V90/><F20/><W98/><G7/><T22/><D6/><U33/><E38/><V101/><F101/><W124/><G124/><T65/><D65/><U59/><E39/><V120/><F120/><W14/><G27/><T57/><REACH who="0" step="1"/><D97/><REACH who="0" ten="320,217,297,156" step="2"/><U94/><E67/><V123/><F123/><W78/><G98/><T87/><D87/><U108/><E108/><V25/><F118/><W35/><G19/><T12/><D12/><U32/><E31/><V73/><F64/><W81/><G81/><T122/><D122/><U34/><E69/><V88/><F82/><W133/><G133/><T30/><D30/><U115/><E115/><V54/><F68/><W85/><G85/><T128/><D128/><U11/><E84/><V36/><F25/><W96/><G96/><T58/><D58/><U42/><E91/><V24/><F56/><W75/><G75/><T60/><D60/><U1/><E1/><RYUUKYOKU ba="1,1" sc="320,15,217,15,297,-15,156,-15" hai0="13,18,21,22,41,47,48,51,53,57,99,100,106" hai1="11,32,33,34,40,42,43,49,55,59,93,94,95" /><INIT seed="4,2,1,5,3,44" ten="335,232,282,141" oya="0" hai0="81,84,40,133,3,19,34,21,28,80,116,9,132" hai1="27,63,98,125,17,115,73,47,100,0,23,8,127" hai2="71,134,105,104,92,101,70,54,55,96,6,99,45" hai3="77,52,121,93,103,42,66,123,53,126,95,18,10"/><T37/><D116/><U68/><E73/><V7/><F134/><N who="0" m="51818" /><D84/><U112/><E47/><V38/><F45/><W22/><G77/><T131/><D131/><U49/><E49/><V46/><F46/><W30/><G126/><N who="1" m="48138" /><E68/><V87/><F87/><W118/><G42/><T41/><D37/><U60/><E8/><V106/><F38/><W56/><G118/><T59/><D59/><U39/><E0/><V82/><F82/><N who="0" m="31850" /><D28/><U86/><E86/><V61/><F99/><N who="3" m="59887" /><G30/><T69/><D69/><U94/><E39/><V76/><F76/><W102/><G10/><T79/><D34/><U89/><E100/><V78/><F78/><W51/><G123/><T24/><D79/><U120/><E120/><V33/><F33/><W31/><G31/><T48/><D48/><U2/><E2/><V129/><F71/><W64/><G121/><T130/><D130/><U90/><E90/><V62/><F129/><W97/><G53/><T74/><D74/><U16/><E17/><V124/><F124/><W50/><G50/><T110/><D110/><U91/><E91/><V72/><F72/><W36/><G36/><T25/><D25/><AGARI ba="2,1" hai="18,22,25,51,52,56,64,66,95,97,102" m="59887" machi="25" ten="30,3900,0" yaku="8,1,52,1,54,1" doraHai="44" who="3" fromWho="0" sc="335,-45,232,0,282,0,141,55" /><INIT seed="5,0,0,1,4,126" ten="290,232,282,196" oya="1" hai0="116,50,38,74,92,113,134,77,70,86,21,78,45" hai1="29,3,58,69,5,71,135,56,57,24,89,133,120" hai2="104,124,128,0,129,23,112,49,63,94,122,66,109" hai3="8,102,118,132,26,31,84,79,119,34,100,76,32"/><U41/><E120/><V60/><F104/><W65/><G65/><T4/><D70/><U130/><E41/><V88/><F109/><W25/><G8/><T14/><D38/><U53/><E53/><V103/><F122/><W20/><G132/><N who="1" m="50762" /><E130/><N who="2" m="50283" /><F124/><W54/><G54/><T7/><D134/><U125/><E125/><V73/><F112/><W82/><G79/><N who="0" m="30219" /><D74/><U15/><E3/><V64/><F73/><W97/><G34/><T96/><D113/><U10/><E89/><V107/><F0/><W117/><REACH who="3" step="1"/><G97/><REACH who="3" ten="290,232,282,186" step="2"/><T106/><D96/><U33/><AGARI ba="0,1" hai="5,10,15,24,29,33,56,57,58,69,71" m="50762" machi="33" ten="30,1500,0" yaku="20,1" doraHai="126" who="1" fromWho="1" sc="290,-5,232,25,282,-5,186,-5" /><INIT seed="5,1,0,0,4,48" ten="285,257,277,181" oya="1" hai0="84,80,95,119,99,76,94,12,0,73,123,127,64" hai1="19,52,42,10,37,63,96,85,87,129,44,7,102" hai2="32,31,122,21,30,68,97,103,57,23,5,82,45" hai3="109,29,74,18,65,2,117,133,47,81,25,43,112"/><U91/><E129/><V77/><F122/><W16/><G109/><T101/><D0/><U70/><E19/><V8/><F68/><W78/><G112/><T69/><D123/><U116/><E116/><V27/><F45/><W107/><G107/><T108/><D119/><U134/><E134/><V41/><F41/><W88/><G133/><T110/><D127/><U121/><E121/><V49/><F49/><W72/><G65/><T67/><D12/><U3/><E91/><V26/><F57/><W39/><G72/><T125/><D125/><U92/><REACH who="1" step="1"/><E70/><REACH who="1" ten="285,247,277,181" step="2"/><V86/><F32/><W115/><G117/><T118/><D118/><U113/><E113/><V98/><REACH who="2" step="1"/><F103/><REACH who="2" ten="285,247,267,181" step="2"/><W60/><G115/><T114/><D69/><U100/><E100/><V33/><F33/><W17/><G88/><N who="0" m="53511" /><D114/><U20/><E20/><V62/><F62/><W106/><G60/><T24/><D110/><U135/><E135/><V71/><F71/><W75/><G18/><T53/><D108/><U59/><AGARI ba="1,2" hai="3,7,10,37,42,44,52,59,63,85,87,92,96,102" machi="59" ten="30,12000,1" yaku="1,1,0,1,52,1,54,1,53,1" doraHai="48" doraHaiUra="36" who="1" fromWho="1" sc="285,-41,247,143,267,-41,181,-41" /><INIT seed="5,2,0,5,3,123" ten="244,390,226,140" oya="1" hai0="42,115,98,69,127,84,75,59,125,55,113,67,9" hai1="41,134,58,66,81,77,4,133,124,89,24,44,112" hai2="104,1,20,11,52,34,107,43,80,10,5,3,63" hai3="28,103,129,35,15,102,50,49,94,0,96,8,36"/><U70/><E112/><N who="0" m="43081" /><D75/><U78/><E124/><N who="0" m="47689" /><D42/><U91/><E70/><V25/><F43/><W79/><G36/><T37/><D37/><U40/><E4/><V121/><F121/><W87/><G0/><T23/><D23/><U82/><E24/><V22/><F34/><W61/><G129/><T29/><D29/><U128/><E58/><V32/><F32/><W117/><G117/><T83/><D98/><U38/><E66/><V74/><F22/><W51/><G35/><T12/><D67/><U31/><E31/><V30/><F74/><W6/><G28/><T99/><D99/><U16/><E128/><V114/><F114/><W88/><REACH who="3" step="1"/><G61/><REACH who="3" ten="244,390,226,130" step="2"/><T14/><D12/><U100/><E38/><V62/><F3/><W27/><G27/><T131/><D131/><U97/><E133/><V65/><F1/><W18/><G18/><T48/><D14/><U73/><E134/><V39/><F39/><W54/><G54/><T90/><D9/><U56/><E40/><V68/><F10/><W93/><G93/><T47/><D69/><U57/><E41/><V33/><F11/><W119/><G119/><T120/><D120/><U111/><E16/><V109/><F33/><W46/><G46/><AGARI ba="2,1" hai="46,47,48,55,59,83,84,90" m="47689,43081" machi="46" ten="30,2000,0" yaku="15,1,18,1" doraHai="123" who="0" fromWho="3" sc="244,36,390,0,226,0,130,-26" /><INIT seed="6,0,0,2,4,109" ten="280,390,226,104" oya="2" hai0="100,95,74,3,17,54,70,68,75,50,83,66,103" hai1="46,79,5,42,116,112,35,34,128,19,88,102,23" hai2="121,48,7,72,76,125,67,57,131,124,108,61,110" hai3="133,84,28,1,15,55,91,101,31,122,115,123,73"/><V2/><F72/><W134/><G1/><T40/><D3/><U25/><E116/><V82/><F82/><W94/><G55/><T12/><D40/><U129/><E112/><V6/><F76/><W0/><G0/><T107/><D107/><U126/><E5/><V81/><F81/><W8/><G73/><T53/><D95/><U65/><E79/><V132/><F2/><W113/><G101/><T52/><D50/><N who="1" m="26967" /><E126/><N who="2" m="48747" /><F7/><N who="3" m="3487" /><G123/><T47/><D47/><U135/><E135/><N who="3" m="51722" /><G122/><T127/><D127/><U97/><E65/><V32/><F6/><W92/><G94/><T21/><D66/><U117/><E117/><V87/><F132/><W22/><G22/><T130/><D130/><N who="1" m="50283" /><E88/><V120/><F32/><W77/><G77/><T64/><D64/><U58/><E35/><V45/><F131/><W60/><G60/><T105/><D105/><N who="1" m="63695" /><E34/><V49/><F87/><W71/><G71/><T99/><D99/><U59/><AGARI ba="0,0" hai="19,23,25,58,59" m="63695,50283,26967" machi="59" ten="30,1100,0" yaku="19,1" doraHai="109" who="1" fromWho="1" sc="280,-3,390,11,226,-5,104,-3" /><INIT seed="7,0,0,1,4,81" ten="277,401,221,101" oya="3" hai0="6,69,4,95,120,50,131,80,83,112,68,96,86" hai1="76,24,18,1,61,78,115,79,130,23,106,22,127" hai2="98,66,63,84,113,59,55,54,64,60,121,73,103" hai3="26,31,16,7,10,48,33,97,118,134,99,123,29"/><W21/><G118/><T44/><D120/><U12/><E106/><V17/><F73/><W14/><G123/><T90/><D112/><U32/><E1/><V77/><F113/><W0/><G31/><T42/><D131/><U133/><E32/><V129/><F129/><W45/><G134/><T36/><D36/><U13/><E130/><V35/><F35/><W65/><G65/><T124/><D124/><U109/><E109/><V110/><F110/><W88/><G88/><N who="0" m="53655" /><D68/><U53/><E115/><V117/><F117/><W11/><G10/><T37/><D37/><U93/><E133/><V41/><F41/><AGARI ba="0,0" hai="0,7,11,14,16,21,26,29,33,41,45,48,97,99" machi="41" ten="30,11600,0" yaku="7,1,24,2,54,1" doraHai="81" who="3" fromWho="2" sc="277,0,401,0,221,-116,101,116" /><INIT seed="7,1,0,5,3,122" ten="277,401,105,217" oya="3" hai0="73,89,47,59,36,123,63,68,4,120,87,86,14" hai1="134,130,26,112,106,126,16,18,58,45,90,64,93" hai2="2,80,127,38,104,56,92,43,29,85,49,34,102" hai3="6,53,125,28,1,23,50,51,20,39,129,35,109"/><W0/><G39/><T135/><D73/><U46/><E106/><V40/><F127/><W132/><G125/><T113/><D113/><U99/><E126/><V55/><F2/><W131/><G132/><T98/><D135/><U33/><E134/><V83/><F38/><W78/><G78/><T48/><D98/><U42/><E112/><V41/><F104/><W81/><G81/><T5/><D87/><U17/><E130/><N who="3" m="49674" /><G35/><T74/><D74/><U97/><E33/><V37/><F37/><W9/><G0/><T60/><D60/><N who="1" m="37911" /><E42/><N who="2" m="10755" /><V100/><DORA hai="121" /><F34/><W57/><G50/><T66/><D36/><U79/><E79/><V94/><F29/><W21/><G28/><T19/><D68/><U115/><E115/><V62/><F49/><W25/><G25/><T118/><D118/><U75/><E75/><V128/><F128/><W65/><G65/><T54/><D120/><U108/><E26/><V70/><F70/><W11/><G9/><T30/><D30/><U95/><E108/><AGARI ba="1,0" hai="1,6,11,20,21,23,51,53,57,108,109" m="49674" machi="108" ten="40,12000,1" yaku="19,1,52,4" doraHai="122,121" who="3" fromWho="1" sc="277,0,401,-123,105,0,217,123" owari="277,-12.0,278,8.0,105,-39.0,340,43.0" /></mjloggm>