<mjloggm ver="2.3"><GO type="97" lobby="0"/><UN n0="%E8%A9%A9%E7%B9%94" n1="%E3%83%88%E3%83%88%E3%83%AA%E5%85%88%E7%94%9F%31%39%E6%AD%B3" n2="%E3%81%BB%E3%81%86%2D%E3%81%BB%E3%81%86" n3="%EF%BC%A1%EF%BC%B3%EF%BC%A1%E9%96%A3%E4%B8%8B" dan="15,15,13,14" rate="1969.10,2050.31,1808.59,1969.14" sx="M,F,M,M"/><TAIKYOKU oya="0"/><INIT seed="0,0,0,1,2,44" ten="250,250,250,250" oya="0" hai0="20,46,97,132,118,85,37,101,81,105,8,96,86" hai1="57,124,34,110,68,76,78,103,21,134,13,63,106" hai2="102,77,32,73,4,52,17,129,0,90,18,22,40" hai3="80,104,24,89,53,126,71,94,25,10,122,1,114"/><T123/><D118/><U58/><E34/><V69/><F129/><W2/><G122/><T72/><D123/><U108/><E134/><V119/><F119/><W15/><G114/><T125/><D125/><U54/><E68/><V93/><F102/><W99/><G71/><T43/><D132/><U28/><E124/><V6/><F32/><W30/><G104/><T27/><D96/><N who="1" m="61799" /><E57/><V98/><F69/><W84/><G126/><T9/><D72/><U65/><E65/><V12/><F0/><W135/><G135/><T131/><D131/><U60/><E60/><V39/><F39/><W31/><G53/><T95/><D105/><U116/><E116/><V35/><F35/><W70/><G70/><T120/><D120/><U19/><E28/><N who="3" m="10794" /><G2/><T61/><D61/><U29/><E29/><V107/><F107/><W64/><G64/><T87/><REACH who="0" step="1"/><D81/><REACH who="0" ten="240,250,250,250" step="2"/><U74/><E74/><V51/><F73/><W113/><G113/><T16/><AGARI ba="0,1" hai="8,9,16,20,27,37,43,46,85,86,87,95,97,101" machi="16" ten="30,11700,0" yaku="1,1,2,1,0,1,54,1,53,0" doraHai="44" doraHaiUra="75" who="0" fromWho="0" sc="240,127,250,-39,250,-39,250,-39" /><INIT seed="0,1,0,3,3,121" ten="367,211,211,211" oya="0" hai0="113,83,74,22,63,92,86,19,130,5,103,128,12" hai1="8,1,28,98,66,7,46,97,114,131,17,27,125" hai2="6,94,119,56,107,0,87,81,2,123,29,34,76" hai3="109,110,41,105,54,58,9,3,60,36,132,67,18"/><T38/><D38/><U100/><E131/><V32/><F119/><W129/><G105/><T47/><D74/><U70/><E125/><V25/><F107/><W72/><G72/><T88/><D113/><U127/><E127/><V79/><F123/><W78/><G78/><T64/><D5/><U15/><E114/><V122/><F122/><W102/><G102/><T126/><D126/><U85/><E46/><V62/><F34/><W82/><G82/><T69/><D47/><U4/><E97/><V112/><F112/><W95/><G95/><T133/><D133/><U84/><E66/><V20/><F94/><W14/><G132/><T135/><D135/><U40/><E40/><V75/><F79/><W23/><G129/><T10/><D10/><U21/><E70/><V104/><F104/><W51/><G3/><T30/><D30/><U59/><E59/><V11/><F75/><W71/><REACH who="3" step="1"/><G9/><REACH who="3" ten="367,211,211,201" step="2"/><T50/><D103/><U68/><E1/><V108/><F108/><W91/><G91/><T26/><D92/><U134/><E134/><V115/><F115/><W42/><G42/><T101/><D101/><U61/><E100/><V31/><F0/><W33/><G33/><T45/><D130/><U116/><E8/><V57/><F32/><W55/><G55/><T53/><D128/><U52/><E52/><V16/><F57/><W117/><G117/><T13/><AGARI ba="1,1" hai="12,13,19,22,26,45,50,53,63,64,69,83,86,88" machi="13" ten="30,3000,0" yaku="0,1,54,1" doraHai="121" who="0" fromWho="0" sc="367,43,211,-11,211,-11,201,-11" /><INIT seed="0,2,0,4,5,92" ten="410,200,200,190" oya="0" hai0="55,20,37,28,112,71,18,2,89,4,77,7,119" hai1="67,128,133,103,87,46,14,17,40,72,13,101,74" hai2="60,75,83,34,117,61,27,64,79,8,85,82,122" hai3="19,120,43,126,99,81,1,47,16,123,109,113,96"/><T90/><D71/><U44/><E128/><V91/><F117/><W36/><G113/><T65/><D37/><U116/><E116/><V42/><F122/><N who="3" m="46635" /><G109/><T15/><D65/><U94/><E133/><V134/><F134/><W70/><G126/><T63/><D112/><U102/><E67/><V125/><F125/><W76/><G1/><T6/><D2/><U29/><E29/><V68/><F8/><W24/><G70/><T33/><D77/><U66/><E66/><V57/><F42/><W114/><G114/><T23/><D33/><U86/><E44/><V131/><F131/><W49/><G36/><T84/><D119/><U9/><E14/><V12/><F12/><W110/><G110/><T107/><D107/><U22/><E9/><V129/><F129/><W121/><N who="3" m="46643" /><W135/><DORA hai="69" /><G135/><T78/><D23/><U132/><E132/><V97/><F97/><N who="3" m="37451" /><G24/><T41/><D15/><U124/><E124/><V10/><F10/><W0/><G0/><T106/><D28/><U25/><E25/><V39/><F39/><W3/><G3/><T73/><D4/><U50/><E102/><V5/><F5/><W93/><G93/><T48/><D6/><U95/><E95/><V127/><F127/><W52/><G43/><T38/><D7/><U59/><E103/><V108/><F108/><W31/><G31/><T53/><D41/><U21/><E94/><V98/><F98/><W130/><G130/><T26/><D26/><U100/><E100/><V45/><F45/><W56/><G56/><T32/><D38/><U58/><E101/><V11/><F11/><RYUUKYOKU ba="2,0" sc="410,-10,200,-10,200,-10,190,30" hai3="16,19,47,49,52,76,81" /><INIT seed="1,3,0,0,3,4" ten="400,190,190,220" oya="1" hai0="27,13,18,106,79,125,35,87,17,28,2,118,122" hai1="81,55,3,10,76,19,88,119,45,36,71,121,111" hai2="22,51,97,33,64,124,99,7,63,131,129,93,78" hai3="41,98,114,52,73,23,37,5,95,46,130,40,113"/><U80/><E119/><V62/><F124/><W105/><G105/><T89/><D125/><U90/><E121/><V57/><F33/><W85/><G73/><T65/><D106/><U6/><E71/><V82/><F51/><N who="3" m="28791" /><G37/><T8/><D79/><U101/><E111/><V11/><F22/><W43/><G130/><N who="2" m="49673" /><F63/><W74/><G74/><T59/><D118/><U133/><E133/><V24/><F24/><W104/><G104/><T107/><D107/><U116/><E116/><V56/><F56/><W1/><G1/><T75/><D75/><N who="1" m="43039" /><E101/><V14/><F93/><W66/><G5/><T26/><D2/><U34/><E34/><V77/><F77/><W92/><G114/><T31/><D122/><U134/><E134/><V12/><F12/><W47/><G47/><T58/><D65/><U38/><E38/><V48/><F48/><W30/><G66/><T112/><D112/><U126/><E126/><V117/><F117/><W20/><G113/><T70/><D70/><U21/><E55/><V67/><F67/><W60/><G60/><T42/><D42/><N who="1" m="22727" /><E81/><V91/><F91/><N who="3" m="53359" /><G30/><T61/><D61/><U102/><E102/><AGARI ba="3,0" hai="20,23,40,41,43,95,98,102" m="53359,28791" machi="102" ten="30,2000,0" yaku="8,1,54,1" doraHai="4" who="3" fromWho="1" sc="400,0,190,-29,190,0,220,29" /><INIT seed="2,0,0,5,4,64" ten="400,161,190,249" oya="2" hai0="115,96,81,13,39,57,11,20,5,44,89,79,56" hai1="43,80,48,121,120,29,111,92,70,123,118,119,4" hai2="14,60,27,131,7,47,21,97,135,73,85,100,2" hai3="30,112,87,109,99,19,33,76,1,32,15,128,61"/><V91/><F131/><W78/><G1/><T94/><D115/><U103/><E111/><V26/><F135/><W0/><G0/><T54/><D20/><U37/><E37/><V9/><F73/><W106/><G109/><T68/><D68/><U88/><E4/><V16/><F47/><W110/><G110/><T69/><D69/><U113/><E113/><V86/><F86/><W45/><G112/><T35/><D35/><U127/><E29/><V82/><REACH who="2" step="1"/><F60/><REACH who="2" ten="400,161,180,249" step="2"/><W38/><G61/><T18/><D44/><N who="1" m="25631" /><E127/><V40/><F40/><W114/><G87/><T28/><D39/><U77/><E119/><V95/><AGARI ba="0,1" hai="2,7,9,14,16,21,26,27,82,85,91,95,97,100" machi="95" ten="20,7800,0" yaku="1,1,0,1,7,1,54,1,53,0" doraHai="64" doraHaiUra="134" who="2" fromWho="2" sc="400,-26,161,-26,180,88,249,-26" /><INIT seed="2,1,0,0,0,87" ten="374,135,268,223" oya="2" hai0="49,42,72,60,35,0,47,34,8,86,50,33,59" hai1="41,43,18,90,133,36,73,54,74,30,93,62,40" hai2="88,51,67,21,24,12,94,22,100,122,103,19,46" hai3="20,69,48,92,116,98,96,38,130,68,45,10,25"/><V9/><F122/><W99/><G116/><T84/><D72/><U52/><E36/><V124/><F124/><W39/><G130/><T14/><D49/><U76/><E133/><V16/><F67/><W97/><G39/><T4/><REACH who="0" step="1"/><D0/><REACH who="0" ten="364,135,268,223" step="2"/><U61/><E74/><V3/><F3/><W13/><G38/><T53/><AGARI ba="1,1" hai="4,8,14,33,34,35,42,47,50,53,59,60,84,86" machi="53" ten="30,4000,0" yaku="1,1,2,1,0,1,53,0" doraHai="87" doraHaiUra="70" who="0" fromWho="0" sc="364,53,135,-11,268,-21,223,-11" /><INIT seed="3,0,0,4,5,67" ten="417,124,247,212" oya="3" hai0="73,27,85,114,7,34,74,88,39,65,117,78,45" hai1="14,1,17,94,13,5,57,26,123,47,135,122,11" hai2="18,60,134,66,128,8,77,109,131,20,90,44,98" hai3="108,113,84,111,92,10,30,9,68,81,93,31,103"/><W28/><G113/><T0/><D117/><U21/><E47/><V104/><F109/><N who="3" m="42059" /><G103/><T6/><D65/><U32/><E57/><N who="2" m="37135" /><F134/><W35/><G35/><T132/><D132/><U54/><E54/><V25/><F77/><N who="3" m="46127" /><G68/><T42/><D114/><U95/><E95/><AGARI ba="0,0" hai="9,10,28,30,31,92,93,95" m="46127,42059" machi="95" ten="30,2900,0" yaku="14,1,10,1" doraHai="67" who="3" fromWho="1" sc="417,0,124,-29,247,0,212,29" /><INIT seed="3,1,0,4,0,123" ten="417,95,247,241" oya="3" hai0="46,15,117,29,102,86,51,97,92,73,23,81,63" hai1="94,130,2,110,54,68,76,107,19,125,129,16,64" hai2="9,119,128,70,99,93,134,112,30,25,1,77,80" hai3="89,5,62,124,39,84,118,13,47,104,120,53,18"/><W14/><G118/><T36/><D36/><U57/><E94/><V59/><F119/><W105/><G120/><T4/><D73/><U61/><E76/><V55/><F112/><W27/><G124/><T109/><D109/><U31/><E2/><V78/><F128/><W132/><G132/><T133/><D133/><U56/><E31/><V11/><F134/><W40/><G104/><T28/><D63/><U49/><E107/><V106/><F106/><W75/><G105/><T24/><D117/><U65/><E125/><V20/><F70/><W6/><G75/><T115/><D115/><U91/><E91/><V21/><F21/><W17/><G27/><T43/><D15/><N who="3" m="5641" /><G40/><T114/><D114/><U33/><E33/><V67/><F67/><W42/><G42/><T95/><D4/><N who="3" m="1641" /><G39/><T52/><D95/><U10/><E61/><V8/><F1/><W58/><G47/><T35/><D35/><U108/><E49/><N who="2" m="31215" /><F80/><AGARI ba="1,0" hai="17,18,53,58,62,80,84,89" m="1641,5641" machi="80" ten="30,1500,0" yaku="8,1" doraHai="123" who="3" fromWho="2" sc="417,0,95,0,247,-18,241,18" /><INIT seed="3,2,0,5,3,31" ten="417,95,229,259" oya="3" hai0="129,102,10,37,22,46,38,100,27,123,117,98,30" hai1="103,77,52,132,116,2,133,63,71,11,110,108,19" hai2="81,79,20,66,60,127,14,1,128,115,69,12,85" hai3="96,67,53,80,25,17,65,101,26,130,70,6,40"/><W84/><G130/><T86/><D129/><U24/><E103/><V76/><F115/><W61/><G40/><T4/><D117/><U33/><E77/><V36/><F127/><W135/><G135/><T72/><D72/><U83/><E83/><V64/><F128/><W82/><G6/><T92/><D123/><U119/><E52/><V106/><F106/><W42/><G42/><T90/><D46/><U125/><E63/><V9/><F36/><W114/><G114/><T109/><D109/><N who="1" m="42091" /><E71/><V99/><F1/><W16/><G53/><T126/><D126/><U48/><E19/><N who="3" m="7242" /><G70/><T107/><D102/><U50/><E48/><V118/><F118/><N who="1" m="45097" /><E50/><V56/><F69/><W134/><G134/><N who="1" m="51818" /><E125/><V49/><F49/><W131/><G131/><T95/><D95/><U104/><E104/><V87/><F66/><W39/><G67/><T45/><D45/><U0/><E11/><V105/><F9/><W73/><G65/><T32/><D38/><U34/><E24/><V111/><F111/><W7/><G61/><T8/><D37/><U91/><E91/><V89/><F105/><W54/><G39/><T21/><D8/><U88/><E88/><V57/><F89/><W62/><G62/><T78/><D78/><U124/><E124/><V44/><F76/><W94/><G54/><T75/><D75/><U55/><E55/><V74/><F79/><W15/><G73/><T28/><D10/><U58/><E58/><V43/><F57/><W112/><G82/><T93/><D107/><U122/><E122/><V3/><F56/><W68/><G68/><T23/><D90/><RYUUKYOKU ba="2,0" sc="417,-10,95,30,229,-10,259,-10" hai1="0,2,33,34" owari="407,50.0,125,-37.0,219,-18.0,249,5.0" /></mjloggm>