<mjloggm ver="2.3"><GO type="225" lobby="0"/><UN n0="%E3%83%88%E3%83%88%E3%83%AA%E5%85%88%E7%94%9F%31%39%E6%AD%B3" n1="%E7%B7%8B%E3%81%84%E7%8C%AB%EF%BC%9E%EF%BC%9C%EF%BC%81" n2="%28%EF%BC%BE%CF%89%EF%BC%BE%29%E3%81%8A%E3%81%89%E3%82%93" n3="%E4%BC%9D%E8%AA%AC%E3%81%AE%E3%81%B2%E3%82%88%E3%81%93" dan="16,16,16,16" rate="2117.91,2027.66,2114.39,2167.78" sx="F,F,F,F"/><TAIKYOKU oya="0"/><INIT seed="0,0,0,1,4,84" ten="250,250,250,250" oya="0" hai0="110,28,70,61,83,9,2,135,22,86,26,67,44" hai1="35,100,29,63,114,109,38,24,14,23,59,93,18" hai2="85,55,46,12,33,20,122,62,104,96,115,74,126" hai3="121,19,124,41,66,3,51,132,1,95,97,129,43"/><T99/><D135/><U5/><E38/><V123/><F74/><W54/><G129/><T6/><D110/><U94/><E114/><V131/><F33/><W7/><G124/><T80/><D86/><U103/><E109/><V81/><F115/><W105/><G105/><T4/><D4/><U127/><E127/><V71/><F131/><W91/><G66/><T65/><D65/><U10/><E100/><V27/><F12/><W106/><G1/><T60/><D60/><U16/><E18/><V79/><F126/><W52/><G54/><T102/><REACH who="0" step="1"/><D44/><REACH who="0" ten="240,250,250,250" step="2"/><U77/><E77/><V30/><F46/><W73/><G7/><T11/><D11/><U40/><E40/><V98/><F62/><W119/><G132/><T57/><D57/><U90/><E5/><V49/><F71/><W118/><G73/><T56/><D56/><U68/><E68/><V34/><F122/><W0/><G118/><T128/><D128/><U87/><E10/><V69/><F69/><W25/><G119/><T53/><D53/><U17/><E59/><V133/><F55/><W64/><G64/><T117/><D117/><U50/><E63/><V36/><F123/><W47/><G121/><T8/><D8/><U111/><E111/><V58/><F58/><W89/><G47/><T125/><D125/><U120/><E120/><V82/><F133/><W31/><G52/><T113/><D113/><U88/><E50/><V92/><F49/><W130/><G51/><T72/><D72/><U32/><E17/><V78/><F85/><W76/><G130/><T108/><D108/><U101/><E32/><RYUUKYOKU ba="0,1" sc="240,15,250,15,250,-15,250,-15" hai0="2,6,9,22,26,28,61,67,70,80,83,99,102" hai1="14,16,23,24,29,35,87,88,90,93,94,101,103" /><INIT seed="0,1,1,4,3,128" ten="255,265,235,235" oya="0" hai0="31,32,55,127,42,49,72,57,81,130,26,7,83" hai1="80,18,131,101,95,79,88,35,115,68,33,8,110" hai2="75,103,102,16,116,111,124,76,62,106,12,34,77" hai3="84,118,25,54,86,112,20,17,50,129,28,29,61"/><T114/><D114/><U15/><E115/><V125/><F34/><W109/><G112/><T37/><D130/><U94/><E131/><V133/><F111/><W108/><G129/><T90/><D127/><N who="2" m="48714" /><F116/><W52/><G61/><T122/><D122/><U59/><E110/><N who="3" m="42602" /><G54/><T107/><D107/><U19/><E68/><V48/><F133/><W91/><G118/><T44/><D72/><U100/><E59/><V96/><F102/><W21/><G91/><T113/><D113/><U93/><E19/><V36/><F36/><W11/><G11/><T56/><D7/><U4/><E4/><V98/><F98/><W14/><G28/><T99/><REACH who="0" step="1"/><D56/><AGARI ba="1,1" hai="14,17,20,21,25,29,50,52,56,84,86" m="42602" machi="56" ten="30,2000,0" yaku="14,1,54,1" doraHai="128" who="3" fromWho="0" sc="255,-23,265,0,235,0,235,33" /><INIT seed="1,0,0,4,5,96" ten="232,265,235,268" oya="1" hai0="85,51,95,39,112,64,58,111,73,62,130,56,59" hai1="42,48,5,121,90,131,0,7,83,19,22,98,67" hai2="124,10,110,93,99,84,34,8,108,101,29,52,45" hai3="54,78,100,46,119,55,82,102,15,44,76,26,24"/><U114/><E121/><V43/><F124/><W122/><G82/><T13/><D112/><U128/><E114/><V4/><F84/><W49/><G15/><T1/><D1/><U2/><E67/><V77/><F77/><N who="3" m="29803" /><G119/><T105/><D105/><U106/><E2/><V3/><F10/><W134/><G122/><T66/><D39/><U63/><E63/><V65/><F65/><N who="0" m="25194" /><D73/><U9/><E5/><V6/><F6/><W28/><G28/><T69/><D111/><U129/><E83/><V33/><F43/><N who="3" m="24735" /><G134/><T115/><D130/><U14/><E42/><V79/><F79/><W57/><G46/><T88/><D69/><U126/><E126/><V107/><F107/><W41/><G41/><T87/><D115/><U97/><E48/><N who="2" m="28687" /><F29/><W25/><G55/><N who="0" m="34175" /><D51/><AGARI ba="0,0" hai="24,25,26,51,54,57,100,102" m="24735,29803" machi="51" ten="30,3900,0" yaku="8,1,52,2" doraHai="96" who="3" fromWho="0" sc="232,-39,265,0,235,0,268,39" /><INIT seed="2,0,0,4,2,104" ten="193,265,235,307" oya="2" hai0="34,71,84,14,105,44,74,27,17,77,99,66,26" hai1="1,36,43,69,38,81,20,76,67,106,25,53,64" hai2="83,80,30,130,109,48,120,134,41,58,10,31,129" hai3="115,63,8,60,107,39,116,37,4,112,11,50,70"/><V114/><F120/><W110/><G116/><T5/><D5/><U96/><E1/><V85/><F114/><N who="3" m="43563" /><G107/><T23/><D84/><U113/><E113/><V90/><F134/><W124/><G124/><T51/><D34/><U46/><E38/><V55/><F109/><W82/><G50/><T73/><D77/><U135/><E135/><V123/><F123/><W103/><G103/><T79/><D79/><U97/><E53/><V68/><F68/><W47/><G11/><T128/><D128/><N who="2" m="49258" /><F41/><W9/><G9/><T32/><D99/><U86/><E69/><V54/><F54/><W22/><G47/><T111/><D105/><U12/><E106/><V52/><F55/><W19/><G63/><T59/><D71/><U117/><E117/><V93/><F10/><W57/><G70/><T75/><D111/><U88/><E67/><V118/><F118/><W102/><G57/><T78/><D78/><U133/><E64/><V45/><F45/><W28/><G60/><T21/><D32/><U89/><E133/><V121/><F121/><W122/><G122/><T56/><D66/><U42/><E42/><V16/><F16/><W3/><G19/><T0/><D0/><U13/><E96/><V94/><F80/><W15/><G8/><T62/><D62/><U40/><E40/><V100/><F100/><W72/><G102/><T6/><D6/><U131/><E131/><V126/><F126/><W98/><G82/><T125/><D125/><U65/><E65/><V7/><F7/><W95/><G4/><T33/><D44/><U29/><E97/><V49/><F49/><RYUUKYOKU ba="0,0" sc="193,-15,265,15,235,15,307,-15" hai1="12,13,20,25,29,36,43,46,76,81,86,88,89" hai2="30,31,48,52,58,83,85,90,93,94" /><INIT seed="2,1,0,5,0,15" ten="178,280,250,292" oya="2" hai0="4,5,82,110,88,38,50,79,90,53,93,71,19" hai1="134,118,72,10,29,62,132,130,32,76,47,127,122" hai2="106,120,68,21,131,67,3,75,73,116,35,129,101" hai3="119,49,54,80,25,115,77,87,23,109,124,41,104"/><V33/><F21/><W22/><G119/><T55/><D38/><U98/><E118/><V52/><F52/><N who="0" m="20042" /><D71/><U27/><E122/><V58/><F58/><W69/><G69/><T83/><D110/><U97/><E130/><N who="2" m="49675" /><F116/><W44/><G109/><T24/><D79/><U34/><E34/><N who="2" m="12811" /><F120/><W0/><G0/><T36/><D36/><U9/><E127/><V89/><F89/><N who="0" m="34410" /><D93/><U20/><E32/><V121/><F121/><W48/><G22/><N who="0" m="13407" /><D50/><U103/><E76/><V70/><F3/><W84/><G104/><T8/><D8/><U26/><E10/><V46/><F70/><W30/><G124/><T64/><D64/><U14/><E9/><V86/><F68/><W43/><G115/><T37/><D37/><U57/><E72/><V123/><F67/><W45/><G54/><T81/><AGARI ba="1,0" hai="4,5,81,82,83" m="13407,34410,20042" machi="81" ten="30,7900,0" yaku="8,1,52,1,54,2" doraHai="15" who="0" fromWho="0" sc="178,82,280,-21,250,-40,292,-21" /><INIT seed="3,0,0,3,0,113" ten="260,259,210,271" oya="3" hai0="107,81,24,75,40,47,116,37,77,27,33,12,104" hai1="90,134,95,55,59,103,132,63,108,43,35,11,54" hai2="60,130,19,69,83,72,91,92,96,28,65,122,9" hai3="68,124,5,38,79,88,105,0,85,119,70,30,115"/><W26/><G115/><T29/><D12/><U110/><E35/><V41/><F122/><W126/><G119/><T18/><D18/><U31/><E31/><V22/><F130/><W76/><G105/><N who="0" m="40523" /><D27/><U109/><E103/><V57/><F69/><W86/><G86/><T16/><D16/><U56/><E11/><V121/><F121/><W127/><G38/><T111/><D111/><U39/><E95/><V94/><F72/><W120/><G120/><T125/><D125/><U4/><E90/><N who="2" m="55319" /><F83/><N who="3" m="49215" /><G5/><T48/><D48/><N who="1" m="30791" /><E4/><V66/><F41/><W58/><G58/><T13/><D13/><U64/><E64/><N who="2" m="38927" /><F9/><W10/><G10/><T15/><D15/><U14/><E14/><N who="2" m="9591" /><F28/><W25/><G0/><T80/><D80/><U1/><E1/><V20/><F20/><N who="3" m="15655" /><G26/><T97/><D97/><AGARI ba="0,0" hai="65,66,91,94,97" m="9591,38927,55319" machi="97" ten="30,1000,0" yaku="8,1" doraHai="113" who="2" fromWho="0" sc="260,-10,259,0,210,10,271,0" /><INIT seed="4,0,0,1,2,7" ten="250,259,220,271" oya="0" hai0="17,3,2,48,36,129,53,125,84,59,77,35,93" hai1="15,10,24,78,50,95,100,118,99,55,33,26,106" hai2="114,80,69,101,65,73,58,117,25,115,109,16,45" hai3="133,44,130,46,41,102,66,89,91,11,116,110,62"/><T96/><D36/><U20/><E118/><V9/><F109/><W105/><G116/><T27/><D129/><U14/><E78/><V107/><F69/><W1/><G110/><T124/><D84/><U47/><E106/><V104/><F117/><W121/><G46/><T23/><D77/><U60/><E33/><V90/><F45/><W6/><G133/><T64/><D64/><U127/><E127/><N who="0" m="48713" /><D35/><U54/><E15/><N who="2" m="7279" /><F25/><N who="1" m="9833" /><E20/><V120/><F120/><W57/><G121/><T97/><D97/><U32/><E32/><V13/><F13/><W70/><G70/><T29/><D29/><U111/><E111/><V51/><F101/><AGARI ba="0,0" hai="2,3,17,23,27,48,53,59,93,96,101" m="48713" machi="101" ten="30,1500,0" yaku="18,1" doraHai="7" who="0" fromWho="2" sc="250,15,259,0,220,-15,271,0" /><INIT seed="4,1,0,1,5,68" ten="265,259,205,271" oya="0" hai0="43,125,25,78,61,112,72,12,55,102,85,27,70" hai1="59,93,133,129,74,32,130,31,9,26,13,40,100" hai2="34,106,17,47,80,92,49,99,83,30,104,41,108" hai3="75,105,121,131,118,122,29,56,114,35,96,69,42"/><T8/><D112/><U101/><E74/><V7/><F108/><W50/><G118/><T19/><D72/><U4/><E133/><V22/><F106/><W24/><G56/><N who="0" m="34975" /><D70/><U77/><E77/><V73/><F104/><W119/><G119/><T5/><D125/><U33/><E33/><V66/><F73/><W89/><G89/><T135/><D43/><U3/><E40/><V48/><F34/><W45/><G131/><N who="1" m="50186" /><E59/><V14/><F30/><W58/><G58/><T95/><D135/><U71/><E71/><V28/><F28/><W120/><G114/><T91/><D78/><U115/><E115/><V88/><F66/><W81/><G69/><T134/><D134/><U37/><E3/><V44/><REACH who="2" step="1"/><F7/><REACH who="2" ten="265,259,195,271" step="2"/><W109/><G109/><T110/><D110/><U117/><E117/><V1/><F1/><W20/><G35/><T62/><D5/><U132/><E132/><V52/><AGARI ba="1,1" hai="14,17,22,41,44,47,48,49,52,80,83,88,92,99" machi="52" ten="20,12000,2" yaku="1,1,0,1,7,1,8,1,54,2,53,0" doraHai="68" doraHaiUra="107" who="2" fromWho="2" sc="265,-61,259,-31,195,133,271,-31" owari="204,-30.0,228,-17.0,328,43.0,240,4.0" /></mjloggm>