<mjloggm ver="2.3"><GO type="97" lobby="0"/><UN n0="%E9%8C%A6%E6%97%97" n1="%E5%B0%B1%E6%B4%BB%E7%94%9F%40%E5%B7%9D%E6%9D%91%E8%BB%8D%E5%9B%A3" n2="%E4%B8%AD%E6%9C%AC%E3%81%95%E3%82%93" n3="%61%6C%6C%62%6C%61%63%6B" dan="13,16,14,14" rate="1859.68,2075.64,1891.97,1877.13" sx="M,M,F,M"/><TAIKYOKU oya="0"/><INIT seed="0,0,0,1,0,58" ten="250,250,250,250" oya="0" hai0="41,125,118,37,102,91,5,133,48,53,66,62,31" hai1="105,126,6,24,122,51,77,3,127,89,94,121,98" hai2="8,55,117,124,96,39,29,129,30,14,64,19,61" hai3="135,100,99,111,18,68,119,40,108,36,95,32,84"/><T82/><D125/><N who="1" m="47627" /><E24/><V74/><F124/><W50/><G32/><T81/><D37/><U16/><E6/><V130/><F74/><W112/><G36/><T43/><D133/><U90/><E3/><V13/><F39/><W69/><G112/><T87/><D5/><U25/><E51/><V11/><F55/><W2/><G2/><T15/><D118/><U38/><E38/><V106/><F117/><W107/><G18/><T71/><D31/><U131/><E131/><N who="2" m="50187" /><F96/><W93/><G135/><T86/><D102/><N who="1" m="62679" /><E77/><V132/><F106/><W88/><G107/><T23/><D23/><N who="1" m="13543" /><E89/><V109/><F109/><N who="3" m="42059" /><G119/><T92/><D15/><U115/><E115/><V67/><F132/><W63/><G50/><T110/><D110/><U52/><E52/><V113/><F113/><W17/><G17/><T44/><D82/><U42/><E42/><V97/><F67/><N who="3" m="41087" /><G40/><T120/><D41/><U75/><E75/><V28/><F13/><W101/><G101/><T83/><D43/><U46/><E46/><V73/><F73/><W34/><G34/><T59/><D81/><U134/><E134/><V79/><F79/><W80/><G80/><T22/><D83/><U123/><E123/><V78/><F78/><W27/><G27/><T12/><D120/><U104/><E104/><V10/><F97/><AGARI ba="0,0" hai="90,94,97,121,122" m="13543,62679,47627" machi="97" ten="30,2000,0" yaku="18,1,54,1" doraHai="58" who="1" fromWho="2" sc="250,0,250,20,250,-20,250,0" /><INIT seed="1,0,0,0,4,107" ten="250,270,230,250" oya="1" hai0="68,54,101,73,122,81,22,39,110,113,45,61,121" hai1="40,135,86,44,9,123,127,20,69,49,62,14,90" hai2="79,75,64,114,46,126,29,63,4,91,35,8,57" hai3="125,98,21,108,31,53,27,133,87,104,72,76,24"/><U23/><E123/><N who="0" m="47113" /><D101/><U60/><E135/><V99/><F126/><W36/><G36/><T6/><D113/><U111/><E127/><V13/><F114/><W120/><G120/><T112/><D112/><U25/><E111/><V119/><F119/><W28/><G125/><T92/><D92/><U84/><E84/><V78/><F46/><W124/><G124/><T38/><D22/><U80/><E69/><V106/><F75/><W43/><G43/><N who="0" m="22775" /><D39/><U32/><E32/><V7/><F7/><W130/><G108/><T93/><D93/><U65/><E65/><V97/><F29/><W82/><G130/><T105/><D105/><U128/><E128/><V55/><F35/><W1/><G1/><T18/><D6/><U34/><E34/><V94/><F106/><W17/><G133/><T132/><D18/><U19/><REACH who="1" step="1"/><E23/><REACH who="1" ten="250,260,230,250" step="2"/><V116/><F116/><W0/><G87/><T50/><D132/><U102/><E102/><V100/><F64/><W88/><G104/><T77/><D110/><U117/><E117/><V52/><F100/><W2/><G98/><T51/><D68/><U11/><E11/><V30/><F99/><W74/><G76/><T33/><D33/><U85/><E85/><V5/><F5/><AGARI ba="0,1" hai="5,9,14,19,20,25,40,44,49,60,62,80,86,90" machi="5" ten="30,11600,0" yaku="1,1,7,1,8,1,53,1" doraHai="107" doraHaiUra="83" who="1" fromWho="2" sc="250,0,260,126,230,-116,250,0" /><INIT seed="1,1,0,4,3,73" ten="250,386,114,250" oya="1" hai0="129,70,118,99,105,131,104,134,69,87,3,28,46" hai1="36,21,107,65,11,4,97,68,91,94,67,108,32" hai2="30,9,109,75,81,33,121,124,47,19,84,119,66" hai3="44,49,35,80,89,96,31,37,25,59,135,60,45"/><U77/><E32/><V132/><F119/><W98/><G37/><T7/><D28/><U112/><E112/><V114/><F121/><W54/><G45/><T78/><D46/><U92/><E107/><N who="0" m="41033" /><D87/><U74/><E36/><V111/><F114/><W76/><G89/><T52/><D99/><U106/><E106/><V27/><F132/><W128/><G135/><T116/><D134/><U102/><E108/><V55/><F124/><W93/><G93/><T58/><D7/><U115/><E115/><V5/><F75/><W64/><REACH who="3" step="1"/><G128/><REACH who="3" ten="250,386,114,240" step="2"/><N who="0" m="49227" /><D78/><U29/><E77/><V103/><F109/><W123/><G123/><T22/><D118/><U101/><E92/><V43/><F111/><W56/><G56/><T48/><D116/><U86/><E101/><V39/><F103/><W15/><G15/><T16/><D3/><U90/><E102/><V110/><F110/><W24/><G24/><AGARI ba="1,1" hai="16,22,24,48,52,58,69,70" m="49227,41033" machi="24" ten="30,3900,0" yaku="19,1,54,2" doraHai="73" who="0" fromWho="3" sc="250,52,386,0,114,0,240,-42" /><INIT seed="2,0,0,1,5,99" ten="302,386,114,198" oya="2" hai0="75,31,130,64,117,118,93,76,13,127,74,97,121" hai1="90,92,71,16,67,119,109,81,116,96,36,5,70" hai2="113,102,122,111,37,104,35,6,29,69,38,25,108" hai3="41,86,23,14,19,73,129,47,30,62,49,80,126"/><V44/><F113/><W103/><G73/><N who="0" m="27659" /><D64/><U94/><E36/><V107/><F122/><W45/><G129/><T98/><D31/><U40/><E109/><N who="2" m="42059" /><F44/><W105/><G126/><T3/><D3/><U120/><E120/><V101/><F6/><W12/><G30/><T57/><D57/><U32/><E32/><V79/><F79/><W10/><G62/><T77/><D121/><U52/><E40/><V135/><F135/><W56/><G56/><T24/><D24/><U114/><E114/><V63/><F104/><W125/><G47/><T21/><D127/><U78/><E5/><V100/><F107/><W2/><G2/><T58/><D58/><U59/><E71/><V0/><F0/><W65/><G65/><AGARI ba="0,0" hai="25,29,35,37,38,63,65,69,100,101,102" m="42059" machi="65" ten="30,12000,1" yaku="14,1,10,1,52,3" doraHai="99" who="2" fromWho="3" sc="302,0,386,0,114,120,198,-120" /><INIT seed="2,1,0,3,3,66" ten="302,386,234,78" oya="2" hai0="82,133,108,18,135,32,89,7,6,34,81,39,51" hai1="113,105,60,27,87,115,77,5,90,19,79,40,50" hai2="76,129,119,0,94,80,14,123,106,95,1,38,121" hai3="69,107,54,45,93,43,104,20,35,130,55,52,31"/><V117/><F38/><W24/><G35/><N who="0" m="13355" /><D39/><U91/><E105/><V98/><F14/><W118/><G118/><N who="2" m="45065" /><F0/><W131/><G93/><N who="2" m="35337" /><F1/><W125/><G125/><T71/><D51/><U110/><E110/><V57/><F57/><W28/><G28/><T132/><D89/><U116/><E116/><V88/><F129/><N who="3" m="49163" /><G69/><T99/><D99/><U41/><E5/><N who="0" m="1545" /><D108/><U67/><E67/><V134/><F134/><W70/><G70/><T56/><D56/><U62/><E62/><V124/><F124/><W75/><G75/><T3/><D71/><U111/><E60/><V65/><F65/><W83/><G83/><N who="0" m="31755" /><D18/><U58/><E19/><V10/><F10/><W78/><G78/><T4/><N who="0" m="1553" /><T64/><DORA hai="127" /><D64/><U46/><E27/><V68/><F68/><W59/><G59/><T12/><D12/><U42/><E111/><V96/><F106/><W86/><G86/><T25/><D3/><U16/><E16/><V17/><F17/><W103/><G103/><T92/><D92/><U47/><E58/><V23/><F76/><W120/><G120/><N who="2" m="46153" /><F23/><W33/><G33/><T15/><D15/><U11/><E79/><V73/><F73/><W97/><G97/><N who="2" m="37481" /><F80/><W84/><G84/><T109/><D109/><U9/><E77/><V29/><F29/><W22/><G20/><T114/><D25/><U30/><E87/><V101/><F101/><W85/><G85/><T63/><D63/><U61/><E30/><V36/><F36/><AGARI ba="1,0" hai="22,24,31,36,43,45,52,54,55,104,107" m="49163" machi="36" ten="30,8000,1" yaku="19,1,52,3,54,1" doraHai="66,127" who="3" fromWho="2" sc="302,0,386,0,234,-83,78,83" /><INIT seed="3,0,0,3,2,38" ten="302,386,151,161" oya="3" hai0="12,22,73,113,53,124,29,86,45,1,103,35,3" hai1="13,102,59,118,26,14,92,125,0,126,83,2,49" hai2="121,82,25,128,60,9,58,116,109,119,131,57,91" hai3="123,61,11,69,110,94,64,19,130,56,17,75,122"/><W65/><G75/><T55/><D73/><U18/><E118/><N who="2" m="45099" /><F109/><W68/><G94/><T8/><D35/><U37/><E37/><V31/><F121/><W63/><G56/><T108/><D108/><U112/><E112/><V80/><F9/><W127/><G110/><T40/><D113/><U24/><E83/><N who="2" m="31787" /><F91/><W132/><G11/><T117/><D117/><U23/><E92/><V47/><F47/><W107/><G127/><N who="1" m="48650" /><E102/><V100/><F100/><W51/><G51/><T90/><D22/><N who="1" m="13399" /><E49/><V32/><F60/><W79/><G79/><T30/><D3/><N who="1" m="1067" /><E59/><V52/><F52/><W81/><G81/><T66/><D1/><U6/><E6/><V4/><F4/><W42/><G107/><T85/><D103/><U5/><E5/><V33/><F33/><W36/><G36/><T77/><D66/><U111/><E111/><V133/><F133/><W106/><G106/><T78/><D124/><U43/><E43/><V76/><F76/><W104/><G104/><T62/><D62/><U70/><E70/><V97/><F97/><W88/><G88/><T10/><D90/><U15/><E15/><V46/><F46/><W67/><G67/><T72/><D45/><U71/><E71/><V135/><F135/><W48/><G48/><T54/><D12/><U120/><E120/><V95/><F95/><W21/><G42/><T20/><D20/><U99/><E99/><V28/><F28/><AGARI ba="0,0" hai="13,14,23,26,28" m="1067,13399,48650" machi="28" ten="30,3900,0" yaku="18,1,34,2" doraHai="38" who="1" fromWho="2" sc="302,0,386,39,151,-39,161,0" owari="302,10.0,425,53.0,112,-39.0,161,-24.0" /></mjloggm>