<mjloggm ver="2.3"><GO type="169" lobby="0"/><UN n0="%74%61%6E%61%4B%61" n1="%E7%88%86%E6%92%83%E5%AD%90" n2="%E3%82%A6%E3%83%AB%E3%83%88%E3%83%A9%E7%AB%8B%E7%9B%B4" n3="%E3%83%9E%E3%82%AA%E3%83%8A%E3%83%A2%E3%83%9F" dan="16,16,16,16" rate="2127.20,2081.98,2088.80,2082.42" sx="M,F,M,M"/><TAIKYOKU oya="0"/><INIT seed="0,0,0,2,3,97" ten="250,250,250,250" oya="0" hai0="95,125,71,85,25,134,30,118,48,37,23,4,49" hai1="84,94,44,130,78,72,102,81,111,131,7,19,79" hai2="67,132,21,91,65,116,57,32,17,13,124,58,133" hai3="93,117,51,45,66,41,26,87,31,63,75,126,110"/><T99/><D118/><U89/><E7/><V47/><F32/><W107/><G117/><T129/><D37/><U109/><E19/><V2/><F2/><W121/><G75/><T123/><D123/><U73/><E44/><V34/><F34/><W80/><G121/><T108/><D71/><U119/><E119/><V104/><F116/><W122/><G122/><T6/><D129/><N who="1" m="49163" /><E102/><V27/><F47/><W29/><G29/><T68/><D68/><U59/><E59/><V11/><F124/><W127/><G110/><N who="1" m="41994" /><E78/><V69/><F91/><W86/><G107/><T9/><D125/><U106/><E106/><V40/><F104/><W35/><G126/><T120/><D108/><U135/><E135/><N who="2" m="51787" /><F40/><W54/><G127/><T53/><D120/><U5/><E5/><N who="2" m="3311" /><F69/><W8/><G41/><T90/><D134/><U39/><E39/><V112/><F112/><W22/><G45/><T10/><D4/><U61/><E61/><V43/><F43/><W113/><G63/><T50/><D6/><U3/><E3/><V20/><F20/><W82/><G22/><T128/><D128/><U36/><E36/><V92/><F58/><W16/><G113/><T74/><D53/><U12/><E12/><V28/><F57/><W114/><G114/><T100/><REACH who="0" step="1"/><D74/><AGARI ba="0,0" hai="72,73,74,79,81,84,89,94" m="41994,49163" machi="74" ten="30,7700,0" yaku="19,1,14,1,34,2" doraHai="97" who="1" fromWho="0" sc="250,-77,250,77,250,0,250,0" /><INIT seed="1,0,0,1,3,23" ten="173,327,250,250" oya="1" hai0="62,125,47,59,20,98,56,100,86,46,45,89,120" hai1="133,108,119,102,66,2,4,115,92,41,88,52,6" hai2="29,49,79,3,1,5,36,55,106,28,0,99,60" hai3="132,12,39,70,105,77,81,21,16,78,13,69,50"/><U85/><E115/><V110/><F36/><W37/><G132/><T135/><D135/><U48/><E133/><V57/><F110/><W117/><G117/><T121/><D125/><U96/><E119/><V31/><F79/><W122/><G122/><N who="0" m="47211" /><D62/><U19/><E108/><V54/><F5/><N who="1" m="2153" /><E66/><V34/><F99/><W83/><G105/><N who="0" m="63639" /><D20/><U87/><E2/><V51/><F106/><W75/><G50/><T22/><D22/><U91/><E41/><V42/><F42/><W104/><G104/><T90/><D90/><N who="1" m="34347" /><E19/><V134/><F134/><W43/><G43/><T10/><D10/><U14/><E14/><V127/><F127/><W126/><G126/><T76/><D76/><U101/><E101/><V24/><REACH who="2" step="1"/><F60/><REACH who="2" ten="173,327,240,250" step="2"/><W61/><G61/><T65/><D65/><U93/><E93/><AGARI ba="0,1" hai="45,46,47,56,59,86,89,93" m="63639,47211" machi="93" ten="30,1000,0" yaku="13,1" doraHai="23" who="0" fromWho="1" sc="173,20,327,-10,240,0,250,0" /><INIT seed="2,0,0,2,3,35" ten="193,317,240,250" oya="2" hai0="95,81,79,120,134,52,18,14,6,90,113,98,103" hai1="50,2,23,76,84,74,46,70,28,116,105,133,75" hai2="66,94,59,1,69,58,102,88,65,106,7,107,124" hai3="64,53,45,32,86,29,12,127,54,48,31,108,99"/><V119/><F119/><W85/><G108/><T21/><D113/><U3/><E105/><V123/><F123/><W60/><G127/><T30/><D120/><U37/><E37/><V130/><F124/><W67/><G32/><T27/><D134/><U4/><E70/><V25/><F25/><W39/><G39/><T109/><D109/><U47/><E4/><V96/><F130/><W41/><G99/><T114/><D114/><U101/><E101/><V97/><F107/><W36/><G12/><T125/><D125/><U16/><E28/><V17/><F17/><W42/><G36/><T51/><D6/><U43/><E47/><V72/><F72/><W10/><G48/><T5/><D5/><U83/><E116/><V20/><F20/><W57/><G57/><T33/><D79/><U61/><E61/><V77/><F77/><W121/><G60/><T115/><D115/><U93/><E133/><V131/><F131/><W122/><REACH who="3" step="1"/><G45/><REACH who="3" ten="193,317,240,240" step="2"/><T118/><D118/><U19/><E75/><V104/><F59/><W100/><G100/><T44/><D103/><U112/><E112/><V73/><F58/><W24/><G24/><T40/><REACH who="0" step="1"/><D81/><REACH who="0" ten="183,317,240,240" step="2"/><U56/><E83/><V132/><F132/><W13/><G13/><T63/><D63/><U15/><E15/><V128/><F128/><W68/><G68/><T91/><D91/><U34/><E76/><V89/><F89/><W92/><G92/><T38/><D38/><U111/><E93/><V126/><F94/><W87/><G87/><T49/><D49/><N who="1" m="26847" /><E84/><V80/><F126/><W55/><G55/><AGARI ba="0,2" hai="14,18,21,27,30,33,40,44,51,52,55,90,95,98" machi="55" ten="40,2600,0" yaku="1,1,54,1,53,0" doraHai="35" doraHaiUra="82" who="0" fromWho="3" sc="183,46,317,0,240,0,240,-26" /><INIT seed="3,0,0,2,5,122" ten="229,317,240,214" oya="3" hai0="123,116,100,93,98,92,81,8,117,78,120,131,112" hai1="134,72,101,10,45,3,53,35,71,66,91,75,1" hai2="2,28,50,51,65,88,38,31,99,129,37,83,94" hai3="57,80,96,6,68,67,30,55,29,17,87,133,54"/><W70/><G68/><T79/><D8/><U125/><E35/><V73/><F2/><W82/><G133/><T76/><D112/><U14/><E101/><V23/><F129/><W42/><G70/><T19/><D19/><U97/><E1/><V40/><F65/><W111/><G6/><T102/><D131/><U86/><E97/><V74/><F73/><W62/><G42/><T128/><D128/><U41/><E3/><V13/><F38/><W4/><G4/><T20/><D20/><U61/><E125/><V32/><F32/><W39/><G39/><T0/><D0/><U107/><E107/><V9/><F37/><W56/><G96/><T22/><D22/><U11/><E11/><V12/><F74/><W124/><G67/><T48/><D48/><N who="2" m="18474" /><F83/><W34/><G34/><T130/><D130/><U25/><E53/><V64/><F64/><W95/><G124/><T5/><D5/><U84/><E72/><V69/><F40/><W59/><G62/><T47/><D47/><U127/><E75/><V121/><F69/><W16/><G57/><T63/><D63/><U77/><E134/><V105/><F105/><W7/><G7/><T36/><D36/><U52/><E41/><V115/><F121/><N who="0" m="46666" /><D81/><N who="1" m="47151" /><E127/><V18/><F115/><W108/><G95/><N who="0" m="36427" /><D98/><U103/><E45/><V90/><F90/><W119/><G87/><T26/><D26/><U110/><E25/><V113/><F113/><W43/><G43/><T49/><D49/><U27/><E61/><V58/><F58/><W132/><G132/><T118/><AGARI ba="0,0" hai="76,78,79,100,102,116,117,118" m="36427,46666" machi="118" ten="40,8000,1" yaku="28,2,34,2" doraHai="122" who="0" fromWho="0" sc="229,80,317,-20,240,-20,214,-40" /><INIT seed="4,0,0,0,5,76" ten="309,297,220,174" oya="0" hai0="98,121,110,89,43,45,38,12,85,83,70,117,32" hai1="61,131,71,90,129,100,14,4,21,1,28,42,58" hai2="77,72,133,74,115,73,69,47,109,124,11,87,119" hai3="24,113,88,17,96,127,62,22,66,120,105,108,81"/><T7/><D121/><U56/><E71/><V36/><F109/><W34/><G113/><T103/><D32/><U82/><E100/><V67/><F115/><W102/><G108/><T118/><D70/><U95/><E42/><V26/><F124/><W126/><G120/><T125/><D125/><U123/><E1/><V130/><F130/><W35/><G126/><T86/><D110/><U106/><E106/><V54/><F133/><W30/><G127/><T122/><D122/><U135/><E135/><V65/><F119/><W97/><G17/><T78/><D12/><U50/><E123/><V79/><F77/><W48/><G48/><T37/><D7/><U41/><E28/><V8/><F26/><W39/><G39/><T31/><D31/><U84/><E41/><V57/><F67/><W40/><G40/><T60/><D60/><U52/><E95/><V25/><F25/><W94/><REACH who="3" step="1"/><G81/><REACH who="3" ten="309,297,220,164" step="2"/><T33/><D37/><U111/><E111/><V51/><F36/><W53/><G53/><T6/><D6/><U19/><E4/><V5/><F5/><W107/><G107/><T18/><D18/><U101/><E129/><V59/><F8/><W10/><G10/><T23/><D118/><U128/><E131/><V16/><F16/><W15/><G15/><T75/><D117/><U20/><E128/><V2/><F11/><W3/><G3/><T99/><D43/><U55/><E101/><V92/><F2/><W132/><G132/><T49/><D103/><U0/><E0/><V68/><F54/><W80/><G80/><T116/><D38/><U46/><E46/><RYUUKYOKU ba="0,1" sc="309,-15,297,15,220,-15,164,15" hai1="14,19,20,21,50,52,55,56,58,61,82,84,90" hai3="22,24,30,34,35,62,66,88,94,96,97,102,105" /><INIT seed="5,1,1,1,4,83" ten="294,312,205,179" oya="1" hai0="56,116,132,5,62,66,44,1,45,10,53,28,47" hai1="8,57,58,72,123,101,63,126,113,90,103,70,68" hai2="14,130,24,76,6,124,54,19,11,121,15,9,42" hai3="12,35,82,89,125,87,95,25,13,119,110,29,22"/><U49/><E72/><V127/><F42/><W36/><G110/><T104/><D116/><U17/><E123/><V23/><F76/><W34/><G119/><T21/><D104/><U73/><E73/><V78/><F78/><W112/><G112/><T106/><D106/><U80/><E68/><V115/><F54/><W60/><G36/><T79/><D132/><U33/><E33/><V37/><F37/><W94/><G125/><N who="2" m="48201" /><F121/><W30/><G34/><T107/><D107/><U99/><E70/><V77/><F77/><W26/><G94/><T55/><D79/><U0/><E113/><V59/><F59/><W64/><REACH who="3" step="1"/><G95/><REACH who="3" ten="294,312,205,169" step="2"/><T75/><D75/><U4/><E126/><V85/><F115/><W43/><G43/><T67/><D67/><U71/><E103/><V131/><F85/><W88/><G88/><T2/><D66/><U38/><E90/><V102/><F102/><W27/><G27/><T84/><D53/><U69/><E38/><V7/><AGARI ba="1,2" hai="6,7,9,11,14,15,19,23,24,130,131" m="48201" machi="7" ten="30,4000,0" yaku="18,1,34,2" doraHai="83" who="2" fromWho="2" sc="294,-11,312,-21,205,63,169,-11" /><INIT seed="6,0,0,3,5,30" ten="283,291,268,158" oya="2" hai0="47,91,124,35,72,25,9,44,53,50,14,112,56" hai1="54,105,115,7,133,135,75,6,132,39,130,45,103" hai2="100,82,16,12,48,22,67,98,28,61,109,76,119" hai3="125,80,69,17,55,107,88,85,42,108,52,113,73"/><V43/><F119/><W31/><G108/><T62/><D72/><U111/><E75/><V127/><F127/><W128/><G125/><T70/><D124/><U94/><E105/><V92/><F109/><W18/><G107/><T126/><D126/><U4/><E111/><V3/><F3/><W134/><G134/><T77/><D77/><U65/><E65/><V5/><F5/><W68/><G73/><T33/><D112/><U20/><E115/><V0/><F0/><W81/><G113/><T114/><D114/><U120/><E120/><V116/><F116/><W123/><G123/><T118/><D118/><U58/><E20/><V106/><F28/><W95/><G42/><T96/><D70/><U117/><E117/><V37/><F37/><W26/><G128/><T27/><D44/><U32/><E32/><V10/><F22/><W1/><G1/><T41/><D25/><U101/><E130/><V57/><F106/><W99/><G68/><T38/><D27/><U34/><E34/><V71/><F71/><W19/><G69/><T8/><D8/><U104/><E94/><V36/><F36/><W131/><G131/><T90/><D38/><U24/><E24/><V21/><F21/><N who="3" m="15823" /><G81/><T40/><D40/><N who="1" m="22687" /><E104/><V84/><F43/><W63/><G63/><AGARI ba="0,0" hai="4,6,7,54,58,63,101,103,132,133,135" m="22687" machi="63" ten="40,1300,0" yaku="20,1" doraHai="30" who="1" fromWho="3" sc="283,0,291,13,268,0,158,-13" /><INIT seed="7,0,0,1,1,119" ten="283,304,268,145" oya="3" hai0="124,72,34,58,93,17,8,10,35,122,104,57,135" hai1="84,103,115,64,9,43,45,91,24,70,21,11,52" hai2="113,129,81,54,44,4,128,51,88,55,29,98,123" hai3="63,66,108,127,85,71,96,23,90,36,13,47,49"/><W32/><G127/><T109/><D124/><U5/><E103/><V105/><F113/><W27/><G108/><T41/><D104/><U31/><E115/><V89/><F29/><W86/><G36/><T7/><D72/><U106/><E106/><V94/><F105/><W38/><G38/><T75/><D75/><U3/><E11/><V114/><F114/><W112/><G112/><T100/><D122/><U59/><E70/><V60/><F4/><W30/><G96/><T95/><D41/><U79/><E64/><V130/><F123/><W87/><G32/><T99/><D99/><U111/><E79/><V39/><F39/><W116/><G13/><T102/><D17/><U125/><E111/><V120/><F120/><W26/><G26/><T121/><D121/><U42/><E45/><V82/><F89/><W53/><REACH who="3" step="1"/><G116/><REACH who="3" ten="283,304,268,135" step="2"/><T37/><D109/><U40/><E125/><V14/><F14/><W97/><G97/><T50/><D37/><U74/><E24/><V110/><F110/><W12/><G12/><T25/><D25/><U80/><E3/><V101/><F101/><W78/><G78/><T6/><D34/><U77/><E77/><V15/><F15/><W83/><AGARI ba="0,1" hai="23,27,30,47,49,53,63,66,71,83,85,86,87,90" machi="83" ten="20,3900,0" yaku="1,1,0,1,7,1,53,0" doraHai="119" doraHaiUra="118" who="3" fromWho="3" sc="283,-13,304,-13,268,-13,135,49" /><INIT seed="7,1,0,3,1,40" ten="270,291,255,184" oya="3" hai0="89,50,114,39,123,102,7,69,120,124,96,10,129" hai1="25,44,95,17,131,107,113,1,14,59,46,47,45" hai2="116,118,27,56,29,127,33,49,111,2,99,128,23" hai3="74,76,55,52,125,60,38,48,77,57,71,75,15"/><W126/><G38/><T65/><D39/><U63/><E107/><V108/><F49/><W87/><G15/><T16/><D124/><N who="3" m="47721" /><G87/><T22/><D129/><U0/><E131/><V6/><F99/><W90/><G90/><T19/><D89/><U82/><E25/><N who="2" m="18607" /><F127/><W91/><G91/><T61/><D114/><U13/><E13/><V73/><F73/><N who="3" m="27659" /><G71/><T66/><D19/><U85/><E95/><V67/><F128/><W72/><N who="3" m="27667" /><W122/><DORA hai="70" /><G122/><T68/><D50/><U130/><E113/><V135/><F27/><W132/><G132/><T98/><D98/><U30/><E30/><V21/><F135/><W106/><G106/><T43/><D43/><U8/><E130/><V84/><F84/><W37/><G37/><T64/><D69/><U81/><E85/><V117/><F117/><W32/><G32/><T100/><D120/><U93/><E93/><V92/><F118/><W28/><G28/><T26/><D102/><U79/><E79/><V80/><F92/><W54/><G54/><T20/><D123/><U34/><E34/><V41/><F116/><W3/><G3/><T88/><D88/><U42/><E0/><V36/><F36/><W53/><G53/><T62/><D68/><U133/><E1/><V31/><F2/><W97/><G97/><T101/><D96/><U12/><E12/><V83/><F31/><W11/><G11/><T112/><D100/><U58/><E133/><V109/><F111/><W9/><G9/><T105/><D101/><U119/><E119/><V121/><F109/><W103/><G103/><T134/><D105/><RYUUKYOKU ba="1,0" sc="270,-10,291,-10,255,-10,184,30" hai3="48,52,55,57,60,76,77" /><INIT seed="7,2,0,4,5,70" ten="260,281,245,214" oya="3" hai0="16,25,20,127,6,32,54,56,89,36,95,40,105" hai1="39,3,1,48,18,93,24,122,14,135,113,35,81" hai2="19,46,57,99,17,96,88,31,101,121,114,98,78" hai3="76,112,116,0,51,75,38,133,43,94,134,8,68"/><W12/><G116/><T109/><D109/><U125/><E39/><V23/><F78/><W120/><G120/><T53/><D105/><U126/><E81/><V107/><F114/><W28/><G68/><T47/><D127/><U61/><E61/><V37/><F121/><W87/><G0/><T110/><D110/><U115/><E48/><V128/><F128/><W29/><G112/><N who="1" m="43082" /><E93/><V103/><F37/><W2/><G2/><N who="1" m="522" /><E135/><N who="3" m="51722" /><G51/><T49/><D6/><U132/><E132/><V119/><F119/><W124/><G124/><T62/><D32/><U7/><E7/><V67/><F107/><W27/><G27/><T10/><D36/><U44/><E44/><V41/><F46/><N who="3" m="23927" /><G75/><T42/><D42/><U72/><E72/><V92/><F41/><W13/><G94/><T130/><D40/><U100/><E122/><V65/><F57/><W102/><G102/><T131/><D130/><U59/><E100/><V26/><F103/><W22/><G22/><T5/><D131/><U79/><E59/><V55/><F101/><W4/><G13/><N who="0" m="5327" /><D95/><U9/><E79/><V118/><F118/><W91/><G91/><AGARI ba="2,0" hai="16,20,25,47,49,53,54,56,62,89,91" m="5327" machi="91" ten="30,2000,0" yaku="8,1,54,1" doraHai="70" who="0" fromWho="3" sc="260,26,281,0,245,0,214,-26" /><INIT seed="8,0,0,0,0,58" ten="286,281,245,188" oya="0" hai0="73,91,99,62,114,87,102,26,77,0,8,130,84" hai1="122,22,101,12,32,92,86,25,94,14,21,97,27" hai2="40,128,13,28,57,48,31,129,61,36,81,33,75" hai3="23,131,18,111,56,68,135,69,125,17,105,124,85"/><T10/><D114/><U96/><E32/><V46/><F13/><W6/><G111/><T9/><D130/><N who="2" m="50282" /><F36/><W42/><G131/><T1/><D73/><U109/><E109/><V3/><F3/><W29/><G105/><T63/><D77/><U39/><E39/><V117/><F117/><W35/><G135/><T116/><D84/><U121/><E86/><V74/><F33/><W4/><G42/><T100/><D116/><U134/><REACH who="1" step="1"/><E101/><REACH who="1" ten="286,271,245,188" step="2"/><V118/><F118/><W53/><G85/><T90/><D102/><U70/><E70/><N who="3" m="27242" /><G35/><T108/><D108/><U51/><E51/><V115/><F115/><W126/><G29/><N who="2" m="11337" /><F81/><W132/><G132/><AGARI ba="0,1" hai="12,14,21,22,25,27,92,94,96,97,121,122,132,134" machi="132" ten="25,3200,0" yaku="1,1,22,2,53,0" doraHai="58" doraHaiUra="133" who="1" fromWho="3" sc="286,0,271,42,245,0,188,-32" owari="286,9.0,313,40.0,245,-15.0,156,-34.0" /></mjloggm>