<mjloggm ver="2.3"><GO type="169" lobby="0"/><UN n0="%67%69%6A%79%75%74%75" n1="%E3%83%9D%E3%82%B3%E3%83%94%E3%83%B3" n2="%79%6F%74%65%72%75" n3="%E3%82%A6%E3%83%AB%E3%83%88%E3%83%A9%E7%AB%8B%E7%9B%B4" dan="17,16,16,17" rate="2133.34,2140.11,2102.57,2119.07" sx="M,M,M,M"/><TAIKYOKU oya="0"/><INIT seed="0,0,0,3,0,127" ten="250,250,250,250" oya="0" hai0="116,27,84,41,131,47,33,6,62,55,12,122,105" hai1="101,40,86,97,126,103,57,46,90,117,54,15,26" hai2="69,53,60,130,9,81,44,29,34,22,25,16,108" hai3="59,125,102,106,23,21,121,20,93,7,134,64,99"/><T56/><D122/><U19/><E126/><V78/><F130/><W85/><G125/><T50/><D105/><U110/><E110/><V13/><F108/><W124/><G124/><T71/><D116/><U32/><E32/><V38/><F34/><W70/><G134/><T96/><D96/><U83/><E26/><V36/><F69/><W128/><G128/><T112/><D112/><U113/><E97/><V118/><F118/><W48/><G121/><T92/><D131/><U87/><E87/><V31/><F31/><W67/><G70/><T30/><D71/><U73/><E73/><V10/><F10/><W94/><G7/><T8/><D92/><U119/><E113/><V45/><F45/><W51/><G106/><T75/><REACH who="0" step="1"/><D84/><REACH who="0" ten="240,250,250,250" step="2"/><U109/><E119/><V66/><F81/><W5/><G93/><T3/><D3/><U17/><E117/><V72/><F72/><AGARI ba="0,1" hai="6,8,12,27,30,33,41,47,50,55,56,62,72,75" machi="72" ten="40,3900,0" yaku="1,1,53,1" doraHai="127" doraHaiUra="28" who="0" fromWho="2" sc="240,49,250,0,250,-39,250,0" /><INIT seed="0,1,0,2,5,110" ten="289,250,211,250" oya="0" hai0="131,114,84,75,63,52,73,28,38,56,39,91,29" hai1="61,48,100,126,93,14,0,46,130,113,8,58,125" hai2="33,12,31,19,90,81,30,82,70,107,64,25,43" hai3="67,66,23,55,112,5,57,120,134,108,35,83,60"/><T53/><D131/><U78/><E130/><V16/><F31/><W22/><G35/><T69/><D69/><U124/><E78/><V37/><F107/><W24/><G108/><T77/><D77/><U4/><E100/><V40/><F37/><W101/><G134/><T122/><D84/><U96/><E96/><V26/><F26/><W72/><G120/><T59/><D63/><U79/><E79/><V123/><F123/><W54/><G112/><T92/><D122/><U97/><E93/><V111/><F111/><W103/><G5/><T116/><D92/><U104/><E97/><V102/><F102/><W50/><G83/><T2/><D2/><U32/><E32/><V118/><F118/><W94/><G72/><T74/><D74/><U47/><E104/><V105/><F105/><W15/><G101/><T49/><D49/><U3/><E47/><V1/><F1/><W62/><G94/><T11/><D11/><U129/><E129/><V135/><F135/><W88/><G88/><T133/><D133/><U7/><E7/><V42/><F90/><W34/><G34/><T128/><D128/><U86/><E86/><V36/><F36/><W44/><G62/><T51/><D91/><U18/><E4/><V80/><F12/><W76/><G76/><T6/><D6/><U9/><E113/><V71/><REACH who="2" step="1"/><F64/><REACH who="2" ten="289,250,201,250" step="2"/><W95/><G103/><T89/><D89/><U10/><E3/><V117/><F117/><W99/><G95/><T119/><D119/><U127/><E0/><V27/><F27/><W13/><G99/><T121/><D116/><U45/><E127/><RYUUKYOKU ba="1,1" sc="289,-10,250,-10,201,30,250,-10" hai2="16,19,25,30,33,40,42,43,70,71,80,81,82" /><INIT seed="1,2,1,1,4,42" ten="279,240,231,240" oya="1" hai0="53,120,51,38,25,113,83,87,110,115,90,98,35" hai1="68,36,10,34,9,60,5,49,94,123,20,76,84" hai2="67,135,126,41,22,78,103,33,12,28,134,17,55" hai3="63,27,40,11,29,31,93,45,130,71,13,82,108"/><U61/><E36/><V97/><F126/><W50/><G108/><T127/><D38/><U111/><E34/><V46/><F78/><W18/><G130/><T132/><D110/><U0/><E123/><V75/><F75/><W43/><G82/><T21/><D35/><U112/><E112/><V65/><F55/><W44/><G93/><T121/><D127/><U24/><E68/><V122/><F122/><N who="0" m="47210" /><D98/><U23/><E23/><V106/><F28/><W70/><G63/><T96/><D96/><U47/><E9/><V131/><F33/><W92/><G92/><T102/><D102/><U101/><E111/><V129/><F67/><W116/><G116/><T2/><D2/><U104/><E104/><V99/><F99/><W6/><G6/><T1/><D1/><U19/><E101/><V32/><F65/><W7/><G7/><T125/><D125/><U77/><E77/><V37/><REACH who="2" step="1"/><F32/><REACH who="2" ten="279,240,221,240" step="2"/><W72/><G72/><T52/><D53/><U86/><E76/><V88/><F88/><W54/><G54/><T109/><D109/><U66/><E66/><V117/><F117/><W79/><G79/><T95/><D113/><U30/><E30/><V89/><F89/><W81/><G31/><N who="0" m="17839" /><D115/><U91/><E86/><V56/><F56/><W14/><G29/><T58/><D132/><AGARI ba="2,2" hai="12,17,22,37,41,46,97,103,106,129,131,132,134,135" machi="132" ten="40,12000,2" yaku="1,1,20,1,52,1,53,3" doraHai="42" doraHaiUra="128" who="2" fromWho="0" sc="279,-126,240,0,221,146,240,0" /><INIT seed="2,0,0,2,2,92" ten="153,240,367,240" oya="2" hai0="104,46,44,74,50,63,103,118,3,75,7,40,61" hai1="12,133,25,122,129,77,100,113,21,19,132,17,80" hai2="73,23,91,84,13,97,36,68,32,29,51,47,130" hai3="126,57,52,48,18,82,120,35,71,96,135,1,114"/><V83/><F130/><W27/><G120/><T38/><D3/><U106/><E113/><V93/><F73/><W43/><G71/><T98/><D7/><U94/><E129/><V2/><F2/><W90/><G1/><T60/><REACH who="0" step="1"/><D118/><REACH who="0" ten="143,240,367,240" step="2"/><U78/><E122/><V34/><F68/><W5/><G5/><T87/><D87/><U99/><E133/><V86/><F86/><W95/><G135/><T124/><D124/><U30/><E132/><V16/><F36/><W31/><G126/><T4/><D4/><U8/><E106/><V85/><F85/><W11/><G114/><T108/><D108/><U59/><E59/><V55/><REACH who="2" step="1"/><F29/><REACH who="2" ten="143,240,357,240" step="2"/><W69/><G69/><T41/><AGARI ba="0,2" hai="38,40,41,44,46,50,60,61,63,74,75,98,103,104" machi="41" ten="30,4000,0" yaku="1,1,0,1,52,1,53,0" doraHai="92" doraHaiUra="14" who="0" fromWho="0" sc="143,60,240,-10,357,-20,240,-10" /><INIT seed="3,0,0,0,5,129" ten="203,230,337,230" oya="3" hai0="54,21,30,114,74,121,128,69,14,11,49,70,120" hai1="123,101,133,117,103,41,34,130,102,12,112,57,51" hai2="46,8,67,60,13,64,126,36,18,37,119,62,89" hai3="38,66,23,9,81,125,63,15,1,52,56,96,39"/><W113/><G125/><T79/><D128/><U19/><E123/><V104/><F119/><W100/><G113/><T28/><D114/><U111/><E130/><V58/><F126/><W40/><G1/><T85/><D74/><U95/><E34/><V118/><F118/><W83/><G23/><T93/><D121/><U45/><E117/><V134/><F134/><W55/><G39/><T90/><D120/><U82/><E111/><V43/><F104/><W6/><G40/><T87/><D69/><U135/><E112/><V22/><F89/><W73/><G38/><T44/><D70/><U27/><E27/><V3/><F37/><W94/><G73/><T127/><D127/><U7/><E7/><V88/><F88/><W131/><G131/><T80/><REACH who="0" step="1"/><D21/><REACH who="0" ten="193,230,337,230" step="2"/><U32/><E32/><V5/><F22/><W35/><G35/><T48/><D48/><U78/><E57/><V65/><F58/><N who="3" m="35271" /><G66/><T124/><D124/><U33/><E33/><V110/><F110/><W4/><G4/><AGARI ba="0,1" hai="4,11,14,28,30,44,49,54,79,80,85,87,90,93" machi="4" ten="30,7700,0" yaku="1,1,7,1,8,1,53,1" doraHai="129" doraHaiUra="2" who="0" fromWho="3" sc="193,87,230,0,337,0,230,-77" /><INIT seed="4,0,0,4,4,8" ten="280,230,337,153" oya="0" hai0="111,102,45,112,17,30,35,57,67,85,18,94,10" hai1="50,126,20,53,130,65,93,71,127,74,84,7,68" hai2="72,11,87,133,91,100,105,113,75,101,107,23,116" hai3="103,69,4,115,21,86,40,96,119,62,55,95,66"/><T78/><D112/><U12/><E74/><N who="2" m="28203" /><F23/><W52/><G119/><T29/><D111/><U131/><E65/><V92/><F11/><W63/><G115/><T61/><D35/><U31/><E31/><V43/><F43/><W0/><G0/><T3/><D3/><U70/><E84/><N who="2" m="52327" /><F113/><W38/><G4/><T39/><D39/><U24/><E24/><V44/><F44/><W58/><G40/><T80/><D45/><N who="1" m="27855" /><E93/><V97/><F133/><W51/><G38/><T79/><D79/><U42/><E42/><V41/><F41/><W81/><G21/><T6/><D6/><U49/><E49/><V46/><F46/><W33/><G33/><T125/><D17/><N who="1" m="10279" /><E7/><V90/><F116/><W56/><G69/><T32/><D32/><U123/><E123/><V114/><F114/><W106/><G106/><N who="2" m="40457" /><F97/><W134/><G134/><T60/><D29/><U120/><E120/><V9/><F9/><W59/><G59/><N who="0" m="37279" /><D30/><U117/><E117/><V121/><F121/><W14/><G66/><T47/><D47/><U89/><E70/><V110/><F110/><W25/><G25/><T108/><D108/><U135/><E135/><V76/><F76/><N who="3" m="46375" /><G51/><T15/><D57/><U54/><E68/><V128/><F128/><N who="1" m="49193" /><E71/><V2/><F2/><W99/><G99/><N who="0" m="59767" /><D61/><U28/><E28/><V109/><F109/><W77/><G77/><T34/><D34/><U129/><E129/><V16/><F16/><W36/><G36/><T22/><D22/><U27/><E27/><V5/><F5/><W98/><G98/><T13/><D78/><U82/><E54/><V132/><F132/><RYUUKYOKU ba="0,0" sc="280,-30,230,10,337,10,153,10" hai1="82,89,126,127" hai2="87,90,100,101" hai3="14,52,55,56,58,62,63,95,96,103" /><INIT seed="5,1,0,3,4,19" ten="250,240,347,163" oya="1" hai0="75,98,8,128,131,120,101,70,64,20,122,84,6" hai1="134,133,1,112,69,62,73,48,89,129,24,109,65" hai2="87,47,107,27,117,18,4,59,85,61,34,121,44" hai3="58,118,68,16,15,93,115,40,106,91,3,86,39"/><U52/><E1/><V14/><F117/><W126/><G68/><T33/><D75/><U2/><E2/><V135/><F121/><N who="0" m="46698" /><D33/><U63/><E73/><V132/><F107/><W83/><G106/><T35/><D35/><U10/><E109/><V9/><F47/><W21/><G118/><T50/><D50/><U56/><E129/><N who="0" m="49737" /><D64/><U125/><E125/><V104/><F44/><W92/><G126/><T22/><D84/><U127/><E127/><V23/><F104/><W99/><G115/><T114/><D70/><U124/><E112/><V0/><F0/><W108/><G108/><T26/><D26/><U105/><E24/><V51/><F51/><W74/><G3/><N who="0" m="95" /><D114/><U71/><E124/><V80/><F34/><W57/><G74/><T97/><D97/><U111/><E111/><V41/><F85/><N who="3" m="52335" /><G39/><T5/><D5/><U88/><E48/><V43/><F132/><W116/><G116/><T36/><D36/><U82/><E71/><V12/><F135/><W60/><G40/><T11/><D11/><U90/><E10/><V119/><F27/><W42/><G42/><T113/><D113/><U130/><E130/><V77/><F119/><W25/><G25/><T32/><D32/><U94/><E134/><V54/><AGARI ba="1,0" hai="4,9,12,14,18,23,41,43,54,59,61,77,80,87" machi="54" ten="20,5200,0" yaku="0,1,7,1,8,1,52,1" doraHai="19" who="2" fromWho="2" sc="250,-14,240,-27,347,55,163,-14" /><INIT seed="6,0,0,0,2,71" ten="236,213,402,149" oya="2" hai0="130,92,15,131,112,89,132,66,54,14,84,100,20" hai1="7,133,27,86,60,120,57,114,35,58,65,38,48" hai2="9,90,33,103,37,88,126,109,62,31,95,79,51" hai3="82,94,1,134,124,105,49,115,44,106,4,13,135"/><V97/><F37/><W43/><G1/><T99/><D66/><U123/><E133/><V56/><F79/><W127/><G94/><N who="0" m="58487" /><D132/><N who="3" m="50729" /><G82/><T129/><D112/><U70/><E7/><V42/><F126/><N who="3" m="48171" /><G115/><T25/><D54/><N who="1" m="31943" /><E114/><V96/><F109/><W40/><G40/><T108/><D108/><U73/><E73/><V81/><F81/><W8/><AGARI ba="0,0" hai="4,8,13,43,44,49,105,106" m="48171,50729" machi="8" ten="40,2700,0" yaku="20,1,18,1" doraHai="71" who="3" fromWho="3" sc="236,-7,213,-7,402,-13,149,27" /><INIT seed="7,0,0,5,1,115" ten="229,206,389,176" oya="3" hai0="25,26,5,128,131,116,96,74,27,133,114,126,60" hai1="119,79,51,76,11,98,22,28,18,93,13,127,19" hai2="20,65,8,34,125,70,111,81,83,108,69,31,73" hai3="120,64,107,55,106,10,104,103,33,121,132,109,100"/><W57/><G64/><T112/><D116/><U84/><E119/><V58/><F58/><W30/><G132/><T16/><D74/><U45/><E28/><V61/><F20/><W85/><G109/><T50/><D133/><U37/><E37/><V130/><F130/><N who="0" m="49706" /><D126/><U94/><E127/><V117/><F117/><W86/><G10/><T41/><D5/><U3/><E3/><V59/><F125/><W129/><G129/><T36/><D36/><U62/><E62/><N who="2" m="40119" /><F81/><W95/><G121/><T44/><D96/><U75/><E75/><V68/><F59/><W113/><G113/><N who="0" m="43627" /><D60/><U2/><E2/><V54/><F8/><W67/><G67/><T87/><D87/><U43/><E84/><V124/><F61/><W63/><G120/><T40/><D40/><U24/><E98/><V118/><F73/><W53/><G53/><T91/><D91/><U1/><E1/><V97/><F118/><W9/><G9/><T12/><D12/><U39/><E39/><V102/><F124/><W105/><N who="3" m="26624" /><DORA hai="77" /><W110/><G110/><T92/><D92/><AGARI ba="0,0" hai="11,13,18,19,22,24,43,45,51,76,79,92,93,94" machi="92" ten="40,1300,0" yaku="8,1" doraHai="115,77" who="1" fromWho="0" sc="229,-13,206,13,389,0,176,0" owari="216,-18.0,219,2.0,389,48.0,176,-32.0" /></mjloggm>