<mjloggm ver="2.3"><GO type="41" lobby="0"/><UN n0="%E5%B0%B1%E6%B4%BB%E7%94%9F%40%E5%B7%9D%E6%9D%91%E8%BB%8D%E5%9B%A3" n1="%48%78%48" n2="%72%6F%6E%72%6F%6E%76" n3="%4C%61%74%74%65%4C" dan="15,15,13,13" rate="2002.80,2013.44,1874.37,1838.95" sx="M,M,M,M"/><TAIKYOKU oya="0"/><INIT seed="0,0,0,2,5,72" ten="250,250,250,250" oya="0" hai0="41,110,75,43,0,4,93,58,29,16,69,135,84" hai1="25,128,74,5,20,103,104,114,86,91,23,33,116" hai2="63,54,100,99,10,40,65,132,89,30,26,117,12" hai3="62,28,36,24,96,60,70,90,105,124,52,127,81"/><T106/><D106/><U13/><E116/><V42/><F117/><W79/><G36/><T133/><D69/><U113/><E74/><V19/><F54/><W123/><G123/><T61/><D75/><U2/><E103/><V56/><F89/><W73/><G70/><T87/><D29/><N who="1" m="19631" /><E104/><V46/><F46/><W131/><G131/><T1/><D110/><U38/><E38/><V18/><F18/><W11/><G11/><T82/><D93/><N who="1" m="54519" /><E128/><V22/><REACH who="2" step="1"/><F132/><REACH who="2" ten="250,250,240,250" step="2"/><W15/><G90/><T78/><D16/><N who="1" m="10255" /><E23/><V32/><F32/><W3/><G52/><T130/><D130/><U39/><E39/><V102/><F102/><W107/><G127/><T51/><D135/><U88/><E88/><V57/><F57/><W109/><G124/><T9/><D133/><U49/><E49/><V27/><F27/><W80/><G24/><T120/><D120/><U77/><E113/><V37/><F37/><W85/><G109/><T83/><D51/><U122/><E114/><V98/><F98/><W118/><G96/><T94/><D94/><AGARI ba="0,1" hai="10,12,19,22,26,30,40,42,56,63,65,94,99,100" machi="94" ten="30,8000,1" yaku="1,1,7,1,25,2,8,1,53,0" doraHai="72" doraHaiUra="50" who="2" fromWho="0" sc="250,-80,250,0,240,90,250,0" /><INIT seed="1,0,0,3,4,11" ten="170,250,330,250" oya="1" hai0="90,94,95,15,109,129,14,108,21,97,117,31,127" hai1="5,2,69,119,61,114,49,6,83,62,107,19,44" hai2="87,124,46,48,54,42,121,106,24,91,39,17,104" hai3="85,113,29,122,41,78,132,76,118,115,34,101,22"/><U92/><E114/><N who="3" m="43530" /><G34/><T96/><D117/><U105/><E119/><V133/><F121/><W45/><G29/><T51/><D127/><U93/><E2/><V63/><F124/><W131/><G22/><T30/><D129/><U126/><E126/><V134/><F17/><W125/><G125/><T56/><D56/><U67/><E92/><V55/><F24/><W86/><G45/><T82/><D51/><U103/><E62/><V98/><F63/><W10/><G10/><T57/><D57/><U128/><E128/><V99/><F55/><W88/><G131/><T77/><D108/><U135/><E83/><N who="2" m="49663" /><F54/><W32/><G118/><T36/><D36/><U102/><E102/><V111/><F48/><W20/><G41/><T100/><D109/><U43/><E135/><N who="2" m="51723" /><F111/><W116/><G32/><T80/><D80/><U68/><E68/><V112/><F112/><W84/><G116/><T89/><D100/><U47/><E47/><V130/><F130/><W53/><G53/><T28/><REACH who="0" step="1"/><D21/><REACH who="0" ten="160,250,330,250" step="2"/><U79/><E49/><V75/><F75/><AGARI ba="0,1" hai="14,15,28,30,31,75,77,82,89,90,94,95,96,97" machi="75" ten="40,12000,2" yaku="1,1,2,1,9,1,52,2,53,1" doraHai="11" doraHaiUra="74" who="0" fromWho="2" sc="160,130,250,0,330,-120,250,0" /><INIT seed="2,0,0,5,1,91" ten="290,250,210,250" oya="2" hai0="65,119,8,102,49,41,71,122,50,59,135,83,23" hai1="2,107,81,109,113,134,84,30,66,98,31,96,33" hai2="100,85,103,1,25,68,105,87,10,29,128,63,86" hai3="127,51,42,120,124,123,9,92,94,93,53,35,46"/><V17/><F128/><W56/><G35/><T78/><D71/><U14/><E2/><V67/><F105/><W47/><G9/><T6/><D122/><N who="3" m="46633" /><G42/><T74/><D119/><U28/><E113/><V121/><F121/><W111/><G111/><T70/><D135/><U129/><E109/><V95/><F1/><W32/><G32/><T55/><D102/><U112/><E112/><V16/><F10/><W90/><G90/><T131/><D131/><U19/><E134/><V104/><F104/><W22/><G22/><T97/><D97/><U15/><E33/><V43/><F43/><W11/><G11/><T69/><D65/><U77/><E129/><V114/><F114/><W118/><G118/><T72/><D72/><U101/><E66/><V38/><F38/><W76/><G76/><T45/><REACH who="0" step="1"/><D23/><REACH who="0" ten="280,250,210,250" step="2"/><U60/><E101/><V80/><F103/><W54/><G54/><T52/><D52/><U26/><E98/><V27/><F100/><W4/><G4/><T88/><D88/><U115/><E96/><V99/><F99/><W39/><G39/><T21/><D21/><N who="1" m="13631" /><E115/><V62/><F67/><W48/><G48/><T13/><AGARI ba="0,1" hai="6,8,13,41,45,49,50,55,59,69,70,74,78,83" machi="13" ten="20,5200,0" yaku="1,1,0,1,7,1,53,1" doraHai="91" doraHaiUra="36" who="0" fromWho="0" sc="280,62,250,-13,210,-26,250,-13" /><INIT seed="3,0,0,5,3,66" ten="342,237,184,237" oya="3" hai0="30,98,76,128,37,82,119,86,102,47,48,104,130" hai1="52,75,113,71,92,67,8,65,101,109,57,7,1" hai2="94,87,4,18,85,99,46,100,90,34,9,111,22" hai3="14,43,83,106,55,114,117,16,61,27,20,29,95"/><W131/><G131/><T15/><D37/><U58/><E113/><V17/><F34/><W124/><G124/><T77/><D119/><U19/><E75/><V132/><F132/><W0/><G117/><T108/><D108/><U120/><E120/><V62/><F111/><W28/><G114/><T133/><D133/><U21/><E109/><V79/><F62/><W84/><G106/><T97/><D30/><U10/><E10/><V89/><F46/><W50/><G0/><T23/><D98/><U44/><E44/><V105/><F79/><W125/><G125/><T60/><D60/><U13/><E58/><V49/><F49/><W121/><G121/><T110/><D110/><U116/><E116/><V126/><F126/><W78/><G29/><T68/><D68/><U31/><E71/><V24/><F18/><W54/><G95/><T81/><D23/><U80/><E80/><V112/><F112/><W93/><G93/><T70/><D15/><N who="1" m="9471" /><E1/><V40/><F40/><W103/><G103/><T38/><D38/><U123/><E31/><V41/><F41/><W32/><REACH who="3" step="1"/><G61/><REACH who="3" ten="342,237,184,227" step="2"/><T88/><D128/><U39/><E123/><V42/><F105/><W129/><G129/><T91/><D130/><U5/><E92/><V35/><F100/><W73/><G73/><T115/><D115/><U96/><E101/><V74/><F94/><W64/><G64/><T122/><D122/><U36/><E67/><V3/><F74/><W118/><G118/><T53/><D70/><U25/><E65/><V135/><F3/><W51/><G51/><T56/><D102/><U127/><E127/><RYUUKYOKU ba="0,1" sc="342,-10,237,-10,184,-10,227,30" hai3="14,16,20,27,28,32,43,50,54,55,78,83,84" /><INIT seed="3,1,1,4,5,46" ten="332,227,174,257" oya="3" hai0="52,16,62,99,78,88,13,119,84,73,87,131,67" hai1="114,98,133,113,30,103,28,29,112,5,82,97,56" hai2="116,83,47,118,6,38,60,129,35,92,72,10,85" hai3="111,109,49,128,96,76,65,74,2,108,37,21,1"/><W101/><G128/><T86/><D119/><U63/><E133/><V34/><F129/><W19/><G37/><T110/><D131/><U120/><E120/><V4/><F92/><W58/><G76/><T66/><D110/><U53/><E103/><V55/><F60/><W90/><G90/><T70/><D73/><U68/><E5/><V100/><F100/><W125/><G125/><T11/><D78/><U105/><E105/><V0/><F4/><W14/><G74/><T127/><D127/><U41/><E41/><N who="2" m="22967" /><F85/><W61/><REACH who="3" step="1"/><G49/><REACH who="3" ten="332,227,174,247" step="2"/><T102/><D102/><U48/><REACH who="1" step="1"/><E82/><REACH who="1" ten="332,217,174,247" step="2"/><V7/><F83/><W132/><G132/><T32/><D32/><U42/><E42/><V107/><F35/><W25/><G25/><T106/><D106/><AGARI ba="1,3" hai="1,2,14,19,21,58,61,65,96,101,106,108,109,111" machi="106" ten="40,12000,1" yaku="1,1,14,1,10,1,53,1" doraHai="46" doraHaiUra="57" who="3" fromWho="0" sc="332,-123,217,0,174,0,247,153" /><INIT seed="3,2,0,1,4,47" ten="209,217,174,400" oya="3" hai0="81,106,74,57,34,11,129,49,25,114,59,9,42" hai1="20,115,7,135,130,22,133,67,32,127,99,54,27" hai2="8,124,6,98,102,78,39,16,113,64,45,86,15" hai3="105,72,68,103,112,109,71,79,66,126,18,41,77"/><W2/><G2/><T38/><D106/><U29/><E67/><V120/><F120/><W63/><G112/><T51/><D114/><U61/><E115/><V93/><F113/><W110/><G71/><T91/><D129/><U131/><E7/><V88/><F64/><W69/><G69/><T117/><D117/><U14/><E99/><V94/><F124/><W97/><G126/><T107/><D107/><U50/><E61/><V12/><F78/><W70/><G70/><T28/><D38/><U44/><E127/><V30/><F30/><W52/><G72/><T40/><D74/><U4/><E4/><V134/><F134/><N who="1" m="51209" /><E14/><V125/><F125/><W116/><G116/><T122/><D122/><U13/><E13/><V76/><F76/><W75/><G75/><T37/><D37/><U101/><E101/><V95/><F45/><W83/><G83/><T3/><D3/><U100/><E100/><V96/><F39/><W36/><G41/><N who="0" m="15979" /><D34/><U108/><E108/><N who="3" m="41578" /><G36/><T1/><D1/><U104/><E104/><V119/><F119/><W111/><N who="3" m="41586" /><W24/><DORA hai="60" /><G24/><T21/><D81/><U121/><E121/><V19/><F15/><W90/><G90/><AGARI ba="2,0" hai="6,8,12,16,19,86,88,90,93,94,95,96,98,102" machi="90" ten="30,7700,0" yaku="7,1,8,1,54,2" doraHai="47,60" who="2" fromWho="3" sc="209,0,217,0,174,83,400,-83" /><INIT seed="4,0,0,2,3,6" ten="209,217,257,317" oya="0" hai0="99,34,132,129,100,0,88,3,81,115,15,24,8" hai1="124,108,53,20,64,95,126,127,13,40,114,37,9" hai2="52,107,17,105,7,79,18,35,77,45,83,91,61" hai3="123,32,12,44,96,97,130,36,94,48,121,2,19"/><T125/><D115/><U39/><E64/><V101/><F35/><W112/><G112/><T80/><D129/><U16/><E114/><V43/><F7/><W117/><G36/><N who="1" m="13898" /><E40/><V58/><F91/><W131/><G32/><T113/><D113/><U78/><E78/><V109/><F109/><W128/><G2/><T59/><D132/><U74/><E74/><V47/><F79/><W63/><G63/><T135/><D135/><U134/><E134/><V31/><F31/><W14/><G117/><T22/><D34/><U30/><E95/><V5/><F5/><W89/><G97/><T67/><D125/><U73/><E73/><V62/><F62/><W42/><REACH who="3" step="1"/><G14/><REACH who="3" ten="209,217,257,307" step="2"/><T55/><D3/><U75/><E108/><V46/><F43/><W93/><G93/><N who="0" m="56743" /><D67/><U57/><E124/><V68/><F107/><W71/><G71/><T110/><D100/><U33/><E127/><V72/><F68/><W23/><AGARI ba="0,1" hai="12,19,23,42,44,48,89,94,96,121,123,128,130,131" machi="23" ten="40,8000,1" yaku="1,1,0,1,19,1,53,1" doraHai="6" doraHaiUra="86" who="3" fromWho="3" sc="209,-40,217,-20,257,-20,307,90" /><INIT seed="5,0,0,1,0,135" ten="169,197,237,397" oya="1" hai0="21,103,14,24,112,111,11,4,73,25,6,29,59" hai1="63,79,31,19,49,94,81,13,134,44,1,78,9" hai2="66,27,0,52,54,42,120,101,118,126,75,102,109" hai3="32,106,113,87,86,128,85,56,7,74,34,84,110"/><U83/><E134/><V107/><F75/><W125/><G106/><T97/><D73/><U69/><E1/><V80/><F0/><W132/><G74/><T115/><D111/><U93/><E31/><V17/><F80/><N who="1" m="30793" /><E63/><V99/><F42/><W30/><G132/><T71/><D71/><U130/><E69/><V95/><F109/><W70/><G110/><T61/><D25/><U127/><E130/><V23/><F118/><W64/><G70/><T57/><D6/><U124/><E79/><V58/><F102/><W68/><G68/><T91/><D91/><U114/><E78/><V41/><F41/><W108/><G108/><T76/><D76/><U92/><E114/><V131/><F107/><W96/><G128/><T5/><D5/><U36/><E36/><V121/><F131/><W122/><G113/><T65/><REACH who="0" step="1"/><D59/><REACH who="0" ten="159,197,237,397" step="2"/><U48/><E44/><V62/><F120/><W35/><G122/><T26/><D26/><U46/><E46/><V22/><F121/><W43/><G56/><T28/><D28/><U55/><E55/><V98/><F54/><W117/><G30/><T116/><D116/><U18/><E18/><V72/><F52/><W8/><G117/><T12/><D12/><U89/><E89/><V3/><F72/><W40/><G40/><T129/><D129/><U88/><E88/><V60/><F3/><W53/><G43/><T100/><D100/><U82/><E82/><V15/><F17/><W38/><G53/><T47/><D47/><U16/><E19/><V90/><F101/><W104/><G7/><T123/><D123/><U39/><E39/><RYUUKYOKU ba="0,1" sc="159,15,197,15,237,-15,397,-15" hai0="4,11,14,21,24,29,57,61,65,97,103,112,115" hai1="9,13,16,48,49,92,93,94,124,127" /><INIT seed="5,1,1,2,1,5" ten="174,212,222,382" oya="1" hai0="1,63,49,98,92,90,7,61,102,124,73,107,128" hai1="37,81,36,59,17,91,3,15,108,100,104,0,23" hai2="38,44,112,65,12,33,83,126,97,46,54,20,133" hai3="25,96,131,75,114,22,27,110,93,74,84,26,113"/><U24/><E108/><V68/><F68/><W135/><G110/><T9/><D73/><U127/><E127/><V86/><F86/><W125/><G84/><T118/><D124/><U69/><E69/><V31/><F31/><W14/><G125/><T10/><D118/><U64/><E91/><V51/><F51/><W134/><G14/><T99/><D128/><U45/><E81/><V32/><F32/><W76/><G22/><T95/><D107/><U67/><E100/><V130/><F65/><W30/><G30/><T103/><D90/><U121/><E104/><V101/><F97/><W42/><G42/><T47/><REACH who="0" step="1"/><D9/><REACH who="0" ten="164,212,222,382" step="2"/><U82/><E37/><V117/><F130/><W80/><G131/><T8/><D8/><U66/><E36/><V129/><F38/><W52/><G52/><AGARI ba="1,2" hai="1,7,10,47,49,52,61,63,92,95,98,99,102,103" machi="52" ten="30,12000,2" yaku="1,1,7,1,9,1,52,1,54,1,53,2" doraHai="5" doraHaiUra="57" who="0" fromWho="3" sc="164,143,212,0,222,0,382,-123" /><INIT seed="6,0,0,3,4,97" ten="307,212,222,259" oya="2" hai0="68,47,12,40,86,116,85,10,101,75,19,114,115" hai1="53,93,112,130,96,61,129,80,43,89,99,117,131" hai2="107,20,88,71,133,103,57,70,127,123,126,3,120" hai3="91,29,92,33,65,2,32,34,121,94,59,22,104"/><V105/><F57/><W0/><G104/><N who="2" m="40009" /><F20/><W24/><G121/><N who="2" m="46665" /><F103/><W81/><G81/><T39/><D75/><U6/><E80/><V77/><F88/><W124/><G124/><N who="2" m="47657" /><F77/><W87/><REACH who="3" step="1"/><G94/><REACH who="3" ten="307,212,222,249" step="2"/><T125/><D125/><U49/><E93/><V37/><F37/><W31/><G31/><T62/><D116/><U17/><E130/><V4/><F133/><W1/><G1/><T45/><D114/><U102/><E112/><V74/><F74/><W41/><G41/><T64/><D115/><U98/><E131/><V73/><F73/><W110/><G110/><T122/><D122/><U108/><E108/><V82/><F82/><W95/><G95/><T54/><D40/><U38/><E38/><V21/><F21/><W56/><G56/><T134/><D39/><U119/><E129/><V26/><F26/><W35/><N who="3" m="8192" /><DORA hai="111" /><W48/><G48/><T84/><D134/><U44/><E43/><V135/><F135/><W83/><G83/><T100/><D47/><U113/><E44/><V66/><F66/><W8/><G8/><AGARI ba="0,1" hai="3,4,8,70,71" m="47657,46665,40009" machi="8" ten="40,3900,0" yaku="18,1,23,1" doraHai="97,111" who="2" fromWho="3" sc="307,0,212,0,222,49,249,-39" /><INIT seed="6,1,0,5,4,36" ten="307,212,271,210" oya="2" hai0="121,45,116,103,68,13,119,128,107,106,8,64,91" hai1="35,12,9,33,74,20,78,59,0,124,15,5,92" hai2="37,85,34,114,115,95,118,97,61,132,17,98,104" hai3="10,1,28,56,18,79,55,69,43,77,66,88,39"/><V81/><F37/><W67/><G28/><T31/><D121/><U6/><E78/><V105/><F61/><W82/><G79/><T96/><D128/><U19/><E74/><V71/><F71/><W90/><G18/><T75/><D75/><U112/><E59/><V50/><F50/><W94/><G69/><T40/><D31/><U52/><E92/><V23/><F34/><N who="1" m="12809" /><E52/><V24/><F118/><N who="0" m="45098" /><D91/><U46/><E46/><V102/><F132/><W47/><G90/><T48/><D68/><U123/><E123/><V57/><F57/><W109/><G109/><T130/><D130/><U87/><E87/><V3/><F3/><W101/><G101/><T113/><D113/><N who="2" m="43018" /><F98/><W135/><G135/><T86/><D86/><U73/><E112/><V41/><F41/><W26/><G1/><T93/><D64/><U65/><E65/><V89/><AGARI ba="1,0" hai="17,23,24,81,85,89,95,97,102,104,105" m="43018" machi="89" ten="30,1500,0" yaku="15,1" doraHai="36" who="2" fromWho="2" sc="307,-6,212,-6,271,18,210,-6" /><INIT seed="6,2,0,1,5,8" ten="301,206,289,204" oya="2" hai0="33,36,76,11,70,23,52,92,6,20,81,85,16" hai1="135,39,73,125,34,75,132,124,78,99,55,91,37" hai2="43,65,74,4,134,66,56,28,117,116,107,114,27" hai3="96,19,18,126,127,59,49,123,101,17,14,61,24"/><V68/><F43/><W129/><G123/><T3/><D33/><U83/><E73/><V64/><F74/><W122/><G122/><T26/><D70/><U88/><E34/><V115/><F4/><W53/><G24/><T30/><D36/><U12/><E55/><V80/><F80/><W121/><G121/><T119/><D119/><U21/><E39/><V62/><F107/><W95/><G129/><T9/><D92/><N who="1" m="56711" /><E91/><V103/><F103/><W40/><G40/><T71/><D71/><U32/><E32/><V105/><F105/><W42/><G42/><T41/><D41/><U131/><E131/><V89/><F89/><W72/><G72/><T102/><D102/><U106/><E106/><V58/><F134/><N who="1" m="51241" /><E37/><V133/><F133/><W0/><G0/><T46/><D3/><U84/><E75/><V38/><F38/><W94/><G94/><T87/><D87/><U7/><E7/><V69/><F62/><W31/><G31/><T86/><D86/><U110/><E110/><V48/><F48/><W15/><REACH who="3" step="1"/><G49/><REACH who="3" ten="301,206,289,194" step="2"/><N who="0" m="28727" /><D6/><U93/><E93/><V35/><F117/><W100/><G100/><T118/><D118/><U130/><E130/><V98/><F116/><W97/><G97/><T113/><D113/><N who="2" m="43018" /><F98/><W47/><G47/><T29/><D29/><U112/><E112/><V82/><F82/><W13/><AGARI ba="2,1" hai="13,14,15,17,18,19,53,59,61,95,96,101,126,127" machi="13" ten="40,8000,1" yaku="1,1,0,1,52,3,53,0" doraHai="8" doraHaiUra="77" who="3" fromWho="3" sc="301,-22,206,-22,289,-42,194,96" /><INIT seed="7,0,0,1,4,1" ten="279,184,247,290" oya="3" hai0="94,120,26,40,38,63,77,57,65,62,73,50,119" hai1="35,87,10,69,102,18,90,32,3,34,43,16,20" hai2="17,39,15,24,47,105,82,95,19,126,67,49,122" hai3="131,106,22,29,6,78,54,116,101,41,61,123,68"/><W118/><G78/><T86/><D120/><U56/><E69/><V107/><F39/><W84/><G84/><T44/><D119/><N who="3" m="45609" /><G101/><T27/><D73/><U25/><E102/><V52/><F67/><N who="3" m="41071" /><G106/><T5/><D5/><U97/><E97/><V66/><F122/><W23/><G6/><T58/><D38/><U113/><E43/><V125/><F82/><W114/><G123/><T14/><D14/><U108/><E56/><V28/><F66/><W0/><G0/><T12/><D12/><U30/><E113/><V133/><F95/><W59/><G29/><T81/><REACH who="0" step="1"/><D94/><REACH who="0" ten="269,184,247,290" step="2"/><U85/><E108/><V112/><F107/><W36/><G114/><T121/><D121/><U99/><E3/><V51/><F105/><W76/><G36/><T79/><D79/><U75/><E75/><V83/><F112/><W98/><G76/><T45/><D45/><U2/><E2/><V55/><F47/><W88/><G23/><T100/><D100/><U13/><REACH who="1" step="1"/><E30/><REACH who="1" ten="269,174,247,290" step="2"/><V71/><F28/><W110/><G110/><T127/><D127/><U92/><AGARI ba="0,2" hai="10,13,16,18,20,25,32,34,35,85,87,90,92,99" machi="92" ten="40,8000,1" yaku="1,1,2,1,0,1,54,1,53,1" doraHai="1" doraHaiUra="11" who="1" fromWho="1" sc="269,-20,174,100,247,-20,290,-40" /><INIT seed="8,0,0,2,2,81" ten="249,274,227,250" oya="0" hai0="21,107,42,52,5,97,31,59,36,102,135,9,18" hai1="115,51,121,123,111,56,12,62,82,122,105,53,92" hai2="86,130,99,14,64,23,46,24,19,26,134,35,133" hai3="101,124,13,28,17,60,22,112,30,76,132,57,50"/><T119/><D119/><U25/><E105/><V70/><F99/><W69/><G112/><T74/><D135/><N who="2" m="51722" /><F46/><W67/><G132/><T15/><D74/><U108/><E115/><V110/><F110/><W96/><G76/><T128/><D128/><U45/><E92/><V11/><F130/><W38/><G38/><T113/><D113/><U126/><E126/><V0/><F64/><W109/><G124/><T6/><D42/><U106/><E106/><V84/><F70/><W10/><G109/><T95/><D36/><U1/><E1/><V93/><F35/><W34/><G34/><T33/><D33/><U39/><E39/><V91/><F0/><W88/><G69/><T3/><D107/><U54/><E25/><N who="2" m="9835" /><F84/><W48/><G101/><T100/><D6/><U2/><E2/><V83/><F23/><W43/><G22/><T117/><D117/><U16/><REACH who="1" step="1"/><E82/><AGARI ba="0,0" hai="11,14,19,82,83,86,91,93" m="9835,51722" machi="82" ten="30,2000,0" yaku="20,1,52,1" doraHai="81" who="2" fromWho="1" sc="249,0,274,-20,227,20,250,0" /><INIT seed="9,0,0,1,5,44" ten="249,254,247,250" oya="1" hai0="93,9,56,111,109,16,68,77,116,135,60,10,99" hai1="112,29,122,22,23,14,123,65,6,101,97,134,53" hai2="30,31,102,89,58,8,100,28,3,13,5,114,66" hai3="50,78,79,96,59,87,20,133,75,15,110,27,88"/><U129/><E112/><V64/><F114/><W117/><G110/><T119/><D68/><U132/><E65/><N who="2" m="25195" /><F58/><W39/><G39/><T57/><D77/><U49/><E29/><V38/><F38/><W51/><G96/><T43/><D43/><U128/><E6/><V12/><F89/><W4/><G75/><T48/><D135/><N who="1" m="51755" /><E14/><N who="2" m="5739" /><F3/><W52/><G133/><T0/><D0/><U126/><E126/><V103/><F5/><W83/><G117/><N who="0" m="45131" /><D57/><N who="1" m="32943" /><E23/><V127/><F127/><W91/><G4/><T21/><D111/><U76/><E22/><V55/><F55/><N who="3" m="32247" /><G15/><N who="0" m="9375" /><D60/><U33/><E76/><V105/><F105/><W113/><G113/><T92/><D109/><U90/><E90/><V67/><F67/><W54/><G79/><T24/><D24/><U81/><E81/><V108/><F108/><W62/><G62/><T124/><D124/><U95/><E33/><V17/><F17/><N who="3" m="12687" /><G54/><N who="0" m="31815" /><D92/><U131/><AGARI ba="0,0" hai="95,97,101,122,123,128,129,131" m="32943,51755" machi="131" ten="40,7800,0" yaku="19,1,20,1,52,1" doraHai="44" who="1" fromWho="1" sc="249,-26,254,78,247,-26,250,-26" owari="223,-18.0,332,44.0,221,-28.0,224,2.0" /></mjloggm>