<mjloggm ver="2.3"><GO type="169" lobby="0"/><UN n0="%E3%82%A6%E3%83%AB%E3%83%88%E3%83%A9%E7%AB%8B%E7%9B%B4" n1="%E6%B0%B7%E6%B2%B3%E9%A2%A8" n2="%72%69%73%6B%79" n3="%E3%82%A4%E3%83%AB%E3%83%91%E3%83%A9%E3%83%83%E3%83%84%E3%82%A9" dan="17,18,17,16" rate="2158.49,2272.60,2107.79,2166.40" sx="M,M,M,M"/><TAIKYOKU oya="0"/><INIT seed="0,0,0,4,4,118" ten="250,250,250,250" oya="0" hai0="64,19,51,6,113,90,28,101,50,46,130,92,108" hai1="33,2,36,119,122,111,97,99,91,4,11,22,35" hai2="63,59,42,66,5,27,112,114,52,31,100,69,115" hai3="94,0,117,1,30,105,121,26,88,16,29,128,87"/><T72/><D72/><U123/><E36/><V18/><F5/><W77/><G105/><T56/><D113/><U93/><E119/><V13/><F100/><W96/><G117/><T103/><D130/><U104/><E111/><V53/><F42/><W133/><G128/><T84/><D108/><U15/><E35/><V60/><F53/><W48/><G133/><T107/><D107/><U127/><E33/><V58/><F69/><W14/><G1/><T20/><D28/><U25/><E2/><V89/><F89/><W10/><G121/><T135/><D6/><U120/><E127/><V126/><F126/><W57/><G0/><T8/><D8/><U80/><E80/><V49/><F49/><W7/><G26/><T75/><D75/><U76/><E76/><V62/><F62/><W21/><G7/><T81/><D81/><U82/><E82/><V54/><F66/><W85/><G10/><T45/><D135/><U71/><E71/><V47/><F47/><W37/><G37/><T125/><D125/><U23/><REACH who="1" step="1"/><E25/><REACH who="1" ten="250,240,250,250" step="2"/><V134/><F134/><W98/><G77/><T102/><D46/><U86/><E86/><V24/><REACH who="2" step="1"/><F31/><REACH who="2" ten="250,240,240,250" step="2"/><N who="3" m="11787" /><G85/><T34/><D45/><U44/><E44/><V83/><F83/><W95/><G95/><T43/><D43/><U68/><E68/><V32/><F32/><W39/><G39/><T61/><REACH who="0" step="1"/><D34/><REACH who="0" ten="240,240,240,250" step="2"/><U70/><E70/><V41/><F41/><W110/><G110/><T73/><D73/><U12/><E12/><AGARI ba="0,3" hai="12,19,20,50,51,56,61,64,84,90,92,101,102,103" machi="12" ten="40,7700,0" yaku="1,1,8,1,53,1" doraHai="118" doraHaiUra="9" who="0" fromWho="1" sc="240,107,240,-77,240,0,250,0" /><INIT seed="0,1,0,1,4,120" ten="347,163,240,250" oya="0" hai0="80,67,108,30,50,24,40,18,133,85,111,48,66" hai1="125,99,113,104,74,51,54,60,23,49,17,112,28" hai2="135,1,64,59,63,100,72,83,27,12,44,20,11" hai3="69,131,45,14,46,34,106,110,121,90,89,71,114"/><T47/><D18/><U101/><E74/><V36/><F135/><W126/><G106/><T35/><D50/><U25/><E125/><V52/><F1/><W53/><G34/><T41/><D41/><U29/><E60/><V127/><F127/><W91/><G126/><T9/><D9/><U5/><E5/><V116/><F116/><W94/><G121/><T97/><D97/><U7/><E7/><V75/><F100/><W26/><G114/><N who="1" m="44138" /><E51/><V39/><F75/><W81/><G131/><T107/><D107/><U92/><E104/><V119/><F119/><W73/><G26/><T86/><D133/><U37/><E37/><V65/><F36/><W61/><G14/><T103/><D103/><U122/><E122/><V68/><F68/><W58/><G94/><T42/><D40/><U84/><E84/><V124/><F124/><W6/><G6/><T57/><D86/><U96/><E99/><V76/><F44/><AGARI ba="1,0" hai="17,23,25,28,29,44,49,54,92,96,101" m="44138" machi="44" ten="30,1000,0" yaku="11,1" doraHai="120" who="1" fromWho="2" sc="347,0,163,13,240,-13,250,0" /><INIT seed="1,0,0,3,0,114" ten="347,176,227,250" oya="1" hai0="47,48,110,24,60,86,9,121,30,101,66,50,33" hai1="35,88,3,41,126,125,43,61,75,92,20,56,78" hai2="87,89,123,39,17,135,119,54,31,53,113,84,98" hai3="28,116,23,106,58,32,44,27,0,128,71,16,134"/><U104/><E104/><V82/><F123/><W34/><G106/><T102/><D110/><U112/><E35/><V94/><F113/><W68/><G0/><T4/><D86/><U85/><E3/><V81/><F39/><W83/><G83/><T22/><D33/><U14/><E112/><V73/><F135/><W100/><G100/><T69/><D50/><U97/><E75/><V127/><F127/><N who="1" m="48649" /><E85/><V19/><F31/><W108/><G108/><T131/><D131/><U122/><E78/><N who="2" m="46167" /><F119/><W129/><G134/><T72/><D72/><U11/><E20/><V107/><F107/><W8/><G116/><T6/><D121/><U74/><E74/><V90/><F73/><W118/><G118/><T51/><D51/><U26/><E26/><V2/><F2/><W1/><G34/><T77/><D77/><U52/><E122/><V91/><F91/><W40/><G1/><T46/><D48/><U120/><E120/><V115/><F115/><W18/><G32/><T57/><D22/><U103/><E103/><V38/><F38/><N who="3" m="21527" /><G128/><T12/><D24/><U65/><E65/><V76/><F76/><W70/><G129/><T49/><D102/><U111/><E111/><V67/><F67/><W79/><G28/><T29/><D101/><U124/><N who="1" m="48657" /><U7/><AGARI ba="0,0" hai="7,11,14,41,43,52,56,61,88,92,97" m="48657" machi="7" ten="40,12000,1" yaku="4,1,18,1,54,2" doraHai="114" who="1" fromWho="1" sc="347,-40,176,120,227,-40,250,-40" /><INIT seed="1,1,0,4,2,128" ten="307,296,187,210" oya="1" hai0="70,83,49,106,94,23,35,122,3,111,99,52,13" hai1="131,84,32,19,66,42,126,28,25,71,7,88,33" hai2="93,69,133,100,119,31,45,55,10,124,29,89,82" hai3="1,97,91,72,38,63,17,85,46,127,30,129,101"/><U14/><E131/><V0/><F119/><W44/><G1/><T134/><D3/><U54/><E7/><V53/><F133/><W43/><G72/><T74/><D35/><U24/><E42/><V103/><F69/><W2/><G129/><T9/><D70/><U48/><E126/><V109/><F109/><W78/><G2/><T12/><D106/><U116/><E116/><V75/><F75/><W123/><G123/><T26/><D111/><U104/><E104/><V135/><F135/><W118/><G118/><T132/><D122/><U20/><E71/><V39/><F124/><W114/><G114/><T36/><D36/><U11/><E66/><V92/><F82/><W125/><G78/><T96/><D83/><U61/><E61/><V56/><F39/><W115/><G115/><T87/><D74/><U27/><E32/><V80/><F80/><W58/><G30/><T4/><D96/><U121/><E33/><V21/><F10/><W6/><G127/><T60/><D60/><U62/><E62/><V50/><F0/><W5/><G6/><T77/><D77/><U8/><E8/><V76/><F76/><W73/><G5/><T65/><D65/><U90/><E121/><V95/><F89/><N who="1" m="34409" /><E84/><V105/><F105/><N who="3" m="63663" /><G125/><T34/><D34/><U81/><E81/><V110/><F110/><W68/><G73/><T16/><D87/><U98/><E98/><V15/><F103/><W130/><G68/><T64/><D134/><U51/><E51/><N who="2" m="28911" /><F100/><W41/><G130/><T107/><D132/><U117/><E117/><V79/><F79/><W67/><G38/><RYUUKYOKU ba="1,0" sc="307,-15,296,15,187,15,210,-15" hai1="11,14,19,20,24,25,27,28,48,54" hai2="15,21,29,31,50,55,56,92,93,95" /><INIT seed="1,2,0,1,3,23" ten="292,311,202,195" oya="1" hai0="109,127,89,53,76,31,92,120,87,1,67,29,129" hai1="108,133,93,32,113,71,83,28,11,49,134,132,63" hai2="54,20,25,57,21,79,7,122,94,55,47,38,19" hai3="101,2,98,111,52,12,107,66,45,80,64,73,117"/><U37/><E37/><V62/><F122/><W102/><G2/><T123/><D1/><U112/><E108/><V121/><F121/><N who="0" m="46666" /><D127/><U17/><E83/><V114/><F114/><W18/><G111/><T3/><D3/><U90/><E49/><N who="2" m="28991" /><F38/><W105/><G117/><T84/><D67/><N who="1" m="41471" /><E32/><V104/><F104/><W68/><G68/><T46/><D109/><U4/><E17/><N who="2" m="12431" /><F7/><W50/><G80/><N who="0" m="47111" /><D129/><U5/><E28/><V13/><F94/><W60/><G73/><T41/><D53/><U126/><E126/><V59/><F59/><W22/><REACH who="3" step="1"/><G60/><REACH who="3" ten="292,311,202,185" step="2"/><T8/><D8/><U77/><E11/><V6/><F6/><N who="1" m="2665" /><E77/><AGARI ba="2,1" hai="13,19,21,55,57,62,77,79" m="12431,28991" machi="77" ten="30,2000,0" yaku="8,1,52,1" doraHai="23" who="2" fromWho="1" sc="292,0,311,-26,202,36,185,0" /><INIT seed="2,0,0,3,4,115" ten="292,285,238,185" oya="2" hai0="36,114,69,87,56,79,120,59,12,23,75,103,131" hai1="48,99,92,33,68,0,84,9,6,60,42,91,22" hai2="13,126,102,16,110,81,71,121,31,85,94,134,109" hai3="57,5,95,128,101,50,29,41,88,51,82,122,43"/><V21/><F121/><W129/><G122/><T111/><D87/><U116/><E33/><V100/><F71/><W74/><G5/><T24/><D103/><U2/><E116/><V26/><F134/><W45/><G29/><T89/><D89/><U97/><E2/><V90/><F126/><W44/><G101/><T105/><D59/><U4/><E4/><V35/><F81/><W34/><G34/><T93/><D93/><U30/><E68/><V55/><F55/><W10/><G57/><T3/><D56/><U125/><E60/><V58/><F58/><W11/><G74/><T1/><D79/><U40/><E125/><V117/><F117/><W107/><G82/><T53/><D12/><N who="1" m="5175" /><E48/><V132/><F132/><W32/><G107/><T27/><D24/><N who="1" m="16663" /><E0/><V8/><F35/><W119/><G32/><T7/><D27/><U17/><E17/><V118/><F118/><W83/><G119/><T112/><D7/><U46/><E46/><V77/><F77/><W66/><G83/><T61/><D3/><U72/><E72/><V133/><F133/><W86/><REACH who="3" step="1"/><G66/><REACH who="3" ten="292,285,238,175" step="2"/><T18/><D75/><U124/><E124/><V106/><F106/><W64/><G64/><T104/><D105/><U47/><E47/><V28/><F31/><W20/><G20/><T54/><D104/><U130/><E130/><AGARI ba="0,1" hai="10,11,41,43,44,45,50,51,86,88,95,128,129,130" machi="130" ten="40,8000,1" yaku="1,1,9,1,19,1,54,1,53,0" doraHai="115" doraHaiUra="49" who="3" fromWho="1" sc="292,0,285,-80,238,0,175,90" /><INIT seed="3,0,0,3,3,77" ten="292,205,238,265" oya="3" hai0="59,103,84,92,109,95,18,16,23,43,135,36,54" hai1="25,87,115,1,94,129,89,124,123,9,24,12,67" hai2="104,130,33,108,4,46,37,5,41,61,105,49,113" hai3="71,85,82,35,65,93,50,68,52,70,120,106,22"/><W132/><G106/><T81/><D135/><U107/><E1/><V79/><F113/><W134/><G35/><T121/><D121/><U69/><E123/><V76/><F108/><W62/><G93/><T99/><D109/><U7/><E107/><V96/><F33/><W78/><G120/><T55/><D43/><U56/><E69/><V39/><F130/><W97/><G97/><T26/><D36/><U2/><E115/><V14/><F104/><W47/><REACH who="3" step="1"/><G22/><REACH who="3" ten="292,205,238,255" step="2"/><T15/><D95/><U8/><E129/><V131/><F131/><W44/><G44/><T6/><D92/><U102/><E124/><V91/><F105/><W10/><G10/><T31/><D99/><U17/><E102/><V101/><F101/><W63/><G63/><T64/><D103/><U42/><E9/><V27/><F96/><W73/><G73/><T126/><D126/><U100/><E100/><V19/><F61/><W45/><G45/><T53/><D23/><U3/><E8/><V11/><F11/><W28/><G28/><T112/><D31/><U86/><E94/><V114/><F114/><W48/><G48/><T128/><D128/><U32/><E32/><V118/><F49/><W122/><G122/><T60/><D112/><U88/><E3/><V125/><F125/><W116/><G116/><T74/><D74/><U72/><E2/><V98/><F39/><W58/><AGARI ba="0,1" hai="47,50,52,58,62,65,68,70,71,78,82,85,132,134" machi="58" ten="40,12000,1" yaku="1,1,0,1,52,1,54,1,53,0" doraHai="77" doraHaiUra="30" who="3" fromWho="3" sc="292,-40,205,-40,238,-40,255,130" /><INIT seed="3,1,0,4,0,116" ten="252,165,198,385" oya="3" hai0="1,100,5,46,106,19,73,84,12,122,48,124,68" hai1="114,77,14,135,57,24,38,13,28,110,65,99,35" hai2="123,74,58,21,51,102,105,40,54,120,111,89,17" hai3="71,59,97,47,30,96,31,18,113,64,126,87,23"/><W26/><G113/><T36/><D73/><U98/><E114/><V22/><F111/><W9/><G71/><T94/><D68/><U49/><E38/><V79/><F40/><W55/><G126/><T52/><D106/><U34/><E34/><V43/><F43/><W127/><G127/><T61/><D36/><U20/><E110/><V78/><F22/><W6/><G87/><T45/><D124/><U133/><E77/><V50/><F50/><W80/><G80/><T56/><D122/><N who="2" m="46634" /><F74/><W129/><G129/><T3/><D46/><U76/><E76/><N who="2" m="29227" /><F89/><W62/><G47/><T42/><D5/><U131/><E131/><V128/><F128/><W32/><G64/><T90/><D100/><U15/><E35/><V29/><F29/><W93/><G32/><T27/><D27/><U103/><E103/><V115/><F115/><W104/><G104/><T60/><D60/><N who="1" m="38031" /><E49/><V67/><F67/><W91/><G96/><T69/><D69/><U72/><E72/><V25/><F105/><W109/><G109/><T83/><D83/><U108/><E108/><V41/><F41/><W121/><G121/><T132/><D42/><U10/><E10/><V39/><F39/><W112/><G112/><T2/><D48/><U44/><E44/><V8/><F8/><W125/><G125/><T0/><D45/><U4/><E4/><V134/><F102/><W63/><REACH who="3" step="1"/><G63/><REACH who="3" ten="252,165,198,375" step="2"/><T92/><D61/><U70/><E70/><V82/><F82/><W101/><G101/><T7/><D84/><U118/><E118/><V95/><F95/><W88/><G88/><T107/><D90/><RYUUKYOKU ba="1,1" sc="252,-30,165,10,198,10,375,10" hai1="13,14,15,20,24,28,98,99,133,135" hai2="17,21,25,51,54,58,134" hai3="6,9,18,23,26,30,31,55,59,62,91,93,97" /><INIT seed="3,2,1,4,4,113" ten="222,175,208,385" oya="3" hai0="18,118,25,53,67,36,82,87,24,60,97,34,123" hai1="17,45,115,70,28,125,39,3,61,47,13,76,35" hai2="16,99,83,1,98,31,23,109,130,93,74,2,48" hai3="133,96,57,65,73,50,84,4,66,0,37,44,21"/><W128/><G73/><T86/><D36/><U103/><E3/><V10/><F109/><W112/><G128/><T32/><D123/><U104/><E115/><V40/><F130/><W20/><G133/><T124/><D124/><U88/><E76/><V56/><F31/><W95/><G112/><T33/><D118/><U26/><E125/><V79/><F10/><W63/><G84/><T132/><D132/><U42/><E47/><V80/><F80/><W55/><G0/><T78/><D53/><U6/><E6/><V62/><F99/><W19/><G37/><T94/><D87/><U7/><E7/><V46/><F56/><W30/><G4/><T15/><D15/><U105/><E103/><V43/><F62/><W81/><G81/><T127/><D18/><U121/><E121/><V49/><F48/><W22/><G30/><T100/><REACH who="0" step="1"/><D127/><REACH who="0" ten="212,175,208,385" step="2"/><U129/><E129/><V27/><REACH who="2" step="1"/><F43/><REACH who="2" ten="212,175,198,385" step="2"/><N who="3" m="24863" /><G19/><T85/><D85/><U52/><E17/><V58/><F58/><AGARI ba="2,3" hai="24,25,32,33,34,58,60,67,78,82,86,94,97,100" machi="58" ten="40,1300,0" yaku="1,1,53,0" doraHai="113" doraHaiUra="122" who="0" fromWho="2" sc="212,49,175,0,198,-19,385,0" /><INIT seed="4,0,0,1,2,21" ten="261,175,179,385" oya="0" hai0="23,111,83,79,122,72,24,18,2,3,102,38,131" hai1="80,16,37,10,32,67,70,113,92,84,52,106,9" hai2="120,65,74,118,134,127,93,7,45,68,76,97,39" hai3="49,25,48,30,110,0,82,14,119,51,86,126,121"/><T35/><D122/><U71/><E106/><V20/><F120/><W135/><G119/><T11/><D38/><U130/><E37/><V90/><F127/><W95/><G110/><T5/><D131/><U88/><E130/><V78/><F7/><W44/><G0/><T33/><D111/><U133/><E32/><V47/><F134/><W109/><G109/><T123/><D123/><U1/><E133/><V114/><F114/><W117/><G117/><T41/><D2/><U87/><E113/><V15/><F118/><W116/><G116/><T91/><D41/><U50/><E67/><V42/><F47/><W128/><G121/><T101/><D91/><N who="1" m="51591" /><E70/><V58/><F68/><W53/><G128/><T94/><D94/><U63/><E71/><V112/><F74/><W108/><G135/><T73/><REACH who="0" step="1"/><D72/><REACH who="0" ten="251,175,179,385" step="2"/><U55/><E1/><V13/><F112/><W64/><G108/><T40/><D40/><U12/><E63/><V46/><F42/><W81/><G95/><T61/><D61/><U103/><E103/><AGARI ba="0,1" hai="3,5,11,18,23,24,33,35,73,79,83,101,102,103" machi="103" ten="40,7700,0" yaku="1,1,52,1,53,1" doraHai="21" doraHaiUra="75" who="0" fromWho="1" sc="251,87,175,-77,179,0,385,0" /><INIT seed="4,1,0,4,1,127" ten="338,98,179,385" oya="0" hai0="48,35,14,110,7,118,63,24,86,23,92,52,109" hai1="91,6,29,72,124,83,10,125,79,107,4,111,9" hai2="65,19,117,18,101,25,126,96,2,99,135,90,40" hai3="122,130,134,70,47,31,55,49,76,128,114,56,64"/><T89/><D63/><U21/><E107/><V37/><F2/><W123/><G76/><T104/><D104/><U15/><E111/><V73/><F117/><W22/><G31/><T33/><D118/><U0/><REACH who="1" step="1"/><E91/><REACH who="1" ten="338,88,179,385" step="2"/><V32/><F90/><W3/><G134/><T119/><D110/><U105/><E105/><V59/><F101/><W39/><G114/><T129/><D109/><U82/><E82/><V115/><F135/><W81/><G81/><T103/><D119/><U97/><E97/><V132/><F115/><W30/><G122/><T108/><D103/><U98/><E98/><V58/><F132/><W87/><G123/><T100/><D108/><U113/><E113/><V46/><F99/><W95/><G95/><T42/><D100/><U45/><E45/><V68/><F96/><W57/><G47/><T27/><D89/><U62/><E62/><V43/><F46/><W112/><G112/><T8/><D92/><U53/><E53/><V1/><F43/><W93/><G55/><T131/><D42/><U133/><E133/><V61/><F40/><W74/><G93/><T26/><D52/><U94/><E94/><V16/><F61/><W121/><G121/><T50/><D86/><U11/><E11/><V12/><F73/><W75/><G87/><T80/><D80/><U20/><E20/><V41/><F41/><W36/><G74/><T106/><D106/><U88/><E88/><V17/><F32/><N who="0" m="12362" /><D23/><U60/><E60/><V77/><F68/><W44/><G70/><T120/><D120/><U78/><E78/><V38/><N who="2" m="4096" /><DORA hai="85" /><V116/><F77/><RYUUKYOKU ba="1,1" sc="338,15,88,15,179,-15,385,-15" hai0="7,8,14,24,26,27,48,50,129,131" hai1="0,4,6,9,10,15,21,29,72,79,83,124,125" /><INIT seed="4,2,1,4,5,78" ten="353,103,164,370" oya="0" hai0="104,135,68,88,46,120,30,119,106,39,24,77,62" hai1="29,117,70,132,118,130,67,93,23,0,48,18,54" hai2="75,74,38,69,133,16,36,65,31,33,40,25,107" hai3="96,50,100,6,20,43,94,61,134,2,126,85,52"/><T3/><D3/><U76/><E0/><V99/><F133/><W92/><G134/><T103/><D120/><U60/><E132/><V115/><F115/><W105/><G126/><T37/><D119/><U87/><E29/><V72/><F40/><W123/><G123/><T109/><D135/><U56/><E130/><V128/><F128/><W121/><G121/><T64/><D109/><U14/><REACH who="1" step="1"/><E76/><REACH who="1" ten="353,93,164,370" step="2"/><V12/><F69/><W42/><G2/><T80/><D77/><U17/><E17/><V129/><F129/><W71/><G6/><T63/><D106/><U34/><E34/><V124/><F124/><W98/><G105/><T19/><D19/><U28/><E28/><V8/><F65/><W95/><G71/><T122/><D104/><U15/><E15/><V1/><F1/><W131/><G131/><T125/><D30/><U11/><E11/><V97/><F107/><W108/><G108/><T22/><D122/><U83/><E83/><V82/><F82/><W51/><G20/><T112/><D22/><U45/><E45/><V27/><F25/><W58/><G95/><T66/><D24/><U84/><E84/><V111/><F111/><W59/><G85/><N who="0" m="50215" /><D46/><U114/><E114/><V90/><F27/><W26/><G26/><T7/><D112/><U110/><E110/><V102/><F31/><W86/><G86/><T79/><D79/><U53/><E53/><V4/><F33/><W21/><G21/><T10/><D125/><U57/><E57/><V49/><F4/><W44/><G58/><T55/><D7/><U9/><E9/><V101/><F8/><RYUUKYOKU ba="2,2" sc="353,-10,93,30,164,-10,370,-10" hai1="14,18,23,48,54,56,60,67,70,87,93,117,118" /><INIT seed="5,3,2,1,5,113" ten="343,123,154,360" oya="1" hai0="88,103,135,74,2,80,100,65,84,27,101,75,131" hai1="18,6,82,70,30,5,38,11,98,14,19,126,59" hai2="77,56,97,42,45,32,129,49,23,71,87,128,26" hai3="91,73,28,20,16,125,37,110,123,124,24,93,29"/><U79/><E38/><V69/><F32/><W39/><G73/><T115/><D2/><U8/><E70/><V50/><F97/><N who="3" m="57535" /><G123/><T61/><D115/><U58/><E126/><N who="3" m="48746" /><G110/><T109/><D109/><U54/><E30/><AGARI ba="3,2" hai="16,20,24,28,29,30,37,39" m="48746,57535" machi="30" ten="30,2000,0" yaku="18,1,54,1" doraHai="113" who="3" fromWho="1" sc="343,0,123,-29,154,0,360,49" /><INIT seed="6,0,0,5,2,124" ten="343,94,154,409" oya="2" hai0="29,109,8,58,63,106,90,27,115,131,116,113,32" hai1="101,4,9,57,1,28,30,3,79,95,38,111,120" hai2="48,14,132,42,68,19,80,77,0,41,64,130,52" hai3="81,7,103,46,35,56,70,119,107,55,87,93,114"/><V37/><F132/><W50/><G35/><T11/><D106/><U72/><E111/><V60/><F0/><W104/><G70/><T10/><D109/><U85/><E120/><V127/><F127/><W122/><G119/><T118/><D90/><U121/><E121/><V125/><F125/><W67/><G114/><N who="0" m="43531" /><D131/><U91/><E3/><V108/><F37/><W78/><G122/><T45/><D45/><U86/><E86/><V88/><F108/><W22/><G7/><T53/><AGARI ba="0,0" hai="8,10,11,27,29,32,53,58,63,116,118" m="43531" machi="53" ten="40,1500,0" yaku="15,1" doraHai="124" who="0" fromWho="0" sc="343,15,94,-4,154,-7,409,-4" /><INIT seed="7,0,0,0,4,51" ten="358,90,147,405" oya="3" hai0="121,29,112,132,59,61,68,115,86,10,94,122,109" hai1="45,4,74,84,92,73,85,117,44,110,118,78,27" hai2="12,114,1,72,103,36,107,34,126,64,22,55,19" hai3="111,135,80,65,9,58,31,134,62,20,41,56,8"/><W69/><G111/><T67/><D29/><U16/><E110/><V33/><F72/><W82/><G41/><T125/><D10/><N who="3" m="4201" /><G69/><T42/><D94/><U102/><E4/><V28/><F64/><W130/><G130/><T3/><D86/><U14/><E27/><V2/><F103/><W35/><G35/><T77/><D77/><U53/><E74/><V49/><F19/><W26/><G58/><T39/><D3/><U48/><E73/><V116/><F49/><W6/><G6/><T106/><D106/><U15/><E15/><V21/><F114/><N who="0" m="43562" /><D109/><U37/><E37/><V93/><F126/><W81/><G134/><T91/><D91/><U129/><E129/><V90/><F93/><W104/><G135/><T63/><D132/><U127/><E127/><V70/><F90/><W30/><G104/><T88/><D88/><N who="1" m="53255" /><E102/><V50/><F36/><W24/><G24/><T11/><D11/><N who="1" m="6239" /><E85/><V133/><F70/><W87/><G87/><T96/><D96/><U128/><E128/><V47/><F133/><W71/><G71/><T100/><D100/><U95/><E95/><V54/><F107/><W66/><G30/><T97/><D97/><U83/><E83/><V40/><F28/><W52/><AGARI ba="0,0" hai="20,26,31,52,56,62,65,66,80,81,82" m="4201" machi="52" ten="30,6000,0" yaku="8,1,52,1,54,1" doraHai="51" who="3" fromWho="3" sc="358,-20,90,-20,147,-20,405,60" owari="338,14.0,70,-43.0,127,-27.0,465,56.0" /></mjloggm>