<mjloggm ver="2.3"><GO type="169" lobby="0"/><UN n0="%E3%82%BF%EF%BD%9E%E5%9D%8A" n1="%E3%83%88%E3%83%88%E3%83%AA%E5%85%88%E7%94%9F%31%39%E6%AD%B3" n2="%E3%83%8B%E3%83%A3%E3%83%83%E3%83%94%E3%83%BC%E5%A4%8F%E7%9B%AE" n3="%E3%81%A1%E3%82%83%E3%81%9D%E2%98%86" dan="16,18,19,17" rate="2104.50,2275.55,2283.84,2134.78" sx="M,F,M,M"/><TAIKYOKU oya="0"/><INIT seed="0,0,0,2,0,16" ten="250,250,250,250" oya="0" hai0="49,95,63,99,81,12,31,93,88,47,82,80,98" hai1="125,45,105,25,7,84,118,87,62,22,37,72,96" hai2="78,117,51,102,26,61,86,17,33,94,35,58,13" hai3="127,27,109,48,104,8,131,123,111,126,74,112,38"/><T120/><D120/><U85/><E118/><V29/><F117/><W91/><G38/><T101/><D31/><U18/><E72/><V116/><F116/><W133/><G123/><T54/><D12/><U30/><E125/><N who="3" m="47626" /><G74/><T9/><D9/><U50/><E37/><V15/><F51/><W34/><G104/><T68/><D68/><U129/><E129/><V66/><F35/><W46/><G112/><T32/><D32/><U132/><E132/><V65/><F65/><W4/><G91/><T67/><D67/><U92/><E105/><V124/><F124/><W128/><G48/><T107/><REACH who="0" step="1"/><D63/><REACH who="0" ten="240,250,250,250" step="2"/><U36/><E62/><V24/><F33/><W134/><G134/><T0/><D0/><U14/><E7/><V20/><F13/><N who="3" m="5255" /><G133/><T3/><D3/><U1/><E1/><V69/><F69/><W44/><G131/><T23/><D23/><U108/><E14/><V52/><F66/><W60/><G60/><T40/><D40/><U39/><E18/><V75/><F29/><N who="3" m="19775" /><G128/><T59/><D59/><U121/><E121/><V113/><F113/><W55/><G55/><T11/><D11/><U83/><E45/><AGARI ba="0,1" hai="44,45,46,109,111" m="19775,5255,47626" machi="45" ten="30,1000,0" yaku="18,1" doraHai="16" who="3" fromWho="1" sc="240,0,250,-10,250,0,250,20" /><INIT seed="1,0,0,2,1,59" ten="240,240,250,270" oya="1" hai0="34,126,100,39,63,85,110,40,123,15,31,58,118" hai1="53,10,46,26,52,27,124,3,29,94,128,35,76" hai2="121,119,61,117,17,120,102,22,115,21,74,49,79" hai3="93,55,125,133,83,41,54,62,91,116,8,109,129"/><U30/><E128/><V101/><F79/><W84/><G109/><T112/><D118/><U105/><E105/><V71/><F74/><W97/><G133/><T38/><D112/><U98/><E124/><V37/><F37/><W77/><G129/><T24/><D126/><U78/><E46/><V1/><F1/><W130/><G130/><T73/><D73/><U127/><E127/><V36/><F36/><W42/><G125/><T51/><D110/><U81/><E10/><V43/><F115/><W96/><G116/><T28/><D28/><U2/><E2/><V131/><F131/><W88/><G8/><T103/><D85/><U45/><E3/><V68/><F49/><W111/><G111/><T99/><D15/><U70/><E70/><V56/><F43/><N who="3" m="16395" /><G62/><T114/><D114/><U90/><E45/><V65/><F71/><W5/><G5/><T57/><D123/><U106/><E106/><V20/><F119/><W89/><G97/><T32/><D32/><U64/><E64/><V4/><F68/><W48/><G48/><T13/><D39/><U47/><E47/><V60/><F117/><W75/><G75/><T25/><D38/><U14/><E14/><N who="2" m="9271" /><F4/><W6/><G6/><T12/><D13/><U23/><REACH who="1" step="1"/><E78/><REACH who="1" ten="240,230,250,270" step="2"/><V19/><F121/><W122/><G122/><T11/><D12/><U87/><AGARI ba="0,1" hai="23,26,27,29,30,35,52,53,76,81,87,90,94,98" machi="87" ten="20,12000,1" yaku="1,1,2,1,0,1,7,1,54,1,53,0" doraHai="59" doraHaiUra="104" who="1" fromWho="1" sc="240,-40,230,130,250,-40,270,-40" /><INIT seed="1,1,0,2,5,52" ten="200,360,210,230" oya="1" hai0="127,45,77,2,76,1,25,8,21,65,47,28,56" hai1="78,112,39,30,60,24,125,69,110,37,34,122,35" hai2="90,58,36,11,123,7,3,57,31,84,93,15,55" hai3="63,72,0,86,132,48,23,29,80,130,96,114,14"/><U111/><E112/><V68/><F68/><W62/><G114/><T131/><D127/><U79/><E122/><V5/><F123/><W10/><G130/><T46/><D131/><U26/><E125/><V38/><F31/><W104/><G72/><T27/><D8/><U73/><E69/><V133/><F133/><W94/><G104/><T99/><D99/><U53/><E60/><V42/><F42/><W9/><G0/><T97/><D97/><U54/><E30/><V92/><F92/><W70/><G132/><T124/><D124/><U44/><E44/><V134/><F134/><W19/><G48/><T13/><D13/><U120/><E120/><V116/><F116/><W95/><G95/><T50/><D27/><U129/><REACH who="1" step="1"/><E73/><REACH who="1" ten="200,350,210,230" step="2"/><V121/><F121/><W109/><G70/><T33/><D47/><U119/><E119/><V43/><F38/><W40/><G29/><T75/><D46/><U102/><E102/><V22/><F36/><W6/><G62/><N who="0" m="38087" /><D75/><U100/><E100/><V81/><F43/><W98/><G40/><T89/><D45/><U61/><E61/><V101/><F101/><W16/><G63/><T106/><D50/><U71/><E71/><V128/><F128/><AGARI ba="1,1" hai="24,26,34,35,37,39,53,54,78,79,110,111,128,129" machi="128" ten="25,12000,1" yaku="1,1,22,2,53,2" doraHai="52" doraHaiUra="49" who="1" fromWho="2" sc="200,0,350,133,210,-123,230,0" /><INIT seed="1,2,0,1,5,27" ten="200,483,87,230" oya="1" hai0="66,6,77,72,112,71,97,122,98,42,4,131,128" hai1="69,119,11,75,24,16,88,90,15,64,107,104,41" hai2="23,51,29,55,60,34,12,82,117,96,50,36,10" hai3="80,40,20,7,35,106,31,37,113,58,3,39,54"/><U130/><E119/><V17/><F36/><W135/><G113/><T22/><D112/><U102/><E75/><V116/><F34/><W84/><G106/><T56/><D71/><U126/><E130/><N who="0" m="49705" /><D42/><U25/><E126/><V1/><F117/><W81/><G35/><T13/><D122/><U53/><E41/><V68/><F116/><W110/><G110/><T124/><D124/><U132/><E132/><V59/><F68/><W26/><G135/><T38/><D38/><U47/><E25/><N who="2" m="16575" /><F1/><W105/><G105/><T111/><D111/><U63/><E104/><V78/><F96/><N who="0" m="36970" /><D77/><U89/><E102/><V114/><F114/><W2/><G40/><T73/><D22/><U49/><E107/><V19/><F19/><W67/><G39/><T57/><D66/><U79/><E79/><V125/><F125/><W65/><G37/><T121/><D121/><U32/><REACH who="1" step="1"/><E90/><REACH who="1" ten="200,473,87,230" step="2"/><V76/><F76/><W134/><G134/><T85/><D73/><U92/><E92/><V9/><F9/><W46/><G81/><T83/><D72/><U43/><E43/><V70/><F70/><W5/><G80/><T86/><D83/><U30/><AGARI ba="2,1" hai="11,15,16,24,30,32,47,49,53,63,64,69,88,89" machi="30" ten="30,12000,1" yaku="1,1,0,1,52,1,54,2,53,0" doraHai="27" doraHaiUra="18" who="1" fromWho="1" sc="200,-42,473,136,87,-42,230,-42" /><INIT seed="1,3,0,5,2,104" ten="158,609,45,188" oya="1" hai0="60,36,31,4,13,40,117,131,93,64,58,70,115" hai1="26,10,112,5,106,82,92,77,56,119,113,98,51" hai2="43,105,118,73,74,120,42,107,71,100,9,38,55" hai3="49,44,54,91,33,57,63,8,16,41,12,103,125"/><U95/><E119/><V46/><F118/><W62/><G125/><T34/><D115/><U0/><E106/><N who="2" m="40459" /><F55/><W132/><G132/><T35/><D36/><U7/><E7/><V88/><F88/><W6/><G33/><T116/><D40/><U47/><E56/><V52/><F100/><W22/><G103/><T39/><D70/><U48/><E26/><V30/><F52/><W24/><REACH who="3" step="1"/><G91/><REACH who="3" ten="158,609,45,178" step="2"/><T19/><D117/><U87/><E112/><V121/><F43/><W85/><G85/><T108/><D116/><U21/><E113/><V25/><F9/><W99/><G99/><T78/><D35/><U66/><E98/><V111/><F111/><W81/><G81/><T129/><D34/><U69/><E10/><V72/><F71/><W23/><G23/><T127/><D108/><U109/><E21/><V29/><F29/><W84/><G84/><T83/><D83/><U61/><E109/><V3/><F3/><W130/><G130/><T76/><D129/><U20/><E20/><V45/><F45/><W11/><G11/><T97/><D131/><U59/><E69/><V14/><F14/><W75/><G75/><T101/><D13/><U89/><E47/><V15/><F15/><W126/><G126/><T1/><D1/><U79/><E95/><V86/><F86/><W32/><G32/><AGARI ba="3,1" hai="25,30,32,38,42,46,72,73,74,120,121" m="40459" machi="32" ten="40,8000,1" yaku="23,1,52,3" doraHai="104" who="2" fromWho="3" sc="158,0,609,0,45,99,178,-89" /><INIT seed="2,0,0,3,3,123" ten="158,609,144,89" oya="2" hai0="106,28,33,127,13,111,36,98,101,18,54,68,126" hai1="73,57,25,35,114,52,64,70,100,71,72,135,17" hai2="63,93,117,9,77,110,119,34,108,22,3,76,51" hai3="82,4,80,20,66,120,32,53,65,103,48,94,40"/><V10/><F34/><W81/><G32/><T56/><D36/><U83/><E114/><V26/><F63/><W78/><G120/><T97/><D68/><U121/><E121/><V0/><F51/><W128/><G128/><T85/><D85/><U124/><E64/><N who="3" m="24682" /><G4/><T7/><D7/><U30/><E100/><V15/><F93/><W115/><G115/><T89/><D28/><U79/><E73/><V19/><F77/><W43/><G78/><T61/><D33/><U122/><E135/><V38/><F76/><W21/><G103/><T41/><D41/><N who="3" m="15945" /><G94/><T37/><D37/><U31/><E124/><N who="0" m="47657" /><D89/><U6/><E31/><N who="2" m="17879" /><F38/><W2/><G2/><N who="2" m="553" /><F9/><W49/><G53/><T55/><D55/><U27/><E122/><V39/><F39/><W132/><G132/><T96/><D101/><U84/><E72/><V105/><F105/><W92/><G92/><T104/><D106/><U90/><E79/><V67/><F67/><W87/><G87/><T12/><D104/><U95/><E95/><V88/><F88/><W50/><AGARI ba="0,0" hai="20,21,48,49,50,80,81,82" m="15945,24682" machi="50" ten="40,5200,0" yaku="28,2,8,1" doraHai="123" who="3" fromWho="3" sc="158,-13,609,-13,144,-26,89,52" /><INIT seed="3,0,0,3,2,123" ten="145,596,118,141" oya="3" hai0="65,72,6,76,20,37,75,1,44,51,48,113,15" hai1="95,54,12,94,115,109,74,21,28,30,99,64,56" hai2="129,52,26,58,33,130,103,120,22,13,73,96,93" hai3="126,106,131,80,92,79,111,83,57,127,16,85,91"/><W119/><G119/><T82/><D72/><U24/><E74/><V49/><F73/><N who="3" m="43119" /><G57/><T134/><D113/><U0/><E0/><V29/><F120/><W53/><G53/><T4/><D134/><U46/><E115/><V39/><F39/><W41/><G41/><N who="0" m="22575" /><D6/><U88/><E64/><V117/><F117/><W116/><G116/><T14/><D65/><U3/><E3/><V87/><F87/><N who="3" m="52351" /><G16/><N who="0" m="10263" /><D15/><U98/><E46/><V66/><F66/><W118/><G118/><T70/><D70/><U18/><E12/><V32/><REACH who="2" step="1"/><F13/><REACH who="2" ten="145,596,108,141" step="2"/><W9/><G85/><T86/><D86/><U25/><E25/><V63/><F63/><W128/><G128/><AGARI ba="0,1" hai="22,26,29,32,33,49,52,58,93,96,103,128,129,130" machi="128" ten="40,5200,0" yaku="1,1,19,1,54,1,53,0" doraHai="123" doraHaiUra="78" who="2" fromWho="3" sc="145,0,596,0,108,62,141,-52" /><INIT seed="4,0,0,1,2,89" ten="145,596,170,89" oya="0" hai0="63,71,7,38,104,27,101,109,95,16,62,112,57" hai1="54,58,43,37,114,105,50,4,31,61,74,49,127" hai2="91,19,52,39,29,1,90,131,0,96,59,41,33" hai3="2,25,13,53,34,85,24,132,40,122,107,118,123"/><T128/><D104/><U6/><E74/><V56/><F131/><W64/><G107/><T46/><D128/><U12/><E105/><V28/><F41/><W102/><G40/><T116/><D116/><U108/><E108/><V44/><F39/><W125/><G2/><T15/><D109/><U22/><E114/><V20/><F33/><W60/><G118/><T97/><D112/><U45/><E127/><V110/><F110/><W94/><G125/><T55/><D7/><U88/><E37/><V68/><F91/><N who="3" m="53615" /><G34/><T103/><D103/><U30/><E30/><V67/><F68/><N who="3" m="41991" /><G102/><T129/><D129/><U65/><E88/><V36/><F36/><W117/><G117/><T48/><D27/><N who="3" m="10313" /><G13/><T3/><D3/><U80/><E80/><V100/><F100/><W14/><G14/><T119/><D119/><U134/><E134/><V72/><F72/><W86/><G86/><T75/><D75/><U78/><E78/><V47/><F0/><W124/><G124/><T26/><D26/><N who="1" m="16855" /><E12/><N who="2" m="9319" /><F1/><W92/><G92/><T5/><D5/><U10/><E10/><V79/><F79/><W121/><G132/><T42/><REACH who="0" step="1"/><D71/><REACH who="0" ten="135,596,170,89" step="2"/><U82/><E4/><V83/><F28/><W93/><G93/><T73/><D73/><U51/><E6/><V130/><F29/><W17/><G17/><T70/><D70/><U106/><E106/><V32/><F130/><W126/><G126/><T11/><AGARI ba="0,1" hai="11,15,16,38,42,46,48,55,57,62,63,95,97,101" machi="11" ten="20,12000,1" yaku="1,1,0,1,7,1,52,1,54,1,53,0" doraHai="89" doraHaiUra="113" who="0" fromWho="0" sc="135,130,596,-40,170,-40,89,-40" /><INIT seed="4,1,0,0,0,61" ten="265,556,130,49" oya="0" hai0="69,124,118,32,28,89,10,71,95,78,128,14,20" hai1="82,90,56,26,133,129,87,101,48,30,24,116,135" hai2="49,103,55,93,3,80,13,35,119,81,44,107,121" hai3="29,34,5,33,6,120,60,47,7,37,83,131,18"/><T94/><D118/><U86/><E116/><V51/><F3/><W67/><G131/><T19/><D128/><U73/><E129/><V76/><F107/><W84/><G120/><T11/><D124/><U25/><E73/><V70/><F35/><W59/><G18/><T17/><D78/><U52/><E101/><V77/><F121/><W15/><G15/><T102/><D32/><U134/><E86/><V53/><F70/><W50/><G37/><T57/><D57/><U63/><E48/><V74/><F119/><W97/><G29/><AGARI ba="1,0" hai="24,25,26,29,30,52,56,63,82,87,90,133,134,135" machi="29" ten="50,3200,0" yaku="20,1,54,1" doraHai="61" who="1" fromWho="3" sc="265,0,556,35,130,0,49,-35" /><INIT seed="5,0,0,3,2,116" ten="265,591,130,14" oya="1" hai0="95,122,3,8,133,10,132,115,86,88,58,106,109" hai1="49,94,64,34,31,117,84,119,45,38,36,47,68" hai2="21,82,39,103,75,30,29,113,23,101,118,50,73" hai3="91,77,69,130,85,56,97,67,102,7,19,17,54"/><U32/><E94/><V60/><F39/><W124/><G130/><T5/><D106/><U24/><E84/><V52/><F60/><N who="3" m="38279" /><G69/><T135/><D122/><U121/><E49/><V71/><F71/><W51/><G124/><T114/><D109/><U44/><E68/><V57/><F118/><W25/><G7/><N who="0" m="1151" /><D58/><U79/><E47/><V99/><F113/><W125/><G77/><T0/><AGARI ba="0,0" hai="0,5,10,86,88,95,114,115,132,133,135" m="1151" machi="0" ten="40,2700,0" yaku="20,1,54,1" doraHai="116" who="0" fromWho="0" sc="265,27,591,-13,130,-7,14,-7" /><INIT seed="6,0,0,3,0,36" ten="292,578,123,7" oya="2" hai0="96,90,73,128,60,45,87,2,93,39,121,5,72" hai1="70,86,129,21,23,27,98,79,85,57,68,42,95" hai2="43,130,83,53,71,63,104,61,66,131,9,115,10" hai3="12,89,4,126,50,17,75,34,25,80,6,47,24"/><V135/><F104/><W101/><G126/><T108/><D121/><U48/><E129/><N who="2" m="49163" /><F115/><W65/><G65/><T54/><D108/><U134/><E134/><V52/><F135/><W84/><G101/><T64/><D2/><U22/><E27/><N who="3" m="10314" /><G75/><T59/><D5/><N who="3" m="2153" /><G34/><T107/><D128/><U30/><E30/><V105/><F105/><W32/><G32/><T102/><D39/><U92/><E70/><V133/><F133/><W120/><G120/><T118/><D118/><U19/><E68/><V41/><F83/><W13/><G17/><T109/><D109/><U49/><E95/><V113/><F113/><W112/><G112/><T111/><D111/><U127/><E92/><V1/><F1/><W123/><G123/><T99/><D99/><U110/><E127/><V14/><F14/><W114/><G114/><T117/><D117/><U82/><E110/><V3/><F3/><W77/><G77/><T8/><D73/><U35/><E82/><V40/><F63/><W94/><G94/><T56/><D72/><U51/><E79/><V125/><F125/><W100/><G100/><T16/><D107/><U97/><E35/><V116/><F116/><W0/><G0/><T11/><D102/><U106/><E106/><V44/><F44/><W31/><G31/><T58/><D45/><U62/><E62/><V7/><F7/><W88/><G89/><T55/><D96/><U81/><E81/><V29/><F29/><W78/><G78/><T91/><D90/><U103/><E103/><V15/><F15/><W122/><G122/><T46/><D91/><U38/><E98/><RYUUKYOKU ba="0,0" sc="292,-15,578,-15,123,15,7,15" hai2="9,10,40,41,43,52,53,61,66,71" hai3="12,13,47,50,80,84,88" /><INIT seed="6,1,0,1,3,3" ten="277,563,138,22" oya="2" hai0="54,106,98,29,16,33,105,45,130,51,39,79,15" hai1="74,75,38,86,121,43,128,47,120,103,88,37,66" hai2="20,7,24,80,82,18,84,56,119,90,122,109,96" hai3="102,85,127,41,116,114,110,62,0,31,71,21,73"/><V55/><F119/><W94/><G73/><T135/><D130/><U14/><E128/><V13/><F122/><N who="1" m="47209" /><E38/><V126/><F126/><W131/><G0/><T68/><D79/><U132/><E132/><V49/><F109/><W42/><G131/><T8/><D98/><U23/><E103/><V111/><F111/><W101/><G127/><T133/><D68/><U91/><E91/><V107/><F107/><W1/><G1/><T19/><D39/><U72/><E66/><V40/><F96/><W118/><G110/><T25/><D19/><N who="1" m="10743" /><E72/><V97/><F97/><W81/><G71/><T35/><REACH who="0" step="1"/><D33/><REACH who="0" ten="267,563,138,22" step="2"/><U50/><E37/><V69/><F69/><W22/><G118/><T129/><D129/><U78/><E78/><V36/><F36/><W27/><G116/><T99/><D99/><U32/><E32/><V92/><F40/><W48/><G41/><T113/><D113/><U9/><E74/><V134/><F134/><AGARI ba="1,1" hai="8,15,16,25,29,35,45,51,54,105,106,133,134,135" machi="134" ten="40,5200,0" yaku="1,1,20,1,54,1,53,0" doraHai="3" doraHaiUra="112" who="0" fromWho="2" sc="267,65,563,0,138,-55,22,0" /><INIT seed="7,0,0,5,5,123" ten="332,563,83,22" oya="3" hai0="37,102,12,28,58,112,97,32,95,116,35,26,65" hai1="104,84,86,20,63,23,105,69,30,53,18,103,44" hai2="67,110,120,60,43,19,72,87,99,34,68,133,122" hai3="11,31,115,94,90,4,134,80,129,70,98,130,125"/><W33/><G115/><T96/><D112/><U49/><E30/><V50/><F72/><W41/><G125/><T113/><D116/><U101/><E69/><V14/><F34/><W7/><G134/><T64/><D37/><U47/><E49/><V62/><F62/><W109/><G70/><T124/><D124/><U5/><E63/><V46/><F133/><W108/><G41/><T36/><D36/><U66/><E18/><V79/><F99/><W117/><G117/><T85/><D32/><U13/><E13/><V1/><F1/><N who="3" m="399" /><G7/><T128/><D96/><U40/><E5/><V121/><F79/><W78/><G31/><T9/><D85/><U45/><E45/><V82/><F82/><W100/><G33/><T88/><D102/><U0/><E53/><V54/><F87/><N who="3" m="48535" /><G100/><T29/><D28/><U52/><E52/><V71/><F71/><W25/><G25/><T57/><D26/><U127/><E127/><V83/><F83/><W48/><G48/><T74/><D29/><U8/><E40/><V119/><F119/><W38/><G38/><T6/><D35/><U27/><E27/><V77/><F77/><W106/><G106/><T42/><D42/><U16/><E0/><V39/><F39/><W21/><G21/><T76/><D76/><U51/><E8/><N who="2" m="6599" /><F43/><W92/><G92/><T89/><D95/><U135/><E51/><V114/><F114/><W81/><G81/><T61/><D113/><U126/><E135/><V132/><F132/><W59/><G59/><T111/><D58/><U10/><E126/><V55/><F55/><W17/><G17/><RYUUKYOKU ba="0,0" sc="332,-15,563,-15,83,15,22,15" hai2="46,50,54,60,67,68,110,120,121,122" hai3="90,94,98,108,109,129,130" /><INIT seed="7,1,0,3,5,35" ten="317,548,98,37" oya="3" hai0="4,69,105,116,34,75,60,30,127,132,52,20,72" hai1="23,50,46,124,71,108,7,33,73,18,119,74,93" hai2="49,114,90,96,62,29,1,101,81,11,12,77,64" hai3="47,14,24,125,85,22,84,112,92,55,123,70,78"/><W113/><G123/><T83/><D34/><U82/><E108/><V97/><F1/><W104/><G104/><T41/><D4/><U94/><E71/><V42/><F114/><N who="3" m="44139" /><G70/><T99/><D41/><U8/><E124/><V57/><F29/><N who="3" m="17559" /><G125/><T89/><D105/><U66/><E66/><V54/><F42/><W21/><G78/><T98/><D69/><U13/><E119/><V32/><F32/><W134/><G134/><T6/><D116/><U37/><E33/><V109/><F109/><W3/><G92/><T61/><D132/><U80/><E37/><V28/><F28/><W43/><G55/><T31/><D52/><U103/><E74/><V48/><F77/><W86/><G14/><T15/><D15/><N who="1" m="5535" /><E73/><V65/><F65/><W117/><G117/><T111/><D111/><U51/><E94/><N who="2" m="58551" /><F64/><W27/><G3/><T118/><D118/><U115/><E115/><V88/><F81/><W110/><G110/><T87/><D83/><U44/><E93/><N who="2" m="56359" /><F90/><W38/><G86/><T121/><D87/><U126/><E103/><V95/><F95/><W129/><G129/><T130/><D130/><U58/><E126/><V17/><AGARI ba="1,0" hai="11,12,17,48,49,54,57,62" m="56359,58551" machi="17" ten="30,2000,0" yaku="8,1,54,1" doraHai="35" who="2" fromWho="2" sc="317,-6,548,-6,98,23,37,-11" owari="311,11.0,542,64.0,121,-28.0,26,-47.0" /></mjloggm>