<mjloggm ver="2.3"><GO type="97" lobby="0"/><UN n0="%E3%82%88%E3%83%BC%E3%81%90%E3%82%8B%E3%81%A8" n1="%42%47%39%E2%86%92%47%45%38" n2="%E3%83%88%E3%83%88%E3%83%AA%E5%85%88%E7%94%9F%31%39%E6%AD%B3" n3="%72%69%6E%6F%70%61%70%61" dan="15,15,14,13" rate="1969.69,1946.63,2027.88,1896.14" sx="M,M,F,M"/><TAIKYOKU oya="0"/><INIT seed="0,0,0,0,2,133" ten="250,250,250,250" oya="0" hai0="45,112,13,66,83,99,102,72,79,53,75,59,90" hai1="114,28,50,41,8,37,47,30,60,19,67,27,65" hai2="111,35,16,113,48,51,104,71,126,115,64,49,20" hai3="127,92,7,121,97,0,43,6,11,109,76,105,61"/><T82/><D112/><U100/><E114/><V116/><F104/><W54/><G105/><T129/><D129/><U52/><E100/><V38/><F35/><W70/><G43/><T40/><D13/><U69/><E67/><V118/><F38/><W23/><G76/><T89/><D66/><U84/><E84/><V21/><F111/><W98/><G7/><T110/><D110/><U132/><E132/><V77/><F77/><W31/><G121/><T94/><D83/><U80/><E80/><V63/><F21/><W85/><G70/><T36/><D72/><U81/><E81/><V117/><REACH who="2" step="1"/><F126/><REACH who="2" ten="250,250,240,250" step="2"/><W87/><G127/><T107/><REACH who="0" step="1"/><D107/><REACH who="0" ten="240,250,240,250" step="2"/><U25/><E8/><V39/><F39/><W73/><G11/><T5/><D5/><U91/><E27/><AGARI ba="0,2" hai="16,20,27,48,49,51,63,64,71,113,115,116,117,118" machi="27" ten="50,6400,0" yaku="1,1,12,1,54,1,53,0" doraHai="133" doraHaiUra="96" who="2" fromWho="1" sc="240,0,250,-64,240,84,250,0" /><INIT seed="1,0,0,2,2,121" ten="240,186,324,250" oya="1" hai0="71,97,36,132,129,111,11,60,120,116,14,83,16" hai1="38,92,25,4,75,77,105,24,20,133,131,44,26" hai2="86,30,117,94,102,113,126,91,21,45,2,0,57" hai3="68,119,128,125,28,49,55,90,88,62,110,39,3"/><U127/><E105/><V53/><F117/><W70/><G3/><T95/><D116/><U103/><E4/><V74/><F74/><W99/><G119/><T109/><D36/><U114/><E114/><V13/><F126/><W48/><G39/><T115/><D115/><U50/><E38/><V106/><F113/><W22/><G125/><T12/><D132/><U122/><E122/><V56/><F45/><W134/><G134/><T72/><D120/><U31/><E133/><V10/><F56/><W66/><G70/><T61/><D129/><U101/><E131/><V84/><F84/><W80/><G128/><T8/><D71/><U1/><E1/><V6/><F102/><W123/><G123/><T47/><D47/><U130/><E130/><V82/><F106/><W78/><G55/><T34/><D34/><U100/><E92/><V112/><F112/><W19/><G28/><T135/><D135/><U15/><E127/><V69/><F69/><W96/><G48/><T76/><D61/><U81/><REACH who="1" step="1"/><E15/><REACH who="1" ten="240,176,324,250" step="2"/><V73/><F94/><W65/><G99/><T17/><REACH who="0" step="1"/><D60/><REACH who="0" ten="230,176,324,250" step="2"/><U27/><E27/><N who="2" m="16751" /><F0/><W63/><G62/><T29/><D29/><U79/><E79/><V64/><F2/><W18/><G63/><T32/><D32/><U7/><E7/><V35/><F35/><W104/><G68/><T33/><D33/><U5/><E5/><V107/><F6/><W58/><G19/><T37/><D37/><U23/><E23/><V124/><F124/><W40/><G22/><T42/><D42/><AGARI ba="0,2" hai="20,24,25,26,31,42,44,50,75,77,81,100,101,103" machi="42" ten="40,2000,0" yaku="1,1,53,0" doraHai="121" doraHaiUra="67" who="1" fromWho="0" sc="230,-20,176,40,324,0,250,0" /><INIT seed="1,1,0,3,2,122" ten="210,216,324,250" oya="1" hai0="102,99,103,4,31,76,125,15,23,45,9,107,77" hai1="48,116,33,95,10,53,108,36,64,34,19,59,47" hai2="134,68,117,41,83,46,85,30,123,114,7,65,44" hai3="20,82,52,120,115,88,8,18,27,100,50,91,21"/><U74/><E116/><V130/><F114/><W119/><G115/><T37/><D125/><U32/><E74/><V79/><F117/><W124/><G119/><T87/><D103/><U5/><E19/><V106/><F123/><W94/><G120/><T105/><D105/><U35/><E95/><V80/><F106/><W98/><G124/><T121/><D121/><U126/><E126/><V61/><F130/><W93/><G8/><T14/><D87/><U129/><E129/><V84/><F134/><W54/><G82/><T73/><D73/><U22/><E22/><V62/><F41/><W49/><G100/><T38/><D38/><U3/><N who="1" m="8704" /><DORA hai="57" /><U55/><E36/><V112/><F30/><W17/><G27/><T13/><D13/><U113/><E113/><V26/><F26/><W43/><G43/><T110/><D110/><U128/><E128/><V39/><F39/><W127/><G127/><T0/><D0/><U97/><E97/><AGARI ba="1,0" hai="17,18,20,21,49,50,52,54,88,91,93,94,97,98" machi="97" ten="25,8000,1" yaku="22,2,8,1,54,2" doraHai="122,57" who="3" fromWho="1" sc="210,0,216,-83,324,0,250,83" /><INIT seed="2,0,0,2,1,86" ten="210,133,324,333" oya="2" hai0="71,36,122,4,69,16,95,84,80,59,40,111,73" hai1="110,34,8,128,79,89,102,32,53,101,85,42,49" hai2="116,90,28,93,114,58,3,105,7,131,76,108,64" hai3="29,15,70,0,124,135,133,83,117,97,11,51,25"/><V92/><F114/><W103/><G117/><T126/><D122/><U10/><E42/><V37/><F116/><W39/><G39/><T77/><D111/><U5/><E110/><V87/><F37/><W127/><G70/><T112/><D112/><U132/><E79/><V26/><F105/><W100/><G51/><T1/><D126/><N who="3" m="48169" /><G83/><T22/><D59/><U44/><E132/><N who="3" m="50762" /><G97/><T57/><D57/><U129/><E5/><V68/><F108/><W66/><G66/><T72/><D71/><U104/><E104/><V43/><F43/><W12/><G103/><T55/><D4/><U54/><E49/><V60/><F76/><W63/><G100/><T67/><D69/><U20/><E20/><V14/><F93/><W99/><G63/><T91/><D67/><U65/><E65/><V82/><F92/><W2/><G99/><T27/><D95/><U134/><E134/><V30/><F68/><W33/><G15/><T109/><D36/><U23/><E23/><V38/><F38/><W62/><G62/><T94/><D22/><U119/><E119/><V18/><F14/><W31/><G31/><T6/><D94/><U96/><E96/><V45/><F45/><W13/><G13/><T113/><D109/><U81/><E81/><V9/><F30/><W88/><G88/><T21/><D80/><U61/><E61/><V48/><F48/><W47/><G47/><T121/><D91/><U17/><E89/><V98/><F98/><W24/><G24/><T35/><D27/><U41/><E44/><V46/><F46/><W125/><N who="3" m="48177" /><W107/><DORA hai="78" /><G107/><RYUUKYOKU ba="0,0" sc="210,-10,133,-10,324,-10,333,30" hai3="0,2,11,12,25,29,33" /><INIT seed="3,1,0,2,0,124" ten="200,123,314,363" oya="3" hai0="2,38,84,97,125,76,117,9,119,51,55,73,63" hai1="6,30,0,24,80,47,1,23,44,105,54,92,65" hai2="67,27,96,28,74,81,56,99,129,94,53,78,95" hai3="109,75,4,21,122,57,90,62,5,86,58,43,69"/><W83/><G122/><T25/><D125/><U64/><E105/><V134/><F134/><W135/><G135/><T70/><D38/><U123/><E123/><V13/><F13/><W107/><G109/><T68/><D73/><U103/><E1/><V89/><F67/><W15/><G69/><T34/><D97/><U118/><E118/><V32/><F129/><W116/><G107/><T82/><D70/><U52/><E0/><V104/><F104/><W26/><G75/><T126/><D126/><U79/><E6/><V17/><F17/><N who="3" m="12591" /><G116/><T49/><D49/><U20/><E20/><V131/><F131/><W130/><G130/><T61/><D61/><U3/><E3/><V7/><F7/><W110/><G110/><T115/><D115/><U12/><E12/><V102/><F56/><W87/><G43/><T72/><D84/><U18/><E30/><V71/><F53/><N who="3" m="34095" /><G58/><T60/><D60/><U100/><E54/><V66/><F66/><W10/><G87/><T91/><D63/><U42/><E47/><V128/><F71/><W77/><G77/><T36/><D68/><U127/><E127/><V85/><REACH who="2" step="1"/><F128/><REACH who="2" ten="200,123,304,363" step="2"/><W40/><G5/><T14/><D14/><U16/><E52/><V108/><F108/><W48/><G4/><T112/><D119/><U133/><E133/><V8/><F8/><W19/><G10/><T111/><D9/><U33/><E64/><V121/><F121/><W22/><G15/><T37/><D117/><U35/><E65/><V93/><F93/><W11/><G11/><T106/><D111/><U45/><E18/><V88/><F88/><RYUUKYOKU ba="1,1" sc="200,-10,123,-10,304,30,363,-10" hai2="27,28,32,74,78,81,85,89,94,95,96,99,102" owari="190,-21.0,113,-39.0,334,13.0,363,47.0" /></mjloggm>