<mjloggm ver="2.3"><GO type="169" lobby="0"/><UN n0="%74%61%72%6F%33%39%30%30" n1="%6E%69%63%6B%2E" n2="%EF%BC%91%EF%BC%92%EF%BC%94%EF%BC%98%EF%BC%91%EF%BC%96%EF%BC%93%EF%BC%92" n3="%E3%82%A6%E3%83%AB%E3%83%88%E3%83%A9%E7%AB%8B%E7%9B%B4" dan="17,16,16,17" rate="2127.59,2181.60,2175.24,2147.63" sx="M,M,M,M"/><TAIKYOKU oya="0"/><INIT seed="0,0,0,4,4,61" ten="250,250,250,250" oya="0" hai0="28,27,30,58,31,125,83,131,128,103,135,34,4" hai1="102,93,127,121,117,13,63,36,112,35,73,42,19" hai2="20,91,60,15,57,41,69,109,80,49,47,111,9" hai3="8,88,24,54,122,65,38,25,46,100,115,74,95"/><T107/><D125/><U75/><E35/><V114/><F114/><W129/><G115/><T64/><D135/><U104/><E104/><V40/><F69/><W110/><G74/><T33/><D4/><U105/><E105/><V62/><F20/><W118/><G38/><T68/><D58/><U52/><E117/><V22/><F22/><W53/><G118/><T18/><D83/><U130/><E121/><V89/><F41/><W44/><G122/><T45/><D45/><N who="3" m="17513" /><G110/><N who="2" m="41993" /><F80/><W10/><G100/><T85/><D85/><U87/><E42/><V16/><F62/><W66/><G129/><N who="0" m="49739" /><D103/><U94/><E36/><V70/><F70/><W101/><G101/><T99/><D99/><U1/><E102/><V71/><F71/><W17/><G54/><AGARI ba="0,0" hai="9,15,16,40,47,49,54,57,60,89,91" m="41993" machi="54" ten="30,2000,0" yaku="14,1,54,1" doraHai="61" who="2" fromWho="3" sc="250,0,250,0,250,20,250,-20" /><INIT seed="1,0,0,3,5,30" ten="250,250,270,230" oya="1" hai0="82,87,74,18,58,0,48,105,78,107,76,81,8" hai1="91,55,9,35,51,41,122,111,27,61,98,14,32" hai2="106,70,24,120,109,93,22,29,84,126,67,5,42" hai3="40,79,108,13,47,44,1,83,17,16,38,39,90"/><U34/><E122/><V118/><F120/><W54/><G108/><T117/><D117/><U97/><E41/><V50/><F106/><W21/><G1/><T33/><D33/><U103/><E61/><V10/><F118/><W57/><G90/><T63/><D48/><U2/><E2/><V3/><F109/><W135/><G135/><T129/><D129/><U64/><E64/><V12/><F126/><W43/><G21/><T112/><D112/><U77/><E77/><V131/><F131/><W102/><G102/><T85/><D74/><U25/><E91/><V89/><F67/><W7/><G7/><T128/><D128/><U23/><E111/><V15/><REACH who="2" step="1"/><F70/><REACH who="2" ten="250,250,260,230" step="2"/><W123/><G123/><T110/><D110/><U121/><E121/><V69/><F69/><W52/><G13/><T134/><D134/><U114/><E114/><V66/><F66/><W132/><G132/><T62/><D0/><U104/><E97/><V19/><F19/><W95/><G95/><T46/><D18/><U73/><E73/><V92/><F92/><W88/><G79/><T72/><D72/><U31/><E27/><V94/><F94/><W36/><G17/><T28/><D76/><U115/><E115/><V4/><F4/><W6/><G16/><T127/><D78/><U113/><E113/><V125/><F125/><W80/><G6/><T96/><D127/><U56/><REACH who="1" step="1"/><E14/><REACH who="1" ten="250,240,260,230" step="2"/><V65/><F65/><W71/><G71/><T119/><D96/><U68/><E68/><V130/><F130/><W133/><G133/><T75/><D75/><U99/><E99/><V45/><AGARI ba="0,2" hai="3,5,10,12,15,22,24,29,42,45,50,84,89,93" machi="45" ten="30,4000,0" yaku="1,1,5,1,0,1,53,0" doraHai="30" doraHaiUra="53" who="2" fromWho="2" sc="250,-10,240,-20,260,60,230,-10" /><INIT seed="2,0,0,3,2,81" ten="240,220,320,220" oya="2" hai0="67,43,30,97,83,63,92,69,38,85,18,21,22" hai1="47,127,118,70,102,45,82,61,15,121,23,129,89" hai2="25,59,2,95,51,58,24,110,125,109,1,11,9" hai3="104,84,122,46,66,98,34,20,37,77,31,106,123"/><V8/><F125/><W39/><G34/><T113/><D113/><U135/><E118/><V26/><F95/><W0/><G0/><N who="2" m="105" /><F51/><W4/><G4/><T87/><D83/><U50/><E102/><V101/><F101/><W132/><G66/><T114/><D114/><U107/><E107/><V80/><F80/><W71/><G71/><T68/><D68/><U126/><E129/><V88/><F88/><W100/><G106/><T112/><D112/><U72/><E135/><V53/><F53/><W10/><G132/><T57/><D69/><U3/><E3/><V103/><F103/><W108/><G39/><T29/><D43/><U14/><E121/><V52/><F52/><W117/><G37/><T17/><D38/><U54/><E47/><V133/><F133/><W79/><G46/><T7/><D7/><U99/><E99/><V28/><F28/><W6/><G31/><T49/><D49/><U32/><E89/><V120/><F120/><W42/><G123/><T74/><D74/><U75/><E72/><V105/><F105/><W86/><G122/><T12/><D30/><U78/><E126/><V5/><F5/><W60/><G6/><T62/><D29/><U131/><E127/><V64/><F64/><W96/><G104/><T111/><D62/><U128/><E70/><V35/><F35/><W65/><G60/><T91/><D111/><AGARI ba="0,0" hai="8,9,11,24,25,26,58,59,109,110,111" m="105" machi="111" ten="40,12000,1" yaku="28,2,14,1,10,1" doraHai="81" who="2" fromWho="0" sc="240,-120,220,0,320,120,220,0" /><INIT seed="2,1,0,2,1,86" ten="120,220,440,220" oya="2" hai0="113,99,53,116,40,41,115,132,23,133,16,122,135" hai1="94,71,123,92,25,52,69,5,32,89,114,3,121" hai2="118,21,72,55,19,97,110,134,66,14,88,64,44" hai3="95,58,98,61,29,11,37,1,20,127,126,9,42"/><V27/><F72/><W117/><G117/><T60/><D122/><N who="1" m="46603" /><E114/><N who="0" m="43529" /><D116/><U75/><E75/><V68/><F134/><N who="0" m="34306" /><T106/><DORA hai="48" /><D106/><U108/><E94/><V12/><F118/><W6/><G42/><T17/><D99/><N who="1" m="57743" /><E108/><V105/><F110/><W104/><G37/><T49/><D60/><U129/><E129/><V111/><F97/><W38/><G38/><T91/><D91/><U7/><E32/><V63/><F111/><W130/><G130/><T15/><D17/><U51/><E25/><V101/><F27/><N who="3" m="16615" /><G104/><T33/><D33/><U30/><E30/><V62/><F105/><W77/><G77/><T125/><D125/><U83/><E83/><V85/><F63/><W50/><G61/><T46/><AGARI ba="1,0" hai="15,16,23,40,41,46,49,53" m="34306,43529" machi="46" ten="50,6400,0" yaku="20,1,52,1,54,1" doraHai="86,48" who="0" fromWho="0" sc="120,67,220,-17,440,-33,220,-17" /><INIT seed="3,0,0,4,3,125" ten="187,203,407,203" oya="3" hai0="107,56,52,36,89,55,121,16,32,119,128,33,8" hai1="122,115,28,46,44,98,86,129,5,130,82,4,106" hai2="40,43,67,49,35,15,12,42,102,2,10,124,74" hai3="90,126,47,80,48,69,60,81,111,108,100,79,34"/><W41/><G34/><T61/><D119/><U27/><E115/><V31/><F74/><W6/><G126/><T25/><D121/><U20/><E122/><V51/><F2/><W22/><G100/><T45/><D107/><U88/><E106/><V104/><F124/><W54/><G6/><N who="1" m="2666" /><E98/><V91/><F67/><N who="3" m="41191" /><G22/><T50/><D36/><U92/><E82/><N who="3" m="31850" /><G90/><T132/><D132/><U13/><E13/><V113/><F91/><W59/><G79/><T110/><D110/><N who="3" m="42025" /><G59/><T57/><D89/><U109/><E109/><V75/><F102/><W26/><G26/><T96/><D57/><U77/><E77/><V103/><F35/><W123/><G123/><T131/><D96/><U101/><E101/><V84/><F103/><W23/><G23/><N who="0" m="13543" /><D8/><U117/><E117/><V21/><F10/><W127/><G127/><T7/><D7/><U38/><E38/><V97/><F97/><W78/><G78/><T68/><D68/><U95/><E95/><V39/><F104/><W87/><G87/><T64/><D64/><U76/><E76/><V17/><F84/><W1/><G1/><T99/><D99/><U114/><E114/><V30/><F113/><W62/><G62/><T63/><D61/><U135/><E135/><V116/><F116/><W72/><G72/><T66/><D66/><U118/><E118/><V29/><F75/><W120/><G120/><T93/><D93/><U112/><E112/><V14/><F39/><W65/><G65/><T19/><D19/><U94/><E94/><V70/><F70/><W133/><G133/><T9/><D9/><U58/><E58/><RYUUKYOKU ba="0,0" sc="187,0,203,0,407,0,203,0" hai0="32,33,45,50,52,55,56,63,128,131" hai1="20,27,28,44,46,86,88,92,129,130" hai2="12,14,15,17,21,29,30,31,40,42,43,49,51" hai3="41,47,48,54" /><INIT seed="3,1,0,0,2,134" ten="187,203,407,203" oya="3" hai0="19,9,18,77,14,108,5,33,83,37,32,51,70" hai1="7,20,44,35,38,100,135,53,92,107,87,1,91" hai2="28,122,119,98,79,4,30,24,115,25,46,89,58" hai3="54,127,2,36,96,8,121,103,43,60,34,125,57"/><W99/><G34/><T126/><D37/><U45/><E35/><V81/><F119/><W84/><G121/><T40/><D70/><U61/><E135/><V49/><F115/><W88/><G43/><T110/><D33/><U71/><E1/><V114/><F114/><W66/><G36/><T95/><D32/><U29/><E7/><V17/><F122/><W62/><G8/><T41/><D95/><U76/><E76/><V73/><F4/><W106/><G96/><T69/><D69/><U90/><E38/><V42/><F17/><W13/><G13/><T78/><D78/><U133/><E133/><V31/><F58/><W10/><G10/><T67/><D67/><U15/><E71/><V75/><F73/><W113/><G2/><T109/><D40/><U111/><E111/><V72/><F75/><W117/><G117/><T129/><D129/><U50/><E61/><V104/><F89/><W112/><G112/><T102/><D102/><U128/><E128/><V105/><F98/><W27/><G27/><T82/><D77/><U80/><E100/><V74/><F72/><W86/><G113/><T85/><D109/><U11/><E107/><V48/><F48/><W21/><G21/><T132/><D110/><U130/><E130/><V23/><F23/><W52/><G54/><T94/><D108/><U63/><E63/><V22/><F25/><W64/><G64/><T56/><D132/><U118/><E118/><V93/><F93/><N who="3" m="54423" /><G84/><T55/><D85/><N who="1" m="52335" /><E20/><V47/><F105/><W131/><G131/><T116/><D116/><U65/><E65/><V12/><F104/><RYUUKYOKU ba="1,0" sc="187,-10,203,-10,407,-10,203,30" hai3="52,57,60,62,66,99,103,106,125,127" /><INIT seed="3,2,0,0,3,99" ten="177,193,397,233" oya="3" hai0="47,56,51,10,70,57,103,117,72,15,9,30,91" hai1="53,19,23,77,55,7,66,44,112,131,37,125,18" hai2="61,73,6,35,48,5,101,108,25,129,115,89,28" hai3="121,128,127,118,3,4,97,76,0,49,104,93,60"/><W120/><G4/><T64/><D117/><U134/><E112/><V12/><F73/><W98/><G60/><T79/><D70/><U133/><E7/><V11/><F115/><W33/><G33/><T107/><D30/><U43/><E125/><V2/><F108/><W116/><G49/><T74/><D10/><U41/><E41/><V94/><F129/><W31/><G31/><T42/><D91/><U27/><E66/><V13/><F61/><W1/><G127/><T14/><D14/><U52/><E131/><V34/><F34/><W81/><G128/><T80/><D74/><U84/><REACH who="1" step="1"/><E19/><REACH who="1" ten="177,183,397,233" step="2"/><V114/><F114/><W17/><G17/><T113/><D64/><U40/><E40/><V132/><F5/><W71/><G118/><T22/><D113/><U111/><E111/><V126/><F126/><W130/><G116/><T68/><D42/><U100/><E100/><V135/><F101/><N who="3" m="62519" /><G130/><T122/><D103/><U119/><E119/><V36/><F6/><W105/><G105/><T69/><D107/><U78/><E78/><V54/><F54/><W90/><G71/><T67/><D69/><U110/><E110/><V32/><F28/><W106/><G106/><T38/><D68/><U16/><E16/><V8/><F2/><W50/><G121/><T95/><D122/><U82/><AGARI ba="2,1" hai="18,23,27,37,43,44,52,53,55,77,82,84,133,134" machi="82" ten="30,4000,0" yaku="1,1,0,1,54,1,53,0" doraHai="99" doraHaiUra="63" who="1" fromWho="1" sc="177,-12,183,56,397,-12,233,-22" /><INIT seed="4,0,0,4,4,25" ten="165,239,385,211" oya="0" hai0="127,112,58,13,130,63,30,1,3,76,93,131,71" hai1="90,54,117,86,11,91,22,80,56,129,99,120,40" hai2="14,8,55,35,77,23,97,65,32,66,36,44,133" hai3="67,34,60,43,123,15,53,42,28,52,85,101,94"/><T59/><D112/><U87/><E117/><V110/><F110/><W7/><G123/><T114/><D114/><U105/><E129/><N who="0" m="49161" /><D127/><U16/><E120/><V125/><F125/><W5/><G34/><T48/><D76/><U10/><E40/><N who="3" m="15402" /><G67/><N who="2" m="25609" /><F35/><W38/><G38/><T70/><D48/><N who="1" m="30791" /><E99/><V6/><F32/><W116/><G116/><T51/><D51/><U104/><E105/><V107/><F36/><W68/><G68/><N who="0" m="26155" /><D13/><N who="1" m="9487" /><E104/><V73/><F107/><W119/><G119/><T69/><D93/><AGARI ba="0,0" hai="10,11,80,86,87,90,91,93" m="9487,30791" machi="93" ten="30,3900,0" yaku="25,1,8,1,54,1" doraHai="25" who="1" fromWho="0" sc="165,-39,239,39,385,0,211,0" /><INIT seed="5,0,0,1,1,133" ten="126,278,385,211" oya="1" hai0="63,128,61,36,10,74,66,27,40,115,48,20,87" hai1="135,117,47,44,70,90,41,50,22,108,53,52,26" hai2="30,125,0,105,7,51,11,76,121,9,23,4,38" hai3="103,96,31,69,1,25,120,113,124,8,18,15,82"/><U39/><E117/><V19/><F105/><W24/><G120/><T114/><D74/><U119/><E119/><V58/><F38/><W32/><G69/><T85/><D36/><U33/><E70/><V122/><F76/><W106/><G113/><N who="0" m="43019" /><D10/><U92/><E135/><V43/><F30/><W17/><G82/><T116/><D116/><U5/><E5/><V34/><F34/><W42/><G42/><T95/><D128/><U123/><E123/><N who="2" m="47115" /><F58/><W79/><G79/><T57/><D95/><U16/><E33/><V67/><F67/><W12/><G25/><T37/><D37/><U107/><E107/><V55/><F55/><W29/><G29/><N who="0" m="17639" /><D63/><U118/><E118/><V54/><F11/><W45/><G45/><AGARI ba="0,0" hai="40,45,48,57,61,66,85,87" m="17639,43019" machi="45" ten="30,1000,0" yaku="15,1" doraHai="133" who="0" fromWho="3" sc="126,10,278,0,385,0,211,-10" /><INIT seed="6,0,0,2,1,49" ten="136,278,385,201" oya="2" hai0="110,52,125,107,7,90,96,112,98,5,1,92,87" hai1="129,6,26,116,45,65,23,78,71,13,21,111,99" hai2="69,47,15,103,104,40,124,73,94,133,3,86,76" hai3="29,118,22,89,100,75,132,74,51,97,134,34,19"/><V108/><F3/><W81/><G118/><T12/><D110/><U117/><E111/><V18/><F69/><W68/><G68/><T50/><D1/><U101/><E78/><V58/><F108/><W82/><G29/><T115/><D125/><U123/><E129/><V32/><F32/><W16/><G34/><T83/><D107/><U119/><E123/><V127/><F133/><N who="3" m="51307" /><G51/><T70/><D70/><U59/><E71/><V24/><F24/><N who="3" m="14407" /><G19/><T93/><D115/><U109/><E109/><V57/><F124/><W4/><G4/><T46/><D112/><U91/><E6/><V128/><F18/><W31/><G31/><T120/><D120/><U62/><E91/><V72/><F127/><W0/><G0/><T55/><D12/><U33/><E33/><V80/><F15/><W106/><G89/><N who="0" m="55343" /><D55/><U38/><E13/><V14/><F14/><W27/><G27/><T39/><D39/><U30/><E23/><V37/><F37/><W10/><G10/><T54/><D54/><U2/><E2/><V44/><F40/><W11/><G11/><T36/><D36/><U8/><E8/><V17/><F17/><W28/><G28/><T41/><D41/><N who="1" m="22711" /><E116/><V79/><F76/><AGARI ba="0,0" hai="5,7,46,50,52,76,83,87,90,92,98" m="55343" machi="76" ten="30,3900,0" yaku="8,1,52,1,54,1" doraHai="49" who="0" fromWho="2" sc="136,39,278,0,385,-39,201,0" /><INIT seed="7,0,0,0,0,101" ten="175,278,346,201" oya="3" hai0="56,82,31,132,108,68,85,116,79,57,43,84,75" hai1="124,9,7,96,10,93,76,33,135,53,67,26,6" hai2="40,13,44,112,41,5,34,91,69,113,61,128,30" hai3="99,94,97,131,21,115,106,83,23,121,122,2,130"/><W123/><G2/><T29/><D108/><U111/><E111/><V64/><F128/><N who="3" m="49195" /><G115/><N who="2" m="44105" /><F91/><N who="3" m="55519" /><G83/><T98/><D68/><U51/><E67/><V27/><F44/><W77/><G77/><T110/><D110/><U38/><E38/><V32/><F34/><W73/><G73/><T125/><D116/><U36/><E76/><V118/><F118/><W4/><G4/><T37/><D125/><U50/><E51/><V52/><F52/><W19/><G19/><T24/><D132/><U18/><E7/><V100/><F100/><AGARI ba="0,0" hai="21,23,99,100,106,121,122,123" m="55519,49195" machi="100" ten="40,3900,0" yaku="19,1,52,1" doraHai="101" who="3" fromWho="2" sc="175,0,278,0,346,-39,201,39" /><INIT seed="7,1,0,2,3,1" ten="175,278,307,240" oya="3" hai0="63,27,41,130,52,10,79,34,37,60,69,61,25" hai1="110,40,111,31,18,2,80,36,119,23,58,135,3" hai2="6,122,83,91,49,5,103,108,20,28,56,71,54" hai3="82,50,89,66,47,59,48,131,42,120,77,109,22"/><W75/><G120/><T13/><D69/><U94/><E135/><V46/><F71/><W35/><G35/><T67/><D67/><U117/><E31/><V78/><F108/><N who="1" m="41513" /><E80/><V76/><F122/><W45/><G131/><T96/><D130/><U88/><E40/><N who="2" m="24775" /><F103/><W64/><G109/><T99/><D79/><N who="2" m="30250" /><F83/><W26/><G89/><T112/><D112/><U104/><E58/><V12/><F91/><W107/><G107/><T86/><D86/><N who="1" m="52503" /><E36/><V98/><F98/><N who="0" m="37418" /><D34/><U30/><E30/><V115/><F115/><W106/><G106/><T124/><D124/><U11/><E11/><V90/><F90/><W29/><G59/><T123/><D123/><U134/><E134/><V84/><F84/><W7/><G66/><T105/><D105/><U14/><E104/><V44/><F44/><W32/><G64/><T118/><D118/><AGARI ba="1,0" hai="2,3,14,18,23,117,118,119" m="52503,41513" machi="118" ten="30,2000,0" yaku="12,1,54,1" doraHai="1" who="1" fromWho="0" sc="175,-23,278,23,307,0,240,0" owari="152,-35.0,301,10.0,307,41.0,240,-16.0" /></mjloggm>