<mjloggm ver="2.3"><GO type="97" lobby="0"/><UN n0="%E6%84%9B%E5%AE%95%E6%B4%8B%E6%A6%8E%E3%81%AE%E5%BC%9F%E5%AD%90" n1="%E9%BA%BB%E5%B8%83%E5%A0%85%E4%B8%80" n2="%E5%B0%B1%E6%B4%BB%E7%94%9F%40%E5%B7%9D%E6%9D%91%E8%BB%8D%E5%9B%A3" n3="%E3%81%82%E3%81%8A%E3%81%84%E3%81%95%E3%82%93" dan="13,15,14,13" rate="1900.34,2068.69,1947.16,2013.76" sx="M,M,M,M"/><TAIKYOKU oya="0"/><INIT seed="0,0,0,0,3,65" ten="250,250,250,250" oya="0" hai0="120,112,21,26,3,73,56,95,100,31,76,101,123" hai1="82,105,45,133,92,12,13,53,52,91,54,85,129" hai2="122,29,86,81,11,80,127,116,108,64,128,1,19" hai3="69,60,125,48,89,134,32,44,103,78,10,102,62"/><T6/><D112/><U39/><E105/><V40/><F122/><W49/><G32/><T41/><D41/><U42/><E133/><V20/><F116/><W7/><G134/><T111/><D111/><U9/><E129/><V87/><F128/><W25/><G49/><T131/><D131/><U99/><REACH who="1" step="1"/><E9/><REACH who="1" ten="250,240,250,250" step="2"/><V24/><F108/><W75/><G125/><T98/><D123/><U97/><E97/><V113/><F127/><W0/><G75/><T94/><D120/><U119/><E119/><V104/><F113/><W55/><G78/><AGARI ba="0,1" hai="12,13,39,42,45,52,53,54,78,82,85,91,92,99" machi="78" ten="40,2600,0" yaku="1,1,54,1,53,0" doraHai="65" doraHaiUra="17" who="1" fromWho="3" sc="250,0,240,36,250,0,250,-26" /><INIT seed="1,0,0,5,0,68" ten="250,276,250,224" oya="1" hai0="82,119,77,123,31,115,131,81,12,47,125,46,75" hai1="52,126,34,1,67,43,57,38,129,58,20,117,9" hai2="24,70,8,74,60,42,69,40,0,103,79,21,36" hai3="49,120,27,28,132,3,106,6,113,50,76,116,80"/><U134/><E34/><V41/><F103/><W101/><G120/><T65/><D115/><U18/><E117/><V4/><F60/><W122/><G122/><T104/><D119/><U111/><E129/><V107/><F107/><W87/><G113/><T127/><D104/><U29/><E29/><V99/><F99/><W91/><G116/><T66/><D123/><U100/><E100/><V128/><F128/><W95/><G132/><T121/><D121/><U118/><E134/><V86/><F86/><W37/><G37/><T92/><D92/><U14/><E118/><V135/><F135/><W16/><G6/><T97/><D97/><U56/><E111/><V25/><F25/><W130/><G3/><T30/><D131/><U133/><E126/><N who="0" m="48137" /><D12/><U51/><E133/><V32/><F32/><W35/><G130/><T71/><D82/><U78/><E78/><V90/><F90/><W62/><G62/><N who="0" m="40375" /><D66/><U59/><E67/><V44/><F70/><W23/><G106/><T33/><D33/><U53/><E1/><V124/><F69/><W11/><G11/><T45/><AGARI ba="0,0" hai="30,31,45,46,47,75,77,81" m="40375,48137" machi="45" ten="30,1100,0" yaku="18,1" doraHai="68" who="0" fromWho="0" sc="250,11,276,-5,250,-3,224,-3" /><INIT seed="2,0,0,2,2,123" ten="261,271,247,221" oya="2" hai0="134,54,127,33,113,9,2,73,84,3,133,24,116" hai1="58,112,68,25,44,90,51,80,41,71,27,57,65" hai2="42,105,37,96,49,99,88,85,64,13,20,35,70" hai3="18,86,45,50,102,62,126,108,59,98,77,83,119"/><V7/><F35/><W61/><G119/><T46/><D113/><U125/><E112/><V120/><F37/><W29/><G126/><T117/><D73/><U91/><E125/><V8/><F105/><W15/><G29/><N who="0" m="19623" /><D127/><U52/><E58/><V31/><F120/><W12/><G12/><T121/><D121/><U40/><E40/><V26/><F64/><W4/><G4/><N who="0" m="1175" /><D3/><U14/><E14/><V131/><F131/><W101/><G102/><T69/><D69/><U23/><E25/><V95/><F70/><W79/><G79/><T76/><D76/><U130/><E130/><V106/><REACH who="2" step="1"/><F106/><REACH who="2" ten="261,271,237,221" step="2"/><W53/><G62/><T47/><D117/><U103/><E68/><V89/><F89/><N who="3" m="51423" /><G61/><T48/><D116/><U32/><E91/><V30/><F30/><W55/><G77/><T75/><D134/><U66/><E90/><V39/><F39/><W19/><G19/><T109/><D133/><U114/><E71/><V111/><F111/><W93/><G55/><T135/><D109/><U97/><E52/><V74/><F74/><W81/><G59/><N who="0" m="33223" /><D75/><U16/><E57/><V107/><F107/><W92/><G108/><T11/><D135/><U36/><E36/><V94/><F94/><W56/><G56/><T124/><D124/><U1/><E114/><V128/><F128/><W122/><G122/><T43/><D43/><U118/><E118/><V22/><F22/><N who="3" m="11615" /><G93/><T82/><D46/><AGARI ba="0,1" hai="7,8,13,20,26,31,42,46,49,85,88,95,96,99" machi="46" ten="40,7700,0" yaku="1,1,8,1,54,1,53,0" doraHai="123" doraHaiUra="78" who="2" fromWho="0" sc="261,-77,271,0,237,87,221,0" /><INIT seed="2,1,0,3,5,131" ten="184,271,324,221" oya="2" hai0="112,71,59,22,44,73,118,107,89,41,123,49,75" hai1="83,82,66,13,53,30,91,21,50,111,42,70,25" hai2="85,119,125,94,3,35,80,12,57,129,133,64,79" hai3="86,18,130,17,116,72,127,65,93,33,135,58,23"/><V51/><F129/><W90/><G33/><T9/><D71/><U110/><E42/><V128/><F3/><W28/><G72/><T113/><D107/><U34/><E66/><V115/><F35/><W134/><G116/><T36/><D123/><U24/><E70/><V87/><F128/><W95/><G130/><T54/><D118/><U40/><E40/><V39/><F39/><W121/><G121/><T101/><D101/><U99/><E13/><V8/><F119/><W56/><G95/><T37/><D37/><U31/><E99/><V15/><F125/><W98/><G86/><T4/><D22/><U100/><E100/><V26/><F26/><N who="3" m="16479" /><G127/><T47/><D47/><U109/><REACH who="1" step="1"/><E91/><REACH who="1" ten="184,261,324,221" step="2"/><N who="2" m="53615" /><F15/><W117/><G117/><T122/><D89/><U106/><E106/><V67/><F115/><W104/><G104/><T48/><D122/><U81/><E81/><V61/><F67/><W60/><G56/><AGARI ba="1,1" hai="21,24,25,30,31,34,50,53,56,82,83,109,110,111" machi="56" ten="40,2600,0" yaku="1,1,14,1,53,0" doraHai="131" doraHaiUra="63" who="1" fromWho="3" sc="184,0,261,39,324,0,221,-29" /><INIT seed="3,0,0,0,5,17" ten="184,300,324,192" oya="3" hai0="123,27,19,61,21,88,129,3,114,47,72,46,98" hai1="37,66,103,2,87,79,34,52,49,111,95,102,90" hai2="80,84,68,1,56,97,16,120,4,35,59,51,115" hai3="127,36,40,65,63,20,132,108,133,126,92,109,83"/><W73/><G92/><N who="0" m="56583" /><D72/><U75/><E37/><V121/><F68/><N who="3" m="42047" /><G20/><T119/><D123/><N who="2" m="47178" /><F35/><W57/><G83/><T118/><D3/><U116/><E116/><V69/><F69/><W130/><G73/><T99/><D119/><U86/><E2/><V5/><F115/><W54/><G40/><T122/><D122/><U67/><E34/><V76/><F1/><W82/><G82/><T135/><D118/><U125/><E75/><V10/><F97/><W96/><G96/><T60/><D114/><U8/><E8/><V85/><F85/><W11/><G11/><T38/><D38/><U101/><E86/><V128/><F128/><W131/><G36/><T62/><D129/><N who="3" m="49161" /><G57/><N who="2" m="22089" /><F51/><W45/><G54/><T112/><D112/><U25/><E52/><V44/><F44/><N who="0" m="16938" /><D135/><N who="3" m="51785" /><G45/><T12/><D99/><U23/><E102/><V53/><F53/><W70/><G70/><T6/><D6/><U71/><E101/><V13/><AGARI ba="0,0" hai="4,5,10,13,16,76,80,84" m="22089,47178" machi="13" ten="30,2000,0" yaku="13,1,54,1" doraHai="17" who="2" fromWho="2" sc="184,-5,300,-5,324,20,192,-10" owari="179,-32.0,295,10.0,344,44.0,182,-22.0" /></mjloggm>