<mjloggm ver="2.3"><GO type="97" lobby="0"/><UN n0="%E3%82%AA%E3%83%BC%E3%83%A9%E7%8E%89" n1="%E3%81%8A%E3%80%81%EF%BC%AA%E3%81%8B%EF%BC%9F" n2="%E8%B5%A4%E8%A3%8F%E3%83%9B%E3%82%B7%E3%83%BC%E3%83%8E" n3="%E5%B0%B1%E6%B4%BB%E7%94%9F%40%E5%B7%9D%E6%9D%91%E8%BB%8D%E5%9B%A3" dan="14,15,14,14" rate="1940.98,1996.06,1948.07,2004.86" sx="M,M,M,M"/><TAIKYOKU oya="0"/><INIT seed="0,0,0,4,0,77" ten="250,250,250,250" oya="0" hai0="54,84,109,26,60,66,111,133,4,75,91,56,45" hai1="123,3,129,113,98,61,25,126,40,81,34,48,46" hai2="50,27,59,76,1,104,36,73,16,131,20,87,57" hai3="9,19,128,88,110,29,64,68,120,43,83,8,17"/><T62/><D75/><U90/><E123/><V53/><F104/><W47/><G29/><T22/><D4/><U67/><E129/><V122/><F131/><W115/><G115/><T49/><D133/><U108/><E113/><V95/><F122/><W0/><G120/><T10/><D10/><N who="3" m="4201" /><G68/><T82/><REACH who="0" step="1"/><D60/><REACH who="0" ten="240,250,250,250" step="2"/><U99/><E61/><V31/><F1/><W127/><G0/><T41/><D41/><U23/><E40/><V92/><F73/><W42/><G128/><T5/><D5/><U114/><E3/><V58/><F36/><W80/><G43/><T11/><D11/><U119/><E114/><V63/><F63/><W65/><G127/><T124/><D124/><U72/><E72/><V74/><F74/><W18/><G110/><T97/><D97/><U132/><E99/><V24/><F87/><N who="3" m="50279" /><G42/><T101/><D101/><U13/><E108/><V102/><F102/><W44/><G65/><T14/><D14/><U135/><E13/><V69/><F69/><W38/><G38/><T15/><D15/><U107/><E132/><V125/><F125/><W79/><G64/><T71/><D71/><U51/><E67/><V96/><F96/><W86/><AGARI ba="0,1" hai="17,18,19,44,47,79,83,86" m="50279,4201" machi="86" ten="30,7900,0" yaku="8,1,52,2,54,1" doraHai="77" who="3" fromWho="3" sc="240,-39,250,-20,250,-20,250,89" /><INIT seed="1,0,0,2,0,40" ten="201,230,230,339" oya="1" hai0="51,44,121,133,96,67,66,12,57,124,19,13,71" hai1="82,104,100,120,102,72,1,32,46,99,62,73,56" hai2="101,0,68,112,77,81,117,65,89,85,50,36,98" hai3="105,79,53,75,84,3,86,110,17,80,42,21,69"/><U108/><E1/><V64/><F0/><W61/><G105/><T55/><D133/><U18/><E32/><V119/><F36/><W4/><G42/><T114/><D114/><U128/><E120/><V37/><F37/><W31/><G31/><T134/><D121/><U109/><E128/><V39/><F39/><W28/><G28/><T33/><D33/><U34/><E34/><V52/><F112/><W8/><G110/><N who="1" m="42602" /><E102/><V116/><F77/><W92/><G92/><T95/><D134/><U35/><E35/><V111/><F111/><W48/><G61/><N who="0" m="38191" /><D71/><U118/><E118/><V26/><F26/><W106/><G106/><T103/><D124/><U83/><E18/><V90/><F90/><W122/><G69/><T93/><D93/><U127/><E127/><V91/><F91/><W15/><G122/><T76/><D67/><N who="1" m="39367" /><E46/><AGARI ba="0,0" hai="3,4,8,15,17,21,46,48,53,75,79,80,84,86" machi="46" ten="30,2000,0" yaku="7,1,52,1" doraHai="40" who="3" fromWho="1" sc="201,0,230,-20,230,0,339,20" /><INIT seed="2,0,0,5,3,74" ten="201,210,230,359" oya="2" hai0="26,76,42,69,39,93,54,130,29,77,82,68,48" hai1="6,90,35,121,7,22,18,8,135,113,89,125,67" hai2="88,129,70,10,128,132,36,122,100,99,106,64,101" hai3="114,66,43,51,23,97,32,25,98,107,124,71,92"/><V15/><F36/><W108/><G114/><T73/><D130/><N who="2" m="50282" /><F122/><W31/><G124/><T102/><D42/><U0/><E113/><V110/><F70/><W117/><G117/><T60/><D39/><U17/><E125/><V41/><F41/><W134/><G134/><T52/><D102/><U56/><E121/><V28/><F28/><W95/><G108/><T119/><D93/><U27/><E135/><V37/><F37/><W16/><G71/><T33/><D119/><U12/><E7/><N who="2" m="3551" /><F64/><W87/><G66/><T1/><D1/><U118/><E118/><V116/><F116/><W105/><G87/><T72/><D60/><U94/><E35/><V57/><F57/><W50/><G43/><T83/><D54/><U112/><E112/><V47/><F47/><AGARI ba="0,0" hai="26,29,33,47,48,52,68,69,72,73,76,77,82,83" machi="47" ten="30,8000,1" yaku="7,1,9,1,52,2,54,1" doraHai="74" who="0" fromWho="2" sc="201,80,210,0,230,-80,359,0" /><INIT seed="3,0,0,3,0,68" ten="281,210,150,359" oya="3" hai0="103,64,135,106,124,86,53,109,42,50,67,128,115" hai1="56,63,10,26,22,82,100,1,60,8,83,52,14" hai2="77,95,3,17,91,88,102,74,36,59,125,39,73" hai3="79,90,51,62,27,127,129,72,61,117,89,32,107"/><W78/><G117/><T11/><D109/><U30/><E1/><V113/><F3/><W47/><G107/><T12/><D124/><U44/><E100/><V19/><F102/><W80/><G127/><T105/><D128/><U71/><E44/><V58/><F125/><W114/><G114/><T15/><D135/><U34/><E34/><V93/><REACH who="2" step="1"/><F77/><REACH who="2" ten="281,210,140,359" step="2"/><W96/><G79/><T108/><D115/><AGARI ba="0,1" hai="17,19,36,39,58,59,73,74,88,91,93,95,113,115" machi="115" ten="25,12000,2" yaku="1,1,2,1,22,2,52,2,54,1,53,0" doraHai="68" doraHaiUra="116" who="2" fromWho="0" sc="281,-120,210,0,140,130,359,0" owari="161,-34.0,210,-19.0,270,7.0,359,46.0" /></mjloggm>