<mjloggm ver="2.3"><GO type="97" lobby="0"/><UN n0="%E3%82%89%E3%81%99%E3%81%A1%E3%82%83%E3%82%93%E7%94%BB%E4%BC%AF" n1="%E3%83%88%E3%83%88%E3%83%AA%E5%85%88%E7%94%9F%31%39%E6%AD%B3" n2="%E3%83%AA%E3%83%88%E3%82%81%E3%81%8C%E3%81%AD" n3="%E3%82%AE%E3%83%A3%E3%83%B3%E3%83%96%E3%83%A9%E3%83%BC%E3%83%8A%E3%83%8A" dan="13,15,13,13" rate="1860.90,2020.44,1837.49,1909.86" sx="M,F,M,F"/><TAIKYOKU oya="0"/><INIT seed="0,0,0,0,0,8" ten="250,250,250,250" oya="0" hai0="35,96,65,28,52,98,78,129,14,126,122,106,115" hai1="17,131,82,75,109,103,130,66,94,87,29,125,53" hai2="61,128,86,56,48,59,9,68,5,54,25,95,18" hai3="15,116,102,83,30,46,112,133,72,85,97,47,58"/><T3/><D122/><U113/><E75/><V91/><F128/><N who="1" m="49193" /><E109/><V108/><F108/><W38/><G112/><T12/><D129/><U92/><E113/><V134/><F68/><W76/><G116/><T23/><D3/><U69/><E103/><V32/><F134/><W62/><G133/><T11/><D115/><U1/><E1/><V7/><F9/><W24/><G38/><T4/><D35/><U80/><E125/><V124/><F124/><W27/><G27/><N who="0" m="16511" /><D106/><U36/><E36/><V127/><F127/><W6/><G72/><T89/><D78/><N who="1" m="46487" /><E29/><V31/><REACH who="2" step="1"/><F18/><REACH who="2" ten="250,250,240,250" step="2"/><W84/><G76/><T60/><D126/><U57/><E17/><V55/><AGARI ba="0,1" hai="5,7,25,31,32,48,54,55,56,59,61,86,91,95" machi="55" ten="20,5200,0" yaku="1,1,2,1,0,1,7,1,53,0" doraHai="8" doraHaiUra="19" who="2" fromWho="2" sc="250,-26,250,-13,240,62,250,-13" /><INIT seed="1,0,0,0,4,39" ten="224,237,302,237" oya="1" hai0="85,120,45,25,87,125,2,135,31,112,99,32,127" hai1="56,84,43,124,91,116,95,66,104,60,97,63,8" hai2="129,130,71,54,121,37,27,81,53,122,41,3,126" hai3="93,110,14,108,67,94,113,58,59,36,96,46,64"/><U132/><E116/><V12/><F3/><W61/><G113/><T48/><D112/><U34/><E34/><V9/><F71/><W65/><G14/><T115/><D115/><U23/><E132/><V75/><F27/><W118/><G118/><T76/><D135/><U133/><E133/><V90/><F37/><W6/><G6/><T30/><D2/><U80/><E124/><V89/><F41/><N who="3" m="22823" /><G93/><T123/><D99/><U7/><E104/><V26/><F26/><W105/><G105/><T33/><D76/><U49/><E23/><V15/><F75/><W44/><G94/><T72/><D72/><U5/><E8/><V77/><F77/><W17/><G17/><T68/><D68/><U134/><E63/><V52/><F126/><N who="0" m="48138" /><D31/><U21/><E21/><V50/><F50/><W35/><G96/><T86/><D33/><U114/><E134/><V38/><F38/><W42/><G35/><T103/><D103/><U111/><E114/><V57/><F57/><N who="3" m="21515" /><G61/><T83/><D83/><U73/><E73/><V78/><F78/><W100/><G100/><T10/><D10/><U24/><E97/><V128/><F81/><W98/><G98/><T20/><D32/><U1/><E80/><V51/><F51/><AGARI ba="0,0" hai="42,44,51,64,65,67,108,110" m="21515,22823" machi="51" ten="30,7700,0" yaku="34,2,52,2" doraHai="39" who="3" fromWho="2" sc="224,0,237,0,302,-77,237,77" /><INIT seed="2,0,0,4,1,101" ten="224,237,225,314" oya="2" hai0="49,86,46,132,79,106,80,105,85,89,31,2,16" hai1="93,1,51,38,64,11,87,71,70,66,14,118,61" hai2="58,37,12,43,41,108,133,122,42,91,39,134,83" hai3="130,0,123,135,8,47,29,32,107,90,95,23,129"/><V72/><F122/><W73/><G73/><T67/><D132/><N who="2" m="50794" /><F108/><W100/><G47/><T120/><D120/><U10/><E118/><V30/><F30/><W82/><G135/><T113/><D113/><U28/><E38/><V56/><F12/><W131/><G82/><T77/><D2/><U13/><E1/><V27/><F27/><N who="3" m="18495" /><G23/><T3/><D3/><U128/><E128/><N who="3" m="32770" /><W94/><DORA hai="103" /><G90/><T125/><D125/><U21/><E28/><V115/><F115/><W5/><G123/><T55/><D31/><U127/><E127/><V57/><F91/><W40/><G40/><T7/><D7/><U76/><E21/><V35/><F35/><W9/><G9/><T44/><D67/><U126/><E66/><V25/><F25/><W59/><G59/><T36/><D16/><U4/><E126/><V45/><F45/><W109/><G109/><T50/><D36/><N who="2" m="13898" /><F83/><W104/><G100/><T69/><D69/><U48/><E71/><V6/><F6/><W65/><G65/><T34/><D34/><U53/><E64/><V96/><F96/><W18/><G18/><T63/><D63/><U117/><E70/><V121/><F121/><W84/><G84/><T60/><D60/><U99/><E87/><V98/><F98/><W111/><G111/><T92/><D77/><U52/><E76/><V17/><F17/><W54/><G54/><AGARI ba="0,0" hai="44,46,49,50,54,55,79,80,85,86,89,92,105,106" machi="54" ten="30,12000,2" yaku="7,1,9,1,52,4" doraHai="101,103" who="0" fromWho="3" sc="224,120,237,0,225,0,314,-120" /><INIT seed="3,0,0,4,5,97" ten="344,237,225,194" oya="3" hai0="67,94,15,54,51,41,113,16,38,126,125,135,14" hai1="17,132,56,71,121,31,24,81,40,112,84,1,64" hai2="45,18,103,87,89,82,47,127,116,93,86,32,6" hai3="5,131,96,62,0,65,72,52,44,119,13,49,34"/><W107/><G119/><T77/><D67/><U58/><E112/><V35/><F127/><N who="0" m="48650" /><D113/><U30/><E121/><V115/><F116/><W61/><G72/><T48/><D135/><U80/><E1/><V88/><F115/><W69/><G0/><T92/><D77/><U9/><E132/><V101/><F6/><W118/><G118/><T23/><D14/><N who="1" m="7375" /><E71/><V50/><F18/><W129/><G34/><T25/><D38/><U99/><E40/><V124/><F124/><W8/><REACH who="3" step="1"/><G61/><REACH who="3" ten="344,237,225,184" step="2"/><T120/><D120/><U46/><E46/><V60/><F60/><W74/><G74/><T53/><D41/><U37/><E58/><V76/><F35/><W104/><G104/><T21/><D51/><U22/><E56/><V7/><F32/><W68/><G68/><T122/><D122/><U55/><E64/><V42/><F47/><W83/><G83/><T95/><D48/><U73/><E81/><N who="2" m="49231" /><F7/><W130/><G130/><T63/><D63/><U75/><E75/><V20/><F20/><W66/><G66/><T78/><D78/><U111/><E73/><V39/><F39/><W43/><G43/><T91/><D91/><U12/><E80/><V123/><F123/><W98/><G98/><AGARI ba="0,1" hai="42,45,50,76,82,87,89,93,98,101,103" m="49231" machi="98" ten="30,7700,0" yaku="8,1,52,2,54,1" doraHai="97" who="2" fromWho="3" sc="344,0,237,0,225,87,184,-77" owari="344,44.0,237,-16.0,312,11.0,107,-39.0" /></mjloggm>