<mjloggm ver="2.3"><GO type="169" lobby="0"/><UN n0="%E3%81%8A%E3%81%95%E3%81%A3%E3%81%A1%E3%82%87" n1="%E3%83%95%E3%83%AB%E3%82%BC%E3%83%B3%E3%83%84" n2="%E3%83%8E%E3%83%B3%E3%83%A9%E3%82%B9%E6%89%93%E6%B3%95" n3="%E3%82%A6%E3%83%AB%E3%83%88%E3%83%A9%E7%AB%8B%E7%9B%B4" dan="16,16,16,18" rate="2083.99,2094.95,2094.57,2192.86" sx="M,M,M,M"/><TAIKYOKU oya="0"/><INIT seed="0,0,0,3,2,120" ten="250,250,250,250" oya="0" hai0="89,20,55,10,6,68,72,57,86,77,130,7,12" hai1="63,78,5,79,108,13,92,9,40,107,112,116,18" hai2="133,64,51,62,52,33,14,1,31,126,35,125,105" hai3="110,53,101,106,25,54,104,60,41,50,30,0,37"/><T46/><D68/><U97/><E107/><V76/><F1/><W16/><G0/><T58/><D130/><U91/><E116/><V83/><F105/><W123/><G37/><T29/><D72/><U4/><E112/><V88/><F133/><W124/><G41/><T66/><D77/><U94/><E40/><V99/><F14/><W71/><G123/><T96/><D96/><U135/><E135/><V45/><F31/><W15/><G124/><N who="2" m="47721" /><F76/><N who="1" m="29225" /><E108/><V21/><F21/><W22/><G110/><T27/><D6/><N who="1" m="2667" /><E94/><N who="2" m="56775" /><F83/><W70/><G101/><T87/><D66/><U73/><E73/><V59/><AGARI ba="0,0" hai="33,35,45,51,52,59,62,64" m="56775,47721" machi="59" ten="30,4000,0" yaku="18,1,54,2" doraHai="120" who="2" fromWho="2" sc="250,-20,250,-10,250,40,250,-10" /><INIT seed="1,0,0,3,3,118" ten="230,240,290,240" oya="1" hai0="104,58,83,110,17,98,89,35,82,113,21,74,96" hai1="86,64,88,129,14,56,5,49,30,15,114,119,115" hai2="94,28,23,20,19,10,8,80,38,73,97,31,2" hai3="70,90,36,117,108,126,16,84,0,79,34,60,107"/><U52/><E119/><V39/><F38/><W25/><G79/><T77/><D35/><U105/><E105/><V121/><F39/><W44/><G117/><T24/><D110/><U106/><E106/><V67/><F67/><W42/><G108/><T125/><D113/><U13/><E129/><V59/><F59/><W130/><G126/><T124/><D58/><U3/><E30/><V135/><F135/><W122/><G130/><T85/><REACH who="0" step="1"/><D104/><REACH who="0" ten="220,240,290,240" step="2"/><U62/><E3/><V133/><F2/><W99/><G34/><T61/><D61/><U47/><REACH who="1" step="1"/><E5/><REACH who="1" ten="220,230,290,240" step="2"/><V11/><F133/><W131/><G107/><T76/><D76/><U37/><E37/><V43/><F121/><W29/><G122/><T32/><D32/><U65/><E65/><V66/><F66/><W54/><G131/><T6/><D6/><U78/><E78/><V46/><F73/><W41/><G36/><T81/><D81/><AGARI ba="0,2" hai="13,14,15,47,49,52,56,62,64,81,86,88,114,115" machi="81" ten="40,7700,0" yaku="1,1,54,2,53,0" doraHai="118" doraHaiUra="112" who="1" fromWho="0" sc="220,-77,230,97,290,0,240,0" /><INIT seed="1,1,0,3,0,75" ten="143,327,290,240" oya="1" hai0="50,63,14,115,22,117,92,82,130,59,104,54,116" hai1="78,105,111,128,120,79,56,28,41,99,1,125,57" hai2="66,9,64,5,74,89,77,132,85,119,7,55,11" hai3="133,97,124,108,37,114,49,73,3,34,91,4,20"/><U24/><E1/><V95/><F119/><W40/><G20/><T45/><D104/><U102/><E120/><V18/><F132/><W17/><G49/><T36/><D115/><U83/><E128/><V13/><F74/><W134/><G17/><T80/><D130/><U27/><E125/><V51/><F77/><W52/><G4/><T29/><D36/><U93/><E111/><V86/><F86/><W110/><G40/><T69/><D69/><U16/><E41/><V42/><F42/><W88/><G52/><T19/><D29/><U113/><E113/><V123/><F123/><W81/><G34/><T32/><D32/><U107/><E107/><V109/><F109/><N who="3" m="42091" /><G37/><T23/><D116/><U122/><E122/><V96/><F85/><W61/><G61/><T70/><D70/><U68/><E68/><V10/><F10/><W106/><G3/><T71/><D71/><U2/><E2/><V84/><F84/><W87/><G114/><T30/><D117/><U15/><E105/><V31/><F31/><W60/><G60/><T8/><D92/><U33/><E27/><V25/><F25/><W103/><G73/><T121/><D121/><U38/><E38/><V112/><F112/><W94/><G124/><T98/><D98/><AGARI ba="1,0" hai="81,87,88,91,94,97,98,103,106,133,134" m="42091" machi="98" ten="30,7700,0" yaku="14,1,34,2,54,1" doraHai="75" who="3" fromWho="0" sc="143,-80,327,0,290,0,240,80" /><INIT seed="2,0,0,1,2,117" ten="63,327,290,320" oya="2" hai0="76,80,91,38,34,57,69,46,121,113,70,37,41" hai1="21,89,13,104,67,65,108,78,10,19,4,0,64" hai2="135,25,18,132,20,9,93,56,51,27,50,16,119" hai3="74,33,24,90,124,47,7,123,131,125,45,32,73"/><V79/><F119/><W68/><G7/><T134/><D34/><U42/><E104/><V101/><F79/><W103/><G103/><T36/><D91/><U130/><E108/><V54/><F51/><W5/><G5/><T86/><D134/><N who="2" m="51242" /><F9/><W2/><G90/><T97/><D97/><U111/><E111/><V122/><F122/><W133/><G24/><N who="2" m="9289" /><F20/><W53/><G133/><T128/><D113/><U35/><E130/><V88/><F101/><W61/><G131/><T3/><D3/><U60/><E35/><V72/><F72/><W6/><G2/><T112/><D112/><U85/><E42/><V40/><F40/><W105/><G123/><T62/><D121/><U28/><E28/><V95/><F95/><W66/><G73/><T92/><D92/><U129/><E78/><V106/><F106/><W116/><G74/><T44/><D128/><U96/><E129/><V87/><AGARI ba="0,0" hai="16,18,50,54,56,87,88,93" m="9289,51242" machi="87" ten="30,6000,0" yaku="20,1,54,2" doraHai="117" who="2" fromWho="2" sc="63,-20,327,-20,290,60,320,-20" /><INIT seed="2,1,0,2,2,1" ten="43,307,350,300" oya="2" hai0="34,9,59,24,86,27,75,46,99,68,87,52,121" hai1="135,93,119,128,95,36,37,64,35,60,6,30,19" hai2="10,66,16,32,97,80,106,96,53,54,26,74,73" hai3="15,126,5,38,70,40,43,113,130,89,81,101,132"/><V23/><F32/><W50/><G70/><T92/><D75/><U134/><E119/><V55/><F66/><W28/><G126/><T42/><D68/><U71/><E128/><V90/><F10/><W69/><G69/><T44/><D121/><U85/><E19/><V57/><F57/><W20/><G130/><T67/><D67/><U11/><E30/><V115/><F115/><W0/><G132/><N who="1" m="50730" /><E35/><V125/><F125/><W88/><G38/><N who="1" m="14954" /><E85/><V7/><F7/><W110/><G110/><T63/><D9/><U105/><E105/><V100/><REACH who="2" step="1"/><F80/><REACH who="2" ten="43,307,340,300" step="2"/><W127/><G127/><T29/><D24/><U62/><E62/><V94/><AGARI ba="1,1" hai="16,23,26,53,54,55,73,74,90,94,96,97,100,106" machi="94" ten="30,11700,0" yaku="1,1,2,1,0,1,54,1,53,0" doraHai="1" doraHaiUra="131" who="2" fromWho="2" sc="43,-40,307,-40,340,130,300,-40" /><INIT seed="2,2,0,2,4,121" ten="3,267,470,260" oya="2" hai0="84,115,89,65,6,1,77,120,21,41,43,50,63" hai1="102,125,4,69,15,76,67,53,96,135,100,90,114" hai2="11,91,87,44,34,62,78,112,45,95,55,56,46" hai3="16,105,106,0,86,33,81,131,47,22,64,92,59"/><V109/><F112/><W122/><G33/><T66/><D115/><U130/><E114/><V17/><F34/><W103/><G0/><T94/><D120/><U85/><E125/><V18/><F109/><W113/><G113/><T111/><D111/><U31/><E130/><V74/><F74/><W61/><G122/><T72/><D72/><U75/><E135/><V14/><F78/><W124/><G124/><T32/><D32/><U99/><E31/><V51/><REACH who="2" step="1"/><F18/><REACH who="2" ten="3,267,460,260" step="2"/><W128/><G131/><T133/><D77/><U71/><E76/><V29/><F29/><W39/><G128/><T123/><D133/><U80/><E75/><V129/><F129/><W8/><G16/><T104/><D104/><U73/><E73/><V2/><F2/><W37/><G106/><T58/><D123/><U48/><E4/><V3/><F3/><W98/><G105/><T35/><D35/><U25/><E15/><V42/><AGARI ba="2,1" hai="11,14,17,42,44,45,46,51,55,56,62,87,91,95" machi="42" ten="20,7800,0" yaku="1,1,0,1,7,1,8,1,53,0" doraHai="121" doraHaiUra="27" who="2" fromWho="2" sc="3,-28,267,-28,460,94,260,-28" owari="-25,-53.0,239,4.0,554,66.0,232,-17.0" /></mjloggm>