<mjloggm ver="2.3"><GO type="41" lobby="0"/><UN n0="%E3%83%9E%E3%82%AD%E3%83%A5%E3%82%A2%E3%83%B3%E5%8F%8B%E3%81%AE%E4%BC%9A" n1="%E5%B0%B1%E6%B4%BB%E7%94%9F%40%E5%B7%9D%E6%9D%91%E8%BB%8D%E5%9B%A3" n2="%E5%93%80%E3%83%BB%E6%88%A6%E5%A3%AB" n3="%E5%9C%B0%E7%8D%84%E3%83%A2%E3%83%BC%E3%83%89%E7%99%BA%E5%8B%95" dan="13,15,13,13" rate="1845.59,1957.64,1923.24,1871.13" sx="M,M,M,F"/><TAIKYOKU oya="0"/><INIT seed="0,0,0,0,2,62" ten="250,250,250,250" oya="0" hai0="110,37,73,69,63,86,118,135,93,21,80,70,0" hai1="38,127,107,31,11,119,76,36,94,68,10,108,91" hai2="35,24,81,5,106,33,101,29,41,123,14,26,13" hai3="12,55,85,27,114,90,65,105,74,2,113,83,44"/><T25/><D118/><U129/><E107/><V79/><F123/><W72/><G2/><T42/><D0/><U89/><E68/><V49/><F106/><W1/><G1/><T22/><D135/><U34/><E119/><V116/><F101/><W7/><G105/><T131/><D131/><U95/><E129/><V67/><F116/><W17/><G7/><T121/><D121/><U57/><E76/><V16/><F67/><W96/><G27/><T6/><D6/><U58/><E34/><V126/><F126/><W9/><G96/><T64/><D70/><U3/><E3/><V98/><F98/><W23/><G23/><T130/><D130/><U133/><E31/><V20/><F35/><W28/><G28/><T50/><D37/><U77/><E77/><V60/><F60/><W132/><G132/><T92/><D110/><U43/><E43/><V111/><F111/><W39/><G39/><T100/><D73/><U30/><E30/><V87/><F5/><W78/><G78/><T45/><D21/><U54/><E133/><V103/><F103/><W48/><REACH who="3" step="1"/><G65/><REACH who="3" ten="250,250,250,240" step="2"/><T52/><D100/><U120/><E120/><V125/><F125/><W71/><G71/><T47/><D42/><U124/><REACH who="1" step="1"/><E54/><REACH who="1" ten="250,240,250,240" step="2"/><V134/><F134/><W66/><G66/><T102/><D102/><U84/><E84/><V112/><F41/><W40/><G40/><T19/><REACH who="0" step="1"/><D47/><REACH who="0" ten="240,240,250,240" step="2"/><U109/><AGARI ba="0,3" hai="10,11,36,38,57,58,89,91,94,95,108,109,124,127" machi="109" ten="25,6400,0" yaku="1,1,0,1,22,2,53,0" doraHai="62" doraHaiUra="128" who="1" fromWho="1" sc="240,-32,240,94,250,-16,240,-16" /><INIT seed="1,0,0,4,3,133" ten="208,334,234,224" oya="1" hai0="115,2,47,48,67,3,130,52,82,10,73,102,7" hai1="69,22,70,37,74,44,17,124,91,126,78,9,54" hai2="104,45,97,87,101,5,108,8,61,56,116,25,24" hai3="135,94,6,39,32,27,33,110,85,99,68,28,129"/><U42/><E9/><V121/><F116/><W15/><G135/><T35/><D115/><U62/><E91/><V77/><F121/><W58/><G68/><T75/><D35/><U64/><E54/><V0/><F108/><W34/><G39/><T1/><D130/><U103/><E103/><V84/><F45/><W63/><G110/><T20/><D102/><U21/><E21/><V72/><F72/><W93/><G129/><T132/><D132/><U13/><REACH who="1" step="1"/><E69/><REACH who="1" ten="208,324,234,224" step="2"/><V4/><F77/><W98/><G34/><T92/><D20/><U89/><E89/><V30/><F8/><W113/><G33/><T55/><D55/><U131/><E131/><V18/><F101/><W134/><G134/><T81/><D92/><U106/><E106/><V128/><F104/><W53/><G94/><T43/><D10/><U119/><E119/><V50/><F128/><W11/><G113/><T16/><D52/><U96/><E96/><V76/><F97/><W23/><G32/><T83/><D7/><U26/><E26/><V125/><F76/><W100/><G100/><T109/><D109/><U65/><E65/><V59/><F0/><W112/><G112/><T88/><D67/><U95/><E95/><V46/><F5/><W38/><G93/><T14/><D88/><U123/><E123/><V117/><F4/><W31/><G98/><T105/><D105/><U49/><E49/><V60/><F50/><W122/><G99/><T114/><D114/><U127/><E127/><V79/><F125/><W120/><G122/><T51/><D51/><U118/><E118/><V66/><F117/><RYUUKYOKU ba="0,1" sc="208,15,324,15,234,-15,224,-15" hai0="1,2,3,14,16,43,47,48,73,75,81,82,83" hai1="13,17,22,37,42,44,62,64,70,74,78,124,126" /><INIT seed="1,1,1,0,2,104" ten="223,339,219,209" oya="1" hai0="116,23,12,128,38,114,108,122,62,45,132,52,82" hai1="115,48,56,92,18,29,87,135,118,113,34,53,64" hai2="76,11,134,110,59,2,103,49,16,121,17,4,126" hai3="25,43,86,130,117,60,133,27,3,51,13,101,15"/><U55/><E118/><V112/><F121/><W33/><G3/><T22/><D116/><U28/><E135/><V63/><F134/><W40/><G117/><T88/><D114/><U0/><E0/><V74/><F112/><W21/><G133/><T98/><D132/><U102/><E34/><V42/><F126/><W68/><G130/><T81/><D128/><U90/><E64/><V47/><F110/><W79/><G33/><T46/><D108/><U69/><E69/><V125/><F125/><W39/><G39/><T78/><D82/><U120/><E120/><V19/><F103/><W96/><G27/><T70/><D70/><U73/><E73/><V100/><F100/><W93/><G68/><T5/><D38/><U44/><E102/><V89/><F89/><W97/><G97/><T84/><D122/><U95/><E115/><V41/><F41/><N who="3" m="15947" /><G51/><T35/><D35/><U65/><E65/><V24/><F24/><W83/><G60/><T66/><D66/><U91/><E18/><AGARI ba="1,1" hai="13,15,18,21,25,79,83,86,93,96,101" m="15947" machi="18" ten="30,1000,0" yaku="8,1" doraHai="104" who="3" fromWho="1" sc="223,0,339,-13,219,0,209,23" /><INIT seed="2,0,0,4,3,115" ten="223,326,219,232" oya="2" hai0="95,26,64,60,17,43,10,94,69,24,1,21,35" hai1="46,116,63,73,81,82,48,103,125,71,20,117,105" hai2="34,135,79,47,42,128,98,129,12,124,68,7,11" hai3="122,55,8,112,39,107,61,2,101,14,33,104,97"/><V66/><F79/><W119/><G122/><T93/><D43/><U50/><E125/><V25/><F124/><W0/><G112/><T23/><D1/><U96/><E20/><V67/><F68/><W13/><G39/><T4/><D35/><U45/><E71/><V133/><F98/><W27/><G107/><T3/><REACH who="0" step="1"/><D95/><REACH who="0" ten="213,326,219,232" step="2"/><U62/><E73/><V88/><F34/><W126/><G126/><T109/><D109/><U114/><E114/><V9/><F25/><W29/><G14/><T53/><D53/><U65/><E65/><V36/><F66/><W84/><G0/><T87/><D87/><U72/><E72/><V54/><F67/><W59/><G2/><T86/><D86/><U16/><E105/><V123/><F123/><W78/><G84/><T113/><D113/><U52/><E96/><V31/><F54/><W57/><G78/><T70/><D70/><U121/><E121/><V75/><F75/><W130/><G130/><T90/><D90/><U102/><E52/><V49/><F88/><W19/><REACH who="3" step="1"/><G59/><REACH who="3" ten="213,326,219,222" step="2"/><T89/><D89/><U120/><E120/><V134/><F129/><W15/><G15/><T30/><AGARI ba="0,2" hai="3,4,10,17,21,23,24,26,30,60,64,69,93,94" machi="30" ten="20,2700,0" yaku="1,1,0,1,7,1,53,0" doraHai="115" doraHaiUra="100" who="0" fromWho="0" sc="213,47,326,-7,219,-13,222,-7" /><INIT seed="3,0,0,5,5,94" ten="260,319,206,215" oya="3" hai0="42,80,40,106,13,11,15,130,20,26,1,37,71" hai1="133,8,60,6,48,4,39,99,85,74,25,14,57" hai2="18,124,109,97,95,117,5,29,3,102,22,103,118" hai3="7,122,121,79,31,78,88,72,0,119,92,47,16"/><W101/><G119/><T75/><D71/><U120/><E74/><V98/><F124/><W110/><G31/><T81/><D106/><U66/><E39/><V69/><F69/><W68/><G68/><T135/><D135/><U56/><E120/><V62/><F109/><W105/><G78/><T112/><D112/><U89/><E133/><V44/><F29/><W46/><G46/><T21/><D130/><U52/><E25/><V127/><F127/><W108/><G47/><T49/><D37/><U107/><E107/><V33/><F33/><W70/><G70/><T87/><D75/><U19/><REACH who="1" step="1"/><E99/><REACH who="1" ten="260,309,206,215" step="2"/><V32/><F118/><W2/><G122/><T86/><D26/><U30/><E30/><V58/><F117/><W35/><G121/><T126/><D126/><U83/><AGARI ba="0,1" hai="4,6,8,14,19,48,52,56,57,60,66,83,85,89" machi="83" ten="20,8000,1" yaku="1,1,0,1,7,1,8,1,54,1,53,0" doraHai="94" doraHaiUra="38" who="1" fromWho="1" sc="260,-20,309,90,206,-20,215,-40" /><INIT seed="4,0,0,0,4,30" ten="240,399,186,175" oya="0" hai0="94,19,107,4,14,103,12,63,3,76,98,134,70" hai1="108,44,62,65,26,23,112,47,15,111,117,82,10" hai2="120,36,6,101,92,118,18,87,64,130,59,7,50" hai3="135,95,16,41,24,74,123,81,131,77,60,79,28"/><T8/><D76/><U5/><E117/><V80/><F118/><W33/><G135/><T49/><D134/><U105/><E105/><V93/><F120/><W22/><G131/><T119/><D119/><U31/><E112/><V1/><F130/><W83/><G123/><T25/><D49/><U109/><REACH who="1" step="1"/><E82/><REACH who="1" ten="240,389,186,175" step="2"/><V61/><F1/><W106/><G106/><T55/><D107/><U21/><E21/><V88/><F36/><W129/><G129/><T100/><D70/><AGARI ba="0,1" hai="5,10,15,23,26,31,44,47,62,65,70,108,109,111" machi="70" ten="40,1300,0" yaku="1,1,53,0" doraHai="30" doraHaiUra="46" who="1" fromWho="0" sc="240,-13,389,23,186,0,175,0" /><INIT seed="5,0,0,5,4,4" ten="227,412,186,175" oya="1" hai0="80,135,82,52,49,77,8,11,5,36,123,68,43" hai1="98,117,44,78,71,104,20,75,81,85,47,2,38" hai2="87,76,126,56,54,128,41,96,129,106,93,134,31" hai3="59,121,70,99,107,125,10,115,45,9,116,108,6"/><U12/><E117/><V16/><F41/><W73/><G99/><T91/><D68/><U42/><E71/><V97/><F31/><W28/><G28/><T55/><D123/><U23/><E2/><V109/><F109/><W19/><G121/><T124/><D124/><U30/><E30/><V62/><F126/><W33/><G107/><T113/><D113/><U122/><E122/><V22/><F134/><W26/><G73/><T46/><D135/><U133/><E133/><V72/><F72/><W64/><G108/><T0/><D91/><U69/><E69/><V48/><F106/><W119/><G125/><T21/><D21/><U79/><E47/><V29/><F29/><N who="3" m="19639" /><G70/><T65/><D65/><U84/><E79/><V94/><F62/><N who="3" m="37983" /><G115/><T25/><D25/><U114/><E114/><V74/><F74/><W61/><G61/><T1/><D77/><U89/><E12/><N who="2" m="9479" /><F76/><W66/><G66/><T32/><D32/><U110/><E110/><V3/><F3/><W112/><G112/><T95/><D95/><N who="1" m="54695" /><E85/><V86/><F94/><W63/><G6/><T53/><D36/><U57/><E57/><V60/><F87/><W105/><G105/><T111/><D111/><U18/><E18/><V130/><F60/><W35/><G35/><T132/><D132/><U88/><E88/><AGARI ba="0,0" hai="48,54,56,86,88,93,96,97,128,129,130" m="9479" machi="88" ten="30,7700,0" yaku="25,1,19,1,54,2" doraHai="4" who="2" fromWho="1" sc="227,0,412,-77,186,77,175,0" /><INIT seed="6,0,0,4,1,88" ten="227,335,263,175" oya="2" hai0="78,127,12,117,82,77,55,57,126,103,80,18,109" hai1="135,84,23,93,56,87,14,17,68,99,16,92,59" hai2="21,105,72,7,45,94,123,81,66,48,122,90,67" hai3="51,47,2,28,60,129,86,116,42,76,37,100,133"/><V10/><F105/><W101/><G2/><T36/><D36/><U130/><E68/><V98/><F122/><W29/><G116/><T27/><D117/><U73/><E73/><V0/><F123/><W33/><G133/><T106/><D109/><U32/><E32/><V25/><F72/><W22/><G129/><T9/><D27/><N who="1" m="14823" /><E130/><V71/><F81/><N who="3" m="47399" /><G33/><T41/><D41/><U54/><E135/><V69/><F71/><W34/><G34/><T118/><D118/><U85/><E99/><V128/><F69/><W115/><G115/><T107/><D103/><U113/><E113/><V95/><F128/><W58/><G37/><T104/><D77/><U63/><E59/><V39/><F39/><W38/><G38/><T132/><D78/><U75/><E75/><V19/><F95/><W15/><G28/><T74/><D74/><U119/><E119/><V49/><REACH who="2" step="1"/><F49/><REACH who="2" ten="227,335,253,175" step="2"/><W112/><G112/><T24/><D132/><U62/><E62/><V20/><F20/><AGARI ba="0,1" hai="14,17,20,54,56,63,84,85,87,92,93" m="14823" machi="20" ten="30,7700,0" yaku="8,1,52,2,54,1" doraHai="88" who="1" fromWho="2" sc="227,0,335,87,253,-77,175,0" /><INIT seed="7,0,0,0,1,73" ten="227,422,176,175" oya="3" hai0="13,16,50,32,125,21,55,132,121,80,72,68,49" hai1="104,131,59,40,24,117,60,126,1,29,19,48,76" hai2="30,3,63,118,101,95,97,17,51,99,6,56,12" hai3="77,110,70,108,89,4,39,84,113,88,100,65,46"/><W75/><G113/><T44/><D32/><U7/><E104/><V120/><F118/><W124/><G124/><T106/><D106/><U2/><E117/><V78/><F120/><W42/><G65/><T79/><D68/><U91/><E91/><V57/><F30/><W111/><G70/><T58/><D125/><U129/><E19/><V128/><F128/><W43/><G43/><T105/><D105/><U112/><E112/><V22/><F6/><W15/><G100/><T71/><D71/><U41/><E126/><V96/><F3/><W28/><G28/><T74/><D132/><U37/><E76/><V103/><F103/><W54/><G54/><T0/><D0/><U61/><E37/><V69/><F69/><W14/><G14/><T93/><D93/><U52/><E7/><V34/><F34/><W82/><G84/><T90/><D90/><U18/><E18/><V127/><F127/><W81/><G81/><T133/><D133/><U67/><E2/><V26/><F12/><W83/><G83/><T33/><D33/><U5/><E5/><V107/><F107/><W122/><G122/><T123/><D74/><U38/><E1/><V64/><F78/><W11/><AGARI ba="0,0" hai="4,11,15,39,42,46,75,77,82,88,89,108,110,111" machi="11" ten="40,12000,1" yaku="0,1,10,1,52,1,54,1" doraHai="73" who="3" fromWho="3" sc="227,-40,422,-40,176,-40,175,120" /><INIT seed="7,1,0,3,3,126" ten="187,382,136,295" oya="3" hai0="110,90,42,91,95,10,60,8,86,65,94,123,9" hai1="52,4,16,104,107,19,106,3,28,12,135,27,30" hai2="58,125,11,56,132,111,54,93,57,88,17,21,128" hai3="109,18,6,77,34,78,66,37,63,74,69,98,53"/><W47/><G34/><T2/><D123/><U92/><E135/><V113/><F111/><W44/><G109/><T133/><D133/><U40/><E40/><V33/><F132/><W32/><G32/><T25/><D110/><U89/><E3/><V50/><F125/><W118/><G118/><T43/><D25/><U48/><E4/><V71/><F33/><W102/><G6/><T85/><REACH who="0" step="1"/><D2/><REACH who="0" ten="177,382,136,295" step="2"/><U13/><E27/><V15/><F113/><W59/><G74/><T29/><D29/><U83/><E28/><V116/><F116/><W26/><G26/><T51/><D51/><U121/><E30/><V39/><F39/><W130/><G37/><T49/><D49/><U14/><E121/><V41/><F128/><W122/><G130/><T62/><D62/><U79/><E48/><V105/><F105/><W134/><G134/><T67/><D67/><U84/><E84/><V108/><F108/><W73/><G122/><T7/><D7/><U112/><E112/><V31/><F41/><W87/><G73/><T114/><D114/><U115/><E115/><V36/><F36/><W124/><G87/><T75/><D75/><U38/><E38/><V81/><F71/><W64/><G64/><T55/><D55/><U1/><E52/><V99/><REACH who="2" step="1"/><F81/><REACH who="2" ten="177,382,126,295" step="2"/><W46/><G69/><T100/><D100/><U119/><E83/><V61/><F61/><W0/><G63/><T80/><D80/><U76/><E119/><V131/><F131/><W127/><G124/><T72/><D72/><U20/><E1/><V82/><F82/><W45/><G0/><T22/><D22/><RYUUKYOKU ba="1,2" sc="177,15,382,-15,126,15,295,-15" hai0="8,9,10,42,43,60,65,85,86,90,91,94,95" hai2="11,15,17,21,31,50,54,56,57,58,88,93,99" owari="192,-21.0,387,49.0,141,-36.0,280,8.0" /></mjloggm>