<mjloggm ver="2.3"><GO type="169" lobby="0"/><UN n0="%E3%83%92%E3%83%84%E3%83%AB%E3%82%B9%E3%83%9A%E3%83%AB%E3%82%AC%E3%83%BC" n1="%E3%81%A8%E3%82%82%E3%81%8D%E3%82%85%E3%82%93%E2%99%AA" n2="%E3%83%88%E3%83%88%E3%83%AA%E5%85%88%E7%94%9F%31%39%E6%AD%B3" n3="%E3%82%80%E3%81%99%E3%82%93%E3%81%A7%E3%81%B2%E3%82%89%E3%81%84%E3%81%A6" dan="16,16,18,16" rate="2124.58,2041.46,2233.75,2090.15" sx="M,F,F,M"/><TAIKYOKU oya="0"/><INIT seed="0,0,0,3,2,27" ten="250,250,250,250" oya="0" hai0="119,78,18,56,5,88,118,28,130,15,35,10,26" hai1="41,82,14,39,11,128,2,96,33,108,120,22,67" hai2="63,21,6,114,115,134,62,94,13,47,106,51,98" hai3="49,19,31,23,16,104,73,124,58,110,65,103,20"/><T60/><D78/><U91/><E120/><V69/><F106/><W40/><G73/><T54/><D130/><U52/><E128/><V117/><F134/><W55/><G110/><T112/><D112/><U107/><E33/><V64/><F63/><W30/><G124/><T76/><D76/><U53/><E67/><V72/><F72/><W42/><G65/><T46/><D46/><U85/><E2/><V87/><F87/><W132/><G132/><T84/><REACH who="0" step="1"/><D5/><REACH who="0" ten="240,250,250,250" step="2"/><U45/><E108/><V0/><F6/><W93/><G104/><T32/><D32/><U74/><E74/><V99/><F115/><W71/><G71/><T135/><D135/><U83/><E107/><V70/><F47/><W43/><G43/><T48/><D48/><U4/><E96/><V9/><F98/><N who="3" m="59855" /><G42/><T24/><D24/><U37/><E37/><V8/><F114/><W34/><G40/><T127/><D127/><U75/><E75/><V79/><F70/><W129/><G34/><T123/><D123/><U86/><REACH who="1" step="1"/><E22/><REACH who="1" ten="240,240,250,250" step="2"/><V25/><F21/><W122/><G129/><T116/><D116/><U77/><AGARI ba="0,2" hai="4,11,14,39,41,45,52,53,77,82,83,85,86,91" machi="77" ten="20,8000,1" yaku="1,1,2,1,0,1,7,1,54,1,53,0" doraHai="27" doraHaiUra="12" who="1" fromWho="1" sc="240,-40,240,100,250,-20,250,-20" /><INIT seed="1,0,0,5,1,16" ten="200,340,230,230" oya="1" hai0="17,93,119,11,43,38,84,14,63,81,40,20,127" hai1="3,80,48,101,41,30,102,112,134,74,36,24,72" hai2="51,23,114,90,131,55,123,42,106,46,99,89,75" hai3="98,62,79,49,100,109,5,82,64,96,13,124,69"/><U85/><E134/><V71/><F123/><W76/><G109/><T83/><D119/><U34/><E112/><V117/><F117/><W113/><G113/><T15/><D15/><U132/><BYE who="0" /><E36/><V70/><F75/><W107/><G124/><T37/><D37/><U87/><E3/><V104/><F114/><W88/><G49/><T18/><D18/><U68/><E132/><V33/><F33/><W111/><G111/><T50/><D50/><U78/><E68/><V129/><F70/><W60/><G60/><T47/><D47/><U97/><E85/><V10/><F71/><UN n0="%E3%83%92%E3%83%84%E3%83%AB%E3%82%B9%E3%83%9A%E3%83%AB%E3%82%AC%E3%83%BC" /><W44/><G44/><T92/><D127/><U58/><E102/><V4/><F42/><W61/><G61/><T7/><D38/><U25/><E25/><V77/><F77/><W73/><G79/><N who="0" m="46143" /><D83/><U130/><E130/><N who="2" m="49675" /><F99/><W2/><G2/><T135/><D63/><U6/><E6/><V54/><F54/><W45/><G45/><T116/><D116/><U53/><E41/><N who="0" m="15945" /><D135/><U91/><E78/><V12/><F104/><AGARI ba="0,0" hai="24,30,34,48,53,58,72,74,80,87,91,97,101,104" machi="104" ten="30,1500,0" yaku="7,1" doraHai="16" who="1" fromWho="2" sc="200,0,340,15,230,-15,230,0" /><INIT seed="1,1,0,3,0,23" ten="200,355,215,230" oya="1" hai0="125,72,133,97,98,34,77,16,123,119,35,69,5" hai1="132,91,2,104,27,12,33,14,106,6,40,13,99" hai2="41,37,126,100,135,51,71,121,62,76,114,11,109" hai3="45,48,59,131,63,25,130,58,73,66,108,85,79"/><U94/><E132/><V1/><F121/><W60/><G73/><T67/><D123/><U75/><E75/><V0/><F37/><W44/><G79/><T110/><D119/><U29/><REACH who="1" step="1"/><E40/><REACH who="1" ten="200,345,215,230" step="2"/><V88/><F41/><W7/><G131/><T20/><D77/><U56/><E56/><V15/><F76/><W122/><G59/><T32/><D72/><U113/><E113/><V112/><F135/><W30/><G58/><T47/><D133/><U82/><E82/><V111/><F114/><W42/><G42/><T17/><D69/><U92/><E92/><V65/><F112/><W3/><G130/><T4/><D47/><U8/><AGARI ba="1,1" hai="2,6,8,12,13,14,27,29,33,91,94,99,104,106" machi="8" ten="30,12000,1" yaku="1,1,0,1,52,1,53,2" doraHai="23" doraHaiUra="101" who="1" fromWho="1" sc="200,-41,345,133,215,-41,230,-41" /><INIT seed="1,2,0,1,4,70" ten="159,478,174,189" oya="1" hai0="100,40,84,133,102,74,3,48,109,72,89,11,78" hai1="15,60,21,2,97,80,131,64,47,17,87,93,51" hai2="36,124,59,82,73,9,130,91,39,37,31,10,32" hai3="101,116,58,57,0,118,61,126,43,56,23,99,33"/><U104/><E104/><V67/><F130/><W127/><G33/><T112/><D112/><U44/><E2/><V79/><F124/><N who="3" m="47659" /><G0/><T18/><D109/><U66/><E131/><V105/><F105/><N who="3" m="63679" /><G23/><T24/><D133/><U12/><E12/><V75/><F75/><W65/><G43/><T22/><D78/><U13/><E13/><V96/><F67/><W128/><G128/><T98/><D3/><U68/><E51/><V49/><F59/><AGARI ba="2,0" hai="56,57,58,59,61,65,116,118" m="63679,47659" machi="59" ten="30,1000,0" yaku="18,1" doraHai="70" who="3" fromWho="2" sc="159,0,478,0,174,-16,189,16" /><INIT seed="2,0,0,3,4,32" ten="159,478,158,205" oya="2" hai0="43,118,31,42,86,94,2,126,114,7,60,111,98" hai1="67,81,37,75,123,24,35,116,97,104,23,99,57" hai2="18,112,58,26,90,62,16,131,91,102,17,39,13" hai3="73,129,20,47,28,15,41,125,84,48,109,54,128"/><V1/><F112/><W56/><G73/><T78/><D114/><U82/><E37/><V100/><F1/><W69/><G69/><T27/><D111/><U71/><E71/><V38/><F131/><N who="3" m="50251" /><G109/><T72/><D72/><U49/><E35/><V121/><F121/><W61/><G125/><T14/><D126/><U59/><E116/><V53/><F38/><W89/><G15/><T130/><D118/><U101/><E97/><V0/><F0/><W9/><G9/><T108/><D108/><U92/><E104/><V77/><F39/><W64/><G20/><T4/><D4/><U55/><E75/><V122/><F122/><W10/><G10/><T21/><D2/><U134/><E134/><V87/><F26/><W96/><G28/><T45/><D60/><N who="1" m="38303" /><E123/><V88/><REACH who="2" step="1"/><F13/><REACH who="2" ten="159,478,148,205" step="2"/><W133/><G133/><T5/><D14/><U6/><E6/><V110/><F110/><W52/><G96/><T132/><D130/><U36/><E36/><V63/><F63/><W40/><G64/><T105/><D132/><U70/><E24/><V85/><F85/><W120/><G120/><T34/><D7/><U68/><E49/><V22/><F22/><W46/><G61/><T103/><D5/><U80/><E23/><V25/><F25/><W107/><G84/><T19/><D34/><U95/><E99/><V83/><AGARI ba="0,1" hai="16,17,18,53,58,62,77,83,87,88,90,91,100,102" machi="83" ten="40,12000,1" yaku="1,1,0,1,8,1,54,2,53,0" doraHai="32" doraHaiUra="33" who="2" fromWho="2" sc="159,-40,478,-40,148,130,205,-40" /><INIT seed="2,1,0,1,2,98" ten="119,438,278,165" oya="2" hai0="74,53,90,108,85,114,46,7,57,61,119,102,37" hai1="72,88,29,80,82,129,121,0,19,69,99,93,15" hai2="125,115,35,71,117,24,124,109,44,81,47,86,17" hai3="14,91,22,131,67,68,120,84,70,63,133,32,40"/><V110/><F71/><W12/><G120/><T126/><D114/><U38/><E0/><V118/><F115/><W134/><G32/><T87/><D74/><U65/><E121/><V58/><F35/><W123/><G123/><T45/><D108/><N who="2" m="41578" /><F24/><W34/><G34/><T135/><D126/><N who="2" m="48746" /><F17/><W59/><G70/><T23/><D135/><U104/><E29/><V112/><F58/><W66/><G59/><T79/><D7/><U75/><E69/><V127/><F112/><W33/><G33/><T3/><D3/><U6/><E65/><V78/><F127/><W52/><G67/><T5/><D5/><U11/><E129/><V49/><F47/><W111/><G68/><T21/><D46/><U30/><E30/><V56/><F56/><W18/><G18/><T4/><D45/><U76/><E19/><V132/><F132/><W77/><G134/><T39/><D57/><U96/><E38/><V73/><F73/><W43/><G133/><T107/><D39/><U2/><E72/><V97/><F97/><W51/><G131/><T130/><D37/><U50/><E96/><V31/><F31/><W92/><G111/><T113/><D130/><U16/><E16/><V42/><AGARI ba="1,0" hai="42,44,49,78,81,86,117,118" m="48746,41578" machi="42" ten="30,6000,0" yaku="14,1,10,1,18,1" doraHai="98" who="2" fromWho="2" sc="119,-21,438,-21,278,63,165,-21" /><INIT seed="2,2,0,3,0,89" ten="98,417,341,144" oya="2" hai0="22,103,38,69,113,87,125,127,80,57,10,43,132" hai1="65,26,61,88,47,25,117,100,62,30,49,66,17" hai2="98,7,75,55,130,68,119,51,99,95,109,37,122" hai3="29,120,84,19,93,72,50,59,108,56,73,53,94"/><V115/><F115/><W121/><G108/><T82/><D69/><U33/><E117/><V35/><F119/><W5/><G5/><T96/><D113/><U15/><E100/><V16/><F122/><W45/><G29/><T78/><D132/><U110/><E110/><V12/><F35/><W114/><G114/><T54/><D10/><U58/><E25/><V36/><F68/><W105/><G105/><T14/><D80/><U42/><E88/><N who="2" m="55655" /><F75/><W60/><G59/><T116/><D116/><U11/><E62/><V24/><F37/><W79/><G72/><T40/><D38/><U74/><E74/><V18/><F36/><W20/><G73/><T13/><D43/><U63/><E63/><V101/><F130/><W44/><G121/><T48/><D40/><U64/><AGARI ba="2,0" hai="11,15,17,26,30,33,42,47,49,58,61,64,65,66" machi="64" ten="20,1500,0" yaku="0,1,7,1" doraHai="89" who="1" fromWho="1" sc="98,-6,417,21,341,-9,144,-6" /><INIT seed="3,0,0,0,1,116" ten="92,438,332,138" oya="3" hai0="35,4,13,46,99,27,94,81,122,70,37,120,111" hai1="109,55,92,82,47,63,125,3,44,18,100,31,39" hai2="130,103,9,127,57,15,36,108,71,33,73,106,129" hai3="6,20,84,126,85,112,68,60,121,41,72,38,96"/><W86/><G72/><T49/><D37/><U64/><E109/><V62/><F33/><W23/><G112/><T113/><D70/><U45/><E3/><V43/><F73/><W69/><G121/><T51/><D111/><U131/><E39/><V30/><F30/><W40/><G126/><T25/><D81/><U124/><E131/><N who="2" m="50187" /><F108/><W52/><G6/><T104/><D104/><U32/><E82/><V79/><F79/><W19/><G96/><T24/><D35/><U17/><E55/><V11/><F71/><W0/><G0/><T42/><D113/><U16/><E32/><V56/><F127/><W105/><G105/><T133/><D133/><U10/><E31/><V107/><F57/><N who="3" m="34855" /><G68/><T97/><D51/><U22/><E10/><N who="2" m="3595" /><F15/><N who="3" m="9343" /><G69/><T77/><D13/><U128/><E128/><V98/><F98/><W118/><G118/><T65/><D4/><U110/><E110/><V93/><F107/><W2/><G2/><T75/><D99/><N who="1" m="59495" /><E125/><V1/><F106/><W134/><G134/><T74/><D75/><U12/><E124/><V29/><F1/><W91/><G38/><T102/><D74/><U132/><E132/><V59/><F103/><W135/><G135/><T123/><REACH who="0" step="1"/><D77/><REACH who="0" ten="82,438,332,138" step="2"/><U95/><E95/><V83/><F36/><W5/><G5/><T48/><D48/><U67/><E12/><V119/><F93/><W21/><G91/><T8/><D8/><U34/><E34/><V115/><F115/><W54/><G21/><T58/><D58/><N who="1" m="36983" /><E22/><V14/><F119/><W50/><G23/><T80/><D80/><U7/><E7/><V28/><F83/><RYUUKYOKU ba="0,1" sc="82,10,438,10,332,-30,138,10" hai0="24,25,27,42,46,49,65,94,97,102,120,122,123" hai1="16,17,18,44,45,47,67" hai3="40,41,50,54,84,85,86" /><INIT seed="3,1,1,2,4,93" ten="92,448,302,148" oya="3" hai0="6,86,90,59,135,73,119,5,95,27,51,29,28" hai1="92,104,18,50,60,81,114,25,31,9,76,91,97" hai2="122,131,34,55,123,118,66,52,75,117,56,22,40" hai3="115,132,88,79,38,127,42,13,53,96,8,106,46"/><W105/><G115/><T26/><D73/><U49/><E114/><V85/><F75/><W121/><G121/><N who="2" m="46089" /><F34/><W4/><G132/><T45/><D135/><U120/><E120/><V126/><F85/><W1/><G127/><T102/><D102/><U65/><E104/><V41/><F22/><W0/><G79/><T24/><D59/><U57/><E18/><V33/><F33/><W10/><G53/><N who="2" m="20553" /><F131/><W11/><G11/><T2/><D119/><N who="2" m="45578" /><F126/><W16/><REACH who="3" step="1"/><G1/><REACH who="3" ten="92,448,302,138" step="2"/><T110/><D2/><U72/><E9/><V48/><F48/><W30/><G30/><N who="0" m="11883" /><D110/><U7/><E7/><V107/><F107/><W23/><G23/><AGARI ba="1,2" hai="23,25,31,49,50,57,60,65,72,76,81,91,92,97" machi="23" ten="30,2000,0" yaku="7,1,52,1" doraHai="93" who="1" fromWho="3" sc="92,0,448,43,302,0,138,-23" /><INIT seed="4,0,0,1,1,126" ten="92,491,302,115" oya="0" hai0="58,10,88,1,65,76,79,90,39,114,69,28,22" hai1="71,118,81,91,73,116,127,117,38,120,122,72,48" hai2="44,45,85,75,84,41,109,43,50,62,128,9,105" hai3="2,108,86,12,110,64,24,113,135,18,14,35,133"/><T123/><D123/><U66/><E48/><N who="2" m="26639" /><F128/><W103/><G64/><T134/><D69/><U40/><E91/><V77/><F105/><W15/><G103/><T102/><D39/><U46/><E127/><V7/><F75/><N who="1" m="28745" /><E81/><N who="2" m="47151" /><F109/><N who="3" m="42091" /><G86/><T20/><D114/><U51/><E51/><V25/><F85/><W55/><G55/><T92/><D134/><N who="3" m="51209" /><G113/><T5/><D102/><U107/><E107/><V61/><F25/><W23/><G2/><T87/><D90/><U52/><E52/><V42/><F42/><W129/><G129/><T119/><D119/><U59/><E59/><V32/><F32/><AGARI ba="0,0" hai="12,14,15,18,23,24,32,35" m="51209,42091" machi="32" ten="40,5200,0" yaku="20,1,34,2" doraHai="126" who="3" fromWho="2" sc="92,0,491,0,302,-52,115,52" /><INIT seed="5,0,0,2,0,53" ten="92,491,250,167" oya="1" hai0="14,118,46,54,68,90,132,101,86,49,22,111,64" hai1="69,127,121,58,63,89,7,42,25,72,2,102,38" hai2="117,60,97,71,13,82,12,122,106,84,83,105,52" hai3="24,67,43,123,93,131,110,77,76,18,70,1,114"/><U36/><E127/><V73/><F117/><W81/><G110/><T62/><D111/><U124/><E69/><V92/><F122/><W112/><G123/><T11/><D118/><U98/><E42/><V0/><F0/><W55/><G1/><T35/><D35/><U87/><E72/><V94/><F71/><W57/><G43/><T125/><D125/><U75/><E75/><V78/><F106/><W17/><G131/><T45/><D132/><U108/><E25/><V80/><F105/><W34/><G67/><T31/><D101/><U30/><E30/><V129/><F129/><W50/><G70/><T10/><D46/><U28/><E28/><V47/><F92/><W5/><G5/><T56/><D68/><U44/><E44/><V119/><F119/><W29/><G93/><T104/><D104/><U4/><E2/><V23/><F73/><N who="3" m="43151" /><G77/><T16/><D31/><U128/><E128/><V3/><F3/><W135/><G135/><T96/><D96/><U115/><E121/><V8/><F23/><W120/><G120/><T19/><D19/><U103/><E124/><V33/><F33/><W41/><G41/><T15/><D15/><N who="2" m="5706" /><F8/><W61/><G17/><T116/><D116/><U40/><E108/><V59/><F47/><N who="3" m="28127" /><G18/><T39/><D39/><U126/><E38/><V95/><F95/><AGARI ba="0,0" hai="10,11,14,16,22,45,49,54,56,62,64,86,90,95" machi="95" ten="30,7700,0" yaku="7,1,8,1,52,1,54,1" doraHai="53" who="0" fromWho="2" sc="92,77,491,0,250,-77,167,0" /><INIT seed="6,0,0,4,4,27" ten="169,491,173,167" oya="2" hai0="79,5,76,110,34,107,94,88,22,74,81,36,61" hai1="67,135,77,85,17,117,33,2,9,55,91,105,84" hai2="45,106,20,129,112,70,121,131,26,125,18,109,6" hai3="25,19,89,75,93,12,118,57,115,64,134,83,28"/><V31/><F121/><W114/><G118/><T63/><D34/><U58/><E117/><V54/><F106/><W7/><G134/><T113/><D110/><U96/><E33/><V97/><F70/><W32/><G7/><T71/><D79/><U62/><E135/><V44/><F109/><W82/><G64/><T39/><D5/><U132/><E132/><V53/><F112/><N who="3" m="43051" /><G57/><T30/><D107/><U14/><E2/><V130/><F125/><W4/><G4/><T119/><D119/><U120/><E77/><V37/><F97/><N who="3" m="57519" /><G75/><T122/><D122/><U66/><E105/><V52/><F37/><W49/><G49/><T124/><D124/><U102/><E102/><V127/><F127/><W87/><G87/><N who="1" m="33354" /><E120/><V3/><F18/><W111/><G111/><T21/><D113/><U11/><E11/><AGARI ba="0,0" hai="3,6,11,20,26,31,44,45,52,53,54,129,130,131" machi="11" ten="50,9600,0" yaku="19,1,52,1,54,1" doraHai="27" who="2" fromWho="1" sc="169,0,491,-96,173,96,167,0" /><AGARI ba="0,0" hai="11,12,19,25,28,32,82,83" m="57519,43051" machi="11" ten="30,3900,0" yaku="15,1,11,1,52,1" doraHai="27" who="3" fromWho="1" sc="169,0,395,-39,269,0,167,39" /><INIT seed="6,1,0,3,4,93" ten="169,356,269,206" oya="2" hai0="85,122,6,3,47,7,125,40,56,29,84,127,42" hai1="38,21,32,51,17,45,46,124,62,135,96,131,132" hai2="107,41,103,87,130,83,76,37,24,118,88,60,70" hai3="64,22,28,104,57,66,33,61,97,35,90,80,94"/><V1/><F118/><W106/><G66/><T13/><D3/><U58/><E32/><V14/><F1/><W110/><G110/><T95/><D122/><U133/><E124/><V71/><F130/><W72/><G33/><T92/><D56/><U59/><E131/><V0/><F0/><W77/><REACH who="3" step="1"/><G35/><REACH who="3" ten="169,356,269,196" step="2"/><T86/><D29/><U115/><E132/><V65/><F65/><W112/><G112/><T101/><D101/><U53/><E115/><V116/><F71/><W39/><G39/><T16/><D125/><U99/><E38/><V82/><F37/><W102/><G102/><T36/><D127/><U123/><E123/><V134/><F70/><W120/><G120/><T10/><REACH who="0" step="1"/><D40/><REACH who="0" ten="159,356,269,196" step="2"/><U105/><E133/><V63/><F41/><W55/><G55/><T67/><D67/><U108/><E135/><V27/><F103/><W52/><G52/><T9/><D9/><U25/><E108/><V49/><F134/><W18/><G18/><T5/><AGARI ba="1,2" hai="5,6,7,10,13,16,36,42,47,84,85,86,92,95" machi="5" ten="30,4000,0" yaku="1,1,0,1,54,1,53,0" doraHai="93" doraHaiUra="34" who="0" fromWho="0" sc="159,63,356,-11,269,-21,196,-11" /><INIT seed="7,0,0,1,0,53" ten="222,345,248,185" oya="3" hai0="100,51,25,64,118,75,61,86,81,20,76,106,19" hai1="101,103,131,42,97,117,80,134,12,98,91,128,9" hai2="122,95,34,29,129,26,120,46,28,6,88,127,50" hai3="110,44,13,15,109,82,73,121,71,7,56,87,132"/><W54/><G121/><N who="2" m="46697" /><F129/><N who="1" m="49737" /><E134/><V114/><F114/><W94/><G132/><T108/><D108/><N who="3" m="41577" /><G71/><T63/><D118/><U49/><E117/><V47/><F127/><W43/><G94/><T93/><D51/><U123/><E123/><V16/><F6/><W18/><G73/><T113/><D113/><U66/><E66/><V124/><F124/><W30/><G30/><T104/><D63/><U31/><E31/><N who="2" m="19831" /><F46/><W57/><G7/><T38/><D38/><U23/><E23/><V22/><F50/><N who="3" m="26911" /><G54/><T10/><D75/><U17/><E49/><V77/><F47/><W133/><G133/><T62/><D64/><U74/><E42/><V102/><F29/><W41/><G41/><T58/><D106/><U125/><E125/><V40/><F28/><W32/><G32/><T14/><D104/><U79/><E74/><V39/><F40/><W33/><G33/><T27/><D93/><U68/><E68/><V5/><F5/><W2/><G2/><T84/><D100/><U72/><E101/><V85/><F102/><W3/><G3/><T126/><D126/><U135/><E103/><V67/><F39/><W24/><G24/><T11/><D86/><N who="1" m="50631" /><E135/><V116/><F67/><W37/><G37/><T96/><D96/><U35/><E35/><V52/><F116/><W45/><G45/><T89/><D27/><U130/><E130/><V83/><F52/><W90/><G13/><T70/><D25/><U69/><E69/><V60/><F60/><N who="0" m="23146" /><D70/><U8/><E97/><N who="2" m="57575" /><F22/><AGARI ba="0,0" hai="15,18,22,56,57,82,87,90" m="26911,41577" machi="22" ten="30,5800,0" yaku="10,1,52,2" doraHai="53" who="3" fromWho="2" sc="222,0,345,0,248,-58,185,58" /><INIT seed="7,1,0,2,2,127" ten="222,345,190,243" oya="3" hai0="3,101,72,102,97,64,35,0,83,31,42,113,110" hai1="134,130,121,100,96,9,40,21,115,34,16,60,103" hai2="51,18,17,91,109,4,99,126,37,48,131,25,108" hai3="57,93,81,116,66,38,128,111,84,61,44,112,15"/><W46/><G116/><T119/><D119/><U36/><E121/><V133/><F37/><W98/><G112/><T14/><D110/><U45/><E34/><V43/><F126/><W67/><G111/><T24/><D102/><U125/><E130/><V123/><F123/><W117/><G128/><T59/><D113/><U85/><E115/><V47/><F131/><W41/><G15/><T69/><D59/><U79/><E125/><V28/><F109/><W114/><G46/><T63/><D63/><U92/><BYE who="0" /><E9/><V32/><F108/><W27/><G27/><T70/><D70/><U80/><E134/><V106/><F133/><W8/><G8/><T74/><D74/><U87/><E60/><V33/><F33/><W5/><G5/><T55/><D55/><U132/><E132/><V26/><F4/><W39/><G117/><T88/><D88/><U104/><E104/><V77/><F77/><W105/><G105/><T30/><D30/><U122/><E122/><UN n0="%E3%83%92%E3%83%84%E3%83%AB%E3%82%B9%E3%83%9A%E3%83%AB%E3%82%AC%E3%83%BC" /><V118/><F118/><W71/><G71/><T107/><D14/><U75/><E103/><V23/><F51/><W94/><G114/><T52/><D42/><U12/><AGARI ba="1,0" hai="12,16,21,36,40,45,75,79,80,85,87,92,96,100" machi="12" ten="20,2700,0" yaku="0,1,7,1,54,1" doraHai="127" who="1" fromWho="1" sc="222,-8,345,30,190,-8,243,-14" owari="214,-19.0,375,48.0,182,-32.0,229,3.0" /></mjloggm>