<mjloggm ver="2.3"><GO type="169" lobby="0"/><UN n0="%E3%81%8B%E3%81%AB%E3%83%9E%E3%82%B8%E3%83%B3" n1="%E3%83%8B%E3%83%A3%E3%83%83%E3%83%94%E3%83%BC%E5%A4%8F%E7%9B%AE" n2="%43%2D%E3%83%93%E3%83%83%E3%82%AF" n3="%E3%83%88%E3%83%88%E3%83%AA%E5%85%88%E7%94%9F%31%39%E6%AD%B3" dan="17,19,16,18" rate="2177.01,2243.64,2112.90,2278.39" sx="M,M,M,F"/><TAIKYOKU oya="0"/><INIT seed="0,0,0,1,0,69" ten="250,250,250,250" oya="0" hai0="28,89,45,90,65,79,120,115,52,104,47,80,20" hai1="77,100,43,72,48,122,92,112,123,75,24,9,32" hai2="57,86,113,66,93,134,54,34,39,5,133,125,23" hai3="7,13,135,21,85,130,41,4,53,67,30,25,109"/><T84/><D120/><U12/><E112/><V0/><F34/><W14/><G130/><T83/><D115/><U107/><E107/><V58/><F113/><W103/><G135/><T64/><D104/><U99/><E75/><V62/><F125/><W51/><G109/><T97/><D47/><U71/><E71/><V16/><F5/><N who="3" m="2123" /><G41/><T119/><D119/><U11/><E11/><V70/><F0/><W131/><G67/><T17/><D28/><U3/><E3/><V74/><F74/><W116/><G116/><T40/><D97/><U105/><E105/><V49/><F70/><W102/><G85/><N who="0" m="50367" /><D79/><U26/><E77/><V94/><F39/><W27/><G27/><N who="1" m="10282" /><E32/><V55/><F66/><W59/><G131/><T114/><D40/><U15/><E72/><V73/><F73/><W111/><G111/><T18/><D114/><U44/><E123/><V8/><F8/><W91/><G91/><T127/><D127/><U106/><E106/><V87/><F133/><W33/><G33/><T29/><D29/><U108/><E108/><V1/><F1/><W36/><G36/><T38/><D38/><U37/><E122/><V129/><F129/><W76/><G76/><T126/><D126/><U81/><E37/><V46/><F134/><W35/><G35/><T60/><D20/><U56/><E9/><V95/><REACH who="2" step="1"/><F46/><REACH who="2" ten="250,250,240,250" step="2"/><W98/><G30/><T82/><D65/><U118/><E118/><V6/><F6/><W132/><G132/><T124/><D124/><U50/><E44/><V68/><F68/><W63/><G21/><T42/><D45/><U96/><E43/><RYUUKYOKU ba="0,1" sc="250,-10,250,-10,240,30,250,-10" hai2="16,23,49,54,55,57,58,62,86,87,93,94,95" /><INIT seed="1,1,1,3,5,12" ten="240,240,270,240" oya="1" hai0="78,18,124,61,127,126,32,106,23,112,115,116,72" hai1="86,40,58,100,97,62,107,130,118,60,11,111,134" hai2="57,0,27,109,95,1,91,49,43,44,64,48,26" hai3="93,50,25,75,71,92,33,77,104,125,99,59,135"/><U108/><E118/><V20/><F109/><N who="1" m="42057" /><E134/><V51/><F0/><W123/><G123/><T81/><D116/><U88/><E130/><V65/><F1/><W133/><G71/><T70/><D106/><U80/><E40/><V22/><F22/><W56/><G104/><T98/><D32/><U87/><E58/><V74/><F74/><W110/><G125/><T54/><D98/><U129/><E129/><V38/><F57/><W28/><G110/><T46/><D46/><U52/><E52/><V103/><F103/><W113/><G113/><T21/><D54/><U94/><E11/><V42/><F42/><W73/><G50/><T85/><D72/><U31/><E31/><V76/><F76/><AGARI ba="1,1" hai="60,62,76,80,86,87,88,94,97,100,107" m="42057" machi="76" ten="30,5800,0" yaku="14,1,10,1,54,1" doraHai="12" who="1" fromWho="2" sc="240,0,240,71,270,-61,240,0" /><INIT seed="1,2,0,4,1,3" ten="240,311,209,240" oya="1" hai0="89,5,23,80,12,67,129,124,97,69,48,66,1" hai1="11,44,63,15,65,109,90,58,92,49,123,86,20" hai2="26,81,24,101,125,30,130,115,112,54,106,41,61" hai3="55,96,117,88,107,34,131,95,75,72,43,133,14"/><U94/><E123/><V37/><F130/><W68/><G34/><T7/><D129/><U135/><E135/><V18/><F81/><W38/><G131/><T13/><D124/><U76/><E109/><V91/><F91/><W114/><G114/><T27/><D1/><U45/><E76/><V42/><F125/><W21/><G68/><T64/><D69/><U77/><E77/><V35/><F101/><W116/><G107/><T99/><D48/><U16/><E94/><V71/><F106/><W62/><G133/><T56/><D56/><U127/><E127/><V4/><F37/><W111/><G111/><T25/><D23/><U93/><E93/><V126/><F126/><W17/><G55/><T59/><D59/><U46/><REACH who="1" step="1"/><E20/><REACH who="1" ten="240,301,209,240" step="2"/><V22/><F22/><W132/><G132/><T122/><D122/><U32/><E32/><V74/><F35/><W128/><G128/><T9/><D80/><U10/><E10/><V47/><F115/><W52/><G75/><T31/><D89/><U98/><E98/><N who="0" m="37385" /><D31/><U78/><E78/><V29/><F30/><W33/><G72/><T105/><D105/><U73/><E73/><V82/><F29/><W108/><G33/><T51/><D51/><AGARI ba="2,1" hai="11,15,16,44,45,46,49,51,58,63,65,86,90,92" machi="51" ten="40,7700,0" yaku="1,1,8,1,54,1,53,0" doraHai="3" doraHaiUra="100" who="1" fromWho="0" sc="240,-83,301,93,209,0,240,0" /><INIT seed="1,3,0,2,5,89" ten="157,394,209,240" oya="1" hai0="16,113,35,34,67,73,59,121,13,102,46,51,29" hai1="119,12,79,27,58,128,6,0,80,100,75,120,134" hai2="72,95,71,22,7,127,99,45,57,43,24,9,30" hai3="63,130,77,115,94,19,40,20,5,42,109,87,74"/><U129/><E119/><V36/><F71/><W44/><G115/><T28/><D113/><U18/><E120/><V97/><F72/><W125/><G74/><T122/><D73/><U41/><E134/><V38/><F127/><W53/><G125/><T81/><D81/><U104/><E41/><V3/><F57/><W117/><G117/><T96/><D59/><U54/><E27/><V70/><F70/><W23/><G109/><T62/><D62/><U11/><E100/><V48/><REACH who="2" step="1"/><F99/><REACH who="2" ten="157,394,199,240" step="2"/><W10/><G44/><T26/><D121/><U60/><REACH who="1" step="1"/><E104/><REACH who="1" ten="157,384,199,240" step="2"/><V88/><AGARI ba="3,2" hai="3,7,9,22,24,30,36,38,43,45,48,88,95,97" machi="88" ten="20,12000,2" yaku="1,1,2,1,0,1,7,1,52,1,54,1,53,0" doraHai="89" doraHaiUra="133" who="2" fromWho="2" sc="157,-33,384,-63,199,149,240,-33" /><INIT seed="2,0,0,5,1,131" ten="124,321,348,207" oya="2" hai0="37,44,20,23,80,88,39,96,41,117,74,40,35" hai1="5,93,42,119,116,100,10,46,50,72,56,106,92" hai2="48,86,123,62,128,9,29,122,54,19,71,30,66" hai3="87,51,130,52,25,63,53,105,102,36,81,69,133"/><V15/><F128/><W111/><G130/><T2/><D35/><U33/><E33/><V126/><F126/><W13/><G36/><T21/><D2/><U17/><E72/><V125/><F125/><W57/><G111/><T114/><D114/><U12/><E106/><V6/><F6/><W58/><G69/><T132/><D117/><U120/><E120/><V104/><F104/><W101/><G105/><T4/><D4/><U89/><E100/><V77/><F123/><W76/><G133/><T90/><D96/><U60/><E5/><V112/><F112/><W59/><G13/><T0/><D0/><U38/><E38/><V11/><F11/><W68/><G68/><T16/><D132/><U8/><E8/><V28/><F122/><W107/><G107/><T49/><D49/><U94/><REACH who="1" step="1"/><E89/><REACH who="1" ten="124,311,348,207" step="2"/><V24/><F86/><W84/><G84/><T91/><D74/><U55/><AGARI ba="0,1" hai="10,12,17,42,46,50,55,56,60,92,93,94,116,119" machi="55" ten="30,7900,0" yaku="1,1,2,1,0,1,53,1" doraHai="131" doraHaiUra="45" who="1" fromWho="1" sc="124,-20,311,89,348,-39,207,-20" /><INIT seed="3,0,0,3,1,57" ten="104,400,309,187" oya="3" hai0="15,126,18,110,101,31,21,125,29,88,64,124,61" hai1="74,118,33,1,62,0,7,49,85,14,103,69,87" hai2="95,24,22,27,117,121,52,100,66,65,96,115,135" hai3="36,38,3,56,26,58,37,40,23,41,113,130,54"/><W35/><G3/><T75/><D110/><U82/><E33/><V28/><F115/><W102/><G35/><T43/><D75/><U128/><E128/><V122/><F117/><W107/><G113/><T53/><D101/><U34/><E34/><V92/><F135/><W16/><G130/><T90/><D53/><U83/><E118/><V19/><F95/><W60/><REACH who="3" step="1"/><G56/><REACH who="3" ten="104,400,309,177" step="2"/><N who="0" m="36903" /><D43/><U119/><E0/><V70/><F70/><W45/><G45/><T111/><D111/><U63/><E1/><V127/><F121/><W72/><G72/><T9/><D29/><U39/><E74/><V133/><F122/><W108/><G108/><T93/><D93/><U129/><E69/><V89/><F92/><W81/><G81/><T123/><D123/><U116/><E83/><V76/><F28/><W91/><G91/><N who="0" m="34859" /><D31/><U86/><E82/><V46/><F89/><W114/><G114/><T20/><AGARI ba="0,1" hai="9,15,18,20,21,124,125,126" m="34859,36903" machi="20" ten="40,5200,0" yaku="18,1,52,1,54,1" doraHai="57" who="0" fromWho="0" sc="104,62,400,-13,309,-13,177,-26" /><INIT seed="4,0,0,3,2,32" ten="166,387,296,151" oya="0" hai0="73,72,11,1,95,67,65,47,90,98,116,91,134" hai1="27,14,10,104,64,29,77,26,102,5,39,55,86" hai2="132,87,22,4,41,101,59,79,52,13,121,127,129" hai3="89,28,113,82,88,61,20,48,16,54,76,80,106"/><T58/><D116/><U12/><E39/><V109/><F109/><W53/><G106/><T118/><D118/><U114/><E114/><V40/><F121/><W23/><G113/><T75/><D134/><U128/><E128/><V2/><F2/><W3/><G3/><T36/><D90/><N who="3" m="34921" /><G76/><T17/><D58/><U92/><E64/><V130/><F101/><W125/><G125/><T131/><D131/><N who="2" m="50186" /><F127/><W25/><G61/><T30/><D30/><U38/><E38/><V74/><F74/><W135/><G135/><T57/><D57/><U69/><E69/><V37/><F37/><W97/><G97/><T21/><D47/><U71/><E71/><V62/><F132/><W93/><G93/><T7/><REACH who="0" step="1"/><D36/><REACH who="0" ten="156,387,296,151" step="2"/><U43/><E29/><V34/><F59/><N who="3" m="33191" /><G54/><T108/><D108/><U103/><E55/><V119/><F52/><W45/><G45/><T105/><D105/><U19/><E104/><V68/><F119/><W99/><G99/><T133/><D133/><U50/><E50/><V8/><F68/><W0/><G0/><T78/><D78/><U51/><E77/><V100/><F79/><W81/><G81/><T110/><D110/><U111/><E51/><V44/><F44/><W112/><G112/><T83/><D83/><U18/><E111/><V117/><F117/><W63/><G63/><T94/><D94/><U31/><E92/><V115/><F62/><W126/><G126/><T35/><D35/><U84/><E31/><V124/><F124/><W70/><G70/><T6/><D6/><U24/><E5/><V107/><F115/><W49/><G49/><RYUUKYOKU ba="0,1" sc="156,15,387,-15,296,-15,151,15" hai0="1,7,11,17,21,65,67,72,73,75,91,95,98" hai3="16,20,23,25,28,80,82" /><INIT seed="4,1,1,3,1,121" ten="171,372,281,166" oya="0" hai0="38,17,91,25,60,100,44,61,118,122,82,65,87" hai1="43,97,86,20,90,28,29,77,78,59,23,6,33" hai2="5,37,110,129,19,109,125,55,103,111,83,99,94" hai3="4,47,112,18,27,135,126,106,69,40,56,128,123"/><T54/><D122/><U21/><E33/><V79/><F37/><W49/><G69/><T89/><D118/><U16/><E6/><V114/><F5/><W70/><G70/><T48/><D38/><U67/><E43/><V108/><F108/><W74/><G74/><T3/><D3/><U64/><E97/><V127/><F55/><W45/><G106/><T131/><D131/><U113/><E113/><V71/><F71/><W34/><G123/><T81/><D100/><U51/><E16/><V119/><F114/><W35/><G112/><T46/><D46/><U116/><E116/><V13/><F129/><W105/><G105/><T9/><D65/><N who="1" m="25163" /><E51/><V133/><F133/><W96/><G135/><T62/><D89/><U104/><E59/><V88/><F119/><W2/><G126/><N who="2" m="48137" /><F103/><W50/><G56/><T22/><REACH who="0" step="1"/><D9/><REACH who="0" ten="161,372,281,166" step="2"/><U41/><E104/><V30/><F111/><W36/><G36/><T26/><D26/><U58/><E90/><V0/><F0/><W10/><G128/><T31/><D31/><U80/><E29/><V102/><F102/><W132/><G132/><T130/><D130/><U124/><E28/><V72/><F30/><W76/><G35/><T52/><D52/><U7/><E124/><V107/><F107/><W101/><G34/><T53/><D53/><U66/><E66/><V32/><F32/><W73/><G27/><T115/><D115/><U120/><E120/><V85/><F99/><W117/><G117/><T15/><D15/><U24/><E24/><V11/><AGARI ba="1,2" hai="11,13,19,72,79,83,85,88,94,109,110" m="48137" machi="11" ten="30,7900,0" yaku="18,1,52,2,54,1" doraHai="121" who="2" fromWho="2" sc="161,-40,372,-21,281,102,166,-21" /><INIT seed="5,0,0,4,1,131" ten="121,351,383,145" oya="1" hai0="1,14,44,86,111,56,82,63,79,101,121,109,105" hai1="78,112,16,77,46,21,91,40,51,88,17,25,19" hai2="93,42,119,97,125,80,126,2,100,95,71,129,70" hai3="54,110,53,113,45,26,98,127,3,116,85,34,76"/><U30/><REACH who="1" step="1"/><E112/><REACH who="1" ten="121,341,383,145" step="2"/><V124/><F126/><W31/><G127/><T38/><D111/><U130/><E130/><V0/><F129/><W6/><G113/><T13/><D109/><U4/><E4/><V89/><F125/><W69/><G6/><T122/><D122/><U104/><E104/><V96/><F124/><W23/><G110/><T65/><D121/><U28/><E28/><V24/><F119/><W15/><G116/><T33/><D105/><U64/><E64/><V41/><F2/><W103/><G3/><T94/><D1/><U39/><E39/><V59/><F0/><W108/><G108/><T90/><D38/><U47/><E47/><V120/><F120/><W37/><G45/><T57/><D44/><U62/><E62/><V81/><F41/><W87/><G37/><T60/><D33/><U75/><E75/><V72/><F72/><W115/><G115/><T29/><D29/><U32/><E32/><V66/><F66/><W102/><G34/><T43/><D60/><U134/><E134/><V35/><F42/><W99/><G31/><T22/><D43/><U114/><E114/><V117/><F117/><W83/><G54/><T36/><D36/><U61/><E61/><V10/><F35/><W84/><G53/><T58/><D63/><U55/><E55/><V92/><F71/><W12/><G69/><T5/><D65/><U74/><E74/><V50/><F70/><W27/><G27/><T18/><D5/><U118/><E118/><V49/><F24/><W20/><G26/><N who="0" m="14679" /><D101/><U48/><E48/><V67/><F50/><W132/><G103/><RYUUKYOKU ba="0,1" sc="121,15,341,15,383,-15,145,-15" hai0="13,14,56,57,58,79,82,86,90,94" hai1="16,17,19,21,25,30,40,46,51,77,78,88,91" /><INIT seed="5,1,1,3,5,116" ten="136,356,368,130" oya="1" hai0="79,44,3,20,73,74,77,21,25,81,83,100,72" hai1="43,117,80,119,96,129,86,28,124,54,67,15,5" hai2="61,82,29,45,130,66,37,85,111,10,39,57,65" hai3="128,47,95,51,17,32,1,62,125,27,101,102,110"/><U7/><E129/><V60/><F111/><W53/><G110/><T75/><D3/><U18/><E124/><V49/><F29/><W109/><G109/><T88/><D100/><U97/><E28/><V58/><F10/><W11/><G125/><T0/><D0/><U107/><E67/><V103/><F103/><W59/><G128/><T42/><D20/><U78/><E43/><V87/><F130/><W23/><G32/><T123/><D123/><U6/><E107/><V52/><REACH who="2" step="1"/><F87/><REACH who="2" ten="136,356,358,130" step="2"/><W35/><G35/><T118/><D118/><U36/><E119/><V56/><F56/><W94/><G102/><T93/><D21/><N who="1" m="11487" /><E117/><V132/><F132/><W4/><REACH who="3" step="1"/><G101/><REACH who="3" ten="136,356,358,120" step="2"/><T55/><D25/><U8/><E8/><V63/><F63/><W30/><G30/><T71/><D71/><U69/><E69/><V126/><F126/><W2/><G2/><T121/><D121/><U70/><E70/><V19/><F19/><W122/><G122/><T89/><D89/><AGARI ba="1,3" hai="37,39,45,49,52,57,58,60,61,65,66,82,85,89" machi="89" ten="30,7700,0" yaku="1,1,7,1,9,1,54,1,53,0" doraHai="116" doraHaiUra="9" who="2" fromWho="0" sc="136,-80,356,0,358,110,120,0" /><INIT seed="6,0,0,0,1,44" ten="56,356,468,120" oya="2" hai0="35,45,8,22,96,118,78,0,47,58,21,30,127" hai1="15,92,66,112,82,68,94,120,62,84,103,98,26" hai2="79,20,57,80,61,124,83,29,95,2,122,28,76" hai3="53,113,23,5,106,13,3,134,17,126,90,7,39"/><V4/><F122/><W121/><G121/><T54/><D127/><U87/><E120/><V16/><F124/><W88/><G106/><T51/><D118/><U69/><E112/><V56/><F95/><W99/><G126/><T77/><D35/><U97/><E69/><V31/><F4/><N who="3" m="1611" /><G39/><T133/><D0/><U6/><E26/><V12/><F2/><W50/><G3/><T25/><D133/><U70/><E70/><V65/><REACH who="2" step="1"/><F57/><REACH who="2" ten="56,356,458,120" step="2"/><N who="3" m="32951" /><G134/><T89/><D58/><U72/><E94/><V18/><F18/><N who="3" m="10703" /><G113/><T60/><D30/><U105/><E6/><V71/><F71/><W52/><G99/><T43/><D96/><U67/><E97/><V19/><F19/><W33/><G17/><T102/><D102/><U73/><E68/><V64/><F64/><W34/><G33/><T37/><D89/><U115/><E66/><V109/><F109/><W11/><G34/><T108/><D108/><U135/><E67/><V119/><F119/><W123/><G123/><T46/><D37/><U125/><E92/><V128/><F128/><W101/><G101/><T36/><D36/><U10/><E98/><V32/><F32/><W41/><G90/><T9/><D78/><AGARI ba="0,1" hai="12,16,20,28,29,31,56,61,65,76,78,79,80,83" machi="78" ten="40,18000,2" yaku="1,1,8,1,54,1,53,3" doraHai="44" doraHaiUra="24" who="2" fromWho="0" sc="56,-180,356,0,458,190,120,0" owari="-124,-62.0,356,16.0,648,74.0,120,-28.0" /></mjloggm>