<mjloggm ver="2.3"><GO type="169" lobby="0"/><UN n0="%2D%72%6F%6E%2D" n1="%E3%81%97%E3%81%8A%E3%82%84%E3%81%A0%E3%82%93" n2="%E3%82%A6%E3%83%AB%E3%83%88%E3%83%A9%E7%AB%8B%E7%9B%B4" n3="%E6%A4%8E%E9%87%8E%E3%81%8D%E3%82%89%E3%82%8A" dan="16,16,17,17" rate="2111.03,2109.83,2171.85,2121.49" sx="M,F,M,F"/><TAIKYOKU oya="0"/><INIT seed="0,0,0,2,4,24" ten="250,250,250,250" oya="0" hai0="8,123,105,83,108,58,63,22,69,103,74,28,73" hai1="61,88,3,110,35,87,78,30,7,42,17,98,116" hai2="92,131,19,121,99,20,125,77,91,29,70,4,25" hai3="114,128,31,134,45,67,39,102,127,41,13,79,6"/><T115/><D115/><U40/><E116/><V5/><F70/><W101/><G114/><T64/><D123/><U93/><E110/><V75/><F121/><W111/><G111/><T97/><D108/><U100/><E78/><V49/><F125/><W119/><G119/><T47/><D8/><U90/><E7/><V95/><F131/><W71/><G127/><T72/><D47/><U26/><E3/><V124/><F124/><W117/><G117/><T94/><D69/><U82/><E17/><V36/><F36/><W32/><G128/><T18/><D105/><U81/><E61/><V50/><F77/><W10/><G134/><T60/><D60/><U16/><E16/><V68/><F68/><W44/><G79/><N who="0" m="44535" /><D18/><U104/><REACH who="1" step="1"/><E82/><REACH who="1" ten="250,240,250,250" step="2"/><V1/><F1/><W0/><G0/><T62/><D63/><U120/><E120/><V33/><F5/><W48/><G6/><T15/><D15/><U59/><E59/><V11/><F4/><W9/><G71/><T57/><D58/><U106/><E106/><V51/><F11/><W113/><G9/><T89/><D57/><U122/><E122/><V135/><F135/><W2/><G10/><T85/><D62/><U27/><E27/><V133/><F133/><W118/><G2/><T55/><D64/><U54/><E54/><V53/><F53/><W107/><G67/><T23/><D55/><U38/><E38/><V14/><F92/><W65/><G65/><T84/><D94/><U43/><E43/><V76/><F76/><W56/><G56/><T126/><D126/><U112/><E112/><V130/><F130/><RYUUKYOKU ba="0,1" sc="250,-15,240,15,250,15,250,-15" hai1="26,30,35,40,42,81,87,88,90,93,98,100,104" hai2="14,19,20,25,29,33,49,50,51,75,91,95,99" /><INIT seed="1,1,1,2,4,111" ten="235,255,265,235" oya="1" hai0="82,67,75,34,92,25,27,125,113,19,83,52,57" hai1="47,97,16,49,13,1,88,104,22,24,73,28,101" hai2="108,72,80,87,98,17,9,6,0,30,11,64,43" hai3="132,36,124,105,118,21,102,55,74,7,123,84,134"/><U120/><E73/><V103/><F108/><W106/><G36/><T133/><D133/><U85/><E1/><V122/><F72/><W33/><G33/><T61/><D125/><U86/><E120/><V68/><F122/><W15/><G74/><T116/><D116/><U5/><E5/><V117/><F117/><W59/><G118/><T71/><D75/><U26/><E86/><V23/><F43/><W112/><G112/><T70/><D70/><U37/><E37/><V45/><F45/><W4/><G124/><T20/><D113/><U35/><E24/><V60/><F30/><W79/><G123/><T51/><REACH who="0" step="1"/><D92/><REACH who="0" ten="225,255,265,235" step="2"/><U107/><E107/><V77/><F0/><W128/><G132/><T63/><D63/><U56/><E56/><V2/><F2/><W58/><G59/><T126/><D126/><U10/><E47/><V62/><F62/><W94/><G58/><T121/><D121/><U41/><E41/><V54/><F54/><W131/><G55/><T46/><D46/><U14/><E49/><V65/><F65/><W90/><G134/><T50/><D50/><U95/><REACH who="1" step="1"/><E14/><REACH who="1" ten="225,245,265,235" step="2"/><V110/><F110/><W53/><G15/><T18/><D18/><U42/><E42/><V135/><F135/><W89/><G105/><T44/><D44/><U66/><E66/><V109/><F109/><W129/><G106/><T12/><D12/><U31/><E31/><AGARI ba="1,3" hai="19,20,25,27,31,34,51,52,57,61,67,71,82,83" machi="31" ten="40,5200,0" yaku="1,1,54,1,53,1" doraHai="111" doraHaiUra="48" who="0" fromWho="1" sc="225,85,245,-55,265,0,235,0" /><INIT seed="2,0,0,5,1,115" ten="310,190,265,235" oya="2" hai0="3,24,23,22,49,71,91,82,86,45,111,51,100" hai1="127,29,5,87,8,78,17,134,75,104,15,55,122" hai2="125,123,83,126,70,9,98,72,54,48,119,121,52" hai3="12,124,18,130,37,68,4,34,110,117,103,16,2"/><V35/><F35/><W30/><G37/><T93/><D3/><U31/><E104/><V116/><F70/><W135/><G68/><T118/><D71/><U66/><E75/><V1/><F98/><W25/><G103/><T59/><D111/><U99/><E122/><N who="2" m="46603" /><F83/><W132/><G110/><T10/><D10/><U58/><E134/><N who="3" m="51242" /><G124/><N who="2" m="47721" /><F72/><W13/><G130/><T6/><D6/><U33/><E127/><V92/><F92/><W84/><G117/><N who="2" m="45129" /><F48/><W69/><G84/><T56/><D51/><U112/><E99/><V32/><F32/><W27/><G69/><T107/><D49/><U20/><E33/><V128/><F128/><W73/><G73/><T28/><D82/><U50/><E112/><V96/><F96/><W113/><G113/><T7/><D118/><U36/><E87/><V89/><F89/><W74/><G74/><T80/><D91/><U120/><E120/><V114/><F114/><W63/><G63/><T95/><D86/><U0/><E78/><V101/><F101/><W41/><G27/><T44/><D100/><U57/><E36/><V129/><F129/><W102/><G102/><T133/><D80/><U88/><E88/><V79/><F79/><W19/><G25/><T90/><D90/><U14/><E0/><V131/><F131/><W46/><G2/><T65/><D95/><U85/><E85/><V21/><F21/><W109/><G34/><T40/><D93/><U62/><AGARI ba="0,0" hai="5,8,14,15,17,20,29,31,50,55,57,58,62,66" machi="62" ten="30,2000,0" yaku="0,1,8,1" doraHai="115" who="1" fromWho="1" sc="310,-5,190,20,265,-10,235,-5" /><INIT seed="3,0,0,0,5,116" ten="305,210,255,230" oya="3" hai0="112,49,9,15,31,130,24,109,97,78,29,44,28" hai1="117,120,48,74,12,98,127,121,119,65,20,92,50" hai2="60,69,39,6,113,55,100,58,35,21,96,107,105" hai3="18,126,95,23,80,41,104,103,101,88,70,8,52"/><W63/><G126/><T124/><D109/><U57/><E74/><V30/><F113/><W94/><G104/><T59/><D124/><U99/><E127/><V87/><F39/><W133/><G133/><T111/><D111/><U14/><E20/><V0/><F107/><W1/><G41/><T131/><D112/><U54/><E65/><V22/><F6/><W51/><G63/><T67/><D78/><U64/><E64/><V71/><F0/><W2/><G70/><T90/><D24/><U66/><E66/><V77/><F35/><W13/><G2/><T123/><D67/><U27/><E27/><V135/><F135/><W53/><G53/><T43/><D59/><U16/><E57/><V81/><REACH who="2" step="1"/><F30/><REACH who="2" ten="305,210,245,230" step="2"/><W86/><G1/><T10/><D29/><U122/><E122/><V37/><F37/><W114/><G114/><T106/><D31/><U89/><E120/><V102/><F102/><N who="3" m="38923" /><G23/><AGARI ba="0,1" hai="21,22,23,55,58,60,69,71,77,81,87,96,100,105" machi="23" ten="40,1300,0" yaku="1,1,53,0" doraHai="116" doraHaiUra="132" who="2" fromWho="3" sc="305,0,210,0,245,23,230,-13" /><INIT seed="4,0,0,5,2,11" ten="305,210,268,217" oya="0" hai0="56,79,40,105,53,36,109,117,110,60,75,51,47" hai1="128,34,0,99,54,35,32,26,7,91,6,106,120" hai2="107,129,62,82,14,124,86,123,49,100,16,132,46" hai3="74,57,96,94,5,24,21,22,127,114,81,116,97"/><T76/><D105/><U122/><E54/><V4/><F123/><N who="1" m="47145" /><E91/><V19/><F124/><W44/><G114/><T95/><D117/><U98/><E106/><V92/><F129/><W55/><G127/><T38/><D95/><U42/><E42/><V115/><F132/><W25/><G116/><T135/><D135/><U9/><E99/><N who="2" m="59495" /><F115/><W131/><G5/><T20/><D20/><U18/><E98/><V78/><F107/><W50/><G131/><T12/><D75/><U68/><E68/><V103/><F103/><W52/><G81/><T63/><D12/><N who="1" m="7439" /><E128/><V77/><F77/><W30/><G94/><T73/><D73/><U37/><E37/><N who="0" m="14441" /><D79/><U71/><E71/><V70/><F70/><W28/><G74/><T43/><D76/><U66/><E66/><V29/><F62/><AGARI ba="0,0" hai="21,22,24,25,28,30,44,50,52,55,57,62,96,97" machi="62" ten="30,7700,0" yaku="7,1,9,1,8,1,54,1" doraHai="11" who="3" fromWho="2" sc="305,0,210,0,268,-77,217,77" /><INIT seed="5,0,0,3,3,87" ten="305,210,191,294" oya="1" hai0="24,49,1,113,99,130,125,6,45,117,81,9,21" hai1="103,85,57,97,14,26,3,77,59,98,71,65,121" hai2="123,8,94,60,82,83,18,48,70,96,27,64,73" hai3="11,109,30,66,19,13,79,46,90,7,93,25,12"/><U10/><E121/><V50/><F123/><W36/><G109/><T78/><D117/><U44/><E3/><V132/><F132/><W105/><G105/><T40/><D125/><U61/><E44/><V92/><F92/><W115/><G115/><T29/><D113/><U88/><E77/><V119/><F119/><W37/><G79/><T120/><D120/><U134/><E134/><V68/><F68/><W91/><G93/><T95/><D130/><U43/><E43/><V23/><F73/><W15/><G66/><T86/><D95/><U114/><E114/><V69/><F69/><W124/><G124/><T0/><REACH who="0" step="1"/><D99/><REACH who="0" ten="295,210,191,294" step="2"/><U17/><E98/><V110/><F110/><W56/><G37/><T89/><D89/><U80/><E26/><V5/><F82/><W108/><G91/><T42/><D42/><U135/><E135/><V118/><F83/><W35/><G90/><T47/><D47/><U28/><E28/><V128/><F128/><W39/><G36/><T54/><D54/><U4/><E17/><V84/><F118/><W52/><G19/><T102/><D102/><U62/><E62/><V127/><F127/><W53/><G108/><T100/><D100/><U67/><E65/><V58/><F96/><W51/><G39/><T20/><D20/><U33/><E33/><V22/><F22/><W122/><G122/><T133/><D133/><U75/><E75/><V31/><F31/><W72/><G72/><T34/><D34/><U16/><E16/><V2/><F84/><W74/><G74/><T41/><D41/><U131/><E131/><V104/><F18/><RYUUKYOKU ba="0,1" sc="295,10,210,10,191,-30,294,10" hai0="0,1,6,9,21,24,29,40,45,49,78,81,86" hai1="4,10,14,57,59,61,67,71,80,85,88,97,103" hai3="7,11,12,13,15,25,30,35,46,51,52,53,56" /><INIT seed="5,1,1,0,0,78" ten="305,220,161,304" oya="1" hai0="29,99,75,55,0,82,48,9,79,53,122,127,5" hai1="11,110,93,124,87,45,132,112,65,66,17,52,10" hai2="1,103,14,115,88,20,34,77,67,111,61,72,81" hai3="46,131,90,57,42,109,100,68,89,69,8,85,113"/><U104/><E104/><V133/><F34/><W105/><G109/><T44/><D127/><U28/><E110/><V51/><F1/><W32/><G32/><T56/><D122/><U135/><E124/><V121/><F121/><W4/><G113/><T16/><D29/><U73/><E73/><V36/><F36/><W97/><G57/><T18/><REACH who="0" step="1"/><D99/><REACH who="0" ten="295,220,161,304" step="2"/><U98/><E28/><V19/><F111/><W92/><G131/><T39/><D39/><U21/><E112/><V64/><F115/><W126/><G126/><T130/><D130/><U71/><E132/><V134/><F133/><W114/><G114/><T101/><D101/><U128/><E135/><V54/><F103/><W23/><G97/><T125/><D125/><U2/><E128/><V41/><F134/><W106/><G100/><T58/><D58/><U123/><E123/><V94/><F61/><AGARI ba="1,2" hai="0,5,9,16,18,44,48,53,55,56,61,75,79,82" machi="61" ten="30,7700,0" yaku="1,1,7,1,52,1,54,1,53,0" doraHai="78" doraHaiUra="63" who="0" fromWho="2" sc="295,100,220,0,161,-80,304,0" /><INIT seed="6,0,0,2,3,67" ten="395,220,81,304" oya="2" hai0="100,108,110,86,57,107,85,129,112,34,68,21,23" hai1="29,111,118,35,98,104,24,131,130,61,99,69,83" hai2="93,106,6,50,55,134,12,127,132,36,102,9,81" hai3="39,116,80,0,62,52,14,125,59,119,13,16,15"/><V11/><F106/><W48/><G0/><T30/><D112/><U109/><E118/><V7/><F36/><W46/><G125/><T84/><D129/><N who="1" m="49163" /><E83/><V47/><F127/><W77/><G39/><T53/><D34/><U101/><E98/><V17/><F81/><W73/><REACH who="3" step="1"/><G16/><REACH who="3" ten="395,220,81,294" step="2"/><T122/><D108/><U60/><E60/><V103/><F17/><W38/><G38/><T56/><D110/><U10/><E10/><V5/><F5/><W71/><G71/><T87/><D68/><U33/><E33/><V27/><F27/><W37/><G37/><T26/><D122/><U3/><E3/><V49/><F49/><W42/><AGARI ba="0,1" hai="13,14,15,42,46,48,52,59,62,73,77,80,116,119" machi="42" ten="30,7900,0" yaku="1,1,0,1,54,1,53,1" doraHai="67" doraHaiUra="44" who="3" fromWho="3" sc="395,-20,220,-20,81,-39,294,89" /><INIT seed="7,0,0,2,2,33" ten="375,200,42,383" oya="3" hai0="51,22,57,71,76,17,11,93,121,32,38,12,95" hai1="37,61,6,97,5,105,65,114,88,36,84,13,82" hai2="64,8,19,90,74,119,94,129,0,43,44,28,58" hai3="130,125,70,25,98,52,111,128,48,66,99,126,53"/><W39/><G39/><T132/><D71/><U20/><E114/><V89/><F74/><W75/><G75/><T3/><D121/><U108/><E108/><V21/><F119/><W102/><G25/><N who="0" m="14543" /><D38/><U27/><E13/><V69/><F69/><W67/><G70/><T91/><D3/><U16/><E37/><V42/><F129/><N who="3" m="49771" /><G111/><T49/><D32/><U35/><E36/><V29/><F0/><W15/><G15/><T24/><D132/><U78/><E35/><V45/><F8/><W1/><G1/><T47/><D76/><U7/><E105/><V112/><F112/><W54/><G48/><N who="0" m="18507" /><D47/><U133/><E133/><V56/><F21/><W101/><G126/><T31/><D57/><N who="1" m="37039" /><E97/><N who="3" m="36874" /><G125/><T79/><D79/><AGARI ba="0,0" hai="5,6,7,16,20,27,78,79,82,84,88" m="37039" machi="79" ten="30,3900,0" yaku="8,1,54,2" doraHai="33" who="1" fromWho="0" sc="375,-39,200,39,42,0,383,0" owari="336,14.0,239,-16.0,42,-46.0,383,48.0" /></mjloggm>