<mjloggm ver="2.3"><GO type="169" lobby="0"/><UN n0="%E3%82%B8%E3%82%AE%E3%82%BF%E3%83%AA%E3%82%B9" n1="%6B%6C%62%73%74%38%38" n2="%E3%82%A6%E3%83%AB%E3%83%88%E3%83%A9%E7%AB%8B%E7%9B%B4" n3="%4B%61%74%5F%48" dan="16,16,16,16" rate="2061.82,2134.64,2116.14,2099.47" sx="M,M,M,M"/><TAIKYOKU oya="0"/><INIT seed="0,0,0,3,2,94" ten="250,250,250,250" oya="0" hai0="15,124,109,26,63,83,93,84,21,113,37,10,6" hai1="20,77,121,123,0,97,82,73,122,81,74,67,7" hai2="133,126,39,17,52,76,3,61,25,27,90,135,111" hai3="9,54,71,34,70,36,43,132,4,30,114,22,102"/><T116/><D113/><U60/><E20/><V32/><F39/><W51/><G34/><T95/><D116/><U64/><E7/><V48/><F3/><W31/><G114/><T134/><D37/><U69/><E64/><V98/><F76/><W72/><G72/><T1/><D124/><U46/><E46/><V101/><F126/><W41/><G132/><N who="2" m="50761" /><F90/><W66/><G102/><T115/><D115/><U68/><E0/><V78/><F78/><W108/><G108/><T13/><D109/><U85/><E81/><V24/><F61/><N who="3" m="40271" /><G41/><T86/><D86/><U107/><REACH who="1" step="1"/><E69/><REACH who="1" ten="250,240,250,250" step="2"/><V47/><F111/><W62/><G22/><T58/><D134/><U40/><E40/><V130/><F17/><W23/><G23/><T45/><D45/><U56/><E56/><V5/><F5/><W91/><G43/><T65/><D1/><U120/><N who="1" m="30720" /><DORA hai="100" /><U79/><E79/><V127/><F127/><W42/><G42/><T117/><D117/><U104/><E104/><N who="2" m="63543" /><F130/><W38/><G71/><T2/><D2/><U110/><E110/><V16/><F16/><W112/><G4/><T57/><D26/><U18/><E18/><V53/><F53/><W28/><G38/><T105/><D21/><U129/><E129/><V92/><F92/><W11/><G112/><T99/><D93/><U44/><E44/><V8/><F8/><W128/><G36/><T119/><D10/><U80/><E80/><V131/><F131/><W55/><G128/><T50/><D83/><U96/><E96/><V75/><F32/><W103/><G9/><N who="0" m="4279" /><D95/><U125/><E125/><V88/><F27/><RYUUKYOKU ba="0,1" sc="250,-10,240,30,250,-10,250,-10" hai1="60,67,68,73,74,77,82,85,97,107" /><INIT seed="1,1,1,5,2,104" ten="240,270,240,240" oya="1" hai0="107,4,8,20,127,89,28,5,63,108,62,82,42" hai1="76,68,83,120,67,66,86,16,119,53,19,87,64" hai2="46,37,128,69,88,113,24,133,100,49,91,12,78" hai3="112,115,25,124,109,118,38,26,111,23,1,54,52"/><U98/><E120/><V57/><F69/><W50/><G1/><T56/><D107/><U103/><E119/><V125/><F113/><N who="3" m="43595" /><G23/><T22/><D127/><U47/><E68/><V39/><F125/><W30/><G30/><T36/><D108/><N who="3" m="41545" /><G26/><T34/><D34/><U9/><E86/><V43/><F12/><W92/><G92/><T71/><D71/><U32/><E32/><V81/><F24/><W51/><G25/><T121/><D121/><U10/><E47/><V116/><F116/><W29/><G29/><T130/><D20/><U73/><E53/><N who="3" m="20586" /><G124/><T106/><D8/><U3/><E87/><V15/><F15/><W84/><G84/><T129/><D22/><U27/><E27/><V13/><F13/><W132/><G118/><T105/><D28/><U70/><E70/><V99/><F91/><W77/><G77/><T75/><D89/><U65/><N who="1" m="16384" /><DORA hai="102" /><U90/><E90/><V95/><F88/><W0/><G0/><T72/><D82/><U11/><REACH who="1" step="1"/><E3/><REACH who="1" ten="240,260,240,240" step="2"/><V74/><F81/><W93/><G93/><AGARI ba="1,2" hai="9,10,11,16,19,73,76,83,93,98,103" m="16384" machi="93" ten="50,12000,1" yaku="1,1,2,1,52,1,54,1,53,0" doraHai="104,102" doraHaiUra="35,135" who="1" fromWho="3" sc="240,0,260,143,240,0,240,-123" /><INIT seed="1,2,0,5,1,35" ten="240,403,240,117" oya="1" hai0="32,71,81,26,21,62,22,90,28,24,38,83,111" hai1="72,104,112,85,34,87,59,0,86,37,6,23,120" hai2="61,51,65,96,58,7,123,122,135,129,125,63,33" hai3="121,91,110,39,115,4,118,14,102,43,117,95,74"/><U101/><E34/><V99/><F33/><W50/><G115/><T18/><D38/><U103/><E112/><V60/><F123/><W20/><G39/><T55/><D111/><U31/><E120/><V119/><F119/><N who="3" m="45579" /><G121/><T130/><D130/><U89/><E72/><V82/><F129/><W25/><G74/><T48/><D90/><U8/><E37/><V53/><F125/><W46/><G102/><T98/><D98/><N who="2" m="37418" /><F135/><W108/><G14/><T13/><D62/><U42/><E89/><V41/><F41/><W84/><G4/><T19/><REACH who="0" step="1"/><D71/><REACH who="0" ten="230,403,240,117" step="2"/><U12/><E103/><V10/><F122/><W76/><G76/><T97/><D97/><U93/><E101/><V70/><F70/><W29/><AGARI ba="2,1" hai="20,25,29,43,46,50,84,91,95,108,110" m="45579" machi="29" ten="30,1100,0" yaku="12,1" doraHai="35" who="3" fromWho="3" sc="230,-5,403,-7,240,-5,117,27" /><INIT seed="2,0,0,2,2,7" ten="225,396,235,144" oya="2" hai0="62,74,132,1,66,46,108,69,15,133,78,44,114" hai1="134,83,33,53,90,21,122,80,76,73,68,63,58" hai2="28,121,65,12,31,128,52,116,38,16,127,118,2" hai3="59,17,111,13,105,101,35,34,24,29,54,49,117"/><V77/><F38/><W123/><G123/><T9/><D1/><U14/><E33/><V37/><F37/><W45/><G117/><T126/><D114/><U85/><E122/><V26/><F121/><W67/><G111/><T91/><D91/><U82/><E134/><N who="0" m="51817" /><D126/><U88/><E68/><V129/><F65/><W70/><G35/><T57/><D108/><U4/><E90/><V19/><F77/><W109/><G109/><T86/><D74/><U48/><E63/><V32/><F52/><W103/><G70/><T95/><D69/><U110/><E110/><V93/><F93/><W89/><G105/><T3/><D3/><U98/><E98/><V64/><F64/><W60/><REACH who="3" step="1"/><G89/><REACH who="3" ten="225,396,235,134" step="2"/><N who="0" m="53687" /><D78/><U47/><E76/><V106/><F106/><W50/><G50/><T27/><D27/><U87/><E88/><V102/><F26/><W43/><G43/><T56/><D56/><U40/><E58/><V84/><F118/><W55/><G55/><T20/><D46/><U72/><E47/><V75/><F116/><W100/><G100/><T113/><D44/><U5/><E40/><V71/><F102/><W115/><G115/><T96/><D113/><U120/><E120/><V131/><F71/><W81/><G81/><T119/><D96/><U135/><E135/><V39/><F129/><W10/><AGARI ba="0,1" hai="10,13,17,24,29,34,45,49,54,59,60,67,101,103" machi="10" ten="20,5200,0" yaku="1,1,0,1,7,1,52,1,53,0" doraHai="7" doraHaiUra="36" who="3" fromWho="3" sc="225,-13,396,-13,235,-26,134,62" /><INIT seed="3,0,0,5,0,131" ten="212,383,209,196" oya="3" hai0="31,36,1,35,94,82,71,123,42,115,91,132,98" hai1="26,6,95,10,12,111,74,103,65,52,114,56,54" hai2="99,110,93,39,106,66,96,41,43,47,107,72,67" hai3="55,77,89,22,102,7,13,30,59,17,57,108,69"/><W80/><G69/><T32/><D115/><U70/><E114/><V19/><F72/><W109/><G102/><T88/><D123/><U63/><E111/><N who="3" m="42570" /><G30/><T21/><D71/><U112/><E112/><V117/><F117/><W33/><G33/><T119/><D1/><U116/><E116/><V135/><F110/><W79/><G7/><T11/><D11/><U34/><E74/><V126/><F126/><W23/><G23/><T113/><D119/><U133/><E34/><V104/><F19/><W92/><G80/><T20/><D113/><U0/><E0/><V78/><F78/><N who="3" m="29707" /><G55/><T24/><D82/><U60/><E54/><V134/><F41/><W53/><G53/><T101/><D32/><U4/><E4/><V85/><F67/><W64/><G64/><T97/><D35/><U68/><E68/><V38/><F66/><W58/><G58/><T40/><D101/><U25/><E103/><V130/><F130/><W8/><G8/><T15/><D31/><U105/><E56/><V128/><F128/><W125/><G125/><T62/><D20/><U44/><E65/><V29/><F29/><W127/><G127/><T73/><D21/><U61/><E70/><V5/><F5/><W49/><G49/><T129/><D73/><U2/><E6/><V84/><F43/><W37/><G37/><T87/><D36/><U18/><E10/><V14/><F106/><W51/><G51/><T75/><D129/><U16/><E105/><V27/><F104/><W90/><G90/><N who="0" m="34347" /><D75/><U118/><E118/><V124/><F38/><W9/><G9/><T86/><D42/><RYUUKYOKU ba="0,0" sc="212,-10,383,-10,209,-10,196,30" hai3="13,17,22,57,59,89,92" /><INIT seed="3,1,0,1,3,123" ten="202,373,199,226" oya="3" hai0="27,86,133,102,44,135,54,14,7,58,35,64,60" hai1="30,56,104,25,126,57,112,85,37,38,115,10,130" hai2="78,94,3,129,120,119,5,45,36,23,108,55,100" hai3="17,101,74,62,71,24,96,26,134,77,11,80,91"/><W39/><G39/><T50/><D102/><U76/><E104/><V1/><F119/><W59/><G71/><T105/><D105/><U97/><E97/><N who="2" m="59447" /><F5/><W13/><G91/><T0/><D0/><U83/><E10/><V73/><F23/><W67/><REACH who="3" step="1"/><G134/><REACH who="3" ten="202,373,199,216" step="2"/><T79/><D135/><U22/><E38/><V82/><F36/><W81/><G81/><T103/><D133/><U68/><E68/><V33/><F120/><W28/><G28/><T70/><D70/><U29/><E29/><V92/><F129/><W63/><G63/><T61/><D60/><U95/><E37/><V47/><F82/><W43/><G43/><T34/><D61/><U53/><E30/><V87/><F78/><W131/><G131/><T114/><D79/><U109/><E83/><V4/><F33/><W6/><G6/><T132/><D7/><U117/><E76/><V65/><F4/><W98/><G98/><T121/><D132/><U106/><E130/><V42/><F42/><W32/><G32/><T89/><D89/><U18/><E117/><V52/><F1/><W116/><G116/><T8/><D34/><U124/><E112/><V46/><F3/><W12/><G12/><T69/><D14/><U48/><E115/><V93/><F73/><W90/><G90/><T51/><D69/><U107/><E18/><V75/><F75/><W49/><G49/><T31/><D51/><U2/><E48/><V19/><F19/><W84/><G84/><T15/><D50/><U125/><E85/><V111/><F87/><W21/><G21/><T88/><D86/><U110/><E2/><RYUUKYOKU ba="1,1" sc="202,-10,373,-10,199,-10,216,30" hai3="11,13,17,24,26,59,62,67,74,77,80,96,101" /><INIT seed="3,2,1,1,4,121" ten="192,363,189,246" oya="3" hai0="81,116,65,50,44,87,16,30,124,36,14,91,102" hai1="112,113,96,123,86,101,39,24,60,125,10,97,130" hai2="59,80,35,40,103,82,106,38,90,93,42,31,47" hai3="94,72,9,25,0,8,120,51,46,107,33,118,58"/><W95/><G107/><T79/><D116/><U127/><E39/><V55/><F42/><W70/><G120/><T11/><D124/><N who="1" m="47691" /><E123/><V28/><F106/><W132/><G70/><T77/><D36/><U18/><E130/><V110/><F110/><W17/><G118/><T13/><D102/><U135/><E135/><V98/><F35/><W57/><G72/><T83/><D65/><U131/><E131/><V69/><F69/><W115/><G115/><T19/><D30/><U45/><E86/><V73/><F82/><W117/><G117/><T99/><D99/><N who="1" m="37963" /><E101/><V109/><F109/><W100/><G132/><T56/><D56/><N who="3" m="21609" /><G33/><T12/><D12/><N who="1" m="7447" /><E60/><V75/><F75/><W53/><G100/><T129/><D129/><U67/><E67/><V32/><F32/><W78/><G78/><T111/><D111/><U85/><E85/><V105/><F105/><W92/><G0/><T71/><D83/><U48/><E24/><V89/><F89/><W88/><G88/><T5/><D71/><U21/><E21/><AGARI ba="2,1" hai="8,9,17,21,25,46,51,53,92,94,95" m="21609" machi="21" ten="30,1500,0" yaku="8,1" doraHai="121" who="3" fromWho="1" sc="192,0,363,-21,189,0,246,31" /><INIT seed="3,3,0,3,4,62" ten="192,342,189,277" oya="3" hai0="41,125,69,132,54,108,26,57,39,97,44,29,129" hai1="71,56,37,89,122,94,9,81,134,91,60,15,85" hai2="112,120,31,2,28,21,63,13,103,19,93,6,104" hai3="119,90,40,35,88,121,49,124,135,118,55,4,38"/><W20/><G35/><T100/><D129/><U72/><E37/><V65/><F104/><W110/><G121/><T17/><D125/><U25/><E134/><V123/><F112/><W0/><G124/><T82/><D132/><U33/><E71/><V117/><F117/><W68/><G135/><T24/><D82/><U46/><E46/><V130/><F130/><W5/><G68/><T75/><D75/><U34/><E25/><V111/><F111/><W58/><G110/><T105/><D108/><U78/><E89/><V7/><F2/><W42/><G20/><T48/><D29/><N who="2" m="11338" /><F123/><W50/><G58/><T106/><D106/><U8/><E122/><V109/><F109/><W43/><G55/><T83/><D83/><U53/><E9/><V128/><F128/><W126/><G126/><T59/><D17/><AGARI ba="3,0" hai="8,15,17,33,34,53,56,60,72,78,81,85,91,94" machi="17" ten="30,1000,0" yaku="7,1" doraHai="62" who="1" fromWho="0" sc="192,-19,342,19,189,0,277,0" /><INIT seed="4,0,0,2,0,22" ten="173,361,189,277" oya="0" hai0="109,118,70,80,13,94,55,101,17,120,135,95,50" hai1="14,21,87,45,62,128,131,65,91,68,24,103,32" hai2="28,52,116,93,132,6,4,51,59,30,73,110,54" hai3="114,25,126,69,29,79,76,33,43,90,66,53,1"/><T20/><D118/><U100/><E32/><V121/><F73/><W86/><G1/><T113/><D120/><U125/><E14/><V11/><F110/><W31/><G43/><T49/><D135/><U124/><E45/><V34/><F132/><W41/><G41/><T18/><D70/><U3/><E3/><V98/><F121/><W129/><G114/><T2/><D2/><U15/><E15/><V88/><F116/><W19/><G126/><N who="1" m="48746" /><E100/><V23/><F34/><W40/><G40/><T127/><D109/><U89/><E103/><V83/><F83/><W75/><G31/><N who="2" m="11817" /><F11/><W115/><G115/><T106/><D113/><U7/><E7/><V44/><F23/><W104/><G33/><T84/><D106/><U78/><E78/><V134/><F134/><W133/><G79/><N who="0" m="46111" /><D101/><U85/><E85/><V9/><F9/><W60/><G104/><T35/><D35/><U38/><E38/><V117/><F117/><W74/><G76/><T0/><D0/><U42/><E42/><V97/><F97/><W63/><G133/><T12/><D127/><U96/><E96/><V56/><F44/><W67/><G75/><T130/><D94/><U112/><E112/><V5/><F5/><W122/><G74/><T71/><D95/><U27/><E21/><V47/><F47/><W107/><G122/><T58/><D20/><U57/><E68/><V36/><F36/><W37/><G37/><T48/><D71/><U99/><E99/><V16/><F16/><N who="0" m="6250" /><D130/><N who="1" m="49707" /><E87/><V39/><F39/><W111/><G129/><T82/><D82/><U26/><AGARI ba="0,0" hai="24,26,27,57,62,65,89,91" m="49707,48746" machi="26" ten="40,8000,1" yaku="18,1,19,1,52,3" doraHai="22" who="1" fromWho="1" sc="173,-40,361,80,189,-20,277,-20" /><INIT seed="5,0,0,1,4,45" ten="133,441,169,257" oya="1" hai0="46,78,12,135,33,71,3,125,4,120,119,98,117" hai1="8,51,31,21,9,114,67,108,133,22,121,58,57" hai2="72,124,50,42,15,1,10,90,55,2,128,17,29" hai3="36,113,106,7,48,16,19,86,39,26,81,104,61"/><U11/><E121/><V97/><F124/><W103/><G113/><T49/><D71/><U102/><E114/><V5/><F128/><W59/><G7/><T85/><D120/><U75/><E75/><V60/><F72/><W53/><G36/><T105/><D125/><U20/><E133/><V130/><F130/><W110/><G39/><T6/><D135/><U84/><E108/><V73/><F73/><W64/><G110/><T99/><D33/><U34/><E34/><V94/><F29/><W65/><G65/><T76/><D3/><U87/><E102/><V131/><F131/><W132/><G132/><T89/><D105/><U100/><E100/><V127/><F127/><W69/><G26/><T27/><D27/><U112/><E112/><V91/><F5/><N who="0" m="2154" /><D12/><U52/><E31/><V115/><F115/><W96/><REACH who="3" step="1"/><G106/><REACH who="3" ten="133,441,169,247" step="2"/><T74/><D117/><U32/><E32/><V54/><F2/><W18/><G18/><T66/><D119/><U83/><E83/><V23/><F1/><W37/><G37/><T56/><D66/><U14/><E14/><V82/><F15/><W118/><G118/><T109/><D109/><U62/><AGARI ba="0,1" hai="8,9,11,20,21,22,51,52,57,58,62,67,84,87" machi="62" ten="40,12000,1" yaku="0,1,8,1,52,1,54,1" doraHai="45" who="1" fromWho="1" sc="133,-40,441,130,169,-40,247,-40" /><INIT seed="5,1,0,2,5,74" ten="93,571,129,207" oya="1" hai0="4,6,133,46,37,50,124,135,43,53,117,10,129" hai1="127,32,87,20,91,118,26,7,61,41,81,28,88" hai2="9,132,114,123,5,57,108,2,94,128,54,35,98" hai3="103,85,63,24,36,51,17,27,42,82,131,13,80"/><U104/><E127/><V73/><F123/><W86/><G36/><T96/><D124/><U115/><E115/><V76/><F108/><W19/><G131/><T23/><D129/><U0/><E104/><V70/><F70/><W12/><G103/><T11/><D117/><U49/><E118/><V72/><F128/><W83/><G63/><T39/><D23/><U69/><E0/><V126/><F126/><W122/><G122/><T109/><D96/><U3/><E3/><V58/><F35/><W22/><G51/><T130/><D109/><U29/><E7/><N who="0" m="2601" /><D130/><U100/><E100/><V134/><F114/><W38/><G42/><T77/><D77/><U95/><E61/><V21/><F21/><N who="3" m="11503" /><G38/><T111/><D111/><U65/><E69/><V71/><F71/><W31/><G31/><T121/><D121/><U116/><E116/><V89/><F73/><W125/><G125/><T60/><D60/><U92/><E65/><V62/><F72/><W97/><G97/><T90/><D43/><U68/><E68/><V1/><F1/><W93/><G93/><N who="1" m="35914" /><E32/><V52/><F62/><W56/><G56/><T34/><D34/><U25/><E29/><V15/><F58/><W48/><G48/><T64/><D64/><U67/><E67/><V14/><F57/><W16/><G17/><T101/><D101/><U44/><E26/><AGARI ba="1,0" hai="12,16,22,24,26,27,80,82,83,85,86" m="11503" machi="26" ten="30,2000,0" yaku="8,1,54,1" doraHai="74" who="3" fromWho="1" sc="93,0,571,-23,129,0,207,23" /><INIT seed="6,0,0,0,5,121" ten="93,548,129,230" oya="2" hai0="85,6,75,53,88,120,64,66,93,46,119,40,1" hai1="41,132,84,111,110,135,105,99,55,133,98,108,96" hai2="117,103,69,2,54,35,128,94,118,122,47,51,56" hai3="90,60,124,44,42,123,95,29,3,24,115,125,18"/><V68/><F35/><W14/><G3/><T87/><D120/><U28/><E28/><V12/><F2/><W114/><G123/><T39/><D119/><U8/><E41/><V15/><F122/><W43/><G60/><T100/><D75/><U7/><E55/><V83/><F69/><W11/><G95/><T130/><D130/><U65/><E65/><V92/><F68/><W32/><G90/><T86/><D100/><N who="1" m="62599" /><E84/><V127/><F128/><W77/><G77/><T26/><D26/><U129/><E129/><V107/><F107/><W61/><G61/><T23/><D23/><U79/><E79/><V70/><F70/><W81/><G81/><T82/><D53/><U45/><E45/><V25/><F83/><W131/><G131/><T91/><REACH who="0" step="1"/><D86/><REACH who="0" ten="83,548,129,230" step="2"/><U113/><E113/><V19/><F118/><W10/><G115/><T63/><D63/><U101/><E101/><V16/><F117/><W126/><G114/><T74/><D74/><U106/><E106/><V76/><F103/><W37/><G43/><T31/><D31/><U50/><E50/><V22/><F25/><W33/><G32/><T58/><D58/><U72/><E72/><V89/><F56/><W13/><G126/><T104/><D104/><U20/><E20/><V0/><F127/><W59/><G59/><T49/><D49/><U5/><E8/><AGARI ba="0,1" hai="1,6,8,39,40,46,64,66,82,85,87,88,91,93" machi="8" ten="40,2600,0" yaku="1,1,54,1,53,0" doraHai="121" doraHaiUra="97" who="0" fromWho="1" sc="83,36,548,-26,129,0,230,0" /><INIT seed="7,0,0,2,1,117" ten="119,522,129,230" oya="3" hai0="127,18,132,115,114,134,42,126,70,61,80,89,46" hai1="95,120,19,130,118,87,34,20,93,116,33,100,99" hai2="92,90,29,47,26,79,1,59,121,72,12,49,43" hai3="28,14,53,48,98,45,73,50,107,23,30,25,27"/><W22/><G73/><T86/><D18/><U62/><E120/><V10/><F1/><W68/><G68/><T77/><D61/><U38/><E38/><V101/><F121/><W37/><G37/><N who="0" m="21839" /><D77/><U54/><E130/><V4/><F72/><W108/><G108/><T16/><D16/><U131/><E131/><V71/><F71/><W102/><G50/><T64/><D64/><U106/><E62/><V97/><F79/><W96/><G96/><T122/><D70/><U78/><E54/><V21/><F59/><W104/><REACH who="3" step="1"/><G14/><REACH who="3" ten="119,522,129,220" step="2"/><T112/><D122/><U56/><E99/><V9/><F9/><W83/><G83/><T123/><D123/><U57/><E118/><V6/><F101/><W2/><G2/><T55/><D55/><U58/><E100/><V39/><F39/><W85/><G85/><T88/><D89/><U103/><E87/><V52/><F43/><W129/><G129/><T7/><D7/><AGARI ba="0,1" hai="4,6,7,10,12,21,26,29,47,49,52,90,92,97" machi="7" ten="30,3900,0" yaku="7,1,8,1,54,1" doraHai="117" who="2" fromWho="0" sc="119,-39,522,0,129,49,220,0" owari="80,-42.0,522,62.0,178,-22.0,220,2.0" /></mjloggm>