<mjloggm ver="2.3"><GO type="97" lobby="0"/><UN n0="%43%4F%44%45%2D%30%34" n1="%E5%B0%B1%E6%B4%BB%E7%94%9F%40%E5%B7%9D%E6%9D%91%E8%BB%8D%E5%9B%A3" n2="%64%61%69%6F" n3="%73%6F%2D%6B%75" dan="14,15,15,14" rate="1925.91,2028.51,1936.42,1860.02" sx="M,M,M,M"/><TAIKYOKU oya="0"/><INIT seed="0,0,0,4,5,105" ten="250,250,250,250" oya="0" hai0="4,130,92,126,6,66,98,115,29,76,37,111,118" hai1="50,79,123,43,95,33,8,36,1,125,3,49,9" hai2="61,0,112,60,55,134,100,17,106,74,46,53,75" hai3="133,94,52,63,45,131,117,41,97,65,116,19,54"/><T132/><D118/><U44/><E123/><V77/><F77/><W121/><G121/><T80/><D115/><U90/><E33/><V122/><F0/><W108/><G108/><T59/><D37/><U96/><E125/><V102/><F122/><W23/><G131/><T120/><D120/><U18/><E79/><V12/><F112/><W56/><G133/><T27/><D126/><U135/><E135/><V68/><F134/><W10/><G10/><T7/><D111/><U51/><REACH who="1" step="1"/><E9/><REACH who="1" ten="250,240,250,250" step="2"/><V103/><F106/><W57/><G116/><T110/><D110/><U101/><E101/><V24/><F102/><W93/><G117/><T69/><D132/><U72/><E72/><V88/><F75/><W129/><G129/><T87/><D130/><U78/><E78/><V34/><F74/><W26/><G97/><T71/><D69/><U15/><AGARI ba="0,1" hai="1,3,8,15,18,36,43,44,49,50,51,90,95,96" machi="15" ten="30,2000,0" yaku="1,1,0,1,53,0" doraHai="105" doraHaiUra="73" who="1" fromWho="1" sc="250,-10,240,30,250,-5,250,-5" /><INIT seed="1,0,0,0,5,72" ten="240,270,245,245" oya="1" hai0="91,57,89,55,9,131,38,83,121,113,33,128,134" hai1="25,111,18,135,120,116,88,20,119,77,23,3,101" hai2="13,94,78,99,108,96,32,28,100,114,52,4,125" hai3="67,126,53,15,127,130,122,132,24,46,47,5,98"/><U48/><E3/><V85/><F114/><W76/><G122/><T12/><D113/><U58/><E120/><V19/><F4/><W81/><G67/><T44/><D121/><U62/><E135/><V82/><F125/><N who="3" m="47627" /><G130/><N who="0" m="49707" /><D33/><U2/><E2/><V63/><F108/><W87/><G132/><T103/><D134/><U66/><E101/><V86/><F32/><W90/><G24/><T8/><D103/><U30/><E111/><V64/><F28/><W40/><G53/><T26/><D26/><U35/><E35/><V6/><F6/><W37/><G47/><T129/><N who="0" m="49715" /><T68/><DORA hai="49" /><D68/><U110/><E110/><V95/><F64/><W27/><G27/><T41/><D83/><U1/><E23/><V61/><F63/><W73/><G98/><N who="2" m="37417" /><F86/><W75/><G90/><N who="0" m="34315" /><D12/><U0/><E88/><V74/><F100/><W124/><N who="3" m="47635" /><W123/><DORA hai="97" /><G123/><T7/><D7/><U109/><E1/><V56/><F74/><W118/><G118/><T84/><D84/><U133/><E0/><V105/><F105/><W79/><G79/><T43/><D43/><U34/><E34/><V14/><F14/><W102/><G102/><T21/><D21/><AGARI ba="0,0" hai="13,19,21,52,56,61,78,82,85,94,95" m="37417" machi="21" ten="30,7700,0" yaku="8,1,52,2,54,1" doraHai="72,49,97" who="2" fromWho="0" sc="240,-77,270,0,245,77,245,0" /><INIT seed="2,0,0,4,3,108" ten="163,270,322,245" oya="2" hai0="19,24,133,20,65,10,61,21,118,40,33,51,26" hai1="70,35,96,38,27,64,63,110,1,2,125,62,66" hai2="52,60,25,117,90,88,8,72,34,44,80,77,9" hai3="114,58,48,106,16,92,15,131,31,100,122,115,76"/><V84/><F117/><W30/><G106/><T121/><D118/><U87/><E110/><V135/><F135/><W103/><G122/><T112/><D121/><U95/><E125/><V50/><F90/><W53/><G131/><T91/><D112/><N who="3" m="43049" /><G76/><T116/><D133/><U49/><E38/><V56/><F25/><W6/><G6/><T94/><D116/><U68/><E87/><V28/><F28/><N who="3" m="10795" /><G92/><T129/><D129/><U29/><E49/><V86/><F72/><W67/><G67/><T47/><D33/><U42/><E42/><V99/><F99/><W69/><G69/><T17/><D10/><AGARI ba="0,0" hai="10,15,16,48,53,58,100,103" m="10795,43049" machi="10" ten="30,8000,1" yaku="11,1,52,3,54,1" doraHai="108" who="3" fromWho="0" sc="163,-80,270,0,322,0,245,80" /><INIT seed="3,0,0,0,0,122" ten="83,270,322,325" oya="3" hai0="41,52,94,100,120,112,1,129,33,127,48,23,124" hai1="32,131,97,58,62,67,8,46,66,10,14,36,57" hai2="11,37,16,51,111,35,65,108,39,30,56,9,107" hai3="3,25,91,110,80,71,106,83,69,59,103,85,109"/><W116/><G116/><T13/><D120/><U26/><E131/><V79/><F107/><W45/><G3/><T75/><D129/><U114/><E114/><V77/><F30/><W84/><G45/><T105/><D112/><U118/><E118/><V22/><F35/><W92/><G106/><T21/><D75/><U44/><E36/><V2/><F39/><W74/><G74/><T70/><D70/><U132/><E132/><V12/><F37/><W24/><G59/><T93/><D33/><U101/><E32/><V134/><F134/><W73/><G73/><T27/><D1/><U19/><E26/><V121/><F121/><W28/><G103/><T20/><D105/><U119/><E119/><V88/><F88/><N who="3" m="51207" /><G92/><T90/><D41/><U4/><E97/><V126/><F126/><W87/><G87/><T64/><D64/><U7/><E101/><V72/><F72/><W34/><G25/><T78/><D78/><N who="2" m="29706" /><F2/><W60/><G60/><T29/><D100/><U68/><E68/><V81/><F81/><W5/><G5/><T96/><D94/><U38/><E38/><V55/><F65/><W31/><G31/><T47/><D20/><U133/><E133/><V95/><F95/><W89/><G89/><T130/><REACH who="0" step="1"/><D130/><REACH who="0" ten="73,270,322,325" step="2"/><U0/><E66/><V125/><F125/><W63/><G71/><T43/><D43/><U102/><E102/><V49/><F49/><W128/><G128/><T54/><D54/><U99/><E67/><V40/><F40/><W104/><G104/><T98/><D98/><U113/><E0/><V115/><F115/><W82/><G82/><RYUUKYOKU ba="0,1" sc="73,10,270,-30,322,10,325,10" hai0="13,21,23,27,29,47,48,52,90,93,96,124,127" hai2="9,11,12,16,22,51,55,56,108,111" hai3="24,28,34,63,69,83,85,91,109,110" owari="83,-42.0,240,-16.0,332,13.0,345,45.0" /></mjloggm>