<mjloggm ver="2.3"><GO type="97" lobby="0"/><UN n0="%E3%82%A2%E3%83%A1%E3%83%AA%E3%82%A2" n1="%31%30%30%31" n2="%E8%B2%A7%E3%81%97%E3%81%8D%E4%BA%BA%E3%80%85" n3="%E5%B0%B1%E6%B4%BB%E7%94%9F%40%E5%B7%9D%E6%9D%91%E8%BB%8D%E5%9B%A3" dan="13,14,14,14" rate="1887.35,1928.67,1927.89,1996.73" sx="M,M,M,M"/><TAIKYOKU oya="0"/><INIT seed="0,0,0,4,1,43" ten="250,250,250,250" oya="0" hai0="18,131,22,104,71,82,73,118,130,96,47,12,97" hai1="135,113,10,101,34,70,36,119,62,72,32,129,75" hai2="52,92,23,69,54,111,106,123,4,29,133,67,120" hai3="39,28,24,63,112,25,20,64,74,31,100,33,122"/><T124/><D71/><U58/><E58/><V91/><F106/><W88/><G112/><T55/><D118/><U1/><E101/><V99/><F4/><W59/><G74/><N who="1" m="28202" /><E119/><V127/><F111/><W114/><G114/><T83/><D124/><U5/><E113/><V35/><F35/><N who="1" m="13353" /><E135/><V7/><F127/><W11/><G122/><T60/><D60/><U38/><E129/><N who="0" m="49161" /><D104/><U98/><E98/><N who="0" m="37993" /><D73/><U80/><E80/><V117/><F133/><W115/><G100/><T57/><D57/><U93/><E93/><V85/><F117/><W30/><G115/><T0/><D0/><U132/><E132/><V121/><F99/><W105/><G105/><T44/><D55/><U77/><E77/><V46/><F54/><W66/><G39/><T84/><D83/><U65/><AGARI ba="0,0" hai="1,5,10,36,38,62,65,70" m="13353,28202" machi="65" ten="40,2700,0" yaku="33,2" doraHai="43" who="1" fromWho="1" sc="250,-13,250,27,250,-7,250,-7" /><INIT seed="1,0,0,3,3,64" ten="237,277,243,243" oya="1" hai0="74,0,78,110,69,63,83,37,121,60,50,82,56" hai1="38,2,30,75,106,90,11,52,107,67,51,130,58" hai2="118,41,119,3,98,123,126,62,29,87,122,88,24" hai3="14,7,113,128,96,124,116,68,114,94,6,102,4"/><U36/><E75/><V31/><F3/><W32/><G32/><T66/><D0/><U92/><E30/><V134/><F29/><W39/><G39/><T15/><D37/><U101/><E130/><V127/><F41/><W43/><G116/><N who="2" m="44585" /><F62/><W33/><G33/><T40/><D40/><U47/><E101/><V34/><F98/><W1/><G1/><T23/><D50/><U77/><E77/><V117/><N who="2" m="44593" /><V28/><DORA hai="86" /><F28/><W12/><G124/><N who="2" m="47657" /><F134/><W93/><G128/><T54/><D121/><U99/><E38/><V44/><F44/><W100/><G43/><T135/><D135/><U103/><E36/><V131/><F131/><W19/><G68/><T72/><D72/><U57/><E67/><V81/><AGARI ba="0,0" hai="24,31,34,81,87,88,122,123" m="47657,44593" machi="81" ten="50,6400,0" yaku="18,1,52,1,54,1" doraHai="64,86" who="2" fromWho="2" sc="237,-16,277,-32,243,64,243,-16" /><INIT seed="2,0,0,5,1,23" ten="221,245,307,227" oya="2" hai0="92,11,56,129,101,84,96,64,0,72,104,128,93" hai1="133,83,73,18,81,86,48,100,70,75,50,60,21" hai2="61,124,95,34,35,85,59,99,68,10,76,51,44" hai3="80,69,122,9,66,91,16,1,39,13,89,4,108"/><V103/><F68/><W58/><G122/><T43/><D43/><U130/><E130/><N who="0" m="50281" /><D72/><U19/><E133/><V88/><F124/><W109/><G39/><T87/><D0/><U2/><E2/><V78/><F10/><W135/><G69/><T62/><D11/><U120/><E120/><V41/><F34/><W12/><G135/><T134/><D134/><U55/><E100/><V113/><F35/><W67/><G1/><T46/><D46/><U32/><E32/><V24/><F24/><W53/><G108/><T115/><D115/><U37/><E37/><V36/><F36/><W47/><G47/><T117/><D117/><U42/><E50/><V116/><F116/><W126/><G126/><T118/><D118/><U94/><E73/><V17/><F17/><W65/><G80/><T107/><D107/><U8/><E75/><V40/><F40/><W102/><G102/><T132/><D132/><U7/><E42/><V79/><F113/><W28/><G28/><T38/><D38/><U15/><E7/><V45/><F45/><W121/><G121/><T82/><D87/><U22/><E8/><V33/><F33/><W123/><G123/><T119/><D119/><U30/><E30/><V54/><REACH who="2" step="1"/><F78/><AGARI ba="0,0" hai="56,62,64,78,82,84,92,93,96,101,104" m="50281" machi="78" ten="30,1000,0" yaku="19,1" doraHai="23" who="0" fromWho="2" sc="221,10,245,0,307,-10,227,0" /><INIT seed="3,0,0,5,3,87" ten="231,245,297,227" oya="3" hai0="50,79,98,41,37,113,54,10,42,101,111,24,110" hai1="32,96,26,67,119,130,112,131,30,58,102,90,78" hai2="21,83,117,9,71,114,115,70,40,68,47,5,128" hai3="23,82,135,39,52,123,126,64,13,99,7,93,122"/><W48/><G39/><T17/><D79/><U109/><E112/><N who="2" m="43051" /><F21/><W4/><G126/><T28/><D113/><U72/><E109/><N who="0" m="41481" /><D37/><U55/><E119/><V19/><F19/><W124/><G124/><T62/><D62/><U16/><E16/><V103/><F103/><W56/><G135/><T31/><D10/><U60/><E90/><V33/><F83/><W49/><G64/><T27/><D17/><U69/><E78/><V22/><F22/><W20/><G82/><T76/><D76/><U104/><REACH who="1" step="1"/><E72/><REACH who="1" ten="231,235,297,227" step="2"/><V14/><F117/><W53/><G123/><T44/><D31/><U74/><E74/><V51/><F5/><N who="3" m="2123" /><G13/><T8/><D28/><U29/><E29/><V134/><F14/><W95/><G122/><T12/><D12/><U97/><E97/><V85/><F134/><W129/><G129/><T127/><D127/><U38/><E38/><V59/><F128/><W89/><G95/><N who="0" m="58591" /><D27/><U61/><AGARI ba="0,1" hai="26,30,32,55,58,60,61,67,69,96,102,104,130,131" machi="61" ten="30,7900,0" yaku="1,1,0,1,25,2,53,0" doraHai="87" doraHaiUra="2" who="1" fromWho="1" sc="231,-20,235,89,297,-20,227,-39" owari="211,-19.0,324,42.0,277,8.0,188,-31.0" /></mjloggm>