<mjloggm ver="2.3"><GO type="97" lobby="0"/><UN n0="%E3%83%88%E3%83%88%E3%83%AA%E5%85%88%E7%94%9F%31%39%E6%AD%B3" n1="%4D%53%2D%30%36%52" n2="%6B%61%73%75%67%65%2D" n3="%E3%82%81%E3%81%8C%EF%BC%93" dan="15,15,14,15" rate="2055.84,1995.61,1946.77,1968.77" sx="F,M,M,M"/><TAIKYOKU oya="0"/><INIT seed="0,0,0,2,4,0" ten="250,250,250,250" oya="0" hai0="82,34,28,11,24,58,1,128,129,9,79,119,65" hai1="75,94,130,125,13,92,2,49,30,27,69,25,87" hai2="22,39,135,12,112,16,127,18,90,57,19,116,26" hai3="111,115,52,23,5,133,76,36,120,59,67,73,74"/><T114/><D114/><U38/><E38/><V122/><F39/><W86/><G115/><T32/><D119/><U8/><E69/><V105/><F112/><W85/><G36/><T4/><D34/><U72/><E2/><V20/><F105/><W97/><G111/><T48/><D9/><U131/><E49/><V37/><F37/><W88/><G133/><T134/><D134/><U61/><E61/><V99/><F135/><W113/><G113/><T110/><D110/><U109/><E109/><V43/><F43/><W62/><G23/><T96/><D96/><U53/><E53/><V101/><F116/><W14/><G73/><T70/><D48/><U103/><E125/><V95/><F127/><W7/><G74/><N who="1" m="28202" /><E87/><N who="3" m="33290" /><G76/><T64/><D82/><U124/><E124/><V42/><F42/><W15/><G120/><T29/><D79/><U89/><E89/><V55/><F122/><W50/><G15/><T84/><D84/><U56/><E103/><V40/><F40/><W98/><G14/><T51/><D29/><U33/><E27/><N who="2" m="14727" /><F101/><W117/><G117/><T108/><D108/><U102/><E102/><V41/><F41/><W31/><G31/><T106/><D106/><U63/><E94/><V123/><F123/><W132/><G132/><T104/><D104/><U83/><E92/><V17/><F26/><W100/><G100/><T121/><D121/><U35/><E33/><V68/><F68/><N who="3" m="42103" /><G88/><T118/><D118/><U6/><E83/><V66/><F66/><N who="0" m="25706" /><D70/><U91/><E91/><V107/><F107/><W44/><G44/><T80/><D80/><U21/><E35/><RYUUKYOKU ba="0,0" sc="250,0,250,0,250,0,250,0" hai0="1,4,11,24,28,32,51,58,128,129" hai1="6,8,13,21,25,30,56,63,130,131" hai2="12,17,18,19,22,55,57,90,95,99" hai3="5,7,50,52,59,97,98" /><INIT seed="0,1,0,5,2,34" ten="250,250,250,250" oya="0" hai0="120,133,70,24,64,88,38,98,121,13,91,8,18" hai1="126,87,80,89,47,104,57,61,22,28,86,90,17" hai2="56,59,97,74,116,93,55,0,72,52,4,11,48" hai3="68,106,66,50,71,96,124,115,10,49,103,132,14"/><T99/><D38/><U5/><E104/><V110/><F110/><W44/><G115/><T79/><D133/><U81/><E5/><V37/><F37/><W83/><G132/><T94/><D79/><U123/><E47/><V43/><F43/><W67/><G124/><T30/><D64/><U39/><E39/><V20/><F20/><W2/><G2/><T23/><D70/><U60/><E28/><V130/><F130/><W102/><G83/><T75/><D75/><U27/><E126/><V1/><F1/><W54/><G102/><T31/><D31/><U129/><E129/><V118/><F118/><W29/><G29/><T95/><AGARI ba="1,0" hai="8,13,18,23,24,30,88,91,94,95,98,99,120,121" machi="95" ten="30,6000,0" yaku="0,1,9,1,54,1" doraHai="34" who="0" fromWho="0" sc="250,63,250,-21,250,-21,250,-21" /><INIT seed="0,2,0,0,3,78" ten="313,229,229,229" oya="0" hai0="77,45,94,32,61,28,76,16,22,29,88,30,79" hai1="12,10,62,125,99,8,18,13,81,111,118,46,133" hai2="2,48,11,14,50,19,122,100,67,124,130,49,63" hai3="110,132,112,51,42,101,68,127,121,34,33,106,93"/><T96/><D32/><U6/><E118/><V131/><F122/><W95/><G95/><T74/><D45/><U7/><E111/><V56/><F124/><W82/><G93/><T9/><D61/><U15/><E125/><V31/><F100/><W128/><G51/><T27/><REACH who="0" step="1"/><D9/><REACH who="0" ten="303,229,229,229" step="2"/><N who="1" m="6415" /><E46/><V26/><REACH who="2" step="1"/><F2/><REACH who="2" ten="303,229,219,229" step="2"/><W117/><G127/><T83/><AGARI ba="2,2" hai="16,22,27,28,29,30,74,76,77,79,83,88,94,96" machi="83" ten="30,18000,2" yaku="1,1,0,1,52,1,54,2,53,1" doraHai="78" doraHaiUra="91" who="0" fromWho="0" sc="303,206,229,-62,219,-62,229,-62" /><INIT seed="0,3,0,2,2,134" ten="509,167,157,167" oya="0" hai0="6,47,110,4,0,48,39,30,89,38,80,81,132" hai1="56,114,33,67,119,111,73,115,46,108,53,31,124" hai2="29,82,66,37,106,45,76,130,42,15,21,63,71" hai3="118,62,59,40,127,52,36,72,1,121,27,133,77"/><T95/><D132/><U64/><E73/><V88/><F130/><W43/><G133/><T102/><D110/><N who="1" m="42027" /><E31/><V129/><F129/><W99/><G1/><T97/><D30/><U10/><E33/><V113/><F113/><N who="1" m="43017" /><E10/><V126/><F106/><W49/><G118/><T41/><D38/><U3/><E3/><V22/><F76/><W96/><G27/><T120/><D120/><U17/><E17/><V112/><F112/><W103/><G77/><T19/><D19/><U7/><E7/><V9/><F29/><W131/><G72/><T70/><D39/><U26/><E26/><V5/><F126/><W25/><G131/><T13/><D0/><U61/><E119/><V87/><AGARI ba="3,0" hai="5,9,15,21,22,37,42,45,63,66,71,82,87,88" machi="87" ten="30,2000,0" yaku="0,1,54,1" doraHai="134" who="2" fromWho="2" sc="509,-13,167,-8,157,29,167,-8" /><INIT seed="1,0,0,0,1,57" ten="496,159,186,159" oya="1" hai0="96,33,40,44,72,37,67,45,118,68,24,59,4" hai1="66,73,74,56,35,116,130,43,99,25,131,13,79" hai2="90,78,49,127,110,71,108,107,14,70,77,26,62" hai3="2,63,22,126,93,91,115,61,30,104,31,114,7"/><U52/><E116/><V85/><F107/><W18/><G104/><T21/><D118/><U97/><E66/><V124/><F49/><W41/><G126/><N who="2" m="48169" /><F26/><N who="3" m="14679" /><G2/><T105/><D72/><U135/><E43/><V6/><F71/><W34/><G34/><T36/><D59/><U11/><E135/><V58/><F70/><W122/><G122/><T64/><D4/><U48/><E35/><V1/><F1/><W8/><G114/><T12/><D12/><U39/><E39/><V54/><F14/><N who="3" m="5407" /><G41/><T38/><D44/><U50/><E25/><V113/><F6/><W109/><G109/><N who="2" m="42089" /><F113/><W111/><G111/><T112/><D112/><U69/><E69/><V103/><F103/><W83/><G115/><T102/><D33/><U28/><E28/><N who="3" m="10794" /><G83/><AGARI ba="0,0" hai="54,58,62,77,78,83,85,90" m="42089,48169" machi="83" ten="30,3900,0" yaku="18,1,14,1,52,1" doraHai="57" who="2" fromWho="3" sc="496,0,159,0,186,39,159,-39" /><INIT seed="2,0,0,1,0,99" ten="496,159,225,120" oya="2" hai0="118,38,79,0,69,104,127,120,85,84,64,101,102" hai1="106,16,130,45,59,81,110,12,128,109,97,20,30" hai2="121,23,125,34,17,28,44,124,111,13,21,91,89" hai3="33,32,105,54,95,100,76,40,115,25,80,83,57"/><V129/><F121/><W61/><G105/><T68/><D0/><U7/><E81/><V55/><F34/><W18/><G115/><T24/><D120/><U112/><E112/><V78/><F78/><W92/><G40/><T36/><D79/><U3/><E45/><V117/><F117/><W49/><G83/><T47/><D47/><U2/><E59/><V6/><F6/><W53/><G33/><T5/><D5/><U74/><E74/><V42/><F55/><W73/><G18/><T114/><D104/><U65/><E65/><V29/><F129/><N who="1" m="49769" /><E30/><N who="2" m="11883" /><F23/><W60/><G32/><T56/><D114/><U108/><E7/><V90/><F111/><W88/><G25/><T63/><D24/><U133/><E133/><V4/><F4/><W67/><G54/><T50/><D64/><U37/><E37/><V116/><F116/><W35/><G35/><T39/><D118/><U75/><E75/><V103/><F103/><AGARI ba="0,0" hai="2,3,12,16,20,97,103,106,108,109,110" m="49769" machi="103" ten="40,8000,1" yaku="14,1,19,1,52,1,54,1" doraHai="99" who="1" fromWho="2" sc="496,0,159,80,225,-80,120,0" /><INIT seed="3,0,0,0,4,128" ten="496,239,145,120" oya="3" hai0="72,22,11,133,14,103,59,38,39,77,53,68,96" hai1="37,90,109,114,47,40,0,4,85,111,91,36,10" hai2="82,117,54,60,127,116,3,42,118,44,84,80,33" hai3="31,134,9,108,93,2,95,51,63,55,65,24,32"/><W88/><G108/><N who="1" m="41546" /><E114/><V71/><F33/><W98/><G134/><T105/><D133/><U45/><E85/><V57/><F3/><W86/><G2/><T76/><D96/><U122/><E122/><V20/><F71/><W92/><G9/><T112/><D103/><U120/><E120/><V41/><F127/><W8/><G8/><T21/><D105/><U58/><E58/><V19/><F44/><N who="1" m="16969" /><E40/><V115/><F115/><W66/><G66/><T97/><D21/><U87/><E87/><V12/><REACH who="2" step="1"/><F82/><REACH who="2" ten="496,239,135,120" step="2"/><W67/><G67/><T49/><D14/><U15/><E15/><V135/><F135/><W6/><G6/><T62/><D22/><U48/><E37/><V61/><F61/><W121/><G121/><T52/><D53/><U43/><E36/><V100/><F100/><W119/><G119/><T34/><D76/><AGARI ba="0,1" hai="12,19,20,41,42,54,57,60,76,80,84,116,117,118" machi="76" ten="40,1300,0" yaku="1,1,53,0" doraHai="128" doraHaiUra="30" who="2" fromWho="0" sc="496,-13,239,0,135,23,120,0" owari="483,58.0,239,4.0,158,-24.0,120,-38.0" /></mjloggm>