<mjloggm ver="2.3"><GO type="233" lobby="0"/><UN n0="%E3%82%A6%E3%83%AB%E3%83%88%E3%83%A9%E7%AB%8B%E7%9B%B4" n1="%4D%72%2E%6E%69%6B%75%39" n2="%E3%83%95%E3%83%AC%E3%83%BC%E3%82%BA%E3%83%8E" n3="%E5%AE%8C%E5%85%A8%E7%84%A1%E6%95%B5%E5%B0%91%E5%A5%B3%44%58" dan="18,16,16,16" rate="2208.08,2178.24,2085.83,2094.50" sx="M,M,M,M"/><TAIKYOKU oya="0"/><INIT seed="0,0,0,3,1,78" ten="250,250,250,250" oya="0" hai0="56,83,76,24,90,70,69,30,21,29,87,133,67" hai1="49,14,65,62,123,0,4,77,100,45,47,103,129" hai2="16,42,125,15,71,119,116,126,1,6,11,88,89" hai3="135,82,38,99,72,63,73,120,106,41,43,86,114"/><T132/><D30/><U110/><E123/><V10/><F71/><W53/><G114/><T121/><D121/><U40/><E110/><V3/><F42/><W75/><G120/><T44/><D44/><U35/><E35/><V2/><F2/><W13/><G38/><T97/><D56/><U122/><E122/><V118/><REACH who="2" step="1"/><F3/><REACH who="2" ten="250,250,240,250" step="2"/><W34/><G43/><T91/><D70/><U85/><E0/><V96/><F96/><W58/><G41/><T39/><D39/><U104/><E40/><V61/><F61/><W59/><G135/><N who="0" m="51787" /><D97/><U80/><E62/><AGARI ba="0,1" hai="21,24,29,62,67,69,76,83,87,90,91" m="51787" machi="62" ten="30,2900,0" yaku="20,1,52,1" doraHai="78" who="0" fromWho="1" sc="250,39,250,-29,240,0,250,0" /><INIT seed="0,1,0,2,3,66" ten="289,221,240,250" oya="0" hai0="107,24,34,40,90,13,91,15,87,56,102,32,109" hai1="42,48,28,33,14,98,94,47,9,72,60,126,26" hai2="39,114,79,78,81,115,17,2,106,36,59,100,127" hai3="80,70,101,105,82,75,116,125,55,131,19,68,74"/><T64/><D109/><U119/><E119/><V37/><F2/><W135/><G116/><T120/><D120/><U108/><E126/><V103/><F127/><W73/><G125/><T18/><D40/><U45/><E108/><V130/><F59/><W27/><G131/><T121/><D121/><U83/><E47/><V1/><F1/><W111/><G111/><T8/><D102/><U7/><E60/><V122/><F122/><W53/><G135/><T38/><D38/><U117/><E117/><V31/><F31/><W69/><G101/><T76/><D107/><U110/><E110/><V30/><F30/><W77/><G105/><T86/><D24/><U43/><E43/><V25/><F130/><W104/><G104/><T63/><D15/><U21/><E33/><V22/><F79/><W35/><G80/><T0/><D76/><U134/><E134/><V23/><F23/><W41/><G41/><T93/><REACH who="0" step="1"/><D0/><REACH who="0" ten="279,221,240,250" step="2"/><U133/><E133/><V62/><F106/><W88/><G77/><T10/><D10/><U3/><E3/><V97/><F103/><W96/><G35/><T118/><D118/><U20/><E20/><V65/><F100/><W57/><G27/><T67/><D67/><U5/><E9/><V58/><F65/><W132/><G132/><T99/><D99/><U124/><E14/><V46/><F97/><W6/><G96/><T52/><D52/><U95/><E124/><V128/><F128/><W4/><G55/><T123/><D123/><U112/><E98/><V50/><F25/><W11/><G53/><T44/><D44/><U16/><E45/><RYUUKYOKU ba="1,1" sc="279,30,221,-10,240,-10,250,-10" hai0="8,13,18,32,34,56,63,64,86,87,90,91,93" /><INIT seed="0,2,1,1,0,108" ten="309,211,230,240" oya="0" hai0="30,53,32,54,23,50,39,8,42,44,19,113,84" hai1="49,123,16,46,6,64,51,115,14,55,65,111,89" hai2="78,11,107,24,134,5,25,125,93,67,43,7,101" hai3="10,57,81,27,91,77,80,131,86,45,129,99,109"/><T118/><D118/><U82/><E123/><V132/><F107/><W95/><G109/><T75/><D75/><U58/><E111/><V9/><F78/><W110/><G110/><T40/><D32/><U47/><E6/><N who="2" m="2059" /><F43/><W22/><G10/><N who="2" m="3593" /><F67/><N who="1" m="25673" /><E115/><V20/><F125/><W100/><G57/><T105/><D105/><U94/><E82/><V18/><F93/><W112/><G45/><T87/><D113/><U35/><E35/><V2/><F101/><W76/><G112/><T119/><D39/><U130/><E51/><V122/><F2/><W38/><G38/><T120/><D120/><U4/><E130/><V135/><F122/><W1/><G1/><T90/><D119/><U74/><E74/><V60/><F60/><W61/><G61/><T106/><D106/><U70/><E70/><V117/><F117/><W128/><G81/><T103/><D103/><U56/><E56/><V17/><F24/><W62/><G62/><T48/><D42/><U92/><E92/><V98/><F98/><W3/><G3/><T31/><D40/><U21/><E47/><V68/><F68/><W133/><G77/><T88/><D44/><U85/><E46/><V59/><F59/><W63/><G63/><T13/><D50/><U37/><E37/><V116/><F116/><W26/><G26/><N who="0" m="14719" /><D48/><U127/><E127/><V96/><F96/><W71/><G100/><T69/><D69/><U66/><E66/><V33/><F33/><W0/><G0/><T15/><D54/><U104/><E104/><V29/><AGARI ba="2,1" hai="17,18,20,25,29,132,134,135" m="3593,2059" machi="29" ten="40,5200,0" yaku="20,1,34,2" doraHai="108" who="2" fromWho="2" sc="309,-28,211,-15,230,68,240,-15" /><INIT seed="1,0,0,2,5,123" ten="281,196,298,225" oya="1" hai0="48,44,89,114,66,22,25,135,117,59,23,125,55" hai1="43,39,90,81,76,111,101,92,60,119,35,28,91" hai2="106,50,98,116,71,58,108,12,51,94,122,34,52" hai3="127,80,18,104,10,0,132,47,13,88,11,102,129"/><U16/><E119/><V3/><F3/><W82/><G129/><T27/><D114/><U100/><E35/><V77/><F71/><W105/><G127/><T133/><D117/><U4/><E28/><V46/><F116/><W85/><G132/><T67/><D125/><U78/><E4/><V63/><F34/><W14/><G0/><T42/><D89/><U79/><E81/><V53/><F122/><W19/><G102/><T118/><D118/><U62/><E39/><V17/><F106/><W36/><G36/><T15/><D15/><U131/><E43/><V26/><F26/><W110/><G110/><T69/><D23/><U32/><E32/><V113/><F77/><W126/><G126/><T109/><D109/><U134/><E134/><N who="0" m="51209" /><D27/><U30/><E111/><V29/><F113/><W99/><G99/><T20/><D20/><U87/><E30/><V41/><F29/><W38/><REACH who="3" step="1"/><G82/><REACH who="3" ten="281,196,298,215" step="2"/><T107/><D107/><U40/><E131/><V130/><F130/><W9/><G9/><T21/><D25/><U49/><E101/><V31/><F108/><W96/><G96/><T7/><D22/><U5/><E100/><V65/><F98/><W45/><G45/><T72/><D21/><U86/><E86/><V84/><F31/><W74/><G74/><T112/><D72/><U1/><E87/><V6/><F84/><W95/><G95/><T83/><D83/><U124/><E92/><V120/><F94/><W54/><G54/><T57/><D112/><U8/><E124/><V121/><F121/><W103/><G103/><T97/><D55/><U70/><E8/><RYUUKYOKU ba="0,1" sc="281,-10,196,-10,298,-10,215,30" hai3="10,11,13,14,18,19,38,47,80,85,88,104,105" /><INIT seed="2,1,1,5,4,24" ten="271,186,288,245" oya="2" hai0="79,17,0,37,121,94,60,1,113,73,100,99,9" hai1="52,84,19,72,61,35,95,45,82,64,111,27,71" hai2="40,76,56,7,8,62,104,6,124,2,57,68,49" hai3="44,21,10,43,54,85,129,115,123,126,102,133,41"/><V16/><F104/><W74/><G123/><T48/><D113/><U20/><E111/><V59/><F124/><W97/><G74/><T86/><D37/><U18/><E35/><V87/><F68/><W75/><G115/><T78/><D121/><U90/><E19/><V117/><F117/><W4/><G75/><T112/><D112/><U105/><E105/><V34/><F34/><W120/><G126/><T128/><D128/><U28/><E18/><V58/><F2/><W25/><G129/><T22/><D73/><U88/><E72/><V39/><F39/><W127/><G120/><T50/><D60/><U23/><E23/><V132/><F132/><W96/><G133/><T125/><D125/><U101/><E101/><V32/><F32/><W11/><G85/><T31/><D1/><U122/><E122/><V67/><F40/><W26/><G54/><T12/><D0/><U103/><E103/><V116/><F49/><N who="0" m="19050" /><D86/><U5/><E5/><V46/><F46/><W30/><G44/><T42/><D42/><U29/><E45/><V47/><F47/><W66/><G43/><T118/><D118/><U108/><E108/><V65/><F116/><W33/><G41/><T106/><D106/><U91/><E91/><V51/><F51/><W15/><G102/><T130/><D130/><U110/><E110/><V14/><F65/><W135/><G66/><T134/><D134/><U131/><E131/><V77/><F87/><W36/><G36/><T13/><D13/><U92/><E82/><V81/><F81/><W114/><G135/><T69/><D69/><U107/><E71/><RYUUKYOKU ba="1,1" sc="271,15,186,-15,288,15,245,-15" hai0="9,12,17,22,31,78,79,94,99,100" hai2="6,7,8,14,16,56,57,58,59,62,67,76,77" /><INIT seed="2,2,1,0,2,72" ten="286,171,303,230" oya="2" hai0="118,89,121,83,126,65,46,93,101,82,77,18,15" hai1="96,95,94,92,4,31,129,107,16,71,108,76,70" hai2="64,114,6,21,7,62,74,105,104,131,59,58,111" hai3="48,60,103,85,35,26,14,50,135,113,115,57,8"/><V130/><F114/><N who="3" m="43531" /><G135/><T84/><D121/><U32/><E108/><V97/><F111/><W51/><G103/><T52/><D126/><U53/><E4/><N who="2" m="1579" /><F74/><W13/><G8/><T40/><D118/><U29/><E129/><N who="2" m="49163" /><F21/><W37/><G37/><T106/><D65/><U38/><E38/><V87/><F87/><W134/><G134/><T110/><D110/><U5/><E5/><V88/><F59/><W10/><G10/><T63/><D83/><U68/><E32/><V20/><F20/><W102/><G102/><T19/><D101/><U120/><E120/><V79/><F79/><W43/><G85/><N who="0" m="48335" /><D15/><U78/><E107/><V90/><F97/><W73/><G73/><T12/><D106/><AGARI ba="2,1" hai="58,62,64,88,90,104,105,106" m="49163,1579" machi="106" ten="30,2900,0" yaku="19,1,54,1" doraHai="72" who="2" fromWho="0" sc="286,-35,171,0,303,45,230,0" /><INIT seed="2,3,0,3,2,119" ten="251,171,348,230" oya="2" hai0="63,84,75,52,20,99,135,79,14,92,23,11,72" hai1="36,59,120,105,67,91,17,57,96,83,9,46,33" hai2="80,13,102,45,38,89,101,94,66,106,64,109,5" hai3="58,129,24,132,85,34,115,21,47,93,15,82,116"/><V70/><F106/><W0/><G116/><T74/><D135/><U19/><E33/><V88/><F70/><W77/><G0/><T54/><D84/><U50/><E36/><V62/><F109/><W98/><G132/><T28/><D79/><U31/><E31/><V117/><F117/><W110/><G110/><T49/><D63/><U71/><E71/><V131/><F131/><W37/><G129/><T39/><D39/><U103/><E120/><V86/><F45/><W118/><G118/><T100/><D28/><U69/><E69/><V1/><F1/><W48/><G37/><T107/><D107/><U124/><E124/><V68/><F38/><W114/><G34/><T81/><D81/><U40/><E67/><N who="2" m="25643" /><F62/><W43/><G58/><T78/><D78/><U87/><REACH who="1" step="1"/><E19/><REACH who="1" ten="251,161,348,230" step="2"/><V29/><F29/><N who="3" m="17551" /><G115/><T127/><D127/><U51/><E51/><V30/><F30/><W53/><G114/><T108/><D108/><U60/><E60/><V134/><F134/><W130/><G130/><T27/><D49/><U3/><E3/><V26/><F68/><W12/><G43/><T35/><D54/><U55/><E55/><V8/><F26/><W95/><G53/><T6/><D52/><U7/><E7/><V90/><F94/><W133/><G93/><T65/><D65/><U44/><E44/><V2/><F2/><W97/><G95/><T22/><D35/><U123/><E123/><V112/><F112/><W73/><G133/><T122/><D27/><U32/><E32/><V61/><F61/><W76/><G47/><T42/><D42/><U113/><E113/><RYUUKYOKU ba="3,1" sc="251,10,161,10,348,10,230,-30" hai0="6,11,14,20,22,23,72,74,75,92,99,100,122" hai1="9,17,40,46,50,57,59,83,87,91,96,103,105" hai2="5,8,13,80,86,88,89,90,101,102" /><INIT seed="2,4,1,5,1,37" ten="261,171,358,200" oya="2" hai0="90,109,112,135,67,128,123,23,96,76,27,111,92" hai1="134,70,13,126,6,81,97,59,56,65,110,62,120" hai2="18,99,91,52,24,57,41,54,104,132,1,50,84" hai3="87,29,30,47,25,129,117,5,22,94,66,131,39"/><V58/><F1/><W48/><G117/><T102/><D112/><U4/><E110/><N who="0" m="41993" /><D123/><U68/><E120/><V108/><F108/><W82/><G39/><T80/><D67/><U119/><E119/><V101/><F132/><W107/><G107/><T86/><D128/><N who="3" m="49225" /><G5/><T115/><D115/><U34/><E34/><V11/><F41/><N who="3" m="24687" /><G66/><T75/><D135/><U60/><E126/><V124/><F124/><W20/><G94/><N who="0" m="54615" /><D27/><U14/><E134/><V7/><F24/><N who="3" m="16519" /><G87/><N who="0" m="48519" /><D23/><U106/><E65/><V71/><F71/><W116/><G116/><T89/><D75/><U78/><E106/><V32/><F32/><W103/><G82/><T69/><D69/><U114/><E81/><V61/><F18/><W74/><G74/><T12/><D12/><U28/><E114/><V46/><F46/><W85/><G85/><T122/><D122/><U63/><E70/><V26/><F26/><W72/><G72/><T10/><D10/><U73/><E73/><V21/><F21/><W9/><G9/><T98/><D98/><U79/><E97/><V55/><F58/><N who="1" m="22057" /><E68/><V51/><F11/><W127/><G127/><T43/><D43/><U100/><E28/><V8/><F8/><W17/><G30/><T16/><D16/><U15/><E100/><AGARI ba="4,1" hai="17,22,25,100,103" m="16519,24687,49225" machi="100" ten="30,2000,0" yaku="19,1,52,1" doraHai="37" who="3" fromWho="1" sc="261,0,171,-32,358,0,200,42" /><AGARI ba="4,0" hai="89,92,96,100,102" m="48519,54615,41993" machi="100" ten="30,3900,0" yaku="14,1,34,2" doraHai="37" who="0" fromWho="1" sc="261,39,139,-39,358,0,242,0" /><INIT seed="3,0,0,4,2,88" ten="300,100,358,242" oya="3" hai0="70,73,110,15,106,46,58,11,99,30,98,38,37" hai1="80,55,124,126,28,85,44,52,123,83,89,128,129" hai2="103,2,60,41,135,122,35,5,0,127,131,112,10" hai3="71,113,19,13,31,92,121,1,109,101,53,117,18"/><W50/><G1/><T118/><D70/><U27/><E123/><V74/><F103/><W23/><G71/><T108/><D118/><U93/><E83/><V81/><F60/><W67/><G121/><T21/><D73/><U29/><E80/><V72/><F41/><W40/><G67/><T97/><D106/><U57/><E44/><V133/><F81/><W43/><G113/><T134/><D58/><U33/><E29/><V91/><F91/><W130/><G117/><T114/><D46/><U3/><E3/><V25/><F122/><W76/><G31/><T82/><D82/><U34/><E34/><V119/><F112/><W61/><G61/><T56/><D56/><U79/><E79/><V24/><F119/><W4/><G4/><N who="0" m="3559" /><D114/><U48/><REACH who="1" step="1"/><E55/><REACH who="1" ten="300,90,358,242" step="2"/><V62/><F35/><W96/><G76/><T78/><D78/><U64/><E64/><V12/><F2/><W59/><G109/><T69/><D30/><U7/><E7/><V65/><F5/><W20/><REACH who="3" step="1"/><G130/><AGARI ba="0,1" hai="27,28,33,48,52,57,85,89,93,124,126,128,129,130" machi="130" ten="40,12000,2" yaku="1,1,19,1,52,1,54,1,53,2" doraHai="88" doraHaiUra="132" who="1" fromWho="3" sc="300,0,90,130,358,0,242,-120" /><INIT seed="4,0,0,4,5,21" ten="300,220,358,122" oya="0" hai0="26,128,100,112,65,74,80,1,121,34,58,120,27" hai1="63,76,131,95,52,5,129,130,59,12,7,56,87" hai2="48,103,40,33,39,68,111,89,119,118,132,126,78" hai3="70,41,106,98,50,73,18,88,107,9,133,36,125"/><T55/><D1/><U113/><E113/><V71/><F111/><W134/><G70/><T122/><D34/><U8/><E7/><V97/><F39/><W96/><G36/><T14/><D112/><U42/><E42/><V44/><F33/><W11/><G73/><T24/><D128/><U19/><E5/><V84/><F78/><W6/><G125/><T10/><D100/><U3/><E3/><V91/><F132/><N who="3" m="50795" /><G18/><T109/><D109/><U67/><E76/><V45/><F45/><N who="3" m="25903" /><G98/><T2/><D2/><U30/><E30/><V49/><F126/><W31/><G31/><T93/><D93/><U47/><E47/><V23/><F71/><W29/><G29/><T60/><D74/><U13/><E12/><V53/><F68/><W102/><G107/><T66/><REACH who="0" step="1"/><D80/><REACH who="0" ten="290,220,358,122" step="2"/><U57/><E95/><N who="2" m="54695" /><F103/><W25/><G106/><T99/><D99/><U62/><E87/><V69/><F97/><W101/><G102/><T110/><D110/><U77/><E77/><V94/><F94/><W79/><G101/><T83/><D83/><U90/><E90/><V116/><F91/><W43/><G79/><T72/><D72/><U135/><E135/><V54/><F116/><W81/><G88/><T85/><D85/><U123/><E130/><V16/><F118/><W115/><G81/><T35/><D35/><U124/><E124/><V127/><F119/><W64/><G96/><T82/><D82/><U51/><E131/><V20/><F127/><W108/><G115/><T75/><D75/><U114/><E129/><V38/><F38/><W105/><G108/><T46/><D46/><RYUUKYOKU ba="0,1" sc="290,30,220,-10,358,-10,122,-10" hai0="10,14,24,26,27,55,58,60,65,66,120,121,122" /><INIT seed="4,1,1,4,3,91" ten="320,210,348,112" oya="0" hai0="19,6,110,129,71,40,68,13,61,26,120,111,30" hai1="121,41,43,2,10,16,45,75,21,72,128,42,52" hai2="93,125,0,96,34,32,57,50,88,124,89,112,132" hai3="80,77,12,70,97,101,69,56,66,95,106,81,134"/><T94/><D6/><U118/><E118/><V39/><F39/><W36/><G36/><T7/><D7/><U63/><E121/><V62/><F0/><W122/><G122/><T92/><D40/><U60/><E128/><V31/><F132/><W123/><G123/><T67/><D71/><U33/><E33/><V84/><F50/><W46/><G134/><T100/><D100/><U86/><E2/><V99/><F112/><W18/><G46/><T47/><D47/><U73/><E10/><V116/><F116/><W44/><G44/><T27/><D120/><U20/><E86/><V11/><F11/><W115/><G115/><T55/><D55/><U35/><E35/><N who="2" m="13355" /><F89/><W5/><G5/><T58/><D68/><U78/><E78/><V9/><F9/><W59/><G106/><T4/><D4/><U38/><E21/><V117/><F31/><W8/><G80/><T22/><D129/><U24/><REACH who="1" step="1"/><E38/><REACH who="1" ten="320,200,348,112" step="2"/><V15/><F117/><W37/><G37/><T135/><D135/><U90/><E90/><V74/><F88/><W109/><G109/><N who="0" m="41483" /><D27/><U48/><AGARI ba="1,2" hai="16,20,24,41,42,43,45,48,52,60,63,72,73,75" machi="48" ten="40,8000,1" yaku="1,1,0,1,54,2,53,0" doraHai="91" doraHaiUra="98" who="1" fromWho="1" sc="320,-41,200,103,348,-21,112,-21" /><INIT seed="5,0,0,4,3,124" ten="279,303,327,91" oya="1" hai0="76,88,115,95,22,46,59,14,79,72,20,116,71" hai1="122,70,91,61,19,87,40,111,82,121,99,11,83" hai2="35,44,56,105,54,29,127,106,32,80,58,104,77" hai3="114,26,47,12,96,118,86,90,130,69,13,50,57"/><U16/><E111/><V68/><F68/><W34/><G69/><T18/><D71/><U102/><E40/><V73/><F127/><W36/><G114/><T43/><D116/><U39/><E39/><V135/><F135/><W62/><G118/><T134/><D134/><U9/><E83/><V21/><F44/><W37/><G34/><T93/><D93/><U97/><E97/><V100/><F100/><W125/><G26/><T42/><D115/><U113/><E113/><V24/><REACH who="2" step="1"/><F58/><REACH who="2" ten="279,303,317,91" step="2"/><W8/><G125/><T74/><D59/><U30/><E70/><V117/><F117/><W45/><G45/><T27/><D46/><U4/><E102/><V17/><F17/><W75/><G47/><T2/><D43/><U48/><E19/><V108/><F108/><W123/><G57/><T49/><D18/><U10/><E16/><V112/><F112/><W52/><G37/><T23/><D42/><U38/><E38/><V33/><F33/><W84/><G36/><T66/><D27/><U55/><E122/><V103/><F103/><W120/><G123/><T6/><D23/><U60/><E121/><V128/><F128/><W98/><G130/><T133/><D22/><U119/><E119/><V126/><F126/><W64/><G120/><T7/><D20/><U85/><E30/><V25/><F25/><W15/><G8/><T63/><D133/><U78/><E10/><V31/><F31/><W129/><G129/><T41/><D41/><U65/><E11/><V5/><F5/><W92/><G15/><T3/><D14/><U132/><E132/><V81/><F81/><RYUUKYOKU ba="0,1" sc="279,-10,303,-10,317,30,91,-10" hai2="21,24,29,32,35,54,56,73,77,80,104,105,106" /><INIT seed="6,1,1,3,0,122" ten="269,293,347,81" oya="2" hai0="112,116,57,110,74,0,29,40,33,8,10,34,113" hai1="7,103,93,43,2,55,37,88,80,111,85,50,39" hai2="44,21,71,100,102,35,72,91,26,22,78,101,123" hai3="66,4,59,129,134,94,65,98,23,117,60,12,135"/><V47/><F71/><W48/><G117/><T86/><D74/><U126/><E111/><V96/><F123/><W70/><G129/><T38/><D110/><U13/><E126/><V107/><F35/><W128/><G128/><T69/><D69/><U127/><E127/><V124/><F124/><W99/><G99/><T53/><D116/><U20/><E43/><V106/><F91/><W67/><G48/><T120/><D120/><U84/><E2/><V83/><F22/><W31/><G70/><T25/><D34/><U56/><E103/><V76/><F76/><W18/><G4/><T62/><D86/><U89/><E7/><V87/><F72/><W30/><G134/><T104/><D104/><U58/><E56/><V49/><F106/><W15/><G15/><T73/><D73/><U131/><E131/><V133/><F47/><W27/><G135/><T95/><D95/><U79/><E79/><V42/><REACH who="2" step="1"/><F133/><REACH who="2" ten="269,293,337,81" step="2"/><W130/><G130/><T77/><D77/><U92/><E80/><V32/><F32/><W68/><G68/><T82/><D82/><U114/><E114/><V54/><F54/><W125/><G125/><T36/><D113/><U17/><AGARI ba="1,2" hai="13,17,20,37,39,50,55,58,84,85,88,89,92,93" machi="17" ten="30,8000,1" yaku="0,1,9,1,25,2,54,1" doraHai="122" who="1" fromWho="1" sc="269,-21,293,103,337,-41,81,-21" /><INIT seed="7,0,0,0,4,82" ten="248,396,296,60" oya="3" hai0="10,18,26,103,73,35,132,29,128,107,101,33,77" hai1="30,90,48,3,66,121,5,79,41,123,78,108,88" hai2="118,52,59,131,96,89,8,28,74,14,61,70,85" hai3="112,2,27,71,32,97,40,80,115,87,37,7,55"/><W69/><G55/><T58/><D35/><U13/><E3/><V36/><F36/><W17/><G97/><T75/><D103/><U56/><E30/><V134/><F118/><W16/><G40/><T0/><D101/><U62/><E108/><V23/><F74/><W122/><G122/><T4/><D107/><U21/><E121/><V84/><F70/><W95/><G37/><T49/><D128/><U31/><E123/><V34/><F34/><W130/><G130/><T86/><D132/><U110/><E110/><V119/><F134/><W11/><G95/><T63/><D49/><U9/><E21/><V22/><F131/><W6/><G6/><T102/><D102/><U114/><E31/><V133/><F119/><W57/><G57/><T111/><D111/><U81/><E114/><N who="3" m="43562" /><G32/><T104/><D104/><U51/><E79/><V93/><F133/><W76/><G27/><T127/><D58/><U42/><E42/><V125/><F28/><W92/><G92/><T12/><D63/><U94/><E41/><V72/><F72/><W39/><G39/><T45/><D45/><U109/><E109/><V44/><F44/><W124/><G124/><T83/><D127/><U64/><E64/><V98/><F125/><W47/><G47/><T43/><D43/><U106/><E106/><V99/><F85/><W129/><G129/><T105/><D105/><U117/><E117/><V60/><F61/><W50/><G50/><N who="1" m="18986" /><E94/><V68/><F68/><AGARI ba="0,0" hai="2,7,11,16,17,68,69,71,76,80,87" m="43562" machi="68" ten="30,5800,0" yaku="15,1,52,1,54,1" doraHai="82" who="3" fromWho="2" sc="248,0,396,0,296,-58,60,58" /><INIT seed="7,1,0,1,1,91" ten="248,396,238,118" oya="3" hai0="86,2,74,113,39,47,42,9,121,41,71,102,82" hai1="4,85,73,114,104,59,81,88,119,32,31,68,20" hai2="124,24,30,58,134,10,72,101,130,92,0,18,60" hai3="115,43,19,40,112,99,69,80,14,13,62,135,83"/><W34/><G34/><T90/><D121/><U64/><E104/><V93/><F72/><W65/><G135/><T89/><D71/><U33/><E114/><N who="3" m="43562" /><G99/><T36/><D113/><U97/><E68/><V117/><F117/><W45/><G14/><T48/><D102/><U109/><E109/><V127/><F101/><W66/><G66/><T29/><D29/><U23/><E4/><N who="2" m="1287" /><F18/><W103/><G103/><T78/><D86/><U44/><E85/><V21/><F134/><W70/><G70/><T84/><D84/><U3/><E97/><V120/><F130/><W122/><G122/><T87/><D87/><U6/><E64/><N who="2" m="38935" /><F120/><W22/><G43/><T107/><D107/><U105/><E33/><V1/><F1/><W128/><G128/><T116/><D116/><U95/><E32/><V77/><F77/><W26/><G13/><T46/><D39/><AGARI ba="1,0" hai="19,22,26,39,40,45,62,65,69,80,83" m="43562" machi="39" ten="30,1500,0" yaku="15,1" doraHai="91" who="3" fromWho="0" sc="248,-18,396,0,238,0,118,18" /><INIT seed="7,2,0,2,5,12" ten="230,396,238,136" oya="3" hai0="74,14,8,59,104,2,46,61,49,129,51,58,101" hai1="77,134,114,41,34,103,54,28,20,1,79,63,68" hai2="31,26,57,81,35,21,97,75,88,24,56,0,132" hai3="44,76,42,123,15,127,95,89,9,45,55,62,69"/><W121/><G76/><T85/><D74/><U40/><E103/><V39/><F39/><W18/><G127/><T116/><D2/><U90/><E41/><V16/><F0/><W6/><G6/><T83/><D116/><U25/><E20/><V102/><F132/><W80/><G80/><T94/><D104/><U126/><E90/><V4/><F4/><W22/><G9/><T135/><D135/><U73/><E54/><V82/><F82/><W110/><G110/><T53/><D129/><U91/><E91/><V23/><F35/><W133/><G133/><T27/><D27/><U78/><E78/><V115/><F115/><W105/><G105/><T13/><D59/><U64/><E79/><V67/><F67/><W72/><G72/><T130/><D130/><U19/><E114/><V71/><F71/><W92/><G92/><T119/><D51/><U109/><E40/><V112/><F112/><W38/><G45/><T36/><D36/><U113/><E109/><V125/><F125/><W128/><G128/><T117/><D119/><U98/><E73/><V66/><F66/><N who="3" m="41175" /><G55/><N who="0" m="34015" /><D117/><U131/><E1/><V43/><F43/><W120/><G121/><T111/><D111/><U84/><E131/><V3/><F3/><W93/><G93/><T100/><D8/><U70/><E113/><V65/><F65/><W50/><G38/><T37/><D37/><U52/><E126/><V29/><F75/><W99/><G120/><T87/><D94/><U122/><E122/><V7/><F7/><W11/><G123/><T124/><D124/><U60/><E134/><V106/><F31/><RYUUKYOKU ba="2,0" sc="230,-15,396,-15,238,15,136,15" hai2="16,21,23,24,26,29,56,57,81,88,97,102,106" hai3="11,15,18,22,42,44,50,89,95,99" /><INIT seed="7,3,0,2,4,123" ten="215,381,253,151" oya="3" hai0="28,9,39,86,109,102,132,134,121,29,78,20,98" hai1="124,70,24,79,115,100,117,68,87,110,48,108,95" hai2="99,45,47,81,36,19,1,127,16,94,129,61,46" hai3="118,3,14,49,63,58,82,62,66,135,54,37,67"/><W112/><G3/><T5/><D39/><U131/><E48/><V57/><F1/><W74/><G118/><T4/><D121/><U120/><E24/><V26/><F36/><W128/><G37/><T18/><D86/><U27/><E27/><V76/><F127/><W53/><G112/><T93/><D78/><U72/><E120/><V52/><F129/><W103/><G103/><T25/><D109/><N who="1" m="42091" /><E68/><V35/><F35/><W125/><G128/><T133/><D5/><U12/><E12/><AGARI ba="3,0" hai="4,9,12,18,20,25,28,29,93,98,102,132,133,134" machi="12" ten="40,1300,0" yaku="20,1" doraHai="123" who="0" fromWho="1" sc="215,22,381,-22,253,0,151,0" owari="237,-16.0,359,46.0,253,5.0,151,-35.0" /></mjloggm>