<mjloggm ver="2.3"><GO type="41" lobby="0"/><UN n0="%E3%83%81%E3%83%A7%E3%82%B3%E7%8C%AB" n1="%E3%82%A6%E3%82%A3%E3%83%89%E3%82%A5%EF%BC%A0%E9%98%AA%E7%A5%9E" n2="%E8%8F%AF%E5%AD%94%E9%9B%80" n3="%E5%B0%B1%E6%B4%BB%E7%94%9F%40%E5%B7%9D%E6%9D%91%E8%BB%8D%E5%9B%A3" dan="14,16,14,15" rate="2049.07,2006.90,1868.87,1974.55" sx="F,M,M,M"/><TAIKYOKU oya="0"/><INIT seed="0,0,0,5,4,61" ten="250,250,250,250" oya="0" hai0="114,132,109,58,26,1,44,133,34,89,100,6,66" hai1="62,80,64,92,95,131,56,94,47,98,68,103,65" hai2="91,130,13,110,29,14,73,19,102,81,107,25,55" hai3="117,54,82,8,126,35,21,18,129,32,52,76,71"/><T79/><D114/><U36/><E131/><V108/><F107/><W24/><G71/><T128/><D128/><U134/><E134/><N who="0" m="51817" /><D79/><U20/><E80/><V0/><F102/><W10/><G117/><T113/><D113/><U123/><E123/><V12/><F0/><W119/><G119/><T16/><D100/><U2/><E2/><V63/><F130/><W31/><G129/><T97/><D44/><U127/><E127/><V9/><F73/><W67/><G126/><T7/><D34/><U75/><E75/><V85/><F55/><W60/><G35/><T45/><D45/><U42/><REACH who="1" step="1"/><E20/><REACH who="1" ten="250,240,250,250" step="2"/><N who="2" m="15527" /><F63/><AGARI ba="0,1" hai="36,42,47,56,62,63,64,65,68,92,94,95,98,103" machi="63" ten="40,8000,1" yaku="1,1,52,2,53,1" doraHai="61" doraHaiUra="41" who="1" fromWho="2" sc="250,0,240,90,250,-80,250,0" /><INIT seed="1,0,0,2,3,81" ten="250,330,170,250" oya="1" hai0="6,3,65,47,103,100,7,9,85,54,121,132,92" hai1="91,50,104,29,127,134,13,130,123,70,61,118,8" hai2="135,82,119,55,24,57,72,133,109,95,14,27,18" hai3="110,32,90,20,0,73,15,98,107,74,45,16,56"/><U131/><E118/><V26/><F119/><W59/><G110/><T35/><D121/><U37/><E123/><V84/><F72/><W41/><G32/><T116/><D35/><U113/><E113/><V34/><F95/><W80/><G0/><T83/><D116/><U12/><E37/><V62/><F109/><W128/><G128/><N who="1" m="49194" /><E134/><N who="2" m="51211" /><F34/><W108/><G108/><T112/><D132/><U63/><E127/><V93/><F93/><W67/><G67/><T5/><D112/><U38/><E38/><V49/><F62/><N who="1" m="23561" /><E70/><V66/><F66/><W75/><G107/><T28/><D28/><U22/><E104/><V11/><F27/><W33/><G33/><T30/><D30/><U19/><E50/><V111/><F111/><W114/><G114/><T44/><D65/><U86/><E29/><V1/><F1/><W52/><G98/><T71/><D71/><U99/><E99/><V36/><F36/><W46/><G56/><T97/><D54/><U89/><E89/><AGARI ba="0,0" hai="11,14,18,24,26,49,55,57,82,84,89" m="51211" machi="89" ten="30,2000,0" yaku="20,1,52,1" doraHai="81" who="2" fromWho="1" sc="250,0,330,-20,170,20,250,0" /><INIT seed="2,0,0,3,3,2" ten="250,310,190,250" oya="2" hai0="34,76,101,63,51,46,45,52,116,71,21,49,31" hai1="70,131,57,77,109,111,66,112,24,26,82,15,33" hai2="94,120,5,83,62,102,108,8,14,124,105,68,119" hai3="104,118,9,84,35,130,42,97,103,58,75,81,1"/><V41/><F120/><W129/><G118/><T125/><D116/><U38/><E112/><V126/><F119/><W55/><G35/><T39/><D34/><U114/><E114/><V6/><F41/><W7/><G75/><T16/><D76/><U113/><E113/><V86/><F105/><W32/><G42/><T3/><D3/><U12/><E38/><V25/><F25/><N who="1" m="9833" /><E70/><V28/><F28/><W23/><G23/><T85/><D31/><U79/><E131/><V92/><F108/><N who="1" m="41545" /><E33/><V40/><F40/><W122/><G32/><T123/><D39/><U88/><E66/><N who="2" m="41047" /><F102/><W65/><G65/><T22/><D123/><U99/><E57/><V11/><F94/><W91/><REACH who="3" step="1"/><G122/><REACH who="3" ten="250,310,190,240" step="2"/><T133/><D22/><U106/><E106/><V20/><F20/><W53/><G53/><T19/><D21/><U56/><E79/><N who="2" m="46463" /><F92/><W80/><G80/><T96/><D52/><U61/><E77/><V48/><F48/><AGARI ba="0,1" hai="1,7,9,48,55,58,81,84,91,97,103,104,129,130" machi="48" ten="40,2600,0" yaku="1,1,52,1,53,0" doraHai="2" doraHaiUra="27" who="3" fromWho="2" sc="250,0,310,0,190,-26,240,36" /><INIT seed="3,0,0,4,1,78" ten="250,310,164,276" oya="3" hai0="57,23,127,59,91,60,11,61,104,106,4,131,17" hai1="82,18,14,65,89,2,19,42,115,37,16,43,93" hai2="53,28,101,24,105,22,3,85,21,38,103,77,5" hai3="54,110,9,99,108,92,121,1,56,44,46,100,67"/><W122/><G1/><T26/><D127/><U123/><E2/><V13/><F38/><W114/><G114/><T86/><D131/><U111/><E115/><V76/><F105/><W95/><G67/><T45/><D45/><N who="3" m="17513" /><G9/><T20/><D106/><U117/><E111/><N who="3" m="42538" /><G95/><T62/><D104/><U30/><E30/><V125/><F125/><W90/><G100/><T52/><D20/><U47/><E43/><V41/><F41/><W71/><G71/><T58/><D11/><U12/><E65/><V72/><F72/><W33/><G33/><T113/><D4/><U97/><E123/><V84/><F3/><W27/><G27/><T135/><D113/><U55/><E117/><V73/><F73/><W132/><G132/><T15/><D135/><U34/><E34/><V107/><F107/><W70/><G70/><T116/><D26/><U112/><E112/><V130/><F130/><W8/><G8/><T81/><REACH who="0" step="1"/><D116/><REACH who="0" ten="240,310,164,276" step="2"/><U88/><E12/><V36/><F5/><W119/><G119/><T0/><D0/><U87/><E14/><V35/><F36/><W94/><G94/><T29/><D29/><U126/><E126/><V32/><F32/><W69/><G69/><T68/><D68/><U64/><E19/><N who="2" m="10479" /><F35/><W10/><G10/><T128/><D128/><U75/><E18/><V83/><F53/><AGARI ba="0,1" hai="15,17,23,52,53,57,58,59,60,61,62,81,86,91" machi="53" ten="40,8000,1" yaku="1,1,8,1,52,1,54,1,53,0" doraHai="78" doraHaiUra="129" who="0" fromWho="2" sc="240,90,310,0,164,-80,276,0" /><INIT seed="4,0,0,3,3,36" ten="330,310,84,276" oya="0" hai0="86,3,57,98,24,65,5,97,88,133,23,96,34" hai1="113,117,74,103,70,56,21,119,101,31,134,4,26" hai2="122,99,41,13,129,76,61,29,1,75,64,7,118" hai3="67,18,110,91,112,95,2,28,115,66,20,93,123"/><T106/><D34/><U68/><E74/><V46/><F122/><W126/><G2/><T105/><D133/><U10/><E134/><V104/><F118/><W9/><G123/><T12/><D3/><U49/><E113/><N who="3" m="43594" /><G110/><T17/><D5/><U87/><E117/><V30/><F129/><W6/><G126/><T27/><D106/><U121/><E121/><V72/><F13/><N who="3" m="5303" /><G28/><T79/><D105/><U40/><E119/><V33/><F30/><W109/><G109/><T84/><D65/><N who="3" m="24585" /><G91/><T71/><D71/><U38/><E68/><V52/><F76/><W83/><G83/><N who="0" m="47231" /><D57/><U53/><E70/><V22/><F7/><W130/><G130/><T42/><D24/><AGARI ba="0,0" hai="18,20,24,93,95" m="24585,5303,43594" machi="24" ten="30,1000,0" yaku="15,1" doraHai="36" who="3" fromWho="0" sc="330,-10,310,0,84,0,276,10" /><INIT seed="5,0,0,5,3,39" ten="320,310,84,286" oya="1" hai0="61,107,102,3,122,36,26,92,124,87,43,108,82" hai1="15,104,63,128,75,126,72,89,55,96,103,71,56" hai2="2,74,73,65,38,49,111,40,85,83,116,24,76" hai3="131,119,20,14,21,106,18,127,9,1,81,28,69"/><U115/><E115/><V12/><F116/><W132/><G81/><T31/><D122/><U109/><E126/><V78/><F111/><W77/><G77/><T135/><D108/><U68/><E128/><V11/><F65/><W123/><G106/><T105/><D124/><U7/><E109/><V94/><F2/><W41/><G69/><T97/><D3/><U30/><E30/><V22/><F38/><W64/><G64/><T134/><D61/><U99/><E71/><V46/><F94/><W125/><G41/><T114/><D43/><U79/><E79/><V59/><F59/><W13/><G119/><T54/><D54/><U23/><E68/><V98/><F98/><W93/><G93/><T58/><D58/><U113/><E113/><V6/><F78/><W37/><G37/><T67/><D36/><U52/><E55/><V29/><AGARI ba="0,0" hai="6,11,12,22,24,29,40,46,49,73,74,76,83,85" machi="29" ten="20,8000,1" yaku="0,1,7,1,25,2,52,1" doraHai="39" who="2" fromWho="2" sc="320,-20,310,-40,84,80,286,-20" /><INIT seed="6,0,0,2,3,59" ten="300,270,164,266" oya="2" hai0="119,78,24,62,40,113,50,65,85,118,9,97,91" hai1="100,131,64,56,53,49,72,116,126,110,23,117,76" hai2="134,130,36,96,6,54,102,58,63,34,2,83,69" hai3="20,7,48,21,68,31,51,128,107,127,28,80,3"/><V52/><F34/><W82/><G107/><T4/><D113/><U19/><E100/><V125/><F36/><W71/><G7/><T32/><D32/><U47/><E110/><V66/><F134/><W75/><G75/><T38/><D38/><U87/><E72/><V105/><F130/><W33/><G33/><T106/><D24/><U93/><E131/><V94/><F125/><W132/><G128/><T57/><D106/><U115/><E115/><V61/><F105/><W37/><G37/><T98/><D78/><U30/><E126/><V22/><F83/><W46/><G46/><N who="0" m="25927" /><D85/><U90/><E30/><V26/><F6/><W99/><G99/><T135/><D135/><U14/><E76/><V84/><F2/><W109/><G3/><T81/><D81/><U17/><E17/><V124/><F124/><W89/><G89/><T41/><D91/><U16/><E19/><V12/><F12/><W15/><G127/><T95/><D95/><U122/><E122/><V77/><F77/><W129/><G129/><T111/><D111/><U114/><E114/><V103/><F84/><W74/><G74/><T10/><D4/><U35/><E35/><V27/><F27/><W104/><G104/><T45/><D98/><U92/><E92/><V86/><F86/><W112/><G112/><T120/><D97/><U18/><E18/><V11/><F11/><N who="0" m="4106" /><D120/><U1/><E1/><V29/><F103/><W70/><G109/><T0/><D0/><U123/><E123/><V121/><F121/><W60/><G132/><T13/><D13/><U67/><E47/><V101/><F101/><RYUUKYOKU ba="0,0" sc="300,10,270,10,164,10,266,-30" hai0="41,45,57,62,65,118,119" hai1="14,16,23,49,53,56,64,67,87,90,93,116,117" hai2="22,26,29,52,54,58,61,63,66,69,94,96,102" /><INIT seed="6,1,0,0,2,35" ten="310,280,174,236" oya="2" hai0="63,19,125,51,48,126,114,115,103,92,76,88,70" hai1="107,26,22,122,133,8,75,62,74,27,13,99,9" hai2="55,20,87,21,30,105,121,6,50,83,112,118,36" hai3="69,93,97,32,4,1,28,123,56,109,49,98,124"/><V60/><F105/><W86/><G69/><T15/><D76/><U113/><E113/><N who="0" m="43017" /><D103/><U67/><E133/><V16/><F36/><W100/><G109/><T12/><D70/><U77/><E122/><V54/><F112/><W85/><G123/><T37/><D37/><U0/><E27/><V110/><F121/><W18/><G124/><N who="0" m="47723" /><D63/><U101/><E77/><V17/><F118/><W80/><G18/><N who="2" m="7273" /><F6/><W29/><G32/><T130/><D130/><U61/><E61/><V33/><F33/><W91/><G97/><N who="0" m="57479" /><D15/><U79/><E13/><V111/><F30/><W102/><G102/><T81/><D81/><U53/><E75/><V89/><F111/><W39/><G39/><T95/><D95/><U78/><E74/><V23/><F110/><W120/><G86/><T104/><D104/><U42/><E107/><V96/><F96/><W3/><G120/><T128/><D128/><U127/><E99/><V44/><F60/><W47/><G29/><T46/><D46/><U84/><E62/><V25/><F25/><W31/><G56/><T41/><D41/><AGARI ba="1,0" hai="20,21,23,41,44,50,54,55,83,87,89" m="7273" machi="41" ten="30,2900,0" yaku="8,1,54,1" doraHai="35" who="2" fromWho="0" sc="310,-32,280,0,174,32,236,0" /><INIT seed="6,2,0,3,3,11" ten="278,280,206,236" oya="2" hai0="66,33,83,112,88,75,72,130,73,119,37,132,81" hai1="69,10,51,50,1,94,13,97,127,117,91,45,92" hai2="93,107,5,104,126,20,57,64,128,29,19,27,39" hai3="56,106,16,122,32,49,85,74,135,43,120,26,31"/><V63/><F39/><W4/><G74/><T82/><D37/><U96/><E117/><V48/><F128/><W6/><G106/><T70/><D33/><U0/><E69/><V77/><F126/><W7/><G135/><T40/><D40/><U103/><E127/><V28/><F77/><W25/><G85/><T99/><D70/><U35/><E35/><V47/><F5/><W55/><G43/><T129/><D66/><U65/><E65/><V89/><F107/><W62/><REACH who="3" step="1"/><G49/><REACH who="3" ten="278,280,206,226" step="2"/><T131/><D132/><U98/><E51/><V46/><F104/><W109/><G109/><T60/><D60/><U110/><E110/><V18/><F29/><W42/><G42/><T67/><D119/><U86/><E86/><N who="2" m="52407" /><F48/><W2/><G2/><T36/><D36/><U17/><E97/><V15/><F28/><W123/><G123/><T21/><D75/><U9/><E0/><V30/><F30/><W134/><G134/><T108/><D73/><U76/><E1/><V14/><F27/><W71/><G71/><T38/><D72/><U24/><E24/><V34/><F34/><W121/><G121/><T125/><D38/><U111/><E111/><V90/><F90/><W44/><G44/><T68/><D108/><U3/><E3/><V118/><F118/><W59/><G59/><T12/><D125/><U84/><E76/><V101/><F101/><W114/><G114/><T115/><D99/><U22/><E96/><V100/><F100/><W52/><G52/><AGARI ba="2,1" hai="9,10,13,17,22,45,50,52,84,91,92,94,98,103" machi="52" ten="30,7700,0" yaku="7,1,8,1,52,1,54,1" doraHai="11" who="1" fromWho="3" sc="278,0,280,93,206,0,226,-83" /><INIT seed="7,0,0,2,4,25" ten="278,373,206,143" oya="3" hai0="71,6,31,86,59,43,27,94,74,12,119,109,10" hai1="110,133,7,35,3,44,81,73,11,92,8,63,5" hai2="127,52,30,111,32,24,50,17,116,103,108,106,88" hai3="90,123,112,78,70,124,53,68,47,60,58,28,79"/><W128/><G123/><T99/><D119/><U69/><E92/><V0/><F0/><W29/><G70/><T102/><D109/><U48/><E110/><V105/><F116/><W134/><G68/><T135/><D135/><U121/><E133/><V131/><F131/><W40/><G134/><T37/><D71/><U49/><E121/><V23/><F127/><W82/><G128/><T2/><D74/><U100/><E100/><V13/><F103/><W85/><G124/><T41/><D2/><U46/><E35/><V101/><F111/><W65/><G112/><T120/><D120/><U83/><E69/><V67/><F67/><W80/><G65/><T56/><D86/><U95/><E63/><V21/><F32/><W122/><G122/><T57/><REACH who="0" step="1"/><D37/><REACH who="0" ten="268,373,206,143" step="2"/><U84/><E84/><V117/><F108/><W1/><G1/><T76/><D76/><N who="3" m="29225" /><G80/><T45/><D45/><U22/><E73/><V93/><F117/><W9/><G9/><T114/><D114/><U16/><E83/><V132/><F132/><W42/><G47/><T34/><AGARI ba="0,1" hai="6,10,12,27,31,34,41,43,56,57,59,94,99,102" machi="34" ten="30,12000,2" yaku="1,1,0,1,52,1,53,3" doraHai="25" doraHaiUra="55" who="0" fromWho="0" sc="268,130,373,-30,206,-30,143,-60" owari="398,50.0,343,14.0,176,-22.0,83,-42.0" /></mjloggm>