<mjloggm ver="2.3"><GO type="169" lobby="0"/><UN n0="%E3%82%88%E3%83%BC%EF%BC%A0%E3%83%AD%E3%83%83%E3%82%AF" n1="%E9%BE%8D%E4%BC%AF" n2="%E3%82%A6%E3%83%AB%E3%83%88%E3%83%A9%E7%AB%8B%E7%9B%B4" n3="%E7%A2%BA%E7%8E%87%E9%BA%BB%E9%9B%80" dan="16,17,17,17" rate="2058.77,2099.58,2202.56,2198.52" sx="M,M,M,M"/><TAIKYOKU oya="0"/><INIT seed="0,0,0,5,5,5" ten="250,250,250,250" oya="0" hai0="110,33,131,101,78,22,34,25,123,91,107,105,30" hai1="87,135,76,42,45,121,96,59,19,116,86,69,39" hai2="31,48,97,35,84,9,38,32,127,6,65,90,63" hai3="51,124,75,114,88,134,3,47,50,23,100,57,132"/><T115/><D123/><U68/><E116/><V113/><F38/><W36/><G114/><T40/><D115/><U61/><E87/><V92/><F113/><W102/><G75/><T109/><D131/><U13/><E135/><N who="3" m="51754" /><G124/><T27/><D40/><U99/><E99/><V98/><F127/><W28/><G3/><T80/><D91/><U24/><E24/><V73/><F73/><W16/><G28/><T17/><D34/><U71/><E96/><V56/><F31/><W26/><G36/><T93/><D93/><U12/><E121/><V18/><F18/><W103/><G57/><T83/><D83/><U67/><E76/><V53/><F35/><W20/><G20/><T106/><REACH who="0" step="1"/><D101/><REACH who="0" ten="240,250,250,250" step="2"/><U125/><E125/><V112/><F32/><W94/><G47/><T37/><D37/><U49/><E39/><V44/><REACH who="2" step="1"/><F112/><REACH who="2" ten="240,250,240,250" step="2"/><W60/><G60/><T70/><D70/><U118/><E69/><V64/><F64/><W52/><G52/><T104/><N who="0" m="26624" /><DORA hai="74" /><T1/><D1/><AGARI ba="0,2" hai="1,6,9,44,48,53,56,63,65,84,90,92,97,98" machi="1" ten="30,3900,0" yaku="1,1,7,1,52,1,53,0" doraHai="5,74" doraHaiUra="72,21" who="2" fromWho="0" sc="240,-39,250,0,240,59,250,0" /><INIT seed="1,0,0,0,4,115" ten="201,250,299,250" oya="1" hai0="86,69,135,132,32,131,66,43,24,30,42,8,124" hai1="109,94,57,54,81,49,110,60,72,118,73,122,7" hai2="40,130,98,12,82,70,64,20,50,63,121,76,93" hai3="39,84,65,78,27,128,95,117,29,13,25,119,87"/><U97/><E122/><V47/><F130/><W16/><G39/><T62/><D124/><U34/><E34/><V48/><F121/><W133/><G128/><T91/><D131/><U92/><E7/><V106/><F106/><W58/><G133/><N who="0" m="51275" /><D8/><U31/><E31/><V114/><F114/><W18/><G78/><T1/><D1/><U80/><E94/><AGARI ba="0,0" hai="24,30,32,42,43,62,66,69,86,91,94" m="51275" machi="94" ten="30,1000,0" yaku="20,1" doraHai="115" who="0" fromWho="1" sc="201,10,250,-10,299,0,250,0" /><INIT seed="2,0,0,0,3,46" ten="211,240,299,250" oya="2" hai0="56,27,20,108,83,125,71,86,112,63,72,115,45" hai1="10,8,131,132,110,130,77,34,78,67,37,89,28" hai2="12,51,106,36,60,85,105,22,133,103,65,11,32" hai3="96,6,118,92,107,41,13,2,66,58,47,76,93"/><V109/><F36/><W64/><G118/><T127/><D72/><U95/><E37/><V39/><F39/><W14/><G2/><T16/><D71/><U126/><E28/><V111/><F32/><W38/><G107/><T87/><D108/><N who="2" m="41546" /><F22/><W117/><G117/><T53/><D45/><U120/><E67/><V30/><F30/><W135/><G135/><T59/><D59/><U23/><E23/><V35/><F35/><W116/><G116/><T122/><D122/><U88/><E34/><V75/><F75/><W91/><G76/><T26/><D26/><U29/><E29/><V48/><F85/><W104/><G104/><N who="2" m="40041" /><F103/><W17/><G38/><T99/><D87/><U123/><E110/><V69/><F133/><W84/><G84/><T55/><D99/><U4/><E132/><V128/><F128/><W52/><G93/><T97/><D97/><U9/><E95/><V102/><F102/><W121/><G121/><T98/><D98/><U21/><E123/><V5/><AGARI ba="0,0" hai="5,11,12,48,51,60,65,69" m="40041,41546" machi="5" ten="30,11700,0" yaku="14,1,10,1,52,2" doraHai="46" who="2" fromWho="2" sc="211,-39,240,-39,299,117,250,-39" /><INIT seed="2,1,0,5,3,67" ten="172,201,416,211" oya="2" hai0="121,41,105,114,76,74,38,78,113,9,134,89,111" hai1="135,125,65,80,35,60,120,21,46,84,119,26,27" hai2="92,83,72,115,58,116,34,106,99,61,85,101,59" hai3="73,75,12,39,15,18,14,126,57,110,51,52,132"/><V86/><F116/><W48/><G110/><T93/><D105/><U71/><E125/><V25/><F115/><W87/><G126/><T29/><D121/><U4/><E135/><V63/><F106/><W124/><G132/><T69/><D134/><U129/><E129/><V53/><F72/><W98/><G124/><T108/><D29/><U31/><E120/><V19/><F83/><W131/><G131/><T96/><D9/><U130/><E130/><V45/><F45/><W82/><G39/><T11/><D11/><U44/><E4/><V50/><F50/><W107/><G48/><T128/><D128/><U118/><E44/><V37/><F37/><W7/><G7/><T77/><D41/><U47/><E47/><V91/><F101/><W109/><G109/><N who="0" m="42059" /><D38/><U95/><E46/><V33/><F33/><W103/><REACH who="3" step="1"/><G18/><REACH who="3" ten="172,201,416,201" step="2"/><T0/><D0/><U94/><E119/><V104/><F19/><W55/><G55/><T90/><D74/><U133/><E118/><V32/><F53/><W1/><G1/><T22/><D113/><U112/><E112/><V2/><F2/><W56/><G56/><T10/><D114/><U17/><REACH who="1" step="1"/><E133/><REACH who="1" ten="172,191,416,201" step="2"/><V3/><F3/><W6/><G6/><T30/><D30/><U117/><E117/><V28/><F28/><W40/><G40/><T127/><D127/><U97/><E97/><V79/><F99/><W36/><G36/><T70/><D96/><U122/><E122/><V5/><F5/><W24/><G24/><T81/><D10/><U88/><AGARI ba="1,2" hai="17,21,26,27,31,35,60,65,71,80,84,88,94,95" machi="88" ten="20,12000,2" yaku="1,1,0,1,7,1,52,1,54,1,53,2" doraHai="67" doraHaiUra="20" who="1" fromWho="1" sc="172,-31,191,143,416,-61,201,-31" /><INIT seed="3,0,0,1,5,116" ten="141,334,355,170" oya="3" hai0="86,132,81,36,48,7,29,91,75,43,12,96,30" hai1="9,70,115,26,3,133,37,17,28,95,103,108,41" hai2="42,53,109,119,105,78,77,66,14,135,46,102,117" hai3="16,126,127,54,0,72,90,80,39,120,52,49,67"/><W56/><G39/><T47/><D132/><U21/><E70/><V89/><F135/><W121/><G0/><T63/><D96/><U83/><E108/><V97/><F109/><W35/><G35/><T104/><D104/><U82/><E115/><V74/><F78/><N who="3" m="44103" /><G67/><T118/><D118/><U34/><E41/><V65/><F66/><W131/><G131/><T123/><D75/><U24/><E37/><V125/><F65/><W106/><G106/><T99/><D99/><U134/><E134/><V31/><F53/><W55/><G90/><T57/><D36/><U87/><E103/><V124/><F89/><W58/><G16/><T6/><D6/><U129/><E129/><V62/><F14/><W18/><G18/><T59/><D59/><N who="3" m="22569" /><G49/><T68/><D68/><U27/><E95/><V93/><F93/><W19/><G19/><T4/><D12/><U13/><E133/><V11/><F62/><W73/><G73/><T128/><D63/><U71/><E71/><V38/><F31/><W10/><G10/><T40/><D30/><U15/><E83/><N who="2" m="45495" /><F11/><W2/><G2/><T23/><D29/><N who="1" m="19775" /><E82/><V110/><F110/><W112/><G112/><T85/><D128/><U111/><E111/><V94/><F94/><W92/><G92/><T79/><D57/><U44/><E87/><V100/><F100/><W1/><G1/><T45/><D86/><U130/><E130/><V51/><F51/><W20/><G20/><T5/><D23/><N who="1" m="15455" /><E44/><V60/><F60/><W101/><G101/><T22/><D45/><U32/><E32/><V122/><F122/><W114/><G114/><RYUUKYOKU ba="0,0" sc="141,-30,334,10,355,10,170,10" hai1="3,9,13,15,17,21,24" hai2="38,42,46,97,102,105,117,119,124,125" hai3="52,54,55,120,121,126,127" /><INIT seed="3,1,0,2,3,18" ten="111,344,365,180" oya="3" hai0="45,106,125,118,135,95,23,31,67,6,100,70,17" hai1="61,69,89,126,49,109,29,128,24,65,117,12,71" hai2="90,98,30,84,57,94,124,79,22,2,63,7,108" hai3="86,104,105,4,130,82,114,41,3,102,76,83,77"/><W39/><G114/><T25/><D118/><U132/><E109/><V122/><F108/><W115/><G115/><T10/><D106/><U43/><E126/><V129/><F124/><W112/><G112/><T15/><D125/><U78/><E78/><V46/><F129/><W34/><G34/><T48/><D135/><U56/><E128/><V97/><F122/><W21/><G130/><T0/><D67/><U92/><E132/><V9/><F79/><W113/><G113/><T134/><D70/><U131/><E12/><V62/><F46/><N who="3" m="23871" /><G21/><T103/><D95/><U42/><E117/><V96/><REACH who="2" step="1"/><F57/><REACH who="2" ten="111,344,355,180" step="2"/><W72/><G102/><T38/><D134/><U111/><E131/><V40/><F40/><W53/><G53/><T33/><REACH who="0" step="1"/><D38/><REACH who="0" ten="101,344,355,180" step="2"/><U107/><E111/><V58/><F58/><W64/><G64/><T1/><D1/><U11/><E71/><V121/><F121/><W68/><G68/><T35/><D35/><U91/><E69/><V116/><F116/><W110/><G110/><T99/><D99/><U75/><E65/><V88/><F88/><W119/><G119/><T26/><D26/><AGARI ba="1,2" hai="2,7,9,22,26,30,62,63,84,90,94,96,97,98" machi="26" ten="40,2600,0" yaku="1,1,52,1,53,0" doraHai="18" doraHaiUra="133" who="2" fromWho="0" sc="101,-29,344,0,355,49,180,0" /><INIT seed="4,0,0,3,4,18" ten="72,344,404,180" oya="0" hai0="41,83,29,7,111,28,9,66,130,49,62,56,14" hai1="80,126,2,132,120,91,52,23,105,16,128,48,31" hai2="93,15,78,64,109,58,26,20,79,4,12,8,35" hai3="99,27,95,134,6,55,53,10,113,106,88,54,59"/><T127/><D127/><U108/><E2/><V5/><F35/><W3/><G113/><T94/><D130/><U133/><E105/><V112/><F112/><W69/><G134/><N who="1" m="51818" /><E108/><V89/><F109/><W33/><G69/><T84/><D111/><U19/><E120/><V97/><F12/><W45/><G106/><T70/><D94/><U36/><E36/><V47/><F47/><W90/><G45/><T57/><D70/><U46/><E126/><V102/><F4/><W115/><G115/><T68/><D68/><U123/><E123/><V11/><F11/><W72/><G72/><T44/><REACH who="0" step="1"/><D57/><REACH who="0" ten="62,344,404,180" step="2"/><U37/><E128/><V114/><F114/><W96/><G59/><T17/><D17/><U122/><E122/><V129/><F129/><W34/><G27/><T77/><AGARI ba="0,1" hai="7,9,14,28,29,41,44,49,56,62,66,77,83,84" machi="77" ten="20,18000,2" yaku="1,1,0,1,7,1,25,2,8,1,53,0" doraHai="18" doraHaiUra="125" who="0" fromWho="0" sc="62,190,344,-60,404,-60,180,-60" /><INIT seed="4,1,0,5,3,65" ten="252,284,344,120" oya="0" hai0="118,132,105,117,115,110,28,4,71,86,42,47,104" hai1="93,37,56,111,124,113,134,40,12,88,36,57,41" hai2="59,34,32,67,16,97,120,84,27,78,48,76,17" hai3="3,82,75,94,109,89,68,81,10,13,26,21,60"/><T79/><D28/><U123/><E111/><V33/><F120/><W15/><G109/><T49/><D110/><U121/><E124/><V90/><F97/><W83/><G3/><T53/><D71/><U61/><E134/><V106/><F106/><W108/><G108/><T6/><D132/><U69/><E12/><V101/><F101/><W14/><G75/><T39/><D115/><U64/><E88/><V38/><F38/><N who="1" m="14953" /><E93/><V80/><F27/><W96/><G60/><T54/><D104/><U25/><E25/><V119/><F119/><W44/><G44/><T50/><D105/><U73/><E73/><V9/><F9/><W92/><G92/><T72/><D72/><U45/><E113/><V87/><F78/><W85/><G68/><T114/><D114/><U122/><E40/><V103/><F103/><W2/><G2/><T100/><D100/><U52/><E52/><V125/><F125/><W22/><G85/><T70/><D54/><U130/><E130/><V116/><F87/><W95/><G95/><T31/><D53/><U77/><E77/><V18/><F76/><W127/><G127/><T102/><D86/><U129/><E129/><V66/><F116/><W1/><G1/><T74/><D79/><U23/><E23/><V99/><F99/><W20/><REACH who="3" step="1"/><G26/><REACH who="3" ten="252,284,344,110" step="2"/><T133/><D118/><U58/><E123/><V107/><F107/><W29/><G29/><T11/><D31/><U7/><E122/><V62/><F62/><W0/><G0/><T126/><D117/><U135/><E121/><V51/><F59/><W19/><AGARI ba="1,1" hai="10,13,14,15,19,20,21,22,81,82,83,89,94,96" machi="19" ten="30,4000,0" yaku="1,1,0,1,8,1,53,0" doraHai="65" doraHaiUra="46" who="3" fromWho="3" sc="252,-21,284,-11,344,-11,110,53" /><INIT seed="5,0,0,1,1,106" ten="231,273,333,163" oya="1" hai0="132,99,110,72,131,13,124,89,119,94,107,10,88" hai1="92,15,73,101,121,90,79,123,31,58,63,38,87" hai2="52,56,68,20,53,55,30,16,116,127,83,62,6" hai3="69,44,40,96,22,93,82,45,25,98,34,75,118"/><U23/><E38/><V64/><F116/><W129/><G129/><T14/><D110/><U84/><E101/><V59/><F127/><W120/><G120/><T77/><D13/><U97/><E123/><V33/><F6/><W2/><G34/><T105/><D14/><U8/><E31/><V70/><F70/><W57/><G69/><T80/><D10/><U41/><E23/><V17/><F33/><W26/><G118/><T81/><D119/><U24/><E24/><N who="2" m="16647" /><F68/><W91/><G2/><T111/><D111/><U130/><E41/><V19/><F83/><W49/><G96/><T7/><D7/><U67/><E130/><V46/><F59/><W61/><G45/><AGARI ba="0,0" hai="16,17,19,45,46,52,53,55,56,62,64" m="16647" machi="45" ten="30,3900,0" yaku="8,1,54,2" doraHai="106" who="2" fromWho="3" sc="231,0,273,0,333,39,163,-39" /><INIT seed="6,0,0,4,4,21" ten="231,273,372,124" oya="2" hai0="7,0,97,41,73,5,30,60,67,68,95,79,44" hai1="100,29,135,66,47,36,27,99,8,119,51,92,111" hai2="126,86,57,55,74,12,53,109,9,88,45,81,91" hai3="132,69,128,50,102,52,4,101,114,16,85,70,2"/><V89/><F126/><W116/><G116/><T118/><D118/><U64/><E36/><V63/><F74/><W127/><G127/><T98/><D30/><U82/><E111/><V104/><F104/><W56/><G132/><T35/><D35/><U65/><E135/><V130/><F130/><W110/><G128/><T43/><D43/><U72/><E8/><V1/><F1/><W120/><G110/><T58/><D68/><U106/><E106/><V20/><F20/><W125/><G120/><T77/><D98/><U96/><E96/><V31/><F31/><W121/><G121/><T14/><D0/><U13/><E13/><V131/><F131/><W84/><G125/><T59/><D59/><U39/><E39/><V107/><F107/><W103/><G114/><T105/><D105/><U48/><E72/><V15/><F15/><W75/><G75/><T112/><D112/><U46/><E82/><V33/><F33/><W61/><G2/><T83/><D79/><U93/><E93/><V115/><F115/><W133/><G133/><T28/><D28/><U38/><E38/><V134/><F134/><W76/><G4/><T32/><D32/><U87/><E87/><V123/><F123/><W17/><G70/><T22/><D14/><U117/><E117/><V40/><F109/><W62/><G69/><T113/><D113/><U18/><E18/><N who="3" m="7274" /><G84/><T49/><REACH who="0" step="1"/><D22/><REACH who="0" ten="221,273,372,124" step="2"/><N who="1" m="15607" /><E119/><V19/><F40/><W24/><G24/><T54/><D54/><U71/><E71/><V122/><F122/><W11/><G11/><T23/><D23/><U37/><E37/><V80/><F9/><RYUUKYOKU ba="0,1" sc="221,10,273,10,372,-30,124,10" hai0="5,7,41,44,49,58,60,67,73,77,83,95,97" hai1="46,47,48,51,64,65,66,92,99,100" hai3="50,52,56,61,62,76,85,101,102,103" /><INIT seed="7,1,1,5,1,55" ten="231,283,342,134" oya="3" hai0="98,99,78,63,112,129,87,6,80,96,36,48,70" hai1="69,20,16,95,126,90,94,116,119,30,24,123,19" hai2="124,89,17,127,75,26,109,83,7,40,93,29,9" hai3="25,58,110,108,56,115,38,121,125,133,21,12,117"/><W113/><G121/><T77/><D36/><U15/><E69/><V66/><F109/><N who="3" m="42091" /><G117/><T59/><D70/><U135/><E123/><V76/><F40/><W71/><G71/><T107/><D107/><U31/><E94/><V97/><F66/><W22/><G38/><T131/><D6/><U18/><E90/><V100/><F17/><N who="1" m="6761" /><E95/><V51/><F100/><W64/><G133/><T122/><D48/><U120/><E120/><V39/><F39/><W104/><G104/><T65/><D112/><N who="3" m="43081" /><G125/><T106/><D106/><U13/><E135/><V11/><F51/><W27/><G64/><T91/><D122/><U74/><E74/><V134/><F7/><W79/><G79/><T5/><D5/><U118/><E126/><N who="2" m="48171" /><F134/><W62/><G62/><T92/><D78/><U61/><E61/><V72/><F72/><W73/><G12/><AGARI ba="1,1" hai="12,13,15,19,20,24,30,31,116,118,119" m="6761" machi="12" ten="40,8000,1" yaku="12,1,34,2,54,1" doraHai="55" who="1" fromWho="3" sc="231,0,283,93,342,0,134,-83" owari="231,-17.0,376,48.0,342,14.0,51,-45.0" /></mjloggm>