<mjloggm ver="2.3"><GO type="169" lobby="0"/><UN n0="%E5%8E%9F%E4%BA%BA%E3%81%A1%E3%82%83%E3%82%93" n1="%E4%B8%A6%E3%81%BF%E3%81%AE%E7%AB%9C" n2="%E3%82%A6%E3%83%AB%E3%83%88%E3%83%A9%E7%AB%8B%E7%9B%B4" n3="%E2%98%85%74%61%72%75%74%6F%E2%98%85" dan="16,17,17,17" rate="2088.28,2150.30,2176.03,2121.95" sx="M,M,M,M"/><TAIKYOKU oya="0"/><INIT seed="0,0,0,2,1,98" ten="250,250,250,250" oya="0" hai0="135,121,41,89,77,31,9,71,24,49,103,35,102" hai1="25,7,55,11,93,120,68,84,104,3,60,70,111" hai2="21,23,116,0,134,125,119,32,58,87,106,100,75" hai3="95,27,37,63,128,29,113,74,97,124,52,109,78"/><T61/><D121/><U1/><E104/><V59/><F75/><W99/><G113/><T10/><D77/><U72/><E72/><V12/><F0/><W15/><G37/><T22/><D135/><U47/><E111/><V112/><F32/><W45/><G109/><T129/><D129/><U76/><E3/><V44/><F112/><W108/><G108/><T8/><D35/><U46/><E120/><V13/><F87/><W131/><G124/><T20/><D20/><U114/><E114/><V122/><F44/><W123/><G123/><T66/><REACH who="0" step="1"/><D89/><REACH who="0" ten="240,250,250,250" step="2"/><U16/><E76/><V101/><F122/><W130/><G78/><T2/><D2/><U36/><E1/><V42/><F134/><W110/><G110/><T62/><D62/><U92/><E60/><V48/><F23/><W83/><G63/><T86/><D86/><U118/><E84/><V132/><F21/><W57/><G74/><T94/><D94/><U28/><E92/><V39/><F132/><W53/><G95/><T79/><D79/><U40/><E93/><V107/><F107/><W4/><G131/><T34/><D34/><U80/><E80/><V117/><F106/><W51/><G83/><T43/><D43/><U91/><E40/><V105/><F105/><W54/><G130/><T127/><D127/><U18/><E91/><V56/><F125/><W133/><G128/><T64/><D64/><U67/><E67/><V30/><F42/><W33/><G133/><T88/><D88/><U6/><E55/><N who="3" m="21066" /><G45/><AGARI ba="0,1" hai="8,9,10,22,24,31,41,45,49,61,66,71,102,103" machi="45" ten="40,7700,0" yaku="1,1,52,2,53,0" doraHai="98" doraHaiUra="115" who="0" fromWho="3" sc="240,87,250,0,250,0,250,-77" /><INIT seed="0,1,0,2,4,51" ten="327,250,250,173" oya="0" hai0="78,73,52,135,35,18,64,98,0,100,65,66,90" hai1="36,131,79,86,70,92,68,20,71,107,127,125,61" hai2="24,7,74,83,118,57,104,122,39,37,113,50,111" hai3="26,27,5,72,6,19,77,116,42,44,106,133,48"/><T101/><D135/><U22/><E107/><V132/><F24/><W38/><G106/><T129/><D129/><U3/><E36/><V12/><F12/><W17/><G116/><T80/><D0/><U128/><E3/><V102/><F50/><W4/><G133/><T121/><D121/><U29/><E61/><V115/><F57/><W85/><G72/><T40/><D40/><U59/><E59/><V23/><F23/><N who="1" m="8745" /><E29/><V28/><F7/><W67/><G38/><T81/><D18/><N who="3" m="6665" /><G67/><T47/><D35/><U130/><E79/><V2/><F28/><W58/><G58/><T89/><D80/><AGARI ba="1,0" hai="4,5,6,26,27,42,44,48,77,80,85" m="6665" machi="80" ten="30,1000,0" yaku="8,1" doraHai="51" who="3" fromWho="0" sc="327,-13,250,0,250,0,173,13" /><INIT seed="1,0,0,0,3,50" ten="314,250,250,186" oya="1" hai0="87,27,47,80,69,91,110,120,1,29,105,58,20" hai1="93,33,103,75,36,101,12,41,71,11,122,111,79" hai2="31,77,64,119,53,126,35,78,13,72,57,96,84" hai3="30,18,44,32,133,108,99,88,70,49,68,23,3"/><U45/><E33/><V112/><F119/><W51/><G3/><T54/><D69/><U81/><E122/><V38/><F38/><W22/><G133/><T89/><D120/><U63/><E111/><V34/><F126/><W115/><G115/><T42/><D105/><U135/><E135/><V52/><F112/><W129/><G108/><T131/><D110/><U74/><E74/><V106/><F72/><W67/><G129/><T102/><D102/><U76/><E76/><N who="2" m="29291" /><F34/><W24/><G32/><T5/><D131/><U98/><E63/><N who="2" m="37999" /><F106/><W55/><G67/><T61/><D89/><U59/><E59/><V14/><F31/><W62/><G62/><T65/><D1/><U25/><E71/><V10/><F35/><W104/><G51/><N who="0" m="27127" /><D5/><U113/><E25/><V83/><F96/><W107/><G107/><T39/><D39/><U124/><E124/><V127/><F127/><W123/><G123/><T7/><D7/><U130/><E130/><V6/><F14/><W19/><G30/><T2/><D2/><U28/><E28/><V16/><F6/><W128/><G128/><T114/><D114/><U40/><E113/><V95/><F95/><W21/><G104/><T117/><D117/><U132/><E132/><V26/><F26/><N who="3" m="14647" /><G70/><T118/><D118/><U4/><E101/><V56/><F56/><W109/><G68/><T92/><D65/><U46/><E36/><V48/><F48/><W134/><G109/><T73/><D73/><U17/><REACH who="1" step="1"/><E4/><REACH who="1" ten="314,240,250,186" step="2"/><V82/><F82/><AGARI ba="0,1" hai="20,27,29,54,58,61,80,82,87,91,92" m="27127" machi="82" ten="30,2000,0" yaku="8,1,52,1" doraHai="50" who="0" fromWho="2" sc="314,30,240,0,250,-20,186,0" /><INIT seed="2,0,0,5,4,76" ten="344,240,230,186" oya="2" hai0="66,95,116,61,113,53,114,42,5,58,88,87,51" hai1="106,30,97,3,79,107,21,124,74,109,75,99,69" hai2="16,52,91,102,117,48,39,83,50,59,122,9,103" hai3="20,101,96,126,6,134,92,128,13,115,60,93,84"/><V108/><F39/><W65/><G115/><T100/><D116/><U67/><E3/><V40/><F122/><W123/><G123/><T57/><D5/><U135/><E69/><V4/><F4/><W32/><G32/><T47/><REACH who="0" step="1"/><D100/><REACH who="0" ten="334,240,230,186" step="2"/><U43/><E109/><V15/><F117/><W24/><G6/><T37/><AGARI ba="0,1" hai="37,42,47,51,53,57,58,61,66,87,88,95,113,114" machi="37" ten="20,12000,2" yaku="1,1,2,1,0,1,7,1,54,1,53,1" doraHai="76" doraHaiUra="71" who="0" fromWho="0" sc="334,130,240,-30,230,-60,186,-30" /><INIT seed="3,0,0,4,5,18" ten="464,210,170,156" oya="3" hai0="35,105,101,135,51,134,103,81,124,17,127,50,125" hai1="80,102,113,65,44,59,107,110,112,87,74,108,123" hai2="41,30,16,92,77,38,104,64,73,120,53,54,100" hai3="6,20,39,10,22,75,91,49,71,42,117,52,106"/><W47/><G117/><T0/><D0/><U89/><E44/><V94/><F120/><W58/><G106/><T82/><D35/><U114/><E59/><V131/><F131/><W86/><G71/><T133/><D17/><U72/><E65/><V118/><F118/><W93/><G75/><N who="1" m="28714" /><E123/><V130/><F130/><W43/><G43/><T84/><D105/><U7/><E7/><V121/><F121/><W11/><G11/><T48/><D84/><U27/><E27/><V61/><F30/><W2/><AGARI ba="0,0" hai="2,6,10,20,22,39,42,47,49,52,58,86,91,93" machi="2" ten="20,12000,1" yaku="0,1,7,1,52,2,54,1" doraHai="18" who="3" fromWho="3" sc="464,-40,210,-40,170,-40,156,120" /><INIT seed="3,1,0,4,4,28" ten="424,170,130,276" oya="3" hai0="82,120,99,116,89,54,48,49,112,86,69,50,2" hai1="133,36,74,40,10,39,32,45,108,44,56,70,1" hai2="15,113,65,87,100,5,104,73,31,130,12,4,24" hai3="92,75,114,126,84,30,106,115,38,8,55,121,102"/><W78/><G38/><T53/><D2/><U129/><E108/><V122/><F73/><W19/><G30/><T71/><D116/><U124/><E133/><V91/><F113/><W6/><G121/><T25/><D120/><U61/><E129/><V13/><F122/><W47/><G126/><T103/><D112/><U23/><E23/><V76/><F76/><W35/><G35/><T59/><D25/><U41/><E124/><V131/><F65/><W0/><G19/><T26/><D26/><U134/><E134/><V111/><F100/><W17/><G17/><T33/><D33/><U119/><E119/><V57/><F104/><W90/><G55/><T22/><D22/><U42/><E74/><V128/><F57/><W14/><G47/><N who="1" m="17994" /><E32/><N who="2" m="20583" /><F111/><W97/><REACH who="3" step="1"/><G0/><REACH who="3" ten="424,170,130,266" step="2"/><T107/><D54/><N who="1" m="33943" /><E1/><V127/><F127/><W37/><G37/><N who="1" m="14410" /><E10/><V125/><F125/><W81/><AGARI ba="1,1" hai="6,8,14,75,78,81,84,90,92,97,102,106,114,115" machi="81" ten="30,12000,1" yaku="1,1,0,1,24,2,53,1" doraHai="28" doraHaiUra="88" who="3" fromWho="3" sc="424,-41,170,-41,130,-41,266,133" /><INIT seed="3,2,0,2,1,45" ten="383,129,89,399" oya="3" hai0="132,59,47,14,66,15,135,30,20,33,129,130,87" hai1="72,111,92,77,56,107,127,25,36,100,39,81,38" hai2="16,5,1,73,113,18,91,49,82,119,53,2,120" hai3="8,95,115,83,80,19,58,55,43,0,116,67,31"/><W28/><G116/><T4/><D33/><U50/><E111/><V26/><F119/><W63/><G115/><T68/><D68/><U10/><E127/><V117/><F117/><W114/><G114/><T46/><D87/><U75/><E107/><V108/><F113/><W62/><G43/><T110/><D110/><U90/><E100/><V37/><F37/><W48/><G95/><T41/><D47/><U3/><E25/><V32/><F108/><W44/><G63/><N who="0" m="38271" /><D30/><N who="3" m="11305" /><G0/><T51/><D20/><U97/><E72/><V86/><F73/><W126/><G126/><T102/><D102/><U13/><E3/><V124/><F124/><W71/><G71/><T64/><D64/><U131/><E131/><N who="0" m="50185" /><D4/><U112/><E112/><V35/><F35/><W23/><G8/><T125/><D125/><U9/><REACH who="1" step="1"/><E13/><AGARI ba="2,0" hai="13,19,23,44,48,55,58,62,67,80,83" m="11305" machi="13" ten="30,2900,0" yaku="8,1,52,1" doraHai="45" who="3" fromWho="1" sc="383,0,129,-35,89,0,399,35" /><AGARI ba="2,0" hai="13,14,15,41,46,51,132,135" m="50185,38271" machi="13" ten="30,2000,0" yaku="19,1,52,1" doraHai="45" who="0" fromWho="1" sc="383,20,94,-20,89,0,434,0" /><INIT seed="3,3,0,3,1,4" ten="403,74,89,434" oya="3" hai0="11,113,31,76,49,7,81,124,34,103,67,70,104" hai1="37,120,15,99,108,95,130,78,68,56,73,64,57" hai2="10,89,18,86,125,6,55,69,93,27,25,53,75" hai3="82,58,26,5,121,29,21,79,19,119,84,126,96"/><W20/><G121/><T123/><D123/><U110/><E108/><V74/><F69/><W51/><G119/><T72/><D124/><U41/><E120/><V107/><F107/><W24/><G126/><T63/><D49/><U94/><E130/><V115/><F115/><W50/><G5/><T32/><D113/><U118/><E118/><V61/><F125/><W48/><G96/><T114/><D114/><U97/><E110/><V38/><F38/><W42/><REACH who="3" step="1"/><G58/><REACH who="3" ten="403,74,89,424" step="2"/><T131/><D131/><U9/><E57/><V36/><F6/><W62/><G62/><T47/><D47/><AGARI ba="3,1" hai="19,20,21,24,26,29,42,47,48,50,51,79,82,84" machi="47" ten="40,3900,0" yaku="1,1,8,1,53,0" doraHai="4" doraHaiUra="112" who="3" fromWho="0" sc="403,-48,74,0,89,0,424,58" /><INIT seed="3,4,0,1,0,52" ten="355,74,89,482" oya="3" hai0="30,37,133,123,61,28,45,93,63,75,16,109,20" hai1="46,0,15,107,97,92,3,116,106,110,103,60,34" hai2="25,33,73,88,122,98,99,67,83,128,129,96,44" hai3="100,130,62,54,114,65,112,14,58,51,72,91,35"/><W41/><G72/><T66/><D123/><U105/><E110/><V38/><F67/><W131/><G35/><T90/><D109/><U135/><E34/><V77/><F122/><W11/><G100/><T7/><D75/><U42/><E135/><V94/><F44/><W4/><G41/><T13/><D133/><U1/><E116/><V95/><F38/><W120/><G120/><T32/><D32/><U8/><E60/><V85/><F25/><W127/><G127/><T27/><D37/><U82/><E82/><N who="2" m="49207" /><F33/><W2/><G91/><T76/><D76/><U121/><E121/><V26/><F26/><W47/><REACH who="3" step="1"/><G2/><REACH who="3" ten="355,74,89,472" step="2"/><T23/><D90/><U49/><E0/><V22/><F73/><W87/><G87/><T115/><D115/><AGARI ba="4,1" hai="4,11,14,47,51,54,58,62,65,112,114,115,130,131" machi="115" ten="40,3900,0" yaku="1,1,52,1,53,0" doraHai="52" doraHaiUra="70" who="3" fromWho="0" sc="355,-51,74,0,89,0,472,61" /><INIT seed="3,5,0,2,3,112" ten="304,74,89,533" oya="3" hai0="72,13,100,117,128,29,108,123,119,104,87,114,98" hai1="64,97,17,26,107,46,111,33,8,31,75,66,14" hai2="118,62,10,85,81,67,60,102,4,80,134,49,84" hai3="115,122,91,109,44,6,0,69,124,57,86,20,74"/><W78/><G69/><T58/><D29/><U51/><E75/><V24/><F134/><W105/><G105/><T77/><D58/><U63/><E111/><V22/><F118/><W110/><G115/><T45/><D114/><U113/><E113/><V35/><F35/><W16/><G122/><T23/><D45/><U129/><E129/><V25/><F102/><W48/><G124/><T40/><D40/><U38/><E38/><V106/><F106/><W34/><G34/><T94/><D128/><U99/><E107/><V121/><F121/><W130/><G130/><T42/><D42/><U127/><E127/><V95/><F49/><W19/><G57/><T71/><D71/><U82/><E82/><V103/><F103/><W116/><G116/><T21/><D123/><U39/><E39/><V125/><F95/><W28/><G78/><T2/><D2/><U61/><E64/><V76/><F125/><W59/><G59/><T79/><D108/><N who="3" m="41577" /><G74/><T36/><D36/><U12/><E63/><V15/><F62/><W27/><G6/><T41/><D41/><U30/><E61/><V43/><F43/><N who="3" m="24607" /><G0/><T11/><D79/><U93/><E66/><V55/><F67/><W70/><G70/><T56/><D56/><U5/><E33/><V101/><F60/><W53/><G53/><T133/><D133/><U120/><E120/><V37/><F55/><W135/><G135/><T83/><D119/><U54/><E5/><V73/><F37/><W47/><G47/><T18/><D117/><U126/><E126/><V65/><F65/><W1/><G1/><T131/><D131/><RYUUKYOKU ba="5,0" sc="304,15,74,-15,89,-15,533,15" hai0="11,13,18,21,23,72,77,83,87,94,98,100,104" hai3="16,19,20,27,28,86,91" /><INIT seed="3,6,0,0,4,54" ten="319,59,74,548" oya="3" hai0="4,134,92,89,105,77,8,86,112,72,11,74,44" hai1="10,53,100,12,16,13,68,125,60,28,79,101,55" hai2="24,97,85,14,29,39,113,18,70,71,50,104,69" hai3="124,96,131,30,47,33,66,51,37,110,115,35,59"/><W116/><G116/><T109/><D109/><U31/><E125/><V65/><F39/><W75/><G115/><T95/><D112/><U25/><E79/><V26/><F113/><W22/><G75/><T135/><D105/><U7/><E68/><V42/><F85/><W32/><G124/><T122/><D122/><U108/><E108/><V15/><F65/><W127/><G127/><T94/><D44/><U17/><E7/><V117/><F117/><W48/><G110/><T49/><D49/><U84/><E84/><V63/><F63/><W2/><G2/><T111/><D111/><U123/><E25/><V126/><F126/><W128/><G96/><T36/><D36/><U19/><E19/><V43/><F26/><N who="3" m="16727" /><G37/><T78/><D11/><U83/><E60/><V40/><F97/><W82/><G82/><N who="0" m="49367" /><D8/><U20/><E83/><V130/><F104/><W98/><G98/><T119/><D4/><U27/><E123/><V106/><F106/><W76/><G76/><N who="0" m="29291" /><D119/><U23/><E27/><V5/><F24/><W87/><G47/><T52/><D52/><U80/><E80/><V1/><F1/><W129/><G51/><T73/><AGARI ba="6,0" hai="72,73,74,92,94,95,134,135" m="29291,49367" machi="73" ten="40,2700,0" yaku="34,2" doraHai="54" who="0" fromWho="0" sc="319,45,59,-13,74,-13,548,-19" /><INIT seed="4,0,0,1,3,109" ten="364,46,61,529" oya="0" hai0="60,47,91,30,135,25,0,121,124,86,75,54,113" hai1="132,52,68,41,106,67,71,31,100,51,83,93,95" hai2="104,4,61,74,56,3,26,115,94,45,42,44,18" hai3="57,110,36,103,72,7,97,114,49,62,55,130,99"/><T39/><D121/><U76/><E132/><V126/><F104/><W116/><G36/><T13/><D0/><U59/><E106/><V33/><F126/><W63/><G72/><T102/><D135/><U90/><E100/><V123/><F74/><W128/><G116/><T96/><D124/><U85/><E31/><V43/><F4/><W46/><G110/><T27/><D75/><U134/><E134/><V108/><F3/><W120/><G120/><T105/><D113/><U23/><E95/><V11/><F115/><W84/><G114/><T5/><D39/><U6/><E67/><V82/><F82/><W127/><G127/><T19/><D5/><U2/><E41/><N who="2" m="15371" /><F33/><W15/><G84/><T1/><D1/><U35/><E35/><V98/><F108/><W112/><G112/><T89/><D30/><U111/><E111/><V73/><F73/><W34/><G34/><T50/><D60/><N who="3" m="23081" /><G46/><T16/><D19/><U40/><E40/><V14/><F26/><W53/><G53/><T65/><D65/><U69/><E2/><V8/><F123/><W101/><G130/><T64/><D64/><U10/><E6/><V107/><F107/><W79/><G79/><T28/><D28/><U58/><E58/><V77/><F77/><W48/><G128/><T66/><D66/><U38/><E38/><V87/><F56/><W24/><G24/><T9/><REACH who="0" step="1"/><D91/><REACH who="0" ten="354,46,61,529" step="2"/><U88/><E90/><V117/><F61/><N who="3" m="36031" /><G7/><T92/><AGARI ba="0,1" hai="9,13,16,25,27,47,50,54,86,89,92,96,102,105" machi="92" ten="20,7800,0" yaku="1,1,0,1,7,1,54,1,53,0" doraHai="109" doraHaiUra="37" who="0" fromWho="0" sc="354,88,46,-26,61,-26,529,-26" /><INIT seed="4,1,0,2,4,50" ten="442,20,35,503" oya="0" hai0="36,63,71,111,116,9,4,81,91,37,59,98,87" hai1="14,20,125,121,23,40,60,33,55,135,123,105,122" hai2="25,127,134,89,35,49,76,62,64,128,100,34,130" hai3="32,24,11,1,82,118,88,93,13,57,19,79,54"/><T45/><D116/><U109/><E105/><V46/><F76/><W90/><G118/><T30/><D71/><U5/><E109/><V99/><F89/><W94/><G1/><T3/><D111/><U70/><E33/><V53/><F127/><W66/><G32/><T80/><D30/><U126/><E40/><V67/><F67/><W112/><G112/><T61/><D61/><U39/><E39/><V129/><F25/><W65/><G24/><T7/><D7/><U108/><E108/><V106/><REACH who="2" step="1"/><F134/><REACH who="2" ten="442,20,25,503" step="2"/><W83/><G79/><T110/><D110/><U84/><E135/><V102/><F102/><W97/><G66/><T28/><D28/><U86/><E126/><V119/><F119/><W27/><G27/><T74/><D74/><U72/><E72/><V75/><F75/><W21/><G65/><T120/><D120/><U44/><E125/><V114/><F114/><W107/><G107/><T6/><D6/><U117/><E117/><V95/><F95/><W43/><G43/><T2/><D2/><U0/><E0/><V51/><F51/><N who="3" m="30943" /><G11/><T17/><D81/><U73/><E73/><V124/><F124/><W68/><G68/><AGARI ba="1,1" hai="34,35,46,49,53,62,64,68,99,100,106,128,129,130" machi="68" ten="40,5200,0" yaku="1,1,19,1,52,1,53,0" doraHai="50" doraHaiUra="26" who="2" fromWho="3" sc="442,0,20,0,25,65,503,-55" /><INIT seed="5,0,0,4,3,57" ten="442,20,90,448" oya="1" hai0="78,99,56,26,91,101,51,34,129,123,111,109,98" hai1="79,23,15,134,4,62,121,42,73,36,71,68,128" hai2="16,22,100,97,107,82,125,37,61,86,106,132,54" hai3="5,55,48,133,75,53,8,64,31,66,87,10,0"/><U47/><E121/><V41/><F125/><W32/><G75/><T105/><D123/><U45/><E134/><V60/><F132/><W33/><G133/><T11/><D129/><U6/><E128/><V9/><F107/><W13/><G31/><T95/><D78/><U59/><E47/><V69/><F69/><W115/><G115/><T2/><D34/><U44/><E4/><V63/><F9/><W94/><G33/><T1/><D26/><U40/><E79/><V70/><F70/><W39/><G32/><T76/><D76/><U50/><E73/><V88/><F41/><W85/><G39/><T130/><D130/><U7/><E7/><V67/><F37/><W74/><G74/><T25/><D25/><U113/><E113/><V18/><F67/><N who="3" m="25643" /><G0/><T20/><D20/><U116/><E116/><V103/><F103/><W93/><G10/><T104/><D104/><U117/><E117/><V27/><REACH who="2" step="1"/><F54/><REACH who="2" ten="442,20,80,448" step="2"/><W108/><G55/><N who="0" m="31871" /><D11/><U131/><E131/><V72/><F72/><W122/><G122/><T89/><D2/><U52/><REACH who="1" step="1"/><E6/><REACH who="1" ten="442,10,80,448" step="2"/><V84/><F84/><W12/><G87/><T46/><D1/><U92/><E92/><V119/><F119/><W126/><G85/><T29/><D95/><U135/><E135/><V102/><F102/><W118/><G94/><T58/><D101/><U81/><E81/><V17/><AGARI ba="0,2" hai="16,17,18,22,27,60,61,63,82,86,88,97,100,106" machi="17" ten="30,16000,3" yaku="1,1,0,1,52,3,54,2,53,1" doraHai="57" doraHaiUra="21" who="2" fromWho="2" sc="442,-40,10,-80,80,180,448,-40" owari="402,20.0,-70,-57.0,260,-14.0,408,51.0" /></mjloggm>