<mjloggm ver="2.3"><GO type="225" lobby="0"/><UN n0="%73%65%6E%75%72%6C" n1="%E3%81%86%E3%82%81%E3%81%99%E3%83%86%E3%83%AB" n2="%E5%B0%B1%E6%B4%BB%E7%94%9F%40%E5%B7%9D%E6%9D%91%E8%BB%8D%E5%9B%A3" n3="%E3%83%8B%E3%83%BC%E3%83%88%E7%A4%BE%E9%95%B7" dan="17,17,16,17" rate="2157.56,2085.29,2099.58,2156.66" sx="F,F,M,M"/><TAIKYOKU oya="0"/><INIT seed="0,0,0,0,2,122" ten="250,250,250,250" oya="0" hai0="124,27,114,42,100,98,21,105,87,134,115,49,116" hai1="86,99,46,101,26,84,55,83,19,13,62,119,25" hai2="23,70,33,93,4,131,80,54,6,129,56,79,81" hai3="8,92,126,78,1,73,91,63,69,30,112,64,133"/><T51/><D116/><U127/><E119/><V47/><F70/><W61/><G112/><T111/><D124/><U128/><E128/><N who="2" m="49227" /><F33/><W108/><G126/><T41/><D134/><U104/><E127/><V22/><F47/><W74/><G133/><T3/><D3/><U5/><E5/><N who="2" m="2155" /><F93/><W72/><G78/><T17/><D114/><U130/><E130/><V77/><F56/><W28/><G1/><T40/><D115/><U94/><E104/><V113/><F54/><W34/><G8/><T65/><D65/><U29/><E46/><V107/><F107/><W31/><G63/><T89/><REACH who="0" step="1"/><D111/><REACH who="0" ten="240,250,250,250" step="2"/><U43/><E55/><V2/><F113/><W38/><G108/><T106/><D106/><U60/><E43/><V57/><F2/><W12/><G34/><T32/><D32/><U97/><E97/><V123/><F123/><W53/><G64/><T96/><D96/><U82/><E99/><V11/><F79/><W109/><G109/><T66/><D66/><U102/><E102/><V120/><F120/><W50/><G69/><T14/><D14/><U75/><E13/><V125/><F125/><W88/><G12/><T48/><D48/><U18/><E101/><V0/><F0/><W44/><G38/><T76/><D76/><U135/><E135/><V117/><F77/><W90/><REACH who="3" step="1"/><G61/><REACH who="3" ten="240,250,250,240" step="2"/><T121/><D121/><U67/><E67/><V95/><F117/><W15/><G15/><T7/><D7/><U68/><E60/><V35/><F35/><W20/><G20/><T58/><D58/><U103/><E62/><V9/><F57/><W10/><G10/><RYUUKYOKU ba="0,2" sc="240,15,250,-15,250,-15,240,15" hai0="17,21,27,40,41,42,49,51,87,89,98,100,105" hai3="28,30,31,44,50,53,72,73,74,88,90,91,92" /><INIT seed="0,1,2,1,0,124" ten="255,235,235,255" oya="0" hai0="93,45,103,49,84,121,129,1,16,40,72,19,115" hai1="101,90,13,34,52,15,33,50,66,35,65,83,29" hai2="108,63,36,6,117,107,31,53,32,110,97,12,61" hai3="43,98,116,47,120,77,55,23,86,94,111,96,112"/><T127/><D72/><U102/><E29/><V37/><F117/><W7/><G112/><T2/><D115/><U4/><E101/><N who="2" m="62895" /><F32/><W59/><G116/><T106/><D121/><U132/><E132/><V118/><F118/><W74/><G74/><T89/><D127/><U80/><E102/><V126/><F126/><W11/><G111/><N who="2" m="42537" /><F31/><W30/><G120/><T38/><D103/><U91/><E4/><V54/><F12/><N who="1" m="4681" /><E50/><V76/><F76/><W56/><G11/><T42/><D106/><U99/><E52/><N who="2" m="20075" /><F6/><W85/><G7/><T9/><D49/><U26/><E26/><V113/><F113/><W44/><G77/><T75/><D9/><U10/><E99/><V27/><F27/><N who="3" m="16767" /><G96/><T95/><D38/><AGARI ba="1,2" hai="36,37,38,61,63" m="20075,42537,62895" machi="38" ten="30,2000,0" yaku="14,1,54,1" doraHai="124" who="2" fromWho="0" sc="255,-23,235,0,235,43,255,0" /><INIT seed="1,0,0,1,3,58" ten="232,235,278,255" oya="1" hai0="131,129,38,9,73,22,119,34,23,124,2,68,91" hai1="108,5,71,101,7,47,94,54,52,60,57,36,28" hai2="55,121,81,76,105,30,0,6,82,17,78,3,85" hai3="104,66,127,4,21,130,46,32,125,89,109,1,19"/><U113/><E113/><V61/><F121/><W87/><G109/><T77/><D34/><U128/><E108/><V62/><F105/><W45/><G130/><N who="0" m="49675" /><D124/><N who="3" m="47689" /><G104/><T133/><D133/><U97/><E128/><V90/><F30/><W112/><G112/><T95/><D119/><U16/><E71/><V67/><F6/><W48/><G32/><T15/><D2/><U26/><E36/><V29/><F29/><W126/><G126/><T40/><D68/><U93/><E93/><N who="2" m="54479" /><F3/><W20/><G66/><T123/><D123/><U56/><E47/><V12/><F55/><W116/><G116/><T100/><D100/><U107/><E107/><V132/><F0/><W83/><G1/><T110/><D110/><U41/><E41/><V86/><F67/><W75/><G4/><N who="0" m="3495" /><D38/><U118/><E118/><V84/><F132/><W35/><G35/><T120/><D40/><U24/><E28/><V102/><F102/><W11/><G75/><T59/><D120/><U8/><E5/><V44/><F44/><N who="3" m="17003" /><G48/><T37/><D37/><U53/><E7/><V50/><F50/><W27/><G11/><AGARI ba="0,0" hai="11,12,17,61,62,76,78,81,82,84,86" m="54479" machi="11" ten="30,3900,0" yaku="8,1,52,2" doraHai="58" who="2" fromWho="3" sc="232,0,235,0,278,39,255,-39" /><INIT seed="2,0,0,0,1,75" ten="232,235,317,216" oya="2" hai0="81,70,89,104,127,107,4,22,13,100,11,40,21" hai1="52,69,111,41,9,15,96,20,68,17,130,115,45" hai2="126,24,28,31,91,16,120,2,65,37,49,116,30" hai3="57,67,80,1,87,59,133,5,61,125,48,63,97"/><V7/><F37/><W110/><G133/><T121/><D121/><U39/><E115/><V135/><F120/><W60/><G125/><T64/><D127/><U78/><E111/><V12/><F116/><W23/><G110/><T8/><D40/><U129/><E96/><V46/><F126/><W56/><G1/><T76/><D89/><U43/><E43/><V90/><F135/><W114/><G114/><T19/><D70/><U55/><E9/><N who="2" m="4159" /><F2/><W106/><G5/><T112/><D64/><U99/><E99/><V105/><F65/><W128/><G128/><N who="1" m="49258" /><E78/><V58/><F58/><W122/><G122/><T84/><D112/><U98/><E98/><V95/><F95/><W134/><G134/><T26/><D100/><U102/><E102/><V117/><F105/><W35/><G35/><T34/><D34/><U74/><E74/><V14/><F24/><W92/><G106/><T18/><REACH who="0" step="1"/><D11/><REACH who="0" ten="222,235,317,216" step="2"/><U93/><E68/><V123/><F123/><W103/><G67/><T73/><D73/><U36/><E69/><V53/><F117/><W44/><G23/><AGARI ba="0,1" hai="14,16,23,28,30,31,46,49,53,90,91" m="4159" machi="23" ten="30,2900,0" yaku="8,1,54,1" doraHai="75" who="2" fromWho="3" sc="222,0,235,0,317,39,216,-29" /><INIT seed="2,1,0,0,5,29" ten="222,235,356,187" oya="2" hai0="99,51,62,72,34,95,60,43,83,112,100,18,58" hai1="44,54,33,124,30,11,25,5,122,118,13,7,90" hai2="40,61,56,91,87,79,28,76,107,101,69,126,121" hai3="123,134,68,113,135,77,98,64,104,31,94,4,42"/><V129/><F121/><W80/><G123/><T75/><D112/><U23/><E122/><V24/><F126/><W82/><G113/><T9/><D34/><U27/><E124/><V6/><F129/><W116/><G104/><T36/><D36/><U8/><E90/><V102/><F69/><W120/><G120/><T128/><D128/><U110/><E118/><V78/><F6/><W127/><G127/><T12/><D62/><U130/><E130/><V46/><F107/><W114/><G116/><T89/><D43/><U38/><E110/><V117/><F117/><W86/><G114/><T15/><D51/><U106/><E106/><V47/><F101/><W63/><G4/><T50/><D50/><U85/><E85/><V35/><F102/><W88/><G42/><T19/><D83/><U131/><E131/><V14/><F14/><W48/><G48/><T132/><D132/><N who="3" m="50729" /><G31/><T65/><REACH who="0" step="1"/><D100/><REACH who="0" ten="212,235,356,187" step="2"/><U103/><E103/><V37/><F47/><W96/><G80/><T66/><D66/><U105/><E38/><V3/><F46/><W84/><AGARI ba="1,1" hai="63,64,68,77,82,84,86,88,94,96,98" m="50729" machi="84" ten="30,2000,0" yaku="20,1,54,1" doraHai="29" who="3" fromWho="3" sc="212,-6,235,-6,356,-11,187,33" /><INIT seed="3,0,0,0,3,12" ten="206,229,345,220" oya="3" hai0="25,83,9,135,105,43,70,38,98,104,55,59,115" hai1="10,74,90,91,19,93,34,113,50,134,18,69,117" hai2="2,107,86,101,132,53,11,51,77,65,76,5,63" hai3="92,22,26,4,60,82,97,20,130,52,58,122,64"/><W56/><G122/><T79/><D135/><U84/><E74/><V21/><F132/><W106/><G106/><T121/><D121/><U72/><E72/><V6/><F6/><W123/><G123/><T17/><D70/><U67/><E34/><V75/><F75/><W13/><G130/><T80/><D115/><U78/><E113/><V111/><F111/><W95/><G82/><T81/><D79/><U119/><E78/><V27/><F107/><W48/><G95/><T49/><D98/><N who="1" m="57655" /><E134/><V61/><F101/><N who="3" m="60583" /><G26/><T89/><D89/><U133/><E133/><V23/><F86/><W33/><G33/><T127/><D127/><U103/><E103/><V73/><F73/><W54/><G64/><T109/><D109/><U88/><E69/><V40/><F77/><W125/><G125/><T36/><D9/><AGARI ba="0,0" hai="4,9,13,20,22,48,52,54,56,58,60" m="60583" machi="9" ten="30,2900,0" yaku="8,1,54,1" doraHai="12" who="3" fromWho="0" sc="206,-29,229,0,345,0,220,29" /><INIT seed="3,1,0,3,3,106" ten="177,229,345,249" oya="3" hai0="10,93,101,96,42,119,21,18,45,82,33,130,111" hai1="61,11,120,49,57,112,36,70,84,113,131,87,127" hai2="59,30,91,116,83,63,135,46,125,3,56,78,129" hai3="9,102,109,98,25,114,32,37,43,5,0,100,52"/><W73/><G114/><T124/><D111/><U35/><E35/><V99/><F3/><W97/><G109/><T123/><D124/><U104/><E104/><V75/><F116/><W4/><G4/><T67/><D130/><U66/><E120/><V54/><F125/><W40/><G73/><T107/><D119/><U89/><E127/><V88/><F129/><W126/><G37/><T115/><D123/><U7/><E131/><V24/><F135/><W133/><G133/><T28/><D115/><U132/><E36/><V34/><F99/><W6/><G6/><T39/><D67/><U117/><E117/><V17/><F46/><W105/><G126/><T8/><D82/><U55/><E87/><V22/><F59/><W92/><REACH who="3" step="1"/><G52/><REACH who="3" ten="177,229,345,239" step="2"/><T108/><D108/><U51/><E132/><V23/><F34/><W38/><G38/><T64/><D64/><U90/><E51/><V79/><F79/><W85/><G85/><T1/><D1/><U86/><E84/><V110/><F110/><W68/><G68/><T48/><D39/><U74/><E74/><V31/><F31/><AGARI ba="1,1" hai="0,5,9,25,31,32,40,43,92,97,98,100,102,105" machi="31" ten="40,2000,0" yaku="1,1,53,0" doraHai="106" doraHaiUra="72" who="3" fromWho="2" sc="177,0,229,0,345,-23,239,33" /><INIT seed="3,2,0,1,0,90" ten="177,229,322,272" oya="3" hai0="105,106,119,93,80,121,48,10,88,86,92,94,70" hai1="41,77,108,82,100,39,124,126,4,117,135,6,96" hai2="72,127,76,122,133,0,87,49,29,83,34,104,21" hai3="20,50,75,120,102,32,68,71,36,25,130,31,74"/><W28/><G120/><T81/><D70/><U109/><E41/><V7/><F104/><N who="0" m="40042" /><D48/><U45/><E45/><V95/><F122/><W66/><G130/><T101/><D10/><U2/><E39/><V8/><F34/><W107/><G36/><T40/><D40/><U129/><E129/><V17/><F127/><N who="1" m="48681" /><E117/><V54/><F29/><W35/><G68/><T9/><D9/><N who="1" m="2199" /><E135/><V116/><F133/><W79/><G32/><T44/><D44/><U23/><E23/><V114/><F114/><W24/><G50/><T99/><D121/><U53/><E53/><V16/><F21/><W27/><G27/><T43/><D43/><U89/><E89/><V38/><F38/><W131/><G79/><N who="0" m="46367" /><D119/><U55/><E55/><V51/><F116/><W57/><G131/><T56/><D56/><U18/><E18/><V118/><F118/><W134/><G57/><T3/><D3/><U1/><E6/><V12/><F0/><W15/><G134/><T67/><D67/><U22/><E22/><V113/><F113/><W78/><G20/><T52/><D52/><U11/><E11/><V85/><F72/><W26/><G35/><T60/><D60/><U123/><E1/><V62/><F62/><W111/><G28/><T115/><D115/><U112/><E112/><V59/><F51/><W125/><G31/><T103/><D103/><U84/><E123/><V91/><AGARI ba="2,0" hai="7,8,12,16,17,49,54,59,76,83,85,87,91,95" machi="91" ten="30,7900,0" yaku="0,1,8,1,52,1,54,1" doraHai="90" who="2" fromWho="2" sc="177,-22,229,-22,322,85,272,-41" owari="155,-34.0,207,-19.0,407,50.0,231,3.0" /></mjloggm>