<mjloggm ver="2.3"><GO type="97" lobby="0"/><UN n0="%E5%B0%8F%E7%80%AC%E5%B7%9D" n1="%E5%B0%B1%E6%B4%BB%E7%94%9F%40%E5%B7%9D%E6%9D%91%E8%BB%8D%E5%9B%A3" n2="%E6%90%BA%E5%B8%AF%E9%B3%B4%E3%81%A3%E3%81%A6%E3%82%8B%E3%82%88" n3="%72%61%74%69%6F" dan="14,14,13,13" rate="1905.89,1999.02,1881.48,1844.09" sx="F,M,M,M"/><TAIKYOKU oya="0"/><INIT seed="0,0,0,3,3,90" ten="250,250,250,250" oya="0" hai0="18,21,131,5,85,11,115,52,44,89,57,8,55" hai1="112,33,4,1,9,135,94,119,102,134,130,34,91" hai2="99,113,28,101,41,126,53,32,77,27,40,48,15" hai3="106,43,60,117,103,47,25,98,37,96,42,22,63"/><T0/><D115/><U46/><E119/><V81/><F113/><W68/><G117/><T82/><D131/><U20/><E112/><V88/><F126/><W24/><G24/><T78/><D44/><U45/><E102/><V31/><F31/><W132/><G132/><N who="1" m="50730" /><E20/><V29/><F29/><W127/><G127/><T69/><D69/><U65/><E65/><V109/><F15/><W51/><G68/><T17/><D78/><U12/><E1/><V120/><F120/><W26/><G26/><N who="0" m="14639" /><D0/><U7/><E7/><V10/><F10/><N who="0" m="3626" /><D5/><U118/><E118/><V107/><F41/><W67/><G67/><T58/><D18/><U14/><E14/><V71/><F71/><W83/><G83/><T97/><D97/><N who="1" m="57567" /><E130/><V79/><F77/><W75/><G75/><T123/><D123/><U62/><E62/><N who="3" m="23594" /><G37/><T116/><D116/><U2/><E2/><V39/><F79/><W23/><G25/><T129/><D129/><U108/><E108/><V80/><F39/><W59/><G43/><T124/><D124/><U35/><AGARI ba="0,0" hai="4,9,12,33,34,35,45,46" m="57567,50730" machi="35" ten="40,2700,0" yaku="20,1,52,1" doraHai="90" who="1" fromWho="1" sc="250,-13,250,27,250,-7,250,-7" /><INIT seed="1,0,0,5,5,3" ten="237,277,243,243" oya="1" hai0="42,127,18,9,17,32,72,68,7,90,40,133,55" hai1="81,23,117,116,108,20,26,2,102,135,118,12,66" hai2="13,19,45,119,31,46,100,64,123,5,14,82,132" hai3="101,41,74,36,50,33,125,83,37,27,49,87,121"/><U113/><E2/><V96/><F119/><W130/><G121/><T39/><D32/><U86/><E113/><V29/><F123/><W112/><G112/><T88/><D72/><U70/><E135/><V16/><F132/><W35/><G74/><T51/><D68/><U15/><E108/><V10/><F64/><W95/><G41/><N who="0" m="15979" /><D39/><N who="3" m="14921" /><G27/><T79/><D79/><U4/><E102/><V104/><F19/><N who="0" m="7178" /><D133/><U8/><E15/><V128/><F82/><W47/><G101/><T38/><D38/><U58/><E70/><V129/><F31/><W22/><G22/><T43/><N who="0" m="15987" /><T56/><DORA hai="109" /><D127/><U93/><E93/><V103/><F29/><W78/><G95/><T6/><D9/><U60/><REACH who="1" step="1"/><E26/><REACH who="1" ten="237,267,243,243" step="2"/><V57/><F100/><W44/><G125/><T115/><D115/><U63/><E63/><V89/><F103/><W62/><G62/><T59/><D59/><U71/><E71/><V134/><F57/><W28/><G47/><T99/><D99/><U94/><E94/><V54/><F96/><W69/><G44/><T25/><D25/><U126/><E126/><V24/><F45/><W106/><G69/><T97/><D97/><U77/><AGARI ba="0,1" hai="4,8,12,20,23,58,60,66,77,81,86,116,117,118" machi="77" ten="30,6000,0" yaku="1,1,0,1,52,1,53,0" doraHai="3,109" doraHaiUra="124,84" who="1" fromWho="1" sc="237,-20,267,70,243,-20,243,-20" /><INIT seed="1,1,0,3,5,51" ten="217,337,223,223" oya="1" hai0="38,50,42,59,2,36,81,101,3,73,61,7,33" hai1="15,62,8,6,105,34,129,68,41,104,28,20,56" hai2="83,47,88,60,17,94,16,76,53,115,124,48,113" hai3="118,9,35,30,12,93,4,133,127,135,80,111,86"/><U122/><E68/><V77/><F124/><W25/><G127/><T85/><D33/><U131/><E122/><V64/><F113/><W116/><G111/><T95/><D73/><U71/><E71/><V72/><F77/><W54/><G93/><T121/><D121/><U14/><E41/><V11/><F11/><N who="3" m="4199" /><G86/><T70/><D70/><U43/><E43/><V74/><F115/><W84/><G84/><T19/><D50/><U18/><E28/><V125/><F125/><W102/><G102/><T117/><D19/><U39/><E39/><V67/><F74/><W103/><G103/><T112/><D2/><U27/><E34/><V49/><F67/><W44/><G80/><T13/><D3/><U66/><REACH who="1" step="1"/><E27/><REACH who="1" ten="217,327,223,223" step="2"/><V108/><F108/><W65/><G65/><N who="0" m="39103" /><D36/><U132/><E132/><N who="3" m="50762" /><G9/><N who="0" m="4287" /><D38/><U126/><E126/><V29/><F64/><W100/><G100/><T119/><D112/><U99/><E99/><V82/><F82/><W31/><G31/><T114/><D114/><U106/><AGARI ba="1,1" hai="6,8,14,15,18,20,56,62,66,104,105,106,129,131" machi="106" ten="40,7800,0" yaku="1,1,0,1,53,1" doraHai="51" doraHaiUra="1" who="1" fromWho="1" sc="217,-27,327,91,223,-27,223,-27" /><INIT seed="1,2,0,2,3,106" ten="190,418,196,196" oya="1" hai0="35,1,65,71,18,92,47,15,5,8,74,118,54" hai1="58,19,29,79,60,9,102,37,91,7,108,119,126" hai2="127,115,101,81,32,27,123,93,135,44,20,113,134" hai3="33,73,36,14,42,83,26,62,75,128,133,25,109"/><U70/><E70/><V107/><F123/><W87/><G14/><T78/><D35/><U31/><E119/><V88/><F32/><W45/><G62/><T21/><D118/><U103/><E37/><V90/><F127/><W67/><G67/><T69/><D92/><U117/><E117/><V16/><F107/><W30/><G87/><T120/><D120/><U46/><E126/><V68/><F68/><W43/><G83/><T82/><REACH who="0" step="1"/><D65/><REACH who="0" ten="180,418,196,196" step="2"/><U49/><E103/><V96/><F115/><W122/><G122/><T76/><D76/><U66/><E102/><V64/><F113/><W116/><G116/><T77/><D77/><U129/><E79/><V3/><F64/><W41/><G133/><T34/><D34/><U131/><E91/><V51/><F135/><W63/><G63/><T86/><D86/><U6/><E60/><V39/><F134/><W48/><G128/><T104/><D104/><U24/><E66/><V61/><F61/><W13/><G36/><T98/><D98/><U52/><E129/><V99/><F101/><W11/><G25/><T89/><D89/><U50/><E131/><V57/><F96/><W2/><G2/><T4/><D4/><U72/><E6/><V85/><F90/><W94/><G94/><T55/><D55/><U40/><E7/><V132/><F93/><W97/><G97/><T38/><D38/><U84/><E84/><V114/><F99/><W130/><G130/><T100/><D100/><U110/><E52/><V53/><F114/><W121/><G121/><T23/><D23/><U111/><E108/><V22/><F132/><RYUUKYOKU ba="2,1" sc="180,30,418,-10,196,-10,196,-10" hai0="1,5,8,15,18,21,47,54,69,71,74,78,82" /><INIT seed="2,3,1,1,5,43" ten="210,408,186,186" oya="2" hai0="29,62,61,0,94,65,98,103,60,57,97,93,109" hai1="108,47,19,81,126,53,95,40,68,31,22,122,107" hai2="116,28,48,101,111,84,92,45,78,100,102,55,66" hai3="129,49,75,20,90,12,73,123,63,27,32,7,119"/><V24/><F116/><W88/><G119/><T117/><D109/><U128/><E107/><V96/><F111/><W4/><G32/><T114/><D114/><U15/><E68/><V52/><F66/><W35/><G123/><T130/><D130/><U70/><E70/><V76/><F76/><W72/><G35/><T87/><D0/><U13/><E81/><V2/><F2/><W36/><G36/><T17/><D117/><U89/><E31/><V41/><F78/><W113/><G129/><T5/><D87/><U21/><E128/><V132/><F132/><W124/><G113/><T135/><D135/><U121/><E53/><V82/><F101/><W30/><G63/><T106/><D29/><U67/><E67/><V77/><F102/><W38/><G38/><T50/><D50/><N who="1" m="26983" /><E108/><V18/><F18/><W99/><G99/><T105/><D5/><U83/><E83/><V85/><F84/><W125/><G49/><T25/><D105/><U51/><E51/><V71/><F71/><W112/><G112/><T79/><D106/><U37/><E37/><V23/><AGARI ba="3,1" hai="23,24,28,41,45,48,52,55,77,82,85,92,96,100" machi="23" ten="20,12000,1" yaku="0,1,7,1,8,1,52,1,54,1" doraHai="43" who="2" fromWho="2" sc="210,-43,408,-43,186,139,186,-43" /><INIT seed="2,4,0,4,3,65" ten="167,365,325,143" oya="2" hai0="44,98,33,62,55,112,109,100,99,85,9,76,135" hai1="122,104,78,96,114,38,3,52,89,81,91,26,69" hai2="82,61,57,87,77,25,39,88,121,32,84,56,64" hai3="54,28,60,29,97,119,130,14,15,125,101,41,27"/><V11/><F121/><W93/><G119/><T5/><D33/><U102/><E114/><V10/><F39/><W103/><G130/><T83/><D112/><U108/><E108/><V116/><F116/><W127/><G41/><T71/><D109/><U106/><E106/><V120/><F120/><W90/><G54/><T133/><D44/><U117/><E38/><V48/><F25/><W35/><G29/><T24/><D24/><U59/><E69/><V113/><F32/><W47/><G47/><T80/><D80/><U43/><E3/><V79/><F79/><W42/><G42/><T8/><D55/><U49/><E117/><V129/><F129/><W66/><G103/><T46/><D46/><U118/><E118/><V2/><F113/><W45/><G45/><T123/><D123/><U1/><E1/><V124/><F124/><N who="3" m="47691" /><G101/><T131/><D131/><U74/><E43/><V132/><F132/><N who="0" m="50762" /><D100/><U105/><E105/><V67/><F2/><W30/><G28/><T115/><D115/><U31/><E122/><V110/><F110/><W134/><G134/><T63/><D63/><U19/><E19/><V12/><F48/><W6/><G6/><T4/><D4/><U72/><E72/><V73/><F73/><W107/><G107/><T70/><D5/><U13/><E13/><V20/><F20/><AGARI ba="4,0" hai="20,26,31,49,52,59,74,78,81,89,91,96,102,104" machi="20" ten="30,2000,0" yaku="7,1,54,1" doraHai="65" who="1" fromWho="2" sc="167,0,365,32,325,-32,143,0" /><INIT seed="3,0,0,3,2,62" ten="167,397,293,143" oya="3" hai0="43,10,127,108,2,3,114,26,61,25,85,71,110" hai1="58,9,122,0,17,12,37,19,60,55,120,57,91" hai2="34,67,113,44,78,56,131,72,132,129,30,118,32" hai3="4,15,50,112,51,135,90,100,106,124,69,103,63"/><W7/><G112/><T94/><D127/><U99/><E37/><V33/><F113/><W35/><G124/><T123/><D123/><U29/><E29/><V39/><F118/><W130/><G35/><T77/><D114/><U76/><E76/><V109/><F109/><N who="0" m="42090" /><D43/><U36/><E36/><V104/><F132/><W54/><G106/><T65/><D94/><U107/><E0/><N who="0" m="41" /><D10/><U13/><E58/><V40/><F104/><W52/><G135/><T88/><D88/><U46/><E46/><V23/><F23/><W84/><G130/><T1/><N who="0" m="49" /><T125/><DORA hai="86" /><D125/><U64/><E107/><V24/><F56/><N who="3" m="35207" /><G69/><T83/><AGARI ba="0,0" hai="25,26,61,65,71,77,83,85" m="49,42090" machi="83" ten="50,3200,0" yaku="14,1,52,1" doraHai="62,86" who="0" fromWho="0" sc="167,32,397,-8,293,-8,143,-16" owari="199,-20.0,389,48.0,285,9.0,127,-37.0" /></mjloggm>