<mjloggm ver="2.3"><GO type="169" lobby="0"/><UN n0="%E3%82%B3%E3%83%BC%E3%83%A9%E4%B8%8B%E3%81%95%E3%81%84" n1="%E3%82%A6%E3%83%AB%E3%83%88%E3%83%A9%E7%AB%8B%E7%9B%B4" n2="%74%6A%2D%6D%69%63%72%6F" n3="%E3%80%90%E7%BD%AA%E6%AD%8C%E3%80%91" dan="16,18,16,18" rate="2122.07,2234.10,2107.08,2259.22" sx="M,M,M,F"/><TAIKYOKU oya="0"/><INIT seed="0,0,0,1,0,12" ten="250,250,250,250" oya="0" hai0="44,85,96,69,71,36,56,8,52,18,108,46,22" hai1="119,17,118,95,39,13,6,57,100,1,2,26,32" hai2="99,42,63,93,125,130,20,112,92,53,120,83,68" hai3="5,34,110,102,134,97,88,78,106,35,27,41,77"/><T109/><D8/><U15/><E39/><V87/><F112/><W47/><G110/><N who="0" m="42603" /><D85/><U28/><E57/><V126/><F120/><W84/><G134/><T124/><D96/><U129/><E95/><V45/><F68/><N who="0" m="26186" /><D36/><U55/><E100/><V66/><F99/><W82/><G5/><T107/><D107/><U58/><E13/><V37/><F87/><W54/><G54/><T121/><D121/><U86/><E86/><V33/><F53/><W117/><G117/><T16/><D124/><U72/><E72/><V65/><F37/><W122/><G122/><T19/><D22/><U30/><E55/><V101/><F20/><W132/><G132/><T89/><D89/><U91/><E91/><V94/><F101/><W70/><G70/><T76/><D76/><U9/><E9/><V98/><F98/><W81/><G27/><T128/><D128/><U80/><E26/><V103/><F103/><W7/><G7/><T74/><D74/><U21/><E6/><V61/><F130/><W11/><G11/><T131/><D131/><U114/><E21/><V38/><F83/><W24/><G24/><T60/><AGARI ba="0,0" hai="16,18,19,44,46,52,56,60" m="26186,42603" machi="60" ten="40,18000,2" yaku="14,1,10,1,52,3,54,2" doraHai="12" who="0" fromWho="0" sc="250,180,250,-60,250,-60,250,-60" /><INIT seed="0,1,0,1,1,116" ten="430,190,190,190" oya="0" hai0="107,19,2,99,88,77,91,129,61,4,67,134,36" hai1="29,55,65,112,68,86,39,76,38,46,92,58,23" hai2="117,1,66,100,130,25,122,6,16,57,40,64,31" hai3="14,53,127,54,48,26,94,42,111,105,87,85,78"/><T35/><D36/><U60/><E112/><V124/><F100/><W115/><G105/><T3/><D77/><U27/><E46/><V90/><F130/><W120/><G115/><T135/><D129/><U126/><E126/><V131/><F131/><W33/><G127/><T118/><D35/><U93/><E93/><V10/><F124/><W74/><G74/><T101/><D19/><U114/><E114/><V132/><F132/><N who="0" m="50730" /><D118/><U128/><E128/><V37/><F117/><W62/><G78/><T9/><D3/><U0/><E0/><V110/><F110/><W109/><G14/><T95/><D107/><U8/><E8/><V34/><F90/><W59/><G26/><T82/><D82/><U32/><E32/><V75/><F75/><W84/><G33/><T97/><D99/><U52/><E55/><V41/><F37/><W22/><G22/><T50/><D50/><U113/><E113/><V17/><F41/><W106/><G42/><T103/><D91/><U11/><E11/><V45/><F40/><W121/><G94/><T71/><AGARI ba="1,0" hai="2,4,9,61,67,71,88,95,97,101,103" m="50730" machi="71" ten="30,3000,0" yaku="20,1,54,1" doraHai="116" who="0" fromWho="0" sc="430,33,190,-11,190,-11,190,-11" /><INIT seed="0,2,0,1,0,23" ten="463,179,179,179" oya="0" hai0="9,71,1,59,4,102,134,53,75,106,109,81,6" hai1="88,35,92,124,50,18,118,39,21,15,22,61,63" hai2="13,79,5,108,131,32,91,93,97,51,133,2,99" hai3="14,96,73,70,8,126,33,52,66,100,125,19,129"/><T123/><D123/><U16/><E39/><V31/><F108/><W78/><G129/><T77/><D71/><U120/><E35/><V68/><F68/><W69/><G33/><T30/><D134/><U121/><E118/><V119/><F131/><W122/><G122/><T20/><D6/><U26/><E124/><N who="3" m="47722" /><G66/><T116/><D116/><U103/><E121/><V83/><F133/><W55/><G70/><T101/><D106/><U107/><E120/><V80/><F2/><W132/><G69/><T72/><D72/><U38/><E38/><V115/><F115/><W17/><G132/><T3/><D3/><U28/><E28/><V58/><F99/><W86/><G73/><T74/><D74/><U54/><E103/><V112/><F112/><W87/><G19/><T34/><D34/><U127/><E107/><V43/><F32/><W84/><G78/><T46/><D46/><N who="1" m="27991" /><E127/><V67/><F31/><W27/><G27/><T62/><REACH who="0" step="1"/><D109/><REACH who="0" ten="453,179,179,179" step="2"/><U25/><E15/><V85/><F13/><W89/><G89/><T47/><D47/><U110/><E110/><V82/><F119/><W90/><G90/><T0/><D0/><U37/><E37/><V65/><F91/><W12/><G12/><T94/><D94/><AGARI ba="2,1" hai="8,14,17,52,55,84,86,87,94,96,100" m="47722" machi="94" ten="30,2000,0" yaku="18,1,54,1" doraHai="23" who="3" fromWho="0" sc="453,-26,179,0,179,0,179,36" /><INIT seed="1,0,0,2,1,17" ten="427,179,179,215" oya="1" hai0="79,39,34,1,68,117,55,110,48,60,23,10,8" hai1="126,104,125,4,120,82,99,102,62,54,115,93,53" hai2="72,131,134,112,12,7,86,77,113,35,63,57,74" hai3="129,114,71,50,9,76,33,14,85,26,75,92,49"/><U109/><E120/><V96/><F35/><W95/><G71/><T29/><D34/><U41/><E115/><V133/><F7/><W123/><G114/><N who="2" m="44137" /><F12/><W100/><G123/><T84/><D39/><U90/><E109/><V111/><F111/><W121/><G121/><T19/><D29/><U83/><E4/><V32/><F32/><W130/><G75/><N who="2" m="28713" /><F96/><N who="3" m="59399" /><G26/><T45/><D1/><U132/><E41/><V40/><F40/><W89/><G33/><T5/><D5/><U31/><E31/><V44/><F44/><W101/><G101/><T128/><D117/><U70/><E132/><V65/><F131/><N who="3" m="50187" /><G76/><T21/><D110/><U73/><E73/><V27/><F27/><W11/><G11/><T18/><D10/><U119/><E119/><V105/><F105/><W66/><G66/><T118/><D8/><U47/><E47/><V103/><F103/><W15/><G15/><T6/><D6/><AGARI ba="0,0" hai="6,9,14,49,50,85,89,95" m="50187,59399" machi="6" ten="30,1000,0" yaku="19,1" doraHai="17" who="3" fromWho="0" sc="427,-10,179,0,179,0,215,10" /><INIT seed="2,0,0,0,1,38" ten="417,179,179,225" oya="2" hai0="1,81,24,50,26,76,119,43,90,44,96,124,9" hai1="3,17,36,75,11,126,122,0,91,51,49,29,127" hai2="125,18,57,85,87,65,131,118,62,113,39,123,107" hai3="95,33,106,55,72,16,21,98,54,2,116,89,84"/><V63/><F113/><W35/><G72/><T37/><D124/><N who="1" m="47659" /><E75/><V60/><F118/><W130/><G130/><T66/><D66/><U108/><E108/><V67/><F123/><W64/><G116/><T88/><D119/><U121/><E29/><V30/><F30/><W27/><G2/><N who="1" m="554" /><E91/><V10/><F107/><W46/><G64/><T97/><D97/><U99/><E99/><V134/><F134/><W94/><G106/><T109/><D109/><U102/><E102/><V114/><F39/><W61/><G46/><T25/><D96/><U110/><E36/><V128/><F125/><W19/><G19/><T59/><D59/><U41/><E110/><V8/><F114/><W83/><G95/><T79/><D79/><U68/><E68/><V74/><F74/><W45/><G45/><T77/><D77/><U132/><E132/><V135/><F135/><W80/><G80/><T86/><REACH who="0" step="1"/><D37/><REACH who="0" ten="407,179,179,225" step="2"/><U6/><E122/><V13/><F128/><W129/><G129/><T28/><D28/><U34/><E121/><V48/><F131/><W15/><G98/><T56/><D56/><U69/><E69/><V4/><F65/><W53/><G84/><T32/><D32/><U20/><E34/><V52/><F67/><W23/><G35/><T14/><D14/><AGARI ba="0,1" hai="4,8,10,13,14,18,48,52,57,60,62,63,85,87" machi="14" ten="40,3900,0" yaku="8,1,54,1" doraHai="38" who="2" fromWho="0" sc="407,-39,179,0,179,49,225,0" /><INIT seed="2,1,0,3,4,87" ten="368,179,228,225" oya="2" hai0="51,116,30,102,82,83,98,27,112,131,54,126,129" hai1="106,125,56,53,91,35,7,128,24,74,95,134,103" hai2="34,135,104,92,39,57,59,108,29,133,8,10,17" hai3="101,85,67,28,3,111,14,37,55,46,68,49,32"/><V72/><F104/><W48/><G3/><T79/><D112/><U16/><E125/><V13/><F39/><W123/><G123/><T100/><D126/><U99/><E128/><N who="0" m="49225" /><D116/><U43/><E134/><N who="2" m="51211" /><F72/><W50/><G111/><T120/><D120/><U117/><E117/><V73/><F73/><W75/><G75/><N who="0" m="43391" /><D98/><U115/><E115/><V127/><F127/><W71/><G101/><T1/><D83/><U33/><E74/><V18/><F29/><W109/><G109/><T19/><D19/><N who="2" m="7178" /><F34/><W88/><G37/><T47/><D1/><U20/><E7/><V62/><F13/><W124/><G124/><T86/><D86/><U64/><E64/><V40/><F40/><W66/><G14/><T63/><D63/><U81/><E43/><V77/><F77/><W60/><G67/><T4/><D4/><U78/><E78/><V113/><F113/><W25/><REACH who="3" step="1"/><G68/><REACH who="3" ten="368,179,228,215" step="2"/><T80/><D100/><U105/><E105/><V114/><F114/><W90/><G90/><T12/><D102/><U70/><E70/><V121/><F121/><W2/><G2/><T110/><D12/><U36/><E36/><V76/><F108/><W31/><G31/><T15/><D15/><U52/><E106/><V11/><F76/><W58/><G58/><N who="2" m="22025" /><F62/><W41/><G41/><T93/><D110/><U6/><E6/><V122/><F122/><W132/><G132/><T96/><D30/><U44/><E56/><V107/><F107/><W69/><G69/><T130/><D130/><U45/><E53/><V21/><F8/><W5/><G5/><T89/><D27/><U0/><E24/><RYUUKYOKU ba="1,1" sc="368,15,179,-15,228,-15,215,15" hai0="47,51,54,80,89,93,96" hai3="25,28,32,46,48,49,50,55,60,66,71,85,88" /><INIT seed="3,2,1,4,3,122" ten="383,164,213,230" oya="3" hai0="84,132,62,33,134,75,14,97,120,56,135,21,108" hai1="32,48,78,60,47,29,100,31,79,85,27,55,104" hai2="68,20,119,83,90,10,36,126,12,0,81,111,24" hai3="102,34,54,95,106,4,46,72,82,73,16,23,117"/><W71/><G117/><T28/><D75/><U113/><E113/><V18/><F36/><W35/><G71/><T2/><D2/><U112/><E112/><V130/><F68/><W67/><G106/><T39/><D39/><U121/><E121/><V128/><F119/><W96/><G67/><T114/><D114/><U118/><E118/><V5/><F126/><W70/><G70/><T37/><D37/><U131/><E131/><N who="2" m="50219" /><F90/><W19/><G4/><T7/><D33/><U15/><E31/><N who="2" m="17799" /><F111/><W11/><G11/><AGARI ba="2,1" hai="0,5,10,11,12,18,81,83" m="17799,50219" machi="11" ten="30,1000,0" yaku="19,1" doraHai="122" who="2" fromWho="3" sc="383,0,164,0,213,26,230,-16" /><INIT seed="4,0,0,4,3,33" ten="383,164,239,214" oya="0" hai0="74,28,21,44,83,91,110,36,89,113,122,53,80" hai1="106,125,13,29,17,58,104,86,16,112,71,62,50" hai2="45,102,99,118,18,2,134,51,105,87,107,131,12" hai3="65,82,120,34,47,70,0,52,111,48,119,115,127"/><T69/><D122/><U5/><E125/><V135/><F107/><W108/><G34/><T98/><D69/><U41/><E112/><V11/><F131/><W3/><G119/><T39/><D113/><U14/><E29/><V40/><F118/><W9/><G115/><T117/><D74/><U126/><E5/><V23/><F87/><W56/><G127/><T73/><D73/><U7/><E7/><V67/><F67/><W128/><G9/><T54/><D28/><U31/><E31/><V116/><F116/><W46/><G70/><T93/><D21/><U4/><E4/><V129/><F129/><W92/><G82/><T37/><D117/><U121/><E121/><V20/><F2/><W95/><G128/><T59/><D110/><U63/><E86/><V76/><F76/><W133/><G133/><AGARI ba="0,0" hai="11,12,18,20,23,40,45,51,99,102,105,133,134,135" machi="133" ten="40,1300,0" yaku="20,1" doraHai="33" who="2" fromWho="3" sc="383,0,164,0,239,13,214,-13" /><INIT seed="5,0,0,3,5,90" ten="383,164,252,201" oya="1" hai0="75,72,112,42,11,118,22,94,49,65,89,103,97" hai1="1,110,120,26,115,20,95,28,24,59,25,126,55" hai2="62,48,79,53,114,35,84,70,7,31,34,116,119" hai3="88,80,64,91,17,63,122,18,74,27,50,39,125"/><U44/><E120/><V100/><F100/><W51/><G39/><T69/><D118/><U99/><E1/><V4/><F70/><W38/><G38/><T111/><D111/><U82/><E110/><V36/><F36/><W16/><G122/><T109/><D112/><U107/><E107/><V130/><F62/><W6/><G6/><T41/><D65/><U29/><E115/><V127/><F127/><W33/><G125/><T43/><D69/><U128/><E126/><V123/><F123/><W77/><G33/><T19/><D11/><U47/><E82/><V71/><F71/><W106/><G27/><N who="1" m="10314" /><E29/><V132/><F31/><W108/><G106/><T52/><D109/><U131/><E131/><V23/><F130/><W54/><G108/><T66/><D66/><U10/><E10/><V8/><F8/><W0/><G0/><T67/><D67/><U87/><E87/><V73/><F73/><W12/><G12/><N who="0" m="9575" /><D75/><U86/><E86/><V105/><F105/><W21/><G21/><T76/><D76/><U15/><E15/><V92/><F23/><W83/><G83/><T124/><D72/><U101/><E128/><V135/><F114/><W98/><G64/><T68/><D68/><U81/><E81/><V56/><F34/><W121/><G121/><T2/><D2/><U13/><E13/><V61/><F35/><W60/><G74/><T37/><D37/><U104/><E104/><V45/><F116/><W133/><G77/><T129/><D129/><U58/><E58/><V134/><F119/><W57/><G57/><N who="0" m="32911" /><D124/><U78/><E78/><V93/><F79/><RYUUKYOKU ba="0,0" sc="383,15,164,15,252,-15,201,-15" hai0="41,42,43,89,94,97,103" hai1="20,26,28,44,47,55,59,95,99,101" /><INIT seed="5,1,0,2,1,73" ten="398,179,237,186" oya="1" hai0="125,133,36,46,8,64,25,22,33,39,53,100,118" hai1="108,101,79,65,4,6,5,49,84,23,51,28,99" hai2="92,48,21,113,74,77,129,11,2,10,44,78,122" hai3="45,131,90,57,80,124,16,34,66,102,128,83,52"/><U47/><E108/><V24/><F74/><W103/><G34/><T115/><D33/><U85/><E65/><V56/><F122/><W19/><G66/><T116/><D115/><U35/><E35/><V70/><F70/><W75/><G45/><T130/><D130/><N who="3" m="49705" /><G124/><T82/><D100/><N who="3" m="38441" /><G90/><T20/><D8/><N who="2" m="3114" /><F2/><W18/><G75/><T98/><D98/><U109/><E109/><V111/><F111/><W97/><G97/><T117/><D125/><U88/><E101/><V69/><F69/><W13/><G13/><T41/><D39/><U7/><N who="1" m="1024" /><DORA hai="26" /><U40/><E79/><V87/><F56/><W81/><G19/><T76/><D64/><U3/><E3/><V114/><F129/><W62/><AGARI ba="1,0" hai="16,18,52,57,62,80,81,83" m="38441,49705" machi="62" ten="40,5200,0" yaku="19,1,54,2" doraHai="73,26" who="3" fromWho="3" sc="398,-14,179,-27,237,-14,186,55" /><INIT seed="6,0,0,4,4,28" ten="384,152,223,241" oya="2" hai0="128,30,52,35,55,22,123,86,130,115,120,17,89" hai1="117,105,26,53,111,124,71,94,125,112,43,1,36" hai2="113,131,57,40,7,72,73,42,0,135,88,14,99" hai3="4,25,13,81,18,110,122,69,2,104,60,8,33"/><V134/><F0/><W5/><G122/><T83/><D115/><U47/><E105/><V16/><F7/><W68/><G104/><T20/><D20/><U15/><E1/><V62/><F131/><N who="0" m="50218" /><D30/><U79/><E79/><V45/><F113/><W70/><G110/><T23/><D23/><U65/><E112/><V121/><F121/><N who="0" m="46666" /><D35/><U34/><E117/><V64/><F73/><W98/><G98/><T129/><D129/><U41/><E15/><AGARI ba="0,0" hai="15,17,22,52,55,83,86,89" m="46666,50218" machi="15" ten="30,2000,0" yaku="19,1,54,1" doraHai="28" who="0" fromWho="1" sc="384,20,152,-20,223,0,241,0" /><INIT seed="7,0,0,5,0,85" ten="404,132,223,241" oya="3" hai0="118,45,124,16,90,58,116,26,63,21,24,19,47" hai1="31,121,57,100,96,49,129,92,33,113,68,59,13" hai2="40,8,66,130,87,46,72,1,41,18,106,81,94" hai3="0,70,84,105,99,69,91,79,131,17,102,82,135"/><W54/><G0/><T75/><D75/><U29/><E113/><V126/><F106/><W14/><G135/><T122/><D124/><U78/><E129/><V112/><F112/><W7/><G7/><T39/><D39/><U88/><E121/><V134/><F134/><W51/><G131/><T65/><D122/><U34/><E68/><V50/><F66/><W133/><G133/><T20/><D90/><N who="1" m="55319" /><E34/><V104/><F104/><W101/><G101/><T120/><D120/><U62/><E33/><V22/><F72/><W28/><G28/><N who="1" m="10826" /><E78/><V30/><F1/><W103/><G103/><T15/><D15/><U123/><E123/><V86/><F30/><W61/><G61/><T43/><D43/><U55/><E13/><V98/><F41/><W42/><G42/><T80/><D80/><U108/><E100/><V77/><F8/><W107/><G107/><T23/><D23/><U115/><E115/><V5/><F126/><W37/><G37/><T111/><D111/><U117/><E117/><AGARI ba="0,0" hai="16,19,20,21,24,26,45,47,58,63,65,116,117,118" machi="117" ten="40,2600,0" yaku="9,1,54,1" doraHai="85" who="0" fromWho="1" sc="404,26,132,-26,223,0,241,0" owari="430,53.0,106,-39.0,223,-18.0,241,4.0" /></mjloggm>