<mjloggm ver="2.3"><GO type="97" lobby="0"/><UN n0="%6A%61%6E%67%61" n1="%E3%83%89%E3%82%A4%E3%83%84%E3%81%AE%E6%96%A5%E5%80%99" n2="%E5%B0%B1%E6%B4%BB%E7%94%9F%40%E5%B7%9D%E6%9D%91%E8%BB%8D%E5%9B%A3" n3="%66%65" dan="14,15,15,14" rate="1938.66,1965.36,2035.86,1951.33" sx="M,M,M,M"/><TAIKYOKU oya="0"/><INIT seed="0,0,0,0,5,110" ten="250,250,250,250" oya="0" hai0="134,5,84,118,71,33,24,97,42,117,80,121,68" hai1="1,30,67,34,23,32,116,101,81,49,105,13,102" hai2="46,88,3,60,128,113,57,89,37,17,133,66,19" hai3="90,41,40,92,103,100,122,95,35,59,98,93,131"/><T112/><D121/><U65/><E1/><V20/><F3/><W31/><G35/><T108/><D5/><U76/><E116/><V10/><F113/><W2/><G2/><T36/><D112/><U43/><E34/><V4/><F128/><W79/><G131/><T16/><D33/><U15/><E32/><V86/><F133/><W53/><G122/><T29/><D29/><U8/><E105/><V6/><F37/><W61/><G79/><T7/><D7/><N who="2" m="2602" /><F46/><W26/><G26/><T52/><D42/><U125/><E125/><V73/><F73/><W56/><G31/><T91/><D36/><U78/><E30/><V11/><F19/><W82/><G82/><T119/><D97/><U132/><E81/><N who="2" m="49231" /><F89/><W104/><G104/><T96/><D96/><U85/><E132/><V106/><F106/><W69/><G69/><T75/><D75/><U70/><E70/><V38/><F38/><W39/><G39/><T9/><D108/><U99/><E99/><V127/><F127/><W94/><G59/><T21/><D9/><U111/><E8/><V25/><AGARI ba="0,0" hai="10,11,17,20,25,57,60,66" m="49231,2602" machi="25" ten="30,2000,0" yaku="8,1,54,1" doraHai="110" who="2" fromWho="2" sc="250,-10,250,-5,250,20,250,-5" /><INIT seed="1,0,0,4,1,22" ten="240,245,270,245" oya="1" hai0="133,115,81,5,89,110,82,33,49,73,98,62,52" hai1="80,90,57,74,15,3,105,32,84,79,118,107,20" hai2="119,91,83,2,40,4,78,134,61,46,26,9,55" hai3="131,70,102,13,45,0,11,64,44,76,25,120,135"/><U54/><E32/><V65/><F119/><W95/><G120/><T68/><D115/><U53/><E118/><V67/><F134/><W24/><G0/><T7/><D33/><U10/><E3/><V100/><F100/><W37/><G135/><T1/><D133/><U97/><E20/><V117/><F117/><W21/><G131/><T125/><D125/><U51/><E54/><V94/><F55/><W18/><G76/><T106/><D1/><U124/><E97/><N who="2" m="57567" /><F61/><W108/><G37/><T88/><D98/><U126/><E107/><V123/><F26/><N who="3" m="10347" /><G70/><T41/><D68/><U127/><E105/><V27/><F27/><N who="3" m="14775" /><G64/><T38/><D38/><U8/><E15/><V87/><F123/><W99/><G108/><T30/><D73/><U42/><E42/><V128/><F128/><W114/><G114/><T112/><D110/><U29/><E29/><V71/><F71/><W56/><G56/><N who="0" m="35079" /><D30/><U69/><E69/><V77/><F77/><W12/><G12/><T60/><D106/><U86/><E74/><N who="2" m="43479" /><F67/><W109/><G109/><T14/><D14/><U111/><E111/><V103/><F65/><W48/><G48/><T85/><D60/><U116/><E116/><V75/><F75/><W129/><G129/><T47/><D112/><U121/><E121/><V17/><F2/><W23/><G23/><T31/><D31/><U39/><E39/><V35/><F35/><W122/><G122/><T96/><D96/><U132/><E132/><V58/><F58/><W43/><G43/><T50/><D50/><U34/><E34/><V63/><F40/><W101/><G101/><RYUUKYOKU ba="0,0" sc="240,10,245,10,270,-30,245,10" hai0="5,7,41,47,49,81,82,85,88,89" hai1="8,10,51,53,57,79,80,84,86,90,124,126,127" hai3="11,13,44,45,95,99,102" /><INIT seed="1,1,0,1,4,95" ten="250,255,240,255" oya="1" hai0="57,2,36,12,119,84,31,98,19,52,121,38,86" hai1="69,55,81,30,33,22,85,42,61,135,120,78,63" hai2="6,46,1,10,34,126,133,70,113,32,25,23,97" hai3="5,58,87,24,7,71,43,50,132,29,44,101,122"/><U123/><E135/><V96/><F70/><W37/><G122/><T73/><D73/><U54/><E33/><V131/><F133/><W89/><G132/><T56/><D2/><U3/><E3/><V11/><F113/><W60/><G101/><T66/><D31/><U27/><E42/><V90/><F126/><W59/><G71/><T80/><D38/><U82/><E82/><V15/><F131/><W118/><G37/><T4/><D80/><U47/><E69/><V49/><F34/><W134/><G134/><T127/><D4/><U79/><E79/><V106/><F90/><W128/><G128/><T129/><D36/><U53/><REACH who="1" step="1"/><E47/><REACH who="1" ten="250,245,240,255" step="2"/><V17/><F106/><W111/><G111/><T99/><D129/><U104/><E104/><V93/><F93/><W39/><G118/><T92/><D92/><U13/><E13/><V14/><F32/><W65/><G39/><T68/><D68/><U117/><E117/><V64/><F1/><W125/><G125/><T45/><D127/><U74/><E74/><V77/><F77/><W48/><G58/><N who="0" m="22635" /><D121/><AGARI ba="1,1" hai="22,27,30,53,54,55,61,63,78,81,85,120,121,123" machi="121" ten="40,2000,0" yaku="1,1,53,0" doraHai="95" doraHaiUra="67" who="1" fromWho="0" sc="250,-23,245,33,240,0,255,0" /><INIT seed="1,2,0,2,2,85" ten="227,278,240,255" oya="1" hai0="89,103,46,124,109,79,10,75,4,23,74,83,14" hai1="42,31,91,25,56,34,53,94,45,58,127,132,62" hai2="95,40,35,30,78,112,126,111,71,65,51,61,101" hai3="33,39,21,122,110,66,2,15,5,19,44,8,50"/><U38/><E132/><V54/><F126/><W12/><G122/><T128/><D124/><U69/><E127/><V28/><F111/><W1/><G39/><T92/><D109/><U59/><REACH who="1" step="1"/><E69/><REACH who="1" ten="227,268,240,255" step="2"/><V47/><F112/><W16/><G110/><T76/><D128/><U6/><E6/><V87/><F35/><W37/><G37/><T130/><D130/><U80/><E80/><V105/><F105/><W96/><G66/><T41/><D103/><U106/><E106/><V97/><F78/><W13/><G44/><T7/><D79/><U68/><E68/><V3/><F3/><N who="3" m="1035" /><G50/><T9/><D75/><U20/><E20/><V133/><F133/><W43/><G43/><T60/><D23/><U114/><E114/><V117/><F117/><W55/><G55/><T129/><D129/><U77/><E77/><V120/><F120/><W36/><G36/><T22/><D22/><U24/><E24/><V121/><F121/><W86/><G86/><AGARI ba="2,1" hai="25,31,34,38,42,45,53,56,58,59,62,86,91,94" machi="86" ten="30,11600,0" yaku="1,1,7,1,52,1,53,1" doraHai="85" doraHaiUra="27" who="1" fromWho="3" sc="227,0,268,132,240,0,255,-122" /><INIT seed="1,3,0,0,5,110" ten="227,400,240,133" oya="1" hai0="107,83,73,71,86,49,134,128,69,1,45,18,61" hai1="24,36,6,58,48,40,100,14,11,42,54,77,127" hai2="43,9,114,126,133,112,90,59,4,102,76,60,82" hai3="103,41,117,52,20,94,91,115,75,70,116,66,109"/><U27/><E127/><V33/><F33/><W51/><G109/><T80/><D107/><U68/><E77/><V19/><F133/><W64/><G75/><T118/><D1/><U106/><E68/><V85/><F126/><W62/><G103/><T132/><D118/><N who="3" m="45673" /><G20/><T98/><D98/><U78/><E78/><V25/><F102/><W50/><G91/><T125/><D61/><U72/><E72/><V113/><F43/><W28/><G28/><T0/><D0/><U8/><E42/><V130/><F130/><W87/><G87/><T21/><D128/><U89/><E40/><V121/><F121/><W15/><G15/><T56/><D56/><U131/><E131/><V122/><F122/><W105/><G94/><T84/><D73/><U34/><E34/><V124/><F124/><W32/><G32/><T57/><D57/><U29/><E29/><V44/><F25/><W12/><G12/><T95/><D95/><U74/><E74/><V22/><F22/><W92/><G105/><T7/><D7/><U111/><E27/><V65/><F19/><W97/><G92/><T2/><D2/><U63/><E24/><V104/><F104/><W23/><G97/><T46/><D21/><U55/><E100/><V101/><F101/><W17/><G23/><T99/><D125/><U79/><E106/><V39/><F9/><W13/><G17/><T129/><D18/><U119/><E11/><V16/><F4/><W96/><G13/><T3/><D129/><U5/><E8/><V10/><F10/><W88/><G96/><T26/><D99/><U120/><E6/><RYUUKYOKU ba="3,0" sc="227,0,400,0,240,0,133,0" /><INIT seed="2,4,0,2,2,115" ten="227,400,240,133" oya="2" hai0="96,135,87,84,18,69,0,65,34,24,124,12,108" hai1="113,59,80,88,49,51,107,2,64,106,27,116,48" hai2="62,102,28,74,114,90,126,117,100,55,14,1,134" hai3="26,19,38,10,13,29,120,75,94,33,7,104,20"/><V45/><F117/><W50/><G104/><T85/><D0/><U122/><E2/><V40/><F1/><W41/><G75/><T57/><D69/><U25/><E113/><V103/><F74/><W66/><G120/><T76/><D108/><U119/><E122/><V110/><F114/><W101/><G38/><T35/><D24/><U121/><E121/><V131/><F110/><W53/><G66/><T52/><D65/><U77/><E88/><V125/><F131/><W99/><G41/><T44/><D44/><U58/><E64/><V15/><F28/><W37/><G37/><T111/><D96/><U86/><E106/><V127/><F134/><W105/><G105/><T31/><D31/><U71/><E107/><V54/><F90/><W112/><G112/><T21/><D111/><U98/><E71/><V82/><F82/><W63/><G63/><T56/><D56/><U128/><E128/><V83/><F83/><W61/><G61/><T8/><D76/><U60/><E59/><N who="2" m="35191" /><F55/><W9/><REACH who="3" step="1"/><G7/><REACH who="3" ten="227,400,240,123" step="2"/><T129/><D129/><U36/><E36/><AGARI ba="4,1" hai="14,15,36,40,45,100,102,103,125,126,127" m="35191" machi="36" ten="40,2000,0" yaku="18,1" doraHai="115" who="2" fromWho="1" sc="227,0,400,-32,240,42,123,0" /><INIT seed="2,5,0,0,1,63" ten="227,368,282,123" oya="2" hai0="120,62,59,18,29,80,113,39,131,85,75,89,1" hai1="24,66,116,54,4,124,22,19,32,117,76,31,7" hai2="50,97,57,101,35,27,111,34,9,112,30,10,110" hai3="99,72,92,126,45,52,56,49,21,13,134,130,86"/><V48/><F112/><W123/><G72/><T53/><D113/><U5/><E76/><V96/><F57/><W11/><G123/><T61/><D75/><U12/><E54/><V78/><F78/><W103/><G126/><T108/><D1/><U36/><E36/><V87/><F87/><W104/><G134/><T38/><D120/><U102/><E102/><V133/><F133/><W77/><G130/><T28/><D131/><U69/><E69/><V58/><F58/><W121/><G104/><T55/><D108/><N who="2" m="41514" /><F34/><W46/><G121/><T129/><D129/><U79/><E79/><V17/><F96/><W122/><G122/><T67/><D39/><U81/><E81/><V83/><F83/><N who="3" m="47471" /><G21/><T128/><D38/><U93/><E93/><N who="2" m="58543" /><F17/><AGARI ba="5,0" hai="11,13,17,45,46,49,52,56,92,99,103" m="47471" machi="17" ten="30,2000,0" yaku="8,1,54,1" doraHai="63" who="3" fromWho="2" sc="227,0,368,0,282,-35,123,35" /><INIT seed="3,0,0,2,5,89" ten="227,368,247,158" oya="3" hai0="24,108,65,79,90,25,95,78,131,87,109,117,43" hai1="56,127,115,85,38,64,9,128,3,125,20,47,51" hai2="46,11,120,15,134,5,135,59,34,7,22,132,93" hai3="96,100,52,41,66,62,23,4,104,91,107,26,73"/><W49/><G73/><T94/><D117/><U71/><E115/><V6/><F34/><W68/><G4/><T36/><D131/><U35/><E35/><V28/><F120/><W10/><G10/><T30/><D65/><U81/><E38/><V37/><F59/><W19/><G91/><N who="0" m="53631" /><D36/><U40/><E128/><V27/><F93/><W55/><G41/><AGARI ba="0,0" hai="5,6,7,11,15,22,27,28,37,41,46,132,134,135" machi="41" ten="40,1300,0" yaku="20,1" doraHai="89" who="2" fromWho="3" sc="227,0,368,0,247,13,158,-13" owari="227,-17.0,368,46.0,260,6.0,145,-35.0" /></mjloggm>