<mjloggm ver="2.3"><GO type="97" lobby="0"/><UN n0="%E5%B0%B1%E6%B4%BB%E7%94%9F%40%E5%B7%9D%E6%9D%91%E8%BB%8D%E5%9B%A3" n1="%E9%89%84%E5%B9%B3" n2="%4E%47%40%34%35" n3="%72%65%3A%E3%81%BF%E3%81%AA%E3%81%84%E3%81%A0%E3%82%93" dan="16,15,14,16" rate="2085.34,1983.38,1896.49,2012.71" sx="M,M,M,M"/><TAIKYOKU oya="0"/><INIT seed="0,0,0,0,5,117" ten="250,250,250,250" oya="0" hai0="10,59,65,56,63,84,53,118,103,43,25,27,76" hai1="81,31,101,5,74,61,18,102,126,47,111,132,0" hai2="28,2,72,15,57,131,121,107,22,125,120,9,64" hai3="112,36,122,87,95,129,19,133,104,113,90,71,38"/><T68/><D118/><U52/><E31/><V128/><F72/><W119/><G71/><T46/><D103/><U130/><E111/><V80/><F80/><W93/><G119/><T41/><D41/><U108/><E108/><V35/><F107/><W88/><G19/><T44/><D44/><U37/><E18/><N who="2" m="10591" /><F57/><W8/><G8/><T20/><D10/><N who="1" m="2343" /><E126/><V49/><F49/><W82/><G104/><T32/><D32/><U91/><E91/><V73/><F64/><W89/><G38/><T23/><D68/><U96/><E96/><V24/><F73/><W16/><G36/><T123/><D123/><N who="2" m="47178" /><F125/><W7/><G122/><T110/><D110/><U109/><E109/><V114/><F114/><W124/><G124/><T115/><D115/><U11/><E81/><V97/><F97/><W4/><G113/><T29/><D46/><U70/><E74/><V66/><F66/><W100/><G112/><T26/><D43/><U67/><E37/><V134/><F134/><W54/><G133/><T85/><D76/><U60/><E132/><V3/><F3/><W14/><G54/><T105/><D105/><U50/><E61/><V45/><F45/><W78/><G100/><T83/><D83/><U106/><E101/><V42/><F42/><W51/><G51/><N who="0" m="30783" /><D29/><U135/><E135/><V6/><AGARI ba="0,0" hai="2,6,9,24,28,35,128,131" m="47178,10591" machi="6" ten="30,12000,2" yaku="24,1,34,2,52,3" doraHai="117" who="2" fromWho="2" sc="250,-60,250,-30,250,120,250,-30" /><INIT seed="1,0,0,3,1,89" ten="190,220,370,220" oya="1" hai0="135,81,57,34,133,71,107,23,77,96,113,106,70" hai1="69,66,16,3,65,58,76,119,67,2,49,123,17" hai2="11,1,75,53,64,87,128,25,84,80,7,73,44" hai3="117,97,21,56,110,15,48,122,32,72,40,24,28"/><U26/><E119/><V100/><F100/><W61/><G122/><T91/><D34/><U103/><E123/><V35/><F64/><W36/><G72/><T63/><D113/><U33/><E69/><V116/><F116/><W129/><G117/><T98/><D23/><N who="1" m="13671" /><E33/><V60/><F128/><W13/><G129/><T83/><D57/><U118/><E3/><V131/><F131/><W115/><G36/><T30/><D30/><U29/><E29/><V90/><F87/><W59/><G110/><T43/><D43/><U50/><E2/><V95/><F80/><W111/><G111/><T132/><D63/><N who="1" m="38135" /><E118/><V31/><F60/><W112/><G112/><T10/><D10/><U27/><E76/><V42/><F53/><W0/><G0/><T37/><D37/><AGARI ba="0,0" hai="1,7,11,25,31,35,37,42,44,73,75,84,90,95" machi="37" ten="30,2000,0" yaku="7,1,52,1" doraHai="89" who="2" fromWho="0" sc="190,-20,220,0,370,20,220,0" /><INIT seed="2,0,0,0,5,112" ten="170,220,390,220" oya="2" hai0="47,21,12,126,109,30,117,56,57,114,25,116,82" hai1="27,127,98,105,100,33,10,15,51,62,81,122,41" hai2="29,26,39,34,70,111,133,24,11,72,16,46,14" hai3="85,83,69,92,128,28,125,110,18,17,123,77,91"/><V74/><F70/><W93/><G69/><T9/><D114/><U96/><E122/><V6/><F133/><W84/><G123/><T2/><D2/><U68/><E127/><V94/><F111/><W108/><G125/><T75/><D109/><N who="3" m="42089" /><G128/><T106/><D106/><U129/><E129/><V63/><F94/><N who="3" m="36459" /><G28/><T22/><D126/><U95/><E81/><AGARI ba="0,0" hai="17,18,77,81,83,84,85,91" m="36459,42089" machi="81" ten="30,1000,0" yaku="14,1" doraHai="112" who="3" fromWho="1" sc="170,0,220,-10,390,0,220,10" /><INIT seed="3,0,0,1,5,72" ten="170,210,390,230" oya="3" hai0="86,77,39,121,54,111,66,85,12,56,68,80,31" hai1="125,62,46,97,117,55,22,135,105,24,36,129,93" hai2="28,130,52,103,71,5,107,20,101,109,10,123,90" hai3="84,96,61,102,82,79,78,14,30,122,35,51,48"/><W60/><G122/><T3/><D3/><U8/><E105/><V0/><F71/><W43/><G35/><T41/><D121/><U34/><E34/><V23/><F123/><W120/><G120/><T67/><D111/><U40/><E135/><V108/><F130/><W88/><G30/><T33/><D33/><U76/><E129/><V118/><F118/><W113/><G113/><T58/><D31/><U128/><E128/><V49/><F28/><W83/><G14/><T112/><D112/><U45/><E125/><V21/><F90/><W7/><G7/><T73/><D68/><U26/><E117/><V69/><F107/><W95/><G83/><T65/><D56/><U44/><E76/><N who="3" m="29226" /><G43/><T11/><D41/><U17/><E26/><V124/><F124/><W106/><G106/><T104/><D39/><U134/><E134/><V50/><F50/><AGARI ba="0,0" hai="48,50,51,60,61,82,84,88,95,96,102" m="29226" machi="50" ten="30,12000,1" yaku="8,1,52,3,54,1" doraHai="72" who="3" fromWho="2" sc="170,0,210,0,390,-120,230,120" owari="170,-33.0,210,-19.0,270,7.0,350,45.0" /></mjloggm>