<mjloggm ver="2.3"><GO type="97" lobby="0"/><UN n0="%E3%83%88%E3%83%88%E3%83%AA%E5%85%88%E7%94%9F%31%39%E6%AD%B3" n1="%54%61%6E%41%79%4F" n2="%6C%6F%6E%64%62%65%6C" n3="%E3%83%8B%E3%83%A3%E3%83%83%E3%83%94%E3%83%BC%E5%A4%8F%E7%9B%AE" dan="15,13,14,14" rate="2055.33,1884.05,1967.18,1978.98" sx="F,M,M,M"/><TAIKYOKU oya="0"/><INIT seed="0,0,0,2,0,94" ten="250,250,250,250" oya="0" hai0="17,69,12,89,70,112,116,68,121,0,76,73,49" hai1="52,43,125,7,1,45,84,86,30,32,65,61,133" hai2="41,46,14,60,55,93,50,57,20,123,56,11,106" hai3="134,28,105,16,117,4,102,98,36,6,80,85,31"/><T54/><D112/><U131/><E133/><V119/><F106/><W115/><G36/><T19/><D116/><U135/><E135/><V74/><F123/><W10/><G115/><T82/><D121/><U23/><E131/><V83/><F119/><W113/><G113/><T130/><D0/><U29/><E125/><V47/><F20/><W37/><G37/><T72/><D130/><U91/><E32/><V79/><F41/><W126/><G117/><T64/><D72/><U34/><E34/><V62/><F93/><W100/><G100/><T44/><D89/><U110/><E110/><V24/><F24/><W101/><G101/><T104/><D104/><U59/><E7/><V9/><F9/><W67/><G67/><T66/><REACH who="0" step="1"/><D19/><REACH who="0" ten="240,250,250,250" step="2"/><U103/><E1/><V8/><F74/><W18/><G18/><T129/><D129/><U111/><E91/><V88/><F88/><W53/><G134/><T21/><AGARI ba="0,1" hai="12,17,21,44,49,54,64,66,68,69,70,73,76,82" machi="21" ten="30,3000,0" yaku="1,1,0,1,53,0" doraHai="94" doraHaiUra="58" who="0" fromWho="0" sc="240,40,250,-10,250,-10,250,-10" /><INIT seed="0,1,0,5,3,105" ten="280,240,240,240" oya="0" hai0="36,130,21,127,34,96,50,135,42,134,125,23,58" hai1="76,30,59,132,90,46,73,82,117,65,56,94,121" hai2="86,110,122,79,109,2,123,115,124,72,113,40,119" hai3="80,99,66,64,6,48,95,114,98,22,27,120,43"/><T131/><D34/><U17/><E117/><V112/><F2/><W62/><G114/><T75/><D75/><U126/><E126/><N who="0" m="48137" /><D36/><U53/><E121/><N who="2" m="46091" /><F40/><W37/><G37/><T18/><D96/><U107/><E132/><N who="0" m="50729" /><D58/><U71/><E107/><V103/><F124/><W92/><G120/><T116/><D116/><U24/><E17/><V3/><F3/><W52/><G6/><T45/><D18/><U133/><E133/><V25/><F25/><W8/><G80/><T51/><D51/><U15/><E15/><V5/><F5/><W38/><G38/><T129/><AGARI ba="1,0" hai="21,23,42,45,50,129,130,131" m="50729,48137" machi="129" ten="40,48000,5" yakuman="39" doraHai="105" who="0" fromWho="0" sc="280,483,240,-161,240,-161,240,-161" /><INIT seed="0,2,0,2,0,97" ten="763,79,79,79" oya="0" hai0="20,103,38,9,56,124,63,58,95,64,108,117,92" hai1="89,48,27,79,18,14,47,39,54,26,126,11,42" hai2="82,31,33,2,120,21,113,88,29,85,28,135,60" hai3="50,35,6,36,10,76,57,75,129,17,55,115,49"/><T45/><D117/><U101/><E126/><V91/><F120/><W51/><G36/><T132/><D124/><U133/><E133/><V119/><F135/><W94/><G35/><T3/><D132/><U65/><E65/><V19/><F119/><W24/><G115/><T15/><D3/><U116/><E116/><V8/><F113/><W61/><G129/><T84/><D108/><U73/><E73/><V106/><F106/><W114/><G114/><T70/><D20/><U37/><E37/><V69/><F69/><W121/><G121/><T86/><D45/><U30/><E79/><V23/><F60/><W112/><G112/><T67/><D38/><U40/><E30/><V62/><F62/><W43/><G75/><T87/><D64/><U110/><E110/><V32/><F23/><W134/><G134/><T127/><D127/><U25/><E39/><V80/><F2/><W109/><G109/><T131/><D131/><U59/><E89/><V41/><F8/><W90/><G76/><T13/><D13/><U72/><E72/><V12/><F41/><N who="1" m="15977" /><E59/><V52/><F52/><W128/><G128/><T74/><D74/><U99/><E99/><V125/><F125/><W98/><G43/><T46/><D46/><U5/><E5/><V118/><F118/><W0/><G50/><T83/><D58/><U68/><E68/><V130/><F130/><W1/><G1/><T71/><D71/><U44/><E44/><V78/><F78/><W102/><G90/><N who="0" m="51583" /><D70/><U16/><E18/><V22/><F22/><N who="3" m="13391" /><G0/><T34/><D34/><BYE who="0" /><U104/><E104/><V100/><F100/><AGARI ba="2,0" hai="11,14,16,25,26,27,47,48,54,100,101" m="15977" machi="100" ten="30,8000,1" yaku="6,1,8,1,52,2,54,1" doraHai="97" who="1" fromWho="2" sc="763,0,79,86,79,-86,79,0" owari="763,86.0,165,-3.0,-7,-51.0,79,-32.0" /></mjloggm>