<mjloggm ver="2.3"><GO type="169" lobby="0"/><UN n0="%74%61%6E%69%6D%6F%40" n1="%E5%B0%B1%E6%B4%BB%E7%94%9F%40%E5%B7%9D%E6%9D%91%E8%BB%8D%E5%9B%A3" n2="%E8%A1%80%E7%85%99" n3="%E3%81%A4%E3%81%A3%E3%81%8D%EF%BD%9E%32%6E%64" dan="16,17,16,16" rate="2094.28,2207.91,2071.34,2089.84" sx="M,M,M,M"/><TAIKYOKU oya="0"/><INIT seed="0,0,0,5,4,110" ten="250,250,250,250" oya="0" hai0="23,42,50,89,85,98,126,133,72,2,92,44,104" hai1="118,25,21,135,43,101,83,5,47,63,11,119,19" hai2="127,48,124,28,115,41,123,99,69,60,91,34,78" hai3="59,114,62,82,94,32,131,53,97,73,74,77,87"/><T96/><D2/><U31/><E135/><V30/><F123/><W130/><G32/><T108/><D72/><U84/><E101/><V26/><F78/><W109/><G109/><T35/><D35/><U9/><E63/><V46/><F30/><W103/><REACH who="3" step="1"/><G114/><REACH who="3" ten="250,250,250,240" step="2"/><T20/><D108/><U13/><E11/><V117/><F115/><W33/><G33/><T24/><D133/><U105/><E105/><V129/><F34/><W37/><G37/><T49/><D126/><U66/><E66/><V132/><F132/><W106/><G106/><T93/><D104/><U81/><E81/><V88/><F124/><W3/><G3/><T39/><D39/><U79/><REACH who="1" step="1"/><E31/><REACH who="1" ten="250,240,250,240" step="2"/><V102/><F28/><W40/><G40/><T75/><D42/><U15/><E15/><V17/><F41/><W14/><G14/><T56/><D24/><U122/><E122/><V95/><F26/><W111/><G111/><T1/><D1/><U128/><E128/><AGARI ba="0,2" hai="53,59,62,73,74,77,82,87,94,97,103,128,130,131" machi="128" ten="40,2600,0" yaku="1,1,19,1,53,0" doraHai="110" doraHaiUra="4" who="3" fromWho="1" sc="250,0,240,-26,250,0,240,46" /><INIT seed="1,0,0,1,0,49" ten="250,214,250,286" oya="1" hai0="127,3,48,57,103,80,92,101,84,58,34,23,100" hai1="32,104,9,10,123,30,109,125,40,4,131,62,117" hai2="16,0,50,91,45,65,47,26,73,132,67,2,113" hai3="83,35,94,28,71,44,114,72,46,70,7,105,134"/><U119/><E104/><V99/><F113/><W124/><G114/><T8/><D34/><U88/><E40/><V68/><F73/><W86/><G105/><T106/><D106/><U17/><E62/><V110/><F110/><W56/><G134/><T25/><D127/><U52/><E123/><V12/><F132/><W111/><G111/><T79/><D8/><U22/><E109/><V77/><F77/><W54/><G72/><T96/><D3/><U51/><E125/><V85/><F26/><W78/><G94/><T133/><D133/><U74/><E74/><V24/><F24/><W115/><G115/><T27/><D27/><N who="1" m="18527" /><E10/><V6/><F99/><W13/><G28/><T81/><D81/><U66/><E66/><V1/><F47/><W38/><G35/><T19/><REACH who="0" step="1"/><D58/><REACH who="0" ten="240,214,250,286" step="2"/><N who="1" m="33055" /><E131/><V98/><F1/><W90/><G124/><T41/><D41/><U39/><E119/><V135/><F2/><W61/><G71/><T21/><D21/><U5/><E117/><V89/><F0/><W15/><G70/><T64/><D64/><U20/><E9/><V116/><F67/><W118/><G118/><T59/><D59/><U121/><E22/><V42/><F65/><W60/><G83/><T82/><D82/><U14/><E121/><V18/><F68/><W63/><G56/><T37/><D37/><U11/><E39/><V29/><F116/><W97/><G38/><T53/><AGARI ba="0,1" hai="19,23,25,48,53,57,79,80,84,92,96,100,101,103" machi="53" ten="30,7900,0" yaku="1,1,0,1,8,1,52,1,53,0" doraHai="49" doraHaiUra="107" who="0" fromWho="0" sc="240,89,214,-39,250,-20,286,-20" /><INIT seed="2,0,0,4,3,114" ten="329,175,230,266" oya="2" hai0="13,135,24,113,60,84,134,49,126,62,108,129,101" hai1="31,40,41,116,23,50,123,27,54,106,133,94,76" hai2="131,119,110,80,104,130,59,28,121,77,61,38,12" hai3="32,124,72,20,66,93,82,100,25,86,120,30,8"/><V43/><F121/><W6/><G120/><T105/><D113/><U55/><E106/><V128/><F104/><W111/><G111/><T127/><D108/><U45/><E123/><V1/><F1/><W33/><G124/><N who="0" m="47659" /><D24/><U117/><E133/><N who="0" m="50697" /><D105/><U17/><E76/><V97/><F97/><W52/><G66/><T98/><D49/><U65/><E65/><V103/><F103/><W78/><G100/><T15/><D84/><U88/><E54/><V56/><F110/><W14/><G52/><T109/><D109/><U64/><E64/><V34/><F34/><W75/><G72/><T47/><D47/><U19/><E19/><V81/><F28/><W2/><G75/><T3/><D3/><U99/><REACH who="1" step="1"/><E31/><REACH who="1" ten="329,165,230,266" step="2"/><V118/><F43/><AGARI ba="0,1" hai="17,23,27,40,41,43,45,50,55,88,94,99,116,117" machi="43" ten="40,12000,2" yaku="1,1,2,1,52,2,54,1,53,1" doraHai="114" doraHaiUra="51" who="1" fromWho="2" sc="329,0,165,130,230,-120,266,0" /><INIT seed="3,0,0,0,1,7" ten="329,295,110,266" oya="3" hai0="61,48,126,128,67,112,42,130,71,117,17,103,98" hai1="66,77,27,133,62,86,72,79,82,121,102,129,15" hai2="85,37,91,65,105,26,104,38,94,97,12,57,110" hai3="18,14,20,2,52,81,125,59,78,24,40,114,122"/><W30/><G114/><T118/><D112/><U5/><E121/><V96/><F110/><W88/><G122/><T25/><D126/><U16/><E129/><N who="0" m="49769" /><D42/><U43/><E133/><V8/><F26/><W90/><G2/><T132/><D48/><U58/><E43/><V41/><F38/><W32/><G40/><T84/><D84/><U50/><E102/><V111/><F111/><W4/><G4/><T51/><D51/><U21/><E50/><V46/><F105/><W54/><G125/><T131/><D132/><U0/><E0/><V22/><F22/><W109/><G109/><T106/><D131/><U76/><E72/><V44/><F44/><W95/><G59/><T47/><D47/><U3/><E3/><V63/><REACH who="2" step="1"/><F104/><REACH who="2" ten="329,295,100,266" step="2"/><W56/><G32/><T134/><D134/><U74/><E74/><V69/><F69/><W119/><G24/><T124/><D124/><U123/><E123/><V55/><F55/><W92/><G54/><T113/><D113/><U35/><E35/><V36/><F36/><W101/><G52/><T75/><D75/><U107/><E107/><V23/><F23/><AGARI ba="0,1" hai="17,23,25,61,67,71,98,103,106,117,118" m="49769" machi="23" ten="30,1000,0" yaku="19,1" doraHai="7" who="0" fromWho="2" sc="329,20,295,0,100,-10,266,0" /><INIT seed="4,0,0,2,5,13" ten="349,295,90,266" oya="0" hai0="22,89,129,98,119,135,5,46,90,115,4,38,61" hai1="44,60,88,121,16,42,130,53,123,96,27,75,131" hai2="30,49,62,105,24,54,82,17,12,92,99,19,97" hai3="95,41,74,112,66,103,28,52,80,100,64,118,79"/><T45/><D119/><U71/><E75/><V114/><F114/><W132/><G118/><T78/><D78/><U36/><E71/><V72/><F105/><W2/><G112/><T117/><D117/><U39/><E39/><V25/><F62/><W76/><G41/><T14/><D115/><U77/><E77/><V125/><F125/><W8/><G132/><T35/><D35/><U87/><E60/><V120/><F120/><W34/><G79/><T116/><D116/><U31/><E53/><V33/><F72/><W83/><G83/><T21/><D129/><N who="1" m="49163" /><E96/><V11/><F82/><W58/><G28/><T59/><D135/><U94/><E31/><V51/><F49/><W48/><G34/><T56/><D61/><U67/><E67/><V111/><F111/><W9/><G64/><T109/><D109/><U57/><E57/><V127/><F127/><W85/><G66/><T23/><D98/><U102/><E102/><V65/><F65/><W37/><G37/><T101/><D101/><U134/><E134/><V15/><F25/><W18/><G74/><T20/><D45/><U69/><E69/><V70/><F70/><W6/><REACH who="3" step="1"/><G95/><REACH who="3" ten="349,295,90,256" step="2"/><T73/><D73/><U0/><E0/><V110/><F92/><W124/><G124/><T55/><D38/><U126/><E126/><V50/><F110/><W86/><G86/><T40/><D40/><U29/><E29/><V93/><F54/><W32/><G32/><T122/><D55/><U68/><E68/><V108/><F108/><W107/><G107/><T10/><N who="0" m="5120" /><DORA hai="7" /><T84/><D84/><U3/><E3/><RYUUKYOKU ba="0,1" sc="349,-15,295,15,90,-15,256,15" hai1="16,27,36,42,44,87,88,94,121,123" hai3="2,6,8,9,18,48,52,58,76,80,85,100,103" /><INIT seed="5,1,1,1,5,0" ten="334,310,75,271" oya="1" hai0="66,20,8,14,90,18,70,118,29,56,12,76,92" hai1="98,87,116,111,52,94,102,31,41,6,88,104,119" hai2="21,33,124,105,81,65,54,99,17,19,125,68,57" hai3="67,53,77,35,109,121,73,75,100,58,26,127,48"/><U45/><E111/><V133/><F33/><W93/><G109/><T51/><D118/><U38/><E31/><V113/><F133/><W1/><G121/><T82/><D70/><U55/><REACH who="1" step="1"/><E6/><REACH who="1" ten="334,300,75,271" step="2"/><V7/><F7/><W22/><G127/><T16/><D29/><U69/><E69/><V71/><F68/><W86/><G35/><T115/><D115/><U107/><E107/><V112/><F71/><W25/><G1/><T30/><D30/><U78/><E78/><V89/><F105/><W129/><G77/><T47/><D76/><U34/><E34/><V50/><F112/><W85/><G73/><T61/><D18/><U123/><E123/><V74/><F17/><W32/><G75/><T24/><D8/><U4/><E4/><V72/><F19/><W44/><G32/><T132/><D132/><U37/><E37/><V63/><F74/><W95/><G22/><T46/><D20/><U80/><E80/><V114/><F81/><W9/><G9/><T131/><D82/><U120/><E120/><V3/><F72/><W110/><G110/><T59/><D16/><U128/><E128/><V23/><F21/><W79/><G129/><T134/><D131/><U27/><E27/><V13/><F23/><W103/><G25/><T10/><D24/><U40/><E40/><V117/><F114/><W122/><G26/><T11/><D134/><U62/><E62/><V108/><F63/><N who="3" m="38391" /><G122/><T83/><D10/><U91/><E91/><V5/><F89/><N who="3" m="53431" /><G79/><T97/><D11/><U126/><E126/><V101/><F113/><W49/><G49/><T64/><D51/><RYUUKYOKU ba="1,2" sc="334,-15,300,15,75,-15,271,15" hai1="38,41,45,52,55,87,88,94,98,102,104,116,119" hai3="44,48,53,85,95,100,103" /><INIT seed="5,2,2,2,3,40" ten="319,315,60,286" oya="1" hai0="9,132,129,94,42,6,30,135,121,128,15,130,70" hai1="86,90,1,64,37,101,36,62,2,39,81,111,93" hai2="69,23,29,45,125,21,82,51,126,63,3,100,52" hai3="19,58,74,7,89,91,83,85,22,106,60,38,28"/><U8/><E111/><V25/><F3/><W27/><G74/><T26/><D70/><U105/><E105/><V47/><F100/><W110/><G110/><T120/><D94/><U99/><REACH who="1" step="1"/><E8/><REACH who="1" ten="319,305,60,286" step="2"/><V20/><F69/><AGARI ba="2,3" hai="1,2,36,37,39,62,64,69,81,86,90,93,99,101" machi="69" ten="40,7700,0" yaku="1,1,2,1,53,1" doraHai="40" doraHaiUra="88" who="1" fromWho="2" sc="319,0,305,113,60,-83,286,0" owari="319,12.0,418,51.0,-23,-52.0,286,-11.0" /></mjloggm>