<mjloggm ver="2.3"><GO type="97" lobby="0"/><UN n0="%4E%47%40%34%35" n1="%4C%79%75%65" n2="%E5%B0%B1%E6%B4%BB%E7%94%9F%40%E5%B7%9D%E6%9D%91%E8%BB%8D%E5%9B%A3" n3="%72%61%79%33%32%30" dan="13,13,14,14" rate="1853.11,1871.80,1993.87,1962.72" sx="M,M,M,F"/><TAIKYOKU oya="0"/><INIT seed="0,0,0,3,0,57" ten="250,250,250,250" oya="0" hai0="75,59,55,25,41,104,95,27,81,53,18,13,73" hai1="22,6,135,100,5,110,76,1,109,79,112,111,90" hai2="98,134,99,122,17,8,32,49,103,42,34,39,96" hai3="92,123,11,83,132,56,36,82,84,117,101,0,119"/><T46/><D104/><U4/><E100/><V26/><F39/><W107/><G36/><T94/><D75/><U52/><E90/><V62/><F122/><W125/><G123/><T28/><D81/><U19/><E112/><V37/><F37/><W20/><G0/><T128/><D73/><U44/><E135/><V133/><F103/><W23/><G11/><T124/><D124/><U67/><E1/><V61/><F34/><W15/><G132/><N who="2" m="50793" /><F32/><W33/><G125/><T9/><D128/><U93/><E93/><N who="0" m="35337" /><D28/><U12/><E67/><V7/><F17/><W88/><G33/><T78/><D78/><U105/><E105/><V102/><F26/><N who="0" m="9738" /><D59/><U129/><E129/><V114/><F114/><W43/><G107/><T70/><D70/><U29/><E29/><V51/><F102/><W3/><G3/><T64/><D64/><U118/><E118/><V14/><F42/><W2/><G43/><T86/><D86/><U21/><E21/><V89/><F89/><W60/><G2/><T127/><D127/><U40/><E40/><V121/><F121/><W130/><G130/><T120/><D120/><U30/><E30/><V68/><F68/><W113/><G113/><T69/><D69/><U74/><E74/><V50/><AGARI ba="0,0" hai="7,8,14,49,50,51,61,62,96,98,99" m="50793" machi="50" ten="40,5200,0" yaku="20,1,52,2" doraHai="57" who="2" fromWho="2" sc="250,-26,250,-13,250,52,250,-13" /><INIT seed="1,0,0,4,1,79" ten="224,237,302,237" oya="1" hai0="77,50,4,89,8,38,85,71,133,68,98,129,95" hai1="18,21,104,59,105,121,80,123,84,46,39,1,134" hai2="127,130,30,51,44,115,29,58,125,15,101,6,75" hai3="108,52,2,40,13,60,32,109,116,74,28,41,64"/><U5/><E134/><V106/><F75/><W24/><G74/><T17/><D133/><U0/><E59/><V7/><F115/><W22/><G2/><T19/><D38/><U132/><E132/><V90/><F130/><W128/><G128/><T91/><D129/><U100/><E123/><V35/><F58/><N who="3" m="34887" /><G64/><T131/><D131/><U76/><E121/><V43/><F35/><W36/><G36/><T33/><D77/><U70/><E70/><V82/><F101/><W67/><G67/><T93/><D33/><U16/><E18/><V122/><F106/><W42/><G116/><T49/><D71/><U126/><E126/><N who="2" m="48139" /><F122/><W86/><G13/><N who="0" m="5255" /><D68/><U56/><E56/><V23/><F23/><W62/><G62/><T94/><D94/><U81/><E5/><N who="2" m="1547" /><F15/><W97/><G32/><T26/><D17/><U65/><E65/><V112/><F112/><W48/><G48/><T107/><D107/><U47/><E104/><V87/><AGARI ba="0,0" hai="29,30,43,44,51,82,87,90" m="1547,48139" machi="87" ten="30,2000,0" yaku="18,1,52,1" doraHai="79" who="2" fromWho="2" sc="224,-5,237,-10,302,20,237,-5" /><INIT seed="2,0,0,2,2,55" ten="219,227,322,232" oya="2" hai0="15,77,64,79,13,104,59,11,99,12,69,122,96" hai1="113,31,93,130,6,37,45,19,41,68,106,114,88" hai2="50,71,76,91,21,51,109,25,44,48,116,129,47" hai3="134,72,107,29,75,39,86,53,81,33,110,34,118"/><V119/><F71/><W36/><G118/><T120/><D69/><U1/><E68/><V94/><F129/><W98/><G134/><T23/><D23/><U105/><E31/><V125/><F125/><W74/><G110/><T4/><D104/><U126/><E126/><V63/><F109/><W24/><G34/><T115/><D115/><U35/><E35/><V112/><F112/><W62/><G98/><N who="0" m="37419" /><D11/><U111/><E111/><V57/><F76/><N who="0" m="29258" /><D64/><U101/><E101/><V121/><F121/><N who="0" m="46698" /><D4/><U97/><E130/><V83/><F83/><W61/><G107/><T127/><D127/><U17/><E106/><V65/><F119/><W87/><G81/><T56/><AGARI ba="0,0" hai="12,13,15,56,59" m="46698,29258,37419" machi="56" ten="40,8000,1" yaku="28,2,52,2" doraHai="55" who="0" fromWho="0" sc="219,80,227,-20,322,-40,232,-20" /><INIT seed="3,0,0,1,0,85" ten="299,207,282,212" oya="3" hai0="9,48,96,22,103,27,107,95,39,64,133,38,34" hai1="33,46,7,36,2,49,73,104,71,83,117,40,128" hai2="76,20,82,87,105,111,84,1,113,67,112,8,119" hai3="61,90,91,93,6,65,53,35,19,109,44,24,10"/><W25/><G35/><T52/><D34/><U110/><RYUUKYOKU type="yao9" ba="0,0" sc="299,0,207,0,282,0,212,0" hai1="2,7,33,36,40,46,49,71,73,83,104,110,117,128" /><INIT seed="3,1,0,1,2,10" ten="299,207,282,212" oya="3" hai0="30,105,109,133,115,126,53,108,103,56,94,50,112" hai1="67,99,16,60,39,19,28,122,68,100,55,95,49" hai2="120,90,91,17,33,48,130,104,52,71,119,93,23" hai3="101,83,22,123,41,74,27,87,116,9,81,132,117"/><W65/><G123/><T58/><D133/><U97/><E122/><V72/><F104/><W110/><G132/><T98/><D126/><U7/><E7/><V21/><F33/><W34/><G34/><T45/><D30/><U6/><E6/><V62/><F72/><W44/><G65/><T107/><D107/><U35/><E39/><V84/><F119/><W40/><G101/><T59/><REACH who="0" step="1"/><D105/><REACH who="0" ten="289,207,282,212" step="2"/><U75/><E28/><V129/><F120/><W88/><G110/><AGARI ba="1,1" hai="45,50,53,56,58,59,94,98,103,108,109,110,112,115" machi="110" ten="40,5200,0" yaku="1,1,2,1,14,1,53,0" doraHai="10" doraHaiUra="31" who="0" fromWho="3" sc="289,65,207,0,282,0,212,-55" owari="354,45.0,207,-19.0,282,8.0,157,-34.0" /></mjloggm>