<mjloggm ver="2.3"><GO type="225" lobby="0"/><UN n0="%E9%88%B4%E4%BE%8D" n1="%E3%81%BD%E3%83%BC%E3%82%93%64%65%E3%83%AA%E3%83%B3%E3%82%B0" n2="%E6%B4%BE%E9%81%A3%E3%81%AE%E3%82%B8%E3%83%A3%E3%83%83%E3%82%AF" n3="%E3%83%88%E3%83%88%E3%83%AA%E5%85%88%E7%94%9F%31%39%E6%AD%B3" dan="17,16,16,17" rate="2208.29,2097.20,2105.35,2286.90" sx="M,M,M,F"/><TAIKYOKU oya="0"/><INIT seed="0,0,0,3,0,101" ten="250,250,250,250" oya="0" hai0="117,66,106,1,37,9,52,59,51,96,85,125,21" hai1="91,76,70,118,12,34,3,126,111,29,93,74,43" hai2="107,57,113,78,130,46,7,128,33,54,13,120,105" hai3="81,87,133,80,67,49,40,36,123,83,11,26,22"/><T25/><D117/><U94/><E118/><V18/><F113/><W112/><G112/><T89/><D125/><U75/><E3/><V114/><F114/><W68/><G36/><T20/><D37/><U84/><E70/><V116/><F120/><W23/><G123/><T82/><D66/><U88/><E126/><V6/><F116/><W99/><G133/><T64/><D64/><U28/><E111/><V48/><F78/><W42/><G87/><T77/><D25/><U97/><E43/><V63/><F33/><W61/><G22/><T110/><D110/><U0/><E0/><V109/><F109/><W45/><G11/><T60/><D60/><U69/><E69/><V62/><F62/><W119/><G119/><T24/><D24/><U95/><E34/><V71/><F71/><W10/><G10/><T134/><D134/><U38/><E38/><V8/><F6/><W19/><G42/><T103/><REACH who="0" step="1"/><D77/><REACH who="0" ten="240,250,250,250" step="2"/><U131/><E131/><N who="2" m="50219" /><F7/><AGARI ba="0,1" hai="1,7,9,20,21,51,52,59,82,85,89,96,103,106" machi="7" ten="40,7700,0" yaku="1,1,52,1,54,1,53,0" doraHai="101" doraHaiUra="115" who="0" fromWho="2" sc="240,87,250,0,250,-77,250,0" /><INIT seed="0,1,0,1,2,61" ten="327,250,173,250" oya="0" hai0="73,60,125,109,132,22,27,69,23,48,97,86,81" hai1="52,118,32,39,93,113,70,124,42,15,17,133,111" hai2="43,29,88,8,114,96,98,25,18,117,122,12,31" hai3="79,75,135,36,91,83,105,71,14,4,41,84,62"/><T56/><D73/><U40/><E118/><V30/><F114/><W53/><G105/><T89/><D125/><U20/><E113/><V6/><F122/><W95/><G135/><T68/><D132/><U44/><E133/><V1/><F117/><W63/><G71/><T116/><D116/><U50/><E124/><V92/><F43/><W3/><G14/><T94/><D109/><U54/><E111/><V49/><F49/><W19/><G53/><T127/><D127/><U85/><E32/><V51/><F51/><W131/><G19/><T130/><D48/><U99/><E70/><V66/><F66/><W37/><G37/><T2/><D2/><U134/><E134/><V104/><F104/><W90/><G91/><T112/><D130/><U107/><E107/><V45/><F45/><N who="3" m="23719" /><G131/><T102/><D112/><U77/><E54/><V10/><REACH who="2" step="1"/><F98/><REACH who="2" ten="327,250,163,250" step="2"/><W78/><G63/><T28/><D69/><U128/><E128/><V58/><F58/><W9/><G62/><T35/><D68/><U11/><E39/><V80/><F80/><N who="3" m="45183" /><G78/><T74/><D74/><U115/><E115/><V38/><F38/><W106/><G106/><T110/><D110/><U64/><E42/><V34/><AGARI ba="1,1" hai="1,6,8,10,12,18,25,29,30,31,34,88,92,96" machi="34" ten="20,5200,0" yaku="1,1,0,1,7,1,54,1,53,0" doraHai="61" doraHaiUra="101" who="2" fromWho="2" sc="327,-27,250,-14,163,65,250,-14" /><INIT seed="1,0,0,3,3,124" ten="300,236,228,236" oya="1" hai0="73,134,14,43,95,82,123,20,27,132,21,3,94" hai1="118,1,99,91,11,65,45,61,59,40,24,86,112" hai2="68,64,71,100,111,58,92,74,127,129,22,87,28" hai3="18,76,131,110,50,8,6,69,101,93,51,39,29"/><U88/><E118/><V49/><F74/><W5/><G39/><T89/><D3/><U4/><E112/><V54/><F127/><W13/><G69/><T12/><D123/><U108/><E108/><V36/><F111/><W85/><G110/><T90/><D43/><U114/><E114/><V67/><F36/><W16/><G131/><T57/><D57/><U31/><E99/><N who="2" m="59495" /><F68/><W98/><G29/><T2/><D2/><U77/><E77/><V109/><F109/><W70/><G70/><T120/><D120/><U119/><E119/><V133/><F133/><W113/><G113/><T121/><D121/><U38/><REACH who="1" step="1"/><E86/><REACH who="1" ten="300,226,228,236" step="2"/><V44/><F87/><W97/><G97/><T30/><D132/><U35/><AGARI ba="0,1" hai="1,4,11,24,31,35,38,40,45,59,61,65,88,91" machi="35" ten="20,18000,2" yaku="1,1,2,1,0,1,7,1,54,1,53,1" doraHai="124" doraHaiUra="63" who="1" fromWho="1" sc="300,-60,226,190,228,-60,236,-60" /><INIT seed="1,1,0,1,2,49" ten="240,416,168,176" oya="1" hai0="3,61,69,70,20,75,87,78,24,56,26,125,11" hai1="73,89,33,52,30,124,63,108,38,25,134,19,97" hai2="85,65,51,32,34,131,99,114,84,92,119,113,28" hai3="116,98,94,111,17,62,12,54,81,96,104,10,6"/><U57/><E73/><V117/><F65/><W120/><G120/><T45/><D125/><U132/><E124/><V126/><F126/><W13/><G111/><T55/><D75/><U44/><E108/><V18/><F18/><W41/><G116/><N who="2" m="44617" /><F131/><W77/><G41/><T39/><D26/><U35/><E19/><V107/><F107/><W43/><G43/><T79/><D39/><U82/><E38/><V106/><F106/><W8/><G104/><T23/><D23/><N who="1" m="15679" /><E44/><V14/><F14/><W42/><G42/><T74/><D45/><U59/><E59/><V2/><F2/><W15/><G15/><T135/><D74/><U48/><E48/><V118/><N who="2" m="44625" /><V95/><DORA hai="36" /><F28/><W103/><G96/><T71/><D87/><N who="2" m="33354" /><F51/><W76/><G81/><T53/><D78/><U88/><E82/><V31/><F31/><W105/><G105/><T4/><D79/><U72/><E33/><N who="2" m="12907" /><F99/><W9/><G9/><T64/><D64/><U83/><E35/><V121/><F121/><W7/><G17/><T66/><D66/><U67/><E67/><V80/><F80/><W86/><G86/><T122/><D122/><U40/><E72/><V29/><F29/><W100/><G100/><T1/><D1/><U27/><E83/><V102/><F102/><W16/><G16/><N who="0" m="12295" /><D56/><AGARI ba="1,0" hai="6,7,8,10,12,13,54,56,62,76,77,94,98,103" machi="56" ten="40,5200,0" yaku="9,1,8,1,52,1" doraHai="49,36" who="3" fromWho="0" sc="240,-55,416,0,168,0,176,55" /><INIT seed="2,0,0,3,4,4" ten="185,416,168,231" oya="2" hai0="18,112,132,6,95,31,128,123,105,47,21,39,43" hai1="91,72,32,22,96,30,37,44,29,103,134,51,8" hai2="116,117,121,34,102,90,0,76,133,97,38,16,20" hai3="118,26,5,82,100,73,25,3,46,119,28,77,84"/><V33/><F121/><W104/><G26/><T54/><D123/><U13/><E72/><V63/><F0/><W86/><G86/><T7/><D105/><U93/><E32/><V36/><F76/><W19/><G19/><T135/><D112/><U68/><E68/><V23/><F133/><N who="0" m="51274" /><D31/><U81/><E37/><V56/><F23/><W107/><G84/><T42/><D128/><U94/><E81/><V109/><F109/><W48/><G5/><N who="0" m="1547" /><D39/><U57/><E57/><V62/><F36/><W65/><G3/><T87/><D54/><U50/><E50/><V41/><F38/><W2/><G65/><T17/><D47/><U101/><E22/><V58/><F41/><N who="0" m="15370" /><D21/><U124/><E134/><V106/><F34/><W70/><G2/><T52/><D52/><U61/><E61/><V66/><F33/><W130/><G130/><T55/><D55/><U131/><E131/><V125/><F125/><W98/><G107/><T110/><D110/><U15/><E124/><V129/><F129/><W24/><G70/><T126/><D126/><U60/><E60/><V83/><F63/><W127/><G127/><T114/><D114/><U74/><E30/><V35/><F35/><N who="3" m="20871" /><G25/><T53/><D53/><U92/><E29/><V27/><REACH who="2" step="1"/><F58/><REACH who="2" ten="185,416,158,231" step="2"/><W9/><G77/><T122/><D122/><U113/><E113/><V78/><F78/><W1/><G1/><T79/><D79/><U111/><E111/><V59/><F59/><W10/><G73/><T115/><D115/><U88/><E51/><V40/><F40/><W89/><G48/><T99/><D87/><AGARI ba="0,1" hai="16,20,27,56,62,66,83,87,90,97,102,106,116,117" machi="87" ten="40,7700,0" yaku="1,1,54,1,53,1" doraHai="4" doraHaiUra="85" who="2" fromWho="0" sc="185,-77,416,0,158,87,231,0" /><INIT seed="2,1,0,2,2,4" ten="108,416,245,231" oya="2" hai0="42,65,84,57,116,89,13,49,99,40,95,9,111" hai1="25,1,27,14,59,48,26,8,108,39,81,55,103" hai2="28,131,52,80,82,46,123,66,130,22,7,98,128" hai3="15,118,121,120,6,102,101,64,61,0,21,2,63"/><V34/><F123/><W83/><G118/><T29/><D116/><U91/><E39/><V132/><F132/><W10/><G63/><T50/><D111/><U88/><E108/><V104/><F34/><W114/><G114/><T127/><D127/><U23/><E1/><V72/><F66/><W16/><G0/><T90/><D29/><N who="1" m="17599" /><E103/><N who="2" m="62583" /><F72/><W17/><G101/><T20/><D49/><U5/><E81/><V69/><F69/><W33/><G33/><T105/><D105/><U47/><E59/><V87/><F87/><W56/><G102/><T75/><D75/><U58/><E58/><V41/><F7/><W71/><G71/><T32/><D32/><U19/><E5/><V86/><F86/><W77/><REACH who="3" step="1"/><G17/><REACH who="3" ten="108,416,245,221" step="2"/><N who="0" m="8367" /><D20/><U96/><E19/><V68/><F68/><W133/><G133/><T117/><D117/><U92/><E92/><V85/><F22/><W97/><G97/><T100/><D100/><U73/><E96/><V124/><F124/><W67/><G67/><T44/><D65/><U122/><E122/><V51/><F28/><W11/><G11/><T94/><D57/><U60/><E8/><V76/><F82/><W115/><G115/><T31/><D31/><U125/><E125/><V24/><F128/><W54/><G54/><AGARI ba="1,1" hai="40,42,44,50,54,84,89,90,94,95,99" m="8367" machi="54" ten="30,2000,0" yaku="8,1,52,1" doraHai="4" who="0" fromWho="3" sc="108,33,416,0,245,0,221,-23" /><INIT seed="3,0,0,0,5,130" ten="141,416,245,198" oya="3" hai0="25,119,104,28,27,44,42,97,20,69,84,26,53" hai1="76,47,12,122,48,30,106,55,49,109,110,81,87" hai2="23,105,94,22,13,123,8,10,32,100,71,51,46" hai3="117,2,93,3,56,83,62,125,64,111,36,114,5"/><W67/><G114/><T59/><D119/><U128/><E106/><V132/><F71/><W16/><G117/><T66/><D104/><U37/><E37/><V88/><F32/><W89/><G36/><T75/><D75/><U82/><E128/><V61/><F61/><W6/><G125/><T116/><D116/><U121/><E30/><V113/><F113/><W68/><G83/><T77/><D97/><U80/><E12/><V127/><F127/><W35/><G35/><T14/><D69/><U18/><E18/><V39/><F39/><W34/><G34/><T19/><D66/><U102/><E102/><V91/><F10/><W57/><G111/><N who="1" m="42506" /><E48/><V135/><F123/><AGARI ba="0,0" hai="47,49,55,76,80,81,82,87,121,122,123" m="42506" machi="123" ten="30,1000,0" yaku="14,1" doraHai="130" who="1" fromWho="2" sc="141,0,416,10,245,-10,198,0" owari="141,-36.0,426,52.0,235,4.0,198,-20.0" /></mjloggm>