<mjloggm ver="2.3"><GO type="97" lobby="0"/><UN n0="%EF%BC%BF%E7%BE%8E%E7%90%B4%EF%BC%BF" n1="%44%4F%44%4F%4B%4F" n2="%2D%70%6F%6E%70%6F%6E%2D" n3="%E5%B0%B1%E6%B4%BB%E7%94%9F%40%E5%B7%9D%E6%9D%91%E8%BB%8D%E5%9B%A3" dan="13,15,13,15" rate="1831.49,1954.90,1862.16,1985.86" sx="M,F,M,M"/><TAIKYOKU oya="0"/><INIT seed="0,0,0,2,2,1" ten="250,250,250,250" oya="0" hai0="18,50,62,22,99,119,55,92,28,7,68,47,53" hai1="101,85,116,118,94,21,86,121,100,124,8,74,44" hai2="127,106,111,95,81,11,29,71,14,125,41,78,69" hai3="109,105,108,43,3,34,110,131,9,72,93,30,126"/><T135/><D135/><U87/><E74/><V123/><F106/><W113/><G105/><T23/><D119/><U67/><E67/><V38/><F123/><W83/><G113/><T97/><D68/><U79/><E79/><V89/><F29/><W16/><G43/><T66/><D66/><U84/><E121/><V63/><F111/><W45/><G45/><T59/><D28/><U104/><E104/><V27/><F27/><N who="3" m="18783" /><G93/><T13/><D7/><U0/><E124/><N who="2" m="47691" /><F41/><W103/><G103/><T77/><D77/><U60/><E60/><V24/><F63/><W129/><G126/><T36/><D36/><U102/><E21/><V20/><F24/><W33/><G83/><T5/><D5/><U49/><N who="1" m="21504" /><DORA hai="120" /><U98/><E116/><V76/><F20/><W39/><G39/><T19/><REACH who="0" step="1"/><D92/><REACH who="0" ten="240,250,250,250" step="2"/><U57/><E118/><V17/><F38/><W15/><G72/><T4/><D4/><U56/><E0/><V65/><F65/><W91/><G33/><T12/><AGARI ba="0,1" hai="12,13,18,19,22,23,47,50,53,55,59,62,97,99" machi="12" ten="20,12000,1" yaku="1,1,0,1,7,1,9,1,8,1,53,0" doraHai="1,120" doraHaiUra="114,90" who="0" fromWho="0" sc="240,130,250,-40,250,-40,250,-40" /><INIT seed="0,1,0,4,4,82" ten="370,210,210,210" oya="0" hai0="36,112,77,65,124,122,135,107,85,128,116,23,118" hai1="134,103,130,73,80,94,104,41,45,44,90,100,105" hai2="81,8,121,86,67,114,88,123,6,89,101,102,15" hai3="51,29,11,13,19,59,132,83,52,84,25,50,127"/><T53/><D53/><U109/><E45/><V87/><F114/><W31/><G132/><T66/><D23/><U76/><E44/><V56/><F123/><W93/><G127/><T21/><D21/><U46/><E46/><V4/><F121/><W78/><G93/><T10/><D10/><U40/><E41/><V2/><F2/><W99/><G99/><T14/><D14/><U69/><E69/><V64/><F6/><W26/><G51/><T0/><D0/><U28/><E28/><AGARI ba="1,0" hai="11,13,19,25,26,28,29,31,50,52,59,78,83,84" machi="28" ten="40,5200,0" yaku="8,1,52,1,54,1" doraHai="82" who="3" fromWho="1" sc="370,0,210,-55,210,0,210,55" /><INIT seed="1,0,0,4,0,38" ten="370,155,210,265" oya="1" hai0="60,27,131,36,26,111,13,66,15,126,67,86,93" hai1="1,6,94,12,105,79,43,50,49,16,83,95,112" hai2="22,120,88,37,42,82,122,127,35,40,134,91,53" hai3="14,119,44,63,57,84,101,115,92,31,52,128,108"/><U76/><E105/><V2/><F2/><W33/><G115/><T118/><D36/><U114/><E6/><V9/><F35/><W21/><G119/><T55/><D118/><U45/><E1/><V7/><F37/><W98/><G108/><T65/><D111/><U24/><E24/><N who="0" m="9257" /><D131/><U102/><E114/><V125/><F22/><W68/><G128/><T25/><N who="0" m="9265" /><T121/><DORA hai="135" /><D126/><N who="2" m="48138" /><F134/><W117/><G117/><T74/><D74/><U20/><E112/><V71/><F71/><W23/><G68/><T106/><D106/><U18/><E18/><V97/><F53/><W110/><G110/><T133/><D121/><N who="2" m="46698" /><F97/><W62/><G33/><T64/><N who="0" m="16896" /><DORA hai="85" /><T116/><D116/><U80/><E50/><V46/><F46/><W29/><G63/><T34/><D34/><U17/><E17/><V90/><F82/><N who="1" m="31273" /><E102/><V100/><F100/><W103/><G103/><T30/><D133/><U11/><E20/><V41/><F7/><W107/><G44/><T47/><D47/><U72/><E72/><V81/><F81/><W48/><G21/><T89/><D30/><U61/><E61/><V109/><F109/><W4/><G31/><T5/><D5/><U8/><E8/><AGARI ba="0,0" hai="8,9,40,41,42,88,90,91" m="46698,48138" machi="8" ten="40,32000,5" yaku="28,2,18,1,52,9,54,1" doraHai="38,135,85" who="2" fromWho="1" sc="370,0,155,-320,210,320,265,0" owari="370,17.0,-165,-67.0,530,63.0,265,-13.0" /></mjloggm>