<mjloggm ver="2.3"><GO type="233" lobby="0"/><UN n0="%64%61%6E%6E%63%68%69" n1="%6E%61%6B%61%6A%75%75%6E" n2="%E3%82%A6%E3%83%AB%E3%83%88%E3%83%A9%E7%AB%8B%E7%9B%B4" n3="%79%6F%6A%6F" dan="17,17,17,16" rate="2109.86,2179.90,2212.12,2163.84" sx="M,M,M,F"/><TAIKYOKU oya="0"/><INIT seed="0,0,0,3,1,89" ten="250,250,250,250" oya="0" hai0="98,120,97,61,0,32,44,71,108,48,43,39,128" hai1="60,20,27,112,95,122,131,92,115,118,107,119,67" hai2="79,130,47,75,86,77,1,129,110,14,13,78,40" hai3="99,55,22,38,18,41,26,102,6,9,42,84,126"/><T105/><D120/><U125/><E107/><V33/><F33/><W133/><G133/><T28/><D0/><U45/><E45/><V56/><F1/><W103/><G126/><T52/><D128/><N who="2" m="49258" /><F110/><W25/><G25/><N who="0" m="18447" /><D108/><U83/><E83/><N who="2" m="47487" /><F56/><W7/><G7/><T59/><D105/><U68/><E131/><V65/><F65/><AGARI ba="0,0" hai="39,43,44,48,52,59,61,65,71,97,98" m="18447" machi="65" ten="30,2900,0" yaku="24,1,54,1" doraHai="89" who="0" fromWho="2" sc="250,29,250,0,250,-29,250,0" /><INIT seed="0,1,0,4,5,23" ten="279,250,221,250" oya="0" hai0="46,119,9,94,28,31,11,44,74,64,76,22,129" hai1="121,133,25,0,63,57,34,70,112,110,118,27,106" hai2="75,99,68,131,5,124,66,4,126,40,6,103,41" hai3="132,90,21,98,71,32,53,96,115,39,17,1,79"/><T19/><D119/><U33/><RYUUKYOKU type="yao9" ba="1,0" sc="279,0,250,0,221,0,250,0" hai1="0,25,27,33,34,57,63,70,106,110,112,118,121,133" /><INIT seed="0,2,0,4,2,66" ten="279,250,221,250" oya="0" hai0="14,79,88,53,92,86,68,36,77,110,93,76,58" hai1="120,3,59,2,10,48,94,104,123,83,91,80,60" hai2="87,84,5,51,22,41,46,95,99,118,111,125,90" hai3="50,55,1,37,98,126,133,128,132,119,31,112,101"/><T7/><D36/><U114/><E104/><V65/><F111/><W21/><G1/><T85/><D68/><U78/><E114/><V57/><F125/><W8/><G8/><N who="0" m="4383" /><D110/><U96/><E48/><V75/><F75/><W102/><G37/><T89/><D79/><U70/><E83/><V108/><F108/><W73/><G73/><T82/><D82/><U131/><E131/><V45/><F118/><W0/><G0/><T19/><D19/><U115/><E115/><V13/><F46/><W74/><G74/><T121/><D121/><U107/><E107/><V44/><F44/><W38/><G38/><T30/><D30/><U54/><E70/><V69/><F69/><W12/><G119/><T18/><D18/><U81/><E81/><V35/><F35/><W56/><G112/><T4/><D4/><U27/><E3/><V135/><F135/><N who="3" m="51787" /><G126/><T113/><D113/><U124/><E124/><V109/><F109/><W9/><G9/><T64/><D64/><U40/><E10/><N who="2" m="4303" /><F22/><W49/><G128/><T106/><D106/><U134/><E2/><V34/><F34/><W127/><G127/><T6/><D6/><U72/><E134/><V11/><F11/><W16/><G31/><T52/><D53/><U103/><E123/><V29/><F29/><W24/><G12/><T105/><D105/><N who="1" m="63719" /><E120/><V20/><F20/><W62/><G98/><T28/><D28/><U100/><E27/><V130/><F130/><W32/><G32/><T15/><D15/><U122/><E122/><V63/><AGARI ba="2,0" hai="41,45,51,57,63,65,84,87,90,95,99" m="4303" machi="63" ten="30,1100,0" yaku="8,1" doraHai="66" who="2" fromWho="2" sc="279,-7,250,-5,221,17,250,-5" /><INIT seed="1,0,0,0,0,83" ten="272,245,238,245" oya="1" hai0="66,55,24,0,64,14,21,113,33,56,86,126,63" hai1="53,77,41,8,73,23,30,3,4,118,90,6,79" hai2="133,131,74,82,16,97,111,72,116,129,15,103,99" hai3="69,32,91,127,87,43,46,95,102,128,36,22,49"/><U7/><E118/><V117/><F15/><W134/><G32/><T58/><D113/><U20/><E41/><V80/><F16/><W104/><G69/><T107/><D0/><U122/><E122/><V34/><F34/><W70/><G70/><T84/><D107/><U57/><E73/><V101/><REACH who="2" step="1"/><F111/><REACH who="2" ten="272,245,228,245" step="2"/><W88/><G22/><T59/><D14/><N who="1" m="5383" /><E23/><V106/><F106/><W11/><G104/><T5/><D33/><U93/><E3/><V9/><F9/><W94/><G11/><T18/><D5/><N who="1" m="1547" /><E20/><V78/><F78/><W67/><G36/><T17/><D17/><U81/><E30/><V85/><F85/><N who="0" m="32874" /><D126/><U114/><E114/><V108/><F108/><W27/><G127/><T25/><D25/><U51/><E81/><V115/><F115/><W19/><G27/><T105/><D105/><U132/><E132/><AGARI ba="0,1" hai="72,74,80,82,97,99,101,103,116,117,129,131,132,133" machi="132" ten="25,16000,3" yaku="1,1,22,2,34,3,53,2" doraHai="83" doraHaiUra="124" who="2" fromWho="1" sc="272,0,245,-160,228,170,245,0" /><INIT seed="2,0,0,1,2,53" ten="272,85,398,245" oya="2" hai0="64,14,35,92,105,66,56,90,41,93,104,24,28" hai1="75,61,20,39,74,55,11,12,49,36,60,69,33" hai2="58,9,59,107,88,81,132,16,44,112,63,18,23" hai3="34,40,43,52,25,80,71,95,129,108,68,106,22"/><V122/><F107/><W85/><G106/><T47/><D14/><U32/><E20/><V102/><F122/><W111/><G34/><T4/><D4/><U13/><E55/><V101/><F132/><W79/><G129/><T62/><D66/><U0/><E0/><V7/><F112/><W50/><G95/><T5/><D5/><U98/><E49/><V10/><F44/><W38/><G68/><T133/><D133/><U72/><E98/><V17/><F23/><W57/><G71/><T100/><D100/><N who="2" m="38506" /><F7/><W27/><G27/><T103/><D103/><U130/><E69/><V134/><F134/><W76/><G76/><T83/><D83/><U21/><E21/><V128/><F128/><W30/><REACH who="3" step="1"/><G38/><REACH who="3" ten="272,85,398,235" step="2"/><T15/><D92/><U123/><E130/><V116/><F116/><W135/><G135/><T78/><D78/><U54/><E123/><V70/><F70/><W8/><G8/><T124/><D124/><U91/><E11/><V31/><F10/><W48/><G48/><T42/><D104/><U87/><E36/><V45/><F9/><W120/><G120/><T29/><D105/><U127/><E39/><V115/><F115/><W84/><G84/><T3/><D24/><U86/><E127/><V65/><F81/><W125/><G125/><T46/><D35/><U114/><E74/><V96/><F96/><W26/><G26/><T89/><D93/><U1/><E114/><V109/><F109/><AGARI ba="0,1" hai="22,25,30,40,43,50,52,57,79,80,85,108,109,111" machi="109" ten="40,8000,1" yaku="1,1,14,1,52,1,54,1,53,0" doraHai="53" doraHaiUra="2" who="3" fromWho="2" sc="272,0,85,0,398,-80,235,90" /><INIT seed="3,0,0,1,0,84" ten="272,85,318,325" oya="3" hai0="119,88,25,59,95,16,134,64,21,80,7,78,8" hai1="90,36,111,24,82,18,40,28,30,81,33,122,52" hai2="130,46,44,11,112,127,83,15,42,67,108,93,62" hai3="76,9,106,10,107,133,89,5,19,85,87,86,23"/><W131/><G131/><T110/><D119/><U75/><E122/><V2/><F112/><W56/><G133/><T74/><D134/><U73/><E111/><V118/><F118/><W6/><G76/><T58/><D64/><U50/><E36/><V97/><F2/><W100/><G56/><T65/><D65/><U70/><E70/><V45/><F130/><W35/><G35/><T63/><D63/><U12/><E40/><V29/><F127/><W49/><G49/><T129/><D110/><U121/><E30/><V72/><F29/><W0/><G89/><T38/><D38/><U116/><E121/><V68/><F108/><W57/><G57/><T61/><D61/><U27/><E27/><V113/><F113/><W51/><G51/><T41/><D41/><U37/><E37/><V43/><F83/><W99/><G106/><T79/><D79/><U20/><E116/><V125/><F72/><W31/><G31/><T98/><D129/><U114/><E114/><V13/><F125/><W26/><REACH who="3" step="1"/><G87/><REACH who="3" ten="272,85,318,315" step="2"/><T14/><AGARI ba="0,1" hai="7,8,14,16,21,25,58,59,74,78,80,88,95,98" machi="14" ten="20,8000,1" yaku="0,1,7,1,52,1,54,2" doraHai="84" who="0" fromWho="0" sc="272,90,85,-20,318,-20,315,-40" /><INIT seed="4,0,0,3,2,29" ten="362,65,298,275" oya="0" hai0="94,113,8,103,111,82,64,25,59,14,57,4,2" hai1="42,46,10,48,73,86,49,43,114,84,78,88,18" hai2="33,20,12,56,120,34,40,134,79,96,127,51,41" hai3="98,116,99,128,70,89,27,26,39,31,44,6,104"/><T123/><D123/><U122/><E122/><V52/><F120/><W11/><G116/><T77/><D113/><U60/><E73/><V90/><F79/><W53/><G70/><T135/><D135/><U71/><E114/><V102/><F90/><W45/><G27/><T22/><D111/><U5/><E18/><V125/><F134/><W105/><G98/><T65/><D2/><U19/><E19/><N who="2" m="10343" /><F41/><W107/><G39/><T35/><D94/><U16/><E71/><V47/><F96/><W72/><G72/><T92/><D92/><N who="1" m="54279" /><E60/><N who="2" m="35847" /><F102/><W0/><G128/><T80/><D103/><U15/><E5/><V67/><F67/><W24/><G24/><T69/><D64/><U121/><E121/><V21/><F21/><W93/><REACH who="3" step="1"/><G53/><REACH who="3" ten="362,65,298,265" step="2"/><T13/><D69/><U115/><E115/><V55/><F55/><W91/><G91/><T131/><D65/><U68/><E68/><V112/><F112/><W83/><G83/><T76/><D82/><N who="1" m="47447" /><E49/><V132/><F132/><W62/><G62/><T129/><D129/><U130/><E130/><V85/><F85/><W36/><G36/><T117/><D131/><U101/><E101/><V110/><F110/><W119/><G119/><T81/><D117/><U118/><E118/><V63/><F63/><W87/><G87/><T61/><D80/><U75/><E75/><V95/><F95/><W7/><G7/><T23/><D61/><U28/><E43/><V106/><F106/><W124/><G124/><AGARI ba="0,1" hai="33,34,40,47,51,124,125,127" m="35847,10343" machi="124" ten="30,7700,0" yaku="18,1,52,2,54,1" doraHai="29" who="2" fromWho="3" sc="362,0,65,0,298,87,265,-77" /><INIT seed="5,0,0,4,2,33" ten="362,65,385,188" oya="1" hai0="36,54,5,118,27,23,16,19,45,123,12,111,20" hai1="0,97,105,7,52,60,49,9,95,134,29,26,125" hai2="71,121,35,68,119,85,65,84,112,32,122,89,106" hai3="58,13,117,76,43,115,102,34,87,133,79,50,100"/><U109/><E134/><V129/><F106/><W120/><G34/><T66/><D111/><U113/><E109/><V63/><F119/><W44/><G120/><T82/><D118/><U31/><E113/><V103/><F103/><W127/><G117/><T67/><D123/><U108/><E108/><V98/><F98/><W14/><G115/><T99/><D5/><U24/><E105/><V4/><F4/><W86/><G127/><T3/><D3/><U48/><E125/><V77/><F89/><W56/><G86/><T38/><D99/><U104/><E104/><V37/><F63/><W93/><G133/><T22/><D22/><U92/><E60/><V21/><F21/><W51/><G51/><T62/><D82/><U59/><E49/><V47/><F65/><W78/><G87/><T69/><D66/><U91/><REACH who="1" step="1"/><E95/><REACH who="1" ten="362,55,385,188" step="2"/><V10/><F112/><W107/><G107/><T57/><D38/><U83/><E83/><V8/><F37/><W42/><G93/><T75/><D36/><U39/><E39/><V96/><F122/><W64/><G50/><T110/><D110/><U135/><E135/><V72/><F121/><W80/><G80/><T132/><D132/><U101/><E101/><V114/><F114/><W41/><G102/><T70/><D62/><U6/><E6/><V15/><F77/><W1/><G79/><T11/><D67/><U18/><E18/><V126/><F126/><W61/><G100/><T131/><D16/><U81/><E81/><V40/><F72/><W88/><G78/><T124/><D75/><U74/><E74/><V28/><F28/><AGARI ba="0,1" hai="0,7,9,24,26,28,29,31,48,52,59,91,92,97" machi="28" ten="40,12000,1" yaku="1,1,6,1,52,1,54,1,53,0" doraHai="33" doraHaiUra="130" who="1" fromWho="2" sc="362,0,55,130,385,-120,188,0" /><INIT seed="5,1,0,2,5,15" ten="362,185,265,188" oya="1" hai0="60,65,23,46,73,102,37,117,118,35,124,29,39" hai1="121,26,90,105,64,89,7,104,75,112,18,11,30" hai2="114,21,4,14,103,88,95,108,106,59,127,74,81" hai3="126,34,53,57,107,52,80,20,72,78,2,113,85"/><U91/><E121/><V79/><F108/><W128/><G34/><T33/><D73/><U13/><E75/><V125/><F114/><W99/><G113/><T122/><D122/><U40/><E112/><V19/><F4/><W68/><G68/><T1/><D1/><U25/><E64/><V36/><F36/><W45/><G2/><T3/><D3/><U133/><E133/><V43/><F43/><W135/><G135/><T51/><D102/><U86/><E40/><V123/><F59/><W47/><G126/><N who="2" m="48137" /><F123/><W96/><G128/><T41/><D124/><U76/><E7/><V134/><F103/><W97/><G107/><T100/><D100/><U49/><E49/><V115/><F106/><W44/><G72/><T101/><D101/><U17/><E76/><V48/><F48/><N who="3" m="30887" /><G20/><T92/><D23/><N who="1" m="15711" /><E105/><V0/><F0/><W42/><G42/><T70/><D51/><AGARI ba="1,0" hai="44,45,47,51,52,78,80,85,96,97,99" m="30887" machi="51" ten="30,2000,0" yaku="8,1,54,1" doraHai="15" who="3" fromWho="0" sc="362,-23,185,0,265,0,188,23" /><INIT seed="6,0,0,5,0,133" ten="339,185,265,211" oya="2" hai0="2,17,106,95,44,30,1,19,39,102,63,45,82" hai1="100,128,93,61,99,16,113,41,68,46,0,8,127" hai2="85,33,105,122,101,119,23,118,110,134,58,7,51" hai3="87,123,3,38,132,42,6,22,65,31,57,109,55"/><V47/><F33/><W43/><G123/><T69/><D106/><U135/><E113/><V120/><F105/><W9/><G109/><T53/><D30/><U66/><E135/><V10/><F101/><W60/><G132/><T78/><D39/><U11/><E128/><V92/><F134/><W76/><G38/><T29/><D29/><U15/><E127/><V94/><F58/><W34/><G34/><T52/><D63/><U62/><E62/><V103/><F23/><W70/><G76/><T73/><D95/><U117/><E117/><V115/><F115/><W81/><G87/><T56/><D56/><U48/><REACH who="1" step="1"/><E0/><REACH who="1" ten="339,175,265,211" step="2"/><N who="2" m="359" /><F118/><W124/><G124/><T96/><D2/><U21/><AGARI ba="0,1" hai="8,11,15,16,21,41,46,48,61,66,68,93,99,100" machi="21" ten="20,8000,1" yaku="1,1,0,1,7,1,54,1,53,1" doraHai="133" doraHaiUra="36" who="1" fromWho="1" sc="339,-20,175,90,265,-40,211,-20" /><INIT seed="7,0,0,0,2,26" ten="319,265,225,191" oya="3" hai0="64,84,41,106,89,111,9,109,79,42,40,14,2" hai1="82,11,53,10,66,62,86,12,77,122,72,127,135" hai2="3,81,83,13,94,110,20,34,48,8,117,49,23" hai3="35,19,96,43,0,38,18,85,100,51,52,73,119"/><W115/><G73/><T39/><D2/><U1/><E122/><V45/><F34/><W118/><G35/><T130/><D39/><U114/><E114/><V63/><F3/><W22/><G0/><T112/><D106/><U21/><E127/><V104/><F104/><W31/><G115/><T98/><D112/><U29/><E135/><V90/><F63/><W65/><G65/><T124/><D64/><U113/><E113/><V116/><F110/><W37/><G37/><T87/><D124/><U80/><E53/><N who="2" m="29839" /><F49/><W95/><G85/><T75/><D75/><U15/><E15/><V134/><F134/><W59/><G31/><T36/><D36/><U16/><E29/><V108/><F108/><W123/><G123/><T25/><D87/><U50/><E50/><V44/><F44/><W17/><REACH who="3" step="1"/><G22/><REACH who="3" ten="319,265,225,181" step="2"/><N who="2" m="8233" /><F117/><W56/><G56/><T93/><D84/><U67/><E1/><V76/><F116/><W28/><G28/><T107/><D109/><U24/><E67/><V7/><F76/><W71/><G71/><T125/><D79/><U105/><E72/><V69/><F69/><W120/><G120/><T133/><D111/><U60/><E66/><V131/><F131/><W91/><G91/><T5/><D130/><U4/><E21/><V101/><F101/><W92/><G92/><T99/><D125/><U33/><E33/><V128/><F128/><W32/><G32/><T126/><D126/><U103/><E24/><V57/><F57/><W121/><G121/><T88/><D133/><U30/><E30/><V78/><F78/><W132/><G132/><T55/><D25/><RYUUKYOKU ba="0,1" sc="319,-15,265,-15,225,15,181,15" hai2="7,8,13,81,83,90,94" hai3="17,18,19,38,43,51,52,59,95,96,100,118,119" /><INIT seed="7,1,1,5,3,4" ten="304,250,240,196" oya="3" hai0="100,109,57,63,110,44,116,8,69,102,108,2,93" hai1="105,131,70,59,42,26,43,134,130,72,50,54,25" hai2="73,41,58,32,117,64,17,121,83,48,27,6,56" hai3="104,129,49,31,126,3,106,68,52,122,80,1,92"/><W51/><G122/><T46/><D116/><U98/><E72/><V7/><F117/><W87/><G68/><T94/><D69/><U30/><E70/><V71/><F71/><W124/><G31/><T91/><D2/><N who="3" m="521" /><G92/><T120/><D120/><U60/><E134/><V119/><F119/><W15/><G15/><T125/><D94/><U55/><E105/><N who="3" m="40554" /><G51/><T75/><D75/><U20/><E98/><V90/><F121/><W9/><G9/><T81/><D8/><U21/><E131/><V23/><F73/><W34/><G34/><T86/><D93/><U128/><E130/><V127/><F32/><W16/><G16/><T35/><D35/><U38/><E38/><V103/><F103/><W82/><G87/><T107/><D107/><U76/><E76/><V12/><F12/><W123/><G123/><T101/><D108/><U24/><E128/><V37/><F37/><W39/><G39/><T22/><D109/><U89/><E89/><V45/><F7/><W40/><G40/><N who="1" m="15402" /><E30/><V28/><F6/><W13/><G13/><T77/><D110/><U47/><AGARI ba="1,1" hai="20,21,24,25,26,47,50,54,55,59,60" m="15402" machi="47" ten="30,1100,0" yaku="8,1" doraHai="4" who="1" fromWho="1" sc="304,-4,250,24,240,-4,196,-6" owari="300,40.0,274,7.0,236,-16.0,190,-31.0" /></mjloggm>