<mjloggm ver="2.3"><GO type="97" lobby="0"/><UN n0="%77%69%74%74" n1="%E5%B0%B1%E6%B4%BB%E7%94%9F%40%E5%B7%9D%E6%9D%91%E8%BB%8D%E5%9B%A3" n2="%E3%82%AA%E3%83%AC%E3%83%A0%E3%83%97" n3="%E3%81%AE%E3%82%8A%E5%BC%81" dan="14,15,15,14" rate="1923.00,1977.71,1960.20,2032.76" sx="M,M,M,M"/><TAIKYOKU oya="0"/><INIT seed="0,0,0,1,5,36" ten="250,250,250,250" oya="0" hai0="120,54,121,109,20,88,132,125,113,90,128,59,28" hai1="77,74,2,110,51,126,17,71,4,35,114,15,46" hai2="49,40,117,45,44,19,135,124,67,84,95,30,106" hai3="39,16,108,76,48,96,85,62,83,116,5,55,75"/><T134/><D28/><U80/><E71/><V60/><F106/><W8/><G108/><T61/><D20/><U100/><E114/><V3/><F3/><W129/><G116/><T53/><D113/><U131/><E110/><V21/><F117/><W66/><G39/><T32/><D32/><U104/><E131/><V57/><F135/><N who="0" m="51754" /><D109/><U34/><E126/><V111/><F111/><W37/><G37/><T87/><D125/><U27/><E2/><V133/><F45/><W101/><G129/><T41/><D128/><U118/><E4/><V94/><F124/><W9/><G9/><T79/><D54/><U42/><E27/><V91/><F133/><W63/><G75/><T89/><D41/><U18/><E18/><V26/><F30/><W43/><G66/><T98/><D98/><U47/><E47/><V127/><REACH who="2" step="1"/><F127/><REACH who="2" ten="250,250,240,250" step="2"/><W122/><G122/><N who="0" m="47211" /><D79/><U81/><E118/><V73/><F73/><W58/><G76/><T1/><D1/><U24/><E104/><V10/><F10/><W86/><G8/><T12/><D12/><U119/><E119/><V72/><F72/><W50/><G62/><T102/><D102/><U82/><E100/><V107/><F107/><W69/><G63/><T68/><D68/><U11/><E35/><V105/><F105/><W6/><G101/><T25/><D25/><U31/><AGARI ba="0,1" hai="11,15,17,24,31,34,42,46,51,74,77,80,81,82" machi="31" ten="30,2000,0" yaku="0,1,52,1" doraHai="36" who="1" fromWho="1" sc="250,-10,250,30,240,-5,250,-5" /><INIT seed="1,0,0,5,5,117" ten="240,280,235,245" oya="1" hai0="21,56,6,62,1,133,82,106,35,105,38,128,127" hai1="116,100,55,25,75,88,84,15,90,118,44,39,85" hai2="91,46,69,7,124,0,53,109,70,17,71,104,87" hai3="67,103,40,73,4,74,42,27,3,14,110,112,36"/><U26/><E75/><V123/><F123/><W72/><G112/><T34/><D38/><U81/><E116/><V83/><F104/><W107/><G67/><T76/><D127/><U120/><E120/><V23/><F124/><W80/><G14/><T101/><D128/><U59/><E118/><V77/><F109/><W94/><G94/><T135/><D6/><U13/><E100/><V37/><F7/><W24/><G110/><T30/><D1/><U16/><E44/><V58/><F0/><W54/><G54/><N who="0" m="34071" /><D21/><N who="1" m="13479" /><E26/><V130/><F130/><W5/><G5/><T60/><D60/><N who="1" m="35967" /><E39/><V22/><F37/><W18/><G36/><T28/><D101/><U114/><E114/><V68/><F46/><W97/><G27/><T119/><D119/><U29/><E29/><N who="0" m="11369" /><D34/><U19/><E19/><V92/><N who="2" m="17920" /><DORA hai="125" /><V20/><F17/><W50/><G18/><T2/><D35/><U66/><E66/><V12/><F12/><W61/><G24/><T43/><D2/><U32/><E32/><V115/><F115/><W89/><G3/><T33/><D33/><U47/><E47/><V79/><F53/><W65/><G103/><T98/><D105/><U11/><E11/><V8/><F8/><W121/><G107/><T129/><D106/><U64/><E64/><V41/><F58/><W31/><G121/><T95/><D133/><U93/><AGARI ba="0,0" hai="13,15,81,84,85,88,90,93" m="35967,13479" machi="93" ten="30,6000,0" yaku="8,1,54,2" doraHai="117,125" who="1" fromWho="1" sc="240,-20,280,60,235,-20,245,-20" /><INIT seed="1,1,0,3,0,113" ten="220,340,215,225" oya="1" hai0="111,77,115,109,73,81,80,42,38,94,13,90,33" hai1="117,96,128,85,102,68,133,66,67,105,65,50,45" hai2="60,32,3,10,64,122,29,124,49,71,78,2,18" hai3="121,11,25,112,24,47,44,132,114,43,89,72,16"/><U31/><E117/><V88/><F122/><W48/><G121/><T95/><D33/><U130/><E133/><V9/><F78/><W106/><G132/><T134/><D42/><U22/><E68/><V20/><F124/><W61/><G106/><T52/><D38/><U7/><E7/><V108/><F49/><W126/><G126/><T36/><D36/><U37/><E37/><V14/><F108/><N who="0" m="41546" /><D115/><U8/><E8/><V54/><F54/><W116/><G72/><N who="0" m="43047" /><D13/><U57/><E57/><V6/><F88/><W79/><G116/><T26/><D26/><N who="1" m="16855" /><E85/><V63/><F63/><W123/><G123/><T1/><D1/><N who="2" m="10" /><F64/><W70/><G70/><T30/><D30/><U87/><E87/><V120/><F60/><W92/><G61/><T75/><D52/><U21/><E21/><V129/><F129/><N who="1" m="49769" /><E67/><V118/><F71/><W0/><G112/><T5/><D5/><U12/><E12/><N who="2" m="5175" /><F120/><W76/><G114/><T97/><D134/><U83/><E83/><V59/><F59/><W131/><G131/><T34/><D34/><U51/><E51/><V69/><F69/><W55/><G48/><T91/><D81/><U93/><E105/><V17/><F32/><W86/><G47/><T104/><D104/><U125/><E125/><V135/><F135/><W39/><G44/><T100/><D100/><U103/><E103/><V15/><F29/><W28/><G28/><T110/><N who="0" m="41554" /><T99/><AGARI ba="1,0" hai="73,75,90,91,94,95,97,99" m="43047,41554" machi="99" ten="40,8000,1" yaku="4,1,14,1,34,2" doraHai="113" who="0" fromWho="0" sc="220,83,340,-41,215,-21,225,-21" /><INIT seed="2,0,0,3,1,19" ten="303,299,194,204" oya="2" hai0="44,101,117,39,118,95,58,64,46,5,82,16,35" hai1="27,71,74,68,43,91,56,106,78,85,42,28,2" hai2="116,120,90,100,73,126,38,17,69,96,40,33,11" hai3="23,7,124,66,65,62,9,115,29,119,110,114,109"/><V99/><F69/><W49/><G119/><N who="0" m="45579" /><D35/><U72/><E2/><V60/><F116/><W50/><G124/><T77/><D39/><U0/><E0/><V108/><F33/><W30/><G30/><T55/><D5/><U18/><E106/><V111/><F73/><W8/><G8/><T125/><D64/><N who="3" m="24681" /><G62/><N who="0" m="36191" /><D125/><U67/><E68/><V86/><F60/><W113/><G29/><T76/><D16/><U112/><E71/><V103/><F126/><W134/><G23/><T52/><D52/><U89/><E112/><V98/><F40/><N who="1" m="15401" /><E72/><V24/><F38/><W10/><G134/><T135/><D135/><U81/><E74/><V6/><F120/><W130/><G130/><T79/><D82/><U75/><E75/><V4/><F4/><W54/><G7/><T32/><D32/><U34/><E34/><V45/><F45/><N who="3" m="27951" /><G50/><T53/><D53/><U1/><E1/><V48/><F48/><W47/><G9/><T41/><D41/><U80/><E28/><V93/><F6/><W87/><G10/><T26/><D26/><U63/><E80/><V3/><F3/><W36/><G87/><T121/><D121/><U127/><E127/><V21/><REACH who="2" step="1"/><F11/><REACH who="2" ten="303,299,184,204" step="2"/><W37/><G47/><T51/><D51/><U123/><E123/><V104/><F104/><W12/><G12/><T94/><D101/><AGARI ba="0,1" hai="17,21,24,86,90,93,96,98,99,100,101,103,108,111" machi="101" ten="40,3900,0" yaku="1,1,52,1,53,0" doraHai="19" doraHaiUra="57" who="2" fromWho="0" sc="303,-39,299,0,184,49,204,0" /><INIT seed="2,1,0,4,3,44" ten="264,299,233,204" oya="2" hai0="61,5,9,36,41,17,120,93,134,108,89,47,92" hai1="27,132,40,55,79,45,20,76,62,105,97,42,70" hai2="122,7,77,118,131,25,50,2,63,72,115,32,106" hai3="123,102,22,56,116,129,75,48,43,4,74,128,12"/><V26/><F122/><W111/><G123/><T16/><D108/><U65/><E132/><V69/><F118/><W84/><G116/><T109/><D109/><U80/><E55/><V0/><F115/><W81/><G111/><T24/><D120/><U99/><E105/><V51/><F106/><W53/><G102/><T14/><D134/><U54/><E54/><V15/><F77/><W104/><G104/><T28/><D61/><U91/><E91/><V23/><F72/><W95/><G95/><T124/><D124/><U60/><E60/><V1/><F63/><W8/><G22/><T66/><D66/><U126/><E126/><V85/><F85/><W100/><G100/><T34/><REACH who="0" step="1"/><D93/><REACH who="0" ten="254,299,233,204" step="2"/><U112/><E112/><V30/><F69/><W119/><G119/><T101/><D101/><U11/><E62/><V68/><F68/><W130/><REACH who="3" step="1"/><G43/><REACH who="3" ten="254,299,233,194" step="2"/><T38/><D38/><U19/><E42/><V127/><F127/><W114/><G114/><T52/><D52/><U73/><E40/><V94/><F94/><W64/><G64/><T13/><D13/><U98/><E65/><V21/><F15/><W31/><G31/><T121/><D121/><U71/><E71/><V117/><F117/><W18/><G18/><T82/><D82/><U67/><E70/><V37/><F37/><W133/><G133/><T103/><D103/><U83/><E67/><V35/><F30/><W58/><G58/><T3/><D3/><U135/><E135/><V87/><F2/><W57/><G57/><T29/><D29/><U6/><E19/><V90/><F1/><W125/><G125/><RYUUKYOKU ba="1,2" sc="254,15,299,-15,233,-15,194,15" hai0="5,9,14,16,17,24,28,34,36,41,47,89,92" hai3="4,8,12,48,53,56,74,75,81,84,128,129,130" /><INIT seed="3,2,2,3,3,97" ten="269,284,218,209" oya="3" hai0="71,26,53,103,4,125,54,20,66,117,80,10,95" hai1="114,61,55,19,134,46,37,122,32,91,67,75,63" hai2="107,58,129,31,128,92,3,59,25,12,8,119,33" hai3="89,123,16,108,40,130,14,47,70,65,34,131,93"/><W132/><G123/><T120/><D117/><U15/><E122/><V38/><F119/><W112/><G112/><T133/><D120/><U118/><E75/><V22/><F38/><W102/><G34/><T84/><D71/><U82/><E118/><V51/><F107/><W7/><G7/><T83/><D66/><U127/><E32/><V43/><F92/><W98/><G132/><T30/><D125/><U49/><E37/><V116/><F116/><W0/><G0/><T2/><D133/><U87/><E114/><V124/><F124/><W79/><G79/><T57/><D83/><U126/><E134/><V96/><F96/><W101/><G108/><T44/><D44/><U11/><REACH who="1" step="1"/><E63/><REACH who="1" ten="269,274,218,209" step="2"/><V81/><F33/><W5/><G5/><T105/><D4/><U99/><E99/><V74/><F74/><W13/><G65/><T17/><D84/><U88/><E88/><V27/><F129/><N who="3" m="49163" /><G70/><AGARI ba="2,3" hai="11,15,19,46,49,55,61,67,70,82,87,91,126,127" machi="70" ten="40,5200,0" yaku="1,1,25,2,53,0" doraHai="97" doraHaiUra="68" who="1" fromWho="3" sc="269,0,274,88,218,0,209,-58" owari="269,7.0,362,46.0,218,-18.0,151,-35.0" /></mjloggm>