<mjloggm ver="2.3"><GO type="41" lobby="0"/><UN n0="%53%55%49%54%4F%4B%49" n1="%E6%B8%85%E5%8D%98" n2="%E5%B0%B1%E6%B4%BB%E7%94%9F%40%E5%B7%9D%E6%9D%91%E8%BB%8D%E5%9B%A3" n3="%70%75%72%70%75%72%6E" dan="13,13,16,13" rate="1902.41,1860.60,2152.25,1915.09" sx="F,M,M,M"/><TAIKYOKU oya="0"/><INIT seed="0,0,0,2,4,48" ten="250,250,250,250" oya="0" hai0="51,135,94,128,37,90,54,88,87,25,131,120,79" hai1="24,43,10,71,80,11,83,122,103,106,96,34,20" hai2="97,78,9,81,127,30,35,110,82,27,99,32,74" hai3="132,125,101,28,0,59,130,113,86,40,68,102,93"/><T105/><D37/><U76/><E122/><V89/><F110/><W75/><G68/><T19/><D105/><U66/><E34/><V2/><F35/><W47/><G0/><T63/><D120/><U39/><E80/><V60/><F127/><W36/><G75/><T52/><D63/><U95/><E71/><V65/><F2/><W18/><G28/><T92/><D79/><U44/><E66/><V23/><F32/><W98/><G113/><T62/><D51/><U85/><REACH who="1" step="1"/><E106/><REACH who="1" ten="250,240,250,250" step="2"/><V26/><F81/><W69/><G69/><T14/><D135/><U109/><E109/><V119/><F82/><W29/><G132/><T1/><D62/><U17/><AGARI ba="0,1" hai="10,11,17,20,24,39,43,44,76,83,85,95,96,103" machi="17" ten="20,2700,0" yaku="1,1,0,1,7,1,53,0" doraHai="48" doraHaiUra="31" who="1" fromWho="1" sc="250,-13,240,37,250,-7,250,-7" /><INIT seed="1,0,0,0,5,112" ten="237,277,243,243" oya="1" hai0="6,27,104,70,71,102,79,23,16,135,25,40,24" hai1="123,114,37,15,14,132,39,48,3,59,73,13,95" hai2="134,18,20,131,52,0,81,100,29,91,57,47,63" hai3="85,113,110,121,44,2,118,106,22,62,21,97,46"/><U19/><E73/><V72/><F0/><W77/><G2/><T17/><D79/><U122/><E114/><V31/><F131/><W75/><G121/><T30/><D104/><U4/><E3/><V78/><F134/><W68/><G75/><T116/><D116/><U60/><E4/><V120/><F120/><W41/><G46/><T28/><D102/><U82/><E132/><V99/><F47/><W86/><G86/><T117/><D40/><U93/><E48/><V45/><F45/><W66/><G118/><T128/><D117/><U58/><E82/><V38/><F91/><W124/><G124/><T55/><D55/><U88/><E14/><V33/><F33/><W69/><G69/><T87/><D87/><U8/><E60/><V92/><REACH who="2" step="1"/><F38/><REACH who="2" ten="237,277,233,243" step="2"/><W129/><G44/><T43/><D135/><U76/><E76/><V51/><F51/><W42/><G77/><T74/><D128/><U130/><E130/><V65/><F65/><W109/><G66/><T50/><D43/><U49/><E49/><V9/><F9/><W101/><G42/><T83/><D50/><U90/><E8/><V115/><F115/><W94/><G41/><T84/><D23/><U11/><E11/><V125/><F125/><W56/><G113/><T34/><D6/><U54/><E54/><V127/><F127/><W103/><G129/><T1/><D34/><U5/><E5/><V67/><F67/><W105/><G103/><T12/><D1/><U53/><E53/><V26/><AGARI ba="0,1" hai="18,20,26,29,31,52,57,63,72,78,81,92,99,100" machi="26" ten="20,5200,0" yaku="1,1,0,1,7,1,54,1,53,0" doraHai="112" doraHaiUra="10" who="2" fromWho="2" sc="237,-13,277,-26,233,62,243,-13" /><INIT seed="2,0,0,2,2,84" ten="224,251,295,230" oya="2" hai0="79,52,126,47,11,72,10,87,27,71,95,83,7" hai1="99,4,101,127,115,120,49,13,110,106,56,36,80" hai2="118,92,48,113,58,41,100,12,9,105,21,17,46" hai3="1,114,50,94,15,103,61,69,90,82,135,129,96"/><V117/><F113/><W39/><G1/><T109/><D71/><U35/><E115/><V89/><F105/><W70/><G39/><T2/><D126/><U111/><E36/><V91/><F100/><W22/><G135/><T67/><D67/><U74/><E35/><V112/><F112/><W88/><G129/><T28/><D109/><U3/><E127/><V76/><F76/><W14/><G70/><T121/><D10/><U16/><E3/><V60/><F9/><W31/><G69/><T8/><D8/><U134/><E4/><V34/><F34/><W97/><G61/><T51/><D121/><U102/><E102/><V37/><F37/><W93/><G103/><T66/><D66/><U5/><E5/><V98/><REACH who="2" step="1"/><F89/><REACH who="2" ten="224,251,285,230" step="2"/><W81/><G114/><T64/><D72/><U42/><E110/><V62/><F62/><W18/><G50/><T29/><D64/><AGARI ba="0,1" hai="12,17,21,41,46,48,58,60,64,91,92,98,117,118" machi="64" ten="30,5800,0" yaku="1,1,7,1,52,1,53,0" doraHai="84" doraHaiUra="128" who="2" fromWho="0" sc="224,-58,251,0,285,68,230,0" /><INIT seed="2,1,0,0,5,49" ten="166,251,353,230" oya="2" hai0="47,19,95,120,56,104,40,3,63,62,88,44,0" hai1="92,107,126,75,12,108,86,101,134,84,52,77,16" hai2="73,8,57,10,58,21,130,13,91,48,30,61,31" hai3="34,129,81,65,93,51,27,42,1,60,94,133,109"/><V79/><F130/><W14/><G109/><T78/><D104/><U54/><E107/><V18/><F73/><W100/><G1/><T32/><D78/><U71/><E71/><V41/><F79/><W69/><G133/><T35/><D19/><U114/><E114/><V46/><F58/><W89/><G81/><T5/><D120/><U72/><E108/><V123/><F123/><W97/><G34/><T70/><D70/><U121/><E121/><V103/><F103/><W55/><G14/><T124/><D124/><U24/><E126/><V22/><F91/><W67/><G67/><T23/><D23/><N who="1" m="13415" /><E72/><V11/><REACH who="2" step="1"/><F21/><REACH who="2" ten="166,251,343,230" step="2"/><W33/><G129/><T96/><D35/><U125/><E75/><V29/><F29/><W87/><G69/><T119/><D32/><U118/><E125/><V15/><F15/><W99/><G33/><T116/><D119/><U4/><E77/><V38/><F38/><W111/><G27/><T135/><D116/><U85/><E118/><V26/><F26/><W43/><G111/><T66/><D135/><U59/><E134/><V122/><F122/><W112/><G112/><T74/><D74/><U115/><E59/><V90/><F90/><W20/><G20/><T102/><D102/><U132/><E132/><V131/><F131/><W98/><G100/><T7/><D0/><U82/><E115/><V36/><F36/><W17/><G89/><T39/><D3/><U106/><E106/><V6/><F6/><W28/><G28/><T110/><D110/><U9/><E82/><V127/><F127/><W105/><G105/><T37/><D63/><RYUUKYOKU ba="1,1" sc="166,10,251,10,343,10,230,-30" hai0="5,7,37,39,40,44,47,56,62,66,88,95,96" hai1="4,9,12,52,54,84,85,86,92,101" hai2="8,10,11,13,18,22,30,31,41,46,48,57,61" /><INIT seed="2,2,1,3,5,62" ten="176,261,353,200" oya="2" hai0="19,57,89,6,102,75,45,90,119,11,117,61,40" hai1="3,22,98,16,113,72,50,35,82,118,73,34,112" hai2="121,7,49,92,124,91,23,96,54,110,9,55,53" hai3="104,65,20,111,77,135,74,59,2,18,52,5,56"/><V80/><F121/><W88/><G104/><T106/><D75/><U51/><E3/><V133/><F124/><W25/><G111/><T69/><D69/><U125/><E125/><V87/><F110/><W10/><G135/><T67/><D19/><U126/><E126/><V131/><F133/><W12/><G77/><T26/><D26/><U116/><E98/><V81/><F131/><W8/><G74/><T46/><D102/><U60/><E60/><V134/><F134/><W44/><G65/><T13/><D106/><U94/><E94/><V24/><F49/><W105/><G105/><T29/><D29/><U30/><E30/><V1/><REACH who="2" step="1"/><F96/><REACH who="2" ten="176,261,343,200" step="2"/><W27/><G44/><T4/><D46/><U15/><E50/><V120/><F120/><W129/><G129/><T108/><D108/><U39/><E51/><V68/><F68/><W127/><G127/><T122/><D122/><U17/><E113/><V78/><F78/><W84/><G59/><T43/><D45/><U58/><E58/><V76/><F76/><W83/><G20/><T66/><D119/><U14/><E22/><V114/><F114/><W64/><G64/><T128/><D67/><U130/><E112/><V47/><F47/><W31/><G31/><AGARI ba="2,2" hai="1,7,9,23,24,31,53,54,55,80,81,87,91,92" machi="31" ten="40,7700,0" yaku="1,1,53,2" doraHai="62" doraHaiUra="79" who="2" fromWho="3" sc="176,0,261,0,343,103,200,-83" /><INIT seed="2,3,0,2,0,59" ten="176,261,446,117" oya="2" hai0="72,76,67,94,133,52,61,24,1,98,95,45,22" hai1="110,75,115,13,51,3,96,104,120,32,4,131,0" hai2="126,83,33,5,46,38,15,44,105,64,37,117,10" hai3="77,42,17,106,41,80,81,35,92,132,20,9,125"/><V97/><F33/><W6/><G106/><T39/><D1/><U56/><E32/><V74/><F117/><W78/><G132/><T82/><D39/><U122/><E115/><V116/><F116/><W2/><G125/><T108/><D108/><U63/><E75/><V118/><F126/><W47/><G92/><T127/><D127/><U134/><E110/><V135/><F135/><W89/><G35/><T18/><D133/><U109/><E109/><V85/><F74/><W25/><G89/><T36/><D36/><U53/><E134/><V34/><F34/><W87/><REACH who="3" step="1"/><G47/><REACH who="3" ten="176,261,446,107" step="2"/><T60/><D94/><U128/><E104/><V62/><F44/><W57/><G57/><T88/><REACH who="0" step="1"/><D67/><REACH who="0" ten="166,261,446,107" step="2"/><U11/><E120/><V129/><F64/><W43/><G43/><T71/><D71/><U90/><E122/><V86/><F105/><W66/><G66/><T54/><D54/><U124/><E53/><V73/><F118/><W99/><G99/><T31/><D31/><U119/><E96/><V49/><F97/><W114/><G114/><T111/><D111/><U91/><E119/><V28/><F38/><W121/><G121/><T103/><D103/><U7/><E124/><V16/><F37/><W14/><G14/><T65/><D65/><U12/><E13/><V8/><F15/><W23/><G23/><T27/><D27/><U112/><E12/><V107/><F107/><W84/><AGARI ba="3,2" hai="2,6,9,17,20,25,41,42,77,78,80,81,84,87" machi="84" ten="20,5200,0" yaku="1,1,0,1,7,1,9,1,53,0" doraHai="59" doraHaiUra="55" who="3" fromWho="3" sc="166,-16,261,-16,446,-29,107,81" /><INIT seed="3,0,0,5,1,51" ten="150,245,417,188" oya="3" hai0="80,114,45,128,21,89,84,54,73,68,62,79,0" hai1="34,8,104,101,95,17,85,93,61,107,105,82,35" hai2="115,90,88,132,111,116,69,108,52,103,110,98,42" hai3="112,65,27,63,91,124,126,9,14,29,86,123,74"/><W38/><G74/><T121/><D0/><U129/><E129/><V99/><F115/><W5/><G38/><T31/><D121/><U16/><E61/><V20/><F69/><W130/><G130/><T7/><D7/><U10/><E101/><V6/><F42/><W19/><G112/><T55/><D128/><U36/><E36/><V127/><F127/><N who="3" m="48683" /><G123/><T18/><D114/><U72/><E72/><V37/><F37/><W113/><G113/><T40/><D68/><U83/><E104/><V66/><F132/><W23/><G91/><N who="2" m="34857" /><F98/><W60/><G86/><AGARI ba="0,0" hai="8,10,16,17,34,35,82,83,85,86,93,95,105,107" machi="86" ten="25,3200,0" yaku="22,2,54,1" doraHai="51" who="1" fromWho="3" sc="150,0,245,32,417,0,188,-32" /><INIT seed="4,0,0,5,1,1" ten="150,277,417,156" oya="0" hai0="130,30,54,20,36,4,83,59,60,31,64,131,27" hai1="103,70,123,108,50,43,73,32,33,135,97,80,100" hai2="10,28,42,2,14,125,7,76,106,22,124,34,77" hai3="69,63,9,17,114,15,72,126,46,45,78,11,16"/><T111/><D36/><U84/><E108/><V98/><F42/><W51/><G126/><N who="2" m="48745" /><F34/><W115/><G78/><T75/><D75/><U71/><E123/><V53/><F53/><W19/><G63/><T102/><D102/><U120/><E120/><V121/><F121/><W134/><G69/><T74/><D74/><U95/><E73/><V129/><F129/><N who="0" m="49162" /><D83/><U99/><E135/><V110/><F110/><W133/><G72/><T89/><D111/><U52/><E43/><V25/><F2/><W79/><G79/><T82/><D64/><U35/><E84/><V49/><F49/><W37/><G37/><T117/><D117/><U23/><E23/><V107/><F107/><W101/><G101/><AGARI ba="0,0" hai="7,10,14,22,25,28,76,77,98,101,106" m="48745" machi="101" ten="30,2000,0" yaku="18,1,52,1" doraHai="1" who="2" fromWho="3" sc="150,0,277,0,417,20,156,-20" /><INIT seed="5,0,0,3,3,38" ten="150,277,437,136" oya="1" hai0="16,14,93,77,47,4,5,53,101,67,46,51,105" hai1="2,99,83,56,15,134,32,18,112,78,21,125,73" hai2="121,106,27,25,108,110,65,124,52,104,132,87,116" hai3="40,85,28,44,119,36,80,26,6,37,74,98,92"/><U57/><E32/><V69/><F116/><W23/><G74/><T135/><D105/><U107/><E2/><V62/><F121/><W111/><G6/><T103/><D135/><U0/><E134/><V48/><F132/><W96/><G111/><T94/><D67/><U130/><E0/><V115/><F124/><W10/><G10/><T17/><D77/><U88/><E125/><V97/><F115/><W63/><G119/><T54/><D51/><U127/><E127/><V58/><F104/><W9/><G63/><T7/><D7/><U13/><E112/><V91/><F97/><W72/><G9/><T117/><D117/><U131/><E13/><AGARI ba="0,0" hai="4,5,13,14,16,17,46,47,53,54,93,94,101,103" machi="13" ten="25,6400,0" yaku="22,2,8,1,54,1" doraHai="38" who="0" fromWho="1" sc="150,64,277,-64,437,0,136,0" /><INIT seed="6,0,0,1,3,11" ten="214,213,437,136" oya="2" hai0="57,16,21,49,13,25,105,95,110,114,28,8,69" hai1="55,115,43,128,97,87,46,80,63,66,75,2,45" hai2="50,76,62,39,98,64,34,108,111,113,78,121,51" hai3="37,54,15,86,68,48,85,10,23,117,79,60,107"/><V130/><F34/><W94/><G107/><T102/><D105/><U18/><E2/><V9/><F39/><W89/><G37/><T83/><D69/><U6/><E75/><V26/><F130/><W133/><G133/><T47/><D110/><U73/><E73/><V52/><F51/><W118/><G23/><T42/><D83/><U56/><E6/><V91/><F113/><W61/><G68/><T7/><D57/><U19/><E115/><V92/><F121/><W125/><G125/><T81/><D81/><U106/><E128/><V1/><F26/><W3/><G3/><T24/><D24/><U71/><E106/><V0/><F0/><W12/><G10/><T126/><D126/><U65/><E65/><V4/><F108/><W100/><G100/><T129/><D129/><U93/><E45/><V38/><F38/><W134/><G134/><T29/><D114/><U124/><E124/><V58/><REACH who="2" step="1"/><F111/><REACH who="2" ten="214,213,427,136" step="2"/><W72/><G118/><T17/><D7/><U96/><E43/><V104/><F104/><W5/><G117/><T53/><D42/><U127/><E127/><V27/><F27/><W59/><G5/><T77/><D77/><U109/><E109/><V88/><F88/><N who="3" m="53519" /><G79/><T82/><D82/><U131/><E80/><V116/><F116/><W123/><G123/><T122/><D122/><U120/><E120/><V70/><AGARI ba="0,1" hai="1,4,9,50,52,58,62,64,70,76,78,91,92,98" machi="70" ten="20,7800,0" yaku="1,1,0,1,7,1,54,1,53,0" doraHai="11" doraHaiUra="31" who="2" fromWho="2" sc="214,-26,213,-26,427,88,136,-26" /><INIT seed="6,1,0,4,5,127" ten="188,187,515,110" oya="2" hai0="75,118,56,54,41,93,87,108,130,64,102,39,17" hai1="80,16,4,59,129,94,81,86,104,79,18,55,14" hai2="76,34,8,11,37,110,82,2,124,12,113,88,51" hai3="20,43,60,73,85,57,68,107,111,109,5,125,89"/><V134/><F37/><W90/><G107/><T26/><D75/><U30/><E104/><V101/><F34/><W78/><G68/><T25/><D108/><U77/><E30/><V15/><F2/><W21/><G125/><T70/><D70/><U40/><E40/><V19/><F101/><W9/><G73/><T52/><D39/><U53/><E129/><V123/><F123/><W32/><G43/><T120/><D41/><U23/><E94/><V7/><F110/><W135/><G135/><T24/><D120/><U0/><E0/><V116/><F113/><W106/><G106/><T122/><D118/><U36/><E36/><V128/><F128/><W114/><G114/><T126/><D122/><U132/><E132/><V98/><F134/><W95/><G32/><T45/><D126/><U112/><E59/><V35/><F35/><W74/><G78/><T71/><D71/><U91/><E91/><V72/><F124/><W63/><G74/><T115/><D64/><U29/><E29/><V100/><F116/><W66/><G63/><T119/><D119/><U117/><E117/><V131/><F131/><W6/><G111/><T47/><D130/><U92/><E92/><V69/><F69/><W10/><G109/><T38/><D38/><U42/><E42/><V103/><F51/><W1/><REACH who="3" step="1"/><G89/><REACH who="3" ten="188,187,515,100" step="2"/><N who="0" m="53439" /><D115/><U50/><E112/><V67/><F88/><W13/><AGARI ba="1,1" hai="1,5,6,9,10,13,20,21,57,60,66,85,90,95" machi="13" ten="20,5200,0" yaku="1,1,0,1,7,1,53,1" doraHai="127" doraHaiUra="58" who="3" fromWho="3" sc="188,-14,187,-14,515,-27,100,65" /><INIT seed="7,0,0,4,3,124" ten="174,173,488,165" oya="3" hai0="118,89,81,2,29,4,74,10,11,60,116,72,47" hai1="0,123,44,66,23,133,32,121,58,27,113,12,129" hai2="26,115,86,49,48,69,82,54,131,79,111,90,40" hai3="101,13,92,9,45,78,28,53,71,38,30,1,107"/><W102/><G71/><T19/><D29/><U34/><E0/><V22/><F69/><W94/><G107/><T75/><D60/><U35/><E113/><V132/><F131/><W99/><G78/><T61/><D61/><U109/><E109/><V18/><F111/><W25/><G1/><T16/><D47/><U119/><E129/><V95/><F132/><W122/><G122/><T51/><D51/><U76/><E76/><V73/><F115/><W126/><G126/><T127/><D127/><U85/><E85/><V41/><F49/><N who="3" m="28847" /><G38/><T135/><D135/><U31/><E133/><V17/><F17/><N who="0" m="6730" /><D89/><U5/><E119/><N who="0" m="45609" /><D4/><U33/><E121/><V80/><F80/><W64/><G64/><T88/><D88/><U87/><E123/><V37/><F37/><W125/><G125/><T70/><D70/><U98/><E44/><AGARI ba="0,0" hai="18,22,26,40,41,44,48,54,73,79,82,86,90,95" machi="44" ten="30,1000,0" yaku="7,1" doraHai="124" who="2" fromWho="1" sc="174,0,173,-10,488,10,165,0" owari="174,-3.0,163,-34.0,498,60.0,165,-23.0" /></mjloggm>