<mjloggm ver="2.3"><GO type="41" lobby="0"/><UN n0="%E5%B0%B1%E6%B4%BB%E7%94%9F%40%E5%B7%9D%E6%9D%91%E8%BB%8D%E5%9B%A3" n1="%79%75%73%75%6B%65%6E%69" n2="%E6%AB%BB%E8%8A%B1%E9%80%B2%E7%8E%8B" n3="%66%66%32" dan="15,14,15,13" rate="2033.30,1981.74,1984.84,1837.94" sx="M,M,M,M"/><TAIKYOKU oya="0"/><INIT seed="0,0,0,3,5,94" ten="250,250,250,250" oya="0" hai0="60,7,35,117,98,59,36,9,113,85,52,132,25" hai1="83,38,87,71,16,45,46,126,111,121,5,63,17" hai2="101,37,95,119,57,90,1,97,124,70,23,76,135" hai3="61,69,39,66,88,105,56,13,43,131,26,50,42"/><T3/><D113/><U110/><E121/><V133/><F70/><W91/><G105/><T12/><D117/><U58/><E71/><V120/><F120/><W134/><G134/><N who="2" m="51209" /><F1/><W100/><G100/><T86/><D132/><U82/><E5/><V31/><F37/><W78/><G131/><T109/><D36/><U41/><E46/><V22/><F119/><W72/><G72/><T79/><D109/><N who="1" m="41483" /><E126/><V81/><F124/><W20/><G78/><T19/><D79/><N who="1" m="46559" /><E83/><V128/><F128/><W92/><G69/><T104/><D25/><U102/><E102/><V77/><F57/><W14/><G39/><T29/><D29/><U28/><E28/><V30/><F30/><W65/><G65/><AGARI ba="0,0" hai="16,17,38,41,45,58,63,65" m="46559,41483" machi="65" ten="30,2000,0" yaku="14,1,54,1" doraHai="94" who="1" fromWho="3" sc="250,0,250,20,250,0,250,-20" /><INIT seed="1,0,0,2,3,111" ten="250,270,250,230" oya="1" hai0="123,36,109,99,50,117,60,38,6,81,129,78,32" hai1="108,58,80,27,20,34,40,94,5,12,135,13,48" hai2="43,39,76,37,125,29,134,46,87,86,119,47,106" hai3="69,124,49,8,55,16,9,75,24,79,92,59,122"/><U56/><E34/><V61/><F106/><W101/><G122/><T45/><D32/><U15/><E135/><V77/><F119/><W83/><G69/><T133/><D117/><U54/><E108/><V52/><F134/><W110/><G110/><T128/><D123/><U107/><E107/><V113/><F125/><W42/><G124/><T88/><D109/><U4/><E40/><V82/><F29/><W112/><G112/><T115/><D133/><U132/><E132/><V85/><F113/><W105/><G105/><T22/><D6/><U96/><E58/><V2/><F2/><W67/><G67/><T68/><D22/><U25/><E80/><V93/><F93/><W53/><G42/><T97/><D60/><U11/><E5/><V1/><F1/><W131/><G131/><N who="0" m="50251" /><D68/><U90/><REACH who="1" step="1"/><E27/><REACH who="1" ten="250,260,250,230" step="2"/><V33/><F33/><W98/><G24/><T114/><D38/><U30/><AGARI ba="0,1" hai="4,11,12,13,15,20,25,30,48,54,56,90,94,96" machi="30" ten="20,12000,1" yaku="1,1,2,1,0,1,7,1,8,1,53,0" doraHai="111" doraHaiUra="70" who="1" fromWho="1" sc="250,-40,260,130,250,-40,230,-40" /><INIT seed="1,1,0,0,4,12" ten="210,390,210,190" oya="1" hai0="11,44,32,34,133,54,135,70,120,84,0,42,108" hai1="65,111,74,37,43,64,76,16,82,30,53,126,6" hai2="52,33,7,8,110,19,68,90,99,127,97,104,101" hai3="106,93,134,95,1,129,73,22,112,103,89,83,40"/><U92/><E30/><V113/><F110/><W88/><G112/><T60/><D108/><U87/><E6/><V15/><F68/><W80/><G1/><T79/><D120/><U14/><E111/><V124/><F33/><W23/><G40/><T27/><D0/><U31/><E31/><V81/><F113/><W47/><G47/><T57/><D70/><U86/><E126/><N who="2" m="48171" /><F52/><W45/><G45/><T121/><D121/><U18/><E37/><V109/><F109/><W2/><G2/><T116/><D116/><U61/><E43/><V75/><F97/><W114/><G114/><T119/><D11/><U131/><E74/><V36/><F36/><W118/><G118/><T128/><D27/><U125/><E14/><V72/><F7/><W3/><G3/><T100/><D100/><U48/><E125/><V115/><F115/><W91/><G134/><N who="0" m="51211" /><D128/><U67/><E61/><V41/><F41/><W77/><G129/><T66/><D119/><U107/><E107/><V25/><F25/><W49/><G49/><N who="0" m="26775" /><D66/><U122/><E122/><V38/><F38/><W20/><REACH who="3" step="1"/><G83/><AGARI ba="1,0" hai="32,34,54,57,60,79,83,84" m="26775,51211" machi="83" ten="30,1000,0" yaku="20,1" doraHai="12" who="0" fromWho="3" sc="210,13,390,0,210,0,190,-13" /><INIT seed="2,0,0,1,0,61" ten="223,390,210,177" oya="2" hai0="45,97,39,5,41,32,19,86,53,56,27,14,36" hai1="43,109,40,57,72,0,94,112,11,18,6,29,76" hai2="102,127,7,114,110,106,123,79,125,2,121,15,24" hai3="16,49,9,101,130,95,62,34,33,134,38,99,107"/><V88/><F2/><W104/><G38/><T4/><D39/><U126/><E112/><V46/><F114/><W111/><G111/><T58/><D58/><U81/><E109/><V77/><F110/><W115/><G115/><T8/><D97/><U12/><E126/><N who="2" m="48139" /><F24/><W108/><G108/><T129/><D129/><U85/><E29/><V89/><F46/><W23/><G130/><T28/><REACH who="0" step="1"/><D86/><REACH who="0" ten="213,390,210,177" step="2"/><U55/><E85/><V83/><F121/><W59/><G99/><T48/><AGARI ba="0,1" hai="4,5,8,14,19,27,28,32,36,41,45,48,53,56" machi="48" ten="20,8000,1" yaku="1,1,2,1,0,1,7,1,53,1" doraHai="61" doraHaiUra="37" who="0" fromWho="0" sc="213,90,390,-20,210,-40,177,-20" /><INIT seed="3,0,0,4,3,68" ten="303,370,170,157" oya="3" hai0="114,119,10,67,110,97,44,77,43,101,84,21,35" hai1="72,31,93,135,56,115,89,81,1,17,132,32,13" hai2="33,96,83,2,57,62,87,99,69,25,22,130,120" hai3="42,30,118,4,107,129,90,82,9,37,70,45,134"/><W20/><G118/><T34/><D119/><U113/><E1/><V5/><F33/><W29/><G70/><T106/><D67/><U91/><E56/><V124/><F69/><W103/><G134/><N who="1" m="51242" /><E31/><V60/><F124/><W100/><G129/><T26/><D114/><U65/><E32/><V41/><F130/><W23/><G107/><T63/><D63/><U108/><E65/><V94/><F41/><W58/><G58/><T86/><D110/><U61/><E61/><V88/><F2/><W47/><G47/><T0/><D35/><U27/><E27/><V74/><F5/><W54/><G54/><T14/><D34/><U131/><E108/><V73/><F120/><W95/><G82/><T28/><D77/><N who="1" m="44199" /><E131/><V98/><F83/><W117/><G117/><T46/><D46/><U79/><E79/><V3/><F3/><W15/><G30/><T122/><D0/><U105/><E105/><V49/><F49/><W7/><G7/><T53/><D53/><U121/><E121/><V66/><REACH who="2" step="1"/><F60/><REACH who="2" ten="303,370,160,157" step="2"/><W36/><G42/><T16/><D122/><U18/><E115/><V75/><F75/><W78/><G4/><T52/><D52/><U128/><E128/><V11/><F11/><W102/><G9/><T85/><D43/><U38/><E113/><V92/><F92/><W12/><G95/><T125/><D44/><U126/><E126/><V104/><F104/><W51/><G45/><T39/><D125/><U59/><E93/><V133/><F133/><W24/><G78/><T6/><D6/><U112/><E112/><V109/><F109/><W8/><G8/><RYUUKYOKU ba="0,1" sc="303,15,370,-15,160,15,157,-15" hai0="10,14,16,21,26,28,39,84,85,86,97,101,106" hai2="22,25,57,62,66,73,74,87,88,94,96,98,99" /><INIT seed="4,1,1,5,3,99" ten="318,355,175,142" oya="0" hai0="69,53,82,92,9,113,24,20,115,133,116,76,35" hai1="50,73,55,14,4,110,83,21,127,18,5,58,96" hai2="111,64,46,126,103,26,74,107,129,79,106,100,132" hai3="114,122,43,40,2,123,120,60,77,68,75,31,41"/><T11/><D69/><U101/><E110/><V13/><F111/><W90/><G2/><T61/><D35/><U104/><REACH who="1" step="1"/><E127/><REACH who="1" ten="318,345,175,142" step="2"/><V86/><F126/><W15/><G114/><N who="0" m="43531" /><D116/><U62/><E62/><V121/><F121/><W87/><G60/><T36/><D133/><U130/><E130/><V65/><F129/><W134/><G134/><T118/><D118/><U49/><E49/><V59/><F132/><W128/><G128/><T6/><D36/><U12/><E12/><V0/><F13/><W89/><G15/><T95/><D61/><U30/><E30/><V78/><F0/><W131/><G31/><N who="0" m="17799" /><D53/><U119/><E119/><V23/><F26/><W125/><G131/><T48/><D48/><U91/><E91/><V112/><F112/><W3/><G125/><T84/><D6/><U33/><E33/><V85/><F65/><W32/><G3/><T51/><D51/><U67/><E67/><V124/><F64/><W57/><G32/><T1/><D1/><U72/><E72/><V47/><F124/><W97/><G75/><T39/><D39/><U70/><E70/><V102/><F74/><W7/><G68/><T45/><D45/><U27/><E27/><V108/><F108/><W10/><G7/><T17/><D17/><U44/><E44/><V109/><F109/><W37/><G37/><T28/><D28/><U42/><E42/><V19/><F19/><W105/><G122/><T80/><D80/><U88/><E88/><V66/><F66/><W71/><G120/><T93/><AGARI ba="1,2" hai="9,11,76,82,84,92,93,95" m="17799,43531" machi="93" ten="30,1500,0" yaku="15,1" doraHai="99" who="0" fromWho="0" sc="318,38,345,-6,175,-6,142,-6" /><INIT seed="4,2,0,5,4,11" ten="356,339,169,136" oya="0" hai0="121,87,46,59,44,110,36,95,15,113,39,78,133" hai1="56,65,10,18,21,99,116,37,81,34,117,9,17" hai2="108,28,68,6,119,32,73,26,5,111,67,102,55" hai3="132,61,41,130,105,35,85,40,128,50,82,70,84"/><T64/><D121/><U97/><E37/><V53/><F73/><W23/><G35/><T69/><D69/><U125/><E34/><V106/><F119/><W118/><G118/><T77/><D110/><N who="2" m="42026" /><F106/><W58/><G105/><T126/><D126/><U49/><E125/><V93/><F93/><W45/><G132/><T131/><D113/><U135/><E135/><V79/><F79/><W90/><G70/><T76/><D131/><N who="3" m="50217" /><G85/><T120/><D120/><U29/><E81/><V94/><F94/><W100/><G100/><T75/><D133/><U8/><E65/><V115/><F102/><W60/><G23/><T104/><D104/><U42/><E42/><V47/><F47/><W72/><G72/><T1/><D1/><U57/><E49/><V103/><F103/><W62/><G40/><T2/><D2/><U48/><E48/><V71/><F53/><AGARI ba="2,0" hai="41,45,50,53,58,60,61,62,82,84,90" m="50217" machi="53" ten="30,1000,0" yaku="19,1" doraHai="11" who="3" fromWho="2" sc="356,0,339,0,169,-16,136,16" /><INIT seed="5,0,0,0,0,8" ten="356,339,153,152" oya="1" hai0="113,61,127,118,101,99,112,41,92,122,5,121,55" hai1="9,52,47,35,56,1,26,97,31,66,83,89,28" hai2="81,54,85,6,87,103,135,102,126,27,100,104,117" hai3="42,14,48,120,111,21,29,38,125,77,95,19,7"/><U119/><E119/><V73/><F117/><W0/><G111/><T11/><D118/><U106/><E28/><V10/><F126/><W124/><G120/><N who="0" m="46187" /><D41/><U130/><E130/><V34/><F135/><W90/><G38/><T50/><D61/><U15/><E1/><V62/><F104/><W51/><G77/><T98/><D98/><U91/><E66/><V110/><F110/><W18/><G29/><T128/><D128/><U20/><E47/><V22/><F34/><W68/><G68/><T53/><D127/><N who="3" m="48713" /><G42/><T134/><D134/><U96/><E35/><V40/><F40/><W86/><G0/><N who="0" m="423" /><D53/><U131/><E131/><V23/><F73/><W93/><G7/><T82/><D82/><U57/><E106/><V24/><F24/><N who="3" m="14391" /><G93/><T63/><D63/><N who="1" m="36231" /><E57/><AGARI ba="0,0" hai="50,55,57,92,99,101,112,113" m="423,46187" machi="57" ten="30,1000,0" yaku="13,1" doraHai="8" who="0" fromWho="1" sc="356,10,339,-10,153,0,152,0" /><INIT seed="6,0,0,4,3,134" ten="366,329,153,152" oya="2" hai0="28,124,56,122,2,83,90,54,93,127,69,130,34" hai1="24,51,4,9,23,31,40,96,29,80,118,116,1" hai2="50,12,86,92,73,39,17,99,135,48,7,75,19" hai3="85,21,121,15,18,6,102,45,109,68,44,26,128"/><V16/><F39/><W115/><G109/><T27/><D69/><U131/><E96/><V114/><F135/><W52/><G121/><T3/><D122/><U94/><E94/><V119/><F119/><W74/><G74/><T72/><D72/><U25/><E80/><V43/><F114/><W64/><G115/><T59/><D83/><U66/><E66/><V82/><F73/><W63/><G128/><T5/><D130/><U106/><E106/><V46/><F75/><W37/><G102/><T41/><D41/><U100/><E100/><N who="2" m="60519" /><F7/><W105/><G105/><T113/><D113/><U91/><E91/><N who="2" m="51671" /><F50/><W107/><G107/><T33/><D33/><N who="1" m="20647" /><E51/><V88/><F88/><W20/><G85/><T0/><D5/><U120/><E40/><V47/><F47/><W30/><G6/><T60/><REACH who="0" step="1"/><D56/><REACH who="0" ten="356,329,153,152" step="2"/><U10/><E120/><V133/><F133/><W58/><REACH who="3" step="1"/><G37/><REACH who="3" ten="356,329,153,142" step="2"/><T65/><D65/><U14/><E131/><V77/><F77/><W126/><G126/><T81/><D81/><U125/><E125/><V67/><F67/><W97/><G97/><AGARI ba="0,2" hai="0,2,3,27,28,34,54,59,60,90,93,97,124,127" machi="97" ten="40,5200,0" yaku="1,1,52,2,53,0" doraHai="134" doraHaiUra="36" who="0" fromWho="3" sc="356,72,329,0,153,0,142,-52" /><INIT seed="7,0,0,5,0,89" ten="428,329,153,90" oya="3" hai0="12,124,85,96,132,119,17,14,66,23,56,28,101" hai1="107,55,72,76,118,134,44,135,122,5,11,63,86" hai2="77,22,74,102,15,21,40,33,31,133,127,19,104" hai3="58,6,112,9,36,129,75,80,108,68,51,93,83"/><W38/><G68/><T4/><D119/><U18/><E72/><V13/><F40/><W47/><G108/><T73/><D73/><U30/><E122/><V120/><F74/><W126/><G112/><T27/><D124/><U52/><E107/><V46/><F77/><W34/><G34/><T98/><D132/><U71/><E118/><V111/><F46/><W39/><G126/><T24/><D85/><U60/><E30/><V115/><F104/><W84/><G129/><T97/><D12/><U42/><E18/><V106/><F106/><W48/><G75/><T105/><D4/><U87/><E76/><V100/><F111/><W95/><G58/><T79/><D27/><U41/><E5/><V99/><F127/><W117/><G117/><T123/><D79/><U61/><E11/><V8/><F115/><W25/><G25/><T29/><D29/><U103/><E103/><N who="2" m="39467" /><F120/><W114/><G114/><T1/><D1/><U7/><E7/><N who="2" m="3231" /><F99/><W92/><G84/><N who="1" m="32298" /><E44/><V90/><F133/><N who="1" m="50697" /><E71/><V35/><F90/><W81/><REACH who="3" step="1"/><G47/><REACH who="3" ten="428,329,153,80" step="2"/><T26/><D26/><U49/><E49/><V65/><F33/><W45/><G45/><T59/><D123/><U20/><E20/><V88/><F35/><W62/><G62/><T43/><D59/><U50/><E50/><V130/><F22/><W70/><G70/><T109/><D56/><U10/><E10/><V64/><F21/><W2/><AGARI ba="0,1" hai="2,6,9,36,38,39,48,51,80,81,83,92,93,95" machi="2" ten="40,18000,2" yaku="1,1,0,1,29,2,52,3,53,0" doraHai="89" doraHaiUra="57" who="3" fromWho="3" sc="428,-60,329,-60,153,-60,80,190" /><INIT seed="7,1,0,3,2,20" ten="368,269,93,270" oya="3" hai0="42,23,17,121,38,127,105,14,22,124,51,48,62" hai1="30,98,27,103,49,115,100,117,39,3,13,102,1" hai2="21,28,63,25,57,135,86,122,133,120,2,119,77" hai3="82,89,129,114,55,34,41,60,96,35,69,118,93"/><W104/><G118/><T73/><D105/><U72/><E39/><V58/><F77/><W11/><G114/><T56/><D73/><U16/><E72/><V99/><F99/><W43/><G129/><T59/><D121/><N who="2" m="46698" /><F86/><W79/><G104/><T68/><D68/><U71/><E71/><V125/><F63/><W101/><G11/><T80/><D80/><U29/><E117/><V75/><F75/><W92/><G34/><T26/><D38/><U94/><E115/><V95/><F95/><W36/><G35/><T76/><D76/><U74/><E74/><V45/><F45/><W113/><G113/><T106/><D106/><U33/><E49/><N who="0" m="19017" /><D42/><U110/><E110/><V47/><F47/><W97/><G36/><T78/><D78/><U50/><E50/><V85/><F85/><N who="3" m="48351" /><G69/><T91/><D91/><U66/><E66/><V7/><F57/><AGARI ba="1,0" hai="41,43,55,57,60,89,92,93,96,97,101" m="48351" machi="57" ten="30,1500,0" yaku="8,1" doraHai="20" who="3" fromWho="2" sc="368,0,269,0,93,-18,270,18" /><INIT seed="7,2,0,3,3,121" ten="368,269,75,288" oya="3" hai0="25,124,64,92,53,32,48,13,12,1,127,27,62" hai1="8,122,51,46,111,69,10,5,70,82,18,78,126" hai2="116,11,52,9,28,107,65,42,72,113,97,55,89" hai3="123,102,83,40,3,108,80,26,125,6,38,60,135"/><W35/><G123/><T134/><D134/><U96/><E122/><V68/><F113/><W50/><G135/><T47/><D1/><U110/><E96/><V17/><F116/><W54/><G38/><T133/><D133/><U109/><E126/><N who="0" m="48169" /><D92/><U61/><E18/><V36/><F72/><W22/><G35/><T93/><D93/><U132/><E132/><V118/><F118/><W7/><G125/><T45/><D45/><U2/><E10/><V71/><F28/><W49/><G108/><T130/><D130/><U131/><E131/><V74/><F74/><W99/><G3/><T19/><D32/><U128/><E128/><V119/><F119/><W37/><G37/><T56/><D13/><U115/><E115/><V23/><F107/><W105/><G60/><T73/><D73/><U57/><E78/><V63/><F97/><W98/><G98/><T76/><D76/><U86/><E86/><V34/><F34/><W30/><G40/><T39/><D39/><U90/><E90/><V24/><F89/><W58/><REACH who="3" step="1"/><G50/><REACH who="3" ten="368,269,75,278" step="2"/><T114/><D114/><U59/><E82/><AGARI ba="2,1" hai="6,7,22,26,30,49,54,58,80,82,83,99,102,105" machi="82" ten="40,3900,0" yaku="1,1,2,1,53,0" doraHai="121" doraHaiUra="104" who="3" fromWho="1" sc="368,0,269,-45,75,0,278,55" /><INIT seed="7,3,0,2,5,16" ten="368,224,75,333" oya="3" hai0="48,30,118,70,14,87,119,10,135,45,59,56,104" hai1="29,83,112,111,127,18,95,21,2,4,23,5,61" hai2="113,46,80,101,98,82,63,32,67,117,76,44,13" hai3="8,93,108,109,86,25,41,55,74,72,78,52,77"/><W38/><G38/><T107/><D70/><U53/><E83/><V62/><F113/><W15/><G41/><T17/><D135/><U89/><E111/><N who="3" m="42570" /><G25/><T43/><D30/><U116/><E112/><V132/><F117/><W120/><G120/><T115/><D115/><U47/><E116/><V91/><F132/><W65/><G65/><T125/><D125/><U3/><E127/><V134/><F134/><W37/><G37/><T50/><D118/><U33/><E89/><V66/><F32/><W40/><G40/><T79/><D119/><U36/><E95/><V81/><F91/><N who="3" m="53495" /><G78/><T22/><D107/><U84/><E84/><V99/><F13/><W69/><G69/><T124/><D104/><U75/><E75/><N who="3" m="28714" /><G77/><T39/><D124/><U12/><E61/><N who="2" m="23051" /><F101/><W49/><G49/><T131/><D131/><U133/><E47/><N who="2" m="17963" /><F76/><W71/><G71/><T9/><D39/><U28/><E53/><V88/><F88/><W122/><G122/><T1/><D1/><N who="1" m="11" /><E36/><V58/><F58/><N who="0" m="22058" /><D50/><U128/><E133/><V31/><F31/><N who="1" m="11849" /><E128/><V130/><F130/><W103/><G103/><T106/><D106/><U0/><E33/><V85/><F85/><W34/><G34/><T97/><D97/><U27/><E0/><V129/><F129/><W24/><G24/><T57/><D57/><U42/><E42/><V96/><AGARI ba="3,0" hai="66,67,80,81,82,96,98,99" m="17963,23051" machi="96" ten="40,5200,0" yaku="28,2,8,1" doraHai="16" who="2" fromWho="2" sc="368,-16,224,-16,75,61,333,-29" owari="352,45.0,208,-19.0,136,-36.0,304,10.0" /></mjloggm>