<mjloggm ver="2.3"><GO type="225" lobby="0"/><UN n0="%E3%83%88%E3%83%88%E3%83%AA%E5%85%88%E7%94%9F%31%39%E6%AD%B3" n1="%E6%A9%8B%E6%9C%AC%E5%8D%83%E5%85%89%E5%B9%B4" n2="%E3%82%AB%E3%83%9C%E3%83%81%E3%83%A3%E3%82%BF%E3%83%8D" n3="%E7%8E%A9%E5%80%8B%4A%42" dan="17,16,16,17" rate="2239.63,2172.89,2094.03,2186.40" sx="F,M,M,M"/><TAIKYOKU oya="0"/><INIT seed="0,0,0,3,1,112" ten="250,250,250,250" oya="0" hai0="5,109,46,81,74,21,92,48,70,111,66,96,11" hai1="67,33,128,56,58,61,84,87,1,107,64,101,49" hai2="135,121,55,27,36,15,20,14,10,132,134,31,57" hai3="8,26,16,108,65,102,100,76,42,106,40,24,38"/><T123/><D123/><U4/><E33/><V104/><F121/><W43/><G38/><T59/><D70/><U68/><E68/><V99/><F36/><W2/><G108/><N who="0" m="41547" /><D21/><U45/><E128/><V47/><F47/><W83/><G65/><T110/><N who="0" m="41555" /><T129/><DORA hai="7" /><D129/><U6/><E107/><V120/><F120/><W91/><G91/><N who="0" m="55327" /><D66/><U113/><E101/><N who="3" m="39018" /><G106/><T125/><D59/><U53/><E113/><V35/><F104/><W51/><G2/><N who="0" m="439" /><D125/><U86/><E1/><V114/><F114/><W98/><G98/><T0/><D0/><U124/><E124/><V34/><F99/><W63/><G63/><AGARI ba="0,0" hai="4,6,45,49,53,56,58,61,63,64,67,84,86,87" machi="63" ten="40,2600,0" yaku="9,1,8,1" doraHai="112,7" who="1" fromWho="3" sc="250,0,250,26,250,0,250,-26" /><INIT seed="1,0,0,0,1,66" ten="250,276,250,224" oya="1" hai0="28,67,3,84,47,117,43,124,92,51,62,99,128" hai1="127,129,37,80,132,41,114,70,58,17,102,45,6" hai2="2,96,25,24,121,44,115,97,122,15,5,88,61" hai3="89,16,112,110,104,50,82,49,71,33,116,93,48"/><U65/><E114/><V109/><F2/><W35/><G112/><T103/><D117/><U100/><E6/><V13/><F115/><W91/><G104/><T14/><D3/><U130/><E127/><V68/><F44/><W69/><G116/><T125/><D128/><N who="1" m="49259" /><E132/><V59/><F59/><W38/><G38/><T30/><D14/><U123/><E123/><V118/><F118/><W29/><G110/><T87/><D87/><U72/><E58/><V119/><F119/><W9/><G82/><T54/><D43/><U36/><E17/><V101/><F101/><N who="1" m="39017" /><E37/><V53/><F109/><W56/><G56/><N who="0" m="37319" /><D84/><U20/><E20/><V76/><F5/><W94/><G29/><N who="0" m="11371" /><D125/><U74/><E80/><V113/><F113/><W63/><G63/><AGARI ba="0,0" hai="36,41,45,63,65,70,72,74" m="39017,49259" machi="63" ten="30,2900,0" yaku="19,1,52,1" doraHai="66" who="1" fromWho="3" sc="250,0,276,29,250,0,224,-29" /><INIT seed="1,1,0,3,2,41" ten="250,305,250,195" oya="1" hai0="2,3,45,102,23,9,6,49,81,29,54,48,78" hai1="110,106,60,42,14,98,26,50,57,97,8,18,17" hai2="108,94,10,64,21,59,68,133,84,125,93,71,96" hai3="135,86,46,39,115,37,105,122,88,79,129,55,44"/><U61/><E110/><V4/><F133/><W130/><G135/><T33/><D33/><U85/><E106/><V7/><F125/><W43/><G122/><T62/><D102/><U119/><E119/><V1/><F4/><W123/><G123/><T11/><D62/><N who="1" m="24171" /><E85/><V95/><F96/><N who="1" m="36969" /><E57/><V113/><F59/><W83/><G105/><T104/><D104/><U118/><E118/><V99/><F84/><W47/><G115/><T120/><D120/><U117/><E117/><V38/><F113/><W0/><G0/><T91/><D91/><U12/><E26/><V28/><F99/><W67/><G67/><T128/><D128/><N who="3" m="49257" /><G43/><T100/><D100/><U126/><E126/><V36/><F64/><W116/><G116/><T32/><D32/><U82/><E82/><V124/><F108/><W5/><G5/><T132/><D132/><U27/><E27/><V15/><F124/><W127/><G127/><T112/><D112/><U13/><E8/><N who="0" m="3145" /><D3/><U87/><E87/><V90/><F1/><W65/><G65/><T63/><D2/><U103/><E103/><V30/><F10/><W75/><G55/><N who="0" m="30095" /><D6/><U101/><E101/><V69/><F7/><W134/><G134/><T66/><D66/><U22/><E22/><V74/><F90/><W25/><G25/><N who="0" m="16575" /><D81/><AGARI ba="1,0" hai="37,39,44,46,47,75,79,81,83,86,88" m="49257" machi="81" ten="30,8000,1" yaku="19,1,52,3,54,1" doraHai="41" who="3" fromWho="0" sc="250,-83,305,0,250,0,195,83" /><INIT seed="2,0,0,1,0,34" ten="167,305,250,278" oya="2" hai0="56,122,38,33,84,79,10,107,54,18,80,72,108" hai1="32,59,74,90,130,127,115,16,57,65,40,50,63" hai2="101,86,43,44,68,120,88,100,78,6,75,53,22" hai3="87,67,17,47,45,105,89,98,117,93,82,77,9"/><V113/><F113/><W25/><G117/><T23/><D122/><U48/><E115/><V12/><F120/><W21/><G105/><T3/><D107/><U36/><E32/><V112/><F112/><W2/><G2/><T109/><D33/><U114/><E74/><V13/><F68/><W15/><REACH who="3" step="1"/><G67/><REACH who="3" ten="167,305,250,268" step="2"/><T30/><D108/><U52/><E114/><V121/><F121/><W58/><G58/><T110/><D110/><U66/><E59/><V118/><F118/><W91/><G91/><T73/><D109/><U128/><E57/><V76/><F88/><W4/><AGARI ba="0,1" hai="4,9,15,17,21,25,45,47,77,82,87,89,93,98" machi="4" ten="20,8000,1" yaku="1,1,0,1,7,1,8,1,53,1" doraHai="34" doraHaiUra="20" who="3" fromWho="3" sc="167,-20,305,-20,250,-40,268,90" /><INIT seed="3,0,0,1,1,51" ten="147,285,210,358" oya="3" hai0="100,32,62,118,86,97,7,88,115,101,129,94,18" hai1="133,67,119,33,121,14,109,56,6,26,96,135,21" hai2="108,4,73,1,68,59,81,112,49,63,29,30,113" hai3="9,45,83,10,13,44,82,23,131,122,75,89,77"/><W37/><G122/><T42/><D118/><U52/><E121/><V41/><F108/><W38/><G131/><T134/><D32/><U128/><E109/><V78/><F68/><W116/><G116/><T74/><D74/><U15/><E119/><V85/><F73/><W60/><G60/><T69/><D129/><U22/><E128/><V61/><F1/><W50/><G45/><T55/><D134/><N who="1" m="51211" /><E67/><V111/><F111/><W16/><G38/><T8/><D115/><U35/><E96/><V117/><F117/><W132/><G37/><T106/><D42/><U91/><E91/><V0/><F49/><W90/><G90/><T71/><D18/><N who="1" m="10455" /><E15/><V58/><F41/><W48/><G89/><T40/><D40/><U25/><E6/><V76/><F4/><W54/><G13/><T80/><D101/><U39/><E39/><V3/><F81/><W43/><G83/><T57/><D80/><U103/><E103/><V79/><F79/><W95/><G77/><T17/><D17/><N who="1" m="12495" /><E26/><V93/><F93/><W84/><G95/><T104/><D104/><U5/><E5/><V130/><F130/><W102/><G102/><T123/><D123/><U28/><E28/><V11/><F85/><W27/><G84/><T126/><REACH who="0" step="1"/><D126/><REACH who="0" ten="137,285,210,358" step="2"/><U87/><E35/><V12/><F113/><W124/><G124/><T66/><D66/><U31/><E33/><V120/><F112/><W72/><G132/><T65/><D65/><U107/><E107/><V34/><F34/><W46/><G75/><T64/><D64/><U98/><E31/><N who="2" m="11787" /><F120/><W19/><G19/><T36/><D36/><RYUUKYOKU ba="0,1" sc="137,15,285,-15,210,-15,358,15" hai0="7,8,55,57,62,69,71,86,88,94,97,100,106" hai3="9,10,16,23,27,43,44,46,48,50,54,72,82" owari="152,-35.0,270,7.0,195,-20.0,383,48.0" /></mjloggm>