<mjloggm ver="2.3"><GO type="169" lobby="0"/><UN n0="%E3%83%95%E3%82%A7%E3%83%AB%E3%83%8A%E3%83%B3%E3%83%89" n1="%E5%B0%B1%E6%B4%BB%E7%94%9F%40%E5%B7%9D%E6%9D%91%E8%BB%8D%E5%9B%A3" n2="%E4%B8%8A%E6%9F%BF%E3%82%81%E3%81%90%E3%81%BF" n3="%E3%81%91%E3%82%93%31%39%37%30" dan="16,16,16,16" rate="2074.78,2061.72,2094.36,2061.55" sx="M,M,F,M"/><TAIKYOKU oya="0"/><INIT seed="0,0,0,3,3,10" ten="250,250,250,250" oya="0" hai0="125,41,24,76,131,32,111,2,18,29,62,123,104" hai1="65,44,127,8,112,16,87,126,12,11,64,59,103" hai2="71,22,134,35,33,27,106,122,84,4,23,37,116" hai3="100,93,108,79,90,97,48,130,109,85,110,60,38"/><T7/><D104/><U75/><E75/><V113/><F71/><W119/><G38/><T135/><D123/><U102/><E112/><V89/><F37/><W83/><G60/><T42/><D135/><U129/><E129/><V67/><F106/><W5/><G5/><T124/><D131/><U56/><E44/><V118/><F67/><W86/><G48/><T78/><D2/><U120/><E87/><V96/><F113/><W14/><G14/><T28/><D7/><U19/><REACH who="1" step="1"/><E12/><REACH who="1" ten="250,240,250,250" step="2"/><V74/><F84/><W46/><G46/><T82/><D125/><U21/><E21/><V20/><F74/><W58/><G130/><T25/><D124/><U15/><E15/><V3/><F122/><AGARI ba="0,1" hai="8,11,16,19,56,59,64,65,102,103,120,122,126,127" machi="122" ten="25,6400,0" yaku="1,1,22,2,54,1,53,0" doraHai="10" doraHaiUra="43" who="1" fromWho="2" sc="250,0,240,74,250,-64,250,0" /><INIT seed="1,0,0,4,3,26" ten="250,314,186,250" oya="1" hai0="69,100,98,108,45,84,118,54,97,4,77,5,58" hai1="61,86,39,73,60,128,33,120,59,76,78,72,132" hai2="34,8,102,115,1,63,83,94,18,55,17,52,135" hai3="64,95,129,71,104,109,119,11,70,13,7,42,114"/><U122/><E33/><V48/><F115/><W12/><G104/><T37/><D69/><U3/><E3/><V125/><F34/><W127/><G109/><T6/><D118/><U29/><E39/><V89/><F135/><W36/><G129/><T28/><D108/><U75/><E128/><V65/><F125/><W9/><G127/><T117/><D117/><U56/><E132/><V130/><F130/><W46/><G114/><T20/><D37/><U14/><E14/><V123/><F123/><W121/><G121/><T92/><D45/><U43/><E43/><V35/><F35/><W66/><G119/><T116/><D116/><U49/><E49/><V80/><F102/><W22/><G22/><T106/><D77/><U53/><E29/><V103/><F103/><W91/><G70/><T81/><D106/><U105/><E105/><V107/><F107/><W93/><G71/><T31/><D20/><U131/><E131/><V51/><F1/><W21/><G21/><T88/><D98/><U15/><E15/><N who="2" m="7399" /><F63/><AGARI ba="0,0" hai="4,5,6,28,31,54,58,63,81,84,88,92,97,100" machi="63" ten="40,8000,1" yaku="8,1,52,2,54,1" doraHai="26" who="0" fromWho="2" sc="250,80,314,0,186,-80,250,0" /><INIT seed="2,0,0,2,2,90" ten="330,314,106,250" oya="2" hai0="72,93,47,69,59,28,96,34,129,31,134,45,100" hai1="44,130,48,99,86,38,2,41,21,97,107,16,11" hai2="53,25,8,118,119,102,89,51,68,57,120,104,20" hai3="115,117,64,58,5,36,123,83,29,39,62,9,56"/><V79/><F120/><W70/><G117/><T63/><D69/><U127/><E130/><V15/><F79/><W111/><G123/><T125/><D129/><U6/><E127/><V113/><F113/><W76/><G29/><T30/><D125/><U40/><E107/><V43/><F68/><W108/><G115/><T54/><D34/><U82/><E41/><V26/><F26/><W131/><G131/><T112/><D112/><U126/><E38/><V66/><F66/><W133/><G133/><T33/><D33/><U23/><E23/><V17/><F43/><W46/><G58/><T103/><D134/><U98/><E126/><V7/><REACH who="2" step="1"/><F89/><REACH who="2" ten="330,314,96,250" step="2"/><W35/><G70/><T37/><D54/><U50/><E40/><V27/><F27/><W95/><G76/><T78/><D78/><U4/><E44/><V49/><F49/><W14/><G46/><T121/><D121/><U135/><E135/><V74/><F74/><W1/><G39/><T101/><D72/><U75/><E75/><V87/><F87/><W19/><G36/><T85/><D85/><U94/><E50/><V84/><F84/><W24/><G24/><T10/><D37/><U71/><E48/><V60/><F60/><W61/><G62/><T13/><D47/><U116/><E116/><V42/><F42/><W52/><G61/><T132/><D45/><U81/><E71/><V122/><F122/><W91/><G64/><N who="0" m="39039" /><D132/><U105/><E86/><V77/><F77/><W67/><G67/><T80/><D80/><U128/><E82/><V114/><F114/><W73/><G83/><T124/><D124/><RYUUKYOKU ba="0,1" sc="330,15,314,-15,96,15,250,-15" hai0="10,13,28,30,31,93,96,100,101,103" hai2="7,8,15,17,20,25,51,53,57,102,104,118,119" /><INIT seed="2,1,1,3,1,116" ten="345,299,111,235" oya="2" hai0="122,126,86,17,78,75,14,48,57,59,44,97,118" hai1="52,15,71,24,47,134,56,85,2,33,94,104,130" hai2="82,50,76,1,11,105,132,26,99,103,92,119,128" hai3="70,0,6,10,21,67,13,42,115,87,96,79,83"/><V64/><F119/><W65/><G115/><T72/><D118/><U51/><E104/><V135/><F128/><W68/><G68/><T73/><D126/><U107/><E71/><V12/><F1/><W123/><G123/><T54/><D122/><U34/><E107/><V31/><F50/><W63/><G67/><T106/><D106/><U37/><E2/><V41/><F41/><W19/><G96/><T121/><D121/><U55/><E130/><V30/><F64/><W110/><G110/><T3/><D3/><U27/><E134/><N who="2" m="51243" /><F105/><W4/><G4/><T20/><D97/><U90/><E37/><V117/><F26/><W84/><G42/><T100/><D100/><U32/><REACH who="1" step="1"/><E15/><REACH who="1" ten="345,289,111,235" step="2"/><V61/><F117/><W101/><G101/><T112/><REACH who="0" step="1"/><D112/><REACH who="0" ten="335,289,111,235" step="2"/><U108/><E108/><V131/><F131/><W23/><G0/><T124/><D124/><U113/><E113/><V29/><F29/><W111/><G111/><T35/><D35/><U98/><E98/><V43/><F31/><W53/><G87/><T8/><D8/><U66/><E66/><V25/><F30/><W36/><G84/><T77/><D77/><U7/><E7/><V80/><F76/><W60/><G79/><T89/><D89/><U45/><E45/><V93/><F99/><W127/><G127/><T18/><D18/><U81/><E81/><AGARI ba="1,3" hai="14,17,20,44,48,54,57,59,72,73,75,78,81,86" machi="81" ten="40,1300,0" yaku="1,1,53,0" doraHai="116" doraHaiUra="133" who="0" fromWho="1" sc="335,46,289,-16,111,0,235,0" /><INIT seed="3,0,0,5,2,69" ten="381,273,111,235" oya="3" hai0="56,121,20,12,134,61,95,104,83,6,129,21,99" hai1="109,110,5,19,38,98,60,62,0,31,53,102,32" hai2="64,57,24,55,115,63,2,88,126,35,58,25,90" hai3="11,112,52,42,4,113,46,116,67,65,117,29,87"/><W133/><G29/><T114/><D121/><U96/><E0/><V101/><F115/><N who="3" m="44107" /><G87/><T122/><D114/><U84/><E5/><V41/><F2/><W89/><G89/><N who="2" m="34409" /><F35/><W124/><G11/><T45/><D122/><U44/><E32/><V82/><F126/><W120/><G4/><T108/><D104/><U3/><E3/><V111/><F111/><N who="1" m="42505" /><E31/><V68/><F68/><W14/><G14/><T54/><D108/><U78/><E19/><V17/><F41/><W72/><G72/><T77/><D134/><U43/><E53/><V23/><F82/><W15/><G15/><T59/><D83/><N who="1" m="47223" /><E96/><V7/><F7/><W125/><G120/><T22/><D99/><U103/><E102/><V93/><F101/><W26/><G26/><T130/><D6/><U131/><E131/><V50/><F93/><AGARI ba="0,0" hai="38,43,44,60,62,93,98,103" m="47223,42505" machi="93" ten="30,2000,0" yaku="14,1,52,1" doraHai="69" who="1" fromWho="2" sc="381,0,273,20,111,-20,235,0" /><INIT seed="4,0,0,1,2,64" ten="381,293,91,235" oya="0" hai0="1,32,79,96,45,108,111,3,36,53,48,2,109" hai1="42,28,98,74,101,87,25,78,44,99,116,13,22" hai2="117,127,69,63,31,75,115,12,6,129,65,8,118" hai3="120,131,58,90,4,30,9,95,76,132,14,54,104"/><T113/><D32/><U94/><E74/><V61/><F75/><W26/><G104/><T40/><D113/><U119/><E99/><V106/><F106/><W34/><G132/><T73/><D96/><U11/><E87/><V59/><F129/><W126/><G126/><T52/><REACH who="0" step="1"/><D36/><REACH who="0" ten="371,293,91,235" step="2"/><U19/><E78/><V97/><F127/><W86/><G76/><T71/><D71/><U67/><E67/><V125/><F115/><W49/><G120/><T77/><D77/><U80/><E98/><V62/><F125/><W17/><G131/><T24/><D24/><U16/><E25/><V83/><F97/><W5/><AGARI ba="0,1" hai="4,5,9,14,17,26,30,34,49,54,58,86,90,95" machi="5" ten="30,1100,0" yaku="0,1" doraHai="64" who="3" fromWho="3" sc="371,-5,293,-3,91,-3,235,21" /><INIT seed="5,0,0,1,3,88" ten="366,290,88,256" oya="1" hai0="127,59,63,28,91,26,74,92,41,108,109,87,35" hai1="25,14,1,113,43,80,100,4,52,93,42,16,112" hai2="7,47,118,103,66,6,11,115,78,117,82,121,130" hai3="124,50,126,116,46,71,75,102,122,2,60,105,36"/><U3/><E80/><V12/><F121/><W20/><G2/><T98/><D74/><U57/><E25/><V48/><F130/><W114/><G75/><T133/><D133/><U101/><E4/><V79/><F115/><N who="1" m="44105" /><E3/><V67/><F117/><W27/><G114/><T32/><D32/><U65/><E65/><V107/><F118/><W95/><G36/><T135/><D135/><U29/><E29/><V119/><F119/><W38/><G38/><T44/><D87/><U17/><E17/><V110/><F110/><W56/><G71/><T64/><REACH who="0" step="1"/><D127/><REACH who="0" ten="356,290,88,256" step="2"/><U0/><E0/><V89/><F6/><W62/><G116/><T125/><D125/><U128/><E1/><V55/><F79/><W13/><G126/><T53/><D53/><U34/><E34/><V19/><F7/><W51/><G124/><T68/><D68/><U111/><E111/><V90/><F67/><W96/><G122/><T129/><D129/><U81/><E128/><V58/><F78/><W9/><G105/><T40/><D40/><U31/><E81/><V33/><F33/><W8/><G96/><T22/><D22/><N who="1" m="11543" /><E42/><V99/><F82/><W86/><G20/><T49/><AGARI ba="0,1" hai="26,28,35,41,44,49,59,63,64,91,92,98,108,109" machi="49" ten="20,5200,0" yaku="1,1,0,1,7,1,52,1,53,0" doraHai="88" doraHaiUra="77" who="0" fromWho="0" sc="356,62,290,-26,88,-13,256,-13" /><INIT seed="6,0,0,1,3,0" ten="418,264,75,243" oya="2" hai0="12,22,104,132,15,76,56,7,79,36,74,127,50" hai1="42,9,62,11,105,24,35,100,59,69,92,88,63" hai2="66,20,122,6,106,80,133,44,75,29,40,13,23" hai3="78,51,129,3,84,77,110,85,113,95,101,118,8"/><V43/><F122/><W31/><G110/><T34/><D36/><U117/><E117/><V107/><F66/><W61/><G118/><T72/><D34/><U55/><E42/><N who="2" m="15915" /><F75/><W96/><G31/><T33/><D33/><U10/><E105/><V54/><F106/><W14/><G3/><T128/><D104/><U45/><E100/><V111/><F107/><W116/><G116/><T21/><D56/><U53/><E69/><V28/><F133/><W131/><G113/><T135/><D50/><N who="1" m="28879" /><E35/><V30/><F80/><W86/><G61/><T99/><D127/><U103/><E103/><V37/><F37/><W47/><G129/><T98/><D128/><U120/><E120/><V93/><F93/><W89/><G131/><T5/><AGARI ba="0,0" hai="5,7,12,15,21,22,72,74,76,79,98,99,132,135" machi="5" ten="25,8000,1" yaku="0,1,22,2,52,2" doraHai="0" who="0" fromWho="0" sc="418,80,264,-20,75,-40,243,-20" /><INIT seed="7,0,0,0,4,53" ten="498,244,35,223" oya="3" hai0="67,120,39,109,7,36,30,33,49,126,97,11,62" hai1="90,18,66,68,60,99,106,71,15,101,95,76,26" hai2="56,38,43,79,4,100,28,65,122,57,83,78,121" hai3="74,51,12,88,16,17,70,50,94,13,55,24,119"/><W85/><G70/><T10/><D109/><U75/><E75/><V41/><F65/><W113/><G119/><T115/><D126/><U105/><E76/><N who="2" m="29227" /><F83/><W35/><G113/><T80/><D120/><N who="2" m="46186" /><F100/><W89/><G74/><T130/><D130/><U9/><E26/><V77/><N who="2" m="29235" /><V22/><DORA hai="92" /><F4/><W114/><G114/><T93/><D11/><U103/><E103/><V8/><F8/><W54/><G35/><T111/><D111/><U81/><E71/><V34/><F34/><W72/><G72/><T135/><D135/><U1/><E1/><V73/><F73/><W31/><G31/><T91/><D33/><U118/><E118/><V128/><F38/><W124/><G124/><T127/><D127/><U123/><E123/><V44/><F44/><N who="3" m="27975" /><G89/><T117/><D117/><U133/><E133/><V104/><F28/><W108/><G108/><T64/><D30/><U6/><E6/><V29/><F29/><W45/><G17/><T20/><D115/><U40/><E40/><N who="2" m="15435" /><F104/><W102/><G102/><T58/><D39/><U52/><E52/><V107/><F107/><W27/><G13/><T2/><D36/><U61/><E61/><V37/><F37/><W96/><G85/><T19/><D19/><U25/><E25/><V82/><F128/><W46/><G46/><T110/><D110/><U14/><E14/><V59/><F82/><W132/><G132/><T112/><D91/><U63/><E63/><V3/><F3/><W116/><G116/><T0/><D0/><U21/><E9/><AGARI ba="0,0" hai="9,12,16,24,27,45,51,55,88,94,96" m="27975" machi="9" ten="30,11600,0" yaku="8,1,52,1,54,2" doraHai="53,92" who="3" fromWho="1" sc="498,0,244,-116,35,0,223,116" /><INIT seed="7,1,0,4,4,16" ten="498,128,35,339" oya="3" hai0="97,50,98,118,58,42,93,3,10,24,8,9,67" hai1="33,133,100,61,17,38,110,74,81,86,108,34,128" hai2="32,19,109,0,120,44,1,114,65,71,40,87,28" hai3="5,83,26,52,122,89,119,31,12,60,88,113,62"/><W6/><G119/><T102/><D3/><U13/><E38/><V14/><F109/><W72/><G122/><T75/><D75/><U134/><E74/><V103/><F87/><W20/><G113/><T7/><D24/><U125/><E125/><V99/><F114/><W78/><G62/><N who="0" m="38359" /><D98/><U55/><E128/><V11/><F120/><W121/><G121/><T64/><D64/><U53/><E100/><V41/><F41/><W25/><G25/><T107/><D107/><U46/><E34/><V49/><F65/><W124/><G124/><T111/><D111/><U47/><E33/><V56/><F56/><W90/><REACH who="3" step="1"/><G12/><REACH who="3" ten="498,128,35,329" step="2"/><T129/><D118/><U29/><E110/><V15/><F15/><W51/><G51/><T85/><D50/><U18/><E13/><V69/><F0/><W135/><G135/><T132/><D132/><U123/><E108/><V94/><F1/><W73/><G73/><T59/><D129/><U82/><E123/><V4/><F69/><W101/><G101/><T63/><D63/><U48/><E61/><V112/><F71/><W22/><G22/><T106/><D102/><U127/><E127/><V77/><F112/><W35/><G35/><T23/><D23/><U57/><E48/><V43/><F32/><W36/><G36/><T79/><D10/><U84/><E29/><V104/><F43/><W95/><G95/><T126/><D9/><U76/><E133/><V70/><F28/><W115/><G115/><T116/><D8/><U92/><E134/><V91/><F70/><W27/><G27/><T39/><D93/><U66/><E92/><RYUUKYOKU ba="1,1" sc="498,-10,128,-10,35,-10,329,30" hai3="5,6,20,26,31,52,60,72,78,83,88,89,90" /><INIT seed="7,2,1,5,3,105" ten="488,118,25,359" oya="3" hai0="66,96,34,12,77,24,123,121,100,101,49,80,111" hai1="54,59,127,50,71,55,118,31,115,109,30,70,95" hai2="83,74,44,92,114,9,129,43,57,107,76,33,0" hai3="119,130,38,53,4,2,48,134,26,102,37,45,89"/><W22/><G119/><T135/><D111/><U41/><E109/><V17/><F114/><W133/><G102/><T61/><D135/><N who="3" m="51721" /><G130/><T47/><D101/><U91/><E118/><V132/><F132/><W63/><G89/><T87/><D12/><U52/><E71/><V20/><F129/><W78/><G78/><T99/><D99/><N who="1" m="57855" /><E70/><V113/><F113/><W82/><G82/><T117/><D117/><U28/><E115/><V75/><F57/><N who="3" m="35247" /><G4/><T8/><D100/><U79/><E127/><V69/><F69/><W73/><G73/><T23/><D77/><U14/><E79/><V42/><F42/><N who="3" m="24631" /><G2/><T19/><D80/><U84/><E84/><N who="2" m="48231" /><F107/><W88/><G88/><T39/><D87/><U128/><E128/><V40/><F33/><W104/><G104/><T97/><D34/><U67/><E67/><V35/><F35/><W10/><G10/><T81/><D8/><U25/><E41/><V32/><F32/><W116/><G116/><T103/><D103/><U5/><E50/><N who="2" m="26887" /><F43/><W93/><G93/><T46/><D81/><U16/><E59/><V125/><F92/><W72/><G72/><N who="2" m="27689" /><F125/><W106/><G106/><T126/><D126/><U51/><E51/><V110/><F110/><W15/><G15/><T18/><D97/><U62/><E62/><V131/><F131/><W94/><G94/><T98/><D98/><U13/><E5/><N who="2" m="1191" /><F17/><AGARI ba="2,1" hai="17,22,26,37,38" m="24631,35247,51721" machi="17" ten="30,1500,0" yaku="20,1" doraHai="105" who="3" fromWho="2" sc="488,0,118,0,25,-21,359,31" /><INIT seed="7,3,0,3,0,14" ten="488,118,4,390" oya="3" hai0="26,84,20,81,48,90,34,52,60,73,54,9,87" hai1="28,92,119,0,51,83,22,8,1,47,72,13,18" hai2="80,5,2,21,114,109,104,123,135,66,134,35,64" hai3="111,33,23,53,62,131,76,108,133,68,39,29,24"/><W25/><G39/><T117/><D117/><U11/><E119/><V27/><F104/><W45/><G133/><N who="2" m="50697" /><F80/><W36/><G131/><T106/><D73/><U55/><E72/><V122/><F109/><W86/><G76/><T63/><D34/><U105/><E105/><V43/><F114/><W82/><G68/><T50/><D106/><U71/><E71/><V113/><F113/><W74/><G74/><T15/><D87/><U126/><E126/><V40/><F35/><W116/><G116/><T132/><D132/><U37/><E37/><V12/><F2/><W97/><G97/><T130/><D130/><U17/><E83/><V127/><F5/><W44/><G62/><N who="0" m="23595" /><D50/><U107/><E107/><V32/><F12/><W19/><G53/><T70/><D48/><U16/><E92/><V89/><F89/><N who="3" m="51415" /><G36/><T93/><D70/><U120/><E120/><N who="2" m="46123" /><F32/><W103/><G103/><T95/><D95/><U98/><E98/><V121/><N who="2" m="46131" /><V4/><DORA hai="58" /><F4/><W101/><G101/><T94/><D94/><U118/><E118/><V75/><F75/><W99/><G99/><T59/><D93/><U46/><E0/><V124/><F127/><W31/><G31/><T85/><D85/><U96/><E1/><V38/><F124/><W88/><G88/><T110/><D90/><U78/><E78/><V77/><F77/><W69/><G69/><T61/><D81/><U65/><E96/><V102/><F102/><W3/><G3/><T115/><D115/><U129/><E129/><V79/><F79/><W42/><G42/><N who="2" m="15913" /><F38/><W91/><G91/><T41/><D84/><RYUUKYOKU ba="3,0" sc="488,-15,118,-15,4,15,390,15" hai2="21,27,64,66" hai3="19,23,24,25,29,33,44,45,108,111" /><INIT seed="7,4,0,3,0,83" ten="473,103,19,405" oya="3" hai0="48,25,113,69,76,60,116,68,15,107,43,108,127" hai1="114,94,46,8,61,0,75,49,71,112,118,80,110" hai2="35,65,92,81,24,102,89,73,74,90,85,129,34" hai3="33,111,37,131,134,45,72,55,126,36,70,87,109"/><W53/><G72/><N who="2" m="27753" /><F24/><W79/><G33/><T10/><D108/><N who="3" m="41545" /><G134/><T6/><D116/><U22/><E110/><V4/><F65/><W132/><G132/><T58/><D107/><U29/><E118/><V130/><F4/><W120/><G120/><T62/><D127/><U57/><E71/><V13/><F13/><W95/><G126/><T9/><D113/><N who="1" m="43627" /><E8/><V67/><F67/><W23/><G131/><N who="2" m="50185" /><F34/><W128/><G128/><T59/><D76/><N who="1" m="44063" /><E0/><V42/><F42/><N who="3" m="22727" /><G37/><T117/><D117/><U28/><E22/><V47/><F47/><W18/><G70/><T27/><D43/><N who="1" m="24799" /><E94/><V51/><F51/><W32/><G32/><T54/><D48/><U97/><E97/><N who="2" m="59687" /><F35/><W12/><G79/><AGARI ba="4,0" hai="79,81,85,89,90" m="59687,50185,27753" machi="79" ten="30,7700,0" yaku="19,1,34,2,52,1" doraHai="83" who="2" fromWho="3" sc="473,0,103,0,19,89,405,-89" owari="473,57.0,103,-40.0,108,-29.0,316,12.0" /></mjloggm>