<mjloggm ver="2.3"><GO type="169" lobby="0"/><UN n0="%72%76%70" n1="%E3%83%88%E3%83%88%E3%83%AA%E5%85%88%E7%94%9F%31%39%E6%AD%B3" n2="%E3%81%93%E3%81%BE%E3%81%A1" n3="%E4%B8%A6%E3%81%BF%E3%81%AE%E7%AB%9C" dan="16,18,16,16" rate="2119.97,2186.25,2054.94,2158.79" sx="M,F,M,M"/><TAIKYOKU oya="0"/><INIT seed="0,0,0,2,3,30" ten="250,250,250,250" oya="0" hai0="6,61,109,77,25,69,112,26,100,111,80,57,79" hai1="59,66,56,93,20,60,68,0,106,83,63,7,13" hai2="132,35,113,116,27,53,131,105,72,15,16,126,110" hai3="90,124,120,34,133,11,22,91,78,3,127,14,70"/><T125/><D112/><U23/><E106/><V32/><RYUUKYOKU type="yao9" ba="0,0" sc="250,0,250,0,250,0,250,0" hai2="15,16,27,32,35,53,72,105,110,113,116,126,131,132" /><INIT seed="0,1,0,0,1,67" ten="250,250,250,250" oya="0" hai0="19,7,120,127,62,108,45,115,81,12,43,88,96" hai1="36,111,37,134,85,60,103,75,92,74,125,33,53" hai2="77,40,109,9,113,100,123,6,35,2,78,132,5" hai3="32,82,50,16,93,116,49,107,126,79,124,69,121"/><T23/><D115/><U46/><E33/><V26/><F113/><W118/><G107/><T11/><D120/><U48/><E111/><V18/><F109/><W39/><G32/><T66/><D108/><U61/><E134/><V99/><F132/><W80/><G39/><T112/><D127/><N who="3" m="48681" /><G121/><T76/><D112/><U130/><E125/><V21/><F6/><W58/><G93/><T38/><D96/><U117/><E117/><V24/><F123/><W8/><G80/><T101/><D101/><U87/><E130/><V133/><F40/><W102/><G102/><T30/><D30/><U86/><E37/><V55/><F55/><N who="3" m="32111" /><G69/><T17/><D88/><U110/><E36/><V44/><F44/><W4/><G50/><T29/><D29/><U28/><E28/><V122/><F122/><W20/><G16/><T42/><D42/><U131/><E131/><V83/><F35/><W97/><G97/><T14/><D23/><U47/><E110/><V73/><F78/><W114/><G20/><T22/><D22/><U54/><E103/><V70/><F70/><W128/><G128/><T68/><REACH who="0" step="1"/><D14/><REACH who="0" ten="240,250,250,250" step="2"/><U106/><E106/><V105/><F133/><W129/><G114/><T15/><D15/><AGARI ba="1,1" hai="2,5,9,15,18,21,24,26,73,77,83,99,100,105" machi="15" ten="30,1000,0" yaku="7,1" doraHai="67" who="2" fromWho="0" sc="240,-13,250,0,250,23,250,0" /><INIT seed="1,0,0,0,2,88" ten="227,250,273,250" oya="1" hai0="56,50,72,4,77,55,43,122,54,42,109,132,118" hai1="121,111,0,117,24,60,116,67,27,65,85,23,114" hai2="93,7,22,36,48,84,9,28,44,6,92,15,133" hai3="57,128,126,115,106,8,81,11,100,1,16,75,10"/><U79/><E114/><V91/><F36/><W26/><G115/><T12/><D109/><U39/><E121/><V71/><F71/><W113/><G113/><T83/><D118/><U40/><E0/><V125/><F125/><W20/><G126/><T29/><D132/><U74/><E74/><V63/><F63/><W103/><G128/><T102/><D122/><U96/><E111/><V119/><F119/><W76/><G1/><T99/><D29/><U112/><E112/><V124/><F124/><W49/><REACH who="3" step="1"/><G106/><REACH who="3" ten="227,250,273,240" step="2"/><T95/><REACH who="0" step="1"/><D55/><AGARI ba="0,1" hai="8,10,11,16,20,26,49,55,57,75,76,81,100,103" machi="55" ten="40,8000,1" yaku="1,1,2,1,54,1,53,1" doraHai="88" doraHaiUra="46" who="3" fromWho="0" sc="227,-80,250,0,273,0,240,90" /><INIT seed="2,0,0,5,1,58" ten="147,250,273,330" oya="2" hai0="7,133,22,119,51,52,34,76,25,132,40,16,3" hai1="124,33,70,130,48,135,46,81,102,38,0,105,111" hai2="95,106,24,1,30,47,112,104,69,101,64,93,100" hai3="103,126,110,84,20,116,54,128,91,59,67,10,6"/><V66/><F1/><W71/><G110/><T120/><D120/><U98/><RYUUKYOKU type="yao9" ba="0,0" sc="147,0,250,0,273,0,330,0" hai1="0,33,38,46,48,70,81,98,102,105,111,124,130,135" /><INIT seed="2,1,0,0,0,26" ten="147,250,273,330" oya="2" hai0="51,91,106,24,31,110,27,7,41,109,42,97,28" hai1="62,68,40,53,67,129,108,78,85,61,80,21,88" hai2="44,135,117,0,125,46,5,83,6,71,17,93,134" hai3="1,77,103,60,11,87,64,34,23,12,58,133,32"/><V69/><F117/><W84/><G133/><N who="2" m="50697" /><F125/><W119/><G119/><T19/><D7/><N who="2" m="2570" /><F0/><W49/><G1/><T30/><D91/><U107/><E108/><N who="0" m="41577" /><D51/><U4/><E107/><V22/><F83/><W126/><G126/><T86/><D86/><U8/><E129/><V113/><F113/><W124/><G124/><T55/><D55/><U74/><E40/><N who="0" m="15465" /><D19/><U81/><E21/><V25/><F93/><W105/><G84/><T37/><D37/><U127/><E127/><V16/><F17/><W47/><G87/><T52/><D52/><U79/><E53/><V43/><F46/><W98/><G47/><T104/><D97/><U112/><E112/><V73/><F73/><W57/><G49/><AGARI ba="1,0" hai="16,22,25,43,44,49,69,71" m="2570,50697" machi="49" ten="30,2900,0" yaku="20,1,54,1" doraHai="26" who="2" fromWho="3" sc="147,0,250,0,273,32,330,-32" /><INIT seed="2,2,0,4,1,4" ten="147,250,305,298" oya="2" hai0="5,108,78,130,7,37,34,91,57,14,12,2,106" hai1="99,79,121,48,109,103,28,35,66,69,50,23,102" hai2="13,64,94,54,97,73,67,124,111,15,105,133,52" hai3="80,92,81,113,87,41,19,46,11,0,135,6,82"/><V61/><F73/><W43/><G135/><T118/><D37/><U123/><E109/><V26/><F133/><W16/><G113/><T29/><D106/><U63/><E102/><V39/><F111/><W10/><G43/><T110/><D78/><U72/><E23/><V71/><F105/><W90/><REACH who="3" step="1"/><G11/><REACH who="3" ten="147,250,305,288" step="2"/><T30/><D110/><U107/><E121/><V119/><F119/><W93/><G93/><T104/><D108/><U44/><E123/><V36/><F94/><W62/><G62/><T25/><D118/><U134/><E134/><V59/><F61/><W74/><G74/><T120/><D120/><U55/><E72/><V101/><F71/><W68/><G68/><T96/><D104/><U98/><E63/><V58/><F124/><W88/><G88/><T18/><D91/><U33/><E69/><V53/><F101/><W60/><G60/><T117/><D117/><U9/><E103/><V116/><F116/><W20/><G20/><T131/><D131/><U86/><E107/><V77/><F77/><W84/><G84/><T3/><D130/><U132/><E86/><V76/><F76/><W122/><G122/><T65/><D34/><U21/><E79/><V24/><F54/><W22/><G22/><T45/><D65/><U83/><E66/><V126/><F126/><W100/><G100/><T42/><D42/><U17/><E132/><V127/><F127/><W56/><G56/><T40/><D57/><U70/><E70/><V89/><F89/><W112/><G112/><T8/><D40/><U51/><E55/><V129/><F129/><W125/><G125/><RYUUKYOKU ba="2,1" sc="147,-15,250,-15,305,15,288,15" hai2="13,15,24,26,36,39,52,53,58,59,64,67,97" hai3="0,6,10,16,19,41,46,80,81,82,87,90,92" /><INIT seed="2,3,1,0,4,106" ten="132,235,320,303" oya="2" hai0="125,99,8,62,135,124,22,79,29,76,87,40,26" hai1="74,47,131,42,68,111,102,12,114,10,4,84,0" hai2="104,118,63,72,13,115,59,14,30,34,20,46,133" hai3="109,92,83,44,98,3,110,107,127,31,85,23,97"/><V89/><F104/><W45/><G3/><T116/><D135/><U128/><E114/><V61/><F133/><W1/><G1/><T126/><D116/><U54/><E68/><V38/><F118/><W55/><G107/><T37/><D99/><U49/><E102/><V130/><F130/><N who="1" m="49705" /><E111/><N who="3" m="42506" /><G127/><T33/><D8/><N who="1" m="2055" /><E84/><V121/><F115/><W56/><G23/><T90/><D62/><U5/><E74/><V123/><F72/><W9/><G9/><T18/><D40/><AGARI ba="3,1" hai="5,10,12,40,42,47,49,54" m="2055,49705" machi="40" ten="30,1000,0" yaku="19,1" doraHai="106" who="1" fromWho="0" sc="132,-19,235,29,320,0,303,0" /><INIT seed="3,0,0,0,4,124" ten="113,264,320,303" oya="3" hai0="28,42,85,134,25,40,82,103,24,84,31,48,71" hai1="27,73,19,64,33,111,59,12,104,108,49,16,78" hai2="18,129,74,88,7,39,92,80,20,32,101,81,117" hai3="100,130,91,54,21,90,110,70,122,2,79,77,94"/><W8/><G122/><T132/><D71/><U112/><E112/><V0/><F32/><W53/><G70/><T97/><D97/><U120/><E120/><V50/><F39/><W63/><G100/><T60/><D103/><U26/><E104/><V37/><F117/><W4/><G130/><T98/><D98/><U22/><E73/><V93/><F129/><W29/><G110/><N who="1" m="42026" /><E78/><V52/><F37/><W57/><G54/><T14/><D14/><N who="1" m="9495" /><E49/><V13/><F74/><W45/><G45/><T35/><D48/><U51/><E33/><V9/><F93/><W41/><G41/><T119/><D35/><U46/><E59/><N who="2" m="33175" /><F101/><W5/><G5/><T23/><D23/><N who="1" m="11751" /><E64/><V115/><F115/><W66/><G66/><T65/><D65/><U10/><E10/><V36/><F36/><W102/><G102/><T96/><D96/><U34/><E34/><V89/><F89/><W58/><G57/><T86/><D86/><AGARI ba="0,0" hai="0,7,9,13,18,20,80,81,86,88,92" m="33175" machi="86" ten="30,3900,0" yaku="25,1,54,2" doraHai="124" who="2" fromWho="0" sc="113,-39,264,0,320,39,303,0" /><INIT seed="4,0,0,0,2,99" ten="74,264,359,303" oya="0" hai0="17,79,125,8,72,95,126,81,23,132,73,86,47" hai1="91,51,124,76,6,88,14,89,43,65,118,97,37" hai2="78,84,3,29,129,48,83,64,30,67,25,123,24" hai3="22,35,80,46,21,26,55,135,108,122,59,130,58"/><T18/><D132/><U19/><E118/><V50/><F123/><W9/><G108/><T87/><D47/><N who="1" m="26111" /><E37/><V27/><F3/><W117/><G117/><T0/><D0/><U71/><E71/><V133/><F133/><W42/><G130/><T70/><D70/><U96/><E124/><N who="0" m="47721" /><D8/><N who="1" m="4375" /><E65/><N who="2" m="25163" /><F129/><W31/><G59/><T74/><D23/><U16/><E76/><V111/><F111/><W11/><G122/><T90/><D17/><AGARI ba="0,0" hai="16,17,19,88,89,91,96,97" m="4375,26111" machi="17" ten="30,3900,0" yaku="8,1,54,2" doraHai="99" who="1" fromWho="0" sc="74,-39,264,39,359,0,303,0" /><INIT seed="5,0,0,5,0,39" ten="35,303,359,303" oya="1" hai0="24,116,108,121,20,75,53,12,67,130,6,107,50" hai1="119,128,125,74,59,33,48,36,101,17,95,30,118" hai2="64,68,104,122,73,52,91,55,45,81,4,0,44" hai3="15,27,132,115,86,42,97,123,51,99,35,26,34"/><U114/><E36/><V46/><F104/><W112/><G123/><T28/><D108/><U77/><E17/><V66/><F122/><W70/><G70/><T63/><D121/><U10/><E10/><V117/><F117/><W40/><G86/><T78/><D116/><U84/><E74/><V32/><F32/><W76/><G76/><T18/><D130/><U85/><E85/><N who="2" m="50607" /><F73/><W1/><G15/><T3/><D107/><U47/><E59/><V106/><F106/><W110/><G51/><T87/><D75/><U62/><E62/><V61/><F68/><W111/><REACH who="3" step="1"/><G132/><REACH who="3" ten="35,303,359,293" step="2"/><T124/><D124/><U56/><E125/><V129/><F0/><AGARI ba="0,1" hai="0,1,26,27,34,35,40,42,97,99,110,111,112,115" machi="0" ten="25,12000,2" yaku="1,1,2,1,22,2,52,2,53,0" doraHai="39" doraHaiUra="13" who="3" fromWho="2" sc="35,0,303,0,359,-120,293,130" /><INIT seed="6,0,0,2,2,30" ten="35,303,239,423" oya="2" hai0="94,126,114,121,47,36,50,17,2,28,73,22,61" hai1="95,84,79,65,86,133,62,66,87,68,41,53,44" hai2="80,1,64,83,33,9,72,75,12,82,39,77,129" hai3="106,99,130,59,60,29,32,107,40,63,74,16,101"/><V122/><F122/><W55/><G74/><T71/><D126/><U96/><E133/><V103/><F33/><W6/><G6/><T123/><D114/><U35/><E35/><V127/><F39/><W118/><G118/><T37/><D2/><U52/><E79/><V14/><F1/><W19/><G106/><T24/><D73/><U57/><E66/><V102/><F127/><W13/><G130/><T111/><D111/><U85/><E68/><V115/><F129/><W26/><G40/><T120/><D94/><U48/><N who="1" m="21504" /><DORA hai="105" /><U18/><REACH who="1" step="1"/><E18/><REACH who="1" ten="35,293,239,423" step="2"/><V49/><F115/><W81/><G19/><T100/><D100/><AGARI ba="0,1" hai="41,44,48,52,53,57,62,65,95,96,100" m="21504" machi="100" ten="50,8000,1" yaku="1,1,2,1,8,1,54,1,53,0" doraHai="30,105" doraHaiUra="108,31" who="1" fromWho="0" sc="35,-80,293,90,239,0,423,0" owari="-45,-55.0,383,18.0,239,-16.0,423,53.0" /></mjloggm>