<mjloggm ver="2.3"><GO type="169" lobby="0"/><UN n0="%74%61%72%6F%33%39%30%30" n1="%77%61%77%61%33%30%33%30" n2="%E3%82%A6%E3%83%AB%E3%83%88%E3%83%A9%E7%AB%8B%E7%9B%B4" n3="%E3%80%90%E7%BD%AA%E6%AD%8C%E3%80%91" dan="17,16,17,18" rate="2133.41,2100.07,2145.52,2290.94" sx="M,M,M,F"/><TAIKYOKU oya="0"/><INIT seed="0,0,0,2,2,12" ten="250,250,250,250" oya="0" hai0="20,11,88,112,74,37,9,109,35,24,42,96,122" hai1="65,14,31,36,3,133,1,67,8,51,95,2,81" hai2="79,10,130,80,38,53,55,83,72,108,115,103,100" hai3="59,117,52,77,39,99,71,98,75,56,132,0,66"/><T23/><D74/><U120/><E120/><V18/><F115/><W27/><G117/><T116/><D116/><U126/><E133/><V76/><F130/><W54/><G0/><T125/><D112/><U78/><E126/><V114/><F114/><W16/><G39/><T60/><D122/><U134/><E134/><V45/><F108/><W92/><G132/><T57/><D125/><U5/><E36/><V34/><F34/><W17/><G71/><T62/><D35/><U43/><E31/><V113/><F113/><W118/><G118/><T128/><D23/><U90/><E90/><V111/><F111/><W91/><G75/><T64/><D109/><U135/><E95/><V93/><F93/><N who="3" m="56639" /><G77/><T58/><D128/><U13/><E13/><V119/><F119/><W63/><G27/><T70/><D42/><U6/><E6/><V28/><F28/><W87/><G87/><T110/><D37/><U123/><E123/><V40/><F79/><W121/><G121/><T86/><D96/><U127/><E127/><V48/><F38/><W73/><G73/><T82/><D110/><U105/><E105/><V104/><F104/><W25/><G25/><T49/><D49/><U131/><E135/><V101/><REACH who="2" step="1"/><F83/><REACH who="2" ten="250,250,240,250" step="2"/><W69/><G69/><T41/><D70/><U89/><E131/><V46/><F46/><W44/><G44/><T47/><D47/><U102/><E81/><V21/><F21/><W33/><G33/><T84/><D82/><U50/><E78/><V129/><F129/><W94/><G94/><T26/><D20/><U22/><E22/><V29/><F29/><RYUUKYOKU ba="0,1" sc="250,-10,250,-10,240,30,250,-10" hai2="10,18,40,45,48,53,55,72,76,80,100,101,103" /><INIT seed="1,1,1,3,1,127" ten="240,240,270,240" oya="1" hai0="99,13,0,55,53,76,39,69,74,118,111,134,72" hai1="58,117,87,1,29,27,71,104,45,123,60,122,81" hai2="85,49,25,32,80,103,18,56,28,98,24,66,114" hai3="16,6,83,94,4,63,31,107,119,46,51,102,38"/><U115/><E117/><V120/><F120/><W130/><G107/><T14/><D0/><U50/><E115/><V75/><F75/><W62/><G38/><T41/><D69/><U79/><E71/><V23/><F114/><W105/><G105/><T15/><D118/><U96/><E1/><V88/><F66/><W61/><G31/><T70/><D70/><U113/><E113/><V35/><F35/><W101/><G130/><T77/><D99/><U3/><E3/><V110/><F110/><W68/><G68/><T67/><D67/><U8/><E8/><V125/><F125/><W12/><G83/><T95/><D95/><U5/><E5/><N who="3" m="2154" /><G94/><T65/><D65/><U82/><E82/><V43/><F43/><N who="3" m="25055" /><G119/><T109/><D41/><U73/><E73/><V108/><F108/><W128/><G128/><T86/><D39/><U121/><E104/><V57/><REACH who="2" step="1"/><F49/><REACH who="2" ten="240,240,260,240" step="2"/><W135/><G135/><T26/><D134/><U19/><E50/><V48/><F48/><W47/><G47/><T21/><D74/><U64/><E45/><V52/><F52/><N who="0" m="20042" /><D72/><U59/><E121/><V106/><AGARI ba="1,2" hai="18,23,24,25,28,32,56,57,80,85,88,98,103,106" machi="106" ten="20,5200,0" yaku="1,1,0,1,7,1,54,1,53,0" doraHai="127" doraHaiUra="10" who="2" fromWho="2" sc="240,-14,240,-27,260,75,240,-14" /><INIT seed="2,0,0,0,1,73" ten="226,213,335,226" oya="2" hai0="91,17,20,60,131,35,108,16,114,70,34,87,113" hai1="95,48,61,3,55,116,111,56,27,15,69,47,10" hai2="89,45,119,19,80,123,21,122,41,117,66,109,94" hai3="135,36,125,39,75,64,33,86,76,6,54,23,98"/><V11/><F109/><W93/><G33/><T74/><D108/><U57/><E116/><V106/><F106/><W53/><G75/><T129/><D74/><U51/><E111/><V127/><F127/><W100/><G125/><T132/><D132/><U83/><E3/><V2/><F66/><W103/><G6/><T62/><D87/><U44/><E27/><V22/><F22/><W25/><G135/><T78/><D91/><U84/><E95/><V58/><F58/><W77/><G64/><T30/><D20/><U112/><E61/><V107/><F107/><W42/><G36/><T13/><D30/><U65/><E65/><V43/><F43/><W90/><G42/><T8/><D13/><U29/><E29/><V40/><F40/><W0/><G39/><T5/><D5/><U85/><E69/><V118/><F11/><W82/><G0/><T14/><D14/><U63/><E63/><V128/><F2/><W24/><G24/><T4/><D4/><U110/><E85/><V72/><F128/><W7/><G7/><T18/><D18/><N who="1" m="8567" /><E112/><V105/><F105/><W104/><G103/><T133/><D8/><U12/><E12/><V1/><F1/><W81/><G81/><T9/><D9/><U32/><E32/><V92/><F21/><W99/><REACH who="3" step="1"/><G76/><REACH who="3" ten="226,213,335,216" step="2"/><T124/><D133/><U88/><E110/><V52/><F72/><W120/><G120/><T46/><D124/><U115/><E115/><V31/><F123/><W37/><G37/><T28/><D78/><U97/><E97/><N who="2" m="57487" /><F122/><W49/><G49/><T130/><D131/><U38/><E38/><RYUUKYOKU ba="0,1" sc="226,-15,213,15,335,-15,216,15" hai1="44,47,48,51,55,56,57,83,84,88" hai3="23,25,53,54,77,82,86,90,93,98,99,100,104" /><INIT seed="3,1,1,1,1,88" ten="211,228,320,231" oya="3" hai0="79,8,28,119,31,89,86,26,17,128,135,44,105" hai1="78,82,46,39,72,20,96,49,84,74,65,116,126" hai2="50,75,98,129,40,111,2,124,68,56,10,63,66" hai3="34,4,64,0,107,80,47,59,81,102,76,33,97"/><W67/><G81/><T94/><D119/><U54/><E126/><V92/><F124/><W53/><G67/><T13/><D105/><U29/><E116/><V93/><F129/><W103/><G103/><T85/><D135/><U117/><E117/><V130/><F130/><W19/><G19/><T32/><D128/><U38/><E65/><V35/><F111/><W122/><G64/><T71/><D71/><U25/><REACH who="1" step="1"/><E96/><REACH who="1" ten="211,218,320,231" step="2"/><V41/><F98/><W30/><G97/><T15/><D31/><U73/><AGARI ba="1,2" hai="20,25,29,38,39,46,49,54,72,73,74,78,82,84" machi="73" ten="30,7900,0" yaku="1,1,2,1,0,1,53,1" doraHai="88" doraHaiUra="83" who="1" fromWho="1" sc="211,-21,218,102,320,-21,231,-40" /><INIT seed="4,0,0,1,3,49" ten="190,320,299,191" oya="0" hai0="18,73,99,121,53,118,56,32,72,96,82,89,112" hai1="34,71,84,97,132,113,134,30,45,2,1,111,117" hai2="116,107,69,28,54,10,85,60,93,64,92,70,125" hai3="11,120,127,98,130,124,59,23,16,46,109,51,94"/><T115/><D118/><U19/><E117/><V7/><F107/><W6/><G109/><T81/><D121/><U83/><E111/><V108/><F108/><W122/><G130/><T90/><D32/><U41/><E113/><N who="0" m="43593" /><D18/><U63/><E97/><N who="0" m="37449" /><D53/><U66/><E19/><V88/><F116/><W135/><G59/><T55/><D55/><U123/><E123/><N who="3" m="47146" /><G11/><T86/><D56/><U128/><E128/><V106/><F106/><W80/><G6/><T102/><D102/><U77/><E30/><V101/><F28/><W25/><G135/><N who="1" m="51754" /><E34/><V129/><F70/><W114/><G114/><T42/><D42/><U14/><E14/><N who="2" m="5471" /><F64/><W35/><G35/><T68/><D68/><U21/><E21/><V131/><F69/><W36/><G16/><T12/><D12/><U8/><E8/><V61/><F131/><W26/><G23/><T110/><D110/><U79/><E41/><V48/><F129/><W95/><G25/><T24/><D24/><U91/><E45/><N who="2" m="27919" /><F101/><W43/><G43/><T62/><D62/><U105/><E105/><V4/><F4/><W5/><G5/><T44/><D44/><U3/><AGARI ba="0,0" hai="1,2,3,63,66,71,77,79,83,84,91" m="51754" machi="3" ten="40,1500,0" yaku="20,1" doraHai="49" who="1" fromWho="1" sc="190,-7,320,15,299,-4,191,-4" /><INIT seed="5,0,0,4,4,1" ten="183,335,295,187" oya="1" hai0="16,62,50,68,81,120,32,88,59,43,12,96,28" hai1="69,5,13,123,106,45,2,60,57,132,41,17,104" hai2="65,53,66,78,37,34,63,25,58,26,100,134,33" hai3="36,103,21,128,64,133,124,3,95,122,79,109,84"/><U18/><E123/><V116/><F116/><W30/><G122/><T27/><D120/><U48/><E132/><V127/><F134/><W6/><G109/><T35/><D35/><U125/><E125/><V61/><F127/><W29/><G124/><T54/><D68/><U22/><E69/><V72/><F37/><W93/><G133/><T77/><D77/><U80/><E80/><V31/><F100/><W40/><G128/><T47/><D81/><U108/><E108/><V11/><F78/><W97/><G64/><T56/><D56/><U113/><E113/><V111/><F72/><W9/><G40/><T119/><D119/><U115/><E115/><V70/><F111/><W75/><G36/><T107/><D107/><U112/><E18/><V49/><F11/><W131/><G131/><T102/><D102/><U42/><E42/><V19/><F19/><W44/><G44/><T83/><D83/><U89/><E89/><V4/><F4/><W15/><G75/><T24/><D28/><N who="3" m="10857" /><G3/><T90/><D32/><U130/><E130/><V8/><F33/><W94/><G21/><N who="0" m="11399" /><D90/><U92/><E112/><V51/><F31/><W87/><G79/><T126/><D126/><U76/><E76/><V73/><F34/><W10/><G10/><T86/><D86/><AGARI ba="0,0" hai="6,9,15,84,86,87,93,94,95,97,103" m="10857" machi="86" ten="30,2000,0" yaku="8,1,52,1" doraHai="1" who="3" fromWho="0" sc="183,-20,335,0,295,0,187,20" /><INIT seed="6,0,0,2,4,84" ten="163,335,295,207" oya="2" hai0="47,29,50,7,40,27,10,62,112,111,119,85,90" hai1="109,78,53,23,17,107,14,43,133,26,97,83,95" hai2="18,122,80,11,48,6,108,115,71,89,86,1,66" hai3="118,67,88,37,5,135,65,120,24,56,72,121,110"/><V52/><F122/><W102/><G72/><T49/><D112/><U44/><E109/><V25/><F115/><W69/><G102/><T81/><D119/><U64/><E133/><V63/><F108/><W59/><G5/><T21/><D111/><U12/><E107/><V51/><REACH who="2" step="1"/><F52/><REACH who="2" ten="163,335,285,207" step="2"/><W106/><G110/><T134/><D134/><U91/><E53/><V9/><F9/><W87/><G135/><T129/><D129/><U31/><E64/><V30/><F30/><W75/><G67/><T2/><REACH who="0" step="1"/><D62/><REACH who="0" ten="153,335,285,207" step="2"/><U127/><E127/><V101/><F101/><W32/><G121/><T33/><D33/><U70/><E31/><V123/><F123/><W94/><G32/><T124/><D124/><U3/><E43/><V46/><F46/><W132/><G120/><T22/><D22/><AGARI ba="0,2" hai="1,6,11,18,22,25,48,51,63,66,71,80,86,89" machi="22" ten="40,3900,0" yaku="1,1,52,1,53,0" doraHai="84" doraHaiUra="96" who="2" fromWho="0" sc="153,-39,335,0,285,59,207,0" /><INIT seed="6,1,0,4,2,122" ten="114,335,344,207" oya="2" hai0="91,78,118,63,80,127,92,60,82,56,43,71,53" hai1="51,30,23,8,11,134,87,130,27,54,61,66,106" hai2="104,52,6,67,102,115,119,4,17,70,101,90,37" hai3="83,47,46,86,121,39,132,35,103,58,100,129,26"/><V110/><F119/><W133/><G121/><T107/><D107/><U57/><E134/><N who="3" m="51818" /><G129/><T38/><D127/><U19/><E130/><V9/><F115/><W62/><G39/><T94/><D118/><U126/><E126/><V22/><F37/><W2/><G2/><T98/><D38/><U44/><E106/><V74/><F74/><W15/><G15/><T34/><D43/><U76/><E30/><V75/><F75/><W65/><G35/><T73/><D34/><U14/><E27/><V89/><F67/><W21/><G100/><N who="2" m="38505" /><F110/><W120/><G103/><T124/><D124/><U3/><E3/><V13/><F70/><W55/><G65/><T85/><D71/><U68/><E68/><V16/><F104/><W81/><G120/><T99/><REACH who="0" step="1"/><D63/><REACH who="0" ten="104,335,344,207" step="2"/><U7/><E61/><V40/><F40/><W96/><G96/><AGARI ba="1,1" hai="53,56,60,73,78,80,82,85,91,92,94,96,98,99" machi="96" ten="40,2600,0" yaku="1,1,2,1,53,0" doraHai="122" doraHaiUra="114" who="0" fromWho="3" sc="104,39,335,0,344,0,207,-29" /><INIT seed="7,0,0,1,5,125" ten="143,335,344,178" oya="3" hai0="56,98,110,107,88,104,81,70,12,13,92,51,17" hai1="126,63,15,19,115,133,57,27,50,78,86,40,42" hai2="47,29,90,26,103,106,14,44,20,60,77,79,8" hai3="16,89,127,41,22,83,121,102,2,3,52,101,75"/><W87/><G121/><T24/><D70/><U39/><E126/><V62/><F106/><W100/><G127/><T105/><D110/><U123/><E123/><V131/><F131/><W108/><G41/><T43/><D24/><U124/><E124/><V129/><F129/><W10/><G75/><T66/><D13/><U30/><E133/><V122/><F103/><W33/><G33/><T25/><D25/><U128/><E128/><V112/><F112/><W4/><G3/><T54/><D66/><U38/><E115/><V34/><F90/><W119/><G119/><T65/><D65/><N who="1" m="39151" /><E39/><V18/><F34/><W130/><G130/><T6/><D6/><U59/><E38/><V21/><F8/><W74/><G74/><T71/><D71/><U72/><E72/><V31/><F122/><W135/><G135/><T111/><D111/><U49/><E86/><V91/><F91/><W117/><G117/><T134/><D134/><U61/><E78/><N who="2" m="29707" /><F31/><W36/><G36/><T45/><D81/><U48/><E30/><V93/><F93/><W99/><G108/><T23/><D107/><U80/><E80/><V85/><F85/><W73/><G73/><T64/><D64/><N who="1" m="38975" /><E27/><V7/><F7/><W55/><REACH who="3" step="1"/><G99/><REACH who="3" ten="143,335,344,168" step="2"/><T95/><D95/><U84/><E84/><V76/><F29/><W113/><G113/><T82/><D82/><U94/><E94/><V120/><F120/><W68/><G68/><T11/><D11/><AGARI ba="0,1" hai="11,15,19,40,42,48,49,50" m="38975,39151" machi="11" ten="30,1000,0" yaku="8,1" doraHai="125" who="1" fromWho="0" sc="143,-10,335,20,344,0,168,0" owari="133,-37.0,355,46.0,344,14.0,168,-23.0" /></mjloggm>