<mjloggm ver="2.3"><GO type="169" lobby="0"/><UN n0="%61%31%33%31%38%34%38" n1="%54%61%6E%70%61%61%63%68" n2="%E3%80%90%E6%B8%9A%E6%A5%93%E3%80%91" n3="%E5%B0%B1%E6%B4%BB%E7%94%9F%40%E5%B7%9D%E6%9D%91%E8%BB%8D%E5%9B%A3" dan="16,16,17,17" rate="2100.39,2078.81,2197.58,2209.14" sx="M,M,F,M"/><TAIKYOKU oya="0"/><INIT seed="0,0,0,2,0,101" ten="250,250,250,250" oya="0" hai0="11,90,62,59,68,61,28,86,130,23,36,113,126" hai1="94,80,132,2,20,70,14,56,84,81,92,51,95" hai2="15,7,134,75,31,48,122,72,57,10,8,32,103" hai3="129,78,38,123,99,121,35,64,19,63,65,125,71"/><T49/><D113/><U22/><E70/><V66/><F134/><W43/><G35/><T111/><D36/><U53/><E2/><V18/><F122/><N who="3" m="46603" /><G78/><T117/><D117/><U46/><E132/><V1/><F103/><W60/><G99/><T44/><D126/><U29/><E81/><V102/><F102/><W0/><G0/><T33/><D33/><U115/><E115/><V42/><F42/><W25/><G25/><N who="0" m="16447" /><D68/><U27/><E46/><V17/><F17/><W127/><G19/><T116/><D116/><U131/><E131/><V133/><F133/><W98/><G98/><T52/><D111/><U114/><E114/><V37/><F37/><W58/><G129/><T91/><D130/><U104/><E104/><V77/><F77/><W106/><G106/><T54/><D11/><U74/><E74/><V85/><F85/><W120/><N who="3" m="46611" /><W9/><DORA hai="89" /><G9/><T55/><D86/><U13/><E22/><V110/><F110/><W16/><G16/><T39/><D39/><U12/><E12/><V118/><F118/><W82/><G82/><T50/><D62/><U6/><E6/><V107/><F107/><W83/><G83/><T47/><AGARI ba="0,0" hai="44,47,49,50,52,54,55,59,61,90,91" m="16447" machi="47" ten="30,3000,0" yaku="8,1,54,1" doraHai="101,89" who="0" fromWho="0" sc="250,30,250,-10,250,-10,250,-10" /><INIT seed="0,1,0,2,4,67" ten="280,240,240,240" oya="0" hai0="46,10,86,4,88,90,6,118,111,75,73,105,82" hai1="112,104,2,51,74,61,56,19,16,24,93,29,135" hai2="57,94,33,123,103,25,109,116,76,18,127,106,100" hai3="22,60,11,110,12,0,23,81,87,92,58,64,31"/><T113/><D118/><U131/><E104/><V122/><F57/><W78/><G110/><T30/><D113/><U89/><E2/><V35/><F109/><W130/><G130/><T47/><D111/><U55/><E131/><V53/><F76/><W8/><G31/><T69/><D105/><U59/><E74/><V48/><F106/><W5/><REACH who="3" step="1"/><G92/><REACH who="3" ten="280,240,240,230" step="2"/><T3/><D30/><U125/><E112/><V68/><F94/><W98/><G98/><T38/><D75/><U15/><E135/><V14/><F116/><W43/><G43/><T95/><D73/><U1/><E125/><V101/><F127/><W44/><G44/><T7/><D47/><U80/><E80/><V133/><F133/><W77/><G77/><T102/><D46/><U17/><E1/><V115/><F115/><W65/><G65/><T36/><D3/><U37/><E37/><V108/><F108/><W32/><G32/><T49/><D36/><U99/><E15/><V63/><F14/><W107/><G107/><T79/><D38/><U121/><E121/><V134/><F134/><W97/><G97/><T42/><D82/><U114/><E114/><V41/><F122/><W20/><G20/><T26/><D95/><U62/><REACH who="1" step="1"/><E56/><REACH who="1" ten="280,230,240,230" step="2"/><N who="2" m="32807" /><F123/><W54/><G54/><T85/><D42/><U119/><E119/><V70/><F41/><W40/><G40/><T27/><D27/><U28/><E28/><V71/><F25/><W72/><G72/><T84/><D26/><U120/><E120/><V9/><F35/><AGARI ba="1,2" hai="16,17,19,24,29,35,51,55,59,61,62,89,93,99" machi="35" ten="40,5200,0" yaku="1,1,54,1,53,1" doraHai="67" doraHaiUra="91" who="1" fromWho="2" sc="280,0,230,75,240,-55,230,0" /><INIT seed="1,0,0,1,1,74" ten="280,305,185,230" oya="1" hai0="22,16,65,124,88,91,6,70,53,21,96,12,47" hai1="25,93,18,111,28,110,13,121,90,10,19,107,63" hai2="92,115,112,35,83,133,66,114,15,38,105,117,40" hai3="120,109,34,41,27,1,76,4,84,132,3,48,52"/><U103/><E121/><V122/><F122/><W17/><G120/><T36/><D124/><U99/><E63/><V97/><F117/><W30/><G132/><T94/><D6/><U59/><E59/><V23/><F35/><W135/><G135/><T8/><D91/><U45/><E45/><V81/><F105/><W43/><G109/><N who="1" m="41482" /><E28/><V11/><F66/><W69/><G17/><T32/><D32/><U67/><E67/><V68/><F23/><N who="0" m="8714" /><D70/><U14/><E25/><V116/><F68/><W130/><G130/><T118/><D36/><U100/><E107/><V75/><F75/><W20/><G69/><T77/><D65/><U60/><E60/><V123/><F116/><W62/><G62/><T50/><D118/><U71/><E71/><V79/><F123/><W24/><G43/><T51/><D51/><U80/><E80/><V86/><F83/><W9/><G41/><T26/><D26/><U113/><E113/><V104/><F104/><W95/><G27/><T127/><D127/><U33/><E33/><V131/><F133/><W64/><G64/><T106/><D106/><U49/><E49/><V54/><F40/><W102/><G34/><T44/><D47/><U5/><E5/><N who="2" m="3567" /><F38/><W98/><G48/><T58/><D44/><U119/><E119/><V31/><F31/><W2/><G52/><T39/><D39/><U29/><E29/><V0/><F54/><W73/><G73/><T101/><D50/><U82/><E82/><V125/><F125/><W57/><G57/><T55/><D58/><U46/><E46/><V108/><F108/><W37/><G37/><RYUUKYOKU ba="0,0" sc="280,-15,305,15,185,-15,230,15" hai1="10,13,14,18,19,90,93,99,100,103" hai3="1,2,3,4,9,20,24,30,76,84,95,98,102" /><INIT seed="1,1,0,1,1,56" ten="265,320,170,245" oya="1" hai0="4,130,55,112,81,22,27,51,26,29,66,25,48" hai1="129,93,80,88,28,37,110,24,97,57,13,99,122" hai2="92,54,62,134,87,41,104,6,23,20,131,128,67" hai3="108,120,124,21,91,106,60,75,123,69,68,77,44"/><U126/><E122/><V64/><F104/><W38/><G106/><T94/><D112/><U32/><E37/><V72/><F72/><W102/><G102/><T78/><D130/><N who="2" m="49706" /><F6/><W59/><G77/><T10/><D66/><N who="2" m="25130" /><F41/><N who="3" m="22583" /><G91/><T58/><D94/><U34/><E126/><V43/><F43/><W71/><G21/><T114/><D51/><U16/><E110/><V11/><F11/><W40/><G75/><T127/><D127/><U12/><E34/><V52/><F54/><N who="3" m="33911" /><G124/><T89/><D89/><U61/><E129/><V84/><F134/><W31/><G31/><T73/><REACH who="0" step="1"/><D114/><REACH who="0" ten="255,320,170,245" step="2"/><U113/><E113/><V83/><F92/><W14/><G108/><T116/><D116/><U30/><E93/><V76/><F87/><W15/><G123/><T82/><D82/><U105/><E80/><V101/><F101/><W118/><G120/><T3/><AGARI ba="1,1" hai="3,4,10,22,25,26,27,29,48,55,58,73,78,81" machi="3" ten="20,5200,0" yaku="1,1,0,1,7,1,53,1" doraHai="56" doraHaiUra="19" who="0" fromWho="0" sc="255,65,320,-27,170,-14,245,-14" /><INIT seed="2,0,0,3,5,95" ten="320,293,156,231" oya="2" hai0="87,96,102,119,54,74,120,23,90,18,81,43,84" hai1="68,40,61,12,117,63,37,71,130,59,124,10,67" hai2="6,33,76,131,32,1,99,86,73,88,7,35,106" hai3="41,127,122,85,26,69,57,134,17,66,116,9,126"/><V31/><F31/><W52/><G116/><T114/><D120/><U78/><E78/><V62/><F131/><W19/><G122/><T133/><D114/><U101/><E101/><N who="2" m="62783" /><F62/><N who="3" m="40151" /><G134/><T80/><D133/><U98/><E98/><V92/><F1/><W20/><G85/><T21/><D74/><U111/><E111/><V38/><F38/><W48/><G9/><T129/><D129/><U72/><E72/><V55/><F55/><W121/><G121/><T16/><D43/><U8/><E130/><V39/><F39/><W13/><G13/><T0/><D0/><U107/><E107/><V82/><AGARI ba="0,0" hai="6,7,32,33,35,73,76,82,86,88,92" m="62783" machi="82" ten="40,7800,0" yaku="24,1,52,1,54,1" doraHai="95" who="2" fromWho="2" sc="320,-26,293,-26,156,78,231,-26" /><INIT seed="2,1,0,0,0,19" ten="294,267,234,205" oya="2" hai0="117,128,118,119,133,48,95,38,93,122,43,67,76" hai1="96,21,14,26,45,35,100,127,112,13,103,30,27" hai2="51,7,12,101,44,58,61,50,82,49,77,32,62" hai3="11,10,124,129,74,56,79,114,72,1,70,88,23"/><V46/><F32/><W54/><G70/><T9/><D122/><U109/><E112/><V125/><F101/><W86/><G114/><T115/><D115/><U111/><E127/><V135/><F125/><W75/><G124/><T5/><D128/><U42/><E42/><V18/><F7/><W116/><G116/><T71/><D133/><U3/><E3/><V132/><F62/><W126/><G126/><T121/><D121/><U17/><E45/><V94/><F94/><W53/><G79/><T134/><D134/><U6/><E103/><V57/><F57/><W110/><G110/><N who="1" m="41994" /><E6/><V85/><F132/><W108/><G108/><T87/><D43/><U52/><E52/><N who="2" m="33991" /><F135/><W98/><G98/><T81/><D38/><U107/><AGARI ba="1,0" hai="13,14,17,21,26,27,30,35,96,100,107" m="41994" machi="107" ten="30,2000,0" yaku="14,1,52,1" doraHai="19" who="1" fromWho="1" sc="294,-6,267,23,234,-11,205,-6" /><INIT seed="3,0,0,0,3,3" ten="288,290,223,199" oya="3" hai0="59,66,78,47,28,55,20,95,124,77,21,99,19" hai1="92,41,42,135,97,45,106,52,105,16,60,40,26" hai2="127,18,37,34,57,117,126,69,7,56,93,120,64" hai3="89,27,134,12,130,123,54,39,44,87,74,24,85"/><W111/><G74/><T46/><D124/><U22/><E135/><V98/><F37/><W48/><G123/><T67/><D28/><U2/><E2/><V131/><F34/><W53/><G39/><T121/><D121/><U73/><E73/><V103/><F117/><W32/><G134/><T94/><D67/><U104/><E104/><V10/><F18/><W65/><G65/><T100/><D66/><U68/><E68/><V112/><F112/><W114/><G114/><T82/><D95/><U116/><E116/><V36/><F36/><W9/><G32/><T133/><D21/><U83/><E83/><V96/><F96/><W15/><G130/><T14/><D133/><U8/><E8/><V30/><F30/><W50/><G111/><T102/><D100/><U115/><E115/><V51/><F51/><W108/><G108/><T11/><D20/><U6/><E6/><V35/><F35/><W1/><G1/><T80/><D80/><U110/><E110/><V125/><F131/><W31/><G31/><T86/><REACH who="0" step="1"/><D77/><REACH who="0" ten="278,290,223,199" step="2"/><U23/><E23/><V90/><F103/><W76/><G76/><T62/><AGARI ba="0,1" hai="11,14,19,46,47,55,59,62,78,82,86,94,99,102" machi="62" ten="20,12000,2" yaku="1,1,2,1,0,1,7,1,8,1,53,1" doraHai="3" doraHaiUra="88" who="0" fromWho="0" sc="278,130,290,-30,223,-30,199,-60" /><INIT seed="4,0,0,1,1,8" ten="408,260,193,139" oya="0" hai0="123,60,127,101,92,28,106,73,87,116,12,53,61" hai1="31,117,94,128,84,69,48,58,7,72,33,77,130" hai2="29,102,118,129,13,122,134,14,80,42,23,112,126" hai3="121,107,104,95,2,36,125,64,30,21,52,18,85"/><T66/><D116/><U82/><E69/><V65/><F122/><W105/><G121/><T124/><D73/><U93/><E117/><V47/><F118/><W114/><G125/><N who="0" m="48203" /><D123/><U57/><E7/><V55/><F129/><N who="1" m="49769" /><E72/><V131/><F134/><W6/><G114/><T34/><D106/><U32/><E31/><V40/><F112/><W97/><G36/><T100/><D53/><N who="1" m="31911" /><E58/><V99/><F65/><W76/><G64/><T41/><D41/><U38/><E38/><V135/><F135/><W74/><G74/><T133/><D133/><U90/><E77/><V91/><F42/><W115/><G30/><T37/><D37/><U75/><E75/><V5/><F40/><W96/><G115/><T19/><D28/><U49/><E49/><N who="2" m="29119" /><F131/><W111/><G111/><T103/><D34/><AGARI ba="0,0" hai="32,33,34,82,84,90,93,94" m="31911,49769" machi="34" ten="30,1000,0" yaku="19,1" doraHai="8" who="1" fromWho="0" sc="408,-10,260,10,193,0,139,0" /><INIT seed="5,0,0,0,0,131" ten="398,270,193,139" oya="1" hai0="119,46,125,11,76,133,59,5,105,96,18,85,121" hai1="45,23,31,82,104,101,52,129,10,126,77,102,73" hai2="8,28,97,110,95,89,128,117,35,107,25,12,57" hai3="94,99,124,34,3,49,79,39,50,19,132,72,22"/><U14/><E126/><V38/><F128/><W130/><G34/><T4/><D119/><U43/><E104/><V68/><F110/><W65/><G39/><T84/><D18/><U1/><E1/><V55/><F38/><W7/><G130/><T29/><D29/><U69/><E69/><V17/><F68/><W80/><G65/><T44/><D59/><U83/><E82/><V0/><F107/><W123/><G123/><T87/><D76/><U70/><E70/><V66/><F66/><W51/><G124/><T32/><D32/><U41/><E43/><V64/><F64/><W27/><G7/><T88/><D125/><U37/><E52/><V92/><F92/><W24/><G3/><T75/><D75/><U47/><E45/><V60/><F0/><W62/><G62/><T108/><D44/><U93/><E93/><V2/><F2/><W100/><REACH who="3" step="1"/><G27/><REACH who="3" ten="398,270,193,129" step="2"/><T135/><D121/><U91/><E129/><V114/><F117/><W78/><G78/><T26/><D26/><U71/><E77/><V74/><F74/><W9/><G9/><T21/><D11/><U90/><E10/><V6/><F6/><W134/><AGARI ba="0,1" hai="19,22,24,49,50,51,72,79,80,94,99,100,132,134" machi="134" ten="30,8000,1" yaku="1,1,0,1,52,2,53,1" doraHai="131" doraHaiUra="15" who="3" fromWho="3" sc="398,-20,270,-40,193,-20,129,90" /><INIT seed="6,0,0,1,2,40" ten="378,230,173,219" oya="2" hai0="59,105,61,126,51,68,26,119,122,43,21,112,130" hai1="115,28,33,60,106,72,73,129,80,12,25,77,107" hai2="62,56,1,64,58,19,5,127,32,9,2,103,34" hai3="30,128,81,22,14,23,96,116,3,66,93,20,27"/><V118/><F118/><W71/><G116/><T52/><D122/><U65/><E12/><V98/><F127/><W70/><G3/><T132/><D119/><U17/><E17/><V113/><F113/><W99/><G128/><T7/><D112/><U114/><E129/><V108/><F108/><W24/><G81/><T123/><D123/><U16/><E16/><V87/><F1/><W0/><G0/><T18/><D130/><U10/><E10/><V41/><F19/><W69/><G66/><T78/><D126/><U4/><E4/><V82/><F41/><W133/><G133/><T38/><D105/><U29/><E29/><V100/><F58/><W46/><G14/><T89/><D78/><N who="1" m="44103" /><E114/><V42/><F42/><W8/><G8/><T111/><D111/><U57/><E57/><V74/><F74/><W131/><G131/><T88/><D7/><U44/><E44/><V121/><F121/><W84/><G46/><N who="0" m="23927" /><D132/><U104/><E115/><V79/><REACH who="2" step="1"/><F103/><REACH who="2" ten="378,230,163,219" step="2"/><W48/><G30/><T11/><D11/><U85/><E73/><V6/><F6/><W97/><G48/><T35/><D18/><U75/><E75/><V67/><F67/><W91/><AGARI ba="0,1" hai="20,22,23,24,27,69,70,71,84,91,93,96,97,99" machi="91" ten="40,5200,0" yaku="0,1,29,2" doraHai="40" who="3" fromWho="3" sc="378,-13,230,-13,163,-26,219,62" /><INIT seed="7,0,0,3,0,105" ten="365,217,137,281" oya="3" hai0="69,125,76,50,132,39,77,27,79,101,21,9,68" hai1="86,55,58,47,103,124,119,90,11,6,102,131,31" hai2="94,123,73,3,7,18,35,130,91,14,63,110,51" hai3="13,98,34,23,65,95,48,81,28,111,80,114,84"/><W85/><G34/><T19/><D39/><U107/><E124/><V40/><F110/><W64/><G111/><T0/><D125/><U62/><E131/><V88/><F130/><W2/><G2/><T75/><D75/><U53/><E107/><V56/><F123/><W42/><G114/><T26/><D132/><U60/><E31/><V108/><F108/><W82/><G84/><T5/><D101/><U104/><E104/><V33/><F7/><W43/><G85/><T29/><REACH who="0" step="1"/><D50/><REACH who="0" ten="355,217,137,281" step="2"/><U45/><E119/><V92/><F3/><W116/><G116/><T15/><D15/><U1/><E102/><V70/><F73/><W61/><G48/><T135/><D135/><U117/><E103/><V66/><F92/><W44/><G44/><T134/><D134/><U67/><E117/><V112/><F112/><W126/><G126/><T133/><D133/><U16/><E45/><V128/><F128/><W41/><G61/><T12/><D12/><U106/><E60/><V30/><F30/><W52/><G28/><T93/><D93/><U49/><E47/><V72/><F72/><W97/><G95/><T96/><D96/><N who="3" m="36969" /><G23/><AGARI ba="0,1" hai="0,5,9,19,21,23,26,27,29,68,69,76,77,79" machi="23" ten="40,1300,0" yaku="1,1,53,0" doraHai="105" doraHaiUra="37" who="0" fromWho="3" sc="355,23,217,0,137,0,281,-13" owari="378,47.0,217,-18.0,137,-36.0,268,7.0" /></mjloggm>