<mjloggm ver="2.3"><GO type="97" lobby="0"/><UN n0="%E5%B8%B8%E5%A4%8F%E3%83%91%E3%82%A4%E5%8A%A9" n1="%E3%81%AD%E3%81%A1%E6%9D%91%EF%BC%A0%E5%B7%9D%E6%9D%91%E8%BB%8D%E5%9B%A3" n2="%73%61%73%69%6D%69%6E" n3="%E5%B0%B1%E6%B4%BB%E7%94%9F%40%E5%B7%9D%E6%9D%91%E8%BB%8D%E5%9B%A3" dan="14,13,13,15" rate="1942.65,1821.18,1844.20,2040.63" sx="F,M,M,M"/><TAIKYOKU oya="0"/><INIT seed="0,0,0,4,5,124" ten="250,250,250,250" oya="0" hai0="42,56,65,115,73,78,4,108,86,81,27,107,134" hai1="90,24,9,96,17,38,69,104,44,129,100,37,79" hai2="67,120,33,46,74,123,5,70,118,25,11,112,54" hai3="60,47,97,119,84,125,19,20,91,29,53,117,72"/><T22/><D115/><U43/><E69/><V7/><F112/><W58/><G72/><T101/><D134/><U15/><E79/><V41/><F74/><W23/><G125/><T92/><D4/><U52/><E90/><V105/><F105/><W2/><G2/><T6/><D6/><U77/><E77/><V39/><F5/><W31/><G97/><T109/><D42/><U14/><E24/><V98/><F98/><W10/><G47/><T66/><D56/><U50/><E15/><V127/><F54/><W49/><G60/><T102/><D102/><U87/><E87/><V61/><F127/><W34/><G34/><T75/><D75/><U51/><REACH who="1" step="1"/><E129/><REACH who="1" ten="250,240,250,250" step="2"/><V68/><F118/><W114/><G91/><T36/><D73/><U32/><E32/><V64/><F70/><W21/><G84/><T131/><D131/><U83/><E83/><V126/><F126/><W95/><G119/><T8/><D86/><U59/><AGARI ba="0,1" hai="9,14,17,37,38,43,44,50,51,52,59,96,100,104" machi="59" ten="20,5200,0" yaku="1,1,0,1,7,1,54,1,53,0" doraHai="124" doraHaiUra="0" who="1" fromWho="1" sc="250,-26,240,62,250,-13,250,-13" /><INIT seed="1,0,0,3,0,133" ten="224,302,237,237" oya="1" hai0="1,112,95,58,3,104,82,64,51,13,63,12,127" hai1="15,35,18,19,55,29,40,68,28,135,81,131,9" hai2="31,73,83,106,54,107,66,87,32,59,17,34,115" hai3="122,43,78,89,11,46,39,109,65,85,6,22,67"/><U2/><E68/><V130/><F130/><W10/><G109/><T45/><D104/><U121/><E40/><V49/><F73/><W98/><G122/><T4/><D95/><U86/><E121/><V90/><F115/><W27/><G78/><T88/><D127/><U80/><E2/><V61/><F17/><W126/><G98/><T33/><D33/><U128/><E55/><V20/><F20/><W69/><G69/><T7/><D7/><N who="1" m="3519" /><E135/><V92/><F83/><N who="1" m="31817" /><E86/><V70/><REACH who="2" step="1"/><F31/><REACH who="2" ten="224,302,227,237" step="2"/><N who="1" m="11849" /><E35/><AGARI ba="0,1" hai="32,34,35,49,54,59,61,66,70,87,90,92,106,107" machi="35" ten="40,1300,0" yaku="1,1,53,0" doraHai="133" doraHaiUra="0" who="2" fromWho="1" sc="224,0,302,-13,227,23,237,0" /><INIT seed="2,0,0,2,1,80" ten="224,289,250,237" oya="2" hai0="125,33,97,109,66,44,62,6,92,93,118,21,43" hai1="42,113,40,119,133,18,20,84,111,132,32,59,61" hai2="8,46,19,30,91,105,25,73,51,15,103,88,41" hai3="60,29,12,26,120,83,110,56,98,85,112,0,9"/><V131/><F73/><W94/><G110/><T101/><D109/><U100/><E32/><V3/><F3/><W7/><G120/><T96/><D125/><U31/><E111/><V129/><F103/><W50/><G112/><T49/><D33/><U53/><E31/><V16/><F19/><W135/><G135/><N who="1" m="51786" /><E113/><V38/><F105/><W58/><G50/><T71/><D6/><U35/><E35/><V127/><F38/><W70/><G70/><T130/><D130/><N who="2" m="49674" /><F127/><W75/><G75/><T28/><D21/><AGARI ba="0,0" hai="8,15,16,21,25,30,41,46,51,88,91" m="49674" machi="21" ten="30,5800,0" yaku="19,1,54,2" doraHai="80" who="2" fromWho="0" sc="224,-58,289,0,250,58,237,0" /><INIT seed="2,1,0,0,1,50" ten="166,289,308,237" oya="2" hai0="85,116,124,29,17,82,93,103,95,130,119,32,84" hai1="61,28,9,108,72,55,78,39,52,65,64,111,120" hai2="92,99,19,89,34,18,10,100,69,63,1,114,47" hai3="88,96,102,66,21,57,16,67,54,77,112,27,135"/><V14/><F114/><W51/><G135/><T20/><D32/><U107/><E107/><V3/><F34/><W90/><G77/><T79/><D29/><U22/><E39/><V68/><F47/><W80/><G112/><T58/><D130/><U126/><E120/><V73/><F73/><W23/><G21/><T123/><D123/><U15/><E126/><V2/><F63/><W46/><G80/><T40/><D124/><U83/><E22/><V115/><F115/><W56/><G56/><T105/><D105/><U35/><E28/><V24/><F100/><W122/><G122/><T7/><D40/><U101/><E64/><N who="3" m="24618" /><G57/><T30/><D58/><N who="1" m="37047" /><E101/><V6/><REACH who="2" step="1"/><F24/><REACH who="2" ten="166,289,298,237" step="2"/><W41/><G41/><T75/><D103/><U12/><E35/><V104/><F104/><W42/><G42/><T13/><D75/><U0/><E0/><V94/><F94/><AGARI ba="1,1" hai="16,23,27,46,51,54,88,90,94,96,102" m="24618" machi="94" ten="30,7700,0" yaku="8,1,52,1,54,2" doraHai="50" who="3" fromWho="2" sc="166,0,289,0,298,-80,237,90" /><INIT seed="3,0,0,0,4,108" ten="166,289,218,327" oya="3" hai0="82,47,29,5,45,1,132,90,25,61,31,124,70" hai1="57,120,119,44,51,46,92,74,3,65,50,88,35" hai2="91,128,60,114,34,115,111,54,48,8,41,18,56" hai3="9,42,101,11,116,97,26,87,78,33,105,10,30"/><W84/><G116/><T72/><D132/><U94/><E35/><V12/><F34/><W76/><REACH who="3" step="1"/><G42/><REACH who="3" ten="166,289,218,317" step="2"/><T133/><D133/><U81/><E119/><V126/><F41/><W75/><G75/><T21/><D72/><U106/><E3/><V4/><F111/><W83/><G83/><T6/><D124/><U113/><E120/><V123/><F126/><W122/><G122/><T24/><D82/><U127/><E127/><V69/><F123/><W79/><AGARI ba="0,1" hai="9,10,11,26,30,33,76,78,79,84,87,97,101,105" machi="79" ten="30,3000,0" yaku="1,1,0,1,53,0" doraHai="108" doraHaiUra="14" who="3" fromWho="3" sc="166,-10,289,-10,218,-10,317,40" owari="156,-34.0,279,8.0,208,-19.0,357,45.0" /></mjloggm>