<mjloggm ver="2.3"><GO type="97" lobby="0"/><UN n0="%75%6F%6B%6B%61%34%39%34" n1="%E7%B4%85%40%E6%9D%8F%E6%9D%8F%E8%BB%8D%E5%9C%98" n2="%E5%B6%BA%E4%B8%8A%E9%86%A4%40%E6%9D%8F%E6%9D%8F%E8%BB%8D%E5%9C%98" n3="%E5%B0%B1%E6%B4%BB%E7%94%9F%40%E5%B7%9D%E6%9D%91%E8%BB%8D%E5%9B%A3" dan="15,14,14,14" rate="1988.86,1950.73,1986.10,1976.97" sx="M,F,M,M"/><TAIKYOKU oya="0"/><INIT seed="0,0,0,3,2,42" ten="250,250,250,250" oya="0" hai0="6,104,98,69,13,16,95,135,63,107,129,118,115" hai1="22,43,33,96,46,112,111,109,1,106,28,57,2" hai2="117,32,88,122,4,14,8,90,39,77,3,31,11" hai3="51,94,62,74,19,92,34,70,25,68,41,100,15"/><T45/><D118/><U71/><E71/><V29/><F122/><W0/><G74/><T102/><D115/><U87/><E57/><V125/><F117/><W86/><G0/><T91/><D129/><U30/><E112/><V76/><F39/><W7/><G70/><T119/><D119/><U64/><E64/><V97/><F125/><W127/><G127/><T23/><D135/><U59/><E59/><V120/><F120/><W53/><G41/><T27/><D45/><U114/><E114/><V12/><F3/><W126/><G7/><T132/><D132/><U50/><E87/><V133/><F133/><W105/><G105/><T35/><D102/><N who="1" m="62791" /><E33/><V85/><F32/><W73/><G73/><T49/><D49/><U89/><E89/><N who="2" m="34411" /><F97/><W93/><G126/><T54/><D54/><U24/><E28/><N who="2" m="10827" /><F85/><W134/><G134/><T44/><D35/><U37/><E37/><V67/><F67/><W38/><G34/><T80/><D69/><U82/><E82/><V72/><F72/><W103/><G38/><T110/><D107/><U99/><E99/><V60/><F60/><W21/><G62/><T128/><D63/><U121/><E121/><V18/><AGARI ba="0,0" hai="4,8,11,12,14,18,76,77" m="10827,34411" machi="18" ten="30,2000,0" yaku="8,1,54,1" doraHai="42" who="2" fromWho="2" sc="250,-10,250,-5,250,20,250,-5" /><INIT seed="1,0,0,0,2,101" ten="240,245,270,245" oya="1" hai0="3,9,134,76,128,31,116,125,6,77,133,106,81" hai1="40,102,82,62,75,28,24,100,86,59,103,131,46" hai2="114,47,84,15,5,58,122,72,78,61,56,27,29" hai3="39,30,60,123,135,54,37,16,14,68,51,99,74"/><U10/><E75/><V110/><F122/><W52/><G74/><T120/><D116/><U34/><E131/><V105/><F110/><W36/><G123/><T17/><D120/><U73/><E73/><V94/><F72/><W109/><G109/><T90/><D128/><U66/><E10/><V129/><F129/><W91/><G135/><T124/><D31/><U121/><E121/><V43/><F105/><W8/><G30/><T26/><D106/><U83/><REACH who="1" step="1"/><E86/><REACH who="1" ten="240,235,270,245" step="2"/><V33/><F84/><W130/><G130/><T23/><D81/><U126/><E126/><N who="0" m="48745" /><D90/><U50/><AGARI ba="0,1" hai="24,28,34,40,46,50,59,62,66,82,83,100,102,103" machi="50" ten="30,3000,0" yaku="1,1,0,1,53,0" doraHai="101" doraHaiUra="85" who="1" fromWho="1" sc="240,-10,235,40,270,-10,245,-10" /><INIT seed="1,1,0,0,1,52" ten="230,275,260,235" oya="1" hai0="87,49,125,126,114,28,19,32,109,26,71,3,20" hai1="37,6,58,33,103,64,42,40,75,99,45,106,22" hai2="79,54,113,102,27,82,46,76,105,123,9,38,94" hai3="121,78,51,120,93,129,48,43,117,83,110,97,56"/><U17/><E33/><V70/><F70/><W66/><G117/><T68/><D114/><U131/><E131/><V98/><F123/><W62/><G129/><T65/><D3/><U116/><E116/><V23/><F113/><W16/><G110/><T34/><D109/><U55/><E75/><V77/><F9/><W96/><G121/><T25/><D34/><U91/><E91/><V44/><F38/><W47/><G120/><T115/><D115/><U107/><E6/><V69/><F69/><W15/><G51/><T132/><D132/><U84/><E42/><V0/><F0/><W4/><G4/><T134/><D134/><U119/><E119/><V2/><F2/><W67/><G67/><T5/><D5/><U61/><E84/><V72/><F54/><W11/><REACH who="3" step="1"/><G93/><REACH who="3" ten="230,275,260,225" step="2"/><T100/><D65/><U92/><E64/><V59/><F94/><W29/><G29/><T130/><D28/><U124/><E124/><V24/><F105/><W127/><G127/><T101/><D49/><U12/><AGARI ba="1,1" hai="12,17,22,37,40,45,55,58,61,92,99,103,106,107" machi="12" ten="20,3900,0" yaku="0,1,7,1,52,1" doraHai="52" who="1" fromWho="1" sc="230,-14,275,52,260,-14,225,-14" /><INIT seed="1,2,0,1,5,91" ten="216,327,246,211" oya="1" hai0="64,3,100,40,82,24,39,33,86,74,21,116,87" hai1="101,135,16,132,92,69,93,85,122,5,25,43,112" hai2="94,71,96,48,106,78,77,73,52,51,53,13,134" hai3="59,117,97,105,58,47,44,29,129,55,19,84,88"/><U126/><E122/><V66/><F106/><W31/><G117/><T123/><D116/><U81/><E69/><V128/><F128/><W63/><G105/><T0/><D123/><U72/><E112/><V23/><F134/><N who="1" m="51241" /><E72/><V17/><F73/><W115/><G97/><T61/><D33/><U30/><E43/><V36/><F36/><W114/><G129/><T76/><D100/><U57/><E126/><V79/><F71/><W133/><G133/><T22/><D22/><N who="1" m="13511" /><E101/><N who="2" m="60567" /><F66/><N who="3" m="39287" /><G19/><T26/><D26/><U70/><E5/><V107/><F107/><W9/><G9/><T83/><D40/><U27/><E70/><V75/><F75/><W34/><G34/><T104/><D39/><U41/><E57/><V80/><F80/><N who="3" m="49159" /><G115/><T10/><D74/><U121/><E41/><V125/><F125/><W65/><G65/><T111/><D10/><U2/><E2/><V11/><F11/><W50/><G114/><T15/><D0/><U98/><E98/><V102/><F102/><W95/><G95/><T118/><D3/><U54/><E54/><AGARI ba="2,0" hai="13,17,23,48,51,52,53,54,77,78,79" m="60567" machi="54" ten="30,3900,0" yaku="8,1,52,1,54,1" doraHai="91" who="2" fromWho="1" sc="216,0,327,-45,246,45,211,0" /><INIT seed="2,0,0,2,4,107" ten="216,282,291,211" oya="2" hai0="111,128,63,19,3,98,4,84,46,5,69,35,82" hai1="10,2,37,75,31,17,117,89,52,41,87,49,16" hai2="54,113,81,115,60,133,36,102,116,13,74,42,33" hai3="39,120,109,70,22,88,47,55,44,30,77,11,91"/><V25/><F116/><W56/><G70/><T90/><D35/><U99/><E31/><V57/><F133/><W121/><G77/><T64/><D128/><U127/><E117/><V7/><F102/><W1/><G109/><T58/><D111/><U123/><E123/><V86/><F25/><W97/><G1/><T21/><D3/><U62/><E127/><V132/><F132/><W38/><G11/><T103/><D46/><U34/><E99/><V118/><F118/><W66/><G66/><T110/><D110/><U108/><E62/><V51/><F33/><W8/><G8/><T9/><D9/><U24/><E34/><V27/><F27/><W92/><G44/><T73/><D73/><U32/><E75/><V14/><F7/><W122/><G91/><T80/><D80/><U29/><E89/><V93/><F36/><W96/><G96/><T131/><D131/><U94/><E37/><V85/><F42/><W105/><G105/><T76/><D76/><U126/><E41/><V100/><F60/><W101/><G47/><T68/><D68/><U53/><E108/><V112/><F74/><W59/><G59/><T83/><D83/><U48/><E10/><V72/><F72/><W0/><G0/><T26/><D69/><U134/><E134/><V135/><F135/><W114/><G101/><T65/><D65/><U18/><E2/><V61/><F61/><N who="3" m="35999" /><G114/><T129/><D129/><U28/><E32/><V67/><F67/><W40/><G40/><T79/><D79/><U95/><E53/><V71/><F113/><W20/><G30/><T45/><D45/><RYUUKYOKU ba="0,0" sc="216,15,282,-15,291,-15,211,15" hai0="4,5,19,21,26,58,63,64,82,84,90,98,103" hai3="20,22,38,39,88,92,97,120,121,122" /><INIT seed="3,1,0,0,3,79" ten="231,267,276,226" oya="3" hai0="17,69,34,87,20,115,16,98,49,61,70,64,110" hai1="2,38,55,29,114,19,35,39,119,86,7,18,58" hai2="100,46,22,76,103,68,1,77,67,43,122,27,6" hai3="56,88,105,120,12,118,4,25,31,52,117,71,72"/><W24/><G120/><T75/><D75/><U10/><E114/><V109/><F122/><W83/><G71/><T36/><D34/><U127/><E119/><V94/><F109/><W28/><G105/><T23/><D36/><U93/><E127/><V116/><F116/><W3/><G3/><T53/><D115/><U66/><E66/><V92/><F6/><W74/><G74/><T13/><D110/><U89/><E29/><N who="3" m="11338" /><G72/><T133/><D133/><U80/><E35/><V82/><F1/><W91/><G118/><T65/><D98/><U112/><E112/><V60/><F77/><W63/><G117/><T128/><D128/><U57/><E57/><V42/><F103/><W90/><G83/><T96/><D96/><U37/><REACH who="1" step="1"/><E93/><REACH who="1" ten="231,257,276,226" step="2"/><V130/><F94/><W99/><G99/><T132/><D70/><U33/><E33/><V9/><F92/><W45/><G45/><T134/><D134/><U84/><E84/><V11/><F46/><W111/><G111/><T51/><D132/><U78/><E78/><V50/><F76/><W44/><G44/><T47/><D47/><U5/><E5/><V59/><F68/><W104/><G104/><T102/><D69/><U135/><E135/><V121/><F121/><W8/><AGARI ba="1,1" hai="4,8,12,24,25,52,56,63,88,90,91" m="11338" machi="8" ten="30,6000,0" yaku="8,1,54,2" doraHai="79" who="3" fromWho="3" sc="231,-21,257,-21,276,-21,226,73" /><INIT seed="3,2,0,0,0,83" ten="210,236,255,299" oya="3" hai0="78,64,33,42,93,6,58,31,22,96,35,119,80" hai1="113,13,36,72,118,128,2,32,95,71,44,55,103" hai2="48,11,47,109,21,134,29,120,54,77,101,3,115" hai3="70,114,23,99,98,34,41,16,94,19,49,46,67"/><W84/><G34/><T132/><D119/><U12/><E72/><V28/><F115/><W135/><G114/><T110/><D132/><U61/><E32/><V45/><F109/><W17/><G135/><T81/><D110/><U102/><E113/><V121/><F134/><W91/><REACH who="3" step="1"/><G23/><REACH who="3" ten="210,236,255,289" step="2"/><T112/><D112/><U76/><E118/><V125/><F21/><W75/><G75/><T79/><D35/><U60/><E128/><V108/><F108/><W131/><G131/><T104/><D33/><U10/><E10/><V126/><F11/><W123/><G123/><T87/><D6/><U130/><E130/><V52/><F3/><W90/><G90/><N who="0" m="55351" /><D104/><U7/><E2/><V57/><F77/><N who="0" m="29194" /><D22/><U18/><E76/><V133/><F133/><W15/><G15/><T82/><D31/><U74/><E13/><V66/><F121/><W53/><G53/><T4/><D4/><U39/><E12/><V111/><F120/><W5/><G5/><T50/><D42/><U127/><E7/><V24/><F111/><W88/><G88/><N who="0" m="51303" /><D64/><U129/><E129/><V1/><F66/><W59/><G59/><T68/><D68/><U8/><E71/><V0/><F57/><W116/><G116/><T56/><D56/><U63/><E55/><AGARI ba="2,1" hai="50,55,58,81,82" m="51303,29194,55351" machi="55" ten="30,3900,0" yaku="8,1,52,1,54,1" doraHai="83" who="0" fromWho="1" sc="210,55,236,-45,255,0,289,0" /><INIT seed="4,0,0,5,2,11" ten="265,191,255,289" oya="0" hai0="29,42,16,63,49,83,69,5,36,64,111,19,80" hai1="121,68,125,130,81,54,59,129,105,45,46,24,62" hai2="18,100,106,47,20,97,74,13,73,109,67,104,91" hai3="10,9,75,34,101,98,96,15,112,65,0,113,124"/><T7/><D36/><U30/><E105/><V37/><F109/><W26/><G75/><T89/><D111/><U76/><E68/><V90/><F67/><W2/><G65/><T120/><D120/><U50/><E121/><V126/><F126/><W31/><G124/><T131/><D131/><N who="1" m="50187" /><E125/><V108/><F108/><W117/><G117/><T12/><D29/><U77/><E46/><V51/><F37/><W3/><G10/><T58/><D19/><U71/><E71/><V28/><F28/><W23/><G34/><T132/><D132/><U123/><E123/><V79/><F106/><W78/><G78/><T25/><D25/><U40/><E81/><N who="0" m="31305" /><D89/><U107/><E107/><V22/><F22/><AGARI ba="0,0" hai="22,24,30,40,45,50,54,59,62,76,77" m="50187" machi="22" ten="30,1000,0" yaku="19,1" doraHai="11" who="1" fromWho="2" sc="265,0,191,10,255,-10,289,0" /><INIT seed="5,0,0,5,5,120" ten="265,201,245,289" oya="1" hai0="33,87,31,19,94,93,42,72,1,82,34,8,128" hai1="95,124,127,27,132,98,22,45,105,13,85,25,17" hai2="83,61,110,54,9,60,117,12,6,88,125,78,14" hai3="2,50,11,28,73,81,49,133,97,114,38,53,40"/><U104/><E45/><V36/><F110/><W10/><G38/><T52/><D72/><U51/><E51/><V118/><F36/><W69/><G69/><T56/><D128/><U44/><E44/><V64/><F125/><N who="1" m="48201" /><E85/><V71/><F14/><W4/><G114/><T5/><D42/><U18/><E132/><V67/><F54/><W131/><G131/><T84/><D94/><U59/><E59/><V15/><F12/><W90/><G133/><T79/><D19/><U116/><E116/><V16/><F6/><W30/><G73/><T20/><D93/><U76/><E76/><V0/><F0/><W109/><G109/><T74/><D87/><U75/><E75/><V122/><F122/><W107/><G107/><N who="1" m="41034" /><E18/><V58/><REACH who="2" step="1"/><F88/><AGARI ba="0,0" hai="13,17,22,25,27,88,95,98" m="41034,48201" machi="88" ten="30,2900,0" yaku="18,1,54,1" doraHai="120" who="1" fromWho="2" sc="265,0,201,29,245,-29,289,0" /><INIT seed="5,1,0,1,2,129" ten="265,230,216,289" oya="1" hai0="19,80,127,13,10,49,89,103,6,122,47,22,84" hai1="62,75,111,36,12,74,110,21,60,5,116,51,72" hai2="124,14,2,26,25,32,101,46,77,86,112,96,59" hai3="114,9,34,106,37,39,93,61,117,132,66,52,24"/><U91/><E36/><V108/><F108/><N who="1" m="41513" /><E116/><V79/><F2/><W23/><G106/><T135/><D122/><U38/><E38/><V126/><F46/><W45/><G34/><T58/><D127/><N who="2" m="48682" /><F14/><W56/><G132/><T33/><D33/><U92/><E51/><V68/><F68/><W130/><G130/><T41/><D135/><U0/><E0/><V50/><F112/><W20/><G114/><T128/><D128/><U67/><E67/><V27/><F32/><W113/><G113/><T65/><D103/><U17/><E5/><V31/><F31/><W35/><G35/><T8/><D6/><U85/><AGARI ba="1,0" hai="12,17,21,60,62,72,74,75,85,91,92" m="41513" machi="85" ten="40,2100,0" yaku="10,1" doraHai="129" who="1" fromWho="1" sc="265,-8,230,24,216,-8,289,-8" /><INIT seed="5,2,0,2,0,123" ten="257,254,208,281" oya="1" hai0="101,18,102,2,98,57,88,14,86,128,15,135,110" hai1="126,115,112,48,103,32,56,108,17,82,109,6,25" hai2="59,106,87,21,95,118,50,129,83,121,4,23,119" hai3="134,71,79,89,26,11,127,61,64,58,51,34,9"/><U36/><E6/><V49/><F106/><W33/><G127/><T29/><D2/><U77/><E36/><V74/><F121/><W90/><G134/><T70/><D70/><U91/><E126/><V78/><F129/><W40/><G34/><T105/><D135/><U107/><E112/><V66/><F4/><W42/><G33/><T12/><D102/><U130/><E115/><V3/><F3/><W68/><G26/><T124/><D124/><U38/><E130/><V99/><F74/><W45/><G40/><T13/><D128/><U133/><E38/><V63/><F119/><W46/><G79/><T47/><D29/><N who="1" m="19503" /><E133/><V72/><F118/><W35/><G35/><T1/><D1/><U84/><E17/><V92/><F72/><W52/><G71/><T73/><D73/><U22/><E22/><N who="2" m="8203" /><F95/><W20/><G20/><T53/><D47/><U132/><E132/><V7/><F7/><W104/><G46/><T76/><D76/><U80/><E103/><AGARI ba="2,0" hai="49,50,59,63,66,78,83,87,92,99,103" m="8203" machi="103" ten="30,1000,0" yaku="8,1" doraHai="123" who="2" fromWho="1" sc="257,0,254,-16,208,16,281,0" /><INIT seed="6,0,0,0,5,75" ten="257,238,224,281" oya="2" hai0="101,14,5,122,84,0,131,3,123,70,29,27,63" hai1="24,128,33,7,46,59,35,68,67,53,58,39,78" hai2="48,32,47,89,87,93,119,38,60,81,19,127,64" hai3="50,65,12,31,9,11,2,120,49,74,124,79,37"/><V104/><F119/><W114/><G37/><T118/><D118/><U100/><E7/><V117/><F117/><W121/><G2/><T102/><D131/><U96/><E128/><V103/><F38/><W21/><G65/><T34/><D0/><U135/><E135/><V1/><F1/><W4/><G124/><T125/><D3/><U36/><E78/><V54/><F32/><W109/><G109/><T18/><D5/><U61/><E24/><V42/><F127/><W71/><G71/><T13/><D125/><U23/><E23/><V72/><F19/><W20/><G114/><T126/><D126/><U43/><E39/><V92/><F42/><W52/><G49/><T66/><D13/><U105/><E59/><V44/><F44/><W132/><G132/><T56/><D70/><U73/><REACH who="1" step="1"/><E73/><REACH who="1" ten="257,228,224,281" step="2"/><V133/><F133/><W83/><G11/><T22/><D34/><U76/><E76/><V8/><F72/><W25/><G21/><T98/><D22/><U57/><E57/><AGARI ba="0,1" hai="4,9,12,20,25,31,50,52,57,74,79,83,120,121" machi="57" ten="30,3900,0" yaku="7,1,52,1,54,1" doraHai="75" who="3" fromWho="1" sc="257,0,228,-39,224,0,281,49" owari="257,6.0,189,-31.0,224,-18.0,330,43.0" /></mjloggm>