<mjloggm ver="2.3"><GO type="225" lobby="0"/><UN n0="%E3%83%A2%E3%83%B3%E3%83%88%E3%83%AA%E3%83%BC%E3%83%B4%E3%82%A9" n1="%E3%81%BF%E3%81%A3%E3%81%A4%E3%81%83%EF%BD%9E" n2="%E3%83%88%E3%83%88%E3%83%AA%E5%85%88%E7%94%9F%31%39%E6%AD%B3" n3="%E7%94%98%E7%B2%95%E3%81%A4%E3%81%B0%E3%82%81" dan="16,18,18,16" rate="2134.01,2157.14,2272.49,2105.37" sx="M,F,F,F"/><TAIKYOKU oya="0"/><INIT seed="0,0,0,2,2,71" ten="250,250,250,250" oya="0" hai0="29,68,1,58,92,96,127,70,131,86,20,65,23" hai1="114,45,49,91,62,35,44,79,119,102,76,64,50" hai2="110,117,108,15,90,97,9,88,109,95,93,38,39" hai3="122,53,51,42,18,133,21,56,78,27,98,16,121"/><T89/><D1/><U112/><E35/><V54/><F54/><W37/><G133/><T82/><D127/><U63/><E119/><V105/><F105/><W26/><G78/><N who="1" m="29738" /><E102/><V2/><F2/><W116/><G116/><T52/><D131/><U99/><E64/><V4/><F117/><W12/><G98/><AGARI ba="0,0" hai="4,9,15,38,39,88,90,93,95,97,98,108,109,110" machi="98" ten="40,8000,1" yaku="9,1,14,1,52,2,54,1" doraHai="71" who="2" fromWho="3" sc="250,0,250,0,250,80,250,-80" /><INIT seed="1,0,0,3,2,131" ten="250,250,330,170" oya="1" hai0="13,99,11,78,18,111,27,50,86,108,77,113,121" hai1="66,36,26,115,33,110,35,69,8,112,64,80,44" hai2="96,32,124,4,98,14,91,97,132,24,67,40,75" hai3="3,0,74,133,52,20,87,43,56,117,103,21,93"/><U39/><E8/><N who="2" m="4359" /><F124/><W72/><G43/><T84/><D113/><U17/><E80/><V92/><F75/><W127/><G127/><T15/><D27/><U89/><E26/><V29/><F32/><W94/><G87/><N who="0" m="33323" /><D121/><U105/><E17/><V49/><F132/><W116/><G56/><T126/><D99/><N who="2" m="37962" /><F67/><W134/><G52/><T60/><D60/><U58/><E58/><V37/><F37/><W120/><REACH who="3" step="1"/><G103/><REACH who="3" ten="250,250,330,160" step="2"/><T73/><D126/><U53/><E53/><V90/><F40/><W114/><G114/><T79/><D73/><U122/><E115/><V6/><F49/><W104/><G104/><T47/><D111/><U102/><E110/><V95/><F98/><W109/><G109/><T82/><D108/><U63/><E105/><V7/><F91/><W119/><G119/><T71/><D50/><U10/><E89/><V88/><F90/><W70/><G70/><T81/><D71/><U85/><E69/><V59/><F59/><W57/><G57/><T135/><D47/><U9/><E44/><V61/><F88/><W41/><G41/><T19/><D79/><U25/><E85/><V2/><F61/><W12/><G12/><T28/><D78/><U16/><E63/><V68/><F68/><W107/><G107/><T5/><D77/><U123/><E102/><V62/><F62/><W106/><G106/><T125/><D125/><U100/><E100/><V101/><F101/><W31/><G31/><T51/><D28/><U118/><E112/><V46/><F46/><W129/><G129/><T38/><D51/><U128/><E118/><V76/><F29/><RYUUKYOKU ba="0,1" sc="250,-10,250,-10,330,-10,160,30" hai3="0,3,20,21,72,74,93,94,116,117,120,133,134" /><INIT seed="2,1,1,2,0,13" ten="240,240,320,190" oya="2" hai0="72,29,132,24,76,99,35,117,89,5,4,50,127" hai1="28,0,47,53,121,61,97,6,41,116,48,2,42" hai2="131,19,11,75,10,32,31,111,78,133,85,65,114" hai3="8,56,9,68,67,60,96,44,94,36,81,18,40"/><V20/><F114/><W43/><G43/><T71/><D71/><U15/><E116/><V33/><F75/><W66/><G81/><T129/><D117/><U126/><E126/><V95/><F131/><W64/><G68/><T21/><D129/><U49/><E121/><V118/><F118/><W100/><REACH who="3" step="1"/><G8/><REACH who="3" ten="240,240,320,180" step="2"/><T103/><D127/><U93/><E42/><V3/><F10/><W34/><G34/><T84/><D35/><U51/><E41/><V74/><F11/><W7/><G7/><T23/><D5/><U46/><E6/><V22/><F33/><W87/><G87/><T54/><D4/><U26/><E2/><V30/><F85/><W69/><G69/><T12/><D84/><U1/><E0/><V124/><F32/><W104/><G104/><T73/><D73/><U134/><E1/><V80/><F3/><W122/><G122/><T125/><D72/><U38/><E38/><V57/><F124/><W101/><G101/><T45/><D103/><U108/><E47/><V88/><F80/><W55/><G55/><T86/><D86/><U77/><E53/><V16/><F74/><W113/><G113/><T106/><D106/><U17/><E46/><V110/><F95/><W58/><G58/><T82/><D82/><U112/><E93/><V123/><F57/><W70/><G70/><T91/><D125/><U37/><E112/><V130/><F123/><W90/><G90/><T120/><D120/><U119/><E119/><V115/><F88/><W109/><G109/><N who="2" m="41481" /><F115/><W14/><AGARI ba="1,2" hai="9,14,18,36,40,44,56,60,64,66,67,94,96,100" machi="14" ten="30,4000,0" yaku="1,1,0,1,52,1,53,0" doraHai="13" doraHaiUra="105" who="3" fromWho="3" sc="240,-11,240,-11,320,-21,180,63" /><INIT seed="3,0,0,4,4,117" ten="229,229,299,243" oya="3" hai0="46,87,8,12,69,41,33,32,15,43,100,52,5" hai1="131,34,60,26,4,90,44,25,29,70,86,71,104" hai2="28,6,39,11,101,3,47,57,95,98,83,30,50" hai3="27,122,23,2,133,7,17,134,103,106,49,76,20"/><W61/><G122/><T54/><D69/><U22/><E104/><V115/><F115/><W130/><G76/><T68/><D68/><U35/><E131/><V110/><F110/><W79/><G79/><T65/><D65/><U121/><E121/><V102/><F39/><W75/><G75/><T124/><D124/><U111/><E111/><V51/><F101/><W19/><G130/><T21/><D100/><U58/><E4/><V114/><F114/><W18/><G61/><T89/><D32/><U42/><E70/><V74/><F74/><W67/><G67/><T120/><D33/><U73/><E71/><V135/><F135/><W128/><G49/><N who="0" m="28727" /><D54/><U63/><E73/><V96/><F96/><N who="3" m="61799" /><G128/><T116/><D116/><U53/><E26/><V85/><F57/><W10/><G27/><T66/><D66/><U94/><REACH who="1" step="1"/><E63/><REACH who="1" ten="229,219,299,243" step="2"/><V91/><F51/><AGARI ba="0,1" hai="22,25,29,34,35,42,44,51,53,58,60,86,90,94" machi="51" ten="30,3900,0" yaku="1,1,2,1,7,1,53,0" doraHai="117" doraHaiUra="62" who="1" fromWho="2" sc="229,0,219,49,299,-39,243,0" /><INIT seed="4,0,0,2,0,86" ten="229,268,260,243" oya="0" hai0="39,126,26,64,130,95,21,1,76,70,75,124,4" hai1="120,135,25,60,102,37,84,121,77,20,28,51,53" hai2="80,57,81,115,97,31,19,58,98,119,11,116,66" hai3="125,71,35,99,22,10,101,47,34,128,15,3,73"/><T40/><D130/><U114/><E37/><V32/><F115/><W27/><G73/><T133/><D133/><U5/><E135/><V43/><F43/><W67/><G3/><T52/><D70/><U42/><E114/><V117/><F32/><W63/><G125/><N who="0" m="48235" /><D64/><U17/><E102/><V56/><F31/><W110/><G110/><T131/><D131/><U14/><E5/><V94/><F66/><W7/><G47/><N who="0" m="23967" /><D95/><U100/><E100/><V122/><F122/><W112/><G112/><T78/><D75/><U113/><E113/><V68/><F68/><W129/><G129/><T79/><D52/><U83/><E60/><V90/><F98/><W6/><G6/><T50/><D50/><U85/><E42/><V91/><F91/><W8/><G8/><N who="0" m="2063" /><D79/><U92/><E121/><V54/><F54/><W36/><G36/><T89/><D89/><N who="1" m="53295" /><E120/><V88/><F90/><W2/><G128/><T13/><D13/><AGARI ba="0,0" hai="11,13,19,56,57,58,80,81,88,94,97,116,117,119" machi="13" ten="50,6400,0" yaku="12,1,52,1,54,1" doraHai="86" who="2" fromWho="0" sc="229,-64,268,0,260,64,243,0" owari="165,-33.0,268,7.0,324,42.0,243,-16.0" /></mjloggm>