<mjloggm ver="2.3"><GO type="41" lobby="0"/><UN n0="%E5%B0%B1%E6%B4%BB%E7%94%9F%40%E5%B7%9D%E6%9D%91%E8%BB%8D%E5%9B%A3" n1="%33%39%38%38" n2="%74%61%69%6C%6C%61%6D%70" n3="%67%61%79%75%6E%79" dan="17,13,13,14" rate="2162.51,1870.32,1849.75,1915.31" sx="M,M,M,M"/><TAIKYOKU oya="0"/><INIT seed="0,0,0,1,1,101" ten="250,250,250,250" oya="0" hai0="81,92,0,12,132,23,69,66,102,112,125,88,103" hai1="113,42,104,18,57,98,34,96,24,32,61,9,130" hai2="38,68,70,5,21,10,75,44,131,53,129,97,76" hai3="128,60,56,71,77,93,87,6,95,4,80,73,67"/><T100/><D0/><U59/><E42/><V50/><F97/><W78/><G128/><T94/><D112/><U45/><E130/><V108/><F108/><W13/><G71/><T8/><D125/><U27/><E45/><V46/><F21/><W135/><G135/><T114/><D132/><U41/><E18/><V47/><F47/><W20/><G73/><T115/><D23/><U82/><E9/><V31/><F31/><W127/><G127/><T86/><D66/><U65/><E82/><V22/><F22/><W58/><G58/><T16/><REACH who="0" step="1"/><D69/><REACH who="0" ten="240,250,250,250" step="2"/><U122/><E113/><V117/><F70/><W1/><G1/><T40/><D40/><U79/><E41/><V74/><F68/><W91/><G67/><T119/><D119/><U64/><E122/><V90/><F117/><W26/><G20/><T37/><D37/><U54/><E54/><V120/><F38/><W62/><G26/><T110/><D110/><U84/><E64/><V52/><F120/><W43/><G43/><T49/><D49/><U33/><E65/><V48/><F131/><W123/><G62/><T3/><D3/><U19/><E61/><V106/><F129/><W55/><G60/><T72/><D72/><U63/><E63/><V30/><F75/><W36/><G123/><T11/><D11/><U7/><E59/><V28/><F74/><W133/><G36/><T99/><D99/><U107/><E57/><V25/><F48/><W17/><G56/><T105/><D105/><U35/><E104/><V111/><F106/><W29/><G133/><T14/><D14/><U121/><E107/><RYUUKYOKU ba="0,1" sc="240,30,250,-10,250,-10,250,-10" hai0="8,12,16,81,86,88,92,94,100,102,103,114,115" /><INIT seed="0,1,1,1,1,106" ten="270,240,240,240" oya="0" hai0="93,123,74,83,129,57,131,76,91,118,38,21,126" hai1="25,12,19,11,54,53,95,89,86,29,61,66,124" hai2="88,40,65,20,102,37,115,64,48,59,10,24,62" hai3="69,130,90,56,15,125,55,36,39,32,100,116,22"/><T87/><D38/><U135/><E124/><V45/><F115/><W97/><G32/><T2/><D2/><U30/><E135/><V9/><F102/><W81/><G69/><T127/><D21/><U46/><E29/><V31/><F65/><W35/><G35/><T109/><D57/><U4/><E4/><V51/><F37/><W14/><G116/><T17/><D17/><U132/><E132/><V113/><F113/><W79/><G90/><T110/><D118/><U103/><E103/><V26/><F26/><W42/><G42/><T41/><D41/><U27/><E27/><V67/><F67/><W18/><G130/><N who="0" m="49675" /><D123/><U78/><E78/><V43/><REACH who="2" step="1"/><F88/><REACH who="2" ten="270,240,230,240" step="2"/><W58/><G125/><AGARI ba="1,2" hai="74,76,83,87,91,93,109,110,125,126,127" m="49675" machi="125" ten="40,12000,1" yaku="18,1,19,1,34,2,52,1" doraHai="106" who="0" fromWho="3" sc="270,143,240,0,230,0,240,-123" /><INIT seed="0,2,0,1,1,115" ten="413,240,230,117" oya="0" hai0="2,23,10,27,15,3,59,5,127,9,21,108,4" hai1="122,19,37,86,92,83,69,24,16,41,51,31,64" hai2="124,106,93,20,42,55,94,60,46,88,44,87,77" hai3="116,1,12,61,75,36,40,25,90,58,85,135,47"/><T82/><D127/><U43/><E122/><V107/><F124/><W102/><G1/><N who="0" m="11" /><D59/><U62/><E92/><V26/><F94/><W120/><G75/><T22/><D82/><U35/><E37/><V134/><F134/><W100/><G116/><T81/><D81/><U13/><E19/><V126/><F126/><W125/><G125/><T52/><D52/><U29/><E29/><V109/><F77/><W38/><G120/><T56/><D56/><U39/><E39/><V105/><F42/><W72/><G135/><T11/><D108/><U0/><E0/><V14/><F14/><W96/><G72/><T79/><D79/><U74/><E74/><V113/><F113/><W84/><G38/><T89/><D89/><U33/><E33/><V6/><F6/><N who="0" m="2666" /><D15/><U45/><E45/><V131/><F109/><W71/><G71/><T91/><D91/><U114/><E51/><V103/><F55/><W99/><G12/><T95/><D95/><U118/><E114/><V49/><F60/><W54/><G85/><T76/><D76/><U97/><E118/><V78/><F78/><W34/><G84/><T123/><D123/><U112/><E112/><V65/><F87/><W111/><G90/><T132/><D132/><U8/><E97/><N who="3" m="37450" /><G111/><T110/><D110/><U48/><E48/><V18/><F49/><W104/><G104/><T130/><D130/><U7/><E7/><V133/><F131/><W68/><G68/><T129/><D129/><U98/><E98/><N who="2" m="61687" /><F133/><W70/><G70/><T32/><D32/><U28/><E28/><AGARI ba="2,0" hai="9,10,11,21,22,23,27,28" m="2666,11" machi="28" ten="30,12000,1" yaku="35,5" doraHai="115" who="0" fromWho="1" sc="413,126,240,-126,230,0,117,0" /><INIT seed="0,3,0,5,0,60" ten="539,114,230,117" oya="0" hai0="125,85,46,27,42,122,38,94,114,20,89,118,64" hai1="87,70,112,98,22,30,123,115,81,65,9,107,6" hai2="82,41,92,126,93,26,33,31,49,106,29,91,124" hai3="120,132,78,40,24,3,95,28,67,44,4,75,109"/><T17/><D118/><U19/><E30/><V86/><F106/><W14/><G14/><T71/><D122/><U55/><E123/><V69/><F31/><W129/><G120/><T68/><D114/><N who="1" m="43563" /><E107/><V5/><F5/><W37/><G129/><T130/><D130/><U32/><E32/><V102/><F102/><W113/><G113/><T57/><REACH who="0" step="1"/><D125/><REACH who="0" ten="529,114,230,117" step="2"/><U135/><E135/><V96/><F126/><W15/><G132/><T47/><D47/><U101/><E101/><V34/><F124/><W80/><G44/><T16/><D16/><U103/><E103/><V50/><F41/><W76/><G40/><T117/><D117/><U1/><E19/><V128/><F128/><W0/><G28/><T7/><D7/><U100/><E100/><V105/><F29/><W58/><G4/><T110/><D110/><U43/><E43/><V73/><F34/><W56/><G109/><T111/><D111/><U52/><E22/><V90/><F33/><W48/><G58/><T8/><D8/><U23/><E23/><V131/><F131/><W104/><G56/><T88/><D88/><N who="1" m="51311" /><E98/><V59/><F59/><W121/><G121/><T11/><D11/><U54/><E70/><V25/><F69/><W36/><G76/><T134/><D134/><U77/><E77/><V79/><F91/><W12/><G78/><T21/><D21/><U119/><E119/><V39/><F90/><W18/><G75/><T116/><D116/><U63/><E63/><AGARI ba="3,1" hai="17,20,27,38,42,46,57,63,64,68,71,85,89,94" machi="63" ten="40,3900,0" yaku="1,1,52,1,53,0" doraHai="60" doraHaiUra="35" who="0" fromWho="1" sc="529,58,114,-48,230,0,117,0" /><INIT seed="0,4,0,5,4,122" ten="587,66,230,117" oya="0" hai0="63,46,5,131,38,54,69,20,134,41,19,61,8" hai1="65,119,101,92,115,107,68,110,80,59,25,66,33" hai2="78,48,113,132,96,50,13,82,130,35,57,58,91" hai3="105,77,31,64,2,30,116,88,86,32,129,98,128"/><T15/><D131/><N who="3" m="50249" /><G2/><T12/><D134/><U79/><E119/><V4/><F35/><W94/><G116/><T22/><D69/><U124/><E115/><V37/><F37/><W111/><G111/><T112/><D112/><U74/><E124/><V56/><F130/><W114/><G114/><T62/><REACH who="0" step="1"/><D20/><REACH who="0" ten="577,66,230,117" step="2"/><U70/><E68/><V7/><F132/><W123/><G123/><T85/><D85/><U87/><E70/><V108/><F113/><W109/><G109/><T1/><D1/><U126/><E126/><V52/><F108/><W42/><G32/><T45/><D45/><U39/><E110/><V120/><F120/><W14/><G86/><T29/><D29/><U93/><E33/><V90/><F96/><W43/><G98/><T16/><D16/><U21/><E74/><V81/><F58/><AGARI ba="4,1" hai="5,8,12,15,19,22,38,41,46,54,58,61,62,63" machi="58" ten="40,2000,0" yaku="1,1,53,0" doraHai="122" doraHaiUra="125" who="0" fromWho="2" sc="577,42,66,0,230,-32,117,0" /><INIT seed="0,5,0,5,0,2" ten="619,66,198,117" oya="0" hai0="114,0,131,40,10,102,38,118,101,122,72,99,84" hai1="109,46,31,8,108,73,94,55,117,126,25,59,7" hai2="41,111,5,14,83,71,98,49,115,33,62,23,44" hai3="134,128,69,29,93,54,4,26,79,130,50,11,45"/><T123/><D72/><U21/><E117/><V28/><F33/><W39/><G69/><T116/><D38/><U92/><E73/><V129/><F129/><N who="3" m="49771" /><G134/><T90/><D40/><U56/><E46/><V30/><F111/><N who="1" m="42569" /><E59/><V105/><F115/><W20/><G39/><T78/><D10/><U1/><E126/><V82/><F30/><W132/><G132/><T27/><D27/><U16/><E31/><V51/><F51/><AGARI ba="5,0" hai="1,7,8,16,21,25,51,55,56,92,94" m="42569" machi="51" ten="30,3900,0" yaku="14,1,52,1,54,1" doraHai="2" who="1" fromWho="2" sc="619,0,66,54,198,-54,117,0" /><INIT seed="1,0,0,2,4,103" ten="619,120,144,117" oya="1" hai0="1,92,41,131,47,128,33,113,63,135,95,61,43" hai1="39,122,25,87,31,74,65,18,79,49,126,86,10" hai2="82,84,99,134,81,50,91,119,96,102,98,68,22" hai3="85,116,28,115,94,111,12,15,59,89,19,29,37"/><U118/><E39/><V36/><F68/><W11/><G115/><T20/><D33/><U8/><E118/><V76/><F36/><W71/><G37/><T46/><D1/><U26/><E122/><V23/><F23/><W107/><G71/><T32/><D32/><U101/><E74/><N who="2" m="43159" /><F22/><W114/><G114/><T88/><D20/><U129/><E65/><V56/><F56/><W133/><G116/><T57/><D57/><U109/><E49/><V4/><F50/><W30/><G111/><T48/><D113/><U21/><E109/><V90/><F4/><W14/><G107/><T44/><D135/><U120/><E120/><V100/><F134/><W51/><G133/><T64/><D92/><U62/><E62/><V93/><F119/><W80/><REACH who="3" step="1"/><G94/><REACH who="3" ten="619,120,144,107" step="2"/><T55/><D95/><U105/><E105/><N who="2" m="63623" /><F102/><W2/><G2/><T58/><D128/><U13/><E101/><V5/><F5/><W72/><G72/><T83/><D131/><U45/><E129/><V17/><F17/><W121/><G121/><T75/><D75/><U16/><E45/><V35/><F35/><W67/><G67/><T7/><D46/><U125/><E125/><V124/><F124/><W117/><G117/><T54/><D64/><U34/><E126/><V70/><F70/><W6/><G6/><T27/><D47/><U112/><E112/><V3/><F3/><W78/><G78/><T132/><D44/><U42/><E42/><V97/><AGARI ba="0,1" hai="82,84,90,91,93,97,98,99" m="63623,43159" machi="97" ten="30,12000,2" yaku="35,5,52,1" doraHai="103" who="2" fromWho="2" sc="619,-30,120,-60,144,130,107,-30" /><INIT seed="2,0,0,5,1,10" ten="589,60,274,77" oya="2" hai0="88,61,17,46,99,131,79,81,86,54,25,76,4" hai1="16,44,69,57,15,128,115,112,84,21,50,117,70" hai2="11,40,38,71,122,56,129,43,23,119,34,134,49" hai3="123,1,2,103,42,77,52,109,9,96,93,68,83"/><V127/><F34/><W47/><G123/><T28/><D131/><U97/><E128/><V106/><F106/><W8/><G109/><T67/><D4/><U114/><E117/><V116/><F11/><W18/><G68/><T75/><D99/><U32/><E32/><V45/><F23/><W27/><G9/><T98/><D98/><U24/><E97/><V51/><F122/><W104/><G104/><T53/><D17/><U22/><E57/><V3/><F3/><W41/><G2/><T58/><D46/><U90/><E44/><N who="2" m="23575" /><F129/><W94/><G93/><T113/><D113/><U121/><E121/><V33/><F33/><W60/><G1/><T85/><D75/><U78/><E78/><N who="0" m="29737" /><D85/><U133/><E133/><V36/><F134/><W74/><G74/><T108/><D108/><U110/><E110/><V72/><F72/><W73/><G27/><T126/><D126/><U132/><E132/><V105/><F105/><W5/><G18/><T66/><D66/><U13/><E50/><N who="2" m="18955" /><F127/><W111/><G5/><T89/><D89/><U135/><E135/><V39/><F71/><W48/><G111/><T37/><D37/><N who="2" m="14410" /><F56/><N who="3" m="34823" /><G8/><T55/><D25/><U80/><REACH who="1" step="1"/><E15/><REACH who="1" ten="589,50,274,77" step="2"/><V101/><F101/><W62/><G103/><T31/><AGARI ba="0,1" hai="28,31,53,54,55,58,61,67,81,86,88" m="29737" machi="31" ten="30,2000,0" yaku="8,1,54,1" doraHai="10" who="0" fromWho="0" sc="589,30,50,-5,274,-10,77,-5" /><INIT seed="3,0,0,2,3,25" ten="619,45,264,72" oya="3" hai0="90,59,7,49,5,0,29,106,121,125,74,41,119" hai1="68,94,44,13,58,65,97,73,15,135,77,36,19" hai2="109,33,22,24,20,70,40,134,93,26,110,52,126" hai3="87,86,133,9,45,88,64,63,71,12,39,92,117"/><W51/><G117/><T17/><D106/><U37/><E68/><V112/><F70/><W104/><G133/><T60/><D74/><U57/><E135/><V132/><F33/><W81/><G104/><T95/><D121/><U85/><E73/><V78/><F112/><W114/><G114/><T89/><D119/><U75/><E75/><V123/><F78/><W34/><G34/><T66/><D125/><U128/><E128/><V101/><F40/><W18/><G39/><T14/><D29/><U99/><E44/><V4/><F4/><W54/><REACH who="3" step="1"/><G87/><REACH who="3" ten="619,45,264,62" step="2"/><T56/><D0/><U111/><E37/><V27/><F123/><W116/><G116/><T69/><D69/><U6/><E36/><V3/><F126/><W11/><G11/><T100/><D7/><U2/><E85/><V62/><F3/><W83/><AGARI ba="0,1" hai="9,12,18,45,51,54,63,64,71,81,83,86,88,92" machi="83" ten="30,6000,0" yaku="1,1,0,1,54,1,53,0" doraHai="25" doraHaiUra="32" who="3" fromWho="3" sc="619,-20,45,-20,264,-20,62,70" /><INIT seed="3,1,0,4,0,70" ten="599,25,244,132" oya="3" hai0="131,122,66,125,33,25,40,20,64,111,124,2,4" hai1="38,85,30,48,41,18,60,102,51,108,126,104,3" hai2="55,97,46,42,73,79,31,96,8,95,67,49,52" hai3="14,56,15,1,99,115,123,81,77,9,54,105,45"/><W36/><G123/><T58/><D122/><U112/><E3/><V39/><F31/><W6/><G115/><T61/><D33/><U106/><E18/><V50/><F73/><N who="3" m="43183" /><G105/><T120/><D120/><U93/><E112/><V59/><F79/><W13/><G99/><T69/><D111/><U87/><E60/><N who="2" m="38303" /><F8/><W35/><G35/><T100/><D131/><U10/><E10/><V71/><F95/><W28/><G28/><T22/><D100/><U0/><E0/><V92/><F92/><W57/><G54/><N who="2" m="20521" /><F97/><W24/><G24/><T127/><D40/><AGARI ba="1,0" hai="1,6,9,13,14,15,36,40,45,56,57" m="43183" machi="40" ten="30,2900,0" yaku="25,1,52,1" doraHai="70" who="3" fromWho="0" sc="599,-32,25,0,244,0,132,32" /><INIT seed="3,2,0,4,1,94" ten="567,25,244,164" oya="3" hai0="131,128,111,61,105,87,16,36,12,90,71,70,26" hai1="42,52,132,66,135,123,50,133,28,122,92,13,108" hai2="75,83,40,64,95,84,125,104,46,15,107,72,74" hai3="130,120,39,100,80,17,97,23,5,44,1,117,63"/><W47/><G120/><T99/><D111/><U0/><E0/><V106/><F64/><W115/><G117/><T126/><D36/><U41/><E28/><V33/><F33/><W8/><G115/><T10/><D126/><U49/><E13/><V85/><F15/><W69/><G130/><N who="0" m="49707" /><D26/><U109/><E92/><V73/><F46/><W116/><G116/><T55/><D55/><U129/><E66/><V101/><F40/><N who="1" m="15465" /><E129/><V103/><F125/><W53/><G39/><T43/><D43/><U62/><E62/><V93/><F72/><W22/><G80/><N who="0" m="49511" /><D61/><U37/><E37/><V60/><F60/><W58/><G69/><T11/><D11/><U45/><E49/><V82/><F82/><W14/><REACH who="3" step="1"/><G22/><REACH who="3" ten="567,25,244,154" step="2"/><T65/><D65/><U48/><E50/><V29/><F29/><W30/><G30/><T112/><D112/><U54/><E54/><V59/><F59/><W119/><G119/><T102/><AGARI ba="2,1" hai="10,12,16,70,71,99,102,105" m="49511,49707" machi="102" ten="30,4000,0" yaku="19,1,52,1,54,1" doraHai="94" who="0" fromWho="0" sc="567,56,25,-12,244,-12,154,-22" /><INIT seed="4,0,0,3,1,46" ten="623,13,232,132" oya="0" hai0="43,125,98,5,83,32,75,105,7,53,65,121,95" hai1="71,129,79,111,4,88,112,21,93,39,101,134,44" hai2="15,96,27,80,52,54,33,60,133,110,57,62,97" hai3="89,104,24,132,120,92,20,109,3,17,107,6,14"/><T94/><D32/><U91/><E71/><V35/><F110/><W106/><G109/><T63/><D121/><U42/><E111/><V73/><F133/><W116/><G116/><T50/><D125/><U130/><E134/><V128/><F128/><W26/><G132/><T12/><D43/><U103/><E4/><V99/><F73/><W51/><G120/><T68/><D105/><U41/><E79/><V64/><F80/><W58/><G3/><T87/><D75/><U30/><E42/><V100/><F15/><W31/><G6/><T55/><D55/><U47/><E47/><V82/><F82/><W81/><G81/><T78/><D12/><U19/><E30/><V25/><F54/><N who="3" m="32095" /><G31/><T49/><D49/><U69/><E69/><V18/><F18/><W23/><G23/><T126/><D126/><U2/><E2/><V70/><REACH who="2" step="1"/><F100/><REACH who="2" ten="623,13,222,132" step="2"/><W13/><G13/><T61/><D61/><U123/><E123/><V115/><F115/><W131/><G131/><N who="1" m="50186" /><E112/><V8/><F8/><W29/><G29/><T0/><D0/><U86/><E91/><V38/><F38/><W36/><G36/><T122/><D122/><U66/><E66/><V77/><F77/><W117/><G117/><T16/><D16/><U127/><E127/><V10/><F10/><W84/><AGARI ba="0,1" hai="14,17,20,24,26,84,89,92,104,106,107" m="32095" machi="84" ten="30,2000,0" yaku="25,1,52,1" doraHai="46" who="3" fromWho="3" sc="623,-10,13,-5,222,-5,132,30" /><INIT seed="5,0,0,2,3,129" ten="613,8,217,162" oya="1" hai0="91,15,34,94,50,120,117,105,42,23,29,68,44" hai1="107,9,124,8,89,57,71,78,60,75,92,102,131" hai2="35,66,113,132,116,82,17,135,114,55,24,25,39" hai3="97,14,128,127,115,77,133,19,26,86,67,125,93"/><U64/><E131/><V11/><F39/><W58/><G128/><T41/><D68/><U80/><E71/><V83/><F116/><W121/><G121/><T59/><D105/><U103/><E103/><V119/><F119/><W5/><G115/><N who="2" m="44041" /><F66/><W52/><G67/><T37/><D117/><U104/><E104/><V62/><F25/><W69/><G69/><T118/><D118/><U76/><E76/><V51/><F62/><W96/><G133/><N who="2" m="51273" /><F35/><W74/><G74/><T4/><D120/><U49/><E49/><V65/><F65/><W54/><G127/><T81/><D81/><U79/><E79/><V72/><F72/><W61/><G125/><T130/><D130/><U40/><E40/><V109/><F109/><W101/><G26/><T43/><D34/><U100/><E100/><V38/><F38/><W134/><G134/><T13/><D59/><U3/><E124/><V1/><F24/><W22/><G5/><T56/><D56/><U31/><E3/><V99/><F99/><W122/><G97/><T48/><D37/><U7/><E31/><V16/><F11/><W112/><G122/><T10/><D48/><U63/><E63/><V36/><F1/><W28/><G28/><T27/><D15/><N who="1" m="5535" /><E9/><V32/><F32/><W98/><G98/><AGARI ba="0,0" hai="4,10,13,23,27,29,41,42,43,44,50,91,94,98" machi="98" ten="30,2000,0" yaku="7,1,8,1" doraHai="129" who="0" fromWho="3" sc="613,20,8,0,217,0,162,-20" /><INIT seed="6,0,0,4,4,26" ten="633,8,217,142" oya="2" hai0="119,38,66,24,108,116,65,22,52,31,126,1,93" hai1="55,21,115,105,114,133,99,30,75,82,97,103,3" hai2="77,128,37,124,44,63,102,8,32,117,50,62,91" hai3="79,83,42,122,130,7,20,73,5,69,127,46,86"/><V58/><F117/><N who="0" m="45130" /><D38/><U101/><E3/><V129/><F32/><W94/><G69/><T6/><D108/><U9/><E133/><V74/><F102/><W123/><G127/><T29/><D126/><U47/><E9/><V34/><F34/><W76/><G130/><N who="2" m="50281" /><F77/><W60/><G60/><T43/><D43/><U51/><E75/><V112/><F112/><W11/><G20/><T71/><D71/><U12/><E82/><V135/><F8/><W132/><G132/><T125/><D125/><U35/><E35/><V110/><F91/><N who="3" m="53623" /><G76/><T107/><D107/><U67/><E115/><V81/><F81/><W2/><G7/><T40/><D40/><U18/><E114/><V98/><F98/><W84/><G84/><T4/><D31/><U48/><E48/><V104/><F104/><W17/><G17/><T88/><D52/><U118/><E118/><V16/><F74/><W134/><G134/><T78/><D78/><U100/><E100/><V15/><F110/><W72/><G72/><T95/><D95/><U56/><E103/><V85/><F85/><W106/><G106/><T14/><D1/><U131/><E99/><V89/><F89/><W0/><G0/><T10/><D4/><U68/><E131/><V109/><F37/><AGARI ba="0,0" hai="2,5,11,37,42,46,73,79,83,122,123" m="53623" machi="37" ten="30,1000,0" yaku="25,1" doraHai="26" who="3" fromWho="2" sc="633,0,8,0,217,-10,142,10" /><INIT seed="7,0,0,1,5,30" ten="633,8,207,152" oya="3" hai0="71,53,64,68,81,67,31,115,63,91,76,129,51" hai1="44,35,27,20,47,70,102,106,0,9,128,48,92" hai2="118,101,82,26,52,13,78,117,12,60,134,119,75" hai3="59,80,74,121,4,8,49,16,90,62,104,6,89"/><W126/><G104/><T105/><D105/><U55/><E128/><V58/><F134/><W83/><G121/><T120/><D120/><U98/><E20/><V3/><F3/><W41/><G126/><T94/><D129/><U25/><E47/><V54/><F101/><W36/><G36/><T39/><D115/><U123/><E123/><V131/><F131/><W18/><G74/><T100/><D39/><U133/><E133/><V33/><F33/><W32/><G32/><T122/><D122/><U132/><E132/><V50/><REACH who="2" step="1"/><F26/><REACH who="2" ten="633,8,197,152" step="2"/><W14/><G4/><T135/><D100/><U29/><E25/><V86/><F86/><W46/><G80/><T97/><D135/><U56/><E0/><V88/><F88/><N who="3" m="33899" /><G83/><T93/><D93/><U73/><E73/><V65/><F65/><AGARI ba="0,1" hai="6,8,14,16,18,41,46,49,59,62,65" m="33899" machi="65" ten="30,5800,0" yaku="8,1,54,2" doraHai="30" who="3" fromWho="2" sc="633,0,8,0,197,-58,152,68" /><INIT seed="7,1,0,3,3,67" ten="633,8,139,220" oya="3" hai0="40,42,24,4,20,76,104,79,3,74,73,119,98" hai1="64,83,93,1,7,46,61,77,101,111,63,78,123" hai2="56,113,103,44,13,37,11,81,36,35,84,45,110" hai3="105,27,15,71,106,25,86,33,124,29,91,102,131"/><W95/><G71/><T16/><D119/><U130/><E123/><V41/><F110/><W108/><G108/><T57/><D3/><U19/><E111/><V0/><F35/><W60/><G131/><T75/><D4/><U52/><E130/><V48/><F0/><W38/><G124/><T109/><D109/><U116/><E116/><V132/><F103/><W114/><G38/><T34/><D34/><U8/><E78/><V88/><F56/><W80/><G114/><T55/><D42/><U54/><E101/><V5/><F132/><W58/><G25/><T10/><D40/><U135/><E135/><V31/><F31/><W17/><G102/><T59/><D24/><U90/><E63/><V97/><F97/><W82/><G106/><T12/><D57/><U6/><E6/><V53/><REACH who="2" step="1"/><F37/><REACH who="2" ten="633,8,129,220" step="2"/><W100/><G100/><T66/><D66/><U26/><E46/><V134/><F134/><W70/><G70/><T85/><D104/><U122/><E122/><V125/><F125/><W133/><G133/><T87/><D98/><U89/><E64/><V115/><AGARI ba="1,1" hai="5,11,13,36,41,44,45,48,53,81,84,88,113,115" machi="115" ten="30,4000,0" yaku="1,1,0,1,54,1,53,0" doraHai="67" doraHaiUra="72" who="2" fromWho="2" sc="633,-11,8,-11,129,53,220,-21" owari="622,72.0,-3,-50.0,182,-22.0,199,0.0" /></mjloggm>