<mjloggm ver="2.3"><GO type="97" lobby="0"/><UN n0="%E3%83%87%E3%83%87%E3%82%AD%E3%83%B3%E3%83%88" n1="%79%61%6E%61%67%69%2D" n2="%E5%B0%B1%E6%B4%BB%E7%94%9F%40%E5%B7%9D%E6%9D%91%E8%BB%8D%E5%9B%A3" n3="%E3%83%8F%E3%83%83%E3%83%88%E3%83%AC%E3%82%B9" dan="13,13,14,15" rate="1960.09,1851.45,1942.21,1991.50" sx="M,M,M,M"/><TAIKYOKU oya="0"/><INIT seed="0,0,0,5,4,35" ten="250,250,250,250" oya="0" hai0="85,41,82,62,51,94,75,67,101,11,56,74,31" hai1="22,81,76,50,135,116,104,100,92,27,2,5,39" hai2="117,69,3,126,130,7,61,121,23,77,19,87,16" hai3="79,90,26,13,134,99,47,40,127,124,49,123,17"/><T73/><D31/><U29/><E116/><V53/><F121/><W115/><G115/><T55/><D41/><U37/><E104/><V110/><F117/><W84/><G134/><T44/><D11/><U114/><E135/><V122/><F122/><W88/><G123/><T6/><D6/><U133/><E133/><V78/><F126/><N who="3" m="48171" /><G26/><T96/><REACH who="0" step="1"/><D74/><REACH who="0" ten="240,250,250,250" step="2"/><U131/><E114/><V0/><F7/><W34/><G34/><T4/><D4/><U64/><E5/><V32/><F32/><W46/><G40/><T33/><D33/><U91/><E131/><V106/><F3/><W57/><G17/><T120/><D120/><U36/><E37/><V112/><F0/><W28/><G28/><T21/><D21/><U42/><E2/><V125/><F19/><W128/><G128/><T97/><D97/><U45/><E36/><V48/><F16/><W54/><G99/><T71/><D71/><U113/><E113/><V129/><F23/><W102/><G84/><T105/><D105/><U98/><E39/><V12/><F87/><W109/><G109/><T103/><D103/><U58/><E100/><V89/><F129/><W15/><G102/><T9/><D9/><U80/><REACH who="1" step="1"/><E76/><AGARI ba="0,1" hai="44,51,55,56,62,67,73,75,76,82,85,94,96,101" machi="76" ten="30,5800,0" yaku="1,1,7,1,53,1" doraHai="35" doraHaiUra="83" who="0" fromWho="1" sc="240,68,250,-58,250,0,250,0" /><INIT seed="0,1,0,4,0,72" ten="308,192,250,250" oya="0" hai0="14,133,5,40,53,9,52,95,26,117,27,47,116" hai1="69,90,34,23,13,88,124,126,57,68,67,15,55" hai2="121,37,71,41,17,49,12,36,129,46,44,118,70" hai3="123,125,91,0,135,134,99,19,38,50,18,97,131"/><T105/><D105/><U108/><E34/><V87/><F121/><W60/><G38/><T84/><D133/><N who="3" m="50697" /><G0/><T93/><D116/><U8/><E23/><V94/><F118/><W103/><G131/><T83/><D117/><U107/><E107/><V76/><F129/><W65/><G125/><N who="1" m="48234" /><E108/><V73/><F73/><W16/><G50/><N who="0" m="26983" /><D26/><U62/><E8/><V98/><F37/><W32/><G32/><T20/><D93/><U80/><E69/><V58/><F58/><N who="3" m="37015" /><G123/><T122/><D95/><U110/><E110/><V63/><F63/><W51/><G103/><T29/><D122/><U77/><E77/><AGARI ba="1,0" hai="5,9,14,20,27,29,52,53,77,83,84" m="26983" machi="77" ten="30,11600,0" yaku="25,1,8,1,52,1,54,1" doraHai="72" who="0" fromWho="1" sc="308,119,192,-119,250,0,250,0" /><INIT seed="0,2,0,1,5,57" ten="427,73,250,250" oya="0" hai0="79,31,130,107,2,78,50,93,40,5,99,37,43" hai1="41,74,82,122,72,13,36,125,96,11,118,83,68" hai2="101,88,8,48,28,108,54,45,135,85,71,3,70" hai3="10,124,38,12,90,24,75,16,116,104,131,133,97"/><T65/><D107/><U91/><E68/><V76/><F135/><W59/><G38/><T115/><D115/><U46/><E118/><V62/><F108/><W126/><G75/><T32/><D65/><U56/><E122/><V117/><F117/><W27/><G116/><T77/><D37/><U25/><E125/><N who="3" m="48234" /><G133/><T4/><D130/><U19/><E96/><V52/><F101/><N who="3" m="62511" /><G131/><T119/><D119/><U9/><E9/><V69/><F76/><W44/><G44/><T84/><D84/><U110/><E110/><V109/><F28/><W42/><G42/><N who="0" m="15915" /><D2/><U128/><E128/><V105/><F105/><W49/><G90/><N who="0" m="55735" /><D32/><U1/><E1/><V21/><F21/><W39/><G39/><T23/><D50/><U33/><E56/><V64/><F109/><W94/><G94/><T80/><D80/><U134/><E134/><V129/><F129/><W112/><G112/><T15/><D31/><U111/><E111/><V67/><F8/><W87/><G87/><T121/><D121/><U102/><E102/><V7/><F7/><N who="0" m="2634" /><D23/><U61/><E61/><V92/><F3/><W66/><G49/><T100/><D100/><U0/><E0/><V98/><REACH who="2" step="1"/><F85/><REACH who="2" ten="427,73,240,250" step="2"/><W22/><G22/><T127/><D127/><U113/><E113/><V14/><F14/><AGARI ba="2,1" hai="14,15,77,78,79" m="2634,55735,15915" machi="14" ten="30,5800,0" yaku="26,2,8,1" doraHai="57" who="0" fromWho="2" sc="427,74,73,0,240,-64,250,0" /><INIT seed="0,3,0,3,4,13" ten="501,73,176,250" oya="0" hai0="75,127,99,96,48,83,22,50,107,40,62,134,9" hai1="17,7,81,41,35,27,98,101,1,24,73,135,18" hai2="130,70,15,114,25,20,133,46,90,129,95,58,104" hai3="72,0,12,16,53,8,105,85,106,118,84,47,26"/><T131/><D131/><N who="2" m="50186" /><F70/><W54/><G72/><T126/><D134/><U110/><E41/><V65/><F104/><W128/><G128/><T108/><D108/><U36/><E36/><V34/><F133/><W93/><G118/><T94/><D9/><U119/><E119/><V2/><F2/><W86/><G0/><T103/><D62/><U88/><E135/><V19/><F114/><W39/><G39/><T97/><D22/><U79/><E110/><V132/><F132/><W113/><G113/><T71/><D71/><U4/><E1/><V44/><F34/><W78/><G78/><N who="0" m="44511" /><D40/><U112/><E112/><V14/><F58/><W64/><G64/><T116/><D116/><U91/><E4/><V28/><F65/><W69/><G69/><T29/><D29/><U5/><E7/><V74/><F74/><W56/><G93/><T109/><D109/><U102/><E5/><V115/><F115/><W30/><G47/><N who="2" m="17961" /><F28/><W67/><G67/><T60/><D60/><U61/><E61/><V80/><F80/><W59/><G56/><T38/><D38/><U45/><E45/><V49/><F49/><N who="0" m="19050" /><D107/><U3/><E3/><V33/><F33/><W87/><N who="3" m="22016" /><DORA hai="89" /><W11/><G105/><T92/><D103/><N who="1" m="39435" /><E35/><V125/><F125/><AGARI ba="3,0" hai="92,94,96,97,99,125,126,127" m="19050,44511" machi="125" ten="30,5800,0" yaku="18,1,52,2" doraHai="13,89" who="0" fromWho="2" sc="501,67,73,0,176,-67,250,0" /><INIT seed="0,4,0,0,4,2" ten="568,73,109,250" oya="0" hai0="15,56,12,123,86,122,45,120,110,73,20,48,27" hai1="106,36,59,3,132,84,87,9,100,42,10,82,93" hai2="69,78,58,17,5,26,40,54,116,14,91,88,6" hai3="75,39,134,112,32,101,117,46,85,64,111,28,76"/><T25/><D73/><U65/><E106/><V95/><F69/><W33/><G64/><T4/><D110/><U98/><E132/><V43/><F116/><W109/><G101/><T119/><D119/><U11/><E3/><V99/><F78/><W114/><G85/><T16/><D56/><U113/><E113/><V13/><F91/><W19/><G19/><T131/><D131/><U47/><E82/><V67/><F67/><W21/><G21/><T51/><D51/><U107/><REACH who="1" step="1"/><E107/><REACH who="1" ten="568,63,109,250" step="2"/><V1/><F1/><W125/><G112/><T24/><D122/><U49/><E49/><N who="2" m="31055" /><F26/><W81/><G134/><T31/><D123/><U102/><E102/><V34/><F34/><W121/><G114/><T118/><D120/><U103/><E103/><V70/><F70/><W77/><G121/><T63/><D118/><U80/><E80/><V44/><F14/><W52/><G117/><T0/><D0/><U41/><E41/><N who="2" m="15947" /><F44/><W127/><G46/><T124/><D45/><U18/><E18/><V68/><F68/><W92/><G33/><T22/><D25/><U71/><E71/><V62/><F62/><AGARI ba="4,1" hai="9,10,11,36,42,47,59,62,65,84,87,93,98,100" machi="62" ten="40,2600,0" yaku="1,1,53,1" doraHai="2" doraHaiUra="96" who="1" fromWho="2" sc="568,0,63,48,109,-38,250,0" /><INIT seed="1,0,0,1,4,9" ten="568,111,71,250" oya="1" hai0="40,113,31,47,76,36,39,25,116,14,35,82,110" hai1="95,17,59,109,100,53,73,93,49,75,30,129,94" hai2="19,126,3,85,21,98,37,87,89,44,131,24,11" hai3="123,20,125,128,88,114,134,133,68,18,10,23,13"/><U66/><E30/><V48/><F126/><W12/><G68/><T57/><D110/><U81/><E66/><V79/><F131/><W22/><G114/><T124/><D113/><U50/><E129/><V108/><F108/><W107/><G128/><T54/><D116/><U69/><E69/><V90/><F37/><W62/><G107/><T45/><D124/><U41/><E109/><V130/><F130/><W28/><G125/><T63/><D14/><U86/><E100/><V29/><F98/><W34/><G62/><T33/><D33/><U56/><E73/><V91/><F79/><W99/><G123/><T52/><D54/><N who="1" m="31823" /><E75/><V112/><F112/><W0/><G0/><T43/><D76/><N who="1" m="46375" /><E41/><V16/><F3/><W61/><G61/><T106/><D82/><U6/><E6/><V70/><F70/><W115/><G115/><T38/><D38/><U42/><E42/><V121/><F121/><W78/><G78/><T118/><D118/><U119/><E119/><V83/><F11/><N who="3" m="6431" /><G28/><T92/><D92/><U135/><E135/><N who="3" m="51722" /><G34/><T74/><D74/><U104/><E104/><AGARI ba="0,0" hai="25,31,35,36,39,40,43,45,47,52,57,63,104,106" machi="104" ten="40,2600,0" yaku="9,1,54,1" doraHai="9" who="0" fromWho="1" sc="568,26,111,-26,71,0,250,0" /><INIT seed="2,0,0,4,3,15" ten="594,85,71,250" oya="2" hai0="37,63,92,54,110,51,38,5,36,91,53,107,103" hai1="135,20,128,14,104,132,44,13,11,108,19,82,68" hai2="45,66,97,124,79,93,64,9,61,90,60,88,95" hai3="49,22,2,46,116,87,10,89,42,65,81,125,80"/><V25/><F124/><W84/><G116/><T35/><D35/><U115/><E104/><V112/><F112/><W133/><G133/><N who="1" m="51274" /><E68/><V119/><F119/><W126/><G65/><N who="2" m="25193" /><F79/><W130/><G130/><T71/><D110/><U96/><E115/><V111/><F111/><W0/><G22/><T122/><D122/><U69/><E108/><V27/><F45/><W24/><G24/><N who="2" m="9289" /><F9/><W3/><REACH who="3" step="1"/><G10/><REACH who="3" ten="594,85,71,240" step="2"/><T18/><D71/><U117/><E69/><V123/><F123/><W48/><G48/><T74/><D51/><U77/><E128/><V101/><F101/><W7/><G7/><T70/><D103/><U109/><E109/><V59/><F59/><W17/><G17/><T105/><D70/><U94/><E117/><V120/><F120/><W23/><G23/><T26/><D18/><U129/><E129/><V99/><AGARI ba="0,1" hai="60,61,88,90,93,95,97,99" m="9289,25193" machi="99" ten="30,3000,0" yaku="8,1,54,1" doraHai="15" who="2" fromWho="2" sc="594,-10,85,-10,71,40,240,-10" /><INIT seed="2,1,0,1,0,105" ten="584,75,111,230" oya="2" hai0="117,56,118,120,64,135,62,110,68,10,47,100,4" hai1="86,59,5,124,40,57,30,12,1,60,0,51,37" hai2="122,49,88,65,93,52,23,123,35,87,109,94,70" hai3="25,129,32,39,133,125,31,75,111,54,107,101,71"/><V8/><F35/><W2/><RYUUKYOKU type="yao9" ba="1,0" sc="584,0,75,0,111,0,230,0" hai3="2,25,31,32,39,54,71,75,101,107,111,125,129,133" /><INIT seed="2,2,0,0,0,4" ten="584,75,111,230" oya="2" hai0="38,29,52,76,43,69,127,57,89,48,128,129,110" hai1="109,84,107,114,67,75,100,11,115,8,103,60,86" hai2="56,31,32,87,95,27,82,113,63,47,126,135,22" hai3="58,134,3,106,16,99,80,122,111,34,78,73,2"/><V93/><F113/><W17/><G122/><T30/><D110/><U44/><E75/><V62/><F135/><W97/><G34/><T24/><D127/><U0/><E0/><V133/><F126/><W104/><G111/><T45/><D69/><U68/><E44/><V131/><F133/><W105/><G134/><T81/><D89/><U85/><E109/><V5/><F131/><N who="0" m="50250" /><D24/><U96/><REACH who="1" step="1"/><E100/><REACH who="1" ten="584,65,111,230" step="2"/><V49/><F5/><W14/><G2/><T1/><D1/><U46/><E46/><V12/><F47/><W74/><G3/><T37/><D37/><U91/><E91/><V116/><F116/><W51/><G73/><AGARI ba="2,1" hai="29,30,38,43,45,48,52,57,73,76,81" m="50250" machi="73" ten="30,2000,0" yaku="19,1,54,1" doraHai="4" who="0" fromWho="3" sc="584,36,65,0,111,0,230,-26" /><INIT seed="3,0,0,1,3,83" ten="620,65,111,204" oya="3" hai0="90,71,110,14,94,77,126,50,134,111,4,64,11" hai1="36,118,19,120,55,102,48,63,114,97,40,26,61" hai2="52,42,65,30,121,100,32,15,35,122,127,46,44" hai3="3,82,56,12,67,130,73,0,23,24,13,79,107"/><W78/><G107/><T84/><D126/><U68/><E120/><N who="2" m="46187" /><F127/><W80/><G130/><T58/><D134/><U2/><E114/><V99/><F65/><W69/><G69/><T51/><D71/><U113/><E113/><V115/><F115/><W59/><G67/><T38/><D38/><U21/><E118/><V70/><F70/><W125/><G125/><T49/><D77/><U43/><E2/><V47/><F15/><W45/><G45/><N who="2" m="17513" /><F30/><W31/><G3/><T129/><D129/><U27/><E36/><N who="2" m="21959" /><F52/><W66/><G0/><T105/><D105/><AGARI ba="0,0" hai="32,35,99,100,105" m="21959,17513,46187" machi="105" ten="30,1000,0" yaku="13,1" doraHai="83" who="2" fromWho="0" sc="620,-10,65,0,111,10,204,0" owari="610,71.0,65,-43.0,121,-28.0,204,0.0" /></mjloggm>