<mjloggm ver="2.3"><GO type="97" lobby="0"/><UN n0="%E6%9F%8F%E6%9C%A8%E3%82%A7%E3%82%A7" n1="%E5%BE%AE%E7%B3%96%E6%B8%8B%E5%B7%9D" n2="%EF%BC%AD%EF%BD%99%EF%BD%93%EF%BD%85%EF%BD%8C%EF%BD%86%2E%2E" n3="%E3%83%88%E3%83%88%E3%83%AA%E5%85%88%E7%94%9F%31%39%E6%AD%B3" dan="15,14,13,13" rate="2007.83,1893.49,1810.49,2007.71" sx="M,M,M,F"/><TAIKYOKU oya="0"/><INIT seed="0,0,0,5,1,125" ten="250,250,250,250" oya="0" hai0="65,107,6,104,58,48,100,92,9,119,129,87,62" hai1="132,111,94,106,54,81,45,41,77,75,89,105,29" hai2="10,86,133,25,134,91,55,68,88,108,39,116,40" hai3="102,96,20,3,84,12,22,37,18,42,73,32,67"/><T11/><D119/><U70/><E70/><V16/><F116/><W99/><G73/><T8/><D6/><U43/><E111/><V83/><F68/><W82/><G32/><T121/><D121/><U127/><E132/><N who="2" m="50795" /><F108/><W130/><G3/><T93/><D48/><U36/><E127/><V97/><F55/><W57/><G130/><T120/><D120/><U128/><E43/><V123/><F123/><W2/><G2/><T50/><D50/><U13/><E128/><V53/><F53/><W15/><G102/><T0/><D0/><U31/><E54/><V19/><F25/><W78/><G37/><T49/><D49/><U112/><E112/><V117/><F10/><W60/><G42/><T124/><D124/><U72/><E72/><V14/><F14/><W63/><G63/><T27/><D129/><U131/><E131/><V35/><F35/><W28/><G28/><T24/><D100/><U66/><E66/><V30/><F30/><W34/><G34/><T114/><D114/><U101/><E13/><V113/><F113/><W135/><G135/><T21/><D27/><U56/><E56/><V71/><F71/><W90/><G78/><T69/><D69/><U5/><E5/><V118/><F118/><W79/><G79/><T110/><D110/><U23/><E23/><V38/><F117/><W4/><G4/><T47/><D47/><U80/><E80/><V17/><F40/><W46/><G46/><T103/><D103/><U59/><E101/><V76/><F76/><W44/><G44/><T126/><D126/><U95/><E45/><V85/><F97/><RYUUKYOKU ba="0,0" sc="250,-15,250,-15,250,15,250,15" hai2="16,17,19,38,39,83,85,86,88,91" hai3="12,15,18,20,22,57,60,67,82,84,90,96,99" /><INIT seed="1,1,0,0,3,89" ten="235,235,265,265" oya="1" hai0="67,70,87,30,5,62,18,71,97,35,135,115,82" hai1="26,73,22,24,113,99,122,129,80,11,126,42,76" hai2="1,33,128,125,25,123,118,15,58,124,3,56,61" hai3="19,107,14,39,95,101,38,40,28,121,102,103,132"/><U9/><E122/><V21/><F118/><W34/><G107/><T47/><D115/><U116/><E113/><V77/><F123/><W83/><G121/><T57/><D135/><U6/><E116/><V90/><F77/><W120/><G120/><T55/><D5/><U86/><E129/><V79/><F79/><W2/><G2/><T16/><D35/><U53/><E126/><N who="2" m="48747" /><F33/><W85/><G132/><T105/><D30/><U114/><E114/><V12/><F128/><W31/><G83/><T108/><D108/><U78/><E42/><V104/><F104/><W88/><G40/><T111/><D111/><U13/><E53/><V64/><F58/><W127/><G127/><T66/><D105/><U49/><E49/><V46/><F46/><W68/><G68/><T27/><D97/><U75/><E78/><V65/><F65/><W74/><G74/><T109/><D109/><U48/><E48/><V119/><F119/><W54/><G54/><T51/><D67/><U96/><E26/><V43/><F43/><W4/><G34/><T112/><D112/><U36/><E36/><V94/><F12/><W91/><G39/><T23/><D18/><N who="1" m="12375" /><E11/><V134/><F15/><W45/><G38/><T50/><D51/><U93/><E75/><V117/><F134/><W10/><G45/><T37/><D37/><U8/><E8/><V69/><F69/><W63/><G63/><T29/><D29/><N who="3" m="11337" /><G19/><T59/><D70/><U131/><E131/><V17/><F117/><W0/><G14/><T92/><D82/><U20/><E20/><V32/><F32/><W110/><G110/><RYUUKYOKU ba="1,0" sc="235,0,235,0,265,0,265,0" hai0="16,23,27,47,50,55,57,59,62,66,71,87,92" hai1="6,9,13,73,76,80,86,93,96,99" hai2="1,3,17,21,25,56,61,64,90,94" hai3="0,4,10,85,88,91,95,101,102,103" /><INIT seed="1,2,0,0,0,125" ten="235,235,265,265" oya="1" hai0="44,41,73,118,17,59,8,90,123,121,75,29,52" hai1="26,94,7,14,10,88,1,82,101,3,99,89,21" hai2="84,61,16,129,20,98,117,34,83,134,133,32,103" hai3="68,78,38,71,113,37,77,92,11,66,95,72,51"/><U107/><E82/><V67/><F117/><W97/><G113/><T47/><D118/><U5/><E5/><V0/><F0/><W57/><G11/><T132/><D132/><N who="2" m="50794" /><F129/><W86/><G72/><N who="0" m="27723" /><D29/><U42/><E42/><V115/><F115/><W102/><G92/><T70/><D70/><U2/><REACH who="1" step="1"/><E107/><REACH who="1" ten="235,225,265,265" step="2"/><N who="2" m="63991" /><F83/><W105/><G105/><T13/><D41/><U74/><E74/><V12/><F84/><W50/><G86/><T65/><D65/><U30/><AGARI ba="2,1" hai="1,2,3,7,10,14,21,26,30,88,89,94,99,101" machi="30" ten="30,6000,0" yaku="1,1,0,1,54,1,53,0" doraHai="125" doraHaiUra="62" who="1" fromWho="1" sc="235,-22,225,76,265,-22,265,-22" /><INIT seed="1,3,0,3,0,117" ten="213,301,243,243" oya="1" hai0="61,70,75,116,54,15,118,46,57,120,50,24,80" hai1="29,123,60,4,63,76,90,8,62,35,122,108,0" hai2="30,84,71,97,69,134,126,44,111,6,129,36,27" hai3="132,49,135,7,85,23,100,95,12,88,3,58,37"/><U42/><E76/><V33/><F111/><W9/><G37/><T28/><D15/><U45/><E90/><V43/><F126/><W67/><G100/><T64/><D75/><U40/><E108/><V10/><F129/><W112/><G112/><T13/><D13/><U18/><E18/><V52/><F134/><W59/><G67/><T104/><D104/><U93/><E93/><V17/><F17/><N who="3" m="10663" /><G58/><T106/><D106/><U38/><REACH who="1" step="1"/><E42/><REACH who="1" ten="213,291,243,243" step="2"/><V98/><F43/><W107/><G107/><T20/><D80/><U56/><E56/><V74/><F71/><W68/><G68/><T92/><D92/><U83/><E83/><V41/><F69/><W16/><G16/><T110/><D110/><U82/><E82/><V96/><F41/><W78/><G78/><T87/><D87/><U53/><E53/><AGARI ba="3,1" hai="3,7,9,49,53,59,85,88,95,132,135" m="10663" machi="53" ten="30,2000,0" yaku="25,1,54,1" doraHai="117" who="3" fromWho="1" sc="213,0,291,-29,243,0,243,39" /><INIT seed="2,0,0,1,2,82" ten="213,262,243,282" oya="2" hai0="89,121,66,4,65,41,16,56,110,86,120,101,109" hai1="99,25,125,103,113,80,42,51,64,18,50,60,55" hai2="6,49,34,95,26,27,69,33,17,112,92,48,98" hai3="83,8,107,47,111,119,72,131,31,135,76,114,62"/><V84/><F112/><W11/><G119/><T134/><D4/><U46/><E113/><V123/><F69/><W52/><G114/><T115/><D115/><U23/><E125/><V118/><F118/><W21/><G107/><T5/><D5/><U73/><E73/><V22/><F123/><N who="0" m="47178" /><D101/><U100/><E80/><V105/><F105/><W128/><G111/><N who="0" m="42507" /><D134/><U53/><E99/><V90/><F6/><W13/><G135/><T67/><D41/><U133/><E133/><V127/><F127/><W12/><G12/><T28/><D28/><U87/><E87/><V54/><F27/><N who="3" m="16879" /><G13/><T44/><D44/><U57/><REACH who="1" step="1"/><E42/><REACH who="1" ten="213,252,243,282" step="2"/><V77/><F77/><W9/><G76/><T78/><D78/><U81/><E81/><V129/><F129/><W35/><G83/><N who="0" m="49375" /><D16/><U10/><E10/><V40/><F40/><W106/><G72/><T24/><D24/><U93/><E93/><V59/><REACH who="2" step="1"/><F49/><REACH who="2" ten="213,252,233,282" step="2"/><N who="3" m="28735" /><G106/><T14/><D14/><U0/><E0/><V94/><F94/><W108/><G108/><T15/><D15/><U117/><E117/><V116/><F116/><W37/><G131/><T130/><D130/><U79/><E79/><V43/><F43/><W71/><G128/><T61/><AGARI ba="0,2" hai="56,61,65,66,67" m="49375,42507,47178" machi="61" ten="40,2700,0" yaku="14,1,52,1" doraHai="82" who="0" fromWho="0" sc="213,47,252,-7,233,-13,282,-7" /><INIT seed="3,0,0,3,5,124" ten="260,245,220,275" oya="3" hai0="3,122,56,84,104,88,55,49,59,22,37,48,66" hai1="92,118,98,111,123,42,78,68,27,28,134,117,62" hai2="31,7,41,36,73,72,12,38,82,95,54,80,40" hai3="50,0,76,83,71,35,108,115,86,47,19,113,1"/><W96/><G71/><T69/><D104/><U94/><E123/><V53/><F31/><W30/><G108/><T85/><D3/><U100/><E111/><V116/><F95/><W2/><G19/><T57/><D122/><U119/><E78/><V10/><F116/><W65/><G65/><T61/><D37/><U87/><E42/><V45/><F45/><W93/><G35/><T110/><D110/><U67/><E134/><V4/><F12/><W132/><G30/><T8/><D8/><AGARI ba="0,0" hai="4,7,8,10,36,38,40,41,53,54,72,73,80,82" machi="8" ten="25,1600,0" yaku="22,2" doraHai="124" who="2" fromWho="0" sc="260,-16,245,0,220,16,275,0" /><INIT seed="4,0,0,1,4,104" ten="244,245,236,275" oya="0" hai0="105,70,54,8,116,118,45,100,108,43,129,86,48" hai1="61,57,26,121,55,52,0,122,3,40,49,120,102" hai2="37,34,82,112,89,47,117,58,91,134,4,93,18" hai3="60,71,50,115,109,21,69,119,32,94,87,77,2"/><T73/><D73/><U66/><E102/><V51/><F112/><W33/><G119/><T20/><D70/><U78/><E78/><V85/><F117/><W99/><G109/><T10/><D108/><U92/><E92/><V17/><F34/><W42/><G2/><T63/><D129/><U41/><E26/><V56/><F37/><W68/><G115/><T114/><D114/><U133/><E3/><V110/><F110/><W24/><G60/><T53/><D20/><U28/><E0/><V9/><F134/><W130/><G130/><T22/><D22/><U75/><E28/><V31/><F31/><W1/><G1/><T88/><D100/><U46/><E75/><V131/><F131/><W16/><G42/><N who="1" m="16490" /><E133/><V132/><F132/><W23/><G50/><N who="0" m="26943" /><D105/><U125/><E125/><V27/><F27/><W80/><REACH who="3" step="1"/><G23/><REACH who="3" ten="244,245,236,265" step="2"/><T96/><D116/><U123/><E123/><V44/><F9/><W127/><G127/><T67/><D118/><U6/><E6/><V5/><F4/><W15/><G15/><T81/><D67/><AGARI ba="0,1" hai="46,49,52,55,57,61,66,67,120,121,122" m="16490" machi="67" ten="40,5200,0" yaku="34,2,54,1" doraHai="104" who="1" fromWho="0" sc="244,-52,245,62,236,0,265,0" owari="192,-31.0,307,40.0,236,-16.0,265,7.0" /></mjloggm>