<mjloggm ver="2.3"><GO type="169" lobby="0"/><UN n0="%E3%81%9C%E3%82%8D%E3%82%81%E3%81%90" n1="%E3%83%8F%E3%82%A4%E3%83%86%E3%83%B3%E3%83%9C%E3%83%BC" n2="%E5%B0%B1%E6%B4%BB%E7%94%9F%40%E5%B7%9D%E6%9D%91%E8%BB%8D%E5%9B%A3" n3="%41%54%4D%31%34%32%39" dan="16,16,17,16" rate="2050.72,2200.13,2167.32,2074.62" sx="F,M,M,M"/><TAIKYOKU oya="0"/><INIT seed="0,0,0,1,2,60" ten="250,250,250,250" oya="0" hai0="125,118,45,50,113,87,11,21,105,32,19,25,74" hai1="115,131,86,133,92,53,127,41,89,72,90,132,31" hai2="104,67,107,36,66,69,51,59,42,80,38,116,56" hai3="23,44,126,97,28,117,88,100,93,130,33,83,64"/><T91/><D74/><U49/><E72/><V62/><F116/><W15/><G117/><T65/><D118/><U14/><E41/><V106/><F80/><W75/><G130/><T3/><D125/><U84/><E31/><V61/><F69/><W1/><G1/><T78/><D113/><U55/><E115/><V29/><F29/><W12/><G33/><T85/><D105/><U52/><E131/><V95/><F95/><W9/><G126/><T39/><D39/><U96/><E96/><V46/><AGARI ba="0,0" hai="36,38,42,46,51,56,59,61,62,66,67,104,106,107" machi="46" ten="40,8000,1" yaku="0,1,9,1,52,2" doraHai="60" who="2" fromWho="2" sc="250,-40,250,-20,250,80,250,-20" /><INIT seed="1,0,0,0,2,116" ten="210,230,330,230" oya="1" hai0="118,34,60,100,12,50,27,16,110,51,68,65,103" hai1="70,15,115,29,59,128,120,4,11,76,44,32,6" hai2="88,62,21,133,99,37,107,125,19,7,134,81,94" hai3="84,61,121,132,75,48,24,96,17,40,47,90,67"/><U98/><E70/><V10/><F37/><W56/><G75/><T63/><D118/><U80/><E115/><V45/><F125/><W57/><G132/><N who="2" m="50793" /><F107/><W39/><G96/><T119/><D119/><U130/><E32/><V0/><F45/><W1/><G1/><T69/><D110/><U41/><E29/><V97/><F81/><W3/><G3/><T86/><D86/><N who="1" m="48391" /><E4/><V55/><F55/><W87/><G87/><T64/><D27/><U42/><E59/><V35/><F35/><W74/><G74/><T109/><D34/><U36/><E42/><V38/><F38/><W8/><G121/><T131/><D109/><U106/><E120/><V105/><F62/><W73/><G73/><T22/><REACH who="0" step="1"/><D131/><REACH who="0" ten="200,230,330,230" step="2"/><N who="1" m="50219" /><E98/><N who="2" m="57671" /><F105/><AGARI ba="0,1" hai="6,11,15,36,41,44,105,106" m="50219,48391" machi="105" ten="30,1500,0" yaku="19,1" doraHai="116" who="1" fromWho="2" sc="200,0,230,25,330,-15,230,0" /><INIT seed="1,1,0,4,1,15" ten="200,255,315,230" oya="1" hai0="133,124,50,77,91,110,64,42,119,10,46,108,17" hai1="19,52,73,55,35,4,126,131,123,48,61,25,9" hai2="8,90,63,70,80,65,36,106,1,47,125,72,105" hai3="54,98,69,57,20,71,81,115,5,88,37,13,109"/><U122/><E73/><V101/><F90/><W49/><G37/><T18/><D119/><U62/><E131/><V114/><F125/><W39/><G39/><T93/><D124/><U58/><E126/><V84/><F84/><W45/><G115/><T82/><D133/><U12/><E62/><V14/><F14/><W26/><G109/><N who="0" m="42091" /><D64/><U94/><E94/><V7/><F101/><W95/><G81/><T97/><D10/><U0/><E25/><V29/><F29/><W41/><G5/><T3/><D3/><U89/><E89/><V87/><F87/><AGARI ba="1,0" hai="17,18,42,46,50,77,82,87,91,93,97" m="42091" machi="87" ten="30,3900,0" yaku="14,1,52,2" doraHai="15" who="0" fromWho="2" sc="200,42,255,0,315,-42,230,0" /><INIT seed="2,0,0,1,0,73" ten="242,255,273,230" oya="2" hai0="125,47,80,120,134,113,82,61,51,39,71,2,95" hai1="4,89,114,124,46,20,127,14,7,68,63,132,24" hai2="72,23,84,1,43,25,111,52,98,93,56,17,77" hai3="112,107,119,29,70,16,76,37,88,131,35,34,22"/><V100/><F1/><W79/><G70/><T32/><D113/><U101/><E114/><V21/><F72/><W92/><G37/><T75/><D120/><U133/><E101/><V117/><F117/><W97/><G119/><T42/><D125/><N who="1" m="48203" /><E46/><V67/><F111/><W3/><G3/><T123/><D123/><U55/><E89/><V86/><F43/><W10/><G131/><T30/><D134/><N who="1" m="51819" /><E55/><V110/><F67/><W11/><G112/><T9/><D95/><U26/><E63/><N who="2" m="36231" /><F77/><N who="3" m="29771" /><G107/><T81/><D75/><U6/><E68/><V116/><F110/><W33/><G33/><T118/><D118/><U45/><E45/><V57/><F116/><W59/><G35/><T126/><D39/><U12/><E26/><N who="2" m="14639" /><F57/><W62/><G34/><T102/><D126/><U15/><E4/><V74/><F74/><W28/><G62/><T54/><D61/><U60/><E60/><V87/><F87/><N who="3" m="52255" /><G59/><T103/><D71/><U94/><E94/><V40/><F40/><W18/><G97/><T53/><D42/><U96/><E96/><V78/><F78/><W115/><G115/><T50/><D47/><U19/><AGARI ba="0,0" hai="6,7,12,14,15,19,20,24" m="51819,48203" machi="19" ten="40,8000,1" yaku="18,1,20,1,34,2" doraHai="73" who="1" fromWho="1" sc="242,-20,255,80,273,-40,230,-20" /><INIT seed="3,0,0,4,3,44" ten="222,335,233,210" oya="3" hai0="57,10,76,87,81,26,13,131,39,18,109,105,50" hai1="106,93,100,35,42,34,8,71,43,31,21,117,45" hai2="73,33,78,119,17,83,66,84,126,1,3,91,120" hai3="116,128,130,127,133,94,15,90,23,135,80,36,134"/><W20/><G36/><T46/><D109/><U41/><E71/><V16/><F119/><W28/><G116/><T19/><D131/><N who="3" m="50217" /><G80/><T121/><D121/><U98/><E117/><V32/><F120/><W77/><G77/><T30/><D105/><U63/><E106/><V67/><F126/><W55/><G28/><T51/><D39/><U27/><E8/><V103/><F103/><W129/><N who="3" m="50225" /><W9/><DORA hai="24" /><G55/><N who="0" m="31999" /><D30/><U82/><E63/><V29/><F1/><W12/><G9/><T99/><D99/><U49/><REACH who="1" step="1"/><E82/><REACH who="1" ten="222,325,233,210" step="2"/><V65/><F3/><W62/><G127/><T75/><D10/><U7/><E7/><V114/><F114/><W14/><G62/><T25/><D81/><U111/><E111/><V47/><F83/><W64/><G64/><T95/><D76/><U107/><E107/><V61/><F78/><W0/><G0/><T48/><D75/><U37/><E37/><V79/><F79/><W118/><G118/><T11/><D11/><U115/><E115/><V122/><F73/><W2/><G2/><T38/><D38/><U85/><E85/><AGARI ba="0,1" hai="12,14,15,20,23,85,90,94,133,134,135" m="50225" machi="85" ten="50,4800,0" yaku="20,1,19,1" doraHai="44,24" who="3" fromWho="1" sc="222,0,325,-48,233,0,210,58" /><INIT seed="3,1,0,3,0,24" ten="222,277,233,268" oya="3" hai0="121,45,80,91,113,93,70,35,97,43,19,84,130" hai1="46,0,83,56,126,118,17,15,26,72,51,21,114" hai2="99,37,78,76,134,25,29,131,112,32,53,2,31" hai3="36,44,4,14,20,122,133,66,5,90,22,108,8"/><W96/><G122/><T73/><D121/><U106/><E114/><V52/><F112/><W135/><G66/><T63/><D113/><U41/><E106/><V28/><F37/><W68/><G68/><T124/><D124/><U59/><E0/><V101/><F2/><W33/><G36/><T69/><D130/><U7/><E126/><V16/><F131/><W128/><G44/><T79/><D35/><U120/><E118/><V94/><F134/><W111/><G90/><T115/><D115/><U87/><E72/><V110/><F110/><N who="3" m="42027" /><G96/><T81/><D19/><U119/><E119/><V9/><F32/><W77/><G77/><N who="2" m="29801" /><F25/><W3/><G33/><T13/><D69/><U100/><E100/><V23/><F23/><N who="3" m="8747" /><G128/><T58/><D70/><U10/><E120/><V48/><F48/><W11/><AGARI ba="1,0" hai="3,4,5,8,11,14,133,135" m="8747,42027" machi="11" ten="40,12000,1" yaku="14,1,10,1,34,2" doraHai="24" who="3" fromWho="3" sc="222,-41,277,-41,233,-41,268,123" /><INIT seed="3,2,0,1,4,53" ten="181,236,192,391" oya="3" hai0="5,123,86,124,44,29,117,39,120,73,10,3,107" hai1="129,20,58,0,46,85,74,69,38,127,14,104,71" hai2="75,102,93,131,31,59,30,112,37,19,89,27,8" hai3="47,133,21,100,109,45,52,114,96,51,79,83,81"/><W113/><G133/><T1/><D117/><U17/><E74/><V76/><F37/><W91/><G109/><T110/><D73/><U26/><E0/><V80/><F112/><W97/><G21/><T36/><D110/><U43/><E104/><V121/><F121/><W105/><G45/><T11/><D86/><U118/><E118/><V32/><F131/><W65/><G65/><T41/><D39/><U50/><E127/><V48/><F102/><W135/><G135/><T56/><D124/><U92/><E26/><V78/><F78/><W25/><G25/><T60/><D107/><U55/><E129/><V122/><F122/><W95/><G83/><T34/><D29/><U115/><E115/><V111/><F111/><W9/><G9/><T103/><D103/><U13/><E13/><V98/><F31/><W67/><G67/><T99/><D99/><U61/><E61/><V7/><F19/><W62/><G62/><T87/><D87/><AGARI ba="2,0" hai="47,51,52,79,81,87,91,95,96,97,100,105,113,114" machi="87" ten="30,2900,0" yaku="7,1,54,1" doraHai="53" who="3" fromWho="0" sc="181,-35,236,0,192,0,391,35" /><INIT seed="3,3,0,4,5,63" ten="146,236,192,426" oya="3" hai0="19,121,21,49,73,110,93,4,66,124,17,101,44" hai1="5,103,42,112,9,96,90,40,8,86,31,104,58" hai2="106,87,129,20,134,82,27,13,127,14,1,88,55" hai3="70,50,18,95,69,62,84,135,85,56,77,78,79"/><W47/><G135/><T89/><D121/><U128/><E112/><V57/><F1/><W113/><G70/><T116/><D116/><U34/><E9/><V83/><F106/><W72/><G69/><T6/><D110/><U94/><E128/><V46/><F134/><W111/><G111/><T99/><D73/><U10/><E10/><V23/><F127/><W68/><G68/><T119/><D124/><U114/><E114/><V53/><F129/><W107/><G107/><T76/><D76/><U25/><E58/><V43/><F83/><W33/><G33/><T115/><D115/><U37/><REACH who="1" step="1"/><E37/><REACH who="1" ten="146,226,192,426" step="2"/><V51/><F23/><W133/><G113/><T98/><D119/><U71/><E71/><V102/><F102/><W15/><G72/><T60/><D101/><U59/><E59/><V100/><F100/><W74/><G74/><T91/><D21/><U54/><E54/><N who="2" m="20491" /><F57/><W123/><G56/><T16/><D44/><U117/><E117/><V26/><F20/><W29/><G47/><T0/><D49/><U11/><E11/><V65/><F65/><W38/><G50/><T61/><D61/><U22/><E22/><V130/><F130/><W41/><G62/><T92/><D0/><AGARI ba="3,1" hai="0,5,8,25,31,34,40,42,86,90,94,96,103,104" machi="0" ten="30,2000,0" yaku="1,1,7,1,53,0" doraHai="63" doraHaiUra="126" who="1" fromWho="0" sc="146,-29,226,39,192,0,426,0" /><INIT seed="4,0,0,2,2,100" ten="117,265,192,426" oya="0" hai0="29,85,108,119,18,131,117,88,12,121,13,44,82" hai1="114,77,107,73,57,10,24,66,129,135,76,51,96" hai2="111,9,8,7,97,115,125,53,17,35,15,80,37" hai3="34,28,133,54,130,98,2,46,75,112,45,87,43"/><T103/><D121/><U94/><E73/><V50/><F115/><W78/><G130/><T132/><D131/><U59/><E129/><V38/><F125/><W19/><G133/><T39/><D132/><U55/><E135/><V1/><F111/><W102/><G2/><T20/><D108/><U61/><E107/><V106/><F35/><W16/><G75/><T84/><D103/><U70/><E70/><V56/><F106/><W26/><G54/><T30/><D12/><U6/><E24/><V123/><F123/><W68/><G68/><T71/><D71/><U128/><E114/><V104/><F104/><W64/><G64/><T92/><D39/><U4/><E128/><V89/><F97/><W116/><G46/><T31/><REACH who="0" step="1"/><D44/><REACH who="0" ten="107,265,192,426" step="2"/><U81/><E59/><V134/><F134/><W122/><G112/><T69/><D69/><U3/><E57/><V109/><F109/><W47/><G47/><T42/><D42/><U65/><E3/><V27/><F27/><W99/><G122/><T11/><D11/><U36/><E10/><V41/><F41/><W91/><G102/><T93/><D93/><U63/><E94/><V83/><F83/><W52/><G43/><T14/><D14/><U5/><E81/><V124/><F124/><W0/><G45/><T110/><D110/><U58/><E58/><V101/><F101/><W32/><G0/><T25/><D25/><U79/><E36/><V105/><F105/><W126/><G26/><T21/><D21/><U72/><E66/><V23/><F9/><W74/><G126/><T49/><D49/><U90/><E51/><RYUUKYOKU ba="0,1" sc="107,15,265,-15,192,15,426,-15" hai0="13,18,20,29,30,31,82,84,85,88,92,117,119" hai2="1,7,8,15,17,23,37,38,50,53,56,80,89" /><INIT seed="4,1,1,4,2,90" ten="122,250,207,411" oya="0" hai0="54,34,5,10,19,6,99,103,58,40,20,9,111" hai1="110,36,61,65,135,17,14,48,77,91,42,62,68" hai2="24,92,49,32,41,57,131,93,133,12,118,52,67" hai3="125,82,27,35,102,44,53,88,1,70,2,4,97"/><T30/><D111/><U124/><E110/><V75/><F75/><W22/><G70/><T18/><D40/><U117/><E117/><V89/><F118/><W69/><G35/><T85/><D34/><U106/><E106/><V114/><F114/><W63/><G69/><T8/><D85/><U28/><E36/><V16/><F131/><W120/><G125/><T56/><D30/><U122/><E28/><V64/><F133/><W11/><G82/><T59/><D54/><U109/><E77/><V107/><F107/><W78/><G78/><T132/><D132/><U39/><E135/><V60/><F24/><W100/><G1/><T84/><D84/><U119/><E119/><V96/><F32/><W72/><G72/><T66/><D66/><U33/><E33/><V87/><F41/><W104/><G104/><T29/><D29/><U130/><E42/><V79/><F60/><W101/><G44/><T116/><D116/><U38/><E62/><V94/><F79/><W86/><G53/><T123/><D123/><U76/><E122/><V113/><F113/><W55/><G55/><T74/><D74/><U0/><E109/><V23/><F96/><W15/><G63/><T51/><D51/><U128/><E48/><V112/><F112/><W21/><G120/><T115/><D115/><U25/><E76/><V108/><F108/><W45/><G97/><T73/><D73/><U43/><E43/><V98/><F98/><W134/><G134/><T127/><D127/><U81/><E124/><V47/><F47/><W95/><G45/><T129/><D129/><U126/><E130/><RYUUKYOKU ba="1,1" sc="122,-10,250,-10,207,30,411,-10" hai2="12,16,23,49,52,57,64,67,87,89,92,93,94" /><INIT seed="5,2,1,1,0,15" ten="112,240,237,401" oya="1" hai0="59,75,56,87,74,43,76,110,17,36,18,72,118" hai1="102,45,6,19,104,4,127,31,65,134,50,115,124" hai2="106,61,42,68,78,126,35,49,46,77,103,108,22" hai3="84,98,128,86,79,24,7,117,82,30,92,28,64"/><U132/><E65/><V100/><F35/><W51/><G128/><T85/><D110/><U14/><E102/><V9/><F108/><W48/><G64/><T1/><D118/><U114/><E31/><V26/><F126/><N who="1" m="48169" /><E50/><V113/><F113/><N who="1" m="43017" /><E45/><V10/><F61/><W69/><G69/><T32/><D32/><U111/><E104/><V101/><F68/><W33/><G30/><T91/><D1/><U58/><E58/><V94/><F94/><W99/><G48/><T3/><D3/><U73/><E73/><V40/><F40/><W83/><G51/><T119/><D119/><U120/><E120/><V34/><F34/><W129/><G117/><T109/><D74/><U52/><E52/><V47/><F47/><W121/><G121/><T27/><D43/><U89/><E89/><V8/><F106/><W81/><G33/><T20/><D109/><U70/><E70/><V96/><F96/><W0/><G99/><T123/><D123/><U105/><E105/><V95/><F95/><W71/><G92/><T5/><D91/><U131/><E131/><V57/><F57/><W41/><G71/><T133/><D59/><U60/><E60/><V66/><F66/><W54/><G54/><T12/><D56/><U116/><E116/><V2/><F2/><W29/><G0/><T130/><D130/><U21/><E111/><V135/><F135/><AGARI ba="2,1" hai="4,6,14,19,21,132,134,135" m="43017,48169" machi="135" ten="40,18000,2" yaku="20,1,18,1,15,1,34,2,52,1" doraHai="15" who="1" fromWho="2" sc="112,0,240,196,237,-186,401,0" /><INIT seed="5,3,0,3,4,66" ten="112,436,51,401" oya="1" hai0="55,28,11,27,117,65,91,74,8,51,10,45,1" hai1="109,40,54,29,127,19,17,83,113,68,94,80,89" hai2="87,133,79,121,60,42,9,23,22,34,70,69,123" hai3="63,101,64,41,31,25,15,32,132,52,135,37,122"/><U30/><E40/><V72/><F72/><W130/><G122/><T106/><D117/><U12/><E109/><V102/><F34/><W59/><G101/><T104/><D74/><U90/><E127/><V129/><F129/><W84/><G84/><T100/><D1/><U43/><E43/><V18/><F133/><N who="3" m="51275" /><G15/><T5/><D104/><U97/><E113/><V131/><F131/><W128/><G41/><T96/><D65/><U48/><E68/><V36/><F102/><W33/><G37/><T120/><D120/><U6/><E6/><V76/><F9/><W126/><G126/><T58/><D91/><U134/><E134/><V119/><F119/><W115/><G115/><T47/><REACH who="0" step="1"/><D5/><REACH who="0" ten="102,436,51,401" step="2"/><U93/><E89/><V77/><F87/><W35/><G128/><T16/><D16/><U111/><E19/><V57/><F123/><W108/><G130/><T39/><D39/><U118/><E118/><V50/><F121/><W86/><G108/><T3/><D3/><U110/><E110/><V116/><F116/><W103/><G64/><T112/><D112/><U107/><E107/><V78/><F36/><W85/><G103/><T4/><D4/><U95/><E111/><V53/><N who="2" m="19968" /><DORA hai="88" /><V67/><F42/><W81/><G85/><T82/><D82/><N who="1" m="31275" /><E90/><AGARI ba="3,1" hai="25,31,32,33,35,52,59,63,81,86,90" m="51275" machi="90" ten="30,2000,0" yaku="20,1,54,1" doraHai="66,88" who="3" fromWho="1" sc="102,0,436,-29,51,0,401,39" /><INIT seed="6,0,0,2,3,41" ten="102,407,51,440" oya="2" hai0="0,127,21,23,89,85,52,102,4,57,70,48,16" hai1="78,11,60,26,76,54,18,94,62,12,88,27,128" hai2="115,64,45,79,83,134,72,116,39,13,131,42,91" hai3="56,129,71,25,69,15,99,33,32,97,90,6,100"/><V124/><F116/><W50/><G129/><T36/><D127/><U92/><E92/><V34/><F131/><W37/><G37/><T1/><D70/><U30/><E128/><V119/><F124/><W130/><G33/><T3/><D36/><U82/><E54/><V122/><F119/><W81/><G32/><T103/><D4/><U113/><E113/><V10/><F122/><W8/><G25/><N who="1" m="9226" /><E30/><V73/><F34/><W87/><G97/><T24/><REACH who="0" step="1"/><D23/><REACH who="0" ten="92,407,51,440" step="2"/><U125/><E125/><V84/><F115/><W86/><G130/><T58/><D58/><U106/><E106/><V53/><F134/><W44/><G56/><T28/><D28/><U93/><E93/><AGARI ba="0,1" hai="0,1,3,16,21,24,48,52,57,85,89,93,102,103" machi="93" ten="40,5200,0" yaku="1,1,54,2,53,0" doraHai="41" doraHaiUra="75" who="0" fromWho="1" sc="92,62,407,-52,51,0,440,0" /><INIT seed="7,0,0,0,5,10" ten="154,355,51,440" oya="3" hai0="18,89,46,74,88,129,23,70,107,6,20,110,114" hai1="69,127,115,126,11,42,94,90,3,122,1,109,66" hai2="91,125,104,2,22,54,75,35,63,59,78,9,51" hai3="57,92,64,97,12,132,82,36,19,120,40,65,85"/><W93/><G132/><T58/><D70/><U96/><E122/><V8/><F35/><W76/><G36/><T106/><D110/><U72/><E109/><V45/><F104/><W123/><G40/><T47/><D74/><U105/><E105/><V113/><F125/><W37/><G37/><T124/><D58/><U56/><E72/><V38/><F113/><W62/><G65/><T52/><D6/><U131/><E69/><V41/><F91/><W101/><G92/><T68/><D68/><U77/><E77/><V99/><F99/><W133/><G133/><T135/><D124/><N who="1" m="47659" /><E42/><V81/><F9/><AGARI ba="0,0" hai="9,12,19,57,62,64,76,82,85,93,97,101,120,123" machi="9" ten="30,2900,0" yaku="7,1,52,1" doraHai="10" who="3" fromWho="2" sc="154,0,355,0,51,-29,440,29" owari="154,-25.0,355,16.0,22,-48.0,469,57.0" /></mjloggm>