<mjloggm ver="2.3"><GO type="169" lobby="0"/><UN n0="%E5%87%9B%E5%AE%99" n1="%33%33%62%6C%61%63%6B" n2="%61%6C%75%63%61%72%64" n3="%E3%82%A6%E3%83%AB%E3%83%88%E3%83%A9%E7%AB%8B%E7%9B%B4" dan="16,17,17,17" rate="2052.02,2152.77,2159.15,2144.08" sx="M,F,M,M"/><TAIKYOKU oya="0"/><INIT seed="0,0,0,2,4,39" ten="250,250,250,250" oya="0" hai0="23,103,116,128,8,133,84,126,36,85,109,46,97" hai1="22,0,65,131,18,12,9,55,77,75,92,68,100" hai2="106,134,88,57,82,86,10,14,90,89,74,19,59" hai3="113,52,76,73,101,81,47,53,107,7,13,108,135"/><T123/><D123/><U43/><E131/><V40/><F134/><W29/><G113/><T17/><D116/><U66/><E68/><V130/><F130/><W111/><G135/><T54/><D133/><U45/><E55/><V99/><F74/><W98/><G29/><T27/><D128/><U16/><E100/><V44/><F106/><W37/><G7/><T25/><D126/><U121/><E121/><V124/><F124/><W95/><G13/><T127/><D127/><U93/><E0/><V91/><REACH who="2" step="1"/><F99/><REACH who="2" ten="250,250,240,250" step="2"/><W117/><G107/><T87/><D109/><N who="3" m="42057" /><G117/><T63/><D97/><U78/><E75/><V67/><F67/><W33/><G33/><T115/><D115/><U122/><E122/><V119/><F119/><W35/><G35/><T69/><D85/><U114/><E114/><V26/><F26/><W41/><AGARI ba="0,1" hai="37,41,47,52,53,73,76,81,95,98,101" m="42057" machi="41" ten="30,4000,0" yaku="14,1,52,1,54,1" doraHai="39" who="3" fromWho="3" sc="250,-20,250,-10,240,-10,250,50" /><INIT seed="1,0,0,2,2,106" ten="230,240,230,300" oya="1" hai0="112,104,103,50,67,91,123,116,98,38,88,40,73" hai1="77,64,14,28,109,69,128,81,84,130,33,115,102" hai2="58,49,114,120,74,15,2,117,18,107,126,62,122" hai3="21,63,135,71,94,41,65,9,10,24,4,31,99"/><U60/><E115/><V7/><F107/><W55/><G135/><T32/><D112/><U44/><E109/><V72/><F114/><W61/><G41/><T96/><D32/><U75/><E102/><V119/><F2/><W100/><G4/><T29/><D38/><U90/><E14/><V17/><F7/><W52/><REACH who="3" step="1"/><G63/><REACH who="3" ten="230,240,230,290" step="2"/><T48/><D40/><U1/><E1/><V16/><F120/><W30/><G30/><T134/><D123/><U113/><E113/><V0/><F122/><W87/><G87/><T78/><D29/><U57/><E28/><V53/><F18/><W79/><G79/><T97/><D134/><U13/><E33/><V66/><F16/><W127/><G127/><T110/><D110/><U82/><E13/><V118/><F126/><W95/><G95/><T3/><D3/><U39/><E39/><V70/><REACH who="2" step="1"/><F0/><REACH who="2" ten="230,240,220,290" step="2"/><W93/><G93/><T124/><D124/><U121/><E121/><V37/><F37/><W131/><G131/><T20/><D104/><U23/><E128/><V46/><F46/><W105/><G105/><T83/><D116/><U129/><E44/><V125/><F125/><W25/><G25/><T80/><D103/><U111/><E111/><V56/><F56/><W51/><G51/><T19/><D48/><U59/><E129/><V36/><F36/><W92/><G92/><T6/><D50/><U76/><E130/><V22/><AGARI ba="0,2" hai="15,17,22,49,53,58,62,66,70,72,74,117,118,119" machi="22" ten="30,7900,0" yaku="1,1,0,1,52,2,53,0" doraHai="106" doraHaiUra="132" who="2" fromWho="2" sc="230,-20,240,-39,220,99,290,-20" /><INIT seed="2,0,0,0,0,125" ten="210,201,319,270" oya="2" hai0="106,43,97,116,85,115,92,133,129,108,53,17,66" hai1="96,3,5,26,14,51,77,131,1,132,111,39,64" hai2="83,68,81,41,56,40,44,103,10,21,76,107,58" hai3="94,46,22,48,0,86,28,121,124,73,38,113,101"/><V23/><F68/><W60/><G0/><T80/><D108/><U135/><E39/><V32/><F32/><W34/><G73/><T95/><D115/><U82/><E111/><V62/><F107/><W47/><G34/><T127/><D106/><U33/><E64/><V79/><F103/><W2/><G2/><T65/><D127/><U104/><E51/><V128/><F10/><W50/><G38/><T31/><D31/><N who="1" m="19703" /><E96/><V49/><F62/><W42/><G121/><T74/><D74/><U130/><E104/><V90/><F49/><W36/><G36/><T122/><D43/><U70/><E70/><V30/><F30/><W63/><G113/><T119/><D122/><U134/><E14/><V9/><F9/><W61/><G124/><T16/><D53/><U69/><E69/><V110/><F110/><W4/><G4/><T75/><D75/><N who="1" m="43327" /><E5/><V59/><F59/><W24/><G101/><T25/><D97/><U37/><E37/><V102/><F102/><W126/><G126/><T84/><D25/><U93/><E93/><V12/><F12/><W54/><G63/><T99/><D99/><U20/><E20/><V57/><F57/><W18/><G18/><T114/><D114/><U67/><E67/><V15/><F15/><W8/><G8/><T45/><D80/><U109/><E109/><V71/><F71/><W118/><G118/><T117/><D117/><U19/><E19/><V55/><F83/><W29/><G29/><T105/><D105/><U35/><E35/><V7/><F81/><W112/><G112/><T123/><D119/><U91/><E91/><AGARI ba="0,0" hai="22,24,28,42,46,47,48,50,54,60,61,86,91,94" machi="91" ten="40,2600,0" yaku="6,1,8,1" doraHai="125" who="3" fromWho="1" sc="210,0,201,-26,319,0,270,26" /><INIT seed="3,0,0,1,2,95" ten="210,175,319,296" oya="3" hai0="68,25,116,50,91,97,129,123,26,126,19,31,48" hai1="34,47,63,75,30,54,71,110,119,52,24,120,133" hai2="62,105,36,45,78,4,100,92,69,15,28,35,81" hai3="135,134,117,7,11,79,21,83,106,132,56,76,29"/><W58/><G117/><T118/><D68/><U112/><E112/><V121/><F92/><W33/><G33/><T57/><D123/><U38/><E120/><V84/><F15/><W23/><G106/><T89/><D126/><U128/><E119/><V96/><F4/><W109/><G109/><T74/><D74/><U125/><E110/><V93/><F121/><W124/><G124/><T2/><D2/><U32/><E125/><V104/><F45/><W127/><G127/><T27/><D129/><U122/><E122/><V80/><F36/><W65/><G65/><T131/><D131/><U44/><E128/><V16/><F81/><W130/><G130/><T37/><D37/><U113/><E113/><V98/><F16/><W73/><G79/><T20/><D116/><U115/><E34/><V86/><F86/><W88/><G88/><N who="0" m="33867" /><D118/><U22/><E32/><V9/><F9/><W43/><G43/><T107/><D107/><U102/><E75/><V10/><F10/><W72/><G72/><T67/><D31/><U77/><E71/><V70/><F28/><W39/><G39/><T12/><D97/><U64/><E38/><V1/><F35/><W18/><G29/><T0/><D0/><U103/><E115/><V49/><F1/><N who="3" m="495" /><G21/><T99/><D99/><N who="2" m="37930" /><F70/><W59/><G23/><T82/><D82/><U5/><E5/><V87/><F69/><W46/><G18/><T85/><D85/><U51/><E77/><V114/><F105/><W61/><G46/><T66/><D66/><U17/><E64/><V14/><F104/><W41/><G41/><T6/><D6/><RYUUKYOKU ba="0,0" sc="210,15,175,-15,319,-15,296,15" hai0="12,19,20,25,26,27,48,50,57,67" hai3="56,58,59,61,73,76,83,132,134,135" /><INIT seed="3,1,0,2,2,35" ten="225,160,304,311" oya="3" hai0="37,88,16,46,122,19,58,24,93,14,31,26,51" hai1="41,89,23,67,113,103,135,82,15,29,110,2,80" hai2="1,47,121,61,8,105,12,68,106,50,74,40,120" hai3="59,48,4,33,13,28,104,21,54,126,91,75,20"/><W114/><G114/><T38/><D122/><N who="2" m="47210" /><F74/><W130/><G104/><T17/><D14/><U100/><E113/><V39/><F1/><W0/><G75/><T55/><D37/><U134/><E110/><V3/><F3/><W115/><G0/><T94/><D38/><U66/><E2/><V95/><F95/><W64/><G33/><T77/><D77/><U56/><E41/><V96/><F96/><W32/><G32/><T125/><D125/><U52/><E134/><V63/><F50/><W83/><G126/><T119/><D119/><U18/><E29/><V34/><F34/><W44/><G130/><T124/><D124/><U87/><E82/><V60/><F68/><W53/><G64/><N who="1" m="24618" /><E135/><V72/><F72/><W73/><G28/><T69/><D69/><U27/><E27/><N who="0" m="10281" /><D31/><U127/><E127/><V81/><F81/><W62/><G73/><T78/><D78/><U133/><E133/><V99/><F99/><W132/><G132/><T116/><D116/><U42/><E42/><V107/><F107/><W97/><G115/><T112/><D112/><U9/><E9/><V10/><F10/><N who="3" m="4295" /><G97/><N who="0" m="57511" /><D94/><U86/><E86/><AGARI ba="1,0" hai="20,21,44,48,53,54,59,62,83,86,91" m="4295" machi="86" ten="30,1500,0" yaku="8,1" doraHai="35" who="3" fromWho="1" sc="225,0,160,-18,304,0,311,18" /><INIT seed="3,2,0,5,3,29" ten="225,142,304,329" oya="3" hai0="17,12,84,78,101,126,44,86,61,25,38,18,42" hai1="79,56,14,81,125,87,135,119,57,97,36,131,123" hai2="113,89,76,49,11,60,102,70,99,23,3,129,6" hai3="39,65,66,107,7,9,45,47,24,128,5,69,103"/><W48/><G103/><T114/><D126/><U92/><E123/><V112/><F76/><W28/><G107/><T52/><D101/><U130/><E125/><V30/><F129/><N who="1" m="49161" /><E36/><V72/><F72/><W20/><G69/><T54/><D114/><U26/><E135/><V83/><F49/><W2/><G128/><T108/><D108/><U93/><E119/><V21/><F89/><W15/><G2/><T68/><D25/><U115/><E115/><V51/><F83/><W90/><G39/><T31/><D31/><U104/><E14/><V124/><F51/><W117/><G117/><T62/><D68/><U50/><E26/><V82/><F82/><W27/><G7/><T34/><D38/><U35/><E35/><V85/><F85/><W13/><G13/><T105/><D12/><U134/><E134/><V67/><F124/><W32/><G90/><T40/><D105/><U74/><E74/><V59/><F70/><W19/><REACH who="3" step="1"/><G45/><REACH who="3" ten="225,142,304,319" step="2"/><T4/><D44/><U111/><E104/><V132/><F132/><W77/><G77/><T43/><D78/><U46/><E46/><V0/><F0/><W55/><AGARI ba="2,1" hai="5,9,15,19,20,24,27,28,32,47,48,55,65,66" machi="55" ten="20,7800,0" yaku="1,1,0,1,7,1,52,1,53,0" doraHai="29" doraHaiUra="109" who="3" fromWho="3" sc="225,-28,142,-28,304,-28,319,94" /><INIT seed="3,3,0,3,1,135" ten="197,114,276,413" oya="3" hai0="50,14,76,26,39,35,119,80,47,34,87,122,10" hai1="62,77,25,104,5,53,88,131,8,65,109,92,9" hai2="70,40,58,121,116,102,100,41,66,68,67,16,110" hai3="95,31,32,123,18,46,108,79,75,73,112,22,6"/><W78/><G123/><T71/><D122/><U57/><E104/><V82/><F121/><W81/><G112/><T44/><D71/><U55/><E109/><V125/><F110/><W96/><G6/><T48/><D39/><U17/><E131/><V49/><F116/><W105/><G105/><T64/><D64/><N who="2" m="24618" /><F82/><W94/><G32/><T134/><D119/><U43/><E43/><N who="2" m="16459" /><F16/><W15/><G31/><T60/><D134/><U130/><E130/><V52/><F102/><W13/><G46/><T1/><D1/><U54/><E77/><V113/><F100/><W98/><G108/><T114/><D114/><U90/><E90/><V128/><F113/><W27/><G27/><T56/><D26/><U120/><E120/><V117/><F117/><W91/><G18/><T118/><D118/><U3/><E9/><V33/><F33/><W74/><G22/><T127/><D10/><U103/><E103/><V12/><F12/><W0/><G0/><T20/><D14/><U86/><E17/><V59/><F128/><W101/><G13/><T29/><D20/><U28/><REACH who="1" step="1"/><E65/><REACH who="1" ten="197,104,276,413" step="2"/><V42/><F42/><W93/><G78/><T133/><D76/><U99/><E99/><V84/><F84/><N who="3" m="52455" /><G15/><T97/><D87/><U63/><E63/><N who="2" m="36295" /><F68/><W51/><G79/><T21/><D97/><U24/><E24/><V7/><F70/><W83/><G98/><T4/><D4/><U124/><E124/><V85/><F7/><W45/><G96/><T61/><D127/><U126/><E126/><V2/><F125/><W89/><G101/><T36/><D61/><U107/><E107/><RYUUKYOKU ba="3,1" sc="197,-10,104,30,276,-10,413,-10" hai1="3,5,8,25,28,53,54,55,57,62,86,88,92" /><INIT seed="4,4,1,0,4,43" ten="187,134,266,403" oya="0" hai0="52,18,96,116,5,70,57,99,66,122,23,106,134" hai1="69,15,131,1,12,38,87,98,101,83,86,47,75" hai2="79,34,56,28,89,42,46,45,135,29,32,85,128" hai3="53,114,16,78,25,10,90,62,49,110,39,84,19"/><T112/><D116/><U77/><E69/><V30/><F128/><W40/><G39/><T129/><D122/><U37/><E131/><V27/><F135/><W68/><G78/><T2/><D129/><U4/><E37/><V81/><F42/><W107/><G107/><T50/><D134/><U109/><E109/><V121/><F121/><W14/><G114/><T76/><D76/><U35/><E35/><V113/><F113/><W36/><G36/><T123/><D123/><U118/><E118/><V71/><F71/><W74/><G74/><T108/><D112/><U97/><E97/><V120/><F120/><W133/><G133/><T61/><D108/><U59/><E59/><V20/><F56/><N who="3" m="35087" /><G68/><T127/><D106/><U124/><E124/><V31/><REACH who="2" step="1"/><F79/><REACH who="2" ten="187,134,256,403" step="2"/><W58/><G58/><T102/><D127/><U9/><E77/><V80/><F80/><W65/><G40/><T111/><D111/><U103/><E83/><V7/><F7/><W94/><G110/><T119/><D119/><U72/><E72/><V24/><F24/><W54/><G25/><T8/><D102/><U13/><E75/><V33/><AGARI ba="4,2" hai="20,27,28,29,30,31,32,33,34,45,46,81,85,89" machi="33" ten="40,8000,1" yaku="1,1,0,1,52,2,53,0" doraHai="43" doraHaiUra="104" who="2" fromWho="2" sc="187,-44,134,-24,256,112,403,-24" /><INIT seed="5,0,0,3,2,53" ten="143,110,368,379" oya="1" hai0="97,89,60,72,115,133,41,16,46,80,67,37,13" hai1="27,32,29,129,15,83,5,22,38,127,99,34,52" hai2="28,98,132,4,109,24,61,103,57,14,75,59,54" hai3="62,95,17,18,71,79,11,10,44,131,118,113,116"/><U107/><E38/><V106/><F109/><W39/><G79/><T63/><D115/><U7/><E83/><V87/><F75/><W112/><G95/><T31/><D31/><U12/><E107/><V76/><F132/><W134/><G131/><T58/><D133/><U51/><E99/><V56/><F4/><N who="1" m="1609" /><E51/><V96/><F14/><N who="1" m="5161" /><E52/><V104/><F87/><W50/><G39/><T110/><D110/><U100/><E100/><V43/><F43/><W9/><G134/><T130/><D130/><U45/><E45/><V48/><F76/><W121/><G121/><T81/><D72/><U25/><E129/><V128/><F128/><W111/><G111/><T69/><D97/><U1/><E127/><V92/><F61/><W88/><G88/><T84/><D80/><U117/><E117/><N who="3" m="45162" /><G113/><T47/><D47/><U126/><E126/><V123/><F106/><W40/><G112/><T105/><D105/><U86/><E86/><V101/><F123/><W114/><G114/><T26/><D63/><U135/><E135/><V6/><F6/><W124/><G124/><T2/><D69/><U20/><E1/><V19/><F104/><W77/><G77/><T82/><D2/><U93/><E93/><V0/><F0/><W73/><G73/><T30/><D84/><U66/><E66/><AGARI ba="0,0" hai="9,10,11,17,18,40,44,50,62,66,71" m="45162" machi="66" ten="30,1000,0" yaku="12,1" doraHai="53" who="3" fromWho="1" sc="143,0,110,-10,368,0,379,10" /><INIT seed="6,0,0,0,4,21" ten="143,100,368,389" oya="2" hai0="40,73,89,37,122,82,109,108,53,77,52,55,63" hai1="101,114,119,133,6,32,26,1,107,65,110,102,59" hai2="78,25,12,103,98,4,30,120,69,124,46,0,11" hai3="34,85,106,51,112,128,115,33,90,134,66,9,48"/><V39/><F120/><W17/><G106/><T2/><D122/><U76/><E119/><V24/><F69/><W71/><G66/><T129/><D129/><U7/><E110/><V104/><F124/><W42/><G71/><T67/><D89/><U28/><E114/><N who="3" m="43562" /><G134/><T14/><D14/><U61/><E133/><V16/><F78/><W60/><G60/><T18/><D18/><U8/><E107/><V126/><F126/><W121/><G121/><T13/><D13/><U3/><REACH who="1" step="1"/><E76/><REACH who="1" ten="143,90,368,389" step="2"/><V81/><F81/><W35/><G128/><T94/><D109/><U97/><E97/><V92/><F104/><W87/><G42/><T96/><D108/><U49/><E49/><V127/><F127/><W118/><G118/><T45/><D96/><U64/><E64/><V117/><F117/><W116/><G116/><T58/><D67/><U132/><E132/><V86/><F98/><W50/><G90/><T47/><D94/><U36/><E36/><V19/><F92/><W123/><G123/><T41/><D2/><U31/><E31/><V131/><F30/><W22/><G9/><AGARI ba="0,1" hai="1,3,6,7,8,9,26,28,32,59,61,65,101,102" machi="9" ten="40,8000,1" yaku="1,1,9,1,52,1,53,1" doraHai="21" doraHaiUra="57" who="1" fromWho="3" sc="143,0,90,90,368,0,389,-80" /><INIT seed="7,0,0,2,5,54" ten="143,180,368,309" oya="3" hai0="96,121,20,120,123,69,87,66,53,100,43,92,60" hai1="18,31,131,68,56,37,51,59,125,109,101,106,73" hai2="0,64,25,126,27,26,28,62,30,14,5,81,93" hai3="67,23,16,102,3,57,29,118,21,130,132,44,4"/><W74/><G74/><T35/><D35/><U128/><E37/><V86/><F126/><W105/><G118/><T75/><D75/><U119/><E68/><V33/><F0/><W72/><G72/><T19/><D43/><U91/><E125/><V2/><F2/><W40/><G130/><N who="1" m="49706" /><E119/><V95/><F5/><W113/><G113/><T89/><D53/><U127/><E127/><V6/><F6/><W110/><G132/><T7/><D7/><U135/><E135/><V58/><F14/><N who="3" m="9367" /><G105/><T48/><D48/><U38/><E38/><V47/><F47/><W88/><G102/><T11/><D11/><U70/><E70/><V9/><F9/><W115/><G115/><T124/><D124/><U111/><E31/><N who="2" m="11819" /><F33/><W76/><G76/><AGARI ba="0,0" hai="25,26,27,58,62,64,76,81,86,93,95" m="11819" machi="76" ten="30,2000,0" yaku="8,1,52,1" doraHai="54" who="2" fromWho="3" sc="143,0,180,0,368,20,309,-20" owari="143,-36.0,180,-22.0,388,49.0,289,9.0" /></mjloggm>