<mjloggm ver="2.3"><GO type="225" lobby="0"/><UN n0="%6F%6E%65%73%74%61%72" n1="%E7%B6%BE%E5%BC%A5%E4%B8%80%E6%9D%A1" n2="%E5%A4%95%E5%8F%A2%E9%9C%A7%E9%A6%99" n3="%E3%83%88%E3%83%88%E3%83%AA%E5%85%88%E7%94%9F%31%39%E6%AD%B3" dan="16,16,16,16" rate="2138.69,2104.90,2074.15,2150.79" sx="M,M,F,F"/><TAIKYOKU oya="0"/><INIT seed="0,0,0,0,4,78" ten="250,250,250,250" oya="0" hai0="111,69,103,20,91,40,98,77,7,107,101,72,39" hai1="10,19,93,119,2,28,38,110,124,131,64,61,25" hai2="102,0,104,35,71,81,105,27,49,30,29,44,22" hai3="15,100,128,50,12,54,115,83,85,67,1,129,132"/><T11/><D69/><U121/><E119/><V108/><F71/><W114/><G1/><N who="0" m="495" /><D20/><U74/><E121/><V125/><F0/><W36/><G132/><T97/><D91/><U55/><E38/><V84/><F108/><W99/><G36/><T109/><D98/><U86/><E74/><V73/><F73/><W48/><G67/><T62/><D62/><U51/><E110/><N who="0" m="41993" /><D103/><U21/><E61/><V16/><F125/><W76/><G50/><T42/><D39/><U130/><E64/><V31/><F35/><W23/><G115/><T123/><D123/><U46/><E124/><V60/><F102/><W106/><G114/><T87/><D87/><U75/><E75/><V120/><F60/><W45/><REACH who="3" step="1"/><G23/><REACH who="3" ten="250,250,250,240" step="2"/><T68/><D68/><U116/><E21/><V113/><F113/><W112/><G112/><T37/><D37/><U6/><E51/><V32/><F32/><W94/><G94/><T65/><D65/><U66/><E93/><V33/><F33/><W5/><G5/><T8/><D8/><U24/><E10/><V79/><REACH who="2" step="1"/><F120/><REACH who="2" ten="250,250,240,240" step="2"/><W127/><G127/><T70/><D70/><U126/><E126/><V63/><F63/><W13/><AGARI ba="0,2" hai="12,13,15,45,48,54,76,83,85,99,100,106,128,129" machi="13" ten="30,4000,0" yaku="1,1,0,1,52,1,53,0" doraHai="78" doraHaiUra="122" who="3" fromWho="3" sc="250,-20,250,-10,240,-10,240,60" /><INIT seed="1,0,0,5,0,95" ten="230,240,230,300" oya="1" hai0="34,36,75,27,45,58,37,67,113,65,77,0,72" hai1="59,114,104,84,38,128,50,110,88,66,70,89,106" hai2="78,18,112,17,57,133,20,62,109,120,85,9,123" hai3="42,46,74,2,3,105,1,5,82,15,68,107,79"/><U4/><E38/><V87/><F109/><W24/><G15/><T100/><D113/><U29/><E114/><V94/><F112/><W54/><G54/><T119/><D119/><U55/><E128/><V135/><F9/><N who="3" m="2223" /><G24/><T53/><D100/><U22/><E110/><V116/><F116/><W12/><G12/><T73/><D77/><U10/><E89/><N who="2" m="53551" /><F87/><W115/><G68/><T69/><D0/><N who="3" m="41" /><G115/><T103/><D103/><U28/><E66/><N who="2" m="39247" /><F78/><W48/><G48/><T41/><D36/><U83/><E70/><V30/><F30/><W76/><G46/><T96/><D69/><U49/><E49/><V122/><F20/><W124/><G42/><T97/><D67/><U47/><E47/><V98/><F17/><W99/><G124/><T71/><D34/><U25/><E29/><V13/><F18/><W35/><G35/><T8/><D8/><U32/><E32/><V26/><F13/><AGARI ba="0,0" hai="4,10,13,22,25,28,50,55,59,83,84,88,104,106" machi="13" ten="30,2900,0" yaku="7,1,54,1" doraHai="95" who="1" fromWho="2" sc="230,0,240,29,230,-29,300,0" /><INIT seed="1,1,0,4,4,110" ten="230,269,201,300" oya="1" hai0="25,80,52,39,30,124,63,54,107,130,72,11,6" hai1="89,92,105,22,71,117,26,97,73,100,104,23,24" hai2="43,1,94,128,82,46,96,114,7,27,18,133,8" hai3="32,35,113,38,127,115,88,123,51,13,119,76,48"/><U47/><E117/><V57/><F128/><W17/><G123/><T36/><D124/><U16/><E71/><V87/><F133/><W40/><G76/><T74/><D107/><U122/><E122/><V62/><F114/><N who="3" m="43531" /><G38/><T34/><D130/><U33/><E33/><N who="3" m="12874" /><G88/><T50/><D72/><U9/><E73/><V78/><F18/><W61/><G61/><T132/><D132/><U55/><E9/><V0/><F27/><W5/><G5/><T64/><D80/><U49/><REACH who="1" step="1"/><E100/><REACH who="1" ten="230,259,201,300" step="2"/><V118/><F118/><W121/><G121/><T103/><D103/><U19/><AGARI ba="1,1" hai="16,19,22,23,24,26,47,49,55,89,92,97,104,105" machi="19" ten="20,18000,2" yaku="1,1,2,1,0,1,7,1,9,1,54,1,53,1" doraHai="110" doraHaiUra="42" who="1" fromWho="1" sc="230,-61,259,193,201,-61,300,-61" /><INIT seed="1,2,0,5,5,13" ten="169,452,140,239" oya="1" hai0="80,31,101,55,87,48,79,85,34,118,95,71,50" hai1="92,81,57,1,115,109,135,27,5,30,122,40,15" hai2="113,46,51,53,77,0,86,134,63,45,75,72,67" hai3="32,128,110,105,26,103,84,42,90,62,37,25,18"/><U9/><E115/><V6/><F113/><W8/><G110/><T2/><D118/><U43/><E122/><V93/><F134/><W133/><G133/><T61/><D2/><U69/><E69/><V11/><F46/><W91/><G128/><T116/><D116/><U36/><E36/><V23/><F23/><W100/><G90/><T28/><D34/><U97/><E135/><V68/><REACH who="2" step="1"/><F93/><REACH who="2" ten="169,452,130,239" step="2"/><W70/><G32/><T124/><D124/><U33/><E92/><V38/><F38/><W106/><G37/><T12/><D95/><U112/><E33/><V83/><AGARI ba="2,1" hai="0,6,11,45,51,53,63,67,68,72,75,77,83,86" machi="83" ten="30,7900,0" yaku="1,1,0,1,53,2" doraHai="13" doraHaiUra="107" who="2" fromWho="2" sc="169,-22,452,-41,130,95,239,-22" /><INIT seed="2,0,0,5,2,13" ten="147,411,225,217" oya="2" hai0="101,135,50,65,25,0,1,14,41,110,118,74,128" hai1="46,93,133,107,81,8,70,119,54,69,83,116,66" hai2="131,45,117,88,56,100,51,86,63,5,4,49,78" hai3="129,71,53,9,102,61,97,67,6,35,57,20,64"/><V23/><F117/><W34/><G129/><T24/><D74/><U79/><E107/><V38/><F38/><W31/><G20/><T92/><D110/><U28/><E93/><N who="2" m="54423" /><F131/><W106/><G31/><T80/><D135/><U72/><E28/><V109/><F109/><W127/><G127/><T121/><D128/><U44/><E133/><V122/><F122/><W68/><G67/><T19/><D121/><U11/><E66/><N who="2" m="39271" /><F78/><W22/><G22/><T125/><D125/><U94/><E94/><V87/><F87/><W3/><REACH who="3" step="1"/><G53/><REACH who="3" ten="147,411,225,207" step="2"/><T126/><D118/><U29/><E29/><V40/><F100/><W47/><G47/><T10/><D126/><U36/><E119/><V90/><F23/><W76/><G76/><T132/><D132/><U21/><E21/><V108/><F108/><W30/><G30/><T33/><D101/><U89/><E79/><V27/><F27/><W96/><G96/><T73/><D25/><U32/><E116/><V104/><F90/><W85/><G85/><T91/><D91/><U130/><E89/><V42/><F104/><W112/><G112/><T15/><D65/><U105/><E105/><V111/><F111/><W16/><G16/><T48/><D19/><U39/><E130/><V37/><F45/><W124/><G124/><T43/><D24/><U62/><E72/><V95/><F5/><W2/><G2/><T58/><D0/><U84/><E84/><V12/><F4/><W99/><G99/><T26/><D1/><U134/><E134/><V52/><F52/><W55/><G55/><T98/><D98/><U77/><E54/><RYUUKYOKU ba="0,1" sc="147,-10,411,-10,225,-10,207,30" hai3="3,6,9,34,35,57,61,64,68,71,97,102,106" /><INIT seed="3,1,1,3,1,104" ten="137,401,215,237" oya="3" hai0="6,11,98,32,96,20,82,71,72,112,36,130,56" hai1="40,133,125,121,64,61,51,75,1,52,99,87,4" hai2="25,16,67,123,124,21,85,63,131,88,26,46,83" hai3="76,35,70,120,24,29,30,135,3,100,45,55,13"/><W105/><G120/><T42/><D32/><U97/><E75/><V106/><F123/><W90/><G3/><T110/><D71/><U66/><E40/><V122/><F122/><W74/><G70/><T113/><D110/><U14/><E1/><V116/><F116/><W77/><G135/><T54/><D130/><U50/><E121/><V95/><F106/><W68/><G68/><T27/><D36/><U73/><E73/><V8/><F131/><W109/><G109/><T101/><D42/><U15/><E125/><V94/><F124/><W65/><G65/><T17/><D101/><U108/><E133/><V103/><F46/><W86/><G30/><T9/><D9/><U31/><E31/><V80/><F80/><BYE who="2" /><W69/><G69/><T111/><D111/><U0/><E0/><V43/><F43/><W91/><G91/><T59/><D59/><U81/><E108/><V39/><F39/><W18/><G100/><UN n2="%E5%A4%95%E5%8F%A2%E9%9C%A7%E9%A6%99" /><T132/><D132/><U47/><E50/><V33/><F8/><W84/><G74/><T118/><D118/><U57/><E66/><V23/><F33/><W44/><G105/><T12/><D54/><U128/><E128/><V10/><F10/><W2/><G2/><T107/><D56/><U62/><E62/><V127/><F127/><W48/><G44/><T78/><REACH who="0" step="1"/><D107/><REACH who="0" ten="127,401,215,237" step="2"/><U7/><E57/><N who="2" m="37359" /><F103/><W38/><G38/><T79/><D79/><U37/><E37/><V28/><AGARI ba="1,2" hai="16,21,23,25,26,28,83,85,88,94,95" m="37359" machi="28" ten="30,4000,0" yaku="8,1,54,2" doraHai="104" who="2" fromWho="2" sc="127,-11,401,-11,215,63,237,-21" owari="116,-38.0,390,48.0,278,8.0,216,-18.0" /></mjloggm>