<mjloggm ver="2.3"><GO type="97" lobby="0"/><UN n0="%E3%82%AB%E3%83%A1" n1="%E6%9C%AB%E5%BA%83%E5%AE%89%E9%82%A3" n2="%E3%83%9E%E3%82%B5%E3%82%A4" n3="%E5%B0%B1%E6%B4%BB%E7%94%9F%40%E5%B7%9D%E6%9D%91%E8%BB%8D%E5%9B%A3" dan="14,15,15,15" rate="1922.14,2015.20,2022.07,2009.89" sx="M,F,M,M"/><TAIKYOKU oya="0"/><INIT seed="0,0,0,3,3,6" ten="250,250,250,250" oya="0" hai0="56,10,71,106,98,42,67,117,11,32,62,125,39" hai1="13,89,58,45,7,14,121,129,68,30,75,17,57" hai2="65,69,27,130,112,54,40,33,70,23,96,122,86" hai3="55,3,50,22,99,81,47,12,41,126,25,104,36"/><T76/><D117/><U64/><E68/><V29/><F122/><W107/><G3/><T19/><D125/><U38/><E75/><V83/><F112/><W85/><G126/><T63/><D76/><U111/><E121/><V118/><F40/><W49/><G12/><T127/><D127/><U132/><E132/><V1/><F1/><W15/><G15/><T4/><D19/><U46/><E30/><V91/><F130/><W66/><G66/><T34/><D4/><U72/><E72/><V60/><F118/><W28/><G99/><T26/><D42/><U52/><E129/><V116/><F116/><W61/><G61/><T113/><D39/><U97/><E38/><V2/><F2/><W92/><G92/><T43/><D43/><U35/><E35/><V128/><F128/><W16/><G28/><N who="0" m="19479" /><D34/><U93/><E111/><V18/><F54/><W90/><REACH who="3" step="1"/><G36/><REACH who="3" ten="250,250,250,240" step="2"/><T73/><D113/><U115/><E64/><V37/><F37/><W88/><G88/><T134/><D134/><U109/><E115/><V87/><F96/><W124/><G124/><T108/><D108/><U101/><E109/><V5/><F65/><W44/><AGARI ba="0,1" hai="16,22,25,41,44,47,49,50,55,81,85,90,104,107" machi="44" ten="20,5200,0" yaku="1,1,0,1,7,1,54,1,53,0" doraHai="6" doraHaiUra="95" who="3" fromWho="3" sc="250,-26,250,-13,250,-13,240,62" /><INIT seed="1,0,0,5,2,56" ten="224,237,237,302" oya="1" hai0="116,64,14,37,117,15,84,133,54,78,24,108,11" hai1="70,52,50,91,122,86,31,69,97,36,134,71,49" hai2="61,77,100,106,21,12,35,92,1,94,88,105,65" hai3="30,85,120,22,8,115,38,124,25,16,114,27,47"/><U81/><E134/><V40/><F35/><W104/><G120/><T87/><D37/><U29/><E36/><V55/><F1/><W113/><G104/><T32/><D133/><U111/><E122/><V80/><F40/><W9/><G124/><T96/><D108/><U26/><E111/><V43/><F43/><W13/><G38/><T129/><D129/><U126/><E126/><V74/><F55/><W127/><G47/><T93/><D64/><U53/><E97/><V44/><F44/><W39/><G39/><T72/><D72/><U89/><E26/><V75/><F75/><W107/><G107/><T67/><D67/><U76/><E76/><V62/><F21/><N who="3" m="15663" /><G85/><T51/><D116/><U125/><E125/><V33/><F12/><W83/><G83/><T112/><D117/><U131/><E131/><V48/><F48/><W66/><G66/><T5/><D112/><U123/><E123/><V41/><F41/><W23/><G127/><T28/><D15/><U130/><E130/><V132/><F33/><W59/><G59/><T10/><D10/><U63/><E70/><V3/><F3/><W4/><G4/><T7/><D7/><U6/><E6/><V79/><F65/><W128/><G128/><T2/><D78/><U82/><E86/><N who="2" m="52247" /><F77/><W46/><G46/><N who="0" m="28023" /><D2/><U121/><E121/><V34/><F34/><W90/><G90/><N who="0" m="55351" /><D32/><U0/><E0/><V18/><F132/><W17/><AGARI ba="0,0" hai="8,9,13,16,17,22,23,27,113,114,115" m="15663" machi="17" ten="40,5200,0" yaku="34,2,54,1" doraHai="56" who="3" fromWho="3" sc="224,-13,237,-26,237,-13,302,52" /><INIT seed="2,0,0,0,5,72" ten="211,211,224,354" oya="2" hai0="96,84,129,49,34,5,57,117,12,32,128,19,71" hai1="7,132,123,8,21,122,55,133,131,9,101,116,27" hai2="4,51,31,63,58,14,16,46,95,82,107,36,38" hai3="130,91,88,118,68,78,28,61,37,113,97,121,70"/><V1/><F107/><W13/><G118/><T109/><D71/><U64/><E116/><V102/><F31/><W11/><G37/><T48/><D117/><U125/><E64/><V66/><F1/><W94/><G121/><N who="1" m="46090" /><E101/><V114/><F4/><W104/><G104/><T50/><D109/><U112/><E112/><V6/><F6/><W52/><G130/><N who="0" m="50283" /><D5/><U15/><E131/><V81/><F114/><W115/><G78/><T26/><D96/><U87/><E125/><V111/><F111/><W0/><G0/><T79/><D57/><U135/><E55/><N who="2" m="30199" /><F38/><W83/><G28/><T20/><D26/><U98/><E98/><N who="2" m="59743" /><F36/><W74/><G74/><T10/><D10/><AGARI ba="0,0" hai="10,14,16,58,63,66,81,82" m="59743,30199" machi="10" ten="30,2900,0" yaku="8,1,54,1" doraHai="72" who="2" fromWho="0" sc="211,-29,211,0,224,29,354,0" /><INIT seed="2,1,0,5,4,78" ten="182,211,253,354" oya="2" hai0="112,17,7,72,100,73,86,106,96,25,28,8,4" hai1="127,121,23,43,2,85,120,35,16,91,124,87,126" hai2="26,29,108,102,109,36,67,14,64,11,92,111,24" hai3="89,27,44,58,30,93,123,31,118,55,94,131,18"/><V66/><F36/><W132/><G123/><N who="1" m="47178" /><E2/><V79/><F79/><W10/><G131/><T54/><D112/><U20/><E35/><V119/><F119/><W74/><G74/><T32/><D54/><U21/><E43/><V61/><F61/><N who="3" m="36063" /><G132/><T65/><D4/><U90/><E16/><N who="2" m="8287" /><F29/><N who="3" m="10763" /><G118/><T0/><D86/><AGARI ba="1,0" hai="20,21,23,85,86,87,90,91,124,126,127" m="47178" machi="86" ten="40,8000,1" yaku="28,2,18,1,13,1" doraHai="78" who="1" fromWho="0" sc="182,-83,211,83,253,0,354,0" /><INIT seed="3,0,0,2,4,11" ten="99,294,253,354" oya="3" hai0="61,80,17,95,41,89,103,129,14,67,90,73,38" hai1="97,37,83,35,16,13,114,135,84,105,53,66,110" hai2="8,124,81,94,27,82,75,115,9,2,65,99,43" hai3="101,72,21,42,63,18,76,3,51,130,25,40,86"/><W54/><G3/><T69/><D129/><U123/><E123/><V93/><F115/><W106/><G72/><T47/><D73/><U57/><E37/><V112/><F112/><W100/><G63/><T32/><D32/><U49/><E35/><V79/><F124/><W64/><G64/><T36/><D36/><U45/><E114/><V77/><F65/><W56/><G106/><T29/><D29/><U20/><E135/><V70/><F70/><W68/><G68/><T28/><D28/><U87/><E110/><V118/><F118/><W133/><G133/><T7/><D7/><U74/><E74/><V4/><F27/><W6/><G6/><T127/><D127/><U128/><E128/><V22/><F22/><W1/><G1/><T117/><D117/><U30/><E30/><V122/><F122/><W34/><G34/><T126/><D126/><U19/><E19/><V116/><F116/><W102/><G130/><T50/><D80/><AGARI ba="0,0" hai="18,21,25,40,42,51,54,56,76,80,86,100,101,102" machi="80" ten="40,2000,0" yaku="8,1" doraHai="11" who="3" fromWho="0" sc="99,-20,294,0,253,0,354,20" owari="79,-42.0,294,9.0,253,-15.0,374,48.0" /></mjloggm>