<mjloggm ver="2.3"><GO type="169" lobby="0"/><UN n0="%E5%B0%B1%E6%B4%BB%E7%94%9F%40%E5%B7%9D%E6%9D%91%E8%BB%8D%E5%9B%A3" n1="%E5%8E%9F%E4%BA%BA%E3%81%A1%E3%82%83%E3%82%93" n2="%67%61%72%75%63%69%61" n3="%E6%B2%96%EF%BC%92%EF%BC%99" dan="16,16,16,17" rate="2078.78,2095.84,2138.65,2208.49" sx="M,M,M,M"/><TAIKYOKU oya="0"/><INIT seed="0,0,0,2,0,37" ten="250,250,250,250" oya="0" hai0="72,65,113,115,22,118,18,58,69,13,127,9,2" hai1="54,50,30,103,46,108,132,89,133,52,1,55,41" hai2="80,16,0,116,79,67,100,68,29,123,17,31,94" hai3="35,6,135,93,32,99,3,39,81,90,102,21,59"/><T110/><D69/><U106/><E1/><V129/><F123/><W73/><G135/><N who="1" m="51786" /><E30/><V107/><F0/><W76/><G39/><T124/><D72/><U83/><E103/><V48/><F68/><W121/><G121/><T26/><D65/><U25/><E25/><V105/><F67/><W5/><G21/><T122/><D58/><U62/><E106/><V77/><F48/><W27/><G59/><T82/><D82/><U42/><E108/><V20/><F94/><W112/><G112/><N who="0" m="43083" /><D122/><U51/><E62/><V49/><F49/><N who="1" m="18441" /><E46/><V120/><F120/><W114/><G114/><T24/><D118/><U40/><E89/><V97/><F116/><W104/><G3/><T111/><D2/><U56/><E56/><V117/><F117/><W33/><REACH who="3" step="1"/><G27/><REACH who="3" ten="250,250,250,240" step="2"/><N who="0" m="10283" /><D22/><U45/><E45/><V101/><F20/><W34/><N who="3" m="8192" /><DORA hai="8" /><W87/><AGARI ba="0,1" hai="5,6,73,76,81,87,90,93,99,102,104" m="8192" machi="87" ten="60,8000,1" yaku="1,1,4,1,0,1,24,2,53,0" doraHai="37,8" doraHaiUra="15,61" who="3" fromWho="3" sc="250,-40,250,-20,250,-20,240,90" /><INIT seed="1,0,0,4,2,18" ten="210,230,230,330" oya="1" hai0="10,62,44,23,99,11,105,3,104,115,132,29,122" hai1="64,68,48,71,95,54,36,21,77,9,129,76,112" hai2="116,113,42,4,133,33,83,111,67,24,12,51,31" hai3="75,93,7,63,32,119,126,59,73,45,128,15,78"/><U81/><E112/><V58/><F116/><W109/><G32/><T72/><D115/><U110/><E36/><V37/><F113/><W96/><G119/><T102/><D72/><U60/><E129/><V14/><F111/><W2/><G109/><T28/><D122/><U53/><E110/><V106/><F106/><W100/><G128/><T5/><D132/><U130/><E130/><V124/><F133/><W26/><G2/><T88/><D105/><U1/><E71/><V127/><F37/><W125/><G45/><T121/><D121/><U52/><E95/><V118/><F118/><W89/><G100/><T90/><D11/><U27/><E1/><V55/><F42/><W19/><G7/><T103/><D103/><U98/><E98/><V85/><F67/><W61/><G61/><T80/><D80/><U117/><E9/><V123/><F123/><W17/><G17/><T91/><D62/><U57/><E117/><V107/><F107/><W8/><G26/><T49/><REACH who="0" step="1"/><D23/><REACH who="0" ten="200,230,230,330" step="2"/><U82/><E82/><V131/><F131/><W38/><G73/><T134/><D134/><U0/><E0/><V69/><F4/><W97/><G75/><T6/><D6/><U40/><E81/><V135/><F135/><W35/><G8/><T87/><D87/><U86/><E86/><V13/><F69/><W39/><G63/><T65/><D65/><U16/><E68/><V101/><F101/><W92/><G97/><T43/><AGARI ba="0,1" hai="3,5,10,28,29,43,44,49,88,90,91,99,102,104" machi="43" ten="30,4000,0" yaku="1,1,0,1,54,1,53,0" doraHai="18" doraHaiUra="70" who="0" fromWho="0" sc="200,50,230,-20,230,-10,330,-10" /><INIT seed="2,0,0,0,1,125" ten="250,210,220,320" oya="2" hai0="12,130,103,0,133,101,62,40,5,33,2,127,105" hai1="31,113,95,88,8,46,23,104,98,30,107,76,87" hai2="108,32,56,28,25,79,132,3,89,67,96,112,122" hai3="50,53,42,86,14,4,11,134,72,15,48,83,18"/><V114/><F122/><W115/><G72/><T100/><D105/><U119/><E119/><V63/><F3/><W94/><G134/><T77/><D33/><U52/><E113/><V22/><F132/><W131/><G115/><T37/><D127/><U78/><E107/><V99/><F79/><N who="1" m="30249" /><E104/><V36/><F36/><W121/><G121/><T129/><D133/><U111/><E111/><V92/><F108/><W93/><G42/><T59/><D77/><U20/><E8/><V1/><F1/><W6/><G48/><T120/><D40/><U10/><E10/><V91/><F32/><W9/><G18/><T34/><D34/><U70/><E70/><V29/><F29/><N who="1" m="10761" /><E98/><V75/><F75/><W64/><G64/><T49/><D37/><U35/><E35/><V82/><REACH who="2" step="1"/><F82/><REACH who="2" ten="250,210,210,320" step="2"/><W16/><G83/><T38/><D120/><U55/><E46/><V7/><F7/><W21/><G4/><T97/><D38/><U51/><E51/><V85/><F85/><W47/><G50/><T126/><D126/><U128/><E128/><N who="0" m="49257" /><D2/><U116/><E116/><V54/><F54/><AGARI ba="0,1" hai="20,23,52,54,55,87,88,95" m="10761,30249" machi="54" ten="30,3900,0" yaku="8,1,54,2" doraHai="125" who="1" fromWho="2" sc="250,0,210,49,210,-39,320,0" /><INIT seed="3,0,0,2,5,90" ten="250,259,171,320" oya="3" hai0="95,69,40,23,8,66,126,50,72,105,16,6,94" hai1="60,115,134,99,18,3,33,65,52,49,2,135,77" hai2="109,101,4,91,132,68,28,88,76,83,10,106,12" hai3="103,51,30,113,71,44,92,110,107,131,32,121,79"/><W29/><G71/><T102/><D72/><U97/><E115/><V54/><F68/><W41/><G107/><T124/><D105/><U117/><E117/><V26/><F109/><W31/><G113/><T35/><D35/><U27/><E77/><V85/><F132/><N who="1" m="50729" /><E33/><V78/><F106/><W112/><G112/><T119/><D102/><U19/><E60/><V5/><F101/><W118/><G118/><T7/><D69/><U64/><E64/><V1/><F1/><N who="1" m="9" /><E65/><V39/><F39/><W130/><G121/><T82/><D82/><U48/><E27/><V11/><F76/><W17/><G79/><T73/><D66/><U129/><E129/><N who="3" m="49162" /><G17/><N who="1" m="6154" /><E52/><V93/><F54/><W15/><G110/><T46/><D73/><U100/><E100/><V43/><F43/><W67/><G67/><T22/><D119/><U84/><E84/><V114/><F114/><W104/><G104/><T25/><D22/><U59/><E59/><V80/><F78/><W53/><G53/><T127/><D8/><U34/><E34/><V86/><F11/><W9/><G9/><T42/><BYE who="3" /><D42/><UN n3="%E6%B2%96%EF%BC%92%EF%BC%99" /><U63/><E63/><V62/><F62/><W98/><G32/><T96/><D96/><AGARI ba="0,0" hai="48,49,96,97,99" m="6154,9,50729" machi="96" ten="40,5200,0" yaku="28,2,20,1" doraHai="90" who="1" fromWho="0" sc="250,-52,259,52,171,0,320,0" /><INIT seed="4,0,0,4,2,63" ten="198,311,171,320" oya="0" hai0="34,131,108,119,20,17,114,129,5,44,8,88,52" hai1="39,105,53,109,10,107,77,76,16,18,80,73,111" hai2="101,134,58,68,117,96,116,124,79,69,31,7,103" hai3="91,55,30,128,23,46,33,59,29,48,2,99,87"/><T1/><D34/><U24/><E77/><V123/><F123/><W19/><G2/><T43/><D119/><N who="2" m="45642" /><F31/><W98/><G33/><T14/><D114/><U22/><E39/><V104/><F124/><W25/><G128/><N who="0" m="49227" /><D108/><U12/><REACH who="1" step="1"/><E53/><REACH who="1" ten="198,301,171,320" step="2"/><V132/><F79/><W36/><G36/><N who="0" m="21607" /><D52/><U57/><E57/><V27/><F68/><W13/><G59/><T95/><D95/><U120/><E120/><V4/><F69/><W15/><G30/><T49/><D49/><U72/><E72/><V11/><F58/><W71/><G71/><T97/><D97/><U85/><E85/><V126/><F126/><W92/><G29/><T61/><D61/><U113/><E113/><V84/><F84/><W133/><G99/><T21/><D88/><U50/><E50/><V56/><F56/><W90/><G90/><T89/><D89/><U125/><E125/><V62/><F62/><W78/><G78/><T94/><D94/><U81/><E81/><V54/><F54/><W3/><G98/><T135/><D135/><U66/><E66/><V35/><F103/><W45/><G133/><T0/><D0/><U51/><E51/><V115/><F115/><W121/><G3/><T47/><D47/><U28/><E28/><N who="2" m="19871" /><F134/><W64/><G45/><T67/><D67/><U106/><AGARI ba="0,1" hai="10,12,16,18,22,24,73,76,80,105,106,107,109,111" machi="106" ten="30,4000,0" yaku="1,1,0,1,54,1,53,0" doraHai="63" doraHaiUra="112" who="1" fromWho="1" sc="198,-20,301,50,171,-10,320,-10" /><INIT seed="5,0,0,2,4,75" ten="178,351,161,310" oya="1" hai0="34,100,106,116,38,125,76,132,69,89,11,68,84" hai1="91,130,71,24,105,101,1,80,57,37,135,58,103" hai2="51,64,32,60,46,79,27,15,131,110,78,56,22" hai3="47,3,108,109,67,126,72,20,42,113,29,10,65"/><U39/><E71/><V41/><F110/><W118/><G113/><T133/><D38/><U6/><E130/><V12/><F32/><W70/><G70/><T26/><D125/><U45/><E135/><N who="0" m="51785" /><D116/><U102/><E105/><V123/><F123/><W61/><G126/><T14/><D100/><U127/><E127/><V120/><F120/><W115/><G115/><T19/><D106/><U59/><E45/><V21/><F131/><W114/><G114/><T23/><D34/><U86/><REACH who="1" step="1"/><E24/><REACH who="1" ten="178,341,161,310" step="2"/><V92/><F92/><W83/><G118/><T94/><D69/><U99/><E99/><V85/><F85/><W96/><G47/><T2/><D68/><U0/><E0/><V129/><F129/><W88/><G3/><T122/><D2/><U82/><E82/><V112/><F112/><W48/><G83/><N who="0" m="47207" /><D122/><U74/><E74/><V87/><F87/><W50/><G72/><T104/><D104/><U117/><E117/><V43/><F43/><W8/><G96/><N who="0" m="57423" /><D26/><U119/><E119/><V31/><F12/><W28/><G42/><T73/><D73/><U44/><E44/><V107/><F107/><W33/><G109/><T40/><D40/><U81/><E81/><V49/><F49/><W62/><G108/><T124/><D124/><U52/><E52/><V134/><F134/><W5/><G48/><T35/><D35/><U93/><E93/><V77/><F15/><W121/><G33/><T17/><D17/><U98/><E98/><V95/><F95/><W66/><G50/><T55/><D55/><U25/><E25/><V90/><F90/><W63/><G121/><RYUUKYOKU ba="0,1" sc="178,10,341,10,161,10,310,-30" hai0="11,14,19,23" hai1="1,6,37,39,57,58,59,80,86,91,101,102,103" hai2="21,22,27,31,41,46,51,56,60,64,77,78,79" /><INIT seed="5,1,1,5,1,130" ten="188,351,171,280" oya="1" hai0="57,45,66,20,110,15,39,43,94,111,37,96,13" hai1="126,60,67,109,23,11,95,44,27,121,97,82,134" hai2="59,105,10,51,42,113,83,61,33,71,3,22,70" hai3="135,117,101,98,85,40,122,8,62,0,86,7,74"/><U41/><E121/><V48/><F33/><W69/><G122/><T14/><D39/><U92/><E126/><V93/><F105/><W34/><G117/><T52/><D66/><U125/><E125/><V103/><F83/><W25/><G74/><T80/><D80/><U2/><E109/><V108/><F108/><W73/><G73/><T16/><D111/><U26/><E82/><V104/><F104/><W106/><G40/><T124/><D124/><U17/><E134/><V63/><F63/><W81/><G81/><T123/><D123/><U38/><E27/><V119/><F119/><W84/><G135/><T132/><D132/><U5/><REACH who="1" step="1"/><E97/><REACH who="1" ten="188,341,171,280" step="2"/><V36/><F113/><W24/><G24/><T91/><REACH who="0" step="1"/><D110/><REACH who="0" ten="178,341,171,280" step="2"/><U99/><E99/><V89/><F71/><AGARI ba="1,3" hai="2,5,11,17,23,26,38,41,44,60,67,71,92,95" machi="71" ten="30,2900,0" yaku="1,1,7,1,53,0" doraHai="130" doraHaiUra="49" who="1" fromWho="2" sc="178,0,341,62,171,-32,280,0" /><INIT seed="5,2,0,1,3,135" ten="178,403,139,280" oya="1" hai0="98,29,126,121,58,100,97,3,103,128,18,79,32" hai1="115,17,26,11,134,62,56,45,66,14,16,4,96" hai2="25,34,27,52,53,130,101,113,74,91,8,39,90" hai3="35,127,0,84,28,47,93,19,63,69,106,67,23"/><U30/><E134/><V7/><F39/><W89/><G0/><T119/><D3/><U38/><E115/><V83/><F130/><W94/><G106/><T48/><D119/><U36/><E96/><V109/><F109/><W133/><G133/><T108/><D108/><U42/><REACH who="1" step="1"/><E38/><REACH who="1" ten="178,393,139,280" step="2"/><V21/><F113/><W50/><G35/><AGARI ba="2,1" hai="4,11,14,16,17,26,30,35,36,42,45,56,62,66" machi="35" ten="30,11600,0" yaku="1,1,2,1,7,1,54,1,53,0" doraHai="135" doraHaiUra="117" who="1" fromWho="3" sc="178,0,393,132,139,0,280,-122" /><INIT seed="5,3,0,1,1,131" ten="178,525,139,158" oya="1" hai0="107,10,114,20,13,53,69,122,3,36,27,68,76" hai1="45,105,78,19,91,80,95,88,121,130,37,66,104" hai2="22,14,38,108,132,85,99,71,64,93,11,8,0" hai3="4,58,110,90,60,41,127,79,62,118,54,44,81"/><U86/><E130/><V15/><F38/><W109/><G110/><T24/><D107/><U112/><E121/><V26/><F108/><W23/><G109/><T21/><D3/><U12/><E112/><V123/><F123/><W17/><G127/><T111/><D36/><U87/><E66/><V50/><F0/><W31/><G118/><T34/><D34/><U116/><E116/><V94/><F71/><W43/><G31/><T133/><D111/><U35/><E35/><V129/><F64/><W74/><G4/><T89/><D76/><U135/><E135/><V102/><F129/><W59/><G90/><T55/><D133/><U82/><E45/><V96/><F85/><W52/><REACH who="3" step="1"/><G44/><REACH who="3" ten="178,525,139,148" step="2"/><T73/><D89/><U92/><E91/><N who="2" m="55359" /><F132/><W9/><G9/><N who="2" m="3657" /><F50/><W63/><G63/><T65/><D10/><U29/><E29/><AGARI ba="3,1" hai="14,15,22,26,29,94,99,102" m="3657,55359" machi="29" ten="30,1000,0" yaku="8,1" doraHai="131" who="2" fromWho="1" sc="178,0,525,-19,139,29,148,0" /><INIT seed="6,0,0,5,5,117" ten="178,506,168,148" oya="2" hai0="27,96,31,70,40,131,59,99,61,22,32,68,34" hai1="113,100,8,84,54,5,109,88,45,134,57,12,6" hai2="38,91,94,44,129,98,76,15,121,69,21,124,114" hai3="7,78,93,89,23,33,47,87,30,106,85,41,119"/><V67/><F121/><W105/><G119/><T46/><D131/><U127/><E109/><V13/><F129/><W95/><G33/><T132/><D132/><U16/><E134/><V62/><F114/><W19/><G7/><T53/><D34/><U14/><E113/><V29/><F124/><W79/><G30/><T37/><D32/><U49/><E127/><V35/><F35/><W58/><G58/><T82/><D70/><U111/><E100/><V43/><REACH who="2" step="1"/><F76/><REACH who="2" ten="178,506,158,148" step="2"/><W18/><G78/><T1/><D1/><U36/><E111/><V123/><F123/><W80/><G106/><T97/><D68/><U65/><E36/><V3/><F3/><W104/><G104/><T108/><D108/><U11/><E65/><V116/><F116/><W39/><G105/><T26/><D26/><AGARI ba="0,1" hai="13,15,21,26,29,38,43,44,62,67,69,91,94,98" machi="26" ten="40,2000,0" yaku="1,1,53,0" doraHai="117" doraHaiUra="4" who="2" fromWho="0" sc="178,-20,506,0,158,30,148,0" /><INIT seed="6,1,0,2,2,107" ten="158,506,188,148" oya="2" hai0="120,51,70,71,19,100,25,126,48,65,41,90,22" hai1="91,40,83,50,15,127,44,2,82,118,111,80,27" hai2="8,68,33,94,28,18,128,30,60,9,88,1,105" hai3="29,135,7,32,124,101,78,4,112,109,36,125,103"/><V45/><F105/><W74/><G36/><T86/><D120/><U114/><E111/><V59/><F68/><W75/><G109/><T89/><D126/><N who="3" m="48745" /><G135/><T5/><D100/><N who="3" m="38473" /><G112/><T73/><D73/><N who="3" m="27657" /><G78/><T31/><D5/><U39/><E114/><V85/><F128/><W42/><G42/><T53/><D70/><U76/><E40/><V61/><F33/><W64/><G64/><T87/><D65/><U110/><E39/><V119/><F119/><W11/><G11/><N who="2" m="4169" /><F1/><W95/><G95/><N who="0" m="54711" /><D71/><U121/><E2/><V69/><F69/><W117/><G117/><T77/><D77/><U3/><E3/><V104/><F104/><W56/><G56/><N who="0" m="32807" /><D41/><U116/><E76/><V6/><F6/><W102/><G102/><T81/><D51/><U52/><E50/><V99/><F61/><W123/><G123/><T20/><D20/><U131/><E110/><V133/><F133/><W79/><G79/><T0/><D0/><U122/><E122/><V46/><F99/><W113/><G113/><T47/><D47/><N who="2" m="17930" /><F18/><AGARI ba="1,0" hai="18,19,22,25,31,81,87,90" m="32807,54711" machi="18" ten="30,1000,0" yaku="8,1" doraHai="107" who="0" fromWho="2" sc="158,13,506,0,188,-13,148,0" /><INIT seed="7,0,0,3,5,116" ten="171,506,175,148" oya="3" hai0="13,44,128,74,29,105,88,135,15,33,124,69,75" hai1="54,107,100,94,102,58,117,91,127,0,84,34,23" hai2="125,81,123,45,25,118,30,14,39,82,5,55,126" hai3="60,46,12,52,31,68,106,24,104,22,90,111,130"/><W16/><G130/><T11/><D105/><U66/><E34/><V47/><F118/><W3/><G3/><T83/><D69/><U51/><E0/><V78/><F123/><W42/><G111/><T41/><D128/><U63/><E127/><N who="2" m="48651" /><F39/><W93/><G68/><T4/><D135/><U65/><E107/><V59/><F14/><W110/><G110/><T32/><D124/><U67/><E117/><V7/><F47/><W129/><G129/><T27/><D33/><U36/><E36/><V80/><F45/><W6/><G6/><T131/><D15/><U97/><E97/><V103/><F103/><N who="1" m="39465" /><E23/><N who="2" m="15679" /><F78/><W95/><G95/><T122/><D122/><U86/><E86/><V70/><F70/><W119/><G119/><T62/><D131/><U108/><E108/><V49/><AGARI ba="0,0" hai="5,7,49,55,59,80,81,82" m="15679,48651" machi="49" ten="30,1100,0" yaku="18,1" doraHai="116" who="2" fromWho="2" sc="171,-3,506,-3,175,11,148,-5" owari="168,-23.0,503,60.0,186,-1.0,143,-36.0" /></mjloggm>