<mjloggm ver="2.3"><GO type="225" lobby="0"/><UN n0="%E3%82%82%E3%81%8D%E3%82%82%E3%81%8D%E3%82%82%E3%81%A3%E3%81%8D" n1="%E6%84%9B%E5%AE%95%E3%83%8D%E3%82%AD%E3%80%82" n2="%6D%69%79%61%79%61" n3="%E3%83%88%E3%83%88%E3%83%AA%E5%85%88%E7%94%9F%31%39%E6%AD%B3" dan="16,16,16,16" rate="2094.05,2057.46,2042.70,2188.08" sx="F,M,F,F"/><TAIKYOKU oya="0"/><INIT seed="0,0,0,4,1,133" ten="250,250,250,250" oya="0" hai0="128,57,29,121,134,25,125,97,61,118,54,67,122" hai1="24,107,86,38,3,93,59,2,50,103,110,92,65" hai2="132,30,46,130,85,69,49,68,88,18,64,19,117" hai3="123,22,70,52,33,15,82,119,74,4,51,44,89"/><T8/><D118/><U104/><E38/><V98/><F132/><W45/><G70/><T114/><D114/><U48/><E24/><V84/><F117/><W53/><G33/><T78/><D134/><U73/><E59/><V81/><F130/><W39/><G119/><T116/><D116/><U76/><E86/><V32/><F32/><W77/><G123/><T36/><D36/><U113/><E113/><V6/><F30/><W106/><G106/><T40/><D40/><U100/><E76/><N who="2" m="46119" /><F69/><W96/><G39/><T13/><D78/><U58/><E58/><V126/><F68/><W41/><G44/><T124/><D97/><U10/><E10/><V26/><F64/><W0/><G0/><T55/><D128/><U17/><E17/><V66/><F66/><W34/><G34/><N who="0" m="20783" /><D55/><U95/><E65/><V102/><F6/><W115/><G115/><T75/><D75/><U47/><E73/><V12/><F26/><W91/><G22/><T23/><D23/><U35/><E35/><V83/><F12/><W16/><G4/><N who="0" m="3207" /><D67/><U80/><E2/><V5/><F5/><W99/><G15/><T28/><D28/><U112/><E3/><V108/><F19/><W31/><G16/><T11/><D11/><U43/><E112/><V7/><F18/><W37/><G31/><T120/><D120/><U21/><E21/><V101/><F7/><W131/><G131/><T27/><D27/><U79/><E104/><N who="2" m="63543" /><F102/><W94/><G37/><T14/><D14/><U87/><E103/><V42/><F42/><W129/><G129/><T63/><D63/><U1/><E1/><RYUUKYOKU ba="0,0" sc="250,15,250,-15,250,-15,250,15" hai0="54,57,61,121,122,124,125" hai3="41,45,51,52,53,74,77,82,89,91,94,96,99" /><INIT seed="0,1,0,2,4,26" ten="265,235,235,265" oya="0" hai0="41,84,80,5,16,64,54,12,40,23,53,98,103" hai1="25,85,113,129,97,117,37,95,56,106,32,46,92" hai2="101,27,39,43,35,48,36,86,132,111,94,24,38" hai3="52,44,62,7,121,18,31,133,83,119,59,73,77"/><T118/><D64/><U0/><E117/><V60/><F111/><W4/><G119/><T87/><D118/><U107/><E0/><V112/><F112/><W3/><G133/><T71/><D71/><U58/><E113/><V96/><F132/><W88/><G121/><T19/><D5/><U55/><E56/><V9/><F60/><W123/><G123/><T20/><D103/><U74/><E74/><V82/><F35/><W67/><G3/><T75/><D75/><U110/><E85/><N who="0" m="32841" /><D98/><U126/><E110/><V22/><F9/><W47/><G88/><T79/><D80/><U15/><E15/><V8/><F8/><W68/><G18/><N who="0" m="6699" /><D79/><U93/><E97/><V135/><F135/><W13/><G13/><T2/><D2/><U29/><E129/><V134/><F134/><W61/><G7/><T78/><D78/><U1/><E1/><V114/><F114/><W102/><G4/><T90/><D90/><U28/><E126/><V124/><F124/><W50/><G102/><T45/><D12/><U34/><E37/><V11/><F11/><W127/><G127/><T76/><D76/><U33/><E46/><N who="2" m="25695" /><F22/><N who="0" m="8234" /><D45/><U63/><REACH who="1" step="1"/><E34/><REACH who="1" ten="265,225,235,265" step="2"/><V100/><F100/><W116/><G47/><T105/><D105/><U42/><E42/><AGARI ba="1,1" hai="40,41,42,53,54" m="8234,6699,32841" machi="42" ten="30,11600,0" yaku="28,2,8,1,54,1" doraHai="26" who="0" fromWho="1" sc="265,129,225,-119,235,0,265,0" /><INIT seed="0,2,0,4,2,103" ten="394,106,235,265" oya="0" hai0="59,98,122,14,102,26,25,46,110,37,93,130,45" hai1="22,58,12,99,42,23,96,7,92,87,13,67,0" hai2="83,107,119,39,125,74,86,108,21,134,5,117,113" hai3="115,31,35,48,88,60,123,81,30,24,38,76,114"/><T64/><D122/><U41/><E0/><V28/><F113/><W29/><G38/><T43/><D130/><U135/><E135/><V97/><F134/><W3/><G123/><T124/><D124/><U69/><E69/><V1/><F125/><W9/><G35/><T116/><D116/><N who="2" m="44618" /><F108/><W6/><G24/><T73/><D73/><U56/><E87/><V129/><F129/><W75/><G48/><T16/><D110/><U95/><REACH who="1" step="1"/><E67/><REACH who="1" ten="394,96,235,265" step="2"/><V85/><F86/><W57/><G115/><T63/><D45/><U127/><E127/><V44/><F44/><W10/><G114/><T65/><D65/><U52/><E52/><V68/><F85/><W11/><G3/><T34/><D34/><U78/><E78/><V104/><F68/><W36/><G76/><T4/><D46/><U8/><E8/><V17/><F1/><W50/><G75/><T33/><D33/><U91/><E91/><V100/><F74/><W79/><G79/><T89/><D89/><U47/><E47/><V72/><F72/><W111/><G111/><T62/><D64/><U66/><E66/><V133/><F133/><W112/><G112/><T90/><D90/><U55/><E55/><V40/><F40/><W18/><G88/><T84/><D43/><U131/><E131/><V128/><F128/><W126/><G126/><T32/><D32/><U15/><E15/><V101/><F39/><W70/><G36/><T118/><D14/><U77/><E77/><V53/><F53/><N who="3" m="31927" /><G81/><T54/><D37/><U94/><E94/><V80/><F83/><W49/><G70/><T2/><D118/><RYUUKYOKU ba="2,1" sc="394,-10,96,30,235,-10,265,-10" hai1="7,12,13,22,23,41,42,56,58,92,95,96,99" /><INIT seed="1,3,1,4,1,34" ten="384,126,225,255" oya="1" hai0="124,63,10,120,83,127,92,60,91,32,90,87,103" hai1="105,38,115,64,2,118,81,7,40,69,70,121,128" hai2="37,25,93,114,48,18,89,23,82,61,17,119,0" hai3="42,26,135,13,46,75,86,129,122,66,123,36,106"/><U78/><E121/><V28/><F37/><W116/><G75/><T6/><D32/><U134/><E118/><V15/><F119/><W62/><G106/><T79/><D103/><U133/><E115/><V65/><F114/><W108/><G116/><T130/><D130/><U132/><E105/><V67/><F0/><W45/><G129/><T44/><D44/><N who="1" m="23575" /><E64/><V21/><F82/><W111/><G86/><T102/><D102/><U76/><E128/><V5/><F5/><W35/><G13/><N who="0" m="5335" /><D90/><U95/><E95/><V112/><F112/><W110/><G135/><N who="1" m="34562" /><U14/><DORA hai="4" /><E14/><V3/><F67/><W19/><G46/><T73/><D120/><U31/><E31/><V9/><F28/><N who="3" m="19863" /><G19/><T57/><D92/><U12/><E12/><V50/><F50/><W74/><G74/><T29/><D73/><N who="1" m="43151" /><E78/><V104/><F104/><W72/><G72/><T53/><D79/><U125/><E125/><V41/><F15/><W30/><G30/><T54/><D29/><U131/><E131/><V71/><F93/><W56/><AGARI ba="3,1" hai="36,42,45,56,62,66,108,110,111,122,123" m="19863" machi="56" ten="30,1100,0" yaku="14,1" doraHai="34,4" who="3" fromWho="3" sc="384,-6,126,-8,225,-6,255,30" /><INIT seed="2,0,0,1,1,55" ten="378,118,219,285" oya="2" hai0="75,120,4,89,96,48,104,33,56,70,108,45,18" hai1="101,63,37,121,124,59,129,6,5,13,38,66,100" hai2="47,9,88,61,35,126,19,103,83,20,60,50,53" hai3="107,51,42,118,125,46,52,62,43,113,65,97,130"/><V132/><F35/><W78/><G118/><T117/><D70/><U68/><E129/><V25/><F132/><W32/><G32/><T8/><D75/><U23/><E124/><V105/><F126/><W85/><G125/><T0/><D108/><U31/><E121/><V123/><F123/><W15/><G130/><T134/><D33/><U80/><E38/><V26/><F105/><W95/><G107/><T64/><D120/><U14/><E37/><V22/><F103/><W34/><G34/><T86/><D18/><U116/><E116/><V71/><F9/><W133/><G133/><T67/><D117/><U24/><E68/><V3/><F3/><W98/><G113/><T122/><D122/><U128/><E128/><V76/><F71/><W87/><G15/><T115/><D115/><U127/><E127/><V81/><F76/><W114/><G114/><T40/><D134/><U44/><E44/><V84/><REACH who="2" step="1"/><F83/><REACH who="2" ten="378,118,209,285" step="2"/><W111/><G78/><T99/><D104/><U30/><E80/><V79/><F79/><W41/><G111/><T11/><D11/><N who="1" m="4335" /><E31/><AGARI ba="0,1" hai="19,20,22,25,26,31,47,50,53,60,61,81,84,88" machi="31" ten="30,11600,0" yaku="1,1,7,1,8,1,54,1,53,0" doraHai="55" doraHaiUra="74" who="2" fromWho="1" sc="378,0,118,-116,209,126,285,0" /><INIT seed="2,1,0,4,2,122" ten="378,2,335,285" oya="2" hai0="55,77,96,135,81,14,120,75,105,92,101,35,56" hai1="43,10,132,12,131,31,100,98,53,38,67,103,28" hai2="66,111,79,107,62,117,45,73,125,20,80,60,129" hai3="90,29,51,23,112,19,134,7,41,21,17,86,115"/><V89/><F117/><W5/><G41/><T118/><D120/><U42/><E53/><V61/><F107/><W34/><G51/><T26/><D118/><U64/><E12/><V88/><F66/><W37/><G37/><T65/><D135/><U9/><E38/><V119/><F119/><W11/><G86/><T82/><D65/><N who="1" m="25163" /><E98/><V54/><F129/><W13/><G90/><T83/><D105/><U102/><E132/><V18/><F125/><W109/><G134/><T91/><D101/><N who="1" m="25859" /><U87/><DORA hai="76" /><E87/><N who="2" m="48543" /><F111/><W25/><G109/><T95/><D95/><U128/><E9/><V47/><F73/><W16/><G5/><T69/><D69/><U36/><E10/><V8/><F8/><W3/><G23/><T1/><D1/><U93/><E93/><V33/><F33/><W72/><G72/><T84/><D75/><U113/><E113/><AGARI ba="1,0" hai="3,7,11,13,16,17,19,21,25,29,34,112,113,115" machi="113" ten="40,12000,2" yaku="24,2,11,1,34,3,54,1" doraHai="122,76" who="3" fromWho="1" sc="378,0,2,-123,335,0,285,123" owari="378,18.0,-121,-62.0,335,-6.0,408,50.0" /></mjloggm>