<mjloggm ver="2.3"><GO type="169" lobby="0"/><UN n0="%E9%BA%BB%E9%9B%80%E3%81%AE%E6%89%89" n1="%E3%82%A6%E3%83%AB%E3%83%88%E3%83%A9%E7%AB%8B%E7%9B%B4" n2="%E8%99%8E%E7%8D%85%E3%81%8F%E3%82%93" n3="%E3%82%AF%E3%83%AC%E3%83%A0" dan="16,16,16,16" rate="2056.88,2121.15,2045.72,2078.31" sx="M,M,M,M"/><TAIKYOKU oya="0"/><INIT seed="0,0,0,2,0,15" ten="250,250,250,250" oya="0" hai0="45,82,0,64,26,109,100,59,3,107,65,41,5" hai1="43,108,58,72,19,125,123,36,34,87,94,56,99" hai2="124,39,52,1,126,131,21,70,7,10,61,63,50" hai3="2,32,90,40,9,53,118,13,119,57,8,114,102"/><T84/><D109/><U111/><E72/><V28/><F39/><W27/><G114/><T79/><D26/><U35/><E87/><V48/><F131/><W129/><G129/><T122/><D122/><U37/><E123/><V12/><F48/><W96/><G40/><T14/><D100/><U67/><E43/><V88/><F70/><W33/><G90/><T93/><D107/><U22/><E125/><N who="2" m="48235" /><F88/><W113/><G113/><T103/><D93/><U23/><E67/><V38/><F38/><W68/><G68/><T86/><D103/><U78/><E94/><V91/><F91/><W51/><G2/><T54/><D86/><U120/><E120/><V69/><F69/><W16/><G9/><N who="0" m="4399" /><D3/><U80/><E80/><V98/><F98/><W132/><G132/><T73/><D0/><U62/><E99/><V105/><F105/><W60/><G51/><N who="0" m="27055" /><D73/><U92/><E92/><V81/><F81/><W42/><G42/><T112/><D112/><U6/><E37/><V29/><F1/><W77/><G77/><T97/><D97/><U18/><E36/><V20/><F20/><W121/><G121/><T4/><D65/><U115/><E78/><V76/><F76/><W47/><G47/><T128/><D64/><U117/><E115/><V44/><F21/><W30/><REACH who="3" step="1"/><G33/><REACH who="3" ten="250,250,250,240" step="2"/><T127/><D127/><U31/><E35/><V130/><F130/><W66/><G66/><T135/><D128/><U71/><E34/><V134/><F134/><W89/><G89/><T55/><D135/><U74/><E71/><V133/><F133/><W110/><G110/><T104/><D79/><RYUUKYOKU ba="0,1" sc="250,-15,250,-15,250,15,240,15" hai2="7,10,12,28,29,44,50,52,61,63" hai3="8,13,16,27,30,32,53,57,60,96,102,118,119" /><INIT seed="1,1,1,2,5,118" ten="235,235,265,255" oya="1" hai0="45,69,106,20,30,15,17,68,22,88,135,94,99" hai1="5,61,92,115,112,84,73,18,82,72,47,6,2" hai2="35,63,71,130,70,1,113,54,95,117,114,101,80" hai3="21,59,76,53,8,120,56,10,124,131,64,48,33"/><U104/><E2/><V7/><F35/><W121/><G33/><T38/><D106/><U110/><E6/><V44/><F117/><W12/><G131/><T66/><D135/><U102/><E5/><V89/><F130/><W9/><G124/><T60/><D69/><U65/><E18/><V24/><F101/><W37/><G37/><T103/><D103/><U0/><E0/><V125/><F80/><W85/><G21/><T19/><D30/><U74/><E47/><V41/><F24/><W25/><G25/><T75/><D75/><U78/><E104/><V31/><F31/><W111/><G111/><T123/><D123/><U36/><E36/><N who="2" m="21543" /><F54/><W86/><G12/><T46/><D38/><U67/><E67/><V122/><F63/><W26/><G26/><AGARI ba="1,1" hai="15,17,19,20,22,26,45,46,60,66,68,88,94,99" machi="26" ten="30,2000,0" yaku="7,1,54,1" doraHai="118" who="0" fromWho="3" sc="235,33,235,0,265,0,255,-23" /><INIT seed="2,0,0,0,0,133" ten="268,235,265,232" oya="2" hai0="0,41,81,53,12,87,40,35,51,123,31,33,91" hai1="28,84,52,13,23,109,38,54,60,42,135,1,82" hai2="27,77,63,94,21,7,116,122,48,18,75,10,74" hai3="131,130,65,86,101,47,43,45,59,22,71,25,29"/><V106/><F106/><W14/><G71/><T80/><D0/><U119/><E1/><V39/><F39/><W78/><G101/><T58/><D123/><U124/><E38/><V111/><F116/><W37/><G45/><T26/><D35/><U56/><E42/><V70/><F122/><W44/><G44/><T117/><D117/><U32/><E32/><V9/><F9/><W103/><G103/><T3/><D3/><U36/><E36/><V57/><F111/><W66/><G14/><T112/><D112/><U55/><E119/><V115/><F115/><W98/><G98/><T126/><D126/><U92/><E92/><V24/><F94/><W120/><G120/><T19/><REACH who="0" step="1"/><D81/><REACH who="0" ten="258,235,265,232" step="2"/><U110/><E124/><V128/><F128/><W104/><G130/><T90/><D90/><U118/><E118/><V100/><F100/><W64/><G131/><T50/><D50/><U15/><E110/><V83/><F48/><W88/><G78/><T96/><D96/><U105/><E109/><V73/><F83/><W49/><G37/><T16/><D16/><U102/><E102/><V129/><F77/><W68/><G104/><T108/><D108/><U20/><E105/><V5/><F129/><W107/><G107/><T93/><D93/><U62/><E28/><V134/><F18/><W132/><G132/><T72/><D72/><U114/><E114/><V113/><F134/><W97/><G97/><T4/><D4/><U89/><E135/><V85/><F113/><W34/><G34/><T121/><D121/><U79/><E79/><V61/><F7/><W2/><G2/><RYUUKYOKU ba="0,1" sc="258,30,235,-10,265,-10,232,-10" hai0="12,19,26,31,33,40,41,51,53,58,80,87,91" /><INIT seed="3,1,1,5,4,135" ten="288,225,255,222" oya="3" hai0="3,69,70,96,73,84,40,49,104,62,26,16,75" hai1="85,76,90,71,9,92,27,115,22,86,98,15,52" hai2="127,72,102,119,50,42,116,114,101,111,133,93,14" hai3="1,57,99,118,122,65,117,88,126,2,109,107,47"/><W130/><G122/><T125/><D3/><U41/><E71/><V106/><F14/><W128/><G109/><T97/><D125/><U113/><E41/><V82/><F50/><W43/><G126/><T81/><D75/><U121/><E121/><V46/><F46/><W33/><G33/><T32/><D73/><U23/><E113/><V123/><F42/><W29/><G29/><T24/><D32/><U51/><E115/><V13/><F13/><W20/><G20/><N who="1" m="7722" /><E76/><N who="2" m="44295" /><F114/><W4/><G4/><T8/><D26/><U7/><E27/><V91/><F111/><W36/><G107/><T103/><D96/><U25/><E25/><V66/><F66/><W79/><G79/><T77/><D62/><U6/><E6/><V74/><F74/><W11/><G11/><T53/><D40/><U55/><E55/><V38/><F38/><W94/><G57/><AGARI ba="1,1" hai="7,9,15,51,52,57,85,86,90,92,98" m="7722" machi="57" ten="30,2000,0" yaku="8,1,54,1" doraHai="135" who="1" fromWho="3" sc="288,0,225,33,255,0,222,-23" /><INIT seed="4,0,0,0,0,37" ten="288,258,255,199" oya="0" hai0="107,38,90,86,9,102,122,120,72,74,78,82,96" hai1="56,26,76,22,125,65,52,114,53,24,93,98,111" hai2="59,73,124,135,64,94,115,16,131,113,116,28,101" hai3="39,5,84,7,75,34,104,67,79,8,89,110,97"/><T95/><D38/><U35/><E111/><V4/><F73/><W19/><G110/><T6/><REACH who="0" step="1"/><D74/><REACH who="0" ten="278,258,255,199" step="2"/><U21/><E125/><V57/><F124/><W85/><G39/><T92/><D92/><U29/><E114/><V103/><F94/><W30/><G75/><T41/><D41/><U3/><E93/><V129/><F115/><W62/><G104/><T91/><D91/><U100/><E100/><V42/><F113/><W10/><G89/><T80/><D80/><U13/><E76/><V119/><F42/><W105/><G79/><T12/><AGARI ba="0,1" hai="6,9,12,72,78,82,86,90,95,96,102,107,120,122" machi="12" ten="20,18000,2" yaku="1,1,0,1,7,1,24,2,53,1" doraHai="37" doraHaiUra="88" who="0" fromWho="0" sc="278,190,258,-60,255,-60,199,-60" /><INIT seed="4,1,0,0,5,6" ten="468,198,195,139" oya="0" hai0="88,56,99,117,127,50,90,36,42,122,39,38,93" hai1="94,109,12,57,124,106,70,97,58,113,5,28,89" hai2="55,83,26,69,73,16,135,64,1,76,48,78,114" hai3="45,32,108,30,126,67,107,81,24,133,105,75,66"/><T92/><D122/><U123/><E70/><V41/><F1/><W13/><G108/><T91/><D117/><U120/><E109/><V53/><F114/><W95/><G133/><T74/><D74/><U71/><E71/><V43/><F135/><W40/><G126/><T110/><D110/><U11/><E106/><V46/><F78/><W7/><G95/><T20/><D127/><U119/><E119/><V115/><F115/><W130/><G130/><T87/><D91/><U44/><E113/><V8/><F69/><W82/><G82/><T54/><REACH who="0" step="1"/><D20/><REACH who="0" ten="458,198,195,139" step="2"/><U29/><E124/><V4/><F64/><W84/><G75/><T35/><D35/><U62/><E89/><V10/><F4/><W17/><G66/><T37/><D37/><U18/><E5/><V9/><REACH who="2" step="1"/><F55/><REACH who="2" ten="458,198,185,139" step="2"/><W14/><G67/><T86/><D86/><U33/><E123/><V85/><F85/><W2/><G7/><T116/><D116/><U131/><E120/><V63/><F63/><W77/><G84/><T27/><D27/><U128/><E62/><V80/><F80/><W125/><G81/><T21/><D21/><AGARI ba="1,2" hai="8,9,10,16,21,26,41,43,46,48,53,73,76,83" machi="21" ten="40,12000,2" yaku="1,1,52,3,54,1,53,1" doraHai="6" doraHaiUra="51" who="2" fromWho="0" sc="458,-123,198,0,185,143,139,0" /><INIT seed="5,0,0,3,0,76" ten="335,198,328,139" oya="1" hai0="30,68,44,98,112,131,127,134,129,33,46,101,7" hai1="63,18,109,85,81,28,2,84,123,69,97,57,16" hai2="77,99,51,67,36,118,88,75,56,31,117,41,29" hai3="73,49,11,3,22,115,116,47,61,130,100,14,42"/><U133/><E2/><V6/><F6/><W1/><G73/><T54/><D68/><U91/><E123/><V40/><F36/><W39/><G115/><T128/><D7/><U121/><E121/><V10/><F118/><W108/><G108/><T95/><D134/><U125/><E69/><V78/><F75/><W19/><G130/><T72/><D72/><U124/><E133/><V96/><F10/><W83/><G116/><T79/><D79/><N who="2" m="30218" /><F99/><W59/><G100/><T15/><D112/><U38/><E38/><V43/><F117/><W34/><G34/><T106/><D127/><N who="1" m="48715" /><E85/><V71/><F71/><W89/><G39/><T92/><D15/><U62/><E62/><N who="2" m="38343" /><F51/><W27/><G89/><T93/><D54/><N who="1" m="34231" /><E109/><V58/><F58/><W104/><G104/><T110/><D110/><U113/><E113/><V86/><F96/><W25/><G1/><T50/><D50/><U32/><E97/><V120/><F120/><W17/><G3/><T8/><D8/><U0/><E0/><V107/><F107/><W66/><REACH who="3" step="1"/><G83/><AGARI ba="0,0" hai="29,31,40,41,43,83,86,88" m="38343,30218" machi="83" ten="30,3900,0" yaku="8,1,52,1,54,1" doraHai="76" who="2" fromWho="3" sc="335,0,198,0,328,39,139,-39" /><INIT seed="6,0,0,0,4,41" ten="335,198,367,100" oya="2" hai0="16,129,80,85,127,131,23,11,121,100,134,10,40" hai1="37,74,59,47,87,22,120,90,45,24,71,14,3" hai2="46,51,86,135,78,33,91,5,125,92,98,79,76" hai3="113,38,110,61,84,56,97,114,50,82,106,30,67"/><V133/><F33/><W18/><G110/><T130/><D121/><U128/><E74/><V124/><F5/><W31/><G38/><T112/><D112/><N who="3" m="43113" /><G18/><T63/><D134/><N who="2" m="51210" /><F51/><W108/><G108/><T21/><D127/><N who="2" m="48714" /><F46/><N who="1" m="17417" /><E71/><V20/><F20/><W109/><G109/><T99/><D23/><U19/><E3/><V83/><AGARI ba="0,0" hai="76,78,79,83,86,91,92,98" m="48714,51210" machi="83" ten="40,12000,1" yaku="20,1,18,1,34,2" doraHai="41" who="2" fromWho="2" sc="335,-40,198,-40,367,120,100,-40" /><INIT seed="6,1,0,2,0,87" ten="295,158,487,60" oya="2" hai0="72,93,80,9,58,59,120,19,81,62,26,99,27" hai1="11,101,3,44,69,34,43,67,12,88,111,106,25" hai2="17,33,41,22,96,110,29,24,0,30,108,112,113" hai3="115,39,31,49,90,92,131,117,94,129,128,61,46"/><V107/><F41/><W2/><G2/><T7/><D72/><U130/><E3/><V23/><F96/><W71/><G117/><T15/><D120/><U28/><E111/><N who="2" m="42539" /><F107/><W105/><G105/><T42/><D42/><U74/><E74/><V104/><F104/><W75/><G75/><T40/><D40/><U13/><E130/><V89/><F89/><W32/><G39/><T123/><D123/><U8/><E67/><V109/><F109/><W103/><G103/><T6/><D59/><U21/><E69/><V50/><F50/><W54/><G115/><N who="2" m="44105" /><F0/><W100/><G100/><T133/><D133/><U126/><E43/><V114/><F114/><W38/><G38/><T5/><D81/><U97/><E97/><V86/><F86/><W65/><REACH who="3" step="1"/><G90/><REACH who="3" ten="295,158,487,50" step="2"/><N who="0" m="55735" /><D80/><U82/><E82/><V116/><F116/><W125/><G125/><T52/><AGARI ba="1,1" hai="5,6,7,9,15,19,26,27,52,58,62" m="55735" machi="52" ten="30,4000,0" yaku="8,1,52,1,54,1" doraHai="87" who="0" fromWho="0" sc="295,53,158,-11,487,-21,50,-11" /><INIT seed="7,0,0,5,0,60" ten="348,147,466,39" oya="3" hai0="13,132,57,104,20,75,11,114,0,53,107,3,80" hai1="26,22,81,113,110,94,89,72,45,40,123,10,76" hai2="58,17,117,67,86,59,27,91,90,100,55,24,46" hai3="15,127,111,109,135,128,52,71,78,39,133,43,119"/><W68/><G78/><T44/><D132/><N who="3" m="50761" /><G15/><T21/><D114/><U18/><E113/><V120/><F100/><W30/><G30/><T121/><D121/><U16/><E123/><V87/><F46/><N who="3" m="23935" /><G119/><T25/><D44/><U8/><E110/><N who="3" m="41994" /><G128/><T48/><D107/><U23/><E23/><V64/><F117/><W126/><G52/><T50/><D104/><U103/><E103/><V85/><F55/><W5/><G5/><T41/><D21/><U98/><E18/><V112/><F112/><W29/><G29/><T1/><D75/><U42/><E42/><V63/><F17/><W116/><G116/><T4/><D80/><U31/><E31/><V88/><F120/><W125/><AGARI ba="0,0" hai="68,71,125,126,127" m="41994,23935,50761" machi="125" ten="40,18000,2" yaku="18,1,20,1,10,1,23,1,34,2" doraHai="60" who="3" fromWho="3" sc="348,-60,147,-60,466,-60,39,180" /><INIT seed="7,1,0,0,1,65" ten="288,87,406,219" oya="3" hai0="62,24,40,67,0,33,113,26,11,112,9,74,127" hai1="99,132,20,102,27,52,32,114,10,101,42,13,100" hai2="31,115,59,98,131,104,122,83,60,103,64,92,15" hai3="7,61,116,135,16,107,126,133,90,17,72,78,12"/><W50/><G116/><T81/><D127/><U38/><E38/><V22/><F115/><N who="0" m="44106" /><D40/><U68/><E42/><V109/><F109/><W49/><G107/><T85/><D74/><U25/><E114/><V111/><F111/><W120/><G120/><T34/><D24/><U23/><E132/><N who="3" m="50762" /><G126/><T46/><D46/><U75/><E75/><V95/><F131/><W54/><G90/><N who="0" m="51503" /><D0/><U86/><E32/><N who="0" m="12393" /><D26/><U3/><E3/><V55/><F122/><W108/><G108/><T39/><D39/><U118/><E118/><V69/><F83/><N who="3" m="45511" /><G61/><T45/><D45/><U53/><E27/><V29/><F29/><W125/><G125/><T130/><D130/><U123/><E123/><V47/><F31/><W30/><G30/><T21/><D21/><U87/><E25/><V80/><F80/><W76/><G76/><T48/><D48/><N who="3" m="18537" /><G54/><T82/><D82/><U51/><E53/><V35/><F35/><W88/><G88/><T36/><D36/><U71/><E99/><V2/><F55/><W96/><G96/><T43/><D43/><U6/><E87/><V93/><F98/><W1/><G1/><T63/><D63/><U18/><E86/><V117/><F60/><W70/><G70/><AGARI ba="1,0" hai="9,11,62,67,70" m="12393,51503,44106" machi="70" ten="30,3900,0" yaku="15,1,11,1,52,1" doraHai="65" who="0" fromWho="3" sc="288,42,87,0,406,0,219,-42" owari="330,13.0,87,-41.0,406,50.0,177,-22.0" /></mjloggm>