<mjloggm ver="2.3"><GO type="97" lobby="0"/><UN n0="%68%61%68%75" n1="%E3%82%82%E3%81%A6%E3%81%83%E3%82%93%E3%81%93" n2="%69%63%68%6F%72%69%64" n3="%E5%B0%B1%E6%B4%BB%E7%94%9F%40%E5%B7%9D%E6%9D%91%E8%BB%8D%E5%9B%A3" dan="15,15,14,15" rate="2014.96,1974.40,2002.52,2017.16" sx="M,M,F,M"/><TAIKYOKU oya="0"/><INIT seed="0,0,0,2,0,134" ten="250,250,250,250" oya="0" hai0="78,5,120,11,51,15,38,12,58,92,106,104,31" hai1="68,29,95,2,115,86,135,66,93,105,16,112,35" hai2="70,60,108,81,97,72,45,0,3,61,131,54,82" hai3="30,96,80,116,1,132,113,55,130,41,67,42,88"/><T111/><D38/><U56/><E105/><V9/><F70/><W71/><G1/><T47/><D120/><U64/><E2/><V75/><F97/><W32/><G116/><T40/><D111/><U91/><E68/><V76/><F108/><W129/><G113/><N who="1" m="43594" /><E135/><V27/><F27/><N who="3" m="18527" /><G132/><T102/><D31/><U123/><E123/><V24/><F24/><W23/><G23/><T34/><D34/><U100/><E29/><V83/><F131/><N who="3" m="50187" /><G55/><T59/><D106/><U101/><E35/><V10/><F81/><W49/><G49/><T98/><D104/><U26/><E93/><V62/><F62/><N who="3" m="40439" /><G96/><T90/><D102/><N who="1" m="39531" /><E56/><V18/><F76/><W44/><G44/><T19/><REACH who="0" step="1"/><D78/><REACH who="0" ten="240,250,250,250" step="2"/><U48/><E91/><V127/><F72/><W8/><G8/><AGARI ba="0,1" hai="5,8,11,12,15,19,40,47,51,58,59,90,92,98" machi="8" ten="30,11600,0" yaku="1,1,2,1,7,1,8,1,53,0" doraHai="134" doraHaiUra="20" who="0" fromWho="3" sc="240,126,250,0,250,0,250,-116" /><INIT seed="0,1,0,5,1,61" ten="366,250,250,134" oya="0" hai0="117,40,131,108,30,1,19,31,24,121,129,55,28" hai1="80,81,58,17,46,115,57,97,114,111,15,8,22" hai2="130,103,123,47,93,92,76,23,119,25,56,71,60" hai3="10,11,135,98,5,70,83,43,101,62,7,67,118"/><T65/><D40/><U2/><E111/><V107/><F119/><W3/><G118/><T9/><D117/><U100/><E46/><V18/><F123/><W87/><G135/><T73/><D73/><U86/><E2/><V44/><F71/><W51/><G43/><T96/><D96/><U32/><E32/><V122/><F122/><W4/><G51/><T29/><D55/><U72/><E72/><V104/><F130/><N who="0" m="49674" /><D121/><U16/><E81/><V94/><F76/><W27/><G27/><T37/><D37/><U35/><E35/><V38/><F38/><W59/><G70/><T42/><D42/><U49/><E49/><V6/><F6/><W102/><G10/><T74/><D74/><U0/><E0/><V133/><F133/><W126/><G126/><T45/><D45/><U89/><E114/><V82/><F82/><W90/><REACH who="3" step="1"/><G102/><REACH who="3" ten="366,250,250,124" step="2"/><T14/><D108/><U63/><E115/><V91/><F103/><W66/><G66/><T112/><D65/><U85/><E63/><V34/><F34/><W39/><G39/><T109/><D109/><U12/><REACH who="1" step="1"/><E86/><REACH who="1" ten="366,240,250,124" step="2"/><N who="2" m="52343" /><F47/><W78/><G78/><T105/><D112/><U120/><E120/><V127/><F44/><W125/><G125/><T52/><D1/><U13/><E13/><V88/><F127/><W99/><G99/><T95/><D24/><U33/><E33/><V113/><F113/><W21/><G21/><T20/><D20/><U64/><E64/><V41/><F41/><W68/><G68/><T106/><D9/><U26/><E26/><V48/><F48/><W75/><G75/><T53/><D14/><RYUUKYOKU ba="1,2" sc="366,-15,240,15,250,-15,124,15" hai1="8,12,15,16,17,22,57,58,80,85,89,97,100" hai3="3,4,5,7,11,59,62,67,83,87,90,98,101" /><INIT seed="1,2,2,0,0,20" ten="351,255,235,139" oya="1" hai0="66,65,64,36,81,9,48,111,8,63,41,47,22" hai1="89,128,17,92,124,134,80,133,82,56,123,122,44" hai2="72,121,62,29,83,52,115,61,90,57,125,114,99" hai3="7,74,4,113,67,86,94,19,26,127,75,23,46"/><U53/><E44/><V42/><F121/><N who="1" m="46089" /><E17/><V1/><F1/><W14/><G113/><N who="2" m="43017" /><F125/><W131/><G127/><T24/><D111/><U100/><E124/><V40/><F29/><W2/><G131/><T77/><D36/><U37/><E37/><V60/><F99/><W43/><G2/><T109/><D109/><U58/><E58/><V13/><F13/><W79/><G67/><T95/><D95/><U71/><E71/><V104/><F104/><W118/><G118/><T18/><REACH who="0" step="1"/><D63/><REACH who="0" ten="341,255,235,139" step="2"/><N who="1" m="36239" /><E92/><V93/><F62/><W130/><G130/><T55/><D55/><U11/><E128/><V54/><F54/><W112/><G112/><T28/><D28/><U105/><E105/><V97/><F61/><W49/><G94/><T129/><D129/><U45/><E82/><V110/><F110/><W50/><G50/><T10/><D10/><U39/><E11/><V59/><F59/><W34/><G4/><T27/><D27/><U51/><E39/><V119/><F119/><W107/><G107/><T101/><D101/><U117/><E100/><V91/><F42/><W132/><G132/><T69/><D69/><U84/><E117/><V70/><F40/><W98/><G98/><T85/><AGARI ba="2,3" hai="8,9,18,22,24,41,47,48,64,65,66,77,81,85" machi="85" ten="30,7900,0" yaku="1,1,0,1,8,1,52,1,53,0" doraHai="20" doraHaiUra="0" who="0" fromWho="0" sc="341,115,255,-41,235,-22,139,-22" /><INIT seed="2,0,0,1,1,114" ten="456,214,213,117" oya="2" hai0="81,100,41,80,52,111,40,64,106,29,88,94,98" hai1="62,115,71,131,0,47,126,24,127,110,59,109,27" hai2="116,74,79,124,122,25,33,50,66,97,15,5,117" hai3="35,95,58,69,120,65,121,104,87,26,105,32,12"/><V34/><F122/><W20/><G87/><T123/><D123/><N who="3" m="47177" /><G58/><T55/><D64/><U102/><E0/><V36/><F36/><W99/><G12/><T23/><D106/><N who="3" m="41065" /><G20/><T31/><D111/><N who="1" m="42507" /><E71/><V119/><F66/><W93/><G26/><N who="1" m="9770" /><E115/><V129/><F25/><W51/><G51/><T8/><D8/><U73/><E73/><V45/><F97/><W14/><G14/><T11/><D11/><U96/><E47/><V63/><F63/><W10/><G10/><T112/><D112/><U16/><E16/><V49/><F15/><W70/><G65/><T67/><D67/><N who="1" m="39391" /><E131/><V13/><F13/><W135/><G99/><T118/><D23/><U83/><E83/><N who="0" m="31817" /><D118/><U75/><E75/><V48/><F45/><W9/><G9/><T84/><D41/><U134/><E134/><V130/><F116/><W77/><G77/><T30/><D40/><U89/><E89/><V86/><F74/><W6/><G6/><T101/><D98/><U107/><AGARI ba="0,0" hai="96,102,107,126,127" m="39391,9770,42507" machi="107" ten="30,1100,0" yaku="14,1" doraHai="114" who="1" fromWho="1" sc="456,-3,214,11,213,-5,117,-3" /><INIT seed="3,0,0,1,4,1" ten="453,225,208,114" oya="3" hai0="68,32,132,23,0,26,85,127,36,77,7,98,13" hai1="71,135,118,27,65,115,60,50,18,104,130,29,128" hai2="121,46,67,108,55,17,103,40,8,39,20,15,133" hai3="45,117,43,16,82,59,102,78,96,35,88,79,125"/><W131/><G117/><T66/><D36/><U74/><E115/><V22/><F133/><W64/><G35/><T122/><D122/><U86/><E74/><V75/><F108/><W56/><G131/><N who="1" m="50218" /><E118/><V81/><F121/><W38/><G125/><T21/><D127/><U95/><E104/><V89/><F67/><W48/><G38/><T91/><D77/><N who="3" m="29193" /><G64/><T37/><D37/><U57/><E18/><V129/><F129/><W106/><G106/><T24/><D98/><U42/><E135/><V76/><F103/><W28/><G28/><N who="0" m="19463" /><D66/><U9/><E9/><V34/><F34/><W112/><G112/><T109/><D68/><U69/><E95/><V51/><REACH who="2" step="1"/><F89/><REACH who="2" ten="453,225,198,114" step="2"/><W92/><G16/><N who="0" m="10383" /><D132/><U97/><E71/><V73/><F73/><W134/><G134/><T4/><D91/><U41/><E69/><V53/><F53/><W87/><AGARI ba="0,1" hai="43,45,48,56,59,82,87,88,92,96,102" m="29193" machi="87" ten="30,3000,0" yaku="8,1,54,1" doraHai="1" who="3" fromWho="3" sc="453,-10,225,-10,198,-10,114,40" /><INIT seed="3,1,0,0,1,111" ten="443,215,188,154" oya="3" hai0="33,7,60,79,72,117,88,116,129,34,14,125,24" hai1="76,115,127,32,2,123,70,17,47,104,118,57,38" hai2="86,99,83,55,119,52,58,120,16,82,61,6,87" hai3="132,53,133,135,41,114,28,68,20,50,113,131,0"/><W49/><G0/><T13/><D79/><U110/><RYUUKYOKU type="yao9" ba="1,0" sc="443,0,215,0,188,0,154,0" hai1="2,17,32,38,47,57,70,76,104,110,115,118,123,127" /><INIT seed="3,2,0,1,2,116" ten="443,215,188,154" oya="3" hai0="77,8,15,120,94,135,71,91,64,40,1,59,34" hai1="60,74,76,123,105,93,48,22,54,75,51,11,126" hai2="66,43,98,86,68,47,13,106,36,2,88,44,50" hai3="67,21,39,125,119,29,7,53,80,65,115,28,37"/><W130/><G119/><T56/><D34/><U101/><E123/><V102/><F2/><W58/><G115/><T70/><D1/><U31/><E105/><V10/><F66/><N who="3" m="25099" /><G39/><T4/><D120/><U127/><E60/><V6/><F68/><W46/><G37/><T35/><D35/><U72/><E11/><V12/><F12/><W96/><G125/><N who="1" m="47626" /><E76/><V23/><F23/><W131/><G46/><T122/><D122/><U14/><E54/><V129/><F129/><N who="3" m="49163" /><G7/><T113/><D113/><U24/><E14/><V134/><F134/><W69/><G69/><T111/><D111/><U52/><E52/><V85/><REACH who="2" step="1"/><F88/><REACH who="2" ten="443,215,178,154" step="2"/><W109/><G109/><T104/><D104/><U95/><E101/><V110/><F110/><W16/><G96/><T49/><D94/><AGARI ba="2,1" hai="22,24,31,48,51,72,74,75,93,94,95" m="47626" machi="94" ten="40,1300,0" yaku="18,1" doraHai="116" who="1" fromWho="0" sc="443,-19,215,29,178,0,154,0" owari="424,53.0,244,4.0,178,-22.0,154,-35.0" /></mjloggm>