<mjloggm ver="2.3"><GO type="41" lobby="0"/><UN n0="%E5%B0%B1%E6%B4%BB%E7%94%9F%40%E5%B7%9D%E6%9D%91%E8%BB%8D%E5%9B%A3" n1="%6B%6F%6B%6F%75%6E%6F%73" n2="%54%6F%72%61%67%61%72%61" n3="%E3%82%AB%E3%83%AA%E3%83%8E%EF%BC%A0%E3%83%81%E3%83%BC%E3%83%A0%54" dan="14,14,14,13" rate="1939.65,1930.37,1887.60,2025.10" sx="M,M,M,M"/><TAIKYOKU oya="0"/><INIT seed="0,0,0,0,5,71" ten="250,250,250,250" oya="0" hai0="22,3,29,67,41,60,23,79,81,94,119,20,58" hai1="40,55,89,84,70,25,131,52,133,53,12,47,64" hai2="44,34,31,66,39,32,118,87,45,96,122,8,37" hai3="9,120,17,112,56,124,114,21,28,91,107,103,126"/><T73/><D119/><U48/><E131/><V72/><F72/><W61/><G120/><T2/><D29/><U35/><E133/><V74/><F74/><W38/><G28/><T135/><D135/><U5/><E35/><V102/><F118/><W125/><G9/><T109/><D109/><U15/><E25/><V13/><F122/><W6/><G6/><T88/><REACH who="0" step="1"/><D41/><REACH who="0" ten="240,250,250,250" step="2"/><U105/><E105/><V24/><F32/><W7/><G107/><T100/><D100/><U51/><E5/><V57/><F87/><AGARI ba="0,1" hai="2,3,20,22,23,58,60,67,73,79,81,87,88,94" machi="87" ten="40,7700,0" yaku="1,1,54,1,53,1" doraHai="71" doraHaiUra="104" who="0" fromWho="2" sc="240,87,250,0,250,-77,250,0" /><INIT seed="0,1,0,1,2,99" ten="327,250,173,250" oya="0" hai0="132,50,41,126,119,133,54,131,47,65,109,111,105" hai1="15,13,63,74,45,135,84,29,134,27,42,20,112" hai2="44,87,75,130,122,93,16,125,81,96,76,66,91" hai3="128,23,67,106,129,11,107,30,114,36,97,73,98"/><T33/><D33/><U43/><E74/><V79/><F122/><W82/><G36/><T8/><D105/><N who="3" m="39945" /><G67/><T57/><D119/><U12/><E112/><V115/><F115/><W89/><G11/><T52/><D8/><U104/><E104/><V127/><F66/><W0/><G0/><T58/><D126/><N who="2" m="48138" /><F44/><W88/><G23/><T34/><D34/><U19/><E63/><V51/><F51/><W35/><G30/><T37/><D65/><U59/><E59/><V78/><F16/><W90/><G35/><T94/><D94/><U103/><E103/><N who="2" m="60815" /><F130/><N who="3" m="50283" /><G114/><T113/><D113/><U28/><E84/><V110/><F110/><N who="0" m="41994" /><D131/><U85/><E85/><V40/><F40/><N who="1" m="15401" /><E45/><V72/><AGARI ba="1,0" hai="72,75,76,78,79,81,87,91" m="60815,48138" machi="72" ten="40,8000,1" yaku="18,1,34,2,52,1" doraHai="99" who="2" fromWho="2" sc="327,-41,250,-21,173,83,250,-21" /><INIT seed="1,0,0,0,5,57" ten="286,229,256,229" oya="1" hai0="131,81,0,96,45,73,88,98,46,55,122,110,54" hai1="49,114,116,95,8,62,40,56,9,121,134,84,91" hai2="107,10,129,124,100,115,66,15,105,33,41,94,44" hai3="92,67,135,74,82,119,76,32,108,13,106,27,5"/><U71/><E71/><V111/><F115/><W58/><G106/><T1/><D73/><U79/><E121/><V2/><F111/><W68/><G68/><T48/><D122/><U112/><E116/><V19/><F124/><W11/><G108/><T125/><D125/><U103/><E134/><V102/><F129/><W128/><G128/><T17/><D110/><U83/><E103/><V14/><F2/><W113/><G113/><T127/><D127/><U28/><E28/><V101/><F33/><W120/><G120/><T77/><D131/><U78/><E78/><V42/><F66/><W65/><G135/><T60/><D77/><U89/><E89/><V38/><F41/><W4/><G4/><T70/><D70/><U25/><E25/><V47/><F47/><W63/><G92/><T117/><D117/><U53/><E114/><V39/><F39/><W22/><G32/><T26/><D0/><U64/><E40/><V29/><F29/><W93/><G93/><T50/><D1/><U59/><REACH who="1" step="1"/><E112/><REACH who="1" ten="286,219,256,229" step="2"/><V6/><REACH who="2" step="1"/><F94/><REACH who="2" ten="286,219,246,229" step="2"/><W85/><G119/><T35/><D35/><U7/><E7/><V126/><F126/><W109/><G109/><T23/><D81/><U90/><E90/><V20/><AGARI ba="0,2" hai="6,10,14,15,19,20,38,42,44,100,101,102,105,107" machi="20" ten="30,4000,0" yaku="1,1,0,1,53,1" doraHai="57" doraHaiUra="36" who="2" fromWho="2" sc="286,-10,219,-20,246,60,229,-10" /><INIT seed="2,0,0,2,0,94" ten="276,199,306,219" oya="2" hai0="110,115,42,25,13,98,16,82,80,113,31,129,100" hai1="108,29,0,50,103,15,78,124,4,44,109,123,54" hai2="59,43,83,77,119,28,93,102,95,125,92,19,128" hai3="56,101,1,91,88,132,41,5,111,87,117,96,71"/><V35/><F119/><W52/><G71/><T20/><D129/><U134/><E0/><V135/><F128/><W27/><G117/><T17/><D110/><N who="1" m="42603" /><E123/><V61/><F135/><W30/><G111/><T48/><D113/><U39/><E134/><V33/><F125/><W21/><G132/><T7/><D115/><U47/><E124/><V97/><F43/><W130/><G130/><T45/><D7/><U121/><E121/><V51/><F51/><W34/><G41/><T89/><D89/><U76/><E29/><V116/><F116/><W46/><G46/><T10/><REACH who="0" step="1"/><D31/><REACH who="0" ten="266,199,306,219" step="2"/><U37/><E103/><V127/><F127/><W55/><G91/><T133/><D133/><U107/><E78/><V99/><F28/><W36/><G5/><T73/><D73/><U84/><E76/><V120/><F120/><W114/><G114/><T12/><D12/><U3/><E15/><V126/><F126/><W104/><G1/><T65/><D65/><U105/><E4/><V22/><F35/><W24/><G34/><T18/><D18/><U112/><E3/><V66/><F33/><W62/><G27/><T68/><D68/><U90/><E112/><V11/><F102/><W81/><REACH who="3" step="1"/><G36/><REACH who="3" ten="266,199,306,209" step="2"/><N who="1" m="13898" /><E47/><V79/><F77/><W53/><AGARI ba="0,2" hai="21,24,30,52,53,55,56,62,81,87,88,96,101,104" machi="53" ten="20,12000,2" yaku="1,1,0,1,7,1,52,1,54,2,53,0" doraHai="94" doraHaiUra="6" who="3" fromWho="3" sc="266,-30,199,-30,306,-60,209,140" /><INIT seed="3,0,0,2,3,60" ten="236,169,246,349" oya="3" hai0="78,129,25,118,19,108,124,21,116,52,128,112,70" hai1="102,68,85,69,65,16,43,96,45,71,113,76,134" hai2="20,72,3,26,53,47,100,94,127,77,39,67,44" hai3="64,41,6,123,83,15,107,88,49,14,9,75,80"/><W30/><G123/><T117/><D70/><U12/><E113/><V35/><F127/><W126/><G126/><T2/><D78/><U33/><E33/><V40/><F35/><W62/><G107/><T101/><D101/><U59/><E134/><V135/><F135/><W73/><G30/><T42/><D42/><U31/><E31/><V103/><F3/><W11/><G75/><T133/><D124/><U106/><E76/><V74/><F72/><W32/><G32/><T131/><D2/><U5/><E5/><V81/><F94/><W125/><G73/><T93/><D93/><U55/><E85/><V34/><F34/><W122/><G122/><T23/><D112/><U1/><E1/><V92/><F92/><W18/><G88/><T38/><D38/><U104/><E104/><V58/><F47/><W91/><G91/><T95/><D95/><U4/><E4/><V8/><F8/><W90/><G90/><T99/><D99/><U17/><E55/><V98/><F98/><W28/><G28/><N who="0" m="17455" /><D52/><U56/><E17/><V111/><F111/><W97/><G97/><T63/><D63/><U110/><E110/><V109/><F109/><W0/><G0/><T29/><D29/><U37/><REACH who="1" step="1"/><E65/><REACH who="1" ten="236,159,246,349" step="2"/><V50/><F67/><W79/><G79/><T89/><D108/><U46/><E46/><V120/><F120/><W105/><G105/><T87/><D133/><U84/><E84/><V36/><F36/><W22/><G125/><T86/><D86/><U119/><E119/><V115/><F115/><W54/><G54/><T66/><D118/><U57/><E57/><RYUUKYOKU ba="0,1" sc="236,-15,159,15,246,15,349,-15" hai1="12,16,37,43,45,56,59,68,69,71,96,102,106" hai2="20,26,39,40,44,50,53,58,74,77,81,100,103" /><INIT seed="4,1,1,2,3,69" ten="221,174,261,334" oya="0" hai0="118,9,41,88,39,22,57,28,89,81,101,78,53" hai1="111,70,50,68,115,75,15,31,114,90,51,8,96" hai2="30,80,60,62,66,19,23,1,85,102,6,104,120" hai3="116,87,105,119,74,27,3,24,54,58,65,128,38"/><T67/><D118/><U109/><E75/><V33/><F120/><W86/><G74/><T5/><D67/><U99/><E31/><V98/><F33/><W42/><G3/><N who="0" m="191" /><D101/><U103/><E90/><V123/><F30/><W56/><G105/><T135/><D28/><U14/><E8/><V131/><F131/><W71/><G58/><T106/><D106/><U79/><REACH who="1" step="1"/><E103/><REACH who="1" ten="221,164,261,334" step="2"/><V44/><F123/><W82/><G116/><T48/><D135/><U7/><E7/><V35/><F6/><W32/><G119/><T76/><D22/><U26/><E26/><V117/><F117/><W110/><G128/><T0/><D78/><AGARI ba="1,2" hai="14,15,50,51,68,70,78,79,96,99,109,111,114,115" machi="78" ten="25,3200,0" yaku="1,1,22,2,53,0" doraHai="69" doraHaiUra="130" who="1" fromWho="0" sc="221,-35,164,55,261,0,334,0" /><INIT seed="5,0,0,3,5,105" ten="186,219,261,334" oya="1" hai0="32,34,41,124,81,120,57,79,44,20,107,130,100" hai1="111,62,125,98,113,12,40,45,114,72,47,92,42" hai2="97,128,2,73,104,134,16,106,17,6,87,28,85" hai3="101,50,108,78,19,13,82,112,126,55,89,77,8"/><U123/><E123/><V133/><F28/><W63/><G108/><T65/><D124/><U88/><E111/><V21/><F2/><W109/><G126/><T24/><D130/><U86/><E125/><V3/><F3/><W119/><G112/><N who="1" m="43114" /><E62/><V0/><F0/><W27/><G119/><T102/><D120/><U83/><E12/><V94/><F6/><W35/><G63/><T129/><D129/><U22/><E22/><V74/><F128/><W46/><G101/><T71/><D71/><U11/><E11/><V37/><F37/><W67/><G67/><T64/><D64/><U26/><E26/><V43/><F43/><N who="1" m="16425" /><E72/><N who="2" m="27755" /><F17/><W121/><G121/><T49/><D34/><U69/><E69/><V84/><F16/><W66/><G66/><T93/><D32/><U122/><E122/><V7/><F7/><W5/><G5/><T116/><D116/><U127/><E127/><V131/><F21/><W91/><G109/><T53/><D107/><N who="2" m="41002" /><F131/><W70/><G70/><T56/><D65/><U90/><AGARI ba="0,0" hai="45,47,83,86,88,90,92,98" m="16425,43114" machi="90" ten="30,3000,0" yaku="15,1,54,1" doraHai="105" who="1" fromWho="1" sc="186,-10,219,30,261,-10,334,-10" /><INIT seed="5,1,0,5,1,41" ten="176,249,251,324" oya="1" hai0="15,44,61,56,97,132,62,34,7,125,54,126,73" hai1="82,84,77,50,89,93,42,5,80,2,26,16,35" hai2="51,70,81,117,38,90,83,4,37,135,102,75,100" hai3="104,32,17,134,19,92,103,9,55,95,8,114,24"/><U109/><E109/><V133/><F117/><W115/><G104/><T27/><D73/><U43/><E2/><V58/><F70/><W52/><G32/><T12/><D132/><N who="2" m="50762" /><F4/><W10/><G134/><T118/><D118/><U23/><E5/><V94/><F75/><W49/><G103/><N who="2" m="39465" /><F58/><W21/><G17/><T128/><D128/><U68/><E68/><V3/><F3/><W11/><G11/><T46/><D97/><U113/><E113/><N who="3" m="43018" /><G55/><T110/><D110/><U1/><E1/><V45/><F37/><W106/><G106/><T98/><D98/><U112/><E112/><V66/><F66/><W123/><G123/><T6/><D27/><U119/><E119/><V0/><F0/><W129/><G129/><T76/><D76/><U91/><E35/><V60/><F60/><W31/><G31/><T22/><D34/><U71/><E71/><V124/><F38/><W101/><G101/><T14/><D22/><U36/><E36/><V63/><F63/><W13/><G24/><T59/><D14/><U105/><E105/><V20/><F20/><W111/><G111/><T120/><REACH who="0" step="1"/><D54/><REACH who="0" ten="166,249,251,324" step="2"/><U88/><E93/><V96/><F124/><W48/><G52/><AGARI ba="1,1" hai="45,51,52,81,83,90,94,96" m="39465,50762" machi="52" ten="30,3900,0" yaku="20,1,52,1,54,1" doraHai="41" who="2" fromWho="3" sc="166,0,249,0,251,52,324,-42" /><INIT seed="6,0,0,0,2,18" ten="166,249,303,282" oya="2" hai0="28,25,109,37,75,97,119,91,30,102,78,123,15" hai1="134,118,16,74,135,116,17,92,108,62,130,59,51" hai2="124,8,125,49,0,82,9,42,96,38,65,70,95" hai3="133,36,53,44,45,127,52,13,132,131,93,58,31"/><V23/><F38/><W99/><G127/><T55/><D123/><U105/><E105/><V40/><F0/><W10/><G131/><T67/><D109/><U111/><E74/><V112/><F112/><W61/><G31/><T39/><D119/><N who="1" m="45611" /><E92/><V84/><F70/><W54/><G36/><T56/><D67/><N who="1" m="39391" /><E130/><V24/><F65/><N who="3" m="39095" /><G133/><N who="1" m="50698" /><E51/><V117/><F49/><W11/><G132/><T50/><D91/><U32/><E32/><V110/><F110/><AGARI ba="0,0" hai="16,17,108,110,111" m="50698,39391,45611" machi="110" ten="40,2600,0" yaku="20,1,54,1" doraHai="18" who="1" fromWho="2" sc="166,0,249,26,303,-26,282,0" /><INIT seed="7,0,0,4,1,14" ten="166,275,277,282" oya="3" hai0="110,67,38,71,44,5,36,72,73,21,51,57,43" hai1="119,12,108,65,116,129,130,107,2,45,15,42,101" hai2="78,55,121,23,49,66,50,61,8,13,47,123,9" hai3="92,60,56,4,17,26,48,131,52,105,95,53,93"/><W128/><G105/><T10/><D110/><U122/><E2/><V64/><F78/><W126/><G4/><T3/><D36/><U39/><E107/><V16/><F64/><W91/><G91/><T106/><D106/><U124/><E101/><V74/><F74/><W37/><G37/><T84/><D84/><U1/><E1/><V115/><F115/><W58/><G126/><T31/><D31/><U24/><E24/><V125/><F125/><W112/><G112/><T76/><D76/><U96/><E96/><V22/><F22/><N who="3" m="13647" /><G131/><N who="1" m="50186" /><E15/><V75/><F75/><W100/><G128/><T94/><D94/><U98/><E98/><AGARI ba="0,0" hai="48,52,53,56,58,60,92,93,95,98,100" m="13647" machi="98" ten="30,5800,0" yaku="8,1,52,1,54,1" doraHai="14" who="3" fromWho="1" sc="166,0,275,-58,277,0,282,58" owari="166,-33.0,217,-18.0,277,8.0,340,43.0" /></mjloggm>