<mjloggm ver="2.3"><GO type="169" lobby="0"/><UN n0="%E3%81%A8%E3%81%A3%E3%81%93%E3%83%BC%E3%81%A1%E3%82%83%E3%82%93" n1="%E3%82%A6%E3%83%AB%E3%83%88%E3%83%A9%E7%AB%8B%E7%9B%B4" n2="%E3%83%AD%E3%83%83%E3%83%86%E9%9B%80%E7%90%83" n3="%E3%81%94%E3%81%86%EF%BC%AA%EF%BC%B0%EF%BC%AE" dan="16,17,16,16" rate="2093.62,2118.32,2134.21,2122.34" sx="F,M,M,M"/><TAIKYOKU oya="0"/><INIT seed="0,0,0,4,2,119" ten="250,250,250,250" oya="0" hai0="10,70,78,63,108,75,110,118,22,58,127,44,54" hai1="98,107,123,1,74,122,37,38,51,88,32,72,92" hai2="49,130,7,97,27,45,20,81,17,116,84,69,86" hai3="46,50,59,24,76,132,112,101,79,135,95,111,89"/><T12/><D118/><U6/><E32/><V100/><F130/><W21/><G112/><T102/><D102/><U15/><E1/><V33/><F116/><W64/><G101/><T115/><D115/><U28/><E28/><V61/><F33/><W105/><G105/><T93/><D93/><U41/><E107/><V56/><F7/><W60/><G111/><N who="0" m="42539" /><D127/><U3/><E3/><V109/><F69/><W57/><G57/><T30/><D70/><U55/><E72/><V66/><F109/><W8/><G8/><T23/><D30/><U113/><E74/><V35/><F35/><W71/><G71/><T0/><D0/><U42/><E123/><V131/><F131/><W48/><G135/><T77/><D44/><U14/><E122/><V19/><F19/><W114/><G114/><T34/><D34/><U106/><E113/><V26/><F26/><W121/><G132/><T90/><D90/><U47/><E106/><V43/><F81/><W104/><G104/><AGARI ba="0,0" hai="17,20,27,43,45,49,56,61,66,84,86,97,100,104" machi="104" ten="30,1000,0" yaku="7,1" doraHai="119" who="2" fromWho="3" sc="250,0,250,0,250,10,250,-10" /><INIT seed="1,0,0,0,0,96" ten="250,250,260,240" oya="1" hai0="51,111,134,79,13,37,54,99,117,50,72,48,109" hai1="93,7,33,41,8,52,29,127,77,23,78,55,18" hai2="124,28,1,83,76,56,100,24,58,62,43,36,44" hai3="118,30,34,126,27,80,133,91,84,121,4,40,20"/><U73/><E127/><V19/><F124/><W98/><G121/><T39/><D79/><U63/><E41/><V97/><F1/><W107/><G126/><T94/><D72/><U112/><E112/><V113/><F19/><W15/><G133/><T22/><D134/><U95/><E73/><V17/><F17/><W82/><G118/><T10/><D22/><U122/><E122/><V131/><F131/><W9/><G40/><T16/><D54/><U119/><E119/><V35/><F113/><W125/><G125/><T64/><D64/><U88/><E95/><V68/><F68/><W61/><G61/><T89/><REACH who="0" step="1"/><D117/><REACH who="0" ten="240,250,260,240" step="2"/><U26/><E78/><V59/><F62/><W66/><G66/><T120/><D120/><U71/><E77/><V21/><F21/><W102/><REACH who="3" step="1"/><G20/><REACH who="3" ten="240,250,260,230" step="2"/><T14/><D14/><N who="1" m="9687" /><E63/><V69/><F69/><W85/><G85/><T65/><D65/><U103/><E71/><V2/><F43/><W47/><G47/><T0/><D0/><N who="1" m="103" /><E55/><V12/><F2/><W123/><G123/><T90/><D90/><U81/><E52/><V45/><F44/><W105/><G105/><T11/><D11/><U6/><E88/><V116/><F45/><W115/><G115/><T128/><D128/><U114/><E114/><V3/><F3/><W135/><G135/><T104/><D104/><U129/><E129/><V57/><F116/><W49/><G49/><T32/><D32/><U53/><E53/><V42/><F35/><W38/><G38/><AGARI ba="0,2" hai="10,13,16,37,38,39,48,50,51,89,94,99,109,111" machi="38" ten="40,2600,0" yaku="1,1,54,1,53,0" doraHai="96" doraHaiUra="25" who="0" fromWho="3" sc="240,46,250,0,260,0,230,-26" /><INIT seed="2,0,0,1,4,110" ten="286,250,260,204" oya="2" hai0="17,117,129,80,85,63,6,77,53,35,38,108,64" hai1="131,107,94,43,133,12,23,69,4,39,29,98,55" hai2="114,41,11,51,127,74,115,47,54,18,61,124,71" hai3="33,81,0,30,40,72,7,15,135,32,130,118,88"/><V2/><F74/><W106/><G118/><T50/><D38/><U122/><E107/><V28/><F28/><W97/><G0/><T58/><D117/><U92/><E69/><V44/><F18/><W62/><G135/><T82/><D108/><U78/><E133/><V25/><F25/><W67/><G130/><T24/><D129/><U116/><E116/><V103/><F103/><W36/><G30/><T52/><D6/><U57/><E131/><V75/><F75/><W21/><G40/><T95/><D35/><U66/><E66/><N who="2" m="41423" /><F11/><W90/><G36/><T1/><D1/><U45/><E122/><V128/><F2/><W8/><G21/><T101/><D80/><U3/><E78/><V79/><F79/><W5/><G5/><T9/><D50/><U22/><E3/><V48/><F128/><W13/><G13/><N who="0" m="7343" /><D24/><U20/><E29/><V109/><F109/><W87/><G72/><T37/><D37/><U86/><E4/><V96/><F96/><AGARI ba="0,0" hai="52,53,58,63,64,77,82,85,95,96,101" m="7343" machi="96" ten="30,2000,0" yaku="8,1,54,1" doraHai="110" who="0" fromWho="2" sc="286,20,250,0,260,-20,204,0" /><INIT seed="3,0,0,5,3,120" ten="306,250,240,204" oya="3" hai0="22,97,135,73,54,57,41,32,36,121,4,12,25" hai1="1,109,8,123,68,90,127,16,74,131,95,96,44" hai2="83,63,94,5,85,99,86,43,82,45,107,124,33" hai3="6,65,48,11,91,29,81,117,113,28,93,27,87"/><W46/><G113/><T80/><D121/><U116/><E123/><V0/><F107/><W26/><G117/><T23/><D135/><U118/><E68/><V66/><F33/><W79/><G65/><T10/><D41/><U77/><E127/><V110/><F110/><W42/><G29/><T129/><D36/><U59/><E131/><V67/><F124/><W30/><G28/><T70/><D70/><U61/><E109/><V76/><F5/><W88/><G30/><T56/><D32/><U130/><E130/><V15/><F15/><W38/><G91/><T134/><D134/><U24/><E44/><V39/><F0/><W106/><G106/><T98/><D56/><U103/><E103/><V114/><F114/><W132/><G132/><T128/><D128/><U102/><E102/><V71/><F67/><W40/><G40/><T51/><D23/><N who="1" m="13415" /><E77/><V126/><F126/><W108/><G108/><T133/><D133/><U17/><E74/><V84/><REACH who="2" step="1"/><F83/><REACH who="2" ten="306,250,230,204" step="2"/><W92/><G92/><T52/><D129/><U3/><E3/><V69/><F69/><W72/><REACH who="3" step="1"/><G48/><REACH who="3" ten="306,250,230,194" step="2"/><T2/><D80/><U18/><E118/><V105/><F105/><W47/><G47/><T13/><D51/><U20/><E116/><V7/><F7/><W115/><G115/><T62/><D4/><N who="1" m="1039" /><E17/><V75/><F75/><W122/><G122/><T60/><D73/><U101/><E18/><V9/><F9/><W34/><G34/><T111/><D10/><U64/><E101/><AGARI ba="0,2" hai="39,43,45,63,66,71,76,82,84,85,86,94,99,101" machi="101" ten="30,2000,0" yaku="1,1,7,1,53,0" doraHai="120" doraHaiUra="112" who="2" fromWho="1" sc="306,0,250,-20,230,40,194,0" /><INIT seed="4,0,0,1,5,38" ten="306,230,270,194" oya="0" hai0="23,52,4,1,131,15,74,119,43,98,9,35,120" hai1="69,40,129,19,121,53,58,67,101,123,124,2,132" hai2="116,127,70,34,99,13,66,47,45,33,8,41,89" hai3="75,68,25,63,59,31,130,54,37,118,102,93,5"/><T64/><D74/><U51/><E2/><V96/><F127/><W128/><G118/><T92/><D119/><U114/><E101/><V95/><F116/><W113/><G75/><T36/><D64/><U62/><E19/><V135/><F135/><W90/><G113/><T10/><D35/><U22/><E22/><V61/><F99/><W55/><G102/><T60/><D23/><U100/><E100/><V24/><F24/><W133/><G133/><T16/><D120/><N who="1" m="46155" /><E132/><V72/><F47/><W76/><G76/><T46/><D131/><U104/><E104/><V17/><REACH who="2" step="1"/><F72/><REACH who="2" ten="306,230,260,194" step="2"/><W86/><G130/><T126/><D126/><U108/><E129/><V106/><F106/><W44/><G128/><T103/><REACH who="0" step="1"/><D60/><REACH who="0" ten="296,230,260,194" step="2"/><U88/><E124/><V134/><F134/><W14/><G68/><T110/><D110/><U87/><E108/><V3/><F3/><W12/><G5/><T84/><D84/><U83/><E69/><V79/><F79/><W73/><G73/><T107/><D107/><U39/><E87/><V125/><F125/><W109/><G109/><T11/><D11/><U30/><E62/><V77/><F77/><W32/><REACH who="3" step="1"/><G55/><AGARI ba="0,2" hai="1,4,9,10,15,16,36,43,46,52,55,92,98,103" machi="55" ten="40,12000,1" yaku="1,1,52,1,54,2,53,1" doraHai="38" doraHaiUra="91" who="0" fromWho="3" sc="296,140,230,0,260,0,194,-120" /><INIT seed="4,1,0,4,2,57" ten="436,230,260,74" oya="0" hai0="109,37,127,99,74,43,78,33,8,135,40,14,119" hai1="115,48,107,103,64,31,34,90,5,98,130,16,17" hai2="93,124,77,112,80,68,110,61,32,84,65,20,81" hai3="111,53,35,85,54,2,86,9,15,19,42,75,62"/><T105/><D33/><U29/><E130/><V26/><F110/><W25/><G111/><T72/><D109/><U60/><E115/><V126/><F112/><W106/><G106/><T50/><D37/><U82/><E5/><V134/><F134/><W133/><G133/><T101/><D135/><U51/><E31/><V0/><F0/><W87/><G75/><T113/><D119/><U131/><E131/><V67/><F32/><W132/><G132/><T38/><D38/><U45/><E90/><V120/><F120/><W58/><G2/><T7/><D113/><U18/><E82/><V23/><F67/><W114/><G114/><T21/><D127/><N who="2" m="48682" /><F26/><W91/><G42/><T94/><D105/><U88/><E88/><N who="2" m="53383" /><F81/><W28/><REACH who="3" step="1"/><G53/><REACH who="3" ten="436,230,260,64" step="2"/><T1/><D1/><U128/><E128/><V56/><F68/><W63/><G63/><T104/><D72/><AGARI ba="1,1" hai="20,23,56,61,65,72,77,80" m="53383,48682" machi="72" ten="30,3900,0" yaku="18,1,52,1,54,1" doraHai="57" who="2" fromWho="0" sc="436,-42,230,0,260,52,64,0" /><INIT seed="5,0,0,0,2,17" ten="394,230,312,64" oya="1" hai0="38,66,130,93,69,96,34,63,71,31,118,3,12" hai1="86,89,4,19,5,20,105,54,46,61,1,0,75" hai2="76,131,91,28,124,44,6,53,32,107,95,10,106" hai3="36,133,110,64,58,2,85,14,68,48,120,127,42"/><U88/><E75/><V103/><F124/><W125/><G2/><T26/><D3/><U87/><E105/><V16/><F131/><W45/><G85/><T60/><D130/><U94/><E0/><V108/><F108/><W101/><G101/><T27/><D38/><U13/><E1/><V115/><F76/><W11/><G11/><T39/><D39/><U18/><E18/><V57/><F44/><W70/><G14/><T24/><D118/><U9/><E9/><V111/><F6/><W116/><G110/><T80/><D80/><U83/><E46/><V135/><F103/><W92/><G92/><T29/><D12/><U97/><E87/><V90/><F135/><W132/><G120/><T119/><D119/><U72/><E72/><V134/><F115/><W121/><G121/><T117/><D117/><U79/><E79/><V65/><F65/><W56/><G116/><T52/><D69/><U59/><AGARI ba="0,0" hai="4,5,13,19,20,54,59,61,83,86,88,89,94,97" machi="59" ten="30,11700,0" yaku="0,1,8,1,52,1,54,1" doraHai="17" who="1" fromWho="1" sc="394,-39,230,117,312,-39,64,-39" /><INIT seed="5,1,0,5,1,79" ten="355,347,273,25" oya="1" hai0="27,94,93,17,135,14,89,101,20,44,82,87,7" hai1="71,66,114,128,122,21,37,76,103,25,99,48,90" hai2="6,105,118,32,8,110,30,77,10,123,88,95,12" hai3="69,126,60,81,46,39,23,0,121,102,74,113,18"/><U109/><E122/><V125/><F123/><W91/><G121/><T67/><D135/><U38/><E114/><V36/><F110/><W56/><G113/><T61/><D101/><U3/><E3/><V4/><F118/><W15/><G0/><T98/><D44/><U2/><E2/><V11/><F36/><W68/><G126/><T35/><D35/><U84/><E76/><V45/><F105/><W59/><G102/><T120/><D120/><U131/><E109/><V49/><F125/><W130/><G130/><N who="1" m="49706" /><E48/><V33/><F77/><W104/><G104/><T129/><D129/><U86/><E66/><V26/><F33/><W54/><G74/><T52/><D52/><U19/><E71/><V41/><REACH who="2" step="1"/><F4/><REACH who="2" ten="355,347,263,25" step="2"/><W116/><G116/><T92/><D7/><U50/><E37/><V40/><F40/><W96/><G39/><T97/><REACH who="0" step="1"/><D27/><REACH who="0" ten="345,347,263,25" step="2"/><U65/><E25/><V111/><F111/><W85/><G46/><T72/><D72/><U107/><E38/><V112/><F112/><W22/><G96/><AGARI ba="1,2" hai="6,8,10,11,12,26,30,32,41,45,49,88,95,96" machi="96" ten="30,3900,0" yaku="1,1,7,1,54,1,53,0" doraHai="79" doraHaiUra="134" who="2" fromWho="3" sc="345,0,347,0,263,62,25,-42" owari="345,15.0,347,44.0,325,-7.0,-17,-52.0" /></mjloggm>