<mjloggm ver="2.3"><GO type="97" lobby="0"/><UN n0="%E7%AB%8B%E7%9F%B3%E3%81%95%E3%82%93" n1="%E3%83%88%E3%83%88%E3%83%AA%E5%85%88%E7%94%9F%31%39%E6%AD%B3" n2="%E3%81%A6%E3%81%83%E3%82%93%E3%81%BD%E3%81%86" n3="%34%3A%31%35" dan="14,13,14,13" rate="2082.03,1920.63,1827.53,1838.83" sx="F,F,M,M"/><TAIKYOKU oya="0"/><INIT seed="0,0,0,4,0,109" ten="250,250,250,250" oya="0" hai0="32,15,87,64,124,35,128,111,66,14,4,119,106" hai1="51,90,81,72,59,82,74,123,122,41,38,129,16" hai2="68,7,73,20,21,105,71,118,67,96,55,49,1" hai3="23,131,8,110,10,43,9,52,94,36,69,85,34"/><T127/><D119/><U126/><E38/><V12/><F118/><W29/><G34/><T28/><D106/><U83/><E129/><V47/><F73/><W91/><G131/><T107/><D107/><U120/><E126/><N who="0" m="48169" /><D128/><U65/><E90/><V58/><F1/><W13/><G69/><T114/><D111/><U101/><E101/><V99/><F68/><W134/><G134/><T80/><D4/><U53/><E41/><V86/><F86/><W93/><G110/><T70/><D114/><U97/><E97/><N who="2" m="37451" /><F71/><W133/><G133/><T2/><D2/><U104/><E104/><V45/><F105/><W3/><G3/><T102/><D102/><U56/><E65/><N who="0" m="25193" /><D70/><U25/><E74/><V88/><F88/><N who="3" m="53391" /><G43/><T63/><D63/><U44/><E72/><V117/><F117/><W42/><G42/><T26/><D32/><U30/><E122/><V113/><F113/><W24/><G36/><T108/><D108/><U48/><E123/><V54/><F67/><W31/><G13/><T6/><D6/><U112/><E120/><V75/><F75/><W17/><G10/><T19/><D19/><U61/><E16/><V100/><F100/><W0/><G0/><T27/><D27/><U62/><E112/><V22/><F55/><W5/><G9/><AGARI ba="0,0" hai="7,9,12,20,21,22,45,47,49,54,58" m="37451" machi="9" ten="30,1000,0" yaku="8,1" doraHai="109" who="2" fromWho="3" sc="250,0,250,0,250,10,250,-10" /><INIT seed="1,0,0,0,5,2" ten="250,250,260,240" oya="1" hai0="61,70,117,127,121,30,133,112,118,113,10,64,29" hai1="53,107,41,65,126,31,72,56,98,51,131,105,33" hai2="99,3,88,116,82,46,18,101,57,36,32,75,11" hai3="86,63,100,20,6,92,58,120,15,13,21,14,96"/><U37/><E72/><V104/><F116/><W71/><G71/><T59/><D10/><U50/><E131/><V40/><F32/><W87/><G120/><T90/><D29/><U24/><E126/><V80/><F75/><W27/><G21/><T74/><D30/><U79/><E79/><V16/><F57/><W38/><G38/><T128/><D90/><U0/><E0/><V130/><F130/><W44/><G44/><T84/><D84/><U81/><E81/><V47/><F47/><W45/><G45/><T129/><D74/><U34/><E41/><V103/><F103/><W102/><G102/><T60/><D127/><U35/><E37/><V125/><F125/><W132/><G132/><T17/><D17/><U73/><E73/><V4/><REACH who="2" step="1"/><F82/><REACH who="2" ten="250,250,250,240" step="2"/><W77/><G77/><T39/><D133/><U69/><E35/><V135/><F135/><W19/><G87/><AGARI ba="0,1" hai="3,4,11,16,18,36,40,46,80,87,88,99,101,104" machi="87" ten="40,8000,1" yaku="1,1,52,1,54,2,53,0" doraHai="2" doraHaiUra="124" who="2" fromWho="3" sc="250,0,250,0,250,90,240,-80" /><INIT seed="2,0,0,3,4,84" ten="250,250,340,160" oya="2" hai0="50,115,124,111,134,64,51,110,39,85,117,101,52" hai1="2,91,16,20,98,17,99,100,56,93,57,121,14" hai2="83,80,22,107,122,87,133,10,44,28,33,12,78" hai3="103,71,104,21,92,75,25,95,68,72,45,13,4"/><V112/><F122/><W59/><G104/><T8/><D39/><U125/><E121/><V90/><F112/><W82/><G45/><T106/><D115/><U46/><E125/><V132/><F107/><W38/><G38/><T53/><D64/><U74/><E74/><V41/><F33/><W105/><G105/><T42/><D124/><U66/><E2/><V43/><F28/><W67/><G59/><T29/><D29/><U62/><E46/><V18/><F22/><W48/><G48/><T76/><D42/><U19/><E57/><V54/><F54/><W15/><G4/><T88/><D76/><U118/><E118/><V55/><F55/><N who="0" m="21066" /><D8/><U131/><E131/><V73/><REACH who="2" step="1"/><F41/><REACH who="2" ten="250,250,330,160" step="2"/><W116/><G116/><T49/><D117/><U3/><E3/><V70/><F70/><W36/><G68/><T63/><D106/><AGARI ba="0,1" hai="14,16,17,19,20,56,62,66,91,93,98,99,100,106" machi="106" ten="30,3900,0" yaku="7,1,52,1,54,1" doraHai="84" who="1" fromWho="0" sc="250,-39,250,49,330,0,160,0" /><INIT seed="3,0,0,0,2,64" ten="211,299,330,160" oya="3" hai0="93,125,18,129,3,1,72,52,105,23,12,19,65" hai1="90,59,95,56,119,49,40,13,9,81,47,111,97" hai2="2,120,85,133,117,92,50,127,104,110,27,66,122" hai3="113,30,88,62,103,80,102,79,15,29,112,77,107"/><W4/><G113/><T84/><D105/><U121/><E111/><V44/><F117/><W71/><G112/><T134/><D72/><U109/><E109/><V42/><F104/><W55/><G107/><T106/><D106/><U96/><E121/><V5/><F110/><W74/><G79/><T26/><D65/><U126/><E126/><V60/><F127/><W38/><G38/><T6/><D125/><U53/><E119/><V22/><F133/><W43/><G43/><T48/><D134/><U28/><E28/><V91/><F5/><W20/><G30/><T130/><D6/><U21/><E21/><V116/><F2/><W37/><G37/><T45/><D93/><U63/><E59/><V31/><F116/><W17/><G4/><T8/><REACH who="0" step="1"/><D84/><REACH who="0" ten="201,299,330,160" step="2"/><U61/><E97/><V131/><F131/><AGARI ba="0,1" hai="1,3,8,12,18,19,23,26,45,48,52,129,130,131" machi="131" ten="40,8000,1" yaku="1,1,2,1,19,1,54,1,53,1" doraHai="64" doraHaiUra="46" who="0" fromWho="2" sc="201,90,299,0,330,-80,160,0" /><INIT seed="4,0,0,5,3,89" ten="291,299,250,160" oya="0" hai0="67,72,65,118,7,100,14,31,107,115,103,38,117" hai1="20,135,109,5,127,106,41,129,22,52,35,34,12" hai2="110,55,4,133,74,39,78,130,123,125,99,61,15" hai3="122,60,112,86,77,102,116,57,46,23,37,111,3"/><T33/><D72/><U10/><E106/><V85/><F123/><W0/><G116/><T131/><D38/><U6/><E41/><V95/><F110/><W93/><G111/><T119/><D107/><U68/><E68/><V83/><F39/><W53/><G122/><T71/><D71/><U42/><E42/><V94/><F133/><W82/><G112/><T128/><D115/><U18/><E109/><V54/><F130/><N who="0" m="49706" /><D31/><U101/><E101/><N who="0" m="38985" /><D33/><N who="1" m="12299" /><E52/><N who="2" m="20011" /><F125/><W25/><G46/><T69/><D69/><U73/><E73/><V124/><F74/><W59/><G37/><T98/><D98/><U29/><E129/><V16/><F99/><N who="3" m="59759" /><G0/><T132/><D132/><U104/><E104/><V2/><F2/><W56/><G3/><T24/><D24/><N who="1" m="16535" /><E135/><V47/><F47/><W70/><G70/><T44/><D44/><U126/><E6/><V121/><F121/><W36/><G36/><T30/><D30/><AGARI ba="0,0" hai="23,25,30,53,56,57,59,60,77,82,86" m="59759" machi="30" ten="30,2000,0" yaku="8,1,52,1" doraHai="89" who="3" fromWho="0" sc="291,-20,299,0,250,0,160,20" /><INIT seed="5,0,0,0,3,7" ten="271,299,250,180" oya="1" hai0="36,52,11,64,60,121,82,44,6,81,17,110,90" hai1="16,71,53,134,30,65,2,41,51,10,135,130,104" hai2="127,123,66,3,22,92,50,133,39,28,80,15,61" hai3="5,40,89,56,102,0,9,20,72,4,122,63,85"/><U32/><E130/><V87/><F39/><W120/><G72/><T74/><D110/><U129/><E129/><V46/><F3/><W95/><G40/><N who="0" m="22535" /><D82/><U38/><E104/><V69/><F123/><W77/><G5/><T128/><D128/><U37/><E41/><V13/><F127/><W124/><G124/><T49/><D17/><U62/><E30/><V114/><F92/><W23/><G77/><N who="0" m="44215" /><D90/><U84/><E32/><V27/><F133/><N who="1" m="50697" /><E84/><V24/><F24/><W119/><G119/><T70/><D49/><U73/><E73/><V131/><F131/><W47/><G47/><T14/><D14/><N who="1" m="7255" /><E2/><V93/><F114/><W18/><G102/><T91/><D91/><U115/><E115/><V109/><F93/><W19/><G19/><T48/><D48/><U35/><E35/><V75/><F75/><W111/><G111/><T26/><D26/><U8/><E8/><V112/><F112/><W34/><G34/><T100/><D100/><U126/><E126/><V58/><F69/><W118/><G118/><T105/><D105/><U86/><E86/><V43/><REACH who="2" step="1"/><F109/><REACH who="2" ten="271,299,240,180" step="2"/><W94/><G94/><T101/><D121/><U25/><E25/><V67/><F67/><N who="3" m="39399" /><G120/><T54/><D101/><U42/><E42/><V88/><AGARI ba="0,1" hai="13,15,22,27,28,43,46,50,58,61,66,80,87,88" machi="88" ten="20,12000,2" yaku="1,1,0,1,7,1,8,1,54,1,53,1" doraHai="7" doraHaiUra="83" who="2" fromWho="2" sc="271,-30,299,-60,240,130,180,-30" owari="241,4.0,239,-16.0,370,47.0,150,-35.0" /></mjloggm>